<mjloggm ver="2.3"><GO type="41" lobby="0"/><UN n0="%E2%93%9D%53%75%70%68%78" n1="%E9%88%B4%E6%9C%A8%E3%83%9D%E3%83%B3%E5%A4%9A" n2="%61%72%6D%65%64" n3="%E5%9B%A3%E6%B2%BB%E9%83%8E" dan="18,14,15,14" rate="2179.40,1906.54,2062.03,1925.36" sx="M,M,M,M"/><TAIKYOKU oya="0"/><INIT seed="0,0,0,1,5,56" ten="250,250,250,250" oya="0" hai0="37,4,135,59,128,39,72,97,84,13,42,113,28" hai1="79,109,100,10,66,87,25,31,93,9,96,90,112" hai2="47,120,73,92,26,98,21,18,30,89,130,49,35" hai3="83,129,52,45,3,38,91,94,114,32,54,11,2"/><T110/><D113/><U133/><E112/><V50/><F130/><W67/><G32/><T111/><D72/><U46/><E133/><V53/><F120/><W36/><G114/><T134/><D28/><U118/><E118/><V14/><F73/><W19/><G83/><T1/><D1/><U117/><E117/><V75/><F75/><W68/><G129/><T74/><D74/><U16/><E79/><V58/><REACH who="2" step="1"/><F47/><REACH who="2" ten="250,250,240,250" step="2"/><W71/><G45/><T44/><D128/><U12/><E109/><N who="0" m="41481" /><D39/><U5/><E46/><V131/><F131/><W121/><G121/><T60/><D84/><U78/><E78/><V65/><F65/><W124/><G38/><T61/><D97/><U132/><E66/><V86/><F86/><W29/><G36/><T34/><D34/><U107/><E132/><N who="0" m="50729" /><D59/><U15/><E107/><V40/><F40/><W77/><G67/><T76/><D76/><U82/><E31/><V101/><F101/><W88/><G29/><T63/><D4/><N who="1" m="3111" /><E25/><V27/><F27/><W17/><G77/><T24/><D24/><U69/><E69/><V41/><F41/><W85/><G85/><T103/><D13/><U115/><E115/><V108/><F108/><W6/><G71/><T126/><D103/><U104/><E104/><V105/><F105/><W119/><G68/><T55/><D55/><U7/><AGARI ba="0,1" hai="5,7,10,15,16,82,87,90,93,96,100" m="3111" machi="7" ten="30,2000,0" yaku="8,1,54,1" doraHai="56" who="1" fromWho="1" sc="250,-10,250,30,240,-5,250,-5" /><INIT seed="1,0,0,1,3,91" ten="240,280,235,245" oya="1" hai0="82,8,131,56,123,29,41,102,108,96,30,25,97" hai1="69,0,83,132,75,3,63,58,65,64,9,121,49" hai2="18,4,84,99,27,62,118,31,38,68,133,59,66" hai3="52,109,106,48,22,101,98,112,19,21,33,87,79"/><U93/><E121/><V100/><F118/><W16/><G33/><T17/><D108/><U85/><E132/><V1/><F133/><W67/><G112/><T60/><D131/><U2/><E75/><V20/><F38/><W11/><G109/><T34/><D41/><U39/><E39/><V90/><F1/><W7/><G67/><T32/><D82/><U47/><E69/><V70/><F4/><W15/><G79/><T114/><D97/><U126/><E65/><V50/><F50/><W125/><G125/><T37/><D114/><U35/><E35/><V44/><F44/><W115/><G87/><T40/><D40/><U76/><E126/><V23/><F23/><W86/><G86/><T45/><D45/><U105/><E105/><V111/><F18/><W55/><G115/><T14/><D123/><U128/><E128/><V116/><F116/><W24/><G48/><T104/><D37/><U43/><E9/><V26/><F26/><AGARI ba="0,0" hai="7,11,15,16,19,21,22,24,26,52,55,98,101,106" machi="26" ten="30,7700,0" yaku="7,1,9,1,54,2" doraHai="91" who="3" fromWho="2" sc="240,0,280,0,235,-77,245,77" /><INIT seed="2,0,0,0,2,17" ten="240,280,158,322" oya="2" hai0="18,63,101,59,20,25,48,85,14,39,122,26,74" hai1="88,94,131,35,78,7,115,98,53,34,114,130,31" hai2="77,134,128,47,87,96,13,132,103,43,65,82,40" hai3="0,89,75,67,28,76,12,113,81,70,92,32,1"/><V116/><F116/><W99/><G113/><T120/><D39/><U23/><E78/><V83/><F65/><W66/><G12/><T135/><D74/><U16/><E7/><V118/><F118/><W126/><G126/><T9/><D135/><U55/><E31/><V54/><F128/><N who="1" m="49193" /><E55/><V42/><F83/><W73/><G73/><T68/><D68/><U2/><E53/><V19/><F54/><W108/><G108/><T71/><D71/><U45/><E45/><V29/><F29/><W44/><G44/><T22/><D101/><U27/><E2/><V38/><F132/><W64/><G70/><T41/><D41/><U72/><E72/><V125/><F125/><W3/><G28/><T79/><D48/><U121/><E121/><V109/><F109/><W11/><REACH who="3" step="1"/><G32/><AGARI ba="0,0" hai="16,23,27,32,34,35,88,94,98,114,115" m="49193" machi="32" ten="30,7700,0" yaku="19,1,52,1,54,2" doraHai="17" who="1" fromWho="3" sc="240,0,280,77,158,0,322,-77" /><INIT seed="3,0,0,0,3,4" ten="240,357,158,245" oya="3" hai0="122,43,49,109,58,2,62,27,105,92,126,131,12" hai1="5,129,69,108,50,89,116,118,18,51,23,123,67" hai2="53,88,93,24,91,96,124,22,29,112,42,73,31" hai3="19,63,9,37,130,34,82,120,54,106,70,44,133"/><W40/><G120/><T81/><D2/><U32/><E123/><V20/><F124/><W97/><G130/><T11/><D105/><U65/><E32/><V86/><F112/><W64/><G133/><T38/><D109/><U59/><E108/><V135/><F135/><W33/><G82/><T17/><D38/><U8/><E129/><V46/><F73/><W75/><G75/><T119/><D119/><N who="1" m="45611" /><E69/><V61/><F61/><W35/><G54/><T121/><D126/><U113/><E113/><V128/><F128/><W77/><G77/><T98/><D81/><U107/><E107/><V30/><F53/><W3/><G35/><T68/><D68/><U83/><E89/><V132/><F22/><W13/><REACH who="3" step="1"/><G3/><REACH who="3" ten="240,357,158,235" step="2"/><T71/><D122/><U134/><E134/><V45/><F132/><W72/><G72/><T14/><D121/><U6/><E83/><V26/><F42/><W85/><G85/><T21/><D131/><U52/><E51/><V74/><F74/><W87/><G87/><T28/><D49/><U115/><E115/><V15/><F86/><W125/><G125/><T48/><D48/><U0/><E6/><V84/><F84/><W25/><G25/><AGARI ba="0,1" hai="0,5,8,18,23,25,50,52,59,65,67" m="45611" machi="25" ten="30,3900,0" yaku="12,1,52,1,54,1" doraHai="4" who="1" fromWho="3" sc="240,0,357,49,158,0,235,-39" /><INIT seed="4,0,0,4,2,118" ten="240,406,158,196" oya="0" hai0="128,85,101,89,50,5,100,116,87,21,1,96,41" hai1="78,15,71,29,121,74,97,12,108,54,82,73,134" hai2="123,107,99,64,83,23,30,126,59,3,35,6,40" hai3="77,0,70,68,92,103,36,105,111,110,58,113,10"/><T115/><D116/><U51/><E121/><V43/><F126/><W8/><G105/><T104/><D1/><U129/><E71/><V49/><F35/><W102/><G113/><T45/><D115/><U80/><E108/><V124/><F124/><W42/><G77/><T24/><D128/><U2/><E2/><V81/><F123/><W91/><G58/><T67/><D5/><U119/><E119/><V122/><F122/><W19/><G70/><T94/><D67/><U62/><E62/><V33/><F33/><W93/><G68/><T90/><D104/><U133/><E129/><V72/><F72/><W13/><G93/><T125/><D125/><U53/><E97/><V75/><F75/><W98/><G111/><T44/><D44/><U52/><E29/><V11/><F107/><W7/><G110/><T114/><D114/><U47/><E73/><V86/><F83/><W79/><G79/><T135/><D135/><N who="1" m="51723" /><E82/><V63/><F49/><W69/><G69/><T48/><D48/><U25/><E25/><V60/><F60/><W9/><REACH who="3" step="1"/><G8/><REACH who="3" ten="240,406,158,186" step="2"/><T27/><D94/><U18/><E15/><V38/><F99/><W34/><G34/><T37/><D96/><U66/><E66/><V26/><F38/><W76/><G76/><AGARI ba="0,1" hai="3,6,11,23,26,30,40,43,59,63,64,76,81,86" machi="76" ten="30,1000,0" yaku="7,1" doraHai="118" who="2" fromWho="3" sc="240,0,406,0,158,20,186,-10" /><INIT seed="5,0,0,0,3,49" ten="240,406,178,176" oya="1" hai0="92,71,32,12,132,38,51,84,87,70,115,26,96" hai1="75,55,53,46,3,116,15,123,45,103,124,30,11" hai2="97,121,21,37,106,133,34,66,85,95,65,20,76" hai3="25,113,6,17,60,47,28,128,8,135,105,57,39"/><U79/><E123/><V130/><F121/><W118/><G105/><T23/><D38/><U99/><E116/><V4/><F106/><W18/><G118/><T42/><D32/><U86/><E75/><V108/><F108/><W36/><G113/><T101/><D132/><U63/><E3/><V122/><F122/><W120/><G120/><T64/><D71/><U58/><E124/><V35/><F37/><W82/><G135/><T44/><D115/><U68/><E30/><V111/><F34/><W41/><G82/><T73/><D73/><U100/><E68/><V10/><F35/><W31/><G39/><T94/><D64/><U5/><E99/><V56/><F130/><W54/><G128/><T27/><D70/><U109/><E109/><V62/><F66/><W74/><G74/><T91/><D87/><U22/><E22/><V7/><F111/><W114/><G114/><T50/><D50/><N who="1" m="28879" /><E46/><V1/><F7/><W126/><G126/><T67/><D67/><U72/><E72/><V24/><F133/><W83/><G83/><AGARI ba="0,0" hai="5,11,15,55,58,63,79,83,86,100,103" m="28879" machi="83" ten="30,5800,0" yaku="8,1,52,2" doraHai="49" who="1" fromWho="3" sc="240,0,406,58,178,0,176,-58" /><INIT seed="5,1,0,2,5,34" ten="240,464,178,118" oya="1" hai0="42,56,117,31,103,32,33,37,100,66,107,86,10" hai1="82,79,135,49,3,51,13,44,77,134,83,132,59" hai2="131,114,54,1,111,118,57,105,36,101,52,119,81" hai3="4,45,89,91,68,5,24,53,73,26,65,28,29"/><U85/><E13/><V50/><F111/><W75/><G68/><T41/><D117/><U133/><N who="1" m="33792" /><DORA hai="69" /><U130/><E130/><V106/><F81/><W62/><G62/><T80/><D31/><U64/><E3/><V97/><F131/><W25/><G65/><T124/><D124/><U109/><E109/><V115/><F105/><W8/><G45/><T121/><D33/><U48/><E64/><V127/><F127/><W20/><G53/><T27/><D27/><U21/><E59/><V6/><F54/><W9/><G26/><T99/><D121/><U17/><E44/><V7/><F7/><W74/><G75/><T60/><D32/><U95/><E95/><V40/><F118/><W72/><G73/><T90/><D10/><U63/><E63/><V84/><F84/><W67/><G67/><T11/><D11/><U122/><E122/><V116/><F116/><W23/><AGARI ba="1,0" hai="4,5,8,9,20,23,24,25,28,29,72,74,89,91" machi="23" ten="25,3200,0" yaku="0,1,22,2" doraHai="34,69" who="3" fromWho="3" sc="240,-9,464,-17,178,-9,118,35" /><INIT seed="6,0,0,4,5,66" ten="231,447,169,153" oya="2" hai0="0,85,37,87,116,41,46,74,113,122,111,51,107" hai1="5,101,103,1,119,80,124,20,110,9,106,25,59" hai2="33,133,91,84,89,127,12,38,54,42,93,98,86" hai3="75,19,73,67,128,77,69,131,4,134,36,108,7"/><V40/><F127/><W22/><G108/><T99/><D74/><U112/><E119/><V32/><F133/><W135/><G36/><T125/><D0/><U45/><E110/><V57/><F38/><W10/><G22/><T16/><D122/><U15/><E124/><V35/><F12/><W79/><G19/><T21/><D113/><U72/><E112/><V62/><REACH who="2" step="1"/><F98/><REACH who="2" ten="231,447,159,153" step="2"/><W50/><G135/><T117/><D125/><U34/><E15/><V71/><F71/><W47/><G134/><T8/><D111/><U65/><E34/><V17/><F17/><W100/><G75/><T70/><D70/><U121/><E121/><V11/><F11/><W64/><G73/><T63/><D8/><U126/><E126/><V14/><F14/><W78/><G10/><T27/><D37/><U104/><E9/><V44/><F44/><W43/><G69/><T132/><D132/><U2/><E5/><V82/><AGARI ba="0,1" hai="32,33,35,40,42,54,57,62,82,84,86,89,91,93" machi="82" ten="30,3000,0" yaku="1,1,0,1,53,0" doraHai="66" doraHaiUra="118" who="2" fromWho="2" sc="231,-10,447,-10,159,40,153,-10" /><INIT seed="6,1,0,5,4,121" ten="221,437,199,143" oya="2" hai0="37,16,30,78,97,81,108,75,133,27,93,107,102" hai1="58,123,111,6,132,101,20,76,91,38,129,66,70" hai2="4,10,15,46,11,9,33,17,92,18,116,124,77" hai3="29,96,131,45,90,74,31,112,86,2,14,8,130"/><V56/><F116/><W49/><G74/><T21/><D37/><U88/><E70/><V71/><F71/><W106/><G2/><T47/><D133/><U114/><E38/><V62/><F77/><W126/><G126/><T12/><D47/><U7/><E111/><V19/><F124/><W60/><G60/><T120/><D120/><U26/><E123/><V68/><F68/><W39/><G39/><T83/><D83/><U117/><E117/><V79/><F33/><W100/><G112/><T41/><D41/><U25/><E114/><V73/><F46/><W72/><G72/><T23/><REACH who="0" step="1"/><D107/><REACH who="0" ten="211,437,199,143" step="2"/><U115/><E115/><V5/><F92/><W34/><G131/><T98/><D98/><U0/><E132/><V13/><F73/><W104/><G104/><T118/><D118/><U134/><E129/><V94/><F94/><W40/><G130/><T125/><D125/><U28/><E134/><V64/><F79/><W53/><G40/><T84/><D84/><U110/><E110/><AGARI ba="1,1" hai="12,16,21,23,27,30,75,78,81,93,97,102,108,110" machi="110" ten="40,8000,1" yaku="1,1,52,2,54,1,53,0" doraHai="121" doraHaiUra="63" who="0" fromWho="1" sc="211,93,437,-83,199,0,143,0" /><INIT seed="7,0,0,5,5,129" ten="304,354,199,143" oya="3" hai0="89,46,12,23,56,77,7,85,121,16,103,128,8" hai1="75,107,47,132,82,29,109,71,133,64,18,124,55" hai2="1,36,0,25,57,106,10,28,74,15,95,92,58" hai3="50,131,135,30,6,20,37,127,99,49,62,43,83"/><W45/><G131/><T105/><D128/><U11/><E107/><V84/><F106/><W93/><G127/><T72/><D121/><U116/><E109/><V19/><F74/><W24/><G135/><N who="1" m="51786" /><E116/><V61/><F36/><W67/><G6/><T5/><D72/><U120/><E124/><V4/><F58/><W33/><G83/><T126/><D77/><N who="1" m="44351" /><E120/><V35/><F84/><W98/><G33/><T21/><D126/><U53/><E29/><V66/><F0/><W78/><G78/><T108/><D108/><U54/><E64/><V97/><F97/><W134/><G134/><T41/><D103/><U115/><E71/><V14/><F1/><W96/><REACH who="3" step="1"/><G93/><REACH who="3" ten="304,354,199,133" step="2"/><T119/><D7/><U22/><E115/><V86/><F86/><W69/><AGARI ba="0,1" hai="20,24,30,37,43,45,49,50,62,67,69,96,98,99" machi="69" ten="30,6000,0" yaku="1,1,2,1,0,1,53,0" doraHai="129" doraHaiUra="31" who="3" fromWho="3" sc="304,-20,354,-20,199,-20,133,70" /><INIT seed="7,1,0,5,5,63" ten="284,334,179,203" oya="3" hai0="119,23,120,94,134,30,64,93,46,96,48,75,40" hai1="113,2,36,87,9,19,57,85,39,43,29,132,69" hai2="27,38,66,20,130,14,53,4,80,95,33,107,73" hai3="131,121,16,65,8,128,25,3,109,118,110,133,91"/><W97/><G121/><T55/><D119/><U117/><E69/><V41/><F107/><W37/><G37/><T89/><D75/><U114/><E117/><V13/><F33/><W108/><G118/><T76/><D134/><U56/><E132/><V21/><F130/><N who="3" m="49707" /><G133/><T59/><D76/><U86/><E29/><V82/><F73/><W71/><G3/><T123/><D64/><U51/><E51/><V0/><F0/><W84/><G97/><T106/><D106/><U34/><E34/><V135/><F135/><W68/><G65/><T32/><D32/><U111/><E111/><N who="3" m="28418" /><W7/><DORA hai="103" /><G7/><T112/><D123/><U81/><E81/><V42/><F38/><N who="1" m="14377" /><E43/><N who="2" m="16395" /><F53/><W50/><G50/><T79/><D40/><U77/><E77/><V104/><F104/><W83/><G8/><T49/><D49/><U101/><E101/><V54/><F54/><W47/><G47/><T127/><D55/><U115/><E2/><V62/><F95/><W10/><G25/><T58/><D120/><U24/><E24/><V67/><F62/><W116/><G116/><T12/><D48/><U5/><E5/><V122/><F122/><W129/><N who="3" m="49715" /><W124/><DORA hai="6" /><G124/><T22/><D127/><U52/><E52/><V72/><F72/><W26/><G26/><T60/><D60/><U90/><E90/><V125/><F125/><W92/><G83/><N who="2" m="31785" /><F4/><W102/><G102/><T11/><D79/><U28/><E28/><N who="2" m="17511" /><F14/><AGARI ba="1,0" hai="10,14,16,68,71,84,91,92" m="28418,49715" machi="14" ten="60,12000,1" yaku="19,1,10,1,52,1,54,1" doraHai="63,103,6" who="3" fromWho="2" sc="284,0,334,0,179,-123,203,123" /><AGARI ba="1,0" hai="9,14,19,56,57,85,86,87,113,114,115" m="14377" machi="14" ten="40,2600,0" yaku="15,1,52,1" doraHai="63,103,6" who="1" fromWho="2" sc="284,0,334,26,56,-26,326,0" /><INIT seed="7,2,0,0,4,24" ten="284,360,30,326" oya="3" hai0="35,69,13,127,10,100,17,111,6,59,110,5,43" hai1="78,63,80,108,50,0,79,116,134,12,106,42,3" hai2="18,130,21,44,118,25,48,47,124,68,66,125,65" hai3="84,14,27,97,32,132,76,93,123,83,49,98,61"/><W31/><G123/><T86/><D69/><U22/><E106/><V19/><F68/><W7/><G132/><T11/><D100/><U37/><E37/><V54/><F130/><W115/><G115/><T58/><D43/><U128/><E108/><V122/><F122/><W87/><G61/><T99/><D99/><U52/><E128/><V8/><F25/><W77/><G49/><T109/><D35/><U90/><E134/><V89/><F48/><W38/><G38/><T71/><D71/><U105/><E105/><V75/><F118/><W62/><G62/><T20/><D86/><N who="1" m="50503" /><E116/><V135/><F135/><W34/><G34/><T92/><D92/><U133/><E133/><V56/><F89/><W104/><G104/><T101/><D101/><U36/><E36/><V57/><F75/><W9/><G93/><T30/><D127/><U96/><E3/><V73/><F73/><W74/><G74/><T119/><D119/><U67/><E0/><V64/><F21/><W29/><G29/><T126/><D126/><U117/><E42/><V16/><F8/><W113/><G113/><T120/><D120/><U94/><E117/><V45/><F54/><W33/><G33/><T53/><D53/><U55/><E63/><V103/><F103/><W107/><G107/><T95/><D95/><U40/><E67/><V91/><F91/><W15/><G15/><N who="0" m="5583" /><D6/><U102/><E40/><V2/><F2/><W81/><AGARI ba="2,0" hai="7,9,14,27,31,32,76,77,81,83,84,87,97,98" machi="81" ten="30,6000,0" yaku="0,1,9,1,52,1" doraHai="24" who="3" fromWho="3" sc="284,-22,360,-22,30,-22,326,66" owari="262,-14.0,338,14.0,8,-49.0,392,49.0" /></mjloggm>