<mjloggm ver="2.3"><GO type="41" lobby="0"/><UN n0="%E3%81%84%E3%81%A4" n1="%E3%81%BE%E3%82%8B%E3%81%B2%E3%82%8D" n2="%E2%93%9D%53%75%70%68%78" n3="%E3%83%95%E3%83%AB%E3%83%8F%E3%82%A6%E3%82%B9%37%37%37" dan="14,13,18,15" rate="2018.94,1846.20,2093.38,2005.36" sx="F,M,M,M"/><TAIKYOKU oya="0"/><INIT seed="0,0,0,0,1,101" ten="250,250,250,250" oya="0" hai0="64,132,124,11,51,7,60,73,82,52,77,59,134" hai1="6,58,65,108,118,30,61,92,23,33,86,102,109" hai2="41,0,16,13,103,47,120,81,83,44,96,9,57" hai3="91,97,55,135,110,111,123,3,76,40,72,31,14"/><T130/><D124/><U80/><E33/><V133/><F120/><W131/><G3/><T94/><D94/><U63/><E6/><V88/><F133/><W125/><G135/><T25/><D130/><U46/><E46/><V100/><F0/><W116/><G116/><T8/><D25/><U20/><E118/><V104/><F47/><W128/><G40/><T79/><D79/><U84/><E102/><V24/><F103/><W114/><G31/><T68/><REACH who="0" step="1"/><D8/><REACH who="0" ten="240,250,250,250" step="2"/><U32/><E92/><V85/><F24/><W107/><G125/><T126/><D126/><U29/><E32/><V28/><F28/><W95/><G128/><T127/><D127/><U90/><E80/><V2/><F83/><W67/><G131/><T39/><D39/><U26/><E26/><V15/><F2/><AGARI ba="0,1" hai="2,7,11,51,52,59,60,64,68,73,77,82,132,134" machi="2" ten="40,3900,0" yaku="1,1,54,1,53,0" doraHai="101" doraHaiUra="43" who="0" fromWho="2" sc="240,49,250,0,250,-39,250,0" /><INIT seed="0,1,0,3,0,66" ten="289,250,211,250" oya="0" hai0="90,41,88,133,89,81,2,105,27,33,106,122,38" hai1="9,102,127,30,113,50,77,101,54,104,114,83,68" hai2="112,100,124,71,23,51,52,132,91,1,58,103,73" hai3="0,17,116,21,64,42,36,96,44,19,18,61,69"/><T74/><D122/><U46/><E30/><V56/><F112/><N who="1" m="43113" /><E9/><V5/><F73/><W8/><G116/><T14/><D133/><U59/><E127/><V7/><F132/><W70/><G96/><T109/><D14/><U87/><E104/><V79/><F79/><W85/><G85/><T13/><D13/><U29/><E29/><V24/><F71/><W80/><G80/><T107/><D2/><U45/><E68/><V99/><F124/><W57/><REACH who="3" step="1"/><G21/><REACH who="3" ten="289,250,211,240" step="2"/><T98/><D81/><U62/><E45/><V40/><F99/><W78/><G78/><T97/><D97/><U39/><E39/><V67/><F23/><W84/><G84/><T12/><D98/><U95/><E95/><V119/><F119/><W76/><G76/><T93/><D93/><U60/><E60/><V43/><F103/><W123/><G123/><T35/><D38/><U118/><E118/><V130/><F100/><W15/><G15/><T3/><D12/><U75/><E75/><V129/><F1/><W22/><G22/><T6/><D74/><U65/><AGARI ba="1,1" hai="46,50,54,59,62,65,77,83,87,101,102" m="43113" machi="65" ten="30,1100,0" yaku="11,1" doraHai="66" who="1" fromWho="1" sc="289,-6,250,24,211,-4,240,-4" /><INIT seed="1,0,0,1,2,31" ten="283,274,207,236" oya="1" hai0="122,111,115,29,39,60,4,89,132,62,20,34,98" hai1="3,71,15,52,134,114,66,5,18,23,135,8,110" hai2="70,69,109,76,120,108,54,83,130,116,113,127,79" hai3="48,10,37,93,67,129,64,13,101,105,74,100,22"/><U42/><E114/><V88/><F113/><W126/><G37/><T80/><D115/><U68/><E110/><N who="2" m="42603" /><F120/><W72/><G105/><T107/><D111/><U24/><E42/><V106/><F106/><W77/><G77/><N who="2" m="29769" /><F127/><W81/><G81/><T102/><D80/><U82/><E82/><V65/><F65/><W128/><G126/><T0/><D122/><U97/><E97/><V123/><F123/><W87/><G22/><T124/><D124/><U121/><E121/><V112/><F112/><W103/><G48/><T90/><D107/><U16/><E66/><N who="3" m="25130" /><G87/><T21/><D98/><U99/><E99/><V119/><F54/><W73/><G93/><T43/><D39/><U12/><E52/><V14/><F130/><N who="3" m="50283" /><G73/><T28/><D60/><U63/><E63/><V94/><F83/><W75/><G74/><T36/><D62/><U104/><E104/><V50/><F50/><W125/><G125/><T55/><D36/><U118/><E118/><N who="2" m="45099" /><F14/><W38/><G38/><T30/><D55/><U2/><E71/><V1/><F1/><N who="1" m="9" /><E68/><V85/><AGARI ba="0,0" hai="69,70,85,88,94" m="45099,29769,42603" machi="85" ten="40,2700,0" yaku="14,1,54,1" doraHai="31" who="2" fromWho="2" sc="283,-7,274,-13,207,27,236,-7" /><INIT seed="2,0,0,4,0,52" ten="276,261,234,229" oya="2" hai0="134,24,50,57,116,64,1,127,59,102,7,125,76" hai1="126,123,88,43,14,66,85,20,13,78,95,11,83" hai2="93,72,61,25,5,68,31,94,45,104,106,6,91" hai3="124,33,74,71,12,37,46,18,118,41,15,54,86"/><V73/><F45/><W63/><G118/><T103/><D116/><U135/><E135/><V110/><F68/><W30/><G74/><T99/><D134/><U97/><E126/><N who="0" m="48137" /><D76/><U56/><E43/><V128/><F61/><W101/><G101/><T87/><D64/><U119/><E119/><V109/><F25/><W112/><G112/><T105/><D102/><U77/><E77/><V8/><F8/><W96/><G96/><T26/><D50/><U22/><E123/><V132/><F132/><W130/><G130/><T90/><D1/><U84/><E84/><V16/><F31/><W2/><G2/><T98/><D7/><U23/><E11/><V133/><F133/><W32/><G124/><T117/><D98/><U120/><E120/><V34/><F91/><W39/><G39/><T111/><D111/><U35/><E35/><V79/><F79/><W36/><G33/><T92/><D117/><U100/><E78/><V62/><F34/><W89/><G37/><T3/><D3/><U67/><E67/><V10/><F10/><W113/><G113/><T58/><AGARI ba="0,0" hai="24,26,57,58,59,87,90,92,99,103,105" m="48137" machi="58" ten="30,7900,0" yaku="18,1,52,3" doraHai="52" who="0" fromWho="0" sc="276,79,261,-20,234,-39,229,-20" /><INIT seed="3,0,0,5,2,78" ten="355,241,195,209" oya="3" hai0="56,131,51,93,72,70,57,50,10,121,85,113,32" hai1="74,17,26,127,94,35,5,87,118,61,40,122,41" hai2="76,101,83,90,59,36,1,89,9,0,23,105,38" hai3="30,27,18,43,115,8,119,104,114,108,54,16,62"/><W15/><G104/><T75/><D121/><U99/><E122/><V100/><F23/><N who="3" m="15743" /><G54/><T25/><D70/><U13/><E74/><V81/><F76/><W96/><G62/><T111/><D113/><N who="3" m="43017" /><G96/><T116/><D116/><U24/><E35/><V3/><F9/><N who="3" m="6255" /><G43/><T128/><D72/><U98/><E118/><V91/><F59/><W112/><N who="3" m="43025" /><W7/><DORA hai="120" /><G119/><T84/><D75/><U126/><E61/><V86/><F86/><W69/><G69/><T82/><D56/><U107/><E107/><V11/><F11/><W31/><G31/><T73/><D73/><U4/><E87/><V37/><F105/><W21/><G108/><T71/><D84/><U49/><E49/><V77/><F77/><W129/><G129/><T44/><D85/><U2/><E94/><V28/><F28/><W14/><G21/><T133/><D128/><U103/><E103/><AGARI ba="0,0" hai="0,1,3,36,37,38,81,83,89,90,91,100,101,103" machi="103" ten="60,12000,2" yaku="29,2,28,2,52,2" doraHai="78,120" who="2" fromWho="1" sc="355,0,241,-120,195,120,209,0" /><INIT seed="4,0,0,4,2,93" ten="355,121,315,209" oya="0" hai0="75,12,72,1,128,106,33,96,63,47,104,80,57" hai1="119,131,113,112,85,111,105,49,4,86,87,90,109" hai2="125,10,58,107,28,129,29,71,102,124,65,36,53" hai3="77,3,21,92,108,45,134,39,13,31,120,110,52"/><T11/><D33/><U23/><E4/><V62/><F129/><W27/><G3/><T83/><D1/><U132/><E49/><V0/><F36/><W88/><G134/><T82/><D47/><U115/><E23/><V14/><F0/><W61/><G77/><T5/><D128/><U135/><E131/><V34/><F102/><W130/><G130/><T46/><D46/><U122/><E105/><V8/><F107/><W22/><G120/><T30/><D30/><U117/><E90/><V18/><F10/><W98/><G39/><T60/><D104/><U69/><E69/><V70/><F70/><W84/><G84/><T32/><D32/><U64/><E64/><V25/><REACH who="2" step="1"/><F29/><REACH who="2" ten="355,121,305,209" step="2"/><W19/><REACH who="3" step="1"/><G45/><REACH who="3" ten="355,121,305,199" step="2"/><T94/><D72/><U20/><E122/><V99/><F99/><W95/><G95/><T89/><D75/><U55/><E20/><V73/><F73/><W97/><G97/><T17/><D106/><U103/><E103/><V121/><F121/><W48/><G48/><AGARI ba="0,2" hai="8,14,18,25,28,34,48,53,58,62,65,71,124,125" machi="48" ten="40,1300,0" yaku="1,1,53,0" doraHai="93" doraHaiUra="68" who="2" fromWho="3" sc="355,0,121,0,305,33,199,-13" /><INIT seed="5,0,0,0,1,100" ten="355,121,338,186" oya="1" hai0="84,119,32,75,85,16,33,83,20,5,109,41,17" hai1="9,114,24,66,46,48,105,74,68,104,70,95,107" hai2="59,64,23,117,54,29,65,86,11,8,22,87,120" hai3="4,53,89,99,121,73,103,79,3,91,28,45,133"/><U67/><E74/><V37/><F37/><W7/><G121/><T115/><D109/><U61/><E114/><V39/><F39/><W40/><G53/><T10/><D119/><U42/><E9/><N who="2" m="3659" /><F120/><W111/><G28/><T18/><D115/><U50/><E95/><V60/><F117/><W44/><G111/><T106/><D75/><U118/><E118/><V51/><F29/><W81/><G45/><T21/><D41/><U49/><E24/><V113/><F113/><W19/><G19/><T63/><D106/><U72/><E72/><V14/><F14/><W124/><G133/><T56/><D32/><U77/><E77/><V15/><F15/><W34/><G124/><T122/><D122/><U101/><E101/><V94/><F94/><W130/><G34/><T134/><D33/><U25/><E25/><V57/><F65/><W112/><G130/><T96/><D96/><U13/><E13/><V38/><F38/><N who="3" m="21527" /><G7/><T47/><D47/><U30/><REACH who="1" step="1"/><E30/><REACH who="1" ten="355,111,338,186" step="2"/><V76/><F76/><W110/><G112/><T58/><D10/><U82/><E82/><V36/><F36/><W90/><G110/><T78/><D83/><U93/><E93/><V35/><F35/><W31/><G31/><T102/><D102/><U71/><E71/><V108/><F108/><W97/><G103/><T129/><D78/><U27/><E27/><V0/><F0/><W125/><G125/><T12/><D12/><U135/><E135/><V69/><F69/><W6/><G3/><T127/><D17/><U132/><E132/><V1/><F1/><W92/><G92/><T52/><D18/><RYUUKYOKU ba="0,1" sc="355,-30,111,10,338,10,186,10" hai1="42,46,48,49,50,61,66,67,68,70,104,105,107" hai2="22,23,51,54,57,59,60,64,86,87" hai3="4,6,73,79,81,89,90,91,97,99" /><INIT seed="5,1,1,2,0,81" ten="325,121,348,196" oya="1" hai0="105,122,0,135,43,12,13,130,30,72,94,21,123" hai1="113,100,44,120,19,114,57,46,80,108,85,22,84" hai2="98,93,129,48,63,106,112,134,31,40,125,39,50" hai3="58,70,59,91,61,52,6,71,29,7,42,133,132"/><U88/><E120/><N who="0" m="46121" /><D105/><U79/><E100/><V34/><F125/><W10/><G42/><T89/><D130/><U110/><E57/><V109/><F134/><N who="3" m="51819" /><G29/><T82/><D135/><U121/><E121/><V20/><F109/><N who="1" m="42089" /><E22/><V27/><F112/><N who="1" m="43113" /><E19/><V26/><F106/><W14/><G6/><T116/><D116/><U95/><AGARI ba="1,1" hai="44,46,79,80,84,85,88,95" m="43113,42089" machi="95" ten="30,12000,1" yaku="10,1,15,1,52,2,54,1" doraHai="81" who="1" fromWho="1" sc="325,-41,121,133,348,-41,196,-41" /><INIT seed="5,2,0,2,2,4" ten="284,254,307,155" oya="1" hai0="79,129,66,33,128,0,58,18,17,86,63,60,112" hai1="11,65,109,134,106,47,125,126,110,82,119,122,94" hai2="115,117,104,10,90,34,118,35,120,3,108,80,40" hai3="99,21,98,72,31,81,97,71,49,67,12,19,22"/><U48/><E106/><V5/><F108/><N who="1" m="41577" /><E122/><V69/><F90/><W54/><G67/><T57/><D33/><N who="2" m="12298" /><F80/><W68/><G31/><T42/><D0/><U111/><N who="1" m="41585" /><U36/><DORA hai="15" /><E36/><V7/><F7/><W45/><REACH who="3" step="1"/><G22/><REACH who="3" ten="284,254,307,145" step="2"/><T135/><D66/><U102/><E119/><V103/><F118/><W114/><G114/><T38/><D112/><U123/><E65/><V14/><F115/><W130/><G130/><T88/><D128/><U85/><E123/><V116/><F120/><W50/><G50/><T61/><D129/><U51/><E134/><V53/><F117/><W124/><G124/><N who="1" m="47722" /><E47/><V26/><F116/><W76/><AGARI ba="2,1" hai="12,19,21,45,49,54,68,71,72,76,81,97,98,99" machi="76" ten="30,4000,0" yaku="1,1,0,1,52,1,53,0" doraHai="4,15" doraHaiUra="59,27" who="3" fromWho="3" sc="284,-12,254,-22,307,-12,145,56" /><INIT seed="6,0,0,2,1,8" ten="272,232,295,201" oya="2" hai0="116,87,1,101,95,135,54,38,111,77,2,89,55" hai1="21,11,10,113,90,52,6,85,24,129,124,121,62" hai2="45,34,110,118,69,23,122,107,128,112,71,76,15" hai3="27,58,43,22,106,68,84,119,105,57,49,125,65"/><V81/><F118/><W66/><G68/><T99/><D111/><U19/><E113/><V134/><F34/><W42/><G125/><T32/><D116/><U5/><E121/><V17/><F107/><W117/><G84/><T36/><D32/><U26/><E129/><V127/><F134/><W93/><G22/><T123/><D123/><U109/><E109/><V16/><F122/><W3/><G49/><T73/><D135/><U114/><E114/><V31/><F31/><W74/><G27/><T12/><D1/><U133/><E124/><V61/><F128/><W82/><G82/><T39/><D2/><U103/><E103/><V60/><F45/><W48/><G48/><T108/><D77/><U59/><E133/><V72/><F127/><W64/><G93/><T102/><D73/><U92/><E26/><V131/><F112/><W115/><G65/><T4/><D101/><U33/><E33/><V79/><F110/><W80/><G80/><T51/><D51/><U63/><E63/><V50/><F50/><W40/><G40/><T41/><D41/><U44/><E44/><V86/><F131/><W94/><G94/><T120/><D108/><U13/><REACH who="1" step="1"/><E10/><REACH who="1" ten="272,222,295,201" step="2"/><N who="2" m="6263" /><F61/><W132/><G115/><T97/><D120/><U70/><E70/><V29/><F71/><W30/><G132/><T35/><D35/><U46/><E46/><V7/><F69/><W14/><G119/><T9/><REACH who="0" step="1"/><D97/><REACH who="0" ten="262,222,295,201" step="2"/><U28/><AGARI ba="0,2" hai="5,6,11,13,19,21,24,28,52,59,62,85,90,92" machi="28" ten="20,12000,2" yaku="1,1,0,1,7,1,8,1,52,1,54,1,53,1" doraHai="8" doraHaiUra="18" who="1" fromWho="1" sc="262,-30,222,140,295,-60,201,-30" /><INIT seed="7,0,0,5,4,15" ten="232,362,235,171" oya="3" hai0="92,109,102,17,62,56,65,4,91,106,23,120,73" hai1="35,34,82,28,69,41,58,6,2,125,18,130,116" hai2="52,94,123,118,22,59,126,101,42,39,61,10,64" hai3="66,119,44,98,74,80,38,132,63,115,121,55,36"/><W111/><G119/><T32/><D109/><U79/><E58/><V113/><F126/><W25/><G121/><T45/><D120/><U96/><E18/><V89/><F113/><W37/><G115/><T93/><D32/><U86/><E96/><V103/><F118/><W78/><G111/><T1/><D73/><U33/><E28/><V12/><F42/><W99/><G132/><T95/><D106/><U135/><E69/><V40/><F40/><W88/><G25/><N who="0" m="14575" /><D1/><U46/><E135/><V122/><F39/><W131/><G131/><T81/><D4/><U60/><E60/><V8/><F123/><W7/><G7/><T84/><D45/><U0/><E125/><V29/><F64/><W53/><G44/><T110/><D110/><U47/><E47/><V24/><F122/><W129/><G129/><T14/><D14/><U68/><E68/><V77/><F77/><W97/><REACH who="3" step="1"/><G88/><REACH who="3" ten="232,362,235,161" step="2"/><T13/><D13/><U112/><E6/><N who="2" m="3095" /><F10/><W48/><G48/><T128/><D128/><U85/><E112/><V3/><F3/><W16/><G16/><T49/><D49/><U134/><E134/><V83/><F89/><W19/><G19/><T11/><D11/><U104/><E130/><V75/><F24/><W76/><G76/><T31/><D31/><U50/><E116/><V107/><F29/><W43/><G43/><T124/><D124/><U100/><E79/><V87/><F22/><W67/><G67/><T117/><D117/><U27/><E46/><V114/><F114/><W9/><G9/><T72/><D102/><U20/><E100/><V90/><F107/><RYUUKYOKU ba="0,1" sc="232,10,362,-30,235,10,161,10" hai0="56,62,65,72,81,84,91,92,93,95" hai2="52,59,61,75,83,87,90,94,101,103" hai3="36,37,38,53,55,63,66,74,78,80,97,98,99" /><INIT seed="7,1,1,0,2,38" ten="242,332,245,171" oya="3" hai0="9,15,27,91,8,93,28,106,96,29,125,40,47" hai1="59,109,22,82,18,30,115,135,37,41,77,128,14" hai2="72,68,63,50,46,65,85,17,56,103,53,119,60" hai3="54,21,124,67,87,55,131,126,108,123,23,13,52"/><W81/><G123/><T118/><D118/><U111/><E115/><V0/><F72/><W24/><G131/><T130/><D130/><U69/><E69/><V44/><F0/><W4/><G67/><T31/><D106/><U35/><E128/><V16/><F119/><W116/><G116/><T101/><D125/><N who="3" m="48233" /><G108/><T36/><D8/><U74/><E135/><V102/><F46/><W5/><G13/><T48/><D36/><U95/><E95/><V62/><F62/><W20/><G24/><T64/><D64/><U75/><E75/><V113/><F113/><W6/><G87/><T114/><D114/><U3/><E3/><V11/><F85/><W134/><G81/><T42/><D101/><U34/><E59/><V83/><F83/><W58/><G58/><T120/><D120/><U45/><REACH who="1" step="1"/><E30/><REACH who="1" ten="242,322,245,171" step="2"/><V84/><F56/><W76/><G76/><T127/><D127/><U33/><AGARI ba="1,2" hai="14,18,22,33,34,35,37,41,45,74,77,82,109,111" machi="33" ten="30,8000,1" yaku="1,1,2,1,0,1,52,1,53,1" doraHai="38" doraHaiUra="19" who="1" fromWho="1" sc="242,-21,322,103,245,-21,171,-41" owari="221,-18.0,425,53.0,224,2.0,130,-37.0" /></mjloggm>