<mjloggm ver="2.3"><GO type="41" lobby="0"/><UN n0="%E2%93%9D%53%75%70%68%78" n1="%E3%81%BE%E3%81%93%E3%81%BC%E3%83%BC" n2="%E5%B0%91%E5%B9%B4%41%27" n3="%E3%83%95%E3%82%A7%E3%83%AA%E3%83%9A%40%63%6F" dan="17,14,15,14" rate="2064.29,1868.41,1938.42,1920.94" sx="M,M,M,M"/><TAIKYOKU oya="0"/><INIT seed="0,0,0,4,4,29" ten="250,250,250,250" oya="0" hai0="68,76,52,42,91,71,69,31,115,21,112,84,123" hai1="128,26,3,132,4,127,133,61,6,97,20,118,45" hai2="72,89,81,9,41,58,2,93,134,102,117,1,88" hai3="40,73,103,67,86,104,105,47,126,11,92,10,75"/><T37/><D76/><U122/><E122/><V108/><F108/><W80/><G67/><T33/><D123/><U15/><E118/><V17/><F134/><N who="1" m="51817" /><E127/><V99/><F117/><W70/><G70/><T36/><D21/><U83/><E128/><V8/><F41/><W16/><G126/><T22/><D22/><U39/><E3/><V59/><F17/><W77/><G10/><T130/><D130/><U95/><E83/><V54/><F59/><W121/><G121/><T56/><D42/><N who="1" m="22751" /><E15/><V120/><F120/><W7/><G7/><T90/><D90/><N who="1" m="55543" /><E61/><V18/><F2/><W98/><G11/><T30/><D115/><U113/><E113/><V28/><F8/><W100/><G16/><AGARI ba="0,0" hai="4,6,16,20,26" m="55543,22751,51817" machi="16" ten="30,2000,0" yaku="20,1,54,1" doraHai="29" who="1" fromWho="3" sc="250,0,250,20,250,0,250,-20" /><INIT seed="1,0,0,2,0,121" ten="250,270,250,230" oya="1" hai0="10,100,56,130,84,42,112,16,123,126,102,28,96" hai1="3,43,8,47,98,127,106,75,32,87,134,93,86" hai2="103,55,22,99,118,58,48,36,51,70,104,119,13" hai3="133,15,79,68,17,35,50,90,108,105,94,128,0"/><U117/><E117/><V131/><F70/><W76/><G0/><T111/><D112/><U109/><E75/><V92/><F36/><W124/><G68/><T52/><D130/><U60/><E106/><V11/><F131/><W114/><G35/><T27/><D111/><U6/><E109/><V9/><F48/><W89/><G105/><T12/><D126/><U24/><E134/><V20/><F104/><W30/><G30/><T80/><D42/><U64/><E24/><V107/><F107/><W57/><G114/><T69/><D96/><U110/><E32/><V39/><F39/><W5/><G5/><T54/><D69/><U120/><E110/><V41/><F41/><W95/><G128/><T91/><D123/><U115/><E120/><V65/><F65/><W135/><G124/><T2/><D2/><U4/><E4/><V132/><F132/><N who="3" m="50763" /><G108/><T31/><D54/><U23/><E23/><V59/><F9/><W81/><G81/><T25/><D31/><U97/><E115/><V44/><F119/><W37/><G37/><T46/><D46/><U62/><E127/><V18/><F118/><W113/><G90/><T116/><D116/><U74/><E74/><V45/><F45/><W101/><G101/><N who="0" m="39019" /><D28/><U122/><E122/><V26/><REACH who="2" step="1"/><F20/><REACH who="2" ten="250,270,240,230" step="2"/><N who="3" m="11327" /><G113/><T88/><D91/><U29/><E47/><V73/><F73/><W83/><G89/><T49/><AGARI ba="0,1" hai="10,12,16,25,27,49,52,56,80,84,88" m="39019" machi="49" ten="30,7900,0" yaku="8,1,54,3" doraHai="121" who="0" fromWho="0" sc="250,89,270,-39,240,-20,230,-20" /><INIT seed="2,0,0,3,3,36" ten="339,231,220,210" oya="2" hai0="82,83,124,96,121,15,3,70,9,74,72,134,97" hai1="76,11,88,109,0,12,56,45,131,63,20,53,37" hai2="40,78,103,91,100,17,110,13,55,87,125,68,42" hai3="117,90,25,79,28,119,21,16,29,106,38,126,89"/><V8/><F125/><W114/><G106/><T65/><D3/><U111/><E131/><V1/><F68/><W107/><G107/><T116/><D65/><U101/><E0/><V4/><F110/><N who="1" m="41993" /><E76/><V129/><F129/><W47/><G126/><T77/><D134/><U60/><E101/><V133/><F133/><W14/><G114/><T123/><D70/><U86/><E20/><V48/><F78/><W49/><G38/><T95/><D15/><U127/><E127/><V35/><F35/><W61/><G79/><T84/><D9/><U33/><E33/><V122/><F122/><W93/><G90/><T92/><D124/><U50/><E37/><V64/><F64/><W132/><G61/><T41/><D77/><U54/><E54/><V2/><F2/><W32/><G132/><T27/><D27/><U58/><E56/><N who="2" m="32871" /><F4/><W128/><G28/><T24/><D123/><U22/><E58/><V113/><F113/><W10/><G32/><T7/><D7/><N who="1" m="3199" /><E22/><V102/><F1/><W51/><G128/><T112/><D121/><U99/><E99/><V75/><F75/><W73/><G73/><T59/><D97/><U18/><E18/><V34/><F34/><W5/><G119/><T85/><D116/><U94/><AGARI ba="0,0" hai="45,50,53,60,63,86,88,94" m="3199,41993" machi="94" ten="30,2000,0" yaku="14,1,54,1" doraHai="36" who="1" fromWho="1" sc="339,-5,231,20,220,-10,210,-5" /><INIT seed="3,0,0,3,0,77" ten="334,251,210,205" oya="3" hai0="86,122,109,114,12,42,17,83,58,84,40,103,96" hai1="38,55,85,3,41,133,47,102,44,33,75,104,105" hai2="132,1,117,11,72,26,91,36,126,21,101,52,8" hai3="71,37,113,5,53,57,121,90,116,123,110,20,9"/><W115/><G37/><T127/><D109/><U95/><E75/><V134/><F117/><W45/><G71/><T67/><D127/><U118/><E3/><V106/><F36/><W93/><G45/><T76/><D122/><U131/><E33/><V60/><F126/><W99/><G116/><T68/><D68/><U2/><E2/><V23/><F72/><W22/><G110/><T49/><D86/><U62/><E118/><V51/><F60/><W16/><G22/><T56/><D114/><U19/><E131/><V25/><F91/><W66/><G66/><T130/><D130/><U39/><E133/><N who="2" m="51307" /><F101/><W64/><G64/><T13/><D13/><U124/><E124/><V59/><F106/><W107/><G107/><T89/><D89/><U34/><E34/><V43/><F43/><W30/><G30/><T80/><D42/><U129/><E129/><V111/><F111/><W94/><G94/><T69/><D40/><U128/><E128/><V7/><F8/><W4/><G123/><T15/><D69/><U0/><E0/><V100/><F100/><W27/><G4/><T112/><D103/><U18/><E104/><V108/><F108/><W14/><REACH who="3" step="1"/><G121/><REACH who="3" ten="334,251,210,195" step="2"/><T81/><D67/><U87/><E105/><V74/><F74/><W97/><G97/><T10/><D96/><N who="1" m="59679" /><E38/><V65/><F65/><W63/><AGARI ba="0,1" hai="5,9,14,16,20,27,53,57,63,90,93,99,113,115" machi="63" ten="20,18000,2" yaku="1,1,0,1,7,1,25,2,54,1,53,0" doraHai="77" doraHaiUra="79" who="3" fromWho="3" sc="334,-60,251,-60,210,-60,195,190" /><INIT seed="3,1,0,3,0,17" ten="274,191,150,385" oya="3" hai0="83,57,133,47,108,41,89,84,54,104,130,40,39" hai1="68,3,76,90,80,31,14,92,113,98,23,77,13" hai2="125,26,117,12,6,70,63,27,62,96,33,9,85" hai3="32,114,0,55,111,101,28,49,135,38,48,4,116"/><W5/><G114/><T35/><D108/><U105/><E3/><V126/><F117/><W123/><G123/><T131/><D35/><U1/><E1/><V109/><F109/><W20/><G116/><T30/><D104/><U34/><E34/><V42/><F42/><W115/><G115/><T97/><D41/><U16/><E68/><V44/><F44/><W59/><G38/><T52/><D133/><U58/><E113/><V129/><F129/><N who="0" m="49162" /><D30/><U128/><E128/><V50/><F50/><W95/><G32/><T88/><D57/><U118/><E105/><V93/><F85/><W87/><G0/><T132/><D132/><U120/><E120/><V127/><F70/><W45/><G135/><T91/><D97/><U94/><E118/><V18/><F33/><W99/><G87/><T51/><D51/><U66/><E31/><V36/><F36/><W29/><G29/><T103/><D103/><U79/><E80/><V25/><REACH who="2" step="1"/><F6/><REACH who="2" ten="274,191,140,385" step="2"/><W81/><G111/><T65/><D65/><U75/><E75/><V7/><F7/><W53/><REACH who="3" step="1"/><G81/><REACH who="3" ten="274,191,140,375" step="2"/><T74/><D74/><U102/><E66/><V56/><F56/><W8/><G8/><T86/><D86/><N who="1" m="52311" /><E58/><V21/><F21/><W43/><G43/><T46/><D46/><U121/><E121/><V107/><F107/><W71/><G71/><T37/><D37/><U78/><N who="1" m="19456" /><DORA hai="24" /><U73/><E73/><V100/><AGARI ba="1,2" hai="9,12,18,25,26,27,62,63,93,96,100,125,126,127" machi="100" ten="40,8000,1" yaku="1,1,0,1,18,1,53,1" doraHai="17,24" doraHaiUra="10,2" who="2" fromWho="2" sc="274,-21,191,-21,140,103,375,-41" /><INIT seed="4,0,0,4,2,48" ten="253,170,243,334" oya="0" hai0="73,58,113,90,17,86,47,79,105,127,122,34,19" hai1="9,104,4,62,133,121,61,7,35,128,18,129,28" hai2="68,66,124,134,5,29,40,76,93,91,116,78,115" hai3="94,87,8,41,56,100,97,42,130,0,16,12,88"/><T44/><D122/><U43/><E104/><V77/><F116/><W55/><G0/><T101/><D34/><U114/><E121/><V75/><F75/><W119/><G119/><T131/><D131/><N who="1" m="50251" /><E133/><V120/><F120/><W99/><G99/><T26/><D127/><U63/><E114/><V60/><F134/><W46/><G46/><T107/><D113/><U14/><E43/><V25/><F115/><W67/><G67/><T64/><D79/><U33/><E28/><V54/><F124/><W24/><G24/><T13/><D73/><U102/><E102/><V10/><F40/><W117/><G117/><T71/><D71/><U85/><E85/><V57/><F68/><W125/><G125/><T45/><D101/><U69/><E69/><V20/><F66/><W96/><G96/><T30/><D107/><U37/><E37/><V53/><F10/><W95/><G130/><T89/><D105/><U59/><E59/><N who="2" m="34927" /><F5/><AGARI ba="0,0" hai="4,5,7,9,14,18,33,35,61,62,63" m="50251" machi="5" ten="30,1000,0" yaku="19,1" doraHai="48" who="1" fromWho="2" sc="253,0,170,10,243,-10,334,0" /><INIT seed="5,0,0,3,1,54" ten="253,180,233,334" oya="1" hai0="25,108,38,58,4,127,67,14,0,132,121,118,86" hai1="76,130,44,12,31,84,42,81,50,95,60,15,100" hai2="2,40,57,72,101,43,37,61,48,23,80,30,135" hai3="8,74,119,109,111,82,41,53,34,94,52,128,122"/><U65/><E130/><V55/><F2/><W1/><G34/><T99/><D108/><U71/><REACH who="1" step="1"/><E31/><REACH who="1" ten="253,170,233,334" step="2"/><V3/><F30/><W124/><G128/><T17/><D121/><U116/><E116/><V133/><F133/><W113/><G119/><T22/><D132/><U64/><E64/><V27/><F135/><W49/><G122/><T68/><D67/><U62/><E62/><V20/><F61/><W78/><G111/><T97/><D118/><U115/><E115/><V26/><F3/><W32/><G109/><T104/><D0/><U107/><E107/><V9/><F26/><W89/><G1/><T28/><D104/><U123/><E123/><V102/><F27/><W59/><G113/><T117/><D28/><U33/><E33/><V88/><F9/><W91/><G8/><T87/><D25/><U129/><E129/><V69/><F20/><W11/><G11/><T75/><D22/><U16/><E16/><V93/><F23/><W98/><G32/><T21/><D17/><U120/><E120/><V18/><F18/><W92/><G124/><T106/><D106/><U19/><E19/><V24/><F24/><W125/><G125/><T110/><D127/><U66/><E66/><V47/><F69/><W96/><G53/><T13/><D68/><U70/><E70/><V35/><F35/><W6/><G41/><T77/><D110/><U29/><E29/><V112/><F43/><W131/><G131/><T45/><D21/><U7/><E7/><AGARI ba="0,1" hai="6,7,49,52,59,74,78,82,89,91,92,94,96,98" machi="7" ten="40,5200,0" yaku="9,1,52,1,54,1" doraHai="54" who="3" fromWho="1" sc="253,0,170,-52,233,0,334,62" /><INIT seed="6,0,0,0,0,92" ten="253,118,233,396" oya="2" hai0="116,81,17,98,119,111,77,122,58,62,61,91,55" hai1="32,108,104,121,52,115,76,126,131,85,15,97,9" hai2="127,88,7,12,87,37,8,43,110,47,72,135,123" hai3="67,29,44,64,3,31,39,30,93,13,11,21,5"/><V46/><F123/><W56/><G56/><T73/><D111/><U48/><E108/><V118/><F118/><N who="0" m="45098" /><D17/><U23/><E121/><V45/><F110/><W0/><G39/><T19/><D19/><U63/><E32/><V84/><F135/><W25/><G44/><T68/><D122/><U38/><E38/><V86/><F72/><W133/><G133/><T75/><D75/><U82/><E115/><V101/><F127/><W80/><G80/><T2/><D2/><N who="3" m="553" /><G93/><N who="0" m="56639" /><D68/><U65/><E126/><V70/><F70/><W107/><G107/><T134/><D134/><U16/><E131/><V78/><F101/><W40/><G40/><T53/><D53/><U33/><E33/><V125/><F125/><W117/><G67/><T54/><D54/><U66/><E104/><V22/><F22/><N who="3" m="15543" /><G64/><N who="1" m="24682" /><E63/><AGARI ba="0,0" hai="55,58,61,62,63,73,77,81" m="56639,45098" machi="63" ten="30,2000,0" yaku="12,1,52,1" doraHai="92" who="0" fromWho="1" sc="253,20,118,-20,233,0,396,0" /><INIT seed="7,0,0,5,3,56" ten="273,98,233,396" oya="3" hai0="79,49,35,115,29,44,0,57,9,80,123,114,133" hai1="86,82,52,84,68,3,16,58,24,117,73,21,22" hai2="65,97,45,64,85,83,71,94,77,70,6,17,104" hai3="108,131,10,46,28,53,100,67,116,54,76,55,61"/><W5/><G116/><T110/><D110/><U107/><E68/><V106/><F6/><W127/><G28/><T87/><D123/><U15/><E107/><V1/><F1/><W72/><G100/><T4/><D133/><U119/><E3/><V112/><F112/><N who="0" m="43050" /><D57/><U92/><E73/><V75/><F45/><W111/><G76/><T42/><D29/><U98/><E117/><V103/><F17/><W93/><G72/><T99/><D99/><U23/><E82/><V27/><F27/><W20/><G131/><T105/><D35/><U88/><E23/><V51/><F51/><W14/><G20/><T25/><D25/><U12/><E12/><V18/><F18/><W122/><G5/><T36/><D105/><U74/><E74/><V135/><F135/><W50/><G122/><T113/><D113/><U129/><E129/><V31/><F31/><W101/><G50/><AGARI ba="0,0" hai="0,4,9,36,42,44,49,50,79,80,87" m="43050" machi="50" ten="30,2000,0" yaku="15,1,11,1" doraHai="56" who="0" fromWho="3" sc="273,20,98,0,233,0,396,-20" owari="293,9.0,98,-40.0,233,-17.0,376,48.0" /></mjloggm>