<mjloggm ver="2.3"><GO type="41" lobby="0"/><UN n0="%E3%82%A6%E3%83%8A%E3%82%AE%E3%83%8D%E3%82%B3" n1="%75%73%75%73%69%6F" n2="%E2%93%9D%53%75%70%68%78" n3="%E3%81%A8%E3%82%8A%E3%82%84%E3%81%BE%E3%81%A8%E3%82%8A%E3%81%8A" dan="16,14,18,14" rate="2027.47,2008.99,2135.88,1849.82" sx="M,M,M,M"/><TAIKYOKU oya="0"/><INIT seed="0,0,0,5,2,96" ten="250,250,250,250" oya="0" hai0="36,133,70,32,22,109,87,65,102,23,98,12,51" hai1="35,1,125,17,25,29,118,45,4,121,76,124,92" hai2="50,16,13,53,18,26,66,123,5,37,61,6,40" hai3="42,3,41,54,39,48,67,64,126,68,86,47,74"/><T79/><D36/><U34/><E76/><V56/><F123/><W115/><G3/><T93/><D32/><U19/><E121/><V127/><F127/><N who="1" m="48713" /><E118/><V11/><F37/><N who="3" m="21935" /><G74/><T58/><D70/><U38/><E92/><V24/><F40/><W73/><G73/><T0/><D0/><U44/><E38/><V120/><F120/><W52/><G86/><T21/><D133/><U75/><E75/><V134/><F134/><W105/><G105/><T80/><D109/><U69/><E69/><V89/><F89/><W60/><G115/><T81/><D81/><U83/><E83/><V107/><F107/><W33/><G33/><T122/><D122/><U90/><E90/><V97/><F97/><W72/><G72/><T128/><D128/><U99/><E99/><V46/><REACH who="2" step="1"/><F18/><REACH who="2" ten="250,250,240,250" step="2"/><N who="1" m="6665" /><E34/><V95/><F95/><W114/><G126/><T135/><D135/><U88/><E88/><V63/><F63/><N who="3" m="39967" /><G114/><T106/><D106/><U57/><E35/><V20/><F20/><W2/><G2/><T108/><D108/><U116/><E1/><V85/><F85/><W117/><G117/><T10/><D23/><U100/><E116/><V104/><F104/><W132/><G132/><T78/><D22/><U9/><E29/><V31/><F31/><W94/><G94/><T43/><D21/><U15/><E4/><AGARI ba="0,1" hai="4,5,6,11,13,16,24,26,46,50,53,56,61,66" machi="4" ten="40,5200,0" yaku="1,1,8,1,54,1,53,0" doraHai="96" doraHaiUra="27" who="2" fromWho="1" sc="250,0,250,-52,240,62,250,0" /><INIT seed="1,0,0,5,2,109" ten="250,198,302,250" oya="1" hai0="104,79,39,49,110,106,112,82,7,44,84,14,78" hai1="66,102,19,50,130,59,91,17,96,120,18,90,28" hai2="5,115,111,41,126,9,55,69,95,4,2,58,128" hai3="68,60,22,6,48,100,118,125,47,20,65,64,24"/><U57/><E120/><V30/><F69/><W121/><G125/><T42/><D110/><U11/><E130/><V56/><F111/><W83/><G118/><T101/><D39/><U105/><E28/><V103/><F41/><W51/><G100/><T119/><D119/><U46/><E11/><V37/><F5/><W8/><G65/><T131/><D131/><U80/><E66/><V40/><F58/><W63/><G121/><T54/><D79/><U70/><E70/><V76/><F126/><W10/><G10/><T99/><D54/><U16/><N who="1" m="4096" /><DORA hai="12" /><U27/><E27/><V26/><F55/><W89/><G24/><T116/><D116/><U23/><E23/><V31/><F31/><W71/><G71/><T92/><D112/><U73/><E73/><V74/><F115/><W123/><G123/><T124/><D124/><U36/><E36/><V132/><F30/><W129/><G63/><T43/><D42/><U13/><E13/><V81/><F26/><W72/><G48/><T75/><D75/><U35/><E35/><V98/><F128/><W38/><G38/><T117/><D117/><U134/><E134/><V94/><F132/><W1/><G129/><T33/><D33/><U113/><E113/><V3/><F3/><W93/><G72/><T127/><D127/><U87/><REACH who="1" step="1"/><E91/><REACH who="1" ten="250,188,302,250" step="2"/><V29/><F29/><W88/><G89/><T86/><D14/><U15/><E15/><V32/><F32/><W21/><G88/><N who="0" m="53255" /><D7/><U53/><AGARI ba="0,1" hai="46,50,53,57,59,80,87,90,96,102,105" m="4096" machi="53" ten="40,18000,2" yaku="1,1,0,1,52,4,54,1,53,0" doraHai="109,12" doraHaiUra="34,67" who="1" fromWho="1" sc="250,-60,188,190,302,-60,250,-60" /><INIT seed="1,1,0,3,1,3" ten="190,378,242,190" oya="1" hai0="96,43,38,45,113,24,29,117,104,0,101,4,21" hai1="34,28,114,69,71,51,127,66,116,75,13,108,22" hai2="49,26,55,56,76,64,54,19,100,30,97,90,68" hai3="12,59,130,27,93,86,53,39,33,7,85,98,46"/><U106/><E116/><V115/><F115/><W122/><G122/><T35/><D113/><U81/><E114/><V133/><F133/><W74/><G74/><T70/><D21/><U36/><E36/><V107/><F76/><W112/><G130/><T83/><D83/><U84/><E75/><V15/><F55/><W79/><G79/><T14/><D14/><U135/><E106/><V50/><F64/><W65/><G33/><T131/><D131/><U31/><E135/><V41/><F68/><W109/><G109/><T16/><D16/><U11/><E34/><V6/><F90/><W94/><G94/><T25/><D24/><U95/><E66/><V126/><F126/><W119/><G27/><T123/><D123/><U5/><E127/><V132/><F132/><W23/><G119/><T118/><REACH who="0" step="1"/><D70/><REACH who="0" ten="180,378,242,190" step="2"/><U128/><E71/><V111/><F19/><W17/><G112/><T42/><D42/><U78/><E69/><V40/><F111/><W103/><G17/><T20/><D20/><U129/><E108/><V88/><F41/><W10/><G23/><T60/><D60/><U61/><E22/><V48/><F40/><W89/><G12/><T77/><D77/><U92/><E61/><V32/><REACH who="2" step="1"/><F88/><REACH who="2" ten="180,378,232,190" step="2"/><W2/><G89/><T80/><D80/><U102/><E129/><V1/><F1/><W47/><G2/><T87/><D87/><U73/><E128/><V91/><F91/><W121/><G86/><T8/><AGARI ba="1,2" hai="0,4,8,25,29,35,38,43,45,96,101,104,117,118" machi="8" ten="30,8000,1" yaku="1,1,0,1,23,2,52,1,53,0" doraHai="3" doraHaiUra="72" who="0" fromWho="0" sc="180,103,378,-41,232,-21,190,-21" /><INIT seed="2,0,0,0,4,122" ten="283,337,211,169" oya="2" hai0="112,57,119,1,23,127,3,6,35,66,106,67,11" hai1="103,51,75,45,20,82,0,126,41,118,26,34,4" hai2="98,2,8,101,121,85,9,22,24,31,76,132,91" hai3="135,7,70,93,111,33,88,73,62,15,32,99,83"/><V14/><F121/><W17/><G135/><T69/><D35/><U124/><E118/><V107/><F132/><W115/><G115/><T80/><D106/><U43/><E103/><V61/><F2/><W109/><G7/><T102/><D112/><U18/><E34/><V19/><F76/><W64/><G32/><T108/><D69/><U48/><E0/><V78/><F78/><W84/><G73/><T87/><D102/><U129/><E4/><V56/><F9/><W90/><REACH who="3" step="1"/><G33/><REACH who="3" ten="283,337,211,159" step="2"/><T86/><D119/><U97/><E75/><V105/><F105/><W65/><G65/><T71/><D67/><U120/><E120/><V10/><F10/><AGARI ba="0,1" hai="10,15,17,62,64,70,83,84,88,90,93,99,109,111" machi="10" ten="40,8000,1" yaku="1,1,52,2,54,1,53,0" doraHai="122" doraHaiUra="110" who="3" fromWho="2" sc="283,0,337,0,211,-80,159,90" /><INIT seed="3,0,0,4,4,47" ten="283,337,131,249" oya="3" hai0="72,122,99,66,63,60,120,11,124,96,31,121,126" hai1="17,61,68,14,64,90,107,67,22,10,110,119,125" hai2="56,36,106,51,4,40,101,46,3,8,39,27,87" hai3="15,114,53,30,104,103,105,19,65,115,6,2,134"/><W75/><G75/><T28/><D72/><U12/><E110/><V24/><F106/><W34/><G134/><T94/><D11/><U32/><E125/><N who="0" m="48233" /><D66/><U88/><E32/><V43/><F101/><W135/><G135/><T73/><D94/><U118/><E107/><V23/><F27/><W18/><G104/><T29/><D73/><U117/><REACH who="1" step="1"/><E64/><REACH who="1" ten="283,327,131,249" step="2"/><V44/><F87/><W130/><G65/><T79/><D79/><U5/><AGARI ba="0,1" hai="5,10,12,14,17,22,61,67,68,88,90,117,118,119" machi="5" ten="30,8000,1" yaku="1,1,2,1,0,1,12,1,54,1,53,0" doraHai="47" doraHaiUra="70" who="1" fromWho="1" sc="283,-20,327,90,131,-20,249,-40" /><INIT seed="4,0,0,0,0,46" ten="263,417,111,209" oya="0" hai0="28,112,96,19,57,33,100,99,81,101,13,121,108" hai1="51,45,32,25,133,134,132,87,42,56,106,126,69" hai2="78,110,16,0,104,30,71,131,124,93,109,61,15" hai3="43,77,7,116,38,122,52,36,103,29,14,41,95"/><T72/><D121/><U80/><E126/><V10/><F104/><W135/><G135/><T85/><D72/><U5/><E69/><V21/><F78/><W115/><G116/><T37/><D37/><U111/><E111/><V86/><F124/><W4/><G77/><T67/><D108/><U49/><E106/><V27/><F131/><W129/><G115/><T94/><D112/><U55/><E5/><V11/><F71/><W60/><G29/><T31/><D33/><U76/><E25/><V120/><F120/><W35/><G35/><AGARI ba="0,0" hai="32,35,42,45,49,51,55,56,76,80,87,132,133,134" machi="35" ten="40,5200,0" yaku="20,1,52,2" doraHai="46" who="1" fromWho="3" sc="263,0,417,52,111,0,209,-52" /><INIT seed="5,0,0,0,0,80" ten="263,469,111,157" oya="1" hai0="95,126,66,24,93,117,71,89,53,2,70,112,13" hai1="128,105,47,57,92,38,132,17,59,98,78,49,119" hai2="46,3,130,34,86,31,11,96,120,82,99,97,79" hai3="134,37,54,64,19,15,60,51,40,55,121,88,123"/><U124/><E119/><V75/><F120/><W41/><G134/><T102/><D2/><U4/><E124/><V68/><F68/><W62/><G15/><T8/><D117/><U131/><E132/><V111/><F111/><W58/><G19/><T118/><D118/><U61/><E4/><V50/><F130/><N who="1" m="49705" /><E78/><V114/><F114/><W23/><G23/><T101/><D112/><U125/><E125/><V104/><F34/><W73/><G73/><T67/><D126/><U7/><E7/><V25/><F3/><W87/><G37/><T30/><D53/><U69/><E17/><V103/><F11/><W74/><G74/><T22/><D93/><U90/><E105/><V100/><F75/><W83/><G123/><T110/><D70/><U29/><E29/><V133/><F133/><W72/><G121/><T14/><D71/><U106/><E106/><V45/><F104/><W113/><G113/><T127/><D127/><U85/><E38/><V115/><F115/><W27/><G27/><T94/><D110/><U91/><E61/><V16/><F31/><W107/><G107/><T32/><D32/><U35/><E69/><V10/><F46/><N who="3" m="28023" /><G72/><T33/><D33/><U39/><E39/><V20/><REACH who="2" step="1"/><F10/><REACH who="2" ten="263,469,101,157" step="2"/><W28/><G28/><T21/><D30/><U0/><E0/><V44/><F44/><W26/><G26/><T109/><D24/><U12/><E35/><V1/><F1/><W135/><G135/><T36/><D109/><U48/><E12/><V56/><F56/><AGARI ba="0,1" hai="40,41,55,56,58,60,62,64,83,87,88" m="28023" machi="56" ten="30,3900,0" yaku="8,1,52,1,54,1" doraHai="80" who="3" fromWho="2" sc="263,0,469,0,101,-39,157,49" /><INIT seed="6,0,0,3,0,103" ten="263,469,62,206" oya="2" hai0="46,62,32,12,35,59,104,0,10,118,95,39,133" hai1="22,13,8,85,125,24,31,112,71,126,9,101,123" hai2="83,94,16,73,60,131,19,11,45,64,102,93,98" hai3="61,52,124,116,15,33,30,122,40,129,84,96,117"/><V27/><F131/><W14/><G122/><T37/><D0/><U130/><E71/><V121/><F121/><W97/><G129/><T5/><D118/><U82/><E101/><V44/><F94/><W17/><G124/><N who="1" m="47722" /><E112/><V132/><F132/><W72/><G72/><T79/><D79/><N who="1" m="46303" /><E130/><V57/><F73/><W92/><G40/><T63/><D133/><U34/><E123/><V68/><F68/><W55/><G30/><T88/><D39/><U111/><E111/><V4/><F83/><W115/><G115/><T120/><D120/><U70/><E70/><V127/><F127/><W119/><G33/><T99/><D104/><U47/><E47/><V107/><F107/><W49/><G61/><T108/><D108/><U80/><E80/><V69/><F69/><W75/><G75/><T48/><D62/><U89/><E89/><V113/><F113/><W1/><G1/><T6/><D37/><U105/><E105/><V77/><F77/><W91/><G55/><T86/><D86/><U110/><E110/><V128/><F128/><W23/><REACH who="3" step="1"/><G15/><REACH who="3" ten="263,469,62,196" step="2"/><T81/><D35/><U50/><E34/><V76/><F76/><W3/><G3/><T90/><D32/><U135/><E31/><V29/><F29/><W41/><G41/><T51/><D12/><U87/><E13/><N who="2" m="5351" /><F27/><W134/><G134/><T38/><D38/><U7/><E24/><V25/><F25/><W109/><G109/><T65/><D63/><U67/><E135/><V53/><F64/><W18/><G18/><AGARI ba="0,1" hai="16,18,19,44,45,53,57,60,93,98,102" m="5351" machi="18" ten="30,2900,0" yaku="8,1,54,1" doraHai="103" who="2" fromWho="3" sc="263,0,469,0,62,39,196,-29" /><INIT seed="6,1,0,2,5,39" ten="263,469,101,167" oya="2" hai0="112,96,100,124,66,5,42,115,11,127,72,102,50" hai1="114,16,0,7,35,24,77,27,105,78,43,12,41" hai2="103,56,30,4,118,44,53,57,89,58,28,132,75" hai3="46,126,74,1,55,95,81,71,49,109,61,120,106"/><V99/><F118/><W94/><G109/><T22/><D72/><U33/><E105/><V134/><F75/><W86/><G106/><T119/><D66/><U52/><E0/><V85/><F4/><W101/><G126/><N who="0" m="48171" /><D119/><U17/><E7/><V64/><F64/><W80/><G1/><N who="0" m="431" /><D22/><U47/><E52/><V131/><F131/><W15/><G120/><T9/><D9/><U51/><E12/><V45/><F99/><W3/><G3/><T32/><D32/><U37/><E51/><V2/><F103/><N who="0" m="39466" /><D96/><U26/><E47/><AGARI ba="1,0" hai="42,47,50,112,115" m="39466,431,48171" machi="47" ten="30,2000,0" yaku="18,1,52,1" doraHai="39" who="0" fromWho="1" sc="263,23,469,-23,101,0,167,0" /><INIT seed="7,0,0,2,5,22" ten="286,446,101,167" oya="3" hai0="15,128,106,82,108,112,30,26,113,51,80,36,58" hai1="59,123,93,12,94,11,44,56,70,48,100,98,92" hai2="57,114,66,116,9,31,86,120,49,85,78,64,63" hai3="54,65,97,72,21,133,102,124,84,73,45,89,105"/><W8/><G133/><T2/><D36/><U111/><E111/><V35/><F116/><W118/><G124/><T61/><D106/><U39/><E39/><V99/><F114/><N who="0" m="44138" /><D108/><U81/><E70/><V130/><F130/><W17/><G65/><N who="0" m="39095" /><D15/><U24/><E24/><V87/><F120/><W32/><G32/><N who="0" m="20567" /><D128/><U29/><E29/><V134/><F134/><W52/><G118/><T76/><D76/><U110/><E81/><V46/><F66/><W25/><G8/><T95/><D95/><N who="1" m="36427" /><E110/><V4/><F99/><W75/><REACH who="3" step="1"/><G45/><REACH who="3" ten="286,446,101,157" step="2"/><T132/><D132/><U18/><E123/><V53/><F35/><W23/><G23/><T47/><D2/><U27/><E11/><V127/><F127/><W121/><G121/><T109/><D109/><U10/><E10/><V69/><F69/><W14/><G14/><T7/><D7/><U88/><E12/><V6/><F6/><W74/><N who="3" m="18432" /><DORA hai="60" /><W79/><G79/><T129/><D129/><U104/><E44/><V62/><F78/><W103/><G103/><T101/><D101/><U119/><E100/><V125/><F125/><W91/><G91/><T115/><D115/><U107/><E119/><V37/><F4/><W3/><G3/><T42/><AGARI ba="0,1" hai="42,47,51,80,82" m="20567,39095,44138" machi="42" ten="30,7900,0" yaku="15,1,11,1,52,2" doraHai="22,60" who="0" fromWho="0" sc="286,89,446,-20,101,-20,157,-39" owari="375,18.0,426,52.0,81,-42.0,118,-28.0" /></mjloggm>