<mjloggm ver="2.3"><GO type="41" lobby="0"/><UN n0="%64%65%72%61%63%69%6E%65" n1="%E2%93%9D%53%75%70%68%78" n2="%E9%87%8E%E6%AD%A9%E6%97%A9%E7%A8%B2%E7%94%B0%E5%85%AD%E7%95%AA%E4%BC%9A" n3="%E3%83%88%E3%82%A6%E3%82%AB%E3%82%A4%E3%83%86%E3%82%A4%E3%82%AA%E3%82%A6" dan="13,17,13,13" rate="1862.12,2063.01,1869.79,1836.48" sx="M,M,M,M"/><TAIKYOKU oya="0"/><INIT seed="0,0,0,3,4,127" ten="250,250,250,250" oya="0" hai0="73,109,35,124,107,39,30,121,40,28,8,11,58" hai1="50,91,84,98,38,55,45,129,49,20,99,83,106" hai2="27,62,122,68,7,67,77,33,78,52,6,2,10" hai3="41,133,15,4,115,132,56,0,80,134,3,123,34"/><T112/><D107/><U26/><E38/><V120/><F7/><W22/><G41/><T63/><D73/><U118/><E118/><V5/><F5/><W1/><G80/><T111/><D112/><U12/><E106/><V89/><F89/><W88/><G56/><T125/><D121/><U21/><E129/><V110/><F110/><N who="0" m="41994" /><D40/><U130/><E130/><V66/><F66/><W65/><G88/><T113/><D39/><U61/><E61/><V97/><F97/><W86/><G86/><T46/><D46/><U57/><E12/><V69/><F69/><W71/><G65/><N who="0" m="39159" /><D113/><U85/><E21/><V126/><F122/><W116/><G71/><T51/><D51/><U13/><E13/><V87/><F120/><W100/><G100/><T44/><D44/><U19/><REACH who="1" step="1"/><E85/><REACH who="1" ten="250,240,250,250" step="2"/><V95/><F87/><W101/><G123/><T18/><D18/><U32/><E32/><V23/><F33/><W17/><G34/><T96/><D35/><U14/><E14/><V119/><F119/><W48/><G115/><T53/><D96/><U128/><E128/><V54/><F62/><W90/><G116/><T92/><D53/><AGARI ba="0,1" hai="19,20,26,45,49,50,53,55,57,83,84,91,98,99" machi="53" ten="30,3900,0" yaku="1,1,7,1,8,1,53,0" doraHai="127" doraHaiUra="105" who="1" fromWho="0" sc="250,-39,240,49,250,0,250,0" /><INIT seed="1,0,0,3,3,125" ten="211,289,250,250" oya="1" hai0="56,132,16,82,31,131,101,1,64,94,67,109,114" hai1="2,80,72,5,106,61,3,105,28,32,41,35,113" hai2="128,27,63,78,83,60,21,6,74,46,36,37,127" hai3="48,38,73,103,49,133,112,126,85,119,88,121,13"/><U100/><E113/><V45/><F127/><W18/><G121/><T23/><D1/><U117/><E117/><V124/><F124/><W17/><G119/><T87/><D114/><U0/><E5/><V123/><F123/><W76/><G112/><T39/><D109/><U11/><E11/><V22/><F6/><W90/><G133/><T108/><D108/><U47/><E61/><V34/><F34/><N who="1" m="12841" /><E28/><V10/><F10/><W26/><G103/><T50/><D39/><N who="1" m="21951" /><E100/><V19/><F63/><W57/><G38/><T25/><D132/><U51/><E51/><V8/><F60/><W86/><G49/><T71/><D71/><U15/><E15/><V70/><F70/><W111/><G48/><T77/><D131/><U68/><E68/><V129/><F8/><W91/><G13/><T53/><D31/><U92/><E92/><V66/><F37/><W4/><G111/><T44/><D44/><U20/><E20/><V122/><F122/><W62/><G62/><T55/><REACH who="0" step="1"/><D53/><REACH who="0" ten="201,289,250,250" step="2"/><U7/><E7/><V24/><F46/><W118/><G4/><T89/><D89/><U110/><E110/><V40/><REACH who="2" step="1"/><F66/><REACH who="2" ten="201,289,240,250" step="2"/><W58/><G126/><T115/><D115/><U134/><E134/><V102/><F102/><W59/><G118/><T84/><D84/><U69/><E69/><V14/><F14/><W29/><G86/><T93/><D93/><U96/><E96/><AGARI ba="0,2" hai="16,23,25,50,55,56,64,67,77,82,87,94,96,101" machi="96" ten="40,5200,0" yaku="1,1,8,1,54,1,53,0" doraHai="125" doraHaiUra="43" who="0" fromWho="1" sc="201,72,289,-52,240,0,250,0" /><INIT seed="2,0,0,1,3,83" ten="273,237,240,250" oya="2" hai0="1,47,130,126,50,109,52,34,9,2,133,72,63" hai1="71,25,42,129,120,99,8,85,121,111,117,115,45" hai2="18,131,15,39,87,12,46,103,69,55,107,114,92" hai3="91,17,86,6,36,118,112,65,27,44,123,84,124"/><V134/><F114/><W5/><G118/><T74/><D34/><U128/><E99/><V108/><F69/><W60/><G123/><N who="1" m="47178" /><E25/><V104/><F104/><W64/><G124/><T89/><D109/><U59/><E8/><V54/><F107/><W127/><G127/><T62/><D130/><N who="1" m="50283" /><E85/><V61/><F131/><W68/><G65/><T24/><D133/><U14/><E14/><V75/><F134/><W41/><G86/><T29/><D89/><U43/><E111/><V31/><F75/><W125/><G125/><T94/><D94/><U77/><E77/><V106/><F106/><W88/><G112/><T97/><D97/><U78/><E78/><V19/><F31/><W95/><REACH who="3" step="1"/><G91/><REACH who="3" ten="273,237,240,240" step="2"/><T38/><D126/><U21/><E115/><V22/><F108/><W101/><G101/><T35/><D74/><U76/><E76/><V13/><F103/><W80/><G80/><T100/><D100/><U56/><E117/><V23/><F92/><W93/><G93/><T105/><D72/><U96/><E96/><V110/><F110/><W122/><G122/><T4/><D105/><U113/><E113/><V51/><F87/><W26/><G26/><T67/><D67/><U81/><E81/><V70/><F70/><W37/><G37/><T7/><D38/><N who="1" m="21719" /><E71/><V132/><F132/><W40/><G40/><T28/><D28/><U66/><E43/><V53/><F39/><W20/><AGARI ba="0,1" hai="5,6,17,20,27,36,41,44,60,64,68,84,88,95" machi="20" ten="30,7900,0" yaku="1,1,0,1,52,1,54,1,53,0" doraHai="83" doraHaiUra="30" who="3" fromWho="3" sc="273,-20,237,-20,240,-39,240,89" /><INIT seed="3,0,0,0,2,75" ten="253,217,201,329" oya="3" hai0="6,131,135,51,38,80,24,37,36,50,25,35,16" hai1="21,8,77,71,112,56,19,122,134,133,126,64,39" hai2="93,78,1,102,3,83,74,120,12,53,54,17,86" hai3="100,34,88,123,32,4,81,13,55,23,101,106,76"/><W94/><G123/><T58/><D135/><N who="1" m="51723" /><E122/><V96/><F120/><W30/><G106/><T103/><D131/><U9/><E71/><V91/><F1/><W45/><G34/><T48/><D6/><U108/><E39/><V128/><F3/><W15/><G32/><T22/><D103/><N who="3" m="39497" /><G4/><T67/><D35/><U65/><E126/><V47/><F47/><W99/><G55/><T27/><D67/><N who="1" m="25675" /><E108/><V40/><F40/><W73/><G45/><T18/><D58/><U130/><E112/><V46/><F46/><W42/><G73/><T113/><D113/><U28/><E28/><V7/><F7/><W132/><G42/><T114/><D114/><U87/><E130/><V85/><F85/><N who="3" m="48295" /><G132/><T41/><D80/><N who="1" m="47503" /><E56/><V57/><F57/><W44/><G44/><T129/><D129/><U11/><E11/><V90/><F128/><W2/><G2/><T127/><D127/><U10/><E10/><V60/><F60/><W105/><G105/><T109/><D109/><U107/><E107/><N who="2" m="63943" /><F90/><W82/><G82/><T95/><D95/><U118/><E118/><V116/><F116/><W29/><G29/><T70/><D70/><U97/><E9/><AGARI ba="0,0" hai="9,12,17,53,54,74,78,83,86,91,93" m="63943" machi="9" ten="30,2000,0" yaku="24,1,52,1" doraHai="75" who="2" fromWho="1" sc="253,0,217,-20,201,20,329,0" /><INIT seed="4,0,0,4,3,14" ten="253,197,221,329" oya="0" hai0="107,115,121,81,122,98,24,76,27,103,42,13,125" hai1="109,51,88,75,130,36,18,23,58,113,83,4,99" hai2="32,6,126,132,11,112,1,28,114,22,7,17,133" hai3="20,45,56,127,93,2,25,71,26,3,118,5,67"/><T102/><D115/><N who="2" m="44074" /><F126/><W0/><G127/><T124/><D103/><U60/><E113/><V52/><F52/><W78/><G71/><T105/><D105/><U86/><E36/><V111/><F111/><W19/><G78/><T134/><D125/><U80/><E130/><V95/><F95/><W73/><G73/><T84/><D124/><U21/><E4/><N who="2" m="1423" /><F28/><W91/><G45/><T116/><D134/><N who="2" m="51818" /><F32/><W92/><G92/><T119/><D42/><U47/><E109/><V68/><F68/><W53/><G67/><T65/><D65/><U85/><E75/><V94/><F94/><W87/><G118/><T74/><D13/><AGARI ba="0,0" hai="6,7,13,17,22" m="51818,1423,44074" machi="13" ten="30,8000,1" yaku="15,1,20,1,34,2,52,1" doraHai="14" who="2" fromWho="0" sc="253,-80,197,0,221,80,329,0" /><INIT seed="5,0,0,4,1,61" ten="173,197,301,329" oya="1" hai0="99,130,2,45,133,38,87,6,8,114,112,111,1" hai1="42,22,37,50,82,36,23,39,55,124,120,5,94" hai2="32,113,47,10,81,11,15,131,102,89,98,59,73" hai3="30,91,129,108,40,107,97,110,69,25,67,105,51"/><U68/><E120/><V132/><F32/><W34/><G129/><T106/><D111/><U79/><E124/><V115/><F131/><W74/><G74/><T127/><D87/><U95/><E42/><V4/><F132/><W41/><G41/><N who="0" m="22711" /><D130/><U52/><E68/><V109/><F109/><W58/><G91/><T134/><D127/><U60/><E5/><V65/><F47/><W103/><G107/><T18/><D18/><U121/><E121/><V66/><F59/><W12/><G12/><T85/><D85/><U63/><E50/><V135/><F11/><W29/><G29/><T16/><D16/><U19/><E19/><V86/><F73/><W70/><G70/><T27/><D27/><U28/><E28/><V122/><F135/><N who="0" m="51722" /><D1/><U83/><REACH who="1" step="1"/><E39/><REACH who="1" ten="173,187,301,329" step="2"/><V64/><REACH who="2" step="1"/><F122/><REACH who="2" ten="173,187,291,329" step="2"/><W0/><G110/><T43/><D43/><U9/><E9/><V75/><F75/><W80/><G40/><T88/><D106/><AGARI ba="0,2" hai="4,10,15,64,65,66,81,86,89,98,102,106,113,115" machi="106" ten="40,8000,1" yaku="1,1,52,3,53,0" doraHai="61" doraHaiUra="118" who="2" fromWho="0" sc="173,-80,187,0,291,100,329,0" /><INIT seed="6,0,0,4,4,23" ten="93,187,391,329" oya="2" hai0="86,8,132,121,75,80,59,54,3,105,112,12,99" hai1="42,109,47,111,46,1,6,15,127,102,97,27,135" hai2="89,130,125,48,63,4,18,11,10,115,82,45,128" hai3="131,70,55,123,24,116,87,78,65,0,64,38,60"/><V110/><F115/><W90/><G116/><T30/><D121/><U49/><E1/><V7/><F125/><W52/><G123/><T56/><D112/><U120/><E120/><V21/><F110/><W62/><G38/><T41/><D3/><U95/><E135/><V9/><F63/><W106/><G106/><T113/><D75/><U124/><E6/><V16/><F89/><W79/><G0/><T88/><D113/><U61/><E15/><N who="2" m="9375" /><F82/><W85/><G85/><T40/><D30/><U69/><E61/><V122/><F122/><W98/><G98/><T100/><D132/><U117/><E69/><V53/><F18/><W66/><G66/><T58/><REACH who="0" step="1"/><D54/><REACH who="0" ten="83,187,391,329" step="2"/><U50/><E111/><V104/><F104/><W101/><G55/><T76/><D76/><U83/><E109/><V73/><F73/><W37/><G52/><T34/><D34/><U119/><E119/><V31/><F31/><W32/><G79/><T84/><D84/><U36/><E117/><V29/><F29/><W71/><G78/><T129/><D129/><AGARI ba="0,1" hai="4,7,9,10,11,45,48,53,128,129,130" m="9375" machi="129" ten="30,2900,0" yaku="19,1,54,1" doraHai="23" who="2" fromWho="0" sc="83,-29,187,0,391,39,329,0" /><INIT seed="6,1,0,2,1,84" ten="54,187,430,329" oya="2" hai0="14,122,88,52,39,98,90,38,125,9,66,46,67" hai1="106,60,64,27,134,108,19,23,100,87,43,80,91" hai2="24,13,99,7,83,48,59,74,56,102,130,101,51" hai3="75,69,8,73,25,36,41,47,20,63,131,116,12"/><V70/><F130/><W31/><G131/><T118/><D122/><U50/><E108/><V129/><F70/><W95/><G116/><T45/><D125/><U15/><E134/><V97/><F129/><W68/><G68/><T55/><D98/><N who="2" m="37386" /><F74/><W61/><G95/><T120/><D120/><U135/><E135/><V5/><F83/><W82/><G82/><T110/><D118/><U77/><E106/><V34/><F24/><W114/><G114/><T65/><D110/><U2/><E2/><V112/><F13/><W93/><G93/><T26/><D26/><U29/><E100/><N who="2" m="38507" /><F34/><W62/><REACH who="3" step="1"/><G69/><REACH who="3" ten="54,187,430,319" step="2"/><T42/><D9/><U58/><E77/><V109/><F112/><W123/><G123/><T35/><D14/><U30/><E15/><V28/><F109/><W133/><G133/><T113/><D35/><U40/><E80/><V44/><F28/><W111/><G111/><T124/><D113/><U53/><E30/><V119/><F119/><W89/><G89/><N who="0" m="34411" /><D124/><U78/><E78/><V33/><F33/><W18/><AGARI ba="1,1" hai="8,12,18,20,25,31,36,41,47,61,62,63,73,75" machi="18" ten="30,2000,0" yaku="1,1,0,1,53,0" doraHai="84" doraHaiUra="132" who="3" fromWho="3" sc="54,-6,187,-6,430,-11,319,33" /><INIT seed="7,0,0,2,2,59" ten="48,181,419,352" oya="3" hai0="19,61,28,63,134,21,97,105,43,9,64,85,31" hai1="102,121,125,5,6,82,39,126,57,8,68,87,73" hai2="54,81,86,44,135,69,90,34,117,23,60,71,80" hai3="75,14,10,132,107,29,38,7,30,114,96,124,116"/><W62/><G116/><T122/><D122/><U130/><E68/><V66/><F34/><W13/><G114/><T18/><D134/><U11/><E39/><V111/><F111/><W42/><G124/><T83/><D43/><U20/><E73/><V22/><F117/><W41/><G132/><T49/><D49/><U65/><E102/><V16/><F135/><W70/><G75/><T55/><D105/><U129/><E57/><V74/><F23/><W95/><G107/><T128/><D97/><U46/><E65/><V32/><F32/><W89/><G14/><N who="0" m="7503" /><D55/><U118/><E46/><V110/><F110/><W3/><G3/><T56/><D128/><U109/><E109/><V94/><F71/><W115/><G115/><T112/><D112/><U99/><E99/><V133/><F74/><W58/><G70/><T15/><D56/><U106/><E106/><V50/><F133/><W120/><G120/><T92/><D92/><U51/><E121/><V88/><F90/><W79/><G79/><T26/><D26/><AGARI ba="0,0" hai="16,22,26,44,50,54,60,66,69,80,81,86,88,94" machi="26" ten="30,7700,0" yaku="7,1,52,1,54,2" doraHai="59" who="2" fromWho="0" sc="48,-77,181,0,419,77,352,0" owari="-29,-53.0,181,-22.0,496,60.0,352,15.0" /></mjloggm>