<mjloggm ver="2.3"><GO type="41" lobby="0"/><UN n0="%E3%81%AD%E3%81%93%E3%81%AD%E3%81%93%E3%81%AD" n1="%E6%AE%8B%E9%85%B7%E3%81%AA%E5%A4%A9%E4%BD%BF%E3%83%8F%E3%83%9E%E3%83%BC" n2="%E2%93%9D%53%75%70%68%78" n3="%E3%82%AD%E3%83%8F%E3%83%AB" dan="14,15,18,15" rate="1883.89,1955.67,2080.83,2020.12" sx="F,M,M,M"/><TAIKYOKU oya="0"/><INIT seed="0,0,0,2,3,125" ten="250,250,250,250" oya="0" hai0="32,59,119,48,53,39,95,104,73,41,64,26,91" hai1="74,62,118,1,24,34,22,60,77,130,44,101,132" hai2="54,133,58,114,93,18,42,87,66,105,88,71,135" hai3="19,94,10,9,17,81,28,50,45,103,65,79,0"/><T43/><D104/><U116/><E34/><V68/><F114/><W92/><G28/><T108/><D73/><U13/><E1/><V5/><F5/><W56/><G0/><T40/><D119/><U102/><E74/><V127/><F42/><W117/><G56/><T115/><D115/><U38/><E77/><V131/><F66/><W63/><G117/><T35/><D108/><U111/><E13/><V75/><F127/><W14/><G103/><T67/><D39/><U96/><E102/><V84/><F75/><W33/><G33/><T25/><D35/><U55/><E111/><V46/><F46/><W97/><G97/><T23/><D32/><U20/><E20/><V51/><F105/><W15/><G63/><T12/><D12/><U124/><E132/><N who="2" m="50763" /><F18/><W4/><G65/><N who="0" m="25163" /><D23/><U106/><E124/><V113/><F113/><W21/><G21/><T27/><D27/><U86/><E22/><V29/><F29/><W122/><G4/><T30/><D30/><U72/><E24/><V112/><F112/><W90/><G90/><T49/><D48/><U80/><E38/><V126/><F126/><W52/><REACH who="3" step="1"/><G122/><REACH who="3" ten="250,250,250,240" step="2"/><T109/><D109/><U123/><E123/><V78/><F88/><W129/><G129/><T120/><D120/><U7/><E130/><V134/><F131/><W70/><G70/><T6/><D6/><U98/><E7/><V82/><F134/><W100/><G100/><T16/><D16/><U31/><E118/><V99/><F99/><AGARI ba="0,1" hai="25,26,40,41,43,49,53,59,91,95,99" m="25163" machi="99" ten="30,1500,0" yaku="8,1" doraHai="125" who="0" fromWho="2" sc="250,25,250,0,250,-15,240,0" /><INIT seed="0,1,0,4,1,42" ten="275,250,235,240" oya="0" hai0="121,8,57,92,60,127,69,72,95,103,52,14,7" hai1="135,116,51,98,3,117,65,104,114,122,50,88,20" hai2="115,11,6,48,77,13,39,16,46,15,58,62,35" hai3="131,79,41,101,80,38,40,22,75,76,109,125,128"/><T123/><D72/><U26/><E122/><V129/><F35/><W53/><G22/><T9/><D127/><U110/><E3/><V66/><F129/><W30/><G30/><T71/><D95/><U99/><E110/><V49/><F115/><W55/><G109/><T19/><D123/><U86/><E114/><V31/><F31/><W102/><G75/><T67/><D121/><U87/><E135/><V59/><F77/><W126/><G38/><T36/><D36/><U84/><E65/><V56/><F49/><W47/><REACH who="3" step="1"/><G80/><REACH who="3" ten="275,250,235,230" step="2"/><T5/><D19/><U24/><E20/><N who="2" m="11279" /><F39/><W32/><G32/><T28/><D28/><U134/><E134/><V91/><F91/><W113/><G113/><T118/><D118/><U93/><E117/><V133/><F133/><W4/><G4/><T29/><D29/><U132/><E132/><V45/><F48/><W0/><G0/><T37/><D37/><U21/><E116/><V111/><F111/><W64/><G64/><T96/><D67/><U54/><E51/><V90/><F90/><W44/><AGARI ba="1,1" hai="40,41,44,47,53,55,76,79,101,102,125,126,128,131" machi="44" ten="25,12000,2" yaku="1,1,0,1,22,2,52,2,53,0" doraHai="42" doraHaiUra="2" who="3" fromWho="3" sc="275,-61,250,-31,235,-31,230,133" /><INIT seed="1,0,0,1,1,89" ten="214,219,204,363" oya="1" hai0="76,6,87,83,128,46,44,13,81,31,56,58,27" hai1="101,86,85,1,108,3,63,88,117,62,15,22,132" hai2="2,7,57,111,133,30,116,0,95,97,64,106,61" hai3="100,16,112,12,79,14,66,84,26,32,18,51,55"/><U129/><E117/><V42/><F116/><W119/><G119/><T54/><D128/><U50/><E129/><V53/><F106/><W71/><G112/><T48/><D83/><U36/><E36/><V69/><F111/><W33/><G71/><T99/><D46/><U118/><E118/><V126/><F133/><W52/><G66/><T37/><D37/><U104/><E85/><V34/><F126/><W23/><G100/><T45/><D45/><U90/><E90/><V68/><F42/><W110/><G110/><T41/><D54/><U105/><E50/><V11/><F2/><W98/><G98/><T121/><D99/><U120/><E120/><V82/><F82/><W9/><G55/><T96/><D96/><U123/><E123/><V122/><F122/><W125/><G125/><T109/><D109/><U65/><E63/><V134/><F134/><W8/><G79/><T74/><D74/><U17/><E132/><V47/><F30/><W94/><G94/><T103/><D103/><U25/><E101/><V43/><F34/><W93/><G93/><T20/><D121/><U114/><E114/><V67/><F69/><W19/><REACH who="3" step="1"/><G84/><REACH who="3" ten="214,219,204,353" step="2"/><T72/><REACH who="0" step="1"/><D72/><REACH who="0" ten="204,219,204,353" step="2"/><U113/><E108/><V127/><F127/><W124/><G124/><T80/><D80/><U59/><E113/><V10/><F97/><W115/><G115/><T24/><D24/><U39/><E25/><V131/><F131/><W49/><G49/><T77/><D77/><U29/><E105/><V28/><F95/><W40/><G40/><T102/><D102/><U92/><E104/><V130/><F130/><RYUUKYOKU ba="0,2" sc="204,15,219,-15,204,-15,353,15" hai0="6,13,20,27,31,41,44,48,56,58,76,81,87" hai3="8,9,12,14,16,18,19,23,26,32,33,51,52" /><INIT seed="2,1,2,2,0,129" ten="219,204,189,368" oya="2" hai0="71,37,51,133,90,97,10,16,5,39,126,67,135" hai1="57,134,114,9,28,6,14,95,26,48,3,128,35" hai2="63,65,38,101,68,94,120,30,123,24,21,31,19" hai3="75,59,50,115,92,110,125,54,109,102,86,43,25"/><V4/><F38/><W15/><G75/><T80/><D126/><U85/><E114/><V104/><F4/><W49/><G125/><T84/><D97/><U2/><E128/><V8/><F104/><W113/><G25/><T52/><D67/><U105/><E105/><V0/><F0/><W111/><G15/><N who="0" m="7287" /><D5/><U36/><E36/><V55/><F8/><W41/><G102/><T131/><D71/><U81/><E95/><V7/><F7/><W23/><G23/><T121/><D131/><U29/><E29/><V130/><F130/><W83/><G92/><T82/><D82/><U124/><E124/><V13/><F55/><W70/><G70/><T100/><D100/><U17/><E2/><V32/><REACH who="2" step="1"/><F31/><REACH who="2" ten="219,204,179,368" step="2"/><W91/><REACH who="3" step="1"/><G50/><REACH who="3" ten="219,204,179,358" step="2"/><T72/><D121/><U99/><E48/><V42/><F42/><AGARI ba="1,4" hai="41,42,43,49,54,59,83,86,91,109,110,111,113,115" machi="42" ten="50,6400,0" yaku="1,1,2,1,14,1,53,0" doraHai="129" doraHaiUra="40" who="3" fromWho="2" sc="219,0,204,0,179,-67,358,107" /><INIT seed="3,0,0,0,4,95" ten="219,204,112,465" oya="3" hai0="27,28,117,94,64,133,110,135,22,104,69,70,44" hai1="35,51,93,124,29,81,101,125,78,99,120,16,52" hai2="23,11,19,80,76,61,30,62,49,45,77,82,130" hai3="48,112,46,122,37,58,92,60,86,102,67,105,63"/><W5/><G112/><T89/><D117/><U21/><E120/><V108/><F130/><W72/><G72/><T132/><D104/><U32/><E29/><V13/><F108/><W0/><G105/><T39/><D110/><U4/><E4/><V10/><F30/><W42/><G0/><T84/><D64/><U65/><E65/><V128/><F128/><W74/><G74/><T115/><D115/><U113/><E113/><V20/><F49/><W96/><G5/><T7/><D7/><U103/><E103/><V100/><F100/><W43/><G122/><T123/><D123/><U15/><E81/><V109/><F109/><W116/><G116/><T12/><D12/><U73/><E73/><V54/><F45/><W79/><G43/><AGARI ba="0,0" hai="22,27,28,39,43,44,69,70,84,89,94,132,133,135" machi="43" ten="40,1300,0" yaku="20,1" doraHai="95" who="0" fromWho="3" sc="219,13,204,0,112,0,465,-13" /><INIT seed="4,0,0,4,5,48" ten="232,204,112,452" oya="0" hai0="65,3,78,8,122,1,68,45,76,28,29,11,63" hai1="87,27,5,47,4,114,30,7,9,61,37,39,79" hai2="38,13,73,132,118,52,53,35,67,100,113,69,102" hai3="40,112,49,70,129,96,99,62,91,124,66,117,89"/><T134/><D122/><U90/><E79/><V97/><F73/><W36/><G117/><T94/><D94/><U130/><E130/><V25/><F38/><W43/><G129/><T126/><D126/><U84/><E114/><V15/><F113/><W50/><G112/><T101/><D101/><U33/><E87/><V104/><F132/><W64/><G36/><T59/><D45/><U86/><E84/><V0/><F0/><W75/><G75/><T85/><D134/><U120/><E120/><V98/><F118/><W34/><G62/><T106/><D106/><U18/><E61/><N who="2" m="40175" /><F15/><W105/><G70/><T22/><D68/><U6/><E18/><V56/><F56/><W16/><G105/><T92/><D76/><U119/><E47/><V12/><F12/><W20/><G20/><T2/><D29/><U81/><REACH who="1" step="1"/><E119/><REACH who="1" ten="232,194,112,452" step="2"/><V74/><F74/><W57/><G16/><T44/><D44/><U51/><E51/><V77/><F77/><W10/><G50/><T80/><D92/><U108/><E108/><V72/><F72/><W42/><G49/><T115/><D115/><U31/><E31/><N who="2" m="19951" /><F13/><AGARI ba="0,1" hai="4,5,6,7,9,13,27,30,33,37,39,81,86,90" machi="13" ten="40,1300,0" yaku="1,1,53,0" doraHai="48" doraHaiUra="110" who="1" fromWho="2" sc="232,0,194,23,112,-13,452,0" /><INIT seed="5,0,0,1,2,47" ten="232,217,99,452" oya="1" hai0="30,85,121,81,73,19,102,111,57,6,46,17,16" hai1="8,112,37,119,43,56,75,67,83,135,15,131,68" hai2="1,71,106,20,52,91,95,103,22,23,86,118,88" hai3="14,72,9,55,87,38,122,127,41,70,51,64,65"/><U4/><E119/><V98/><F118/><W99/><G72/><T109/><D73/><U26/><E112/><V12/><F1/><W82/><G122/><T110/><D121/><U39/><E68/><V129/><F71/><W58/><G99/><T27/><D6/><U94/><E131/><V77/><F129/><W53/><G70/><T79/><D102/><U60/><E135/><V92/><F77/><W100/><G100/><T35/><D46/><U10/><E26/><V108/><F108/><W49/><G41/><T105/><D105/><U107/><E107/><V128/><F128/><W69/><G38/><T124/><D124/><U3/><E94/><V18/><REACH who="2" step="1"/><F52/><REACH who="2" ten="232,217,89,452" step="2"/><W11/><G69/><T120/><D120/><U80/><E75/><V62/><F62/><W50/><G55/><T63/><REACH who="0" step="1"/><D110/><REACH who="0" ten="222,217,89,452" step="2"/><U74/><E74/><V66/><F66/><AGARI ba="0,2" hai="16,17,19,27,30,35,57,63,66,79,81,85,109,111" machi="66" ten="40,5200,0" yaku="1,1,2,1,54,1,53,0" doraHai="47" doraHaiUra="115" who="0" fromWho="2" sc="222,72,217,0,89,-52,452,0" /><INIT seed="6,0,0,4,4,93" ten="294,217,37,452" oya="2" hai0="21,22,24,84,122,128,131,71,28,35,68,113,116" hai1="108,100,70,75,27,120,23,61,16,50,39,3,114" hai2="53,130,51,101,30,89,7,2,97,78,49,18,32" hai3="64,44,29,121,25,123,34,127,40,107,90,132,37"/><V104/><F130/><N who="0" m="49706" /><D122/><N who="3" m="46601" /><G90/><T52/><D113/><U98/><E108/><V92/><F78/><W36/><G127/><T126/><D126/><U0/><E39/><V125/><F125/><W82/><G82/><T87/><D116/><U33/><E75/><V66/><F66/><W115/><G115/><T103/><D103/><U8/><E114/><V79/><F79/><W55/><G55/><T77/><D52/><U86/><E86/><N who="0" m="32809" /><D77/><U43/><E120/><V105/><F18/><W19/><G19/><T20/><AGARI ba="0,0" hai="20,21,22,24,28,35,68,71" m="32809,49706" machi="20" ten="40,1500,0" yaku="19,1" doraHai="93" who="0" fromWho="0" sc="294,15,217,-4,37,-7,452,-4" /><INIT seed="7,0,0,2,5,13" ten="309,213,30,448" oya="3" hai0="121,28,8,92,117,127,31,111,96,94,32,106,87" hai1="60,44,6,125,9,89,91,101,1,20,67,123,64" hai2="80,134,26,112,83,63,59,102,12,16,22,105,3" hai3="17,14,85,131,70,10,35,97,133,51,76,66,98"/><W132/><G35/><T78/><D111/><U135/><E123/><V95/><F134/><N who="3" m="51819" /><G131/><T37/><D37/><U56/><E135/><V33/><F112/><W50/><G70/><T19/><D117/><U65/><E125/><V7/><F105/><W49/><G66/><T122/><D127/><U62/><E101/><V124/><F124/><W45/><G45/><T36/><D106/><U93/><E44/><V61/><F61/><W88/><G76/><T104/><D36/><U113/><E113/><V42/><F42/><W29/><G29/><T46/><D46/><U24/><E93/><AGARI ba="0,0" hai="10,14,17,49,50,51,85,88,93,97,98" m="51819" machi="93" ten="30,5800,0" yaku="20,1,52,1,54,1" doraHai="13" who="3" fromWho="1" sc="309,0,213,-58,30,0,448,58" owari="309,11.0,155,-24.0,30,-47.0,506,60.0" /></mjloggm>