<mjloggm ver="2.3"><GO type="41" lobby="0"/><UN n0="%E2%93%9D%53%75%70%68%78" n1="%E3%81%93%E3%81%89%E3%83%BC" n2="%E6%A5%A1%E7%B1%B3%E5%9B%BD" n3="%E5%A4%A2%E8%A6%8B%E3%82%8B%E5%BC%81%E8%AD%B7%E5%A3%AB" dan="18,16,14,15" rate="2092.29,2082.19,1927.29,1931.00" sx="M,F,M,M"/><TAIKYOKU oya="0"/><INIT seed="0,0,0,3,0,37" ten="250,250,250,250" oya="0" hai0="125,29,71,64,10,117,89,34,98,0,122,38,107" hai1="48,13,83,101,69,4,102,2,19,26,30,106,12" hai2="129,17,55,24,84,32,134,35,59,115,108,80,42" hai3="110,43,56,54,31,119,22,57,111,27,116,118,105"/><T7/><D117/><U103/><E69/><V78/><F115/><W96/><G54/><T92/><D122/><U39/><E39/><V70/><F70/><W51/><G56/><T113/><D125/><U81/><E106/><V45/><F108/><N who="3" m="41515" /><G57/><T23/><D113/><U36/><E36/><V100/><F129/><W88/><G51/><T114/><D114/><U58/><E2/><V124/><F134/><W47/><G105/><T74/><D74/><U97/><E97/><V41/><F124/><W8/><G8/><T120/><D120/><U14/><E4/><V90/><F100/><W95/><G47/><T66/><D34/><U28/><E19/><V79/><F35/><W93/><G93/><T91/><D38/><U53/><REACH who="1" step="1"/><E28/><REACH who="1" ten="250,240,250,250" step="2"/><V52/><F17/><W6/><G6/><T63/><D107/><U76/><E76/><V72/><F79/><W127/><G127/><T44/><D71/><U85/><E85/><V112/><F78/><W77/><G77/><T130/><D29/><U61/><E61/><N who="2" m="36095" /><F112/><W99/><G99/><T1/><D63/><U5/><E5/><V86/><F84/><W94/><G94/><T68/><D92/><U131/><E131/><V135/><F72/><W121/><G121/><T62/><D130/><U49/><E49/><N who="2" m="28719" /><F135/><W15/><G119/><T18/><D1/><U46/><E46/><V9/><F9/><W16/><G118/><T126/><D126/><U40/><E40/><V87/><F86/><W75/><G116/><T133/><D133/><U20/><AGARI ba="0,1" hai="12,13,14,20,26,30,48,53,58,81,83,101,102,103" machi="20" ten="30,4000,0" yaku="1,1,0,1,8,1,53,0" doraHai="37" doraHaiUra="65" who="1" fromWho="1" sc="250,-20,240,50,250,-10,250,-10" /><INIT seed="1,0,0,5,2,9" ten="230,290,240,240" oya="1" hai0="61,106,99,64,26,67,63,54,52,101,42,4,98" hai1="81,50,123,7,43,0,85,125,132,93,16,76,73" hai2="40,12,14,33,122,27,74,129,8,131,69,37,113" hai3="87,35,49,48,133,96,89,41,79,107,111,97,53"/><U47/><E123/><V32/><F69/><W124/><G35/><N who="2" m="13385" /><F37/><W28/><G111/><T83/><D4/><U72/><E125/><V91/><F40/><W82/><G28/><T94/><D42/><U117/><E117/><V65/><F74/><W119/><G124/><T3/><D3/><U56/><E132/><V20/><F65/><W29/><G29/><T80/><D26/><U71/><E71/><V39/><F39/><W88/><G133/><T5/><D5/><U66/><E93/><V38/><F38/><W13/><G119/><T90/><D67/><U11/><E66/><V135/><F91/><N who="3" m="34891" /><G107/><T36/><D36/><U86/><E86/><V102/><F102/><W23/><G41/><T84/><D63/><U127/><E127/><V70/><F70/><W15/><G23/><T1/><D1/><U128/><E56/><V77/><F122/><W59/><G49/><T10/><D83/><U24/><REACH who="1" step="1"/><E128/><REACH who="1" ten="230,280,240,240" step="2"/><N who="2" m="49227" /><F135/><W120/><G120/><T45/><D64/><U57/><E57/><V100/><F113/><W55/><G55/><T92/><D54/><U2/><E2/><V68/><F68/><W95/><G97/><T58/><D99/><U60/><E60/><V110/><F110/><W17/><G17/><T104/><D61/><U19/><E19/><N who="2" m="12703" /><F8/><W126/><G126/><T112/><D10/><U21/><AGARI ba="0,1" hai="0,7,11,16,21,24,43,47,50,72,73,76,81,85" machi="21" ten="30,6000,0" yaku="1,1,0,1,54,1,53,0" doraHai="9" doraHaiUra="31" who="1" fromWho="1" sc="230,-20,280,70,240,-20,240,-20" /><INIT seed="1,1,0,5,2,95" ten="210,350,220,220" oya="1" hai0="70,134,7,88,8,118,42,5,75,50,124,14,28" hai1="3,85,64,102,15,108,89,33,135,9,132,19,26" hai2="73,41,106,67,96,62,66,78,109,69,121,112,35" hai3="11,40,6,84,17,114,12,104,37,71,123,38,20"/><U79/><E79/><V10/><F109/><W101/><G123/><T91/><D118/><U16/><E108/><V29/><F121/><W51/><G114/><T93/><D70/><U44/><E64/><V125/><F67/><W23/><G71/><T127/><D75/><U45/><E3/><V2/><F112/><W115/><G115/><T18/><D91/><U116/><E116/><V111/><F41/><W72/><G72/><T97/><D28/><U65/><E65/><V24/><F111/><W58/><G23/><T83/><D83/><U52/><E33/><V61/><F61/><W56/><G84/><T30/><D30/><U34/><E34/><V55/><F55/><W60/><G51/><T82/><D82/><N who="1" m="49335" /><E102/><N who="2" m="62791" /><F10/><W81/><G81/><T27/><D134/><N who="1" m="51243" /><E52/><V63/><F63/><W39/><G40/><T122/><D122/><U31/><E31/><V59/><F59/><W94/><G60/><T54/><D42/><U47/><E26/><V86/><F2/><W117/><G104/><T99/><D27/><U100/><E100/><V13/><F73/><W92/><G117/><T1/><D1/><U119/><E119/><V0/><F0/><W43/><G43/><T130/><D54/><U25/><E25/><V32/><F32/><W68/><G68/><T80/><D50/><U131/><E131/><V57/><F57/><N who="3" m="22123" /><G101/><N who="0" m="60591" /><D130/><U113/><E113/><V46/><F46/><N who="1" m="11777" /><U110/><DORA hai="98" /><E110/><V128/><F128/><W87/><G87/><N who="0" m="50279" /><D99/><U77/><E77/><V133/><F133/><W49/><G49/><T36/><D36/><N who="3" m="9217" /><W74/><DORA hai="107" /><G74/><T90/><D90/><RYUUKYOKU ba="1,0" sc="210,10,350,10,220,-30,220,10" hai0="5,7,8,14,18,124,127" hai1="9,15,16,19" hai3="6,11,12,17,20,92,94" /><INIT seed="1,2,0,2,0,28" ten="220,360,190,230" oya="1" hai0="27,80,101,117,35,84,88,12,58,31,15,124,111" hai1="20,77,85,18,24,30,79,92,76,83,114,17,119" hai2="42,110,10,29,91,67,126,122,43,50,68,121,63" hai3="6,7,72,73,134,103,133,78,120,49,56,5,105"/><U9/><E114/><V65/><F110/><W131/><G120/><T96/><D117/><U8/><E119/><V32/><F10/><W4/><G131/><T55/><D111/><U39/><E39/><V82/><F82/><W22/><G78/><T41/><D41/><N who="2" m="15370" /><F91/><W37/><G37/><T132/><D124/><U123/><E123/><N who="2" m="47115" /><F29/><W118/><G118/><T52/><D132/><N who="3" m="50793" /><G7/><T13/><REACH who="0" step="1"/><D58/><REACH who="0" ten="210,360,190,230" step="2"/><U75/><E75/><V106/><F126/><W21/><G72/><T51/><D51/><U34/><E92/><AGARI ba="2,1" hai="12,13,15,27,31,35,52,55,80,84,88,92,96,101" machi="92" ten="40,8000,1" yaku="1,1,52,1,54,2,53,0" doraHai="28" doraHaiUra="33" who="0" fromWho="1" sc="210,96,360,-86,190,0,230,0" /><INIT seed="2,0,0,4,2,52" ten="306,274,190,230" oya="2" hai0="78,85,105,127,4,8,83,120,72,7,53,54,23" hai1="24,71,42,17,58,29,82,16,37,102,46,10,90" hai2="43,38,49,91,13,18,67,74,89,80,109,11,134" hai3="39,56,48,70,126,79,125,35,114,32,33,60,47"/><V57/><F134/><W115/><G79/><T27/><D120/><U2/><E71/><V64/><F38/><W41/><G70/><T107/><D127/><N who="3" m="48649" /><G39/><T59/><D54/><AGARI ba="0,0" hai="32,33,35,41,47,48,54,56,60,114,115" m="48649" machi="54" ten="40,2600,0" yaku="18,1,52,1" doraHai="52" who="3" fromWho="0" sc="306,-26,274,0,190,0,230,26" /><INIT seed="3,0,0,3,5,74" ten="280,274,190,256" oya="3" hai0="58,98,47,53,21,70,132,81,117,55,23,105,54" hai1="135,34,24,77,64,22,78,52,10,82,40,48,101" hai2="66,112,67,108,44,27,17,4,51,99,69,49,36" hai3="75,115,85,31,114,46,106,89,122,15,9,126,95"/><W30/><G122/><T50/><D117/><U56/><E34/><V57/><F108/><W93/><G106/><T90/><D70/><U1/><E135/><V79/><F112/><W73/><G126/><T3/><D3/><U110/><E110/><V63/><F4/><W109/><G109/><T42/><D132/><U134/><E134/><V35/><F99/><W123/><G123/><T71/><D71/><U102/><E1/><V8/><F69/><W12/><G46/><T130/><D130/><U92/><E64/><V118/><F118/><W119/><G119/><T129/><D129/><U60/><E82/><V128/><F79/><N who="1" m="30217" /><E10/><V39/><F36/><W91/><G85/><T131/><D131/><U133/><E133/><V103/><F39/><W18/><G18/><T33/><D33/><U2/><E2/><V68/><F35/><W94/><G94/><T26/><D105/><U80/><E80/><V65/><F68/><W88/><G91/><T125/><D125/><U100/><E40/><V29/><F103/><W86/><G86/><T76/><D81/><U37/><E37/><V14/><F128/><W0/><G0/><T84/><D76/><U59/><E59/><V13/><F67/><W124/><G124/><T87/><D58/><U38/><E38/><V25/><F66/><W97/><G9/><T41/><D41/><U7/><E7/><V104/><F104/><W11/><G11/><T111/><D111/><U62/><E92/><V116/><F116/><W45/><G97/><T28/><D23/><U107/><E107/><V120/><F120/><W43/><G43/><RYUUKYOKU ba="0,0" sc="280,10,274,10,190,-30,256,10" hai0="21,26,28,42,47,50,53,54,55,84,87,90,98" hai1="22,24,48,52,56,60,62,100,101,102" hai3="12,15,30,31,45,73,75,88,89,93,95,114,115" /><INIT seed="3,1,0,1,4,73" ten="290,284,160,266" oya="3" hai0="85,54,60,28,5,39,126,8,17,58,74,72,9" hai1="52,112,91,10,71,37,43,62,75,38,16,95,92" hai2="77,1,65,51,93,25,53,20,31,29,6,96,82" hai3="81,76,18,22,35,113,49,108,131,123,115,2,27"/><W78/><G123/><T46/><D126/><U61/><E112/><V106/><F106/><W34/><G2/><T15/><D28/><U40/><E75/><V105/><F105/><W32/><G131/><T13/><REACH who="0" step="1"/><D85/><REACH who="0" ten="280,284,160,266" step="2"/><U107/><E107/><V104/><F31/><W33/><G108/><T109/><D109/><U42/><E71/><V122/><F104/><W45/><N who="3" m="8192" /><DORA hai="23" /><W88/><G113/><T118/><D118/><U21/><E38/><V80/><F122/><W36/><G115/><T26/><D26/><U98/><E37/><V90/><F1/><W119/><G36/><T84/><D84/><U7/><E95/><V70/><F6/><W116/><G119/><T68/><D68/><U0/><REACH who="1" step="1"/><E52/><REACH who="1" ten="280,274,160,266" step="2"/><V128/><F70/><W66/><G116/><T50/><D50/><U121/><E121/><V4/><F93/><W94/><G66/><T99/><D99/><U57/><E57/><V110/><F65/><W64/><G64/><T59/><D59/><U63/><E63/><V24/><F96/><W44/><G81/><T114/><D114/><U87/><E87/><V89/><F82/><W48/><G48/><T103/><D103/><U83/><E83/><V55/><F53/><W86/><REACH who="3" step="1"/><G45/><REACH who="3" ten="280,274,160,256" step="2"/><T132/><D132/><U56/><E56/><V14/><F51/><W127/><G127/><T47/><D47/><U3/><E3/><V117/><F80/><W120/><G120/><T19/><D19/><U97/><E97/><V134/><F117/><W124/><G124/><T12/><D12/><AGARI ba="1,3" hai="0,7,10,12,16,21,40,42,43,61,62,91,92,98" machi="12" ten="40,2600,0" yaku="1,1,54,1,53,0" doraHai="73,23" doraHaiUra="67,30" who="1" fromWho="0" sc="280,-29,274,59,160,0,256,0" /><INIT seed="4,0,0,1,2,50" ten="251,333,160,256" oya="0" hai0="42,8,39,28,46,121,95,34,64,66,7,113,13" hai1="32,91,108,35,86,56,21,84,131,119,12,70,93" hai2="111,133,124,102,74,104,10,2,81,80,61,33,105" hai3="89,72,123,97,107,37,112,78,0,3,118,51,40"/><T59/><D121/><U4/><E70/><V116/><F111/><W53/><G118/><T120/><D120/><U135/><E108/><V71/><F124/><W85/><G123/><T82/><D113/><U63/><E119/><V65/><F81/><W125/><G40/><T68/><D68/><U110/><E131/><V24/><F133/><W87/><G37/><T41/><D41/><U52/><E135/><V130/><F130/><W9/><G87/><T128/><D128/><U134/><E134/><V83/><F83/><W60/><G60/><T115/><D115/><U55/><E32/><V129/><F105/><W48/><G48/><T49/><D95/><U96/><E35/><V94/><F94/><W31/><G31/><T45/><D45/><U79/><E79/><V69/><F69/><W67/><G67/><T30/><D34/><U43/><E43/><V6/><F80/><W76/><G76/><T38/><D38/><U54/><E110/><V15/><F15/><W103/><G9/><T88/><D66/><N who="1" m="39271" /><E21/><V117/><F129/><W17/><G125/><T122/><D122/><U92/><E93/><V47/><F47/><W114/><G112/><T26/><D26/><U29/><E29/><N who="2" m="19623" /><F74/><W90/><G114/><T14/><D14/><U100/><E100/><V109/><F109/><W126/><G72/><T25/><D25/><U58/><E58/><V127/><F127/><W101/><G126/><T75/><D39/><U77/><E77/><V19/><F19/><W44/><G107/><T98/><D75/><U106/><E106/><V16/><F16/><W18/><G17/><RYUUKYOKU ba="0,0" sc="251,-15,333,15,160,15,256,-15" hai1="4,12,52,54,55,84,86,91,92,96" hai2="2,6,10,61,65,71,102,104,116,117" /><INIT seed="5,1,0,1,2,54" ten="236,348,175,241" oya="1" hai0="55,12,126,40,41,131,32,19,122,56,119,42,73" hai1="33,134,127,0,38,44,20,26,24,108,118,13,27" hai2="23,39,64,15,10,106,125,62,113,79,58,4,46" hai3="14,77,100,81,74,102,30,80,43,60,88,114,22"/><U89/><E118/><V61/><F125/><W92/><G114/><T52/><D119/><U68/><E68/><V107/><F79/><W94/><G43/><T36/><D32/><U35/><E38/><V6/><F113/><W51/><G81/><T3/><D3/><U1/><E44/><V47/><F23/><W76/><G76/><T78/><D131/><U17/><E89/><V53/><F6/><W132/><G132/><T121/><D55/><U130/><E134/><V85/><F85/><W72/><G72/><T105/><D105/><U116/><E116/><V120/><F120/><N who="0" m="46186" /><D126/><U135/><E135/><V87/><F87/><W93/><G51/><N who="0" m="30751" /><D78/><U67/><E67/><V69/><REACH who="2" step="1"/><F46/><REACH who="2" ten="236,348,165,241" step="2"/><W66/><G77/><T8/><D73/><U98/><E127/><V50/><F50/><W101/><G74/><T133/><D133/><U34/><E130/><V129/><F129/><W31/><G22/><T104/><D104/><U90/><E98/><V91/><F91/><W110/><G88/><T109/><D109/><U86/><REACH who="1" step="1"/><E108/><REACH who="1" ten="236,338,165,241" step="2"/><V29/><F29/><W16/><G110/><T65/><D36/><U97/><E97/><V18/><F18/><W28/><G16/><T2/><D19/><U25/><N who="1" m="6144" /><DORA hai="7" /><U57/><E57/><V111/><F111/><W82/><G80/><AGARI ba="1,2" hai="0,1,13,17,20,33,34,35,80,86,90" m="6144" machi="80" ten="60,2900,0" yaku="1,1,53,0" doraHai="54,7" doraHaiUra="5,48" who="1" fromWho="3" sc="236,0,338,52,165,0,241,-32" /><INIT seed="5,2,0,2,2,40" ten="236,390,165,209" oya="1" hai0="53,96,121,128,4,122,100,68,15,75,11,81,57" hai1="3,34,64,18,48,28,5,114,25,76,101,42,83" hai2="89,26,49,67,85,7,134,86,111,16,116,44,107" hai3="130,135,13,72,115,66,73,74,97,127,118,133,6"/><U14/><E101/><V113/><F111/><W46/><G115/><T59/><D68/><U102/><E102/><V79/><F116/><W30/><G130/><T45/><D128/><U35/><E114/><V109/><F109/><W12/><G127/><T105/><D75/><U125/><E64/><V0/><F0/><W104/><G118/><T43/><D81/><U58/><E5/><V80/><F107/><W8/><G30/><T99/><D99/><U41/><E3/><V50/><F50/><W103/><G66/><T20/><D20/><U31/><E125/><V110/><F110/><W29/><G29/><T70/><D70/><U63/><E48/><V77/><F67/><W88/><G13/><T55/><D59/><U108/><E31/><V47/><F7/><W82/><REACH who="3" step="1"/><G46/><REACH who="3" ten="236,390,165,199" step="2"/><T132/><D122/><U60/><E108/><V51/><F134/><W69/><G69/><T37/><D121/><U24/><E24/><V32/><F32/><W33/><G33/><T19/><D132/><U84/><E34/><V71/><F71/><W93/><G93/><T2/><D57/><U52/><REACH who="1" step="1"/><E60/><REACH who="1" ten="236,380,165,199" step="2"/><V124/><F124/><W120/><G120/><T131/><D131/><U54/><E54/><N who="2" m="29991" /><F113/><W27/><G27/><T65/><D65/><U92/><E92/><N who="2" m="54319" /><F26/><W119/><G119/><T112/><D112/><U62/><E62/><V91/><F16/><W36/><G36/><T129/><D129/><U9/><AGARI ba="2,2" hai="9,14,18,25,28,35,41,42,52,58,63,76,83,84" machi="9" ten="20,18000,2" yaku="1,1,0,1,7,1,54,1,53,2" doraHai="40" doraHaiUra="38" who="1" fromWho="1" sc="236,-62,380,206,165,-62,199,-62" /><INIT seed="5,3,0,2,1,85" ten="174,586,103,137" oya="1" hai0="26,14,99,1,75,124,134,135,49,29,52,131,120" hai1="81,33,34,71,68,97,19,10,70,132,127,36,16" hai2="98,112,89,2,115,107,80,54,58,116,6,91,117" hai3="92,102,17,44,4,101,56,13,62,47,53,5,119"/><U129/><E36/><V66/><F2/><W100/><G119/><T63/><D1/><U133/><E127/><V113/><F6/><N who="3" m="2667" /><G92/><T77/><D131/><U84/><E97/><V57/><F66/><W51/><G51/><T121/><D14/><U55/><E55/><V109/><F80/><W18/><G18/><N who="1" m="6698" /><E10/><AGARI ba="3,0" hai="10,13,17,44,47,53,56,62,100,101,102" m="2667" machi="10" ten="30,1000,0" yaku="8,1" doraHai="85" who="3" fromWho="1" sc="174,0,586,-19,103,0,137,19" /><INIT seed="6,0,0,5,2,96" ten="174,567,103,156" oya="2" hai0="127,78,14,65,18,115,56,11,73,95,16,7,99" hai1="113,25,85,49,75,111,27,120,135,51,71,133,1" hai2="47,94,80,26,20,39,100,125,34,118,50,52,87" hai3="66,134,124,108,83,58,112,84,33,68,32,60,107"/><V109/><F125/><W116/><G108/><T103/><D127/><U64/><E75/><V12/><F109/><W8/><G124/><T102/><D115/><U36/><E36/><V114/><F114/><W22/><G116/><T10/><D73/><U43/><E1/><V21/><F118/><W48/><G112/><T30/><D30/><U126/><E113/><V122/><F122/><W53/><G107/><T54/><D78/><U77/><E126/><V132/><F132/><W2/><G134/><T31/><D31/><U90/><E77/><N who="2" m="46479" /><F39/><W38/><G38/><T123/><D65/><U9/><E111/><V97/><F34/><W63/><G63/><N who="0" m="36247" /><D123/><U121/><E71/><V106/><F106/><W119/><G119/><T128/><D128/><U72/><E72/><V45/><F26/><W74/><G74/><T55/><D55/><U4/><E27/><V104/><F104/><W79/><G22/><N who="2" m="8809" /><F12/><W117/><G117/><T35/><D35/><U131/><E25/><V92/><F92/><W129/><G129/><T62/><D62/><U42/><E131/><V59/><AGARI ba="0,0" hai="45,47,50,52,59,94,97,100" m="8809,46479" machi="59" ten="30,6000,0" yaku="8,1,52,1,54,1" doraHai="96" who="2" fromWho="2" sc="174,-20,567,-20,103,60,156,-20" /><INIT seed="6,1,0,4,0,125" ten="154,547,163,136" oya="2" hai0="39,95,44,72,14,128,59,19,77,126,10,40,76" hai1="86,17,70,101,113,53,88,37,57,133,64,107,11" hai2="69,110,83,7,21,90,45,5,73,102,18,103,8" hai3="135,24,81,63,67,109,2,89,13,122,104,33,84"/><V100/><F69/><W22/><G109/><T93/><D126/><U105/><E37/><V47/><F110/><W68/><G122/><T50/><D128/><U127/><E127/><V49/><F47/><W120/><G120/><T43/><D72/><U87/><E70/><V71/><F71/><W3/><G135/><T4/><D39/><U112/><E64/><V124/><F124/><W91/><G104/><T42/><D59/><U123/><E123/><V134/><F134/><W108/><G108/><T96/><D95/><U119/><E133/><V99/><F73/><W111/><G111/><T80/><D19/><U27/><E119/><V0/><F0/><W79/><G33/><T34/><D34/><U116/><E116/><V9/><F21/><W62/><G13/><T132/><D132/><U54/><E57/><V41/><F18/><W118/><G118/><T51/><D80/><U52/><E17/><V74/><F74/><W92/><G63/><T66/><D66/><U121/><E121/><V35/><F35/><W75/><REACH who="3" step="1"/><G91/><REACH who="3" ten="154,547,163,126" step="2"/><N who="0" m="55359" /><D51/><U82/><E105/><V36/><F36/><W25/><G25/><T114/><D114/><U58/><E27/><V16/><F102/><W56/><G56/><T32/><D32/><U29/><E101/><V23/><F103/><W30/><AGARI ba="1,1" hai="2,3,22,24,30,62,67,68,75,79,81,84,89,92" machi="30" ten="20,2700,0" yaku="1,1,0,1,7,1,53,0" doraHai="125" doraHaiUra="46" who="3" fromWho="3" sc="154,-8,547,-8,163,-14,126,40" /><INIT seed="7,0,0,2,2,91" ten="146,539,149,166" oya="3" hai0="92,46,55,94,57,59,42,62,130,100,67,123,134" hai1="124,34,17,29,24,13,96,40,110,89,72,49,87" hai2="43,98,48,81,118,68,54,107,23,132,28,8,128" hai3="58,111,116,125,10,114,26,95,82,127,102,99,113"/><W60/><G116/><T11/><D123/><U126/><E72/><V5/><F128/><W12/><G111/><T74/><D74/><U47/><E96/><V31/><F132/><W63/><G26/><T65/><D134/><U41/><E110/><V53/><F68/><W86/><G12/><T27/><D130/><U103/><E103/><V76/><F43/><W37/><G10/><T75/><D75/><U50/><E41/><V80/><F54/><N who="3" m="33879" /><G63/><N who="0" m="38127" /><D100/><U97/><E97/><V18/><F107/><W109/><G37/><N who="0" m="21839" /><D11/><U108/><E108/><V117/><F118/><W101/><G101/><T4/><D4/><U16/><E50/><V20/><F5/><W135/><G109/><T119/><D119/><U21/><REACH who="1" step="1"/><E17/><REACH who="1" ten="146,529,149,166" step="2"/><V19/><F117/><W84/><G135/><T14/><D62/><U15/><E15/><N who="2" m="7527" /><F19/><W2/><G86/><T115/><D14/><U30/><E30/><V36/><F31/><W122/><G122/><T51/><D51/><U69/><E69/><V121/><F28/><W73/><G73/><T33/><D27/><U71/><E71/><V38/><F38/><W79/><G2/><T78/><D115/><AGARI ba="0,1" hai="79,82,84,95,99,102,113,114,115,125,127" m="33879" machi="115" ten="30,2900,0" yaku="15,1,52,1" doraHai="91" who="3" fromWho="0" sc="146,-29,529,0,149,0,166,39" /><INIT seed="7,1,0,3,3,2" ten="117,529,149,205" oya="3" hai0="33,8,54,60,102,41,18,115,43,116,40,69,90" hai1="39,107,108,42,119,7,76,72,65,75,70,130,25" hai2="64,51,73,17,4,125,103,104,112,93,15,21,47" hai3="99,56,82,46,122,114,58,22,31,57,131,96,62"/><W121/><G114/><T106/><D116/><U1/><E25/><V91/><F125/><W83/><G131/><T128/><D33/><U124/><E7/><V120/><F120/><W95/><G46/><T87/><D128/><U36/><E76/><V59/><F73/><W118/><G62/><T5/><D115/><U61/><E42/><V14/><F104/><W92/><G57/><T9/><D106/><U135/><E65/><V100/><F64/><W105/><G105/><T85/><D102/><U28/><E28/><V35/><F35/><W23/><G31/><T55/><D69/><U24/><E24/><V98/><F59/><W126/><G126/><T38/><D38/><U68/><E61/><V32/><F32/><W26/><G26/><T113/><D113/><U127/><E107/><V44/><F44/><W79/><G79/><T50/><D60/><U109/><E1/><V84/><F112/><W133/><G133/><T34/><D34/><U10/><E10/><N who="2" m="4423" /><F98/><W101/><G118/><T86/><D50/><U117/><E130/><V132/><F132/><AGARI ba="1,0" hai="36,39,68,70,72,75,108,109,117,119,124,127,132,135" machi="132" ten="25,6400,0" yaku="22,2,31,2" doraHai="2" who="1" fromWho="2" sc="117,0,529,67,149,-67,205,0" owari="117,-28.0,596,69.0,82,-42.0,205,1.0" /></mjloggm>