<mjloggm ver="2.3"><GO type="41" lobby="0"/><UN n0="%43%61%69%72%64%65%61%73" n1="%E2%93%9D%53%75%70%68%78" n2="%E3%81%8E%E3%82%83%E3%82%8F" n3="%6B%69%62%6F%6E" dan="13,18,14,14" rate="1868.56,2142.66,1894.76,1897.68" sx="M,M,M,M"/><TAIKYOKU oya="0"/><INIT seed="0,0,0,1,0,124" ten="250,250,250,250" oya="0" hai0="86,35,63,44,69,67,73,126,41,36,95,53,98" hai1="120,106,34,101,103,84,102,65,109,132,79,99,70" hai2="33,90,113,111,49,105,14,28,110,10,77,17,66" hai3="58,38,76,11,93,85,128,6,7,37,80,54,133"/><T19/><D73/><U25/><E109/><V115/><F105/><W59/><G133/><T75/><D75/><U16/><E120/><V24/><F77/><W56/><G128/><T57/><D126/><U68/><E132/><V116/><F66/><W129/><G129/><T52/><D35/><U22/><E34/><V29/><F90/><W31/><G31/><T8/><D86/><U3/><E3/><V96/><F96/><W108/><G108/><N who="2" m="41513" /><F49/><W32/><G32/><T4/><D19/><U48/><E48/><V82/><F82/><W87/><G93/><T27/><D27/><U81/><REACH who="1" step="1"/><E65/><REACH who="1" ten="250,240,250,250" step="2"/><V104/><F29/><W78/><G37/><T83/><D83/><U26/><E26/><V46/><F46/><W12/><G38/><T112/><D112/><N who="2" m="43082" /><F104/><W51/><G6/><T130/><D130/><U47/><E47/><V23/><F116/><W45/><G87/><T62/><D62/><U2/><E2/><V71/><F71/><AGARI ba="0,1" hai="16,22,25,68,70,71,79,81,84,99,101,102,103,106" machi="71" ten="40,2600,0" yaku="1,1,54,1,53,0" doraHai="124" doraHaiUra="117" who="1" fromWho="2" sc="250,0,240,36,250,-26,250,0" /><INIT seed="1,0,0,3,1,11" ten="250,276,224,250" oya="1" hai0="133,21,84,20,104,122,37,89,46,52,132,60,71" hai1="45,119,38,15,100,95,49,86,92,36,30,14,94" hai2="58,111,3,78,117,115,16,83,25,97,43,124,57" hai3="63,76,2,112,6,66,54,39,47,64,116,65,123"/><U67/><E119/><V27/><F117/><W51/><G116/><T4/><D104/><U22/><E38/><V12/><F3/><W82/><G123/><T106/><D106/><U34/><E34/><V70/><F70/><W108/><G108/><T7/><D71/><U23/><E36/><V72/><F111/><W120/><G120/><T107/><D37/><U18/><E67/><V98/><F43/><W74/><G112/><T19/><D107/><U130/><E130/><V31/><F124/><W118/><G118/><T88/><D20/><U85/><E100/><V121/><F121/><W80/><G80/><T32/><D32/><U105/><E105/><V59/><F115/><W129/><G129/><T126/><D126/><U81/><E81/><V35/><REACH who="2" step="1"/><F27/><REACH who="2" ten="250,276,214,250" step="2"/><W77/><G77/><T41/><D41/><N who="1" m="24751" /><E15/><V90/><F90/><N who="0" m="34922" /><D84/><U29/><E29/><V91/><F91/><W135/><G39/><T40/><D40/><U114/><E114/><V96/><F96/><W17/><G2/><T62/><D122/><U75/><E75/><V1/><F1/><W55/><G135/><N who="0" m="51787" /><D62/><U48/><E48/><V68/><F68/><W113/><G113/><T125/><D125/><U8/><E30/><V50/><F50/><W110/><G110/><T28/><D28/><U102/><E102/><V134/><F134/><W99/><G99/><T101/><D101/><U0/><E0/><V10/><AGARI ba="0,1" hai="10,12,16,25,31,35,57,58,59,72,78,83,97,98" machi="10" ten="30,7900,0" yaku="1,1,0,1,52,1,54,1,53,0" doraHai="11" doraHaiUra="33" who="2" fromWho="2" sc="250,-20,276,-39,214,89,250,-20" /><INIT seed="2,0,0,3,3,20" ten="230,237,303,230" oya="2" hai0="31,58,4,9,92,130,12,32,115,73,108,99,11" hai1="117,24,122,46,82,45,106,15,96,71,70,62,30" hai2="34,83,47,90,118,19,2,94,56,81,14,33,3" hai3="134,85,89,125,97,76,80,40,107,126,16,53,52"/><V41/><F118/><W103/><G40/><T27/><D73/><U65/><E117/><V110/><F110/><W112/><G112/><T29/><D115/><U1/><E1/><V120/><F120/><W135/><G16/><T133/><D108/><U49/><E122/><V5/><F3/><W61/><G61/><T100/><D130/><U0/><E0/><V87/><F34/><W38/><G38/><T101/><D133/><N who="3" m="50697" /><G53/><T6/><D31/><U102/><E71/><V104/><F104/><W57/><G57/><T109/><D109/><U91/><E15/><V44/><F33/><W10/><G10/><T51/><D51/><U55/><E82/><V42/><F56/><W66/><G52/><T22/><D58/><U111/><E111/><V28/><F28/><W98/><G66/><T129/><D129/><U116/><E116/><V8/><F42/><W119/><G119/><T132/><D132/><U60/><E60/><V64/><F44/><W48/><G48/><T93/><D32/><N who="1" m="20551" /><E46/><V67/><F64/><W121/><G121/><T113/><D113/><U26/><E91/><V75/><F67/><W105/><G89/><T128/><D128/><U35/><E35/><V84/><F5/><W69/><G69/><T78/><D78/><U7/><E7/><V88/><F2/><W50/><G50/><T74/><D74/><U13/><E13/><V72/><REACH who="2" step="1"/><F94/><REACH who="2" ten="230,237,293,230" step="2"/><W68/><G68/><T131/><D131/><U17/><E17/><V77/><F77/><W37/><G37/><AGARI ba="0,1" hai="8,14,19,37,41,47,72,75,81,83,84,87,88,90" machi="37" ten="30,11600,0" yaku="1,1,7,1,9,1,54,1,53,0" doraHai="20" doraHaiUra="21" who="2" fromWho="3" sc="230,0,237,0,293,126,230,-116" /><INIT seed="2,1,0,1,1,31" ten="230,237,419,114" oya="2" hai0="42,86,51,78,124,108,91,58,95,2,32,87,75" hai1="135,80,61,7,123,79,133,94,4,77,43,100,115" hai2="97,107,125,72,30,35,67,89,65,49,122,3,82" hai3="76,8,131,26,98,99,102,20,5,134,127,132,71"/><V93/><F122/><W17/><G71/><T37/><D108/><U9/><E115/><V16/><F3/><W12/><G76/><T13/><D2/><U104/><E104/><V28/><F28/><W74/><G74/><T33/><D75/><U56/><E43/><V109/><F109/><W54/><G127/><T55/><D124/><U36/><E36/><V11/><F125/><W111/><G111/><T69/><D69/><U39/><E39/><V119/><F119/><W18/><G131/><T22/><D37/><U41/><E41/><V112/><F49/><W27/><G54/><T0/><D42/><U34/><E34/><V21/><F11/><W116/><G116/><T70/><D70/><U23/><E23/><V53/><F53/><W48/><G48/><T45/><D45/><U120/><E9/><V101/><F82/><W105/><G99/><T90/><D78/><N who="1" m="29707" /><E80/><V62/><F72/><W64/><G64/><T73/><D0/><U68/><E68/><V126/><F126/><W10/><REACH who="3" step="1"/><G27/><REACH who="3" ten="230,237,419,104" step="2"/><T47/><D73/><U103/><E123/><V114/><F67/><W60/><G60/><T50/><D50/><U63/><E63/><V117/><F62/><W106/><G106/><T118/><D47/><U14/><E61/><V25/><F65/><W44/><G44/><T46/><D46/><U24/><E24/><N who="2" m="18887" /><F117/><W29/><G29/><T121/><D121/><U128/><E120/><V83/><F107/><W81/><G81/><N who="0" m="49487" /><D118/><U113/><E128/><V66/><F66/><W59/><G59/><T15/><D15/><AGARI ba="1,1" hai="5,8,10,12,15,17,18,20,26,98,102,105,132,134" machi="15" ten="40,1300,0" yaku="1,1,53,0" doraHai="31" doraHaiUra="52" who="3" fromWho="0" sc="230,-16,237,0,419,0,104,26" /><INIT seed="3,0,0,3,0,48" ten="214,237,419,130" oya="3" hai0="1,91,6,18,20,7,38,23,53,108,40,5,120" hai1="130,133,31,28,46,81,33,90,29,73,82,86,134" hai2="70,104,124,14,123,50,52,97,35,63,11,135,95" hai3="112,44,37,106,64,61,128,22,78,98,49,12,121"/><W0/><G0/><T62/><D1/><U25/><E130/><V79/><F35/><W60/><G121/><T88/><D120/><U26/><E46/><V109/><F109/><W80/><G37/><T17/><D108/><U67/><E67/><V103/><F123/><W32/><G32/><T84/><D40/><U21/><REACH who="1" step="1"/><E31/><REACH who="1" ten="214,227,419,130" step="2"/><V34/><F135/><W13/><G128/><T117/><D38/><U36/><E36/><V107/><F124/><W102/><G112/><T94/><D117/><U27/><E27/><V41/><F41/><W115/><G115/><T111/><D111/><U87/><E87/><V122/><F122/><W66/><G66/><T100/><D100/><U116/><E116/><V101/><F34/><W92/><G106/><T74/><D74/><U43/><E43/><V119/><F119/><W105/><G105/><T59/><REACH who="0" step="1"/><D91/><REACH who="0" ten="204,227,419,130" step="2"/><U99/><E99/><V55/><F97/><W75/><G64/><T68/><D68/><U110/><E110/><V77/><F103/><W45/><G12/><T113/><D113/><U51/><E51/><V8/><F101/><W69/><G69/><T72/><D72/><U71/><E71/><V42/><F14/><W10/><G49/><T2/><D2/><U118/><E118/><V19/><F50/><W93/><G75/><T24/><D24/><U132/><E132/><V127/><F70/><W96/><G13/><T131/><D131/><U56/><E56/><V114/><F114/><W85/><G102/><T30/><D30/><U9/><E9/><V47/><F42/><W39/><G10/><N who="2" m="3625" /><F47/><W129/><G45/><RYUUKYOKU ba="0,2" sc="204,15,227,15,419,-15,130,-15" hai0="5,6,7,17,18,20,23,53,59,62,84,88,94" hai1="21,25,26,28,29,33,73,81,82,86,90,133,134" /><INIT seed="4,1,2,3,4,134" ten="219,242,404,115" oya="0" hai0="24,41,91,8,104,74,118,76,103,128,35,50,12" hai1="49,81,113,100,15,22,23,98,75,107,18,89,135" hai2="69,64,80,82,60,106,42,96,124,116,132,54,129" hai3="63,130,101,68,92,70,77,28,122,108,37,117,47"/><T83/><D118/><U31/><E135/><V131/><F116/><W62/><G77/><T126/><D128/><N who="2" m="49226" /><F132/><W90/><G101/><T3/><D3/><U73/><E113/><V109/><F109/><W125/><G130/><T1/><D1/><U95/><E49/><V133/><F133/><W34/><G117/><T32/><D24/><U36/><E36/><V85/><F42/><W45/><G122/><T58/><D91/><U93/><E107/><V86/><F54/><W53/><G108/><T43/><D43/><U78/><E75/><V0/><F0/><W66/><G28/><T10/><D10/><U5/><E5/><V51/><F51/><N who="3" m="28911" /><G34/><T72/><D72/><U11/><REACH who="1" step="1"/><E31/><REACH who="1" ten="219,232,404,115" step="2"/><V87/><F106/><W84/><G37/><T21/><D104/><U119/><E119/><V13/><F13/><W9/><G47/><T59/><D50/><U6/><E6/><V61/><F61/><N who="3" m="23051" /><G66/><T57/><D74/><U127/><E127/><V56/><F124/><W79/><G125/><T30/><D126/><U20/><E20/><V26/><F26/><W38/><G38/><T112/><D21/><U65/><E65/><V123/><F123/><W102/><G9/><T114/><D30/><U115/><E115/><V4/><F4/><W14/><G14/><T99/><D12/><U88/><E88/><V2/><F2/><W27/><G27/><T17/><D8/><U110/><E110/><V71/><F71/><N who="3" m="27179" /><G79/><T94/><D114/><U25/><E25/><V48/><F96/><AGARI ba="1,3" hai="11,15,18,22,23,73,78,81,89,93,95,96,98,100" machi="96" ten="30,2000,0" yaku="1,1,7,1,53,0" doraHai="134" doraHaiUra="44" who="1" fromWho="2" sc="219,0,232,53,404,-23,115,0" /><INIT seed="5,0,0,0,5,42" ten="219,285,381,115" oya="1" hai0="98,90,109,105,91,122,132,74,38,24,20,69,49" hai1="68,111,126,66,119,18,73,77,43,28,47,8,104" hai2="86,22,54,96,72,62,52,113,21,131,133,11,82" hai3="27,3,88,31,1,37,25,71,40,135,124,93,114"/><U41/><E119/><V63/><F72/><W30/><G71/><T2/><D69/><U23/><E104/><V101/><F131/><W95/><G114/><T60/><D38/><U15/><E43/><V67/><F133/><W117/><G117/><T123/><D74/><U87/><E126/><V19/><F113/><W57/><G124/><T121/><D2/><U13/><E73/><V129/><F11/><W55/><G40/><T51/><D132/><U59/><E68/><V17/><F129/><W34/><G37/><T64/><D105/><U78/><E111/><V33/><F33/><W120/><G120/><T7/><D109/><U130/><E130/><V29/><F29/><W0/><G135/><T48/><D7/><U44/><E41/><V103/><F86/><W6/><G6/><T76/><D76/><N who="1" m="29291" /><E87/><V56/><F82/><W53/><G95/><T102/><D102/><U125/><E125/><V134/><F134/><W16/><G16/><N who="0" m="12295" /><D98/><U128/><E128/><V45/><F96/><W97/><REACH who="3" step="1"/><G57/><REACH who="3" ten="219,285,381,105" step="2"/><T39/><D39/><U118/><E118/><V83/><F56/><W58/><G58/><T127/><D127/><U89/><E59/><V10/><F83/><W35/><AGARI ba="0,1" hai="0,1,3,25,27,30,31,34,35,53,55,88,93,97" machi="35" ten="30,7900,0" yaku="1,1,0,1,9,1,54,1,53,0" doraHai="42" doraHaiUra="46" who="3" fromWho="3" sc="219,-20,285,-39,381,-20,105,89" /><INIT seed="6,0,0,2,1,41" ten="199,246,361,194" oya="2" hai0="111,0,75,56,122,60,11,76,59,118,97,49,109" hai1="98,26,36,71,87,103,32,16,91,126,73,63,129" hai2="1,13,62,121,89,124,52,127,110,102,42,65,37" hai3="58,133,46,104,70,130,88,28,3,105,79,50,53"/><V112/><F121/><W125/><G3/><T131/><D122/><U80/><E36/><V33/><F1/><W100/><G70/><T119/><D97/><U38/><E38/><V17/><F33/><W78/><G130/><T48/><D76/><U81/><E126/><N who="2" m="48171" /><F110/><N who="0" m="41994" /><D75/><U7/><E7/><V22/><F112/><W44/><G125/><T69/><D131/><U34/><E81/><V82/><F102/><W39/><G39/><T114/><D114/><U25/><E73/><V6/><F6/><W64/><G64/><N who="0" m="41095" /><D11/><U55/><E103/><V95/><F82/><W47/><G133/><T106/><D106/><U8/><E8/><V24/><F24/><W85/><G28/><T90/><D90/><U12/><E26/><V43/><F37/><W68/><G68/><T14/><D14/><U83/><E12/><V123/><F65/><W27/><G27/><T23/><D23/><U31/><E129/><V20/><F20/><W54/><G54/><N who="0" m="31815" /><D0/><U128/><E128/><V92/><F92/><W9/><G9/><T51/><D59/><U99/><E71/><V86/><F123/><W40/><G40/><T134/><D134/><U5/><E25/><V61/><F22/><W4/><G4/><T94/><D94/><U10/><E5/><V132/><F13/><W135/><G135/><T74/><D74/><U19/><E10/><V35/><F132/><W93/><REACH who="3" step="1"/><G100/><REACH who="3" ten="199,246,361,184" step="2"/><T18/><D18/><U96/><E19/><V107/><F17/><W67/><G67/><T116/><AGARI ba="0,1" hai="49,51,116,118,119" m="31815,41095,41994" machi="116" ten="40,5200,0" yaku="12,1,34,2" doraHai="41" who="0" fromWho="0" sc="199,62,246,-13,361,-26,184,-13" /><INIT seed="7,0,0,0,0,16" ten="261,233,335,171" oya="3" hai0="1,30,0,95,27,131,49,45,80,52,132,114,73" hai1="79,97,7,130,128,92,91,55,77,103,19,14,72" hai2="66,100,67,54,81,93,31,58,34,86,25,21,13" hai3="112,109,108,15,20,133,53,106,129,65,105,89,96"/><W99/><G65/><T11/><D131/><N who="1" m="50219" /><E7/><V135/><F135/><W101/><G129/><T68/><D68/><U120/><E55/><V48/><F13/><W125/><G133/><T124/><D132/><U134/><E134/><V59/><F34/><W57/><G125/><T51/><D124/><U32/><E32/><V17/><F17/><W88/><G112/><T118/><D118/><U26/><E26/><V33/><F33/><W104/><G15/><T121/><D114/><U127/><E120/><V61/><F100/><W29/><G29/><T39/><D121/><U38/><E38/><V64/><F93/><W85/><G20/><T98/><D39/><U60/><E60/><V10/><F10/><W115/><G115/><T28/><D30/><U83/><E127/><V40/><F40/><W107/><G57/><T69/><D69/><U43/><E43/><V113/><F113/><W126/><G126/><T90/><D49/><U3/><E3/><V123/><F123/><W87/><G53/><T35/><REACH who="0" step="1"/><D11/><REACH who="0" ten="251,233,335,171" step="2"/><N who="1" m="6623" /><E72/><V102/><F102/><N who="3" m="62535" /><G109/><T9/><D9/><U41/><E41/><V74/><F74/><W47/><G108/><T94/><D94/><U4/><E4/><V5/><F5/><W18/><G18/><T56/><D56/><U2/><E2/><V23/><F23/><W119/><G119/><T46/><D46/><U6/><E6/><V44/><F59/><W78/><G47/><T24/><D24/><U50/><E50/><V70/><F70/><W84/><G78/><AGARI ba="0,1" hai="0,1,27,28,35,45,51,52,73,78,80,90,95,98" machi="78" ten="40,2600,0" yaku="1,1,54,1,53,0" doraHai="16" doraHaiUra="71" who="0" fromWho="3" sc="251,36,233,0,335,0,171,-26" /><AGARI ba="0,0" hai="21,25,31,44,48,54,58,61,64,66,67,78,81,86" machi="78" ten="30,3900,0" yaku="7,1,8,1,52,1" doraHai="16" who="2" fromWho="3" sc="287,0,233,0,335,39,145,-39" owari="287,9.0,233,-17.0,374,47.0,106,-39.0" /></mjloggm>