<mjloggm ver="2.3"><GO type="41" lobby="0"/><UN n0="%E2%93%9D%53%75%70%68%78" n1="%E3%82%8C%E3%82%93%EF%BC%81" n2="%E3%81%94%E3%82%80%E3%81%87%E3%82%93" n3="%E4%BA%AC%E9%83%BD%E3%83%9A%E3%83%B3%E3%82%AE%E3%83%B3" dan="17,14,14,17" rate="2050.28,1914.34,1939.83,2037.27" sx="M,M,M,M"/><TAIKYOKU oya="0"/><INIT seed="0,0,0,4,3,104" ten="250,250,250,250" oya="0" hai0="82,33,103,111,99,20,29,47,40,110,11,90,62" hai1="107,129,98,55,102,123,109,2,38,58,118,91,12" hai2="6,23,45,83,7,97,39,73,70,14,134,93,57" hai3="66,68,78,105,114,121,126,67,71,4,27,35,25"/><T124/><D33/><U52/><E123/><V42/><F70/><W46/><G105/><T60/><D11/><U72/><E118/><V113/><F134/><W64/><G121/><T108/><D124/><U86/><E38/><V31/><F113/><W56/><G114/><T44/><D90/><U65/><E2/><V54/><F73/><W135/><G126/><T79/><D20/><U26/><E129/><V89/><F83/><W24/><G135/><T9/><D9/><U0/><E0/><V30/><F14/><W50/><G35/><T49/><D29/><U119/><E119/><V116/><F23/><W100/><G100/><T17/><D47/><U41/><E41/><V32/><F32/><W96/><G96/><T77/><D17/><U8/><E26/><V5/><REACH who="2" step="1"/><F116/><REACH who="2" ten="250,250,240,250" step="2"/><W133/><G133/><T130/><D130/><U122/><E72/><V37/><F37/><W13/><G68/><T127/><D127/><U115/><E122/><V15/><F15/><W120/><G71/><T19/><D79/><U74/><E74/><V128/><F128/><W76/><G120/><T28/><D28/><U43/><E115/><V59/><F59/><W101/><G56/><T95/><D19/><U106/><E58/><V131/><F131/><W81/><G13/><T1/><D1/><U51/><E12/><V63/><AGARI ba="0,1" hai="5,6,7,30,31,39,42,45,54,57,63,89,93,97" machi="63" ten="30,4000,0" yaku="1,1,0,1,53,1" doraHai="104" doraHaiUra="84" who="2" fromWho="2" sc="250,-20,250,-10,240,50,250,-10" /><INIT seed="1,0,0,1,2,75" ten="230,240,290,240" oya="1" hai0="60,68,4,49,81,47,67,35,116,94,115,62,58" hai1="72,48,54,64,106,135,69,18,79,20,66,6,88" hai2="14,9,61,2,92,34,37,52,117,99,93,101,131" hai3="85,129,16,5,10,97,76,3,51,96,55,124,119"/><U17/><E106/><V98/><F2/><W24/><G129/><T110/><D35/><U90/><E135/><V78/><F34/><W80/><G124/><T40/><D94/><U83/><E6/><V127/><F37/><W125/><G125/><T100/><D100/><U38/><E38/><V22/><F131/><W45/><REACH who="3" step="1"/><G119/><REACH who="3" ten="230,240,290,230" step="2"/><T56/><D116/><U123/><E123/><V130/><F117/><W103/><G103/><T102/><D102/><U26/><E69/><V91/><F127/><W134/><G134/><T1/><D68/><U30/><E66/><V13/><F130/><W57/><G57/><T0/><D58/><U19/><REACH who="1" step="1"/><E64/><REACH who="1" ten="230,230,290,230" step="2"/><V43/><F101/><W95/><G95/><T41/><D67/><U71/><E71/><V46/><F93/><W42/><G42/><T29/><D41/><U32/><E32/><V126/><F92/><W84/><G84/><T77/><D40/><U50/><E50/><V39/><F43/><W112/><G112/><T36/><D49/><U104/><E104/><V73/><F126/><W44/><G44/><AGARI ba="0,2" hai="17,18,19,20,26,30,44,48,54,72,79,83,88,90" machi="44" ten="40,7700,0" yaku="1,1,52,1,54,1,53,0" doraHai="75" doraHaiUra="82" who="1" fromWho="3" sc="230,0,230,97,290,0,230,-77" /><INIT seed="1,1,0,1,3,44" ten="230,327,290,153" oya="1" hai0="29,50,69,117,63,99,101,13,65,110,129,10,113" hai1="60,100,87,35,111,5,120,77,106,54,17,21,39" hai2="32,95,97,126,11,57,24,90,104,130,121,41,6" hai3="78,12,118,46,16,123,75,128,93,53,42,96,25"/><U108/><E120/><V109/><F130/><W31/><G123/><T125/><D113/><U4/><E39/><V131/><F126/><W66/><G128/><T67/><D129/><U0/><E0/><V43/><F109/><N who="1" m="42057" /><E35/><V37/><F104/><W124/><G118/><T68/><D110/><U81/><E100/><V9/><F9/><W56/><G124/><T127/><D29/><U76/><E106/><V115/><F115/><W72/><G66/><T70/><D117/><U135/><E135/><V62/><F37/><W64/><G64/><T122/><D122/><U84/><E84/><V30/><F121/><W8/><G78/><T98/><D70/><U52/><E76/><V133/><F133/><W33/><G46/><T134/><D134/><U26/><E54/><V19/><F131/><W88/><REACH who="3" step="1"/><G42/><REACH who="3" ten="230,327,290,143" step="2"/><T51/><D127/><U102/><E102/><V114/><F43/><W28/><G28/><T91/><D125/><U36/><E36/><V40/><F114/><W38/><G38/><T14/><D101/><U80/><E60/><AGARI ba="1,1" hai="8,12,16,25,31,33,53,56,60,72,75,88,93,96" machi="60" ten="30,8000,1" yaku="1,1,7,1,54,2,53,1" doraHai="44" doraHaiUra="20" who="3" fromWho="1" sc="230,0,327,-83,290,0,143,93" /><INIT seed="2,0,0,1,3,118" ten="230,244,290,236" oya="2" hai0="129,88,10,50,33,27,36,93,31,105,89,134,70" hai1="98,59,73,110,90,102,91,0,109,82,26,42,125" hai2="30,117,19,25,51,11,123,135,23,39,3,119,5" hai3="46,106,115,41,120,131,94,24,121,111,16,28,116"/><V72/><F39/><W112/><G106/><T9/><D36/><U76/><E0/><V47/><F72/><W79/><G116/><T84/><D105/><N who="1" m="63703" /><E59/><V67/><F123/><N who="3" m="47179" /><G79/><T85/><D129/><U32/><E42/><V57/><F30/><W60/><G60/><T48/><D134/><U20/><E32/><V34/><F135/><W65/><G65/><T58/><D70/><U74/><E125/><V103/><F103/><W113/><G111/><N who="1" m="42506" /><E20/><V15/><F67/><W133/><G94/><T14/><D58/><U101/><E26/><V8/><F57/><W83/><G83/><T99/><D99/><U52/><E52/><V54/><REACH who="2" step="1"/><F34/><REACH who="2" ten="230,244,280,236" step="2"/><N who="3" m="20743" /><G133/><T18/><REACH who="0" step="1"/><D10/><REACH who="0" ten="220,244,280,236" step="2"/><U63/><E101/><V95/><F95/><AGARI ba="0,2" hai="9,14,18,27,31,33,48,50,84,85,88,89,93,95" machi="95" ten="30,8000,1" yaku="1,1,2,1,7,1,9,1,54,1,53,0" doraHai="118" doraHaiUra="92" who="0" fromWho="2" sc="220,100,244,0,280,-80,236,0" /><INIT seed="3,0,0,1,3,67" ten="320,244,200,236" oya="3" hai0="109,114,96,107,26,94,61,12,21,25,22,42,95" hai1="65,40,19,102,27,48,46,18,54,24,1,97,15" hai2="60,135,80,70,45,36,89,35,93,110,50,0,66" hai3="116,90,34,41,47,20,31,92,76,125,28,74,129"/><W128/><G116/><T10/><D109/><U124/><E1/><V122/><F35/><W7/><G125/><T59/><D107/><U6/><E124/><V17/><F0/><W13/><G34/><T58/><D42/><U5/><E65/><V64/><F36/><W134/><G134/><T68/><D68/><U120/><E120/><V119/><F66/><W9/><G76/><T33/><D33/><U103/><E40/><V84/><F135/><W117/><G74/><T83/><D83/><U79/><E79/><V121/><F119/><W53/><G53/><T111/><D111/><U106/><E103/><V69/><F69/><W81/><G81/><T100/><D95/><U86/><E19/><V127/><F127/><W38/><G117/><T3/><D3/><U118/><E118/><V85/><F17/><W91/><G90/><T71/><D114/><U108/><E108/><V77/><REACH who="2" step="1"/><F110/><REACH who="2" ten="320,244,190,236" step="2"/><W11/><G11/><T51/><D71/><U16/><E18/><V37/><F37/><W4/><G7/><T52/><D22/><U30/><E5/><V2/><F2/><W101/><G20/><T130/><D21/><U73/><E6/><V115/><F115/><W55/><G28/><T78/><D10/><U44/><E30/><V43/><AGARI ba="0,1" hai="43,45,50,60,64,70,77,80,84,85,89,93,121,122" machi="43" ten="30,4000,0" yaku="1,1,0,1,52,1,53,0" doraHai="67" doraHaiUra="99" who="2" fromWho="2" sc="320,-10,244,-10,190,50,236,-20" /><INIT seed="4,0,0,2,5,45" ten="310,234,240,216" oya="0" hai0="23,69,46,55,51,117,80,29,54,100,120,12,37" hai1="57,99,28,56,86,68,131,18,108,5,42,134,122" hai2="88,110,112,126,75,83,128,47,49,34,129,132,40" hai3="26,114,118,3,52,27,60,11,19,113,9,74,105"/><T1/><D117/><U50/><E122/><V61/><F110/><W121/><G105/><T103/><D1/><U90/><E108/><V13/><F34/><W96/><G74/><T67/><D120/><U135/><E68/><V76/><F132/><N who="1" m="50729" /><E5/><V17/><F126/><W85/><G96/><T71/><D37/><U4/><E4/><V127/><F61/><W31/><G85/><T107/><D67/><U41/><E131/><V124/><F88/><W73/><G73/><T98/><D103/><U33/><E99/><V59/><F59/><N who="3" m="34919" /><G3/><T7/><D71/><U32/><E28/><V93/><F93/><W14/><G121/><T115/><D80/><N who="1" m="49479" /><E18/><V133/><F133/><W35/><G118/><T64/><D69/><U123/><E123/><V94/><F94/><W89/><G89/><T116/><D116/><U58/><E42/><V36/><F129/><W0/><G26/><T38/><D107/><U39/><E39/><V97/><F128/><W25/><G25/><T70/><D38/><U79/><E79/><V102/><F36/><W53/><G53/><T2/><D55/><U72/><E72/><V78/><F78/><W8/><G0/><T44/><D2/><U48/><E41/><V125/><F97/><W10/><G113/><T109/><D115/><U22/><E22/><N who="2" m="11567" /><F112/><W87/><G114/><T81/><D109/><U77/><E77/><V84/><F75/><W62/><G87/><T21/><D98/><U24/><E24/><V15/><F15/><W101/><G101/><AGARI ba="0,0" hai="40,47,49,76,83,84,101,102,124,125,127" m="11567" machi="101" ten="30,2000,0" yaku="18,1,52,1" doraHai="45" who="2" fromWho="3" sc="310,0,234,0,240,20,216,-20" /><INIT seed="5,0,0,2,5,39" ten="310,234,260,196" oya="1" hai0="93,95,118,94,51,108,5,2,126,12,21,28,77" hai1="18,46,109,7,135,23,11,38,112,24,71,103,67" hai2="56,10,48,131,130,55,128,50,20,76,45,91,69" hai3="4,9,119,8,96,102,80,100,26,104,127,82,29"/><U65/><E135/><V124/><F69/><W59/><G127/><T111/><D118/><U33/><E112/><V121/><F124/><W31/><G119/><T107/><D107/><U58/><E71/><V17/><F121/><W61/><G102/><T75/><D2/><U16/><E103/><V43/><F10/><W49/><G49/><T57/><D75/><U78/><E78/><V27/><F76/><W117/><G117/><T15/><D126/><U63/><E109/><V53/><REACH who="2" step="1"/><F91/><REACH who="2" ten="310,234,250,196" step="2"/><W64/><G9/><T125/><D77/><U30/><E67/><V54/><AGARI ba="0,1" hai="17,20,27,43,45,48,50,53,54,55,56,128,130,131" machi="54" ten="40,8000,1" yaku="1,1,2,1,0,1,19,1,52,1,53,0" doraHai="39" doraHaiUra="133" who="2" fromWho="2" sc="310,-20,234,-40,250,90,196,-20" /><INIT seed="6,0,0,3,5,124" ten="290,194,340,176" oya="2" hai0="69,129,3,97,120,94,0,51,19,68,27,56,82" hai1="23,49,122,108,126,34,6,111,91,53,10,11,43" hai2="118,4,99,134,20,84,7,135,50,130,116,58,132" hai3="110,41,127,114,80,119,92,74,5,102,96,79,95"/><V66/><F130/><W47/><G127/><T42/><D120/><U35/><E126/><V100/><F84/><W131/><G119/><N who="2" m="45609" /><F20/><W39/><G110/><T117/><D69/><U87/><E122/><V40/><F40/><W65/><G65/><T38/><D68/><U25/><E43/><V36/><F36/><W8/><G114/><T115/><D115/><U75/><E75/><V85/><F85/><W81/><G81/><T9/><D129/><U109/><E11/><V31/><F31/><W24/><G24/><T18/><D27/><U72/><E72/><V15/><F15/><W54/><G54/><T83/><D9/><U101/><E101/><V44/><F50/><W67/><G67/><T26/><D26/><U103/><E103/><V104/><F44/><W52/><G52/><T30/><D30/><U1/><E23/><V29/><F29/><W133/><G133/><T121/><D38/><U32/><E25/><V128/><F128/><W21/><G21/><T88/><D121/><U57/><REACH who="1" step="1"/><E34/><REACH who="1" ten="290,184,340,176" step="2"/><V17/><F135/><W46/><G131/><T71/><D117/><U70/><E70/><V90/><F134/><W89/><G41/><T62/><D71/><U2/><E2/><V123/><F100/><W77/><G39/><T78/><D3/><U73/><E73/><V86/><F132/><W105/><G105/><T113/><D0/><U59/><E59/><V37/><F58/><W107/><G107/><T112/><D112/><U14/><E14/><V55/><F104/><W64/><G74/><T48/><D113/><U76/><E76/><V106/><F37/><RYUUKYOKU ba="0,1" sc="290,-10,184,30,340,-10,176,-10" hai1="1,6,10,32,35,49,53,57,87,91,108,109,111" /><INIT seed="7,1,1,2,2,95" ten="280,214,330,166" oya="3" hai0="64,104,100,75,69,113,51,62,3,126,66,68,110" hai1="43,6,25,14,87,54,109,1,20,41,27,108,102" hai2="67,10,123,9,53,85,94,112,90,18,106,52,134" hai3="58,36,5,115,42,13,135,119,22,0,121,2,60"/><W116/><G121/><T48/><D75/><U61/><E1/><V82/><F106/><W7/><G42/><T125/><D3/><N who="3" m="1065" /><G36/><T15/><D15/><U114/><E102/><V47/><F67/><W97/><G58/><T80/><D80/><U78/><E114/><V124/><F112/><W65/><G65/><T105/><D113/><U63/><E6/><N who="3" m="2058" /><G60/><T117/><D100/><U4/><E108/><V122/><F47/><W129/><G115/><T127/><D117/><N who="3" m="45129" /><G97/><T77/><D110/><U120/><E109/><V21/><F82/><W24/><G129/><T70/><D77/><U59/><E120/><V111/><F111/><W107/><G107/><T81/><D66/><U34/><E63/><V35/><F122/><W57/><G57/><N who="0" m="36943" /><D81/><U46/><E87/><V130/><F85/><W71/><G71/><T83/><D83/><U89/><E78/><V38/><F130/><W91/><G91/><T86/><D86/><U99/><E89/><V29/><F90/><W32/><G135/><T19/><D105/><U56/><E61/><V131/><F134/><W79/><G79/><T33/><D104/><U98/><E46/><V132/><F131/><W17/><G32/><T12/><D33/><U45/><E34/><V37/><F35/><W8/><G8/><AGARI ba="1,1" hai="8,12,19,48,51,68,69,70,125,126,127" m="36943" machi="8" ten="40,1300,0" yaku="18,1" doraHai="95" who="0" fromWho="3" sc="280,26,214,0,330,0,166,-16" owari="306,11.0,214,-19.0,330,43.0,150,-35.0" /></mjloggm>