<mjloggm ver="2.3"><GO type="41" lobby="0"/><UN n0="%E3%83%A4%E3%83%9E%E3%83%A2%E3%83%88%E3%82%B7%E3%83%B3" n1="%E2%93%9D%53%75%70%68%78" n2="%E3%82%B7%E3%83%A5%E3%83%B4%E3%82%A3%E3%83%BC" n3="%E8%8D%92%E7%86%8A" dan="14,18,14,16" rate="1992.55,2150.09,1944.84,2042.87" sx="M,M,M,M"/><TAIKYOKU oya="0"/><INIT seed="0,0,0,0,5,27" ten="250,250,250,250" oya="0" hai0="134,112,85,43,18,64,40,77,28,109,131,98,60" hai1="34,88,24,51,48,121,96,62,32,79,6,63,120" hai2="17,38,80,74,115,71,78,26,108,36,2,52,31" hai3="99,105,133,97,23,35,5,128,123,75,72,100,55"/><T117/><D117/><U86/><E6/><V135/><F115/><W70/><G35/><T132/><D112/><U54/><E79/><V122/><F122/><W111/><G111/><T39/><D131/><U81/><E96/><V57/><F71/><W119/><G119/><T114/><D114/><U42/><E42/><V82/><F108/><W47/><G70/><T124/><D109/><U58/><E51/><V90/><F2/><W91/><G133/><N who="0" m="51307" /><D39/><U76/><E34/><V68/><F17/><W103/><G5/><T8/><D98/><U12/><E12/><V56/><F68/><W101/><G128/><T49/><D49/><U129/><E129/><V92/><F82/><W106/><G123/><T89/><D77/><U21/><E32/><V127/><F57/><W107/><G47/><T83/><D28/><U16/><REACH who="1" step="1"/><E76/><REACH who="1" ten="250,240,250,250" step="2"/><V9/><F135/><W10/><G99/><T66/><D60/><AGARI ba="0,1" hai="16,21,24,48,54,58,60,62,63,81,86,88,120,121" machi="60" ten="40,8000,1" yaku="1,1,2,1,54,2,53,0" doraHai="27" doraHaiUra="4" who="1" fromWho="0" sc="250,-80,240,90,250,0,250,0" /><INIT seed="1,0,0,1,2,10" ten="170,330,250,250" oya="1" hai0="86,20,12,61,106,132,104,103,33,95,4,60,97" hai1="24,119,135,87,40,53,121,76,32,64,63,108,110" hai2="59,56,113,124,54,127,118,102,3,74,39,72,100" hai3="22,45,98,11,0,8,21,49,73,126,35,1,105"/><U115/><E115/><V78/><F118/><W55/><G73/><T68/><D132/><U90/><E119/><V99/><F113/><W14/><G35/><T7/><D33/><U89/><E121/><V17/><F3/><W111/><G111/><N who="1" m="42538" /><E40/><V134/><F134/><W43/><G126/><T91/><D106/><U88/><E53/><V117/><F117/><W82/><G0/><T71/><D60/><U84/><E76/><V52/><F78/><W125/><G82/><T13/><D20/><U41/><E41/><V46/><F17/><W31/><G31/><T27/><D27/><U44/><E44/><V133/><F133/><W36/><G125/><T38/><D38/><U26/><E135/><V112/><F112/><W70/><G8/><T75/><D75/><U130/><E130/><V47/><REACH who="2" step="1"/><F99/><REACH who="2" ten="170,330,240,250" step="2"/><W29/><G98/><T81/><D104/><U19/><E19/><V37/><AGARI ba="0,1" hai="37,39,46,47,52,54,56,59,72,74,100,102,124,127" machi="37" ten="25,12000,2" yaku="1,1,2,1,0,1,22,2,54,1,53,0" doraHai="10" doraHaiUra="67" who="2" fromWho="2" sc="170,-30,330,-60,240,130,250,-30" /><INIT seed="2,0,0,5,2,1" ten="140,270,370,220" oya="2" hai0="54,135,106,65,89,38,125,0,88,2,30,102,14" hai1="100,68,49,21,34,101,60,28,121,41,25,71,40" hai2="47,6,118,32,67,52,87,11,72,105,107,5,31" hai3="130,76,122,63,77,64,66,116,39,16,46,134,126"/><V95/><F72/><W110/><G116/><T53/><D38/><U48/><E34/><V109/><F118/><W112/><G122/><T83/><D125/><U29/><E21/><V43/><F67/><W80/><G110/><T4/><D30/><U15/><E15/><V20/><F32/><W8/><G126/><T119/><D119/><U131/><E60/><V127/><F127/><W98/><G130/><T59/><D135/><U10/><E10/><V37/><F109/><W26/><G98/><T56/><D65/><U133/><E25/><V129/><F129/><W96/><G96/><T108/><D108/><U3/><E3/><V117/><F117/><W103/><G103/><T51/><D102/><U36/><E131/><V91/><F52/><W44/><G134/><T62/><D106/><U27/><E27/><V90/><F5/><W13/><G39/><T73/><D89/><U69/><E36/><V81/><F20/><N who="3" m="13575" /><G112/><T93/><D83/><U61/><E71/><V114/><F31/><W79/><G80/><T17/><D73/><U92/><E133/><V113/><F114/><W99/><G99/><T12/><D12/><U85/><E121/><V104/><F113/><W124/><G124/><T24/><D24/><U97/><E97/><V123/><F123/><W70/><G70/><T111/><D111/><U94/><E85/><V74/><F74/><W45/><G63/><T57/><D4/><AGARI ba="0,0" hai="4,8,13,44,45,46,64,66,76,77,79" m="13575" machi="4" ten="30,3900,0" yaku="8,1,52,1,54,1" doraHai="1" who="3" fromWho="0" sc="140,-39,270,0,370,0,220,39" /><INIT seed="3,0,0,3,3,41" ten="101,270,370,259" oya="3" hai0="132,94,5,22,66,14,106,88,97,96,33,69,109" hai1="86,53,15,71,123,121,24,135,64,75,21,125,47" hai2="93,79,19,18,87,118,134,35,13,44,114,36,43" hai3="30,119,111,3,56,68,0,95,23,127,126,133,2"/><W25/><G68/><T20/><D109/><U67/><E75/><V120/><F118/><W32/><G119/><T130/><D33/><U16/><E135/><V7/><F114/><W129/><G56/><T83/><D132/><U51/><E125/><N who="3" m="47626" /><G133/><T42/><D83/><U74/><E74/><V1/><F134/><W112/><G95/><T101/><D130/><U10/><E71/><V76/><F93/><W73/><G73/><T116/><D116/><U40/><E86/><V104/><F76/><W54/><G54/><T63/><D5/><U62/><E53/><V98/><F79/><W117/><G117/><T60/><D14/><U85/><E85/><V108/><F87/><W124/><N who="3" m="47634" /><W77/><DORA hai="45" /><G77/><T131/><D131/><U11/><E11/><V100/><F98/><W122/><G122/><T72/><D72/><U82/><E82/><V48/><F108/><W103/><G103/><T52/><REACH who="0" step="1"/><D42/><REACH who="0" ten="91,270,370,259" step="2"/><U26/><E123/><V90/><F13/><W17/><G111/><T105/><D105/><U37/><E121/><V8/><F104/><W29/><G129/><T70/><D70/><U128/><E128/><V28/><F120/><W58/><G112/><T113/><D113/><U102/><E15/><V6/><F43/><W55/><G32/><T12/><D12/><U61/><E10/><V27/><F35/><W107/><G107/><T34/><D34/><U99/><E37/><V80/><F36/><W115/><G115/><T9/><D9/><U59/><E26/><V65/><F80/><W4/><G4/><T81/><D81/><U57/><E102/><RYUUKYOKU ba="0,1" sc="91,10,270,10,370,-30,259,10" hai0="20,22,52,60,63,66,69,88,94,96,97,101,106" hai1="16,21,24,40,47,51,57,59,61,62,64,67,99" hai3="0,2,3,17,23,25,29,30,55,58" /><INIT seed="3,1,1,5,0,80" ten="101,280,340,269" oya="3" hai0="61,38,129,132,115,100,22,39,96,36,32,55,30" hai1="44,56,20,130,42,104,71,88,99,67,16,40,37" hai2="79,53,77,119,103,74,12,5,126,51,4,23,124" hai3="1,52,101,9,31,21,112,76,62,27,60,57,33"/><W48/><G112/><T84/><D115/><U128/><E71/><V75/><F119/><W70/><G101/><T105/><D129/><N who="1" m="49771" /><E42/><V0/><F0/><W92/><G76/><N who="2" m="29257" /><F103/><W46/><G92/><T110/><D110/><U54/><E67/><V28/><F28/><W35/><G70/><T106/><D32/><U78/><E78/><V98/><F98/><W102/><G102/><T81/><D132/><U41/><E41/><V134/><F134/><W59/><G1/><T125/><D125/><N who="2" m="48234" /><F23/><W90/><G90/><T97/><D96/><U17/><E20/><V86/><F86/><W107/><G9/><T14/><D106/><U29/><E29/><V87/><F87/><W11/><G11/><T34/><D34/><U13/><E13/><V24/><F24/><W18/><G107/><T50/><D61/><N who="1" m="35991" /><E104/><V118/><F118/><W72/><G72/><N who="2" m="27689" /><F12/><W91/><G35/><T82/><D14/><U63/><E63/><N who="3" m="24106" /><G33/><T66/><D30/><U58/><E58/><AGARI ba="1,1" hai="4,5,51,53,58" m="27689,48234,29257" machi="58" ten="30,1000,0" yaku="18,1" doraHai="80" who="2" fromWho="1" sc="101,0,280,-13,340,23,269,0" /><INIT seed="4,0,0,4,1,56" ten="101,267,363,269" oya="0" hai0="118,131,4,133,55,76,59,115,69,21,112,104,123" hai1="91,82,44,111,109,18,128,35,134,122,117,60,127" hai2="126,61,54,130,81,67,72,11,5,25,10,94,38" hai3="2,19,98,34,43,93,85,87,20,26,74,84,108"/><T22/><D69/><U0/><E35/><V71/><F130/><W47/><G108/><T31/><D123/><U113/><E0/><V89/><F126/><W68/><G74/><T99/><D118/><U3/><E3/><V97/><F38/><W40/><G2/><T64/><D64/><U95/><E134/><V119/><F119/><W28/><G68/><T58/><D4/><U88/><E44/><V66/><F66/><W42/><G34/><T105/><D131/><U50/><E50/><V62/><F25/><W100/><REACH who="3" step="1"/><G28/><REACH who="3" ten="101,267,363,259" step="2"/><T78/><D31/><U101/><E111/><V46/><F72/><W110/><G110/><T114/><D133/><U124/><E128/><V86/><F5/><W63/><G63/><N who="0" m="36319" /><D59/><U33/><E109/><V129/><F129/><W90/><G90/><T52/><D52/><U24/><E91/><V83/><F71/><W77/><G77/><N who="0" m="29803" /><D99/><U41/><E117/><V13/><F97/><W1/><G1/><T92/><D92/><U51/><E95/><V8/><F67/><W39/><AGARI ba="0,1" hai="19,20,26,39,40,42,43,47,84,85,87,93,98,100" machi="39" ten="30,4000,0" yaku="1,1,0,1,53,1" doraHai="56" doraHaiUra="12" who="3" fromWho="3" sc="101,-20,267,-10,363,-10,259,50" /><INIT seed="5,0,0,5,0,22" ten="81,257,353,309" oya="1" hai0="35,127,85,88,134,8,82,70,29,18,108,1,104" hai1="112,56,111,27,121,11,3,46,61,4,92,75,20" hai2="99,94,89,83,0,81,126,123,37,109,32,135,103" hai3="133,10,96,131,41,28,118,25,31,77,58,39,117"/><U101/><E112/><V49/><F37/><W53/><G77/><T62/><D108/><U13/><E75/><V86/><F0/><W93/><G133/><T33/><D134/><U43/><E111/><V30/><F135/><W95/><G131/><T122/><D127/><U106/><E106/><V105/><F109/><W110/><G110/><T64/><D122/><U5/><E121/><V36/><F36/><W68/><G68/><T115/><D115/><U21/><E21/><V97/><F123/><W42/><G10/><T91/><D104/><U90/><E101/><V6/><F6/><W79/><G79/><T114/><D114/><U116/><E116/><N who="3" m="44650" /><G31/><T71/><D35/><U26/><E5/><V14/><F14/><W84/><G84/><T72/><D72/><U15/><E3/><V7/><F7/><W45/><G96/><T124/><D124/><U54/><E15/><V51/><F126/><W63/><G42/><T23/><D8/><U107/><E20/><AGARI ba="0,0" hai="20,25,28,39,41,45,53,58,63,93,95" m="44650" machi="20" ten="30,2000,0" yaku="12,1,52,1" doraHai="22" who="3" fromWho="1" sc="81,0,257,-20,353,0,309,20" /><INIT seed="6,0,0,3,4,121" ten="81,237,353,329" oya="2" hai0="26,49,108,78,7,73,12,41,128,14,4,77,39" hai1="115,25,47,124,54,106,22,24,21,91,116,100,66" hai2="9,75,57,130,93,99,86,35,111,50,105,36,23" hai3="61,87,69,0,107,94,56,117,30,60,74,72,81"/><V109/><F35/><W79/><G117/><T113/><D39/><U118/><E66/><V16/><F36/><W88/><G0/><T52/><D113/><U44/><E100/><V90/><F75/><W34/><G107/><T84/><D73/><U6/><E6/><V83/><F105/><W98/><G69/><T132/><D128/><U112/><E106/><V102/><F130/><W40/><G40/><T2/><D41/><U103/><E103/><V127/><F9/><W15/><G15/><T5/><D2/><U89/><REACH who="1" step="1"/><E54/><REACH who="1" ten="81,227,353,329" step="2"/><V126/><F127/><AGARI ba="0,1" hai="21,22,24,25,44,47,89,91,112,115,116,118,124,127" machi="127" ten="25,6400,0" yaku="1,1,2,1,22,2,53,0" doraHai="121" doraHaiUra="68" who="1" fromWho="2" sc="81,0,227,74,353,-64,329,0" /><INIT seed="7,0,0,3,4,52" ten="81,301,289,329" oya="3" hai0="79,17,106,47,78,34,37,89,68,118,20,6,53" hai1="119,124,44,50,56,98,84,92,134,40,111,27,90" hai2="76,46,9,24,75,67,63,13,43,95,49,42,35" hai3="93,55,4,125,113,71,133,65,51,88,104,109,121"/><W72/><G113/><T128/><D118/><U58/><E111/><V21/><F35/><W69/><G121/><T5/><D34/><U59/><E119/><V12/><F43/><W80/><G104/><T107/><D68/><U129/><E129/><V116/><F116/><W30/><G109/><T22/><D128/><U100/><E134/><V91/><F9/><W82/><G133/><T117/><D117/><U29/><E124/><V126/><F126/><W120/><G125/><T48/><D37/><U105/><E59/><V41/><F41/><W39/><G39/><T127/><D127/><U61/><E61/><V45/><F45/><W87/><G30/><T110/><D110/><U83/><E105/><V15/><F75/><W102/><G4/><T114/><D114/><U96/><E96/><V3/><F3/><W74/><G102/><T25/><D89/><U7/><E7/><V66/><F76/><W26/><G26/><T70/><D70/><U130/><E130/><V10/><F10/><W14/><G14/><T33/><D33/><AGARI ba="0,0" hai="27,29,33,40,44,50,56,58,83,84,90,92,98,100" machi="33" ten="30,3900,0" yaku="7,1,52,2" doraHai="52" who="1" fromWho="0" sc="81,-39,301,39,289,0,329,0" owari="42,-46.0,340,44.0,289,-11.0,329,13.0" /></mjloggm>