<mjloggm ver="2.3"><GO type="41" lobby="0"/><UN n0="%E6%89%93%E6%A8%8B%E6%B2%B3%E7%AB%A5%E4%B8%B8" n1="%E6%84%9B%E3%81%AB" n2="%E2%93%9D%53%75%70%68%78" n3="%69%4E%74%41%32" dan="15,14,16,13" rate="1991.45,1988.34,2055.96,1850.89" sx="M,F,M,M"/><TAIKYOKU oya="0"/><INIT seed="0,0,0,5,5,114" ten="250,250,250,250" oya="0" hai0="122,3,120,97,82,59,95,53,69,115,78,57,9" hai1="25,19,46,90,17,101,81,118,23,104,32,44,112" hai2="135,56,123,4,51,132,103,87,84,54,40,128,34" hai3="106,73,21,63,33,65,6,60,24,99,134,1,91"/><T93/><D115/><U111/><E112/><V42/><F34/><W102/><G60/><T86/><D69/><U30/><E111/><V31/><F31/><W26/><G73/><T52/><D3/><U61/><E118/><V127/><F103/><W70/><G91/><T36/><D36/><U22/><E104/><V47/><F4/><W37/><G134/><N who="2" m="51241" /><F127/><W67/><G67/><T107/><D107/><U10/><E101/><V13/><F128/><W68/><G68/><T11/><D97/><U94/><E32/><V50/><F13/><W76/><G76/><T16/><D86/><N who="2" m="32810" /><F123/><W110/><G110/><T96/><D96/><U83/><E30/><V72/><F72/><W62/><G62/><T100/><D100/><U117/><E61/><V125/><F125/><W129/><G129/><T80/><REACH who="0" step="1"/><D16/><REACH who="0" ten="240,250,250,250" step="2"/><U49/><E17/><V27/><F27/><W116/><G37/><T48/><D48/><U130/><E49/><V126/><F126/><W121/><G121/><T108/><D108/><U5/><E25/><V77/><F77/><AGARI ba="0,1" hai="9,11,52,53,57,59,77,78,80,82,93,95,120,122" machi="77" ten="25,9600,0" yaku="1,1,22,2,54,1,53,0" doraHai="114" doraHaiUra="35" who="0" fromWho="2" sc="240,106,250,0,250,-96,250,0" /><INIT seed="0,1,0,4,1,87" ten="346,250,154,250" oya="0" hai0="32,2,55,4,122,12,65,8,128,133,66,132,54" hai1="95,23,94,84,115,119,121,110,127,6,113,18,68" hai2="86,15,62,118,29,134,58,101,70,116,45,10,37" hai3="40,46,27,5,104,102,61,34,81,130,93,76,28"/><T41/><D32/><U14/><E119/><V72/><F72/><W106/><G130/><T111/><D122/><U47/><E121/><V63/><F101/><W50/><G61/><T9/><D41/><U56/><E68/><V69/><F29/><W90/><G102/><T13/><D2/><U98/><E110/><V26/><F26/><W79/><G5/><T31/><D31/><U78/><E127/><V17/><F134/><N who="0" m="51818" /><D111/><U105/><E105/><V11/><F45/><W39/><G39/><T64/><D128/><U30/><E30/><V107/><F107/><W7/><G7/><AGARI ba="1,0" hai="4,7,8,9,12,13,54,55,64,65,66" m="51818" machi="7" ten="30,1500,0" yaku="20,1" doraHai="87" who="0" fromWho="3" sc="346,18,250,0,154,0,250,-18" /><INIT seed="0,2,0,3,0,76" ten="364,250,154,232" oya="0" hai0="33,125,29,89,128,68,1,55,38,39,73,62,85" hai1="47,130,67,111,102,100,21,32,31,37,113,2,3" hai2="127,129,134,25,11,133,43,109,44,51,126,15,96" hai3="118,69,124,24,112,65,18,26,30,49,131,27,13"/><T16/><D73/><U72/><E72/><V115/><F115/><W82/><G49/><T104/><D104/><U4/><E113/><V93/><F25/><W59/><G69/><T10/><D128/><U61/><E130/><V108/><F15/><W46/><G131/><T99/><D99/><U75/><E111/><N who="2" m="42571" /><F11/><W58/><G30/><T121/><D121/><U41/><E32/><V53/><F93/><W56/><G118/><T123/><D123/><U77/><E21/><V106/><F96/><W35/><G35/><T19/><D55/><U0/><E31/><V14/><F14/><W20/><G112/><T60/><D68/><N who="1" m="42095" /><E100/><V90/><F90/><W119/><G119/><T70/><D70/><U103/><E103/><V117/><F106/><W135/><G135/><N who="2" m="51721" /><F129/><W116/><G124/><N who="2" m="47657" /><F117/><W12/><G116/><T40/><D33/><U95/><E95/><V98/><F98/><W107/><G107/><T57/><D29/><U9/><E102/><V105/><F105/><W80/><G12/><T86/><D10/><U63/><E63/><V91/><F91/><W34/><G34/><T6/><D125/><U94/><E94/><V122/><F122/><W22/><G22/><T36/><D62/><U83/><AGARI ba="2,0" hai="0,2,3,4,9,37,41,47,75,77,83" m="42095" machi="83" ten="30,7900,0" yaku="25,1,33,2,52,1" doraHai="76" who="1" fromWho="1" sc="364,-41,250,85,154,-22,232,-22" /><INIT seed="1,0,0,3,2,0" ten="323,335,132,210" oya="1" hai0="33,32,105,112,60,82,49,92,107,90,8,122,85" hai1="127,113,45,108,1,61,99,93,53,75,4,119,50" hai2="118,115,135,48,121,124,23,73,54,5,20,44,57" hai3="2,35,9,84,63,30,31,74,131,94,16,89,66"/><U97/><E113/><V70/><F118/><W13/><G74/><T7/><D112/><U106/><E119/><V91/><F115/><W19/><G131/><T128/><D128/><U6/><E75/><V67/><F121/><W39/><G39/><T123/><D49/><U3/><E127/><V21/><F135/><W117/><G117/><T12/><D60/><U87/><E108/><V120/><F120/><N who="0" m="46122" /><D92/><U101/><E1/><V18/><F70/><W116/><G116/><T114/><D114/><U25/><E3/><V104/><F104/><AGARI ba="0,0" hai="7,8,12,32,33,82,85,90,104,105,107" m="46122" machi="104" ten="30,2000,0" yaku="13,1,52,1" doraHai="0" who="0" fromWho="2" sc="323,20,335,0,132,-20,210,0" /><INIT seed="2,0,0,4,0,131" ten="343,335,112,210" oya="2" hai0="11,117,119,84,27,99,69,85,60,91,24,28,79" hai1="123,70,82,61,25,54,122,127,134,15,118,58,59" hai2="132,1,73,66,32,76,22,20,53,106,0,129,124" hai3="29,37,3,72,133,77,125,74,38,98,96,121,43"/><V41/><F129/><W40/><G29/><T36/><D36/><U128/><E128/><V115/><F115/><W26/><G26/><T21/><D99/><U35/><E118/><V110/><F66/><W68/><G77/><T88/><D79/><U47/><E82/><V120/><F41/><W105/><G3/><T44/><D44/><U50/><E127/><V2/><F120/><W51/><G51/><T114/><D114/><U104/><E104/><V67/><F67/><W97/><G105/><T14/><D60/><U111/><E111/><V86/><F32/><W7/><G7/><T34/><D69/><U93/><E70/><V92/><F106/><W107/><G107/><T113/><D113/><U75/><E75/><V103/><F124/><W90/><G98/><T65/><D65/><U8/><E93/><V56/><F110/><W48/><G48/><T30/><D85/><U83/><E83/><V100/><F73/><W6/><G6/><T17/><REACH who="0" step="1"/><D84/><REACH who="0" ten="333,335,112,210" step="2"/><U116/><E122/><V62/><F76/><W12/><G68/><T126/><D126/><U55/><E47/><V42/><F86/><W71/><G71/><T108/><D108/><U19/><E123/><V52/><F62/><W130/><G130/><T33/><D33/><U46/><E46/><V78/><F78/><W16/><G125/><T4/><D4/><U94/><E116/><AGARI ba="0,1" hai="11,14,17,21,24,27,28,30,34,88,91,116,117,119" machi="116" ten="40,8000,1" yaku="1,1,12,1,54,1,53,1" doraHai="131" doraHaiUra="18" who="0" fromWho="1" sc="333,90,335,-80,112,0,210,0" /><INIT seed="3,0,0,0,4,60" ten="423,255,112,210" oya="3" hai0="21,95,111,46,10,50,116,7,130,53,82,18,48" hai1="2,118,120,109,35,119,17,3,100,105,133,96,42" hai2="88,49,26,6,132,27,115,75,24,67,23,108,107" hai3="51,66,127,45,106,5,104,33,91,103,14,112,8"/><W57/><G112/><T83/><D111/><U43/><E109/><V92/><F108/><W101/><G33/><T74/><D130/><U41/><E120/><V59/><F107/><W65/><G106/><T76/><D82/><U113/><E113/><V69/><F75/><W125/><G104/><T38/><D38/><U40/><E35/><V0/><F69/><W85/><G57/><T124/><D124/><N who="3" m="47689" /><G103/><T22/><D18/><U99/><E133/><V15/><F0/><W61/><G61/><T9/><D9/><U84/><E17/><N who="2" m="10687" /><F6/><W36/><G36/><T58/><D95/><U114/><E114/><V52/><F132/><W93/><G101/><T70/><D116/><U117/><E96/><N who="2" m="57351" /><F115/><W11/><G11/><T28/><D28/><U80/><N who="1" m="10240" /><DORA hai="86" /><U78/><AGARI ba="0,0" hai="2,3,78,80,84,99,100,105,117,118,119" m="10240" machi="78" ten="50,6400,0" yaku="4,1,0,1,12,1" doraHai="60,86" who="1" fromWho="1" sc="423,-16,255,64,112,-16,210,-32" /><INIT seed="4,0,0,3,2,135" ten="407,319,96,178" oya="0" hai0="25,107,53,125,92,106,132,83,130,11,81,115,58" hai1="47,3,61,1,9,84,94,40,93,16,41,56,54" hai2="62,23,98,22,70,31,128,67,42,30,7,36,6" hai3="65,80,15,90,104,110,12,124,46,74,91,118,131"/><T33/><D115/><U50/><E1/><V34/><F128/><W24/><G104/><T97/><D132/><U71/><E3/><V17/><F34/><W26/><G110/><T73/><D130/><U99/><E71/><V122/><F122/><W28/><G65/><T39/><D39/><U129/><E129/><V37/><F98/><W64/><G64/><T114/><D114/><U133/><E133/><V88/><F42/><W35/><G118/><T14/><D81/><U87/><E40/><V19/><F67/><W0/><G0/><T77/><D25/><U49/><E49/><V10/><F10/><W2/><G2/><T44/><D44/><U116/><E116/><V66/><F66/><W96/><G80/><T134/><D33/><U63/><E63/><V48/><F48/><W8/><G46/><T21/><D21/><U119/><E93/><V79/><F62/><W52/><G35/><T57/><D57/><U103/><REACH who="1" step="1"/><E119/><REACH who="1" ten="407,309,96,178" step="2"/><V69/><REACH who="2" step="1"/><F79/><REACH who="2" ten="407,309,86,178" step="2"/><W86/><G131/><T4/><D134/><U127/><E127/><V51/><F51/><W38/><G124/><T89/><D125/><U111/><E111/><V76/><F76/><W5/><G96/><T55/><D53/><U18/><E18/><V117/><F117/><W45/><G52/><T113/><D55/><U102/><E102/><V32/><F32/><W101/><G101/><T126/><D126/><U68/><E68/><V72/><F72/><W13/><G74/><T82/><D73/><U78/><E78/><V43/><F43/><W120/><G120/><T27/><D77/><U75/><E75/><RYUUKYOKU ba="0,2" sc="407,-15,309,15,86,15,178,-15" hai1="9,16,41,47,50,54,56,61,84,87,94,99,103" hai2="6,7,17,19,22,23,30,31,36,37,69,70,88" /><INIT seed="5,1,2,5,1,130" ten="392,324,101,163" oya="1" hai0="20,104,44,69,113,5,16,118,43,109,1,4,75" hai1="80,21,14,7,128,83,62,19,77,54,107,61,129" hai2="66,17,24,111,86,122,85,36,27,56,31,71,50" hai3="102,100,76,48,51,114,79,84,93,32,92,98,110"/><U87/><E107/><V30/><F36/><W9/><G110/><T33/><D5/><U12/><E128/><V64/><F111/><W108/><G108/><T28/><D109/><U116/><E129/><V47/><F71/><W117/><G32/><T91/><D104/><U82/><E116/><V37/><F37/><W97/><G114/><T65/><D75/><U52/><E77/><V29/><F122/><W55/><G117/><T72/><D72/><U23/><E87/><N who="2" m="33291" /><F56/><W101/><G48/><T6/><D6/><U8/><REACH who="1" step="1"/><E21/><REACH who="1" ten="392,314,101,163" step="2"/><N who="2" m="13359" /><F27/><W13/><G84/><T74/><D20/><U125/><E125/><V60/><F60/><AGARI ba="1,3" hai="7,8,12,14,19,23,52,54,60,61,62,80,82,83" machi="60" ten="40,12000,1" yaku="1,1,8,1,54,1,53,2" doraHai="130" doraHaiUra="49" who="1" fromWho="2" sc="392,0,314,153,101,-123,163,0" owari="392,19.0,467,57.0,-22,-52.0,163,-24.0" /></mjloggm>