<mjloggm ver="2.3"><GO type="41" lobby="0"/><UN n0="%E3%83%AA%E3%83%BC%E3%83%81%E4%B8%80%E7%99%BA%E3%83%96%E3%83%A2" n1="%39%32%34%37%38%35%36%31" n2="%E2%93%9D%53%75%70%68%78" n3="%E3%83%A9%E3%83%B3%E3%82%B9%E4%B8%B6" dan="13,14,16,14" rate="1871.97,1876.98,2085.51,1960.37" sx="M,M,M,M"/><TAIKYOKU oya="0"/><INIT seed="0,0,0,0,0,1" ten="250,250,250,250" oya="0" hai0="123,115,71,104,131,28,90,128,109,52,31,121,5" hai1="9,2,58,118,80,43,34,106,73,17,51,56,81" hai2="102,111,20,110,122,97,61,94,98,3,100,32,33" hai3="130,23,26,125,133,75,63,41,47,19,88,101,132"/><T46/><D104/><U72/><E118/><V78/><F3/><W70/><G75/><T74/><D115/><U87/><E106/><V107/><F122/><W114/><G114/><T82/><D71/><U7/><E34/><V10/><F20/><W49/><G130/><N who="0" m="49707" /><D109/><N who="2" m="41482" /><F10/><W64/><G125/><T119/><D119/><U93/><E80/><V6/><F78/><W126/><G101/><T113/><D113/><U44/><E93/><V30/><F30/><N who="0" m="11306" /><D5/><U42/><E17/><V120/><F120/><W84/><REACH who="3" step="1"/><G126/><REACH who="3" ten="250,250,250,240" step="2"/><T39/><D74/><U25/><E73/><V12/><F102/><W68/><G68/><T76/><D121/><U105/><E72/><V37/><F100/><W35/><G35/><T38/><D123/><U134/><E105/><V124/><F107/><W18/><G18/><T27/><D39/><U65/><E134/><V57/><F37/><W129/><G129/><T48/><D38/><U11/><E43/><V127/><F127/><W108/><G108/><T91/><D27/><U103/><E42/><V29/><F124/><W69/><G69/><T99/><D99/><U0/><E103/><N who="2" m="60855" /><F98/><W112/><G112/><T8/><D8/><U59/><E9/><N who="2" m="4151" /><F29/><W77/><G77/><T79/><D79/><U92/><E11/><V22/><F22/><W60/><G60/><T85/><AGARI ba="0,1" hai="46,48,52,76,82,85,90,91" m="11306,49707" machi="85" ten="30,3000,0" yaku="19,1,54,1" doraHai="1" who="0" fromWho="0" sc="250,40,250,-10,250,-10,240,-10" /><INIT seed="0,1,0,3,2,86" ten="290,240,240,230" oya="0" hai0="34,23,30,130,54,9,18,25,121,20,0,71,15" hai1="63,53,77,60,75,123,102,66,49,22,68,57,129" hai2="21,95,16,10,64,13,33,38,124,69,73,40,62" hai3="115,93,44,119,51,82,134,17,58,110,132,96,98"/><T32/><D71/><U90/><E123/><V70/><F33/><N who="0" m="12906" /><D54/><U45/><E102/><V135/><F124/><W103/><G110/><T48/><D48/><U105/><E105/><V41/><F135/><N who="3" m="51755" /><G115/><T14/><D121/><U56/><E129/><V112/><F73/><W84/><G119/><T59/><D59/><U128/><E128/><V118/><F112/><W46/><G17/><N who="0" m="8399" /><D130/><U81/><E22/><V65/><F118/><W116/><G116/><T107/><D107/><U3/><E3/><AGARI ba="1,0" hai="0,3,15,18,20,23,25,30" m="8399,12906" machi="3" ten="30,12000,1" yaku="35,5" doraHai="86" who="0" fromWho="1" sc="290,123,240,-123,240,0,230,0" /><INIT seed="0,2,0,2,1,63" ten="413,117,240,230" oya="0" hai0="95,125,88,59,94,126,34,60,106,109,52,12,48" hai1="118,110,54,68,45,91,117,102,115,128,41,28,133" hai2="83,20,113,79,124,5,89,57,32,78,101,3,58" hai3="44,74,62,17,73,105,90,65,100,18,38,46,30"/><T43/><D34/><U81/><E110/><V49/><F32/><W47/><G30/><T92/><D106/><U112/><E128/><V0/><F101/><W132/><G38/><T33/><D33/><U96/><E133/><V116/><F113/><N who="1" m="43593" /><E28/><V82/><F5/><W122/><G132/><T66/><D43/><U50/><E68/><V135/><F124/><N who="0" m="47722" /><D12/><U8/><E8/><V61/><F116/><W6/><G6/><T35/><D35/><U10/><E10/><V98/><F3/><W19/><G90/><T29/><D29/><U13/><E13/><V67/><F0/><W134/><G134/><T85/><D109/><U39/><E81/><V4/><F83/><W108/><G108/><T37/><D37/><U51/><E91/><V24/><F4/><W31/><G31/><T107/><D107/><N who="1" m="63943" /><E50/><V127/><F127/><W77/><G122/><T40/><D40/><U55/><E39/><V111/><F135/><W87/><G105/><T131/><D131/><U70/><E70/><AGARI ba="2,0" hai="48,52,59,60,66,70,85,88,92,94,95" m="47722" machi="70" ten="30,11600,0" yaku="18,1,52,1,54,2" doraHai="63" who="0" fromWho="1" sc="413,122,117,-122,240,0,230,0" owari="535,64.0,-5,-51.0,240,4.0,230,-17.0" /></mjloggm>