<mjloggm ver="2.3"><GO type="41" lobby="0"/><UN n0="%73%6F%72%61%73%69" n1="%6D%7A%70%7A%33%36" n2="%E2%93%9D%53%75%70%68%78" n3="%77%61%6E" dan="15,13,17,13" rate="2006.99,1919.16,2049.04,1875.86" sx="M,M,M,M"/><TAIKYOKU oya="0"/><INIT seed="0,0,0,4,1,105" ten="250,250,250,250" oya="0" hai0="64,124,61,123,31,40,39,42,106,35,63,119,13" hai1="97,131,43,113,17,6,65,57,125,32,55,8,7" hai2="80,81,69,51,111,114,100,48,24,20,103,3,110" hai3="16,121,49,10,47,50,38,102,134,21,72,94,59"/><T122/><D119/><U115/><E32/><V11/><F69/><W23/><G134/><T4/><D106/><U76/><E65/><V33/><F33/><W87/><G121/><T83/><D124/><U0/><E43/><V116/><F11/><W99/><G72/><T91/><D63/><U56/><E56/><V9/><F9/><W15/><G38/><T98/><D4/><U88/><E6/><V54/><F114/><W129/><G129/><T1/><D13/><U18/><E131/><V104/><F3/><W27/><G87/><T117/><D1/><U86/><E76/><V92/><F92/><W101/><G23/><T68/><D117/><U128/><E97/><V30/><F51/><W74/><G74/><T127/><D127/><U46/><E46/><V93/><F104/><W77/><G77/><T14/><D14/><U130/><E125/><V41/><F41/><W85/><G85/><T53/><D42/><U19/><E57/><N who="2" m="32967" /><F93/><W28/><G47/><T133/><D40/><U95/><REACH who="1" step="1"/><E55/><REACH who="1" ten="250,240,250,250" step="2"/><V79/><F116/><W52/><REACH who="3" step="1"/><G49/><REACH who="3" ten="250,240,250,240" step="2"/><T84/><D35/><U126/><E126/><V12/><F79/><W108/><G108/><T22/><D122/><U25/><E25/><V82/><F111/><W34/><G34/><T120/><D123/><U96/><E96/><V37/><F110/><W45/><G45/><T109/><D98/><U60/><E60/><V26/><F26/><W135/><G135/><T73/><D61/><U107/><E107/><V58/><F24/><W70/><G70/><T44/><D133/><U71/><E71/><V89/><F58/><RYUUKYOKU ba="0,2" sc="250,-15,240,15,250,-15,240,15" hai1="0,7,8,17,18,19,86,88,95,113,115,128,130" hai3="10,15,16,21,27,28,50,52,59,94,99,101,102" /><INIT seed="1,1,2,0,2,128" ten="235,255,235,255" oya="1" hai0="47,133,107,50,89,52,49,22,17,48,43,92,73" hai1="76,77,13,84,135,127,99,131,96,124,10,67,5" hai2="7,55,97,37,12,2,121,59,126,74,112,104,82" hai3="79,115,40,54,69,88,72,28,117,111,44,25,81"/><U116/><E116/><V27/><F121/><W75/><G115/><T113/><D113/><U36/><E36/><V120/><F112/><W60/><G111/><T98/><D73/><U18/><E131/><V64/><F2/><W19/><G19/><T109/><D109/><U100/><E67/><V85/><F126/><N who="1" m="48169" /><E99/><V102/><F120/><W11/><G117/><T53/><D107/><U62/><E62/><V58/><F74/><W31/><G31/><T61/><D133/><U14/><E135/><V129/><F37/><W110/><G110/><T123/><D123/><U125/><N who="1" m="48177" /><U134/><DORA hai="87" /><E84/><V70/><F70/><W91/><G75/><T33/><D33/><U130/><E130/><V26/><F64/><W95/><G11/><T34/><D34/><U46/><E46/><V132/><F59/><W38/><G95/><T39/><REACH who="0" step="1"/><D61/><REACH who="0" ten="225,255,235,255" step="2"/><U90/><E134/><V80/><F132/><W16/><G69/><T3/><D3/><U45/><E45/><V4/><F129/><W118/><G118/><T106/><D106/><N who="1" m="63751" /><E90/><V6/><F104/><W0/><G0/><T108/><D108/><U83/><E83/><V105/><F82/><W51/><G60/><T93/><D93/><U30/><E77/><V15/><F80/><W86/><G72/><T20/><D20/><N who="1" m="11343" /><E76/><V63/><F105/><W8/><G28/><AGARI ba="1,3" hai="5,10,14,28,30" m="11343,63751,48177" machi="28" ten="40,2000,0" yaku="18,1" doraHai="128,87" who="1" fromWho="3" sc="225,0,255,53,235,0,255,-23" /><INIT seed="1,2,0,2,1,78" ten="225,308,235,232" oya="1" hai0="54,56,44,101,75,33,42,7,88,72,47,129,117" hai1="135,14,128,59,37,79,104,119,81,23,125,31,134" hai2="131,38,34,96,46,97,55,8,16,60,122,17,109" hai3="63,98,62,13,10,21,118,70,26,94,40,87,45"/><U126/><E119/><V48/><F122/><W120/><G120/><T52/><D117/><U43/><E104/><V95/><F34/><W61/><G118/><T99/><D33/><U25/><E14/><V116/><F131/><W19/><G70/><T28/><D129/><U93/><E93/><V84/><F109/><W113/><G113/><T3/><D28/><U4/><E4/><V130/><F38/><W67/><G87/><T65/><D65/><U36/><E59/><V74/><F74/><W103/><G40/><T30/><D30/><U112/><E112/><V121/><F121/><W6/><REACH who="3" step="1"/><G45/><REACH who="3" ten="225,308,235,222" step="2"/><T66/><D42/><U18/><E128/><V77/><F130/><W124/><G124/><N who="1" m="47722" /><E43/><V50/><F116/><W69/><AGARI ba="2,1" hai="6,10,13,19,21,26,61,62,63,67,69,94,98,103" machi="69" ten="20,5200,0" yaku="1,1,0,1,7,1,53,1" doraHai="78" doraHaiUra="91" who="3" fromWho="3" sc="225,-15,308,-28,235,-15,222,68" /><INIT seed="2,0,0,3,4,65" ten="210,280,220,290" oya="2" hai0="20,89,132,114,88,17,111,90,36,33,0,52,5" hai1="82,63,110,11,53,85,99,86,46,66,60,98,122" hai2="91,117,19,57,84,119,94,8,71,101,73,121,35" hai3="12,40,120,56,103,41,128,34,21,77,78,104,27"/><V58/><F121/><W10/><G120/><T9/><D114/><U32/><E122/><V107/><F35/><W67/><G128/><T105/><D111/><U1/><E110/><V62/><F73/><W69/><G69/><T44/><D132/><U15/><E1/><V43/><F43/><N who="3" m="16459" /><G34/><T68/><D105/><U31/><E31/><V95/><F107/><W3/><G103/><T45/><D36/><U123/><E32/><V28/><F28/><N who="3" m="17519" /><G3/><T79/><D33/><U54/><E54/><V109/><F109/><W133/><G104/><T30/><D30/><U4/><E86/><V108/><F108/><W81/><G81/><T125/><D125/><U14/><E14/><V116/><F101/><W39/><G39/><T134/><D134/><U96/><E123/><V129/><F129/><W48/><G48/><T25/><D79/><U87/><E87/><V61/><F95/><W100/><G100/><T102/><D102/><U59/><E46/><V83/><F94/><W24/><G24/><T72/><D72/><U92/><E92/><V113/><F113/><W13/><G13/><T6/><D6/><U131/><E131/><V126/><F126/><W135/><G135/><T50/><REACH who="0" step="1"/><D68/><REACH who="0" ten="200,280,220,290" step="2"/><U2/><E2/><V70/><F70/><W76/><G133/><T118/><D118/><U38/><E38/><V23/><F71/><W106/><G106/><T18/><D18/><U115/><E115/><V75/><F75/><W130/><G130/><T97/><D97/><U29/><E29/><V127/><F127/><W42/><G78/><T7/><D7/><U22/><E99/><RYUUKYOKU ba="0,1" sc="200,30,280,-10,220,-10,290,-10" hai0="0,5,9,17,20,25,44,45,50,52,88,89,90" /><INIT seed="3,1,1,5,1,7" ten="230,270,210,280" oya="3" hai0="49,101,63,23,58,53,70,80,114,128,9,120,71" hai1="106,92,44,75,73,108,48,126,78,135,116,64,28" hai2="61,17,107,125,122,82,11,111,85,13,117,133,5" hai3="54,83,2,119,1,60,3,99,84,88,32,52,67"/><W12/><G32/><T56/><D120/><U37/><E92/><V59/><F111/><W131/><G119/><T38/><D128/><U98/><E78/><V51/><F133/><W86/><G131/><T62/><D114/><U20/><E20/><V14/><F125/><W94/><G12/><T36/><D101/><U76/><E48/><V90/><F122/><W95/><G86/><T124/><D124/><U57/><E57/><V110/><F110/><W134/><G134/><T33/><D33/><U93/><E93/><V65/><F107/><W109/><G109/><T105/><D105/><U26/><E116/><V113/><F117/><W19/><G95/><T47/><D23/><U77/><E77/><V79/><F113/><W112/><G19/><T25/><D25/><U18/><E18/><V40/><F90/><W50/><G112/><T118/><D9/><U16/><E16/><V100/><F100/><W97/><G97/><T69/><D80/><U27/><E27/><V123/><F123/><W34/><G34/><T115/><D118/><U132/><E76/><V6/><REACH who="2" step="1"/><F14/><REACH who="2" ten="230,270,200,280" step="2"/><W102/><REACH who="3" step="1"/><G50/><REACH who="3" ten="230,270,200,270" step="2"/><T42/><REACH who="0" step="1"/><D115/><REACH who="0" ten="220,270,200,270" step="2"/><U91/><E108/><V46/><AGARI ba="1,4" hai="5,6,11,13,17,40,46,51,59,61,65,79,82,85" machi="46" ten="30,12000,2" yaku="1,1,2,1,0,1,8,1,52,1,53,1" doraHai="7" doraHaiUra="55" who="2" fromWho="2" sc="220,-31,270,-31,200,163,270,-61" /><INIT seed="4,0,0,3,5,54" ten="189,239,363,209" oya="0" hai0="45,129,128,48,107,106,102,41,15,119,68,83,88" hai1="34,11,98,85,51,26,117,6,70,40,114,91,111" hai2="72,36,113,90,82,123,46,99,17,16,112,76,96" hai3="100,109,25,3,29,60,94,116,110,71,132,108,32"/><T124/><D119/><U39/><E111/><V57/><F123/><W12/><G3/><T115/><D68/><U79/><E117/><V135/><F135/><W62/><G116/><T44/><D115/><N who="2" m="44106" /><F57/><W33/><G132/><T59/><D124/><U58/><E70/><V18/><F90/><W84/><G71/><T122/><D122/><U63/><E39/><V38/><F38/><W35/><G12/><T87/><D45/><U75/><E26/><V10/><F10/><W120/><G120/><T13/><D102/><U43/><E34/><V105/><F105/><N who="0" m="39946" /><D59/><U19/><E19/><V101/><F101/><W61/><G84/><T95/><D95/><U4/><E98/><V31/><F31/><W49/><G49/><T97/><D97/><U103/><E103/><V0/><F0/><W24/><G29/><T7/><D7/><U42/><E51/><V52/><F36/><W28/><G28/><T2/><D2/><U1/><E4/><V80/><F80/><W50/><G50/><AGARI ba="0,0" hai="16,17,18,46,50,52,72,76,82,96,99" m="44106" machi="50" ten="30,3900,0" yaku="15,1,54,2" doraHai="54" who="2" fromWho="3" sc="189,0,239,0,363,39,209,-39" /><INIT seed="5,0,0,4,0,113" ten="189,239,402,170" oya="1" hai0="7,95,103,1,86,37,75,99,126,121,25,42,17" hai1="82,81,127,38,6,26,58,4,23,68,61,96,57" hai2="18,48,84,115,80,101,2,134,39,64,117,0,40" hai3="88,102,10,112,129,106,76,20,105,34,3,130,87"/><U60/><E68/><V72/><F117/><W22/><G34/><T52/><D75/><U111/><E38/><V51/><F134/><W69/><G69/><T9/><D126/><U47/><E47/><V54/><F101/><W45/><G76/><T114/><D114/><U8/><E127/><V94/><F94/><W12/><G3/><T50/><D121/><U59/><E111/><V78/><F64/><W125/><G102/><T35/><D37/><U49/><E49/><V91/><F18/><W27/><G45/><T90/><D42/><U124/><E124/><V116/><F116/><W5/><G125/><T31/><D17/><U100/><E23/><V28/><F28/><W67/><G67/><T83/><D103/><U43/><E43/><V108/><F108/><W107/><G112/><T74/><D74/><U118/><E26/><V11/><F51/><W56/><G56/><T19/><D19/><U46/><E46/><V24/><F24/><W98/><G98/><T66/><D66/><U97/><E118/><V135/><F135/><W128/><G27/><T109/><D109/><U62/><E8/><V33/><F11/><W104/><N who="3" m="26624" /><DORA hai="36" /><W92/><AGARI ba="0,0" hai="5,10,12,20,22,87,88,92,128,129,130" m="26624" machi="92" ten="70,8000,1" yaku="4,1,0,1,19,1,54,1" doraHai="113,36" who="3" fromWho="3" sc="189,-20,239,-40,402,-20,170,80" /><INIT seed="6,0,0,3,3,121" ten="169,199,382,250" oya="2" hai0="74,130,34,103,129,87,3,57,49,76,124,108,79" hai1="63,102,91,97,41,116,111,2,114,86,11,18,82" hai2="106,24,65,68,56,113,123,89,13,94,75,33,42" hai3="117,96,7,112,22,78,125,8,133,126,51,50,44"/><V60/><F113/><W67/><G117/><T132/><D3/><U62/><E116/><V80/><F42/><W10/><G133/><T29/><D34/><U31/><E114/><V72/><F106/><W90/><G78/><T40/><D29/><U110/><E31/><V20/><F68/><W115/><G67/><T54/><D74/><U52/><E41/><V32/><F13/><W21/><G96/><T53/><D40/><U71/><E71/><V16/><F123/><W23/><G90/><T84/><D103/><U73/><E73/><V30/><F80/><W15/><G10/><T61/><D132/><U92/><E62/><V70/><F70/><W135/><G135/><T4/><D4/><U28/><E28/><V6/><F6/><W120/><G120/><T98/><D98/><U26/><E26/><V88/><F89/><W104/><G104/><T99/><D99/><U66/><E66/><V107/><F107/><W119/><G119/><T64/><D124/><N who="3" m="47721" /><G51/><T39/><D39/><U93/><E93/><V128/><F33/><W59/><G59/><N who="0" m="33199" /><D64/><U25/><E25/><V122/><F122/><W12/><G12/><T14/><D14/><U134/><E134/><V95/><F65/><W85/><G85/><N who="0" m="32843" /><D108/><U77/><E102/><V46/><F75/><W19/><G7/><T109/><D109/><U131/><E131/><AGARI ba="0,0" hai="54,57,61,76,79,129,130,131" m="32843,33199" machi="131" ten="30,1000,0" yaku="19,1" doraHai="121" who="0" fromWho="1" sc="169,10,199,-10,382,0,250,0" /><INIT seed="7,0,0,3,0,61" ten="179,189,382,250" oya="3" hai0="52,120,27,56,89,2,51,4,69,6,44,43,106" hai1="118,64,71,86,94,108,132,12,113,21,135,79,42" hai2="50,90,85,0,38,46,126,116,66,103,23,30,11" hai3="92,9,100,47,62,15,31,19,1,53,82,131,111"/><W48/><G131/><T8/><D120/><U122/><E122/><V125/><F116/><W83/><G111/><T88/><D106/><U109/><E118/><V28/><F66/><W54/><G1/><T18/><D69/><U110/><E113/><V59/><F59/><N who="3" m="35183" /><G31/><T84/><D6/><U29/><E42/><V78/><F30/><W58/><G47/><T114/><D114/><U65/><E71/><V75/><F28/><W57/><G57/><T45/><D45/><U14/><E14/><V87/><F0/><W80/><G92/><T77/><D27/><N who="1" m="16623" /><E12/><V32/><F46/><W129/><G129/><T97/><D97/><U10/><E10/><V60/><F32/><W67/><G100/><T123/><D123/><U37/><E37/><V49/><F103/><W20/><G67/><N who="1" m="25674" /><E110/><V36/><F36/><W124/><G124/><T63/><REACH who="0" step="1"/><D18/><REACH who="0" ten="169,189,382,250" step="2"/><U55/><E55/><V134/><F126/><W133/><G133/><N who="1" m="51274" /><E94/><V98/><F134/><W3/><G3/><T81/><AGARI ba="0,1" hai="2,4,8,43,44,51,52,56,63,77,81,84,88,89" machi="81" ten="30,8000,1" yaku="1,1,0,1,54,2,53,1" doraHai="61" doraHaiUra="72" who="0" fromWho="0" sc="169,90,189,-20,382,-20,250,-40" owari="259,6.0,169,-33.0,362,46.0,210,-19.0" /></mjloggm>