<mjloggm ver="2.3"><GO type="41" lobby="0"/><UN n0="%E3%83%96%E3%83%A9%E3%83%83%E3%82%AF%E3%83%96%E3%83%A9%E3%83%83%E3%82%AF" n1="%E2%93%9D%53%75%70%68%78" n2="%E3%81%97%E3%82%85%E3%81%8F%E3%81%8C%E3%82%8F%E3%82%89%E3%82%93" n3="%E3%82%A2%E3%83%AB%E3%83%95%E3%82%A1%E3%83%8E%E3%83%96%E3%83%AD%E3%82%B0" dan="15,18,15,14" rate="2039.23,2113.04,1975.52,1829.56" sx="M,M,M,M"/><TAIKYOKU oya="0"/><INIT seed="0,0,0,2,1,12" ten="250,250,250,250" oya="0" hai0="126,73,120,40,124,82,58,65,49,135,20,81,31" hai1="85,93,16,74,134,117,133,39,53,24,50,70,80" hai2="67,14,105,130,7,75,52,10,111,8,103,4,47" hai3="37,102,42,63,121,110,115,128,125,21,71,38,43"/><T68/><D120/><U76/><E39/><N who="3" m="14858" /><G21/><T36/><D31/><U96/><E117/><V97/><F111/><W123/><G102/><T131/><D20/><N who="1" m="13319" /><E70/><V108/><F108/><W35/><G35/><T55/><D73/><U28/><E74/><V127/><F130/><W84/><G84/><T109/><D109/><U1/><E1/><V99/><F127/><N who="0" m="48682" /><D131/><U0/><E0/><V106/><F67/><N who="3" m="41471" /><G110/><T45/><D135/><N who="1" m="51723" /><E28/><V64/><F64/><W33/><G33/><T26/><D26/><U100/><E53/><V86/><F75/><W119/><G125/><T27/><D27/><U114/><E50/><V101/><F86/><W54/><G128/><T104/><D104/><U57/><E57/><V23/><F23/><W18/><G119/><T59/><D59/><U107/><E114/><V118/><F118/><W29/><G29/><T32/><D32/><U78/><E107/><V34/><F34/><W5/><G115/><T113/><D113/><U122/><E122/><V6/><F10/><W91/><G121/><T19/><D65/><U112/><E112/><V95/><F106/><W87/><G54/><T116/><D116/><U69/><E69/><V25/><F25/><W44/><G44/><T98/><D68/><U88/><AGARI ba="0,0" hai="76,78,80,85,88,93,96,100" m="51723,13319" machi="88" ten="30,7900,0" yaku="20,1,52,1,54,2" doraHai="12" who="1" fromWho="1" sc="250,-39,250,79,250,-20,250,-20" /><INIT seed="1,0,0,5,2,35" ten="211,329,230,230" oya="1" hai0="68,55,119,66,114,133,96,83,25,90,105,38,12" hai1="107,121,124,94,82,109,79,100,19,113,125,70,10" hai2="87,17,47,63,58,98,65,0,29,92,62,51,99" hai3="104,86,52,43,32,80,84,15,126,103,40,9,112"/><U16/><E113/><V88/><F0/><W59/><G112/><T91/><D119/><U11/><E107/><V73/><F73/><W110/><G32/><T24/><D114/><U21/><E70/><V2/><F2/><W49/><G126/><N who="1" m="48746" /><E121/><V76/><F76/><N who="3" m="46087" /><G104/><T67/><D96/><N who="1" m="59415" /><E109/><V14/><F29/><W13/><G110/><T127/><D105/><U81/><E19/><V56/><F17/><N who="3" m="8367" /><G103/><T36/><D127/><U122/><E122/><V135/><F14/><W39/><G39/><T72/><D12/><N who="1" m="9351" /><E82/><V102/><F102/><W111/><G15/><T22/><D83/><U26/><E26/><V54/><REACH who="2" step="1"/><F135/><REACH who="2" ten="211,329,220,230" step="2"/><W123/><G123/><T117/><D133/><U60/><E60/><V116/><F116/><W129/><G111/><T1/><D117/><U89/><E89/><V106/><F106/><W42/><G129/><T118/><D91/><U20/><E20/><V33/><F33/><W30/><G30/><T37/><D90/><U108/><E108/><V48/><F48/><N who="3" m="31111" /><G86/><AGARI ba="0,1" hai="10,11,79,81,86" m="9351,59415,48746" machi="86" ten="30,2900,0" yaku="18,1,54,1" doraHai="35" who="1" fromWho="3" sc="211,0,329,39,220,0,230,-29" /><INIT seed="1,1,0,1,4,105" ten="211,368,220,201" oya="1" hai0="121,106,36,127,133,6,23,39,67,82,76,24,41" hai1="30,96,80,59,52,62,54,65,58,50,83,126,34" hai2="125,84,32,98,118,101,5,49,79,35,93,77,103" hai3="100,134,130,17,75,108,22,123,45,124,73,26,116"/><U2/><E2/><V16/><F118/><W78/><G123/><T0/><D23/><U88/><E126/><V104/><F125/><W99/><G124/><T42/><D127/><U44/><E34/><V70/><F5/><W86/><G116/><T61/><D133/><U15/><E30/><V7/><F70/><W21/><G134/><T29/><D42/><U74/><E74/><V20/><F7/><W128/><G128/><T115/><BYE who="3" /><D115/><U109/><E109/><V10/><F10/><W53/><G53/><T87/><D106/><U112/><E112/><V63/><F32/><W85/><G85/><UN n3="%E3%82%A2%E3%83%AB%E3%83%95%E3%82%A1%E3%83%8E%E3%83%96%E3%83%AD%E3%82%B0" /><T12/><D0/><U8/><E96/><V51/><F35/><W102/><G100/><T90/><D121/><U13/><E13/><V33/><F33/><W47/><G130/><T9/><D90/><U66/><E88/><N who="2" m="55591" /><F63/><W119/><G22/><T92/><D92/><U18/><E66/><V38/><F38/><W43/><G47/><T19/><D6/><U110/><E110/><V25/><F104/><N who="3" m="63583" /><G119/><T131/><D131/><U27/><E27/><V56/><F56/><W14/><G14/><BYE who="3" /><T71/><D24/><U111/><E111/><V1/><F1/><W97/><G97/><T64/><D29/><U95/><E95/><V107/><F107/><W3/><G3/><T122/><D122/><U94/><E94/><V11/><F11/><W48/><G48/><AGARI ba="1,0" hai="8,15,18,44,48,50,52,54,58,59,62,65,80,83" machi="48" ten="30,5800,0" yaku="7,1,8,1,54,1" doraHai="105" who="1" fromWho="3" sc="211,0,368,61,220,0,201,-61" /><INIT seed="1,2,0,5,0,36" ten="211,429,220,140" oya="1" hai0="90,105,65,62,75,129,33,8,119,84,128,112,44" hai1="22,89,37,77,55,61,20,9,66,0,83,41,31" hai2="126,124,47,34,101,38,97,48,96,88,56,2,15" hai3="120,78,73,107,43,117,80,53,79,131,94,29,133"/><U6/><E55/><V17/><F2/><W50/><G50/><T115/><D33/><UN n3="%E3%82%A2%E3%83%AB%E3%83%95%E3%82%A1%E3%83%8E%E3%83%96%E3%83%AD%E3%82%B0" /><U5/><E5/><V86/><F34/><W52/><G107/><T67/><D75/><U69/><E89/><V103/><F38/><W14/><G120/><T113/><D105/><U125/><E31/><V11/><F56/><W68/><G68/><T121/><D8/><U108/><E125/><N who="2" m="48235" /><F97/><W57/><G117/><T74/><D74/><U114/><E114/><V45/><F96/><W134/><G29/><T122/><D90/><U16/><E108/><V39/><F39/><W40/><G78/><T23/><D23/><U93/><E93/><N who="2" m="54423" /><F47/><W42/><G57/><T111/><D84/><U46/><E16/><V25/><F25/><W85/><G14/><T21/><D21/><U3/><E3/><V109/><F109/><W92/><G131/><N who="0" m="50251" /><D44/><U118/><E118/><V71/><F71/><W13/><G13/><T1/><D1/><U35/><E35/><V82/><F82/><W130/><G130/><T54/><D111/><U27/><E27/><V60/><F60/><W26/><G26/><T100/><D100/><U24/><E24/><V99/><F99/><W95/><G73/><AGARI ba="2,0" hai="0,6,9,20,22,37,41,46,61,66,69,73,77,83" machi="73" ten="30,11600,0" yaku="7,1,25,2,52,1" doraHai="36" who="1" fromWho="3" sc="211,0,429,122,220,0,140,-122" /><BYE who="3" /><INIT seed="1,3,0,4,3,80" ten="211,551,220,18" oya="1" hai0="15,82,125,59,88,107,111,48,104,126,93,131,14" hai1="27,18,97,42,45,41,29,91,63,66,57,127,28" hai2="43,128,84,52,56,1,118,109,68,78,106,46,120" hai3="72,119,24,22,69,105,134,121,19,108,135,53,77"/><U130/><E127/><N who="0" m="48649" /><D82/><U85/><E130/><V101/><F118/><W51/><G51/><T8/><D131/><U32/><E97/><V86/><F120/><W87/><G87/><N who="0" m="52383" /><D111/><U26/><E18/><V92/><F128/><W79/><G79/><T34/><D34/><U94/><REACH who="1" step="1"/><E45/><REACH who="1" ten="211,541,220,18" step="2"/><V33/><F109/><W16/><G16/><N who="0" m="8263" /><D15/><U114/><E114/><V4/><F1/><W132/><G132/><T20/><D20/><AGARI ba="3,1" hai="20,26,27,28,29,32,41,42,57,63,66,85,91,94" machi="20" ten="30,12000,1" yaku="1,1,7,1,52,1,53,2" doraHai="80" doraHaiUra="25" who="1" fromWho="0" sc="211,-129,541,139,220,0,18,0" /><INIT seed="1,4,0,1,4,95" ten="82,680,220,18" oya="1" hai0="40,39,82,26,121,131,96,28,91,10,8,97,107" hai1="130,2,64,120,81,58,45,129,102,88,108,51,110" hai2="34,43,69,122,37,47,83,1,135,98,59,90,115" hai3="9,19,105,67,125,68,53,65,62,17,66,52,116"/><U79/><E2/><V42/><F122/><W112/><G112/><T103/><D121/><U63/><E102/><V25/><F135/><W85/><G85/><T123/><D123/><U75/><E120/><V106/><F69/><W72/><G72/><T36/><D131/><N who="1" m="50187" /><E88/><V29/><F1/><W13/><G13/><T126/><D126/><U50/><E45/><V77/><F115/><W114/><G114/><T38/><D40/><U92/><E92/><V20/><F34/><W86/><G86/><T46/><D46/><U117/><E117/><V133/><F43/><W104/><G104/><T27/><D82/><U113/><E113/><V57/><F133/><W111/><G111/><AGARI ba="4,0" hai="50,51,58,63,64,75,79,81,108,110,111" m="50187" machi="111" ten="30,5800,0" yaku="14,1,10,1,19,1" doraHai="95" who="1" fromWho="3" sc="82,0,680,70,220,0,18,-70" owari="82,-32.0,750,85.0,220,2.0,-52,-55.0" /></mjloggm>