<mjloggm ver="2.3"><GO type="41" lobby="0"/><UN n0="%E2%93%9D%53%75%70%68%78" n1="%41%54%38%31%39%32" n2="%28%3D%5E%CF%89%5E%3D%29" n3="%E6%9D%B1%E9%A2%A8%E8%85%90%E6%95%97" dan="17,13,16,13" rate="2031.92,1826.29,2112.82,1873.22" sx="M,M,F,M"/><TAIKYOKU oya="0"/><INIT seed="0,0,0,4,4,72" ten="250,250,250,250" oya="0" hai0="119,102,132,104,7,103,11,122,19,15,5,76,82" hai1="67,6,90,25,109,41,101,18,93,40,116,66,10" hai2="123,129,24,50,54,13,83,81,130,86,135,95,51" hai3="98,31,69,35,27,68,8,62,87,78,28,20,47"/><T29/><D119/><U80/><E116/><V33/><F123/><W97/><G69/><T58/><D122/><U131/><E131/><N who="2" m="50187" /><F135/><W53/><G8/><T77/><D104/><U94/><E109/><V128/><F128/><W3/><G3/><T105/><D105/><U91/><E101/><N who="0" m="38409" /><D29/><U55/><E55/><V64/><F64/><N who="1" m="24617" /><E6/><N who="0" m="2057" /><D132/><U127/><E127/><V38/><F38/><W120/><G31/><T2/><D2/><U100/><E100/><V125/><F125/><W52/><G35/><T57/><D82/><U74/><E74/><V44/><F13/><W9/><G9/><T59/><AGARI ba="0,0" hai="11,15,19,57,58,59,76,77" m="2057,38409" machi="59" ten="30,6000,0" yaku="8,1,52,2" doraHai="72" who="0" fromWho="0" sc="250,60,250,-20,250,-20,250,-20" /><INIT seed="0,1,0,1,1,40" ten="310,230,230,230" oya="0" hai0="124,118,120,14,49,6,43,98,65,91,34,26,17" hai1="30,74,97,8,9,66,58,62,123,5,129,94,113" hai2="110,68,109,115,37,78,52,57,15,7,70,42,29" hai3="50,128,23,80,2,54,90,1,133,106,48,41,10"/><T31/><D118/><U32/><E123/><V108/><F115/><W107/><G2/><T103/><D120/><U44/><E129/><V95/><F29/><W3/><G3/><T105/><D124/><U119/><E74/><V69/><F78/><W4/><G50/><T13/><D6/><U111/><E119/><V99/><F7/><W63/><G23/><T85/><D65/><U81/><E113/><V64/><F15/><W73/><G73/><T46/><REACH who="0" step="1"/><D17/><REACH who="0" ten="300,230,230,230" step="2"/><U38/><E5/><V86/><F64/><W89/><G128/><T96/><D96/><U92/><E30/><V132/><F99/><W114/><G114/><T33/><D33/><U39/><E32/><V130/><F130/><W79/><G133/><T21/><D21/><U18/><E18/><V67/><F67/><W12/><G1/><T56/><D56/><U51/><E9/><V77/><F132/><W93/><G4/><T60/><D60/><U25/><E8/><V53/><F57/><W83/><G63/><T59/><D59/><U36/><E58/><V134/><F134/><W20/><G20/><T16/><D16/><U71/><E62/><V84/><F70/><W126/><G10/><T82/><AGARI ba="1,1" hai="13,14,26,31,34,43,46,49,82,85,91,98,103,105" machi="82" ten="20,12000,1" yaku="1,1,0,1,7,1,52,1,53,1" doraHai="40" doraHaiUra="24" who="0" fromWho="0" sc="300,133,230,-41,230,-41,230,-41" /><INIT seed="0,2,0,2,4,62" ten="433,189,189,189" oya="0" hai0="126,8,93,35,67,74,110,130,135,12,131,112,10" hai1="46,120,32,129,88,116,61,111,125,92,17,28,122" hai2="29,3,85,98,115,114,30,7,94,44,71,60,42" hai3="77,109,9,121,19,59,113,13,97,65,25,63,6"/><T89/><D112/><U47/><E116/><V5/><F85/><W108/><G113/><T15/><D35/><U127/><E28/><V21/><F115/><W4/><G77/><T128/><D126/><N who="1" m="48139" /><E32/><V76/><F76/><W79/><G79/><T86/><D135/><U119/><E17/><V58/><F71/><W102/><G121/><N who="1" m="46698" /><E119/><V132/><F132/><W56/><G25/><T91/><D110/><N who="3" m="42601" /><G59/><T11/><D74/><U123/><E111/><V50/><F114/><W24/><G24/><T1/><D1/><U69/><E129/><V39/><F39/><W53/><G53/><T14/><D91/><U64/><N who="1" m="46706" /><U41/><DORA hai="57" /><E41/><V82/><F82/><W23/><G23/><T90/><D90/><U101/><E101/><N who="2" m="60631" /><F3/><W48/><G48/><T95/><D89/><U84/><AGARI ba="2,0" hai="46,47,61,64,69,84,88,92" m="46706,48139" machi="84" ten="50,8000,1" yaku="18,1,52,2,54,1" doraHai="62,57" who="1" fromWho="1" sc="433,-42,189,86,189,-22,189,-22" /><INIT seed="1,0,0,4,3,95" ten="391,275,167,167" oya="1" hai0="48,28,36,54,52,26,39,32,108,56,112,120,82" hai1="97,62,116,42,34,8,15,83,77,7,31,67,21" hai2="103,20,29,64,109,88,122,38,117,57,10,3,14" hai3="132,9,47,130,1,43,58,74,50,60,127,78,73"/><U68/><E116/><V125/><F117/><W6/><G132/><T87/><D112/><U71/><E42/><V79/><F122/><W41/><G130/><T119/><D108/><U115/><E115/><V123/><F123/><W13/><G127/><T92/><D120/><U85/><E34/><V86/><F38/><W129/><G129/><T76/><D119/><U35/><E35/><V111/><F125/><W124/><G43/><T135/><D135/><U23/><E31/><V22/><F79/><W110/><G110/><N who="2" m="41993" /><F3/><W133/><G133/><T94/><D39/><U63/><E97/><V96/><F29/><W98/><G1/><T105/><D105/><U53/><E53/><V4/><F57/><W90/><G124/><T104/><D104/><U100/><REACH who="1" step="1"/><E100/><REACH who="1" ten="391,265,167,167" step="2"/><V66/><F66/><AGARI ba="0,1" hai="7,8,15,21,23,62,63,66,67,68,71,77,83,85" machi="66" ten="40,12000,1" yaku="1,1,2,1,9,1,53,2" doraHai="95" doraHaiUra="18" who="1" fromWho="2" sc="391,0,265,130,167,-120,167,0" /><INIT seed="1,1,0,0,1,6" ten="391,395,47,167" oya="1" hai0="11,55,83,89,62,93,126,85,98,18,34,0,9" hai1="123,97,44,60,127,21,119,69,120,76,27,30,42" hai2="112,90,12,80,14,31,20,41,61,54,16,5,116" hai3="67,84,39,133,103,24,95,29,135,17,132,115,82"/><U130/><E119/><V48/><F116/><W64/><G39/><T102/><D34/><U79/><E130/><V7/><F112/><W1/><G1/><T26/><D0/><U108/><E108/><V118/><F118/><W87/><G115/><T100/><D126/><U117/><E117/><V110/><F110/><W106/><G106/><T99/><D62/><U81/><E127/><V121/><F121/><W77/><G103/><T125/><D55/><U52/><E97/><V32/><F32/><W94/><G17/><T74/><D74/><U59/><E69/><V92/><F31/><W78/><G24/><T68/><D68/><U57/><E59/><V131/><F131/><W13/><G13/><T2/><D2/><U28/><E28/><V51/><F80/><W35/><G35/><T22/><D125/><U53/><E53/><V66/><F41/><W33/><G33/><T25/><D25/><U128/><E128/><V71/><F14/><W58/><G58/><T40/><REACH who="0" step="1"/><D40/><REACH who="0" ten="381,395,47,167" step="2"/><U43/><E43/><V56/><REACH who="2" step="1"/><F51/><REACH who="2" ten="381,395,37,167" step="2"/><W124/><G124/><T46/><D46/><U104/><E123/><V36/><F36/><W91/><G29/><T63/><D63/><U3/><E44/><V101/><F101/><W47/><G47/><T96/><D96/><AGARI ba="1,2" hai="5,7,12,16,20,48,54,56,61,66,71,90,92,96" machi="96" ten="30,3900,0" yaku="1,1,7,1,54,1,53,0" doraHai="6" doraHaiUra="73" who="2" fromWho="0" sc="381,-42,395,0,37,62,167,0" /><INIT seed="2,0,0,2,0,84" ten="339,395,99,167" oya="2" hai0="62,130,131,49,96,30,88,125,51,47,103,93,54" hai1="9,107,29,14,76,23,39,56,101,60,133,72,32" hai2="81,124,115,1,10,63,85,50,111,7,11,6,106" hai3="79,8,68,59,22,126,45,129,132,36,97,20,38"/><V70/><F115/><W90/><G68/><T128/><D125/><U65/><E133/><V27/><F124/><W127/><G59/><N who="0" m="35191" /><D30/><U44/><E32/><V15/><F106/><W16/><G8/><T82/><D47/><U13/><E76/><V26/><F111/><W83/><G20/><T0/><D0/><U122/><E72/><V55/><F63/><W91/><G38/><T64/><D64/><U105/><E101/><V40/><F70/><W18/><G18/><T99/><D82/><U98/><E98/><V123/><F123/><W69/><G69/><T77/><D77/><U35/><E35/><V67/><F67/><W104/><G129/><T135/><D135/><U86/><E86/><V3/><F3/><W108/><G108/><T43/><D43/><U2/><E2/><V102/><F102/><W19/><G19/><T42/><D42/><U12/><E122/><V89/><REACH who="2" step="1"/><F40/><REACH who="2" ten="339,395,89,167" step="2"/><W58/><G132/><T74/><D74/><U24/><E107/><AGARI ba="0,1" hai="49,51,88,93,96,99,103,107,128,130,131" m="35191" machi="107" ten="30,3900,0" yaku="19,1,52,1,54,1" doraHai="84" who="0" fromWho="1" sc="339,49,395,-39,89,0,167,0" /><INIT seed="3,0,0,1,3,114" ten="388,356,89,167" oya="3" hai0="64,38,11,74,35,0,25,90,63,5,30,60,129" hai1="12,69,126,14,22,42,49,36,93,81,84,106,50" hai2="23,117,108,71,121,118,55,16,58,88,10,111,113" hai3="97,21,34,133,7,4,47,79,82,103,27,9,125"/><W119/><G125/><T61/><D129/><U96/><E106/><V33/><F71/><W1/><G7/><T13/><D38/><U102/><E69/><V110/><F33/><W101/><G133/><T20/><D74/><U65/><E65/><V105/><F105/><W51/><G34/><T44/><D44/><U128/><E128/><V70/><F70/><W86/><G97/><T100/><D90/><U59/><E126/><V130/><F130/><W45/><G45/><T123/><D123/><U6/><E36/><V92/><F10/><W91/><G91/><T80/><D80/><U52/><E6/><V28/><F28/><W2/><G2/><T41/><D41/><U40/><E22/><V39/><F39/><W109/><G109/><T72/><D72/><U115/><E115/><V124/><F124/><W54/><REACH who="3" step="1"/><G119/><REACH who="3" ten="388,356,89,157" step="2"/><T95/><D35/><U104/><E104/><V127/><F127/><W116/><G116/><T77/><D0/><U18/><E12/><N who="2" m="9607" /><F113/><W66/><G66/><T46/><D64/><U99/><E99/><N who="2" m="57735" /><F121/><W53/><G53/><T75/><D5/><U56/><E14/><V57/><F57/><W62/><G62/><AGARI ba="0,1" hai="55,58,62,108,110,111,117,118" m="57735,9607" machi="62" ten="30,8000,1" yaku="14,1,52,2,54,2" doraHai="114" who="2" fromWho="3" sc="388,0,356,0,89,90,157,-80" /><INIT seed="4,0,0,5,4,52" ten="388,356,179,77" oya="0" hai0="73,125,33,39,69,22,65,12,34,82,49,118,110" hai1="17,85,41,19,47,43,105,13,92,59,55,3,51" hai2="36,64,116,113,25,119,50,134,100,58,95,56,26" hai3="109,129,18,117,87,132,40,122,86,78,35,84,103"/><T53/><D118/><N who="2" m="45098" /><F36/><W102/><G35/><T124/><D110/><U30/><E105/><V77/><F113/><W90/><G117/><T131/><D131/><U88/><E3/><V7/><F134/><W15/><G109/><T107/><D107/><U0/><E0/><V21/><F77/><W135/><G40/><T10/><D22/><U32/><E32/><V42/><F7/><W108/><G108/><T5/><D65/><U72/><E72/><V23/><F64/><W63/><G129/><T115/><D69/><U44/><E30/><N who="2" m="17759" /><F50/><W94/><G63/><T66/><D66/><U28/><E28/><N who="2" m="17455" /><F42/><N who="1" m="15881" /><E19/><V99/><AGARI ba="0,0" hai="56,58,95,99,100" m="17455,17759,45098" machi="99" ten="30,4000,0" yaku="12,1,52,2" doraHai="52" who="2" fromWho="2" sc="388,-20,356,-10,179,40,77,-10" /><INIT seed="5,0,0,1,2,33" ten="368,346,219,67" oya="1" hai0="42,96,59,11,123,78,25,111,106,56,71,84,126" hai1="99,14,53,88,16,38,19,108,3,17,124,119,110" hai2="26,43,130,66,132,61,94,52,20,51,32,5,91" hai3="135,44,81,31,7,65,74,18,90,41,98,64,45"/><U103/><E38/><V118/><F118/><W54/><G31/><T125/><D111/><N who="1" m="42539" /><E119/><V70/><F130/><W105/><G135/><T15/><D71/><U1/><E124/><N who="0" m="47721" /><D42/><U89/><E14/><V69/><F132/><W21/><G105/><T86/><D123/><U9/><E53/><V55/><F32/><W129/><G98/><T37/><D78/><U93/><E9/><V113/><F113/><W47/><G129/><T72/><D72/><U8/><E8/><V23/><F70/><W101/><G101/><N who="0" m="62759" /><D37/><U77/><E77/><V67/><F67/><W95/><G74/><T22/><D59/><U68/><E68/><V121/><F121/><W76/><G76/><T28/><D56/><U10/><E10/><V114/><F114/><W50/><G81/><T58/><D58/><U27/><E27/><V97/><F5/><AGARI ba="0,0" hai="5,11,15,22,25,28,84,86" m="62759,47721" machi="5" ten="30,1000,0" yaku="18,1" doraHai="33" who="0" fromWho="2" sc="368,10,346,0,219,-10,67,0" /><INIT seed="6,0,0,0,1,44" ten="378,346,209,67" oya="2" hai0="2,60,4,0,78,17,101,57,50,32,95,11,19" hai1="64,131,119,49,100,43,94,79,69,134,68,3,42" hai2="52,9,87,82,18,35,27,123,108,7,34,120,114" hai3="111,76,132,124,117,55,102,75,30,37,106,99,66"/><V115/><F108/><W5/><G111/><T67/><D32/><U127/><E119/><V112/><F18/><W13/><G55/><T12/><D2/><U74/><E134/><V84/><F84/><W90/><G13/><T91/><D0/><U58/><E131/><V24/><F35/><W45/><G30/><T126/><D126/><U83/><E127/><V105/><F105/><W46/><G5/><T20/><D78/><U26/><E3/><V86/><F86/><W113/><G66/><T121/><D121/><U1/><E1/><V92/><F92/><W73/><G37/><T125/><D101/><U89/><E100/><V23/><F34/><W81/><G45/><T128/><D128/><U80/><E80/><V110/><F110/><W71/><G71/><T16/><D125/><U47/><E42/><V6/><F9/><W88/><G46/><T116/><D116/><U70/><E26/><N who="2" m="9771" /><F23/><W93/><G117/><T96/><D20/><U129/><E129/><V40/><F40/><W104/><G132/><T130/><D130/><U22/><E22/><V59/><F123/><W56/><G56/><T103/><D103/><U133/><E133/><V41/><F41/><W29/><G29/><T8/><D8/><U10/><E10/><V62/><F120/><W98/><G124/><T14/><D14/><U122/><E122/><V97/><F97/><W65/><G65/><T21/><D21/><U135/><E135/><V53/><F53/><W28/><G28/><T36/><D36/><U72/><E58/><V31/><F31/><W118/><G118/><T15/><D15/><RYUUKYOKU ba="0,0" sc="378,15,346,-15,209,15,67,-15" hai0="4,11,12,16,17,19,50,57,60,67,91,95,96" hai2="6,7,52,59,62,82,87,112,114,115" /><INIT seed="6,1,0,2,2,15" ten="393,331,224,52" oya="2" hai0="135,70,122,74,132,113,88,51,108,99,44,23,119" hai1="11,87,31,40,28,110,65,17,59,85,20,57,10" hai2="26,16,43,5,86,95,98,103,89,50,75,48,97" hai3="93,41,37,106,52,18,84,61,29,53,77,9,105"/><V100/><F75/><W76/><G37/><T126/><D126/><U94/><E110/><V55/><F5/><W73/><G41/><T116/><D113/><U131/><E131/><V63/><F43/><W4/><G73/><T64/><D122/><U24/><E40/><V78/><F78/><W121/><G29/><N who="1" m="11338" /><E65/><V133/><F133/><N who="0" m="51274" /><D23/><U120/><E120/><V30/><F30/><W83/><G76/><T6/><D6/><U60/><E60/><V25/><F25/><W90/><G106/><T54/><D108/><U91/><E87/><V114/><F114/><W127/><G105/><T46/><D74/><U49/><E59/><N who="2" m="35327" /><F98/><W35/><G127/><T112/><D112/><U66/><E66/><V111/><F111/><W62/><G35/><T69/><D64/><U128/><E128/><V39/><F39/><W107/><G107/><T67/><D67/><U79/><E79/><V3/><F3/><W115/><G115/><T58/><D70/><U68/><E68/><V45/><F45/><N who="0" m="17514" /><D69/><U27/><E27/><V102/><F86/><N who="3" m="52439" /><G4/><T1/><D1/><U104/><E104/><V134/><F134/><W14/><G121/><T56/><D56/><U12/><E24/><V0/><F0/><W7/><G7/><T19/><D99/><U130/><E130/><V109/><F109/><W72/><G72/><T21/><D119/><U124/><E124/><V96/><F96/><W123/><G123/><T8/><D116/><U129/><E129/><V47/><F47/><W125/><G125/><T36/><D36/><U101/><E101/><V32/><F32/><W82/><G82/><RYUUKYOKU ba="1,0" sc="393,-30,331,10,224,10,52,10" hai1="10,11,12,17,20,49,57,85,91,94" hai2="16,26,48,50,89,95,97,100,102,103" hai3="9,14,18,52,53,61,62,77,83,84" /><INIT seed="6,2,0,3,1,108" ten="363,341,234,62" oya="2" hai0="113,53,75,102,80,57,66,106,9,24,20,117,6" hai1="48,124,98,52,74,51,0,125,35,56,62,26,33" hai2="64,130,95,123,132,92,60,11,45,25,43,22,5" hai3="71,63,37,19,61,44,83,118,14,110,86,133,29"/><V73/><F123/><W2/><G2/><T3/><D113/><U69/><E0/><V36/><F73/><W46/><G29/><T32/><D32/><U1/><E1/><V100/><F130/><W105/><G105/><T8/><D8/><U30/><E74/><V122/><F122/><W76/><G133/><T58/><D66/><U38/><E35/><V12/><F100/><W40/><G71/><T54/><D117/><U104/><E38/><V68/><REACH who="2" step="1"/><F132/><REACH who="2" ten="363,341,224,62" step="2"/><W109/><G118/><T85/><D102/><N who="1" m="62551" /><E51/><V126/><F126/><W87/><G110/><T10/><D75/><U27/><E125/><V119/><F119/><W79/><G109/><T49/><D49/><U128/><E124/><V23/><F23/><W67/><G46/><T112/><D20/><U84/><E48/><V28/><AGARI ba="2,1" hai="5,11,12,22,25,28,36,43,45,60,64,68,92,95" machi="28" ten="20,3900,0" yaku="1,1,0,1,7,1,53,0" doraHai="108" doraHaiUra="101" who="2" fromWho="2" sc="363,-15,341,-15,224,55,62,-15" /><INIT seed="6,3,0,5,1,104" ten="348,326,279,47" oya="2" hai0="74,13,114,52,71,103,99,77,109,80,27,75,108" hai1="51,76,30,24,135,121,102,19,89,49,44,4,72" hai2="37,82,5,33,23,18,21,125,26,25,129,43,83" hai3="119,55,45,97,124,134,14,42,73,11,48,126,94"/><V132/><F33/><W81/><G119/><T32/><D13/><U131/><E102/><V79/><F125/><W38/><G134/><T2/><D52/><U95/><E135/><V67/><F132/><W66/><G66/><T29/><D114/><U105/><E105/><V64/><F129/><W16/><G42/><T69/><D75/><U17/><E131/><V0/><F83/><W3/><G3/><T39/><D39/><U41/><E4/><V70/><F70/><W113/><G38/><T112/><D112/><U7/><E7/><V91/><F91/><W118/><G118/><T46/><D46/><U10/><E121/><V116/><F116/><W130/><G130/><T122/><D2/><U106/><E106/><V133/><F133/><W53/><G53/><T63/><D122/><U127/><E10/><V123/><F123/><W115/><G115/><T78/><D78/><U110/><E110/><N who="0" m="42601" /><D63/><U6/><E6/><V93/><F93/><W88/><REACH who="3" step="1"/><G113/><REACH who="3" ten="348,326,279,37" step="2"/><T1/><D1/><U128/><E128/><V12/><F0/><W120/><G120/><T56/><D56/><U36/><E127/><V96/><F43/><W101/><G101/><T85/><D71/><U61/><E36/><V68/><F37/><W20/><G20/><T92/><D69/><U8/><E8/><N who="2" m="4111" /><F68/><W15/><G15/><T59/><D59/><U31/><E51/><V90/><F67/><W111/><G111/><T34/><D34/><U98/><E61/><V58/><F64/><W28/><G28/><N who="1" m="10794" /><E24/><V40/><F26/><W62/><G62/><T65/><D65/><U50/><E50/><RYUUKYOKU ba="3,1" sc="348,10,326,10,279,-30,37,10" hai0="27,29,32,74,77,80,85,92,99,103" hai1="17,19,41,44,49,72,76,89,95,98" hai3="11,14,16,45,48,55,73,81,88,94,97,124,126" /><INIT seed="7,4,1,1,0,81" ten="358,336,249,47" oya="3" hai0="65,15,83,66,9,54,56,112,63,95,25,113,55" hai1="80,100,108,64,28,10,8,122,42,16,47,123,14" hai2="117,131,90,41,59,13,97,109,7,44,130,89,77" hai3="0,48,91,37,29,116,128,18,32,58,52,57,104"/><W132/><G116/><T111/><D111/><U5/><E108/><V99/><F109/><W27/><G104/><T126/><D126/><U45/><E64/><V12/><F117/><W62/><G37/><T19/><D95/><U70/><E70/><V43/><F77/><W6/><G132/><T79/><D25/><U92/><E28/><V106/><F59/><W76/><G76/><T110/><D66/><U49/><E80/><V98/><F106/><W125/><G125/><T35/><D35/><U133/><E133/><V60/><F60/><W93/><G128/><N who="2" m="49193" /><F7/><W107/><G107/><T3/><D3/><U38/><E92/><V33/><F33/><W23/><G6/><T17/><D17/><U75/><E100/><V22/><F22/><W120/><G120/><T94/><D94/><U50/><E75/><V124/><F124/><W30/><G32/><T119/><D110/><U11/><E38/><V115/><F115/><N who="0" m="44106" /><D119/><U102/><E102/><V39/><F43/><W4/><G4/><T40/><D40/><U21/><E5/><V121/><F121/><W67/><REACH who="3" step="1"/><G0/><REACH who="3" ten="358,336,249,37" step="2"/><T74/><AGARI ba="4,2" hai="9,15,19,54,55,56,63,65,74,79,83" m="44106" machi="74" ten="30,2000,0" yaku="15,1,11,1" doraHai="81" who="0" fromWho="0" sc="358,52,336,-9,249,-9,37,-14" owari="410,51.0,327,13.0,240,-16.0,23,-48.0" /></mjloggm>