<mjloggm ver="2.3"><GO type="41" lobby="0"/><UN n0="%E5%B7%9D%E5%B4%8E%E3%81%AE%E3%81%B2%E3%82%8D%E3%82%86%E3%81%8D" n1="%E7%AB%B9%E4%B8%96" n2="%72%65%6D" n3="%E2%93%9D%53%75%70%68%78" dan="15,14,14,16" rate="1967.88,1914.47,2037.77,2075.48" sx="M,F,M,M"/><TAIKYOKU oya="0"/><INIT seed="0,0,0,2,5,54" ten="250,250,250,250" oya="0" hai0="77,59,129,122,52,35,26,63,38,5,101,46,20" hai1="60,4,109,80,69,32,10,51,30,118,15,86,81" hai2="25,53,74,62,17,79,45,131,39,87,105,120,36" hai3="16,115,34,71,68,85,98,102,22,2,58,49,42"/><T24/><D122/><U133/><E118/><V103/><F74/><W27/><G115/><T135/><D101/><U57/><E109/><V61/><F120/><W12/><G2/><T88/><D77/><U123/><E123/><V64/><F131/><W128/><G128/><T70/><D129/><U91/><E69/><V94/><F105/><W130/><G130/><T44/><D5/><U41/><E133/><V67/><F79/><W83/><G34/><T6/><D6/><U104/><E104/><V33/><F33/><W14/><G71/><T3/><D70/><U47/><E30/><V31/><F17/><W89/><G68/><T112/><D38/><U9/><E9/><V21/><F45/><W73/><G73/><T132/><D112/><U110/><E110/><V23/><F23/><W75/><G75/><T50/><D3/><U99/><E99/><V40/><F40/><W66/><G42/><T56/><D88/><U55/><REACH who="1" step="1"/><E32/><REACH who="1" ten="250,240,250,250" step="2"/><V93/><F31/><W108/><G108/><T8/><D35/><U82/><AGARI ba="0,1" hai="4,10,15,41,47,51,55,57,60,80,81,82,86,91" machi="82" ten="20,12000,2" yaku="1,1,2,1,0,1,7,1,8,1,52,1,53,0" doraHai="54" doraHaiUra="65" who="1" fromWho="1" sc="250,-60,240,130,250,-30,250,-30" /><INIT seed="1,0,0,4,3,11" ten="190,370,220,220" oya="1" hai0="26,75,133,46,32,122,43,97,125,95,53,42,60" hai1="87,128,34,50,59,91,119,121,52,73,118,94,77" hai2="69,9,3,15,124,65,6,82,7,2,35,76,101" hai3="72,45,24,105,49,115,104,107,25,131,44,83,19"/><U29/><E121/><V90/><F124/><W8/><G115/><T86/><D75/><U28/><E128/><V111/><F111/><W66/><G66/><T21/><D32/><U13/><E73/><V51/><F35/><W108/><G108/><T88/><D122/><U5/><E77/><V79/><F101/><W98/><G98/><T113/><D133/><U17/><E5/><V20/><F20/><W30/><G131/><T74/><D125/><U96/><E96/><V93/><F6/><W64/><G64/><T56/><D74/><U120/><E120/><V18/><F51/><W48/><G83/><T47/><D113/><U63/><E63/><V103/><F103/><W100/><G100/><T57/><D56/><U134/><E134/><V132/><F132/><W127/><G72/><T61/><D60/><U54/><E54/><V0/><F82/><W67/><G67/><T116/><D86/><U81/><E81/><V10/><F2/><W80/><G80/><T117/><D116/><U41/><E41/><N who="0" m="15369" /><D117/><N who="1" m="44555" /><E34/><V78/><F0/><W4/><G127/><T40/><N who="0" m="15377" /><T106/><DORA hai="126" /><D106/><U55/><E55/><V62/><REACH who="2" step="1"/><F76/><REACH who="2" ten="190,370,210,220" step="2"/><W85/><G107/><T33/><D33/><U84/><E84/><AGARI ba="0,1" hai="3,7,9,10,15,18,62,65,69,78,79,84,90,93" machi="84" ten="30,8000,1" yaku="1,1,2,1,7,1,52,1,53,1" doraHai="11,126" doraHaiUra="12,31" who="2" fromWho="1" sc="190,0,370,-80,210,90,220,0" /><INIT seed="2,0,0,0,3,63" ten="190,290,300,220" oya="2" hai0="44,10,6,49,35,112,117,34,69,11,98,62,72" hai1="134,67,8,109,54,106,24,115,14,118,130,5,50" hai2="133,103,32,19,21,86,127,2,116,57,51,0,101" hai3="12,15,85,83,120,74,114,46,123,77,1,23,90"/><V111/><F116/><W104/><G1/><T121/><D112/><U60/><E106/><V95/><F127/><W17/><G114/><T33/><D117/><U38/><E115/><V113/><F113/><W45/><G104/><T89/><D72/><U58/><E118/><V81/><F32/><W82/><REACH who="3" step="1"/><G15/><REACH who="3" ten="190,290,300,210" step="2"/><T75/><D121/><AGARI ba="0,1" hai="12,17,23,45,46,74,77,82,83,85,90,120,121,123" machi="121" ten="40,2600,0" yaku="1,1,2,1,53,0" doraHai="63" doraHaiUra="59" who="3" fromWho="0" sc="190,-26,290,0,300,0,210,36" /><INIT seed="3,0,0,3,2,40" ten="164,290,300,246" oya="3" hai0="100,70,52,101,46,111,87,81,14,5,28,104,60" hai1="56,62,41,89,12,42,85,26,133,31,10,61,3" hai2="92,121,49,132,17,105,116,29,86,73,78,131,76" hai3="98,113,93,117,6,51,30,18,45,13,74,79,69"/><W129/><G113/><T134/><D111/><U23/><E3/><V32/><F116/><W11/><G69/><T107/><D28/><U68/><E68/><V110/><F110/><W123/><G129/><T25/><D25/><U37/><E133/><V120/><F17/><W84/><G74/><T36/><D134/><U64/><E61/><V53/><F132/><W44/><G123/><T55/><D70/><U128/><E37/><V4/><F105/><W15/><G30/><T124/><D124/><U1/><E1/><V90/><F4/><W7/><G117/><T47/><D36/><U24/><E24/><N who="2" m="18471" /><F73/><W19/><G84/><T63/><D14/><U43/><E128/><V91/><F91/><N who="3" m="55615" /><G79/><T54/><D5/><N who="3" m="1545" /><G51/><T99/><D63/><U8/><REACH who="1" step="1"/><E12/><REACH who="1" ten="164,280,300,246" step="2"/><V48/><F131/><W82/><G82/><AGARI ba="0,1" hai="8,10,23,26,31,41,42,43,56,62,64,82,85,89" machi="82" ten="40,5200,0" yaku="1,1,2,1,8,1,53,0" doraHai="40" doraHaiUra="75" who="1" fromWho="3" sc="164,0,280,62,300,0,246,-52" /><INIT seed="4,0,0,1,1,80" ten="164,342,300,194" oya="0" hai0="30,15,111,49,63,73,23,126,19,96,10,77,36" hai1="67,29,66,13,56,100,82,3,91,131,99,133,101" hai2="132,32,113,81,104,4,61,92,102,115,76,53,28" hai3="84,112,108,116,79,125,135,17,103,2,37,65,64"/><T24/><D36/><U134/><E3/><V71/><F132/><N who="1" m="50793" /><E131/><V121/><F121/><W39/><G116/><T8/><D111/><U130/><E130/><V22/><F4/><W25/><G112/><T110/><D110/><U35/><E13/><V5/><F5/><W51/><G125/><T117/><D117/><U118/><E118/><V129/><F22/><W95/><G2/><T105/><D126/><U68/><E68/><V27/><F92/><W120/><G39/><T47/><D63/><N who="1" m="38247" /><E67/><N who="2" m="41455" /><F53/><W21/><G65/><T46/><D8/><U124/><E124/><V40/><F40/><W74/><G64/><T75/><D77/><U0/><E0/><V42/><F42/><W14/><G79/><T50/><D105/><U57/><E57/><V106/><F129/><W55/><G135/><T90/><D73/><U7/><E7/><V41/><F41/><W52/><G74/><T89/><D75/><U54/><E54/><V62/><F62/><W58/><G55/><T127/><D127/><U128/><E128/><V26/><F26/><W11/><G108/><T48/><D90/><U72/><E99/><N who="2" m="61535" /><F106/><W70/><G70/><T43/><D47/><U98/><E98/><V109/><F109/><W122/><G37/><T45/><D45/><U44/><E44/><V60/><F60/><W18/><G103/><T88/><D89/><U97/><E97/><V1/><F1/><W123/><G123/><T33/><REACH who="0" step="1"/><D10/><REACH who="0" ten="154,342,300,194" step="2"/><U9/><E9/><V93/><F76/><W16/><G122/><T34/><D34/><U86/><E72/><V59/><F32/><W94/><G120/><RYUUKYOKU ba="0,1" sc="154,15,342,15,300,-15,194,-15" hai0="15,19,23,24,30,33,43,46,48,49,50,88,96" hai1="29,35,82,86,91,100,101" /><INIT seed="4,1,1,3,1,133" ten="169,357,285,179" oya="0" hai0="86,121,117,63,9,130,8,32,48,33,82,20,58" hai1="54,23,97,93,85,21,38,68,111,24,26,47,1" hai2="73,46,102,79,103,69,131,74,18,65,90,12,127" hai3="88,41,50,91,116,5,22,92,67,128,80,3,87"/><T44/><D121/><U96/><E111/><V109/><F109/><W105/><G105/><T135/><D117/><U55/><E1/><V134/><F134/><W120/><G116/><T28/><D135/><U4/><E68/><V99/><F131/><W14/><G3/><T34/><D28/><U132/><E132/><V13/><F13/><W35/><G35/><T84/><D20/><N who="1" m="7755" /><E4/><V60/><F90/><W76/><G67/><T125/><D130/><U25/><E38/><V89/><F89/><W61/><G61/><T71/><D71/><U107/><E107/><V57/><F57/><W19/><G120/><T36/><D36/><U66/><E66/><V115/><F115/><W119/><G119/><T118/><D118/><U62/><E85/><V49/><F103/><W53/><G128/><T2/><D2/><U81/><E81/><V52/><F79/><W77/><G41/><T43/><D125/><U108/><E108/><V39/><F127/><W31/><G5/><T0/><D0/><U78/><E78/><V51/><F51/><W30/><G77/><T64/><REACH who="0" step="1"/><D82/><REACH who="0" ten="159,357,285,179" step="2"/><U16/><E26/><V11/><REACH who="2" step="1"/><F39/><REACH who="2" ten="159,357,275,179" step="2"/><W100/><G76/><T17/><D17/><U110/><E16/><V123/><F123/><W59/><G100/><T45/><D45/><U114/><E47/><V27/><F27/><W101/><G101/><T29/><D29/><U15/><E24/><V42/><F42/><W37/><G37/><T83/><D83/><U95/><E25/><V94/><AGARI ba="1,3" hai="11,12,18,46,49,52,60,65,69,73,74,94,99,102" machi="94" ten="20,12000,2" yaku="1,1,0,1,7,1,54,1,53,2" doraHai="133" doraHaiUra="104" who="2" fromWho="2" sc="159,-61,357,-31,275,153,179,-31" /><INIT seed="5,0,0,0,2,60" ten="98,326,428,148" oya="1" hai0="66,103,57,108,125,73,47,114,31,123,86,106,14" hai1="104,113,37,74,115,118,126,36,33,42,7,93,109" hai2="38,128,0,72,130,129,32,40,3,120,71,90,27" hai3="124,87,35,112,70,91,34,81,46,127,19,48,4"/><U119/><E33/><V134/><F120/><W83/><G112/><N who="1" m="43082" /><E7/><V15/><F72/><W39/><G39/><N who="1" m="14922" /><E74/><V85/><F134/><W10/><G70/><T101/><D86/><U80/><E104/><V98/><F98/><W55/><G83/><T97/><D47/><U135/><E80/><N who="2" m="49447" /><F71/><W43/><G43/><T111/><D57/><U1/><E1/><V122/><F122/><W13/><REACH who="3" step="1"/><G4/><REACH who="3" ten="98,326,428,138" step="2"/><T132/><D123/><U45/><E109/><V51/><F40/><W17/><G17/><T12/><D108/><U41/><E135/><V30/><F30/><W76/><G76/><T26/><D132/><U54/><E126/><AGARI ba="0,1" hai="10,13,19,34,35,46,48,55,81,87,91,124,126,127" machi="126" ten="40,8000,1" yaku="1,1,25,2,18,1,53,0" doraHai="60" doraHaiUra="2" who="3" fromWho="1" sc="98,0,326,-80,428,0,138,90" /><INIT seed="6,0,0,3,5,68" ten="98,246,428,228" oya="2" hai0="41,79,58,52,30,15,72,90,106,44,113,0,6" hai1="112,53,60,67,12,63,134,84,17,96,51,108,83" hai2="8,74,62,114,14,76,130,115,57,80,28,117,26" hai3="22,59,13,5,110,9,29,132,56,109,77,16,97"/><V71/><F71/><W3/><G77/><T21/><D106/><U94/><E108/><V81/><F81/><W54/><G132/><T119/><D90/><U39/><E39/><V55/><F130/><W87/><G59/><T31/><D119/><U85/><E112/><V48/><F117/><W103/><G87/><T91/><D91/><U43/><E43/><V65/><F14/><W100/><G100/><T69/><D69/><U37/><E37/><V126/><F8/><W129/><G29/><T93/><D93/><U73/><E73/><V7/><F7/><W1/><G1/><T89/><D89/><N who="1" m="55375" /><E134/><V10/><F10/><W61/><REACH who="3" step="1"/><G129/><REACH who="3" ten="98,246,428,218" step="2"/><T120/><D30/><U38/><E84/><V131/><F131/><W123/><G123/><T33/><D120/><U86/><E85/><V116/><F28/><W135/><G135/><T32/><D31/><U92/><E86/><V24/><F57/><W19/><G19/><N who="0" m="10495" /><D33/><U11/><E17/><V34/><F34/><W78/><G78/><T4/><D32/><U36/><E83/><V122/><F80/><W82/><G82/><N who="0" m="45415" /><D58/><U99/><E99/><V121/><F76/><W75/><G75/><T95/><D95/><AGARI ba="0,1" hai="3,5,9,13,16,22,54,56,61,95,97,103,109,110" machi="95" ten="30,7700,0" yaku="1,1,7,1,54,1,53,1" doraHai="68" doraHaiUra="98" who="3" fromWho="0" sc="98,-77,246,0,428,0,218,87" /><INIT seed="7,0,0,4,2,47" ten="21,246,428,305" oya="3" hai0="23,18,49,20,16,65,0,28,76,120,97,37,43" hai1="40,84,105,93,51,2,104,94,70,3,113,83,12" hai2="85,115,26,57,34,88,130,106,101,24,71,109,98" hai3="75,19,102,42,78,45,72,133,119,38,82,17,112"/><W116/><G112/><T131/><D76/><U10/><E70/><V44/><F109/><W41/><G133/><T90/><D65/><U100/><E113/><V22/><F71/><W95/><G75/><T114/><D114/><U68/><E68/><V96/><F96/><W53/><G42/><T69/><D69/><U64/><E64/><V32/><F130/><W127/><G127/><T111/><D111/><U8/><E105/><V135/><F135/><W60/><G102/><T103/><D0/><U9/><E104/><V132/><F132/><W73/><G73/><T59/><D131/><U108/><E108/><V61/><F44/><W35/><G35/><T14/><D28/><U77/><E2/><V6/><F6/><W31/><G31/><T48/><D59/><U39/><E39/><V62/><F62/><W7/><G95/><T86/><D43/><U29/><E29/><V92/><F24/><W80/><G80/><T54/><D37/><U13/><E13/><V46/><F46/><W121/><G121/><T134/><D134/><U58/><E3/><V89/><F89/><W125/><G125/><T110/><D110/><U33/><E33/><V117/><F117/><N who="3" m="45131" /><G7/><T50/><D120/><U79/><E79/><V66/><F115/><W36/><G36/><T99/><D54/><N who="1" m="32095" /><E40/><V55/><F66/><W15/><G15/><T63/><D103/><U129/><E129/><V56/><F56/><W81/><G81/><T123/><D123/><U21/><E100/><V91/><F91/><W25/><G25/><T11/><D90/><U52/><E52/><V118/><F118/><RYUUKYOKU ba="0,0" sc="21,-30,246,10,428,10,305,10" hai1="8,9,10,12,21,77,83,84,93,94" hai2="22,26,32,34,55,57,61,85,88,92,98,101,106" hai3="17,19,38,41,45,53,60,72,78,82" owari="-9,-51.0,256,-14.0,438,53.0,315,12.0" /></mjloggm>