<mjloggm ver="2.3"><GO type="41" lobby="0"/><UN n0="%E5%9B%BD%E5%A3%AB%E7%8C%AB" n1="%4B%61%59" n2="%E2%93%9D%53%75%70%68%78" n3="%EF%BD%94%EF%BD%8B%EF%BD%94%EF%BD%8B%EF%BD%94" dan="14,14,17,16" rate="1889.83,2153.59,2064.25,2071.40" sx="F,M,M,M"/><TAIKYOKU oya="0"/><INIT seed="0,0,0,0,0,42" ten="250,250,250,250" oya="0" hai0="8,103,120,24,36,98,12,112,22,108,115,61,67" hai1="63,122,38,119,129,28,56,101,29,23,92,6,97" hai2="133,40,11,109,72,1,77,125,102,118,114,53,10" hai3="90,69,71,113,131,60,43,96,111,81,93,117,107"/><T37/><D120/><U13/><E119/><V91/><F114/><W62/><G113/><T30/><D108/><U124/><E124/><V18/><F102/><W76/><G117/><T45/><D12/><U127/><E129/><V21/><F133/><W46/><G111/><T4/><D4/><U7/><E38/><V78/><F72/><W130/><G107/><T5/><D5/><N who="1" m="1547" /><E127/><V116/><F40/><W41/><G41/><T19/><D19/><N who="1" m="10735" /><E122/><V134/><F134/><W95/><G95/><T83/><D83/><U31/><E31/><V2/><F125/><W17/><G17/><T49/><D8/><U110/><E110/><V26/><F109/><W80/><G80/><T79/><D79/><U132/><E132/><V75/><F78/><W123/><G123/><T70/><D115/><U34/><E34/><V106/><F11/><W48/><G71/><T14/><D14/><U85/><E85/><V3/><F10/><W59/><G69/><T89/><D89/><U58/><E58/><V51/><F91/><W94/><G94/><T74/><D74/><U135/><E135/><V99/><F77/><W57/><G57/><T39/><D112/><U55/><AGARI ba="0,0" hai="28,29,55,56,63,92,97,101" m="10735,1547" machi="55" ten="30,1100,0" yaku="8,1" doraHai="42" who="1" fromWho="1" sc="250,-5,250,11,250,-3,250,-3" /><INIT seed="1,0,0,5,4,100" ten="245,261,247,247" oya="1" hai0="5,34,65,15,89,60,64,131,94,101,129,87,99" hai1="123,40,115,117,1,71,126,77,39,27,30,25,124" hai2="52,130,45,54,105,104,37,95,14,76,63,78,112" hai3="72,110,98,86,109,74,47,11,43,102,4,55,20"/><U48/><E39/><V122/><F122/><W50/><G20/><T132/><D34/><U23/><E71/><V127/><F130/><W18/><G18/><T93/><D132/><U119/><E77/><V68/><F95/><W17/><G17/><T113/><D113/><U128/><E48/><V103/><F103/><W69/><G69/><T108/><D108/><U51/><E51/><V22/><F127/><N who="1" m="48681" /><E40/><V41/><F112/><W75/><G86/><T3/><D3/><U62/><E62/><V116/><F116/><N who="1" m="44617" /><E115/><V134/><F134/><W2/><REACH who="3" step="1"/><G43/><REACH who="3" ten="245,261,247,237" step="2"/><T28/><D131/><U6/><E128/><V90/><F41/><W0/><G0/><T24/><D129/><U88/><E123/><V56/><F68/><W135/><G135/><T70/><D70/><U26/><E1/><V42/><F42/><W58/><G58/><T12/><D5/><U57/><E57/><V118/><F118/><W10/><G10/><T66/><D28/><U21/><E6/><V121/><F121/><W33/><G33/><T67/><D87/><U61/><E30/><V13/><F56/><W81/><G81/><T114/><D114/><U106/><E21/><V125/><F125/><W111/><G111/><T36/><D36/><U29/><E23/><V83/><F22/><W73/><N who="3" m="18432" /><DORA hai="8" /><W7/><G7/><T96/><D24/><U79/><E29/><V49/><F37/><W82/><G82/><T92/><N who="0" m="16384" /><DORA hai="91" /><T120/><D120/><U9/><E27/><V35/><F35/><W46/><G46/><T38/><D38/><U53/><E26/><V31/><F31/><RYUUKYOKU ba="0,1" sc="245,-10,261,-10,247,-10,237,30" hai3="2,4,11,47,50,55,98,102,109,110" /><INIT seed="2,1,1,4,2,15" ten="235,251,237,267" oya="2" hai0="121,122,132,126,35,70,39,66,8,5,75,107,60" hai1="36,90,26,73,10,42,86,128,58,52,16,125,95" hai2="130,54,22,46,44,23,101,25,62,112,61,115,43" hai3="78,87,83,72,17,27,21,116,102,4,53,88,45"/><V7/><F7/><W0/><G116/><T131/><D131/><U74/><E128/><V38/><F130/><W85/><G102/><T69/><D132/><U1/><E125/><V80/><F101/><W48/><G0/><T100/><D126/><U28/><E36/><V111/><F80/><W37/><G37/><T135/><D135/><U50/><E42/><V82/><F82/><W67/><G4/><T93/><D93/><U9/><E1/><V31/><F111/><W117/><G117/><T33/><D70/><U51/><E74/><V106/><F106/><W94/><REACH who="3" step="1"/><G67/><REACH who="3" ten="235,251,237,257" step="2"/><T113/><D122/><U71/><E73/><AGARI ba="1,2" hai="17,21,27,45,48,53,72,73,78,83,85,87,88,94" machi="73" ten="40,8000,1" yaku="1,1,2,1,52,1,54,1,53,0" doraHai="15" doraHaiUra="96" who="3" fromWho="1" sc="235,0,251,-83,237,0,257,103" /><INIT seed="3,0,0,3,0,34" ten="235,168,237,360" oya="3" hai0="4,7,134,50,112,94,85,92,63,106,127,95,11" hai1="36,52,123,14,42,82,83,15,67,39,37,107,124" hai2="74,126,118,44,79,26,69,90,46,84,31,57,121" hai3="80,104,101,71,66,20,77,6,89,12,113,87,28"/><W128/><G113/><T22/><D112/><U119/><E107/><V38/><F118/><W19/><G128/><T120/><D120/><U122/><E42/><V55/><F69/><W72/><G6/><T115/><D115/><U68/><E68/><V27/><F74/><W54/><G28/><T81/><D106/><U23/><E67/><V58/><F79/><W116/><G116/><T97/><D134/><U3/><E3/><V17/><F126/><W0/><G0/><T98/><D22/><U70/><E70/><V40/><F17/><W114/><G114/><T18/><D63/><U30/><E119/><V35/><F27/><W47/><G66/><T93/><N who="0" m="23552" /><DORA hai="117" /><T110/><D110/><U132/><E132/><V59/><F46/><W131/><G71/><T41/><D127/><U91/><E124/><V29/><F29/><W125/><G125/><T76/><D18/><U1/><E1/><V13/><F13/><N who="1" m="4617" /><E30/><V133/><F133/><W102/><G131/><T24/><D24/><U111/><E91/><V61/><REACH who="2" step="1"/><F121/><REACH who="2" ten="235,168,227,360" step="2"/><N who="1" m="46089" /><E111/><V65/><F65/><W103/><G77/><T86/><D76/><U108/><E108/><V78/><F78/><W8/><G72/><T130/><D130/><U60/><E60/><V9/><F9/><W96/><G8/><T5/><D11/><U10/><E10/><V53/><F53/><W75/><G75/><T43/><D81/><AGARI ba="0,1" hai="26,31,35,38,40,44,55,57,58,59,61,81,84,90" machi="81" ten="30,3900,0" yaku="1,1,7,1,53,1" doraHai="34,117" doraHaiUra="48,88" who="2" fromWho="0" sc="235,-39,168,0,227,49,360,0" /><INIT seed="4,0,0,3,0,60" ten="196,168,276,360" oya="0" hai0="25,72,85,64,30,48,22,53,80,95,83,15,57" hai1="16,100,17,11,61,23,103,49,106,4,37,5,129" hai2="98,76,120,51,73,3,56,71,104,127,21,9,105" hai3="93,63,97,132,116,62,115,40,122,91,34,84,111"/><T79/><D15/><U18/><E37/><V31/><F127/><W52/><G115/><T36/><D36/><U10/><E129/><V13/><F71/><W124/><G111/><T29/><D95/><U74/><E74/><V70/><F70/><W55/><G34/><T24/><D72/><U8/><E61/><V87/><F3/><W101/><G40/><T75/><D75/><U1/><E106/><V44/><F120/><W114/><G114/><T14/><D14/><N who="1" m="7239" /><E49/><V133/><F133/><W54/><G132/><T32/><REACH who="0" step="1"/><D83/><REACH who="0" ten="186,168,276,360" step="2"/><U117/><E117/><V0/><F73/><W118/><G122/><T20/><D20/><U102/><E102/><V81/><F21/><W39/><G39/><T90/><D90/><U131/><E103/><V82/><F82/><W119/><REACH who="3" step="1"/><G124/><REACH who="3" ten="186,168,276,350" step="2"/><T94/><D94/><AGARI ba="0,2" hai="52,54,55,62,63,84,91,93,94,97,101,116,118,119" machi="94" ten="50,6400,0" yaku="1,1,2,1,54,1,53,0" doraHai="60" doraHaiUra="35" who="3" fromWho="0" sc="186,-64,168,0,276,0,350,84" /><INIT seed="5,0,0,3,2,125" ten="122,168,276,434" oya="1" hai0="68,30,51,83,85,123,133,76,0,16,96,9,13" hai1="54,114,92,80,1,25,14,126,127,77,124,11,98" hai2="94,61,104,6,132,55,82,17,121,40,66,111,93" hai3="26,58,115,33,18,44,117,15,105,12,52,36,46"/><U23/><E114/><V90/><F111/><W7/><G105/><T106/><D123/><U109/><E109/><V48/><F104/><W116/><G115/><T129/><D68/><U118/><E118/><V62/><F6/><W122/><G122/><T102/><D30/><U72/><E1/><V10/><F40/><W8/><G36/><T38/><D38/><U101/><E54/><V19/><F132/><W71/><G71/><T65/><D65/><U119/><E119/><N who="3" m="45642" /><G26/><T74/><D133/><U60/><E60/><V86/><F19/><W22/><G33/><T64/><D64/><U31/><REACH who="1" step="1"/><E14/><REACH who="1" ten="122,158,276,434" step="2"/><N who="2" m="7383" /><F121/><W41/><G41/><T34/><D34/><U39/><E39/><V128/><F62/><AGARI ba="0,1" hai="7,8,12,15,18,22,44,46,52,58,62" m="45642" machi="62" ten="30,2000,0" yaku="12,1,54,1" doraHai="125" who="3" fromWho="2" sc="122,0,158,0,276,-20,434,30" /><INIT seed="6,0,0,2,1,53" ten="122,158,256,464" oya="2" hai0="71,94,47,0,6,18,12,65,115,38,130,72,79" hai1="8,93,37,87,13,110,133,62,20,58,61,2,31" hai2="28,34,25,68,30,77,88,48,96,105,24,54,111" hai3="10,5,69,33,74,9,95,49,135,42,21,100,29"/><V35/><F111/><W99/><G135/><T1/><D115/><U134/><E37/><V43/><F68/><W60/><G33/><T89/><D130/><U57/><E110/><V107/><F43/><W120/><G74/><T122/><D122/><U41/><E2/><V106/><F77/><W103/><G120/><T85/><D6/><U7/><E41/><V119/><F119/><W90/><G10/><T11/><D38/><U45/><E45/><V132/><F132/><N who="1" m="50793" /><E62/><V76/><F76/><W125/><G125/><T117/><D117/><U26/><E61/><V98/><REACH who="2" step="1"/><F88/><AGARI ba="0,0" hai="7,8,13,20,26,31,57,58,87,88,93" m="50793" machi="88" ten="30,7700,0" yaku="20,1,52,2,54,1" doraHai="53" who="1" fromWho="2" sc="122,0,158,77,256,-77,464,0" /><INIT seed="7,0,0,4,3,82" ten="122,235,179,464" oya="3" hai0="111,34,129,2,131,96,117,35,41,69,32,125,9" hai1="91,74,33,99,58,118,61,120,48,44,10,77,112" hai2="104,18,97,106,124,127,123,62,29,27,40,64,0" hai3="63,6,54,43,88,31,107,68,83,59,28,22,45"/><W3/><G88/><T132/><D41/><U55/><E33/><V25/><F0/><W122/><G54/><T60/><D96/><U17/><E112/><V57/><F123/><W49/><G83/><T1/><D117/><U19/><E120/><V16/><F40/><W71/><G22/><T95/><D95/><U134/><E134/><V105/><F97/><W81/><G81/><T5/><D111/><U86/><E74/><V87/><F87/><W80/><G80/><T108/><D108/><U76/><E99/><V110/><F110/><W126/><G31/><T135/><D1/><U4/><E4/><V73/><F73/><W119/><G28/><T85/><D85/><U21/><E10/><V12/><F27/><W13/><G13/><T75/><D75/><U121/><E118/><V92/><F92/><W15/><G15/><T67/><REACH who="0" step="1"/><D125/><REACH who="0" ten="112,235,179,464" step="2"/><N who="2" m="48202" /><F12/><W65/><G126/><T128/><AGARI ba="0,1" hai="2,5,9,32,34,35,60,67,69,128,129,131,132,135" machi="128" ten="40,8000,1" yaku="1,1,0,1,19,1,23,2,53,0" doraHai="82" doraHaiUra="133" who="0" fromWho="0" sc="112,90,235,-20,179,-20,464,-40" owari="202,-20.0,215,2.0,159,-34.0,424,52.0" /></mjloggm>