<mjloggm ver="2.3"><GO type="41" lobby="0"/><UN n0="%E3%81%96%E3%81%96%E3%81%A6%E3%82%93%E3%81%98%E3%81%8F" n1="%70%65%61%63%68%63%61%74" n2="%46%75%74%61%69%74%65%6E" n3="%E2%93%9D%53%75%70%68%78" dan="13,14,14,18" rate="1845.55,1923.02,1959.91,2118.38" sx="M,M,M,M"/><TAIKYOKU oya="0"/><INIT seed="0,0,0,4,4,122" ten="250,250,250,250" oya="0" hai0="2,15,50,123,25,26,100,44,51,133,49,116,87" hai1="6,55,65,68,88,120,105,1,66,42,47,13,19" hai2="124,48,112,22,93,77,134,5,20,40,83,79,61" hai3="10,54,113,102,36,58,76,46,127,89,35,59,75"/><T16/><D123/><U92/><E120/><V45/><F112/><W57/><G35/><T96/><D116/><U21/><E68/><V17/><F134/><W95/><G102/><T114/><D114/><U94/><E105/><V103/><F124/><W18/><G127/><T62/><D2/><U31/><E31/><V82/><F5/><W8/><G76/><N who="2" m="29257" /><F61/><W70/><G70/><T126/><D126/><U128/><E128/><V99/><F22/><W32/><G32/><T29/><D133/><U91/><E1/><V86/><F86/><W108/><G36/><T109/><D87/><U80/><E6/><V72/><F72/><W78/><G78/><T27/><D62/><U33/><E33/><V73/><F73/><W131/><G131/><T115/><D115/><U3/><E3/><V64/><F64/><N who="1" m="24681" /><E80/><V85/><F85/><W38/><G75/><T117/><D117/><U53/><E42/><V67/><F67/><W0/><G0/><T101/><D29/><U74/><E74/><V129/><F129/><W118/><G118/><T121/><D121/><U52/><E47/><V23/><F23/><W97/><G113/><T60/><D60/><U132/><E132/><V37/><F37/><W43/><G10/><T106/><D101/><U69/><E69/><V63/><F63/><W56/><G8/><N who="0" m="6247" /><D44/><U24/><E24/><AGARI ba="0,0" hai="17,20,24,40,45,48,82,83,93,99,103" m="29257" machi="24" ten="30,1000,0" yaku="8,1" doraHai="122" who="2" fromWho="1" sc="250,0,250,-10,250,10,250,0" /><INIT seed="1,0,0,3,1,63" ten="250,240,260,250" oya="1" hai0="46,99,117,127,27,23,108,79,121,80,85,70,48" hai1="47,18,114,61,3,113,30,26,58,123,72,56,1" hai2="32,104,77,95,31,88,2,82,105,24,34,44,38" hai3="45,49,41,55,35,29,5,94,6,103,132,83,17"/><U98/><E123/><V20/><F2/><W129/><G129/><T37/><D117/><U16/><E72/><V67/><F34/><W100/><G132/><T71/><D37/><U69/><E47/><V84/><F32/><W25/><G17/><T7/><D121/><U22/><E69/><V15/><F15/><W93/><G83/><T40/><D108/><U14/><E98/><V53/><F67/><W126/><G126/><T120/><D127/><U8/><E18/><V52/><F53/><W76/><G76/><T125/><D125/><U112/><REACH who="1" step="1"/><E58/><REACH who="1" ten="250,230,260,250" step="2"/><V39/><F39/><W115/><G45/><T42/><D120/><U60/><E60/><V19/><F38/><W97/><G97/><T36/><D99/><U111/><E111/><V75/><REACH who="2" step="1"/><F19/><REACH who="2" ten="250,230,250,250" step="2"/><W12/><G6/><T9/><D36/><U59/><E59/><V57/><F57/><W90/><G5/><T119/><D119/><U133/><E133/><V109/><F109/><W13/><G29/><T51/><D71/><U89/><E89/><V116/><F116/><W33/><G90/><T91/><D70/><U10/><E10/><V96/><F96/><W4/><G4/><T62/><D91/><U107/><E107/><V73/><F73/><W122/><G122/><T54/><D7/><U86/><E86/><V68/><F68/><W65/><G103/><T87/><D87/><U110/><E110/><V78/><F78/><W128/><G100/><T106/><D79/><U0/><E0/><V28/><F28/><W92/><G49/><AGARI ba="0,2" hai="20,24,31,44,49,52,75,77,82,84,88,95,104,105" machi="49" ten="40,5200,0" yaku="1,1,54,2,53,0" doraHai="63" doraHaiUra="11" who="2" fromWho="3" sc="250,0,230,0,250,72,250,-52" /><INIT seed="2,0,0,0,2,72" ten="250,230,322,198" oya="2" hai0="122,37,127,130,93,22,21,63,108,80,117,124,29" hai1="109,10,82,34,91,9,15,43,65,134,33,52,78" hai2="61,5,26,89,39,76,125,131,62,42,24,50,86" hai3="67,77,1,45,3,81,69,103,101,73,56,133,115"/><V84/><F125/><W25/><G133/><T129/><D122/><U36/><E109/><V41/><F39/><W106/><G56/><T121/><D121/><U55/><E134/><V2/><F131/><W97/><G103/><T7/><D37/><U85/><E65/><V16/><F5/><W96/><G96/><T75/><D108/><U70/><E70/><V27/><F2/><W114/><G45/><T126/><D117/><U98/><E33/><V94/><F16/><W40/><G40/><N who="2" m="15465" /><F50/><W38/><G38/><T83/><D7/><U79/><E34/><V31/><F31/><W110/><G25/><N who="2" m="6401" /><V44/><DORA hai="32" /><F44/><W135/><G135/><T74/><D29/><U12/><E43/><V35/><F35/><W0/><REACH who="3" step="1"/><G110/><REACH who="3" ten="250,230,322,188" step="2"/><T57/><D130/><U59/><E36/><V102/><F102/><W17/><G17/><T107/><D129/><U118/><E118/><V99/><F99/><W58/><G58/><T60/><D57/><U19/><E98/><V47/><F47/><W123/><G123/><T120/><D120/><U51/><REACH who="1" step="1"/><E55/><REACH who="1" ten="250,220,322,188" step="2"/><V95/><F62/><AGARI ba="0,2" hai="0,1,3,62,67,69,73,77,81,97,101,106,114,115" machi="62" ten="50,12000,2" yaku="1,1,23,2,52,4,53,0" doraHai="72,32" doraHaiUra="128,20" who="3" fromWho="2" sc="250,0,220,0,322,-120,188,140" /><INIT seed="3,0,0,0,2,22" ten="250,220,202,328" oya="3" hai0="4,41,58,107,39,29,116,49,100,75,3,19,47" hai1="60,20,56,82,23,46,115,40,95,52,54,74,97" hai2="99,7,53,117,45,51,15,18,88,62,13,84,24" hai3="5,124,12,123,71,42,89,120,0,81,79,108,11"/><W127/><G71/><T102/><D116/><U119/><E119/><V38/><F38/><W16/><G89/><T109/><D109/><U90/><E115/><V80/><F117/><W126/><G42/><T72/><D29/><U59/><E74/><V69/><F7/><W112/><G112/><T2/><D4/><U83/><E40/><N who="2" m="24999" /><F69/><W44/><G44/><T66/><D75/><U87/><E46/><V77/><F62/><W73/><REACH who="3" step="1"/><G108/><REACH who="3" ten="250,220,202,318" step="2"/><T25/><D47/><U8/><E8/><AGARI ba="0,1" hai="0,5,8,11,12,16,73,79,81,120,123,124,126,127" machi="8" ten="40,12000,1" yaku="1,1,2,1,18,1,54,1,53,0" doraHai="22" doraHaiUra="92" who="3" fromWho="1" sc="250,0,220,-120,202,0,318,130" /><INIT seed="3,1,0,5,2,39" ten="250,100,202,448" oya="3" hai0="126,73,122,124,29,46,30,128,103,86,66,15,69" hai1="51,50,94,60,16,36,99,132,55,76,119,110,91" hai2="109,19,98,57,127,102,6,101,118,35,20,1,5" hai3="107,115,121,3,123,105,120,18,2,135,82,0,11"/><W104/><G82/><T72/><D122/><U130/><E110/><V28/><F118/><W70/><G70/><T26/><D128/><U131/><E119/><V93/><F127/><W10/><G135/><T67/><D103/><U14/><E132/><V100/><F109/><W65/><G65/><T42/><D86/><U74/><E36/><V7/><F1/><W96/><G115/><T71/><D15/><U77/><E60/><V95/><F35/><W9/><G18/><T92/><D92/><N who="2" m="35402" /><F28/><W87/><G87/><T17/><D17/><U113/><E113/><V4/><N who="2" m="1024" /><DORA hai="112" /><V37/><F37/><W34/><G34/><T13/><D13/><U68/><E68/><V81/><F98/><AGARI ba="1,0" hai="0,2,3,9,10,11,96,98,104,105,107,120,121,123" machi="98" ten="60,48000,5" yakuman="41" doraHai="39,112" who="3" fromWho="2" sc="250,0,100,0,202,-483,448,483" owari="250,5.0,100,-30.0,-281,-78.0,931,103.0" /></mjloggm>