<mjloggm ver="2.3"><GO type="41" lobby="0"/><UN n0="%E2%93%9D%53%75%70%68%78" n1="%E3%81%97%E3%81%AE%E3%81%8C%E3%81%84%E3%81%84" n2="%3D%42%75%4C%4C%3D" n3="%E3%81%A6%E3%82%93%E3%81%B0%E3%81%8C%E3%83%BC" dan="18,13,13,15" rate="2065.01,1853.15,1892.60,2018.26" sx="M,M,M,M"/><TAIKYOKU oya="0"/><INIT seed="0,0,0,5,0,76" ten="250,250,250,250" oya="0" hai0="57,53,12,44,111,135,64,121,127,13,98,10,8" hai1="116,112,54,100,43,14,133,30,15,101,119,85,55" hai2="65,86,0,46,126,37,90,129,42,82,32,113,66" hai3="5,110,31,125,79,73,91,99,81,33,67,61,60"/><T69/><D121/><U21/><E43/><V118/><F113/><W131/><G110/><T28/><D127/><U128/><E21/><V3/><F126/><W45/><G125/><T84/><D135/><U77/><E85/><V58/><F129/><W16/><G131/><T39/><D28/><U20/><E20/><V9/><F118/><W95/><G5/><T52/><D69/><U105/><E77/><V102/><F32/><W123/><G123/><T48/><D64/><U68/><E30/><V71/><F71/><W1/><G1/><T109/><D98/><U75/><E68/><V93/><F9/><N who="0" m="3690" /><D84/><U27/><E27/><V34/><F34/><W115/><G115/><T78/><D78/><U51/><E51/><V124/><F124/><W114/><G114/><T25/><D25/><U134/><E112/><V88/><F102/><W17/><G31/><T56/><D39/><U104/><E128/><V23/><F23/><W7/><G33/><T36/><D36/><U122/><E122/><V18/><F18/><W63/><G7/><T120/><D120/><U89/><E89/><V22/><F22/><W130/><G130/><T47/><D111/><U35/><E35/><V59/><F66/><W107/><G67/><T50/><D109/><U74/><AGARI ba="0,0" hai="14,15,54,55,74,75,100,101,104,105,116,119,133,134" machi="74" ten="25,3200,0" yaku="0,1,22,2" doraHai="76" who="1" fromWho="1" sc="250,-16,250,32,250,-8,250,-8" /><INIT seed="1,0,0,2,5,37" ten="234,282,242,242" oya="1" hai0="96,55,38,92,119,74,30,50,61,84,121,11,34" hai1="41,71,2,52,26,68,49,19,73,103,27,80,36" hai2="122,86,101,3,22,9,58,123,135,1,18,14,114" hai3="29,100,25,67,109,33,104,78,90,64,112,93,35"/><U8/><E103/><V21/><F101/><W102/><G112/><T15/><D38/><U13/><E2/><N who="2" m="523" /><F86/><W124/><G78/><T40/><D74/><U83/><E71/><V72/><F58/><W132/><G109/><T54/><D119/><U113/><E68/><V44/><F44/><W60/><G132/><T10/><D30/><U53/><E113/><V62/><F62/><W46/><G124/><T66/><D34/><U125/><E36/><V23/><F72/><W99/><G35/><T89/><D11/><U110/><E73/><V31/><F114/><W24/><G24/><N who="1" m="9258" /><E110/><V97/><F97/><W16/><G100/><T77/><D121/><N who="2" m="46090" /><F135/><W107/><G64/><T45/><D66/><U126/><E126/><V129/><F31/><W134/><G46/><T95/><D61/><U108/><E108/><V5/><F129/><W39/><G39/><T133/><D133/><U120/><E120/><V56/><F56/><W111/><G111/><T51/><D51/><U48/><E125/><V115/><F115/><W7/><G104/><T43/><D55/><N who="1" m="21067" /><E49/><V127/><F127/><W117/><G107/><T6/><D77/><U91/><E91/><AGARI ba="0,0" hai="6,10,15,40,43,45,50,54,84,89,91,92,95,96" machi="91" ten="30,7700,0" yaku="7,1,8,1,52,2" doraHai="37" who="0" fromWho="1" sc="234,77,282,-77,242,0,242,0" /><INIT seed="2,0,0,5,5,83" ten="311,205,242,242" oya="2" hai0="71,32,3,30,90,12,110,119,123,68,44,105,43" hai1="34,66,124,81,42,33,64,14,28,102,63,41,97" hai2="0,93,75,135,24,47,8,120,49,96,6,52,73" hai3="116,4,103,114,15,5,92,21,85,36,122,89,7"/><V22/><F135/><W128/><G116/><T111/><D12/><U11/><E124/><V54/><F54/><W57/><G36/><T88/><D3/><U133/><E133/><V1/><F1/><W69/><G69/><T132/><D123/><U38/><E38/><V51/><F51/><W48/><G128/><T112/><D112/><U94/><E66/><V82/><F82/><W95/><G122/><T29/><D105/><U17/><E34/><V61/><F61/><W16/><G114/><T109/><D132/><U80/><E28/><N who="0" m="10857" /><D32/><U56/><E33/><V23/><F120/><W18/><G103/><T67/><D119/><U37/><E37/><V84/><F23/><W53/><G18/><T74/><D74/><U62/><E62/><V98/><F98/><W13/><REACH who="3" step="1"/><G92/><REACH who="3" ten="311,205,242,232" step="2"/><T26/><D71/><U45/><E45/><V72/><F72/><W2/><G2/><T125/><D68/><U19/><E19/><V129/><F129/><W108/><G108/><T9/><D111/><U127/><E127/><V27/><F75/><W76/><G76/><T79/><D79/><U59/><E59/><V46/><F73/><W35/><G35/><T58/><D110/><U10/><E10/><AGARI ba="0,1" hai="4,5,7,10,13,15,16,21,48,53,57,85,89,95" machi="10" ten="40,12000,2" yaku="1,1,25,2,8,1,52,1,54,1,53,1" doraHai="83" doraHaiUra="87" who="3" fromWho="1" sc="311,0,205,-120,242,0,232,130" /><INIT seed="3,0,0,5,3,40" ten="311,85,242,362" oya="3" hai0="72,116,122,117,129,25,101,132,114,7,27,58,93" hai1="95,126,118,91,53,51,73,1,67,75,31,71,26" hai2="79,100,17,0,47,103,124,46,32,50,37,110,20" hai3="18,90,59,60,96,22,14,76,77,86,105,44,109"/><W8/><G109/><T123/><D58/><U38/><E1/><V104/><F32/><W12/><G105/><T29/><D72/><U107/><E38/><V92/><F0/><W41/><G96/><T55/><D55/><U5/><E5/><V130/><F104/><W24/><G76/><T115/><D93/><U106/><E118/><N who="0" m="45673" /><D101/><U49/><E126/><V42/><F110/><W85/><G77/><T89/><D89/><U10/><E51/><V48/><F124/><W43/><G43/><T35/><D129/><U56/><E10/><V4/><F37/><W127/><G127/><T36/><D132/><U82/><E75/><V121/><F121/><N who="0" m="46090" /><D36/><U135/><E135/><V113/><F113/><N who="0" m="43018" /><D27/><U15/><E15/><V16/><F130/><W57/><G14/><T69/><D69/><U64/><E71/><V84/><F103/><W61/><G59/><T74/><D74/><U19/><E107/><V98/><F79/><W52/><G60/><T3/><D7/><U133/><E106/><V45/><F4/><W134/><G134/><T125/><D125/><U128/><E133/><V63/><F92/><W23/><G90/><T97/><D97/><U94/><E128/><V54/><F100/><W81/><G24/><T33/><D3/><U102/><E73/><V87/><F98/><W9/><G81/><T111/><D35/><U108/><E102/><V112/><F112/><W66/><G85/><T39/><D39/><U2/><E2/><V99/><F99/><W28/><G86/><T70/><D70/><U120/><E120/><V13/><F87/><W34/><G34/><RYUUKYOKU ba="0,0" sc="311,30,85,-10,242,-10,362,-10" hai0="25,29,33,111" /><INIT seed="4,1,0,0,2,135" ten="341,75,232,352" oya="0" hai0="64,131,67,40,4,109,89,51,41,103,18,115,27" hai1="7,43,124,132,78,13,52,22,47,9,28,94,15" hai2="126,74,56,54,34,71,83,53,110,57,48,21,90" hai3="97,134,26,87,20,12,37,59,88,14,93,125,113"/><T17/><D115/><U99/><E124/><V70/><F110/><W62/><G125/><T96/><D131/><U29/><E132/><V45/><F34/><W77/><G134/><T114/><D4/><U38/><E78/><V102/><F102/><W44/><G113/><T116/><D116/><U112/><E112/><V36/><F126/><W122/><G122/><T25/><D114/><U2/><E2/><V33/><F33/><W69/><G69/><N who="2" m="26121" /><F90/><N who="3" m="55479" /><G77/><T65/><D89/><U108/><E108/><V24/><F21/><W6/><G44/><T107/><D109/><U79/><E79/><V130/><F83/><N who="3" m="49279" /><G37/><T105/><D105/><U73/><E73/><V104/><F74/><W8/><G6/><T100/><D100/><U3/><E3/><V58/><F104/><W66/><G8/><T63/><D107/><U11/><E22/><V117/><F24/><W133/><G133/><T39/><D27/><U92/><E92/><V111/><F130/><W118/><G118/><T61/><D39/><U50/><E94/><V75/><F75/><W46/><G46/><T84/><D25/><U60/><E99/><V128/><F128/><W81/><G81/><T91/><D96/><U5/><REACH who="1" step="1"/><E38/><REACH who="1" ten="341,65,232,352" step="2"/><V42/><F111/><W23/><G20/><T0/><D0/><U31/><E31/><AGARI ba="1,1" hai="12,14,23,26,31,59,62,66" m="49279,55479" machi="31" ten="30,2000,0" yaku="8,1,54,1" doraHai="135" who="3" fromWho="1" sc="341,0,65,-23,232,0,352,33" /><INIT seed="5,0,0,5,0,54" ten="341,42,232,385" oya="1" hai0="45,53,104,24,9,42,90,86,16,93,55,84,80" hai1="85,94,82,2,74,37,83,38,66,47,102,25,57" hai2="62,100,39,56,89,125,77,48,10,76,61,14,135" hai3="107,129,44,31,78,115,96,79,105,59,26,114,68"/><U95/><E2/><V49/><F39/><W111/><G68/><T40/><D104/><N who="3" m="40009" /><G44/><T23/><D9/><U130/><E74/><V120/><F120/><W101/><G59/><T63/><D63/><U32/><E130/><V91/><F125/><W64/><G64/><T108/><D108/><U46/><E38/><V127/><F100/><W123/><G123/><T12/><D24/><U51/><E37/><V88/><F127/><W69/><G69/><T6/><D6/><U99/><E32/><V81/><F135/><W117/><G111/><T11/><D23/><U70/><E70/><V0/><F62/><W116/><G26/><T65/><D65/><U3/><E3/><V113/><F113/><N who="3" m="43019" /><G31/><T67/><D67/><U13/><E25/><V87/><F77/><N who="3" m="29195" /><G129/><T58/><D55/><N who="1" m="31999" /><E66/><N who="2" m="39207" /><F0/><W103/><G96/><T106/><D106/><U60/><E60/><V18/><AGARI ba="0,0" hai="10,14,18,48,49,76,81,87,88,89,91" m="39207" machi="18" ten="30,4000,0" yaku="8,1,52,1,54,1" doraHai="54" who="2" fromWho="2" sc="341,-10,42,-20,232,40,385,-10" /><INIT seed="6,0,0,0,5,55" ten="331,22,272,375" oya="2" hai0="78,25,31,129,56,99,125,2,107,118,48,62,30" hai1="46,84,103,60,6,59,43,113,13,86,51,65,106" hai2="110,109,116,26,117,87,21,123,5,135,42,17,72" hai3="115,18,35,69,15,24,53,61,94,74,33,93,38"/><V91/><F72/><W39/><G74/><T73/><D2/><U0/><E0/><V23/><F42/><W52/><G69/><T14/><D129/><U92/><E106/><V68/><F68/><W20/><G115/><T49/><D125/><U76/><E113/><V22/><F91/><W77/><G77/><T27/><D14/><U96/><REACH who="1" step="1"/><E76/><REACH who="1" ten="331,12,272,375" step="2"/><V41/><F116/><W8/><G38/><T11/><D107/><U134/><E134/><V121/><F117/><W32/><G39/><T83/><D118/><U36/><E36/><V90/><F135/><W100/><G35/><T40/><D78/><U128/><E128/><V132/><F132/><W120/><G33/><T19/><D73/><U126/><E126/><V114/><F114/><W133/><G32/><T119/><D119/><U50/><E50/><V28/><F121/><W1/><G120/><T10/><D49/><U105/><E105/><V81/><F123/><W29/><G133/><T104/><D48/><U79/><E79/><V67/><F110/><W54/><G1/><T71/><D104/><U47/><E47/><V45/><F109/><W44/><G44/><T3/><D3/><U108/><E108/><V34/><F34/><W97/><G61/><T16/><D62/><U70/><E70/><V131/><F131/><W102/><G94/><T58/><D71/><U98/><E98/><V75/><F75/><W130/><G130/><T37/><D99/><U127/><E127/><V85/><F45/><W80/><G80/><T122/><D122/><U95/><E95/><V7/><F41/><W57/><G102/><RYUUKYOKU ba="0,1" sc="331,-15,12,15,272,-15,375,15" hai1="6,13,43,46,51,59,60,65,84,86,92,96,103" hai3="8,15,18,20,24,29,52,53,54,57,93,97,100" /><INIT seed="7,1,1,0,4,80" ten="316,27,257,390" oya="3" hai0="96,58,8,133,9,60,82,127,41,75,19,61,59" hai1="16,34,124,53,25,92,97,123,125,129,72,38,31" hai2="77,126,98,134,101,15,79,3,37,88,57,48,83" hai3="44,93,89,40,1,12,33,49,36,11,17,10,94"/><W64/><G33/><T67/><D127/><U42/><E72/><V39/><F126/><N who="1" m="48745" /><E123/><V21/><F134/><W117/><G117/><T73/><D133/><U118/><E118/><V29/><F3/><W2/><G93/><T22/><D41/><U70/><E70/><V86/><F39/><W110/><G110/><T46/><D46/><U119/><E119/><V103/><F37/><W27/><G27/><T51/><D51/><U90/><E42/><V106/><F101/><W120/><G120/><T6/><D96/><U100/><E38/><V56/><F106/><W122/><G36/><T65/><D82/><U26/><E53/><N who="2" m="31911" /><F56/><W104/><G64/><T99/><D99/><U81/><E129/><V74/><F74/><W54/><G104/><T108/><D108/><U78/><E100/><V68/><F68/><W50/><G11/><T23/><REACH who="0" step="1"/><D19/><REACH who="0" ten="306,27,257,390" step="2"/><U85/><E25/><N who="2" m="16559" /><F15/><W32/><G122/><T128/><D128/><U115/><E115/><V76/><F98/><W121/><G121/><T71/><D71/><U5/><E5/><AGARI ba="1,2" hai="5,6,8,9,22,23,58,59,60,61,65,67,73,75" machi="5" ten="25,3200,0" yaku="1,1,22,2,53,0" doraHai="80" doraHaiUra="66" who="0" fromWho="1" sc="306,55,27,-35,257,0,390,0" owari="361,16.0,-8,-51.0,257,-14.0,390,49.0" /></mjloggm>