<mjloggm ver="2.3"><GO type="41" lobby="0"/><UN n0="%E3%82%B7%E3%83%A5%E3%83%B4%E3%82%A3%E3%83%BC" n1="%E3%81%82%E3%82%93%E3%81%93%E3%81%AE%E3%81%8A%E3%81%AA%E3%81%8B" n2="%E2%93%9D%53%75%70%68%78" n3="%6B%61%6A%69" dan="14,14,18,13" rate="1944.19,1918.39,2107.35,1891.55" sx="M,M,M,M"/><TAIKYOKU oya="0"/><INIT seed="0,0,0,0,4,18" ten="250,250,250,250" oya="0" hai0="20,23,60,78,5,6,109,1,93,54,104,34,66" hai1="72,111,92,40,80,15,38,65,46,99,14,82,19" hai2="8,120,86,133,28,62,76,87,121,22,108,134,51" hai3="11,130,98,13,94,0,101,77,95,128,100,32,59"/><T114/><D104/><U39/><E111/><V52/><F8/><W17/><G32/><T89/><D34/><U71/><E39/><V4/><F62/><W102/><G77/><T2/><D114/><U107/><E107/><V117/><F4/><N who="0" m="1642" /><D1/><U21/><E72/><V61/><F61/><W31/><G0/><T49/><D2/><U45/><E45/><V67/><F67/><W3/><G3/><T135/><D78/><U69/><E65/><V42/><F42/><W122/><G122/><T83/><D83/><U96/><E96/><V53/><F108/><W116/><G116/><T55/><D135/><N who="2" m="51722" /><F53/><N who="0" m="19978" /><D49/><U124/><E124/><V41/><F41/><W113/><G113/><T110/><D109/><U91/><REACH who="1" step="1"/><E15/><REACH who="1" ten="250,240,250,250" step="2"/><V30/><F121/><W103/><N who="3" m="25600" /><DORA hai="119" /><W25/><G98/><N who="0" m="57647" /><D110/><U68/><AGARI ba="0,1" hai="14,19,21,38,40,46,68,69,71,80,82,91,92,99" machi="68" ten="30,4000,0" yaku="1,1,0,1,52,1,53,0" doraHai="18,119" doraHaiUra="63,73" who="1" fromWho="1" sc="250,-20,240,50,250,-10,250,-10" /><INIT seed="1,0,0,0,3,62" ten="230,290,240,240" oya="1" hai0="43,96,17,58,40,2,24,44,111,134,32,91,29" hai1="12,108,16,8,52,20,70,0,107,123,115,93,15" hai2="33,117,81,129,87,14,85,97,56,76,78,95,65" hai3="35,74,3,80,67,26,102,68,83,47,28,73,113"/><U4/><E115/><V34/><F129/><W135/><G83/><T105/><D111/><U42/><E123/><V109/><F117/><W130/><G113/><T50/><D134/><U27/><E107/><V79/><F109/><W119/><G130/><T1/><D43/><U120/><E120/><V30/><F30/><W82/><G82/><T59/><D17/><U51/><E70/><V106/><F14/><W54/><G135/><T128/><D128/><U63/><E63/><V66/><F56/><W13/><G13/><T84/><D59/><U37/><E108/><V64/><F106/><W124/><G119/><T10/><D10/><U60/><E60/><V131/><F131/><W31/><G31/><T127/><D58/><U116/><E116/><V22/><F22/><W132/><G132/><T55/><D40/><U48/><E37/><V25/><F25/><W90/><G102/><T100/><REACH who="0" step="1"/><D127/><REACH who="0" ten="220,290,240,240" step="2"/><U110/><E110/><V104/><F104/><W126/><G47/><T7/><D7/><U89/><E42/><V36/><F36/><W86/><G54/><T6/><D6/><U21/><E21/><V39/><F39/><W101/><G3/><T103/><D103/><U45/><REACH who="1" step="1"/><E48/><REACH who="1" ten="220,280,240,240" step="2"/><V11/><F34/><W98/><G126/><T75/><D75/><U46/><E46/><V122/><F33/><W38/><G124/><T77/><D77/><U5/><E5/><V61/><F79/><W114/><G114/><T18/><D18/><U53/><E53/><V49/><F78/><W23/><G38/><T57/><D57/><U133/><E133/><V19/><F76/><RYUUKYOKU ba="0,2" sc="220,15,280,15,240,-15,240,-15" hai0="1,2,24,29,32,44,50,55,84,91,96,100,105" hai1="0,4,8,12,15,16,20,27,45,51,52,89,93" /><INIT seed="1,1,2,4,4,13" ten="235,295,225,225" oya="1" hai0="31,8,29,25,51,69,133,85,97,107,54,0,95" hai1="27,78,2,81,88,87,1,96,68,74,67,39,117" hai2="71,105,12,66,34,55,50,56,102,108,109,134,130" hai3="122,30,19,131,79,32,21,126,64,9,124,123,6"/><U129/><E117/><V37/><F34/><W104/><G104/><T11/><D69/><U132/><E132/><V98/><F134/><W23/><G79/><T7/><D133/><U10/><E129/><V89/><F37/><W49/><G64/><T91/><D11/><U101/><E39/><V106/><F130/><W75/><G75/><T16/><D107/><U52/><E27/><V93/><F71/><W26/><G49/><T41/><D41/><U113/><E113/><V18/><F66/><W5/><G131/><T57/><REACH who="0" step="1"/><D97/><REACH who="0" ten="225,295,225,225" step="2"/><U63/><E10/><V33/><F106/><W76/><G9/><T58/><D58/><U43/><E43/><V121/><F121/><W83/><G123/><T61/><D61/><U24/><E96/><V110/><F105/><W119/><G122/><T65/><D65/><U90/><E68/><V42/><F42/><W100/><G119/><T92/><D92/><U4/><E67/><V116/><F116/><W53/><G53/><T60/><D60/><U44/><E63/><V48/><F56/><W45/><G45/><T72/><D72/><U40/><E52/><V38/><F55/><W99/><G99/><T127/><D127/><U36/><E74/><V128/><F128/><W114/><G100/><T80/><D80/><U15/><E101/><V103/><F103/><W82/><G114/><T94/><D94/><U46/><E46/><V17/><F102/><W111/><G83/><T77/><D77/><U84/><E78/><V118/><F118/><W86/><G126/><T62/><D62/><U3/><E81/><V59/><F98/><RYUUKYOKU ba="1,3" sc="225,30,295,-10,225,-10,225,-10" hai0="0,7,8,16,25,29,31,51,54,57,85,91,95" /><INIT seed="2,2,3,2,4,133" ten="255,285,215,215" oya="2" hai0="66,72,53,27,55,77,125,71,57,82,135,36,25" hai1="87,2,84,49,114,81,62,111,23,38,74,89,20" hai2="95,105,5,86,54,42,52,19,17,90,121,39,123" hai3="120,104,119,92,117,107,58,98,50,11,73,9,102"/><V63/><F105/><W108/><G73/><T60/><D135/><U26/><E111/><V0/><F39/><W100/><G108/><T59/><D36/><U64/><E114/><V34/><F42/><W118/><G120/><T124/><D71/><U70/><E2/><V56/><F34/><W106/><G102/><T16/><D66/><U96/><E38/><V51/><F0/><W109/><G109/><T24/><REACH who="0" step="1"/><D16/><REACH who="0" ten="245,285,215,215" step="2"/><U132/><E132/><V15/><F19/><W68/><G68/><T41/><D41/><U61/><E70/><V88/><F5/><W126/><G126/><T28/><D28/><U43/><E64/><V129/><F129/><W6/><G6/><T14/><D14/><U83/><E43/><V13/><F13/><W8/><REACH who="3" step="1"/><G58/><REACH who="3" ten="245,285,215,205" step="2"/><T94/><D94/><U131/><E131/><V40/><F123/><W97/><G97/><T1/><D1/><U76/><E96/><V93/><F121/><W103/><G103/><T113/><D113/><U47/><E83/><N who="2" m="49247" /><F56/><W65/><G65/><T112/><D112/><U127/><E127/><V22/><F95/><W75/><G75/><T128/><D128/><U29/><E74/><V46/><F63/><AGARI ba="2,5" hai="24,25,27,53,55,57,59,60,63,72,77,82,124,125" machi="63" ten="40,8000,1" yaku="1,1,9,1,52,2,53,0" doraHai="133" doraHaiUra="7" who="0" fromWho="2" sc="245,136,285,0,215,-86,205,0" /><INIT seed="3,0,0,5,0,50" ten="381,285,129,205" oya="3" hai0="18,115,119,41,42,83,81,43,84,32,30,127,14" hai1="133,54,69,96,33,110,29,135,118,53,120,46,79" hai2="4,86,38,101,134,89,124,13,99,60,129,97,31" hai3="23,26,28,49,0,125,58,64,100,109,55,44,47"/><W117/><G117/><T98/><D119/><U56/><E120/><V8/><F129/><W62/><G0/><T16/><D127/><U122/><E118/><V12/><F124/><W130/><G125/><T3/><D3/><U9/><E122/><V36/><F134/><N who="1" m="51209" /><E69/><V132/><F31/><W88/><G130/><T111/><D18/><U19/><E79/><V63/><F132/><W102/><G109/><T67/><D67/><U104/><E110/><V57/><F63/><W51/><REACH who="3" step="1"/><G88/><REACH who="3" ten="381,285,129,195" step="2"/><T128/><D128/><U92/><E104/><V77/><F89/><W37/><G37/><T24/><D111/><U5/><E33/><V22/><F38/><W25/><G25/><T91/><D115/><U113/><E113/><V80/><F36/><W121/><G121/><T75/><D98/><U114/><E114/><V95/><F99/><W21/><G21/><T1/><D1/><U39/><E39/><V66/><REACH who="2" step="1"/><F22/><REACH who="2" ten="381,285,119,195" step="2"/><W78/><G78/><T15/><D32/><U73/><E96/><V11/><F11/><W74/><G74/><T68/><D75/><U87/><E73/><V103/><F103/><W17/><G17/><T59/><D16/><U71/><E19/><V108/><F108/><W116/><G116/><T85/><D91/><N who="1" m="53375" /><E9/><V126/><F126/><W35/><G35/><T94/><D84/><U76/><E76/><V123/><F123/><W52/><AGARI ba="0,2" hai="23,26,28,44,47,49,51,52,55,58,62,64,100,102" machi="52" ten="20,24000,3" yaku="1,1,0,1,7,1,9,1,8,1,52,2,54,1,53,0" doraHai="50" doraHaiUra="112" who="3" fromWho="3" sc="381,-80,285,-80,119,-80,195,260" /><INIT seed="3,1,0,0,4,102" ten="301,205,39,455" oya="3" hai0="75,18,109,132,29,124,78,26,101,38,6,107,93" hai1="17,90,52,126,27,33,64,40,63,92,81,71,4" hai2="14,82,59,76,79,11,134,72,80,56,129,73,45" hai3="104,20,46,83,84,67,121,117,95,61,105,22,113"/><W66/><G117/><T49/><D38/><U8/><E126/><V2/><F129/><W122/><G113/><T13/><D6/><U98/><E40/><V68/><F68/><W10/><G122/><T44/><D93/><U123/><E123/><V108/><F108/><W125/><G121/><T39/><D39/><U58/><E81/><V48/><F134/><W23/><G125/><T130/><D124/><U128/><E128/><V15/><F2/><W19/><G95/><T37/><D37/><U110/><E110/><V69/><F69/><W32/><G32/><T41/><D78/><U118/><E118/><V31/><F31/><W65/><G46/><T86/><D86/><U51/><E33/><V5/><REACH who="2" step="1"/><F15/><REACH who="2" ten="301,205,29,455" step="2"/><W30/><G30/><T112/><D13/><N who="1" m="5255" /><E71/><V116/><F116/><W1/><G1/><T77/><D29/><U16/><E27/><V97/><F97/><W24/><G61/><T53/><D26/><U89/><E89/><V106/><F106/><W133/><G133/><T100/><D107/><U47/><AGARI ba="1,1" hai="16,17,47,51,52,58,63,64,90,92,98" m="5255" machi="47" ten="30,4000,0" yaku="8,1,54,2" doraHai="102" who="1" fromWho="1" sc="301,-11,205,53,29,-11,455,-21" /><INIT seed="4,0,0,1,2,53" ten="290,258,18,434" oya="0" hai0="131,125,50,85,73,14,43,42,71,15,65,19,76" hai1="56,20,132,120,11,21,97,111,75,57,115,116,113" hai2="108,107,103,29,105,93,59,78,0,127,104,62,101" hai3="128,91,123,83,8,33,27,26,36,39,55,82,4"/><T12/><D73/><U44/><E111/><V90/><F0/><W69/><G128/><T67/><D131/><U40/><E116/><V80/><F29/><W61/><G123/><T109/><D109/><U41/><E120/><V112/><F108/><W51/><G82/><N who="0" m="47303" /><D71/><U38/><E75/><N who="2" m="43103" /><F59/><W5/><G27/><T28/><D28/><U9/><E97/><N who="2" m="57527" /><F62/><W118/><G118/><T124/><D50/><U68/><E68/><V64/><F64/><N who="0" m="24650" /><D19/><U45/><REACH who="1" step="1"/><E38/><REACH who="1" ten="290,248,18,434" step="2"/><V3/><F3/><W22/><G69/><T25/><D125/><U81/><E81/><V106/><F127/><W134/><G83/><T87/><D124/><U31/><E31/><V100/><F112/><W52/><G39/><T122/><D122/><U77/><E77/><V30/><F30/><W6/><G36/><T60/><D87/><U70/><E70/><V32/><F32/><W133/><G133/><AGARI ba="0,1" hai="9,11,20,21,40,41,44,45,56,57,113,115,132,133" machi="133" ten="25,8000,1" yaku="1,1,22,2,52,2,53,0" doraHai="53" doraHaiUra="119" who="1" fromWho="3" sc="290,0,248,90,18,0,434,-80" /><INIT seed="5,0,0,2,0,11" ten="290,338,18,354" oya="1" hai0="130,30,25,76,20,98,83,92,67,93,44,57,36" hai1="52,19,81,91,108,24,47,119,110,1,62,64,87" hai2="54,6,94,37,68,13,33,49,89,23,122,26,43" hai3="31,85,9,46,103,117,86,70,114,15,60,61,115"/><U27/><E119/><V63/><F122/><W96/><G117/><T16/><D130/><U75/><E1/><V126/><F126/><W97/><G31/><T102/><D92/><U125/><E125/><V22/><F33/><W65/><G46/><T10/><D36/><U124/><E124/><V88/><F37/><W3/><G60/><T105/><D105/><U45/><E75/><V34/><F34/><W21/><G3/><T109/><D109/><N who="1" m="42091" /><E47/><N who="2" m="25855" /><F68/><W84/><G21/><N who="2" m="7689" /><F26/><W71/><G71/><T35/><D44/><U133/><E133/><V48/><F63/><W18/><REACH who="3" step="1"/><G103/><REACH who="3" ten="290,338,18,344" step="2"/><T107/><D35/><U7/><E45/><N who="2" m="27919" /><F94/><W104/><G104/><T101/><D107/><U80/><E80/><V66/><F66/><W118/><G118/><T128/><D102/><U106/><E106/><V32/><F32/><W116/><G116/><T38/><D38/><U40/><E64/><V58/><F58/><W79/><G79/><T77/><D57/><N who="1" m="35111" /><E81/><V17/><F6/><W2/><G2/><T95/><D67/><U78/><E7/><V121/><F121/><W42/><G42/><T51/><D83/><N who="1" m="49663" /><E40/><V112/><F112/><AGARI ba="0,1" hai="9,15,18,61,65,70,84,85,86,96,97,112,114,115" machi="112" ten="40,5200,0" yaku="1,1,15,1,52,1,53,0" doraHai="11" doraHaiUra="69" who="3" fromWho="2" sc="290,0,338,0,18,-52,344,62" owari="290,-11.0,338,14.0,-34,-53.0,406,50.0" /></mjloggm>