<mjloggm ver="2.3"><GO type="41" lobby="0"/><UN n0="%E3%82%AF%E3%83%AA%E3%83%83%E3%82%AF%E3%83%9D%E3%82%B9%E3%83%88" n1="%E5%8D%AF%E8%8A%B1%E3%83%8E%E4%BD%90%E4%B9%85%E5%A4%9C%E5%A7%AB" n2="%50%65%61%63%6F%63%6B" n3="%E2%93%9D%53%75%70%68%78" dan="14,14,15,18" rate="1990.74,1990.85,1935.87,2087.73" sx="M,M,M,M"/><TAIKYOKU oya="0"/><INIT seed="0,0,0,3,5,83" ten="250,250,250,250" oya="0" hai0="118,110,100,7,53,117,6,2,18,36,41,59,45" hai1="120,81,119,38,12,33,133,99,0,87,64,114,24" hai2="15,65,55,105,63,129,39,26,48,21,108,29,35" hai3="122,66,40,34,17,125,67,43,93,57,92,124,5"/><T112/><D112/><U9/><E114/><V42/><F108/><W14/><G5/><T1/><D110/><U127/><E64/><N who="3" m="24618" /><G34/><T116/><D100/><U23/><E38/><V130/><F105/><W27/><G27/><T89/><D6/><U88/><E120/><V56/><F35/><W77/><G77/><T62/><D7/><U85/><E119/><V54/><F54/><W80/><G80/><T76/><D76/><N who="1" m="46247" /><E0/><V3/><F3/><W51/><G57/><T32/><D32/><U30/><E33/><V115/><F15/><W71/><G51/><T44/><D44/><U52/><E127/><N who="3" m="48714" /><G71/><T126/><D126/><U72/><E72/><V58/><F115/><W103/><G103/><T131/><D131/><U90/><E99/><V75/><F75/><W25/><G25/><T86/><REACH who="0" step="1"/><D18/><REACH who="0" ten="240,250,250,250" step="2"/><N who="1" m="8463" /><E133/><V102/><F102/><W8/><G122/><T82/><AGARI ba="0,1" hai="1,2,36,41,45,53,59,62,82,86,89,116,117,118" machi="82" ten="30,11700,0" yaku="1,1,0,1,52,1,53,1" doraHai="83" doraHaiUra="79" who="0" fromWho="0" sc="240,127,250,-39,250,-39,250,-39" /><INIT seed="0,1,0,1,2,38" ten="367,211,211,211" oya="0" hai0="47,134,59,7,110,101,53,16,24,87,71,41,34" hai1="103,18,50,76,5,40,35,57,114,125,81,22,70" hai2="102,66,55,49,2,19,63,132,121,88,84,68,83" hai3="15,62,60,91,93,64,27,74,33,79,122,80,12"/><T17/><D71/><U108/><E70/><V127/><F132/><W116/><G116/><T86/><D134/><U20/><E35/><V65/><F127/><W3/><G3/><T44/><D44/><U8/><E108/><V99/><F121/><W105/><G105/><T58/><D58/><U135/><E135/><V46/><F2/><W109/><G62/><T10/><D101/><U36/><E36/><V123/><F123/><W133/><G109/><T100/><D100/><U23/><E125/><V129/><F129/><W37/><G37/><T126/><D126/><U42/><E103/><V14/><F63/><W113/><G113/><T119/><D34/><U52/><E114/><V118/><F118/><W95/><G95/><T31/><D31/><U11/><E5/><V97/><F68/><W85/><G122/><T69/><D69/><U30/><E30/><V75/><F75/><W90/><G90/><T4/><D110/><U72/><REACH who="1" step="1"/><E18/><REACH who="1" ten="367,201,211,211" step="2"/><N who="0" m="7273" /><D4/><U67/><E67/><N who="2" m="25611" /><F102/><W13/><G133/><T107/><D119/><U26/><E26/><V128/><F128/><W77/><G27/><T21/><D7/><U1/><E1/><V98/><F19/><W54/><G64/><T111/><D10/><AGARI ba="1,1" hai="8,10,11,20,22,23,40,42,50,52,57,72,76,81" machi="10" ten="40,8000,1" yaku="1,1,52,2,54,1,53,1" doraHai="38" doraHaiUra="51" who="1" fromWho="0" sc="367,-83,201,93,211,0,211,0" /><INIT seed="1,0,0,3,4,64" ten="284,294,211,211" oya="1" hai0="81,100,9,115,43,52,133,63,36,49,73,1,97" hai1="2,135,122,75,27,109,61,14,35,131,40,65,80" hai2="30,85,17,127,82,112,45,5,134,66,39,125,54" hai3="12,34,88,74,101,46,98,62,113,8,47,0,99"/><U58/><E122/><V106/><F134/><W71/><G74/><T118/><D115/><U132/><E2/><V22/><F106/><W50/><G34/><T57/><D118/><U72/><E131/><V102/><F102/><W126/><G0/><T41/><D36/><U96/><E40/><V4/><F30/><W6/><G126/><N who="2" m="48137" /><F66/><W83/><G113/><T78/><D133/><U15/><E96/><V128/><F128/><W77/><G47/><T87/><D73/><U23/><E35/><V55/><F39/><W123/><G123/><T38/><D38/><U70/><E109/><V7/><F45/><W28/><G28/><T48/><D1/><U111/><E111/><V19/><F112/><W59/><G71/><T84/><D9/><U110/><E58/><V93/><F93/><W104/><G104/><T25/><D25/><U124/><E110/><V116/><F19/><W129/><G101/><T24/><D24/><U107/><E107/><V117/><F116/><W67/><G129/><T108/><D108/><U21/><E124/><V94/><F94/><W90/><G99/><T60/><D97/><U130/><E130/><V51/><F51/><W11/><G98/><T44/><D100/><U20/><E27/><N who="2" m="14799" /><F117/><W18/><G18/><T68/><D68/><U89/><E135/><V95/><F95/><W79/><G11/><T3/><D3/><U26/><E26/><V16/><F16/><W103/><G103/><T53/><D87/><N who="1" m="50407" /><E132/><V10/><F10/><W105/><G105/><T119/><D119/><U29/><E29/><V37/><F37/><W42/><G83/><RYUUKYOKU ba="0,0" sc="284,0,294,0,211,0,211,0" hai0="41,43,44,48,49,52,53,57,60,63,78,81,84" hai1="14,15,20,21,23,61,65,70,72,75" hai2="4,5,7,54,55,82,85" hai3="6,8,12,42,46,50,59,62,67,77,79,88,90" /><INIT seed="1,1,0,3,3,47" ten="284,294,211,211" oya="1" hai0="23,78,25,19,94,32,6,50,52,29,134,2,109" hai1="88,11,35,0,73,38,26,54,132,61,97,12,46" hai2="9,116,72,49,106,125,40,85,130,56,79,89,55" hai3="20,98,120,135,112,10,102,39,96,3,105,27,41"/><U58/><E132/><V59/><F116/><W36/><G120/><T127/><D134/><U101/><E0/><V113/><F125/><W128/><G112/><T30/><D127/><U65/><E73/><V91/><F130/><W57/><G135/><T95/><D109/><U103/><E35/><V24/><F106/><W110/><G110/><T16/><D78/><U86/><E97/><V117/><F117/><W133/><G41/><T22/><D30/><U4/><E26/><V69/><F69/><W1/><G128/><T129/><D129/><U83/><REACH who="1" step="1"/><E38/><REACH who="1" ten="284,284,211,211" step="2"/><V44/><F72/><W84/><G98/><T5/><D2/><U122/><E122/><V114/><F113/><W13/><G3/><T43/><D32/><U121/><E121/><V42/><F114/><W75/><G1/><T108/><D108/><U63/><E63/><V104/><F24/><W87/><G75/><T115/><D115/><U21/><E21/><V70/><F9/><W64/><G39/><T80/><D29/><U66/><E66/><V28/><F28/><W48/><G36/><T18/><D25/><U60/><E60/><V126/><F126/><W31/><G133/><T71/><D22/><U7/><E7/><N who="0" m="2569" /><D23/><U77/><E77/><V93/><F79/><W76/><G76/><T74/><D74/><U45/><E45/><V118/><F118/><W99/><G64/><T131/><D131/><U34/><E34/><V15/><F44/><W123/><G123/><T107/><D19/><U68/><E68/><V81/><F70/><W51/><G31/><T100/><D18/><U111/><E111/><RYUUKYOKU ba="1,1" sc="284,-10,284,30,211,-10,211,-10" hai1="4,11,12,46,54,58,61,65,83,86,88,101,103" /><INIT seed="1,2,1,5,3,12" ten="274,314,201,201" oya="1" hai0="24,83,33,85,7,73,123,81,69,110,102,126,50" hai1="98,99,59,65,11,87,111,42,119,97,37,4,101" hai2="88,56,103,14,125,75,13,91,133,71,60,94,52" hai3="45,21,72,115,114,90,108,30,92,130,128,43,58"/><U51/><E119/><V109/><F109/><W38/><G72/><T112/><D112/><U35/><E35/><V53/><F75/><W20/><G108/><T39/><D39/><U25/><E37/><V27/><F133/><W28/><G58/><T57/><D69/><U70/><E70/><V79/><F79/><W132/><G132/><T82/><D110/><U84/><E111/><V54/><F71/><W55/><G55/><N who="2" m="21001" /><F125/><W23/><G92/><T74/><D102/><U118/><E25/><V100/><F27/><W64/><G90/><N who="2" m="34345" /><F94/><W104/><G64/><T86/><D24/><U31/><E101/><AGARI ba="2,1" hai="13,14,52,56,60,100,101,103" m="34345,21001" machi="101" ten="30,3900,0" yaku="8,1,54,2" doraHai="12" who="2" fromWho="1" sc="274,0,314,-45,201,55,201,0" /><INIT seed="2,0,0,3,3,6" ten="274,269,256,201" oya="2" hai0="48,37,27,2,115,54,116,133,72,19,82,58,62" hai1="123,23,95,96,80,120,118,119,20,135,109,45,86" hai2="77,43,7,57,101,127,130,1,28,78,16,70,79" hai3="99,90,126,102,47,94,8,53,5,97,26,65,4"/><V11/><F70/><W63/><G126/><T36/><D115/><U124/><E45/><V66/><F127/><W29/><G5/><T41/><D2/><U15/><E124/><V67/><F130/><W83/><G47/><T87/><D72/><U74/><E74/><V76/><F28/><W44/><G44/><T71/><D133/><U112/><E135/><V92/><F43/><W98/><G53/><T89/><D116/><U50/><E50/><V88/><F101/><W46/><G83/><T60/><D41/><U104/><E104/><V13/><N who="2" m="19456" /><DORA hai="121" /><V68/><F57/><W17/><G17/><T61/><D71/><U39/><E39/><V128/><F128/><W14/><G46/><T56/><D56/><U93/><E15/><V73/><F73/><W103/><G103/><T51/><D51/><U59/><E59/><V40/><F68/><W64/><G63/><T117/><D117/><U113/><E80/><V85/><REACH who="2" step="1"/><F40/><REACH who="2" ten="274,269,246,201" step="2"/><W111/><G102/><T122/><D122/><U69/><E69/><V9/><AGARI ba="0,1" hai="1,7,9,11,13,16,66,67,85,88,92" m="19456" machi="9" ten="40,24000,3" yaku="1,1,2,1,0,1,52,2,54,2,53,1" doraHai="6,121" doraHaiUra="12,106" who="2" fromWho="2" sc="274,-80,269,-80,246,250,201,-80" /><INIT seed="2,1,0,2,3,41" ten="194,189,496,121" oya="2" hai0="46,84,110,117,12,71,98,83,108,9,17,69,59" hai1="6,89,102,20,103,119,56,42,7,120,93,13,21" hai2="64,130,50,51,67,63,133,127,79,114,8,88,73" hai3="85,81,116,54,134,58,113,0,55,62,94,18,53"/><V23/><F114/><W82/><G116/><T60/><D98/><U100/><E119/><V61/><F127/><W125/><G0/><T78/><D117/><U106/><E120/><V16/><F130/><W35/><G35/><T104/><D104/><U47/><E106/><V96/><F73/><W32/><G32/><T97/><D97/><U14/><E56/><N who="2" m="36903" /><F79/><W15/><G134/><T80/><D80/><U77/><E77/><V65/><F8/><W10/><G125/><T91/><D78/><U124/><E124/><V72/><F72/><W43/><G43/><T121/><D121/><U57/><E57/><N who="2" m="37103" /><F67/><W70/><G70/><T105/><D105/><U131/><E131/><V29/><F29/><W109/><G113/><T75/><D75/><U27/><E7/><V118/><F133/><W122/><G122/><T38/><D71/><U11/><E14/><N who="2" m="9623" /><F118/><W132/><G132/><T99/><D69/><U74/><E27/><V2/><F2/><W34/><G34/><T115/><D115/><U1/><E1/><V36/><F36/><W30/><G30/><T33/><D33/><U49/><REACH who="1" step="1"/><E74/><REACH who="1" ten="194,179,496,121" step="2"/><V111/><F111/><W66/><G109/><T126/><D126/><U4/><E4/><V52/><F52/><W135/><G135/><T22/><D110/><U24/><E24/><V95/><AGARI ba="1,1" hai="50,51,88,95,96" m="9623,37103,36903" machi="95" ten="30,6000,0" yaku="8,1,54,2" doraHai="41" who="2" fromWho="2" sc="194,-21,179,-21,496,73,121,-21" /><INIT seed="2,2,0,5,4,124" ten="173,158,569,100" oya="2" hai0="89,50,73,98,123,23,37,0,42,67,116,17,16" hai1="102,134,126,97,93,85,64,58,6,12,77,78,57" hai2="63,39,91,135,53,3,52,113,83,100,18,20,118" hai3="79,51,84,11,49,132,115,9,4,13,41,55,128"/><V26/><F113/><W70/><G70/><T71/><D123/><U69/><E126/><V90/><F135/><W22/><G132/><T130/><D73/><U2/><E2/><V1/><F39/><W131/><G115/><T62/><D0/><U75/><E75/><V65/><F100/><W59/><G22/><T48/><D116/><U114/><E114/><V81/><F1/><W56/><G11/><T8/><D8/><U21/><E69/><V103/><F103/><W96/><G96/><T88/><D17/><N who="1" m="10407" /><E6/><V111/><F111/><W120/><G120/><T95/><D89/><N who="2" m="33802" /><F3/><W68/><G68/><T46/><REACH who="0" step="1"/><D130/><REACH who="0" ten="163,158,569,100" step="2"/><N who="3" m="49705" /><G79/><T5/><D5/><U109/><E77/><V54/><F118/><W31/><G84/><T33/><D33/><U24/><E85/><V110/><F110/><W80/><G31/><T32/><D32/><U10/><E78/><V45/><F83/><W35/><G35/><T104/><D104/><U61/><E109/><V107/><F81/><W30/><G30/><T44/><D44/><U40/><E134/><V74/><F107/><W47/><G80/><T105/><D105/><U19/><E93/><V28/><F28/><W29/><G29/><T60/><D60/><U108/><E61/><V127/><F63/><W133/><G133/><T7/><D7/><U99/><E108/><V106/><F127/><W125/><G125/><T72/><D72/><U112/><E112/><V25/><F74/><W117/><G117/><T82/><D82/><U101/><E19/><V92/><F18/><W43/><G47/><T129/><D129/><U87/><E10/><RYUUKYOKU ba="2,1" sc="163,15,158,-15,569,-15,100,15" hai0="16,23,37,42,46,48,50,62,67,71,88,95,98" hai3="4,9,13,41,43,49,51,55,56,59" /><INIT seed="3,3,1,0,1,40" ten="178,143,554,115" oya="3" hai0="12,48,1,111,97,100,66,35,117,102,26,106,96" hai1="124,41,105,28,31,2,17,68,114,134,129,118,64" hai2="112,47,50,9,103,80,46,55,87,107,128,57,77" hai3="104,3,67,18,95,4,75,116,74,92,88,135,86"/><W45/><G104/><T101/><D117/><U0/><E41/><V10/><F112/><W27/><G116/><T115/><D1/><U13/><E64/><V108/><F108/><W5/><G135/><T73/><D73/><U82/><E82/><V49/><F128/><W22/><G67/><T91/><D115/><U63/><E118/><V24/><F24/><W120/><G120/><T76/><D111/><U42/><E42/><N who="2" m="24791" /><F107/><W125/><G125/><T23/><D76/><U78/><E78/><V39/><F39/><W44/><G3/><T85/><D66/><U62/><E114/><V58/><F103/><W69/><G69/><T71/><D71/><U30/><E68/><V109/><F109/><W16/><G18/><T119/><D119/><U89/><E124/><V15/><F9/><W53/><G75/><T83/><D96/><U130/><E105/><V60/><F60/><W38/><G74/><T8/><D35/><U70/><E70/><V132/><F132/><W99/><G38/><T7/><REACH who="0" step="1"/><D48/><REACH who="0" ten="168,143,554,115" step="2"/><U6/><E0/><V113/><F113/><W72/><G72/><T11/><D11/><N who="1" m="6335" /><E2/><V81/><F77/><W121/><G121/><T19/><AGARI ba="3,2" hai="7,8,12,19,23,26,83,85,91,97,100,101,102,106" machi="19" ten="20,2700,0" yaku="1,1,0,1,7,1,53,0" doraHai="40" doraHaiUra="61" who="0" fromWho="0" sc="168,56,143,-10,554,-10,115,-16" /><INIT seed="4,0,0,0,1,84" ten="224,133,544,99" oya="0" hai0="24,134,96,85,50,88,53,60,14,131,41,64,47" hai1="83,124,130,29,68,5,77,15,82,81,52,56,119" hai2="97,70,9,27,54,92,75,44,113,62,65,76,34" hai3="19,28,49,6,106,86,67,72,20,26,112,11,74"/><T132/><D131/><U111/><E68/><V7/><F113/><W116/><G116/><T23/><D14/><U46/><E111/><V22/><F34/><W114/><G106/><T120/><D120/><U110/><E110/><V94/><F76/><W59/><G28/><T35/><D35/><U108/><E119/><V69/><F75/><W104/><G104/><T33/><D33/><U115/><E108/><V13/><F69/><W39/><G39/><T90/><D96/><U80/><E124/><V103/><F92/><W57/><G67/><T93/><D41/><U12/><E130/><V51/><REACH who="2" step="1"/><F22/><REACH who="2" ten="224,133,534,99" step="2"/><W87/><G74/><T105/><D105/><U8/><E115/><V102/><F102/><W100/><G72/><T79/><D79/><U4/><E77/><V95/><F95/><W40/><G114/><T127/><D127/><U36/><E81/><V55/><F55/><W101/><G101/><T45/><D93/><U17/><E82/><V73/><F73/><W125/><G100/><T10/><D132/><U63/><E83/><V122/><F122/><W18/><G125/><T37/><D134/><U89/><E80/><V1/><F1/><W135/><G135/><T107/><D107/><U78/><E78/><V38/><F38/><W16/><G112/><T118/><D118/><U30/><E36/><V61/><F61/><W3/><G40/><T48/><D37/><U58/><E63/><V0/><F0/><W99/><G49/><T21/><D60/><U32/><E32/><V91/><F91/><W31/><G99/><T121/><D121/><U71/><E89/><RYUUKYOKU ba="0,1" sc="224,-15,133,-15,534,15,99,15" hai2="7,9,13,27,44,51,54,62,65,70,94,97,103" hai3="3,6,11,16,18,19,20,26,31,57,59,86,87" /><INIT seed="5,1,1,2,4,103" ten="209,118,549,114" oya="1" hai0="69,84,121,131,93,19,32,45,76,41,94,74,72" hai1="66,11,127,36,83,54,101,116,21,134,110,128,99" hai2="2,124,91,112,22,0,108,85,42,87,46,8,9" hai3="27,58,30,35,113,64,29,120,3,57,14,123,122"/><U100/><E116/><V73/><F108/><W115/><G64/><T17/><D69/><U98/><E110/><V13/><F124/><W102/><G3/><T49/><D32/><U25/><E36/><V56/><F73/><W67/><G14/><T12/><D131/><U61/><E127/><V60/><F85/><W20/><G67/><T86/><D121/><U5/><E128/><V81/><F22/><W47/><G47/><T50/><D12/><N who="1" m="5231" /><E134/><V107/><F107/><W62/><G102/><N who="1" m="39530" /><E83/><V129/><F129/><W119/><G119/><T80/><D80/><U65/><E54/><V118/><F118/><W15/><G62/><T51/><D45/><U117/><E117/><V59/><F9/><W39/><G39/><T114/><D49/><U92/><E61/><V82/><F81/><W97/><G97/><N who="1" m="36874" /><E92/><V106/><F106/><W70/><G70/><T33/><D33/><U18/><AGARI ba="1,1" hai="18,21,25,65,66" m="36874,39530,5231" machi="18" ten="30,1500,0" yaku="8,1" doraHai="103" who="1" fromWho="1" sc="209,-6,118,28,549,-6,114,-6" /><INIT seed="5,2,0,3,3,92" ten="203,146,543,108" oya="1" hai0="61,6,72,96,42,56,135,79,118,25,41,13,101" hai1="50,11,34,86,102,54,48,62,16,128,68,103,40" hai2="97,18,100,113,14,123,22,130,27,132,65,112,60" hai3="64,93,19,98,31,95,120,114,126,12,20,63,10"/><U45/><E34/><V26/><F130/><W110/><G126/><T24/><D118/><U116/><E116/><V80/><F132/><W131/><G131/><T7/><D72/><U47/><E128/><V124/><F124/><W125/><G125/><T117/><D135/><U53/><E86/><V71/><F80/><W58/><G114/><N who="2" m="44137" /><F123/><W76/><G110/><T82/><D101/><U67/><REACH who="1" step="1"/><E40/><REACH who="1" ten="203,136,543,108" step="2"/><V133/><F133/><W85/><G120/><T127/><D127/><U29/><E29/><V122/><F122/><W87/><G76/><T111/><D41/><U77/><E77/><V84/><F84/><W57/><G87/><T17/><D42/><U23/><E23/><V55/><F55/><W115/><G115/><T9/><D79/><U4/><E4/><V21/><F22/><W46/><G85/><T88/><D117/><U94/><E94/><AGARI ba="2,1" hai="14,18,21,26,27,60,65,71,94,97,100" m="44137" machi="94" ten="30,3900,0" yaku="15,1,11,1,52,1" doraHai="92" who="2" fromWho="1" sc="203,0,136,-45,543,55,108,0" /><INIT seed="6,0,0,5,1,84" ten="203,91,598,108" oya="2" hai0="100,30,52,71,135,108,116,122,78,26,5,1,16" hai1="104,36,7,44,91,47,57,76,45,111,92,34,64" hai2="124,23,24,19,22,41,73,68,46,93,32,131,48" hai3="61,126,18,11,121,72,39,67,83,38,105,96,37"/><V4/><F73/><W117/><G117/><T53/><D122/><U75/><E104/><V56/><F68/><W113/><G121/><T130/><D108/><U132/><E111/><V9/><F124/><W134/><G134/><T25/><D71/><U10/><E34/><V69/><F131/><W31/><G31/><T133/><D116/><U42/><E132/><N who="0" m="50761" /><D130/><U21/><E21/><V89/><F32/><W127/><G113/><T109/><D78/><U35/><E35/><V99/><F69/><N who="3" m="42223" /><G18/><T62/><D109/><U88/><E57/><V80/><F80/><W70/><G11/><N who="0" m="2479" /><D100/><U82/><E64/><V17/><F56/><W77/><G70/><T50/><D62/><U106/><E106/><V6/><F9/><W119/><G119/><T63/><D63/><U59/><E59/><V0/><F0/><W118/><G118/><T27/><D30/><U79/><E76/><V114/><F114/><W90/><G90/><N who="1" m="34346" /><E92/><V98/><F99/><W97/><G97/><T51/><D16/><U94/><E94/><V54/><F54/><AGARI ba="0,0" hai="25,26,27,50,51,52,53,54" m="2479,50761" machi="54" ten="30,2000,0" yaku="20,1,54,1" doraHai="84" who="0" fromWho="2" sc="203,20,91,0,598,-20,108,0" /><INIT seed="7,0,0,5,1,47" ten="223,91,578,108" oya="3" hai0="119,32,2,97,51,87,48,0,31,49,3,35,72" hai1="20,133,65,46,82,28,84,56,135,94,5,17,128" hai2="40,42,29,50,75,62,103,76,106,21,25,100,79" hai3="78,15,4,52,69,41,80,127,61,27,13,108,124"/><W30/><G41/><T71/><D72/><U34/><E34/><V53/><F106/><W33/><G108/><T57/><D71/><U38/><E5/><V114/><F114/><W109/><G109/><T81/><D97/><U1/><E1/><V74/><F62/><W36/><G36/><T130/><D130/><U110/><E110/><V55/><F75/><W102/><G102/><N who="2" m="38953" /><F74/><W8/><G15/><T58/><D119/><U123/><E123/><V116/><F116/><W132/><G132/><N who="1" m="50762" /><E128/><V122/><F122/><W134/><G134/><T112/><D112/><U83/><E28/><V118/><F118/><W107/><G107/><T99/><D99/><U96/><E38/><V14/><F14/><W93/><G93/><T91/><D31/><U85/><E83/><V11/><F11/><W117/><G117/><T10/><D10/><U77/><E84/><V24/><F24/><W67/><G80/><T39/><D39/><U16/><E46/><N who="2" m="27863" /><F55/><W44/><REACH who="3" step="1"/><G78/><AGARI ba="0,0" hai="21,25,29,40,42,76,78,79" m="27863,38953" machi="78" ten="30,2000,0" yaku="8,1,52,1" doraHai="47" who="2" fromWho="3" sc="223,0,91,0,578,20,108,-20" owari="223,2.0,91,-31.0,598,70.0,88,-41.0" /></mjloggm>