<mjloggm ver="2.3"><GO type="41" lobby="0"/><UN n0="%E3%83%95%E3%82%A9%E3%83%BC%E3%83%9D%E3%82%A4%E3%83%B3%E3%83%88" n1="%E2%93%9D%53%75%70%68%78" n2="%E5%88%87%E9%96%93%E7%BE%8E%E6%98%9F" n3="%E3%83%AA%E3%83%A7%E3%83%BC%E3%82%B9%E3%82%B1%39%31%34" dan="14,18,15,14" rate="1939.47,2092.17,1998.31,1953.46" sx="M,M,M,M"/><TAIKYOKU oya="0"/><INIT seed="0,0,0,2,1,135" ten="250,250,250,250" oya="0" hai0="119,20,131,70,94,111,98,47,9,110,124,114,133" hai1="64,53,66,92,121,42,79,118,78,37,134,91,16" hai2="22,75,86,123,115,108,21,26,57,87,109,35,3" hai3="120,45,58,116,31,77,102,32,99,15,104,25,29"/><T51/><D133/><U10/><E121/><V122/><F75/><W71/><G120/><N who="2" m="46121" /><F3/><W43/><G31/><T23/><D119/><U90/><E37/><V49/><F35/><W4/><G77/><T40/><D114/><U38/><E38/><V100/><F100/><W54/><G71/><T85/><D131/><U80/><E42/><V28/><F22/><W130/><G130/><T73/><D73/><U19/><E53/><N who="2" m="31919" /><F115/><W68/><G68/><T83/><D70/><U41/><E41/><V44/><F44/><W46/><G116/><T61/><D61/><U55/><E134/><V105/><F105/><W50/><REACH who="3" step="1"/><G43/><REACH who="3" ten="250,250,250,240" step="2"/><T112/><D112/><U52/><E118/><V127/><F127/><W56/><G56/><T128/><D124/><U97/><E79/><V82/><F82/><W7/><G7/><T84/><D83/><U63/><E78/><V117/><F117/><W81/><G81/><T0/><D0/><U113/><E113/><V74/><F74/><W107/><G107/><T48/><D128/><U59/><E80/><V101/><F101/><W72/><G72/><T69/><D69/><U33/><E59/><V2/><F2/><W125/><G125/><T18/><D40/><U96/><E63/><V60/><F60/><W39/><G39/><T6/><D51/><U67/><E33/><V129/><F129/><W65/><G65/><T126/><D126/><U103/><E103/><V30/><F28/><W1/><G1/><T27/><D48/><U24/><E67/><V13/><F30/><W12/><G12/><T93/><D47/><U17/><E66/><RYUUKYOKU ba="0,1" sc="250,-10,250,-10,250,-10,240,30" hai3="4,15,25,29,32,45,46,50,54,58,99,102,104" /><INIT seed="1,1,1,4,0,92" ten="240,240,240,270" oya="1" hai0="95,112,8,65,79,48,29,73,56,101,61,72,121" hai1="94,116,52,102,107,93,22,44,59,135,96,109,130" hai2="46,38,100,40,57,82,75,37,99,35,81,64,71" hai3="117,119,77,86,118,90,105,127,67,2,133,125,113"/><U18/><E116/><V111/><F111/><W27/><G2/><T122/><D112/><U53/><E109/><V131/><F131/><W126/><G67/><T120/><D8/><U87/><E130/><V91/><F38/><W41/><G41/><T70/><D79/><U128/><E135/><V69/><F82/><N who="3" m="47439" /><G113/><T66/><D66/><U23/><E128/><V97/><F35/><W24/><G24/><T7/><D7/><U85/><E107/><V25/><F25/><W49/><G49/><T88/><D101/><U108/><E108/><V89/><F57/><W16/><G133/><T63/><D29/><U32/><E32/><V26/><F26/><W68/><G68/><T11/><D11/><U6/><E6/><V123/><F123/><W19/><G105/><T78/><D78/><U3/><E3/><V20/><F20/><N who="1" m="7721" /><E18/><N who="3" m="6698" /><G27/><T55/><D63/><N who="1" m="36327" /><E94/><V134/><F71/><W9/><G9/><T10/><REACH who="0" step="1"/><D10/><REACH who="0" ten="230,240,240,270" step="2"/><U13/><E13/><V15/><F15/><W45/><G90/><T1/><D1/><U42/><E42/><V54/><F64/><W39/><G119/><T14/><D14/><U74/><E74/><V17/><F75/><W80/><G118/><T132/><D132/><U34/><E34/><V110/><F134/><W76/><G117/><T58/><D58/><U21/><E21/><V60/><F60/><W36/><G45/><T28/><D28/><U12/><E12/><V104/><F110/><W129/><G129/><T4/><D4/><U30/><E30/><V47/><F69/><W31/><G31/><T84/><AGARI ba="1,2" hai="48,55,56,61,65,70,72,73,84,88,95,120,121,122" machi="84" ten="30,12000,2" yaku="1,1,0,1,13,1,54,1,53,2" doraHai="92" doraHaiUra="106" who="0" fromWho="0" sc="230,143,240,-61,240,-31,270,-31" /><INIT seed="2,0,0,1,4,131" ten="373,179,209,239" oya="2" hai0="105,27,20,94,67,96,59,49,72,54,15,5,123" hai1="24,80,39,127,132,32,129,103,9,48,56,35,73" hai2="98,87,25,58,84,0,125,64,95,1,8,82,13" hai3="2,107,12,119,121,52,43,30,51,29,68,134,118"/><V46/><F125/><W85/><G121/><T122/><D72/><U18/><E39/><V97/><F1/><W126/><G2/><T130/><D130/><U57/><E129/><V109/><F0/><W19/><G126/><T112/><D105/><U33/><E103/><V6/><F109/><W108/><G108/><T113/><D5/><U50/><E127/><V77/><F25/><W76/><G68/><T21/><D15/><U128/><E128/><V66/><F46/><W88/><G107/><T44/><D21/><U99/><E99/><V110/><F110/><W111/><G111/><T120/><D67/><U133/><E80/><V102/><F58/><N who="1" m="22633" /><E73/><V104/><REACH who="2" step="1"/><F84/><REACH who="2" ten="373,179,199,239" step="2"/><W92/><G119/><T62/><D123/><U65/><E24/><V42/><F42/><W100/><G118/><T11/><D122/><U47/><E47/><V135/><F135/><N who="1" m="51785" /><E65/><V117/><F117/><W63/><G134/><T71/><D120/><U69/><E69/><V106/><F106/><W41/><G63/><T38/><D71/><U116/><E116/><V86/><F86/><W78/><G85/><T93/><D62/><U7/><E18/><V70/><F70/><W3/><G19/><T40/><D44/><U115/><E115/><V14/><F14/><AGARI ba="0,1" hai="7,9,14,32,33,35,48,50" m="51785,22633" machi="14" ten="40,8000,1" yaku="20,1,52,3" doraHai="131" who="1" fromWho="2" sc="373,0,179,90,199,-80,239,0" /><INIT seed="3,0,0,2,5,29" ten="373,269,119,239" oya="3" hai0="73,104,55,42,54,113,108,31,43,75,124,69,115" hai1="116,89,48,118,38,58,12,111,66,39,47,41,120" hai2="65,76,95,24,34,101,107,49,131,13,98,16,82" hai3="90,133,52,23,84,99,74,40,106,91,128,63,18"/><W92/><G133/><T15/><D104/><U1/><E12/><V125/><F131/><W112/><G128/><T51/><D69/><U25/><E89/><V57/><F125/><W64/><G74/><T77/><D124/><U85/><E85/><V93/><F65/><W26/><G112/><T87/><D31/><U127/><E25/><V135/><F135/><W105/><G40/><T129/><D129/><U37/><E1/><V4/><F57/><W132/><G132/><T11/><D87/><U110/><E120/><V22/><F49/><W20/><G20/><T80/><D108/><N who="1" m="41515" /><E127/><V44/><F44/><W117/><G117/><N who="1" m="45162" /><E66/><V10/><REACH who="2" step="1"/><F34/><REACH who="2" ten="373,269,109,239" step="2"/><W60/><G60/><T32/><D32/><U68/><E68/><V27/><F27/><W78/><G64/><T123/><D123/><U79/><E79/><V5/><F5/><W70/><G78/><T46/><D115/><U56/><AGARI ba="0,1" hai="37,38,39,41,47,48,56,58" m="45162,41515" machi="56" ten="40,8000,1" yaku="14,1,12,1,34,2" doraHai="29" who="1" fromWho="1" sc="373,-20,269,90,109,-20,239,-40" /><INIT seed="4,0,0,4,2,93" ten="353,359,89,199" oya="0" hai0="112,45,27,121,117,76,51,30,48,10,9,96,90" hai1="123,20,55,105,78,122,103,6,29,106,18,46,56" hai2="8,126,100,67,42,52,135,59,33,4,3,101,69" hai3="116,61,95,99,125,129,62,86,36,71,131,31,92"/><T111/><D117/><U53/><E29/><V130/><F33/><W98/><G86/><T43/><D121/><U134/><E6/><V89/><F130/><N who="3" m="49675" /><G36/><T115/><D76/><U14/><E134/><V84/><F135/><W128/><G125/><T58/><D111/><U19/><E78/><V133/><F42/><W118/><G31/><T17/><D30/><U85/><E46/><V16/><F126/><W80/><G80/><T75/><D75/><U113/><E113/><N who="0" m="43593" /><D58/><U110/><E85/><V88/><F133/><W63/><N who="3" m="49683" /><W54/><DORA hai="0" /><G54/><T119/><D119/><N who="3" m="45609" /><G71/><T24/><D51/><U132/><E132/><V94/><F89/><N who="3" m="55567" /><G61/><T50/><D50/><U39/><E39/><V21/><F67/><W40/><G40/><T49/><D49/><U74/><E55/><V23/><F69/><W108/><G108/><T12/><D10/><U83/><E110/><V7/><F21/><W22/><G22/><T28/><D28/><U38/><E20/><V2/><F3/><W97/><G97/><T72/><D72/><U120/><E74/><V73/><F73/><W15/><G15/><T1/><D1/><U114/><E114/><V32/><F32/><W57/><G57/><T79/><D79/><U65/><E56/><V70/><F70/><W102/><AGARI ba="0,0" hai="62,63,95,99,102" m="55567,45609,49683" machi="102" ten="50,6400,0" yaku="19,1,52,2" doraHai="93,0" who="3" fromWho="3" sc="353,-32,359,-16,89,-16,199,64" /><INIT seed="5,0,0,0,3,46" ten="321,343,73,263" oya="1" hai0="116,96,67,37,12,72,134,114,126,21,62,82,58" hai1="33,84,131,8,70,77,30,75,113,45,57,25,38" hai2="23,24,53,88,17,109,4,90,74,120,83,6,32" hai3="111,100,128,56,103,106,80,99,112,105,10,7,98"/><U65/><E113/><V91/><F120/><W92/><G112/><T60/><D116/><U0/><E84/><V73/><F109/><W71/><G128/><T81/><D126/><U117/><E57/><V104/><F104/><W110/><G92/><T42/><D134/><U2/><E117/><V51/><F32/><W79/><G56/><T49/><D96/><U15/><E15/><V123/><F123/><W5/><G71/><T43/><D37/><U107/><E8/><V27/><F27/><W41/><G41/><T39/><D39/><U121/><E131/><V125/><F125/><W18/><G18/><N who="0" m="10439" /><D72/><U50/><E38/><V20/><F20/><W132/><G132/><T54/><D114/><U14/><E14/><V129/><F129/><W124/><G124/><T1/><D1/><U36/><E36/><V52/><F53/><W61/><G61/><N who="0" m="23659" /><D67/><U31/><E65/><V86/><F74/><N who="3" m="43127" /><G7/><N who="2" m="2601" /><F73/><W66/><G66/><T115/><D115/><U94/><E121/><V85/><F86/><W28/><G28/><T127/><D127/><U26/><E75/><V35/><F35/><W89/><G110/><T34/><D34/><U95/><E33/><V68/><F68/><W64/><G64/><T48/><D43/><U59/><E70/><V108/><F108/><W3/><G111/><T101/><D101/><U11/><E31/><V118/><F118/><W133/><G133/><T93/><D93/><U102/><E30/><V47/><AGARI ba="0,0" hai="17,23,24,47,51,52,83,85,88,90,91" m="2601" machi="47" ten="30,7900,0" yaku="8,1,52,1,54,2" doraHai="46" who="2" fromWho="2" sc="321,-20,343,-39,73,79,263,-20" /><INIT seed="6,0,0,5,2,131" ten="301,304,152,243" oya="2" hai0="26,67,98,74,69,73,32,35,2,103,37,114,111" hai1="94,106,55,11,39,14,102,16,10,5,63,93,115" hai2="66,92,31,42,121,97,27,99,61,53,75,87,89" hai3="80,28,48,132,9,117,129,33,15,19,23,49,96"/><V119/><F75/><N who="0" m="28682" /><D111/><U71/><E39/><V78/><F121/><W72/><G117/><T90/><D90/><U43/><E43/><V8/><F119/><W83/><G129/><T38/><D114/><U81/><E115/><V47/><F8/><W22/><G33/><N who="0" m="12875" /><D26/><U77/><E106/><V82/><F53/><W56/><G56/><T124/><D124/><U58/><E71/><V59/><F97/><W45/><G96/><T54/><D54/><U95/><E102/><V0/><F0/><W18/><G28/><T104/><D2/><U6/><REACH who="1" step="1"/><E11/><REACH who="1" ten="301,294,152,243" step="2"/><V62/><F61/><AGARI ba="0,1" hai="37,38,61,67,69,98,103,104" m="12875,28682" machi="61" ten="30,2000,0" yaku="33,2" doraHai="131" who="0" fromWho="2" sc="301,30,294,0,152,-20,243,0" /><INIT seed="7,0,0,2,2,11" ten="331,294,132,243" oya="3" hai0="28,113,107,133,65,27,48,126,10,128,117,57,102" hai1="60,120,100,98,32,114,35,5,8,109,86,69,116" hai2="15,89,121,71,95,127,47,31,122,49,99,74,1" hai3="88,46,92,85,76,3,52,79,132,53,66,91,104"/><W110/><G104/><T24/><D117/><U16/><E109/><V77/><F71/><W51/><G3/><T118/><D118/><U123/><E116/><V4/><F1/><W70/><G132/><T90/><D133/><U105/><E86/><V103/><F31/><W106/><G106/><T78/><D78/><U38/><E16/><V101/><F74/><W50/><G110/><T29/><D113/><U14/><E38/><V20/><F77/><W39/><G39/><T12/><D128/><U9/><E9/><V21/><F127/><W37/><G37/><T2/><D90/><U43/><E43/><V63/><F63/><W0/><G0/><T64/><D2/><U75/><E75/><V94/><F101/><W17/><G66/><T72/><D72/><U131/><E131/><V56/><F4/><W67/><G67/><N who="0" m="25675" /><D102/><U30/><E114/><V81/><F81/><N who="3" m="49199" /><G17/><N who="0" m="8343" /><D107/><U130/><E130/><V62/><F121/><W115/><G115/><T129/><D129/><U58/><E69/><V7/><F122/><W36/><G70/><T119/><D126/><U13/><E123/><V125/><F125/><W59/><G36/><T111/><D111/><U18/><E120/><V135/><F135/><W97/><AGARI ba="0,0" hai="46,50,51,52,53,59,76,79,91,92,97" m="49199" machi="97" ten="30,6000,0" yaku="8,1,54,2" doraHai="11" who="3" fromWho="3" sc="331,-20,294,-20,132,-20,243,60" /><INIT seed="7,1,0,1,1,42" ten="311,274,112,303" oya="3" hai0="18,132,49,61,33,130,10,23,128,109,2,46,122" hai1="1,79,17,82,44,21,65,12,91,134,59,131,77" hai2="26,52,16,74,81,48,69,107,121,83,94,28,111" hai3="92,30,5,98,89,93,95,118,57,31,99,43,37"/><W51/><G37/><T58/><D122/><U22/><E1/><V41/><F69/><W97/><G118/><T85/><D109/><U106/><E106/><V117/><F107/><W119/><G119/><T55/><D33/><U39/><E131/><N who="0" m="50217" /><D132/><U124/><E124/><V87/><F117/><W123/><G123/><T76/><D85/><U63/><E134/><V90/><F111/><W135/><G135/><T102/><D102/><U116/><E116/><V20/><F74/><W40/><G5/><N who="0" m="1335" /><D76/><U24/><E91/><V68/><F68/><W25/><G89/><T15/><D61/><U50/><E39/><V84/><F121/><W129/><G129/><T47/><AGARI ba="1,0" hai="15,18,23,46,47,49,55,58" m="1335,50217" machi="47" ten="30,4000,0" yaku="19,1,52,2" doraHai="42" who="0" fromWho="0" sc="311,43,274,-11,112,-11,303,-21" owari="354,46.0,263,-14.0,101,-40.0,282,8.0" /></mjloggm>