<mjloggm ver="2.3"><GO type="41" lobby="0"/><UN n0="%E2%93%9D%53%75%70%68%78" n1="%E5%A4%A9%E7%8E%89" n2="%E8%8C%B6%E7%A2%97%E8%92%B8%E3%81%97" n3="%E3%81%97%E3%82%83%E3%81%B7%E3%82%8C%E3%82%8C" dan="18,13,13,14" rate="2155.72,1922.22,1908.13,1958.35" sx="M,M,M,M"/><TAIKYOKU oya="0"/><INIT seed="0,0,0,2,5,32" ten="250,250,250,250" oya="0" hai0="8,33,27,40,62,108,129,128,22,48,99,6,28" hai1="17,100,3,118,47,97,124,24,55,78,67,37,12" hai2="45,61,130,9,88,131,63,21,104,60,65,116,30" hai3="10,38,119,134,58,74,102,93,113,59,11,7,31"/><T43/><D108/><U120/><E118/><V122/><F122/><W53/><G74/><T95/><D33/><U90/><E120/><V111/><F111/><W50/><G113/><T83/><D83/><U44/><E124/><V86/><F104/><W84/><G119/><T23/><D23/><U117/><E117/><V85/><F45/><W13/><G134/><T110/><D62/><U26/><E78/><V96/><F9/><W106/><G106/><T79/><D79/><U105/><E67/><V115/><F115/><W89/><G38/><T0/><D110/><U46/><E3/><V81/><F116/><W114/><G31/><T29/><D29/><U15/><E37/><V121/><F121/><W20/><G102/><T80/><D80/><U107/><E90/><V73/><F73/><W42/><G20/><T36/><D48/><U41/><E41/><V25/><F96/><W16/><G42/><T76/><D76/><U56/><E105/><V34/><F34/><W75/><G75/><T2/><D2/><U94/><E107/><V52/><F86/><W71/><G71/><T125/><D125/><U39/><E39/><V72/><F72/><W70/><G70/><T98/><D98/><U18/><E18/><V91/><F91/><W103/><G103/><N who="0" m="60927" /><D36/><U123/><E123/><V126/><F65/><W127/><G127/><T82/><D82/><U5/><E5/><V112/><F112/><W68/><G68/><T35/><D35/><U109/><E109/><V49/><F126/><W135/><G114/><T101/><D101/><U77/><E77/><V54/><F49/><RYUUKYOKU ba="0,0" sc="250,15,250,-15,250,15,250,-15" hai0="0,6,8,22,27,28,40,43,128,129" hai2="21,25,30,52,54,60,61,63,81,85,88,130,131" /><INIT seed="0,1,0,2,4,75" ten="265,235,265,235" oya="0" hai0="104,103,12,132,112,70,81,36,114,134,62,10,35" hai1="80,98,22,72,63,42,69,11,71,118,121,88,20" hai2="14,19,90,128,48,130,7,30,27,105,21,89,59" hai3="116,131,50,15,9,53,124,113,18,25,100,111,101"/><T34/><D36/><U68/><E121/><V79/><F105/><W97/><G111/><T83/><D62/><U82/><E118/><V41/><F7/><W123/><G123/><T94/><D70/><U39/><E11/><V67/><F67/><W16/><G113/><N who="0" m="43627" /><D94/><U73/><E63/><V65/><F65/><W60/><G116/><T31/><D103/><U115/><E115/><V93/><F90/><W49/><G124/><T33/><D104/><U119/><E119/><V109/><F109/><W122/><G131/><T91/><D91/><U51/><E39/><V107/><F107/><W24/><G60/><T92/><D92/><U117/><E117/><V61/><F61/><W23/><G25/><N who="0" m="18671" /><D83/><U133/><E71/><V77/><F128/><W5/><G50/><T120/><D81/><U108/><E88/><V40/><F40/><W66/><G66/><T43/><D43/><U46/><E108/><V2/><F2/><W74/><G74/><T99/><D99/><U95/><E95/><V52/><F41/><W44/><G122/><T86/><D86/><U126/><E42/><V56/><F56/><W57/><G57/><T106/><D106/><U54/><E51/><V127/><F127/><W84/><G84/><T13/><D120/><U85/><E85/><N who="2" m="52399" /><F130/><W37/><G37/><T6/><D13/><U28/><E126/><V29/><F29/><N who="3" m="17567" /><G97/><T47/><D47/><U102/><E28/><V87/><F87/><W38/><G38/><T1/><D1/><U64/><E98/><V78/><F30/><W76/><G76/><T58/><D58/><U8/><E68/><RYUUKYOKU ba="1,0" sc="265,10,235,-30,265,10,235,10" hai0="6,10,12,34,35,132,134" hai2="14,19,21,27,48,52,59,77,78,79" hai3="5,9,15,16,18,44,49,53,100,101" /><INIT seed="0,2,0,4,1,57" ten="275,205,275,245" oya="0" hai0="69,2,50,46,104,77,19,134,53,93,59,72,110" hai1="105,45,49,87,40,4,90,51,35,16,3,131,63" hai2="89,127,118,130,91,133,34,98,47,48,27,65,68" hai3="86,10,100,84,75,135,101,42,58,20,17,9,5"/><T18/><D104/><U112/><E105/><V44/><F130/><W125/><G75/><T62/><D2/><U70/><E35/><V26/><F133/><W111/><G111/><T15/><D134/><U66/><E131/><V132/><F132/><W85/><G125/><T106/><D106/><U32/><E32/><V6/><F127/><W88/><G42/><T126/><D126/><U113/><E4/><V38/><F6/><W64/><G88/><T43/><D110/><U114/><E3/><V8/><F8/><N who="3" m="3179" /><G5/><T107/><D107/><U119/><E119/><V28/><F27/><N who="3" m="14735" /><G135/><T24/><D15/><U12/><E51/><V81/><F38/><W7/><G7/><T22/><D69/><U120/><E120/><V74/><F118/><W116/><G116/><T121/><D121/><U25/><E25/><V79/><F48/><W33/><G33/><T31/><REACH who="0" step="1"/><D93/><REACH who="0" ten="265,205,275,245" step="2"/><U92/><REACH who="1" step="1"/><E113/><REACH who="1" ten="265,195,275,245" step="2"/><V129/><F129/><W11/><G11/><AGARI ba="2,2" hai="11,12,16,40,45,49,63,66,70,87,90,92,112,114" machi="11" ten="40,8000,1" yaku="1,1,2,1,52,1,54,1,53,1" doraHai="57" doraHaiUra="41" who="1" fromWho="3" sc="265,0,195,106,275,0,245,-86" /><INIT seed="1,0,0,0,0,18" ten="265,301,275,159" oya="1" hai0="10,123,38,59,27,15,92,112,83,60,78,100,129" hai1="113,82,72,23,86,93,106,65,91,29,80,39,47" hai2="14,0,12,11,102,131,128,62,33,114,118,36,116" hai3="7,58,50,97,88,64,76,69,53,2,77,108,48"/><U79/><E113/><V28/><F36/><W73/><G108/><T30/><D38/><U110/><E65/><V16/><F102/><W6/><G73/><T90/><D129/><N who="2" m="49738" /><F62/><W120/><G120/><T61/><D123/><U98/><E110/><V25/><F114/><W46/><G69/><T9/><D100/><U67/><E67/><V95/><F95/><W125/><G2/><T4/><D10/><U3/><E3/><V121/><F121/><W51/><G125/><T24/><D24/><U22/><E29/><V40/><F40/><W57/><G64/><T44/><D44/><U21/><E82/><V126/><F126/><W85/><G97/><T8/><D8/><U5/><E5/><N who="3" m="1546" /><G58/><T43/><D43/><U17/><E39/><V111/><F111/><W135/><G135/><T45/><D45/><U19/><E47/><V71/><F71/><W94/><G46/><T101/><D59/><U42/><E42/><V26/><F26/><W52/><G53/><T1/><D1/><U115/><E115/><V56/><F56/><W34/><G34/><T132/><D132/><U122/><E122/><V13/><F0/><W41/><G41/><T37/><D37/><U103/><AGARI ba="0,0" hai="17,19,21,22,23,72,79,80,86,91,93,98,103,106" machi="103" ten="30,18000,2" yaku="0,1,24,2,52,3" doraHai="18" who="1" fromWho="1" sc="265,-60,301,180,275,-60,159,-60" /><INIT seed="1,1,0,3,5,10" ten="205,481,215,99" oya="1" hai0="11,68,74,103,8,0,24,118,82,6,56,14,73" hai1="55,62,116,91,70,92,41,37,101,9,7,54,96" hai2="108,71,33,133,39,69,25,86,78,35,102,83,18" hai3="17,94,93,34,32,12,13,22,79,1,65,48,87"/><U31/><E116/><V61/><F39/><W105/><G105/><T76/><D68/><U51/><E31/><V50/><F108/><W5/><G1/><T44/><D118/><U59/><E37/><V15/><F102/><W134/><G65/><T111/><D111/><U131/><E131/><V47/><F133/><W43/><G134/><T63/><D103/><U23/><E70/><V110/><F110/><W30/><G30/><T53/><D24/><U123/><E123/><V66/><F71/><W99/><G99/><T100/><D100/><U21/><E41/><V112/><F25/><W84/><G34/><T29/><D29/><U122/><E122/><V77/><F78/><W46/><G87/><T80/><D44/><U107/><E107/><V81/><F81/><N who="3" m="47167" /><G32/><T3/><D82/><U4/><E101/><V16/><F112/><W98/><G98/><T88/><D74/><U104/><E104/><V113/><F18/><W58/><G58/><T115/><D115/><U119/><E119/><V126/><F126/><W130/><G130/><T89/><REACH who="0" step="1"/><D3/><REACH who="0" ten="195,481,215,99" step="2"/><U95/><E95/><V75/><F75/><W57/><G57/><T27/><D27/><U2/><E4/><AGARI ba="1,1" hai="0,4,6,8,11,14,53,56,63,73,76,80,88,89" machi="4" ten="30,7700,0" yaku="1,1,7,1,52,1,54,1,53,0" doraHai="10" doraHaiUra="36" who="0" fromWho="1" sc="195,90,481,-80,215,0,99,0" /><INIT seed="2,0,0,2,5,122" ten="285,401,215,99" oya="2" hai0="22,6,77,23,13,24,80,0,39,119,116,72,131" hai1="123,34,9,29,45,65,66,17,97,50,8,83,41" hai2="25,70,90,120,103,15,61,59,14,112,111,42,96" hai3="110,40,108,92,68,133,69,4,26,102,117,100,121"/><V82/><F120/><W62/><G121/><T64/><D131/><U31/><E123/><V86/><F112/><W101/><G117/><N who="0" m="45131" /><D64/><N who="1" m="24683" /><E34/><V81/><F70/><N who="3" m="27243" /><G62/><T35/><D39/><U107/><E107/><V54/><F42/><W7/><G92/><T74/><D0/><U60/><E60/><V94/><F111/><N who="3" m="42539" /><G133/><T19/><D35/><U3/><E3/><V93/><F25/><W57/><G57/><T127/><D127/><U11/><E97/><V113/><F113/><W85/><G85/><N who="0" m="48271" /><D6/><N who="3" m="2089" /><G26/><T56/><D56/><U46/><E46/><V89/><F81/><W79/><G79/><T47/><D47/><U38/><E38/><V30/><F30/><AGARI ba="0,0" hai="13,19,22,23,24,30,72,74" m="48271,45131" machi="30" ten="30,1000,0" yaku="12,1" doraHai="122" who="0" fromWho="2" sc="285,10,401,0,215,-10,99,0" /><INIT seed="3,0,0,2,5,9" ten="295,401,205,99" oya="3" hai0="21,112,106,1,128,24,57,60,74,91,69,27,127" hai1="78,35,25,6,47,109,42,34,55,130,15,45,110" hai2="98,135,104,89,65,52,20,0,79,58,17,129,95" hai3="3,72,131,54,36,124,40,87,68,101,67,8,111"/><W83/><G131/><T44/><D74/><U63/><E78/><V53/><F0/><W85/><G124/><T23/><D69/><U94/><E130/><V105/><F135/><W19/><G101/><T38/><D1/><U26/><E94/><V49/><F79/><W134/><G134/><T132/><D106/><U7/><E63/><V66/><F129/><W75/><G87/><T41/><D112/><U84/><E55/><V71/><F71/><W33/><G33/><T14/><D127/><U70/><E70/><V122/><F122/><W29/><G29/><T18/><D132/><U86/><E42/><V28/><F28/><W115/><G115/><T22/><D91/><U102/><E102/><V125/><F125/><W114/><G114/><T37/><D37/><U4/><E6/><V97/><F105/><W113/><G113/><T119/><D119/><U31/><E31/><V59/><F98/><W123/><G123/><T30/><D128/><U13/><AGARI ba="0,0" hai="4,7,13,15,25,26,34,35,45,47,84,86,109,110" machi="13" ten="25,8000,1" yaku="0,1,22,2,52,2" doraHai="9" who="1" fromWho="1" sc="295,-20,401,80,205,-20,99,-40" /><INIT seed="4,0,0,2,2,37" ten="275,481,185,59" oya="0" hai0="51,61,59,0,34,24,80,50,56,44,133,2,72" hai1="122,102,66,103,106,82,112,123,46,23,10,116,79" hai2="39,96,76,128,45,65,67,33,93,114,132,52,109" hai3="3,104,127,105,126,98,60,111,86,41,27,87,43"/><T120/><D120/><U54/><E116/><V1/><F33/><W35/><G3/><T70/><D133/><U62/><E112/><V8/><F128/><W20/><G35/><T42/><D72/><U89/><E89/><V131/><F131/><W19/><G111/><T28/><D70/><U119/><E119/><V71/><F109/><W73/><G73/><T53/><REACH who="0" step="1"/><D80/><REACH who="0" ten="265,481,185,59" step="2"/><U130/><E130/><V63/><F132/><W75/><G75/><T30/><D30/><U134/><E134/><V40/><F114/><W9/><G105/><T15/><D15/><U68/><E106/><V29/><F29/><W64/><G9/><T26/><D26/><U25/><E10/><V95/><F71/><W78/><G127/><T94/><D94/><U69/><E69/><V21/><F93/><W31/><G126/><T113/><D113/><U85/><E123/><V99/><F95/><W84/><G31/><T55/><AGARI ba="0,1" hai="0,2,24,28,34,42,44,50,51,53,55,56,59,61" machi="55" ten="20,12000,1" yaku="1,1,0,1,7,1,52,1,53,1" doraHai="37" doraHaiUra="38" who="0" fromWho="0" sc="265,130,481,-40,185,-40,59,-40" /><INIT seed="4,1,0,1,4,1" ten="395,441,145,19" oya="0" hai0="122,55,119,54,112,131,117,51,107,79,13,130,40" hai1="84,31,116,27,106,30,23,16,4,19,47,81,5" hai2="86,45,72,26,7,57,11,42,50,111,89,96,77" hai3="68,36,123,32,46,9,6,125,52,22,67,14,115"/><T25/><D107/><U108/><E106/><V37/><F111/><W82/><G32/><T71/><D79/><U80/><E108/><V129/><F26/><W126/><G115/><T114/><D25/><U133/><E116/><N who="0" m="44617" /><D13/><U8/><E133/><V105/><F57/><W34/><G34/><T3/><D3/><U132/><E132/><V109/><F50/><N who="3" m="28759" /><G36/><T128/><D122/><U10/><E47/><V124/><F129/><W76/><G123/><T39/><D71/><U78/><E80/><V127/><F86/><N who="3" m="48455" /><G22/><T48/><D40/><U97/><E97/><V41/><F41/><W73/><G73/><T17/><D17/><N who="1" m="6731" /><E31/><V69/><F69/><W92/><G92/><T134/><D39/><U85/><E85/><V18/><F18/><W65/><G68/><T53/><D134/><U135/><E135/><V91/><F91/><W93/><G93/><T121/><D121/><U56/><E56/><V118/><F89/><W70/><G70/><T24/><D24/><U113/><E113/><AGARI ba="1,0" hai="48,51,53,54,55,112,113,114,128,130,131" m="44617" machi="113" ten="40,18000,2" yaku="28,2,15,1,19,1,34,2" doraHai="1" who="0" fromWho="1" sc="395,183,441,-183,145,0,19,0" /><INIT seed="4,2,0,2,1,95" ten="578,258,145,19" oya="0" hai0="36,8,32,7,41,18,94,54,14,39,55,60,81" hai1="130,121,21,48,135,68,102,75,3,44,116,106,64" hai2="93,83,124,103,9,26,134,98,84,74,24,50,61" hai3="112,91,25,111,11,77,37,129,40,133,30,89,10"/><T4/><D41/><U28/><E28/><V117/><F134/><W19/><G111/><T96/><D32/><U51/><E121/><V2/><F124/><W5/><G133/><T58/><D81/><U128/><E135/><V65/><F74/><W73/><G19/><T92/><D92/><U1/><E75/><V113/><F113/><W110/><G110/><T87/><D87/><U13/><E64/><V29/><F50/><N who="1" m="18985" /><E68/><V59/><F29/><W16/><G11/><T69/><D69/><U115/><E116/><V105/><F105/><W46/><G16/><T0/><D55/><U108/><E108/><V53/><F53/><W43/><G43/><T57/><D57/><U45/><E13/><V70/><F70/><W104/><G104/><T118/><D118/><U35/><E21/><V97/><F9/><W99/><G129/><N who="1" m="49770" /><E35/><V6/><F6/><W101/><G25/><T47/><D47/><N who="1" m="17995" /><E115/><V114/><F2/><N who="3" m="311" /><G30/><T123/><D123/><U17/><E17/><V131/><F114/><W71/><G112/><T52/><D54/><U80/><E80/><V76/><F117/><W15/><G15/><T49/><D7/><U127/><E127/><V78/><F78/><W100/><G71/><T86/><D4/><U72/><E72/><V38/><F131/><W119/><G119/><T22/><D8/><U12/><E12/><V88/><F38/><W126/><G126/><T34/><D39/><U67/><E67/><V125/><F125/><W20/><G20/><T62/><D36/><U79/><E79/><V82/><F82/><N who="3" m="45359" /><G101/><T122/><D22/><U63/><E63/><RYUUKYOKU ba="2,0" sc="578,-30,258,10,145,10,19,10" hai1="1,3,102,106" hai2="24,26,59,61,65,76,83,84,88,93,97,98,103" hai3="37,40,46,89,91,99,100" /><INIT seed="5,3,0,3,2,85" ten="548,268,155,29" oya="1" hai0="79,16,111,39,42,110,21,89,4,49,61,69,11" hai1="9,31,29,75,34,37,107,52,109,70,54,80,81" hai2="108,132,38,98,44,25,56,116,124,10,87,96,123" hai3="103,135,67,117,28,120,94,51,122,19,73,18,43"/><U48/><E37/><V121/><F116/><W46/><G73/><T7/><D89/><U130/><E107/><V15/><F108/><W126/><G117/><T119/><D7/><U114/><E70/><V66/><F132/><W20/><G126/><T62/><D49/><U33/><E9/><V63/><F124/><W32/><G135/><T68/><D62/><U88/><E75/><V60/><F60/><W100/><G67/><T64/><D79/><U53/><E48/><V82/><F25/><W14/><G32/><N who="1" m="12394" /><E109/><V8/><F8/><W65/><G28/><N who="1" m="10826" /><E114/><V105/><F105/><W1/><G1/><T59/><D69/><U23/><E23/><V76/><F121/><W72/><G72/><T101/><D68/><U5/><E5/><V131/><F131/><W83/><G65/><T40/><D119/><U24/><E24/><V71/><F123/><W115/><G115/><T99/><D39/><U78/><E78/><V92/><F71/><W17/><G122/><T113/><D113/><U22/><E22/><V129/><F129/><W86/><G120/><T104/><D111/><U47/><E130/><V35/><F35/><W41/><G41/><T2/><D110/><U58/><E58/><V36/><F44/><W112/><G112/><T55/><D64/><U102/><E102/><N who="3" m="38954" /><G94/><T6/><D6/><U106/><E106/><V95/><F38/><W93/><G93/><N who="2" m="35913" /><F36/><W13/><G20/><T77/><D77/><AGARI ba="3,0" hai="13,14,17,18,19,43,46,51,77,83,86" m="38954" machi="77" ten="30,1000,0" yaku="8,1" doraHai="85" who="3" fromWho="0" sc="548,-19,268,0,155,0,29,19" /><INIT seed="6,0,0,3,3,19" ten="529,268,155,48" oya="2" hai0="27,80,14,130,38,6,54,108,22,1,13,55,58" hai1="15,131,69,76,74,77,88,112,59,36,105,60,65" hai2="7,53,79,51,17,10,95,63,47,94,71,116,128" hai3="26,23,97,68,44,82,83,25,16,126,78,0,89"/><V90/><F128/><W106/><G126/><T20/><D1/><U121/><E105/><V117/><F79/><W85/><G0/><T75/><D108/><U135/><E36/><V32/><F95/><W120/><G120/><T114/><D114/><U84/><E131/><V101/><F101/><W42/><G68/><T99/><D6/><U24/><E112/><V61/><F32/><W92/><G106/><T104/><D55/><U66/><E135/><V93/><F93/><W52/><G82/><T86/><D75/><U118/><E118/><V119/><F71/><W2/><G2/><T37/><D27/><U70/><E121/><V29/><F29/><W132/><G132/><T122/><D58/><U21/><E69/><V111/><F111/><W48/><G42/><T12/><D54/><N who="1" m="33911" /><E15/><AGARI ba="0,0" hai="15,16,23,25,26,44,48,52,78,83,85,89,92,97" machi="15" ten="30,8000,1" yaku="7,1,8,1,52,1,54,2" doraHai="19" who="3" fromWho="1" sc="529,0,268,-80,155,0,48,80" /><INIT seed="7,0,0,4,4,117" ten="529,188,155,128" oya="3" hai0="33,17,113,92,132,68,76,103,98,13,105,121,66" hai1="3,65,57,31,127,48,84,134,125,22,21,29,75" hai2="95,49,53,51,85,71,26,74,32,94,30,82,43" hai3="42,1,126,7,131,34,83,67,18,111,86,108,99"/><W2/><G42/><T41/><D121/><U120/><E120/><V27/><F71/><W102/><G34/><T110/><D110/><N who="3" m="42025" /><G67/><T60/><D113/><U55/><E75/><V11/><F74/><W0/><G7/><T46/><D132/><U50/><E134/><V124/><F124/><N who="1" m="47689" /><E3/><V64/><F64/><W97/><G126/><T58/><D17/><U10/><E10/><V5/><F27/><W59/><G131/><T35/><D92/><U61/><E84/><V56/><F49/><N who="1" m="19049" /><E65/><V104/><F43/><W133/><G133/><T129/><D103/><U23/><AGARI ba="0,0" hai="21,22,23,29,31,55,57,61" m="19049,47689" machi="23" ten="40,1500,0" yaku="18,1" doraHai="117" who="1" fromWho="1" sc="529,-4,188,15,155,-4,128,-7" owari="525,63.0,203,0.0,151,-25.0,121,-38.0" /></mjloggm>