<mjloggm ver="2.3"><GO type="41" lobby="0"/><UN n0="%53%61%6E%64%43%61%74" n1="%E3%81%AD%E3%81%8E%31%32%32%31" n2="%E5%A4%8F%E8%A1%A3" n3="%E2%93%9D%53%75%70%68%78" dan="13,13,14,18" rate="1929.28,1920.68,2024.17,2102.95" sx="M,F,M,M"/><TAIKYOKU oya="0"/><INIT seed="0,0,0,0,1,33" ten="250,250,250,250" oya="0" hai0="24,52,64,40,88,132,30,54,130,65,72,62,13" hai1="109,50,93,74,121,42,131,126,7,32,96,84,0" hai2="90,127,92,41,104,35,23,4,14,17,34,25,134" hai3="51,129,135,113,9,27,79,31,5,101,75,85,120"/><T125/><D72/><U73/><E121/><V69/><F104/><W53/><G113/><T45/><D130/><U36/><E36/><V39/><F69/><W66/><G135/><T118/><D118/><U49/><E126/><V81/><F127/><W61/><G101/><T108/><D132/><U94/><E131/><V133/><F81/><W124/><G120/><T71/><D108/><U116/><E116/><V3/><F35/><W67/><G75/><T47/><D13/><U128/><E128/><V100/><F100/><W99/><G99/><T6/><D6/><U58/><E32/><V8/><F41/><W56/><G124/><T106/><D106/><U76/><E42/><V11/><F39/><W86/><G79/><T38/><D47/><U48/><E58/><V2/><F2/><W46/><G67/><T18/><D18/><U55/><E76/><V70/><F70/><W63/><G63/><T95/><D65/><U119/><E55/><V83/><F83/><W110/><G110/><T1/><D1/><U87/><E109/><V26/><F11/><W19/><G19/><T91/><D125/><U112/><E50/><V115/><F26/><W43/><G66/><T29/><D29/><U15/><E15/><V82/><F82/><W12/><REACH who="3" step="1"/><G129/><REACH who="3" ten="250,250,250,240" step="2"/><T20/><D91/><U60/><E112/><V21/><F115/><W10/><G10/><T105/><D105/><U78/><E74/><V80/><F134/><W123/><G123/><T37/><D37/><U102/><E73/><V89/><F133/><W68/><G68/><T16/><D16/><U57/><E119/><RYUUKYOKU ba="0,1" sc="250,15,250,-15,250,-15,240,15" hai0="20,24,30,38,40,45,52,54,62,64,71,88,95" hai3="5,9,12,27,31,43,46,51,53,56,61,85,86" /><INIT seed="0,1,1,0,1,38" ten="265,235,235,255" oya="0" hai0="63,24,81,35,115,39,125,25,133,12,70,76,135" hai1="44,66,43,11,18,98,21,6,94,109,96,14,56" hai2="130,15,20,8,127,37,50,17,95,126,78,80,85" hai3="68,32,104,30,60,93,4,67,89,64,48,83,92"/><T54/><D39/><U129/><E109/><V45/><F130/><W79/><G104/><T16/><D115/><U75/><E129/><V3/><F95/><W22/><G32/><T51/><D63/><U55/><E75/><V19/><F37/><W82/><G4/><T26/><D70/><U10/><E66/><V122/><F122/><W105/><G105/><T74/><D35/><U58/><E11/><V52/><REACH who="2" step="1"/><F3/><REACH who="2" ten="265,235,225,255" step="2"/><W34/><G93/><T65/><D125/><U111/><E94/><V61/><F61/><W119/><G60/><T116/><D116/><U49/><E111/><V53/><F53/><W41/><G92/><T123/><D123/><U36/><REACH who="1" step="1"/><E56/><REACH who="1" ten="265,225,225,255" step="2"/><V100/><F100/><W72/><G119/><T118/><D118/><U0/><AGARI ba="1,3" hai="0,6,10,14,18,21,36,43,44,49,55,58,96,98" machi="0" ten="20,8000,1" yaku="1,1,2,1,0,1,7,1,52,1,53,0" doraHai="38" doraHaiUra="27" who="1" fromWho="1" sc="265,-41,225,113,225,-21,255,-21" /><INIT seed="1,0,0,3,3,59" ten="224,338,204,234" oya="1" hai0="65,90,103,133,126,100,95,112,130,41,38,73,48" hai1="56,54,108,87,47,34,37,78,4,120,101,118,3" hai2="10,16,67,52,45,86,113,1,25,69,50,32,135" hai3="93,29,77,5,14,88,64,60,11,116,15,71,8"/><U13/><E118/><V36/><F135/><W17/><G116/><T26/><D73/><U57/><E120/><V134/><F113/><W23/><G77/><T18/><D112/><U9/><E34/><V40/><F134/><W19/><G29/><T0/><D0/><U53/><E101/><V125/><F125/><W79/><G79/><T61/><D133/><U106/><E106/><V98/><F86/><W117/><G117/><T51/><D130/><U123/><E123/><V132/><F132/><W97/><REACH who="3" step="1"/><G23/><REACH who="3" ten="224,338,204,224" step="2"/><T30/><D126/><U75/><E78/><V94/><F32/><W46/><G46/><T39/><D39/><U99/><E47/><V82/><F82/><W76/><G76/><T131/><D38/><U96/><E37/><V114/><F114/><W27/><G27/><T84/><D131/><U35/><E35/><V72/><F72/><W49/><G49/><T22/><D48/><U91/><E75/><V33/><F33/><W70/><G70/><T80/><D51/><N who="1" m="30783" /><E108/><V21/><F36/><W121/><G121/><T128/><D128/><U12/><E3/><V89/><F40/><W122/><G122/><T6/><D41/><U2/><E2/><V20/><F1/><W110/><G110/><T111/><D111/><U62/><E13/><N who="2" m="7223" /><F69/><W83/><G83/><AGARI ba="0,1" hai="4,9,12,54,57,62,83,87,91,96,99" m="30783" machi="83" ten="30,2900,0" yaku="8,1,52,1" doraHai="59" who="1" fromWho="3" sc="224,0,338,39,204,0,224,-29" /><INIT seed="1,1,0,0,2,131" ten="224,377,204,195" oya="1" hai0="89,59,6,7,130,40,19,132,90,122,56,128,110" hai1="79,86,4,63,121,27,95,94,112,14,22,3,29" hai2="49,36,105,108,85,124,31,45,119,102,62,125,47" hai3="123,80,1,11,120,13,55,15,10,84,46,92,34"/><U78/><E112/><V75/><F75/><W101/><G1/><T81/><D132/><U54/><E121/><V111/><F31/><W9/><G34/><T82/><D40/><U70/><E3/><V30/><F30/><W48/><G123/><T50/><D122/><U57/><E70/><V21/><F21/><W127/><G127/><N who="2" m="48713" /><F85/><W33/><G33/><T77/><D77/><N who="1" m="29195" /><E86/><V37/><F102/><W69/><G69/><T93/><D93/><U97/><E97/><V135/><F105/><W2/><G2/><T17/><D50/><U109/><E109/><AGARI ba="1,0" hai="6,7,17,19,56,59,81,82,89,90,109,110,128,130" machi="109" ten="25,1600,0" yaku="22,2" doraHai="131" who="0" fromWho="1" sc="224,19,377,-19,204,0,195,0" /><INIT seed="2,0,0,4,2,11" ten="243,358,204,195" oya="2" hai0="58,61,38,127,74,99,23,48,18,59,16,75,55" hai1="33,0,39,50,80,63,9,62,109,126,4,115,77" hai2="47,42,103,119,53,57,82,83,34,14,6,27,85" hai3="46,17,13,72,81,1,98,86,122,44,2,30,65"/><V52/><F119/><W21/><G72/><T10/><D38/><U118/><E109/><V19/><F103/><W7/><G122/><T117/><D127/><U111/><E111/><V66/><F34/><W22/><G65/><T108/><D108/><U95/><E126/><V78/><F27/><W36/><G7/><T68/><D68/><U93/><E39/><V106/><F106/><W45/><G36/><T94/><D117/><U5/><E115/><V35/><F35/><W67/><G67/><T104/><D104/><U90/><E5/><V133/><F133/><W51/><G98/><T96/><D96/><U91/><E50/><N who="2" m="26999" /><F82/><W76/><REACH who="3" step="1"/><G51/><REACH who="3" ten="243,358,204,185" step="2"/><T12/><D75/><U25/><E118/><V71/><F71/><W31/><G31/><T29/><D29/><U15/><E0/><V64/><F6/><W132/><G132/><T79/><D74/><U8/><E4/><V73/><F73/><W60/><G60/><T56/><D61/><U41/><E63/><N who="2" m="37999" /><F66/><W32/><G32/><T102/><D79/><U40/><E62/><V100/><F100/><W113/><G113/><T26/><AGARI ba="0,1" hai="10,12,16,18,23,26,48,55,56,58,59,94,99,102" machi="26" ten="20,8000,1" yaku="0,1,7,1,8,1,52,1,54,1" doraHai="11" who="0" fromWho="0" sc="243,90,358,-20,204,-40,185,-20" /><INIT seed="3,0,0,3,3,102" ten="333,338,164,165" oya="3" hai0="2,74,117,61,112,76,28,89,14,105,24,109,6" hai1="69,35,20,75,86,87,32,118,91,60,10,100,123" hai2="43,127,133,101,55,16,49,23,79,65,34,90,126" hai3="48,104,82,13,7,44,1,81,97,94,54,62,103"/><W64/><G1/><T115/><D117/><U53/><E75/><V25/><F133/><W39/><G39/><T107/><D89/><U77/><E123/><V99/><F65/><W113/><G113/><N who="0" m="43595" /><D61/><U131/><E131/><V33/><F90/><W96/><G7/><T85/><D85/><U122/><E86/><V47/><F79/><W129/><G129/><T58/><D58/><U121/><E87/><V21/><F21/><W125/><G125/><N who="2" m="47625" /><F43/><W36/><G36/><T92/><D14/><U71/><E91/><V108/><F108/><W15/><G15/><T93/><D93/><AGARI ba="0,0" hai="16,23,25,33,34,47,49,55,93,99,101" m="47625" machi="93" ten="30,2000,0" yaku="18,1,54,1" doraHai="102" who="2" fromWho="0" sc="333,-20,338,0,164,20,165,0" /><INIT seed="4,0,0,5,5,21" ten="313,338,184,165" oya="0" hai0="135,81,80,25,49,42,15,0,1,35,129,51,9" hai1="48,64,61,92,67,63,37,53,77,111,119,74,96" hai2="43,120,30,50,95,54,34,73,100,66,126,23,62" hai3="6,13,123,10,56,39,72,133,20,84,24,124,27"/><T68/><D68/><U41/><E111/><V91/><F126/><W110/><G72/><T88/><D135/><U108/><E108/><V102/><F120/><W14/><G110/><T45/><D129/><U132/><E77/><V47/><F34/><W82/><G39/><T59/><D59/><U55/><E74/><V78/><F43/><W112/><G112/><T12/><D51/><U101/><E132/><V16/><F30/><W117/><G117/><T31/><D15/><U89/><E37/><V105/><F105/><W5/><G124/><T125/><D125/><U76/><E76/><V40/><F40/><W75/><G75/><T98/><D81/><U3/><E3/><V65/><F78/><N who="3" m="46167" /><G123/><T18/><D98/><U134/><E134/><V94/><F73/><W115/><G115/><T106/><REACH who="0" step="1"/><D106/><REACH who="0" ten="303,338,184,165" step="2"/><U114/><E114/><V29/><F50/><W7/><G133/><T90/><D90/><U86/><E48/><V36/><F91/><W104/><G104/><T22/><D22/><U99/><E99/><V38/><F36/><W130/><G130/><T44/><D44/><U116/><E116/><V2/><F38/><W131/><G131/><T52/><D52/><U97/><E97/><V103/><F2/><W121/><G121/><T113/><D113/><U26/><E119/><V4/><F47/><W28/><G56/><T32/><D32/><U58/><E41/><V11/><F65/><W85/><G14/><T17/><D17/><U87/><E55/><V93/><F54/><W57/><G57/><T128/><D128/><U107/><E53/><V46/><F66/><RYUUKYOKU ba="0,1" sc="303,30,338,-10,184,-10,165,-10" hai0="0,1,9,12,18,25,31,35,42,45,49,80,88" /><INIT seed="4,1,1,1,4,66" ten="333,328,174,155" oya="0" hai0="79,21,131,81,134,5,106,54,128,3,13,91,34" hai1="46,4,36,105,114,58,83,118,17,99,55,67,35" hai2="24,117,112,77,47,33,31,59,51,76,28,69,37" hai3="56,7,64,68,92,132,52,48,10,110,124,87,100"/><T103/><D34/><U57/><E35/><V88/><F112/><W111/><G132/><T133/><D3/><U82/><E118/><V80/><F117/><W12/><G124/><T25/><D91/><U97/><E4/><V73/><F31/><W135/><G135/><N who="0" m="51723" /><D54/><U40/><E67/><V14/><F37/><W113/><G113/><T116/><D103/><U11/><E58/><V8/><F59/><W19/><G7/><T39/><D39/><U29/><E29/><V61/><F61/><W45/><G56/><T43/><D43/><U98/><E105/><V96/><F69/><W129/><G129/><N who="0" m="49739" /><D106/><U44/><E44/><V49/><F47/><W0/><G0/><T120/><D120/><U104/><E104/><V2/><F2/><W71/><G64/><T20/><D5/><U1/><E1/><V26/><F33/><W30/><G30/><T72/><D13/><U101/><E101/><V121/><F28/><W102/><G102/><T122/><D122/><U16/><E114/><V126/><F14/><W32/><G32/><T119/><D25/><U85/><E17/><V41/><F24/><W62/><G62/><T107/><D107/><U93/><E16/><V42/><F26/><W130/><G130/><T86/><D72/><U27/><E27/><V15/><F73/><W94/><G100/><T90/><D79/><U115/><E115/><V84/><F77/><W9/><G19/><T109/><D109/><U65/><E36/><V108/><F76/><W123/><G123/><T95/><D95/><U125/><E93/><N who="2" m="56359" /><F121/><W63/><G111/><T127/><D127/><RYUUKYOKU ba="1,1" sc="333,30,328,-10,174,-10,155,-10" hai0="20,21,81,86,90,116,119" /><INIT seed="4,2,1,1,3,42" ten="363,318,164,145" oya="0" hai0="5,108,7,12,101,52,64,111,50,72,96,31,37" hai1="13,10,97,14,40,51,100,36,56,88,60,77,25" hai2="78,116,38,79,43,125,114,69,46,80,22,129,54" hai3="82,119,48,35,33,126,32,18,4,27,110,59,55"/><T58/><D72/><U16/><E77/><V24/><F125/><W20/><G126/><T21/><D37/><U15/><E36/><V30/><F129/><W120/><G119/><T71/><D71/><U47/><E25/><V107/><F114/><W124/><G124/><T6/><D64/><N who="1" m="38919" /><E100/><V86/><F116/><W118/><G118/><T28/><D12/><U112/><E112/><V0/><F107/><W121/><G4/><T3/><D21/><U61/><E61/><V85/><F69/><W1/><G1/><T63/><D63/><U44/><E44/><V45/><F0/><W104/><G104/><T115/><D115/><U2/><E2/><V89/><REACH who="2" step="1"/><F86/><REACH who="2" ten="363,318,154,145" step="2"/><W19/><G110/><N who="0" m="42027" /><D3/><U41/><E41/><V49/><AGARI ba="2,2" hai="22,24,30,38,43,45,46,49,54,78,79,80,85,89" machi="49" ten="30,7900,0" yaku="1,1,0,1,52,2,53,0" doraHai="42" doraHaiUra="99" who="2" fromWho="2" sc="363,-41,318,-22,154,105,145,-22" /><INIT seed="5,0,0,5,0,91" ten="322,296,259,123" oya="1" hai0="46,76,74,82,26,94,61,133,28,36,39,54,45" hai1="49,21,116,35,97,90,88,62,56,32,75,17,79" hai2="25,18,102,55,34,100,42,15,8,132,12,33,67" hai3="93,24,134,80,40,29,52,92,129,81,121,7,83"/><U135/><E116/><V71/><F132/><W107/><G107/><T111/><D111/><U13/><E135/><V85/><F42/><W14/><G134/><T20/><D133/><U48/><E35/><V41/><F41/><W112/><G121/><T126/><D126/><U3/><E32/><V64/><F25/><W19/><G129/><T9/><D9/><U122/><E3/><V127/><F127/><W95/><G112/><T119/><D119/><U37/><E37/><V60/><F67/><W99/><G40/><T106/><D106/><U65/><E122/><V68/><F68/><W114/><G7/><T87/><D46/><U113/><E113/><V23/><F34/><W109/><G109/><T89/><D45/><U44/><E75/><V0/><F0/><W1/><G1/><T57/><AGARI ba="0,0" hai="20,26,28,36,39,54,57,61,74,76,82,87,89,94" machi="57" ten="30,2000,0" yaku="0,1,52,1" doraHai="91" who="0" fromWho="0" sc="322,20,296,-10,259,-5,123,-5" /><INIT seed="6,0,0,1,1,80" ten="342,286,254,118" oya="2" hai0="113,111,59,98,73,103,119,27,78,122,16,72,106" hai1="1,131,60,50,10,118,89,129,45,99,117,12,135" hai2="61,69,79,47,74,132,70,65,4,41,91,14,63" hai3="32,123,18,20,114,83,112,52,53,124,96,35,8"/><V94/><F132/><W11/><G96/><T24/><D122/><U87/><E99/><V51/><F79/><W134/><G83/><T0/><D0/><U58/><E1/><V48/><F74/><W21/><G124/><T107/><D111/><U120/><E135/><V37/><F4/><W13/><G134/><T28/><D106/><U44/><E120/><V54/><F14/><W88/><G123/><T38/><D38/><U7/><E117/><V55/><F91/><W34/><G88/><T93/><D107/><U128/><E118/><V39/><F94/><W46/><G46/><T126/><D126/><U84/><E89/><V43/><F47/><N who="1" m="17993" /><E50/><V105/><F105/><W66/><G66/><AGARI ba="0,0" hai="7,10,12,58,60,66,84,87,128,129,131" m="17993" machi="66" ten="30,3900,0" yaku="19,1,52,2" doraHai="80" who="1" fromWho="3" sc="342,0,286,39,254,0,118,-39" /><AGARI ba="0,0" hai="37,39,41,43,48,51,54,55,61,63,65,66,69,70" machi="66" ten="25,24000,3" yaku="22,2,35,6" doraHai="80" who="2" fromWho="3" sc="342,0,325,0,254,240,79,-240" owari="342,14.0,325,-7.0,494,59.0,-161,-66.0" /></mjloggm>