<mjloggm ver="2.3"><GO type="41" lobby="0"/><UN n0="%E3%82%B5%E3%83%95%E3%82%A9%E3%83%BC%E3%82%AF%E3%81%AE%E7%94%BA" n1="%E6%A1%9C%E5%B0%8F%E8%B7%AF%E6%89%8D%E8%8F%AF" n2="%E2%93%9D%53%75%70%68%78" n3="%E3%81%90%E3%81%BE%E3%82%84" dan="16,14,18,13" rate="2144.53,1981.12,2147.87,1886.87" sx="M,M,M,M"/><TAIKYOKU oya="0"/><INIT seed="0,0,0,5,5,67" ten="250,250,250,250" oya="0" hai0="87,117,9,40,105,59,89,129,3,106,30,122,50" hai1="107,20,62,6,120,71,65,22,39,28,57,99,85" hai2="52,112,1,92,114,43,60,31,126,16,4,134,27" hai3="101,32,130,108,102,95,13,19,64,46,94,82,103"/><T93/><D117/><U53/><E120/><V56/><F134/><W88/><G108/><T8/><D122/><U10/><E39/><V86/><F126/><W37/><G130/><T133/><D129/><U90/><E28/><V119/><F43/><W116/><G64/><T63/><D133/><U23/><E107/><V41/><F41/><W51/><G37/><T110/><D110/><U127/><E99/><V5/><F119/><W11/><G32/><T131/><D131/><U123/><E123/><V124/><F124/><W104/><G104/><T70/><D70/><U84/><E127/><V0/><F0/><W35/><G35/><T36/><D36/><U14/><REACH who="1" step="1"/><E90/><REACH who="1" ten="250,240,250,250" step="2"/><N who="2" m="53335" /><F114/><W77/><G116/><T68/><D105/><U21/><N who="1" m="5120" /><DORA hai="42" /><U33/><E33/><V12/><F112/><W79/><G88/><T45/><D106/><U97/><E97/><V24/><F31/><W2/><G77/><T34/><D30/><U49/><AGARI ba="0,1" hai="6,10,14,49,53,57,62,65,71,84,85" m="5120" machi="49" ten="40,8000,1" yaku="1,1,0,1,52,1,53,1" doraHai="67,42" doraHaiUra="109,66" who="1" fromWho="1" sc="250,-40,240,90,250,-20,250,-20" /><INIT seed="1,0,0,4,5,112" ten="210,330,230,230" oya="1" hai0="72,73,37,8,24,133,101,7,86,27,32,79,87" hai1="41,91,5,34,63,129,92,43,119,68,69,107,94" hai2="109,12,66,11,134,14,48,4,108,123,15,98,70" hai3="55,110,83,111,42,103,81,117,76,40,49,104,120"/><U39/><E107/><V26/><F48/><W0/><G120/><T59/><D133/><U93/><E34/><V10/><F70/><W114/><G0/><T77/><D37/><U126/><E126/><V62/><F98/><W99/><G114/><T17/><D101/><U102/><E129/><V21/><F62/><W74/><G117/><T88/><D59/><U2/><E102/><V127/><F66/><W131/><G83/><T89/><D17/><U116/><E91/><V1/><F123/><W38/><G38/><T58/><D58/><U106/><E106/><V45/><F45/><W35/><G35/><T51/><D8/><U19/><E19/><N who="2" m="12607" /><F127/><W128/><G42/><T61/><D32/><U22/><E22/><V90/><F90/><W18/><G18/><T115/><D115/><U25/><E25/><V31/><F134/><W96/><G96/><T130/><D51/><U118/><E39/><V56/><F56/><W33/><G40/><T30/><D61/><U50/><E50/><V3/><F31/><W135/><G135/><T84/><D84/><U71/><REACH who="1" step="1"/><E63/><REACH who="1" ten="210,320,230,230" step="2"/><V13/><F11/><AGARI ba="0,1" hai="2,5,11,41,43,68,69,71,92,93,94,116,118,119" machi="11" ten="60,18000,2" yaku="1,1,2,1,29,2,52,3,53,0" doraHai="112" doraHaiUra="57" who="1" fromWho="2" sc="210,0,320,190,230,-180,230,0" /><INIT seed="1,1,0,3,0,7" ten="210,510,50,230" oya="1" hai0="110,54,96,62,126,63,48,133,81,103,124,74,57" hai1="23,118,33,52,18,6,97,131,35,85,83,67,22" hai2="72,102,30,10,32,55,128,127,47,80,106,59,92" hai3="28,42,70,119,26,21,89,132,99,43,84,100,0"/><U60/><E118/><V19/><F106/><W121/><G121/><T9/><D110/><U16/><E131/><V41/><F127/><N who="0" m="48682" /><D133/><U15/><E6/><V114/><F114/><W27/><G132/><T12/><D81/><U29/><E29/><V8/><F32/><W44/><G70/><T39/><D39/><U36/><E36/><V93/><F30/><W107/><G119/><T104/><D74/><U53/><E97/><V20/><F128/><W3/><G27/><T123/><D123/><U98/><E98/><V101/><F80/><W87/><G43/><T11/><D12/><U125/><E125/><V88/><F47/><W95/><REACH who="3" step="1"/><G87/><REACH who="3" ten="210,510,50,220" step="2"/><T109/><D109/><U56/><E35/><V2/><F41/><W120/><G120/><T134/><D134/><U115/><E33/><V130/><F130/><W71/><G71/><T122/><D122/><U40/><E40/><V105/><F72/><W66/><G66/><T14/><D14/><N who="1" m="9495" /><E115/><V1/><F1/><W117/><G117/><T111/><D111/><U51/><E51/><AGARI ba="1,1" hai="0,3,21,26,28,42,44,51,84,89,95,99,100,107" machi="51" ten="30,3900,0" yaku="1,1,7,1,53,1" doraHai="7" doraHaiUra="90" who="3" fromWho="1" sc="210,0,510,-42,50,0,220,52" /><INIT seed="2,0,0,4,4,101" ten="210,468,50,272" oya="2" hai0="29,30,123,20,55,130,108,84,42,61,39,78,23" hai1="118,19,106,117,67,47,104,12,43,85,87,52,93" hai2="31,126,53,6,54,32,13,113,112,7,49,91,122" hai3="64,37,71,68,45,133,110,69,21,96,10,24,95"/><V60/><F122/><W132/><G110/><T75/><D123/><U9/><E67/><V107/><F126/><W8/><G64/><T124/><D75/><U35/><E35/><V5/><F13/><W135/><G45/><T40/><D124/><U50/><E43/><N who="0" m="16425" /><D39/><U111/><E111/><V82/><F31/><N who="0" m="11786" /><D130/><U15/><E15/><V65/><F32/><W120/><G37/><T103/><D103/><U81/><E93/><V66/><F107/><N who="1" m="41001" /><E87/><N who="2" m="50679" /><F113/><W38/><G38/><T73/><D73/><U76/><E76/><V4/><N who="2" m="1536" /><DORA hai="18" /><V28/><F112/><W46/><G46/><T127/><D127/><U79/><E79/><V41/><F41/><W99/><G120/><T25/><D25/><U34/><E34/><V57/><F28/><N who="3" m="17423" /><G99/><T102/><D102/><AGARI ba="0,0" hai="8,10,68,69,71,95,96,102,132,133,135" m="17423" machi="102" ten="40,2600,0" yaku="20,1,52,1" doraHai="101,18" who="3" fromWho="0" sc="210,-26,468,0,50,0,272,26" /><INIT seed="3,0,0,3,3,98" ten="184,468,50,298" oya="3" hai0="11,71,23,19,62,120,103,10,8,48,37,53,114" hai1="100,39,76,68,36,135,84,3,7,104,63,26,118" hai2="61,99,16,127,67,133,109,41,105,108,28,51,58" hai3="95,85,5,2,128,107,0,129,86,35,113,24,34"/><W32/><G113/><T30/><D120/><U22/><E135/><V110/><F28/><W75/><G107/><T132/><D37/><U97/><E118/><V70/><F133/><W65/><G65/><T59/><D132/><U126/><E126/><V54/><F127/><W78/><G75/><T13/><D114/><U56/><E68/><V17/><REACH who="2" step="1"/><F41/><REACH who="2" ten="184,468,40,298" step="2"/><W38/><G128/><T52/><D30/><U55/><E3/><V25/><F25/><W101/><G24/><T130/><D130/><U92/><E7/><V111/><N who="2" m="27904" /><DORA hai="1" /><V43/><F43/><W87/><G129/><T72/><D72/><U94/><E104/><V4/><F4/><W14/><G5/><T69/><REACH who="0" step="1"/><D103/><AGARI ba="0,1" hai="16,17,51,54,58,61,67,70,99,103,105" m="27904" machi="103" ten="70,8000,1" yaku="1,1,14,1,52,1,54,1,53,0" doraHai="98,1" doraHaiUra="112,9" who="2" fromWho="0" sc="184,-80,468,0,40,90,298,0" /><INIT seed="4,0,0,1,3,112" ten="104,468,130,298" oya="0" hai0="15,76,46,117,25,82,84,105,131,114,85,39,121" hai1="94,63,128,56,88,103,73,133,115,71,41,96,124" hai2="68,109,132,104,119,65,126,79,16,51,45,108,2" hai3="67,57,30,116,40,58,134,12,19,81,60,31,70"/><T21/><D121/><U34/><E34/><V35/><F2/><W28/><G116/><T9/><D114/><U11/><E73/><V64/><F104/><W23/><G134/><T113/><D113/><U91/><E71/><V130/><F79/><W3/><G3/><T10/><D105/><U20/><E115/><V74/><F35/><W5/><G5/><T101/><D131/><U17/><E128/><V8/><F74/><W55/><G81/><T72/><D101/><U49/><E11/><V75/><F75/><W37/><G40/><T29/><D10/><U14/><E124/><V27/><F68/><W83/><G37/><T50/><D39/><U38/><E38/><V43/><F130/><W24/><G83/><T1/><D1/><U97/><E97/><V100/><F100/><W123/><G123/><T26/><D26/><U78/><E78/><V52/><F132/><W98/><G98/><T77/><D77/><U93/><E93/><V118/><F43/><W106/><G106/><T62/><D62/><U6/><E6/><V129/><F126/><W7/><G70/><T32/><D32/><U13/><E13/><N who="2" m="7207" /><F27/><W44/><G44/><T135/><D135/><U4/><E4/><V122/><F122/><W0/><G0/><T95/><D95/><U80/><E80/><V87/><F87/><W59/><G55/><N who="0" m="30167" /><D117/><N who="2" m="44554" /><F129/><W33/><G33/><T99/><D99/><U69/><E133/><V54/><F54/><W61/><G61/><T47/><D84/><U36/><E69/><V102/><F102/><W92/><G92/><T66/><D72/><U127/><E127/><RYUUKYOKU ba="0,0" sc="104,-15,468,-15,130,15,298,15" hai2="45,51,52,64,65,108,109" hai3="7,12,19,23,24,28,30,31,57,58,59,60,67" /><INIT seed="5,1,0,0,4,127" ten="89,453,145,313" oya="1" hai0="45,44,56,54,67,80,77,7,29,91,134,128,122" hai1="111,95,58,16,133,60,90,125,6,49,4,87,98" hai2="124,15,50,32,13,114,19,61,103,66,12,83,99" hai3="84,24,68,89,26,14,82,0,71,76,97,116,118"/><U35/><E35/><V34/><F124/><W107/><G0/><T105/><D134/><U20/><E125/><V123/><F123/><W48/><G48/><T11/><D122/><U102/><E49/><V65/><F114/><W104/><G14/><T115/><D105/><N who="3" m="40521" /><G97/><T42/><D115/><U101/><E111/><V17/><F83/><W109/><G109/><T40/><D67/><N who="1" m="39319" /><E133/><V31/><F50/><W100/><G100/><N who="1" m="38506" /><E98/><V38/><F38/><W72/><G72/><T21/><D42/><U73/><E73/><V23/><F34/><W36/><G36/><T53/><D40/><U88/><E90/><V86/><F32/><W25/><G89/><T59/><D91/><U132/><E132/><V18/><F86/><W22/><G22/><T110/><D21/><U27/><AGARI ba="1,0" hai="4,6,16,20,27,87,88,95" m="38506,39319" machi="27" ten="30,6000,0" yaku="8,1,54,2" doraHai="127" who="1" fromWho="1" sc="89,-21,453,63,145,-21,313,-21" /><INIT seed="5,2,0,0,4,48" ten="68,516,124,292" oya="1" hai0="3,102,131,92,76,88,15,40,6,34,81,33,59" hai1="78,44,66,101,97,21,77,124,128,24,4,9,54" hai2="74,129,61,73,96,26,32,46,63,125,122,130,113" hai3="69,105,56,1,14,116,19,7,67,121,49,10,79"/><U35/><E35/><V43/><F122/><W53/><G121/><T84/><D131/><N who="2" m="50186" /><F125/><W22/><G105/><T51/><D3/><U2/><E66/><V62/><F96/><W87/><G116/><T133/><D102/><U126/><E128/><V89/><F89/><W57/><G69/><T85/><D133/><U82/><E44/><V31/><F113/><W114/><G114/><T134/><D134/><U103/><E54/><V13/><F13/><W52/><G67/><T23/><D23/><U123/><E123/><V68/><F68/><W107/><G107/><T132/><D132/><U37/><E37/><AGARI ba="2,0" hai="26,31,32,37,43,46,61,62,63,73,74" m="50186" machi="37" ten="30,1000,0" yaku="19,1" doraHai="48" who="2" fromWho="1" sc="68,0,516,-16,124,16,292,0" /><INIT seed="6,0,0,4,0,22" ten="68,500,140,292" oya="2" hai0="100,95,87,121,17,88,54,120,68,122,5,118,45" hai1="10,83,96,55,74,57,99,62,1,4,31,133,51" hai2="115,77,112,36,27,107,116,86,30,56,19,91,34" hai3="84,59,46,48,106,3,119,26,18,104,113,47,110"/><V52/><F116/><W131/><G119/><T35/><D118/><U75/><E133/><V117/><F117/><W76/><G110/><T73/><D35/><U72/><E31/><V25/><F36/><W61/><G3/><T16/><D68/><U0/><E0/><V8/><F77/><W123/><G123/><T37/><D73/><U126/><E126/><V20/><F107/><W102/><G131/><T97/><D5/><U109/><E109/><V85/><F8/><W134/><G102/><T21/><D54/><U129/><E129/><V89/><F86/><W70/><G113/><N who="2" m="43593" /><F85/><W93/><G134/><T9/><D9/><U108/><E108/><V130/><F130/><W63/><G70/><T80/><REACH who="0" step="1"/><D21/><REACH who="0" ten="58,500,140,292" step="2"/><U64/><E75/><V28/><F28/><W69/><G69/><T44/><D44/><U79/><E74/><V40/><F40/><AGARI ba="0,1" hai="16,17,37,40,45,80,87,88,95,97,100,120,121,122" machi="40" ten="40,5200,0" yaku="1,1,54,2,53,0" doraHai="22" doraHaiUra="125" who="0" fromWho="2" sc="58,62,500,0,140,-52,292,0" /><INIT seed="7,0,0,5,5,7" ten="120,500,88,292" oya="3" hai0="43,98,116,36,65,122,24,90,75,45,96,82,99" hai1="88,14,78,92,11,107,108,115,60,9,1,125,58" hai2="85,16,6,4,71,15,110,64,49,3,12,59,89" hai3="117,62,109,112,67,128,55,42,48,37,100,18,79"/><W133/><G117/><T41/><D122/><U120/><E108/><V32/><F110/><W0/><G0/><T103/><D116/><U33/><E107/><V47/><F32/><W53/><G79/><T8/><D43/><U38/><E33/><V94/><F71/><W2/><G100/><T17/><D65/><U34/><E34/><V40/><F3/><W13/><G2/><T130/><D130/><U105/><E105/><V95/><F15/><W77/><G77/><T29/><D29/><U22/><E38/><V84/><F59/><W87/><G87/><T19/><D103/><U123/><E115/><V126/><F126/><W114/><G128/><T124/><D124/><U93/><E125/><V73/><F64/><W119/><G109/><T132/><D132/><U68/><E68/><V56/><F56/><N who="3" m="37319" /><G133/><T26/><D19/><U118/><E118/><V20/><F73/><W129/><G129/><T134/><D134/><U35/><E35/><V61/><F61/><W81/><G81/><T46/><D46/><U44/><E78/><V111/><F111/><W54/><G119/><T51/><D36/><U39/><E44/><V50/><F50/><W104/><G104/><T106/><D106/><U74/><E39/><V31/><F31/><W28/><G28/><T10/><D75/><U5/><E74/><V27/><F27/><N who="0" m="10282" /><D17/><U80/><E120/><V86/><F95/><W30/><G30/><T63/><D63/><U101/><E123/><V66/><F66/><W25/><G25/><T121/><D121/><U72/><E101/><V21/><F21/><N who="3" m="11471" /><G37/><T70/><D70/><RYUUKYOKU ba="0,0" sc="120,10,500,-30,88,10,292,10" hai0="8,10,41,45,51,82,90,96,98,99" hai2="4,6,12,16,20,40,47,49,84,85,86,89,94" hai3="42,48,53,54,55,112,114" /><INIT seed="7,1,0,4,2,39" ten="130,470,98,302" oya="3" hai0="52,96,88,77,62,36,105,101,114,17,57,95,73" hai1="106,65,33,2,13,131,12,40,15,6,31,98,126" hai2="132,83,92,128,45,108,9,76,117,119,61,58,56" hai3="107,127,90,121,10,1,41,120,115,118,7,100,25"/><W74/><G118/><T79/><D36/><U46/><E65/><V19/><F108/><W50/><G115/><T97/><D114/><U24/><E131/><V38/><F128/><W69/><G69/><T86/><D73/><U21/><E126/><V70/><F132/><W82/><G127/><T53/><D17/><N who="1" m="10407" /><E98/><V18/><F70/><W0/><G0/><T123/><D123/><U133/><E106/><V43/><F58/><W68/><G68/><T103/><D53/><U37/><E133/><V34/><F34/><W30/><G90/><T54/><D54/><U28/><E28/><V22/><F92/><AGARI ba="1,0" hai="52,57,62,77,79,86,88,92,95,96,97,101,103,105" machi="92" ten="30,3900,0" yaku="7,1,54,2" doraHai="39" who="0" fromWho="2" sc="130,42,470,0,98,-42,302,0" owari="172,-23.0,470,57.0,56,-44.0,302,10.0" /></mjloggm>