<mjloggm ver="2.3"><GO type="41" lobby="0"/><UN n0="%E3%82%A8%E3%82%B3%E3%82%A8%E3%82%B3%E3%82%B9%E3%83%A2%E3%83%BC%E3%82%AD" n1="%E2%93%9D%53%75%70%68%78" n2="%E6%94%BF%E5%BA%9C%E7%B3%BB%E9%9B%80%E5%A3%AB" n3="%E3%81%A4%E3%81%A1%E3%81%BB%E3%81%9C%E3%82%8A%E3%83%BC" dan="15,18,14,14" rate="1986.90,2076.88,1907.69,1985.73" sx="M,M,M,M"/><TAIKYOKU oya="0"/><INIT seed="0,0,0,2,5,131" ten="250,250,250,250" oya="0" hai0="75,4,77,83,32,22,132,27,55,114,43,108,107" hai1="100,63,46,30,80,129,50,29,61,97,65,67,115" hai2="127,53,99,135,106,54,104,124,90,64,72,28,133" hai3="12,70,76,112,0,56,73,126,117,23,81,7,93"/><T14/><D114/><U130/><E80/><V44/><F72/><W134/><G126/><N who="2" m="48169" /><F64/><W69/><G112/><T10/><D107/><N who="2" m="41002" /><F28/><W48/><G117/><T62/><D32/><U96/><E115/><V42/><F90/><W40/><G0/><T41/><D108/><U25/><E50/><N who="2" m="26903" /><F99/><W3/><G3/><T26/><D26/><U113/><E113/><V68/><F68/><W9/><G93/><T34/><D34/><U49/><E25/><V84/><F84/><W6/><G6/><T38/><D38/><U121/><E97/><V118/><F118/><W57/><G57/><T59/><REACH who="0" step="1"/><D132/><AGARI ba="0,0" hai="53,54,132,133,135" m="26903,41002,48169" machi="132" ten="40,8000,1" yaku="20,1,18,1,52,3" doraHai="131" who="2" fromWho="0" sc="250,-80,250,0,250,80,250,0" /><INIT seed="1,0,0,1,1,111" ten="170,250,330,250" oya="1" hai0="45,50,117,8,2,26,37,25,126,33,112,122,64" hai1="13,107,104,20,110,100,53,70,121,10,31,80,42" hai2="3,123,55,118,19,94,98,5,49,129,52,23,76" hai3="73,39,65,34,99,40,89,131,57,63,96,35,62"/><U22/><E121/><V14/><F123/><W88/><G131/><T90/><D122/><U134/><E70/><V66/><F129/><W56/><G40/><T41/><D117/><U102/><E42/><V130/><F118/><W97/><G73/><T71/><D126/><U16/><E134/><V43/><F130/><W113/><G96/><T38/><D26/><U92/><E110/><V120/><F76/><W135/><G135/><T74/><D71/><U69/><E69/><V75/><F75/><W58/><G58/><T9/><D64/><U83/><E107/><V44/><F66/><W7/><G7/><T4/><D74/><U51/><E104/><V28/><F120/><W59/><G59/><T30/><D112/><U78/><E92/><V85/><F85/><W115/><REACH who="3" step="1"/><G65/><REACH who="3" ten="170,250,330,240" step="2"/><T12/><REACH who="0" step="1"/><D90/><REACH who="0" ten="160,250,330,240" step="2"/><U29/><E78/><V61/><F5/><AGARI ba="0,2" hai="2,4,5,8,9,12,25,30,33,37,38,41,45,50" machi="5" ten="30,3900,0" yaku="1,1,2,1,7,1,53,0" doraHai="111" doraHaiUra="87" who="0" fromWho="2" sc="160,59,250,0,330,-39,240,0" /><INIT seed="2,0,0,5,1,46" ten="219,250,291,240" oya="2" hai0="1,4,123,98,11,118,0,125,62,40,71,95,126" hai1="63,78,18,41,48,32,74,84,43,109,38,94,102" hai2="92,107,91,53,24,128,7,132,17,44,12,33,10" hai3="69,119,122,54,85,100,108,42,93,52,77,26,61"/><V60/><F107/><W13/><G119/><T5/><D123/><U114/><E32/><V75/><F75/><W25/><G122/><T110/><D110/><U105/><E38/><V39/><F132/><W89/><G108/><T35/><D35/><U88/><E114/><V29/><F128/><W47/><G100/><T57/><D71/><U115/><E63/><V127/><F127/><N who="0" m="48650" /><D40/><U129/><E115/><V116/><F116/><W27/><G77/><T37/><D37/><U68/><E68/><V117/><F117/><W130/><G130/><T79/><D79/><U8/><E109/><V66/><F39/><W58/><G69/><T72/><D72/><U76/><E129/><V87/><F44/><W15/><REACH who="3" step="1"/><G54/><REACH who="3" ten="219,250,291,230" step="2"/><T6/><D118/><U97/><E78/><V111/><F111/><W45/><G45/><T31/><D1/><U36/><E36/><AGARI ba="0,1" hai="13,15,25,26,27,36,42,47,52,58,61,85,89,93" machi="36" ten="40,8000,1" yaku="1,1,54,1,53,3" doraHai="46" doraHaiUra="20" who="3" fromWho="1" sc="219,0,250,-80,291,0,230,90" /><INIT seed="3,0,0,1,2,89" ten="219,170,291,320" oya="3" hai0="82,62,118,7,49,47,120,3,8,128,19,113,21" hai1="106,133,117,39,74,9,93,11,16,105,67,48,72" hai2="103,131,63,28,38,55,75,12,98,6,134,40,32" hai3="57,71,115,114,90,125,58,100,1,34,116,18,36"/><W24/><G116/><T88/><D118/><U126/><E117/><V101/><F75/><W27/><G71/><T46/><D120/><U4/><E39/><V10/><F131/><W81/><G36/><T91/><D128/><U110/><E67/><V5/><F134/><W94/><G1/><T61/><D46/><U84/><E48/><V77/><F77/><W33/><G125/><T64/><D62/><U111/><E4/><V37/><F5/><W124/><G124/><T123/><D82/><U87/><E126/><V104/><F103/><W66/><G100/><T13/><D113/><U132/><REACH who="1" step="1"/><E93/><REACH who="1" ten="219,160,291,320" step="2"/><V68/><F40/><W69/><G81/><T85/><D123/><U23/><E23/><V20/><F20/><W43/><G43/><T119/><D119/><U70/><E70/><V60/><F55/><W83/><G83/><T54/><REACH who="0" step="1"/><D85/><REACH who="0" ten="209,160,291,320" step="2"/><U56/><E56/><AGARI ba="0,2" hai="3,7,8,13,19,21,47,49,54,56,61,64,88,91" machi="56" ten="30,7700,0" yaku="1,1,2,1,7,1,54,1,53,0" doraHai="89" doraHaiUra="121" who="0" fromWho="1" sc="209,97,160,-77,291,0,320,0" /><INIT seed="4,0,0,0,1,14" ten="306,83,291,320" oya="0" hai0="74,13,52,33,98,134,25,97,55,35,10,6,93" hai1="45,11,95,42,129,99,96,47,83,34,57,78,118" hai2="81,59,124,72,44,128,19,120,23,56,41,105,113" hai3="32,117,21,40,15,16,130,106,107,48,39,86,46"/><T111/><D74/><U67/><E129/><V104/><F120/><W51/><G32/><T17/><D134/><U126/><E126/><V100/><F124/><W132/><G117/><T24/><D111/><U75/><E34/><V133/><F128/><W62/><G130/><T70/><D70/><U77/><E118/><V82/><F133/><W4/><G132/><T101/><D35/><U122/><E122/><V54/><F113/><W58/><G4/><T85/><D85/><U27/><E27/><N who="0" m="10313" /><D33/><U38/><E78/><V102/><F54/><N who="0" m="20522" /><D98/><U1/><E47/><V108/><F108/><W26/><G106/><T88/><D6/><U20/><E99/><V114/><F114/><W80/><G107/><T89/><AGARI ba="0,0" hai="10,13,17,88,89,93,97,101" m="20522,10313" machi="89" ten="30,11700,0" yaku="8,1,52,1,54,2" doraHai="14" who="0" fromWho="0" sc="306,117,83,-39,291,-39,320,-39" /><INIT seed="4,1,0,4,3,62" ten="423,44,252,281" oya="0" hai0="42,116,78,68,69,86,32,10,133,14,100,7,38" hai1="61,25,19,46,45,127,113,115,48,60,18,87,16" hai2="36,96,24,33,124,8,89,125,34,12,99,56,17" hai3="103,50,39,35,4,59,53,131,26,64,54,85,15"/><T98/><D116/><U76/><E127/><N who="2" m="48715" /><F36/><W47/><G39/><T106/><D32/><N who="2" m="12394" /><F56/><W65/><G131/><T71/><D133/><U30/><E76/><V88/><F24/><W104/><G35/><T6/><D38/><U63/><E87/><V40/><F40/><W43/><G43/><T134/><D134/><U83/><E83/><V72/><F72/><W55/><G26/><T37/><D37/><U57/><E57/><V117/><F117/><W75/><G75/><T119/><D119/><U111/><E111/><V101/><F99/><W3/><G3/><T21/><D42/><U110/><E110/><V44/><F44/><W132/><G132/><T109/><D109/><U126/><E126/><V20/><F8/><W80/><G103/><T27/><D6/><U9/><E9/><V95/><AGARI ba="1,0" hai="12,17,20,88,89,95,96,101" m="12394,48715" machi="95" ten="30,2000,0" yaku="18,1,54,1" doraHai="62" who="2" fromWho="2" sc="423,-11,44,-6,252,23,281,-6" /><INIT seed="5,0,0,1,5,20" ten="412,38,275,275" oya="1" hai0="86,33,52,112,31,1,13,39,25,44,0,48,132" hai1="114,49,22,53,95,87,69,6,3,131,106,119,76" hai2="23,123,93,126,35,92,27,21,84,125,85,111,88" hai3="104,61,15,41,108,19,64,107,67,34,82,80,74"/><U79/><E119/><V63/><F123/><W10/><G108/><T30/><D112/><U62/><E106/><V118/><F118/><W90/><G41/><T37/><D132/><U56/><E114/><V99/><F111/><W36/><G36/><T124/><D124/><N who="2" m="47722" /><F63/><W103/><G34/><T98/><D86/><N who="2" m="33386" /><F93/><W97/><G90/><T55/><D55/><U113/><E131/><V77/><F77/><W91/><G91/><T71/><D71/><U134/><E134/><V18/><F21/><W59/><G67/><T29/><D39/><U129/><E129/><V135/><F135/><W70/><G70/><T66/><D66/><U43/><E113/><V105/><F105/><W57/><G57/><T109/><D109/><U9/><E69/><V14/><F35/><W101/><REACH who="3" step="1"/><G74/><REACH who="3" ten="412,38,275,265" step="2"/><T17/><D33/><U102/><E87/><V38/><F38/><W12/><G12/><AGARI ba="0,1" hai="12,14,18,23,27,88,92,99" m="33386,47722" machi="12" ten="30,3900,0" yaku="18,1,52,1,54,1" doraHai="20" who="2" fromWho="3" sc="412,0,38,0,275,49,265,-39" /><INIT seed="6,0,0,5,3,6" ten="412,38,324,226" oya="2" hai0="107,41,103,113,76,129,93,133,60,46,128,135,119" hai1="71,50,48,124,61,105,29,49,33,118,42,84,4" hai2="18,31,51,62,38,83,134,15,67,116,14,114,52" hai3="109,64,106,98,89,45,25,53,65,47,59,54,92"/><V39/><F116/><W21/><G109/><T88/><D119/><U69/><E84/><V101/><F134/><N who="0" m="51210" /><D113/><U3/><E105/><V122/><F122/><W112/><G112/><T24/><D76/><U77/><E77/><V72/><F31/><W90/><G106/><T127/><D127/><U17/><E17/><V95/><F114/><W37/><G89/><T68/><D103/><U2/><E4/><V43/><F43/><W126/><G126/><T125/><D107/><U63/><E29/><V110/><F110/><W74/><G74/><T120/><D120/><U23/><E23/><V40/><F40/><W11/><G37/><N who="0" m="21807" /><D24/><U86/><E86/><V111/><F14/><W27/><G27/><T1/><D1/><U57/><E33/><V85/><F72/><W35/><G35/><T44/><D44/><U91/><E91/><N who="2" m="51647" /><F95/><W73/><G73/><T130/><D125/><U58/><E124/><V55/><F101/><W108/><G108/><T7/><D7/><U78/><E78/><V94/><F94/><W10/><G47/><T123/><D123/><U13/><E42/><V22/><F111/><W30/><G45/><T20/><D20/><U132/><E132/><V5/><F38/><W32/><G32/><T117/><D117/><U28/><E118/><V100/><F100/><W82/><G82/><T80/><D80/><U34/><E34/><V8/><F39/><W104/><G104/><T12/><D12/><U81/><E81/><V70/><F51/><N who="3" m="31167" /><G54/><T75/><D75/><U19/><E13/><V16/><F18/><W66/><AGARI ba="0,0" hai="10,11,21,25,30,64,65,66,90,92,98" m="31167" machi="66" ten="30,4000,0" yaku="8,1,52,2" doraHai="6" who="3" fromWho="3" sc="412,-10,38,-10,324,-20,226,40" /><INIT seed="7,0,0,3,2,70" ten="402,28,304,266" oya="3" hai0="68,74,35,53,93,44,72,112,73,49,43,32,121" hai1="18,8,57,63,75,12,88,117,10,1,59,130,107" hai2="7,3,78,109,42,21,124,81,65,86,122,9,83" hai3="48,40,135,20,39,4,126,26,50,66,114,38,52"/><W106/><G106/><T71/><D121/><U5/><E130/><V11/><F109/><W103/><G103/><T92/><D112/><U37/><E117/><V55/><F124/><W24/><G4/><T127/><D127/><U94/><E75/><V56/><F122/><W33/><G126/><T90/><D93/><U46/><E107/><V89/><F42/><W30/><G114/><T36/><D68/><U123/><E123/><V2/><F21/><W23/><G66/><T25/><D25/><U6/><E18/><V22/><F22/><W95/><G95/><T110/><D71/><U15/><E1/><V82/><F65/><W31/><G135/><T0/><D0/><U96/><E46/><V16/><F78/><W80/><G80/><T102/><D102/><U120/><E120/><V64/><F64/><W54/><G40/><T17/><D17/><U119/><E119/><V108/><F108/><W76/><G76/><T85/><REACH who="0" step="1"/><D110/><REACH who="0" ten="392,28,304,266" step="2"/><U29/><E37/><V134/><F134/><W111/><G111/><T101/><D101/><U116/><E116/><V13/><REACH who="2" step="1"/><F2/><REACH who="2" ten="392,28,294,266" step="2"/><W100/><G100/><T113/><D113/><U118/><E118/><V98/><F98/><W84/><G33/><T91/><D91/><U129/><E129/><V61/><AGARI ba="0,2" hai="3,7,9,11,13,16,55,56,61,81,82,83,86,89" machi="61" ten="20,8000,1" yaku="1,1,0,1,7,1,54,1,53,1" doraHai="70" doraHaiUra="51" who="2" fromWho="2" sc="392,-20,28,-20,294,100,266,-40" owari="372,17.0,8,-49.0,394,49.0,226,-17.0" /></mjloggm>