<mjloggm ver="2.3"><GO type="41" lobby="0"/><UN n0="%E2%93%9D%53%75%70%68%78" n1="%54%6F%72%69%6B%61%6D%65" n2="%E8%BF%91%E8%97%A4%E3%82%A2%E3%83%8D%E3%83%B3%E3%82%B3%E3%83%95" n3="%E3%81%88%E3%81%A0%E3%81%BE%E3%82%81%32%35%30" dan="18,14,15,13" rate="2062.61,1920.81,1953.26,1962.84" sx="M,M,M,M"/><TAIKYOKU oya="0"/><INIT seed="0,0,0,1,0,27" ten="250,250,250,250" oya="0" hai0="128,97,104,88,2,132,121,65,120,101,49,59,67" hai1="53,87,22,109,66,60,50,43,21,18,3,10,90" hai2="63,31,5,129,100,74,35,52,24,29,126,134,81" hai3="115,54,19,23,91,6,94,47,58,135,62,40,30"/><T119/><D119/><U1/><E109/><V33/><F129/><W78/><G115/><T0/><D128/><U45/><E10/><V72/><F134/><W79/><G6/><T116/><D116/><U117/><E117/><V95/><F5/><W9/><G9/><T61/><D132/><U77/><E77/><V76/><F72/><W51/><G135/><T103/><D49/><U14/><E22/><V11/><F11/><W41/><G41/><T130/><D130/><U34/><E34/><V118/><F118/><W102/><G102/><T25/><D25/><U71/><REACH who="1" step="1"/><E43/><REACH who="1" ten="250,240,250,250" step="2"/><V20/><F126/><W106/><G106/><T96/><D104/><U122/><E122/><V28/><F35/><W12/><REACH who="3" step="1"/><G30/><REACH who="3" ten="250,240,250,240" step="2"/><T108/><D121/><U84/><E84/><AGARI ba="0,2" hai="12,19,23,40,47,51,54,58,62,78,79,84,91,94" machi="84" ten="30,7700,0" yaku="1,1,2,1,7,1,8,1,53,0" doraHai="27" doraHaiUra="111" who="3" fromWho="1" sc="250,0,240,-77,250,0,240,97" /><INIT seed="1,0,0,4,3,52" ten="250,163,250,337" oya="1" hai0="133,41,15,115,61,26,78,102,59,11,87,125,67" hai1="101,14,80,50,128,68,91,47,32,85,0,62,31" hai2="118,9,107,77,104,129,135,36,65,28,76,99,72" hai3="66,112,37,12,29,45,51,33,74,48,3,44,83"/><U100/><E128/><V21/><F36/><W120/><G120/><T113/><D133/><U69/><E0/><V7/><F118/><W13/><G112/><T64/><D125/><U4/><E32/><V116/><F116/><W119/><G3/><T114/><D102/><U105/><E31/><V84/><F135/><W20/><G33/><T42/><D67/><U5/><E105/><V2/><F84/><W27/><G37/><T122/><D122/><U89/><E89/><V38/><F77/><W71/><G119/><T34/><D26/><U16/><E69/><V22/><F129/><W35/><G35/><T19/><REACH who="0" step="1"/><D34/><REACH who="0" ten="240,163,250,337" step="2"/><U30/><E100/><V55/><F65/><W98/><G66/><T126/><D126/><U6/><E101/><V40/><F107/><W92/><G71/><T79/><D79/><U111/><E68/><V106/><F106/><W57/><G27/><T109/><D109/><U70/><E111/><V103/><F104/><W132/><G132/><T86/><D86/><U117/><E117/><V23/><F76/><W1/><G74/><T8/><D8/><U24/><E70/><V49/><F72/><W58/><G29/><T82/><AGARI ba="0,1" hai="11,15,19,41,42,59,61,64,78,82,87,113,114,115" machi="82" ten="40,5200,0" yaku="1,1,0,1,52,1,53,0" doraHai="52" doraHaiUra="43" who="0" fromWho="0" sc="240,62,163,-26,250,-13,337,-13" /><INIT seed="2,0,0,4,4,13" ten="302,137,237,324" oya="2" hai0="133,97,117,74,23,17,53,127,84,72,6,90,2" hai1="92,123,98,60,20,71,81,29,56,43,83,1,134" hai2="112,22,105,0,49,38,80,107,87,118,21,42,19" hai3="9,93,10,131,16,3,129,34,26,24,91,7,52"/><V61/><F112/><W58/><G34/><T14/><D133/><U40/><E123/><V35/><F118/><W59/><G59/><T96/><D127/><U51/><E1/><V54/><F35/><W102/><G102/><T44/><D117/><U46/><E43/><V119/><F119/><W114/><G114/><T5/><D74/><U63/><E71/><V12/><F0/><W68/><G68/><T86/><D72/><U77/><E134/><V57/><F38/><W130/><G10/><T88/><D2/><U78/><E78/><V15/><F42/><W100/><G100/><T101/><D101/><U69/><E69/><V113/><F49/><W85/><REACH who="3" step="1"/><G16/><REACH who="3" ten="302,137,237,314" step="2"/><T79/><D6/><U31/><E56/><V110/><F113/><W99/><G99/><T73/><D5/><U132/><E132/><V128/><F128/><W18/><G18/><T25/><D97/><U62/><E20/><V104/><F110/><W109/><G109/><T120/><D96/><U32/><E32/><V27/><REACH who="2" step="1"/><F22/><REACH who="2" ten="302,137,227,314" step="2"/><W94/><G94/><T103/><D23/><U111/><E111/><V116/><F116/><W64/><G64/><T121/><D121/><U4/><E92/><V95/><F95/><W106/><G106/><T8/><D120/><U28/><E98/><V67/><F67/><W30/><G30/><T135/><D135/><U124/><E29/><V115/><F115/><W66/><G66/><T36/><D103/><U76/><E28/><V48/><F48/><AGARI ba="0,2" hai="3,7,9,24,26,48,52,58,85,91,93,129,130,131" machi="48" ten="40,8000,1" yaku="1,1,19,1,54,1,53,1" doraHai="13" doraHaiUra="89" who="3" fromWho="2" sc="302,0,137,0,227,-80,314,100" /><INIT seed="3,0,0,0,3,118" ten="302,137,147,414" oya="3" hai0="34,48,26,122,133,80,42,132,75,18,37,90,123" hai1="82,77,110,11,96,59,119,97,50,72,69,68,28" hai2="125,111,93,113,78,106,102,38,95,103,36,100,94" hai3="19,62,73,91,135,61,101,22,13,76,127,66,43"/><W65/><G73/><T35/><D48/><U108/><E119/><V121/><F38/><W92/><G135/><N who="0" m="51787" /><D18/><U30/><E11/><V129/><F36/><W81/><G127/><T84/><D75/><U109/><E59/><V115/><F125/><W74/><G101/><N who="2" m="39017" /><F111/><N who="1" m="28417" /><U7/><DORA hai="31" /><E7/><V23/><F23/><W17/><G43/><T114/><D114/><N who="2" m="43530" /><F129/><W99/><REACH who="3" step="1"/><G19/><REACH who="3" ten="302,137,147,404" step="2"/><T88/><D42/><U4/><E4/><V85/><F106/><W9/><G9/><T3/><D37/><U54/><E28/><V126/><F126/><W39/><G39/><T1/><D90/><U45/><E30/><V0/><F103/><W56/><G56/><T52/><D26/><U40/><E40/><V112/><F112/><W27/><G27/><T49/><D3/><U32/><E32/><N who="0" m="12329" /><D1/><U71/><AGARI ba="0,1" hai="45,50,54,68,69,71,72,77,82,96,97" m="28417" machi="71" ten="50,1600,0" yaku="14,1" doraHai="118,31" who="1" fromWho="1" sc="302,-4,137,26,147,-4,404,-8" /><INIT seed="4,0,0,3,5,5" ten="298,163,143,396" oya="0" hai0="85,128,8,88,24,103,36,35,45,93,125,13,16" hai1="48,68,1,49,12,23,105,20,40,82,116,51,61" hai2="44,115,76,126,107,60,133,25,100,65,33,47,54" hai3="78,67,71,110,56,59,6,63,120,10,130,131,55"/><T87/><D128/><N who="3" m="49193" /><G110/><T104/><D125/><U17/><E1/><V98/><F126/><W34/><G78/><T58/><D104/><U41/><E105/><V18/><F115/><W89/><G34/><T70/><D70/><U121/><E121/><V80/><F133/><W83/><G83/><T114/><D114/><U29/><E82/><V119/><F119/><W102/><G102/><T22/><D35/><U94/><E61/><V30/><F18/><W14/><G89/><T124/><D124/><U99/><E68/><V112/><F54/><W38/><G38/><T86/><D103/><U106/><E106/><V118/><F112/><W7/><G59/><T4/><REACH who="0" step="1"/><D58/><REACH who="0" ten="288,163,143,396" step="2"/><U31/><E116/><V90/><F118/><W108/><G120/><T111/><D111/><U11/><E40/><AGARI ba="0,1" hai="4,8,13,16,22,24,36,40,45,85,86,87,88,93" machi="40" ten="40,12000,1" yaku="1,1,52,1,54,2,53,1" doraHai="5" doraHaiUra="84" who="0" fromWho="1" sc="288,130,163,-120,143,0,396,0" /><INIT seed="4,1,0,4,1,113" ten="418,43,143,396" oya="0" hai0="101,21,72,11,129,104,35,19,83,48,81,122,67" hai1="18,91,121,107,110,70,131,33,99,42,53,96,98" hai2="46,79,82,4,69,34,36,9,49,50,106,2,25" hai3="1,135,95,118,3,62,61,24,26,78,84,133,77"/><T8/><D122/><U29/><E121/><V12/><F106/><W130/><G95/><T102/><D35/><U7/><E131/><V89/><F89/><W10/><G84/><T116/><D129/><U111/><E70/><V134/><F12/><W44/><G44/><T47/><D116/><U75/><E75/><V88/><F69/><W28/><G28/><T6/><D67/><U14/><E7/><V125/><F88/><W59/><G59/><T80/><D72/><U54/><E42/><V128/><F128/><W37/><G10/><N who="0" m="3627" /><D104/><U132/><E132/><N who="3" m="50762" /><G37/><T86/><D6/><U31/><E33/><V23/><F34/><W55/><G55/><N who="0" m="30111" /><D86/><U41/><E107/><V108/><F4/><W30/><G30/><T97/><D97/><U124/><E124/><V90/><F2/><N who="3" m="523" /><G130/><T13/><AGARI ba="1,0" hai="13,19,21,80,81,83,101,102" m="30111,3627" machi="13" ten="30,1500,0" yaku="8,1" doraHai="113" who="0" fromWho="0" sc="418,18,43,-6,143,-6,396,-6" /><INIT seed="4,2,0,0,2,8" ten="436,37,137,390" oya="0" hai0="66,97,106,59,86,58,96,39,49,23,34,21,69" hai1="83,17,54,12,62,6,47,78,63,33,112,4,5" hai2="84,128,36,79,94,13,55,48,73,11,65,121,28" hai3="81,9,31,1,0,10,57,99,61,109,117,45,26"/><T56/><D39/><U124/><E124/><V85/><F73/><W16/><G109/><T90/><D34/><U42/><E33/><V103/><F36/><W14/><G117/><T71/><D49/><U102/><E102/><V91/><F128/><W75/><G45/><T92/><D106/><U15/><E112/><V25/><F65/><W3/><G99/><T95/><D86/><U24/><E24/><V64/><F64/><W132/><G132/><T32/><D32/><U82/><E82/><V70/><F70/><W104/><G104/><T88/><REACH who="0" step="1"/><D66/><REACH who="0" ten="426,37,137,390" step="2"/><U18/><E63/><V125/><F84/><W98/><G61/><T46/><D46/><U122/><E122/><V72/><F48/><W133/><G75/><T38/><D38/><U68/><E62/><V116/><F72/><W76/><G133/><T27/><D27/><U44/><E44/><V129/><F25/><W77/><G26/><T134/><D134/><U80/><E47/><V107/><F121/><W41/><G41/><T111/><D111/><U22/><E42/><V40/><F40/><W53/><G57/><T100/><D100/><U135/><E68/><AGARI ba="2,1" hai="21,23,56,58,59,68,69,71,88,90,92,95,96,97" machi="68" ten="40,7700,0" yaku="1,1,9,1,54,1,53,0" doraHai="8" doraHaiUra="108" who="0" fromWho="1" sc="426,93,37,-83,137,0,390,0" owari="519,62.0,-46,-55.0,137,-26.0,390,19.0" /></mjloggm>