<mjloggm ver="2.3"><GO type="41" lobby="0"/><UN n0="%E3%81%93%E3%81%AF%E3%81%BF%E3%81%AF" n1="%E2%93%9D%53%75%70%68%78" n2="%E6%B0%B4%E8%89%B2" n3="%E3%80%90%4B%E3%80%91" dan="14,18,15,15" rate="1922.59,2135.66,2061.32,2003.11" sx="M,M,F,M"/><TAIKYOKU oya="0"/><INIT seed="0,0,0,0,0,40" ten="250,250,250,250" oya="0" hai0="67,120,86,119,31,79,0,126,118,58,111,109,82" hai1="10,98,47,88,75,135,3,32,22,128,61,134,8" hai2="14,74,77,46,39,52,26,51,18,113,2,63,4" hai3="34,84,85,62,37,122,78,25,65,29,54,16,66"/><T56/><D0/><U1/><E32/><V69/><F113/><W60/><G122/><T117/><D31/><U93/><E75/><V91/><F39/><W130/><G130/><T94/><D120/><U72/><E72/><V106/><F106/><W23/><G37/><T64/><D94/><U68/><E22/><V95/><F26/><W5/><G5/><T6/><D6/><U41/><E128/><V49/><F2/><N who="1" m="521" /><E61/><V30/><F30/><W59/><G54/><T87/><D126/><U112/><E68/><V133/><F133/><N who="1" m="50697" /><E112/><V97/><F4/><W102/><G78/><T42/><D42/><U80/><E80/><V44/><F74/><W7/><G7/><T96/><D96/><U55/><E55/><V19/><F77/><W124/><G124/><T17/><D17/><U71/><E71/><V35/><F35/><W70/><REACH who="3" step="1"/><G102/><REACH who="3" ten="250,250,250,240" step="2"/><T20/><D79/><U24/><E24/><AGARI ba="0,1" hai="16,23,24,25,29,34,59,60,62,65,66,70,84,85" machi="24" ten="30,8000,1" yaku="1,1,2,1,7,1,54,1,53,1" doraHai="40" doraHaiUra="12" who="3" fromWho="1" sc="250,0,250,-80,250,0,240,90" /><INIT seed="1,0,0,2,3,112" ten="250,170,250,330" oya="1" hai0="76,89,55,96,79,84,80,131,17,122,117,7,58" hai1="124,74,88,54,50,24,135,118,38,39,116,31,18" hai2="123,100,20,109,121,8,70,1,33,114,130,28,72" hai3="35,45,3,51,90,29,34,60,5,46,42,59,98"/><U97/><E74/><V111/><F100/><W83/><G29/><T128/><D7/><U22/><E135/><V36/><F72/><W85/><G5/><T12/><D122/><N who="2" m="46602" /><F70/><W120/><G3/><T61/><D117/><U108/><E124/><V48/><F48/><W91/><G120/><T13/><D13/><U32/><E108/><N who="2" m="41547" /><F36/><W19/><G19/><T133/><D133/><U30/><E39/><V64/><F64/><W94/><G46/><T134/><D134/><U125/><E125/><V14/><F114/><W86/><G98/><T126/><D126/><U73/><E73/><V104/><F104/><W40/><G40/><T66/><D66/><AGARI ba="0,0" hai="34,35,42,45,51,59,60,66,83,85,86,90,91,94" machi="66" ten="30,1000,0" yaku="7,1" doraHai="112" who="3" fromWho="0" sc="250,-10,170,0,250,0,330,10" /><INIT seed="2,0,0,2,4,8" ten="240,170,250,340" oya="2" hai0="106,116,32,58,97,15,44,41,85,111,132,22,129" hai1="31,86,78,71,95,7,109,51,5,66,33,29,9" hai2="16,76,63,110,72,3,68,11,100,10,77,82,48" hai3="55,127,37,99,117,6,43,61,38,105,42,101,60"/><V74/><F110/><W24/><G117/><T91/><D116/><U53/><E109/><V13/><F100/><W102/><G127/><T4/><D111/><U57/><E7/><V112/><F112/><W113/><G113/><T52/><D32/><U2/><E33/><V133/><F133/><W120/><G120/><T47/><D132/><U64/><E71/><V59/><F68/><W81/><G81/><T98/><D129/><U125/><E125/><V18/><F48/><W130/><G6/><T20/><D106/><U49/><E49/><V104/><F104/><W45/><G24/><T119/><D119/><U88/><REACH who="1" step="1"/><E78/><REACH who="1" ten="240,160,250,340" step="2"/><V12/><F3/><W131/><G131/><T28/><D4/><U21/><E21/><V108/><F108/><W84/><G130/><T50/><D22/><U126/><E126/><V134/><F134/><W40/><G37/><T36/><D47/><U23/><E23/><V121/><F121/><W65/><G45/><T56/><D56/><U46/><E46/><V1/><F1/><W94/><G38/><T123/><D123/><U0/><E0/><V39/><F39/><W70/><G70/><T122/><D122/><U30/><AGARI ba="0,1" hai="2,5,9,29,30,31,51,53,57,64,66,86,88,95" machi="30" ten="30,12000,2" yaku="1,1,0,1,54,1,53,3" doraHai="8" doraHaiUra="26" who="1" fromWho="1" sc="240,-30,160,130,250,-60,340,-30" /><INIT seed="3,0,0,3,4,119" ten="210,290,190,310" oya="3" hai0="98,108,93,28,46,102,23,14,3,110,65,25,107" hai1="60,56,72,133,67,130,127,103,104,34,99,120,12" hai2="48,11,69,74,116,33,82,40,79,75,89,8,27" hai3="76,66,62,114,24,123,121,129,19,44,49,55,70"/><W30/><G114/><T36/><D3/><U29/><E130/><V71/><F116/><W51/><G76/><T58/><D107/><U2/><E133/><V9/><F75/><W88/><G19/><T125/><D125/><U132/><E132/><V61/><F61/><W42/><G129/><T39/><D14/><U112/><E2/><V37/><F37/><W73/><G73/><T64/><D64/><U94/><E72/><V118/><F118/><W68/><G70/><T1/><D1/><U47/><E47/><V77/><F77/><W78/><G78/><T16/><D16/><U122/><E112/><V126/><F126/><W6/><G6/><T53/><D46/><U22/><E127/><V86/><F48/><W35/><G88/><T57/><D57/><AGARI ba="0,0" hai="24,30,35,42,44,49,51,55,57,62,66,68,121,123" machi="57" ten="30,5800,0" yaku="7,1,52,2" doraHai="119" who="3" fromWho="0" sc="210,-58,290,0,190,0,310,58" /><INIT seed="3,1,0,2,2,44" ten="152,290,190,368" oya="3" hai0="74,19,87,129,100,51,94,43,4,101,34,105,98" hai1="115,127,70,62,21,50,61,112,107,10,124,30,116" hai2="63,58,9,80,111,72,0,57,40,29,109,131,45" hai3="59,26,28,84,113,65,5,104,96,121,76,6,81"/><W69/><G113/><T54/><D34/><U133/><E107/><V48/><F131/><W33/><G121/><T1/><D74/><U16/><E30/><V89/><F29/><W12/><G12/><T97/><D129/><U18/><E133/><V32/><F32/><W106/><G106/><T108/><D108/><N who="2" m="41546" /><F63/><N who="1" m="24073" /><E70/><V2/><F89/><W7/><G69/><T52/><D4/><U134/><E134/><V118/><F118/><W23/><G65/><T39/><D1/><N who="2" m="618" /><F9/><W38/><G38/><T64/><D64/><U102/><E102/><V11/><F11/><W75/><G33/><T92/><D39/><U47/><E116/><V82/><F72/><W3/><G3/><T132/><D132/><U20/><E10/><V120/><F120/><W110/><G110/><T67/><D67/><U79/><E79/><V117/><F117/><W93/><G104/><T103/><D103/><U77/><E77/><V126/><F126/><N who="1" m="48169" /><E115/><V42/><F42/><W17/><G75/><T119/><D119/><U35/><E35/><V15/><F15/><W73/><G73/><T125/><D125/><U14/><E112/><V123/><F123/><W25/><G28/><T99/><D105/><U86/><E86/><V55/><F58/><W49/><G59/><T13/><D99/><U90/><E90/><V128/><F128/><W66/><G66/><T53/><D87/><U122/><E122/><V135/><F135/><W31/><G31/><T85/><D85/><U37/><E14/><V68/><F68/><W27/><G84/><T24/><D24/><U114/><E114/><V83/><F57/><RYUUKYOKU ba="1,0" sc="152,-10,290,-10,190,30,368,-10" hai2="40,45,48,55,80,82,83" /><INIT seed="4,2,0,0,0,117" ten="142,280,220,358" oya="0" hai0="5,8,49,62,28,108,17,100,23,115,89,76,72" hai1="43,97,4,114,77,24,87,19,112,110,15,75,120" hai2="44,98,107,74,59,78,129,102,93,26,50,58,64" hai3="95,133,111,103,18,109,35,124,127,84,99,91,81"/><T1/><D108/><N who="3" m="41545" /><G35/><T69/><D100/><U53/><E120/><V113/><F113/><N who="1" m="43625" /><E43/><V68/><F129/><W37/><G37/><T32/><D115/><U118/><E75/><V45/><F68/><W38/><G18/><T106/><D106/><U85/><E77/><V121/><F121/><W116/><G38/><T71/><D62/><U6/><E118/><V126/><F126/><N who="3" m="48171" /><G116/><T80/><D89/><U34/><E53/><V31/><F107/><N who="3" m="63999" /><G133/><T83/><D83/><AGARI ba="2,0" hai="81,83,84,91,95" m="63999,48171,41545" machi="83" ten="30,3900,0" yaku="18,1,34,2" doraHai="117" who="3" fromWho="0" sc="142,-45,280,0,220,0,358,45" /><INIT seed="5,0,0,1,5,5" ten="97,280,220,403" oya="1" hai0="43,51,24,28,69,61,67,119,99,97,62,55,78" hai1="127,71,56,49,2,50,86,18,106,126,91,20,105" hai2="73,10,0,134,26,120,102,103,46,70,83,60,15" hai3="109,95,131,112,125,52,65,32,89,135,90,85,113"/><U94/><E71/><V117/><F120/><W111/><G32/><T130/><D119/><U4/><E4/><V29/><F117/><W39/><G39/><T72/><D130/><U30/><E30/><V114/><F0/><W48/><G65/><T22/><D78/><U74/><E74/><V76/><F134/><W79/><G79/><T37/><D72/><U36/><E36/><V118/><F118/><W88/><G131/><T27/><D27/><U77/><E2/><V87/><F114/><N who="3" m="44139" /><G125/><N who="1" m="47626" /><E77/><V63/><F46/><N who="3" m="27671" /><G135/><T92/><D61/><N who="2" m="23626" /><F70/><W47/><G47/><T82/><D82/><U12/><E50/><V42/><F73/><W38/><G38/><T1/><D1/><U132/><E132/><V40/><F76/><W80/><G90/><T23/><D23/><U19/><E19/><V101/><F101/><W110/><G110/><T107/><D107/><U64/><E64/><V11/><F103/><W14/><G14/><T9/><D92/><U21/><E21/><V98/><F15/><W53/><G53/><AGARI ba="0,0" hai="12,18,20,49,53,56,86,91,94,105,106" m="47626" machi="53" ten="30,2900,0" yaku="25,1,18,1" doraHai="5" who="1" fromWho="3" sc="97,0,280,29,220,0,403,-29" /><INIT seed="5,1,0,5,2,86" ten="97,309,220,374" oya="1" hai0="130,38,3,20,74,111,76,128,92,52,87,100,4" hai1="120,18,99,9,135,28,62,61,65,50,7,10,73" hai2="35,68,42,56,72,36,53,123,110,27,24,79,48" hai3="33,81,49,112,125,90,41,34,26,118,122,21,109"/><U40/><E120/><V46/><F110/><W30/><G109/><T60/><D111/><U103/><E73/><V17/><F123/><W25/><G122/><T6/><D38/><U108/><E135/><V69/><F72/><W5/><G125/><T44/><D74/><U113/><E113/><V15/><F79/><W29/><G5/><T75/><D75/><U117/><E117/><V67/><F35/><W107/><G107/><T133/><D133/><U82/><E28/><V129/><F129/><W22/><G112/><T43/><D20/><U11/><E82/><V132/><F132/><W78/><G90/><N who="0" m="53343" /><D3/><U70/><E62/><N who="2" m="40055" /><F69/><W45/><G118/><T66/><D100/><U8/><E108/><V31/><F31/><W71/><G71/><T105/><D105/><U114/><E114/><V63/><F63/><W121/><G121/><T102/><D102/><U37/><E37/><V98/><F98/><W124/><G124/><T58/><D76/><U97/><E103/><V23/><AGARI ba="1,0" hai="15,17,23,24,27,36,42,46,48,53,56" m="40055" machi="23" ten="30,1100,0" yaku="24,1" doraHai="86" who="2" fromWho="2" sc="97,-4,309,-6,220,14,374,-4" /><INIT seed="6,0,0,0,1,87" ten="93,303,234,370" oya="2" hai0="6,91,113,70,93,80,101,24,123,20,29,89,132" hai1="55,23,0,33,3,129,68,118,94,126,133,12,86" hai2="72,17,76,26,44,54,74,50,134,60,102,105,38" hai3="63,95,7,71,117,2,107,103,46,42,104,100,67"/><V96/><F134/><W45/><G117/><T19/><D123/><U111/><E111/><V31/><F76/><W130/><G45/><T28/><D70/><U122/><E129/><V16/><F38/><W116/><G116/><T1/><D132/><U53/><E126/><V58/><F74/><W49/><G103/><T27/><D113/><U8/><E33/><V5/><F5/><W112/><G7/><T22/><D80/><U51/><E55/><V48/><F72/><W131/><G2/><T92/><D101/><U83/><E68/><V124/><F124/><W10/><G10/><T88/><REACH who="0" step="1"/><D19/><REACH who="0" ten="83,303,234,370" step="2"/><U114/><E114/><V65/><REACH who="2" step="1"/><F50/><REACH who="2" ten="83,303,224,370" step="2"/><W99/><G112/><T14/><D14/><U18/><E133/><V127/><F127/><W82/><G131/><T85/><D85/><U79/><E118/><V52/><F52/><W34/><G49/><T66/><D66/><U61/><E51/><V73/><F73/><W39/><G67/><T30/><D30/><U56/><E53/><V69/><F69/><W21/><G71/><T119/><D119/><U121/><E121/><V98/><F98/><W77/><G99/><T41/><D41/><U47/><E122/><V64/><F64/><W62/><G42/><T13/><D13/><U36/><E12/><V40/><F40/><W120/><G130/><T15/><D15/><U106/><E86/><V59/><F59/><W115/><G120/><T43/><D43/><U78/><E56/><V125/><F125/><W97/><G115/><T32/><D32/><AGARI ba="0,2" hai="16,17,26,31,32,44,48,54,58,60,65,96,102,105" machi="32" ten="30,5800,0" yaku="1,1,7,1,54,1,53,0" doraHai="87" doraHaiUra="81" who="2" fromWho="0" sc="83,-58,303,0,224,78,370,0" /><INIT seed="6,1,0,5,5,26" ten="25,303,302,370" oya="2" hai0="72,63,120,11,62,18,17,67,112,91,87,94,14" hai1="56,66,113,117,111,16,8,57,48,25,106,54,123" hai2="55,10,83,60,68,93,125,105,49,99,4,43,2" hai3="75,88,128,31,97,41,40,6,34,132,122,118,89"/><V73/><F125/><W86/><G118/><T84/><D120/><U134/><E111/><V82/><F105/><W28/><G122/><T53/><D112/><U29/><E123/><V64/><F43/><N who="3" m="16459" /><G75/><T20/><D72/><U30/><E106/><V35/><F35/><W51/><G34/><T98/><D63/><N who="1" m="38247" /><E134/><V45/><REACH who="2" step="1"/><F73/><REACH who="2" ten="25,303,292,370" step="2"/><W103/><G132/><T85/><D85/><U101/><E117/><V100/><AGARI ba="1,1" hai="2,4,10,45,49,55,60,64,68,82,83,93,99,100" machi="100" ten="20,12000,1" yaku="1,1,2,1,0,1,7,1,53,1" doraHai="26" doraHaiUra="3" who="2" fromWho="2" sc="25,-41,303,-41,292,133,370,-41" owari="-16,-52.0,262,-14.0,425,53.0,329,13.0" /></mjloggm>