<mjloggm ver="2.3"><GO type="41" lobby="0"/><UN n0="%54%65%6D%6F%72%69" n1="%E2%93%9D%53%75%70%68%78" n2="%54%6F%6D%6D%79%35%30%30" n3="%E4%B8%8A%E3%81%8C%E3%82%8A%33%E3%83%8F%E3%83%AD%E3%83%B3" dan="15,17,14,16" rate="2005.06,2052.59,2034.64,1951.07" sx="M,M,M,M"/><TAIKYOKU oya="0"/><INIT seed="0,0,0,1,0,0" ten="250,250,250,250" oya="0" hai0="5,107,80,94,106,22,4,19,14,46,50,135,32" hai1="67,52,90,81,66,111,18,42,96,122,16,105,1" hai2="56,9,116,130,10,119,103,108,29,37,53,125,72" hai3="33,93,21,114,47,24,27,126,83,48,112,88,6"/><T60/><D32/><U20/><E122/><V97/><F108/><W17/><G126/><T68/><D135/><U7/><E42/><V89/><F125/><W71/><G71/><T98/><D80/><U51/><E111/><V104/><F130/><W55/><G83/><T30/><D30/><U102/><E18/><V76/><F37/><W113/><G33/><T124/><D124/><U120/><E120/><V57/><F29/><W28/><G28/><T63/><D106/><U64/><E1/><V35/><F35/><W61/><G61/><T58/><D107/><U45/><E7/><N who="0" m="2633" /><D68/><U15/><REACH who="1" step="1"/><E81/><REACH who="1" ten="250,240,250,250" step="2"/><N who="2" m="45191" /><F119/><W87/><REACH who="3" step="1"/><G6/><REACH who="3" ten="250,240,250,240" step="2"/><T127/><D127/><U99/><E99/><V74/><F97/><W38/><G38/><T39/><D39/><U95/><E95/><V109/><F104/><W34/><G34/><T31/><D31/><U117/><E117/><V13/><F116/><W43/><G43/><N who="0" m="24927" /><D58/><U12/><E12/><AGARI ba="0,2" hai="12,17,21,24,27,47,48,55,87,88,93,112,113,114" machi="12" ten="40,2600,0" yaku="1,1,54,1,53,0" doraHai="0" doraHaiUra="115" who="3" fromWho="1" sc="250,0,240,-26,250,0,240,46" /><INIT seed="1,0,0,4,0,79" ten="250,214,250,286" oya="1" hai0="9,129,98,135,6,108,100,40,49,109,92,84,61" hai1="20,16,99,97,32,55,26,23,48,71,85,1,81" hai2="103,34,122,116,104,134,57,110,127,44,10,123,4" hai3="63,11,118,37,132,124,89,117,53,77,13,60,29"/><U54/><E32/><V56/><F103/><W121/><G121/><T52/><D129/><U47/><E71/><V38/><F10/><W36/><G124/><T76/><D135/><U82/><E1/><V46/><F4/><W35/><G63/><T83/><D61/><U39/><E39/><V119/><F104/><W70/><G89/><T111/><D40/><U51/><E23/><V43/><F34/><W113/><G113/><T5/><REACH who="0" step="1"/><D9/><REACH who="0" ten="240,214,250,286" step="2"/><U73/><E73/><V106/><F43/><W78/><G60/><T22/><D22/><U18/><E18/><V45/><F134/><W120/><G11/><T68/><D68/><U101/><E85/><V86/><F86/><W105/><G132/><T30/><D30/><U65/><E65/><V133/><F133/><W88/><G29/><T90/><D90/><U72/><E72/><V75/><F75/><W64/><G88/><T67/><D67/><U94/><REACH who="1" step="1"/><E99/><REACH who="1" ten="240,204,250,286" step="2"/><V114/><F123/><W96/><G64/><T125/><D125/><U27/><E27/><V130/><F122/><W112/><G96/><T3/><D3/><U0/><E0/><V131/><F127/><W107/><G120/><T95/><D95/><U33/><E33/><V42/><F42/><W19/><G35/><T93/><D93/><U25/><E25/><V58/><F38/><W12/><G70/><T7/><D7/><U66/><E66/><V17/><F17/><W50/><G19/><T69/><D69/><U91/><E91/><V2/><F2/><W28/><G37/><T102/><D102/><U14/><E14/><V41/><F41/><RYUUKYOKU ba="0,2" sc="240,15,204,15,250,-15,286,-15" hai0="5,6,49,52,76,83,84,92,98,100,108,109,111" hai1="16,20,26,47,48,51,54,55,81,82,94,97,101" /><INIT seed="1,1,2,0,2,55" ten="255,219,235,271" oya="1" hai0="109,61,10,135,131,37,4,128,25,64,71,48,2" hai1="133,66,112,44,40,5,121,65,16,28,92,115,77" hai2="83,94,76,79,122,8,103,114,46,90,62,26,87" hai3="54,63,23,0,81,18,43,12,101,9,32,13,95"/><U22/><E121/><V30/><F114/><W53/><G32/><T51/><D37/><U39/><E28/><V7/><F122/><W78/><G0/><T80/><D109/><U41/><E5/><V111/><F111/><W102/><G43/><T70/><D70/><U52/><E77/><V21/><F46/><W1/><G1/><T96/><D135/><U35/><E35/><V104/><F104/><W47/><G54/><T58/><D96/><U50/><E133/><V98/><F62/><W123/><G95/><T91/><D25/><U34/><E34/><V106/><F106/><W69/><G69/><T59/><D51/><U116/><E116/><V3/><AGARI ba="1,2" hai="3,7,8,21,26,30,76,79,83,87,90,94,98,103" machi="3" ten="20,1500,0" yaku="0,1,7,1" doraHai="55" who="2" fromWho="2" sc="255,-5,219,-8,235,38,271,-5" /><INIT seed="2,0,0,1,5,77" ten="250,211,273,266" oya="2" hai0="80,95,65,119,25,38,74,135,55,72,104,41,40" hai1="48,88,63,118,76,87,98,114,110,49,126,123,29" hai2="42,112,111,99,108,71,34,97,64,22,24,100,52" hai3="37,94,75,68,70,133,93,91,60,102,86,131,134"/><V78/><F112/><W11/><G75/><T45/><D104/><U132/><E118/><V67/><F42/><W46/><G131/><T66/><D135/><N who="3" m="51721" /><G60/><T115/><D115/><U1/><E1/><V92/><F34/><W43/><G11/><T9/><D40/><U51/><E110/><N who="2" m="42027" /><F71/><N who="3" m="27179" /><G102/><T58/><D119/><U5/><E123/><V19/><F78/><W90/><G90/><T116/><D116/><U122/><E76/><V4/><F4/><W31/><G31/><T14/><D25/><U109/><E29/><V23/><F22/><W44/><G46/><T106/><D106/><U103/><E109/><V127/><F127/><W47/><G47/><T18/><D72/><U69/><E126/><V124/><F124/><W54/><G54/><T0/><D0/><U83/><E132/><V79/><F79/><W57/><G57/><T35/><D35/><U53/><E114/><V113/><F113/><W7/><G7/><T10/><D10/><U39/><E5/><V26/><F24/><W130/><G130/><T27/><D27/><U21/><E69/><V62/><F99/><W121/><G121/><T82/><D74/><U105/><E122/><V73/><F73/><W101/><G101/><T85/><D58/><AGARI ba="0,0" hai="19,23,26,52,58,62,64,67,92,97,100" m="42027" machi="58" ten="30,5800,0" yaku="14,1,10,1,54,1" doraHai="77" who="2" fromWho="0" sc="250,-58,211,0,273,58,266,0" /><INIT seed="2,1,0,3,0,68" ten="192,211,331,266" oya="2" hai0="79,128,107,0,28,126,77,119,87,1,84,115,49" hai1="34,62,99,94,93,70,10,27,66,51,60,112,78" hai2="43,109,124,96,76,20,7,88,14,31,41,47,2" hai3="71,45,22,86,101,17,18,121,92,67,6,52,15"/><V129/><F129/><W80/><G121/><T106/><D115/><U85/><E112/><V120/><F120/><W83/><G6/><T9/><D28/><U131/><E131/><V29/><F124/><W73/><G73/><T13/><D128/><U42/><E62/><V100/><F76/><W5/><G5/><T133/><D49/><U132/><E132/><V111/><F88/><W118/><G118/><T3/><D133/><U46/><E34/><V130/><F2/><W26/><G67/><T23/><D23/><U35/><E10/><N who="2" m="4447" /><F130/><W33/><G71/><T98/><D119/><U57/><E35/><V116/><F116/><W104/><G104/><T74/><D74/><U90/><E27/><N who="2" m="16615" /><F47/><W37/><G33/><T30/><D3/><U11/><E11/><V72/><F72/><W75/><G75/><T40/><D9/><U63/><E78/><V97/><F97/><W21/><G101/><T36/><D98/><U95/><REACH who="1" step="1"/><E99/><REACH who="1" ten="192,201,331,266" step="2"/><V53/><F31/><W50/><G37/><T25/><D36/><U24/><E24/><V110/><F53/><AGARI ba="1,1" hai="42,46,51,53,57,60,63,66,70,85,90,93,94,95" machi="53" ten="30,3900,0" yaku="1,1,7,1,53,1" doraHai="68" doraHaiUra="64" who="1" fromWho="2" sc="192,0,201,52,331,-42,266,0" /><INIT seed="3,0,0,4,0,135" ten="192,253,289,266" oya="3" hai0="0,37,93,133,69,44,17,15,134,5,60,59,74" hai1="95,20,110,103,46,98,73,105,29,63,9,56,10" hai2="119,128,92,53,118,91,64,28,45,109,25,33,90" hai3="71,31,35,127,30,75,81,36,38,84,130,67,62"/><W80/><G130/><T16/><D74/><U65/><E110/><V55/><F109/><W108/><G108/><T1/><D69/><U131/><E131/><V26/><F128/><W123/><G123/><T94/><D17/><U52/><E73/><V61/><F26/><W32/><G81/><T76/><D76/><U34/><E34/><V58/><F90/><W111/><G111/><T85/><D44/><U121/><E105/><V82/><F82/><W99/><G99/><T42/><D42/><U50/><E121/><V41/><F119/><W12/><G12/><T11/><D37/><U48/><E48/><V129/><F129/><W112/><G112/><T113/><D85/><U14/><REACH who="1" step="1"/><E14/><REACH who="1" ten="192,243,289,266" step="2"/><V126/><F118/><W6/><G75/><T89/><D113/><U125/><E125/><V8/><F126/><W4/><G127/><T72/><D72/><U77/><E77/><V78/><F78/><N who="3" m="46103" /><G35/><T13/><D13/><U114/><E114/><V3/><F3/><W86/><G32/><T24/><D1/><U68/><E68/><V107/><F107/><W116/><G116/><T43/><D0/><U7/><E7/><V22/><F33/><W124/><G124/><T96/><D5/><U106/><E106/><V104/><F104/><W47/><G38/><T117/><D117/><U70/><E70/><V40/><F8/><W51/><G36/><T101/><D11/><U21/><E21/><V115/><F115/><W2/><G2/><T19/><D15/><U87/><E87/><V120/><F120/><W88/><G4/><T27/><D133/><U57/><E57/><RYUUKYOKU ba="0,1" sc="192,-10,243,30,289,-10,266,-10" hai1="9,10,20,29,46,50,52,56,63,65,95,98,103" /><INIT seed="4,1,1,0,5,128" ten="182,273,279,256" oya="0" hai0="88,99,89,37,73,91,27,21,92,61,126,7,120" hai1="22,29,10,86,4,68,108,127,125,132,55,64,101" hai2="100,119,131,52,113,26,1,16,3,46,45,96,109" hai3="66,11,104,93,112,72,133,106,103,62,102,65,111"/><T6/><D120/><U18/><E101/><V116/><F113/><W32/><G111/><T25/><D73/><U30/><E55/><V130/><F109/><W110/><G110/><T39/><D27/><N who="1" m="14807" /><E86/><V59/><F16/><W134/><G32/><T17/><D126/><N who="1" m="48139" /><E108/><V19/><F19/><W63/><G72/><T8/><D61/><N who="3" m="23049" /><G11/><T74/><D74/><U115/><E64/><N who="3" m="24682" /><G93/><T67/><D67/><U118/><E68/><V38/><F26/><W135/><G112/><T81/><D81/><U83/><E118/><N who="2" m="45099" /><F38/><W82/><G82/><T12/><REACH who="0" step="1"/><D7/><REACH who="0" ten="172,273,279,256" step="2"/><U42/><E83/><V121/><F121/><W70/><G70/><T107/><D107/><AGARI ba="1,2" hai="102,103,104,106,107,133,134,135" m="24682,23049" machi="107" ten="40,12000,2" yaku="28,2,20,1,52,3" doraHai="128" who="3" fromWho="0" sc="172,-123,273,0,279,0,256,143" /><INIT seed="5,0,0,1,5,53" ten="49,273,279,399" oya="1" hai0="116,39,60,92,88,14,82,96,29,114,18,89,76" hai1="5,13,117,79,34,7,91,17,69,54,44,118,30" hai2="37,42,100,99,36,72,95,110,133,2,70,6,107" hai3="23,127,65,35,120,41,0,115,129,80,61,98,135"/><U86/><E69/><V57/><F133/><W56/><G120/><T33/><D114/><U16/><E79/><V134/><F134/><W19/><G35/><T11/><D116/><U124/><E124/><V81/><F110/><W71/><G135/><T122/><D122/><U113/><E113/><V26/><F26/><W66/><G0/><T31/><D39/><U15/><E34/><V1/><F57/><W48/><G115/><T121/><D121/><U84/><E54/><V75/><F95/><W62/><G129/><T97/><D33/><U126/><E44/><V24/><F24/><W21/><G21/><T83/><D60/><U51/><E51/><V131/><F81/><W55/><G98/><T10/><D10/><U49/><E49/><V12/><F12/><W123/><G80/><T22/><D22/><U77/><E77/><V50/><F50/><W67/><G127/><T93/><REACH who="0" step="1"/><D83/><REACH who="0" ten="39,273,279,399" step="2"/><U20/><E126/><V3/><F37/><W8/><G8/><T52/><D52/><U119/><E119/><V101/><F36/><W130/><G123/><T4/><D4/><U68/><E20/><V43/><F6/><W102/><G62/><T38/><D38/><U47/><E118/><V111/><F111/><W128/><G61/><T28/><D28/><U105/><E30/><V32/><F32/><W25/><G71/><T58/><D58/><U27/><E68/><V109/><F70/><W64/><G64/><T74/><AGARI ba="0,1" hai="11,14,18,29,31,74,76,82,88,89,92,93,96,97" machi="74" ten="20,12000,2" yaku="1,1,0,1,7,1,9,1,54,1,53,1" doraHai="53" doraHaiUra="73" who="0" fromWho="0" sc="39,130,273,-60,279,-30,399,-30" /><INIT seed="6,0,0,3,3,34" ten="169,213,249,369" oya="2" hai0="2,41,84,82,78,123,111,81,75,114,113,132,74" hai1="15,126,80,50,42,103,112,79,32,48,131,96,101" hai2="107,37,97,133,9,55,102,14,77,33,58,44,61" hai3="65,119,63,12,127,122,22,64,135,134,46,66,116"/><V52/><F33/><W0/><G0/><T19/><D111/><U45/><E32/><V71/><F133/><N who="3" m="50699" /><G122/><T26/><D132/><U120/><E112/><V124/><F124/><W105/><G105/><T86/><D41/><U91/><E131/><V21/><F21/><W129/><G129/><T23/><D123/><U92/><E126/><V125/><F125/><W29/><G127/><T1/><D75/><U108/><E108/><V38/><F71/><W109/><G109/><T8/><D8/><U118/><E118/><V95/><F107/><W85/><G85/><T11/><D11/><U51/><E15/><V28/><F28/><W121/><G46/><T24/><D24/><U7/><E7/><V98/><F97/><W90/><G90/><T54/><D54/><U88/><E91/><V27/><F27/><N who="3" m="16631" /><G12/><T57/><D57/><U69/><E69/><V40/><F77/><W5/><G5/><T10/><D10/><U100/><REACH who="1" step="1"/><E120/><REACH who="1" ten="169,203,249,369" step="2"/><V35/><F35/><W68/><G121/><T6/><D6/><U36/><E36/><V49/><F14/><W93/><G119/><T87/><REACH who="0" step="1"/><D82/><REACH who="0" ten="159,203,249,369" step="2"/><U47/><E47/><V99/><F9/><W104/><G116/><T106/><D106/><U94/><E94/><V72/><F95/><W83/><G104/><T31/><D31/><U73/><AGARI ba="0,2" hai="42,45,48,50,51,73,79,80,88,92,96,100,101,103" machi="73" ten="30,4000,0" yaku="1,1,0,1,54,1,53,0" doraHai="34" doraHaiUra="18" who="1" fromWho="1" sc="159,-10,203,60,249,-20,369,-10" /><INIT seed="7,0,0,3,2,107" ten="149,263,229,359" oya="3" hai0="58,91,34,117,95,35,132,54,126,97,16,104,113" hai1="17,112,93,6,71,134,51,78,111,37,67,24,131" hai2="0,19,45,74,103,25,14,115,133,43,38,21,119" hai3="69,101,64,85,46,83,109,80,70,2,1,125,33"/><W68/><G33/><T23/><D117/><U124/><E111/><V127/><F119/><W47/><G64/><T128/><D128/><U13/><E37/><V77/><F0/><W87/><G101/><T102/><D132/><U40/><E112/><V42/><F115/><W48/><G125/><T110/><D126/><U100/><E78/><V72/><F127/><W96/><G96/><T53/><D113/><U39/><E39/><V130/><F77/><W10/><G10/><T65/><D65/><U120/><E120/><V59/><F43/><W63/><G63/><T18/><D18/><U49/><E17/><V50/><F103/><W27/><G27/><T99/><D54/><U66/><E24/><V60/><F38/><W129/><G48/><T55/><D55/><U75/><E51/><V30/><F130/><W56/><G56/><T15/><REACH who="0" step="1"/><D110/><REACH who="0" ten="139,263,229,359" step="2"/><U121/><E67/><V76/><F133/><W52/><G52/><T123/><D123/><U22/><E121/><V98/><F59/><W81/><G109/><T20/><D20/><U82/><E22/><V135/><F135/><W36/><G129/><T61/><AGARI ba="0,1" hai="15,16,23,34,35,53,58,61,91,95,97,99,102,104" machi="61" ten="20,5200,0" yaku="1,1,0,1,7,1,54,1,53,0" doraHai="107" doraHaiUra="118" who="0" fromWho="0" sc="139,62,263,-13,229,-13,359,-26" owari="201,-30.0,250,5.0,216,-18.0,333,43.0" /></mjloggm>