<mjloggm ver="2.3"><GO type="41" lobby="0"/><UN n0="%E3%82%86%E3%81%84%E2%99%AA" n1="%E9%89%84%E4%BA%BA%E3%82%B5%E3%83%80" n2="%E2%93%9D%53%75%70%68%78" n3="%E3%83%91%E3%82%A4%E3%83%B3%E3%83%92%E3%83%AB%E3%82%BA" dan="13,14,17,14" rate="1921.31,1947.70,2051.82,1846.26" sx="M,M,M,M"/><TAIKYOKU oya="0"/><INIT seed="0,0,0,0,2,76" ten="250,250,250,250" oya="0" hai0="82,25,122,40,134,79,78,112,69,31,10,3,36" hai1="105,123,48,58,11,75,55,108,102,50,2,107,4" hai2="41,93,15,89,104,46,73,71,81,97,0,132,111" hai3="124,127,28,61,33,101,114,38,131,128,53,37,103"/><T94/><D122/><U87/><E75/><V83/><F0/><W113/><G28/><T125/><D78/><U22/><E123/><V68/><F111/><W29/><G29/><T118/><D118/><U90/><E108/><V18/><F132/><W23/><G23/><T19/><D112/><U34/><E34/><V14/><F104/><W8/><G8/><T49/><D134/><U86/><E86/><V110/><F110/><W45/><G45/><T77/><D77/><U84/><E84/><V115/><F15/><W30/><G30/><T54/><D125/><U42/><E22/><V120/><F73/><W52/><REACH who="3" step="1"/><G61/><REACH who="3" ten="250,250,250,240" step="2"/><T27/><D10/><U65/><E11/><V117/><F120/><W12/><G12/><T21/><D40/><U106/><E42/><V62/><F62/><W6/><G6/><T121/><D121/><U130/><E4/><V63/><F63/><W1/><G1/><T5/><D5/><U66/><E2/><V7/><F7/><W57/><G57/><T99/><D3/><U13/><E13/><V70/><F115/><W88/><G88/><T43/><D43/><U17/><E90/><V47/><F117/><W109/><G109/><T59/><D69/><U92/><E17/><V24/><F24/><W126/><G126/><T72/><D36/><U100/><E48/><V32/><F32/><AGARI ba="0,1" hai="32,33,37,38,52,53,101,103,113,114,124,127,128,131" machi="32" ten="25,6400,0" yaku="1,1,22,2,54,1,53,0" doraHai="76" doraHaiUra="91" who="3" fromWho="2" sc="250,0,250,0,250,-64,240,74" /><INIT seed="1,0,0,4,3,38" ten="250,250,186,314" oya="1" hai0="106,44,11,55,17,52,95,80,101,60,90,83,123" hai1="26,58,77,85,64,63,48,1,67,61,35,57,39" hai2="6,135,73,14,8,47,33,115,34,32,22,108,54" hai3="107,36,37,127,92,24,43,79,88,69,50,96,4"/><U99/><E1/><V84/><F73/><W124/><G69/><T126/><D123/><U23/><E35/><V2/><F84/><W72/><G72/><T3/><D126/><U113/><E113/><V27/><F54/><W129/><G4/><T68/><D106/><U130/><E130/><V76/><F47/><N who="3" m="25983" /><G79/><T105/><D105/><U7/><E39/><V62/><F62/><W20/><G107/><T94/><D101/><U104/><E7/><V40/><F40/><W9/><G9/><T12/><D3/><U42/><E104/><V10/><F76/><W66/><G66/><T5/><D5/><U111/><E99/><V128/><F115/><W134/><G134/><T49/><D95/><U19/><E111/><V132/><F128/><W117/><G117/><T116/><D116/><U21/><E21/><V59/><F59/><W16/><G129/><T65/><D55/><U46/><E85/><AGARI ba="0,0" hai="11,12,17,44,49,52,60,65,68,80,83,85,90,94" machi="85" ten="30,2000,0" yaku="7,1,54,1" doraHai="38" who="0" fromWho="1" sc="250,20,250,-20,186,0,314,0" /><INIT seed="2,0,0,2,5,8" ten="270,230,186,314" oya="2" hai0="25,13,115,95,12,52,34,28,126,68,18,129,116" hai1="6,69,99,15,102,38,56,108,110,11,122,61,78" hai2="17,87,62,75,47,114,90,135,66,50,57,130,104" hai3="82,53,84,85,55,49,24,111,123,22,19,125,113"/><V74/><F114/><W118/><G123/><T65/><D65/><U92/><E38/><V32/><F104/><W5/><G125/><T134/><D68/><U107/><E69/><V124/><F124/><W91/><G111/><T30/><D126/><U105/><E122/><V3/><F3/><W45/><G118/><T63/><D115/><U128/><E128/><V119/><F32/><W58/><G5/><T109/><D109/><N who="1" m="42091" /><E78/><V131/><F135/><W120/><G113/><T73/><D73/><U71/><E71/><V43/><F119/><W79/><G120/><T83/><D116/><U60/><E60/><V2/><F2/><W29/><G29/><T16/><D129/><N who="2" m="49162" /><F17/><W9/><G9/><T77/><D134/><U54/><AGARI ba="0,0" hai="6,11,15,54,56,61,92,99,102,105,107" m="42091" machi="54" ten="30,2000,0" yaku="14,1,52,1" doraHai="8" who="1" fromWho="1" sc="270,-5,230,20,186,-10,314,-5" /><INIT seed="3,0,0,0,1,47" ten="265,250,176,309" oya="3" hai0="86,42,51,65,121,128,132,32,57,6,71,85,37" hai1="106,59,116,101,61,16,29,104,1,25,50,17,39" hai2="7,82,83,48,134,34,66,70,95,115,12,11,100" hai3="69,78,10,0,63,107,122,60,133,91,94,108,129"/><W44/><G107/><T18/><D121/><U3/><E39/><V55/><F34/><W99/><G122/><T38/><D132/><U62/><E50/><V102/><F115/><W68/><G78/><T5/><D128/><U54/><E62/><V80/><F134/><W31/><G31/><T56/><D32/><U23/><E116/><V21/><F70/><W75/><G75/><T36/><D18/><U53/><E53/><V73/><F73/><W81/><G81/><T67/><D71/><U24/><E17/><V58/><F66/><W103/><G103/><T112/><D38/><U92/><E92/><V52/><F95/><W45/><G133/><T113/><D42/><U118/><E118/><V84/><F21/><W123/><G123/><T124/><D124/><U35/><REACH who="1" step="1"/><E101/><REACH who="1" ten="265,240,176,309" step="2"/><N who="2" m="39019" /><F55/><W14/><G129/><T131/><D131/><U135/><E135/><V64/><F64/><W72/><G63/><T13/><D13/><U119/><E119/><V105/><F105/><AGARI ba="0,1" hai="1,3,16,23,24,25,29,35,54,59,61,104,105,106" machi="105" ten="40,2600,0" yaku="1,1,54,1,53,0" doraHai="47" doraHaiUra="74" who="1" fromWho="2" sc="265,0,240,36,176,-26,309,0" /><INIT seed="4,0,0,4,4,34" ten="265,276,150,309" oya="0" hai0="39,17,106,3,127,52,33,19,2,13,23,70,31" hai1="58,45,38,118,48,53,54,47,85,49,130,78,8" hai2="97,16,131,65,82,55,10,86,57,18,11,63,64" hai3="56,62,44,111,114,132,90,76,125,98,81,122,100"/><T20/><D70/><U43/><E78/><V36/><F131/><W28/><G111/><T71/><D71/><U1/><E85/><V25/><F36/><W27/><G125/><T4/><D39/><U73/><E73/><V117/><F117/><W75/><G122/><T9/><D106/><U133/><E8/><V37/><F37/><W21/><G132/><T7/><D52/><N who="1" m="32007" /><E1/><N who="0" m="9" /><D127/><U79/><E79/><V83/><F65/><W50/><G90/><T123/><D123/><U6/><E6/><N who="0" m="2089" /><D19/><U42/><E118/><V94/><F64/><W113/><G56/><T14/><D14/><U119/><E119/><V12/><F11/><W72/><G72/><T67/><D67/><U89/><E89/><V15/><F15/><W80/><G80/><T40/><D40/><N who="1" m="22679" /><E133/><V134/><F134/><W96/><G62/><T124/><D124/><U32/><E130/><V26/><F18/><W68/><G68/><T107/><D107/><U112/><E112/><N who="3" m="43114" /><G100/><T93/><D93/><U126/><E126/><V29/><F83/><W91/><G91/><T60/><D60/><U101/><E101/><V103/><REACH who="2" step="1"/><F29/><REACH who="2" ten="265,276,140,309" step="2"/><W5/><G5/><T74/><D74/><U22/><E43/><AGARI ba="0,1" hai="21,27,28,43,44,50,75,76,81,96,98" m="43114" machi="43" ten="30,1000,0" yaku="15,1" doraHai="34" who="3" fromWho="1" sc="265,0,276,-10,140,0,309,20" /><INIT seed="5,0,0,0,1,41" ten="265,266,140,329" oya="1" hai0="93,76,87,53,92,20,57,128,0,30,81,80,110" hai1="56,65,83,130,47,85,31,44,60,77,86,98,125" hai2="14,82,69,46,109,100,62,120,54,105,48,37,90" hai3="10,112,135,118,34,26,58,131,45,27,89,15,73"/><U111/><E125/><V29/><F109/><W97/><G73/><T22/><D110/><U117/><E111/><V49/><F120/><W121/><G121/><T25/><D128/><U63/><E117/><V59/><F105/><W3/><G3/><T50/><D0/><U122/><E122/><V88/><F100/><W18/><G112/><T61/><D22/><U99/><E130/><V102/><F102/><W39/><G135/><T32/><D32/><U101/><E31/><V21/><F37/><W19/><G34/><T68/><D81/><U4/><E4/><V13/><F69/><W74/><G74/><T12/><D12/><N who="2" m="4714" /><F82/><W36/><G36/><T119/><D119/><U79/><E63/><V17/><F29/><W24/><G118/><T84/><D84/><U9/><E9/><V1/><F1/><W23/><G58/><T51/><D68/><U126/><E126/><V42/><F62/><W132/><G132/><T107/><D107/><U16/><E16/><V123/><F123/><W72/><G72/><T91/><D76/><U114/><E114/><V8/><F8/><W67/><G67/><T11/><D11/><U116/><E116/><V33/><F33/><W103/><G131/><T52/><D61/><U96/><REACH who="1" step="1"/><E101/><REACH who="1" ten="265,256,140,329" step="2"/><V35/><F35/><W66/><G103/><T28/><REACH who="0" step="1"/><D30/><REACH who="0" ten="255,256,140,329" step="2"/><U129/><E129/><V134/><F134/><W70/><G10/><T108/><D108/><U6/><E6/><V71/><F71/><W55/><G70/><T75/><D75/><U95/><E95/><V7/><F7/><W64/><G19/><T113/><D113/><RYUUKYOKU ba="0,2" sc="255,10,256,10,140,10,329,-30" hai0="20,25,28,50,51,52,53,57,80,87,91,92,93" hai1="44,47,56,60,65,77,79,83,85,86,96,98,99" hai2="17,21,42,46,48,49,54,59,88,90" /><INIT seed="5,1,2,4,3,65" ten="265,266,150,299" oya="1" hai0="44,100,14,107,122,67,69,89,104,94,1,22,111" hai1="106,54,90,11,61,78,20,45,130,15,96,99,127" hai2="82,128,80,17,92,134,33,5,101,60,31,85,91" hai3="64,77,126,16,120,10,13,123,74,59,58,121,37"/><U7/><E127/><V39/><F39/><W2/><G37/><T28/><D1/><U131/><E78/><V46/><F128/><N who="1" m="49193" /><E106/><V48/><F134/><W124/><G2/><T56/><D111/><U21/><E90/><V79/><F5/><W40/><G40/><T87/><D122/><U97/><E45/><V3/><F3/><W93/><G93/><T36/><D36/><U118/><E118/><V55/><F33/><W57/><REACH who="3" step="1"/><G64/><REACH who="3" ten="265,266,150,289" step="2"/><T132/><D107/><U129/><E129/><V0/><F0/><W29/><G29/><T117/><D104/><U19/><E7/><V72/><F31/><W62/><G62/><T9/><D28/><U38/><E38/><V116/><F60/><W63/><G63/><T84/><D67/><U23/><E61/><V95/><F116/><W115/><G115/><T133/><D117/><U119/><E119/><V103/><F95/><W24/><G24/><T68/><D94/><U41/><E54/><V66/><F66/><W52/><G52/><T70/><D133/><U8/><E41/><V34/><F92/><W125/><G125/><T50/><D132/><U49/><E49/><V86/><F34/><W83/><AGARI ba="1,3" hai="10,13,16,57,58,59,74,77,83,120,121,123,124,126" machi="83" ten="40,5200,0" yaku="1,1,0,1,54,1,53,0" doraHai="65" doraHaiUra="26" who="3" fromWho="3" sc="265,-14,266,-27,150,-14,289,85" /><INIT seed="6,0,0,1,3,8" ten="251,239,136,374" oya="2" hai0="89,83,122,118,47,59,44,120,60,36,63,33,5" hai1="82,135,91,111,119,117,28,95,86,123,129,126,116" hai2="0,75,45,13,41,49,112,132,105,37,97,80,30" hai3="21,23,65,20,92,85,125,61,1,84,79,51,133"/><V55/><F0/><W26/><G1/><T46/><D33/><U48/><E111/><V31/><F112/><W88/><G125/><T76/><D89/><U77/><E28/><V10/><F132/><W56/><G51/><T14/><D118/><U68/><E68/><V73/><F105/><W27/><G133/><T18/><D5/><U25/><E135/><V71/><F71/><W6/><G6/><T16/><D18/><U130/><E25/><V128/><F128/><N who="1" m="49257" /><E48/><V124/><F97/><W99/><REACH who="3" step="1"/><G79/><REACH who="3" ten="251,239,136,364" step="2"/><T115/><D36/><U93/><E126/><V29/><F124/><W104/><G104/><T72/><D115/><U40/><E123/><V2/><F2/><W109/><G109/><T96/><D122/><U134/><E134/><V24/><F24/><AGARI ba="0,1" hai="20,21,23,24,26,27,56,61,65,84,85,88,92,99" machi="24" ten="40,5200,0" yaku="1,1,8,1,54,1,53,0" doraHai="8" doraHaiUra="3" who="3" fromWho="2" sc="251,0,239,0,136,-52,364,62" /><INIT seed="7,0,0,4,2,43" ten="251,239,84,426" oya="3" hai0="73,35,39,87,56,92,109,113,77,130,126,10,33" hai1="61,70,112,3,60,127,117,27,40,102,19,83,59" hai2="2,123,25,132,121,62,9,116,34,90,85,89,115" hai3="7,28,54,99,46,106,133,50,21,23,45,58,55"/><W29/><G133/><T94/><D109/><U51/><E3/><V101/><F62/><W124/><G106/><T86/><D113/><U96/><E70/><V105/><F9/><W66/><G7/><T76/><D126/><U6/><E6/><V52/><F25/><W31/><G124/><T118/><D39/><U131/><E127/><V41/><F41/><W49/><G99/><T74/><D56/><U13/><E112/><V8/><F8/><W32/><G32/><T108/><D10/><N who="1" m="6583" /><E131/><V47/><F115/><W0/><G0/><T120/><D108/><U44/><E117/><V4/><F34/><W67/><G58/><T53/><D53/><N who="1" m="33903" /><E61/><V30/><F116/><W38/><G38/><T80/><D118/><U22/><E83/><V11/><F30/><W71/><G71/><T93/><D93/><N who="1" m="58639" /><E22/><AGARI ba="0,0" hai="21,22,23,28,29,31,45,46,49,50,54,55,66,67" machi="22" ten="40,12000,1" yaku="9,1,8,1,52,2" doraHai="43" who="3" fromWho="1" sc="251,0,239,-120,84,0,426,120" owari="251,5.0,119,-28.0,84,-42.0,546,65.0" /></mjloggm>