<mjloggm ver="2.3"><GO type="41" lobby="0"/><UN n0="%E2%93%9D%53%75%70%68%78" n1="%55%42%55%44%4F" n2="%61%73%61%68%69%5F%30%31" n3="%E3%81%94%E3%81%A3%E3%81%A4%E3%80%82" dan="18,13,13,14" rate="2113.61,1895.77,1913.14,1970.67" sx="M,M,M,M"/><TAIKYOKU oya="0"/><INIT seed="0,0,0,4,5,121" ten="250,250,250,250" oya="0" hai0="11,95,13,83,9,19,6,91,62,117,72,111,81" hai1="71,74,98,84,105,104,41,106,45,17,16,38,58" hai2="102,123,54,25,14,78,26,20,66,12,73,80,2" hai3="90,112,29,34,115,110,24,94,92,48,96,113,122"/><T59/><D117/><U22/><E74/><V5/><F123/><W103/><G122/><T1/><D72/><U79/><E71/><V60/><F2/><W101/><G48/><T35/><D35/><U37/><E17/><V63/><F26/><W107/><G107/><T89/><D111/><U108/><E108/><V40/><F40/><W51/><G110/><T131/><D131/><U36/><E98/><V43/><F43/><W0/><G0/><T55/><REACH who="0" step="1"/><D91/><REACH who="0" ten="240,250,250,250" step="2"/><U128/><E128/><V124/><F124/><W46/><G115/><T42/><D42/><U27/><E79/><V129/><F73/><W119/><G119/><T93/><D93/><U116/><E116/><V15/><F78/><W44/><G113/><T76/><D76/><U33/><E33/><V85/><F129/><W30/><G112/><T135/><D135/><U21/><E84/><AGARI ba="0,1" hai="1,6,9,11,13,19,55,59,62,81,83,84,89,95" machi="84" ten="30,5800,0" yaku="1,1,7,1,53,1" doraHai="121" doraHaiUra="57" who="0" fromWho="1" sc="240,68,250,-58,250,0,250,0" /><INIT seed="0,1,0,3,4,22" ten="308,192,250,250" oya="0" hai0="56,46,116,55,16,19,115,129,119,91,37,64,126" hai1="44,125,87,40,71,114,5,118,30,135,89,52,54" hai2="70,65,2,53,18,84,103,121,74,57,85,111,50" hai3="62,59,113,106,6,9,128,86,34,93,42,79,4"/><T132/><D115/><U7/><E118/><V75/><F121/><W96/><G106/><T31/><D126/><U13/><E125/><V23/><F2/><W29/><G113/><T73/><D73/><U110/><E71/><V107/><F111/><W127/><G127/><T36/><D31/><U26/><E114/><V38/><F75/><W82/><G42/><T72/><D72/><U92/><E110/><V120/><F120/><W83/><G128/><T69/><D91/><U98/><E135/><V80/><F74/><W61/><G83/><T11/><D11/><U39/><E5/><V99/><F80/><W21/><G34/><T32/><D32/><U77/><E77/><V109/><F38/><W112/><G112/><T28/><D28/><U43/><E43/><V14/><REACH who="2" step="1"/><F109/><REACH who="2" ten="308,192,240,250" step="2"/><W94/><G6/><T47/><D37/><U20/><REACH who="1" step="1"/><E87/><REACH who="1" ten="308,182,240,250" step="2"/><V17/><F17/><W124/><G124/><T100/><D19/><U51/><E51/><V78/><F78/><W48/><G48/><T12/><D36/><U123/><E123/><V101/><F101/><W90/><G4/><T68/><D100/><U102/><E102/><V122/><F122/><W0/><G0/><T95/><D16/><U67/><E67/><V24/><F24/><W58/><G29/><T8/><D64/><U105/><E105/><V104/><F104/><W97/><G96/><T33/><D119/><U133/><E133/><V49/><F49/><W3/><G3/><T88/><D116/><U25/><E25/><V60/><AGARI ba="1,2" hai="14,18,23,50,53,57,60,65,70,84,85,99,103,107" machi="60" ten="30,2000,0" yaku="1,1,0,1,53,0" doraHai="22" doraHaiUra="35" who="2" fromWho="2" sc="308,-11,182,-6,240,43,250,-6" /><INIT seed="1,0,0,0,4,129" ten="297,176,283,244" oya="1" hai0="45,1,6,39,101,124,125,13,7,84,43,38,26" hai1="23,37,97,36,112,32,85,10,5,107,117,56,64" hai2="75,67,122,4,21,82,87,127,115,47,74,113,73" hai3="46,53,135,20,25,62,0,28,132,77,92,123,133"/><U79/><E32/><V99/><F67/><W30/><G0/><T31/><D1/><U126/><E112/><N who="2" m="43083" /><F47/><W81/><G123/><T120/><D120/><U78/><E23/><V80/><F122/><W63/><G92/><T91/><D101/><U3/><E126/><N who="0" m="48745" /><D13/><U35/><E35/><V121/><F121/><W18/><G63/><T17/><D17/><U44/><E117/><V69/><F69/><W102/><G102/><T96/><D96/><U22/><E22/><V52/><F99/><W61/><G61/><T14/><D14/><U134/><E64/><V93/><F93/><W11/><G11/><T130/><D39/><U42/><E56/><V105/><F105/><W114/><G114/><T88/><D130/><U104/><E36/><V110/><F87/><N who="3" m="48559" /><G62/><T55/><D84/><U119/><E119/><V108/><F4/><N who="0" m="1578" /><D55/><U66/><E66/><V15/><F52/><W19/><G19/><T33/><AGARI ba="0,0" hai="26,31,33,38,43,45,88,91" m="1578,48745" machi="33" ten="30,2000,0" yaku="18,1,54,1" doraHai="129" who="0" fromWho="0" sc="297,20,176,-10,283,-5,244,-5" /><INIT seed="2,0,0,5,4,50" ten="317,166,278,239" oya="2" hai0="44,115,87,92,37,21,4,120,133,36,40,84,33" hai1="82,130,119,49,101,129,57,73,114,52,116,81,43" hai2="99,6,61,0,97,86,28,91,22,77,134,107,64" hai3="20,76,32,113,88,12,31,98,131,93,47,67,26"/><V34/><F34/><W24/><G113/><T9/><D33/><U118/><E101/><V89/><F134/><W78/><G131/><N who="1" m="50186" /><E114/><V62/><F0/><W51/><G12/><T17/><D120/><U95/><E95/><V10/><F107/><W112/><G67/><T19/><D37/><U14/><E73/><V2/><F62/><W106/><G106/><T74/><D19/><U3/><E3/><V65/><F65/><W45/><G45/><T72/><D133/><U109/><E109/><V15/><F77/><W105/><G105/><T85/><D115/><U104/><E104/><V18/><F28/><W41/><G112/><T79/><D92/><U1/><E1/><V7/><F7/><W71/><G71/><T58/><D79/><U48/><E14/><V54/><F64/><W70/><G70/><T38/><D38/><U25/><E25/><V66/><F66/><W39/><G39/><T46/><D74/><U29/><E29/><AGARI ba="0,0" hai="20,24,26,29,31,32,41,47,51,76,78,88,93,98" machi="29" ten="30,2000,0" yaku="7,1,54,1" doraHai="50" who="3" fromWho="1" sc="317,0,166,-20,278,0,239,20" /><INIT seed="3,0,0,1,0,65" ten="317,146,278,259" oya="3" hai0="66,73,119,88,30,70,5,19,97,61,72,18,121" hai1="14,6,113,51,108,31,50,123,27,109,104,84,106" hai2="77,111,56,43,100,2,39,92,74,124,3,45,53" hai3="120,127,33,1,63,22,52,102,41,135,11,89,134"/><W54/><G33/><T99/><D119/><U42/><E113/><V47/><F124/><W131/><G120/><T67/><D5/><U15/><E123/><V62/><F111/><N who="1" m="42569" /><E6/><V115/><F47/><W110/><G110/><T35/><D121/><U12/><E84/><V44/><F44/><W37/><G37/><T58/><D58/><U26/><E42/><V78/><F115/><W71/><G41/><T13/><D13/><U87/><E87/><V24/><F24/><N who="1" m="9257" /><E31/><V59/><F74/><W105/><G127/><T79/><D30/><U95/><E95/><V36/><F36/><W90/><G22/><T17/><D35/><U91/><E91/><N who="3" m="34826" /><G11/><T60/><D79/><U85/><E85/><V21/><F21/><W129/><G1/><T118/><D118/><U34/><E34/><V16/><F16/><W76/><G102/><T49/><D88/><U96/><E96/><V122/><F92/><W64/><G105/><AGARI ba="0,0" hai="12,14,15,50,51,104,105,106" m="9257,42569" machi="105" ten="40,5200,0" yaku="28,2,14,1" doraHai="65" who="1" fromWho="3" sc="317,0,146,52,278,0,259,-52" /><INIT seed="4,0,0,1,2,103" ten="317,198,278,207" oya="0" hai0="74,58,37,110,61,67,36,76,101,21,79,0,69" hai1="80,33,18,109,88,104,24,30,19,57,14,115,100" hai2="120,126,8,13,107,85,127,118,55,42,5,9,134" hai3="113,6,84,94,54,93,50,47,52,2,92,102,73"/><T3/><D21/><U66/><E109/><V71/><F120/><W10/><G73/><T133/><D58/><U53/><E66/><V119/><F71/><W46/><G113/><T31/><D133/><U4/><E115/><V90/><F42/><W91/><G102/><T35/><D79/><U121/><E121/><V65/><F65/><W124/><G124/><N who="2" m="47657" /><F55/><W12/><G2/><N who="0" m="555" /><D101/><U70/><E70/><V7/><F134/><W56/><REACH who="3" step="1"/><G54/><REACH who="3" ten="317,198,278,197" step="2"/><T41/><D110/><U130/><E100/><V43/><F119/><W75/><G75/><T117/><D117/><U38/><E130/><V25/><F118/><W106/><G106/><T64/><D64/><U114/><E104/><V82/><F107/><W11/><G11/><T15/><D74/><U49/><E114/><V78/><F8/><W77/><G77/><T60/><D76/><U44/><E4/><V26/><F5/><W87/><G87/><T68/><D67/><U17/><E38/><V99/><F43/><W63/><G63/><T112/><D61/><U105/><E105/><V81/><F99/><W89/><G89/><T22/><D60/><U45/><REACH who="1" step="1"/><E14/><REACH who="1" ten="317,188,278,197" step="2"/><V51/><F13/><W83/><AGARI ba="0,2" hai="6,10,12,46,47,50,52,56,83,84,91,92,93,94" machi="83" ten="30,7900,0" yaku="1,1,0,1,8,1,54,1,53,0" doraHai="103" doraHaiUra="39" who="3" fromWho="3" sc="317,-39,188,-20,278,-20,197,99" /><INIT seed="5,0,0,2,2,42" ten="278,168,258,296" oya="1" hai0="61,55,70,27,60,105,44,88,54,108,1,83,69" hai1="7,91,118,66,127,25,18,111,10,71,87,90,26" hai2="75,29,59,85,94,30,46,100,19,68,38,86,121" hai3="82,129,58,15,84,67,76,49,93,57,53,74,130"/><U78/><E118/><V33/><F75/><W124/><G124/><T126/><D105/><U56/><E127/><V117/><F68/><W9/><G67/><T13/><D1/><U128/><E128/><N who="3" m="49258" /><G93/><T81/><D126/><U3/><E111/><V31/><F117/><W135/><G74/><T132/><D27/><N who="1" m="10251" /><E71/><V39/><F39/><W22/><G22/><T77/><D132/><U102/><E102/><V50/><F38/><W133/><G58/><T115/><D108/><U2/><E2/><V107/><F107/><W51/><G51/><T37/><D37/><U20/><E3/><V28/><F121/><W48/><G48/><T89/><D13/><N who="1" m="5343" /><E78/><V103/><F33/><W73/><G73/><T45/><D77/><U106/><E106/><V64/><F19/><AGARI ba="0,0" hai="9,15,19,49,53,57,76,82,84,133,135" m="49258" machi="19" ten="30,1000,0" yaku="19,1" doraHai="42" who="3" fromWho="2" sc="278,0,168,0,258,-10,296,10" /><INIT seed="6,0,0,5,5,116" ten="278,168,248,306" oya="2" hai0="124,36,120,75,7,93,108,73,3,134,80,119,33" hai1="13,127,64,47,45,97,135,81,56,69,40,122,41" hai2="43,62,46,79,11,34,74,105,92,117,132,27,104" hai3="61,131,78,38,84,87,50,37,8,9,106,90,29"/><V130/><F117/><W88/><G106/><T107/><RYUUKYOKU type="yao9" ba="0,0" sc="278,0,168,0,248,0,306,0" hai0="3,7,33,36,73,75,80,93,107,108,119,120,124,134" /><INIT seed="6,1,0,0,5,96" ten="278,168,248,306" oya="2" hai0="35,119,79,9,84,55,51,125,70,76,58,112,6" hai1="54,93,27,25,117,100,28,44,89,7,41,95,134" hai2="67,123,63,135,32,108,88,8,75,120,34,21,52" hai3="37,86,36,114,5,110,124,49,12,105,129,4,56"/><V98/><F108/><W103/><G110/><T121/><D121/><U22/><E134/><V13/><F75/><W92/><G129/><T59/><D70/><U101/><E117/><V53/><F135/><W31/><G31/><T80/><D35/><U90/><E7/><V57/><F123/><W47/><G56/><T87/><D112/><U131/><E131/><V38/><F38/><W11/><G5/><T33/><D33/><U65/><E65/><V85/><F120/><W17/><G4/><T102/><D125/><U48/><E27/><V16/><F98/><W99/><G124/><T14/><D119/><U115/><E115/><V43/><F43/><W39/><G86/><T19/><D102/><N who="1" m="39531" /><E41/><V50/><F53/><W132/><G114/><T69/><D69/><U73/><E73/><V1/><F1/><W83/><G132/><T10/><D6/><U30/><E28/><V61/><F8/><W74/><G39/><T18/><D10/><U3/><E3/><V77/><F77/><W111/><G105/><T133/><D133/><U113/><E113/><V107/><F107/><W40/><G111/><T60/><D19/><U82/><E82/><V29/><F29/><W81/><G83/><N who="0" m="47207" /><D60/><N who="2" m="23114" /><F67/><W97/><G81/><T42/><D42/><U127/><E127/><V71/><F71/><W116/><G74/><T122/><D122/><U23/><E22/><V64/><F64/><W130/><G130/><T126/><D126/><U0/><E0/><V26/><F26/><W72/><G72/><T106/><D106/><U15/><E15/><V2/><F2/><W20/><G37/><RYUUKYOKU ba="1,0" sc="278,10,168,10,248,10,306,-30" hai0="9,14,18,51,55,58,59,79,80,87" hai1="23,25,30,44,48,54,89,90,93,95" hai2="13,16,21,32,34,50,52,57,85,88" /><INIT seed="6,2,0,2,5,27" ten="288,178,258,276" oya="2" hai0="88,55,68,111,19,108,17,14,35,109,119,77,76" hai1="40,29,4,105,98,120,127,73,43,64,8,59,1" hai2="51,28,133,102,83,30,96,91,82,33,31,56,79" hai3="52,32,47,34,100,78,5,42,61,7,46,26,69"/><V123/><F123/><W15/><G100/><T6/><D68/><U53/><E73/><V2/><F2/><W112/><G78/><T107/><D107/><U74/><E127/><V135/><F33/><W54/><G26/><T72/><D35/><U80/><E64/><V101/><F91/><W131/><G69/><T62/><D6/><U99/><E120/><V37/><F37/><W114/><G61/><T115/><D115/><N who="3" m="44073" /><G131/><T57/><D19/><U126/><E126/><V12/><F12/><W104/><G104/><T132/><D119/><U66/><E66/><V95/><F102/><W124/><G47/><T125/><D132/><N who="2" m="50762" /><F79/><W49/><G124/><T23/><D125/><U45/><E40/><V130/><F130/><W121/><G5/><T75/><REACH who="0" step="1"/><D88/><REACH who="0" ten="278,178,258,276" step="2"/><U18/><E18/><V129/><F129/><W71/><G71/><T0/><D0/><U39/><E105/><V3/><F3/><W70/><G70/><T25/><D25/><U20/><E20/><V41/><F41/><W22/><G22/><T50/><D50/><U81/><E29/><V87/><F87/><W65/><G121/><T60/><D60/><U9/><E9/><V21/><F21/><W117/><G34/><T11/><D11/><U16/><E16/><V103/><F103/><W38/><G32/><T36/><D36/><U122/><E122/><V128/><F128/><W58/><G117/><T94/><D94/><U84/><E8/><V63/><F51/><W106/><G106/><T110/><D110/><U118/><E118/><V85/><F85/><W48/><G38/><T113/><D113/><RYUUKYOKU ba="2,1" sc="278,15,178,-15,258,15,276,-15" hai0="14,17,23,55,57,62,72,75,76,77,108,109,111" hai2="28,30,31,56,63,82,83,95,96,101" /><INIT seed="6,3,1,3,4,117" ten="293,163,273,261" oya="2" hai0="38,133,128,90,127,61,84,53,69,48,107,10,86" hai1="43,51,94,12,70,49,95,124,28,77,82,33,112" hai2="45,58,22,21,5,123,111,120,93,99,103,132,8" hai3="118,100,85,126,79,108,59,60,56,66,129,57,42"/><V87/><F111/><W130/><G118/><T116/><D38/><U50/><E70/><V67/><F132/><W109/><G100/><T63/><D107/><U46/><E124/><V71/><F71/><N who="3" m="42439" /><G79/><T47/><D128/><N who="3" m="49257" /><G85/><T40/><D86/><U30/><E112/><V20/><F45/><W97/><G97/><T9/><D133/><U31/><E12/><V72/><F72/><W125/><G42/><T35/><D35/><U65/><E65/><V88/><F58/><W27/><G27/><T75/><D75/><U24/><E24/><V17/><F17/><W7/><G7/><T89/><D89/><U16/><E33/><V39/><F39/><W131/><G131/><T34/><D90/><U134/><E134/><V104/><REACH who="2" step="1"/><F67/><REACH who="2" ten="293,163,263,261" step="2"/><W113/><G113/><T102/><D69/><U106/><E16/><V52/><F52/><W105/><G105/><T98/><D53/><U73/><REACH who="1" step="1"/><E106/><REACH who="1" ten="293,153,263,261" step="2"/><V101/><F101/><W74/><G74/><T76/><D102/><U26/><E26/><V78/><F78/><W68/><G68/><T91/><D76/><U54/><E54/><V23/><N who="2" m="5120" /><DORA hai="37" /><V92/><F92/><AGARI ba="3,3" hai="28,30,31,43,46,49,50,51,73,77,82,92,94,95" machi="92" ten="40,2600,0" yaku="1,1,52,1,53,0" doraHai="117,37" doraHaiUra="0,135" who="1" fromWho="2" sc="293,0,153,65,263,-35,261,0" /><INIT seed="7,0,0,1,2,93" ten="293,218,228,261" oya="3" hai0="26,51,102,90,64,24,83,128,131,65,75,72,135" hai1="6,113,85,12,119,121,30,95,106,32,53,69,118" hai2="108,22,89,98,101,1,79,9,37,49,100,76,58" hai3="38,91,78,103,4,41,54,92,116,29,47,71,124"/><W42/><G71/><T97/><D51/><U3/><E106/><V84/><F37/><W5/><G116/><N who="1" m="44586" /><E69/><V81/><F1/><W125/><G103/><N who="2" m="39497" /><F9/><W35/><G78/><N who="2" m="29737" /><F108/><W123/><G123/><T120/><D135/><U67/><E67/><N who="0" m="25673" /><D120/><U8/><E121/><V62/><F22/><W66/><G66/><T33/><D33/><U126/><E53/><N who="2" m="32047" /><F62/><W60/><G42/><T25/><D75/><U15/><E126/><N who="3" m="48746" /><G54/><T2/><D72/><U94/><E113/><V104/><F104/><W40/><G60/><T0/><D0/><U28/><E85/><V46/><F46/><W61/><G61/><T23/><D2/><U73/><E73/><V16/><F16/><W17/><G17/><T70/><D70/><U110/><E110/><V34/><F34/><W115/><G115/><T99/><D23/><U109/><E109/><V48/><F48/><W36/><G41/><T10/><D10/><U77/><E77/><V21/><F21/><W86/><G38/><T43/><D43/><U132/><E132/><V105/><F105/><W130/><G47/><T50/><D50/><U45/><E45/><V59/><F59/><W57/><G57/><T44/><D44/><U31/><E32/><V56/><F56/><W134/><G134/><T129/><D129/><U74/><E74/><V11/><F11/><W111/><G40/><T14/><D131/><U87/><E87/><V133/><F133/><W96/><G130/><T27/><D128/><U52/><E52/><V55/><F55/><W19/><G36/><T112/><D112/><U107/><E107/><V122/><F122/><RYUUKYOKU ba="0,0" sc="293,-15,218,15,228,15,261,-15" hai1="3,6,8,12,15,28,30,31,94,95" hai2="81,84,89,98" /><INIT seed="8,1,0,0,4,53" ten="278,233,243,246" oya="0" hai0="14,130,55,25,49,73,88,76,11,13,118,62,119" hai1="68,56,64,48,89,39,27,120,10,30,115,54,43" hai2="78,86,84,60,112,31,3,18,100,34,20,50,59" hai3="19,36,94,38,110,134,104,71,97,1,90,23,67"/><T65/><D76/><U22/><E115/><V101/><F3/><W132/><G1/><T37/><D37/><U126/><E126/><V42/><F34/><W17/><G104/><T32/><D73/><U133/><E133/><N who="3" m="51306" /><G110/><T45/><D130/><U92/><E120/><V33/><F31/><W103/><G19/><T79/><D79/><U52/><E10/><V87/><F78/><W77/><G77/><T72/><D72/><U93/><E39/><V57/><F33/><W114/><G114/><T131/><D131/><U51/><E43/><V6/><F6/><W61/><G103/><N who="2" m="39497" /><F60/><W99/><G99/><T9/><D9/><U63/><REACH who="1" step="1"/><E89/><REACH who="1" ten="278,223,243,246" step="2"/><V21/><F112/><W113/><G113/><T8/><D8/><U26/><E26/><AGARI ba="1,1" hai="17,23,26,36,38,61,67,71,90,94,97" m="51306" machi="26" ten="30,1000,0" yaku="20,1" doraHai="53" who="3" fromWho="1" sc="278,0,223,-13,243,0,246,23" /><INIT seed="9,0,0,5,1,43" ten="278,210,243,269" oya="1" hai0="94,109,55,120,58,99,12,18,93,111,78,14,117" hai1="29,54,105,60,6,122,96,2,37,4,34,135,1" hai2="32,90,7,25,92,118,63,127,19,72,68,59,64" hai3="73,46,47,56,134,129,124,119,10,81,30,3,9"/><U130/><E122/><V86/><F72/><W107/><G107/><T88/><D117/><U87/><E37/><V22/><F127/><W50/><G119/><T89/><D120/><U113/><E113/><V11/><F118/><W133/><G124/><T41/><D41/><U26/><E135/><N who="3" m="51722" /><G30/><T100/><D78/><U17/><E130/><V28/><F68/><W40/><G56/><T65/><D65/><U131/><E131/><V74/><F74/><W33/><G33/><T27/><D111/><U132/><E87/><V0/><REACH who="2" step="1"/><F19/><REACH who="2" ten="278,210,233,269" step="2"/><W80/><G73/><T45/><D18/><U8/><E132/><V57/><F57/><W48/><G129/><T83/><D58/><U116/><E116/><V16/><F16/><W15/><G3/><T115/><D115/><U84/><E17/><V114/><F114/><W112/><G112/><T104/><D14/><U44/><E2/><V108/><F108/><W79/><G15/><T95/><D12/><U103/><E6/><V121/><F121/><W69/><G69/><T123/><D109/><U70/><E70/><V51/><F51/><W126/><G126/><T31/><D123/><U66/><E60/><V52/><F52/><N who="3" m="29719" /><G79/><T82/><D55/><U76/><E76/><V102/><F102/><W39/><G50/><T85/><D100/><U77/><E77/><V75/><F75/><W62/><G62/><T21/><D89/><U61/><E61/><V91/><F91/><W106/><G106/><T71/><D71/><U24/><E1/><V128/><F128/><W20/><G10/><T49/><D104/><N who="1" m="63591" /><E8/><V101/><F101/><RYUUKYOKU ba="0,1" sc="278,-10,210,-10,233,30,269,-10" hai2="0,7,11,22,25,28,32,59,63,64,86,90,92" /><INIT seed="10,1,1,0,1,19" ten="268,200,263,259" oya="2" hai0="36,48,117,57,26,15,79,77,132,115,31,70,135" hai1="7,100,46,42,131,38,11,124,87,110,127,82,9" hai2="111,44,103,56,27,6,96,83,43,93,18,63,76" hai3="120,0,55,61,5,80,71,62,16,1,113,97,78"/><V10/><F111/><W90/><G120/><T50/><D36/><U32/><E100/><V92/><F92/><W109/><G109/><T107/><D70/><U45/><E110/><V30/><F18/><W129/><G113/><T69/><D69/><U116/><E32/><V41/><F44/><W119/><G119/><T58/><D15/><U35/><E35/><V40/><F10/><W89/><G1/><T88/><D107/><U24/><E11/><V134/><F6/><W65/><G5/><T25/><D88/><N who="1" m="51319" /><E46/><V81/><F76/><W74/><G0/><T98/><D98/><U94/><E116/><V54/><REACH who="2" step="1"/><F134/><REACH who="2" ten="268,200,253,259" step="2"/><W21/><G78/><T22/><D117/><U123/><E94/><V52/><F52/><W114/><G55/><T91/><D79/><U106/><E106/><V118/><F118/><W112/><G114/><T102/><D77/><U59/><E123/><V37/><F37/><W34/><G112/><T53/><D115/><U122/><E122/><V4/><F4/><W39/><G39/><T17/><D135/><U105/><E105/><V12/><F12/><W108/><G108/><T14/><D14/><N who="1" m="5439" /><E24/><V67/><F67/><W13/><G65/><T85/><D26/><U51/><E131/><V47/><F47/><W104/><G129/><T66/><D132/><U20/><E20/><AGARI ba="1,2" hai="20,27,30,40,41,43,54,56,63,81,83,93,96,103" machi="20" ten="40,7700,0" yaku="1,1,8,1,52,1,53,0" doraHai="19" doraHaiUra="29" who="2" fromWho="1" sc="268,0,200,-80,253,100,259,0" owari="268,7.0,120,-38.0,353,45.0,259,-14.0" /></mjloggm>