<mjloggm ver="2.3"><GO type="41" lobby="0"/><UN n0="%E2%93%9D%53%75%70%68%78" n1="%E5%A4%8F%E7%A9%82%E3%81%AE%E5%A3%AE%E9%9A%BC%E3%81%AE%E6%97%A5%E3%80%85" n2="%54%54%54%54%46%46%46" n3="%E6%B0%B7%E4%BA%BA%E9%96%93" dan="18,14,14,13" rate="2072.87,1954.40,1826.36,1817.98" sx="M,M,M,M"/><TAIKYOKU oya="0"/><INIT seed="0,0,0,5,1,123" ten="250,250,250,250" oya="0" hai0="29,17,2,75,32,87,56,63,74,47,131,35,115" hai1="16,71,117,62,94,95,3,45,11,67,132,133,114" hai2="5,51,36,13,66,128,130,42,23,72,134,70,30" hai3="102,21,7,58,48,83,90,26,105,118,124,125,57"/><T28/><D115/><U69/><E117/><V18/><F134/><N who="1" m="51817" /><E3/><V10/><F72/><W81/><G118/><T31/><D2/><U68/><E45/><V127/><F36/><W22/><G7/><T120/><D120/><U61/><E114/><V99/><F127/><W92/><G102/><T8/><D131/><U43/><E43/><V80/><F80/><N who="3" m="30795" /><G105/><T113/><D113/><U107/><E107/><V111/><F99/><W91/><G48/><T110/><D47/><U116/><E116/><V12/><F30/><N who="3" m="17743" /><G22/><T49/><D49/><U96/><E67/><V106/><F106/><W76/><G76/><T25/><D35/><U40/><E40/><V55/><F42/><W135/><G135/><T34/><D34/><U82/><E82/><V108/><F66/><W20/><G20/><T129/><D32/><U9/><E16/><V101/><F101/><W122/><G122/><T41/><D17/><U79/><E79/><V37/><F70/><W121/><G91/><T97/><D41/><U89/><E95/><V0/><F0/><W85/><G121/><T38/><D75/><U53/><E69/><V50/><F37/><W60/><G125/><T52/><D38/><U33/><E71/><V103/><F103/><W86/><G124/><T84/><D74/><U1/><E68/><V46/><F51/><W73/><G73/><T112/><D112/><U98/><E33/><V65/><F65/><N who="3" m="39055" /><G58/><T6/><D56/><N who="1" m="34959" /><E1/><V27/><F27/><W109/><G85/><T104/><D87/><N who="1" m="52543" /><E62/><V64/><F64/><W19/><G19/><T4/><D63/><U119/><E119/><RYUUKYOKU ba="0,0" sc="250,-30,250,10,250,10,250,10" hai1="9,11,96,98" hai2="5,10,12,13,18,23,46,50,55,108,111,128,130" hai3="86,90,92,109" /><INIT seed="1,1,0,5,2,20" ten="220,260,260,260" oya="1" hai0="79,63,115,73,61,19,107,42,45,86,88,18,89" hai1="13,98,52,64,21,118,23,101,135,122,100,9,127" hai2="74,49,82,34,33,65,32,90,5,81,117,112,60" hai3="31,103,66,93,39,134,43,17,35,48,126,83,22"/><U133/><E122/><V12/><F117/><W27/><G126/><T4/><D107/><U111/><E64/><V57/><F74/><W55/><G134/><N who="1" m="51210" /><E118/><V109/><F109/><W0/><G0/><T47/><D73/><U15/><E127/><V123/><F123/><W70/><G83/><T72/><D72/><U41/><E41/><V108/><F108/><W28/><G39/><T85/><D42/><U2/><E2/><V44/><F90/><W104/><G104/><T50/><D50/><U95/><E101/><V25/><F25/><W116/><G116/><T121/><D121/><U110/><E52/><V1/><F1/><W78/><G43/><T11/><D11/><U51/><E51/><V58/><F57/><W7/><G70/><T3/><D3/><U37/><E37/><V40/><REACH who="2" step="1"/><F112/><REACH who="2" ten="220,260,250,260" step="2"/><W106/><G103/><T54/><D115/><U75/><E111/><V113/><F113/><W128/><G128/><T120/><D120/><U84/><E75/><V99/><F99/><W80/><G78/><T125/><D125/><U130/><E110/><V8/><AGARI ba="1,1" hai="5,8,12,32,33,34,40,44,49,58,60,65,81,82" machi="8" ten="40,2700,0" yaku="1,1,0,1,53,0" doraHai="20" doraHaiUra="129" who="2" fromWho="2" sc="220,-8,260,-14,250,40,260,-8" /><INIT seed="2,0,0,0,4,110" ten="212,246,290,252" oya="2" hai0="95,55,71,117,90,54,46,114,19,10,41,33,72" hai1="6,50,47,98,79,81,2,11,14,107,116,130,17" hai2="125,113,100,7,133,4,83,115,61,39,28,77,63" hai3="31,3,30,135,112,73,69,103,23,12,18,121,44"/><V40/><F100/><W48/><G69/><T20/><D33/><U82/><E116/><V122/><F28/><W128/><G73/><T8/><D72/><U45/><E130/><V91/><F91/><W59/><G121/><T124/><D71/><U123/><E123/><V16/><F122/><W131/><G3/><T9/><D124/><U42/><E47/><V24/><F133/><W35/><G35/><T104/><D104/><U62/><E62/><V84/><F40/><W109/><G109/><T0/><D114/><U38/><E50/><V105/><F105/><W108/><G108/><T13/><D0/><U53/><E53/><V126/><F39/><W129/><G135/><T5/><D5/><U52/><E52/><V119/><F119/><W89/><G103/><T49/><REACH who="0" step="1"/><D117/><REACH who="0" ten="202,246,290,252" step="2"/><U57/><E107/><V36/><F7/><W102/><G112/><N who="2" m="43081" /><F4/><W43/><G131/><T51/><D51/><U58/><E6/><V1/><F1/><W106/><G129/><T94/><D94/><U70/><E2/><V92/><F92/><W65/><G128/><T87/><AGARI ba="0,1" hai="8,9,10,13,19,20,41,46,49,54,55,87,90,95" machi="87" ten="30,4000,0" yaku="1,1,0,1,8,1,53,0" doraHai="110" doraHaiUra="75" who="0" fromWho="0" sc="202,50,246,-10,290,-20,252,-10" /><INIT seed="3,0,0,5,3,83" ten="252,236,270,242" oya="3" hai0="27,103,71,6,135,90,131,130,66,59,58,49,84" hai1="115,132,129,16,101,30,60,122,32,102,14,22,37" hai2="107,64,99,97,116,81,117,25,74,125,3,55,47" hai3="43,61,28,35,8,57,105,86,24,17,34,40,96"/><W126/><G126/><T118/><D118/><U67/><E122/><V4/><F64/><W31/><G35/><T75/><D75/><U78/><E115/><V73/><F25/><W82/><G31/><T93/><D135/><U113/><E113/><V18/><F18/><W114/><G114/><T104/><D6/><U41/><E78/><V50/><F4/><W100/><G17/><T12/><D12/><U89/><E132/><V134/><F3/><W13/><G13/><T110/><D110/><U69/><E129/><N who="0" m="49161" /><D49/><U79/><E79/><V33/><F33/><W106/><G8/><T76/><D76/><U56/><E69/><V38/><F38/><W48/><G48/><T39/><D39/><U52/><E37/><V29/><F29/><W9/><G9/><T70/><D27/><U45/><E41/><V20/><F47/><W121/><G106/><T44/><D44/><U124/><E124/><V94/><F107/><W92/><G105/><T7/><D7/><U88/><E32/><V128/><F50/><W111/><G111/><T1/><D1/><U112/><E30/><V2/><F2/><W53/><G121/><T87/><D71/><U127/><E127/><V65/><F125/><W80/><REACH who="3" step="1"/><G80/><REACH who="3" ten="252,236,270,232" step="2"/><T123/><D123/><U68/><E112/><V119/><F81/><W36/><G36/><T95/><D104/><U54/><E45/><V109/><F134/><W51/><G51/><T62/><D103/><N who="1" m="39435" /><E68/><V19/><F109/><W21/><G21/><T98/><D95/><U5/><E5/><V10/><F128/><W42/><G42/><T108/><D108/><RYUUKYOKU ba="0,1" sc="252,10,236,10,270,-30,232,10" hai0="58,59,62,66,70,84,87,90,93,98" hai1="14,16,22,52,54,56,60,67,88,89" hai3="24,28,34,40,43,53,57,61,82,86,92,96,100" /><INIT seed="3,1,1,5,2,14" ten="262,246,240,242" oya="3" hai0="116,94,127,31,48,132,32,50,74,9,66,102,60" hai1="24,20,123,90,86,99,100,87,33,55,121,76,12" hai2="8,122,4,47,101,84,23,81,125,43,7,80,79" hai3="133,95,30,59,110,52,107,1,36,131,114,27,119"/><W118/><G114/><T75/><D116/><U42/><E42/><V113/><F125/><W126/><G107/><T41/><D127/><U51/><E33/><V115/><F122/><W35/><G126/><T3/><D132/><U111/><E111/><V21/><F7/><W25/><G1/><T45/><D50/><U135/><E135/><V83/><F101/><W61/><G36/><T17/><D31/><U19/><E76/><V39/><F113/><W18/><G133/><T71/><D32/><U54/><E54/><V44/><F47/><W40/><G40/><T49/><D49/><U104/><E24/><V120/><F81/><W72/><G72/><T53/><D3/><U77/><E77/><V89/><F120/><W15/><G27/><T65/><D65/><U112/><E87/><V96/><F96/><W63/><G131/><T97/><D41/><U108/><E108/><V105/><F105/><W73/><G73/><T91/><D102/><U2/><E2/><V129/><F129/><W10/><G110/><T93/><D93/><U34/><E34/><V38/><F39/><W29/><G29/><T62/><D62/><U57/><REACH who="1" step="1"/><E112/><REACH who="1" ten="262,236,240,242" step="2"/><V68/><F115/><W88/><G63/><T56/><D75/><U98/><E98/><AGARI ba="1,2" hai="10,15,18,25,30,35,52,59,61,88,95,98,118,119" machi="98" ten="30,11600,0" yaku="7,1,52,1,54,2" doraHai="14" who="3" fromWho="1" sc="262,0,236,-119,240,0,242,139" /><INIT seed="3,2,0,1,1,72" ten="262,117,240,381" oya="3" hai0="125,112,134,5,111,53,4,14,68,119,61,8,106" hai1="49,97,7,66,30,52,16,19,3,88,81,104,76" hai2="65,94,57,124,74,90,127,96,25,77,78,13,10" hai3="86,122,28,22,37,108,34,93,58,27,18,32,41"/><W31/><G122/><T51/><D119/><U133/><E30/><V135/><F25/><W128/><G128/><T85/><D106/><U60/><E3/><V102/><F135/><W95/><G37/><T98/><D111/><U126/><E7/><V59/><F74/><W91/><G41/><T17/><D125/><N who="2" m="48202" /><F102/><W131/><G131/><T44/><D112/><U15/><E126/><V99/><F96/><W129/><G129/><T39/><D39/><U55/><E133/><V20/><F20/><W117/><G117/><T114/><D114/><U105/><E105/><V120/><F120/><W71/><G71/><T92/><D134/><U101/><E88/><N who="2" m="55751" /><F65/><W83/><G108/><T64/><REACH who="0" step="1"/><D85/><REACH who="0" ten="252,117,240,381" step="2"/><U100/><E100/><AGARI ba="2,1" hai="4,5,8,14,17,44,51,53,61,64,68,92,98,100" machi="100" ten="30,3900,0" yaku="1,1,2,1,7,1,53,0" doraHai="72" doraHaiUra="110" who="0" fromWho="1" sc="252,55,117,-45,240,0,381,0" /><INIT seed="4,0,0,2,2,25" ten="307,72,240,381" oya="0" hai0="34,10,109,6,135,40,7,92,96,108,122,110,87" hai1="126,97,27,57,128,78,113,111,82,81,35,131,67" hai2="106,105,26,101,9,127,15,22,117,52,56,51,48" hai3="37,114,21,49,94,23,33,76,86,120,125,84,60"/><T47/><D122/><U28/><E113/><V41/><F127/><W98/><G37/><T75/><D75/><U65/><E111/><V93/><F117/><W53/><G33/><T13/><D135/><U0/><E0/><V71/><F71/><W30/><G114/><T134/><D134/><U14/><E126/><V36/><F36/><W59/><G125/><T103/><D34/><U18/><E97/><V70/><F70/><W95/><G95/><T116/><D87/><U42/><E42/><V63/><F105/><W88/><G120/><T1/><D116/><U46/><E46/><V123/><F106/><W107/><G107/><T8/><REACH who="0" step="1"/><D110/><REACH who="0" ten="297,72,240,381" step="2"/><U62/><E67/><V55/><F123/><W121/><G121/><T74/><D74/><U31/><E31/><V38/><F38/><AGARI ba="0,1" hai="1,6,7,8,10,13,38,40,47,92,96,103,108,109" machi="38" ten="40,3900,0" yaku="1,1,53,1" doraHai="25" doraHaiUra="39" who="0" fromWho="2" sc="297,49,72,0,240,-39,381,0" /><INIT seed="4,1,0,0,1,45" ten="346,72,201,381" oya="0" hai0="88,44,116,8,123,99,65,52,134,42,6,48,119" hai1="54,86,103,33,105,50,73,92,36,104,112,83,34" hai2="38,84,47,21,35,37,93,87,63,106,108,31,39" hai3="126,80,102,3,132,133,15,51,1,131,16,76,13"/><T64/><D123/><U0/><E0/><V58/><F106/><W130/><G102/><T12/><D134/><N who="3" m="51817" /><G126/><T110/><D110/><U55/><E36/><V56/><F35/><W18/><G80/><T43/><D119/><U61/><E112/><V109/><F47/><W118/><G76/><T94/><D116/><U5/><E5/><V7/><F7/><W4/><G51/><N who="0" m="27031" /><D43/><U26/><E73/><V25/><F93/><W117/><G118/><T79/><D79/><U98/><E61/><V111/><REACH who="2" step="1"/><F63/><REACH who="2" ten="346,72,191,381" step="2"/><W53/><G117/><T29/><D29/><U40/><E104/><V19/><F19/><W91/><G18/><T97/><D97/><U60/><E105/><V95/><F95/><W135/><G16/><T78/><D78/><U49/><E34/><V68/><F68/><W77/><G135/><T2/><D2/><U74/><E33/><V57/><AGARI ba="1,1" hai="21,25,31,37,38,39,56,57,58,84,87,108,109,111" machi="57" ten="50,12000,2" yaku="1,1,0,1,29,2,53,3" doraHai="45" doraHaiUra="120" who="2" fromWho="2" sc="346,-61,72,-31,191,133,381,-31" /><INIT seed="5,0,0,3,1,28" ten="285,41,324,350" oya="1" hai0="29,55,2,3,14,8,38,88,73,69,66,30,41" hai1="98,68,84,123,9,6,67,33,34,110,131,19,51" hai2="122,91,114,85,101,126,61,74,100,94,87,62,36" hai3="44,7,107,48,5,78,111,76,96,129,135,21,130"/><U40/><E123/><V46/><F74/><W16/><G111/><T109/><D109/><U83/><E131/><N who="3" m="50186" /><G96/><T75/><D55/><U22/><E110/><V1/><F1/><W65/><G65/><T17/><D41/><U0/><E98/><V106/><F36/><W23/><G107/><T124/><D124/><U31/><E67/><V53/><F106/><W132/><G78/><T134/><D134/><N who="3" m="51241" /><G76/><T102/><D102/><U108/><E68/><V115/><F122/><W57/><G57/><T42/><D75/><U133/><E133/><V12/><F126/><W97/><G21/><T105/><D73/><U49/><E108/><V20/><F87/><W52/><G97/><T112/><D105/><U95/><E95/><V56/><F61/><W72/><G72/><T113/><D66/><U92/><E92/><V63/><F63/><W104/><G104/><T82/><D69/><U26/><E40/><V47/><F12/><AGARI ba="0,0" hai="5,7,12,16,23,44,48,52" m="51241,50186" machi="12" ten="30,7700,0" yaku="19,1,20,1,54,2" doraHai="28" who="3" fromWho="2" sc="285,0,41,0,324,-77,350,77" /><INIT seed="6,0,0,2,4,56" ten="285,41,247,427" oya="2" hai0="9,7,38,129,11,16,102,65,120,63,62,22,39" hai1="113,92,70,33,21,73,15,95,20,80,118,13,83" hai2="67,69,29,18,130,58,23,96,99,4,110,84,94" hai3="81,59,5,119,86,97,3,107,105,47,17,122,109"/><V45/><F69/><W131/><G109/><T79/><D120/><U123/><E70/><V37/><F4/><W8/><G119/><T64/><D129/><U71/><E71/><V125/><F29/><W76/><G122/><T133/><D102/><U124/><E123/><V116/><F116/><W35/><G35/><T34/><D34/><U0/><E118/><V1/><F1/><W104/><G131/><T91/><D79/><U6/><E113/><V28/><F28/><W41/><G59/><T52/><D133/><U53/><E33/><V106/><F130/><W30/><G17/><T40/><D40/><U78/><E124/><V135/><F84/><W68/><G68/><T74/><D74/><U14/><E6/><V42/><F125/><W98/><G30/><T126/><D126/><U108/><E0/><V24/><F135/><W44/><G44/><T60/><D39/><U128/><E108/><V134/><F134/><W31/><G31/><T10/><D38/><U89/><E128/><V85/><F110/><W46/><G46/><T87/><D52/><U2/><E2/><V103/><F85/><W49/><AGARI ba="0,0" hai="3,5,8,41,47,49,76,81,86,97,98,104,105,107" machi="49" ten="30,1100,0" yaku="0,1" doraHai="56" who="3" fromWho="3" sc="285,-3,41,-3,247,-5,427,11" /><INIT seed="7,0,0,5,1,14" ten="282,38,242,438" oya="3" hai0="65,66,55,75,82,8,121,115,26,38,73,83,51" hai1="53,94,46,93,126,41,105,111,131,59,0,68,15" hai2="33,96,11,70,124,102,107,103,13,128,4,130,57" hai3="120,3,117,125,85,133,63,74,48,34,32,79,119"/><W49/><G120/><T95/><D121/><U21/><E105/><V92/><F70/><W43/><G3/><T22/><D38/><U135/><E111/><V89/><F33/><W30/><G74/><T25/><D8/><U132/><E68/><V127/><F57/><W31/><G79/><T91/><D115/><U17/><E0/><V24/><F24/><W29/><G125/><T84/><D75/><U56/><E126/><V129/><REACH who="2" step="1"/><F103/><REACH who="2" ten="282,38,232,438" step="2"/><W98/><G34/><T42/><D26/><U118/><E118/><V122/><F122/><W50/><G32/><T54/><D25/><U12/><E131/><V99/><AGARI ba="0,1" hai="4,11,13,89,92,96,99,102,107,124,127,128,129,130" machi="99" ten="40,5200,0" yaku="1,1,0,1,19,1,53,0" doraHai="14" doraHaiUra="108" who="2" fromWho="2" sc="282,-13,38,-13,232,62,438,-26" owari="269,-13.0,25,-47.0,294,9.0,412,51.0" /></mjloggm>