<mjloggm ver="2.3"><GO type="41" lobby="0"/><UN n0="%6E%75%75%38" n1="%E2%93%9D%53%75%70%68%78" n2="%68%68%35%31%30%6B" n3="%6B%69%6E%67%66%69%73%68" dan="13,17,13,14" rate="1866.95,2002.78,1809.13,1904.06" sx="M,M,M,M"/><TAIKYOKU oya="0"/><INIT seed="0,0,0,5,5,101" ten="250,250,250,250" oya="0" hai0="121,69,76,6,9,58,47,87,55,49,88,79,85" hai1="75,12,110,65,51,20,27,98,111,43,109,89,45" hai2="117,68,130,25,105,50,5,13,106,115,113,0,97" hai3="10,63,131,48,119,56,16,92,120,100,91,46,24"/><T83/><D69/><U11/><E75/><V107/><F68/><W116/><G120/><T22/><D22/><U35/><E35/><V102/><F13/><W73/><G131/><T59/><D121/><U33/><E33/><V108/><F130/><W126/><G73/><T44/><D44/><U80/><E65/><V19/><F50/><W74/><G74/><T60/><D59/><U82/><E89/><V127/><F19/><W134/><G134/><T66/><REACH who="0" step="1"/><D87/><REACH who="0" ten="240,250,250,250" step="2"/><U122/><E122/><V72/><F72/><W61/><G119/><T78/><D78/><U40/><E40/><V31/><F117/><W15/><G116/><T93/><D93/><U112/><E43/><V77/><F77/><W26/><G126/><T28/><D28/><U71/><E71/><V124/><F108/><W70/><G70/><T90/><D90/><U95/><E111/><V118/><F118/><W17/><G56/><T41/><D41/><U32/><E110/><V62/><F115/><W125/><G125/><N who="2" m="48201" /><F113/><W14/><G91/><T128/><D128/><U18/><E112/><V84/><F84/><W39/><G92/><T38/><D38/><U114/><E109/><V67/><F31/><W57/><G39/><T99/><D99/><U94/><E98/><V133/><F133/><W86/><G57/><T123/><D123/><U37/><E37/><V21/><F21/><W23/><G86/><T7/><D7/><N who="1" m="3199" /><E114/><V135/><F135/><W129/><G129/><T96/><D96/><U42/><E32/><V4/><F97/><W1/><G23/><T2/><AGARI ba="0,1" hai="2,6,9,47,49,55,58,60,66,76,79,83,85,88" machi="2" ten="20,7800,0" yaku="1,1,0,1,7,1,54,1,53,0" doraHai="101" doraHaiUra="30" who="0" fromWho="0" sc="240,88,250,-26,250,-26,250,-26" /><INIT seed="0,1,0,0,3,97" ten="328,224,224,224" oya="0" hai0="41,30,5,101,31,130,70,121,122,76,2,13,3" hai1="94,20,86,126,58,38,90,75,71,95,50,61,19" hai2="17,83,55,39,103,40,104,66,82,106,89,107,85" hai3="36,128,69,113,93,80,43,45,132,53,131,112,116"/><T4/><D70/><U8/><E126/><V15/><F66/><W23/><G93/><T7/><D76/><U114/><E38/><V18/><F39/><W67/><G80/><T81/><D81/><U34/><E34/><V54/><F82/><W14/><G23/><T49/><D130/><N who="3" m="49705" /><G14/><T62/><D62/><U37/><E114/><N who="3" m="44138" /><G116/><T28/><D49/><U51/><E51/><V21/><F40/><W9/><G9/><T133/><D41/><U73/><E95/><V11/><REACH who="2" step="1"/><F103/><REACH who="2" ten="328,224,214,224" step="2"/><W42/><G42/><T12/><D101/><U110/><E37/><V63/><F63/><N who="3" m="40191" /><G53/><T64/><D64/><U98/><E61/><V92/><F92/><W33/><G33/><T59/><D133/><AGARI ba="1,1" hai="36,43,45,132,133" m="40191,44138,49705" machi="133" ten="40,8000,1" yaku="19,1,23,1,34,2" doraHai="97" who="3" fromWho="0" sc="328,-83,224,0,214,0,224,93" /><INIT seed="1,0,0,1,4,3" ten="245,224,214,317" oya="1" hai0="126,134,122,35,8,130,25,119,121,99,89,56,51" hai1="45,58,78,87,2,31,13,107,117,19,71,46,81" hai2="11,90,105,10,77,109,47,62,38,100,85,65,68" hai3="110,104,60,106,97,30,40,127,54,1,49,52,108"/><U114/><E114/><V124/><F109/><N who="3" m="42091" /><G127/><T86/><D126/><U103/><E2/><V74/><F124/><W28/><G1/><T36/><D119/><U67/><E71/><V17/><F105/><W132/><G132/><T26/><D36/><U7/><E31/><N who="3" m="11818" /><G97/><T76/><D35/><U135/><E117/><V39/><F100/><W111/><N who="3" m="42099" /><W102/><DORA hai="9" /><G102/><T83/><D130/><U55/><E67/><V80/><F38/><W15/><G15/><T120/><D134/><U95/><E107/><N who="3" m="41002" /><G60/><T43/><D8/><N who="1" m="4255" /><E135/><V72/><F74/><W32/><G32/><T88/><D99/><N who="1" m="59903" /><E19/><V22/><F39/><W6/><G6/><T112/><D112/><U34/><E34/><V125/><F47/><AGARI ba="0,0" hai="40,47,49,52,54" m="41002,11818,42099" machi="47" ten="50,3200,0" yaku="14,1,54,1" doraHai="3,9" who="3" fromWho="2" sc="245,0,224,0,214,-32,317,32" /><INIT seed="2,0,0,4,2,46" ten="245,224,182,349" oya="2" hai0="29,113,52,43,64,105,121,129,92,87,135,104,0" hai1="56,127,4,75,117,47,6,1,48,14,90,71,24" hai2="66,134,98,44,53,86,10,30,76,83,41,51,65" hai3="94,84,35,62,37,20,97,114,116,72,108,99,26"/><V81/><F134/><W69/><G116/><T112/><D121/><U15/><E71/><V22/><F98/><W82/><G37/><T131/><D0/><U23/><E75/><V67/><F81/><W68/><G72/><T12/><D64/><U13/><E1/><V106/><F106/><W11/><G35/><T45/><D29/><U27/><E127/><V42/><F30/><W59/><G114/><T50/><D135/><U124/><E124/><V89/><F22/><W132/><G108/><T16/><D43/><U102/><E102/><V100/><F100/><W49/><G11/><T32/><D32/><U60/><E90/><V85/><F86/><W19/><G99/><T115/><D92/><U91/><E91/><V95/><F95/><W118/><G118/><T9/><REACH who="0" step="1"/><D87/><REACH who="0" ten="235,224,182,349" step="2"/><U18/><E117/><V33/><F33/><W128/><G132/><T34/><D34/><U58/><E6/><V36/><F36/><W133/><G133/><T70/><D70/><U80/><E4/><V73/><F73/><W63/><G69/><T122/><D122/><U130/><E80/><V110/><F110/><W119/><G68/><T5/><D5/><U38/><E38/><V77/><F42/><W96/><G119/><T7/><D7/><U57/><E130/><AGARI ba="0,1" hai="9,12,16,45,50,52,104,105,112,113,115,129,130,131" machi="130" ten="50,8000,1" yaku="1,1,19,1,52,1,54,2,53,0" doraHai="46" doraHaiUra="74" who="0" fromWho="1" sc="235,90,224,-80,182,0,349,0" /><INIT seed="3,0,0,2,0,4" ten="325,144,182,349" oya="3" hai0="116,60,77,112,133,34,101,61,91,79,122,41,84" hai1="130,132,32,50,80,93,37,1,27,105,121,108,134" hai2="81,113,23,115,54,90,65,129,15,38,104,36,103" hai3="128,117,118,135,53,98,94,96,21,123,33,45,76"/><W48/><G123/><T114/><D34/><U7/><E50/><V99/><F129/><W66/><G33/><T59/><D122/><U22/><E93/><V71/><F71/><W78/><G128/><T89/><D41/><U30/><E80/><V19/><F65/><W107/><G135/><N who="1" m="51754" /><E105/><V67/><F67/><W46/><G66/><T35/><D35/><U6/><E37/><V17/><F38/><W40/><G107/><T25/><D25/><N who="1" m="18511" /><E130/><V68/><F36/><W14/><G117/><T75/><D59/><U52/><E52/><V5/><F68/><W44/><G118/><T57/><D133/><U43/><E43/><V83/><F54/><W92/><G96/><T110/><D57/><U88/><E88/><V29/><F90/><N who="3" m="55575" /><G94/><T82/><D116/><U63/><E63/><V85/><F85/><W24/><G14/><T56/><D56/><U70/><E70/><V16/><F83/><W51/><G45/><T18/><D101/><U58/><E58/><V124/><F81/><W20/><G20/><T74/><D84/><U12/><E121/><V86/><F86/><W120/><G120/><T106/><D106/><U8/><E108/><V3/><F104/><W28/><AGARI ba="0,0" hai="21,24,28,40,44,46,48,51,53,76,78" m="55575" machi="28" ten="30,1500,0" yaku="8,1" doraHai="4" who="3" fromWho="3" sc="325,-5,144,-5,182,-5,349,15" /><INIT seed="3,1,0,1,5,45" ten="320,139,177,364" oya="3" hai0="20,115,72,93,63,125,26,124,132,95,101,91,60" hai1="133,122,59,71,36,47,66,99,9,14,69,43,97" hai2="111,109,134,40,94,31,96,6,22,117,3,8,27" hai3="75,46,56,85,123,119,87,127,78,17,38,106,25"/><W52/><G119/><T39/><D72/><U126/><E122/><V65/><F117/><W110/><G123/><T81/><D39/><U32/><E32/><V83/><F134/><W41/><G106/><T76/><D132/><U35/><E35/><V113/><F113/><W116/><G116/><T0/><D0/><U61/><E126/><N who="0" m="48745" /><D101/><U10/><E10/><V73/><F73/><W49/><G127/><T82/><D95/><U48/><E133/><V15/><F83/><N who="0" m="31754" /><D76/><U24/><E24/><V12/><F40/><W80/><G110/><N who="2" m="41993" /><F65/><W50/><G38/><T70/><D70/><U21/><E71/><V16/><F96/><W131/><G131/><T1/><D1/><U13/><E36/><V30/><F94/><W5/><G5/><T58/><D58/><U57/><E57/><V98/><F98/><W102/><G102/><T37/><D37/><U44/><E69/><V105/><F105/><W62/><G62/><T112/><D115/><U54/><E99/><V108/><F108/><W88/><G88/><T4/><D4/><U64/><E97/><V118/><F118/><W84/><G75/><T67/><D67/><U103/><E103/><V34/><F31/><W86/><G87/><N who="0" m="52479" /><D112/><U120/><E120/><V29/><F29/><AGARI ba="1,0" hai="20,26,29,60,63" m="52479,31754,48745" machi="29" ten="30,1000,0" yaku="18,1" doraHai="45" who="0" fromWho="2" sc="320,13,139,0,177,-13,364,0" /><INIT seed="4,0,0,1,4,106" ten="333,139,164,364" oya="0" hai0="82,79,4,125,113,69,77,98,5,12,33,128,49" hai1="78,41,10,26,134,35,1,92,9,36,109,30,120" hai2="133,117,17,132,61,70,38,100,15,63,93,55,124" hai3="94,21,62,102,32,19,105,112,135,121,66,114,14"/><T20/><D69/><U104/><E120/><V84/><F38/><W99/><G135/><T88/><D33/><U101/><E92/><V127/><F100/><W73/><G94/><T108/><D113/><N who="3" m="43625" /><G32/><T0/><D0/><U40/><E109/><V48/><F93/><W122/><G73/><T59/><D125/><N who="2" m="48202" /><F84/><W16/><G19/><T75/><D79/><U65/><E134/><N who="2" m="51819" /><F17/><W46/><G46/><T29/><D98/><U89/><E101/><V91/><F15/><W81/><G81/><T28/><D28/><U47/><E30/><V80/><F91/><W83/><G83/><T130/><D88/><U111/><E89/><V24/><F24/><W131/><G122/><T45/><D29/><U58/><E26/><V31/><F80/><W115/><G121/><T34/><D34/><U43/><E35/><V57/><F31/><W85/><G85/><T110/><D20/><U67/><E104/><V51/><F117/><W54/><G115/><T96/><D96/><U64/><E78/><V27/><F27/><W116/><G116/><T42/><D12/><U126/><E126/><V7/><F7/><W8/><G102/><T6/><D110/><U53/><E111/><V50/><F50/><W118/><G99/><T72/><D108/><U97/><E97/><V74/><F74/><W123/><G118/><T87/><D87/><U95/><E95/><V44/><F70/><W71/><G123/><T3/><D75/><U76/><E76/><V129/><F129/><N who="0" m="49770" /><D3/><U13/><E1/><V2/><F2/><W37/><G131/><T103/><D103/><U107/><E13/><RYUUKYOKU ba="0,0" sc="333,15,139,-15,164,15,364,-15" hai0="4,5,6,42,45,49,59,72,77,82" hai2="44,48,51,55,57,61,63" /><INIT seed="4,1,0,4,3,82" ten="348,124,179,349" oya="0" hai0="117,90,65,130,20,25,81,70,92,129,73,19,11" hai1="15,43,71,128,67,46,99,45,12,47,36,132,24" hai2="56,87,4,106,101,16,51,72,0,86,121,31,111" hai3="54,122,77,133,17,109,23,113,114,83,34,98,66"/><T126/><D117/><U55/><E15/><V62/><F121/><W59/><G109/><T127/><D70/><U115/><E12/><V22/><F72/><W75/><G34/><T13/><D65/><U64/><E99/><V110/><F106/><W69/><G122/><T131/><D73/><U33/><E24/><V35/><F101/><W38/><G38/><T107/><D81/><U6/><E6/><V5/><F111/><W102/><G133/><T123/><D107/><U60/><E33/><V124/><F110/><W52/><G69/><T57/><D57/><N who="1" m="34879" /><E128/><V93/><F124/><W21/><G66/><N who="1" m="25130" /><E115/><N who="3" m="44042" /><G54/><T9/><D123/><U79/><E79/><V68/><F35/><W97/><G17/><T53/><D53/><U103/><E103/><V61/><F31/><W2/><G2/><T49/><D49/><N who="1" m="26815" /><E132/><V118/><F118/><W80/><G80/><T8/><D13/><U44/><E71/><V41/><F68/><W40/><G102/><T94/><D94/><U14/><E14/><N who="2" m="9495" /><F93/><W7/><G7/><N who="2" m="2633" /><F0/><W125/><G125/><T76/><D76/><U37/><AGARI ba="1,0" hai="36,37,44,46,47" m="26815,25130,34879" machi="37" ten="30,8000,1" yaku="35,5" doraHai="82" who="1" fromWho="1" sc="348,-41,124,83,179,-21,349,-21" /><INIT seed="5,0,0,2,5,66" ten="307,207,158,328" oya="1" hai0="102,55,116,92,14,24,93,108,56,59,45,117,130" hai1="38,134,32,42,113,60,8,79,84,123,0,48,94" hai2="133,88,83,75,96,6,33,115,61,111,121,35,109" hai3="41,71,101,135,80,28,98,49,114,122,5,19,22"/><U40/><E123/><V70/><F121/><W29/><G114/><T82/><D130/><U126/><E32/><V44/><F115/><W11/><G122/><T128/><D108/><U50/><E113/><V85/><F133/><W31/><G71/><T69/><D128/><U51/><E38/><V36/><F6/><W99/><G135/><T131/><D131/><U57/><E126/><V53/><F96/><W46/><G80/><T10/><D24/><U100/><E0/><V106/><F75/><W68/><G68/><T1/><D1/><U16/><E79/><V43/><F106/><W26/><REACH who="3" step="1"/><G101/><REACH who="3" ten="307,207,158,318" step="2"/><T15/><D69/><U37/><E134/><V77/><F111/><W72/><G72/><T112/><D102/><U81/><E100/><V91/><F109/><W12/><AGARI ba="0,1" hai="5,11,12,19,22,26,28,29,31,41,46,49,98,99" machi="12" ten="30,4000,0" yaku="1,1,0,1,8,1,53,0" doraHai="66" doraHaiUra="103" who="3" fromWho="3" sc="307,-10,207,-20,158,-10,318,50" /><INIT seed="6,0,0,3,3,58" ten="297,187,148,368" oya="2" hai0="116,64,17,59,20,117,85,76,130,57,13,7,87" hai1="25,3,133,18,30,129,93,100,9,29,53,40,84" hai2="135,1,44,88,27,101,97,49,14,31,119,12,99" hai3="127,121,65,126,113,37,112,32,114,24,55,71,94"/><V106/><F1/><W15/><G55/><T35/><D35/><U73/><E73/><V51/><F119/><W110/><G15/><T68/><D68/><U96/><E129/><V19/><F135/><W111/><G94/><T122/><D122/><U98/><E40/><V39/><F39/><W50/><G50/><T46/><D46/><U128/><E128/><V132/><F132/><W118/><G37/><T8/><D130/><U95/><E84/><V28/><F28/><W60/><G118/><N who="0" m="45675" /><D57/><U108/><E108/><N who="3" m="41514" /><G121/><T43/><D43/><U22/><E133/><V90/><F99/><W45/><G45/><T48/><D76/><U66/><E53/><V91/><F19/><W125/><G24/><T36/><D36/><U124/><E124/><V89/><N who="2" m="22528" /><DORA hai="78" /><V107/><F107/><W21/><G21/><T67/><D48/><U102/><E66/><N who="0" m="25129" /><D59/><U92/><E92/><V81/><F81/><W26/><G26/><AGARI ba="0,0" hai="7,8,13,17,20,26,85,87" m="25129,45675" machi="26" ten="30,1000,0" yaku="12,1" doraHai="58,78" who="0" fromWho="3" sc="297,10,187,0,148,0,368,-10" /><INIT seed="7,0,0,0,1,6" ten="307,187,148,358" oya="3" hai0="16,134,39,91,103,60,3,42,28,40,92,130,69" hai1="65,35,132,22,109,93,47,129,81,74,13,50,12" hai2="98,72,61,51,23,96,120,9,115,79,36,66,100" hai3="5,89,131,2,18,19,27,87,41,48,99,53,37"/><W117/><G117/><T125/><D3/><U38/><E35/><V82/><F120/><W104/><G37/><T25/><D39/><U67/><E109/><V63/><F115/><W4/><G41/><T112/><D112/><U85/><E74/><V59/><F36/><W75/><G2/><T29/><D134/><U108/><E129/><V122/><F122/><W88/><G75/><T110/><D110/><U83/><E38/><V118/><F118/><W119/><G119/><T33/><D103/><U32/><E32/><V90/><F51/><W70/><G70/><T77/><D28/><U76/><E83/><V128/><F128/><W68/><G68/><T135/><D135/><U54/><E108/><V123/><F123/><W111/><G111/><T86/><D77/><U58/><E132/><V14/><F23/><N who="3" m="13815" /><G19/><T10/><D125/><U62/><E22/><V20/><F20/><W46/><G104/><T94/><D94/><U52/><E93/><V80/><F80/><N who="3" m="49255" /><G131/><T34/><D34/><U95/><E95/><AGARI ba="0,0" hai="4,5,46,48,53,89,95,99" m="49255,13815" machi="95" ten="30,2900,0" yaku="8,1,54,1" doraHai="6" who="3" fromWho="1" sc="307,0,187,-29,148,0,358,29" owari="307,11.0,158,-24.0,148,-35.0,387,48.0" /></mjloggm>