<mjloggm ver="2.3"><GO type="41" lobby="0"/><UN n0="%E3%83%A1%E3%82%BF%E3%83%AB%E3%81%86%E3%83%BC%E3%81%B1" n1="%E2%93%9D%53%75%70%68%78" n2="%E3%81%BF%E3%81%A4%25" n3="%48%65%6E%72%69%6B" dan="15,18,14,15" rate="2070.85,2131.32,1886.05,1996.75" sx="M,M,M,M"/><TAIKYOKU oya="0"/><INIT seed="0,0,0,2,3,52" ten="250,250,250,250" oya="0" hai0="123,67,61,5,1,110,10,42,129,96,120,60,58" hai1="17,2,126,25,27,43,108,72,28,36,55,37,116" hai2="102,34,100,121,103,94,112,62,22,66,127,83,114" hai3="122,54,4,106,101,118,128,113,79,13,19,107,0"/><T49/><D129/><U82/><E116/><V105/><F121/><W69/><G113/><T44/><D110/><U95/><E2/><V87/><F34/><W63/><G118/><T46/><D46/><U29/><E17/><V24/><F127/><W130/><G79/><T131/><D131/><U93/><E55/><V109/><F109/><W132/><G4/><T99/><D99/><U97/><E108/><V59/><F105/><W75/><G0/><T56/><REACH who="0" step="1"/><D96/><REACH who="0" ten="240,250,250,250" step="2"/><U33/><E97/><N who="2" m="59447" /><F112/><W73/><G128/><T135/><D135/><U51/><E126/><V76/><F114/><W14/><G132/><T18/><D18/><AGARI ba="0,1" hai="18,22,24,59,62,66,76,83,87,102,103" m="59447" machi="18" ten="30,2000,0" yaku="8,1,52,1" doraHai="52" who="2" fromWho="0" sc="240,-20,250,0,250,30,250,0" /><INIT seed="1,0,0,3,1,4" ten="220,250,280,250" oya="1" hai0="110,13,119,35,5,107,90,47,20,130,22,103,114" hai1="77,30,26,14,85,32,129,120,29,43,92,11,62" hai2="58,128,76,34,60,79,31,131,72,8,99,56,61" hai3="108,132,51,28,25,78,117,100,24,101,27,1,113"/><U9/><E120/><V118/><F118/><W98/><G113/><T12/><D119/><U3/><E129/><N who="2" m="49739" /><F99/><W82/><G117/><T57/><D114/><U38/><E38/><V70/><F70/><W50/><G1/><T66/><D35/><U49/><E3/><V75/><F31/><W2/><G2/><T36/><D130/><U48/><E62/><N who="2" m="24171" /><F8/><N who="1" m="3145" /><E32/><V125/><F125/><W133/><G28/><N who="1" m="10858" /><E26/><V124/><F124/><W67/><G67/><T112/><D66/><U17/><E43/><V81/><F34/><W19/><G19/><T88/><D36/><U0/><E0/><V87/><F87/><W18/><G18/><T52/><D47/><U69/><E69/><V42/><F42/><W74/><G24/><T54/><D5/><U53/><E53/><V106/><F106/><W127/><G25/><T37/><D37/><U7/><E7/><V102/><F102/><W65/><G101/><T44/><D107/><U96/><E85/><V63/><N who="2" m="24179" /><V135/><DORA hai="71" /><F135/><W115/><G27/><T80/><D103/><N who="1" m="60807" /><E77/><N who="2" m="29771" /><F81/><W33/><G82/><T59/><D80/><U45/><E45/><V39/><F39/><W64/><G78/><T40/><D44/><U97/><E97/><V68/><F68/><W84/><G98/><T109/><D112/><U73/><E73/><AGARI ba="0,0" hai="56,58,72,73,75" m="29771,24179,49739" machi="73" ten="40,5200,0" yaku="28,2,19,1" doraHai="4,71" who="2" fromWho="1" sc="220,0,250,-52,280,52,250,0" /><INIT seed="2,0,0,4,4,72" ten="220,198,332,250" oya="2" hai0="57,4,62,76,90,39,1,26,117,86,96,28,31" hai1="16,54,58,135,35,128,64,3,112,41,53,66,65" hai2="38,89,102,23,21,127,2,120,123,44,52,47,17" hai3="92,74,111,77,94,119,7,80,12,101,129,19,51"/><V104/><F2/><W68/><G68/><T5/><D39/><U59/><E35/><V56/><F127/><W36/><G119/><T103/><D117/><U110/><E3/><V97/><F123/><W32/><G32/><T67/><D1/><U105/><E105/><V131/><F131/><W114/><G36/><T15/><D15/><U20/><E112/><V30/><F120/><W49/><G7/><T55/><D55/><U78/><E110/><V61/><F38/><W60/><G111/><T81/><D90/><U125/><E135/><V99/><F30/><W115/><G60/><T45/><D45/><U113/><E41/><V75/><F23/><W42/><G129/><T40/><D40/><U37/><E113/><N who="3" m="43018" /><G101/><T87/><D87/><U126/><E37/><V85/><F75/><W100/><G100/><T63/><D63/><U73/><E128/><V70/><F70/><W107/><G107/><T91/><D91/><U133/><E133/><V106/><F106/><W34/><G34/><T134/><D31/><U93/><E126/><V130/><F130/><W109/><G109/><T46/><D46/><U82/><E125/><V122/><F122/><W8/><G42/><T95/><REACH who="0" step="1"/><D134/><REACH who="0" ten="210,198,332,250" step="2"/><U6/><E73/><V11/><F99/><W98/><G98/><T9/><D9/><U71/><E54/><V27/><REACH who="2" step="1"/><F11/><REACH who="2" ten="210,198,322,250" step="2"/><W121/><G121/><T108/><D108/><U83/><E71/><V33/><F33/><AGARI ba="0,2" hai="4,5,26,28,33,57,62,67,76,81,86,95,96,103" machi="33" ten="30,3900,0" yaku="1,1,7,1,52,1,53,0" doraHai="72" doraHaiUra="132" who="0" fromWho="2" sc="210,59,198,0,322,-39,250,0" /><INIT seed="3,0,0,2,2,90" ten="269,198,283,250" oya="3" hai0="31,121,23,79,98,75,35,134,57,124,18,64,0" hai1="28,70,73,133,65,40,32,66,116,17,120,132,122" hai2="76,26,49,25,112,72,15,36,102,104,94,91,22" hai3="48,54,83,41,51,30,92,117,93,12,82,78,110"/><W3/><G117/><T2/><D121/><N who="1" m="46699" /><E17/><V111/><F36/><W69/><G3/><T74/><D124/><U59/><E28/><V87/><F112/><W44/><G69/><T127/><D127/><U10/><E10/><V14/><F111/><W52/><G30/><T106/><D134/><N who="1" m="51819" /><E73/><V9/><F49/><W123/><G123/><T101/><D75/><U8/><E8/><V68/><F68/><W6/><G110/><T61/><D31/><U96/><E96/><N who="2" m="61511" /><F22/><W33/><G33/><T56/><D35/><U38/><E32/><V7/><F15/><W55/><G51/><T86/><D74/><U103/><E103/><V105/><F105/><W60/><G60/><T95/><D57/><U21/><E21/><V4/><F4/><W71/><G71/><T119/><D119/><U77/><E70/><V11/><F11/><N who="3" m="4215" /><G83/><AGARI ba="0,0" hai="7,9,14,25,26,72,76,83,87,91,94" m="61511" machi="83" ten="30,2000,0" yaku="24,1,52,1" doraHai="90" who="2" fromWho="3" sc="269,0,198,0,283,20,250,-20" /><INIT seed="4,0,0,3,5,61" ten="269,198,303,230" oya="0" hai0="132,35,25,53,124,79,5,22,50,12,66,127,94" hai1="131,130,93,6,105,1,58,64,116,113,74,73,102" hai2="65,26,115,128,84,47,9,23,54,56,77,134,112" hai3="30,69,63,37,114,15,83,2,92,91,82,16,123"/><T55/><D79/><U80/><E6/><V98/><F134/><W21/><G2/><T59/><D132/><U96/><E1/><V13/><F128/><N who="1" m="49193" /><E58/><V60/><F98/><W7/><G114/><N who="2" m="43561" /><F77/><W52/><G123/><T87/><D35/><U104/><E64/><V85/><F47/><W110/><G37/><T122/><D122/><U106/><E113/><V97/><F97/><W109/><G7/><T46/><D12/><U43/><E43/><V38/><F38/><W99/><G30/><T81/><D94/><U48/><E48/><V129/><F129/><W121/><G121/><T57/><D5/><U126/><E116/><V135/><F54/><W117/><G117/><T51/><D46/><U11/><E11/><V125/><F125/><W42/><G42/><T72/><D72/><N who="1" m="27755" /><E80/><V41/><F41/><W0/><G0/><T103/><D103/><U27/><E27/><V86/><F135/><W32/><G32/><T68/><D68/><U24/><E24/><V17/><F26/><W3/><G3/><T76/><REACH who="0" step="1"/><D66/><REACH who="0" ten="259,198,303,230" step="2"/><U44/><E44/><V8/><AGARI ba="0,1" hai="8,9,13,17,23,56,60,65,84,85,86" m="43561" machi="8" ten="40,2700,0" yaku="15,1,52,1" doraHai="61" who="2" fromWho="2" sc="259,-13,198,-7,303,37,230,-7" /><INIT seed="5,0,0,2,0,7" ten="246,191,340,223" oya="1" hai0="41,11,62,107,64,72,76,51,30,90,111,102,70" hai1="54,118,48,121,82,109,125,22,92,37,27,85,124" hai2="28,2,23,114,13,21,19,49,50,134,130,15,93" hai3="96,68,86,77,119,6,61,18,3,116,75,4,46"/><U113/><E37/><V71/><F71/><W95/><G75/><T0/><D111/><U97/><E113/><V112/><F93/><W63/><G46/><T106/><D30/><U87/><E121/><V98/><F98/><W45/><G18/><T108/><D108/><U60/><E118/><N who="3" m="45098" /><G45/><T127/><D127/><N who="1" m="48715" /><E60/><N who="3" m="23114" /><G68/><T5/><D102/><N who="1" m="60711" /><E109/><V66/><F66/><W12/><G12/><T16/><D90/><U14/><E14/><N who="2" m="5131" /><F134/><W56/><G56/><T44/><D76/><U35/><E35/><V101/><F101/><N who="3" m="60575" /><G3/><T78/><D78/><U79/><E54/><V9/><F130/><W55/><G55/><T53/><D72/><N who="1" m="43367" /><E48/><V32/><F50/><W81/><AGARI ba="0,0" hai="4,6,77,81,86" m="60575,23114,45098" machi="81" ten="30,1100,0" yaku="12,1" doraHai="7" who="3" fromWho="3" sc="246,-3,191,-5,340,-3,223,11" /><INIT seed="6,0,0,5,2,116" ten="243,186,337,234" oya="2" hai0="5,21,14,49,132,11,32,135,8,30,124,28,74" hai1="22,90,94,125,62,105,43,114,73,104,120,86,29" hai2="129,61,19,115,87,18,91,70,101,97,46,42,126" hai3="122,2,64,37,63,24,60,117,76,6,83,15,79"/><V110/><F115/><W93/><G117/><T52/><D74/><U26/><E114/><V80/><F126/><W17/><G37/><T102/><D102/><U112/><E112/><V13/><F129/><W118/><G118/><T36/><D36/><U121/><E73/><V68/><F110/><W9/><G24/><N who="0" m="16399" /><D124/><U25/><E125/><V133/><F133/><N who="0" m="51274" /><D11/><U85/><E43/><V84/><F61/><W34/><G34/><T31/><D32/><U89/><E62/><V82/><F70/><W99/><G60/><T88/><D88/><U0/><E0/><V50/><F68/><W81/><G76/><T40/><D40/><U47/><E47/><AGARI ba="0,0" hai="5,8,14,30,31,47,49,52" m="51274,16399" machi="47" ten="30,2000,0" yaku="20,1,54,1" doraHai="116" who="0" fromWho="1" sc="243,20,186,-20,337,0,234,0" /><INIT seed="7,0,0,5,5,50" ten="263,166,337,234" oya="3" hai0="21,52,125,31,97,51,129,62,57,16,85,77,28" hai1="93,54,84,79,113,10,12,92,71,58,130,19,87" hai2="53,112,24,132,26,47,5,122,101,120,23,76,45" hai3="131,91,111,69,56,99,66,7,80,67,110,17,20"/><W60/><G131/><T27/><D129/><U41/><E130/><V22/><F112/><W0/><G0/><T55/><D125/><U8/><E71/><V78/><F132/><W104/><G7/><T114/><D114/><U94/><E113/><V72/><F5/><W49/><G104/><T2/><D2/><U126/><E126/><V117/><F101/><W100/><G100/><T102/><D77/><U35/><E35/><V44/><F53/><W108/><G49/><T86/><D85/><U74/><E41/><V128/><F117/><W90/><G67/><T3/><D86/><U98/><E74/><V38/><F38/><W109/><G99/><T39/><D39/><U133/><E133/><V115/><F72/><W59/><G111/><T88/><D88/><N who="3" m="33833" /><G80/><T6/><D6/><U30/><E30/><N who="2" m="17687" /><F115/><W106/><G106/><T89/><D89/><U73/><E73/><V46/><F46/><W135/><G135/><T9/><D9/><U123/><E123/><N who="2" m="47147" /><F128/><W95/><G95/><N who="0" m="58687" /><D3/><U13/><E98/><V103/><F103/><W121/><G121/><T34/><D34/><U96/><E96/><V75/><F75/><W68/><G68/><T83/><D83/><U15/><E87/><V48/><F48/><W105/><G105/><T4/><D4/><U82/><REACH who="1" step="1"/><E10/><REACH who="1" ten="263,156,337,234" step="2"/><V18/><AGARI ba="0,1" hai="18,23,26,44,45,47,76,78" m="47147,17687" machi="18" ten="30,1100,0" yaku="13,1" doraHai="50" who="2" fromWho="2" sc="263,-3,156,-3,337,21,234,-5" owari="260,6.0,153,-35.0,358,46.0,229,-17.0" /></mjloggm>