<mjloggm ver="2.3"><GO type="41" lobby="0"/><UN n0="%E3%82%8A%E3%82%85%E3%83%BC%E3%81%92" n1="%53%2E%52" n2="%E9%89%84%E3%81%AE%E3%83%9E%E3%82%B9%E3%82%AF" n3="%E2%93%9D%53%75%70%68%78" dan="15,15,15,18" rate="2030.89,2033.82,2044.55,2135.12" sx="M,M,M,M"/><TAIKYOKU oya="0"/><INIT seed="0,0,0,0,1,80" ten="250,250,250,250" oya="0" hai0="58,32,48,120,47,101,63,98,9,3,5,30,15" hai1="85,60,84,50,108,57,95,83,109,28,130,21,25" hai2="74,53,69,27,10,4,19,62,37,8,17,45,31" hai3="114,72,76,38,68,49,61,34,22,123,94,23,133"/><T0/><D120/><U99/><E130/><V118/><F118/><W6/><G114/><T24/><D48/><U46/><E83/><V70/><F53/><W7/><G38/><T44/><D3/><U36/><E36/><V18/><F74/><W125/><G34/><T35/><D35/><U33/><E33/><V126/><F62/><W129/><G133/><T127/><D127/><U104/><E104/><V59/><F59/><W97/><G76/><T100/><D100/><N who="1" m="60543" /><E109/><V89/><F126/><W79/><G79/><T41/><D41/><N who="1" m="24911" /><E108/><V111/><F111/><W29/><G72/><T20/><D32/><U88/><E88/><V106/><F106/><W115/><G115/><T105/><REACH who="0" step="1"/><D0/><REACH who="0" ten="240,250,250,250" step="2"/><U92/><E92/><V71/><F37/><W131/><G125/><T103/><D103/><U39/><E39/><V52/><F89/><W90/><G131/><T128/><D128/><U51/><E51/><V124/><F124/><W96/><G129/><T81/><D81/><U134/><E134/><V40/><F40/><W86/><G49/><T77/><D77/><U43/><E43/><V42/><F42/><W119/><G94/><T65/><AGARI ba="0,1" hai="5,9,15,20,24,30,44,47,58,63,65,98,101,105" machi="65" ten="20,3900,0" yaku="1,1,0,1,7,1,53,0" doraHai="80" doraHaiUra="75" who="0" fromWho="0" sc="240,49,250,-13,250,-13,250,-13" /><INIT seed="0,1,0,5,2,98" ten="289,237,237,237" oya="0" hai0="10,131,18,113,75,51,24,116,110,0,15,70,65" hai1="31,26,34,30,115,41,64,107,12,50,2,96,119" hai2="13,16,5,127,102,3,90,28,23,35,58,55,94" hai3="93,61,135,21,25,27,95,129,92,130,62,44,71"/><T42/><D116/><U45/><E119/><V85/><F127/><W53/><G135/><T60/><D113/><U49/><E2/><V63/><F3/><W121/><G121/><T33/><D131/><N who="3" m="50185" /><G71/><T84/><D75/><U118/><E118/><V48/><F5/><W38/><G53/><T132/><D132/><U73/><E73/><V88/><F90/><W112/><G112/><T91/><D0/><U22/><E115/><V133/><F133/><W108/><G108/><T11/><D110/><U122/><E122/><V66/><F35/><W69/><G69/><T99/><D99/><U43/><E64/><V120/><F120/><W14/><G14/><T104/><D104/><U114/><E114/><V74/><F74/><W9/><G9/><T81/><D33/><U77/><E77/><V8/><F28/><N who="3" m="17455" /><G27/><T52/><D42/><AGARI ba="1,0" hai="38,42,44,61,62,92,93,95" m="17455,50185" machi="42" ten="30,1000,0" yaku="19,1" doraHai="98" who="3" fromWho="0" sc="289,-13,237,0,237,0,237,13" /><INIT seed="1,0,0,4,1,82" ten="276,237,237,250" oya="1" hai0="4,77,94,55,65,85,34,76,104,133,69,41,87" hai1="3,95,105,86,11,18,74,129,92,79,110,35,114" hai2="106,26,72,24,2,70,113,31,29,17,51,48,52" hai3="68,91,121,1,81,46,123,125,131,66,43,44,0"/><U7/><E114/><V132/><F72/><W126/><G91/><T64/><D104/><U128/><E105/><V13/><F70/><W120/><G81/><T118/><D118/><U127/><E74/><V36/><F2/><N who="3" m="1131" /><G131/><N who="1" m="50250" /><E35/><V57/><F36/><N who="3" m="21607" /><G46/><T21/><D34/><U9/><E127/><N who="3" m="48650" /><G66/><N who="0" m="25707" /><D69/><AGARI ba="0,0" hai="68,69,120,121,123" m="48650,21607,1131" machi="69" ten="40,2600,0" yaku="18,1,23,1" doraHai="82" who="3" fromWho="0" sc="276,-26,237,0,237,0,250,26" /><INIT seed="2,0,0,0,0,122" ten="250,237,237,276" oya="2" hai0="78,31,102,126,42,90,87,29,76,52,11,67,5" hai1="41,107,131,134,4,13,130,101,91,20,64,1,46" hai2="135,118,47,6,83,55,81,115,73,114,34,15,111" hai3="7,14,71,86,117,8,51,36,69,44,96,60,94"/><V21/><F34/><W127/><G36/><T62/><D126/><U54/><E1/><V19/><F118/><W32/><G32/><T66/><D42/><U112/><E112/><V22/><F135/><W45/><G45/><T37/><D37/><U99/><E134/><V10/><F22/><W109/><G117/><T49/><D102/><U9/><E64/><V129/><F129/><W58/><G109/><T28/><D76/><U39/><E54/><V100/><F100/><W105/><G105/><T84/><D78/><U123/><E123/><V38/><F111/><W30/><G30/><T63/><D63/><U110/><E110/><V0/><F55/><W3/><G86/><T128/><D128/><N who="1" m="49195" /><E91/><V68/><F68/><W56/><G3/><T24/><D24/><U16/><E4/><V25/><F25/><W23/><G71/><T88/><D84/><U43/><E43/><V70/><F70/><W95/><G69/><T106/><D106/><U103/><E103/><V80/><REACH who="2" step="1"/><F73/><REACH who="2" ten="250,237,227,276" step="2"/><W120/><G120/><T33/><D33/><U121/><E121/><V93/><F93/><W92/><G92/><T108/><D108/><U48/><E20/><V59/><F59/><W12/><G58/><T113/><D67/><U17/><E17/><V79/><F79/><W89/><G95/><T75/><D75/><U35/><E35/><V124/><F124/><W97/><G127/><T125/><D125/><U119/><E119/><V82/><N who="2" m="20480" /><DORA hai="116" /><V57/><F57/><W133/><G133/><T65/><D65/><U2/><E39/><V132/><F132/><W98/><G56/><RYUUKYOKU ba="0,1" sc="250,-15,237,15,227,15,276,-15" hai1="2,9,13,16,41,46,48,99,101,107" hai2="0,6,10,15,19,21,38,47,114,115" /><INIT seed="2,1,1,2,1,45" ten="235,252,242,261" oya="2" hai0="117,83,32,26,33,28,42,107,79,50,44,55,98" hai1="2,37,82,48,34,71,87,47,51,7,127,38,15" hai2="104,89,113,118,122,133,17,100,13,101,91,69,68" hai3="132,88,43,114,12,72,24,134,85,62,65,61,60"/><V35/><F122/><W112/><G72/><T64/><D117/><U97/><E71/><V31/><F118/><W73/><G73/><T54/><D33/><U80/><E34/><V124/><F113/><N who="3" m="43627" /><G43/><T9/><D64/><U8/><E80/><V125/><F31/><W0/><G0/><T135/><D135/><N who="3" m="51753" /><G12/><T116/><D116/><U95/><E2/><V130/><F35/><W120/><G24/><T27/><D27/><U94/><E94/><V41/><F41/><W3/><G3/><T106/><D9/><U11/><E11/><V81/><F133/><W109/><G109/><T56/><D98/><U99/><E99/><V128/><F13/><W102/><G102/><N who="2" m="39529" /><F104/><W63/><G120/><T129/><D129/><N who="2" m="49770" /><F17/><W131/><G131/><T92/><D92/><U123/><E123/><V67/><F67/><W16/><G16/><T39/><REACH who="0" step="1"/><D55/><REACH who="0" ten="225,252,242,261" step="2"/><N who="1" m="30111" /><E95/><V78/><F69/><N who="3" m="42151" /><G85/><AGARI ba="1,2" hai="26,28,32,39,42,44,50,54,56,79,83,85,106,107" machi="85" ten="30,3900,0" yaku="1,1,7,1,52,1,53,0" doraHai="45" doraHaiUra="110" who="0" fromWho="3" sc="225,62,252,0,242,0,261,-42" /><INIT seed="3,0,0,0,1,61" ten="287,252,242,219" oya="3" hai0="70,5,93,90,30,135,69,124,4,122,3,116,22" hai1="2,77,72,6,74,110,18,79,127,82,31,131,9" hai2="121,53,113,23,104,59,33,1,12,123,94,14,103" hai3="117,89,21,58,97,73,120,24,85,13,15,98,126"/><W78/><G117/><T71/><D122/><N who="2" m="46602" /><F1/><W111/><G120/><T96/><D116/><U20/><E31/><V39/><F39/><W91/><G73/><T60/><D135/><U7/><E131/><V114/><F104/><W11/><G126/><T49/><D124/><U47/><E127/><V66/><F33/><W118/><G111/><T92/><D3/><U95/><E6/><V51/><F23/><W57/><G78/><T108/><D108/><U36/><E110/><V128/><F128/><W105/><G105/><T46/><D60/><U109/><E109/><V19/><F19/><W130/><G118/><T84/><D22/><U106/><E106/><V107/><F107/><W28/><G130/><T129/><D30/><U0/><E0/><V83/><F83/><W80/><G15/><N who="2" m="5673" /><F94/><N who="3" m="56527" /><G98/><T26/><D26/><U81/><E95/><V86/><F86/><W32/><G32/><T55/><REACH who="0" step="1"/><D129/><REACH who="0" ten="277,252,242,219" step="2"/><U45/><E36/><V34/><F34/><W16/><AGARI ba="0,1" hai="11,13,16,21,24,28,57,58,80,85,91" m="56527" machi="16" ten="30,3000,0" yaku="8,1,54,1" doraHai="61" who="3" fromWho="3" sc="277,-10,252,-10,242,-10,219,40" /><INIT seed="3,1,0,2,5,100" ten="267,242,232,259" oya="3" hai0="29,134,78,52,18,31,64,76,129,22,94,87,58" hai1="1,49,19,16,48,103,30,111,84,133,79,20,101" hai2="86,89,36,40,114,5,13,118,80,10,11,90,68" hai3="25,135,92,131,37,97,57,81,104,120,122,72,102"/><W115/><G37/><T55/><D134/><U39/><E1/><V93/><F68/><W46/><G46/><T123/><D123/><N who="3" m="47145" /><G57/><T91/><D129/><U73/><E73/><V43/><F118/><W108/><G25/><T61/><D55/><U9/><E39/><V6/><F114/><W121/><G121/><T17/><D17/><N who="1" m="6731" /><E133/><V117/><F117/><W63/><G63/><T28/><REACH who="0" step="1"/><D64/><REACH who="0" ten="257,242,232,259" step="2"/><U77/><E30/><V109/><F109/><W2/><G131/><T113/><D113/><U88/><E111/><V85/><F36/><W56/><G108/><T42/><D42/><U124/><E124/><V116/><F116/><W127/><G127/><T82/><D82/><U99/><E9/><V65/><F65/><W7/><G135/><T12/><AGARI ba="1,1" hai="12,18,22,28,29,31,52,58,61,76,78,87,91,94" machi="12" ten="30,8000,1" yaku="1,1,0,1,8,1,54,1,53,1" doraHai="100" doraHaiUra="14" who="0" fromWho="0" sc="257,93,242,-21,232,-21,259,-41" /><INIT seed="4,0,0,4,4,73" ten="350,221,211,218" oya="0" hai0="26,70,44,81,126,56,67,132,5,1,12,34,47" hai1="122,16,125,15,58,97,69,134,51,92,13,83,36" hai2="119,41,102,57,35,111,99,43,54,109,106,124,31" hai3="59,38,0,103,52,120,135,77,94,88,104,24,6"/><T105/><D105/><U98/><E69/><V90/><F119/><W66/><G38/><T32/><D70/><U40/><E36/><V63/><F124/><W85/><G135/><T112/><D1/><U108/><E122/><V11/><F31/><W107/><G66/><T46/><D132/><U64/><E108/><V29/><F29/><W55/><G55/><T10/><D126/><U49/><E134/><V133/><F35/><W113/><G113/><T62/><D112/><U3/><E3/><V128/><F128/><W60/><G120/><T7/><D7/><U14/><E125/><V71/><F133/><W27/><G77/><T53/><D26/><U28/><E28/><V86/><F71/><W61/><G61/><T33/><REACH who="0" step="1"/><D81/><REACH who="0" ten="340,221,211,218" step="2"/><U76/><E83/><V129/><F129/><W17/><G107/><T127/><D127/><U19/><E13/><V65/><F111/><W121/><G121/><T20/><D20/><U100/><E14/><V9/><F109/><W84/><G0/><T2/><D2/><U101/><E15/><V114/><F114/><W75/><G6/><T131/><D131/><U123/><E123/><V30/><F30/><W68/><G68/><T89/><D89/><U4/><E4/><V78/><F90/><W117/><G104/><T74/><D74/><U72/><E72/><V25/><F25/><W8/><G75/><T79/><D79/><U39/><E101/><V18/><F18/><W82/><G103/><T48/><AGARI ba="0,1" hai="5,10,12,32,33,34,44,46,47,48,53,56,62,67" machi="48" ten="40,3900,0" yaku="1,1,0,1,53,0" doraHai="73" doraHaiUra="23" who="0" fromWho="0" sc="340,49,221,-13,211,-13,218,-13" /><INIT seed="4,1,0,5,1,26" ten="389,208,198,205" oya="0" hai0="121,70,75,11,81,80,88,106,90,101,48,67,28" hai1="116,73,10,102,3,47,6,16,45,93,79,56,118" hai2="17,58,131,37,14,108,19,129,57,92,7,71,46" hai3="65,76,1,84,117,94,20,103,44,52,53,29,111"/><T77/><D121/><U128/><E47/><V83/><F71/><W5/><G111/><T125/><D125/><U9/><E128/><N who="2" m="49227" /><F108/><W23/><G117/><T105/><D70/><U4/><E56/><N who="2" m="21611" /><F83/><W110/><G1/><T124/><D124/><U51/><E79/><V27/><F27/><W68/><G5/><T120/><D120/><U135/><E73/><V13/><F92/><W22/><G110/><T100/><D67/><U95/><E135/><V72/><F72/><W38/><G65/><T2/><D28/><U82/><E82/><V25/><F25/><W40/><G68/><T50/><D11/><U87/><E93/><V78/><F78/><W98/><REACH who="3" step="1"/><G29/><REACH who="3" ten="389,208,198,195" step="2"/><T21/><D2/><U8/><E118/><V60/><F7/><W104/><G104/><N who="0" m="40043" /><D77/><U62/><E116/><V126/><F126/><W127/><G127/><T54/><D75/><U133/><E3/><V114/><F60/><W115/><G115/><T12/><D12/><N who="2" m="4714" /><F114/><W18/><G18/><N who="2" m="6665" /><F46/><W86/><G86/><T69/><D69/><U96/><E62/><V64/><F64/><W43/><G43/><T85/><D85/><U31/><E87/><V63/><F63/><W134/><G134/><T97/><D97/><U34/><E133/><V39/><AGARI ba="1,1" hai="37,39" m="6665,4714,21611,49227" machi="39" ten="40,5200,0" yaku="28,2,19,1" doraHai="26" who="2" fromWho="2" sc="389,-27,208,-14,198,65,195,-14" /><INIT seed="5,0,0,4,3,1" ten="362,194,263,181" oya="1" hai0="105,90,39,41,28,84,38,78,22,27,85,120,15" hai1="64,98,123,95,7,40,42,74,132,0,13,50,12" hai2="103,112,108,37,29,6,111,32,55,63,24,46,79" hai3="128,86,44,16,97,131,109,33,113,9,77,4,89"/><U76/><E123/><V54/><F112/><W19/><G109/><T83/><D105/><U45/><E0/><V5/><F103/><W57/><G33/><T93/><D120/><U110/><E110/><V48/><F37/><W102/><G77/><T100/><D41/><U59/><E132/><V43/><F111/><W53/><G44/><T51/><D100/><U94/><E40/><V92/><F108/><W14/><G113/><T61/><D51/><U11/><E94/><V35/><F35/><W49/><G131/><T31/><D31/><U65/><E59/><V36/><F92/><N who="3" m="58663" /><G128/><T73/><D61/><U47/><E47/><V133/><F79/><W67/><G67/><T114/><D114/><U71/><E13/><V124/><F133/><W75/><G75/><T34/><D34/><U30/><E30/><V72/><F72/><W87/><G87/><T126/><D126/><U20/><E20/><V125/><F63/><W117/><G117/><T135/><D135/><U25/><E25/><V2/><F2/><W26/><G26/><T70/><D70/><U68/><E71/><V62/><F62/><W122/><G122/><T69/><D69/><U66/><E68/><V116/><F116/><W130/><G130/><T91/><D15/><U88/><E74/><V101/><F101/><W21/><G21/><T96/><D96/><U107/><E107/><V82/><F82/><AGARI ba="0,0" hai="4,9,14,16,19,49,53,57,82,86,89" m="58663" machi="82" ten="30,3900,0" yaku="8,1,52,1,54,1" doraHai="1" who="3" fromWho="2" sc="362,0,194,0,263,-39,181,39" /><AGARI ba="0,0" hai="22,27,28,38,39,73,78,82,83,84,85,90,91,93" machi="82" ten="30,1000,0" yaku="7,1" doraHai="1" who="0" fromWho="2" sc="362,10,194,0,224,-10,220,0" /><INIT seed="6,0,0,5,5,10" ten="372,194,214,220" oya="2" hai0="88,85,4,34,12,94,86,16,123,18,132,49,107" hai1="73,20,92,127,44,14,130,26,81,77,46,63,99" hai2="133,67,82,6,8,129,23,60,119,100,42,30,61" hai3="125,45,59,105,27,52,121,84,79,93,22,95,33"/><V83/><F119/><W21/><G105/><T11/><D123/><U55/><E130/><V104/><F133/><W41/><G33/><T126/><D34/><U43/><E127/><V35/><F129/><W98/><G125/><T90/><D126/><U102/><E14/><V120/><F61/><W131/><G121/><T47/><D107/><U2/><E2/><V114/><F42/><W64/><G64/><T28/><D28/><U32/><E32/><V91/><F91/><W25/><G131/><T87/><D132/><U89/><E46/><V9/><F9/><W80/><G45/><T97/><D90/><U122/><E122/><V36/><F36/><W75/><G75/><T3/><D3/><U109/><E109/><V112/><F120/><W135/><G41/><AGARI ba="0,0" hai="4,11,12,16,18,41,47,49,85,86,87,88,94,97" machi="41" ten="40,8000,1" yaku="8,1,52,1,54,2" doraHai="10" who="0" fromWho="3" sc="372,80,194,0,214,0,220,-80" /><INIT seed="7,0,0,1,5,66" ten="452,194,214,140" oya="3" hai0="25,52,18,24,62,113,55,28,99,43,29,87,5" hai1="93,49,57,37,35,19,39,69,85,122,74,97,23" hai2="79,41,115,1,60,6,109,14,59,92,11,100,8" hai3="31,120,128,71,65,94,67,130,50,70,20,75,27"/><W98/><G75/><T30/><D113/><U51/><E74/><V125/><F109/><W61/><G120/><T81/><D43/><U48/><E35/><V42/><F115/><W17/><G50/><T114/><D114/><U88/><E122/><V12/><F79/><W84/><G84/><T89/><D5/><U32/><E69/><V76/><F76/><W80/><G80/><T2/><D2/><U4/><E32/><V3/><F3/><W126/><G126/><T121/><D121/><U129/><E129/><N who="3" m="49770" /><G67/><T36/><D36/><U47/><E4/><N who="2" m="3175" /><F1/><W124/><G124/><T101/><D18/><U117/><E117/><V127/><F127/><W123/><G123/><T21/><D62/><U103/><E57/><V135/><F135/><W95/><G95/><N who="0" m="58623" /><D25/><N who="1" m="14591" /><E37/><V34/><F34/><W64/><G64/><T133/><D133/><U77/><E39/><V53/><F125/><W86/><G86/><T78/><D78/><U54/><E77/><V96/><AGARI ba="0,0" hai="6,8,14,41,42,53,59,60,92,96,100" m="3175" machi="96" ten="30,1100,0" yaku="8,1" doraHai="66" who="2" fromWho="2" sc="452,-3,194,-3,214,11,140,-5" owari="449,54.0,191,-21.0,225,3.0,135,-36.0" /></mjloggm>