<mjloggm ver="2.3"><GO type="41" lobby="0"/><UN n0="%E9%BB%92%E6%A3%92%E5%87%BA%E3%81%97%E3%81%8C%E3%81%A1" n1="%74%6F%6B%69%73%75%6B%65" n2="%E9%9B%AA%E4%B8%B8" n3="%E2%93%9D%53%75%70%68%78" dan="14,14,15,18" rate="1868.20,1984.15,2005.24,2111.06" sx="M,M,M,M"/><TAIKYOKU oya="0"/><INIT seed="0,0,0,0,2,132" ten="250,250,250,250" oya="0" hai0="120,75,87,35,107,123,52,117,116,9,115,67,44" hai1="133,126,93,108,66,57,103,5,78,76,32,129,33" hai2="15,61,99,28,41,21,0,6,16,82,74,25,64" hai3="3,11,38,60,13,112,69,100,91,54,50,4,51"/><T17/><D75/><U18/><E108/><V122/><F122/><W77/><G38/><T114/><D87/><U37/><E133/><V89/><F41/><W135/><G112/><N who="0" m="43051" /><D107/><U59/><E37/><V2/><F99/><W48/><G77/><T97/><D97/><U105/><E105/><V29/><F29/><W72/><G100/><T121/><D17/><U65/><E5/><V55/><F55/><W58/><G135/><T23/><D23/><U70/><E18/><V110/><F110/><W47/><G69/><T45/><D9/><U27/><E70/><V19/><F19/><W34/><G34/><T26/><D26/><U49/><E103/><V92/><F6/><W62/><G72/><T96/><D96/><U83/><E27/><V98/><F82/><W94/><G3/><T134/><D35/><U127/><E49/><N who="3" m="18442" /><G47/><N who="0" m="17995" /><D52/><U46/><E46/><V119/><F74/><W111/><G111/><T86/><D86/><AGARI ba="0,0" hai="4,11,13,48,54,58,60,62,86,91,94" m="18442" machi="86" ten="30,1000,0" yaku="8,1" doraHai="132" who="3" fromWho="0" sc="250,-10,250,0,250,0,250,10" /><INIT seed="1,0,0,1,4,83" ten="240,250,250,260" oya="1" hai0="25,104,67,79,62,105,90,103,98,55,132,23,65" hai1="29,81,125,50,130,57,5,116,16,135,112,7,89" hai2="41,10,11,101,87,99,93,35,47,4,122,109,59" hai3="30,27,70,133,58,6,46,110,85,34,28,97,26"/><U121/><E112/><V40/><F122/><W37/><G70/><T82/><D132/><U38/><E38/><V31/><F109/><W114/><G114/><T52/><D90/><U3/><E116/><V19/><F35/><W119/><G110/><T42/><D42/><U21/><E121/><V107/><F31/><W12/><G97/><T63/><D104/><U32/><E125/><V9/><F40/><W84/><G133/><T53/><D63/><U51/><E135/><V22/><F59/><W100/><G100/><T60/><D62/><U68/><E68/><V86/><F107/><W73/><G73/><T8/><D8/><U14/><E7/><V127/><F127/><W64/><G46/><T128/><D60/><U15/><E15/><V74/><F74/><W77/><G77/><T75/><REACH who="0" step="1"/><D128/><REACH who="0" ten="230,250,250,260" step="2"/><U92/><E130/><V48/><REACH who="2" step="1"/><F4/><REACH who="2" ten="230,250,240,260" step="2"/><W131/><G6/><T18/><AGARI ba="0,2" hai="18,23,25,52,53,55,65,67,75,79,82,98,103,105" machi="18" ten="30,7900,0" yaku="1,1,2,1,0,1,54,1,53,0" doraHai="83" doraHaiUra="56" who="0" fromWho="0" sc="230,99,250,-39,240,-20,260,-20" /><INIT seed="2,0,0,1,0,27" ten="329,211,220,240" oya="2" hai0="29,67,120,48,83,49,77,7,54,101,38,135,2" hai1="118,41,96,111,15,50,19,109,63,55,106,20,82" hai2="76,0,6,14,105,59,113,74,62,86,37,78,92" hai3="131,133,100,4,117,90,85,99,112,75,22,98,21"/><V36/><F105/><W10/><G117/><T126/><D67/><U60/><E118/><V28/><F0/><W46/><G75/><T47/><D101/><U110/><E41/><V40/><F113/><W108/><G108/><T25/><D135/><U94/><E82/><V72/><F74/><W116/><G131/><T88/><D126/><U121/><E106/><V3/><F3/><W42/><G133/><T128/><D128/><U104/><E104/><V26/><F72/><W107/><G99/><T43/><D120/><U64/><E64/><V84/><F6/><W24/><G112/><T89/><D7/><U8/><E8/><V87/><F14/><W1/><G116/><T73/><D2/><U39/><E39/><V70/><F70/><W17/><G22/><T53/><D38/><U119/><E121/><V91/><F40/><W95/><G46/><T11/><D11/><U44/><REACH who="1" step="1"/><E119/><REACH who="1" ten="329,201,220,240" step="2"/><V61/><F37/><W5/><G5/><T122/><D43/><U93/><E93/><V68/><F36/><W57/><G42/><T102/><D122/><U65/><E65/><V127/><F127/><W52/><G107/><T81/><D81/><U130/><E130/><V103/><F92/><W114/><G114/><T18/><D83/><U58/><E58/><V97/><F59/><W34/><G57/><T23/><D47/><U33/><E33/><V45/><F68/><W31/><G52/><T66/><D66/><U79/><E79/><V35/><F76/><W30/><G34/><T9/><D77/><U125/><E125/><V56/><F78/><W12/><G1/><RYUUKYOKU ba="0,1" sc="329,-15,201,15,220,-15,240,15" hai1="15,19,20,44,50,55,60,63,94,96,109,110,111" hai3="4,10,12,17,21,24,30,31,85,90,95,98,100" /><INIT seed="3,1,1,4,5,98" ten="314,216,205,255" oya="3" hai0="45,120,105,91,84,60,35,67,3,82,39,46,103" hai1="64,108,19,83,26,63,52,11,22,112,134,101,58" hai2="48,124,131,133,102,79,56,117,24,51,12,119,99" hai3="85,122,27,7,74,53,31,54,15,127,17,69,89"/><W104/><G122/><T14/><D3/><U55/><E112/><V129/><F24/><W38/><G74/><T132/><D132/><U65/><E108/><V72/><F12/><W77/><G38/><T111/><D111/><U90/><E134/><V42/><F133/><W121/><G104/><T49/><D39/><U118/><E118/><V10/><F10/><W123/><G77/><T43/><D35/><U73/><E73/><V32/><F32/><W71/><G7/><T50/><D14/><N who="1" m="7647" /><E55/><V0/><F0/><W80/><G127/><T116/><D120/><U96/><E83/><V25/><F25/><W9/><G123/><T1/><D1/><U16/><E90/><V34/><F34/><W94/><G121/><T66/><D60/><U13/><E13/><V81/><F124/><W4/><G4/><T8/><D8/><U28/><E28/><V110/><F110/><W109/><G109/><T29/><D29/><U6/><E6/><V70/><F70/><W75/><G71/><T76/><D76/><U57/><E57/><V126/><F126/><W2/><G69/><T87/><D87/><U125/><E125/><V107/><F56/><W113/><G113/><T59/><D59/><U78/><E78/><V135/><F135/><W61/><G2/><T97/><REACH who="0" step="1"/><D116/><REACH who="0" ten="304,216,205,255" step="2"/><N who="2" m="44618" /><F48/><W86/><G75/><T18/><D18/><U37/><E37/><V36/><F36/><W21/><G61/><T47/><D47/><U20/><E20/><V41/><F51/><W40/><G9/><T92/><D92/><AGARI ba="1,2" hai="16,22,26,52,58,63,64,65,92,96,101" m="7647" machi="92" ten="30,7700,0" yaku="8,1,52,1,54,2" doraHai="98" who="1" fromWho="0" sc="304,-80,216,100,205,0,255,0" /><INIT seed="4,0,0,0,4,131" ten="224,316,205,255" oya="0" hai0="25,39,76,50,124,44,135,45,83,99,112,120,3" hai1="37,78,111,70,134,117,60,75,86,29,130,105,9" hai2="24,17,28,8,81,7,114,67,91,47,35,103,93" hai3="6,72,36,123,22,14,20,79,71,42,27,108,119"/><T109/><D3/><U15/><E15/><V49/><F114/><W38/><G71/><T88/><D120/><U57/><E57/><V0/><F67/><W2/><G108/><T61/><D112/><U48/><E48/><V41/><F81/><W87/><G119/><T13/><D61/><U10/><E60/><V5/><F103/><W31/><G87/><T125/><D25/><U63/><E63/><V73/><F73/><W121/><G79/><T62/><D62/><U26/><E86/><V51/><F51/><W95/><G95/><N who="0" m="56807" /><D13/><U101/><E101/><V16/><REACH who="2" step="1"/><F7/><REACH who="2" ten="224,316,195,255" step="2"/><W54/><G6/><T65/><D65/><U127/><E75/><V98/><AGARI ba="0,1" hai="0,5,8,16,17,24,28,35,41,47,49,91,93,98" machi="98" ten="20,12000,2" yaku="1,1,2,1,0,1,7,1,54,1,53,1" doraHai="131" doraHaiUra="89" who="2" fromWho="2" sc="224,-60,316,-30,195,130,255,-30" /><INIT seed="5,0,0,5,5,116" ten="164,286,325,225" oya="1" hai0="71,109,32,123,30,114,33,49,72,13,89,53,17" hai1="84,105,124,43,39,93,115,86,128,48,5,6,91" hai2="40,111,117,44,103,58,65,122,88,2,59,76,108" hai3="69,90,129,54,119,16,130,80,35,50,64,25,75"/><U42/><E115/><V27/><F2/><W37/><G37/><T18/><D72/><U14/><E105/><V73/><F117/><W47/><G119/><T7/><D71/><U133/><E133/><V68/><F103/><W20/><G35/><T11/><D109/><N who="2" m="42058" /><F27/><W97/><G64/><T31/><D89/><U100/><E100/><V94/><F88/><W60/><G60/><T118/><D118/><U77/><E128/><N who="3" m="49258" /><G69/><T82/><D82/><U83/><E124/><V34/><F34/><N who="0" m="13418" /><D53/><U46/><E39/><N who="2" m="21535" /><F94/><N who="3" m="56535" /><G80/><T52/><D52/><U67/><E67/><V56/><F76/><W79/><G79/><T55/><D55/><U26/><E26/><V10/><F10/><W120/><G75/><T92/><D49/><U62/><E42/><V112/><F73/><W57/><G47/><T132/><D92/><U41/><E41/><V61/><F112/><W70/><G70/><T135/><D114/><U99/><E77/><V107/><F107/><W125/><G125/><T38/><D38/><U127/><E127/><V66/><F66/><W110/><G110/><T51/><D51/><U113/><E113/><V81/><F81/><W29/><G29/><N who="0" m="10763" /><D135/><U1/><E48/><V131/><F131/><W23/><G23/><T74/><D74/><U12/><E83/><V0/><F0/><W9/><G9/><T3/><D132/><U126/><E126/><V85/><F85/><W21/><G21/><T22/><D18/><U121/><E86/><V134/><F134/><W106/><G106/><T104/><D104/><U24/><E84/><V36/><F36/><W87/><G87/><RYUUKYOKU ba="0,0" sc="164,10,286,-30,325,10,225,10" hai0="3,7,11,13,17,22,123" hai2="56,58,59,61,65,68,122" hai3="16,20,25,50,54,57,120" /><INIT seed="6,1,0,0,2,65" ten="174,256,335,235" oya="2" hai0="52,77,88,100,125,13,67,56,14,34,45,54,39" hai1="106,113,111,26,123,55,90,73,25,105,43,109,69" hai2="115,49,29,57,83,42,61,91,93,84,59,134,8" hai3="128,63,19,118,127,86,44,51,76,5,82,74,71"/><V28/><F134/><W129/><G118/><T108/><D34/><U124/><E113/><V80/><F115/><W119/><G119/><T11/><D108/><U102/><E73/><V95/><F8/><W89/><G5/><T18/><D100/><U75/><E75/><V132/><F132/><W101/><G101/><T98/><D77/><U70/><E43/><V103/><F93/><W58/><G127/><T27/><D125/><U135/><E102/><V20/><F20/><W104/><G19/><T133/><D133/><U99/><E135/><V110/><F110/><W97/><G97/><T81/><D39/><U94/><E55/><V116/><F116/><W122/><G122/><T22/><D45/><U50/><E99/><V62/><F49/><W17/><G17/><T1/><D1/><U33/><E94/><V85/><F42/><W47/><G104/><T31/><D14/><U126/><E50/><V9/><F9/><W40/><G47/><T68/><D68/><U87/><E87/><V30/><F103/><W15/><G15/><T117/><D117/><U36/><E90/><V21/><F21/><W4/><G4/><T130/><D130/><N who="3" m="50281" /><G71/><T112/><D112/><U46/><E46/><V131/><F131/><W41/><G41/><T10/><D10/><U72/><E72/><V66/><REACH who="2" step="1"/><F85/><REACH who="2" ten="174,256,325,235" step="2"/><W23/><G23/><T114/><D114/><U32/><E36/><V35/><F35/><W79/><G74/><T38/><D38/><U24/><E24/><V37/><F37/><W16/><G16/><T12/><D18/><U53/><E123/><V6/><F6/><RYUUKYOKU ba="1,1" sc="174,-30,256,10,325,10,235,10" hai1="25,26,32,33,53,69,70,105,106,109,111,124,126" hai2="28,29,30,57,59,61,62,66,80,83,84,91,95" hai3="40,44,51,58,63,76,79,82,86,89" /><INIT seed="6,2,1,3,5,85" ten="144,266,335,245" oya="2" hai0="4,41,56,13,40,87,42,122,72,128,115,60,69" hai1="117,130,73,3,83,37,77,9,38,17,99,120,121" hai2="30,90,76,103,129,123,24,23,131,84,104,34,43" hai3="81,27,12,26,80,114,68,107,21,51,18,118,126"/><V54/><F123/><N who="1" m="47177" /><E117/><V86/><F43/><W92/><G107/><T45/><D72/><U61/><E130/><N who="2" m="49675" /><F103/><W44/><G68/><T35/><D35/><U91/><E61/><V10/><F104/><W52/><G126/><T65/><D128/><U66/><E66/><V14/><F54/><W5/><G114/><T71/><D122/><U93/><E3/><V55/><F55/><W32/><G118/><T63/><D13/><AGARI ba="2,1" hai="9,13,17,37,38,73,77,83,91,93,99" m="47177" machi="13" ten="30,2000,0" yaku="13,1,52,1" doraHai="85" who="1" fromWho="0" sc="144,-26,266,36,335,0,245,0" /><INIT seed="7,0,0,3,0,48" ten="118,302,335,245" oya="3" hai0="100,104,0,118,42,85,46,8,30,73,117,12,75" hai1="90,52,97,63,35,62,32,91,64,40,77,43,50" hai2="71,44,115,98,108,109,123,2,29,132,127,4,13" hai3="23,31,122,92,114,126,66,103,89,15,96,107,113"/><W84/><G66/><T56/><D30/><U133/><E133/><V69/><F13/><W25/><G126/><T99/><D85/><U51/><E77/><V16/><F98/><W124/><G124/><T24/><D24/><U101/><E101/><V120/><F44/><W37/><G37/><T106/><D106/><U10/><E10/><V102/><F102/><W112/><REACH who="3" step="1"/><G15/><REACH who="3" ten="118,302,335,235" step="2"/><T28/><D12/><U34/><E64/><V61/><F127/><W41/><G41/><T116/><D0/><U21/><E43/><V11/><F2/><W26/><G26/><T19/><D42/><U33/><E40/><V20/><F123/><AGARI ba="0,1" hai="23,25,31,84,89,92,96,103,107,112,113,114,122,123" machi="123" ten="40,7700,0" yaku="1,1,15,1,53,1" doraHai="48" doraHaiUra="95" who="3" fromWho="2" sc="118,0,302,0,335,-77,235,87" owari="118,-38.0,302,10.0,258,-14.0,322,42.0" /></mjloggm>