<mjloggm ver="2.3"><GO type="41" lobby="0"/><UN n0="%72%65%64%6F%6E%64%6F%6E" n1="%E2%93%9D%53%75%70%68%78" n2="%4F%72%61%6E%67%65%78" n3="%66%75%6E%61%69" dan="13,18,15,14" rate="1866.88,2067.96,2001.54,1924.74" sx="M,M,F,M"/><TAIKYOKU oya="0"/><INIT seed="0,0,0,0,0,117" ten="250,250,250,250" oya="0" hai0="59,80,21,36,78,74,34,98,22,6,96,3,72" hai1="125,35,46,23,103,113,87,118,1,29,52,88,109" hai2="30,127,90,100,68,10,75,122,86,2,49,58,60" hai3="15,14,112,24,133,70,84,53,115,94,134,131,9"/><T28/><D36/><U4/><E118/><V57/><F75/><W81/><G70/><T121/><D74/><U119/><E119/><V50/><F127/><W126/><G24/><T16/><D22/><U92/><E35/><V61/><F100/><W124/><G94/><T128/><D128/><U5/><E1/><V12/><F2/><W79/><G53/><T130/><D130/><U62/><E109/><V18/><F30/><W69/><G69/><T8/><D59/><N who="1" m="35175" /><E113/><V99/><F99/><W65/><G65/><T120/><D96/><N who="1" m="59783" /><E46/><V93/><F122/><W77/><G77/><T114/><D98/><U73/><E125/><N who="3" m="48234" /><G131/><T48/><D48/><U40/><E40/><V25/><F68/><W71/><G71/><T97/><D97/><U47/><E47/><V85/><F85/><W110/><G110/><T33/><D114/><N who="3" m="43561" /><G14/><N who="0" m="9367" /><D34/><U54/><E73/><V104/><F104/><W32/><G32/><T116/><D116/><U82/><E54/><N who="2" m="33879" /><F25/><AGARI ba="0,0" hai="3,6,8,25,28,33,72,78,80,120,121" m="9367" machi="25" ten="30,11600,0" yaku="24,1,52,2,54,1" doraHai="117" who="0" fromWho="2" sc="250,116,250,0,250,-116,250,0" /><AGARI ba="0,0" hai="4,5,23,25,29,82,87,88" m="59783,35175" machi="25" ten="30,3900,0" yaku="8,1,54,2" doraHai="117" who="1" fromWho="2" sc="366,0,250,39,134,-39,250,0" /><INIT seed="0,1,0,2,3,54" ten="366,289,95,250" oya="0" hai0="37,127,44,99,31,123,3,100,78,12,60,41,120" hai1="93,94,82,32,33,27,132,80,21,5,105,130,34" hai2="61,104,125,58,122,38,74,86,90,56,108,11,107" hai3="39,114,9,118,62,70,96,16,129,126,49,133,119"/><T19/><D3/><U1/><E105/><V10/><F122/><W6/><G114/><T2/><D2/><U95/><E130/><V18/><F108/><W20/><G39/><T35/><D127/><U43/><E132/><V69/><F38/><W63/><G133/><T91/><D78/><U134/><E134/><V110/><F74/><W55/><G129/><T29/><D91/><U121/><E121/><V8/><F110/><W117/><G126/><T23/><D60/><U50/><E5/><V51/><F125/><W45/><G96/><T87/><D87/><U64/><E64/><V22/><F69/><W4/><G70/><T73/><D73/><U76/><E1/><V72/><F72/><W65/><G65/><T98/><D31/><U42/><E50/><V46/><F104/><W88/><G88/><T113/><D113/><U124/><E124/><V131/><F61/><W53/><G53/><T7/><D99/><U89/><E89/><V25/><F107/><W66/><G66/><T79/><D79/><U97/><E97/><V13/><F131/><W112/><G112/><T116/><D116/><U30/><REACH who="1" step="1"/><E76/><REACH who="1" ten="366,279,95,250" step="2"/><V85/><F85/><W135/><G135/><T77/><D77/><U68/><E68/><V14/><F25/><W84/><G4/><T83/><D7/><U103/><E103/><V17/><F51/><W92/><G6/><T106/><REACH who="0" step="1"/><D83/><AGARI ba="1,1" hai="21,27,30,32,33,34,42,43,80,82,83,93,94,95" machi="83" ten="50,1600,0" yaku="1,1,53,0" doraHai="54" doraHaiUra="102" who="1" fromWho="0" sc="366,-19,279,29,95,0,250,0" /><INIT seed="1,0,0,2,5,100" ten="347,308,95,250" oya="1" hai0="127,116,0,4,94,36,110,67,56,52,58,55,132" hai1="18,66,45,135,23,63,11,32,62,20,40,80,59" hai2="107,108,47,53,99,42,102,44,118,91,79,35,31" hai3="46,126,124,34,9,54,33,111,103,96,119,27,129"/><U24/><E135/><V21/><F118/><W51/><G119/><T101/><D116/><U92/><E32/><V69/><F108/><W83/><G111/><T29/><D110/><U120/><E120/><V61/><F79/><W122/><G122/><T71/><D29/><U117/><E117/><V38/><F21/><W81/><G129/><T123/><D123/><U60/><E80/><V50/><F91/><W10/><G10/><T95/><D36/><U15/><E92/><V73/><F73/><W72/><G9/><T28/><D28/><U115/><E115/><V65/><F47/><W7/><G7/><T41/><D41/><U112/><E23/><V130/><F130/><W14/><G14/><T104/><D4/><U88/><E88/><V76/><F76/><W2/><G2/><T37/><D0/><U75/><E75/><V74/><F74/><W128/><G128/><T113/><D37/><U121/><E112/><V19/><F19/><W25/><G25/><T43/><D113/><U5/><REACH who="1" step="1"/><E121/><REACH who="1" ten="347,298,95,250" step="2"/><V78/><F78/><W98/><G72/><T86/><D95/><U70/><E70/><V85/><F85/><W68/><G68/><T26/><D86/><U6/><E6/><V133/><F133/><W16/><G33/><T57/><D94/><U82/><E82/><V84/><F84/><W64/><G34/><T97/><D127/><U13/><E13/><V48/><F53/><W87/><G126/><T3/><D132/><U12/><E12/><V125/><F125/><W89/><G124/><T106/><D55/><U39/><AGARI ba="0,1" hai="5,11,15,18,20,24,39,40,45,59,60,62,63,66" machi="39" ten="20,7800,0" yaku="1,1,0,1,7,1,53,1" doraHai="100" doraHaiUra="1" who="1" fromWho="1" sc="347,-26,298,88,95,-26,250,-26" /><INIT seed="1,1,0,3,0,24" ten="321,386,69,224" oya="1" hai0="43,18,83,36,6,118,9,64,60,88,108,7,100" hai1="35,41,128,13,31,46,126,120,26,63,17,110,89" hai2="59,21,20,66,112,78,132,0,48,62,99,127,113" hai3="114,4,79,51,27,44,124,102,72,94,15,77,69"/><U125/><E120/><V29/><F0/><W82/><G114/><N who="2" m="44137" /><F132/><W39/><G69/><T2/><D118/><U98/><E128/><V121/><F121/><W75/><G124/><N who="1" m="47722" /><E63/><V93/><F127/><W10/><G39/><T80/><D108/><U103/><E89/><N who="2" m="55727" /><F78/><W30/><G79/><T117/><D100/><U56/><E56/><V49/><F20/><W133/><G133/><T3/><D117/><U92/><E110/><V8/><F8/><W119/><G119/><T37/><D18/><U55/><E55/><V101/><F101/><W97/><G51/><T106/><D106/><U42/><E46/><V19/><F19/><W38/><G44/><T34/><D34/><U65/><E65/><V40/><F40/><W90/><G38/><T70/><D43/><U50/><E50/><N who="2" m="19563" /><F21/><AGARI ba="1,0" hai="13,17,21,26,31,35,41,42,92,98,103" m="47722" machi="21" ten="30,2900,0" yaku="18,1,52,1" doraHai="24" who="1" fromWho="2" sc="321,0,386,32,69,-32,224,0" /><INIT seed="1,2,0,1,0,79" ten="321,418,37,224" oya="1" hai0="60,130,100,17,40,96,55,117,112,46,27,1,64" hai1="11,10,110,78,74,84,70,28,121,131,92,31,97" hai2="93,20,5,14,65,104,54,107,34,4,102,105,38" hai3="9,118,47,72,53,77,48,41,51,12,128,133,134"/><U127/><E121/><V63/><F38/><W129/><G12/><T109/><D112/><U56/><E74/><V126/><F126/><W57/><G9/><T88/><D117/><U103/><E70/><V69/><F34/><W30/><G30/><T68/><D1/><U90/><E131/><N who="3" m="50250" /><G77/><T50/><D130/><U21/><E110/><V23/><F54/><W39/><G72/><T36/><D109/><U24/><E127/><V122/><F122/><W32/><G32/><T25/><D17/><U80/><E31/><V61/><F61/><N who="3" m="36015" /><G118/><T113/><D113/><U99/><REACH who="1" step="1"/><E56/><REACH who="1" ten="321,408,37,224" step="2"/><V98/><REACH who="2" step="1"/><F23/><REACH who="2" ten="321,408,27,224" step="2"/><W87/><G134/><T120/><D120/><U15/><E15/><V43/><F43/><W22/><G133/><T49/><D27/><U123/><E123/><V7/><F7/><W132/><G132/><T73/><D25/><U95/><AGARI ba="2,2" hai="10,11,21,24,28,78,80,84,90,92,95,97,99,103" machi="95" ten="20,12000,1" yaku="1,1,0,1,7,1,8,1,52,1,53,0" doraHai="79" doraHaiUra="111" who="1" fromWho="1" sc="321,-42,408,146,27,-42,224,-42" owari="279,8.0,554,66.0,-15,-52.0,182,-22.0" /></mjloggm>