<mjloggm ver="2.3"><GO type="41" lobby="0"/><UN n0="%E4%B8%A1%E6%B4%A5" n1="%61%79%61%30%34%31%32" n2="%6B%61%6E%61%6F%32%31%33" n3="%E2%93%9D%53%75%70%68%78" dan="14,14,14,18" rate="1858.43,1979.00,1814.87,2077.11" sx="M,M,F,M"/><TAIKYOKU oya="0"/><INIT seed="0,0,0,2,0,8" ten="250,250,250,250" oya="0" hai0="86,53,4,113,66,74,92,82,73,100,122,99,119" hai1="93,42,70,126,23,56,6,104,50,15,54,102,130" hai2="64,46,134,115,21,127,109,76,16,90,47,79,107" hai3="88,25,49,30,14,7,131,27,114,91,60,36,67"/><T71/><D119/><U78/><E126/><V69/><F115/><W2/><G2/><T57/><D122/><U40/><E70/><V55/><F107/><W20/><G36/><T31/><D113/><U34/><E34/><V0/><F0/><W28/><G131/><T32/><D71/><U84/><E104/><V37/><F127/><W13/><G7/><T68/><D4/><U128/><E78/><V18/><F109/><W1/><G1/><T106/><D68/><U110/><E110/><V75/><F134/><W135/><G135/><T132/><D66/><U29/><E29/><V45/><F37/><W41/><G114/><T105/><D105/><U11/><E102/><V52/><F75/><W98/><G49/><T95/><D95/><U61/><E23/><V17/><F69/><W35/><G41/><T24/><D92/><U117/><E117/><V77/><F64/><W96/><G67/><T133/><D133/><U5/><E5/><V112/><F112/><W43/><G43/><T58/><D58/><U125/><E125/><V9/><F9/><W62/><G20/><T65/><D65/><U123/><E123/><V48/><F90/><W44/><G44/><T101/><D101/><U51/><E42/><V59/><REACH who="2" step="1"/><F55/><REACH who="2" ten="250,250,240,250" step="2"/><W87/><G87/><T83/><D132/><U38/><E38/><V80/><F80/><W111/><G35/><T33/><D82/><U19/><E40/><V129/><F129/><N who="1" m="49769" /><E6/><V85/><F85/><W3/><G3/><T12/><D33/><U97/><E84/><V72/><F72/><W89/><G89/><T94/><D74/><RYUUKYOKU ba="0,1" sc="250,-30,250,10,240,10,250,10" hai1="11,15,19,50,51,54,56,61,93,97" hai2="16,17,18,21,45,46,47,48,52,59,76,77,79" hai3="13,14,25,27,28,30,60,62,88,91,96,98,111" /><INIT seed="1,1,1,5,2,101" ten="220,260,250,260" oya="1" hai0="64,106,126,119,89,102,57,130,105,122,78,128,73" hai1="90,13,22,71,97,52,43,29,12,20,31,96,68" hai2="47,39,3,15,7,46,75,92,85,0,70,103,98" hai3="77,19,62,49,17,51,104,14,117,26,63,111,79"/><U88/><REACH who="1" step="1"/><E52/><REACH who="1" ten="220,250,250,260" step="2"/><V4/><F3/><W1/><G1/><T9/><D119/><U131/><E131/><N who="0" m="50217" /><D126/><U120/><E120/><V133/><F0/><W69/><G117/><T30/><D122/><U93/><E93/><V36/><F92/><W66/><G66/><T42/><D42/><AGARI ba="1,2" hai="12,13,20,22,29,31,42,43,68,71,88,90,96,97" machi="42" ten="25,12000,1" yaku="21,2,22,2,54,1,53,0" doraHai="101" doraHaiUra="40" who="1" fromWho="0" sc="220,-123,250,143,250,0,260,0" /><INIT seed="1,2,0,2,5,83" ten="97,393,250,260" oya="1" hai0="122,108,6,54,88,21,130,105,24,17,46,68,131" hai1="93,31,104,39,78,14,64,48,134,132,49,50,28" hai2="5,100,128,20,35,82,45,70,116,107,1,97,101" hai3="42,117,124,69,86,3,81,96,57,63,30,2,58"/><U75/><E39/><V65/><F116/><W109/><G109/><T37/><D105/><U121/><E104/><V22/><F35/><W112/><G112/><T32/><D108/><U18/><E78/><V67/><F128/><W111/><G111/><T72/><D72/><U4/><E75/><V10/><F101/><W56/><G124/><T26/><D68/><U106/><E106/><V13/><F45/><W84/><G30/><T40/><D122/><U53/><E4/><V125/><F125/><W92/><G42/><T94/><D6/><U25/><E64/><V62/><F67/><W115/><G115/><T61/><D61/><U7/><E7/><V44/><F44/><W133/><G133/><N who="1" m="51306" /><E121/><V33/><F82/><W114/><G117/><T23/><D54/><U73/><E73/><V51/><F51/><N who="1" m="19529" /><E25/><V89/><F89/><N who="3" m="53287" /><G114/><T87/><REACH who="0" step="1"/><D32/><REACH who="0" ten="87,393,250,260" step="2"/><U129/><E129/><V126/><F126/><W77/><G69/><T15/><D15/><U71/><E71/><V91/><F33/><W43/><G63/><T38/><D38/><U47/><E14/><V98/><F13/><W11/><G3/><T59/><D59/><U60/><E60/><V80/><REACH who="2" step="1"/><F98/><REACH who="2" ten="87,393,240,260" step="2"/><W90/><G96/><T36/><D36/><U120/><E47/><V76/><F76/><W19/><G77/><T85/><D85/><AGARI ba="2,2" hai="1,5,10,20,22,62,65,70,80,85,91,97,100,107" machi="85" ten="40,2600,0" yaku="1,1,52,1,53,0" doraHai="83" doraHaiUra="41" who="2" fromWho="0" sc="87,-32,393,0,240,52,260,0" /><INIT seed="2,0,0,1,0,95" ten="55,393,292,260" oya="2" hai0="90,30,5,49,89,71,104,54,70,72,25,131,77" hai1="61,8,106,107,21,86,88,38,2,17,23,94,92" hai2="18,22,130,100,73,69,76,114,108,67,12,98,44" hai3="132,99,93,115,14,10,64,101,134,9,87,32,80"/><V51/><F114/><W1/><G32/><T97/><D131/><U125/><E38/><V128/><F108/><W65/><G115/><T50/><D5/><U3/><E125/><V105/><F73/><W123/><G123/><T117/><D50/><U135/><E135/><N who="3" m="51754" /><G1/><T118/><D77/><U119/><E119/><N who="0" m="45577" /><D72/><U15/><E21/><V68/><F76/><N who="3" m="46471" /><G10/><T48/><D48/><U0/><E61/><V55/><REACH who="2" step="1"/><F67/><REACH who="2" ten="55,393,282,260" step="2"/><W78/><G78/><T127/><D127/><U42/><E42/><V39/><F39/><W24/><G24/><T43/><D43/><U11/><E11/><V74/><F74/><W96/><G65/><T63/><D25/><U40/><E40/><V120/><F120/><W59/><G64/><T27/><D27/><U82/><E8/><V109/><F109/><W45/><G9/><T112/><D112/><U46/><E46/><V129/><AGARI ba="0,1" hai="12,18,22,44,51,55,68,69,98,100,105,128,129,130" machi="129" ten="30,11700,0" yaku="1,1,0,1,19,1,52,1,53,0" doraHai="95" doraHaiUra="34" who="2" fromWho="2" sc="55,-39,393,-39,282,127,260,-39" /><INIT seed="2,1,0,5,4,32" ten="16,354,409,221" oya="2" hai0="20,61,5,34,82,43,98,9,16,133,128,12,131" hai1="15,83,86,27,30,55,117,73,65,124,75,134,113" hai2="94,17,89,88,21,95,85,26,1,24,118,40,45" hai3="122,19,14,71,59,51,36,63,62,68,103,13,116"/><V99/><F118/><W107/><G116/><T44/><D133/><U0/><E117/><V108/><F1/><W132/><G36/><T80/><D34/><U120/><E113/><V129/><F129/><N who="0" m="49738" /><D61/><U31/><E134/><V112/><F112/><W91/><G122/><T70/><D98/><U104/><E104/><V127/><F127/><W11/><G103/><T38/><D70/><U126/><E65/><V105/><F105/><W46/><G107/><T76/><D76/><U106/><E106/><V81/><F108/><W3/><G63/><T22/><D22/><U123/><E15/><AGARI ba="1,0" hai="5,9,12,15,16,20,38,43,44,80,82" m="49738" machi="15" ten="30,2000,0" yaku="19,1,54,1" doraHai="32" who="0" fromWho="1" sc="16,23,354,-23,409,0,221,0" /><INIT seed="3,0,0,2,5,18" ten="39,331,409,221" oya="3" hai0="64,17,16,90,48,42,83,29,121,53,19,3,109" hai1="20,27,57,112,135,81,49,70,74,120,122,111,93" hai2="116,41,1,95,62,75,25,85,134,7,8,113,44" hai3="108,130,97,117,104,132,94,68,77,30,63,6,28"/><W106/><G117/><T37/><D121/><U89/><E70/><V123/><F116/><W34/><G130/><T96/><D3/><U76/><E135/><V38/><F113/><W72/><G6/><T100/><D64/><U119/><E112/><V131/><F134/><W103/><G132/><T14/><D29/><U110/><E119/><V58/><F131/><W127/><G127/><T128/><D109/><U80/><E80/><V126/><F126/><W12/><G12/><T52/><D53/><U99/><E49/><V69/><F69/><W101/><G108/><N who="1" m="41514" /><E57/><V26/><F75/><W125/><G125/><T114/><D114/><U40/><E40/><V56/><F58/><W105/><G77/><T45/><D83/><U82/><E82/><V43/><F41/><W87/><G72/><T35/><D35/><U129/><E129/><V47/><F47/><W22/><G34/><T124/><D90/><U71/><E71/><V24/><F123/><W0/><G0/><T9/><D124/><U21/><E21/><V73/><F73/><W98/><G22/><T59/><REACH who="0" step="1"/><D128/><REACH who="0" ten="29,331,409,221" step="2"/><U50/><E50/><V107/><F62/><W65/><G63/><T115/><D115/><U51/><E51/><V10/><F38/><W11/><G65/><T54/><D54/><U31/><AGARI ba="0,1" hai="20,27,31,74,76,81,89,93,99,120,122" m="41514" machi="31" ten="30,2000,0" yaku="14,1,52,1" doraHai="18" who="1" fromWho="1" sc="29,-5,331,30,409,-5,221,-10" /><INIT seed="4,0,0,2,4,35" ten="24,361,404,211" oya="0" hai0="74,64,76,101,71,61,110,123,67,90,10,66,8" hai1="34,113,124,26,5,69,7,99,44,107,3,16,1" hai2="88,32,29,75,102,135,128,131,108,97,73,80,17" hai3="31,23,125,40,118,14,19,129,55,121,49,134,37"/><T30/><D123/><U43/><E69/><V51/><F108/><W2/><G118/><T39/><D39/><U112/><E107/><V95/><F135/><W62/><G129/><T13/><D110/><U15/><E99/><V127/><F32/><W72/><G72/><N who="2" m="27721" /><F29/><W46/><G125/><T86/><D101/><U78/><E78/><V50/><F17/><W41/><G134/><T93/><D30/><N who="1" m="19799" /><E124/><V82/><F51/><W68/><G121/><T94/><D10/><N who="1" m="6263" /><E44/><V28/><F50/><W91/><G37/><T63/><D63/><U109/><E43/><V126/><F28/><W59/><G68/><T4/><REACH who="0" step="1"/><D94/><REACH who="0" ten="14,361,404,211" step="2"/><U79/><E109/><V36/><F36/><W21/><G31/><T96/><D96/><U77/><E79/><V70/><F127/><W81/><G62/><T38/><D38/><U133/><E77/><V25/><F126/><W98/><G98/><T106/><D106/><U104/><E104/><V58/><F131/><W116/><G116/><T56/><D56/><U114/><E133/><V42/><F42/><W27/><G41/><T33/><D33/><U84/><E84/><V53/><F128/><W52/><G40/><T83/><AGARI ba="0,1" hai="4,8,13,61,64,66,67,71,74,76,83,86,90,93" machi="83" ten="30,3000,0" yaku="1,1,0,1,53,0" doraHai="35" doraHaiUra="20" who="0" fromWho="0" sc="14,40,361,-10,404,-10,211,-10" /><INIT seed="4,1,0,2,4,124" ten="54,351,394,201" oya="0" hai0="9,122,73,134,0,1,84,16,95,107,67,126,91" hai1="4,35,88,13,133,92,103,66,49,86,25,79,24" hai2="96,131,70,78,6,40,114,14,45,47,77,115,106" hai3="42,81,61,85,8,132,82,93,121,20,58,112,109"/><T108/><D122/><U135/><E66/><V52/><F70/><W41/><G109/><T64/><D107/><U44/><E79/><V111/><F111/><W26/><G112/><N who="2" m="43049" /><F47/><W57/><G132/><T28/><D108/><U31/><E25/><V80/><F131/><W27/><G8/><T101/><D126/><U17/><E4/><V119/><F119/><W51/><G93/><T98/><D134/><U123/><E123/><V62/><F6/><W87/><G121/><T30/><D73/><U43/><REACH who="1" step="1"/><E103/><REACH who="1" ten="54,341,394,201" step="2"/><V69/><F78/><W127/><G127/><T54/><D67/><U100/><E100/><V33/><F77/><W36/><G27/><T38/><D64/><U94/><E94/><V125/><F106/><W3/><G26/><T129/><D95/><U46/><E46/><V10/><F125/><W5/><G5/><T56/><D101/><U48/><E48/><V22/><F80/><W55/><G51/><T50/><D50/><U89/><E89/><V18/><F69/><W83/><G83/><T29/><D1/><U99/><E99/><V2/><F96/><W72/><G3/><T118/><D0/><U76/><E76/><V59/><F2/><W74/><G82/><T104/><D98/><U110/><E110/><V90/><F90/><W113/><G113/><T71/><D104/><U60/><E60/><V53/><F33/><W116/><G81/><T130/><D91/><U102/><E102/><V65/><F10/><AGARI ba="1,1" hai="10,13,17,24,31,35,43,44,49,86,88,92,133,135" machi="10" ten="40,2600,0" yaku="1,1,54,1,53,0" doraHai="124" doraHaiUra="105" who="1" fromWho="2" sc="54,0,341,39,394,-29,201,0" /><INIT seed="5,0,0,2,0,90" ten="54,380,365,201" oya="1" hai0="16,66,36,95,118,129,32,2,131,21,130,83,98" hai1="71,121,93,47,100,35,24,62,22,87,133,101,117" hai2="14,18,52,45,112,132,50,58,17,77,60,44,37" hai3="31,8,42,120,11,102,89,126,96,0,56,48,111"/><U135/><E117/><V76/><F132/><N who="1" m="50761" /><E35/><V64/><F112/><W34/><G126/><T124/><D118/><U30/><E121/><V113/><F113/><W107/><G111/><T88/><D36/><U80/><E93/><V106/><F106/><W39/><G0/><T75/><D32/><U85/><E85/><V103/><F103/><W4/><G4/><T68/><D2/><U59/><E71/><V13/><F37/><W81/><G39/><T115/><D115/><U65/><E47/><V5/><F5/><W63/><G120/><T19/><D124/><U109/><E109/><V114/><F114/><W69/><G81/><T91/><D21/><U97/><E97/><V70/><F70/><W43/><G69/><T7/><D7/><U134/><N who="1" m="50769" /><U78/><AGARI ba="0,0" hai="22,24,30,59,62,65,78,80,87,100,101" m="50769" machi="78" ten="40,3900,0" yaku="4,1,20,1" doraHai="90" who="1" fromWho="1" sc="54,-13,380,39,365,-13,201,-13" /><INIT seed="5,1,0,0,2,47" ten="41,419,352,188" oya="1" hai0="81,35,36,120,130,109,75,97,132,21,90,111,5" hai1="8,65,3,82,112,46,128,38,92,100,0,108,26" hai2="85,50,55,86,25,102,57,52,64,122,135,129,123" hai3="28,105,77,39,19,13,16,18,32,99,56,9,95"/><U117/><E112/><V4/><F129/><W63/><G39/><T116/><D35/><U24/><E117/><V54/><F135/><W7/><G105/><T62/><D36/><U118/><E118/><V133/><F133/><W30/><G77/><T126/><D5/><U83/><E128/><V48/><F102/><W20/><G32/><T104/><D21/><U43/><E3/><V84/><F4/><W68/><G68/><T101/><D130/><U106/><E106/><V41/><F41/><W31/><G95/><T17/><D17/><U15/><E0/><V22/><F122/><W11/><G99/><T89/><D62/><U58/><E108/><V1/><F1/><N who="3" m="239" /><G56/><T87/><D132/><U33/><E33/><V27/><F123/><W66/><G63/><T2/><D2/><U80/><E65/><V49/><F22/><W6/><G66/><T79/><D116/><U131/><E58/><V88/><F88/><N who="0" m="33898" /><D120/><U124/><E124/><V60/><AGARI ba="1,0" hai="25,27,48,49,50,52,54,55,57,60,64,84,85,86" machi="60" ten="40,16000,3" yaku="0,1,29,2,8,1,52,3,54,1" doraHai="47" who="2" fromWho="2" sc="41,-41,419,-81,352,163,188,-41" /><INIT seed="6,0,0,4,2,76" ten="0,338,515,147" oya="2" hai0="111,49,126,79,23,86,113,73,58,13,80,44,91" hai1="129,124,90,5,25,125,69,8,54,27,45,2,133" hai2="93,40,46,17,71,78,22,6,104,47,117,21,96" hai3="75,94,10,15,48,132,95,118,65,19,57,52,50"/><V67/><F104/><W89/><G132/><T105/><D111/><U108/><E69/><V41/><F117/><W92/><G75/><T77/><D105/><U84/><E108/><V121/><F121/><W131/><G131/><T82/><D126/><U100/><E100/><V70/><F78/><W116/><G65/><T102/><D113/><U39/><E129/><V59/><F6/><W60/><G118/><T56/><D102/><U3/><E3/><V128/><F128/><W30/><G30/><T109/><D109/><U110/><E110/><V112/><F112/><W64/><G116/><T107/><D107/><U20/><E133/><V35/><F35/><W33/><G33/><T1/><D1/><U88/><E90/><V32/><F32/><W134/><G134/><T62/><D91/><U127/><E20/><V55/><F70/><W74/><G74/><T31/><D62/><U0/><E0/><V63/><F22/><W7/><G50/><T14/><D14/><U61/><E61/><V66/><F71/><W81/><G7/><T83/><D83/><N who="1" m="49183" /><E54/><V114/><F114/><W9/><G9/><T51/><D51/><U98/><E98/><V26/><F46/><N who="3" m="27671" /><G81/><T16/><D31/><U103/><E103/><V12/><F12/><W11/><G11/><T68/><D68/><U37/><E45/><V18/><F18/><W38/><G89/><T122/><D122/><U53/><E53/><AGARI ba="0,0" hai="13,16,23,44,49,53,56,58,73,77,79,80,82,86" machi="53" ten="30,7700,0" yaku="7,1,52,2,54,1" doraHai="76" who="0" fromWho="1" sc="0,77,338,-77,515,0,147,0" /><INIT seed="7,0,0,2,5,2" ten="77,261,515,147" oya="3" hai0="72,71,48,84,10,36,79,14,57,129,88,111,128" hai1="30,9,69,20,50,46,105,37,5,77,17,120,45" hai2="70,81,7,54,130,34,86,75,49,65,73,15,132" hai3="21,126,39,94,58,53,51,62,102,127,52,41,118"/><W0/><G0/><T18/><D111/><U135/><E69/><V103/><F34/><W55/><G21/><T119/><D36/><U96/><E120/><V121/><F132/><W117/><G94/><T29/><D71/><U133/><E30/><V101/><F130/><W95/><G95/><T63/><D119/><N who="3" m="45577" /><G102/><T92/><D29/><U68/><E77/><V106/><F121/><W12/><G12/><T134/><D134/><U61/><E45/><V85/><F86/><W89/><G89/><T67/><D48/><U104/><E96/><V100/><F106/><W114/><G114/><T31/><D31/><U38/><E105/><V90/><F15/><W98/><G98/><T40/><REACH who="0" step="1"/><D40/><REACH who="0" ten="67,261,515,147" step="2"/><U113/><E133/><V110/><F49/><W26/><G39/><T97/><D97/><U112/><E135/><V24/><F75/><W83/><G41/><T44/><D44/><U64/><E112/><V93/><F73/><W82/><G51/><T108/><D108/><U131/><E113/><V35/><F110/><W42/><G42/><T11/><D11/><U28/><E28/><V6/><F81/><W80/><G80/><T60/><D60/><U32/><E38/><V116/><F85/><W47/><G47/><T8/><D8/><U33/><E37/><V76/><F24/><W19/><G83/><T99/><D99/><U25/><E104/><V125/><F35/><W123/><G82/><T23/><D23/><U27/><E33/><V78/><F76/><W91/><G123/><T1/><D1/><U43/><E32/><V66/><F78/><W13/><G62/><RYUUKYOKU ba="0,1" sc="67,30,261,-10,515,-10,147,-10" hai0="10,14,18,57,63,67,72,79,84,88,92,128,129" owari="97,-40.0,251,5.0,515,61.0,137,-26.0" /></mjloggm>