<mjloggm ver="2.3"><GO type="41" lobby="0"/><UN n0="%E3%82%B0%E3%83%AC%E3%83%BC%E3%83%97%E3%82%B5%E3%83%AF%E3%83%BC" n1="%E5%90%9F%E5%AD%90" n2="%E5%A4%A9%E5%B7%9D%E7%9C%9F%E5%A4%9C" n3="%E2%93%9D%53%75%70%68%78" dan="14,13,15,18" rate="1964.33,1828.12,2116.55,2081.78" sx="M,F,M,M"/><TAIKYOKU oya="0"/><INIT seed="0,0,0,4,1,125" ten="250,250,250,250" oya="0" hai0="8,10,95,55,99,80,75,135,120,21,116,100,33" hai1="81,60,45,16,58,19,25,107,12,14,88,20,0" hai2="66,67,42,3,108,4,82,22,112,6,50,64,31" hai3="72,7,114,84,96,5,94,26,109,27,104,47,134"/><T105/><D33/><U48/><E0/><V44/><F112/><W71/><G72/><T131/><D116/><U57/><E107/><V130/><F108/><W102/><G71/><T62/><D135/><U91/><E25/><N who="2" m="16823" /><F130/><W56/><G109/><T30/><D131/><U103/><E103/><V34/><F34/><W29/><G47/><T129/><D129/><U122/><E122/><V85/><F3/><W119/><G27/><N who="0" m="16751" /><D105/><U98/><E98/><V121/><F121/><W97/><G97/><T123/><D123/><U110/><E110/><V37/><F37/><W1/><G1/><T49/><D75/><U86/><E91/><AGARI ba="0,0" hai="4,6,42,44,50,64,66,67,82,85,91" m="16823" machi="91" ten="30,1000,0" yaku="8,1" doraHai="125" who="2" fromWho="1" sc="250,0,250,-10,250,10,250,0" /><INIT seed="1,0,0,2,3,22" ten="250,240,260,250" oya="1" hai0="9,31,91,47,133,29,88,53,67,118,75,101,123" hai1="86,57,134,64,113,33,5,95,120,76,119,109,43" hai2="66,8,26,93,36,94,11,108,65,10,37,28,77" hai3="102,41,114,70,15,46,25,105,3,90,132,100,12"/><U124/><E120/><V72/><F108/><W121/><G3/><T63/><D118/><U73/><E119/><V79/><F72/><W56/><G70/><T61/><D75/><U19/><E113/><V14/><F14/><W6/><G132/><T126/><D126/><U99/><E73/><V135/><F135/><W18/><G105/><T60/><D133/><U34/><E134/><V59/><F59/><W111/><G111/><T48/><D123/><U38/><E109/><V128/><F128/><W24/><G114/><T131/><D131/><U39/><E124/><V129/><F129/><W58/><G90/><N who="0" m="34347" /><D67/><U13/><E5/><V96/><F96/><W52/><G58/><T44/><D101/><N who="3" m="39017" /><G15/><T32/><D32/><U103/><E34/><V0/><F0/><W112/><G6/><T104/><D104/><U7/><E7/><V83/><F65/><W1/><G1/><T35/><D35/><U51/><E33/><V89/><F66/><W27/><G112/><T125/><D125/><U68/><E68/><V54/><F37/><W16/><G12/><T74/><D74/><U20/><E64/><V4/><F36/><W62/><G121/><T97/><D97/><U23/><E39/><V82/><F4/><W78/><G78/><T116/><D116/><U80/><E38/><V17/><F89/><W45/><G41/><N who="0" m="24591" /><D9/><N who="1" m="6575" /><E43/><V55/><F8/><W98/><G98/><T130/><D130/><U71/><E71/><V127/><F127/><W117/><G117/><T106/><D106/><U42/><E42/><V69/><F69/><W87/><G87/><T107/><D107/><RYUUKYOKU ba="0,0" sc="250,10,240,10,260,-30,250,10" hai0="29,31,47,53,60,61,63" hai1="20,23,51,57,76,80,86,95,99,103" hai3="16,18,24,25,27,45,46,52,56,62" /><INIT seed="1,1,0,4,3,11" ten="260,250,230,260" oya="1" hai0="24,112,45,86,75,47,88,131,77,50,122,39,64" hai1="28,32,115,21,40,128,73,56,35,16,111,121,53" hai2="65,78,5,70,51,87,29,91,30,46,48,125,60" hai3="20,49,61,8,34,116,74,1,100,107,66,18,120"/><U92/><E121/><V102/><F102/><W12/><G120/><T26/><D112/><U13/><E115/><V23/><F125/><W124/><G74/><T101/><D131/><U76/><E128/><V54/><F78/><W118/><G34/><T2/><D2/><U84/><E73/><V80/><F5/><W82/><G82/><T10/><D101/><U4/><E40/><V42/><REACH who="2" step="1"/><F23/><REACH who="2" ten="260,250,220,260" step="2"/><W17/><G124/><T119/><D77/><U15/><E35/><V63/><F63/><W79/><G79/><T126/><D126/><U129/><E32/><V71/><F71/><W33/><G33/><T105/><D122/><U36/><E129/><V81/><F81/><W37/><G100/><T6/><D6/><U72/><E72/><V98/><F98/><W113/><G113/><T62/><D75/><U103/><E76/><V132/><F132/><W57/><G20/><T69/><D105/><U22/><E103/><V94/><F94/><W89/><G107/><T130/><D130/><U67/><E92/><V117/><F117/><W134/><G118/><T108/><D119/><U68/><E68/><V127/><F127/><W27/><G134/><T14/><D62/><U106/><E106/><V7/><F7/><W93/><G116/><T114/><D69/><U44/><E4/><V99/><F99/><W41/><G93/><T83/><D83/><U19/><E84/><V52/><F52/><W90/><G61/><T104/><D86/><U96/><E96/><V97/><F97/><W95/><G95/><T110/><D104/><U31/><E53/><V109/><F109/><RYUUKYOKU ba="1,1" sc="260,-10,250,-10,220,30,260,-10" hai2="29,30,42,46,48,51,54,60,65,70,80,87,91" /><INIT seed="2,2,1,0,2,109" ten="250,240,250,250" oya="2" hai0="79,130,101,34,120,71,0,119,112,75,37,42,33" hai1="95,124,1,96,20,12,21,104,59,103,88,11,56" hai2="116,65,67,17,97,110,36,22,86,113,85,19,99" hai3="89,14,32,2,63,76,87,4,126,115,107,81,133"/><V128/><F116/><W38/><G38/><T93/><RYUUKYOKU type="yao9" ba="2,1" sc="250,0,240,0,250,0,250,0" hai0="0,33,34,37,42,71,75,79,93,101,112,119,120,130" /><INIT seed="2,3,1,4,0,87" ten="250,240,250,250" oya="2" hai0="36,22,129,35,0,98,59,73,86,15,100,127,71" hai1="102,131,37,63,57,122,99,34,125,24,10,119,126" hai2="53,31,1,42,2,58,68,50,111,9,105,62,128" hai3="124,80,4,65,104,41,28,92,39,33,6,79,7"/><V76/><F105/><W116/><G104/><T82/><D71/><U55/><E119/><V113/><F113/><W40/><G116/><T75/><D0/><U85/><E37/><V14/><F128/><W64/><G124/><N who="1" m="47722" /><E131/><V5/><F111/><W83/><G33/><T89/><D36/><U132/><E122/><V130/><F130/><W110/><G28/><T56/><D35/><U23/><E34/><V18/><F31/><W81/><G79/><T133/><D133/><U17/><E85/><V26/><F76/><W11/><G11/><T30/><D129/><U88/><E10/><V16/><F1/><W84/><G110/><T3/><D3/><U117/><E117/><V66/><F42/><N who="3" m="16491" /><G39/><T134/><D134/><U32/><E32/><V95/><F26/><W44/><G44/><T93/><D127/><U8/><E8/><V29/><F29/><W45/><G45/><T109/><D109/><U54/><E102/><V51/><F51/><W21/><G21/><T43/><D43/><U70/><E70/><V72/><F72/><W96/><G84/><T12/><D75/><U61/><E132/><V69/><F69/><W118/><G118/><T115/><D73/><U107/><E107/><V103/><REACH who="2" step="1"/><F2/><REACH who="2" ten="250,240,240,250" step="2"/><W78/><G78/><T112/><D112/><U49/><E55/><V47/><F47/><W46/><G46/><T106/><D106/><U67/><E67/><V135/><F135/><W77/><G77/><T101/><D115/><U120/><E120/><V74/><F74/><W60/><G60/><T13/><D30/><U108/><E108/><V48/><F48/><RYUUKYOKU ba="3,2" sc="250,-30,240,10,240,10,250,10" hai1="17,23,24,49,54,57,61,63,88,99" hai2="5,9,14,16,18,50,53,58,62,66,68,95,103" hai3="4,6,7,64,65,80,81,83,92,96" /><INIT seed="2,4,2,0,1,100" ten="220,250,250,260" oya="2" hai0="102,84,48,1,94,74,36,35,129,29,127,12,65" hai1="80,42,104,40,70,52,13,82,15,67,118,79,76" hai2="3,22,126,114,5,135,59,16,131,91,31,60,61" hai3="69,107,18,110,53,20,41,117,77,78,54,2,73"/><V87/><F114/><W51/><G2/><T17/><D1/><U90/><E118/><V89/><F131/><W123/><G69/><T37/><D74/><U32/><E32/><V130/><F130/><W121/><G117/><T86/><D129/><U120/><E90/><V57/><F135/><W21/><G41/><T97/><D65/><U125/><E67/><N who="2" m="39311" /><F3/><W128/><G128/><T99/><D127/><U122/><E70/><V66/><F126/><W119/><G119/><T106/><D48/><U47/><E125/><V95/><F31/><W24/><G110/><T28/><D37/><U38/><E47/><V11/><F89/><W33/><G33/><T25/><D29/><U0/><E0/><V72/><F72/><W4/><G73/><T44/><D44/><U98/><E98/><V116/><F116/><W108/><G108/><T71/><D36/><U30/><E30/><V134/><F134/><W23/><G123/><T68/><D68/><U115/><E38/><V109/><F109/><W9/><G121/><T64/><D64/><U83/><E83/><V26/><F11/><W112/><G9/><T63/><D63/><U7/><E7/><AGARI ba="4,2" hai="5,7,16,22,26,59,61,66,87,91,95" m="39311" machi="7" ten="30,2900,0" yaku="8,1,54,1" doraHai="100" who="2" fromWho="1" sc="220,0,250,-41,250,61,260,0" /><INIT seed="2,5,0,2,3,93" ten="220,209,311,260" oya="2" hai0="104,106,10,135,118,119,57,64,72,75,126,24,8" hai1="32,70,60,26,91,76,101,92,45,89,13,59,99" hai2="134,114,25,125,100,122,42,115,65,55,116,52,15" hai3="33,34,132,4,124,0,81,9,16,56,41,90,127"/><V129/><F116/><N who="0" m="44586" /><D24/><U53/><E76/><V80/><F122/><W40/><G56/><T39/><D39/><U30/><E13/><V18/><F129/><W62/><G62/><N who="0" m="37967" /><D126/><N who="3" m="48169" /><G132/><T21/><D21/><U103/><E45/><V31/><F134/><W108/><G108/><T102/><D102/><U85/><E70/><V23/><F125/><W54/><G54/><T86/><D86/><U3/><REACH who="1" step="1"/><E3/><REACH who="1" ten="220,199,311,260" step="2"/><V110/><F110/><W96/><G0/><T2/><D2/><U128/><E128/><V77/><F65/><W47/><G47/><T38/><D135/><U28/><E28/><V61/><F42/><W36/><G41/><T49/><D75/><U95/><AGARI ba="5,1" hai="26,30,32,53,59,60,85,89,91,92,95,99,101,103" machi="95" ten="20,12000,2" yaku="1,1,0,1,7,1,52,1,53,2" doraHai="93" doraHaiUra="98" who="1" fromWho="1" sc="220,-35,199,145,311,-65,260,-35" /><INIT seed="3,0,0,1,0,117" ten="185,344,246,225" oya="3" hai0="93,28,5,52,2,20,43,62,76,29,113,74,22" hai1="127,78,12,44,59,82,112,27,90,98,123,84,87" hai2="71,65,108,4,94,114,8,19,45,36,35,21,25" hai3="105,26,3,18,42,15,73,64,53,81,92,134,34"/><W60/><G105/><T135/><D135/><U131/><E112/><V75/><F114/><W88/><G3/><T48/><D74/><U0/><E0/><V37/><F108/><W49/><G42/><T132/><D76/><U47/><E131/><V39/><F75/><W102/><G34/><T83/><D83/><U54/><E127/><V109/><F109/><W120/><G26/><T97/><D132/><U9/><E98/><V107/><F107/><W31/><G31/><T104/><D104/><U30/><E123/><V125/><F125/><W96/><G134/><T128/><D29/><U66/><E66/><V56/><F71/><W110/><G120/><T99/><D99/><U95/><E27/><V14/><F94/><W80/><G73/><T126/><D28/><U1/><E1/><V63/><REACH who="2" step="1"/><F35/><REACH who="2" ten="185,344,236,225" step="2"/><W10/><G110/><T58/><D126/><U16/><REACH who="1" step="1"/><E30/><REACH who="1" ten="185,334,236,225" step="2"/><V106/><F106/><W130/><G130/><T91/><D128/><U11/><E11/><V23/><F23/><W40/><G10/><T38/><D22/><U68/><E68/><V32/><F32/><W121/><G121/><T103/><D20/><U115/><E115/><V129/><F129/><W17/><G96/><T86/><D113/><U116/><E116/><V122/><F122/><W70/><G70/><T77/><D97/><U7/><E7/><V79/><F79/><W41/><G18/><T118/><D77/><U57/><E57/><V100/><F100/><W55/><G17/><T67/><D103/><U13/><E13/><V111/><F111/><W6/><G15/><T119/><D58/><RYUUKYOKU ba="0,2" sc="185,-15,334,15,236,15,225,-15" hai1="9,12,16,44,47,54,59,78,82,84,87,90,95" hai2="4,8,14,19,21,25,36,37,39,45,56,63,65" /><INIT seed="4,1,2,2,1,102" ten="170,349,251,210" oya="0" hai0="21,81,2,76,111,115,40,27,91,116,19,54,92" hai1="57,16,59,69,17,72,85,11,84,68,126,42,41" hai2="56,122,52,113,63,36,32,130,95,55,4,71,90" hai3="88,123,47,112,44,124,114,46,83,18,30,105,8"/><T134/><D116/><U132/><E11/><V58/><F122/><W75/><G30/><T77/><D2/><U118/><E126/><V43/><F32/><W108/><G108/><T89/><D115/><N who="3" m="44073" /><G124/><T67/><D67/><U53/><E53/><V70/><F113/><W98/><G123/><T65/><D65/><U93/><E93/><V97/><F130/><W62/><G62/><T103/><D40/><U34/><E34/><V22/><F4/><W37/><G75/><T28/><D134/><U79/><E72/><V80/><F80/><W96/><G37/><T13/><D111/><U0/><E79/><N who="0" m="30281" /><D54/><U25/><E25/><V35/><F35/><W125/><G105/><T51/><D51/><U78/><E78/><V50/><REACH who="2" step="1"/><F22/><REACH who="2" ten="170,349,241,210" step="2"/><W110/><G125/><T129/><D81/><U117/><REACH who="1" step="1"/><E0/><REACH who="1" ten="170,339,241,210" step="2"/><V31/><F31/><W26/><G110/><T86/><D129/><U6/><E6/><V61/><F61/><W15/><G26/><T107/><D28/><U128/><E128/><V1/><F1/><W73/><G73/><T127/><D127/><U99/><E99/><V45/><AGARI ba="1,4" hai="36,43,45,50,52,55,56,58,63,70,71,90,95,97" machi="45" ten="30,4000,0" yaku="1,1,0,1,54,1,53,0" doraHai="102" doraHaiUra="106" who="2" fromWho="2" sc="170,-21,339,-11,241,83,210,-11" /><INIT seed="5,0,0,0,3,50" ten="149,328,324,199" oya="1" hai0="16,67,85,115,28,103,3,56,131,71,2,64,72" hai1="54,7,76,12,40,102,13,0,93,97,20,21,126" hai2="39,63,35,38,83,123,22,96,106,48,109,94,18" hai3="34,133,92,51,55,127,46,118,105,74,8,84,104"/><U9/><E126/><V42/><F123/><W113/><G74/><T59/><D72/><U114/><E114/><V121/><F121/><W37/><G34/><T125/><D28/><U53/><E40/><V70/><F35/><W80/><G133/><T58/><D125/><U122/><E122/><V73/><F106/><W4/><G127/><T91/><D103/><U86/><E0/><V57/><F70/><W61/><G37/><T45/><D131/><U15/><E7/><V95/><F109/><W119/><G92/><T49/><D115/><U101/><E101/><V30/><F30/><W41/><G113/><T24/><D3/><U33/><E33/><V27/><F94/><W11/><G105/><T120/><D71/><U108/><E108/><V110/><F48/><W100/><G100/><T23/><D2/><U62/><E62/><V25/><F25/><W75/><G75/><T44/><D44/><U17/><E9/><V65/><F42/><W88/><G104/><T47/><D47/><U124/><E124/><V5/><F5/><W116/><G4/><T77/><D77/><U128/><E128/><V69/><F69/><W107/><G107/><T87/><D120/><U43/><E43/><V117/><F117/><W81/><G81/><N who="0" m="49583" /><D87/><U36/><E36/><V130/><F130/><W6/><G6/><T60/><D60/><U32/><E32/><V1/><F1/><W10/><G61/><T112/><D112/><U66/><E66/><V31/><F110/><W29/><G29/><T111/><D111/><U68/><E68/><V14/><F31/><W79/><G41/><AGARI ba="0,0" hai="16,23,24,41,45,49,56,58,59,64,67" m="49583" machi="41" ten="30,3900,0" yaku="6,1,8,1,54,1" doraHai="50" who="0" fromWho="3" sc="149,39,328,0,324,0,199,-39" /><INIT seed="6,0,0,4,5,39" ten="188,328,324,160" oya="2" hai0="65,94,118,35,80,89,87,24,5,16,2,1,113" hai1="107,103,96,78,100,40,124,6,129,14,41,75,20" hai2="119,8,22,17,70,21,91,11,26,128,76,126,97" hai3="27,133,52,120,32,44,63,77,85,12,28,49,60"/><V116/><F70/><W114/><G120/><T90/><D113/><U3/><E124/><V54/><F128/><W105/><G105/><T123/><D123/><U86/><E103/><V37/><F126/><W36/><G114/><T106/><D106/><U108/><E129/><V135/><F135/><W46/><G133/><T84/><D118/><U4/><E108/><V104/><F76/><W15/><G63/><T132/><D132/><U69/><E69/><V125/><F125/><W95/><G60/><T115/><D65/><U131/><E131/><V134/><F134/><W47/><G36/><T50/><D115/><U121/><E121/><V48/><F37/><W23/><G32/><T61/><D61/><U74/><E3/><V34/><F34/><W93/><G93/><T55/><D5/><U64/><E64/><V79/><F79/><W56/><REACH who="3" step="1"/><G95/><REACH who="3" ten="188,328,324,150" step="2"/><T68/><D68/><U38/><E38/><V81/><F104/><W59/><G59/><T57/><REACH who="0" step="1"/><D35/><REACH who="0" ten="178,328,324,150" step="2"/><U82/><E75/><V72/><F72/><W10/><G10/><T51/><D51/><U109/><E74/><V0/><F8/><W122/><G122/><T130/><D130/><U88/><E109/><V25/><F11/><W9/><G9/><T53/><D53/><U7/><REACH who="1" step="1"/><E78/><REACH who="1" ten="178,318,324,150" step="2"/><V117/><F117/><W73/><G73/><T110/><D110/><U30/><E30/><V31/><F119/><W111/><G111/><T13/><D13/><U102/><E102/><V19/><F116/><W18/><G18/><AGARI ba="0,3" hai="4,6,7,14,18,20,40,41,82,86,88,96,100,107" machi="18" ten="40,8000,1" yaku="1,1,52,2,54,1,53,0" doraHai="39" doraHaiUra="58" who="1" fromWho="3" sc="178,0,318,110,324,0,150,-80" /><INIT seed="7,0,0,1,2,69" ten="178,428,324,70" oya="3" hai0="98,13,65,64,88,39,44,24,61,29,114,95,106" hai1="22,126,17,76,52,30,2,38,66,48,27,104,115" hai2="16,67,79,28,32,53,54,94,8,112,82,135,55" hai3="40,107,134,131,47,113,10,128,58,11,12,73,100"/><W86/><G73/><T118/><D118/><U78/><E2/><V42/><F112/><W133/><G113/><T125/><D125/><U117/><E104/><V116/><F116/><W71/><G71/><T91/><D106/><U92/><E115/><V6/><F135/><N who="3" m="51723" /><G58/><T25/><D114/><U80/><E117/><V85/><F67/><W9/><G86/><T21/><D13/><U103/><E66/><V132/><F32/><W123/><G123/><T129/><D129/><N who="3" m="49737" /><G107/><T7/><D7/><U19/><E38/><V70/><F70/><W122/><G100/><T63/><D65/><U81/><E126/><V57/><F57/><W43/><G122/><T37/><D44/><N who="1" m="27655" /><E103/><V35/><F35/><W99/><G99/><T109/><D98/><U84/><E92/><V50/><F94/><W102/><G102/><T33/><D95/><U62/><E62/><V108/><F132/><W124/><G124/><T1/><D64/><U110/><E110/><V23/><F108/><W105/><G105/><T49/><D109/><U97/><E97/><V59/><F59/><W111/><G111/><T18/><D63/><U83/><E84/><V31/><F85/><W68/><G68/><T46/><D61/><U127/><E127/><V45/><F45/><W75/><G75/><T72/><D72/><U51/><E51/><V101/><F50/><N who="3" m="26983" /><G43/><N who="0" m="24799" /><D91/><U74/><E74/><V15/><F42/><W36/><G12/><T130/><D130/><U4/><E78/><V26/><F101/><W20/><G20/><T89/><D1/><U34/><E76/><V77/><F77/><W96/><G96/><RYUUKYOKU ba="0,0" sc="178,10,428,-30,324,10,70,10" hai0="18,21,24,25,29,33,37,39,88,89" hai2="6,8,15,16,23,26,28,31,53,54,55,79,82" hai3="9,10,11,36" /><INIT seed="7,1,0,4,5,126" ten="188,398,334,80" oya="3" hai0="53,56,58,82,83,124,45,105,81,88,102,47,18" hai1="92,38,13,29,31,73,122,131,68,6,125,12,80" hai2="100,101,4,109,86,0,128,32,85,48,62,69,106" hai3="64,65,76,103,34,28,116,16,110,114,49,90,75"/><W118/><G103/><T40/><D124/><U52/><E122/><V111/><F32/><W7/><G7/><T113/><D113/><U17/><E125/><V107/><F48/><W42/><G114/><T2/><D2/><U36/><E68/><V10/><F69/><W132/><G132/><T30/><D30/><U120/><E120/><V50/><F50/><W41/><G90/><T59/><D105/><U63/><E6/><V46/><F62/><W61/><G76/><T35/><D35/><U15/><E17/><V33/><F33/><W60/><G34/><T87/><D102/><U96/><E131/><V3/><F46/><N who="0" m="17418" /><D40/><N who="3" m="15465" /><G28/><T84/><D84/><U22/><E22/><V71/><F71/><N who="3" m="42375" /><G16/><T78/><D78/><U135/><E73/><V66/><F4/><W55/><G75/><T44/><D18/><U21/><E80/><N who="0" m="30825" /><D44/><U39/><E21/><V104/><F104/><W70/><G110/><T74/><D74/><U112/><E135/><V94/><F94/><W8/><G8/><T130/><D130/><U98/><E112/><V26/><F10/><W99/><G99/><T115/><D115/><U54/><E98/><V43/><F128/><W89/><G89/><T57/><D57/><AGARI ba="1,0" hai="49,55,57,61,65,70,116,118" m="42375,15465" machi="57" ten="30,2900,0" yaku="34,2" doraHai="126" who="3" fromWho="0" sc="188,-32,398,0,334,0,80,32" /><INIT seed="7,2,0,5,3,16" ten="156,398,334,112" oya="3" hai0="134,106,86,20,26,74,116,58,68,118,35,63,96" hai1="23,43,100,0,7,75,30,25,10,46,122,113,105" hai2="112,15,53,9,51,81,125,102,87,111,130,82,69" hai3="64,79,60,101,29,22,109,44,70,132,107,1,17"/><W80/><G132/><T135/><D74/><U90/><E75/><V13/><F111/><W54/><G1/><T126/><D68/><U66/><E113/><V39/><F112/><W77/><G109/><T84/><D35/><U56/><E122/><V93/><F39/><W45/><G29/><N who="0" m="17607" /><D126/><U119/><E119/><N who="0" m="45609" /><D96/><U117/><E117/><V99/><F125/><W36/><G79/><T95/><D95/><U3/><E3/><V110/><F130/><W8/><G8/><T49/><D49/><U98/><E90/><V76/><F69/><W97/><G36/><T71/><D71/><U28/><E56/><V73/><F110/><W127/><G127/><T124/><D106/><U11/><E11/><V94/><F94/><W104/><G104/><T103/><D103/><U24/><E66/><V50/><F50/><W14/><REACH who="3" step="1"/><G54/><REACH who="3" ten="156,398,334,102" step="2"/><N who="0" m="34263" /><D124/><U62/><E105/><V131/><F131/><W85/><AGARI ba="2,1" hai="14,17,22,44,45,60,64,70,77,80,85,97,101,107" machi="85" ten="20,7800,0" yaku="1,1,0,1,7,1,52,1,53,0" doraHai="16" doraHaiUra="129" who="3" fromWho="3" sc="156,-28,398,-28,334,-28,102,94" /><INIT seed="7,3,0,4,5,54" ten="128,370,306,196" oya="3" hai0="95,80,12,100,105,57,42,81,69,73,55,53,48" hai1="102,20,90,38,24,32,119,93,29,44,122,23,7" hai2="39,79,17,123,84,33,59,106,0,21,131,114,70" hai3="49,134,60,51,97,56,99,19,103,65,133,22,15"/><W8/><G99/><T6/><D73/><U126/><E122/><V25/><F70/><W18/><G134/><T130/><D69/><U5/><E102/><V104/><F123/><W26/><REACH who="3" step="1"/><G133/><REACH who="3" ten="128,370,306,186" step="2"/><T36/><D105/><AGARI ba="3,1" hai="8,15,18,19,22,26,49,51,56,60,65,97,103,105" machi="105" ten="30,11600,0" yaku="1,1,2,1,7,1,52,1,53,0" doraHai="54" doraHaiUra="135" who="3" fromWho="0" sc="128,-125,370,0,306,0,186,135" /><INIT seed="7,4,0,1,0,5" ten="3,370,306,321" oya="3" hai0="65,66,97,112,91,82,74,121,84,4,122,45,104" hai1="32,16,50,102,15,13,130,135,69,93,101,128,64" hai2="54,47,20,22,46,110,0,106,78,9,86,88,1" hai3="92,77,120,19,116,85,43,124,63,7,68,23,80"/><W48/><G120/><T24/><D74/><U114/><E32/><V60/><F106/><W3/><G116/><T67/><D4/><U131/><E135/><V35/><F110/><W83/><G124/><T39/><D24/><U115/><E15/><V118/><F35/><W58/><G68/><T134/><D134/><U26/><E26/><V56/><F118/><W27/><G3/><T105/><D97/><U72/><E72/><V25/><F22/><W98/><G7/><T8/><D8/><N who="1" m="6183" /><E50/><V36/><F78/><W55/><G83/><T107/><D45/><U123/><E123/><V61/><F61/><W81/><G81/><T62/><D62/><N who="1" m="40087" /><E93/><V57/><F57/><W94/><G98/><T44/><D112/><AGARI ba="4,0" hai="101,102,112,114,115,128,130,131" m="40087,6183" machi="112" ten="40,8000,1" yaku="15,1,19,1,52,1,54,1" doraHai="5" who="1" fromWho="0" sc="3,-92,370,92,306,0,321,0" owari="-89,-59.0,462,56.0,306,-9.0,321,12.0" /></mjloggm>