<mjloggm ver="2.3"><GO type="41" lobby="0"/><UN n0="%E3%81%9F%E3%81%8D%E3%82%82%E3%82%93%EF%BC%81" n1="%E2%93%9D%53%75%70%68%78" n2="%D0%B1%D0%B5%D1%8F%D0%BD" n3="%E5%BC%B7%E3%81%8F%E3%81%AA%E3%82%8B" dan="16,16,13,15" rate="1993.38,2029.39,1909.60,2025.60" sx="M,M,M,M"/><TAIKYOKU oya="0"/><INIT seed="0,0,0,4,3,24" ten="250,250,250,250" oya="0" hai0="29,134,69,81,87,85,32,28,7,116,70,20,3" hai1="73,33,78,100,83,57,76,10,75,5,126,96,122" hai2="60,112,93,48,110,34,8,111,102,84,97,89,132" hai3="95,41,16,11,88,52,99,77,15,56,129,61,1"/><T9/><D116/><U79/><E33/><V45/><F112/><W64/><G129/><T92/><D134/><U27/><E122/><V4/><F34/><W0/><G41/><T113/><D113/><U30/><E126/><V106/><F60/><W91/><G77/><T101/><D32/><U54/><E57/><V133/><F48/><W86/><G64/><T49/><D20/><U123/><E54/><V135/><REACH who="2" step="1"/><F45/><REACH who="2" ten="250,250,240,250" step="2"/><W12/><REACH who="3" step="1"/><G15/><AGARI ba="0,1" hai="4,8,15,84,89,93,97,102,106,110,111,132,133,135" machi="15" ten="40,5200,0" yaku="1,1,2,1,20,1,53,0" doraHai="24" doraHaiUra="26" who="2" fromWho="3" sc="250,0,250,0,240,62,250,-52" /><INIT seed="1,0,0,3,4,19" ten="250,250,302,198" oya="1" hai0="20,21,119,13,135,74,24,69,78,61,0,93,49" hai1="8,31,125,14,109,81,54,66,88,67,130,79,57" hai2="118,129,100,34,112,95,52,127,10,9,72,28,113" hai3="123,2,101,39,25,131,5,86,48,11,63,77,110"/><U47/><E130/><V35/><F72/><W16/><G123/><T76/><D0/><U126/><E47/><V41/><F41/><W42/><G131/><T105/><D105/><U122/><E122/><V92/><F100/><W37/><G110/><T107/><D107/><U43/><E31/><V73/><F73/><W85/><G101/><T82/><D119/><U32/><E32/><V128/><F118/><W120/><G120/><T94/><D78/><U60/><E43/><V115/><F95/><W80/><G63/><T97/><D49/><U64/><E109/><V87/><F87/><W117/><G117/><T70/><D135/><U108/><E108/><V83/><F83/><W121/><G121/><T40/><D94/><U89/><E126/><V15/><F92/><W27/><G27/><T12/><D40/><U7/><REACH who="1" step="1"/><E125/><REACH who="1" ten="250,240,302,198" step="2"/><V62/><F28/><W98/><G42/><T50/><D70/><U4/><E4/><V91/><F35/><W106/><G39/><T18/><D69/><U23/><E23/><V84/><F34/><W38/><G37/><T132/><D132/><U124/><E124/><V55/><F127/><W71/><G38/><T90/><D21/><U53/><E53/><V116/><F55/><W1/><G71/><T45/><D20/><U6/><E6/><V33/><F116/><W22/><G5/><T133/><D133/><U103/><E103/><V65/><F33/><W58/><G22/><T104/><D18/><U114/><E114/><V3/><F129/><W29/><G16/><T59/><D45/><U96/><E96/><V111/><F128/><RYUUKYOKU ba="0,1" sc="250,-10,240,30,302,-10,198,-10" hai1="7,8,14,54,57,60,64,66,67,79,81,88,89" /><INIT seed="1,1,1,1,0,26" ten="240,270,292,188" oya="1" hai0="109,5,104,6,113,24,44,91,67,105,30,22,52" hai1="42,46,14,86,132,62,45,133,84,68,89,17,88" hai2="131,125,69,49,29,41,71,79,37,76,39,2,108" hai3="28,56,63,58,93,8,87,55,60,16,31,75,78"/><U90/><E68/><V27/><F108/><W101/><G75/><T135/><D113/><U1/><E1/><V82/><F131/><W64/><G78/><T61/><D109/><U103/><E103/><V128/><F79/><W127/><G127/><T15/><D135/><N who="1" m="51787" /><E62/><V134/><F125/><W77/><G77/><T0/><D0/><U107/><E107/><V92/><F92/><W95/><G87/><N who="1" m="33322" /><E42/><V96/><F128/><W100/><G93/><T81/><D81/><U38/><E38/><V40/><F96/><N who="3" m="59423" /><G101/><T33/><D91/><N who="1" m="23299" /><U129/><DORA hai="48" /><E129/><V13/><F2/><W119/><G119/><T123/><D105/><U57/><E57/><V47/><F134/><W18/><G8/><AGARI ba="1,1" hai="8,14,17,45,46" m="23299,33322,51787" machi="8" ten="40,3900,0" yaku="20,1,54,1" doraHai="26,48" who="1" fromWho="3" sc="240,0,270,52,292,0,188,-42" /><INIT seed="1,2,0,4,4,102" ten="240,322,292,146" oya="1" hai0="117,21,14,19,25,84,44,121,116,111,75,41,92" hai1="120,71,127,115,68,49,35,125,56,47,12,134,79" hai2="26,100,124,103,63,114,27,112,8,81,23,78,90" hai3="37,86,69,82,76,58,104,131,122,88,108,36,87"/><U20/><E35/><V53/><F124/><N who="1" m="47689" /><E79/><V38/><F8/><W113/><G69/><N who="1" m="26698" /><E20/><V54/><F38/><W61/><G113/><N who="2" m="43625" /><F90/><W59/><G122/><T110/><D75/><U55/><E12/><V101/><F63/><W42/><G42/><T73/><D121/><U11/><E11/><V10/><F10/><W133/><G133/><T94/><D73/><U50/><E115/><V52/><F23/><W96/><G131/><T4/><D4/><U80/><E80/><V135/><F135/><W30/><G59/><T74/><D74/><AGARI ba="2,0" hai="26,27,52,53,54,74,78,81,100,101,103" m="43625" machi="74" ten="40,2600,0" yaku="11,1,54,1" doraHai="102" who="2" fromWho="0" sc="240,-32,322,0,292,32,146,0" /><INIT seed="2,0,0,3,2,79" ten="208,322,324,146" oya="2" hai0="55,108,41,29,118,18,94,53,97,92,61,28,32" hai1="10,24,119,101,81,52,111,116,113,73,91,112,35" hai2="42,58,85,125,49,131,43,77,38,65,46,17,1" hai3="100,36,7,33,63,70,62,40,128,69,15,110,39"/><V93/><F131/><W83/><G33/><T21/><D108/><U50/><E101/><V12/><F125/><W84/><G128/><T80/><D118/><U34/><E111/><V98/><F1/><W102/><G110/><T44/><D32/><U86/><E73/><V4/><F4/><W19/><G7/><T74/><D94/><U23/><E35/><V0/><F0/><W68/><G102/><T47/><D55/><U31/><E34/><V25/><F25/><W134/><G100/><T105/><D105/><U114/><REACH who="1" step="1"/><E10/><REACH who="1" ten="208,312,324,146" step="2"/><V22/><F38/><W87/><G39/><T82/><D74/><U109/><E109/><V67/><F43/><W130/><G130/><T6/><D6/><U27/><E27/><V120/><F120/><W2/><G2/><T123/><D123/><U104/><E104/><V117/><F117/><W115/><G40/><T57/><D41/><U64/><E64/><V135/><F135/><W13/><G36/><T16/><D29/><U78/><E78/><V129/><F129/><W126/><G134/><T54/><D28/><U95/><E95/><V96/><F67/><W124/><G15/><N who="0" m="9375" /><D18/><U66/><E66/><V11/><F11/><N who="3" m="6591" /><G115/><T89/><D54/><U14/><E14/><V30/><F30/><W132/><G132/><T76/><D76/><U106/><E106/><V51/><F65/><W103/><G103/><T99/><D99/><U127/><E127/><N who="3" m="48682" /><G87/><T121/><D121/><U8/><E8/><V72/><F72/><W9/><G9/><T122/><D122/><U133/><E133/><V3/><F3/><W107/><G107/><RYUUKYOKU ba="0,1" sc="208,10,312,10,324,-30,146,10" hai0="44,47,53,57,61,80,82,89,92,97" hai1="23,24,31,50,52,81,86,91,112,113,114,116,119" hai3="62,63,68,69,70,83,84" /><INIT seed="3,1,1,2,1,77" ten="218,322,294,156" oya="3" hai0="46,104,118,134,86,94,53,42,8,20,3,81,43" hai1="57,101,41,116,131,76,125,30,47,38,79,69,27" hai2="29,35,88,44,19,127,64,100,91,132,84,133,92" hai3="122,87,89,73,2,1,10,71,93,32,119,4,113"/><W59/><G119/><T115/><D104/><U82/><E69/><V18/><F64/><W45/><G113/><T22/><D134/><N who="2" m="51818" /><F100/><W98/><G122/><T114/><D118/><U23/><E131/><V21/><F35/><W26/><G71/><T129/><D94/><U12/><E125/><V102/><F102/><W49/><G73/><T25/><D53/><U120/><E79/><V31/><F44/><W111/><G111/><T33/><D33/><U110/><E101/><V36/><F36/><W80/><G59/><T106/><D106/><U17/><E110/><V90/><F127/><W37/><G37/><T105/><D105/><U24/><E120/><V135/><N who="2" m="51826" /><V48/><DORA hai="40" /><F48/><W97/><G1/><T50/><D43/><U68/><E68/><V108/><F108/><W65/><G65/><T5/><D129/><U66/><E116/><V55/><F55/><W11/><G11/><T34/><D34/><U52/><E30/><N who="2" m="11275" /><F18/><W54/><REACH who="3" step="1"/><G93/><REACH who="3" ten="218,322,294,146" step="2"/><T75/><D75/><U15/><E66/><V58/><F58/><W7/><G7/><T56/><D56/><U85/><E15/><AGARI ba="1,2" hai="15,19,21,84,88,90,91,92" m="11275,51826" machi="15" ten="40,2600,0" yaku="20,1,54,1" doraHai="77,40" who="2" fromWho="1" sc="218,0,322,-29,294,49,146,0" /><INIT seed="4,0,0,4,2,101" ten="218,293,343,146" oya="0" hai0="26,77,63,122,89,46,80,18,135,133,14,90,8" hai1="54,12,132,124,19,71,108,49,113,57,58,1,9" hai2="59,15,13,55,103,123,130,17,20,3,40,43,65" hai3="72,7,87,64,105,67,128,126,134,11,22,61,23"/><T98/><D122/><U112/><E108/><V53/><F3/><W10/><G72/><T120/><D120/><U45/><E71/><V86/><F130/><W116/><G116/><T66/><D46/><U68/><E68/><V52/><F123/><W38/><G38/><T85/><D26/><U73/><E132/><N who="0" m="50761" /><D98/><U16/><E124/><V96/><F86/><W56/><G134/><T24/><D24/><U91/><E73/><V94/><F15/><W117/><G117/><T99/><D99/><U27/><E1/><V131/><REACH who="2" step="1"/><F131/><REACH who="2" ten="218,293,333,146" step="2"/><W60/><G128/><T50/><D50/><U44/><E49/><V118/><F118/><W62/><G126/><T97/><D97/><U48/><E48/><V106/><F106/><W29/><G105/><T21/><D8/><U51/><E45/><V115/><F115/><W102/><G87/><T93/><D93/><U109/><E113/><V0/><F0/><W32/><G11/><T82/><D82/><U100/><E112/><V41/><F41/><W4/><G10/><T75/><D75/><U125/><E125/><V70/><F70/><AGARI ba="0,1" hai="14,18,21,63,66,70,77,80,85,89,90" m="50761" machi="70" ten="30,1500,0" yaku="20,1" doraHai="101" who="0" fromWho="2" sc="218,25,293,0,333,-15,146,0" /><INIT seed="4,1,0,0,3,118" ten="243,293,318,146" oya="0" hai0="10,27,86,70,109,100,106,57,124,51,15,82,93" hai1="54,31,34,21,24,49,2,63,94,122,111,58,89" hai2="62,46,13,48,68,105,99,19,128,28,103,116,81" hai3="0,98,107,95,110,42,130,52,64,112,88,3,117"/><T55/><D124/><U20/><E111/><V67/><F128/><W135/><G117/><T129/><D129/><U102/><E2/><V125/><F116/><W61/><G130/><T83/><D109/><U1/><E1/><V79/><F125/><W43/><G110/><T35/><D70/><U16/><E122/><V47/><F28/><W126/><G126/><T33/><D106/><U123/><E123/><V80/><F80/><W104/><G3/><T65/><D65/><U40/><E102/><V45/><F13/><W12/><G0/><T132/><D132/><U91/><E34/><V73/><REACH who="2" step="1"/><F19/><REACH who="2" ten="243,293,308,146" step="2"/><W7/><G135/><T85/><D83/><U30/><E30/><V6/><F6/><W75/><G112/><T37/><D27/><U32/><E32/><V134/><F134/><W69/><G75/><T50/><D35/><U14/><E94/><V72/><F72/><W71/><G12/><T22/><D33/><U18/><E31/><V131/><F131/><W41/><G7/><T87/><D82/><U120/><E120/><V78/><F78/><W66/><REACH who="3" step="1"/><G52/><AGARI ba="1,1" hai="45,46,47,48,52,62,67,68,73,79,81,99,103,105" machi="52" ten="30,3900,0" yaku="1,1,7,1,54,1,53,0" doraHai="118" doraHaiUra="26" who="2" fromWho="3" sc="243,0,293,0,308,52,146,-42" /><INIT seed="5,0,0,4,4,35" ten="243,293,360,104" oya="1" hai0="54,14,15,74,111,118,117,83,76,115,26,28,135" hai1="109,60,95,11,114,17,106,59,24,41,55,62,64" hai2="70,22,71,67,102,124,110,2,34,126,37,132,89" hai3="1,125,100,23,46,57,4,120,38,42,104,75,92"/><U85/><E114/><V56/><F37/><W127/><G57/><T69/><D111/><U96/><E106/><V53/><F34/><W47/><G92/><T133/><D115/><U29/><E41/><V39/><F110/><W48/><G23/><T97/><D69/><U8/><E109/><V13/><F102/><W113/><G113/><T27/><D54/><U52/><E85/><V51/><F39/><W49/><G120/><T112/><D97/><U65/><E17/><N who="2" m="10543" /><F132/><N who="0" m="50762" /><D112/><U61/><E24/><N who="0" m="9257" /><D28/><U77/><E77/><V84/><F2/><W10/><G75/><T25/><N who="0" m="9265" /><T79/><DORA hai="19" /><D76/><U40/><E40/><V21/><F21/><W32/><G32/><T36/><D36/><U103/><E29/><V18/><F18/><W121/><G121/><T108/><D108/><U6/><E55/><V134/><F134/><W122/><G122/><T20/><D20/><U7/><E65/><V99/><F99/><W68/><G68/><T72/><D72/><U78/><E78/><V31/><F31/><W9/><G9/><N who="1" m="3658" /><E64/><V131/><F67/><W63/><G63/><AGARI ba="0,0" hai="6,7,52,59,60,61,62,63,95,96,103" m="3658" machi="63" ten="30,2900,0" yaku="8,1,54,1" doraHai="35,19" who="1" fromWho="3" sc="243,0,293,29,360,0,104,-29" /><INIT seed="5,1,0,0,4,18" ten="243,322,360,75" oya="1" hai0="22,70,93,88,123,58,130,30,62,44,24,56,51" hai1="85,39,113,32,96,37,100,110,42,90,16,135,60" hai2="19,84,69,12,35,71,121,43,55,127,109,106,119" hai3="48,5,81,40,13,80,129,27,131,3,38,33,25"/><U134/><E32/><V65/><F43/><W57/><G38/><T50/><D130/><U77/><E77/><V17/><F84/><W8/><G40/><T53/><D123/><U82/><E113/><V87/><F87/><W126/><G48/><T72/><D72/><U76/><E60/><V31/><F121/><W0/><G57/><T112/><D112/><U116/><E116/><V26/><F109/><W97/><G97/><T64/><REACH who="0" step="1"/><D51/><REACH who="0" ten="233,322,360,75" step="2"/><U91/><E39/><V78/><F119/><W15/><G126/><T132/><D132/><U23/><E110/><V47/><F127/><W118/><G118/><T45/><D45/><U83/><E37/><V4/><F47/><W68/><G68/><T1/><D1/><U114/><E114/><V36/><F36/><W124/><G124/><T98/><AGARI ba="1,1" hai="22,24,30,44,50,53,56,58,62,64,70,88,93,98" machi="98" ten="20,8000,1" yaku="1,1,0,1,7,1,52,1,54,1,53,0" doraHai="18" doraHaiUra="34" who="0" fromWho="0" sc="233,93,322,-41,360,-21,75,-21" /><INIT seed="6,0,0,1,4,89" ten="326,281,339,54" oya="2" hai0="77,101,134,39,16,112,103,123,93,113,125,11,33" hai1="10,72,4,26,42,94,100,59,65,49,90,63,131" hai2="80,118,60,117,85,24,12,32,135,57,84,92,22" hai3="44,23,133,96,8,130,53,0,25,46,61,29,3"/><V62/><F32/><W99/><G133/><T17/><D123/><U74/><E131/><V70/><F135/><W105/><G130/><T64/><D125/><U122/><E122/><V2/><F2/><W116/><G116/><T81/><D39/><U87/><E100/><V107/><F107/><W82/><G0/><T66/><D33/><U95/><E26/><V47/><F70/><W73/><G105/><T6/><D134/><U127/><E127/><V41/><F12/><W102/><G99/><N who="0" m="59631" /><D103/><U109/><E109/><V69/><F69/><W88/><G61/><T20/><D66/><U50/><E95/><V119/><F57/><W97/><G53/><T48/><D64/><U126/><E126/><V91/><F84/><W31/><G31/><T40/><D20/><U76/><E42/><V45/><F45/><W30/><G30/><T43/><D48/><U86/><E74/><V71/><F71/><W106/><G73/><N who="0" m="43183" /><D43/><U78/><E72/><V75/><F75/><W21/><G21/><T19/><D40/><U83/><REACH who="1" step="1"/><E78/><REACH who="1" ten="326,271,339,54" step="2"/><V129/><F80/><W18/><G82/><T35/><D35/><U1/><AGARI ba="0,1" hai="1,4,10,49,50,59,63,65,76,83,86,87,90,94" machi="1" ten="20,8000,1" yaku="1,1,2,1,0,1,7,1,52,1,53,0" doraHai="89" doraHaiUra="68" who="1" fromWho="1" sc="326,-20,271,90,339,-40,54,-20" /><INIT seed="7,0,0,4,4,5" ten="306,361,299,34" oya="3" hai0="45,42,107,100,116,29,110,118,8,65,35,66,34" hai1="41,93,124,111,79,1,13,16,127,56,69,0,37" hai2="123,36,11,80,43,112,117,68,91,71,6,88,12" hai3="131,51,76,126,89,120,49,129,130,95,23,18,97"/><W122/><G76/><T98/><D110/><U53/><E111/><V28/><F117/><W2/><G2/><T125/><D125/><N who="1" m="48203" /><E69/><V81/><F112/><W70/><G70/><T75/><D75/><U3/><E79/><V63/><F123/><W21/><G126/><T50/><D66/><U57/><E93/><V7/><F28/><W84/><G97/><T33/><D65/><U85/><E85/><V58/><F43/><W17/><G122/><T78/><D78/><U14/><E14/><V24/><F24/><N who="3" m="14383" /><G120/><T90/><D90/><N who="2" m="34346" /><F36/><W133/><G133/><T132/><D29/><U61/><E41/><V86/><F71/><W30/><G30/><T73/><D73/><U39/><E57/><V25/><F25/><AGARI ba="0,0" hai="18,23,25,49,51,84,89,95,129,130,131" m="14383" machi="25" ten="30,1500,0" yaku="19,1" doraHai="5" who="3" fromWho="2" sc="306,0,361,0,299,-15,34,15" /><INIT seed="7,1,0,2,0,86" ten="306,361,284,49" oya="3" hai0="36,84,108,75,109,80,83,13,76,89,95,15,93" hai1="96,47,56,104,98,1,103,2,61,18,5,107,97" hai2="52,116,51,23,106,66,40,121,110,50,111,117,7" hai3="64,24,115,67,45,134,39,10,81,4,57,101,3"/><W62/><G115/><T113/><D36/><U77/><E77/><V87/><F106/><W114/><G114/><T17/><D113/><U131/><E131/><V69/><F7/><W6/><G134/><T26/><D26/><U38/><E18/><V99/><F99/><W19/><G6/><T48/><D15/><U20/><E20/><V9/><F9/><W132/><G132/><T32/><D32/><U82/><E82/><V119/><F23/><W63/><G101/><T58/><D58/><U29/><E29/><V30/><F30/><W12/><G81/><T42/><D48/><U55/><E5/><V43/><F87/><W28/><G45/><T22/><D42/><U124/><E124/><V125/><F125/><W34/><G39/><T112/><D112/><U127/><E127/><V21/><F21/><W102/><G102/><T25/><D25/><U37/><E37/><V65/><F117/><W78/><G78/><T135/><D135/><U70/><E107/><V49/><F49/><W73/><G73/><T41/><D41/><N who="1" m="22967" /><E104/><V27/><F27/><W130/><G130/><T0/><D0/><U126/><E103/><V44/><F44/><W31/><G31/><T60/><D60/><U122/><E126/><V123/><F52/><N who="3" m="34087" /><G63/><T100/><D100/><U128/><E128/><V54/><F54/><W133/><G133/><T68/><D95/><U72/><E72/><V59/><F59/><W94/><G94/><T79/><D93/><U88/><E55/><V105/><F105/><W91/><G91/><T11/><D79/><U129/><E129/><V14/><F69/><RYUUKYOKU ba="1,0" sc="306,-15,361,-15,284,15,49,15" hai2="14,40,43,50,51,65,66,110,111,116,119,121,123" hai3="3,4,10,12,19,24,28,34,64,67" /><INIT seed="7,2,0,5,0,130" ten="291,346,299,64" oya="3" hai0="52,98,58,44,24,13,64,101,9,118,122,129,90" hai1="22,88,114,8,110,48,112,37,106,104,135,74,29" hai2="30,93,40,94,15,4,125,123,23,89,65,111,14" hai3="132,28,124,55,107,49,47,10,11,1,46,117,109"/><W99/><G117/><T72/><D129/><U100/><E135/><V126/><F40/><W32/><G124/><T50/><D118/><U134/><E134/><V78/><F111/><W102/><G132/><T84/><D122/><U57/><E74/><V53/><F65/><W91/><G109/><T33/><D72/><U51/><E37/><V70/><F70/><W73/><G73/><T81/><D33/><U115/><E110/><V41/><F41/><W75/><G75/><T27/><D64/><U82/><E8/><V42/><F42/><W113/><G113/><T62/><D62/><U108/><E108/><V5/><F78/><W31/><G91/><T3/><D58/><U80/><E57/><V56/><F56/><W21/><G47/><T95/><D3/><U68/><E88/><V38/><F89/><W0/><G32/><T66/><D66/><U96/><E106/><V34/><F34/><W85/><G85/><T97/><D97/><U131/><E68/><V77/><F77/><W17/><G1/><T103/><D101/><U61/><E131/><V105/><F105/><W92/><G107/><T76/><D76/><U87/><E61/><V120/><F30/><N who="3" m="11307" /><G0/><T25/><D25/><AGARI ba="2,0" hai="10,11,17,21,25,46,49,55,92,99,102" m="11307" machi="25" ten="30,1500,0" yaku="8,1" doraHai="130" who="3" fromWho="0" sc="291,-21,346,0,299,0,64,21" /><INIT seed="7,3,0,1,3,70" ten="270,346,299,85" oya="3" hai0="134,0,126,99,95,48,45,128,36,8,29,54,26" hai1="50,94,72,11,10,40,57,135,110,122,18,21,76" hai2="67,82,84,32,77,65,42,131,49,61,109,4,66" hai3="121,114,89,33,88,125,46,14,81,118,105,112,58"/><W106/><G33/><T12/><D128/><U63/><E110/><V13/><F109/><W78/><G58/><T3/><D134/><U98/><E122/><V133/><F32/><W115/><G121/><T101/><D126/><U23/><E76/><V56/><F131/><W34/><G34/><T47/><D36/><U39/><E72/><V44/><REACH who="2" step="1"/><F133/><REACH who="2" ten="270,346,289,85" step="2"/><W24/><G118/><T6/><REACH who="0" step="1"/><D47/><REACH who="0" ten="260,346,289,85" step="2"/><U71/><E135/><V93/><F93/><W123/><G123/><T19/><D19/><U53/><E94/><V104/><F104/><N who="3" m="40043" /><G125/><T130/><D130/><U31/><E18/><V124/><F124/><W97/><G46/><T92/><D92/><U5/><E31/><V27/><F27/><W52/><G24/><T51/><D51/><U111/><E50/><V64/><F64/><W37/><G37/><T17/><D17/><U127/><E39/><V119/><F119/><W116/><G116/><T16/><D16/><U15/><E127/><V107/><F107/><W86/><G97/><T79/><D79/><U132/><E98/><V100/><F100/><W1/><G1/><T75/><D75/><U38/><E38/><V90/><F90/><N who="3" m="34923" /><G14/><T22/><AGARI ba="3,2" hai="0,3,6,8,12,22,26,29,45,48,54,95,99,101" machi="22" ten="20,2700,0" yaku="1,1,0,1,7,1,53,0" doraHai="70" doraHaiUra="103" who="0" fromWho="0" sc="260,56,346,-10,289,-10,85,-16" owari="316,12.0,336,43.0,279,-12.0,69,-43.0" /></mjloggm>