<mjloggm ver="2.3"><GO type="41" lobby="0"/><UN n0="%E3%81%BB%E3%81%86%E3%82%88%E3%81%86%E3%81%95%E3%81%8B%E3%81%AA" n1="%E2%93%9D%53%75%70%68%78" n2="%E6%BD%A4%E7%BE%BD%E3%82%8B%E3%81%97%E3%81%82" n3="%6C%79%63%6F%72%69%73" dan="15,18,14,13" rate="1976.08,2088.61,1925.50,1842.41" sx="M,M,F,F"/><TAIKYOKU oya="0"/><INIT seed="0,0,0,3,0,56" ten="250,250,250,250" oya="0" hai0="7,46,113,111,134,135,81,71,34,67,117,44,5" hai1="13,25,72,20,89,37,69,115,133,74,123,30,114" hai2="38,42,96,116,24,124,63,129,2,86,61,57,131" hai3="70,1,53,112,9,22,6,78,16,121,85,50,128"/><T66/><D34/><U36/><E123/><V91/><F2/><W106/><G112/><N who="1" m="43050" /><E133/><N who="0" m="50697" /><D113/><U43/><E69/><V62/><F124/><W3/><G128/><N who="2" m="49225" /><F96/><W47/><G121/><T39/><D117/><U12/><E89/><V26/><F116/><W127/><G70/><T35/><D35/><U120/><E43/><V8/><F8/><W27/><G106/><T73/><D111/><U64/><E64/><N who="0" m="24617" /><D71/><U40/><E40/><V98/><F98/><W55/><G127/><T65/><N who="0" m="24625" /><T108/><DORA hai="23" /><D108/><U107/><E107/><V0/><F0/><W105/><G105/><T88/><D73/><N who="1" m="28267" /><E120/><V18/><F57/><W132/><G132/><T130/><D130/><U95/><E95/><N who="2" m="54775" /><F18/><W32/><G32/><T90/><D39/><AGARI ba="0,0" hai="12,13,20,25,30,36,37,39" m="28267,43050" machi="39" ten="40,2600,0" yaku="11,1,52,1" doraHai="56,23" who="1" fromWho="0" sc="250,-26,250,26,250,0,250,0" /><INIT seed="1,0,0,5,4,123" ten="224,276,250,250" oya="1" hai0="50,58,18,128,117,43,52,20,89,45,110,61,49" hai1="101,118,7,125,65,12,30,83,13,36,87,93,91" hai2="51,106,69,76,9,25,74,46,126,132,88,6,3" hai3="111,97,130,53,124,114,60,135,94,71,112,100,23"/><U21/><E118/><V129/><F69/><W84/><G135/><T34/><D128/><U64/><E36/><V59/><F132/><W95/><G130/><T15/><D34/><U8/><E125/><V11/><F106/><W127/><G23/><T19/><D117/><U39/><E39/><V122/><F122/><W98/><G84/><T44/><D110/><U16/><REACH who="1" step="1"/><E30/><REACH who="1" ten="224,266,250,250" step="2"/><V22/><F126/><W27/><G111/><T31/><D31/><U29/><E29/><V99/><F129/><W90/><G127/><T41/><D19/><U73/><E73/><V96/><F74/><W26/><G124/><T133/><D133/><U54/><E54/><V85/><F76/><W42/><G42/><T119/><D119/><U1/><E1/><V134/><F134/><W81/><G53/><T33/><D33/><U82/><E82/><N who="2" m="49207" /><F3/><W72/><G81/><T131/><D131/><U66/><E66/><V47/><F6/><W109/><G109/><T48/><REACH who="0" step="1"/><D89/><REACH who="0" ten="214,266,250,250" step="2"/><U28/><E28/><V57/><F57/><W67/><REACH who="3" step="1"/><G72/><REACH who="3" ten="214,266,250,240" step="2"/><T4/><D4/><U115/><E115/><AGARI ba="0,3" hai="26,27,60,67,71,90,94,95,97,98,100,112,114,115" machi="115" ten="40,5200,0" yaku="1,1,2,1,53,1" doraHai="123" doraHaiUra="86" who="3" fromWho="1" sc="214,0,266,-52,250,0,240,82" /><INIT seed="2,0,0,0,1,85" ten="214,214,250,322" oya="2" hai0="115,95,17,37,57,49,34,83,100,47,119,97,35" hai1="122,106,28,75,33,70,40,134,110,7,39,116,60" hai2="64,120,3,113,22,121,45,53,66,98,128,133,65" hai3="96,25,29,51,74,103,62,1,61,135,23,31,129"/><V111/><F113/><W12/><G1/><T56/><D115/><U16/><RYUUKYOKU type="yao9" ba="0,0" sc="214,0,214,0,250,0,322,0" hai1="7,16,28,33,39,40,60,70,75,106,110,116,122,134" /><INIT seed="2,1,0,4,2,119" ten="214,214,250,322" oya="2" hai0="129,41,125,29,116,53,40,3,38,35,34,117,96" hai1="27,32,114,44,18,73,108,61,75,56,130,103,78" hai2="121,105,124,91,104,127,68,134,77,22,8,76,30" hai3="60,98,81,33,24,23,131,84,115,11,100,67,55"/><V88/><F68/><W72/><G72/><T71/><D3/><U52/><E114/><V97/><F8/><W101/><G131/><T2/><D2/><U102/><E130/><V132/><F22/><W126/><G126/><N who="2" m="48169" /><F30/><W107/><G101/><T43/><D125/><U0/><E108/><V118/><F118/><N who="0" m="45674" /><D129/><U80/><E75/><V86/><F121/><W5/><G33/><N who="0" m="12299" /><D29/><U69/><E0/><V123/><F123/><W47/><G47/><T82/><D71/><U58/><E69/><V31/><F31/><W85/><G55/><T62/><D96/><U122/><E122/><V37/><F37/><W42/><G42/><T12/><D12/><U93/><E32/><V15/><F15/><W83/><G83/><T66/><D82/><U49/><E27/><V9/><F9/><W65/><G60/><T111/><D111/><U14/><E61/><V135/><F97/><W6/><G6/><T120/><D120/><U112/><E14/><V10/><F10/><W1/><G84/><T106/><D106/><N who="2" m="41066" /><F91/><W64/><G115/><T7/><D7/><U46/><E112/><V50/><F50/><W48/><G48/><T92/><D38/><U17/><E103/><V94/><AGARI ba="1,0" hai="76,77,86,88,94,132,134,135" m="41066,48169" machi="94" ten="40,12000,1" yaku="20,1,18,1,34,2,54,1" doraHai="119" who="2" fromWho="2" sc="214,-41,214,-41,250,123,322,-41" /><INIT seed="2,2,0,5,5,126" ten="173,173,373,281" oya="2" hai0="128,92,19,120,85,52,25,23,107,11,72,30,15" hai1="7,17,115,1,0,99,112,56,44,73,129,13,123" hai2="98,130,28,42,27,88,91,82,75,114,47,46,89" hai3="106,45,104,67,32,55,116,81,57,29,70,31,61"/><V96/><F114/><W111/><G111/><T43/><D120/><U12/><E73/><V100/><F47/><W63/><G116/><T69/><D107/><U97/><E44/><V18/><F18/><W122/><G122/><T20/><D72/><U48/><E123/><V34/><F130/><W59/><G32/><T131/><D131/><U2/><BYE who="0" /><E56/><V113/><F113/><UN n0="%E3%81%BB%E3%81%86%E3%82%88%E3%81%86%E3%81%95%E3%81%8B%E3%81%AA" /><W110/><G45/><T71/><D43/><U86/><E86/><V3/><F3/><W93/><G110/><T10/><D128/><U64/><E129/><V58/><F58/><W4/><G4/><T5/><D69/><U124/><E17/><V74/><F98/><W108/><G108/><T118/><D71/><U103/><E7/><V6/><F6/><W38/><G38/><T66/><D66/><U135/><E64/><V102/><F102/><W54/><G70/><T39/><D39/><U26/><E103/><V101/><F101/><W78/><G67/><T133/><D133/><U14/><E135/><V65/><F65/><W68/><G68/><T37/><D37/><U22/><E48/><V132/><F132/><W83/><G93/><T127/><D127/><U125/><E125/><V40/><F82/><W84/><G84/><T16/><D118/><U49/><E49/><N who="2" m="26823" /><F42/><W94/><G94/><T35/><D52/><U51/><E51/><V117/><F117/><W8/><G8/><N who="0" m="4495" /><D85/><U60/><E124/><V95/><F75/><W9/><G9/><N who="0" m="3083" /><D92/><U36/><E36/><V41/><F41/><W134/><G134/><T109/><D109/><U53/><E115/><V87/><F74/><RYUUKYOKU ba="2,0" sc="173,10,173,-30,373,10,281,10" hai0="16,19,20,23,25,30,35" hai2="27,28,34,87,88,89,91,95,96,100" hai3="29,31,54,55,57,59,61,63,78,81,83,104,106" /><INIT seed="2,3,0,4,1,28" ten="183,143,383,291" oya="2" hai0="131,115,69,118,119,6,84,126,59,27,106,108,56" hai1="79,16,8,97,127,12,85,100,22,132,23,37,52" hai2="71,89,98,5,39,14,21,1,83,122,30,9,33" hai3="75,65,17,121,125,72,81,67,54,50,26,82,73"/><V20/><F122/><W74/><G125/><T3/><D126/><U77/><E127/><V135/><F39/><W46/><G121/><T91/><D106/><U32/><E37/><V61/><BYE who="0" /><F71/><W123/><G123/><UN n0="%E3%81%BB%E3%81%86%E3%82%88%E3%81%86%E3%81%95%E3%81%8B%E3%81%AA" /><T111/><D131/><U107/><E32/><V90/><F61/><W40/><N who="3" m="18432" /><DORA hai="105" /><W70/><G70/><T53/><D69/><U24/><E23/><V128/><F128/><W87/><G82/><T68/><D68/><U104/><E132/><V101/><F135/><W130/><G130/><T113/><D27/><U35/><E107/><V48/><F83/><W109/><G109/><N who="0" m="42059" /><D6/><U110/><E110/><V13/><F1/><W31/><G17/><T96/><D96/><U10/><E85/><V34/><F30/><W129/><G40/><T114/><D3/><U134/><E134/><V36/><F36/><W49/><G49/><N who="0" m="30767" /><D59/><U112/><E112/><N who="0" m="28673" /><T57/><DORA hai="42" /><D57/><U11/><E79/><V44/><F5/><W78/><REACH who="3" step="1"/><G129/><REACH who="3" ten="183,143,383,281" step="2"/><T102/><D102/><U0/><E100/><V76/><F101/><W94/><G94/><AGARI ba="3,1" hai="84,91,94,118,119" m="28673,30767,42059" machi="94" ten="50,1600,0" yaku="14,1" doraHai="28,105,42" who="0" fromWho="3" sc="183,35,143,0,383,0,281,-25" /><INIT seed="3,0,0,3,2,32" ten="218,143,383,256" oya="3" hai0="92,20,61,10,18,120,42,33,102,11,6,30,47" hai1="106,113,56,88,99,117,52,28,36,57,115,19,31" hai2="4,24,12,63,50,5,48,64,133,26,75,77,93" hai3="41,43,94,87,66,62,95,128,9,132,15,104,76"/><W27/><G132/><T121/><D120/><U79/><E36/><V96/><F77/><W8/><G104/><T122/><D61/><U78/><E106/><V39/><F75/><W3/><G3/><N who="0" m="351" /><D92/><N who="1" m="56711" /><E117/><V55/><F39/><W22/><G128/><T125/><D102/><U2/><E2/><V116/><F116/><W107/><G9/><T53/><D53/><U111/><E111/><V101/><F50/><W129/><G107/><T65/><D65/><U7/><E7/><V90/><F5/><W59/><G129/><T97/><D97/><U118/><E115/><V58/><F133/><W89/><G76/><N who="1" m="29226" /><E113/><V84/><F12/><W72/><G94/><T35/><D11/><U105/><E105/><V23/><F23/><W51/><G51/><T86/><D86/><U85/><E85/><V69/><F4/><N who="3" m="3463" /><G72/><T16/><D47/><U68/><E118/><V114/><F114/><W21/><G21/><T100/><D42/><U34/><E34/><N who="0" m="12809" /><D100/><U130/><E130/><V103/><F103/><W112/><G112/><T131/><D131/><U29/><E52/><V98/><F98/><W81/><G81/><AGARI ba="0,0" hai="24,26,48,55,58,63,64,69,81,84,90,93,96,101" machi="81" ten="30,1000,0" yaku="7,1" doraHai="32" who="2" fromWho="3" sc="218,0,143,0,383,10,256,-10" /><INIT seed="4,0,0,2,5,97" ten="218,143,393,246" oya="0" hai0="6,121,123,9,33,3,45,129,2,124,85,50,104" hai1="70,16,86,71,72,96,77,12,17,61,14,91,41" hai2="52,67,8,7,21,30,73,79,111,94,122,89,78" hai3="32,135,110,62,10,18,22,65,93,109,81,103,13"/><T107/><D85/><U82/><E41/><V64/><F111/><W113/><G32/><T66/><D124/><U36/><E36/><V11/><F73/><W106/><G106/><T39/><D129/><U35/><E35/><V29/><F122/><W92/><G113/><T53/><D33/><U75/><E61/><V27/><F30/><W42/><G135/><T83/><D66/><N who="2" m="25130" /><F7/><W15/><G42/><T63/><D63/><U134/><E134/><V132/><F132/><W118/><G118/><T55/><D39/><U40/><E40/><V68/><F68/><W69/><G81/><T87/><D3/><U115/><E115/><V90/><F52/><W95/><REACH who="3" step="1"/><G103/><REACH who="3" ten="218,143,393,236" step="2"/><T28/><D107/><U38/><E38/><V19/><F29/><W20/><G20/><T31/><D104/><U128/><E128/><V112/><F112/><W119/><G119/><T0/><D31/><U133/><E133/><V130/><F130/><W1/><G1/><T51/><D28/><U43/><E43/><V57/><F11/><W34/><G34/><T48/><D2/><U49/><E71/><V126/><F8/><W131/><G131/><T44/><REACH who="0" step="1"/><D51/><REACH who="0" ten="208,143,393,236" step="2"/><U74/><E49/><V56/><F126/><W59/><G59/><T47/><D47/><U116/><E70/><V25/><F57/><W100/><G100/><T125/><D125/><U76/><E116/><V117/><F56/><W98/><G98/><T5/><D5/><AGARI ba="0,2" hai="5,10,13,15,18,22,62,65,69,92,93,95,109,110" machi="5" ten="40,1300,0" yaku="1,1,53,0" doraHai="97" doraHaiUra="127" who="3" fromWho="0" sc="208,-13,143,0,393,0,236,33" /><INIT seed="5,0,0,0,1,42" ten="195,143,393,269" oya="1" hai0="9,17,84,78,83,24,26,120,16,49,19,119,74" hai1="96,43,38,63,129,89,28,109,111,93,33,81,87" hai2="21,94,123,22,110,79,86,130,57,90,99,105,54" hai3="116,53,97,0,117,72,60,124,106,13,77,4,68"/><U66/><E129/><V115/><F123/><W27/><G124/><T52/><D120/><U65/><E33/><V101/><F110/><N who="1" m="41993" /><E28/><V55/><F130/><W103/><G0/><T34/><D119/><U30/><E30/><V5/><F5/><W114/><G114/><T135/><D135/><U112/><E112/><V31/><F115/><W92/><G77/><T44/><D34/><U14/><E14/><V82/><F31/><W51/><G72/><T80/><REACH who="0" step="1"/><D9/><REACH who="0" ten="185,143,393,269" step="2"/><U45/><E63/><V113/><F113/><W2/><G60/><T67/><D67/><U58/><E58/><V133/><F133/><W100/><G117/><T69/><D69/><U128/><E128/><V95/><F57/><W6/><G68/><T88/><AGARI ba="0,1" hai="16,17,19,24,26,44,49,52,74,78,80,83,84,88" machi="88" ten="30,12000,2" yaku="1,1,0,1,52,1,54,3,53,0" doraHai="42" doraHaiUra="132" who="0" fromWho="0" sc="185,130,143,-60,393,-30,269,-30" /><INIT seed="6,0,0,4,4,59" ten="315,83,363,239" oya="2" hai0="106,108,69,93,132,135,125,89,8,0,9,50,131" hai1="41,25,53,37,123,47,117,98,27,43,124,114,130" hai2="64,35,33,83,51,18,101,80,118,122,120,5,16" hai3="103,32,109,31,102,6,10,115,57,100,126,2,52"/><V45/><F118/><W19/><G109/><T46/><D108/><U36/><E98/><V129/><F5/><W20/><G126/><T94/><D106/><U119/><E124/><V17/><F101/><W85/><G115/><T104/><D125/><U78/><E78/><V34/><F129/><W95/><G32/><T30/><D104/><U14/><E14/><V48/><F64/><W1/><G31/><T90/><D69/><U134/><E134/><N who="0" m="51241" /><D30/><U29/><E29/><V44/><F44/><W84/><G1/><T110/><D110/><U96/><E96/><V105/><F105/><W58/><G58/><T38/><D38/><U11/><E47/><V82/><F45/><W62/><REACH who="3" step="1"/><G95/><REACH who="3" ten="315,83,363,229" step="2"/><T111/><D0/><U67/><E114/><V97/><REACH who="2" step="1"/><F97/><REACH who="2" ten="315,83,353,229" step="2"/><W7/><G7/><T75/><D111/><U88/><E119/><V133/><F133/><W72/><G72/><T127/><D75/><U70/><E117/><V77/><F77/><W99/><G99/><N who="0" m="57775" /><D131/><U42/><E130/><V61/><F61/><W107/><G107/><T68/><D127/><U112/><E112/><V73/><F73/><W40/><G40/><N who="0" m="24903" /><D68/><U13/><E70/><V81/><N who="2" m="20480" /><DORA hai="121" /><V55/><F55/><W56/><G56/><T113/><D113/><U24/><E53/><V91/><F91/><W74/><G74/><T63/><D63/><U79/><E79/><V15/><F15/><AGARI ba="0,2" hai="2,6,10,15,19,20,52,57,62,84,85,100,102,103" machi="15" ten="40,5200,0" yaku="1,1,52,1,54,1,53,0" doraHai="59,121" doraHaiUra="87,39" who="3" fromWho="2" sc="315,0,83,0,353,-52,229,72" /><INIT seed="7,0,0,1,5,41" ten="315,83,301,301" oya="3" hai0="118,88,32,52,16,120,90,0,85,121,103,106,125" hai1="91,98,124,69,57,71,73,61,81,54,62,92,47" hai2="26,50,64,132,29,110,11,89,30,72,102,84,133" hai3="115,42,39,43,112,87,104,75,68,116,129,55,53"/><W96/><G75/><T1/><D32/><U28/><E124/><V13/><F72/><W6/><G116/><T127/><D118/><U5/><E5/><N who="2" m="3311" /><F110/><W100/><G129/><T70/><D70/><U38/><E73/><V37/><F37/><W95/><G68/><T83/><D1/><U130/><E130/><V48/><F102/><W101/><G6/><T135/><D0/><U59/><E28/><N who="2" m="10859" /><F64/><W128/><G128/><T56/><D16/><U63/><E81/><N who="2" m="49295" /><F26/><W131/><G131/><T123/><D135/><AGARI ba="0,0" hai="48,50,132,133,135" m="49295,10859,3311" machi="135" ten="30,1000,0" yaku="20,1" doraHai="41" who="2" fromWho="0" sc="315,-10,83,0,301,10,301,0" owari="305,11.0,83,-42.0,311,41.0,301,-10.0" /></mjloggm>