<mjloggm ver="2.3"><GO type="41" lobby="0"/><UN n0="%E2%93%9D%53%75%70%68%78" n1="%E3%83%8B%E3%83%A3%E3%83%B3%E3%82%BF%E5%85%88%E7%94%9F" n2="%E5%AE%AE%E6%B0%B8%E5%92%B2%40%E6%A4%8D%E7%94%B0%E4%BD%B3%E5%A5%88" n3="%E3%82%84%E3%81%99%E3%82%82%E3%81%A8%E3%81%82%E3%82%84%E3%81%8B" dan="18,14,13,14" rate="2100.30,1930.98,1875.37,1886.27" sx="M,M,F,F"/><TAIKYOKU oya="0"/><INIT seed="0,0,0,1,1,68" ten="250,250,250,250" oya="0" hai0="47,15,53,105,42,48,41,55,67,126,19,49,39" hai1="60,119,40,104,1,125,100,59,95,88,81,101,3" hai2="11,135,77,12,110,120,34,130,45,35,51,98,13" hai3="52,29,66,102,44,69,92,31,76,43,117,131,129"/><T108/><D105/><U87/><E119/><V21/><F120/><W122/><G117/><T133/><D15/><U33/><E125/><V7/><F110/><W6/><G76/><T27/><D19/><U18/><E33/><V50/><F130/><N who="3" m="49675" /><G6/><T124/><D27/><U24/><E40/><V107/><F135/><W63/><G122/><T90/><D90/><U93/><E3/><V54/><F77/><W25/><G25/><T111/><D67/><U109/><E1/><V83/><F83/><W86/><G52/><N who="0" m="20043" /><D133/><U116/><E116/><V9/><F21/><W134/><G134/><T123/><D123/><U30/><E18/><V70/><F70/><W84/><G84/><T96/><D96/><U38/><E38/><V73/><F73/><W128/><N who="3" m="49683" /><W37/><DORA hai="115" /><G86/><T97/><D97/><AGARI ba="0,0" hai="29,31,37,43,44,63,66,69,92,97,102" m="49683" machi="97" ten="40,2600,0" yaku="19,1,52,1" doraHai="68,115" who="3" fromWho="0" sc="250,-26,250,0,250,0,250,26" /><INIT seed="1,0,0,3,4,10" ten="224,250,250,276" oya="1" hai0="38,62,0,29,49,64,96,46,1,4,27,81,39" hai1="13,131,43,88,118,123,9,68,19,18,47,69,51" hai2="84,17,109,15,103,30,128,108,135,95,110,134,40" hai3="57,50,112,87,115,106,105,7,32,82,89,133,25"/><U92/><E123/><V70/><F128/><W90/><G133/><N who="2" m="50697" /><F70/><W58/><G7/><T119/><D119/><U5/><E118/><V77/><F40/><W52/><G58/><T14/><D96/><U100/><E131/><V79/><F30/><W59/><G57/><T120/><D81/><U102/><E68/><V35/><F35/><W48/><G48/><T99/><D99/><U114/><E69/><V111/><N who="2" m="27648" /><DORA hai="66" /><V41/><F41/><W132/><G132/><T61/><D120/><U97/><E114/><V45/><F45/><W26/><G90/><T65/><D29/><U56/><E56/><V116/><F116/><W28/><G28/><T8/><D39/><U55/><E43/><V2/><F2/><W12/><G32/><T121/><D1/><U67/><E67/><V3/><F3/><W80/><G112/><T53/><D121/><U20/><E18/><V74/><F74/><W101/><G115/><T73/><D73/><U71/><REACH who="1" step="1"/><E71/><REACH who="1" ten="224,240,250,276" step="2"/><V22/><F103/><W126/><G101/><T117/><D65/><U44/><E44/><V72/><F72/><W11/><G59/><T86/><D117/><U113/><E113/><V34/><F34/><W76/><G25/><AGARI ba="0,1" hai="5,9,13,19,20,25,47,51,55,88,92,97,100,102" machi="25" ten="30,12000,1" yaku="1,1,7,1,8,1,52,1,54,1,53,0" doraHai="10,66" doraHaiUra="36,104" who="1" fromWho="3" sc="224,0,240,130,250,0,276,-120" /><INIT seed="1,1,0,2,2,46" ten="224,370,250,156" oya="1" hai0="49,132,31,134,108,109,13,112,111,42,129,94,90" hai1="127,45,87,130,55,110,4,78,27,33,120,44,56" hai2="88,25,119,57,15,70,123,35,62,116,105,63,82" hai3="101,131,125,75,60,50,32,34,95,67,47,10,30"/><U99/><E120/><V72/><F123/><W0/><G125/><T65/><D31/><U102/><E127/><V107/><F70/><W23/><G131/><T3/><D3/><U53/><E130/><V12/><F116/><W133/><G133/><N who="0" m="51307" /><D129/><U81/><E110/><V39/><F119/><W43/><G75/><T14/><D65/><U29/><E4/><V22/><F35/><W19/><G30/><T80/><D80/><U52/><REACH who="1" step="1"/><E56/><REACH who="1" ten="224,360,250,156" step="2"/><V73/><F39/><W51/><G47/><N who="0" m="25847" /><D112/><U98/><E98/><AGARI ba="1,1" hai="13,14,90,94,98,108,109,111" m="25847,51307" machi="98" ten="40,5200,0" yaku="14,1,20,1,52,1" doraHai="46" who="0" fromWho="1" sc="224,65,360,-55,250,0,156,0" /><INIT seed="2,0,0,1,2,83" ten="289,305,250,156" oya="2" hai0="71,62,21,44,23,47,123,107,14,8,76,49,129" hai1="82,4,134,98,99,39,89,45,27,19,97,70,50" hai2="42,17,56,33,109,122,103,93,114,15,67,92,7" hai3="117,31,60,51,128,40,0,87,30,69,112,13,86"/><V68/><F122/><W84/><G117/><T102/><D129/><U22/><E70/><V28/><F114/><W66/><G0/><T61/><D107/><U81/><E39/><V24/><F68/><W120/><G120/><T127/><D127/><U100/><E134/><V85/><F109/><W80/><G128/><T121/><D71/><U12/><E100/><V1/><F42/><W58/><G112/><T78/><D102/><U53/><E89/><V25/><F25/><W35/><G35/><T90/><D90/><U57/><E45/><V36/><F36/><W41/><G13/><T88/><D88/><U75/><E75/><V2/><F103/><W38/><G38/><T105/><D14/><U20/><REACH who="1" step="1"/><E4/><REACH who="1" ten="289,295,250,156" step="2"/><V95/><F7/><W115/><G115/><T118/><D123/><U77/><E77/><V26/><F56/><N who="3" m="37127" /><G80/><T101/><D121/><U106/><E106/><V72/><F72/><W94/><G69/><T104/><D101/><U43/><E43/><N who="3" m="16458" /><G94/><T79/><D105/><U96/><N who="1" m="24576" /><DORA hai="124" /><U125/><E125/><V32/><F95/><W64/><G64/><T133/><D104/><U73/><E73/><V116/><F67/><W11/><G11/><T132/><D8/><U52/><E52/><AGARI ba="0,1" hai="30,31,51,52,58,84,86,87" m="16458,37127" machi="52" ten="30,8000,1" yaku="8,1,52,3,54,1" doraHai="83,124" who="3" fromWho="1" sc="289,0,295,-80,250,0,156,90" /><INIT seed="3,0,0,1,0,46" ten="289,215,250,246" oya="3" hai0="135,40,36,104,5,31,107,4,8,41,9,97,108" hai1="95,80,83,105,77,134,78,38,131,123,114,3,124" hai2="113,20,30,6,125,39,54,65,7,73,116,33,126" hai3="11,56,47,53,59,34,58,92,15,45,72,49,129"/><W112/><G72/><T91/><D31/><U42/><E123/><V2/><F116/><W98/><G129/><T102/><D108/><U71/><E71/><V26/><F113/><W130/><G130/><T89/><D97/><U121/><E114/><V76/><F39/><W101/><G112/><T86/><D86/><U52/><E3/><V69/><F20/><W14/><G34/><T118/><D102/><U109/><E131/><V16/><F54/><W82/><G82/><T62/><D62/><U74/><E105/><V22/><F76/><W37/><REACH who="3" step="1"/><G11/><REACH who="3" ten="289,215,250,236" step="2"/><T55/><D9/><U61/><E83/><V19/><F73/><W57/><N who="3" m="14336" /><DORA hai="90" /><W133/><G133/><T106/><D8/><U100/><E74/><V24/><F33/><W17/><G17/><T127/><D135/><U110/><E80/><V44/><F19/><W48/><G48/><T66/><D36/><U120/><E38/><V103/><F16/><W122/><G122/><T132/><D132/><U85/><E134/><V115/><F115/><W87/><G87/><T94/><D118/><U21/><E121/><V68/><F126/><W79/><G79/><T28/><D127/><U35/><E124/><V117/><F125/><W27/><G27/><T70/><D5/><U32/><E32/><V111/><F26/><W43/><AGARI ba="0,1" hai="14,15,37,43,45,47,49,53,92,98,101" m="14336" machi="43" ten="40,12000,1" yaku="1,1,0,1,52,2,53,0" doraHai="46,90" doraHaiUra="128,13" who="3" fromWho="3" sc="289,-40,215,-40,250,-40,236,130" /><INIT seed="3,1,0,5,0,92" ten="249,175,210,366" oya="3" hai0="71,72,46,77,35,81,90,134,82,125,115,32,19" hai1="4,74,121,118,27,45,111,120,83,43,20,23,116" hai2="64,22,96,63,49,93,18,123,52,109,28,61,65" hai3="133,110,39,86,131,37,88,9,1,57,48,66,2"/><W124/><G131/><T87/><D71/><U126/><E4/><V89/><F109/><W75/><G124/><T54/><D134/><U7/><E126/><V94/><F123/><W50/><G133/><T44/><D125/><U67/><E111/><V132/><F132/><W17/><G110/><T56/><D115/><U128/><E67/><N who="2" m="25675" /><F28/><W41/><G75/><T129/><D129/><U107/><E107/><V59/><F94/><W117/><G117/><N who="1" m="45162" /><E128/><V85/><F85/><W79/><G79/><T36/><D36/><N who="1" m="21735" /><E7/><V95/><F95/><W33/><G37/><T69/><D69/><U42/><E42/><V5/><F5/><W3/><G39/><T8/><D35/><U73/><E20/><V24/><AGARI ba="1,0" hai="18,22,24,49,52,59,61,63,89,93,96" m="25675" machi="24" ten="30,4000,0" yaku="8,1,52,1,54,1" doraHai="92" who="2" fromWho="2" sc="249,-11,175,-11,210,43,366,-21" /><INIT seed="4,0,0,3,1,22" ten="238,164,253,345" oya="0" hai0="120,80,60,100,94,3,6,123,25,105,116,64,19" hai1="83,33,61,62,47,68,5,82,17,131,86,59,101" hai2="28,30,103,85,52,75,53,112,69,36,8,84,16" hai3="41,48,21,46,37,76,89,134,44,95,7,122,0"/><T110/><D116/><U87/><E33/><V72/><F69/><W106/><G106/><T58/><D105/><U1/><E131/><V92/><F36/><W117/><G117/><T35/><D110/><U108/><E108/><V55/><F112/><W104/><G104/><T20/><D35/><U66/><E101/><V77/><F72/><W125/><G76/><T126/><D126/><U29/><E29/><N who="2" m="11371" /><F75/><W63/><G63/><T23/><D80/><U128/><E128/><V130/><F130/><W54/><G125/><T15/><D3/><U93/><E47/><V49/><F77/><W32/><G32/><T74/><D74/><U78/><E93/><V13/><F49/><W129/><G129/><T40/><D40/><U26/><E5/><V31/><N who="2" m="11379" /><V81/><DORA hai="79" /><F81/><W91/><G134/><T114/><D114/><U14/><E1/><V2/><F2/><W118/><G118/><T24/><D6/><U38/><E38/><V121/><F121/><W9/><G122/><T45/><D45/><U102/><E102/><V4/><F4/><W71/><G71/><T51/><D51/><U34/><E34/><V70/><F70/><W119/><G119/><T42/><D42/><U127/><E127/><V67/><F67/><W56/><G46/><T11/><D123/><U18/><E14/><V88/><F103/><W12/><G95/><T43/><D43/><U99/><E99/><AGARI ba="0,0" hai="8,13,16,52,53,55,84,85,88,92,99" m="11379" machi="99" ten="40,8000,1" yaku="8,1,54,3" doraHai="22,79" who="2" fromWho="1" sc="238,0,164,-80,253,80,345,0" /><INIT seed="5,0,0,5,2,133" ten="238,84,333,345" oya="1" hai0="102,72,98,5,92,13,131,87,95,11,47,44,77" hai1="21,135,18,91,83,104,112,58,84,85,115,122,34" hai2="108,45,3,126,79,51,119,31,24,125,0,81,88" hai3="76,120,28,71,66,29,78,93,52,96,6,103,59"/><U62/><E34/><N who="2" m="20839" /><F119/><W43/><G6/><T56/><D131/><U113/><E122/><V105/><F108/><W75/><G43/><T65/><D72/><U30/><E104/><V116/><F116/><W15/><G15/><T63/><REACH who="0" step="1"/><D95/><REACH who="0" ten="228,84,333,345" step="2"/><U53/><E135/><V101/><F105/><W14/><G75/><T90/><D90/><U111/><E111/><V89/><F89/><W54/><G93/><T80/><AGARI ba="0,1" hai="5,11,13,44,47,56,63,65,77,80,87,92,98,102" machi="80" ten="30,4000,0" yaku="1,1,0,1,8,1,53,0" doraHai="133" doraHaiUra="37" who="0" fromWho="0" sc="228,50,84,-20,333,-10,345,-10" /><INIT seed="6,0,0,5,0,74" ten="278,64,323,335" oya="2" hai0="102,127,8,78,81,43,135,84,5,64,113,59,23" hai1="31,42,66,53,100,46,114,14,106,101,54,125,134" hai2="79,39,12,93,90,20,108,61,25,123,45,62,112" hai3="91,96,76,65,119,51,63,72,75,7,85,15,118"/><V89/><F89/><W95/><G95/><T92/><D113/><U56/><E114/><V4/><F112/><W38/><G38/><T132/><D43/><U32/><E134/><N who="0" m="51241" /><D23/><U3/><E125/><V133/><F123/><W29/><G29/><T1/><D127/><U82/><E3/><V58/><F133/><W47/><G96/><N who="0" m="59655" /><D59/><U40/><E82/><V26/><F108/><W68/><G118/><T37/><D64/><U120/><E120/><V41/><F79/><W48/><G48/><T13/><D37/><U49/><E106/><V70/><F70/><W16/><G119/><T87/><D1/><U33/><E33/><V24/><F58/><W117/><G117/><T98/><D98/><U55/><E31/><V77/><F77/><W104/><G76/><T83/><D83/><U126/><E126/><V17/><REACH who="2" step="1"/><F4/><REACH who="2" ten="278,64,313,335" step="2"/><W34/><G7/><T44/><D44/><U124/><E124/><V11/><F11/><W69/><G47/><T99/><D99/><AGARI ba="0,1" hai="12,17,20,24,25,26,39,41,45,61,62,90,93,99" machi="99" ten="40,7700,0" yaku="1,1,53,2" doraHai="74" doraHaiUra="57" who="2" fromWho="0" sc="278,-77,64,0,313,87,335,0" /><INIT seed="6,1,0,2,3,73" ten="201,64,400,335" oya="2" hai0="111,127,87,108,51,11,81,7,122,59,72,107,102" hai1="98,106,32,100,70,12,23,104,8,47,34,5,36" hai2="4,41,117,0,77,129,55,56,19,39,43,54,88" hai3="35,93,69,128,134,105,110,91,45,71,95,119,48"/><V80/><F117/><W3/><G105/><T131/><D122/><U17/><E70/><V21/><F129/><W26/><G128/><T25/><D72/><U52/><E106/><V126/><F126/><W15/><G110/><T60/><D131/><U20/><E20/><V9/><F39/><W76/><G3/><T114/><D114/><U37/><E37/><V14/><F88/><W66/><G66/><T31/><D51/><U30/><E30/><V62/><REACH who="2" step="1"/><F55/><REACH who="2" ten="201,64,390,335" step="2"/><W75/><G91/><T61/><D127/><U89/><E89/><V94/><F94/><W42/><G95/><T103/><D107/><U58/><E36/><V22/><F22/><W18/><G93/><T84/><D111/><U133/><E133/><V38/><F38/><W109/><G119/><T64/><D108/><U68/><E68/><V1/><F1/><W135/><G69/><T130/><D130/><U101/><E101/><V63/><F63/><W116/><G71/><T65/><D103/><U27/><REACH who="1" step="1"/><E47/><REACH who="1" ten="201,54,390,335" step="2"/><V83/><F83/><W46/><G45/><T13/><D102/><U123/><E123/><V85/><AGARI ba="1,2" hai="0,4,9,14,19,21,41,43,54,56,62,77,80,85" machi="85" ten="20,7800,0" yaku="1,1,0,1,7,1,52,1,53,0" doraHai="73" doraHaiUra="112" who="2" fromWho="2" sc="201,-27,54,-27,390,101,335,-27" /><INIT seed="6,2,0,5,2,77" ten="174,27,491,308" oya="2" hai0="5,68,64,52,116,14,100,40,55,22,120,42,110" hai1="95,19,57,114,109,91,94,101,32,118,128,88,59" hai2="84,87,93,65,18,103,61,2,107,4,23,83,30" hai3="127,11,104,130,16,62,10,102,47,60,70,96,1"/><V51/><F107/><W53/><G130/><T115/><D110/><U90/><E32/><V129/><F2/><W131/><G131/><T135/><D120/><U25/><E128/><V38/><F129/><W56/><G127/><T27/><D115/><U6/><E114/><V33/><F38/><W41/><G1/><T119/><D100/><U48/><E118/><N who="0" m="45097" /><D135/><U0/><E109/><V28/><F33/><W15/><G11/><N who="0" m="4463" /><D64/><U58/><E6/><V21/><F4/><W7/><G70/><T78/><D78/><U17/><E0/><V12/><F51/><W13/><G15/><T113/><D68/><U106/><E106/><V31/><F103/><W105/><G105/><T125/><D125/><U29/><E101/><V73/><F93/><N who="1" m="35337" /><E29/><V66/><F23/><W81/><G7/><T67/><D67/><N who="2" m="25610" /><F73/><W79/><G62/><T74/><D74/><U117/><E117/><V123/><F123/><W43/><G47/><T20/><D113/><U108/><E108/><V92/><F92/><W24/><G24/><T3/><D3/><U9/><E9/><V36/><F36/><W80/><G79/><T99/><D22/><U54/><E25/><V76/><F87/><W8/><G8/><T71/><D71/><U75/><E75/><V134/><F134/><W98/><G96/><T26/><D99/><U44/><AGARI ba="2,0" hai="17,19,44,48,54,57,58,59,88,90,91" m="35337" machi="44" ten="40,2700,0" yaku="8,1,54,1" doraHai="77" who="1" fromWho="1" sc="174,-9,27,33,491,-15,308,-9" /><INIT seed="7,0,0,3,3,92" ten="165,60,476,299" oya="3" hai0="45,10,15,2,78,127,61,4,108,122,118,93,34" hai1="50,91,55,96,123,38,88,105,68,135,109,27,116" hai2="85,54,104,121,12,86,26,90,7,3,111,110,114" hai3="37,16,76,13,131,87,134,42,106,66,89,33,29"/><W79/><G131/><T95/><D108/><U133/><E123/><V62/><F104/><W71/><G134/><T19/><D118/><U128/><E116/><V46/><F3/><W51/><G106/><T0/><D34/><U119/><E119/><V74/><F74/><W103/><G103/><T1/><D127/><U73/><E73/><V126/><F111/><W53/><G37/><T101/><D78/><U130/><E38/><V20/><F110/><W112/><G112/><T11/><D122/><U41/><E68/><V84/><F121/><W24/><G42/><T25/><D61/><U52/><E109/><V72/><F72/><W120/><G66/><T21/><D101/><U30/><E41/><V70/><F70/><W49/><G51/><T47/><D95/><U115/><E115/><V77/><F114/><W99/><G99/><T98/><D11/><U14/><E14/><V124/><F77/><W107/><G71/><T81/><D81/><U39/><E39/><V59/><F46/><W23/><G107/><T97/><D93/><U32/><E55/><V80/><F126/><W22/><G33/><T48/><D47/><U58/><E130/><V5/><F124/><W56/><G120/><T83/><D83/><AGARI ba="0,0" hai="13,16,22,23,24,29,49,53,56,76,79,83,87,89" machi="83" ten="30,5800,0" yaku="7,1,8,1,54,1" doraHai="92" who="3" fromWho="0" sc="165,-58,60,0,476,0,299,58" /><INIT seed="7,1,0,4,2,14" ten="107,60,476,357" oya="3" hai0="116,6,44,23,91,115,98,7,40,42,122,86,43" hai1="96,37,60,67,106,75,85,35,113,124,28,118,17" hai2="83,82,59,101,130,109,53,80,89,94,70,73,135" hai3="92,24,78,1,69,45,25,16,20,71,68,81,112"/><W129/><G112/><T127/><D116/><U2/><E37/><V51/><F70/><W61/><G129/><T104/><D122/><U0/><E113/><V62/><F109/><W120/><G1/><T63/><D115/><U76/><E75/><V77/><F73/><W46/><G120/><T11/><D127/><U30/><E118/><V32/><F32/><W55/><G24/><T27/><D104/><U99/><E124/><V108/><F108/><W4/><G4/><T90/><D63/><U88/><E106/><V110/><F110/><W128/><G128/><T15/><D7/><U117/><E117/><V26/><F130/><W121/><G121/><T48/><D98/><U9/><E76/><V72/><F72/><W119/><G119/><T54/><D86/><U111/><E111/><V95/><F135/><W34/><G34/><T39/><D39/><U125/><E125/><V29/><F77/><W56/><REACH who="3" step="1"/><G92/><REACH who="3" ten="107,60,476,347" step="2"/><T107/><D107/><U22/><E35/><V79/><F95/><W103/><G103/><T49/><D27/><U131/><E0/><V21/><F101/><W33/><G33/><T93/><D93/><U97/><E131/><V74/><F94/><W3/><G3/><T10/><D6/><U134/><E134/><V52/><F26/><W58/><G58/><T123/><D123/><U132/><E132/><V100/><F100/><W65/><G65/><T102/><D102/><U114/><E114/><V105/><F59/><W13/><G13/><T12/><D12/><U18/><E2/><V87/><F105/><W133/><G133/><T66/><D15/><RYUUKYOKU ba="1,1" sc="107,-10,60,-10,476,-10,347,30" hai3="16,20,25,45,46,55,56,61,68,69,71,78,81" /><INIT seed="7,2,1,3,3,60" ten="97,50,466,377" oya="3" hai0="78,57,7,85,67,5,120,132,124,97,107,43,95" hai1="133,52,106,81,2,11,91,39,108,59,75,42,79" hai2="62,12,103,74,25,127,21,135,63,9,118,66,45" hai3="23,40,61,15,117,35,58,14,71,34,134,44,31"/><W130/><G117/><T83/><D120/><U102/><E108/><V53/><F118/><W88/><G134/><T22/><D107/><U48/><E133/><V84/><F74/><W16/><G130/><T89/><D124/><U128/><E128/><V92/><F135/><W47/><G71/><T86/><D43/><U29/><E29/><N who="2" m="17583" /><F127/><W114/><G114/><T30/><D132/><U123/><E123/><V41/><F66/><N who="3" m="39223" /><G34/><T10/><D10/><U90/><E102/><V56/><F41/><W73/><G35/><T121/><D121/><U93/><E93/><V113/><F113/><W50/><G44/><T125/><D125/><U98/><E98/><N who="2" m="59847" /><F45/><W119/><G119/><T105/><D105/><U0/><E106/><V4/><F84/><W27/><G73/><T36/><D86/><U26/><E26/><V104/><F104/><W46/><G46/><T101/><D85/><U80/><E80/><V112/><F112/><W100/><G100/><T82/><D101/><U116/><E116/><V54/><F54/><W76/><G76/><T69/><D78/><U37/><E0/><V24/><F24/><N who="3" m="16799" /><G88/><T55/><D89/><U38/><REACH who="1" step="1"/><E42/><REACH who="1" ten="97,40,466,377" step="2"/><V68/><F68/><W70/><G70/><T122/><D122/><U77/><E77/><V96/><F96/><W3/><G3/><T33/><D69/><U19/><E19/><V65/><F4/><AGARI ba="2,2" hai="2,4,11,37,38,39,48,52,59,75,79,81,90,91" machi="4" ten="40,2600,0" yaku="1,1,54,1,53,0" doraHai="60" doraHaiUra="109" who="1" fromWho="2" sc="97,0,40,52,466,-32,377,0" owari="97,-30.0,92,-41.0,434,53.0,377,18.0" /></mjloggm>