<mjloggm ver="2.3"><GO type="41" lobby="0"/><UN n0="%E5%87%9B%37%37%37" n1="%E3%82%A8%E3%83%B3%E3%82%B8%E3%82%A7%E3%83%AB%E3%83%AD%E3%83%83%E3%82%AF" n2="%62%75%6E%62%75%6E%32%34" n3="%E2%93%9D%53%75%70%68%78" dan="15,15,13,18" rate="2002.43,2000.22,1889.33,2065.12" sx="M,F,M,M"/><TAIKYOKU oya="0"/><INIT seed="0,0,0,2,5,123" ten="250,250,250,250" oya="0" hai0="89,80,33,41,126,61,59,130,99,26,13,81,104" hai1="105,57,22,111,103,90,28,2,106,108,132,121,53" hai2="36,23,11,75,82,34,85,74,124,18,63,69,40" hai3="83,122,110,52,45,101,131,62,15,100,43,8,116"/><T32/><D126/><U9/><E121/><V50/><F34/><W109/><G122/><T47/><D130/><U4/><E132/><V46/><F124/><W1/><G1/><T107/><D13/><U78/><E78/><V93/><F11/><W115/><G115/><T14/><D14/><U79/><E79/><V118/><F118/><W64/><G83/><T76/><D89/><U27/><E90/><V35/><F35/><W68/><G116/><T21/><D32/><U73/><E73/><V95/><F74/><W129/><G101/><T37/><D33/><U119/><E119/><V127/><F75/><W54/><G100/><T58/><D58/><U5/><E5/><V60/><F127/><W97/><G97/><T55/><D99/><U94/><E94/><V113/><F36/><N who="3" m="21735" /><G8/><T7/><D7/><U20/><E20/><V49/><F113/><W42/><G42/><T12/><D12/><U117/><E117/><V0/><F0/><W56/><G15/><T72/><REACH who="0" step="1"/><D81/><REACH who="0" ten="240,250,250,250" step="2"/><U25/><E25/><V71/><F82/><W88/><G88/><T92/><D92/><U51/><REACH who="1" step="1"/><E103/><REACH who="1" ten="240,240,250,250" step="2"/><V77/><F95/><W10/><G10/><T98/><D98/><U6/><E6/><V86/><F93/><W16/><G131/><T66/><D66/><U24/><E24/><V114/><F114/><W29/><G129/><T134/><D134/><U65/><E65/><V19/><F77/><W135/><G135/><T87/><D87/><U67/><E67/><V31/><F86/><W30/><G64/><T39/><D39/><U91/><E91/><V17/><F85/><RYUUKYOKU ba="0,2" sc="240,15,240,15,250,-15,250,-15" hai0="21,26,37,41,47,55,59,61,72,76,80,104,107" hai1="2,4,9,22,27,28,51,53,57,105,106,108,111" /><INIT seed="0,1,2,1,1,13" ten="255,255,235,235" oya="0" hai0="116,115,93,6,34,83,52,25,87,1,48,66,33" hai1="130,17,128,43,46,14,32,74,10,67,108,99,126" hai2="59,111,0,81,60,63,78,100,105,2,35,84,80" hai3="53,30,42,85,19,3,71,134,112,24,103,58,72"/><T16/><D115/><U45/><E108/><V54/><F35/><W26/><G3/><T127/><D116/><U133/><E74/><V73/><F111/><W96/><G72/><T56/><D34/><U95/><E67/><V70/><F105/><W102/><G71/><T69/><D33/><U92/><E133/><V20/><F100/><W18/><G42/><T49/><D127/><U101/><E126/><V23/><F2/><W98/><G85/><T129/><D129/><N who="1" m="49771" /><E32/><V65/><REACH who="2" step="1"/><F0/><REACH who="2" ten="255,255,225,235" step="2"/><W122/><G103/><T91/><D1/><U77/><E92/><V106/><F106/><W97/><G102/><T8/><D93/><U109/><E109/><V11/><F11/><W57/><G112/><T7/><D8/><U86/><E43/><V41/><F41/><W132/><G132/><T118/><D118/><U29/><E29/><V36/><F36/><W89/><G30/><T131/><D131/><U88/><E77/><AGARI ba="1,3" hai="20,23,54,59,60,63,65,70,73,77,78,80,81,84" machi="77" ten="30,2000,0" yaku="1,1,7,1,53,0" doraHai="13" doraHaiUra="90" who="2" fromWho="1" sc="255,0,255,-23,225,53,235,0" /><INIT seed="1,0,0,5,5,131" ten="255,232,278,235" oya="1" hai0="117,19,97,95,74,32,106,58,46,96,79,55,30" hai1="127,9,22,33,108,105,29,51,113,80,92,63,57" hai2="128,87,83,130,78,34,21,62,81,114,135,0,134" hai3="5,66,18,48,119,4,71,31,60,1,121,16,38"/><U6/><E113/><V7/><F34/><W125/><G121/><T50/><D117/><U129/><E105/><V20/><F62/><W120/><G120/><T73/><D106/><U41/><E33/><V104/><F7/><W111/><G38/><T103/><D79/><U42/><E129/><N who="2" m="49771" /><F0/><W77/><G111/><T56/><D19/><U65/><E108/><V49/><F49/><W93/><G125/><T52/><D58/><U86/><E127/><V82/><F21/><W40/><G77/><T53/><D53/><U27/><E51/><V101/><F20/><W100/><G5/><T69/><D69/><U25/><E25/><V98/><F114/><W24/><G4/><T43/><D97/><U115/><E115/><V54/><F54/><W99/><G119/><T123/><D123/><U112/><E92/><V89/><F78/><W8/><G1/><T39/><REACH who="0" step="1"/><D55/><REACH who="0" ten="245,232,278,235" step="2"/><U28/><E112/><V88/><F89/><W118/><G118/><T2/><D2/><U67/><E29/><V11/><F11/><W76/><G8/><T102/><D102/><U94/><E67/><V36/><F36/><W13/><G76/><T109/><D109/><U124/><E124/><V132/><AGARI ba="0,1" hai="81,82,83,87,88,98,101,104,132,134,135" m="49771" machi="132" ten="40,16000,3" yaku="20,1,19,1,34,2,52,3,54,1" doraHai="131" who="2" fromWho="2" sc="245,-40,232,-80,278,170,235,-40" /><INIT seed="2,0,0,0,5,114" ten="205,152,448,195" oya="2" hai0="51,107,7,105,26,64,78,63,18,84,45,76,55" hai1="133,21,110,25,65,95,135,126,93,0,124,120,2" hai2="10,46,31,32,112,96,53,94,106,104,16,61,41" hai3="83,1,134,20,57,22,48,35,8,5,14,119,69"/><V52/><F112/><W100/><G69/><T38/><D7/><U87/><E65/><V30/><F32/><W49/><G35/><T15/><D26/><U62/><E62/><V37/><F106/><W4/><G134/><N who="1" m="51210" /><E87/><V91/><F104/><W74/><G100/><T56/><D105/><U97/><E110/><V73/><F73/><W79/><G119/><T113/><D113/><U12/><E95/><V42/><F42/><W82/><G82/><T44/><D107/><U101/><E12/><N who="2" m="7191" /><F37/><W89/><G74/><T123/><D123/><U29/><E120/><V66/><F41/><W60/><G1/><AGARI ba="0,0" hai="0,1,2,21,25,29,93,97,101,124,126" m="51210" machi="1" ten="30,1000,0" yaku="20,1" doraHai="114" who="1" fromWho="3" sc="205,0,152,10,448,0,195,-10" /><INIT seed="3,0,0,5,0,0" ten="205,162,448,185" oya="3" hai0="130,41,64,55,85,37,26,51,34,20,131,109,91" hai1="124,115,110,13,15,88,62,56,128,134,8,97,36" hai2="16,126,57,77,28,94,122,53,52,71,10,19,80" hai3="39,63,127,125,14,74,59,66,108,103,42,117,31"/><W24/><G117/><T132/><D109/><U123/><E110/><V133/><F71/><W44/><G108/><T54/><D34/><U30/><E36/><V84/><F133/><W99/><G14/><T68/><D132/><U2/><E15/><V21/><F126/><W7/><G74/><T9/><D9/><U58/><E2/><V95/><F122/><W67/><G67/><T86/><D37/><U135/><E124/><V120/><F120/><W78/><G78/><T23/><D41/><U102/><E115/><V35/><F35/><W96/><G96/><T105/><D105/><U82/><E128/><V106/><F106/><W100/><G100/><T49/><D91/><U40/><E40/><V98/><F10/><W72/><G72/><T75/><D75/><U11/><E11/><V61/><F53/><W27/><G27/><T25/><REACH who="0" step="1"/><D64/><REACH who="0" ten="195,162,448,185" step="2"/><N who="1" m="38983" /><E123/><V121/><F121/><W112/><G112/><T87/><D87/><N who="1" m="50295" /><E134/><V101/><F94/><W76/><G127/><T46/><D46/><U89/><E102/><V29/><F19/><W33/><G125/><T17/><D17/><N who="1" m="8359" /><E30/><V69/><F69/><AGARI ba="0,1" hai="20,23,25,26,49,51,54,55,68,69,85,86,130,131" machi="69" ten="25,3200,0" yaku="1,1,22,2,53,0" doraHai="0" doraHaiUra="118" who="0" fromWho="2" sc="195,42,162,0,448,-32,185,0" /><INIT seed="4,0,0,3,4,124" ten="237,162,416,185" oya="0" hai0="32,33,41,91,117,18,76,67,40,13,89,19,48" hai1="128,65,25,44,119,98,64,132,42,22,114,61,90" hai2="97,60,50,79,24,123,56,21,109,69,16,68,71" hai3="31,95,2,87,47,30,77,107,34,106,83,120,6"/><T94/><D117/><U20/><E119/><V135/><F109/><W126/><G126/><T115/><D115/><U5/><E132/><V129/><F123/><W26/><G120/><T59/><D76/><U104/><E5/><V100/><F135/><W57/><G31/><T86/><D67/><U63/><E114/><V28/><F129/><W52/><G47/><T92/><D59/><U81/><E128/><V74/><F74/><W39/><G39/><T101/><D101/><U45/><E104/><V8/><F79/><W62/><REACH who="3" step="1"/><G95/><REACH who="3" ten="237,162,416,175" step="2"/><T72/><D94/><N who="1" m="56663" /><E45/><V99/><F28/><W75/><G75/><T133/><D92/><U53/><E44/><V122/><F122/><W1/><G1/><T35/><D72/><U7/><E42/><V112/><F112/><W27/><G27/><T108/><D133/><U84/><E25/><V58/><F100/><W46/><G46/><T111/><D41/><U66/><E7/><V80/><F24/><W36/><G36/><T93/><D108/><U125/><E125/><V116/><F116/><W78/><G78/><T113/><D111/><U102/><E102/><V103/><F103/><W10/><AGARI ba="0,1" hai="2,6,10,26,30,34,52,57,62,77,83,87,106,107" machi="10" ten="30,4000,0" yaku="1,1,0,1,54,1,53,0" doraHai="124" doraHaiUra="96" who="3" fromWho="3" sc="237,-20,162,-10,416,-10,175,50" /><INIT seed="5,0,0,1,0,131" ten="217,152,406,225" oya="1" hai0="56,83,75,92,101,8,61,51,64,25,103,127,93" hai1="95,43,74,132,78,49,58,9,125,2,109,55,67" hai2="134,45,133,12,54,48,57,35,84,46,24,41,4" hai3="80,23,76,88,10,91,29,53,116,122,39,110,30"/><U38/><E125/><V130/><F130/><W1/><G110/><T128/><D128/><U90/><E109/><V42/><F84/><W99/><G122/><T120/><D127/><U107/><E107/><V19/><F35/><W15/><G39/><T108/><D108/><U100/><E100/><V34/><F34/><W11/><G1/><T52/><D120/><U117/><E117/><V73/><F73/><W17/><G116/><T112/><D112/><U102/><E102/><V3/><F3/><W94/><G91/><T135/><D8/><U18/><E67/><V59/><F24/><W62/><G11/><T40/><D40/><U22/><E43/><V63/><F4/><W89/><G89/><T5/><D5/><U14/><E38/><N who="2" m="21687" /><F19/><W119/><G10/><T71/><D25/><U70/><E70/><V105/><F12/><W87/><REACH who="3" step="1"/><G119/><REACH who="3" ten="217,152,406,215" step="2"/><T44/><D103/><U66/><E2/><V77/><F77/><W13/><G13/><T81/><D101/><U97/><E9/><V79/><F79/><W118/><G118/><T33/><D75/><U69/><E78/><V129/><F129/><W114/><G114/><T126/><D126/><U65/><E74/><V28/><F105/><W26/><G26/><T124/><D124/><U115/><E115/><V111/><F111/><W104/><G104/><T32/><D93/><U121/><E121/><V85/><F85/><W0/><G0/><T36/><D92/><U72/><E72/><V68/><F28/><W82/><G82/><T50/><D83/><U98/><E98/><V6/><F6/><W123/><G123/><RYUUKYOKU ba="0,1" sc="217,-10,152,-10,406,-10,215,30" hai3="15,17,23,29,30,53,62,76,80,87,88,94,99" /><INIT seed="6,1,1,2,0,103" ten="207,142,396,245" oya="2" hai0="38,82,69,98,84,3,58,102,30,55,67,13,43" hai1="128,66,135,19,115,61,59,123,122,87,28,18,24" hai2="64,121,112,91,80,10,23,86,7,124,114,111,71" hai3="29,53,4,104,119,132,72,31,100,1,33,2,47"/><V48/><F121/><N who="1" m="46089" /><E87/><V85/><F111/><W52/><G72/><T36/><D3/><U117/><E117/><V97/><F124/><W62/><G132/><T89/><D30/><U37/><E37/><V88/><F71/><W51/><G119/><T27/><D27/><U35/><E135/><V17/><F64/><W73/><G73/><T60/><D43/><U41/><E41/><V8/><F48/><W92/><G92/><T15/><D38/><U25/><E115/><N who="2" m="44075" /><F97/><W118/><G118/><T39/><D39/><U134/><E134/><V93/><F7/><W130/><G4/><T81/><D81/><U76/><E76/><V70/><F70/><W113/><G113/><T94/><REACH who="0" step="1"/><D36/><REACH who="0" ten="197,142,396,245" step="2"/><U49/><E25/><AGARI ba="1,2" hai="8,10,17,23,25,80,85,86,88,91,93" m="44075" machi="25" ten="30,2900,0" yaku="15,1,54,1" doraHai="103" who="2" fromWho="1" sc="197,0,142,-32,396,52,245,0" /><INIT seed="6,2,0,3,5,25" ten="197,110,448,245" oya="2" hai0="5,94,58,52,51,79,103,19,35,7,98,95,93" hai1="36,11,121,70,111,1,41,133,114,135,131,132,89" hai2="88,26,106,40,104,134,6,67,27,57,127,74,14" hai3="42,129,92,125,59,46,2,73,20,18,80,87,39"/><V28/><F74/><W23/><G129/><T81/><D19/><U86/><E86/><V49/><F127/><W130/><G130/><T37/><D37/><U126/><E89/><V119/><F119/><W85/><G23/><T47/><D35/><U108/><E11/><N who="2" m="4471" /><F106/><W113/><G113/><T100/><D47/><U16/><E16/><V107/><F104/><W118/><G2/><T76/><D76/><U101/><E101/><V4/><F107/><W110/><G110/><N who="1" m="42026" /><E1/><V24/><F4/><W55/><G125/><T97/><D95/><U99/><E99/><V33/><F33/><W56/><G92/><T124/><D124/><U72/><E72/><AGARI ba="2,0" hai="5,7,51,52,58,72,79,81,93,94,97,98,100,103" machi="72" ten="30,3900,0" yaku="7,1,9,1,54,1" doraHai="25" who="0" fromWho="1" sc="197,45,110,-45,448,0,245,0" /><INIT seed="7,0,0,1,5,92" ten="242,65,448,245" oya="3" hai0="47,81,71,130,7,66,119,103,114,120,31,70,49" hai1="55,115,82,38,95,12,127,35,43,132,6,46,9" hai2="109,93,105,32,111,19,45,122,30,61,17,85,117" hai3="21,80,124,63,125,40,108,51,134,94,110,4,52"/><W88/><G4/><T37/><D119/><U36/><E115/><V13/><F105/><W84/><G40/><T29/><D120/><U118/><E132/><V34/><F117/><W60/><G21/><T76/><D130/><U39/><E118/><V56/><F45/><N who="3" m="27759" /><G134/><T128/><D128/><U50/><E127/><N who="3" m="48714" /><G94/><T99/><D37/><U106/><E106/><V89/><F122/><W24/><G24/><T65/><D7/><U22/><E35/><V77/><F34/><W107/><G107/><T53/><D114/><U15/><E15/><V57/><F32/><W73/><G73/><T62/><D66/><U11/><E11/><V69/><F30/><W16/><G16/><T20/><D71/><U91/><E22/><V116/><F19/><W104/><G104/><T112/><D20/><U126/><E82/><V96/><F116/><W102/><G102/><T54/><D54/><U74/><E74/><V98/><F17/><W78/><G78/><T135/><D135/><U67/><E67/><V72/><F77/><W100/><G100/><T97/><D112/><U28/><E28/><V101/><F72/><W58/><G58/><T87/><D99/><U42/><E126/><V33/><F33/><W5/><G5/><T14/><D14/><U48/><E43/><V121/><F13/><W23/><G23/><T68/><D68/><U133/><E133/><V86/><F101/><W83/><G83/><T64/><D64/><U18/><E6/><V90/><F93/><AGARI ba="0,0" hai="29,31,47,49,53,62,65,70,76,81,87,93,97,103" machi="93" ten="30,2000,0" yaku="7,1,52,1" doraHai="92" who="0" fromWho="2" sc="242,20,65,0,448,-20,245,0" owari="262,6.0,65,-43.0,428,52.0,245,-15.0" /></mjloggm>