<mjloggm ver="2.3"><GO type="41" lobby="0"/><UN n0="%47%69%6B%75%74%6F%7A" n1="%E9%81%93%E8%8D%89" n2="%E2%93%9D%53%75%70%68%78" n3="%74%73%75%6E%61" dan="14,15,18,15" rate="1890.34,1972.56,2077.59,2046.40" sx="M,M,M,M"/><TAIKYOKU oya="0"/><INIT seed="0,0,0,5,4,69" ten="250,250,250,250" oya="0" hai0="98,61,44,80,40,111,6,125,73,132,18,117,120" hai1="37,35,63,81,11,67,10,115,128,47,17,12,51" hai2="20,133,9,72,16,85,103,50,129,54,64,114,123" hai3="49,36,135,52,94,108,119,57,109,4,78,53,31"/><T93/><D117/><U5/><E128/><V46/><F72/><W77/><G119/><T2/><D120/><U41/><E35/><V65/><F123/><W112/><G112/><T22/><D132/><U55/><E115/><V3/><F114/><W113/><G113/><T121/><D121/><U62/><E81/><V21/><F129/><W71/><G71/><T19/><D125/><U34/><E34/><V43/><F103/><W38/><G31/><T92/><D61/><U68/><E62/><V79/><F21/><W13/><G135/><T99/><D80/><U107/><E107/><V134/><F134/><W127/><G127/><T74/><D6/><U42/><REACH who="1" step="1"/><E37/><REACH who="1" ten="250,240,250,250" step="2"/><N who="3" m="14442" /><G77/><T58/><D58/><U24/><E24/><V124/><F133/><W118/><G78/><T91/><D44/><U82/><E82/><V27/><F124/><W96/><G118/><T0/><D92/><U84/><E84/><V66/><F85/><W83/><G83/><T48/><D93/><U56/><E56/><V105/><F105/><W90/><G57/><T1/><D98/><U59/><E59/><V116/><F116/><W25/><G25/><T23/><D99/><U70/><E70/><V60/><F79/><W7/><G49/><T110/><D48/><U86/><E86/><V87/><F87/><W26/><G26/><T97/><D73/><U14/><AGARI ba="0,1" hai="5,10,11,12,14,17,41,42,47,51,55,63,67,68" machi="14" ten="20,2700,0" yaku="1,1,0,1,7,1,53,0" doraHai="69" doraHaiUra="30" who="1" fromWho="1" sc="250,-13,240,37,250,-7,250,-7" /><INIT seed="1,0,0,2,5,43" ten="237,277,243,243" oya="1" hai0="58,32,122,42,107,89,23,39,132,59,126,117,6" hai1="15,44,18,129,62,27,14,111,72,125,9,22,83" hai2="55,84,94,131,40,34,100,87,65,10,92,112,38" hai3="64,4,121,123,33,36,13,19,1,90,97,48,130"/><U0/><E129/><V47/><F34/><W79/><G36/><T17/><D32/><U133/><E133/><V45/><F131/><W110/><G64/><T31/><D117/><U35/><E125/><V74/><F74/><W108/><G79/><T26/><D122/><N who="3" m="46601" /><G97/><T135/><D107/><U11/><E62/><V56/><F112/><W29/><G90/><T12/><D126/><U24/><E83/><V98/><F65/><W7/><G48/><T3/><D89/><U128/><E72/><V76/><F76/><W119/><G119/><T71/><D71/><U95/><E95/><V99/><F10/><N who="1" m="3593" /><E44/><N who="2" m="16971" /><F40/><W61/><G61/><T75/><D75/><U16/><E128/><V37/><F37/><W104/><G104/><T30/><D42/><U67/><E67/><V68/><F68/><W115/><G115/><T78/><D39/><U60/><E60/><N who="2" m="35871" /><F38/><W63/><G63/><T46/><D78/><U109/><E0/><V106/><F106/><W102/><G130/><T81/><D135/><U70/><E70/><V85/><F85/><W69/><G69/><T66/><D132/><U5/><E5/><V134/><F134/><W52/><G7/><T127/><D6/><U8/><E35/><V120/><F120/><W77/><G4/><T86/><D66/><U91/><E91/><AGARI ba="0,0" hai="84,87,91,92,94,98,99,100" m="35871,16971" machi="91" ten="30,7700,0" yaku="8,1,52,3" doraHai="43" who="2" fromWho="1" sc="237,0,277,-77,243,77,243,0" /><INIT seed="2,0,0,3,4,27" ten="237,200,320,243" oya="2" hai0="72,133,92,75,98,111,85,12,54,25,95,31,124" hai1="84,134,109,88,117,41,26,122,132,21,104,114,110" hai2="118,23,106,64,74,69,93,16,19,52,129,113,112" hai3="81,7,103,13,125,50,68,40,71,9,79,11,119"/><V55/><F106/><W34/><G119/><T35/><D111/><N who="1" m="42507" /><E117/><V87/><F74/><W0/><G125/><T3/><D133/><N who="1" m="51307" /><E104/><V8/><F118/><W24/><G103/><T59/><D124/><U89/><E114/><V65/><F129/><W4/><G34/><T45/><D3/><U107/><E107/><V14/><F69/><W29/><G24/><T127/><D127/><U135/><E135/><V22/><F8/><W39/><G29/><T48/><D12/><U36/><E122/><V62/><F62/><W32/><G32/><T44/><D85/><U43/><E36/><V10/><F10/><W123/><G123/><T78/><D95/><N who="1" m="54663" /><E89/><N who="2" m="53439" /><F113/><W126/><G126/><T90/><REACH who="0" step="1"/><D78/><REACH who="0" ten="227,200,320,243" step="2"/><U66/><E66/><N who="2" m="25707" /><F112/><W18/><G68/><T47/><AGARI ba="0,1" hai="25,31,35,44,45,47,48,54,59,72,75,90,92,98" machi="47" ten="30,4000,0" yaku="1,1,0,1,52,1,53,0" doraHai="27" doraHaiUra="61" who="0" fromWho="0" sc="227,50,200,-10,320,-20,243,-10" /><INIT seed="3,0,0,1,1,57" ten="277,190,300,233" oya="3" hai0="64,15,31,133,47,128,115,89,100,29,12,20,7" hai1="109,97,52,75,33,92,114,106,56,122,26,93,82" hai2="22,94,120,2,70,76,98,35,61,99,116,54,5" hai3="3,101,121,81,48,49,23,0,130,86,80,102,90"/><W69/><G121/><T63/><D128/><U84/><E122/><V112/><F112/><W78/><G69/><T44/><D133/><U117/><E114/><V19/><F35/><W14/><G130/><T110/><D110/><U51/><E109/><V127/><F127/><W87/><G0/><T108/><D108/><U43/><E43/><V85/><F116/><W10/><G3/><T107/><D15/><U119/><E75/><V91/><F76/><W60/><G23/><T53/><D89/><U36/><E36/><V21/><F21/><W16/><REACH who="3" step="1"/><G60/><REACH who="3" ten="277,190,300,223" step="2"/><T105/><D20/><U103/><E119/><V24/><F120/><W123/><G123/><T40/><D115/><U30/><REACH who="1" step="1"/><E117/><REACH who="1" ten="277,180,300,223" step="2"/><V68/><F68/><W71/><G71/><T104/><D40/><U9/><E9/><V67/><F70/><W55/><G55/><T28/><D53/><U113/><E113/><V124/><F54/><W125/><G125/><T13/><D7/><U25/><E25/><V83/><F124/><W34/><G34/><T27/><D27/><U65/><E65/><V39/><F67/><W62/><G62/><T135/><D64/><U6/><E6/><V41/><F61/><W37/><G37/><T72/><D63/><U46/><E46/><V38/><F38/><W111/><G111/><T66/><D66/><U126/><E126/><V4/><F2/><W95/><G95/><T118/><D118/><U32/><E32/><V17/><F39/><W11/><G11/><T58/><D47/><U1/><E1/><V8/><F41/><W77/><G77/><AGARI ba="0,2" hai="26,30,33,51,52,56,77,82,84,92,93,97,103,106" machi="77" ten="30,8000,1" yaku="1,1,7,1,54,1,53,2" doraHai="57" doraHaiUra="88" who="1" fromWho="3" sc="277,0,180,100,300,0,223,-80" /><INIT seed="4,0,0,4,5,30" ten="277,280,300,143" oya="0" hai0="13,96,74,111,88,37,85,81,129,51,18,83,22" hai1="108,25,9,10,38,14,95,116,126,113,33,12,56" hai2="42,122,15,40,11,135,75,6,1,36,80,94,53" hai3="47,55,76,84,77,54,131,120,130,49,20,4,115"/><T91/><D37/><U117/><E38/><V118/><F122/><W121/><G4/><T114/><D114/><U102/><E56/><V99/><F135/><W100/><G100/><T63/><D129/><N who="3" m="49161" /><G20/><T43/><D111/><U45/><E45/><V46/><F118/><W23/><G23/><T132/><D132/><U70/><E70/><V16/><F42/><W50/><G84/><T57/><D74/><U125/><E95/><V17/><F53/><W97/><G97/><T78/><D43/><U82/><E82/><V34/><F15/><W24/><G24/><T79/><D51/><U87/><E87/><V103/><F34/><W93/><G93/><T112/><D112/><U104/><E102/><V109/><F109/><W73/><G73/><T124/><D124/><N who="1" m="47723" /><E104/><V5/><F5/><W98/><G98/><T8/><D8/><U44/><E44/><V67/><F67/><W105/><G105/><T65/><D96/><U60/><E60/><V119/><F119/><W29/><G29/><T3/><D3/><U72/><E72/><V107/><F107/><W28/><G28/><T0/><D0/><U35/><E113/><V71/><F71/><W32/><G115/><T66/><D66/><U86/><E86/><V64/><F64/><W89/><G47/><T39/><D39/><U2/><E2/><V58/><F58/><W48/><G89/><N who="0" m="34379" /><D85/><U127/><N who="1" m="47731" /><U133/><DORA hai="52" /><E133/><V31/><F31/><W21/><G120/><T128/><D128/><U123/><E123/><V59/><F59/><W101/><G101/><T69/><D69/><U92/><E108/><RYUUKYOKU ba="0,0" sc="277,15,280,-15,300,15,143,-15" hai0="13,18,22,57,63,65,78,79,81,83" hai2="1,6,11,16,17,36,40,46,75,80,94,99,103" /><INIT seed="4,1,0,5,4,90" ten="292,265,315,128" oya="0" hai0="29,108,114,95,128,21,70,67,78,92,52,103,106" hai1="100,125,135,117,4,22,86,10,121,105,61,80,119" hai2="0,69,73,40,63,38,87,12,41,94,104,110,76" hai3="51,48,27,26,132,45,36,9,47,54,111,75,23"/><T85/><D114/><U55/><E121/><V58/><F0/><W59/><G75/><T56/><D128/><U89/><E135/><V102/><F69/><W66/><G111/><T91/><D70/><U115/><E125/><V37/><F110/><W19/><G132/><T57/><D106/><U34/><E34/><V79/><F104/><W101/><G36/><T43/><D43/><U18/><E105/><V83/><F38/><W118/><G118/><T6/><D6/><U62/><E100/><V71/><F71/><W15/><G66/><T17/><D29/><U96/><E96/><N who="2" m="59671" /><F73/><W127/><G127/><T44/><D78/><N who="2" m="29738" /><F12/><W16/><G101/><T93/><D103/><U113/><E119/><V68/><F37/><W1/><G1/><T64/><D108/><U14/><E117/><V24/><F24/><W84/><G84/><T65/><D44/><U3/><REACH who="1" step="1"/><E55/><REACH who="1" ten="292,255,315,128" step="2"/><N who="2" m="34271" /><F68/><W32/><G32/><T53/><D53/><U109/><E109/><V7/><F7/><W42/><G26/><N who="0" m="14639" /><D57/><AGARI ba="1,1" hai="9,15,16,19,23,27,42,45,47,48,51,54,57,59" machi="57" ten="40,2600,0" yaku="8,1,54,1" doraHai="90" who="3" fromWho="0" sc="292,-29,255,0,315,0,128,39" /><INIT seed="5,0,0,5,4,39" ten="263,255,315,167" oya="1" hai0="75,40,62,61,85,87,82,123,103,81,55,76,17" hai1="100,92,94,86,9,50,113,30,99,26,105,36,91" hai2="41,130,4,11,2,135,77,90,118,65,47,20,33" hai3="117,58,79,28,132,114,6,23,101,63,14,13,107"/><U48/><E36/><V97/><F33/><W112/><G79/><T57/><D123/><U22/><E113/><N who="3" m="43626" /><G101/><T110/><D110/><U126/><E126/><V32/><F135/><W102/><G102/><T96/><D75/><U122/><E122/><V42/><F130/><W7/><G107/><T44/><D17/><U59/><E105/><V83/><F65/><W111/><G58/><T64/><D64/><U56/><E9/><V29/><F32/><W37/><G37/><T133/><D133/><U35/><E35/><V46/><F118/><W52/><G52/><T89/><D103/><U95/><E95/><V127/><F127/><W49/><G49/><AGARI ba="0,0" hai="22,26,30,48,49,50,56,59,86,91,92,94,99,100" machi="49" ten="40,2000,0" yaku="8,1" doraHai="39" who="1" fromWho="3" sc="263,0,255,20,315,0,167,-20" /><INIT seed="5,1,0,5,0,5" ten="263,275,315,147" oya="1" hai0="114,75,31,132,115,102,125,79,6,51,133,50,113" hai1="49,85,88,131,103,19,110,78,25,105,4,24,55" hai2="11,101,74,18,65,76,66,107,10,96,7,53,117" hai3="112,52,61,92,60,118,89,128,20,47,62,72,36"/><U17/><E131/><V67/><F117/><W26/><G118/><T1/><D102/><U93/><E110/><V86/><F74/><W9/><G72/><T23/><D75/><U0/><E105/><V70/><F70/><W15/><G128/><T135/><D79/><U95/><E78/><V22/><F7/><W71/><G112/><T106/><D106/><U8/><E103/><V127/><F127/><W90/><G71/><T87/><D87/><U80/><E25/><V56/><F86/><W58/><G36/><T44/><D125/><U45/><REACH who="1" step="1"/><E24/><REACH who="1" ten="263,265,315,147" step="2"/><V33/><F76/><W123/><G123/><T73/><D73/><U40/><E40/><V68/><F107/><W16/><G47/><T69/><D44/><U84/><E84/><V121/><F101/><W116/><G116/><T64/><D115/><U39/><E39/><V46/><F46/><W14/><G89/><T94/><D114/><U97/><E97/><V109/><F109/><W41/><G41/><T3/><D113/><U104/><E104/><V119/><F96/><N who="3" m="57367" /><G26/><T32/><D32/><U126/><E126/><V98/><F33/><W120/><G120/><T122/><D122/><U30/><BYE who="0" /><E30/><V129/><F129/><W63/><G15/><T38/><D38/><U35/><E35/><V99/><F121/><W34/><G34/><T82/><D82/><U57/><E57/><V81/><F119/><W21/><AGARI ba="1,1" hai="9,14,16,20,21,52,58,60,61,62,63" m="57367" machi="21" ten="30,7900,0" yaku="8,1,52,1,54,2" doraHai="5" who="3" fromWho="3" sc="263,-21,265,-40,315,-21,147,92" /><INIT seed="6,0,0,1,4,37" ten="242,225,294,239" oya="2" hai0="79,4,45,69,82,72,59,129,15,3,132,40,116" hai1="20,105,18,8,127,19,71,5,101,6,123,33,89" hai2="134,21,12,108,97,80,96,73,1,67,52,7,55" hai3="77,111,65,75,85,76,125,95,51,17,31,32,66"/><V113/><F1/><W39/><G39/><T110/><D110/><U88/><E71/><V109/><F67/><W102/><G111/><N who="2" m="42569" /><F134/><W92/><G125/><UN n0="%47%69%6B%75%74%6F%7A" /><T106/><D129/><U46/><E33/><V135/><F113/><W99/><G32/><T100/><D132/><U9/><E127/><V120/><F120/><W107/><G31/><T81/><D59/><U62/><E105/><V23/><F80/><W94/><G17/><T29/><D15/><U11/><E101/><V90/><F73/><W98/><G51/><T60/><D29/><U86/><E123/><V48/><F55/><W121/><G121/><T103/><D116/><U63/><E46/><N who="2" m="27671" /><F90/><N who="3" m="55575" /><G65/><N who="0" m="41127" /><D82/><N who="1" m="49239" /><E89/><V61/><F135/><W49/><G49/><T22/><D22/><N who="2" m="8202" /><F61/><N who="1" m="23049" /><E20/><V36/><F36/><W2/><G66/><T84/><D84/><U122/><E122/><V47/><F47/><W42/><G2/><T10/><D106/><U50/><E50/><V43/><F97/><N who="3" m="59703" /><G75/><T13/><D13/><U35/><E35/><V118/><F96/><W56/><G56/><T14/><D14/><U117/><E117/><V114/><F118/><W68/><G68/><T131/><D131/><U133/><E133/><V78/><F12/><W57/><G57/><T83/><D83/><U124/><E124/><V104/><F104/><W74/><G74/><T0/><D0/><U41/><E41/><V91/><F43/><W130/><G42/><T24/><D24/><U26/><E26/><V53/><F53/><W44/><G44/><T126/><D126/><U30/><E30/><V115/><F115/><W54/><G54/><T87/><D72/><RYUUKYOKU ba="0,0" sc="242,15,225,15,294,-15,239,-15" hai0="3,4,10,40,45,79,81,87,100,103" hai1="5,6,8,9,11,18,19" /><INIT seed="7,1,0,0,0,40" ten="257,240,279,224" oya="3" hai0="67,34,73,128,75,84,130,65,19,80,28,60,3" hai1="133,98,32,56,53,21,20,87,54,123,14,44,33" hai2="92,112,83,111,72,125,69,0,135,107,110,106,122" hai3="8,114,31,100,131,126,12,113,77,82,90,62,70"/><W23/><G126/><T119/><D119/><U5/><E123/><V124/><RYUUKYOKU type="yao9" ba="1,0" sc="257,0,240,0,279,0,224,0" hai2="0,69,72,83,92,106,107,110,111,112,122,124,125,135" /><INIT seed="7,2,0,1,0,35" ten="257,240,279,224" oya="3" hai0="126,94,64,124,93,112,48,111,85,119,69,36,56" hai1="12,15,17,113,77,84,47,8,14,95,107,34,72" hai2="80,115,60,23,21,89,46,51,11,33,79,90,101" hai3="19,123,2,87,100,106,53,61,75,6,1,133,92"/><W127/><G123/><T114/><D119/><U54/><E34/><V62/><F33/><W55/><G75/><T116/><D116/><U45/><E72/><V122/><F115/><N who="0" m="44074" /><D111/><U88/><E107/><V59/><F11/><W18/><G106/><T43/><D85/><N who="1" m="52623" /><E113/><V98/><F62/><W24/><G6/><T65/><D94/><U81/><E45/><V63/><F63/><W74/><G74/><T109/><D93/><U134/><E134/><V42/><F122/><W27/><G61/><N who="0" m="40079" /><D109/><U128/><E128/><V82/><F90/><W22/><G133/><T104/><D104/><U78/><E77/><V129/><F129/><W4/><G4/><T44/><D65/><U96/><E96/><V32/><F98/><W41/><G41/><T49/><D49/><AGARI ba="2,0" hai="8,12,14,15,17,47,49,54,78,81,84" m="52623" machi="49" ten="30,2000,0" yaku="8,1,54,1" doraHai="35" who="1" fromWho="0" sc="257,-26,240,26,279,0,224,0" /><INIT seed="8,0,0,5,2,93" ten="231,266,279,224" oya="0" hai0="23,132,16,129,113,103,5,47,114,55,107,10,24" hai1="32,128,60,12,39,6,21,76,130,112,44,17,57" hai2="50,118,2,92,43,49,120,109,51,115,30,81,95" hai3="7,116,37,133,119,73,134,41,72,65,18,102,66"/><T121/><D121/><U28/><E76/><V4/><F109/><W34/><G7/><T111/><D129/><N who="1" m="49771" /><E6/><V8/><F115/><W83/><G34/><T104/><D132/><N who="3" m="50793" /><G18/><T27/><D111/><U25/><E112/><V97/><F95/><W0/><G0/><T89/><D89/><U40/><E57/><V74/><F118/><N who="3" m="45099" /><G83/><T80/><D80/><U64/><E60/><V29/><F120/><W75/><G102/><T68/><D68/><U105/><E64/><N who="3" m="24682" /><G41/><T85/><D85/><U100/><E100/><V82/><F43/><W33/><G33/><T45/><D27/><U61/><E61/><V26/><F26/><W126/><G126/><T87/><D87/><U69/><E69/><V36/><F82/><W9/><G9/><T88/><D88/><U35/><E105/><V11/><F11/><AGARI ba="0,0" hai="11,12,17,21,25,28,32,35,39,40,44" m="49771" machi="11" ten="30,1000,0" yaku="19,1" doraHai="93" who="1" fromWho="2" sc="231,0,266,10,279,-10,224,0" /><INIT seed="9,0,0,1,2,60" ten="231,276,269,224" oya="1" hai0="58,33,132,44,75,111,80,63,57,133,101,40,14" hai1="106,59,97,129,12,113,54,86,87,112,81,82,90" hai2="48,77,36,38,37,27,65,95,6,19,39,69,70" hai3="116,92,47,20,4,100,83,32,125,28,110,66,61"/><U51/><E129/><V22/><F39/><W1/><G110/><T2/><D33/><U7/><E106/><V18/><F6/><W98/><G125/><T17/><D2/><U21/><E97/><V115/><F77/><W0/><G116/><T49/><D111/><U71/><E71/><V127/><F115/><W52/><G32/><T67/><D101/><U122/><E122/><V73/><F73/><W50/><G4/><T99/><D99/><U15/><E15/><V76/><F76/><W10/><G10/><T96/><D96/><U53/><E54/><V24/><F95/><W108/><G108/><T120/><D120/><U84/><E84/><V94/><F94/><W88/><G28/><T62/><D80/><U118/><E118/><V64/><F48/><W78/><G20/><T126/><D75/><U105/><E105/><V134/><F134/><N who="0" m="51818" /><D17/><N who="2" m="6154" /><F22/><W123/><G100/><T26/><D26/><N who="2" m="9770" /><F127/><W46/><G46/><T104/><D14/><U124/><E124/><V74/><F74/><W121/><G123/><T85/><D85/><U13/><E12/><V103/><F103/><W8/><G8/><T135/><D126/><U45/><E21/><V114/><F114/><W89/><G89/><T68/><N who="0" m="51826" /><T93/><DORA hai="30" /><D93/><U56/><E113/><V29/><F29/><W107/><G107/><T79/><D104/><U42/><E112/><V128/><F128/><W3/><G121/><T91/><D91/><U23/><E23/><V131/><F131/><W43/><G78/><T16/><D79/><N who="1" m="46399" /><E42/><V34/><F34/><W117/><G117/><T9/><D63/><RYUUKYOKU ba="0,0" sc="231,10,276,10,269,10,224,-30" hai0="9,16,40,44,49,57,58,62,67,68" hai1="7,13,45,51,53,56,59,82,87,90" hai2="36,37,38,64,65,69,70" /><INIT seed="9,1,0,5,0,33" ten="241,286,279,194" oya="1" hai0="73,35,98,128,94,118,11,116,105,86,131,104,79" hai1="125,45,10,67,62,107,55,110,47,12,84,134,126" hai2="76,53,130,15,27,21,17,5,124,14,71,119,31" hai3="123,89,65,6,16,20,49,13,133,42,50,78,66"/><U58/><E134/><V18/><F71/><W97/><G123/><T57/><D35/><U34/><E34/><V37/><F37/><W108/><G108/><T90/><D11/><U52/><E107/><N who="0" m="41033" /><D57/><U99/><E99/><V115/><F130/><N who="0" m="49706" /><D73/><U54/><E84/><V91/><F5/><W51/><G133/><T32/><D32/><U61/><E61/><V83/><F15/><W9/><G78/><T25/><D25/><U121/><E121/><V0/><F27/><W77/><G77/><T40/><D40/><U85/><E85/><V95/><F14/><N who="3" m="5431" /><G42/><T2/><D2/><U80/><E80/><AGARI ba="1,0" hai="79,80,86,90,94,98,116,118" m="49706,41033" machi="80" ten="40,5200,0" yaku="19,1,34,2" doraHai="33" who="0" fromWho="1" sc="241,55,286,-55,279,0,194,0" /><INIT seed="10,0,0,0,5,118" ten="296,231,279,194" oya="2" hai0="28,32,110,6,111,131,31,132,66,125,14,42,23" hai1="57,7,135,107,19,22,50,78,121,108,35,70,54" hai2="106,98,73,5,40,61,36,102,62,47,8,104,43" hai3="99,59,82,80,51,11,17,67,53,97,93,115,52"/><V56/><F73/><W30/><G115/><T24/><D66/><U123/><E108/><N who="0" m="41513" /><D42/><U88/><E107/><V84/><F43/><W116/><G116/><T74/><D74/><U69/><E35/><V92/><F62/><W4/><G30/><T117/><D131/><U75/><E7/><V0/><F84/><W60/><G97/><T87/><D87/><U3/><E3/><V94/><REACH who="2" step="1"/><F106/><REACH who="2" ten="296,231,269,194" step="2"/><W2/><G17/><N who="0" m="12399" /><D117/><U20/><E75/><V101/><F101/><W21/><G21/><T95/><D132/><U58/><E135/><V72/><F72/><W27/><G27/><T55/><D125/><U63/><E20/><V26/><F26/><W126/><G126/><T49/><D32/><U91/><E19/><V114/><F114/><W68/><REACH who="3" step="1"/><G53/><AGARI ba="0,1" hai="0,5,8,36,40,47,53,56,61,92,94,98,102,104" machi="53" ten="30,2900,0" yaku="1,1,7,1,53,0" doraHai="118" doraHaiUra="9" who="2" fromWho="3" sc="296,0,231,0,269,39,194,-29" owari="296,10.0,231,-17.0,308,40.0,165,-33.0" /></mjloggm>