<mjloggm ver="2.3"><GO type="41" lobby="0"/><UN n0="%E3%81%82%E3%81%84%E3%81%BF%E3%81%A6%E3%81%AE" n1="%E3%82%B3%E3%83%A9%E3%83%83%E3%82%BF%6C%76%38%30" n2="%E2%93%9D%53%75%70%68%78" n3="%E5%A4%A9%E5%92%8C%E5%BE%85%E3%81%A1" dan="14,14,18,15" rate="1950.53,1904.82,2127.97,1967.00" sx="M,F,M,F"/><TAIKYOKU oya="0"/><INIT seed="0,0,0,5,1,30" ten="250,250,250,250" oya="0" hai0="20,46,107,102,106,124,8,67,110,128,16,108,127" hai1="37,26,90,122,75,62,43,80,101,10,65,88,17" hai2="70,78,116,41,114,83,14,53,13,49,61,29,47" hai3="32,84,58,123,133,97,22,86,12,71,111,40,131"/><T6/><D128/><U5/><E122/><V50/><F114/><W52/><G111/><N who="0" m="42539" /><D67/><U79/><E101/><V100/><F116/><W57/><G133/><T81/><D81/><U105/><E105/><V135/><F135/><W63/><G71/><T56/><D56/><U103/><E103/><V119/><F29/><W66/><G123/><T104/><D46/><U19/><E43/><V89/><F100/><W126/><G126/><N who="0" m="48171" /><D102/><U64/><E64/><V3/><F70/><W109/><G131/><T59/><D59/><U94/><E65/><V28/><F83/><W11/><G40/><T117/><D117/><U9/><E62/><V31/><F61/><N who="3" m="36007" /><G32/><T25/><D107/><U55/><E37/><V72/><F119/><W76/><G76/><T60/><D60/><U38/><E38/><V24/><F78/><W27/><G97/><T121/><D121/><U93/><E93/><V23/><F50/><W45/><G45/><T113/><D113/><U87/><E94/><V0/><F41/><W134/><G134/><T39/><D39/><U34/><E55/><V82/><F53/><W115/><G115/><T51/><D51/><U21/><E34/><V1/><F49/><W15/><G109/><T125/><N who="0" m="48179" /><T120/><DORA hai="42" /><D120/><U92/><E80/><V2/><F47/><W91/><G91/><T132/><D132/><U44/><E90/><V74/><F89/><W54/><G66/><T77/><D77/><U69/><E88/><V130/><F130/><W33/><G33/><T68/><D68/><U35/><E35/><V7/><F82/><W118/><G118/><RYUUKYOKU ba="0,0" sc="250,30,250,-10,250,-10,250,-10" hai0="6,8,16,20,25,104,106" /><INIT seed="0,1,0,2,2,100" ten="280,240,240,240" oya="0" hai0="25,64,35,108,40,121,94,6,86,1,68,66,71" hai1="75,129,21,122,31,85,119,52,12,131,18,9,37" hai2="107,2,102,44,103,5,49,13,38,80,90,88,17" hai3="11,26,76,16,33,32,128,56,10,104,4,61,3"/><T114/><D114/><U73/><E37/><V28/><F38/><W109/><G109/><T117/><D121/><U95/><E122/><V96/><F28/><W47/><G128/><N who="1" m="49226" /><E119/><V53/><F103/><W50/><G76/><T46/><D117/><U133/><E133/><V41/><F41/><W78/><G104/><T116/><D116/><U87/><E87/><V101/><F101/><W34/><G78/><T23/><D35/><U112/><E112/><V20/><REACH who="2" step="1"/><F80/><REACH who="2" ten="280,240,230,240" step="2"/><W99/><G34/><T91/><D108/><U72/><E31/><V118/><F118/><W70/><G33/><T48/><D68/><U36/><E36/><V135/><F135/><W69/><G32/><T74/><D71/><U43/><E43/><V120/><F120/><W79/><G69/><T111/><D111/><U8/><E75/><V30/><F30/><W54/><G70/><T134/><D74/><U62/><E73/><V93/><F93/><W81/><G81/><T22/><D134/><U29/><E29/><V113/><F113/><W106/><G106/><T7/><D94/><U24/><E72/><V97/><F97/><W124/><G99/><T19/><D86/><U59/><E95/><V15/><F15/><W130/><G130/><T55/><D40/><U110/><E110/><V45/><F45/><W65/><G26/><N who="0" m="14687" /><D1/><U125/><E85/><V0/><F0/><W77/><REACH who="3" step="1"/><G124/><REACH who="3" ten="280,240,230,230" step="2"/><T67/><D91/><U126/><E24/><V127/><F127/><AGARI ba="1,2" hai="8,9,12,18,21,52,59,62,125,126,127" m="49226" machi="127" ten="30,3900,0" yaku="18,1,19,1,54,1" doraHai="100" who="1" fromWho="2" sc="280,0,240,62,230,-42,230,0" /><INIT seed="1,0,0,5,5,87" ten="280,302,188,230" oya="1" hai0="61,77,71,1,55,16,67,60,134,17,4,6,9" hai1="47,133,111,0,92,42,56,107,112,5,104,94,43" hai2="66,38,62,83,64,81,127,128,69,84,3,122,82" hai3="74,79,68,44,97,85,31,121,135,45,13,130,57"/><U37/><E112/><V98/><F122/><W14/><G130/><T34/><D134/><U100/><E133/><V124/><F3/><W8/><G135/><T19/><D34/><U29/><E43/><V93/><F38/><W91/><G68/><T108/><D6/><U20/><E111/><V86/><F66/><W24/><G121/><T26/><D77/><U25/><E56/><V11/><F11/><W89/><G57/><T102/><D102/><U28/><E28/><V109/><F109/><W54/><G74/><T39/><D39/><U2/><E2/><V48/><F48/><N who="3" m="28935" /><G97/><T58/><REACH who="0" step="1"/><D108/><REACH who="0" ten="270,302,188,230" step="2"/><U12/><E100/><V63/><F128/><W76/><G76/><T50/><D50/><U59/><E5/><V129/><F129/><W7/><G14/><T119/><D119/><U110/><E12/><V41/><F63/><W73/><G73/><T32/><D32/><U90/><E110/><V126/><REACH who="2" step="1"/><F41/><REACH who="2" ten="270,302,178,230" step="2"/><W113/><G113/><T78/><D78/><U95/><E42/><V106/><F106/><W118/><G118/><T10/><D10/><U40/><E104/><V21/><F21/><AGARI ba="0,2" hai="1,4,9,16,17,19,21,26,55,58,60,61,67,71" machi="21" ten="40,2600,0" yaku="1,1,54,1,53,0" doraHai="87" doraHaiUra="116" who="0" fromWho="2" sc="270,46,302,0,178,-26,230,0" /><INIT seed="2,0,0,0,5,50" ten="316,302,152,230" oya="2" hai0="117,103,4,48,123,35,75,118,125,41,57,90,122" hai1="91,43,67,77,21,49,102,63,112,109,115,8,12" hai2="37,53,82,45,92,121,99,95,131,132,98,42,74" hai3="60,86,10,33,135,94,96,46,11,16,28,84,111"/><V22/><F121/><W31/><G111/><T127/><D35/><U66/><E109/><V113/><F113/><W15/><G135/><T78/><D103/><U7/><E102/><V44/><F131/><W104/><G104/><T30/><D30/><N who="3" m="11305" /><G33/><T83/><D4/><U13/><E77/><V73/><F22/><N who="3" m="11551" /><G60/><T100/><D90/><U110/><E110/><V51/><F132/><W32/><G32/><T40/><D100/><U26/><E115/><V119/><F119/><N who="0" m="45578" /><D41/><U80/><E112/><V0/><F0/><W3/><G3/><T64/><D40/><U27/><E13/><V76/><REACH who="2" step="1"/><F74/><REACH who="2" ten="316,302,142,230" step="2"/><W129/><G129/><T71/><D123/><U93/><E21/><V87/><F87/><N who="3" m="33323" /><G46/><T114/><D122/><U72/><E72/><V34/><F34/><W120/><G120/><T56/><D75/><U79/><E80/><V6/><F6/><W47/><G47/><T68/><D83/><U62/><E7/><V52/><F52/><W101/><AGARI ba="0,1" hai="10,11,94,96,101" m="33323,11551,11305" machi="101" ten="30,2000,0" yaku="8,1,54,1" doraHai="50" who="3" fromWho="3" sc="316,-5,302,-5,142,-10,230,30" /><INIT seed="3,0,0,0,4,62" ten="311,297,132,260" oya="3" hai0="24,113,29,125,101,60,117,102,39,109,116,115,92" hai1="17,61,41,16,74,131,10,2,89,87,80,57,134" hai2="43,68,23,107,86,93,69,64,94,49,5,135,54" hai3="90,98,20,118,19,78,119,65,11,51,70,55,128"/><W79/><G128/><T1/><D39/><U34/><E131/><V103/><F107/><W91/><G11/><T76/><D1/><U100/><E34/><V31/><F135/><W83/><G118/><T15/><D109/><U111/><E111/><V26/><F43/><W88/><G119/><T45/><D76/><U21/><E134/><V22/><F5/><W114/><G114/><N who="0" m="43531" /><D45/><U132/><E132/><V28/><F103/><N who="0" m="39434" /><D92/><U37/><E100/><V32/><F32/><W77/><G98/><T127/><D15/><N who="1" m="7287" /><E2/><V67/><F86/><N who="3" m="50271" /><G65/><N who="2" m="25161" /><F69/><W35/><G35/><N who="0" m="20903" /><D60/><U82/><E74/><V25/><F68/><W96/><G96/><T4/><D4/><U44/><E41/><V99/><F99/><W6/><G6/><T27/><D117/><U8/><E37/><V3/><F3/><W130/><G130/><T121/><D116/><U71/><E71/><V73/><F73/><W13/><G70/><T12/><D121/><U129/><E129/><V72/><F72/><W108/><G108/><T124/><D12/><U56/><E87/><V112/><F112/><W9/><G9/><T40/><D40/><U7/><E8/><V81/><F81/><W105/><G105/><T38/><D38/><U46/><E7/><V123/><F123/><W52/><G55/><T50/><D125/><U133/><E80/><V110/><F110/><W48/><G48/><T126/><D50/><U84/><E133/><V14/><F14/><W106/><G106/><T75/><D75/><U97/><E97/><V104/><F104/><W47/><AGARI ba="0,0" hai="13,19,20,47,51,52,77,78,79,90,91" m="50271" machi="47" ten="30,6000,0" yaku="8,1,54,2" doraHai="62" who="3" fromWho="3" sc="311,-20,297,-20,132,-20,260,60" /><INIT seed="3,1,0,3,4,121" ten="291,277,112,320" oya="3" hai0="63,86,52,5,28,29,111,127,2,100,18,81,53" hai1="42,132,57,9,40,72,79,68,78,6,94,17,43" hai2="98,22,130,125,4,134,27,135,46,108,101,0,41" hai3="80,74,119,103,120,58,126,55,75,116,128,82,102"/><W8/><G120/><T85/><D127/><U62/><E68/><V45/><F125/><W34/><G126/><T48/><D100/><U129/><E129/><V88/><F130/><W95/><G34/><T93/><D2/><U122/><E122/><V83/><F4/><W30/><G128/><T50/><D5/><U105/><E105/><V23/><F0/><W71/><G71/><T19/><D63/><U106/><E106/><V54/><F54/><W65/><G65/><T113/><D93/><U87/><E132/><N who="2" m="50731" /><F101/><W109/><G30/><T59/><D113/><U16/><E72/><V91/><F98/><W20/><G20/><N who="2" m="7721" /><F27/><W99/><G8/><T36/><D36/><U69/><E69/><V11/><F11/><W31/><G31/><T92/><D59/><U21/><E9/><V118/><F118/><N who="3" m="45099" /><G55/><T107/><D107/><U84/><E6/><V90/><F83/><N who="3" m="31787" /><G58/><T133/><D81/><U25/><E17/><V44/><F41/><W124/><G103/><T131/><D133/><U37/><E37/><V115/><F115/><W13/><G13/><T7/><D7/><U33/><E33/><V26/><F26/><W24/><G24/><T97/><D131/><U76/><REACH who="1" step="1"/><E94/><REACH who="1" ten="291,267,112,320" step="2"/><V39/><F39/><W1/><G124/><T104/><D92/><U66/><AGARI ba="1,1" hai="16,21,25,40,42,43,57,62,66,76,78,79,84,87" machi="66" ten="30,8000,1" yaku="1,1,2,1,0,1,8,1,54,1,53,0" doraHai="121" doraHaiUra="114" who="1" fromWho="1" sc="291,-21,267,93,112,-21,320,-41" /><INIT seed="4,0,0,1,1,8" ten="270,360,91,279" oya="0" hai0="44,80,73,27,18,129,96,111,63,60,43,5,70" hai1="112,74,99,17,121,123,33,22,101,37,67,53,10" hai2="29,115,81,128,76,2,16,26,98,38,124,28,134" hai3="69,11,15,107,106,135,97,1,3,39,30,118,82"/><T72/><D5/><U41/><E33/><V65/><F38/><W92/><G135/><T58/><D129/><U42/><E74/><V75/><F128/><W86/><G69/><T87/><D70/><U47/><E112/><V100/><F2/><W7/><G30/><T133/><D96/><U12/><E67/><V51/><F124/><W49/><G39/><T132/><D63/><U6/><E42/><V62/><F51/><W59/><G118/><T94/><D94/><U104/><REACH who="1" step="1"/><E53/><REACH who="1" ten="270,350,91,279" step="2"/><V64/><F64/><W113/><G113/><T21/><D111/><U71/><E71/><V127/><F115/><W31/><G3/><AGARI ba="0,1" hai="3,6,10,12,17,22,37,41,47,99,101,104,121,123" machi="3" ten="30,7700,0" yaku="1,1,7,1,52,1,53,1" doraHai="8" doraHaiUra="68" who="1" fromWho="3" sc="270,0,350,87,91,0,279,-77" /><INIT seed="5,0,0,5,4,27" ten="270,437,91,202" oya="1" hai0="53,65,0,23,100,85,95,43,80,135,30,103,25" hai1="114,39,11,37,116,96,91,40,105,117,34,89,59" hai2="84,110,4,21,122,109,14,128,69,44,68,101,99" hai3="67,9,118,71,47,13,38,6,60,41,108,52,129"/><U62/><E114/><V107/><F122/><W12/><G108/><T28/><D0/><U76/><E76/><V79/><F128/><W24/><G129/><T26/><D135/><U51/><E34/><V133/><F133/><W45/><G118/><T127/><D127/><U22/><E11/><V16/><F4/><W15/><REACH who="3" step="1"/><G24/><REACH who="3" ten="270,437,91,192" step="2"/><T130/><D130/><U54/><E117/><V121/><F121/><W97/><G97/><T17/><D65/><U90/><E116/><V63/><F110/><W32/><G32/><T58/><D26/><U20/><E96/><V29/><F109/><W64/><G64/><T5/><D43/><U120/><E120/><V82/><F29/><N who="0" m="11370" /><D95/><U92/><E92/><V49/><REACH who="2" step="1"/><F63/><REACH who="2" ten="270,437,81,192" step="2"/><W88/><G88/><N who="0" m="51239" /><D5/><U46/><E105/><V87/><F87/><W111/><G111/><T78/><D78/><U112/><E112/><V19/><F19/><W93/><G93/><T106/><D106/><U61/><E91/><V134/><F134/><W75/><G75/><T3/><D3/><U2/><E90/><V10/><F10/><W31/><G31/><T73/><D73/><U81/><E89/><V126/><F126/><W83/><G83/><T70/><D103/><U125/><E81/><V7/><F7/><W57/><G57/><T119/><D119/><U50/><E125/><V113/><F113/><W66/><G66/><T8/><D100/><U1/><E61/><V35/><F35/><W132/><G132/><T123/><D123/><U55/><E62/><V131/><F131/><W115/><G115/><T94/><D58/><U33/><E33/><RYUUKYOKU ba="0,2" sc="270,-15,437,-15,81,15,192,15" hai2="14,16,21,44,49,68,69,79,82,84,99,101,107" hai3="6,9,12,13,15,38,41,45,47,52,60,67,71" /><INIT seed="6,1,2,2,0,128" ten="255,422,96,207" oya="2" hai0="91,46,8,113,97,133,61,11,20,121,60,44,93" hai1="1,47,101,13,115,54,71,29,15,106,51,4,82" hai2="87,63,74,77,103,119,107,65,67,111,131,86,120" hai3="94,118,110,17,24,84,7,99,123,25,117,127,80"/><V22/><F119/><W34/><G110/><T2/><D121/><U114/><E71/><V30/><F120/><W43/><G127/><T42/><D113/><N who="1" m="43019" /><E29/><V88/><F131/><W31/><G123/><T134/><D46/><U116/><E116/><V96/><F87/><W48/><G7/><T62/><D20/><U89/><E1/><V104/><F104/><W126/><G126/><T81/><D81/><U28/><E28/><V83/><F111/><W132/><G132/><N who="0" m="50795" /><D2/><U21/><E21/><V41/><F41/><W69/><G17/><T16/><D16/><U125/><E125/><V122/><F122/><W112/><G69/><T50/><AGARI ba="1,2" hai="8,11,42,44,50,60,61,62,91,93,97" m="50795" machi="50" ten="30,7900,0" yaku="20,1,52,3" doraHai="128" who="0" fromWho="0" sc="255,102,422,-21,96,-40,207,-21" /><INIT seed="7,0,0,2,4,28" ten="357,401,56,186" oya="3" hai0="7,134,112,135,113,49,6,91,71,68,9,106,102" hai1="29,93,12,119,36,125,55,53,64,33,118,5,35" hai2="126,115,8,56,98,130,79,133,132,3,60,69,129" hai3="95,127,92,123,88,94,15,70,74,97,30,21,50"/><W83/><G123/><T122/><D122/><U114/><E36/><V81/><F8/><W90/><G127/><T45/><D106/><U13/><E125/><V128/><F3/><W87/><G70/><T80/><D102/><U43/><E43/><V23/><F23/><W26/><G74/><T75/><D91/><U34/><E114/><N who="0" m="44137" /><D80/><U66/><E29/><V25/><F25/><W57/><REACH who="3" step="1"/><G15/><REACH who="3" ten="357,401,56,176" step="2"/><N who="1" m="5706" /><E5/><N who="0" m="1545" /><D75/><U111/><E111/><V22/><F115/><W63/><G63/><T58/><D9/><U31/><E119/><V61/><F126/><W110/><G110/><T108/><D108/><U116/><E118/><V65/><F22/><W52/><AGARI ba="0,1" hai="21,26,30,50,52,57,83,87,88,90,92,94,95,97" machi="52" ten="30,12000,1" yaku="1,1,0,1,8,1,54,2,53,0" doraHai="28" doraHaiUra="73" who="3" fromWho="3" sc="357,-40,401,-40,56,-40,176,130" /><INIT seed="7,1,0,4,5,62" ten="317,361,16,306" oya="3" hai0="37,82,99,85,121,52,92,126,118,12,60,35,83" hai1="23,135,39,28,79,9,123,93,96,43,46,86,29" hai2="57,109,101,17,25,21,76,10,4,107,124,115,24" hai3="33,125,120,34,89,14,84,65,131,68,30,27,104"/><W40/><G125/><T97/><D118/><U133/><E123/><V69/><F69/><W103/><G131/><T106/><D35/><U6/><E79/><V36/><F36/><W20/><G120/><T81/><D37/><U1/><E86/><V73/><F124/><W74/><G40/><T41/><D41/><U16/><E93/><V32/><F109/><W87/><G74/><T49/><D60/><U61/><E61/><V18/><F107/><W130/><G130/><T110/><D110/><U91/><E91/><V8/><F101/><W75/><G75/><T5/><D126/><U127/><E96/><N who="0" m="36937" /><D106/><U128/><E128/><V102/><F102/><W119/><G119/><T26/><D26/><U56/><E56/><V105/><F57/><W88/><G103/><T117/><D117/><U77/><E77/><V7/><F76/><W11/><G104/><T50/><D50/><U71/><E71/><V111/><F73/><W113/><G113/><T129/><D121/><U116/><E116/><V45/><F105/><W63/><G87/><T70/><D70/><U134/><REACH who="1" step="1"/><E127/><REACH who="1" ten="317,351,16,306" step="2"/><V44/><F111/><W3/><G3/><T51/><D129/><U78/><E78/><V55/><F115/><W132/><G132/><T54/><D92/><U114/><E114/><V67/><F32/><W0/><G0/><T64/><D85/><U95/><E95/><V53/><REACH who="2" step="1"/><F21/><REACH who="2" ten="317,351,6,306" step="2"/><W38/><G38/><T42/><D83/><U22/><E22/><V13/><F13/><AGARI ba="1,2" hai="1,6,9,13,16,23,28,29,39,43,46,133,134,135" machi="13" ten="40,5200,0" yaku="1,1,20,1,54,1,53,0" doraHai="62" doraHaiUra="48" who="1" fromWho="2" sc="317,0,351,75,6,-55,306,0" owari="317,12.0,426,52.0,-49,-55.0,306,-9.0" /></mjloggm>