<mjloggm ver="2.3"><GO type="41" lobby="0"/><UN n0="%E3%83%8D%E3%83%A0%E3%82%A4%EF%BD%9E" n1="%E2%93%9D%53%75%70%68%78" n2="%E7%90%86%E5%B7%A5%E3%83%95%E3%83%AA%E3%83%86%E3%83%B3%E5%A4%A7%E5%B8%AB" n3="%E3%81%98%E3%82%83%E3%82%93%E3%81%98%E3%82%83%E3%82%93%78" dan="13,18,15,14" rate="1898.29,2068.62,2007.11,1983.76" sx="M,M,M,M"/><TAIKYOKU oya="0"/><INIT seed="0,0,0,5,0,61" ten="250,250,250,250" oya="0" hai0="78,79,110,10,30,125,2,1,57,93,64,120,37" hai1="90,11,45,29,96,48,85,135,130,14,111,42,116" hai2="133,94,63,126,43,33,80,12,112,134,17,118,65" hai3="101,69,97,82,91,75,24,55,95,51,77,99,104"/><T106/><D120/><U31/><E111/><V59/><F112/><W62/><G24/><T109/><D125/><U21/><E130/><V53/><F126/><W52/><G51/><T6/><D106/><U4/><E135/><N who="2" m="51723" /><F33/><W89/><G89/><T50/><D37/><U19/><E96/><V54/><F43/><W119/><G119/><T38/><D38/><U92/><REACH who="1" step="1"/><E116/><REACH who="1" ten="250,240,250,250" step="2"/><V74/><F118/><W5/><G99/><T71/><D109/><U86/><E86/><V102/><F74/><W47/><G75/><T117/><D110/><U16/><E16/><V131/><F131/><W128/><G128/><T66/><D117/><U68/><E68/><V22/><F80/><W7/><G69/><T18/><D71/><U87/><E87/><V28/><F28/><W9/><G97/><AGARI ba="0,1" hai="12,17,22,53,54,59,63,65,94,97,102" m="51723" machi="97" ten="30,2000,0" yaku="20,1,52,1" doraHai="61" who="2" fromWho="3" sc="250,0,240,0,250,30,250,-20" /><INIT seed="1,0,0,0,0,44" ten="250,240,280,230" oya="1" hai0="116,56,105,76,94,103,80,123,8,95,65,49,88" hai1="114,131,86,30,4,13,113,107,102,129,97,39,46" hai2="99,18,45,20,29,98,27,1,125,16,47,37,54" hai3="6,51,89,135,91,12,36,109,34,3,9,130,7"/><U50/><E30/><V115/><F125/><W111/><G36/><T96/><D116/><U101/><E39/><V87/><F1/><W110/><G34/><T62/><D123/><U66/><E102/><V106/><F106/><W15/><G135/><T25/><D25/><U77/><E66/><V74/><F74/><W58/><G130/><N who="1" m="49674" /><E77/><V28/><F115/><W42/><G3/><T31/><D31/><N who="2" m="11850" /><F37/><W70/><G70/><T132/><D132/><U5/><E86/><V117/><F117/><W112/><G112/><N who="1" m="43114" /><E13/><V93/><F87/><W68/><G68/><T19/><D49/><U67/><E67/><V61/><F98/><W90/><G42/><AGARI ba="0,0" hai="4,5,42,46,50,97,101,107" m="43114,49674" machi="42" ten="30,2900,0" yaku="19,1,52,1" doraHai="44" who="1" fromWho="3" sc="250,0,240,29,280,0,230,-29" /><INIT seed="1,1,0,5,3,95" ten="250,269,280,201" oya="1" hai0="77,104,90,85,133,106,123,54,46,78,94,87,44" hai1="130,120,55,34,118,63,74,129,109,8,43,28,72" hai2="49,125,24,116,110,22,93,25,131,53,42,59,68" hai3="7,4,79,89,114,84,1,17,103,11,98,73,62"/><U134/><E118/><V2/><F116/><W97/><G114/><T21/><D133/><U119/><E119/><V36/><F110/><W50/><G62/><T9/><D9/><U47/><E120/><V69/><F131/><N who="1" m="50185" /><E134/><V61/><F125/><W70/><G70/><T56/><D123/><U115/><E115/><V117/><F117/><W57/><G7/><T64/><D64/><U91/><E91/><V86/><F2/><W76/><G73/><T10/><D10/><U81/><E81/><V31/><F86/><W23/><G103/><T127/><D127/><U30/><E8/><V132/><F93/><W33/><G33/><T80/><D106/><U3/><E3/><V124/><F124/><W88/><G89/><N who="0" m="51367" /><D104/><U0/><E0/><V99/><F25/><W12/><G76/><N who="0" m="29291" /><D21/><U16/><E34/><V15/><F132/><W32/><G79/><T51/><AGARI ba="1,0" hai="44,46,51,54,56,87,90,94" m="29291,51367" machi="51" ten="30,1100,0" yaku="8,1" doraHai="95" who="0" fromWho="0" sc="250,14,269,-6,280,-4,201,-4" /><INIT seed="2,0,0,2,0,84" ten="264,263,276,197" oya="2" hai0="23,91,44,64,89,85,11,7,13,70,71,117,55" hai1="120,81,62,26,131,1,5,111,3,130,127,134,59" hai2="2,31,49,83,119,50,39,99,109,97,54,95,66" hai3="68,107,106,123,42,135,18,121,133,37,48,63,80"/><V87/><F119/><W132/><G80/><T38/><D117/><U76/><E111/><V27/><F39/><W118/><G118/><T56/><D23/><U100/><E127/><V88/><F2/><W115/><G18/><T78/><D71/><U65/><E134/><V129/><F129/><N who="1" m="49161" /><E100/><V94/><F66/><W16/><G115/><T0/><D0/><U47/><E120/><V29/><F50/><W113/><G113/><T10/><D10/><N who="1" m="2351" /><E47/><N who="2" m="27967" /><F109/><W75/><G123/><T105/><D105/><U96/><E96/><N who="2" m="36939" /><F27/><W4/><G121/><T79/><D70/><U72/><E3/><V20/><F20/><W74/><G107/><T114/><D114/><U51/><E51/><V101/><F101/><W128/><G48/><N who="0" m="29063" /><D38/><U86/><E26/><V53/><F53/><W35/><G37/><T125/><D125/><U40/><E40/><V57/><F57/><W126/><G42/><T102/><D102/><U34/><E34/><V19/><F19/><W28/><G35/><T43/><D43/><U69/><E69/><V124/><F124/><W45/><G68/><T15/><D64/><U92/><E65/><V82/><F82/><W33/><G126/><T22/><D56/><U32/><E32/><V24/><F24/><W110/><G128/><T17/><D85/><U30/><E59/><V108/><F108/><W122/><G110/><T58/><D58/><U41/><E41/><V21/><F21/><W98/><G122/><T46/><D46/><U116/><E116/><V52/><F52/><W14/><G135/><T8/><D22/><U90/><E62/><V61/><F61/><RYUUKYOKU ba="0,0" sc="264,10,263,10,276,10,197,-30" hai0="7,8,11,13,15,17,78,79,89,91" hai1="30,72,76,81,86,90,92" hai2="29,31,83,87,88,94,95" /><INIT seed="2,1,0,5,0,106" ten="274,273,286,167" oya="2" hai0="112,66,133,26,17,38,27,73,28,83,29,116,70" hai1="9,74,19,82,130,55,102,115,41,20,122,68,118" hai2="125,104,54,6,60,121,72,128,40,21,113,94,15" hai3="92,31,117,14,3,119,81,37,22,77,120,135,98"/><V35/><F35/><W107/><G120/><T50/><D112/><U42/><E68/><V97/><F104/><W57/><G37/><T132/><D38/><U134/><E130/><V105/><F105/><W79/><G3/><T34/><D50/><U100/><E134/><V45/><F121/><W12/><G135/><N who="0" m="51787" /><D17/><U99/><E118/><V64/><F125/><W32/><G32/><N who="0" m="20503" /><D116/><U89/><E115/><V67/><F128/><W53/><G107/><T10/><D10/><U46/><E9/><V78/><F54/><W124/><G124/><T13/><D13/><U2/><E55/><V39/><F113/><W114/><G114/><T103/><D103/><U63/><E102/><V93/><F6/><W126/><G126/><T129/><D129/><U49/><E100/><V47/><F15/><W8/><G119/><T110/><D110/><U80/><E42/><V75/><F40/><W127/><G127/><T65/><D70/><U91/><E2/><V1/><F39/><W30/><G117/><T109/><D109/><U25/><E122/><V62/><F1/><W48/><G14/><T59/><D59/><U69/><E69/><V51/><F51/><W96/><G22/><T87/><D87/><U0/><E0/><V108/><F108/><W90/><G98/><T85/><D85/><N who="1" m="50343" /><E99/><V5/><F97/><W76/><REACH who="3" step="1"/><G81/><REACH who="3" ten="274,273,286,157" step="2"/><T33/><D33/><U23/><E23/><V4/><F21/><W61/><G61/><T101/><D101/><U43/><E63/><V52/><REACH who="2" step="1"/><F52/><REACH who="2" ten="274,273,276,157" step="2"/><W44/><G44/><T24/><D34/><U131/><E131/><V56/><F56/><RYUUKYOKU ba="1,2" sc="274,-15,273,-15,276,15,157,15" hai2="4,5,45,47,60,62,64,67,72,75,78,93,94" hai3="8,12,30,31,48,53,57,76,77,79,90,92,96" /><INIT seed="2,2,2,5,1,27" ten="259,258,291,172" oya="2" hai0="52,62,98,95,11,90,118,134,59,66,28,34,23" hai1="45,1,16,117,64,36,58,97,47,63,101,5,106" hai2="69,87,24,48,70,126,109,85,133,104,111,38,79" hai3="113,116,112,42,94,15,115,84,82,68,120,32,100"/><V107/><F133/><W3/><G68/><N who="2" m="26217" /><F38/><W25/><G3/><T29/><D134/><U125/><E117/><V91/><F79/><W88/><G116/><T4/><D34/><U39/><E125/><V119/><F119/><W2/><G2/><T129/><D129/><U83/><E5/><V56/><F126/><W121/><G42/><T89/><D23/><U132/><E1/><V43/><F43/><W0/><G0/><T55/><D118/><U30/><E132/><V99/><F48/><W102/><G15/><N who="0" m="5607" /><D89/><U6/><E6/><V74/><F56/><W14/><G14/><T21/><D21/><U67/><E39/><V135/><F135/><W127/><G127/><T53/><AGARI ba="2,2" hai="28,29,52,53,55,59,62,66,90,95,98" m="5607" machi="53" ten="30,7900,0" yaku="8,1,52,2,54,1" doraHai="27" who="0" fromWho="0" sc="259,105,258,-22,291,-41,172,-22" /><INIT seed="3,0,0,2,4,55" ten="364,236,250,150" oya="3" hai0="35,38,72,61,24,17,105,8,7,73,11,114,116" hai1="107,109,39,9,83,65,135,134,76,101,45,108,68" hai2="53,99,80,43,41,132,36,26,82,129,79,21,67" hai3="78,104,30,40,90,2,6,84,52,102,19,126,32"/><W44/><G126/><T106/><D116/><U58/><E9/><V93/><F129/><W130/><G130/><T29/><D114/><U112/><E112/><V14/><F132/><N who="1" m="50729" /><E68/><V51/><F67/><W92/><G2/><T0/><D38/><U70/><E70/><V98/><F36/><W64/><G6/><T56/><D73/><N who="1" m="43407" /><E101/><V88/><F98/><W81/><G64/><T50/><D50/><U12/><E12/><V121/><F14/><W87/><G32/><T113/><D72/><U23/><E23/><V110/><F110/><N who="1" m="42601" /><E107/><V46/><F121/><W96/><G104/><T62/><D113/><U31/><E31/><V66/><F66/><W71/><G30/><T115/><D115/><U69/><E69/><V48/><F79/><W15/><G71/><T86/><D106/><U5/><E5/><V122/><F122/><W120/><G120/><T25/><D105/><U100/><E100/><V74/><F74/><W131/><G131/><T3/><D11/><U16/><E16/><N who="2" m="12583" /><F41/><W124/><G40/><T1/><D17/><U119/><E119/><V47/><AGARI ba="0,0" hai="43,46,47,48,51,53,80,82,88,93,99" m="12583" machi="47" ten="30,4000,0" yaku="8,1,54,2" doraHai="55" who="2" fromWho="2" sc="364,-10,236,-10,250,40,150,-20" /><INIT seed="4,0,0,4,5,93" ten="354,226,290,130" oya="0" hai0="130,62,15,55,31,89,82,69,121,132,3,8,43" hai1="34,21,33,38,71,112,63,57,111,117,52,54,125" hai2="113,88,35,81,32,95,100,79,118,64,10,30,16" hai3="53,109,110,29,104,92,120,41,133,134,103,65,56"/><T39/><D121/><U12/><E111/><V135/><F135/><W76/><G104/><T73/><D132/><U26/><E117/><V61/><F118/><W86/><G41/><T123/><D3/><U122/><E122/><V68/><F100/><W13/><G120/><T128/><D31/><U27/><E38/><V114/><F30/><W49/><G134/><T2/><D2/><U108/><E108/><V44/><F44/><W24/><G133/><T75/><D123/><U77/><E71/><V74/><F10/><W67/><G110/><T40/><D39/><U101/><E77/><V72/><F72/><W124/><G124/><T50/><D128/><U11/><E112/><N who="2" m="43115" /><F16/><W83/><G13/><T102/><D130/><U51/><E125/><V84/><AGARI ba="0,0" hai="32,35,61,64,68,74,79,81,84,88,95" m="43115" machi="84" ten="30,2000,0" yaku="15,1,54,1" doraHai="93" who="2" fromWho="2" sc="354,-10,226,-5,290,20,130,-5" /><INIT seed="5,0,0,0,1,97" ten="344,221,310,125" oya="1" hai0="96,116,1,93,78,4,63,59,92,20,120,10,80" hai1="72,17,119,49,15,38,110,64,99,79,111,45,73" hai2="102,27,30,82,86,112,130,100,76,107,95,65,52" hai3="89,123,18,124,83,115,74,13,87,29,34,26,50"/><U98/><E38/><V135/><F107/><W88/><G123/><T37/><D116/><U118/><E64/><V90/><F130/><W94/><G124/><T133/><D133/><U75/><E79/><V33/><F135/><W24/><G24/><T7/><D37/><U12/><E49/><V129/><F129/><W22/><G74/><T108/><D7/><U103/><E45/><V105/><F105/><W0/><G115/><T60/><D108/><N who="1" m="41515" /><E17/><V106/><F106/><W101/><G101/><N who="2" m="39017" /><F65/><W117/><G117/><N who="1" m="44554" /><E103/><V56/><F112/><W131/><G131/><T126/><D120/><U21/><E21/><N who="2" m="15727" /><F76/><W84/><G0/><T28/><D1/><U39/><E39/><V127/><F127/><W132/><G132/><T23/><D126/><U54/><E54/><V77/><F33/><W2/><G2/><T51/><D78/><U109/><E109/><V43/><F43/><W9/><REACH who="3" step="1"/><G50/><REACH who="3" ten="344,221,310,115" step="2"/><T32/><D51/><U69/><E69/><V42/><F42/><W113/><G113/><T91/><D32/><AGARI ba="0,1" hai="9,13,18,22,26,29,32,34,83,84,87,88,89,94" machi="32" ten="40,2600,0" yaku="1,1,54,1,53,0" doraHai="97" doraHaiUra="48" who="3" fromWho="0" sc="344,-26,221,0,310,0,115,36" /><INIT seed="6,0,0,4,3,24" ten="318,221,310,151" oya="2" hai0="93,1,0,60,72,101,81,2,111,14,46,70,82" hai1="102,26,105,73,117,27,48,3,54,35,74,12,100" hai2="13,52,110,23,104,94,18,71,120,107,44,129,123" hai3="55,119,19,17,88,63,77,10,118,29,40,45,65"/><V134/><F129/><W28/><G77/><T51/><D111/><U92/><E3/><V115/><F115/><W99/><G119/><T87/><D72/><U9/><E105/><V68/><F134/><W59/><G118/><T5/><D14/><U34/><E117/><V124/><F124/><W47/><G65/><T25/><D25/><U57/><E27/><V131/><F68/><W56/><G56/><T11/><D82/><U41/><E41/><V127/><F71/><W8/><G40/><T89/><D70/><U96/><E102/><V90/><F104/><W109/><G109/><T42/><D60/><U113/><E113/><V49/><F107/><W116/><G116/><T83/><D83/><U21/><E74/><V7/><F131/><W69/><G69/><T32/><D32/><U86/><E86/><V130/><F127/><W58/><G58/><T16/><D16/><N who="3" m="6217" /><G47/><T132/><D132/><U31/><REACH who="1" step="1"/><E73/><REACH who="1" ten="318,211,310,151" step="2"/><V126/><F130/><W128/><G128/><T91/><D101/><U106/><E106/><V22/><F126/><W98/><G98/><AGARI ba="0,1" hai="0,1,2,5,11,42,46,51,81,87,89,91,93,98" machi="98" ten="30,1000,0" yaku="7,1" doraHai="24" who="0" fromWho="3" sc="318,20,211,0,310,0,151,-10" /><INIT seed="7,0,0,1,5,14" ten="338,211,310,141" oya="3" hai0="37,5,44,83,126,12,41,93,38,52,133,49,104" hai1="61,31,10,18,53,73,122,43,67,128,3,124,100" hai2="46,54,1,120,72,24,16,15,39,74,17,0,132" hai3="40,26,66,127,65,96,68,130,79,134,131,77,9"/><W115/><G115/><T32/><D104/><U90/><E122/><V89/><F132/><W123/><G123/><T95/><D126/><U11/><E73/><V99/><F120/><W57/><G68/><T62/><D32/><U63/><E43/><V125/><F24/><W71/><G71/><T56/><D133/><U42/><E42/><V30/><F30/><W92/><G134/><T2/><D2/><U114/><E100/><V129/><F129/><N who="3" m="49163" /><G127/><T121/><D121/><U111/><E111/><V23/><F125/><W34/><G40/><T112/><D112/><U119/><E119/><V135/><F135/><W35/><G9/><N who="0" m="4143" /><D38/><U22/><E11/><V28/><F39/><W47/><G47/><T27/><D27/><U69/><E10/><V84/><F46/><W29/><G35/><T58/><D83/><U109/><E109/><V6/><F0/><W105/><G105/><T48/><D37/><U20/><E3/><V91/><F1/><W76/><G57/><T106/><D106/><U51/><E114/><V87/><F23/><W19/><G19/><T36/><D36/><U25/><E128/><V82/><F28/><W45/><G45/><T64/><AGARI ba="0,0" hai="41,44,48,49,52,56,58,62,64,93,95" m="4143" machi="64" ten="30,2000,0" yaku="8,1,54,1" doraHai="14" who="0" fromWho="0" sc="338,20,211,-5,310,-5,141,-10" owari="358,45.0,206,-19.0,305,11.0,131,-37.0" /></mjloggm>