<mjloggm ver="2.3"><GO type="41" lobby="0"/><UN n0="%E9%9B%BB%E6%B0%97%47%52%4F%4F%56%45" n1="%E8%BB%A2%E8%81%B7%E8%8B%A6%E6%88%A6%E4%B8%AD" n2="%75%65%6B%69%6E" n3="%E2%93%9D%53%75%70%68%78" dan="13,14,14,17" rate="1899.23,1936.35,1941.50,2069.40" sx="F,M,M,M"/><TAIKYOKU oya="0"/><INIT seed="0,0,0,5,5,101" ten="250,250,250,250" oya="0" hai0="100,35,119,25,31,68,87,109,64,18,85,1,62" hai1="128,37,28,34,124,135,11,44,41,16,103,77,52" hai2="105,127,98,23,4,13,131,108,120,30,81,26,14" hai3="66,48,99,32,15,89,54,45,58,67,46,110,39"/><T76/><D119/><U122/><E122/><V38/><F120/><W117/><G32/><T107/><D1/><U134/><E124/><V114/><F114/><W90/><G110/><T97/><D109/><U106/><E77/><V92/><F38/><W29/><G29/><T95/><D76/><U9/><E128/><V3/><F127/><W123/><G117/><T133/><D133/><N who="1" m="50699" /><E28/><V43/><F43/><W94/><G123/><T53/><D95/><U57/><E34/><V112/><F112/><W96/><G39/><T27/><D53/><U111/><E16/><V86/><F92/><N who="3" m="56335" /><G15/><T2/><D2/><U40/><E40/><V129/><F13/><W71/><G71/><T33/><D18/><U121/><E121/><V82/><F14/><W132/><G132/><T125/><D125/><U42/><E42/><V17/><F17/><W36/><G36/><T8/><D8/><U102/><E102/><V70/><F3/><W50/><G50/><T80/><D80/><U78/><E78/><V83/><F70/><W65/><AGARI ba="0,0" hai="45,46,48,54,58,65,66,67,90,94,99" m="56335" machi="65" ten="30,1100,0" yaku="8,1" doraHai="101" who="3" fromWho="3" sc="250,-5,250,-3,250,-3,250,11" /><INIT seed="1,0,0,3,1,54" ten="245,247,247,261" oya="1" hai0="1,79,21,37,85,20,67,122,121,13,29,17,33" hai1="71,47,118,101,129,124,56,59,51,106,97,62,127" hai2="5,32,131,45,115,112,3,113,120,49,23,80,36" hai3="75,76,133,89,135,111,31,94,14,6,91,30,117"/><U43/><E129/><V116/><F120/><N who="0" m="46186" /><D37/><U65/><REACH who="1" step="1"/><E118/><REACH who="1" ten="245,237,247,261" step="2"/><V74/><F116/><W60/><G117/><T68/><D1/><U12/><E12/><V108/><F131/><W39/><G14/><T87/><D79/><U72/><E72/><V86/><F74/><W109/><G76/><T119/><D119/><U27/><E27/><V48/><F108/><W100/><G75/><T104/><D13/><U19/><E19/><V52/><F3/><W61/><G111/><T28/><D17/><U24/><E24/><V4/><F5/><W55/><G109/><T110/><D110/><U114/><E114/><V103/><F4/><W96/><G6/><T90/><D28/><U15/><E15/><V42/><F112/><W125/><G31/><T98/><D29/><U25/><E25/><V41/><F113/><W11/><G30/><T66/><D33/><U53/><E53/><V35/><F115/><W134/><G55/><T22/><D66/><U44/><E44/><N who="2" m="23591" /><F32/><W99/><G135/><T2/><D2/><U92/><E92/><V34/><F35/><W130/><G130/><T58/><D104/><U16/><E16/><V10/><F34/><W105/><G134/><T7/><D7/><U123/><E123/><V40/><F42/><W107/><G133/><T82/><D67/><U26/><E26/><V18/><F10/><W70/><G107/><T88/><D20/><U0/><E0/><V73/><F73/><W93/><G105/><T83/><D21/><U64/><E64/><V77/><F18/><W57/><G11/><T50/><D22/><U63/><E63/><RYUUKYOKU ba="0,1" sc="245,-10,237,30,247,-10,261,-10" hai1="43,47,51,56,59,62,65,71,97,101,106,124,127" /><INIT seed="1,1,1,4,0,131" ten="235,267,237,251" oya="1" hai0="30,76,66,59,77,14,19,115,75,27,116,46,122" hai1="33,20,102,7,135,100,8,24,83,43,71,81,70" hai2="125,11,3,16,86,17,37,105,51,117,42,98,56" hai3="34,60,29,73,87,110,132,38,25,44,89,68,53"/><U35/><E43/><V12/><F125/><W126/><G73/><T1/><D116/><U108/><E108/><V52/><F3/><W107/><G107/><T119/><D115/><U31/><E135/><V129/><F129/><W74/><G74/><T118/><D1/><U114/><E114/><V6/><F117/><W15/><G126/><T82/><D122/><U113/><E113/><V79/><F98/><W63/><G68/><T121/><D77/><U112/><E112/><V92/><F105/><W32/><G32/><T22/><D121/><U23/><E24/><V127/><F127/><W123/><G110/><T134/><D134/><U101/><E101/><V65/><F65/><W90/><G90/><T40/><D59/><U103/><E103/><V120/><F120/><W93/><G123/><T58/><D58/><U67/><E67/><V28/><F28/><W61/><G15/><T130/><D66/><U10/><E31/><V128/><F128/><W88/><G89/><T47/><D47/><U55/><E55/><V104/><F104/><W124/><G124/><T39/><REACH who="0" step="1"/><D130/><REACH who="0" ten="225,267,237,251" step="2"/><U94/><REACH who="1" step="1"/><E94/><REACH who="1" ten="225,257,237,251" step="2"/><V97/><F92/><W36/><G132/><T0/><D0/><U69/><E69/><V99/><F37/><W21/><G38/><T84/><D84/><U133/><E133/><V2/><F86/><W18/><G36/><T4/><D4/><AGARI ba="1,3" hai="4,7,8,10,20,23,33,35,70,71,81,83,100,102" machi="4" ten="25,4800,0" yaku="1,1,22,2,53,0" doraHai="131" doraHaiUra="57" who="1" fromWho="0" sc="225,-51,257,81,237,0,251,0" /><INIT seed="1,2,0,3,0,123" ten="174,338,237,251" oya="1" hai0="71,83,5,40,105,125,34,122,27,114,72,90,64" hai1="41,67,121,124,14,110,38,108,33,69,98,106,116" hai2="45,70,56,16,39,24,104,15,52,97,103,59,75" hai3="95,22,26,8,6,57,53,47,51,99,63,7,25"/><U127/><E33/><V60/><F75/><W77/><G77/><T31/><D122/><U17/><E121/><V101/><F101/><W84/><G84/><T3/><D125/><N who="1" m="48203" /><E116/><V91/><F70/><W55/><G8/><N who="0" m="2111" /><D114/><U37/><E67/><V76/><F76/><W79/><G26/><T19/><D19/><U65/><E65/><V46/><F39/><N who="1" m="14857" /><E41/><V88/><F24/><W93/><G79/><N who="0" m="44519" /><D90/><U50/><E50/><V73/><F73/><W4/><REACH who="3" step="1"/><G99/><REACH who="3" ten="174,338,237,241" step="2"/><T131/><D131/><U118/><E118/><V107/><F104/><W81/><G81/><T133/><D105/><U78/><E78/><V28/><F28/><AGARI ba="2,1" hai="4,6,7,22,25,28,47,51,53,55,57,63,93,95" machi="28" ten="40,5200,0" yaku="1,1,8,1,53,1" doraHai="123" doraHaiUra="20" who="3" fromWho="2" sc="174,0,338,0,237,-58,241,68" /><INIT seed="2,0,0,5,2,32" ten="174,338,179,309" oya="2" hai0="73,47,110,118,68,78,64,79,53,94,108,39,114" hai1="129,72,69,36,23,7,130,105,99,2,15,46,21" hai2="0,101,89,19,81,20,92,55,50,5,90,75,38" hai3="96,98,127,113,48,97,63,41,65,106,45,62,10"/><V30/><F38/><W57/><G127/><T111/><D114/><U8/><E72/><V58/><F30/><W67/><G113/><T126/><D126/><U44/><E69/><V91/><F101/><W12/><G106/><T29/><D118/><U135/><E135/><V42/><F42/><W85/><G85/><T71/><D29/><U86/><E86/><V82/><F75/><W116/><G116/><T35/><D35/><U18/><E23/><V40/><F40/><W14/><REACH who="3" step="1"/><G10/><REACH who="3" ten="174,338,179,299" step="2"/><T80/><D39/><U61/><E36/><V26/><REACH who="2" step="1"/><F92/><REACH who="2" ten="174,338,169,299" step="2"/><W1/><G1/><T59/><D94/><U52/><E2/><V22/><F22/><W121/><G121/><T76/><D111/><U100/><E21/><V120/><F120/><W125/><G125/><T54/><D110/><U70/><E105/><V112/><F112/><W117/><G117/><T102/><D108/><U49/><E129/><V95/><F95/><W24/><G24/><T122/><D73/><U43/><E130/><V56/><F56/><AGARI ba="0,2" hai="12,14,41,45,48,56,57,62,63,65,67,96,97,98" machi="56" ten="40,5200,0" yaku="1,1,9,1,8,1,53,0" doraHai="32" doraHaiUra="6" who="3" fromWho="2" sc="174,0,338,0,169,-52,299,72" /><INIT seed="3,0,0,2,5,21" ten="174,338,117,371" oya="3" hai0="72,92,116,29,104,1,59,132,49,71,90,47,4" hai1="67,85,55,93,78,5,86,25,135,46,83,33,23" hai2="89,9,45,95,115,56,84,80,37,27,130,101,134" hai3="117,106,129,57,54,124,64,40,112,36,126,41,125"/><W30/><G106/><T38/><D116/><U48/><E135/><V19/><F115/><W24/><G112/><T28/><D71/><U31/><E67/><V133/><F130/><W75/><G75/><T77/><D104/><U13/><E33/><V91/><F101/><W113/><G113/><T6/><D59/><U76/><E76/><V108/><F108/><W103/><G103/><T119/><D132/><U8/><REACH who="1" step="1"/><E93/><REACH who="1" ten="174,328,117,371" step="2"/><V11/><F133/><W18/><G64/><T26/><D77/><U96/><E96/><V68/><F134/><W107/><G107/><T102/><D92/><U111/><E111/><V114/><F114/><W123/><G129/><T100/><D119/><U17/><E17/><V131/><F131/><W51/><G18/><T127/><D29/><U35/><E35/><V7/><F7/><W87/><G117/><T20/><D28/><U15/><E15/><V39/><F68/><W97/><G97/><T62/><D4/><U73/><AGARI ba="0,1" hai="5,8,13,23,25,31,46,48,55,73,78,83,85,86" machi="73" ten="20,8000,1" yaku="1,1,0,1,7,1,52,1,53,1" doraHai="21" doraHaiUra="105" who="1" fromWho="1" sc="174,-20,328,90,117,-20,371,-40" /><INIT seed="4,0,0,4,5,1" ten="154,418,97,331" oya="0" hai0="54,135,78,22,23,83,80,13,28,93,36,6,3" hai1="106,128,70,7,127,97,14,27,96,44,79,82,116" hai2="9,108,123,55,48,89,11,33,2,57,109,105,25" hai3="104,112,42,16,37,66,41,0,102,132,35,34,45"/><T129/><D135/><U91/><E116/><V17/><F123/><W94/><G104/><T32/><D129/><U39/><E70/><V90/><F105/><W101/><G0/><T124/><D124/><U133/><E27/><V81/><F81/><W125/><G66/><T47/><D32/><U46/><E91/><V95/><F89/><W86/><G112/><T119/><D3/><U62/><E62/><V115/><F115/><W50/><G37/><T122/><D119/><U84/><E133/><V85/><F2/><W68/><G68/><T117/><D122/><U77/><E77/><V5/><F11/><W114/><G125/><T53/><D83/><U20/><E20/><V30/><REACH who="2" step="1"/><F17/><REACH who="2" ten="154,418,87,331" step="2"/><W92/><G16/><T31/><D80/><U58/><E106/><V12/><AGARI ba="0,1" hai="5,9,12,25,30,33,48,55,57,85,90,95,108,109" machi="12" ten="20,8000,1" yaku="1,1,2,1,0,1,7,1,52,1,53,0" doraHai="1" doraHaiUra="69" who="2" fromWho="2" sc="154,-40,418,-20,87,90,331,-20" /><INIT seed="5,0,0,3,3,29" ten="114,398,177,311" oya="1" hai0="9,126,81,26,77,54,11,108,71,46,10,98,129" hai1="23,134,87,99,69,31,70,79,72,52,66,117,2" hai2="125,104,86,3,84,63,88,50,17,30,76,105,114" hai3="49,96,124,35,25,116,132,8,51,45,107,16,42"/><U122/><E72/><V58/><F3/><W4/><G124/><T78/><D126/><U21/><E2/><V102/><F125/><W14/><G132/><T18/><D108/><U128/><E117/><V91/><F30/><W97/><G116/><T43/><D71/><U93/><E122/><V80/><F50/><W121/><G121/><T131/><D98/><U28/><E66/><V85/><F17/><W127/><G127/><T55/><D26/><U40/><E40/><V130/><F58/><W101/><G97/><T75/><D78/><U111/><E128/><V110/><F63/><W39/><REACH who="3" step="1"/><G4/><REACH who="3" ten="114,398,177,301" step="2"/><T13/><D129/><U133/><E111/><V61/><F130/><W5/><G5/><T7/><D131/><U67/><E133/><V120/><F110/><W36/><G36/><T62/><D62/><U37/><E134/><V118/><F61/><W15/><G15/><T74/><D74/><U100/><E37/><V103/><F118/><W0/><G0/><N who="0" m="231" /><D10/><U60/><E70/><V106/><F120/><W53/><G53/><T73/><D73/><U112/><E69/><V27/><F27/><W83/><G83/><T47/><D47/><U65/><E60/><V44/><F44/><W92/><G92/><T94/><D94/><U56/><E93/><N who="2" m="54407" /><F114/><W82/><G82/><AGARI ba="0,1" hai="76,80,82,85,86,91,102,103,104,105,106" m="54407" machi="82" ten="30,12000,2" yaku="35,5,54,1" doraHai="29" who="2" fromWho="3" sc="114,0,398,0,177,130,301,-120" /><INIT seed="6,0,0,2,2,88" ten="114,398,307,181" oya="2" hai0="106,14,104,52,25,58,107,131,103,126,18,51,73" hai1="21,123,10,12,114,110,6,118,101,119,1,83,38" hai2="105,2,128,115,112,113,13,84,7,67,86,97,54" hai3="76,90,43,135,22,62,111,15,61,72,35,130,31"/><V116/><F116/><W108/><G35/><T55/><D126/><U59/><E38/><V30/><F2/><W99/><G43/><T60/><D131/><U87/><E110/><V41/><F128/><W66/><G130/><T42/><D73/><U0/><E0/><V23/><F67/><W120/><G120/><T39/><D39/><U50/><E101/><N who="2" m="62639" /><F41/><W96/><G135/><T46/><D25/><U122/><E21/><V78/><F78/><W48/><G76/><T109/><D109/><U37/><E1/><V124/><F124/><W91/><G66/><T44/><D44/><U98/><E98/><V121/><F121/><N who="1" m="46089" /><E37/><V127/><F127/><W102/><G111/><T70/><D70/><U33/><E33/><V85/><F54/><W74/><G108/><T17/><D103/><U5/><E5/><V45/><F45/><W3/><G102/><T9/><REACH who="0" step="1"/><D18/><REACH who="0" ten="104,398,307,181" step="2"/><U132/><E118/><V75/><F75/><W49/><G74/><T40/><AGARI ba="0,1" hai="9,14,17,40,42,46,51,52,55,58,60,104,106,107" machi="40" ten="40,8000,1" yaku="1,1,2,1,0,1,54,1,53,0" doraHai="88" doraHaiUra="28" who="0" fromWho="0" sc="104,90,398,-20,307,-40,181,-20" /><INIT seed="7,0,0,0,0,59" ten="194,378,267,161" oya="3" hai0="4,124,132,100,56,49,1,16,76,58,89,31,19" hai1="48,105,66,131,91,128,127,115,113,122,83,21,34" hai2="40,111,14,62,42,54,0,44,104,80,69,119,23" hai3="36,57,73,82,114,46,28,125,64,75,74,88,33"/><W102/><G102/><T15/><D124/><U53/><E34/><V87/><F0/><W96/><G125/><T92/><D132/><U98/><E127/><V126/><F126/><W43/><G114/><N who="1" m="43530" /><E122/><V47/><F111/><W38/><G38/><T37/><D76/><U90/><E66/><V20/><F69/><W129/><G129/><T52/><D37/><U10/><E10/><V133/><F133/><W17/><G17/><N who="0" m="6731" /><D1/><U55/><E21/><V60/><F104/><W39/><G39/><T95/><D31/><U63/><E63/><N who="2" m="24107" /><F119/><W134/><G134/><T121/><D121/><U61/><E61/><V18/><F23/><W22/><G64/><T32/><D32/><U97/><E105/><V51/><F47/><W29/><G33/><T84/><D100/><U120/><E120/><V12/><F14/><W70/><G70/><T77/><D58/><U108/><E108/><V45/><F45/><W26/><G57/><T24/><D24/><U6/><E128/><V41/><F42/><W30/><REACH who="3" step="1"/><G82/><REACH who="3" ten="194,378,267,151" step="2"/><N who="0" m="49303" /><D77/><AGARI ba="0,1" hai="12,18,20,40,41,44,51,54,77,80,87" m="24107" machi="77" ten="30,7700,0" yaku="8,1,52,3" doraHai="59" who="2" fromWho="0" sc="194,-77,378,0,267,87,151,0" owari="117,-38.0,378,48.0,354,15.0,151,-25.0" /></mjloggm>