<mjloggm ver="2.3"><GO type="41" lobby="0"/><UN n0="%E3%83%9E%E3%82%B8%E3%83%B3%E3%82%AC%E3%83%BC%5A%5A" n1="%E2%93%9D%53%75%70%68%78" n2="%73%6B%75%62%6F%37" n3="%E6%AD%8C" dan="13,18,14,13" rate="1888.68,2080.99,1861.34,2057.48" sx="M,M,M,F"/><TAIKYOKU oya="0"/><INIT seed="0,0,0,2,3,133" ten="250,250,250,250" oya="0" hai0="125,89,77,118,74,8,122,70,25,123,34,10,62" hai1="61,54,1,78,96,79,93,135,94,58,52,86,22" hai2="29,101,111,116,72,43,107,59,112,85,12,132,117" hai3="27,81,67,63,32,91,28,57,24,0,6,40,66"/><T121/><D118/><N who="2" m="45674" /><F112/><W5/><G40/><T3/><D89/><N who="1" m="53431" /><E1/><V33/><F72/><W42/><G42/><T106/><D10/><U83/><E135/><V60/><F43/><W119/><G119/><T19/><D19/><U21/><E54/><V45/><F132/><W131/><G131/><T98/><D8/><U37/><E37/><V41/><F85/><W38/><G38/><T18/><D18/><U88/><E83/><V35/><F111/><W15/><G0/><T104/><D3/><U102/><E102/><V53/><F12/><W92/><G15/><T51/><D51/><U90/><E90/><V23/><F101/><W99/><G81/><N who="0" m="45239" /><D98/><U69/><E69/><V44/><F107/><N who="0" m="41002" /><D62/><U39/><E39/><N who="2" m="21567" /><F45/><W49/><G49/><T95/><D95/><U50/><E50/><V97/><F97/><W36/><G36/><T56/><D56/><U76/><AGARI ba="0,0" hai="21,22,52,58,61,76,78,79,88,94,96" m="53431" machi="76" ten="30,4000,0" yaku="8,1,54,2" doraHai="133" who="1" fromWho="1" sc="250,-20,250,40,250,-10,250,-10" /><INIT seed="1,0,0,2,4,119" ten="230,290,240,240" oya="1" hai0="90,56,74,33,89,8,37,106,53,125,39,71,70" hai1="51,100,85,88,76,130,115,14,22,84,63,7,92" hai2="83,27,97,101,9,55,54,48,20,18,21,12,73" hai3="78,109,108,10,49,79,122,91,24,103,102,64,105"/><U135/><E115/><V52/><F73/><W0/><G64/><T3/><D125/><U19/><E130/><V40/><F83/><W111/><G49/><T32/><D74/><U16/><E135/><V57/><F40/><W41/><G41/><T25/><D106/><U13/><E7/><V69/><F21/><W98/><G24/><T46/><D46/><U116/><E116/><V50/><F69/><W107/><G0/><T35/><D25/><U95/><E63/><V121/><F50/><W128/><G128/><T118/><D118/><U123/><E123/><V75/><F121/><W94/><G10/><T28/><D28/><U114/><E114/><V59/><F59/><W67/><G67/><T77/><D77/><N who="3" m="29193" /><G122/><T4/><D70/><U26/><E51/><V5/><REACH who="2" step="1"/><F75/><REACH who="2" ten="230,290,230,240" step="2"/><W29/><G29/><T44/><D71/><U104/><E76/><V15/><F15/><W96/><G105/><AGARI ba="0,1" hai="5,9,12,18,20,27,48,52,54,55,57,97,101,105" machi="105" ten="30,3900,0" yaku="1,1,7,1,54,1,53,0" doraHai="119" doraHaiUra="126" who="2" fromWho="3" sc="230,0,290,0,230,49,240,-39" /><INIT seed="2,0,0,5,4,93" ten="230,290,279,201" oya="2" hai0="1,44,10,13,36,120,8,7,113,69,26,131,28" hai1="71,94,89,118,17,2,4,116,99,21,47,111,88" hai2="74,27,32,37,129,31,130,73,3,106,63,34,109" hai3="64,96,128,108,85,11,19,65,51,102,110,83,16"/><V105/><F63/><W81/><G51/><T49/><D113/><U135/><E71/><V82/><F37/><W33/><G33/><T45/><D120/><U52/><E111/><N who="3" m="42538" /><G128/><N who="2" m="49257" /><F109/><W61/><G11/><T104/><D69/><U98/><E135/><V95/><F95/><N who="3" m="58655" /><G81/><T58/><D131/><U97/><E2/><V60/><F60/><W54/><G54/><T86/><D104/><N who="2" m="40042" /><F82/><W12/><G12/><T9/><D36/><U59/><E118/><V79/><F79/><N who="3" m="46335" /><G64/><T41/><D58/><AGARI ba="0,0" hai="16,19,58,61,65" m="46335,58655,42538" machi="58" ten="30,3900,0" yaku="14,1,52,1,54,1" doraHai="93" who="3" fromWho="0" sc="230,-39,290,0,279,0,201,39" /><INIT seed="3,0,0,4,3,125" ten="191,290,279,240" oya="3" hai0="47,14,27,135,101,31,6,77,85,41,107,114,75" hai1="44,61,63,134,51,110,16,57,92,116,11,34,68" hai2="56,5,37,66,42,62,10,128,126,15,70,79,36" hai3="53,103,32,55,91,26,40,8,60,86,90,49,122"/><W113/><G113/><T94/><D135/><U58/><E34/><V89/><F126/><W46/><G122/><T108/><D114/><U45/><E92/><V81/><F89/><W102/><G32/><T29/><D108/><U73/><E11/><V12/><F12/><W130/><G8/><T104/><D31/><U1/><E16/><V20/><F20/><W117/><G117/><T124/><D124/><U30/><E73/><V65/><F65/><W78/><G26/><T132/><D132/><U33/><E1/><V127/><F127/><W52/><G130/><T64/><D75/><U120/><E30/><V23/><F128/><W59/><G78/><T71/><D77/><U83/><E83/><V9/><F9/><W19/><G19/><T99/><D85/><U24/><E24/><V76/><F76/><W0/><G90/><T17/><D6/><U109/><E33/><V105/><F105/><W129/><G0/><T95/><D17/><U97/><E97/><V87/><F23/><W50/><G129/><T38/><D14/><U48/><E68/><V21/><F21/><W43/><G43/><T98/><D27/><U119/><E134/><V112/><F112/><W80/><G40/><T106/><D29/><U7/><E7/><V131/><F131/><W13/><G13/><T74/><D74/><U133/><E133/><V25/><F25/><W67/><G67/><T96/><REACH who="0" step="1"/><D101/><REACH who="0" ten="181,290,279,240" step="2"/><U118/><E118/><V123/><F123/><AGARI ba="0,1" hai="44,45,48,51,57,58,61,63,109,110,116,119,120,123" machi="123" ten="25,8000,1" yaku="22,2,34,3" doraHai="125" who="1" fromWho="2" sc="181,0,290,90,279,-80,240,0" /><INIT seed="4,0,0,4,3,58" ten="181,380,199,240" oya="0" hai0="115,31,21,38,134,33,73,105,103,123,64,15,12" hai1="27,82,128,59,62,117,8,111,126,121,118,53,90" hai2="122,26,63,96,125,60,76,55,131,72,113,22,56" hai3="40,75,3,108,5,67,119,83,6,79,11,114,4"/><T9/><D123/><U100/><E111/><V48/><F122/><W65/><G108/><T10/><D115/><U69/><E126/><V101/><F113/><W24/><G114/><T85/><D134/><U95/><E128/><V77/><F125/><W94/><G119/><T99/><D73/><U18/><E69/><V20/><F131/><W43/><G94/><T49/><D38/><U1/><E100/><V112/><F112/><W107/><G107/><T37/><D37/><U36/><E82/><V16/><F22/><W116/><G116/><T92/><D33/><U35/><E36/><V47/><F72/><W132/><G132/><T42/><D64/><U34/><E121/><V102/><F96/><W88/><G24/><N who="0" m="16783" /><D85/><U66/><E66/><V17/><F17/><W91/><G65/><T39/><D39/><U23/><E118/><V28/><F28/><W130/><G130/><T32/><D32/><U54/><E117/><V57/><F57/><W45/><G67/><T0/><D0/><U127/><E127/><V68/><F68/><W106/><G106/><T84/><D84/><U80/><E35/><V29/><F29/><W97/><G45/><N who="0" m="25783" /><D105/><U78/><E34/><V135/><F135/><W110/><G110/><T104/><D104/><U133/><E133/><V70/><F70/><W98/><G98/><T89/><D103/><N who="2" m="39434" /><F47/><W46/><G46/><T61/><D61/><AGARI ba="0,0" hai="16,20,26,48,55,56,60,61,63,76,77" m="39434" machi="61" ten="30,8000,1" yaku="8,1,52,3,54,1" doraHai="58" who="2" fromWho="0" sc="181,-80,380,0,199,80,240,0" /><INIT seed="5,0,0,5,1,41" ten="101,380,279,240" oya="1" hai0="114,71,38,50,135,110,43,127,105,126,99,56,20" hai1="44,132,24,33,21,37,35,128,104,68,22,74,23" hai2="124,89,64,7,121,112,29,2,94,42,84,80,16" hai3="8,59,57,46,17,63,103,98,4,26,19,92,48"/><U95/><E104/><V28/><F121/><W31/><G4/><T102/><D110/><U36/><E68/><V27/><F124/><W83/><G83/><T65/><D114/><U55/><E74/><V58/><F112/><W118/><G118/><T134/><D20/><U11/><E128/><V116/><F116/><W18/><G8/><T14/><D14/><U45/><E132/><V130/><F130/><W10/><G10/><T129/><D129/><U115/><E55/><V93/><F2/><W73/><G73/><T9/><D9/><U90/><E24/><V0/><F7/><W51/><G51/><T82/><D82/><U60/><E60/><N who="2" m="37911" /><F42/><W78/><G78/><T85/><D85/><U108/><E108/><V122/><F0/><W113/><G63/><T72/><D72/><U96/><E115/><V79/><F122/><W100/><G100/><T86/><D86/><U40/><E11/><V12/><F27/><W3/><G3/><T5/><D5/><U106/><E106/><V52/><F79/><W47/><G113/><T111/><D111/><U120/><E120/><V13/><F12/><W54/><REACH who="3" step="1"/><G57/><REACH who="3" ten="101,380,279,230" step="2"/><T125/><D50/><U6/><E6/><V101/><F101/><W88/><G88/><T109/><D109/><U133/><E90/><V76/><F76/><W39/><G39/><T87/><D87/><U107/><E37/><V117/><F117/><W61/><G61/><T70/><D56/><U66/><E36/><V69/><F80/><W67/><G67/><T15/><D65/><U34/><E66/><V32/><F89/><W91/><G91/><RYUUKYOKU ba="0,1" sc="101,-10,380,-10,279,-10,230,30" hai3="17,18,19,26,31,46,47,48,54,59,92,98,103" /><INIT seed="6,1,1,0,1,29" ten="91,370,269,260" oya="2" hai0="25,23,14,78,93,8,49,115,123,4,9,134,20" hai1="35,94,2,62,102,81,91,99,84,130,73,42,36" hai2="117,82,83,85,103,100,64,17,77,125,53,63,31" hai3="43,74,52,67,60,46,72,109,122,69,124,127,98"/><V120/><F120/><W45/><G122/><T97/><D123/><U135/><E35/><V28/><F117/><W47/><G72/><T24/><D115/><U118/><E2/><V13/><F125/><N who="3" m="48203" /><G74/><T96/><D134/><U3/><E130/><V119/><F119/><W11/><G11/><T92/><D78/><U38/><E3/><V128/><F128/><W65/><G98/><T21/><D49/><U133/><E42/><V107/><F83/><W110/><G43/><T126/><D126/><U90/><E62/><V57/><F107/><W106/><G106/><T34/><D34/><U7/><E7/><V61/><F103/><W41/><G41/><T112/><D112/><U95/><E118/><V105/><F100/><W39/><G39/><T108/><D108/><N who="3" m="41577" /><G65/><T6/><D23/><U76/><E102/><V16/><F17/><W68/><G68/><T111/><D111/><U51/><E38/><V26/><F105/><W18/><G18/><T19/><REACH who="0" step="1"/><D19/><REACH who="0" ten="81,370,269,260" step="2"/><U5/><E135/><V44/><F26/><W10/><G10/><T113/><D113/><U129/><E133/><V37/><F37/><W121/><G121/><T40/><D40/><U80/><E129/><V1/><F1/><W66/><G66/><T71/><D71/><U132/><E132/><V56/><F44/><W54/><AGARI ba="1,2" hai="45,46,47,52,54,60,67,69" m="41577,48203" machi="54" ten="40,8000,1" yaku="18,1,34,2,54,1" doraHai="29" who="3" fromWho="3" sc="81,-21,370,-21,269,-41,260,103" /><INIT seed="7,0,0,3,1,22" ten="60,349,228,363" oya="3" hai0="30,31,111,127,105,12,74,36,59,90,119,70,15" hai1="4,8,108,46,86,126,24,79,66,50,42,69,123" hai2="71,62,85,135,72,20,44,125,130,115,99,121,73" hai3="18,68,55,54,0,51,7,116,91,6,100,82,84"/><W106/><G116/><T129/><D119/><U34/><E123/><V103/><F121/><W40/><G68/><T132/><D90/><U131/><E131/><V109/><F109/><W64/><G0/><T41/><D59/><U113/><E108/><V29/><F130/><W88/><G64/><T134/><D41/><U124/><E113/><V118/><F115/><W92/><G106/><T38/><D70/><U63/><E79/><V45/><F118/><W11/><G100/><T67/><D129/><U128/><E86/><V61/><F125/><N who="1" m="48233" /><E128/><V13/><F135/><W81/><G40/><T89/><D127/><U17/><E17/><V10/><F85/><N who="3" m="52239" /><G81/><T77/><D111/><U21/><E21/><V122/><F122/><W35/><G35/><T95/><D89/><U120/><E120/><V53/><F73/><W78/><G78/><T87/><D95/><U102/><E102/><V80/><F80/><W98/><G98/><T96/><D87/><U26/><E34/><V101/><F72/><W112/><G112/><T33/><D77/><U114/><E114/><V107/><F103/><W16/><G18/><T32/><D74/><U47/><E47/><V3/><F3/><AGARI ba="0,0" hai="3,4,8,24,26,42,46,50,63,66,69" m="48233" machi="3" ten="30,3900,0" yaku="18,1,52,2" doraHai="22" who="1" fromWho="2" sc="60,0,349,39,228,-39,363,0" owari="60,-44.0,388,49.0,189,-21.0,363,16.0" /></mjloggm>