<mjloggm ver="2.3"><GO type="41" lobby="0"/><UN n0="%50%50%4F%4F%4E%4E" n1="%68%7A%6B" n2="%32%30%32%30%48%61%72%75" n3="%E2%93%9D%53%75%70%68%78" dan="15,15,14,18" rate="1998.59,2029.18,1939.66,2116.92" sx="M,M,F,M"/><TAIKYOKU oya="0"/><INIT seed="0,0,0,0,4,27" ten="250,250,250,250" oya="0" hai0="39,36,85,14,13,104,34,107,59,44,21,9,105" hai1="132,42,47,18,103,79,62,123,73,60,84,98,125" hai2="133,1,89,111,135,82,52,78,99,20,29,86,45" hai3="40,66,102,130,119,37,65,109,54,83,77,0,117"/><T108/><D34/><U96/><E123/><V11/><F111/><W2/><G102/><T94/><D108/><U12/><E132/><N who="2" m="50763" /><F11/><W26/><G109/><T71/><D71/><U69/><E125/><V126/><F1/><W51/><G40/><T31/><D59/><U6/><E6/><V19/><F126/><W53/><G26/><T112/><D112/><U124/><E73/><N who="2" m="43343" /><F99/><W114/><G83/><T56/><D56/><U5/><E5/><V23/><F19/><W93/><G114/><T32/><D32/><U70/><E98/><V110/><F110/><W28/><G2/><T50/><D94/><U121/><E121/><V80/><F29/><W68/><G28/><T75/><D75/><U17/><E17/><V131/><F131/><W25/><G0/><T118/><D85/><U22/><E124/><V100/><F100/><W16/><G16/><T97/><D97/><U30/><E30/><V58/><F45/><W67/><G25/><T49/><D31/><U57/><E84/><V63/><AGARI ba="0,0" hai="20,23,52,58,63,80,86,89" m="43343,50763" machi="63" ten="30,2000,0" yaku="20,1,54,1" doraHai="27" who="2" fromWho="2" sc="250,-10,250,-5,250,20,250,-5" /><INIT seed="1,0,0,5,3,117" ten="240,245,270,245" oya="1" hai0="34,125,51,29,8,10,121,22,56,7,85,95,135" hai1="18,43,77,104,111,92,39,82,1,134,113,20,110" hai2="26,11,106,28,97,86,107,101,119,33,24,90,72" hai3="123,15,49,129,31,116,53,83,118,103,124,100,65"/><U9/><E104/><V32/><F119/><N who="3" m="45611" /><G129/><T89/><D135/><U114/><E134/><V130/><F72/><W127/><G65/><T99/><D125/><N who="3" m="48201" /><G31/><T41/><D34/><U57/><E57/><V74/><F74/><W98/><G15/><T64/><D64/><U58/><E58/><V16/><F130/><W128/><G128/><T102/><D29/><U84/><E92/><V25/><F106/><N who="3" m="63767" /><G103/><T3/><D102/><U44/><E1/><V120/><F33/><W80/><G123/><T68/><D121/><U112/><REACH who="1" step="1"/><E9/><REACH who="1" ten="240,235,270,245" step="2"/><V46/><F120/><W96/><G96/><T36/><D99/><U13/><AGARI ba="0,1" hai="13,18,20,39,43,44,77,82,84,110,111,112,113,114" machi="13" ten="40,12000,1" yaku="1,1,2,1,0,1,53,1" doraHai="117" doraHaiUra="69" who="1" fromWho="1" sc="240,-40,235,130,270,-40,245,-40" /><INIT seed="1,1,0,0,0,133" ten="200,365,230,205" oya="1" hai0="15,30,47,7,63,35,59,10,9,45,119,62,125" hai1="121,64,98,124,101,126,86,111,13,29,42,5,66" hai2="131,115,113,17,61,107,78,16,74,12,118,90,105" hai3="95,50,132,41,3,21,23,83,88,117,19,89,80"/><U103/><E121/><V54/><F118/><W36/><G36/><T81/><D119/><U24/><E111/><V38/><F38/><W57/><G3/><T75/><D35/><U102/><E42/><V39/><F39/><W120/><G132/><T106/><D30/><U69/><E98/><V53/><F17/><W127/><G120/><T110/><D106/><U25/><E86/><V104/><F90/><W55/><G127/><N who="1" m="48682" /><E69/><V67/><F131/><W40/><G23/><T84/><D75/><U99/><E99/><V60/><F74/><W94/><G117/><T73/><D73/><U100/><E100/><V22/><F78/><W65/><G41/><T49/><D110/><U71/><E71/><V32/><F32/><W0/><G40/><T46/><D125/><U1/><E1/><V85/><F85/><N who="3" m="52495" /><G0/><T18/><D84/><U11/><E24/><V109/><F109/><W93/><G93/><T6/><D81/><U82/><E82/><V48/><F104/><W68/><G68/><T79/><D79/><U8/><E8/><V77/><F77/><W91/><G91/><T52/><D9/><U31/><E31/><V122/><F105/><W76/><G76/><T58/><D10/><U116/><E116/><V134/><F107/><W123/><G123/><T2/><D2/><U33/><AGARI ba="1,0" hai="5,11,13,25,29,33,64,66,101,102,103" m="48682" machi="33" ten="30,11700,0" yaku="18,1,52,3" doraHai="133" who="1" fromWho="1" sc="200,-40,365,120,230,-40,205,-40" /><INIT seed="1,2,0,3,3,131" ten="160,485,190,165" oya="1" hai0="69,34,105,62,92,66,125,78,48,110,121,38,81" hai1="8,59,70,6,80,65,115,24,114,135,53,82,108" hai2="15,2,55,41,96,100,98,68,30,99,4,90,51" hai3="13,9,83,124,107,11,22,106,18,42,126,23,117"/><U75/><E108/><V14/><F68/><W116/><G42/><T79/><D105/><N who="3" m="39945" /><G83/><T44/><D110/><U3/><E70/><V26/><F41/><W63/><G63/><T67/><D125/><N who="3" m="48233" /><G11/><T43/><D121/><U130/><E65/><V101/><F4/><W37/><G37/><T118/><D118/><AGARI ba="2,0" hai="9,13,18,22,23,116,117,118" m="48233,39945" machi="118" ten="40,2600,0" yaku="12,1,18,1" doraHai="131" who="3" fromWho="0" sc="160,-32,485,0,190,0,165,32" /><INIT seed="2,0,0,3,4,99" ten="128,485,190,197" oya="2" hai0="123,67,37,48,131,16,135,97,125,112,44,83,45" hai1="10,130,40,102,0,92,18,93,46,55,118,8,82" hai2="24,25,3,74,76,79,128,62,41,12,56,119,101" hai3="103,88,71,84,109,49,85,90,29,86,13,70,110"/><V31/><F119/><W108/><G29/><T95/><D123/><U60/><E118/><V27/><F3/><W17/><G49/><T47/><D112/><U81/><E130/><V124/><F128/><W63/><G103/><T51/><D131/><U59/><E8/><V116/><F116/><W50/><G50/><T120/><D120/><U22/><E10/><V32/><F124/><W30/><G30/><T127/><D37/><U39/><E0/><V42/><F76/><W34/><G34/><T4/><D4/><U104/><E104/><V58/><F56/><W9/><REACH who="3" step="1"/><G63/><REACH who="3" ten="128,485,190,187" step="2"/><T72/><D48/><U26/><E102/><V132/><F101/><W15/><G15/><T36/><D51/><U52/><E60/><V2/><F12/><W38/><G38/><T115/><D36/><U69/><E39/><V21/><F2/><W87/><N who="3" m="21504" /><DORA hai="73" /><W98/><G98/><T105/><D97/><U43/><E43/><V100/><F100/><W66/><G66/><T114/><D67/><U61/><E40/><V113/><F41/><W14/><G14/><T64/><D64/><U57/><E61/><V129/><F42/><W53/><G53/><T106/><D125/><U94/><E52/><V33/><F62/><W117/><G117/><T96/><D127/><U20/><E55/><V7/><F32/><W75/><G75/><T5/><D72/><U6/><E46/><V89/><F74/><W11/><G11/><T107/><D47/><U77/><E77/><V19/><F79/><W65/><G65/><T28/><D45/><U111/><E111/><V54/><F54/><RYUUKYOKU ba="0,1" sc="128,-10,485,-10,190,-10,187,30" hai3="9,13,17,70,71,88,90,108,109,110" /><INIT seed="3,1,1,5,1,12" ten="118,475,180,217" oya="3" hai0="18,29,30,80,134,76,100,83,126,3,78,98,135" hai1="72,14,107,39,17,102,21,61,22,0,84,1,79" hai2="54,66,115,129,10,45,7,103,123,77,68,96,58" hai3="28,130,116,53,15,97,60,114,109,65,111,133,35"/><W91/><G114/><T122/><D122/><U52/><E72/><V24/><F115/><W120/><G120/><T94/><D3/><U124/><E39/><V25/><F123/><W50/><G116/><T121/><D121/><U128/><E128/><V26/><F129/><W119/><G119/><T118/><D118/><U40/><E40/><V64/><F77/><W59/><G130/><T36/><D36/><U131/><E124/><V49/><F68/><W108/><G133/><T5/><D5/><U93/><E131/><V55/><F55/><W88/><G15/><T43/><D43/><U87/><E107/><V113/><F45/><W44/><REACH who="3" step="1"/><G97/><REACH who="3" ten="118,475,180,207" step="2"/><T89/><D134/><U63/><E14/><V110/><F113/><W2/><G2/><T81/><D135/><U132/><E0/><V105/><REACH who="2" step="1"/><F110/><REACH who="2" ten="118,475,170,207" step="2"/><W104/><G104/><T56/><D126/><U86/><E132/><V6/><F6/><W112/><G112/><T73/><D73/><U51/><E1/><AGARI ba="1,3" hai="1,7,10,24,25,26,49,54,58,64,66,96,103,105" machi="1" ten="40,1300,0" yaku="1,1,53,0" doraHai="12" doraHaiUra="67" who="2" fromWho="1" sc="118,0,475,-16,170,46,207,0" /><INIT seed="4,0,0,4,5,46" ten="118,459,216,207" oya="0" hai0="114,43,87,104,86,16,9,93,47,18,112,78,25" hai1="99,70,96,57,110,6,5,94,130,4,84,0,59" hai2="118,121,98,89,102,72,39,35,48,126,64,40,109" hai3="79,33,10,124,119,31,53,61,24,14,81,65,38"/><T63/><D104/><U71/><E110/><V49/><F109/><W123/><G119/><T11/><D63/><U77/><E0/><V36/><F121/><W105/><G38/><T34/><D34/><U133/><E133/><V100/><F72/><W15/><G124/><T74/><D74/><U17/><E130/><V50/><F35/><W101/><G53/><T135/><D135/><U52/><E59/><V62/><F89/><W42/><G42/><T122/><D122/><U131/><E131/><V19/><F126/><W106/><G123/><T66/><D66/><U26/><E71/><V115/><F115/><N who="0" m="44074" /><D78/><U132/><E70/><V44/><F118/><W58/><G101/><T125/><D125/><U127/><E127/><V37/><F19/><N who="0" m="7210" /><D25/><U103/><E132/><V97/><F36/><W51/><G106/><T28/><D28/><U83/><E99/><V129/><F129/><W90/><G105/><T20/><D20/><N who="1" m="13583" /><E4/><V116/><F116/><W91/><G33/><T55/><D55/><U113/><E113/><V22/><F22/><W60/><G31/><T12/><D12/><U95/><E95/><V76/><F76/><W27/><G79/><T29/><D29/><U56/><E56/><N who="2" m="36935" /><F37/><W13/><G27/><T45/><D45/><U41/><E41/><V80/><F80/><W111/><G24/><T8/><D93/><U75/><E75/><V7/><F7/><W2/><G111/><T73/><D73/><U85/><E85/><V54/><F54/><N who="3" m="32095" /><G65/><T134/><D134/><U108/><E108/><V32/><F32/><W68/><G68/><T128/><D128/><RYUUKYOKU ba="0,0" sc="118,10,459,10,216,10,207,-30" hai0="8,9,11,43,47,86,87" hai1="5,6,52,57,77,83,84,94,96,103" hai2="39,40,44,48,49,50,97,98,100,102" /><INIT seed="4,1,0,5,3,79" ten="128,469,226,177" oya="0" hai0="116,114,110,99,113,82,118,59,70,119,61,78,73" hai1="132,56,129,126,112,51,115,21,0,89,14,105,10" hai2="32,45,38,76,27,63,17,104,18,109,101,31,48" hai3="127,97,65,28,12,71,106,93,54,130,100,121,41"/><T26/><D70/><U6/><E126/><V117/><F109/><W96/><G41/><T120/><D26/><U57/><E132/><V125/><F125/><W13/><G127/><T98/><D59/><U24/><E129/><V7/><F7/><W102/><G130/><T108/><D61/><U91/><E105/><V66/><F38/><W95/><G106/><T25/><D25/><U36/><E36/><V64/><F64/><W128/><G128/><T69/><D69/><U3/><E3/><V46/><F46/><W123/><G54/><T55/><D55/><N who="1" m="31871" /><E0/><V19/><F76/><W111/><G28/><T49/><D49/><U107/><E107/><V60/><F117/><W68/><REACH who="3" step="1"/><G65/><REACH who="3" ten="128,469,226,167" step="2"/><T20/><D20/><U1/><E21/><V22/><F66/><W50/><G50/><T9/><D9/><U87/><E10/><V30/><F30/><W8/><G8/><T80/><D120/><U83/><E1/><V2/><F2/><W92/><G92/><T134/><D134/><U77/><E57/><V131/><F131/><W42/><G42/><T33/><D33/><U15/><E6/><V52/><REACH who="2" step="1"/><F22/><REACH who="2" ten="128,469,216,167" step="2"/><W124/><G124/><T35/><D35/><U103/><E115/><N who="0" m="44041" /><D82/><U75/><E112/><V84/><F84/><W81/><G81/><T94/><D94/><U67/><E67/><V62/><F62/><W85/><G85/><T47/><D47/><U133/><E133/><V74/><F74/><W58/><G58/><T34/><D34/><U53/><E75/><V11/><F11/><W23/><G23/><T4/><D4/><U43/><E87/><RYUUKYOKU ba="1,2" sc="128,10,469,-30,216,10,167,10" hai0="73,78,80,98,99,108,110,116,118,119" hai2="17,18,19,27,31,32,45,48,52,60,63,101,104" hai3="12,13,68,71,93,95,96,97,100,102,111,121,123" /><INIT seed="4,2,2,5,1,54" ten="138,439,226,177" oya="0" hai0="56,120,22,37,112,105,21,85,38,55,128,107,101" hai1="32,135,127,43,40,83,61,123,79,116,36,133,60" hai2="46,48,7,15,108,53,73,80,70,52,88,109,104" hai3="49,75,24,4,84,33,99,125,10,134,41,58,77"/><T35/><D35/><U42/><E123/><V114/><F104/><W34/><G75/><T119/><D120/><U25/><E116/><V132/><F70/><W27/><G134/><N who="1" m="51210" /><E36/><V0/><F0/><W2/><G125/><T16/><D119/><U126/><E25/><V87/><F132/><W66/><G99/><T124/><D124/><N who="1" m="47659" /><E32/><V39/><F73/><AGARI ba="2,2" hai="40,42,43,60,61,73,79,83" m="47659,51210" machi="73" ten="40,2600,0" yaku="20,1,18,1" doraHai="54" who="1" fromWho="2" sc="138,0,439,52,226,-32,177,0" /><INIT seed="5,0,0,0,3,80" ten="138,491,194,177" oya="1" hai0="121,76,91,23,41,4,127,78,15,45,75,111,10" hai1="68,33,64,36,96,29,83,60,117,123,72,98,70" hai2="21,61,90,131,2,86,132,92,63,67,119,133,95" hai3="13,115,52,58,26,14,59,46,9,31,116,94,103"/><U71/><E117/><V69/><F119/><W0/><G115/><T82/><D111/><U99/><E36/><V30/><F2/><W17/><G0/><T32/><D32/><U48/><E123/><V50/><F131/><W114/><G114/><T47/><D127/><U37/><E37/><V24/><F50/><W35/><G116/><T8/><D121/><U53/><E29/><V57/><REACH who="2" step="1"/><F95/><REACH who="2" ten="138,491,184,177" step="2"/><W54/><G94/><T109/><D109/><U44/><REACH who="1" step="1"/><E33/><REACH who="1" ten="138,481,184,177" step="2"/><V40/><F40/><W34/><G34/><T126/><D41/><U112/><E112/><V7/><F7/><W42/><G42/><T105/><D4/><U38/><E38/><V100/><F100/><W20/><G103/><T81/><D126/><U51/><E51/><V22/><F22/><W108/><G108/><T130/><D23/><U122/><E122/><V113/><F113/><W97/><G35/><T56/><D130/><U79/><AGARI ba="0,2" hai="44,48,53,60,64,68,70,71,72,79,83,96,98,99" machi="79" ten="30,3000,0" yaku="1,1,0,1,53,0" doraHai="80" doraHaiUra="3" who="1" fromWho="1" sc="138,-10,481,50,184,-10,177,-10" /><INIT seed="5,1,0,1,4,1" ten="128,531,174,167" oya="1" hai0="70,125,128,66,11,77,67,62,37,118,90,80,51" hai1="134,61,48,30,23,32,84,113,54,88,98,73,8" hai2="29,103,82,47,132,16,2,129,31,59,43,17,34" hai3="65,12,108,44,119,109,49,92,0,19,130,96,71"/><U120/><E120/><V42/><F132/><W124/><G0/><T24/><D118/><U53/><E73/><V45/><F129/><W60/><G124/><T36/><D125/><U4/><E113/><V100/><F2/><W83/><G83/><T112/><D128/><U20/><E134/><V10/><F59/><W33/><G33/><T63/><D112/><U122/><E122/><V25/><F34/><W106/><G106/><T81/><D51/><U110/><E110/><V28/><F82/><W76/><G76/><T95/><D24/><U115/><E115/><V69/><F69/><W85/><G85/><T38/><D11/><U9/><E98/><V40/><F10/><W127/><G119/><T93/><D80/><U3/><E9/><V35/><F25/><W68/><G68/><T7/><D7/><U87/><E87/><V50/><F50/><W99/><G99/><T15/><D15/><U26/><E61/><V58/><F58/><W86/><G86/><T5/><D5/><U6/><E6/><V135/><F35/><W133/><G127/><T89/><D95/><U39/><E39/><V55/><F55/><N who="3" m="30119" /><G130/><T14/><D93/><U72/><E72/><V126/><F126/><W57/><G133/><T91/><D14/><U131/><E131/><V18/><REACH who="2" step="1"/><F135/><REACH who="2" ten="128,531,164,167" step="2"/><W121/><G71/><T41/><D81/><N who="1" m="49167" /><E48/><V105/><F105/><W111/><G121/><T116/><D116/><U117/><E117/><V46/><AGARI ba="1,1" hai="16,17,18,28,29,31,40,42,43,45,46,47,100,103" machi="46" ten="40,32000,5" yakuman="40" doraHai="1" doraHaiUra="27" who="2" fromWho="2" sc="128,-81,531,-161,164,333,167,-81" /><INIT seed="6,0,0,1,2,18" ten="47,370,497,86" oya="2" hai0="87,57,53,55,116,80,112,56,48,102,52,20,124" hai1="85,27,73,66,63,110,42,0,36,68,90,117,118" hai2="17,65,88,30,8,120,107,100,94,5,81,129,49" hai3="75,54,29,133,51,6,127,123,77,122,67,103,25"/><V132/><F120/><W131/><G131/><T119/><D112/><U37/><E110/><V91/><F132/><W2/><G67/><T19/><D124/><U7/><E73/><V26/><F17/><W24/><G103/><T115/><D102/><U71/><E7/><V84/><F65/><W11/><G25/><T92/><D92/><U114/><E0/><V28/><F49/><W43/><G43/><T10/><D10/><U128/><E128/><V9/><F9/><W108/><G108/><T32/><D32/><U69/><E27/><V101/><F30/><W135/><G77/><T61/><D115/><U134/><E114/><V83/><F83/><W78/><G78/><T105/><D105/><U33/><E33/><V3/><F107/><W13/><G75/><T46/><D57/><U31/><E31/><V82/><F82/><W58/><G127/><T39/><D39/><U70/><E85/><V23/><F129/><W62/><G2/><T74/><D74/><U111/><E90/><V40/><F40/><W44/><G123/><T72/><D72/><U59/><E111/><V86/><AGARI ba="0,0" hai="3,5,8,23,26,28,81,84,86,88,91,94,100,101" machi="86" ten="20,7800,0" yaku="0,1,7,1,52,1,54,1" doraHai="18" who="2" fromWho="2" sc="47,-26,370,-26,497,78,86,-26" /><INIT seed="6,1,0,5,0,47" ten="21,344,575,60" oya="2" hai0="93,89,24,135,1,30,20,57,83,63,124,132,36" hai1="92,8,118,126,80,81,17,109,73,25,127,95,35" hai2="85,5,69,94,116,33,114,13,125,31,23,87,14" hai3="79,38,39,104,103,37,133,60,91,122,56,123,62"/><V98/><F116/><W84/><G79/><T113/><D36/><U120/><E118/><V82/><F69/><W129/><G129/><T27/><D1/><U48/><E109/><V2/><F114/><W58/><G103/><T44/><D113/><U11/><E120/><V78/><F33/><W65/><G104/><T18/><D124/><U52/><E35/><V130/><F125/><W50/><G84/><T102/><D83/><U28/><E25/><V117/><F117/><W100/><G91/><T111/><D111/><U55/><E28/><V112/><F112/><W119/><G100/><T22/><D44/><U101/><E101/><V77/><F130/><W97/><G97/><T9/><D9/><U76/><E76/><V75/><F75/><W67/><G133/><T108/><D108/><U10/><E10/><V70/><F70/><W53/><G119/><T6/><D6/><U71/><E71/><AGARI ba="1,0" hai="37,38,39,50,53,56,58,60,62,65,67,71,122,123" machi="71" ten="40,8000,1" yaku="34,3,52,1" doraHai="47" who="3" fromWho="1" sc="21,0,344,-83,575,0,60,83" /><INIT seed="7,0,0,5,2,99" ten="21,261,575,143" oya="3" hai0="71,77,86,131,10,22,125,35,104,65,19,46,52" hai1="88,63,117,75,24,47,111,9,58,37,1,68,17" hai2="7,109,112,3,6,80,91,4,90,105,81,60,54" hai3="84,43,130,16,70,53,135,41,69,83,15,119,79"/><W108/><G119/><T94/><D104/><U124/><E111/><V38/><F109/><W134/><G108/><T62/><D35/><U39/><E117/><V13/><F38/><W14/><G53/><T44/><D131/><U48/><E68/><V18/><F3/><W102/><G130/><T66/><D125/><U64/><E124/><V96/><F96/><W95/><G15/><T123/><D123/><U49/><E75/><V42/><F42/><W129/><G70/><T97/><D10/><U32/><E48/><V98/><F98/><N who="3" m="59743" /><G69/><T45/><D71/><U76/><E76/><V87/><F105/><W12/><G12/><T72/><D72/><U106/><E106/><V67/><F54/><W92/><G92/><T50/><D86/><U116/><E116/><V27/><F27/><W25/><G25/><T57/><D77/><U120/><E120/><V93/><F93/><W113/><G113/><T118/><D118/><U127/><E127/><V61/><F112/><W0/><G0/><T74/><D74/><U51/><E1/><V30/><F30/><W101/><G129/><T59/><D66/><U114/><E114/><V26/><F67/><W100/><G135/><T29/><D46/><U132/><E132/><V107/><F107/><W82/><G82/><T31/><D31/><U89/><E32/><V115/><F115/><W126/><G126/><T8/><D8/><U33/><E33/><V20/><F26/><W73/><G134/><T40/><D40/><N who="3" m="15433" /><G73/><T34/><D34/><U110/><E110/><V2/><F2/><W56/><G79/><T85/><D65/><RYUUKYOKU ba="0,0" sc="21,-10,261,-10,575,30,143,-10" hai2="4,6,7,13,18,20,60,61,80,81,87,90,91" owari="11,-49.0,251,5.0,605,71.0,133,-27.0" /></mjloggm>