<mjloggm ver="2.3"><GO type="41" lobby="0"/><UN n0="%E8%9D%B6%E8%88%9E" n1="%E3%82%A2%E3%83%89%E3%82%B4%E3%83%8B%E3%83%BC%E3%83%AD%E3%83%AD" n2="%E5%A4%A7%E3%83%88%E3%83%88%E3%83%AD" n3="%E2%93%9D%53%75%70%68%78" dan="14,15,14,18" rate="1937.84,2010.06,2112.33,2123.90" sx="M,M,M,M"/><TAIKYOKU oya="0"/><INIT seed="0,0,0,0,5,29" ten="250,250,250,250" oya="0" hai0="38,35,49,33,58,52,50,65,70,130,88,103,118" hai1="39,1,4,111,62,114,119,41,115,117,93,120,135" hai2="85,127,5,25,87,121,63,67,36,42,125,71,64" hai3="3,134,86,26,123,101,102,32,43,21,73,15,132"/><T53/><D118/><N who="1" m="45067" /><E93/><V92/><F121/><W20/><G43/><T57/><D103/><U76/><E76/><V59/><F5/><W45/><G45/><T2/><D2/><U80/><E80/><V74/><F74/><W122/><G73/><T94/><D130/><U48/><E4/><V90/><F85/><W98/><G15/><T113/><D113/><N who="1" m="43019" /><E1/><V116/><F116/><W28/><G86/><T51/><D38/><U126/><E135/><N who="3" m="51754" /><G102/><T61/><D51/><U79/><E79/><V84/><F84/><AGARI ba="0,0" hai="33,35,49,50,52,53,57,58,61,65,70,84,88,94" machi="84" ten="30,18000,2" yaku="7,1,9,1,52,2,54,2" doraHai="29" who="0" fromWho="2" sc="250,180,250,0,250,-180,250,0" /><INIT seed="0,1,0,2,2,23" ten="430,250,70,250" oya="0" hai0="30,18,74,41,124,103,127,134,66,27,24,21,48" hai1="12,31,14,39,40,121,56,84,51,128,37,120,35" hai2="50,105,60,93,47,1,108,15,133,64,135,129,99" hai3="29,122,106,97,13,72,79,87,53,92,81,89,82"/><T45/><D74/><U62/><E128/><V118/><F129/><W43/><G43/><T0/><D0/><U98/><E84/><V38/><F1/><W119/><G13/><T54/><D134/><U102/><E14/><V4/><F38/><W111/><G53/><T91/><D66/><U131/><E131/><V25/><F105/><W28/><G111/><T52/><D103/><U33/><E12/><V22/><F108/><W6/><G6/><T113/><D113/><U3/><E3/><V70/><F118/><W101/><G119/><T112/><D112/><U59/><E37/><V104/><F104/><W44/><G44/><T61/><D61/><U116/><E39/><V88/><F15/><W94/><G29/><T115/><D115/><U57/><E116/><V85/><F85/><N who="3" m="50351" /><G28/><T109/><D109/><U117/><E117/><V5/><F133/><W73/><G122/><T80/><D91/><U63/><E33/><V20/><F20/><W9/><G9/><T86/><D86/><U32/><E32/><V107/><F107/><W132/><G132/><T95/><D95/><AGARI ba="1,0" hai="72,73,79,82,87,92,94,95,97,101,106" m="50351" machi="95" ten="30,8000,1" yaku="35,5" doraHai="23" who="3" fromWho="0" sc="430,-83,250,0,70,0,250,83" /><INIT seed="1,0,0,2,3,106" ten="347,250,70,333" oya="1" hai0="4,86,67,105,63,15,123,12,60,130,120,59,78" hai1="115,16,10,133,68,104,26,95,46,37,83,40,38" hai2="97,20,117,66,61,21,7,51,125,132,84,36,56" hai3="35,6,112,27,91,72,135,13,114,87,31,77,116"/><U19/><E115/><V134/><F117/><W52/><G135/><T101/><D130/><U43/><E104/><V126/><F7/><W124/><G124/><N who="2" m="47721" /><F97/><W113/><G116/><T30/><D30/><U129/><E129/><V55/><F84/><W5/><G13/><T74/><D74/><U99/><E68/><V82/><F82/><W48/><G77/><T17/><D4/><U94/><E133/><N who="2" m="51307" /><F21/><W98/><G72/><T128/><D128/><U122/><E122/><N who="0" m="46633" /><D63/><U18/><E83/><V34/><F20/><W58/><REACH who="3" step="1"/><G98/><REACH who="3" ten="347,250,70,323" step="2"/><N who="0" m="61623" /><D17/><U44/><E10/><V3/><F3/><W111/><G111/><T79/><D79/><U33/><E99/><V49/><F34/><W93/><AGARI ba="0,1" hai="5,6,27,31,35,48,52,58,87,91,93,112,113,114" machi="93" ten="30,4000,0" yaku="1,1,0,1,54,1,53,0" doraHai="106" doraHaiUra="127" who="3" fromWho="3" sc="347,-10,250,-20,70,-10,323,50" /><INIT seed="2,0,0,1,2,62" ten="337,230,60,373" oya="2" hai0="27,24,26,59,86,134,114,122,109,28,52,55,6" hai1="71,119,112,16,117,58,43,34,95,39,65,60,116" hai2="72,3,46,97,15,125,18,44,20,49,61,89,77" hai3="131,85,96,7,94,10,118,81,0,5,105,73,126"/><V87/><F3/><W132/><G118/><T45/><D122/><U33/><E112/><V80/><F125/><W29/><G131/><T63/><D114/><U48/><E95/><V69/><F97/><W56/><G132/><T100/><D134/><U135/><E135/><V91/><F72/><W129/><G7/><T84/><D109/><U104/><E104/><V19/><F46/><W40/><G29/><T41/><D100/><U111/><E111/><V64/><REACH who="2" step="1"/><F18/><REACH who="2" ten="337,230,50,373" step="2"/><W123/><G126/><T25/><D6/><U9/><E16/><V8/><F8/><W70/><G73/><T35/><REACH who="0" step="1"/><D55/><AGARI ba="0,1" hai="15,19,20,44,49,55,61,64,69,77,80,87,89,91" machi="55" ten="30,5800,0" yaku="1,1,7,1,52,1,53,0" doraHai="62" doraHaiUra="102" who="2" fromWho="0" sc="337,-58,230,0,50,68,373,0" /><INIT seed="2,1,0,5,2,38" ten="279,230,118,373" oya="2" hai0="101,74,107,83,87,21,5,37,33,126,86,125,112" hai1="36,100,28,127,75,130,24,43,106,15,10,2,70" hai2="103,88,16,94,50,134,77,110,111,115,52,62,3" hai3="97,119,20,31,0,124,23,59,81,14,42,129,47"/><V93/><F115/><W109/><G0/><T29/><D37/><U39/><E75/><V79/><F3/><W6/><G109/><N who="2" m="41481" /><F134/><W12/><G124/><N who="0" m="47723" /><D33/><U25/><E2/><V32/><F32/><W123/><G129/><T95/><D5/><U69/><E39/><V7/><F7/><W117/><G123/><T128/><D21/><U64/><E127/><V71/><F103/><W27/><G119/><T98/><D29/><U8/><E24/><V54/><F94/><W61/><G117/><T48/><D48/><U85/><E10/><V105/><F105/><W53/><G23/><T22/><D22/><U57/><E100/><V63/><F16/><W90/><G6/><T45/><D45/><U40/><E106/><V80/><F54/><W131/><G131/><T76/><D128/><U133/><E130/><V60/><F80/><W65/><G53/><T41/><D41/><U35/><E133/><V82/><F82/><W116/><G116/><T17/><D17/><U49/><E36/><V99/><F71/><W67/><G81/><T89/><D112/><U18/><E85/><AGARI ba="1,0" hai="74,76,83,85,86,87,89,95,98,101,107" m="47723" machi="85" ten="30,7700,0" yaku="24,1,18,1,34,2" doraHai="38" who="0" fromWho="1" sc="279,80,230,-80,118,0,373,0" /><INIT seed="3,0,0,3,1,16" ten="359,150,118,373" oya="3" hai0="74,92,44,128,89,106,60,41,115,97,109,77,39" hai1="1,64,4,51,93,42,107,120,29,63,20,66,133" hai2="40,84,99,132,101,126,118,125,33,67,7,70,46" hai3="65,127,36,105,15,6,95,50,83,94,81,87,32"/><W58/><G32/><T121/><D121/><U76/><E107/><V27/><F118/><W131/><G36/><T37/><D115/><U129/><E129/><V10/><F132/><W28/><G127/><T73/><D128/><U59/><E66/><V43/><F84/><W3/><G3/><T100/><D109/><U111/><E111/><V12/><F67/><W56/><G28/><T90/><D39/><U5/><E1/><V88/><F70/><W22/><G105/><T30/><D30/><U23/><E76/><V54/><F54/><W69/><G69/><T19/><D60/><U9/><E133/><V49/><F43/><W17/><G6/><T98/><D19/><U85/><E120/><V108/><F108/><W112/><G112/><T114/><D114/><U11/><E29/><V104/><F33/><W21/><G83/><T2/><D2/><U68/><E68/><V75/><F27/><W13/><G131/><T102/><REACH who="0" step="1"/><D77/><REACH who="0" ten="349,150,118,373" step="2"/><U119/><E119/><V124/><F75/><AGARI ba="0,1" hai="37,41,44,73,74,75,89,90,92,97,98,100,102,106" machi="75" ten="40,2600,0" yaku="1,1,2,1,53,0" doraHai="16" doraHaiUra="24" who="0" fromWho="2" sc="349,36,150,0,118,-26,373,0" /><INIT seed="4,0,0,1,0,11" ten="385,150,92,373" oya="0" hai0="38,123,39,91,84,23,56,52,61,99,24,29,116" hai1="49,132,16,30,18,32,35,81,128,131,40,114,76" hai2="104,0,36,110,88,112,78,65,124,63,31,41,126" hai3="134,55,105,86,28,80,92,87,103,120,17,83,5"/><T43/><D123/><U45/><E132/><V73/><F110/><W33/><G5/><T53/><D116/><U12/><E18/><V98/><F112/><W96/><G33/><T57/><D99/><U20/><E114/><V67/><F0/><W77/><G28/><T64/><D43/><U2/><E2/><V100/><F31/><W42/><G42/><T118/><D118/><U26/><REACH who="1" step="1"/><E32/><REACH who="1" ten="385,140,92,373" step="2"/><V6/><F6/><W85/><G17/><T66/><D38/><U113/><E113/><V117/><F117/><W4/><G4/><T125/><D39/><U68/><E68/><V89/><F124/><W93/><G134/><T127/><D127/><U27/><E27/><V62/><F126/><W58/><G120/><T95/><REACH who="0" step="1"/><D125/><REACH who="0" ten="375,140,92,373" step="2"/><U3/><E3/><V69/><F36/><W75/><REACH who="3" step="1"/><G83/><REACH who="3" ten="375,140,92,363" step="2"/><T60/><AGARI ba="0,3" hai="23,24,29,52,53,56,57,60,61,64,66,84,91,95" machi="60" ten="20,24000,3" yaku="1,1,2,1,0,1,7,1,9,1,8,1,54,1,53,1" doraHai="11" doraHaiUra="90" who="0" fromWho="0" sc="375,270,140,-80,92,-80,363,-80" /><INIT seed="4,1,0,5,3,107" ten="645,60,12,283" oya="0" hai0="21,80,60,132,93,12,57,81,73,55,92,103,52" hai1="9,18,123,31,125,34,61,46,135,44,90,97,51" hai2="5,76,38,28,7,82,134,74,36,112,53,42,16" hai3="119,45,71,108,37,63,121,84,104,43,98,4,64"/><T47/><D73/><U20/><E123/><V131/><F28/><W30/><G84/><T41/><D132/><U94/><E125/><V129/><F134/><W72/><G119/><T87/><D55/><U86/><E135/><V115/><F53/><W23/><G23/><T13/><D80/><U17/><E34/><V58/><F58/><W88/><G108/><T0/><D0/><U48/><E61/><V68/><F68/><W6/><G88/><N who="0" m="51311" /><D103/><N who="1" m="60855" /><E9/><V78/><F16/><N who="1" m="6249" /><E20/><V8/><F78/><W124/><G63/><T102/><D102/><U95/><E31/><V14/><F7/><W59/><G6/><T2/><D2/><U100/><E100/><V33/><F33/><W65/><G4/><T10/><D21/><U114/><E114/><N who="2" m="43563" /><F42/><W19/><G43/><T49/><D12/><U96/><E96/><V50/><F50/><AGARI ba="1,0" hai="44,46,48,50,51,86,90,95" m="6249,60855" machi="50" ten="30,2000,0" yaku="8,1,54,1" doraHai="107" who="1" fromWho="2" sc="645,0,60,23,12,-23,283,0" owari="645,75.0,83,-32.0,-11,-51.0,283,8.0" /></mjloggm>