<mjloggm ver="2.3"><GO type="41" lobby="0"/><UN n0="%73%68%65%76%61%37" n1="%E3%82%A8%E3%83%83%E3%83%95%E3%82%A7%E3%83%AB%E5%A1%94" n2="%E2%93%9D%53%75%70%68%78" n3="%E3%83%A4%E3%82%AE%E3%83%8C%E3%83%9E%EF%BC%88%E6%B5%AA%EF%BC%89" dan="14,15,17,14" rate="1982.58,1985.62,2079.18,1910.92" sx="M,M,M,M"/><TAIKYOKU oya="0"/><INIT seed="0,0,0,1,2,87" ten="250,250,250,250" oya="0" hai0="37,89,123,86,69,95,46,74,21,7,77,119,54" hai1="36,63,107,42,91,55,118,67,47,49,125,0,30" hai2="70,102,53,48,124,27,73,127,23,24,92,135,1" hai3="51,85,90,22,105,68,72,71,88,65,82,6,45"/><T18/><D69/><U34/><E0/><V112/><F73/><W116/><G116/><T83/><D119/><U57/><E118/><V14/><F1/><W81/><G105/><T59/><D123/><U97/><E125/><N who="2" m="48203" /><F70/><W76/><G6/><T19/><D7/><U133/><E133/><V62/><F62/><W4/><G4/><T64/><D64/><U31/><E34/><V41/><F41/><W129/><G71/><T122/><D122/><U61/><E61/><V39/><F39/><W3/><G3/><T78/><D78/><U16/><E107/><V130/><F130/><W80/><G129/><T43/><REACH who="0" step="1"/><D21/><REACH who="0" ten="240,250,250,250" step="2"/><U126/><E126/><V134/><F23/><W128/><G128/><T44/><D44/><U103/><E67/><V108/><F135/><W35/><G68/><T100/><D100/><U25/><E47/><V117/><F102/><W13/><G65/><T120/><D120/><U10/><E103/><V79/><F79/><W131/><G131/><T50/><AGARI ba="0,1" hai="18,19,37,43,46,50,54,59,74,77,83,86,89,95" machi="50" ten="20,12000,1" yaku="1,1,0,1,7,1,52,1,53,1" doraHai="87" doraHaiUra="84" who="0" fromWho="0" sc="240,130,250,-40,250,-40,250,-40" /><INIT seed="0,1,0,3,0,106" ten="370,210,210,210" oya="0" hai0="81,14,117,15,92,134,50,27,94,119,8,63,33" hai1="9,131,7,48,100,127,73,28,95,11,23,59,32" hai2="113,49,53,102,56,5,103,87,43,130,93,90,21" hai3="118,84,96,1,0,71,98,67,70,44,60,86,46"/><T128/><D128/><U12/><E127/><V52/><F113/><W61/><REACH who="3" step="1"/><G67/><REACH who="3" ten="370,210,210,200" step="2"/><T115/><D115/><U47/><E131/><V82/><F130/><W18/><G18/><T51/><D117/><AGARI ba="1,1" hai="0,1,44,46,60,61,70,71,84,86,96,98,117,118" machi="117" ten="25,6400,0" yaku="21,2,22,2,53,0" doraHai="106" doraHaiUra="123" who="3" fromWho="0" sc="370,-67,210,0,210,0,200,77" /><INIT seed="1,0,0,4,0,84" ten="303,210,210,277" oya="1" hai0="1,132,7,17,34,108,55,31,60,24,104,93,127" hai1="4,90,113,73,86,72,36,12,91,62,112,59,67" hai2="44,48,45,41,40,61,135,133,27,82,102,54,83" hai3="78,92,23,49,131,110,43,14,129,9,8,32,30"/><U13/><E36/><V6/><F102/><W89/><G9/><T117/><D104/><U65/><E86/><V76/><F6/><W105/><G30/><T125/><D117/><U134/><E59/><V99/><F99/><W50/><G23/><T115/><D115/><U56/><E56/><V122/><F27/><W100/><G32/><T11/><D60/><U42/><E62/><V123/><F61/><W66/><G66/><T19/><D55/><U98/><E98/><V97/><F97/><N who="3" m="57487" /><G43/><T68/><D93/><U130/><E42/><V10/><F10/><W116/><G116/><T18/><D68/><U81/><E81/><V96/><F96/><N who="3" m="61575" /><G78/><T21/><D108/><U47/><E4/><V103/><F103/><W118/><G118/><T52/><D52/><U2/><E47/><V128/><F54/><W79/><G110/><T22/><D132/><U109/><E134/><V29/><F76/><W77/><G77/><T101/><D101/><U69/><E109/><V39/><F39/><W26/><G26/><T57/><D57/><U114/><E112/><V16/><F48/><W28/><G28/><T53/><D53/><U63/><E63/><V64/><F29/><W35/><G35/><T87/><D34/><U106/><E106/><V88/><F64/><W95/><G95/><T85/><D22/><U3/><E69/><V33/><F33/><W120/><G79/><T71/><D71/><U126/><E126/><AGARI ba="0,0" hai="1,7,11,17,18,19,21,24,31,85,87,125,126,127" machi="126" ten="40,1300,0" yaku="18,1" doraHai="84" who="0" fromWho="1" sc="303,13,210,-13,210,0,277,0" /><INIT seed="2,0,0,1,3,96" ten="316,197,210,277" oya="2" hai0="63,36,31,72,93,28,11,87,24,97,19,121,122" hai1="100,22,35,33,91,130,80,39,92,57,110,27,47" hai2="135,77,105,44,43,54,107,2,56,32,55,68,46" hai3="53,108,73,84,8,94,118,127,25,79,49,23,115"/><V89/><F2/><W48/><G118/><T133/><D72/><U7/><E110/><V74/><F32/><W124/><G108/><T78/><D36/><U42/><E130/><V113/><F68/><W125/><G115/><T5/><D133/><U17/><E7/><V38/><F113/><W14/><G49/><T69/><D31/><U126/><E126/><V16/><F135/><W109/><G109/><T3/><D19/><U71/><E71/><V117/><F117/><W9/><G14/><T20/><D87/><U81/><E80/><V64/><F64/><W41/><G94/><T128/><D78/><U103/><E81/><V18/><F89/><W90/><G41/><T62/><D128/><U66/><E57/><V83/><F44/><N who="3" m="27783" /><G73/><T76/><D76/><U102/><REACH who="1" step="1"/><E66/><REACH who="1" ten="316,187,210,277" step="2"/><V88/><F56/><W98/><G125/><T131/><D131/><U50/><E50/><V85/><F54/><W29/><G127/><T0/><D0/><U134/><E134/><V61/><F55/><W60/><G124/><T1/><D1/><U104/><E104/><V82/><REACH who="2" step="1"/><F61/><REACH who="2" ten="316,187,200,277" step="2"/><W67/><G60/><T99/><D62/><U6/><E6/><V116/><F116/><W95/><G67/><T10/><D63/><U45/><E45/><V119/><F119/><W65/><G65/><T129/><D69/><U123/><E123/><V75/><F75/><W59/><G59/><T52/><D129/><U86/><AGARI ba="0,2" hai="17,22,27,33,35,39,42,47,86,91,92,100,102,103" machi="86" ten="30,12000,2" yaku="1,1,0,1,52,3,53,1" doraHai="96" doraHaiUra="21" who="1" fromWho="1" sc="316,-30,187,140,200,-60,277,-30" /><INIT seed="3,0,0,0,4,65" ten="286,327,140,247" oya="3" hai0="48,3,96,83,20,131,27,51,114,44,127,53,9" hai1="43,37,58,122,135,120,102,101,19,5,41,72,4" hai2="95,46,1,90,78,32,52,100,47,42,85,57,84" hai3="24,119,31,98,28,87,75,66,73,30,14,12,36"/><W15/><G36/><T117/><D117/><U22/><E58/><V39/><F1/><W59/><G119/><T99/><D114/><U76/><E22/><V89/><F32/><W16/><G87/><T55/><D127/><U82/><E19/><V25/><F78/><W21/><G66/><T63/><D131/><U116/><E116/><V91/><F46/><W134/><G134/><T17/><D63/><U79/><E82/><V26/><F100/><W88/><REACH who="3" step="1"/><G59/><REACH who="3" ten="286,327,140,237" step="2"/><T60/><D60/><U62/><E62/><V107/><F85/><W56/><G56/><T132/><D132/><U54/><E135/><V81/><F81/><W38/><G38/><T115/><D83/><U129/><E37/><V13/><F84/><W94/><AGARI ba="0,1" hai="12,14,15,16,21,24,28,30,31,73,75,88,94,98" machi="94" ten="40,12000,1" yaku="1,1,0,1,54,2,53,0" doraHai="65" doraHaiUra="123" who="3" fromWho="3" sc="286,-40,327,-40,140,-40,237,130" /><INIT seed="3,1,0,4,2,134" ten="246,287,100,367" oya="3" hai0="116,104,123,52,72,85,114,63,75,65,11,127,26" hai1="70,46,97,110,121,101,29,103,135,8,117,27,47" hai2="36,96,62,89,39,68,112,73,56,76,115,98,124" hai3="107,67,120,16,94,57,51,32,111,58,21,40,80"/><W33/><G107/><T91/><D104/><U50/><E121/><V18/><F68/><W17/><G120/><T25/><D116/><U119/><E135/><V30/><F30/><W95/><G80/><T66/><D123/><U109/><E8/><V34/><F34/><W48/><G40/><T9/><D114/><U7/><E7/><V132/><F132/><W20/><G111/><N who="1" m="42506" /><E70/><V105/><F105/><W90/><G90/><T15/><D15/><U49/><E49/><V99/><F89/><W35/><G33/><T74/><D91/><U37/><E37/><V60/><F18/><W61/><G61/><T92/><D74/><U28/><E28/><V4/><F4/><W125/><G67/><T102/><D63/><U44/><E50/><V79/><F96/><W38/><G125/><T81/><D102/><N who="1" m="38923" /><E97/><V131/><F73/><W106/><REACH who="3" step="1"/><G106/><REACH who="3" ten="246,287,100,357" step="2"/><T22/><D75/><U126/><E126/><V82/><F124/><W24/><G24/><T71/><D72/><U108/><E108/><V129/><REACH who="2" step="1"/><F82/><REACH who="2" ten="246,287,90,357" step="2"/><W0/><G0/><T84/><D81/><U43/><E43/><V45/><F45/><W42/><G42/><T1/><D127/><U113/><E113/><V128/><F128/><W88/><G88/><T54/><D1/><U19/><E47/><V13/><F13/><W12/><G12/><T59/><D71/><U87/><E46/><V78/><F78/><W130/><G130/><T31/><D31/><U55/><E29/><V133/><F133/><W118/><G118/><T6/><D6/><U10/><E117/><V77/><F77/><W53/><G53/><RYUUKYOKU ba="1,2" sc="246,-15,287,-15,90,15,357,15" hai2="36,39,56,60,62,76,79,98,99,112,115,129,131" hai3="16,17,20,21,32,35,38,48,51,57,58,94,95" /><INIT seed="3,2,2,1,2,97" ten="231,272,105,372" oya="3" hai0="117,123,53,62,38,120,58,21,93,110,122,32,5" hai1="47,113,10,72,84,115,23,35,124,37,31,107,30" hai2="135,108,63,100,24,61,133,55,13,89,112,16,82" hai3="45,85,20,48,19,6,78,67,80,106,91,51,17"/><W54/><G6/><T26/><D32/><U0/><E23/><V116/><F112/><W77/><G106/><T99/><D117/><U105/><E84/><N who="2" m="50327" /><F116/><W44/><G67/><T132/><D38/><U7/><E124/><V22/><F108/><W74/><G19/><T68/><D110/><U75/><E35/><V96/><F55/><W127/><G74/><T43/><D43/><U134/><E134/><N who="2" m="51211" /><F13/><N who="3" m="9263" /><G127/><T34/><D132/><U49/><E37/><V111/><F111/><W65/><G65/><T57/><D34/><U46/><E0/><V90/><F90/><W81/><G80/><T114/><D114/><U59/><E115/><V27/><F24/><W33/><G33/><T130/><D120/><U128/><E113/><V64/><F64/><W101/><G51/><T4/><D123/><U39/><E49/><V52/><F52/><W119/><G119/><T25/><D122/><U83/><E39/><V73/><F73/><W9/><G45/><T12/><D53/><U56/><E47/><V50/><F50/><W118/><G118/><T71/><D5/><U29/><E72/><V94/><AGARI ba="2,2" hai="16,22,27,61,63,94,96,100" m="51211,50327" machi="94" ten="30,4000,0" yaku="20,1,52,1,54,1" doraHai="97" who="2" fromWho="2" sc="231,-12,272,-12,105,66,372,-22" /><INIT seed="4,0,0,3,1,41" ten="219,260,171,350" oya="0" hai0="126,0,128,135,101,108,11,133,96,116,46,107,18" hai1="33,102,47,56,60,66,52,36,77,79,86,62,63" hai2="16,29,121,89,38,81,3,76,120,78,40,22,104" hai3="131,134,12,73,69,75,127,122,32,51,82,39,44"/><T26/><D116/><U4/><E33/><V31/><F3/><W98/><G39/><T111/><D126/><U115/><E4/><V106/><F89/><W91/><G69/><T100/><D100/><U117/><E117/><V37/><F40/><W13/><G32/><T132/><D128/><U119/><E119/><V74/><F22/><W35/><G35/><T112/><D112/><U30/><E30/><V58/><F58/><W110/><G122/><T88/><D0/><U48/><E115/><V9/><F81/><W72/><G127/><T87/><D46/><U68/><E102/><V118/><F118/><W42/><G134/><T24/><D11/><U50/><E36/><V123/><F121/><W53/><G110/><N who="0" m="42027" /><D18/><U99/><E99/><V125/><F125/><W65/><G98/><T105/><D105/><U90/><E68/><V27/><F9/><W64/><G42/><T55/><D55/><N who="1" m="30111" /><E66/><V94/><F120/><W109/><G131/><T92/><AGARI ba="0,0" hai="24,26,87,88,92,96,101,107,132,133,135" m="42027" machi="92" ten="40,7800,0" yaku="20,1,10,1,54,1" doraHai="41" who="0" fromWho="0" sc="219,78,260,-26,171,-26,350,-26" /><INIT seed="4,1,0,1,2,33" ten="297,234,145,324" oya="0" hai0="34,9,77,98,126,73,48,46,130,124,106,128,13" hai1="79,96,23,120,103,2,99,91,78,112,28,89,8" hai2="119,123,60,24,81,53,100,54,101,121,70,51,17" hai3="0,86,135,5,21,88,45,62,39,76,109,35,74"/><T67/><D34/><U25/><E120/><V52/><F119/><W65/><G109/><T26/><D26/><U15/><E99/><V94/><F51/><W61/><G74/><T90/><D67/><U71/><E71/><V7/><F81/><W37/><G76/><T115/><D115/><U127/><E127/><N who="0" m="48681" /><D77/><U64/><E2/><V56/><F70/><W10/><G65/><T50/><D73/><U22/><E22/><V87/><F7/><W42/><G37/><T43/><D50/><U117/><E117/><V4/><F4/><W80/><G35/><T6/><D90/><U66/><E66/><V131/><F123/><W57/><G135/><T95/><D95/><U114/><E64/><V16/><F121/><W29/><G57/><T108/><D108/><U68/><E68/><V107/><F107/><W122/><G122/><T58/><D58/><U105/><E79/><V19/><F24/><W75/><G62/><T27/><D27/><U63/><E63/><V14/><F131/><N who="0" m="50218" /><D98/><U18/><E78/><V36/><F36/><W11/><G75/><T83/><D83/><U116/><E116/><V85/><F94/><W125/><G125/><T84/><D84/><N who="2" m="32330" /><F14/><W59/><G39/><T118/><D118/><U82/><E82/><V129/><F129/><W3/><G80/><T72/><D72/><U38/><E38/><V104/><F104/><AGARI ba="1,0" hai="6,9,13,43,46,48,104,106" m="50218,48681" machi="104" ten="30,2900,0" yaku="18,1,19,1" doraHai="33" who="0" fromWho="2" sc="297,32,234,0,145,-32,324,0" /><INIT seed="4,2,0,4,0,91" ten="329,234,113,324" oya="0" hai0="125,45,37,99,112,63,83,129,43,79,90,126,49" hai1="24,92,22,121,36,57,7,76,68,109,6,107,123" hai2="62,27,101,74,113,132,116,124,25,20,15,87,88" hai3="61,114,97,9,41,0,78,106,75,117,122,135,1"/><T119/><D119/><U34/><E107/><V11/><F74/><W102/><G117/><T39/><D129/><U17/><E68/><V52/><F116/><W127/><G41/><T42/><D112/><U55/><E109/><V13/><F113/><W10/><G10/><T5/><D5/><U69/><E69/><V51/><F132/><W44/><G61/><T115/><D115/><U80/><E36/><V18/><F101/><W54/><G54/><T26/><D26/><U40/><E40/><V16/><F124/><N who="0" m="47722" /><D63/><U14/><E34/><V94/><F62/><W23/><G0/><T60/><D60/><U104/><E104/><V133/><F133/><W72/><G135/><T19/><D19/><U33/><E33/><V130/><F130/><W67/><G114/><T82/><D43/><U81/><E24/><V111/><F111/><W38/><G127/><T46/><D46/><AGARI ba="2,0" hai="11,13,15,16,18,20,25,27,46,51,52,87,88,94" machi="46" ten="30,12000,2" yaku="7,1,8,1,52,1,54,3" doraHai="91" who="2" fromWho="0" sc="329,-126,234,0,113,126,324,0" /><INIT seed="5,0,0,4,0,101" ten="203,234,239,324" oya="1" hai0="93,50,121,63,70,107,17,19,108,45,92,13,119" hai1="134,65,126,64,117,91,73,135,133,82,37,67,78" hai2="116,18,110,125,113,100,132,57,87,33,9,21,40" hai3="27,128,122,24,83,85,61,129,42,34,123,55,28"/><U3/><E117/><V38/><F116/><W23/><G42/><T1/><D1/><U104/><E3/><V74/><F110/><W29/><G55/><T41/><D108/><U20/><E126/><V53/><F74/><W47/><G61/><T94/><D119/><U79/><E37/><V105/><F33/><W109/><G47/><T52/><D121/><U114/><E114/><V88/><F132/><W12/><G109/><T51/><D107/><U71/><E79/><V96/><F9/><W118/><G83/><T98/><D70/><U130/><E130/><N who="3" m="50282" /><G85/><T111/><D63/><U15/><E91/><V124/><F40/><W106/><G106/><T62/><D62/><U44/><E44/><V127/><F38/><W76/><G76/><T77/><D77/><U0/><E104/><V60/><F113/><W2/><G2/><T43/><D111/><U66/><E0/><V112/><F112/><W131/><G118/><T14/><D98/><U11/><E67/><V102/><F96/><W90/><G90/><T86/><D86/><U26/><E71/><V22/><F105/><W5/><G131/><T99/><D99/><U115/><E115/><V97/><F97/><W10/><AGARI ba="0,0" hai="5,10,12,23,24,27,28,29,34,122,123" m="50282" machi="10" ten="30,4000,0" yaku="19,1,34,2" doraHai="101" who="3" fromWho="3" sc="203,-10,234,-20,239,-10,324,40" /><INIT seed="6,0,0,5,3,115" ten="193,214,229,364" oya="2" hai0="42,109,28,78,84,134,69,121,123,64,68,6,66" hai1="7,65,26,53,57,41,114,63,2,33,10,120,73" hai2="94,104,70,11,106,20,32,118,15,113,16,0,17" hai3="89,25,30,29,77,132,35,108,24,46,23,52,45"/><V81/><F70/><W85/><G132/><T135/><D28/><U90/><E114/><V127/><F113/><W60/><G108/><T107/><D107/><U119/><E120/><N who="0" m="46153" /><D6/><U67/><E119/><V9/><F118/><W76/><G46/><T27/><D27/><U105/><E73/><V117/><F117/><W102/><G102/><T31/><D31/><U86/><E105/><V38/><F38/><W87/><G87/><T5/><D5/><U3/><E3/><V34/><F94/><W50/><G60/><T1/><D1/><U82/><E41/><V14/><F0/><W99/><G99/><T80/><D42/><U91/><E33/><V22/><REACH who="2" step="1"/><F81/><AGARI ba="0,0" hai="23,24,25,29,30,35,45,50,52,76,77,81,85,89" machi="81" ten="30,2000,0" yaku="7,1,54,1" doraHai="115" who="3" fromWho="2" sc="193,0,214,0,229,-20,364,20" /><INIT seed="7,0,0,5,3,56" ten="193,214,209,384" oya="3" hai0="65,2,129,21,63,104,90,99,43,92,95,78,6" hai1="37,47,91,111,72,44,135,110,5,13,100,60,87" hai2="34,68,39,80,131,128,18,36,48,9,52,59,15" hai3="93,134,120,109,113,28,124,40,11,17,55,125,0"/><W23/><G109/><T35/><D35/><U38/><E72/><V31/><F68/><W76/><G28/><T123/><D123/><U117/><E100/><V7/><F80/><W33/><G0/><T27/><D129/><N who="2" m="49738" /><F7/><W107/><G55/><T127/><D127/><U16/><E5/><V82/><F82/><W84/><G11/><T116/><D116/><U29/><E29/><V54/><F54/><W126/><G76/><T97/><D104/><U69/><E47/><V79/><F79/><W71/><G84/><T53/><D53/><U26/><E44/><V41/><F41/><W30/><G40/><T133/><D43/><U89/><E117/><V1/><F1/><W25/><G107/><T32/><D78/><U130/><E130/><V101/><F101/><W58/><G120/><T75/><D75/><U102/><E102/><V3/><F3/><W122/><G71/><T81/><D81/><U22/><E111/><V51/><F48/><W64/><G122/><T74/><D74/><U61/><E69/><V46/><F46/><W98/><G125/><T49/><D32/><U121/><E110/><V10/><F10/><W8/><G33/><T50/><D6/><U96/><E121/><V132/><F132/><W4/><G134/><T112/><D2/><U19/><E135/><V86/><F86/><W14/><G126/><T85/><D133/><U88/><E87/><V108/><F108/><W119/><G124/><T24/><D112/><U73/><E73/><V118/><F118/><W62/><G119/><T66/><D50/><U115/><E115/><V114/><F114/><RYUUKYOKU ba="0,0" sc="193,-10,214,-10,209,30,384,-10" hai2="9,15,18,31,34,36,39,51,52,59" owari="183,-32.0,204,-20.0,239,4.0,374,48.0" /></mjloggm>