<mjloggm ver="2.3"><GO type="41" lobby="0"/><UN n0="%E2%93%9D%53%75%70%68%78" n1="%28%E9%83%A8%E9%95%B7%29" n2="%E8%92%BC%E6%9C%88%31%30%30" n3="%4F%72%61%6E%67%65%78" dan="18,15,13,14" rate="2066.45,2115.00,1868.98,1989.56" sx="M,M,M,M"/><TAIKYOKU oya="0"/><INIT seed="0,0,0,3,0,28" ten="250,250,250,250" oya="0" hai0="61,21,103,23,2,13,127,117,85,7,92,38,54" hai1="34,67,125,55,135,15,99,22,97,93,6,73,70" hai2="18,86,64,118,66,87,81,131,12,46,37,116,69" hai3="51,35,19,72,42,20,122,79,62,132,102,120,31"/><T111/><D117/><U94/><E73/><V32/><F131/><W48/><G132/><T114/><D2/><U89/><E125/><V82/><F37/><W74/><G102/><T56/><D114/><U112/><E135/><V49/><F32/><W106/><G106/><T110/><D38/><U50/><E70/><V95/><F95/><W40/><G62/><T5/><D127/><U121/><E121/><N who="3" m="46698" /><G35/><T68/><D68/><U58/><E34/><V29/><F29/><W45/><G31/><T96/><D85/><U1/><E67/><V10/><F118/><W25/><G79/><T24/><D13/><U27/><E1/><V84/><F116/><W8/><G8/><T17/><REACH who="0" step="1"/><D23/><REACH who="0" ten="240,250,250,250" step="2"/><U101/><E112/><V71/><F71/><W134/><G134/><T129/><D129/><U124/><E124/><V88/><F69/><W11/><G11/><T14/><D14/><U60/><E15/><V57/><F87/><W36/><G36/><T113/><D113/><U133/><E133/><V78/><REACH who="2" step="1"/><F57/><REACH who="2" ten="240,250,240,250" step="2"/><W4/><G72/><T130/><D130/><U98/><E98/><V109/><F109/><AGARI ba="0,2" hai="5,7,17,21,24,54,56,61,92,96,103,109,110,111" machi="109" ten="40,7700,0" yaku="1,1,14,1,10,1,53,0" doraHai="28" doraHaiUra="100" who="0" fromWho="2" sc="240,97,250,0,240,-77,250,0" /><INIT seed="0,1,0,1,4,122" ten="337,250,163,250" oya="0" hai0="44,29,90,22,91,4,124,116,132,102,88,15,5" hai1="49,31,7,135,71,6,8,18,56,74,11,10,27" hai2="101,60,32,35,125,78,53,126,54,98,9,82,133" hai3="93,99,41,43,83,134,104,59,64,50,0,109,73"/><T113/><D113/><U96/><E74/><V12/><F133/><W117/><G0/><T16/><D116/><U100/><E71/><V76/><F76/><W28/><G117/><T111/><D132/><U62/><E49/><V68/><F68/><W24/><G104/><T107/><D124/><N who="2" m="47722" /><F60/><W42/><G134/><T84/><D111/><U112/><E112/><V86/><F35/><W110/><G83/><T106/><D106/><U38/><E38/><V25/><F25/><W45/><G73/><T87/><D29/><U72/><E72/><V118/><F32/><W2/><G2/><T13/><D102/><U36/><E36/><V55/><F118/><W20/><G64/><T131/><D131/><U127/><E18/><N who="2" m="8463" /><F55/><W1/><G1/><T120/><D120/><U33/><E135/><V34/><F34/><W17/><G59/><T95/><D107/><AGARI ba="1,0" hai="53,54,78,82,86,98,101,107" m="8463,47722" machi="107" ten="30,1000,0" yaku="18,1" doraHai="122" who="2" fromWho="0" sc="337,-13,250,0,163,13,250,0" /><INIT seed="1,0,0,4,1,112" ten="324,250,176,250" oya="1" hai0="15,120,79,33,118,65,16,55,134,94,10,107,64" hai1="119,31,17,80,101,128,81,14,42,39,104,98,48" hai2="74,21,78,92,72,3,4,129,100,77,60,131,12" hai3="47,83,13,76,32,84,70,36,108,9,56,90,113"/><U88/><E39/><V68/><F3/><W63/><G32/><T75/><D107/><U5/><E31/><V49/><F49/><W130/><G113/><T29/><D118/><U26/><E128/><V67/><F92/><W89/><G70/><T20/><D134/><U135/><E26/><V43/><F100/><W103/><G130/><N who="2" m="49673" /><F43/><W87/><G108/><T116/><D116/><U54/><E5/><V122/><F122/><W82/><G103/><T8/><D94/><U34/><E34/><V57/><F57/><W114/><G114/><T86/><D75/><U105/><E105/><V85/><F85/><W102/><G102/><T2/><D120/><U132/><E42/><V24/><F12/><W96/><G47/><T35/><D2/><U19/><E19/><N who="2" m="12351" /><F4/><N who="3" m="3239" /><G36/><T25/><D35/><U23/><E119/><V126/><F126/><W44/><G44/><T0/><D0/><U28/><E28/><V73/><AGARI ba="0,0" hai="60,67,68,72,73,74,77,78" m="12351,49673" machi="73" ten="40,1500,0" yaku="19,1" doraHai="112" who="2" fromWho="2" sc="324,-4,250,-7,176,15,250,-4" /><INIT seed="2,0,0,3,3,20" ten="320,243,191,246" oya="2" hai0="117,10,62,40,53,29,118,27,99,21,50,54,106" hai1="77,80,0,61,42,31,67,97,123,71,72,11,73" hai2="58,107,121,25,134,105,56,70,120,34,14,51,1" hai3="79,129,114,78,127,75,84,18,66,30,32,94,65"/><V17/><F70/><W12/><G129/><T55/><D10/><U132/><E132/><V101/><F1/><W116/><G116/><N who="0" m="44651" /><D62/><U110/><E110/><V131/><F58/><W115/><G127/><T111/><D111/><U108/><E108/><V59/><F59/><W86/><G75/><T36/><D36/><U43/><E73/><V6/><F6/><W82/><G32/><T33/><D40/><U113/><E113/><V45/><F56/><W85/><G30/><T3/><D3/><U135/><E135/><V9/><F134/><W69/><G94/><T109/><D109/><U47/><E123/><V91/><F91/><W128/><G69/><T102/><D33/><U37/><E42/><V35/><F131/><W39/><G39/><T98/><D98/><U48/><E97/><V126/><F126/><W93/><G128/><T49/><AGARI ba="0,0" hai="21,27,29,49,50,53,54,55,99,102,106" m="44651" machi="49" ten="40,2700,0" yaku="12,1,52,1" doraHai="20" who="0" fromWho="0" sc="320,27,243,-7,191,-13,246,-7" /><INIT seed="3,0,0,5,5,86" ten="347,236,178,239" oya="3" hai0="92,41,50,58,128,123,13,113,16,124,77,59,21" hai1="79,82,131,57,0,87,60,118,8,5,97,29,33" hai2="70,7,101,96,127,51,102,22,39,103,66,120,53" hai3="99,116,75,48,15,126,55,111,37,129,52,73,117"/><W80/><G37/><T38/><D123/><U94/><E118/><V28/><F39/><W18/><G129/><T27/><D124/><U71/><E131/><V20/><F127/><W6/><G126/><T98/><D128/><U56/><E33/><V40/><F40/><W93/><G6/><T14/><D113/><U109/><E29/><V46/><F120/><W122/><G122/><T9/><D77/><U81/><E109/><V17/><F7/><W95/><G111/><T72/><D72/><U89/><E71/><V90/><F66/><W78/><G75/><T74/><D14/><U115/><E115/><V19/><F70/><W64/><G64/><T32/><D32/><U11/><E11/><V108/><F108/><W43/><G43/><T110/><D74/><U3/><E3/><V24/><F20/><W91/><G93/><AGARI ba="0,0" hai="17,19,22,24,28,46,51,53,90,93,96,101,102,103" machi="93" ten="40,2600,0" yaku="8,1,52,1" doraHai="86" who="2" fromWho="3" sc="347,0,236,0,178,26,239,-26" /><INIT seed="4,0,0,2,0,39" ten="347,236,204,213" oya="0" hai0="126,3,81,59,97,0,86,47,12,89,121,84,17" hai1="74,41,98,100,53,128,73,109,115,94,78,93,131" hai2="21,55,44,24,132,116,29,83,134,135,19,6,15" hai3="96,31,91,46,8,85,61,1,125,111,66,49,7"/><T26/><D126/><U40/><E109/><V76/><F116/><W79/><G111/><T130/><D130/><N who="1" m="49707" /><E115/><V123/><F123/><W122/><G122/><T102/><D121/><U45/><E78/><V82/><F6/><W113/><G113/><T48/><D59/><U104/><E53/><V67/><F67/><W71/><G125/><T4/><D26/><U10/><E10/><V30/><F76/><W65/><G79/><T108/><D86/><U56/><E56/><V80/><F15/><W16/><G96/><T37/><D37/><U54/><E54/><V69/><F69/><W34/><G66/><T110/><D4/><U20/><E20/><V77/><F77/><W18/><G31/><T114/><D114/><U63/><E63/><V27/><F24/><W119/><G34/><T64/><D64/><U90/><E104/><V35/><F35/><W11/><G119/><T92/><D110/><U50/><E40/><V107/><F107/><W5/><G85/><AGARI ba="0,0" hai="41,45,50,73,74,85,90,93,94,98,100" m="49707" machi="85" ten="30,2000,0" yaku="19,1,52,1" doraHai="39" who="1" fromWho="3" sc="347,0,236,20,204,0,213,-20" /><INIT seed="5,0,0,1,2,33" ten="347,256,204,193" oya="1" hai0="64,111,25,119,38,39,120,2,106,125,135,116,70" hai1="49,10,102,52,9,82,32,28,107,45,129,104,71" hai2="89,110,56,128,105,130,95,76,60,51,19,21,5" hai3="48,97,74,115,14,99,126,15,6,78,117,18,62"/><U73/><E129/><N who="2" m="49771" /><F110/><W132/><G115/><T81/><D25/><U113/><E113/><V98/><F105/><W69/><G117/><T40/><D81/><U1/><E71/><V42/><F76/><W4/><G126/><T94/><D135/><U90/><E32/><V44/><F5/><W12/><G132/><T47/><D94/><U24/><E102/><V101/><F101/><W46/><G78/><T59/><D120/><U0/><E104/><V100/><F100/><W58/><G74/><T67/><D125/><U17/><E107/><V121/><F121/><W53/><G69/><T65/><D111/><U123/><E9/><V35/><F35/><W83/><G83/><T7/><D70/><U11/><E11/><V29/><F29/><W133/><G133/><T3/><D7/><U27/><E123/><V84/><F98/><N who="3" m="37387" /><G18/><T36/><D106/><U93/><E73/><V77/><F77/><W61/><G61/><T34/><D34/><U92/><E92/><V23/><F19/><W20/><G20/><T85/><D119/><U114/><E114/><V124/><F124/><W68/><G68/><T66/><D116/><U22/><E93/><V80/><F95/><W87/><G87/><T54/><D85/><N who="1" m="50487" /><E27/><V30/><F30/><W108/><G108/><T79/><D79/><U41/><E41/><AGARI ba="0,0" hai="4,6,12,14,15,41,46,48,53,58,62" m="37387" machi="41" ten="30,1000,0" yaku="8,1" doraHai="33" who="3" fromWho="1" sc="347,0,256,-10,204,0,193,10" /><INIT seed="6,0,0,3,4,93" ten="347,246,204,203" oya="2" hai0="126,12,125,29,35,48,73,49,97,4,90,132,100" hai1="60,123,131,116,68,106,30,17,109,51,61,9,31" hai2="118,2,130,39,133,33,80,104,44,69,87,22,65" hai3="72,26,58,111,92,124,37,128,0,47,25,63,53"/><V59/><F118/><W7/><G111/><T15/><D132/><U122/><E116/><V38/><F33/><W74/><G128/><T114/><D114/><U103/><E109/><V14/><F69/><W24/><G124/><N who="0" m="47723" /><D90/><U18/><E131/><V13/><F2/><W99/><G0/><T5/><D73/><U101/><E51/><N who="0" m="19529" /><D29/><N who="1" m="10763" /><E68/><V78/><F104/><W32/><G7/><N who="0" m="2635" /><D35/><U52/><E106/><AGARI ba="0,0" hai="12,15,97,100,106" m="2635,19529,47723" machi="106" ten="30,2000,0" yaku="18,1,52,1" doraHai="93" who="0" fromWho="1" sc="347,20,246,-20,204,0,203,0" /><INIT seed="7,0,0,2,2,28" ten="367,226,204,203" oya="3" hai0="61,73,101,118,86,112,108,14,115,95,113,47,37" hai1="81,116,123,56,129,0,58,34,79,24,117,23,33" hai2="67,124,76,6,78,107,46,29,127,55,75,130,10" hai3="77,2,126,120,3,27,59,72,111,66,92,89,69"/><W63/><G120/><T41/><D108/><U31/><E123/><V105/><F130/><W39/><G39/><T51/><D73/><U128/><E0/><V16/><F67/><W90/><G111/><T5/><D118/><N who="1" m="45675" /><E56/><V60/><F16/><W42/><G126/><N who="2" m="48169" /><F29/><W132/><G132/><T64/><D101/><U25/><E58/><N who="2" m="34911" /><F46/><W30/><G42/><T17/><D95/><U133/><E133/><V52/><F52/><W91/><G69/><N who="0" m="42127" /><D86/><N who="1" m="48447" /><E25/><V121/><F121/><W18/><G18/><T134/><D134/><U80/><E80/><N who="2" m="45087" /><F78/><W1/><G77/><T21/><D5/><U38/><E38/><AGARI ba="0,0" hai="14,17,21,37,38,41,47,51,112,113,115" m="42127" machi="38" ten="30,2000,0" yaku="15,1,11,1" doraHai="28" who="0" fromWho="1" sc="367,20,226,-20,204,0,203,0" owari="387,49.0,206,1.0,204,-20.0,203,-30.0" /></mjloggm>