<mjloggm ver="2.3"><GO type="41" lobby="0"/><UN n0="%E3%82%84%E3%81%BE%EF%BD%9A%EF%BD%8B" n1="%E3%81%8F%E3%81%AB%E3%81%8A%E5%90%9B" n2="%E2%93%9D%53%75%70%68%78" n3="%E3%83%9E%E3%83%AB%E3%82%AA%E3%80%82" dan="14,14,18,14" rate="1955.87,2011.65,2084.46,1909.52" sx="M,M,M,M"/><TAIKYOKU oya="0"/><INIT seed="0,0,0,4,2,71" ten="250,250,250,250" oya="0" hai0="126,83,109,127,29,128,62,42,33,21,54,98,65" hai1="84,132,106,70,110,30,135,122,34,59,50,123,11" hai2="102,82,17,4,49,6,20,85,32,9,35,76,67" hai3="44,104,8,37,36,125,19,121,46,113,96,10,88"/><T81/><D33/><U124/><E106/><V47/><F6/><W80/><G113/><T112/><D112/><U1/><E70/><V2/><F67/><W3/><G125/><N who="0" m="47627" /><D128/><U91/><E124/><V95/><F102/><W7/><G121/><T79/><D109/><U74/><E74/><V43/><REACH who="2" step="1"/><F95/><REACH who="2" ten="250,250,240,250" step="2"/><W53/><G7/><T41/><D98/><U78/><E1/><V75/><F75/><W89/><G96/><T118/><D83/><U133/><E133/><V87/><F87/><W52/><G80/><T69/><D118/><U130/><E84/><V117/><F117/><W57/><G3/><T12/><D81/><U68/><E132/><V61/><F61/><W64/><G64/><T90/><D90/><U134/><E91/><V111/><F111/><W26/><G104/><T55/><D79/><U5/><E78/><V0/><F0/><W93/><G93/><T25/><D12/><AGARI ba="0,1" hai="2,4,9,12,17,20,32,35,43,47,49,76,82,85" machi="12" ten="30,2000,0" yaku="1,1,7,1,53,0" doraHai="71" doraHaiUra="101" who="2" fromWho="0" sc="250,-20,250,0,240,30,250,0" /><INIT seed="1,0,0,5,3,31" ten="230,250,270,250" oya="1" hai0="10,97,112,25,28,33,99,5,94,134,88,47,53" hai1="130,135,107,93,87,24,13,37,54,19,15,123,79" hai2="101,98,1,75,36,114,8,81,119,67,70,20,61" hai3="120,14,44,72,86,18,11,43,131,104,49,108,124"/><U128/><E107/><V129/><F119/><W100/><G72/><T103/><D134/><U83/><E123/><V41/><F20/><W105/><G120/><T17/><D17/><U102/><E135/><V111/><F111/><W38/><G108/><T40/><D53/><U0/><E0/><V63/><F63/><W113/><G113/><T48/><D112/><U73/><E37/><V77/><F129/><N who="1" m="49769" /><E54/><V4/><F114/><W74/><G74/><T89/><REACH who="0" step="1"/><D99/><REACH who="0" ten="220,250,270,250" step="2"/><N who="1" m="59759" /><E73/><V80/><F75/><W92/><G131/><T132/><D132/><U121/><E121/><V118/><F118/><W56/><G18/><T65/><D65/><U3/><E3/><AGARI ba="0,1" hai="3,5,10,25,28,33,40,47,48,88,89,94,97,103" machi="3" ten="30,7700,0" yaku="1,1,7,1,52,1,54,1,53,0" doraHai="31" doraHaiUra="64" who="0" fromWho="1" sc="220,87,250,-77,270,0,250,0" /><INIT seed="2,0,0,0,3,51" ten="307,173,270,250" oya="2" hai0="11,5,113,17,13,9,105,69,92,116,111,35,121" hai1="18,98,83,79,39,80,55,134,37,84,48,91,66" hai2="34,16,77,41,64,32,70,74,129,120,128,119,130" hai3="131,95,20,101,76,31,125,52,1,65,127,126,6"/><V8/><F120/><W85/><G131/><T78/><D105/><U44/><E134/><V40/><F119/><W61/><G6/><T62/><D35/><N who="2" m="13354" /><F64/><W133/><G1/><T58/><D69/><U72/><E98/><V12/><F70/><W4/><G4/><T100/><D121/><U135/><E135/><V36/><F36/><W112/><G133/><T108/><D116/><U3/><E3/><V29/><F29/><W42/><G42/><N who="2" m="16489" /><F77/><W81/><G112/><T71/><D113/><U117/><E117/><V114/><F114/><W122/><G122/><T47/><D47/><U82/><E82/><V99/><F99/><N who="3" m="59647" /><G65/><T63/><D78/><U28/><E28/><V10/><F10/><W88/><G76/><T107/><D107/><U54/><E66/><V118/><F118/><W24/><G61/><T104/><D104/><U59/><REACH who="1" step="1"/><E18/><REACH who="1" ten="307,163,270,250" step="2"/><V23/><F74/><W2/><G2/><N who="0" m="183" /><D92/><U50/><AGARI ba="0,1" hai="37,39,44,48,50,54,55,59,72,79,80,83,84,91" machi="50" ten="20,12000,2" yaku="1,1,0,1,7,1,52,2,53,1" doraHai="51" doraHaiUra="86" who="1" fromWho="1" sc="307,-30,163,130,270,-60,250,-30" /><INIT seed="3,0,0,5,3,90" ten="277,293,210,220" oya="3" hai0="72,43,76,60,84,71,16,110,70,87,0,98,111" hai1="89,96,126,36,29,69,52,127,19,93,21,113,42" hai2="103,75,129,40,116,86,56,95,112,66,82,92,78" hai3="28,64,68,11,2,34,121,35,5,45,10,132,117"/><W120/><G45/><T41/><D0/><U88/><E69/><V20/><F112/><W100/><G64/><T46/><D98/><U119/><E29/><V108/><F116/><W32/><G68/><T23/><D72/><U15/><E113/><V104/><F40/><W22/><G100/><T91/><D76/><U63/><E42/><V131/><F20/><W12/><G117/><T4/><D4/><U79/><E36/><V128/><F108/><N who="0" m="41514" /><D43/><U61/><E79/><V122/><F122/><W44/><G44/><T130/><D130/><U49/><E89/><V13/><F13/><W99/><G99/><T54/><D54/><U107/><E107/><V24/><F24/><N who="3" m="16407" /><G132/><T125/><D125/><N who="1" m="47627" /><E63/><N who="2" m="38247" /><F75/><W3/><G3/><T59/><D84/><U65/><E119/><V62/><F62/><W133/><G133/><T9/><D9/><U55/><E61/><V26/><F26/><W31/><G31/><T58/><D60/><U57/><E55/><V53/><F53/><W50/><G50/><N who="0" m="26959" /><D71/><U83/><E65/><V6/><F6/><AGARI ba="0,0" hai="2,5,6,10,11,12,32,34,35,120,121" m="16407" machi="6" ten="30,2900,0" yaku="34,2" doraHai="90" who="3" fromWho="2" sc="277,0,293,0,210,-29,220,29" /><INIT seed="3,1,0,0,4,18" ten="277,293,181,249" oya="3" hai0="55,94,113,98,36,41,19,131,24,79,117,47,1" hai1="105,49,16,135,124,123,134,95,80,107,133,72,46" hai2="76,84,52,37,68,43,20,82,67,9,34,38,106" hai3="0,118,13,127,91,132,93,75,125,5,88,90,122"/><W119/><G122/><T96/><D117/><U58/><E123/><V70/><F34/><W22/><G75/><T109/><D113/><U4/><E4/><V29/><F106/><W56/><G132/><T50/><D1/><U63/><E124/><N who="3" m="47690" /><G0/><T60/><D109/><U7/><E7/><V28/><F9/><N who="3" m="4271" /><G56/><N who="0" m="34847" /><D36/><U87/><E95/><V130/><F130/><W53/><G53/><T26/><D131/><U8/><E72/><V59/><F67/><W14/><G93/><T99/><D79/><N who="1" m="46495" /><E58/><V78/><F78/><W74/><G74/><T89/><D24/><U65/><E63/><V121/><F121/><W97/><G97/><T42/><D42/><N who="1" m="24791" /><E65/><V66/><F66/><W57/><G57/><T32/><D32/><U71/><E71/><V44/><F70/><W112/><G112/><T116/><D116/><U120/><E120/><V25/><F68/><W51/><G51/><T45/><D45/><U17/><E107/><V83/><F38/><W115/><G115/><T73/><D73/><U64/><E105/><V128/><F128/><W126/><N who="3" m="47698" /><W111/><DORA hai="92" /><G111/><T86/><D86/><U40/><E40/><V6/><F43/><W3/><G3/><T39/><D39/><U77/><E77/><V15/><F37/><W21/><G14/><T104/><D104/><U102/><E133/><V2/><F2/><W61/><G61/><T129/><D129/><U101/><E134/><V103/><F76/><W12/><G12/><T23/><AGARI ba="1,0" hai="19,23,26,41,47,50,89,94,96,98,99" m="34847" machi="23" ten="30,12000,2" yaku="25,1,8,1,52,4" doraHai="18,92" who="0" fromWho="0" sc="277,123,293,-31,181,-31,249,-61" /><INIT seed="4,0,0,5,5,15" ten="400,262,150,188" oya="0" hai0="25,29,31,119,65,49,76,134,46,102,85,127,4" hai1="92,77,24,73,21,38,30,47,116,61,82,54,103" hai2="96,35,107,45,10,117,12,39,70,68,69,100,2" hai3="52,125,83,0,75,93,101,57,28,132,98,108,111"/><T113/><D119/><U89/><E116/><V95/><F117/><W90/><G0/><T122/><D122/><U40/><E103/><V72/><F35/><W34/><G132/><T19/><D113/><U130/><E130/><V120/><F120/><W56/><G125/><T22/><D127/><U97/><E61/><V27/><F27/><W26/><G57/><T62/><D134/><U13/><E13/><V115/><F72/><W110/><G75/><T3/><D102/><U18/><REACH who="1" step="1"/><E54/><REACH who="1" ten="400,252,150,188" step="2"/><V6/><F12/><W9/><G9/><T91/><D3/><U32/><E32/><V42/><REACH who="2" step="1"/><F95/><REACH who="2" ten="400,252,140,188" step="2"/><W55/><G83/><N who="0" m="49599" /><D4/><U23/><E23/><V112/><AGARI ba="0,2" hai="2,6,10,39,42,45,68,69,70,96,100,107,112,115" machi="112" ten="40,8000,1" yaku="1,1,0,1,23,2,53,1" doraHai="15" doraHaiUra="1" who="2" fromWho="2" sc="400,-40,252,-20,140,100,188,-20" /><INIT seed="5,0,0,4,0,97" ten="360,232,240,168" oya="1" hai0="57,41,122,98,69,40,99,45,107,50,15,125,68" hai1="113,43,92,118,34,101,60,78,106,127,25,82,39" hai2="86,49,8,133,0,83,102,51,29,28,123,85,81" hai3="26,72,62,71,96,109,111,108,33,88,66,24,120"/><U93/><E118/><V131/><F131/><W116/><G116/><T14/><D57/><U124/><E113/><V67/><F133/><W80/><G120/><T36/><D122/><U3/><E3/><V59/><F123/><W23/><G33/><T1/><D1/><U91/><E60/><V87/><F0/><W35/><G35/><T104/><D50/><N who="2" m="18954" /><F8/><W112/><G112/><T100/><D125/><N who="1" m="48203" /><E39/><V46/><F102/><W53/><G53/><T70/><D40/><U121/><E43/><V37/><F46/><W56/><G71/><T52/><D52/><U90/><E25/><V76/><F37/><W126/><G126/><T103/><AGARI ba="0,0" hai="14,15,36,41,45,68,69,70,98,99,100,103,104,107" machi="103" ten="40,8000,1" yaku="0,1,9,1,52,2" doraHai="97" who="0" fromWho="0" sc="360,80,232,-40,240,-20,168,-20" /><INIT seed="6,0,0,2,2,113" ten="440,192,220,148" oya="2" hai0="26,58,35,91,61,94,77,81,105,89,71,79,50" hai1="78,69,13,83,90,39,60,100,48,46,19,75,38" hai2="29,96,129,104,10,59,2,122,22,86,115,8,53" hai3="27,23,106,135,126,31,63,72,119,3,88,21,15"/><V85/><F122/><W82/><G3/><T33/><D105/><U52/><E100/><V20/><F115/><W25/><G106/><T116/><D116/><U123/><E123/><V37/><F37/><W9/><G135/><T111/><D71/><U45/><E45/><V5/><F129/><W76/><G126/><T51/><D111/><U66/><REACH who="1" step="1"/><E90/><REACH who="1" ten="440,182,220,148" step="2"/><V41/><F104/><W32/><G119/><T16/><D91/><U65/><E65/><V80/><F41/><W4/><G27/><T107/><D107/><U121/><E121/><V117/><F117/><W108/><G108/><T99/><D79/><U134/><E134/><V98/><F53/><W67/><REACH who="3" step="1"/><G88/><REACH who="3" ten="440,182,220,138" step="2"/><T114/><D114/><U62/><E62/><V92/><F2/><W132/><G132/><T36/><D89/><U133/><E133/><V128/><F92/><W120/><G120/><T47/><D94/><U125/><E125/><V56/><F128/><W12/><G12/><T14/><D99/><U127/><E127/><V131/><F131/><W97/><G97/><T43/><D81/><U18/><E18/><V130/><F130/><W1/><G1/><T118/><D118/><U87/><E87/><V44/><F80/><W110/><G110/><T84/><D84/><U57/><E57/><AGARI ba="0,2" hai="4,9,15,21,23,25,31,32,57,63,67,72,76,82" machi="57" ten="30,2000,0" yaku="1,1,7,1,53,0" doraHai="113" doraHaiUra="34" who="3" fromWho="1" sc="440,0,182,-20,220,0,138,40" /><INIT seed="7,0,0,1,4,119" ten="440,162,220,178" oya="3" hai0="1,29,67,68,13,95,16,15,126,22,93,11,124" hai1="5,34,37,116,58,104,125,39,86,6,94,10,73" hai2="115,3,36,80,43,32,27,9,99,47,44,88,19" hai3="120,112,8,7,110,100,132,35,131,71,91,106,0"/><W46/><RYUUKYOKU type="yao9" ba="0,0" sc="440,0,162,0,220,0,178,0" hai3="0,7,8,35,46,71,91,100,106,110,112,120,131,132" /><INIT seed="7,1,0,4,1,125" ten="440,162,220,178" oya="3" hai0="133,81,120,41,37,16,31,28,7,39,5,42,52" hai1="23,67,111,131,35,58,21,71,109,88,36,18,112" hai2="30,9,56,44,99,63,69,121,73,27,124,25,17" hai3="12,65,45,108,6,0,102,87,126,8,72,91,122"/><W78/><G122/><T10/><D81/><U60/><E36/><V32/><F73/><W83/><G126/><T96/><D96/><U135/><E112/><V19/><F69/><W75/><G108/><T84/><D84/><U134/><E35/><V15/><F44/><W80/><G102/><T14/><D120/><U85/><E131/><V38/><F38/><W82/><G65/><T50/><D133/><N who="1" m="50699" /><E71/><V103/><F124/><W95/><G75/><T66/><D66/><U97/><E97/><V59/><F121/><W61/><G61/><T68/><D68/><U117/><E117/><V51/><F51/><W119/><G119/><T89/><D89/><U129/><E129/><V90/><F90/><W40/><REACH who="3" step="1"/><G12/><REACH who="3" ten="440,162,220,168" step="2"/><T11/><D37/><AGARI ba="1,1" hai="0,6,8,37,40,45,72,78,80,82,83,87,91,95" machi="37" ten="30,12000,1" yaku="1,1,2,1,7,1,25,2,53,0" doraHai="125" doraHaiUra="20" who="3" fromWho="0" sc="440,-123,162,0,220,0,168,133" /><INIT seed="7,2,0,4,0,49" ten="317,162,220,301" oya="3" hai0="84,20,6,92,58,74,115,131,130,39,56,53,121" hai1="29,5,0,80,88,132,114,17,21,1,124,40,55" hai2="66,71,27,60,36,111,70,34,51,65,77,48,2" hai3="95,68,98,96,44,97,113,19,4,90,73,112,23"/><W108/><G108/><T15/><D121/><U123/><E123/><V63/><F2/><W37/><G73/><T99/><D115/><N who="3" m="44105" /><G68/><T85/><D74/><U31/><E40/><V30/><F111/><W33/><G33/><T118/><D39/><U133/><E114/><V59/><F77/><W3/><G3/><N who="1" m="1098" /><E5/><V45/><F27/><N who="3" m="14847" /><G4/><T87/><D118/><U46/><E124/><V106/><F106/><W62/><G62/><N who="0" m="36111" /><D58/><U100/><E100/><V28/><F34/><W67/><G67/><T9/><D20/><U101/><E101/><V128/><F66/><W82/><G82/><T135/><D135/><N who="1" m="51787" /><E17/><V26/><F65/><W103/><G103/><T43/><D43/><AGARI ba="2,0" hai="37,43,44,90,95,96,97,98" m="14847,44105" machi="43" ten="30,1500,0" yaku="15,1" doraHai="49" who="3" fromWho="0" sc="317,-21,162,0,220,0,301,21" owari="296,10.0,162,-34.0,220,-18.0,322,42.0" /></mjloggm>