<mjloggm ver="2.3"><GO type="41" lobby="0"/><UN n0="%E3%81%B2%E3%81%A4%E3%81%93%E3%81%84%E3%82%93%E3%81%A0" n1="%E3%82%AB%E3%83%AC%E3%83%BC%E3%81%AE%E3%81%95%E3%81%A8%E3%81%A6%E3%81%A4" n2="%E2%93%9D%53%75%70%68%78" n3="%47%52%45%45%4E%2D%4D" dan="14,15,18,13" rate="1930.03,2000.00,2139.71,1936.39" sx="M,M,M,M"/><TAIKYOKU oya="0"/><INIT seed="0,0,0,1,0,50" ten="250,250,250,250" oya="0" hai0="47,58,4,127,109,48,71,29,99,98,100,77,3" hai1="16,112,62,13,105,27,19,28,78,110,101,118,130" hai2="55,107,75,15,46,18,104,69,17,114,72,92,76" hai3="83,74,134,126,68,88,38,14,135,33,7,63,44"/><T87/><D71/><U34/><E110/><V113/><F69/><W24/><G126/><T43/><D29/><U49/><E118/><V21/><F92/><W108/><G108/><T89/><D77/><U2/><E130/><V102/><F76/><W125/><G74/><T36/><D109/><U5/><E78/><V35/><F35/><W9/><G125/><T80/><D127/><U82/><E82/><V53/><F46/><W106/><G106/><T25/><D25/><U73/><E73/><V81/><F15/><W23/><G33/><T59/><D99/><U129/><E62/><V52/><F55/><W31/><G38/><T96/><D96/><U20/><E129/><V37/><F21/><W39/><G39/><T64/><D64/><U131/><E131/><V121/><F37/><W61/><G44/><T40/><D40/><U54/><E112/><V0/><F81/><W1/><G1/><T41/><D41/><U84/><E84/><V95/><F95/><W8/><G8/><T91/><D91/><U115/><E115/><V128/><F128/><W94/><G83/><T90/><D90/><U26/><E101/><V79/><F79/><W56/><G68/><T93/><REACH who="0" step="1"/><D36/><REACH who="0" ten="240,250,250,250" step="2"/><U6/><E105/><V45/><F102/><W65/><REACH who="3" step="1"/><G63/><REACH who="3" ten="240,250,250,240" step="2"/><T103/><D103/><U11/><E2/><V120/><F45/><AGARI ba="0,2" hai="5,6,11,13,16,19,20,26,27,28,34,45,49,54" machi="45" ten="30,3900,0" yaku="7,1,52,1,54,1" doraHai="50" who="1" fromWho="2" sc="240,0,250,59,250,-39,240,0" /><INIT seed="1,0,0,1,5,87" ten="240,309,211,240" oya="1" hai0="52,96,95,108,102,13,65,26,51,14,79,109,50" hai1="97,103,78,38,5,114,76,73,98,67,56,88,110" hai2="74,17,27,63,64,55,83,25,81,8,122,113,117" hai3="24,34,36,128,31,15,84,47,131,66,59,75,121"/><U126/><E110/><N who="0" m="42601" /><D65/><U46/><E114/><V44/><F122/><W94/><G75/><T53/><D79/><U129/><E129/><V118/><F113/><W111/><G111/><T54/><D26/><U35/><E35/><V123/><F123/><W41/><G121/><T61/><D61/><U134/><E73/><V2/><F74/><W6/><G66/><T3/><D3/><U72/><E72/><V105/><F105/><W12/><G59/><T133/><D133/><U120/><E5/><V104/><F104/><W9/><REACH who="3" step="1"/><G15/><AGARI ba="0,0" hai="13,14,15,50,51,52,53,54,95,96,102" m="42601" machi="15" ten="30,2000,0" yaku="14,1,54,1" doraHai="87" who="0" fromWho="3" sc="240,20,309,0,211,0,240,-20" /><INIT seed="2,0,0,2,2,39" ten="260,309,211,220" oya="2" hai0="120,131,26,41,99,0,58,95,115,2,76,97,84" hai1="54,103,29,16,71,108,49,70,79,83,130,48,32" hai2="31,117,23,114,69,92,134,123,62,50,11,121,17" hai3="61,25,57,59,45,65,42,122,3,40,12,88,7"/><V78/><F78/><W86/><G3/><T22/><D115/><U37/><E108/><V109/><F69/><W27/><G122/><T53/><D120/><U73/><E37/><V133/><F62/><N who="3" m="38095" /><G45/><T13/><D131/><U4/><E103/><V44/><F92/><N who="3" m="54295" /><G25/><T127/><D127/><U132/><E4/><V113/><F50/><W67/><G27/><T19/><D0/><U68/><E130/><V100/><F44/><W125/><G125/><T51/><D2/><U38/><E132/><N who="2" m="50795" /><F100/><W74/><G74/><T112/><D112/><N who="2" m="43114" /><F109/><W14/><G14/><T21/><D76/><U129/><E129/><V96/><F96/><W80/><G80/><T36/><D36/><U6/><E38/><V124/><F124/><W34/><G34/><T56/><D56/><U128/><E128/><V116/><F123/><W89/><G89/><N who="0" m="53671" /><D99/><U118/><E83/><V9/><F121/><W10/><AGARI ba="0,0" hai="7,10,12,40,42,59,61,67" m="54295,38095" machi="10" ten="30,7900,0" yaku="8,1,52,2,54,1" doraHai="39" who="3" fromWho="3" sc="260,-20,309,-20,211,-39,220,79" /><INIT seed="3,0,0,0,4,20" ten="240,289,172,299" oya="3" hai0="123,21,37,135,114,92,65,18,101,106,66,109,10" hai1="35,120,60,30,3,79,8,83,105,47,108,100,51" hai2="97,27,107,104,69,19,127,40,70,56,22,118,102" hai3="133,52,43,82,99,34,81,32,112,119,63,76,39"/><W14/><G119/><T54/><D37/><U38/><E108/><V0/><F118/><W72/><G112/><T31/><D123/><U121/><E51/><V62/><F127/><W117/><G117/><T23/><D109/><U95/><E95/><V12/><F0/><W42/><G133/><T80/><D106/><U77/><E77/><V115/><F115/><W89/><G34/><T7/><D114/><U59/><E100/><V4/><F40/><W33/><G33/><T126/><D126/><U90/><E90/><V128/><F128/><W134/><G32/><T64/><D135/><U24/><E105/><V9/><REACH who="2" step="1"/><F107/><REACH who="2" ten="240,289,162,299" step="2"/><W103/><G134/><T74/><D74/><U41/><E3/><V85/><F85/><W16/><G39/><T29/><D29/><U46/><E8/><V88/><F88/><W68/><G68/><T71/><D31/><U36/><E36/><V45/><F45/><W98/><G98/><T84/><D71/><U44/><E44/><V57/><F57/><N who="3" m="35239" /><G72/><T11/><D11/><U96/><E96/><V125/><F125/><W28/><G28/><T94/><D10/><U13/><E47/><V25/><F25/><W17/><G76/><T50/><D84/><U116/><E116/><V124/><F124/><W58/><G58/><T15/><D101/><U87/><E13/><V111/><F111/><W130/><G130/><T5/><D15/><U129/><E129/><V110/><F110/><W122/><G103/><T53/><D5/><U75/><E87/><V132/><F132/><W73/><G73/><T86/><D7/><U1/><E1/><RYUUKYOKU ba="0,1" sc="240,-15,289,15,162,15,299,-15" hai1="24,30,35,38,41,46,59,60,75,79,83,120,121" hai2="4,9,12,19,22,27,56,62,69,70,97,102,104" /><INIT seed="4,1,1,1,4,75" ten="225,304,177,284" oya="0" hai0="32,82,19,48,52,134,13,55,120,39,9,109,11" hai1="23,24,38,96,27,91,116,103,105,8,93,111,79" hai2="133,4,42,106,94,80,62,12,110,85,76,56,67" hai3="112,100,129,113,69,21,135,86,16,107,101,36,51"/><T73/><D120/><U26/><E111/><V7/><F106/><W28/><G36/><T122/><D122/><U54/><E116/><V49/><F133/><W128/><G69/><T33/><D39/><U115/><E38/><V15/><F110/><W3/><G3/><T130/><D109/><U46/><E8/><V30/><F30/><W123/><G123/><T90/><D33/><U119/><E119/><V50/><F94/><W66/><G28/><T43/><D32/><U92/><E105/><V14/><REACH who="2" step="1"/><F42/><REACH who="2" ten="225,304,167,284" step="2"/><W58/><G107/><T31/><D31/><U117/><E117/><V118/><F118/><W2/><G135/><T125/><D134/><U97/><E115/><V121/><F121/><W17/><G2/><T88/><D43/><U60/><E23/><V95/><F95/><W81/><G21/><T25/><D11/><U108/><E108/><V71/><F71/><W5/><G81/><T68/><D68/><U132/><E132/><V44/><F44/><W70/><G70/><T35/><D35/><U84/><E46/><V127/><F127/><W83/><G83/><T10/><D125/><U126/><E126/><V1/><F1/><W20/><G20/><T6/><D10/><U45/><E45/><V29/><F29/><W74/><G58/><T89/><D82/><N who="1" m="47199" /><E27/><V41/><F41/><W53/><G112/><T47/><D25/><U72/><E72/><V0/><F0/><W37/><G113/><T104/><D104/><U87/><E87/><V131/><F131/><W65/><G86/><T124/><D124/><U40/><E40/><V18/><F18/><RYUUKYOKU ba="1,2" sc="225,-15,304,15,167,15,284,-15" hai1="24,26,54,60,91,92,93,96,97,103" hai2="4,7,12,14,15,49,50,56,62,67,76,80,85" /><INIT seed="5,2,2,0,0,122" ten="210,319,182,269" oya="1" hai0="99,69,73,51,60,130,30,110,80,81,117,123,11" hai1="42,88,35,64,66,54,8,96,100,132,121,45,97" hai2="58,4,1,78,52,92,2,23,0,134,95,26,83" hai3="37,65,56,48,15,70,10,49,63,3,9,36,18"/><U12/><E121/><V77/><F134/><W22/><G3/><T25/><D123/><U59/><E35/><V40/><F40/><W126/><G126/><T68/><D117/><U13/><E13/><V57/><F57/><W112/><G112/><T74/><D11/><U5/><E97/><V133/><F133/><W98/><G37/><T94/><D69/><U90/><E132/><V102/><F4/><W106/><G36/><T127/><D127/><U46/><E64/><V120/><F120/><W111/><G111/><T72/><D51/><U20/><E66/><V86/><F78/><W85/><G106/><T129/><D68/><U104/><E20/><V76/><F76/><W89/><G98/><T6/><D60/><U33/><E33/><V82/><F82/><N who="0" m="31850" /><D6/><U67/><E67/><V39/><F39/><W128/><G128/><N who="0" m="49259" /><D25/><U114/><E114/><V62/><REACH who="2" step="1"/><F102/><REACH who="2" ten="210,319,172,269" step="2"/><W47/><G70/><T43/><D43/><U135/><E135/><V34/><F34/><W44/><G44/><T93/><D30/><AGARI ba="2,3" hai="0,1,2,23,26,30,52,58,62,77,83,86,92,95" machi="30" ten="40,2600,0" yaku="1,1,54,1,53,0" doraHai="122" doraHaiUra="41" who="2" fromWho="0" sc="210,-32,319,0,172,62,269,0" /><INIT seed="6,0,0,1,1,47" ten="178,319,234,269" oya="2" hai0="35,23,29,125,123,124,76,15,84,20,80,88,68" hai1="63,69,91,57,67,129,27,53,81,105,49,121,118" hai2="95,130,101,34,89,110,4,30,55,9,2,37,127" hai3="70,100,1,113,31,48,19,134,25,115,74,104,40"/><V133/><F37/><W44/><G74/><T90/><D123/><U13/><E118/><V99/><F127/><N who="0" m="48714" /><D68/><U120/><E105/><V61/><F130/><W50/><G70/><T102/><D102/><U75/><E27/><V41/><F41/><W52/><G1/><T24/><D15/><U38/><E129/><V65/><F133/><W122/><G122/><N who="1" m="47210" /><E38/><V135/><F110/><W6/><G6/><T86/><D76/><N who="1" m="44191" /><E91/><V28/><F135/><W17/><G134/><T119/><D119/><U43/><E43/><V45/><F34/><W14/><G100/><T12/><D12/><AGARI ba="0,0" hai="12,13,49,53,57,63,67,69" m="44191,47210" machi="12" ten="30,2000,0" yaku="13,1,52,1" doraHai="47" who="1" fromWho="0" sc="178,-20,319,20,234,0,269,0" /><INIT seed="7,0,0,0,4,0" ten="158,339,234,269" oya="3" hai0="37,56,45,123,58,66,85,63,92,121,65,26,14" hai1="126,5,77,39,107,103,120,8,93,122,11,105,17" hai2="30,76,60,41,119,38,2,20,117,91,57,67,27" hai3="12,43,64,51,113,74,96,84,35,54,115,1,50"/><W3/><G74/><T72/><D72/><U80/><E39/><V9/><F76/><W70/><G35/><T69/><D26/><U71/><E71/><V135/><F135/><W106/><G1/><T116/><D116/><U31/><E93/><V29/><F29/><W112/><G3/><T130/><D14/><U68/><E68/><V132/><F132/><W13/><G70/><T90/><D130/><U55/><E55/><V62/><F62/><W118/><G64/><T97/><D69/><U15/><E31/><V6/><REACH who="2" step="1"/><F91/><REACH who="2" ten="158,339,224,269" step="2"/><W124/><G118/><T16/><D58/><U52/><E77/><V81/><F81/><W24/><G43/><T78/><D66/><U102/><E80/><V88/><F88/><W53/><G24/><T98/><D78/><U95/><E120/><V99/><F99/><W36/><G36/><T4/><D4/><U129/><E5/><V59/><F59/><N who="3" m="33207" /><G124/><T127/><D127/><U49/><E126/><V86/><F86/><W83/><G96/><T19/><D121/><U34/><E122/><V134/><F134/><W94/><G94/><T89/><D123/><U104/><E95/><V32/><F32/><W128/><G128/><T10/><D98/><U133/><E34/><V7/><F7/><W28/><G28/><T73/><D73/><U22/><E129/><V25/><F25/><W125/><G125/><T47/><D37/><U131/><E131/><V40/><F40/><W87/><G106/><T23/><D97/><U61/><E133/><V82/><F82/><W108/><G108/><T101/><D90/><U44/><E107/><RYUUKYOKU ba="0,1" sc="158,-10,339,-10,224,30,269,-10" hai2="2,6,9,20,27,30,38,41,57,60,67,117,119" owari="148,-35.0,339,44.0,254,-15.0,259,6.0" /></mjloggm>