<mjloggm ver="2.3"><GO type="41" lobby="0"/><UN n0="%E3%81%BE%E3%81%95%EF%BC%97" n1="%E2%93%9D%53%75%70%68%78" n2="%67%6E%73%6B" n3="%5E%52%65%2E" dan="13,18,14,14" rate="1850.80,2112.69,1959.29,1915.24" sx="M,M,M,M"/><TAIKYOKU oya="0"/><INIT seed="0,0,0,2,2,109" ten="250,250,250,250" oya="0" hai0="29,119,84,110,58,72,15,31,0,107,80,43,133" hai1="60,26,1,55,81,92,95,19,126,61,32,93,23" hai2="98,3,102,85,86,69,131,21,97,9,78,49,71" hai3="63,106,5,117,123,24,108,6,14,122,91,118,51"/><T124/><D119/><U135/><E126/><V50/><F21/><W36/><G106/><T4/><D0/><U70/><E135/><V12/><F3/><W83/><G36/><T132/><D72/><U103/><E1/><V34/><F34/><W47/><G24/><T30/><D107/><U65/><E32/><V66/><F66/><W40/><G108/><T120/><D120/><N who="3" m="46121" /><G63/><T17/><D124/><U88/><E103/><V28/><F28/><W46/><G14/><T62/><D110/><U20/><E20/><V52/><F78/><W54/><G83/><T82/><D4/><N who="3" m="1641" /><G91/><T114/><D82/><U18/><E18/><V56/><F50/><W35/><G35/><T44/><D80/><U116/><E116/><N who="3" m="44650" /><G47/><T79/><D44/><U76/><E76/><V38/><F38/><W111/><G111/><T42/><D62/><U129/><E81/><V105/><F97/><W41/><AGARI ba="0,0" hai="40,41,46,51,54" m="44650,1641,46121" machi="41" ten="40,1500,0" yaku="13,1" doraHai="109" who="3" fromWho="3" sc="250,-7,250,-4,250,-4,250,15" /><INIT seed="1,0,0,0,0,112" ten="243,246,246,265" oya="1" hai0="72,131,123,76,33,113,39,3,28,58,130,94,2" hai1="9,61,36,41,81,14,115,27,34,68,111,73,87" hai2="67,114,57,110,54,4,15,93,32,120,80,50,5" hai3="46,103,89,63,95,35,92,84,20,125,82,74,96"/><U77/><E115/><V38/><F38/><W122/><G35/><T0/><D113/><U91/><E111/><V26/><F114/><W22/><G122/><T40/><D123/><U60/><E68/><V66/><F120/><W52/><G125/><T71/><D71/><U119/><E119/><V25/><F110/><W105/><G95/><T101/><D58/><U99/><E41/><V37/><F37/><W78/><G63/><T24/><D76/><U13/><E13/><V127/><F127/><W69/><G69/><T44/><REACH who="0" step="1"/><D72/><REACH who="0" ten="233,246,246,265" step="2"/><U31/><E73/><V83/><F57/><W100/><REACH who="3" step="1"/><G100/><REACH who="3" ten="233,246,246,255" step="2"/><T109/><D109/><U43/><E61/><V47/><F67/><W49/><AGARI ba="0,2" hai="20,22,46,49,52,74,78,82,84,89,92,96,103,105" machi="49" ten="30,12000,2" yaku="1,1,2,1,0,1,24,2,54,1,53,0" doraHai="112" doraHaiUra="29" who="3" fromWho="3" sc="233,-30,246,-60,246,-30,255,140" /><INIT seed="2,0,0,2,5,93" ten="203,186,216,395" oya="2" hai0="94,61,7,57,81,31,41,60,27,36,90,109,24" hai1="29,107,42,52,85,117,133,16,110,92,66,100,35" hai2="33,62,69,101,118,39,20,132,18,38,50,30,70" hai3="65,26,68,108,12,102,130,71,40,8,48,63,127"/><V126/><F118/><W114/><G108/><T80/><D109/><U121/><E110/><V79/><F79/><W22/><G130/><T106/><D106/><U72/><E42/><V51/><F51/><W124/><G102/><T43/><D7/><U123/><E66/><V9/><F9/><W67/><G114/><T115/><D115/><U32/><E29/><V11/><F11/><W122/><G122/><N who="1" m="46602" /><E72/><V84/><F50/><W15/><G40/><T44/><D43/><U46/><E133/><V75/><F75/><W105/><G105/><T5/><D5/><U97/><E117/><V112/><F112/><W89/><G89/><T86/><D27/><U54/><E46/><V119/><F119/><W2/><G2/><T23/><REACH who="0" step="1"/><D60/><REACH who="0" ten="193,186,216,395" step="2"/><U59/><E107/><V111/><F62/><W99/><G63/><T37/><D37/><U83/><E54/><AGARI ba="0,1" hai="23,24,31,36,41,44,54,57,61,80,81,86,90,94" machi="54" ten="30,2000,0" yaku="1,1,7,1,53,0" doraHai="93" doraHaiUra="125" who="0" fromWho="1" sc="193,30,186,-20,216,0,395,0" /><INIT seed="3,0,0,0,1,22" ten="223,166,216,395" oya="3" hai0="9,28,134,5,90,42,69,128,46,48,31,95,70" hai1="45,100,107,78,40,130,83,21,7,119,112,0,8" hai2="67,86,72,131,66,115,60,77,1,37,84,47,103" hai3="26,23,111,19,17,93,50,65,75,121,98,106,56"/><W14/><G121/><T133/><D128/><U129/><E112/><V13/><F1/><W71/><G75/><T25/><D69/><U6/><E6/><V39/><F72/><W29/><G71/><T101/><D101/><U38/><E21/><V36/><F115/><W109/><G106/><T57/><D57/><U126/><E126/><V68/><F66/><W61/><G50/><T82/><D82/><U41/><E41/><V44/><F103/><N who="3" m="60879" /><G14/><T73/><D70/><U2/><E2/><V116/><F116/><W135/><G135/><N who="0" m="51723" /><D25/><U92/><E92/><V74/><F74/><W18/><AGARI ba="0,0" hai="17,18,19,23,26,29,56,61,65,109,111" m="60879" machi="18" ten="30,3000,0" yaku="25,1,52,1" doraHai="22" who="3" fromWho="3" sc="223,-10,166,-10,216,-10,395,30" /><INIT seed="3,1,0,4,5,46" ten="213,156,206,425" oya="3" hai0="94,18,113,87,34,110,8,117,26,2,54,124,6" hai1="59,21,120,105,32,19,134,90,106,114,76,67,50" hai2="48,28,60,122,65,57,22,43,56,130,40,80,51" hai3="25,52,115,97,96,24,1,75,132,17,33,104,111"/><W118/><G115/><T128/><D117/><U98/><E32/><V63/><F130/><W3/><G118/><T125/><D128/><U29/><E120/><V121/><F80/><W37/><G37/><T82/><D113/><U74/><E29/><V89/><F89/><W4/><G75/><T81/><D110/><U86/><E134/><V58/><F28/><W69/><G69/><T45/><D94/><U91/><E74/><V20/><F20/><W123/><G123/><N who="2" m="47113" /><F22/><W126/><G104/><T11/><D11/><U135/><E135/><V84/><F84/><W39/><G39/><T55/><D82/><U61/><E114/><V68/><F63/><W49/><G126/><N who="0" m="48747" /><D45/><U15/><E76/><V99/><F99/><W42/><G42/><AGARI ba="1,0" hai="40,42,43,48,51,56,57,58,60,65,68" m="47113" machi="42" ten="30,8000,1" yaku="13,1,34,2,52,2" doraHai="46" who="2" fromWho="3" sc="213,0,156,0,206,83,425,-83" /><INIT seed="4,0,0,4,3,60" ten="213,156,289,342" oya="0" hai0="37,86,15,90,109,53,122,47,63,79,23,57,73" hai1="113,22,74,72,21,120,43,76,54,130,24,132,56" hai2="91,7,31,38,82,30,55,49,101,28,87,26,25" hai3="13,1,135,102,66,41,97,39,110,99,94,48,50"/><T2/><D122/><U45/><E120/><V5/><F38/><W95/><G1/><T129/><D2/><U10/><E130/><V71/><F71/><W67/><G110/><T134/><D129/><U62/><E132/><V58/><F101/><W3/><G3/><T85/><D73/><U64/><E22/><V93/><F82/><W46/><G135/><T111/><D134/><U42/><E113/><V112/><F112/><W118/><G118/><T16/><D79/><U77/><E74/><V131/><F131/><W107/><G107/><T19/><D19/><U105/><E105/><V115/><F115/><W114/><G114/><T6/><D6/><AGARI ba="0,0" hai="5,6,7,25,26,28,30,31,49,55,58,87,91,93" machi="6" ten="40,1300,0" yaku="8,1" doraHai="60" who="2" fromWho="0" sc="213,-13,156,0,289,13,342,0" /><INIT seed="5,0,0,1,2,102" ten="200,156,302,342" oya="1" hai0="48,8,55,94,20,92,75,93,133,24,36,10,9" hai1="18,108,106,64,19,132,60,95,53,17,54,90,23" hai2="89,16,86,135,70,22,105,118,104,41,127,35,38" hai3="68,71,87,40,83,126,4,130,78,80,46,57,96"/><U25/><E132/><V42/><F35/><W125/><G4/><T26/><D133/><U72/><E72/><V15/><F118/><W123/><G123/><T37/><D75/><U63/><E108/><V32/><F135/><W2/><G2/><T61/><D61/><U115/><E115/><V49/><F32/><W131/><G57/><T66/><D66/><U88/><E106/><V73/><F73/><W11/><G11/><T111/><D111/><U134/><E134/><V110/><F110/><W97/><G68/><T114/><D114/><U43/><E43/><V51/><F70/><W7/><G7/><T112/><D112/><U69/><E90/><V1/><F1/><W44/><G71/><T100/><D26/><U45/><E45/><N who="3" m="17514" /><G40/><T3/><D100/><U30/><REACH who="1" step="1"/><E63/><REACH who="1" ten="200,146,302,342" step="2"/><V116/><F42/><W29/><G78/><T14/><D37/><U27/><E27/><V79/><F41/><W76/><G76/><T124/><D36/><U50/><E50/><V34/><F38/><W103/><G126/><T121/><D124/><U128/><E128/><V117/><F127/><W31/><G125/><T21/><D24/><U99/><AGARI ba="0,1" hai="17,18,19,23,25,30,53,54,60,64,69,88,95,99" machi="99" ten="30,6000,0" yaku="1,1,0,1,54,1,53,0" doraHai="102" doraHaiUra="129" who="1" fromWho="1" sc="200,-20,146,70,302,-20,342,-20" /><INIT seed="5,1,0,4,1,67" ten="180,216,282,322" oya="1" hai0="47,29,13,33,50,114,20,62,120,2,42,5,126" hai1="118,93,85,89,102,49,57,30,110,113,87,92,1" hai2="131,26,21,36,83,81,116,101,31,9,45,53,78" hai3="51,72,7,61,84,65,3,8,18,97,60,106,121"/><U115/><E1/><V134/><F116/><W28/><G72/><T68/><D114/><N who="1" m="43531" /><E30/><V80/><F134/><W98/><G121/><T64/><D126/><U99/><E57/><V122/><F122/><W71/><G60/><T79/><D120/><U4/><E4/><V35/><F131/><W132/><G132/><T130/><D130/><U11/><E11/><V24/><F101/><W6/><G6/><T14/><D79/><U94/><E49/><V19/><F9/><W105/><G84/><N who="1" m="32330" /><E110/><V66/><F66/><W91/><G18/><T82/><D33/><U129/><E129/><V90/><F90/><W111/><G91/><T88/><D2/><U124/><E118/><V133/><F133/><W103/><G111/><T10/><D5/><U77/><E124/><V58/><F45/><W86/><G51/><T22/><D10/><U15/><E15/><N who="0" m="5641" /><D29/><U74/><E89/><V40/><F40/><W128/><G128/><T75/><D88/><U108/><E108/><V17/><F17/><W107/><G28/><T34/><D34/><U38/><E38/><V41/><F41/><W46/><G46/><T43/><D43/><U56/><E56/><V37/><F37/><W109/><G109/><T95/><D22/><U25/><E25/><V32/><F36/><W70/><G3/><T59/><D20/><U96/><E102/><V125/><F125/><W119/><G103/><T52/><D68/><U16/><E16/><V54/><F35/><W55/><G7/><T39/><D39/><U127/><E127/><V44/><F32/><W123/><G8/><T48/><D64/><RYUUKYOKU ba="1,0" sc="180,-10,216,30,282,-10,322,-10" hai1="74,77,92,93,94,96,99" /><INIT seed="5,2,0,0,5,1" ten="170,246,272,312" oya="1" hai0="10,113,44,34,86,67,66,87,88,48,104,119,31" hai1="62,22,73,81,2,71,110,41,55,0,132,42,106" hai2="90,103,27,8,68,123,76,40,33,6,111,118,59" hai3="127,52,56,75,101,114,25,91,53,24,4,100,102"/><U63/><E106/><V15/><F68/><W116/><G75/><T93/><D113/><U39/><E22/><V109/><F123/><W18/><G114/><T64/><D119/><U122/><E122/><V20/><F118/><W82/><G116/><T17/><D104/><U78/><E132/><V45/><F33/><W7/><G127/><T11/><D34/><U74/><E55/><N who="3" m="21066" /><G56/><T60/><D31/><U35/><E35/><V92/><F103/><W107/><G107/><T115/><D115/><U3/><E110/><V97/><F76/><W135/><G135/><T12/><D11/><U70/><E39/><V96/><F96/><W108/><G108/><T65/><N who="0" m="16384" /><DORA hai="57" /><T77/><D77/><U85/><E85/><V134/><F59/><W83/><G91/><T80/><D80/><N who="3" m="30761" /><G18/><T38/><D38/><U69/><REACH who="1" step="1"/><E74/><REACH who="1" ten="170,236,272,312" step="2"/><V14/><F134/><W46/><G46/><T72/><D72/><U79/><E79/><V43/><F111/><W37/><G37/><T9/><D87/><U112/><E112/><V128/><F109/><W49/><G49/><T99/><D10/><U95/><E95/><V32/><F32/><W19/><G19/><T47/><D86/><U98/><E98/><V133/><F133/><W5/><AGARI ba="2,1" hai="4,5,7,24,25,100,101,102" m="30761,21066" machi="5" ten="40,12000,2" yaku="28,2,8,1,52,3,54,1" doraHai="1,57" who="3" fromWho="3" sc="170,-32,236,-62,272,-32,312,136" /><INIT seed="6,0,0,1,0,79" ten="138,174,240,448" oya="2" hai0="116,127,96,81,95,52,5,63,90,64,35,109,133" hai1="104,19,110,42,45,25,66,99,41,126,18,112,6" hai2="83,0,78,20,135,113,61,105,125,68,84,69,77" hai3="88,134,15,8,115,51,30,98,38,43,87,7,107"/><V50/><F0/><W12/><G38/><T73/><D109/><U100/><E110/><V33/><F33/><W123/><G134/><T44/><D133/><U27/><E112/><V124/><F105/><W11/><G123/><T131/><D35/><U54/><E6/><V36/><F36/><W89/><G30/><T26/><D131/><U47/><E54/><V17/><F135/><W16/><G115/><T10/><D26/><U101/><E66/><V94/><F113/><W118/><G118/><T34/><D34/><U37/><E126/><N who="2" m="48747" /><F94/><N who="3" m="56647" /><G107/><T29/><D29/><U46/><E101/><V56/><F50/><W62/><G62/><T76/><D127/><U106/><E106/><V129/><F129/><W102/><G102/><T80/><D116/><U57/><E37/><V74/><F78/><W59/><G59/><N who="0" m="36991" /><D76/><U55/><E104/><V3/><F3/><W114/><G114/><T122/><D73/><U93/><E57/><V53/><F74/><W67/><G67/><T39/><D122/><U71/><E71/><V130/><F130/><W132/><G132/><T14/><D39/><U111/><E111/><V70/><F70/><W82/><G51/><AGARI ba="0,0" hai="5,10,14,44,51,52,80,81,90,95,96" m="36991" machi="51" ten="30,7700,0" yaku="8,1,52,2,54,1" doraHai="79" who="0" fromWho="3" sc="138,77,174,0,240,0,448,-77" /><INIT seed="7,0,0,0,0,51" ten="215,174,240,371" oya="3" hai0="135,59,118,97,74,24,37,122,23,30,123,44,78" hai1="132,89,19,113,18,40,58,13,84,121,26,60,2" hai2="87,108,28,66,9,22,39,17,54,90,88,83,70" hai3="38,46,48,35,104,100,103,82,55,41,29,95,92"/><W117/><G92/><T101/><D118/><U106/><E121/><V1/><F39/><W76/><G103/><T32/><D135/><U72/><E72/><V99/><F108/><W91/><G29/><T131/><D131/><U52/><E2/><V11/><F28/><W16/><G35/><T7/><D7/><U128/><E106/><V64/><F70/><W4/><G4/><T6/><D6/><U15/><E128/><V65/><F1/><W79/><G16/><N who="1" m="6186" /><E113/><V126/><F126/><W73/><G79/><T110/><D110/><U109/><E132/><V27/><F99/><W34/><G34/><T31/><D32/><U80/><E109/><V8/><REACH who="2" step="1"/><F90/><REACH who="2" ten="215,174,230,371" step="2"/><W127/><G91/><T47/><D37/><U20/><E40/><V5/><F5/><W119/><G127/><T120/><D120/><U10/><E10/><V71/><F71/><W67/><G41/><T63/><D122/><U68/><E68/><V42/><F42/><W69/><G69/><T105/><D123/><U85/><E85/><V130/><F130/><W14/><G38/><T0/><D0/><U116/><E116/><V124/><F124/><W94/><G119/><T50/><D74/><U33/><E33/><V3/><F3/><W56/><G117/><T125/><D125/><U62/><E62/><V129/><F129/><W61/><G104/><T45/><D63/><U36/><E36/><V21/><F21/><W93/><G100/><T86/><D86/><U96/><E96/><V98/><F98/><W81/><G73/><T53/><D97/><U57/><E57/><V43/><F43/><RYUUKYOKU ba="0,1" sc="215,-15,174,15,230,15,371,-15" hai1="13,15,20,26,52,58,60,80,84,89" hai2="8,9,11,17,22,27,54,64,65,66,83,87,88" owari="200,-20.0,189,-31.0,245,5.0,366,46.0" /></mjloggm>