<mjloggm ver="2.3"><GO type="41" lobby="0"/><UN n0="%E3%82%82%E3%82%8A%E3%82%8A%E3%82%93%E3%82%82%E3%82%8A%E3%82%82%E3%82%8A" n1="%E2%93%9D%53%75%70%68%78" n2="%E3%81%9B%E3%83%BC%E3%82%84" n3="%72%65%64%6F%6E%64%6F%6E" dan="14,16,13,14" rate="1910.65,2072.15,1908.39,1902.26" sx="M,M,M,M"/><TAIKYOKU oya="0"/><INIT seed="0,0,0,4,1,100" ten="250,250,250,250" oya="0" hai0="52,15,72,73,74,90,133,126,47,113,129,95,88" hai1="82,29,48,13,103,8,49,116,67,134,85,91,69" hai2="54,125,114,40,10,27,130,127,71,65,105,57,66" hai3="119,1,106,41,115,25,78,111,120,50,43,86,97"/><T42/><D113/><U68/><E116/><V101/><F114/><W35/><G115/><T112/><D112/><U0/><E0/><V59/><F130/><W70/><G119/><T32/><D129/><U11/><E134/><V24/><F10/><W79/><G111/><T110/><D133/><U93/><E29/><V76/><F76/><W38/><G1/><T121/><D110/><U4/><E67/><N who="2" m="25611" /><F71/><W36/><G70/><T31/><D121/><U98/><E69/><V87/><F87/><W9/><G9/><T84/><D74/><U62/><E68/><V55/><F40/><W64/><G64/><T117/><D117/><U30/><E62/><V5/><F5/><W61/><G61/><T46/><D73/><U104/><E30/><V135/><F105/><W7/><G7/><T83/><D72/><U12/><REACH who="1" step="1"/><E104/><REACH who="1" ten="250,240,250,250" step="2"/><V18/><F135/><W102/><G120/><T45/><D31/><U107/><E107/><V22/><F127/><W33/><G35/><T3/><D32/><U96/><E96/><V89/><F125/><W39/><G33/><T6/><D126/><U60/><E60/><V51/><F51/><W14/><G50/><N who="0" m="28751" /><D3/><U20/><E20/><V23/><F23/><W44/><G39/><T75/><D42/><U92/><E92/><V132/><F22/><W123/><G43/><T80/><D83/><U118/><E118/><V81/><F132/><W128/><G123/><T109/><D109/><U77/><E77/><V122/><F122/><W17/><G38/><T53/><D75/><U16/><AGARI ba="0,1" hai="4,8,11,12,13,16,48,49,82,85,91,93,98,103" machi="16" ten="20,8000,1" yaku="1,1,0,1,7,1,8,1,54,1,53,0" doraHai="100" doraHaiUra="108" who="1" fromWho="1" sc="250,-40,240,90,250,-20,250,-20" /><INIT seed="1,0,0,1,5,127" ten="210,330,230,230" oya="1" hai0="123,119,102,73,35,22,34,91,124,8,12,111,9" hai1="117,23,105,56,37,20,74,82,45,57,62,110,92" hai2="122,64,84,67,112,113,1,75,100,99,96,54,95" hai3="66,46,89,106,108,135,19,17,71,51,32,18,128"/><U60/><E105/><V50/><F122/><W103/><G108/><T101/><D111/><U40/><E110/><V41/><F1/><W61/><G135/><T70/><D123/><U65/><E117/><V85/><F75/><W107/><G32/><T7/><D119/><U86/><E92/><V38/><F38/><W42/><G103/><T114/><D114/><N who="2" m="44138" /><F41/><W39/><G89/><T109/><D70/><U30/><E74/><V120/><F120/><W44/><G128/><T118/><D109/><U80/><E30/><V21/><F21/><W28/><G28/><T93/><D118/><U81/><REACH who="1" step="1"/><E86/><REACH who="1" ten="210,320,230,230" step="2"/><N who="2" m="33387" /><F99/><W78/><G107/><T27/><D73/><U55/><AGARI ba="0,1" hai="20,23,37,40,45,55,56,57,60,62,65,80,81,82" machi="55" ten="30,3000,0" yaku="1,1,0,1,53,0" doraHai="127" doraHaiUra="25" who="1" fromWho="1" sc="210,-10,320,40,230,-10,230,-10" /><INIT seed="1,1,0,1,5,31" ten="200,360,220,220" oya="1" hai0="56,110,103,128,8,27,22,55,16,112,90,99,98" hai1="122,33,131,113,81,17,78,14,49,18,100,26,12" hai2="83,132,2,109,96,25,61,120,58,68,63,21,38" hai3="74,46,88,0,41,97,50,47,130,4,125,116,44"/><U86/><E113/><V6/><F120/><W3/><G74/><T104/><D112/><U37/><E37/><V66/><F38/><W52/><G130/><T40/><D128/><U43/><E122/><V73/><F132/><W10/><G125/><T64/><D40/><U60/><E100/><V126/><F126/><W114/><G114/><T76/><D76/><U57/><E131/><V77/><F109/><W101/><G116/><T11/><D64/><U20/><E33/><V107/><F2/><W115/><G115/><T19/><D110/><U71/><E71/><V15/><F107/><W67/><G67/><T82/><D19/><U92/><E92/><V5/><F96/><W72/><G72/><T36/><D36/><U75/><E75/><V32/><F15/><W59/><G3/><T129/><D129/><U45/><REACH who="1" step="1"/><E18/><REACH who="1" ten="200,350,220,220" step="2"/><V111/><F111/><W89/><REACH who="3" step="1"/><G41/><REACH who="3" ten="200,350,220,210" step="2"/><T134/><D134/><U80/><E80/><V13/><F73/><W51/><G51/><T123/><D123/><U117/><E117/><V94/><F83/><W93/><AGARI ba="1,2" hai="0,4,10,44,46,47,50,52,59,88,89,93,97,101" machi="93" ten="30,7900,0" yaku="1,1,0,1,54,2,53,0" doraHai="31" doraHaiUra="118" who="3" fromWho="3" sc="200,-21,350,-40,220,-21,210,102" /><INIT seed="2,0,0,5,2,58" ten="179,310,199,312" oya="2" hai0="80,67,54,20,34,79,74,56,88,15,53,41,94" hai1="62,68,70,3,12,47,89,134,91,127,29,102,87" hai2="64,27,5,33,14,85,9,13,108,51,1,96,133" hai3="6,100,98,86,110,21,126,115,104,93,120,112,24"/><V45/><F133/><W7/><G120/><T39/><D34/><U131/><E3/><V99/><F108/><W19/><G126/><T42/><D15/><U57/><E131/><V118/><F118/><W69/><G69/><T75/><D75/><U105/><E29/><V135/><F135/><W4/><G110/><T65/><D20/><U26/><E26/><V28/><F85/><W119/><G119/><T103/><D103/><U128/><E47/><V38/><F38/><W49/><G49/><T124/><D124/><U109/><E128/><V117/><F117/><W83/><REACH who="3" step="1"/><G104/><REACH who="3" ten="179,310,199,302" step="2"/><T63/><D39/><U48/><E48/><V59/><F99/><W76/><AGARI ba="0,1" hai="4,6,7,19,21,24,76,83,86,93,98,100,112,115" machi="76" ten="30,4000,0" yaku="1,1,2,1,0,1,53,0" doraHai="58" doraHaiUra="60" who="3" fromWho="3" sc="179,-10,310,-10,199,-20,302,50" /><INIT seed="3,0,0,3,3,23" ten="169,300,179,352" oya="3" hai0="94,11,20,134,112,124,100,61,104,80,116,102,47" hai1="57,78,55,13,131,122,66,83,63,1,93,103,106" hai2="127,37,3,96,54,6,99,108,49,84,7,120,40" hai3="31,133,76,128,121,132,118,30,39,95,65,114,113"/><W35/><G39/><T119/><D116/><U64/><E1/><V0/><F120/><W53/><G76/><T34/><D119/><U115/><E106/><V16/><F108/><W28/><G118/><T19/><D34/><U45/><E131/><V12/><F127/><W98/><G65/><T5/><D124/><U117/><E115/><V87/><F37/><W22/><G121/><T75/><D112/><U60/><E122/><V92/><F40/><W68/><G68/><T72/><D104/><U42/><E13/><V101/><F0/><W97/><G128/><T25/><D134/><N who="3" m="51817" /><G35/><T50/><D61/><U27/><E63/><V17/><F3/><W4/><G4/><N who="2" m="1577" /><F99/><N who="3" m="37899" /><G95/><T51/><D94/><U109/><E93/><V32/><F32/><W14/><G53/><T123/><D123/><U52/><E55/><V10/><F17/><AGARI ba="0,0" hai="14,17,22,28,30,31,113,114" m="37899,51817" machi="17" ten="40,2000,0" yaku="20,1" doraHai="23" who="3" fromWho="2" sc="169,0,300,0,179,-20,352,20" /><INIT seed="3,1,0,5,1,68" ten="169,300,159,372" oya="3" hai0="17,58,40,60,88,31,35,8,90,67,46,5,2" hai1="55,44,120,37,52,94,32,20,130,1,75,64,71" hai2="25,91,106,45,26,82,99,96,28,63,117,74,39" hai3="38,43,101,69,103,97,14,111,13,107,119,133,127"/><W23/><G119/><T100/><D100/><U72/><E32/><V7/><F117/><W61/><G127/><T27/><REACH who="0" step="1"/><D17/><REACH who="0" ten="159,300,159,372" step="2"/><U3/><E120/><V102/><F7/><W132/><G103/><T19/><D19/><U89/><E130/><V11/><F102/><W83/><G111/><T95/><D95/><U73/><E94/><V105/><F105/><W116/><G116/><T123/><D123/><U59/><E75/><V34/><F106/><W126/><G126/><T108/><D108/><U0/><E73/><V93/><F74/><W66/><G83/><T121/><D121/><U51/><E72/><V9/><F82/><W77/><G77/><T21/><D21/><U49/><E20/><V22/><F99/><W18/><G133/><T48/><AGARI ba="1,1" hai="2,5,8,27,31,35,40,46,48,58,60,67,88,90" machi="48" ten="20,8000,1" yaku="1,1,0,1,7,1,54,1,53,1" doraHai="68" doraHaiUra="33" who="0" fromWho="0" sc="159,93,300,-21,159,-21,372,-41" /><INIT seed="4,0,0,0,5,11" ten="252,279,138,331" oya="0" hai0="85,88,20,86,27,18,122,8,111,12,124,35,29" hai1="9,50,113,37,74,52,43,97,87,104,103,28,131" hai2="129,55,135,94,40,13,22,79,119,116,60,41,19" hai3="100,72,67,73,115,2,59,24,128,45,38,84,64"/><T15/><D122/><U109/><E109/><V123/><F123/><W68/><G115/><T83/><D111/><U4/><E74/><V90/><F129/><W33/><G128/><T14/><D124/><U121/><E131/><V21/><F135/><W39/><G84/><T48/><D48/><U77/><E28/><V107/><F107/><W96/><G59/><T71/><D71/><U133/><E121/><V75/><F75/><W125/><G125/><T108/><D108/><U102/><E102/><V5/><F79/><W93/><G64/><T105/><D105/><U92/><E37/><V32/><F32/><W101/><G101/><T49/><D49/><U61/><E113/><V30/><F5/><W0/><G38/><T89/><D35/><U3/><E133/><V82/><F82/><AGARI ba="0,0" hai="8,12,14,15,18,20,27,29,82,83,85,86,88,89" machi="82" ten="30,18000,2" yaku="7,1,9,1,8,1,52,3,54,1" doraHai="11" who="0" fromWho="2" sc="252,180,279,0,138,-180,331,0" owari="432,53.0,279,-12.0,-42,-54.0,331,13.0" /></mjloggm>