<mjloggm ver="2.3"><GO type="41" lobby="0"/><UN n0="%E5%B8%9D%E4%BA%AC%E5%B9%B3%E6%88%90%E5%A4%A7%E5%AD%A6" n1="%52%45%44%53%54%41%52" n2="%E3%82%B9%E3%82%AB%E3%83%AB%E3%83%9C%E3%83%BC%E3%82%A4" n3="%E2%93%9D%53%75%70%68%78" dan="15,14,13,17" rate="1967.51,2042.90,1985.90,2051.59" sx="M,M,M,M"/><TAIKYOKU oya="0"/><INIT seed="0,0,0,1,3,75" ten="250,250,250,250" oya="0" hai0="117,87,55,67,26,66,85,18,3,42,118,5,84" hai1="88,107,92,77,135,27,91,41,4,48,11,20,134" hai2="45,80,94,132,83,114,89,99,96,116,103,120,82" hai3="8,128,73,65,52,9,53,64,54,6,40,0,69"/><T50/><D42/><U63/><E107/><N who="2" m="63975" /><F45/><W19/><G128/><T17/><D3/><U121/><E121/><V36/><F36/><W111/><G111/><T58/><D5/><U98/><E63/><V16/><F120/><W22/><G69/><T33/><D33/><U127/><E127/><V109/><F114/><W129/><G129/><T2/><D2/><U76/><E91/><V79/><F16/><W105/><G105/><T31/><D31/><U46/><E134/><V44/><F44/><W29/><G73/><T106/><D106/><U113/><E113/><V131/><F131/><W101/><G101/><T70/><D70/><U10/><E135/><V119/><F109/><W110/><G110/><T28/><D28/><U57/><E57/><V14/><F14/><W24/><G40/><T7/><D7/><U37/><E37/><V13/><F13/><W71/><G71/><T115/><D115/><U97/><E97/><V100/><F132/><W104/><G104/><T93/><D93/><U1/><REACH who="1" step="1"/><E10/><REACH who="1" ten="250,240,250,250" step="2"/><V34/><F89/><W51/><G9/><T108/><D108/><U35/><E35/><V43/><F34/><W68/><G68/><T25/><D67/><U60/><E60/><V12/><F99/><W62/><G62/><T32/><D66/><U130/><E130/><V23/><F100/><W47/><G65/><T124/><D32/><U59/><E59/><V78/><F116/><N who="0" m="44650" /><D124/><U56/><E56/><V86/><F119/><W21/><REACH who="3" step="1"/><G64/><REACH who="3" ten="250,240,250,240" step="2"/><T112/><D112/><U30/><AGARI ba="0,2" hai="1,4,11,20,27,30,41,46,48,76,77,88,92,98" machi="30" ten="20,12000,2" yaku="1,1,0,1,7,1,52,2,54,1,53,0" doraHai="75" doraHaiUra="123" who="1" fromWho="1" sc="250,-60,240,140,250,-30,240,-30" /><INIT seed="1,0,0,5,1,113" ten="190,380,220,210" oya="1" hai0="24,1,34,15,42,120,122,11,30,135,89,49,101" hai1="56,94,43,93,121,105,45,35,20,99,79,103,118" hai2="66,97,114,36,75,16,29,76,123,98,80,0,115" hai3="3,58,37,100,46,84,12,68,71,111,108,82,38"/><U60/><E121/><N who="0" m="46697" /><D101/><U5/><E35/><V129/><F123/><W14/><G100/><T69/><D69/><N who="3" m="26697" /><G58/><T83/><D135/><U57/><E118/><V96/><F129/><W40/><G3/><T18/><D1/><U4/><E79/><V133/><F66/><W119/><G38/><T51/><D42/><U2/><E20/><V124/><F124/><W90/><G119/><T64/><D64/><U88/><E105/><V128/><F128/><W87/><G87/><AGARI ba="0,0" hai="11,15,18,24,30,34,49,51,83,87,89" m="46697" machi="87" ten="30,1000,0" yaku="13,1" doraHai="113" who="0" fromWho="3" sc="190,10,380,0,220,0,210,-10" /><INIT seed="2,0,0,4,4,70" ten="200,380,220,200" oya="2" hai0="127,63,131,69,67,30,114,50,132,83,9,36,25" hai1="29,23,100,21,133,99,113,49,20,27,126,78,92" hai2="38,80,134,77,19,74,18,87,130,44,22,96,41" hai3="34,88,103,106,53,43,110,4,42,10,16,6,117"/><V109/><F130/><W86/><G34/><T39/><D114/><U3/><E113/><V66/><F134/><W37/><G117/><T135/><D131/><U12/><E3/><V118/><F118/><W129/><G129/><T119/><D119/><U8/><E133/><N who="0" m="51273" /><D127/><U82/><E126/><V112/><F112/><W17/><G110/><T1/><D50/><U128/><E49/><V71/><F109/><W35/><G35/><N who="0" m="20943" /><D83/><U31/><E31/><V94/><F74/><W26/><G106/><T68/><D68/><U32/><E128/><V15/><F66/><W123/><G123/><T33/><D33/><U54/><E54/><V116/><F71/><W125/><G53/><T72/><D72/><U75/><REACH who="1" step="1"/><E32/><REACH who="1" ten="200,370,220,200" step="2"/><V120/><F116/><W65/><G125/><T104/><D104/><U14/><E14/><V81/><F15/><W59/><G26/><T48/><D48/><U122/><E122/><V84/><F120/><W61/><G65/><T124/><D124/><U115/><E115/><V52/><F52/><W89/><G61/><T102/><D102/><U47/><E47/><V45/><F45/><W51/><G103/><T56/><D56/><U58/><E58/><V40/><F40/><W101/><G101/><T111/><D111/><U90/><E90/><N who="2" m="55383" /><F22/><W79/><G59/><T93/><D63/><U57/><E57/><V64/><F64/><W105/><G51/><T28/><D67/><U95/><E95/><V24/><F24/><W91/><G105/><T46/><D93/><U2/><E2/><V73/><F81/><W55/><G55/><T11/><D1/><RYUUKYOKU ba="0,1" sc="200,-15,370,15,220,15,200,-15" hai1="8,12,20,21,23,27,29,75,78,82,92,99,100" hai2="18,19,38,41,44,73,77,80,84,87" /><INIT seed="2,1,1,1,4,15" ten="185,385,235,185" oya="2" hai0="67,22,112,32,35,116,97,28,48,12,108,84,18" hai1="23,63,54,44,31,38,86,33,8,66,132,98,110" hai2="42,30,93,62,92,107,79,0,103,117,61,17,101" hai3="1,64,125,7,27,129,121,69,87,70,104,120,128"/><V133/><F117/><W113/><G87/><T114/><D108/><U46/><E110/><V51/><F0/><W89/><G89/><T100/><D116/><U109/><E109/><V83/><F107/><W58/><G27/><T20/><D67/><U95/><E132/><V105/><F105/><W102/><G7/><T43/><D84/><U50/><E33/><V73/><F30/><W74/><G74/><T55/><D43/><U21/><E8/><V68/><F93/><W26/><G26/><T115/><D22/><U96/><E31/><V118/><F118/><W40/><G102/><T47/><REACH who="0" step="1"/><D28/><REACH who="0" ten="175,385,235,185" step="2"/><U75/><E75/><V126/><F42/><W5/><G40/><T10/><D10/><U99/><E38/><V71/><F133/><W25/><G64/><T57/><D57/><N who="1" m="37231" /><E46/><V111/><F71/><W11/><G70/><T85/><D85/><U91/><AGARI ba="1,2" hai="21,23,44,50,54,86,91,95,96,98,99" m="37231" machi="91" ten="30,1100,0" yaku="8,1" doraHai="15" who="1" fromWho="1" sc="175,-4,385,34,235,-6,185,-4" /><INIT seed="3,0,0,1,1,93" ten="171,419,229,181" oya="3" hai0="34,69,88,22,129,91,84,44,66,51,115,29,30" hai1="135,132,49,23,21,5,9,108,31,114,47,12,103" hai2="19,121,117,116,46,83,32,55,78,15,10,42,95" hai3="38,100,48,7,28,59,86,123,35,75,60,58,45"/><W56/><G75/><T118/><D118/><U1/><E114/><V16/><F32/><W99/><G123/><T71/><D115/><U130/><E103/><V81/><F121/><W39/><G7/><T61/><D129/><U73/><E73/><V92/><F116/><W63/><G86/><T104/><D34/><U13/><E49/><V127/><F117/><W54/><G28/><T0/><D0/><U113/><E47/><V27/><F55/><W133/><G35/><T50/><D71/><U14/><E113/><V87/><F127/><W126/><G133/><N who="1" m="51274" /><E130/><V70/><F70/><W109/><G109/><T111/><D111/><U25/><E108/><V105/><F105/><W57/><G126/><T3/><D3/><U40/><E40/><V77/><F19/><AGARI ba="0,0" hai="1,5,9,12,13,14,19,21,23,25,31" m="51274" machi="19" ten="30,3900,0" yaku="20,1,34,2" doraHai="93" who="1" fromWho="2" sc="171,0,419,39,229,-39,181,0" /><INIT seed="4,0,0,1,4,19" ten="171,458,190,181" oya="0" hai0="95,135,44,102,62,47,122,79,42,65,93,101,111" hai1="50,107,53,6,117,27,97,38,113,16,52,22,108" hai2="127,80,119,100,98,12,116,128,41,115,31,68,39" hai3="59,132,14,126,18,83,82,48,71,85,60,133,120"/><T96/><D122/><U21/><E108/><V43/><F68/><W3/><G3/><T103/><D135/><N who="3" m="51785" /><G126/><T67/><D111/><U40/><E117/><N who="2" m="45131" /><F127/><W25/><G25/><T45/><D79/><U74/><E74/><V72/><F39/><W124/><G124/><T75/><D75/><U9/><E113/><V88/><F115/><W78/><G48/><T30/><D30/><N who="1" m="17775" /><E38/><V109/><F109/><W24/><G24/><T13/><D42/><U17/><E107/><V110/><F110/><W4/><G4/><T99/><D101/><U66/><E66/><V15/><F31/><W7/><G7/><T1/><D1/><U92/><E6/><V58/><F58/><W112/><G71/><T105/><D105/><U84/><E84/><N who="2" m="50183" /><F128/><W20/><G112/><T87/><D87/><U121/><E121/><V56/><F56/><W91/><G120/><T129/><D129/><U23/><E9/><V11/><F72/><N who="3" m="43335" /><G59/><T94/><D62/><AGARI ba="0,0" hai="14,18,20,60,62,83,85,91" m="43335,51785" machi="62" ten="30,2000,0" yaku="20,1,52,1" doraHai="19" who="3" fromWho="0" sc="171,-20,458,0,190,0,181,20" /><INIT seed="5,0,0,4,5,96" ten="151,458,190,201" oya="1" hai0="99,97,28,65,86,114,36,17,130,104,124,32,0" hai1="127,115,94,7,52,35,117,59,55,56,30,44,62" hai2="105,87,46,31,49,113,64,90,131,119,133,79,103" hai3="122,73,68,43,91,25,89,40,41,18,98,63,4"/><U2/><E117/><V1/><F119/><W15/><G73/><T70/><D36/><U116/><E116/><V23/><F1/><W48/><G122/><T132/><D0/><U13/><E2/><V75/><F64/><W12/><G68/><T34/><D28/><U106/><E106/><V88/><F31/><W29/><G63/><T134/><D114/><U14/><E115/><V74/><F113/><W50/><G4/><T125/><D17/><U45/><E127/><N who="0" m="48713" /><D86/><U9/><E35/><N who="0" m="13353" /><D104/><U82/><E30/><V135/><F23/><N who="3" m="15551" /><G15/><T102/><D102/><U51/><E82/><N who="2" m="45431" /><F75/><W128/><G128/><T84/><D84/><U129/><E129/><V27/><F27/><W8/><G98/><N who="0" m="37387" /><D130/><U38/><E38/><V110/><F105/><W3/><G3/><T11/><D11/><U85/><REACH who="1" step="1"/><E13/><REACH who="1" ten="151,448,190,201" step="2"/><V39/><F39/><W19/><G12/><T54/><D134/><U26/><E26/><V47/><F131/><W123/><G123/><T95/><D132/><U81/><E81/><V42/><F133/><W69/><G19/><T76/><D95/><U10/><E10/><V80/><F135/><W108/><G18/><T6/><D6/><U61/><E61/><V5/><F5/><W16/><G8/><T66/><D70/><U72/><E72/><V126/><F126/><W100/><G69/><T21/><D21/><U111/><E111/><V37/><F37/><W58/><G108/><T120/><D120/><U109/><E109/><V24/><F110/><W67/><G16/><T107/><D107/><U121/><E121/><V101/><F24/><W33/><G33/><RYUUKYOKU ba="0,1" sc="151,-10,448,30,190,-10,201,-10" hai1="7,9,14,44,45,51,52,55,56,59,62,85,94" /><INIT seed="5,1,1,0,3,96" ten="141,478,180,191" oya="1" hai0="9,82,40,10,94,129,42,68,80,41,57,18,86" hai1="26,12,70,27,135,85,34,48,36,83,54,95,112" hai2="84,65,121,50,37,19,130,79,108,99,49,105,39" hai3="91,43,131,118,100,44,25,73,32,119,117,38,29"/><U5/><E70/><V52/><F121/><W90/><G131/><T132/><D68/><U106/><E106/><V58/><F108/><W46/><G73/><T75/><D129/><U74/><E112/><V20/><F130/><W122/><G122/><T123/><D123/><U62/><E36/><V3/><F3/><W59/><G59/><T30/><D132/><U13/><E135/><V21/><F65/><W104/><G46/><T0/><D0/><U22/><E74/><V101/><F49/><W33/><G33/><T88/><D30/><U127/><E127/><V55/><F55/><W60/><G60/><T45/><D45/><U93/><E62/><V7/><F7/><W24/><G24/><N who="1" m="9258" /><E34/><V63/><F21/><W67/><G67/><T133/><D133/><U1/><E1/><V69/><F63/><W87/><G87/><N who="0" m="50279" /><D75/><U125/><E125/><V56/><F56/><W107/><G107/><T110/><D110/><U115/><E22/><V11/><F11/><N who="0" m="4106" /><D57/><N who="1" m="32967" /><E5/><V102/><F69/><W71/><G71/><T89/><D18/><U28/><E28/><V47/><F58/><W124/><G124/><T126/><D126/><U51/><E51/><V16/><F19/><W116/><G116/><T14/><D14/><N who="1" m="5739" /><E115/><V2/><F2/><W66/><G66/><T109/><D109/><U76/><AGARI ba="1,1" hai="76,83,85,93,95" m="5739,32967,9258" machi="76" ten="30,1500,0" yaku="8,1" doraHai="96" who="1" fromWho="1" sc="141,-6,478,28,180,-6,191,-6" /><INIT seed="5,2,0,3,2,128" ten="135,506,174,185" oya="1" hai0="100,78,126,46,7,83,54,4,124,33,135,49,68" hai1="41,25,72,125,134,50,65,20,44,82,12,102,71" hai2="26,110,130,52,101,6,115,23,31,53,18,76,96" hai3="28,37,2,129,91,88,55,64,40,34,103,22,17"/><U21/><E125/><N who="0" m="48233" /><D68/><U43/><E102/><V75/><F110/><W63/><G2/><T70/><D70/><U108/><E108/><V84/><F75/><W0/><G0/><T123/><D123/><U67/><E72/><V30/><F130/><W69/><G129/><T118/><D118/><U120/><E120/><V9/><F115/><W58/><G28/><T11/><D33/><U10/><E82/><V90/><F76/><W60/><G34/><T42/><D100/><U47/><E71/><V59/><F31/><W104/><G40/><T109/><D109/><U131/><E131/><V8/><F30/><W39/><G103/><T122/><D122/><U77/><E77/><V97/><F101/><W38/><REACH who="3" step="1"/><G104/><REACH who="3" ten="135,506,174,175" step="2"/><T27/><D42/><U95/><E43/><V98/><F6/><W99/><G99/><T13/><D4/><U116/><E41/><V113/><F113/><W105/><G105/><T89/><D7/><U107/><E107/><V93/><REACH who="2" step="1"/><F53/><REACH who="2" ten="135,506,164,175" step="2"/><W66/><G66/><T85/><D54/><U79/><E67/><V57/><F57/><W32/><G32/><T112/><D112/><U117/><E65/><V81/><F81/><W56/><G56/><T19/><D83/><U127/><E127/><V80/><F80/><W114/><G114/><T45/><D46/><U74/><E47/><V14/><F14/><AGARI ba="2,2" hai="14,17,22,37,38,39,55,58,60,63,64,69,88,91" machi="14" ten="40,5200,0" yaku="1,1,54,1,53,1" doraHai="128" doraHaiUra="62" who="3" fromWho="2" sc="135,0,506,0,164,-58,175,78" /><INIT seed="6,0,0,2,2,1" ten="135,506,106,253" oya="2" hai0="35,18,37,9,119,12,80,73,2,116,91,76,26" hai1="67,63,14,117,33,61,108,23,66,20,19,4,92" hai2="64,97,128,8,84,88,56,71,40,130,59,102,127" hai3="74,50,87,42,94,81,109,38,122,43,101,111,62"/><V90/><F40/><W3/><G3/><T55/><D37/><U113/><E108/><V15/><F127/><W77/><G50/><T17/><D2/><U36/><E117/><N who="0" m="45129" /><D91/><U104/><E104/><V100/><F71/><W121/><G62/><N who="1" m="23562" /><E36/><V34/><F34/><W69/><G43/><T89/><D89/><N who="2" m="34410" /><F64/><N who="1" m="24617" /><E33/><V53/><F84/><W112/><G87/><T124/><D124/><U105/><E105/><V131/><F53/><W58/><G111/><T65/><D65/><U51/><E92/><N who="2" m="58407" /><F102/><W120/><G101/><T115/><D115/><U7/><E113/><V41/><F41/><W118/><G112/><T129/><D129/><N who="2" m="33026" /><V99/><DORA hai="6" /><F99/><W21/><G118/><T75/><D55/><U86/><E86/><V126/><F126/><W70/><G109/><T79/><D79/><U107/><E107/><V78/><F78/><W13/><G77/><T133/><D75/><U48/><E20/><V68/><F68/><W31/><G70/><T47/><D35/><U72/><E72/><V28/><F28/><W60/><G31/><T45/><D133/><U132/><E132/><V29/><F29/><W16/><G69/><T135/><D135/><U32/><E32/><V44/><F44/><W123/><G123/><T93/><D93/><U54/><E51/><V106/><F106/><W110/><G110/><T49/><D49/><U24/><E48/><V25/><F25/><W27/><G122/><T85/><D85/><U114/><E114/><V95/><F95/><W0/><G121/><T57/><D26/><U134/><E134/><V11/><F15/><W46/><G120/><RYUUKYOKU ba="0,0" sc="135,-10,506,-10,106,30,253,-10" hai2="8,11,56,59" /><INIT seed="6,1,0,3,4,94" ten="125,496,136,243" oya="2" hai0="81,9,42,111,22,7,18,28,80,117,110,24,16" hai1="124,19,21,20,64,54,103,67,121,46,77,15,106" hai2="69,63,74,29,26,118,32,104,126,107,55,0,33" hai3="88,34,133,132,44,17,60,108,40,71,11,90,47"/><V95/><F118/><W6/><G108/><T78/><D117/><U96/><E124/><V31/><F74/><W92/><G34/><T56/><D42/><U10/><E121/><V5/><F126/><W82/><G17/><T120/><D120/><U53/><E77/><V85/><F5/><W87/><G60/><T61/><D111/><U75/><E75/><V89/><F0/><W43/><G71/><T45/><D45/><U102/><E102/><V130/><F130/><W1/><G47/><T113/><D113/><U39/><E39/><V127/><F127/><W91/><G43/><T114/><D114/><U14/><E20/><V98/><F85/><W100/><G100/><T36/><D36/><U134/><E134/><N who="3" m="51818" /><G82/><N who="0" m="31851" /><D78/><U49/><E54/><V72/><F72/><W128/><G128/><T123/><D123/><U12/><E12/><V83/><F83/><W25/><G25/><T76/><D76/><U73/><E73/><V101/><F101/><W70/><G70/><T52/><D110/><U57/><E46/><V41/><F41/><W125/><G125/><T13/><AGARI ba="1,0" hai="7,9,13,16,18,22,24,28,52,56,61" m="31851" machi="13" ten="30,4000,0" yaku="8,1,54,2" doraHai="94" who="0" fromWho="0" sc="125,43,496,-11,136,-21,243,-11" /><INIT seed="7,0,0,3,5,62" ten="168,485,115,232" oya="3" hai0="38,17,11,35,59,94,76,73,106,9,19,34,87" hai1="44,46,64,118,67,93,16,58,23,107,28,92,51" hai2="55,127,72,29,108,14,66,104,99,69,41,45,128" hai3="78,54,120,12,1,121,30,63,43,53,79,124,132"/><W111/><G1/><T125/><D106/><U26/><E107/><V91/><F108/><W81/><G132/><T33/><D38/><U21/><E118/><V48/><F72/><W31/><G63/><T129/><D73/><U2/><E2/><V71/><F29/><W13/><G81/><T98/><D125/><U89/><E58/><V49/><F14/><W95/><G95/><N who="1" m="36426" /><E89/><V6/><F6/><W109/><G43/><T119/><D19/><U101/><E101/><V97/><F91/><W50/><G50/><T85/><D11/><U90/><E90/><V65/><F104/><W77/><G77/><T42/><D129/><U134/><E134/><V84/><F84/><W68/><G68/><N who="2" m="26185" /><F97/><W7/><G7/><T83/><D42/><N who="1" m="24983" /><E46/><N who="2" m="28055" /><F99/><W8/><G8/><T27/><D98/><U112/><E112/><V52/><F128/><W15/><G15/><AGARI ba="0,0" hai="15,16,21,23,26,28,64,67" m="24983,36426" machi="15" ten="30,7700,0" yaku="8,1,52,2,54,1" doraHai="62" who="1" fromWho="3" sc="168,0,485,77,115,0,232,-77" owari="168,-3.0,562,65.0,115,-38.0,155,-24.0" /></mjloggm>