<mjloggm ver="2.3"><GO type="41" lobby="0"/><UN n0="%E3%82%AF%E3%82%A8%E3%83%BC%E3%82%B5%E3%83%BC" n1="%E2%93%9D%53%75%70%68%78" n2="%E7%8C%AB%E7%8C%AB%E8%99%AB" n3="%E4%B8%80%E6%97%A5%E4%B8%80%E4%B8%87%E6%AD%A9" dan="14,18,13,14" rate="1941.83,2060.85,1957.72,1947.48" sx="M,M,M,M"/><TAIKYOKU oya="0"/><INIT seed="0,0,0,0,0,46" ten="250,250,250,250" oya="0" hai0="84,97,85,63,3,43,113,61,37,15,52,2,64" hai1="44,118,40,4,56,103,31,75,50,76,33,86,109" hai2="108,98,132,36,126,27,23,69,65,5,9,87,7" hai3="82,115,58,116,94,62,70,83,121,124,21,51,60"/><T35/><D113/><U99/><E118/><V12/><F36/><W133/><G115/><T47/><D35/><U107/><E109/><V54/><F108/><W22/><G116/><T111/><D111/><U71/><E71/><V123/><F123/><W39/><G39/><T14/><D97/><U32/><E75/><V117/><F126/><W10/><G121/><T28/><D28/><U11/><E31/><V24/><F132/><W72/><G124/><T74/><D74/><U59/><E33/><V45/><F5/><W19/><G133/><T91/><D85/><U129/><E129/><V120/><F120/><W88/><G70/><T13/><D63/><N who="3" m="24105" /><G72/><T6/><D6/><U79/><E32/><V49/><F69/><W80/><G10/><T92/><REACH who="0" step="1"/><D64/><REACH who="0" ten="240,250,250,250" step="2"/><U18/><E86/><V78/><F65/><W89/><G19/><T73/><D73/><U48/><E18/><V96/><F117/><W53/><G89/><T1/><D1/><U8/><E4/><V66/><F66/><W100/><G100/><T17/><D17/><U95/><E103/><V90/><F90/><W77/><G77/><T119/><D119/><U67/><E79/><V81/><REACH who="2" step="1"/><F27/><REACH who="2" ten="240,250,240,250" step="2"/><W38/><G38/><T114/><D114/><U25/><E25/><V102/><F102/><W34/><G34/><T57/><AGARI ba="0,2" hai="2,3,13,14,15,37,43,47,52,57,61,84,91,92" machi="57" ten="30,6000,0" yaku="1,1,0,1,54,1,53,0" doraHai="46" doraHaiUra="134" who="0" fromWho="0" sc="240,80,250,-20,240,-20,250,-20" /><INIT seed="0,1,0,0,2,107" ten="320,230,220,230" oya="0" hai0="91,96,130,64,95,31,46,73,25,67,24,60,34" hai1="131,69,19,65,30,32,110,86,14,113,117,59,4" hai2="20,79,101,28,44,58,0,5,75,6,135,47,9" hai3="112,68,77,134,128,72,50,21,23,90,122,115,37"/><T129/><D46/><U105/><E117/><V66/><F135/><W38/><G68/><T74/><D67/><U16/><E105/><V103/><F6/><W13/><G134/><T3/><D3/><U111/><E69/><V56/><F47/><W61/><G128/><N who="0" m="49259" /><D25/><U29/><E86/><V54/><F66/><W106/><G61/><T116/><D116/><U41/><E41/><V52/><F44/><W119/><G106/><T1/><D1/><U85/><E85/><V102/><F28/><N who="1" m="10857" /><E59/><AGARI ba="1,0" hai="24,31,34,59,60,64,73,74,91,95,96" m="49259" machi="59" ten="30,5800,0" yaku="19,1,52,2" doraHai="107" who="0" fromWho="1" sc="320,61,230,-61,220,0,230,0" /><INIT seed="0,2,0,2,5,35" ten="381,169,220,230" oya="0" hai0="123,21,63,77,61,39,119,132,70,122,69,54,102" hai1="40,88,23,9,105,91,13,125,14,85,93,120,55" hai2="65,1,83,99,11,8,22,134,98,86,15,28,128" hai3="131,50,52,34,64,106,45,68,121,60,0,130,82"/><T26/><D119/><U124/><E105/><V25/><F128/><W2/><G106/><T66/><D39/><U5/><E120/><V94/><F134/><W118/><G118/><T78/><D102/><U48/><E40/><V17/><F65/><W81/><G34/><T32/><D32/><U127/><E91/><V73/><F73/><W16/><G16/><T97/><D97/><U76/><E76/><V84/><F84/><W42/><G121/><T59/><D54/><U116/><E116/><V31/><F31/><W109/><G109/><T18/><D26/><U115/><E115/><V56/><F56/><W80/><REACH who="3" step="1"/><G42/><REACH who="3" ten="381,169,220,220" step="2"/><T75/><D18/><U126/><E126/><V33/><F11/><W107/><G107/><T71/><D21/><U100/><E23/><V44/><F33/><W51/><G51/><T37/><D123/><U46/><REACH who="1" step="1"/><E100/><REACH who="1" ten="381,159,220,220" step="2"/><V41/><F22/><W62/><G62/><T29/><D63/><U10/><E10/><V47/><F8/><W79/><G79/><T43/><D61/><U12/><AGARI ba="2,2" hai="5,9,12,13,14,46,48,55,85,88,93,124,125,127" machi="12" ten="40,12000,2" yaku="1,1,0,1,18,1,54,1,53,3" doraHai="35" doraHaiUra="133" who="1" fromWho="1" sc="381,-62,159,146,220,-32,220,-32" /><INIT seed="1,0,0,4,0,127" ten="319,305,188,188" oya="1" hai0="87,16,78,75,73,17,98,4,120,77,82,129,44" hai1="124,109,123,51,42,114,48,55,101,52,133,83,19" hai2="126,91,119,131,46,53,105,37,20,81,18,88,121" hai3="117,22,85,72,13,68,84,130,24,100,93,26,33"/><U29/><E114/><V12/><F119/><W40/><G68/><T5/><D120/><U35/><E123/><V59/><F121/><W104/><G117/><T106/><D87/><U25/><E124/><V27/><F105/><W70/><G70/><T58/><D44/><U47/><E133/><V67/><F126/><W1/><G1/><T118/><D118/><U79/><E109/><V76/><F67/><W7/><G72/><T9/><D58/><U110/><E110/><V61/><F131/><W6/><G104/><T31/><D31/><U3/><E3/><V65/><F27/><W36/><G36/><T96/><D106/><U63/><E101/><V2/><F2/><W99/><G40/><T8/><REACH who="0" step="1"/><D82/><REACH who="0" ten="309,305,188,188" step="2"/><U30/><E30/><V50/><REACH who="2" step="1"/><F37/><REACH who="2" ten="309,305,178,188" step="2"/><W95/><G130/><AGARI ba="0,2" hai="4,5,8,9,16,17,73,75,77,78,96,98,129,130" machi="130" ten="25,12000,2" yaku="1,1,2,1,22,2,52,2,54,1,53,0" doraHai="127" doraHaiUra="128" who="0" fromWho="3" sc="309,140,305,0,178,0,188,-120" /><INIT seed="2,0,0,1,5,34" ten="449,305,178,68" oya="2" hai0="111,101,122,21,9,51,7,12,84,96,88,17,62" hai1="135,119,79,109,112,25,50,14,98,125,38,69,26" hai2="78,49,57,128,110,1,92,95,70,41,8,56,3" hai3="33,102,16,52,83,89,116,13,133,85,11,0,106"/><V72/><F128/><W42/><G33/><T36/><D36/><U118/><E79/><V19/><F70/><W86/><G116/><T32/><D122/><U4/><E98/><V71/><F71/><W24/><G133/><T99/><D111/><U107/><E125/><V123/><F123/><W90/><G42/><T63/><D32/><U117/><E107/><V115/><F115/><W2/><G24/><T87/><D51/><U53/><E109/><V37/><F37/><W39/><G39/><T48/><D48/><U129/><E112/><V40/><F110/><W67/><G67/><T23/><D23/><U105/><E105/><V80/><F92/><W130/><G130/><T15/><D96/><U27/><E69/><V120/><F120/><W103/><G102/><T45/><D45/><U73/><E73/><V47/><F40/><W132/><G132/><T108/><D87/><U55/><E38/><V43/><F43/><W134/><G134/><T68/><D68/><U64/><E64/><V35/><F35/><W46/><G103/><T29/><D29/><U5/><E135/><V82/><F82/><N who="3" m="49335" /><G106/><T74/><D74/><U6/><E129/><V66/><F95/><W77/><G77/><T10/><D10/><U18/><REACH who="1" step="1"/><E50/><AGARI ba="0,0" hai="0,2,11,13,16,46,50,52,83,86,90" m="49335" machi="50" ten="30,8000,1" yaku="25,1,52,2,54,2" doraHai="34" who="3" fromWho="1" sc="449,0,305,-80,178,0,68,80" /><INIT seed="3,0,0,4,3,39" ten="449,225,178,148" oya="3" hai0="35,10,100,97,32,110,33,2,83,31,79,45,123" hai1="61,21,101,125,121,68,98,99,30,117,16,43,55" hai2="69,81,9,126,64,25,135,73,42,85,59,105,72" hai3="106,82,62,8,49,89,37,128,26,132,1,41,80"/><W113/><G106/><T46/><D123/><U92/><E121/><V22/><F105/><W124/><G113/><T28/><D110/><U112/><E112/><V29/><F69/><W40/><G37/><T87/><D2/><U20/><E125/><V66/><F135/><W104/><G124/><T44/><REACH who="0" step="1"/><D10/><REACH who="0" ten="439,225,178,148" step="2"/><U122/><E122/><V78/><F126/><W63/><G1/><T71/><D71/><U116/><E68/><V34/><F9/><W76/><G8/><T18/><D18/><U57/><E117/><V51/><F29/><W5/><G128/><T134/><D134/><U102/><E116/><V67/><F34/><W38/><G132/><T65/><D65/><U56/><E30/><V96/><F67/><W77/><G5/><T15/><D15/><U27/><E21/><V120/><F66/><W47/><G26/><T115/><D115/><U12/><E12/><V93/><F64/><W86/><G104/><AGARI ba="0,1" hai="28,31,32,33,35,44,45,46,79,83,87,97,100,104" machi="104" ten="50,1600,0" yaku="1,1,53,0" doraHai="39" doraHaiUra="131" who="0" fromWho="3" sc="439,26,225,0,178,0,148,-16" /><INIT seed="4,0,0,0,5,125" ten="465,225,178,132" oya="0" hai0="98,60,115,35,66,78,90,94,51,73,31,36,50" hai1="55,80,24,3,97,8,107,117,74,85,101,112,28" hai2="122,99,17,22,46,82,87,84,13,124,11,110,5" hai3="29,10,88,1,6,81,52,44,91,65,79,121,2"/><T70/><D36/><U9/><E117/><V119/><F110/><W61/><G1/><T54/><D115/><U25/><E74/><V30/><F124/><W134/><G134/><T111/><D51/><U126/><E126/><V45/><F122/><W123/><G29/><T49/><D50/><U114/><E55/><V100/><F119/><W32/><G32/><T135/><D135/><U127/><E25/><V21/><F30/><W64/><G64/><T113/><D113/><N who="1" m="43627" /><E3/><V83/><F21/><W16/><G16/><T92/><D92/><U40/><E40/><V67/><F67/><W34/><G34/><T0/><D0/><U103/><E103/><V59/><F59/><N who="3" m="35047" /><G44/><T118/><D66/><U75/><E75/><V131/><F83/><W95/><G95/><T18/><D94/><U56/><E56/><V72/><F72/><N who="3" m="43239" /><G65/><T132/><D31/><U12/><E12/><V96/><F46/><W42/><G42/><T53/><D35/><N who="1" m="20871" /><E127/><V27/><F45/><W106/><G106/><T43/><D18/><U108/><E108/><V129/><F84/><W41/><G41/><T86/><D43/><U4/><E4/><V15/><F15/><W89/><G89/><AGARI ba="0,0" hai="8,9,80,85,89,97,101,107" m="20871,43627" machi="89" ten="30,2000,0" yaku="15,1,11,1" doraHai="125" who="1" fromWho="3" sc="465,0,225,20,178,0,132,-20" /><INIT seed="5,0,0,3,4,64" ten="465,245,178,112" oya="1" hai0="131,17,125,60,85,94,119,65,34,66,117,19,83" hai1="99,78,16,87,109,20,45,50,53,84,36,110,24" hai2="62,112,74,11,89,121,76,57,56,116,96,113,101" hai3="43,105,124,63,123,106,97,59,31,18,23,26,118"/><U98/><E36/><V69/><F116/><W14/><G118/><T37/><D34/><U102/><E99/><V0/><F121/><W67/><G123/><T86/><D37/><U114/><E114/><N who="2" m="44139" /><F89/><W130/><G124/><T7/><D7/><U120/><E120/><V75/><F0/><W77/><G130/><T95/><D60/><U42/><E42/><V127/><F11/><W46/><G97/><T134/><D83/><U122/><E78/><V54/><F127/><W40/><G77/><T55/><D55/><U92/><REACH who="1" step="1"/><E122/><REACH who="1" ten="465,235,178,112" step="2"/><V33/><F76/><W38/><REACH who="3" step="1"/><G40/><REACH who="3" ten="465,235,178,102" step="2"/><T28/><D125/><U93/><E93/><V39/><F96/><W132/><G132/><T49/><D134/><U135/><E135/><V133/><F133/><W12/><G12/><T10/><D95/><U103/><E103/><V13/><F101/><W108/><G108/><AGARI ba="0,2" hai="16,20,24,45,50,53,84,87,92,98,102,108,109,110" machi="108" ten="40,12000,1" yaku="1,1,10,1,54,1,53,1" doraHai="64" doraHaiUra="22" who="1" fromWho="3" sc="465,0,235,140,178,0,102,-120" owari="465,56.0,375,18.0,178,-22.0,-18,-52.0" /></mjloggm>