<mjloggm ver="2.3"><GO type="41" lobby="0"/><UN n0="%E6%9E%B3" n1="%EF%BC%A0%E6%AC%A1%E7%94%B7" n2="%43%68%65%65%73%65%39%39" n3="%E2%93%9D%53%75%70%68%78" dan="14,13,13,17" rate="2049.15,1939.92,1852.18,2064.90" sx="F,M,M,M"/><TAIKYOKU oya="0"/><INIT seed="0,0,0,5,2,60" ten="250,250,250,250" oya="0" hai0="54,109,70,14,57,40,0,133,63,68,1,99,97" hai1="134,24,82,122,62,107,128,117,5,86,55,8,106" hai2="85,31,25,103,116,100,89,80,37,131,115,43,51" hai3="6,15,105,41,53,102,13,4,48,42,101,49,39"/><T34/><D34/><U58/><E117/><V78/><F115/><W94/><G94/><T32/><D32/><U108/><E122/><V84/><F116/><W59/><G39/><T88/><D133/><U120/><E120/><V74/><F37/><W61/><G61/><T20/><D40/><U69/><E134/><V77/><F131/><W22/><G22/><T12/><D109/><U110/><E128/><V135/><F135/><W112/><G59/><T35/><D35/><U124/><E124/><V26/><F78/><W121/><G121/><T132/><D132/><U72/><E72/><V71/><F71/><W95/><G95/><T130/><D130/><U7/><E69/><V33/><F26/><W126/><G53/><T98/><D68/><U28/><E5/><V119/><F119/><W129/><G129/><T114/><D114/><U93/><E93/><V123/><F123/><W83/><G83/><T47/><D88/><N who="1" m="51287" /><E24/><V2/><F2/><W75/><G112/><T104/><D104/><U3/><E28/><V30/><F31/><W90/><G90/><T23/><D0/><U76/><E76/><V96/><F96/><W45/><G75/><T18/><D1/><U29/><E29/><V127/><F127/><W52/><G126/><T21/><D70/><U16/><E16/><V17/><F17/><W50/><G105/><T111/><D111/><N who="1" m="42539" /><E107/><V118/><F118/><W65/><G6/><T66/><D18/><U56/><E106/><V91/><F43/><W92/><G42/><T73/><D73/><U87/><E87/><N who="2" m="33355" /><F51/><AGARI ba="0,0" hai="12,14,20,21,23,47,51,54,57,63,66,97,98,99" machi="51" ten="40,3900,0" yaku="8,1,52,1" doraHai="60" who="0" fromWho="2" sc="250,39,250,0,250,-39,250,0" /><INIT seed="0,1,0,0,5,51" ten="289,250,211,250" oya="0" hai0="111,22,3,91,114,69,26,15,106,57,42,55,117" hai1="28,39,103,23,112,46,53,72,2,83,81,41,116" hai2="76,44,113,99,4,64,101,30,119,115,123,100,132" hai3="110,35,97,62,128,77,68,32,45,5,31,125,94"/><T134/><D114/><U135/><E112/><V38/><F119/><W16/><G5/><T11/><D117/><U13/><E116/><V20/><F123/><W105/><G77/><T59/><D69/><U9/><E135/><V124/><F132/><W84/><G105/><T118/><D118/><U96/><E72/><V1/><F124/><W122/><G31/><T66/><D134/><U85/><E2/><V107/><F76/><W67/><G84/><T86/><D106/><U25/><E85/><V90/><F64/><W130/><G45/><T49/><D3/><U126/><E126/><V73/><F73/><W24/><G110/><T18/><D111/><U63/><E63/><V133/><F133/><W27/><G122/><T37/><D37/><U17/><REACH who="1" step="1"/><E53/><REACH who="1" ten="289,240,211,250" step="2"/><V104/><F115/><W89/><G125/><T127/><D127/><U56/><E56/><V6/><F113/><W95/><G68/><T60/><D42/><U47/><E47/><V71/><F71/><W93/><G67/><T120/><D120/><U0/><E0/><V70/><F70/><W40/><G40/><T29/><D86/><U14/><E14/><V8/><F1/><W12/><G12/><T61/><D61/><U98/><E98/><V78/><F44/><W48/><G97/><T79/><D79/><U121/><E121/><V80/><F78/><W54/><G62/><T74/><REACH who="0" step="1"/><D74/><REACH who="0" ten="279,240,211,250" step="2"/><U82/><E82/><V129/><F80/><W109/><G109/><T10/><D10/><U108/><E108/><V131/><F8/><W21/><G48/><T36/><D36/><U19/><E19/><RYUUKYOKU ba="1,2" sc="279,15,240,15,211,-15,250,-15" hai0="11,15,18,22,26,29,49,55,57,59,60,66,91" hai1="9,13,17,23,25,28,39,41,46,81,83,96,103" /><INIT seed="0,2,2,5,1,103" ten="294,255,196,235" oya="0" hai0="96,102,106,72,77,112,91,11,46,3,120,34,15" hai1="48,60,35,1,39,101,122,22,37,33,118,114,56" hai2="131,92,55,110,65,115,121,113,89,133,44,99,21" hai3="73,30,23,20,4,98,119,2,50,116,124,40,109"/><T123/><D112/><U82/><E114/><V64/><F121/><W59/><G73/><T53/><D34/><U104/><E1/><V117/><F110/><W70/><G70/><T75/><D3/><U100/><E118/><V126/><F126/><W127/><G98/><T41/><D53/><U57/><E122/><V97/><F117/><W62/><G109/><T18/><D72/><U90/><E48/><V130/><F133/><W51/><G2/><T95/><D77/><U8/><E8/><V125/><F125/><W12/><G12/><T67/><D67/><U36/><E22/><V10/><F21/><W7/><G62/><T134/><D75/><U13/><E13/><V84/><F10/><W61/><G61/><T17/><D17/><U16/><E16/><V5/><F5/><W85/><G85/><T43/><D134/><U28/><E28/><V14/><F14/><W24/><G30/><T94/><D41/><U27/><E27/><V83/><F115/><W38/><G40/><T108/><D108/><U135/><E135/><V87/><F113/><W19/><G19/><T45/><D45/><U49/><E49/><V129/><F55/><W80/><G24/><T105/><D120/><U26/><E26/><V25/><F44/><W78/><G78/><T63/><D63/><U128/><E128/><V71/><F25/><W47/><G47/><T9/><D9/><U81/><E60/><N who="2" m="40327" /><F65/><W31/><G31/><T86/><REACH who="0" step="1"/><D123/><REACH who="0" ten="284,255,196,235" step="2"/><U111/><E33/><V74/><F74/><W29/><G29/><T79/><D79/><AGARI ba="2,3" hai="79,83,84,87,89,92,97,99,129,130,131" m="40327" machi="79" ten="30,1000,0" yaku="19,1" doraHai="103" who="2" fromWho="0" sc="284,-16,255,0,196,46,235,0" /><INIT seed="1,0,0,5,1,91" ten="268,255,242,235" oya="1" hai0="85,22,62,65,92,87,17,121,38,74,52,101,99" hai1="64,32,53,131,106,68,11,37,81,45,18,76,7" hai2="107,105,70,75,71,44,35,86,118,50,10,119,60" hai3="42,82,48,8,20,132,108,104,114,4,34,27,36"/><U83/><E106/><V117/><F75/><W103/><G114/><T58/><D121/><U98/><E131/><V73/><F73/><W124/><G34/><T96/><D74/><U12/><E32/><V111/><F35/><W120/><G108/><T130/><D130/><U6/><E68/><V9/><F111/><W94/><G132/><T14/><D38/><U5/><E64/><V80/><F105/><W115/><G124/><T13/><D96/><U61/><E37/><V127/><F107/><W95/><G115/><T55/><D13/><U122/><E122/><V59/><F127/><W25/><G25/><T109/><D109/><U123/><E123/><V134/><F134/><W21/><G21/><T63/><REACH who="0" step="1"/><D55/><REACH who="0" ten="258,255,242,235" step="2"/><U133/><E133/><V67/><F70/><AGARI ba="0,1" hai="14,17,22,52,58,62,63,65,70,85,87,92,99,101" machi="70" ten="30,8000,1" yaku="1,1,2,1,7,1,52,1,54,1,53,0" doraHai="91" doraHaiUra="79" who="0" fromWho="2" sc="258,90,255,0,242,-80,235,0" /><INIT seed="2,0,0,5,4,32" ten="348,255,162,235" oya="2" hai0="97,57,68,103,127,123,98,59,74,112,130,26,38" hai1="93,49,132,129,9,1,102,53,54,134,12,81,47" hai2="82,25,77,114,124,128,79,35,104,105,109,41,14" hai3="10,110,11,19,108,2,121,119,23,55,4,133,84"/><V117/><F117/><W96/><G96/><T73/><D112/><U50/><E129/><V30/><F114/><W91/><G119/><T101/><D130/><U62/><E62/><V3/><F128/><W7/><G55/><T66/><D123/><U85/><E1/><V65/><F124/><W52/><G133/><T70/><D127/><U36/><E36/><V106/><F41/><W22/><G121/><T51/><D38/><U88/><E102/><V34/><F109/><N who="3" m="42091" /><G19/><T45/><D66/><U100/><E100/><V95/><F65/><W16/><G52/><T116/><D116/><U33/><E33/><V42/><F42/><W92/><G16/><T90/><D45/><U122/><E122/><V61/><F61/><W20/><G20/><T99/><D99/><U131/><E131/><V87/><F3/><AGARI ba="0,0" hai="2,3,4,7,10,11,22,23,84,91,92" m="42091" machi="3" ten="30,3900,0" yaku="14,1,52,2" doraHai="32" who="3" fromWho="2" sc="348,0,255,0,162,-39,235,39" /><INIT seed="3,0,0,1,2,50" ten="348,255,123,274" oya="3" hai0="91,11,106,112,95,86,27,56,58,123,39,90,70" hai1="73,81,0,75,17,25,1,60,118,129,32,116,34" hai2="85,52,21,61,130,6,47,18,45,133,92,89,35" hai3="9,2,29,128,20,51,126,87,135,80,119,110,13"/><W111/><G119/><N who="1" m="45610" /><E60/><V68/><F130/><W124/><G128/><T10/><D123/><U93/><E93/><V64/><F133/><W109/><G135/><T53/><D70/><U16/><E81/><V5/><F35/><N who="1" m="13353" /><E25/><V24/><REACH who="2" step="1"/><F47/><REACH who="2" ten="348,255,113,274" step="2"/><W104/><G111/><T131/><D131/><U69/><E129/><V3/><F3/><N who="1" m="1097" /><E69/><V30/><F30/><W117/><G117/><T67/><D56/><U74/><AGARI ba="0,1" hai="16,17,73,74,75" m="1097,13353,45610" machi="74" ten="50,8000,1" yaku="28,2,12,1,54,1" doraHai="50" who="1" fromWho="1" sc="348,-20,255,90,113,-20,274,-40" /><INIT seed="4,0,0,0,0,15" ten="328,345,93,234" oya="0" hai0="107,63,64,66,135,60,59,32,23,52,94,109,30" hai1="84,71,72,18,108,27,9,47,14,53,31,87,42" hai2="131,7,49,68,106,134,20,81,120,24,54,98,10" hai3="6,21,4,88,25,11,28,62,124,115,44,123,36"/><T22/><D107/><U73/><E108/><V122/><F131/><W76/><G115/><T110/><D32/><U97/><E71/><V99/><F134/><W55/><G124/><T57/><D135/><U74/><E53/><V40/><F68/><W130/><G76/><T58/><D94/><U26/><E97/><V113/><F40/><W77/><G77/><T56/><D22/><U78/><E78/><V67/><F67/><N who="0" m="25642" /><D30/><U29/><E29/><V33/><F33/><W5/><G123/><T91/><D91/><U12/><E12/><V119/><F119/><W13/><G130/><T17/><D109/><U75/><N who="1" m="18432" /><DORA hai="105" /><U45/><E45/><V2/><F81/><W35/><G35/><T46/><D110/><U125/><E125/><V34/><F34/><W118/><G118/><T65/><D46/><U93/><E31/><V126/><F126/><W83/><G44/><T51/><N who="0" m="25650" /><T96/><DORA hai="80" /><D96/><U129/><E129/><V104/><F113/><W48/><G28/><T39/><D39/><U8/><E8/><V95/><F120/><W61/><G36/><T69/><D69/><U85/><REACH who="1" step="1"/><E93/><REACH who="1" ten="328,335,93,234" step="2"/><V0/><F122/><W133/><G11/><T19/><D23/><U121/><E121/><V86/><F20/><W38/><G21/><T70/><D70/><U43/><E43/><V79/><F95/><W16/><G133/><T92/><D92/><U1/><E1/><V101/><F2/><W3/><G3/><T116/><D116/><U132/><E132/><V127/><F0/><W90/><G13/><T114/><D114/><U103/><E103/><RYUUKYOKU ba="0,1" sc="328,15,335,15,93,-15,234,-15" hai0="17,19,51,52,56,57,58,59,60,63" hai1="9,14,18,26,27,42,47,84,85,87" /><INIT seed="4,1,1,0,3,68" ten="343,350,78,219" oya="0" hai0="98,124,83,21,91,67,114,13,102,107,23,40,1" hai1="119,20,82,123,120,49,129,38,95,33,36,48,70" hai2="97,130,80,112,62,121,131,26,27,75,93,127,105" hai3="99,115,46,134,29,52,87,37,66,78,85,12,41"/><T43/><D1/><U132/><E70/><V63/><F121/><W55/><G115/><T6/><D114/><U90/><E33/><V32/><F112/><W74/><G134/><T16/><D124/><U61/><E119/><V116/><F127/><W45/><G66/><T53/><D67/><U0/><E0/><V81/><F116/><W44/><G74/><T50/><D6/><U25/><E82/><V58/><F105/><W92/><G29/><T86/><REACH who="0" step="1"/><D21/><REACH who="0" ten="333,350,78,219" step="2"/><U65/><E123/><V104/><F32/><W76/><G55/><T47/><AGARI ba="1,2" hai="13,16,23,40,43,47,50,53,83,86,91,98,102,107" machi="47" ten="20,12000,1" yaku="1,1,2,1,0,1,7,1,54,1,53,0" doraHai="68" doraHaiUra="73" who="0" fromWho="0" sc="333,143,350,-41,78,-41,219,-41" /><INIT seed="4,2,0,3,1,127" ten="476,309,37,178" oya="0" hai0="91,24,59,42,116,87,1,126,102,2,28,36,47" hai1="73,29,61,67,22,56,114,40,33,41,93,70,30" hai2="17,99,26,71,64,131,74,117,109,121,135,133,46" hai3="96,21,79,14,45,111,3,119,105,37,84,97,108"/><T88/><D126/><U107/><E107/><V134/><F74/><W8/><G3/><T120/><D120/><U80/><E33/><V115/><F99/><W63/><G119/><T0/><D116/><U132/><E132/><V82/><F82/><W25/><G63/><T6/><D102/><U66/><E73/><V58/><F117/><W19/><G105/><T113/><D113/><U55/><E80/><V129/><F121/><W35/><G35/><T50/><D6/><U43/><E114/><V57/><F115/><W10/><G10/><T54/><REACH who="0" step="1"/><D87/><REACH who="0" ten="466,309,37,178" step="2"/><U11/><E70/><V94/><F109/><W27/><G84/><T100/><D100/><U51/><E67/><V23/><F64/><W95/><G111/><T123/><D123/><U106/><E66/><V128/><F71/><W130/><G108/><T9/><D9/><U39/><E11/><V15/><F94/><W60/><G95/><T48/><D48/><U110/><E93/><V89/><F89/><W118/><G8/><T112/><D112/><U20/><E106/><V13/><F46/><W81/><G45/><T16/><D16/><U125/><E51/><V98/><F98/><W78/><G97/><T92/><D92/><U62/><E125/><V122/><F122/><W49/><G96/><T69/><D69/><U34/><E110/><V12/><AGARI ba="2,1" hai="12,13,15,17,23,26,57,58,128,129,131,133,134,135" machi="12" ten="50,16000,3" yaku="0,1,29,2,19,1,20,1,52,3" doraHai="127" who="2" fromWho="2" sc="466,-82,309,-42,37,176,178,-42" /><INIT seed="5,0,0,3,0,16" ten="384,267,213,136" oya="1" hai0="90,49,86,4,17,85,124,25,120,75,26,24,83" hai1="58,134,39,43,7,61,35,114,22,21,27,12,73" hai2="81,41,126,66,72,64,8,123,37,119,29,23,105" hai3="101,67,121,115,36,57,135,76,95,1,125,106,97"/><U108/><E73/><V79/><F123/><W102/><G1/><T84/><D120/><U113/><E35/><V104/><F119/><W54/><G36/><T92/><D124/><U34/><E34/><V51/><F126/><W103/><G121/><T28/><D75/><U65/><E108/><V116/><F116/><W0/><G0/><T74/><D74/><U15/><E134/><V3/><F37/><W100/><G67/><T133/><D133/><U60/><E39/><V122/><F122/><W38/><G38/><T40/><D4/><U109/><E43/><V10/><F104/><W33/><G33/><T118/><D118/><U45/><E45/><V110/><F110/><W31/><G115/><N who="1" m="44042" /><E109/><V56/><F105/><W130/><G130/><T71/><D28/><N who="1" m="17519" /><E7/><V6/><F10/><W129/><G129/><T78/><D71/><N who="1" m="42407" /><E22/><V30/><F30/><W131/><G131/><T42/><D17/><U5/><E5/><V91/><F91/><W59/><G135/><T52/><D84/><U20/><E20/><V111/><F111/><W18/><G31/><T98/><D85/><U44/><E44/><AGARI ba="0,0" hai="24,25,26,40,42,44,49,52,78,83,86,90,92,98" machi="44" ten="40,2600,0" yaku="8,1,54,1" doraHai="16" who="0" fromWho="1" sc="384,26,267,-26,213,0,136,0" /><INIT seed="6,0,0,1,1,56" ten="410,241,213,136" oya="2" hai0="79,82,115,90,100,18,45,59,52,0,105,68,25" hai1="8,36,89,91,3,103,132,1,102,73,80,128,17" hai2="7,6,127,53,27,76,16,71,133,55,119,46,57" hai3="135,54,66,77,70,39,40,131,51,118,129,122,34"/><V96/><F119/><W97/><G77/><T124/><D68/><U107/><E36/><V23/><F71/><W22/><G34/><T64/><D0/><U43/><E43/><V75/><F127/><W35/><G35/><T33/><D124/><U10/><E17/><V13/><F133/><W44/><G97/><T113/><D45/><U49/><E49/><V48/><F76/><W2/><G22/><N who="0" m="13527" /><D33/><U112/><E80/><V114/><F114/><N who="0" m="43530" /><D90/><U41/><E112/><V24/><F75/><W109/><G2/><T85/><D100/><U125/><E73/><V94/><F7/><W58/><G118/><T62/><D105/><U101/><E107/><V5/><F5/><W126/><G126/><T28/><D28/><U67/><E41/><V111/><F6/><W31/><G31/><T108/><D108/><U84/><E125/><V29/><F111/><W98/><G109/><T42/><D42/><U38/><E1/><V30/><F30/><W60/><G135/><T88/><D79/><U61/><E3/><V65/><F65/><AGARI ba="0,0" hai="52,59,62,64,65,82,85,88" m="43530,13527" machi="65" ten="30,7700,0" yaku="15,1,52,1,54,2" doraHai="56" who="0" fromWho="2" sc="410,77,241,0,213,-77,136,0" /><INIT seed="7,0,0,1,4,104" ten="487,241,136,136" oya="3" hai0="62,69,135,54,126,78,66,21,85,70,107,59,114" hai1="76,111,64,115,31,112,1,58,4,26,39,130,94" hai2="6,109,9,2,30,99,33,3,131,53,10,129,88" hai3="57,119,56,14,11,38,72,79,24,15,122,35,23"/><W0/><G119/><T63/><D107/><U65/><E39/><V71/><F109/><W7/><G122/><T40/><D114/><U97/><E111/><V120/><F120/><W49/><G38/><T86/><D126/><U25/><E130/><N who="2" m="49675" /><F71/><W108/><G108/><T19/><D135/><U121/><E121/><V12/><F30/><W132/><G132/><T110/><D110/><U20/><E76/><V123/><F123/><W118/><G118/><T37/><D69/><U22/><E1/><V32/><F10/><W46/><G35/><N who="2" m="13385" /><F53/><W93/><G93/><AGARI ba="0,0" hai="2,3,6,9,12,88,93,99" m="13385,49675" machi="93" ten="30,2000,0" yaku="19,1,54,1" doraHai="104" who="2" fromWho="3" sc="487,0,241,0,136,20,136,-20" owari="487,58.0,241,4.0,156,-24.0,116,-38.0" /></mjloggm>