<mjloggm ver="2.3"><GO type="41" lobby="0"/><UN n0="%E3%82%B4%E3%82%A2%E3%82%B4%E3%82%A2" n1="%E6%97%A5%E7%AB%8B%E5%8F%B0" n2="%E2%93%9D%53%75%70%68%78" n3="%E3%81%99%E3%81%90%E3%82%8B" dan="13,15,18,13" rate="1828.38,1994.59,2091.90,1834.30" sx="M,F,M,M"/><TAIKYOKU oya="0"/><INIT seed="0,0,0,4,1,26" ten="250,250,250,250" oya="0" hai0="88,99,6,7,14,91,36,31,100,81,16,127,131" hai1="135,119,4,30,8,67,130,101,98,2,117,84,112" hai2="57,68,43,123,23,75,79,64,74,66,107,80,17" hai3="13,19,18,55,5,121,24,27,92,71,9,62,118"/><T28/><D36/><U95/><E112/><V37/><F123/><W85/><G118/><T109/><D131/><U41/><E130/><V48/><F107/><W40/><G121/><T116/><D116/><U87/><E135/><V125/><F125/><W44/><G71/><T45/><D127/><U1/><E1/><V56/><F75/><W65/><G55/><T106/><D109/><U73/><E73/><V29/><F37/><W61/><G85/><T77/><D45/><U54/><E41/><V105/><F105/><W76/><G92/><N who="0" m="58471" /><D6/><U22/><E67/><V0/><F66/><W25/><G76/><T110/><D110/><U82/><E87/><V128/><F64/><W115/><G115/><T126/><D126/><U132/><E54/><V11/><F68/><W108/><G108/><T47/><D106/><U122/><E122/><V32/><F43/><W114/><G114/><T69/><D69/><U78/><E132/><V83/><F128/><W35/><G44/><T113/><D113/><U96/><REACH who="1" step="1"/><E98/><REACH who="1" ten="250,240,250,250" step="2"/><V120/><F120/><W39/><G40/><T53/><D7/><U38/><E38/><V94/><F74/><W34/><G39/><T49/><D77/><U52/><E52/><V60/><F79/><W129/><G129/><T93/><D81/><U89/><E89/><N who="0" m="34377" /><D93/><U46/><E46/><V42/><F94/><W59/><REACH who="3" step="1"/><G62/><REACH who="3" ten="250,240,250,240" step="2"/><T70/><D70/><U124/><E124/><V104/><F60/><W58/><G58/><T103/><D103/><U72/><E72/><V12/><F57/><W102/><G102/><T90/><D90/><U111/><E111/><RYUUKYOKU ba="0,2" sc="250,10,240,10,250,-30,240,10" hai0="14,16,28,31,47,49,53" hai1="2,4,8,22,30,78,82,84,95,96,101,117,119" hai3="5,9,13,18,19,24,25,27,34,35,59,61,65" /><INIT seed="0,1,2,2,0,78" ten="260,250,220,250" oya="0" hai0="91,41,5,134,56,9,99,108,126,80,19,135,67" hai1="13,53,113,12,28,22,106,72,98,63,79,64,116" hai2="92,123,102,110,32,122,124,34,26,83,132,75,60" hai3="130,11,82,84,96,129,57,89,62,69,77,97,31"/><T8/><D41/><U70/><E116/><V66/><F124/><W90/><G69/><T54/><D126/><U100/><E113/><V17/><F132/><N who="0" m="50730" /><D67/><U15/><E53/><V131/><F131/><N who="3" m="50187" /><G31/><T88/><D108/><U95/><E106/><V16/><F110/><W52/><G11/><T68/><D68/><U65/><E65/><V35/><F92/><N who="3" m="54311" /><G90/><T29/><D29/><U87/><E72/><AGARI ba="1,2" hai="52,57,62,72,77,82,96,97" m="54311,50187" machi="72" ten="30,3900,0" yaku="19,1,52,1,54,1" doraHai="78" who="3" fromWho="1" sc="260,0,250,-42,220,0,250,62" /><INIT seed="1,0,0,3,1,22" ten="260,208,220,312" oya="1" hai0="52,44,78,41,72,107,36,62,117,66,56,111,0" hai1="96,118,65,92,50,13,1,133,14,68,21,79,4" hai2="105,106,24,57,114,3,100,67,10,87,58,93,69" hai3="89,110,81,8,73,115,38,47,43,53,82,75,77"/><U86/><E118/><V33/><F114/><W29/><G115/><T95/><D107/><U31/><E133/><V76/><F69/><W84/><G110/><T125/><D0/><U18/><E1/><V37/><F37/><W132/><G132/><T129/><D78/><U134/><E134/><V11/><F76/><W5/><G53/><T54/><D72/><U7/><E68/><V124/><F124/><W88/><G29/><T55/><D117/><U20/><E65/><V17/><F3/><W60/><G60/><T99/><D111/><U64/><E64/><V59/><F67/><W109/><G109/><T104/><D104/><U85/><E50/><V122/><F122/><W126/><G126/><T19/><D125/><U98/><E79/><V94/><F106/><W135/><G135/><T91/><D129/><U35/><E35/><V130/><F105/><W121/><G121/><T27/><D19/><U28/><E92/><V26/><F33/><W131/><G131/><T16/><REACH who="0" step="1"/><D66/><REACH who="0" ten="250,208,220,312" step="2"/><U61/><E61/><V123/><F130/><W46/><G75/><T97/><D97/><U6/><E6/><V49/><F123/><W128/><G128/><T2/><D2/><U74/><E74/><V83/><F17/><AGARI ba="0,1" hai="4,7,13,14,17,18,20,21,28,31,85,86,96,98" machi="17" ten="25,4800,0" yaku="22,2,8,1" doraHai="22" who="1" fromWho="2" sc="250,0,208,58,220,-48,312,0" /><INIT seed="1,1,0,5,1,111" ten="250,266,172,312" oya="1" hai0="132,23,9,96,21,12,58,39,43,92,71,42,91" hai1="106,107,114,119,19,121,54,79,56,116,45,47,31" hai2="84,20,94,123,98,69,57,113,133,67,32,66,86" hai3="109,110,5,35,49,51,62,28,82,52,117,41,73"/><U80/><E121/><V27/><F32/><W87/><G117/><T100/><D71/><U108/><E108/><N who="3" m="41578" /><G73/><T118/><D118/><U55/><E31/><V120/><F69/><W14/><G41/><T115/><D39/><U64/><E64/><V77/><F133/><W36/><G36/><T63/><D132/><U34/><E34/><V65/><F113/><W72/><G72/><T18/><D115/><U17/><E56/><V128/><F128/><W37/><G37/><T8/><D100/><U102/><E102/><V99/><F57/><N who="3" m="35111" /><G14/><T81/><D81/><U6/><E6/><V125/><F123/><W46/><G46/><T44/><D44/><U68/><E68/><V130/><F125/><W129/><G5/><T11/><D23/><U76/><REACH who="1" step="1"/><E80/><REACH who="1" ten="250,256,172,312" step="2"/><V134/><F120/><W33/><G129/><T53/><AGARI ba="1,1" hai="8,9,11,12,18,21,42,43,53,58,63,91,92,96" machi="53" ten="30,2000,0" yaku="0,1,8,1" doraHai="111" who="0" fromWho="0" sc="250,33,256,-11,172,-6,312,-6" /><INIT seed="2,0,0,2,2,119" ten="283,245,166,306" oya="2" hai0="124,116,11,100,9,14,22,49,88,76,67,122,115" hai1="20,103,120,134,83,8,80,23,2,17,78,59,19" hai2="108,57,16,32,107,68,75,13,113,40,45,55,105" hai3="18,29,114,86,127,51,6,123,52,3,1,135,99"/><V92/><F113/><W66/><G29/><T5/><D116/><U24/><E134/><V15/><F68/><W36/><G36/><T74/><D115/><U117/><E117/><V44/><F75/><W46/><G66/><T129/><D100/><U79/><E103/><V39/><F32/><W111/><G111/><T77/><D74/><U104/><E104/><V87/><F15/><W47/><G127/><T48/><D67/><U27/><E59/><V125/><F45/><W25/><G123/><T96/><D122/><U81/><E120/><V33/><F33/><W65/><G65/><T93/><D124/><U130/><REACH who="1" step="1"/><E130/><REACH who="1" ten="283,235,166,306" step="2"/><V82/><F125/><W90/><G135/><T28/><D129/><U62/><E62/><V31/><F108/><W85/><G114/><T26/><REACH who="0" step="1"/><D11/><REACH who="0" ten="273,235,166,306" step="2"/><U112/><E112/><V0/><F107/><W4/><G46/><T7/><D7/><AGARI ba="0,2" hai="2,7,8,17,19,20,23,24,27,78,79,80,81,83" machi="7" ten="40,2600,0" yaku="1,1,9,1,53,0" doraHai="119" doraHaiUra="37" who="1" fromWho="0" sc="273,-26,235,46,166,0,306,0" /><INIT seed="3,0,0,1,1,119" ten="247,281,166,306" oya="3" hai0="75,48,40,34,15,41,18,5,64,68,6,130,126" hai1="20,115,117,74,13,105,29,108,55,33,88,46,14" hai2="61,94,116,84,11,113,66,103,25,81,28,100,82" hai3="8,19,21,7,93,4,1,70,10,32,16,123,58"/><W3/><G123/><T86/><D75/><U77/><E108/><V114/><F116/><W131/><G70/><T39/><D39/><U52/><E117/><V42/><F42/><W111/><G58/><T101/><D34/><U53/><E115/><V121/><F11/><N who="3" m="4139" /><G93/><T133/><D68/><U91/><E105/><V50/><F50/><W89/><G89/><T109/><D101/><U127/><E33/><V107/><F107/><W78/><G78/><T38/><D38/><U73/><E127/><V49/><F49/><W83/><G83/><T118/><D118/><U60/><E60/><V72/><F82/><W54/><G54/><T59/><D126/><U98/><E46/><V35/><F72/><W102/><G102/><T0/><D109/><U24/><E73/><V27/><F103/><W12/><G111/><T30/><D0/><N who="3" m="73" /><G131/><T62/><D130/><U37/><E37/><V125/><F125/><W51/><G51/><T128/><D128/><U85/><E74/><V17/><F94/><W87/><G87/><T26/><D86/><U22/><E98/><V23/><F100/><W2/><N who="3" m="81" /><W96/><DORA hai="80" /><G96/><T90/><D90/><U76/><E91/><V63/><F121/><W104/><G104/><T9/><D41/><U124/><E124/><V92/><F92/><W36/><G36/><T134/><D40/><U95/><E76/><N who="2" m="46119" /><F63/><W122/><G122/><T69/><D48/><U79/><E77/><V110/><F110/><W43/><G43/><T106/><D106/><U112/><E79/><V56/><F114/><W65/><G32/><N who="0" m="20567" /><D69/><U120/><E112/><RYUUKYOKU ba="0,0" sc="247,15,281,-15,166,15,306,-15" hai0="5,6,9,15,18,59,62,64,133,134" hai2="17,23,25,27,28,35,56,61,66,113" /><INIT seed="4,1,0,4,2,22" ten="262,266,181,291" oya="0" hai0="52,38,21,125,123,135,19,47,94,67,104,128,84" hai1="72,87,4,69,18,32,3,20,95,73,129,55,37" hai2="85,110,59,88,78,117,56,65,10,81,66,48,133" hai3="36,75,2,5,35,111,53,57,76,108,100,124,101"/><T9/><D123/><U44/><E129/><V62/><F110/><W116/><G35/><T115/><D104/><U54/><E69/><V91/><F133/><W42/><G116/><T86/><D128/><U109/><E109/><V63/><F117/><W45/><G124/><T79/><D125/><U29/><E32/><V14/><REACH who="2" step="1"/><F48/><REACH who="2" ten="262,266,171,291" step="2"/><N who="3" m="30887" /><G108/><T113/><D135/><U30/><E37/><V96/><F96/><W93/><G111/><T58/><D9/><U51/><E72/><V34/><F34/><W33/><G33/><T82/><D67/><U119/><E73/><V6/><AGARI ba="1,1" hai="6,10,14,56,59,62,63,65,66,78,81,85,88,91" machi="6" ten="20,12000,2" yaku="1,1,0,1,7,1,9,1,8,1,54,1,53,0" doraHai="22" doraHaiUra="114" who="2" fromWho="2" sc="262,-61,266,-31,171,133,291,-31" /><INIT seed="5,0,0,0,2,87" ten="201,235,304,260" oya="1" hai0="111,129,104,19,41,121,72,22,11,96,135,10,98" hai1="103,112,34,50,53,118,60,114,127,134,3,21,130" hai2="109,83,27,69,43,73,7,59,81,95,45,119,132" hai3="26,39,62,74,56,5,12,49,115,116,33,67,58"/><U16/><E118/><V86/><F69/><W57/><G39/><T105/><D111/><U13/><E34/><V94/><F109/><W75/><G33/><T113/><D72/><U55/><E3/><V9/><F132/><W123/><G123/><T126/><D121/><U101/><E127/><V91/><F27/><W47/><G26/><T23/><D126/><U84/><E130/><V122/><F59/><W18/><G115/><N who="1" m="44074" /><E134/><V92/><F119/><W110/><G5/><T65/><D113/><U76/><E60/><V78/><F122/><W107/><G107/><T52/><D135/><U82/><E55/><V35/><F35/><W48/><G110/><T25/><D129/><U125/><E125/><V77/><F77/><W68/><G116/><T51/><D41/><U36/><E36/><N who="2" m="21735" /><F83/><W0/><G0/><AGARI ba="0,0" hai="0,7,9,73,78,81,86,91,92,94,95" m="21735" machi="0" ten="30,2000,0" yaku="25,1,52,1" doraHai="87" who="2" fromWho="3" sc="201,0,235,0,304,20,260,-20" /><INIT seed="6,0,0,3,4,50" ten="201,235,324,240" oya="2" hai0="97,79,71,40,115,20,24,29,17,129,9,91,42" hai1="85,57,105,118,4,126,86,11,75,122,56,110,89" hai2="106,98,18,96,47,28,67,25,93,78,127,73,2" hai3="7,113,135,95,64,104,130,103,123,65,83,134,120"/><V0/><F127/><W107/><G7/><T38/><D71/><U49/><E110/><V116/><F116/><W33/><G33/><T60/><D38/><U63/><E118/><V62/><F18/><W34/><G34/><T124/><D124/><U23/><E126/><V46/><F78/><W101/><G95/><T125/><D125/><U19/><E122/><V32/><F73/><W53/><G53/><T111/><D111/><U43/><E75/><V90/><F2/><W114/><G83/><T16/><D79/><U69/><E105/><V48/><F0/><W84/><G84/><T30/><D129/><AGARI ba="0,0" hai="64,65,101,103,104,107,113,114,120,123,129,130,134,135" machi="129" ten="25,1600,0" yaku="22,2" doraHai="50" who="3" fromWho="0" sc="201,-16,235,0,324,0,240,16" /><INIT seed="7,0,0,5,3,62" ten="185,235,324,256" oya="3" hai0="31,80,103,110,112,90,132,134,104,28,21,2,67" hai1="85,6,73,129,71,57,39,128,93,49,16,95,116" hai2="135,11,82,0,133,22,17,44,56,15,26,96,42" hai3="94,77,101,40,32,36,130,5,4,124,23,38,41"/><W119/><G119/><T87/><D110/><U115/><E116/><V79/><F56/><W122/><G122/><T114/><D2/><U89/><E73/><N who="2" m="43375" /><F96/><W8/><G32/><T109/><D109/><U68/><E39/><N who="2" m="21599" /><F15/><W83/><G124/><T19/><D31/><U106/><E6/><AGARI ba="0,0" hai="0,6,11,17,22,26,133,135" m="21599,43375" machi="6" ten="30,1000,0" yaku="25,1" doraHai="62" who="2" fromWho="1" sc="185,0,235,-10,324,10,256,0" owari="185,-31.0,225,-17.0,334,42.0,256,6.0" /></mjloggm>