<mjloggm ver="2.3"><GO type="41" lobby="0"/><UN n0="%E9%9B%BB%E6%B0%97%47%52%4F%4F%56%45" n1="%E2%93%9D%53%75%70%68%78" n2="%4D%41%43%4F%54%4F" n3="%67%61%63%68%61%70%69%6E" dan="13,17,15,14" rate="1893.85,2038.89,2025.87,1950.68" sx="F,M,F,M"/><TAIKYOKU oya="0"/><INIT seed="0,0,0,1,3,103" ten="250,250,250,250" oya="0" hai0="56,54,15,133,13,46,61,12,102,95,38,70,121" hai1="72,117,58,16,68,52,55,23,5,35,67,20,111" hai2="118,8,57,119,47,4,122,91,30,107,84,31,98" hai3="59,65,109,53,74,105,75,48,27,130,45,82,78"/><T63/><D121/><U114/><E117/><N who="2" m="44555" /><F122/><W22/><G109/><T99/><D133/><U116/><E116/><V37/><F57/><W34/><G130/><T10/><D38/><U17/><E72/><V36/><F47/><W92/><G34/><T77/><D77/><U129/><E5/><V28/><F98/><W32/><G32/><T7/><REACH who="0" step="1"/><D46/><REACH who="0" ten="240,250,250,250" step="2"/><U69/><E129/><V127/><F127/><W50/><G45/><T94/><D94/><U51/><E111/><V132/><F132/><W33/><G92/><T83/><D83/><U40/><E114/><V104/><F37/><W14/><G82/><T125/><D125/><U0/><E40/><V85/><F36/><W113/><G113/><T126/><D126/><U1/><E35/><V39/><F39/><W19/><G33/><T120/><D120/><U25/><E55/><V80/><F85/><W101/><G78/><T24/><D24/><U79/><E79/><V128/><F128/><W93/><G93/><T100/><D100/><U81/><E81/><V66/><F66/><AGARI ba="0,1" hai="7,10,12,13,15,54,56,61,63,66,70,95,99,102" machi="66" ten="40,2000,0" yaku="1,1,53,0" doraHai="103" doraHaiUra="134" who="0" fromWho="2" sc="240,30,250,0,250,-20,250,0" /><INIT seed="0,1,0,0,0,101" ten="270,250,230,250" oya="0" hai0="7,25,100,106,14,114,51,94,42,33,135,43,77" hai1="46,37,91,103,60,110,20,93,125,18,97,90,120" hai2="85,30,49,21,112,6,13,24,127,128,122,89,76" hai3="66,124,52,113,67,102,92,111,0,36,78,15,53"/><T75/><D114/><U79/><E120/><V133/><F122/><W87/><G113/><T56/><D135/><U23/><E110/><V35/><F112/><W82/><G111/><T11/><D77/><U123/><E125/><V32/><F133/><W64/><G0/><T44/><D75/><U119/><E119/><V45/><F127/><W98/><G124/><T8/><D94/><U83/><E23/><V105/><F105/><W55/><G36/><T63/><D11/><U107/><E60/><V61/><F61/><W129/><G129/><T50/><D33/><U38/><E91/><V34/><F128/><W3/><G3/><T70/><D70/><U65/><E46/><V58/><F58/><W68/><G68/><T116/><D25/><U121/><E65/><V134/><F76/><W73/><G73/><T81/><D81/><U132/><E132/><V22/><F134/><W96/><G96/><T48/><D43/><U86/><E123/><V115/><F115/><W109/><G109/><T29/><D29/><U104/><E121/><V4/><F22/><W117/><REACH who="3" step="1"/><G15/><REACH who="3" ten="270,250,230,240" step="2"/><T5/><D116/><AGARI ba="1,1" hai="52,53,55,64,66,67,78,82,87,92,98,102,116,117" machi="116" ten="40,5200,0" yaku="1,1,2,1,54,1,53,0" doraHai="101" doraHaiUra="31" who="3" fromWho="0" sc="270,-55,250,0,230,0,240,65" /><INIT seed="1,0,0,4,5,100" ten="215,250,230,305" oya="1" hai0="93,89,112,42,122,20,104,46,132,34,3,54,51" hai1="63,88,64,80,38,106,70,108,74,55,76,12,71" hai2="37,59,67,18,9,128,97,32,81,114,86,15,60" hai3="109,45,25,66,77,127,65,28,56,117,0,36,58"/><U101/><E38/><V19/><F128/><W4/><G117/><T84/><D112/><U105/><E101/><V134/><F37/><W103/><G109/><T110/><D34/><U85/><E108/><V23/><F114/><W126/><G77/><T26/><D110/><U11/><E55/><V124/><F32/><W21/><G4/><T130/><D132/><U95/><REACH who="1" step="1"/><E71/><REACH who="1" ten="215,240,230,305" step="2"/><V118/><F134/><W6/><G103/><T90/><D130/><U92/><E92/><V116/><F124/><W83/><G126/><T49/><D122/><U69/><E69/><V121/><F121/><W14/><G127/><T17/><D3/><U47/><E47/><V31/><F118/><W8/><G45/><N who="0" m="27951" /><D104/><U68/><E68/><V96/><F116/><W48/><G66/><T73/><D73/><U33/><E33/><V79/><REACH who="2" step="1"/><F31/><REACH who="2" ten="215,240,220,305" step="2"/><W113/><G28/><T120/><D120/><U7/><AGARI ba="0,2" hai="7,11,12,63,64,70,74,76,80,85,88,95,105,106" machi="7" ten="20,18000,2" yaku="1,1,0,1,7,1,52,2,54,1,53,1" doraHai="100" doraHaiUra="10" who="1" fromWho="1" sc="215,-60,240,200,220,-60,305,-60" /><INIT seed="1,1,0,3,1,31" ten="155,440,160,245" oya="1" hai0="42,87,126,66,124,73,89,79,28,46,11,128,65" hai1="81,130,16,15,38,22,26,120,86,101,27,36,104" hai2="98,52,68,102,78,134,95,13,108,48,103,99,51" hai3="84,91,76,127,41,23,20,47,71,64,90,37,77"/><U9/><E120/><V14/><F68/><W21/><G127/><N who="0" m="48683" /><D128/><U96/><E130/><V24/><F108/><W0/><G0/><T17/><D79/><U109/><E109/><V121/><F78/><W132/><G132/><T60/><D73/><U94/><E104/><V135/><F24/><W88/><REACH who="3" step="1"/><G84/><REACH who="3" ten="155,440,160,235" step="2"/><T56/><D87/><U55/><E86/><V62/><F121/><W115/><G115/><T118/><D118/><U69/><E81/><V59/><F134/><W123/><G123/><T1/><D1/><U75/><E75/><V114/><F114/><W53/><G53/><T33/><D66/><U19/><E55/><V112/><F112/><W45/><G45/><T4/><D46/><U32/><E69/><V119/><F119/><W113/><G113/><T63/><D65/><U50/><E50/><V25/><F135/><W82/><G82/><T70/><D70/><U29/><AGARI ba="1,1" hai="9,15,16,19,22,26,27,29,32,36,38,94,96,101" machi="29" ten="30,6000,0" yaku="0,1,52,1,54,1" doraHai="31" who="1" fromWho="1" sc="155,-21,440,73,160,-21,235,-21" /><INIT seed="1,2,0,2,3,84" ten="134,513,139,214" oya="1" hai0="3,39,114,65,62,132,71,135,48,106,22,74,38" hai1="82,86,7,93,41,80,17,95,120,72,96,32,12" hai2="104,113,35,70,129,50,124,78,28,131,99,81,85" hai3="34,128,11,73,118,26,30,116,117,20,107,31,68"/><U36/><E32/><V37/><F37/><N who="0" m="13834" /><D3/><U15/><E120/><V51/><F113/><W56/><G68/><T53/><D22/><U125/><E125/><V119/><F70/><W10/><G56/><N who="0" m="32807" /><D106/><U2/><E72/><V52/><F124/><W105/><G73/><T83/><D83/><U100/><E2/><V126/><F119/><W134/><G105/><T123/><D74/><U92/><E82/><V46/><F126/><W75/><G107/><T97/><D97/><U122/><E122/><V130/><F50/><W42/><G42/><T55/><D123/><U112/><E112/><V102/><F28/><W58/><G75/><T63/><D114/><U94/><E7/><V25/><F25/><N who="3" m="18767" /><G58/><AGARI ba="2,0" hai="55,58,62,63,65,71,132,135" m="32807,13834" machi="58" ten="30,2000,0" yaku="34,2" doraHai="84" who="0" fromWho="3" sc="134,26,513,0,139,0,214,-26" /><INIT seed="2,0,0,4,1,116" ten="160,513,139,188" oya="2" hai0="115,10,62,96,79,8,126,46,3,34,134,75,63" hai1="31,128,12,7,103,123,58,48,92,119,122,0,15" hai2="57,43,51,11,2,32,85,91,29,41,35,124,40" hai3="24,64,61,37,55,65,82,25,42,18,66,83,98"/><V111/><F124/><W56/><G98/><T94/><D126/><U20/><E128/><V28/><F111/><W44/><REACH who="3" step="1"/><G18/><REACH who="3" ten="160,513,139,178" step="2"/><T77/><D96/><U68/><E119/><V110/><F110/><W80/><AGARI ba="0,1" hai="24,25,37,42,44,55,56,61,64,65,66,80,82,83" machi="80" ten="30,7900,0" yaku="1,1,2,1,0,1,53,1" doraHai="116" doraHaiUra="39" who="3" fromWho="3" sc="160,-20,513,-20,139,-39,178,89" /><INIT seed="3,0,0,4,1,69" ten="140,493,100,267" oya="3" hai0="2,71,60,63,17,34,55,28,20,117,12,49,48" hai1="123,22,76,62,111,98,13,23,50,31,24,125,92" hai2="121,33,14,114,4,78,64,86,122,83,54,32,85" hai3="67,25,52,61,6,16,40,108,130,11,102,53,97"/><W132/><G130/><T47/><D117/><U80/><E111/><V43/><F114/><W79/><G132/><T134/><D134/><U96/><E125/><V15/><F64/><W0/><G108/><T18/><D2/><U101/><E123/><V45/><F54/><W87/><G40/><T106/><D106/><U38/><E38/><V110/><F110/><W118/><G118/><T56/><D71/><U5/><E98/><V1/><F1/><W135/><G135/><T19/><D34/><U115/><E50/><V112/><F112/><W58/><G87/><T94/><D94/><U10/><E62/><N who="0" m="23593" /><D28/><U88/><E115/><V21/><F85/><W8/><G79/><T129/><D129/><U90/><E23/><V99/><F99/><W84/><G84/><AGARI ba="0,0" hai="5,10,13,22,24,31,76,80,84,88,90,92,96,101" machi="84" ten="30,3900,0" yaku="7,1,8,1,54,1" doraHai="69" who="1" fromWho="3" sc="140,0,493,39,100,0,267,-39" /><INIT seed="4,0,0,2,1,112" ten="140,532,100,228" oya="0" hai0="44,3,71,69,116,9,106,68,10,7,88,47,4" hai1="12,38,134,124,114,19,93,2,77,28,34,16,62" hai2="53,123,109,14,55,85,110,129,102,42,35,11,75" hai3="36,90,15,51,130,121,60,27,133,92,82,94,97"/><T119/><D106/><U29/><E38/><V104/><F75/><W86/><G130/><T91/><REACH who="0" step="1"/><D71/><REACH who="0" ten="130,532,100,228" step="2"/><U24/><E114/><V49/><F129/><W78/><G121/><T118/><D118/><U20/><E124/><V83/><F123/><W56/><G133/><T45/><D45/><U31/><E134/><V98/><F109/><W37/><G56/><T132/><D132/><U74/><E34/><V107/><F110/><W39/><G39/><T5/><D5/><U100/><E31/><V126/><F107/><W84/><G37/><T18/><D18/><U99/><E29/><V122/><F122/><W108/><G36/><T41/><D41/><U128/><E19/><V103/><F126/><W17/><G108/><T50/><D50/><U58/><E128/><V73/><F35/><W21/><G51/><T131/><D131/><U111/><E111/><V135/><F135/><W66/><G60/><T87/><D87/><U61/><E58/><V0/><F73/><W113/><G86/><T32/><D32/><U33/><E62/><V30/><F104/><W1/><G113/><T67/><D67/><U26/><E61/><V115/><F115/><W23/><G66/><T64/><D64/><U59/><E59/><V72/><F72/><W57/><G57/><T48/><D48/><U52/><E74/><V81/><F49/><W120/><G120/><T43/><D43/><U70/><E70/><V79/><F42/><W80/><G84/><T54/><D54/><U95/><E52/><V8/><F55/><W40/><G40/><T13/><D13/><U25/><E12/><RYUUKYOKU ba="0,1" sc="130,30,532,-10,100,-10,228,-10" hai0="3,4,7,9,10,44,47,68,69,88,91,116,119" /><INIT seed="4,1,1,1,5,32" ten="160,522,90,218" oya="0" hai0="84,133,89,64,87,58,101,1,134,48,107,0,91" hai1="10,12,105,60,23,80,6,18,75,94,68,39,96" hai2="43,44,3,51,45,90,92,55,24,95,63,130,111" hai3="110,54,33,15,5,9,131,16,28,97,53,65,112"/><T102/><D107/><U123/><E39/><V79/><F111/><W52/><G110/><T34/><D34/><U36/><E36/><V71/><F130/><W81/><G112/><T26/><D26/><U62/><E68/><V119/><F119/><W67/><G131/><T103/><D48/><U118/><E123/><V108/><F79/><W22/><G97/><T20/><D20/><U46/><E75/><V76/><F76/><W115/><G115/><T42/><D42/><U98/><E105/><V128/><F108/><W120/><G120/><T125/><D58/><U104/><E98/><V72/><F72/><W66/><G81/><T50/><D50/><U116/><E104/><V100/><F128/><W85/><G85/><N who="0" m="32843" /><D64/><U41/><E80/><V127/><F71/><W37/><G37/><T2/><D125/><U27/><E118/><V122/><F127/><W70/><G70/><T82/><D82/><U83/><E116/><V74/><F74/><W78/><G78/><T56/><D56/><U106/><E106/><V114/><F122/><W77/><G77/><T124/><D124/><U61/><E83/><V4/><F24/><N who="3" m="18567" /><G67/><T7/><D7/><U129/><E129/><V73/><F73/><W93/><G93/><T69/><D69/><U109/><E109/><V40/><F114/><W132/><G132/><AGARI ba="1,1" hai="0,1,2,89,91,101,102,103,132,133,134" m="32843" machi="132" ten="40,18000,2" yaku="28,2,20,1,52,3" doraHai="32" who="0" fromWho="3" sc="160,193,522,0,90,0,218,-183" /><INIT seed="4,2,0,4,3,30" ten="353,522,90,35" oya="0" hai0="36,56,92,71,118,96,32,16,13,61,55,35,90" hai1="107,58,2,101,130,115,105,77,19,121,15,76,72" hai2="126,42,104,33,111,84,52,81,98,114,12,49,29" hai3="127,37,44,66,31,9,99,131,129,6,0,112,97"/><T63/><D118/><U120/><E2/><V39/><F111/><W26/><G112/><T20/><REACH who="0" step="1"/><D36/><REACH who="0" ten="343,522,90,35" step="2"/><U51/><E115/><V50/><F39/><W74/><G37/><T94/><D94/><U3/><E107/><V17/><F104/><W89/><G129/><T27/><D27/><U59/><E105/><V103/><F114/><W119/><G131/><T108/><D108/><U64/><E130/><V134/><F134/><W135/><G119/><T47/><D47/><U62/><E121/><V28/><F126/><W5/><G44/><T25/><D25/><U88/><E120/><V69/><F81/><W21/><G127/><T45/><D45/><U117/><E117/><V8/><F42/><W78/><G135/><T102/><D102/><U11/><E101/><V91/><F103/><W122/><G122/><T65/><AGARI ba="2,1" hai="13,16,20,32,35,55,56,61,63,65,71,90,92,96" machi="65" ten="30,12000,1" yaku="1,1,0,1,52,2,54,1,53,0" doraHai="30" doraHaiUra="68" who="0" fromWho="0" sc="343,136,522,-42,90,-42,35,-42" owari="479,28.0,480,58.0,48,-35.0,-7,-51.0" /></mjloggm>