<mjloggm ver="2.3"><GO type="41" lobby="0"/><UN n0="%E3%83%97%E3%83%AD%E3%82%B7%E3%83%A5%E3%83%BC%E3%83%88" n1="%E2%93%9D%53%75%70%68%78" n2="%E3%81%94%E3%82%8A%E3%81%83%E3%81%83" n3="%E3%81%82%E3%81%B3" dan="15,18,14,14" rate="1973.43,2140.24,1970.68,1966.25" sx="M,M,M,F"/><TAIKYOKU oya="0"/><INIT seed="0,0,0,2,4,132" ten="250,250,250,250" oya="0" hai0="49,71,103,120,79,23,12,90,11,114,63,133,36" hai1="26,116,9,19,18,48,59,86,46,53,131,50,105" hai2="115,35,125,126,6,118,41,8,69,89,66,96,25" hai3="5,93,107,57,33,30,42,130,55,99,61,113,52"/><T14/><D120/><U31/><E131/><V122/><F122/><W3/><G113/><T117/><D117/><U56/><E105/><V92/><F115/><W104/><G42/><T111/><D36/><U78/><E116/><V29/><F41/><W32/><G130/><T16/><D103/><U39/><E39/><V73/><F73/><W10/><G55/><T64/><D133/><U44/><E78/><V22/><F118/><W45/><G45/><T123/><D111/><U17/><E86/><V77/><F77/><W81/><G81/><T51/><D79/><U110/><E9/><V15/><REACH who="2" step="1"/><F35/><REACH who="2" ten="250,250,240,250" step="2"/><W13/><G33/><T88/><D114/><U109/><E109/><V98/><F98/><W95/><G32/><T129/><D129/><U58/><E110/><V37/><F37/><W85/><G99/><T27/><D123/><U84/><E84/><V62/><AGARI ba="0,1" hai="6,8,15,22,25,29,62,66,69,89,92,96,125,126" machi="62" ten="30,8000,1" yaku="1,1,0,1,52,2,53,1" doraHai="132" doraHaiUra="87" who="2" fromWho="2" sc="250,-40,250,-20,240,90,250,-20" /><INIT seed="1,0,0,3,3,17" ten="210,230,330,230" oya="1" hai0="51,80,4,13,2,11,85,63,84,26,79,20,78" hai1="95,131,112,66,53,92,110,71,88,25,128,72,73" hai2="45,48,116,104,126,44,32,94,75,86,122,107,33" hai3="117,111,125,90,46,70,99,129,35,67,113,69,3"/><U123/><E112/><V15/><F116/><W127/><G3/><T31/><D51/><U39/><E39/><V74/><F122/><W38/><G35/><T65/><D2/><U8/><E123/><V135/><F135/><W124/><G113/><T89/><REACH who="0" step="1"/><D84/><REACH who="0" ten="200,230,330,230" step="2"/><U1/><E73/><V68/><F86/><W108/><G38/><T93/><D93/><U52/><E72/><V133/><F48/><W7/><G117/><T16/><D16/><U121/><E121/><V109/><F94/><W49/><G49/><T130/><D130/><U14/><E1/><V120/><F120/><W91/><G129/><T58/><AGARI ba="0,1" hai="4,11,13,20,26,31,58,63,65,78,79,80,85,89" machi="58" ten="20,8000,1" yaku="1,1,0,1,7,1,8,1,52,1,53,0" doraHai="17" doraHaiUra="97" who="0" fromWho="0" sc="200,90,230,-40,330,-20,230,-20" /><INIT seed="2,0,0,0,1,11" ten="290,190,310,210" oya="2" hai0="122,67,91,111,87,27,50,49,131,80,7,116,28" hai1="46,8,119,72,77,114,20,98,58,90,53,3,48" hai2="29,99,65,59,105,107,86,57,95,18,41,109,113" hai3="110,22,61,2,71,64,1,94,66,74,36,15,132"/><V10/><F113/><W23/><G110/><T82/><D111/><U56/><E114/><V55/><F109/><W133/><G74/><T38/><D38/><U42/><E119/><V73/><F73/><W39/><G94/><T106/><D106/><U54/><E20/><V83/><F41/><W100/><G100/><T127/><D122/><U4/><E90/><V125/><F125/><W108/><G108/><T6/><D127/><U35/><E35/><V93/><F105/><W134/><G66/><T103/><D103/><U75/><E98/><V26/><F107/><W68/><G68/><T21/><D131/><U128/><E128/><V88/><F65/><W51/><G51/><N who="0" m="19467" /><D67/><U120/><E120/><V85/><F55/><W25/><G1/><T69/><D69/><U118/><E118/><V5/><F18/><N who="3" m="10591" /><G2/><T9/><D116/><U14/><E3/><V60/><F60/><W84/><G84/><N who="2" m="32361" /><F83/><W13/><G13/><N who="0" m="5303" /><D7/><U19/><E4/><V123/><F95/><AGARI ba="0,0" hai="21,27,28,80,82,87,91,95" m="5303,19467" machi="95" ten="30,2000,0" yaku="8,1,52,1" doraHai="11" who="0" fromWho="2" sc="290,20,190,0,310,-20,210,0" /><INIT seed="3,0,0,0,1,36" ten="310,190,290,210" oya="3" hai0="57,102,53,11,58,52,106,103,105,35,99,49,59" hai1="121,67,24,22,44,27,124,76,16,133,119,9,60" hai2="62,89,78,128,1,110,26,100,91,79,34,5,92" hai3="129,97,64,111,130,88,117,118,120,69,21,134,95"/><W30/><G120/><T93/><D35/><U94/><E121/><V125/><F110/><W72/><G72/><T80/><D80/><U104/><E104/><V38/><F38/><W132/><G64/><T98/><D93/><U3/><E133/><N who="3" m="51306" /><G69/><T126/><D126/><U123/><E124/><V41/><F125/><W55/><G55/><T13/><REACH who="0" step="1"/><D53/><REACH who="0" ten="300,190,290,210" step="2"/><U33/><E123/><V17/><F34/><W47/><G111/><T135/><D135/><U85/><E94/><V66/><F128/><N who="3" m="49259" /><G47/><T75/><D75/><U10/><E44/><V7/><F92/><W23/><G30/><T4/><AGARI ba="0,1" hai="4,11,13,49,52,57,58,59,98,99,102,103,105,106" machi="4" ten="20,8000,1" yaku="1,1,0,1,7,1,9,1,54,1,53,0" doraHai="36" doraHaiUra="65" who="0" fromWho="0" sc="300,90,190,-20,290,-20,210,-40" /><INIT seed="4,0,0,0,5,131" ten="390,170,270,170" oya="0" hai0="101,43,30,1,93,46,13,116,18,81,24,105,127" hai1="92,38,63,35,60,12,40,69,19,29,134,23,14" hai2="84,117,53,103,67,109,89,132,27,64,9,76,114" hai3="82,106,85,6,48,104,75,107,113,2,51,7,22"/><T21/><D116/><U66/><E35/><V73/><F109/><W55/><G113/><T57/><D127/><U91/><E29/><V4/><F114/><W16/><G75/><T47/><D105/><U58/><E38/><V59/><F132/><W8/><G7/><T17/><D81/><U11/><E40/><V120/><F120/><W118/><G118/><T90/><D101/><U26/><E11/><V80/><F117/><W88/><REACH who="3" step="1"/><G55/><REACH who="3" ten="390,170,270,160" step="2"/><T110/><D110/><U95/><E134/><V50/><F103/><W33/><G33/><T94/><D1/><U61/><E61/><V83/><REACH who="2" step="1"/><F27/><AGARI ba="0,1" hai="2,6,8,16,22,27,48,51,82,85,88,104,106,107" machi="27" ten="40,8000,1" yaku="1,1,54,2,53,1" doraHai="131" doraHaiUra="79" who="3" fromWho="2" sc="390,0,170,0,270,-80,160,90" /><INIT seed="5,0,0,3,1,94" ten="390,170,190,250" oya="1" hai0="110,65,121,104,38,106,68,70,67,125,35,1,13" hai1="78,74,20,133,69,89,31,83,9,117,107,102,96" hai2="8,71,28,131,101,124,90,135,30,134,55,97,81" hai3="80,19,77,29,2,100,21,95,86,72,64,44,76"/><U61/><E117/><V54/><F71/><W52/><G2/><T116/><RYUUKYOKU type="yao9" ba="0,0" sc="390,0,170,0,190,0,250,0" hai0="1,13,35,38,65,67,68,70,104,106,110,116,121,125" /><INIT seed="5,1,0,3,5,106" ten="390,170,190,250" oya="1" hai0="36,47,134,79,55,75,113,103,94,117,128,105,66" hai1="64,107,109,76,122,4,67,7,9,114,41,124,3" hai2="130,69,5,40,77,98,31,104,101,131,108,51,21" hai3="62,78,58,24,120,68,110,82,132,95,49,57,10"/><U20/><E122/><V73/><F69/><W22/><G110/><T53/><D117/><U99/><E109/><V86/><F108/><W28/><G10/><T14/><D128/><N who="2" m="49194" /><F5/><W1/><G1/><T127/><D105/><U50/><E114/><V44/><F86/><W38/><G38/><T70/><D113/><U88/><E124/><V23/><F31/><W89/><G49/><T96/><D127/><U135/><E135/><V2/><F2/><W19/><G28/><T43/><D14/><U121/><E121/><V118/><F118/><W100/><G100/><T87/><D87/><U119/><E7/><V42/><F40/><W71/><G58/><T52/><D134/><U92/><E119/><V17/><F17/><W12/><G24/><T72/><REACH who="0" step="1"/><D79/><REACH who="0" ten="380,170,190,250" step="2"/><U11/><E76/><V25/><F25/><W112/><G132/><T129/><D129/><U33/><E107/><V18/><F77/><W45/><G112/><T56/><D56/><U34/><E3/><V63/><F104/><W46/><G71/><T26/><D26/><U65/><E4/><V61/><F98/><W90/><G68/><T81/><D81/><U83/><E83/><V30/><F44/><W84/><G78/><T111/><D111/><U102/><E99/><V123/><F123/><W93/><G82/><T39/><D39/><U48/><E92/><V60/><F73/><W54/><G120/><T35/><D35/><U16/><E34/><V0/><F0/><W115/><G115/><T15/><D15/><U59/><E33/><V97/><F97/><AGARI ba="1,1" hai="12,19,22,45,46,54,57,62,84,89,90,93,95,97" machi="97" ten="30,2000,0" yaku="7,1,8,1" doraHai="106" who="3" fromWho="2" sc="380,0,170,0,190,-23,250,33" /><INIT seed="6,0,0,2,5,89" ten="380,170,167,283" oya="2" hai0="135,48,22,125,113,112,90,15,69,23,85,114,18" hai1="75,61,82,73,45,60,133,74,95,33,28,83,3" hai2="76,29,79,64,24,87,66,31,37,103,132,51,65" hai3="11,128,78,101,131,123,117,50,116,52,91,106,130"/><V49/><F132/><W47/><G123/><T30/><D135/><U21/><E33/><V32/><F37/><W104/><G78/><T71/><D125/><U134/><E3/><V127/><F127/><W92/><G101/><T19/><D30/><N who="2" m="11274" /><F32/><W120/><G11/><T98/><D98/><U40/><E28/><V36/><F36/><W115/><G115/><T129/><D48/><N who="2" m="18506" /><F24/><W54/><G54/><T99/><D99/><U57/><E134/><V93/><F87/><N who="3" m="52351" /><G120/><T0/><D0/><U56/><E133/><V110/><F110/><W13/><G13/><N who="0" m="9551" /><D129/><U81/><E75/><V96/><AGARI ba="0,0" hai="64,65,66,76,79,93,96,103" m="18506,11274" machi="96" ten="40,3900,0" yaku="8,1,52,1" doraHai="89" who="2" fromWho="2" sc="380,-13,170,-13,167,39,283,-13" /><INIT seed="6,1,0,4,4,116" ten="367,157,206,270" oya="2" hai0="68,40,11,31,30,9,95,72,123,96,0,20,75" hai1="89,100,114,33,108,45,88,48,26,66,97,82,62" hai2="18,129,15,101,39,49,132,70,85,117,63,135,110" hai3="79,133,113,99,118,131,92,47,25,44,17,19,42"/><V35/><F117/><W121/><G133/><N who="2" m="51273" /><F39/><W24/><G121/><T78/><D123/><U76/><E114/><V74/><F74/><W107/><G107/><T119/><D68/><U124/><E124/><V34/><F129/><W27/><G79/><T64/><D64/><U2/><E2/><V126/><F126/><W130/><G113/><T69/><D69/><U120/><E108/><V122/><F122/><W98/><G27/><T57/><D57/><U53/><E120/><V71/><F110/><W12/><G12/><T77/><D20/><U4/><E4/><V51/><F101/><W5/><G5/><T37/><D11/><U28/><E82/><V13/><F71/><W61/><G118/><T128/><D78/><U41/><E41/><V16/><F85/><W10/><G42/><T104/><D104/><U1/><E76/><V81/><F81/><W59/><G131/><T3/><D3/><U58/><REACH who="1" step="1"/><E1/><REACH who="1" ten="367,147,206,270" step="2"/><V21/><F70/><W73/><G130/><T115/><D128/><U50/><E50/><N who="2" m="18955" /><F63/><W80/><G61/><T36/><D115/><U22/><E22/><AGARI ba="1,1" hai="13,15,16,18,21,22,34,35" m="18955,51273" machi="22" ten="30,2900,0" yaku="20,1,54,1" doraHai="116" who="2" fromWho="1" sc="367,0,147,-32,206,42,270,0" /><INIT seed="6,2,0,5,4,74" ten="367,115,248,270" oya="2" hai0="38,85,51,72,117,4,82,80,120,11,100,43,87" hai1="32,5,121,93,107,29,46,0,84,24,124,40,131" hai2="135,15,79,90,126,45,35,75,28,94,112,18,8" hai3="78,55,50,47,99,44,110,17,76,71,133,20,119"/><V105/><F105/><W98/><G110/><T58/><D120/><U66/><E131/><V103/><F135/><W63/><G133/><T96/><D117/><U111/><E124/><V60/><F126/><W125/><G119/><T41/><D58/><U12/><E121/><V57/><F112/><W88/><G71/><T65/><D65/><U115/><E115/><V109/><F109/><W39/><G39/><T56/><D56/><U67/><E107/><V10/><F35/><W3/><G3/><T129/><D51/><U101/><E0/><V134/><F134/><W73/><G73/><T69/><D69/><U118/><E118/><V23/><F103/><W113/><G113/><T114/><D129/><U62/><E111/><V1/><F45/><N who="3" m="28111" /><G63/><T36/><D72/><U33/><E33/><V104/><F104/><W37/><G37/><T116/><D38/><U13/><E5/><V130/><F130/><W27/><G125/><T21/><D36/><U61/><E61/><V128/><F28/><W95/><G99/><T122/><D116/><U81/><E67/><N who="2" m="39311" /><F1/><W70/><G70/><T7/><D100/><U132/><E132/><V68/><F68/><W26/><G27/><T52/><D122/><U49/><E62/><V16/><F128/><W48/><G47/><T83/><D41/><AGARI ba="2,0" hai="17,20,26,41,44,48,76,78,88,95,98" m="28111" machi="41" ten="30,7700,0" yaku="8,1,52,2,54,1" doraHai="74" who="3" fromWho="0" sc="367,-83,115,0,248,0,270,83" /><INIT seed="7,0,0,0,1,135" ten="284,115,248,353" oya="3" hai0="48,64,42,72,9,106,12,94,75,62,124,123,93" hai1="111,10,121,74,109,5,126,39,99,90,41,52,134" hai2="4,0,66,3,84,30,108,81,78,88,61,59,32" hai3="71,119,51,8,33,2,28,35,18,11,19,60,63"/><W113/><G113/><T40/><D106/><U79/><E134/><V31/><F108/><W98/><G2/><T125/><D123/><U58/><E121/><V17/><F3/><W86/><G86/><T97/><D48/><U13/><E74/><V53/><F0/><W15/><G51/><T101/><D93/><U27/><E79/><V95/><F4/><W20/><G98/><T70/><D72/><U23/><E39/><V77/><F32/><W67/><G63/><T107/><D75/><U116/><E116/><V128/><F128/><W122/><G119/><T38/><D107/><U1/><E41/><V6/><F6/><W92/><G92/><T103/><D101/><U69/><E69/><V105/><F105/><W73/><G73/><T22/><D22/><U117/><E117/><V104/><F104/><W34/><G28/><T102/><D102/><U14/><E111/><V89/><F66/><W45/><G45/><T85/><D85/><U76/><E76/><N who="2" m="29291" /><F17/><W118/><G19/><N who="0" m="8591" /><D38/><U68/><E68/><V115/><F115/><W129/><G35/><T50/><D50/><U83/><E109/><V56/><F56/><W21/><G34/><T130/><D130/><U26/><E1/><V24/><F24/><W49/><G33/><T114/><D114/><U82/><E27/><V37/><F37/><W65/><G118/><T91/><D103/><U120/><E120/><V47/><F47/><W133/><G122/><T80/><D80/><U132/><E132/><V29/><F30/><W110/><G133/><T127/><AGARI ba="0,0" hai="40,42,62,64,70,91,94,97,124,125,127" m="8591" machi="127" ten="30,7900,0" yaku="18,1,52,3" doraHai="135" who="0" fromWho="0" sc="284,79,115,-20,248,-20,353,-39" owari="363,46.0,95,-40.0,228,-17.0,314,11.0" /></mjloggm>