<mjloggm ver="2.3"><GO type="41" lobby="0"/><UN n0="%E2%93%9D%53%75%70%68%78" n1="%E8%B5%A4%E3%81%9A%E3%81%8D%E3%82%93%E3%81%8F%E3%82%93" n2="%41%72%69%74%68%4A" n3="%E7%A5%9E%E4%BB%99%E9%85%B5%E6%AF%8D" dan="18,14,14,14" rate="2079.62,1887.63,1956.37,2017.52" sx="M,M,M,F"/><TAIKYOKU oya="0"/><INIT seed="0,0,0,0,5,19" ten="250,250,250,250" oya="0" hai0="32,82,16,104,80,76,88,69,77,123,62,58,114" hai1="41,56,12,120,89,126,134,86,35,119,55,67,51" hai2="84,109,108,132,85,125,78,39,54,1,50,99,38" hai3="106,3,11,71,57,124,14,44,42,20,43,92,61"/><T79/><D114/><U23/><E119/><V95/><F1/><W131/><G106/><T87/><D123/><U101/><E120/><V111/><F132/><W33/><G33/><T46/><D69/><U65/><E35/><V18/><F125/><W121/><G124/><T8/><D104/><U100/><E134/><V22/><F54/><W83/><G71/><T129/><D32/><U49/><E49/><V29/><F29/><W113/><G113/><T4/><D129/><U130/><E41/><V36/><F50/><W37/><G131/><T48/><D4/><U21/><E130/><V96/><F78/><W31/><G43/><N who="0" m="24671" /><D82/><N who="1" m="49367" /><E12/><N who="2" m="9543" /><F96/><W70/><G70/><T133/><D133/><U122/><E126/><V6/><F6/><W105/><G121/><T63/><D58/><U52/><E55/><V30/><F30/><W117/><G105/><T15/><AGARI ba="0,0" hai="8,15,16,62,63,76,77,79,80,87,88" m="24671" machi="15" ten="30,6000,0" yaku="8,1,54,2" doraHai="19" who="0" fromWho="0" sc="250,60,250,-20,250,-20,250,-20" /><INIT seed="0,1,0,3,4,52" ten="310,230,230,230" oya="0" hai0="121,27,71,118,28,119,83,38,102,114,98,53,115" hai1="106,110,82,124,112,81,41,2,75,73,85,108,45" hai2="107,76,69,25,10,90,120,86,65,31,21,128,130" hai3="6,46,40,104,14,97,132,122,129,92,37,55,33"/><T24/><D53/><U135/><E2/><V57/><F120/><W9/><G132/><T103/><D71/><U12/><E112/><V56/><F107/><W39/><G129/><N who="2" m="49769" /><F76/><W15/><G104/><T44/><D44/><U111/><E12/><V94/><F10/><W77/><G33/><T72/><D28/><U84/><E135/><V109/><F109/><W74/><G122/><T29/><D29/><U116/><E45/><V4/><F4/><W19/><G39/><T26/><D121/><U1/><E41/><V133/><F133/><W17/><G55/><T42/><D42/><U60/><E60/><AGARI ba="1,0" hai="21,25,31,56,57,60,65,69,86,90,94" m="49769" machi="60" ten="30,3900,0" yaku="19,1,52,2" doraHai="52" who="2" fromWho="1" sc="310,0,230,-42,230,42,230,0" /><INIT seed="1,0,0,5,5,75" ten="310,188,272,230" oya="1" hai0="82,73,84,57,9,52,112,36,103,88,71,0,98" hai1="23,29,27,26,67,64,59,66,116,127,111,44,132" hai2="126,72,81,13,50,110,89,92,35,83,38,61,130" hai3="65,117,135,74,25,68,41,11,19,101,56,46,90"/><U4/><E116/><V134/><F38/><W120/><G120/><T86/><D112/><U128/><E132/><V31/><F134/><W32/><G135/><T109/><D71/><U105/><E105/><V104/><F104/><W22/><G68/><T63/><D36/><U40/><E127/><V55/><F110/><W5/><G101/><T17/><D109/><U6/><E111/><V107/><F107/><W20/><G65/><T100/><D73/><U113/><E59/><V77/><F130/><W60/><G22/><T1/><D1/><U16/><E128/><V121/><F121/><W10/><G32/><T76/><D98/><U87/><E87/><V51/><F126/><W106/><G106/><T99/><D99/><U24/><E113/><V129/><F83/><W39/><G117/><T47/><D47/><U94/><E94/><V12/><F61/><W30/><G30/><T119/><D119/><U28/><E29/><V58/><F51/><W43/><G43/><T93/><REACH who="0" step="1"/><D17/><REACH who="0" ten="300,188,272,230" step="2"/><U125/><E125/><V97/><REACH who="2" step="1"/><F129/><REACH who="2" ten="300,188,262,230" step="2"/><W115/><G39/><T118/><D118/><U42/><E42/><V15/><F15/><W2/><G41/><T133/><D133/><U34/><REACH who="1" step="1"/><E26/><AGARI ba="0,2" hai="12,13,26,31,35,50,55,58,72,77,81,89,92,97" machi="26" ten="40,2600,0" yaku="1,1,52,1,53,0" doraHai="75" doraHaiUra="37" who="2" fromWho="1" sc="300,0,188,-26,262,46,230,0" /><INIT seed="2,0,0,4,3,87" ten="300,162,308,230" oya="2" hai0="8,121,75,74,20,18,51,84,133,19,31,104,37" hai1="12,66,27,127,116,93,2,132,131,106,28,94,5" hai2="55,46,109,22,98,113,70,3,69,40,126,80,29" hai3="21,57,123,77,86,43,112,103,135,58,101,91,107"/><V23/><F113/><W62/><G123/><T65/><D104/><U16/><E116/><V125/><F3/><W7/><G112/><T61/><D37/><U78/><E106/><V89/><F55/><W122/><G122/><T100/><D133/><U71/><E78/><V92/><F109/><W110/><G110/><T4/><D100/><U79/><E79/><V32/><F32/><W30/><G77/><T72/><D51/><U115/><E115/><V60/><F80/><W15/><G107/><T13/><D121/><U14/><E71/><V119/><F119/><W6/><G43/><T118/><D118/><U1/><E66/><V41/><F41/><W88/><G30/><T68/><REACH who="0" step="1"/><D84/><REACH who="0" ten="290,162,308,230" step="2"/><U33/><E132/><V0/><F60/><W99/><G86/><T130/><D130/><U81/><E131/><V59/><F125/><W48/><G48/><T67/><D67/><U44/><E44/><V73/><F126/><W95/><G135/><T45/><D45/><U85/><E127/><V76/><F46/><W108/><G103/><T36/><D36/><U26/><E85/><V96/><F73/><W111/><G111/><T10/><D10/><N who="1" m="4175" /><E81/><V39/><F39/><W120/><G120/><T34/><D34/><U124/><E124/><V63/><F63/><W9/><G108/><T24/><AGARI ba="0,1" hai="4,8,13,18,19,20,24,31,61,65,68,72,74,75" machi="24" ten="40,5200,0" yaku="1,1,0,1,53,1" doraHai="87" doraHaiUra="11" who="0" fromWho="0" sc="290,62,162,-13,308,-26,230,-13" /><INIT seed="3,0,0,0,4,39" ten="352,149,282,217" oya="3" hai0="106,69,11,10,67,85,130,84,113,49,110,94,51" hai1="100,42,122,127,59,116,123,24,125,119,8,117,112" hai2="7,5,20,41,108,74,35,32,19,4,81,0,30" hai3="73,34,91,75,60,14,23,135,104,25,16,103,1"/><W38/><G135/><T109/><D106/><U133/><E100/><V53/><F53/><W97/><G38/><T18/><D130/><U26/><E133/><V72/><F81/><W120/><G120/><N who="1" m="46122" /><E59/><V22/><F41/><W43/><G43/><T31/><D31/><U90/><E90/><V98/><F98/><W61/><G91/><T76/><D67/><U132/><E132/><V71/><F71/><W13/><G1/><T28/><D28/><U33/><E42/><V27/><F74/><W129/><G129/><T95/><D18/><U40/><E40/><V114/><F72/><W80/><G14/><T56/><D56/><U102/><E102/><V111/><F114/><W2/><G2/><T17/><D17/><U131/><E131/><V115/><F0/><W52/><G80/><T93/><D69/><U62/><E62/><V29/><F29/><W105/><G105/><T86/><D76/><U87/><E87/><V45/><F45/><W126/><G34/><N who="2" m="12841" /><F115/><W15/><G75/><T83/><D83/><U3/><E112/><V48/><F48/><N who="0" m="18506" /><D113/><U96/><E96/><V58/><F58/><N who="3" m="34887" /><G73/><T107/><D107/><U57/><E57/><V65/><F65/><W12/><G61/><T128/><D128/><U47/><E47/><V6/><N who="2" m="1024" /><DORA hai="55" /><V66/><F66/><W78/><G78/><T118/><D118/><U64/><E64/><V99/><F99/><W44/><G44/><T134/><D134/><U82/><E82/><V121/><F121/><W79/><G79/><T77/><D77/><U89/><E117/><V37/><F37/><W101/><G101/><RYUUKYOKU ba="0,0" sc="352,10,149,-30,282,10,217,10" hai0="10,11,84,85,86,93,94,95,109,110" hai2="19,20,22,27,30,108,111" hai3="12,13,15,16,23,25,97,103,104,126" /><INIT seed="3,1,0,5,2,126" ten="362,119,292,227" oya="3" hai0="41,52,108,61,122,79,62,128,89,15,73,65,104" hai1="116,114,32,124,35,28,105,21,112,84,111,134,121" hai2="63,96,23,12,6,60,5,4,90,88,46,94,58" hai3="99,85,93,34,68,103,14,33,20,125,92,74,54"/><W118/><G74/><T119/><D104/><U106/><E84/><V133/><F133/><W69/><G118/><T24/><D108/><U57/><E57/><V100/><F46/><W131/><G125/><T11/><D41/><U101/><E101/><V59/><F23/><W45/><G20/><T123/><D24/><U72/><E21/><V17/><F17/><W77/><G45/><T76/><D89/><U107/><E28/><V19/><F19/><W48/><G85/><T70/><D119/><U37/><E32/><V39/><F12/><W26/><G48/><T1/><D1/><U2/><E105/><V16/><F16/><W102/><G99/><T18/><D73/><U78/><E78/><V0/><F39/><W82/><G77/><T27/><D27/><U29/><E29/><V71/><F71/><W55/><G82/><T95/><D79/><U66/><E66/><N who="2" m="39191" /><F0/><W38/><G14/><T25/><D25/><U86/><E86/><V135/><F135/><W97/><G26/><T50/><D76/><U44/><E44/><V81/><F81/><W51/><G38/><T8/><D70/><U117/><E107/><V83/><F83/><W53/><G97/><T98/><D98/><U113/><E113/><V132/><F132/><W7/><G7/><N who="2" m="1793" /><V31/><DORA hai="43" /><F31/><W91/><G69/><T130/><D18/><U3/><E3/><V75/><F75/><W40/><G68/><T67/><D15/><U22/><E72/><V30/><F30/><W109/><G34/><T49/><D95/><U36/><E35/><V127/><F127/><W87/><G33/><RYUUKYOKU ba="1,0" sc="362,15,119,-15,292,15,227,-15" hai0="8,11,49,50,52,61,62,65,67,122,123,128,130" hai2="59,63,88,90,94,96,100" /><INIT seed="4,2,0,5,0,82" ten="377,104,307,212" oya="0" hai0="47,132,79,32,104,118,33,94,109,37,135,24,69" hai1="15,61,100,86,2,103,108,117,101,129,0,55,30" hai2="6,70,120,68,102,29,10,21,56,64,9,133,60" hai3="62,124,14,122,31,115,126,113,66,22,28,88,78"/><T57/><D118/><U59/><E108/><V13/><F120/><W128/><G122/><T58/><D104/><U36/><E117/><V38/><F38/><W123/><G123/><T111/><D79/><U72/><E72/><V1/><F133/><N who="0" m="51274" /><D69/><U53/><E129/><V12/><F102/><W77/><G128/><T41/><D94/><U18/><E30/><V96/><F96/><W98/><G78/><T116/><D116/><U110/><E36/><V76/><F76/><W4/><G77/><T43/><D24/><U11/><E110/><N who="0" m="41993" /><D43/><U5/><E2/><V52/><F1/><W106/><G106/><T83/><D83/><U95/><E55/><V85/><F68/><W87/><G98/><T134/><D134/><U99/><REACH who="1" step="1"/><E86/><REACH who="1" ten="377,94,307,212" step="2"/><V127/><F85/><W121/><G121/><T25/><D33/><U54/><E54/><V7/><F52/><W39/><G39/><T81/><D81/><U119/><E119/><V91/><F29/><AGARI ba="2,1" hai="25,29,32,37,41,47,57,58" m="41993,51274" machi="29" ten="30,2900,0" yaku="20,1,10,1" doraHai="82" who="0" fromWho="2" sc="377,45,94,0,307,-35,212,0" /><INIT seed="4,3,0,1,0,6" ten="422,94,272,212" oya="0" hai0="59,15,98,94,86,108,64,92,66,13,39,35,24" hai1="58,127,125,28,25,56,61,42,130,11,51,91,113" hai2="7,16,129,62,88,82,72,116,99,101,122,87,36" hai3="78,37,79,77,135,111,10,53,74,3,95,114,106"/><T119/><D119/><U5/><E130/><V49/><F122/><W69/><G106/><T29/><D39/><U26/><E91/><V31/><F36/><W124/><G111/><T0/><D0/><U105/><E105/><V112/><F129/><W96/><G69/><T48/><D108/><U52/><E26/><V47/><F112/><W131/><G131/><T17/><D15/><U43/><E113/><V71/><F31/><W80/><G135/><T73/><D73/><U22/><E127/><V2/><F116/><W75/><G124/><T132/><D86/><U9/><E125/><V1/><F72/><W44/><G53/><T83/><D83/><U76/><E76/><V57/><F71/><W123/><G123/><T33/><D94/><U97/><E97/><V126/><F126/><W109/><G109/><T41/><D35/><U19/><E28/><V40/><F16/><W27/><G27/><T23/><D132/><U103/><E103/><V104/><REACH who="2" step="1"/><F7/><REACH who="2" ten="422,94,262,212" step="2"/><N who="3" m="1407" /><G75/><T18/><D18/><U121/><E121/><V70/><F70/><W128/><G128/><T12/><D29/><U133/><E133/><V60/><F60/><W117/><G117/><T85/><D17/><U20/><E5/><V55/><AGARI ba="3,1" hai="1,2,40,47,49,55,57,62,82,87,88,99,101,104" machi="55" ten="20,5200,0" yaku="1,1,0,1,7,1,54,1,53,0" doraHai="6" doraHaiUra="4" who="2" fromWho="2" sc="422,-29,94,-16,262,71,212,-16" /><INIT seed="5,0,0,5,1,89" ten="393,78,333,196" oya="1" hai0="117,38,105,24,46,20,122,63,113,108,84,132,47" hai1="68,19,72,65,81,71,18,9,121,39,62,23,110" hai2="107,91,64,10,52,127,40,94,50,93,109,70,42" hai3="124,14,120,80,112,34,61,26,66,131,102,32,96"/><U58/><E121/><V126/><F109/><W43/><G120/><T87/><D105/><U115/><E39/><V1/><F107/><W99/><G131/><T31/><D113/><U101/><E101/><V106/><F106/><W11/><G112/><T16/><D117/><U33/><E33/><V114/><F114/><W88/><G124/><N who="2" m="47657" /><F64/><W73/><G73/><T85/><D132/><U130/><E130/><V59/><F70/><W51/><G26/><T134/><D134/><U103/><E103/><V53/><F1/><W79/><G79/><T135/><D108/><U77/><E110/><V41/><F91/><W5/><G34/><T78/><D38/><U125/><E115/><V28/><F28/><W76/><G76/><T12/><D135/><U0/><E125/><V7/><F10/><W98/><G32/><T4/><D78/><U118/><E118/><V56/><F7/><W133/><G133/><T44/><D122/><U69/><REACH who="1" step="1"/><E23/><REACH who="1" ten="393,68,333,196" step="2"/><V119/><F119/><W27/><G102/><T57/><D20/><U95/><E95/><V21/><F21/><W22/><G22/><T36/><D36/><U129/><E129/><V90/><F90/><W8/><G27/><T100/><D100/><U60/><E60/><AGARI ba="0,1" hai="40,41,42,50,52,53,56,59,60,93,94" m="47657" machi="60" ten="30,7700,0" yaku="18,1,52,2,54,1" doraHai="89" who="2" fromWho="1" sc="393,0,68,-77,333,87,196,0" owari="393,19.0,-9,-51.0,420,52.0,196,-20.0" /></mjloggm>