<mjloggm ver="2.3"><GO type="41" lobby="0"/><UN n0="%E3%83%9E%E3%82%B8%E3%83%B3%E3%82%AC%E3%83%BC%5A%5A" n1="%E5%85%AC%E5%8B%99%E5%93%A1%E9%BA%BB%E9%9B%80%32" n2="%E2%93%9D%53%75%70%68%78" n3="%42%4F%55%52%42%4F%4E" dan="13,14,17,13" rate="1871.49,1913.05,2053.44,1840.71" sx="M,M,M,M"/><TAIKYOKU oya="0"/><INIT seed="0,0,0,0,2,37" ten="250,250,250,250" oya="0" hai0="45,58,15,56,61,41,100,117,112,27,11,93,64" hai1="78,133,109,75,42,124,7,38,12,35,96,4,83" hai2="21,108,5,55,68,94,62,1,107,115,98,60,46" hai3="32,90,29,120,13,50,87,97,101,16,128,130,81"/><T36/><D117/><U63/><E109/><V126/><F115/><W113/><G113/><T119/><D119/><U6/><E124/><V67/><F107/><W70/><G70/><T69/><D112/><U106/><E35/><V48/><F108/><W14/><G120/><T18/><REACH who="0" step="1"/><D27/><REACH who="0" ten="240,250,250,250" step="2"/><U54/><E133/><V51/><F126/><W129/><G32/><T73/><D73/><U72/><E75/><V95/><F68/><W40/><G29/><T127/><D127/><U9/><E106/><V59/><F67/><W57/><G57/><T91/><D91/><U22/><E96/><AGARI ba="0,1" hai="11,15,18,36,41,45,56,58,61,64,69,93,96,100" machi="96" ten="40,3900,0" yaku="1,1,52,1,53,0" doraHai="37" doraHaiUra="74" who="0" fromWho="1" sc="240,49,250,-39,250,0,250,0" /><INIT seed="0,1,0,0,2,117" ten="289,211,250,250" oya="0" hai0="107,45,38,73,41,42,23,63,31,46,20,95,4" hai1="81,71,17,86,62,79,127,44,114,88,18,133,100" hai2="109,3,77,116,123,10,49,54,36,64,124,135,121" hai3="68,111,85,74,6,97,130,32,75,7,22,1,103"/><T129/><D107/><U37/><E127/><V101/><F101/><W30/><G68/><T60/><D73/><U87/><E133/><V93/><F93/><W67/><G32/><T91/><D129/><U94/><E114/><V9/><F36/><W12/><G1/><T99/><D4/><U24/><E100/><V19/><F77/><W132/><G67/><T105/><D105/><U0/><E0/><V126/><F64/><W78/><G130/><T125/><D125/><N who="2" m="48234" /><F116/><W72/><G132/><T21/><REACH who="0" step="1"/><D31/><REACH who="0" ten="279,211,250,250" step="2"/><U65/><REACH who="1" step="1"/><E24/><REACH who="1" ten="279,201,250,250" step="2"/><V57/><F135/><W76/><G75/><T96/><D96/><U15/><E15/><N who="2" m="7663" /><F109/><W52/><G97/><T61/><D61/><U28/><E28/><V118/><F118/><W58/><G30/><T110/><D110/><U51/><E51/><AGARI ba="1,2" hai="20,21,23,38,41,42,45,46,51,60,63,91,95,99" machi="51" ten="40,2000,0" yaku="1,1,53,0" doraHai="117" doraHaiUra="102" who="0" fromWho="1" sc="279,43,201,-23,250,0,250,0" /><INIT seed="0,2,0,1,2,0" ten="322,178,250,250" oya="0" hai0="49,132,123,75,114,47,57,103,88,40,70,37,19" hai1="78,26,102,122,131,39,101,42,21,20,27,109,64" hai2="10,41,7,25,43,106,18,44,52,66,126,119,24" hai3="63,82,72,32,104,116,50,120,111,71,118,35,92"/><T125/><D123/><U89/><E122/><V17/><F106/><W60/><G104/><T16/><D114/><U96/><E109/><V133/><F66/><W28/><G120/><T99/><D125/><U51/><E39/><V61/><F133/><W108/><G50/><T107/><D75/><U86/><E64/><V3/><F126/><W83/><G92/><T98/><D132/><U65/><E65/><V9/><F119/><W112/><G28/><T94/><REACH who="0" step="1"/><D70/><REACH who="0" ten="312,178,250,250" step="2"/><U11/><E131/><V34/><F34/><W14/><G112/><T105/><D105/><U93/><E78/><V4/><F3/><W8/><G72/><T80/><D80/><U36/><E36/><V22/><F25/><W77/><G71/><T90/><D90/><U97/><E27/><V53/><F24/><W29/><G77/><T31/><D31/><U2/><E26/><V117/><F117/><W121/><G29/><T33/><D33/><U6/><E102/><V12/><F12/><W74/><G14/><T134/><D134/><U73/><E73/><V1/><F1/><W87/><G74/><T23/><D23/><U45/><REACH who="1" step="1"/><E97/><REACH who="1" ten="312,168,250,250" step="2"/><V95/><F22/><W127/><G121/><T81/><D81/><AGARI ba="2,2" hai="2,6,11,20,21,42,45,51,81,86,89,93,96,101" machi="81" ten="30,7700,0" yaku="1,1,2,1,7,1,52,1,53,0" doraHai="0" doraHaiUra="55" who="1" fromWho="0" sc="312,-83,168,103,250,0,250,0" /><INIT seed="1,0,0,1,5,89" ten="229,271,250,250" oya="1" hai0="52,40,56,63,133,8,94,39,13,96,81,68,0" hai1="102,12,73,85,15,9,22,103,5,76,60,23,35" hai2="44,14,46,65,78,113,66,104,99,53,4,83,75" hai3="122,124,134,95,130,101,59,62,82,86,116,112,1"/><U10/><E35/><V2/><F113/><W34/><G122/><T132/><D0/><U88/><E73/><V49/><F2/><W55/><G112/><T117/><D117/><U97/><E76/><V114/><F114/><W21/><G34/><T98/><D81/><U84/><E60/><V28/><F28/><W126/><G130/><T19/><D68/><U74/><E74/><V48/><F104/><W17/><G1/><T120/><D120/><U64/><E64/><V50/><F99/><N who="3" m="59647" /><G134/><N who="0" m="51819" /><D94/><U109/><E109/><V26/><F26/><W110/><G116/><T70/><D70/><U72/><E72/><V71/><F71/><W79/><G110/><T115/><D115/><U6/><E97/><V33/><F33/><W43/><G43/><T80/><D80/><U16/><E16/><V36/><F83/><W100/><G100/><T107/><D107/><U41/><E41/><V92/><F75/><W121/><G121/><T90/><D90/><AGARI ba="0,0" hai="5,6,9,10,12,15,22,23,84,85,88,90,102,103" machi="90" ten="25,9600,0" yaku="22,2,8,1,54,1" doraHai="89" who="1" fromWho="0" sc="229,-96,271,96,250,0,250,0" /><INIT seed="1,1,0,0,1,69" ten="133,367,250,250" oya="1" hai0="127,14,53,67,76,17,18,88,79,5,91,60,124" hai1="54,1,65,62,108,92,7,2,114,22,51,71,98" hai2="93,100,104,32,105,49,107,75,26,38,73,57,37" hai3="13,102,117,78,41,122,63,68,45,52,44,50,74"/><U112/><E108/><V87/><F49/><W42/><G102/><T3/><D53/><U94/><E94/><V56/><F87/><W48/><G74/><N who="2" m="28169" /><F93/><W31/><G78/><N who="0" m="29739" /><D3/><U99/><E99/><N who="2" m="61471" /><F57/><W33/><G13/><T6/><D14/><U97/><E97/><V84/><F56/><W39/><G31/><T27/><D27/><U0/><E7/><N who="0" m="2569" /><D60/><U130/><E22/><V128/><F84/><W119/><G33/><T77/><N who="0" m="29747" /><T129/><DORA hai="9" /><D67/><U116/><E130/><V25/><F128/><W70/><G122/><T86/><D86/><U121/><E121/><V10/><F10/><W135/><G135/><T103/><D103/><U35/><E35/><V109/><F109/><W123/><G123/><T89/><D129/><U11/><E11/><V133/><F133/><W23/><G23/><T101/><D101/><U43/><E43/><V132/><F132/><W64/><G70/><T96/><D96/><U66/><E66/><V72/><F26/><W115/><G115/><T111/><D111/><U83/><E83/><V28/><F72/><W30/><G30/><T8/><D8/><U125/><E114/><V47/><F47/><AGARI ba="1,0" hai="39,41,42,44,45,47,48,50,52,63,64,68,117,119" machi="47" ten="40,8000,1" yaku="34,3,52,1,54,1" doraHai="69,9" who="3" fromWho="2" sc="133,0,367,0,250,-83,250,83" /><INIT seed="2,0,0,0,3,79" ten="133,367,167,333" oya="2" hai0="121,76,119,56,17,72,120,115,95,84,16,48,4" hai1="117,109,26,128,46,38,80,55,69,23,44,18,57" hai2="132,11,96,70,123,49,88,77,31,94,67,2,47" hai3="131,24,107,62,73,3,135,92,28,19,27,21,39"/><V100/><F123/><W59/><G107/><T51/><D119/><U65/><E117/><V125/><F132/><W75/><G39/><T103/><D115/><U15/><E109/><V105/><F125/><W89/><G3/><T42/><D4/><U99/><E128/><V122/><F122/><W36/><G36/><T9/><D72/><U68/><E99/><V111/><F31/><W74/><G131/><T34/><D34/><U58/><E58/><V113/><F113/><W61/><G135/><T35/><D35/><U126/><E126/><V87/><F111/><W53/><G62/><T41/><D103/><U106/><E106/><V13/><F2/><W112/><G112/><T8/><D76/><U71/><E65/><V6/><F77/><W86/><REACH who="3" step="1"/><G74/><REACH who="3" ten="133,367,167,323" step="2"/><T81/><D95/><U29/><E38/><V14/><F70/><W83/><G83/><T40/><D40/><U37/><E37/><V102/><F105/><W110/><G110/><T32/><D81/><U22/><REACH who="1" step="1"/><E80/><REACH who="1" ten="133,357,167,323" step="2"/><N who="2" m="49255" /><F67/><W12/><G12/><T1/><D1/><U104/><E104/><V90/><F14/><W64/><G64/><T114/><D114/><U91/><E91/><V85/><F96/><W52/><G52/><AGARI ba="0,2" hai="6,11,13,47,49,52,85,90,94,100,102" m="49255" machi="52" ten="30,11600,0" yaku="8,1,52,1,54,2" doraHai="79" who="2" fromWho="3" sc="133,0,357,0,167,136,323,-116" /><INIT seed="2,1,0,4,1,96" ten="133,357,303,207" oya="2" hai0="129,4,105,62,19,68,97,110,84,100,135,82,38" hai1="52,67,48,6,20,65,125,81,74,32,51,134,27" hai2="113,45,69,25,80,88,28,77,71,99,47,1,103" hai3="117,63,124,73,83,59,2,56,104,115,108,70,21"/><V42/><F113/><W127/><G117/><T53/><D135/><U85/><E125/><N who="3" m="48202" /><G2/><T64/><D129/><U15/><E74/><V23/><F1/><W24/><G104/><T114/><D114/><U72/><E72/><V94/><F47/><W8/><G8/><T41/><D4/><U31/><E51/><V3/><F3/><W133/><G108/><T95/><D110/><U35/><E134/><V0/><F0/><W14/><G14/><T43/><D53/><U132/><E132/><V122/><F122/><W58/><G133/><T36/><D19/><U106/><E106/><V30/><F30/><N who="3" m="17679" /><G115/><T49/><D105/><U46/><E35/><V16/><F28/><W98/><G98/><T26/><D26/><U54/><E54/><V118/><F118/><W78/><G70/><T10/><D10/><N who="1" m="4567" /><E32/><V120/><F120/><W111/><G111/><T34/><D34/><U102/><E102/><V131/><F131/><W89/><G89/><AGARI ba="1,0" hai="20,27,31,46,48,52,65,67,81,85,89" m="4567" machi="89" ten="30,2000,0" yaku="8,1,54,1" doraHai="96" who="1" fromWho="3" sc="133,0,357,23,303,0,207,-23" /><INIT seed="3,0,0,4,3,82" ten="133,380,303,184" oya="3" hai0="33,133,60,98,40,112,0,2,116,122,101,59,22" hai1="26,50,54,120,65,18,12,35,125,45,129,96,132" hai2="43,62,74,135,77,124,109,55,89,106,111,17,130" hai3="84,10,110,68,79,30,121,81,42,88,34,19,56"/><W36/><G121/><T131/><D122/><U63/><E125/><V46/><F106/><W49/><G68/><T91/><D116/><U3/><E3/><V39/><F77/><W95/><G110/><N who="2" m="41993" /><F89/><W61/><G36/><T8/><D112/><U51/><E129/><V127/><F17/><W29/><G34/><T90/><D33/><U119/><E132/><V25/><F74/><W113/><G113/><T64/><D131/><U86/><E119/><V114/><F25/><W80/><G42/><T23/><D133/><U67/><E96/><V99/><F99/><W24/><G49/><T66/><D40/><U78/><E26/><V31/><F31/><N who="3" m="11787" /><G79/><T9/><D98/><U128/><E128/><V100/><F100/><W117/><G117/><T28/><D101/><U105/><E105/><V7/><F114/><W5/><G5/><T118/><D28/><U85/><E35/><V16/><F7/><W53/><G24/><T38/><D118/><U92/><E78/><V27/><F135/><W94/><G94/><T104/><D104/><U87/><E92/><V57/><F130/><W52/><G53/><T58/><REACH who="0" step="1"/><D60/><REACH who="0" ten="123,380,303,184" step="2"/><U126/><E63/><V103/><F103/><W41/><G41/><T72/><D72/><U123/><E120/><V44/><F127/><W69/><G69/><T11/><D11/><N who="1" m="6431" /><E123/><V102/><F102/><W108/><G108/><T115/><D115/><U75/><E126/><V83/><F124/><W71/><G71/><T21/><D21/><U13/><E75/><V97/><F43/><W70/><G70/><T15/><D15/><AGARI ba="0,1" hai="10,15,19,52,56,61,80,81,84,88,95" m="11787" machi="15" ten="30,11600,0" yaku="8,1,52,1,54,2" doraHai="82" who="3" fromWho="0" sc="123,-116,380,0,303,0,184,126" /><INIT seed="3,1,0,5,2,36" ten="7,380,303,310" oya="3" hai0="7,28,9,10,91,128,131,56,11,64,2,127,119" hai1="96,3,114,90,122,57,35,116,62,118,32,46,108" hai2="107,30,63,115,19,83,132,93,53,71,40,49,43" hai3="52,48,82,66,111,134,110,76,59,102,54,20,4"/><W29/><G134/><T79/><D119/><U0/><E96/><V123/><F107/><W75/><G4/><T100/><D100/><U45/><E57/><V70/><F30/><W22/><G102/><T129/><D79/><U103/><E62/><V109/><F83/><W113/><G113/><T38/><D38/><U87/><E87/><V50/><F19/><W13/><G66/><T39/><D39/><U120/><E90/><V15/><F15/><W1/><G1/><N who="1" m="586" /><E114/><V14/><F14/><W60/><G13/><T89/><D28/><U47/><E108/><N who="3" m="41514" /><G29/><T5/><D127/><U99/><E99/><V55/><F109/><W67/><G54/><T21/><D21/><U86/><E86/><V98/><F115/><W44/><AGARI ba="1,0" hai="20,22,44,48,52,59,60,67,75,76,82" m="41514" machi="44" ten="30,6000,0" yaku="14,1,10,1,54,1" doraHai="36" who="3" fromWho="3" sc="7,-21,380,-21,303,-21,310,63" owari="-14,-51.0,359,16.0,282,-12.0,373,47.0" /></mjloggm>