<mjloggm ver="2.3"><GO type="41" lobby="0"/><UN n0="%E3%81%AD%E3%81%93%E3%81%B1%E3%82%93%E3%81%A1" n1="%E2%93%9D%53%75%70%68%78" n2="%E6%9C%9D%E6%97%A5" n3="%70%75%6C%6C%74%61%62" dan="14,18,14,16" rate="1962.50,2148.63,1991.78,1977.74" sx="M,M,F,M"/><TAIKYOKU oya="0"/><INIT seed="0,0,0,5,3,76" ten="250,250,250,250" oya="0" hai0="75,32,21,23,100,85,3,35,119,5,49,26,43" hai1="39,92,132,44,102,41,83,71,123,38,48,127,124" hai2="51,89,121,59,114,91,62,67,60,15,56,68,64" hai3="66,55,78,63,1,95,129,40,111,93,130,84,36"/><T87/><D75/><U22/><E102/><V126/><F114/><W65/><G1/><T94/><D119/><U79/><E92/><V122/><F15/><W19/><G111/><T7/><D3/><U96/><E96/><V110/><F91/><W116/><G116/><T17/><D35/><U46/><E132/><V11/><F11/><W33/><G33/><T106/><D32/><U74/><E123/><V99/><F99/><W97/><G40/><T53/><D43/><U57/><E71/><V73/><F73/><W98/><G36/><T72/><D72/><U24/><E57/><V80/><F110/><W107/><G55/><T25/><D106/><U29/><REACH who="1" step="1"/><E46/><REACH who="1" ten="250,240,250,250" step="2"/><V70/><F122/><W18/><G107/><T115/><D100/><U45/><E45/><V34/><F121/><W117/><G117/><T101/><D101/><U103/><E103/><V112/><F56/><W6/><G98/><T128/><D94/><U88/><E88/><V108/><F108/><W13/><G97/><T42/><D115/><U58/><E58/><V82/><F89/><W31/><G95/><T37/><D37/><AGARI ba="0,1" hai="22,24,29,37,38,39,41,44,48,74,79,83,124,127" machi="37" ten="40,2600,0" yaku="1,1,52,1,53,0" doraHai="76" doraHaiUra="109" who="1" fromWho="0" sc="250,-26,240,36,250,0,250,0" /><INIT seed="1,0,0,3,2,73" ten="224,276,250,250" oya="1" hai0="117,15,122,95,33,81,6,119,61,105,62,99,30" hai1="107,79,123,16,64,69,24,31,58,34,9,63,51" hai2="121,135,48,39,108,125,80,88,124,102,96,131,45" hai3="85,93,52,67,18,127,7,71,10,42,35,113,110"/><U37/><E123/><V47/><F121/><W25/><G113/><T32/><D105/><U0/><E37/><V43/><F108/><W77/><G110/><T94/><D122/><U114/><E114/><V23/><F131/><W115/><G115/><T134/><D15/><U92/><E107/><V11/><F135/><W46/><G71/><T118/><D6/><U132/><E132/><V29/><F11/><W70/><G70/><T97/><D30/><U28/><E28/><V12/><F29/><W17/><G67/><T133/><D81/><U104/><E104/><V49/><F23/><W1/><G127/><T21/><D21/><U126/><E92/><N who="0" m="35369" /><D133/><U38/><E38/><V109/><F12/><W83/><G35/><N who="0" m="13387" /><D134/><U27/><E126/><V130/><F109/><W19/><G93/><T56/><D56/><U100/><E27/><V72/><F39/><W103/><G103/><T98/><AGARI ba="0,0" hai="61,62,97,98,99,117,118,119" m="13387,35369" machi="98" ten="40,2700,0" yaku="28,2" doraHai="73" who="0" fromWho="0" sc="224,27,276,-13,250,-7,250,-7" /><INIT seed="2,0,0,5,0,75" ten="251,263,243,243" oya="2" hai0="4,19,94,22,121,97,27,7,48,62,50,14,81" hai1="84,119,96,30,128,126,95,109,71,108,16,0,106" hai2="132,83,77,52,17,26,32,13,74,68,103,49,130" hai3="44,20,31,15,57,92,5,135,53,1,85,80,40"/><V18/><F68/><W93/><G135/><T101/><D121/><U28/><E119/><V87/><F132/><W10/><G1/><T56/><D81/><U61/><E0/><V41/><F130/><W117/><G117/><T11/><REACH who="0" step="1"/><D4/><REACH who="0" ten="241,263,243,243" step="2"/><U70/><E128/><V54/><F103/><W131/><G131/><T64/><AGARI ba="0,1" hai="7,11,14,19,22,27,48,50,56,62,64,94,97,101" machi="64" ten="20,8000,1" yaku="1,1,2,1,0,1,7,1,8,1,53,0" doraHai="75" doraHaiUra="111" who="0" fromWho="0" sc="241,90,263,-20,243,-40,243,-20" /><INIT seed="3,0,0,1,0,19" ten="331,243,203,223" oya="3" hai0="112,116,48,79,34,113,8,105,16,24,10,11,53" hai1="9,52,29,57,85,98,88,31,84,65,66,100,6" hai2="119,82,76,12,60,67,81,42,1,121,75,30,97" hai3="41,35,4,126,80,95,33,17,128,94,51,102,120"/><W131/><G120/><T72/><D105/><U5/><E100/><V77/><F121/><W96/><G126/><T38/><D38/><U83/><E98/><V40/><F1/><W68/><G68/><T55/><D116/><U101/><E101/><V15/><F119/><W134/><G134/><T70/><D70/><U90/><E9/><V37/><F97/><W36/><G36/><T26/><D79/><U39/><E39/><V47/><F40/><W125/><G125/><T27/><D72/><U122/><E122/><V78/><F30/><N who="1" m="11273" /><E66/><V64/><F78/><W92/><G4/><T50/><D34/><U106/><E65/><V93/><F93/><W129/><G80/><T28/><D28/><U18/><E18/><V21/><F67/><W124/><G124/><T62/><D62/><N who="1" m="36135" /><E106/><V109/><F64/><W135/><G135/><T87/><D16/><U73/><E73/><V32/><F32/><W111/><G111/><T43/><D43/><U130/><E130/><V23/><F60/><W45/><G17/><T22/><D87/><U13/><E13/><V25/><F25/><W71/><REACH who="3" step="1"/><G71/><REACH who="3" ten="331,243,203,213" step="2"/><T61/><D113/><U59/><E59/><V20/><REACH who="2" step="1"/><F109/><REACH who="2" ten="331,243,193,213" step="2"/><W58/><G58/><T117/><D112/><U63/><E63/><V14/><F14/><W133/><G133/><T46/><D117/><U86/><E83/><V69/><F69/><W2/><G2/><T3/><D3/><U127/><E127/><V118/><F118/><W114/><G114/><T104/><D61/><U132/><E132/><V91/><F91/><AGARI ba="0,2" hai="5,6,84,85,86,88,90,91" m="36135,11273" machi="91" ten="30,3900,0" yaku="8,1,54,2" doraHai="19" who="1" fromWho="2" sc="331,0,243,59,193,-39,213,0" /><INIT seed="4,0,0,0,4,31" ten="331,302,154,213" oya="0" hai0="90,11,40,60,115,44,120,29,117,76,95,93,68" hai1="103,67,131,28,75,77,124,127,88,49,132,123,47" hai2="32,6,17,112,125,41,3,21,72,48,22,128,78" hai3="81,97,116,12,113,55,100,30,52,99,119,23,102"/><T70/><D120/><U0/><E123/><V39/><F48/><W5/><G113/><T9/><D117/><U4/><E103/><V83/><F112/><W74/><G74/><T53/><D70/><U62/><E132/><V38/><F38/><W1/><G81/><T58/><D76/><U50/><E131/><V36/><F36/><W34/><G1/><T54/><D68/><U63/><E28/><V65/><F65/><W104/><G34/><T43/><D29/><U105/><E105/><V66/><F66/><W59/><G55/><T20/><D20/><U26/><E26/><V110/><F21/><W126/><G126/><N who="1" m="48170" /><E77/><V15/><F125/><W61/><G30/><T98/><D95/><U18/><E18/><V79/><F79/><W46/><G46/><T73/><D73/><U89/><E50/><V121/><F128/><W45/><G45/><T122/><D122/><U56/><E63/><V8/><F121/><W114/><G114/><T96/><D60/><U133/><E133/><V16/><F17/><W57/><G57/><T27/><D58/><U13/><E0/><V101/><F101/><W134/><G134/><T109/><D44/><U42/><E75/><V37/><F41/><W118/><G5/><T130/><D130/><U25/><E25/><V135/><F135/><W64/><G64/><T2/><D27/><U84/><E84/><V108/><F39/><W85/><G85/><T7/><D115/><U10/><AGARI ba="0,0" hai="4,10,13,42,47,49,56,62,67,88,89" m="48170" machi="10" ten="30,2000,0" yaku="18,1,54,1" doraHai="31" who="1" fromWho="1" sc="331,-10,302,20,154,-5,213,-5" /><INIT seed="5,0,0,1,1,52" ten="321,322,149,208" oya="1" hai0="102,19,57,18,1,32,117,109,27,77,90,9,45" hai1="98,80,118,35,82,10,68,51,22,113,108,135,33" hai2="61,79,78,71,103,75,112,122,14,97,17,131,3" hai3="127,133,89,99,115,6,92,67,4,126,100,86,88"/><U130/><E118/><V70/><F122/><W132/><G67/><T2/><D109/><U60/><E113/><V40/><F3/><W87/><G4/><T56/><D32/><U129/><E51/><V47/><F112/><W58/><G6/><T36/><D36/><U62/><E22/><V107/><F131/><W64/><G64/><T48/><D2/><U50/><E50/><V38/><F75/><W43/><G58/><N who="0" m="22635" /><D1/><U114/><E108/><V20/><REACH who="2" step="1"/><F61/><REACH who="2" ten="321,322,139,208" step="2"/><W44/><G115/><T28/><D117/><U69/><E114/><V26/><F26/><W73/><G73/><T5/><D27/><U101/><E130/><V134/><F134/><N who="3" m="51819" /><G44/><T116/><D116/><U128/><E135/><V42/><F42/><W13/><G43/><T8/><D45/><U54/><E129/><V91/><F91/><N who="3" m="34891" /><G13/><T105/><D90/><U55/><E128/><V37/><F37/><W76/><G76/><AGARI ba="0,1" hai="14,17,20,38,40,47,70,71,76,78,79,97,103,107" machi="76" ten="40,2600,0" yaku="1,1,53,1" doraHai="52" doraHaiUra="96" who="2" fromWho="3" sc="321,0,322,0,139,36,208,-26" /><INIT seed="6,0,0,4,1,80" ten="321,322,175,182" oya="2" hai0="61,4,10,128,114,97,123,111,120,105,129,66,68" hai1="37,90,118,132,43,39,1,133,75,46,55,67,42" hai2="93,95,88,113,115,87,8,99,71,7,103,32,40" hai3="57,29,33,64,101,79,91,0,21,108,126,49,13"/><V78/><F32/><W56/><G108/><T35/><D111/><U28/><E75/><V60/><F40/><W86/><G0/><N who="0" m="263" /><D114/><N who="2" m="43530" /><F78/><W102/><G126/><T134/><D35/><U15/><E1/><N who="2" m="111" /><F60/><N who="3" m="37895" /><G79/><T69/><D69/><AGARI ba="0,0" hai="69,71,87,88,93,95,99,103" m="111,43530" machi="69" ten="30,5800,0" yaku="15,1,52,1,54,1" doraHai="80" who="2" fromWho="0" sc="321,-58,322,0,175,58,182,0" /><INIT seed="6,1,0,4,2,129" ten="263,322,233,182" oya="2" hai0="121,52,43,15,45,66,93,82,4,50,127,104,11" hai1="134,10,71,56,6,111,48,17,67,123,2,128,39" hai2="13,98,16,80,55,90,108,102,105,114,81,79,47" hai3="23,84,126,70,34,1,74,87,75,12,100,40,135"/><V37/><F114/><W89/><G70/><T22/><D104/><U31/><E39/><V3/><F108/><W57/><G34/><T32/><D32/><U117/><E117/><V30/><F3/><W124/><G1/><T63/><D121/><U88/><E31/><V95/><F30/><W5/><G40/><T59/><D127/><U96/><E17/><V83/><F37/><W42/><G42/><T61/><D93/><U119/><E119/><V29/><F29/><W118/><G57/><T64/><D63/><U78/><E78/><V26/><F26/><W58/><G58/><T69/><D22/><U53/><E128/><V106/><F47/><W24/><G118/><T49/><D49/><U76/><E71/><V85/><F55/><W9/><G100/><T107/><D107/><N who="2" m="40970" /><F13/><W54/><G54/><T25/><D25/><U8/><E53/><V21/><F16/><W0/><G0/><T130/><D130/><U72/><E2/><V38/><F21/><W113/><G113/><T132/><D69/><U91/><E111/><V65/><F65/><W103/><G103/><T115/><D115/><U131/><E67/><V20/><F20/><W122/><G122/><T28/><D28/><U35/><E35/><V116/><F38/><W94/><G87/><T109/><D109/><U14/><E131/><V120/><F116/><W36/><G36/><T18/><D66/><U133/><E123/><V41/><F120/><W62/><G62/><T92/><D64/><U97/><E14/><V27/><F41/><W77/><G135/><T46/><D132/><U68/><E134/><RYUUKYOKU ba="1,0" sc="263,0,322,0,233,0,182,0" /><INIT seed="7,2,0,0,4,54" ten="263,322,233,182" oya="3" hai0="76,103,118,109,106,49,99,82,113,94,92,91,6" hai1="25,104,60,64,112,125,61,131,78,39,114,10,42" hai2="65,120,14,130,32,66,90,24,134,4,101,132,45" hai3="30,100,19,67,98,57,58,5,26,116,17,1,15"/><W28/><G116/><T22/><D118/><U133/><E104/><V77/><F120/><W44/><G1/><T89/><D6/><U110/><E110/><V41/><F101/><W87/><G44/><T38/><D38/><U9/><E131/><V7/><F77/><W88/><G5/><N who="2" m="2121" /><F130/><W73/><G73/><T55/><D109/><U52/><E133/><N who="2" m="51307" /><F14/><W43/><G43/><T107/><D113/><N who="1" m="43627" /><E125/><V34/><F90/><W86/><G86/><T46/><D103/><U119/><E78/><V85/><F85/><W123/><G123/><T96/><REACH who="0" step="1"/><D22/><REACH who="0" ten="253,322,233,182" step="2"/><U53/><E119/><V18/><F34/><W74/><G74/><AGARI ba="2,1" hai="46,49,55,74,76,82,89,91,92,94,96,99,106,107" machi="74" ten="30,7700,0" yaku="1,1,2,1,7,1,9,1,53,0" doraHai="54" doraHaiUra="111" who="0" fromWho="3" sc="253,93,322,0,233,0,182,-83" owari="346,45.0,322,12.0,233,-17.0,99,-40.0" /></mjloggm>