<mjloggm ver="2.3"><GO type="41" lobby="0"/><UN n0="%E3%83%8B%E3%83%99%E3%82%A2%E3%81%A4%E3%81%91%E3%82%8B" n1="%E2%93%9D%53%75%70%68%78" n2="%31%31%39%32%63%6F%6D" n3="%E4%B8%8A%E6%B5%B7%E3%83%A4%E3%82%AD%E3%82%BD%E3%83%90" dan="13,19,13,14" rate="1891.27,2142.73,1893.65,1896.66" sx="M,M,M,M"/><TAIKYOKU oya="0"/><INIT seed="0,0,0,5,4,111" ten="250,250,250,250" oya="0" hai0="132,131,120,99,3,127,70,38,25,49,57,114,100" hai1="108,44,55,116,90,109,21,62,89,63,23,122,65" hai2="53,78,34,10,24,27,82,102,66,36,11,18,134" hai3="56,103,40,60,1,17,97,35,75,113,96,50,71"/><T124/><D3/><U5/><E5/><V61/><F66/><W106/><G1/><T123/><D25/><U6/><E6/><V54/><F36/><W88/><G75/><T84/><D70/><U30/><E122/><N who="0" m="46633" /><D38/><U13/><E116/><V72/><F102/><W79/><G79/><T121/><D57/><U0/><E0/><V128/><F128/><W39/><G39/><T126/><D49/><U74/><E13/><V19/><F134/><W86/><G71/><T42/><D42/><U48/><E74/><V135/><F135/><W93/><G35/><T15/><D15/><U51/><E65/><V133/><F133/><W58/><G97/><T8/><D8/><U77/><E55/><V112/><F112/><W107/><G113/><T14/><D14/><U46/><REACH who="1" step="1"/><E77/><REACH who="1" ten="250,240,250,250" step="2"/><V12/><F54/><W95/><G40/><T125/><D132/><U59/><E59/><V101/><F53/><W9/><G58/><T81/><D121/><U104/><E104/><V69/><F72/><W67/><G50/><T73/><D73/><U43/><E43/><V129/><F78/><W20/><G9/><T22/><D124/><U68/><E68/><V47/><F69/><W87/><G107/><N who="0" m="63903" /><D114/><U119/><E119/><V28/><F10/><W31/><G106/><T16/><D127/><U37/><E37/><V130/><F11/><W33/><G67/><T45/><D45/><U2/><E2/><V98/><F47/><W80/><G56/><T4/><D4/><U115/><E115/><V85/><F12/><W32/><G60/><T110/><D126/><U7/><E7/><RYUUKYOKU ba="0,1" sc="250,-10,240,30,250,-10,250,-10" hai1="21,23,30,44,46,48,51,62,63,89,90,108,109" /><INIT seed="1,1,1,2,4,25" ten="240,270,240,240" oya="1" hai0="29,82,59,104,77,105,93,9,65,7,52,130,121" hai1="58,73,116,97,36,40,68,120,39,110,20,4,94" hai2="12,74,10,95,49,84,83,70,17,22,103,26,100" hai3="124,44,62,30,32,15,64,114,14,89,55,88,23"/><U109/><E116/><V41/><F70/><W28/><G32/><T13/><D130/><U53/><E73/><V129/><F74/><W80/><G114/><T43/><D43/><U19/><E4/><V106/><F106/><W96/><G80/><T132/><D65/><U34/><E34/><V46/><F95/><W85/><G85/><T54/><D54/><U128/><E120/><V115/><F129/><W31/><G96/><T81/><D81/><U38/><E68/><V86/><F86/><W127/><G23/><T125/><D93/><U1/><E1/><V47/><F47/><W60/><G64/><T76/><D76/><U79/><E79/><N who="2" m="46207" /><F115/><W50/><G127/><T78/><D78/><U101/><E40/><V75/><F75/><W6/><G124/><T16/><D125/><U126/><E128/><V98/><F98/><W24/><G24/><T87/><D7/><AGARI ba="1,1" hai="7,10,12,17,22,26,41,46,49,100,103" m="46207" machi="7" ten="30,2000,0" yaku="25,1,8,1" doraHai="25" who="2" fromWho="0" sc="240,-23,270,0,240,33,240,0" /><INIT seed="2,0,0,5,0,3" ten="217,270,273,240" oya="2" hai0="96,78,48,116,56,118,50,58,68,73,65,24,21" hai1="127,53,52,41,27,122,10,103,22,15,89,77,120" hai2="5,74,46,62,59,1,124,119,117,25,87,39,17" hai3="0,95,49,83,115,108,34,134,94,91,76,13,63"/><V47/><F74/><W80/><G0/><T2/><D2/><U67/><E77/><V113/><F113/><W20/><G34/><T88/><D68/><U135/><E103/><V104/><F104/><W42/><G134/><T112/><D112/><U92/><E41/><V30/><F124/><W101/><G101/><T60/><D73/><U26/><E67/><V28/><F39/><W125/><G125/><T61/><D78/><U11/><E135/><V33/><F30/><W109/><G63/><T6/><D6/><U69/><E69/><V130/><F130/><W19/><G115/><T12/><D12/><U37/><E37/><V43/><F17/><W102/><G102/><T40/><D40/><U98/><E11/><V84/><F117/><W128/><G128/><T81/><D81/><U86/><E98/><V131/><F131/><W93/><G91/><T107/><D107/><U66/><E66/><V55/><F119/><W114/><G76/><T9/><D9/><U126/><E126/><V7/><F1/><W110/><G114/><T29/><D118/><U70/><E70/><V38/><F47/><AGARI ba="0,0" hai="13,19,20,42,47,49,80,83,93,94,95,108,109,110" machi="47" ten="50,1600,0" yaku="14,1" doraHai="3" who="3" fromWho="2" sc="217,0,270,0,273,-16,240,16" /><INIT seed="3,0,0,5,0,76" ten="217,270,257,256" oya="3" hai0="66,24,73,131,69,47,70,68,23,113,31,25,104" hai1="88,50,124,135,30,133,18,41,45,94,37,90,107" hai2="91,53,99,115,132,22,95,110,57,122,85,6,98" hai3="74,130,97,129,112,56,14,34,114,83,11,15,81"/><W100/><G74/><T44/><D104/><U123/><E123/><V43/><F122/><W13/><G56/><T103/><D73/><U9/><E107/><V21/><F110/><W65/><G65/><T1/><D1/><U89/><E30/><V96/><F115/><N who="3" m="44075" /><G34/><T117/><D117/><U80/><E124/><V93/><F132/><N who="1" m="50761" /><E37/><V8/><F43/><W46/><G46/><T86/><D103/><U54/><E94/><V58/><F95/><W51/><G51/><T121/><D131/><N who="3" m="50185" /><G11/><T79/><D66/><U64/><E64/><V33/><F33/><W28/><G28/><T42/><D42/><U82/><E41/><V48/><REACH who="2" step="1"/><F58/><REACH who="2" ten="217,270,247,256" step="2"/><W26/><G26/><T120/><D25/><U29/><E29/><V10/><F10/><W62/><G62/><T60/><D60/><U75/><E75/><V12/><AGARI ba="0,1" hai="6,8,12,21,22,48,53,57,85,91,93,96,98,99" machi="12" ten="30,4000,0" yaku="1,1,0,1,8,1,53,0" doraHai="76" doraHaiUra="67" who="2" fromWho="2" sc="217,-10,270,-10,247,50,256,-20" /><INIT seed="4,0,0,1,0,24" ten="207,260,297,236" oya="0" hai0="85,29,83,130,96,1,133,33,116,41,16,71,58" hai1="88,50,20,75,53,25,26,110,40,118,60,63,61" hai2="94,82,68,80,78,47,107,22,2,43,45,128,132" hai3="95,131,104,31,73,9,64,109,76,44,13,10,74"/><T23/><D116/><U55/><E75/><V101/><F68/><W4/><G104/><T59/><D71/><U6/><E110/><V49/><F2/><W84/><G64/><T7/><D130/><U14/><E118/><V52/><F132/><W48/><G131/><T127/><D133/><U21/><E40/><V103/><F128/><W126/><G126/><T100/><D41/><U117/><E117/><V77/><F107/><W134/><G134/><T65/><D65/><U34/><E34/><V66/><F66/><W38/><G38/><T39/><D39/><U69/><E69/><V72/><F94/><W17/><G95/><T106/><D7/><U89/><E14/><V19/><F47/><W12/><G31/><T42/><D42/><U37/><E6/><V119/><F119/><W5/><G17/><T51/><D1/><U79/><E79/><V28/><F28/><W30/><G30/><T135/><D135/><U36/><E63/><V57/><F80/><W112/><G112/><T102/><D102/><U3/><REACH who="1" step="1"/><E50/><REACH who="1" ten="207,250,297,236" step="2"/><V125/><F78/><W35/><G35/><T11/><D33/><U114/><E114/><V86/><F72/><W15/><G13/><N who="0" m="7231" /><D51/><U46/><E46/><V105/><F125/><W90/><G76/><N who="0" m="46311" /><D127/><U98/><E98/><V121/><F121/><W81/><G109/><T108/><D108/><U92/><E92/><V0/><F105/><W91/><G74/><T62/><D62/><U18/><E18/><V97/><F97/><W67/><G73/><T120/><D120/><U27/><E27/><N who="2" m="14815" /><F0/><AGARI ba="0,1" hai="0,3,20,21,25,26,36,37,53,55,60,61,88,89" machi="0" ten="25,12000,2" yaku="1,1,22,2,54,1,53,2" doraHai="24" doraHaiUra="87" who="1" fromWho="2" sc="207,0,250,130,297,-120,236,0" /><INIT seed="5,0,0,3,2,85" ten="207,380,177,236" oya="1" hai0="74,48,97,47,135,123,29,111,55,122,101,118,3" hai1="107,84,51,112,56,71,116,81,113,31,79,54,24" hai2="33,133,62,25,121,6,67,90,60,72,44,95,2" hai3="69,7,46,40,8,87,27,59,28,0,86,102,21"/><U58/><E116/><V9/><F72/><W26/><G69/><T117/><D3/><U53/><E107/><V89/><F121/><N who="0" m="46090" /><D74/><U110/><E71/><V34/><F133/><W92/><G59/><T18/><D135/><U45/><E110/><V124/><F124/><W5/><G5/><T14/><D29/><U41/><E58/><V39/><F62/><W94/><G94/><N who="0" m="58551" /><D111/><U100/><E100/><V52/><F95/><W130/><G130/><T64/><D64/><U76/><E76/><V105/><F105/><W96/><G26/><T61/><D61/><U93/><E93/><V98/><F98/><W120/><G120/><T42/><D42/><U128/><E128/><V109/><F109/><W37/><AGARI ba="0,0" hai="0,7,8,21,27,28,37,40,46,86,87,92,96,102" machi="37" ten="20,1500,0" yaku="0,1,7,1" doraHai="85" who="3" fromWho="3" sc="207,-4,380,-7,177,-4,236,15" /><INIT seed="6,0,0,4,4,114" ten="203,373,173,251" oya="2" hai0="93,132,60,113,38,107,67,87,35,15,4,68,135" hai1="129,122,70,21,6,27,64,43,9,41,106,112,54" hai2="128,82,62,91,12,23,131,22,2,83,85,99,14" hai3="56,101,5,72,19,66,125,52,0,78,33,74,18"/><V46/><F2/><W24/><G66/><T55/><D107/><U31/><E129/><N who="2" m="49739" /><F99/><W88/><G101/><T126/><D113/><U48/><E122/><V102/><F102/><W20/><G33/><T45/><D35/><U124/><E124/><V77/><F46/><W7/><G0/><T104/><D104/><U11/><E70/><V51/><F51/><W121/><G121/><T79/><D126/><U76/><E43/><V108/><F108/><W3/><G3/><T53/><D38/><U50/><E41/><V86/><F62/><W119/><G78/><T63/><D45/><U37/><E106/><V58/><F58/><W73/><G19/><T30/><D30/><U120/><E50/><V42/><F42/><W36/><G36/><T34/><D34/><U127/><E48/><V95/><F95/><W39/><G39/><T84/><D79/><U134/><E120/><V103/><F103/><W98/><G125/><T61/><D67/><U49/><E127/><V1/><F1/><W133/><G133/><N who="0" m="51275" /><D68/><U71/><E134/><V17/><F23/><W81/><G81/><T123/><D123/><U111/><E21/><V29/><F29/><W80/><G80/><T92/><D92/><U116/><E31/><V115/><F115/><W47/><G47/><T59/><D93/><U89/><E112/><V117/><F12/><W13/><G13/><T40/><D40/><U57/><E37/><V65/><F65/><W118/><G98/><T105/><D105/><U100/><E64/><V8/><F22/><W110/><G20/><T96/><D96/><U32/><E32/><RYUUKYOKU ba="0,0" sc="203,-10,373,-10,173,30,251,-10" hai2="8,14,17,77,82,83,85,86,91,117" /><INIT seed="6,1,0,3,4,96" ten="193,363,203,241" oya="2" hai0="110,79,103,91,108,6,117,44,13,45,92,0,56" hai1="124,81,20,127,8,120,75,9,38,90,115,69,135" hai2="118,123,30,36,49,133,119,97,68,12,1,109,72" hai3="107,22,48,34,29,18,24,71,114,102,17,5,47"/><V70/><F123/><W125/><G125/><N who="1" m="48202" /><E115/><V28/><F1/><W112/><G71/><T16/><D0/><U64/><E135/><V61/><F72/><W76/><G76/><T55/><D6/><U89/><E38/><V80/><F36/><W40/><G5/><T98/><D79/><N who="1" m="44287" /><E20/><V106/><F80/><W42/><G42/><T65/><D117/><U57/><E69/><V67/><F70/><W130/><G130/><T100/><D108/><U53/><E64/><V41/><F133/><W93/><G107/><T58/><D65/><U19/><E19/><V7/><F109/><W43/><G43/><T52/><D110/><U31/><E31/><V126/><F126/><W15/><G17/><T21/><D45/><U66/><E66/><V99/><F97/><W37/><G37/><T27/><D13/><U104/><E104/><V111/><F111/><W25/><G15/><T86/><D44/><U50/><E120/><V131/><F131/><W14/><G14/><T129/><D129/><U46/><E46/><N who="2" m="25807" /><F12/><W33/><G34/><T84/><D56/><U60/><E50/><V54/><F54/><N who="0" m="20522" /><D58/><U94/><E57/><V82/><F82/><W39/><G39/><T11/><D11/><U134/><E134/><V2/><F2/><W59/><G59/><T105/><D105/><U87/><E53/><V35/><F7/><W23/><G33/><T51/><D51/><U132/><E132/><V26/><F28/><W62/><G62/><T73/><D73/><U77/><E60/><V32/><F32/><W113/><G114/><T4/><D4/><U95/><E77/><RYUUKYOKU ba="1,0" sc="193,0,363,0,203,0,241,0" hai0="16,21,27,84,86,91,92,98,100,103" hai1="8,9,87,89,90,94,95" hai2="26,30,35,61,67,68,99,106,118,119" hai3="18,22,23,24,25,29,40,47,48,93,102,112,113" /><INIT seed="6,2,0,0,1,11" ten="193,363,203,241" oya="2" hai0="68,122,80,121,58,79,94,104,112,88,105,40,100" hai1="21,36,72,30,23,125,28,6,85,5,117,102,77" hai2="15,132,4,74,16,37,55,45,64,0,63,13,51" hai3="22,56,126,92,17,60,18,95,34,59,83,103,96"/><V134/><F74/><W20/><G34/><T70/><D112/><U33/><E36/><V127/><F37/><W47/><G47/><T97/><D40/><U81/><E125/><V130/><F130/><W116/><G116/><T57/><D57/><U135/><E135/><N who="2" m="51755" /><F0/><W14/><G83/><T48/><D104/><U10/><E117/><V12/><F4/><W119/><G126/><T7/><D7/><U29/><E33/><V69/><F127/><W124/><G124/><T76/><D76/><U75/><E6/><V110/><F110/><W101/><G60/><T131/><D131/><U39/><E39/><V113/><F113/><W111/><G119/><T62/><D48/><U19/><E75/><V46/><F45/><W133/><G111/><T52/><D121/><U50/><E72/><V3/><F3/><W90/><G103/><T41/><D41/><U120/><E102/><V93/><F93/><W26/><G133/><T61/><D61/><U91/><E120/><V73/><F73/><W99/><AGARI ba="2,0" hai="14,17,18,20,22,26,56,59,90,92,95,96,99,101" machi="99" ten="20,5200,0" yaku="0,1,7,1,8,1,52,1" doraHai="11" who="3" fromWho="3" sc="193,-15,363,-15,203,-28,241,58" /><INIT seed="7,0,0,0,3,10" ten="178,348,175,299" oya="3" hai0="29,31,33,37,17,79,121,82,130,15,18,108,101" hai1="2,23,22,85,131,6,51,129,113,14,57,84,47" hai2="41,9,95,4,0,115,127,66,105,42,43,19,21" hai3="12,128,64,50,97,88,54,118,45,102,98,53,67"/><W109/><G118/><T78/><D121/><U120/><E113/><V38/><F105/><W77/><G77/><T132/><D108/><U39/><E2/><V44/><F115/><W61/><G128/><N who="1" m="49226" /><E120/><V20/><F127/><W72/><G72/><T117/><D37/><U56/><E39/><V49/><F38/><W93/><G109/><T32/><D101/><U89/><E6/><V27/><F66/><W96/><G96/><T107/><D130/><U13/><E23/><V35/><F35/><W30/><G30/><T63/><D63/><U7/><E22/><V60/><F60/><W5/><G54/><T91/><D107/><U75/><E7/><V36/><F36/><W48/><G48/><T81/><D117/><U68/><E68/><V76/><F21/><W126/><G126/><T34/><D34/><U26/><E26/><V55/><F95/><W110/><G61/><T106/><D106/><U124/><E75/><V8/><F8/><N who="3" m="4111" /><G110/><T52/><D33/><U103/><E103/><V114/><F114/><W116/><G116/><T99/><D32/><U28/><E28/><V104/><F104/><W58/><G45/><T125/><D125/><U86/><E124/><V112/><F112/><W59/><G59/><N who="1" m="22602" /><E89/><V87/><F76/><W83/><G83/><N who="0" m="31755" /><D31/><U70/><E70/><V74/><REACH who="2" step="1"/><F87/><REACH who="2" ten="178,348,165,299" step="2"/><W16/><G102/><T119/><D119/><U123/><E123/><V100/><F100/><W24/><G98/><T11/><D99/><U94/><E94/><V1/><F1/><W133/><G133/><T62/><D132/><U46/><E51/><V3/><F3/><RYUUKYOKU ba="0,1" sc="178,-30,348,10,165,10,299,10" hai1="13,14,46,47,84,85,86" hai2="0,4,9,19,20,27,41,42,43,44,49,55,74" hai3="16,24,50,53,58,64,67,88,93,97" /><INIT seed="7,1,1,4,2,118" ten="148,358,175,309" oya="3" hai0="105,55,52,18,117,11,50,44,7,37,10,64,59" hai1="124,54,135,71,25,29,41,58,81,33,40,113,36" hai2="26,57,70,120,3,123,108,109,85,88,96,69,22" hai3="56,63,39,68,84,80,30,4,73,5,103,126,32"/><W43/><G68/><T2/><D117/><U72/><E71/><V122/><F3/><W89/><G126/><T112/><D105/><U78/><E113/><V19/><F96/><W83/><G103/><T129/><D112/><U51/><E124/><V92/><F69/><W14/><G39/><T99/><D129/><U8/><E36/><V77/><F70/><W17/><G43/><T47/><D37/><U23/><E135/><V38/><F38/><W76/><G30/><T46/><D99/><U82/><E33/><V93/><F77/><W106/><G106/><T20/><D64/><U86/><E8/><V65/><F93/><W131/><G32/><T101/><D101/><U128/><E128/><V114/><F114/><W98/><G98/><T27/><D11/><U90/><AGARI ba="1,1" hai="23,25,29,40,41,51,54,58,72,78,81,82,86,90" machi="90" ten="20,1500,0" yaku="0,1,7,1" doraHai="118" who="1" fromWho="1" sc="148,-5,358,28,175,-5,309,-8" owari="143,-36.0,386,49.0,170,-23.0,301,10.0" /></mjloggm>