<mjloggm ver="2.3"><GO type="41" lobby="0"/><UN n0="%E2%93%9D%53%75%70%68%78" n1="%E8%82%89%E9%A3%9F%E3%81%86%E3%81%95%E3%81%8E" n2="%4B%55%48%45%49%4A%49" n3="%74%61%6F%6E%75%6D%61%32" dan="17,13,13,13" rate="2057.34,1888.99,1900.57,1817.79" sx="M,M,M,M"/><TAIKYOKU oya="0"/><INIT seed="0,0,0,1,0,64" ten="250,250,250,250" oya="0" hai0="19,72,116,71,73,49,133,87,106,29,102,69,25" hai1="44,114,16,3,6,108,36,88,61,46,7,13,103" hai2="113,75,18,8,132,96,70,28,1,74,38,98,85" hai3="51,93,40,89,91,63,55,130,37,2,50,122,30"/><T124/><D116/><U126/><E108/><V52/><F132/><W34/><G2/><T119/><D119/><U118/><E118/><V109/><F109/><W14/><G130/><T65/><D19/><U21/><E3/><V127/><F127/><W53/><G34/><N who="0" m="20783" /><D87/><U81/><E126/><V57/><F38/><W45/><G30/><T105/><D49/><U67/><E103/><V31/><F113/><W33/><G33/><T47/><D124/><U84/><E114/><V112/><F112/><W117/><G117/><T68/><D47/><U121/><E121/><V24/><F70/><N who="0" m="26634" /><D133/><U23/><E23/><V11/><F18/><W111/><G111/><T104/><D102/><U32/><E32/><V80/><F85/><W58/><G122/><T48/><D48/><U0/><E0/><V90/><F1/><W120/><G120/><T5/><D5/><N who="1" m="1547" /><E36/><V66/><F66/><W78/><G14/><T62/><AGARI ba="0,0" hai="62,65,68,72,73,104,105,106" m="26634,20783" machi="62" ten="40,18000,2" yaku="33,2,52,4" doraHai="64" who="0" fromWho="0" sc="250,180,250,-60,250,-60,250,-60" /><INIT seed="0,1,0,4,2,21" ten="430,190,190,190" oya="0" hai0="31,133,122,23,124,71,33,96,24,82,100,84,105" hai1="116,37,117,81,14,2,41,19,4,46,67,66,48" hai2="127,65,10,79,91,64,42,80,114,115,61,12,11" hai3="130,123,108,75,104,135,103,30,94,132,98,47,5"/><T60/><D133/><N who="3" m="51273" /><G47/><T15/><D124/><U9/><E67/><V113/><F127/><W83/><G5/><T101/><D101/><U125/><E125/><V52/><F91/><W92/><G30/><T107/><D122/><U27/><E66/><V89/><F89/><W17/><G17/><T72/><D107/><U76/><E48/><V112/><F42/><W95/><G123/><T62/><D72/><U59/><E59/><V49/><N who="2" m="28672" /><DORA hai="6" /><V28/><F28/><W40/><G40/><T97/><D97/><U44/><E44/><V45/><F12/><W88/><G108/><T102/><D102/><U128/><E27/><V99/><F99/><W131/><G75/><T43/><D43/><U126/><E128/><N who="3" m="49194" /><G83/><T1/><D82/><U68/><E68/><V58/><REACH who="2" step="1"/><F65/><REACH who="2" ten="430,190,180,190" step="2"/><W51/><G51/><T18/><D96/><AGARI ba="1,1" hai="88,92,94,95,96,98,103,104" m="49194,51273" machi="96" ten="30,8000,1" yaku="20,1,19,1,34,2,54,1" doraHai="21,6" who="3" fromWho="0" sc="430,-83,190,0,180,0,190,93" /><INIT seed="1,0,0,0,1,4" ten="347,190,180,283" oya="1" hai0="87,15,126,24,43,48,114,76,104,60,25,82,120" hai1="84,5,78,45,47,99,96,123,9,6,49,116,102" hai2="85,0,117,3,135,34,119,106,61,62,125,112,107" hai3="95,44,79,59,83,64,37,111,7,128,130,8,73"/><U16/><E123/><V51/><F51/><W17/><G95/><T55/><D114/><U97/><E116/><V103/><F85/><W121/><G17/><T1/><D1/><U74/><E74/><V86/><F86/><W35/><G121/><T91/><D104/><U122/><E122/><V30/><F125/><W68/><G59/><T54/><D126/><U129/><E129/><N who="3" m="49770" /><G111/><T90/><D120/><U20/><E47/><V39/><F135/><W67/><G64/><T71/><D71/><U109/><E109/><V2/><F39/><W98/><G98/><T92/><D60/><U36/><E36/><V18/><F18/><W12/><G35/><T33/><D33/><U38/><E38/><V88/><F112/><W56/><G56/><T72/><D25/><U58/><E58/><V115/><F115/><W132/><G132/><T46/><D24/><U70/><E70/><V32/><F30/><W26/><G26/><T28/><D28/><U131/><E131/><V31/><F31/><W19/><G67/><T14/><D91/><U23/><E102/><V134/><F103/><W41/><G19/><T94/><D94/><U66/><E66/><V13/><F134/><W69/><AGARI ba="0,0" hai="7,8,12,37,41,44,68,69,73,79,83" m="49770" machi="69" ten="30,2000,0" yaku="19,1,52,1" doraHai="4" who="3" fromWho="3" sc="347,-5,190,-10,180,-5,283,20" /><INIT seed="2,0,0,5,5,73" ten="342,180,175,303" oya="2" hai0="58,62,90,10,127,53,71,44,64,67,121,49,16" hai1="9,120,2,92,77,101,72,104,17,99,116,109,131" hai2="75,87,105,60,41,84,126,119,45,55,124,117,81" hai3="113,32,6,107,18,134,19,28,61,26,51,29,125"/><V5/><F105/><W135/><G51/><T118/><D121/><U4/><E116/><V1/><F75/><W42/><G42/><T3/><D127/><N who="2" m="48682" /><F5/><W85/><G61/><T40/><D118/><N who="2" m="45066" /><F1/><W79/><G107/><T69/><D90/><U97/><E109/><V22/><F22/><W43/><G43/><T130/><D130/><U57/><E131/><V83/><F55/><W98/><G98/><T50/><D3/><U89/><E120/><V13/><F13/><W133/><G125/><T52/><D10/><U7/><E7/><V93/><F93/><W47/><G47/><N who="0" m="27711" /><D16/><N who="3" m="6185" /><G6/><T128/><D128/><U30/><E30/><V11/><F11/><W37/><G29/><T70/><AGARI ba="0,0" hai="40,44,50,53,58,62,64,67,69,70,71" m="27711" machi="70" ten="30,12000,2" yaku="35,5,54,1" doraHai="73" who="0" fromWho="0" sc="342,120,180,-30,175,-60,303,-30" /><INIT seed="3,0,0,1,1,96" ten="462,150,115,273" oya="3" hai0="95,100,106,49,119,120,36,56,33,7,128,29,26" hai1="37,102,43,75,74,55,27,20,84,42,79,93,19" hai2="118,28,40,57,45,132,70,47,88,10,122,76,107" hai3="1,64,35,105,62,92,44,69,22,133,2,81,86"/><W99/><G133/><T83/><D128/><U89/><E37/><V11/><F118/><W112/><G112/><T5/><D106/><U90/><E75/><V109/><F109/><W66/><G64/><T73/><D120/><U16/><E74/><V39/><F70/><W68/><G69/><T32/><D32/><U65/><E79/><V3/><F132/><W6/><G35/><T13/><D13/><U123/><E65/><V58/><F76/><W34/><G105/><T103/><D95/><U24/><E123/><V129/><F129/><W50/><G34/><T125/><D125/><U23/><E55/><V18/><F28/><W48/><G22/><T60/><D49/><U131/><E131/><V15/><F47/><W104/><G104/><T116/><D36/><U77/><E77/><V59/><F122/><W114/><G114/><T46/><D46/><U14/><E102/><V61/><F107/><W113/><G48/><T82/><D73/><U117/><E117/><V98/><F3/><W0/><G113/><T115/><D115/><U17/><E90/><V130/><F130/><W124/><G124/><T38/><D38/><U67/><E67/><V108/><F108/><W87/><G81/><N who="0" m="30731" /><D119/><U85/><E85/><V12/><F61/><W21/><G21/><AGARI ba="0,0" hai="14,16,17,19,20,21,23,24,27,42,43,84,89,93" machi="21" ten="30,7700,0" yaku="7,1,9,1,8,1,54,1" doraHai="96" who="1" fromWho="3" sc="462,0,150,77,115,0,273,-77" /><INIT seed="4,0,0,2,3,122" ten="462,227,115,196" oya="0" hai0="119,8,20,78,14,96,110,133,66,92,111,60,85" hai1="126,83,13,108,93,123,29,114,12,31,1,6,70" hai2="101,28,95,36,46,90,75,94,84,71,99,11,63" hai3="62,26,58,47,129,52,25,56,97,106,5,45,42"/><T54/><D119/><U32/><E70/><V120/><F120/><W76/><G129/><T64/><D133/><U22/><E123/><V51/><F36/><W40/><G106/><T7/><D20/><U135/><E93/><V15/><F28/><N who="1" m="10825" /><E83/><V24/><F24/><W124/><G97/><T113/><D113/><U100/><E100/><V18/><F75/><W48/><G76/><T118/><D118/><U0/><E135/><V125/><F125/><W59/><G5/><T67/><D54/><U81/><E81/><V61/><REACH who="2" step="1"/><F71/><REACH who="2" ten="462,227,105,196" step="2"/><W112/><G25/><T39/><D39/><U98/><E126/><V10/><F10/><W117/><G26/><T37/><D37/><U130/><E114/><V50/><F50/><N who="3" m="30743" /><G124/><T88/><D60/><U57/><E32/><V131/><F131/><W55/><G117/><T21/><D21/><U69/><E69/><V132/><F132/><W74/><G74/><T44/><D44/><N who="3" m="16969" /><G112/><T23/><D23/><U109/><E130/><V80/><F80/><W79/><G79/><T43/><D78/><U105/><E22/><V17/><F17/><W89/><G89/><T91/><D43/><AGARI ba="0,1" hai="11,15,18,43,46,51,61,63,84,90,94,95,99,101" machi="43" ten="30,3900,0" yaku="1,1,7,1,8,1,53,0" doraHai="122" doraHaiUra="73" who="2" fromWho="0" sc="462,-39,227,0,105,49,196,0" /><INIT seed="5,0,0,5,2,1" ten="423,227,154,196" oya="1" hai0="15,28,8,111,17,57,85,73,90,21,114,59,14" hai1="95,58,49,115,47,52,123,128,55,51,11,35,43" hai2="81,92,40,87,32,130,94,37,133,33,53,65,56" hai3="6,122,71,48,22,83,79,63,45,0,29,7,99"/><U74/><E35/><V91/><F133/><W112/><G0/><T24/><D111/><U98/><E123/><V109/><F109/><W72/><G122/><T127/><D114/><U107/><E115/><V113/><F130/><W44/><G112/><T131/><D127/><U129/><E74/><V31/><F65/><W61/><G71/><T50/><D73/><U9/><E107/><V69/><F69/><W36/><G36/><T124/><D124/><U77/><E77/><V76/><F113/><W10/><G10/><T118/><D118/><U30/><E30/><V126/><F94/><W23/><G99/><T106/><D106/><U135/><E135/><V100/><F31/><W89/><G89/><T105/><D131/><N who="1" m="50251" /><E43/><V103/><F126/><W97/><G97/><T88/><D105/><U119/><E119/><V104/><F40/><W75/><G79/><T19/><D50/><U13/><E13/><V20/><F37/><W80/><G29/><T25/><D25/><U93/><E93/><V132/><F20/><W101/><REACH who="3" step="1"/><G48/><REACH who="3" ten="423,227,154,186" step="2"/><T96/><D96/><U12/><E11/><V27/><F132/><W116/><G116/><T70/><D28/><U2/><E2/><V46/><F103/><AGARI ba="0,1" hai="6,7,22,23,44,45,61,63,72,75,80,83,101,103" machi="103" ten="25,12000,2" yaku="1,1,22,2,52,2,53,2" doraHai="1" doraHaiUra="78" who="3" fromWho="2" sc="423,0,227,0,154,-120,186,130" /><INIT seed="6,0,0,3,1,74" ten="423,227,34,316" oya="2" hai0="21,4,26,9,133,80,34,76,103,59,12,30,11" hai1="63,8,78,43,0,61,110,53,45,66,6,113,128" hai2="132,19,10,85,15,52,90,89,99,47,68,67,35" hai3="36,7,1,121,98,118,135,5,95,49,91,120,115"/><V93/><F132/><W69/><G69/><T31/><D133/><U41/><E110/><V123/><F123/><W112/><G135/><T77/><D103/><U55/><E113/><N who="3" m="43594" /><G36/><T71/><D71/><U14/><E128/><V117/><F117/><W20/><G118/><T58/><D11/><U116/><E43/><V129/><F129/><W81/><G49/><T16/><D31/><U72/><E14/><V79/><F35/><W102/><G20/><T54/><D80/><N who="1" m="45127" /><E116/><V57/><F79/><N who="0" m="30282" /><D54/><N who="1" m="20491" /><E66/><V23/><F68/><W125/><G81/><T33/><D33/><U48/><E48/><N who="2" m="28703" /><F23/><W106/><G125/><T122/><D122/><N who="3" m="47209" /><G1/><AGARI ba="0,0" hai="1,4,9,12,16,21,26,30,34,58,59" m="30282" machi="1" ten="30,8000,1" yaku="24,1,52,3,54,1" doraHai="74" who="0" fromWho="3" sc="423,80,227,0,34,0,316,-80" /><INIT seed="7,0,0,1,1,78" ten="503,227,34,236" oya="3" hai0="70,27,73,36,114,16,68,112,85,57,108,38,33" hai1="132,22,83,17,64,87,46,59,69,19,91,107,6" hai2="5,118,48,11,51,104,62,122,93,123,116,23,74" hai3="9,32,65,10,28,1,31,134,82,94,109,119,97"/><W49/><G119/><T20/><D108/><U15/><E107/><V126/><F104/><W129/><G109/><T8/><D73/><U0/><E69/><V44/><F74/><W26/><G134/><T103/><D33/><U66/><E132/><V50/><F126/><W71/><G129/><T124/><D57/><U131/><E131/><V121/><F44/><W4/><G28/><T117/><D103/><U76/><E0/><V55/><F23/><W127/><G127/><T96/><D96/><U105/><E6/><V18/><F18/><W61/><G10/><T99/><D85/><U54/><E46/><V130/><F130/><W89/><G49/><T13/><D99/><U100/><E105/><V111/><F111/><W56/><G71/><N who="0" m="27179" /><D117/><U120/><E100/><V75/><F75/><W45/><REACH who="3" step="1"/><G45/><REACH who="3" ten="503,227,34,226" step="2"/><T2/><D124/><U133/><E133/><V92/><F62/><W98/><G98/><T67/><D8/><N who="1" m="6375" /><E120/><V42/><F42/><W113/><G113/><T72/><D114/><U41/><E41/><V125/><F125/><W40/><G40/><T7/><D112/><U110/><E110/><V43/><F43/><W39/><G39/><T95/><D38/><U81/><E22/><V47/><F47/><W21/><G21/><T58/><D20/><U29/><E29/><V106/><F106/><W90/><G90/><T102/><D36/><U77/><E91/><V86/><F86/><W3/><G3/><T34/><D72/><U84/><E19/><V37/><F37/><W101/><G101/><T53/><D16/><U35/><E35/><V60/><F118/><RYUUKYOKU ba="0,1" sc="503,-15,227,15,34,-15,226,15" hai1="54,59,64,66,76,77,81,83,84,87" hai3="1,4,9,26,31,32,56,61,65,82,89,94,97" /><INIT seed="7,1,1,2,0,41" ten="488,242,19,241" oya="3" hai0="130,120,98,33,84,37,99,134,70,63,58,16,67" hai1="9,7,101,56,28,132,114,46,61,112,75,51,27" hai2="74,104,123,82,49,40,127,11,20,92,115,89,5" hai3="43,88,105,95,78,25,110,14,72,103,1,80,21"/><W111/><G1/><T97/><D130/><U17/><E75/><V125/><F104/><W47/><G14/><T45/><D134/><U86/><E17/><V81/><F115/><N who="1" m="44073" /><E86/><V3/><F123/><W24/><G103/><T18/><D45/><U113/><E101/><V23/><F74/><W69/><G69/><T39/><D58/><U124/><E124/><V4/><F92/><W0/><G105/><T118/><D118/><U57/><E132/><V119/><F119/><W116/><G0/><T48/><D48/><U8/><N who="1" m="44081" /><U83/><DORA hai="38" /><E83/><V77/><F89/><W66/><G66/><T50/><D50/><U96/><E96/><V131/><F131/><W94/><G116/><T64/><D63/><U60/><E57/><V26/><F5/><W44/><G94/><T34/><D84/><U32/><E7/><V59/><F81/><W135/><G135/><T129/><D99/><U22/><E32/><V85/><F59/><W133/><G133/><T102/><D102/><U117/><E117/><V122/><F122/><W65/><G65/><T107/><D129/><U93/><E93/><V108/><F108/><N who="3" m="41515" /><G43/><T126/><D107/><U52/><E61/><V87/><F87/><N who="3" m="52639" /><G25/><T55/><D120/><U10/><E10/><V54/><F26/><W76/><G76/><T73/><D70/><U62/><E62/><V12/><F3/><W6/><G6/><T100/><D100/><U109/><E109/><V15/><F15/><W42/><G42/><AGARI ba="1,1" hai="8,9,22,27,28,42,46,51,52,56,60" m="44081" machi="42" ten="40,8000,1" yaku="15,1,52,2,54,1" doraHai="41,38" who="1" fromWho="3" sc="488,0,242,93,19,0,241,-83" owari="488,58.0,335,14.0,19,-48.0,158,-24.0" /></mjloggm>