<mjloggm ver="2.3"><GO type="41" lobby="0"/><UN n0="%52%61%79%6B" n1="%E2%93%9D%53%75%70%68%78" n2="%E3%82%82%E3%81%A1%E3%81%BF%E3%81%A3%E3%81%A1%E3%83%BC" n3="%53%6D%61%63" dan="13,17,14,14" rate="1885.84,2069.20,1992.41,1864.36" sx="M,M,M,M"/><TAIKYOKU oya="0"/><INIT seed="0,0,0,5,2,25" ten="250,250,250,250" oya="0" hai0="106,119,4,97,20,82,57,36,76,32,117,55,79" hai1="54,38,104,8,86,68,110,37,103,66,87,58,28" hai2="89,35,101,83,11,5,33,47,60,122,107,96,109" hai3="67,59,70,21,98,99,40,43,53,15,93,115,24"/><T45/><D32/><U111/><E8/><V17/><F109/><N who="1" m="41481" /><E103/><V84/><F122/><W48/><G99/><T124/><D124/><U34/><E104/><V30/><F60/><W94/><G94/><T81/><D4/><U131/><E131/><V71/><F71/><W26/><G26/><T61/><D106/><U130/><E130/><V112/><F112/><W135/><G135/><T64/><D97/><U123/><E66/><V1/><F17/><W75/><G75/><T46/><D79/><U72/><E72/><V78/><F47/><W23/><G67/><T102/><D46/><U91/><E87/><V105/><F105/><W80/><G70/><T120/><D82/><N who="1" m="49623" /><E123/><V41/><F41/><W118/><G80/><T50/><D102/><U114/><E68/><V88/><REACH who="2" step="1"/><F35/><REACH who="2" ten="250,250,240,250" step="2"/><W12/><G115/><T14/><D120/><U13/><E114/><V31/><F31/><W133/><G40/><T3/><D117/><U92/><E28/><V9/><F9/><W127/><G43/><T125/><D119/><U116/><E34/><V18/><F18/><W39/><G118/><T65/><D61/><U49/><E116/><V113/><F113/><W10/><G10/><T52/><D45/><U73/><E58/><V19/><F19/><W63/><G59/><T0/><D57/><U95/><E38/><V16/><F16/><W108/><G39/><T74/><D36/><U62/><E62/><V100/><F100/><W56/><G63/><T132/><D20/><U22/><E22/><V6/><F6/><W121/><G23/><T85/><D50/><U44/><E37/><RYUUKYOKU ba="0,1" sc="250,-10,250,-10,240,30,250,-10" hai2="1,5,11,30,33,78,83,84,88,89,96,101,107" /><INIT seed="1,1,1,4,1,12" ten="240,240,270,240" oya="1" hai0="32,49,120,134,86,133,42,65,107,130,9,115,21" hai1="23,90,44,122,135,63,33,75,17,47,7,1,103" hai2="79,19,64,45,20,67,76,121,8,131,28,95,128" hai3="38,57,11,55,127,94,80,34,60,16,114,25,43"/><U59/><E122/><V108/><F121/><W15/><G114/><T112/><D120/><U10/><E135/><N who="0" m="51721" /><D130/><N who="2" m="49706" /><F108/><W73/><G127/><T6/><D32/><U74/><E33/><V97/><F45/><W13/><G13/><T132/><D107/><U78/><E103/><N who="2" m="60863" /><F8/><W27/><G34/><T29/><D132/><U30/><E30/><V104/><F28/><W126/><G126/><T58/><D86/><U3/><E3/><V124/><F104/><W31/><G31/><T53/><D42/><U66/><E90/><V2/><F2/><W37/><G37/><T119/><D119/><U123/><E123/><V100/><F100/><W92/><G38/><T62/><D21/><U35/><E35/><V18/><F124/><W85/><G43/><T82/><D82/><U46/><REACH who="1" step="1"/><E78/><REACH who="1" ten="240,230,270,240" step="2"/><N who="2" m="29739" /><F20/><W50/><G73/><T96/><D29/><U14/><AGARI ba="1,2" hai="1,7,10,14,17,23,44,46,47,59,63,66,74,75" machi="14" ten="30,6000,0" yaku="1,1,0,1,52,1,53,0" doraHai="12" doraHaiUra="22" who="1" fromWho="1" sc="240,-21,230,83,270,-21,240,-21" /><INIT seed="1,2,0,1,4,124" ten="219,313,249,219" oya="1" hai0="1,47,64,31,7,45,89,52,32,59,133,100,35" hai1="15,91,55,131,71,84,38,112,0,129,94,98,101" hai2="103,48,40,90,3,36,27,61,23,81,92,14,43" hai3="10,41,53,109,125,16,25,78,28,80,22,82,106"/><U86/><E0/><V8/><F36/><W51/><G109/><T79/><D64/><U105/><E38/><V67/><F3/><W111/><G111/><T102/><D79/><U13/><E112/><V57/><F81/><W46/><G106/><T121/><D121/><U34/><E34/><V119/><F119/><W18/><G125/><T2/><D89/><U29/><E29/><V93/><F48/><W99/><G99/><T130/><D31/><U37/><E71/><V66/><F66/><W74/><G82/><T95/><D95/><U60/><E37/><V65/><F65/><W5/><REACH who="3" step="1"/><G41/><REACH who="3" ten="219,313,249,209" step="2"/><T113/><D113/><U114/><E114/><V107/><F107/><W63/><G63/><T42/><D42/><U134/><E86/><V24/><F43/><W17/><G17/><T49/><D133/><U6/><E134/><V87/><F40/><W120/><G120/><T58/><D49/><U118/><E118/><V69/><F92/><W88/><G88/><T104/><D104/><U56/><REACH who="1" step="1"/><E6/><REACH who="1" ten="219,303,249,209" step="2"/><V9/><F87/><W33/><G33/><T117/><D7/><U50/><E50/><V132/><F132/><W128/><G128/><AGARI ba="2,2" hai="13,15,55,56,60,84,91,94,98,101,105,128,129,131" machi="128" ten="40,18000,2" yaku="1,1,19,1,52,3,53,1" doraHai="124" doraHaiUra="97" who="1" fromWho="3" sc="219,0,303,206,249,0,209,-186" /><INIT seed="1,3,0,0,5,92" ten="219,509,249,23" oya="1" hai0="50,114,97,61,36,13,91,47,23,133,106,15,40" hai1="131,94,38,56,69,67,62,113,96,132,48,26,81" hai2="108,8,10,2,46,117,42,60,120,65,58,111,30" hai3="109,77,41,28,16,20,4,11,66,110,3,115,86"/><U80/><E113/><V59/><F117/><W84/><G41/><T68/><D114/><U21/><E131/><V34/><F120/><W85/><G66/><T126/><D126/><U44/><E132/><V1/><F58/><W100/><G28/><T74/><D74/><U0/><E0/><V29/><F10/><W121/><G121/><T87/><D36/><U49/><E69/><V130/><F130/><W75/><G75/><T98/><D13/><U128/><E38/><V119/><F119/><W32/><G32/><T105/><D133/><U63/><E63/><V37/><F29/><W82/><G115/><T39/><D39/><U135/><E49/><V12/><F30/><W54/><G54/><T17/><D61/><U123/><E128/><V83/><F83/><W116/><G100/><T24/><D15/><U95/><E95/><V64/><F34/><W27/><REACH who="3" step="1"/><G116/><REACH who="3" ten="219,509,249,13" step="2"/><T125/><D125/><U88/><E135/><V33/><F33/><W124/><G124/><T103/><D103/><U70/><E123/><V6/><F64/><W72/><AGARI ba="3,1" hai="3,4,11,16,20,27,72,77,82,84,85,86,109,110" machi="72" ten="30,7900,0" yaku="1,1,0,1,54,1,53,1" doraHai="92" doraHaiUra="5" who="3" fromWho="3" sc="219,-23,509,-42,249,-23,13,98" /><INIT seed="2,0,0,2,0,29" ten="196,467,226,111" oya="2" hai0="23,43,130,8,20,116,9,31,111,95,93,42,49" hai1="103,22,4,14,32,16,96,125,7,82,99,135,79" hai2="37,88,15,123,63,51,83,104,26,25,86,46,115" hai3="97,70,101,106,69,39,2,41,50,67,1,64,122"/><V13/><F115/><W61/><G50/><T112/><D112/><U114/><E32/><V0/><F0/><W21/><G21/><T34/><D49/><U133/><E125/><V28/><F123/><W75/><G75/><T134/><D31/><U118/><E118/><V35/><F104/><W121/><G121/><T17/><D17/><U124/><E124/><V81/><F26/><W117/><G117/><T127/><D116/><U54/><E54/><V132/><F132/><N who="1" m="50761" /><E99/><V5/><F5/><W76/><G76/><T72/><D134/><U30/><E30/><V129/><F129/><W89/><G89/><T73/><D127/><U48/><E48/><V78/><F63/><N who="3" m="40095" /><G122/><T57/><D57/><U18/><E18/><V105/><F37/><W98/><G98/><T56/><D56/><U55/><E55/><V62/><F62/><W108/><G108/><T52/><D52/><U11/><E22/><V33/><F105/><W77/><G77/><T71/><D71/><U128/><E128/><V131/><F35/><W85/><G85/><T90/><D130/><U74/><E114/><V38/><F38/><W45/><AGARI ba="0,0" hai="1,2,39,41,45,61,67,70,97,101,106" m="40095" machi="45" ten="30,2000,0" yaku="33,2" doraHai="29" who="3" fromWho="3" sc="196,-5,467,-5,226,-10,111,20" /><INIT seed="3,0,0,5,2,124" ten="191,462,216,131" oya="3" hai0="31,76,48,19,120,23,22,109,94,106,130,26,123" hai1="7,36,64,51,28,96,75,68,100,54,86,39,42" hai2="134,35,85,27,108,80,37,102,104,53,56,90,46" hai3="77,49,5,13,45,114,74,58,127,128,95,40,0"/><W118/><G118/><T14/><D106/><U67/><E75/><V133/><F108/><W30/><G114/><T93/><D109/><U50/><E7/><V72/><F72/><W113/><G113/><T12/><D130/><U34/><E86/><V119/><F119/><W41/><G30/><T66/><D76/><U115/><E96/><V4/><F4/><W81/><G58/><T132/><D132/><N who="2" m="50794" /><F102/><W135/><G127/><T110/><D110/><U84/><E42/><N who="2" m="22863" /><F27/><W43/><G0/><T82/><D82/><U44/><E34/><V55/><F55/><W21/><G95/><T71/><D48/><U122/><E51/><N who="2" m="30783" /><F35/><W70/><G5/><T61/><REACH who="0" step="1"/><D12/><REACH who="0" ten="181,462,216,131" step="2"/><U52/><E50/><V16/><F104/><W32/><G13/><T62/><D62/><U101/><E115/><V88/><F16/><W8/><G81/><T11/><D11/><U59/><E39/><V125/><F125/><W1/><G8/><T2/><D2/><U69/><E36/><V24/><F24/><W112/><G1/><T25/><D25/><U103/><E28/><V18/><F18/><W29/><G29/><T129/><D129/><U65/><E69/><V73/><F73/><W131/><G70/><T57/><D57/><U126/><E68/><V87/><F80/><N who="3" m="45111" /><G135/><T98/><D98/><U91/><E126/><V107/><F107/><W33/><G131/><T92/><AGARI ba="0,1" hai="14,19,22,23,26,31,61,66,71,92,93,94,120,123" machi="92" ten="30,2000,0" yaku="1,1,0,1,53,0" doraHai="124" doraHaiUra="121" who="0" fromWho="0" sc="181,30,462,-5,216,-5,131,-10" /><INIT seed="4,0,0,0,4,111" ten="211,457,211,121" oya="0" hai0="40,71,77,124,95,106,13,81,80,112,48,107,43" hai1="97,129,92,9,31,110,6,89,25,30,59,57,17" hai2="0,4,127,11,60,22,52,33,78,21,61,75,42" hai3="16,115,69,120,102,64,113,20,62,100,79,96,123"/><T86/><D124/><U103/><E129/><V12/><F127/><W63/><G79/><T28/><D71/><U130/><E110/><V88/><F33/><W8/><G8/><T132/><D132/><U50/><E130/><V82/><F42/><W122/><G63/><T53/><D28/><U121/><E121/><V131/><F131/><W24/><G102/><T35/><D35/><U3/><E17/><V93/><F0/><W34/><G34/><T135/><D135/><U104/><E50/><V98/><REACH who="2" step="1"/><F61/><REACH who="2" ten="211,457,201,121" step="2"/><W56/><G69/><T85/><D43/><U19/><E3/><V118/><F118/><W41/><G41/><T38/><D40/><U39/><E39/><V119/><F119/><W101/><REACH who="3" step="1"/><G100/><REACH who="3" ten="211,457,201,111" step="2"/><T2/><D38/><U15/><E103/><V46/><F46/><W73/><G73/><T55/><D2/><U14/><E59/><AGARI ba="0,2" hai="4,11,12,21,22,52,59,60,75,78,82,88,93,98" machi="59" ten="40,5200,0" yaku="1,1,54,2,53,0" doraHai="111" doraHaiUra="99" who="2" fromWho="1" sc="211,0,457,-52,201,72,111,0" /><INIT seed="5,0,0,0,5,22" ten="211,405,273,111" oya="1" hai0="14,30,27,68,33,49,69,12,16,52,46,58,130" hai1="103,119,43,84,120,79,95,126,71,117,36,66,127" hai2="51,63,116,110,90,11,56,131,38,134,87,19,101" hai3="24,74,113,83,4,15,70,62,40,75,8,25,39"/><U42/><E79/><V53/><F110/><W135/><G113/><T2/><D2/><U29/><E29/><V86/><F116/><W17/><G135/><T109/><D130/><U88/><E120/><V20/><F131/><W65/><G74/><T111/><D109/><U92/><E66/><V47/><F134/><W80/><G75/><T7/><D7/><U129/><E71/><V18/><F101/><W106/><G106/><T54/><D12/><U85/><E129/><V128/><F11/><W76/><G76/><T5/><D5/><U64/><E64/><V107/><F107/><W21/><REACH who="3" step="1"/><G25/><REACH who="3" ten="211,405,273,101" step="2"/><T45/><D111/><U104/><E104/><V132/><F132/><W23/><G23/><T59/><D68/><U28/><E119/><V67/><F20/><W78/><G78/><T1/><D69/><U105/><E105/><V41/><F128/><W32/><G32/><T97/><D33/><U89/><E117/><V118/><F118/><W108/><G108/><T98/><D27/><U96/><E127/><V82/><REACH who="2" step="1"/><F86/><REACH who="2" ten="211,405,263,101" step="2"/><W44/><AGARI ba="0,2" hai="4,8,15,17,21,24,39,40,44,62,65,70,80,83" machi="44" ten="30,4000,0" yaku="1,1,0,1,52,1,53,0" doraHai="22" doraHaiUra="121" who="3" fromWho="3" sc="211,-10,405,-20,263,-10,101,60" /><INIT seed="6,0,0,4,2,33" ten="201,385,253,161" oya="2" hai0="28,72,4,41,92,84,65,105,52,123,99,106,14" hai1="17,90,12,81,2,107,96,37,70,48,118,0,5" hai2="18,104,127,59,113,46,64,50,93,60,51,61,36" hai3="32,1,47,31,116,128,42,35,120,125,40,110,95"/><V85/><F113/><W129/><G95/><T67/><D72/><U98/><E5/><V13/><F104/><W53/><G53/><T102/><D41/><U131/><E131/><V20/><F127/><W19/><G19/><T45/><D123/><U69/><E37/><V55/><F36/><W135/><G47/><T111/><D111/><U7/><E7/><V56/><REACH who="2" step="1"/><F46/><REACH who="2" ten="201,385,243,161" step="2"/><W9/><G125/><T3/><D106/><U94/><E107/><V22/><F22/><W10/><G128/><T75/><D105/><U34/><E34/><V24/><F24/><W89/><G129/><T30/><D45/><U115/><E115/><V100/><F100/><W74/><G35/><T49/><D102/><U119/><E119/><V91/><AGARI ba="0,1" hai="13,18,20,50,51,55,56,59,60,61,64,85,91,93" machi="91" ten="30,11700,0" yaku="1,1,0,1,8,1,53,1" doraHai="33" doraHaiUra="83" who="2" fromWho="2" sc="201,-39,385,-39,243,127,161,-39" /><INIT seed="6,1,0,5,3,26" ten="162,346,370,122" oya="2" hai0="35,48,37,11,68,54,95,83,43,94,21,61,16" hai1="84,135,6,52,89,9,108,80,67,119,133,105,134" hai2="99,44,47,2,31,132,127,8,14,85,24,124,18" hai3="63,36,123,97,55,101,88,72,126,130,66,71,75"/><V109/><F132/><W125/><G123/><T87/><D35/><U82/><E108/><V45/><F109/><W62/><G36/><T38/><D38/><U129/><E119/><V28/><F2/><W116/><G116/><T104/><D104/><U93/><E67/><V12/><F99/><W3/><G3/><T27/><D11/><U32/><E129/><V115/><F115/><W17/><G130/><T74/><D74/><U4/><E105/><V106/><F106/><W30/><G101/><T59/><D68/><U131/><E32/><V65/><F65/><W1/><G17/><T50/><D37/><U60/><E131/><V120/><F120/><W128/><G1/><T100/><D100/><U13/><E6/><V102/><F102/><W34/><G62/><T122/><D122/><U70/><E70/><V114/><F114/><W79/><G55/><T19/><D19/><U96/><E96/><V41/><F85/><W22/><G34/><T46/><REACH who="0" step="1"/><D61/><REACH who="0" ten="152,346,370,122" step="2"/><U110/><E110/><V77/><F8/><W117/><G128/><T5/><D5/><U113/><E113/><V90/><F18/><W111/><G117/><T33/><D33/><U91/><E91/><AGARI ba="1,1" hai="16,21,27,43,46,48,50,54,59,83,87,91,94,95" machi="91" ten="30,8000,1" yaku="1,1,7,1,8,1,54,1,53,1" doraHai="26" doraHaiUra="81" who="0" fromWho="1" sc="152,93,346,-83,370,0,122,0" /><INIT seed="7,0,0,0,2,114" ten="245,263,370,122" oya="3" hai0="38,130,68,117,19,27,77,20,53,39,1,31,84" hai1="56,54,65,34,24,55,45,120,47,81,99,13,93" hai2="72,40,86,0,80,94,2,30,115,6,21,89,90" hai3="88,63,134,43,50,78,128,79,91,16,135,28,4"/><W23/><G4/><T25/><D130/><U74/><E120/><V58/><F40/><W104/><G104/><T111/><D117/><U8/><E34/><V97/><F72/><W17/><G28/><T59/><D111/><U100/><E74/><V57/><F115/><W109/><G128/><T110/><D68/><U75/><E75/><V61/><F57/><W9/><G9/><T12/><D110/><U14/><E81/><V131/><F131/><W116/><G109/><T112/><D112/><U3/><E3/><V70/><F70/><W64/><G43/><T5/><D5/><U22/><E65/><V126/><F126/><W107/><G107/><T105/><D105/><U73/><E73/><V108/><F6/><W83/><G50/><T76/><D84/><U44/><E8/><V52/><F108/><W133/><G116/><T103/><D103/><U113/><E113/><V10/><F10/><W66/><G17/><T69/><D27/><U71/><E71/><V49/><F49/><W41/><G41/><T98/><D98/><U32/><E32/><V129/><F129/><W95/><G83/><T124/><D124/><U82/><E82/><V125/><F125/><W132/><N who="3" m="33792" /><DORA hai="11" /><W60/><G66/><T42/><D69/><U51/><E55/><V92/><F80/><W37/><G37/><N who="0" m="13835" /><D1/><U15/><E47/><V87/><F97/><N who="3" m="57575" /><G91/><T106/><D106/><U85/><E85/><V101/><F101/><W48/><G48/><N who="0" m="31143" /><D42/><U121/><E121/><V102/><F102/><W127/><G127/><T46/><D46/><U18/><AGARI ba="0,0" hai="13,14,15,18,22,24,44,45,51,54,56,93,99,100" machi="18" ten="30,8000,1" yaku="0,1,8,1,52,3" doraHai="114,11" who="1" fromWho="1" sc="245,-20,263,80,370,-20,122,-40" owari="225,-17.0,343,14.0,350,45.0,82,-42.0" /></mjloggm>