<mjloggm ver="2.3"><GO type="41" lobby="0"/><UN n0="%33%39%30%6D%69%6E" n1="%E2%93%9D%53%75%70%68%78" n2="%77%61%6C%6C" n3="%4C%61%6D%6D" dan="15,18,13,13" rate="1953.85,2092.59,1898.74,1831.53" sx="M,M,M,M"/><TAIKYOKU oya="0"/><INIT seed="0,0,0,3,0,82" ten="250,250,250,250" oya="0" hai0="94,92,53,20,16,6,70,85,128,125,52,30,96" hai1="81,120,116,103,109,88,105,132,18,56,8,58,78" hai2="69,64,57,22,28,67,47,113,36,2,59,35,112" hai3="1,93,110,61,60,75,102,121,40,21,130,27,90"/><T65/><D128/><U71/><E71/><V55/><F35/><W111/><G1/><T86/><D125/><U89/><E116/><V131/><F2/><W17/><G75/><T42/><D42/><U76/><E109/><V48/><F28/><W34/><G121/><T7/><D30/><U106/><E8/><V83/><F83/><W91/><G34/><T127/><D65/><U49/><E81/><V24/><F24/><W45/><G130/><T5/><D70/><U11/><E11/><V126/><F22/><W87/><G102/><N who="0" m="60679" /><D94/><U46/><E103/><V118/><F131/><W9/><G9/><T15/><D127/><U50/><E46/><V84/><F84/><AGARI ba="0,0" hai="5,6,7,15,16,20,52,53,84,85,86" m="60679" machi="84" ten="30,18000,2" yaku="8,1,52,3,54,2" doraHai="82" who="0" fromWho="2" sc="250,180,250,0,250,-180,250,0" /><INIT seed="0,1,0,2,5,111" ten="430,250,70,250" oya="0" hai0="26,75,130,16,89,76,63,60,99,2,0,36,120" hai1="133,105,113,77,35,58,31,86,100,94,79,6,117" hai2="47,126,9,132,27,108,129,11,54,13,50,59,15" hai3="49,112,70,17,124,48,61,1,3,32,23,101,42"/><T131/><D120/><U21/><E35/><V30/><F108/><W64/><G32/><T56/><D36/><U118/><E6/><V74/><F129/><N who="0" m="49162" /><D76/><U80/><E58/><V25/><F132/><W103/><G124/><T28/><D75/><U98/><E21/><V34/><F126/><W39/><G39/><T14/><D99/><U69/><E31/><V114/><F74/><W71/><G71/><T68/><D89/><U10/><E10/><V24/><F114/><W73/><G73/><T57/><D68/><U121/><E69/><V123/><F123/><W96/><G103/><T85/><D85/><U66/><E66/><V106/><F106/><W82/><G82/><T135/><D135/><U8/><E8/><V119/><F119/><N who="1" m="45577" /><E121/><V91/><F91/><W87/><G87/><T52/><D26/><U83/><E133/><V93/><F93/><W122/><G122/><T78/><D28/><U92/><E113/><V107/><F107/><W127/><G112/><T19/><D78/><U116/><E116/><V104/><F104/><W53/><G127/><T55/><D19/><U84/><AGARI ba="1,0" hai="77,79,80,83,84,86,92,94,98,100,105" m="45577" machi="84" ten="30,2000,0" yaku="34,2" doraHai="111" who="1" fromWho="1" sc="430,-11,250,23,70,-6,250,-6" /><INIT seed="1,0,0,5,3,49" ten="419,273,64,244" oya="1" hai0="102,57,28,37,54,73,29,82,113,43,92,128,55" hai1="8,131,71,106,2,1,69,119,65,41,101,77,48" hai2="62,61,30,12,14,129,70,21,4,90,31,66,60" hai3="6,52,74,118,86,39,127,104,27,15,58,80,103"/><U97/><E119/><V45/><F129/><W26/><G39/><T13/><D113/><U88/><E77/><V96/><F70/><W7/><G74/><T111/><D128/><U64/><E131/><V108/><F66/><W32/><G118/><T47/><D111/><U109/><E109/><V23/><F108/><W46/><G127/><T117/><D117/><U51/><E8/><V85/><F96/><W134/><G134/><T93/><D13/><U67/><E88/><V3/><F3/><W120/><G120/><T126/><D126/><U83/><E83/><V100/><F100/><W91/><G32/><T19/><D19/><U10/><E41/><V133/><F45/><W0/><G0/><T22/><D22/><N who="2" m="8202" /><F133/><W38/><G38/><T121/><D121/><U9/><E2/><V56/><F56/><W72/><G72/><T116/><D116/><U50/><REACH who="1" step="1"/><E10/><REACH who="1" ten="419,263,64,244" step="2"/><N who="2" m="4167" /><F14/><W81/><G81/><AGARI ba="0,1" hai="30,31,60,61,62,81,85,90" m="4167,8202" machi="81" ten="30,1000,0" yaku="8,1" doraHai="49" who="2" fromWho="3" sc="419,0,263,0,64,20,244,-10" /><INIT seed="2,0,0,2,4,15" ten="419,263,84,234" oya="2" hai0="26,37,80,51,33,123,31,86,98,24,19,28,13" hai1="128,12,29,135,87,134,95,106,46,27,91,115,70" hai2="81,36,61,126,35,0,60,117,56,93,49,101,131" hai3="64,88,77,42,4,50,62,68,108,89,44,3,53"/><V8/><F117/><W83/><G108/><T43/><D123/><U20/><E115/><V65/><F35/><W85/><G3/><T63/><D37/><U47/><E106/><V71/><F0/><W112/><G112/><T22/><D63/><U66/><E128/><V130/><F8/><W107/><G107/><T17/><D98/><U99/><E70/><V57/><F81/><W76/><G76/><T23/><D43/><U110/><E66/><N who="2" m="39175" /><F101/><W90/><G4/><T127/><D127/><U94/><E110/><V72/><F93/><W92/><REACH who="3" step="1"/><G42/><REACH who="3" ten="419,263,84,224" step="2"/><T124/><D124/><U105/><E105/><V52/><F126/><W97/><AGARI ba="0,1" hai="44,50,53,62,64,68,77,83,85,88,89,90,92,97" machi="97" ten="20,12000,2" yaku="1,1,2,1,0,1,7,1,54,1,53,1" doraHai="15" doraHaiUra="40" who="3" fromWho="3" sc="419,-30,263,-30,84,-60,224,130" /><INIT seed="3,0,0,2,4,35" ten="389,233,24,354" oya="3" hai0="9,82,40,8,55,104,68,29,128,129,124,99,130" hai1="79,11,44,134,25,47,20,73,122,67,131,6,3" hai2="78,101,5,61,42,2,4,57,39,100,53,65,110" hai3="1,52,84,43,72,28,89,88,17,132,22,66,103"/><W74/><G1/><T114/><D68/><U102/><E122/><V117/><F110/><W0/><G43/><T106/><D124/><U87/><E131/><V33/><F117/><W92/><G132/><T69/><D69/><U23/><E73/><V123/><F33/><W59/><G0/><T27/><D114/><U26/><E102/><V37/><F123/><W63/><G28/><T75/><D40/><U125/><E67/><V118/><F118/><W77/><G103/><N who="0" m="62591" /><D55/><U86/><E134/><V76/><F65/><W105/><G105/><T121/><D106/><U10/><E79/><V56/><F53/><W83/><G89/><T14/><D14/><U70/><E70/><V38/><F42/><W111/><G111/><T32/><D121/><U113/><E6/><V51/><F39/><W21/><G21/><T95/><D95/><U115/><REACH who="1" step="1"/><E3/><REACH who="1" ten="389,223,24,354" step="2"/><V46/><F2/><W58/><G66/><T7/><D7/><U97/><E97/><V96/><F96/><W18/><G74/><T127/><D127/><AGARI ba="0,1" hai="10,11,20,23,25,26,44,47,86,87,113,115,125,127" machi="127" ten="25,3200,0" yaku="1,1,22,2,53,0" doraHai="35" doraHaiUra="50" who="1" fromWho="0" sc="389,-32,223,42,24,0,354,0" /><INIT seed="4,0,0,3,1,108" ten="357,265,24,354" oya="0" hai0="116,41,62,80,61,5,83,56,40,101,54,43,42" hai1="30,106,11,100,131,26,84,82,3,12,8,129,44" hai2="21,132,79,35,110,36,125,17,133,87,81,2,28" hai3="64,29,86,95,93,68,91,126,37,127,120,78,7"/><T1/><D116/><U60/><E100/><V9/><F110/><W123/><G37/><T55/><D101/><U103/><E3/><V130/><F36/><W121/><G7/><T90/><D90/><U70/><E44/><V94/><F35/><W49/><G29/><T122/><D122/><U58/><E70/><V45/><F28/><W24/><G24/><T10/><N who="0" m="10240" /><DORA hai="89" /><T33/><REACH who="0" step="1"/><D33/><REACH who="0" ten="347,265,24,354" step="2"/><U104/><E103/><V66/><F133/><W39/><G123/><T6/><D6/><U134/><E134/><V107/><F132/><W46/><G39/><T85/><D85/><U92/><E84/><V77/><F87/><W113/><G121/><T15/><D15/><U59/><E12/><V114/><F107/><W27/><G120/><T73/><D73/><U96/><E106/><V124/><F124/><W13/><G126/><T97/><D97/><U53/><E96/><V74/><F74/><W76/><G86/><T115/><D115/><U75/><E104/><V48/><F114/><W112/><G113/><T22/><D22/><U63/><E75/><V99/><F21/><W31/><G112/><T105/><D105/><U25/><E82/><V16/><F99/><W47/><G127/><T14/><D14/><U32/><E32/><V98/><F81/><W19/><G91/><T18/><D18/><U50/><E30/><V51/><F17/><W71/><G19/><T102/><D102/><U23/><E23/><V69/><F16/><W111/><G31/><T57/><AGARI ba="0,1" hai="1,5,10,54,55,56,57,61,62,80,83" m="10240" machi="57" ten="40,12000,1" yaku="1,1,0,1,9,1,53,1" doraHai="108,89" doraHaiUra="65,0" who="0" fromWho="0" sc="347,130,265,-40,24,-40,354,-40" owari="477,58.0,225,-17.0,-16,-52.0,314,11.0" /></mjloggm>