<mjloggm ver="2.3"><GO type="41" lobby="0"/><UN n0="%E6%8E%A5%E7%B7%9A%4C" n1="%55%47%41%4E%44%41%2D%32" n2="%6E%69%6E%6A%61%68" n3="%E2%93%9D%53%75%70%68%78" dan="15,13,15,18" rate="2027.17,1871.66,1981.46,2093.39" sx="M,M,M,M"/><TAIKYOKU oya="0"/><INIT seed="0,0,0,2,5,100" ten="250,250,250,250" oya="0" hai0="90,35,127,52,88,60,128,66,91,13,106,92,63" hai1="25,69,109,5,10,86,84,17,46,122,9,105,74" hai2="53,43,2,99,123,50,70,135,75,11,121,79,61" hai3="110,65,47,83,21,18,30,39,40,0,124,59,7"/><T54/><D35/><U112/><E122/><V130/><F135/><W107/><G110/><T119/><D119/><U27/><E109/><V118/><F130/><W16/><G124/><T58/><D128/><U134/><E74/><V37/><F118/><W15/><G30/><T129/><D129/><U67/><E134/><V28/><F28/><W97/><G83/><T23/><D127/><U41/><E10/><V120/><F99/><W20/><G7/><T12/><D106/><U1/><E112/><V4/><F53/><N who="0" m="20586" /><D63/><U68/><E105/><V45/><F50/><W3/><G59/><T26/><D92/><U126/><E69/><V8/><F8/><W96/><G65/><T71/><D71/><U24/><E126/><V34/><F34/><W93/><G97/><T72/><D72/><U102/><E67/><N who="2" m="41327" /><F123/><W94/><G94/><T98/><D98/><U48/><E68/><V56/><F56/><W101/><REACH who="3" step="1"/><G93/><REACH who="3" ten="250,250,250,240" step="2"/><T95/><D95/><U42/><E5/><V132/><F132/><W76/><G76/><T31/><AGARI ba="0,1" hai="12,13,23,26,31,58,60,66,88,90,91" m="20586" machi="31" ten="30,6000,0" yaku="8,1,54,2" doraHai="100" who="0" fromWho="0" sc="250,70,250,-20,250,-20,240,-20" /><INIT seed="0,1,0,2,0,120" ten="320,230,230,220" oya="0" hai0="75,28,37,49,69,55,99,89,78,42,87,48,20" hai1="25,101,123,18,53,4,0,128,130,83,116,105,73" hai2="64,50,6,125,135,82,17,57,34,91,61,2,14" hai3="118,72,33,93,45,9,22,26,11,131,119,74,133"/><T132/><D37/><U47/><E123/><V115/><F115/><W67/><G67/><T127/><D75/><U117/><E53/><V95/><F34/><W13/><G93/><T108/><D69/><U121/><E121/><V90/><F135/><W35/><G45/><T104/><D78/><U46/><E25/><V122/><F122/><W107/><G107/><T24/><D132/><U40/><E18/><V7/><F125/><W109/><G74/><T103/><D127/><U29/><E29/><V16/><F2/><W97/><G97/><T66/><D66/><U124/><E124/><V110/><F17/><W111/><G72/><T30/><D42/><U68/><E47/><V52/><F82/><W8/><G131/><N who="1" m="50218" /><E68/><V27/><F27/><W31/><G133/><T86/><D30/><U94/><E94/><V102/><F102/><W21/><G13/><T81/><D87/><U70/><E70/><V100/><F100/><W32/><REACH who="3" step="1"/><G22/><REACH who="3" ten="320,230,230,210" step="2"/><T36/><D36/><N who="1" m="21767" /><E105/><V3/><F64/><W126/><G126/><T65/><D65/><U134/><E134/><V76/><F95/><W112/><G112/><T79/><D104/><U129/><E129/><V15/><F61/><W43/><G43/><T56/><D103/><U10/><E101/><V71/><F71/><W39/><G39/><T114/><D114/><U44/><E44/><V84/><F84/><W92/><G92/><N who="0" m="56719" /><D56/><U113/><E113/><V38/><F57/><W23/><G23/><T63/><D63/><U77/><AGARI ba="1,1" hai="0,4,10,73,77,83,116,117" m="21767,50218" machi="77" ten="30,4000,0" yaku="25,1,19,1,23,1" doraHai="120" who="1" fromWho="1" sc="320,-21,230,53,230,-11,210,-11" /><INIT seed="1,0,0,5,0,129" ten="299,283,219,199" oya="1" hai0="126,131,51,59,28,92,49,74,38,63,125,118,113" hai1="50,7,29,41,82,122,104,40,119,117,108,90,134" hai2="88,6,48,65,83,130,80,84,57,26,43,103,115" hai3="110,124,111,11,95,21,75,47,121,56,102,58,52"/><U66/><E122/><V46/><F130/><W107/><G107/><T72/><D113/><U23/><E104/><V0/><F115/><W114/><G75/><N who="0" m="28715" /><D118/><U99/><E66/><V85/><F103/><W5/><G124/><N who="0" m="47723" /><D38/><U32/><E32/><V4/><F0/><W101/><G121/><T68/><D68/><U135/><E7/><V67/><F26/><W133/><G114/><T94/><D28/><U30/><E29/><V116/><F116/><W22/><G47/><T123/><D123/><U132/><E23/><V109/><F109/><W55/><G5/><N who="2" m="2153" /><F57/><W35/><G11/><T81/><D81/><U42/><E30/><V120/><F120/><W36/><G36/><T54/><D131/><U34/><E34/><V71/><F71/><W18/><G35/><T3/><D3/><U106/><E108/><V13/><F13/><W19/><G95/><AGARI ba="0,0" hai="49,51,54,59,63,92,94,95" m="47723,28715" machi="95" ten="30,1000,0" yaku="18,1" doraHai="129" who="0" fromWho="3" sc="299,10,283,0,219,0,199,-10" /><INIT seed="2,0,0,2,0,119" ten="309,283,219,189" oya="2" hai0="41,124,6,77,19,54,103,59,18,57,44,128,30" hai1="72,14,61,67,58,114,82,115,26,45,102,62,52" hai2="84,34,9,5,110,23,13,98,111,16,10,135,25" hai3="37,63,1,93,35,86,20,94,38,95,85,80,32"/><V74/><F135/><W126/><G1/><T91/><D30/><U79/><E102/><V64/><F74/><W33/><G126/><T70/><D70/><U101/><E101/><V27/><F64/><W2/><G2/><T29/><D29/><U122/><E26/><N who="2" m="14695" /><F98/><W134/><G134/><T131/><D103/><U4/><E45/><V17/><F84/><W96/><G20/><T75/><D6/><U90/><E90/><V47/><F47/><W121/><G63/><T120/><D91/><U39/><E39/><N who="3" m="14858" /><G80/><T112/><D75/><U36/><E36/><V81/><F81/><W97/><G121/><T56/><D120/><U92/><E92/><V22/><F34/><W66/><G66/><T73/><D73/><U104/><E104/><V3/><F10/><W12/><G12/><T49/><D77/><U88/><E122/><V87/><F87/><AGARI ba="0,0" hai="32,33,35,85,86,87,93,94,95,96,97" m="14858" machi="87" ten="40,2600,0" yaku="28,2" doraHai="119" who="3" fromWho="2" sc="309,0,283,0,219,-26,189,26" /><INIT seed="3,0,0,4,4,39" ten="309,283,193,215" oya="3" hai0="107,127,81,34,85,110,56,36,86,98,62,72,71" hai1="35,65,12,24,7,94,124,93,28,17,38,112,69" hai2="48,95,57,83,16,4,49,37,31,50,78,68,76" hai3="0,129,46,97,102,25,66,114,13,47,5,109,51"/><W100/><G114/><T111/><D71/><U45/><E112/><V126/><F37/><W90/><G0/><T6/><D34/><U53/><E124/><V67/><F68/><W14/><G129/><T106/><D36/><U108/><E53/><V103/><F126/><W33/><G109/><N who="0" m="41483" /><D6/><U64/><E108/><V99/><F4/><W117/><G117/><T63/><D63/><U101/><E69/><V133/><F133/><W104/><G66/><T54/><D86/><U9/><E65/><V44/><F31/><W70/><G5/><T120/><D72/><U61/><E61/><N who="2" m="38319" /><F83/><W40/><G70/><T113/><D98/><U15/><E64/><V1/><F1/><W118/><G118/><T134/><D120/><U42/><REACH who="1" step="1"/><E101/><REACH who="1" ten="309,273,193,215" step="2"/><V91/><F103/><W30/><G102/><T125/><D113/><U10/><AGARI ba="0,1" hai="7,9,10,12,15,17,24,28,35,38,42,45,93,94" machi="10" ten="20,12000,2" yaku="1,1,2,1,0,1,7,1,52,1,53,1" doraHai="39" doraHaiUra="27" who="1" fromWho="1" sc="309,-30,273,130,193,-30,215,-60" /><INIT seed="4,0,0,2,3,95" ten="279,403,163,155" oya="0" hai0="122,83,56,80,7,39,90,91,51,36,100,109,134" hai1="47,35,34,128,52,20,69,111,71,44,53,14,88" hai2="58,120,76,82,32,106,24,130,2,121,42,50,17" hai3="0,23,94,15,92,96,135,65,72,5,31,26,67"/><T46/><D122/><U108/><E128/><V116/><F106/><W81/><G135/><T86/><D134/><U57/><E14/><V73/><F2/><W38/><G38/><T89/><D109/><U1/><E20/><V64/><F130/><W119/><G119/><T112/><D112/><U75/><E75/><V133/><F116/><W33/><G94/><T113/><D113/><U28/><E1/><V54/><F133/><W99/><G72/><T84/><D56/><U103/><E57/><V129/><F129/><W68/><G81/><T107/><D91/><U105/><E28/><V13/><F24/><W93/><G68/><T27/><D27/><U78/><E78/><V6/><F6/><W9/><G33/><T123/><D123/><U37/><E103/><V12/><F32/><W30/><G30/><T132/><D7/><U79/><E79/><V62/><F42/><W3/><G3/><T49/><D132/><U60/><E105/><V55/><F13/><W74/><G74/><T104/><D46/><U63/><REACH who="1" step="1"/><E37/><REACH who="1" ten="279,393,163,155" step="2"/><V125/><F120/><W66/><G0/><T8/><D8/><U77/><E77/><V115/><F115/><W87/><G87/><T59/><D59/><U21/><E21/><N who="2" m="11431" /><F121/><W118/><G118/><T114/><D114/><U131/><E131/><V102/><F102/><AGARI ba="0,1" hai="36,39,49,51,80,83,84,86,89,90,100,102,104,107" machi="102" ten="25,2400,0" yaku="22,2" doraHai="95" who="0" fromWho="2" sc="279,34,393,0,163,-24,155,0" /><INIT seed="4,1,0,4,3,113" ten="313,393,139,155" oya="0" hai0="19,40,122,98,135,126,116,33,49,30,110,23,29" hai1="89,92,104,44,76,59,67,78,13,94,111,36,63" hai2="87,27,58,38,91,129,132,47,12,22,77,128,74" hai3="66,41,107,35,101,45,7,130,10,133,71,82,15"/><T106/><D122/><U53/><E104/><V114/><F114/><W118/><G130/><T73/><D73/><U61/><E111/><V56/><F74/><W99/><G133/><T117/><D135/><U119/><E119/><V55/><F77/><W2/><G15/><T17/><D110/><U64/><E36/><V108/><F108/><W52/><G52/><T65/><D65/><U100/><E100/><V70/><F12/><W32/><G82/><T84/><D84/><U96/><E13/><V124/><F124/><W125/><G125/><T20/><D126/><U68/><E44/><V81/><F70/><W43/><G43/><T5/><D33/><U3/><E3/><V0/><F0/><W112/><G118/><T25/><D5/><U121/><E121/><V46/><F132/><W48/><REACH who="3" step="1"/><G112/><REACH who="3" ten="313,393,139,145" step="2"/><T131/><D131/><N who="2" m="50250" /><F38/><W34/><G34/><T16/><D40/><U31/><E53/><V21/><F27/><W97/><G97/><T37/><D37/><U86/><E96/><V80/><F81/><W102/><G102/><T105/><D49/><U90/><E67/><V51/><F47/><W88/><G88/><T93/><D116/><U62/><E90/><V26/><F26/><W85/><G85/><T24/><D117/><U50/><E89/><AGARI ba="1,1" hai="16,17,19,20,23,24,25,29,30,89,93,98,105,106" machi="89" ten="40,3900,0" yaku="9,1,54,1" doraHai="113" who="0" fromWho="1" sc="313,52,393,-42,139,0,145,0" /><INIT seed="4,2,0,5,3,91" ten="365,351,139,145" oya="0" hai0="83,82,88,86,74,85,90,25,64,37,98,102,96" hai1="68,108,106,2,41,78,79,9,16,3,20,92,47" hai2="75,61,71,81,72,120,40,35,23,51,57,87,30" hai3="4,49,127,134,42,56,124,67,70,19,73,17,97"/><T63/><D37/><U8/><E108/><V12/><F120/><W110/><G73/><T125/><D125/><N who="3" m="48201" /><G110/><T14/><D74/><U59/><E68/><V15/><F71/><W10/><G134/><T29/><D14/><U101/><E106/><V46/><F35/><W21/><G70/><T31/><D102/><U93/><E101/><V45/><F75/><W121/><G97/><T103/><D103/><U33/><E33/><V50/><F23/><W11/><G121/><T52/><D52/><U22/><E59/><V24/><F24/><N who="3" m="14383" /><G19/><T39/><D39/><U122/><E122/><V116/><F30/><W132/><G132/><T130/><D130/><U135/><E135/><V53/><F72/><W118/><G118/><T66/><REACH who="0" step="1"/><D25/><REACH who="0" ten="355,351,139,145" step="2"/><U95/><E2/><V133/><F133/><W7/><G42/><T109/><D109/><U84/><E3/><V38/><F116/><W54/><G67/><T0/><D0/><U111/><E111/><V100/><F100/><W80/><G7/><T77/><D77/><N who="1" m="29195" /><E41/><N who="2" m="24879" /><F38/><W115/><G4/><T129/><D129/><U113/><E8/><V123/><F123/><W104/><G11/><T36/><D36/><U114/><E84/><V99/><F99/><W28/><G10/><T55/><D55/><U119/><E119/><V6/><F6/><W131/><G131/><T126/><D126/><U13/><E47/><V32/><F32/><W27/><G104/><T18/><D18/><U43/><E43/><V48/><F61/><AGARI ba="2,1" hai="29,31,61,63,64,66,82,83,85,86,88,90,96,98" machi="61" ten="25,12000,1" yaku="1,1,22,2,8,1,54,1,53,0" doraHai="91" doraHaiUra="117" who="0" fromWho="2" sc="355,136,351,0,139,-126,145,0" /><INIT seed="4,3,0,0,5,17" ten="491,351,13,145" oya="0" hai0="40,63,62,86,60,55,110,13,28,118,111,107,41" hai1="101,8,45,34,15,37,96,33,119,79,59,64,77" hai2="24,49,87,66,82,125,94,4,36,97,102,53,58" hai3="52,46,19,80,128,38,51,21,130,29,69,90,84"/><T68/><D107/><U57/><E119/><V108/><F36/><W113/><G69/><T70/><D28/><U26/><E37/><V0/><F108/><N who="0" m="41514" /><D86/><U89/><E89/><V88/><F125/><W116/><G113/><T115/><D13/><U75/><E45/><V61/><F0/><W123/><G123/><T121/><D121/><U106/><E75/><V104/><F4/><W44/><G29/><T100/><D100/><U12/><E34/><V126/><F126/><W98/><G116/><T31/><D31/><U16/><E33/><V5/><F5/><W14/><REACH who="3" step="1"/><G98/><REACH who="3" ten="491,351,13,135" step="2"/><T76/><D70/><U3/><E96/><V81/><REACH who="2" step="1"/><F24/><REACH who="2" ten="491,351,3,135" step="2"/><W30/><G30/><T83/><D118/><U67/><E26/><V20/><F20/><W103/><G103/><T91/><D115/><U117/><E117/><V124/><F124/><W11/><G11/><T78/><D68/><AGARI ba="3,2" hai="49,53,58,61,66,68,81,82,87,88,94,97,102,104" machi="68" ten="30,3900,0" yaku="1,1,7,1,54,1,53,0" doraHai="17" doraHaiUra="134" who="2" fromWho="0" sc="491,-48,351,0,3,68,135,0" /><INIT seed="5,0,0,0,4,97" ten="443,351,71,135" oya="1" hai0="1,9,124,20,113,15,41,33,114,120,110,80,121" hai1="102,45,86,115,69,46,14,70,81,79,10,32,100" hai2="96,52,112,67,72,43,23,83,82,119,122,68,89" hai3="84,98,65,36,93,12,74,48,85,29,57,3,34"/><U26/><E115/><N who="0" m="44041" /><D41/><U2/><E2/><V53/><F119/><W101/><G74/><T62/><D62/><U116/><E116/><V111/><F111/><W87/><G36/><T107/><D107/><U123/><E123/><N who="0" m="47177" /><D80/><U130/><E130/><V51/><F112/><W11/><G3/><T125/><D33/><U108/><E108/><V132/><F132/><W118/><G29/><T47/><D47/><N who="1" m="17931" /><E69/><V54/><F68/><W78/><G34/><T49/><D49/><U55/><E32/><V24/><F72/><W128/><G128/><T56/><D56/><U61/><E70/><V28/><F67/><W37/><G37/><T17/><D110/><U77/><E77/><V31/><F122/><W131/><G131/><T133/><D133/><U95/><E95/><N who="2" m="56431" /><F43/><W21/><G118/><T60/><D60/><U103/><E61/><V134/><F134/><W91/><G78/><T127/><D1/><U7/><E55/><N who="2" m="21067" /><F31/><W76/><G76/><T13/><D125/><U64/><E64/><V94/><F94/><W92/><G65/><T38/><D38/><U105/><E105/><V135/><F135/><W6/><G57/><AGARI ba="0,0" hai="23,24,28,51,54,57,82,83" m="21067,56431" machi="57" ten="30,2000,0" yaku="8,1,54,1" doraHai="97" who="2" fromWho="3" sc="443,0,351,0,71,20,135,-20" /><INIT seed="6,0,0,2,1,70" ten="443,351,91,115" oya="2" hai0="119,8,31,41,44,45,85,121,123,84,1,49,2" hai1="127,20,95,79,9,80,60,21,18,14,103,89,111" hai2="25,77,62,110,40,36,90,48,33,24,86,93,124" hai3="65,115,4,34,43,112,63,61,107,105,32,133,16"/><V106/><F106/><N who="3" m="40459" /><G4/><T0/><D31/><U82/><E111/><V13/><F124/><W87/><G43/><T39/><D8/><U57/><E127/><V50/><F110/><W135/><G87/><T58/><D58/><U88/><E103/><V83/><F13/><W122/><G16/><T99/><D99/><U19/><E9/><V28/><F25/><W100/><G100/><T37/><D119/><U6/><E6/><V116/><F62/><N who="3" m="23563" /><G122/><T81/><D2/><U125/><E79/><V114/><F116/><W72/><G72/><T29/><D29/><U94/><E125/><V64/><F64/><W53/><G53/><T47/><D47/><U30/><E30/><V35/><F35/><N who="3" m="13355" /><G65/><T51/><D41/><U54/><E80/><AGARI ba="0,0" hai="0,1,37,39,44,45,49,51,80,81,84,85,121,123" machi="80" ten="25,6400,0" yaku="22,2,52,2" doraHai="70" who="0" fromWho="1" sc="443,64,351,-64,91,0,115,0" /><INIT seed="7,0,0,3,5,33" ten="507,287,91,115" oya="3" hai0="86,112,53,80,132,134,48,19,29,103,22,3,121" hai1="43,117,126,20,100,60,123,17,11,40,91,119,32" hai2="71,28,44,52,16,42,51,9,34,1,72,37,93" hai3="58,127,108,21,135,115,15,67,0,75,97,85,65"/><W89/><G75/><T128/><D3/><U26/><E123/><V113/><F72/><W90/><G0/><T35/><D103/><U133/><E32/><V102/><F71/><W74/><G74/><T7/><D7/><U109/><E100/><V57/><F113/><W76/><G135/><T61/><D61/><U122/><E91/><N who="3" m="34826" /><G127/><T66/><D66/><N who="3" m="25097" /><G108/><T27/><D112/><U95/><E109/><V73/><F73/><W107/><G107/><T46/><D121/><U10/><E122/><V99/><F28/><W124/><G124/><T104/><D104/><U62/><E133/><V59/><F34/><W30/><G97/><T116/><D29/><U69/><E95/><V2/><REACH who="2" step="1"/><F59/><REACH who="2" ten="507,287,81,115" step="2"/><W84/><G115/><T47/><D35/><U96/><E126/><V56/><F56/><W49/><G30/><T88/><D134/><U38/><E69/><V54/><F54/><N who="3" m="32079" /><G76/><T120/><D132/><U31/><E31/><V12/><AGARI ba="0,1" hai="1,2,9,12,16,37,42,44,51,52,57,93,99,102" machi="12" ten="30,12000,2" yaku="1,1,0,1,52,2,54,2,53,1" doraHai="33" doraHaiUra="41" who="2" fromWho="2" sc="507,-30,287,-30,81,130,115,-60" owari="477,57.0,257,6.0,211,-19.0,55,-44.0" /></mjloggm>