<mjloggm ver="2.3"><GO type="41" lobby="0"/><UN n0="%E2%93%9D%53%75%70%68%78" n1="%67%64%61%75%6B%68%62" n2="%63%6F%66%66%65%65%32%35" n3="%6B%75%72%69%70%6F%6E" dan="18,14,14,15" rate="2087.38,1923.49,1897.45,2053.87" sx="M,M,M,M"/><TAIKYOKU oya="0"/><INIT seed="0,0,0,3,5,131" ten="250,250,250,250" oya="0" hai0="37,118,32,130,113,58,6,135,3,31,115,9,82" hai1="66,29,116,80,19,28,14,129,1,122,16,46,21" hai2="44,57,68,24,111,61,96,47,90,73,5,18,35" hai3="70,124,93,88,11,103,97,119,76,91,62,74,120"/><T0/><D58/><U41/><E122/><V52/><F111/><W110/><G120/><T77/><D130/><U4/><E129/><V114/><F114/><W106/><G110/><T123/><D123/><U2/><E66/><V53/><F73/><W127/><G119/><T12/><D37/><U49/><E116/><V87/><F68/><W128/><G128/><T121/><D121/><U108/><E108/><V26/><F5/><W72/><G11/><T13/><D82/><U42/><E42/><V78/><F78/><W15/><G15/><N who="0" m="5707" /><D77/><U30/><E1/><V56/><F24/><W133/><G62/><T95/><D95/><U117/><E2/><V112/><F112/><N who="0" m="43082" /><D3/><U86/><E21/><N who="2" m="13623" /><F35/><W109/><G70/><T101/><D101/><U79/><REACH who="1" step="1"/><E117/><REACH who="1" ten="250,240,250,250" step="2"/><V65/><F65/><W83/><G109/><T22/><D118/><U75/><E75/><V125/><F125/><N who="3" m="48203" /><G72/><T7/><D32/><U51/><E51/><N who="2" m="30783" /><F96/><N who="3" m="61799" /><G91/><T99/><D0/><U107/><E107/><V81/><AGARI ba="0,1" hai="44,47,52,57,61,81,87,90" m="30783,13623" machi="81" ten="30,2000,0" yaku="8,1,54,1" doraHai="131" who="2" fromWho="2" sc="250,-10,240,-5,250,30,250,-5" /><INIT seed="1,0,0,4,0,125" ten="240,235,280,245" oya="1" hai0="91,75,98,40,71,89,87,74,63,0,65,69,41" hai1="66,26,102,67,28,46,96,73,100,109,21,92,114" hai2="117,107,101,43,22,4,64,9,29,78,8,60,15" hai3="57,18,1,123,56,88,135,58,52,133,53,30,23"/><U108/><E73/><V95/><F117/><W131/><G1/><T122/><D0/><U93/><E46/><V38/><F107/><W54/><G30/><T70/><D122/><U14/><E14/><V97/><F78/><W115/><G115/><T121/><D121/><U36/><E36/><V3/><F43/><W44/><G44/><T94/><D41/><U82/><E82/><V24/><F38/><W68/><G68/><T76/><D40/><U35/><E35/><V86/><F86/><W110/><G110/><T6/><D6/><U48/><E48/><V104/><F104/><W33/><G33/><T112/><D112/><U34/><E34/><V124/><F8/><W45/><G45/><T27/><D76/><U130/><E114/><V62/><F62/><W80/><G123/><T16/><D75/><U13/><E13/><V25/><F25/><W126/><G126/><T59/><D74/><U51/><E51/><V31/><F3/><W111/><G111/><N who="1" m="42570" /><E130/><V72/><F72/><W113/><G113/><T39/><D39/><U10/><E10/><V79/><F79/><W32/><G32/><T84/><REACH who="0" step="1"/><D91/><REACH who="0" ten="230,235,280,245" step="2"/><U116/><E116/><V37/><F37/><W77/><G88/><T2/><D2/><U19/><E28/><N who="2" m="17431" /><F124/><W55/><G77/><T12/><D12/><U81/><E81/><V128/><F128/><W127/><G80/><T50/><D50/><U83/><E83/><V11/><F11/><W120/><G131/><T20/><AGARI ba="0,1" hai="16,20,27,59,63,65,69,70,71,84,87,89,94,98" machi="20" ten="40,8000,1" yaku="1,1,0,1,54,1,53,1" doraHai="125" doraHaiUra="85" who="0" fromWho="0" sc="230,90,235,-40,280,-20,245,-20" /><INIT seed="2,0,0,0,3,118" ten="320,195,260,225" oya="2" hai0="127,113,94,44,24,36,131,133,63,70,15,114,46" hai1="110,34,55,87,80,120,128,117,25,19,57,48,99" hai2="81,97,30,130,129,62,123,126,100,14,5,132,21" hai3="116,95,104,16,8,83,50,22,61,28,86,71,134"/><V9/><F81/><W27/><G104/><T79/><D79/><U20/><E117/><V106/><F132/><W76/><G116/><T75/><D24/><U72/><E72/><V42/><F126/><W96/><G134/><T112/><D15/><U12/><E128/><N who="2" m="49259" /><F42/><W47/><G61/><T92/><D131/><U13/><E110/><V93/><F62/><W0/><G71/><T125/><D133/><U60/><E99/><V7/><F7/><W68/><G68/><T90/><D75/><U26/><E34/><V4/><F4/><W78/><G78/><T121/><D63/><U64/><E26/><N who="2" m="16719" /><F106/><W111/><G111/><T108/><D108/><U119/><E119/><V40/><F40/><W35/><G0/><T65/><D70/><U56/><E120/><AGARI ba="0,0" hai="5,9,14,93,97,100,120,123" m="16719,49259" machi="120" ten="30,5800,0" yaku="19,1,52,2" doraHai="118" who="2" fromWho="1" sc="320,0,195,-58,260,58,225,0" /><INIT seed="2,1,0,3,5,11" ten="320,137,318,225" oya="2" hai0="103,80,54,42,128,33,127,4,101,88,47,109,49" hai1="96,52,26,50,21,89,92,85,20,27,34,133,0" hai2="107,132,41,68,2,29,9,22,104,64,70,14,67" hai3="123,112,59,48,44,116,118,125,7,43,113,111,121"/><V10/><F132/><W40/><G7/><T75/><D109/><U84/><E0/><V16/><F41/><W90/><G90/><T76/><D33/><U65/><E65/><V24/><F67/><W124/><G59/><T78/><D128/><U135/><E34/><N who="2" m="20775" /><F9/><W108/><G44/><T28/><D127/><N who="3" m="48713" /><G48/><T32/><D78/><U122/><E122/><N who="3" m="46602" /><G43/><T61/><D4/><U82/><E85/><V117/><F117/><N who="3" m="45163" /><G40/><T62/><D42/><U19/><E21/><V6/><F64/><W81/><G81/><T38/><D80/><U46/><REACH who="1" step="1"/><E27/><REACH who="1" ten="320,127,318,225" step="2"/><V106/><AGARI ba="1,1" hai="2,6,10,14,16,22,68,70,104,106,107" m="20775" machi="106" ten="30,6000,0" yaku="24,1,52,1,54,1" doraHai="11" who="2" fromWho="2" sc="320,-21,127,-21,318,73,225,-21" /><INIT seed="2,2,0,2,2,53" ten="299,106,391,204" oya="2" hai0="99,98,48,66,81,100,74,54,49,126,65,43,122" hai1="127,135,51,64,116,88,91,1,26,25,77,45,31" hai2="119,12,58,20,107,123,46,30,90,11,61,83,131" hai3="120,33,3,109,40,23,50,18,59,134,78,39,63"/><V8/><F119/><W105/><G33/><T37/><D122/><U95/><E116/><V69/><F123/><W101/><G3/><T111/><D37/><U104/><E104/><V0/><F69/><W85/><G120/><T79/><D111/><U84/><E1/><V132/><F107/><W89/><G78/><T16/><D126/><U47/><E127/><V96/><F132/><W21/><G134/><T87/><D74/><U22/><E64/><V82/><F0/><W93/><G109/><T29/><D29/><U34/><E77/><V14/><F46/><W130/><G130/><T108/><D108/><U102/><E102/><V32/><F32/><W94/><G105/><T44/><D16/><U15/><E15/><N who="2" m="5675" /><F131/><W110/><G110/><T57/><REACH who="0" step="1"/><D99/><REACH who="0" ten="289,106,391,204" step="2"/><U67/><E135/><V27/><F8/><W97/><G39/><T80/><D80/><U125/><E125/><V68/><F11/><W124/><G124/><T24/><D24/><U70/><E26/><V55/><F68/><W133/><G133/><T7/><D7/><U112/><E34/><V60/><F60/><W17/><G17/><T52/><D52/><U56/><E70/><V71/><F71/><W76/><G18/><T35/><D35/><U73/><E73/><V41/><F41/><W4/><G4/><T10/><D10/><U38/><E38/><V128/><F128/><W2/><G2/><T19/><D19/><U13/><E13/><V106/><F106/><AGARI ba="2,1" hai="43,44,48,49,54,57,65,66,79,81,87,98,100,106" machi="106" ten="30,7700,0" yaku="1,1,7,1,52,1,53,1" doraHai="53" doraHaiUra="42" who="0" fromWho="2" sc="289,93,106,0,391,-83,204,0" /><INIT seed="3,0,0,4,1,79" ten="382,106,308,204" oya="3" hai0="115,124,17,107,126,80,91,73,125,24,28,32,22" hai1="6,2,68,71,27,85,34,133,46,96,109,59,94" hai2="87,9,37,53,90,50,63,117,18,127,47,42,78" hai3="121,92,129,58,54,130,123,15,5,21,119,122,49"/><W8/><G21/><T114/><D107/><U40/><E133/><V1/><F117/><W44/><G119/><T11/><D11/><U12/><E109/><V86/><F127/><W16/><G5/><T61/><D61/><U89/><E2/><V25/><F63/><W93/><REACH who="3" step="1"/><G44/><REACH who="3" ten="382,106,308,194" step="2"/><T20/><D20/><U0/><E0/><V100/><F1/><W76/><G76/><N who="0" m="44047" /><D91/><U118/><E118/><V99/><F90/><W98/><G98/><T38/><D38/><U23/><E34/><V113/><F113/><N who="0" m="43018" /><D32/><U77/><E6/><V95/><F78/><W132/><G132/><T134/><D134/><U116/><E116/><V33/><F33/><W104/><G104/><T57/><D57/><U72/><E59/><V64/><F64/><W120/><N who="3" m="30720" /><DORA hai="102" /><W103/><G103/><T84/><D84/><U52/><E12/><V29/><F86/><W135/><G135/><T66/><D66/><U43/><E71/><V75/><F87/><W48/><G48/><T30/><AGARI ba="0,1" hai="17,22,24,28,30,124,125,126" m="43018,44047" machi="30" ten="40,5200,0" yaku="18,1,11,1,52,1" doraHai="79,102" who="0" fromWho="0" sc="382,62,106,-13,308,-13,194,-26" /><INIT seed="4,0,0,3,5,8" ten="444,93,295,168" oya="0" hai0="116,31,97,40,128,60,91,32,48,29,93,47,85" hai1="17,28,13,113,81,75,76,52,9,44,4,41,50" hai2="133,123,12,15,65,74,104,62,55,102,121,72,51" hai3="68,7,27,127,2,77,134,1,84,33,58,39,69"/><T125/><D116/><U79/><E28/><V24/><F133/><W5/><G134/><T54/><D125/><U22/><E79/><V109/><F109/><W103/><G127/><T56/><D128/><U0/><REACH who="1" step="1"/><E113/><REACH who="1" ten="444,83,295,168" step="2"/><V120/><F120/><W132/><G132/><T36/><D32/><U25/><E25/><V26/><F123/><W110/><G110/><T70/><D31/><U105/><E105/><V89/><F121/><W45/><G33/><T34/><D29/><U124/><E124/><V64/><F104/><W19/><G27/><T63/><D34/><U100/><E100/><V21/><F102/><W86/><G103/><T46/><D70/><U122/><E122/><V67/><F89/><W115/><G77/><T16/><D97/><U3/><E3/><V135/><F135/><W14/><G115/><T66/><D63/><U10/><E10/><V117/><F62/><W35/><G35/><T57/><D60/><U82/><E82/><V61/><F61/><W18/><G14/><N who="2" m="5161" /><F117/><W78/><G78/><T43/><D91/><U114/><E114/><V112/><F112/><W98/><G69/><T53/><D93/><U37/><E37/><V49/><F21/><W20/><G68/><T71/><D71/><U90/><E90/><V6/><F6/><W87/><G20/><T42/><D36/><U23/><E23/><V119/><F119/><W130/><G39/><T131/><D131/><U99/><E99/><V96/><F96/><W94/><G98/><T106/><D106/><U83/><E83/><V107/><F107/><W73/><G130/><T95/><D95/><RYUUKYOKU ba="0,1" sc="444,-10,83,30,295,-10,168,-10" hai1="0,4,9,13,17,22,41,44,50,52,75,76,81" /><INIT seed="5,1,1,5,1,105" ten="434,113,285,158" oya="1" hai0="124,9,98,134,48,11,33,80,16,68,69,27,129" hai1="20,92,83,51,18,1,67,49,104,5,12,132,58" hai2="55,86,35,125,97,122,75,81,114,2,37,119,64" hai3="117,95,78,22,41,59,54,70,84,94,93,3,128"/><U53/><E104/><V8/><F55/><W47/><G70/><T126/><D129/><U108/><E132/><V44/><F86/><W72/><G3/><T127/><D134/><U65/><E108/><V50/><F50/><W71/><G71/><N who="0" m="27211" /><D98/><U103/><E49/><V133/><F125/><W112/><G128/><T36/><D36/><U101/><E83/><V19/><F122/><W111/><G111/><T31/><D16/><U24/><E1/><V91/><F19/><W46/><G72/><T29/><D29/><U23/><E5/><N who="2" m="1079" /><F91/><W89/><G78/><T21/><D33/><U15/><E15/><V17/><F114/><W30/><G112/><T73/><D48/><U39/><E39/><V45/><F44/><W43/><G47/><T32/><D32/><U85/><E103/><V115/><F17/><W4/><G46/><T113/><D113/><U87/><E87/><V62/><F115/><W79/><G79/><AGARI ba="1,1" hai="9,11,21,27,31,73,79,80,124,126,127" m="27211" machi="79" ten="40,2600,0" yaku="18,1,52,1" doraHai="105" who="0" fromWho="3" sc="434,39,113,0,285,0,158,-29" /><INIT seed="6,0,0,1,4,14" ten="473,113,285,129" oya="2" hai0="58,57,30,61,118,133,50,101,64,23,102,121,84" hai1="67,40,78,126,82,47,129,72,2,117,80,51,70" hai2="46,108,87,59,92,43,68,39,71,29,77,24,132" hai3="113,105,106,42,107,7,125,49,10,8,35,89,19"/><V31/><F132/><W9/><G35/><T32/><D118/><U52/><E117/><V17/><F108/><W98/><G125/><T16/><D121/><U122/><E126/><V27/><F71/><W131/><G131/><T1/><D1/><U63/><E129/><V3/><F3/><W103/><G113/><T56/><D30/><U96/><E2/><V21/><F68/><W85/><G7/><T66/><D32/><U38/><E82/><V124/><F124/><W55/><G42/><T54/><D84/><U83/><E83/><V6/><F6/><W116/><G116/><T91/><D91/><U73/><E96/><V28/><F59/><W36/><G36/><T12/><D133/><U41/><E41/><V79/><REACH who="2" step="1"/><F27/><REACH who="2" ten="473,113,275,129" step="2"/><W18/><G106/><T90/><D66/><U94/><E122/><V76/><F76/><W11/><N who="3" m="2048" /><DORA hai="75" /><W4/><G107/><T127/><D127/><U13/><E13/><V110/><F110/><W123/><G4/><T119/><D119/><U37/><E37/><V34/><F34/><W48/><G123/><T128/><D128/><U115/><E115/><V74/><F74/><W26/><G26/><T88/><D58/><U104/><E72/><V109/><F109/><W97/><G105/><T81/><D64/><U5/><E5/><V0/><F0/><W65/><G65/><T112/><D112/><U95/><REACH who="1" step="1"/><E104/><REACH who="1" ten="473,103,275,129" step="2"/><V15/><F15/><W99/><G103/><T111/><D111/><U130/><E130/><V53/><F53/><W20/><G55/><N who="0" m="31863" /><D102/><U135/><E135/><V134/><F134/><W114/><G114/><RYUUKYOKU ba="0,2" sc="473,-15,103,15,275,15,129,-15" hai1="38,40,47,51,52,63,67,70,73,78,80,94,95" hai2="17,21,24,28,29,31,39,43,46,77,79,87,92" /><INIT seed="6,1,2,0,0,7" ten="458,118,290,114" oya="2" hai0="75,11,80,36,96,5,30,58,70,54,1,95,2" hai1="118,33,109,101,19,112,97,66,51,67,84,62,117" hai2="120,108,83,126,26,13,65,37,79,20,34,116,125" hai3="3,99,81,93,69,77,0,10,25,50,27,119,132"/><V113/><F116/><W135/><G69/><T6/><D30/><U15/><E33/><V127/><F37/><W94/><G119/><T64/><D64/><U121/><E109/><V8/><F120/><W40/><G3/><T76/><D70/><U49/><E121/><V104/><F104/><W42/><G42/><T106/><D106/><U86/><E112/><V18/><F113/><W14/><G0/><T52/><D36/><U92/><E118/><V105/><F105/><W133/><G50/><T9/><D58/><U88/><E84/><V74/><F34/><W24/><G40/><T39/><D39/><U102/><E102/><AGARI ba="1,2" hai="1,2,5,6,9,11,52,54,75,76,80,95,96,102" machi="102" ten="30,8000,1" yaku="7,1,9,1,52,2,54,1" doraHai="7" who="0" fromWho="1" sc="458,103,118,-83,290,0,114,0" /><INIT seed="7,0,0,0,0,67" ten="561,35,290,114" oya="3" hai0="131,50,69,11,56,0,63,5,127,115,78,101,54" hai1="40,57,120,62,68,42,79,116,2,65,14,74,75" hai2="123,91,20,47,114,51,71,34,102,33,60,89,66" hai3="128,126,25,124,29,13,122,73,117,94,55,27,7"/><W135/><G73/><T87/><D115/><U93/><E2/><V130/><F114/><W9/><G122/><T85/><D127/><N who="3" m="48681" /><G117/><T35/><D131/><U92/><E120/><V72/><F72/><W12/><G55/><T22/><D35/><U17/><E74/><V48/><F130/><W103/><G128/><T132/><D132/><U118/><E75/><V70/><F102/><W19/><G135/><T45/><D78/><U30/><E30/><V133/><F133/><W32/><G94/><T41/><D101/><U1/><E1/><V3/><F3/><W82/><G82/><T46/><D22/><U64/><E79/><V109/><F109/><W106/><G106/><T8/><D8/><U58/><E14/><V134/><F134/><W129/><G129/><T97/><D97/><U83/><E83/><V80/><F80/><W98/><G98/><T119/><D119/><U77/><E77/><V24/><F123/><W107/><G107/><T110/><D110/><U95/><E17/><V49/><F47/><W16/><G103/><T43/><D87/><U96/><E96/><V105/><F105/><W28/><G13/><T36/><D85/><U76/><E76/><V108/><F108/><W15/><G15/><T59/><D43/><U21/><E92/><V39/><F91/><W104/><G104/><T18/><D18/><U86/><E86/><V90/><F89/><W31/><G31/><T61/><D61/><U112/><E62/><V52/><F90/><W125/><N who="3" m="48689" /><W23/><AGARI ba="0,0" hai="7,9,12,16,19,23,25,27,28,29,32" m="48689" machi="23" ten="40,12000,1" yaku="4,1,18,1,34,2,54,1" doraHai="67" who="3" fromWho="3" sc="561,-40,35,-40,290,-40,114,120" owari="521,63.0,-5,-51.0,250,5.0,234,-17.0" /></mjloggm>