<mjloggm ver="2.3"><GO type="41" lobby="0"/><UN n0="%E2%93%9D%53%75%70%68%78" n1="%4D%6F%6E%69" n2="%E3%81%A1%E3%82%83%E3%82%93%E3%81%86%E3%82%81" n3="%E3%81%AA%E3%81%8A%E3%81%A6%E3%81%BE%E3%82%8B" dan="18,13,15,13" rate="2117.90,1883.97,2000.78,1837.38" sx="M,M,M,M"/><TAIKYOKU oya="0"/><INIT seed="0,0,0,0,2,124" ten="250,250,250,250" oya="0" hai0="56,91,28,108,12,7,30,92,134,125,31,109,57" hai1="0,49,79,41,64,83,42,16,55,11,120,39,115" hai2="24,10,114,46,35,80,84,61,26,51,90,52,5" hai3="47,27,58,15,22,110,23,69,98,121,89,65,53"/><T44/><D125/><U76/><E120/><V20/><F114/><W50/><G121/><T33/><D33/><U112/><E64/><V99/><F35/><W9/><G110/><N who="0" m="42603" /><D134/><U6/><E39/><V68/><F99/><W105/><G105/><T117/><D117/><U133/><E133/><V111/><F111/><W59/><G23/><T78/><D78/><U130/><E79/><V48/><F68/><W29/><G69/><T3/><D3/><U74/><E16/><V127/><F127/><W75/><G75/><T17/><D44/><U128/><E41/><V116/><F116/><W62/><G59/><T45/><D7/><U103/><E42/><V21/><F61/><W118/><G118/><T122/><D45/><N who="1" m="28079" /><E103/><V1/><REACH who="2" step="1"/><F51/><REACH who="2" ten="250,250,240,250" step="2"/><W40/><G98/><N who="0" m="57631" /><D122/><U104/><E104/><V132/><F132/><W129/><G50/><T14/><D14/><U32/><E32/><V60/><F60/><W70/><G53/><T73/><D73/><U81/><E81/><V63/><F63/><W34/><G70/><T67/><D67/><U85/><E74/><V107/><F107/><W102/><G62/><T18/><D12/><U86/><E86/><V93/><F93/><W95/><G15/><T94/><D94/><U119/><E119/><V37/><F37/><W131/><G95/><T88/><D57/><U101/><E101/><V106/><F106/><W4/><G102/><T100/><D100/><U82/><E82/><V87/><F87/><W71/><G71/><T36/><D36/><U77/><E77/><V72/><F72/><W13/><G13/><T54/><D88/><RYUUKYOKU ba="0,1" sc="250,10,250,10,240,10,250,-30" hai0="17,18,28,30,31,54,56" hai1="0,6,11,76,83,85,112,115,128,130" hai2="1,5,10,20,21,24,26,46,48,52,80,84,90" /><INIT seed="0,1,1,2,0,15" ten="260,260,250,220" oya="0" hai0="30,54,106,16,55,68,69,21,36,72,1,51,12" hai1="5,122,75,2,78,39,63,24,61,97,50,88,100" hai2="115,108,79,73,117,20,52,34,119,6,58,134,91" hai3="59,71,99,48,4,98,37,26,109,66,96,129,62"/><T77/><D36/><U38/><E122/><V112/><F34/><W90/><G37/><T95/><D106/><U29/><E5/><V23/><F108/><W107/><G107/><T125/><D1/><U120/><E2/><V94/><F134/><W114/><G114/><T116/><D116/><N who="2" m="44618" /><F6/><W43/><G129/><T9/><D125/><U8/><E8/><V65/><F65/><W118/><G118/><T101/><D55/><U27/><E120/><V135/><F135/><W46/><G109/><T53/><D53/><U121/><E121/><V31/><F79/><W74/><G74/><T82/><D101/><U127/><E127/><V25/><F20/><W105/><G105/><T131/><D95/><U83/><E50/><N who="2" m="30999" /><F73/><W93/><G4/><T14/><D131/><U103/><E39/><V126/><F126/><W102/><G71/><T70/><D30/><U35/><E38/><V104/><F104/><W123/><G123/><T124/><D124/><U110/><E110/><V60/><F60/><W28/><REACH who="3" step="1"/><G102/><REACH who="3" ten="260,260,250,210" step="2"/><T41/><D70/><U11/><E103/><V56/><F56/><W64/><G64/><T19/><D41/><U85/><E100/><V22/><F22/><AGARI ba="1,2" hai="22,26,28,43,46,48,59,62,66,90,93,96,98,99" machi="22" ten="30,7700,0" yaku="1,1,7,1,8,1,53,1" doraHai="15" doraHaiUra="87" who="3" fromWho="2" sc="260,0,260,0,250,-80,210,100" /><INIT seed="1,0,0,5,0,126" ten="260,260,170,310" oya="1" hai0="66,8,30,119,111,3,90,115,62,61,129,105,20" hai1="48,41,127,74,40,17,124,16,77,21,22,114,133" hai2="45,120,10,118,42,27,109,84,11,117,96,37,106" hai3="71,13,89,121,113,94,49,107,79,54,23,101,57"/><U55/><E114/><V72/><F120/><W44/><G71/><T102/><D111/><U34/><E34/><V35/><F84/><W85/><G113/><T73/><D73/><U83/><E133/><V68/><F109/><W28/><G121/><T108/><D119/><U51/><E51/><V25/><F72/><W95/><G107/><T14/><D3/><U69/><E69/><V65/><F10/><W81/><G101/><T87/><D102/><U110/><E110/><V99/><F11/><W7/><G28/><T38/><D38/><U125/><E21/><V88/><F99/><W39/><G39/><T80/><D105/><U67/><E67/><V47/><F47/><W26/><G7/><T82/><D115/><U97/><E97/><V50/><F50/><W134/><G134/><T123/><D108/><U19/><REACH who="1" step="1"/><E22/><REACH who="1" ten="260,250,170,310" step="2"/><V32/><F32/><W52/><G26/><T0/><D20/><U5/><E5/><V12/><F27/><W64/><G64/><T122/><D66/><U60/><E60/><N who="2" m="39975" /><F25/><W56/><G23/><T46/><D62/><U31/><E31/><V4/><F35/><W92/><G13/><T93/><D61/><U112/><E112/><V76/><F118/><W6/><G6/><T132/><D30/><U98/><E98/><V75/><F117/><W104/><G56/><AGARI ba="0,1" hai="16,17,19,40,41,48,55,56,74,77,83,124,125,127" machi="56" ten="50,12000,1" yaku="1,1,18,1,54,1,53,2" doraHai="126" doraHaiUra="36" who="1" fromWho="3" sc="260,0,250,130,170,0,310,-120" /><INIT seed="1,1,0,3,1,83" ten="260,380,170,190" oya="1" hai0="48,53,127,129,21,81,97,9,111,33,20,0,59" hai1="3,122,78,121,7,19,69,123,12,77,80,34,60" hai2="124,96,39,128,57,45,65,126,46,63,119,11,67" hai3="71,134,125,35,55,15,51,87,109,56,75,117,82"/><U131/><E34/><V1/><F96/><W14/><G71/><T74/><D33/><U43/><E43/><N who="2" m="22783" /><F11/><W110/><G35/><T95/><D129/><U61/><E131/><V102/><F102/><W73/><G75/><T28/><D127/><N who="2" m="48682" /><F1/><W118/><G125/><T8/><D111/><N who="3" m="42505" /><G73/><T113/><D113/><U93/><E69/><V42/><F128/><W114/><G114/><T44/><D0/><U18/><E93/><V27/><F27/><W31/><G31/><T103/><D28/><U130/><E130/><V24/><F24/><W91/><G134/><T68/><D68/><U17/><E3/><V30/><F30/><W29/><G29/><T72/><D72/><U52/><E77/><V85/><F85/><W79/><G79/><T6/><D74/><U132/><E132/><V26/><F26/><W88/><G91/><T40/><D6/><U112/><E112/><V101/><F101/><W16/><G16/><T90/><D103/><U23/><E7/><V36/><F119/><AGARI ba="1,0" hai="14,15,51,55,56,82,87,88,117,118,119" m="42505" machi="119" ten="30,7700,0" yaku="12,1,14,1,52,1,54,1" doraHai="83" who="3" fromWho="2" sc="260,0,380,0,170,-80,190,80" /><INIT seed="2,0,0,4,4,15" ten="260,380,90,270" oya="2" hai0="12,101,44,58,70,125,47,126,119,55,16,71,88" hai1="99,59,39,31,34,81,116,56,111,43,68,130,35" hai2="134,132,0,103,78,105,98,114,53,73,3,82,91" hai3="25,61,20,85,112,97,57,18,104,14,32,6,45"/><V133/><F53/><W123/><G123/><T95/><D101/><U84/><E68/><N who="0" m="26153" /><D119/><U74/><E74/><V33/><F114/><W92/><G104/><T131/><D131/><U121/><E116/><V94/><REACH who="2" step="1"/><F33/><REACH who="2" ten="260,380,80,270" step="2"/><W8/><G112/><T89/><D126/><U37/><E35/><V83/><F83/><W9/><G32/><T1/><D125/><U26/><E130/><V67/><F67/><W87/><G45/><T76/><D47/><U54/><E121/><V38/><F38/><W23/><G23/><T113/><D44/><U77/><E111/><V24/><F24/><W28/><G9/><T60/><D113/><U122/><E122/><V46/><F46/><W7/><G7/><T42/><D55/><U75/><E39/><V93/><F93/><W36/><G6/><T90/><D95/><U10/><E37/><V29/><F29/><W2/><G36/><T63/><D42/><U17/><E43/><V21/><F21/><W110/><G110/><T5/><D5/><U50/><E10/><V108/><F108/><W109/><G109/><T107/><D107/><U117/><E117/><V72/><F72/><W102/><REACH who="3" step="1"/><G2/><REACH who="3" ten="260,380,80,260" step="2"/><T4/><D4/><U27/><E34/><V22/><F22/><W51/><G51/><T69/><D1/><U52/><E50/><V49/><F49/><W96/><G96/><AGARI ba="0,2" hai="0,3,73,78,82,91,94,96,98,103,105,132,133,134" machi="96" ten="40,3900,0" yaku="1,1,20,1,53,0" doraHai="15" doraHaiUra="115" who="2" fromWho="3" sc="260,0,380,0,80,59,260,-39" /><INIT seed="2,1,0,3,2,133" ten="260,380,139,221" oya="2" hai0="43,94,127,39,45,72,11,46,77,21,111,122,106" hai1="112,96,80,49,64,82,87,35,62,66,73,34,12" hai2="67,110,8,99,38,31,119,4,86,50,83,20,16" hai3="74,25,24,84,88,26,51,125,114,105,92,78,76"/><V7/><F119/><W42/><G105/><T52/><D106/><U129/><E129/><V13/><F38/><W101/><G114/><T55/><D122/><U17/><E112/><V109/><F67/><W123/><G123/><T128/><D111/><N who="2" m="42506" /><F99/><W71/><G71/><T56/><D21/><U44/><E73/><V32/><F32/><W5/><G5/><T2/><D46/><U118/><E96/><V33/><F33/><W131/><G131/><T10/><D55/><U98/><E98/><V6/><F50/><W108/><G108/><T65/><D65/><U91/><E64/><V89/><F31/><W61/><G74/><T19/><D72/><U70/><E118/><V81/><F81/><W47/><G61/><T60/><D60/><U132/><E132/><V1/><AGARI ba="1,0" hai="1,4,6,7,8,13,16,20,83,86,89" m="42506" machi="1" ten="30,6000,0" yaku="14,1,10,1,54,1" doraHai="133" who="2" fromWho="2" sc="260,-21,380,-21,139,63,221,-21" /><INIT seed="2,2,0,5,1,82" ten="239,359,202,200" oya="2" hai0="128,70,1,114,20,14,25,24,38,19,53,132,134" hai1="10,68,65,85,104,40,32,129,71,90,43,100,16" hai2="59,47,98,35,95,108,86,39,49,110,66,41,6" hai3="63,8,64,88,123,83,96,30,135,50,125,101,13"/><V122/><F122/><W27/><G123/><T17/><D70/><U45/><E32/><V124/><F35/><W103/><G135/><N who="0" m="51755" /><D53/><U44/><E129/><V51/><F6/><W97/><G125/><T52/><D52/><U109/><E109/><N who="2" m="42091" /><F124/><W2/><G2/><T4/><D38/><U119/><E119/><V116/><F116/><W126/><G126/><T18/><D114/><U21/><E10/><V93/><F93/><W118/><G118/><T80/><D80/><U115/><E115/><V106/><F106/><W102/><G50/><T111/><D111/><U78/><E78/><V112/><F112/><W37/><G37/><T55/><D55/><U99/><E65/><V7/><F7/><W5/><G63/><T54/><D54/><U120/><E120/><V36/><F36/><W0/><G0/><T33/><D128/><U57/><E57/><V3/><F3/><W91/><G64/><T61/><D61/><U26/><E44/><V92/><F92/><W29/><G27/><N who="0" m="10315" /><D33/><U113/><E113/><V72/><F72/><W75/><G75/><T23/><D1/><U62/><E62/><N who="2" m="38239" /><F86/><N who="3" m="50271" /><G91/><AGARI ba="2,0" hai="39,41,47,49,51,91,95,98" m="38239,42091" machi="91" ten="30,2900,0" yaku="14,1,10,1" doraHai="82" who="2" fromWho="3" sc="239,0,359,0,202,35,200,-35" /><INIT seed="2,3,0,2,5,33" ten="239,359,237,165" oya="2" hai0="95,81,67,107,31,112,44,23,106,122,133,64,118" hai1="1,74,3,111,41,2,15,117,55,29,121,125,51" hai2="8,50,38,60,129,78,20,84,52,83,69,47,94" hai3="11,24,58,82,63,59,100,134,49,92,116,97,130"/><V39/><F129/><W128/><G116/><T27/><D112/><U9/><E74/><V79/><F79/><W89/><G134/><T119/><D122/><U86/><E117/><N who="0" m="44553" /><D133/><U56/><E111/><V25/><F8/><W34/><G34/><T126/><D126/><U65/><E121/><V96/><F60/><W70/><G70/><T98/><D81/><U40/><E125/><V109/><F69/><W88/><G49/><T75/><D44/><U37/><E29/><V48/><F48/><W19/><G59/><T18/><D31/><U127/><E127/><V4/><F4/><W22/><G11/><T105/><D75/><U72/><E72/><V16/><REACH who="2" step="1"/><F109/><REACH who="2" ten="239,359,227,165" step="2"/><W28/><G130/><T30/><D30/><U113/><E113/><V32/><F32/><W26/><G128/><T10/><D10/><U42/><E37/><V0/><F0/><W101/><G82/><T103/><AGARI ba="3,1" hai="18,23,27,64,67,95,98,103,105,106,107" m="44553" machi="103" ten="40,1500,0" yaku="12,1" doraHai="33" who="0" fromWho="0" sc="239,34,359,-7,227,-10,165,-7" /><INIT seed="3,0,0,3,4,75" ten="273,352,217,158" oya="3" hai0="39,83,3,45,35,18,111,117,116,15,57,69,41" hai1="108,112,128,14,92,60,120,129,79,24,121,49,42" hai2="31,107,46,87,98,10,40,82,77,95,38,81,70" hai3="23,64,13,54,97,1,113,43,61,63,105,132,94"/><W74/><G132/><T27/><D69/><U12/><E112/><V125/><F125/><W68/><G105/><T114/><D3/><U51/><E108/><V134/><F134/><W73/><G113/><T90/><D114/><U84/><E24/><V58/><F70/><W62/><G1/><T56/><D111/><U29/><E29/><V9/><F31/><W99/><G43/><T11/><D35/><U25/><E25/><V71/><F71/><W4/><G4/><T50/><D39/><U21/><E60/><V76/><F58/><W123/><G123/><T28/><D117/><U101/><E101/><V104/><F104/><W109/><G109/><T131/><D131/><N who="1" m="50251" /><E92/><V0/><F0/><W126/><G126/><T48/><D48/><N who="1" m="18507" /><E42/><V52/><F107/><W53/><G99/><T67/><D116/><U20/><E79/><V106/><F106/><W16/><G73/><T47/><D47/><U66/><E84/><V124/><F124/><W110/><G110/><T36/><D36/><U103/><E66/><V91/><REACH who="2" step="1"/><F52/><REACH who="2" ten="273,352,207,158" step="2"/><N who="3" m="20075" /><G74/><AGARI ba="0,1" hai="9,10,38,40,46,74,76,77,81,82,87,91,95,98" machi="74" ten="30,7700,0" yaku="1,1,7,1,52,2,53,0" doraHai="75" doraHaiUra="44" who="2" fromWho="3" sc="273,0,352,0,207,87,158,-77" /><INIT seed="4,0,0,1,3,6" ten="273,352,294,81" oya="0" hai0="74,116,108,129,56,20,88,114,27,13,62,111,96" hai1="45,26,40,126,33,122,69,22,73,66,29,75,57" hai2="125,16,59,68,53,30,87,60,86,47,38,102,83" hai3="124,80,70,131,12,18,32,15,28,90,128,23,81"/><T39/><D116/><U109/><E109/><N who="0" m="42057" /><D74/><U93/><E122/><V119/><F125/><W21/><G70/><T118/><D39/><U50/><E69/><V43/><F119/><W117/><G117/><T2/><D2/><U25/><E93/><V1/><F1/><W9/><G124/><T58/><D118/><U98/><E98/><V5/><F30/><W36/><G36/><T95/><D129/><U7/><E7/><V17/><F5/><W10/><G32/><T92/><D114/><U48/><E126/><V63/><F102/><W0/><G0/><T71/><D13/><U115/><E115/><V127/><F127/><W133/><G133/><T79/><D79/><U8/><E75/><V3/><F3/><W78/><G90/><T54/><D95/><U76/><E76/><V106/><F106/><W84/><G80/><T31/><D54/><U65/><E73/><V135/><F135/><W77/><G78/><T101/><D101/><U97/><E97/><V72/><F72/><W41/><G41/><T89/><D89/><U11/><E65/><AGARI ba="0,0" hai="20,27,31,56,58,62,65,71,88,92,96" m="42057" machi="65" ten="30,2900,0" yaku="10,1,54,1" doraHai="6" who="0" fromWho="1" sc="273,29,352,-29,294,0,81,0" /><INIT seed="4,1,0,0,0,119" ten="302,323,294,81" oya="0" hai0="134,59,42,108,69,95,86,127,0,103,66,133,104" hai1="63,50,118,51,43,29,111,26,112,100,60,80,62" hai2="34,114,65,113,20,23,39,7,4,98,96,19,18" hai3="30,10,24,99,12,76,107,79,25,129,5,109,101"/><T78/><D0/><U49/><E118/><V77/><F39/><W122/><G109/><T56/><D104/><U83/><E111/><V125/><F77/><W22/><G122/><T54/><D108/><U71/><E100/><V52/><F65/><W85/><G85/><T44/><D103/><U48/><E112/><N who="2" m="43115" /><F52/><W120/><G120/><T53/><D95/><U9/><E9/><V17/><F34/><W110/><G110/><T131/><D86/><U68/><E43/><V115/><F115/><W13/><G129/><T72/><D78/><U97/><E51/><V16/><F125/><W21/><REACH who="3" step="1"/><G13/><REACH who="3" ten="302,323,294,71" step="2"/><T81/><D131/><U117/><E97/><N who="2" m="37483" /><F23/><W128/><G128/><T45/><D127/><U121/><E121/><V105/><F105/><W130/><G130/><T1/><D1/><U28/><E117/><V8/><F8/><W124/><G124/><T84/><D84/><U116/><E116/><V89/><F89/><W132/><G132/><T2/><D2/><U14/><E14/><AGARI ba="1,1" hai="4,7,14,16,17,18,19,20" m="37483,43115" machi="14" ten="30,2000,0" yaku="15,1,54,1" doraHai="119" who="2" fromWho="1" sc="302,0,323,-23,294,33,71,0" /><INIT seed="5,0,0,5,3,20" ten="302,300,327,71" oya="1" hai0="62,54,59,68,131,48,97,67,113,80,85,108,53" hai1="132,105,9,32,38,24,102,51,125,79,7,111,10" hai2="35,69,56,116,100,12,27,60,22,82,57,78,135" hai3="115,30,70,88,3,31,90,83,5,134,11,127,122"/><U23/><E125/><V58/><F116/><W77/><G70/><T75/><D108/><U107/><E38/><V89/><F100/><W45/><G122/><T21/><D75/><U99/><E32/><V130/><F130/><W34/><G127/><T87/><D113/><U71/><E71/><V25/><F135/><W103/><G134/><T47/><D131/><U39/><E39/><V112/><F112/><W28/><G115/><T126/><D126/><U109/><E79/><V91/><F35/><W13/><G3/><T37/><D97/><U61/><E61/><V4/><F69/><W52/><G34/><T26/><D80/><U66/><E66/><BYE who="1" /><V55/><F58/><UN n1="%4D%6F%6E%69" /><W93/><G103/><T36/><D36/><U8/><E51/><V44/><F44/><W46/><G46/><T114/><D114/><U94/><E7/><V64/><F12/><W72/><REACH who="3" step="1"/><G93/><REACH who="3" ten="302,300,327,61" step="2"/><T81/><D68/><U120/><E120/><V0/><F0/><W86/><G86/><T65/><D87/><U19/><E132/><V6/><F57/><W98/><G98/><T95/><D95/><U73/><E73/><V14/><F56/><W41/><G41/><T49/><D62/><U104/><AGARI ba="0,1" hai="8,9,10,19,23,24,94,99,102,104,105,107,109,111" machi="104" ten="40,3900,0" yaku="0,1,52,1" doraHai="20" who="1" fromWho="1" sc="302,-13,300,49,327,-13,61,-13" /><INIT seed="5,1,0,3,2,64" ten="289,349,314,48" oya="1" hai0="69,92,117,2,3,118,109,87,16,6,108,43,59" hai1="17,14,30,66,60,123,23,65,62,111,70,76,72" hai2="131,68,96,90,128,83,22,39,7,27,49,75,95" hai3="77,106,63,113,110,132,84,40,12,81,97,8,5"/><U88/><E123/><V36/><F7/><W114/><G110/><T53/><D43/><U130/><E130/><N who="2" m="49707" /><F49/><W80/><G132/><T9/><D87/><U104/><E104/><V47/><F47/><W4/><G40/><T122/><D92/><U101/><E101/><V56/><F56/><W121/><G121/><T25/><D59/><U127/><E127/><V112/><F112/><W24/><G24/><T71/><D53/><U31/><E111/><N who="0" m="42569" /><D122/><U120/><E120/><V73/><F68/><N who="0" m="26186" /><D25/><U21/><E76/><N who="2" m="44431" /><F75/><W28/><G28/><AGARI ba="1,0" hai="22,27,28,36,39,90,95,96" m="44431,49707" machi="28" ten="30,1000,0" yaku="19,1" doraHai="64" who="2" fromWho="3" sc="289,0,349,0,314,13,48,-13" /><INIT seed="6,0,0,5,4,85" ten="289,349,327,35" oya="2" hai0="17,73,134,47,91,90,87,120,26,41,84,37,40" hai1="58,97,101,60,21,108,13,105,75,98,45,94,43" hai2="39,2,8,25,48,103,130,31,112,23,92,100,36" hai3="133,132,71,32,129,24,59,116,121,51,110,115,68"/><V118/><F118/><W93/><G116/><T124/><D73/><U67/><E75/><V107/><F112/><W0/><G0/><T88/><D120/><U122/><E108/><V15/><F2/><W81/><G121/><T56/><D124/><U1/><E1/><V53/><F107/><W96/><G110/><T78/><D134/><U3/><E3/><V65/><F65/><W11/><G11/><T113/><D113/><U70/><E122/><V72/><F130/><W20/><G32/><T119/><D119/><U19/><E70/><V82/><F82/><W7/><G7/><T12/><D26/><U38/><REACH who="1" step="1"/><E98/><REACH who="1" ten="289,339,327,35" step="2"/><V44/><F72/><W52/><G129/><T35/><D35/><U89/><E89/><V80/><F103/><W57/><G115/><T125/><D125/><U22/><E22/><V18/><REACH who="2" step="1"/><F80/><REACH who="2" ten="289,339,317,35" step="2"/><W77/><G71/><T62/><D78/><U76/><E76/><V5/><F5/><W14/><G68/><T28/><D87/><U128/><E128/><V83/><F83/><W126/><G81/><T9/><D84/><U55/><E55/><V30/><F30/><W135/><G126/><T131/><D131/><U6/><E6/><V29/><F29/><W10/><G77/><T117/><D117/><U54/><E54/><V99/><AGARI ba="0,2" hai="8,15,18,23,25,31,36,39,44,48,53,92,99,100" machi="99" ten="30,3000,0" yaku="1,1,0,1,53,0" doraHai="85" doraHaiUra="74" who="2" fromWho="2" sc="289,-10,339,-10,317,50,35,-10" /><INIT seed="6,1,0,3,1,26" ten="279,329,367,25" oya="2" hai0="60,113,42,46,47,16,34,18,23,119,73,29,132" hai1="50,27,75,33,56,121,15,13,7,28,125,76,130" hai2="48,120,94,2,53,103,38,22,96,110,78,88,99" hai3="9,66,116,128,89,63,43,36,131,55,135,83,111"/><V62/><F120/><W70/><G116/><T129/><D73/><U101/><E121/><V105/><F38/><W41/><G36/><T93/><D119/><U30/><E125/><V82/><F2/><W115/><G111/><T123/><D123/><U24/><E130/><N who="3" m="49706" /><G83/><T8/><D34/><U1/><E101/><V3/><F3/><W122/><G89/><T92/><D113/><U98/><E98/><V90/><F22/><W85/><G85/><T67/><D132/><U106/><E106/><V84/><F110/><W71/><G122/><T4/><D129/><U95/><E95/><N who="0" m="36425" /><D4/><U112/><E112/><V108/><F108/><W64/><G9/><T14/><D42/><N who="3" m="15881" /><G115/><T52/><D67/><N who="3" m="25641" /><G135/><T102/><D102/><U118/><E118/><V6/><F6/><W68/><G55/><T32/><D32/><U65/><E76/><V61/><F78/><W124/><G124/><T133/><D133/><U69/><E75/><V97/><REACH who="2" step="1"/><F97/><REACH who="2" ten="279,329,357,25" step="2"/><W72/><G72/><T86/><D86/><U40/><E7/><V5/><F5/><W58/><G58/><AGARI ba="1,1" hai="48,53,58,61,62,82,84,88,90,94,96,99,103,105" machi="58" ten="30,5800,0" yaku="1,1,7,1,54,1,53,0" doraHai="26" doraHaiUra="25" who="2" fromWho="3" sc="279,0,329,0,357,71,25,-61" owari="279,-12.0,329,13.0,428,53.0,-36,-54.0" /></mjloggm>