<mjloggm ver="2.3"><GO type="41" lobby="0"/><UN n0="%4A%4F%4A%4F%31%39%38%35" n1="%E3%81%AD%E3%83%BC%E3%81%BD%E3%82%93" n2="%E7%B4%8D%E8%B1%86%E5%B7%BB%E3%81%8D" n3="%E2%93%9D%53%75%70%68%78" dan="15,14,14,18" rate="1978.29,1951.45,1941.26,2098.74" sx="M,M,M,M"/><TAIKYOKU oya="0"/><INIT seed="0,0,0,3,1,116" ten="250,250,250,250" oya="0" hai0="127,31,49,121,70,1,79,120,55,50,80,100,132" hai1="115,118,11,38,41,135,91,65,21,97,77,125,9" hai2="106,73,26,27,53,98,76,67,4,131,36,33,87" hai3="109,5,110,57,20,111,71,66,64,104,117,78,2"/><T22/><D1/><U134/><E118/><V45/><F73/><W101/><G117/><T124/><D70/><U72/><E125/><N who="0" m="48201" /><D132/><N who="1" m="50731" /><E115/><V48/><F131/><W0/><G78/><T112/><D112/><U81/><E65/><V37/><F4/><W105/><G20/><T44/><D100/><U15/><E21/><V43/><F67/><N who="3" m="25643" /><G101/><T107/><D107/><N who="3" m="41033" /><G57/><N who="0" m="33007" /><D31/><U25/><E25/><V119/><F119/><W23/><G23/><T39/><D39/><U103/><E91/><V19/><F33/><W61/><G61/><T84/><D22/><U68/><E68/><V94/><F106/><W30/><G71/><T126/><N who="0" m="48209" /><T13/><DORA hai="14" /><D13/><U99/><E103/><V102/><F43/><AGARI ba="0,0" hai="43,44,50,79,80,84,120,121" m="33007,48209" machi="43" ten="40,7700,0" yaku="18,1,52,2" doraHai="116,14" who="0" fromWho="2" sc="250,77,250,0,250,-77,250,0" /><INIT seed="0,1,0,0,1,81" ten="327,250,173,250" oya="0" hai0="45,13,115,70,18,69,41,123,92,40,72,8,38" hai1="6,28,52,131,43,85,54,74,82,125,73,84,133" hai2="49,127,55,120,9,46,26,111,97,119,35,91,23" hai3="2,36,78,134,56,61,77,83,51,4,126,42,22"/><T63/><D115/><U12/><E125/><V118/><F120/><W130/><G134/><T11/><D123/><U86/><E133/><V15/><F35/><W90/><G36/><T71/><D72/><U33/><E131/><V100/><F127/><W21/><G2/><T50/><D63/><U44/><E33/><V31/><F111/><W75/><G4/><T109/><D109/><U128/><E28/><V14/><F15/><W116/><G116/><T64/><D92/><U67/><E67/><V16/><REACH who="2" step="1"/><F91/><REACH who="2" ten="327,250,163,250" step="2"/><W112/><G90/><T101/><D101/><U29/><E128/><V105/><AGARI ba="1,1" hai="9,14,16,23,26,31,46,49,55,97,100,105,118,119" machi="105" ten="30,7900,0" yaku="1,1,2,1,0,1,54,1,53,0" doraHai="81" doraHaiUra="34" who="2" fromWho="2" sc="327,-40,250,-21,163,92,250,-21" /><INIT seed="1,0,0,5,1,55" ten="287,229,255,229" oya="1" hai0="112,10,79,22,0,35,133,130,12,118,30,44,127" hai1="93,72,47,46,91,87,124,3,70,103,31,98,111" hai2="61,81,40,21,128,121,20,60,122,71,11,13,38" hai3="134,83,59,77,36,41,86,63,26,54,75,58,96"/><U57/><E70/><V37/><F128/><W74/><G134/><T28/><D79/><U107/><E3/><V113/><F71/><W69/><G69/><T110/><D44/><U8/><E124/><V109/><F113/><W123/><G123/><T108/><D112/><U125/><E125/><V104/><F104/><W43/><G96/><T105/><D105/><U27/><E111/><N who="0" m="42537" /><D127/><U18/><E72/><V16/><F109/><W32/><G36/><T25/><D118/><U100/><E100/><V48/><F81/><W126/><G126/><T19/><D130/><U64/><E18/><V52/><F121/><W76/><G76/><T29/><D133/><U1/><E8/><V115/><F115/><W99/><G75/><T90/><D90/><U66/><E1/><V9/><F122/><W5/><G74/><T82/><D82/><U33/><REACH who="1" step="1"/><E66/><REACH who="1" ten="287,219,255,229" step="2"/><V50/><F9/><W14/><G5/><AGARI ba="0,1" hai="0,5,10,12,19,22,25,28,29,30,35" m="42537" machi="5" ten="30,7700,0" yaku="24,1,14,1,34,2" doraHai="55" who="0" fromWho="3" sc="287,87,219,0,255,0,229,-77" /><INIT seed="2,0,0,2,5,66" ten="374,219,255,152" oya="2" hai0="0,130,41,95,33,5,40,47,4,49,21,18,35" hai1="15,72,99,65,20,26,38,53,123,129,128,97,91" hai2="57,102,98,104,50,25,9,127,118,6,52,77,43" hai3="81,83,14,10,105,64,42,133,121,16,48,126,108"/><V67/><F118/><W116/><G116/><T119/><D119/><U89/><E38/><V75/><F127/><W111/><G105/><T132/><D132/><U84/><E72/><V8/><F43/><W96/><G121/><T58/><D130/><N who="1" m="50283" /><E123/><V51/><F67/><W11/><G96/><N who="1" m="36938" /><E15/><V125/><F125/><W70/><G133/><T3/><D3/><U19/><E65/><V86/><F75/><W113/><G113/><T103/><D0/><U69/><E69/><V29/><F86/><W101/><G101/><T32/><D103/><U60/><E84/><V39/><F77/><W93/><G126/><T37/><D37/><U24/><E24/><V74/><F74/><W54/><G42/><T92/><D40/><U61/><E53/><V80/><F80/><W107/><G83/><T45/><D41/><U73/><E73/><V135/><F135/><W31/><G81/><T78/><D78/><U7/><E7/><V44/><F39/><W114/><G114/><T109/><D4/><U115/><E115/><V79/><F79/><W63/><G107/><T17/><D5/><U117/><E117/><V76/><F76/><W62/><G64/><T23/><D92/><U131/><N who="1" m="50291" /><U85/><DORA hai="22" /><E85/><V36/><F36/><W12/><G93/><T88/><D95/><U71/><E71/><V13/><F8/><W90/><G11/><T106/><D106/><U30/><E30/><V82/><F82/><W28/><G10/><T94/><D94/><U1/><E1/><V110/><F9/><W56/><G70/><T59/><D17/><U100/><E100/><RYUUKYOKU ba="0,0" sc="374,-10,219,30,255,-10,152,-10" hai1="19,20,26,60,61,89,91" /><INIT seed="3,1,0,3,4,10" ten="364,249,245,142" oya="3" hai0="59,38,41,120,39,110,90,11,3,32,19,122,42" hai1="52,2,47,75,129,107,131,68,101,63,113,50,93" hai2="108,48,45,25,104,53,58,4,128,66,127,95,43" hai3="96,133,74,98,112,33,105,78,9,100,65,27,121"/><W92/><G121/><T106/><D106/><U0/><E113/><V20/><F104/><W84/><G112/><T22/><D32/><U12/><E75/><V119/><F119/><W5/><G133/><T135/><D90/><U81/><E81/><V55/><F127/><W34/><G65/><T40/><D59/><U132/><E132/><V115/><F115/><W28/><G34/><T99/><D99/><N who="1" m="59631" /><E107/><V60/><F4/><W57/><G57/><T109/><D135/><U117/><E117/><V80/><F128/><N who="1" m="49225" /><E12/><V29/><F108/><N who="0" m="41578" /><D3/><U102/><E102/><V8/><F80/><W77/><G74/><T69/><D69/><U89/><E89/><V7/><REACH who="2" step="1"/><F95/><REACH who="2" ten="364,249,235,142" step="2"/><W62/><G105/><T61/><D120/><U15/><E15/><AGARI ba="1,1" hai="7,8,15,20,25,29,43,45,48,53,55,58,60,66" machi="15" ten="30,8000,1" yaku="1,1,2,1,7,1,8,1,52,1,53,0" doraHai="10" doraHaiUra="70" who="2" fromWho="1" sc="364,0,249,-83,235,93,142,0" /><INIT seed="4,0,0,4,1,98" ten="364,166,328,142" oya="0" hai0="112,81,28,80,58,86,32,88,87,115,57,100,106" hai1="23,60,0,118,2,103,92,97,126,73,127,5,50" hai2="90,1,79,17,46,96,133,84,47,69,11,65,131" hai3="27,95,35,4,15,40,121,102,13,120,41,64,29"/><T38/><D38/><U78/><E118/><V30/><F133/><W9/><G64/><T36/><D36/><U59/><E50/><V26/><F131/><W55/><G55/><T43/><D43/><U71/><E71/><V24/><F65/><W67/><G67/><T82/><D32/><U3/><E23/><V70/><F69/><W129/><G129/><T122/><D28/><U68/><E5/><V12/><F70/><W109/><G109/><T110/><D122/><N who="3" m="47209" /><G15/><T119/><D119/><U18/><E18/><V8/><F1/><W113/><G113/><N who="0" m="43595" /><D110/><U10/><E10/><V101/><F79/><W104/><G104/><T21/><D21/><U77/><E68/><V56/><F56/><N who="0" m="21610" /><D86/><U124/><REACH who="1" step="1"/><E73/><REACH who="1" ten="364,156,328,142" step="2"/><V48/><F11/><W128/><G128/><T83/><D83/><U14/><E14/><V75/><F75/><W76/><G13/><T123/><D123/><U54/><AGARI ba="0,1" hai="0,2,3,54,59,60,77,78,92,97,103,124,126,127" machi="54" ten="40,8000,1" yaku="1,1,0,1,18,1,52,1,53,1" doraHai="98" doraHaiUra="91" who="1" fromWho="1" sc="364,-40,156,90,328,-20,142,-20" /><INIT seed="5,0,0,5,3,82" ten="324,246,308,122" oya="1" hai0="39,130,91,29,48,73,118,25,106,62,85,33,114" hai1="10,125,0,2,57,81,70,102,60,20,109,46,115" hai2="16,123,24,3,117,52,42,32,28,27,90,69,30" hai3="74,65,55,84,79,121,86,77,110,45,101,95,116"/><U119/><E115/><V131/><F69/><W51/><G121/><T72/><D118/><U67/><E119/><V61/><F123/><W87/><G116/><T100/><D39/><U8/><E125/><V93/><F117/><W59/><G74/><T7/><D7/><U88/><E109/><V128/><F42/><W135/><G135/><T103/><D48/><U21/><E102/><V113/><F3/><W53/><G65/><T132/><D114/><U76/><E46/><V83/><F83/><W36/><G110/><T63/><D132/><U127/><E127/><V12/><F113/><W22/><G22/><T124/><D124/><U35/><E35/><V120/><F120/><W78/><G36/><T66/><D130/><U108/><E108/><V1/><F1/><W99/><REACH who="3" step="1"/><G79/><REACH who="3" ten="324,246,308,112" step="2"/><T17/><D66/><U54/><E76/><V122/><F122/><W14/><G14/><T23/><D72/><U18/><E20/><V68/><F131/><W4/><G4/><T58/><D73/><U38/><E38/><V43/><F12/><W104/><G104/><T89/><D106/><U37/><E37/><V107/><F107/><W15/><G15/><T50/><D23/><U47/><E2/><V56/><F128/><W75/><G75/><T92/><D33/><U41/><E0/><V80/><F32/><W71/><G71/><T129/><D129/><U26/><E67/><V105/><F105/><W6/><G6/><T133/><D133/><U13/><E70/><V112/><F68/><W134/><G134/><T5/><D5/><U126/><E126/><V98/><F112/><RYUUKYOKU ba="0,1" sc="324,-10,246,-10,308,-10,112,30" hai3="45,51,53,55,59,77,78,84,86,87,95,99,101" /><INIT seed="6,1,1,3,1,113" ten="314,236,298,142" oya="2" hai0="57,51,115,62,89,135,94,79,66,59,41,68,10" hai1="23,53,118,31,16,92,128,69,122,36,14,97,33" hai2="123,55,104,67,96,112,8,5,17,110,93,39,132" hai3="126,82,49,71,73,44,75,105,101,35,91,125,4"/><V56/><F39/><W1/><G35/><T30/><D115/><U100/><E122/><V78/><F123/><W119/><G71/><T124/><D124/><N who="3" m="47721" /><G4/><T116/><D135/><U65/><E128/><V99/><F132/><W37/><G49/><T95/><D79/><U109/><E36/><V43/><F112/><W46/><G1/><T0/><D30/><U76/><E109/><V88/><F78/><N who="3" m="44367" /><G46/><T12/><D0/><U61/><E76/><V129/><F129/><W9/><G9/><T121/><D121/><U24/><REACH who="1" step="1"/><E53/><REACH who="1" ten="314,226,298,142" step="2"/><V34/><F110/><W86/><G37/><T74/><D41/><U85/><E85/><V38/><F43/><W48/><G75/><T64/><D74/><U114/><E114/><V15/><F55/><W6/><G6/><T107/><D66/><U130/><E130/><V47/><F8/><W18/><G86/><T42/><D64/><U70/><E70/><V25/><F5/><W80/><G80/><T102/><D10/><U134/><E134/><V84/><F67/><W63/><G119/><AGARI ba="1,2" hai="14,16,23,24,31,33,61,65,69,92,97,100,118,119" machi="119" ten="40,8000,1" yaku="1,1,52,2,54,1,53,0" doraHai="113" doraHaiUra="83" who="1" fromWho="3" sc="314,0,226,103,298,0,142,-83" /><INIT seed="7,0,0,5,1,82" ten="314,329,298,59" oya="3" hai0="7,9,81,112,71,124,29,14,66,97,68,2,40" hai1="130,16,133,83,18,132,55,58,13,1,114,22,125" hai2="52,74,94,15,119,70,4,103,47,100,126,38,61" hai3="120,135,113,8,73,27,91,122,10,90,49,109,85"/><W62/><G73/><T111/><D111/><U134/><E114/><V56/><F74/><W34/><G113/><T11/><D112/><U127/><E1/><V99/><F119/><W42/><G109/><T102/><D124/><U37/><E37/><V129/><F126/><W63/><G34/><T117/><D117/><U21/><E130/><V69/><F129/><W93/><G135/><T50/><D29/><U87/><E18/><V60/><F61/><N who="3" m="23051" /><G122/><T79/><D66/><U35/><E21/><V26/><F26/><W59/><G120/><T86/><D50/><N who="1" m="31095" /><E35/><V118/><F118/><W33/><G33/><T5/><REACH who="0" step="1"/><D40/><REACH who="0" ten="304,329,298,59" step="2"/><U65/><E65/><V105/><F70/><W107/><G107/><AGARI ba="0,1" hai="2,5,7,9,11,14,68,71,79,81,86,97,102,107" machi="107" ten="30,7700,0" yaku="1,1,2,1,7,1,52,1,53,0" doraHai="82" doraHaiUra="89" who="0" fromWho="3" sc="304,87,329,0,298,0,59,-77" owari="391,49.0,329,13.0,298,-10.0,-18,-52.0" /></mjloggm>