<mjloggm ver="2.3"><GO type="41" lobby="0"/><UN n0="%E3%81%AB%E3%82%87%E3%82%8D%E3%83%BC%E3%82%93%E8%A9%A6%E4%BD%9C%E6%A9%9F" n1="%E6%9E%9D%E9%9B%80" n2="%E2%93%9D%53%75%70%68%78" n3="%E3%82%B3%E3%83%AB%E4%BA%8C" dan="14,14,18,13" rate="1949.92,1968.93,2143.35,1842.35" sx="M,M,M,M"/><TAIKYOKU oya="0"/><INIT seed="0,0,0,4,4,0" ten="250,250,250,250" oya="0" hai0="132,107,101,99,39,25,115,127,89,8,119,50,19" hai1="54,74,35,3,67,86,129,9,1,52,61,42,69" hai2="51,103,33,20,32,128,116,17,94,130,71,92,68" hai3="104,113,10,95,44,6,11,112,40,125,62,30,41"/><T38/><D115/><U16/><E74/><V102/><F20/><W108/><G104/><T105/><D119/><U109/><E109/><V120/><F51/><W124/><G108/><T82/><D127/><U72/><E72/><V2/><F2/><W80/><G80/><T58/><D132/><U12/><E129/><V24/><F24/><W79/><G79/><T100/><D50/><U46/><E35/><V37/><F17/><W97/><G62/><T81/><D58/><U70/><E70/><V63/><F63/><W98/><G30/><T23/><D8/><U26/><E26/><V60/><F60/><W57/><G57/><T76/><D89/><U4/><E86/><V29/><F29/><W75/><G75/><T43/><D43/><U36/><REACH who="1" step="1"/><E3/><REACH who="1" ten="250,240,250,250" step="2"/><V31/><F31/><W121/><G112/><T122/><D122/><U90/><E90/><V55/><F120/><W117/><G113/><T91/><D91/><U84/><E84/><V93/><F130/><W18/><G121/><T48/><D76/><U21/><AGARI ba="0,1" hai="1,4,9,12,16,21,36,42,46,52,54,61,67,69" machi="21" ten="20,12000,2" yaku="1,1,0,1,7,1,52,1,54,2,53,0" doraHai="0" doraHaiUra="78" who="1" fromWho="1" sc="250,-60,240,130,250,-30,250,-30" /><INIT seed="1,0,0,2,4,119" ten="190,370,220,220" oya="1" hai0="97,115,110,105,124,108,23,75,83,117,89,61,4" hai1="50,67,102,19,71,107,52,37,128,66,39,126,43" hai2="10,22,130,38,64,31,93,100,45,15,133,24,87" hai3="14,85,36,132,6,78,118,86,30,112,109,41,96"/><U47/><E107/><V9/><F130/><W42/><G112/><T60/><D117/><U122/><E102/><V57/><F133/><W120/><G30/><T2/><D115/><U91/><E91/><V88/><F38/><N who="1" m="14345" /><E19/><V68/><F68/><W28/><G28/><T106/><D124/><U70/><E126/><V125/><F45/><W16/><G42/><T13/><D2/><U5/><E5/><V54/><F64/><N who="1" m="24617" /><E128/><V32/><F125/><W101/><G41/><T18/><D4/><U72/><E72/><V80/><F32/><W21/><G36/><T20/><D20/><U99/><E99/><V17/><F100/><W104/><G118/><T113/><D113/><U34/><E34/><V26/><F93/><W95/><G95/><T44/><D105/><U73/><E73/><V123/><F26/><W114/><G114/><T121/><D106/><U35/><E122/><V55/><F123/><W46/><G120/><T8/><D121/><U0/><E0/><V94/><F10/><W33/><G33/><T3/><D97/><U81/><E81/><V98/><REACH who="2" step="1"/><F57/><REACH who="2" ten="190,370,210,220" step="2"/><W59/><G59/><T25/><D44/><N who="1" m="27719" /><E35/><V92/><F92/><W29/><G101/><T79/><D25/><U131/><E131/><V48/><F48/><AGARI ba="0,1" hai="43,47,48,70,71" m="27719,24617,14345" machi="48" ten="30,18000,2" yaku="35,5,54,1" doraHai="119" who="1" fromWho="2" sc="190,0,370,190,210,-180,220,0" /><INIT seed="1,1,0,5,4,53" ten="190,560,30,220" oya="1" hai0="106,47,77,11,19,126,107,10,71,16,50,76,100" hai1="54,30,65,24,122,99,82,13,63,132,92,46,59" hai2="116,111,64,113,27,86,67,58,31,44,49,97,28" hai3="112,90,2,87,94,26,96,79,127,45,120,15,124"/><U51/><E132/><V121/><F116/><W37/><G2/><T21/><D71/><U36/><E122/><V108/><F121/><W25/><G120/><T101/><D21/><U35/><E13/><V74/><F74/><W62/><G112/><T89/><D50/><U88/><E82/><V134/><F134/><W133/><G133/><T78/><D89/><U22/><REACH who="1" step="1"/><E36/><REACH who="1" ten="190,550,30,220" step="2"/><V72/><F113/><W1/><G37/><T80/><D126/><U52/><E52/><V109/><F109/><W130/><G15/><T128/><D80/><U135/><E135/><V9/><F111/><W103/><G1/><T69/><D128/><U8/><E8/><V33/><F9/><W41/><G130/><T104/><D11/><U5/><E5/><V55/><F108/><W95/><G127/><T43/><D10/><U91/><E91/><V48/><F55/><W110/><G124/><T61/><D100/><U56/><E56/><V17/><F58/><W6/><G110/><T75/><D101/><U125/><E125/><V4/><F4/><W102/><G6/><T60/><D69/><U114/><E114/><V57/><F57/><W3/><G3/><T85/><D47/><U40/><E40/><V0/><F44/><W70/><G103/><T38/><D43/><U39/><E39/><V14/><F14/><W105/><G102/><T84/><D38/><U32/><AGARI ba="1,1" hai="22,24,30,32,35,46,51,54,59,63,65,88,92,99" machi="32" ten="30,11700,0" yaku="1,1,0,1,52,1,54,1,53,0" doraHai="53" doraHaiUra="34" who="1" fromWho="1" sc="190,-40,550,130,30,-40,220,-40" owari="150,-25.0,680,78.0,-10,-51.0,180,-2.0" /></mjloggm>