<mjloggm ver="2.3"><GO type="41" lobby="0"/><UN n0="%E2%93%9D%53%75%70%68%78" n1="%6A%75%6E%7A%6F%31%32%33" n2="%E9%87%A3%E3%82%8A%E4%BA%BA%E4%BA%A6%E9%87%8E%E8%AA%A0%E5%AD%90" n3="%E3%81%95%E3%82%93%E3%81%8D%E3%81%A3%E3%81%A1%E3%82%83%E3%82%93" dan="18,15,14,13" rate="2152.30,1995.62,1903.06,1889.90" sx="M,M,F,M"/><TAIKYOKU oya="0"/><INIT seed="0,0,0,2,5,41" ten="250,250,250,250" oya="0" hai0="124,97,130,108,61,43,57,22,12,63,0,84,93" hai1="131,90,107,3,134,75,125,60,111,33,54,76,6" hai2="42,15,21,47,66,9,103,129,92,100,73,112,106" hai3="78,46,56,52,132,2,113,27,8,13,30,67,31"/><T18/><D130/><U58/><E33/><V82/><F112/><W55/><G132/><T123/><D123/><U53/><E107/><V32/><F32/><W48/><G2/><T89/><D124/><U1/><E125/><V26/><F129/><W120/><G120/><T109/><D0/><U127/><E127/><V29/><F106/><W86/><G67/><T28/><D28/><U11/><E111/><N who="0" m="42569" /><D43/><U10/><E134/><V4/><F66/><W85/><G78/><T128/><D128/><U35/><E35/><V133/><F133/><W87/><G27/><T115/><D115/><U36/><E36/><V110/><F110/><W70/><G70/><T14/><D57/><U118/><E118/><V83/><F73/><W126/><G126/><T117/><D117/><U51/><E131/><V72/><F72/><W17/><G113/><T62/><D14/><U80/><E1/><V40/><F40/><W105/><G105/><T19/><D19/><U5/><E3/><V79/><F79/><W34/><G34/><T119/><D119/><U50/><E5/><V121/><F121/><W91/><G91/><T64/><D64/><U74/><E90/><V23/><F23/><W45/><G56/><T81/><D63/><U71/><E60/><V114/><F114/><W102/><G102/><AGARI ba="0,0" hai="12,18,22,61,62,81,84,89,93,97,102" m="42569" machi="102" ten="30,2900,0" yaku="14,1,10,1" doraHai="41" who="0" fromWho="3" sc="250,29,250,0,250,0,250,-29" /><INIT seed="0,1,0,2,3,130" ten="279,250,250,221" oya="0" hai0="122,60,69,26,13,75,6,23,92,76,2,9,32" hai1="110,18,112,124,125,132,106,57,54,28,20,83,115" hai2="91,70,96,66,114,64,44,94,97,5,111,79,126" hai3="88,25,67,39,104,12,118,30,7,65,100,131,11"/><T59/><D122/><U14/><E106/><V107/><F114/><N who="1" m="43561" /><E83/><V35/><F35/><W17/><G131/><T16/><D69/><U22/><E57/><V101/><F111/><W52/><G118/><T27/><D92/><U37/><E37/><V1/><F126/><N who="1" m="48745" /><E54/><V78/><F44/><W82/><G39/><T62/><D27/><N who="1" m="16503" /><E110/><V93/><F107/><W63/><G104/><T24/><D24/><U90/><E90/><V58/><F70/><W113/><G113/><T36/><D36/><U72/><E72/><V123/><F123/><W10/><G100/><T80/><D59/><U34/><E34/><V56/><F1/><W102/><G102/><T3/><REACH who="0" step="1"/><D3/><REACH who="0" ten="269,250,250,221" step="2"/><U128/><E128/><V99/><F97/><W127/><G127/><T68/><D68/><U129/><E129/><V47/><F47/><W40/><G25/><T89/><D89/><U120/><E120/><V117/><F117/><W103/><G103/><T108/><D108/><U98/><E98/><V21/><F101/><W43/><G88/><T15/><D15/><U105/><E105/><V116/><F116/><W49/><G82/><T53/><D53/><U33/><E33/><V38/><F38/><W71/><G67/><T31/><AGARI ba="1,1" hai="2,6,9,13,16,23,26,31,32,60,62,75,76,80" machi="31" ten="30,12000,1" yaku="1,1,0,1,24,2,54,1,53,0" doraHai="130" doraHaiUra="86" who="0" fromWho="0" sc="269,133,250,-41,250,-41,221,-41" /><INIT seed="0,2,0,4,0,132" ten="402,209,209,180" oya="0" hai0="94,79,48,23,18,106,38,57,72,19,39,89,83" hai1="73,122,107,131,52,69,96,34,117,26,85,77,1" hai2="133,135,121,21,108,105,22,113,101,20,17,86,51" hai3="10,104,11,43,64,9,47,49,91,27,4,95,123"/><T109/><D106/><U98/><E1/><V65/><F113/><W81/><G104/><T66/><D19/><U134/><E117/><V46/><F121/><W110/><G110/><T128/><D128/><U56/><E134/><N who="2" m="51211" /><F108/><W0/><G123/><T63/><D109/><U118/><E69/><V92/><F65/><W14/><G81/><T60/><D48/><U59/><E118/><V114/><F114/><W5/><G0/><T70/><D63/><U36/><E36/><V24/><F105/><W71/><G71/><T12/><REACH who="0" step="1"/><D70/><REACH who="0" ten="392,209,209,180" step="2"/><U30/><E131/><V13/><F51/><W126/><G64/><T53/><D53/><U82/><E122/><V54/><F54/><W116/><G116/><T40/><D40/><U78/><E107/><V115/><F115/><W37/><G37/><T80/><D80/><U88/><E59/><V112/><F112/><W44/><G43/><T32/><D32/><U99/><REACH who="1" step="1"/><E73/><REACH who="1" ten="392,199,209,180" step="2"/><V61/><F92/><W75/><G75/><T55/><D55/><U93/><E93/><V2/><F2/><W7/><G95/><T28/><D28/><U25/><E25/><V33/><F24/><W100/><G27/><T127/><D127/><U29/><E29/><V84/><F33/><W8/><G126/><T41/><D41/><U62/><AGARI ba="2,2" hai="26,30,34,52,56,62,77,78,82,85,88,96,98,99" machi="62" ten="30,7900,0" yaku="1,1,0,1,54,2,53,0" doraHai="132" doraHaiUra="111" who="1" fromWho="1" sc="392,-41,199,105,209,-22,180,-22" /><INIT seed="1,0,0,4,0,54" ten="351,304,187,158" oya="1" hai0="114,91,110,99,112,67,98,111,64,120,28,44,124" hai1="105,25,58,80,107,113,117,119,3,40,95,123,56" hai2="22,122,39,81,12,77,13,46,17,24,101,62,21" hai3="135,16,23,82,130,34,8,72,88,83,121,73,133"/><U32/><E3/><V94/><F122/><W132/><G121/><T87/><D28/><U84/><E123/><V74/><F22/><W37/><G37/><T63/><D120/><U129/><E113/><V71/><F101/><W109/><G109/><N who="0" m="41483" /><D67/><U14/><E40/><V51/><F39/><W11/><G34/><T10/><D44/><U38/><E38/><V35/><F35/><W26/><G130/><T76/><D76/><U115/><E115/><V47/><F94/><W48/><G48/><T50/><D50/><U75/><E75/><N who="3" m="28746" /><G82/><N who="0" m="49655" /><D124/><U68/><E68/><V59/><F71/><W36/><G36/><T69/><D10/><U85/><E129/><V118/><F118/><W116/><G116/><T102/><D99/><U19/><E119/><V61/><F61/><W55/><G55/><T43/><D43/><U31/><E117/><V103/><F103/><W49/><G49/><T108/><D108/><U52/><E84/><AGARI ba="0,0" hai="8,11,16,23,26,83,84,88,132,133,135" m="28746" machi="84" ten="40,5200,0" yaku="20,1,54,2" doraHai="54" who="3" fromWho="1" sc="351,0,304,-52,187,0,158,52" /><INIT seed="2,0,0,5,1,42" ten="351,252,187,210" oya="2" hai0="18,120,27,15,85,59,8,116,22,75,82,88,133" hai1="106,96,56,40,5,105,7,1,32,108,69,31,104" hai2="12,39,97,21,61,77,135,78,64,110,72,87,28" hai3="132,29,16,57,102,30,11,0,117,26,34,19,62"/><V6/><F39/><W47/><G117/><T13/><D133/><U3/><E69/><V90/><F135/><W45/><G132/><T84/><D120/><U107/><E108/><V95/><F110/><W36/><G36/><T134/><D134/><U131/><E131/><V58/><F72/><W122/><G122/><T60/><D116/><U23/><E32/><V63/><F63/><W86/><G102/><T55/><D75/><U41/><E31/><V9/><REACH who="2" step="1"/><F97/><REACH who="2" ten="351,252,177,210" step="2"/><W127/><G86/><N who="0" m="50263" /><D15/><U123/><E96/><V130/><F130/><W126/><G0/><T119/><D119/><U111/><E111/><V83/><F83/><W65/><G30/><AGARI ba="0,1" hai="8,13,18,22,27,30,55,59,60,84,85" m="50263" machi="30" ten="30,2000,0" yaku="8,1,54,1" doraHai="42" who="0" fromWho="3" sc="351,30,252,0,177,0,210,-20" /><INIT seed="3,0,0,1,1,117" ten="381,252,177,190" oya="3" hai0="101,113,128,15,96,89,66,93,75,20,46,99,74" hai1="67,7,3,110,87,47,132,5,58,43,57,55,72" hai2="119,91,13,25,59,28,44,38,36,100,112,45,17" hai3="64,30,53,106,135,88,109,107,31,35,12,16,42"/><W39/><G135/><T24/><D128/><U102/><E72/><V134/><F119/><W125/><G125/><T120/><D120/><U130/><E132/><V1/><F134/><W51/><G64/><T10/><D113/><U33/><E33/><V18/><F112/><W123/><G123/><T19/><D66/><U92/><E110/><V68/><F68/><W0/><G0/><T60/><D60/><U79/><E130/><V81/><F1/><W23/><G31/><T103/><D46/><U116/><E116/><V133/><F133/><W126/><G126/><T49/><D49/><U127/><E127/><V50/><F100/><W48/><G39/><T9/><D9/><U61/><E102/><V69/><F69/><W105/><G109/><T34/><D34/><U76/><E76/><V114/><F114/><W32/><G30/><T90/><D75/><U131/><E3/><V4/><F38/><W86/><G48/><T118/><D74/><U41/><E41/><V115/><F115/><W40/><G42/><T14/><D14/><U73/><E73/><V21/><F36/><W6/><G6/><T63/><D63/><U111/><E111/><V70/><F70/><W83/><REACH who="3" step="1"/><G40/><REACH who="3" ten="381,252,177,180" step="2"/><T26/><D118/><U121/><E121/><V22/><F4/><W52/><G52/><T62/><D62/><N who="1" m="36159" /><E131/><V11/><F28/><W56/><AGARI ba="0,1" hai="12,16,23,32,35,51,53,56,83,86,88,105,106,107" machi="56" ten="30,11700,0" yaku="1,1,0,1,54,2,53,0" doraHai="117" doraHaiUra="27" who="3" fromWho="3" sc="381,-39,252,-39,177,-39,180,127" /><INIT seed="3,1,0,1,3,24" ten="342,213,138,307" oya="3" hai0="62,14,110,82,128,68,107,11,101,21,48,3,10" hai1="47,109,86,60,65,70,63,59,88,133,54,45,79" hai2="20,112,8,29,122,42,67,0,105,95,93,31,39" hai3="113,41,22,121,103,53,90,132,26,75,37,125,49"/><W5/><G113/><T80/><D110/><U73/><E109/><V56/><F112/><W15/><G125/><T44/><D128/><U19/><E133/><V50/><F105/><W61/><G132/><T94/><D107/><U43/><E73/><V131/><F0/><W27/><G75/><T23/><D68/><U87/><E79/><V77/><F39/><W13/><G103/><T25/><D62/><U1/><E1/><V16/><F131/><W52/><G27/><T119/><D23/><U9/><E86/><V118/><F118/><W106/><G37/><T98/><D3/><U129/><E129/><V117/><F117/><W34/><G34/><T4/><D11/><U83/><E43/><V114/><F114/><W57/><G106/><T7/><D7/><U99/><REACH who="1" step="1"/><E99/><REACH who="1" ten="342,203,138,307" step="2"/><V66/><F122/><W78/><G78/><T124/><D119/><U91/><E91/><V84/><F77/><W71/><G41/><N who="0" m="24591" /><D124/><U100/><E100/><V12/><F84/><W115/><G121/><T97/><D97/><U64/><E64/><N who="2" m="24619" /><F8/><W51/><G90/><T102/><D102/><U17/><E17/><AGARI ba="1,1" hai="4,10,14,17,21,25,80,82,94,98,101" m="24591" machi="17" ten="30,1000,0" yaku="8,1" doraHai="24" who="0" fromWho="1" sc="342,23,203,-13,138,0,307,0" /><INIT seed="4,0,0,1,1,6" ten="365,190,138,307" oya="0" hai0="50,20,38,14,134,82,68,89,63,122,66,118,106" hai1="86,128,3,75,65,25,81,7,4,84,94,87,23" hai2="119,39,26,104,9,115,95,76,69,27,24,53,85" hai3="110,72,33,0,45,99,21,126,90,124,34,44,48"/><T28/><D118/><U70/><E128/><V37/><F104/><W96/><G110/><T100/><D38/><U114/><E114/><V93/><F115/><W132/><G72/><T74/><D134/><U102/><E70/><V57/><F119/><W2/><G132/><T59/><D122/><U43/><E65/><V60/><F69/><W108/><G108/><T112/><D100/><U121/><E121/><V47/><F39/><W109/><G21/><T117/><D106/><U78/><E43/><V103/><F103/><W77/><G109/><T113/><D117/><U5/><E3/><V125/><F125/><W91/><G48/><T97/><D74/><U133/><E133/><V127/><F127/><W10/><REACH who="3" step="1"/><G77/><REACH who="3" ten="365,190,138,297" step="2"/><T123/><D50/><U41/><E41/><V61/><F37/><W11/><AGARI ba="0,1" hai="0,2,10,11,33,34,44,45,90,91,96,99,124,126" machi="11" ten="25,12000,2" yaku="1,1,2,1,0,1,22,2,52,2,53,0" doraHai="6" doraHaiUra="131" who="3" fromWho="3" sc="365,-60,190,-30,138,-30,297,130" /><INIT seed="5,0,0,0,2,48" ten="305,160,108,427" oya="1" hai0="95,83,64,60,118,22,15,73,105,75,78,30,43" hai1="3,8,77,100,110,71,70,81,122,41,130,31,26" hai2="116,58,114,12,132,39,28,85,129,45,119,125,113" hai3="38,115,4,1,2,33,52,7,67,53,101,104,16"/><U63/><E110/><V50/><F28/><W91/><G38/><T87/><D105/><U17/><E122/><V37/><F85/><W0/><G67/><T111/><D43/><U84/><E130/><V79/><F79/><W86/><G33/><T93/><D118/><N who="2" m="45098" /><F12/><W92/><G115/><N who="2" m="44041" /><F129/><W21/><G104/><T126/><D126/><U19/><E100/><V107/><F107/><W97/><G7/><T102/><D75/><U25/><E25/><V24/><F24/><W96/><G4/><T51/><D73/><U9/><E9/><V120/><F120/><W98/><REACH who="3" step="1"/><G101/><REACH who="3" ten="305,160,108,417" step="2"/><T40/><D102/><U117/><E117/><V74/><F74/><W61/><G61/><T49/><D60/><U62/><E63/><V6/><F6/><W112/><G112/><T76/><D111/><U88/><E62/><V80/><F132/><W18/><G18/><T109/><D109/><U57/><E3/><V124/><F125/><W65/><G65/><T5/><D64/><U10/><E70/><V11/><F124/><W23/><G23/><T133/><D22/><N who="1" m="15831" /><E71/><V55/><F11/><N who="1" m="4137" /><E77/><V56/><F80/><W44/><G44/><T42/><D78/><U14/><E14/><AGARI ba="0,1" hai="0,1,2,14,16,21,52,53,86,91,92,96,97,98" machi="14" ten="50,8000,1" yaku="1,1,52,2,54,2,53,0" doraHai="48" doraHaiUra="123" who="3" fromWho="1" sc="305,0,160,-80,108,0,417,90" /><INIT seed="6,0,0,3,0,1" ten="305,80,108,507" oya="2" hai0="135,42,38,13,112,53,75,110,24,85,59,9,125" hai1="66,8,10,40,35,54,92,129,48,81,60,23,101" hai2="124,29,62,67,104,7,99,131,118,12,36,64,94" hai3="123,32,71,72,96,20,14,70,108,50,31,87,22"/><V120/><F118/><W5/><G108/><T116/><D110/><U16/><E35/><V45/><F120/><W52/><G72/><T89/><D112/><U130/><E81/><V126/><F104/><W103/><G32/><T19/><D135/><U49/><E40/><N who="2" m="22663" /><F131/><W21/><G87/><T128/><D125/><N who="2" m="48234" /><F29/><W93/><G31/><T132/><D132/><U109/><E109/><V51/><F51/><W113/><G123/><T117/><D38/><U95/><E101/><N who="2" m="60663" /><F62/><W105/><G105/><T61/><D128/><N who="1" m="49259" /><E49/><V33/><F33/><W121/><G121/><T15/><D117/><U30/><E30/><V91/><F91/><W74/><G113/><T86/><D89/><U119/><E119/><V73/><F73/><W114/><G74/><T43/><D75/><U83/><E83/><V4/><F12/><W41/><G114/><T0/><D15/><N who="1" m="9631" /><E95/><V58/><F58/><W122/><G122/><T28/><D116/><U55/><E92/><V47/><F47/><W107/><G107/><T78/><D59/><N who="1" m="37151" /><E55/><V115/><F115/><W68/><G41/><T106/><D43/><U82/><E82/><V88/><F88/><W98/><G93/><T76/><D42/><U44/><AGARI ba="0,0" hai="8,10,44,48,54" m="37151,9631,49259" machi="44" ten="30,2000,0" yaku="19,1,54,1" doraHai="1" who="1" fromWho="1" sc="305,-5,80,20,108,-10,507,-5" /><INIT seed="7,0,0,3,1,54" ten="300,100,98,502" oya="3" hai0="103,23,24,112,126,105,40,1,64,89,33,117,134" hai1="124,41,75,0,77,22,57,16,104,62,93,73,56" hai2="6,32,31,111,53,108,65,38,7,27,59,113,123" hai3="110,86,92,125,51,80,12,17,118,135,44,14,127"/><W55/><G135/><T83/><D117/><U15/><E0/><V43/><F65/><W68/><G118/><T107/><D126/><U70/><E104/><V84/><F113/><W95/><G14/><T47/><D33/><U13/><E124/><N who="3" m="47690" /><G68/><T35/><D35/><U26/><E41/><V74/><F74/><W52/><G55/><T9/><D134/><U72/><E77/><V101/><F101/><W8/><G110/><T18/><D112/><U20/><E70/><V76/><F123/><W4/><G4/><T29/><D64/><U133/><E133/><V87/><F111/><W69/><G69/><T121/><D121/><U131/><E131/><V37/><F108/><W94/><G94/><T97/><D107/><U82/><E13/><V88/><F38/><W58/><G58/><T99/><D105/><U130/><E130/><V109/><F109/><W45/><G45/><T50/><D1/><U49/><E93/><N who="2" m="54407" /><F37/><W85/><G85/><N who="0" m="50367" /><D103/><U119/><E119/><V122/><F43/><W48/><G48/><T116/><D116/><U30/><E49/><N who="2" m="31151" /><F122/><W106/><G106/><T114/><D114/><U128/><E128/><V132/><F132/><W96/><G96/><T5/><D5/><U46/><E46/><V61/><F61/><W100/><G100/><T66/><D66/><U129/><E129/><V63/><F63/><W91/><AGARI ba="0,0" hai="8,12,17,44,51,52,80,86,91,92,95" m="47690" machi="91" ten="30,6000,0" yaku="25,1,18,1,54,1" doraHai="54" who="3" fromWho="3" sc="300,-20,100,-20,98,-20,502,60" owari="280,8.0,80,-32.0,78,-42.0,562,66.0" /></mjloggm>