<mjloggm ver="2.3"><GO type="41" lobby="0"/><UN n0="%73%74%61%72%6B" n1="%53%48%4F%57%41%E8%8C%82%E7%8E%8B" n2="%E2%93%9D%53%75%70%68%78" n3="%47%75%72%65%6E%6E" dan="14,14,17,14" rate="1988.87,1892.06,2106.94,1889.09" sx="M,M,M,M"/><TAIKYOKU oya="0"/><INIT seed="0,0,0,2,4,80" ten="250,250,250,250" oya="0" hai0="51,82,67,99,91,42,129,64,6,53,133,68,96" hai1="24,109,79,93,128,9,124,8,47,30,33,29,71" hai2="87,59,117,123,20,95,48,39,134,78,66,50,57" hai3="26,88,122,14,106,125,70,63,31,61,27,108,52"/><T1/><D42/><U60/><E109/><V62/><F123/><W132/><G108/><T72/><D133/><U44/><E124/><V103/><F39/><W7/><G125/><T110/><D129/><U18/><E128/><V77/><F117/><W16/><G132/><T41/><D41/><U45/><E30/><V114/><F114/><W112/><G112/><T111/><D68/><U49/><E79/><V3/><F3/><W135/><G135/><T12/><D1/><U43/><E71/><V0/><F0/><W2/><G122/><T126/><D126/><U94/><E60/><V127/><F127/><W131/><G131/><T113/><D113/><U55/><E43/><V23/><F103/><W85/><G106/><T35/><D35/><U28/><E29/><V84/><F95/><W15/><G70/><T36/><D36/><U56/><E9/><V10/><F134/><W83/><G2/><T13/><D72/><U11/><E8/><V98/><F10/><N who="3" m="4447" /><G31/><T21/><D111/><U40/><E40/><V118/><F118/><W38/><G38/><T34/><D34/><U17/><E11/><V121/><F121/><W92/><G83/><T81/><D6/><U37/><E37/><V115/><F115/><W101/><G101/><T65/><D110/><U58/><E56/><V107/><F107/><W73/><G73/><T32/><D32/><U102/><E102/><V86/><F59/><N who="3" m="35047" /><G63/><T4/><D4/><U119/><E119/><V5/><F5/><W120/><G120/><T104/><D104/><U76/><E76/><N who="2" m="29291" /><F98/><W130/><G130/><T89/><D99/><RYUUKYOKU ba="0,0" sc="250,-30,250,10,250,10,250,10" hai1="17,18,24,28,33,44,45,47,49,55,58,93,94" hai2="20,23,48,50,57,62,66,84,86,87" hai3="15,16,26,27,85,88,92" /><INIT seed="1,1,0,1,3,123" ten="220,260,260,260" oya="1" hai0="89,36,125,17,93,35,96,20,21,107,129,55,72" hai1="14,45,27,79,81,113,114,22,24,58,112,7,54" hai2="40,116,86,50,32,71,99,13,94,127,82,31,26" hai3="1,131,80,47,46,37,118,84,41,83,70,56,109"/><U122/><E122/><V15/><F71/><W132/><G109/><T77/><D36/><U133/><E133/><V74/><F74/><W61/><G132/><T53/><D35/><U3/><E3/><V11/><F127/><W121/><G121/><T117/><D117/><U42/><E7/><V97/><F13/><W67/><G118/><T5/><D125/><U39/><E14/><V128/><F128/><W130/><G1/><T49/><D107/><U78/><E81/><V18/><F94/><W105/><G105/><T66/><D129/><N who="3" m="49161" /><G84/><T8/><D66/><U59/><E58/><V108/><F108/><W111/><G111/><T120/><D120/><U62/><REACH who="1" step="1"/><E24/><REACH who="1" ten="220,250,260,260" step="2"/><V51/><F116/><W6/><G6/><T104/><D5/><U115/><N who="1" m="28672" /><DORA hai="52" /><U126/><E126/><V110/><F110/><W102/><G70/><T4/><D4/><U44/><E44/><V68/><F68/><W134/><G134/><T29/><D29/><AGARI ba="1,1" hai="22,27,29,39,42,45,54,59,62,78,79" m="28672" machi="29" ten="70,12000,1" yaku="1,1,52,1,53,1" doraHai="123,52" doraHaiUra="92,16" who="1" fromWho="0" sc="220,-123,250,133,260,0,260,0" /><INIT seed="1,2,0,0,0,29" ten="97,383,260,260" oya="1" hai0="121,53,9,19,62,47,61,46,5,130,111,23,60" hai1="13,71,82,125,72,93,119,34,95,51,98,108,99" hai2="91,94,30,55,36,122,97,117,59,101,116,54,127" hai3="26,128,57,45,80,79,4,110,44,56,39,132,21"/><U27/><E119/><V7/><F122/><W6/><G110/><T52/><D111/><U2/><E2/><V76/><F127/><W37/><G128/><T103/><D121/><U75/><E71/><V92/><F36/><W10/><G132/><T135/><D103/><U73/><E108/><V84/><F7/><W131/><G131/><T3/><D135/><U134/><E134/><V58/><F76/><W86/><G37/><T120/><D130/><U81/><E13/><V124/><F124/><W42/><G44/><T77/><D77/><U20/><E51/><V0/><F0/><W11/><G6/><T66/><D120/><U96/><E34/><V106/><F30/><W33/><G33/><T87/><D66/><U83/><E125/><V64/><F106/><W89/><G89/><T67/><D67/><U16/><AGARI ba="2,0" hai="16,20,27,72,73,75,81,82,83,93,95,96,98,99" machi="16" ten="40,12000,1" yaku="0,1,29,2,54,1" doraHai="29" who="1" fromWho="1" sc="97,-42,383,126,260,-42,260,-42" /><INIT seed="1,3,0,3,0,40" ten="55,509,218,218" oya="1" hai0="77,114,27,76,123,92,43,32,133,87,73,13,2" hai1="17,69,33,54,102,50,65,4,19,34,41,99,6" hai2="39,104,18,108,57,8,14,10,89,0,134,66,97" hai3="82,109,56,48,128,103,28,15,47,64,115,61,96"/><U68/><E41/><V100/><F108/><W51/><G109/><T98/><D114/><U116/><E116/><V93/><F134/><W124/><G115/><T105/><D2/><U106/><E6/><V26/><F39/><W110/><G110/><T42/><D133/><U119/><E4/><V9/><F0/><W16/><G128/><T120/><D13/><U94/><E106/><V125/><F125/><W130/><G124/><T67/><D67/><U31/><E119/><V101/><F104/><W83/><G130/><T63/><D63/><U24/><E34/><V78/><F78/><W113/><G28/><T1/><D1/><U122/><E122/><V121/><F26/><W74/><G74/><T7/><D7/><U135/><E135/><V25/><F25/><W3/><G3/><T23/><D32/><U70/><REACH who="1" step="1"/><E65/><REACH who="1" ten="55,499,218,218" step="2"/><V44/><F121/><N who="0" m="46666" /><D43/><U45/><AGARI ba="3,1" hai="17,19,24,31,33,45,50,54,68,69,70,94,99,102" machi="45" ten="30,11700,0" yaku="1,1,0,1,52,1,53,1" doraHai="40" doraHaiUra="22" who="1" fromWho="1" sc="55,-42,499,136,218,-42,218,-42" /><INIT seed="1,4,0,4,3,57" ten="13,635,176,176" oya="1" hai0="44,66,110,36,126,28,22,106,75,49,87,77,119" hai1="15,18,78,62,1,9,92,56,128,123,67,23,4" hai2="73,27,89,117,16,112,24,60,82,129,39,52,118" hai3="65,64,50,2,104,14,85,113,32,76,53,38,120"/><U80/><E123/><V41/><F129/><W61/><G120/><T100/><D119/><U98/><E128/><V70/><F112/><W114/><G2/><T91/><D36/><U45/><E45/><V134/><F134/><W59/><G104/><T31/><D110/><U93/><REACH who="1" step="1"/><E98/><REACH who="1" ten="13,625,176,176" step="2"/><V74/><F117/><W130/><G130/><T26/><D126/><U72/><AGARI ba="4,1" hai="1,4,9,15,18,23,56,62,67,72,78,80,92,93" machi="72" ten="20,18000,2" yaku="1,1,2,1,0,1,7,1,52,1,53,1" doraHai="57" doraHaiUra="63" who="1" fromWho="1" sc="13,-64,625,202,176,-64,176,-64" owari="-51,-55.0,827,93.0,112,-9.0,112,-29.0" /></mjloggm>