<mjloggm ver="2.3"><GO type="41" lobby="0"/><UN n0="%E2%93%9D%53%75%70%68%78" n1="%E3%81%A1%E3%82%85%E3%81%BE%E3%81%93" n2="%E3%82%AB%E3%83%AA%E3%82%AA%E3%82%B9%E3%83%88%E3%83%AD%E4%BC%AF%E7%88%B5" n3="%65%6F%66" dan="18,13,14,15" rate="2078.54,1875.61,1966.04,2177.92" sx="M,F,M,F"/><TAIKYOKU oya="0"/><INIT seed="0,0,0,1,3,45" ten="250,250,250,250" oya="0" hai0="14,20,92,40,12,104,3,86,32,103,36,129,48" hai1="9,113,71,54,134,39,1,119,96,56,124,19,109" hai2="94,123,87,70,62,11,122,6,22,44,116,90,2" hai3="61,69,75,101,135,50,127,47,106,60,34,67,79"/><T23/><D3/><U30/><E71/><V38/><F116/><W83/><G127/><T26/><D104/><U77/><E39/><V93/><F93/><W35/><G135/><T118/><D32/><U27/><E77/><V42/><F70/><W132/><G132/><T28/><D129/><U17/><E109/><V5/><F5/><W68/><G101/><T58/><D36/><U110/><E110/><V64/><F64/><W85/><G106/><T63/><D23/><U78/><E78/><V46/><F62/><W125/><G125/><T65/><D118/><U49/><E119/><V131/><F131/><W128/><G128/><T13/><D86/><U52/><E54/><V25/><REACH who="2" step="1"/><F44/><REACH who="2" ten="250,250,240,250" step="2"/><W91/><G60/><T31/><D92/><U33/><E124/><V15/><F15/><W57/><G68/><T4/><D4/><U10/><E134/><V37/><F37/><W115/><G69/><T73/><D14/><U105/><E113/><V88/><F88/><W66/><G115/><T98/><D13/><U81/><E81/><V99/><F99/><W112/><G66/><T0/><D12/><U41/><E1/><V59/><F59/><W18/><G112/><T133/><D0/><U43/><E96/><V89/><F89/><W121/><G91/><T82/><D133/><U117/><E117/><V100/><F100/><W7/><G7/><T16/><D98/><U80/><E80/><V84/><F84/><W53/><G85/><T51/><D103/><U107/><E105/><V29/><AGARI ba="0,1" hai="2,6,11,22,25,29,38,42,46,87,90,94,122,123" machi="29" ten="20,2700,0" yaku="1,1,0,1,7,1,53,0" doraHai="45" doraHaiUra="76" who="2" fromWho="2" sc="250,-13,250,-7,240,37,250,-7" /><INIT seed="1,0,0,5,2,7" ten="237,243,277,243" oya="1" hai0="63,96,109,97,93,65,105,101,77,85,19,48,43" hai1="41,36,118,13,72,25,62,103,115,121,22,130,67" hai2="126,134,73,34,110,54,87,32,95,78,84,53,35" hai3="49,106,81,52,104,133,114,76,80,89,120,82,66"/><U117/><E115/><V112/><F110/><W50/><G114/><T10/><D109/><U9/><E121/><V6/><F112/><W27/><G120/><T91/><D43/><U38/><E72/><V0/><F126/><W102/><G76/><T28/><D28/><U128/><E103/><V45/><F134/><W29/><G133/><T15/><D48/><U70/><E117/><V17/><F45/><W51/><G66/><T125/><D125/><U24/><E24/><V46/><F46/><W12/><G89/><T75/><D97/><U100/><E100/><V23/><F6/><W116/><G116/><T57/><D75/><U42/><E118/><V14/><F0/><W33/><G102/><T90/><REACH who="0" step="1"/><D105/><REACH who="0" ten="227,243,277,243" step="2"/><U58/><E41/><V135/><F135/><W47/><G104/><T111/><D111/><U92/><E42/><V99/><F73/><W88/><G106/><T71/><D71/><U18/><E70/><V1/><F78/><W44/><G44/><T74/><D74/><U55/><E67/><V11/><F99/><W113/><G113/><T3/><D3/><U30/><REACH who="1" step="1"/><E92/><REACH who="1" ten="227,233,277,243" step="2"/><V108/><F95/><W79/><G47/><T123/><D123/><U122/><E122/><V2/><F108/><W60/><G80/><AGARI ba="0,2" hai="10,15,19,57,63,65,77,80,85,90,91,93,96,101" machi="80" ten="40,5200,0" yaku="1,1,8,1,52,1,53,0" doraHai="7" doraHaiUra="129" who="0" fromWho="3" sc="227,72,233,0,277,0,243,-52" /><INIT seed="2,0,0,0,1,84" ten="299,233,277,191" oya="2" hai0="123,64,82,80,10,26,68,52,32,117,128,92,86" hai1="125,4,81,93,133,15,110,85,14,31,20,99,25" hai2="69,72,35,114,34,116,120,95,89,88,3,73,27" hai3="77,90,13,130,1,97,111,7,11,98,37,135,46"/><V109/><F69/><W107/><G135/><T51/><D123/><U131/><E110/><V83/><F27/><W36/><G111/><T38/><D38/><U40/><E125/><V67/><F67/><W134/><G134/><T104/><D104/><U121/><E131/><V48/><F109/><W76/><G130/><T39/><D39/><U78/><E133/><V24/><F120/><W108/><G108/><T132/><D117/><U106/><E106/><V54/><F3/><W66/><G66/><T74/><D74/><U50/><E121/><V105/><F105/><W112/><G112/><T129/><D10/><U45/><REACH who="1" step="1"/><E4/><REACH who="1" ten="299,223,277,191" step="2"/><V56/><F116/><W6/><G6/><T17/><D129/><U118/><E118/><V59/><F114/><W91/><G107/><T60/><D128/><U79/><E79/><V23/><F35/><W41/><G36/><T55/><D32/><U63/><E63/><V44/><F34/><W22/><G76/><T62/><D62/><U43/><E43/><V12/><F73/><W21/><G77/><T127/><D127/><U30/><E30/><N who="2" m="17695" /><F72/><W53/><G41/><T126/><D126/><U18/><E18/><V8/><F95/><W119/><G119/><T115/><D132/><U100/><AGARI ba="0,1" hai="14,15,20,25,31,40,45,50,78,81,85,93,99,100" machi="100" ten="20,8000,1" yaku="1,1,0,1,7,1,8,1,53,1" doraHai="84" doraHaiUra="16" who="1" fromWho="1" sc="299,-20,223,90,277,-40,191,-20" /><INIT seed="3,0,0,2,3,24" ten="279,313,237,171" oya="3" hai0="51,108,86,128,50,80,74,14,46,117,9,7,92" hai1="17,88,90,8,126,12,82,30,45,68,18,64,69" hai2="77,130,44,85,123,5,79,25,113,2,4,129,16" hai3="34,43,21,48,1,133,33,19,26,15,91,97,52"/><W107/><G1/><T40/><D108/><U66/><E126/><V35/><F113/><W93/><G133/><T81/><D128/><N who="2" m="49258" /><F85/><W13/><G107/><T23/><D117/><U71/><E17/><V119/><F44/><W57/><G13/><T112/><D74/><U63/><E45/><V55/><F55/><W31/><REACH who="3" step="1"/><G43/><REACH who="3" ten="279,313,237,161" step="2"/><T10/><D14/><U116/><E116/><V75/><F2/><W125/><G125/><T106/><D106/><U11/><E68/><V62/><F119/><W60/><G60/><T58/><D40/><U20/><E63/><V121/><F62/><W53/><G53/><T54/><D54/><U98/><E69/><V73/><F75/><W0/><G0/><T70/><D70/><U29/><E71/><V42/><F73/><W102/><G102/><T83/><D112/><U109/><E109/><V39/><F42/><W59/><G59/><T37/><D58/><U122/><E122/><N who="2" m="46603" /><F39/><W134/><G134/><T87/><D37/><U28/><E8/><AGARI ba="0,1" hai="8,15,19,21,26,31,33,34,48,52,57,91,93,97" machi="8" ten="30,12000,1" yaku="1,1,7,1,52,1,54,1,53,1" doraHai="24" doraHaiUra="49" who="3" fromWho="1" sc="279,0,313,-120,237,0,161,130" /><INIT seed="3,1,0,0,0,47" ten="279,193,237,291" oya="3" hai0="105,87,61,21,128,46,95,126,133,52,63,111,118" hai1="134,77,30,6,68,129,124,56,39,1,91,44,65" hai2="114,11,119,0,96,29,109,94,34,69,73,31,3" hai3="17,130,88,5,97,99,28,32,120,26,50,45,55"/><W100/><G120/><T40/><D105/><U74/><E129/><V90/><F73/><W36/><G130/><T2/><D2/><U64/><E134/><V113/><F69/><W131/><G131/><T86/><D118/><U37/><E37/><V84/><F119/><W59/><G5/><T25/><D111/><U15/><E56/><V82/><F109/><W54/><G36/><T78/><D126/><U35/><E15/><V101/><F34/><W66/><G66/><T106/><D106/><U125/><E91/><V81/><F81/><W4/><G4/><T60/><D133/><U70/><E124/><V92/><F92/><W49/><G100/><T104/><D104/><U10/><E125/><V16/><F0/><W18/><REACH who="3" step="1"/><G88/><REACH who="3" ten="279,193,237,281" step="2"/><T122/><D122/><U108/><E108/><V127/><F3/><W51/><G51/><T13/><D128/><U9/><E65/><V121/><F127/><W135/><G135/><T107/><D63/><U43/><E64/><V42/><F121/><W41/><G41/><T7/><D61/><U76/><E76/><V33/><F42/><W123/><G123/><T8/><D60/><U98/><E68/><V19/><F114/><W117/><G117/><T110/><D40/><U22/><E70/><V75/><F113/><W83/><G83/><T23/><D110/><U58/><E6/><V116/><F116/><W24/><G24/><T132/><D25/><U85/><E43/><V80/><F82/><W103/><G103/><T72/><D132/><U12/><E39/><V14/><F101/><W89/><G89/><T115/><D115/><RYUUKYOKU ba="1,1" sc="279,-10,193,-10,237,-10,281,30" hai3="17,18,26,28,32,45,49,50,54,55,59,97,99" /><INIT seed="3,2,1,3,5,52" ten="269,183,227,311" oya="3" hai0="48,47,23,111,62,71,58,20,122,135,92,101,69" hai1="35,85,10,107,116,43,15,129,36,54,61,2,88" hai2="67,30,90,13,105,76,96,65,1,131,16,133,103" hai3="22,98,44,79,24,87,110,104,97,126,46,68,81"/><W42/><G68/><T94/><D122/><U117/><E2/><V72/><F131/><W86/><G126/><T11/><D111/><U29/><E107/><V102/><F133/><W32/><G32/><T109/><D109/><U41/><E129/><V75/><F103/><W112/><G110/><T27/><D135/><U83/><E29/><V63/><F1/><W14/><G112/><T45/><D11/><U123/><E35/><V99/><F30/><N who="3" m="17687" /><G104/><T115/><D115/><U56/><E123/><V95/><F67/><W33/><G33/><T0/><D0/><U91/><E91/><V121/><F76/><W21/><G86/><T53/><D23/><U108/><E108/><V130/><F121/><W134/><G134/><T50/><D71/><U128/><E128/><V38/><F38/><W113/><G113/><T51/><D69/><U74/><E74/><V39/><F39/><W8/><G21/><T7/><D7/><U60/><E60/><V70/><F130/><W106/><G106/><T124/><D124/><U127/><E127/><V118/><F118/><N who="1" m="45673" /><E36/><V25/><F25/><W100/><G100/><T28/><REACH who="0" step="1"/><D101/><REACH who="0" ten="259,183,227,311" step="2"/><U82/><E82/><V84/><REACH who="2" step="1"/><F99/><REACH who="2" ten="259,183,217,311" step="2"/><W57/><G97/><T17/><D17/><AGARI ba="2,3" hai="10,15,17,41,43,54,56,61,83,85,88" m="45673" machi="17" ten="30,3900,0" yaku="12,1,52,1,54,1" doraHai="52" who="1" fromWho="0" sc="259,-45,183,75,217,0,311,0" /><INIT seed="4,0,0,4,4,120" ten="214,258,217,311" oya="0" hai0="45,38,70,123,66,29,42,117,104,65,3,99,4" hai1="9,11,64,115,125,92,129,93,116,122,80,62,127" hai2="110,34,113,135,105,52,101,87,95,128,124,69,75" hai3="50,73,19,79,44,107,17,21,94,15,86,114,85"/><T83/><D123/><U20/><E116/><V71/><F52/><N who="3" m="29767" /><G107/><T12/><D12/><U102/><E122/><V40/><F87/><W36/><G36/><T43/><D43/><U49/><E129/><V97/><F95/><W16/><G73/><T74/><D29/><U96/><E49/><V132/><F40/><W68/><G68/><T56/><D56/><U109/><E80/><V28/><F113/><W46/><G46/><T76/><D117/><U0/><E92/><V77/><F128/><W111/><G111/><T118/><D70/><N who="2" m="26634" /><F124/><W24/><G114/><T23/><D23/><U51/><E51/><V14/><F14/><W25/><G79/><T100/><REACH who="0" step="1"/><D118/><REACH who="0" ten="204,258,217,311" step="2"/><U89/><E115/><V84/><F28/><W53/><G21/><T108/><D108/><U26/><E109/><V119/><F34/><W7/><G15/><T22/><D22/><U5/><E9/><AGARI ba="0,1" hai="3,4,9,38,42,45,65,66,74,76,83,99,100,104" machi="9" ten="40,7700,0" yaku="1,1,25,2,53,0" doraHai="120" doraHaiUra="27" who="0" fromWho="1" sc="204,87,258,-77,217,0,311,0" /><INIT seed="4,1,0,2,0,134" ten="291,181,217,311" oya="0" hai0="130,118,75,37,18,29,92,127,11,113,63,73,48" hai1="4,19,80,12,114,38,105,119,20,23,5,61,10" hai2="110,96,82,112,97,103,131,22,104,111,7,83,70" hai3="128,15,68,24,43,72,93,50,98,16,36,100,124"/><T58/><D118/><U94/><E105/><V87/><F22/><W60/><G72/><T86/><D37/><U26/><E119/><V56/><F7/><W45/><G128/><T117/><D113/><U32/><E38/><V55/><F70/><W78/><G78/><T77/><D29/><U46/><E80/><V27/><F27/><W47/><G24/><T44/><D127/><U84/><E46/><V9/><F9/><W126/><G60/><T123/><D123/><U129/><E61/><V62/><F112/><W71/><G71/><T107/><D107/><U64/><E64/><V90/><F131/><W89/><G100/><T57/><D75/><U3/><E94/><V101/><F83/><W49/><G68/><T28/><D28/><N who="1" m="19479" /><E84/><V132/><F132/><W1/><G1/><T106/><D106/><AGARI ba="1,0" hai="55,56,62,82,87,90,96,97,101,103,104,106,110,111" machi="106" ten="30,2000,0" yaku="7,1,9,1" doraHai="134" who="2" fromWho="0" sc="291,-23,181,0,217,23,311,0" /><INIT seed="5,0,0,1,4,36" ten="268,181,240,311" oya="1" hai0="78,88,135,66,103,124,83,133,90,61,123,125,68" hai1="127,16,72,107,6,44,32,73,62,100,85,7,110" hai2="29,98,80,95,54,9,93,116,120,28,111,23,18" hai3="46,19,48,70,79,14,99,86,24,57,119,96,13"/><U53/><E127/><N who="0" m="48713" /><D103/><U92/><E107/><V12/><F111/><W17/><G70/><T77/><D77/><U65/><E32/><V134/><F116/><W39/><G119/><T97/><D123/><U59/><E73/><V89/><F134/><N who="0" m="51210" /><D97/><N who="1" m="59431" /><E72/><AGARI ba="0,0" hai="61,66,68,72,78,83,88,90" m="51210,48713" machi="72" ten="30,3900,0" yaku="18,1,20,1,54,1" doraHai="36" who="0" fromWho="1" sc="268,39,181,-39,240,0,311,0" /><INIT seed="6,0,0,2,0,3" ten="307,142,240,311" oya="2" hai0="122,18,29,8,0,5,121,125,20,25,77,56,71" hai1="132,128,37,94,61,123,55,134,114,112,99,48,100" hai2="57,119,26,51,62,88,2,17,50,69,75,6,43" hai3="36,11,98,89,103,23,34,85,32,135,78,44,59"/><V67/><F75/><W101/><G78/><T7/><D71/><U24/><E37/><V13/><F119/><W110/><G110/><T86/><D125/><U93/><E93/><V52/><F26/><W42/><G135/><T27/><D56/><U104/><E61/><V84/><F2/><W60/><G23/><N who="0" m="15551" /><D86/><U118/><E118/><V63/><F43/><W83/><G11/><N who="0" m="2471" /><D77/><U28/><E104/><V108/><F6/><W102/><REACH who="3" step="1"/><G98/><REACH who="3" ten="307,142,240,301" step="2"/><T10/><D10/><U19/><E123/><V105/><F108/><W72/><G72/><T127/><D127/><U54/><E128/><V107/><F105/><W65/><AGARI ba="0,1" hai="32,34,36,42,44,59,60,65,83,85,89,101,102,103" machi="65" ten="30,4000,0" yaku="1,1,0,1,53,1" doraHai="3" doraHaiUra="40" who="3" fromWho="3" sc="307,-10,142,-10,240,-20,301,50" /><INIT seed="7,0,0,1,0,108" ten="297,132,220,351" oya="3" hai0="47,29,104,41,13,97,32,98,57,113,21,60,112" hai1="107,11,101,33,20,83,26,22,131,76,130,23,61" hai2="69,90,48,93,106,45,0,124,38,44,12,68,85" hai3="70,109,123,132,30,39,118,2,122,72,84,121,78"/><W91/><G118/><T8/><D32/><U120/><E120/><V105/><F0/><W24/><G109/><T66/><D21/><U92/><E11/><V134/><F124/><W53/><G2/><T35/><D29/><U9/><E9/><V81/><F134/><W117/><G117/><T59/><D59/><U67/><E92/><V31/><F38/><W14/><G132/><T37/><D35/><U40/><E40/><V46/><F48/><W133/><G133/><T16/><REACH who="0" step="1"/><D104/><REACH who="0" ten="287,132,220,351" step="2"/><U62/><E33/><V71/><F31/><W34/><G121/><T19/><D19/><U65/><E23/><V6/><F6/><W51/><G122/><T127/><D127/><U80/><E107/><V86/><REACH who="2" step="1"/><F12/><REACH who="2" ten="287,132,210,351" step="2"/><W79/><G14/><T116/><D116/><U110/><E110/><V100/><F100/><W128/><G123/><T88/><D88/><AGARI ba="0,2" hai="44,45,46,68,69,71,81,85,86,88,90,93,105,106" machi="88" ten="50,3200,0" yaku="1,1,54,1,53,0" doraHai="108" doraHaiUra="119" who="2" fromWho="0" sc="287,-32,132,0,210,52,351,0" owari="255,-14.0,132,-37.0,262,6.0,351,45.0" /></mjloggm>