<mjloggm ver="2.3"><GO type="41" lobby="0"/><UN n0="%6B%75%72%69%6E%6F%62%75" n1="%E3%83%8F%E3%83%BC%E3%83%8E" n2="%E2%93%9D%53%75%70%68%78" n3="%E3%81%82%E3%81%BE%E3%81%BB%E3%81%97" dan="13,15,19,13" rate="1879.47,1977.19,2153.67,1909.56" sx="M,M,M,M"/><TAIKYOKU oya="0"/><INIT seed="0,0,0,2,4,59" ten="250,250,250,250" oya="0" hai0="7,2,134,60,104,135,27,93,128,41,95,112,40" hai1="31,12,28,52,133,110,55,102,81,105,29,73,124" hai2="38,42,64,37,6,62,45,117,24,21,98,57,19" hai3="78,90,36,94,119,11,121,101,68,99,96,30,4"/><T69/><D112/><U109/><E133/><N who="0" m="50697" /><D104/><U76/><E124/><V80/><F117/><W131/><G36/><T15/><D2/><U34/><E34/><V54/><F6/><W130/><G30/><T50/><D128/><U10/><E102/><V114/><F114/><W122/><G68/><T44/><D40/><U56/><E105/><V26/><F80/><W67/><G67/><N who="0" m="41191" /><D27/><U85/><E73/><V87/><F87/><W79/><G11/><AGARI ba="0,0" hai="7,11,15,41,44,50,93,95" m="41191,50697" machi="11" ten="30,2900,0" yaku="20,1,52,1" doraHai="59" who="0" fromWho="3" sc="250,29,250,0,250,0,250,-29" /><INIT seed="0,1,0,5,2,98" ten="279,250,250,221" oya="0" hai0="104,70,95,9,73,33,1,91,68,96,74,24,2" hai1="101,65,113,100,17,58,60,90,11,87,69,10,55" hai2="103,7,112,48,67,124,0,89,127,93,52,38,108" hai3="14,99,59,53,77,115,20,12,57,54,116,105,125"/><T61/><D1/><U45/><E113/><V121/><F112/><W88/><G116/><T28/><D70/><U134/><E134/><V4/><F38/><W15/><G77/><T62/><D62/><U97/><E97/><V133/><F121/><W3/><G3/><T102/><D95/><U46/><E69/><V5/><F67/><W19/><G125/><N who="2" m="48201" /><F108/><W111/><G111/><T31/><D31/><U25/><E11/><N who="2" m="2439" /><F133/><W86/><G54/><T47/><D91/><U66/><E66/><V29/><F29/><W126/><G126/><T26/><D26/><U119/><E119/><V109/><F109/><W92/><G59/><T107/><D47/><N who="1" m="17931" /><E65/><V35/><F35/><W123/><G123/><T41/><D41/><U81/><E10/><V51/><F51/><W72/><G72/><T94/><D94/><U79/><E79/><V78/><F78/><W130/><G130/><T110/><D110/><U64/><E64/><V76/><F76/><W132/><G132/><T39/><D61/><U36/><E36/><V21/><F89/><W44/><G44/><T106/><D39/><U128/><E128/><V30/><F48/><W6/><G6/><N who="0" m="1239" /><D68/><U50/><E50/><V56/><F7/><W118/><G118/><T114/><D114/><U49/><E49/><V117/><F5/><W135/><G135/><T129/><D129/><U84/><E84/><V63/><F117/><W80/><G105/><N who="0" m="63687" /><D73/><U85/><E85/><V75/><F75/><W122/><G122/><T131/><D74/><U8/><E8/><V37/><F37/><W32/><G32/><N who="0" m="20487" /><D131/><U23/><AGARI ba="1,0" hai="17,23,25,55,58,60,81,87,90,100,101" m="17931" machi="23" ten="30,7900,0" yaku="5,1,8,1,52,2" doraHai="98" who="1" fromWho="1" sc="279,-40,250,82,250,-21,221,-21" /><INIT seed="1,0,0,0,4,11" ten="239,332,229,200" oya="1" hai0="101,47,13,130,75,125,30,48,36,82,23,1,15" hai1="61,35,55,77,46,33,54,53,37,42,38,4,103" hai2="7,98,32,91,9,59,26,95,45,58,12,60,132" hai3="68,17,96,72,16,6,105,80,3,116,21,123,129"/><U83/><E103/><V67/><F132/><W92/><G116/><T29/><D125/><U109/><E38/><V122/><F122/><W57/><G105/><T110/><D110/><U114/><E114/><V120/><F120/><W97/><G68/><T8/><D130/><U117/><E117/><V2/><F45/><W119/><G129/><T44/><D101/><U85/><E109/><V39/><F39/><W88/><G119/><T90/><D1/><U131/><E131/><V84/><F2/><W63/><G97/><T126/><D126/><U20/><E4/><V49/><F32/><W69/><G69/><T94/><D36/><U5/><E5/><V115/><F26/><W104/><G104/><T65/><D65/><U121/><E121/><V28/><F28/><W64/><G3/><T66/><D66/><U0/><E0/><V19/><F115/><W27/><G6/><T52/><D44/><U71/><REACH who="1" step="1"/><E20/><REACH who="1" ten="239,322,229,200" step="2"/><V10/><F7/><W43/><G123/><T78/><D8/><U127/><E127/><V108/><F108/><W22/><G43/><T74/><D23/><U133/><E133/><V25/><F10/><W50/><G50/><T107/><D107/><U93/><E93/><V113/><F113/><W34/><G34/><T100/><D100/><U76/><E76/><V111/><F111/><W79/><REACH who="3" step="1"/><G21/><REACH who="3" ten="239,322,229,190" step="2"/><T18/><D18/><AGARI ba="0,2" hai="16,17,18,22,27,57,63,64,72,79,80,88,92,96" machi="18" ten="30,8000,1" yaku="1,1,2,1,7,1,54,2,53,0" doraHai="11" doraHaiUra="134" who="3" fromWho="0" sc="239,-80,322,0,229,0,190,100" /><INIT seed="2,0,0,4,0,123" ten="159,322,229,290" oya="2" hai0="109,80,21,52,77,55,33,29,64,86,19,101,70" hai1="117,38,96,22,134,87,122,129,12,111,83,41,42" hai2="11,43,85,36,7,112,113,63,30,121,66,128,89" hai3="71,91,24,44,10,57,110,53,45,46,95,68,27"/><V127/><F121/><W48/><G110/><T59/><D109/><U118/><E122/><V28/><F128/><W108/><G108/><T75/><D33/><U69/><E69/><V98/><F127/><W106/><G106/><T1/><D1/><U51/><E111/><V78/><F78/><W35/><G10/><T76/><D29/><U126/><E38/><V131/><F98/><W81/><G95/><T49/><D101/><U79/><E134/><V34/><F131/><W124/><G124/><T132/><D132/><U74/><E129/><V65/><F43/><W84/><G35/><T90/><D75/><U18/><E126/><V61/><F36/><W93/><G68/><T120/><D120/><U62/><E42/><V92/><F34/><W26/><G71/><T9/><D9/><U50/><E96/><V58/><F113/><W13/><G13/><T15/><D70/><U107/><E107/><V0/><REACH who="2" step="1"/><F112/><REACH who="2" ten="159,322,219,290" step="2"/><W5/><G5/><T31/><D64/><U20/><E41/><V133/><F133/><W23/><REACH who="3" step="1"/><G81/><REACH who="3" ten="159,322,219,280" step="2"/><T119/><D119/><U73/><E83/><V103/><F103/><W100/><G100/><T60/><REACH who="0" step="1"/><D31/><AGARI ba="0,2" hai="23,24,26,27,31,44,45,46,48,53,57,84,91,93" machi="31" ten="40,2600,0" yaku="1,1,8,1,53,0" doraHai="123" doraHaiUra="39" who="3" fromWho="0" sc="159,-26,322,0,219,0,280,46" /><INIT seed="3,0,0,3,4,21" ten="133,322,219,326" oya="3" hai0="44,29,43,119,90,34,107,25,55,57,35,22,47" hai1="1,126,69,40,30,121,124,38,24,103,105,112,118" hai2="51,123,77,93,70,42,76,23,82,113,65,46,87" hai3="4,20,127,130,67,10,125,117,68,0,80,17,133"/><W96/><G80/><T61/><D107/><U7/><E121/><V32/><F32/><W122/><G117/><T102/><D119/><U75/><E118/><V135/><F113/><W131/><G122/><T71/><D71/><U74/><E112/><V16/><F135/><W116/><G116/><T56/><D102/><U54/><E54/><V45/><F123/><W91/><G67/><T97/><D47/><N who="1" m="23959" /><E69/><V115/><F115/><W12/><G68/><T95/><REACH who="0" step="1"/><D56/><REACH who="0" ten="123,322,219,326" step="2"/><U11/><E103/><V49/><F70/><W33/><G133/><T3/><D3/><U5/><E105/><V60/><F46/><W18/><G33/><T31/><D31/><U86/><E30/><V28/><F28/><W15/><G96/><T9/><D9/><U73/><E11/><V120/><F120/><W106/><G106/><T37/><AGARI ba="0,1" hai="22,25,29,34,35,37,43,44,55,57,61,90,95,97" machi="37" ten="20,5200,0" yaku="1,1,0,1,7,1,52,1,53,0" doraHai="21" doraHaiUra="2" who="0" fromWho="0" sc="123,62,322,-13,219,-13,326,-26" /><INIT seed="4,0,0,3,3,21" ten="185,309,206,300" oya="0" hai0="24,56,77,62,124,35,15,41,37,7,39,70,123" hai1="86,100,5,111,52,93,120,3,116,119,22,114,38" hai2="128,12,113,55,17,115,76,96,129,99,130,126,90" hai3="78,67,94,18,97,110,1,34,106,127,42,83,30"/><T23/><D123/><U133/><E38/><V59/><F76/><W66/><G1/><T125/><D70/><U0/><E120/><V14/><F126/><N who="0" m="48746" /><D41/><U68/><E68/><V101/><F90/><W8/><G110/><T79/><D35/><U36/><E36/><N who="0" m="13897" /><D15/><N who="2" m="5674" /><F17/><W2/><G106/><T134/><D7/><U82/><E111/><V48/><F99/><W4/><G18/><N who="0" m="12407" /><D134/><U53/><E133/><V85/><F85/><W11/><G11/><T20/><D20/><U73/><E22/><V74/><F74/><W95/><G42/><T10/><D10/><U81/><E73/><V87/><F87/><W6/><G6/><T63/><D63/><U92/><E86/><V71/><F71/><W49/><G49/><T65/><AGARI ba="0,0" hai="56,62,65,77,79" m="12407,13897,48746" machi="65" ten="30,3000,0" yaku="18,1,52,1" doraHai="21" who="0" fromWho="0" sc="185,30,309,-10,206,-10,300,-10" /><INIT seed="4,1,0,4,2,57" ten="215,299,196,290" oya="0" hai0="135,101,29,81,100,134,93,90,78,114,75,67,127" hai1="39,24,41,49,43,37,133,66,123,126,118,112,132" hai2="35,60,99,94,73,120,91,77,116,58,130,55,26" hai3="121,82,65,13,64,38,98,51,0,97,85,52,107"/><T54/><D29/><U50/><E24/><V12/><F130/><W10/><G0/><T79/><D54/><U56/><E123/><V131/><F131/><W2/><G2/><T32/><D32/><U76/><E76/><V45/><F120/><W92/><G38/><N who="1" m="14346" /><E118/><V124/><F124/><W48/><G48/><N who="1" m="18538" /><E126/><V62/><F116/><W80/><G80/><N who="0" m="45151" /><D67/><U113/><E56/><V59/><F45/><W1/><G1/><T47/><D47/><U103/><E103/><N who="0" m="39497" /><D114/><N who="1" m="44139" /><E66/><V71/><F35/><W23/><G23/><T22/><D22/><U17/><E17/><V122/><F122/><W83/><G83/><T42/><D42/><AGARI ba="1,0" hai="41,42,43,132,133" m="44139,18538,14346" machi="42" ten="40,12000,2" yaku="28,2,15,1,11,1,34,2" doraHai="57" who="1" fromWho="0" sc="215,-123,299,123,196,0,290,0" /><INIT seed="5,0,0,2,1,85" ten="92,422,196,290" oya="1" hai0="14,59,89,11,39,56,36,44,106,30,112,82,40" hai1="111,2,25,60,31,15,41,52,23,10,88,134,46" hai2="93,35,67,103,78,100,38,70,80,71,43,20,58" hai3="8,53,45,74,102,115,107,75,19,37,32,105,49"/><U94/><E134/><V50/><F35/><W126/><G32/><T51/><D106/><U4/><E111/><V3/><F3/><W135/><G37/><T73/><D112/><U120/><E120/><V6/><F6/><W81/><G126/><T127/><D127/><U16/><E60/><V130/><F130/><W117/><G117/><T61/><D30/><U0/><E52/><V62/><F71/><W128/><G128/><T97/><D59/><U123/><E123/><V65/><F65/><W7/><G115/><T66/><D73/><U47/><E41/><V9/><F9/><W29/><G29/><T12/><D12/><U54/><E54/><N who="2" m="32087" /><F93/><W13/><G107/><T87/><REACH who="0" step="1"/><D97/><REACH who="0" ten="82,422,196,290" step="2"/><N who="1" m="57543" /><E0/><V64/><F70/><W63/><G105/><T101/><D101/><U17/><E2/><V33/><F103/><W42/><G102/><T48/><D48/><U98/><E98/><V110/><F100/><W99/><G99/><T84/><D84/><U95/><E95/><V122/><F122/><W76/><G75/><T124/><D124/><U113/><E113/><V116/><F116/><W86/><G74/><T104/><D104/><U1/><E1/><V22/><F38/><W18/><G135/><T55/><D55/><U68/><E68/><V5/><F67/><W118/><G118/><T72/><D72/><U133/><E133/><V131/><F64/><W77/><G63/><T24/><D24/><U26/><E25/><V125/><F125/><W34/><G53/><T109/><D109/><U121/><E121/><V79/><F110/><W129/><G129/><T21/><D21/><RYUUKYOKU ba="0,1" sc="82,15,422,15,196,-15,290,-15" hai0="11,14,36,39,40,44,51,56,61,66,82,87,89" hai1="4,10,15,16,17,23,26,31,46,47" /><INIT seed="5,1,1,4,1,123" ten="97,437,181,275" oya="1" hai0="96,40,132,16,71,112,12,78,37,116,87,20,109" hai1="8,32,57,128,92,101,86,103,99,56,25,127,58" hai2="19,51,35,80,72,21,121,106,11,105,55,22,69" hai3="27,36,6,88,24,10,124,31,81,45,122,14,50"/><U59/><E128/><V97/><F35/><W64/><G36/><T41/><D116/><U125/><E8/><V74/><F69/><W102/><G102/><T1/><D71/><U43/><E43/><V66/><F66/><W34/><G64/><T73/><D112/><U118/><E118/><V13/><F121/><W85/><G124/><T33/><D33/><U100/><E86/><V60/><F60/><W62/><G62/><T117/><D117/><U38/><E38/><V4/><F22/><W119/><G122/><T130/><D130/><U7/><E7/><V49/><F49/><W89/><G27/><T28/><D28/><N who="1" m="19471" /><E56/><V26/><F80/><W133/><G133/><T3/><D132/><U131/><E131/><V135/><F135/><W53/><REACH who="3" step="1"/><G119/><REACH who="3" ten="97,437,181,265" step="2"/><T2/><D37/><U82/><E103/><V107/><REACH who="2" step="1"/><F97/><REACH who="2" ten="97,437,171,265" step="2"/><W79/><AGARI ba="1,3" hai="6,10,14,24,31,34,45,50,53,79,81,85,88,89" machi="79" ten="20,12000,2" yaku="1,1,2,1,0,1,7,1,54,1,53,1" doraHai="123" doraHaiUra="47" who="3" fromWho="3" sc="97,-31,437,-61,171,-31,265,153" /><INIT seed="6,0,0,4,0,9" ten="66,376,140,418" oya="2" hai0="18,43,15,85,17,124,59,121,74,71,57,80,107" hai1="40,96,0,130,100,53,21,126,89,94,32,101,1" hai2="104,110,125,2,66,90,24,6,31,77,82,51,23" hai3="39,34,106,38,42,113,27,86,12,29,35,112,54"/><V87/><F125/><W99/><G35/><T95/><D107/><U118/><E118/><V20/><F104/><W13/><G86/><T116/><D121/><U109/><E32/><V56/><F110/><W133/><G133/><T36/><D124/><U44/><E109/><V63/><F2/><W67/><G67/><T55/><D71/><U102/><E130/><V47/><F6/><W60/><G60/><T48/><D116/><U61/><E126/><V11/><F11/><W129/><G54/><T123/><D123/><U92/><E92/><V10/><F10/><W70/><G70/><T84/><D18/><U97/><E97/><V50/><F23/><W45/><G38/><T78/><D59/><U14/><E53/><V127/><F127/><W83/><G83/><T41/><D36/><U75/><E75/><V7/><F7/><W25/><G25/><T98/><D74/><U132/><E61/><V114/><F114/><N who="3" m="44139" /><G129/><T68/><D68/><U19/><REACH who="1" step="1"/><E132/><REACH who="1" ten="66,366,140,418" step="2"/><V58/><F63/><W46/><G46/><T33/><D33/><U62/><E62/><V135/><F47/><W64/><G64/><T81/><D98/><U69/><E69/><V3/><F135/><W28/><G28/><T128/><D128/><U30/><E30/><V122/><F66/><W115/><G115/><T4/><D4/><U26/><E26/><V134/><F134/><W22/><G34/><T79/><D95/><U93/><E93/><V105/><F31/><W65/><G65/><T108/><D108/><U88/><E88/><V73/><F90/><W49/><G39/><AGARI ba="0,1" hai="0,1,14,19,21,39,40,44,89,94,96,100,101,102" machi="39" ten="40,2600,0" yaku="1,1,52,1,53,0" doraHai="9" doraHaiUra="111" who="1" fromWho="3" sc="66,0,366,36,140,0,418,-26" /><INIT seed="7,0,0,4,2,12" ten="66,402,140,392" oya="3" hai0="52,112,111,36,47,31,3,48,106,77,89,127,72" hai1="128,33,49,131,103,24,10,63,113,1,65,42,99" hai2="30,134,18,54,83,87,94,73,21,17,35,110,43" hai3="79,75,67,71,86,13,40,109,91,133,122,96,70"/><W120/><G75/><T6/><D111/><U34/><E113/><V46/><F35/><W104/><G79/><T119/><D119/><U26/><E42/><V80/><F134/><W5/><G133/><T102/><D127/><U93/><E49/><N who="2" m="28983" /><F73/><W57/><G40/><T97/><D112/><U8/><E34/><V32/><F32/><W116/><G116/><T59/><D31/><N who="1" m="19687" /><E26/><N who="2" m="16719" /><F110/><W95/><G57/><T85/><D36/><U88/><E103/><V118/><F118/><W81/><G104/><T92/><D3/><U76/><E76/><V82/><F43/><W51/><G51/><T7/><REACH who="0" step="1"/><D47/><REACH who="0" ten="56,402,140,392" step="2"/><U55/><E1/><V23/><F23/><W27/><G109/><T58/><D58/><N who="1" m="35295" /><E65/><V101/><F101/><W69/><G67/><T39/><D39/><U19/><E8/><V44/><F44/><W107/><G120/><T9/><D9/><U124/><E10/><V129/><F129/><W4/><G122/><T28/><D28/><U11/><E11/><V2/><F2/><W130/><G130/><T125/><D125/><U126/><E131/><V20/><F20/><W74/><G74/><T84/><D84/><U15/><E128/><V50/><F87/><W25/><G107/><T45/><D45/><U37/><E37/><V90/><F18/><W121/><G121/><T61/><D61/><U132/><E132/><V115/><F17/><W56/><G56/><T135/><D135/><U64/><E64/><V41/><F115/><W78/><G4/><T38/><D38/><U16/><E19/><V62/><F62/><W0/><G0/><T14/><D14/><RYUUKYOKU ba="0,1" sc="56,10,402,10,140,-30,392,10" hai0="6,7,48,52,59,72,77,85,89,92,97,102,106" hai1="15,16,88,93,99,124,126" hai3="5,13,25,27,69,70,71,78,81,86,91,95,96" /><INIT seed="7,1,1,4,1,120" ten="66,412,110,402" oya="3" hai0="36,50,74,52,128,117,89,100,116,63,6,12,25" hai1="42,125,43,14,105,70,69,77,132,119,16,127,26" hai2="66,8,10,44,107,109,23,46,102,95,96,124,51" hai3="115,61,101,90,3,57,5,0,82,11,131,34,80"/><W33/><G0/><T45/><D74/><U60/><E119/><V15/><F109/><W135/><G115/><T41/><D100/><U103/><E77/><V97/><F124/><N who="1" m="47689" /><E132/><V47/><F66/><W72/><G101/><T83/><D128/><U19/><E26/><V94/><F107/><W24/><G135/><T55/><D25/><U84/><E84/><V54/><F23/><W32/><G131/><T76/><D76/><U13/><E103/><N who="2" m="60823" /><F10/><W118/><G118/><T38/><D6/><AGARI ba="1,1" hai="6,8,15,44,46,47,51,54,95,97,102" m="60823" machi="6" ten="30,1000,0" yaku="8,1" doraHai="120" who="2" fromWho="0" sc="66,-13,412,0,110,23,402,0" owari="53,-45.0,412,52.0,133,-27.0,402,20.0" /></mjloggm>