<mjloggm ver="2.3"><GO type="41" lobby="0"/><UN n0="%E2%93%9D%53%75%70%68%78" n1="%E3%81%8B%E3%81%BF%E3%81%91%E3%82%93" n2="%E3%83%86%E3%82%A3%E3%83%BC%E3%83%80" n3="%67%61%72%74%65%72" dan="18,15,13,13" rate="2147.80,1911.22,1845.52,1893.51" sx="M,M,M,M"/><TAIKYOKU oya="0"/><INIT seed="0,0,0,2,1,22" ten="250,250,250,250" oya="0" hai0="84,81,13,132,111,105,110,123,52,18,128,41,61" hai1="40,50,19,120,62,26,90,103,48,55,2,23,95" hai2="30,27,0,21,35,38,114,7,83,74,34,63,37" hai3="44,99,130,14,46,5,112,12,28,49,76,15,67"/><T106/><D123/><U32/><E120/><V107/><F114/><W1/><G67/><T135/><D41/><U97/><E2/><V10/><F107/><W33/><G99/><T72/><D72/><U24/><E40/><V85/><F35/><W56/><G112/><T77/><D128/><U124/><E124/><V25/><F74/><W116/><G116/><T94/><D94/><U57/><REACH who="1" step="1"/><E103/><REACH who="1" ten="250,240,250,250" step="2"/><V117/><F117/><W102/><G102/><T115/><D115/><U51/><E51/><V134/><F134/><N who="0" m="51242" /><D61/><U53/><E53/><V93/><F63/><W133/><G133/><T92/><D52/><U109/><E109/><N who="0" m="41481" /><D92/><U60/><E60/><V96/><F93/><W118/><G118/><T6/><D6/><U20/><E20/><AGARI ba="0,1" hai="13,18,20,77,81,84,105,106" m="41481,51242" machi="20" ten="30,5800,0" yaku="20,1,14,1,10,1" doraHai="22" who="0" fromWho="1" sc="250,68,240,-58,250,0,250,0" /><INIT seed="0,1,0,1,1,23" ten="318,182,250,250" oya="0" hai0="10,76,135,95,55,58,86,124,114,24,131,102,52" hai1="32,12,2,104,26,89,130,65,37,69,13,108,77" hai2="106,133,25,116,120,35,34,1,90,19,36,105,109" hai3="9,18,48,30,61,129,107,44,7,38,93,46,78"/><T134/><D114/><U17/><E37/><V47/><F116/><W70/><G107/><T123/><D123/><U84/><E84/><V16/><BYE who="1" /><F120/><W42/><G30/><T27/><D124/><U31/><E31/><V53/><F1/><UN n1="%E3%81%8B%E3%81%BF%E3%81%91%E3%82%93" /><W75/><G93/><T8/><D131/><U113/><E32/><V56/><F90/><W74/><G61/><T40/><D40/><U66/><E104/><V50/><F19/><W121/><G70/><T20/><D20/><U117/><E2/><V63/><F34/><W119/><G119/><T126/><D126/><U73/><E117/><V92/><F35/><W125/><G125/><T132/><D76/><U118/><E118/><V85/><F109/><W33/><G33/><T39/><D39/><U29/><E29/><V0/><F0/><W111/><G111/><T110/><D110/><U59/><E69/><V54/><F36/><W28/><G28/><T96/><D86/><U94/><E77/><V49/><F49/><W67/><G67/><T87/><D87/><U11/><E73/><V15/><F25/><N who="0" m="9802" /><D55/><U64/><E113/><V71/><F85/><W21/><G21/><T45/><D45/><U3/><E130/><V83/><F47/><W101/><G46/><T62/><AGARI ba="1,0" hai="8,10,52,58,62,95,96,102,132,134,135" m="9802" machi="62" ten="40,12000,1" yaku="20,1,52,3,54,1" doraHai="23" who="0" fromWho="0" sc="318,123,182,-41,250,-41,250,-41" /><INIT seed="0,2,0,3,0,51" ten="441,141,209,209" oya="0" hai0="32,13,135,62,132,48,66,45,6,98,80,59,113" hai1="30,55,117,124,7,27,10,43,99,96,91,74,86" hai2="84,126,41,100,68,57,111,14,107,76,104,123,1" hai3="67,112,119,133,46,18,73,85,77,12,127,134,118"/><T34/><D113/><U11/><E74/><V26/><F123/><W70/><G73/><T72/><D98/><U75/><E75/><V94/><F1/><W130/><G112/><T90/><D6/><U25/><E43/><V93/><F68/><W61/><G85/><T83/><D13/><U129/><E117/><V22/><F41/><W4/><G77/><T82/><D90/><U23/><E27/><V108/><F14/><W5/><G46/><T47/><D72/><U54/><E129/><V35/><F35/><W125/><G5/><T58/><D58/><U114/><E114/><V106/><F57/><W120/><G4/><T95/><D95/><N who="2" m="36362" /><F22/><W109/><G109/><N who="2" m="42057" /><F26/><W60/><G61/><T81/><D81/><N who="1" m="49615" /><E124/><N who="3" m="47690" /><G120/><T2/><D2/><U52/><E7/><V69/><F69/><W115/><G115/><T3/><D3/><U92/><E99/><N who="2" m="61471" /><F126/><W78/><G78/><T50/><D34/><U71/><E71/><V65/><F65/><W53/><G53/><N who="1" m="13570" /><U88/><AGARI ba="2,0" hai="10,11,23,25,30,88,92,96" m="13570,49615" machi="88" ten="30,16000,3" yaku="4,1,8,1,52,4,54,2" doraHai="51" who="1" fromWho="1" sc="441,-82,141,166,209,-42,209,-42" /><INIT seed="1,0,0,0,0,5" ten="359,307,167,167" oya="1" hai0="117,34,26,20,54,37,41,113,73,110,92,32,70" hai1="35,82,44,28,122,21,56,95,6,0,78,76,53" hai2="86,93,71,101,62,13,29,75,123,38,97,124,49" hai3="61,58,116,133,126,11,118,66,114,23,15,48,128"/><U81/><E35/><V10/><F123/><W31/><G114/><T83/><D110/><U108/><E122/><V72/><F38/><W2/><G2/><T98/><D70/><U89/><E44/><V9/><F124/><W3/><G3/><T63/><D41/><U46/><E46/><V134/><F134/><W135/><G128/><T96/><D96/><U127/><E127/><V42/><F29/><W94/><G94/><T107/><D107/><U43/><E43/><V77/><F86/><W67/><G66/><T115/><D117/><N who="3" m="45161" /><G48/><T52/><D37/><U109/><E28/><V59/><F71/><W102/><G102/><T45/><D34/><U103/><E103/><V8/><F13/><W105/><G105/><T1/><D1/><U4/><E21/><V19/><F19/><W30/><G23/><T40/><D32/><U85/><E4/><V50/><F77/><N who="1" m="29801" /><E6/><V79/><F42/><W51/><G51/><T18/><D115/><U87/><E0/><V57/><F57/><W39/><G39/><T64/><D40/><U131/><E131/><V65/><REACH who="2" step="1"/><F79/><REACH who="2" ten="359,307,157,167" step="2"/><W125/><G126/><T12/><D113/><U69/><E69/><V27/><F27/><W90/><G125/><T14/><D26/><U129/><E129/><V84/><F84/><W17/><G90/><T60/><D45/><U120/><E120/><V36/><F36/><W24/><G24/><T121/><D121/><U25/><E25/><V119/><F119/><W91/><G91/><T80/><D18/><U100/><E85/><V106/><F106/><W47/><G47/><T55/><D14/><RYUUKYOKU ba="0,1" sc="359,-15,307,-15,157,15,167,15" hai2="8,9,10,49,50,59,62,65,72,75,93,97,101" hai3="11,15,17,30,31,58,61,67,133,135" /><INIT seed="2,1,1,2,5,106" ten="344,292,172,182" oya="2" hai0="44,65,25,133,32,62,104,85,28,91,96,125,82" hai1="111,55,56,93,9,13,51,24,10,129,75,21,86" hai2="37,3,127,41,6,98,73,48,88,5,101,81,80" hai3="102,110,58,100,40,135,68,29,90,112,53,77,4"/><V108/><F127/><W11/><G68/><T60/><D133/><U42/><E129/><V52/><F108/><W130/><G29/><T54/><D125/><U70/><E70/><V117/><F117/><W20/><G110/><T114/><D114/><U30/><E111/><V103/><F6/><W23/><G135/><T18/><D18/><U26/><E26/><V92/><F5/><W12/><G90/><T19/><D19/><U38/><E75/><V116/><F116/><W97/><G130/><T2/><D2/><U109/><E109/><V43/><F37/><W7/><G4/><T8/><D8/><U115/><E115/><V16/><F3/><W47/><G97/><T0/><D0/><U79/><E13/><V15/><F73/><W76/><G100/><N who="2" m="38473" /><F80/><W72/><G77/><T123/><D123/><U84/><E38/><V107/><F81/><W31/><G31/><T67/><D104/><U59/><E79/><V121/><F107/><W122/><G102/><T22/><D32/><U113/><E113/><V49/><F121/><W132/><G132/><T46/><D96/><U71/><E71/><V35/><F48/><W99/><G99/><T83/><D83/><U89/><E84/><V36/><F36/><W119/><G119/><T95/><D82/><U63/><REACH who="1" step="1"/><E42/><REACH who="1" ten="344,282,172,182" step="2"/><V105/><F35/><W128/><G128/><T87/><D87/><U94/><E94/><V33/><F33/><W39/><G122/><T57/><D54/><AGARI ba="1,2" hai="9,10,21,24,30,51,54,55,56,59,63,86,89,93" machi="54" ten="30,3900,0" yaku="1,1,7,1,8,1,53,0" doraHai="106" doraHaiUra="74" who="1" fromWho="0" sc="344,-42,282,62,172,0,182,0" /><INIT seed="3,0,0,4,5,75" ten="302,344,172,182" oya="3" hai0="74,53,5,32,34,15,29,125,135,8,100,131,83" hai1="117,107,86,14,35,31,91,61,97,43,50,110,65" hai2="109,99,1,19,79,80,77,104,59,3,4,101,129" hai3="20,52,11,47,57,115,108,38,118,133,81,127,67"/><W128/><G118/><T41/><D125/><U93/><E117/><V124/><F124/><W28/><G115/><T84/><D74/><U16/><E110/><V12/><F109/><W48/><G127/><T132/><D131/><U6/><E6/><V18/><F129/><W55/><G108/><T2/><D100/><U90/><E107/><V96/><F96/><W56/><G128/><T103/><D103/><U111/><E111/><V105/><F105/><W122/><G122/><T40/><D53/><U64/><E31/><V72/><F77/><W30/><G38/><T126/><D2/><U73/><E35/><N who="0" m="13353" /><D29/><U68/><E73/><V114/><F114/><W66/><G11/><T89/><D126/><U42/><E50/><V87/><F59/><W92/><G92/><T60/><D60/><U21/><REACH who="1" step="1"/><E64/><REACH who="1" ten="302,334,172,182" step="2"/><V36/><F4/><W39/><G39/><T130/><D130/><U94/><AGARI ba="0,1" hai="14,16,21,42,43,61,65,68,86,90,91,93,94,97" machi="94" ten="20,8000,1" yaku="1,1,2,1,0,1,7,1,54,1,53,0" doraHai="75" doraHaiUra="33" who="1" fromWho="1" sc="302,-20,334,90,172,-20,182,-40" /><INIT seed="4,0,0,3,0,21" ten="282,424,152,142" oya="0" hai0="49,12,133,57,98,126,105,119,40,121,38,33,7" hai1="92,102,42,83,72,44,117,63,94,97,30,101,0" hai2="91,6,79,53,28,132,51,27,107,58,80,36,8" hai3="22,124,86,13,125,89,103,60,11,46,2,55,87"/><T41/><D119/><U1/><E117/><V114/><F132/><W76/><G103/><T25/><D121/><U127/><E127/><N who="3" m="48714" /><G2/><T95/><D105/><U65/><E72/><V54/><F114/><W85/><G76/><T47/><D133/><U111/><E83/><V48/><F107/><W43/><G55/><T75/><D41/><U106/><E102/><V82/><F36/><W62/><G22/><T16/><D7/><U78/><E78/><V50/><F91/><W71/><G89/><T130/><D130/><U45/><E45/><V84/><F82/><W115/><G115/><T96/><D75/><U112/><E112/><V3/><REACH who="2" step="1"/><F58/><REACH who="2" ten="282,424,142,142" step="2"/><W26/><G71/><T31/><D126/><U9/><E106/><V20/><AGARI ba="0,1" hai="3,6,8,20,27,28,48,50,51,53,54,79,80,84" machi="20" ten="30,7900,0" yaku="1,1,2,1,0,1,52,1,53,0" doraHai="21" doraHaiUra="129" who="2" fromWho="2" sc="282,-39,424,-20,142,89,142,-20" /><INIT seed="5,0,0,3,4,45" ten="243,404,231,122" oya="1" hai0="29,56,13,51,72,104,4,64,12,112,117,16,24" hai1="132,123,133,52,114,84,76,94,82,1,7,131,69" hai2="81,115,118,110,121,88,43,28,8,92,109,61,89" hai3="0,70,30,65,105,107,116,108,25,26,91,74,17"/><U37/><E123/><V83/><F118/><W23/><G74/><T90/><D104/><U57/><E69/><V62/><F43/><W9/><G108/><T75/><D112/><U103/><E114/><V97/><F8/><W127/><G91/><T135/><D135/><N who="1" m="51787" /><E37/><V130/><F28/><W33/><G127/><T126/><D4/><U10/><E103/><V38/><F38/><W113/><G116/><T27/><D64/><U41/><E41/><V47/><F47/><W18/><G17/><T31/><D126/><U85/><E94/><V44/><F44/><W39/><G39/><T48/><D56/><U71/><E71/><V54/><F54/><W101/><G113/><T60/><D117/><U32/><E32/><V96/><F115/><W128/><G128/><T100/><D100/><U86/><E131/><V122/><REACH who="2" step="1"/><F92/><REACH who="2" ten="243,404,221,122" step="2"/><W53/><G53/><T40/><D40/><U58/><E58/><V35/><F35/><W119/><G119/><T63/><D16/><U77/><E82/><V106/><F106/><W68/><G107/><T66/><D66/><U80/><E80/><V2/><F2/><W102/><G65/><T21/><D21/><U49/><AGARI ba="0,1" hai="1,7,10,49,52,57,76,77,84,85,86" m="51787" machi="49" ten="30,6000,0" yaku="20,1,52,1,54,1" doraHai="45" who="1" fromWho="1" sc="243,-20,404,70,221,-20,122,-20" /><INIT seed="5,1,0,4,2,57" ten="223,474,201,102" oya="1" hai0="6,70,95,126,93,75,135,102,7,97,114,13,84" hai1="122,43,133,61,99,31,88,131,104,39,16,106,11" hai2="59,9,36,28,74,117,105,52,125,48,108,92,58" hai3="113,56,77,79,44,19,24,53,123,45,1,111,32"/><U129/><E122/><V4/><F108/><W103/><G1/><T10/><D75/><U132/><E31/><V50/><F117/><W68/><G111/><T18/><D114/><U101/><E106/><V25/><F125/><W15/><G68/><T21/><D135/><N who="1" m="51787" /><E39/><V109/><F109/><W14/><G103/><T51/><D70/><U66/><E43/><V30/><F105/><W116/><G113/><T130/><D130/><N who="1" m="49675" /><E88/><V26/><F74/><W119/><G32/><T64/><D126/><U55/><E55/><V85/><F36/><W47/><G123/><T65/><D7/><U121/><E121/><V118/><F118/><N who="3" m="45099" /><G24/><T27/><D51/><U8/><E16/><V128/><F128/><W91/><G91/><AGARI ba="1,0" hai="6,10,13,18,21,27,64,65,84,91,93,95,97,102" machi="91" ten="40,1300,0" yaku="8,1" doraHai="57" who="0" fromWho="3" sc="223,16,474,0,201,0,102,-16" /><INIT seed="6,0,0,5,5,55" ten="239,474,201,86" oya="2" hai0="127,66,108,79,46,25,23,3,129,18,65,67,122" hai1="110,76,126,14,91,28,116,15,26,103,38,35,117" hai2="34,72,36,43,31,87,89,39,2,93,98,118,100" hai3="8,20,123,135,99,107,4,105,22,81,60,42,17"/><V83/><F118/><W113/><G42/><T19/><D108/><U71/><E71/><V114/><F114/><W92/><G123/><T10/><D122/><U27/><E38/><V21/><F2/><W62/><G81/><T124/><D129/><U97/><E110/><V0/><F0/><W32/><G32/><T88/><D79/><U52/><E126/><N who="0" m="48169" /><D46/><U90/><E76/><V29/><F34/><W56/><G62/><T48/><D48/><U57/><E116/><V86/><F86/><W54/><G22/><T24/><D88/><U78/><E78/><V102/><F102/><W13/><G135/><T6/><D25/><U7/><E26/><V59/><F59/><W70/><G70/><T109/><D109/><U134/><E14/><V53/><F53/><W111/><G113/><T106/><D106/><U74/><E117/><V33/><F33/><W69/><G69/><T49/><D49/><U64/><E74/><V63/><F63/><W121/><G121/><T95/><D95/><U51/><E64/><V104/><F43/><W112/><G112/><T45/><D45/><U131/><E134/><V1/><F1/><W84/><G84/><T50/><D50/><U77/><E77/><N who="2" m="44455" /><F31/><AGARI ba="0,0" hai="3,6,10,18,19,23,24,31,65,66,67" m="48169" machi="31" ten="30,1000,0" yaku="18,1" doraHai="55" who="0" fromWho="2" sc="239,10,474,0,201,-10,86,0" /><INIT seed="7,0,0,1,2,98" ten="249,474,191,86" oya="3" hai0="106,102,58,6,126,125,134,1,48,75,54,84,128" hai1="22,8,49,105,121,40,17,60,5,64,78,71,81" hai2="108,46,63,77,53,88,94,86,59,31,39,132,104" hai3="0,55,61,118,87,13,70,32,18,122,79,80,62"/><W113/><G0/><T107/><D128/><U24/><E121/><V33/><F108/><W34/><G122/><T4/><D134/><U129/><E129/><V82/><F132/><W124/><G118/><T23/><D75/><U74/><E105/><V100/><F39/><W119/><G119/><T44/><D84/><U95/><E95/><V131/><F131/><W42/><G42/><T20/><D44/><U47/><E5/><N who="0" m="2153" /><D1/><U37/><REACH who="1" step="1"/><E8/><REACH who="1" ten="249,464,191,86" step="2"/><V127/><BYE who="1" /><F127/><N who="0" m="48650" /><D107/><U41/><E41/><V99/><F46/><W25/><G113/><T7/><D7/><U130/><E130/><V96/><F31/><UN n1="%E3%81%8B%E3%81%BF%E3%81%91%E3%82%93" /><W19/><G124/><T38/><D38/><AGARI ba="0,1" hai="17,22,24,37,38,40,47,49,60,64,71,74,78,81" machi="38" ten="40,1300,0" yaku="1,1,53,0" doraHai="98" doraHaiUra="111" who="1" fromWho="0" sc="249,-13,464,23,191,0,86,0" owari="236,4.0,487,58.0,191,-21.0,86,-41.0" /></mjloggm>