<mjloggm ver="2.3"><GO type="41" lobby="0"/><UN n0="%28%2A%EF%BD%80%E3%83%BC%C2%B4%29" n1="%61%65%67%69%73%33%30%33" n2="%E9%89%84%E7%81%AB%E5%A0%B4" n3="%E2%93%9D%53%75%70%68%78" dan="15,13,13,18" rate="2033.05,1874.51,1871.62,2098.74" sx="M,M,M,M"/><TAIKYOKU oya="0"/><INIT seed="0,0,0,2,5,30" ten="250,250,250,250" oya="0" hai0="12,73,39,105,89,115,129,99,108,22,134,7,94" hai1="54,121,93,58,48,1,41,114,16,110,78,20,55" hai2="103,27,122,51,75,47,65,125,50,117,87,128,63" hai3="84,19,124,3,85,9,91,57,116,118,46,112,76"/><T8/><D39/><U80/><E121/><V77/><F122/><W2/><G112/><T21/><D115/><U72/><E1/><V13/><F128/><W95/><G124/><T29/><D73/><U123/><E123/><V4/><F125/><W14/><G46/><T31/><D129/><U60/><E114/><V98/><F75/><W126/><G126/><T111/><D134/><U52/><E110/><N who="0" m="42025" /><D105/><U36/><E36/><V131/><F131/><W83/><REACH who="3" step="1"/><G57/><REACH who="3" ten="250,250,250,240" step="2"/><T56/><D56/><U127/><E127/><V24/><F117/><AGARI ba="0,1" hai="2,3,9,14,19,76,83,84,85,91,95,116,117,118" machi="117" ten="40,2600,0" yaku="1,1,2,1,53,0" doraHai="30" doraHaiUra="26" who="3" fromWho="2" sc="250,0,250,0,250,-26,240,36" /><INIT seed="1,0,0,5,1,75" ten="250,250,224,276" oya="1" hai0="111,4,31,60,39,47,52,122,135,66,96,70,90" hai1="6,8,24,126,109,98,95,116,68,114,35,106,83" hai2="74,15,103,40,78,80,50,51,63,102,85,54,17" hai3="108,105,43,69,113,5,19,132,128,84,53,0,62"/><U133/><E116/><V88/><F63/><W9/><G108/><T79/><D31/><U93/><E114/><V59/><F50/><W81/><G128/><T11/><D111/><U18/><E109/><V3/><F3/><W99/><G132/><T72/><D135/><U92/><E133/><V134/><F40/><W76/><G113/><T12/><D122/><U41/><E68/><V129/><F129/><W64/><G43/><T115/><D115/><U71/><E126/><V29/><F29/><W20/><G99/><T46/><D39/><U112/><E112/><V120/><F120/><W101/><G101/><T125/><D125/><U44/><E71/><V127/><F127/><W16/><G105/><T119/><D119/><U30/><E18/><V25/><F25/><W104/><G104/><T67/><D67/><U123/><E123/><V58/><F58/><W42/><G42/><T10/><D10/><U32/><E32/><V94/><REACH who="2" step="1"/><F134/><REACH who="2" ten="250,250,214,276" step="2"/><W14/><G53/><T26/><D26/><U22/><E35/><V48/><F48/><W2/><REACH who="3" step="1"/><G19/><REACH who="3" ten="250,250,214,266" step="2"/><T117/><D117/><U77/><E106/><V1/><F1/><AGARI ba="0,2" hai="0,1,2,5,9,14,16,20,62,64,69,76,81,84" machi="1" ten="30,8000,1" yaku="1,1,2,1,7,1,52,1,54,1,53,0" doraHai="75" doraHaiUra="27" who="3" fromWho="2" sc="250,0,250,0,214,-80,266,100" /><INIT seed="2,0,0,1,1,68" ten="250,250,134,366" oya="2" hai0="110,53,73,18,39,38,36,52,71,19,101,119,24" hai1="98,35,133,32,6,8,95,31,128,125,97,13,41" hai2="42,20,55,60,44,72,21,14,78,91,67,1,108" hai3="15,130,30,122,115,105,10,87,129,47,5,49,82"/><V99/><F1/><W120/><G105/><T75/><D71/><U90/><E133/><V124/><F55/><N who="0" m="21066" /><D101/><U3/><E128/><N who="3" m="49258" /><G30/><T16/><D24/><U104/><E125/><V70/><F124/><W43/><G115/><T50/><D50/><U65/><E3/><V56/><F70/><W54/><G54/><T40/><D40/><U27/><E35/><V83/><F14/><W93/><G93/><T114/><D114/><U113/><E113/><V74/><F74/><N who="0" m="28170" /><D110/><U117/><E117/><AGARI ba="0,0" hai="16,18,19,36,38,39,117,119" m="28170,21066" machi="117" ten="50,12000,2" yaku="28,2,52,3,54,2" doraHai="68" who="0" fromWho="1" sc="250,120,250,-120,134,0,366,0" /><INIT seed="3,0,0,5,1,47" ten="370,130,134,366" oya="3" hai0="12,131,27,24,1,52,89,96,77,104,2,120,63" hai1="83,34,110,79,76,97,122,48,9,128,98,117,132" hai2="121,127,95,40,14,11,126,72,101,59,44,56,70" hai3="75,0,50,125,7,43,35,66,55,60,115,113,33"/><W129/><G75/><T112/><D120/><U91/><E34/><V39/><F70/><W16/><G7/><T81/><D131/><U28/><E122/><V41/><F72/><W84/><G0/><T8/><D1/><U36/><E36/><V82/><F82/><W6/><G6/><T32/><D32/><U111/><E28/><V67/><F41/><W124/><G84/><T46/><D2/><U107/><E9/><V62/><F59/><N who="3" m="33271" /><G35/><T103/><D112/><N who="3" m="43081" /><G16/><N who="0" m="8199" /><D77/><U4/><E4/><V26/><F26/><W20/><G20/><T123/><D123/><U74/><E117/><V21/><F21/><W57/><G33/><T94/><D104/><U13/><E13/><V51/><F121/><W37/><G129/><T93/><D63/><U10/><E10/><V22/><F22/><W109/><G109/><N who="1" m="41482" /><E128/><V80/><F80/><W100/><G100/><T69/><D69/><U133/><E79/><V90/><F101/><W25/><G25/><T5/><D5/><U68/><E68/><V71/><F71/><W23/><G23/><T105/><D105/><U49/><E107/><V88/><F39/><W130/><G130/><T108/><D108/><U118/><E118/><V17/><REACH who="2" step="1"/><F90/><REACH who="2" ten="370,130,124,366" step="2"/><W87/><G37/><T116/><D116/><U3/><E91/><V61/><F61/><W86/><G43/><T114/><D114/><U64/><E3/><V85/><AGARI ba="0,1" hai="11,14,17,40,44,51,56,62,67,85,88,95,126,127" machi="85" ten="30,7900,0" yaku="1,1,0,1,52,1,54,1,53,0" doraHai="47" doraHaiUra="102" who="2" fromWho="2" sc="370,-20,130,-20,124,89,366,-39" /><INIT seed="4,0,0,0,1,44" ten="350,110,213,327" oya="0" hai0="85,24,25,113,100,45,98,133,132,88,78,120,89" hai1="72,79,82,67,74,54,122,2,64,92,59,16,62" hai2="14,84,75,93,99,95,20,66,104,94,110,26,60" hai3="128,22,109,115,33,73,42,124,91,87,58,10,68"/><T63/><D120/><U40/><E122/><V86/><F75/><W71/><G109/><T13/><D113/><U12/><E2/><V130/><F110/><W46/><G33/><T29/><D63/><U107/><E107/><V35/><F130/><W18/><G124/><T135/><D13/><U34/><E34/><V81/><F14/><W48/><G73/><T121/><D121/><U125/><E125/><V51/><F51/><W57/><G115/><T7/><D7/><U77/><E40/><V55/><F55/><W126/><G128/><T21/><D25/><U6/><E6/><V102/><F86/><W56/><G10/><T30/><D30/><U38/><E38/><V90/><F35/><W15/><REACH who="3" step="1"/><G126/><REACH who="3" ten="350,110,213,317" step="2"/><T5/><D5/><U108/><E108/><V103/><F103/><W76/><G76/><T31/><D31/><U4/><E4/><V47/><F47/><W43/><G43/><T32/><D32/><U70/><E92/><AGARI ba="0,1" hai="15,18,22,42,46,48,56,57,58,68,71,87,91,92" machi="92" ten="40,5200,0" yaku="1,1,52,1,53,1" doraHai="44" doraHaiUra="8" who="3" fromWho="1" sc="350,0,110,-52,213,0,317,62" /><INIT seed="5,0,0,3,5,37" ten="350,58,213,379" oya="1" hai0="1,51,18,19,120,88,81,29,53,74,64,56,44" hai1="85,70,6,61,90,20,43,49,3,75,40,73,69" hai2="126,15,130,92,102,86,108,128,52,107,115,21,59" hai3="121,7,93,54,66,129,109,60,63,12,94,105,4"/><U9/><E20/><V45/><F108/><W28/><G105/><T41/><D1/><U11/><E49/><V118/><F118/><W46/><G129/><N who="2" m="49769" /><F45/><W26/><G121/><T17/><D120/><U79/><E11/><V77/><F126/><W57/><G109/><T48/><D29/><U99/><E99/><N who="2" m="61919" /><F115/><W76/><G76/><T125/><D125/><U78/><E78/><V80/><F92/><W68/><G46/><T30/><D30/><U82/><E75/><V103/><F103/><W132/><G132/><T133/><D133/><U0/><E0/><V91/><F21/><W117/><G117/><T47/><D74/><U114/><E114/><V8/><F77/><W38/><G94/><T35/><D35/><U36/><E36/><V16/><F59/><W62/><G93/><T27/><D27/><U98/><E98/><V72/><F72/><W89/><G26/><T87/><D64/><U31/><E31/><V39/><F39/><W33/><G38/><T112/><D112/><U10/><E10/><V23/><F8/><W83/><G28/><T97/><D97/><U5/><E5/><V34/><F34/><W65/><G33/><T14/><REACH who="0" step="1"/><D56/><REACH who="0" ten="340,58,213,379" step="2"/><U95/><REACH who="1" step="1"/><E69/><REACH who="1" ten="340,48,213,379" step="2"/><V32/><F32/><W124/><G68/><T24/><D24/><U84/><E84/><V106/><F106/><W111/><G124/><T50/><D50/><U127/><E127/><V42/><F86/><W13/><G111/><T96/><D96/><U71/><E71/><V22/><F22/><AGARI ba="0,2" hai="14,17,18,19,22,41,44,47,48,51,53,81,87,88" machi="22" ten="30,8000,1" yaku="1,1,7,1,8,1,52,1,54,1,53,0" doraHai="37" doraHaiUra="101" who="0" fromWho="2" sc="340,100,48,0,213,-80,379,0" /><INIT seed="6,0,0,3,5,62" ten="440,48,133,379" oya="2" hai0="56,105,10,18,115,82,53,130,61,92,95,90,85" hai1="93,1,84,39,102,9,117,11,74,54,70,44,3" hai2="35,97,75,133,88,5,55,13,100,94,87,7,26" hai3="15,42,40,64,22,17,77,59,41,99,111,81,69"/><V86/><F75/><W20/><G69/><T46/><D105/><U33/><E33/><V71/><F71/><W43/><G111/><T83/><D115/><U132/><E117/><V120/><F120/><W107/><G107/><T2/><D130/><U0/><E74/><V116/><F116/><W76/><G43/><T109/><D109/><U127/><E127/><V134/><F87/><W66/><G99/><T68/><D68/><U63/><E132/><N who="2" m="50795" /><F13/><W12/><G59/><T8/><D46/><U58/><E70/><V57/><F26/><W25/><G15/><T72/><D72/><U29/><E29/><V125/><F35/><W114/><G114/><T119/><D119/><U31/><E31/><V106/><F125/><W34/><G34/><T38/><D38/><U19/><E19/><V14/><F14/><W98/><G98/><T122/><D122/><U52/><E102/><V91/><F91/><W16/><REACH who="3" step="1"/><G81/><REACH who="3" ten="440,48,133,369" step="2"/><N who="0" m="30731" /><D2/><U103/><E39/><V30/><F30/><W89/><G89/><T101/><D101/><U48/><REACH who="1" step="1"/><E84/><REACH who="1" ten="440,38,133,369" step="2"/><V60/><AGARI ba="0,2" hai="5,7,55,57,60,86,88,94,97,100,106" m="50795" machi="60" ten="30,3000,0" yaku="20,1,54,1" doraHai="62" who="2" fromWho="2" sc="440,-10,38,-10,133,50,369,-10" /><INIT seed="6,1,0,0,2,56" ten="430,28,183,359" oya="2" hai0="67,79,88,98,118,7,66,116,70,101,5,33,25" hai1="77,38,28,91,47,85,42,45,50,78,110,54,15" hai2="114,43,24,41,131,12,13,108,69,87,74,125,31" hai3="92,73,120,83,59,102,124,109,129,62,122,107,6"/><V44/><F74/><W60/><G109/><T100/><D79/><U121/><E110/><V32/><F108/><W115/><G107/><T64/><D70/><U63/><E121/><V61/><F114/><W53/><G129/><T135/><D135/><U16/><E28/><V35/><F35/><W126/><G6/><N who="0" m="2059" /><D33/><U86/><E86/><V46/><F131/><W36/><G36/><T9/><D9/><U99/><E99/><V133/><F133/><W93/><G115/><T71/><D71/><U19/><E19/><V75/><F75/><W39/><G39/><T37/><D37/><U103/><E103/><N who="0" m="39497" /><D25/><U89/><E89/><V2/><F2/><W30/><G102/><T14/><D14/><U8/><REACH who="1" step="1"/><E63/><REACH who="1" ten="430,18,183,359" step="2"/><V134/><F134/><W29/><G73/><T3/><D118/><U106/><E106/><V84/><F84/><W26/><G26/><T58/><D116/><U95/><AGARI ba="1,1" hai="8,15,16,38,42,45,47,50,54,77,78,85,91,95" machi="95" ten="20,8000,1" yaku="1,1,0,1,7,1,54,1,53,1" doraHai="56" doraHaiUra="49" who="1" fromWho="1" sc="430,-21,18,93,183,-41,359,-21" /><INIT seed="7,0,0,2,4,16" ten="409,111,142,338" oya="3" hai0="134,72,28,26,19,133,20,32,115,0,93,24,111" hai1="107,5,81,14,117,103,8,47,21,65,63,95,49" hai2="122,67,100,56,113,116,87,125,33,97,1,12,7" hai3="126,23,108,18,88,79,131,92,6,30,80,86,39"/><W127/><G39/><T15/><D72/><U76/><E117/><V9/><F116/><W78/><G30/><N who="0" m="17671" /><D93/><U35/><E35/><V70/><F33/><W98/><G6/><T46/><D46/><U10/><E107/><V105/><F113/><W17/><G17/><T135/><D111/><U36/><E36/><V25/><F25/><N who="3" m="14583" /><G131/><T114/><D0/><U109/><E109/><V74/><F74/><W123/><G108/><T102/><D102/><U62/><E10/><AGARI ba="0,0" hai="10,15,19,26,28,32,114,115,133,134,135" m="17671" machi="10" ten="40,8000,1" yaku="20,1,34,2,52,1" doraHai="16" who="0" fromWho="1" sc="409,80,111,-80,142,0,338,0" owari="489,59.0,31,-47.0,142,-26.0,338,14.0" /></mjloggm>