<mjloggm ver="2.3"><GO type="41" lobby="0"/><UN n0="%E3%82%BF%E3%82%A4%E3%82%AC%E3%83%BC%E3%83%81%E3%83%A3%E3%83%BC%E3%82%B8" n1="%E5%A0%B4%E4%BB%A3%E3%81%A1%E3%82%83%E3%82%89" n2="%E2%93%9D%53%75%70%68%78" n3="%E3%81%AF%E3%81%90%E3%82%8C%E7%89%8C" dan="13,13,18,13" rate="1862.95,1893.64,2088.72,1855.58" sx="M,M,M,M"/><TAIKYOKU oya="0"/><INIT seed="0,0,0,3,5,1" ten="250,250,250,250" oya="0" hai0="126,96,111,45,19,43,69,115,106,41,101,134,59" hai1="61,56,109,16,24,62,36,20,2,124,7,129,23" hai2="33,125,5,97,46,112,70,94,117,68,127,85,30" hai3="4,34,91,3,79,11,135,83,65,0,133,105,64"/><T47/><D115/><U35/><E35/><V99/><F112/><W66/><G34/><T86/><D134/><N who="3" m="51209" /><G105/><T37/><D126/><N who="2" m="48138" /><F117/><W29/><G29/><T8/><D69/><N who="2" m="26730" /><F46/><W27/><G27/><T76/><D111/><U42/><E124/><V32/><F30/><W89/><G3/><T25/><D59/><U48/><E129/><V93/><F85/><AGARI ba="0,0" hai="0,4,11,64,65,66,79,83,85,89,91" m="51209" machi="85" ten="30,2000,0" yaku="20,1,52,1" doraHai="1" who="3" fromWho="2" sc="250,0,250,0,250,-20,250,20" /><INIT seed="1,0,0,5,0,31" ten="250,250,230,270" oya="1" hai0="99,70,63,42,34,24,2,73,30,109,45,86,1" hai1="62,100,71,135,57,131,14,89,83,111,41,50,3" hai2="22,98,39,64,36,48,128,67,124,5,79,32,55" hai3="95,92,4,120,29,125,44,23,0,80,103,119,91"/><U126/><E3/><V11/><F128/><W105/><G120/><T52/><D109/><U132/><E131/><V133/><F133/><W59/><G125/><T20/><D73/><U102/><E126/><V49/><F22/><W47/><G105/><T93/><D86/><U51/><E71/><V107/><F79/><W104/><G104/><T6/><D6/><U113/><E113/><V66/><F124/><W15/><G80/><T61/><D70/><U75/><E111/><V96/><F107/><W108/><G0/><T90/><D63/><U54/><E14/><V72/><F55/><W134/><G95/><T110/><D110/><U130/><E130/><V65/><F65/><W81/><G119/><T40/><D40/><U85/><E75/><V19/><F19/><W10/><G59/><T12/><D12/><U56/><E50/><V13/><F72/><W43/><G43/><T16/><D61/><U46/><REACH who="1" step="1"/><E57/><REACH who="1" ten="250,240,230,270" step="2"/><V97/><F49/><W127/><G127/><T77/><D77/><U25/><E25/><V28/><REACH who="2" step="1"/><F48/><REACH who="2" ten="250,240,220,270" step="2"/><W121/><G108/><T26/><REACH who="0" step="1"/><D52/><REACH who="0" ten="240,240,220,270" step="2"/><U33/><E33/><V18/><F18/><W53/><G53/><T117/><D117/><U129/><E129/><V82/><F82/><W21/><G81/><T74/><D74/><U37/><E37/><AGARI ba="0,3" hai="1,2,16,20,24,26,30,34,37,42,45,90,93,99" machi="37" ten="30,8000,1" yaku="1,1,7,1,52,1,54,1,53,1" doraHai="31" doraHaiUra="38" who="0" fromWho="1" sc="240,110,240,-80,220,0,270,0" /><INIT seed="2,0,0,1,0,60" ten="350,160,220,270" oya="2" hai0="135,79,123,55,35,92,99,30,94,83,107,16,52" hai1="36,69,105,98,21,37,100,49,129,46,128,96,47" hai2="27,73,4,3,87,63,51,28,8,12,111,104,50" hai3="113,38,5,97,78,115,81,53,110,116,18,24,124"/><V58/><F73/><W45/><G116/><T74/><D123/><U95/><E69/><V41/><F104/><W80/><G5/><T56/><D135/><U84/><E84/><V0/><F111/><W9/><G124/><T25/><D55/><U29/><E29/><V1/><F41/><W61/><G110/><T122/><D122/><U131/><E21/><V132/><F132/><W72/><G97/><T57/><D57/><U108/><E108/><V121/><F121/><W120/><G120/><T40/><D40/><U66/><E66/><V102/><F102/><W112/><G38/><T70/><D70/><U44/><REACH who="1" step="1"/><E49/><REACH who="1" ten="350,150,220,270" step="2"/><V114/><F87/><W90/><G72/><T13/><D107/><U85/><E85/><V7/><F51/><W109/><G109/><T65/><D65/><U77/><E77/><V91/><F50/><W127/><G78/><T23/><D99/><U10/><E10/><V134/><F134/><W48/><G9/><T17/><D17/><U118/><E118/><V103/><F7/><W64/><G127/><T130/><D130/><U39/><E39/><V59/><F4/><W71/><G90/><AGARI ba="0,1" hai="36,37,44,46,47,90,95,96,98,100,105,128,129,131" machi="90" ten="50,3200,0" yaku="1,1,19,1,53,0" doraHai="60" doraHaiUra="11" who="1" fromWho="3" sc="350,0,150,42,220,0,270,-32" /><INIT seed="3,0,0,4,1,6" ten="350,192,220,238" oya="3" hai0="18,7,48,11,52,4,132,16,63,111,95,2,49" hai1="34,15,65,77,39,73,68,84,74,51,125,54,19" hai2="41,98,43,64,10,83,23,45,89,127,109,110,24" hai3="120,20,44,106,72,33,100,67,93,87,21,1,86"/><W121/><G33/><T99/><D111/><N who="2" m="42506" /><F64/><W94/><G67/><T129/><D132/><U117/><E39/><V50/><F127/><W123/><G72/><T17/><D129/><U47/><E34/><V70/><F70/><W91/><G1/><T14/><D4/><U75/><E117/><V133/><F133/><W79/><G44/><T57/><REACH who="0" step="1"/><D2/><REACH who="0" ten="340,192,220,238" step="2"/><U122/><E122/><V3/><F3/><W69/><G69/><T58/><D58/><U85/><E125/><V108/><F108/><W107/><G21/><T35/><D35/><U128/><E128/><V60/><F23/><W42/><G20/><T81/><D81/><U26/><E68/><V62/><F83/><N who="3" m="47487" /><G42/><T131/><D131/><U92/><E75/><V118/><F43/><W78/><G78/><T71/><D71/><U112/><E74/><V30/><F41/><W82/><G82/><T115/><D115/><U113/><E73/><V126/><F126/><W12/><G12/><T46/><D46/><U134/><E134/><V61/><F45/><W56/><G56/><T25/><D25/><U119/><E113/><V101/><F24/><W53/><G53/><T13/><D13/><U9/><E112/><V96/><F118/><W5/><G5/><T102/><AGARI ba="0,1" hai="7,11,14,16,17,18,48,49,52,57,63,95,99,102" machi="102" ten="30,12000,2" yaku="1,1,0,1,8,1,52,1,54,2,53,0" doraHai="6" doraHaiUra="36" who="0" fromWho="0" sc="340,130,192,-30,220,-30,238,-60" /><INIT seed="4,0,0,1,2,14" ten="470,162,190,178" oya="0" hai0="119,108,48,78,55,107,60,115,24,93,76,111,28" hai1="31,109,97,95,94,120,1,112,102,39,99,51,10" hai2="44,126,5,32,124,118,4,101,52,22,66,123,17" hai3="132,89,6,96,65,67,74,62,121,125,46,86,35"/><T100/><D119/><U91/><E120/><V8/><F66/><W84/><G35/><T113/><D107/><U45/><E39/><V0/><F123/><W130/><G121/><T26/><D60/><U61/><E112/><N who="0" m="43081" /><D100/><U37/><E37/><V21/><F32/><W54/><G74/><T105/><D105/><U116/><E116/><V3/><F101/><W12/><G132/><T42/><D42/><U9/><E1/><N who="2" m="587" /><F52/><W127/><G130/><T19/><D93/><U59/><E31/><V47/><F47/><W27/><G96/><T34/><D76/><U117/><E109/><V2/><F44/><W85/><G89/><T53/><D78/><U110/><E110/><N who="0" m="42025" /><D48/><U36/><E36/><V25/><F118/><W43/><G62/><T70/><D70/><U13/><E117/><V64/><F64/><W57/><G54/><T80/><D80/><U20/><E61/><V82/><F82/><W49/><G57/><T122/><D122/><U134/><E59/><V58/><F58/><W18/><G127/><N who="2" m="48681" /><F5/><W15/><G125/><T83/><D83/><U63/><E63/><V92/><F92/><W81/><G6/><T104/><D104/><U73/><E95/><V114/><F114/><W71/><G81/><T30/><D55/><U106/><E106/><V16/><F25/><W11/><G71/><T79/><D53/><U87/><E102/><V38/><F38/><W68/><G68/><T7/><D79/><U50/><E94/><V77/><F77/><W69/><G69/><T129/><D7/><U128/><E91/><V131/><F131/><W103/><G103/><RYUUKYOKU ba="0,0" sc="470,-10,162,-10,190,30,178,-10" hai2="2,4,8,16,17,21,22" /><INIT seed="5,1,0,4,3,56" ten="460,152,220,168" oya="1" hai0="64,104,41,6,44,123,48,19,114,74,81,127,29" hai1="97,39,80,31,38,135,108,75,109,131,88,93,86" hai2="70,51,62,71,117,128,100,45,96,90,63,17,26" hai3="32,105,83,50,79,42,37,2,95,53,7,21,25"/><U110/><E131/><V134/><F117/><W103/><G105/><T0/><D104/><U24/><E75/><V28/><F134/><W35/><G103/><T3/><D29/><U20/><REACH who="1" step="1"/><E135/><REACH who="1" ten="460,142,220,168" step="2"/><V133/><F133/><W106/><G106/><T65/><D123/><U92/><E92/><V49/><F128/><W122/><G95/><T14/><D114/><U87/><E87/><V101/><F96/><W121/><G122/><T107/><D74/><U67/><E67/><V10/><F101/><AGARI ba="1,1" hai="20,24,31,38,39,80,86,88,93,97,101,108,109,110" machi="101" ten="40,7700,0" yaku="1,1,10,1,54,1,53,0" doraHai="56" doraHaiUra="5" who="1" fromWho="2" sc="460,0,142,90,220,-80,168,0" /><INIT seed="5,2,0,2,4,42" ten="460,232,140,168" oya="1" hai0="4,68,110,25,120,77,67,51,2,38,93,27,76" hai1="121,112,26,92,43,3,41,122,55,34,71,90,52" hai2="95,31,21,36,129,133,37,20,40,6,59,60,54" hai3="7,128,45,28,47,13,117,73,24,22,63,116,19"/><U44/><E71/><V75/><F75/><W96/><G73/><T111/><D38/><U62/><E3/><V104/><F104/><W58/><G96/><T118/><D51/><U82/><E82/><V89/><F129/><W70/><G128/><T50/><D50/><U97/><E112/><V32/><F133/><W8/><G70/><T132/><D67/><U91/><E91/><V12/><F32/><W103/><G103/><T131/><D93/><U1/><E43/><V98/><F31/><W61/><G61/><T35/><D77/><U101/><E1/><V53/><F37/><W115/><G28/><T107/><D76/><U5/><E5/><V102/><F54/><W46/><REACH who="3" step="1"/><G115/><REACH who="3" ten="460,232,140,158" step="2"/><T100/><D100/><U113/><E101/><V83/><F102/><W124/><G124/><T72/><D131/><U99/><E113/><V56/><F56/><W109/><G109/><T108/><D110/><U17/><E99/><V94/><F98/><W74/><G74/><T86/><D72/><U87/><E97/><V39/><F59/><W85/><G85/><T23/><D108/><U114/><E114/><V16/><F60/><W134/><G134/><T14/><D132/><U0/><E62/><V29/><F29/><W79/><G79/><T135/><D135/><U10/><E87/><V80/><F89/><W119/><G119/><T84/><D86/><U57/><E90/><V49/><F39/><W106/><G106/><T66/><D118/><U15/><E122/><V33/><F36/><W30/><G30/><T125/><D111/><U105/><E121/><V11/><F33/><RYUUKYOKU ba="2,1" sc="460,-10,232,-10,140,-10,158,30" hai3="7,8,13,19,22,24,45,46,47,58,63,116,117" /><INIT seed="6,3,1,4,3,55" ten="450,222,130,188" oya="2" hai0="31,100,66,53,62,50,76,0,38,46,18,74,91" hai1="85,10,23,19,56,37,104,68,51,14,24,45,111" hai2="35,16,52,118,109,128,44,123,89,33,43,42,113" hai3="92,41,65,87,67,119,13,5,79,47,40,59,63"/><V110/><F118/><W7/><G119/><T125/><D125/><U27/><E104/><V127/><F127/><W21/><G67/><T73/><D0/><U58/><E68/><V22/><F123/><W69/><G69/><T96/><D76/><U29/><E37/><V12/><F128/><W64/><G64/><T105/><D31/><U134/><E134/><V132/><F132/><W48/><G41/><N who="2" m="15369" /><F89/><N who="3" m="53311" /><G79/><T93/><D38/><U108/><E111/><N who="2" m="42507" /><F113/><W49/><G48/><AGARI ba="3,1" hai="12,16,22,33,35,44,48,52" m="42507,15369" machi="48" ten="30,5800,0" yaku="10,1,54,2" doraHai="55" who="2" fromWho="3" sc="450,0,222,0,130,77,188,-67" /><INIT seed="6,4,0,5,4,76" ten="450,222,207,121" oya="2" hai0="28,78,130,117,91,57,23,1,37,53,27,41,68" hai1="112,101,114,25,70,18,133,127,58,69,56,126,128" hai2="40,22,85,125,71,14,102,3,98,60,95,34,80" hai3="82,109,75,51,103,21,38,123,64,92,100,26,107"/><V36/><F34/><W129/><G109/><T119/><D68/><N who="1" m="26219" /><E101/><V65/><F3/><W111/><G111/><T104/><D104/><U67/><E25/><V106/><F125/><N who="1" m="47625" /><E18/><V77/><F40/><W4/><G38/><T89/><D130/><U5/><E5/><V88/><F36/><W12/><G64/><T33/><D1/><U59/><E128/><V120/><F120/><W115/><G123/><T72/><D72/><U10/><E10/><V39/><F39/><W93/><G129/><T32/><D78/><U132/><E67/><V116/><F116/><N who="0" m="44618" /><D32/><U122/><E122/><V124/><F124/><W6/><G107/><T134/><D33/><U17/><E17/><V55/><F22/><W131/><G131/><T135/><D89/><U30/><E30/><V0/><F0/><W31/><G31/><T13/><D91/><U45/><E45/><V9/><F106/><W15/><G26/><T16/><D41/><U54/><E54/><V99/><F55/><W50/><G21/><N who="0" m="11407" /><D37/><U83/><E83/><V96/><F102/><W63/><G75/><T108/><D108/><U49/><E49/><AGARI ba="4,0" hai="23,27,28,49,53,57,134,135" m="11407,44618" machi="49" ten="30,2000,0" yaku="12,1,54,1" doraHai="76" who="0" fromWho="1" sc="450,32,222,-32,207,0,121,0" /><INIT seed="7,0,0,4,0,32" ten="482,190,207,121" oya="3" hai0="77,47,133,42,120,79,38,100,4,9,52,2,106" hai1="36,59,98,105,18,35,83,124,128,68,113,108,20" hai2="70,22,57,1,15,134,7,46,99,115,66,31,29" hai3="45,27,30,48,90,94,109,123,13,129,55,76,112"/><W85/><G123/><T110/><D110/><U5/><E108/><V132/><F70/><W56/><G109/><T114/><D120/><U34/><E68/><V14/><F46/><W53/><G129/><T126/><D133/><N who="2" m="51306" /><F115/><W69/><G112/><T61/><D126/><U73/><E36/><V40/><F40/><W74/><G69/><T33/><D33/><U95/><E113/><V23/><F99/><W50/><G13/><N who="2" m="4617" /><F57/><W67/><G67/><T97/><D114/><U87/><E128/><V21/><F66/><W130/><G130/><T24/><D24/><U118/><E73/><V8/><AGARI ba="0,0" hai="1,7,8,21,22,23,29,31" m="4617,51306" machi="8" ten="40,8000,1" yaku="20,1,34,2,52,1" doraHai="32" who="2" fromWho="2" sc="482,-20,190,-20,207,80,121,-40" owari="462,56.0,170,-23.0,287,9.0,81,-42.0" /></mjloggm>