<mjloggm ver="2.3"><GO type="41" lobby="0"/><UN n0="%E3%82%89%E3%81%99%E3%81%B0%E3%81%A3%E3%81%8B" n1="%E3%83%81%E3%83%A3%E3%82%A4%E3%83%A0%E3%81%8F%E3%82%93" n2="%E2%93%9D%53%75%70%68%78" n3="%34%E9%BA%BB%E3%82%AC%E3%83%81%E5%8B%A2" dan="13,14,18,14" rate="1825.94,1975.92,2136.80,1958.02" sx="M,M,M,M"/><TAIKYOKU oya="0"/><INIT seed="0,0,0,3,4,71" ten="250,250,250,250" oya="0" hai0="60,43,79,14,12,7,78,74,8,22,124,110,101" hai1="121,90,53,19,5,126,37,132,80,133,97,10,13" hai2="117,76,38,67,82,6,54,115,15,66,89,84,107" hai3="63,68,30,102,44,51,42,25,123,2,114,24,56"/><T109/><D101/><U26/><E121/><V130/><F115/><W31/><G114/><T0/><D124/><U72/><E126/><V105/><F130/><W49/><G2/><T70/><D43/><U116/><E116/><V39/><F54/><W69/><G123/><T48/><D48/><U32/><E72/><V21/><F117/><W27/><G68/><T20/><D0/><N who="1" m="295" /><E53/><V9/><F21/><W135/><G69/><T134/><D134/><N who="1" m="51819" /><E97/><V36/><REACH who="2" step="1"/><F76/><REACH who="2" ten="250,250,240,250" step="2"/><W92/><G135/><T108/><D22/><N who="1" m="11631" /><E90/><V28/><F28/><W96/><REACH who="3" step="1"/><G51/><REACH who="3" ten="250,250,240,240" step="2"/><T45/><D109/><U119/><E119/><V73/><F73/><W11/><G11/><T98/><D74/><U23/><E23/><V75/><F75/><W35/><G35/><T113/><D20/><U57/><E32/><V122/><F122/><W3/><G3/><T103/><D110/><U120/><E120/><V33/><F33/><W58/><G58/><T52/><D113/><U91/><E57/><V106/><AGARI ba="0,2" hai="6,9,15,36,38,39,66,67,82,84,89,105,106,107" machi="106" ten="40,8000,1" yaku="1,1,0,1,52,3,53,0" doraHai="71" doraHaiUra="128" who="2" fromWho="2" sc="250,-40,250,-20,240,100,240,-20" /><INIT seed="1,0,0,2,3,30" ten="210,230,340,220" oya="1" hai0="85,112,86,33,58,15,17,37,63,74,114,99,109" hai1="46,50,130,28,49,22,68,73,80,131,38,129,88" hai2="62,108,52,104,34,92,66,101,61,87,126,111,122" hai3="51,121,103,36,72,89,105,29,4,95,21,110,3"/><U12/><E68/><V102/><F122/><W5/><G36/><T45/><D74/><U31/><E38/><V125/><F104/><W134/><G72/><T64/><D109/><N who="2" m="42058" /><F34/><W81/><G81/><T97/><D37/><U135/><E135/><V7/><F7/><W20/><G3/><T48/><D33/><U47/><E12/><V132/><F132/><W39/><G39/><T14/><D14/><U84/><E73/><V0/><F0/><W35/><G103/><N who="2" m="39433" /><F52/><W60/><G105/><T83/><D112/><U100/><E100/><V115/><F62/><W10/><G60/><T76/><D114/><U8/><E8/><V67/><F115/><W77/><G121/><T26/><D26/><U59/><E59/><N who="2" m="37183" /><F67/><W120/><G134/><T19/><D64/><U41/><REACH who="1" step="1"/><E22/><REACH who="1" ten="210,220,340,220" step="2"/><V57/><F57/><W106/><G110/><T91/><D58/><U27/><E27/><V78/><F126/><W24/><G120/><T123/><D123/><U16/><E16/><V43/><F125/><W44/><G106/><T71/><D19/><U75/><E75/><V53/><F78/><W119/><G77/><T96/><D71/><U42/><AGARI ba="0,1" hai="28,31,41,42,46,47,49,50,80,84,88,129,130,131" machi="42" ten="30,12000,1" yaku="1,1,0,1,9,1,19,1,54,1,53,0" doraHai="30" doraHaiUra="18" who="1" fromWho="1" sc="210,-40,220,130,340,-40,220,-40" /><INIT seed="1,1,0,2,0,52" ten="170,350,300,180" oya="1" hai0="45,78,122,3,6,33,28,74,126,17,16,59,7" hai1="114,42,71,81,109,85,92,27,11,18,44,84,70" hai2="99,63,34,48,117,61,105,127,20,69,82,10,49" hai3="30,29,58,83,46,51,123,73,47,38,15,130,87"/><U133/><E114/><V66/><F117/><W108/><G123/><T90/><D122/><U75/><E133/><V12/><F34/><W9/><G73/><T76/><D74/><U112/><E112/><V135/><F127/><W129/><G108/><T119/><D33/><U23/><E109/><V68/><F20/><W43/><G29/><T56/><D28/><U95/><E75/><V124/><F82/><W106/><G30/><T36/><D36/><U120/><E120/><V96/><F124/><W37/><G106/><T26/><D45/><U94/><E11/><V57/><F135/><W4/><G58/><N who="0" m="22059" /><D3/><U1/><E1/><V14/><F105/><W35/><G35/><T40/><D40/><U24/><E24/><V98/><F14/><W116/><G116/><T72/><D72/><U118/><E118/><V50/><REACH who="2" step="1"/><F63/><REACH who="2" ten="170,350,290,180" step="2"/><W132/><G132/><T54/><D126/><U19/><E81/><V67/><F67/><W91/><G37/><T65/><D65/><U111/><E111/><V77/><F77/><N who="0" m="29802" /><D54/><U0/><E0/><V25/><F25/><W22/><G38/><T97/><D119/><U121/><E121/><V89/><F89/><W103/><G103/><T21/><D17/><AGARI ba="1,1" hai="10,12,17,48,49,50,57,61,66,68,69,96,98,99" machi="17" ten="40,2600,0" yaku="1,1,52,1,53,0" doraHai="52" doraHaiUra="2" who="2" fromWho="0" sc="170,-29,350,0,290,39,180,0" /><INIT seed="2,0,0,1,1,65" ten="141,350,329,180" oya="2" hai0="24,4,120,0,90,5,108,58,47,105,115,85,43" hai1="27,46,88,119,64,15,134,133,28,7,103,135,107" hai2="100,78,42,128,19,68,109,14,32,54,55,51,76" hai3="1,129,63,34,96,2,77,102,67,11,101,95,38"/><V52/><F32/><W111/><G34/><T72/><D108/><U113/><E113/><V89/><F128/><W94/><G38/><T8/><D72/><U70/><E119/><V26/><F68/><W41/><G41/><T118/><D105/><U79/><E79/><V62/><F100/><W40/><G40/><T97/><D120/><U44/><E7/><V127/><F127/><W98/><G77/><N who="2" m="29801" /><F26/><W91/><G111/><T45/><D47/><U66/><E15/><V53/><F109/><W39/><G39/><T60/><D97/><N who="1" m="61935" /><E88/><V21/><F42/><W18/><G91/><T16/><D5/><U13/><E13/><V25/><F89/><W35/><G35/><T61/><D118/><U71/><E64/><V30/><F62/><W106/><G129/><T73/><D61/><N who="1" m="40271" /><E71/><V23/><F55/><W121/><G106/><T92/><D115/><U29/><E29/><V80/><F80/><W17/><G67/><T59/><D60/><U37/><E37/><V87/><F87/><W48/><G63/><T93/><D92/><U117/><E117/><V112/><F112/><W124/><G48/><AGARI ba="0,0" hai="14,19,21,23,25,30,48,51,52,53,54" m="29801" machi="48" ten="30,2900,0" yaku="8,1,54,1" doraHai="65" who="2" fromWho="3" sc="141,0,350,0,329,29,180,-29" /><INIT seed="2,1,0,5,0,38" ten="141,350,358,151" oya="2" hai0="79,33,88,74,36,102,121,53,10,122,11,60,73" hai1="25,80,89,68,69,42,81,85,100,26,65,62,59" hai2="98,32,15,40,3,103,72,106,44,49,51,109,129" hai3="1,91,45,120,24,43,14,29,39,78,30,133,8"/><V28/><F3/><W132/><G120/><T55/><D36/><U123/><E123/><V84/><F72/><W61/><G78/><T111/><D79/><U21/><E100/><V70/><F129/><W131/><G131/><T114/><D102/><U76/><E42/><V35/><F70/><W97/><G1/><T116/><D60/><U57/><E26/><V47/><F109/><W7/><G61/><T105/><D114/><U83/><E69/><V52/><F28/><W127/><G127/><T95/><D95/><U34/><E34/><V117/><F117/><W119/><G119/><T92/><D92/><U54/><E54/><V101/><F101/><W124/><G124/><T0/><D0/><U19/><REACH who="1" step="1"/><E83/><REACH who="1" ten="141,340,358,151" step="2"/><V41/><F52/><W67/><G67/><T104/><D33/><U6/><E6/><V87/><F35/><W130/><G130/><T4/><D4/><U99/><E99/><V9/><F32/><W63/><G24/><T27/><D27/><U90/><E90/><V113/><F113/><W20/><G91/><T5/><D5/><AGARI ba="1,1" hai="5,9,15,40,41,44,47,49,51,84,87,98,103,106" machi="5" ten="30,11600,0" yaku="7,1,9,1,52,2" doraHai="38" who="2" fromWho="0" sc="141,-119,340,0,358,129,151,0" /><INIT seed="2,2,0,3,3,56" ten="22,340,487,151" oya="2" hai0="13,134,88,30,26,61,10,109,74,84,67,79,68" hai1="46,75,40,128,70,95,5,19,96,97,16,31,99" hai2="36,29,49,104,113,44,132,4,119,47,86,82,59" hai3="12,120,111,20,8,9,122,66,11,129,94,123,72"/><V91/><F113/><W57/><G72/><T6/><D109/><U103/><E75/><V53/><F119/><W62/><G111/><T87/><D134/><U102/><E70/><V3/><F104/><W89/><G129/><T106/><D74/><U93/><E5/><V2/><F29/><W28/><G28/><T39/><D39/><U22/><E128/><V130/><F132/><W24/><G24/><T32/><D106/><U51/><E97/><V37/><F130/><W21/><REACH who="3" step="1"/><G12/><REACH who="3" ten="22,340,487,141" step="2"/><T18/><D79/><U27/><AGARI ba="2,1" hai="16,19,22,27,31,40,46,51,93,95,96,99,102,103" machi="27" ten="30,7900,0" yaku="0,1,9,1,8,1,54,1" doraHai="56" who="1" fromWho="1" sc="22,-22,340,95,487,-41,141,-22" /><INIT seed="3,0,0,1,5,104" ten="0,435,446,119" oya="3" hai0="55,76,10,92,56,73,117,44,8,85,122,35,28" hai1="1,127,131,71,68,93,84,81,24,103,19,7,30" hai2="26,6,113,134,2,22,74,101,110,107,98,102,18" hai3="89,133,60,82,90,105,67,14,129,51,0,86,65"/><W80/><G0/><T83/><D122/><U116/><E116/><V57/><F110/><W88/><G105/><T62/><D117/><U132/><E132/><V5/><F74/><W31/><G133/><T97/><D35/><U33/><E131/><V123/><F113/><W36/><G36/><T12/><D28/><U13/><E127/><V49/><F102/><W48/><G129/><T40/><D85/><U95/><E103/><V43/><F2/><W9/><G31/><T112/><D12/><U106/><E106/><V99/><F99/><W21/><G21/><T45/><D45/><U25/><E25/><V78/><F78/><W111/><G111/><T52/><D55/><U125/><E125/><V77/><F77/><N who="3" m="46351" /><G82/><T58/><D56/><U114/><E114/><V124/><F123/><W115/><G115/><T16/><D16/><U27/><E27/><V11/><F124/><W34/><G34/><T72/><D72/><U118/><E118/><V70/><F134/><W47/><G60/><T75/><D75/><U119/><E119/><V79/><F79/><W130/><G130/><T20/><D20/><N who="1" m="11375" /><E81/><V126/><F126/><W94/><G94/><N who="1" m="35850" /><E84/><V66/><F107/><W46/><G46/><T37/><D112/><U3/><E3/><V39/><F22/><W61/><G47/><T23/><D23/><U4/><E4/><V91/><F6/><N who="3" m="3383" /><G67/><T96/><D97/><U121/><E121/><V42/><F5/><W32/><G32/><T64/><D64/><U135/><E135/><V59/><F66/><W29/><G29/><T63/><D63/><U53/><E53/><RYUUKYOKU ba="0,0" sc="0,10,435,10,446,-30,119,10" hai0="8,10,37,40,44,52,58,62,73,76,83,92,96" hai1="1,7,24,30,33,68,71" hai3="48,51,61,65,88,89,90" /><INIT seed="3,1,0,3,3,97" ten="10,445,416,129" oya="3" hai0="9,72,108,7,125,126,12,106,103,26,24,73,119" hai1="17,64,21,15,135,36,4,76,60,123,121,129,75" hai2="13,107,20,57,1,98,85,104,14,80,82,90,44" hai3="52,55,49,16,59,77,46,63,39,37,89,0,22"/><W48/><G0/><T56/><D119/><U2/><E36/><V95/><F1/><W70/><G77/><T99/><D56/><U18/><E76/><V27/><F107/><W93/><G70/><T96/><D108/><U54/><E75/><V112/><F112/><W11/><G11/><T113/><D113/><U40/><E40/><V62/><F44/><W92/><G92/><T109/><D109/><U30/><E54/><V66/><F104/><W53/><G49/><T131/><D99/><U23/><E60/><V118/><F118/><W111/><G111/><T133/><D133/><U110/><E64/><V34/><F34/><W122/><G122/><T65/><D65/><U61/><E61/><V120/><F120/><W47/><G47/><T130/><D73/><U102/><E135/><V115/><F115/><W33/><G33/><T117/><D72/><U58/><E58/><V25/><F25/><N who="0" m="9834" /><D117/><U100/><E110/><V74/><F82/><W19/><G55/><T10/><D10/><N who="1" m="4551" /><E30/><N who="2" m="17767" /><F74/><W45/><G45/><T124/><AGARI ba="1,0" hai="7,9,12,96,103,106,124,125,126,130,131" m="9834" machi="124" ten="40,2700,0" yaku="18,1,52,1" doraHai="97" who="0" fromWho="0" sc="10,30,445,-8,416,-8,129,-14" /><INIT seed="4,0,0,3,1,106" ten="40,437,408,115" oya="0" hai0="5,68,32,84,103,46,85,1,87,44,91,119,35" hai1="120,12,135,92,8,42,55,22,24,54,124,134,20" hai2="131,45,6,78,118,113,77,71,83,97,110,62,121" hai3="109,56,53,80,93,61,101,13,70,38,19,108,116"/><T107/><D68/><U23/><E120/><V117/><F6/><W69/><G38/><T4/><D119/><U64/><E64/><V104/><F45/><W33/><G33/><T17/><D17/><U125/><E92/><V10/><F10/><W28/><G28/><T126/><D107/><U59/><E42/><V15/><F15/><W60/><G116/><T25/><D103/><U111/><E54/><V57/><F131/><W2/><G2/><T11/><D5/><N who="1" m="3087" /><E111/><V129/><F129/><W66/><G80/><T58/><D58/><U88/><E88/><V89/><F71/><W48/><G61/><T27/><D91/><U73/><E73/><V112/><F121/><W75/><G75/><T133/><D126/><N who="1" m="48747" /><E55/><V79/><F110/><W102/><G70/><T39/><D133/><N who="1" m="50699" /><E59/><V3/><F118/><W127/><G127/><T123/><D123/><U40/><E40/><V37/><F117/><W30/><G102/><T130/><D39/><U72/><E72/><V96/><F37/><W114/><G108/><T49/><D46/><U76/><E76/><V21/><F79/><W82/><G109/><T90/><D90/><U9/><E9/><V0/><F78/><W26/><G101/><T100/><D100/><U47/><E47/><V18/><F89/><W86/><G56/><T7/><D44/><U29/><AGARI ba="0,0" hai="20,22,23,24,29" m="50699,48747,3087" machi="29" ten="30,7900,0" yaku="18,1,20,1,34,2" doraHai="106" who="1" fromWho="1" sc="40,-39,437,79,408,-20,115,-20" /><INIT seed="5,0,0,0,5,5" ten="1,516,388,95" oya="1" hai0="134,122,113,57,43,99,116,52,70,92,3,91,13" hai1="28,23,66,33,128,130,86,72,53,54,101,76,78" hai2="42,121,102,89,61,112,44,60,37,85,84,58,71" hai3="64,108,117,62,65,11,21,83,6,55,82,51,39"/><U124/><E124/><V118/><F102/><W107/><G107/><T31/><D70/><U40/><E33/><V77/><F77/><N who="1" m="29801" /><E72/><V75/><F75/><W114/><G39/><T14/><D116/><U68/><E40/><V126/><F85/><W105/><G105/><T24/><D3/><U106/><E68/><V59/><F89/><W32/><G32/><T133/><D113/><U10/><E66/><V97/><F97/><W4/><G4/><T26/><D43/><U50/><E101/><V8/><F84/><W87/><G65/><T17/><D13/><U0/><E28/><V88/><F88/><W100/><G100/><T2/><D2/><U38/><E23/><V73/><F73/><W41/><G21/><T34/><D122/><U67/><E67/><V79/><F79/><W63/><G114/><T20/><D134/><U123/><E86/><V35/><F35/><W1/><G117/><T16/><D133/><U7/><E38/><V135/><F112/><W129/><G41/><T131/><D131/><N who="1" m="50219" /><E106/><V104/><F104/><W15/><G129/><T19/><D14/><U115/><E115/><V119/><F135/><W93/><G1/><T56/><D56/><N who="1" m="32823" /><E123/><V81/><F121/><W69/><G69/><T125/><D125/><U29/><E29/><V103/><F126/><W98/><G64/><T25/><D25/><U74/><E74/><V96/><F119/><W45/><G83/><T12/><D26/><U48/><E48/><AGARI ba="0,0" hai="12,16,17,19,20,24,31,34,48,52,57,91,92,99" machi="48" ten="30,3900,0" yaku="7,1,54,2" doraHai="5" who="0" fromWho="1" sc="1,39,516,-39,388,0,95,0" /><INIT seed="6,0,0,3,3,125" ten="40,477,388,95" oya="2" hai0="41,38,64,99,122,16,32,53,19,63,0,47,102" hai1="4,27,126,95,10,130,25,90,49,71,50,75,24" hai2="44,86,3,87,66,134,37,68,14,40,5,100,89" hai3="135,133,128,117,13,88,83,82,21,1,22,15,93"/><V119/><F119/><W46/><G117/><T85/><D0/><U77/><E71/><V104/><F134/><N who="3" m="51211" /><G1/><T105/><D122/><U110/><E110/><V36/><F36/><W78/><G128/><T81/><D32/><U118/><E126/><V103/><F87/><W51/><G22/><T56/><REACH who="0" step="1"/><D64/><REACH who="0" ten="30,477,388,95" step="2"/><U7/><E118/><V39/><F66/><W116/><G116/><T112/><D112/><U74/><E75/><V6/><F3/><W127/><G127/><T2/><D2/><U113/><E74/><V98/><F68/><W9/><G21/><T57/><D57/><U17/><E113/><V84/><F44/><W92/><G9/><T96/><D96/><U80/><E10/><V106/><F98/><N who="3" m="57607" /><G93/><T42/><D42/><U20/><E95/><V18/><F40/><N who="3" m="25031" /><G83/><T31/><D31/><U55/><E80/><V91/><F14/><W12/><G12/><T60/><D60/><U72/><E24/><V62/><F62/><W65/><G65/><T115/><D115/><U11/><E25/><V107/><F107/><W101/><G101/><T29/><D29/><U120/><E27/><V23/><F23/><W70/><G70/><T52/><D52/><U61/><E20/><V59/><F59/><W97/><G97/><T30/><D30/><U45/><E61/><V76/><F106/><W26/><G26/><T28/><D28/><U34/><E45/><V109/><F104/><W108/><G108/><T132/><D132/><U114/><E34/><V8/><F109/><W111/><G111/><T124/><D124/><U73/><E120/><V48/><F8/><RYUUKYOKU ba="0,1" sc="30,15,477,-15,388,-15,95,15" hai0="16,19,38,41,47,53,56,63,81,85,99,102,105" hai3="13,15,78,82" /><INIT seed="7,1,1,2,4,14" ten="45,462,373,110" oya="3" hai0="12,42,124,66,110,109,27,11,63,25,95,65,57" hai1="116,30,3,92,102,38,49,15,20,21,91,68,45" hai2="10,39,121,17,7,96,26,122,87,125,47,130,81" hai3="1,120,2,105,32,16,22,37,77,28,123,82,108"/><W114/><G114/><T59/><D124/><U51/><E116/><V133/><F125/><W113/><G113/><T29/><D42/><U94/><E68/><V53/><F130/><W88/><G37/><T69/><D69/><U103/><E38/><V8/><F96/><W107/><G107/><T134/><D134/><U34/><E34/><V101/><F101/><W41/><G105/><T23/><D109/><U118/><E3/><V13/><F133/><W52/><G41/><T55/><D110/><U79/><E79/><V31/><F39/><W70/><G28/><T58/><D27/><U35/><E35/><V131/><F131/><W5/><G32/><T85/><D66/><U46/><E30/><V126/><F126/><W48/><G70/><T97/><D85/><U62/><E62/><V132/><F132/><W43/><G43/><T106/><D106/><U84/><E84/><V40/><F40/><W78/><G78/><T54/><D55/><U74/><E91/><V98/><F98/><W119/><G77/><T61/><D61/><U4/><E74/><V73/><F73/><W127/><G119/><T56/><D54/><U83/><E102/><V111/><F111/><W72/><G72/><T89/><REACH who="0" step="1"/><D59/><REACH who="0" ten="35,462,373,110" step="2"/><U129/><E129/><V86/><F86/><N who="3" m="50263" /><G108/><T90/><D90/><U33/><E45/><V135/><F135/><W115/><G127/><T100/><D100/><U24/><E46/><V99/><F47/><W0/><G52/><T44/><D44/><U76/><E103/><V104/><F104/><W80/><G115/><T60/><D60/><U93/><E76/><RYUUKYOKU ba="1,2" sc="35,30,462,-10,373,-10,110,-10" hai0="11,12,23,25,29,56,57,58,63,65,89,95,97" owari="65,-43.0,472,57.0,363,16.0,100,-30.0" /></mjloggm>