<mjloggm ver="2.3"><GO type="41" lobby="0"/><UN n0="%61%77%78%66%67" n1="%E3%83%80%E3%83%BC%E3%83%BC%E3%82%A4%E3%82%B7" n2="%E2%93%9D%53%75%70%68%78" n3="%79%6F%6F%62%61%6F%31%35" dan="14,15,18,15" rate="1999.07,1981.45,2099.65,1948.50" sx="M,M,M,M"/><TAIKYOKU oya="0"/><INIT seed="0,0,0,2,0,105" ten="250,250,250,250" oya="0" hai0="37,88,104,1,60,68,6,123,28,16,99,55,89" hai1="32,86,51,49,7,90,24,130,2,121,17,75,129" hai2="110,83,53,124,101,85,40,116,92,114,62,63,100" hai3="46,132,59,118,97,107,19,112,44,133,95,25,122"/><T67/><D123/><U111/><E121/><V127/><F40/><W82/><G122/><T117/><D117/><U113/><E111/><V57/><F114/><W10/><G118/><T43/><D28/><U29/><E113/><V48/><F110/><W12/><G112/><T94/><D104/><U71/><E71/><V39/><F39/><W65/><G107/><T109/><D109/><U21/><E75/><V54/><F116/><W91/><G82/><T119/><D119/><U115/><E115/><V22/><F22/><W26/><G46/><T11/><D55/><U61/><E61/><V50/><F92/><W66/><G44/><T0/><D37/><U38/><E38/><V74/><F85/><W34/><G59/><T33/><D33/><U9/><E130/><V45/><F83/><W64/><REACH who="3" step="1"/><G34/><REACH who="3" ten="250,250,250,240" step="2"/><T79/><D43/><U35/><E32/><V36/><F36/><W58/><G58/><T80/><D80/><N who="1" m="49479" /><E129/><V41/><F41/><W13/><G13/><AGARI ba="0,1" hai="2,7,9,13,17,21,24,29,35,49,51" m="49479" machi="13" ten="30,1000,0" yaku="24,1" doraHai="105" who="1" fromWho="3" sc="250,0,250,20,250,0,240,-10" /><INIT seed="1,0,0,1,5,14" ten="250,270,250,230" oya="1" hai0="16,48,25,119,35,97,53,30,99,96,130,63,127" hai1="70,10,19,58,18,111,34,76,11,90,71,41,81" hai2="1,124,38,49,40,24,98,6,46,15,126,114,118" hai3="26,23,3,102,37,79,87,62,84,22,68,57,95"/><U123/><E123/><V60/><F1/><W122/><G37/><T92/><D119/><U61/><E34/><V51/><F98/><W101/><G68/><T134/><D134/><U80/><E111/><V94/><F94/><W42/><G3/><T104/><D104/><U5/><E41/><V39/><F24/><W115/><G115/><T116/><D116/><U73/><E11/><V17/><F6/><W2/><G2/><T54/><D63/><U77/><E90/><V66/><F118/><W85/><G122/><T56/><D127/><N who="2" m="48682" /><F114/><W103/><G103/><T89/><D130/><U110/><E110/><V93/><F93/><W0/><G79/><T113/><D113/><U109/><E109/><V86/><F86/><W31/><G0/><T121/><D121/><U9/><E71/><N who="2" m="42439" /><F39/><W43/><G22/><AGARI ba="0,0" hai="15,17,22,38,40,46,49,51" m="42439,48682" machi="22" ten="30,2000,0" yaku="18,1,52,1" doraHai="14" who="2" fromWho="3" sc="250,0,270,0,250,20,230,-20" /><INIT seed="2,0,0,0,2,11" ten="250,270,270,210" oya="2" hai0="92,71,67,46,97,69,60,130,39,8,45,62,12" hai1="118,110,123,129,134,27,4,34,23,58,87,132,5" hai2="104,124,50,121,44,75,21,125,19,105,16,29,76" hai3="117,103,35,43,111,63,68,14,17,113,98,94,30"/><V83/><F121/><W85/><G117/><T79/><D79/><U54/><E123/><V127/><F29/><W9/><G111/><T77/><D77/><U135/><E118/><V28/><F28/><W90/><G113/><T73/><D73/><U126/><E110/><V25/><REACH who="2" step="1"/><F19/><REACH who="2" ten="250,270,260,210" step="2"/><W119/><G119/><T72/><D130/><U102/><E134/><V81/><F81/><W7/><G17/><T101/><D72/><U32/><E135/><V15/><F15/><W61/><G14/><T59/><D39/><U2/><E132/><V37/><F37/><W89/><G7/><T107/><D12/><U78/><E4/><V112/><F112/><W82/><G30/><T53/><D8/><U100/><E5/><V24/><F24/><W91/><G35/><T57/><D107/><U36/><E34/><V108/><F108/><W40/><G82/><T22/><D22/><U96/><E32/><V33/><F33/><W131/><G131/><T122/><D122/><U56/><E27/><V80/><F80/><W116/><G116/><T133/><D133/><U109/><E23/><V31/><F31/><W86/><G94/><T1/><D1/><U18/><E109/><V88/><F88/><W13/><G91/><T114/><D114/><U26/><E26/><V49/><F49/><W48/><G89/><T55/><D92/><U74/><E18/><V52/><AGARI ba="0,1" hai="16,21,25,44,50,52,75,76,83,104,105,124,125,127" machi="52" ten="30,12000,1" yaku="1,1,0,1,18,1,54,2,53,0" doraHai="11" doraHaiUra="93" who="2" fromWho="2" sc="250,-40,270,-40,260,130,210,-40" /><INIT seed="2,1,0,0,0,71" ten="210,230,390,170" oya="2" hai0="114,82,119,53,99,128,69,70,131,40,130,111,52" hai1="56,9,50,61,30,122,74,76,110,25,104,134,132" hai2="17,89,41,87,6,88,19,59,37,80,34,75,64" hai3="67,27,13,113,0,83,73,135,93,24,62,96,23"/><V116/><F34/><W85/><G13/><T94/><D82/><U7/><E122/><V95/><F116/><W5/><G0/><T32/><D32/><U105/><E110/><V126/><F126/><W91/><G5/><T4/><D4/><U77/><E50/><V123/><F123/><W48/><G73/><T63/><D114/><U26/><E26/><V20/><F6/><W18/><G135/><N who="1" m="51754" /><E74/><V3/><F3/><W58/><G113/><T54/><D111/><U124/><E124/><V15/><F19/><W31/><G48/><T21/><D119/><U97/><E97/><V79/><F89/><W121/><G121/><T125/><D125/><U10/><E10/><V11/><F11/><W55/><G67/><T120/><D120/><U51/><E51/><V98/><F64/><W109/><G109/><T38/><D21/><N who="1" m="15663" /><E9/><V42/><F59/><W72/><G72/><T117/><D63/><U86/><E7/><V102/><REACH who="2" step="1"/><F37/><REACH who="2" ten="210,230,380,170" step="2"/><W107/><G107/><AGARI ba="1,1" hai="15,17,20,41,42,75,79,80,87,88,95,98,102,107" machi="107" ten="30,18000,2" yaku="1,1,2,1,7,1,24,2,54,1,53,1" doraHai="71" doraHaiUra="78" who="2" fromWho="3" sc="210,0,230,0,380,193,170,-183" owari="210,-19.0,230,3.0,573,67.0,-13,-51.0" /></mjloggm>