<mjloggm ver="2.3"><GO type="41" lobby="0"/><UN n0="%E8%A5%BF%E4%B8%AD%E5%B3%B6" n1="%E2%93%9D%53%75%70%68%78" n2="%E5%AD%90%E5%AE%AE%E3%81%A7%E6%81%8B%E3%82%92%E3%81%97%E3%82%8D" n3="%E3%83%81%E3%83%A7%E3%82%AD%E3%83%B3%E3%83%8B%E3%82%AF" dan="13,18,15,13" rate="1886.93,2082.04,1990.80,1861.44" sx="M,M,M,M"/><TAIKYOKU oya="0"/><INIT seed="0,0,0,2,2,46" ten="250,250,250,250" oya="0" hai0="7,56,26,132,64,67,69,129,127,98,10,77,2" hai1="58,15,72,81,91,53,14,4,9,73,112,131,125" hai2="63,40,75,17,128,61,20,39,104,114,36,22,42" hai3="124,106,45,21,88,120,74,117,68,96,35,59,89"/><T109/><D129/><U84/><E125/><V95/><F128/><W16/><G35/><T27/><D127/><U8/><E131/><V62/><F104/><W80/><G117/><T13/><D132/><U103/><E103/><V86/><F75/><W92/><G68/><T48/><D109/><U87/><E112/><V119/><F114/><W3/><G3/><T55/><D77/><U24/><E24/><V28/><F119/><W12/><G120/><T18/><D67/><U130/><E87/><V94/><F28/><W121/><G121/><T85/><D85/><U54/><E54/><V47/><F86/><N who="3" m="50375" /><G74/><T78/><D78/><U83/><E130/><V108/><F108/><W51/><G106/><T113/><D113/><U44/><E44/><V70/><F70/><W102/><G124/><T134/><D98/><U111/><E83/><V105/><F105/><W33/><G33/><T90/><D90/><U93/><E81/><V100/><F100/><W133/><G133/><T66/><D66/><U29/><E29/><V6/><F6/><W65/><G65/><T99/><D99/><U118/><E111/><V57/><F57/><W116/><G59/><T41/><D134/><U135/><E118/><V34/><F34/><W25/><G116/><T76/><D76/><U110/><E135/><V122/><F122/><W30/><G102/><T19/><D2/><U23/><E110/><V50/><F17/><N who="0" m="6154" /><D41/><U37/><E73/><V60/><N who="2" m="15360" /><DORA hai="82" /><V79/><F79/><W0/><G0/><T107/><D107/><U52/><E72/><V1/><F40/><N who="3" m="24999" /><G30/><T38/><D38/><RYUUKYOKU ba="0,0" sc="250,15,250,-15,250,-15,250,15" hai0="7,10,13,26,27,48,55,56,64,69" hai3="12,16,21,25,88,92,96" /><INIT seed="0,1,0,1,1,63" ten="265,235,235,265" oya="0" hai0="1,33,126,120,31,24,35,72,28,53,69,90,43" hai1="82,106,88,27,32,56,98,110,129,114,96,101,6" hai2="83,105,62,134,39,73,46,15,13,26,77,76,40" hai3="107,93,113,8,16,34,80,92,112,108,38,58,70"/><T25/><D72/><U42/><E110/><V111/><F105/><W86/><G107/><T131/><D120/><U45/><E129/><V22/><F111/><W18/><G70/><T66/><D131/><U67/><E6/><V29/><F134/><W7/><G38/><T87/><D1/><U9/><E9/><V91/><F76/><W54/><G108/><T127/><D43/><U95/><E114/><V135/><F135/><W78/><G34/><T132/><D132/><U19/><E82/><V124/><F124/><W52/><G54/><T55/><D126/><U109/><E109/><V21/><F91/><W5/><G5/><T85/><D127/><U128/><E128/><V99/><F99/><W68/><G68/><T41/><D41/><U121/><E121/><V10/><F22/><W133/><G133/><T3/><D3/><U97/><E97/><V94/><F94/><W71/><G71/><T60/><REACH who="0" step="1"/><D85/><REACH who="0" ten="255,235,235,265" step="2"/><U59/><E42/><V130/><F130/><W0/><G113/><T4/><D4/><U23/><E106/><V102/><F40/><W30/><G112/><T12/><D12/><U51/><E98/><V81/><F15/><W116/><G0/><T14/><D14/><U74/><E74/><V123/><F13/><W100/><G86/><T2/><D2/><U125/><E125/><V118/><F73/><W47/><G7/><T84/><D84/><U65/><E101/><V119/><F102/><W37/><G100/><T17/><D17/><U115/><E115/><V36/><F39/><W11/><G37/><T103/><D103/><U44/><E96/><RYUUKYOKU ba="1,1" sc="255,30,235,-10,235,-10,265,-10" hai0="24,25,28,31,33,35,53,55,60,66,69,87,90" /><INIT seed="0,2,1,0,3,73" ten="285,225,225,255" oya="0" hai0="100,58,75,121,43,25,85,107,29,42,37,81,3" hai1="71,92,32,62,83,108,45,67,106,119,131,124,101" hai2="39,15,5,76,18,133,135,47,86,46,127,72,12" hai3="105,23,28,99,125,68,104,36,19,7,134,17,49"/><T16/><D3/><U65/><E119/><V97/><F72/><W55/><G36/><T4/><D121/><U112/><E108/><V109/><F109/><W93/><G68/><T48/><D4/><U113/><E92/><V14/><F127/><W118/><G118/><T41/><D75/><U95/><E95/><V77/><F5/><W13/><G125/><T120/><D120/><U94/><E94/><V8/><F97/><W129/><G129/><T66/><D37/><U122/><E67/><V69/><F69/><W31/><G134/><N who="2" m="51209" /><F86/><W111/><G111/><T115/><D115/><U26/><E131/><V60/><F60/><W116/><G116/><T74/><D74/><U114/><E122/><V102/><F102/><W1/><G1/><T84/><D84/><U20/><E124/><V110/><F110/><W89/><G7/><T128/><D128/><U78/><E101/><V61/><F61/><W35/><G19/><T2/><D2/><U6/><E6/><N who="2" m="3095" /><F14/><W54/><G35/><T82/><D66/><U21/><E106/><V88/><F88/><W117/><G117/><T50/><D100/><U98/><E98/><V38/><F39/><W33/><G33/><T44/><D107/><U27/><E32/><V132/><N who="2" m="51217" /><V34/><DORA hai="11" /><F34/><W91/><G105/><T70/><D70/><U51/><E114/><V30/><F30/><N who="3" m="11307" /><G104/><T79/><D29/><N who="1" m="17607" /><E113/><V52/><F38/><W103/><G49/><T130/><D130/><U87/><E112/><V126/><F126/><W22/><G22/><N who="0" m="13511" /><D81/><U59/><E71/><V40/><F40/><W80/><G80/><RYUUKYOKU ba="2,1" sc="285,15,225,-15,225,-15,255,15" hai0="41,42,43,44,48,50,58,79,82,85" hai3="13,17,23,54,55,89,91,93,99,103" /><INIT seed="0,3,1,2,1,19" ten="300,210,210,270" oya="0" hai0="118,78,79,80,75,30,42,131,11,39,81,134,28" hai1="51,130,114,73,89,129,7,112,121,35,43,22,14" hai2="32,106,59,3,126,127,115,13,1,46,40,47,99" hai3="6,69,48,45,26,52,119,125,124,54,36,27,41"/><T71/><D118/><U113/><E73/><V76/><F32/><W122/><G6/><T74/><D131/><N who="1" m="50187" /><E43/><V9/><F115/><W84/><G119/><T65/><D134/><U72/><E72/><V107/><F76/><W16/><G69/><T25/><D71/><U18/><E51/><V67/><F99/><W63/><G122/><T98/><D98/><U60/><E60/><N who="2" m="38303" /><F3/><W100/><G100/><T62/><D25/><N who="1" m="14551" /><E89/><V33/><F1/><W29/><G84/><T111/><D11/><N who="1" m="4479" /><E35/><V37/><F33/><N who="3" m="20663" /><G63/><T132/><D132/><U5/><E5/><N who="2" m="3247" /><F47/><W91/><G91/><T21/><D65/><U53/><E53/><V104/><F106/><W97/><G97/><T90/><D62/><U86/><E86/><V102/><F102/><W95/><G36/><T50/><D90/><U133/><E133/><V87/><F87/><W34/><G34/><T93/><D39/><U92/><E92/><V31/><F31/><W88/><G95/><T128/><D93/><U44/><E44/><V17/><F107/><W57/><G88/><T24/><D128/><U123/><AGARI ba="3,1" hai="112,113,114,121,123" m="4479,14551,50187" machi="123" ten="40,8000,1" yaku="11,1,19,1,34,2,52,1" doraHai="19" who="1" fromWho="1" sc="300,-43,210,99,210,-23,270,-23" /><INIT seed="1,0,0,5,0,72" ten="257,309,187,247" oya="1" hai0="12,73,13,7,80,61,104,90,95,77,107,65,87" hai1="118,41,10,4,81,79,84,15,93,69,135,70,127" hai2="123,27,33,130,126,60,129,37,56,51,134,117,100" hai3="35,133,43,24,1,53,32,111,112,96,39,46,94"/><U17/><E118/><V125/><F100/><W110/><G112/><T45/><D45/><U91/><E135/><V83/><F117/><W113/><G1/><T18/><D7/><U85/><E127/><N who="2" m="48651" /><F123/><W63/><G133/><T74/><D74/><U116/><E116/><V106/><F106/><W22/><G113/><T98/><D13/><U49/><E17/><V67/><F83/><W36/><G36/><T55/><D55/><U0/><E0/><V34/><F37/><W47/><G32/><N who="2" m="12393" /><F27/><W42/><G35/><T122/><D122/><U108/><E108/><V115/><F115/><W2/><G2/><T21/><REACH who="0" step="1"/><D73/><REACH who="0" ten="247,309,187,247" step="2"/><U31/><E31/><V114/><F114/><W59/><G43/><T26/><D26/><U101/><E101/><V9/><F134/><W25/><G47/><AGARI ba="0,1" hai="4,10,15,41,47,49,69,70,79,81,84,85,91,93" machi="47" ten="40,7700,0" yaku="25,2,52,1" doraHai="72" who="1" fromWho="3" sc="247,0,309,87,187,0,247,-77" /><INIT seed="1,1,0,3,4,66" ten="247,396,187,170" oya="1" hai0="92,89,36,126,80,31,130,20,114,52,40,83,95" hai1="25,82,37,3,45,70,98,38,16,78,32,104,13" hai2="0,68,134,5,75,85,118,113,29,48,6,9,135" hai3="27,131,34,116,57,65,107,120,112,49,2,14,87"/><U1/><E70/><V21/><F118/><W106/><G112/><T24/><D114/><U86/><E32/><V47/><F75/><W46/><G2/><T99/><D126/><U19/><E25/><V84/><F113/><W100/><G120/><T121/><D121/><U105/><E19/><V7/><F68/><W4/><G116/><T81/><D130/><U8/><E98/><V60/><F60/><W91/><G131/><T108/><D108/><U123/><E123/><V97/><F97/><W30/><G4/><T67/><D67/><U69/><E69/><V55/><F9/><W51/><G14/><T127/><D127/><U125/><E125/><V76/><F0/><W79/><G79/><T56/><D92/><U63/><E63/><V133/><F76/><W71/><G100/><T103/><D40/><U58/><E58/><V117/><F117/><W73/><G73/><T90/><D36/><U26/><E26/><AGARI ba="1,0" hai="5,6,7,21,26,29,47,48,55,84,85,133,134,135" machi="26" ten="50,1600,0" yaku="20,1" doraHai="66" who="2" fromWho="1" sc="247,0,396,-19,187,19,170,0" /><INIT seed="2,0,0,2,0,36" ten="247,377,206,170" oya="2" hai0="127,66,63,100,89,135,37,95,123,46,47,23,118" hai1="91,44,11,125,19,114,121,39,35,25,132,120,53" hai2="10,88,8,85,24,101,59,55,0,72,62,117,52" hai3="94,113,103,82,56,28,9,79,77,34,20,16,26"/><V92/><F72/><W41/><G113/><T49/><D123/><U115/><E132/><V4/><F117/><W78/><G82/><T104/><D135/><U12/><E125/><V1/><F101/><W128/><G128/><T68/><D127/><U99/><E53/><V33/><F33/><W61/><G9/><T50/><D23/><U97/><E44/><V29/><F10/><W131/><G131/><T27/><D27/><U60/><E60/><V122/><F122/><N who="1" m="47209" /><E39/><V40/><F0/><W71/><G71/><T87/><D118/><U98/><E91/><V126/><F126/><W14/><G103/><T2/><D2/><U5/><E19/><V73/><F73/><W45/><G94/><T110/><D110/><U64/><E64/><V111/><F111/><W32/><G32/><T119/><D119/><U84/><E84/><V134/><F134/><W67/><REACH who="3" step="1"/><G79/><REACH who="3" ten="247,377,206,160" step="2"/><T69/><D68/><U109/><E109/><V3/><F1/><W54/><G54/><T76/><D76/><U74/><E74/><V58/><F40/><W70/><G70/><T124/><D124/><U116/><E116/><V65/><F58/><W112/><G112/><T42/><D100/><U93/><E93/><V86/><F86/><W102/><G102/><T51/><D104/><U31/><AGARI ba="0,1" hai="5,11,12,25,31,35,97,98,99,114,115" m="47209" machi="31" ten="40,1500,0" yaku="13,1" doraHai="36" who="1" fromWho="1" sc="247,-4,377,25,206,-7,160,-4" /><INIT seed="3,0,0,2,0,64" ten="243,402,199,156" oya="3" hai0="49,92,11,14,134,48,60,86,87,90,77,98,22" hai1="115,6,2,120,84,107,53,5,78,45,118,10,76" hai2="104,62,123,44,27,73,122,19,52,108,106,30,101" hai3="109,117,89,63,54,70,36,50,96,119,42,25,129"/><W99/><G99/><T135/><D22/><U75/><E120/><N who="2" m="46123" /><F73/><W18/><G96/><T88/><D60/><U67/><E115/><V125/><F125/><W74/><G74/><T1/><D1/><U21/><E67/><V83/><F108/><W57/><G89/><T128/><D128/><U126/><E53/><V110/><F110/><W40/><G25/><T20/><D20/><U26/><E45/><V82/><F19/><W13/><G109/><T133/><D77/><U17/><E107/><N who="2" m="41003" /><F101/><W35/><G35/><T8/><D98/><U95/><E118/><N who="3" m="45066" /><G13/><T56/><D56/><U38/><E78/><V15/><F15/><W31/><G31/><T100/><D100/><U41/><E76/><V24/><F24/><W103/><G18/><T116/><D116/><U112/><E26/><V12/><F12/><W71/><G103/><T69/><D69/><N who="3" m="26121" /><G129/><T97/><D97/><U93/><E17/><V3/><F3/><W102/><G102/><T114/><D114/><U124/><E112/><V91/><F91/><W79/><G79/><T51/><D14/><U85/><E75/><V59/><F27/><W7/><G7/><T32/><D32/><U94/><E6/><V43/><F30/><W28/><G28/><T111/><D111/><U130/><E130/><V37/><AGARI ba="0,0" hai="37,43,44,52,59,62,82,83" m="41003,46123" machi="37" ten="30,2000,0" yaku="13,1,54,1" doraHai="64" who="2" fromWho="2" sc="243,-5,402,-5,199,20,156,-10" /><INIT seed="4,0,0,2,2,50" ten="238,397,219,146" oya="0" hai0="18,130,27,75,58,78,131,67,36,4,20,100,53" hai1="48,77,128,113,52,46,121,108,117,107,42,44,85" hai2="6,111,69,30,45,64,122,74,120,95,105,32,104" hai3="84,51,93,40,60,10,101,127,9,96,126,102,119"/><T3/><D36/><U28/><E108/><V94/><F111/><W47/><G119/><T15/><D100/><U79/><E107/><V135/><F135/><W49/><G84/><T110/><D110/><U11/><E128/><N who="0" m="49193" /><D75/><U54/><E121/><V133/><F95/><W39/><G39/><T0/><D78/><N who="1" m="29707" /><E113/><V115/><F94/><W61/><G93/><T76/><D76/><U62/><E28/><V68/><F115/><W55/><G47/><T86/><D86/><U23/><E11/><V17/><F45/><W98/><REACH who="3" step="1"/><G40/><REACH who="3" ten="238,397,219,136" step="2"/><T65/><D0/><U7/><E117/><V14/><F104/><W56/><G56/><T59/><D58/><N who="1" m="35143" /><E85/><V41/><F105/><W124/><G124/><T43/><D43/><U87/><E87/><V116/><F41/><W72/><G72/><T35/><D3/><U8/><E46/><V34/><F74/><W26/><G26/><T1/><D1/><U89/><E42/><V16/><F116/><W81/><G81/><T88/><D35/><U21/><E89/><V82/><F82/><W66/><G66/><T24/><D88/><U73/><E73/><V2/><F64/><W118/><G118/><T37/><D37/><U71/><E71/><V57/><F69/><W25/><G25/><N who="0" m="9803" /><D4/><U63/><E7/><V125/><F6/><W22/><G22/><T97/><D97/><U132/><E23/><V109/><F34/><W91/><G91/><T134/><D134/><U5/><E21/><V129/><F133/><W103/><G103/><T33/><D33/><U19/><E132/><V29/><F32/><W12/><G12/><RYUUKYOKU ba="0,1" sc="238,15,397,-15,219,-15,136,15" hai0="15,18,20,53,59,65,67" hai3="9,10,49,51,55,60,61,96,98,101,102,126,127" /><INIT seed="4,1,1,3,0,119" ten="253,382,204,151" oya="0" hai0="122,38,23,75,26,8,35,25,12,133,21,70,87" hai1="76,78,56,16,100,112,46,88,33,117,50,115,48" hai2="103,7,80,90,71,105,126,52,98,106,81,22,67" hai3="43,131,14,49,120,54,15,57,97,62,13,20,31"/><T64/><D38/><U94/><E33/><V51/><F106/><W123/><G131/><T18/><D75/><U113/><E100/><V125/><F7/><W59/><G97/><T82/><D133/><U95/><E117/><V61/><F22/><W29/><G20/><T11/><D35/><U96/><E95/><V17/><F17/><W102/><G43/><T42/><D42/><N who="1" m="24663" /><E16/><V116/><F90/><W58/><G102/><T77/><D122/><N who="3" m="46633" /><G62/><T127/><D127/><N who="2" m="48650" /><F116/><W104/><G104/><T6/><D70/><U37/><E37/><V107/><F107/><W1/><G1/><T41/><D64/><U124/><E124/><V65/><F65/><W108/><G108/><T83/><D41/><U79/><E50/><V10/><F10/><W9/><G9/><T39/><D39/><U53/><E53/><V92/><F105/><W44/><AGARI ba="1,1" hai="13,14,15,29,31,44,49,54,57,58,59" m="46633" machi="44" ten="40,8000,1" yaku="13,1,52,3" doraHai="119" who="3" fromWho="3" sc="253,-41,382,-21,204,-21,151,93" /><INIT seed="5,0,0,4,5,20" ten="212,361,183,244" oya="1" hai0="30,1,5,72,12,75,66,55,89,69,27,80,132" hai1="43,28,123,102,105,37,129,32,128,48,104,42,13" hai2="95,14,53,34,85,76,110,31,101,2,82,126,97" hai3="121,58,90,118,106,103,29,99,94,100,41,11,114"/><U130/><E123/><V122/><F2/><W19/><G114/><T86/><D1/><U79/><E79/><V83/><F110/><W70/><G70/><T16/><D132/><U33/><E48/><V115/><F122/><W17/><G41/><N who="1" m="15370" /><E28/><V87/><F115/><W51/><G118/><T112/><D5/><U6/><E37/><V60/><F14/><W54/><G29/><T98/><D55/><U49/><E49/><V119/><F126/><W52/><G121/><T117/><D117/><U50/><E50/><V133/><F119/><W113/><G113/><T4/><D4/><U127/><E102/><V65/><F53/><W45/><G11/><T78/><D112/><U59/><E59/><V134/><F31/><W62/><REACH who="3" step="1"/><G103/><REACH who="3" ten="212,361,183,234" step="2"/><T84/><D69/><U25/><E130/><V0/><F34/><W77/><G77/><T91/><D78/><U39/><E33/><V124/><F124/><W46/><G46/><T40/><D30/><U56/><E32/><V68/><F133/><W35/><G35/><T23/><D40/><U135/><E129/><V116/><F134/><W107/><G107/><T92/><D66/><U10/><E105/><V81/><F116/><W24/><G24/><T108/><D108/><U96/><E25/><V63/><F76/><W88/><G88/><T57/><D27/><U38/><E128/><V44/><F44/><W73/><G73/><T47/><D47/><U74/><E135/><V9/><REACH who="2" step="1"/><F63/><REACH who="2" ten="212,361,173,234" step="2"/><W109/><G109/><T93/><D57/><U120/><E120/><V67/><F67/><W22/><G22/><T3/><D23/><RYUUKYOKU ba="0,2" sc="212,-15,361,-15,173,15,234,15" hai2="0,9,60,65,68,81,82,83,85,87,95,97,101" hai3="17,19,45,51,52,54,58,62,90,94,99,100,106" /><INIT seed="6,1,2,2,4,119" ten="197,346,188,249" oya="2" hai0="17,19,51,31,120,18,91,134,87,84,104,124,70" hai1="110,127,25,73,106,108,109,64,58,34,81,40,43" hai2="52,80,5,132,72,93,12,26,101,8,95,130,0" hai3="39,114,62,23,115,49,55,118,69,85,82,78,90"/><V75/><F130/><W98/><G39/><T116/><D104/><U122/><E106/><V99/><F132/><W24/><G118/><T76/><D134/><U88/><E127/><V27/><F93/><W29/><G69/><T9/><D124/><U133/><E122/><V92/><F92/><W47/><G62/><T68/><D116/><U13/><E13/><V97/><F97/><W30/><G30/><T53/><D31/><U61/><E133/><V28/><F0/><W22/><G22/><T103/><D103/><U94/><E34/><V129/><F26/><W11/><G11/><T71/><D76/><U126/><E126/><V96/><F96/><W66/><G66/><T1/><D120/><U45/><E25/><V15/><F15/><W46/><G46/><T7/><REACH who="0" step="1"/><D91/><REACH who="0" ten="187,346,188,249" step="2"/><U38/><E110/><V48/><F129/><W86/><G90/><T111/><D111/><U10/><E109/><V33/><REACH who="2" step="1"/><F80/><REACH who="2" ten="187,346,178,249" step="2"/><W3/><G82/><T32/><D32/><U121/><E108/><V14/><F14/><W4/><G3/><T35/><D35/><U117/><E117/><V60/><F60/><W131/><G131/><T54/><D54/><U2/><E81/><V105/><F105/><W79/><G55/><T107/><D107/><U123/><E123/><V113/><F113/><W37/><G115/><T125/><D125/><U50/><E121/><V83/><F83/><W59/><G114/><T67/><D67/><U74/><E2/><V100/><F100/><W65/><G65/><T20/><D20/><U42/><E64/><V128/><F128/><W89/><G23/><RYUUKYOKU ba="1,4" sc="187,15,346,-15,178,15,249,-15" hai0="1,7,9,17,18,19,51,53,68,70,71,84,87" hai2="5,8,12,27,28,33,48,52,72,75,95,99,101" /><INIT seed="6,2,4,3,4,56" ten="202,331,193,234" oya="2" hai0="131,121,15,82,67,29,99,105,118,78,30,80,11" hai1="124,10,27,24,91,76,38,37,93,123,95,120,2" hai2="18,66,111,102,101,92,85,104,35,47,45,81,96" hai3="79,19,39,16,126,46,83,0,107,4,125,132,51"/><V62/><F35/><W129/><G107/><T97/><D121/><N who="1" m="46667" /><E124/><N who="3" m="47722" /><G129/><T109/><D109/><U50/><E76/><V69/><F111/><W42/><G132/><T13/><D131/><U90/><E50/><V28/><F28/><N who="0" m="10858" /><D105/><U100/><E100/><V113/><F113/><W34/><G34/><T32/><D32/><U71/><E71/><V114/><F114/><W98/><G98/><N who="0" m="37387" /><D67/><U12/><E2/><V60/><F102/><W33/><G33/><T14/><D118/><U53/><E53/><V22/><F104/><W8/><G39/><N who="1" m="14858" /><E95/><V36/><F36/><W134/><G134/><T25/><D25/><N who="1" m="9803" /><E93/><V1/><F1/><W44/><G44/><N who="2" m="16969" /><F69/><W57/><G57/><T7/><D78/><U26/><E26/><N who="2" m="14679" /><F66/><W110/><G110/><T103/><D103/><U64/><E64/><V21/><F21/><W94/><G94/><T70/><D70/><U54/><E54/><V63/><F81/><AGARI ba="2,4" hai="7,11,13,14,15,80,81,82" m="37387,10858" machi="81" ten="30,1000,0" yaku="8,1" doraHai="56" who="0" fromWho="2" sc="202,56,331,0,193,-16,234,0" /><INIT seed="7,0,0,4,2,88" ten="258,331,177,234" oya="3" hai0="61,69,12,31,106,16,127,121,21,42,34,101,71" hai1="1,4,8,54,112,133,128,93,67,125,99,38,50" hai2="114,103,85,32,79,130,58,37,55,51,94,30,72" hai3="52,96,132,86,100,119,19,11,40,73,13,53,66"/><W135/><G73/><T17/><D121/><U104/><E38/><V43/><F130/><W48/><G119/><T87/><D42/><U44/><E104/><V22/><F114/><W0/><G0/><T76/><D127/><U45/><E133/><N who="3" m="51274" /><G86/><T5/><D5/><U111/><E111/><V7/><F7/><W105/><G66/><T3/><D3/><U57/><E112/><V74/><F32/><W124/><G124/><T65/><D71/><U110/><E110/><V122/><F122/><W27/><G27/><T98/><D17/><U29/><E67/><V92/><F103/><W113/><G113/><T28/><D76/><U82/><E128/><V102/><F102/><W75/><G75/><T62/><D87/><U15/><E1/><V107/><F107/><W70/><G70/><T41/><D62/><U90/><E125/><V116/><F74/><W23/><G11/><T78/><D78/><U14/><E29/><V60/><F72/><W59/><G59/><T64/><D64/><U89/><E15/><V77/><F37/><W2/><G2/><T83/><D41/><U129/><E129/><V33/><F33/><W20/><G20/><T25/><D31/><U108/><E108/><V117/><F116/><W35/><G35/><T18/><D18/><U91/><E82/><AGARI ba="0,0" hai="12,16,21,25,28,34,61,65,69,82,83,98,101,106" machi="82" ten="40,5200,0" yaku="25,2,54,1" doraHai="88" who="0" fromWho="1" sc="258,52,331,-52,177,0,234,0" owari="310,41.0,279,8.0,177,-32.0,234,-17.0" /></mjloggm>