<mjloggm ver="2.3"><GO type="41" lobby="0"/><UN n0="%4B%65%76%69%6E%65%73%74" n1="%E3%82%A8%E3%82%BB%E7%A8%B2%E8%91%89" n2="%71%71%71" n3="%E2%93%9D%53%75%70%68%78" dan="14,14,13,17" rate="1910.24,1900.55,1869.78,2064.50" sx="M,M,M,M"/><TAIKYOKU oya="0"/><INIT seed="0,0,0,2,4,73" ten="250,250,250,250" oya="0" hai0="120,75,92,12,55,50,128,23,15,118,67,133,62" hai1="98,32,65,109,76,111,48,56,103,26,10,79,13" hai2="18,102,80,31,0,114,35,28,66,126,134,91,119" hai3="127,41,78,44,87,29,105,7,99,124,63,69,106"/><T113/><D120/><U89/><E32/><V77/><F114/><W3/><G29/><T86/><D113/><U101/><E89/><V45/><F126/><N who="3" m="48171" /><G99/><T115/><D118/><U95/><E103/><V9/><F134/><W97/><G97/><T40/><D133/><U132/><E26/><V68/><F102/><W22/><G22/><T122/><D75/><U81/><E81/><V54/><F91/><W71/><G7/><T24/><D128/><U107/><E107/><N who="3" m="40970" /><G63/><T83/><D115/><U53/><E65/><V2/><F35/><W135/><G3/><T6/><D6/><U84/><E84/><V88/><F28/><W16/><G16/><N who="0" m="12391" /><D92/><U123/><E123/><V27/><F31/><W5/><G5/><T110/><D110/><N who="1" m="41995" /><E132/><V60/><F0/><W51/><G135/><T108/><D108/><U46/><E46/><V49/><F119/><W19/><G19/><AGARI ba="0,0" hai="10,13,19,48,53,56,76,79,95,98,101" m="41995" machi="19" ten="30,3900,0" yaku="14,1,52,2" doraHai="73" who="1" fromWho="3" sc="250,0,250,39,250,0,250,-39" /><INIT seed="1,0,0,5,3,130" ten="250,289,250,211" oya="1" hai0="109,9,131,35,121,82,11,94,124,48,72,38,8" hai1="17,116,13,74,135,33,119,54,0,28,114,106,78" hai2="70,100,36,110,91,132,23,2,129,58,118,71,55" hai3="68,46,92,127,69,85,12,39,87,101,115,123,57"/><U97/><E114/><V7/><F118/><W104/><G104/><T45/><D109/><U96/><E0/><V56/><F36/><W42/><G123/><T31/><D131/><U122/><E122/><V27/><F129/><W98/><G115/><T3/><D121/><U111/><E74/><V10/><F100/><W6/><G127/><T26/><D124/><U67/><E67/><V47/><F110/><W108/><G108/><T103/><D103/><U80/><E54/><V75/><F47/><W102/><G102/><T41/><D48/><U133/><E111/><V105/><F105/><W66/><G69/><T34/><D94/><U95/><E106/><V37/><F58/><W99/><G99/><T79/><REACH who="0" step="1"/><D35/><REACH who="0" ten="240,289,250,211" step="2"/><U40/><E95/><V14/><F37/><W30/><G92/><T61/><D61/><U44/><E116/><V59/><F71/><W15/><G68/><T24/><D24/><U1/><E119/><V93/><F70/><W60/><G101/><T113/><D113/><U112/><E112/><V90/><F93/><W50/><G39/><T16/><D16/><U128/><E128/><V53/><F27/><W77/><G98/><T120/><D120/><U43/><E96/><V51/><F51/><W22/><G50/><T117/><D117/><U25/><E97/><V84/><F59/><W18/><G57/><T4/><AGARI ba="0,1" hai="3,4,8,9,11,26,31,34,38,41,45,72,79,82" machi="4" ten="30,7900,0" yaku="1,1,0,1,25,2,53,0" doraHai="130" doraHaiUra="134" who="0" fromWho="0" sc="240,89,289,-39,250,-20,211,-20" /><INIT seed="2,0,0,2,5,124" ten="329,250,230,191" oya="2" hai0="69,118,87,56,61,7,17,126,42,38,29,83,78" hai1="70,91,120,16,30,4,84,62,25,57,129,31,40" hai2="45,73,9,90,100,97,88,102,113,119,13,94,89" hai3="47,114,52,131,39,59,32,133,72,24,81,1,21"/><V122/><F113/><W128/><G32/><T115/><D126/><U71/><E4/><V123/><F119/><W54/><G1/><T111/><D115/><U41/><E71/><V26/><F73/><W76/><G114/><T11/><D111/><U132/><E132/><V50/><F102/><W36/><G133/><T46/><D69/><U99/><E70/><V12/><F26/><W60/><G54/><T34/><D17/><U55/><E120/><V93/><F13/><W58/><G58/><T51/><D118/><U101/><E31/><V127/><F127/><W49/><G60/><T135/><D135/><U15/><E30/><V134/><F134/><W37/><REACH who="3" step="1"/><G59/><REACH who="3" ten="329,250,230,181" step="2"/><T95/><D56/><U109/><E40/><N who="2" m="24871" /><F123/><W104/><G104/><T108/><D61/><U0/><E41/><V22/><F122/><W3/><G3/><T67/><D67/><U14/><E0/><V106/><F106/><W82/><G82/><T116/><D116/><U35/><E35/><V2/><F2/><W112/><G112/><T43/><D43/><U53/><E55/><V77/><F93/><W44/><G44/><T18/><D95/><U92/><E109/><V5/><F77/><W103/><G103/><T66/><D108/><U117/><E117/><V121/><F121/><W74/><G74/><T8/><D78/><U48/><E62/><V85/><F85/><W125/><G125/><T65/><D87/><U96/><E84/><V6/><F6/><W107/><G107/><T28/><D7/><U80/><E101/><V130/><F130/><W110/><G110/><T19/><D34/><RYUUKYOKU ba="0,1" sc="329,-15,250,-15,230,15,181,15" hai2="5,9,12,22,88,89,90,94,97,100" hai3="21,24,36,37,39,47,49,52,72,76,81,128,131" /><INIT seed="2,1,1,1,0,132" ten="314,235,245,196" oya="2" hai0="10,0,106,83,119,94,122,65,47,84,135,55,114" hai1="105,36,117,35,49,27,43,80,45,63,33,24,125" hai2="54,7,74,39,100,50,79,61,86,123,102,17,41" hai3="81,111,16,103,120,96,28,71,57,37,26,48,9"/><V131/><F123/><W69/><G37/><T87/><D119/><U12/><E105/><V19/><F74/><W113/><G120/><T97/><D65/><U128/><E128/><V95/><F131/><W53/><G111/><T130/><D135/><U109/><E109/><V124/><F7/><W85/><G113/><T11/><D114/><U112/><E112/><V67/><F100/><W93/><G28/><T15/><D106/><U59/><E36/><V127/><F41/><W66/><G66/><T6/><D130/><U18/><E33/><V121/><F39/><W30/><G30/><T1/><D1/><U78/><E35/><V89/><F102/><W29/><G29/><T99/><D99/><U82/><E117/><V2/><F79/><W21/><REACH who="3" step="1"/><G9/><REACH who="3" ten="314,235,245,186" step="2"/><T52/><D122/><U25/><E78/><AGARI ba="1,2" hai="16,21,26,48,53,57,69,71,78,81,85,93,96,103" machi="78" ten="30,8000,1" yaku="1,1,2,1,7,1,54,1,53,1" doraHai="132" doraHaiUra="90" who="3" fromWho="1" sc="314,0,235,-83,245,0,186,103" /><INIT seed="3,0,0,1,4,72" ten="314,152,245,289" oya="3" hai0="58,12,128,0,3,123,52,4,118,55,122,2,23" hai1="63,76,17,121,46,32,65,130,106,6,43,35,28" hai2="117,115,11,27,14,129,10,48,74,41,7,64,86" hai3="57,19,103,104,45,42,8,1,120,61,54,26,135"/><W91/><G120/><T100/><D118/><U78/><E106/><V49/><F74/><W99/><G135/><T30/><D100/><U119/><E121/><V81/><F115/><W95/><G1/><T56/><D128/><U101/><E101/><V96/><F129/><W109/><G109/><T24/><D12/><U50/><E130/><V71/><F96/><W79/><G8/><T134/><D4/><U82/><E28/><V105/><F105/><W92/><G79/><N who="1" m="30250" /><E35/><V21/><F64/><W97/><G104/><T9/><D9/><U62/><E32/><V60/><F60/><N who="1" m="23081" /><E6/><V36/><F71/><W113/><G113/><T133/><D122/><U102/><E102/><V20/><F11/><W40/><G45/><T13/><D123/><U124/><E124/><V38/><F7/><W5/><G5/><T88/><D0/><U87/><E65/><V33/><F33/><W85/><G85/><T22/><D30/><U59/><E59/><V90/><F86/><W15/><G15/><T89/><D13/><U127/><E127/><V68/><F14/><W131/><G131/><T67/><D67/><U39/><E39/><V84/><F38/><W51/><G51/><T80/><D24/><U53/><E119/><V73/><F27/><W83/><G83/><AGARI ba="0,0" hai="2,3,22,23,52,55,56,58,80,83,88,89,133,134" machi="83" ten="25,6400,0" yaku="22,2,54,2" doraHai="72" who="0" fromWho="3" sc="314,64,152,0,245,0,289,-64" /><INIT seed="4,0,0,0,1,27" ten="378,152,245,225" oya="0" hai0="134,135,97,29,69,62,0,50,108,5,75,8,19" hai1="2,76,25,89,40,117,105,131,6,77,113,4,82" hai2="59,129,121,120,79,11,95,28,111,51,14,39,32" hai3="31,124,56,83,78,23,60,36,63,80,96,100,13"/><T73/><D108/><U45/><E105/><V67/><F111/><W57/><G36/><T132/><D19/><U115/><E117/><V85/><F39/><W109/><G124/><T90/><D50/><U68/><E68/><V91/><F129/><W125/><G125/><T26/><D97/><U9/><E131/><V126/><F126/><W127/><G127/><T74/><D90/><U18/><E6/><V70/><F70/><W86/><G83/><T42/><D42/><U10/><E89/><V106/><F106/><W47/><G47/><T110/><D110/><U133/><E133/><V92/><F79/><W114/><G114/><T54/><D54/><U94/><E94/><V15/><F15/><W64/><G13/><T1/><D1/><U41/><E41/><V53/><F67/><W112/><G112/><N who="1" m="43082" /><E82/><V61/><F61/><W7/><G7/><T72/><N who="0" m="18432" /><DORA hai="38" /><T65/><REACH who="0" step="1"/><D135/><REACH who="0" ten="368,152,245,225" step="2"/><U102/><E102/><V87/><F51/><W22/><G109/><T16/><D16/><U3/><E2/><V122/><F53/><W55/><REACH who="3" step="1"/><G31/><REACH who="3" ten="368,152,245,215" step="2"/><T52/><D52/><U21/><E9/><V103/><F11/><W20/><G20/><AGARI ba="0,2" hai="0,5,8,20,26,29,62,65,69,132,134" m="18432" machi="20" ten="70,12000,1" yaku="1,1,52,1,53,1" doraHai="27,38" doraHaiUra="66,116" who="0" fromWho="3" sc="368,140,152,0,245,0,215,-120" /><INIT seed="4,1,0,4,5,84" ten="508,152,245,95" oya="0" hai0="119,89,116,118,69,86,68,120,113,10,103,22,6" hai1="51,65,128,62,17,39,96,70,66,109,123,32,97" hai2="121,106,134,122,30,13,80,43,72,81,57,99,37" hai3="95,60,40,100,25,75,98,18,9,26,108,87,0"/><T102/><D120/><U115/><E109/><V44/><F134/><W85/><G75/><T67/><D113/><U15/><E123/><V126/><F126/><W11/><G108/><T101/><D67/><U135/><E128/><V94/><F106/><W23/><G40/><T77/><D77/><U4/><E32/><V74/><F30/><W130/><G130/><T83/><REACH who="0" step="1"/><D22/><REACH who="0" ten="498,152,245,95" step="2"/><U133/><E66/><V54/><F122/><W21/><G60/><T34/><D34/><U64/><E64/><V2/><F121/><W47/><G0/><AGARI ba="1,1" hai="0,6,10,68,69,83,86,89,101,102,103,116,118,119" machi="0" ten="50,9600,0" yaku="1,1,52,1,53,1" doraHai="84" doraHaiUra="78" who="0" fromWho="3" sc="498,109,152,0,245,0,95,-99" owari="607,70.0,152,-25.0,245,5.0,-4,-50.0" /></mjloggm>