<mjloggm ver="2.3"><GO type="41" lobby="0"/><UN n0="%E2%93%9D%53%75%70%68%78" n1="%E3%81%AF%E3%81%B2%E3%82%85%E3%81%85" n2="%E9%9B%80%E9%AD%94%E7%A5%9E%31%48%E5%85%AD%E7%99%BE%E5%86%86" n3="%6D%6F%77%6D%6F%77%79%79" dan="17,14,14,13" rate="2072.60,1910.56,1953.90,1848.60" sx="M,M,M,M"/><TAIKYOKU oya="0"/><INIT seed="0,0,0,1,0,97" ten="250,250,250,250" oya="0" hai0="53,129,108,114,73,40,39,49,95,50,101,29,33" hai1="74,4,80,83,67,59,75,51,7,52,96,44,46" hai2="12,127,115,31,94,27,124,34,19,128,116,106,117" hai3="110,122,43,35,105,104,132,113,17,63,103,85,71"/><T36/><D73/><U5/><E75/><V79/><F106/><W123/><G105/><T61/><D29/><U42/><E74/><V57/><F79/><W13/><G35/><T112/><D33/><U135/><E135/><V55/><F94/><W24/><G113/><N who="0" m="43627" /><D95/><U100/><E67/><V82/><F82/><W23/><G110/><T86/><D86/><U81/><REACH who="1" step="1"/><E42/><REACH who="1" ten="250,240,250,250" step="2"/><V93/><F115/><W37/><G43/><T8/><D40/><U45/><E45/><V119/><F55/><W58/><G132/><T92/><D53/><U125/><E125/><N who="2" m="48203" /><F57/><W1/><G71/><T72/><D72/><U20/><E20/><N who="2" m="11367" /><F93/><AGARI ba="0,1" hai="4,5,7,44,46,51,52,59,80,81,83,93,96,100" machi="93" ten="40,8000,1" yaku="1,1,8,1,52,1,54,1,53,0" doraHai="97" doraHaiUra="9" who="1" fromWho="2" sc="250,0,240,90,250,-80,250,0" /><INIT seed="1,0,0,5,4,5" ten="250,330,170,250" oya="1" hai0="25,122,95,7,69,131,30,16,114,92,41,100,39" hai1="23,35,126,83,62,108,116,52,45,86,74,85,101" hai2="117,89,21,73,106,20,36,132,58,13,91,135,97" hai3="32,3,105,4,49,64,10,75,60,123,56,120,102"/><U90/><E116/><V37/><F117/><W113/><G32/><T119/><D69/><U1/><E1/><V48/><F73/><W51/><G113/><T109/><D114/><U28/><E74/><V96/><F58/><W22/><G75/><T133/><D119/><U27/><E126/><V112/><F112/><W78/><G78/><T53/><D109/><U46/><E101/><V76/><F76/><W80/><G80/><T55/><D7/><U18/><E108/><V47/><F13/><W68/><G22/><N who="2" m="8809" /><F48/><W31/><G31/><T104/><D30/><U0/><E0/><V98/><F47/><W121/><G105/><T111/><D104/><U103/><E103/><V87/><F87/><W107/><REACH who="3" step="1"/><G68/><REACH who="3" ten="250,330,170,240" step="2"/><T19/><D111/><U11/><E35/><V54/><F106/><W40/><G40/><T44/><D41/><U26/><E28/><V38/><F54/><W93/><G93/><T84/><D53/><U14/><E27/><V17/><F17/><W24/><G24/><T57/><D55/><U9/><E26/><V6/><F6/><W59/><G59/><T82/><D57/><U63/><E46/><V2/><F2/><W110/><G110/><T134/><D44/><U15/><E15/><V71/><F71/><W81/><G81/><T125/><D82/><U94/><E45/><V72/><F72/><W124/><G124/><T33/><D125/><U61/><E52/><V34/><F34/><W66/><G66/><T65/><D33/><U50/><E50/><V79/><F79/><AGARI ba="0,1" hai="9,11,14,18,23,61,62,63,79,83,85,86,90,94" machi="79" ten="40,7700,0" yaku="8,1,52,2" doraHai="5" who="1" fromWho="2" sc="250,0,330,87,170,-77,240,0" /><INIT seed="1,1,0,2,2,105" ten="250,417,93,240" oya="1" hai0="2,134,135,48,4,8,53,35,64,128,71,33,98" hai1="123,127,109,122,119,112,104,73,132,10,124,130,27" hai2="12,47,62,114,9,106,133,102,89,21,23,129,82" hai3="26,18,111,118,58,20,69,97,37,44,77,131,94"/><U79/><E27/><V70/><F114/><W67/><G131/><T14/><D128/><U59/><E10/><V36/><F129/><W101/><G111/><T52/><D98/><U3/><E59/><V46/><F133/><N who="0" m="50698" /><D2/><U80/><E80/><V78/><F102/><W66/><G118/><T6/><D6/><U29/><E29/><V115/><F106/><W55/><G69/><T72/><D72/><U1/><E1/><V15/><F115/><W92/><G77/><T16/><D4/><U74/><E79/><V88/><F36/><W90/><G37/><T76/><D76/><U54/><E54/><N who="0" m="21097" /><D48/><U63/><E63/><AGARI ba="1,0" hai="8,14,16,33,35,63,64,71" m="21097,50698" machi="63" ten="30,3900,0" yaku="20,1,54,2" doraHai="105" who="0" fromWho="1" sc="250,42,417,-42,93,0,240,0" /><INIT seed="2,0,0,1,5,61" ten="292,375,93,240" oya="2" hai0="23,74,87,72,68,99,108,8,66,71,0,104,70" hai1="65,25,117,36,103,134,11,7,118,121,107,125,91" hai2="112,85,6,37,54,48,16,101,39,31,42,58,75" hai3="124,21,13,126,84,129,132,24,86,123,119,47,115"/><V4/><F112/><W77/><G115/><T113/><D113/><U1/><E121/><V44/><F75/><W81/><G123/><T2/><D87/><U109/><E109/><V32/><F101/><W90/><G119/><T130/><D23/><U63/><E36/><V9/><F85/><W105/><G105/><T88/><D108/><U35/><E134/><V102/><F102/><W22/><G132/><T28/><D28/><N who="1" m="19855" /><E91/><V15/><REACH who="2" step="1"/><F37/><REACH who="2" ten="292,375,83,240" step="2"/><W111/><G111/><T12/><D74/><U62/><E118/><V60/><F60/><W82/><G129/><T110/><D72/><U128/><E63/><V100/><F100/><W34/><G126/><T33/><D130/><U135/><E117/><V5/><F5/><W26/><G124/><T38/><D38/><U30/><E125/><V45/><F45/><W106/><G47/><T78/><D110/><U69/><E128/><V79/><F79/><W3/><G77/><T43/><D78/><U64/><E135/><V133/><F133/><W17/><G84/><T49/><D104/><U51/><E51/><V114/><F114/><W94/><G106/><T80/><D49/><U89/><E89/><V20/><F20/><W92/><G34/><T76/><D33/><U56/><E103/><V95/><F95/><W127/><G94/><T52/><D76/><U83/><E107/><V120/><F120/><W41/><G127/><T116/><D116/><U14/><E62/><V131/><F131/><W18/><G92/><T29/><D88/><U53/><E7/><V97/><F97/><W73/><G90/><T46/><D99/><RYUUKYOKU ba="0,1" sc="292,-10,375,-10,83,30,240,-10" hai2="4,6,9,15,16,31,32,39,42,44,48,54,58" /><INIT seed="2,1,1,4,2,116" ten="282,365,113,230" oya="2" hai0="83,7,36,32,20,100,72,96,92,63,71,130,91" hai1="54,17,122,120,81,70,105,125,42,1,4,111,44" hai2="117,24,109,97,77,94,51,107,126,79,43,74,123" hai3="132,0,108,30,76,53,46,40,119,14,3,35,26"/><V22/><F117/><W23/><G119/><T21/><D36/><U58/><E105/><V25/><F126/><W90/><G132/><T10/><D32/><U45/><E70/><V73/><F107/><W88/><G108/><T69/><D130/><U57/><E81/><V131/><F109/><W89/><G76/><T34/><D34/><U12/><E4/><V85/><F131/><W55/><G35/><T93/><D71/><U48/><E1/><V68/><F68/><W106/><G106/><T16/><D72/><U98/><E98/><V99/><F123/><N who="1" m="47145" /><E125/><V127/><F127/><W2/><REACH who="3" step="1"/><G14/><REACH who="3" ten="282,365,113,220" step="2"/><T47/><D100/><U18/><E111/><V49/><F74/><W84/><G84/><T27/><D96/><U118/><E118/><V61/><F85/><W86/><G86/><T50/><D91/><U78/><E78/><V41/><F73/><W75/><G75/><T11/><D83/><U114/><E12/><V5/><F79/><W101/><G101/><T104/><D104/><U6/><E6/><V103/><F5/><W13/><G13/><T59/><D7/><U66/><E114/><V113/><F103/><W95/><G95/><T102/><D92/><U80/><E80/><V37/><F94/><W39/><AGARI ba="1,2" hai="0,2,3,23,26,30,39,40,46,53,55,88,89,90" machi="39" ten="40,5200,0" yaku="1,1,0,1,54,1,53,0" doraHai="116" doraHaiUra="15" who="3" fromWho="3" sc="282,-14,365,-14,113,-27,220,75" /><INIT seed="3,0,0,1,1,91" ten="268,351,86,295" oya="3" hai0="9,79,27,42,86,1,47,20,117,121,3,32,36" hai1="74,12,109,62,16,17,68,43,13,49,37,28,100" hai2="106,114,59,21,10,93,57,39,98,52,30,65,31" hai3="15,126,29,5,88,120,7,77,11,112,83,63,60"/><W131/><G120/><T69/><D117/><U18/><E109/><V99/><F114/><W72/><G112/><T4/><D121/><U67/><E74/><V33/><F39/><W89/><G29/><T125/><D125/><U105/><E37/><V23/><F33/><W0/><G126/><T66/><D32/><U102/><E102/><V2/><F2/><W53/><G131/><T78/><D1/><U104/><E104/><V132/><F132/><W34/><G34/><T81/><D66/><U84/><E84/><V119/><F119/><W48/><G0/><T8/><D8/><U82/><E82/><V24/><F10/><W97/><G5/><T103/><D103/><U50/><E28/><V41/><F41/><W90/><REACH who="3" step="1"/><G97/><REACH who="3" ten="268,351,86,285" step="2"/><T75/><D3/><U127/><E127/><V35/><F99/><W108/><G108/><T38/><D4/><U118/><E118/><V80/><F31/><W101/><G101/><T44/><D36/><U70/><E100/><V25/><F106/><W85/><G85/><T19/><D86/><U56/><E105/><V22/><F80/><W111/><G111/><T96/><D81/><U94/><E18/><V58/><F35/><W134/><G134/><T55/><D19/><U76/><E16/><V92/><F98/><W46/><AGARI ba="0,1" hai="7,11,15,46,48,53,60,63,72,77,83,88,89,90" machi="46" ten="30,6000,0" yaku="1,1,0,1,54,1,53,0" doraHai="91" doraHaiUra="113" who="3" fromWho="3" sc="268,-20,351,-20,86,-20,285,70" /><INIT seed="3,1,0,5,3,104" ten="248,331,66,355" oya="3" hai0="79,97,108,71,93,123,12,19,17,94,24,23,86" hai1="10,76,46,62,117,74,14,124,31,28,133,67,125" hai2="11,20,15,103,99,61,85,88,0,105,6,70,59" hai3="115,111,72,66,13,135,128,131,30,78,34,107,55"/><W40/><G107/><T16/><D108/><U84/><E133/><V44/><F44/><W92/><G115/><T18/><D71/><U35/><E35/><V101/><F70/><W116/><G116/><T33/><D123/><U113/><E113/><V121/><F103/><W27/><G135/><T60/><D33/><U41/><E117/><V126/><F126/><N who="1" m="48745" /><E84/><V120/><F20/><W129/><G111/><T100/><D60/><U8/><E8/><V110/><F110/><W52/><G66/><T82/><REACH who="0" step="1"/><D93/><REACH who="0" ten="238,331,66,355" step="2"/><U7/><E62/><V5/><F121/><W1/><G92/><T134/><D134/><U90/><E67/><V109/><F120/><W122/><G122/><T119/><D119/><U73/><E76/><V63/><F109/><W77/><G77/><T98/><D98/><U81/><E90/><V112/><F112/><W50/><G1/><T127/><D127/><U80/><E31/><V65/><F0/><W4/><G78/><T51/><D51/><N who="1" m="27087" /><E28/><V29/><F63/><W53/><G50/><T106/><D106/><U87/><E87/><V75/><F29/><W64/><G64/><T3/><D3/><U42/><E42/><V130/><F61/><W47/><G40/><T114/><D114/><U96/><E96/><V48/><F65/><W32/><G34/><T21/><AGARI ba="1,1" hai="12,16,17,18,19,21,23,24,79,82,86,94,97,100" machi="21" ten="20,8000,1" yaku="1,1,0,1,7,1,8,1,54,1,53,0" doraHai="104" doraHaiUra="39" who="0" fromWho="0" sc="238,93,331,-21,66,-21,355,-41" /><INIT seed="4,0,0,4,4,110" ten="331,310,45,314" oya="0" hai0="129,84,19,105,102,104,43,62,8,6,51,54,94" hai1="56,103,39,41,22,83,96,69,75,118,119,31,133" hai2="77,106,68,2,23,100,111,44,95,52,123,33,25" hai3="128,107,5,13,116,74,97,40,81,109,1,80,53"/><T135/><D129/><U60/><E69/><V87/><F111/><W64/><G1/><T26/><D135/><U28/><E133/><V99/><F123/><W65/><G109/><T58/><D105/><U112/><E112/><V16/><F68/><W34/><G116/><T67/><D104/><U63/><E63/><V49/><F2/><W21/><G128/><T32/><D43/><U55/><E39/><V29/><F106/><W89/><G34/><T24/><D32/><U115/><E115/><V35/><F77/><W73/><G40/><T121/><D19/><U76/><E41/><V127/><F127/><W46/><G107/><T72/><D72/><U66/><E55/><V71/><F71/><W10/><G74/><T92/><D92/><U132/><E132/><V12/><REACH who="2" step="1"/><F87/><REACH who="2" ten="331,310,35,314" step="2"/><W47/><G73/><T98/><D84/><U50/><E119/><V7/><F7/><W79/><G79/><T91/><D121/><U70/><E118/><V11/><AGARI ba="0,1" hai="11,12,16,23,25,29,33,35,44,49,52,95,99,100" machi="11" ten="20,12000,2" yaku="1,1,0,1,7,1,54,2,53,2" doraHai="110" doraHaiUra="30" who="2" fromWho="2" sc="331,-60,310,-30,35,130,314,-30" /><INIT seed="5,0,0,5,1,1" ten="271,280,165,284" oya="1" hai0="61,74,107,7,16,60,70,100,28,34,15,94,24" hai1="98,63,119,46,92,93,123,23,125,97,131,82,3" hai2="124,116,133,57,11,37,104,36,33,129,103,58,18" hai3="118,96,59,81,29,31,51,134,95,55,78,30,77"/><U90/><E123/><V54/><F116/><W0/><G0/><T38/><D74/><U80/><E119/><V53/><F33/><W22/><G118/><T49/><D38/><U48/><E131/><V102/><F129/><W73/><G134/><T17/><D94/><U13/><E3/><V111/><F133/><W4/><G4/><T101/><D49/><U56/><E125/><V41/><F124/><W86/><G73/><T115/><D115/><U84/><E23/><V105/><F41/><W62/><G51/><T135/><D61/><U122/><E13/><V12/><F111/><W130/><G130/><T88/><D88/><U8/><E8/><V10/><F12/><W69/><G69/><T43/><D100/><U89/><E84/><V91/><F91/><W45/><G45/><T67/><D43/><U32/><E32/><V106/><F18/><W26/><G77/><T2/><D135/><U120/><E120/><V71/><F105/><W14/><G14/><T64/><D64/><N who="1" m="39015" /><E122/><V127/><F127/><W42/><G42/><AGARI ba="0,0" hai="42,46,48,80,82,89,90,92,93,97,98" m="39015" machi="42" ten="30,1500,0" yaku="8,1" doraHai="1" who="1" fromWho="3" sc="271,0,280,15,165,0,284,-15" /><INIT seed="5,1,0,3,2,115" ten="271,295,165,269" oya="1" hai0="11,6,92,119,112,82,59,22,17,41,67,109,26" hai1="36,69,134,126,71,32,107,30,47,96,80,108,100" hai2="135,3,122,95,49,74,104,55,38,130,111,102,61" hai3="45,79,110,89,78,24,127,42,62,72,87,13,70"/><U9/><E134/><V20/><F95/><W25/><G127/><T75/><D109/><U129/><E129/><V105/><F102/><W90/><G110/><T21/><D112/><U37/><E126/><V131/><F38/><W60/><G72/><T83/><D41/><N who="1" m="22951" /><E108/><V63/><F111/><W31/><G42/><T51/><D75/><U77/><E9/><V120/><F3/><W28/><G45/><T56/><D119/><U7/><E7/><V53/><F74/><W48/><G70/><T88/><D22/><U91/><E91/><V118/><F20/><W101/><G101/><T50/><D59/><U106/><E106/><V132/><F49/><N who="0" m="18442" /><D11/><U35/><E37/><V121/><F121/><W16/><G48/><T114/><D6/><U125/><E125/><V18/><F18/><W43/><G43/><T81/><D114/><U1/><E1/><V113/><F113/><W133/><G133/><T34/><D34/><N who="1" m="12843" /><E30/><V29/><F29/><W0/><G0/><T98/><D56/><U84/><E84/><V4/><F4/><W39/><G39/><T103/><D103/><U44/><E44/><V94/><F94/><W14/><G87/><T54/><D54/><U2/><E2/><V46/><F46/><W5/><G5/><T124/><D124/><U64/><E64/><AGARI ba="1,0" hai="17,21,26,64,67,81,82,83,88,92,98" m="18442" machi="64" ten="30,2000,0" yaku="8,1,54,1" doraHai="115" who="0" fromWho="1" sc="271,23,295,-23,165,0,269,0" /><INIT seed="6,0,0,2,3,122" ten="294,272,165,269" oya="2" hai0="77,112,131,91,43,49,93,40,123,97,81,98,124" hai1="45,95,3,18,42,125,2,9,38,92,5,68,59" hai2="96,116,34,50,78,21,61,134,30,132,120,31,129" hai3="57,1,83,105,64,94,29,41,53,133,14,33,102"/><V15/><F120/><W135/><G1/><T127/><D123/><U8/><E68/><V100/><F116/><W7/><G105/><T121/><D121/><U73/><E73/><V37/><F37/><W111/><G111/><T47/><D112/><U119/><E119/><V118/><F118/><W12/><G33/><T0/><D0/><U99/><E125/><N who="0" m="48201" /><D131/><U113/><E113/><V6/><F129/><W106/><G106/><T60/><D60/><U4/><E99/><V126/><F126/><W69/><G69/><T19/><D19/><U10/><E59/><V44/><F78/><W13/><G7/><T79/><D97/><U109/><E109/><V54/><F61/><W66/><G29/><T27/><D27/><U51/><E38/><V36/><F36/><W62/><G41/><N who="0" m="24815" /><D77/><U80/><E80/><V115/><F115/><W88/><G83/><T76/><D76/><U82/><E82/><V17/><F6/><W103/><G135/><N who="2" m="51753" /><F34/><W20/><G133/><T104/><D104/><AGARI ba="0,0" hai="15,17,21,30,31,44,50,54,96,100,104" m="51753" machi="104" ten="30,1500,0" yaku="20,1" doraHai="122" who="2" fromWho="0" sc="294,-15,272,0,165,15,269,0" /><INIT seed="6,1,0,0,0,88" ten="279,272,180,269" oya="2" hai0="15,38,63,45,66,31,40,90,97,46,41,5,25" hai1="22,128,9,125,123,26,117,65,127,100,6,114,56" hai2="103,17,95,85,53,0,124,14,73,78,51,58,16" hai3="106,44,2,129,101,57,102,84,98,34,99,48,94"/><V130/><F124/><N who="1" m="47689" /><E114/><V119/><F130/><W30/><G2/><T74/><D74/><U109/><E109/><V52/><F119/><W13/><G129/><T1/><D1/><N who="1" m="207" /><E123/><V120/><F120/><W75/><G75/><T67/><D15/><U32/><E32/><V54/><F0/><W83/><G34/><T3/><D5/><U96/><E117/><V50/><F73/><W134/><G134/><T82/><D3/><U79/><E79/><V60/><F78/><W47/><G30/><T86/><D97/><U77/><E77/><V105/><F105/><W132/><G132/><T55/><D55/><N who="2" m="21002" /><F17/><W118/><G118/><T10/><D10/><U87/><E87/><V92/><F85/><W107/><G57/><T37/><REACH who="0" step="1"/><D63/><REACH who="0" ten="269,272,180,269" step="2"/><N who="1" m="38119" /><E128/><V69/><F69/><W8/><G47/><T104/><D104/><N who="1" m="63495" /><E26/><V89/><F103/><W131/><G131/><T11/><D11/><U42/><E42/><V91/><F91/><W133/><G133/><T72/><D72/><U59/><E59/><V61/><F61/><W68/><G68/><T7/><D7/><U20/><AGARI ba="1,1" hai="20,22" m="63495,38119,207,47689" machi="20" ten="30,1100,0" yaku="18,1" doraHai="88" who="1" fromWho="1" sc="269,-4,272,24,180,-6,269,-4" /><INIT seed="7,0,0,0,0,103" ten="265,296,174,265" oya="3" hai0="79,0,2,47,114,77,96,99,3,120,112,101,20" hai1="132,24,118,64,43,113,71,125,124,60,104,121,19" hai2="7,29,56,44,92,37,131,50,31,73,45,86,111" hai3="34,54,27,46,94,59,134,39,109,69,23,80,4"/><W57/><G34/><T90/><D120/><U93/><E121/><V82/><F73/><W25/><G69/><T126/><D126/><N who="1" m="48747" /><E104/><V74/><F111/><W127/><G109/><T91/><D20/><N who="1" m="13343" /><E113/><N who="0" m="43625" /><D47/><U11/><E132/><V35/><F131/><W110/><G59/><T32/><D32/><U6/><E93/><V100/><F74/><W117/><G27/><T130/><D130/><U102/><E102/><V58/><F35/><W13/><G117/><T83/><D96/><U75/><E75/><V70/><F70/><W116/><G116/><T98/><D98/><U16/><E16/><V87/><F37/><W135/><G134/><T1/><N who="0" m="0" /><DORA hai="26" /><T18/><D18/><U53/><E53/><N who="2" m="29895" /><F45/><W22/><G46/><T89/><D83/><U52/><E52/><V68/><F68/><W15/><G80/><T9/><D9/><U17/><E17/><V84/><F7/><W85/><G39/><T30/><D30/><N who="2" m="11274" /><F82/><W5/><G127/><T122/><D122/><U107/><E107/><AGARI ba="0,0" hai="77,79,89,90,91,99,101,107" m="0,43625" machi="107" ten="60,7700,0" yaku="15,1,11,1,52,1" doraHai="103,26" who="0" fromWho="1" sc="265,77,296,-77,174,0,265,0" owari="342,44.0,219,-18.0,174,-33.0,265,7.0" /></mjloggm>