<mjloggm ver="2.3"><GO type="41" lobby="0"/><UN n0="%74%61%6B%61%39%39" n1="%79%6D%31%33%32%36" n2="%E2%93%9D%53%75%70%68%78" n3="%E3%83%A8%E3%82%AC%E7%88%BA%32" dan="13,14,18,15" rate="1856.36,1873.28,2069.46,1988.31" sx="M,M,M,M"/><TAIKYOKU oya="0"/><INIT seed="0,0,0,5,1,26" ten="250,250,250,250" oya="0" hai0="0,48,14,101,16,86,34,133,112,105,72,3,81" hai1="120,18,95,50,45,35,4,64,108,84,46,117,111" hai2="124,135,44,27,103,37,43,87,36,89,122,132,25" hai3="41,5,17,10,125,82,79,52,63,85,13,98,66"/><T99/><D112/><U20/><E4/><V11/><F122/><W29/><G125/><T76/><D133/><N who="2" m="51274" /><F103/><W113/><G113/><T30/><D72/><U23/><E117/><V91/><F124/><W116/><G116/><T68/><D68/><U104/><E104/><V100/><F100/><W121/><G121/><T67/><D48/><U2/><E2/><V106/><F106/><W65/><G41/><T88/><D76/><U33/><E64/><V49/><F11/><W70/><G66/><T19/><D19/><U71/><E23/><V12/><F12/><W60/><G98/><T115/><D115/><U93/><E71/><V21/><F27/><W38/><G38/><N who="2" m="14953" /><F87/><W90/><G5/><T127/><D67/><U47/><E120/><V59/><F59/><W24/><G79/><T77/><D77/><U22/><E22/><V131/><F131/><W114/><G114/><T7/><D7/><U83/><E50/><V6/><F6/><W57/><REACH who="3" step="1"/><G24/><REACH who="3" ten="250,250,250,240" step="2"/><T128/><D127/><U31/><E108/><V40/><F40/><W126/><G126/><T80/><D128/><U39/><E111/><V55/><F43/><W96/><G96/><T28/><D81/><U62/><E39/><V1/><F1/><W110/><G110/><T92/><D105/><U102/><E102/><V9/><F9/><W73/><G73/><T54/><D0/><U123/><E123/><V109/><F109/><W94/><G94/><T61/><D3/><U74/><E74/><V15/><F15/><W58/><G58/><N who="0" m="35031" /><D14/><U75/><E75/><V78/><F78/><W56/><G56/><RYUUKYOKU ba="0,1" sc="250,-15,250,-15,250,15,240,15" hai2="21,25,44,49,55,89,91" hai3="10,13,17,29,52,57,60,63,65,70,82,85,90" /><INIT seed="1,1,1,2,1,4" ten="235,235,265,255" oya="1" hai0="13,105,9,115,65,79,122,56,88,8,135,96,98" hai1="78,54,80,134,35,27,71,28,32,43,74,10,1" hai2="72,89,95,6,48,5,101,127,12,77,3,62,110" hai3="51,100,53,82,33,30,114,133,64,15,29,124,57"/><U36/><E35/><V108/><F101/><W111/><G114/><T0/><D0/><U59/><E134/><V61/><F3/><W119/><G111/><N who="2" m="42537" /><F127/><W69/><G119/><T91/><D13/><U50/><E71/><V92/><F92/><W125/><G133/><T84/><D115/><U24/><E24/><V94/><F94/><W25/><G29/><T118/><D135/><U75/><E75/><V49/><F77/><W87/><G100/><T130/><D105/><U21/><E21/><V104/><F104/><W19/><G69/><T131/><D122/><U63/><E50/><N who="2" m="19563" /><F72/><W23/><G64/><T99/><D118/><U109/><E109/><V73/><F73/><W14/><G14/><T117/><D117/><U85/><E74/><V113/><F113/><W34/><G33/><T31/><D31/><U44/><E1/><V7/><F12/><W41/><G41/><T16/><D16/><U68/><REACH who="1" step="1"/><E68/><REACH who="1" ten="235,225,265,255" step="2"/><V123/><F123/><W121/><G121/><T102/><D102/><U42/><E42/><V106/><F106/><W83/><REACH who="3" step="1"/><G87/><AGARI ba="1,2" hai="5,6,7,61,62,87,89,95" m="19563,42537" machi="87" ten="30,1000,0" yaku="14,1" doraHai="4" who="2" fromWho="3" sc="235,0,225,0,265,33,255,-13" /><INIT seed="2,0,0,4,1,17" ten="235,225,298,242" oya="2" hai0="100,9,121,130,107,115,94,30,67,28,26,71,59" hai1="29,131,122,39,38,97,90,45,49,76,54,56,42" hai2="2,127,123,33,58,0,50,116,41,113,80,31,105" hai3="6,12,21,102,43,3,61,20,40,91,22,83,126"/><V8/><F113/><W16/><G126/><T13/><D30/><U106/><E39/><V111/><F105/><W118/><G118/><T57/><D107/><U79/><E131/><V37/><F123/><W66/><G102/><T19/><D130/><U65/><E122/><V85/><F116/><W55/><G3/><T4/><D115/><U73/><E73/><V104/><F104/><W120/><G6/><T112/><D112/><U124/><E124/><V15/><F37/><W134/><G134/><T77/><D59/><U128/><E128/><V35/><F111/><W78/><G120/><T70/><D77/><U88/><E90/><V95/><F95/><W25/><G91/><T23/><D4/><U48/><E29/><V89/><F127/><W93/><G93/><T34/><D34/><U108/><E108/><V69/><F69/><W117/><G25/><T64/><D64/><U81/><E65/><V133/><F133/><W132/><G117/><T10/><D10/><U114/><E114/><V87/><F35/><W99/><G99/><T47/><D47/><U62/><E106/><V63/><F33/><W32/><G32/><T53/><D121/><U110/><E110/><V51/><F89/><W103/><G103/><T46/><D46/><U27/><E79/><V125/><F125/><W60/><G132/><T101/><D71/><U11/><E11/><V109/><F8/><N who="3" m="6151" /><G55/><T52/><D70/><U82/><E76/><V129/><F109/><W24/><G24/><T74/><D74/><U68/><E27/><V135/><F129/><W14/><G66/><T96/><D101/><RYUUKYOKU ba="0,0" sc="235,30,225,-10,298,-10,242,-10" hai0="9,13,19,23,26,28,52,53,57,67,94,96,100" /><INIT seed="3,1,0,4,2,4" ten="265,215,288,232" oya="3" hai0="101,47,58,36,42,27,53,41,14,10,107,2,65" hai1="105,84,126,80,16,117,56,90,109,57,29,55,34" hai2="135,3,120,26,52,106,59,6,133,69,54,15,68" hai3="81,51,1,21,43,89,97,31,122,88,60,91,44"/><W38/><G122/><T125/><D2/><U23/><E105/><V64/><F3/><W82/><G1/><T46/><D107/><U134/><E117/><V114/><F106/><W83/><G60/><T63/><D101/><U131/><E109/><V22/><F114/><W49/><G97/><T99/><D99/><U19/><E134/><N who="2" m="51211" /><F64/><W112/><REACH who="3" step="1"/><G112/><REACH who="3" ten="265,215,288,222" step="2"/><T32/><D125/><U13/><E126/><V129/><F120/><W93/><G93/><T78/><D65/><U74/><E131/><V5/><F129/><W95/><G95/><T11/><D78/><U111/><E111/><V86/><F69/><W127/><G127/><T76/><D76/><U9/><E74/><V25/><F68/><W39/><G39/><T45/><D36/><U79/><E79/><V119/><F119/><W77/><G77/><T24/><D32/><U18/><E57/><V128/><F59/><W66/><G66/><T108/><D108/><U104/><E104/><V130/><F130/><W92/><G92/><T75/><D75/><U70/><E70/><V100/><F128/><W62/><G62/><T33/><D33/><U20/><E34/><V103/><F86/><W35/><G35/><T98/><D98/><U72/><E72/><V8/><F103/><W87/><G87/><T116/><D116/><U0/><E0/><N who="2" m="39" /><F100/><W121/><G121/><T48/><D48/><N who="1" m="30823" /><E23/><V7/><F22/><W61/><G61/><T123/><D123/><U115/><E115/><V12/><F26/><AGARI ba="1,1" hai="21,26,31,38,43,44,49,51,81,82,83,88,89,91" machi="26" ten="40,3900,0" yaku="1,1,54,1,53,0" doraHai="4" doraHaiUra="94" who="3" fromWho="2" sc="265,0,215,0,288,-42,222,52" /><AGARI ba="1,0" hai="9,13,16,18,19,20,26,29,80,84,90" m="30823" machi="26" ten="30,3900,0" yaku="8,1,52,1,54,1" doraHai="4" who="1" fromWho="2" sc="265,0,215,39,246,-39,274,0" /><INIT seed="3,2,0,1,5,52" ten="265,254,207,274" oya="3" hai0="102,129,95,90,78,91,10,29,84,68,5,57,74" hai1="32,111,109,44,33,115,125,99,77,1,20,87,35" hai2="92,55,93,100,24,133,40,3,132,60,123,14,11" hai3="113,81,135,97,13,124,114,64,45,28,103,37,80"/><W116/><G116/><T19/><D68/><U76/><E1/><V82/><F3/><W27/><G27/><T25/><BYE who="3" /><D129/><UN n3="%E3%83%A8%E3%82%AC%E7%88%BA%32" /><U22/><E115/><V23/><F40/><W59/><G28/><T112/><D74/><U30/><E125/><V56/><F123/><W34/><G34/><T126/><D19/><U118/><E118/><V8/><F82/><W96/><G135/><N who="2" m="51785" /><F100/><W134/><G134/><T89/><D126/><U31/><E99/><V79/><F79/><N who="1" m="30281" /><E44/><V41/><F41/><W6/><G124/><T53/><D78/><U58/><E87/><V54/><F54/><W72/><G72/><T46/><D102/><U85/><E85/><V4/><F11/><W121/><G45/><T98/><D84/><U94/><E94/><V17/><AGARI ba="2,0" hai="4,8,14,17,23,24,55,56,60,92,93" m="51785" machi="17" ten="30,2000,0" yaku="20,1,52,1" doraHai="52" who="2" fromWho="2" sc="265,-7,254,-7,207,26,274,-12" /><INIT seed="4,0,0,3,0,29" ten="258,247,233,262" oya="0" hai0="103,108,12,21,49,86,89,74,117,90,121,30,10" hai1="59,66,110,83,56,22,40,14,16,92,0,79,112" hai2="26,62,132,88,41,65,58,111,87,28,67,116,42" hai3="77,32,47,11,9,113,48,93,18,72,64,69,104"/><T8/><D121/><U61/><E0/><V106/><F111/><W37/><G18/><T2/><D2/><U4/><E4/><V70/><F106/><W122/><G93/><T43/><D74/><U95/><E110/><V17/><F132/><W25/><G48/><T94/><D117/><U46/><E112/><V118/><F17/><W81/><G113/><T27/><D103/><U107/><E107/><V1/><F67/><W23/><G23/><T82/><D108/><U44/><E44/><V7/><F70/><W5/><G9/><T57/><D12/><U53/><E59/><V36/><F36/><W97/><G122/><T98/><REACH who="0" step="1"/><D43/><REACH who="0" ten="248,247,233,262" step="2"/><U71/><E40/><V115/><F115/><W109/><G109/><T34/><D34/><U84/><REACH who="1" step="1"/><E46/><REACH who="1" ten="248,237,233,262" step="2"/><V33/><F42/><W52/><G47/><T120/><D120/><U135/><E135/><V20/><F41/><W31/><G37/><T15/><D15/><U124/><E124/><V73/><F118/><W133/><G133/><T128/><D128/><U6/><E6/><V129/><F129/><W100/><G5/><T80/><D80/><U50/><AGARI ba="0,2" hai="14,16,22,50,53,56,61,66,71,79,83,84,92,95" machi="50" ten="20,5200,0" yaku="1,1,0,1,7,1,54,1,53,0" doraHai="29" doraHaiUra="114" who="1" fromWho="1" sc="248,-26,237,72,233,-13,262,-13" /><INIT seed="5,0,0,0,0,29" ten="222,309,220,249" oya="1" hai0="76,120,103,48,38,12,110,32,68,51,11,106,33" hai1="57,100,116,77,83,7,24,4,95,104,108,17,81" hai2="49,25,9,62,96,41,86,88,130,3,112,93,43" hai3="69,82,53,6,75,31,121,15,71,94,114,26,66"/><U118/><E104/><V113/><F130/><W44/><G121/><T102/><D68/><U65/><E83/><V20/><F62/><W125/><G114/><N who="2" m="44137" /><F49/><W54/><G125/><T58/><D38/><U97/><E108/><V133/><F133/><W123/><G66/><T52/><D51/><U21/><E118/><V18/><F96/><W134/><G94/><T28/><D28/><U50/><E116/><V98/><F98/><W63/><G63/><T55/><D76/><U87/><REACH who="1" step="1"/><E65/><REACH who="1" ten="222,299,220,249" step="2"/><V132/><F132/><W45/><G82/><T131/><D110/><U59/><E59/><V122/><F122/><W56/><G123/><T36/><D106/><U14/><E14/><N who="2" m="7503" /><F3/><W101/><G56/><T84/><D120/><U5/><E5/><V126/><F126/><W13/><G6/><T10/><D131/><U111/><E111/><V27/><F27/><W117/><G26/><T37/><D103/><U60/><E60/><V107/><F107/><W39/><G101/><T115/><D115/><U40/><E40/><V19/><AGARI ba="0,1" hai="19,20,25,41,43,86,88,93" m="7503,44137" machi="19" ten="30,4000,0" yaku="15,1,11,1,54,1" doraHai="29" who="2" fromWho="2" sc="222,-10,299,-20,220,50,249,-10" /><INIT seed="6,0,0,5,1,57" ten="212,279,270,239" oya="2" hai0="58,14,112,74,85,38,59,10,27,114,115,50,7" hai1="40,36,96,134,0,113,117,17,68,123,84,21,130" hai2="6,120,16,33,116,41,43,32,63,106,95,70,76" hai3="65,72,29,87,121,47,88,53,93,46,100,22,23"/><V31/><F106/><W108/><G108/><T105/><D105/><U132/><E0/><V135/><F6/><W69/><G121/><T125/><D74/><U124/><E117/><V122/><F76/><W81/><G72/><T111/><D38/><U51/><E36/><V107/><F107/><W102/><G69/><T1/><D111/><U52/><E40/><V131/><F131/><W56/><G65/><T118/><D125/><U86/><E124/><V34/><F31/><W109/><G109/><T28/><D1/><U98/><E130/><V82/><F82/><W42/><G42/><T78/><D118/><U3/><E3/><V8/><F135/><N who="1" m="51753" /><E113/><V49/><F116/><W99/><G100/><T55/><D78/><U79/><E79/><V126/><F126/><W67/><G67/><T90/><D59/><N who="1" m="33183" /><E68/><V128/><F128/><W119/><G119/><T18/><D7/><U61/><E123/><V104/><F43/><W48/><G29/><T75/><D75/><U127/><E61/><V19/><F63/><W5/><G5/><T77/><D77/><U13/><E127/><V83/><F70/><W110/><G110/><T15/><D15/><U73/><E73/><V25/><F122/><W4/><G4/><T24/><REACH who="0" step="1"/><D28/><REACH who="0" ten="202,279,270,239" step="2"/><U62/><E13/><V37/><F120/><W80/><G56/><T35/><D35/><U30/><E30/><V97/><F34/><W94/><G47/><T91/><D91/><U89/><E89/><V2/><F33/><W45/><G46/><T12/><D12/><U129/><E129/><V103/><F32/><W92/><G80/><AGARI ba="0,1" hai="10,14,18,24,27,50,55,58,80,85,90,112,114,115" machi="80" ten="40,8000,1" yaku="1,1,6,1,15,1,53,1" doraHai="57" doraHaiUra="44" who="0" fromWho="3" sc="202,90,279,0,270,0,239,-80" /><INIT seed="7,0,0,2,2,87" ten="292,279,270,159" oya="3" hai0="73,60,0,99,44,37,63,128,45,91,124,6,1" hai1="114,33,29,20,31,79,53,7,61,52,95,50,2" hai2="93,122,68,56,78,9,88,97,28,23,125,89,94" hai3="70,8,130,24,131,65,82,135,41,112,54,74,100"/><W129/><G112/><T133/><D73/><U49/><E33/><V59/><F68/><W116/><G116/><T92/><D6/><U16/><E114/><V72/><F125/><W12/><G41/><T126/><D128/><N who="3" m="32769" /><W132/><DORA hai="21" /><G100/><T18/><D18/><U86/><E2/><V105/><F105/><W13/><G70/><T67/><D63/><U108/><E7/><V51/><F122/><W58/><G65/><T127/><D133/><N who="3" m="51273" /><G24/><T102/><D102/><U17/><E108/><V27/><F51/><N who="1" m="19465" /><E17/><V83/><F9/><W38/><G38/><T117/><D37/><U98/><E79/><V85/><AGARI ba="0,0" hai="23,27,28,56,59,72,78,83,85,88,89,93,94,97" machi="85" ten="20,12000,2" yaku="0,1,7,1,52,3,54,1" doraHai="87,21" who="2" fromWho="2" sc="292,-30,279,-30,270,120,159,-60" owari="262,6.0,249,-15.0,390,49.0,99,-40.0" /></mjloggm>