<mjloggm ver="2.3"><GO type="41" lobby="0"/><UN n0="%E3%81%9F%E3%81%8B%E3%81%AE%E3%81%B5%E3%81%AD%35%32" n1="%E2%93%9D%53%75%70%68%78" n2="%E3%81%A1%E3%81%8D%E3%81%A1%E3%81%8D" n3="%E7%AB%8B%E7%9B%B4%E5%B9%B3%E5%92%8C%E4%BA%BA" dan="14,18,14,14" rate="1961.16,2105.93,1972.58,1913.93" sx="M,M,F,M"/><TAIKYOKU oya="0"/><INIT seed="0,0,0,1,1,12" ten="250,250,250,250" oya="0" hai0="11,82,73,63,23,130,115,77,39,28,79,97,68" hai1="127,20,38,125,117,69,133,40,58,49,17,90,32" hai2="89,72,112,51,52,57,36,33,71,30,94,131,2" hai3="99,84,118,106,18,53,100,135,62,81,92,102,98"/><T3/><D115/><U107/><E32/><V126/><F2/><W111/><G111/><T9/><D130/><U64/><E107/><V24/><F72/><W85/><G118/><T76/><D39/><U132/><E90/><V50/><F131/><W60/><G135/><N who="1" m="51786" /><E20/><V75/><F75/><W26/><G53/><T108/><D108/><U55/><E17/><V29/><F71/><W88/><REACH who="3" step="1"/><G84/><REACH who="3" ten="250,250,250,240" step="2"/><T103/><D73/><U104/><E117/><V83/><F112/><W10/><G10/><T123/><D11/><U114/><E114/><V34/><F126/><W35/><G35/><T65/><D9/><U45/><E104/><V121/><F121/><W54/><G54/><T15/><D123/><U21/><E21/><AGARI ba="0,1" hai="18,21,26,60,62,81,85,88,92,98,99,100,102,106" machi="21" ten="40,5200,0" yaku="1,1,52,1,54,1,53,0" doraHai="12" doraHaiUra="27" who="3" fromWho="1" sc="250,0,250,-52,250,0,240,62" /><INIT seed="1,0,0,2,4,59" ten="250,198,250,302" oya="1" hai0="32,115,100,60,85,99,66,126,0,131,70,90,112" hai1="30,97,104,1,132,10,93,23,88,72,113,128,114" hai2="77,2,117,24,35,125,40,41,25,9,19,133,81" hai3="15,84,27,87,121,96,130,3,17,105,26,61,44"/><U13/><E128/><V7/><F117/><W116/><G121/><T63/><D0/><U102/><E132/><V36/><F133/><W45/><G3/><T6/><D6/><U11/><E72/><V50/><F125/><W74/><G74/><T123/><D131/><U73/><E73/><V119/><F119/><W56/><G130/><T55/><D126/><U18/><E30/><V43/><F36/><W111/><G116/><T110/><D123/><U52/><E52/><V107/><F107/><W83/><G111/><T39/><D39/><U134/><E134/><V57/><F35/><W135/><G135/><T51/><D32/><U8/><REACH who="1" step="1"/><E1/><REACH who="1" ten="250,188,250,302" step="2"/><V108/><F2/><W98/><G105/><T120/><D120/><U109/><E109/><V94/><F108/><W101/><G15/><T54/><D110/><U53/><E53/><V65/><F40/><W80/><G26/><T122/><D122/><U49/><E49/><V86/><F41/><W46/><G27/><T22/><D55/><U62/><E62/><V16/><F24/><W69/><G61/><N who="0" m="23627" /><D66/><U12/><E12/><V78/><F25/><W58/><G69/><T48/><D70/><U47/><E47/><V37/><F43/><W34/><G45/><N who="0" m="27919" /><D51/><U95/><E95/><V127/><F50/><W42/><G44/><T4/><D115/><U92/><E92/><V129/><F94/><W79/><G46/><T14/><D112/><U64/><E64/><V89/><F129/><W91/><G42/><T20/><D14/><U75/><E75/><V33/><F37/><W71/><G71/><T124/><D124/><RYUUKYOKU ba="0,1" sc="250,-10,188,30,250,-10,302,-10" hai1="8,10,11,13,18,23,88,93,97,102,104,113,114" /><INIT seed="1,1,1,3,4,48" ten="240,218,240,292" oya="1" hai0="65,95,118,128,94,31,122,2,126,97,60,63,15" hai1="112,12,61,62,20,66,43,80,45,8,125,104,67" hai2="76,83,51,47,27,99,73,131,75,59,91,114,38" hai3="78,102,19,42,109,37,11,29,50,70,115,121,134"/><U124/><E104/><V16/><F131/><W64/><G121/><T119/><D2/><U41/><E20/><V71/><F71/><W39/><G70/><T3/><D3/><U87/><E112/><V10/><F114/><W74/><G115/><T52/><D128/><U46/><E87/><V98/><F38/><W4/><G109/><T105/><D105/><U23/><E23/><V82/><F59/><W34/><G134/><T77/><D77/><U101/><E12/><V44/><F44/><N who="1" m="17001" /><E101/><V54/><F73/><W30/><G50/><T13/><D122/><U57/><E8/><V24/><F24/><W135/><G135/><T130/><D31/><U113/><E80/><V107/><F107/><W28/><G34/><T40/><D130/><U26/><E26/><V35/><F35/><W32/><G32/><T18/><D97/><U1/><E1/><V33/><F33/><W21/><G102/><T6/><D6/><U0/><E0/><V7/><F7/><W93/><G4/><T90/><D95/><U123/><E113/><V55/><F27/><W117/><G11/><T25/><D94/><U116/><E116/><V120/><F120/><W88/><G117/><T103/><D25/><U58/><E123/><V111/><F99/><N who="3" m="57767" /><G64/><T108/><D103/><U132/><E132/><V68/><F98/><W106/><G106/><T129/><D118/><U5/><E5/><V81/><F75/><W69/><G74/><T84/><D119/><U49/><E49/><V89/><F51/><W110/><G37/><T96/><D129/><U92/><E92/><V14/><F76/><RYUUKYOKU ba="1,1" sc="240,-10,218,30,240,-10,292,-10" hai1="41,43,57,58,61,62,66,67,124,125" /><INIT seed="1,2,1,5,0,17" ten="230,248,230,282" oya="1" hai0="93,114,97,32,20,120,130,78,14,104,98,16,12" hai1="118,101,131,23,50,2,18,15,52,31,11,115,5" hai2="1,126,56,58,82,67,34,76,63,33,116,113,13" hai3="62,28,53,112,43,40,22,24,125,4,79,21,29"/><U69/><E131/><V107/><F116/><W54/><G112/><T47/><D114/><U129/><E129/><V19/><F1/><W46/><G125/><T27/><D130/><U66/><E115/><V110/><F110/><W44/><G4/><T100/><D120/><U49/><E118/><V30/><F107/><W85/><G85/><T60/><D78/><U92/><E50/><V8/><F126/><W9/><G9/><T117/><D117/><U6/><E69/><V72/><F30/><W64/><G79/><T26/><D32/><U70/><E70/><V91/><F113/><W38/><G62/><T75/><D75/><U80/><E66/><V57/><F91/><W10/><G10/><T7/><D60/><U106/><E106/><V68/><AGARI ba="2,1" hai="8,13,19,33,34,56,57,58,63,67,68,72,76,82" machi="68" ten="30,1100,0" yaku="0,1" doraHai="17" who="2" fromWho="2" sc="230,-5,248,-7,230,27,282,-5" /><INIT seed="2,0,0,3,0,62" ten="225,241,257,277" oya="2" hai0="91,127,81,99,52,13,96,97,9,56,115,11,113" hai1="108,38,76,101,30,27,50,86,45,63,61,21,89" hai2="3,4,74,36,84,116,57,121,39,14,64,18,133" hai3="98,44,111,134,22,68,10,32,2,75,65,117,110"/><V42/><F121/><W85/><G117/><T123/><D123/><U88/><E38/><V53/><F116/><W109/><G75/><T33/><D33/><U20/><E108/><V1/><F74/><W80/><G32/><T31/><D127/><U100/><E76/><V66/><F133/><W23/><G134/><T24/><D9/><U5/><E5/><V37/><F42/><W87/><G44/><T28/><D24/><U126/><E126/><V12/><F84/><N who="3" m="32331" /><G80/><T54/><D113/><U135/><E21/><N who="3" m="7690" /><G98/><N who="0" m="37995" /><D115/><U122/><E135/><V105/><F105/><W17/><G2/><T125/><D125/><U107/><E107/><V95/><F95/><W78/><G78/><T131/><D131/><U128/><E128/><V93/><F93/><W40/><G40/><T69/><D69/><U71/><E71/><V34/><F34/><W67/><G68/><T82/><N who="0" m="38003" /><T104/><DORA hai="72" /><D91/><N who="1" m="34891" /><E122/><V102/><F102/><N who="1" m="39529" /><E86/><V43/><F43/><AGARI ba="0,0" hai="20,27,30,43,45,50,61,63" m="39529,34891" machi="43" ten="30,2000,0" yaku="8,1,54,1" doraHai="62,72" who="1" fromWho="2" sc="225,0,241,20,257,-20,277,0" /><INIT seed="3,0,0,2,3,123" ten="225,261,237,277" oya="3" hai0="60,22,3,5,10,2,36,23,101,39,125,133,99" hai1="46,76,61,0,118,32,17,24,1,55,115,77,83" hai2="45,91,128,34,79,19,26,53,6,129,73,14,105" hai3="50,119,113,134,96,51,84,103,104,11,49,109,12"/><W112/><G119/><T80/><D133/><U27/><E115/><V111/><F111/><W37/><G37/><T62/><D125/><U25/><E32/><V7/><F105/><W94/><G134/><T63/><D80/><U48/><E77/><V108/><F108/><W124/><G124/><T78/><D78/><U121/><E121/><V65/><F65/><W35/><G35/><T72/><D72/><U70/><E118/><V57/><F45/><W67/><G67/><T13/><D36/><U92/><E17/><V110/><F110/><W16/><REACH who="3" step="1"/><G109/><REACH who="3" ten="225,261,237,267" step="2"/><T64/><D39/><U131/><E131/><V52/><F34/><W117/><G117/><T102/><D64/><U135/><E135/><V38/><F38/><W30/><G30/><T116/><D116/><U81/><E1/><V89/><F128/><W86/><G86/><T90/><D2/><U132/><E0/><V106/><F129/><W47/><G47/><T8/><D3/><U54/><E132/><V15/><F73/><W127/><G127/><T97/><D97/><U31/><E31/><V68/><F68/><W59/><G59/><T66/><D66/><U18/><E70/><V4/><F57/><W74/><G74/><T126/><D126/><U69/><E69/><V85/><F85/><W58/><G58/><T28/><D28/><U40/><E46/><V29/><F29/><W20/><G20/><T93/><D10/><U71/><E71/><V122/><F122/><W120/><G120/><T130/><D130/><U95/><E76/><V33/><F33/><W56/><G56/><T43/><D43/><RYUUKYOKU ba="0,1" sc="225,15,261,-15,237,-15,267,15" hai0="5,8,13,22,23,60,62,63,90,93,99,101,102" hai3="11,12,16,49,50,51,84,94,96,103,104,112,113" /><INIT seed="3,1,1,2,5,27" ten="240,246,222,282" oya="3" hai0="75,53,52,95,74,42,116,76,80,77,65,8,73" hai1="39,115,49,21,55,79,5,20,64,11,121,111,70" hai2="131,78,101,7,88,100,123,68,6,46,40,1,41" hai3="3,127,120,106,25,33,37,125,117,103,16,89,60"/><W97/><G117/><T58/><D116/><U69/><E39/><V4/><F1/><W22/><G120/><T59/><D42/><U36/><E36/><V31/><F68/><W81/><G37/><T66/><D8/><U13/><E115/><V72/><F131/><W32/><G3/><T110/><D95/><U134/><E111/><V93/><F123/><W118/><G118/><T96/><D96/><U14/><E134/><V124/><F124/><N who="3" m="47691" /><G60/><T57/><D110/><U84/><E64/><N who="0" m="24681" /><D80/><U133/><E133/><V126/><F126/><W135/><G135/><T56/><N who="0" m="14336" /><DORA hai="105" /><T35/><D35/><U114/><E70/><V29/><F72/><N who="0" m="18434" /><T45/><DORA hai="130" /><D45/><U61/><E121/><V10/><F10/><W71/><G71/><T82/><D82/><U15/><E69/><V23/><F78/><AGARI ba="1,1" hai="52,53,76,77,78" m="18434,14336,24681" machi="78" ten="60,12000,2" yaku="28,2,52,4,54,1" doraHai="27,105,130" who="0" fromWho="2" sc="240,133,246,0,222,-123,282,0" /><INIT seed="4,0,0,3,3,9" ten="373,246,99,282" oya="0" hai0="23,17,87,29,95,60,50,132,125,47,75,20,45" hai1="0,56,36,18,70,90,82,24,117,88,14,134,135" hai2="2,89,131,26,123,93,102,133,35,86,76,99,58" hai3="109,62,21,53,71,74,37,61,30,73,39,119,13"/><T81/><D75/><U100/><E70/><V79/><F2/><W77/><G109/><T110/><D132/><N who="1" m="50731" /><E0/><V38/><F38/><W8/><G119/><T32/><D32/><U68/><E68/><V59/><F123/><W40/><G30/><T111/><D125/><U44/><E100/><V42/><F133/><W48/><G21/><T12/><D95/><U112/><E112/><V15/><F42/><W6/><G37/><T129/><D129/><U120/><E56/><V118/><F118/><W33/><G33/><T115/><D115/><U130/><E130/><V11/><F131/><W128/><G128/><T127/><D60/><U25/><E120/><V92/><F35/><W103/><G103/><T107/><D107/><U98/><E98/><V41/><F41/><W22/><G22/><T78/><D127/><U94/><E82/><V106/><F26/><N who="1" m="10345" /><E94/><V34/><F34/><W124/><G124/><T28/><D47/><U57/><E57/><N who="2" m="21515" /><F106/><W31/><G71/><T108/><REACH who="0" step="1"/><D23/><REACH who="0" ten="363,246,99,282" step="2"/><N who="1" m="11735" /><E117/><V64/><F64/><W43/><G62/><T52/><AGARI ba="0,1" hai="12,17,20,28,29,45,50,52,78,81,87,108,110,111" machi="52" ten="30,12000,1" yaku="1,1,0,1,10,1,52,1,54,1,53,0" doraHai="9" doraHaiUra="1" who="0" fromWho="0" sc="363,130,246,-40,99,-40,282,-40" /><INIT seed="4,1,0,0,4,93" ten="493,206,59,242" oya="0" hai0="69,135,19,46,62,125,44,12,57,45,27,122,41" hai1="39,35,85,134,64,21,99,92,80,112,40,58,20" hai2="108,109,52,50,119,38,26,56,9,54,31,86,133" hai3="77,106,81,7,32,75,37,17,36,88,51,120,42"/><T5/><D122/><U95/><E35/><V23/><F133/><W110/><G110/><T47/><D69/><U14/><E134/><V111/><F119/><W132/><G132/><T73/><D73/><U13/><E95/><V128/><F128/><W105/><G120/><T28/><D135/><U49/><E39/><V67/><F38/><W59/><G32/><T74/><D74/><U76/><E112/><V126/><F126/><W43/><G17/><T68/><D68/><U90/><E40/><V15/><F67/><W117/><G117/><T114/><D5/><U118/><E118/><V4/><F54/><W87/><G7/><T98/><D125/><U100/><E100/><V48/><REACH who="2" step="1"/><F86/><REACH who="2" ten="493,206,49,242" step="2"/><W97/><G36/><T123/><D123/><U53/><E64/><V89/><F89/><W24/><G37/><T60/><D114/><U18/><REACH who="1" step="1"/><E14/><REACH who="1" ten="493,196,49,242" step="2"/><V103/><F103/><W96/><G24/><T8/><D27/><U29/><E29/><V16/><F16/><W82/><G42/><T71/><D28/><U102/><E102/><V115/><F115/><W130/><G43/><T65/><D41/><U22/><AGARI ba="1,2" hai="13,18,20,21,22,49,53,58,76,80,85,90,92,99" machi="22" ten="20,12000,2" yaku="1,1,0,1,7,1,8,1,52,1,53,1" doraHai="93" doraHaiUra="91" who="1" fromWho="1" sc="493,-61,196,143,49,-31,242,-31" /><INIT seed="5,0,0,0,3,86" ten="432,339,18,211" oya="1" hai0="75,9,118,83,48,15,124,125,89,34,20,44,35" hai1="122,52,54,0,97,24,7,18,84,81,133,93,11" hai2="37,111,71,61,57,50,73,21,39,106,14,51,98" hai3="2,105,131,77,53,12,114,16,135,100,28,33,87"/><U74/><E74/><V126/><F111/><W85/><G2/><T107/><D107/><U96/><E122/><V6/><F126/><N who="0" m="48746" /><D118/><U27/><E133/><V63/><F73/><W113/><G135/><T55/><D20/><U99/><E93/><V36/><F71/><W26/><G131/><T103/><D103/><U129/><E129/><V82/><F82/><W110/><G110/><T38/><D38/><U58/><E18/><V46/><F106/><W79/><G53/><T45/><D45/><U17/><E17/><V92/><F21/><N who="3" m="11399" /><G87/><N who="0" m="50431" /><D75/><U70/><E70/><V101/><F6/><AGARI ba="0,0" hai="6,9,15,34,35,44,48,55" m="50431,48746" machi="6" ten="30,2000,0" yaku="18,1,52,1" doraHai="86" who="0" fromWho="2" sc="432,20,339,0,18,-20,211,0" owari="452,55.0,339,14.0,-2,-50.0,211,-19.0" /></mjloggm>