<mjloggm ver="2.3"><GO type="41" lobby="0"/><UN n0="%E3%81%AD%E3%82%8B%E3%81%A6%E3%81%83%E3%82%93" n1="%E2%93%9D%53%75%70%68%78" n2="%E3%81%BF%E3%81%95%E3%81%8A" n3="%42%6F%6E%64%72%69%76%65" dan="16,18,15,13" rate="2003.67,2131.30,1989.37,1860.96" sx="M,M,F,M"/><TAIKYOKU oya="0"/><INIT seed="0,0,0,1,5,85" ten="250,250,250,250" oya="0" hai0="41,98,4,10,88,29,84,60,22,68,3,52,117" hai1="14,130,108,124,18,13,76,110,9,53,74,40,79" hai2="101,28,51,35,67,89,65,24,125,134,102,106,25" hai3="91,32,50,66,71,86,15,11,64,49,129,100,115"/><T93/><D117/><U70/><E70/><V7/><F134/><W30/><G115/><T96/><D41/><U8/><E40/><V44/><F125/><W37/><G37/><T77/><D77/><U2/><E2/><V75/><F7/><W47/><G129/><T132/><D132/><U103/><E103/><V19/><F75/><W27/><G100/><T23/><D29/><U113/><E124/><V120/><F120/><W109/><G109/><T33/><D33/><U111/><E130/><V90/><F19/><W83/><G71/><T92/><D84/><U72/><E53/><V97/><F25/><W6/><REACH who="3" step="1"/><G50/><REACH who="3" ten="250,250,250,240" step="2"/><T81/><D68/><U12/><E113/><V61/><F102/><W127/><G127/><T73/><D73/><N who="1" m="28267" /><E18/><V62/><F62/><W107/><G107/><T121/><D121/><U82/><E82/><V116/><F116/><W38/><G38/><T48/><D60/><U0/><E0/><V56/><REACH who="2" step="1"/><F67/><REACH who="2" ten="250,250,240,240" step="2"/><W57/><G57/><T26/><D26/><U105/><E105/><V42/><AGARI ba="0,2" hai="24,28,35,42,44,51,56,61,65,89,90,97,101,106" machi="42" ten="20,12000,2" yaku="1,1,2,1,0,1,7,1,52,2,53,1" doraHai="85" doraHaiUra="94" who="2" fromWho="2" sc="250,-60,250,-30,240,140,240,-30" /><INIT seed="1,0,0,4,1,123" ten="190,220,380,210" oya="1" hai0="74,30,55,108,73,6,15,21,54,90,53,62,92" hai1="122,18,105,119,118,83,2,84,13,76,91,40,1" hai2="35,125,27,85,124,77,96,28,3,66,68,78,44" hai3="34,0,29,87,103,80,24,45,120,126,106,75,33"/><U56/><E122/><V131/><F131/><W46/><G120/><T61/><D108/><U17/><E105/><V135/><F135/><W37/><G126/><T112/><D112/><U41/><E56/><V117/><F3/><W79/><G0/><T98/><D74/><U128/><E128/><V100/><F66/><W72/><G34/><T16/><D73/><U97/><E97/><V51/><F85/><W133/><G133/><T20/><REACH who="0" step="1"/><D6/><REACH who="0" ten="180,220,380,210" step="2"/><U114/><E114/><V64/><F125/><W36/><G75/><T5/><D5/><U86/><E119/><V48/><F117/><W47/><REACH who="3" step="1"/><G72/><REACH who="3" ten="180,220,380,200" step="2"/><T111/><D111/><U43/><E118/><V9/><F124/><W89/><G89/><T129/><D129/><U110/><E110/><V101/><F78/><W134/><G134/><T8/><D8/><U50/><E76/><V95/><F77/><W116/><G116/><T70/><D70/><U23/><E91/><V93/><F9/><W14/><G14/><T11/><D11/><U115/><E115/><V109/><F68/><W12/><G12/><T52/><N who="0" m="13312" /><DORA hai="65" /><T67/><D67/><U132/><E2/><V26/><F64/><W58/><G58/><T10/><D10/><U7/><E1/><V22/><F109/><W121/><G121/><T60/><D60/><U49/><E132/><V104/><F101/><W94/><G94/><T38/><D38/><U39/><E39/><V19/><F104/><W57/><G57/><T31/><D31/><U25/><E7/><V88/><F95/><W113/><G113/><T82/><D82/><U42/><E83/><RYUUKYOKU ba="0,2" sc="180,15,220,-15,380,-15,200,15" hai0="15,16,20,21,30,61,62,90,92,98" hai3="24,29,33,36,37,45,46,47,79,80,87,103,106" /><INIT seed="2,1,2,5,2,12" ten="195,205,365,215" oya="2" hai0="69,124,40,60,109,86,75,53,50,15,122,0,23" hai1="93,134,117,9,103,29,6,48,68,41,22,21,83" hai2="35,114,90,129,115,97,128,91,113,57,110,28,62" hai3="18,81,95,74,104,84,24,20,47,33,133,43,36"/><V59/><F35/><W100/><G133/><T112/><D75/><U118/><E68/><V52/><F28/><W98/><G33/><T78/><D0/><U34/><E83/><V94/><F110/><W38/><G74/><T16/><D122/><U125/><E41/><V67/><REACH who="2" step="1"/><F91/><REACH who="2" ten="195,205,355,215" step="2"/><W42/><G104/><T126/><D109/><U64/><E29/><V80/><F80/><W30/><G30/><T49/><D126/><U51/><E125/><V2/><F2/><W58/><G58/><N who="0" m="34895" /><D124/><U4/><E34/><V87/><F87/><W1/><G1/><T14/><D69/><U45/><E118/><V66/><F66/><W39/><REACH who="3" step="1"/><G47/><REACH who="3" ten="195,205,355,205" step="2"/><N who="0" m="25831" /><D112/><U73/><E45/><V135/><F135/><W19/><G19/><T123/><D123/><U32/><E134/><V106/><F106/><W120/><G120/><T102/><D16/><U131/><E32/><V116/><F116/><W11/><G11/><T105/><D105/><U127/><E117/><V99/><F99/><W88/><AGARI ba="1,4" hai="18,20,24,36,38,39,42,43,81,84,88,95,98,100" machi="88" ten="30,8000,1" yaku="1,1,0,1,52,1,54,1,53,1" doraHai="12" doraHaiUra="89" who="3" fromWho="3" sc="195,-21,205,-21,355,-41,205,123" /><INIT seed="3,0,0,1,5,37" ten="174,184,314,328" oya="3" hai0="77,111,59,50,80,130,23,104,49,112,123,40,62" hai1="75,72,0,93,30,13,106,46,102,44,74,10,52" hai2="57,53,38,118,41,60,105,71,45,70,1,4,54" hai3="100,47,133,101,90,96,68,121,98,11,24,42,108"/><W129/><G121/><T86/><D130/><U5/><E106/><V16/><F105/><W65/><G129/><T132/><D111/><U131/><E131/><V120/><F4/><W115/><G115/><T76/><D132/><U26/><E0/><V78/><F1/><W12/><G90/><T107/><D123/><U87/><E87/><V79/><F71/><W64/><G68/><T126/><D126/><U119/><E119/><V61/><F118/><W124/><G124/><T36/><D112/><U114/><E114/><V81/><F70/><W35/><G24/><T69/><D77/><U2/><E2/><V58/><F120/><W125/><G35/><T29/><D36/><U32/><REACH who="1" step="1"/><E52/><REACH who="1" ten="174,174,314,328" step="2"/><V17/><F79/><W39/><G125/><T89/><D107/><U109/><E109/><V27/><F27/><W134/><G108/><T7/><D104/><U97/><AGARI ba="0,1" hai="5,10,13,26,30,32,44,46,72,74,75,93,97,102" machi="97" ten="40,5200,0" yaku="1,1,0,1,53,1" doraHai="37" doraHaiUra="3" who="1" fromWho="1" sc="174,-13,174,62,314,-13,328,-26" /><INIT seed="4,0,0,2,1,44" ten="161,236,301,302" oya="0" hai0="78,10,117,130,92,60,96,74,128,68,75,5,6" hai1="63,97,77,0,20,13,102,19,86,34,110,3,132" hai2="131,24,73,43,23,65,104,88,98,45,91,37,58" hai3="103,129,48,115,125,42,79,49,4,80,76,15,47"/><T118/><D68/><U56/><E34/><V31/><F131/><N who="0" m="50218" /><D60/><U71/><E110/><V120/><F73/><N who="0" m="27658" /><D78/><U113/><E132/><V41/><F120/><W29/><G129/><T124/><D124/><U17/><E113/><V28/><F28/><W72/><G79/><T134/><D134/><U30/><E30/><V89/><F43/><W122/><G125/><T40/><D40/><U67/><E71/><V51/><F104/><W46/><G115/><T94/><D6/><U59/><E59/><V109/><F109/><W119/><G119/><N who="0" m="45579" /><D96/><U36/><E77/><V85/><F98/><W82/><G42/><T123/><D123/><U50/><E97/><V111/><F111/><W126/><G4/><T53/><D53/><U87/><E63/><N who="2" m="38135" /><F37/><W9/><G76/><T121/><D121/><U112/><E36/><V70/><F70/><W54/><G54/><T21/><D21/><U133/><E20/><V27/><F27/><W32/><G126/><T14/><AGARI ba="0,0" hai="5,10,14,92,94" m="45579,27658,50218" machi="14" ten="40,2100,0" yaku="19,1" doraHai="44" who="0" fromWho="0" sc="161,21,236,-7,301,-7,302,-7" /><INIT seed="4,1,0,2,2,59" ten="182,229,294,295" oya="0" hai0="57,52,70,106,61,15,95,93,119,79,82,63,22" hai1="56,127,76,33,51,47,88,123,94,16,23,27,87" hai2="32,129,0,73,84,19,9,25,18,38,124,109,102" hai3="40,2,126,43,130,100,72,81,62,135,98,24,132"/><T71/><D119/><U49/><E127/><V28/><F129/><W134/><G130/><T108/><D106/><U29/><E123/><V13/><F109/><W48/><G2/><T90/><D108/><U60/><E76/><V45/><F73/><W11/><G126/><T91/><D71/><U85/><E85/><V113/><F113/><W122/><G122/><T58/><D70/><U86/><E86/><V8/><F102/><W68/><G11/><T116/><D116/><U10/><E47/><V21/><F84/><W64/><G24/><T77/><D82/><U42/><E42/><V65/><F45/><W104/><REACH who="3" step="1"/><G48/><REACH who="3" ten="182,229,294,285" step="2"/><T50/><D15/><N who="1" m="7287" /><E33/><V121/><F9/><W97/><G97/><N who="0" m="57527" /><D22/><U120/><E120/><V7/><F8/><W35/><G35/><T125/><D125/><U37/><E37/><V14/><F38/><W78/><AGARI ba="1,1" hai="40,43,62,64,68,72,78,81,98,100,104,132,134,135" machi="78" ten="40,8000,1" yaku="1,1,0,1,20,1,52,1,53,0" doraHai="59" doraHaiUra="30" who="3" fromWho="3" sc="182,-41,229,-21,294,-21,285,93" /><INIT seed="5,0,0,3,5,6" ten="141,208,273,378" oya="1" hai0="82,29,79,104,39,116,121,34,46,64,73,37,62" hai1="105,127,8,135,38,56,113,86,100,67,68,19,50" hai2="109,17,80,97,69,43,59,129,66,4,131,12,9" hai3="130,0,102,92,31,49,85,23,33,132,28,114,13"/><U7/><E38/><V11/><F69/><W95/><G0/><T87/><D116/><U3/><E113/><V63/><F109/><W48/><G33/><T107/><D121/><U74/><E74/><V128/><F43/><W112/><G132/><T88/><D29/><U98/><E127/><V134/><F80/><W47/><G49/><T16/><D34/><U122/><E122/><V24/><F24/><W42/><G130/><T14/><D46/><U75/><E75/><V10/><F134/><W133/><G85/><T15/><D15/><U83/><E68/><V57/><F97/><N who="3" m="59687" /><G95/><T124/><D124/><U84/><E135/><V55/><F4/><W71/><G71/><T108/><D108/><U123/><E123/><V2/><F2/><W103/><G103/><T45/><D45/><U72/><E72/><V89/><F89/><W61/><G61/><AGARI ba="0,0" hai="9,10,11,12,17,55,57,59,61,63,66,128,129,131" machi="61" ten="40,8000,1" yaku="19,1,52,3" doraHai="6" who="2" fromWho="3" sc="141,0,208,0,273,80,378,-80" /><INIT seed="6,0,0,2,3,11" ten="141,208,353,298" oya="2" hai0="3,135,134,1,39,61,26,19,98,33,112,117,114" hai1="59,80,89,107,103,56,31,108,53,55,13,5,79" hai2="132,94,113,73,67,0,45,105,115,18,100,109,101" hai3="20,24,60,88,29,44,62,118,7,21,131,69,110"/><V8/><F132/><N who="0" m="50730" /><D39/><U68/><E68/><V17/><F73/><W46/><G118/><T116/><D61/><U82/><E108/><V2/><F67/><W10/><G131/><T28/><D19/><U15/><E107/><V128/><F94/><W64/><G110/><T49/><D49/><U9/><E31/><V71/><F109/><W72/><G21/><T133/><D98/><U129/><E129/><V122/><F128/><W120/><G72/><T99/><D99/><U78/><E89/><V92/><F92/><W23/><G23/><T14/><D14/><U42/><E42/><V37/><F37/><W12/><G62/><T121/><N who="0" m="50738" /><T83/><DORA hai="96" /><D83/><U130/><E130/><V123/><F45/><W75/><G12/><T54/><D54/><U106/><E106/><V119/><F8/><W102/><G46/><T48/><D48/><U35/><E9/><V6/><F6/><W4/><G44/><T52/><D52/><U38/><E38/><V125/><F105/><W87/><G64/><T95/><D95/><U97/><E97/><V93/><F93/><W41/><G41/><T66/><D66/><U76/><E5/><V126/><REACH who="2" step="1"/><F71/><REACH who="2" ten="141,208,343,298" step="2"/><W57/><G69/><T104/><D104/><U86/><E59/><V84/><F84/><W65/><G87/><T32/><D121/><U30/><E56/><V16/><F16/><W111/><G120/><T70/><D70/><U124/><E86/><V50/><F50/><W127/><G10/><T85/><D85/><U22/><E82/><V77/><F77/><W90/><G7/><T91/><D117/><AGARI ba="0,1" hai="0,2,17,18,100,101,113,115,117,119,122,123,125,126" machi="117" ten="25,18000,2" yaku="1,1,6,1,22,2,52,2,53,0" doraHai="11,96" doraHaiUra="81,74" who="2" fromWho="0" sc="141,-180,208,0,343,190,298,0" owari="-39,-54.0,208,-19.0,533,63.0,298,10.0" /></mjloggm>