<mjloggm ver="2.3"><GO type="41" lobby="0"/><UN n0="%E3%82%BB%E3%83%96%E3%83%B3%E3%82%AA%E3%83%96%E3%83%8A%E3%82%A4%E3%83%B3" n1="%E2%93%9D%53%75%70%68%78" n2="%6A%75%67%6F%72%6F" n3="%E7%A8%9A%E5%86%85%E6%B8%A9%E6%B3%89%E7%AB%A5%E5%A4%A2" dan="14,18,13,14" rate="1944.06,2100.18,1830.43,1920.94" sx="M,M,M,M"/><TAIKYOKU oya="0"/><INIT seed="0,0,0,4,0,101" ten="250,250,250,250" oya="0" hai0="119,48,111,73,57,32,36,97,13,50,34,131,100" hai1="116,117,74,118,82,28,68,112,56,108,77,58,114" hai2="110,121,14,4,99,64,115,98,41,60,30,106,44" hai3="94,93,80,9,133,2,81,125,3,46,88,59,8"/><T18/><D119/><U83/><E68/><V19/><F99/><W55/><G125/><T26/><D36/><U71/><E71/><V15/><F115/><N who="1" m="44073" /><E28/><V67/><F64/><W24/><G133/><T27/><D73/><U75/><E108/><V66/><F67/><W47/><G24/><T53/><D111/><U5/><E5/><V70/><F121/><W105/><G59/><N who="1" m="22570" /><E77/><V33/><F19/><W25/><G25/><N who="0" m="9227" /><D34/><U37/><E37/><N who="2" m="21551" /><F4/><W122/><G122/><T92/><D32/><U49/><E49/><V107/><F110/><W62/><G62/><N who="0" m="36143" /><D131/><U84/><E84/><V95/><F14/><W129/><G129/><T135/><D135/><U130/><E130/><V22/><F15/><W54/><REACH who="3" step="1"/><G88/><REACH who="3" ten="250,250,250,240" step="2"/><T109/><D109/><U90/><E90/><N who="2" m="55671" /><F33/><W43/><G43/><T78/><D78/><U11/><E118/><V89/><F89/><W35/><G35/><T65/><D65/><U85/><E117/><V38/><F66/><W104/><AGARI ba="0,1" hai="2,3,8,9,46,47,54,55,80,81,93,94,104,105" machi="104" ten="25,12000,2" yaku="1,1,0,1,22,2,52,2,53,0" doraHai="101" doraHaiUra="23" who="3" fromWho="3" sc="250,-60,250,-30,250,-30,240,130" /><INIT seed="1,0,0,4,1,108" ten="190,220,220,370" oya="1" hai0="82,63,33,2,100,47,101,27,102,134,74,129,79" hai1="22,126,116,24,10,46,53,16,65,6,115,122,5" hai2="54,59,68,89,8,133,128,97,130,64,73,39,124" hai3="94,50,72,121,30,41,91,18,106,135,36,19,23"/><U25/><E116/><V110/><F73/><W62/><G121/><T45/><D129/><U113/><E65/><V32/><F32/><W85/><G135/><T15/><D2/><U83/><E83/><V7/><F110/><W48/><G72/><T42/><D134/><U17/><E53/><V28/><F28/><W105/><G36/><T125/><D125/><U51/><E51/><V14/><F39/><W4/><G4/><N who="1" m="1642" /><E46/><V1/><F124/><W77/><G77/><T120/><D120/><U38/><E38/><V81/><F1/><W123/><G123/><T35/><D63/><U96/><E96/><V107/><F64/><W99/><G62/><T88/><D47/><U132/><E122/><V49/><F68/><W86/><G105/><T103/><D45/><U90/><E90/><V76/><F133/><W57/><G41/><T117/><D42/><U12/><E132/><V61/><F61/><W26/><G106/><T114/><D117/><U43/><E43/><V0/><F130/><W55/><G50/><T34/><D103/><U29/><E126/><V21/><F128/><W75/><G75/><T69/><D69/><U84/><E84/><AGARI ba="0,0" hai="18,19,23,26,30,48,55,57,84,85,86,91,94,99" machi="84" ten="40,1300,0" yaku="8,1" doraHai="108" who="3" fromWho="1" sc="190,0,220,-13,220,0,370,13" /><INIT seed="2,0,0,2,1,117" ten="190,207,220,383" oya="2" hai0="5,135,14,81,62,134,16,76,25,37,110,45,115" hai1="63,119,106,60,83,54,111,21,75,105,56,0,129" hai2="98,88,23,35,58,3,72,32,127,29,53,13,61" hai3="121,95,33,9,50,49,39,107,97,36,52,57,73"/><V104/><F72/><W19/><G73/><T103/><D115/><U68/><E0/><V47/><F3/><W69/><G33/><T20/><D103/><U118/><E111/><V77/><F77/><W94/><G69/><T46/><D110/><U41/><E129/><V109/><F127/><W100/><G121/><T67/><D5/><U79/><E41/><V27/><F109/><W80/><G80/><T51/><D37/><U132/><E132/><N who="0" m="50729" /><D25/><U91/><E91/><V124/><F124/><W70/><G70/><N who="0" m="42359" /><D51/><U74/><E74/><AGARI ba="0,0" hai="14,16,20,45,46,74,76,81" m="42359,50729" machi="74" ten="30,2000,0" yaku="20,1,54,1" doraHai="117" who="0" fromWho="1" sc="190,20,207,-20,220,0,383,0" /><INIT seed="3,0,0,4,2,38" ten="210,187,220,383" oya="3" hai0="123,81,111,42,45,130,97,29,74,63,30,5,69" hai1="62,61,51,126,98,110,60,75,0,65,112,90,116" hai2="27,53,92,34,19,93,78,20,3,109,37,96,131" hai3="83,103,13,107,49,73,18,15,24,46,67,44,84"/><W2/><G2/><T71/><D123/><U124/><E75/><V43/><F109/><W95/><G67/><T66/><D111/><U94/><E110/><V76/><F131/><W47/><G107/><T9/><D130/><U12/><E0/><V88/><F3/><W102/><G73/><T68/><D97/><U135/><E112/><V57/><F34/><W105/><G105/><T91/><D30/><U77/><E77/><V56/><F56/><W40/><G24/><T108/><D29/><U36/><E36/><V133/><F133/><W31/><G31/><T50/><D108/><U64/><E116/><V7/><F7/><W127/><G127/><N who="1" m="48682" /><E135/><V14/><F14/><W26/><G26/><T32/><D32/><U33/><E33/><V79/><F93/><W16/><G15/><T99/><D74/><U104/><E104/><V59/><REACH who="2" step="1"/><F53/><REACH who="2" ten="210,187,210,383" step="2"/><W21/><G18/><T80/><D71/><U11/><E65/><V129/><F129/><W101/><REACH who="3" step="1"/><G95/><REACH who="3" ten="210,187,210,373" step="2"/><T23/><D66/><U82/><E64/><V6/><F6/><W100/><N who="3" m="25600" /><DORA hai="113" /><W128/><G128/><T1/><D5/><U25/><E25/><V72/><F72/><W106/><G106/><T10/><D1/><U114/><E114/><V121/><F121/><W54/><G54/><T4/><D69/><U8/><E12/><V85/><F85/><W86/><G86/><T122/><D68/><U58/><E94/><V41/><F41/><W17/><G17/><T35/><D122/><U125/><E125/><V134/><F134/><W48/><G48/><T132/><D50/><U119/><E51/><RYUUKYOKU ba="0,2" sc="210,-15,187,-15,210,15,373,15" hai2="19,20,27,37,43,57,59,76,78,79,88,92,96" hai3="13,16,21,40,44,46,47,49,83,84" /><INIT seed="3,1,2,5,5,57" ten="195,172,225,388" oya="3" hai0="74,114,27,68,83,92,6,26,69,38,42,1,123" hai1="91,46,50,135,53,127,82,94,75,59,54,130,84" hai2="60,7,66,58,20,34,98,44,25,113,96,87,62" hai3="71,16,126,117,86,133,5,125,43,112,122,61,73"/><W80/><G112/><T40/><D123/><U118/><E130/><V108/><F108/><W132/><G122/><T77/><D114/><U51/><E135/><N who="3" m="51786" /><G117/><T106/><D42/><U104/><E127/><V93/><F113/><W12/><G43/><T124/><D92/><U90/><E104/><V89/><F7/><W39/><G39/><T31/><D124/><U116/><REACH who="1" step="1"/><E75/><REACH who="1" ten="195,162,225,388" step="2"/><V64/><F34/><W22/><G73/><T41/><D106/><U121/><E121/><V35/><F35/><W55/><G5/><T4/><D4/><U134/><E134/><V115/><F115/><W10/><G126/><T70/><D6/><U81/><E81/><V120/><F120/><W19/><G125/><T36/><D74/><U107/><E107/><V79/><F79/><W111/><G111/><T102/><D77/><U13/><E13/><V105/><F105/><W9/><G80/><T56/><D83/><U21/><E21/><V24/><F44/><W128/><G128/><T17/><D36/><U48/><E48/><V2/><F2/><W99/><G22/><T30/><D38/><U65/><E65/><V47/><F47/><W15/><G12/><T14/><D1/><U0/><E0/><V23/><F23/><W37/><G37/><T95/><D14/><U33/><E33/><V67/><F67/><W63/><G15/><T29/><D27/><U110/><E110/><V119/><F119/><W131/><G131/><T72/><D72/><U78/><E78/><V76/><F76/><W100/><G10/><T32/><D32/><U109/><E109/><V97/><F20/><RYUUKYOKU ba="1,3" sc="195,-15,162,15,225,15,388,-15" hai1="46,50,51,53,54,59,82,84,90,91,94,116,118" hai2="24,25,58,60,62,64,66,87,89,93,96,97,98" /><INIT seed="4,2,3,4,1,96" ten="180,177,240,373" oya="0" hai0="22,37,0,78,17,33,61,59,43,40,19,56,15" hai1="134,81,1,72,36,101,47,120,106,132,58,26,114" hai2="46,85,128,74,6,70,115,16,131,66,18,100,116" hai3="118,14,30,52,130,24,54,11,32,64,90,12,97"/><T31/><D0/><U35/><E58/><V95/><F74/><W91/><G118/><T10/><D78/><N who="1" m="44231" /><E120/><V110/><F110/><W25/><G64/><T34/><D37/><U60/><E60/><N who="2" m="40263" /><F6/><W53/><G130/><N who="2" m="49705" /><F115/><W75/><G75/><T42/><D31/><N who="1" m="19959" /><E1/><V28/><F28/><W62/><G62/><T127/><D59/><U77/><E77/><V51/><F116/><W79/><G79/><T103/><D61/><U55/><E55/><N who="2" m="30199" /><F100/><W122/><G122/><T119/><D119/><U9/><E114/><V104/><F104/><W76/><G76/><T125/><D34/><U49/><E101/><V48/><F48/><W84/><G14/><T98/><D33/><U73/><E106/><V87/><F87/><W38/><G12/><T71/><D17/><U93/><E73/><V99/><F99/><W94/><G11/><T20/><D103/><U121/><E9/><V67/><F67/><W57/><G25/><T65/><D98/><U86/><E121/><V126/><F126/><N who="0" m="48138" /><D22/><U2/><E2/><V117/><F117/><W44/><G97/><T107/><D107/><U129/><E129/><V39/><F39/><W108/><G91/><AGARI ba="2,3" hai="16,18,85,91,95" m="30199,49705,40263" machi="91" ten="30,2000,0" yaku="19,1,54,1" doraHai="96" who="2" fromWho="3" sc="180,0,177,0,240,56,373,-26" /><INIT seed="5,0,0,4,1,103" ten="180,177,296,347" oya="1" hai0="65,122,116,74,126,38,96,19,41,18,34,58,44" hai1="63,112,54,102,7,77,21,73,84,90,25,129,57" hai2="50,61,117,110,28,1,68,24,99,26,76,119,124" hai3="106,105,47,121,9,33,6,120,16,49,132,98,15"/><U94/><E112/><V92/><F110/><W114/><G33/><T80/><D116/><U14/><E129/><V118/><F1/><W85/><G114/><T42/><D34/><U83/><E7/><V89/><F76/><W101/><G132/><T48/><D126/><U108/><E108/><V111/><F111/><W125/><G125/><T43/><D122/><U133/><E133/><V62/><F124/><W81/><G6/><T8/><D96/><U87/><E14/><V12/><F50/><W104/><G120/><T30/><D30/><U4/><E4/><V32/><F68/><W23/><G23/><T40/><D74/><U51/><E102/><V93/><F26/><W100/><G100/><T135/><D135/><U2/><E2/><V3/><F3/><W71/><G71/><T56/><D80/><U36/><E36/><V79/><F79/><W115/><G115/><T109/><D109/><U123/><E123/><V97/><REACH who="2" step="1"/><F12/><REACH who="2" ten="180,177,286,347" step="2"/><W13/><G13/><T67/><D38/><U60/><REACH who="1" step="1"/><E73/><REACH who="1" ten="180,167,286,347" step="2"/><V59/><F59/><W113/><G113/><T53/><D58/><U130/><E130/><V127/><F127/><W27/><G121/><T134/><D134/><U22/><E22/><V46/><F46/><W64/><G27/><T31/><D56/><U5/><E5/><V0/><F0/><W131/><G131/><T95/><D44/><U70/><E70/><V69/><F69/><W52/><G64/><T88/><D67/><U78/><E78/><AGARI ba="0,2" hai="9,15,16,47,49,52,78,81,85,98,101,104,105,106" machi="78" ten="30,12000,2" yaku="7,1,52,3,54,2" doraHai="103" who="3" fromWho="1" sc="180,0,167,-120,286,0,347,140" /><INIT seed="6,0,0,1,5,5" ten="180,47,286,487" oya="2" hai0="99,29,35,45,76,1,25,123,57,94,14,79,50" hai1="13,47,24,72,42,39,28,120,97,108,121,81,48" hai2="91,2,55,92,20,19,74,9,93,16,77,75,69" hai3="66,90,135,113,96,111,15,104,87,112,127,109,86"/><V46/><F69/><W125/><G66/><T85/><D123/><U70/><E108/><V30/><F30/><W18/><G15/><T65/><D1/><U0/><E48/><V43/><F55/><W132/><G18/><T31/><D31/><U58/><E58/><V56/><F56/><W53/><G53/><T101/><D85/><U38/><E13/><V10/><F19/><W26/><G26/><T106/><D14/><U103/><E39/><V124/><F124/><W82/><G104/><T49/><D106/><U11/><E70/><V3/><F3/><W52/><G52/><T100/><D100/><U21/><E97/><V80/><F75/><W73/><G73/><T83/><D83/><U32/><E103/><V129/><F129/><W110/><G96/><T27/><D27/><U98/><E21/><V54/><F54/><W63/><G63/><T67/><D65/><U59/><E98/><V7/><F10/><W131/><G131/><T84/><D67/><U4/><REACH who="1" step="1"/><E59/><REACH who="1" ten="180,37,286,487" step="2"/><V102/><F102/><W62/><G62/><T60/><D57/><U23/><E23/><V107/><F107/><W122/><G122/><T68/><D60/><U95/><E95/><V114/><F114/><N who="3" m="44139" /><G87/><T115/><D84/><U119/><E119/><V130/><F130/><W41/><G41/><T36/><D115/><U22/><E22/><V117/><F117/><W71/><G71/><T133/><D68/><U61/><E61/><V128/><F128/><W8/><G125/><T51/><D99/><U118/><E118/><V126/><F126/><W33/><G127/><T34/><D101/><RYUUKYOKU ba="0,1" sc="180,-10,37,30,286,-10,487,-10" hai1="0,4,11,24,28,32,38,42,47,72,81,120,121" /><INIT seed="7,1,1,3,2,8" ten="170,67,276,477" oya="3" hai0="38,114,80,48,88,67,4,44,16,128,127,77,79" hai1="81,6,56,118,35,46,72,76,2,91,62,96,130" hai2="30,32,73,28,125,18,57,89,31,82,60,90,68" hai3="42,109,97,21,113,12,111,108,86,78,106,49,34"/><W19/><G113/><T129/><D4/><U1/><E130/><V15/><F68/><W115/><G115/><T3/><D3/><U41/><E118/><V9/><F125/><W105/><G34/><T135/><D114/><U54/><E35/><V33/><F89/><W47/><G97/><T13/><D38/><U23/><E23/><V75/><F75/><W39/><G39/><T94/><D67/><U84/><E96/><V100/><F100/><W107/><G86/><N who="0" m="50247" /><D135/><U29/><E29/><V24/><F33/><W131/><G78/><T95/><D127/><U43/><E43/><V45/><F45/><W98/><G98/><T36/><D36/><U63/><E63/><V117/><F117/><W92/><G131/><N who="0" m="50251" /><D79/><U103/><E103/><V70/><F70/><W5/><G5/><T53/><D77/><U122/><E122/><V20/><F32/><W52/><G92/><T132/><D132/><U66/><E66/><N who="2" m="39183" /><F73/><W0/><G0/><T65/><D65/><U112/><E112/><V74/><F74/><W61/><G61/><T85/><D85/><AGARI ba="1,1" hai="9,15,18,20,24,28,30,31,82,85,90" m="39183" machi="85" ten="30,2000,0" yaku="8,1,52,1" doraHai="8" who="2" fromWho="0" sc="170,-23,67,0,276,33,477,0" owari="147,-25.0,67,-43.0,309,11.0,477,57.0" /></mjloggm>