<mjloggm ver="2.3"><GO type="41" lobby="0"/><UN n0="%E3%82%AB%E3%83%B3%E3%83%81%E3%83%A3%E3%83%B3%E3%83%84%E3%83%A2" n1="%E3%81%82%E3%81%8B%E3%81%8F%E3%81%95" n2="%E2%93%9D%53%75%70%68%78" n3="%74%6F%72%69%6E%69%69" dan="13,13,17,15" rate="1886.57,1922.12,2081.70,2008.17" sx="M,M,M,F"/><TAIKYOKU oya="0"/><INIT seed="0,0,0,1,1,31" ten="250,250,250,250" oya="0" hai0="82,111,107,134,21,55,33,44,34,88,28,60,54" hai1="120,96,50,63,66,8,14,46,94,122,67,23,10" hai2="30,79,49,1,0,42,40,20,18,51,64,62,91" hai3="7,116,65,24,76,72,132,80,106,58,124,102,81"/><T61/><D107/><U100/><E23/><V127/><F30/><W25/><G116/><T59/><D28/><U86/><E86/><V101/><F101/><W114/><G114/><T89/><D21/><U85/><E85/><V41/><F79/><W104/><G124/><T35/><D134/><U16/><E10/><V78/><F78/><W129/><G132/><T135/><D135/><U36/><E36/><V83/><F127/><W17/><G129/><T77/><D111/><U70/><REACH who="1" step="1"/><E66/><REACH who="1" ten="250,240,250,250" step="2"/><V123/><F64/><W39/><G39/><T57/><D44/><U71/><E71/><V26/><F20/><W118/><G65/><T97/><D97/><U126/><E126/><V13/><F83/><W92/><G81/><T4/><D4/><U68/><E68/><V125/><F125/><W87/><G87/><AGARI ba="0,1" hai="33,34,35,54,55,57,59,60,61,77,82,87,88,89" machi="87" ten="40,12000,1" yaku="9,1,52,3,54,1" doraHai="31" who="0" fromWho="3" sc="250,130,240,0,250,0,250,-120" /><INIT seed="0,1,0,5,2,89" ten="380,240,250,130" oya="0" hai0="133,1,37,77,82,116,76,78,81,134,122,28,62" hai1="56,104,66,71,20,114,45,7,39,36,86,13,115" hai2="15,19,11,50,23,91,127,95,44,93,16,110,105" hai3="74,85,64,63,38,46,123,5,87,92,22,106,55"/><T24/><D37/><U30/><E104/><V67/><F105/><W14/><G123/><T90/><D1/><U69/><E69/><V9/><F110/><W12/><G74/><T35/><D122/><U65/><E71/><V107/><F107/><W132/><G132/><T112/><D112/><U21/><E30/><V80/><F127/><W60/><G106/><T49/><D116/><U109/><E109/><V102/><F67/><W108/><G108/><T131/><D131/><U88/><E115/><V40/><F102/><W70/><G38/><T31/><D49/><U121/><E121/><V126/><F126/><W8/><G92/><N who="2" m="35401" /><F19/><W26/><G14/><T97/><D62/><U100/><E100/><V17/><F17/><W96/><G96/><T119/><D119/><U128/><E128/><V68/><F68/><W113/><G113/><T53/><D35/><U52/><E114/><V73/><F73/><W59/><REACH who="3" step="1"/><G46/><REACH who="3" ten="380,240,250,120" step="2"/><T6/><D97/><U47/><E45/><V61/><F61/><W72/><G72/><T58/><D134/><U83/><E47/><V118/><F118/><W84/><G84/><AGARI ba="1,1" hai="9,11,15,16,23,40,44,50,80,84,91" m="35401" machi="84" ten="30,8000,1" yaku="8,1,52,3,54,1" doraHai="89" who="2" fromWho="3" sc="380,0,240,0,250,93,120,-83" /><INIT seed="1,0,0,1,0,48" ten="380,240,343,37" oya="1" hai0="119,90,126,0,17,1,105,21,41,135,53,117,78" hai1="132,40,29,85,12,24,88,68,108,60,5,59,97" hai2="129,2,77,107,87,55,92,103,123,99,39,65,63" hai3="30,45,106,51,8,34,50,13,98,67,16,134,79"/><U62/><E132/><V96/><F123/><W89/><G134/><T58/><D105/><U31/><E68/><V116/><F2/><W10/><G67/><T6/><D78/><U102/><E40/><V74/><F39/><W70/><G70/><T100/><D100/><U72/><E72/><V54/><F129/><W112/><G112/><T125/><D41/><U94/><E108/><V32/><F116/><W36/><G36/><T81/><D6/><U114/><E114/><V15/><F32/><W118/><G118/><T122/><D122/><U101/><E101/><V33/><F33/><W64/><G64/><T133/><D117/><U38/><E38/><V20/><F99/><W52/><G106/><T46/><D46/><U80/><E24/><V91/><F15/><W28/><G79/><T69/><D69/><U73/><E73/><V109/><F20/><W110/><G8/><T22/><D22/><U128/><E128/><V25/><F25/><W66/><G66/><T43/><D43/><U75/><E75/><V120/><F109/><W95/><G110/><T115/><D115/><U113/><E113/><V131/><F120/><W76/><G76/><T111/><D111/><U84/><E84/><V82/><F131/><W61/><G34/><T19/><D119/><U124/><E124/><N who="0" m="47721" /><D133/><U71/><E71/><AGARI ba="0,0" hai="54,55,63,65,71,74,77,82,87,91,92,96,103,107" machi="71" ten="30,8000,1" yaku="7,1,24,2,52,2" doraHai="48" who="2" fromWho="1" sc="380,0,240,-80,343,80,37,0" /><INIT seed="2,0,0,1,1,40" ten="380,160,423,37" oya="2" hai0="42,118,82,10,88,83,90,56,47,23,30,18,13" hai1="134,107,92,111,127,20,76,16,61,48,45,71,126" hai2="39,103,113,44,74,132,35,55,9,0,93,97,100" hai3="104,14,46,64,101,57,53,41,2,19,8,24,68"/><V15/><F113/><W108/><G108/><T11/><D118/><U32/><E32/><V105/><F35/><W3/><G104/><T62/><D30/><U81/><E107/><V112/><F112/><W135/><G135/><T29/><D83/><U1/><E1/><V36/><F74/><W121/><G101/><T89/><D82/><U85/><E92/><V66/><F0/><W117/><G121/><T43/><D43/><U95/><E95/><V116/><F66/><W131/><G131/><T115/><D29/><U98/><E98/><V58/><F116/><W102/><G102/><T49/><REACH who="0" step="1"/><D115/><REACH who="0" ten="370,160,423,37" step="2"/><U6/><E111/><V133/><F133/><W63/><G117/><T69/><D69/><U73/><E134/><V34/><F34/><W124/><G124/><T4/><D4/><U91/><E6/><V72/><F132/><W70/><G70/><T54/><AGARI ba="0,1" hai="10,11,13,18,23,42,47,49,54,56,62,88,89,90" machi="54" ten="30,8000,1" yaku="1,1,0,1,8,1,52,1,54,1,53,0" doraHai="40" doraHaiUra="96" who="0" fromWho="0" sc="370,90,160,-20,423,-40,37,-20" /><INIT seed="3,0,0,4,4,3" ten="460,140,383,17" oya="3" hai0="57,66,65,61,68,24,55,77,20,126,49,121,125" hai1="73,110,95,109,123,4,89,11,91,59,63,99,52" hai2="130,135,16,56,48,97,131,117,93,8,37,67,44" hai3="22,128,10,6,82,100,54,108,1,42,9,27,46"/><W76/><G128/><N who="2" m="49193" /><F117/><W132/><G132/><T41/><D121/><U127/><E127/><N who="0" m="48649" /><D77/><U78/><E123/><V60/><F37/><W71/><G71/><T38/><D20/><U51/><E73/><V79/><F79/><W111/><G100/><T13/><D13/><U18/><E18/><V103/><F135/><W33/><G33/><T98/><D98/><U115/><E115/><V2/><F2/><W58/><G58/><T120/><D24/><U105/><E105/><V81/><F81/><W113/><G113/><T101/><D101/><U107/><E78/><V85/><F85/><W74/><G54/><T50/><D120/><U28/><E28/><V83/><F83/><W124/><G10/><T29/><D29/><U62/><E107/><V14/><F48/><N who="0" m="18538" /><D68/><U96/><E96/><V112/><F112/><W116/><G124/><T86/><D86/><U122/><E122/><V47/><AGARI ba="0,0" hai="8,14,16,44,47,56,60,67,93,97,103" m="49193" machi="47" ten="30,2000,0" yaku="19,1,54,1" doraHai="3" who="2" fromWho="2" sc="460,-5,140,-5,383,20,17,-10" /><INIT seed="4,0,0,2,5,73" ten="455,135,403,7" oya="0" hai0="43,120,50,115,91,132,107,30,60,129,70,51,58" hai1="4,80,78,14,55,135,31,25,95,15,94,38,63" hai2="20,28,26,133,79,49,105,102,126,81,53,40,22" hai3="110,69,72,67,64,47,68,66,113,97,123,27,88"/><T13/><D120/><U116/><E38/><V2/><F2/><W74/><G110/><T44/><D107/><U118/><E135/><V103/><F133/><W11/><G11/><T34/><D132/><U61/><E55/><V101/><F126/><W23/><G47/><T82/><D34/><U29/><E25/><V59/><F105/><W54/><G54/><T24/><D70/><N who="3" m="27241" /><G27/><T112/><D129/><U109/><E80/><V104/><F104/><W127/><G23/><N who="0" m="15647" /><D13/><U41/><E41/><V83/><F83/><W35/><G35/><T45/><D91/><U21/><E21/><V57/><F40/><W96/><G113/><N who="0" m="43595" /><D82/><U33/><E33/><V62/><F22/><W37/><G37/><N who="0" m="21615" /><D45/><U134/><E134/><V117/><F117/><W75/><G88/><T3/><D3/><U19/><E118/><V77/><REACH who="2" step="1"/><F81/><REACH who="2" ten="455,135,393,7" step="2"/><W85/><G123/><T18/><D18/><U90/><E116/><V125/><F125/><W7/><G127/><T48/><D60/><U99/><E63/><V114/><F114/><W42/><G42/><T119/><D119/><U16/><E61/><V128/><F128/><W10/><G7/><T89/><D58/><U46/><E4/><V121/><F121/><W17/><G10/><T86/><D51/><U106/><E106/><V130/><F130/><W87/><G17/><T5/><D5/><U9/><E19/><V98/><F98/><AGARI ba="0,1" hai="64,66,67,72,74,75,85,87,96,97,98" m="27241" machi="98" ten="40,2600,0" yaku="28,2" doraHai="73" who="3" fromWho="2" sc="455,0,135,0,393,-26,7,36" /><INIT seed="5,0,0,1,5,30" ten="455,135,367,43" oya="1" hai0="25,75,33,31,55,101,106,29,87,124,119,112,122" hai1="60,78,1,2,20,100,42,54,10,19,22,66,118" hai2="72,86,127,80,57,73,121,3,79,64,91,113,98" hai3="36,15,82,56,129,35,116,44,125,133,76,96,62"/><U131/><E118/><V111/><F3/><W27/><G116/><T40/><D87/><U53/><E131/><V48/><F64/><W89/><G129/><T70/><D55/><U8/><E42/><V11/><F11/><W130/><G130/><T109/><D31/><U104/><E78/><V108/><F57/><W24/><G125/><T102/><D102/><U115/><E115/><V97/><F48/><W90/><G133/><T94/><D94/><U5/><E104/><V46/><F46/><W26/><G44/><T83/><D109/><N who="2" m="42058" /><F121/><W37/><G15/><T92/><D40/><U84/><E100/><V9/><F9/><W39/><G96/><N who="2" m="36969" /><F127/><W58/><G58/><T4/><D4/><U32/><E84/><N who="2" m="48159" /><F113/><W103/><G103/><T85/><D70/><U0/><E32/><V117/><F117/><W99/><G35/><T14/><D14/><U49/><E53/><V107/><F107/><W81/><G39/><T67/><D67/><U71/><E8/><V28/><F28/><W61/><G61/><T47/><D47/><U45/><E22/><V16/><F16/><W126/><G126/><T120/><D124/><U13/><AGARI ba="0,0" hai="0,1,2,5,10,13,19,20,45,49,54,60,66,71" machi="13" ten="20,2100,0" yaku="0,1,7,1" doraHai="30" who="1" fromWho="1" sc="455,-7,135,21,367,-7,43,-7" /><INIT seed="5,1,0,2,5,47" ten="448,156,360,36" oya="1" hai0="70,5,69,105,43,38,127,88,92,29,82,30,58" hai1="33,133,22,36,26,134,96,113,10,34,56,77,91" hai2="50,90,117,73,25,111,16,65,128,126,48,37,102" hai3="67,97,9,84,3,119,106,81,101,41,31,72,1"/><U79/><E36/><V45/><F117/><W74/><G119/><T87/><D105/><U109/><E109/><V131/><F111/><W54/><G67/><T98/><D69/><U66/><E113/><V12/><F73/><W76/><G31/><T103/><D70/><U46/><E10/><V0/><F102/><W52/><G72/><T68/><D68/><U13/><E13/><V8/><F126/><W40/><G40/><T55/><D127/><U104/><E46/><V93/><F65/><W17/><G17/><T123/><D123/><U108/><E108/><V86/><F0/><W61/><G61/><T53/><D43/><U124/><E124/><V15/><F25/><W27/><G27/><T132/><D132/><N who="1" m="50795" /><E34/><V78/><F78/><W63/><G63/><T11/><D38/><U110/><E33/><V122/><F122/><W14/><G41/><T83/><D82/><U114/><E114/><V28/><F28/><N who="0" m="10858" /><D58/><U129/><E110/><V89/><F15/><AGARI ba="1,0" hai="5,11,15,53,55,83,87,88,92,98,103" m="10858" machi="15" ten="30,2000,0" yaku="8,1,54,1" doraHai="47" who="0" fromWho="2" sc="448,23,156,0,360,-23,36,0" /><INIT seed="6,0,0,5,4,98" ten="471,156,337,36" oya="2" hai0="43,30,127,118,66,110,42,23,65,86,121,97,38" hai1="61,85,47,37,34,17,33,50,53,126,49,115,87" hai2="95,19,26,55,73,29,52,60,92,89,54,6,58" hai3="39,119,20,77,82,120,93,41,21,78,14,13,129"/><V32/><F73/><W107/><G119/><T116/><D110/><U7/><E115/><V44/><F6/><W15/><G120/><T103/><D127/><U80/><E126/><V79/><F79/><W101/><G129/><T132/><D132/><U56/><E7/><V31/><F95/><W67/><G107/><N who="0" m="63983" /><D86/><U48/><E34/><V100/><F100/><W114/><G114/><T40/><D38/><U3/><E3/><V57/><F44/><W112/><G112/><T94/><D94/><U123/><E33/><V135/><F135/><W69/><G39/><T70/><D70/><U122/><E37/><V64/><F19/><W2/><G2/><T51/><D51/><U134/><E134/><V46/><F46/><W12/><G41/><T84/><D84/><U117/><E117/><N who="0" m="45161" /><D121/><U131/><E131/><V125/><F31/><W24/><N who="3" m="3072" /><DORA hai="74" /><W104/><G104/><T22/><D22/><N who="3" m="8809" /><G69/><T59/><D59/><U63/><E17/><V76/><F125/><W16/><G67/><T111/><D111/><U105/><E105/><V72/><F58/><W113/><G82/><T109/><D109/><U124/><E124/><V108/><F108/><W25/><G113/><T128/><D128/><U96/><E47/><V0/><F0/><W1/><G1/><T5/><D5/><U62/><E96/><V130/><F130/><W10/><G10/><T35/><D35/><U11/><E11/><V36/><F36/><W9/><G9/><T4/><D4/><U88/><E85/><N who="2" m="52271" /><F64/><W28/><G28/><T133/><D133/><U75/><E75/><V91/><F91/><RYUUKYOKU ba="0,0" sc="471,10,156,10,337,10,36,-30" hai0="23,30,40,42,43,65,66" hai1="48,49,50,53,56,61,62,63,80,87,88,122,123" hai2="26,29,32,52,54,55,57,60,72,76" /><INIT seed="6,1,0,3,4,30" ten="481,166,347,6" oya="2" hai0="57,78,60,132,63,76,20,10,35,1,111,14,42" hai1="52,22,112,44,104,2,70,113,65,98,8,40,119" hai2="13,24,94,9,43,122,91,6,84,56,79,72,27" hai3="97,103,33,4,45,118,28,93,48,105,77,134,5"/><V115/><F122/><W81/><G118/><T75/><D75/><U89/><E119/><V71/><F71/><W19/><G134/><T18/><D63/><U62/><E22/><V41/><F115/><W107/><G33/><T133/><D42/><U129/><E129/><V131/><F131/><W90/><G28/><T116/><D111/><U61/><E2/><V7/><F72/><W120/><G120/><T126/><D35/><U58/><E8/><V108/><F108/><W86/><G19/><T49/><D49/><U0/><E0/><V17/><F79/><W54/><G107/><T68/><D68/><U37/><E89/><V87/><F56/><W16/><G16/><N who="0" m="8279" /><D1/><U114/><E98/><AGARI ba="1,0" hai="4,5,45,48,54,77,81,86,90,93,97,98,103,105" machi="98" ten="30,1000,0" yaku="7,1" doraHai="30" who="3" fromWho="1" sc="481,0,166,-13,347,0,6,13" /><INIT seed="7,0,0,3,1,5" ten="481,153,347,19" oya="3" hai0="127,134,22,51,130,58,39,60,77,54,68,32,56" hai1="98,72,62,115,30,128,119,8,29,110,126,99,80" hai2="81,135,25,10,55,46,93,79,116,20,36,71,108" hai3="31,96,121,57,35,107,23,90,97,113,3,19,117"/><W133/><G117/><T74/><D22/><U28/><E110/><V37/><F108/><W24/><G121/><T66/><D32/><U82/><E115/><V131/><F131/><W114/><G3/><T65/><D77/><U14/><E128/><V52/><F135/><W120/><G120/><T85/><D85/><U125/><E119/><V42/><F71/><W78/><G133/><T15/><D15/><U67/><E72/><V33/><F116/><W73/><G78/><T89/><D89/><U91/><E91/><V129/><F129/><W70/><G70/><T87/><D87/><U84/><E84/><V45/><F33/><W9/><G73/><T64/><D127/><N who="1" m="48651" /><E82/><V12/><F93/><W40/><G40/><T50/><D39/><U75/><E80/><V111/><F111/><W109/><G109/><T122/><D51/><U59/><E75/><V13/><F13/><W21/><G107/><T101/><D58/><U7/><AGARI ba="0,0" hai="7,8,14,28,29,30,59,62,67,98,99" m="48651" machi="7" ten="30,2000,0" yaku="18,1,52,1" doraHai="5" who="1" fromWho="1" sc="481,-5,153,20,347,-5,19,-10" owari="476,58.0,173,-23.0,342,14.0,9,-49.0" /></mjloggm>