<mjloggm ver="2.3"><GO type="41" lobby="0"/><UN n0="%E2%93%9D%53%75%70%68%78" n1="%E3%81%93%E3%81%B0%E3%81%A1" n2="%E3%83%A9%E3%82%A8%E9%A3%9B%E8%A1%8C%E9%9A%8A" n3="%E3%81%B0%E3%83%BC%E3%81%A1%E3%83%BC%E3%81%B0" dan="18,15,13,15" rate="2126.29,2001.98,1910.12,2000.71" sx="M,M,F,M"/><TAIKYOKU oya="0"/><INIT seed="0,0,0,4,1,34" ten="250,250,250,250" oya="0" hai0="85,7,30,75,45,120,109,80,9,11,15,19,35" hai1="54,74,60,29,49,135,77,66,18,90,113,89,36" hai2="63,121,38,107,70,132,118,97,13,14,95,72,68" hai3="83,17,128,84,114,22,111,115,59,126,42,106,93"/><T103/><D120/><U88/><E113/><V57/><F121/><W91/><G111/><T2/><D109/><U86/><E36/><V130/><F107/><W99/><G128/><T10/><D75/><U31/><E74/><V58/><F130/><W20/><G126/><T131/><D131/><U69/><E18/><V81/><F118/><W32/><G32/><T78/><D103/><U116/><E135/><V125/><F132/><W27/><G42/><T26/><REACH who="0" step="1"/><D45/><REACH who="0" ten="240,250,250,250" step="2"/><U55/><E116/><V112/><F125/><W100/><G59/><T94/><D94/><U51/><E77/><V43/><F112/><W133/><G133/><T53/><D53/><U37/><E55/><V28/><F58/><W40/><G40/><T25/><D25/><U65/><E54/><V5/><F68/><W61/><G61/><T21/><AGARI ba="0,1" hai="2,7,9,10,11,15,19,21,26,30,35,78,80,85" machi="21" ten="20,18000,2" yaku="1,1,0,1,7,1,24,2,52,1,53,0" doraHai="34" doraHaiUra="119" who="0" fromWho="0" sc="240,190,250,-60,250,-60,250,-60" /><INIT seed="0,1,0,2,5,109" ten="430,190,190,190" oya="0" hai0="87,40,107,71,82,51,33,119,16,68,105,73,39" hai1="65,60,47,116,97,77,45,9,78,131,22,101,19" hai2="118,128,55,57,66,125,6,1,49,48,3,54,11" hai3="50,124,91,100,61,95,80,106,83,86,8,126,42"/><T76/><D119/><U44/><E131/><V12/><F118/><W28/><G28/><T31/><D51/><U14/><E116/><V70/><F128/><W29/><G29/><T99/><D16/><U110/><E110/><V115/><F115/><W2/><G61/><T130/><D87/><U25/><E101/><V41/><F125/><N who="3" m="48235" /><G50/><T7/><D7/><U58/><REACH who="1" step="1"/><E97/><REACH who="1" ten="430,180,190,190" step="2"/><V98/><F41/><W24/><G42/><T30/><D99/><U123/><E123/><V43/><F43/><W117/><G117/><T13/><D40/><U75/><E75/><V104/><F66/><W62/><G100/><T113/><D73/><U88/><E88/><V72/><F98/><W92/><G91/><T21/><D130/><U121/><E121/><V90/><F104/><W4/><G106/><T127/><D107/><U79/><E79/><V23/><F90/><W112/><G86/><T81/><D127/><U46/><N who="1" m="11264" /><DORA hai="111" /><U94/><E94/><V108/><F72/><W15/><G92/><T17/><D76/><U122/><E122/><V32/><F108/><W20/><G95/><T5/><D105/><U53/><E53/><V27/><F54/><W56/><G80/><T37/><D82/><U59/><E59/><V129/><F57/><W89/><G89/><T36/><D81/><U85/><E85/><V67/><F55/><W120/><G83/><T96/><D96/><U135/><E135/><V18/><F129/><W64/><G120/><T38/><D38/><U93/><E93/><V74/><F67/><W102/><G64/><T114/><D39/><U69/><E69/><RYUUKYOKU ba="1,1" sc="430,-10,180,30,190,-10,190,-10" hai1="9,14,19,22,25,58,60,65,77,78" /><INIT seed="1,2,1,1,1,85" ten="420,210,180,180" oya="1" hai0="109,60,50,0,87,79,83,108,101,13,5,73,38" hai1="20,117,130,34,6,41,102,55,128,53,124,25,17" hai2="119,2,18,21,63,113,70,49,126,32,26,115,122" hai3="35,96,52,76,31,12,92,9,95,30,43,94,47"/><U16/><E117/><V44/><F119/><W22/><G35/><T45/><D101/><U74/><E74/><V56/><F70/><W77/><G96/><T93/><D60/><U90/><E102/><V46/><F122/><W105/><G105/><T123/><D123/><U23/><E34/><V98/><F98/><W110/><G110/><N who="0" m="42603" /><D0/><U67/><E6/><V8/><F126/><W4/><G22/><T99/><D38/><U14/><E124/><V40/><F32/><W135/><G135/><T111/><D73/><U116/><E116/><V39/><F8/><W48/><REACH who="3" step="1"/><G43/><REACH who="3" ten="420,210,180,170" step="2"/><T127/><D111/><U107/><E107/><V7/><F113/><W51/><G51/><T61/><D50/><U120/><E120/><V112/><F112/><W131/><G131/><N who="1" m="50218" /><E41/><V65/><F115/><W97/><G97/><T118/><D118/><U129/><E129/><V42/><F7/><W68/><G68/><T104/><D104/><U15/><E25/><V57/><F57/><W134/><G134/><T54/><D127/><U33/><E33/><V88/><REACH who="2" step="1"/><F2/><REACH who="2" ten="420,210,170,170" step="2"/><W133/><G133/><T37/><D5/><U125/><E125/><V106/><F106/><W69/><G69/><T10/><D99/><U89/><E67/><V36/><F36/><W86/><G86/><T62/><D37/><U132/><E132/><V28/><F28/><AGARI ba="2,3" hai="4,9,12,28,30,31,47,48,52,76,77,92,94,95" machi="28" ten="40,5200,0" yaku="1,1,8,1,54,1,53,0" doraHai="85" doraHaiUra="103" who="3" fromWho="2" sc="420,0,210,0,170,-58,170,88" /><INIT seed="2,0,0,4,0,13" ten="420,210,112,258" oya="2" hai0="83,16,93,55,28,0,14,91,7,17,9,57,96" hai1="45,40,119,8,43,4,61,22,99,66,50,101,102" hai2="68,122,72,100,120,81,31,106,3,30,98,126,42" hai3="77,35,95,130,62,54,134,23,12,115,111,71,82"/><V5/><F126/><W97/><G111/><T107/><D107/><U108/><E108/><V44/><F68/><W32/><G134/><T73/><D28/><U37/><E119/><V94/><F31/><W109/><G109/><T85/><D0/><U70/><E37/><V29/><F29/><W18/><G130/><T90/><D73/><U64/><E64/><V124/><F30/><W67/><G54/><T69/><D69/><U80/><E80/><V76/><F94/><W78/><G115/><T79/><D79/><U92/><E22/><V89/><F89/><W52/><G52/><T87/><D96/><U58/><E70/><V11/><REACH who="2" step="1"/><F124/><REACH who="2" ten="420,210,102,258" step="2"/><W75/><G78/><T132/><D132/><U84/><E102/><AGARI ba="0,1" hai="12,18,23,32,35,62,67,71,75,77,82,95,97,102" machi="102" ten="30,2000,0" yaku="7,1,52,1" doraHai="13" who="3" fromWho="1" sc="420,0,210,-20,102,0,258,30" /><INIT seed="3,0,0,1,1,134" ten="420,190,102,288" oya="3" hai0="95,108,10,21,99,67,94,79,54,26,43,103,9" hai1="25,119,17,14,62,80,118,52,7,23,66,20,50" hai2="45,104,1,122,33,49,57,51,37,97,2,77,27" hai3="90,101,84,5,29,39,89,127,58,3,128,74,131"/><W18/><G74/><T28/><D108/><U82/><E118/><V102/><F122/><W98/><G39/><T36/><D79/><U93/><E7/><V75/><F37/><W107/><G29/><T38/><D54/><U120/><E119/><V70/><F70/><W124/><G18/><T76/><D76/><U123/><E123/><V86/><F75/><W85/><G58/><T69/><D38/><U91/><E62/><V135/><F135/><W0/><G85/><T126/><D95/><U6/><E66/><V112/><F112/><W15/><G15/><T100/><D100/><U8/><E23/><V115/><F115/><W53/><G53/><T92/><D92/><U105/><E105/><V44/><F57/><W83/><G90/><T96/><D96/><U116/><E120/><V48/><F86/><W72/><G72/><T133/><D133/><U81/><E116/><V114/><F77/><W121/><G121/><T68/><D68/><U64/><E64/><V111/><F111/><W61/><G61/><T130/><D67/><U19/><E17/><V78/><F78/><W41/><G41/><T60/><D43/><U117/><E117/><V132/><F132/><W110/><G110/><T35/><D36/><U32/><E32/><V16/><F114/><W63/><G63/><T34/><D34/><U47/><REACH who="1" step="1"/><E81/><REACH who="1" ten="420,180,102,288" step="2"/><V13/><F33/><W55/><G5/><T22/><D35/><U12/><E12/><V125/><F104/><W109/><G109/><T4/><D4/><U30/><E30/><V24/><F2/><N who="3" m="555" /><G55/><T65/><D65/><U31/><E31/><RYUUKYOKU ba="0,1" sc="420,-15,180,15,102,-15,288,15" hai1="6,8,14,19,20,25,47,50,52,80,82,91,93" hai3="83,84,89,98,101,107,124,127,128,131" /><INIT seed="3,1,1,3,3,20" ten="405,195,87,303" oya="3" hai0="37,73,34,41,24,105,130,100,116,98,32,11,85" hai1="12,42,49,78,108,75,58,104,3,4,19,114,39" hai2="21,45,28,120,61,94,60,48,99,65,18,59,26" hai3="91,35,80,53,103,52,128,83,95,15,36,17,66"/><W67/><G36/><T9/><D85/><U93/><E104/><V109/><F109/><W132/><G35/><T115/><D116/><U1/><E93/><V29/><F61/><W27/><G132/><T2/><D11/><U71/><E71/><V112/><F120/><W51/><G128/><T81/><D115/><U106/><E106/><V7/><F7/><W127/><G127/><T113/><D113/><U123/><E108/><V118/><F118/><W135/><G135/><T30/><D130/><U5/><E3/><V111/><F111/><W88/><G27/><T54/><D54/><N who="3" m="21097" /><G51/><T77/><D34/><U40/><E49/><V122/><F122/><W86/><G103/><T89/><D89/><U69/><E39/><V97/><F97/><N who="3" m="57599" /><G80/><T68/><D37/><U107/><E107/><V57/><F57/><W55/><N who="3" m="21105" /><W14/><DORA hai="82" /><G14/><T87/><D41/><U31/><E12/><V96/><F96/><W90/><G90/><T70/><D87/><U101/><E42/><N who="2" m="24631" /><F112/><W23/><AGARI ba="1,1" hai="15,17,23,66,67,83,86,88" m="57599,21105" machi="23" ten="30,11700,0" yaku="8,1,52,1,54,2" doraHai="20,82" who="3" fromWho="3" sc="405,-40,195,-40,87,-40,303,130" /><INIT seed="3,2,0,1,4,11" ten="365,155,47,433" oya="3" hai0="92,84,49,30,61,67,48,44,55,35,8,130,134" hai1="58,119,115,89,94,78,66,87,15,81,12,5,129" hai2="2,32,25,70,27,59,4,103,98,43,122,96,52" hai3="0,69,111,33,117,132,93,110,24,85,54,26,17"/><W62/><G117/><T131/><D30/><U104/><E115/><V86/><F70/><W108/><G132/><T10/><D35/><U65/><E104/><V80/><F122/><W133/><G133/><T46/><D84/><N who="1" m="48183" /><E129/><N who="0" m="49161" /><D92/><U99/><E119/><V60/><F32/><W79/><G0/><T125/><D10/><U7/><E87/><V57/><F43/><W83/><G33/><T77/><D8/><U106/><E106/><V121/><F4/><N who="1" m="1609" /><E58/><V91/><F2/><W90/><G17/><T88/><D88/><U102/><E89/><V1/><F1/><W100/><G100/><T56/><D77/><U42/><E42/><V127/><F127/><W50/><G62/><T71/><D134/><U36/><E36/><V40/><F40/><W29/><G29/><T124/><D49/><U126/><E126/><AGARI ba="2,0" hai="44,46,48,55,56,61,67,71,124,125,126" m="49161" machi="126" ten="30,7700,0" yaku="18,1,19,1,34,2" doraHai="11" who="0" fromWho="1" sc="365,83,155,-83,47,0,433,0" /><INIT seed="4,0,0,1,2,100" ten="448,72,47,433" oya="0" hai0="70,89,113,34,52,94,57,26,21,66,20,48,126" hai1="125,51,41,39,4,91,101,2,19,36,119,121,134" hai2="14,72,78,81,3,105,124,131,65,30,33,31,133" hai3="0,5,69,24,16,128,18,88,109,71,45,8,82"/><T86/><D113/><U103/><E121/><V93/><F3/><W40/><G109/><T67/><D126/><U49/><E119/><V10/><F124/><W25/><G128/><T96/><D70/><U46/><E134/><V123/><F133/><W115/><G115/><T80/><D34/><U23/><E39/><V112/><F112/><W129/><G129/><T60/><D48/><U47/><E51/><V116/><F116/><W73/><G24/><T61/><D61/><U28/><E28/><V32/><F65/><W27/><G27/><T74/><D74/><U98/><E4/><V53/><F123/><W117/><G117/><T13/><D13/><U92/><E2/><V59/><F131/><W44/><G44/><T29/><REACH who="0" step="1"/><D21/><REACH who="0" ten="438,72,47,433" step="2"/><U42/><E125/><V38/><F33/><W132/><G132/><T95/><D95/><U35/><E35/><V97/><F32/><W85/><G73/><T104/><D104/><U120/><E120/><V55/><F105/><W64/><G64/><T87/><D87/><U99/><E99/><V62/><F38/><W63/><G63/><T54/><D54/><U111/><E111/><V68/><F53/><W22/><REACH who="3" step="1"/><G18/><REACH who="3" ten="438,72,47,423" step="2"/><T58/><D58/><U77/><E19/><V1/><F59/><W56/><G56/><T7/><D7/><U75/><E75/><V102/><F72/><W108/><G108/><T50/><D50/><AGARI ba="0,2" hai="0,5,8,16,22,25,40,45,50,69,71,82,85,88" machi="50" ten="30,7700,0" yaku="1,1,7,1,54,2,53,0" doraHai="100" doraHaiUra="9" who="3" fromWho="0" sc="438,-77,72,0,47,0,423,97" /><INIT seed="5,0,0,3,5,29" ten="361,72,47,520" oya="1" hai0="2,54,113,73,47,35,19,75,15,124,112,44,16" hai1="100,99,132,117,121,135,106,36,30,43,6,8,122" hai2="84,102,91,83,66,51,1,114,126,9,95,24,93" hai3="4,34,105,53,32,61,59,65,46,104,111,115,50"/><U64/><E117/><V78/><F114/><N who="0" m="44138" /><D2/><N who="1" m="87" /><E64/><V94/><F126/><W22/><G115/><T45/><D124/><U12/><E12/><V5/><F51/><W103/><G111/><T128/><D128/><U25/><E43/><V98/><F24/><W108/><G108/><T10/><D54/><U62/><E62/><V116/><F116/><W27/><G4/><T131/><D131/><U125/><E36/><V58/><REACH who="2" step="1"/><F78/><REACH who="2" ten="361,72,37,520" step="2"/><W81/><G50/><T55/><D47/><U0/><E125/><V69/><F69/><W120/><G46/><T13/><D45/><U92/><E122/><V129/><F129/><W31/><G120/><T109/><D109/><U37/><E37/><V118/><F118/><W20/><G27/><T42/><D42/><U21/><E121/><V110/><F110/><W70/><G70/><T74/><D44/><U52/><E0/><V14/><F14/><W18/><G61/><AGARI ba="0,1" hai="1,5,9,58,61,66,83,84,91,93,94,95,98,102" machi="61" ten="40,1300,0" yaku="1,1,53,0" doraHai="29" doraHaiUra="101" who="2" fromWho="3" sc="361,0,72,0,37,23,520,-13" /><INIT seed="6,0,0,0,1,81" ten="361,72,60,507" oya="2" hai0="97,43,29,126,2,110,32,72,17,79,104,127,23" hai1="111,74,45,66,64,105,84,92,27,112,12,15,93" hai2="69,121,128,67,55,96,11,8,102,18,91,14,36" hai3="82,116,119,58,63,131,62,108,38,24,65,99,51"/><V52/><F121/><W46/><G108/><T90/><D43/><U33/><E74/><V124/><F124/><W3/><G3/><T113/><D32/><U101/><E105/><V125/><F125/><W57/><G38/><T95/><D29/><U98/><E33/><V4/><F36/><W35/><G82/><T54/><D113/><U25/><E112/><V135/><F135/><W132/><G132/><T103/><D110/><U22/><E45/><V115/><F115/><W134/><G134/><T78/><D2/><U80/><E93/><V68/><F128/><W56/><G56/><T106/><D54/><U61/><E25/><V120/><F120/><W118/><G131/><T48/><D48/><U41/><E41/><V9/><F9/><W16/><G99/><T117/><D117/><U47/><E47/><V1/><F91/><W20/><G35/><T30/><D30/><N who="1" m="17783" /><E111/><V85/><F85/><W60/><G58/><T31/><D31/><U123/><E123/><V53/><REACH who="2" step="1"/><F67/><REACH who="2" ten="361,72,50,507" step="2"/><N who="1" m="25641" /><E61/><V100/><F100/><W122/><G122/><T71/><D127/><U114/><E114/><V129/><F129/><W107/><G65/><T6/><D126/><U34/><E34/><V42/><F42/><W13/><G63/><T89/><D103/><U37/><E37/><V40/><F40/><W26/><G62/><T87/><D90/><AGARI ba="0,1" hai="12,15,80,84,90,92,98,101" m="25641,17783" machi="90" ten="30,2000,0" yaku="8,1,52,1" doraHai="81" who="1" fromWho="0" sc="361,-20,72,30,50,0,507,0" /><INIT seed="7,0,0,4,0,51" ten="341,102,50,507" oya="3" hai0="99,97,2,93,128,5,107,120,80,76,59,37,106" hai1="102,105,72,94,36,17,135,134,129,1,19,27,4" hai2="84,113,116,21,126,117,10,61,127,9,3,103,8" hai3="83,115,87,18,52,53,130,66,50,77,38,73,16"/><W100/><G38/><T81/><D5/><U54/><E72/><V86/><F61/><W41/><G100/><T114/><D37/><U65/><E105/><V68/><F68/><W44/><G130/><T88/><D59/><U43/><E65/><V98/><F3/><W55/><G115/><T63/><D63/><U82/><E82/><V13/><F113/><W35/><G35/><T90/><D2/><U92/><E4/><V131/><F131/><W110/><G110/><T29/><D29/><U58/><E1/><V23/><F13/><W42/><G73/><T70/><D70/><U78/><E78/><V132/><F132/><W39/><G39/><T64/><D64/><U14/><E27/><V69/><F69/><W33/><G33/><T6/><D6/><U85/><E102/><V20/><F103/><W104/><G104/><T67/><D67/><U40/><E36/><V45/><F45/><W125/><G125/><T111/><D128/><U56/><E129/><V60/><F60/><W71/><G71/><T109/><D114/><U118/><E118/><N who="2" m="45675" /><F98/><W34/><G34/><T11/><D11/><U48/><E58/><V75/><F75/><W7/><G66/><T119/><D119/><U122/><E56/><V28/><F28/><W91/><G7/><T22/><D22/><U89/><E43/><N who="3" m="16394" /><G77/><T32/><D32/><U121/><E40/><AGARI ba="0,0" hai="16,18,40,44,50,52,53,55,83,87,91" m="16394" machi="40" ten="30,18000,2" yaku="8,1,52,3,54,2" doraHai="51" who="3" fromWho="1" sc="341,0,102,-180,50,0,507,180" owari="341,14.0,-78,-58.0,50,-35.0,687,79.0" /></mjloggm>