<mjloggm ver="2.3"><GO type="41" lobby="0"/><UN n0="%E5%A4%8F%E7%A9%82%E3%81%AE%E5%A3%AE%E9%9A%BC%E3%81%AE%E6%97%A5%E3%80%85" n1="%6E%6F%62%75%6F%32%30" n2="%54%61%6B%6B%75" n3="%E2%93%9D%53%75%70%68%78" dan="14,13,14,19" rate="1985.68,1860.23,1852.48,2075.29" sx="M,M,M,M"/><TAIKYOKU oya="0"/><INIT seed="0,0,0,1,0,28" ten="250,250,250,250" oya="0" hai0="107,43,40,45,44,41,97,104,64,101,108,103,125" hai1="100,27,4,42,59,102,1,47,31,48,30,46,69" hai2="111,24,73,54,135,91,5,37,118,109,6,132,115" hai3="82,133,49,128,99,29,113,35,81,67,55,9,110"/><T127/><D64/><U88/><E69/><V124/><F37/><W38/><G113/><T0/><D0/><U53/><E4/><V78/><F115/><W76/><G38/><T93/><D108/><N who="2" m="41546" /><F73/><W126/><G128/><T25/><D25/><U120/><E1/><V74/><F74/><W34/><G133/><N who="2" m="51273" /><F78/><W39/><G126/><N who="0" m="48139" /><D93/><U114/><E114/><V121/><F121/><W11/><G39/><T66/><D66/><U3/><E3/><V79/><F79/><W98/><G67/><T10/><D10/><U26/><E120/><V18/><F91/><W95/><G110/><T2/><D2/><U72/><E72/><V61/><F118/><W106/><G76/><T33/><D33/><U65/><E65/><V52/><F124/><W22/><G35/><T90/><D90/><U85/><E102/><N who="0" m="38921" /><D97/><U57/><E100/><V117/><F117/><W119/><G99/><T32/><D32/><U20/><E88/><V16/><F24/><W80/><G119/><T36/><D36/><U105/><E85/><V77/><F77/><W87/><G87/><T89/><D89/><U51/><E105/><AGARI ba="0,0" hai="40,41,43,44,45,104,105,107" m="38921,48139" machi="105" ten="40,7700,0" yaku="28,2,18,1" doraHai="28" who="0" fromWho="1" sc="250,77,250,-77,250,0,250,0" /><INIT seed="0,1,0,3,5,58" ten="327,173,250,250" oya="0" hai0="38,97,85,72,86,50,79,103,55,68,130,84,109" hai1="75,71,100,61,120,119,112,27,10,45,125,105,80" hai2="65,30,56,106,96,62,70,33,126,95,6,42,49" hai3="114,46,36,108,60,12,40,2,22,111,64,76,11"/><T88/><D68/><U59/><E120/><V135/><F6/><W5/><G114/><T117/><D38/><U32/><E119/><V110/><F110/><W99/><G99/><T87/><D55/><U63/><E45/><V16/><F126/><W89/><G89/><T94/><D50/><U101/><E10/><V121/><F121/><W28/><G76/><T98/><D117/><U113/><E125/><V21/><F106/><W44/><G44/><T4/><D4/><U92/><E59/><V104/><F104/><W90/><G90/><T34/><D34/><U67/><E61/><V51/><F33/><W35/><G22/><T7/><D7/><U39/><E39/><V15/><F30/><W48/><G12/><T74/><D130/><U115/><E92/><V134/><F70/><N who="3" m="42247" /><G48/><T3/><D3/><U9/><E9/><V1/><F1/><W118/><G118/><T47/><D47/><U0/><E0/><V93/><F93/><W102/><G102/><T81/><D109/><U69/><E69/><V124/><F42/><W19/><G19/><T132/><D132/><N who="2" m="50730" /><F124/><W23/><G23/><T133/><D133/><U83/><E105/><AGARI ba="1,0" hai="72,74,79,81,84,85,86,87,88,94,97,98,103,105" machi="105" ten="40,18000,2" yaku="35,6,54,1" doraHai="58" who="0" fromWho="1" sc="327,183,173,-183,250,0,250,0" owari="510,61.0,-10,-51.0,250,5.0,250,-15.0" /></mjloggm>