<mjloggm ver="2.3"><GO type="41" lobby="0"/><UN n0="%28%C2%B4%E3%81%B8%CE%B5%E3%81%B8%60%2A%29" n1="%6B%75%73%73%75%6E" n2="%E2%93%9D%53%75%70%68%78" n3="%E3%81%AD%E3%81%93%E9%81%93%E6%A5%BD" dan="13,16,18,14" rate="1901.74,1998.62,2125.70,1892.99" sx="F,M,M,M"/><TAIKYOKU oya="0"/><INIT seed="0,0,0,2,2,107" ten="250,250,250,250" oya="0" hai0="13,110,101,52,86,75,25,10,45,83,1,105,57" hai1="22,65,68,95,92,42,9,108,73,129,6,117,87" hai2="114,130,82,56,66,74,29,61,91,120,132,51,58" hai3="36,15,11,38,79,47,3,119,67,44,77,32,85"/><T69/><BYE who="1" /><D110/><U89/><E89/><V60/><F120/><W81/><G119/><T128/><D69/><U70/><E70/><V64/><F114/><W131/><G32/><T122/><D128/><U14/><E14/><V24/><F132/><W35/><G35/><T16/><D122/><U8/><E8/><V127/><F127/><W18/><G131/><T80/><D1/><U88/><E88/><V62/><F130/><W28/><G28/><T112/><D112/><U27/><E27/><V111/><F111/><W48/><G67/><T84/><D25/><U97/><E97/><V23/><F51/><W99/><G99/><T37/><D101/><U124/><E124/><V7/><F7/><W118/><G118/><T49/><D105/><U93/><E93/><V134/><F62/><W135/><G135/><T104/><D104/><U20/><E20/><V54/><F54/><W30/><G30/><T26/><D26/><U41/><E41/><V78/><F91/><W113/><G113/><T72/><D37/><U133/><E133/><V115/><F115/><W98/><G98/><T106/><D106/><U46/><E46/><V59/><F134/><W125/><G125/><T12/><D57/><U53/><E53/><V21/><F59/><W71/><G71/><T100/><D100/><U5/><E5/><V103/><F103/><W43/><G3/><T33/><D33/><AGARI ba="0,0" hai="21,23,24,29,33,56,58,60,61,64,66,74,78,82" machi="33" ten="30,3900,0" yaku="7,1,9,1,52,1" doraHai="107" who="2" fromWho="0" sc="250,-39,250,0,250,39,250,0" /><INIT seed="1,0,0,2,0,113" ten="211,250,289,250" oya="1" hai0="120,46,80,61,124,27,32,28,62,52,100,97,5" hai1="21,114,86,49,55,12,122,91,131,63,50,41,101" hai2="111,110,34,54,105,19,64,70,81,128,58,23,133" hai3="51,72,13,90,1,15,116,117,24,44,31,125,118"/><U87/><E87/><V109/><F34/><W4/><G125/><T48/><D124/><U17/><E17/><V126/><F126/><W3/><G72/><T60/><D120/><U73/><E73/><V30/><F105/><W66/><G66/><T9/><D80/><U74/><E74/><V59/><F30/><W26/><G90/><T38/><D38/><U96/><E96/><V40/><F133/><W36/><G36/><T22/><D32/><U6/><E6/><V39/><F128/><W10/><G15/><T130/><D130/><U45/><E45/><N who="2" m="23711" /><F54/><N who="3" m="30055" /><G26/><T42/><D42/><U8/><E8/><V78/><F70/><W11/><G11/><T43/><D43/><U104/><E104/><V69/><F64/><W82/><G82/><T123/><D123/><U83/><E83/><V35/><F69/><W112/><G112/><T99/><REACH who="0" step="1"/><D100/><REACH who="0" ten="201,250,289,250" step="2"/><U92/><E92/><V102/><F102/><W79/><G79/><T53/><D53/><U67/><E67/><V94/><F94/><W57/><G57/><T7/><D7/><U84/><E84/><N who="2" m="48183" /><F35/><AGARI ba="0,1" hai="1,3,4,10,13,24,31,35,116,117,118" m="30055" machi="35" ten="30,7700,0" yaku="12,1,52,3" doraHai="113" who="3" fromWho="2" sc="201,0,250,0,289,-77,250,87" /><INIT seed="2,0,0,3,4,54" ten="201,250,212,337" oya="2" hai0="65,33,119,31,39,34,19,22,117,100,0,75,96" hai1="48,88,104,72,62,110,32,79,133,68,77,69,20" hai2="90,36,37,30,59,83,64,67,106,15,115,109,87" hai3="71,57,131,63,120,105,47,116,9,74,122,134,43"/><V95/><F106/><W99/><G74/><T3/><D39/><U2/><E2/><V127/><F115/><W16/><G116/><N who="0" m="44619" /><D75/><U108/><E108/><V1/><F1/><N who="0" m="586" /><D65/><U4/><E4/><V94/><F127/><W118/><G71/><T11/><D96/><U102/><E102/><V45/><F109/><W53/><G118/><T23/><D100/><U29/><E29/><V112/><F30/><W98/><G131/><T82/><D82/><U70/><E70/><V113/><F113/><W114/><G134/><T56/><D56/><U86/><E86/><V55/><F37/><W17/><G114/><T93/><D93/><N who="2" m="35338" /><F36/><W35/><G35/><N who="0" m="13323" /><D31/><U107/><E107/><V124/><F124/><W130/><G99/><T84/><D84/><U49/><E49/><N who="2" m="29103" /><F112/><W41/><G98/><T18/><D11/><U52/><E52/><V26/><F67/><W111/><G111/><T85/><D85/><U89/><E89/><V76/><F90/><W129/><G43/><T44/><D44/><U125/><E125/><V66/><F66/><W132/><G41/><T25/><D25/><U60/><E60/><N who="2" m="37919" /><F26/><W135/><G47/><T13/><D13/><AGARI ba="0,0" hai="13,15,76,83,87" m="37919,29103,35338" machi="13" ten="30,2900,0" yaku="8,1,52,1" doraHai="54" who="2" fromWho="0" sc="201,-29,250,0,212,29,337,0" /><INIT seed="2,1,0,3,0,30" ten="172,250,241,337" oya="2" hai0="124,38,14,10,67,6,101,5,114,69,122,36,75" hai1="96,35,63,82,11,1,98,54,125,84,88,24,27" hai2="34,90,131,7,22,37,99,78,120,61,43,56,130" hai3="18,116,118,86,112,19,70,74,33,95,106,46,102"/><V93/><F120/><W3/><G3/><T123/><D124/><U81/><E81/><V107/><F7/><W48/><G70/><T105/><D114/><U44/><E44/><V25/><F78/><W53/><G33/><T71/><D75/><U68/><E68/><V94/><F107/><W128/><G112/><T109/><D101/><U47/><E47/><V45/><F94/><W39/><G39/><T117/><D67/><U2/><E2/><V65/><REACH who="2" step="1"/><F34/><REACH who="2" ten="172,250,231,337" step="2"/><W13/><G106/><T66/><D105/><U132/><E132/><V16/><AGARI ba="1,1" hai="16,22,25,37,43,45,56,61,65,90,93,99,130,131" machi="16" ten="30,11700,0" yaku="1,1,2,1,0,1,54,1,53,0" doraHai="30" doraHaiUra="103" who="2" fromWho="2" sc="172,-40,250,-40,231,130,337,-40" /><INIT seed="2,2,0,1,3,100" ten="132,210,361,297" oya="2" hai0="86,82,41,66,104,2,96,132,120,85,25,16,4" hai1="89,90,70,37,130,60,99,54,56,108,24,18,17" hai2="123,131,84,135,127,94,0,67,15,83,6,40,58" hai3="31,29,116,65,21,122,92,32,5,101,91,113,10"/><V110/><F123/><W14/><G116/><T107/><D132/><U55/><E55/><V97/><F0/><W77/><G122/><T26/><D41/><U106/><E106/><V43/><F131/><W102/><G113/><T38/><D38/><U78/><E78/><V27/><F127/><W124/><G124/><T30/><D85/><U63/><E63/><V71/><F71/><W62/><G32/><T39/><D39/><U133/><E133/><V93/><F27/><N who="3" m="16623" /><G77/><T7/><D66/><U115/><E115/><V98/><F110/><W61/><G31/><T3/><D96/><U35/><E35/><V19/><F6/><W47/><G47/><T44/><D44/><U23/><E23/><V36/><F36/><W134/><G134/><T114/><D114/><U64/><E64/><V50/><F135/><W34/><G34/><T119/><D30/><U11/><E11/><V53/><F67/><W59/><G62/><T79/><D120/><U118/><E118/><V33/><F33/><W57/><G57/><T75/><D86/><AGARI ba="2,0" hai="5,10,14,59,61,65,86,91,92,101,102" m="16623" machi="86" ten="30,1000,0" yaku="8,1" doraHai="100" who="3" fromWho="0" sc="132,-16,210,0,361,0,297,16" /><INIT seed="3,0,0,1,1,83" ten="116,210,361,313" oya="3" hai0="38,135,29,49,55,114,84,74,61,51,52,32,16" hai1="78,0,30,119,133,48,14,64,116,62,63,40,92" hai2="42,80,71,103,54,79,125,81,69,132,111,8,47" hai3="36,123,129,5,100,23,122,58,112,39,57,15,109"/><W27/><G112/><T56/><D38/><U108/><E108/><V7/><F81/><W82/><G100/><T102/><D74/><U25/><E25/><V26/><F54/><W76/><G109/><T46/><D135/><U66/><E66/><V53/><F53/><W87/><G129/><T59/><D102/><U113/><E113/><V124/><F26/><W20/><G39/><T118/><D118/><U67/><E67/><V104/><F132/><W24/><G36/><T128/><D128/><U65/><E65/><V50/><F111/><W70/><G70/><T43/><D29/><U2/><E2/><N who="2" m="119" /><F103/><W19/><G123/><T75/><D32/><U77/><E77/><V45/><F45/><W94/><G94/><T60/><D75/><U101/><E101/><V44/><F44/><W17/><G122/><T95/><D114/><U22/><E22/><V91/><F91/><W121/><G121/><T120/><D120/><U13/><E13/><V106/><F71/><W68/><G68/><T117/><D117/><U37/><E37/><V105/><F69/><W73/><G73/><T9/><D49/><U127/><E127/><N who="2" m="48715" /><F106/><W12/><G5/><T35/><D35/><U34/><E34/><V89/><F89/><W28/><G28/><T90/><D9/><U10/><E10/><V115/><F115/><W88/><G76/><T130/><D130/><U107/><E107/><V85/><AGARI ba="0,0" hai="42,47,50,79,80,85,104,105" m="48715,119" machi="85" ten="30,2000,0" yaku="18,1,52,1" doraHai="83" who="2" fromWho="2" sc="116,-5,210,-5,361,20,313,-10" /><INIT seed="4,0,0,4,5,128" ten="111,205,381,303" oya="0" hai0="70,34,61,45,36,110,3,65,8,109,24,97,13" hai1="86,48,40,18,69,90,121,77,118,12,38,58,41" hai2="5,120,126,74,108,56,135,99,107,15,72,114,92" hai3="6,106,80,125,33,122,29,103,60,133,116,73,67"/><T104/><D3/><U10/><E10/><V115/><F108/><W81/><G116/><T111/><D36/><U27/><E27/><V93/><F56/><W53/><G53/><T119/><D119/><U134/><E134/><V131/><F5/><W7/><G125/><T49/><D104/><U62/><E62/><V113/><F15/><W1/><G122/><T19/><D97/><U66/><E66/><V85/><F131/><W4/><G1/><T55/><D34/><U75/><E75/><N who="2" m="28715" /><F120/><W17/><G17/><T132/><REACH who="0" step="1"/><D24/><REACH who="0" ten="101,205,381,303" step="2"/><U46/><E46/><V42/><F107/><W21/><G33/><T95/><D95/><U11/><E11/><V0/><F93/><W101/><G106/><T16/><D16/><U28/><E28/><V31/><F31/><W87/><G29/><T78/><D78/><U9/><E9/><V20/><F92/><W23/><G4/><T124/><D124/><U54/><E54/><V76/><F76/><W89/><G6/><T100/><D100/><U71/><E71/><V2/><F126/><W112/><G103/><T39/><D39/><U83/><E83/><V123/><F123/><W14/><G81/><T30/><D30/><U50/><E50/><V96/><F115/><W32/><G80/><T22/><D22/><U64/><E64/><V51/><F114/><W88/><G67/><T79/><D79/><U105/><E105/><V63/><F113/><W68/><G7/><T57/><D57/><U127/><E127/><V37/><F2/><W129/><G112/><T43/><D43/><U25/><E25/><V98/><F42/><RYUUKYOKU ba="0,1" sc="101,30,205,-10,381,-10,303,-10" hai0="8,13,19,45,49,55,61,65,70,109,110,111,132" /><INIT seed="4,1,1,3,2,23" ten="131,195,371,293" oya="0" hai0="118,105,132,30,122,114,86,49,79,65,40,21,93" hai1="120,102,39,72,107,24,131,51,1,6,68,69,55" hai2="53,83,64,89,54,99,27,63,85,31,108,62,37" hai3="43,10,45,98,17,91,46,103,15,112,18,135,3"/><T117/><D122/><U4/><E4/><V47/><F108/><W134/><G112/><T75/><D105/><U19/><E19/><V52/><F37/><W36/><G3/><T29/><D114/><U100/><E100/><V13/><F13/><W77/><G77/><T130/><D75/><U123/><E123/><V59/><F99/><W73/><G73/><T121/><D121/><U81/><E81/><V61/><REACH who="2" step="1"/><F47/><REACH who="2" ten="131,195,361,293" step="2"/><W110/><G110/><T67/><D130/><U8/><E8/><V104/><F104/><W44/><G44/><N who="0" m="25735" /><D132/><U32/><E32/><AGARI ba="1,2" hai="27,31,32,52,53,54,59,61,62,63,64,83,85,89" machi="32" ten="40,5200,0" yaku="1,1,52,1,54,1,53,0" doraHai="23" doraHaiUra="124" who="2" fromWho="1" sc="131,0,195,-55,361,75,293,0" /><INIT seed="5,0,0,4,3,22" ten="131,140,436,293" oya="1" hai0="40,18,20,31,98,57,101,58,12,111,109,76,23" hai1="3,128,19,67,75,64,24,95,21,55,73,122,37" hai2="127,68,121,105,132,6,9,104,38,29,84,107,34" hai3="28,47,90,61,63,26,106,54,113,39,52,91,42"/><U108/><E108/><V48/><F38/><W71/><G106/><T102/><D76/><U66/><E66/><V60/><F132/><W116/><G113/><T96/><D40/><U99/><E99/><V43/><F127/><W134/><G134/><T30/><D12/><U82/><E82/><V78/><F29/><W7/><G7/><T85/><D85/><U83/><E83/><V2/><F34/><W8/><G8/><T74/><REACH who="0" step="1"/><D18/><REACH who="0" ten="121,140,436,293" step="2"/><U65/><E65/><V27/><F43/><W51/><G116/><T130/><D130/><U80/><E80/><V35/><F84/><W112/><G112/><T123/><D123/><U0/><E0/><V97/><F2/><W10/><G42/><T124/><D124/><U41/><E41/><V14/><F14/><W53/><G39/><T118/><D118/><U45/><E45/><V120/><F120/><W100/><G28/><T44/><D44/><U92/><E92/><V15/><F107/><W33/><G47/><T4/><D4/><U129/><E129/><V69/><F105/><W59/><G54/><T16/><D16/><U94/><E94/><V46/><F104/><W36/><G53/><T110/><D110/><U13/><E13/><V131/><F131/><W70/><G52/><T56/><D56/><U49/><E49/><V5/><F121/><W133/><G59/><T114/><D114/><U103/><E103/><V86/><F6/><W72/><G51/><T88/><D88/><U87/><E87/><V81/><F48/><W115/><G115/><T50/><D50/><U79/><E79/><V125/><F46/><RYUUKYOKU ba="0,1" sc="121,30,140,-10,436,-10,293,-10" hai0="20,23,30,31,57,58,74,96,98,101,102,109,111" /><INIT seed="6,1,1,0,3,94" ten="151,130,426,283" oya="2" hai0="72,3,85,77,34,19,13,8,74,63,128,114,134" hai1="10,73,49,103,37,109,76,25,17,23,5,119,29" hai2="84,122,52,112,38,45,54,16,123,50,22,116,59" hai3="62,32,130,1,27,14,68,61,99,4,127,113,89"/><V118/><F84/><W12/><G1/><T15/><D128/><U24/><E24/><V131/><F22/><W55/><G130/><T51/><D134/><U121/><E121/><N who="2" m="46091" /><F16/><W56/><G68/><T0/><D34/><U39/><E39/><V70/><F131/><W117/><G117/><N who="2" m="45161" /><F70/><W115/><G127/><T82/><D114/><N who="3" m="43529" /><G27/><T105/><D105/><U104/><E104/><V125/><F112/><W80/><G32/><T6/><D72/><U132/><E132/><V129/><F129/><W92/><G80/><T18/><D74/><U75/><E75/><V135/><F135/><W66/><G66/><T97/><D97/><U83/><E83/><V11/><F11/><N who="3" m="4199" /><G14/><T101/><D13/><U65/><E65/><V46/><F125/><W111/><G111/><T120/><D15/><U133/><E133/><V57/><F38/><W124/><G124/><T78/><D82/><U87/><E87/><V69/><F69/><W47/><G47/><T36/><D85/><U20/><E20/><V33/><F33/><W31/><G31/><T41/><D0/><U53/><E53/><V126/><F126/><W43/><G43/><T88/><D41/><U28/><E28/><V106/><F54/><W26/><G26/><T64/><D3/><U102/><E102/><V100/><F46/><W67/><G67/><T90/><D101/><U58/><E58/><N who="2" m="22027" /><F100/><W35/><G35/><T7/><D6/><U81/><E81/><V107/><F45/><W44/><G44/><T48/><D7/><U60/><E60/><AGARI ba="1,1" hai="55,56,60,61,62,89,92,99" m="4199,43529" machi="60" ten="30,3900,0" yaku="15,1,11,1,52,1" doraHai="94" who="3" fromWho="1" sc="151,0,130,-42,426,0,283,52" /><INIT seed="7,0,0,2,0,128" ten="151,88,426,335" oya="3" hai0="26,33,77,103,35,133,100,44,84,80,0,114,132" hai1="3,53,19,11,59,34,2,115,54,98,99,13,28" hai2="32,113,61,83,122,86,58,31,73,104,87,29,21" hai3="123,95,46,94,10,117,57,79,71,110,108,24,5"/><W30/><G71/><T88/><D114/><U131/><E131/><V8/><F104/><W90/><G123/><T101/><D0/><U85/><E85/><V56/><F32/><W92/><G79/><T4/><D4/><U12/><E12/><V49/><F73/><W72/><G46/><T41/><D77/><U22/><E22/><V135/><F49/><W9/><G57/><T27/><D44/><U39/><E39/><V16/><F113/><W55/><G55/><T121/><D41/><U63/><E63/><V43/><F87/><W105/><G105/><T14/><D14/><U40/><E40/><V96/><F96/><W65/><G65/><T25/><REACH who="0" step="1"/><D121/><REACH who="0" ten="141,88,426,335" step="2"/><U93/><E93/><V6/><F6/><W76/><G5/><T47/><D47/><U45/><E45/><V82/><F122/><W52/><G95/><T42/><D42/><U119/><E119/><V70/><F43/><W118/><G94/><T64/><D64/><U74/><E74/><V62/><F83/><W126/><G92/><T134/><AGARI ba="0,1" hai="25,26,27,33,35,80,84,88,100,101,103,132,133,134" machi="134" ten="40,16000,3" yaku="1,1,0,1,29,2,20,1,52,3,54,1,53,0" doraHai="128" doraHaiUra="48" who="0" fromWho="0" sc="141,170,88,-40,426,-40,335,-80" owari="311,11.0,48,-45.0,386,48.0,255,-14.0" /></mjloggm>