<mjloggm ver="2.3"><GO type="41" lobby="0"/><UN n0="%74%61%6B%65%72%73%73%73" n1="%E2%93%9D%53%75%70%68%78" n2="%74%69%6D%61%73%61%6E" n3="%E3%81%BB%E3%81%A3%E3%81%8F%E3%82%93" dan="14,18,13,13" rate="1975.25,2046.19,1841.79,1836.86" sx="M,M,M,M"/><TAIKYOKU oya="0"/><INIT seed="0,0,0,4,0,26" ten="250,250,250,250" oya="0" hai0="46,88,39,95,45,79,83,120,102,42,65,125,8" hai1="96,84,104,3,90,127,1,81,48,38,30,115,28" hai2="15,106,62,119,94,54,23,37,64,68,131,92,71" hai3="2,40,116,35,133,34,134,72,27,22,121,32,41"/><T29/><D125/><U52/><E38/><V57/><F106/><W130/><G72/><T124/><D120/><U126/><E115/><V77/><F77/><W44/><G121/><T105/><D124/><N who="1" m="47659" /><E104/><V122/><F37/><W6/><G116/><T10/><D46/><N who="1" m="27671" /><E96/><V20/><F71/><W113/><G113/><T108/><D108/><U61/><E61/><V74/><F74/><W43/><G130/><T80/><D65/><U69/><E69/><V55/><F131/><W99/><G99/><N who="0" m="61663" /><D29/><AGARI ba="0,0" hai="1,3,28,29,30,81,84,90" m="27671,47659" machi="29" ten="30,8000,1" yaku="18,1,52,3,54,1" doraHai="26" who="1" fromWho="0" sc="250,-80,250,80,250,0,250,0" /><INIT seed="1,0,0,4,3,134" ten="170,330,250,250" oya="1" hai0="74,37,9,66,53,84,70,97,69,135,56,8,72" hai1="82,86,90,98,20,88,1,38,68,110,18,27,59" hai2="129,65,100,0,71,42,10,105,133,45,122,102,124" hai3="93,103,19,92,118,104,16,30,116,113,106,120,79"/><U49/><E68/><N who="0" m="26217" /><D97/><U109/><E38/><V14/><F122/><W60/><G120/><T31/><D84/><U44/><E1/><V26/><F0/><W17/><G113/><T99/><D31/><U6/><E6/><V119/><F133/><W87/><G30/><T75/><D99/><U130/><E59/><V47/><F105/><N who="3" m="40555" /><G60/><T54/><D37/><U91/><E130/><V107/><F119/><N who="3" m="45611" /><G103/><T73/><N who="0" m="18432" /><DORA hai="7" /><T55/><D56/><U4/><E4/><V36/><F47/><W46/><G46/><T39/><D39/><U21/><E21/><V24/><F107/><W50/><G50/><T63/><D135/><U62/><E62/><V25/><F129/><W78/><G87/><T67/><D63/><U11/><E98/><V85/><F71/><W33/><G33/><T12/><D12/><N who="1" m="7455" /><E27/><V58/><F65/><AGARI ba="0,0" hai="8,9,53,54,55,65,66,67" m="18432,26217" machi="65" ten="70,8000,1" yaku="28,2,52,2" doraHai="134,7" who="0" fromWho="2" sc="170,80,330,0,250,-80,250,0" /><INIT seed="2,0,0,0,5,39" ten="250,330,170,250" oya="2" hai0="129,35,104,124,108,5,31,3,112,41,109,69,15" hai1="75,47,50,85,44,121,126,110,42,71,96,74,49" hai2="59,82,72,26,14,93,111,91,83,99,66,135,98" hai3="48,13,6,95,127,73,115,63,40,123,46,2,64"/><V132/><F26/><W0/><G123/><T100/><D69/><U11/><E71/><V34/><F135/><W20/><G73/><T70/><D70/><U86/><E110/><N who="0" m="42601" /><D100/><U52/><E126/><V120/><F111/><W101/><G127/><T4/><D104/><U51/><E121/><V43/><F120/><W68/><G115/><T28/><D124/><U8/><E51/><V76/><F34/><W106/><G106/><T55/><D55/><U128/><E96/><V9/><F132/><W7/><G7/><N who="0" m="2635" /><D41/><U36/><E128/><V90/><F76/><W131/><G131/><T33/><D129/><U62/><E62/><N who="2" m="38239" /><F72/><W56/><G68/><T61/><D61/><U22/><E36/><V79/><F79/><W125/><G125/><T30/><D112/><U45/><E75/><V12/><F98/><N who="3" m="59615" /><G2/><T29/><N who="0" m="7168" /><DORA hai="105" /><T80/><D80/><N who="2" m="30762" /><F91/><W133/><G0/><T103/><D103/><U16/><E74/><V81/><F81/><W18/><G133/><T88/><D3/><U27/><E47/><V65/><F65/><W67/><G6/><T53/><D88/><U113/><E113/><V92/><F9/><AGARI ba="0,0" hai="8,9,11,16,22,27,42,44,45,49,50,52,85,86" machi="9" ten="40,8000,1" yaku="8,1,52,1,54,2" doraHai="39,105" who="1" fromWho="2" sc="250,0,330,80,170,-80,250,0" /><INIT seed="3,0,0,1,4,123" ten="250,410,90,250" oya="3" hai0="16,18,22,7,96,14,122,38,128,100,45,129,67" hai1="89,68,78,37,33,46,115,29,109,57,47,27,92" hai2="51,121,84,49,77,111,117,26,83,81,40,5,1" hai3="135,105,69,76,0,24,52,126,2,42,32,103,58"/><W82/><G126/><T59/><D122/><U86/><E115/><V41/><F117/><W98/><G69/><T99/><D7/><U70/><E78/><V106/><F106/><W75/><G135/><T95/><D38/><U125/><E57/><V31/><F121/><W43/><G2/><T66/><D45/><U97/><E47/><V63/><F1/><W65/><G0/><T12/><D59/><U87/><E125/><V93/><F5/><W91/><G65/><T25/><D25/><U120/><E120/><V28/><F63/><W110/><G110/><T108/><D108/><U79/><E79/><V4/><F4/><W80/><G80/><T90/><D129/><U8/><E8/><V102/><F102/><W62/><REACH who="3" step="1"/><G91/><REACH who="3" ten="250,410,90,240" step="2"/><T56/><D128/><U74/><E109/><V94/><F111/><W54/><G54/><T30/><D67/><U6/><E70/><V60/><F77/><W131/><G131/><T73/><D66/><U53/><E53/><V104/><F104/><W132/><G132/><T119/><D90/><U23/><E68/><V39/><F81/><W64/><G64/><T114/><D119/><U11/><E89/><V48/><F83/><W19/><G19/><T55/><D18/><U71/><E71/><V113/><F28/><AGARI ba="0,1" hai="24,28,32,42,43,52,58,62,75,76,82,98,103,105" machi="28" ten="40,3900,0" yaku="1,1,54,1,53,0" doraHai="123" doraHaiUra="130" who="3" fromWho="2" sc="250,0,410,0,90,-39,240,49" /><INIT seed="3,1,0,1,1,20" ten="250,410,51,289" oya="3" hai0="134,39,99,126,100,118,125,89,78,43,96,124,121" hai1="135,133,117,51,8,70,106,25,48,114,1,62,109" hai2="94,93,26,98,120,2,102,104,122,11,55,35,5" hai3="59,77,45,105,28,76,38,42,95,61,81,116,54"/><W27/><G105/><T112/><D39/><U65/><E114/><V36/><F55/><W67/><G116/><T19/><D43/><U97/><E109/><V15/><F15/><W7/><G81/><T74/><D19/><U4/><E117/><V66/><F66/><W22/><G7/><T16/><D16/><U84/><E84/><V21/><F21/><W83/><G83/><N who="0" m="45527" /><D118/><U80/><E80/><V73/><F73/><W79/><REACH who="3" step="1"/><G95/><REACH who="3" ten="250,410,51,279" step="2"/><N who="0" m="56431" /><D121/><U58/><E106/><V23/><F94/><W31/><G31/><T40/><D112/><U119/><E4/><V49/><F93/><W50/><G50/><T128/><D124/><U91/><E51/><V17/><F49/><W115/><G115/><T60/><D125/><U103/><E48/><V101/><F36/><W18/><G18/><T75/><D40/><U34/><E119/><V127/><F127/><W30/><G30/><T52/><D126/><U57/><E135/><V53/><F120/><W32/><G32/><T0/><D134/><U64/><E34/><V68/><F35/><W87/><G87/><T10/><D75/><U46/><E133/><V44/><F44/><W130/><G130/><T113/><D128/><U132/><E46/><V37/><F37/><W111/><G111/><T131/><D113/><U9/><E132/><V71/><F122/><W13/><G13/><T69/><D131/><U33/><E33/><V29/><F29/><W56/><G56/><T14/><D14/><U82/><E58/><V63/><F71/><W110/><G110/><T90/><D69/><U108/><E70/><V92/><F68/><RYUUKYOKU ba="1,1" sc="250,-10,410,-10,51,-10,279,30" hai3="22,27,28,38,42,45,54,59,61,67,76,77,79" /><INIT seed="3,2,1,4,0,122" ten="240,400,41,309" oya="3" hai0="74,90,27,68,87,39,114,76,24,29,52,77,55" hai1="59,28,107,73,25,78,6,130,61,62,63,54,47" hai2="40,120,128,133,44,94,85,3,11,42,60,72,127" hai3="66,135,96,99,46,15,50,43,23,20,108,53,79"/><W97/><G135/><T10/><D114/><U103/><E130/><V36/><F120/><W35/><G35/><T131/><D131/><U5/><E107/><V41/><F128/><W21/><G66/><T95/><D39/><U116/><E103/><V121/><F121/><W134/><G134/><T38/><D38/><U8/><E6/><V83/><F133/><W82/><G108/><T17/><D68/><U71/><E116/><V57/><F127/><W18/><REACH who="3" step="1"/><G43/><REACH who="3" ten="240,400,41,299" step="2"/><T106/><D106/><U86/><E71/><V84/><F36/><W9/><G9/><T132/><D132/><U119/><E8/><V1/><F11/><W89/><G89/><T33/><D76/><U67/><E67/><V123/><F123/><W124/><G124/><T93/><D77/><U64/><E64/><V88/><F72/><AGARI ba="2,2" hai="15,18,20,21,23,46,50,53,72,79,82,96,97,99" machi="72" ten="40,2000,0" yaku="1,1,53,0" doraHai="122" doraHaiUra="98" who="3" fromWho="2" sc="240,0,400,0,41,-26,299,46" /><INIT seed="3,3,0,5,2,107" ten="240,400,15,345" oya="3" hai0="19,3,70,104,115,96,116,44,100,11,129,68,31" hai1="69,14,94,28,32,46,64,81,105,38,49,90,108" hai2="79,126,82,131,135,67,47,51,113,128,75,16,9" hai3="25,52,98,91,84,57,95,87,45,123,15,8,117"/><W53/><G117/><T106/><D116/><U6/><E108/><V77/><F113/><W71/><G123/><T7/><D129/><N who="2" m="49738" /><F67/><W85/><G71/><T2/><D115/><U27/><E105/><V4/><F77/><W65/><G25/><T88/><D106/><U114/><E38/><V41/><F135/><W72/><G72/><T23/><D2/><U83/><E64/><V12/><F126/><W22/><G22/><T37/><D31/><U59/><E59/><V42/><F42/><W92/><G45/><T48/><D37/><U118/><E69/><V33/><F33/><W18/><G95/><T54/><D88/><U86/><E118/><V78/><F78/><W34/><G34/><T74/><D74/><U55/><REACH who="1" step="1"/><E114/><REACH who="1" ten="240,390,15,345" step="2"/><V60/><F60/><AGARI ba="3,1" hai="8,15,18,52,53,57,60,65,84,85,87,91,92,98" machi="60" ten="40,3900,0" yaku="8,1,54,1" doraHai="107" who="3" fromWho="2" sc="240,0,390,0,15,-48,345,58" owari="240,-16.0,390,19.0,-33,-53.0,403,50.0" /></mjloggm>