<mjloggm ver="2.3"><GO type="41" lobby="0"/><UN n0="%E3%82%82%E3%81%93%E3%81%BF" n1="%E2%93%9D%53%75%70%68%78" n2="%E2%93%9D%4E%41%47%41%32%35" n3="%E3%81%82%E3%82%93%E3%82%89%E3%81%A3%E3%81%8D%E3%83%BC" dan="15,18,18,14" rate="2029.24,2156.40,2170.88,2055.15" sx="M,M,F,M"/><TAIKYOKU oya="0"/><INIT seed="0,0,0,5,1,3" ten="250,250,250,250" oya="0" hai0="93,2,43,116,115,20,108,36,56,25,110,124,30" hai1="129,21,24,54,133,127,92,73,53,26,60,0,103" hai2="98,97,38,39,48,33,7,113,70,120,132,134,35" hai3="88,65,135,75,12,14,44,62,51,41,91,123,118"/><T102/><D115/><U68/><E73/><V126/><F113/><W78/><G118/><T84/><D116/><U87/><E0/><V46/><F70/><W106/><G106/><T17/><D2/><U119/><E129/><V32/><F120/><W58/><G123/><T109/><D124/><U101/><E133/><N who="2" m="51307" /><F126/><W125/><G125/><T111/><N who="0" m="27648" /><DORA hai="31" /><T66/><D36/><N who="2" m="13866" /><F7/><W82/><G135/><T10/><D43/><AGARI ba="0,0" hai="32,33,35,43,46,48,97,98" m="13866,51307" machi="43" ten="40,8000,1" yaku="20,1,52,3" doraHai="3,31" who="2" fromWho="0" sc="250,-80,250,0,250,80,250,0" /><INIT seed="1,0,0,2,5,46" ten="170,250,330,250" oya="1" hai0="86,60,105,127,95,55,14,41,56,29,21,35,79" hai1="92,81,128,93,120,49,54,59,107,67,33,104,73" hai2="57,77,58,4,66,0,20,69,68,111,125,6,31" hai3="28,10,96,51,102,110,1,32,39,124,117,76,38"/><U99/><E120/><V48/><F111/><W134/><G110/><T44/><D127/><U53/><E33/><V30/><F77/><W103/><G117/><T131/><D131/><U80/><E67/><V25/><F125/><W100/><G76/><T15/><D105/><U84/><E128/><V133/><F133/><W36/><G134/><T119/><D35/><U2/><E2/><V88/><F0/><W7/><G124/><T40/><D119/><U23/><E73/><V91/><F66/><W18/><G18/><T121/><D121/><U43/><E43/><V75/><F20/><W65/><G65/><T122/><D122/><U115/><E115/><V24/><REACH who="2" step="1"/><F48/><REACH who="2" ten="170,250,320,250" step="2"/><W89/><G32/><T13/><D79/><U90/><E23/><V123/><F123/><W82/><G28/><T34/><D34/><U50/><E107/><V130/><F130/><W132/><G132/><T17/><D29/><U47/><REACH who="1" step="1"/><E104/><REACH who="1" ten="170,240,320,250" step="2"/><V61/><F61/><W5/><G1/><T101/><D40/><U70/><E70/><V19/><F19/><W97/><G10/><T52/><D41/><U12/><E12/><V11/><F11/><W116/><G116/><T118/><D118/><U85/><E85/><V62/><F62/><W129/><G129/><T42/><D42/><U63/><E63/><V64/><F64/><W126/><G126/><T8/><D86/><U45/><E45/><V3/><F3/><W37/><G39/><T114/><D114/><U94/><E94/><V26/><F26/><W109/><G109/><T27/><D8/><U74/><E74/><AGARI ba="0,2" hai="4,6,24,25,30,31,57,58,68,69,74,75,88,91" machi="74" ten="25,6400,0" yaku="1,1,22,2,54,1,53,0" doraHai="46" doraHaiUra="135" who="2" fromWho="1" sc="170,0,240,-64,320,84,250,0" /><INIT seed="2,0,0,5,1,132" ten="170,176,404,250" oya="2" hai0="129,10,24,97,29,58,16,30,73,31,106,12,57" hai1="43,20,60,103,110,38,123,113,15,88,119,2,47" hai2="52,23,89,5,121,36,68,26,32,95,48,72,64" hai3="117,135,37,54,90,11,41,6,127,39,116,25,14"/><V99/><F121/><W45/><G135/><T77/><D129/><U34/><E113/><V28/><F36/><W78/><G39/><T83/><REACH who="0" step="1"/><D24/><REACH who="0" ten="160,176,404,250" step="2"/><U46/><E123/><V69/><F72/><W92/><G25/><T80/><D80/><U51/><E119/><V104/><F32/><W53/><G78/><T27/><D27/><U100/><E34/><V1/><F104/><W128/><G128/><T85/><D85/><U87/><E87/><V63/><F1/><W122/><G122/><T42/><D42/><U91/><E2/><V107/><F107/><W22/><G117/><T109/><D109/><U108/><E108/><V44/><REACH who="2" step="1"/><F5/><REACH who="2" ten="160,176,394,250" step="2"/><W65/><G116/><T101/><AGARI ba="0,2" hai="10,12,16,29,30,31,57,58,73,77,83,97,101,106" machi="101" ten="30,4000,0" yaku="1,1,0,1,54,1,53,0" doraHai="132" doraHaiUra="125" who="0" fromWho="0" sc="160,60,176,-10,394,-20,250,-10" /><INIT seed="3,0,0,4,3,34" ten="220,166,374,240" oya="3" hai0="27,45,124,111,22,20,96,59,118,3,78,36,39" hai1="131,119,86,15,12,80,56,63,75,26,1,127,10" hai2="43,117,87,95,130,28,106,33,57,53,19,103,92" hai3="125,44,46,68,129,4,7,126,135,122,101,41,64"/><W108/><G122/><T120/><D118/><U94/><E131/><V6/><F117/><W5/><G129/><T77/><D120/><U50/><E119/><V105/><F130/><W107/><G135/><T69/><D69/><U52/><E75/><V100/><F43/><W98/><G108/><T81/><D111/><U47/><E127/><N who="3" m="48650" /><G41/><T104/><D3/><U58/><E58/><V114/><F114/><W134/><G134/><T73/><D77/><U13/><E94/><V9/><F19/><W21/><G21/><T18/><D45/><U17/><E26/><V88/><F28/><W30/><G30/><T60/><D22/><U85/><E1/><V89/><F33/><W51/><G51/><T70/><D70/><U132/><E86/><V74/><F74/><W123/><G123/><T32/><D32/><U133/><E133/><V121/><F121/><W42/><G42/><T40/><D40/><U61/><E132/><V82/><F106/><W35/><G35/><T31/><D31/><U37/><E37/><V116/><F105/><W62/><AGARI ba="0,0" hai="4,5,7,44,46,62,64,68,98,101,107" m="48650" machi="62" ten="40,2100,0" yaku="18,1" doraHai="34" who="3" fromWho="3" sc="220,-7,166,-7,374,-7,240,21" /><INIT seed="3,1,0,2,3,66" ten="213,159,367,261" oya="3" hai0="133,58,50,132,119,6,86,81,110,101,125,108,99" hai1="40,1,37,11,102,36,126,129,65,116,47,134,123" hai2="52,70,43,135,90,22,88,26,53,60,61,117,128" hai3="122,124,69,83,64,94,97,2,13,96,48,74,127"/><W76/><G2/><T63/><D119/><U114/><E102/><V33/><F117/><W109/><G122/><T34/><D34/><U73/><E116/><V16/><F128/><W78/><G78/><T19/><D6/><U85/><E85/><V20/><F33/><W82/><G82/><T106/><D50/><U5/><E134/><N who="0" m="51817" /><D19/><U8/><E126/><N who="3" m="48170" /><G48/><T98/><D125/><U71/><E114/><V10/><F135/><W75/><G13/><T120/><D99/><U105/><E37/><V23/><F43/><W9/><G9/><T49/><D49/><U31/><E11/><V21/><F10/><W67/><G75/><T15/><D15/><U29/><E123/><V32/><F32/><W42/><G42/><T87/><D120/><U68/><E129/><V104/><F104/><W91/><G97/><T80/><D58/><U57/><E73/><V113/><F113/><W103/><G103/><T0/><D63/><N who="2" m="24138" /><F70/><W79/><G79/><N who="0" m="46367" /><D0/><U54/><E71/><V24/><F24/><W18/><G69/><T95/><D106/><U56/><E105/><V30/><F30/><W100/><G18/><T131/><D131/><U4/><E4/><V62/><F53/><W12/><G12/><T115/><D115/><U111/><E54/><V51/><F62/><W84/><G109/><T112/><D112/><U25/><E111/><V93/><F93/><W27/><G27/><T7/><D7/><U121/><E121/><V28/><F28/><N who="1" m="10825" /><E25/><V107/><F107/><W118/><G118/><T59/><D59/><AGARI ba="1,0" hai="16,20,21,22,23,26,51,52,59,88,90" m="24138" machi="59" ten="30,7700,0" yaku="8,1,54,3" doraHai="66" who="2" fromWho="0" sc="213,-80,159,0,367,80,261,0" /><INIT seed="4,0,0,4,4,16" ten="133,159,447,261" oya="0" hai0="50,26,29,100,113,46,43,30,78,32,54,9,122" hai1="76,8,11,91,73,97,134,135,14,98,39,69,120" hai2="125,109,4,66,2,15,10,93,110,64,6,72,60" hai3="37,49,52,55,48,101,67,40,77,92,23,75,12"/><T94/><D113/><U102/><E69/><V56/><F72/><W107/><G107/><T20/><D122/><U105/><E39/><V74/><F74/><W130/><G77/><T31/><D78/><U24/><E11/><V88/><F125/><W115/><G75/><T103/><D9/><U27/><E120/><V85/><F6/><W71/><G71/><T42/><D32/><U112/><E112/><V34/><F34/><W5/><G67/><T99/><REACH who="0" step="1"/><D100/><REACH who="0" ten="123,159,447,261" step="2"/><U121/><E121/><V70/><F2/><W51/><G115/><T33/><D33/><U45/><E76/><V1/><F1/><W28/><G130/><T22/><D22/><U79/><E79/><V132/><F132/><W108/><G108/><T90/><D90/><U21/><E73/><V47/><F110/><W89/><G101/><T118/><D118/><U3/><E3/><V124/><F109/><W35/><G35/><T119/><D119/><U38/><E91/><V82/><F124/><W117/><G117/><T95/><D95/><U106/><E102/><V133/><F133/><W84/><G5/><T63/><D63/><U80/><E135/><V111/><F111/><W128/><G128/><T114/><D114/><U59/><E134/><V62/><F93/><W19/><REACH who="3" step="1"/><G28/><AGARI ba="0,1" hai="20,26,28,29,30,31,42,43,46,50,54,94,99,103" machi="28" ten="40,7700,0" yaku="1,1,8,1,52,1,53,0" doraHai="16" doraHaiUra="61" who="0" fromWho="3" sc="123,87,159,0,447,0,261,-77" /><INIT seed="4,1,0,0,0,38" ten="210,159,447,184" oya="0" hai0="73,49,103,26,75,56,57,111,37,128,118,48,10" hai1="23,132,59,92,127,41,74,4,28,13,53,124,117" hai2="34,43,87,61,78,98,90,69,22,68,42,84,12" hai3="24,51,133,121,21,113,2,60,65,20,106,39,135"/><T16/><D118/><U82/><E117/><V80/><F34/><W91/><G121/><T83/><D37/><U110/><E110/><V102/><F69/><W89/><G106/><T64/><D128/><U58/><E92/><N who="2" m="58695" /><F68/><W131/><G2/><T33/><D111/><U1/><E132/><V134/><F61/><W86/><G39/><T116/><D103/><U30/><E1/><V70/><F70/><W35/><G35/><T55/><D116/><U114/><E114/><V109/><F134/><W95/><G91/><T25/><D33/><U81/><E74/><V85/><F109/><W71/><G131/><T115/><D115/><U31/><E41/><N who="2" m="15371" /><F90/><W9/><G113/><T36/><D36/><U63/><E59/><V93/><F93/><W123/><G123/><T8/><D83/><U76/><E82/><V29/><F12/><W40/><G133/><T52/><D64/><U100/><E100/><V47/><F47/><W18/><G65/><T112/><D112/><U108/><E108/><V105/><F105/><W54/><G60/><T79/><REACH who="0" step="1"/><D16/><REACH who="0" ten="200,159,447,184" step="2"/><U3/><E81/><V119/><F119/><W107/><G135/><T11/><D11/><U67/><E67/><V15/><F29/><N who="3" m="17543" /><G9/><T45/><D45/><U104/><E31/><V14/><F14/><W44/><G71/><T62/><D62/><U122/><E30/><V96/><F15/><N who="3" m="9439" /><G107/><T50/><D50/><U32/><E104/><V66/><F66/><W97/><G40/><T126/><D126/><U88/><E127/><V129/><F129/><W77/><G77/><AGARI ba="1,1" hai="8,10,25,26,48,49,52,55,56,57,73,75,77,79" machi="77" ten="25,18000,2" yaku="1,1,22,2,54,1,53,2" doraHai="38" doraHaiUra="72" who="0" fromWho="3" sc="200,193,159,0,447,0,184,-183" /><INIT seed="4,2,0,4,0,16" ten="393,159,447,1" oya="0" hai0="25,134,39,26,23,57,86,130,79,18,78,110,64" hai1="114,6,19,103,98,17,85,135,104,43,92,66,80" hai2="48,126,15,67,109,125,113,122,82,117,24,0,93" hai3="37,44,101,20,108,119,30,10,62,29,91,120,87"/><T42/><D130/><U94/><E135/><V121/><F67/><W54/><G108/><T53/><D134/><U55/><E43/><V115/><F48/><W65/><G119/><T69/><D110/><U118/><E118/><V95/><F109/><W7/><G120/><N who="2" m="46185" /><F117/><W47/><G101/><T77/><D69/><U31/><E6/><V13/><F0/><W52/><G37/><T116/><D64/><U22/><E114/><N who="2" m="43531" /><F82/><W71/><G47/><T89/><D116/><U49/><E66/><V12/><F24/><W70/><G44/><T46/><D26/><N who="1" m="16855" /><E104/><V105/><F105/><W112/><G70/><T111/><D111/><U129/><E94/><AGARI ba="2,0" hai="12,13,15,93,94,95,125,126" m="43531,46185" machi="94" ten="40,5200,0" yaku="28,2,15,1" doraHai="16" who="2" fromWho="1" sc="393,0,159,-58,447,58,1,0" /><INIT seed="5,0,0,5,1,35" ten="393,101,505,1" oya="1" hai0="38,115,24,83,37,87,60,2,82,67,20,124,118" hai1="134,99,108,135,104,56,11,130,113,53,106,123,16" hai2="57,110,50,98,89,14,71,129,5,105,21,41,18" hai3="76,80,122,26,120,59,132,6,107,49,17,36,52"/><U101/><E123/><V9/><F110/><W116/><G107/><T103/><D118/><U73/><E73/><V119/><F71/><W114/><G36/><T96/><D115/><U111/><E130/><V30/><F119/><W43/><G116/><T64/><D124/><U70/><E70/><V102/><F129/><W126/><G126/><T117/><D82/><U61/><E106/><V74/><F74/><W15/><G114/><T19/><D117/><U78/><E78/><V95/><F30/><W77/><G43/><T12/><D2/><U91/><E91/><V22/><F5/><W79/><G132/><N who="1" m="50730" /><E113/><V48/><F48/><W88/><G120/><T133/><D133/><U46/><E46/><V94/><F105/><W31/><G122/><T86/><D64/><U85/><E85/><N who="2" m="52527" /><F57/><W81/><G6/><T0/><D0/><U100/><E100/><V131/><F131/><W45/><G45/><AGARI ba="0,0" hai="9,14,18,21,22,41,45,50,95,98,102" m="52527" machi="45" ten="30,1000,0" yaku="8,1" doraHai="35" who="2" fromWho="3" sc="393,0,101,0,505,10,1,-10" owari="393,19.0,101,-30.0,515,62.0,-9,-51.0" /></mjloggm>