<mjloggm ver="2.3"><GO type="41" lobby="0"/><UN n0="%E7%B4%AC%E3%83%B4%E3%82%A7%E3%83%B3%E3%83%80%E3%83%BC%E3%82%B9" n1="%E3%81%84%E3%83%BC%E3%81%A1%E3%82%83%E3%82%93%EF%BC%90%EF%BC%99" n2="%48%69%72%6F%32%36" n3="%E2%93%9D%53%75%70%68%78" dan="14,13,13,17" rate="2090.23,1907.77,1840.83,2071.27" sx="F,M,M,M"/><TAIKYOKU oya="0"/><INIT seed="0,0,0,5,3,17" ten="250,250,250,250" oya="0" hai0="57,99,109,4,11,103,62,25,96,115,58,71,91" hai1="70,41,124,98,43,111,107,48,106,27,134,63,74" hai2="26,122,113,44,9,36,19,105,22,34,110,66,56" hai3="80,38,77,97,90,13,117,8,94,119,30,104,14"/><T16/><D115/><U5/><E5/><V40/><F113/><W33/><G38/><T81/><D109/><U82/><E124/><V50/><F122/><W54/><G13/><T100/><D71/><U69/><E111/><V76/><F110/><W93/><G104/><T120/><D120/><U89/><E134/><V35/><F105/><W133/><G133/><T47/><D47/><U55/><E106/><V84/><F9/><W127/><G127/><T1/><D58/><U6/><E6/><V15/><F76/><W75/><G54/><T21/><D99/><U126/><E126/><V129/><F84/><W65/><G65/><T39/><D39/><U130/><E130/><V45/><F129/><W135/><G135/><T52/><D81/><U125/><E125/><V10/><F56/><W59/><G59/><T31/><D31/><U67/><E69/><V64/><F35/><W131/><G131/><T61/><D61/><U128/><E128/><V24/><F24/><W101/><G30/><T51/><D51/><U83/><E107/><V114/><F34/><W79/><G79/><T7/><D7/><U18/><E74/><V2/><F2/><W12/><G33/><T86/><D86/><U121/><E83/><V68/><F68/><W112/><G112/><T32/><D32/><U132/><E132/><V73/><F73/><W46/><G75/><T102/><D102/><U92/><E82/><V28/><REACH who="2" step="1"/><F114/><REACH who="2" ten="250,250,240,250" step="2"/><W49/><G77/><T87/><D87/><U88/><E121/><V85/><F85/><N who="3" m="52559" /><G80/><T60/><D60/><U3/><E63/><V118/><F118/><RYUUKYOKU ba="0,1" sc="250,15,250,-15,240,15,250,-15" hai0="1,4,11,16,21,25,52,57,62,91,96,100,103" hai2="10,15,19,22,26,28,36,40,44,45,50,64,66" /><INIT seed="0,1,1,0,3,64" ten="265,235,255,235" oya="0" hai0="109,1,40,10,26,126,108,79,132,119,77,101,129" hai1="12,111,9,84,28,94,36,11,81,7,58,37,67" hai2="13,82,70,118,51,32,78,134,22,53,0,116,74" hai3="2,122,97,5,130,71,42,124,86,44,27,112,56"/><T50/><D119/><N who="2" m="45610" /><F32/><W49/><G112/><T135/><D40/><U18/><E111/><N who="0" m="42569" /><D50/><U47/><E28/><V88/><F0/><W99/><G2/><T80/><D26/><U102/><E47/><N who="2" m="27903" /><F134/><N who="0" m="51242" /><D10/><U15/><E37/><V90/><F70/><W3/><G71/><T45/><D45/><U133/><E133/><V120/><F120/><W127/><G122/><T23/><D23/><U106/><E106/><V72/><F74/><W66/><G3/><T39/><D39/><U98/><E36/><V95/><F95/><W100/><G42/><T65/><D65/><U83/><REACH who="1" step="1"/><E84/><REACH who="1" ten="265,225,255,235" step="2"/><V24/><F13/><W52/><G44/><T17/><D1/><U38/><E38/><V91/><F91/><W34/><G34/><T48/><D129/><U121/><E121/><V14/><F14/><W21/><G130/><T105/><D105/><U128/><E128/><V33/><F33/><W68/><G27/><T117/><D117/><U31/><E31/><AGARI ba="1,2" hai="22,24,31,72,78,82,88,90" m="27903,45610" machi="31" ten="30,2000,0" yaku="12,1,54,1" doraHai="64" who="2" fromWho="1" sc="265,0,225,-23,255,43,235,0" /><INIT seed="1,0,0,2,2,120" ten="265,202,298,235" oya="1" hai0="82,128,99,22,25,109,110,50,18,12,119,97,0" hai1="112,92,113,2,43,108,56,6,23,48,84,54,93" hai2="16,28,42,94,8,21,83,102,69,14,101,125,46" hai3="37,26,87,88,96,74,117,65,106,90,40,44,73"/><U78/><E43/><V131/><F125/><W80/><G117/><T126/><D0/><U77/><E23/><V89/><F131/><W58/><G26/><T98/><D119/><U53/><E53/><V10/><F69/><W76/><G90/><T3/><D3/><U47/><E47/><V5/><F83/><W11/><G11/><T20/><D126/><U135/><E135/><V27/><F10/><W64/><G58/><T103/><D128/><U15/><E2/><V111/><F111/><N who="0" m="42506" /><D82/><U116/><E116/><V104/><F104/><W4/><G4/><T7/><D50/><U41/><E41/><V29/><F29/><W86/><G74/><T79/><D79/><U57/><E56/><V13/><F13/><W52/><G73/><T59/><D59/><U33/><E33/><V63/><F63/><W124/><G124/><T70/><D70/><U72/><E72/><V114/><F114/><W134/><G134/><T68/><D68/><U127/><E127/><V132/><F5/><W30/><G76/><N who="1" m="29290" /><E108/><V107/><F107/><W51/><G106/><N who="0" m="63855" /><D7/><U81/><E112/><V105/><F105/><W39/><G40/><T67/><D67/><U91/><E113/><V17/><F28/><AGARI ba="0,0" hai="12,18,20,22,25,28,98,99" m="63855,42506" machi="28" ten="30,7700,0" yaku="14,1,52,3" doraHai="120" who="0" fromWho="2" sc="265,77,202,0,298,-77,235,0" /><INIT seed="2,0,0,3,1,112" ten="342,202,221,235" oya="2" hai0="122,38,128,107,21,84,50,56,108,120,131,123,52" hai1="72,4,124,92,60,86,59,23,94,85,75,3,111" hai2="100,63,42,62,117,16,99,115,26,49,12,67,15" hai3="33,39,58,20,45,103,91,28,64,17,76,46,25"/><V57/><F115/><W90/><G76/><T127/><D107/><U13/><E124/><V29/><F117/><W43/><G103/><T93/><D93/><U133/><E133/><V9/><F15/><W14/><REACH who="3" step="1"/><G45/><REACH who="3" ten="342,202,221,225" step="2"/><T102/><D102/><U35/><E75/><V89/><F89/><W104/><G104/><T118/><D120/><U48/><E72/><V82/><F82/><W109/><G109/><T116/><D108/><U81/><E81/><V40/><F49/><W55/><G55/><T95/><D50/><U8/><E48/><V66/><F63/><AGARI ba="0,1" hai="14,17,20,25,28,33,39,43,46,58,63,64,90,91" machi="63" ten="40,2600,0" yaku="1,1,53,1" doraHai="112" doraHaiUra="24" who="3" fromWho="2" sc="342,0,202,0,221,-26,225,36" /><INIT seed="3,0,0,1,2,19" ten="342,202,195,261" oya="3" hai0="18,50,17,127,72,43,22,117,27,90,9,33,103" hai1="130,97,45,91,34,4,41,37,100,29,83,16,95" hai2="55,15,30,129,59,1,3,75,40,94,128,82,132" hai3="96,20,10,13,11,39,24,67,110,88,65,102,76"/><W0/><G39/><T53/><D117/><U61/><E130/><N who="2" m="50283" /><F40/><W92/><G110/><T118/><D118/><U73/><E4/><V52/><F132/><W126/><G126/><T122/><D122/><U44/><E44/><V23/><F94/><W133/><G133/><T125/><D72/><U68/><E68/><V77/><F55/><W119/><G119/><T87/><D103/><U131/><E61/><N who="2" m="36071" /><F15/><W112/><G112/><T21/><D43/><U69/><E69/><V74/><F75/><W5/><G76/><T14/><D33/><U108/><E108/><V2/><F2/><W8/><G102/><T81/><REACH who="0" step="1"/><D9/><REACH who="0" ten="332,202,195,261" step="2"/><N who="3" m="3081" /><G0/><T84/><D84/><U66/><E34/><V35/><F35/><W57/><G57/><AGARI ba="0,1" hai="14,17,18,21,22,27,50,53,57,81,87,90,125,127" machi="57" ten="40,8000,1" yaku="1,1,52,2,53,1" doraHai="19" doraHaiUra="49" who="0" fromWho="3" sc="332,90,202,0,195,0,261,-80" /><INIT seed="4,0,0,5,0,35" ten="422,202,195,181" oya="0" hai0="10,41,46,111,110,119,113,78,112,133,132,13,124" hai1="58,36,92,104,51,77,120,47,121,72,115,70,87" hai2="44,74,29,96,48,61,40,22,83,32,66,122,67" hai3="17,3,23,0,100,28,43,63,123,56,79,60,89"/><T19/><D78/><U116/><E104/><V131/><F32/><W73/><G28/><T118/><D46/><U65/><E72/><V129/><F122/><N who="1" m="47209" /><E92/><V99/><F74/><W94/><G123/><T135/><D41/><N who="1" m="22951" /><E87/><V109/><F109/><N who="0" m="41482" /><D124/><U52/><E77/><V6/><F6/><W8/><G43/><T90/><D90/><U130/><E130/><N who="2" m="49675" /><F83/><W26/><G100/><T1/><D1/><U11/><E11/><V25/><F67/><W18/><G79/><T9/><D9/><U98/><E98/><V102/><F102/><W54/><G73/><T101/><D101/><U15/><E15/><V64/><F64/><W14/><REACH who="3" step="1"/><G63/><REACH who="3" ten="422,202,195,171" step="2"/><T107/><D107/><U57/><E116/><AGARI ba="0,1" hai="10,13,19,112,113,116,118,119,132,133,135" m="41482" machi="116" ten="40,12000,1" yaku="20,1,10,1,34,2" doraHai="35" who="0" fromWho="1" sc="422,130,202,-120,195,0,171,0" /><INIT seed="4,1,0,5,3,71" ten="552,82,195,171" oya="0" hai0="32,19,95,70,113,25,37,112,33,46,64,7,82" hai1="38,36,9,77,67,62,66,75,6,54,28,31,39" hai2="14,106,72,24,129,48,90,118,12,73,15,103,29" hai3="18,94,76,86,13,134,111,78,34,16,123,30,56"/><T42/><D7/><U22/><E54/><V119/><F129/><W91/><G111/><T121/><D121/><U92/><E92/><V96/><F48/><W89/><G134/><T128/><D128/><U53/><E53/><V124/><F124/><W130/><G130/><T5/><D5/><U45/><E45/><V100/><F100/><W83/><G123/><T65/><D33/><U132/><E132/><V52/><F90/><W4/><G30/><T26/><D26/><U17/><E77/><N who="3" m="29802" /><G56/><T41/><D41/><U50/><E50/><V108/><F108/><W88/><G34/><T43/><D43/><U61/><E75/><V126/><F126/><W10/><G91/><T57/><D70/><U2/><E62/><V114/><F114/><N who="0" m="44138" /><D82/><U1/><E1/><V8/><F8/><W49/><G49/><T63/><D95/><U0/><E0/><V79/><F79/><W60/><G60/><T107/><D107/><U21/><E21/><V40/><F73/><W116/><G116/><T97/><D97/><AGARI ba="1,0" hai="4,10,13,16,18,83,86,88,89,94,97" m="29802" machi="97" ten="30,3900,0" yaku="8,1,54,2" doraHai="71" who="3" fromWho="0" sc="552,-42,82,0,195,0,171,42" /><INIT seed="5,0,0,2,3,91" ten="510,82,195,213" oya="1" hai0="59,87,46,29,57,2,41,50,20,43,80,32,82" hai1="127,107,21,94,99,135,6,78,63,69,14,118,8" hai2="31,52,44,26,54,48,89,132,119,97,114,93,117" hai3="120,34,122,74,75,105,131,102,100,4,104,108,12"/><U5/><E118/><V85/><F132/><W61/><G12/><T39/><D32/><U98/><E127/><V92/><F114/><W67/><G4/><T10/><D82/><U62/><E135/><V124/><F124/><W95/><G61/><T106/><D106/><N who="3" m="41065" /><G67/><T7/><D41/><U33/><E33/><V66/><F66/><W37/><G37/><T53/><D20/><U40/><E40/><V90/><F54/><W73/><G34/><AGARI ba="0,0" hai="26,31,34,44,48,52,85,89,90,92,93,97,117,119" machi="34" ten="30,7700,0" yaku="7,1,52,2,54,1" doraHai="91" who="2" fromWho="3" sc="510,0,82,0,195,77,213,-77" /><INIT seed="6,0,0,4,1,135" ten="510,82,272,136" oya="2" hai0="91,33,61,111,66,131,4,132,1,103,119,44,39" hai1="107,12,116,50,96,62,63,37,9,79,85,83,112" hai2="2,0,126,101,51,58,113,22,45,43,57,121,47" hai3="65,26,34,17,134,86,98,108,90,54,92,32,68"/><V73/><F121/><W76/><G108/><T13/><D111/><U106/><E112/><V95/><F73/><W128/><G134/><T87/><D1/><U124/><E37/><V38/><F126/><W41/><G41/><T30/><D131/><U88/><E116/><V23/><F113/><W35/><G128/><T53/><D103/><U28/><E28/><V130/><F130/><W52/><G65/><T122/><D122/><U133/><E133/><V15/><F15/><W5/><G68/><T42/><D119/><U75/><E124/><V102/><F95/><W10/><G17/><T8/><D53/><U60/><E50/><V70/><F70/><W72/><G26/><T82/><D30/><U20/><E20/><V93/><F93/><W27/><G27/><T127/><D127/><U109/><E96/><V115/><F115/><W49/><G72/><T59/><D33/><U105/><E109/><V84/><F84/><W21/><G21/><T118/><D132/><U31/><E31/><V71/><F71/><W78/><G54/><T7/><D118/><U25/><E25/><V97/><F97/><W3/><REACH who="3" step="1"/><G98/><REACH who="3" ten="510,82,272,126" step="2"/><T14/><D7/><U114/><E114/><V94/><F43/><W55/><G55/><T74/><D74/><U18/><REACH who="1" step="1"/><E75/><REACH who="1" ten="510,72,272,126" step="2"/><V64/><F23/><W48/><G48/><T125/><D125/><U77/><AGARI ba="0,2" hai="9,12,18,60,62,63,77,79,83,85,88,105,106,107" machi="77" ten="40,8000,1" yaku="1,1,2,1,0,1,54,1,53,0" doraHai="135" doraHaiUra="29" who="1" fromWho="1" sc="510,-20,72,100,272,-40,126,-20" /><INIT seed="7,0,0,3,4,18" ten="490,172,232,106" oya="3" hai0="94,110,78,5,51,106,20,99,77,92,10,69,59" hai1="42,82,55,8,56,24,117,80,68,93,57,58,3" hai2="112,72,46,67,125,84,54,127,74,45,135,63,86" hai3="95,49,100,66,62,89,113,104,70,32,19,133,11"/><W76/><G113/><T28/><D59/><U64/><E68/><V1/><F1/><W22/><G133/><T65/><D94/><U15/><E3/><V6/><F6/><W75/><G32/><T41/><D20/><U53/><E64/><V52/><F67/><W43/><G11/><T30/><D92/><U119/><E42/><V26/><F26/><W122/><G122/><T13/><D13/><U102/><E102/><V23/><F23/><W35/><G35/><T27/><D51/><U34/><E93/><V129/><F63/><W61/><G61/><T116/><D65/><U97/><E97/><V14/><F14/><W36/><G36/><T9/><D5/><N who="1" m="3471" /><E24/><V91/><F91/><W33/><G33/><T48/><D78/><U85/><E34/><V105/><F105/><W60/><G60/><T131/><D48/><U31/><E31/><V118/><F118/><N who="1" m="45065" /><E82/><V101/><F101/><W134/><G134/><T12/><D77/><AGARI ba="0,0" hai="53,55,56,57,58,77,80,85" m="45065,3471" machi="77" ten="30,1000,0" yaku="12,1" doraHai="18" who="1" fromWho="0" sc="490,-10,172,10,232,0,106,0" owari="480,58.0,182,-22.0,232,3.0,106,-39.0" /></mjloggm>