<mjloggm ver="2.3"><GO type="41" lobby="0"/><UN n0="%E2%93%9D%53%75%70%68%78" n1="%E3%83%9F%E3%82%B9%E3%83%88%E3%83%A9%E3%83%AB%E2%98%85" n2="%E3%82%B7%E3%83%A7%E3%83%BC%E3%83%91%E3%83%B3%E5%8C%97%E5%B7%9D" n3="%E3%81%97%E3%82%87%E3%80%81" dan="17,14,15,13" rate="2043.20,1916.71,1963.38,1919.08" sx="M,F,F,M"/><TAIKYOKU oya="0"/><INIT seed="0,0,0,4,0,94" ten="250,250,250,250" oya="0" hai0="52,68,113,46,47,88,108,102,50,123,122,26,8" hai1="62,90,103,59,124,17,24,70,69,64,96,4,23" hai2="128,1,106,3,72,10,78,100,74,83,109,37,39" hai3="126,51,11,14,120,97,67,56,9,12,93,118,33"/><T133/><D113/><U48/><E124/><V5/><F128/><W32/><G118/><T58/><D102/><U134/><E134/><V114/><F114/><W41/><G126/><T129/><D26/><U116/><E116/><V16/><F109/><W95/><G120/><T130/><D8/><U98/><E4/><V20/><F74/><W125/><G125/><T73/><D73/><U71/><E48/><V127/><F3/><W80/><G80/><T85/><D68/><U112/><E112/><V115/><F115/><W63/><G32/><T31/><D31/><U82/><REACH who="1" step="1"/><E103/><REACH who="1" ten="250,240,250,250" step="2"/><V135/><F135/><W60/><G51/><T27/><D133/><U76/><E76/><V43/><F127/><W15/><G60/><T57/><D108/><U53/><E53/><V2/><F2/><W34/><G41/><T65/><D123/><U81/><E81/><V86/><F43/><W25/><G63/><N who="0" m="38127" /><D122/><U42/><E42/><V131/><F131/><N who="0" m="50186" /><D27/><U38/><E38/><V54/><F54/><W7/><G25/><T30/><D30/><U75/><E75/><V36/><F72/><W99/><G7/><T92/><AGARI ba="0,1" hai="46,47,50,52,58,85,88,92" m="50186,38127" machi="92" ten="30,6000,0" yaku="19,1,54,2" doraHai="94" who="0" fromWho="0" sc="250,70,240,-20,250,-20,250,-20" /><INIT seed="0,1,0,2,5,109" ten="320,220,230,230" oya="0" hai0="80,117,69,6,1,111,25,131,47,27,15,51,2" hai1="41,28,133,22,33,87,119,81,118,49,48,94,60" hai2="62,43,122,68,66,89,39,11,10,70,57,31,92" hai3="101,102,106,50,35,73,91,63,127,24,88,78,13"/><T55/><D117/><U53/><E33/><V3/><F122/><W29/><G127/><T115/><D69/><U19/><E28/><V120/><F120/><W128/><G128/><T112/><D111/><U7/><E133/><V95/><F31/><W74/><G74/><T46/><D15/><U93/><E7/><V75/><F75/><W116/><G116/><T30/><D80/><U9/><E9/><V71/><F95/><W23/><G102/><T26/><D30/><U114/><E60/><V18/><F43/><W134/><G134/><T5/><D131/><U84/><E41/><V36/><F11/><W96/><G63/><T17/><D17/><U8/><E8/><V21/><F10/><W61/><G61/><T65/><D65/><U85/><E81/><V90/><F90/><W64/><G64/><T32/><D32/><U52/><E84/><V97/><REACH who="2" step="1"/><F3/><REACH who="2" ten="320,220,220,230" step="2"/><W79/><G73/><T99/><D2/><U54/><E118/><V58/><F58/><W125/><G125/><T37/><D1/><U130/><E130/><V135/><F135/><W121/><G121/><T107/><D6/><U34/><E119/><V86/><F86/><W98/><G29/><T108/><D108/><U42/><E42/><V12/><AGARI ba="1,1" hai="12,18,21,36,39,57,62,66,68,70,71,89,92,97" machi="12" ten="30,2000,0" yaku="1,1,0,1,53,0" doraHai="109" doraHaiUra="38" who="2" fromWho="2" sc="320,-11,220,-6,220,33,230,-6" /><INIT seed="1,0,0,5,1,115" ten="309,214,253,224" oya="1" hai0="132,47,31,72,59,10,48,69,32,3,8,81,87" hai1="65,122,40,71,58,135,80,83,39,102,128,84,98" hai2="25,127,74,114,15,123,52,42,121,119,28,13,30" hai3="68,23,124,2,97,118,24,120,94,29,70,88,35"/><U49/><E39/><V66/><F66/><W112/><G112/><T85/><D69/><U44/><E122/><V45/><F114/><W18/><G120/><T0/><D72/><U37/><E135/><V95/><F119/><W12/><G124/><T82/><D59/><U55/><E84/><V113/><F127/><W56/><G118/><T53/><D31/><U101/><E101/><V108/><F42/><W92/><G2/><T16/><D32/><U34/><E34/><V33/><F25/><W4/><G4/><T100/><D100/><U21/><E21/><V57/><F45/><W64/><G64/><T73/><D73/><U90/><E90/><V107/><F74/><W62/><REACH who="3" step="1"/><G94/><REACH who="3" ten="309,214,253,214" step="2"/><T79/><D132/><U131/><E128/><V43/><F95/><W51/><G51/><T54/><D3/><U116/><E116/><V6/><F6/><W109/><G109/><T36/><D0/><U50/><E49/><V93/><F93/><W27/><G27/><T76/><D36/><U75/><E131/><V11/><F113/><W20/><G20/><T105/><D105/><N who="1" m="63703" /><E75/><V133/><F107/><W78/><G78/><T63/><D63/><AGARI ba="0,1" hai="37,40,44,50,55,58,63,65,71,80,83" m="63703" machi="63" ten="30,1500,0" yaku="24,1" doraHai="115" who="1" fromWho="0" sc="309,-15,214,25,253,0,214,0" /><INIT seed="1,1,0,0,2,6" ten="294,239,253,214" oya="1" hai0="122,26,12,27,69,15,128,95,13,129,51,117,93" hai1="82,81,71,101,41,57,111,63,120,34,97,99,110" hai2="72,43,106,45,7,94,64,20,52,60,53,66,24" hai3="10,74,49,70,47,98,2,21,91,109,116,96,130"/><U123/><E34/><V31/><F106/><W38/><G109/><N who="1" m="41482" /><E41/><V78/><F78/><W65/><G130/><N who="0" m="50283" /><D117/><U112/><E71/><V87/><F72/><W25/><G116/><T68/><D51/><U1/><E1/><V55/><F60/><W77/><G38/><T121/><D95/><N who="1" m="58559" /><E112/><V102/><F7/><W85/><G77/><T135/><D93/><U35/><E35/><V0/><F0/><W58/><G74/><T127/><D135/><U113/><E113/><V32/><F32/><W4/><G70/><N who="0" m="27243" /><D127/><U8/><E99/><V28/><F28/><W83/><G58/><T119/><D119/><U86/><E63/><V37/><F102/><W132/><G132/><T88/><D88/><N who="1" m="51279" /><E57/><V40/><F40/><W30/><REACH who="3" step="1"/><G65/><REACH who="3" ten="294,239,253,204" step="2"/><T29/><D29/><U67/><E67/><V46/><F46/><W76/><G76/><T62/><D62/><U115/><E115/><V56/><F56/><W80/><G80/><T3/><D3/><U125/><E82/><V33/><F64/><W133/><G133/><T89/><D89/><U73/><E73/><V17/><F66/><W19/><G19/><T114/><D114/><U5/><E125/><V14/><F17/><W126/><G126/><T23/><D23/><U61/><E61/><V134/><F20/><W124/><G124/><T16/><D16/><U79/><E79/><V50/><F134/><W90/><G90/><T22/><D22/><U92/><E92/><V103/><F94/><W105/><G105/><T9/><D122/><U18/><E18/><V104/><F33/><W59/><G59/><T131/><D131/><RYUUKYOKU ba="1,1" sc="294,-15,239,15,253,-15,204,15" hai1="5,8,120,123" hai3="2,4,10,21,25,30,47,49,83,85,91,96,98" /><INIT seed="1,2,1,2,5,50" ten="279,254,238,219" oya="1" hai0="114,98,38,80,37,36,34,122,124,17,115,0,66" hai1="75,24,31,128,26,32,53,123,86,5,20,134,35" hai2="39,1,85,74,14,10,45,62,87,120,19,126,133" hai3="88,132,89,58,11,95,22,121,42,57,70,73,127"/><U15/><E75/><V94/><F120/><W69/><G121/><T110/><D122/><U60/><E123/><V92/><F74/><W129/><G73/><T101/><D17/><U103/><E134/><V8/><F133/><W13/><G132/><T106/><D80/><U65/><E128/><V91/><F126/><W99/><G127/><T3/><D124/><U78/><E103/><V108/><F108/><W113/><G113/><N who="0" m="43019" /><D66/><U9/><E86/><V76/><F62/><W6/><G129/><T112/><D112/><U117/><E78/><V27/><F27/><W41/><G70/><T77/><D77/><U25/><E117/><V64/><F64/><W119/><G69/><T2/><D34/><U44/><E35/><V130/><F130/><W63/><G58/><T79/><D79/><U48/><REACH who="1" step="1"/><E32/><REACH who="1" ten="279,244,238,219" step="2"/><V51/><F76/><W7/><G119/><T67/><D67/><U118/><E118/><V97/><F85/><W83/><G83/><T135/><D135/><U29/><E29/><V96/><F87/><W116/><G116/><T111/><AGARI ba="2,2" hai="0,2,3,36,37,38,98,101,106,110,111" m="43019" machi="111" ten="50,1600,0" yaku="23,1" doraHai="50" who="0" fromWho="0" sc="279,42,244,-10,238,-6,219,-6" /><INIT seed="2,0,0,5,1,49" ten="321,234,232,213" oya="2" hai0="87,16,56,107,72,66,133,70,50,53,14,79,96" hai1="117,23,93,130,98,43,69,102,57,92,129,39,111" hai2="120,122,123,55,126,44,51,60,11,135,7,17,64" hai3="104,13,45,12,121,99,127,2,54,73,6,34,116"/><V74/><F74/><W31/><G121/><T58/><D72/><U33/><E69/><V80/><F126/><W62/><G116/><T67/><D70/><U8/><E117/><V32/><F32/><W22/><G73/><T19/><D133/><U76/><E33/><V30/><F30/><W125/><G34/><T46/><D107/><U63/><E111/><V119/><F135/><W48/><G2/><T103/><D19/><U47/><E76/><V24/><F80/><W61/><G13/><T124/><D96/><U71/><E71/><V82/><F82/><W108/><G108/><T91/><D103/><U97/><E8/><V90/><F90/><W41/><G99/><T4/><D4/><U95/><E23/><V131/><F131/><N who="1" m="50185" /><E102/><V114/><F114/><W81/><G104/><T128/><D124/><N who="3" m="47689" /><G81/><N who="0" m="49647" /><D128/><U85/><E85/><V77/><F77/><W65/><G31/><T38/><D38/><U112/><E112/><V101/><F101/><W113/><G113/><T5/><D5/><U134/><E134/><V36/><F36/><N who="3" m="21671" /><G65/><AGARI ba="0,0" hai="39,43,47,57,63,65,92,93,95,97,98" m="50185" machi="65" ten="30,1000,0" yaku="19,1" doraHai="49" who="1" fromWho="3" sc="321,0,234,10,232,0,213,-10" /><INIT seed="3,0,0,4,5,34" ten="321,244,232,203" oya="3" hai0="96,77,37,20,1,6,33,57,35,8,2,5,49" hai1="121,88,30,4,115,7,61,22,129,109,29,17,64" hai2="71,69,14,90,44,75,91,131,84,60,46,70,105" hai3="122,130,73,67,97,108,78,59,15,133,39,107,38"/><W125/><G59/><T93/><D37/><U13/><E115/><V32/><F32/><W119/><G15/><T118/><D77/><U100/><E100/><V80/><F131/><W36/><G67/><T24/><D118/><U26/><E121/><V76/><F105/><W85/><G85/><T19/><D49/><U103/><E30/><V55/><F91/><W53/><G53/><T31/><D57/><U101/><E109/><V9/><F55/><W86/><G86/><T58/><D58/><U124/><E129/><V112/><F112/><W23/><G23/><T106/><D106/><U40/><E40/><V48/><F48/><W52/><G52/><T62/><D62/><U117/><E124/><V50/><F50/><W28/><G28/><T51/><D51/><U110/><E110/><V120/><F120/><W95/><G95/><T0/><D6/><U54/><E117/><V81/><REACH who="2" step="1"/><F60/><REACH who="2" ten="321,244,222,203" step="2"/><W99/><G39/><T92/><D35/><U123/><E54/><V12/><F12/><W21/><G38/><T3/><REACH who="0" step="1"/><D96/><REACH who="0" ten="311,244,222,203" step="2"/><U113/><E61/><V134/><F134/><W94/><G99/><T87/><D87/><U79/><E113/><V18/><AGARI ba="0,2" hai="9,14,18,44,46,69,70,71,75,76,80,81,84,90" machi="18" ten="30,4000,0" yaku="1,1,0,1,53,1" doraHai="34" doraHaiUra="10" who="2" fromWho="2" sc="311,-10,244,-10,222,60,203,-20" /><INIT seed="4,0,0,1,4,21" ten="301,234,282,183" oya="0" hai0="37,60,128,51,100,20,58,83,87,77,113,71,61" hai1="29,24,25,9,104,2,125,46,59,65,8,68,110" hai2="30,109,127,134,108,131,27,35,78,94,96,15,14" hai3="41,57,7,66,17,111,105,73,97,26,92,75,6"/><T0/><D37/><U48/><E104/><V70/><F70/><W122/><G111/><T40/><D0/><U54/><E110/><V88/><F127/><W101/><G122/><T42/><D128/><U12/><E125/><V39/><F131/><W33/><G41/><T36/><D113/><U10/><E68/><V129/><F39/><W31/><G105/><T86/><D100/><U4/><E2/><V55/><F134/><W11/><G17/><T126/><D36/><U43/><E65/><V53/><F15/><W91/><G91/><T119/><D119/><U23/><E25/><V121/><F121/><W52/><G66/><T112/><D112/><U102/><REACH who="1" step="1"/><E102/><REACH who="1" ten="301,224,282,183" step="2"/><V44/><F109/><W85/><G7/><T135/><D71/><U107/><E107/><V106/><F106/><W13/><REACH who="3" step="1"/><G85/><REACH who="3" ten="301,224,282,173" step="2"/><T56/><D87/><U45/><E45/><V22/><F44/><W28/><G28/><T90/><D126/><U117/><E117/><V98/><F108/><W93/><G93/><T3/><D86/><U19/><E19/><V123/><F94/><W81/><G81/><T38/><D83/><U80/><E80/><V49/><F123/><W5/><G5/><T103/><D135/><U130/><E130/><V82/><F82/><W74/><G74/><T114/><D114/><U32/><E32/><V115/><F35/><W99/><G99/><T89/><D77/><U120/><E120/><V64/><F78/><W47/><G47/><T133/><D133/><U34/><E34/><V72/><F98/><W1/><G1/><T63/><D3/><U18/><E18/><RYUUKYOKU ba="0,2" sc="301,-15,224,15,282,-15,173,15" hai1="4,8,9,10,12,23,24,29,43,46,48,54,59" hai3="6,11,13,26,31,33,52,57,73,75,92,97,101" /><INIT seed="5,1,2,0,0,2" ten="286,239,267,188" oya="1" hai0="108,22,88,20,130,75,50,129,71,37,4,48,92" hai1="30,115,54,21,83,98,61,124,118,15,46,74,42" hai2="127,62,132,31,72,133,12,25,36,5,3,73,91" hai3="39,107,97,51,114,111,79,1,32,47,58,69,8"/><U96/><E118/><V78/><F36/><W117/><G111/><T103/><D37/><U121/><E121/><V135/><F127/><W18/><G117/><T63/><D103/><U66/><E124/><V43/><F43/><W102/><G69/><T70/><D75/><U33/><E33/><V100/><F3/><W35/><G114/><T94/><D63/><U13/><E115/><V125/><F78/><W16/><G79/><T41/><D41/><U126/><E126/><V65/><F91/><W10/><G39/><T95/><D88/><U128/><E128/><N who="0" m="49257" /><D4/><U26/><E54/><V17/><F5/><W134/><G134/><T23/><D108/><U112/><E112/><V44/><F100/><W77/><G77/><T34/><D34/><U101/><E74/><V85/><F85/><W110/><G110/><T53/><D53/><U76/><E83/><V28/><F125/><W29/><G35/><T119/><D119/><U99/><E76/><V68/><F73/><W60/><G32/><T80/><D80/><U38/><REACH who="1" step="1"/><E101/><REACH who="1" ten="286,229,267,188" step="2"/><V0/><F72/><W59/><G102/><T105/><D105/><U86/><E86/><V122/><F132/><W6/><G107/><T90/><D90/><U89/><E89/><V116/><F135/><W24/><G97/><T27/><D27/><U11/><E11/><V113/><F25/><W81/><G10/><T104/><D104/><U87/><E87/><V82/><F82/><W55/><G81/><T123/><D123/><U40/><E40/><V49/><F122/><W120/><G120/><T14/><D95/><U64/><E64/><RYUUKYOKU ba="1,3" sc="286,-10,229,30,267,-10,188,-10" hai1="13,15,21,26,30,38,42,46,61,66,96,98,99" /><INIT seed="5,2,3,5,5,34" ten="276,259,257,178" oya="1" hai0="78,39,117,134,118,79,46,38,21,30,75,13,96" hai1="31,116,89,95,130,72,0,3,49,7,86,119,102" hai2="83,28,84,129,131,69,97,45,92,29,9,74,24" hai3="55,12,80,85,58,57,14,91,37,4,27,104,67"/><U5/><E72/><V114/><F69/><W41/><G104/><T71/><D71/><U35/><E102/><V16/><F74/><W77/><G67/><T2/><D2/><U65/><E65/><V32/><F29/><W8/><G27/><T17/><D134/><U52/><E130/><V133/><F133/><W59/><G37/><T105/><D30/><U51/><E35/><V127/><F127/><W47/><G41/><T81/><D79/><U63/><E63/><V109/><F109/><W53/><G47/><T100/><REACH who="0" step="1"/><D46/><REACH who="0" ten="266,259,257,178" step="2"/><U99/><E31/><V73/><F45/><W19/><REACH who="3" step="1"/><G77/><REACH who="3" ten="266,259,257,168" step="2"/><T98/><D98/><U125/><E99/><V33/><F97/><W43/><G43/><T70/><D70/><U23/><E116/><AGARI ba="2,5" hai="13,17,21,38,39,75,78,81,96,100,105,116,117,118" machi="116" ten="40,1300,0" yaku="1,1,53,0" doraHai="34" doraHaiUra="36" who="0" fromWho="1" sc="266,69,259,-19,257,0,168,0" /><INIT seed="6,0,0,2,3,66" ten="335,240,257,168" oya="2" hai0="80,84,15,56,107,43,104,41,58,122,131,19,110" hai1="90,76,75,115,44,30,70,1,38,23,133,12,35" hai2="85,29,73,121,99,105,124,96,2,25,126,125,93" hai3="8,33,4,11,71,22,69,108,50,79,42,59,83"/><V111/><F2/><W17/><G108/><T101/><D110/><U63/><E35/><N who="2" m="20911" /><F121/><W103/><G33/><T18/><D131/><U5/><E30/><V123/><F123/><W116/><G116/><T3/><D3/><U135/><E115/><V94/><F73/><W40/><G103/><T78/><D122/><U92/><E23/><V0/><F0/><W62/><G11/><T65/><D101/><U49/><E12/><V87/><F105/><W95/><G95/><N who="2" m="36361" /><F111/><W45/><G42/><T114/><D114/><U48/><E38/><V74/><F74/><W6/><G8/><T26/><D107/><U100/><E1/><V81/><F81/><W61/><G61/><T119/><D104/><U127/><E63/><V118/><F118/><W51/><G51/><T34/><D119/><U9/><E49/><V37/><F37/><W72/><G6/><T68/><D43/><U31/><E48/><V64/><F64/><W57/><G4/><T91/><D41/><U97/><E5/><V54/><F54/><W77/><G77/><T39/><D78/><U60/><E76/><V24/><F24/><W117/><G117/><T113/><D39/><U46/><E75/><V67/><F67/><W32/><G32/><T52/><D34/><U129/><E60/><V112/><F112/><W36/><G36/><T128/><D113/><U98/><E31/><V106/><F106/><W16/><G17/><T53/><D19/><U89/><E92/><V120/><F120/><W7/><G7/><T88/><D18/><U55/><E55/><V134/><F134/><W109/><G109/><RYUUKYOKU ba="0,0" sc="335,-10,240,-10,257,30,168,-10" hai2="85,87,96,99,124,125,126" /><INIT seed="6,1,0,0,4,93" ten="325,230,287,158" oya="2" hai0="118,25,116,100,86,0,106,101,76,3,36,94,73" hai1="12,59,102,27,90,52,69,65,38,89,51,56,130" hai2="50,79,128,63,75,72,134,124,109,28,85,57,29" hai3="10,53,127,6,58,129,17,107,20,103,122,88,46"/><V123/><F123/><W32/><G122/><T61/><D36/><U133/><E38/><V47/><F109/><W121/><G121/><T67/><D25/><U9/><E69/><V42/><F124/><W77/><G127/><T115/><D115/><U34/><E133/><V112/><F134/><W117/><G32/><T119/><D106/><U99/><E130/><V23/><F112/><W97/><G129/><T96/><D101/><U110/><E110/><V71/><F71/><W5/><G77/><T22/><D22/><U55/><E65/><V131/><F131/><W92/><G46/><T83/><REACH who="0" step="1"/><D73/><REACH who="0" ten="315,230,287,158" step="2"/><U26/><E27/><V48/><F75/><W13/><G117/><T15/><D15/><U68/><E26/><V80/><F72/><W113/><G113/><T8/><D8/><U7/><E34/><V30/><F23/><W33/><G33/><T45/><D45/><U43/><E43/><V49/><REACH who="2" step="1"/><F128/><REACH who="2" ten="315,230,277,158" step="2"/><W54/><G10/><T114/><D114/><U64/><E9/><V37/><F37/><W82/><G107/><T14/><D14/><U66/><E12/><V2/><F2/><W91/><G20/><T125/><D125/><U21/><E21/><V62/><F62/><W39/><G39/><T108/><D108/><U4/><E7/><V31/><N who="2" m="7168" /><DORA hai="87" /><V135/><F135/><W70/><G6/><T126/><D126/><U104/><E4/><V120/><F120/><W11/><G5/><T18/><D18/><U105/><E105/><V132/><F132/><W35/><G35/><T74/><D74/><U84/><E104/><V81/><F81/><RYUUKYOKU ba="1,2" sc="315,15,230,-15,277,15,158,-15" hai0="0,3,61,67,76,83,86,94,96,100,116,118,119" hai2="42,47,48,49,50,57,63,79,80,85" /><INIT seed="6,2,2,0,2,61" ten="330,215,292,143" oya="2" hai0="89,129,14,65,116,1,113,44,9,91,77,45,21" hai1="126,32,130,50,97,58,108,33,30,20,40,47,80" hai2="69,95,127,46,49,94,112,102,27,90,103,54,38" hai3="59,86,87,12,79,135,34,18,101,96,43,107,72"/><V114/><F38/><W83/><G34/><T110/><D110/><U134/><E108/><V29/><F127/><W84/><G43/><T57/><D1/><U66/><E126/><V39/><F39/><W82/><G59/><T115/><D77/><U123/><E134/><V41/><F69/><W133/><G12/><T74/><D21/><U48/><E130/><V73/><F73/><W76/><REACH who="3" step="1"/><G18/><REACH who="3" ten="330,215,292,133" step="2"/><T70/><D57/><U81/><E33/><V22/><F41/><W121/><G121/><T118/><D14/><U99/><E32/><V42/><F42/><W3/><G3/><T62/><D129/><U53/><E123/><V5/><F5/><W64/><G64/><T88/><D45/><U63/><E30/><V2/><F2/><W124/><G124/><T98/><D44/><U52/><E20/><V128/><F128/><W92/><G92/><T28/><D28/><U60/><E40/><V111/><F95/><W109/><G109/><T93/><D93/><U13/><E13/><V25/><F111/><W36/><G36/><T16/><D16/><U104/><E104/><V131/><F131/><W11/><G11/><T31/><D31/><U10/><E10/><V120/><F120/><W68/><G68/><T23/><D23/><U100/><E66/><V125/><F125/><W19/><G19/><T15/><D9/><U4/><E4/><V67/><F67/><W71/><G71/><T132/><D15/><U7/><E7/><V75/><F94/><W24/><G24/><T0/><D0/><U35/><E35/><V85/><F27/><W55/><G55/><RYUUKYOKU ba="2,3" sc="330,-10,215,-10,292,-10,133,30" hai3="72,76,79,82,83,84,86,87,96,101,107,133,135" /><INIT seed="7,3,3,0,2,39" ten="320,205,282,163" oya="3" hai0="48,97,22,83,104,111,132,28,123,119,53,51,76" hai1="3,57,54,56,40,72,12,11,84,2,19,35,73" hai2="109,99,121,63,24,9,124,4,86,5,103,30,10" hai3="90,128,134,42,66,71,120,79,67,100,105,106,61"/><W77/><G120/><T98/><D111/><U93/><E35/><V8/><F109/><W135/><G67/><T131/><D119/><U81/><E57/><V78/><F124/><W130/><G90/><T45/><D104/><N who="3" m="40041" /><G100/><T37/><D37/><U46/><E93/><V14/><F121/><W114/><G114/><T101/><D131/><N who="3" m="50217" /><G42/><T91/><D91/><U64/><E64/><V16/><F99/><W94/><G94/><T25/><D123/><U110/><E110/><V82/><F103/><W60/><G60/><T29/><D101/><U59/><E72/><V92/><F63/><W87/><G87/><N who="0" m="48615" /><D98/><U50/><E73/><V116/><F116/><W52/><G52/><N who="0" m="29711" /><D97/><U43/><E43/><V115/><F115/><W118/><G118/><T126/><D126/><U89/><E59/><V23/><REACH who="2" step="1"/><F92/><REACH who="2" ten="320,205,272,163" step="2"/><W27/><G27/><T38/><D25/><U33/><E33/><AGARI ba="3,4" hai="4,5,8,9,10,14,16,23,24,30,33,78,82,86" machi="33" ten="40,5200,0" yaku="1,1,2,1,54,1,53,0" doraHai="39" doraHaiUra="47" who="2" fromWho="1" sc="320,0,205,-61,272,101,163,0" owari="320,12.0,144,-36.0,373,48.0,163,-24.0" /></mjloggm>