<mjloggm ver="2.3"><GO type="41" lobby="0"/><UN n0="%E3%81%AA%E3%81%8B%E3%82%84%E3%81%BE%E3%81%8D%E3%82%93%E3%81%AB%E3%81%8F" n1="%73%65%74%74%65%69" n2="%E3%82%A4%E3%83%84%E3%82%B5%E3%82%A4%E3%83%B3%E3%82%B4" n3="%E2%93%9D%53%75%70%68%78" dan="14,13,14,18" rate="1946.48,1870.15,1859.61,2126.27" sx="M,M,F,M"/><TAIKYOKU oya="0"/><INIT seed="0,0,0,3,5,105" ten="250,250,250,250" oya="0" hai0="32,21,45,97,127,121,108,67,91,70,81,128,62" hai1="99,126,65,118,30,72,2,134,54,103,57,4,26" hai2="130,56,43,19,75,107,10,106,64,96,100,51,6" hai3="17,36,83,41,42,95,60,129,33,58,55,89,46"/><T63/><D121/><U5/><E118/><V14/><F107/><W74/><G129/><T73/><D32/><U98/><E98/><V104/><F130/><W48/><G33/><T85/><D128/><U16/><E126/><V20/><F106/><W0/><G0/><T11/><D127/><U13/><E134/><V37/><F37/><W47/><G17/><T114/><D114/><U52/><E65/><V49/><F43/><W40/><G83/><T22/><D108/><U76/><E76/><V117/><F117/><W69/><G74/><T9/><D62/><U133/><E72/><V66/><F75/><W3/><G3/><T90/><D45/><U101/><E54/><V59/><F56/><W77/><G77/><T88/><D73/><U7/><E99/><V39/><F39/><W124/><G95/><T84/><D97/><U80/><E80/><V131/><F131/><W15/><G15/><T87/><REACH who="0" step="1"/><D81/><REACH who="0" ten="240,250,250,250" step="2"/><U92/><E133/><V38/><F38/><W79/><G124/><T116/><D116/><U50/><E2/><V44/><F51/><W34/><G34/><T23/><AGARI ba="0,1" hai="9,11,21,22,23,63,67,70,84,85,87,88,90,91" machi="23" ten="40,12000,1" yaku="1,1,0,1,29,2,54,1,53,0" doraHai="105" doraHaiUra="115" who="0" fromWho="0" sc="240,130,250,-40,250,-40,250,-40" /><INIT seed="0,1,0,5,0,37" ten="370,210,210,210" oya="0" hai0="121,3,120,76,99,47,87,111,16,12,93,69,34" hai1="131,63,41,102,61,40,106,90,36,19,105,129,103" hai2="67,13,70,58,56,43,127,72,114,125,15,85,98" hai3="29,60,35,2,104,59,54,21,0,6,55,132,17"/><T26/><D3/><U123/><E36/><V128/><F72/><W52/><G104/><T80/><D69/><U74/><E19/><V83/><F114/><W42/><G132/><T30/><D47/><U39/><E39/><V116/><F70/><W45/><G29/><T113/><D111/><U77/><E90/><V135/><F98/><W78/><G35/><T109/><D109/><U8/><E8/><V75/><F75/><W122/><G78/><T14/><D113/><U57/><E74/><V24/><F24/><W64/><G122/><T126/><D14/><U107/><E77/><V73/><F73/><W134/><G6/><T71/><D71/><U124/><E57/><V51/><F116/><W48/><REACH who="3" step="1"/><G134/><REACH who="3" ten="370,210,210,200" step="2"/><T27/><D126/><N who="2" m="48138" /><F135/><W133/><G133/><T7/><D7/><U112/><E124/><V115/><F115/><W91/><G91/><T108/><D108/><U18/><E112/><V94/><F128/><N who="1" m="49225" /><E123/><V5/><F5/><W89/><G89/><T22/><REACH who="0" step="1"/><D27/><AGARI ba="1,1" hai="0,2,17,21,27,42,45,48,52,54,55,59,60,64" machi="27" ten="40,5200,0" yaku="1,1,52,1,54,1,53,0" doraHai="37" doraHaiUra="9" who="3" fromWho="0" sc="370,-55,210,0,210,0,200,65" /><INIT seed="1,0,0,4,3,75" ten="315,210,210,265" oya="1" hai0="135,15,60,25,76,72,94,117,47,4,101,42,34" hai1="49,57,48,122,7,61,132,131,1,33,123,93,2" hai2="134,56,129,96,36,109,18,31,9,130,21,77,71" hai3="68,87,59,29,6,11,102,0,54,92,118,8,24"/><U74/><E33/><V86/><F71/><W104/><G68/><T67/><D117/><U40/><E131/><V111/><F36/><W38/><G104/><T58/><D135/><U84/><E132/><V62/><F134/><W78/><G38/><T128/><D128/><N who="2" m="49258" /><F9/><W116/><G11/><T45/><D4/><U127/><E127/><V66/><F31/><W46/><G46/><T22/><D15/><U28/><E28/><V55/><F96/><W64/><G64/><T95/><D34/><U53/><E74/><V35/><F35/><W97/><G29/><T10/><D10/><U98/><E7/><V88/><F66/><W119/><G24/><T133/><D133/><U27/><E27/><N who="2" m="14775" /><F77/><W63/><G87/><T110/><D110/><U16/><E84/><V12/><F12/><W70/><G70/><T82/><D101/><U81/><E81/><AGARI ba="0,0" hai="55,56,62,81,86,88,109,111" m="14775,49258" machi="81" ten="30,2000,0" yaku="19,1,54,1" doraHai="75" who="2" fromWho="1" sc="315,0,210,-20,210,20,265,0" /><INIT seed="2,0,0,1,5,113" ten="315,190,230,265" oya="2" hai0="103,5,49,20,26,116,76,64,2,7,124,69,48" hai1="55,118,73,65,99,52,129,128,98,109,39,82,66" hai2="29,14,16,1,123,37,4,131,111,33,61,25,110" hai3="34,84,62,72,81,38,53,28,70,60,112,10,90"/><V104/><F37/><W94/><G112/><T106/><D124/><U45/><E39/><V93/><F104/><W40/><G70/><T134/><D134/><U30/><E30/><V79/><F79/><W114/><G114/><T132/><D132/><U21/><E21/><N who="2" m="11415" /><F93/><W100/><G40/><T19/><D76/><U67/><E73/><V18/><F18/><W17/><G72/><T44/><D116/><U92/><E82/><V24/><F61/><W75/><G75/><T135/><D135/><U32/><E32/><V101/><F101/><W86/><G28/><T78/><D78/><U56/><E109/><N who="2" m="41483" /><F25/><W121/><G62/><T47/><D64/><U23/><E23/><V9/><F131/><W71/><G100/><T107/><D103/><U51/><E92/><V22/><F22/><W97/><G94/><T36/><D36/><U83/><E118/><V11/><F11/><W127/><G10/><T130/><D130/><N who="1" m="50283" /><E83/><V54/><F54/><W50/><G53/><T31/><D19/><U46/><E46/><V115/><F115/><W13/><G17/><T122/><D47/><U91/><E91/><V119/><F119/><W0/><G90/><T12/><D44/><U89/><E89/><V117/><F117/><W77/><G81/><T108/><D108/><U95/><E95/><V59/><F59/><W120/><G77/><T8/><D107/><U133/><E133/><V43/><F123/><W80/><G121/><T15/><D106/><U102/><E102/><V85/><F85/><W57/><G86/><T87/><D122/><U58/><E58/><V125/><F125/><RYUUKYOKU ba="0,0" sc="315,-15,190,15,230,15,265,-15" hai1="45,51,52,55,56,65,66,67,98,99" hai2="1,4,9,24,29,33,43" /><INIT seed="2,1,0,3,3,2" ten="300,205,245,250" oya="2" hai0="57,134,120,115,130,39,62,84,18,76,50,104,79" hai1="26,119,65,128,20,75,93,90,70,23,81,58,40" hai2="6,110,129,98,69,121,45,22,66,63,19,46,83" hai3="124,67,13,127,1,103,80,135,27,17,88,99,125"/><V8/><F121/><W37/><G1/><T12/><D120/><U85/><E128/><V123/><F129/><W56/><G37/><T59/><D115/><U60/><E119/><V21/><F21/><W116/><G116/><T53/><D130/><U102/><E40/><V51/><F46/><W82/><G27/><T54/><D134/><U49/><E75/><V0/><F123/><W11/><G135/><T16/><D104/><U43/><E23/><V73/><F110/><W91/><G67/><T42/><D18/><U71/><E43/><V52/><F98/><W108/><G56/><T34/><D34/><U41/><E41/><V4/><F8/><W118/><G108/><T14/><D14/><U133/><E49/><V106/><F106/><W35/><G35/><T94/><D42/><U31/><E133/><V109/><F0/><W30/><G30/><T36/><D36/><U132/><E132/><V105/><F105/><N who="3" m="63743" /><G118/><T117/><D39/><U33/><E33/><V126/><F109/><W89/><AGARI ba="1,0" hai="11,13,17,80,82,88,89,91,124,125,127" m="63743" machi="89" ten="40,2700,0" yaku="18,1,54,1" doraHai="2" who="3" fromWho="3" sc="300,-8,205,-8,245,-14,250,30" /><INIT seed="3,0,0,1,3,45" ten="292,197,231,280" oya="3" hai0="97,17,115,86,130,7,100,66,33,10,105,41,88" hai1="4,8,52,92,19,27,24,74,62,21,36,126,109" hai2="120,61,111,84,26,18,0,53,29,108,47,80,103" hai3="112,73,93,40,116,117,89,77,131,23,127,90,76"/><W79/><G40/><T3/><D33/><U95/><E74/><V25/><F0/><W133/><G23/><T96/><D130/><U91/><E36/><V134/><F103/><W83/><G112/><T34/><D115/><U60/><E109/><V68/><F26/><W85/><G131/><T94/><D34/><U9/><E126/><V49/><F120/><W38/><G38/><T48/><D66/><U135/><E135/><V32/><F134/><W104/><G133/><T1/><D17/><U43/><E43/><V14/><F68/><W123/><G127/><T22/><D22/><U78/><E78/><N who="3" m="30314" /><G123/><T2/><REACH who="0" step="1"/><D97/><REACH who="0" ten="282,197,231,280" step="2"/><U59/><E95/><V114/><F114/><W51/><G117/><T54/><D54/><U70/><E70/><V39/><F111/><W113/><G116/><T50/><D50/><N who="1" m="31127" /><E27/><V119/><F108/><W118/><G113/><T55/><D55/><U125/><E125/><V31/><F119/><W82/><G118/><T44/><AGARI ba="0,1" hai="1,2,3,7,10,41,44,48,86,88,94,96,100,105" machi="44" ten="30,7900,0" yaku="1,1,0,1,52,1,54,1,53,0" doraHai="45" doraHaiUra="124" who="0" fromWho="0" sc="282,89,197,-20,231,-20,280,-39" /><INIT seed="4,0,0,2,4,122" ten="371,177,211,241" oya="0" hai0="71,124,54,63,67,120,68,102,15,2,55,93,49" hai1="79,95,13,86,76,41,82,27,90,104,39,48,106" hai2="118,9,45,113,105,83,38,50,65,56,129,59,134" hai3="101,135,52,110,5,14,73,4,88,108,22,70,46"/><T42/><D2/><U32/><E39/><V131/><F105/><W85/><G73/><T29/><D120/><U28/><E76/><V3/><F3/><W81/><G70/><T66/><D29/><U51/><E13/><V84/><F9/><W57/><G101/><T133/><D15/><U64/><E64/><V25/><F25/><W121/><G121/><T35/><D35/><U111/><E111/><V6/><F6/><W100/><G100/><T96/><D124/><U126/><E126/><V43/><F84/><W89/><G135/><T10/><D10/><U77/><E77/><V99/><F99/><W115/><G115/><T11/><D11/><U91/><E91/><V107/><F83/><W109/><G46/><T75/><D75/><U119/><E119/><V60/><F107/><W30/><G89/><T130/><D133/><U37/><E37/><V69/><F134/><W92/><G81/><T132/><D132/><U34/><E34/><V36/><F113/><W20/><G30/><T78/><D78/><U44/><REACH who="1" step="1"/><E48/><REACH who="1" ten="371,167,211,241" step="2"/><V98/><F38/><W97/><G14/><T47/><REACH who="0" step="1"/><D130/><REACH who="0" ten="361,167,211,241" step="2"/><N who="2" m="49674" /><F118/><W94/><G110/><T12/><D12/><U16/><E16/><V72/><F72/><AGARI ba="0,2" hai="27,28,32,41,44,51,72,79,82,86,90,95,104,106" machi="72" ten="30,2000,0" yaku="1,1,7,1,53,0" doraHai="122" doraHaiUra="19" who="1" fromWho="2" sc="361,0,167,40,211,-20,241,0" /><INIT seed="5,0,0,1,2,23" ten="361,207,191,241" oya="1" hai0="123,5,113,46,105,95,75,7,43,108,73,9,4" hai1="79,74,36,35,106,72,80,107,14,32,58,96,126" hai2="51,13,91,98,85,120,118,127,76,37,0,17,90" hai3="24,64,99,67,110,81,50,84,69,30,102,3,109"/><U10/><E36/><V16/><F37/><W20/><G3/><T121/><D108/><U11/><E11/><V128/><F0/><W122/><G122/><N who="0" m="46603" /><D105/><U53/><E74/><N who="0" m="28169" /><D113/><U28/><E126/><V132/><F127/><W97/><G97/><T2/><D95/><U129/><E129/><V135/><F120/><W94/><G69/><T114/><D114/><U49/><E96/><V45/><F128/><W115/><G115/><T131/><D131/><U38/><E38/><AGARI ba="0,0" hai="2,4,5,7,9,38,43,46" m="28169,46603" machi="38" ten="30,1000,0" yaku="13,1" doraHai="23" who="0" fromWho="1" sc="361,10,207,-10,191,0,241,0" /><INIT seed="6,0,0,3,3,41" ten="371,197,191,241" oya="2" hai0="14,64,40,68,116,113,120,114,93,46,7,31,63" hai1="52,112,8,55,57,38,58,12,106,32,3,45,132" hai2="118,79,86,11,18,37,117,96,19,49,34,100,20" hai3="61,65,107,129,105,83,99,60,1,101,104,102,124"/><V97/><F34/><W134/><G1/><T125/><D120/><U51/><E106/><V110/><F37/><W90/><G61/><T21/><D125/><U48/><E3/><V130/><F110/><W80/><G60/><T27/><D116/><U6/><E32/><V66/><F66/><W62/><G62/><T84/><D7/><U109/><E109/><V103/><F130/><W16/><G16/><T111/><D14/><U88/><E112/><N who="0" m="43113" /><D111/><U0/><E132/><V29/><F29/><W126/><G65/><T47/><D40/><U133/><E133/><V121/><F121/><W123/><G134/><T77/><D93/><U94/><E38/><V67/><F67/><W82/><G129/><T87/><D77/><U43/><E0/><V119/><F11/><W74/><G123/><T17/><D31/><U69/><E69/><V89/><F79/><W78/><G126/><T131/><D131/><U28/><E28/><V35/><F35/><W115/><G115/><T127/><D127/><U122/><E122/><V25/><F18/><W36/><G36/><T81/><D81/><N who="3" m="31305" /><G124/><T71/><D68/><U92/><E92/><AGARI ba="0,0" hai="74,78,82,90,92,99,101,102,104,105,107" m="31305" machi="92" ten="40,8000,1" yaku="35,5" doraHai="41" who="3" fromWho="1" sc="371,0,197,-80,191,0,241,80" /><INIT seed="7,0,0,1,2,52" ten="371,117,191,321" oya="3" hai0="8,54,129,26,119,133,65,125,38,50,126,46,131" hai1="69,90,128,84,31,40,122,22,79,91,5,95,1" hai2="15,3,20,82,56,75,96,45,61,44,13,19,53" hai3="92,68,108,101,47,114,21,106,25,35,94,97,85"/><W59/><G68/><T118/><D133/><U80/><E69/><V51/><F3/><W24/><G114/><T39/><D65/><U88/><E122/><V30/><F75/><W73/><G73/><T76/><D76/><U105/><E1/><V109/><F109/><W62/><G108/><T104/><D104/><U41/><E5/><V28/><F82/><W102/><G35/><T10/><D26/><U29/><E105/><V72/><F72/><W116/><G116/><N who="0" m="44587" /><D10/><U27/><E128/><N who="0" m="49225" /><D8/><U113/><E113/><V134/><F134/><W4/><G4/><T83/><D83/><U110/><E110/><V135/><F135/><W57/><G106/><T36/><AGARI ba="0,0" hai="36,38,39,46,50,54,125,126" m="49225,44587" machi="36" ten="40,5200,0" yaku="19,1,34,2" doraHai="52" who="0" fromWho="0" sc="371,52,117,-13,191,-13,321,-26" owari="423,52.0,104,-40.0,178,-22.0,295,10.0" /></mjloggm>