<mjloggm ver="2.3"><GO type="41" lobby="0"/><UN n0="%E3%82%AB%E3%83%86%E3%82%A3%E3%83%BC%E3%82%B5%E3%83%BC%E3%82%AF" n1="%E3%81%82%E3%82%8A%E3%82%93%E3%81%93%40%E3%82%AD%E3%83%83%E3%83%89" n2="%74%74%61%74%74%61%6D%69" n3="%E2%93%9D%53%75%70%68%78" dan="15,15,14,18" rate="1984.27,1986.13,1935.20,2063.58" sx="M,M,M,M"/><TAIKYOKU oya="0"/><INIT seed="0,0,0,3,1,113" ten="250,250,250,250" oya="0" hai0="75,130,80,109,95,133,20,7,122,35,77,114,2" hai1="126,90,34,110,0,79,117,68,67,3,21,25,4" hai2="48,9,58,56,135,57,10,112,134,65,111,28,46" hai3="47,106,41,30,45,115,87,88,129,89,33,132,70"/><T73/><D20/><U76/><E110/><V59/><F112/><W50/><G115/><T36/><D7/><U61/><E126/><V100/><F100/><W78/><G70/><T74/><D95/><U108/><E108/><V82/><F28/><W91/><G106/><T54/><D80/><U11/><E34/><V40/><F111/><W128/><G132/><N who="2" m="50729" /><F82/><W26/><G78/><T107/><D54/><U118/><E3/><V69/><F10/><W101/><G101/><T85/><D85/><U105/><E105/><V83/><F9/><W43/><REACH who="3" step="1"/><G87/><REACH who="3" ten="250,250,250,240" step="2"/><T96/><D77/><U29/><REACH who="1" step="1"/><E90/><REACH who="1" ten="250,240,250,240" step="2"/><V98/><F69/><W124/><G124/><T49/><D75/><U8/><E8/><V15/><F65/><W64/><G64/><T102/><D74/><U94/><E94/><V44/><F83/><W51/><AGARI ba="0,2" hai="26,30,33,41,43,45,47,50,51,88,89,91,128,129" machi="51" ten="30,7900,0" yaku="1,1,0,1,9,1,54,1,53,0" doraHai="113" doraHaiUra="16" who="3" fromWho="3" sc="250,-39,240,-20,250,-20,240,99" /><INIT seed="1,0,0,3,3,116" ten="211,220,230,339" oya="1" hai0="72,127,42,53,85,130,99,125,28,119,73,107,63" hai1="25,4,44,121,37,90,1,23,123,101,112,79,89" hai2="11,81,118,88,111,132,135,104,74,70,7,122,2" hai3="75,55,133,102,17,105,52,30,91,34,40,66,46"/><U26/><E112/><V29/><F70/><W21/><G75/><T108/><D119/><U6/><E101/><V67/><F104/><W69/><G133/><T98/><D42/><U38/><E79/><V58/><F111/><W33/><G91/><T59/><D28/><U124/><E124/><N who="0" m="47689" /><D130/><U41/><E1/><V10/><F74/><N who="0" m="28778" /><D107/><U76/><E76/><V12/><F29/><W16/><G34/><T134/><D134/><U39/><E44/><V131/><F131/><W120/><G33/><T62/><D108/><U45/><E45/><V71/><F71/><W20/><G30/><T65/><D85/><U126/><E126/><V78/><F118/><W56/><G69/><AGARI ba="0,0" hai="53,59,62,63,65,69,98,99" m="28778,47689" machi="69" ten="30,1000,0" yaku="18,1" doraHai="116" who="0" fromWho="3" sc="211,10,220,0,230,0,339,-10" /><INIT seed="2,0,0,4,4,83" ten="221,220,230,329" oya="2" hai0="60,36,27,20,127,63,123,111,133,0,17,57,91" hai1="19,126,98,55,82,4,81,53,135,16,101,85,12" hai2="115,68,67,52,110,59,3,44,93,75,70,88,33" hai3="66,62,47,100,105,45,74,90,124,103,116,132,64"/><V32/><F115/><W37/><G74/><T78/><D36/><U87/><E126/><V92/><F3/><W79/><G79/><T109/><D0/><U107/><E135/><V38/><F75/><W5/><G105/><T48/><D78/><U18/><E4/><V11/><F93/><W65/><G5/><T29/><D123/><U8/><E82/><V94/><F94/><W43/><G116/><T99/><D127/><U102/><E102/><V7/><F110/><N who="0" m="41994" /><D133/><U71/><E71/><V120/><F120/><W46/><G90/><T122/><D122/><U23/><E81/><V89/><F89/><W49/><G103/><T21/><D48/><U119/><E119/><V84/><F70/><W25/><G100/><T39/><D39/><U128/><E128/><V28/><F28/><W77/><G77/><T31/><D31/><U61/><E61/><N who="0" m="23625" /><D57/><U113/><E113/><V129/><F67/><N who="3" m="25643" /><G132/><T86/><D99/><U76/><E76/><V121/><F68/><N who="3" m="42039" /><G124/><T13/><D91/><U42/><E42/><V106/><F106/><W80/><G37/><T15/><D15/><U96/><E96/><V134/><F134/><W34/><G43/><T56/><D56/><U72/><E72/><V51/><F121/><W6/><G49/><T1/><D1/><U2/><E2/><V58/><F58/><W50/><G50/><T130/><D130/><U26/><REACH who="1" step="1"/><E19/><REACH who="1" ten="221,210,230,329" step="2"/><V40/><F7/><W97/><G6/><T30/><D30/><U125/><E125/><V104/><F40/><W131/><G131/><T73/><D73/><U41/><E41/><V95/><F129/><RYUUKYOKU ba="0,1" sc="221,15,210,15,230,-15,329,-15" hai0="13,17,20,21,27,29,86" hai1="8,12,16,18,23,26,53,55,85,87,98,101,107" /><INIT seed="3,1,1,4,2,51" ten="236,225,215,314" oya="3" hai0="5,37,47,44,101,113,83,109,6,54,63,92,103" hai1="4,86,115,52,59,12,40,36,74,64,27,39,105" hai2="62,57,67,102,56,16,55,1,89,122,69,14,25" hai3="91,131,107,134,19,30,76,29,85,35,114,7,48"/><W3/><G114/><T129/><D109/><U72/><E105/><V75/><F75/><W68/><G68/><T130/><D113/><U123/><E115/><V33/><F1/><W121/><G121/><T28/><D28/><U13/><E123/><V133/><F133/><W70/><G70/><T21/><D83/><U88/><E64/><V111/><F111/><W45/><G131/><N who="0" m="50187" /><D21/><U125/><E125/><V99/><F122/><W93/><G107/><T10/><D37/><U100/><E100/><N who="0" m="38473" /><D92/><N who="1" m="54295" /><E74/><V94/><F56/><W71/><G71/><T73/><D73/><U11/><E72/><V61/><F25/><W66/><G93/><T50/><D63/><N who="1" m="36327" /><E39/><V112/><F33/><W38/><G35/><T32/><D32/><U31/><E36/><V96/><F112/><W15/><G38/><T58/><D6/><U117/><E117/><V23/><REACH who="2" step="1"/><F102/><REACH who="2" ten="236,225,205,314" step="2"/><W110/><G110/><T90/><D90/><U118/><E118/><V20/><F20/><W127/><G91/><T104/><D104/><U17/><E13/><AGARI ba="1,2" hai="5,10,13,44,47,50,54,58" m="38473,50187" machi="13" ten="30,2000,0" yaku="19,1,52,1" doraHai="51" who="0" fromWho="1" sc="236,43,225,-23,205,0,314,0" /><INIT seed="4,0,0,4,3,90" ten="279,202,205,314" oya="0" hai0="118,2,121,135,101,64,100,6,41,21,34,33,25" hai1="23,61,95,66,17,74,68,19,82,14,40,83,5" hai2="37,52,29,122,63,38,15,7,107,13,86,78,104" hai3="8,1,27,24,44,58,22,113,99,89,72,77,51"/><T109/><D121/><U108/><E108/><V39/><F122/><W62/><G113/><T131/><D118/><U53/><E5/><V20/><F78/><W10/><G27/><T132/><D109/><U103/><E40/><V88/><F15/><W65/><G1/><T111/><D111/><U127/><E127/><V28/><F28/><W45/><G77/><T26/><D41/><U94/><E103/><N who="0" m="39497" /><D64/><U59/><E19/><V85/><F85/><W56/><G56/><T97/><D97/><U54/><E74/><V124/><F124/><W126/><G72/><T73/><D73/><U42/><E42/><V32/><F32/><N who="0" m="12394" /><D21/><U76/><E76/><V93/><F29/><W36/><G126/><T70/><D70/><U46/><E68/><V80/><F80/><N who="1" m="30761" /><E46/><V128/><F20/><W0/><G45/><T11/><D131/><U116/><E116/><V4/><F128/><W96/><G22/><T79/><D79/><U129/><E129/><V114/><F114/><W16/><G44/><T18/><D18/><U57/><E57/><V55/><F7/><W102/><G58/><T98/><D98/><U81/><N who="1" m="30769" /><U110/><DORA hai="71" /><E110/><V43/><F43/><W84/><G99/><T87/><D87/><U125/><E125/><V133/><F4/><W50/><G84/><T67/><D67/><U49/><E49/><V47/><F86/><W60/><G65/><T117/><D117/><U115/><E115/><V134/><F107/><W120/><G120/><T30/><D30/><U91/><E91/><V48/><F104/><W92/><G89/><T9/><D9/><RYUUKYOKU ba="0,0" sc="279,15,202,15,205,-15,314,-15" hai0="2,6,11,25,26,132,135" hai1="14,17,23,53,54,59,61,66,94,95" /><INIT seed="4,1,0,1,2,60" ten="294,217,190,299" oya="0" hai0="69,116,88,49,28,96,15,75,119,51,72,47,16" hai1="125,62,41,83,117,63,3,99,10,58,61,105,17" hai2="46,94,109,25,6,135,65,48,121,107,30,42,87" hai3="91,80,57,110,54,34,0,21,55,106,20,40,37"/><T103/><D28/><U52/><E117/><V97/><F109/><W92/><G106/><T59/><D69/><U98/><E125/><V39/><F135/><W70/><G0/><T13/><D75/><U45/><E83/><V9/><F121/><W102/><G34/><T128/><D72/><U131/><E131/><V77/><F107/><W118/><G40/><T133/><D133/><U104/><E104/><V108/><F108/><W123/><G37/><T11/><D128/><U67/><E105/><V7/><F87/><W32/><G32/><T81/><D103/><U129/><E129/><V90/><F77/><W122/><G70/><T120/><D120/><U111/><E62/><V22/><F65/><W134/><G102/><T43/><D119/><U5/><E17/><V36/><REACH who="2" step="1"/><F6/><REACH who="2" ten="294,217,180,299" step="2"/><W19/><G110/><T114/><D116/><U76/><E76/><V18/><F18/><W124/><G118/><T29/><D114/><U44/><E111/><V130/><F130/><W35/><G134/><T68/><D29/><U86/><E86/><V2/><AGARI ba="1,1" hai="2,7,9,22,25,30,36,39,42,46,48,90,94,97" machi="2" ten="20,5200,0" yaku="1,1,0,1,7,1,53,1" doraHai="60" doraHaiUra="26" who="2" fromWho="2" sc="294,-27,217,-14,180,65,299,-14" /><INIT seed="5,0,0,5,5,13" ten="267,203,245,285" oya="1" hai0="16,43,122,11,90,83,72,87,15,101,100,35,97" hai1="33,19,3,34,20,110,42,26,86,47,75,77,112" hai2="91,98,9,28,69,27,18,21,84,6,25,99,127" hai3="59,128,82,116,36,54,93,45,88,107,119,130,115"/><U71/><E71/><V68/><F127/><W129/><G115/><T53/><D35/><U31/><E112/><V108/><F108/><W111/><G107/><T7/><D72/><U17/><E110/><V4/><F69/><W120/><G111/><T102/><D122/><U38/><E75/><V124/><F124/><W14/><G82/><T2/><D43/><U37/><E3/><V89/><F89/><W50/><G14/><T123/><D123/><U125/><E125/><V85/><F84/><N who="3" m="52359" /><G120/><T94/><REACH who="0" step="1"/><D53/><REACH who="0" ten="257,203,245,285" step="2"/><U76/><E38/><V131/><F68/><W32/><G32/><T24/><D24/><U135/><E33/><V58/><F27/><W114/><G114/><T30/><D30/><U80/><E34/><V70/><F70/><W41/><AGARI ba="0,1" hai="36,41,45,50,54,59,116,119,128,129,130" m="52359" machi="41" ten="40,2700,0" yaku="19,1,54,1" doraHai="13" who="3" fromWho="3" sc="257,-7,203,-13,245,-7,285,37" /><INIT seed="6,0,0,4,3,17" ten="250,190,238,322" oya="2" hai0="12,92,76,39,4,49,121,101,60,23,55,25,2" hai1="133,37,64,135,15,57,13,108,7,11,105,48,78" hai2="94,19,5,115,72,75,77,34,84,28,44,111,50" hai3="43,47,69,9,88,61,79,51,87,95,127,131,103"/><V26/><F5/><W128/><G127/><T10/><D39/><U109/><E37/><V27/><F115/><W123/><G123/><T86/><D121/><U73/><E73/><V107/><F107/><W36/><G79/><T91/><D60/><U53/><E78/><V93/><F111/><W3/><G103/><T90/><D2/><U122/><E105/><V14/><F27/><W71/><G51/><T29/><D76/><U0/><E122/><V124/><F124/><W67/><REACH who="3" step="1"/><G71/><REACH who="3" ten="250,190,238,312" step="2"/><T30/><D101/><U129/><E129/><V24/><F75/><W110/><G110/><T21/><D91/><U104/><E104/><V16/><F72/><W96/><G96/><T125/><D125/><U46/><E108/><V59/><F77/><W80/><G80/><T134/><D134/><N who="1" m="51211" /><E109/><V89/><F50/><W117/><G117/><T132/><D132/><U70/><E70/><V65/><F84/><W98/><G98/><T99/><D99/><U62/><AGARI ba="0,1" hai="0,7,11,13,15,46,48,53,57,62,64" m="51211" machi="62" ten="30,1100,0" yaku="20,1" doraHai="17" who="1" fromWho="1" sc="250,-3,190,21,238,-5,312,-3" /><INIT seed="7,0,0,2,2,59" ten="247,211,233,309" oya="3" hai0="33,63,58,0,134,7,44,25,67,70,38,34,26" hai1="84,96,51,79,1,125,64,48,77,37,105,53,78" hai2="11,115,108,46,29,57,129,40,14,92,120,66,94" hai3="127,87,68,24,20,35,74,49,32,21,39,52,91"/><W71/><G74/><T109/><D109/><U15/><E1/><V128/><F115/><W6/><G6/><T47/><D134/><U97/><E37/><N who="2" m="21775" /><F108/><W100/><G100/><T10/><D58/><U27/><E105/><V111/><F111/><W41/><G127/><T65/><D65/><U8/><E125/><V55/><F29/><W121/><G121/><T23/><D26/><U123/><E64/><V17/><F66/><W118/><G118/><T3/><D3/><U16/><E123/><V114/><F114/><W113/><G41/><T31/><D38/><U13/><E27/><V80/><F80/><W131/><G131/><N who="2" m="50249" /><F120/><W126/><G126/><T5/><D5/><N who="1" m="3215" /><E84/><V54/><F54/><W83/><G87/><T28/><D28/><U98/><E53/><V110/><F110/><W116/><G52/><T106/><REACH who="0" step="1"/><D106/><REACH who="0" ten="237,211,233,309" step="2"/><U30/><E30/><V42/><F42/><W69/><G113/><T95/><D95/><U90/><E90/><V81/><F81/><W18/><G91/><T36/><D36/><U60/><E60/><AGARI ba="0,1" hai="11,14,17,55,57,60,92,94" m="50249,21775" machi="60" ten="30,2000,0" yaku="19,1,52,1" doraHai="59" who="2" fromWho="1" sc="237,0,211,-20,233,30,309,0" owari="237,-16.0,191,-31.0,263,6.0,309,41.0" /></mjloggm>