<mjloggm ver="2.3"><GO type="41" lobby="0"/><UN n0="%E3%81%97%E3%82%87%E3%81%BC%E3%82%93%EF%BD%8E" n1="%57%69%6D%61" n2="%E2%93%9D%53%75%70%68%78" n3="%E3%81%B4%E3%81%AE%E3%81%93" dan="15,15,18,14" rate="2061.20,2000.52,2090.71,1928.43" sx="M,M,M,M"/><TAIKYOKU oya="0"/><INIT seed="0,0,0,4,2,34" ten="250,250,250,250" oya="0" hai0="72,130,114,124,5,126,7,97,84,29,55,24,44" hai1="3,76,85,39,10,102,87,0,77,35,129,90,106" hai2="41,82,19,123,58,71,28,113,134,115,31,133,105" hai3="60,81,103,25,54,11,63,107,86,67,21,16,17"/><T59/><D72/><U73/><E35/><V32/><F105/><W83/><G107/><T57/><D114/><U2/><E39/><V91/><F71/><W48/><G103/><T68/><D68/><U36/><E36/><V23/><F58/><W18/><G83/><T15/><D130/><U135/><E73/><V64/><F64/><W127/><G127/><N who="0" m="48683" /><D97/><U100/><E87/><V92/><F41/><W119/><G119/><T132/><D132/><N who="2" m="50794" /><F82/><W95/><G95/><T13/><D44/><U118/><E135/><V75/><F123/><W8/><G8/><T89/><D15/><U14/><E118/><V121/><F32/><W70/><G11/><T9/><D55/><U43/><E129/><V38/><F121/><W20/><G63/><T125/><N who="0" m="48691" /><T69/><DORA hai="109" /><D69/><U96/><E43/><V128/><F75/><W1/><G1/><T12/><D12/><U47/><E47/><V116/><F116/><W110/><G110/><T6/><D59/><U42/><E102/><V65/><F65/><W40/><G40/><T78/><D57/><U46/><E46/><V79/><F128/><W94/><G94/><N who="0" m="54567" /><D78/><U74/><E42/><V122/><F79/><W120/><G120/><T66/><D66/><U56/><E56/><V112/><F122/><W52/><G48/><T93/><D93/><U30/><E74/><V50/><F50/><W104/><G104/><T45/><D45/><U88/><E90/><V61/><F38/><W62/><G62/><T131/><D131/><U37/><E37/><V80/><F61/><W98/><G60/><T4/><D4/><RYUUKYOKU ba="0,0" sc="250,30,250,-10,250,-10,250,-10" hai0="5,6,7,9,13,24,29" /><INIT seed="0,1,0,0,1,67" ten="280,240,240,240" oya="0" hai0="53,130,107,124,122,112,18,84,132,75,30,129,91" hai1="123,3,111,52,99,51,5,126,65,14,63,24,88" hai2="25,135,97,72,85,13,113,54,100,57,19,26,12" hai3="86,55,92,9,42,134,118,10,7,28,29,116,20"/><T38/><D112/><U104/><E123/><V76/><F72/><W37/><G134/><T71/><D122/><U96/><E111/><V36/><F36/><W77/><G10/><T4/><D75/><U131/><E3/><V95/><F135/><W110/><G55/><T133/><D38/><U61/><E126/><V58/><F13/><W121/><G110/><T128/><D124/><U22/><E131/><V44/><F44/><W23/><G121/><T69/><D107/><U46/><E104/><V8/><F58/><W33/><G33/><T47/><D30/><U103/><E103/><V115/><F115/><W127/><G127/><T94/><D4/><U64/><E63/><V56/><F56/><W79/><G9/><T73/><D73/><U62/><E61/><V6/><F6/><W120/><G86/><T102/><D102/><U32/><E32/><V81/><REACH who="2" step="1"/><F113/><REACH who="2" ten="280,240,230,240" step="2"/><W59/><G120/><T60/><D133/><U40/><E14/><V15/><F15/><W98/><G7/><T89/><D132/><U45/><E5/><V16/><F16/><W49/><G37/><T109/><D109/><U119/><E45/><V41/><F41/><W31/><G59/><N who="0" m="34927" /><D47/><U82/><E46/><V117/><F117/><W0/><G118/><T48/><D48/><AGARI ba="1,1" hai="8,12,19,25,26,48,54,57,76,81,85,95,97,100" machi="48" ten="30,3900,0" yaku="1,1,7,1,8,1,53,0" doraHai="67" doraHaiUra="34" who="2" fromWho="0" sc="280,-42,240,0,230,52,240,0" /><INIT seed="1,0,0,2,4,106" ten="238,240,282,240" oya="1" hai0="100,60,12,97,93,132,31,35,5,39,65,117,134" hai1="47,13,118,30,70,22,67,111,17,59,14,66,113" hai2="76,53,98,131,41,123,80,75,81,48,61,16,3" hai3="110,73,37,72,116,25,102,9,135,54,101,32,79"/><U130/><E113/><V86/><F123/><W42/><G9/><T121/><D117/><U103/><E118/><V20/><F131/><W50/><G116/><T43/><D121/><U85/><E130/><V1/><F41/><W45/><G79/><T57/><D5/><U119/><E119/><V107/><F61/><W6/><G6/><T52/><D12/><U33/><E33/><V104/><F104/><W26/><G135/><N who="0" m="51755" /><D39/><U120/><E70/><V92/><F107/><W109/><G102/><T91/><D43/><U15/><E103/><V69/><F69/><W108/><G101/><T115/><D115/><U96/><E96/><V55/><F55/><W28/><REACH who="3" step="1"/><G25/><REACH who="3" ten="238,240,282,230" step="2"/><N who="0" m="18927" /><D100/><U21/><E120/><V83/><F3/><W129/><G129/><T99/><D99/><U0/><E0/><V24/><F1/><W127/><G127/><T74/><D65/><U46/><E67/><V84/><F98/><W95/><G95/><T133/><D133/><U68/><E85/><V122/><F122/><W94/><G94/><T19/><D19/><U88/><E17/><V51/><F92/><W4/><G4/><T87/><D87/><U56/><E88/><V128/><F128/><W64/><G64/><T34/><D34/><U89/><E89/><V90/><F53/><W18/><G18/><T62/><D62/><U49/><E66/><V112/><F112/><W11/><G11/><T10/><D10/><U38/><E30/><V125/><F125/><W36/><G36/><T105/><D105/><U27/><E38/><V23/><F23/><W77/><G77/><AGARI ba="0,1" hai="16,20,24,48,51,75,76,77,80,81,83,84,86,90" machi="77" ten="30,3900,0" yaku="7,1,52,1,54,1" doraHai="106" who="2" fromWho="3" sc="238,0,240,0,282,49,230,-39" /><INIT seed="2,0,0,1,4,105" ten="238,240,331,191" oya="2" hai0="4,100,62,94,19,101,102,75,109,108,9,135,36" hai1="127,121,116,29,78,87,88,27,83,15,2,132,113" hai2="89,122,65,21,43,103,90,115,34,114,40,96,48" hai3="77,7,120,46,32,95,44,13,129,80,24,99,33"/><V10/><F34/><W31/><G120/><T73/><D135/><U42/><E2/><V38/><F122/><W68/><G33/><T63/><D36/><U41/><E113/><V126/><F65/><W53/><G68/><T111/><D94/><U22/><E116/><V74/><F126/><W81/><G129/><T133/><D19/><U1/><E132/><V86/><F48/><W5/><G81/><T104/><D104/><U66/><E1/><V97/><F21/><W118/><G118/><T58/><D133/><U12/><E127/><V49/><F49/><W110/><G110/><T70/><D70/><U52/><E66/><V25/><F86/><W37/><G53/><T67/><D63/><U106/><E106/><V6/><F25/><W56/><G56/><T125/><D125/><U79/><E121/><V134/><F134/><W71/><G13/><AGARI ba="0,0" hai="4,9,13,58,62,67,73,75,100,101,102,108,109,111" machi="13" ten="50,6400,0" yaku="14,1,52,2" doraHai="105" who="0" fromWho="3" sc="238,64,240,0,331,0,191,-64" /><INIT seed="3,0,0,4,4,91" ten="302,240,331,127" oya="3" hai0="95,49,128,97,132,81,112,79,35,105,101,32,117" hai1="106,45,73,80,85,113,2,74,5,63,50,59,76" hai2="115,22,46,78,86,84,93,96,30,75,64,99,124" hai3="88,20,42,65,24,31,26,1,123,14,134,0,39"/><W47/><G123/><T55/><D117/><U37/><E113/><V23/><F75/><W66/><G134/><T15/><D132/><U12/><E106/><V25/><F115/><W109/><G109/><T94/><D112/><U53/><E2/><V100/><F124/><W27/><G1/><T19/><D128/><U122/><E37/><V90/><F64/><W18/><G0/><T58/><D35/><U52/><REACH who="1" step="1"/><E122/><REACH who="1" ten="302,230,331,127" step="2"/><V98/><F100/><W16/><G31/><T72/><D72/><U44/><BYE who="0" /><E44/><V103/><F46/><W114/><G114/><T51/><D51/><U36/><E36/><V41/><F103/><W4/><G4/><T57/><D57/><U121/><E121/><V7/><F7/><W108/><G108/><T71/><D71/><U77/><E77/><V111/><F111/><UN n0="%E3%81%97%E3%82%87%E3%81%BC%E3%82%93%EF%BD%8E" /><W104/><G104/><T69/><D69/><U118/><E118/><V92/><F78/><W102/><G102/><T48/><D48/><U62/><E62/><V82/><F41/><W8/><REACH who="3" step="1"/><G88/><REACH who="3" ten="302,230,331,117" step="2"/><T3/><D3/><U33/><E33/><V89/><F82/><W126/><G126/><T129/><D32/><AGARI ba="0,2" hai="22,23,25,30,32,84,86,89,90,92,93,96,98,99" machi="32" ten="40,5200,0" yaku="9,1,52,2" doraHai="91" who="2" fromWho="0" sc="302,-52,230,0,331,72,117,0" /><INIT seed="4,0,0,4,5,69" ten="250,230,403,117" oya="0" hai0="22,121,114,55,61,132,3,35,44,130,48,88,17" hai1="75,62,65,78,15,124,45,40,41,49,14,58,47" hai2="81,25,73,10,91,1,129,77,60,54,104,82,110" hai3="43,128,97,63,9,18,108,4,118,123,32,21,33"/><T72/><D121/><U29/><E124/><V120/><F110/><W31/><G108/><T125/><D125/><U131/><E131/><V11/><F104/><W64/><G118/><T20/><D35/><U105/><E105/><V27/><F129/><W8/><G128/><T103/><D72/><U115/><E115/><V57/><F120/><W101/><G123/><T52/><D130/><U26/><E75/><V70/><F70/><W86/><G86/><T109/><D109/><U135/><E135/><V39/><F39/><W122/><G122/><T84/><D3/><U99/><E78/><V133/><F133/><W59/><G43/><T37/><D37/><U66/><E66/><V7/><F11/><W98/><G98/><T112/><D103/><U56/><E99/><V90/><F82/><W87/><G87/><T119/><D119/><U100/><E100/><V46/><F46/><W51/><G51/><T93/><D132/><U74/><E58/><V12/><F1/><W42/><G42/><T13/><REACH who="0" step="1"/><D22/><REACH who="0" ten="240,230,403,117" step="2"/><U30/><E74/><V76/><F73/><W79/><G32/><T95/><D95/><U0/><E0/><V80/><F80/><W102/><G102/><T19/><D19/><U89/><E30/><V113/><F81/><W127/><G33/><T2/><D2/><U96/><E29/><V38/><F38/><W126/><G126/><T28/><D28/><U85/><E89/><N who="2" m="33803" /><F113/><W67/><G127/><T36/><D36/><U23/><E96/><V111/><F111/><W134/><G134/><T24/><D24/><AGARI ba="0,1" hai="7,10,12,24,25,27,54,57,60,76,77" m="33803" machi="24" ten="30,1000,0" yaku="8,1" doraHai="69" who="2" fromWho="0" sc="240,-10,230,0,403,20,117,0" /><INIT seed="5,0,0,2,3,26" ten="230,230,423,117" oya="1" hai0="77,118,34,51,2,68,6,0,78,101,11,100,9" hai1="80,112,41,32,13,63,109,58,93,69,75,81,97" hai2="65,104,19,42,132,128,52,130,45,107,113,134,1" hai3="67,131,39,62,15,33,50,111,16,47,73,31,66"/><U125/><E112/><V10/><F113/><W129/><G111/><T18/><D68/><U37/><E32/><V43/><F65/><W115/><G39/><T119/><D51/><U92/><E125/><V126/><F52/><N who="3" m="29791" /><G73/><T40/><D34/><U46/><E109/><V82/><F19/><W55/><G55/><T25/><D25/><U91/><E75/><V98/><F98/><W21/><G115/><T24/><D24/><U90/><E69/><V102/><F102/><W95/><G33/><T133/><D18/><U120/><E120/><V61/><F82/><W135/><G135/><T88/><D133/><U3/><E3/><V12/><F12/><W110/><G62/><T48/><D48/><U22/><E13/><V60/><F1/><W70/><G70/><T108/><D108/><U14/><E14/><V27/><F27/><N who="3" m="16879" /><G95/><T76/><D40/><U35/><E22/><V116/><F45/><W30/><G30/><T123/><D123/><U23/><E23/><V87/><F43/><W114/><G114/><T56/><D56/><U38/><E35/><V85/><F42/><W117/><G110/><T94/><D0/><U106/><E106/><V105/><F105/><W59/><G117/><T89/><D118/><U121/><E37/><V103/><F116/><W20/><G59/><T86/><D119/><U44/><E121/><V84/><F134/><W5/><G5/><T74/><D74/><U79/><E44/><V57/><F132/><W54/><G54/><T122/><D122/><U99/><E79/><V64/><F107/><W83/><G83/><T53/><D77/><RYUUKYOKU ba="0,0" sc="230,-15,230,15,423,-15,117,15" hai1="38,41,46,58,63,80,81,90,91,92,93,97,99" hai3="15,16,20,66,67,129,131" /><INIT seed="5,1,0,3,5,112" ten="215,245,408,132" oya="1" hai0="59,120,9,42,121,117,135,39,0,85,40,92,38" hai1="95,6,115,87,80,55,128,47,63,54,106,49,37" hai2="62,34,94,90,10,114,67,61,46,81,66,134,19" hai3="8,71,11,3,68,70,124,73,15,56,110,4,84"/><U96/><E115/><V93/><F34/><W57/><G73/><T123/><D135/><U91/><E128/><V26/><F46/><W99/><G110/><T45/><D0/><U7/><E37/><V118/><F118/><W36/><G36/><T89/><D9/><U125/><E125/><V105/><F105/><W113/><G113/><T101/><D101/><U133/><E133/><V69/><F134/><W130/><G130/><T64/><D42/><U29/><E29/><V107/><F107/><W82/><G99/><T50/><REACH who="0" step="1"/><D117/><REACH who="0" ten="205,245,408,132" step="2"/><U28/><E106/><V104/><F10/><W32/><G124/><T129/><D129/><U30/><E6/><V25/><F104/><W24/><G11/><T17/><D17/><U18/><E18/><V27/><F19/><W98/><G3/><T126/><D126/><U79/><E7/><V119/><F119/><W52/><G8/><T88/><D88/><N who="1" m="55399" /><E79/><V111/><F114/><W43/><G43/><T2/><D2/><U109/><E109/><V1/><F1/><W22/><G4/><T14/><D14/><U131/><E131/><V13/><F13/><W100/><G15/><T44/><D44/><U77/><E77/><V74/><F111/><W116/><G116/><T97/><D97/><U41/><E41/><V31/><F90/><W35/><G98/><T86/><D86/><U103/><E103/><V76/><F31/><W53/><G100/><T132/><D132/><U33/><E33/><V78/><F78/><N who="3" m="46167" /><G35/><T122/><N who="0" m="30720" /><DORA hai="108" /><T127/><D127/><U83/><E83/><V16/><F16/><N who="3" m="12359" /><G32/><T12/><D12/><RYUUKYOKU ba="1,1" sc="205,0,245,0,408,0,132,0" hai0="38,39,40,45,50,59,64,85,89,92" hai1="28,30,47,49,54,55,63,80,87,91" hai2="25,26,27,61,62,66,67,69,74,76,81,93,94" hai3="52,53,56,57,68,70,71" /><INIT seed="5,2,1,4,4,95" ten="205,245,408,132" oya="1" hai0="77,116,46,51,120,127,98,64,27,78,69,134,35" hai1="126,47,90,43,106,30,19,57,34,109,105,40,104" hai2="96,89,17,14,52,85,125,33,82,45,114,65,110" hai3="25,68,29,66,1,130,18,63,131,22,49,67,81"/><U132/><E126/><V119/><F110/><W50/><G66/><T13/><D116/><U9/><E132/><V55/><F33/><W135/><G135/><T76/><D134/><U0/><E109/><V80/><F114/><W107/><G1/><T74/><D127/><U4/><E43/><V129/><F129/><N who="3" m="49163" /><G81/><T86/><D74/><U53/><E90/><V103/><F119/><W10/><G107/><T8/><D120/><U100/><E19/><V70/><F45/><W16/><G10/><T72/><D72/><U117/><E117/><V44/><F44/><W84/><G84/><T113/><D113/><U6/><E6/><V32/><F32/><W73/><G73/><T92/><D69/><U60/><E30/><V75/><F65/><W36/><G36/><T15/><D64/><U2/><E34/><V108/><F70/><W7/><G7/><T118/><D118/><U12/><REACH who="1" step="1"/><E100/><REACH who="1" ten="205,235,408,132" step="2"/><V97/><F103/><W56/><G68/><T28/><D35/><U3/><E3/><V93/><F108/><W42/><G42/><T121/><D28/><U58/><E58/><V41/><F41/><W11/><G18/><T21/><D121/><U87/><E87/><V122/><F125/><W39/><G39/><AGARI ba="2,2" hai="0,2,4,9,12,39,40,47,53,57,60,104,105,106" machi="39" ten="40,2000,0" yaku="1,1,53,0" doraHai="95" doraHaiUra="62" who="1" fromWho="3" sc="205,0,235,46,408,0,132,-26" /><INIT seed="5,3,0,2,4,108" ten="205,281,408,106" oya="1" hai0="89,29,24,91,55,133,79,61,19,114,42,46,6" hai1="84,126,120,128,20,83,62,118,38,124,110,94,59" hai2="86,28,90,13,77,67,134,112,63,117,27,36,107" hai3="15,51,49,71,32,11,116,41,7,40,21,50,130"/><U75/><E118/><V26/><F107/><W23/><G32/><T12/><D133/><U35/><E35/><V119/><F36/><W121/><G121/><T33/><D6/><U56/><E120/><V4/><F77/><W39/><G116/><T70/><D79/><U111/><E38/><V74/><F74/><W103/><G130/><T0/><D0/><U64/><E128/><V25/><F112/><W72/><G72/><T73/><D73/><U8/><E8/><V115/><F115/><W78/><G78/><T48/><D114/><U14/><E75/><V104/><F104/><W105/><G71/><T129/><D129/><U68/><E94/><V123/><F134/><W102/><G105/><T76/><D76/><U100/><E100/><V93/><F123/><W22/><REACH who="3" step="1"/><G39/><REACH who="3" ten="205,281,408,96" step="2"/><T132/><D132/><U18/><E111/><V135/><F135/><W80/><G80/><T16/><D70/><U101/><E110/><V3/><F119/><W113/><G113/><T81/><D81/><U127/><E83/><V97/><F117/><W54/><G54/><T2/><D55/><U109/><E109/><V1/><F93/><W85/><G85/><T92/><D92/><U44/><E84/><V52/><F86/><W9/><G9/><T99/><D33/><U69/><E68/><V5/><F52/><W58/><G58/><T88/><D99/><U10/><E10/><V106/><F97/><W125/><G125/><T66/><D66/><U131/><E131/><V43/><F67/><W31/><G31/><T98/><D98/><U87/><E87/><V34/><F106/><RYUUKYOKU ba="3,1" sc="205,-10,281,-10,408,-10,96,30" hai3="7,11,15,21,22,23,40,41,49,50,51,102,103" /><INIT seed="6,4,1,0,0,38" ten="195,271,398,126" oya="2" hai0="89,80,14,77,122,93,92,16,90,25,27,37,24" hai1="53,97,99,126,108,96,8,29,12,46,20,5,58" hai2="78,98,101,19,112,11,50,113,6,34,70,73,52" hai3="47,63,91,86,106,64,107,85,2,65,83,75,134"/><V124/><F34/><W26/><G75/><T72/><D122/><U125/><E108/><V123/><F124/><W42/><G2/><T48/><D37/><U110/><E110/><V31/><F31/><W21/><G86/><T7/><D7/><U10/><E125/><V35/><F35/><W44/><G44/><T13/><D13/><U82/><E126/><V95/><F19/><W41/><G134/><T79/><D79/><U115/><E115/><V18/><F70/><W114/><G114/><T120/><D120/><U94/><E82/><V76/><F123/><W81/><G81/><T111/><D111/><U36/><E36/><V40/><F18/><W23/><G47/><T117/><D117/><U109/><E46/><V103/><F103/><W88/><G85/><T57/><D48/><U104/><E104/><V131/><F131/><W1/><G83/><T87/><D57/><U128/><E128/><V119/><F119/><W84/><G84/><T59/><D59/><U102/><E109/><V60/><F73/><W62/><G1/><T130/><D130/><U129/><E129/><V3/><F113/><W69/><G26/><T32/><D32/><U132/><E8/><V71/><F11/><W135/><G135/><T0/><D0/><U56/><E56/><V45/><F112/><W49/><G49/><T121/><D121/><U67/><E67/><V61/><F3/><W127/><G127/><T66/><D66/><U54/><E132/><V100/><F50/><W118/><REACH who="3" step="1"/><G69/><REACH who="3" ten="195,271,398,116" step="2"/><T30/><D30/><U133/><E133/><V17/><F71/><W33/><G33/><RYUUKYOKU ba="4,2" sc="195,-10,271,-10,398,-10,116,30" hai3="21,23,41,42,62,63,64,65,88,91,106,107,118" /><INIT seed="7,5,2,3,4,119" ten="185,261,388,146" oya="3" hai0="14,112,68,23,28,102,58,21,88,103,113,1,40" hai1="45,11,92,120,31,99,38,83,8,39,123,61,110" hai2="121,16,19,27,66,94,91,20,118,29,122,78,115" hai3="105,107,127,98,95,5,15,57,97,81,52,56,82"/><W34/><G34/><T32/><D68/><U13/><E110/><V7/><F115/><N who="0" m="44106" /><D1/><U116/><E116/><V93/><F78/><W24/><G127/><T54/><D40/><U101/><E31/><V33/><F66/><W132/><G132/><T104/><D88/><U73/><E8/><V128/><F128/><W22/><G107/><T124/><D124/><U44/><E61/><V48/><F7/><W50/><G105/><T2/><D2/><U60/><E60/><V109/><F109/><W30/><G57/><T96/><D14/><U12/><E12/><V47/><F94/><W25/><G25/><N who="0" m="18447" /><D102/><U36/><E83/><N who="3" m="31754" /><G95/><T18/><D18/><U130/><E130/><V80/><F118/><W51/><G51/><AGARI ba="5,2" hai="21,23,51,54,58,96,103,104" m="18447,44106" machi="51" ten="30,2000,0" yaku="15,1,11,1" doraHai="119" who="0" fromWho="3" sc="185,55,261,0,388,0,146,-35" owari="240,-16.0,261,6.0,388,49.0,111,-39.0" /></mjloggm>