<mjloggm ver="2.3"><GO type="41" lobby="0"/><UN n0="%6D%61%73%61%74%6F%6E" n1="%E2%93%9D%53%75%70%68%78" n2="%E5%8D%81%E5%85%AB%E5%A4%9C" n3="%E9%9B%80%E9%AD%94%E7%A5%9E%31%48%E5%85%AD%E7%99%BE%E5%86%86" dan="14,18,14,14" rate="1963.40,2104.35,1952.60,1945.80" sx="M,M,M,F"/><TAIKYOKU oya="0"/><INIT seed="0,0,0,4,2,26" ten="250,250,250,250" oya="0" hai0="118,132,112,10,3,92,135,31,8,38,86,103,60" hai1="19,98,105,106,46,22,15,77,66,68,84,111,116" hai2="4,24,107,51,14,2,82,47,55,42,28,23,95" hai3="69,110,129,97,88,109,91,127,85,67,57,122,83"/><T30/><D38/><U29/><E116/><V58/><F107/><W39/><G39/><T104/><D118/><U44/><E111/><N who="3" m="42506" /><G69/><T96/><D112/><U17/><E68/><V54/><F2/><W59/><G67/><T102/><D3/><U1/><E1/><V108/><F108/><W37/><G37/><T16/><D60/><U21/><E66/><V126/><F126/><W78/><G59/><T120/><D120/><U130/><E130/><V32/><F32/><W113/><G57/><T12/><D86/><U43/><E98/><V36/><F55/><W53/><G53/><T76/><D76/><U73/><E84/><V11/><F95/><N who="3" m="56575" /><G113/><T117/><D117/><U35/><E43/><V87/><F87/><N who="3" m="48631" /><G127/><T48/><D48/><U13/><E77/><V89/><F89/><W5/><G5/><T61/><D61/><U128/><E128/><V52/><F54/><W40/><G40/><T121/><D121/><U56/><E56/><V74/><REACH who="2" step="1"/><F82/><REACH who="2" ten="250,250,240,250" step="2"/><N who="3" m="49207" /><G129/><T80/><D104/><U64/><E64/><V123/><F123/><AGARI ba="0,1" hai="122,123" m="49207,48631,56575,42506" machi="123" ten="30,7700,0" yaku="14,1,34,2,54,1" doraHai="26" who="3" fromWho="2" sc="250,0,250,0,240,-77,250,87" /><INIT seed="1,0,0,1,0,99" ten="250,250,163,337" oya="1" hai0="98,65,40,127,53,109,103,115,36,39,64,75,87" hai1="105,37,128,24,117,106,102,121,21,95,72,57,108" hai2="84,8,94,43,97,129,100,73,2,18,68,110,120" hai3="10,55,81,15,62,82,3,92,19,7,80,30,78"/><U44/><E117/><V31/><F68/><W113/><G113/><T58/><D127/><U71/><E121/><V131/><F110/><W130/><G130/><N who="2" m="49673" /><F73/><W9/><G30/><T35/><D35/><U96/><E128/><V77/><F43/><W6/><G19/><T123/><D75/><U133/><E71/><V5/><F31/><W23/><G23/><T45/><D109/><U22/><E133/><V29/><F29/><W91/><G62/><T47/><D115/><U59/><E108/><V25/><F18/><W34/><G34/><T52/><D87/><U61/><E72/><V46/><F46/><W51/><G78/><T60/><D98/><U4/><E59/><V89/><F25/><W27/><G27/><T114/><D103/><U49/><E37/><V69/><F69/><W101/><G101/><T28/><D28/><N who="1" m="17423" /><E22/><V134/><F77/><W33/><G33/><T67/><D114/><U1/><E4/><V63/><F63/><W66/><G66/><N who="0" m="39191" /><D123/><U0/><E106/><N who="2" m="63759" /><F134/><W54/><REACH who="3" step="1"/><G51/><REACH who="3" ten="250,250,163,327" step="2"/><T11/><D11/><U86/><E105/><V88/><F120/><W32/><G32/><T119/><D119/><U13/><E61/><V16/><F89/><W107/><G107/><T90/><D90/><U41/><E102/><V112/><F16/><W74/><G74/><T118/><D118/><U104/><E104/><V38/><F112/><W83/><N who="3" m="20480" /><DORA hai="50" /><W85/><AGARI ba="0,1" hai="3,6,7,9,10,15,54,55,85,91,92" m="20480" machi="85" ten="40,12000,2" yaku="1,1,4,1,0,1,52,2,53,2" doraHai="99,50" doraHaiUra="48,17" who="3" fromWho="3" sc="250,-30,250,-60,163,-30,327,130" /><INIT seed="2,0,0,0,0,39" ten="220,190,133,457" oya="2" hai0="86,29,40,47,25,19,123,58,64,56,85,69,42" hai1="17,110,130,51,23,6,131,114,46,118,124,119,81" hai2="52,37,134,9,90,32,5,71,99,127,117,91,35" hai3="38,49,100,24,16,135,1,106,59,92,83,66,28"/><V80/><F117/><W101/><G38/><T61/><D123/><U31/><E81/><V63/><F134/><W126/><G1/><T15/><D86/><U34/><E51/><V45/><F127/><W108/><G126/><T95/><D69/><U30/><E46/><V98/><F80/><W94/><G106/><T70/><D47/><U10/><E124/><V12/><F71/><W96/><G108/><T55/><D70/><U78/><E78/><V102/><F99/><W111/><G111/><T72/><D72/><U109/><E114/><V133/><F133/><W88/><G135/><T74/><D74/><U4/><E23/><V125/><F125/><W112/><G101/><T41/><D25/><U76/><E17/><V113/><F113/><W33/><G112/><T104/><D29/><U11/><REACH who="1" step="1"/><E76/><REACH who="1" ten="220,180,133,457" step="2"/><V122/><F45/><W3/><G83/><T105/><D105/><U36/><E36/><V87/><F37/><W8/><G49/><N who="0" m="30831" /><D104/><U129/><E129/><V73/><F102/><W48/><G100/><T0/><D0/><U22/><E22/><V54/><F122/><W89/><G3/><T115/><D115/><U128/><E128/><V132/><F132/><W43/><G48/><T107/><D107/><U53/><E53/><V7/><F54/><W26/><G66/><T79/><D79/><U44/><E44/><V103/><F52/><W65/><G65/><T14/><D19/><U50/><E50/><V82/><F103/><W77/><G16/><T27/><D27/><U20/><E20/><V18/><F18/><W57/><G26/><T97/><D97/><RYUUKYOKU ba="0,1" sc="220,15,180,15,133,-15,457,-15" hai0="14,15,40,41,42,58,61,64,85,95" hai1="4,6,10,11,30,31,34,109,110,118,119,130,131" /><INIT seed="3,1,1,1,4,9" ten="235,195,118,442" oya="3" hai0="128,5,27,60,12,54,98,91,129,75,36,100,55" hai1="26,90,87,29,83,4,77,114,112,102,86,25,70" hai2="11,52,20,95,16,117,72,122,126,65,46,96,89" hai3="115,113,105,134,6,30,19,57,1,88,42,78,127"/><W104/><G30/><T99/><D75/><U22/><E70/><V133/><F126/><W44/><G78/><T47/><D36/><U73/><E4/><V111/><F133/><W82/><G19/><T110/><D110/><U21/><E102/><V135/><F72/><W18/><G18/><T23/><D91/><U15/><E73/><V93/><F135/><W67/><G134/><T63/><D47/><U119/><E119/><V32/><F32/><W34/><G34/><T14/><D23/><U33/><E33/><V103/><F117/><W38/><G127/><T106/><D106/><U37/><E37/><V2/><F111/><W49/><G6/><T50/><D50/><U68/><E68/><V43/><F65/><W40/><G1/><T85/><D5/><U24/><E114/><V121/><F2/><W69/><G42/><T53/><D85/><U118/><E112/><V80/><F11/><W51/><G51/><T10/><D10/><U92/><E118/><V39/><F80/><W131/><G131/><N who="0" m="50251" /><D27/><U48/><E48/><V0/><F0/><W125/><G125/><T8/><D8/><U123/><E123/><N who="2" m="47115" /><F52/><N who="0" m="13314" /><T120/><DORA hai="71" /><D120/><U97/><E87/><V107/><F89/><W109/><G38/><T76/><D76/><U17/><AGARI ba="1,1" hai="15,17,21,22,24,25,26,29,77,83,86,90,92,97" machi="17" ten="30,4000,0" yaku="0,1,8,1,52,1" doraHai="9,71" who="1" fromWho="1" sc="235,-11,195,53,118,-11,442,-21" /><INIT seed="4,0,0,5,0,73" ten="224,248,107,421" oya="0" hai0="112,103,75,25,17,12,95,18,40,83,29,88,87" hai1="91,82,1,108,28,6,59,89,51,128,127,110,65" hai2="63,106,26,45,48,31,125,19,69,114,62,39,20" hai3="107,23,100,132,109,14,22,61,113,35,64,123,33"/><T111/><D112/><U133/><E28/><V3/><F3/><W50/><G109/><T93/><D111/><U5/><E1/><V9/><F106/><W80/><G123/><T30/><D40/><U90/><E128/><V96/><F125/><W134/><G113/><T44/><D44/><U101/><E133/><N who="3" m="51306" /><G80/><T119/><D75/><U74/><E101/><V70/><F96/><N who="3" m="61831" /><G50/><T0/><D0/><U38/><E38/><V120/><F39/><W97/><G97/><N who="0" m="59823" /><D119/><U104/><E127/><V78/><F114/><W54/><G54/><T66/><D66/><U81/><E65/><V124/><F124/><W24/><G14/><T37/><D37/><U92/><E110/><V57/><F63/><W21/><G24/><T15/><D15/><U41/><E108/><V2/><F2/><W71/><AGARI ba="0,0" hai="21,22,23,33,35,61,64,71" m="61831,51306" machi="71" ten="30,1100,0" yaku="20,1" doraHai="73" who="3" fromWho="3" sc="224,-5,248,-3,107,-3,421,11" /><INIT seed="5,0,0,3,5,110" ten="219,245,104,432" oya="1" hai0="0,44,21,18,91,52,106,135,53,23,123,109,84" hai1="10,50,25,68,120,61,3,14,26,22,102,36,100" hai2="93,6,40,27,104,125,45,97,15,115,122,126,108" hai3="121,29,46,11,69,58,13,9,1,74,24,35,99"/><U92/><E36/><N who="2" m="21639" /><F122/><W132/><G121/><T78/><D0/><U72/><E72/><V128/><F104/><W117/><G69/><T16/><D106/><U105/><E3/><V134/><F108/><W54/><G74/><T48/><D78/><U94/><E68/><V81/><F81/><W51/><G132/><T17/><D135/><U2/><E2/><V86/><F134/><W57/><G1/><T39/><D39/><U32/><E32/><V114/><F86/><W8/><G13/><T82/><D123/><U64/><E105/><V65/><F65/><W131/><G131/><T79/><D109/><U62/><E64/><V56/><F27/><W89/><G117/><T111/><D111/><U116/><E26/><V5/><F56/><W103/><G89/><T77/><D77/><U59/><E116/><V88/><F128/><W67/><G67/><T124/><D124/><N who="2" m="47722" /><F15/><W38/><G38/><T98/><D53/><U41/><E120/><V73/><F73/><W4/><G4/><AGARI ba="0,0" hai="4,5,6,88,93,97,114,115" m="47722,21639" machi="4" ten="30,7700,0" yaku="18,1,52,2,54,1" doraHai="110" who="2" fromWho="3" sc="219,0,245,0,104,77,432,-77" /><INIT seed="6,0,0,0,0,41" ten="219,245,181,355" oya="2" hai0="55,45,54,82,129,119,19,120,4,92,87,130,97" hai1="1,58,30,24,86,12,22,65,124,135,39,70,128" hai2="60,52,27,15,33,90,35,14,50,20,104,18,125" hai3="61,101,25,3,66,13,32,38,95,73,134,44,7"/><V63/><F125/><W0/><G134/><T99/><D4/><U53/><E1/><V57/><F104/><W8/><G73/><T133/><D119/><U67/><E39/><V42/><F35/><W94/><G32/><T9/><D120/><U116/><E128/><N who="0" m="49257" /><D133/><U10/><E70/><V115/><F115/><W80/><G80/><T114/><D114/><U127/><E116/><V107/><F107/><W47/><G38/><T84/><D84/><U106/><E106/><V118/><F33/><W108/><G108/><T112/><D92/><U46/><E86/><V113/><F113/><W78/><G78/><N who="0" m="46551" /><D112/><U132/><E132/><V98/><F118/><W117/><G117/><T103/><D103/><U5/><E135/><V68/><F68/><W96/><G95/><T111/><D111/><U123/><E123/><V48/><F48/><W77/><G77/><T109/><D109/><U21/><E127/><V76/><F76/><W81/><G81/><T74/><D74/><U100/><E100/><V11/><F42/><W59/><REACH who="3" step="1"/><G25/><REACH who="3" ten="219,245,181,345" step="2"/><T91/><D91/><U126/><E126/><V40/><F27/><W29/><G29/><T62/><D99/><U64/><E124/><V31/><F90/><W88/><G88/><T75/><D97/><U93/><E93/><V102/><F98/><W85/><G85/><T122/><D75/><U51/><E30/><V131/><F102/><W17/><G17/><T28/><D19/><U72/><E72/><V43/><F131/><W23/><G23/><N who="1" m="8714" /><E24/><N who="2" m="16775" /><F15/><W69/><G69/><T71/><D71/><U34/><E34/><V2/><F2/><AGARI ba="0,1" hai="0,2,3,7,8,13,44,47,59,61,66,94,96,101" machi="2" ten="40,8000,1" yaku="1,1,6,1,52,2,53,0" doraHai="41" doraHaiUra="83" who="3" fromWho="2" sc="219,0,245,0,181,-80,345,90" /><INIT seed="7,0,0,2,2,64" ten="219,245,101,435" oya="3" hai0="52,21,30,85,106,113,110,29,5,70,50,27,108" hai1="12,120,93,38,16,121,6,89,117,130,66,111,128" hai2="97,40,115,35,104,48,132,51,124,134,15,68,116" hai3="133,3,82,107,34,44,109,32,24,69,84,1,114"/><W61/><G114/><T42/><D106/><U57/><E111/><V71/><F116/><W36/><G69/><N who="2" m="26697" /><F35/><W2/><G107/><T112/><D70/><U14/><E38/><V72/><F72/><W31/><G61/><T96/><D42/><U41/><E117/><V17/><F115/><N who="0" m="44106" /><D5/><U103/><E6/><V75/><F75/><W22/><G109/><T25/><D96/><U129/><E121/><V135/><F40/><W49/><G36/><T81/><D27/><U26/><E120/><V92/><F104/><W23/><G133/><T122/><D122/><U62/><E41/><V88/><F124/><W37/><G37/><T45/><D30/><U76/><E130/><V94/><F92/><W39/><G39/><T58/><D58/><U9/><E129/><V56/><F56/><W60/><G60/><T65/><D65/><U7/><E128/><V90/><F90/><AGARI ba="0,0" hai="21,25,29,45,50,52,81,85,90,108,110" m="44106" machi="90" ten="30,3900,0" yaku="15,1,11,1,54,1" doraHai="64" who="0" fromWho="2" sc="219,39,245,0,101,-39,435,0" owari="258,6.0,245,-15.0,62,-44.0,435,53.0" /></mjloggm>