<mjloggm ver="2.3"><GO type="41" lobby="0"/><UN n0="%E2%93%9D%53%75%70%68%78" n1="%E6%A1%9C%E5%B0%8F%E8%B7%AF%E6%89%8D%E8%8F%AF" n2="%E3%81%A7%E3%81%B6%E3%81%BE%E3%82%8B" n3="%E5%90%89%E5%B7%9D%E6%81%AD%E5%8F%B2" dan="18,14,14,15" rate="2129.08,1928.48,1955.18,2079.29" sx="M,F,M,M"/><TAIKYOKU oya="0"/><INIT seed="0,0,0,4,1,36" ten="250,250,250,250" oya="0" hai0="18,133,60,98,124,26,24,116,102,118,17,67,8" hai1="42,90,127,77,131,15,104,32,55,19,34,112,84" hai2="78,86,57,85,73,65,1,5,47,63,9,43,10" hai3="50,72,111,122,99,13,16,106,91,25,70,121,71"/><T94/><D133/><U22/><E104/><V30/><F30/><W51/><G72/><T54/><D124/><U59/><E127/><V120/><F10/><W93/><G111/><T109/><D109/><U21/><E131/><V87/><F120/><N who="3" m="46187" /><G25/><T110/><D110/><U23/><E112/><V132/><F132/><W108/><G106/><T6/><D54/><U95/><E77/><V39/><REACH who="2" step="1"/><F85/><REACH who="2" ten="250,250,240,250" step="2"/><W14/><G108/><T89/><D118/><U11/><E34/><V7/><F7/><W130/><G130/><T46/><D116/><U107/><E32/><V100/><F100/><W82/><G82/><AGARI ba="0,1" hai="1,5,9,39,43,47,57,63,65,73,78,82,86,87" machi="82" ten="40,8000,1" yaku="1,1,25,2,52,1,53,1" doraHai="36" doraHaiUra="4" who="2" fromWho="3" sc="250,0,250,0,240,90,250,-80" /><INIT seed="1,0,0,1,2,96" ten="250,250,330,170" oya="1" hai0="120,56,79,90,38,113,100,102,13,21,55,114,73" hai1="87,64,74,84,57,62,135,22,54,65,134,117,5" hai2="109,78,27,72,26,94,41,45,81,129,130,23,89" hai3="53,110,29,121,32,6,8,14,128,15,58,76,60"/><U101/><E117/><V11/><F109/><W4/><G110/><T48/><D38/><U108/><E108/><V124/><F124/><W1/><G121/><T25/><D120/><U19/><E74/><V24/><F11/><W92/><G128/><T95/><D73/><U28/><E28/><V98/><REACH who="2" step="1"/><F23/><REACH who="2" ten="250,250,320,170" step="2"/><W116/><G116/><T37/><D114/><U59/><E22/><V44/><F44/><W133/><G8/><T77/><D113/><U40/><E134/><V20/><F20/><W70/><G133/><T52/><D13/><U49/><E135/><V50/><AGARI ba="0,1" hai="24,26,27,41,45,50,72,78,81,89,94,98,129,130" machi="50" ten="30,2000,0" yaku="1,1,0,1,53,0" doraHai="96" doraHaiUra="118" who="2" fromWho="2" sc="250,-5,250,-10,320,30,170,-5" /><INIT seed="2,0,0,2,3,7" ten="245,240,350,165" oya="2" hai0="83,125,129,5,85,74,98,42,23,11,16,103,105" hai1="35,108,124,62,44,86,132,120,122,75,76,127,114" hai2="64,3,88,8,12,45,95,119,19,116,27,131,94" hai3="71,38,70,6,106,2,30,69,43,123,13,112,126"/><V31/><F131/><W15/><G123/><N who="1" m="47146" /><E35/><V104/><F104/><W113/><G126/><N who="1" m="48170" /><E62/><V99/><F64/><W65/><G106/><T102/><D74/><U4/><E44/><V59/><F59/><W34/><G65/><T40/><D129/><U92/><E4/><V109/><F3/><W33/><G13/><T29/><D29/><U26/><E26/><V91/><F45/><N who="3" m="23799" /><G15/><N who="0" m="5615" /><D105/><U135/><E114/><N who="3" m="44138" /><G30/><T134/><D134/><N who="1" m="51243" /><E108/><V9/><F109/><W60/><G60/><T121/><D125/><U18/><E18/><V68/><F68/><N who="3" m="17411" /><W128/><DORA hai="84" /><G128/><T49/><D121/><U73/><E76/><V67/><F67/><W46/><G46/><N who="0" m="25799" /><D42/><U130/><E130/><V24/><F24/><W39/><G39/><T100/><D16/><U110/><E110/><V115/><F115/><W72/><G72/><T54/><D54/><U111/><E111/><V22/><F8/><AGARI ba="0,0" hai="2,6,8,33,34" m="17411,44138,23799" machi="8" ten="50,6400,0" yaku="11,1,23,1,52,1" doraHai="7,84" who="3" fromWho="2" sc="245,0,240,0,350,-64,165,64" /><INIT seed="3,0,0,4,3,31" ten="245,240,286,229" oya="3" hai0="38,42,63,96,15,64,37,117,29,86,68,25,57" hai1="65,127,13,113,119,129,21,108,41,123,54,49,76" hai2="122,89,70,109,81,60,61,62,28,8,44,24,74" hai3="95,35,87,14,126,17,110,58,27,79,22,132,3"/><W0/><G132/><T85/><D117/><U16/><E123/><V2/><F122/><W84/><G126/><T7/><D68/><U51/><E113/><V106/><F106/><W115/><G115/><T121/><D121/><U12/><E127/><V39/><F109/><W104/><G104/><T71/><D71/><U32/><E108/><V47/><F70/><W88/><G110/><T53/><D64/><U134/><E134/><V48/><F39/><W116/><G116/><T73/><D73/><U46/><E119/><V40/><F47/><W114/><G114/><T130/><D130/><U111/><E111/><V120/><F120/><W75/><G75/><T30/><D30/><U26/><E65/><V77/><F89/><W43/><G43/><T50/><D96/><U133/><E133/><V59/><F8/><W102/><G102/><T45/><D38/><U6/><E76/><V107/><F2/><W135/><G135/><T112/><D37/><U101/><E101/><V9/><F9/><W4/><G58/><T55/><D42/><U94/><E129/><V91/><F91/><W100/><G100/><T11/><REACH who="0" step="1"/><D112/><REACH who="0" ten="235,240,286,229" step="2"/><U92/><E41/><V19/><F107/><W5/><G84/><T99/><D99/><U67/><E67/><V105/><F105/><W10/><G87/><T34/><AGARI ba="0,1" hai="7,11,15,25,29,34,45,50,53,55,57,63,85,86" machi="34" ten="20,12000,2" yaku="1,1,0,1,7,1,52,1,53,2" doraHai="31" doraHaiUra="80" who="0" fromWho="0" sc="235,130,240,-30,286,-30,229,-60" /><INIT seed="4,0,0,0,1,66" ten="365,210,256,169" oya="0" hai0="33,80,7,23,96,114,28,69,130,1,53,34,105" hai1="2,55,74,84,122,113,100,57,127,71,48,133,115" hai2="88,58,110,117,77,37,38,42,72,109,17,25,86" hai3="47,50,0,16,65,43,90,94,78,15,35,3,44"/><T135/><D114/><N who="1" m="43531" /><E74/><V29/><F117/><W45/><G35/><T118/><D130/><U32/><E32/><V70/><F70/><W52/><G65/><T18/><D135/><U41/><E2/><V93/><F42/><W36/><G45/><T10/><D96/><U49/><E100/><V22/><F72/><W103/><G78/><T24/><D105/><U134/><E84/><V85/><F38/><W14/><G14/><T61/><D118/><U12/><E12/><V107/><F107/><W119/><G103/><T68/><D80/><U99/><E99/><V111/><F37/><W125/><G125/><T81/><D81/><U132/><E127/><V9/><F58/><W21/><REACH who="3" step="1"/><G119/><REACH who="3" ten="365,210,256,159" step="2"/><T82/><D34/><U54/><E122/><V51/><F29/><W89/><G89/><T39/><D28/><U120/><E120/><V8/><F77/><W67/><G67/><T76/><D33/><U98/><E41/><V128/><F128/><W56/><G56/><T83/><D76/><U129/><E129/><V13/><F13/><W116/><G116/><T27/><D1/><U40/><E40/><V112/><F112/><W79/><G79/><T6/><D27/><U126/><E126/><V123/><F123/><W64/><G64/><T4/><D24/><U92/><E71/><V5/><F110/><W59/><G59/><T30/><D69/><U63/><E55/><V11/><F111/><W91/><G91/><T46/><D53/><U20/><E20/><V73/><F109/><W31/><G31/><T95/><D68/><U87/><E98/><AGARI ba="0,1" hai="0,3,15,16,21,36,43,44,47,50,52,90,94,98" machi="98" ten="30,7700,0" yaku="1,1,7,1,54,2,53,0" doraHai="66" doraHaiUra="108" who="3" fromWho="1" sc="365,0,210,-77,256,0,159,87" /><INIT seed="5,0,0,0,5,44" ten="365,133,256,246" oya="1" hai0="54,17,133,13,16,118,115,128,1,102,14,24,31" hai1="131,99,70,21,23,112,59,38,106,84,11,103,100" hai2="92,37,15,110,26,49,109,61,130,85,50,60,22" hai3="81,55,105,89,35,68,10,120,90,86,79,67,66"/><U5/><E70/><V127/><F37/><W43/><G105/><T101/><D1/><U48/><E38/><V53/><F127/><W122/><G35/><T135/><D115/><U98/><E112/><V2/><F2/><W39/><G39/><T80/><D128/><U97/><E131/><V20/><F130/><W117/><G43/><T125/><D80/><U45/><E59/><N who="2" m="34927" /><F61/><W46/><G117/><T3/><D3/><U25/><E84/><V52/><F109/><W4/><G120/><T64/><D64/><N who="3" m="24617" /><G68/><T28/><D24/><U73/><E73/><V7/><F110/><W36/><G36/><T116/><D54/><U56/><E56/><N who="2" m="32783" /><F7/><W94/><G122/><T82/><D82/><U111/><E111/><V58/><F15/><N who="3" m="5575" /><G94/><T108/><D108/><U126/><E126/><AGARI ba="0,0" hai="13,14,16,17,28,31,101,102,116,118,125,126,133,135" machi="126" ten="25,3200,0" yaku="22,2,54,1" doraHai="44" who="0" fromWho="1" sc="365,32,133,-32,256,0,246,0" /><INIT seed="6,0,0,0,5,16" ten="397,101,256,246" oya="2" hai0="97,68,19,116,36,89,3,113,0,79,41,38,127" hai1="85,111,112,22,64,102,118,32,86,93,9,108,37" hai2="62,44,105,132,121,119,11,78,59,92,73,123,58" hai3="31,126,83,63,135,80,95,100,17,81,130,28,103"/><V74/><F105/><W13/><G135/><T117/><D113/><U24/><E112/><V4/><F119/><N who="0" m="45642" /><D127/><U42/><E118/><V84/><F132/><W47/><G130/><T96/><D79/><U110/><E32/><V131/><F131/><W91/><G126/><T57/><D68/><U20/><E64/><V66/><F92/><W23/><G47/><T14/><D57/><U54/><E9/><V122/><F84/><N who="3" m="52711" /><G63/><T107/><D41/><U94/><E54/><V15/><F78/><W40/><G40/><T25/><D25/><U128/><E128/><V7/><F7/><W1/><G1/><N who="0" m="587" /><D89/><U61/><E61/><V69/><REACH who="2" step="1"/><F44/><REACH who="2" ten="397,101,246,246" step="2"/><W26/><G31/><T30/><D30/><U75/><E75/><AGARI ba="0,1" hai="4,11,15,58,59,62,66,69,73,74,75,121,122,123" machi="75" ten="50,4800,0" yaku="1,1,2,1,53,0" doraHai="16" doraHaiUra="101" who="2" fromWho="1" sc="397,0,101,-48,246,58,246,0" /><INIT seed="6,1,0,4,0,102" ten="397,53,304,246" oya="2" hai0="35,48,84,5,105,13,61,67,130,77,63,134,54" hai1="82,75,42,87,78,58,112,56,76,109,100,39,94" hai2="128,18,65,120,8,108,89,88,133,115,6,116,23" hai3="28,103,121,117,33,68,80,19,124,0,40,51,16"/><V98/><F116/><W29/><G117/><T135/><D105/><U45/><E109/><V1/><F120/><W27/><G121/><T129/><D35/><U32/><E112/><V107/><F115/><W20/><G68/><T60/><D84/><U123/><E123/><V41/><F108/><W83/><G0/><T74/><D13/><U12/><E32/><V70/><F128/><N who="0" m="49258" /><D5/><U46/><E12/><V57/><F70/><W59/><G124/><T79/><D67/><U3/><E3/><V30/><F41/><W99/><G29/><T55/><D74/><U86/><E46/><V26/><F133/><N who="0" m="50698" /><D48/><U14/><E14/><V4/><F4/><W131/><G131/><T47/><D47/><U21/><E21/><V101/><REACH who="2" step="1"/><F30/><REACH who="2" ten="397,53,294,246" step="2"/><W104/><G19/><T52/><AGARI ba="1,1" hai="52,54,55,60,61,63,77,79" m="50698,49258" machi="52" ten="40,8000,1" yaku="28,2,19,1,20,1,54,1" doraHai="102" who="0" fromWho="0" sc="397,93,53,-21,294,-41,246,-21" /><INIT seed="7,0,0,4,3,13" ten="490,32,253,225" oya="3" hai0="23,40,68,116,126,117,52,76,90,124,39,0,4" hai1="6,65,37,34,129,130,100,120,41,105,102,96,71" hai2="11,62,119,58,31,128,24,3,73,56,108,47,42" hai3="127,113,2,19,28,29,61,121,51,63,97,87,77"/><W14/><G121/><T17/><D68/><U8/><E120/><V101/><F73/><W114/><G2/><T75/><D40/><U70/><E102/><V83/><F119/><W69/><G97/><T9/><D39/><U12/><E12/><V55/><F108/><W22/><G127/><N who="0" m="48683" /><D52/><U1/><E34/><V66/><F128/><W104/><G104/><T118/><D90/><U18/><E18/><V93/><F83/><N who="3" m="47599" /><G69/><T89/><D89/><U131/><REACH who="1" step="1"/><E65/><REACH who="1" ten="490,22,253,225" step="2"/><V111/><F66/><W86/><G113/><T80/><D118/><U43/><E43/><V79/><F42/><W122/><G114/><T110/><D110/><U59/><E59/><V30/><F58/><W103/><G122/><T123/><D123/><U135/><E135/><V82/><F56/><W33/><G103/><T21/><D21/><U45/><AGARI ba="0,1" hai="1,6,8,37,41,45,70,71,96,100,105,129,130,131" machi="45" ten="40,8000,1" yaku="1,1,0,1,19,1,23,2,53,0" doraHai="13" doraHaiUra="20" who="1" fromWho="1" sc="490,-20,22,90,253,-20,225,-40" owari="470,57.0,112,-39.0,233,3.0,185,-21.0" /></mjloggm>