<mjloggm ver="2.3"><GO type="41" lobby="0"/><UN n0="%E2%93%9D%53%75%70%68%78" n1="%E6%98%9F%E9%9C%8A%E5%90%88%E6%88%A6%EF%BC%81" n2="%E3%81%86%E3%82%89%E3%81%A9%E3%82%89%E3%81%BF%E3%82%89%E3%81%8F%E3%82%8B" n3="%46%72%6F%6E" dan="18,13,15,14" rate="2072.48,1863.20,1965.25,1938.96" sx="M,M,M,M"/><TAIKYOKU oya="0"/><INIT seed="0,0,0,0,1,59" ten="250,250,250,250" oya="0" hai0="96,37,61,102,44,11,63,87,17,49,34,93,104" hai1="64,111,9,112,119,7,28,125,126,36,35,75,68" hai2="8,6,54,115,105,91,69,66,129,127,133,81,42" hai3="41,76,30,77,26,100,135,97,15,118,45,107,121"/><T82/><D37/><U10/><E119/><V27/><F105/><W52/><G135/><T90/><D34/><U21/><E75/><V86/><F115/><W73/><G73/><T74/><D17/><U99/><E112/><V31/><F42/><W38/><G118/><T16/><D74/><U0/><E36/><V48/><F133/><W131/><G131/><T124/><D104/><U123/><E123/><V55/><F129/><W92/><G107/><T120/><D124/><N who="1" m="47723" /><E99/><V70/><F127/><W60/><G15/><N who="0" m="7295" /><D120/><U116/><E116/><V29/><F29/><W71/><G121/><T19/><D19/><U53/><E53/><AGARI ba="0,0" hai="44,49,53,61,63,82,87,90,93,96,102" m="7295" machi="53" ten="30,12000,1" yaku="25,1,8,1,52,2,54,1" doraHai="59" who="0" fromWho="1" sc="250,120,250,-120,250,0,250,0" /><INIT seed="0,1,0,5,4,117" ten="370,130,250,250" oya="0" hai0="23,103,57,97,36,116,55,11,27,89,12,115,28" hai1="1,69,42,96,107,44,41,114,54,74,113,92,85" hai2="48,37,50,7,13,20,87,60,125,84,112,88,29" hai3="106,71,32,56,5,38,59,62,93,67,66,127,108"/><T34/><D115/><U86/><E107/><V4/><F37/><W53/><G32/><T83/><D36/><U10/><E74/><V119/><F112/><W79/><G106/><T63/><D116/><U51/><E69/><V35/><F35/><W9/><G79/><T131/><D131/><U81/><E10/><V126/><F119/><W0/><G108/><T130/><D130/><U31/><E1/><V68/><F87/><W91/><G127/><T33/><D89/><U61/><E114/><V98/><F98/><W132/><G132/><T118/><D83/><U77/><E31/><V111/><F111/><W30/><G30/><T15/><D15/><U129/><E129/><V25/><F60/><W133/><G133/><T52/><D55/><U122/><E122/><V75/><F68/><W120/><G38/><T95/><REACH who="0" step="1"/><D118/><REACH who="0" ten="360,130,250,250" step="2"/><U99/><E113/><V22/><F126/><W124/><G124/><T80/><D80/><U72/><E42/><V104/><F125/><W24/><G24/><T73/><D73/><U17/><E72/><V65/><F75/><W110/><G110/><T121/><D121/><U128/><E41/><V78/><F78/><W49/><G120/><T90/><D90/><U105/><E128/><V94/><F13/><W39/><G39/><T64/><D64/><U19/><E77/><V21/><F65/><W8/><G67/><T102/><D102/><U82/><E82/><V18/><F88/><W14/><G71/><T109/><D109/><U58/><E81/><V70/><F70/><W6/><G91/><T135/><D135/><U40/><E40/><RYUUKYOKU ba="1,1" sc="360,15,130,-15,250,-15,250,15" hai0="11,12,23,27,28,33,34,52,57,63,95,97,103" hai3="0,5,6,8,9,14,49,53,56,59,62,66,93" /><INIT seed="0,2,1,0,0,76" ten="375,115,235,265" oya="0" hai0="4,6,118,44,98,50,5,95,21,49,114,90,48" hai1="59,14,15,73,93,77,116,23,20,43,33,51,74" hai2="128,102,101,54,117,63,7,110,41,8,31,36,11" hai3="70,64,26,18,92,121,34,55,113,131,12,124,57"/><T10/><D114/><U56/><E116/><V47/><F31/><W39/><G39/><T83/><D118/><U109/><E109/><V119/><F110/><W132/><G124/><T103/><D21/><U71/><E93/><V19/><F119/><W45/><G45/><T115/><D115/><U78/><E43/><V38/><F38/><W17/><G17/><T80/><D44/><U65/><E51/><V122/><F117/><W112/><G132/><T37/><D37/><U127/><E65/><V96/><F122/><W68/><G64/><T134/><D134/><U106/><E106/><V67/><F19/><W104/><G104/><T42/><D42/><U81/><E127/><V100/><F54/><W79/><G92/><N who="0" m="58823" /><D10/><U9/><E9/><V130/><F11/><W52/><G34/><T126/><D126/><U133/><E133/><V129/><F96/><AGARI ba="2,1" hai="4,5,6,48,49,50,80,83,90,95,96" m="58823" machi="96" ten="30,5800,0" yaku="8,1,52,2" doraHai="76" who="0" fromWho="2" sc="375,74,115,0,235,-64,265,0" /><INIT seed="0,3,0,3,3,33" ten="449,115,171,265" oya="0" hai0="26,78,63,42,5,87,71,59,129,35,41,51,106" hai1="126,45,76,44,85,2,96,31,88,131,38,77,104" hai2="6,13,102,116,127,108,82,25,10,94,56,118,58" hai3="3,92,117,49,100,55,79,99,98,1,37,133,90"/><T83/><D129/><U80/><E31/><V111/><F82/><W17/><G37/><T65/><D106/><U29/><E29/><V93/><F102/><W91/><G79/><T67/><D35/><U21/><E131/><V4/><F25/><W48/><G117/><N who="2" m="45161" /><F127/><W113/><G113/><T119/><D67/><U128/><E128/><V34/><F34/><W22/><G133/><T112/><D112/><U107/><E126/><V47/><F47/><W115/><G49/><T11/><D26/><U39/><E21/><V84/><F84/><W130/><G91/><T18/><D18/><U60/><E60/><V32/><F32/><W72/><G72/><T62/><D119/><U132/><E132/><V36/><F6/><W89/><G89/><T19/><D19/><U54/><E54/><V103/><F36/><W12/><G115/><T9/><D51/><U61/><E61/><V74/><F74/><W68/><G68/><T110/><D63/><U124/><E124/><V40/><F40/><W46/><REACH who="3" step="1"/><G130/><REACH who="3" ten="449,115,171,255" step="2"/><T125/><D71/><U0/><E88/><V97/><F111/><W135/><G135/><T43/><D125/><U69/><E69/><V86/><F108/><W57/><G57/><T122/><D110/><U15/><E77/><V24/><F58/><W114/><G114/><T95/><D59/><U7/><E76/><V134/><F56/><W105/><AGARI ba="3,1" hai="1,3,12,17,22,46,48,55,90,92,98,99,100,105" machi="105" ten="20,8000,1" yaku="1,1,0,1,7,1,52,2,53,0" doraHai="33" doraHaiUra="23" who="3" fromWho="3" sc="449,-43,115,-23,171,-23,255,99" /><INIT seed="1,0,0,2,3,55" ten="406,92,148,354" oya="1" hai0="16,97,42,72,71,78,127,73,104,114,103,95,57" hai1="90,24,45,91,8,134,39,61,33,19,129,98,109" hai2="82,85,49,70,94,66,130,92,46,28,87,2,113" hai3="4,74,10,30,56,20,18,13,124,107,9,86,118"/><U79/><E134/><V6/><F28/><W50/><G74/><T65/><D71/><U122/><E122/><V23/><F23/><W100/><G107/><T37/><D114/><U108/><E33/><V117/><F117/><W29/><G100/><T14/><D127/><U121/><E121/><V89/><F113/><W135/><G124/><T119/><D119/><U25/><E129/><V96/><F2/><W44/><G10/><T102/><D42/><N who="1" m="22751" /><E79/><V110/><F6/><W67/><G86/><T32/><D37/><U53/><E98/><V77/><F130/><W0/><G135/><T63/><D32/><U81/><E81/><V62/><F110/><N who="1" m="42601" /><E8/><V99/><F94/><W58/><G118/><T132/><D132/><U116/><E116/><V15/><F15/><N who="3" m="9311" /><G67/><T11/><D78/><U101/><E101/><V115/><F115/><W47/><G0/><T123/><D123/><U131/><E131/><V7/><F7/><W88/><G88/><N who="1" m="33834" /><E19/><V34/><F34/><W120/><G120/><T41/><REACH who="0" step="1"/><D41/><AGARI ba="0,0" hai="41,46,49,62,66,70,77,82,85,87,89,92,96,99" machi="41" ten="30,1000,0" yaku="7,1" doraHai="55" who="2" fromWho="0" sc="406,-10,92,0,148,10,354,0" /><INIT seed="2,0,0,2,0,129" ten="396,92,158,354" oya="2" hai0="108,25,91,49,118,8,50,117,87,28,9,30,111" hai1="109,102,62,77,34,107,54,23,51,101,14,96,73" hai2="3,38,33,68,60,86,29,19,40,5,92,42,124" hai3="12,71,55,100,75,35,99,11,44,31,41,27,78"/><V84/><F38/><W32/><G32/><T81/><D87/><U61/><E34/><V94/><F124/><W0/><G55/><T125/><D81/><U56/><E109/><N who="0" m="42057" /><D91/><U48/><E101/><V127/><F127/><W135/><G135/><T20/><D125/><U114/><E114/><V13/><F3/><W85/><G0/><T132/><D50/><U22/><E77/><V123/><F5/><W130/><G130/><T10/><D49/><U113/><E73/><V89/><F29/><N who="0" m="11370" /><D132/><U103/><E103/><V66/><F33/><W45/><G71/><T121/><D121/><U47/><E113/><V6/><F6/><W112/><G75/><T26/><D20/><U74/><E74/><V80/><F123/><W82/><G112/><T46/><D46/><U53/><E22/><V1/><F1/><W37/><G44/><T122/><D122/><U105/><E105/><V97/><F94/><W79/><G100/><T59/><D59/><U83/><E83/><V76/><REACH who="2" step="1"/><F86/><REACH who="2" ten="396,92,148,354" step="2"/><W128/><G128/><T36/><D36/><U119/><E119/><AGARI ba="0,1" hai="8,9,10,25,26,117,118,119" m="11370,42057" machi="119" ten="40,12000,2" yaku="28,2,12,1,14,1,34,2" doraHai="129" who="0" fromWho="1" sc="396,130,92,-120,148,0,354,0" owari="526,63.0,-28,-53.0,148,-25.0,354,15.0" /></mjloggm>