<mjloggm ver="2.3"><GO type="41" lobby="0"/><UN n0="%E2%93%9D%53%75%70%68%78" n1="%E3%81%97%E3%82%87%E3%81%86%E3%81%8F%E3%82%93" n2="%E3%81%B1%E3%81%A3%E3%81%9F%E3%82%93" n3="%65%78%74%72%61%67%32" dan="18,14,14,14" rate="2147.73,1976.56,1906.16,1960.60" sx="M,M,M,M"/><TAIKYOKU oya="0"/><INIT seed="0,0,0,5,5,97" ten="250,250,250,250" oya="0" hai0="94,18,126,74,26,87,113,111,70,47,89,32,95" hai1="1,52,44,45,6,123,130,96,64,117,0,100,17" hai2="40,11,2,30,27,92,124,56,79,23,122,98,129" hai3="106,104,46,114,119,118,42,34,107,66,133,82,67"/><T90/><D113/><U127/><E123/><V108/><F122/><W48/><G114/><T50/><D74/><U55/><E117/><V5/><F108/><W33/><G133/><T36/><D70/><U85/><E127/><V4/><F129/><W25/><G82/><T38/><D126/><U21/><E130/><V132/><F132/><W53/><G53/><T15/><D111/><U80/><E64/><V65/><F79/><W9/><G9/><T60/><D60/><U7/><E0/><V120/><F40/><W28/><REACH who="3" step="1"/><G34/><REACH who="3" ten="250,250,250,240" step="2"/><T81/><D81/><U37/><E37/><V69/><F124/><W68/><G68/><T116/><D116/><AGARI ba="0,1" hai="25,28,33,42,46,48,66,67,104,106,107,116,118,119" machi="116" ten="50,1600,0" yaku="1,1,53,0" doraHai="97" doraHaiUra="91" who="3" fromWho="0" sc="250,-16,250,0,250,0,240,26" /><INIT seed="1,0,0,2,4,63" ten="234,250,250,266" oya="1" hai0="9,8,30,95,34,31,79,82,11,86,78,125,113" hai1="25,129,70,12,81,26,45,90,128,5,54,3,65" hai2="135,130,114,49,131,0,100,10,2,29,33,52,73" hai3="18,93,69,89,59,72,23,48,64,60,44,122,20"/><U41/><E54/><V124/><F73/><W97/><G72/><T67/><D113/><U105/><E3/><V28/><F100/><W19/><G122/><T94/><D125/><U133/><E105/><V103/><F103/><W107/><G107/><T68/><D34/><U21/><E133/><V118/><F118/><W55/><G69/><T27/><D27/><U91/><E26/><N who="2" m="18583" /><F114/><W102/><G89/><T4/><D4/><U51/><E12/><V66/><F66/><W88/><G102/><T83/><D68/><U62/><E5/><N who="2" m="1319" /><F2/><W14/><G19/><T37/><D37/><U109/><E109/><V87/><F87/><W7/><G7/><T75/><REACH who="0" step="1"/><D67/><REACH who="0" ten="224,250,250,266" step="2"/><U115/><E115/><V104/><F124/><W74/><REACH who="3" step="1"/><G74/><REACH who="3" ten="224,250,250,256" step="2"/><T43/><D43/><U1/><E1/><V76/><F131/><N who="1" m="50249" /><E81/><V101/><F130/><W22/><AGARI ba="0,2" hai="14,18,20,22,23,44,48,55,59,60,64,88,93,97" machi="22" ten="20,12000,2" yaku="1,1,0,1,7,1,8,1,52,1,54,1,53,1" doraHai="63" doraHaiUra="46" who="3" fromWho="3" sc="224,-30,250,-60,250,-30,256,140" /><INIT seed="2,0,0,4,2,92" ten="194,190,220,396" oya="2" hai0="116,81,134,31,15,35,17,32,71,76,123,1,126" hai1="7,26,132,110,124,96,5,72,22,120,34,67,19" hai2="52,130,84,20,115,58,4,33,128,65,44,97,41" hai3="57,14,39,11,12,105,74,78,13,63,46,108,49"/><V113/><F33/><W109/><G105/><T135/><D71/><U83/><E120/><V62/><F4/><W70/><G39/><T88/><D123/><U87/><E72/><V0/><F0/><W43/><G70/><T117/><D1/><U80/><E132/><N who="0" m="50729" /><D126/><U86/><E124/><V68/><F20/><W98/><G78/><T21/><D76/><U112/><E34/><N who="0" m="12841" /><D81/><U30/><E112/><N who="2" m="43083" /><F84/><W16/><G74/><T59/><D59/><U73/><E67/><V47/><F97/><W102/><G108/><T69/><D69/><U93/><E110/><V99/><F99/><W23/><G109/><T66/><D66/><U36/><E36/><N who="2" m="21543" /><F47/><W114/><G114/><T75/><D75/><U106/><E106/><V54/><F54/><W53/><REACH who="3" step="1"/><G11/><REACH who="3" ten="194,190,220,386" step="2"/><N who="0" m="6399" /><D88/><N who="1" m="55335" /><E73/><V42/><F42/><W95/><AGARI ba="0,1" hai="12,13,14,16,23,43,46,49,53,57,63,95,98,102" machi="95" ten="20,12000,2" yaku="1,1,0,1,7,1,8,1,52,1,54,1,53,0" doraHai="92" doraHaiUra="28" who="3" fromWho="3" sc="194,-30,190,-30,220,-60,386,130" /><INIT seed="3,0,0,0,0,129" ten="164,160,160,516" oya="3" hai0="74,122,60,52,20,85,105,32,134,47,81,67,56" hai1="94,22,57,126,69,83,18,4,10,61,115,30,34" hai2="132,101,118,96,123,111,3,98,114,107,28,25,68" hai3="49,27,15,130,44,90,33,11,102,106,51,112,55"/><W41/><G112/><T119/><D119/><U12/><E115/><V131/><RYUUKYOKU type="yao9" ba="0,0" sc="164,0,160,0,160,0,516,0" hai2="3,25,28,68,96,98,101,107,111,114,118,123,131,132" /><INIT seed="3,1,0,1,4,42" ten="164,160,160,516" oya="3" hai0="69,107,7,32,34,24,102,82,72,41,87,35,103" hai1="79,114,40,62,12,66,120,111,59,26,37,132,21" hai2="75,3,118,28,15,74,83,19,98,110,92,31,13" hai3="129,117,109,0,130,85,106,113,101,122,108,18,133"/><W50/><G0/><T55/><D72/><U91/><E120/><V135/><F110/><N who="3" m="42603" /><G18/><T121/><D69/><U70/><E114/><V14/><F118/><W16/><G113/><T116/><D41/><U90/><E132/><V47/><F135/><W76/><G133/><T17/><D107/><U30/><E111/><V10/><F3/><W84/><G16/><T123/><D7/><U2/><E2/><V100/><F75/><W44/><G117/><T89/><D116/><U77/><E12/><V1/><F1/><W43/><G76/><T45/><D123/><U57/><E79/><V39/><F83/><W65/><G65/><T52/><D121/><U58/><REACH who="1" step="1"/><E77/><REACH who="1" ten="164,150,160,516" step="2"/><V124/><F74/><W127/><G122/><T56/><D24/><U95/><E95/><V73/><F73/><W6/><G106/><T88/><D82/><U60/><E60/><V5/><F14/><W64/><G129/><T78/><D78/><U23/><E23/><V115/><F115/><W119/><G130/><T81/><D35/><U131/><E131/><V8/><F124/><W126/><G127/><T48/><D34/><U29/><E29/><V38/><REACH who="2" step="1"/><F39/><REACH who="2" ten="164,150,150,516" step="2"/><W49/><G126/><T93/><D81/><U67/><E67/><V22/><F22/><W9/><G64/><T54/><D32/><U99/><E99/><V51/><F51/><W112/><G50/><T36/><D48/><U27/><E27/><V105/><F105/><W33/><G49/><T134/><D134/><U71/><E71/><V104/><F104/><W61/><G112/><T80/><D36/><U86/><E86/><RYUUKYOKU ba="1,2" sc="164,-15,150,15,150,15,516,-15" hai1="21,26,30,37,40,57,58,59,62,66,70,90,91" hai2="5,8,10,13,15,19,28,31,38,47,92,98,100" /><INIT seed="4,2,2,5,3,42" ten="149,165,165,501" oya="0" hai0="25,41,118,117,44,99,94,49,52,27,23,61,45" hai1="95,8,87,98,71,19,6,14,59,121,56,88,43" hai2="9,54,63,120,3,114,0,83,113,32,103,91,36" hai3="108,127,81,53,130,22,76,66,4,28,38,110,134"/><T33/><D33/><U46/><E71/><V129/><F120/><W97/><G127/><T48/><D61/><U132/><E132/><V17/><F129/><W78/><G38/><T135/><D135/><U70/><E70/><V105/><F36/><W104/><G134/><T15/><D15/><U101/><E6/><V72/><F32/><W67/><G53/><T65/><D65/><U57/><E121/><V60/><F103/><W10/><G97/><T24/><REACH who="0" step="1"/><D23/><REACH who="0" ten="139,165,165,501" step="2"/><U34/><E34/><V1/><F63/><W96/><G22/><T69/><D69/><U93/><REACH who="1" step="1"/><E57/><REACH who="1" ten="139,155,165,501" step="2"/><V80/><F113/><W2/><G130/><T89/><AGARI ba="2,4" hai="24,25,27,41,44,45,48,49,52,89,94,99,117,118" machi="89" ten="30,12000,1" yaku="1,1,0,1,52,2,54,1,53,0" doraHai="42" doraHaiUra="131" who="0" fromWho="0" sc="139,166,155,-42,165,-42,501,-42" /><INIT seed="4,3,0,2,1,19" ten="305,113,123,459" oya="0" hai0="14,55,75,62,34,85,101,81,66,7,40,106,53" hai1="125,42,118,86,93,4,97,38,52,30,84,25,13" hai2="69,103,20,12,126,15,33,99,65,67,17,128,6" hai3="74,98,43,110,28,89,36,87,23,120,95,57,27"/><T71/><D75/><U112/><E118/><V5/><F126/><W22/><G74/><T105/><D34/><U37/><E125/><V114/><F114/><W80/><G110/><T24/><D40/><U68/><E68/><V90/><F128/><W2/><G2/><T44/><D24/><U94/><E112/><V8/><F33/><W63/><G120/><T82/><D82/><U61/><E94/><N who="2" m="56791" /><F69/><W3/><G3/><T21/><D101/><U59/><E42/><V107/><F107/><W132/><G132/><T49/><D55/><U56/><E56/><V32/><F32/><W58/><G43/><T119/><D119/><U16/><E4/><N who="2" m="3079" /><F103/><W73/><G73/><T104/><D7/><AGARI ba="3,0" hai="5,6,7,15,17,20,65,67" m="3079,56791" machi="7" ten="30,2000,0" yaku="8,1,52,1" doraHai="19" who="2" fromWho="0" sc="305,-29,113,0,123,29,459,0" /><INIT seed="5,0,0,0,3,118" ten="276,113,152,459" oya="1" hai0="122,69,72,15,85,48,19,76,7,55,90,81,33" hai1="12,57,89,30,100,111,71,133,54,83,27,127,135" hai2="91,29,87,105,108,56,103,6,126,64,134,80,96" hai3="77,119,31,1,25,14,32,11,116,129,34,92,26"/><U113/><E71/><V66/><F108/><W123/><G77/><T28/><D69/><U62/><E111/><V93/><F134/><N who="1" m="51209" /><E127/><V86/><F126/><W17/><G92/><T2/><D2/><U10/><E100/><V37/><F37/><W13/><G129/><T45/><D7/><N who="1" m="3167" /><E113/><V16/><F6/><N who="3" m="1487" /><G123/><T18/><D122/><U132/><N who="1" m="51217" /><U78/><DORA hai="124" /><E89/><V35/><F56/><W120/><G120/><T117/><D117/><N who="3" m="45129" /><G17/><T106/><D106/><U5/><E5/><V102/><F16/><W104/><G104/><T67/><D19/><U8/><E8/><V112/><F102/><W110/><G110/><T61/><D18/><U47/><E47/><V39/><F39/><W46/><G46/><T79/><D45/><U115/><E115/><V20/><F35/><W43/><G43/><T82/><D33/><N who="1" m="20703" /><E83/><V98/><F112/><W3/><G3/><T50/><D82/><U109/><E109/><V52/><F80/><W38/><G38/><T75/><D81/><U21/><E21/><V60/><F20/><W58/><G58/><T36/><D36/><U125/><E125/><V23/><F23/><W22/><G22/><T42/><D79/><AGARI ba="0,0" hai="54,57,62,78,79" m="20703,3167,51217" machi="79" ten="40,2000,0" yaku="20,1" doraHai="118,124" who="1" fromWho="0" sc="276,-20,113,20,152,0,459,0" /><INIT seed="5,1,0,2,3,89" ten="256,133,152,459" oya="1" hai0="19,88,7,99,128,106,74,68,57,91,32,124,55" hai1="123,13,114,132,59,71,133,0,43,11,25,79,33" hai2="93,38,51,100,130,111,53,135,17,82,105,2,26" hai3="18,70,97,41,98,60,31,102,23,86,28,40,107"/><U134/><E71/><V16/><F111/><W92/><G86/><T37/><D37/><U44/><E123/><V96/><F135/><W119/><G119/><T20/><D32/><U104/><E104/><V73/><F130/><W117/><G117/><T103/><D74/><U125/><E125/><V108/><F108/><W72/><G72/><T4/><D68/><U3/><E79/><V49/><F38/><W120/><G120/><T67/><D67/><U81/><E81/><V48/><F2/><W50/><G70/><T42/><D42/><U85/><E85/><V14/><F105/><W62/><G62/><T46/><D46/><U8/><E59/><N who="2" m="33215" /><F82/><W112/><G60/><T34/><D34/><U94/><E94/><V69/><F69/><W12/><G112/><T10/><D128/><U121/><E114/><V78/><F78/><W65/><G65/><T1/><D7/><N who="1" m="3327" /><E121/><V36/><F36/><W84/><G84/><T58/><D58/><U52/><E43/><V118/><F73/><W35/><G35/><T21/><D124/><U56/><E44/><V15/><F26/><W75/><G75/><T5/><D106/><U76/><E76/><V131/><F131/><W90/><G41/><T6/><D1/><N who="1" m="587" /><E33/><V87/><F87/><W126/><G126/><T77/><D77/><U83/><E83/><V54/><F118/><W127/><G127/><T122/><D122/><U47/><E47/><N who="2" m="27935" /><F49/><W22/><G50/><T129/><D129/><U29/><E56/><V80/><F80/><W63/><G107/><T95/><D57/><U64/><E64/><V61/><F61/><RYUUKYOKU ba="1,0" sc="256,-10,133,-10,152,30,459,-10" hai2="14,15,16,17,93,96,100" /><INIT seed="6,2,0,1,3,72" ten="246,123,182,449" oya="2" hai0="51,97,129,76,77,0,114,55,73,25,96,57,52" hai1="47,104,133,6,33,82,10,83,32,64,103,26,113" hai2="56,24,39,69,105,94,93,134,62,18,35,67,66" hai3="121,21,1,3,118,17,28,126,20,123,22,36,124"/><V100/><F134/><W106/><G106/><T14/><D73/><U91/><E133/><V125/><F125/><N who="3" m="48235" /><G36/><T12/><D0/><N who="3" m="73" /><G118/><T135/><D114/><U119/><E119/><V102/><F39/><W107/><G107/><T108/><D129/><U85/><E113/><V128/><F128/><W68/><G68/><T84/><D108/><U44/><E64/><V63/><F18/><W98/><G98/><N who="0" m="37995" /><D25/><U127/><E103/><V120/><F120/><N who="3" m="46155" /><G28/><T122/><D135/><U80/><E104/><V46/><F46/><W90/><G90/><T58/><D122/><U70/><E70/><V54/><F54/><W65/><G65/><T4/><D55/><U131/><E127/><V30/><F102/><W74/><G74/><T88/><D58/><U111/><E131/><V37/><F37/><W109/><G109/><T43/><D43/><U60/><E111/><V11/><F11/><W7/><G7/><T8/><D4/><U132/><E132/><V23/><F23/><W13/><AGARI ba="2,0" hai="13,17,20,21,22" m="46155,73,48235" machi="13" ten="40,5200,0" yaku="18,1,34,2" doraHai="72" who="3" fromWho="3" sc="246,-15,123,-15,182,-28,449,58" /><INIT seed="7,0,0,3,1,42" ten="231,108,154,507" oya="3" hai0="106,127,37,115,95,124,11,89,15,83,76,60,121" hai1="87,102,19,110,3,28,126,103,117,120,108,74,23" hai2="4,67,68,97,85,88,17,80,90,79,128,82,56" hai3="75,30,58,119,98,129,35,45,8,112,135,7,72"/><W22/><G58/><T61/><D115/><U71/><E71/><V81/><F128/><W114/><G45/><T104/><D121/><U41/><E41/><V131/><F131/><W48/><G48/><T105/><D37/><U91/><E3/><V64/><F68/><W6/><G98/><N who="0" m="57711" /><D15/><U109/><E28/><V1/><F1/><W0/><G135/><T25/><D11/><U73/><E120/><V24/><F4/><W69/><G69/><T38/><D25/><U113/><E113/><V57/><F79/><W70/><G70/><T99/><D38/><U63/><E63/><N who="2" m="37991" /><F57/><W53/><G53/><T78/><D78/><U51/><E51/><V5/><F5/><W14/><G75/><N who="0" m="43423" /><D61/><U2/><E2/><V40/><F40/><W111/><G114/><T125/><D60/><U65/><E65/><V21/><F67/><W122/><G112/><T101/><AGARI ba="0,0" hai="99,101,104,105,106,124,125,127" m="43423,57711" machi="101" ten="40,5200,0" yaku="18,1,34,2" doraHai="42" who="0" fromWho="0" sc="231,52,108,-13,154,-13,507,-26" owari="283,8.0,95,-40.0,141,-26.0,481,58.0" /></mjloggm>