<mjloggm ver="2.3"><GO type="41" lobby="0"/><UN n0="%E6%9D%BE%E5%B2%A1%E7%BE%8E%E7%BE%BD" n1="%E2%93%9D%53%75%70%68%78" n2="%59%75%74%61%70%6F%6E" n3="%E9%9B%A8%E5%B7%9D%E6%9C%9B" dan="13,17,15,13" rate="1856.89,2071.49,1933.65,1858.22" sx="M,M,M,M"/><TAIKYOKU oya="0"/><INIT seed="0,0,0,1,5,9" ten="250,250,250,250" oya="0" hai0="116,133,113,112,31,111,55,67,36,90,27,35,128" hai1="114,92,46,94,63,79,3,99,109,130,5,44,8" hai2="80,54,134,17,39,87,81,48,56,40,45,107,91" hai3="1,6,64,93,42,73,72,26,78,32,11,71,121"/><T70/><D70/><U82/><E109/><V124/><F134/><W38/><G121/><T127/><D127/><U129/><E114/><V85/><F124/><W59/><G59/><T104/><D104/><U60/><E46/><V62/><F107/><W15/><G93/><T52/><D111/><U47/><E44/><V96/><F96/><W4/><G4/><T106/><D67/><U13/><E3/><V57/><F17/><W117/><G117/><T103/><D106/><U49/><E92/><V123/><F123/><W12/><G73/><T84/><D103/><U65/><E65/><V135/><F135/><W34/><G34/><T68/><D68/><U20/><E20/><V77/><REACH who="2" step="1"/><F56/><REACH who="2" ten="250,250,240,250" step="2"/><W95/><G71/><T2/><D133/><U28/><E130/><V16/><F16/><W66/><G66/><T10/><D128/><U58/><E58/><V131/><F131/><W102/><G64/><T25/><D113/><U118/><E129/><V18/><F18/><W83/><G102/><T51/><D112/><U125/><E125/><V100/><F100/><W126/><G126/><T89/><D31/><U43/><E28/><V41/><F41/><W132/><G132/><T61/><D116/><U97/><E118/><V101/><F101/><W119/><G119/><T14/><D36/><AGARI ba="0,1" hai="36,39,40,45,48,54,57,62,77,80,81,85,87,91" machi="36" ten="40,1300,0" yaku="1,1,53,0" doraHai="9" doraHaiUra="120" who="2" fromWho="0" sc="250,-13,250,0,240,23,250,0" /><INIT seed="1,0,0,2,4,131" ten="237,250,263,250" oya="1" hai0="82,4,135,61,57,58,13,133,55,29,10,113,53" hai1="86,43,118,32,46,116,85,120,47,44,9,64,23" hai2="54,106,134,63,132,87,39,101,14,1,88,3,78" hai3="73,84,115,117,130,98,74,92,2,36,67,114,111"/><U76/><E32/><V81/><F39/><W122/><G36/><T11/><D113/><N who="3" m="43017" /><G2/><T104/><D104/><U51/><E120/><V65/><F101/><N who="3" m="60615" /><G67/><T109/><D109/><U100/><E100/><V48/><F106/><W89/><G122/><T105/><D105/><U95/><E64/><V40/><F40/><W19/><G19/><T30/><D82/><U20/><E118/><V112/><F112/><W56/><G56/><T80/><D80/><N who="1" m="47367" /><E9/><V22/><F1/><W121/><G130/><T5/><D13/><U124/><E116/><V110/><F3/><W16/><G16/><T69/><D61/><U62/><E62/><V90/><F110/><W93/><G121/><T38/><D38/><U108/><E108/><V8/><F22/><N who="1" m="8233" /><E124/><V102/><F102/><W79/><G111/><T96/><D96/><U52/><E43/><V91/><F63/><W41/><G41/><T25/><D25/><U37/><E37/><V77/><F65/><W42/><G42/><T66/><D66/><U68/><E68/><AGARI ba="0,0" hai="4,5,10,11,29,30,53,55,57,58,68,69,133,135" machi="68" ten="25,6400,0" yaku="22,2,52,2" doraHai="131" who="0" fromWho="1" sc="237,64,250,-64,263,0,250,0" /><INIT seed="2,0,0,5,1,8" ten="301,186,263,250" oya="2" hai0="134,128,38,27,11,56,39,67,125,18,93,13,78" hai1="123,32,74,113,97,108,80,66,85,126,95,14,130" hai2="45,102,117,109,116,107,98,5,118,104,35,70,88" hai3="6,44,121,29,89,99,84,50,65,61,90,114,22"/><V48/><F70/><W31/><G121/><T55/><D125/><U63/><E113/><V3/><F35/><W10/><G114/><T119/><D128/><U59/><E108/><V105/><F109/><W58/><G22/><T131/><D131/><U47/><E130/><V112/><F112/><W100/><G84/><T54/><D134/><U103/><E126/><V73/><F73/><W40/><G29/><T76/><D119/><U20/><E74/><V94/><F5/><W30/><G31/><T15/><D93/><U133/><E133/><V72/><F3/><W21/><G21/><T34/><D34/><U17/><E32/><V81/><F48/><W2/><REACH who="3" step="1"/><G30/><REACH who="3" ten="301,186,263,240" step="2"/><T101/><D11/><U9/><E123/><V49/><F72/><W77/><G77/><T83/><D78/><U4/><E47/><V7/><F81/><W135/><G135/><T0/><D76/><U92/><E80/><V1/><F1/><W129/><G129/><T115/><D83/><U52/><E85/><V62/><F7/><W53/><G53/><T36/><D115/><U82/><E82/><V120/><F120/><W79/><G79/><T127/><D127/><U91/><E66/><V24/><F24/><W33/><G33/><T51/><D67/><U124/><E124/><V37/><F116/><W25/><G25/><T12/><D0/><U122/><E122/><V111/><F118/><W57/><G57/><T87/><D54/><U106/><E91/><N who="2" m="55647" /><F117/><W41/><G41/><T71/><D56/><U16/><E4/><V68/><F111/><W43/><G43/><T96/><D87/><RYUUKYOKU ba="0,1" sc="301,-15,186,15,263,-15,240,15" hai1="9,14,16,17,20,52,59,63,92,95,97,103,106" hai3="2,6,10,40,44,50,58,61,65,89,90,99,100" /><INIT seed="3,1,1,2,0,44" ten="286,201,248,255" oya="3" hai0="68,89,88,76,55,27,71,49,107,14,54,3,67" hai1="56,115,20,38,102,121,101,93,131,6,91,19,79" hai2="23,22,16,11,117,94,61,24,78,33,124,120,1" hai3="51,4,126,100,125,45,58,37,32,31,97,46,119"/><W85/><G119/><T98/><D3/><U48/><E38/><V123/><F78/><W57/><G4/><T81/><D76/><U47/><E115/><V132/><F117/><W63/><G85/><T129/><D129/><U30/><E121/><V59/><F132/><W42/><G31/><T36/><D36/><U82/><E56/><V73/><F73/><W65/><G32/><T92/><D27/><U66/><E66/><V108/><F33/><W77/><G77/><T40/><D107/><U74/><E6/><V80/><F80/><W118/><G118/><T106/><D106/><U69/><E69/><V17/><F94/><W134/><G134/><T25/><D25/><U112/><E30/><V75/><F75/><W8/><G8/><T9/><D68/><U104/><E131/><V15/><F124/><N who="3" m="47723" /><G97/><T29/><D29/><U127/><E112/><V2/><F108/><W99/><G99/><T13/><D67/><U72/><E72/><V84/><F84/><W116/><G100/><T90/><D71/><U130/><E130/><V109/><F109/><W103/><G103/><T28/><D28/><U60/><E127/><V21/><F21/><W50/><G116/><T52/><D14/><N who="1" m="9335" /><E104/><V135/><F135/><W62/><G45/><N who="0" m="25767" /><D81/><U35/><E35/><V18/><F17/><AGARI ba="1,1" hai="9,13,17,52,54,55,88,89,90,92,98" m="25767" machi="17" ten="30,7700,0" yaku="8,1,52,1,54,2" doraHai="44" who="0" fromWho="2" sc="286,90,201,0,248,-80,255,0" /><INIT seed="4,0,0,3,2,42" ten="376,201,168,255" oya="0" hai0="30,119,102,134,61,88,51,40,83,76,126,101,63" hai1="34,120,87,89,117,100,128,106,122,96,107,79,110" hai2="26,104,1,60,2,14,81,125,90,17,8,21,25" hai3="129,10,24,97,57,35,16,75,37,31,124,103,19"/><T52/><D119/><U50/><E34/><V121/><F104/><W118/><G118/><T74/><D126/><U3/><E3/><V53/><F125/><W82/><G124/><T5/><D134/><U9/><E9/><V54/><F121/><N who="1" m="46697" /><E50/><V127/><F127/><W32/><G32/><T27/><D5/><U123/><N who="1" m="46705" /><U33/><DORA hai="112" /><E33/><V64/><F1/><W68/><G68/><T11/><D11/><U135/><E117/><V99/><F2/><W49/><G37/><T108/><D40/><U39/><E39/><V105/><F105/><N who="1" m="39945" /><E110/><V133/><F133/><W73/><G129/><T4/><D4/><U94/><E135/><V7/><F25/><W62/><G49/><T20/><D108/><U41/><E41/><V47/><F47/><W44/><G44/><T48/><D88/><U15/><E15/><V13/><F14/><W29/><G29/><T0/><D51/><U12/><E12/><V70/><REACH who="2" step="1"/><F81/><REACH who="2" ten="376,201,158,255" step="2"/><W130/><G82/><T84/><D74/><U109/><E109/><V114/><F114/><W111/><G111/><T38/><D38/><U91/><E128/><V86/><F86/><W80/><G130/><T6/><D6/><U43/><E43/><V115/><F115/><W131/><G131/><T92/><D0/><U65/><E65/><V66/><F66/><N who="3" m="39247" /><G75/><T56/><D92/><AGARI ba="0,1" hai="7,8,13,17,21,26,53,54,60,64,70,90,92,99" machi="92" ten="40,2600,0" yaku="1,1,53,1" doraHai="42,112" doraHaiUra="46,58" who="2" fromWho="0" sc="376,-26,201,0,158,36,255,0" /><INIT seed="5,0,0,5,2,42" ten="350,201,194,255" oya="1" hai0="25,39,34,119,3,20,50,57,86,96,5,107,11" hai1="51,81,91,94,134,75,40,99,30,73,133,19,37" hai2="110,103,61,0,4,59,46,8,21,14,128,111,93" hai3="118,112,22,76,113,31,105,100,89,120,132,130,28"/><U97/><E30/><V49/><F128/><W18/><G120/><T121/><D119/><U62/><E37/><V24/><F0/><W17/><G130/><T115/><D121/><U13/><E62/><V47/><F110/><W114/><G118/><T66/><D39/><U92/><E40/><V53/><F111/><W67/><G132/><N who="1" m="50794" /><E51/><V26/><F21/><W16/><G89/><T79/><D34/><U77/><E19/><N who="3" m="7242" /><G76/><T126/><D126/><U123/><E13/><V101/><F93/><W56/><G100/><N who="2" m="38473" /><F61/><N who="3" m="38311" /><G105/><T124/><D66/><U10/><E10/><V27/><AGARI ba="0,0" hai="4,8,14,24,26,27,46,47,49,53,59" m="38473" machi="27" ten="30,4000,0" yaku="8,1,52,2" doraHai="42" who="2" fromWho="2" sc="350,-10,201,-20,194,40,255,-10" /><INIT seed="6,0,0,1,2,47" ten="340,181,234,245" oya="2" hai0="8,23,80,98,13,106,56,107,5,17,82,3,133" hai1="48,14,35,64,131,73,126,96,99,61,10,100,117" hai2="83,85,16,11,67,74,32,79,95,120,53,27,44" hai3="49,129,127,65,9,87,105,114,116,57,69,12,59"/><V93/><F120/><W0/><G0/><T51/><D133/><U89/><E117/><V111/><F111/><W26/><G105/><T92/><D106/><U22/><E73/><V19/><F67/><W33/><G116/><T68/><D68/><U31/><E126/><V97/><F74/><W71/><G127/><T60/><D51/><U43/><E35/><V63/><F63/><W86/><G129/><T37/><D107/><U130/><E89/><V24/><F95/><W125/><G125/><T70/><D70/><U41/><E22/><V84/><F85/><W72/><G72/><T46/><D46/><U91/><E31/><V104/><F104/><W18/><G114/><T81/><D80/><U109/><E91/><V122/><F122/><W7/><G71/><T88/><D37/><U38/><E38/><V58/><F32/><W128/><G128/><N who="1" m="49194" /><E109/><V39/><F39/><W30/><G69/><T36/><D36/><U76/><E76/><V123/><F123/><W118/><G118/><T108/><D108/><U28/><E28/><V20/><F44/><W134/><G134/><T62/><REACH who="0" step="1"/><D60/><REACH who="0" ten="330,181,234,245" step="2"/><U119/><E119/><V115/><F115/><W121/><G121/><T110/><D110/><U102/><E48/><N who="2" m="31015" /><F11/><W2/><G49/><T1/><D1/><U40/><E61/><V112/><F112/><W50/><G50/><T77/><D77/><U34/><E43/><V15/><F19/><W45/><G18/><T94/><D94/><N who="1" m="58743" /><E41/><V55/><F55/><AGARI ba="0,1" hai="3,5,8,13,17,23,55,56,62,81,82,88,92,98" machi="55" ten="30,3900,0" yaku="1,1,7,1,54,1,53,0" doraHai="47" doraHaiUra="66" who="0" fromWho="2" sc="330,49,181,0,234,-39,245,0" /><INIT seed="7,0,0,1,2,67" ten="379,181,195,245" oya="3" hai0="35,121,96,89,21,107,23,125,17,124,43,129,44" hai1="4,90,118,73,54,70,39,82,60,105,61,40,106" hai2="32,87,86,65,80,20,77,30,132,28,75,7,18" hai3="56,126,50,115,24,1,68,98,53,114,100,110,69"/><W55/><G1/><T64/><D64/><U37/><E4/><V104/><F104/><W79/><G79/><T12/><D35/><U102/><E90/><V76/><F132/><W117/><G117/><T16/><D121/><U62/><E54/><V85/><F32/><W51/><G110/><T83/><D129/><U15/><E15/><V127/><F127/><N who="0" m="48714" /><D83/><U81/><E40/><V66/><F7/><W92/><G24/><T31/><D31/><N who="2" m="11818" /><F75/><W111/><G111/><T42/><D44/><U8/><E8/><V135/><F135/><W78/><G78/><N who="2" m="30313" /><F80/><N who="1" m="30825" /><E102/><V13/><AGARI ba="0,0" hai="13,18,20,65,66,85,86,87" m="30313,11818" machi="13" ten="30,1100,0" yaku="8,1" doraHai="67" who="2" fromWho="2" sc="379,-3,181,-3,195,11,245,-5" owari="376,47.0,178,-32.0,206,-19.0,240,4.0" /></mjloggm>