<mjloggm ver="2.3"><GO type="41" lobby="0"/><UN n0="%E2%93%9D%53%75%70%68%78" n1="%E3%83%9E%E3%83%AA%E3%83%83%E3%82%B5%E3%82%AF%E3%83%BC%E3%83%91%E3%83%BC" n2="%E3%81%8D%E3%81%98%E3%82%85%E3%82%8D" n3="%E8%8D%89%E6%B7%B1%E8%B2%BB" dan="18,15,15,13" rate="2127.40,1999.91,1971.62,1896.05" sx="M,M,M,M"/><TAIKYOKU oya="0"/><INIT seed="0,0,0,2,3,113" ten="250,250,250,250" oya="0" hai0="52,30,10,102,54,55,5,62,34,26,101,88,128" hai1="124,116,117,16,35,74,75,111,12,69,98,106,2" hai2="108,27,19,22,67,76,33,15,130,103,131,85,129" hai3="81,78,8,9,17,38,115,72,0,39,122,45,112"/><T121/><D121/><U56/><E2/><V4/><F103/><W77/><G122/><T64/><D128/><U25/><E69/><V104/><F104/><W47/><G17/><T90/><D102/><U57/><E106/><V110/><F67/><W80/><REACH who="3" step="1"/><G0/><REACH who="3" ten="250,250,250,240" step="2"/><T65/><D101/><U58/><E124/><V44/><F4/><W61/><G61/><T43/><D43/><U83/><E111/><V100/><F100/><W132/><G132/><T40/><D40/><U20/><E98/><V79/><F108/><W73/><AGARI ba="0,1" hai="8,9,38,39,45,47,72,73,77,78,80,81,112,115" machi="73" ten="25,6400,0" yaku="1,1,0,1,22,2,53,0" doraHai="113" doraHaiUra="91" who="3" fromWho="3" sc="250,-32,250,-16,250,-16,240,74" /><INIT seed="1,0,0,5,4,119" ten="218,234,234,314" oya="1" hai0="113,89,28,102,71,24,130,32,25,1,75,73,18" hai1="64,51,56,53,30,104,66,92,126,26,29,134,39" hai2="94,117,133,31,55,74,135,4,14,59,87,70,109" hai3="20,125,124,15,49,11,108,46,12,68,76,43,10"/><U3/><E104/><V19/><F109/><W121/><G108/><T80/><D113/><U88/><E126/><N who="3" m="48746" /><G68/><T96/><D1/><U111/><E134/><V58/><F70/><W22/><G76/><T41/><D41/><U82/><E39/><V7/><F74/><W57/><G57/><T40/><D40/><U131/><E131/><V122/><F58/><W47/><G46/><T50/><D50/><U48/><E3/><V9/><F117/><W129/><G129/><T85/><D130/><U115/><E115/><V127/><F127/><W106/><G106/><T65/><D18/><U63/><E82/><V35/><F87/><W13/><G121/><T116/><D25/><U83/><E83/><V0/><F94/><W120/><G120/><T91/><D91/><U21/><E30/><V44/><F44/><W86/><G86/><T118/><D75/><U33/><E33/><V84/><F84/><W34/><G34/><T101/><D101/><U23/><E23/><AGARI ba="0,0" hai="10,11,12,13,15,20,22,23,43,47,49" m="48746" machi="23" ten="30,1000,0" yaku="18,1" doraHai="119" who="3" fromWho="1" sc="218,0,234,-10,234,0,314,10" /><INIT seed="2,0,0,4,2,17" ten="218,224,234,324" oya="2" hai0="28,120,83,114,108,67,86,29,12,121,51,24,27" hai1="74,134,106,55,21,14,105,116,52,15,18,31,93" hai2="40,111,46,45,25,0,88,53,126,78,61,60,11" hai3="10,68,70,98,37,97,42,101,77,33,62,90,135"/><V41/><F126/><W118/><G118/><T20/><D114/><U59/><E116/><V133/><F133/><W69/><G77/><T125/><D108/><U6/><E134/><V56/><F78/><W58/><G33/><T79/><D125/><U91/><E74/><V66/><F0/><W127/><G127/><T44/><D67/><U129/><E129/><V124/><F124/><W103/><G10/><T43/><REACH who="0" step="1"/><D12/><REACH who="0" ten="208,224,234,324" step="2"/><U113/><E113/><V122/><F111/><W72/><G135/><T99/><D99/><U23/><E106/><V81/><F122/><W131/><G97/><T117/><D117/><U48/><E105/><V119/><F119/><W110/><G98/><T57/><D57/><U112/><E112/><V96/><F96/><W39/><G58/><T35/><AGARI ba="0,1" hai="20,24,27,28,29,35,43,44,51,79,83,86,120,121" machi="35" ten="20,12000,2" yaku="1,1,0,1,7,1,52,1,53,2" doraHai="17" doraHaiUra="22" who="0" fromWho="0" sc="208,130,224,-30,234,-60,324,-30" /><INIT seed="3,0,0,1,1,66" ten="338,194,174,294" oya="3" hai0="116,72,33,113,123,21,69,70,7,98,108,1,105" hai1="92,94,23,4,101,43,51,5,83,128,47,67,30" hai2="124,131,87,41,100,16,52,84,120,75,80,104,17" hai3="19,39,9,68,24,62,126,107,34,29,132,73,109"/><W60/><G73/><T32/><RYUUKYOKU type="yao9" ba="0,0" sc="338,0,194,0,174,0,294,0" hai0="1,7,21,32,33,69,70,72,98,105,108,113,116,123" /><INIT seed="3,1,0,3,5,108" ten="338,194,174,294" oya="3" hai0="88,13,83,127,126,96,50,104,69,81,31,24,100" hai1="41,117,53,56,80,37,15,43,82,27,38,76,57" hai2="94,60,55,120,87,3,16,91,86,64,122,0,52" hai3="11,131,112,97,23,29,121,36,25,61,72,6,59"/><W116/><G116/><T39/><D39/><U113/><E27/><V102/><F102/><W85/><G121/><T34/><D69/><U73/><E15/><V45/><F45/><W44/><G72/><T12/><D50/><U66/><E53/><V26/><F86/><W99/><G131/><T92/><D13/><U14/><E14/><V68/><F3/><W54/><G112/><T130/><D12/><U65/><E73/><V22/><REACH who="2" step="1"/><F0/><REACH who="2" ten="338,194,164,294" step="2"/><W40/><G85/><N who="0" m="52239" /><D130/><U111/><E117/><V107/><F107/><W9/><G11/><T129/><D129/><U110/><REACH who="1" step="1"/><E76/><REACH who="1" ten="338,184,164,294" step="2"/><V134/><F134/><W101/><G101/><T114/><D114/><AGARI ba="1,2" hai="37,38,41,43,56,57,65,66,80,82,110,111,113,114" machi="114" ten="25,12000,2" yaku="1,1,2,1,22,2,52,2,53,0" doraHai="108" doraHaiUra="67" who="1" fromWho="0" sc="338,-123,184,143,164,0,294,0" /><INIT seed="4,0,0,1,3,15" ten="215,327,164,294" oya="0" hai0="114,9,59,120,78,97,135,8,109,134,88,106,39" hai1="55,94,122,10,116,96,34,7,128,48,84,17,21" hai2="95,45,47,27,67,82,92,107,22,104,40,98,5" hai3="131,30,76,51,14,68,38,2,77,112,102,79,0"/><T46/><D120/><U31/><E122/><V127/><F127/><W35/><G38/><T19/><D78/><U99/><E116/><V28/><F92/><W132/><G68/><T44/><D114/><U105/><E105/><V65/><F5/><W37/><G37/><T66/><D109/><U41/><E41/><V61/><F65/><W91/><G112/><T23/><D66/><U16/><E128/><V90/><F47/><N who="0" m="17962" /><D59/><N who="1" m="33255" /><E34/><V54/><F54/><W42/><G102/><N who="0" m="62799" /><D39/><U6/><E84/><V124/><F124/><W73/><G73/><T26/><D88/><N who="1" m="55367" /><E99/><V121/><F82/><W74/><G74/><T80/><D80/><U71/><E71/><V57/><F121/><W69/><G69/><T108/><D108/><U58/><E58/><V50/><AGARI ba="0,0" hai="22,27,28,40,45,50,57,61,67,90,95,98,104,107" machi="50" ten="20,1500,0" yaku="0,1,7,1" doraHai="15" who="2" fromWho="2" sc="215,-7,327,-4,164,15,294,-4" /><INIT seed="5,0,0,3,0,93" ten="208,323,179,290" oya="1" hai0="128,28,114,23,118,79,25,19,63,39,6,109,100" hai1="97,30,58,29,67,77,127,129,21,125,110,71,15" hai2="73,112,42,10,48,123,50,108,104,59,80,54,7" hai3="38,70,107,72,0,55,64,75,14,52,51,103,57"/><U98/><E129/><V33/><F108/><W86/><G0/><T84/><D109/><U47/><E110/><V46/><F104/><W99/><G38/><T20/><D118/><U119/><E71/><V45/><F33/><W12/><G86/><T40/><D114/><U68/><E68/><V53/><F123/><W60/><REACH who="3" step="1"/><G55/><REACH who="3" ten="208,323,179,280" step="2"/><T49/><D84/><U17/><E119/><V61/><F112/><W26/><G26/><T22/><D39/><U122/><E122/><V27/><F27/><W32/><G32/><T11/><D25/><U2/><E2/><V96/><F73/><AGARI ba="0,1" hai="12,14,51,52,57,60,64,70,72,73,75,99,103,107" machi="73" ten="40,5200,0" yaku="1,1,52,1,54,1,53,0" doraHai="93" doraHaiUra="117" who="3" fromWho="2" sc="208,0,323,0,179,-52,280,62" /><INIT seed="6,0,0,5,2,60" ten="208,323,127,342" oya="2" hai0="91,29,109,52,126,41,7,121,5,100,51,115,38" hai1="57,21,58,32,42,112,72,99,11,40,108,131,43" hai2="39,20,95,4,101,27,61,89,46,76,102,110,8" hai3="23,56,106,30,104,77,83,24,31,81,6,94,68"/><V122/><F122/><W111/><G68/><T15/><D109/><U50/><E108/><V2/><F110/><W87/><G111/><T45/><D121/><U78/><E112/><V103/><F76/><W34/><G6/><T63/><D115/><U75/><E32/><V70/><F39/><W128/><G128/><T49/><D100/><U74/><E78/><V116/><F46/><W47/><G94/><T12/><D126/><U37/><E131/><V127/><F127/><W133/><G133/><T114/><D29/><U26/><E11/><V9/><F9/><W96/><G96/><T92/><D38/><U85/><E50/><V132/><F132/><W125/><G56/><N who="0" m="35207" /><D51/><U13/><E99/><V33/><F33/><W48/><G83/><T86/><D114/><U84/><E13/><AGARI ba="0,0" hai="5,7,12,13,15,41,45,49,86,91,92" m="35207" machi="13" ten="30,2000,0" yaku="8,1,54,1" doraHai="60" who="0" fromWho="1" sc="208,20,323,-20,127,0,342,0" /><INIT seed="7,0,0,1,3,21" ten="228,303,127,342" oya="3" hai0="77,129,120,55,135,7,26,52,83,38,122,64,17" hai1="11,93,44,45,42,23,105,102,6,3,73,68,31" hai2="117,32,9,95,12,25,126,86,133,50,81,72,37" hai3="70,33,53,14,119,94,106,56,43,88,69,109,4"/><W116/><G106/><T107/><D107/><U22/><E105/><V16/><F37/><W123/><G123/><T67/><D38/><U2/><E68/><V19/><F117/><W103/><G103/><T59/><D7/><U49/><E73/><V79/><F126/><W97/><G33/><T91/><D129/><U82/><E82/><V40/><F133/><W58/><G43/><T29/><D135/><U15/><E22/><V63/><F63/><W134/><G134/><T101/><D17/><U124/><E124/><V27/><F72/><W18/><G4/><T131/><D131/><U113/><E113/><V108/><F95/><W99/><G109/><T36/><D36/><U66/><E66/><V34/><F108/><W132/><G99/><T41/><D41/><U60/><E60/><V84/><F84/><W87/><G87/><T5/><D5/><U51/><E93/><V10/><F34/><W71/><G58/><T115/><D115/><U92/><E92/><V121/><F121/><W127/><G127/><T104/><D104/><U24/><E102/><V48/><F32/><W90/><G90/><T46/><D91/><U85/><E85/><V100/><F100/><W28/><G28/><T54/><D122/><U98/><E98/><V96/><F96/><W65/><G65/><T30/><D67/><U78/><E78/><V74/><F74/><W61/><G132/><T39/><D120/><U47/><E47/><N who="2" m="25959" /><F48/><W76/><G76/><T13/><D39/><U62/><E62/><V111/><F111/><W114/><G114/><T118/><D77/><U110/><E110/><RYUUKYOKU ba="0,0" sc="228,-30,303,10,127,10,342,10" hai1="2,3,6,11,15,23,24,31,42,44,45,49,51" hai2="9,10,12,16,19,25,27,79,81,86" hai3="14,18,53,56,61,69,70,71,88,94,97,116,119" owari="198,-20.0,313,11.0,137,-36.0,352,45.0" /></mjloggm>