<mjloggm ver="2.3"><GO type="41" lobby="0"/><UN n0="%E2%93%9D%53%75%70%68%78" n1="%E5%B0%8F%E6%9E%97%E6%B5%81%E9%9B%80%E5%A3%AB" n2="%E3%82%B6%E3%83%BB%E3%83%AC%E3%82%B9%E3%83%A9%E3%83%BC" n3="%6D%73%54%30%30%6F%37" dan="18,15,15,14" rate="2135.06,1956.71,2041.59,1920.53" sx="M,M,M,M"/><TAIKYOKU oya="0"/><INIT seed="0,0,0,2,5,134" ten="250,250,250,250" oya="0" hai0="25,100,72,101,92,102,118,126,63,3,64,85,2" hai1="27,13,24,18,14,37,129,135,97,75,43,108,54" hai2="98,121,80,133,53,107,82,60,112,50,12,36,66" hai3="59,22,106,113,8,33,116,52,48,57,7,30,67"/><T11/><D118/><U132/><E75/><V49/><F36/><W73/><G113/><T128/><D72/><U16/><E37/><V47/><F121/><W93/><G116/><T31/><D128/><U61/><E43/><V103/><F133/><N who="1" m="51273" /><E97/><V15/><F112/><W69/><G106/><T94/><D126/><U90/><E90/><V9/><F49/><W23/><G69/><T5/><D3/><U115/><E61/><V39/><F39/><W6/><G73/><T120/><D120/><U0/><E54/><V99/><F99/><W79/><G79/><T29/><D85/><U35/><E115/><V87/><F9/><W1/><G7/><T51/><D51/><U70/><E70/><V81/><REACH who="2" step="1"/><F87/><REACH who="2" ten="250,250,240,250" step="2"/><W71/><G48/><T45/><D45/><U32/><E129/><V84/><F84/><W86/><G86/><T124/><D94/><U28/><E108/><V122/><F122/><W41/><G93/><T21/><D92/><U88/><E88/><V38/><F38/><W83/><G83/><T62/><D102/><U110/><E110/><V74/><F74/><W123/><G123/><T40/><D101/><U125/><E125/><V17/><F17/><N who="1" m="6761" /><E0/><V91/><F91/><W68/><G1/><T105/><D124/><U95/><E95/><V19/><F19/><W78/><G78/><T117/><D100/><U131/><E131/><V65/><F65/><W42/><G67/><T20/><D64/><U114/><E114/><V96/><F96/><W119/><G119/><T76/><D117/><U89/><E89/><V109/><F109/><W58/><G42/><RYUUKYOKU ba="0,1" sc="250,-15,250,15,240,15,250,-15" hai1="13,14,24,27,28,32,35" hai2="12,15,47,50,53,60,66,80,81,82,98,103,107" /><INIT seed="1,1,1,1,5,3" ten="235,265,255,235" oya="1" hai0="66,133,115,49,102,18,98,127,93,103,40,17,99" hai1="78,88,4,81,19,34,1,104,20,28,61,46,106" hai2="55,24,59,123,48,36,60,11,122,38,109,87,10" hai3="52,23,101,128,25,43,0,132,6,92,131,114,64"/><U134/><E134/><V116/><F116/><W42/><G114/><T96/><D115/><U94/><E46/><V35/><F109/><W73/><G64/><T83/><D127/><U76/><E76/><V58/><F38/><W80/><G132/><T135/><D66/><U33/><E61/><V2/><F36/><W15/><G73/><T26/><D83/><U124/><E124/><V117/><F117/><W50/><G80/><T37/><D37/><U56/><E56/><V90/><F35/><W75/><G0/><T72/><D72/><U118/><E118/><V111/><F111/><W7/><G75/><T57/><D26/><N who="1" m="18583" /><E34/><V21/><F2/><W86/><G15/><T77/><D77/><U39/><E39/><V63/><F48/><W130/><G43/><T44/><D57/><U8/><E81/><V69/><F69/><W121/><G42/><T70/><D70/><U32/><E78/><V119/><F123/><W27/><G121/><T100/><D93/><U22/><E22/><V9/><F122/><W74/><G74/><T51/><D51/><U31/><E31/><V107/><F107/><W13/><G13/><T113/><D113/><U5/><E5/><N who="3" m="1546" /><G23/><T12/><REACH who="0" step="1"/><D12/><REACH who="0" ten="225,265,255,235" step="2"/><N who="1" m="9319" /><E32/><V84/><F119/><W53/><G50/><T30/><D30/><U45/><E45/><V71/><F71/><W14/><G14/><T108/><D108/><U112/><E112/><V68/><F68/><W125/><G125/><T82/><D82/><U85/><AGARI ba="1,2" hai="1,4,8,85,88,94,104,106" m="9319,18583" machi="85" ten="30,6000,0" yaku="24,1,52,1,54,1" doraHai="3" who="1" fromWho="1" sc="225,-21,265,83,255,-21,235,-21" /><INIT seed="1,2,0,0,5,22" ten="204,348,234,214" oya="1" hai0="5,15,96,119,37,52,78,13,76,133,120,6,53" hai1="58,111,132,85,7,127,54,104,81,102,28,91,89" hai2="51,41,72,35,131,2,125,110,103,68,27,64,26" hai3="118,97,69,87,114,98,129,121,106,100,90,21,33"/><U73/><E7/><V36/><F2/><W12/><G121/><T99/><D37/><U10/><E10/><V116/><F116/><W32/><G114/><T65/><D65/><U4/><E4/><V50/><F72/><W45/><G129/><T17/><D17/><U86/><E28/><V38/><F131/><W105/><G69/><T107/><D107/><U47/><E47/><V1/><F1/><W108/><G108/><T83/><D83/><N who="1" m="49343" /><E54/><V115/><F110/><W113/><G113/><T117/><REACH who="0" step="1"/><D133/><REACH who="0" ten="194,348,234,214" step="2"/><U11/><E104/><V134/><F134/><W135/><G135/><T60/><D60/><U16/><E132/><V67/><F115/><W66/><G66/><T79/><D79/><U124/><E81/><V44/><F68/><W77/><G77/><T123/><AGARI ba="2,1" hai="5,6,13,15,52,53,76,78,96,99,117,119,120,123" machi="123" ten="25,8000,1" yaku="1,1,0,1,22,2,54,1,53,0" doraHai="22" doraHaiUra="71" who="0" fromWho="0" sc="194,96,348,-42,234,-22,214,-22" /><INIT seed="2,0,0,3,0,131" ten="290,306,212,192" oya="2" hai0="104,38,103,23,133,81,126,95,130,63,111,77,9" hai1="86,7,84,93,57,98,121,55,120,56,135,4,49" hai2="5,17,32,64,70,41,106,1,123,52,91,36,89" hai3="76,124,60,24,21,14,75,40,108,61,114,37,109"/><V88/><F123/><N who="1" m="47177" /><E57/><V80/><F106/><W132/><G124/><T100/><D38/><U127/><E135/><V128/><F128/><W117/><G117/><T92/><D23/><U6/><E127/><V116/><F32/><W2/><G2/><T47/><D47/><U112/><E112/><V50/><F116/><W58/><G114/><T78/><D63/><U97/><E97/><V107/><F107/><W74/><G14/><T69/><D9/><U27/><E27/><V87/><F5/><N who="1" m="1281" /><U90/><AGARI ba="0,0" hai="49,55,56,84,86,90,93,98" m="1281,47177" machi="90" ten="40,2700,0" yaku="4,1,13,1" doraHai="131" who="1" fromWho="1" sc="290,-7,306,27,212,-13,192,-7" /><INIT seed="3,0,0,4,5,121" ten="283,333,199,185" oya="3" hai0="76,127,49,96,20,110,83,104,51,5,118,68,4" hai1="56,135,106,98,105,91,129,14,100,109,58,52,45" hai2="124,93,64,26,7,99,55,87,78,10,54,48,72" hai3="73,86,134,133,63,125,6,115,21,59,126,16,82"/><W30/><G115/><T108/><D68/><U22/><E129/><V102/><F72/><W85/><G6/><N who="0" m="2667" /><D118/><U67/><E135/><N who="3" m="51722" /><G30/><T75/><D127/><N who="3" m="48649" /><G73/><T38/><D38/><U62/><E109/><N who="0" m="42089" /><D20/><U11/><E106/><V2/><F64/><N who="3" m="39039" /><G82/><T33/><D33/><U101/><E22/><V112/><F112/><W19/><G19/><T122/><D122/><U77/><E77/><V84/><F78/><W32/><G32/><T39/><D39/><U23/><E23/><V116/><F116/><W13/><AGARI ba="0,0" hai="13,16,21,85,86" m="39039,48649,51722" machi="13" ten="30,6000,0" yaku="20,1,18,1,54,1" doraHai="121" who="3" fromWho="3" sc="283,-20,333,-20,199,-20,185,60" /><INIT seed="3,1,0,2,4,53" ten="263,313,179,245" oya="3" hai0="37,100,26,119,7,105,133,6,103,5,75,101,121" hai1="86,18,62,59,134,49,57,74,8,67,94,81,22" hai2="31,54,123,19,2,122,127,93,80,102,44,0,104" hai3="48,17,30,83,32,117,3,78,95,36,82,64,12"/><W135/><G117/><T60/><D119/><U132/><E8/><V99/><F31/><W47/><G135/><N who="1" m="51754" /><E74/><V20/><F127/><W79/><G3/><T35/><D121/><U85/><E94/><V28/><F28/><W56/><G36/><T51/><D105/><U33/><E33/><V13/><F80/><N who="3" m="30763" /><G32/><T87/><D37/><U65/><E81/><V115/><F115/><W23/><G30/><T1/><D1/><U38/><E38/><V111/><F111/><W71/><G71/><T10/><D75/><U70/><E49/><V114/><F114/><W50/><G95/><T4/><D35/><U39/><E39/><V72/><F72/><W97/><G97/><T131/><D133/><U52/><E70/><V46/><F2/><W130/><G130/><T112/><D131/><U77/><E77/><N who="3" m="29194" /><G47/><T109/><D112/><U106/><E106/><V27/><F0/><W61/><AGARI ba="1,0" hai="12,17,23,48,50,56,61,64" m="29194,30763" machi="61" ten="30,3000,0" yaku="8,1,52,1" doraHai="53" who="3" fromWho="3" sc="263,-11,313,-11,179,-11,245,33" /><INIT seed="3,2,0,3,2,27" ten="252,302,168,278" oya="3" hai0="38,74,88,42,44,46,24,55,109,78,51,56,87" hai1="125,124,106,21,77,111,129,53,7,85,30,130,107" hai2="0,122,118,100,2,114,62,39,90,32,9,82,45" hai3="119,33,79,98,104,121,94,52,71,5,64,112,63"/><W127/><G112/><T13/><D109/><U123/><E7/><V128/><F118/><W11/><G121/><T40/><D74/><U48/><E123/><V99/><F128/><N who="1" m="49257" /><E111/><V66/><F114/><W28/><G119/><T96/><D78/><U4/><E4/><V97/><F97/><W54/><G127/><N who="1" m="48714" /><E85/><V3/><F90/><W16/><G79/><T91/><D13/><U101/><E77/><V14/><F82/><W43/><G43/><T133/><D133/><U47/><E101/><V93/><F32/><W50/><G50/><T6/><D6/><U22/><E22/><V110/><F110/><W20/><G104/><N who="1" m="39978" /><E21/><V26/><F26/><W75/><G75/><T61/><D96/><U60/><E60/><V68/><F14/><W59/><G11/><T12/><D12/><U58/><E30/><V17/><F9/><W102/><G5/><T37/><D24/><U31/><E31/><V10/><F10/><W76/><G76/><T81/><REACH who="0" step="1"/><D91/><REACH who="0" ten="242,302,168,278" step="2"/><U34/><E34/><V86/><F122/><W67/><G33/><T25/><D25/><U131/><N who="1" m="49265" /><U103/><DORA hai="69" /><E103/><V18/><F86/><W70/><G28/><T117/><D117/><U126/><N who="1" m="48722" /><U23/><DORA hai="73" /><E23/><V120/><F120/><W89/><G20/><T72/><D72/><U65/><E65/><V135/><F18/><W8/><G102/><T92/><D92/><U15/><E15/><V105/><F93/><W95/><G95/><T116/><D116/><U19/><E19/><V115/><F17/><W134/><G16/><T84/><D84/><U29/><E29/><RYUUKYOKU ba="2,1" sc="242,15,302,15,168,-15,278,-15" hai0="37,38,40,42,44,46,51,55,56,61,81,87,88" hai1="47,48,53,58" /><INIT seed="4,3,1,0,1,65" ten="257,317,153,263" oya="0" hai0="64,39,56,48,46,62,60,82,1,117,18,128,44" hai1="124,111,51,108,36,33,126,25,98,88,6,93,50" hai2="4,52,23,134,11,3,38,72,34,133,57,45,27" hai3="85,91,103,102,104,131,58,8,77,21,37,75,97"/><T114/><D1/><U19/><E36/><V122/><F122/><W106/><G37/><T101/><D101/><U73/><E73/><V31/><F72/><W66/><G8/><T105/><D105/><U89/><E6/><V54/><F34/><W5/><G5/><T22/><D117/><U125/><E89/><V69/><F69/><W100/><G21/><T110/><D114/><U112/><E112/><V76/><F76/><W20/><G20/><T26/><D128/><U119/><E19/><V132/><REACH who="2" step="1"/><F57/><REACH who="2" ten="257,317,143,263" step="2"/><W49/><G77/><T30/><D56/><U68/><E68/><V115/><F115/><W95/><G75/><T71/><D71/><U24/><E119/><V86/><F86/><W123/><G123/><T0/><D46/><U99/><E99/><V116/><F116/><W92/><G131/><T79/><D79/><U42/><E33/><V40/><AGARI ba="3,2" hai="3,4,11,23,27,31,38,40,45,52,54,132,133,134" machi="40" ten="40,8000,1" yaku="1,1,0,1,20,1,54,1,53,1" doraHai="65" doraHaiUra="17" who="2" fromWho="2" sc="257,-43,317,-23,143,109,263,-23" /><INIT seed="5,0,0,0,2,132" ten="214,294,252,240" oya="1" hai0="98,108,42,50,130,135,133,99,79,2,57,13,54" hai1="112,58,56,94,10,15,115,111,128,81,76,47,126" hai2="70,16,134,32,6,106,26,68,49,27,74,1,62" hai3="102,122,18,116,93,39,109,86,46,30,40,37,38"/><U120/><E120/><V119/><F119/><W77/><G122/><T61/><D2/><U121/><E121/><V103/><F74/><W25/><G109/><T20/><D79/><U104/><E104/><V87/><F87/><W5/><G116/><T83/><D108/><U63/><E128/><V60/><F49/><W21/><G5/><T95/><D83/><U69/><E111/><V43/><F43/><W113/><G113/><N who="1" m="43594" /><E47/><V107/><F103/><W101/><G77/><T31/><D130/><U123/><E94/><V11/><F11/><W90/><REACH who="3" step="1"/><G30/><REACH who="3" ten="214,294,252,230" step="2"/><T53/><D31/><U82/><E76/><V3/><F6/><W125/><G125/><T84/><D135/><U124/><E123/><V118/><F134/><W92/><G92/><T29/><D133/><U0/><E126/><V44/><F118/><W67/><G67/><T78/><D29/><U100/><E124/><V110/><F110/><W75/><G75/><T8/><D78/><U34/><E0/><V22/><F106/><W72/><G72/><T117/><D117/><U129/><E129/><V24/><F107/><W127/><G127/><T71/><D95/><U28/><E28/><V12/><F1/><W64/><G64/><T52/><D99/><U45/><E100/><AGARI ba="0,1" hai="18,21,25,37,38,39,40,46,86,90,93,100,101,102" machi="100" ten="40,1300,0" yaku="1,1,53,0" doraHai="132" doraHaiUra="4" who="3" fromWho="1" sc="214,0,294,-13,252,0,230,23" /><INIT seed="6,0,0,3,5,63" ten="214,281,252,253" oya="2" hai0="111,70,64,18,109,45,78,39,108,17,86,52,97" hai1="128,102,42,46,95,15,133,43,92,134,123,77,7" hai2="62,66,105,47,118,132,96,31,121,91,94,22,99" hai3="59,9,112,100,48,130,32,72,84,16,71,73,103"/><V125/><F121/><W67/><G32/><T74/><D74/><U124/><E123/><V131/><F118/><W10/><G130/><T83/><D97/><U25/><E128/><V37/><F131/><W19/><G112/><T21/><D39/><U29/><E77/><V8/><F8/><W24/><G71/><T50/><REACH who="0" step="1"/><D21/><REACH who="0" ten="204,281,252,253" step="2"/><U26/><E133/><V13/><F132/><W30/><G73/><T53/><D53/><U44/><E134/><V80/><F99/><W54/><G72/><T93/><D93/><U51/><E95/><V40/><F105/><W69/><G84/><T110/><N who="0" m="28416" /><DORA hai="55" /><T113/><D113/><U58/><E92/><V87/><F125/><W117/><G117/><T12/><D12/><U61/><E15/><V107/><F107/><W85/><G85/><T135/><D135/><U76/><E124/><V14/><F22/><W33/><G100/><T114/><D114/><U126/><E102/><V60/><F14/><W34/><G103/><T5/><D5/><U90/><E7/><V127/><F13/><W101/><G101/><T129/><D129/><U106/><E106/><V20/><F127/><W27/><G54/><T75/><D75/><U6/><E126/><V4/><F4/><W116/><G116/><T38/><D38/><U119/><E6/><V81/><F96/><W98/><G98/><T28/><D28/><U79/><E29/><V2/><F31/><W3/><G30/><T57/><D57/><U35/><E58/><N who="2" m="37143" /><F20/><W68/><G59/><T1/><D1/><U115/><E119/><V65/><F2/><W11/><G3/><RYUUKYOKU ba="0,1" sc="204,15,281,-15,252,15,253,-15" hai0="17,18,45,50,52,64,70,78,83,86" hai2="37,40,47,62,65,80,81,87,91,94" /><INIT seed="6,1,1,1,1,49" ten="219,266,267,238" oya="2" hai0="87,73,20,8,40,81,9,14,126,62,45,7,71" hai1="121,24,125,10,115,93,70,110,28,4,107,100,39" hai2="92,12,84,99,109,112,135,42,97,111,56,47,103" hai3="61,21,22,1,54,102,118,33,96,27,131,17,127"/><V23/><F112/><W6/><G127/><T30/><D73/><U86/><E39/><V41/><F135/><W79/><G131/><T46/><D126/><U3/><E93/><V55/><F84/><W37/><G118/><T32/><D32/><N who="1" m="20487" /><E86/><V128/><F128/><W26/><G37/><T63/><D71/><U38/><E38/><V68/><F68/><W2/><G79/><T122/><D122/><U44/><E44/><N who="0" m="17001" /><D9/><U59/><E59/><V16/><F99/><W75/><G75/><T64/><D64/><U123/><E70/><V113/><F113/><W133/><G6/><T116/><D40/><U36/><E36/><V134/><F47/><W132/><G33/><T66/><D66/><U50/><E50/><N who="2" m="30839" /><F134/><W106/><G61/><T85/><D116/><U18/><E125/><V74/><F74/><W25/><G132/><T60/><D81/><U77/><E77/><V105/><F105/><W58/><G133/><T31/><D87/><U72/><E72/><V80/><F80/><W5/><G5/><T15/><D85/><U52/><E115/><V65/><F65/><W11/><G11/><T108/><D108/><AGARI ba="1,1" hai="12,16,23,41,42,92,97,103,108,109,111" m="30839" machi="108" ten="30,5800,0" yaku="10,1,52,1,54,1" doraHai="49" who="2" fromWho="0" sc="219,-61,266,0,267,71,238,0" /><INIT seed="6,2,0,0,5,55" ten="158,266,338,238" oya="2" hai0="132,101,122,12,41,36,65,38,14,85,37,32,98" hai1="109,135,28,70,86,125,124,23,47,93,22,34,127" hai2="94,103,118,77,68,9,128,21,31,92,107,20,76" hai3="44,95,69,56,48,110,73,80,4,114,74,79,67"/><V3/><F128/><W116/><G110/><T120/><D41/><U50/><E70/><V112/><F112/><W115/><G116/><T17/><D32/><U25/><E109/><V5/><F68/><W18/><G69/><T52/><D65/><U61/><E61/><V117/><F107/><W131/><G131/><T29/><D29/><U130/><E135/><V104/><F104/><W87/><G18/><T49/><D85/><U54/><REACH who="1" step="1"/><E130/><REACH who="1" ten="158,256,338,238" step="2"/><V15/><F117/><W91/><G114/><T57/><D132/><U27/><E27/><V72/><F118/><W106/><G115/><T13/><REACH who="0" step="1"/><D17/><REACH who="0" ten="148,256,338,238" step="2"/><U35/><E35/><V24/><F31/><W99/><G74/><T1/><D1/><U71/><E71/><V64/><F3/><W119/><G119/><T45/><D45/><U40/><E40/><V108/><F72/><W111/><G111/><T7/><D7/><U96/><E96/><V42/><F42/><W102/><G4/><T11/><D11/><U129/><E129/><V58/><F108/><W19/><G19/><T123/><D123/><U16/><E16/><V39/><F9/><W75/><G75/><T90/><D90/><AGARI ba="2,2" hai="22,23,25,28,34,47,50,54,86,90,93,124,125,127" machi="90" ten="40,5200,0" yaku="1,1,18,1,53,1" doraHai="55" doraHaiUra="46" who="1" fromWho="0" sc="148,-58,256,78,338,0,238,0" /><INIT seed="7,0,0,0,1,103" ten="90,334,338,238" oya="3" hai0="27,80,67,86,32,6,35,53,0,75,26,49,45" hai1="130,78,66,44,114,68,100,64,84,14,47,69,107" hai2="71,13,40,89,2,87,58,55,30,72,5,133,112" hai3="59,83,51,61,124,34,113,9,106,109,50,81,39"/><W74/><G113/><T82/><D75/><U129/><E14/><V10/><F133/><W134/><G124/><T65/><D0/><U126/><E114/><V4/><F72/><W29/><G134/><T38/><D38/><U21/><E21/><V76/><F76/><W121/><G121/><T15/><D6/><U93/><E126/><V57/><F71/><N who="1" m="27209" /><E107/><V22/><F40/><W105/><G109/><T127/><D127/><U52/><E52/><V94/><F58/><W123/><G123/><T70/><D70/><U90/><E100/><V110/><F110/><W135/><G135/><T132/><D132/><U23/><E23/><V16/><F112/><W97/><G74/><T102/><D102/><U118/><E78/><V25/><F2/><W31/><G39/><T88/><D35/><U12/><E12/><V115/><F115/><W20/><G20/><T46/><D32/><U54/><E54/><V19/><F30/><W116/><G34/><T24/><D46/><N who="1" m="17451" /><E118/><V8/><F10/><W122/><G116/><T33/><D33/><U28/><E28/><V128/><F128/><AGARI ba="0,0" hai="64,66,84,90,93,128,129,130" m="17451,27209" machi="128" ten="30,1000,0" yaku="19,1" doraHai="103" who="1" fromWho="2" sc="90,0,334,10,338,-10,238,0" owari="90,-41.0,344,44.0,328,13.0,238,-16.0" /></mjloggm>