<mjloggm ver="2.3"><GO type="41" lobby="0"/><UN n0="%45%65%56%65%65%31%39" n1="%E8%82%89%E8%B1%86%E8%85%90" n2="%E2%93%9D%53%75%70%68%78" n3="%E3%82%82%E3%82%93%E3%81%A1%E3%81%A3%E3%81%A1" dan="14,14,18,14" rate="1862.10,1944.08,2165.72,1933.82" sx="F,M,M,M"/><TAIKYOKU oya="0"/><INIT seed="0,0,0,3,4,66" ten="250,250,250,250" oya="0" hai0="103,34,42,135,118,133,39,40,75,100,72,13,56" hai1="0,116,112,83,89,19,3,102,94,63,98,17,20" hai2="21,114,124,80,38,122,107,81,2,52,59,27,58" hai3="71,76,99,108,87,79,92,14,85,10,6,22,1"/><T45/><D118/><U77/><E112/><V15/><F122/><W47/><G108/><T33/><D56/><U5/><E116/><V129/><F114/><W54/><G71/><T126/><D13/><U113/><E113/><V44/><F107/><W121/><G121/><T60/><D60/><U106/><E63/><V131/><F2/><W37/><G1/><T26/><D26/><U93/><E5/><V68/><F124/><W95/><G22/><T127/><D45/><U78/><E17/><V12/><F38/><AGARI ba="0,0" hai="33,34,38,39,40,42,72,75,100,103,126,127,133,135" machi="38" ten="25,2400,0" yaku="22,2" doraHai="66" who="0" fromWho="2" sc="250,24,250,0,250,-24,250,0" /><INIT seed="0,1,0,0,1,80" ten="274,250,226,250" oya="0" hai0="73,99,98,106,91,16,86,62,45,118,49,132,117" hai1="113,87,93,58,107,100,6,3,110,13,18,72,22" hai2="17,103,21,19,44,35,66,1,2,124,43,47,67" hai3="24,133,20,31,129,74,59,116,38,68,5,54,26"/><T84/><D73/><U14/><E110/><V8/><F35/><W7/><G116/><T88/><D132/><U123/><E123/><V112/><F103/><W34/><G68/><T85/><D62/><U32/><E32/><V57/><F124/><W125/><G125/><T27/><D106/><U128/><E128/><V114/><F21/><W23/><G129/><T39/><D39/><U60/><E3/><V41/><REACH who="2" step="1"/><F57/><REACH who="2" ten="274,250,216,250" step="2"/><W61/><G34/><T28/><D118/><U81/><E113/><V121/><F121/><W0/><G23/><N who="0" m="13799" /><D117/><U115/><E115/><V109/><F109/><W64/><G20/><T69/><D69/><U53/><E107/><V77/><F77/><W122/><G59/><T101/><D101/><U108/><E108/><V126/><F126/><W65/><G122/><T90/><D28/><U25/><E6/><V82/><F82/><W120/><G7/><T56/><D56/><U63/><E60/><V9/><AGARI ba="1,1" hai="1,2,8,9,17,19,41,43,44,47,66,67,112,114" machi="9" ten="25,6400,0" yaku="1,1,0,1,22,2,53,0" doraHai="80" doraHaiUra="102" who="2" fromWho="2" sc="274,-33,250,-17,216,77,250,-17" /><INIT seed="1,0,0,3,2,9" ten="241,233,293,233" oya="1" hai0="39,109,2,99,87,127,131,5,41,104,128,116,57" hai1="76,84,89,33,40,94,18,16,59,14,101,70,53" hai2="65,35,48,124,17,52,26,90,130,34,113,44,21" hai3="108,32,60,55,50,80,95,38,23,102,81,4,28"/><U68/><E33/><V114/><F130/><W12/><G38/><T11/><D116/><U77/><E40/><V49/><F124/><W120/><G120/><T46/><D127/><U62/><E18/><V15/><F65/><W110/><G60/><T1/><D109/><N who="3" m="42089" /><G102/><T132/><D132/><U42/><E42/><V96/><F49/><W82/><G95/><T66/><D87/><U3/><E3/><V86/><F96/><W64/><G64/><T7/><D57/><U133/><E133/><V8/><F114/><W36/><G36/><T111/><D111/><U13/><E13/><V126/><F113/><W22/><G4/><T63/><D5/><U30/><E30/><V129/><F129/><W103/><G103/><T75/><D75/><U45/><E45/><V117/><F117/><W122/><G12/><T0/><D128/><U115/><E115/><V107/><F107/><W6/><G6/><T37/><D37/><U72/><E101/><V100/><F100/><W71/><G71/><T118/><D131/><U135/><E135/><V31/><REACH who="2" step="1"/><F126/><REACH who="2" ten="241,233,283,233" step="2"/><W29/><G122/><T61/><D118/><U74/><E72/><V27/><F27/><W98/><G98/><T20/><D99/><U92/><E74/><V121/><F121/><W112/><G112/><T88/><D104/><U91/><E70/><V119/><F119/><W69/><G69/><T123/><D123/><U73/><E68/><V85/><F85/><W78/><G50/><T56/><D39/><U83/><E73/><V58/><F58/><W125/><G125/><T106/><D106/><U79/><E91/><RYUUKYOKU ba="0,1" sc="241,-15,233,15,283,15,233,-15" hai1="14,16,53,59,62,76,77,79,83,84,89,92,94" hai2="8,15,17,21,26,31,34,35,44,48,52,86,90" /><INIT seed="1,1,1,4,2,98" ten="226,248,298,218" oya="1" hai0="99,30,5,20,36,92,73,29,106,109,112,38,86" hai1="61,88,83,3,50,14,32,68,66,89,25,26,15" hai2="95,31,132,130,76,60,125,11,70,119,117,2,19" hai3="102,33,59,7,79,72,55,64,9,35,87,49,91"/><U12/><E3/><V129/><F76/><W67/><G72/><T43/><D109/><U6/><E6/><N who="2" m="1495" /><F95/><W131/><G79/><T34/><D112/><U13/><N who="1" m="3072" /><DORA hai="41" /><U84/><E32/><V18/><F60/><W96/><G35/><T17/><D73/><U121/><E121/><V39/><F39/><W69/><G33/><T118/><D118/><N who="2" m="45066" /><F70/><W90/><G131/><N who="2" m="50185" /><F125/><W133/><G133/><T108/><D108/><U65/><E65/><V44/><F44/><W114/><G114/><T123/><D5/><U37/><E37/><V16/><F31/><W56/><G69/><T0/><D0/><U62/><E62/><V80/><F80/><W97/><G7/><T27/><D30/><U101/><E101/><V105/><F105/><W63/><G67/><T10/><D106/><U135/><E135/><AGARI ba="1,1" hai="16,18,19,132,135" m="50185,45066,1495" machi="135" ten="40,8000,1" yaku="19,1,34,2,54,1" doraHai="98,41" who="2" fromWho="1" sc="226,0,248,-83,298,93,218,0" /><INIT seed="2,0,0,0,5,115" ten="226,165,391,218" oya="2" hai0="130,102,100,3,47,129,111,49,81,97,52,50,33" hai1="21,89,15,2,25,128,84,18,117,27,121,16,116" hai2="108,32,42,92,48,13,133,79,101,94,98,88,62" hai3="23,77,75,127,110,44,26,30,68,53,46,103,65"/><V56/><F32/><W54/><G110/><T125/><D111/><U95/><E128/><V105/><F108/><W85/><G127/><T22/><D33/><U132/><E132/><V60/><F105/><W6/><G75/><T1/><D125/><U119/><E2/><V91/><F79/><W37/><G68/><T118/><D81/><U45/><E121/><V17/><F133/><W31/><G65/><T43/><D22/><U11/><REACH who="1" step="1"/><E45/><REACH who="1" ten="226,155,391,218" step="2"/><N who="2" m="25655" /><F56/><W39/><G46/><T64/><D1/><U7/><E7/><V113/><F113/><W76/><G6/><T5/><D5/><U14/><AGARI ba="0,1" hai="11,14,15,16,18,21,25,27,84,89,95,116,117,119" machi="14" ten="40,12000,2" yaku="1,1,0,1,52,3,54,1,53,1" doraHai="115" doraHaiUra="83" who="1" fromWho="1" sc="226,-30,155,130,391,-60,218,-30" /><INIT seed="3,0,0,1,2,12" ten="196,285,331,188" oya="3" hai0="50,134,67,65,7,62,13,64,40,88,43,70,23" hai1="108,89,80,82,63,33,73,91,110,29,15,37,27" hai2="24,102,125,44,16,135,119,107,51,10,19,39,68" hai3="79,92,111,101,85,69,0,109,3,55,22,128,14"/><W77/><G69/><T6/><D134/><U130/><E37/><V17/><F119/><W41/><G41/><T133/><D133/><U46/><E130/><V56/><F68/><W42/><G42/><T36/><D36/><U129/><E129/><V75/><F75/><W123/><G55/><T78/><D78/><N who="3" m="29705" /><G128/><T47/><D43/><U120/><E73/><V93/><F107/><W122/><G101/><T124/><D124/><U90/><E120/><N who="3" m="46122" /><G92/><T58/><D70/><U49/><E63/><V66/><F125/><W31/><G85/><T26/><D13/><U74/><E74/><V127/><F135/><W76/><G76/><T1/><D1/><U97/><E97/><N who="2" m="59695" /><F39/><W60/><G60/><T83/><D65/><U57/><E57/><V59/><F127/><W104/><G104/><T126/><D67/><U117/><E117/><V52/><F66/><W113/><G113/><T81/><D126/><U9/><E82/><V54/><F59/><W71/><G71/><T20/><D81/><U103/><E80/><V4/><F54/><W30/><G14/><T99/><D99/><U18/><REACH who="1" step="1"/><E103/><REACH who="1" ten="196,275,331,188" step="2"/><V28/><F56/><W121/><G121/><T100/><D100/><U32/><E32/><V48/><F48/><W115/><G115/><T25/><D83/><U84/><E84/><V95/><F95/><W34/><G34/><T53/><D64/><U2/><E2/><V114/><F114/><W87/><G0/><T61/><D61/><U132/><E132/><V131/><F131/><W38/><G3/><T116/><D116/><U112/><E112/><V105/><F105/><RYUUKYOKU ba="0,1" sc="196,-10,275,30,331,-10,188,-10" hai1="9,15,18,27,29,33,46,49,89,90,91,108,110" /><INIT seed="4,1,1,3,2,78" ten="186,305,321,178" oya="0" hai0="135,50,70,95,21,115,96,19,65,102,18,20,58" hai1="123,8,80,48,3,31,86,52,100,131,15,55,32" hai2="29,113,83,56,124,57,75,12,38,121,122,0,116" hai3="98,103,127,40,37,68,5,85,71,67,4,84,35"/><T69/><D115/><U34/><E123/><V6/><F12/><W47/><G127/><T88/><D135/><U41/><E131/><V9/><F113/><W129/><G129/><T61/><D102/><U14/><E41/><V109/><F109/><W11/><G35/><T72/><D72/><U25/><E34/><V44/><F29/><W114/><G114/><T87/><D96/><U130/><E130/><V54/><F116/><W106/><G4/><T30/><D30/><U81/><E55/><V7/><F7/><W63/><REACH who="3" step="1"/><G68/><REACH who="3" ten="186,305,321,168" step="2"/><T17/><REACH who="0" step="1"/><D50/><REACH who="0" ten="176,305,321,168" step="2"/><U28/><E48/><V79/><F122/><W33/><G33/><T39/><D39/><U73/><E32/><V108/><F121/><W99/><G99/><T119/><D119/><U89/><E100/><V45/><F38/><W104/><G104/><T46/><D46/><U16/><E3/><AGARI ba="1,3" hai="3,5,11,37,40,47,63,67,71,84,85,98,103,106" machi="3" ten="30,2000,0" yaku="1,1,7,1,53,0" doraHai="78" doraHaiUra="76" who="3" fromWho="1" sc="176,0,305,-23,321,0,168,53" /><INIT seed="5,0,0,4,2,3" ten="176,282,321,221" oya="1" hai0="92,107,51,108,24,63,14,64,77,76,53,119,42" hai1="73,120,29,7,33,69,102,94,2,0,6,82,9" hai2="106,126,66,27,43,124,110,134,88,125,59,79,25" hai3="38,55,103,96,80,46,56,5,133,21,26,99,40"/><U98/><E120/><V13/><F110/><W23/><G133/><T32/><D107/><U127/><E127/><V1/><F1/><W86/><G5/><T91/><D108/><U36/><E69/><V111/><F111/><W57/><G26/><T34/><D42/><U71/><E71/><V129/><F79/><W48/><G57/><T22/><D119/><U95/><E36/><V115/><F129/><W50/><G38/><T122/><D63/><U101/><E29/><V130/><F115/><W93/><REACH who="3" step="1"/><G99/><REACH who="3" ten="176,282,321,211" step="2"/><T4/><D122/><U54/><E33/><V100/><F27/><W74/><G74/><T62/><D32/><U45/><E73/><V116/><F126/><W89/><AGARI ba="0,1" hai="21,23,40,46,48,50,55,56,80,86,89,93,96,103" machi="89" ten="20,5200,0" yaku="1,1,0,1,7,1,8,1,53,0" doraHai="3" doraHaiUra="70" who="3" fromWho="3" sc="176,-13,282,-26,321,-13,211,62" /><INIT seed="6,0,0,1,3,132" ten="163,256,308,273" oya="2" hai0="86,77,81,59,15,73,68,28,131,109,100,70,47" hai1="52,117,41,53,79,48,10,33,134,16,118,111,62" hai2="87,107,95,84,113,67,123,88,25,0,57,36,22" hai3="56,127,17,74,120,1,124,30,2,23,29,60,32"/><V11/><F123/><W114/><G74/><T24/><D109/><U121/><E111/><V14/><F107/><W54/><G120/><T31/><D131/><U26/><E121/><V99/><F0/><N who="3" m="107" /><G32/><T135/><D135/><U133/><E41/><V122/><F113/><W37/><G37/><T5/><D31/><U90/><E79/><V105/><F105/><W80/><G80/><T115/><D115/><U97/><E62/><N who="2" m="38351" /><F36/><W126/><G114/><T64/><D100/><U103/><E90/><V58/><F58/><W49/><G60/><T18/><D5/><U20/><E53/><V38/><F38/><W101/><G101/><T46/><D73/><U50/><E50/><V108/><F108/><W76/><G76/><T40/><D68/><U116/><E10/><V110/><F122/><W129/><G129/><T61/><D70/><U98/><E98/><V6/><F110/><W75/><G75/><T13/><D13/><AGARI ba="0,0" hai="13,17,23,29,30,49,54,56,124,126,127" m="107" machi="13" ten="40,8000,1" yaku="18,1,52,3" doraHai="132" who="3" fromWho="0" sc="163,-80,256,0,308,0,273,80" /><INIT seed="7,0,0,3,1,131" ten="83,256,308,353" oya="3" hai0="80,73,45,115,67,37,135,101,4,71,44,30,7" hai1="104,49,18,24,76,112,84,102,107,34,92,75,10" hai2="13,114,60,22,86,128,48,31,59,64,83,21,9" hai3="126,63,41,91,61,130,88,97,95,54,82,11,56"/><W52/><G130/><T2/><D115/><U62/><E34/><V93/><F128/><W100/><G126/><T40/><D45/><U15/><E75/><V69/><F114/><W43/><G11/><T29/><D4/><U119/><E104/><V8/><F69/><W106/><G82/><T99/><D29/><U55/><E107/><V110/><F110/><W134/><G134/><T117/><D30/><U98/><E119/><V3/><F3/><W39/><G39/><T113/><D113/><U133/><E133/><V5/><F9/><W94/><G106/><T0/><D117/><U14/><E112/><V127/><F127/><W26/><G26/><T66/><D66/><U118/><E62/><N who="3" m="23562" /><G100/><T90/><D90/><U116/><E116/><V109/><F109/><W77/><G77/><T89/><D89/><U65/><E65/><V120/><F120/><W105/><G105/><T32/><D135/><U33/><E33/><V124/><F124/><W47/><G47/><T103/><D103/><U74/><E74/><V58/><F93/><W53/><G56/><T38/><D38/><U36/><E36/><V108/><F108/><W51/><G51/><T16/><D32/><U23/><E118/><V1/><F1/><W25/><G25/><T87/><D87/><AGARI ba="0,0" hai="41,43,52,53,54,87,88,91,94,95,97" m="23562" machi="87" ten="30,5800,0" yaku="8,1,54,2" doraHai="131" who="3" fromWho="0" sc="83,-58,256,0,308,0,353,58" owari="25,-47.0,256,-14.0,308,11.0,411,50.0" /></mjloggm>