<mjloggm ver="2.3"><GO type="41" lobby="0"/><UN n0="%E3%81%8B%E3%82%93%E3%81%A1%E3%82%83%E3%82%93%EF%BC%92%E5%8F%B7" n1="%E3%81%A1%E3%82%83%E3%81%8A%E3%81%86" n2="%74%61%6D%70%6F%70%6F%33" n3="%E2%93%9D%53%75%70%68%78" dan="13,16,14,18" rate="1829.81,2073.14,1965.96,2099.85" sx="M,M,M,M"/><TAIKYOKU oya="0"/><INIT seed="0,0,0,0,1,95" ten="250,250,250,250" oya="0" hai0="118,130,28,76,97,13,69,22,74,117,83,72,58" hai1="75,9,104,3,68,135,33,128,34,47,121,25,43" hai2="79,46,94,133,61,59,103,127,112,89,51,78,116" hai3="125,35,12,49,57,119,10,106,39,91,71,37,113"/><T16/><D69/><U88/><E121/><V21/><F133/><W65/><G35/><T63/><D74/><U55/><E128/><V17/><F127/><W26/><G106/><T115/><D115/><U110/><E110/><V73/><F103/><W42/><G26/><T67/><D130/><U2/><E68/><V70/><F116/><W38/><G91/><T93/><REACH who="0" step="1"/><D28/><REACH who="0" ten="240,250,250,250" step="2"/><U48/><E75/><V41/><F70/><W111/><G113/><T62/><D62/><U123/><E123/><V131/><F73/><W105/><G71/><T129/><D129/><U101/><E135/><V132/><F132/><W27/><G111/><T52/><D52/><U18/><E55/><V53/><F131/><W19/><G119/><T86/><D86/><U90/><E43/><V134/><F112/><W100/><G42/><T124/><D124/><U40/><E40/><V120/><F120/><W64/><G125/><T6/><D6/><U109/><E109/><V126/><F126/><W80/><G65/><T29/><D29/><U107/><E33/><V66/><F66/><W0/><G64/><T60/><D60/><U32/><E34/><V36/><F134/><W77/><G19/><T24/><D24/><U99/><E25/><N who="2" m="14511" /><F36/><W114/><G39/><T4/><D4/><U5/><E32/><V96/><AGARI ba="0,1" hai="41,46,51,53,59,61,78,79,89,94,96" m="14511" machi="96" ten="30,4000,0" yaku="25,1,8,1,52,1" doraHai="95" who="2" fromWho="2" sc="240,-20,250,-10,250,50,250,-10" /><INIT seed="1,0,0,2,3,109" ten="220,240,300,240" oya="1" hai0="29,37,79,106,133,35,67,16,73,95,39,47,62" hai1="74,76,14,114,77,126,68,45,21,103,75,32,129" hai2="52,104,83,40,42,120,93,57,96,132,23,13,60" hai3="51,25,128,26,44,131,91,4,130,18,86,66,19"/><U38/><E32/><V49/><F120/><W31/><G66/><T43/><D106/><U124/><E68/><V58/><F104/><W102/><G4/><T122/><D122/><U100/><E21/><V53/><F83/><W30/><G102/><N who="1" m="38954" /><E14/><V2/><F2/><W63/><G63/><T105/><D105/><U48/><E38/><V3/><F132/><W107/><G107/><T97/><D133/><U94/><E48/><V0/><F3/><W71/><G71/><T59/><D35/><U64/><E45/><V22/><F0/><W56/><G56/><T115/><D29/><N who="3" m="10761" /><G26/><T12/><D79/><N who="1" m="30283" /><E64/><V110/><F110/><W9/><G9/><T116/><D73/><N who="1" m="27659" /><E94/><V10/><F23/><W55/><G25/><T85/><D39/><U90/><E90/><N who="2" m="55351" /><F22/><W82/><AGARI ba="0,0" hai="18,19,44,51,55,82,86,91,128,130,131" m="10761" machi="82" ten="40,1500,0" yaku="19,1" doraHai="109" who="3" fromWho="3" sc="220,-4,240,-7,300,-4,240,15" /><INIT seed="2,0,0,2,5,105" ten="216,233,296,255" oya="2" hai0="50,9,83,134,27,98,122,67,104,77,128,107,52" hai1="71,80,8,57,29,85,33,6,97,65,79,7,55" hai2="125,12,96,45,1,47,74,72,133,49,68,135,21" hai3="129,5,63,22,132,100,61,44,81,34,66,19,13"/><V78/><F1/><W115/><G34/><T32/><D122/><U42/><E42/><V93/><F68/><W110/><G110/><T73/><D134/><N who="2" m="51210" /><F125/><W106/><G129/><T113/><D113/><U118/><E118/><V123/><F78/><W88/><G115/><T119/><D119/><U76/><E76/><V24/><F12/><W92/><G106/><T3/><D128/><U111/><E111/><V4/><F4/><W10/><G100/><T2/><D67/><U94/><E71/><V43/><F123/><W86/><G132/><T69/><D69/><U31/><E65/><V23/><F45/><W120/><G120/><T82/><D82/><U11/><E7/><V60/><F60/><W99/><G44/><T56/><D9/><N who="1" m="3659" /><E33/><V90/><F23/><W15/><REACH who="3" step="1"/><G66/><REACH who="3" ten="216,233,296,245" step="2"/><T26/><D107/><U38/><E6/><V17/><AGARI ba="0,1" hai="17,21,24,43,47,49,72,74,90,93,96" m="51210" machi="17" ten="30,6000,0" yaku="20,1,52,2" doraHai="105" who="2" fromWho="2" sc="216,-20,233,-20,296,70,245,-20" /><INIT seed="2,1,0,2,4,93" ten="196,213,366,225" oya="2" hai0="132,65,125,31,90,12,115,108,88,2,9,92,10" hai1="29,44,70,56,131,69,118,3,34,54,104,35,64" hai2="46,41,36,68,133,19,51,101,121,79,30,39,4" hai3="105,119,59,42,14,83,16,49,37,81,129,23,61"/><V123/><F30/><W100/><G119/><T57/><D115/><U135/><E3/><V43/><F4/><W33/><G37/><T6/><D108/><U80/><E118/><V60/><F79/><W114/><G33/><T17/><D132/><U7/><E7/><V50/><F101/><W82/><G129/><T28/><D125/><U40/><E131/><V109/><F19/><W99/><G114/><T77/><D77/><U91/><E104/><V21/><F21/><W71/><G71/><T75/><D75/><U111/><E111/><V124/><F109/><W47/><REACH who="3" step="1"/><G83/><REACH who="3" ten="196,213,366,215" step="2"/><T110/><D110/><U85/><E69/><V87/><F68/><W52/><AGARI ba="1,1" hai="14,16,23,42,47,49,52,59,61,81,82,99,100,105" machi="52" ten="20,16000,3" yaku="1,1,2,1,0,1,7,1,52,1,54,2,53,1" doraHai="93" doraHaiUra="102" who="3" fromWho="3" sc="196,-41,213,-41,366,-81,215,173" /><INIT seed="3,0,0,5,3,28" ten="155,172,285,388" oya="3" hai0="84,9,130,38,88,78,49,68,43,5,44,98,61" hai1="109,59,95,120,18,129,37,132,80,21,60,26,106" hai2="13,76,93,41,110,23,91,92,40,36,39,57,107" hai3="114,46,1,134,7,65,103,14,133,94,79,15,89"/><W104/><G114/><T70/><D130/><U115/><E109/><V16/><F110/><W124/><G124/><T81/><D61/><U0/><E95/><V64/><F107/><W82/><G65/><T10/><D10/><U102/><E0/><V62/><F76/><W118/><G118/><T113/><D113/><U73/><E37/><V127/><F127/><W90/><G46/><T34/><D34/><U119/><E120/><V55/><F92/><W2/><G103/><T27/><D27/><U111/><E111/><V86/><REACH who="2" step="1"/><F55/><REACH who="2" ten="155,172,275,388" step="2"/><W8/><G104/><T17/><D78/><U48/><E106/><V105/><F105/><W121/><G94/><T4/><D98/><U50/><E115/><V96/><F96/><W12/><G121/><T116/><D116/><U33/><E80/><V66/><F66/><W74/><G2/><T123/><D123/><U58/><E119/><V6/><F6/><W53/><G53/><T77/><D77/><U51/><E129/><V52/><F52/><W19/><G90/><T85/><D5/><U97/><E97/><V126/><F126/><W100/><G89/><T35/><D4/><U72/><E102/><V71/><F71/><W54/><G100/><T101/><D101/><U31/><E132/><N who="3" m="50794" /><G54/><T75/><D70/><U11/><E59/><V135/><F135/><W131/><G131/><T45/><D68/><U122/><E122/><V20/><F20/><AGARI ba="0,1" hai="1,7,8,12,14,15,19,20,74,79,82" m="50794" machi="20" ten="30,1500,0" yaku="20,1" doraHai="28" who="3" fromWho="2" sc="155,0,172,0,275,-15,388,25" /><INIT seed="3,1,0,0,1,23" ten="155,172,260,413" oya="3" hai0="132,108,54,60,31,6,38,29,32,129,89,96,13" hai1="102,57,116,2,20,24,127,109,67,74,90,93,3" hai2="130,61,65,62,7,51,128,63,69,10,44,101,36" hai3="11,91,124,64,22,4,125,86,5,37,30,103,25"/><W45/><G103/><T12/><D38/><U26/><E109/><V75/><F101/><W76/><G76/><T68/><D108/><U58/><E127/><N who="3" m="48714" /><G64/><T79/><D79/><U81/><E116/><V33/><F75/><W97/><G97/><T18/><D129/><N who="2" m="49770" /><F33/><W47/><G37/><T118/><D118/><U55/><E3/><N who="2" m="383" /><F36/><W112/><G112/><T39/><D132/><U53/><E2/><V59/><F69/><W17/><G17/><T0/><D39/><U35/><E20/><V66/><F59/><W100/><G100/><T84/><D84/><N who="1" m="50447" /><E35/><V19/><F19/><W78/><G78/><T46/><D32/><U15/><E74/><V73/><F73/><W34/><G34/><T43/><D68/><U1/><E1/><V99/><F99/><W50/><G47/><T72/><D0/><U41/><E67/><V122/><F122/><W135/><G135/><T105/><D72/><U82/><E57/><V115/><F115/><W40/><G11/><T134/><D134/><U120/><E58/><V94/><F94/><AGARI ba="1,0" hai="4,5,22,25,30,40,45,50,86,91,94" m="48714" machi="94" ten="30,2900,0" yaku="18,1,52,1" doraHai="23" who="3" fromWho="2" sc="155,0,172,0,260,-32,413,32" /><INIT seed="3,2,0,0,2,71" ten="155,172,228,445" oya="3" hai0="15,92,99,24,32,9,11,65,133,12,42,29,39" hai1="107,58,80,53,17,33,54,113,40,36,106,78,127" hai2="64,114,125,14,89,22,5,50,102,61,88,30,20" hai3="82,56,83,47,108,43,41,66,59,25,116,101,126"/><W35/><G116/><T87/><D133/><U72/><E113/><V67/><F125/><W85/><G108/><T81/><D65/><U97/><E127/><V119/><F114/><W26/><G126/><T117/><D117/><U31/><E33/><V93/><F119/><W123/><G101/><T63/><D63/><U90/><E31/><V132/><F132/><W23/><G123/><T45/><D15/><U120/><E120/><V104/><F104/><W52/><G35/><T27/><D24/><U16/><E54/><V74/><F74/><W6/><G6/><T91/><REACH who="0" step="1"/><D12/><REACH who="0" ten="145,172,228,445" step="2"/><U18/><E18/><N who="2" m="10327" /><F67/><W95/><G26/><T70/><D70/><U110/><E16/><V38/><F61/><W19/><G66/><T4/><D4/><U77/><E17/><V134/><F64/><W109/><G19/><T135/><D135/><U48/><E110/><V131/><F5/><W115/><G109/><T34/><D34/><U122/><E122/><V94/><F134/><W112/><G112/><T49/><D49/><U86/><E106/><V28/><F50/><W51/><G115/><T121/><D121/><U130/><E107/><V68/><F68/><W100/><G25/><T96/><D96/><U111/><E97/><V37/><F30/><W21/><G21/><T76/><AGARI ba="2,1" hai="9,11,27,29,32,39,42,45,76,81,87,91,92,99" machi="76" ten="20,12000,2" yaku="1,1,0,1,7,1,52,1,53,2" doraHai="71" doraHaiUra="7" who="0" fromWho="0" sc="145,136,172,-32,228,-32,445,-62" /><INIT seed="4,0,0,0,0,116" ten="281,140,196,383" oya="0" hai0="65,0,49,88,75,7,122,114,90,106,56,112,64" hai1="71,20,127,95,10,82,14,96,123,121,45,132,50" hai2="99,78,115,111,27,73,24,40,74,105,28,100,55" hai3="60,133,43,135,134,103,57,102,18,46,31,86,53"/><T12/><D122/><U62/><E127/><V128/><F111/><W1/><G1/><T44/><D0/><U9/><E132/><V5/><F115/><N who="0" m="44074" /><D106/><U69/><E20/><V118/><F118/><W124/><G31/><T13/><D75/><U84/><E62/><V3/><F128/><W51/><G124/><T63/><D65/><U21/><E21/><V126/><F55/><W59/><G18/><T26/><D26/><U108/><E108/><V52/><F40/><W22/><G22/><T92/><D7/><U109/><E109/><V113/><F126/><W8/><G8/><T34/><D34/><U54/><E9/><V120/><F24/><W119/><G119/><T129/><D129/><U87/><E87/><V94/><F113/><W33/><G33/><T110/><D110/><U19/><E69/><V79/><F5/><W6/><G6/><T67/><D67/><U117/><E71/><V15/><F15/><N who="0" m="5706" /><D92/><U36/><E36/><V81/><F3/><W125/><G125/><T72/><D72/><U11/><E11/><V85/><F74/><W83/><REACH who="3" step="1"/><G59/><REACH who="3" ten="281,140,196,373" step="2"/><T16/><D16/><U80/><E117/><V61/><F28/><W91/><AGARI ba="0,1" hai="43,46,51,53,57,60,83,86,91,102,103,133,134,135" machi="91" ten="30,12000,2" yaku="1,1,2,1,0,1,20,1,53,3" doraHai="116" doraHaiUra="131" who="3" fromWho="3" sc="281,-60,140,-30,196,-30,373,130" /><INIT seed="5,0,0,0,2,56" ten="221,110,166,503" oya="1" hai0="90,121,69,64,28,17,18,105,21,63,67,38,36" hai1="47,97,32,23,0,113,20,84,79,54,8,6,130" hai2="40,81,55,11,68,31,14,29,99,49,5,22,60" hai3="58,96,106,128,62,87,25,41,111,120,65,19,61"/><U72/><E113/><V73/><F99/><W33/><G128/><T35/><D105/><U108/><E130/><V75/><F31/><W34/><G111/><T91/><D121/><U50/><E108/><V59/><F81/><W42/><G120/><T109/><D109/><U118/><E118/><V76/><F76/><W44/><G42/><T102/><D102/><U126/><E126/><V46/><F29/><W16/><G62/><T43/><D18/><U52/><E72/><V37/><F22/><W1/><G1/><T134/><D134/><U88/><E32/><V104/><F104/><W48/><G87/><T24/><D67/><AGARI ba="0,0" hai="5,11,14,37,40,46,49,55,59,60,67,68,73,75" machi="67" ten="40,5200,0" yaku="24,2,52,1" doraHai="56" who="2" fromWho="0" sc="221,-52,110,0,166,52,503,0" /><INIT seed="6,0,0,3,2,55" ten="169,110,218,503" oya="2" hai0="58,109,37,34,30,99,87,103,115,67,23,118,84" hai1="102,110,83,6,61,56,13,120,0,71,45,98,1" hai2="52,36,5,66,57,21,15,72,39,107,22,17,59" hai3="135,93,8,104,11,16,2,28,90,64,9,131,85"/><V43/><F72/><W54/><G104/><T10/><D109/><U82/><E110/><V51/><F107/><W78/><G131/><T88/><D37/><U18/><E71/><V63/><F43/><W94/><G135/><T122/><D34/><U134/><E134/><V91/><F91/><W46/><G2/><T29/><D122/><U126/><E126/><V48/><F51/><N who="3" m="29047" /><G64/><T50/><D115/><U69/><E69/><V74/><F74/><W53/><G28/><T89/><D10/><U114/><E114/><V68/><F68/><W25/><G53/><N who="0" m="32055" /><D67/><U19/><E45/><V35/><F35/><W4/><G78/><T76/><D76/><U44/><E44/><V96/><F96/><W95/><G4/><T38/><D38/><U47/><E47/><V105/><F105/><W101/><G101/><T100/><D118/><U97/><E120/><V24/><F5/><W116/><G116/><T133/><D99/><N who="1" m="37899" /><E1/><V7/><F7/><W32/><G32/><T80/><D133/><U62/><E0/><V125/><F125/><W81/><G25/><N who="0" m="16575" /><D30/><AGARI ba="0,0" hai="15,17,21,22,24,30,36,39,48,52,57,59,63,66" machi="30" ten="30,11600,0" yaku="7,1,52,2,54,1" doraHai="55" who="2" fromWho="0" sc="169,-116,110,0,218,116,503,0" /><INIT seed="6,1,0,5,2,129" ten="53,110,334,503" oya="2" hai0="115,63,11,76,53,134,29,22,107,84,44,21,116" hai1="2,46,71,128,23,6,105,130,7,93,95,69,91" hai2="10,37,72,88,18,109,64,12,27,55,62,43,47" hai3="34,111,0,68,28,85,51,20,15,13,36,19,73"/><V97/><F72/><W113/><G36/><T77/><D107/><U112/><E112/><V42/><F109/><W58/><G0/><T124/><D115/><U50/><E23/><V81/><F42/><W25/><G68/><T123/><D123/><U33/><E33/><V126/><F126/><W3/><G3/><T86/><D124/><U122/><E105/><V49/><F27/><W56/><G15/><T40/><D116/><U82/><E82/><V118/><F118/><W125/><G111/><T57/><D11/><U99/><E122/><V24/><F24/><W48/><G73/><T26/><D22/><U92/><E91/><V110/><F110/><W87/><G113/><T59/><D59/><U74/><E99/><V119/><F119/><W83/><G87/><T98/><D98/><U35/><E74/><V9/><F10/><W89/><G125/><T101/><D101/><U79/><E79/><V75/><F75/><W61/><G58/><T66/><D66/><AGARI ba="1,0" hai="13,19,20,25,28,34,48,51,56,61,66,83,85,89" machi="66" ten="30,1000,0" yaku="7,1" doraHai="129" who="3" fromWho="0" sc="53,-13,110,0,334,0,503,13" /><INIT seed="7,0,0,3,0,52" ten="40,110,334,516" oya="3" hai0="68,1,15,133,38,0,14,71,43,66,3,6,96" hai1="76,102,94,22,89,26,12,75,36,29,33,107,65" hai2="32,64,130,73,117,74,103,21,104,72,101,48,45" hai3="9,88,11,50,63,25,105,82,5,8,126,83,125"/><W92/><G105/><T77/><D133/><U106/><E36/><V30/><F117/><W120/><G120/><T59/><D77/><U54/><E65/><V42/><F32/><W110/><G110/><T62/><D96/><U20/><E54/><V95/><F104/><W128/><G128/><T79/><D79/><U132/><E132/><V10/><F10/><W84/><G50/><T122/><D122/><U114/><E114/><V24/><F130/><W121/><G121/><T112/><D112/><U56/><E56/><V70/><F95/><W93/><G25/><T87/><D87/><N who="1" m="52543" /><E12/><V39/><F48/><W17/><G17/><T7/><D43/><U80/><E107/><V47/><F45/><W124/><G63/><T129/><D38/><U37/><E37/><V18/><F30/><W91/><G5/><T90/><D90/><U27/><E27/><V134/><F134/><W55/><G55/><T67/><D129/><U108/><E108/><V116/><F116/><W97/><AGARI ba="0,0" hai="8,9,11,82,83,84,88,91,92,93,97,124,125,126" machi="97" ten="40,7800,0" yaku="0,1,18,1,54,1" doraHai="52" who="3" fromWho="3" sc="40,-26,110,-26,334,-26,516,78" owari="14,-49.0,84,-32.0,308,11.0,594,70.0" /></mjloggm>