<mjloggm ver="2.3"><GO type="41" lobby="0"/><UN n0="%E3%81%82%E3%81%A4%E3%82%93" n1="%E2%93%9D%53%75%70%68%78" n2="%E3%81%A6%E3%82%8B%E3%81%A6%E3%82%8B%E3%81%A6%E3%82%8B%E3%81%8D" n3="%E5%B8%9D%E4%BA%AC%E5%B9%B3%E6%88%90%E5%A4%A7%E5%AD%A6" dan="13,18,13,15" rate="1850.32,2074.01,1840.80,1995.79" sx="M,M,M,M"/><TAIKYOKU oya="0"/><INIT seed="0,0,0,0,1,68" ten="250,250,250,250" oya="0" hai0="113,62,133,7,12,31,23,58,107,20,66,38,83" hai1="5,108,71,51,81,10,95,61,8,89,79,21,99" hai2="124,112,127,37,102,69,92,18,48,46,129,6,121" hai3="105,19,54,0,78,128,132,90,123,106,33,27,116"/><T122/><D133/><U42/><E108/><V100/><F112/><W28/><G116/><T109/><D122/><U76/><E71/><V22/><F69/><W11/><G132/><T117/><D117/><U55/><E42/><V16/><F121/><W125/><G123/><T39/><D107/><U60/><E21/><V9/><F129/><W13/><G125/><N who="2" m="48201" /><F37/><W65/><G128/><T85/><D113/><U50/><E50/><V88/><F100/><W36/><G65/><T77/><D109/><U119/><E10/><V30/><F30/><W56/><G78/><T45/><D45/><U103/><E103/><V17/><F22/><W24/><G36/><T111/><D111/><U110/><E79/><V118/><F102/><W14/><G27/><T32/><D32/><U93/><E93/><V15/><F118/><W130/><G130/><T104/><D104/><U115/><E115/><V3/><F3/><W87/><G14/><T75/><D75/><U49/><E49/><V25/><F25/><W98/><G98/><T44/><D44/><U63/><E110/><V82/><F82/><W86/><G86/><T84/><D85/><U135/><E135/><V29/><F29/><W2/><G106/><T80/><D80/><U1/><E119/><V41/><F92/><W131/><G105/><T97/><D97/><U53/><REACH who="1" step="1"/><E51/><REACH who="1" ten="250,240,250,250" step="2"/><V94/><F94/><N who="3" m="54623" /><G131/><T72/><D23/><U4/><E4/><V59/><F6/><W96/><G96/><T26/><REACH who="0" step="1"/><D72/><AGARI ba="0,1" hai="1,5,8,53,55,60,61,63,72,76,81,89,95,99" machi="72" ten="40,2600,0" yaku="1,1,53,1" doraHai="68" doraHaiUra="91" who="1" fromWho="0" sc="250,-26,240,36,250,0,250,0" /><INIT seed="1,0,0,3,4,48" ten="224,276,250,250" oya="1" hai0="97,96,71,53,102,68,21,88,122,37,58,28,93" hai1="23,0,10,72,118,81,19,83,129,8,5,92,132" hai2="80,77,115,99,45,9,34,133,33,6,120,130,16" hai3="61,66,78,54,32,1,22,30,87,121,17,67,59"/><U105/><E118/><V39/><F120/><W126/><G121/><T14/><D37/><U113/><E105/><V12/><F99/><W76/><G1/><T29/><D122/><U74/><E113/><V127/><F115/><W52/><G32/><T110/><D110/><U50/><E129/><V11/><F130/><W109/><G109/><T90/><D68/><U42/><E132/><V112/><F112/><W55/><G30/><T104/><D71/><U49/><E92/><V7/><F133/><W27/><G126/><T69/><D69/><U18/><E23/><V106/><F106/><W117/><G117/><T131/><D131/><U20/><E20/><V57/><F6/><W56/><G87/><T85/><D97/><U2/><REACH who="1" step="1"/><E5/><REACH who="1" ten="224,266,250,250" step="2"/><V41/><F127/><W43/><G43/><AGARI ba="0,1" hai="0,2,8,10,18,19,42,43,49,50,72,74,81,83" machi="43" ten="25,9600,0" yaku="1,1,2,1,22,2,53,0" doraHai="48" doraHaiUra="63" who="1" fromWho="3" sc="224,0,266,106,250,0,250,-96" /><INIT seed="1,1,0,5,2,59" ten="224,372,250,154" oya="1" hai0="45,2,19,101,129,72,123,33,133,44,125,78,111" hai1="34,83,128,90,49,54,74,89,28,82,23,134,71" hai2="116,124,113,130,105,29,40,37,4,132,20,58,21" hai3="36,3,9,131,88,48,121,114,117,55,38,43,50"/><U25/><E71/><V115/><F58/><W35/><G114/><T94/><D19/><U100/><E128/><V96/><F40/><W17/><G121/><T27/><D27/><U46/><E134/><V103/><F116/><W41/><G35/><T70/><D94/><U1/><E1/><V47/><F130/><W51/><G131/><T73/><D78/><U80/><E74/><V92/><F132/><W110/><G110/><T63/><D101/><U65/><E65/><V93/><F37/><W31/><G31/><T56/><D56/><U107/><REACH who="1" step="1"/><E34/><REACH who="1" ten="224,362,250,154" step="2"/><V15/><F113/><W118/><G117/><T75/><D33/><U102/><E102/><V67/><F115/><W6/><G118/><T30/><D2/><U24/><E24/><V126/><F67/><W7/><G3/><T66/><D133/><U32/><E32/><V10/><F103/><W120/><G120/><T106/><D129/><U104/><E104/><V60/><F105/><W8/><G38/><T91/><D106/><U122/><E122/><V42/><F124/><W39/><G36/><T95/><D123/><U85/><E85/><V79/><F126/><W81/><G39/><T53/><D125/><U57/><E57/><V77/><F47/><W98/><G41/><T14/><D75/><U61/><E61/><V69/><F42/><W12/><G43/><T13/><D73/><U112/><E112/><V22/><F60/><W97/><G98/><AGARI ba="1,1" hai="23,25,28,46,49,54,80,82,83,89,90,98,100,107" machi="98" ten="40,2000,0" yaku="1,1,53,0" doraHai="59" doraHaiUra="109" who="1" fromWho="3" sc="224,0,362,33,250,0,154,-23" /><INIT seed="1,2,0,4,3,21" ten="224,395,250,131" oya="1" hai0="104,88,115,108,27,14,4,100,92,20,129,135,2" hai1="57,43,60,17,98,37,12,118,78,107,13,87,0" hai2="134,29,5,122,120,131,101,71,133,58,3,46,97" hai3="125,41,121,69,95,77,86,24,1,25,81,62,132"/><U32/><E0/><V116/><F71/><W44/><G121/><T33/><D115/><U84/><E32/><V54/><F116/><W114/><G114/><T19/><D108/><U85/><E118/><V103/><F46/><W38/><G1/><T39/><D39/><U65/><E37/><V113/><F29/><W75/><G125/><T8/><D129/><U111/><E43/><V50/><F113/><W35/><G132/><N who="2" m="50793" /><F131/><W47/><G35/><T130/><D130/><U42/><E42/><V102/><F97/><W63/><G47/><T45/><D45/><U74/><E111/><V73/><F73/><W79/><G79/><T64/><D64/><U123/><E123/><V91/><F91/><W117/><G117/><T55/><D55/><U28/><E28/><V31/><F31/><W128/><G128/><T93/><D135/><U51/><E74/><V40/><F40/><W99/><G75/><T89/><D104/><U110/><E78/><V26/><F26/><W83/><G83/><T10/><D100/><N who="2" m="25602" /><V70/><DORA hai="59" /><F70/><W18/><G18/><T22/><D33/><U124/><E17/><V119/><F119/><W105/><G105/><T23/><REACH who="0" step="1"/><D27/><REACH who="0" ten="214,395,250,131" step="2"/><U30/><E110/><V96/><F122/><W9/><G38/><T34/><D34/><U112/><E112/><V6/><F120/><W67/><G44/><T94/><AGARI ba="2,1" hai="2,4,8,10,14,19,20,22,23,88,89,92,93,94" machi="94" ten="30,8000,1" yaku="1,1,0,1,54,1,53,2" doraHai="21,59" doraHaiUra="7,48" who="0" fromWho="0" sc="214,96,395,-42,250,-22,131,-22" /><INIT seed="2,0,0,2,0,10" ten="310,353,228,109" oya="2" hai0="135,0,108,113,103,80,123,9,18,23,95,70,66" hai1="7,110,4,12,133,74,63,93,44,33,98,34,47" hai2="45,107,69,52,1,134,27,90,126,64,83,29,5" hai3="94,91,96,55,6,86,81,124,73,125,65,76,16"/><V38/><F107/><W25/><G65/><T49/><D113/><U129/><E74/><V121/><F121/><W75/><G6/><T112/><D123/><U78/><E78/><V19/><F126/><W84/><G55/><T28/><D112/><U104/><E110/><V54/><F134/><W32/><G32/><T82/><D108/><U8/><E129/><V21/><F69/><W100/><G25/><T41/><D28/><U92/><E104/><V43/><F64/><W35/><G16/><T72/><D135/><U48/><E63/><V2/><F29/><W85/><G35/><T3/><D72/><U88/><E133/><V39/><F39/><W61/><G61/><T131/><D131/><U115/><E115/><V51/><F5/><W130/><G130/><T118/><D118/><U14/><E47/><V114/><F54/><W106/><REACH who="3" step="1"/><G73/><REACH who="3" ten="310,353,228,99" step="2"/><T31/><D66/><U127/><E34/><V37/><F114/><W102/><G102/><T26/><D70/><U79/><E33/><V15/><F27/><W89/><G89/><T20/><D9/><N who="1" m="4135" /><E127/><AGARI ba="0,1" hai="75,76,81,84,85,86,91,94,96,100,106,124,125,127" machi="127" ten="40,12000,2" yaku="1,1,24,2,18,1,34,3,53,0" doraHai="10" doraHaiUra="71" who="3" fromWho="1" sc="310,0,353,-120,228,0,99,130" /><INIT seed="3,0,0,0,2,1" ten="310,233,228,229" oya="3" hai0="22,99,72,88,65,35,14,131,6,110,94,91,123" hai1="54,3,126,55,64,56,111,51,96,80,9,21,17" hai2="116,135,81,66,15,89,52,63,120,97,107,130,40" hai3="75,33,43,58,38,112,62,105,10,85,7,41,108"/><W60/><G112/><T30/><D123/><U26/><E111/><V68/><F116/><W103/><G75/><T70/><D110/><U39/><E39/><V42/><F120/><W36/><G33/><T67/><D72/><U29/><E126/><V93/><F130/><W104/><G108/><T11/><D131/><U83/><E64/><V27/><F135/><W106/><G103/><T61/><D65/><U82/><E96/><V133/><F133/><W0/><G85/><T77/><D77/><U76/><E55/><V109/><F109/><W101/><G101/><T4/><D35/><U20/><E3/><V53/><F27/><W121/><G121/><T8/><D91/><U37/><E37/><V16/><F107/><W48/><G48/><T113/><D113/><U115/><E9/><V18/><F18/><W5/><G105/><T98/><D22/><U24/><REACH who="1" step="1"/><E115/><REACH who="1" ten="310,223,228,229" step="2"/><V87/><F42/><W125/><G10/><T73/><D73/><AGARI ba="0,1" hai="17,20,21,24,26,29,51,54,56,73,76,80,82,83" machi="73" ten="30,3900,0" yaku="1,1,2,1,7,1,53,0" doraHai="1" doraHaiUra="132" who="1" fromWho="0" sc="310,-39,223,49,228,0,229,0" /><INIT seed="4,0,0,5,5,84" ten="271,272,228,229" oya="0" hai0="44,21,78,5,7,105,23,60,116,48,92,101,27" hai1="104,29,96,45,107,3,69,65,135,28,47,122,41" hai2="67,111,91,14,125,113,70,81,114,72,10,40,119" hai3="37,34,33,86,51,30,26,53,80,9,120,109,17"/><T87/><D116/><U83/><E3/><V131/><F111/><W106/><G109/><T0/><D105/><U43/><E65/><V95/><F119/><W103/><G37/><T2/><D60/><U130/><E83/><V18/><F40/><W42/><G120/><T98/><D2/><U32/><E96/><V123/><F123/><W128/><G128/><T66/><D66/><U129/><E122/><V15/><F125/><W110/><G110/><T58/><D58/><U64/><E64/><V46/><F46/><W134/><G134/><T57/><D57/><U77/><E77/><V133/><F133/><W52/><G34/><T94/><D0/><U132/><REACH who="1" step="1"/><E32/><REACH who="1" ten="271,262,228,229" step="2"/><V68/><F67/><W31/><G33/><T89/><D78/><U36/><E36/><V73/><F131/><W16/><G80/><T75/><D75/><U50/><E50/><V112/><F81/><W74/><G51/><T55/><REACH who="0" step="1"/><D23/><REACH who="0" ten="261,262,228,229" step="2"/><U13/><E13/><V59/><F113/><W100/><G74/><T127/><D127/><U24/><E24/><V88/><F10/><W63/><G26/><T56/><D56/><U124/><E124/><V99/><F114/><W126/><G9/><T76/><D76/><U54/><E54/><V49/><F112/><W19/><G126/><T6/><D6/><U62/><E62/><V39/><F59/><W93/><G63/><T121/><D121/><U90/><E90/><V85/><F91/><W12/><G53/><T118/><D118/><U22/><E22/><V8/><F88/><N who="3" m="53399" /><G52/><T79/><D79/><U115/><E115/><V97/><F73/><RYUUKYOKU ba="0,2" sc="261,15,262,15,228,-15,229,-15" hai0="5,7,21,27,44,48,55,87,89,92,94,98,101" hai1="28,29,41,43,45,47,69,104,107,129,130,132,135" /><INIT seed="4,1,2,4,0,20" ten="276,277,213,214" oya="0" hai0="121,67,81,77,89,51,8,30,117,36,57,64,61" hai1="0,94,17,134,109,11,90,16,65,60,111,6,129" hai2="119,34,47,49,126,100,95,88,63,135,130,29,66" hai3="85,105,59,106,12,7,115,125,44,74,54,83,41"/><T87/><D117/><U62/><E62/><V18/><F126/><W72/><G72/><T35/><D36/><U27/><E129/><V110/><F130/><W86/><G125/><T69/><D121/><U124/><E124/><V112/><F110/><W98/><G74/><T91/><D8/><U5/><E134/><V113/><F135/><W56/><G56/><T70/><D64/><U75/><E75/><V2/><F2/><W4/><G86/><T99/><D51/><U13/><E111/><V97/><F119/><W78/><G115/><T114/><D114/><U50/><E0/><V133/><F133/><W38/><G98/><T92/><REACH who="0" step="1"/><D77/><REACH who="0" ten="266,277,213,214" step="2"/><U10/><E109/><V82/><F113/><W58/><G78/><T102/><D102/><U28/><E50/><V118/><F112/><W93/><G38/><T23/><D23/><N who="1" m="15487" /><E11/><V42/><F118/><W79/><G79/><T55/><D55/><U80/><E6/><V15/><F100/><W9/><G4/><T122/><D122/><U26/><E65/><V25/><F66/><W19/><G7/><T101/><D101/><U131/><E131/><V68/><F63/><W31/><G9/><T128/><D128/><U52/><E60/><V127/><F127/><W1/><G54/><T120/><D120/><U123/><E123/><V37/><F37/><W39/><G39/><T76/><D76/><U48/><E5/><V33/><F68/><W45/><G1/><T40/><D40/><U24/><E52/><V104/><F104/><W108/><G106/><T46/><D46/><U21/><E48/><V14/><F47/><RYUUKYOKU ba="1,3" sc="266,30,277,-10,213,-10,214,-10" hai0="30,35,57,61,67,69,70,81,87,89,91,92,99" /><INIT seed="4,2,3,3,5,36" ten="296,267,203,204" oya="0" hai0="27,31,65,135,107,51,89,49,131,102,38,67,56" hai1="130,122,105,20,72,76,3,68,46,59,18,82,125" hai2="50,90,9,81,97,42,47,62,17,43,24,74,12" hai3="58,64,33,99,10,55,77,95,66,6,52,92,128"/><T21/><D38/><U85/><E68/><V132/><F132/><W11/><G33/><T80/><D135/><U84/><E122/><V22/><F74/><W103/><G128/><T109/><D109/><U28/><E105/><V23/><F62/><N who="3" m="37975" /><G66/><T133/><D133/><U79/><E3/><V115/><F115/><W96/><G77/><T5/><D131/><U126/><E28/><V45/><F24/><W73/><G73/><T104/><D5/><U123/><E123/><V112/><F112/><W119/><G119/><T78/><D89/><U4/><E4/><V19/><F19/><W127/><G127/><N who="1" m="48650" /><E79/><V101/><F90/><N who="3" m="55319" /><G6/><T53/><D49/><U113/><E113/><V25/><F81/><W129/><G129/><T88/><D88/><U117/><E117/><V0/><F0/><W39/><G39/><T1/><D1/><U121/><E121/><V114/><F114/><W44/><G44/><T98/><D104/><U29/><E46/><V124/><F124/><W61/><G61/><T57/><D57/><U48/><E130/><V40/><F23/><W8/><AGARI ba="2,3" hai="8,10,11,52,55,95,99,103" m="55319,37975" machi="8" ten="30,2000,0" yaku="8,1,54,1" doraHai="36" who="3" fromWho="3" sc="296,-12,267,-7,203,-7,204,56" /><INIT seed="5,0,0,5,5,122" ten="284,260,196,260" oya="1" hai0="113,110,71,11,120,60,134,32,20,45,27,62,8" hai1="40,72,26,123,93,34,22,56,131,128,83,95,16" hai2="107,118,101,3,46,74,36,35,59,9,53,49,84" hai3="24,99,81,38,21,58,19,37,13,119,44,43,10"/><U31/><E123/><V42/><F118/><W82/><G119/><T15/><D113/><U47/><E56/><V115/><F115/><W104/><G38/><T91/><D134/><U86/><E72/><V98/><F74/><W78/><G58/><T57/><D71/><U12/><E83/><V1/><F35/><W63/><G63/><T54/><D32/><U17/><E17/><V67/><F9/><W88/><G104/><T109/><D120/><U50/><REACH who="1" step="1"/><E86/><REACH who="1" ten="284,250,196,260" step="2"/><V14/><F84/><W61/><G82/><T79/><D79/><U68/><E68/><V6/><F67/><W80/><G78/><T92/><D62/><U127/><E127/><V70/><F70/><W41/><G61/><T132/><D45/><U48/><E48/><V116/><F116/><W39/><G80/><T102/><D132/><U117/><E117/><V103/><F6/><W126/><G126/><T29/><D102/><U76/><E76/><V52/><F103/><W96/><G44/><T75/><D75/><U77/><E77/><V0/><REACH who="2" step="1"/><F53/><REACH who="2" ten="284,250,186,260" step="2"/><W100/><G100/><T25/><D8/><U7/><E7/><V111/><F111/><W23/><G10/><T2/><D2/><U65/><E65/><V4/><F4/><W112/><G41/><T133/><D133/><U5/><E5/><V114/><F114/><W94/><G112/><T33/><D110/><U28/><E28/><V64/><F64/><W89/><G43/><T85/><D109/><U130/><AGARI ba="0,2" hai="12,16,22,26,31,34,40,47,50,93,95,128,130,131" machi="130" ten="30,11700,0" yaku="1,1,0,1,19,1,54,1,53,0" doraHai="122" doraHaiUra="106" who="1" fromWho="1" sc="284,-39,250,137,186,-39,260,-39" /><INIT seed="5,1,0,5,5,5" ten="245,387,147,221" oya="1" hai0="49,24,28,75,94,90,16,15,120,100,65,68,54" hai1="93,36,40,47,3,85,87,1,29,61,34,130,117" hai2="115,62,92,32,37,135,74,128,20,104,113,8,99" hai3="129,134,27,114,81,2,48,14,59,57,82,60,12"/><U50/><E117/><V22/><F32/><W116/><G2/><T52/><D75/><U6/><E130/><V121/><F121/><W11/><G129/><T107/><D107/><U112/><E112/><V35/><F35/><W123/><G123/><T64/><D100/><U66/><E36/><V78/><F104/><W131/><G131/><T56/><D120/><U58/><E29/><V9/><F128/><W86/><G114/><N who="2" m="43529" /><F37/><W96/><G134/><T109/><D109/><U118/><E118/><V7/><F135/><W21/><G96/><T106/><D106/><U89/><E34/><V38/><F38/><W105/><G105/><T98/><D68/><U26/><E26/><V31/><F62/><W77/><G82/><T25/><D28/><U43/><E43/><V46/><F46/><W91/><G48/><T102/><D102/><U0/><REACH who="1" step="1"/><E87/><REACH who="1" ten="245,377,147,221" step="2"/><V63/><F31/><W80/><G86/><T122/><D122/><U39/><E39/><V101/><F74/><W67/><G27/><T125/><D25/><U111/><E111/><V72/><F72/><W44/><G116/><T41/><D41/><U79/><E79/><V23/><F78/><W103/><G77/><T30/><D24/><U73/><E73/><V53/><F7/><AGARI ba="1,1" hai="0,1,3,6,7,40,47,50,58,61,66,85,89,93" machi="7" ten="40,2000,0" yaku="1,1,53,0" doraHai="5" doraHaiUra="4" who="1" fromWho="2" sc="245,0,377,33,147,-23,221,0" /><INIT seed="5,2,0,4,4,78" ten="245,410,124,221" oya="1" hai0="8,85,45,49,128,73,89,46,30,26,15,37,83" hai1="47,34,119,133,60,124,41,20,54,9,110,35,7" hai2="105,103,21,32,25,2,121,118,88,17,12,109,3" hai3="65,117,120,84,87,91,43,58,5,44,13,129,107"/><U94/><E119/><V28/><F118/><W0/><G117/><T19/><D128/><U125/><E133/><V63/><F109/><W14/><G120/><T55/><D73/><U126/><E20/><V53/><F121/><W82/><G107/><T56/><D37/><U23/><E23/><AGARI ba="2,0" hai="8,15,19,23,26,30,45,46,49,55,56,83,85,89" machi="23" ten="30,3900,0" yaku="7,1,8,1,52,1" doraHai="78" who="0" fromWho="1" sc="245,45,410,-45,124,0,221,0" /><INIT seed="6,0,0,1,4,32" ten="290,365,124,221" oya="2" hai0="84,42,108,68,131,117,20,60,31,97,66,125,132" hai1="22,75,76,23,27,18,16,11,0,110,69,62,53" hai2="35,67,78,15,94,85,6,105,122,47,33,59,58" hai3="46,102,96,48,52,130,21,103,4,87,8,77,112"/><V14/><F122/><W116/><G116/><T109/><D117/><U104/><E110/><V10/><F105/><W98/><G130/><T3/><D125/><U83/><E104/><V129/><F129/><W9/><G112/><T123/><D123/><U106/><E106/><V124/><F124/><W28/><G28/><T111/><D131/><U93/><E93/><V37/><F15/><N who="3" m="5511" /><G9/><T65/><D132/><U61/><E53/><V41/><F58/><W30/><G30/><T71/><D97/><N who="3" m="37481" /><G21/><T121/><D121/><U114/><E69/><V29/><F29/><W17/><G17/><T82/><D42/><U86/><E75/><V89/><REACH who="2" step="1"/><F78/><REACH who="2" ten="290,365,114,221" step="2"/><W25/><G25/><T133/><D31/><U34/><E27/><V128/><F128/><W126/><G126/><T56/><D56/><U45/><E76/><V92/><F92/><W115/><G115/><T7/><D111/><U127/><E114/><V55/><F55/><W107/><G107/><T36/><D109/><U81/><E127/><V12/><F12/><W49/><G52/><T120/><D120/><U99/><E34/><V1/><F1/><W80/><G77/><T79/><D108/><U100/><E0/><V19/><F19/><W40/><G40/><T88/><D79/><U91/><E18/><V5/><F5/><W2/><G2/><T118/><D118/><U51/><E16/><V134/><F134/><W13/><G13/><T57/><D3/><U44/><E23/><V135/><F135/><W119/><G119/><T90/><D20/><U113/><E113/><V101/><F101/><W54/><G103/><RYUUKYOKU ba="0,1" sc="290,-10,365,-10,114,30,221,-10" hai2="6,10,14,33,35,37,41,47,59,67,85,89,94" /><INIT seed="6,1,1,4,1,133" ten="280,355,144,211" oya="2" hai0="66,5,82,69,12,131,109,8,75,59,50,15,73" hai1="37,98,115,47,116,88,72,21,97,18,129,29,17" hai2="14,19,33,30,118,62,104,45,0,111,42,61,2" hai3="132,110,113,120,64,86,99,125,92,27,102,83,9"/><V7/><F118/><W56/><G110/><T91/><D109/><U79/><E116/><V122/><F122/><W124/><G120/><T55/><D131/><U123/><E123/><V46/><F104/><W84/><G132/><T107/><D107/><U26/><E115/><V85/><F111/><W76/><G113/><T114/><D114/><U6/><E79/><V87/><F7/><W68/><G68/><T93/><D82/><U23/><E72/><V36/><F46/><W74/><G9/><T44/><D69/><U1/><E29/><V22/><F2/><W81/><G27/><T130/><D130/><U108/><E37/><V35/><F0/><W49/><G49/><T77/><D77/><U101/><E101/><V119/><F119/><W4/><G4/><T51/><D12/><U121/><E6/><V71/><F71/><W34/><G34/><T90/><D90/><U95/><E1/><V103/><F103/><W65/><G56/><T105/><D105/><U24/><E129/><V25/><REACH who="2" step="1"/><F33/><REACH who="2" ten="280,355,134,211" step="2"/><W16/><G102/><T10/><D44/><U54/><E121/><V28/><F28/><W135/><G135/><T57/><D5/><U89/><E108/><V58/><F58/><W112/><G112/><T106/><D106/><U80/><E47/><V70/><F70/><W38/><G38/><T134/><D134/><U96/><E18/><V43/><F43/><W13/><G16/><T60/><D57/><U11/><E17/><V67/><F67/><W117/><G65/><T20/><D59/><U63/><E54/><V128/><F128/><W126/><G64/><RYUUKYOKU ba="1,2" sc="280,-10,355,-10,134,30,211,-10" hai2="14,19,22,25,30,35,36,42,45,61,62,85,87" /><INIT seed="6,2,2,3,3,110" ten="270,345,164,201" oya="2" hai0="10,114,89,120,86,19,3,91,51,60,111,113,123" hai1="94,85,130,83,95,54,108,25,126,15,9,29,84" hai2="53,21,135,109,117,81,64,102,61,16,48,88,76" hai3="68,2,96,39,127,58,22,104,101,87,28,116,7"/><V8/><F117/><W5/><G68/><T57/><D111/><U72/><E72/><V11/><F109/><W0/><G116/><T42/><D42/><U106/><E106/><V40/><F102/><W47/><G2/><T27/><D51/><U37/><E130/><V128/><F40/><W67/><G39/><T69/><D69/><U134/><E134/><V133/><F128/><W121/><G121/><T118/><D118/><U70/><E126/><V34/><F34/><W125/><G47/><T31/><D3/><U4/><E85/><V49/><F49/><W65/><G87/><T23/><D19/><U30/><E70/><V92/><F64/><N who="3" m="24651" /><G0/><T17/><D91/><U129/><E37/><V35/><F61/><W93/><G104/><T33/><D10/><U122/><E122/><V99/><F35/><W38/><G58/><T105/><D105/><U18/><E129/><V115/><F11/><W36/><G38/><T74/><D74/><U46/><E108/><V98/><F8/><W44/><G44/><T82/><D123/><U78/><E46/><V131/><F99/><W132/><G132/><N who="2" m="50761" /><F131/><W97/><G97/><T62/><D120/><U77/><E9/><V1/><F1/><W112/><G36/><T90/><D90/><U71/><E71/><V56/><F115/><N who="0" m="44042" /><D57/><U124/><E84/><N who="2" m="48167" /><F21/><W43/><G43/><T32/><D32/><U75/><E75/><V41/><F41/><W79/><G112/><T66/><D66/><U100/><E100/><V20/><F20/><W12/><G101/><T55/><D55/><U52/><E54/><V13/><F13/><AGARI ba="2,2" hai="13,17,23,27,31,33,60,62,82,86,89" m="44042" machi="13" ten="30,8000,1" yaku="6,1,15,1,52,3" doraHai="110" who="0" fromWho="2" sc="270,106,345,0,164,-86,201,0" /><INIT seed="7,0,0,3,0,28" ten="376,345,78,201" oya="3" hai0="0,16,92,104,1,122,78,39,89,35,107,124,125" hai1="85,34,9,94,114,108,127,103,91,37,26,66,115" hai2="90,123,101,130,57,43,38,84,70,33,55,95,75" hai3="36,32,98,88,21,133,119,45,59,82,134,40,52"/><W63/><G119/><T112/><D39/><U5/><E37/><V126/><F70/><W129/><G129/><T27/><D122/><U15/><E108/><V79/><F79/><W29/><BYE who="2" /><G21/><N who="0" m="13735" /><D35/><U23/><E127/><N who="0" m="48713" /><D78/><U97/><E66/><V113/><F113/><W31/><G32/><T24/><D24/><U131/><E131/><V80/><F80/><W109/><G109/><T7/><D7/><U64/><E64/><V74/><F74/><W76/><G76/><T13/><D13/><U99/><E99/><V106/><F106/><N who="0" m="40490" /><D112/><U44/><E44/><V60/><F60/><W116/><G116/><T53/><D53/><U69/><E69/><V71/><F71/><W86/><REACH who="3" step="1"/><G98/><AGARI ba="0,0" hai="0,1,89,92,98" m="40490,48713,13735" machi="98" ten="30,2000,0" yaku="18,1,54,1" doraHai="28" who="0" fromWho="3" sc="376,20,345,0,78,0,201,-20" owari="396,49.0,345,15.0,78,-42.0,181,-22.0" /></mjloggm>