<mjloggm ver="2.3"><GO type="41" lobby="0"/><UN n0="%E9%A2%A8%E3%82%92%E9%A3%9F%E3%82%80" n1="%E2%93%9D%53%75%70%68%78" n2="%E6%9C%AA%E5%8B%9D%E5%88%A9%E5%B0%82" n3="%E3%81%B2%E3%81%94%E3%82%93%E3%81%9F" dan="13,18,14,13" rate="1897.09,2123.93,1944.43,1878.20" sx="F,M,M,M"/><TAIKYOKU oya="0"/><INIT seed="0,0,0,0,5,43" ten="250,250,250,250" oya="0" hai0="70,39,67,78,77,7,36,19,128,38,54,103,76" hai1="112,99,55,130,85,129,6,29,21,127,125,87,116" hai2="26,8,100,90,53,94,126,15,3,37,97,27,83" hai3="95,113,0,75,74,120,23,62,50,42,12,61,60"/><T20/><D128/><N who="1" m="49259" /><E6/><V122/><F126/><N who="1" m="48137" /><E116/><V58/><F37/><W101/><G113/><T93/><D7/><U84/><E29/><V109/><F122/><W33/><G0/><T82/><D70/><U121/><E21/><V10/><F3/><W114/><G33/><T56/><D67/><U102/><E55/><V86/><F109/><W45/><G114/><T80/><D103/><U4/><E4/><N who="2" m="3463" /><F10/><W117/><G117/><T73/><D93/><N who="1" m="58735" /><E112/><V14/><F14/><W68/><G68/><T134/><D134/><U1/><E1/><V92/><F92/><W17/><G120/><AGARI ba="0,0" hai="84,85,87,120,121" m="58735,48137,49259" machi="120" ten="40,8000,1" yaku="19,1,18,1,34,2" doraHai="43" who="1" fromWho="3" sc="250,0,250,80,250,0,250,-80" /><INIT seed="1,0,0,3,3,108" ten="250,330,250,170" oya="1" hai0="113,50,23,41,59,125,66,119,86,95,82,30,48" hai1="84,117,1,2,39,24,134,16,10,35,71,64,72" hai2="100,93,88,0,51,70,36,6,31,76,127,133,54" hai3="17,12,33,25,131,32,63,102,79,68,55,115,97"/><U58/><E72/><V52/><F36/><W126/><G126/><T43/><D125/><U129/><E71/><V98/><F127/><W28/><G131/><T19/><D119/><U37/><E117/><V22/><F70/><W20/><G79/><T53/><D113/><U56/><E134/><V61/><F76/><W3/><G3/><T135/><D30/><U5/><E2/><V44/><F133/><W11/><G115/><T94/><D135/><U96/><E84/><V122/><F122/><W45/><G45/><T118/><D118/><U62/><E129/><V104/><F6/><W123/><G123/><T15/><D66/><U99/><E58/><V42/><F61/><W128/><G128/><T73/><D73/><U13/><E39/><V90/><F0/><W110/><G110/><T107/><D107/><U9/><REACH who="1" step="1"/><E37/><REACH who="1" ten="250,320,250,170" step="2"/><V47/><F47/><W4/><G68/><T18/><D59/><U75/><E75/><V114/><F114/><W112/><G112/><T65/><D86/><U89/><E89/><N who="2" m="34411" /><F104/><W120/><G120/><T83/><D65/><U91/><E91/><V77/><F77/><W87/><G87/><T101/><D101/><U81/><E81/><V57/><F57/><W67/><G102/><T74/><D74/><U80/><E80/><V92/><F92/><W29/><G67/><T40/><D53/><U34/><E34/><V106/><F106/><W26/><G55/><T121/><D121/><U60/><E60/><V103/><F103/><W49/><G63/><T111/><D82/><U116/><E116/><V69/><F69/><W8/><G33/><RYUUKYOKU ba="0,1" sc="250,-15,320,15,250,15,170,-15" hai1="1,5,9,10,13,16,24,35,56,62,64,96,99" hai2="22,31,42,44,51,52,54,93,98,100" /><INIT seed="1,1,1,1,3,87" ten="235,335,265,155" oya="1" hai0="92,49,76,9,10,107,133,134,34,125,28,93,19" hai1="24,4,127,130,2,94,78,50,27,11,23,59,122" hai2="112,29,66,98,103,77,26,114,25,8,105,56,1" hai3="119,123,64,99,128,7,48,47,86,129,97,39,79"/><U118/><E118/><V3/><F77/><W20/><G119/><T44/><D107/><U54/><E122/><V22/><F8/><W38/><G123/><T73/><D73/><U85/><E130/><N who="3" m="50282" /><G64/><T121/><D121/><U116/><E127/><V60/><REACH who="2" step="1"/><F26/><REACH who="2" ten="235,335,255,155" step="2"/><W6/><G79/><T96/><D76/><U21/><E116/><V74/><F74/><W91/><G6/><T81/><D125/><U108/><E27/><V40/><F40/><N who="3" m="24679" /><G7/><T126/><D126/><U84/><E24/><V12/><F12/><W102/><G20/><T35/><D10/><U69/><E23/><V37/><F37/><N who="3" m="13835" /><G102/><T75/><D9/><U109/><E21/><V82/><F82/><AGARI ba="1,2" hai="82,86,91,97,99" m="13835,24679,50282" machi="82" ten="30,2000,0" yaku="19,1,52,1" doraHai="87" who="3" fromWho="2" sc="235,0,335,0,255,-23,155,43" /><INIT seed="2,0,0,5,5,36" ten="235,335,232,198" oya="2" hai0="53,44,90,17,21,64,19,13,112,45,37,57,52" hai1="102,35,98,16,109,43,78,104,62,74,131,39,47" hai2="8,56,114,121,134,28,27,12,25,124,0,120,32" hai3="106,108,5,29,42,85,87,125,34,55,99,60,122"/><V50/><F114/><W33/><G122/><T100/><D112/><U84/><E109/><V66/><F134/><W79/><G108/><T130/><D130/><U63/><E35/><V128/><F128/><W95/><G125/><T4/><D100/><U119/><E119/><V38/><F38/><W15/><G106/><T96/><D37/><U126/><E131/><V41/><F124/><W54/><G42/><T71/><D71/><U81/><E126/><V110/><F0/><W129/><G129/><T107/><D107/><U86/><E86/><V40/><F110/><W11/><G29/><T76/><D76/><U132/><E132/><V48/><F27/><W88/><G54/><N who="0" m="21099" /><D4/><U80/><REACH who="1" step="1"/><E16/><REACH who="1" ten="235,325,232,198" step="2"/><V30/><F121/><W133/><G87/><T18/><D18/><U46/><E46/><V9/><F120/><W69/><G133/><T59/><D19/><U93/><E93/><V68/><F32/><W103/><G79/><AGARI ba="0,1" hai="39,43,47,62,63,74,78,79,80,81,84,98,102,104" machi="79" ten="30,3900,0" yaku="1,1,7,1,52,1,53,0" doraHai="36" doraHaiUra="113" who="1" fromWho="3" sc="235,0,325,49,232,0,198,-39" /><INIT seed="3,0,0,3,1,83" ten="235,374,232,159" oya="3" hai0="47,84,119,0,29,24,6,62,43,122,87,92,21" hai1="12,129,15,40,38,74,25,86,126,49,95,30,94" hai2="55,89,109,82,93,107,8,53,61,112,63,97,114" hai3="45,59,116,135,134,54,111,104,105,32,17,5,110"/><W68/><G32/><T3/><D122/><U65/><E74/><V73/><F109/><N who="3" m="41483" /><G5/><T99/><D119/><U35/><E129/><V10/><F107/><W103/><G17/><T7/><D62/><U42/><E126/><V106/><F106/><W128/><G103/><T1/><D99/><U118/><E65/><V121/><F121/><W125/><G104/><T91/><REACH who="0" step="1"/><D87/><REACH who="0" ten="225,374,232,159" step="2"/><U127/><E86/><V18/><F97/><W80/><G116/><T26/><D26/><U22/><E25/><V100/><F73/><W41/><G125/><T16/><D16/><U34/><E118/><V20/><F18/><W81/><G128/><T57/><D57/><U76/><E127/><V46/><F114/><W85/><G68/><T37/><AGARI ba="0,1" hai="0,1,3,6,7,21,24,29,37,43,47,84,91,92" machi="37" ten="30,4000,0" yaku="1,1,0,1,52,1,53,0" doraHai="83" doraHaiUra="50" who="0" fromWho="0" sc="225,50,374,-10,232,-10,159,-20" /><INIT seed="4,0,0,0,4,50" ten="275,364,222,139" oya="0" hai0="130,117,43,6,122,120,105,82,10,115,42,36,67" hai1="75,107,112,54,8,132,64,29,35,134,81,123,7" hai2="77,66,28,15,135,69,52,86,30,71,23,9,111" hai3="99,93,83,84,0,92,131,76,87,119,124,72,103"/><T58/><D105/><U79/><E123/><V125/><F111/><W114/><G0/><T33/><D33/><U34/><E112/><V21/><F135/><N who="1" m="51753" /><E64/><V133/><F133/><W26/><G26/><T16/><D115/><U2/><E107/><V109/><F109/><W60/><G60/><T63/><D117/><U113/><E113/><V19/><F125/><W61/><G61/><T51/><D130/><U94/><E29/><V39/><F39/><W11/><G11/><T118/><D118/><U40/><E40/><V20/><F66/><W22/><G22/><T37/><D82/><U78/><E94/><N who="3" m="36458" /><G114/><T4/><D4/><U49/><E79/><V116/><F116/><W18/><G18/><T57/><D16/><U1/><E1/><V25/><F71/><W104/><G119/><T98/><D98/><U65/><E65/><V129/><F69/><W24/><G24/><T128/><D128/><U45/><AGARI ba="0,0" hai="2,7,8,34,35,45,49,54,75,78,81" m="51753" machi="45" ten="30,2000,0" yaku="20,1,52,1" doraHai="50" who="1" fromWho="1" sc="275,-10,364,20,222,-5,139,-5" /><INIT seed="5,0,0,0,0,33" ten="265,384,217,134" oya="1" hai0="70,71,122,95,30,52,134,59,112,130,31,9,68" hai1="127,99,124,49,89,56,66,132,73,114,55,43,5" hai2="111,28,0,75,35,25,63,69,64,18,19,38,129" hai3="27,108,29,115,42,101,16,131,4,94,109,76,53"/><U3/><E114/><V98/><F111/><W103/><G115/><T54/><D130/><U48/><E73/><V97/><F129/><W135/><G131/><T62/><D112/><U57/><E99/><V12/><F38/><W90/><G135/><T23/><D134/><U133/><E89/><V47/><F47/><W79/><G42/><T17/><D122/><U118/><E5/><V110/><F75/><W41/><G41/><T11/><D95/><U119/><E3/><V92/><F98/><W93/><G53/><T102/><D102/><U81/><E81/><V82/><F82/><W96/><G4/><T60/><D11/><U116/><E133/><V74/><F74/><W100/><G29/><T121/><D9/><U34/><E34/><V22/><F110/><N who="3" m="42603" /><G16/><T7/><D7/><U39/><E132/><V117/><F117/><W88/><G27/><T32/><D32/><U36/><E43/><V61/><F61/><W40/><G40/><T6/><D6/><U65/><E119/><V58/><F69/><W106/><G106/><T77/><D77/><U86/><E86/><AGARI ba="0,0" hai="76,79,86,88,90,93,94,96,100,101,103" m="42603" machi="86" ten="30,3900,0" yaku="34,2,54,1" doraHai="33" who="3" fromWho="1" sc="265,0,384,-39,217,0,134,39" /><INIT seed="6,0,0,2,0,68" ten="265,345,217,173" oya="2" hai0="67,74,24,91,6,76,29,77,81,84,114,86,45" hai1="9,122,115,132,79,21,46,93,27,19,50,10,131" hai2="92,83,5,23,119,97,52,103,41,13,108,88,75" hai3="117,48,135,30,107,7,133,22,71,82,98,56,43"/><V118/><F108/><W65/><G117/><T70/><D114/><U35/><E131/><V31/><F41/><W40/><G7/><T87/><D70/><U14/><E132/><N who="3" m="50762" /><G82/><T112/><D67/><U3/><E122/><V101/><F119/><W36/><G22/><T63/><D63/><U12/><E35/><V55/><F75/><W53/><G30/><T66/><D66/><U102/><E3/><V104/><F118/><W57/><G98/><T110/><D110/><U128/><E128/><V60/><F104/><W38/><G107/><T125/><D112/><U44/><E79/><V130/><F130/><W1/><G1/><T90/><D125/><U26/><E21/><V18/><F83/><W95/><G95/><T78/><D6/><U33/><E93/><V73/><F73/><W59/><G71/><T96/><D45/><U0/><E46/><V85/><F31/><W42/><G65/><T62/><D62/><U16/><E33/><V49/><F60/><W15/><G15/><T69/><D69/><U134/><E0/><V61/><F61/><W120/><G120/><T121/><D121/><U89/><E134/><V17/><F5/><W116/><G116/><T94/><REACH who="0" step="1"/><D74/><REACH who="0" ten="255,345,217,173" step="2"/><U2/><E115/><V54/><F49/><W8/><G8/><T58/><D58/><AGARI ba="0,1" hai="36,38,40,42,43,48,53,56,57,58,59" m="50762" machi="58" ten="40,8000,1" yaku="20,1,34,2,52,2" doraHai="68" who="3" fromWho="0" sc="255,-80,345,0,217,0,173,90" /><INIT seed="7,0,0,2,5,85" ten="175,345,217,263" oya="3" hai0="113,96,10,54,121,37,1,131,45,31,49,63,30" hai1="104,41,86,69,114,15,81,23,18,101,125,50,59" hai2="135,60,88,33,55,48,9,100,75,61,34,39,4" hai3="62,11,21,128,19,119,83,57,2,116,124,29,95"/><W68/><G124/><T94/><D121/><U105/><E69/><V92/><F39/><W16/><G128/><T133/><D131/><U111/><E114/><V115/><F75/><W38/><G38/><T79/><D133/><U36/><E111/><V122/><F115/><W66/><G83/><T84/><D113/><U71/><E71/><V117/><F117/><W70/><G29/><T78/><D37/><U6/><E101/><V28/><F100/><W73/><G73/><T42/><D1/><U13/><E36/><V53/><F135/><W44/><G44/><T108/><D108/><U130/><E125/><V132/><F132/><W7/><G19/><T20/><D10/><N who="1" m="4311" /><E59/><V74/><F74/><W58/><G70/><T72/><D72/><U126/><E130/><V76/><F76/><W97/><G57/><T112/><D112/><U24/><E105/><V65/><F28/><W127/><G68/><T40/><D40/><U52/><E104/><V129/><F129/><W110/><G127/><T46/><D46/><N who="1" m="27735" /><E126/><V106/><F106/><W118/><G110/><T80/><D78/><N who="1" m="46391" /><E41/><V98/><F122/><W14/><REACH who="3" step="1"/><G118/><REACH who="3" ten="175,345,217,253" step="2"/><T93/><D93/><U32/><E18/><V120/><F120/><W26/><G26/><T77/><D79/><U27/><E27/><V47/><F92/><W90/><AGARI ba="0,1" hai="2,7,11,14,16,21,58,62,66,90,95,97,116,119" machi="90" ten="20,12000,1" yaku="1,1,0,1,7,1,52,1,54,1,53,0" doraHai="85" doraHaiUra="109" who="3" fromWho="3" sc="175,-40,345,-40,217,-40,253,130" owari="135,-36.0,305,11.0,177,-22.0,383,47.0" /></mjloggm>