<mjloggm ver="2.3"><GO type="41" lobby="0"/><UN n0="%E2%93%9D%53%75%70%68%78" n1="%48%41%43%4F" n2="%E3%82%89%E3%82%93%E3%82%AD%E3%83%83%E3%82%AF" n3="%E9%89%84%E5%85%B5" dan="16,15,14,15" rate="2026.94,1999.48,1950.38,2063.64" sx="M,M,M,M"/><TAIKYOKU oya="0"/><INIT seed="0,0,0,0,4,29" ten="250,250,250,250" oya="0" hai0="37,133,28,63,100,104,7,34,52,125,86,109,81" hai1="47,95,88,26,15,32,115,97,127,130,3,101,135" hai2="21,1,60,45,33,40,102,98,117,53,2,113,22" hai3="5,23,118,39,69,116,79,9,124,112,107,83,19"/><T55/><D37/><U106/><E135/><V56/><F113/><W108/><G108/><T64/><D7/><U25/><E130/><V18/><F33/><W93/><G112/><T20/><D20/><U80/><E127/><V54/><F53/><W87/><G124/><T126/><D133/><U35/><E3/><V72/><F22/><W50/><G107/><T49/><D109/><U0/><E0/><V46/><F46/><W73/><G69/><T103/><D126/><U11/><E115/><V123/><F72/><W91/><G39/><T120/><D120/><U6/><E80/><V42/><F42/><W119/><G5/><T128/><D128/><U85/><E26/><V8/><F8/><W48/><REACH who="3" step="1"/><G9/><REACH who="3" ten="250,250,250,240" step="2"/><T114/><D104/><U59/><E25/><AGARI ba="0,1" hai="19,23,25,48,50,73,79,83,87,91,93,116,118,119" machi="25" ten="40,2600,0" yaku="1,1,2,1,53,0" doraHai="29" doraHaiUra="92" who="3" fromWho="1" sc="250,0,250,-26,250,0,240,36" /><INIT seed="1,0,0,0,1,82" ten="250,224,250,276" oya="1" hai0="102,95,123,40,11,110,101,109,75,5,133,100,42" hai1="8,65,114,129,121,131,56,71,0,35,27,96,90" hai2="15,64,68,10,32,58,54,91,6,78,89,128,76" hai3="130,31,93,74,86,134,113,47,20,77,13,25,84"/><U105/><E114/><V50/><F32/><W33/><G113/><T28/><D75/><U85/><E121/><V106/><F106/><W104/><G104/><T97/><D28/><U67/><E0/><V26/><F128/><W52/><G130/><T98/><D133/><U112/><E112/><V22/><F64/><W41/><G134/><T118/><D118/><U125/><E8/><V124/><F68/><W17/><G74/><T2/><D123/><U117/><E117/><V69/><F69/><W30/><G77/><T43/><REACH who="0" step="1"/><D95/><REACH who="0" ten="240,224,250,276" step="2"/><N who="1" m="56439" /><E105/><V73/><F73/><W63/><G93/><T66/><D66/><U24/><E131/><V94/><F124/><W122/><G122/><T29/><D29/><U36/><E71/><V3/><F94/><W115/><G115/><T127/><D127/><U4/><E125/><V120/><F120/><W99/><G99/><AGARI ba="0,1" hai="2,5,11,40,42,43,97,98,99,100,101,102,109,110" machi="99" ten="50,1600,0" yaku="1,1,53,0" doraHai="82" doraHaiUra="53" who="0" fromWho="3" sc="240,26,224,0,250,0,276,-16" /><INIT seed="2,0,0,5,0,62" ten="266,224,250,260" oya="2" hai0="131,63,98,10,36,87,102,47,117,9,31,100,59" hai1="81,17,34,101,91,99,116,76,3,129,133,46,26" hai2="79,39,103,68,55,135,130,2,51,77,8,104,48" hai3="14,106,21,41,105,44,83,25,110,108,70,13,54"/><V111/><F39/><N who="3" m="21567" /><G70/><T35/><D131/><U94/><E3/><V124/><F68/><W73/><G54/><T52/><D117/><U80/><E116/><V4/><F135/><W11/><G83/><T72/><D72/><U74/><E129/><V23/><F130/><W95/><G95/><T82/><D35/><U89/><E133/><V67/><F67/><W114/><G73/><T115/><D31/><U1/><E1/><V118/><F118/><W92/><G92/><T43/><D115/><U97/><E46/><V125/><F103/><W29/><G14/><T134/><D134/><U66/><E81/><V86/><F104/><W127/><G127/><N who="2" m="48713" /><F111/><N who="3" m="42539" /><G114/><T113/><D113/><U112/><E99/><V37/><F37/><W121/><G121/><T58/><D102/><U84/><E112/><V19/><F86/><W50/><G50/><N who="2" m="18985" /><F55/><W18/><AGARI ba="0,0" hai="11,13,18,21,25,29,105,106" m="42539,21567" machi="18" ten="30,1100,0" yaku="14,1" doraHai="62" who="3" fromWho="3" sc="266,-3,224,-3,250,-5,260,11" /><INIT seed="3,0,0,5,1,70" ten="263,221,245,271" oya="3" hai0="54,117,61,98,122,20,45,24,12,96,123,6,62" hai1="10,133,113,57,9,37,41,107,75,0,80,91,5" hai2="16,68,128,100,17,109,72,13,21,71,74,120,40" hai3="53,84,32,103,56,102,115,124,129,65,59,43,44"/><W119/><G115/><T85/><D117/><U29/><E133/><V110/><F100/><W19/><G119/><T97/><D123/><U42/><E42/><V121/><F40/><W111/><G124/><T95/><D122/><N who="2" m="47210" /><F21/><W87/><G129/><T88/><D6/><U69/><E107/><V26/><F26/><W30/><G111/><N who="2" m="42505" /><F13/><W83/><G19/><N who="2" m="7241" /><F128/><W22/><G22/><T89/><D12/><U14/><E113/><V118/><F118/><W48/><G103/><T31/><REACH who="0" step="1"/><D89/><REACH who="0" ten="253,221,245,271" step="2"/><U66/><E91/><V82/><F82/><W60/><G83/><T52/><D52/><U114/><E114/><V64/><F64/><W126/><G102/><T8/><D8/><U39/><E10/><V73/><AGARI ba="0,1" hai="68,71,72,73,74" m="7241,42505,47210" machi="73" ten="40,8000,1" yaku="28,2,13,1,14,1,54,1" doraHai="70" who="2" fromWho="2" sc="253,-20,221,-20,245,90,271,-40" /><INIT seed="4,0,0,0,1,61" ten="233,201,335,231" oya="0" hai0="104,30,94,7,60,79,17,121,62,82,109,52,50" hai1="15,24,45,41,19,3,102,27,77,132,89,9,127" hai2="4,116,117,84,36,20,34,43,72,54,76,53,113" hai3="97,31,25,71,111,110,128,99,75,63,74,46,14"/><T120/><D104/><U0/><E132/><V131/><F34/><N who="3" m="20847" /><G46/><T47/><D109/><U115/><E127/><V18/><F76/><W65/><G97/><T90/><D30/><U133/><E133/><V40/><F72/><N who="3" m="27691" /><G14/><T6/><D121/><U114/><E102/><V112/><F4/><N who="0" m="1578" /><D120/><U87/><E77/><V68/><F84/><W78/><G128/><T42/><D42/><N who="2" m="15914" /><F36/><W91/><G91/><T51/><D51/><N who="1" m="27055" /><E24/><V16/><F68/><W134/><G78/><T83/><D17/><N who="2" m="6762" /><F20/><W22/><G22/><T38/><D38/><U130/><E27/><V55/><F131/><W11/><G11/><T135/><D135/><U69/><E69/><V126/><F126/><W129/><G129/><T70/><D70/><U125/><E125/><V33/><F33/><W81/><G134/><T96/><D79/><U23/><E23/><V49/><F49/><W73/><G73/><T35/><D35/><U28/><E28/><V106/><F106/><W2/><G111/><T39/><D39/><U124/><E130/><V1/><F1/><W37/><G2/><T105/><D105/><U13/><E124/><V88/><F88/><W32/><G37/><T44/><D44/><U8/><E8/><V29/><F29/><W107/><G110/><T101/><D90/><U118/><E15/><V103/><F103/><N who="3" m="62975" /><G32/><T26/><D26/><U92/><E3/><V98/><F98/><W10/><G10/><T58/><D47/><U80/><E0/><V95/><F95/><W21/><G21/><T100/><D100/><U64/><E92/><V123/><F123/><W86/><G86/><RYUUKYOKU ba="0,0" sc="233,10,201,-30,335,10,231,10" hai0="50,52,58,60,62,82,83,94,96,101" hai2="53,54,55,112,113,116,117" hai3="63,65,71,81" /><INIT seed="4,1,0,3,0,31" ten="243,171,345,241" oya="0" hai0="115,72,119,98,104,17,83,74,14,91,84,73,69" hai1="68,51,36,59,37,120,58,77,134,102,101,44,105" hai2="82,95,75,78,13,56,128,12,96,117,71,125,63" hai3="32,26,135,114,39,109,5,100,57,86,130,18,62"/><T133/><D119/><U121/><E105/><V79/><F128/><W122/><G109/><T23/><D69/><U87/><E77/><V110/><F125/><W3/><G114/><T38/><D38/><N who="1" m="14955" /><E87/><V28/><F71/><W22/><G130/><T15/><D133/><U24/><E24/><V8/><F110/><W35/><G135/><T112/><REACH who="0" step="1"/><D15/><REACH who="0" ten="233,171,345,241" step="2"/><U103/><E68/><V1/><F12/><W60/><G39/><T49/><D49/><U66/><E134/><V70/><F117/><W2/><G62/><T65/><D65/><U6/><E66/><V111/><F70/><W92/><G2/><T116/><D116/><U21/><E51/><V47/><F1/><W34/><G122/><T99/><D99/><U118/><E118/><V4/><F111/><W41/><G41/><T89/><D89/><U52/><E121/><V30/><F96/><W107/><G107/><T20/><D20/><U0/><E21/><V7/><F63/><W53/><G100/><AGARI ba="1,1" hai="14,17,23,72,73,74,83,84,91,98,100,104,112,115" machi="100" ten="50,4800,0" yaku="1,1,53,1" doraHai="31" doraHaiUra="19" who="0" fromWho="3" sc="233,61,171,0,345,0,241,-51" /><INIT seed="4,2,0,5,5,96" ten="294,171,345,190" oya="0" hai0="47,127,135,24,121,12,57,112,61,64,74,85,104" hai1="120,72,38,122,100,73,65,87,23,10,42,71,106" hai2="102,132,82,116,4,39,83,16,2,49,115,53,69" hai3="21,32,108,84,19,94,68,36,134,14,5,75,34"/><T44/><D74/><U130/><E23/><V37/><F69/><W89/><G108/><T11/><D121/><U0/><E87/><V50/><F116/><W117/><G117/><T119/><D119/><U92/><E92/><V93/><F132/><W54/><G134/><T27/><D112/><U43/><E130/><V30/><F30/><W6/><G36/><T79/><D127/><U8/><E106/><V126/><F115/><W58/><G75/><T13/><D13/><U59/><E65/><V60/><F60/><W90/><G68/><T77/><D104/><U110/><E71/><V1/><F4/><W131/><G131/><T123/><D123/><U78/><E59/><V103/><F53/><W35/><REACH who="3" step="1"/><G89/><REACH who="3" ten="294,171,345,180" step="2"/><T17/><D135/><U113/><E38/><V70/><F70/><W3/><G3/><T105/><D79/><U101/><E78/><V29/><F126/><W111/><G111/><T55/><D77/><U9/><E0/><V109/><F109/><W128/><G128/><T76/><D76/><U41/><E110/><V52/><F1/><W51/><AGARI ba="2,1" hai="5,6,14,19,21,32,34,35,51,54,58,84,90,94" machi="51" ten="30,8000,1" yaku="1,1,0,1,25,2,53,1" doraHai="96" doraHaiUra="91" who="3" fromWho="3" sc="294,-42,171,-22,345,-22,180,96" /><INIT seed="5,0,0,5,4,15" ten="252,149,323,276" oya="1" hai0="49,48,18,34,127,11,69,74,119,9,35,66,65" hai1="46,90,84,98,14,111,29,64,7,97,62,58,120" hai2="131,114,82,99,10,43,2,104,77,128,118,24,44" hai3="79,26,71,16,41,4,89,129,115,23,92,70,105"/><U6/><E120/><V78/><F118/><W3/><G105/><T96/><D74/><U17/><E111/><V94/><F104/><W72/><G115/><T109/><D96/><U12/><E29/><V61/><F114/><W76/><G129/><T19/><D69/><U88/><E14/><V33/><F61/><W60/><G41/><T80/><D80/><U22/><E90/><V37/><F77/><W68/><G60/><T93/><D93/><U27/><E46/><V50/><F50/><W63/><G63/><T53/><D127/><U110/><E110/><V122/><F122/><W95/><G72/><T42/><D109/><U59/><E59/><V125/><F125/><W13/><G13/><T25/><D25/><U75/><E75/><V55/><F55/><W1/><G1/><T57/><D42/><U20/><E20/><V117/><F117/><W102/><G102/><T81/><D81/><N who="1" m="49167" /><E6/><V21/><F33/><W85/><REACH who="3" step="1"/><G95/><REACH who="3" ten="252,149,323,266" step="2"/><T30/><D119/><U130/><E130/><V113/><F131/><W51/><G51/><T133/><D49/><U38/><E38/><V108/><F128/><W132/><G132/><T100/><D133/><U45/><E45/><V135/><F113/><W101/><G101/><T106/><D100/><U47/><E47/><V126/><F44/><W112/><G112/><T123/><D106/><U28/><E7/><V32/><F135/><W54/><G54/><T56/><D123/><U36/><E36/><V5/><F37/><W31/><G31/><T39/><D39/><U52/><E52/><V67/><F108/><W121/><G121/><RYUUKYOKU ba="0,1" sc="252,-15,149,15,323,-15,266,15" hai1="12,17,22,27,28,58,62,64,97,98" hai3="3,4,16,23,26,68,70,71,76,79,85,89,92" /><INIT seed="5,1,1,3,4,119" ten="237,164,308,281" oya="1" hai0="89,24,97,78,120,35,4,73,30,23,31,81,110" hai1="132,84,57,17,37,56,63,15,54,130,51,91,59" hai2="105,76,99,77,26,75,88,7,53,121,126,117,113" hai3="103,128,50,66,5,43,34,62,38,47,125,18,1"/><U11/><E132/><V13/><F117/><W46/><G128/><T111/><D4/><U28/><E130/><V58/><F75/><W116/><G125/><T12/><D31/><U60/><E37/><V122/><F126/><W65/><G116/><T55/><D55/><U124/><E124/><V127/><F127/><W108/><G108/><T102/><D89/><U25/><E63/><V10/><F26/><W87/><G18/><T92/><REACH who="0" step="1"/><D120/><REACH who="0" ten="227,164,308,281" step="2"/><U70/><E28/><V96/><F113/><W42/><G5/><T22/><D22/><U98/><E98/><V3/><F99/><W131/><G131/><T129/><D129/><U104/><E25/><V19/><F76/><W72/><G34/><T49/><D49/><U9/><E9/><V71/><F77/><W115/><G115/><T40/><D40/><U101/><E101/><V48/><F88/><W106/><G103/><T107/><D107/><U83/><REACH who="1" step="1"/><E104/><REACH who="1" ten="227,154,308,281" step="2"/><V68/><F96/><W20/><G106/><T8/><D8/><U41/><E41/><V69/><REACH who="2" step="1"/><F105/><REACH who="2" ten="227,154,298,281" step="2"/><W27/><G38/><T6/><D6/><U16/><E16/><AGARI ba="1,4" hai="12,16,23,24,30,35,73,78,81,92,97,102,110,111" machi="16" ten="40,2600,0" yaku="1,1,54,1,53,0" doraHai="119" doraHaiUra="82" who="0" fromWho="1" sc="227,69,154,-29,298,0,281,0" /><INIT seed="6,0,0,5,0,84" ten="296,125,298,281" oya="2" hai0="48,74,32,53,123,50,59,62,105,24,111,41,45" hai1="81,92,83,26,58,100,102,90,88,96,131,132,95" hai2="72,85,20,106,68,18,3,21,80,16,120,115,37" hai3="30,17,76,35,127,28,27,103,135,10,19,49,56"/><V38/><F68/><W36/><G36/><T23/><D111/><U86/><E132/><V125/><F72/><W11/><G76/><T110/><D110/><U114/><E131/><V78/><F106/><W25/><G103/><N who="1" m="39466" /><E58/><V31/><F3/><W71/><G49/><T13/><D123/><U60/><E60/><V43/><F31/><W101/><G101/><T124/><D124/><U91/><E26/><V34/><F34/><N who="3" m="20751" /><G56/><T113/><D113/><U119/><E119/><V128/><F120/><W0/><G71/><T70/><D74/><U98/><E114/><V112/><F128/><W117/><G117/><T40/><D105/><U44/><E44/><V39/><F43/><W52/><G52/><T22/><D70/><U94/><AGARI ba="0,0" hai="81,83,86,88,90,91,92,94,95,96,98" m="39466" machi="94" ten="30,16000,3" yaku="8,1,35,5,52,3,54,1" doraHai="84" who="1" fromWho="1" sc="296,-40,125,160,298,-80,281,-40" /><INIT seed="7,0,0,5,2,78" ten="256,285,218,241" oya="3" hai0="100,109,93,19,122,94,8,80,6,20,97,110,1" hai1="72,116,105,92,128,2,124,14,27,79,114,4,101" hai2="119,12,41,131,54,29,117,43,55,75,30,39,69" hai3="5,35,63,26,96,83,37,3,66,31,88,89,57"/><W112/><G112/><T98/><D122/><U126/><E2/><V102/><F75/><W58/><G37/><T9/><D9/><N who="1" m="4391" /><E114/><V91/><F69/><W90/><G96/><T113/><D113/><U73/><E73/><V25/><F131/><W81/><REACH who="3" step="1"/><G57/><REACH who="3" ten="256,285,218,231" step="2"/><T74/><D98/><N who="1" m="59591" /><E128/><V60/><F119/><W21/><G21/><T103/><D103/><U123/><E116/><V32/><F102/><W129/><G129/><T135/><D100/><U45/><E123/><V99/><F117/><W28/><G28/><T107/><D97/><U134/><E105/><V133/><F30/><W23/><G23/><T121/><D121/><U10/><E10/><AGARI ba="0,1" hai="3,5,10,26,31,35,58,63,66,81,83,88,89,90" machi="10" ten="40,12000,1" yaku="1,1,52,2,54,1,53,1" doraHai="78" doraHaiUra="59" who="3" fromWho="1" sc="256,0,285,-120,218,0,231,130" owari="256,6.0,165,-33.0,218,-18.0,361,45.0" /></mjloggm>