<mjloggm ver="2.3"><GO type="41" lobby="0"/><UN n0="%E3%81%82%E3%82%8B%E3%81%BD%E3%82%93" n1="%73%65%61%6E%6B%75%72%6F" n2="%E3%81%AD%E3%81%93%E3%81%AD%E3%81%93%E3%81%AD" n3="%E2%93%9D%53%75%70%68%78" dan="15,13,14,18" rate="2047.97,1840.05,1829.37,2110.07" sx="M,M,F,M"/><TAIKYOKU oya="0"/><INIT seed="0,0,0,3,5,101" ten="250,250,250,250" oya="0" hai0="66,84,126,68,129,23,107,27,49,10,75,25,53" hai1="1,63,14,127,38,29,104,89,60,119,70,32,95" hai2="71,112,134,13,125,91,111,57,18,102,52,77,39" hai3="82,17,98,128,28,9,35,135,113,97,78,67,2"/><T55/><D75/><U110/><E38/><V46/><F111/><W108/><G113/><T117/><D117/><U43/><E1/><V99/><F125/><W85/><G108/><T20/><D126/><U31/><E119/><V48/><F134/><W124/><G128/><T118/><D118/><U76/><E110/><V61/><F91/><W41/><G41/><T16/><D129/><U93/><E127/><V54/><F77/><W51/><G67/><T64/><D10/><U81/><E104/><V40/><F112/><W56/><G28/><T94/><D68/><U133/><E43/><V45/><F54/><W24/><G35/><T11/><D11/><U21/><E133/><V8/><F45/><W123/><G123/><T131/><D131/><U74/><E32/><V59/><F59/><W103/><G2/><T36/><D36/><U62/><E70/><V72/><F72/><W12/><G103/><T69/><D69/><U132/><E132/><V109/><F109/><W4/><G135/><T47/><D107/><U50/><E95/><V5/><F5/><W96/><G124/><T15/><D15/><U120/><E120/><V22/><F8/><W114/><G114/><T83/><D94/><U90/><E90/><V79/><F79/><W42/><G56/><T44/><D44/><U121/><E50/><V65/><F99/><W80/><G80/><T0/><D0/><U87/><E121/><V6/><F6/><W73/><G73/><T130/><D130/><U37/><E37/><V7/><F7/><W92/><G4/><T86/><D83/><U3/><E3/><RYUUKYOKU ba="0,0" sc="250,-15,250,15,250,15,250,-15" hai1="14,21,29,31,60,62,63,74,76,81,87,89,93" hai2="13,18,22,39,40,46,48,52,57,61,65,71,102" /><INIT seed="1,1,0,2,0,81" ten="235,265,265,235" oya="1" hai0="75,112,38,72,74,62,86,29,22,73,123,94,97" hai1="15,65,71,8,11,121,83,61,132,26,111,124,98" hai2="0,16,56,84,6,3,120,37,82,77,17,118,105" hai3="107,44,13,117,10,25,101,109,55,60,70,4,108"/><U106/><E121/><V40/><F120/><W46/><G117/><T127/><D123/><U76/><E132/><V9/><F105/><W95/><G107/><T41/><D112/><U51/><E124/><V87/><F3/><W133/><G25/><T102/><D127/><U14/><E111/><N who="3" m="42570" /><G133/><T129/><D129/><U104/><E26/><V34/><F34/><W19/><G55/><T91/><D62/><U89/><E89/><V79/><F56/><W45/><G101/><T69/><D69/><U30/><E30/><V36/><F118/><W64/><G95/><T131/><D131/><U48/><E98/><V96/><F96/><W2/><G19/><T122/><D122/><U93/><E93/><V18/><F40/><W115/><G13/><T12/><D41/><U58/><E71/><V24/><F24/><W85/><G115/><T134/><D134/><U35/><E35/><V90/><REACH who="2" step="1"/><F77/><REACH who="2" ten="235,265,255,235" step="2"/><W54/><G54/><T126/><D126/><U63/><E104/><V52/><F52/><W1/><G1/><T33/><D33/><U92/><E106/><V100/><F100/><W59/><G59/><T68/><D102/><U21/><E58/><V130/><F130/><W28/><G28/><T31/><D29/><U88/><E65/><V128/><F128/><W116/><G116/><T39/><D31/><U53/><E53/><V47/><F47/><W110/><G110/><T42/><D42/><U27/><E76/><V113/><F113/><W125/><G125/><T66/><D66/><U49/><E27/><V119/><F119/><W135/><G135/><T43/><D43/><RYUUKYOKU ba="1,1" sc="235,-15,265,-15,255,15,235,15" hai2="0,6,9,16,17,18,36,37,79,82,84,87,90" hai3="2,4,10,44,45,46,60,64,70,85" /><INIT seed="2,2,1,2,5,55" ten="220,250,270,250" oya="2" hai0="114,92,90,78,95,43,3,118,105,59,50,38,116" hai1="45,129,69,41,119,76,14,42,4,52,36,83,54" hai2="123,35,106,21,16,102,93,110,10,84,108,33,49" hai3="31,134,64,58,67,47,44,51,126,22,135,94,18"/><V132/><F123/><W62/><G31/><T0/><D114/><U37/><E119/><N who="0" m="45609" /><D105/><U6/><E129/><V72/><F132/><N who="3" m="50731" /><G126/><T71/><D71/><U34/><E34/><V87/><F72/><W26/><G67/><T101/><D78/><U17/><E69/><V121/><F121/><W124/><G124/><T99/><D38/><U115/><E115/><V103/><F106/><W1/><G1/><N who="0" m="587" /><D43/><U27/><E27/><V12/><F87/><W53/><G94/><N who="0" m="58615" /><D90/><U98/><E98/><V127/><F127/><W81/><G81/><T61/><D50/><U104/><E104/><V91/><F10/><W46/><AGARI ba="2,1" hai="18,22,26,44,46,47,51,53,58,62,64" m="50731" machi="46" ten="30,2000,0" yaku="20,1,52,1" doraHai="55" who="3" fromWho="3" sc="220,-7,250,-7,270,-12,250,36" /><INIT seed="3,0,0,0,0,74" ten="213,243,258,286" oya="3" hai0="114,1,40,48,8,75,98,18,86,68,27,129,60" hai1="4,11,49,95,127,90,33,53,34,10,82,122,21" hai2="54,105,73,31,14,13,112,45,119,32,44,79,102" hai3="123,64,131,2,35,91,3,22,110,12,121,111,92"/><W58/><G64/><T96/><D75/><U107/><E122/><N who="3" m="46602" /><G58/><T76/><D129/><U116/><E107/><V81/><F112/><W103/><G103/><T71/><D114/><U16/><E127/><V43/><F119/><W42/><G42/><T77/><D1/><N who="3" m="9" /><G92/><T5/><D5/><U99/><E116/><V117/><F54/><W120/><G91/><T69/><D60/><U46/><E82/><V15/><F117/><W55/><G55/><T80/><D40/><U87/><E99/><V135/><F102/><W106/><G106/><T23/><D8/><U128/><E128/><V66/><F66/><W89/><G89/><T29/><D48/><U63/><E63/><V83/><F105/><W47/><G47/><T41/><D41/><U51/><E51/><V125/><F45/><W72/><G72/><T85/><D29/><U62/><E62/><V59/><F59/><W67/><G67/><T37/><D37/><U20/><E4/><V126/><F126/><W25/><G131/><T118/><D118/><U28/><E10/><V78/><F125/><W26/><N who="3" m="46610" /><W124/><DORA hai="57" /><G124/><T65/><D65/><U39/><E11/><V100/><F100/><W113/><G113/><T84/><D84/><U97/><E39/><V130/><F130/><W9/><G35/><T19/><REACH who="0" step="1"/><D18/><REACH who="0" ten="203,243,258,286" step="2"/><U50/><E87/><V17/><F43/><W132/><G9/><T6/><D6/><U115/><E115/><V30/><F73/><W133/><G111/><T36/><D36/><U38/><E38/><V24/><F83/><AGARI ba="0,1" hai="19,23,27,68,69,71,76,77,80,83,85,86,96,98" machi="83" ten="40,8000,1" yaku="1,1,9,1,52,2,53,0" doraHai="74,57" doraHaiUra="104,88" who="0" fromWho="2" sc="203,90,243,0,258,-80,286,0" /><INIT seed="4,0,0,3,2,112" ten="293,243,178,286" oya="0" hai0="61,86,9,80,20,81,128,127,94,116,98,75,42" hai1="53,38,12,18,23,77,1,46,28,40,133,83,96" hai2="70,15,14,87,21,47,72,125,118,3,45,106,85" hai3="132,84,110,131,69,78,8,54,63,29,71,22,73"/><T2/><D128/><U34/><E133/><V95/><F3/><W35/><G110/><T79/><D127/><U104/><E1/><V64/><F72/><W48/><G35/><T97/><D42/><U76/><E34/><V134/><F106/><W68/><G73/><T36/><D36/><U37/><E28/><V105/><F105/><W126/><G8/><T6/><D116/><U16/><E104/><V117/><F64/><W55/><G84/><T56/><D94/><U101/><E101/><V25/><F70/><W66/><G78/><T19/><D20/><U135/><E96/><V114/><F134/><W13/><G131/><T24/><D24/><U31/><E31/><V59/><F59/><W93/><G55/><T123/><D19/><U27/><E53/><V26/><F114/><W30/><G126/><T51/><D51/><U108/><E108/><V33/><F33/><W82/><G30/><T115/><D115/><U109/><E109/><V130/><F130/><W67/><G67/><T121/><D121/><U103/><E103/><V62/><F62/><W5/><G63/><T52/><D123/><U32/><E32/><V74/><F74/><W49/><G66/><T91/><AGARI ba="0,0" hai="2,6,9,52,56,61,75,79,80,81,86,91,97,98" machi="91" ten="20,3900,0" yaku="0,1,7,1,54,1" doraHai="112" who="0" fromWho="0" sc="293,39,243,-13,178,-13,286,-13" /><INIT seed="4,1,0,4,4,112" ten="332,230,165,273" oya="0" hai0="30,104,113,46,108,31,87,50,86,81,64,69,49" hai1="22,77,60,10,114,125,72,25,94,18,70,102,131" hai2="73,103,59,2,24,126,53,89,128,122,9,91,14" hai3="4,6,41,135,96,26,105,129,132,13,29,55,71"/><T106/><D113/><U38/><E125/><V119/><F122/><W39/><G55/><T92/><D92/><U15/><E131/><V76/><F126/><W36/><G71/><T5/><D5/><U85/><E38/><V82/><F2/><W110/><G110/><T12/><D12/><U68/><E114/><V80/><F24/><W19/><G41/><T52/><D108/><U123/><E72/><V58/><F58/><W97/><G129/><T48/><D48/><U93/><E123/><V107/><F128/><W43/><G43/><T83/><D69/><U16/><E70/><V45/><F45/><W0/><G105/><T62/><D64/><U120/><E120/><V27/><F27/><W99/><G0/><T8/><D62/><U127/><E127/><V98/><F82/><W134/><G39/><T34/><D46/><U20/><E102/><V74/><F74/><W90/><G90/><T118/><D8/><U79/><E68/><V117/><F91/><W84/><G84/><T7/><D7/><U78/><E60/><V28/><F28/><W61/><G61/><T33/><D52/><U115/><E115/><V95/><F53/><W133/><G36/><T54/><D54/><U67/><E67/><V17/><REACH who="2" step="1"/><F59/><REACH who="2" ten="332,230,155,273" step="2"/><W1/><G1/><T32/><REACH who="0" step="1"/><D32/><REACH who="0" ten="322,230,155,273" step="2"/><U121/><E121/><V23/><F23/><N who="3" m="15583" /><G135/><T11/><D11/><AGARI ba="1,2" hai="4,6,11,13,19,96,97,99,132,133,134" m="15583" machi="11" ten="40,1300,0" yaku="20,1" doraHai="112" who="3" fromWho="0" sc="322,-16,230,0,155,0,273,36" /><INIT seed="5,0,0,5,2,98" ten="306,230,155,309" oya="1" hai0="20,79,69,97,67,78,83,50,72,101,24,133,105" hai1="22,6,102,35,16,81,26,32,126,111,103,90,112" hai2="58,49,123,99,45,57,134,127,118,84,40,43,1" hai3="66,13,23,68,91,131,3,5,37,59,96,62,63"/><U107/><E107/><V10/><F123/><W130/><G3/><T86/><D133/><U4/><E126/><V56/><F118/><W82/><G37/><T110/><D110/><U47/><E112/><V9/><F1/><W38/><G38/><T14/><D69/><U33/><E111/><V85/><F127/><W135/><G135/><T76/><D67/><U44/><E81/><V46/><F134/><W28/><G5/><T119/><D119/><U2/><E90/><V88/><F99/><W51/><G51/><T125/><D125/><U60/><E60/><V34/><F34/><W120/><G120/><T80/><D50/><U77/><E77/><V41/><F49/><W108/><G108/><T121/><D121/><U15/><E2/><V29/><F29/><W21/><G28/><T64/><D64/><U65/><E65/><V30/><F30/><W11/><G63/><T42/><D14/><U27/><E32/><V31/><F31/><W17/><G68/><T92/><D105/><U7/><E33/><V25/><F25/><N who="1" m="9225" /><E35/><V109/><F109/><W124/><G124/><T53/><D78/><U61/><E61/><V70/><F70/><W93/><G82/><T0/><D0/><U52/><E52/><V48/><F48/><W87/><G96/><T55/><D42/><U104/><E104/><V114/><F114/><W19/><G11/><N who="2" m="4105" /><F88/><W89/><G89/><T54/><D55/><U128/><E128/><V113/><F113/><W39/><G39/><T132/><D132/><U73/><E73/><V36/><F36/><W100/><G131/><T95/><D95/><RYUUKYOKU ba="0,0" sc="306,10,230,10,155,10,309,-30" hai0="20,24,53,54,72,76,79,80,83,86,92,97,101" hai1="4,6,7,15,16,22,44,47,102,103" hai2="40,41,43,45,46,56,57,58,84,85" /><INIT seed="5,1,0,4,1,43" ten="316,240,165,279" oya="1" hai0="20,62,17,29,97,39,1,128,50,101,105,81,58" hai1="108,65,96,70,53,48,11,77,116,76,61,23,2" hai2="98,60,13,86,107,94,26,87,67,95,130,126,110" hai3="36,6,57,134,33,64,46,25,51,88,28,18,117"/><U123/><E116/><V30/><F110/><W37/><G6/><T55/><D128/><U120/><E108/><V32/><F126/><W90/><G117/><T35/><D1/><U84/><E96/><V106/><F130/><W34/><G34/><T14/><D39/><U54/><E2/><V132/><F132/><W80/><G18/><T118/><D118/><U0/><E11/><V114/><F13/><W99/><G134/><T121/><D121/><U127/><E0/><V69/><F107/><W102/><G57/><T56/><D81/><U71/><E127/><V27/><F27/><W100/><G64/><T59/><D35/><U79/><E23/><V74/><F74/><W47/><G80/><T109/><D109/><U93/><E48/><V91/><F114/><W38/><G102/><T24/><REACH who="0" step="1"/><D62/><REACH who="0" ten="306,240,165,279" step="2"/><U8/><E123/><V83/><REACH who="2" step="1"/><F87/><REACH who="2" ten="306,240,155,279" step="2"/><W66/><G25/><T82/><D82/><U72/><E120/><V19/><F19/><W75/><G75/><T112/><D112/><U7/><E72/><V115/><F115/><W49/><G28/><T111/><D111/><U104/><E84/><V122/><F122/><W135/><G135/><T125/><D125/><U9/><E7/><V73/><F73/><W41/><G33/><T52/><D52/><U15/><E54/><V10/><F10/><W42/><G66/><T89/><D89/><U68/><E53/><V44/><F44/><W85/><G85/><T4/><D4/><N who="1" m="3463" /><E9/><V113/><F113/><W124/><G124/><T5/><D5/><U78/><N who="1" m="19456" /><DORA hai="103" /><U119/><E119/><V92/><F92/><AGARI ba="1,2" hai="36,37,38,41,42,46,47,49,51,88,90,92,99,100" machi="92" ten="40,8000,1" yaku="6,1,9,1,52,2,54,1" doraHai="43,103" who="3" fromWho="2" sc="306,0,240,0,155,-83,279,103" /><INIT seed="6,0,0,4,2,50" ten="306,240,72,382" oya="2" hai0="36,90,5,70,15,104,40,17,91,133,39,55,131" hai1="75,105,28,86,83,114,30,56,10,68,126,80,109" hai2="43,79,130,102,26,44,132,13,110,53,16,57,76" hai3="2,51,24,84,63,35,21,65,128,78,82,29,89"/><V42/><F132/><W64/><G2/><T19/><D133/><U9/><E68/><V38/><F130/><W45/><G128/><T111/><D131/><U115/><E105/><V12/><F43/><W85/><G35/><T33/><D111/><U117/><E117/><V71/><F102/><W18/><G63/><T123/><D123/><U87/><E75/><V27/><F12/><W99/><G99/><T122/><D122/><U107/><E107/><V46/><F46/><W135/><G29/><T62/><D33/><U88/><E109/><V119/><F119/><W61/><G61/><T72/><D72/><U103/><E103/><V129/><F129/><W49/><G49/><T73/><D73/><U37/><E37/><V81/><F71/><W58/><G58/><T1/><D39/><U77/><E126/><V134/><F134/><W101/><G101/><T98/><D70/><U11/><REACH who="1" step="1"/><E56/><REACH who="1" ten="306,230,72,382" step="2"/><V95/><F110/><W97/><G135/><T108/><D36/><U41/><E41/><V32/><F95/><N who="3" m="56559" /><G85/><T52/><D104/><U127/><E127/><V92/><F92/><W54/><AGARI ba="0,1" hai="18,21,24,45,51,54,64,65,78,82,84" m="56559" machi="54" ten="30,2000,0" yaku="8,1,52,1" doraHai="50" who="3" fromWho="3" sc="306,-5,230,-5,72,-10,382,30" /><INIT seed="7,0,0,1,1,92" ten="301,225,62,412" oya="3" hai0="130,89,44,109,86,6,58,134,76,5,48,87,91" hai1="117,108,63,36,111,79,29,128,88,35,126,51,53" hai2="9,49,106,52,93,20,65,99,81,23,21,121,27" hai3="1,37,101,71,31,11,112,110,78,12,8,124,96"/><W15/><G112/><T39/><D39/><U75/><E63/><V30/><F106/><W74/><G124/><T43/><D109/><U14/><E14/><V25/><F121/><W113/><G31/><T55/><D134/><U132/><E29/><V26/><F9/><W34/><G101/><T83/><D130/><U85/><E53/><V115/><F115/><W19/><G78/><T66/><D66/><U118/><E51/><V100/><F81/><W90/><G90/><T120/><D120/><U4/><E4/><V0/><F0/><W62/><G34/><T73/><D73/><U33/><E33/><V98/><F27/><W104/><G104/><T17/><D76/><U18/><E18/><V13/><F13/><W38/><G62/><T3/><D3/><U61/><E61/><V114/><F114/><W68/><G1/><T116/><D116/><N who="1" m="44651" /><E35/><V41/><F41/><W46/><G38/><T122/><D122/><U103/><E36/><V67/><F98/><W77/><G96/><T2/><D2/><U24/><E24/><V135/><F135/><W40/><G113/><T72/><D72/><U129/><E132/><V56/><REACH who="2" step="1"/><F23/><REACH who="2" ten="301,225,52,412" step="2"/><W54/><G15/><T47/><D43/><U57/><E126/><V69/><F69/><W107/><G71/><T42/><D42/><U105/><E111/><V22/><F22/><W59/><G68/><T80/><D5/><U64/><E108/><V95/><F95/><W131/><G110/><T60/><D6/><U102/><E105/><V16/><AGARI ba="0,1" hai="16,20,21,25,26,30,49,52,56,65,67,93,99,100" machi="16" ten="20,12000,2" yaku="1,1,0,1,7,1,8,1,52,1,54,2,53,0" doraHai="92" doraHaiUra="84" who="2" fromWho="2" sc="301,-30,225,-30,52,130,412,-60" owari="271,7.0,195,-20.0,182,-32.0,352,45.0" /></mjloggm>