<mjloggm ver="2.3"><GO type="41" lobby="0"/><UN n0="%61%62%2D%61%62%2D%61%62" n1="%EF%BD%9E%E5%89%A3%E7%9B%BE%EF%BD%9E" n2="%62%7A%73%7A%30%31%30%34" n3="%E2%93%9D%53%75%70%68%78" dan="13,13,14,18" rate="1870.12,1839.10,1916.77,2124.69" sx="F,M,M,M"/><TAIKYOKU oya="0"/><INIT seed="0,0,0,4,1,63" ten="250,250,250,250" oya="0" hai0="12,105,57,96,0,121,56,132,50,67,83,125,7" hai1="64,2,88,66,11,78,9,60,51,109,20,108,25" hai2="104,73,100,8,32,101,39,61,114,129,87,19,79" hai3="46,110,53,72,23,102,124,76,82,16,95,36,18"/><T35/><D121/><U97/><E78/><V14/><F114/><W1/><G110/><N who="1" m="42602" /><E51/><V65/><F39/><W75/><G124/><T41/><D35/><U70/><E70/><V26/><F129/><W127/><G1/><T43/><D0/><U45/><E45/><V80/><F73/><W93/><G127/><T122/><D122/><U54/><E60/><V3/><F104/><W34/><G34/><T59/><D125/><U24/><E54/><V92/><F3/><W6/><G6/><T27/><D27/><N who="1" m="10315" /><E20/><V106/><F106/><W40/><G75/><T47/><D43/><U99/><E2/><V30/><F92/><W28/><G95/><T111/><D111/><U48/><E48/><V112/><REACH who="2" step="1"/><F112/><REACH who="2" ten="250,250,240,250" step="2"/><W123/><G123/><T69/><D105/><U15/><E15/><V5/><F5/><W118/><G93/><T37/><D7/><U135/><E135/><V4/><F4/><W134/><G134/><T17/><D12/><U81/><E81/><V58/><AGARI ba="0,1" hai="8,14,19,26,30,32,58,61,65,79,80,87,100,101" machi="58" ten="20,5200,0" yaku="1,1,0,1,7,1,52,1,53,0" doraHai="63" doraHaiUra="113" who="2" fromWho="2" sc="250,-26,250,-13,240,62,250,-13" /><INIT seed="1,0,0,4,0,28" ten="224,237,302,237" oya="1" hai0="121,41,68,11,24,8,7,101,65,111,96,15,113" hai1="38,29,49,26,84,122,74,81,94,56,133,116,10" hai2="52,117,3,6,2,87,100,35,5,103,130,76,17" hai3="64,71,67,9,57,82,34,127,51,48,27,106,44"/><U75/><E116/><V31/><F117/><W4/><G106/><T40/><D113/><U95/><E38/><V20/><F130/><W118/><G71/><T37/><D111/><U105/><E105/><V12/><F2/><W123/><G127/><T98/><D121/><U132/><E122/><V36/><F36/><W83/><G123/><T60/><D37/><U119/><E119/><V16/><F17/><W80/><G118/><T120/><D120/><U72/><E10/><N who="2" m="2367" /><F6/><W1/><G57/><T126/><D126/><U115/><E115/><V59/><F87/><W124/><G51/><T99/><D101/><U93/><E56/><V134/><F76/><W109/><G109/><T88/><D11/><U85/><E49/><N who="2" m="31119" /><F134/><N who="1" m="51817" /><E81/><V47/><F47/><W102/><G124/><T135/><D135/><U110/><E110/><V58/><F58/><W128/><G83/><T53/><D53/><U70/><E70/><V54/><F54/><W13/><G82/><T33/><REACH who="0" step="1"/><D88/><REACH who="0" ten="214,237,302,237" step="2"/><U19/><E19/><V69/><F69/><W55/><G55/><T25/><D25/><AGARI ba="0,1" hai="12,16,20,25,31,35,100,103" m="31119,2367" machi="25" ten="30,7700,0" yaku="24,1,52,1,54,2" doraHai="28" who="2" fromWho="0" sc="214,-77,237,0,302,87,237,0" /><INIT seed="2,0,0,5,1,121" ten="137,237,389,237" oya="2" hai0="130,102,110,41,94,116,35,53,100,72,28,61,101" hai1="63,15,56,83,103,71,3,9,132,129,50,26,25" hai2="1,55,46,13,31,107,91,79,69,134,111,88,80" hai3="10,29,113,93,59,65,47,24,7,6,23,99,75"/><V33/><F107/><W38/><G75/><T77/><D116/><U11/><E129/><V20/><F1/><W123/><G123/><T62/><D130/><U124/><E3/><V54/><F69/><W21/><G113/><T14/><D41/><U104/><E132/><V68/><F68/><W76/><G76/><T122/><D122/><U67/><E124/><V118/><F118/><W37/><G23/><T19/><D94/><U120/><E120/><V114/><F114/><W133/><G47/><T39/><D39/><U27/><E9/><V40/><F33/><W108/><G108/><T52/><D35/><U105/><E103/><V98/><F111/><W128/><G133/><T127/><D28/><U106/><E83/><V57/><F134/><W81/><G81/><T34/><D34/><U0/><E0/><V30/><F98/><W84/><G84/><T74/><D127/><U18/><REACH who="1" step="1"/><E50/><REACH who="1" ten="137,227,389,237" step="2"/><V32/><F80/><W109/><G38/><T85/><D77/><U17/><E17/><V73/><F79/><W60/><G37/><T89/><D110/><U66/><E66/><V22/><F73/><W58/><G109/><T82/><D74/><U135/><E135/><V4/><F31/><W87/><G128/><T115/><D72/><U92/><E92/><V5/><F30/><W96/><G10/><N who="0" m="6615" /><D115/><U16/><E16/><V49/><F4/><W70/><G7/><T125/><D125/><U86/><E86/><V97/><F5/><W42/><G6/><T95/><D95/><U2/><E2/><V36/><F36/><W43/><G93/><T12/><D12/><RYUUKYOKU ba="0,1" sc="137,15,227,15,389,-15,237,-15" hai0="52,53,61,62,82,85,89,100,101,102" hai1="11,15,18,25,26,27,56,63,67,71,104,105,106" /><INIT seed="3,1,1,2,3,60" ten="152,242,374,222" oya="3" hai0="128,33,56,40,125,112,75,42,101,66,63,97,116" hai1="90,129,13,104,10,87,77,108,72,2,67,8,17" hai2="34,62,82,19,83,50,0,103,78,131,44,133,106" hai3="1,68,110,28,109,29,85,37,88,96,118,55,73"/><W80/><G118/><T65/><D116/><U81/><E129/><V121/><F0/><W47/><G1/><T134/><D75/><U132/><E108/><N who="3" m="41578" /><G68/><T93/><D128/><U105/><E132/><V59/><F131/><W57/><G73/><T7/><D134/><U70/><E70/><V135/><F34/><W43/><G96/><T99/><D125/><U92/><E2/><V123/><F83/><W71/><G71/><T61/><D33/><U6/><E6/><V115/><F115/><W5/><G5/><T12/><D112/><U124/><E124/><V126/><F126/><W122/><G122/><N who="2" m="46601" /><F19/><W100/><G100/><T23/><D99/><U45/><E45/><V53/><F103/><W130/><G130/><T20/><D20/><U95/><E92/><V26/><F26/><W111/><N who="3" m="41586" /><W22/><DORA hai="94" /><G22/><T16/><D7/><U84/><E72/><N who="2" m="43335" /><F106/><W41/><G41/><AGARI ba="1,1" hai="41,44,50,53,59,62,133,135" m="43335,46601" machi="41" ten="30,1000,0" yaku="13,1" doraHai="60,94" who="2" fromWho="3" sc="152,0,242,0,374,23,222,-13" /><INIT seed="4,0,0,0,2,54" ten="152,242,397,209" oya="0" hai0="68,119,57,30,133,73,48,56,52,116,69,84,72" hai1="87,44,49,80,38,107,104,24,12,47,103,129,4" hai2="53,93,31,60,62,61,127,64,11,113,90,51,100" hai3="18,130,13,89,99,102,114,132,7,32,9,78,76"/><T67/><D30/><U5/><E129/><V106/><F113/><W82/><G114/><T111/><D84/><U58/><E24/><V117/><F117/><N who="0" m="45130" /><D73/><U66/><E103/><V118/><F118/><W83/><G132/><T79/><D79/><U19/><E104/><V95/><F127/><W28/><G130/><T124/><D72/><U14/><E107/><V2/><F106/><W25/><G89/><T121/><D124/><U81/><E38/><V45/><F31/><W108/><G108/><T128/><D128/><U86/><E66/><V6/><F100/><W26/><G78/><T75/><D75/><U3/><E3/><V71/><REACH who="2" step="1"/><F95/><REACH who="2" ten="152,242,387,209" step="2"/><W77/><G28/><T17/><D121/><U37/><E80/><V55/><F55/><W21/><G83/><T20/><D133/><U15/><E81/><V40/><F40/><W36/><G82/><T50/><D111/><U125/><E125/><V98/><AGARI ba="0,1" hai="2,6,11,45,51,53,60,61,62,64,71,90,93,98" machi="98" ten="20,2700,0" yaku="1,1,0,1,7,1,53,0" doraHai="54" doraHaiUra="96" who="2" fromWho="2" sc="152,-13,242,-7,387,37,209,-7" /><INIT seed="5,0,0,1,3,100" ten="139,235,424,202" oya="1" hai0="38,50,101,18,66,61,49,63,28,86,129,80,84" hai1="46,87,99,25,21,3,23,103,6,105,16,48,126" hai2="117,73,57,24,36,132,124,43,17,58,107,31,45" hai3="106,78,44,39,34,118,133,120,72,91,32,96,98"/><U69/><E69/><V19/><F117/><W74/><G120/><T70/><D38/><U54/><E126/><V116/><F116/><W112/><G118/><T134/><D134/><U27/><E3/><V37/><F73/><W14/><G14/><T88/><D129/><U128/><E6/><V125/><F132/><W9/><G91/><T83/><D101/><U81/><E128/><V102/><F36/><W67/><G67/><T115/><D115/><U0/><E0/><V119/><F119/><W60/><G60/><T5/><D5/><U13/><REACH who="1" step="1"/><E21/><REACH who="1" ten="139,225,424,202" step="2"/><V71/><F71/><W30/><G133/><T10/><D28/><U89/><AGARI ba="0,1" hai="13,16,23,25,27,46,48,54,81,87,89,99,103,105" machi="89" ten="20,18000,2" yaku="1,1,2,1,0,1,7,1,52,1,54,1,53,0" doraHai="100" doraHaiUra="29" who="1" fromWho="1" sc="139,-60,225,190,424,-60,202,-60" /><INIT seed="5,1,0,1,4,92" ten="79,415,364,142" oya="1" hai0="90,38,73,76,101,124,2,66,69,71,121,113,119" hai1="7,84,129,72,32,13,128,14,67,33,107,118,120" hai2="60,8,110,27,61,91,10,95,12,86,74,103,65" hai3="87,9,63,78,105,31,100,53,18,109,29,0,62"/><U132/><E107/><V28/><F110/><W93/><G105/><T5/><D119/><U77/><E72/><V88/><F74/><W45/><G0/><T46/><D90/><U75/><E75/><V15/><F103/><W133/><G133/><T37/><D113/><U20/><E77/><V94/><F27/><W115/><G115/><T58/><D58/><U131/><E84/><V55/><F55/><W56/><G63/><T104/><D121/><U54/><E67/><V125/><F125/><W117/><G109/><T51/><D124/><U35/><E54/><V11/><F28/><W111/><G117/><T25/><D25/><U41/><E41/><V50/><F50/><W3/><G3/><T34/><D51/><U68/><E68/><N who="0" m="26185" /><D66/><U98/><E98/><N who="2" m="57695" /><F65/><W126/><G111/><T44/><D46/><U135/><E118/><V24/><F24/><W108/><G45/><T40/><D38/><U123/><E7/><N who="2" m="3103" /><F10/><W47/><G9/><N who="0" m="2231" /><D34/><U17/><REACH who="1" step="1"/><E13/><REACH who="1" ten="79,405,364,142" step="2"/><V16/><AGARI ba="1,1" hai="11,15,16,60,61,86,88,95" m="3103,57695" machi="16" ten="30,7900,0" yaku="8,1,52,1,54,2" doraHai="92" who="2" fromWho="2" sc="79,-21,405,-40,364,92,142,-21" /><INIT seed="6,0,0,5,1,113" ten="58,365,456,121" oya="2" hai0="85,116,128,105,39,117,133,79,61,49,110,44,51" hai1="63,100,24,19,83,108,77,94,126,92,96,89,3" hai2="107,123,93,71,69,74,127,25,120,42,91,45,15" hai3="62,29,132,119,50,22,98,5,6,12,9,125,54"/><V82/><F107/><W103/><G119/><N who="0" m="45643" /><D110/><U130/><E3/><V134/><F127/><W64/><G132/><T21/><D105/><U36/><E36/><V53/><F134/><W124/><G6/><T81/><D128/><U37/><E37/><V102/><F53/><W1/><G1/><T46/><D133/><U59/><E126/><V111/><F111/><W58/><G29/><T32/><D32/><U31/><E19/><V11/><F25/><W121/><G121/><T52/><D21/><N who="1" m="15759" /><E92/><V97/><F123/><W4/><G22/><T17/><D17/><U70/><E70/><V7/><F120/><W60/><G5/><T41/><D61/><U114/><E114/><V18/><F18/><W76/><G62/><T131/><D131/><U75/><E130/><V13/><F13/><W135/><G135/><T67/><D67/><N who="1" m="39423" /><E75/><V28/><F28/><W118/><G118/><T34/><D34/><U73/><E89/><V57/><F102/><W2/><G2/><T129/><D129/><U101/><E101/><V95/><F95/><W106/><G125/><T16/><D16/><U0/><E0/><V122/><F122/><W35/><G35/><T109/><D109/><AGARI ba="0,0" hai="73,77,83,94,96,100,108,109" m="39423,15759" machi="109" ten="30,1000,0" yaku="25,1" doraHai="113" who="1" fromWho="0" sc="58,-10,365,10,456,0,121,0" /><INIT seed="7,0,0,1,5,106" ten="48,375,456,121" oya="3" hai0="116,36,68,34,33,69,97,117,57,98,108,4,74" hai1="66,5,103,134,52,124,131,62,113,45,37,14,23" hai2="109,79,65,64,88,70,107,19,3,115,39,9,43" hai3="44,13,49,90,55,91,125,102,54,132,92,67,71"/><W8/><G132/><T0/><D36/><U122/><E122/><V59/><F107/><W80/><G125/><T104/><D108/><U28/><E134/><V35/><F35/><W7/><G71/><T87/><D57/><U46/><E124/><V127/><F109/><W56/><G67/><T123/><D87/><U11/><E131/><V130/><F130/><W112/><G112/><T20/><D20/><U120/><E120/><V58/><F115/><W119/><G119/><T82/><D123/><U96/><E37/><V16/><F127/><W77/><G102/><T26/><D0/><U22/><E113/><V30/><F30/><W110/><G92/><T84/><D4/><U73/><E73/><V95/><F79/><W118/><G118/><T31/><D34/><U76/><E76/><V1/><F70/><W18/><G7/><T38/><D38/><U51/><E46/><V85/><F43/><W10/><G10/><T2/><D2/><U126/><E28/><V133/><F39/><W41/><G110/><T78/><D84/><U72/><E72/><V12/><F133/><W86/><G41/><T99/><D104/><U63/><E63/><AGARI ba="0,0" hai="8,13,18,44,49,54,55,56,63,77,80,86,90,91" machi="63" ten="30,2900,0" yaku="7,1,8,1" doraHai="106" who="3" fromWho="1" sc="48,0,375,-29,456,0,121,29" /><INIT seed="7,1,0,0,4,119" ten="48,346,456,150" oya="3" hai0="91,84,108,36,122,46,112,88,96,105,101,18,81" hai1="79,71,50,76,132,102,26,67,129,121,43,44,31" hai2="34,41,13,52,65,135,9,19,70,80,20,32,60" hai3="4,54,23,16,35,49,120,86,5,74,64,12,61"/><W58/><G74/><T73/><D46/><U51/><E129/><V21/><F135/><W125/><G35/><T83/><D36/><U39/><E132/><V62/><F41/><W87/><G120/><T1/><D18/><U78/><E102/><V97/><F80/><N who="0" m="30794" /><D1/><U57/><E121/><V0/><F97/><W30/><G125/><T95/><D108/><U82/><E82/><V111/><F111/><W113/><G113/><T133/><D133/><U114/><E114/><V106/><F106/><W115/><G30/><T14/><D14/><U85/><E85/><N who="3" m="32266" /><G115/><T45/><D45/><AGARI ba="1,0" hai="4,5,12,16,23,45,49,54,58,61,64" m="32266" machi="45" ten="30,2900,0" yaku="8,1,54,1" doraHai="119" who="3" fromWho="0" sc="48,-32,346,0,456,0,150,32" /><INIT seed="7,2,0,2,5,110" ten="16,346,456,182" oya="3" hai0="44,47,89,123,135,4,50,40,11,129,45,71,59" hai1="34,132,78,19,62,85,56,94,25,51,100,103,91" hai2="64,81,52,31,17,73,125,116,87,134,0,130,8" hai3="105,112,22,83,67,82,7,68,60,88,121,107,111"/><W3/><G121/><T117/><D89/><U23/><E132/><V48/><F116/><W76/><G111/><T93/><D93/><U35/><E35/><V39/><F39/><W92/><G83/><T54/><D11/><U127/><E127/><V26/><F134/><W43/><G43/><T119/><D4/><U95/><E34/><V126/><F130/><W32/><G32/><T79/><D79/><U63/><E78/><V96/><F73/><W37/><G37/><T38/><D135/><U131/><E131/><V109/><F109/><W108/><G108/><T21/><D21/><U72/><E72/><V133/><F133/><W77/><G77/><T86/><D86/><U75/><E75/><V41/><F64/><W9/><G22/><T13/><D13/><U15/><E95/><V53/><F96/><W98/><REACH who="3" step="1"/><G112/><REACH who="3" ten="16,346,456,172" step="2"/><T69/><D129/><U128/><E128/><V102/><F126/><W65/><G65/><T74/><D74/><AGARI ba="2,1" hai="3,7,9,60,67,68,74,76,82,88,92,98,105,107" machi="74" ten="30,5800,0" yaku="1,1,7,1,54,1,53,0" doraHai="110" doraHaiUra="120" who="3" fromWho="0" sc="16,-64,346,0,456,0,172,74" owari="-48,-55.0,346,15.0,456,55.0,246,-15.0" /></mjloggm>