<mjloggm ver="2.3"><GO type="41" lobby="0"/><UN n0="%E3%82%82%E3%82%8A%E3%82%82%E3%82%8A%E3%82%82%E3%82%8A%E3%82%8A%E3%82%93" n1="%E9%87%8E%E6%9D%91%E3%82%B5%E3%83%83%E3%83%81%E3%83%BC" n2="%6B%75%72%6F%6D%61%74%65" n3="%E2%93%9D%53%75%70%68%78" dan="14,15,14,17" rate="1947.04,1977.57,1920.77,2039.54" sx="M,M,M,M"/><TAIKYOKU oya="0"/><INIT seed="0,0,0,1,0,54" ten="250,250,250,250" oya="0" hai0="98,68,61,48,110,129,23,27,103,44,43,81,17" hai1="80,52,79,65,109,57,88,102,22,40,92,69,91" hai2="99,5,71,59,10,70,53,111,115,77,124,56,13" hai3="38,34,96,86,130,112,7,14,49,101,119,94,24"/><T107/><D129/><U26/><E109/><V78/><F115/><W42/><G119/><T50/><D110/><U37/><E69/><V100/><F111/><W25/><G38/><T9/><D81/><U121/><E121/><V89/><F124/><W16/><G34/><T63/><D68/><U12/><E65/><V46/><F71/><W122/><G7/><T114/><D114/><U123/><E123/><V95/><F70/><W97/><G130/><T66/><D66/><U60/><E12/><V75/><F75/><W33/><G33/><T116/><D116/><U73/><E37/><V84/><F46/><W51/><G97/><T28/><D50/><U76/><E79/><N who="2" m="30219" /><F53/><W0/><G0/><T106/><D106/><U30/><REACH who="1" step="1"/><E40/><REACH who="1" ten="250,240,250,250" step="2"/><V18/><F5/><W55/><G122/><T21/><REACH who="0" step="1"/><D9/><REACH who="0" ten="240,240,250,250" step="2"/><U20/><E20/><V8/><F8/><W127/><G112/><T90/><D90/><U108/><E108/><V19/><F100/><W4/><G101/><T117/><D117/><U125/><E125/><V39/><F39/><W131/><G127/><T35/><D35/><U47/><E47/><V85/><F10/><W132/><G131/><T67/><D67/><U3/><E3/><V45/><F45/><W82/><G42/><T93/><D93/><U105/><E105/><V72/><F95/><W6/><G94/><T1/><D1/><U29/><E29/><V41/><F41/><W36/><G36/><T58/><D58/><U104/><E104/><V120/><F120/><W64/><G64/><T118/><D118/><U126/><E126/><V87/><F59/><RYUUKYOKU ba="0,2" sc="240,15,240,15,250,-15,250,-15" hai0="17,21,23,27,28,43,44,48,61,63,98,103,107" hai1="22,26,30,52,57,60,73,76,80,88,91,92,102" /><INIT seed="0,1,2,3,2,47" ten="255,255,235,235" oya="0" hai0="38,8,102,132,16,46,58,124,43,119,31,42,53" hai1="115,97,66,80,64,98,135,121,67,85,74,35,106" hai2="122,77,26,71,100,84,59,126,51,78,9,25,86" hai3="123,81,22,82,104,114,0,48,105,76,75,129,87"/><T69/><D119/><U45/><E121/><V134/><F122/><W61/><G123/><T17/><D69/><U37/><E74/><V62/><F126/><W94/><G0/><T39/><D124/><U30/><E135/><V88/><F134/><W63/><G114/><T15/><D132/><U93/><E106/><V2/><F71/><W21/><G94/><T91/><D102/><U89/><E115/><V49/><F2/><W110/><G129/><T109/><D109/><U130/><E130/><V57/><F9/><W52/><G110/><T60/><D31/><U128/><E128/><V50/><F100/><W10/><G10/><T116/><D116/><U36/><E98/><V44/><F44/><W24/><G22/><T113/><D113/><U1/><E1/><V68/><F68/><W108/><G105/><T118/><D118/><U3/><E3/><V73/><F73/><W92/><G92/><T99/><D43/><U65/><E45/><V125/><F125/><W55/><G55/><T34/><D34/><U40/><E40/><V131/><F131/><W12/><G104/><T13/><D39/><U103/><N who="1" m="16384" /><DORA hai="19" /><U120/><REACH who="1" step="1"/><E120/><REACH who="1" ten="255,245,235,235" step="2"/><V54/><F86/><W95/><G108/><T41/><D42/><U32/><E32/><V28/><F59/><W112/><G112/><T33/><D33/><U7/><E7/><V14/><F14/><W4/><G12/><N who="0" m="4683" /><D8/><U56/><E56/><V90/><F84/><W83/><G75/><T18/><D99/><U27/><AGARI ba="1,3" hai="27,30,35,36,37,80,85,89,93,97,103" m="16384" machi="27" ten="40,5200,0" yaku="1,1,0,1,53,1" doraHai="47,19" doraHaiUra="20,6" who="1" fromWho="1" sc="255,-27,245,85,235,-14,235,-14" /><INIT seed="1,0,0,3,5,3" ten="228,330,221,221" oya="1" hai0="74,80,111,131,67,27,102,6,128,51,105,20,68" hai1="62,32,19,106,119,109,70,117,130,113,116,78,54" hai2="24,52,125,2,88,11,91,12,99,35,7,30,87" hai3="133,126,59,104,71,44,56,41,16,61,96,107,97"/><U118/><E113/><V65/><F125/><W134/><G71/><T18/><D111/><U17/><E109/><V76/><F76/><W92/><G126/><T38/><D38/><U34/><E130/><V45/><F65/><W36/><G59/><T93/><D105/><U49/><E106/><V84/><F99/><W110/><G97/><T124/><D124/><U9/><E78/><V31/><F31/><W58/><G58/><T48/><D74/><U55/><E119/><V60/><F2/><W23/><G110/><T85/><D93/><U8/><E118/><V29/><F29/><W83/><G83/><T120/><D102/><U95/><E49/><V72/><F72/><W21/><G21/><T46/><D120/><U28/><E95/><V108/><F108/><W101/><G107/><T25/><D25/><U77/><E28/><V14/><F14/><W64/><REACH who="3" step="1"/><G104/><REACH who="3" ten="228,330,221,211" step="2"/><T57/><D68/><U129/><E70/><V66/><F45/><W135/><G135/><T89/><D131/><U5/><E129/><V114/><F114/><W26/><AGARI ba="0,1" hai="16,23,26,36,41,44,56,61,64,92,96,101,133,134" machi="26" ten="30,7900,0" yaku="1,1,0,1,54,1,53,1" doraHai="3" doraHaiUra="13" who="3" fromWho="3" sc="228,-20,330,-39,221,-20,211,89" /><INIT seed="2,0,0,0,2,92" ten="208,291,201,300" oya="2" hai0="99,50,127,114,81,0,109,126,61,113,6,128,35" hai1="30,118,91,122,33,8,25,60,23,68,62,22,7" hai2="1,123,41,34,47,88,44,110,116,72,73,124,16" hai3="10,95,36,70,53,31,63,77,14,37,15,3,32"/><V9/><F123/><W11/><G3/><T54/><D35/><U20/><E118/><V94/><F116/><W103/><G77/><T55/><D0/><U65/><E122/><V39/><F124/><W43/><G43/><T101/><D6/><U12/><E60/><V115/><F115/><W85/><G31/><T96/><D128/><U89/><AGARI ba="0,0" hai="7,8,12,20,22,23,25,30,33,62,65,68,89,91" machi="89" ten="30,1100,0" yaku="0,1" doraHai="92" who="1" fromWho="1" sc="208,-3,291,11,201,-5,300,-3" /><INIT seed="3,0,0,2,0,109" ten="205,302,196,297" oya="3" hai0="5,80,9,28,97,68,22,43,123,36,12,52,13" hai1="65,62,20,78,124,82,29,23,31,16,89,115,30" hai2="17,11,18,24,107,63,81,47,96,83,95,121,60" hai3="33,132,86,45,1,120,57,72,35,117,4,73,39"/><W49/><G117/><T79/><D123/><U102/><E124/><V6/><F121/><W129/><G120/><T131/><D131/><U15/><E89/><V25/><F107/><W113/><G57/><T125/><D125/><U53/><E53/><V75/><F75/><W101/><G86/><T104/><D68/><U59/><E102/><V87/><F47/><W103/><G49/><T90/><D28/><U84/><REACH who="1" step="1"/><E115/><REACH who="1" ten="205,292,196,297" step="2"/><V112/><F112/><W26/><G103/><T10/><D90/><U127/><E127/><V122/><F122/><W114/><G101/><T133/><D133/><U3/><E3/><V98/><F95/><W106/><G132/><T67/><D52/><U46/><E46/><V8/><REACH who="2" step="1"/><F87/><REACH who="2" ten="205,292,186,297" step="2"/><W116/><G114/><T126/><D104/><U119/><E119/><V50/><F50/><W92/><G113/><T34/><D126/><U134/><E134/><V105/><F105/><W69/><G106/><T77/><D97/><U128/><E128/><V108/><F108/><W94/><G129/><T44/><D36/><U21/><AGARI ba="0,2" hai="15,16,20,21,23,29,30,31,59,62,65,78,82,84" machi="21" ten="30,7900,0" yaku="1,1,0,1,8,1,54,1,53,0" doraHai="109" doraHaiUra="38" who="1" fromWho="1" sc="205,-20,292,99,186,-20,297,-39" /><INIT seed="4,0,0,2,2,75" ten="185,391,166,258" oya="0" hai0="97,54,27,63,42,17,46,109,134,11,115,20,2" hai1="26,5,12,90,94,84,18,16,74,25,79,128,59" hai2="15,88,112,126,47,125,67,0,21,95,40,82,100" hai3="93,103,135,132,83,102,3,66,7,33,80,65,107"/><T108/><D134/><N who="3" m="51241" /><G33/><T123/><D123/><U35/><E128/><V6/><F0/><W85/><G107/><T44/><D115/><U58/><E5/><V70/><F112/><W37/><G37/><T24/><D97/><U51/><E35/><V92/><F100/><N who="3" m="38443" /><G93/><T111/><D27/><U41/><E18/><N who="2" m="10463" /><F6/><W30/><G30/><T13/><D2/><U86/><E74/><V23/><F23/><W101/><G101/><T45/><D54/><N who="1" m="32095" /><E41/><V31/><F31/><W19/><G19/><T10/><D63/><U56/><E26/><V116/><F116/><W71/><G71/><T61/><D61/><U76/><E25/><V117/><F117/><W53/><G53/><T81/><D81/><N who="3" m="31305" /><G85/><T124/><D124/><N who="2" m="47722" /><F67/><W120/><G120/><T68/><D68/><U99/><E86/><N who="2" m="50263" /><F70/><W118/><G118/><T38/><REACH who="0" step="1"/><D10/><AGARI ba="0,0" hai="3,7,10,65,66" m="31305,38443,51241" machi="10" ten="30,1000,0" yaku="20,1" doraHai="75" who="3" fromWho="0" sc="185,-10,391,0,166,0,258,10" /><INIT seed="5,0,0,3,0,120" ten="175,391,166,268" oya="1" hai0="38,84,66,49,117,47,110,63,113,86,40,55,7" hai1="76,14,23,29,64,81,25,51,87,107,45,1,35" hai2="61,78,33,123,12,135,77,109,124,121,116,19,96" hai3="57,133,58,50,15,91,62,105,83,71,65,93,131"/><U99/><E1/><V41/><F116/><W16/><G105/><T74/><D74/><U21/><E64/><V115/><F33/><W13/><G131/><T80/><D117/><U90/><E14/><V92/><F41/><W132/><G15/><T94/><D113/><U5/><E5/><V129/><F61/><W52/><G83/><T28/><D28/><U27/><E107/><V79/><F19/><W54/><G71/><T26/><D26/><U68/><E68/><V128/><F12/><W17/><G65/><T88/><D7/><U72/><E99/><V89/><F124/><W31/><G31/><T103/><D110/><U100/><E100/><V34/><F34/><W39/><G39/><T42/><D38/><U101/><E101/><V30/><F30/><W95/><G17/><T104/><D104/><U3/><E25/><V134/><F115/><W70/><G70/><T102/><D102/><U43/><E3/><V122/><F109/><W18/><G18/><T75/><D75/><U127/><E127/><V44/><F44/><W53/><G53/><T8/><D8/><U119/><E119/><V85/><REACH who="2" step="1"/><F96/><REACH who="2" ten="175,391,156,268" step="2"/><W126/><G126/><T67/><D40/><U36/><E35/><V69/><F69/><W118/><G118/><T130/><D42/><U111/><E43/><V37/><F37/><W9/><G133/><AGARI ba="0,1" hai="77,78,79,85,89,92,121,122,123,128,129,133,134,135" machi="133" ten="50,8000,1" yaku="1,1,20,1,34,3,53,0" doraHai="120" doraHaiUra="56" who="2" fromWho="3" sc="175,0,391,0,156,90,268,-80" /><INIT seed="6,0,0,4,1,12" ten="175,391,246,188" oya="2" hai0="91,68,9,120,125,26,81,90,17,97,114,37,108" hai1="42,89,130,111,75,23,5,29,52,112,99,74,87" hai2="59,134,92,115,126,94,79,51,106,63,34,44,77" hai3="72,128,3,98,27,0,61,47,38,105,11,88,118"/><V10/><F106/><W70/><G118/><T45/><D120/><U50/><E111/><V24/><F115/><W129/><G72/><T93/><D114/><U76/><E112/><V53/><F134/><W43/><G27/><T7/><D108/><U100/><E42/><V95/><F126/><W69/><G11/><T32/><D68/><N who="3" m="26217" /><G61/><T101/><D125/><U117/><E5/><V54/><F34/><W46/><G46/><T110/><D110/><U78/><E117/><V67/><F24/><W36/><G36/><T35/><D81/><U1/><E1/><N who="3" m="586" /><G88/><T119/><D119/><U103/><E75/><V73/><F73/><W57/><G57/><T85/><D91/><U15/><E74/><V21/><F21/><W31/><G31/><T102/><D102/><AGARI ba="0,0" hai="38,43,47,98,102,105,128,129" m="586,26217" machi="102" ten="40,1300,0" yaku="23,1" doraHai="12" who="3" fromWho="0" sc="175,-13,391,0,246,0,188,13" /><INIT seed="7,0,0,1,5,79" ten="162,391,246,201" oya="3" hai0="32,84,122,22,98,83,5,95,124,89,62,74,52" hai1="25,40,93,119,23,96,86,16,112,29,45,7,120" hai2="33,129,110,17,77,63,9,1,42,101,3,131,99" hai3="105,53,107,37,106,108,80,82,113,71,28,133,10"/><W126/><G37/><T59/><D122/><U61/><E120/><V55/><F110/><W117/><G117/><T97/><D124/><U56/><E112/><V47/><F33/><W90/><G71/><T15/><D32/><U68/><E68/><V130/><F77/><W111/><G28/><T88/><D74/><U20/><E7/><V8/><F17/><W60/><G133/><T121/><D121/><U134/><E86/><V67/><F55/><W118/><G118/><T66/><D98/><U54/><E119/><V31/><F31/><W135/><G135/><T87/><D97/><U21/><E16/><V57/><F9/><W26/><G26/><T94/><D22/><U38/><E134/><V43/><F8/><W6/><G90/><AGARI ba="0,0" hai="20,21,23,25,29,38,40,45,54,56,61,90,93,96" machi="90" ten="30,1000,0" yaku="7,1" doraHai="79" who="1" fromWho="3" sc="162,0,391,10,246,0,201,-10" owari="162,-34.0,401,50.0,246,5.0,191,-21.0" /></mjloggm>