<mjloggm ver="2.3"><GO type="41" lobby="0"/><UN n0="%53%2E%41%2E%4D" n1="%E2%93%9D%53%75%70%68%78" n2="%65%6C%79%73%69%61" n3="%E3%81%AB%E3%82%87%E3%81%BB%E3%81%AB%E3%82%87%E3%83%9B" dan="15,17,14,14" rate="2022.41,2092.54,1894.34,1937.17" sx="M,M,M,F"/><TAIKYOKU oya="0"/><INIT seed="0,0,0,3,5,100" ten="250,250,250,250" oya="0" hai0="9,8,85,98,131,97,73,91,112,66,126,43,78" hai1="102,60,107,49,86,48,59,28,68,82,52,94,89" hai2="50,34,7,113,6,12,72,105,36,127,75,61,47" hai3="44,120,129,128,83,119,17,3,29,19,30,51,55"/><T27/><D126/><U74/><E68/><V0/><F0/><W63/><G119/><T26/><D112/><U76/><REACH who="1" step="1"/><E28/><REACH who="1" ten="250,240,250,250" step="2"/><V53/><F127/><W65/><G120/><T87/><D131/><U40/><E40/><V67/><F113/><W70/><G128/><T132/><D43/><U2/><E2/><V133/><F133/><W20/><G3/><T122/><D132/><U88/><E88/><V99/><F36/><W11/><G129/><T5/><D91/><U14/><E14/><V77/><F12/><N who="3" m="7327" /><G83/><T38/><D38/><U84/><E84/><V90/><F90/><W35/><G70/><T31/><D31/><U58/><E58/><V134/><F134/><W56/><G35/><T118/><D122/><U23/><E23/><V117/><F34/><W104/><G30/><T92/><D85/><U15/><E15/><V39/><F39/><W81/><G29/><T54/><D87/><U108/><E108/><V13/><F13/><N who="3" m="9327" /><G81/><T46/><D73/><U130/><E130/><V33/><F33/><W64/><G104/><T121/><D121/><U115/><E115/><V10/><F72/><W42/><AGARI ba="0,1" hai="42,44,51,55,56,63,64,65" m="9327,7327" machi="42" ten="30,1100,0" yaku="8,1" doraHai="100" who="3" fromWho="3" sc="250,-5,240,-3,250,-3,250,21" /><INIT seed="1,0,0,3,4,42" ten="245,237,247,271" oya="1" hai0="2,18,51,52,63,83,94,45,23,112,97,46,7" hai1="117,106,114,55,133,28,93,64,126,35,0,24,43" hai2="134,102,89,25,96,9,21,50,44,58,62,1,65" hai3="111,78,31,60,79,84,118,113,48,26,85,36,81"/><U67/><E117/><V73/><F134/><W19/><G113/><T11/><D112/><U37/><E114/><V107/><F73/><W71/><G111/><T80/><D63/><U135/><E106/><V33/><F33/><W29/><G36/><T17/><D17/><U32/><E0/><V72/><F72/><W86/><G71/><T130/><D130/><U91/><E35/><V38/><F38/><W49/><G60/><T34/><D34/><U20/><E55/><V95/><F9/><W120/><G120/><T103/><REACH who="0" step="1"/><D45/><REACH who="0" ten="235,237,247,271" step="2"/><N who="1" m="23791" /><E32/><V82/><F1/><W13/><G118/><T47/><D47/><U88/><E126/><V69/><F69/><W116/><G116/><T92/><D92/><U68/><E93/><V16/><F82/><W125/><G81/><T54/><D54/><U119/><E119/><V66/><F66/><N who="1" m="25129" /><BYE who="2" /><E68/><UN n2="%65%6C%79%73%69%61" /><V6/><F107/><W10/><G125/><T108/><D108/><U15/><E15/><AGARI ba="0,1" hai="2,7,11,15,18,23,46,51,52,80,83,94,97,103" machi="15" ten="30,7700,0" yaku="1,1,7,1,52,1,54,1,53,0" doraHai="42" doraHaiUra="39" who="0" fromWho="1" sc="235,87,237,-77,247,0,271,0" /><INIT seed="2,0,0,2,3,57" ten="322,160,247,271" oya="2" hai0="49,87,27,3,92,28,9,107,112,131,43,22,100" hai1="42,76,102,52,122,18,56,11,65,54,124,19,40" hai2="127,79,8,37,13,67,39,98,17,97,135,16,73" hai3="46,12,20,61,35,89,62,121,95,64,91,94,23"/><V101/><F127/><W70/><G35/><T29/><D112/><U25/><E124/><V0/><F135/><W47/><G70/><T134/><D131/><U132/><E132/><V125/><F125/><W4/><G64/><T10/><D134/><U15/><E122/><V85/><F73/><W33/><G33/><T123/><D123/><U51/><E76/><V105/><F0/><W66/><G66/><T80/><D107/><U117/><E117/><V7/><F98/><W59/><G59/><T82/><D3/><U30/><E18/><V53/><F53/><W86/><G121/><T109/><D109/><U81/><E81/><V108/><F108/><W48/><G4/><T110/><D29/><U60/><E102/><V72/><F72/><W106/><G106/><T118/><D118/><U26/><E54/><V104/><F104/><W111/><G111/><T5/><D110/><U63/><E25/><V129/><F129/><W133/><G133/><T99/><D5/><U103/><E103/><V32/><F32/><W77/><G77/><T128/><D128/><U14/><E14/><V88/><F79/><W115/><G12/><T84/><D80/><U1/><E1/><V50/><F50/><W78/><G78/><N who="0" m="46167" /><D87/><U31/><E31/><V58/><F39/><W71/><G71/><T21/><D49/><U44/><REACH who="1" step="1"/><E60/><REACH who="1" ten="322,150,247,271" step="2"/><N who="3" m="23146" /><G115/><T74/><D74/><U41/><E41/><V34/><F13/><W126/><G126/><T120/><D120/><U38/><E38/><V69/><F37/><W75/><G75/><T116/><D43/><U24/><E24/><V83/><F7/><RYUUKYOKU ba="0,1" sc="322,-10,150,30,247,-10,271,-10" hai1="11,15,19,26,30,40,42,44,51,52,56,63,65" /><INIT seed="3,1,1,4,3,8" ten="312,180,237,261" oya="3" hai0="108,120,20,82,127,74,67,102,83,66,57,0,86" hai1="51,101,49,14,35,129,41,18,45,2,71,12,90" hai2="11,126,9,47,10,21,125,16,15,3,84,42,38" hai3="78,48,26,93,89,124,77,98,4,40,36,104,87"/><W128/><G124/><T31/><D120/><U29/><E2/><V119/><F119/><W39/><G128/><T24/><D0/><U32/><E71/><V79/><F84/><W106/><G39/><T61/><D127/><N who="2" m="48650" /><F79/><W115/><G36/><T130/><D130/><U6/><E129/><V30/><F30/><W76/><G115/><T81/><D108/><U52/><E101/><V118/><F118/><W116/><G116/><T68/><D74/><U80/><E29/><V122/><F122/><W107/><G26/><T123/><D123/><U109/><E109/><V88/><F88/><N who="3" m="55591" /><G48/><T113/><D113/><U110/><E110/><V96/><F96/><W75/><G40/><T46/><D102/><U23/><E35/><V56/><F56/><W135/><G4/><AGARI ba="1,1" hai="3,4,9,10,11,15,16,21,38,42,47" m="48650" machi="4" ten="30,3900,0" yaku="18,1,52,1,54,1" doraHai="8" who="2" fromWho="3" sc="312,0,180,0,237,52,261,-42" /><INIT seed="4,0,0,0,4,18" ten="312,180,289,219" oya="0" hai0="5,83,8,80,69,1,9,124,53,135,85,62,54" hai1="72,93,84,26,121,35,123,106,64,92,61,44,115" hai2="65,108,36,25,30,42,105,56,112,125,28,117,131" hai3="120,67,29,116,94,118,122,128,37,34,109,114,134"/><T82/><D135/><U119/><E119/><N who="3" m="45610" /><G37/><T57/><D124/><U50/><E72/><V2/><F108/><W22/><G67/><T130/><D130/><U19/><E106/><V33/><F117/><W127/><G94/><T89/><D69/><U96/><E115/><V101/><F112/><W46/><G46/><T40/><D40/><U132/><E132/><V76/><F42/><W43/><G43/><T45/><D9/><U27/><E84/><V103/><F36/><W77/><G77/><T58/><REACH who="0" step="1"/><D45/><REACH who="0" ten="302,180,289,219" step="2"/><U52/><E121/><V98/><F125/><W87/><G134/><T3/><D3/><U39/><E123/><V110/><F2/><W99/><G127/><T21/><D21/><U91/><E39/><V63/><F131/><W6/><G128/><T31/><D31/><U111/><E35/><V12/><F28/><W41/><G34/><T15/><D15/><U129/><E129/><V66/><F33/><W81/><G41/><T17/><D17/><U10/><E111/><V0/><F0/><W75/><G109/><T126/><D126/><U16/><E19/><V133/><F110/><W97/><G29/><T60/><AGARI ba="0,1" hai="1,5,8,53,54,57,58,60,62,80,82,83,85,89" machi="60" ten="20,7800,0" yaku="1,1,0,1,7,1,9,1,53,0" doraHai="18" doraHaiUra="11" who="0" fromWho="0" sc="302,88,180,-26,289,-26,219,-26" /><INIT seed="4,1,0,4,5,64" ten="390,154,263,193" oya="0" hai0="50,98,75,77,12,1,113,117,106,42,126,9,135" hai1="49,81,11,31,116,22,82,58,119,55,92,36,114" hai2="87,24,133,37,28,84,2,101,57,111,124,69,3" hai3="121,99,5,131,4,76,93,110,129,53,91,34,88"/><T132/><D117/><U26/><E36/><V20/><F111/><W6/><G110/><T80/><D126/><U115/><E92/><V23/><F37/><W0/><G34/><T16/><D113/><N who="1" m="43019" /><E11/><V45/><F124/><W125/><G125/><T43/><D1/><U79/><E81/><V7/><F101/><W38/><G38/><T29/><D29/><U39/><E39/><V48/><F57/><W14/><G0/><T52/><D106/><U32/><E32/><V67/><F7/><W120/><G76/><T71/><D98/><U59/><E58/><V17/><F133/><N who="0" m="51274" /><D71/><U41/><E41/><V100/><F100/><W68/><G53/><T21/><D9/><U107/><E107/><V25/><F3/><W118/><G91/><T97/><D97/><U30/><E31/><V78/><F78/><W61/><G118/><T56/><AGARI ba="1,0" hai="12,16,21,42,43,50,52,56,75,77,80" m="51274" machi="56" ten="30,6000,0" yaku="20,1,54,2" doraHai="64" who="0" fromWho="0" sc="390,63,154,-21,263,-21,193,-21" /><INIT seed="4,2,0,2,3,110" ten="453,133,242,172" oya="0" hai0="103,116,93,91,115,7,59,52,130,76,94,99,113" hai1="15,47,65,128,108,132,69,30,8,12,74,2,75" hai2="21,40,49,58,0,29,118,71,117,119,72,67,83" hai3="31,100,80,22,124,14,39,104,111,37,62,133,4"/><T55/><D116/><U1/><E108/><V11/><F71/><W129/><G111/><T98/><D130/><U32/><E47/><V63/><F40/><W10/><G129/><T81/><D7/><U135/><E65/><V106/><F49/><W121/><G124/><T134/><D134/><N who="1" m="51243" /><E69/><V5/><F106/><W114/><G133/><T19/><D19/><U16/><E128/><V90/><F21/><W36/><G121/><T84/><REACH who="0" step="1"/><D55/><REACH who="0" ten="443,133,242,172" step="2"/><U60/><E2/><V56/><F118/><W96/><G39/><T127/><D127/><U126/><E1/><V77/><F117/><W44/><G37/><T3/><D3/><U89/><E126/><V125/><F125/><W35/><G4/><T79/><D79/><U41/><E16/><V48/><F119/><W131/><G36/><T86/><D86/><U20/><E74/><V45/><F0/><W38/><G38/><T120/><D120/><U88/><E75/><V68/><F5/><W54/><G54/><T85/><D85/><U109/><E109/><V50/><F72/><W102/><G131/><T66/><D66/><U18/><E18/><V33/><F77/><W92/><G31/><T28/><D28/><U46/><E30/><V23/><F29/><W34/><G96/><T105/><D105/><U61/><E41/><V13/><F67/><W57/><G104/><T43/><D43/><U112/><E15/><V70/><F13/><W27/><G14/><T97/><D97/><U123/><E12/><V73/><F73/><W53/><G53/><T25/><D25/><U17/><E123/><V24/><F24/><RYUUKYOKU ba="2,1" sc="443,30,133,-10,242,-10,172,-10" hai0="52,59,76,81,84,91,93,94,98,99,103,113,115" /><INIT seed="4,3,1,1,5,121" ten="473,123,232,162" oya="0" hai0="45,31,91,130,61,109,132,106,38,119,22,4,54" hai1="53,36,30,77,135,3,62,57,29,123,65,40,111" hai2="48,23,26,6,47,104,105,133,16,32,110,83,33" hai3="134,25,5,55,46,76,86,125,24,73,127,94,10"/><T75/><D119/><U7/><E123/><V71/><F71/><W56/><G73/><T98/><D75/><U27/><E135/><V52/><F133/><W100/><G46/><T128/><D4/><U63/><E77/><V74/><F6/><W42/><G42/><N who="0" m="22743" /><D132/><U92/><E40/><V101/><F110/><W108/><G108/><T44/><D109/><U64/><E36/><V20/><F20/><W15/><G134/><T99/><D91/><U97/><E111/><V79/><REACH who="2" step="1"/><F101/><REACH who="2" ten="473,123,222,162" step="2"/><W93/><G100/><T112/><D22/><U89/><E7/><V117/><F117/><W114/><G125/><T120/><D120/><U37/><E3/><V115/><F115/><W19/><G127/><T107/><D112/><U49/><E37/><V11/><F11/><W21/><G114/><T0/><D0/><U34/><E30/><V69/><F69/><W72/><G72/><T88/><D31/><U18/><E18/><V66/><F66/><W118/><G118/><T8/><D8/><U68/><E68/><V90/><F90/><W12/><G5/><T2/><D2/><U59/><REACH who="1" step="1"/><E65/><REACH who="1" ten="473,113,222,162" step="2"/><V102/><F102/><W39/><G39/><T70/><D70/><U96/><E96/><V58/><F58/><W60/><G19/><T78/><D99/><U82/><E82/><V81/><F81/><W14/><G76/><T50/><D98/><U67/><E67/><V87/><F87/><W129/><G86/><T116/><D116/><U103/><E103/><V13/><F13/><W17/><G15/><T43/><D78/><U1/><E1/><V85/><F85/><RYUUKYOKU ba="3,3" sc="473,-15,113,15,222,15,162,-15" hai1="27,29,34,49,53,57,59,62,63,64,89,92,97" hai2="16,23,26,32,33,47,48,52,74,79,83,104,105" /><INIT seed="5,4,3,5,2,65" ten="458,128,237,147" oya="1" hai0="94,59,111,38,17,134,115,24,86,121,104,133,9" hai1="7,28,69,76,49,54,128,119,127,103,117,61,132" hai2="126,92,82,45,77,36,79,32,110,62,74,14,124" hai3="23,85,35,46,114,89,113,123,90,18,68,75,108"/><U20/><E7/><V107/><F110/><W13/><G108/><T63/><D111/><U31/><E76/><V78/><F107/><W81/><G123/><T120/><D104/><U67/><E128/><V12/><F32/><W125/><G35/><T44/><D115/><N who="3" m="44041" /><G125/><N who="2" m="48233" /><F62/><W64/><G46/><T0/><D0/><U51/><E127/><V109/><F109/><W52/><G75/><T93/><D44/><U87/><E132/><N who="0" m="50793" /><D38/><U8/><E49/><V135/><F135/><W83/><G83/><T48/><D48/><U26/><E28/><V21/><F92/><N who="0" m="35434" /><D86/><U42/><E87/><N who="2" m="48591" /><F21/><W1/><G1/><T60/><D60/><U10/><E42/><N who="2" m="22727" /><F78/><N who="3" m="46263" /><G52/><N who="0" m="34279" /><D9/><U43/><E43/><V40/><F40/><W50/><G50/><T53/><D53/><U27/><E54/><V70/><F79/><W3/><G3/><T71/><D120/><U105/><E51/><V39/><F39/><W66/><G66/><T47/><D121/><U5/><E8/><V33/><F74/><W91/><G64/><T129/><D47/><U58/><E10/><V19/><F33/><W73/><G73/><T41/><D41/><U6/><E67/><V116/><F116/><W16/><G18/><T100/><D17/><U122/><E119/><V96/><F19/><W84/><G84/><T102/><D24/><U88/><E26/><V34/><F34/><W15/><G15/><N who="2" m="5673" /><F96/><W37/><G37/><T2/><D129/><U30/><E117/><V80/><F80/><W29/><G29/><T95/><N who="0" m="35442" /><T4/><DORA hai="112" /><D2/><U101/><E122/><V22/><F22/><W25/><G13/><RYUUKYOKU ba="4,3" sc="458,-15,128,-15,237,15,147,15" hai2="70" hai3="16,23,25,68,89,90,91" /><INIT seed="6,5,3,5,3,55" ten="443,113,252,162" oya="2" hai0="0,42,51,50,72,114,32,124,65,135,81,126,41" hai1="56,66,97,93,116,76,33,109,105,36,88,98,18" hai2="133,22,103,122,130,108,87,125,48,38,16,20,19" hai3="73,74,59,40,127,100,68,86,69,95,31,35,110"/><V30/><F122/><W60/><G110/><T84/><D114/><U131/><E109/><V49/><F108/><W27/><G127/><N who="0" m="48683" /><D0/><U129/><E116/><V118/><F125/><W23/><G40/><N who="0" m="15467" /><D32/><U28/><E36/><V44/><F118/><W82/><G35/><T6/><D6/><U64/><E76/><V25/><F130/><N who="1" m="49673" /><E18/><V37/><F133/><W107/><G107/><T15/><D72/><U53/><E28/><V80/><F103/><W12/><G12/><T117/><D135/><U4/><E4/><V43/><F38/><W11/><G11/><T2/><D2/><U115/><E115/><V5/><F5/><W21/><G21/><T134/><D134/><U70/><E70/><V120/><F120/><W13/><G13/><T7/><D117/><U106/><E33/><V47/><F44/><W58/><G74/><T17/><D7/><U91/><E105/><V99/><F99/><N who="3" m="59519" /><G73/><T101/><D101/><N who="1" m="62775" /><E91/><V113/><F113/><W85/><G69/><T62/><D15/><U46/><E46/><V121/><F121/><W128/><G128/><T1/><D17/><U71/><E71/><V8/><F8/><W63/><G68/><N who="0" m="42039" /><D1/><U94/><E93/><V61/><F30/><W119/><G119/><T57/><D57/><N who="3" m="21513" /><G86/><T26/><D26/><U123/><E123/><V92/><F22/><W29/><G29/><T3/><D3/><U67/><E67/><V10/><F10/><W111/><G111/><T9/><D9/><U39/><E39/><V54/><F37/><W24/><G24/><T14/><D14/><U34/><E34/><V45/><F25/><RYUUKYOKU ba="5,3" sc="443,10,113,10,252,-30,162,10" hai0="50,51,81,84" hai1="53,56,64,66,88,94,97" hai3="23,27,31,60,63,82,85" /><INIT seed="7,6,3,2,3,45" ten="453,123,222,172" oya="3" hai0="92,69,28,127,130,32,111,4,26,21,71,6,75" hai1="15,12,14,46,51,82,67,98,58,115,7,60,63" hai2="62,59,3,119,79,129,121,100,36,104,88,10,34" hai3="54,72,5,13,49,91,113,31,95,86,103,47,80"/><W132/><G113/><T53/><D75/><U105/><E115/><V131/><F119/><W11/><G132/><T37/><D32/><U19/><E105/><V35/><F36/><W106/><G106/><T120/><D37/><U44/><E7/><V23/><F79/><W97/><G72/><T25/><D120/><U74/><E46/><V18/><F121/><W16/><REACH who="3" step="1"/><G31/><REACH who="3" ten="453,123,222,162" step="2"/><T39/><D28/><U52/><E98/><V17/><F129/><W50/><G50/><T22/><D130/><U77/><REACH who="1" step="1"/><E60/><REACH who="1" ten="453,113,222,162" step="2"/><V83/><F131/><W135/><G135/><T24/><D39/><U96/><E96/><V84/><F62/><W65/><G65/><T64/><D64/><U108/><E108/><V55/><F104/><W125/><G125/><T2/><D127/><U99/><E99/><V134/><F134/><W73/><G73/><T70/><D111/><U94/><E94/><V112/><F112/><W27/><G27/><T93/><D26/><U29/><E29/><V122/><F122/><W61/><G61/><T68/><D24/><U128/><E128/><V20/><F83/><W90/><G90/><T30/><D25/><U43/><E43/><V66/><F88/><W126/><G126/><T48/><D93/><U109/><E109/><V81/><F66/><W38/><G38/><T78/><D92/><U102/><E102/><V110/><F100/><W116/><G116/><T124/><D48/><U56/><E56/><V114/><F110/><W117/><G117/><T42/><D124/><U1/><E1/><V76/><F114/><W0/><G0/><T9/><D2/><RYUUKYOKU ba="6,5" sc="453,-15,113,15,222,-15,162,15" hai1="12,14,15,19,44,51,52,58,63,67,74,77,82" hai3="5,11,13,16,47,49,54,80,86,91,95,97,103" /><INIT seed="7,7,5,0,2,110" ten="438,128,207,177" oya="3" hai0="21,113,4,125,57,6,80,33,64,51,65,100,104" hai1="5,103,25,23,35,98,62,91,81,67,14,15,116" hai2="131,52,7,132,74,111,112,106,120,1,9,85,49" hai3="69,71,117,88,128,19,89,86,41,135,3,16,42"/><W58/><G117/><T114/><D33/><U28/><E116/><V34/><RYUUKYOKU type="yao9" ba="7,5" sc="438,0,128,0,207,0,177,0" hai2="1,7,9,34,49,52,74,85,106,111,112,120,131,132" /><INIT seed="7,8,5,4,1,124" ten="438,128,207,177" oya="3" hai0="24,133,91,94,75,109,106,54,2,25,62,66,50" hai1="86,13,37,59,68,79,61,63,31,11,116,72,134" hai2="21,115,85,110,55,132,46,53,95,45,114,89,49" hai3="17,1,74,33,10,126,102,80,82,44,88,48,117"/><W125/><G117/><T111/><D2/><U60/><E72/><V36/><F110/><W30/><G102/><T6/><D106/><U98/><E37/><V42/><F132/><W97/><G33/><T14/><D75/><U69/><E134/><V83/><F21/><W38/><G38/><T52/><D133/><U39/><E39/><V81/><REACH who="2" step="1"/><F55/><REACH who="2" ten="438,128,197,177" step="2"/><N who="3" m="30087" /><G125/><T0/><D54/><U70/><E116/><V96/><F96/><W5/><G126/><T58/><D111/><U131/><E98/><V29/><F29/><W47/><G30/><T34/><D109/><U9/><E31/><V15/><F15/><W40/><G97/><T90/><D34/><U130/><E59/><V32/><F32/><W23/><G74/><T112/><D58/><U76/><E86/><V104/><F104/><W22/><G1/><T105/><D0/><U123/><E123/><V87/><F87/><W8/><G40/><T78/><D105/><U135/><E135/><V127/><F127/><W64/><G10/><N who="1" m="3594" /><E13/><V43/><F43/><W121/><G121/><T100/><D14/><U51/><E51/><V19/><F19/><W7/><G8/><T101/><D52/><U92/><E92/><V12/><F12/><W129/><G82/><AGARI ba="8,6" hai="36,42,45,46,49,53,81,82,83,85,89,95,114,115" machi="82" ten="40,1300,0" yaku="1,1,53,0" doraHai="124" doraHaiUra="67" who="2" fromWho="3" sc="438,0,128,0,197,97,177,-37" owari="438,54.0,128,-37.0,294,9.0,140,-26.0" /></mjloggm>