<mjloggm ver="2.3"><GO type="41" lobby="0"/><UN n0="%6D%6F%6F%6E" n1="%E2%93%9D%53%75%70%68%78" n2="%E5%84%84%E4%B8%87%E7%AC%91%E8%80%85" n3="%E9%AB%AD%E9%AF%A8" dan="15,17,14,15" rate="1994.16,2037.16,1957.92,1945.33" sx="M,M,M,M"/><TAIKYOKU oya="0"/><INIT seed="0,0,0,2,5,110" ten="250,250,250,250" oya="0" hai0="121,70,47,10,73,131,120,126,25,43,104,112,1" hai1="87,77,82,28,81,17,79,35,56,31,13,12,2" hai2="33,11,37,107,54,122,135,98,101,99,92,29,75" hai3="134,130,125,94,52,132,105,64,58,7,88,133,97"/><T22/><D104/><U103/><E2/><V129/><F122/><W21/><G64/><T36/><D126/><U109/><E109/><V128/><F75/><W89/><G125/><T119/><D119/><U78/><E35/><V42/><F42/><W57/><G105/><T65/><D131/><U96/><E56/><V111/><F37/><W116/><G116/><T30/><D112/><U4/><E4/><V55/><F111/><W16/><G130/><N who="2" m="50281" /><F11/><W26/><G7/><T39/><D39/><U80/><E87/><V117/><F117/><W45/><G89/><T84/><D84/><U44/><E44/><V61/><F61/><W41/><REACH who="3" step="1"/><G52/><REACH who="3" ten="250,250,250,240" step="2"/><T106/><D106/><U74/><E74/><V83/><F135/><W95/><G95/><T67/><D73/><U100/><E100/><N who="2" m="60487" /><F83/><W50/><AGARI ba="0,1" hai="16,21,26,41,45,50,57,58,88,94,97,132,133,134" machi="50" ten="30,8000,1" yaku="1,1,0,1,20,1,54,2,53,0" doraHai="110" doraHaiUra="108" who="3" fromWho="3" sc="250,-40,250,-20,250,-20,240,90" /><INIT seed="1,0,0,3,4,112" ten="210,230,230,330" oya="1" hai0="76,87,12,6,34,16,59,105,72,130,1,45,71" hai1="97,14,57,5,13,64,98,95,92,43,52,108,84" hai2="75,56,68,93,22,109,125,85,25,8,106,88,23" hai3="111,27,18,42,82,80,50,135,62,30,117,19,66"/><U107/><E107/><V39/><F68/><W132/><G111/><T119/><D71/><U124/><E124/><V90/><F109/><W35/><G42/><T44/><D105/><U26/><E108/><V118/><F106/><W11/><G50/><T0/><D130/><U129/><E129/><V49/><F39/><W65/><G66/><T110/><D110/><U127/><E127/><V94/><F75/><W58/><G117/><T96/><D34/><U81/><E64/><V3/><F125/><W102/><G102/><T77/><D96/><N who="1" m="36971" /><E26/><V51/><F118/><W47/><G47/><T63/><D72/><U31/><E31/><V99/><F3/><W128/><G128/><T134/><D119/><U61/><E43/><V113/><F113/><W74/><G11/><N who="0" m="6175" /><D1/><U24/><E24/><V10/><F23/><W46/><G46/><N who="0" m="18027" /><D6/><U69/><E69/><V78/><F78/><W131/><G131/><T4/><D0/><U122/><E122/><V17/><F51/><W83/><REACH who="3" step="1"/><G74/><REACH who="3" ten="210,230,230,320" step="2"/><T53/><D4/><U60/><E5/><V101/><F101/><W21/><G21/><T67/><D67/><U33/><E33/><V104/><F104/><W29/><G29/><T7/><D7/><U38/><E38/><V114/><F114/><W40/><G40/><T120/><D120/><U89/><E61/><V79/><F10/><W55/><G55/><T123/><D123/><U15/><AGARI ba="0,1" hai="13,14,15,52,57,60,81,84,89,92,95" m="36971" machi="15" ten="30,3000,0" yaku="8,1,54,1" doraHai="112" who="1" fromWho="1" sc="210,-10,230,40,230,-10,320,-10" /><INIT seed="1,1,0,3,2,104" ten="200,270,220,310" oya="1" hai0="114,94,10,121,45,38,58,100,15,74,82,22,133" hai1="66,93,77,23,130,53,54,118,70,43,120,11,27" hai2="127,19,69,3,25,36,12,55,20,132,32,91,126" hai3="63,103,57,31,1,68,47,62,5,135,109,76,7"/><U111/><E118/><V17/><F36/><W21/><G109/><T42/><D121/><U116/><E116/><V83/><F69/><W40/><G135/><T129/><D114/><U46/><E120/><V89/><F3/><W113/><G113/><T81/><D133/><U84/><E130/><V75/><F132/><W14/><G1/><T51/><D129/><U73/><E66/><V39/><F39/><W26/><G68/><T30/><D30/><U2/><E70/><V102/><F102/><W9/><G103/><T35/><D35/><U99/><E84/><V98/><F98/><W18/><G76/><T64/><D22/><U79/><E79/><V56/><F32/><W88/><G88/><T117/><D117/><U125/><E125/><V0/><F0/><W124/><G124/><T50/><D38/><U96/><E96/><V90/><F126/><W123/><G123/><T106/><D106/><U128/><E111/><V112/><F112/><W41/><G63/><N who="0" m="38007" /><D74/><U119/><E128/><V71/><F71/><W105/><G105/><T61/><D61/><U95/><E119/><V67/><F67/><N who="3" m="39375" /><G47/><N who="0" m="25975" /><D94/><U4/><E95/><V110/><F127/><W59/><G59/><T131/><D100/><U92/><E92/><V34/><F110/><W6/><AGARI ba="1,0" hai="5,6,7,9,14,18,21,26,31,40,41" m="39375" machi="6" ten="30,1100,0" yaku="8,1" doraHai="104" who="3" fromWho="3" sc="200,-4,270,-6,220,-4,310,14" /><INIT seed="2,0,0,4,3,12" ten="196,264,216,324" oya="2" hai0="1,34,102,94,46,66,55,83,5,76,52,68,82" hai1="16,118,84,85,95,51,30,127,47,88,132,73,110" hai2="135,22,57,29,42,39,23,25,18,67,61,54,105" hai3="104,19,100,7,116,32,80,56,126,122,101,128,96"/><V0/><F105/><W21/><G32/><T87/><D34/><U78/><E118/><V13/><F0/><W45/><G122/><T64/><D5/><U26/><E73/><V77/><F135/><W63/><G116/><T58/><D1/><U27/><E110/><V60/><F77/><W33/><G33/><T35/><D35/><U41/><E127/><V15/><F39/><W20/><G126/><T11/><D11/><U133/><E30/><V17/><F42/><W111/><G111/><T40/><D68/><U2/><E2/><V81/><F81/><W48/><G7/><T8/><D8/><U112/><E112/><V74/><F74/><W71/><G71/><T107/><D107/><U62/><E62/><V91/><F91/><W53/><G128/><T37/><D55/><U115/><E115/><V14/><REACH who="2" step="1"/><F29/><REACH who="2" ten="196,264,206,324" step="2"/><W10/><G80/><T75/><D102/><U119/><E119/><V49/><F49/><W9/><G101/><T50/><REACH who="0" step="1"/><D94/><REACH who="0" ten="186,264,206,324" step="2"/><U38/><E95/><V120/><F120/><W97/><G104/><T114/><D114/><U103/><E103/><V59/><AGARI ba="0,2" hai="13,14,15,17,18,22,23,25,54,57,59,60,61,67" machi="59" ten="20,18000,2" yaku="1,1,0,1,7,1,8,1,52,2,53,0" doraHai="12" doraHaiUra="109" who="2" fromWho="2" sc="186,-60,264,-60,206,200,324,-60" /><INIT seed="2,1,0,5,1,81" ten="126,204,406,264" oya="2" hai0="103,122,104,135,109,13,62,11,119,39,108,74,126" hai1="3,117,44,124,102,66,121,131,127,128,55,99,45" hai2="10,72,37,106,51,41,28,101,33,71,21,14,20" hai3="113,84,120,27,73,90,107,88,9,4,57,59,8"/><V54/><F72/><W18/><G120/><T86/><D122/><U69/><E3/><V7/><F71/><W85/><G107/><T100/><D119/><U15/><E15/><V52/><F33/><W105/><G73/><T87/><D39/><U36/><E99/><V116/><F116/><W95/><G105/><T34/><D34/><U83/><E83/><V125/><F125/><N who="1" m="48201" /><E102/><N who="0" m="38953" /><D126/><U111/><E111/><N who="0" m="42569" /><D104/><U61/><E121/><V12/><F101/><W30/><G113/><T70/><D74/><U47/><E117/><V114/><F114/><W35/><G18/><N who="0" m="8511" /><D135/><U93/><E93/><V64/><F106/><W134/><G134/><T89/><D89/><U60/><E36/><V40/><F37/><W76/><G76/><T129/><D129/><N who="1" m="49739" /><E61/><V78/><F78/><W0/><G9/><T16/><D16/><U46/><E46/><V43/><F14/><W118/><G118/><T75/><D75/><U130/><E130/><V32/><F32/><W48/><G48/><AGARI ba="1,0" hai="44,45,47,48,55,60,66,69" m="49739,48201" machi="48" ten="30,7700,0" yaku="18,1,19,1,34,2" doraHai="81" who="1" fromWho="3" sc="126,0,204,80,406,0,264,-80" /><INIT seed="3,0,0,3,1,3" ten="126,284,406,184" oya="3" hai0="109,90,129,12,42,51,95,30,56,58,17,73,92" hai1="100,107,86,70,27,2,121,118,33,14,105,49,104" hai2="57,35,64,38,71,135,72,45,61,74,55,43,77" hai3="54,127,59,8,82,1,65,98,113,68,89,131,34"/><W120/><G113/><T102/><D109/><U48/><E2/><V24/><F77/><W117/><G120/><T88/><D129/><U63/><E121/><V9/><F135/><W36/><G36/><T13/><D73/><U67/><E86/><V23/><F35/><W97/><G117/><T76/><D30/><N who="1" m="19679" /><E14/><V132/><F132/><W46/><G34/><T25/><D76/><U66/><E66/><V62/><F9/><W110/><G110/><T106/><D106/><U83/><E83/><V111/><F111/><W112/><G112/><T20/><D102/><U123/><E123/><V22/><F22/><W4/><G131/><T133/><D133/><U96/><E118/><V37/><F37/><W119/><G119/><T7/><D42/><U80/><E80/><V11/><F11/><W87/><G127/><T32/><D32/><U50/><AGARI ba="0,0" hai="48,49,50,63,67,70,96,100,104,105,107" m="19679" machi="50" ten="30,1100,0" yaku="25,1" doraHai="3" who="1" fromWho="1" sc="126,-3,284,11,406,-3,184,-5" /><INIT seed="4,0,0,5,2,55" ten="123,295,403,179" oya="0" hai0="48,91,41,56,82,64,61,84,15,76,80,73,95" hai1="32,118,93,92,63,119,123,39,134,121,6,124,130" hai2="31,78,106,50,85,71,115,36,109,49,72,88,114" hai3="14,13,20,68,97,83,112,128,54,53,7,133,81"/><T18/><D41/><U105/><E6/><V132/><F109/><W34/><G20/><T67/><D48/><U26/><E39/><V28/><F106/><W22/><G22/><T1/><D1/><U11/><E11/><V40/><F71/><W19/><G97/><T35/><D35/><U113/><E130/><V129/><F129/><W101/><G128/><T46/><D46/><U10/><E10/><V44/><F72/><W87/><G87/><T120/><D120/><U107/><E63/><V58/><F78/><W90/><G19/><T89/><D89/><U62/><E62/><V60/><F132/><W66/><G90/><T51/><D51/><U24/><E32/><V77/><F77/><W116/><G34/><T37/><D37/><U127/><REACH who="1" step="1"/><E113/><REACH who="1" ten="123,285,403,179" step="2"/><N who="2" m="43019" /><F36/><W25/><G112/><T74/><D74/><U104/><E104/><V2/><F2/><W111/><G7/><T135/><D135/><AGARI ba="0,1" hai="24,26,92,93,105,107,118,119,121,123,124,127,134,135" machi="135" ten="25,3200,0" yaku="1,1,22,2,53,0" doraHai="55" doraHaiUra="69" who="1" fromWho="0" sc="123,-32,285,42,403,0,179,0" /><INIT seed="5,0,0,1,5,115" ten="91,327,403,179" oya="1" hai0="2,82,123,7,1,107,54,59,31,26,65,119,118" hai1="101,70,103,128,60,129,21,88,5,46,75,98,106" hai2="32,135,97,37,13,23,28,134,40,74,124,20,15" hai3="8,102,114,67,19,22,24,39,79,29,14,99,127"/><U116/><E5/><V71/><F71/><W95/><G114/><T41/><D107/><U81/><E46/><N who="2" m="23823" /><F74/><W96/><G127/><T92/><D123/><U43/><E43/><V132/><F124/><W93/><G39/><T112/><D65/><U0/><E0/><V48/><F97/><W4/><G67/><T38/><D112/><U55/><E21/><N who="2" m="8267" /><F48/><W108/><G79/><T125/><D92/><U77/><E55/><V89/><F89/><W45/><G45/><T72/><D125/><U126/><E60/><V51/><F51/><W62/><G62/><T63/><D41/><U87/><E70/><V53/><F53/><W50/><G50/><T3/><D38/><U109/><E109/><V27/><AGARI ba="0,0" hai="13,15,27,28,32,132,134,135" m="8267,23823" machi="27" ten="40,1500,0" yaku="20,1" doraHai="115" who="2" fromWho="2" sc="91,-4,327,-7,403,15,179,-4" /><INIT seed="6,0,0,5,3,25" ten="87,320,418,175" oya="2" hai0="65,117,128,97,91,45,79,57,59,132,64,37,28" hai1="74,40,8,2,111,46,112,33,87,18,125,85,116" hai2="95,88,124,100,121,62,61,119,70,75,35,67,3" hai3="80,82,19,34,9,72,12,99,83,94,89,16,11"/><V6/><F119/><W69/><G69/><T1/><D132/><U71/><E111/><V120/><F75/><W73/><G34/><T52/><D117/><U58/><E112/><V21/><F35/><W92/><G73/><T60/><D128/><U108/><E125/><V96/><F124/><W38/><G38/><T114/><D1/><U53/><E108/><V51/><F6/><W76/><G72/><T14/><D114/><U122/><E122/><V32/><F32/><W26/><G76/><T84/><D79/><U77/><E71/><V48/><F3/><W4/><G26/><T43/><D97/><U50/><E33/><V113/><F113/><W123/><G123/><T42/><D42/><U41/><E41/><V131/><F131/><W55/><G55/><T110/><D110/><U24/><E116/><V15/><F62/><W126/><G126/><T106/><D106/><U130/><E130/><V104/><F51/><W17/><G92/><T78/><D14/><AGARI ba="0,0" hai="4,9,11,12,14,16,17,19,80,82,83,89,94,99" machi="14" ten="40,2600,0" yaku="8,1,54,1" doraHai="25" who="3" fromWho="0" sc="87,-26,320,0,418,0,175,26" /><INIT seed="7,0,0,1,3,109" ten="61,320,418,201" oya="3" hai0="30,46,33,62,51,112,50,134,36,114,9,72,86" hai1="122,90,57,108,55,12,100,45,89,54,69,58,60" hai2="24,124,38,101,71,74,116,2,17,47,19,67,29" hai3="81,73,76,91,32,87,43,42,135,102,104,49,94"/><W93/><G32/><T99/><D72/><U82/><E108/><V28/><F116/><W133/><G43/><T105/><D134/><N who="3" m="51209" /><G42/><T84/><D62/><U31/><E122/><V127/><F74/><W63/><G49/><T34/><D9/><U83/><E69/><V123/><F123/><W22/><G63/><T107/><D30/><U6/><E31/><V96/><F2/><W95/><G22/><T56/><D56/><U61/><E100/><V4/><F4/><W11/><G11/><T20/><D20/><U53/><E6/><V21/><F47/><W132/><N who="3" m="51217" /><W115/><DORA hai="14" /><G115/><N who="0" m="44075" /><D99/><AGARI ba="0,0" hai="73,76,81,87,91,93,94,95,99,102,104" m="51217" machi="99" ten="40,12000,1" yaku="24,1,20,1,34,2" doraHai="109,14" who="3" fromWho="0" sc="61,-120,320,0,418,0,201,120" owari="-59,-56.0,320,-8.0,418,52.0,321,12.0" /></mjloggm>