<mjloggm ver="2.3"><GO type="41" lobby="0"/><UN n0="%E2%98%85%E7%AB%9C%E8%99%8E%E2%98%85" n1="%E2%8A%82%28%5E%CF%89%5E%29%E2%8A%83" n2="%4B%6F%75%57%61%6B%6B%79" n3="%E2%93%9D%53%75%70%68%78" dan="13,15,15,18" rate="1871.23,1966.05,1976.68,2095.43" sx="M,M,F,M"/><TAIKYOKU oya="0"/><INIT seed="0,0,0,3,2,122" ten="250,250,250,250" oya="0" hai0="96,123,11,15,124,50,95,125,101,25,115,85,127" hai1="110,5,29,70,22,52,75,126,87,6,63,2,9" hai2="40,47,48,60,92,111,37,99,93,114,104,129,128" hai3="74,72,71,100,17,14,28,8,62,79,16,51,73"/><T38/><D38/><U13/><E75/><V77/><F114/><W112/><G112/><T35/><D115/><U1/><E70/><V27/><F77/><W12/><G28/><N who="0" m="19855" /><D123/><U45/><E126/><V121/><F121/><W56/><G100/><T78/><D50/><U7/><E87/><V98/><F60/><W84/><G71/><T69/><D69/><U32/><E45/><V46/><F104/><W0/><G0/><T66/><D66/><U34/><E63/><V54/><F27/><W3/><G3/><N who="1" m="1034" /><E52/><V86/><F86/><W102/><G102/><T30/><D30/><U106/><E106/><V23/><F23/><W88/><G51/><T76/><D85/><U36/><E36/><V107/><F107/><W120/><G120/><T59/><D59/><U90/><E90/><V49/><F37/><W117/><G79/><T109/><D78/><U26/><E110/><V55/><F40/><W82/><G117/><T91/><D76/><U105/><E105/><V19/><F19/><AGARI ba="0,0" hai="5,6,7,9,13,19,22,26,29,32,34" m="1034" machi="19" ten="30,8000,1" yaku="35,5" doraHai="122" who="1" fromWho="2" sc="250,0,250,80,250,-80,250,0" /><INIT seed="1,0,0,5,1,104" ten="250,330,170,250" oya="1" hai0="107,13,88,0,122,70,30,21,47,123,83,112,14" hai1="76,73,131,102,105,15,40,113,90,134,7,79,33" hai2="117,69,6,18,32,86,118,133,126,97,1,91,49" hai3="106,94,39,132,16,114,5,71,80,34,135,92,62"/><U59/><E113/><V52/><F69/><W12/><G114/><T10/><D112/><U57/><E33/><V22/><F32/><W4/><G106/><T53/><D70/><U87/><E40/><V27/><F126/><W24/><G39/><T35/><D0/><U101/><E131/><V103/><F133/><N who="3" m="51275" /><G80/><T121/><D35/><U100/><E105/><V58/><F6/><N who="3" m="2667" /><G24/><N who="0" m="16655" /><D107/><U36/><E36/><V82/><REACH who="2" step="1"/><F1/><REACH who="2" ten="250,330,160,250" step="2"/><W60/><G34/><T44/><D14/><U19/><E134/><V72/><F72/><W56/><G71/><T42/><D13/><U50/><E73/><V96/><F96/><W77/><G77/><N who="1" m="29770" /><E7/><V98/><F98/><W63/><G56/><T26/><D26/><U75/><E75/><V23/><F23/><AGARI ba="0,1" hai="12,16,23,60,62,63,92,94" m="2667,51275" machi="23" ten="30,2000,0" yaku="20,1,54,1" doraHai="104" who="3" fromWho="2" sc="250,0,330,0,160,-20,250,30" /><INIT seed="2,0,0,0,1,65" ten="250,330,140,280" oya="2" hai0="134,92,61,74,75,45,104,127,109,98,11,54,5" hai1="85,111,122,77,126,18,22,35,69,40,89,132,50" hai2="49,13,119,94,48,58,0,59,29,16,6,118,12" hai3="3,30,102,72,80,131,34,117,46,70,67,108,82"/><V63/><F0/><W41/><G117/><T100/><D109/><U130/><E111/><V116/><F29/><W44/><G44/><T123/><D123/><U21/><E35/><V95/><F6/><W9/><G131/><T78/><D127/><U79/><E69/><V124/><F63/><N who="3" m="40319" /><G82/><T56/><D134/><U64/><E64/><V7/><F7/><N who="3" m="1279" /><G102/><T4/><D78/><U101/><E132/><V39/><F119/><W43/><G43/><T33/><D33/><U88/><E126/><V103/><F103/><W96/><G96/><T31/><D31/><U114/><E130/><V129/><F124/><W53/><G53/><T107/><D45/><U8/><E101/><V25/><F25/><N who="3" m="18767" /><G108/><T37/><D5/><U26/><E8/><V125/><F125/><W90/><G90/><T128/><D128/><U66/><E66/><V133/><F39/><N who="3" m="21823" /><G80/><T76/><D37/><U81/><E122/><V19/><REACH who="2" step="1"/><F129/><REACH who="2" ten="250,330,130,280" step="2"/><W2/><G2/><T14/><D107/><U47/><E26/><V97/><F97/><W1/><G1/><T15/><D104/><U84/><E18/><V38/><F38/><W121/><G121/><T113/><D98/><U106/><E106/><V110/><F110/><W73/><AGARI ba="0,1" hai="72,73" m="21823,18767,1279,40319" machi="73" ten="30,4000,0" yaku="33,2,52,1" doraHai="65" who="3" fromWho="3" sc="250,-10,330,-10,130,-20,280,50" /><INIT seed="3,0,0,3,0,45" ten="240,320,110,330" oya="3" hai0="128,117,22,77,87,6,62,66,51,56,48,132,35" hai1="121,50,36,123,1,7,80,13,96,116,54,25,118" hai2="8,63,73,64,88,102,126,34,113,20,124,4,71" hai3="19,103,32,91,24,14,115,15,30,112,69,65,119"/><W9/><G103/><T44/><D117/><N who="1" m="45163" /><E36/><V104/><F34/><W111/><G119/><T5/><D35/><U38/><E38/><V17/><F73/><W78/><G78/><T100/><D132/><U135/><E135/><V52/><F113/><W105/><G105/><T39/><D39/><U41/><E1/><V106/><F102/><W107/><G107/><T46/><D128/><U31/><E41/><V60/><F106/><W70/><G111/><T122/><D122/><U26/><E96/><V82/><F104/><W129/><G129/><T85/><D100/><U28/><E80/><V43/><F43/><W67/><G91/><T37/><D37/><U99/><E99/><V58/><F82/><W93/><G93/><T18/><D46/><N who="1" m="27991" /><E13/><V0/><REACH who="2" step="1"/><F88/><REACH who="2" ten="240,320,100,330" step="2"/><W74/><G74/><T27/><D44/><U114/><E114/><V120/><F120/><W68/><G115/><T47/><D47/><U127/><E123/><V94/><F94/><W49/><G112/><T61/><D77/><U33/><E121/><V109/><F109/><W133/><G133/><T89/><D85/><U131/><E131/><V98/><F98/><W134/><G134/><T72/><D72/><U81/><E81/><V42/><F42/><W110/><G110/><T3/><D3/><U21/><E127/><V12/><AGARI ba="0,1" hai="0,4,8,12,17,20,52,58,60,63,64,71,124,126" machi="12" ten="30,7900,0" yaku="1,1,0,1,54,1,53,1" doraHai="45" doraHaiUra="55" who="2" fromWho="2" sc="240,-20,320,-20,100,89,330,-39" /><INIT seed="4,0,0,2,5,97" ten="220,300,189,291" oya="0" hai0="47,68,116,28,106,49,121,64,122,29,36,98,50" hai1="39,4,71,135,74,44,75,5,61,115,35,76,109" hai2="77,42,33,95,134,113,2,17,40,130,89,72,90" hai3="21,1,10,41,118,84,27,123,46,37,11,82,54"/><T59/><D116/><U22/><E109/><V117/><F33/><W45/><G118/><T24/><D68/><U87/><E135/><V78/><F2/><W9/><G123/><T133/><D133/><U60/><E35/><V127/><F117/><W69/><G69/><T73/><D73/><U105/><E105/><V100/><F134/><W80/><G1/><T62/><D36/><U67/><E115/><V108/><F108/><W16/><REACH who="3" step="1"/><G84/><REACH who="3" ten="220,300,189,281" step="2"/><T94/><D122/><U91/><E71/><V126/><F72/><W131/><G131/><T30/><D121/><U88/><E74/><V53/><F130/><W93/><G93/><T83/><D106/><U18/><E75/><V0/><F0/><W79/><G79/><T128/><D128/><U13/><E76/><V26/><F77/><W57/><G57/><T66/><D83/><U63/><E87/><V31/><F78/><W55/><G55/><T12/><D47/><U107/><E67/><V43/><F53/><W20/><G20/><T8/><D66/><U15/><E107/><V58/><F58/><W25/><G25/><T6/><REACH who="0" step="1"/><D24/><REACH who="0" ten="210,300,189,281" step="2"/><U110/><E110/><V92/><F26/><W132/><G132/><T99/><D99/><U38/><E44/><V114/><F127/><W23/><G23/><T120/><D120/><U85/><E85/><V51/><F126/><W3/><G3/><T48/><D48/><AGARI ba="0,2" hai="9,10,11,16,21,27,37,41,45,46,48,54,80,82" machi="48" ten="40,2600,0" yaku="1,1,54,1,53,0" doraHai="97" doraHaiUra="102" who="3" fromWho="0" sc="210,-26,300,0,189,0,281,46" /><INIT seed="5,0,0,4,1,100" ten="184,300,189,327" oya="1" hai0="33,69,51,65,4,101,102,47,41,106,105,131,0" hai1="89,9,46,53,44,99,14,37,29,110,48,103,21" hai2="55,77,120,11,31,20,78,133,97,61,93,107,125" hai3="118,34,130,60,74,38,58,63,57,2,95,36,35"/><U66/><E110/><V8/><F120/><W111/><G95/><T114/><D131/><U129/><E129/><V62/><F107/><W81/><G130/><T32/><D114/><U13/><E66/><V49/><F125/><W124/><G81/><T54/><D54/><U82/><E37/><V79/><F133/><W5/><G5/><T122/><D122/><U86/><E44/><V25/><F62/><W26/><G26/><T70/><D51/><U42/><E42/><V1/><F61/><W64/><G2/><T98/><D65/><U121/><E121/><V39/><F1/><W134/><G74/><T113/><D113/><U40/><E40/><V84/><F84/><W123/><G118/><T128/><D128/><U117/><E117/><V90/><REACH who="2" step="1"/><F39/><REACH who="2" ten="184,300,179,327" step="2"/><W76/><G38/><N who="0" m="21943" /><D0/><U94/><E9/><V132/><F132/><W92/><G134/><T6/><D4/><U87/><E86/><V67/><F67/><W56/><G36/><T88/><D6/><U24/><AGARI ba="0,1" hai="13,14,21,24,29,46,48,53,82,87,89,94,99,103" machi="24" ten="30,3000,0" yaku="0,1,8,1" doraHai="100" who="1" fromWho="1" sc="184,-10,300,40,179,-10,327,-10" /><INIT seed="5,1,0,2,4,78" ten="174,340,169,317" oya="1" hai0="47,133,99,35,29,83,69,70,48,82,13,12,110" hai1="102,71,52,26,10,20,16,124,90,97,79,113,104" hai2="27,127,38,50,4,73,89,88,19,23,66,120,28" hai3="11,45,132,86,118,59,91,55,1,61,53,6,115"/><U116/><E116/><V63/><F38/><W46/><G115/><T98/><D35/><U64/><E113/><V123/><F73/><W33/><G33/><T128/><D29/><U25/><E124/><V119/><F119/><W101/><G132/><T62/><D62/><U58/><E71/><V130/><F127/><W105/><G118/><T131/><D47/><U44/><E64/><V43/><F130/><W18/><G105/><T49/><D133/><U75/><E90/><V14/><F4/><W103/><G18/><T8/><REACH who="0" step="1"/><D8/><REACH who="0" ten="164,340,169,317" step="2"/><U3/><E44/><V5/><F123/><W68/><G46/><T122/><D122/><U95/><E104/><V94/><F120/><W107/><G107/><T85/><D85/><U87/><E75/><V0/><F63/><W108/><G45/><T15/><D15/><N who="1" m="9247" /><E10/><N who="2" m="2343" /><F43/><W21/><G11/><T31/><D31/><U30/><E30/><V77/><F28/><W56/><G61/><T134/><D134/><U111/><E111/><AGARI ba="1,1" hai="12,13,48,49,69,70,82,83,98,99,110,111,128,131" machi="111" ten="25,12000,2" yaku="1,1,22,2,52,2,53,2" doraHai="78" doraHaiUra="92" who="0" fromWho="1" sc="164,133,340,-123,169,0,317,0" /><INIT seed="6,0,0,3,5,41" ten="297,217,169,317" oya="2" hai0="115,25,76,46,123,91,67,47,126,53,121,9,24" hai1="36,42,89,111,21,14,39,102,3,6,130,103,55" hai2="11,5,27,60,124,74,77,0,122,30,34,83,114" hai3="116,110,57,68,69,105,32,15,92,52,85,61,56"/><V33/><F122/><W99/><G110/><T133/><D76/><U94/><E111/><V119/><F119/><W93/><G32/><T84/><D67/><U106/><E106/><V64/><F114/><W134/><G105/><T51/><D115/><U31/><E130/><V98/><F98/><W75/><G75/><T45/><D123/><U63/><E3/><V43/><F43/><W28/><G134/><T7/><D121/><U22/><E36/><V117/><F117/><W131/><G28/><T107/><D107/><U65/><E55/><V109/><F109/><W40/><G40/><T12/><D133/><U125/><E125/><V35/><F124/><W59/><G69/><AGARI ba="0,0" hai="0,5,11,27,30,33,34,35,60,64,69,74,77,83" machi="69" ten="30,11600,0" yaku="7,1,33,3" doraHai="41" who="2" fromWho="3" sc="297,0,217,0,169,116,317,-116" /><INIT seed="6,1,0,0,3,49" ten="297,217,285,201" oya="2" hai0="42,131,1,16,71,120,92,126,26,98,17,106,8" hai1="9,57,34,68,67,75,86,133,39,123,73,51,58" hai2="28,22,25,79,99,74,97,108,44,23,66,107,100" hai3="87,91,45,124,96,24,116,77,111,72,37,10,134"/><V94/><F108/><W41/><G116/><T76/><D120/><U101/><E123/><V29/><F74/><W2/><G111/><T14/><D71/><U69/><E34/><V85/><F66/><W105/><G124/><T114/><D126/><U115/><E101/><V63/><F63/><W129/><G24/><T121/><D121/><U119/><E86/><V4/><F4/><W47/><G47/><T113/><D106/><U130/><E9/><V46/><F79/><W52/><G129/><T13/><D1/><U88/><E88/><V15/><F15/><W32/><G134/><T7/><D131/><U117/><E130/><V128/><F85/><W110/><G32/><T27/><D76/><U48/><E133/><V62/><F62/><W6/><G110/><T56/><D42/><U30/><E30/><V122/><F122/><W102/><G77/><T50/><D7/><U54/><E115/><N who="0" m="44041" /><D50/><U43/><E73/><V40/><F40/><W132/><G132/><T18/><D56/><U83/><E83/><V82/><F82/><W3/><G72/><T112/><N who="0" m="44049" /><T33/><DORA hai="20" /><D33/><U135/><E75/><V61/><F61/><W90/><G3/><T103/><D18/><U93/><E93/><V5/><F5/><W78/><REACH who="3" step="1"/><G52/><REACH who="3" ten="297,217,285,191" step="2"/><T65/><D65/><U59/><E135/><V60/><F128/><W80/><AGARI ba="1,1" hai="2,6,10,37,41,45,78,80,87,90,91,96,102,105" machi="80" ten="30,7900,0" yaku="1,1,2,1,0,1,53,1" doraHai="49,20" doraHaiUra="12,35" who="3" fromWho="3" sc="297,-21,217,-21,285,-40,191,92" /><INIT seed="7,0,0,2,1,74" ten="276,196,245,283" oya="3" hai0="55,95,88,92,112,118,133,132,79,115,21,83,26" hai1="122,82,67,125,5,43,84,93,34,51,37,96,80" hai2="76,3,128,56,60,49,1,4,53,48,90,94,72" hai3="57,6,22,119,129,64,77,20,123,0,100,38,117"/><W59/><G100/><T10/><D118/><U97/><E122/><V41/><F128/><W16/><G38/><T127/><D127/><U131/><E37/><V120/><F120/><W23/><G123/><T124/><D124/><U105/><E125/><V110/><F110/><W98/><G98/><N who="1" m="37994" /><E34/><V63/><F4/><W85/><G129/><T8/><D55/><U87/><E131/><V35/><F35/><W116/><G64/><T46/><D46/><N who="1" m="26079" /><E105/><V62/><F1/><W70/><G70/><T71/><D71/><U58/><E5/><V66/><F3/><W65/><G6/><T106/><D106/><U130/><E130/><V78/><F72/><W27/><G0/><T103/><D103/><U17/><E17/><V24/><F24/><W89/><G27/><T113/><D10/><U42/><E42/><V50/><F41/><W68/><G16/><N who="0" m="12583" /><D8/><U109/><E109/><V39/><F39/><W121/><G121/><T44/><D44/><U25/><E25/><V52/><F66/><W135/><G65/><T73/><D88/><N who="1" m="53383" /><E87/><N who="2" m="52575" /><F53/><W15/><G119/><T19/><D19/><U45/><E45/><V9/><F9/><W33/><G117/><T104/><D104/><U114/><E114/><V47/><F47/><W29/><G116/><T31/><D31/><U13/><E13/><V2/><F2/><W36/><G29/><T30/><D30/><U86/><E86/><V40/><F40/><W32/><G36/><T69/><D69/><U108/><E108/><V75/><F75/><W81/><G68/><T111/><D111/><U7/><E7/><V28/><F28/><RYUUKYOKU ba="0,0" sc="276,10,196,10,245,10,283,-30" hai0="73,79,83,92,95,112,113,115,132,133" hai1="58,67,80,82" hai2="48,49,50,52,56,60,62,63,76,78" /><INIT seed="8,1,0,4,2,71" ten="286,206,255,253" oya="0" hai0="99,3,75,45,44,106,26,17,102,15,97,96,58" hai1="65,64,21,73,55,14,117,35,133,112,109,105,22" hai2="79,135,123,5,23,111,98,46,60,8,38,42,32" hai3="9,69,37,126,114,95,68,51,78,20,16,83,84"/><T54/><D3/><U11/><E109/><V87/><F32/><W81/><G114/><T40/><D75/><U90/><E112/><V30/><F111/><W122/><G37/><T129/><D26/><U124/><E35/><V76/><F123/><W130/><G130/><T101/><D129/><U88/><E117/><V66/><F135/><W50/><G126/><T39/><D45/><U128/><E128/><V48/><F98/><W59/><G69/><T28/><D28/><U131/><E131/><V91/><F23/><N who="1" m="8713" /><E105/><V67/><F30/><W82/><G68/><T43/><D43/><U113/><E73/><V27/><F27/><W36/><G36/><T18/><D15/><U118/><E118/><V121/><F38/><W63/><G9/><T100/><REACH who="0" step="1"/><D106/><REACH who="0" ten="276,206,255,253" step="2"/><U29/><E113/><V80/><F121/><W132/><G122/><T72/><D72/><U119/><E119/><V116/><F116/><W0/><G0/><T34/><D34/><U49/><E29/><V70/><F67/><N who="1" m="25673" /><E124/><V104/><F104/><W62/><G132/><T31/><D31/><U6/><E133/><V53/><F42/><W19/><G20/><T120/><D120/><U1/><E1/><AGARI ba="1,1" hai="1,5,8,46,48,53,60,66,70,76,79,80,87,91" machi="1" ten="30,1000,0" yaku="7,1" doraHai="71" who="2" fromWho="1" sc="276,0,206,-13,255,23,253,0" /><INIT seed="9,0,0,1,1,45" ten="276,193,278,253" oya="1" hai0="9,36,52,10,122,63,89,95,94,131,3,24,67" hai1="20,50,93,110,28,105,127,113,64,134,128,12,48" hai2="33,135,41,108,38,124,13,23,114,116,61,103,5" hai3="60,6,62,16,90,69,68,55,25,87,88,133,109"/><U121/><E105/><V104/><F33/><W130/><G109/><T15/><D36/><U106/><E106/><V77/><F108/><W39/><G39/><T111/><D111/><U132/><E110/><V51/><F38/><W96/><G6/><T21/><D3/><U126/><E121/><V14/><F103/><W91/><G130/><T27/><D122/><U57/><E113/><V31/><F104/><W70/><G133/><N who="1" m="51306" /><E93/><V7/><F77/><W66/><G96/><T73/><D73/><U84/><E84/><V17/><F114/><W58/><REACH who="3" step="1"/><G87/><REACH who="3" ten="276,193,278,243" step="2"/><T92/><D131/><U34/><E128/><V98/><F5/><W56/><G56/><N who="0" m="35207" /><D67/><U125/><E64/><V1/><F98/><W22/><AGARI ba="0,1" hai="16,22,25,55,58,60,62,66,68,69,70,88,90,91" machi="22" ten="30,8000,1" yaku="1,1,0,1,54,2,53,1" doraHai="45" doraHaiUra="53" who="3" fromWho="3" sc="276,-20,193,-40,278,-20,243,90" owari="256,-14.0,153,-35.0,258,6.0,333,43.0" /></mjloggm>