<mjloggm ver="2.3"><GO type="41" lobby="0"/><UN n0="%E2%93%9D%53%75%70%68%78" n1="%E8%8A%B9%E6%91%98" n2="%E3%82%AB%E3%83%A0%E3%83%AD%E3%83%BB%E3%83%AC%E3%82%A4" n3="%33%E6%9C%88%E3%81%AE%E3%82%B7%E3%83%A7%E3%82%A6%E3%82%BF" dan="18,14,14,13" rate="2090.84,1904.88,1935.27,1956.02" sx="M,M,M,M"/><TAIKYOKU oya="0"/><INIT seed="0,0,0,3,5,63" ten="250,250,250,250" oya="0" hai0="91,109,70,1,90,26,30,128,3,33,100,120,106" hai1="40,31,32,71,74,39,38,102,6,46,14,10,53" hai2="35,89,111,114,95,55,72,93,104,48,52,67,133" hai3="117,132,62,23,27,12,135,126,119,29,96,122,4"/><T34/><D120/><U110/><E74/><V125/><F114/><W65/><G96/><T8/><D128/><U47/><E110/><V73/><F104/><W101/><G101/><T13/><D34/><U77/><E102/><V84/><F35/><W105/><G105/><T87/><D91/><U19/><E77/><V79/><F125/><W81/><G81/><T94/><D109/><U20/><E71/><V0/><F0/><W116/><G126/><T107/><D107/><U49/><E32/><V22/><F133/><W85/><G85/><T124/><D124/><U41/><E31/><V15/><F111/><W83/><G83/><T60/><D13/><U59/><E20/><V50/><F79/><W112/><G112/><T97/><D8/><U58/><E58/><V25/><F15/><W28/><G28/><T42/><D42/><U121/><E121/><V80/><F72/><W43/><G43/><T11/><D11/><U130/><E130/><V54/><F67/><AGARI ba="0,0" hai="1,3,26,30,33,60,67,70,87,90,94,97,100,106" machi="67" ten="40,7700,0" yaku="25,2,52,1" doraHai="63" who="0" fromWho="2" sc="250,77,250,0,250,-77,250,0" /><INIT seed="0,1,0,2,5,127" ten="327,250,173,250" oya="0" hai0="4,113,98,94,74,28,3,115,130,61,119,12,50" hai1="110,65,100,5,117,125,17,67,48,13,27,26,1" hai2="34,47,81,62,71,51,69,8,42,75,56,104,20" hai3="54,38,93,92,59,55,31,77,15,58,82,76,106"/><T87/><D74/><U23/><E117/><V95/><F104/><W44/><G106/><T30/><D3/><U105/><E110/><V99/><F34/><W66/><G31/><T107/><D119/><U32/><E125/><V79/><F20/><W52/><G15/><T11/><D107/><U14/><E105/><V103/><REACH who="2" step="1"/><F8/><REACH who="2" ten="327,250,163,250" step="2"/><W40/><G77/><T88/><D115/><U18/><E32/><V97/><F97/><W45/><G45/><T121/><D113/><U0/><E100/><V108/><F108/><W2/><G44/><T122/><D98/><U46/><E46/><V36/><F36/><W70/><G76/><T60/><D122/><U101/><E101/><V49/><F49/><W111/><G38/><T33/><D121/><U114/><E48/><V22/><F22/><W73/><G111/><T126/><D126/><U57/><E114/><V120/><F120/><W19/><G40/><T102/><D102/><U9/><E23/><V21/><F21/><W129/><G70/><T7/><D33/><U29/><E9/><V10/><F10/><W133/><G59/><T80/><D50/><U72/><E57/><V16/><F16/><W41/><G41/><T63/><D7/><U53/><E5/><V89/><F89/><W64/><G58/><T24/><D24/><U43/><E43/><V84/><F84/><W90/><G19/><T35/><D35/><U91/><E91/><V132/><F132/><W25/><G133/><T6/><D6/><U78/><E78/><V124/><F124/><W109/><G109/><T135/><D135/><U86/><E27/><RYUUKYOKU ba="1,1" sc="327,-10,250,-10,163,30,250,-10" hai2="42,47,51,56,62,69,71,75,79,81,95,99,103" /><INIT seed="1,2,1,0,1,69" ten="317,240,193,240" oya="1" hai0="101,65,83,131,36,61,105,76,35,20,79,118,84" hai1="95,46,39,40,78,1,93,113,124,128,24,45,87" hai2="55,77,57,56,29,4,90,129,11,70,28,126,34" hai3="12,112,51,43,16,59,103,119,67,7,99,37,63"/><U73/><E113/><V13/><F70/><W117/><G112/><T5/><D35/><U111/><E124/><V89/><F126/><W18/><G51/><T100/><D118/><N who="3" m="45065" /><G7/><T130/><D5/><U8/><E128/><N who="0" m="49193" /><D20/><U19/><E111/><V54/><F129/><W109/><G109/><T17/><D17/><U27/><E46/><V21/><F34/><W9/><G18/><T82/><D36/><U75/><E75/><V74/><F74/><W96/><G103/><N who="0" m="39499" /><D61/><U10/><E87/><V68/><F68/><W47/><AGARI ba="2,1" hai="9,12,16,37,43,47,59,63,67,96,99" m="45065" machi="47" ten="30,4000,0" yaku="12,1,52,1,54,1" doraHai="69" who="3" fromWho="3" sc="317,-12,240,-22,193,-12,240,56" /><INIT seed="2,0,0,5,5,86" ten="305,218,181,296" oya="2" hai0="41,77,88,97,48,43,87,31,60,36,23,123,81" hai1="70,135,66,16,56,34,0,106,42,8,35,107,80" hai2="71,5,111,40,85,74,6,78,58,32,2,132,21" hai3="96,39,37,89,19,84,93,127,44,24,65,122,100"/><V51/><F71/><W79/><G122/><T61/><D36/><U112/><E112/><V83/><F32/><W9/><G127/><T90/><D123/><U25/><E42/><N who="0" m="15881" /><D48/><U62/><E135/><V54/><F132/><W63/><G79/><T98/><D98/><U15/><E70/><V131/><F131/><W76/><G76/><T129/><D97/><U10/><E80/><V117/><F117/><W110/><G110/><T124/><D124/><U75/><E75/><V20/><F111/><W130/><G44/><T26/><D129/><U59/><E59/><V4/><F2/><W3/><G3/><T116/><D116/><U91/><E8/><V12/><F40/><W104/><G130/><T69/><D69/><U27/><E0/><V46/><F74/><W103/><G103/><T64/><D64/><U115/><E115/><V38/><F38/><W134/><G134/><T67/><D67/><U105/><E35/><V92/><F46/><W22/><REACH who="3" step="1"/><G9/><REACH who="3" ten="305,218,181,286" step="2"/><T109/><D109/><U14/><E34/><V13/><F92/><W53/><G53/><T30/><D30/><U1/><E1/><V28/><F28/><W55/><G55/><T108/><D108/><U72/><E72/><V125/><F125/><W73/><G73/><T7/><D7/><U113/><E113/><V101/><F101/><W49/><G49/><T114/><D114/><U33/><E33/><V29/><F29/><W118/><G118/><T82/><D82/><U47/><E47/><V57/><F57/><AGARI ba="0,1" hai="19,22,24,37,39,57,63,65,84,89,93,96,100,104" machi="57" ten="30,3900,0" yaku="1,1,7,1,52,1,53,0" doraHai="86" doraHaiUra="119" who="3" fromWho="2" sc="305,0,218,0,181,-39,286,49" /><INIT seed="3,0,0,1,2,59" ten="305,218,142,335" oya="3" hai0="34,67,119,17,124,118,7,11,112,21,109,82,107" hai1="14,84,133,43,88,80,25,4,121,53,106,6,26" hai2="49,125,93,115,60,5,120,46,113,127,81,90,20" hai3="38,28,13,44,99,75,110,87,12,77,68,41,24"/><W103/><G75/><T131/><D107/><U23/><E121/><V40/><F5/><W0/><G0/><T104/><D104/><U129/><E106/><V51/><F81/><W89/><G77/><T130/><D67/><U42/><E133/><V50/><F20/><W37/><G37/><T122/><D82/><U128/><E53/><V9/><F9/><W79/><G68/><T15/><D124/><N who="2" m="47690" /><F90/><W85/><G85/><T57/><D57/><U18/><E128/><N who="0" m="49193" /><D122/><U22/><E129/><V134/><F93/><W74/><G110/><T114/><D34/><U97/><E97/><V29/><F29/><W63/><G79/><T123/><D109/><U30/><E6/><V39/><F120/><W100/><G74/><T76/><D76/><U48/><E48/><V61/><F134/><W55/><G89/><T132/><D123/><U83/><E83/><V35/><F35/><W95/><G87/><T10/><D132/><U108/><E108/><V56/><F56/><N who="3" m="35231" /><G103/><T3/><D11/><AGARI ba="0,0" hai="4,11,14,18,22,23,25,26,30,42,43,80,84,88" machi="11" ten="40,2600,0" yaku="8,1,54,1" doraHai="59" who="1" fromWho="0" sc="305,-26,218,26,142,0,335,0" /><INIT seed="4,0,0,1,4,49" ten="279,244,142,335" oya="0" hai0="58,11,124,95,100,117,108,69,105,73,84,107,42" hai1="32,18,120,76,134,87,23,65,115,30,31,52,22" hai2="116,119,35,67,128,106,38,2,81,36,112,15,68" hai3="96,10,4,29,37,110,45,44,78,86,80,97,34"/><T72/><D69/><U132/><E120/><V61/><F2/><W14/><G110/><T12/><D42/><U135/><E65/><V98/><F128/><W1/><G45/><T51/><D117/><U92/><E32/><V103/><F15/><W55/><G37/><T20/><D124/><U5/><E5/><V8/><F8/><W28/><G34/><T91/><D108/><U94/><E115/><V82/><F82/><W40/><G1/><T89/><D100/><U33/><E33/><V75/><F112/><W102/><G40/><T46/><D107/><U16/><E76/><N who="2" m="44191" /><F35/><W77/><G77/><T88/><D105/><U99/><E87/><V125/><F125/><W101/><G97/><T21/><D73/><U93/><E99/><V79/><F79/><W127/><G127/><T114/><D72/><U25/><E52/><V47/><F47/><W109/><G96/><T129/><D129/><U59/><E59/><V27/><F27/><AGARI ba="0,0" hai="16,18,22,23,25,27,30,31,92,93,94,132,134,135" machi="27" ten="50,6400,0" yaku="9,1,20,1,54,1" doraHai="49" who="1" fromWho="2" sc="279,0,244,64,142,-64,335,0" /><INIT seed="5,0,0,1,5,120" ten="279,308,78,335" oya="1" hai0="99,114,62,124,93,46,10,56,105,49,102,73,26" hai1="47,80,109,121,17,70,57,1,38,71,34,42,110" hai2="130,77,111,63,28,19,89,98,18,27,100,90,72" hai3="66,4,97,12,103,50,45,107,74,116,8,61,127"/><U79/><E1/><V112/><F130/><W29/><G74/><T64/><D114/><U128/><E121/><V106/><F112/><W67/><G127/><T24/><D124/><U35/><E57/><V53/><F72/><W43/><G116/><T101/><D73/><N who="1" m="43119" /><E17/><V13/><F77/><W55/><G29/><T78/><D78/><U39/><E39/><V104/><F104/><W21/><G21/><T58/><D58/><U59/><E59/><V40/><F40/><W122/><G122/><T115/><D115/><U131/><E35/><V31/><F31/><W48/><G61/><T20/><D10/><U87/><E34/><V36/><F36/><W14/><G14/><T84/><D105/><U123/><E123/><V22/><F19/><W5/><G5/><T15/><D102/><U51/><E51/><V32/><F63/><W25/><G25/><T37/><D37/><U82/><E87/><V33/><F53/><W41/><G41/><N who="0" m="24783" /><D84/><U60/><E82/><V44/><F44/><AGARI ba="0,0" hai="4,8,12,43,44,45,48,50,55,66,67,97,103,107" machi="44" ten="30,1000,0" yaku="7,1" doraHai="120" who="3" fromWho="2" sc="279,0,308,0,78,-10,335,10" /><INIT seed="6,0,0,1,4,4" ten="279,308,68,345" oya="2" hai0="5,119,94,47,64,49,122,61,95,133,80,36,132" hai1="65,75,22,106,79,124,38,20,109,51,50,54,2" hai2="98,0,85,8,76,69,117,41,120,60,74,101,62" hai3="44,88,92,19,48,21,86,53,12,82,105,10,52"/><V45/><F120/><W131/><G131/><T34/><D34/><U97/><E109/><V73/><F117/><W118/><G105/><T30/><D30/><U58/><E38/><V126/><F126/><W6/><G118/><T81/><D36/><U43/><E124/><V37/><F85/><W129/><G129/><T114/><D114/><U46/><E2/><V39/><F39/><W13/><G92/><N who="0" m="35371" /><D119/><U72/><E65/><V57/><F69/><W24/><G24/><T55/><D5/><U16/><E22/><V93/><F57/><W84/><G84/><T102/><D102/><U83/><E106/><V100/><F100/><W77/><G77/><T91/><D91/><U23/><E23/><V130/><F130/><W67/><G67/><T99/><D99/><U59/><E97/><V68/><F68/><W66/><G66/><T26/><D26/><U125/><E125/><V115/><F115/><W27/><G27/><T110/><D122/><U111/><E111/><V78/><F78/><W35/><G35/><T134/><D110/><U113/><E113/><V33/><F33/><W127/><G127/><T96/><D96/><U11/><E59/><AGARI ba="0,0" hai="47,49,55,59,61,64,80,81,132,133,134" m="35371" machi="59" ten="30,1000,0" yaku="20,1" doraHai="4" who="0" fromWho="1" sc="279,10,308,-10,68,0,345,0" /><INIT seed="7,0,0,3,3,120" ten="289,298,68,345" oya="3" hai0="126,19,61,11,13,88,104,77,64,45,69,101,24" hai1="68,102,26,80,105,109,54,1,100,22,25,48,4" hai2="128,27,17,35,58,79,32,66,99,92,28,8,16" hai3="9,71,110,123,107,60,6,44,132,121,75,31,40"/><W37/><G110/><T76/><D126/><U122/><E122/><V114/><F114/><W116/><G116/><T20/><D104/><U43/><E68/><V96/><F128/><W130/><G132/><T135/><D101/><U134/><E134/><V125/><F125/><W73/><G31/><T38/><D135/><U127/><E127/><V133/><F133/><W112/><G107/><T34/><D34/><U0/><E43/><V18/><F35/><W89/><G89/><T59/><D69/><U30/><E80/><V106/><F79/><W124/><G112/><T94/><D45/><U84/><E84/><V15/><F106/><W117/><G130/><T55/><D38/><U119/><E109/><V33/><F33/><W86/><G86/><T57/><D57/><U49/><E119/><V90/><F99/><W67/><G117/><T93/><D64/><U51/><E54/><V62/><F32/><W113/><G113/><T39/><D39/><U131/><E131/><V98/><F98/><W70/><G70/><T41/><D41/><U97/><E102/><V21/><REACH who="2" step="1"/><F90/><REACH who="2" ten="289,298,58,345" step="2"/><W74/><G124/><T53/><D94/><U118/><E118/><V2/><F2/><AGARI ba="0,1" hai="2,6,9,37,40,44,60,67,71,73,74,75,121,123" machi="2" ten="40,3900,0" yaku="23,2" doraHai="120" who="3" fromWho="2" sc="289,0,298,0,58,-39,345,49" owari="289,-11.0,298,10.0,19,-48.0,394,49.0" /></mjloggm>