<mjloggm ver="2.3"><GO type="41" lobby="0"/><UN n0="%E2%93%9D%53%75%70%68%78" n1="%E3%82%8C%E3%81%8A%E3%81%97%E3%82%87%E3%81%86" n2="%64%62%79%79%64%73" n3="%E7%88%86%E9%87%A3%E9%9B%80%E5%A3%AB" dan="18,13,13,13" rate="2110.32,1850.62,1867.22,1899.40" sx="M,M,M,M"/><TAIKYOKU oya="0"/><INIT seed="0,0,0,4,3,111" ten="250,250,250,250" oya="0" hai0="75,33,134,132,99,1,68,22,44,128,26,12,34" hai1="100,57,40,14,76,23,69,42,118,94,97,95,51" hai2="66,90,53,133,31,83,82,62,9,5,67,131,13" hai3="98,117,54,32,72,63,126,71,101,115,27,85,30"/><T110/><D75/><U55/><E118/><V48/><F133/><N who="0" m="51306" /><D44/><U78/><E69/><V28/><F131/><W46/><G117/><T106/><D68/><U61/><E95/><V103/><F103/><W52/><G72/><T127/><D99/><U70/><E70/><V109/><F109/><W18/><G126/><T91/><D91/><U130/><E130/><V129/><F129/><W74/><G74/><T21/><D106/><U86/><E86/><V119/><F119/><W10/><G85/><T45/><D45/><U92/><E92/><V25/><F90/><W121/><G121/><T36/><D36/><U120/><E120/><V11/><F67/><N who="3" m="41471" /><G46/><T125/><D1/><U108/><E108/><V104/><F104/><N who="3" m="63543" /><G115/><T65/><D65/><U16/><REACH who="1" step="1"/><E51/><REACH who="1" ten="250,240,250,250" step="2"/><V38/><F48/><W124/><G124/><N who="0" m="47691" /><D128/><U56/><E56/><V29/><F38/><W87/><G87/><T2/><D110/><U105/><E105/><V4/><F66/><W73/><G73/><T7/><D2/><U96/><E96/><V113/><F83/><W112/><G112/><T84/><D84/><U80/><E80/><V35/><F113/><W64/><G64/><T89/><D89/><U19/><E19/><V59/><F82/><W24/><G18/><N who="0" m="10439" /><D7/><U114/><E114/><V88/><F88/><W79/><G79/><AGARI ba="0,1" hai="14,16,23,40,42,55,57,61,76,78,79,94,97,100" machi="79" ten="40,8000,1" yaku="1,1,8,1,54,1,53,1" doraHai="111" doraHaiUra="49" who="1" fromWho="3" sc="250,0,240,90,250,0,250,-80" /><INIT seed="1,0,0,1,4,70" ten="250,330,250,170" oya="1" hai0="132,0,95,82,6,15,18,120,3,29,16,69,76" hai1="17,2,60,51,107,80,57,119,133,40,103,35,9" hai2="53,87,13,130,134,117,20,115,73,59,47,116,43" hai3="104,96,34,39,90,93,135,114,71,131,50,67,97"/><U38/><E119/><V33/><F33/><W64/><G114/><T24/><D69/><U84/><E133/><V27/><F73/><W112/><G112/><T22/><D132/><U54/><E35/><V102/><F115/><W7/><G135/><T109/><D95/><U45/><E103/><V89/><F134/><W118/><G34/><T28/><D82/><U126/><E126/><V11/><F102/><W65/><G7/><T49/><D49/><U124/><E124/><V63/><F130/><W77/><G131/><T46/><D46/><U128/><E107/><V42/><F117/><W121/><G121/><T110/><D76/><U30/><E30/><N who="0" m="11881" /><D6/><U56/><E56/><V100/><F100/><W25/><G77/><T23/><D120/><U86/><E86/><V19/><F47/><W36/><G71/><T92/><D92/><U37/><E128/><V4/><REACH who="2" step="1"/><F116/><REACH who="2" ten="250,330,240,170" step="2"/><W88/><G104/><T83/><D83/><AGARI ba="0,1" hai="4,11,13,19,20,27,42,43,53,59,63,83,87,89" machi="83" ten="30,7700,0" yaku="1,1,2,1,7,1,8,1,53,0" doraHai="70" doraHaiUra="32" who="2" fromWho="0" sc="250,-77,330,0,240,87,170,0" /><INIT seed="2,0,0,1,3,26" ten="173,330,327,170" oya="2" hai0="133,117,47,111,95,77,17,76,119,130,10,5,71" hai1="7,72,6,84,48,104,12,25,1,65,92,89,41" hai2="22,67,110,38,122,0,103,81,105,59,53,66,108" hai3="16,3,118,30,62,45,57,124,36,63,50,49,19"/><V87/><F38/><W14/><G3/><T56/><D71/><U58/><E104/><V99/><F122/><W96/><G118/><N who="0" m="45067" /><D111/><N who="2" m="42538" /><F0/><W134/><G124/><T64/><D130/><U24/><E72/><V98/><F98/><W51/><G134/><T88/><D17/><U55/><E1/><V68/><F68/><W85/><G36/><T79/><D47/><U15/><E65/><V132/><F132/><W61/><G45/><T32/><D32/><U46/><E7/><V4/><F4/><W93/><G85/><N who="0" m="52623" /><D133/><U27/><REACH who="1" step="1"/><E6/><REACH who="1" ten="173,320,327,170" step="2"/><V20/><F67/><W43/><G43/><T126/><D126/><U97/><E97/><V35/><F66/><W44/><G44/><T115/><D64/><U128/><E128/><V125/><F125/><W107/><G107/><T73/><D73/><U113/><E113/><V40/><F40/><W75/><G75/><T82/><D115/><U90/><E90/><N who="2" m="51567" /><F35/><W101/><G57/><T21/><D56/><U129/><E129/><V23/><F23/><W78/><G78/><T120/><D21/><U29/><E29/><V127/><F127/><W102/><G30/><T86/><D120/><U114/><E114/><V18/><F18/><N who="3" m="6699" /><G14/><AGARI ba="0,1" hai="5,10,14,76,77,79,82,86" m="52623,45067" machi="14" ten="30,2000,0" yaku="12,1,54,1" doraHai="26" who="0" fromWho="3" sc="173,30,320,0,327,0,170,-20" /><INIT seed="3,0,0,3,2,74" ten="203,320,327,150" oya="3" hai0="79,82,11,104,18,129,13,21,29,121,60,73,64" hai1="97,133,67,75,101,27,87,5,26,118,3,56,131" hai2="10,30,51,113,91,93,89,102,38,95,6,22,15" hai3="8,120,88,112,66,107,32,12,65,23,1,50,83"/><W86/><G112/><T70/><D129/><U90/><E131/><V36/><F113/><W134/><G32/><T109/><D104/><U49/><E133/><V119/><F119/><W99/><G134/><T135/><D135/><U46/><E118/><V103/><F36/><W127/><G1/><T16/><D109/><U71/><E75/><V68/><F68/><W52/><G127/><T96/><D96/><U110/><E71/><V39/><F39/><W115/><G115/><T4/><REACH who="0" step="1"/><D121/><REACH who="0" ten="193,320,327,150" step="2"/><U7/><E110/><V48/><F103/><W76/><G120/><T105/><D105/><U33/><E101/><V85/><F102/><W98/><G107/><T25/><AGARI ba="0,1" hai="4,11,13,16,18,21,25,29,60,64,70,73,79,82" machi="25" ten="30,7900,0" yaku="1,1,0,1,52,1,54,1,53,0" doraHai="74" doraHaiUra="128" who="0" fromWho="0" sc="193,89,320,-20,327,-20,150,-39" /><INIT seed="4,0,0,3,0,85" ten="282,300,307,111" oya="0" hai0="65,102,55,12,100,122,13,62,6,128,25,123,83" hai1="101,72,121,36,14,41,76,30,92,63,115,91,127" hai2="26,73,82,114,133,56,4,34,93,94,59,44,103" hai3="19,29,9,49,28,21,46,10,118,87,27,113,45"/><T39/><D39/><U109/><E109/><V60/><F114/><W81/><G81/><T126/><D128/><U130/><E121/><V90/><F133/><W18/><G18/><T111/><D126/><U68/><E130/><V35/><F4/><W135/><G135/><T42/><D42/><U80/><E127/><V116/><F116/><W106/><G106/><T119/><D119/><U11/><E115/><V78/><F59/><W23/><G118/><T51/><D25/><U69/><E30/><V54/><F26/><W108/><G108/><T88/><D111/><U124/><E124/><V110/><F110/><W70/><G70/><T53/><D65/><U31/><E31/><V15/><F15/><W89/><G113/><T71/><D71/><U32/><E32/><V131/><F131/><W5/><G29/><T79/><D79/><U0/><E0/><V52/><F103/><W107/><G107/><T96/><D62/><U67/><E101/><N who="0" m="39017" /><D123/><U97/><E41/><V86/><REACH who="2" step="1"/><F94/><REACH who="2" ten="282,300,297,111" step="2"/><N who="3" m="54591" /><G5/><T125/><D125/><U105/><E68/><V84/><F84/><W104/><G104/><T2/><D122/><U37/><E105/><V132/><F132/><W24/><G46/><T47/><D6/><AGARI ba="0,1" hai="6,11,14,36,37,63,67,69,72,76,80,91,92,97" machi="6" ten="30,2000,0" yaku="7,1,52,1" doraHai="85" who="1" fromWho="0" sc="282,-20,300,30,297,0,111,0" /><INIT seed="5,0,0,2,5,60" ten="262,330,297,111" oya="1" hai0="95,17,46,21,70,26,131,124,3,87,99,4,19" hai1="133,85,71,119,29,37,74,81,9,73,79,25,121" hai2="31,89,103,132,125,10,38,6,41,36,65,5,30" hai3="116,18,45,57,53,84,34,55,130,101,59,49,35"/><U61/><E119/><V27/><F103/><W111/><G111/><T72/><D72/><U122/><E133/><V58/><F132/><W67/><G130/><T56/><D70/><U39/><E9/><V134/><F134/><W75/><G75/><T2/><D124/><U76/><E122/><V32/><F31/><W129/><G129/><T51/><D131/><U118/><E118/><V11/><F125/><W12/><G116/><T63/><D87/><U13/><E13/><V82/><F41/><W64/><G101/><T43/><D4/><U112/><E112/><V90/><F82/><W102/><G102/><T33/><D33/><U120/><E120/><V24/><F24/><W20/><G45/><T97/><D19/><U108/><E108/><V110/><F110/><W91/><G35/><T7/><D7/><U107/><E107/><V123/><F123/><W98/><G98/><T44/><D44/><U78/><E78/><V62/><F36/><W1/><G1/><T15/><D99/><U96/><E96/><V80/><F80/><W127/><G34/><T47/><D47/><U105/><E105/><V117/><F38/><W50/><G127/><T104/><D15/><U42/><E121/><V28/><F28/><W109/><G109/><T94/><D104/><U92/><E74/><V16/><F117/><W54/><G55/><N who="0" m="34207" /><D95/><AGARI ba="0,0" hai="12,18,20,49,50,53,54,57,59,64,67,84,91,95" machi="95" ten="30,12000,2" yaku="7,1,9,1,25,2,8,1,52,2" doraHai="60" who="3" fromWho="0" sc="262,-120,330,0,297,0,111,120" /><INIT seed="6,0,0,2,1,113" ten="142,330,297,231" oya="2" hai0="118,100,119,58,133,122,48,79,89,35,56,70,25" hai1="78,123,97,127,22,5,2,21,111,60,99,38,9" hai2="32,71,120,19,132,88,0,107,33,6,121,18,43" hai3="54,117,92,108,24,85,31,95,75,59,3,67,53"/><V1/><F43/><W125/><G108/><T49/><D100/><U30/><E111/><V63/><F63/><W82/><G75/><T73/><D89/><U37/><E123/><V50/><F50/><N who="0" m="19562" /><D25/><U14/><E127/><V39/><F39/><W112/><G125/><T8/><D8/><U23/><E78/><V4/><F71/><W110/><G110/><T57/><D35/><U104/><E104/><V44/><F44/><W105/><G105/><T116/><D133/><U11/><E60/><V124/><F124/><W72/><G72/><T84/><D84/><U55/><E55/><N who="3" m="21002" /><G3/><T51/><N who="0" m="19570" /><T81/><DORA hai="87" /><D70/><U74/><E74/><V134/><REACH who="2" step="1"/><F107/><REACH who="2" ten="142,330,287,231" step="2"/><W29/><G67/><T80/><D80/><U20/><E38/><V76/><F76/><W126/><G59/><T13/><D13/><U115/><E37/><V109/><F109/><W64/><G64/><T40/><D122/><U77/><E77/><V36/><F36/><W86/><G126/><T69/><D69/><U16/><E30/><V66/><F66/><W68/><G68/><T96/><D96/><U94/><E99/><V28/><F28/><W83/><G31/><T47/><D47/><U98/><E98/><V65/><F65/><W45/><G45/><T46/><D46/><U131/><E97/><V34/><F34/><W61/><G29/><T129/><D129/><U41/><E131/><V128/><F128/><W42/><G42/><AGARI ba="0,1" hai="40,42,56,57,58,73,79,81,116,118,119" m="19570" machi="42" ten="50,8000,1" yaku="12,1,52,3" doraHai="113,87" who="0" fromWho="3" sc="142,90,330,0,287,0,231,-80" /><INIT seed="7,0,0,1,3,100" ten="232,330,287,151" oya="3" hai0="5,49,17,54,112,13,109,38,92,96,94,84,63" hai1="22,122,114,115,7,106,131,108,73,12,88,64,127" hai2="66,129,89,111,36,42,125,130,65,75,56,59,67" hai3="21,121,6,68,40,61,27,0,133,80,25,71,41"/><W45/><G121/><T16/><D38/><U44/><E108/><V31/><F75/><W69/><G133/><T24/><D109/><U11/><E122/><V76/><F76/><W35/><G41/><T104/><D112/><U102/><E73/><V97/><F31/><W81/><G61/><T30/><D63/><U135/><E135/><V126/><F111/><W19/><G6/><T99/><D104/><U93/><E127/><N who="2" m="48651" /><F89/><W85/><G0/><T128/><D128/><N who="2" m="49258" /><F97/><N who="0" m="37450" /><D30/><U82/><E131/><V55/><F36/><W79/><G35/><T48/><D24/><U78/><E78/><V72/><F72/><W39/><REACH who="3" step="1"/><G81/><REACH who="3" ten="232,330,287,141" step="2"/><T119/><D5/><U103/><E82/><V53/><F42/><W70/><N who="3" m="17408" /><DORA hai="91" /><W51/><G51/><T15/><D49/><U58/><E7/><V107/><F107/><W26/><AGARI ba="0,1" hai="19,21,25,26,27,39,40,45,79,80,85" m="17408" machi="26" ten="60,6000,0" yaku="1,1,0,1,53,0" doraHai="100,91" doraHaiUra="110,87" who="3" fromWho="3" sc="232,-20,330,-20,287,-20,141,70" /><INIT seed="7,1,0,5,4,119" ten="212,310,267,211" oya="3" hai0="0,68,13,16,74,19,2,64,73,91,69,121,54" hai1="107,101,27,123,7,3,9,62,42,11,53,29,8" hai2="47,66,127,108,85,23,114,12,126,63,93,82,56" hai3="111,58,75,5,134,77,128,92,79,15,110,131,51"/><W90/><G75/><T104/><D104/><U61/><E123/><V120/><F108/><N who="3" m="41515" /><G134/><T38/><D38/><U25/><E42/><V94/><F114/><W59/><G5/><T36/><D36/><U84/><E84/><V31/><F47/><W72/><G72/><T67/><D13/><U34/><E101/><V45/><F45/><W26/><G15/><T125/><D54/><U115/><E107/><V33/><F33/><W6/><G6/><T133/><D91/><U37/><E37/><V65/><F65/><W99/><G26/><T102/><D102/><U50/><E115/><V10/><F120/><W24/><G24/><T46/><D46/><U41/><E41/><V14/><F127/><W96/><G96/><T100/><D100/><U22/><E3/><V129/><F129/><N who="3" m="49739" /><G51/><T98/><D98/><U78/><E7/><V122/><F122/><W39/><G39/><T32/><D121/><U28/><REACH who="1" step="1"/><E78/><AGARI ba="1,0" hai="58,59,77,78,79,90,92,99" m="49739,41515" machi="78" ten="30,2900,0" yaku="10,1,19,1" doraHai="119" who="3" fromWho="1" sc="212,0,310,-32,267,0,211,32" /><INIT seed="7,2,0,0,0,6" ten="212,278,267,243" oya="3" hai0="129,119,13,115,109,55,18,17,38,78,127,35,82" hai1="89,120,7,40,2,41,39,110,102,86,50,61,94" hai2="132,117,75,60,123,81,14,16,58,74,131,36,114" hai3="113,59,88,106,53,27,21,130,30,49,23,57,22"/><W62/><G106/><T104/><D119/><U67/><E110/><V98/><F117/><W24/><G113/><T103/><D109/><U85/><E120/><V126/><F36/><W4/><G130/><T66/><D38/><U11/><E39/><V15/><F131/><W101/><G101/><T44/><D35/><U134/><E134/><V68/><F132/><W96/><G4/><T124/><D66/><U92/><E50/><V122/><F68/><W48/><G57/><T37/><D129/><U91/><E102/><V29/><F29/><N who="3" m="17551" /><G23/><T70/><D70/><AGARI ba="2,0" hai="2,7,11,40,41,61,67,70,85,86,89,91,92,94" machi="70" ten="30,3900,0" yaku="7,1,9,1,52,1" doraHai="6" who="1" fromWho="0" sc="212,-45,278,45,267,0,243,0" owari="167,-33.0,323,42.0,267,7.0,243,-16.0" /></mjloggm>