<mjloggm ver="2.3"><GO type="41" lobby="0"/><UN n0="%50%53%33%E5%8F%B7" n1="%E3%82%8A%E3%82%85%E3%81%86%E3%82%8A%E3%82%85%E3%81%86" n2="%E2%93%9D%53%75%70%68%78" n3="%E3%82%A8%E3%82%A4%E3%83%92%E3%83%AC" dan="13,13,18,16" rate="1909.73,1878.65,2124.34,2008.65" sx="M,M,M,M"/><TAIKYOKU oya="0"/><INIT seed="0,0,0,1,1,64" ten="250,250,250,250" oya="0" hai0="127,52,116,82,58,14,46,118,119,124,48,24,103" hai1="73,90,39,31,86,71,0,22,113,47,78,45,61" hai2="38,131,60,83,34,75,88,76,102,20,7,33,15" hai3="97,84,40,117,26,21,125,110,74,94,109,128,101"/><T129/><D103/><U107/><E107/><V5/><F38/><W37/><G117/><T87/><D24/><U69/><E0/><V122/><F122/><W27/><G74/><T11/><D129/><U10/><E113/><V42/><F42/><W6/><G128/><T32/><D32/><U17/><E73/><V66/><F102/><W115/><G115/><T3/><D58/><U4/><E78/><V50/><F50/><W98/><G6/><T91/><REACH who="0" step="1"/><D3/><REACH who="0" ten="240,250,250,250" step="2"/><U63/><E31/><V114/><F34/><W108/><G26/><T12/><D12/><U121/><E121/><V120/><F33/><W99/><G27/><T56/><D56/><U41/><E10/><V111/><F15/><W28/><G28/><T68/><D68/><U19/><E71/><V43/><F131/><W104/><G104/><T106/><D106/><U95/><E69/><V70/><F120/><W85/><G21/><T62/><D62/><U126/><E63/><V96/><F20/><W16/><G101/><T132/><D132/><U13/><E61/><V25/><F25/><W51/><G109/><T23/><D23/><U67/><E13/><V77/><F111/><W93/><G108/><T81/><D81/><U92/><E22/><V53/><F114/><W1/><G1/><T100/><D100/><U44/><E44/><V134/><F134/><W123/><G110/><T54/><D54/><U135/><E47/><V57/><F70/><W112/><G123/><T2/><D2/><U133/><E45/><V29/><F29/><W105/><G112/><T35/><D35/><U36/><E135/><RYUUKYOKU ba="0,1" sc="240,30,250,-10,250,-10,250,-10" hai0="11,14,46,48,52,82,87,91,116,118,119,124,127" /><INIT seed="0,1,1,4,4,86" ten="270,240,240,240" oya="0" hai0="2,72,92,134,109,76,52,57,5,19,68,42,97" hai1="41,59,30,75,55,51,29,0,85,63,70,98,130" hai2="26,83,79,127,7,47,45,43,78,56,60,67,24" hai3="35,115,123,37,82,90,15,73,132,74,21,111,107"/><T133/><D68/><U13/><E0/><V14/><F127/><W131/><RYUUKYOKU type="yao9" ba="1,1" sc="270,0,240,0,240,0,240,0" hai3="15,21,35,37,73,74,82,90,107,111,115,123,131,132" /><INIT seed="0,2,1,3,2,133" ten="270,240,240,240" oya="0" hai0="110,61,6,1,63,115,117,85,135,92,118,66,73" hai1="131,58,15,29,70,120,104,128,47,43,11,59,69" hai2="83,9,54,107,71,82,30,101,48,56,2,20,10" hai3="0,106,14,98,68,36,113,123,126,45,88,78,16"/><T76/><D115/><U94/><E104/><V24/><F71/><W108/><G113/><T91/><D63/><U127/><E120/><V18/><F107/><W22/><G123/><T28/><D135/><U129/><E29/><V8/><F2/><W39/><G0/><T89/><D110/><U62/><E94/><V40/><F101/><W35/><G108/><T74/><D91/><U3/><E3/><V42/><REACH who="2" step="1"/><F30/><REACH who="2" ten="270,240,230,240" step="2"/><W119/><G68/><T81/><D28/><U67/><E70/><V37/><F37/><W72/><G106/><T114/><D114/><U97/><E97/><V65/><F65/><W109/><G109/><T21/><D118/><U125/><E11/><V52/><F52/><W13/><G39/><T38/><D117/><U50/><E15/><V17/><F17/><W134/><G36/><T27/><D38/><U116/><E116/><V5/><F5/><W41/><G119/><T77/><D6/><U12/><E12/><V90/><F90/><W46/><G88/><T99/><D1/><U26/><E26/><V96/><F96/><W111/><G98/><T103/><D76/><U25/><E25/><V132/><F132/><W105/><G78/><T19/><REACH who="0" step="1"/><D77/><REACH who="0" ten="260,240,230,240" step="2"/><U75/><E75/><V55/><F55/><W102/><G72/><T87/><D87/><U121/><E121/><V57/><F57/><AGARI ba="2,3" hai="19,21,27,57,61,66,73,74,81,85,89,92,99,103" machi="57" ten="30,5800,0" yaku="1,1,7,1,53,1" doraHai="133" doraHaiUra="79" who="0" fromWho="2" sc="260,94,240,0,230,-64,240,0" /><AGARI ba="2,0" hai="43,47,50,57,58,59,62,67,69,125,127,128,129,131" machi="57" ten="50,12000,2" yaku="19,1,34,3,52,2" doraHai="133" who="1" fromWho="2" sc="354,0,240,120,166,-120,240,0" /><INIT seed="0,3,0,5,5,23" ten="354,360,46,240" oya="0" hai0="82,117,104,122,113,66,31,4,26,84,64,112,126" hai1="14,52,2,33,69,61,102,88,6,80,121,44,108" hai2="43,109,103,135,114,47,54,1,27,129,40,41,73" hai3="95,90,24,28,93,20,8,77,59,15,125,9,0"/><T132/><D122/><U120/><E33/><V100/><F114/><W55/><G125/><T19/><D117/><U65/><E102/><V111/><F1/><W106/><G106/><T46/><D104/><U45/><E2/><V133/><F73/><W49/><G77/><T60/><D4/><U78/><E108/><N who="2" m="41547" /><F129/><W7/><REACH who="3" step="1"/><G90/><REACH who="3" ten="354,360,46,230" step="2"/><T97/><D126/><U96/><E88/><V50/><F103/><W98/><G98/><T56/><D97/><U76/><E96/><V81/><F100/><W83/><G83/><T38/><D82/><U18/><E78/><V29/><F81/><W119/><G119/><T89/><D113/><U21/><E76/><V79/><F79/><W32/><G32/><AGARI ba="3,1" hai="27,29,32,40,41,43,47,50,54,133,135" m="41547" machi="32" ten="30,2000,0" yaku="14,1,52,1" doraHai="23" who="2" fromWho="3" sc="354,0,360,0,46,39,230,-29" /><INIT seed="1,0,0,4,3,31" ten="354,360,85,201" oya="1" hai0="3,113,125,101,78,17,27,124,44,97,12,48,133" hai1="116,63,0,70,73,2,50,111,89,68,25,46,59" hai2="135,102,109,110,86,23,100,75,36,29,67,107,35" hai3="65,18,132,112,11,81,64,134,121,130,42,95,119"/><U32/><E116/><V72/><F23/><W4/><G112/><T24/><D3/><U40/><E73/><N who="2" m="28235" /><F67/><W43/><G119/><T106/><D78/><U53/><E111/><N who="2" m="42507" /><F36/><W10/><G95/><T49/><D133/><U58/><E89/><V93/><F29/><W128/><G81/><T77/><D77/><U22/><E32/><V76/><F35/><W14/><G14/><T47/><D113/><U69/><REACH who="1" step="1"/><E58/><REACH who="1" ten="354,350,85,201" step="2"/><V30/><F135/><W83/><G132/><T104/><D125/><U28/><AGARI ba="0,1" hai="0,2,22,25,28,40,46,50,53,59,63,68,69,70" machi="28" ten="30,6000,0" yaku="1,1,2,1,0,1,53,0" doraHai="31" doraHaiUra="96" who="1" fromWho="1" sc="354,-20,350,70,85,-20,201,-20" /><INIT seed="1,1,0,2,1,25" ten="334,420,65,181" oya="1" hai0="99,134,50,113,39,0,60,73,80,117,63,120,85" hai1="55,119,75,30,1,77,112,17,100,104,84,37,130" hai2="20,71,12,43,44,14,96,33,81,126,115,132,68" hai3="103,65,62,4,111,127,64,74,125,89,92,135,61"/><U86/><E1/><V129/><F33/><W46/><G74/><T91/><D117/><U88/><E37/><V57/><F129/><W102/><G46/><T48/><D113/><U107/><E55/><V40/><F132/><W69/><G4/><T122/><D0/><U10/><E30/><V108/><F126/><N who="3" m="48139" /><G111/><T79/><D39/><U97/><E112/><V90/><F108/><W49/><G49/><N who="0" m="19051" /><D99/><U123/><E123/><N who="0" m="47145" /><D134/><U27/><E119/><V128/><F128/><W13/><G13/><T118/><D118/><U41/><E107/><V26/><F14/><W109/><G109/><T11/><D11/><U6/><E6/><V82/><F12/><W93/><G135/><T58/><D58/><U18/><E10/><V38/><F57/><N who="3" m="36911" /><G92/><AGARI ba="1,0" hai="60,63,73,79,80,85,91,92" m="47145,19051" machi="92" ten="30,1000,0" yaku="13,1" doraHai="25" who="0" fromWho="3" sc="334,13,420,0,65,0,181,-13" /><INIT seed="2,0,0,2,0,120" ten="347,420,65,168" oya="2" hai0="7,119,80,82,55,73,92,110,39,118,127,113,28" hai1="3,19,81,15,105,24,48,102,111,40,11,52,0" hai2="4,36,85,61,101,43,95,37,75,93,64,131,46" hai3="45,89,132,1,87,106,77,107,90,44,29,54,99"/><V2/><F131/><W108/><G1/><T98/><D39/><U78/><E40/><V86/><F75/><W72/><G29/><T74/><D28/><U21/><E105/><V71/><F37/><W34/><G34/><T22/><D22/><U126/><E102/><V66/><F66/><W12/><G132/><T38/><D55/><U18/><E126/><V121/><F121/><W83/><G90/><T135/><D7/><U49/><E49/><V35/><F35/><W8/><G54/><T16/><D16/><U100/><E100/><V59/><F71/><W56/><G56/><T50/><D50/><U88/><E88/><V13/><F2/><W133/><G133/><T69/><D69/><U62/><E62/><V65/><F65/><W63/><G63/><T51/><D51/><U17/><E17/><V122/><F122/><W116/><G116/><T79/><D127/><U129/><E129/><V128/><F128/><W23/><G23/><T60/><D60/><U5/><E5/><V47/><F47/><W14/><G14/><T6/><D6/><U112/><E112/><V31/><F31/><W94/><G106/><T27/><D113/><U76/><E76/><V67/><F67/><W96/><G96/><T41/><D135/><U20/><E20/><V9/><REACH who="2" step="1"/><F101/><REACH who="2" ten="347,420,55,168" step="2"/><N who="3" m="62911" /><G45/><N who="0" m="23735" /><D119/><U25/><E0/><V70/><F70/><W103/><G44/><T109/><D118/><U58/><E3/><V26/><F26/><W124/><G124/><T104/><D27/><U117/><E25/><V114/><F114/><W130/><G130/><T125/><D125/><U91/><E117/><RYUUKYOKU ba="0,1" sc="347,-10,420,-10,55,30,168,-10" hai2="4,9,13,36,43,46,59,61,64,85,86,93,95" /><INIT seed="2,1,1,3,3,79" ten="337,410,85,158" oya="2" hai0="1,39,91,26,27,128,124,60,53,56,120,13,19" hai1="32,122,104,87,80,29,62,133,106,114,37,12,9" hai2="57,65,70,102,125,68,21,116,35,50,108,112,78" hai3="24,8,10,40,28,11,99,72,89,110,44,85,0"/><V16/><F112/><W58/><G72/><T129/><D39/><U42/><E114/><V123/><F35/><W67/><G110/><T15/><D1/><U59/><E37/><V55/><F123/><W118/><G118/><T90/><D124/><U46/><E122/><V115/><F115/><W61/><G99/><T49/><D120/><U76/><E133/><V101/><F116/><W74/><G74/><T18/><D60/><U119/><E119/><V4/><F4/><W135/><G135/><T14/><D128/><U127/><E127/><V84/><F125/><W109/><G109/><T134/><D134/><U48/><E29/><V83/><F108/><W5/><G24/><N who="0" m="9259" /><D129/><U51/><E51/><V7/><F7/><W2/><G28/><T117/><D117/><U3/><E3/><V33/><F33/><W34/><G34/><T36/><D36/><U22/><E22/><V93/><F65/><W86/><G86/><T30/><D30/><U94/><E94/><V25/><REACH who="2" step="1"/><F93/><REACH who="2" ten="337,410,75,158" step="2"/><W71/><G2/><T130/><D130/><U69/><E32/><V41/><F41/><W38/><G71/><AGARI ba="1,2" hai="16,21,25,50,55,57,68,70,71,78,83,84,101,102" machi="71" ten="40,12000,1" yaku="1,1,52,1,54,1,53,1" doraHai="79" doraHaiUra="75" who="2" fromWho="3" sc="337,0,410,0,75,143,158,-123" /><INIT seed="2,2,0,0,1,108" ten="337,410,218,35" oya="2" hai0="38,19,11,3,36,111,132,24,77,29,67,85,68" hai1="47,21,4,126,96,60,87,121,31,22,30,65,86" hai2="62,129,106,5,1,50,20,2,73,57,112,119,120" hai3="115,101,69,104,23,61,125,72,107,89,103,66,128"/><V27/><F119/><W124/><G23/><T76/><D132/><U37/><E121/><V88/><F120/><W75/><G89/><T122/><D122/><U53/><E126/><N who="3" m="48746" /><G128/><T90/><D111/><U114/><E114/><V79/><F106/><N who="3" m="40491" /><G103/><T49/><D49/><U100/><E4/><V135/><F112/><W9/><G101/><T81/><D38/><U80/><E37/><V127/><F135/><W41/><G41/><T12/><D3/><U58/><E86/><V7/><F2/><W82/><G9/><T74/><D74/><N who="3" m="28201" /><G82/><T95/><D81/><U51/><E21/><V94/><F129/><W14/><G14/><T109/><D77/><N who="1" m="46479" /><E22/><V59/><F79/><W25/><G25/><T98/><D76/><U39/><E39/><V18/><F73/><W17/><G17/><T63/><D36/><U40/><E40/><V131/><F131/><W45/><G45/><T28/><D29/><U134/><E134/><V64/><F1/><W102/><G102/><T55/><D28/><U42/><E42/><V13/><F127/><W110/><G110/><T48/><D24/><U8/><E8/><V33/><F27/><W105/><N who="3" m="40499" /><AGARI ba="2,0" hai="30,31,47,51,53,58,60,65,96,100,105" m="46479" machi="105" ten="30,1000,0" yaku="3,1" doraHai="108" who="1" fromWho="3" sc="337,0,410,16,218,0,35,-16" /><INIT seed="3,0,0,4,0,96" ten="337,426,218,19" oya="3" hai0="12,72,83,82,76,51,109,119,36,6,63,108,1" hai1="125,39,122,101,120,5,113,104,54,24,40,103,88" hai2="57,30,13,55,10,114,49,106,34,21,134,16,29" hai3="31,131,107,69,0,14,9,133,50,79,93,19,37"/><W3/><G37/><T110/><D51/><U32/><E113/><V11/><F114/><W59/><G69/><T97/><D12/><U23/><E32/><V8/><F106/><W48/><G107/><T90/><D63/><U56/><E104/><V73/><F73/><W66/><G131/><T95/><D36/><U117/><E117/><V42/><F134/><W43/><G133/><T64/><D64/><U135/><E135/><V94/><F34/><W85/><G31/><T111/><D6/><U70/><E70/><V67/><F67/><W52/><G66/><T62/><D62/><U123/><E125/><V75/><F75/><W45/><REACH who="3" step="1"/><G93/><REACH who="3" ten="337,426,218,9" step="2"/><N who="0" m="56503" /><D119/><U127/><E123/><V100/><F42/><W118/><G118/><T132/><D132/><U4/><E40/><V80/><F80/><AGARI ba="0,1" hai="0,3,9,14,19,43,45,48,50,52,59,79,80,85" machi="80" ten="40,3900,0" yaku="1,1,54,1,53,0" doraHai="96" doraHaiUra="17" who="3" fromWho="2" sc="337,0,426,0,218,-39,9,49" /><INIT seed="3,1,0,1,2,20" ten="337,426,179,58" oya="3" hai0="17,88,72,48,122,50,53,61,9,93,114,63,59" hai1="30,117,58,44,38,92,123,13,111,97,78,86,15" hai2="108,127,96,101,43,83,52,115,98,107,109,105,135" hai3="0,14,80,45,56,134,11,55,77,87,4,57,126"/><W2/><G126/><T34/><D34/><U60/><E123/><V64/><F43/><W85/><G134/><T22/><D122/><U35/><E111/><N who="2" m="42571" /><F64/><W28/><G57/><T116/><D72/><U71/><E71/><V73/><F52/><W29/><G45/><T47/><D116/><U21/><E117/><V24/><F24/><W129/><G129/><T33/><D33/><U118/><E118/><V36/><F36/><W112/><G112/><T75/><D75/><U12/><E44/><V119/><F119/><W104/><G104/><T67/><D9/><U6/><E6/><V51/><F51/><W133/><G133/><T23/><D114/><U79/><E38/><V130/><F115/><W102/><G102/><T132/><D132/><U84/><E35/><V49/><F49/><W70/><G70/><T39/><D39/><U40/><E40/><V121/><F130/><W37/><G37/><T62/><D67/><N who="1" m="39319" /><E30/><V42/><F42/><W16/><G85/><N who="1" m="32874" /><E21/><V66/><F66/><W3/><REACH who="3" step="1"/><G4/><REACH who="3" ten="337,426,179,48" step="2"/><T18/><D47/><U128/><E128/><V95/><F135/><W120/><G120/><T26/><D50/><AGARI ba="1,1" hai="0,2,3,11,14,16,28,29,50,55,56,77,80,87" machi="50" ten="40,7700,0" yaku="1,1,54,1,53,1" doraHai="20" doraHaiUra="54" who="3" fromWho="0" sc="337,-80,426,0,179,0,48,90" /><INIT seed="3,2,0,2,5,86" ten="257,426,179,138" oya="3" hai0="85,92,71,39,56,26,6,40,5,63,84,120,77" hai1="91,76,94,66,103,106,72,4,19,110,37,3,79" hai2="24,12,124,128,35,9,113,108,105,0,115,8,130" hai3="15,47,132,48,70,54,97,100,22,81,89,17,33"/><W75/><G132/><T95/><D120/><U121/><E121/><V82/><F82/><W60/><G33/><T53/><D26/><U49/><E37/><V118/><F105/><W68/><G60/><T127/><D127/><U80/><E79/><V123/><F123/><W74/><G74/><T25/><D25/><U36/><E36/><V116/><F124/><W87/><REACH who="3" step="1"/><G75/><REACH who="3" ten="257,426,179,128" step="2"/><T69/><D63/><U135/><E135/><V59/><F35/><W119/><G119/><T99/><D39/><U114/><E72/><V43/><F118/><W50/><G50/><T93/><D71/><U122/><E49/><V10/><F116/><W96/><G96/><T57/><D69/><U16/><E122/><V67/><F115/><W11/><G11/><T42/><D99/><U45/><E114/><V73/><F113/><W107/><AGARI ba="2,1" hai="15,17,22,47,48,54,68,70,81,87,89,97,100,107" machi="107" ten="20,7800,0" yaku="1,1,0,1,7,1,52,1,53,0" doraHai="86" doraHaiUra="104" who="3" fromWho="3" sc="257,-28,426,-28,179,-28,128,94" /><INIT seed="3,3,0,2,1,11" ten="229,398,151,222" oya="3" hai0="131,96,75,77,87,50,65,92,39,105,41,8,88" hai1="58,33,45,78,104,80,57,13,132,38,55,126,42" hai2="9,115,37,76,134,116,119,125,54,72,93,15,67" hai3="112,61,43,22,122,23,31,127,79,25,64,109,59"/><W16/><G122/><T70/><D131/><U114/><E33/><V103/><F115/><W100/><G112/><T101/><D50/><U19/><E19/><V24/><F37/><W48/><G127/><T84/><D8/><U63/><E104/><V52/><F67/><W69/><G109/><T28/><D41/><U62/><E126/><V129/><F134/><W117/><G117/><T17/><D17/><U94/><E94/><V73/><F125/><W36/><G79/><T81/><D39/><U124/><E124/><V102/><F24/><W135/><G135/><T123/><D28/><U30/><E30/><V18/><F129/><W82/><G82/><N who="0" m="45375" /><D65/><U107/><E107/><V7/><F76/><W51/><G100/><T91/><D70/><U106/><E13/><V12/><F93/><W21/><G69/><T4/><D4/><U121/><E106/><V26/><F26/><W0/><G0/><T47/><D47/><U34/><E34/><V10/><F18/><W2/><G2/><T130/><D130/><U98/><E98/><V74/><REACH who="2" step="1"/><F74/><REACH who="2" ten="229,398,141,222" step="2"/><W89/><G36/><T66/><D66/><U110/><E114/><V120/><F120/><AGARI ba="3,1" hai="81,84,87,88,91,92,96,101,105,120,123" m="45375" machi="120" ten="30,7700,0" yaku="24,1,34,2,54,1" doraHai="11" who="0" fromWho="2" sc="229,96,398,0,141,-86,222,0" /><INIT seed="4,0,0,5,3,16" ten="325,398,55,222" oya="0" hai0="33,6,134,0,38,125,1,7,116,46,5,53,31" hai1="28,76,103,55,133,84,80,124,11,51,39,92,128" hai2="107,101,126,100,105,131,60,48,25,19,34,54,44" hai3="59,64,109,123,37,106,108,127,122,104,20,57,8"/><T75/><D116/><U97/><E39/><V110/><F110/><N who="3" m="42603" /><G8/><T72/><D125/><U24/><E124/><V67/><F126/><W96/><G127/><T93/><D134/><U113/><E113/><V99/><F131/><W119/><G96/><T65/><D65/><U129/><E133/><V3/><F3/><W62/><G37/><T85/><D72/><U43/><E43/><V30/><F19/><W17/><G119/><T81/><D53/><U79/><E79/><V115/><F115/><W14/><G59/><T98/><D31/><U29/><E11/><V49/><F49/><W56/><G56/><T42/><D33/><U112/><E112/><V118/><F118/><W86/><G86/><T35/><D35/><U74/><E74/><V12/><F12/><W82/><G82/><T32/><D32/><U120/><E120/><AGARI ba="0,0" hai="14,17,20,57,62,64,104,106,120,122,123" m="42603" machi="120" ten="30,2000,0" yaku="13,1,52,1" doraHai="16" who="3" fromWho="1" sc="325,0,398,-20,55,0,222,20" /><INIT seed="5,0,0,3,0,41" ten="325,378,55,242" oya="1" hai0="35,97,32,98,128,39,73,87,81,118,46,123,82" hai1="78,9,61,18,38,50,77,28,3,25,133,45,13" hai2="80,27,108,96,37,4,34,104,48,36,90,113,88" hai3="70,110,124,44,101,66,57,112,60,111,95,58,99"/><U115/><E133/><V91/><F108/><W76/><G112/><T2/><D118/><U94/><E115/><V12/><F113/><W79/><G124/><T92/><D128/><U109/><E109/><V31/><F4/><W11/><G110/><T51/><D39/><U75/><E75/><V54/><F12/><W49/><G111/><T103/><D2/><U23/><E38/><V86/><F37/><W42/><G70/><T107/><D123/><U67/><E94/><V65/><F36/><W22/><G58/><T59/><D59/><N who="1" m="37311" /><E3/><V53/><F65/><W29/><G11/><T100/><D82/><U52/><AGARI ba="0,0" hai="9,13,18,23,25,28,45,50,52,77,78" m="37311" machi="52" ten="30,6000,0" yaku="8,1,52,1,54,1" doraHai="41" who="1" fromWho="1" sc="325,-20,378,60,55,-20,242,-20" /><INIT seed="5,1,0,5,1,133" ten="305,438,35,222" oya="1" hai0="126,8,34,96,110,111,112,127,61,77,37,105,64" hai1="22,82,100,118,0,32,19,123,10,116,71,45,31" hai2="57,78,90,46,28,49,79,114,134,3,24,131,39" hai3="38,62,124,17,11,87,91,95,66,104,23,50,135"/><U97/><E123/><V130/><F3/><W30/><G38/><T86/><D8/><U117/><E71/><V101/><F101/><W40/><G135/><T119/><D34/><U113/><E113/><V13/><F39/><W18/><G104/><T94/><D37/><U54/><E54/><V60/><F13/><W1/><G30/><T122/><D64/><U73/><E73/><V4/><F4/><W21/><G21/><T93/><D61/><U16/><E45/><V12/><F12/><W76/><G76/><T55/><D55/><U74/><E74/><V70/><F70/><W33/><G33/><T75/><D119/><U27/><E82/><V72/><F114/><W20/><G20/><T35/><D35/><U43/><E43/><V48/><F134/><W65/><G65/><T59/><D59/><U6/><E100/><V84/><F72/><W36/><G36/><T83/><D122/><U58/><E58/><V109/><F109/><N who="0" m="41482" /><D112/><U41/><E41/><V42/><F49/><W69/><G23/><T125/><D75/><U106/><E106/><V14/><F57/><W63/><G63/><T9/><D9/><U98/><E19/><V52/><F42/><W108/><G108/><T80/><D83/><U68/><E68/><V67/><F67/><W56/><G69/><T51/><D51/><U128/><E128/><N who="2" m="49195" /><F60/><W120/><G120/><T121/><D121/><U44/><E44/><V7/><F7/><N who="3" m="1519" /><G40/><T81/><D80/><U132/><E132/><V89/><F14/><AGARI ba="1,0" hai="0,6,10,14,16,22,27,31,32,97,98,116,117,118" machi="14" ten="40,7700,0" yaku="24,2,54,1" doraHai="133" who="1" fromWho="2" sc="305,0,438,80,35,-80,222,0" owari="305,11.0,518,62.0,-45,-55.0,222,-18.0" /></mjloggm>