<mjloggm ver="2.3"><GO type="41" lobby="0"/><UN n0="%E4%B8%8D%E5%9C%A8%E3%81%AE%E9%A8%8E%E5%A3%AB" n1="%E6%97%A5%E7%AB%8B%E5%8F%B0" n2="%E7%A9%BA%E5%BF%83%E6%96%8E" n3="%E2%93%9D%53%75%70%68%78" dan="15,15,13,16" rate="1998.47,2040.15,1822.26,2047.16" sx="F,M,M,M"/><TAIKYOKU oya="0"/><INIT seed="0,0,0,3,1,31" ten="250,250,250,250" oya="0" hai0="22,108,83,19,36,105,79,99,90,116,5,18,16" hai1="66,107,109,120,80,97,119,42,124,62,60,87,71" hai2="117,86,57,49,88,1,11,44,50,102,135,23,28" hai3="113,32,69,13,133,85,29,75,123,74,25,68,17"/><T127/><D116/><U128/><E119/><V51/><F117/><W20/><G113/><T101/><D127/><U76/><E120/><V43/><F135/><W12/><G133/><T121/><D121/><U73/><E124/><V41/><F102/><W24/><G123/><T125/><D108/><U77/><E128/><V104/><F104/><W61/><G85/><T52/><D125/><U84/><E109/><V30/><F1/><W38/><G38/><T45/><D5/><U126/><E126/><V129/><F129/><W9/><G13/><T3/><D3/><U10/><E42/><V7/><F57/><W130/><G130/><T63/><D36/><U15/><E60/><V48/><F43/><W131/><G131/><T111/><D90/><U27/><E27/><V34/><F34/><W72/><REACH who="3" step="1"/><G61/><REACH who="3" ten="250,250,250,240" step="2"/><T56/><D111/><U59/><E84/><V114/><F114/><W94/><G94/><T55/><D45/><U78/><E87/><V46/><F46/><W39/><G39/><T81/><D83/><U91/><E80/><V37/><F51/><W93/><G93/><T96/><D81/><U64/><E73/><V35/><F86/><W98/><G98/><T118/><D96/><U103/><E107/><V6/><F50/><W26/><G26/><T67/><D118/><U134/><E134/><V2/><F49/><W92/><G92/><N who="0" m="58599" /><D79/><U110/><E110/><V70/><F48/><W122/><G122/><T21/><D105/><N who="1" m="63727" /><E91/><V58/><F88/><W53/><G53/><AGARI ba="0,1" hai="16,18,19,21,22,52,53,55,56,63,67" m="58599" machi="53" ten="30,5800,0" yaku="8,1,54,2" doraHai="31" who="0" fromWho="3" sc="250,68,250,0,250,0,240,-58" /><INIT seed="0,1,0,3,5,30" ten="318,250,250,182" oya="0" hai0="113,81,47,127,121,118,39,58,104,35,17,110,89" hai1="83,120,49,23,93,48,129,32,111,132,4,109,53" hai2="25,63,38,18,96,75,98,97,16,5,1,26,70" hai3="103,9,66,91,88,85,119,40,90,69,43,62,125"/><T86/><D113/><U80/><E120/><V51/><F38/><W134/><G119/><T15/><D121/><U59/><E129/><V57/><F75/><W42/><G134/><T115/><D115/><U105/><E105/><V124/><F124/><W74/><G74/><T76/><D127/><U94/><E132/><V41/><F70/><W95/><G125/><T135/><D135/><U65/><E65/><V77/><F77/><W73/><G73/><T122/><D122/><U50/><E4/><V92/><F5/><W82/><REACH who="3" step="1"/><G9/><REACH who="3" ten="318,250,250,172" step="2"/><T114/><D118/><U131/><E131/><V106/><F106/><W3/><G3/><T68/><D104/><U61/><E109/><V14/><F1/><W107/><G107/><T112/><D68/><U117/><E111/><V100/><F41/><W78/><G78/><T84/><D110/><U2/><E117/><V79/><F79/><W87/><G87/><T31/><D114/><U46/><E2/><V72/><F72/><W123/><G123/><T60/><D112/><U116/><E116/><V33/><F98/><AGARI ba="1,1" hai="40,42,43,62,66,69,82,85,88,90,91,95,98,103" machi="98" ten="40,2600,0" yaku="1,1,54,1,53,0" doraHai="30" doraHaiUra="71" who="3" fromWho="2" sc="318,0,250,0,250,-29,172,39" /><INIT seed="1,0,0,1,3,94" ten="318,250,221,211" oya="1" hai0="35,49,73,22,46,77,87,107,4,105,64,79,96" hai1="1,30,56,26,115,8,68,102,42,20,11,126,6" hai2="45,130,10,88,91,82,37,89,63,32,134,48,81" hai3="128,38,122,53,108,34,92,99,9,36,54,132,55"/><U120/><E68/><V25/><F134/><W114/><G122/><T129/><D129/><U131/><E120/><V109/><F109/><W57/><G114/><T7/><D35/><U121/><E121/><V40/><F130/><W125/><G34/><T85/><D64/><U61/><E115/><V133/><F133/><W69/><G125/><T74/><D22/><U113/><E113/><V90/><F63/><W14/><G69/><T83/><D49/><U0/><E131/><V78/><F10/><W101/><G108/><T71/><D46/><U135/><E126/><V75/><F37/><W39/><G128/><T111/><D111/><U60/><E42/><V127/><F127/><W23/><G23/><T84/><D71/><U76/><E76/><N who="0" m="29257" /><D7/><U93/><E135/><V116/><F116/><W12/><G132/><T98/><D4/><U117/><E117/><V86/><F32/><W65/><REACH who="3" step="1"/><G9/><REACH who="3" ten="318,250,221,201" step="2"/><T16/><D83/><U66/><E8/><V112/><F112/><W58/><G58/><T18/><D73/><U118/><E0/><V28/><F28/><W43/><G43/><T41/><D41/><U52/><E118/><V27/><AGARI ba="0,1" hai="25,27,40,45,48,75,78,81,82,86,88,89,90,91" machi="27" ten="30,2000,0" yaku="0,1,54,1" doraHai="94" who="2" fromWho="2" sc="318,-5,250,-10,221,30,201,-5" /><INIT seed="2,0,0,0,4,71" ten="313,240,251,196" oya="2" hai0="88,87,83,89,26,40,61,47,79,74,76,51,114" hai1="46,119,64,34,81,52,62,28,24,54,86,66,109" hai2="7,75,134,9,56,39,108,67,129,69,30,37,60" hai3="25,44,82,20,116,80,130,4,115,14,125,19,107"/><V127/><F75/><W48/><G116/><T72/><D114/><U2/><E2/><V53/><F30/><W31/><G115/><T27/><D61/><U98/><E119/><V11/><F129/><W36/><G107/><T65/><D65/><U55/><E98/><V29/><F29/><W6/><G125/><T92/><REACH who="0" step="1"/><D89/><REACH who="0" ten="303,240,251,196" step="2"/><U57/><E109/><V97/><F108/><W113/><G113/><T18/><D18/><U105/><E64/><V77/><F77/><W41/><G130/><T100/><D100/><U5/><E5/><V32/><F127/><W59/><G6/><T120/><D120/><U128/><E128/><V112/><F112/><W131/><G4/><T49/><D49/><U21/><E105/><V101/><F7/><W3/><G131/><T111/><D111/><U135/><E135/><V95/><F134/><W50/><G3/><T35/><D35/><U8/><E34/><V17/><F32/><W104/><G104/><T16/><D16/><U123/><E123/><V1/><F17/><W85/><G50/><T84/><D84/><U0/><E0/><V22/><F1/><W58/><G48/><T73/><D73/><U121/><E121/><V90/><F101/><W70/><G85/><T99/><D99/><U68/><E68/><V133/><F133/><W118/><G70/><T93/><D93/><U110/><E110/><V96/><F96/><W94/><G94/><T106/><D106/><U78/><E46/><V43/><F97/><W23/><REACH who="3" step="1"/><G118/><REACH who="3" ten="303,240,251,186" step="2"/><T124/><D124/><U122/><E122/><V117/><F117/><W132/><G132/><RYUUKYOKU ba="0,2" sc="303,10,240,10,251,-30,186,10" hai0="26,27,40,47,51,72,74,76,79,83,87,88,92" hai1="8,21,24,28,52,54,55,57,62,66,78,81,86" hai3="14,19,20,23,25,31,36,41,44,58,59,80,82" /><INIT seed="3,1,2,3,1,17" ten="313,250,221,196" oya="3" hai0="91,29,126,57,47,63,22,96,37,125,92,56,33" hai1="111,129,61,85,109,4,12,122,89,26,64,14,32" hai2="40,121,49,8,69,58,2,59,18,81,5,36,9" hai3="24,35,20,28,45,55,98,80,107,50,130,25,104"/><W84/><G130/><T120/><D120/><U83/><E122/><V124/><F121/><W87/><G87/><T52/><D57/><U7/><E129/><V65/><F124/><N who="0" m="47722" /><D33/><U78/><E32/><V131/><F131/><W108/><G108/><N who="1" m="41546" /><E26/><V44/><F81/><W128/><G128/><T118/><D118/><U113/><E78/><V68/><F9/><W116/><G116/><T51/><D37/><U106/><E106/><V127/><F127/><W53/><G98/><T72/><D72/><U86/><E86/><V66/><F18/><W74/><G74/><T27/><D47/><U60/><E60/><AGARI ba="1,2" hai="22,27,29,51,52,56,60,63,91,92,96" m="47722" machi="60" ten="30,3900,0" yaku="18,1,52,1,54,1" doraHai="17" who="0" fromWho="1" sc="313,62,250,-42,221,0,196,0" /><INIT seed="4,0,0,5,0,56" ten="375,208,221,196" oya="0" hai0="85,3,80,134,7,130,68,63,120,97,74,17,113" hai1="90,87,81,16,92,131,46,117,42,43,94,89,1" hai2="78,84,47,112,103,110,52,10,79,39,111,53,67" hai3="0,64,100,23,75,99,58,62,12,132,19,9,121"/><T109/><D120/><U135/><E1/><V102/><F112/><W21/><G132/><T38/><D38/><U8/><E117/><V73/><F10/><W26/><G121/><T32/><D113/><U37/><E131/><V54/><F67/><W123/><G123/><T49/><D32/><U5/><E135/><V107/><F73/><W35/><G75/><T29/><D74/><U41/><E37/><V114/><F114/><W77/><G77/><T27/><D3/><U59/><E46/><V93/><F107/><W13/><G35/><T69/><D68/><U24/><E59/><V125/><F125/><W44/><G44/><T55/><D69/><U82/><E5/><V104/><F104/><W128/><G128/><T48/><D109/><U36/><E36/><V124/><F124/><W76/><G76/><T28/><D134/><U30/><E30/><N who="0" m="11881" /><D7/><U106/><E106/><V116/><F116/><W72/><G72/><T96/><D17/><U66/><E66/><V133/><F133/><W6/><REACH who="3" step="1"/><G23/><REACH who="3" ten="375,208,221,186" step="2"/><T71/><D130/><U40/><N who="1" m="10240" /><DORA hai="126" /><U15/><REACH who="1" step="1"/><E24/><REACH who="1" ten="375,198,221,186" step="2"/><V127/><F127/><W60/><G60/><T2/><D27/><U31/><E31/><V4/><F39/><W33/><G33/><T65/><D63/><U118/><E118/><V20/><F111/><W101/><G101/><T129/><D129/><U91/><E91/><V105/><F103/><W108/><G108/><T115/><D115/><U61/><E61/><V83/><F102/><W86/><G86/><AGARI ba="0,2" hai="8,15,16,81,82,86,87,89,90,92,94" m="10240" machi="86" ten="50,8000,1" yaku="1,1,9,1,8,1,54,1,53,0" doraHai="56,126" doraHaiUra="45,50" who="1" fromWho="3" sc="375,0,198,100,221,0,186,-80" /><INIT seed="5,0,0,4,0,53" ten="375,298,221,106" oya="1" hai0="106,6,115,127,110,43,60,55,70,39,57,46,131" hai1="51,82,54,22,62,94,63,112,1,126,38,119,133" hai2="12,123,125,29,23,84,24,74,44,99,111,101,90" hai3="88,49,95,21,113,102,114,40,2,78,116,65,98"/><U87/><E112/><V120/><F111/><W16/><G2/><T91/><D115/><N who="3" m="44041" /><G78/><T100/><D110/><U58/><E119/><V135/><F74/><W121/><G121/><T17/><D6/><U124/><E38/><V75/><F75/><W93/><G65/><T73/><D73/><U32/><E1/><V122/><F125/><N who="1" m="48233" /><E32/><V117/><F117/><W107/><G116/><T96/><D127/><U56/><E94/><V5/><F135/><W27/><G40/><T4/><D4/><U59/><E22/><V33/><F44/><W31/><G49/><T72/><D72/><U103/><E103/><V11/><F33/><W92/><G31/><T9/><D91/><AGARI ba="0,0" hai="16,21,27,88,91,92,93,95,98,102,107" m="44041" machi="91" ten="30,3900,0" yaku="15,1,54,2" doraHai="53" who="3" fromWho="0" sc="375,-39,298,0,221,0,106,39" /><INIT seed="6,0,0,3,3,48" ten="336,298,221,145" oya="2" hai0="124,40,133,90,55,69,72,87,34,121,108,57,86" hai1="80,96,84,23,98,114,89,38,33,44,21,12,134" hai2="8,83,19,62,27,13,16,95,85,10,105,66,67" hai3="115,78,102,103,65,135,54,58,131,104,128,30,99"/><V51/><F105/><W60/><G103/><T92/><D121/><U9/><E33/><V24/><F95/><W129/><G135/><T37/><D108/><U56/><E114/><V68/><F67/><W35/><G78/><T1/><D124/><U11/><E134/><V42/><F42/><W123/><G123/><T36/><D1/><U25/><E38/><V112/><F112/><W70/><G115/><T73/><D34/><U71/><E71/><V97/><F97/><N who="1" m="37481" /><E44/><V101/><F101/><W94/><G94/><T45/><D69/><U100/><E56/><V31/><F31/><W63/><REACH who="3" step="1"/><G131/><REACH who="3" ten="336,298,221,135" step="2"/><T91/><D133/><U113/><E100/><V130/><F130/><W2/><G2/><T126/><D126/><U81/><E113/><V111/><F111/><W127/><G127/><T47/><D73/><U15/><E80/><V75/><F75/><W119/><G119/><T0/><D72/><U46/><E81/><V32/><F32/><W14/><G14/><T106/><D0/><U6/><E12/><V61/><F13/><W132/><G132/><T20/><D106/><U28/><E15/><V53/><F83/><W26/><AGARI ba="0,1" hai="26,30,35,54,58,60,63,65,70,99,102,104,128,129" machi="26" ten="30,8000,1" yaku="1,1,0,1,25,2,52,1,53,0" doraHai="48" doraHaiUra="117" who="3" fromWho="3" sc="336,-20,298,-20,221,-40,135,90" /><INIT seed="7,0,0,4,4,29" ten="316,278,181,225" oya="3" hai0="47,127,128,72,31,46,13,0,41,19,135,53,73" hai1="45,78,12,82,104,106,9,121,110,131,6,99,5" hai2="114,125,86,34,32,77,55,54,81,118,28,101,62" hai3="102,51,30,8,92,35,100,94,43,97,74,23,93"/><W75/><G23/><T11/><D128/><U26/><E110/><V126/><F118/><W85/><G8/><T18/><D135/><U33/><E131/><V107/><F28/><W7/><G7/><T22/><D31/><U89/><E121/><V103/><F114/><W80/><G51/><T123/><D127/><N who="2" m="48650" /><F62/><W48/><G48/><T113/><D113/><U67/><E67/><V68/><F68/><W2/><G43/><T71/><D71/><U98/><E45/><V40/><F40/><W69/><G2/><T88/><D53/><N who="2" m="19978" /><F107/><W64/><G64/><T91/><D47/><U124/><E104/><V63/><F63/><W132/><G69/><T129/><D129/><U117/><E106/><V57/><F57/><W52/><G52/><T49/><D123/><U42/><E117/><V116/><F116/><W65/><G65/><T4/><D19/><U133/><E5/><V14/><F14/><W39/><G30/><T105/><D105/><U90/><E42/><V60/><F60/><W115/><G115/><T134/><D134/><U36/><E133/><V109/><F109/><W21/><G132/><T27/><D0/><U10/><E36/><V24/><F24/><W66/><G66/><T15/><D27/><U130/><E130/><V111/><F111/><W17/><G39/><T44/><D46/><U122/><E122/><V119/><F119/><W120/><G120/><T3/><D3/><U56/><E56/><V95/><F95/><W87/><G94/><T61/><D61/><U38/><E124/><V70/><F70/><W37/><G37/><T108/><D108/><RYUUKYOKU ba="0,0" sc="316,15,278,-15,181,15,225,-15" hai0="4,11,13,15,18,22,41,44,49,72,73,88,91" hai2="32,34,77,81,86,101,103" owari="331,43.0,263,6.0,196,-30.0,210,-19.0" /></mjloggm>