<mjloggm ver="2.3"><GO type="41" lobby="0"/><UN n0="%E9%AB%98%E5%A4%A7%E6%87%89%E6%95%B8%E6%9C%80%E5%BC%B7%E9%9B%80%E5%A3%AB" n1="%E3%81%B2%E3%82%8D%E3%82%81%E3%82%8D%46" n2="%4C%45%4E%41%55%4C%54" n3="%E2%93%9D%53%75%70%68%78" dan="14,13,13,18" rate="1959.62,1859.95,1843.08,2038.98" sx="M,M,M,M"/><TAIKYOKU oya="0"/><INIT seed="0,0,0,1,5,105" ten="250,250,250,250" oya="0" hai0="58,109,35,0,96,6,4,48,71,90,1,64,60" hai1="38,89,101,110,3,70,66,123,67,24,47,14,112" hai2="128,54,34,115,113,57,18,77,23,85,46,133,28" hai3="44,125,76,29,9,36,49,99,134,17,55,84,124"/><T104/><D35/><U121/><E112/><V7/><F128/><W19/><G134/><T16/><D109/><U95/><E110/><V80/><F133/><W79/><G29/><T21/><D1/><U59/><E3/><V52/><F7/><W81/><G36/><T68/><D68/><U92/><E70/><V100/><F28/><W94/><G79/><T25/><D0/><U88/><E101/><V83/><F34/><W87/><G87/><T56/><D71/><U33/><E33/><V50/><F80/><W107/><G107/><T73/><D73/><U41/><E24/><V117/><F100/><W103/><REACH who="3" step="1"/><G9/><REACH who="3" ten="250,250,250,240" step="2"/><T13/><D104/><U132/><E132/><V42/><F117/><W82/><G82/><T53/><REACH who="0" step="1"/><D25/><REACH who="0" ten="240,250,250,240" step="2"/><U97/><E123/><V78/><F78/><W65/><G65/><T122/><D122/><U86/><E121/><V2/><F115/><W118/><G118/><T5/><D5/><U130/><E130/><V72/><F113/><W63/><G63/><T131/><D131/><U39/><E39/><V116/><F116/><W120/><G120/><T37/><D37/><U61/><REACH who="1" step="1"/><E14/><REACH who="1" ten="240,240,250,240" step="2"/><V91/><F2/><W22/><G22/><T106/><D106/><U127/><E127/><AGARI ba="0,3" hai="17,19,44,49,55,76,81,84,94,99,103,124,125,127" machi="127" ten="40,2600,0" yaku="1,1,18,1,53,0" doraHai="105" doraHaiUra="102" who="3" fromWho="1" sc="240,0,240,-26,250,0,240,56" /><INIT seed="1,0,0,2,1,2" ten="240,214,250,296" oya="1" hai0="70,29,22,98,19,115,53,55,104,43,36,134,121" hai1="42,135,80,49,47,126,64,109,96,74,48,59,130" hai2="87,132,9,18,75,66,33,13,99,117,85,110,3" hai3="45,90,127,73,77,6,68,105,61,71,125,8,122"/><U56/><E96/><V26/><F75/><W51/><G122/><T52/><D115/><U24/><E24/><V23/><F66/><W101/><G90/><T113/><D113/><U1/><E1/><V93/><F117/><W4/><G8/><T57/><D70/><N who="3" m="26665" /><G61/><T133/><D121/><U120/><E120/><V30/><F110/><W84/><G84/><T10/><D29/><U94/><E94/><V106/><F106/><W69/><G69/><T86/><D86/><U95/><E95/><V83/><F83/><N who="3" m="45487" /><G101/><N who="0" m="62519" /><D10/><U124/><E80/><V16/><F132/><N who="0" m="50794" /><D43/><U89/><E74/><V92/><F92/><W14/><G14/><N who="0" m="9591" /><D36/><U119/><E119/><V58/><F58/><AGARI ba="0,0" hai="52,53,55,57,58" m="9591,50794,62519" machi="58" ten="30,2000,0" yaku="20,1,54,1" doraHai="2" who="0" fromWho="2" sc="240,20,214,0,250,-20,296,0" /><INIT seed="2,0,0,4,1,104" ten="260,214,230,296" oya="2" hai0="60,62,93,43,51,67,91,131,46,133,109,117,17" hai1="75,63,49,68,84,25,6,119,40,5,78,47,53" hai2="34,90,74,48,7,56,59,15,8,3,128,135,70" hai3="86,2,36,57,115,124,32,21,19,88,87,12,29"/><V13/><F128/><W99/><G36/><T105/><D131/><U106/><E106/><V83/><F70/><W98/><G2/><T42/><D105/><U94/><E119/><V112/><F112/><W14/><G124/><T80/><D117/><U44/><E25/><V4/><F34/><W123/><G87/><T61/><D109/><U10/><E68/><V122/><F122/><W113/><G123/><T9/><D133/><U96/><E63/><V64/><F3/><W69/><G69/><T11/><D43/><U72/><E78/><V111/><F111/><W107/><G14/><T76/><D17/><U1/><E84/><V22/><F135/><W127/><G127/><T65/><D65/><U24/><E24/><V103/><F103/><W35/><G57/><T31/><D31/><U16/><E6/><V54/><F74/><W125/><G125/><T126/><D67/><U82/><E82/><V38/><F38/><W114/><G29/><T41/><D41/><U95/><E95/><V20/><F83/><N who="3" m="49247" /><G107/><T71/><D71/><U121/><E121/><V102/><F90/><W58/><G58/><T0/><D0/><U129/><E129/><V66/><F102/><W130/><G130/><T120/><D120/><U81/><E81/><V50/><F8/><W101/><G101/><T108/><D108/><U73/><E16/><V97/><F97/><AGARI ba="0,0" hai="12,19,21,32,35,97,98,99,113,114,115" m="49247" machi="97" ten="30,2000,0" yaku="11,1,54,1" doraHai="104" who="3" fromWho="2" sc="260,0,214,0,230,-20,296,20" /><INIT seed="3,0,0,1,3,35" ten="260,214,210,316" oya="3" hai0="106,133,9,80,72,12,10,36,21,105,113,108,11" hai1="84,58,49,27,7,68,86,98,79,67,69,62,59" hai2="16,28,129,130,8,116,82,48,114,50,15,109,76" hai3="75,74,57,40,100,3,127,45,102,70,123,13,61"/><W83/><G123/><T121/><D121/><U1/><E98/><V131/><F116/><W43/><G70/><T52/><D36/><U122/><E122/><V54/><F114/><W135/><G135/><T20/><D133/><U101/><E101/><V33/><F109/><W46/><G13/><T92/><D108/><U64/><E27/><N who="2" m="18591" /><F54/><W99/><G127/><T65/><D65/><U128/><E128/><N who="2" m="32771" /><V51/><DORA hai="111" /><F51/><W37/><G83/><T0/><D0/><U110/><E110/><V42/><F42/><W120/><G3/><T132/><D132/><U44/><E44/><V103/><F103/><W17/><G120/><T56/><D92/><U91/><E79/><V32/><F32/><W78/><G78/><T87/><D72/><AGARI ba="0,0" hai="8,15,16,48,50,72,76,82" m="32771,18591" machi="72" ten="40,2600,0" yaku="19,1,54,1" doraHai="35,111" who="2" fromWho="0" sc="260,-26,214,0,210,26,316,0" /><INIT seed="4,0,0,3,1,49" ten="234,214,236,316" oya="0" hai0="59,13,78,122,85,103,120,16,47,114,64,92,68" hai1="70,72,21,106,28,61,12,66,99,65,79,75,73" hai2="14,33,32,27,23,46,42,115,96,113,119,7,107" hai3="76,135,24,101,132,116,5,19,60,51,43,90,17"/><T126/><D68/><U2/><E2/><V25/><F107/><W52/><G116/><T35/><D35/><U105/><E79/><V89/><F96/><W44/><G101/><T124/><D114/><U83/><E83/><V129/><F89/><W130/><G5/><T22/><D47/><U82/><E82/><V77/><F77/><W26/><G130/><T111/><D111/><U127/><E127/><N who="0" m="48681" /><D78/><U29/><E66/><V30/><F129/><W121/><G121/><T97/><D85/><U95/><E106/><V110/><F110/><W40/><G76/><T128/><D128/><U41/><E41/><N who="3" m="15946" /><G60/><AGARI ba="0,0" hai="13,16,22,59,60,64,92,97,103,120,122" m="48681" machi="60" ten="30,2900,0" yaku="18,1,54,1" doraHai="49" who="0" fromWho="3" sc="234,29,214,0,236,0,316,-29" /><INIT seed="4,1,0,2,5,135" ten="263,214,236,287" oya="0" hai0="132,96,112,107,78,58,44,92,106,34,84,67,85" hai1="69,81,20,79,111,15,23,31,21,19,1,88,28" hai2="122,40,22,37,131,9,64,119,121,16,68,130,127" hai3="41,25,3,60,56,57,11,12,120,52,39,114,103"/><T108/><D34/><U8/><E69/><V54/><F9/><W101/><G3/><T36/><D132/><U86/><E111/><V0/><F0/><W24/><G114/><T10/><D108/><U109/><E109/><V118/><F54/><W66/><G120/><T91/><D112/><U90/><REACH who="1" step="1"/><E1/><REACH who="1" ten="263,204,236,287" step="2"/><V6/><F122/><W42/><G39/><T134/><D36/><U129/><E129/><V27/><F121/><W113/><G113/><T18/><D134/><U51/><E51/><V105/><F37/><W133/><G133/><T82/><D106/><U38/><E38/><V95/><F105/><W49/><G42/><T32/><D107/><U102/><E102/><N who="3" m="38922" /><G41/><T80/><D44/><U43/><E43/><V83/><F40/><W63/><G49/><T128/><D128/><U124/><E124/><V104/><F127/><W62/><G62/><T13/><D32/><U4/><E4/><AGARI ba="1,1" hai="4,11,12,24,25,52,56,57,60,63,66" m="38922" machi="4" ten="30,2000,0" yaku="8,1,54,1" doraHai="135" who="3" fromWho="1" sc="263,0,204,-23,236,0,287,33" /><INIT seed="5,0,0,1,2,58" ten="263,181,236,320" oya="1" hai0="95,28,4,68,54,43,104,65,75,39,133,128,40" hai1="49,114,96,47,113,102,120,116,0,3,52,119,27" hai2="124,108,118,88,123,61,71,66,18,56,87,72,50" hai3="82,83,134,132,94,51,5,1,15,13,57,32,78"/><U131/><E120/><V21/><F72/><W38/><G38/><T46/><D104/><U63/><E131/><V110/><F123/><W22/><G32/><T122/><D122/><U19/><E27/><V121/><F121/><W16/><G1/><T73/><D128/><U97/><E19/><V127/><F118/><N who="1" m="45097" /><E0/><V36/><F36/><W10/><G94/><T80/><D4/><U53/><E3/><V86/><F86/><W55/><REACH who="3" step="1"/><G78/><REACH who="3" ten="263,181,236,310" step="2"/><T92/><D95/><U20/><E20/><V62/><F110/><W117/><G117/><T60/><D92/><U48/><E102/><V67/><F108/><W129/><G129/><T99/><D80/><AGARI ba="0,1" hai="5,10,13,15,16,22,51,55,57,80,82,83,132,134" machi="80" ten="40,2600,0" yaku="1,1,54,1,53,0" doraHai="58" doraHaiUra="105" who="3" fromWho="0" sc="263,-26,181,0,236,0,310,36" /><INIT seed="6,0,0,1,2,96" ten="237,181,236,346" oya="2" hai0="13,40,65,123,32,60,17,61,108,128,73,77,9" hai1="50,82,101,119,15,112,116,56,107,118,34,66,127" hai2="90,83,30,25,110,79,55,38,6,28,74,11,130" hai3="16,95,43,114,88,37,124,117,54,80,129,86,5"/><V20/><F130/><W10/><G117/><T33/><D108/><U7/><E127/><V41/><F110/><W39/><G43/><T91/><D123/><U76/><E112/><V35/><F90/><W125/><G129/><T109/><D109/><U85/><E34/><V2/><F55/><W99/><G16/><T131/><D40/><U92/><E107/><V45/><F28/><W0/><G54/><T64/><D91/><U62/><E50/><V113/><F20/><W29/><G29/><T3/><D3/><U103/><REACH who="1" step="1"/><E92/><REACH who="1" ten="237,171,236,346" step="2"/><V104/><F104/><W47/><G114/><AGARI ba="0,1" hai="2,6,11,25,30,35,38,41,45,74,79,83,113,114" machi="114" ten="40,12000,1" yaku="25,2,23,2" doraHai="96" who="2" fromWho="3" sc="237,0,171,0,236,130,346,-120" /><INIT seed="6,1,0,2,0,71" ten="237,171,366,226" oya="2" hai0="55,25,120,95,100,74,9,63,123,15,44,117,112" hai1="110,128,70,135,61,20,116,102,114,105,96,24,65" hai2="56,4,39,90,6,113,84,89,29,125,78,69,54" hai3="88,106,7,91,77,34,5,103,21,57,76,126,22"/><V66/><F113/><W51/><G34/><T49/><D74/><U47/><E116/><V119/><F119/><W83/><G106/><T129/><D117/><U127/><E110/><V16/><F39/><W12/><G103/><T0/><D0/><U80/><E127/><V58/><F69/><W62/><G51/><T35/><D112/><U93/><E114/><V8/><F29/><W53/><G126/><T85/><D129/><U45/><E128/><V40/><F40/><W79/><G83/><T118/><D118/><U130/><E130/><V107/><F107/><W33/><G33/><T30/><D63/><U67/><E135/><V18/><F78/><W72/><G72/><T11/><D11/><U97/><E67/><V17/><F66/><W42/><G42/><T59/><D59/><N who="2" m="22570" /><F54/><W82/><G82/><T134/><D134/><U27/><E80/><N who="2" m="49287" /><F125/><W64/><G64/><T111/><D111/><U68/><E68/><V28/><F28/><W75/><G75/><T98/><REACH who="0" step="1"/><D85/><REACH who="0" ten="227,171,366,226" step="2"/><U101/><REACH who="1" step="1"/><E27/><REACH who="1" ten="227,161,366,226" step="2"/><V94/><F8/><N who="3" m="4111" /><G62/><T87/><D87/><AGARI ba="1,2" hai="4,6,16,17,18,87,90,94" m="49287,22570" machi="87" ten="30,2900,0" yaku="8,1,54,1" doraHai="71" who="2" fromWho="0" sc="227,-32,161,0,366,52,226,0" /><INIT seed="6,2,0,4,4,77" ten="195,161,418,226" oya="2" hai0="20,22,19,89,90,84,74,4,60,15,75,13,5" hai1="17,49,99,35,2,98,26,108,117,14,106,51,80" hai2="43,96,8,103,91,133,47,50,10,135,33,85,38" hai3="123,46,73,124,0,45,68,34,72,62,23,101,12"/><V97/><F33/><W54/><G0/><T94/><D60/><U9/><E108/><V42/><F97/><W7/><G34/><T93/><D75/><U48/><E117/><V31/><F31/><W112/><G124/><T82/><D74/><U57/><E106/><V105/><F43/><W65/><G123/><T1/><D1/><U59/><E2/><V16/><F38/><W36/><G112/><T122/><D122/><U132/><E132/><V88/><F91/><W67/><G101/><T44/><D44/><U83/><E35/><V111/><F111/><W3/><G67/><T130/><D130/><U71/><E71/><V116/><F116/><W120/><G46/><T18/><REACH who="0" step="1"/><D82/><REACH who="0" ten="185,161,418,226" step="2"/><N who="1" m="31275" /><E26/><V40/><F135/><W29/><G120/><T63/><D63/><U32/><E32/><V121/><F133/><W28/><G73/><T92/><D92/><U115/><E115/><V6/><F121/><W95/><G72/><T24/><D24/><U87/><E87/><AGARI ba="2,1" hai="4,5,13,15,18,19,20,22,84,87,89,90,93,94" machi="87" ten="30,12000,2" yaku="1,1,7,1,32,3,8,1,53,0" doraHai="77" doraHaiUra="110" who="0" fromWho="1" sc="185,136,161,-126,418,0,226,0" /><INIT seed="7,0,0,0,3,13" ten="321,35,418,226" oya="3" hai0="88,33,47,56,102,19,106,99,87,127,55,73,1" hai1="84,60,134,86,15,46,51,2,57,3,114,59,38" hai2="44,121,80,100,118,110,108,112,98,40,65,25,124" hai3="49,22,52,115,18,6,32,36,39,12,8,91,82"/><W90/><G115/><T125/><D1/><U109/><E114/><V123/><F80/><W7/><G32/><T20/><D33/><U48/><E109/><N who="2" m="42091" /><F65/><W135/><G135/><T58/><D73/><U54/><E134/><V9/><F9/><W130/><G130/><T76/><D76/><U61/><E3/><V94/><F112/><W23/><G39/><T95/><D47/><U81/><E2/><V21/><F118/><W111/><G36/><T96/><D56/><U113/><E38/><N who="2" m="21527" /><F124/><W4/><G111/><T97/><D97/><U68/><E68/><V92/><F92/><W5/><G82/><T14/><REACH who="0" step="1"/><D96/><REACH who="0" ten="311,35,418,226" step="2"/><U116/><E116/><V64/><F98/><W26/><REACH who="3" step="1"/><G23/><REACH who="3" ten="311,35,418,216" step="2"/><T89/><D89/><U120/><E120/><V133/><F133/><W42/><G42/><T35/><D35/><U62/><E113/><V77/><F121/><W37/><G37/><T41/><D41/><U132/><E132/><V74/><F123/><W83/><G83/><T128/><D128/><U50/><E15/><V119/><F119/><W122/><G122/><T66/><D66/><U17/><E81/><V24/><F64/><W27/><G27/><T34/><D34/><U126/><E126/><V16/><F25/><W0/><G0/><T78/><D78/><U29/><E29/><V75/><F77/><W105/><G105/><T28/><D28/><U43/><REACH who="1" step="1"/><E17/><REACH who="1" ten="311,25,418,216" step="2"/><V85/><F16/><W107/><G107/><T93/><D93/><U69/><E69/><V67/><F94/><W30/><G30/><T70/><D70/><U10/><E10/><V104/><F104/><RYUUKYOKU ba="0,3" sc="311,10,25,10,418,-30,216,10" hai0="14,19,20,55,58,87,88,95,99,102,106,125,127" hai1="43,46,48,50,51,54,57,59,60,61,62,84,86" hai3="4,5,6,7,8,12,18,22,26,49,52,90,91" /><INIT seed="7,1,3,5,0,19" ten="321,35,388,226" oya="3" hai0="7,90,122,0,131,44,26,60,17,52,117,36,107" hai1="84,103,9,120,58,31,40,99,123,13,16,35,133" hai2="106,75,47,59,104,68,24,101,95,49,127,102,130" hai3="4,83,23,41,76,71,22,64,18,20,57,43,8"/><W29/><G71/><T63/><D122/><U3/><E133/><V82/><F68/><W128/><G128/><T25/><D117/><U88/><E40/><V33/><F59/><W114/><G114/><T129/><D107/><U113/><E113/><V132/><F33/><W15/><G29/><T87/><D36/><U39/><E39/><V89/><F24/><W2/><G64/><T91/><D91/><U77/><E77/><N who="2" m="44351" /><F49/><W1/><G57/><T69/><D69/><U54/><BYE who="0" /><E3/><V110/><F47/><W73/><REACH who="3" step="1"/><G2/><REACH who="3" ten="321,35,388,216" step="2"/><T32/><D32/><U72/><E35/><V116/><F130/><W6/><G6/><T94/><D94/><U30/><E123/><UN n0="%E9%AB%98%E5%A4%A7%E6%87%89%E6%95%B8%E6%9C%80%E5%BC%B7%E9%9B%80%E5%A3%AB" /><V42/><F116/><W12/><G12/><T65/><D7/><U97/><E120/><V70/><F70/><W10/><AGARI ba="1,4" hai="1,4,8,10,15,18,20,22,23,41,43,73,76,83" machi="10" ten="30,12000,1" yaku="1,1,0,1,52,3,53,0" doraHai="19" doraHaiUra="96" who="3" fromWho="3" sc="321,-41,35,-41,388,-41,216,163" owari="280,-12.0,-6,-51.0,347,15.0,379,48.0" /></mjloggm>