<mjloggm ver="2.3"><GO type="41" lobby="0"/><UN n0="%58%61%6E%61%56%65%67%61" n1="%E2%93%9D%53%75%70%68%78" n2="%E4%BB%99%E5%A2%83%E5%B0%BE%E7%80%AC%E6%B2%BC%E8%8A%B1%E3%81%AE%E5%8E%9F" n3="%53%48%49%47%45%5A%4F" dan="15,17,15,15" rate="1948.54,2051.09,2025.52,1979.25" sx="M,M,F,M"/><TAIKYOKU oya="0"/><INIT seed="0,0,0,5,4,118" ten="250,250,250,250" oya="0" hai0="121,16,15,113,37,131,70,59,110,39,4,8,132" hai1="115,78,25,128,89,106,40,95,41,64,82,35,48" hai2="77,80,73,56,129,31,60,97,85,116,55,62,3" hai3="101,44,99,17,93,84,102,71,5,66,33,10,53"/><T103/><D113/><U68/><E106/><V107/><F3/><W20/><G33/><T87/><D70/><U108/><E108/><V29/><F129/><W67/><G84/><T83/><D131/><U21/><E35/><V112/><F112/><W38/><G101/><T119/><D119/><U127/><E127/><V22/><F116/><W65/><G71/><T32/><D32/><U43/><E64/><V133/><F133/><W86/><G86/><T1/><D132/><U130/><E68/><V76/><F60/><W9/><G5/><T100/><D110/><U24/><E24/><V52/><F55/><W63/><G38/><T7/><D121/><U96/><E115/><V51/><F62/><W117/><G117/><T18/><D59/><U91/><E91/><V114/><F22/><W109/><G109/><T88/><D4/><U135/><E135/><V50/><F50/><N who="3" m="28871" /><G63/><T26/><D26/><AGARI ba="0,0" hai="9,10,17,20,26,65,66,67,93,99,102" m="28871" machi="26" ten="30,1000,0" yaku="8,1" doraHai="118" who="3" fromWho="0" sc="250,-10,250,0,250,0,250,10" /><INIT seed="1,0,0,0,1,74" ten="240,250,250,260" oya="1" hai0="82,37,26,46,62,103,95,6,63,32,123,128,55" hai1="1,42,83,85,80,61,10,91,81,121,21,70,86" hai2="57,132,102,87,0,5,27,22,96,53,58,47,101" hai3="98,14,40,97,36,127,35,54,100,106,113,31,65"/><U122/><E42/><V99/><F132/><W118/><G113/><T111/><D111/><U114/><E114/><V8/><F47/><W94/><G127/><T29/><D128/><U124/><E124/><V126/><F126/><W64/><G118/><T13/><D123/><U39/><E39/><V66/><F66/><W43/><G35/><T28/><D28/><U120/><E21/><V125/><F125/><W49/><G31/><T117/><D117/><U18/><E18/><V112/><F112/><W108/><G14/><T131/><D131/><U92/><E70/><V34/><F34/><W30/><G108/><T71/><D71/><U109/><E61/><V76/><F99/><W90/><G30/><T2/><D2/><U116/><E109/><V7/><F7/><W93/><G106/><T16/><D6/><U78/><REACH who="1" step="1"/><E116/><REACH who="1" ten="240,240,250,260" step="2"/><V50/><F22/><W51/><G36/><T15/><D37/><U3/><E3/><V88/><F0/><W59/><G49/><T12/><D63/><U130/><E130/><V129/><F50/><W25/><G25/><T60/><D62/><U104/><E104/><V52/><F27/><W119/><G119/><T11/><D60/><U133/><E133/><V41/><F129/><W4/><G4/><AGARI ba="0,1" hai="1,4,10,78,80,81,83,85,86,91,92,120,121,122" machi="4" ten="40,3900,0" yaku="1,1,52,1,53,0" doraHai="74" doraHaiUra="110" who="1" fromWho="3" sc="240,0,240,49,250,0,260,-39" /><INIT seed="1,1,0,3,2,20" ten="240,289,250,221" oya="1" hai0="75,12,52,83,115,14,35,119,32,47,3,72,73" hai1="64,95,89,42,100,53,85,68,114,86,30,0,58" hai2="39,19,63,67,76,128,118,46,97,93,111,24,55" hai3="134,82,102,69,8,120,117,99,56,7,17,44,123"/><U51/><E0/><V90/><F118/><W108/><G69/><T74/><D119/><U59/><E114/><V103/><F111/><W77/><G108/><T43/><D115/><U94/><E68/><V130/><F76/><W80/><G117/><T54/><D3/><U107/><E107/><V4/><F4/><W2/><G134/><T87/><D12/><U66/><E42/><V5/><F5/><W25/><G44/><T38/><D14/><U105/><E105/><V84/><F39/><W79/><G56/><T62/><N who="0" m="18432" /><DORA hai="132" /><T60/><D60/><U29/><E100/><V50/><F19/><W112/><G77/><T104/><D104/><U81/><E95/><V96/><F24/><W27/><G112/><T131/><D131/><N who="2" m="50218" /><F103/><W65/><G79/><T78/><REACH who="0" step="1"/><D62/><REACH who="0" ten="230,289,250,221" step="2"/><N who="1" m="37975" /><E66/><V106/><F106/><W48/><G65/><T113/><D113/><U98/><E98/><V9/><F9/><W16/><G99/><T129/><D129/><U135/><E135/><V127/><F97/><W45/><G8/><T71/><D71/><U28/><E86/><V49/><F96/><W101/><G2/><T18/><D18/><U11/><E11/><V10/><F10/><W91/><G7/><T61/><D61/><U109/><E109/><V33/><F63/><W23/><G17/><T110/><D110/><U31/><E31/><V125/><F67/><W26/><G16/><T13/><D13/><U88/><E30/><V116/><F116/><W40/><G25/><T21/><D21/><U121/><E121/><V37/><F84/><W1/><G123/><T122/><D122/><RYUUKYOKU ba="1,1" sc="230,15,289,15,250,-15,221,-15" hai0="32,35,38,43,47,52,54,78,83,87" hai1="28,29,51,53,59,81,85,88,89,94" /><INIT seed="1,2,1,2,1,132" ten="245,304,235,206" oya="1" hai0="116,41,97,104,96,122,86,7,56,66,95,74,3" hai1="121,113,79,84,129,44,69,89,53,103,46,98,47" hai2="15,11,93,42,33,63,101,91,40,108,119,78,58" hai3="109,39,100,50,24,92,38,127,4,36,134,22,125"/><U67/><E121/><V82/><F33/><W60/><G134/><T64/><D116/><U135/><E113/><V18/><F101/><W49/><G109/><T106/><D74/><U23/><E129/><V34/><F34/><W9/><G60/><T115/><D115/><U111/><E79/><V10/><F108/><W85/><G85/><T57/><D41/><U30/><E69/><V117/><F119/><W1/><G92/><T52/><D122/><U68/><E68/><V35/><F35/><W80/><G80/><T99/><D3/><U6/><E67/><V55/><F10/><W131/><G100/><T77/><D7/><U5/><E53/><V110/><F110/><W31/><REACH who="3" step="1"/><G131/><REACH who="3" ten="245,304,235,196" step="2"/><T54/><D104/><U130/><E130/><V124/><F117/><W71/><G71/><T102/><D106/><U13/><E135/><V126/><F126/><AGARI ba="2,2" hai="1,4,9,22,24,31,36,38,39,49,50,125,126,127" machi="126" ten="50,8000,1" yaku="1,1,18,1,52,3,53,0" doraHai="132" doraHaiUra="88" who="3" fromWho="2" sc="245,0,304,0,235,-86,196,106" /><INIT seed="2,0,0,5,2,134" ten="245,304,149,302" oya="2" hai0="19,128,79,112,41,20,50,103,70,108,127,25,64" hai1="117,118,80,49,58,90,53,75,73,16,65,8,17" hai2="31,84,89,72,132,97,130,110,67,71,9,1,18" hai3="5,124,121,39,120,7,81,107,42,135,21,99,63"/><V10/><F72/><W114/><G135/><T102/><D112/><U86/><E65/><V33/><F132/><W109/><G114/><T126/><D108/><U82/><E75/><V4/><F110/><W0/><G21/><T74/><D128/><U60/><E60/><V116/><F116/><W14/><G14/><T55/><D41/><U56/><E56/><V6/><F130/><W26/><G26/><T54/><D64/><U95/><E73/><V48/><F97/><W57/><G81/><T44/><D70/><U24/><E118/><V52/><F18/><W15/><G15/><T94/><D55/><U37/><E37/><V88/><F31/><W122/><G0/><T78/><D94/><U29/><E117/><V43/><F33/><W66/><G109/><T69/><D69/><U101/><E8/><V59/><F43/><W30/><G30/><T85/><D85/><U34/><REACH who="1" step="1"/><E82/><REACH who="1" ten="245,294,149,302" step="2"/><V68/><F67/><W92/><G57/><T100/><REACH who="0" step="1"/><D74/><REACH who="0" ten="235,294,149,302" step="2"/><U46/><E46/><V61/><F71/><W91/><G66/><T77/><AGARI ba="0,2" hai="19,20,25,44,50,54,77,78,79,100,102,103,126,127" machi="77" ten="40,12000,2" yaku="1,1,2,1,0,1,52,2,53,1" doraHai="134" doraHaiUra="13" who="0" fromWho="0" sc="235,140,294,-30,149,-60,302,-30" /><INIT seed="3,0,0,0,1,111" ten="375,264,89,272" oya="3" hai0="116,128,90,46,96,74,101,108,28,43,132,2,66" hai1="100,27,94,95,89,42,20,76,0,78,63,72,110" hai2="19,51,49,17,71,112,12,104,99,16,102,105,118" hai3="29,11,97,84,80,41,26,21,24,62,57,61,48"/><W14/><G97/><T120/><D120/><U82/><E0/><V59/><F71/><W32/><G57/><T87/><D116/><U34/><E34/><V70/><F70/><W107/><G107/><T44/><D108/><U123/><E123/><V67/><F118/><W52/><G41/><T25/><D2/><U126/><E126/><V103/><F12/><W4/><G26/><T121/><D132/><U10/><E10/><V33/><F33/><W47/><REACH who="3" step="1"/><G32/><REACH who="3" ten="375,264,89,262" step="2"/><T3/><D43/><U37/><E42/><V53/><F67/><W81/><G81/><T60/><D96/><U119/><E82/><V134/><F99/><W22/><G22/><T31/><D25/><U98/><E20/><V38/><F105/><W86/><G86/><T129/><D87/><U93/><E27/><V117/><F104/><W6/><G6/><T50/><D66/><U65/><E119/><V113/><F117/><W135/><G135/><T83/><D83/><U64/><E110/><V7/><F134/><W125/><G125/><T18/><D121/><U35/><E65/><V79/><F7/><W75/><G75/><T36/><D74/><U45/><E72/><V15/><F59/><W1/><G1/><T40/><D3/><U9/><E35/><V115/><F15/><W58/><G58/><T54/><D40/><N who="1" m="22671" /><E95/><V92/><F92/><W91/><AGARI ba="0,1" hai="4,11,14,21,24,29,47,48,52,61,62,80,84,91" machi="91" ten="20,12000,1" yaku="1,1,0,1,7,1,8,1,54,1,53,0" doraHai="111" doraHaiUra="131" who="3" fromWho="3" sc="375,-40,264,-40,89,-40,262,130" /><INIT seed="3,1,0,3,3,109" ten="335,224,49,392" oya="3" hai0="111,134,49,57,54,115,26,53,125,58,6,64,117" hai1="2,5,10,76,132,60,59,13,73,82,101,99,63" hai2="27,118,95,51,50,122,126,128,0,78,88,43,104" hai3="96,56,52,110,55,46,34,94,1,47,14,102,37"/><W90/><G1/><T30/><D117/><U129/><E129/><V65/><F118/><W127/><G127/><T29/><D111/><U12/><E132/><V23/><F0/><W44/><G34/><T105/><D105/><U48/><E48/><V133/><F104/><W11/><G110/><T91/><D134/><U19/><E63/><V31/><F133/><W89/><G37/><T75/><D75/><U98/><E2/><V21/><F128/><W33/><G33/><T3/><D125/><U84/><E73/><V68/><F122/><W15/><G15/><T70/><D6/><U62/><E62/><V17/><F78/><W38/><G38/><T87/><D3/><U97/><E101/><V106/><F106/><W9/><G9/><T36/><D36/><U107/><E107/><V93/><F126/><W24/><G24/><T74/><D74/><U41/><E41/><V4/><F4/><W100/><G100/><T16/><D64/><U39/><E39/><V20/><F20/><W25/><G25/><T61/><D70/><U121/><E121/><V85/><F43/><W18/><REACH who="3" step="1"/><G55/><REACH who="3" ten="335,224,49,382" step="2"/><T77/><D54/><N who="1" m="33911" /><E13/><V113/><F27/><W7/><G7/><AGARI ba="1,1" hai="5,7,10,12,19,76,82,84,97,98,99" m="33911" machi="7" ten="30,1000,0" yaku="8,1" doraHai="109" who="1" fromWho="3" sc="335,0,224,23,49,0,382,-13" /><INIT seed="4,0,0,0,2,49" ten="335,247,49,369" oya="0" hai0="85,10,37,55,78,62,44,57,13,68,14,106,116" hai1="30,72,36,90,114,79,9,91,135,69,12,31,127" hai2="23,131,0,133,48,134,46,21,54,61,124,120,101" hai3="52,18,89,130,50,60,82,40,76,26,128,41,104"/><T115/><D115/><U118/><E118/><V75/><F75/><W105/><G89/><T86/><D116/><U70/><E36/><V56/><F0/><W22/><G60/><T35/><D35/><U94/><E135/><V111/><F111/><W28/><G28/><T63/><D106/><U64/><E127/><V97/><F120/><W95/><G95/><T123/><D123/><U125/><E125/><V51/><F124/><W83/><G40/><T42/><D78/><U38/><E38/><V93/><F131/><N who="3" m="50219" /><G41/><T117/><D117/><U113/><E79/><V126/><F126/><W121/><G121/><T19/><REACH who="0" step="1"/><D14/><REACH who="0" ten="325,247,49,369" step="2"/><U11/><E12/><V99/><F134/><W109/><G76/><T98/><D98/><U32/><E32/><V81/><F133/><W5/><G105/><T25/><D25/><U47/><E114/><V122/><F122/><W24/><G26/><T74/><D74/><U102/><E113/><V45/><F99/><W58/><G104/><T107/><D107/><U66/><E72/><V108/><F108/><W39/><G109/><T71/><D71/><U96/><E96/><V8/><F97/><W59/><G24/><T87/><D87/><U65/><E70/><V77/><F77/><W34/><G34/><T33/><D33/><U112/><E69/><V67/><F101/><W119/><G119/><T4/><D4/><U15/><E112/><V92/><F45/><W7/><G5/><T88/><D88/><U1/><E102/><V110/><F46/><W53/><G7/><T2/><D2/><U29/><E1/><V16/><F110/><RYUUKYOKU ba="0,1" sc="325,30,247,-10,49,-10,369,-10" hai0="10,13,19,37,42,44,55,57,62,63,68,85,86" /><INIT seed="4,1,1,2,4,76" ten="355,237,39,359" oya="0" hai0="90,66,59,75,13,19,50,6,54,30,113,112,106" hai1="35,5,78,83,68,61,88,22,127,29,99,10,130" hai2="73,27,1,64,47,71,36,125,77,128,42,96,82" hai3="48,92,49,60,135,62,23,28,15,20,11,40,21"/><T4/><D106/><U97/><E35/><V74/><F125/><W16/><G135/><T25/><D75/><U0/><E127/><V38/><F128/><W80/><G28/><T115/><D66/><U24/><E130/><V44/><F73/><W18/><G18/><T39/><D39/><U105/><E105/><V56/><F56/><W91/><G80/><T122/><D122/><U94/><E99/><V55/><F55/><W104/><G104/><T93/><D25/><U119/><E119/><V85/><F96/><W95/><G95/><T79/><D79/><U12/><E68/><V9/><F85/><W63/><REACH who="3" step="1"/><G40/><REACH who="3" ten="355,237,39,349" step="2"/><T52/><D30/><U37/><E29/><V8/><F42/><W89/><G89/><T45/><D90/><U34/><E88/><V118/><F82/><W86/><AGARI ba="1,2" hai="11,15,16,20,21,23,48,49,60,62,63,86,91,92" machi="86" ten="30,7900,0" yaku="1,1,0,1,8,1,54,1,53,0" doraHai="76" doraHaiUra="72" who="3" fromWho="3" sc="355,-40,237,-21,39,-21,349,102" /><INIT seed="5,0,0,1,1,56" ten="315,216,18,451" oya="1" hai0="111,77,62,63,51,12,19,93,119,126,6,68,98" hai1="55,50,9,87,0,65,10,88,35,30,52,11,22" hai2="135,134,94,91,118,133,57,100,132,116,131,106,83" hai3="70,18,39,45,95,23,102,58,34,75,115,29,67"/><U53/><E35/><V7/><N who="2" m="33792" /><DORA hai="92" /><V108/><F108/><W97/><G75/><T123/><D119/><U90/><E0/><V79/><F7/><W36/><G70/><T71/><D111/><U104/><E104/><V124/><F124/><W64/><G64/><T117/><D117/><N who="2" m="45162" /><F57/><W61/><G45/><T42/><D126/><U8/><E65/><V82/><F131/><W72/><G72/><T14/><D123/><U59/><E11/><V84/><F79/><W78/><G78/><T31/><D31/><U99/><E90/><V27/><F27/><N who="3" m="16639" /><G34/><T26/><D71/><U112/><E112/><V96/><AGARI ba="0,0" hai="82,83,84,91,94,96,100,106" m="45162,33792" machi="96" ten="60,8000,1" yaku="20,1,34,2,52,1" doraHai="56,92" who="2" fromWho="2" sc="315,-20,216,-40,18,80,451,-20" /><INIT seed="6,0,0,5,0,58" ten="295,176,98,431" oya="2" hai0="14,84,22,56,57,38,120,2,132,119,127,1,77" hai1="54,59,4,20,5,64,96,117,129,37,79,39,40" hai2="85,10,107,125,108,41,86,49,102,90,109,42,110" hai3="7,31,52,98,66,124,100,118,106,72,32,131,112"/><V83/><F125/><W103/><G72/><T53/><D120/><U74/><E117/><V122/><F122/><W130/><G100/><T67/><D38/><U26/><E64/><V123/><F123/><W134/><G118/><T121/><D121/><U13/><E129/><V17/><F85/><W50/><G124/><T36/><D132/><U116/><E116/><V75/><F75/><W24/><G134/><T105/><D105/><U21/><E40/><V95/><F107/><W82/><G7/><T44/><D127/><U93/><E79/><V25/><F49/><W73/><G66/><T43/><D119/><U69/><E69/><V94/><F94/><W115/><G82/><T91/><D77/><U89/><E39/><V34/><F10/><W6/><G6/><T11/><D22/><U47/><E74/><V114/><F114/><N who="3" m="43563" /><G73/><T135/><D57/><AGARI ba="0,0" hai="24,31,32,50,52,57,98,103,106,130,131" m="43563" machi="57" ten="30,3900,0" yaku="15,1,11,1,54,1" doraHai="58" who="3" fromWho="0" sc="295,-39,176,0,98,0,431,39" /><INIT seed="7,0,0,1,4,133" ten="256,176,98,470" oya="3" hai0="60,110,28,95,57,117,76,12,53,127,52,26,80" hai1="21,81,32,91,97,109,120,0,90,87,16,1,13" hai2="41,84,40,45,49,6,100,116,46,27,107,131,8" hai3="105,98,88,11,17,79,50,77,36,70,10,82,44"/><W85/><G36/><T2/><D117/><U94/><E109/><V38/><F131/><W96/><G70/><T66/><D127/><U73/><E32/><V5/><F116/><W25/><G105/><T64/><D2/><U101/><E120/><V86/><F107/><W30/><G30/><T123/><D110/><U78/><REACH who="1" step="1"/><E91/><REACH who="1" ten="256,166,98,470" step="2"/><V47/><F100/><W37/><G88/><T113/><D123/><U18/><E18/><V108/><F108/><W126/><G79/><T33/><D113/><U54/><E54/><V130/><F130/><W119/><G17/><T51/><D53/><U58/><E58/><V75/><F75/><W128/><G77/><T19/><D33/><U56/><E56/><V35/><F45/><W4/><G44/><T67/><D52/><U43/><E43/><V118/><F118/><W15/><G128/><T125/><D57/><U20/><E20/><V42/><F42/><W62/><G62/><T122/><D19/><U7/><E7/><V102/><F102/><W9/><G4/><T29/><D122/><U63/><E63/><V134/><F134/><W115/><G9/><T74/><D60/><U93/><AGARI ba="0,1" hai="0,1,13,16,21,73,78,81,87,90,93,94,97,101" machi="93" ten="20,5200,0" yaku="1,1,0,1,7,1,54,1,53,0" doraHai="133" doraHaiUra="135" who="1" fromWho="1" sc="256,-13,166,62,98,-13,470,-26" owari="243,4.0,228,-17.0,85,-41.0,444,54.0" /></mjloggm>