<mjloggm ver="2.3"><GO type="41" lobby="0"/><UN n0="%E2%93%9D%53%75%70%68%78" n1="%E3%82%82%E3%82%8A%E3%82%82%E3%82%8A%E3%81%8A%E3%81%AB%E3%81%8E%E3%82%8A" n2="%E5%9B%BD%E5%A3%AB%E7%8C%AB" n3="%6D%69%79%6D%6F" dan="18,17,13,13" rate="2151.80,2238.81,1814.61,1909.40" sx="M,M,M,M"/><TAIKYOKU oya="0"/><INIT seed="0,0,0,2,0,121" ten="250,250,250,250" oya="0" hai0="60,83,90,43,73,57,100,32,33,59,101,91,51" hai1="31,50,114,19,79,84,29,1,109,102,22,108,127" hai2="26,119,78,97,54,18,0,24,77,44,85,65,123" hai3="12,15,118,76,131,13,68,20,116,130,56,115,117"/><T17/><D73/><U66/><E114/><V104/><F123/><W120/><G120/><T98/><D17/><U48/><E1/><V128/><F85/><W37/><G37/><T28/><D28/><N who="1" m="10827" /><E102/><V88/><F18/><W38/><G38/><T11/><D11/><U34/><E34/><V99/><F54/><W134/><G68/><T110/><D83/><N who="1" m="47231" /><E66/><V7/><F65/><W106/><G106/><T129/><D129/><N who="3" m="49161" /><G76/><T89/><D101/><U93/><E93/><V14/><F128/><W27/><G56/><T86/><D59/><U47/><E47/><V35/><F44/><W74/><G74/><T80/><D33/><U112/><E112/><V135/><F104/><W5/><G115/><T55/><D32/><U71/><E71/><V10/><F35/><W133/><G5/><T9/><D80/><U49/><E127/><V23/><F0/><W40/><G40/><T67/><D43/><U58/><E58/><V70/><F70/><W95/><G95/><T4/><D67/><U3/><E3/><V61/><F61/><W21/><G27/><N who="2" m="10281" /><F23/><AGARI ba="0,0" hai="12,13,15,20,21,23,116,117,118,133,134" m="49161" machi="23" ten="40,8000,1" yaku="28,2,19,1,34,2" doraHai="121" who="3" fromWho="2" sc="250,0,250,0,250,-80,250,80" /><INIT seed="1,0,0,4,5,82" ten="250,250,170,330" oya="1" hai0="132,19,30,27,55,12,90,110,114,56,42,59,102" hai1="11,120,128,92,117,50,127,24,89,84,25,44,123" hai2="116,118,28,47,63,5,58,60,23,109,71,131,135" hai3="104,83,76,94,65,40,81,22,37,4,62,106,17"/><U96/><E117/><V32/><F32/><W35/><G35/><T6/><D110/><U129/><E127/><V100/><F100/><W8/><G37/><T85/><D132/><U51/><E11/><V45/><F5/><W43/><G83/><T34/><D114/><U134/><E134/><V105/><F105/><W18/><G18/><T101/><D42/><U68/><E68/><V48/><F23/><W95/><G104/><T31/><D59/><U70/><E70/><V75/><F75/><W88/><G106/><T98/><D98/><U124/><E124/><V29/><F29/><W39/><G39/><T13/><D6/><U73/><E73/><V103/><F103/><W69/><G4/><T72/><D13/><U16/><E96/><V125/><F28/><W113/><G8/><T133/><D31/><U38/><E38/><V57/><F125/><W80/><G80/><T26/><D26/><N who="1" m="10347" /><E51/><V14/><F14/><W54/><G54/><T78/><D133/><U46/><E16/><V86/><F135/><W87/><G95/><N who="0" m="54735" /><D72/><U93/><E93/><V52/><F109/><W119/><G119/><N who="2" m="45609" /><F86/><W66/><G66/><T7/><D7/><U108/><E108/><V99/><F99/><W130/><G113/><T115/><D115/><U126/><E126/><V33/><F33/><W111/><G111/><T20/><D34/><U67/><E84/><V122/><F122/><W9/><G69/><T74/><D30/><U2/><E120/><V107/><F107/><W53/><G65/><T10/><D74/><U121/><E123/><V77/><F71/><W112/><G112/><RYUUKYOKU ba="0,0" sc="250,0,250,0,170,0,330,0" /><INIT seed="2,1,0,3,4,31" ten="250,250,170,330" oya="2" hai0="6,4,44,94,106,36,34,42,54,92,18,9,119" hai1="107,22,49,62,25,130,81,26,14,114,53,129,96" hai2="23,112,35,74,61,93,73,30,21,91,12,16,67" hai3="100,79,70,99,15,20,71,19,126,29,24,0,43"/><V75/><F112/><W95/><G126/><T124/><D106/><U90/><E114/><V7/><F7/><W118/><G118/><T110/><D110/><U103/><E62/><V78/><F23/><W125/><G125/><T76/><D124/><U87/><E14/><V102/><F102/><W89/><G79/><T134/><D134/><U63/><E63/><V98/><F30/><W113/><G113/><T2/><D6/><U117/><E117/><V37/><F37/><W69/><G43/><T88/><D94/><U101/><E101/><V13/><F13/><W83/><G83/><T80/><D54/><U128/><REACH who="1" step="1"/><E22/><REACH who="1" ten="250,240,170,330" step="2"/><V58/><REACH who="2" step="1"/><F78/><REACH who="2" ten="250,240,160,330" step="2"/><W86/><G15/><T77/><D77/><U65/><E65/><V40/><F40/><W68/><G0/><T47/><D42/><U109/><E109/><V135/><F135/><W66/><G66/><T108/><D108/><U51/><E51/><V105/><F105/><W33/><G70/><T64/><D64/><U3/><E3/><V56/><F56/><AGARI ba="1,2" hai="25,26,49,53,56,81,87,90,96,103,107,128,129,130" machi="56" ten="40,2600,0" yaku="1,1,19,1,53,0" doraHai="31" doraHaiUra="57" who="1" fromWho="2" sc="250,0,240,49,160,-29,330,0" /><INIT seed="3,0,0,5,1,128" ten="250,289,131,330" oya="3" hai0="107,45,12,71,9,27,97,34,47,118,77,91,35" hai1="50,38,7,105,53,88,114,65,43,106,89,46,24" hai2="13,56,87,61,6,36,102,64,123,32,28,17,62" hai3="55,3,8,130,127,40,44,111,73,121,78,98,37"/><W96/><G121/><T51/><D118/><U115/><E7/><V69/><F36/><W59/><G130/><T49/><D71/><U22/><E65/><V104/><F6/><W15/><G127/><T134/><D77/><U19/><E106/><V30/><F123/><W108/><G3/><T131/><D131/><U4/><E105/><V72/><F72/><W119/><G119/><T135/><D27/><U23/><E4/><V16/><F87/><W26/><G26/><T18/><D51/><U21/><E21/><V132/><F132/><N who="0" m="50730" /><D91/><U122/><E122/><V99/><F13/><W41/><G41/><N who="0" m="24751" /><D47/><U58/><E89/><V20/><F20/><W60/><G73/><T82/><D82/><U133/><E133/><V116/><F116/><W95/><G78/><T125/><D125/><U42/><E42/><V93/><F93/><W124/><G95/><T94/><D94/><U10/><E23/><V0/><F0/><W81/><G81/><T90/><D90/><U25/><E25/><N who="2" m="18447" /><F30/><W84/><G84/><T74/><D74/><U101/><E88/><V85/><F85/><W63/><G124/><T5/><D5/><U79/><E79/><V80/><F80/><W76/><G76/><T31/><D31/><U70/><E70/><V54/><AGARI ba="0,0" hai="16,17,54,56,61,62,64,69,99,102,104" m="18447" machi="54" ten="30,2000,0" yaku="25,1,54,1" doraHai="128" who="2" fromWho="2" sc="250,-5,289,-5,131,20,330,-10" /><INIT seed="4,0,0,2,0,35" ten="245,284,151,320" oya="0" hai0="120,103,126,101,88,133,75,83,131,34,125,86,61" hai1="119,111,53,89,44,97,45,5,128,100,102,10,84" hai2="58,54,42,71,14,73,0,39,92,26,31,78,64" hai3="32,27,6,76,134,94,82,95,11,129,52,108,17"/><T117/><D34/><U59/><E119/><V29/><F14/><W80/><G108/><T37/><D37/><U36/><E128/><V98/><F64/><W4/><G129/><T132/><D131/><U21/><E21/><V67/><F67/><W114/><G114/><T1/><D61/><U70/><E70/><V122/><F122/><W116/><G116/><T55/><D55/><U85/><E85/><V50/><F71/><W30/><G134/><N who="0" m="51819" /><D117/><U8/><E8/><V43/><F31/><W130/><G130/><T19/><D19/><U16/><E102/><N who="0" m="38921" /><D1/><U109/><E16/><V47/><F43/><W56/><G82/><N who="0" m="49239" /><D120/><U77/><E36/><V63/><F39/><W40/><G40/><T60/><D60/><U38/><E38/><V41/><F0/><W18/><G4/><T107/><D107/><U7/><E7/><V99/><F29/><W124/><G17/><T96/><D96/><U81/><E109/><V49/><F26/><W22/><G18/><T105/><D105/><N who="1" m="63631" /><E111/><V90/><F99/><W72/><G32/><T57/><D57/><U51/><E10/><V66/><F50/><W121/><G121/><T13/><D13/><U25/><E25/><V3/><F3/><W23/><G11/><T2/><D2/><U135/><E135/><V28/><F28/><W91/><G6/><T65/><D65/><U113/><E5/><V118/><F118/><W62/><G22/><T74/><D83/><U93/><E59/><V79/><F66/><W46/><G56/><T68/><D68/><U15/><E15/><V87/><F42/><W12/><G12/><RYUUKYOKU ba="0,0" sc="245,30,284,-10,151,-10,320,-10" hai0="74,75,125,126" /><INIT seed="4,1,0,0,2,111" ten="275,274,141,310" oya="0" hai0="120,135,108,28,4,90,71,66,46,106,128,25,61" hai1="50,124,58,24,117,130,134,110,84,85,125,83,54" hai2="17,39,33,123,131,48,92,109,95,9,102,22,81" hai3="38,98,62,65,13,31,119,132,5,59,44,118,78"/><T114/><D120/><U10/><E117/><V87/><F109/><W88/><G132/><T23/><D108/><U89/><E110/><V16/><F33/><W133/><G133/><T101/><D135/><U40/><E134/><V2/><F39/><W68/><G31/><T121/><D121/><U51/><E130/><V6/><F131/><W63/><G78/><T73/><D73/><U43/><E24/><V21/><F48/><W18/><G5/><T75/><D75/><U67/><E67/><V19/><F102/><W74/><G74/><T12/><D90/><U57/><E10/><V64/><F64/><W53/><G38/><T30/><D30/><U70/><E70/><V112/><F112/><W122/><G122/><T69/><D46/><U35/><E35/><V26/><F123/><W8/><REACH who="3" step="1"/><G44/><REACH who="3" ten="275,274,141,300" step="2"/><T127/><D128/><U29/><E29/><V14/><REACH who="2" step="1"/><F19/><REACH who="2" ten="275,274,131,300" step="2"/><W49/><G49/><T60/><D28/><U45/><E51/><V80/><F80/><W77/><G77/><AGARI ba="1,2" hai="2,6,9,14,16,17,21,22,26,77,81,87,92,95" machi="77" ten="30,7700,0" yaku="1,1,7,1,54,1,53,1" doraHai="111" doraHaiUra="3" who="2" fromWho="3" sc="275,0,274,0,131,100,300,-80" /><INIT seed="5,0,0,4,4,7" ten="275,274,231,220" oya="1" hai0="58,47,45,53,75,55,35,65,27,93,62,54,102" hai1="95,79,87,122,86,40,114,18,21,51,57,94,29" hai2="17,63,125,64,121,96,32,108,9,107,4,135,23" hai3="20,82,68,83,41,120,100,43,48,49,134,133,103"/><U106/><E106/><V80/><F108/><W19/><G20/><T37/><D75/><U98/><E122/><V109/><F109/><W66/><G19/><T118/><D118/><U71/><E71/><V111/><F111/><W78/><G78/><T46/><D102/><U13/><E114/><V129/><F121/><W117/><G120/><T110/><D93/><U39/><E39/><V74/><F129/><W90/><G90/><T84/><D84/><U99/><E29/><V115/><F32/><W1/><G68/><T67/><D27/><U112/><E112/><V60/><F115/><W89/><G89/><T116/><D35/><U131/><E131/><V73/><F125/><W36/><G66/><N who="0" m="25099" /><D116/><U3/><E3/><V26/><F74/><W128/><G128/><T2/><D2/><U50/><E79/><V81/><F73/><W34/><G34/><T97/><D97/><N who="1" m="36875" /><E87/><V69/><F63/><W85/><G85/><T12/><D110/><U16/><E86/><V123/><F135/><N who="3" m="51723" /><G36/><T42/><D12/><U5/><E13/><V44/><F123/><W70/><G70/><T6/><D6/><U76/><E5/><V132/><F132/><W11/><G1/><T10/><D10/><U0/><E0/><V91/><F107/><W22/><G11/><T8/><D8/><U119/><E76/><V130/><F130/><W61/><G117/><T59/><D62/><U14/><E14/><N who="2" m="5415" /><F44/><AGARI ba="0,0" hai="37,42,44,45,46,47,53,54,55,58,59" m="25099" machi="44" ten="40,8000,1" yaku="35,5" doraHai="7" who="0" fromWho="2" sc="275,80,274,0,231,-80,220,0" /><INIT seed="6,0,0,5,3,52" ten="355,274,151,220" oya="2" hai0="67,128,39,30,101,72,89,33,19,102,0,47,7" hai1="59,135,56,44,13,43,64,48,120,4,104,63,107" hai2="96,114,10,73,108,34,62,69,133,25,92,105,129" hai3="78,86,29,32,11,74,40,132,76,14,113,117,3"/><V51/><F114/><W28/><G117/><T18/><D128/><U68/><E135/><V38/><F38/><W42/><G132/><T103/><D72/><U131/><E131/><V111/><F105/><W85/><G3/><T100/><D100/><U8/><E120/><V91/><F73/><W126/><G74/><T90/><D67/><U87/><E68/><V36/><F36/><W83/><G113/><T95/><D7/><U58/><E107/><V98/><F133/><W65/><G65/><T70/><D30/><U93/><E104/><V134/><F134/><W124/><G32/><T26/><D0/><U31/><E31/><N who="2" m="19823" /><F10/><W115/><G115/><T54/><D70/><U66/><E66/><N who="2" m="41175" /><F51/><W24/><G24/><T82/><D26/><U27/><E27/><V106/><F129/><W119/><G119/><T41/><D33/><U79/><E93/><V2/><F2/><W46/><G42/><T22/><D41/><U112/><E112/><V97/><F106/><W77/><G77/><T94/><D39/><U88/><E88/><V130/><F130/><W5/><G126/><T109/><D90/><U80/><AGARI ba="0,0" hai="4,8,13,43,44,48,56,58,59,63,64,79,80,87" machi="80" ten="30,12000,2" yaku="0,1,25,2,8,1,52,3" doraHai="52" who="1" fromWho="1" sc="355,-30,274,120,151,-60,220,-30" /><INIT seed="7,0,0,4,4,107" ten="325,394,91,190" oya="3" hai0="84,77,45,29,72,65,89,94,56,71,60,6,135" hai1="35,69,110,111,58,2,51,7,83,119,37,75,19" hai2="86,26,109,113,91,93,98,108,22,36,55,42,8" hai3="18,13,129,41,1,78,76,53,90,101,102,54,27"/><W28/><G1/><T33/><D135/><U73/><E37/><V11/><F113/><W40/><G129/><T47/><D6/><U81/><E69/><V80/><F36/><W10/><G28/><T97/><D71/><U99/><E35/><V115/><F115/><W9/><G27/><T67/><D67/><U21/><E99/><V100/><F42/><W23/><G23/><T66/><D66/><U126/><E126/><V0/><F0/><W118/><G118/><T25/><REACH who="0" step="1"/><D97/><REACH who="0" ten="315,394,91,190" step="2"/><U64/><E7/><V30/><REACH who="2" step="1"/><F55/><REACH who="2" ten="315,394,81,190" step="2"/><N who="3" m="21003" /><G41/><T70/><D70/><U79/><E64/><V130/><F130/><W14/><G40/><T52/><D52/><U12/><E119/><V49/><F49/><W46/><G46/><T5/><D5/><U134/><E51/><V121/><F121/><W85/><G102/><T120/><D120/><U61/><E134/><V95/><F95/><N who="3" m="54735" /><G101/><T127/><D127/><U39/><E39/><V105/><F105/><W88/><G88/><T128/><D128/><U48/><E2/><V96/><F96/><W59/><G59/><T125/><D125/><U82/><E58/><V24/><F24/><W74/><G74/><T38/><D38/><U32/><E73/><V43/><F43/><W44/><G44/><T122/><D122/><U117/><E75/><V114/><F114/><W68/><G68/><T34/><D34/><U4/><E117/><V116/><F116/><W133/><G133/><T92/><D92/><U132/><E81/><AGARI ba="0,2" hai="25,29,33,45,47,56,60,65,72,77,81,84,89,94" machi="81" ten="40,2600,0" yaku="1,1,52,1,53,0" doraHai="107" doraHaiUra="112" who="0" fromWho="1" sc="315,46,394,-26,81,0,190,0" owari="361,16.0,368,47.0,81,-42.0,190,-21.0" /></mjloggm>