<mjloggm ver="2.3"><GO type="41" lobby="0"/><UN n0="%E4%B8%8A%E3%81%8C%E3%82%8A%33%E3%83%8F%E3%83%AD%E3%83%B3" n1="%E5%BE%8C%E8%97%A4%E4%BF%A1%E5%BA%B7" n2="%E2%93%9D%53%75%70%68%78" n3="%E3%82%AA%E3%83%8B%E3%82%A2%E3%82%B5%E3%83%AA" dan="15,14,17,15" rate="1992.29,1921.90,2043.17,1979.41" sx="M,M,M,M"/><TAIKYOKU oya="0"/><INIT seed="0,0,0,0,0,104" ten="250,250,250,250" oya="0" hai0="43,20,2,1,125,13,120,100,18,31,119,65,91" hai1="24,115,11,8,37,69,131,5,26,108,3,77,80" hai2="28,32,16,93,10,117,29,132,54,133,47,45,83" hai3="135,17,25,14,88,30,72,50,21,62,12,134,126"/><T66/><D119/><U4/><E69/><V58/><F93/><W121/><G126/><T95/><D120/><U107/><E107/><V70/><F70/><W102/><G102/><T56/><D125/><U122/><E122/><V123/><F123/><W112/><G121/><T99/><D2/><U96/><E96/><V92/><F92/><W55/><G112/><T82/><D1/><U39/><E115/><V44/><F32/><W46/><G62/><T64/><D43/><U84/><E108/><V124/><F83/><W71/><G71/><T41/><D41/><U87/><E131/><V67/><F67/><W89/><G14/><T85/><REACH who="0" step="1"/><D31/><REACH who="0" ten="240,250,250,250" step="2"/><U110/><E110/><V113/><F124/><W118/><G118/><T79/><D79/><U103/><E77/><V128/><F117/><W97/><G135/><N who="2" m="51785" /><F113/><W27/><G134/><T106/><D106/><U33/><E3/><V101/><F128/><W73/><G30/><T78/><D78/><U23/><E33/><V109/><F109/><W42/><G42/><T75/><D75/><U114/><E114/><V52/><F29/><W48/><G73/><T76/><D76/><U63/><E37/><V111/><F28/><W51/><G72/><T94/><D94/><U74/><E39/><V53/><F111/><W57/><G97/><T6/><D6/><U61/><E4/><V81/><F81/><W9/><G17/><T0/><D0/><U98/><E5/><V15/><F101/><W36/><G36/><T129/><D129/><U34/><E74/><V90/><F90/><W116/><G116/><T130/><D130/><RYUUKYOKU ba="0,1" sc="240,15,250,-15,250,15,250,-15" hai0="13,18,20,56,64,65,66,82,85,91,95,99,100" hai2="10,15,16,44,45,47,52,53,54,58" /><INIT seed="0,1,1,4,1,51" ten="255,235,265,235" oya="0" hai0="113,93,80,35,15,46,97,102,43,89,108,27,76" hai1="96,95,34,12,83,130,38,94,6,20,62,118,60" hai2="18,25,5,14,32,23,57,122,59,78,48,44,75" hai3="114,125,56,4,85,86,33,67,63,72,107,132,31"/><T121/><D113/><U49/><E118/><V105/><F105/><W66/><G114/><T13/><D121/><U28/><E38/><V8/><F122/><W103/><G72/><T71/><D71/><U69/><E34/><V3/><F78/><W129/><G4/><T133/><D133/><U1/><E1/><V126/><F75/><W9/><G9/><T2/><D2/><U65/><E130/><V77/><F77/><W52/><G132/><T22/><D35/><U117/><E117/><V101/><F101/><W135/><G135/><T39/><D102/><U128/><E128/><V42/><REACH who="2" step="1"/><F126/><REACH who="2" ten="255,235,255,235" step="2"/><W45/><G107/><T54/><D108/><U73/><E73/><V7/><F7/><W37/><G103/><T30/><D54/><U70/><E6/><V104/><F104/><W116/><G129/><T131/><D131/><U41/><E65/><V74/><F74/><AGARI ba="1,2" hai="13,15,22,27,30,39,43,46,74,76,80,89,93,97" machi="74" ten="30,1500,0" yaku="7,1" doraHai="51" who="0" fromWho="2" sc="255,38,235,0,255,-18,235,0" /><INIT seed="0,2,0,1,2,40" ten="293,235,237,235" oya="0" hai0="69,96,111,9,27,83,88,33,125,135,57,16,81" hai1="110,123,74,23,134,113,73,91,103,7,13,114,28" hai2="90,117,39,84,76,104,121,75,101,17,43,49,50" hai3="99,24,87,26,124,129,20,94,95,118,72,8,44"/><T54/><D69/><U70/><E70/><V53/><F121/><W112/><G118/><T52/><D125/><U93/><E123/><V119/><F39/><W120/><G112/><N who="1" m="43114" /><E110/><V6/><F6/><W36/><G72/><N who="1" m="27754" /><E134/><V3/><F3/><W59/><G8/><T51/><D135/><U32/><E32/><V102/><F75/><W92/><G129/><T77/><D111/><U31/><E103/><V67/><F102/><W5/><G5/><T12/><D77/><U126/><E126/><V71/><F76/><W131/><G131/><T66/><D66/><U130/><E130/><V45/><F67/><W4/><G4/><T42/><D42/><U107/><E107/><V106/><F71/><W100/><G100/><T22/><D54/><U58/><E58/><V2/><F101/><W89/><G59/><T35/><D35/><U85/><E7/><V29/><F106/><W46/><G124/><T41/><D41/><U97/><E97/><V127/><F104/><W61/><G99/><T109/><D33/><U80/><E80/><V55/><F127/><W122/><G95/><N who="0" m="56423" /><D109/><U15/><E23/><V86/><F119/><W108/><G20/><T98/><D98/><U82/><E93/><V105/><F117/><W14/><G92/><T10/><D10/><U19/><E19/><AGARI ba="2,0" hai="9,12,16,19,22,27,51,52,57,81,83" m="56423" machi="19" ten="30,11600,0" yaku="8,1,54,3" doraHai="40" who="0" fromWho="1" sc="293,122,235,-122,237,0,235,0" /><INIT seed="0,3,0,4,4,31" ten="415,113,237,235" oya="0" hai0="95,129,132,90,23,16,88,75,105,47,44,62,115" hai1="43,120,103,84,51,52,50,121,64,87,10,102,69" hai2="17,2,41,128,99,46,26,82,133,118,130,119,33" hai3="80,93,126,18,28,73,77,36,19,92,94,6,48"/><T68/><D115/><U106/><E69/><V89/><F2/><W72/><G36/><T70/><D105/><U78/><E64/><V32/><F133/><W4/><G126/><T96/><D75/><U79/><E106/><V57/><F57/><W7/><G28/><T127/><D132/><U107/><E107/><V111/><F111/><W20/><G73/><T113/><D113/><U55/><E10/><V29/><F17/><W59/><G20/><T71/><D127/><U108/><REACH who="1" step="1"/><E43/><REACH who="1" ten="415,103,237,235" step="2"/><V42/><F42/><W15/><G4/><T54/><D71/><U45/><E45/><V12/><F46/><W61/><G6/><T98/><D70/><U116/><E116/><V114/><F41/><W83/><G7/><T30/><D129/><U11/><E11/><V110/><F114/><W13/><G59/><T14/><D68/><U97/><E97/><V135/><F99/><W9/><G9/><T25/><D98/><U58/><E58/><V1/><F135/><W35/><G80/><T134/><D134/><U37/><E37/><V74/><F119/><W86/><G83/><T34/><D47/><U56/><E56/><V49/><F118/><W53/><G93/><T124/><D124/><U85/><E85/><V76/><F130/><W91/><G94/><T112/><D112/><U67/><E67/><V81/><F81/><W8/><G92/><T24/><D62/><U40/><E40/><V66/><F128/><W21/><G61/><T104/><D104/><U122/><E122/><V39/><F82/><W3/><G86/><T63/><D63/><U117/><E117/><RYUUKYOKU ba="3,1" sc="415,-10,103,30,237,-10,235,-10" hai1="50,51,52,55,78,79,84,87,102,103,108,120,121" /><INIT seed="1,4,1,5,0,85" ten="405,133,227,225" oya="1" hai0="10,33,96,80,98,40,113,106,118,135,76,66,121" hai1="67,110,43,21,123,73,132,65,55,35,30,16,115" hai2="127,68,49,29,45,62,117,88,111,24,57,99,28" hai3="54,8,108,48,133,4,92,69,120,109,60,23,53"/><U105/><E115/><V104/><F117/><W18/><G120/><T122/><D113/><U9/><E123/><V97/><F68/><W134/><G69/><T78/><D33/><U17/><E105/><V74/><F74/><W12/><G60/><T7/><D118/><U15/><E73/><V47/><F111/><N who="3" m="42571" /><G92/><T25/><D66/><N who="1" m="25099" /><E110/><V87/><F127/><W119/><G119/><T11/><D122/><U31/><E35/><V71/><F71/><W46/><G54/><T100/><D121/><U89/><E132/><V84/><F84/><W101/><G101/><T131/><D135/><U130/><E130/><V41/><F47/><W103/><G103/><T112/><D131/><U51/><E43/><V75/><F75/><W42/><G53/><T114/><D40/><U93/><E17/><V77/><F104/><W94/><G94/><T27/><D106/><U52/><E9/><V19/><F19/><W63/><G63/><T64/><D11/><U82/><E82/><N who="2" m="49271" /><F62/><W70/><G70/><T56/><D10/><U26/><E26/><AGARI ba="4,1" hai="4,8,12,18,23,26,42,46,48,133,134" m="42571" machi="26" ten="30,1000,0" yaku="14,1" doraHai="85" who="3" fromWho="1" sc="405,0,133,-22,227,0,225,32" /><INIT seed="2,0,0,2,3,5" ten="405,111,227,257" oya="2" hai0="47,8,131,19,102,58,28,4,87,51,48,44,40" hai1="124,80,25,106,31,26,77,130,14,104,59,36,113" hai2="67,50,97,126,81,107,56,33,1,62,63,34,72" hai3="9,73,91,22,65,15,109,115,89,120,45,75,53"/><V21/><F126/><W6/><G120/><T24/><D131/><U122/><E124/><V13/><F1/><W7/><G109/><T133/><D133/><U32/><E130/><V125/><F125/><W11/><G65/><T3/><D102/><U57/><E113/><V127/><F127/><W60/><G22/><T105/><D105/><U71/><E71/><V112/><F112/><W39/><G115/><T10/><D58/><U100/><E122/><V29/><F50/><W84/><G91/><T74/><D87/><U95/><E36/><V121/><F121/><W128/><G128/><T41/><D74/><U134/><E134/><V69/><F81/><W46/><G60/><T17/><D10/><U55/><E25/><V66/><F72/><W108/><G108/><T110/><D110/><U116/><E116/><V93/><F107/><W49/><G45/><T27/><D27/><U64/><E64/><V16/><REACH who="2" step="1"/><F29/><REACH who="2" ten="405,111,217,257" step="2"/><W37/><G73/><T18/><D28/><U78/><E106/><V119/><F119/><W86/><G75/><T79/><D51/><U52/><E104/><V129/><F129/><W68/><G39/><T12/><D3/><U111/><E111/><V132/><F132/><W135/><G37/><T117/><D117/><U94/><E80/><V114/><F114/><W101/><G135/><T123/><D48/><U83/><E83/><V38/><F38/><W76/><G49/><T61/><D123/><U88/><E31/><V23/><F23/><W20/><G20/><T30/><D30/><U43/><E32/><V54/><F54/><W99/><G53/><RYUUKYOKU ba="0,1" sc="405,-10,111,-10,217,30,257,-10" hai2="13,16,21,33,34,56,62,63,66,67,69,93,97" /><INIT seed="2,1,1,1,4,70" ten="395,101,247,247" oya="2" hai0="69,107,10,67,50,2,36,53,11,91,54,49,109" hai1="127,7,30,43,117,8,78,40,90,131,95,83,29" hai2="113,13,97,23,9,21,96,62,65,129,47,88,112" hai3="46,60,14,134,99,73,45,4,98,3,123,92,38"/><V16/><F129/><W48/><G123/><T119/><D107/><U55/><E131/><V125/><F125/><W101/><G134/><T89/><D109/><U100/><E127/><V56/><F97/><W84/><G73/><T35/><D35/><U75/><E117/><V124/><F124/><W58/><G3/><T103/><D103/><U110/><E110/><V108/><F108/><W80/><G38/><T41/><D119/><U42/><E100/><V26/><F47/><W135/><G135/><T12/><D67/><U15/><REACH who="1" step="1"/><E55/><REACH who="1" ten="395,91,247,247" step="2"/><V118/><F118/><W111/><G111/><T76/><D54/><U85/><AGARI ba="1,2" hai="7,8,15,29,30,40,42,43,75,78,83,85,90,95" machi="85" ten="30,8000,1" yaku="1,1,2,1,0,1,53,2" doraHai="70" doraHaiUra="27" who="1" fromWho="1" sc="395,-21,91,103,247,-41,247,-21" /><INIT seed="3,0,0,5,4,99" ten="374,194,206,226" oya="3" hai0="82,29,56,20,2,129,88,109,38,27,47,55,83" hai1="26,120,131,112,51,95,73,74,22,41,130,101,46" hai2="11,67,108,92,75,53,97,98,119,19,6,58,96" hai3="111,91,80,77,64,115,94,18,10,32,24,3,121"/><W60/><G115/><T114/><D109/><U52/><E112/><V30/><F119/><W85/><G121/><T48/><D114/><U100/><E120/><V8/><F75/><W15/><G111/><T23/><D2/><U105/><E105/><V68/><F30/><W13/><G3/><T65/><D129/><N who="1" m="49163" /><E41/><V86/><F68/><W90/><G32/><T122/><D122/><U42/><E42/><V117/><F67/><W124/><G124/><T37/><D37/><U123/><E123/><V76/><F117/><W62/><G24/><T126/><D126/><U128/><N who="1" m="49171" /><U9/><DORA hai="25" /><E9/><V61/><F108/><W107/><G107/><T7/><D7/><U49/><E49/><V39/><F39/><W5/><G91/><T34/><D38/><U31/><E95/><V110/><F6/><W135/><G64/><T17/><D34/><U106/><E106/><V63/><F63/><W78/><G135/><T21/><D65/><U28/><E28/><V127/><F110/><W113/><G78/><T93/><D47/><U104/><E104/><V50/><F61/><W89/><G89/><T134/><D134/><U118/><E118/><V102/><F127/><W87/><REACH who="3" step="1"/><G113/><REACH who="3" ten="374,194,206,216" step="2"/><T44/><D88/><U125/><E125/><V43/><F76/><W84/><G84/><T35/><D35/><U54/><E73/><V57/><F86/><W16/><G16/><T33/><D17/><U79/><E79/><V103/><F19/><W12/><G12/><T69/><D33/><U40/><E74/><V72/><F72/><W71/><G71/><T1/><D69/><RYUUKYOKU ba="0,1" sc="374,-15,194,15,206,-15,216,15" hai1="22,26,31,40,46,51,52,54,100,101" hai3="5,10,13,15,18,60,62,77,80,85,87,90,94" /><INIT seed="3,1,1,0,5,107" ten="359,209,191,231" oya="3" hai0="105,78,93,51,86,114,1,100,31,58,99,111,79" hai1="23,87,125,50,92,56,82,83,53,24,39,118,20" hai2="15,102,124,40,55,36,90,16,72,91,32,106,120" hai3="13,130,62,88,98,126,11,17,66,52,131,132,113"/><W77/><G113/><T68/><D1/><U110/><E39/><V76/><F32/><W121/><G121/><T48/><D68/><U46/><E110/><V64/><F64/><W119/><G119/><T8/><D111/><U96/><E118/><V7/><F7/><W29/><G77/><T69/><D69/><U35/><E125/><V67/><F67/><W74/><G29/><T128/><D128/><N who="3" m="49193" /><G74/><T10/><D51/><U97/><E35/><V42/><F124/><W104/><G104/><T38/><D38/><U33/><E33/><V5/><F5/><W12/><G132/><T44/><D58/><U123/><E123/><V75/><F76/><W135/><G135/><T21/><D78/><U26/><E87/><V73/><F120/><W122/><G12/><T18/><D31/><N who="1" m="17799" /><E56/><V65/><F65/><W101/><G66/><T9/><D114/><U6/><E6/><V71/><F71/><W37/><G37/><T47/><D105/><U127/><E127/><V30/><F30/><W60/><G126/><T27/><D48/><U43/><E43/><V116/><F116/><W80/><G52/><T14/><D14/><U54/><E54/><V3/><F55/><W81/><G122/><T28/><D28/><N who="1" m="17503" /><E92/><V45/><F42/><W61/><G61/><T112/><D112/><U115/><E115/><V25/><F25/><W19/><G60/><T89/><D79/><U94/><E94/><V103/><F106/><W59/><G59/><T109/><D109/><U95/><E95/><V0/><F36/><W57/><G57/><T85/><D100/><N who="2" m="38442" /><F40/><W49/><G62/><RYUUKYOKU ba="1,1" sc="359,15,209,15,191,-15,231,-15" hai0="8,9,10,18,21,27,44,47,85,86,89,93,99" hai1="46,50,53,82,83,96,97" /><INIT seed="4,2,1,2,1,4" ten="374,224,176,216" oya="0" hai0="34,18,61,70,132,108,58,122,97,55,39,5,129" hai1="95,85,65,102,22,101,128,52,24,12,75,59,89" hai2="45,115,111,112,41,29,9,73,43,49,88,103,48" hai3="2,119,17,110,118,44,30,81,109,80,57,94,72"/><T54/><D122/><U74/><E128/><V133/><F103/><W25/><G2/><T6/><D34/><U126/><E126/><V13/><F73/><W63/><G94/><T113/><D129/><U124/><E124/><V100/><F100/><W62/><G44/><T71/><D39/><U14/><E75/><V27/><F111/><W32/><G17/><T91/><D108/><U69/><E74/><V11/><F133/><W83/><G72/><T105/><D113/><N who="2" m="43594" /><F13/><N who="1" m="5225" /><E69/><V0/><F0/><W127/><G127/><T53/><D132/><U26/><E65/><V78/><F78/><W51/><G62/><T3/><D71/><U120/><E120/><V50/><F88/><W93/><G51/><N who="2" m="19529" /><F43/><W82/><N who="3" m="20480" /><DORA hai="96" /><W68/><G68/><T116/><D70/><U60/><E24/><V98/><F98/><W64/><G110/><T23/><D97/><U77/><E77/><V21/><AGARI ba="2,1" hai="9,11,21,27,29,41,45,50" m="19529,43594" machi="21" ten="30,4000,0" yaku="15,1,52,2" doraHai="4,96" who="2" fromWho="2" sc="374,-22,224,-12,176,56,216,-12" /><INIT seed="5,0,0,3,4,117" ten="352,212,232,204" oya="1" hai0="12,115,47,17,5,121,86,16,11,68,111,39,130" hai1="89,25,26,18,75,132,70,124,52,37,91,9,30" hai2="104,28,66,8,129,78,45,72,27,95,54,112,76" hai3="105,108,126,134,80,61,51,55,98,82,4,99,6"/><U123/><E75/><V31/><F104/><W101/><G108/><T87/><D111/><U59/><E70/><V33/><F129/><W77/><G134/><T57/><D68/><U20/><E132/><V3/><F66/><W102/><G126/><T67/><D130/><U29/><E124/><V88/><F31/><W74/><G61/><T36/><D36/><U81/><E37/><V90/><F90/><W13/><G13/><T35/><D35/><U32/><E123/><V97/><F72/><W116/><G80/><T63/><D115/><U41/><E41/><V14/><F3/><W131/><G116/><T135/><D135/><U69/><E69/><V10/><F10/><W93/><REACH who="3" step="1"/><G131/><REACH who="3" ten="352,212,232,194" step="2"/><T23/><D63/><U127/><E127/><V114/><F114/><W0/><G0/><T2/><D2/><U79/><E81/><V40/><F112/><W24/><G24/><T96/><D12/><U7/><E79/><V120/><F120/><W44/><AGARI ba="0,1" hai="4,6,44,51,55,74,77,82,93,98,99,101,102,105" machi="44" ten="20,2700,0" yaku="1,1,0,1,7,1,53,0" doraHai="117" doraHaiUra="15" who="3" fromWho="3" sc="352,-7,212,-13,232,-7,194,37" /><INIT seed="6,0,0,2,2,30" ten="345,199,225,231" oya="2" hai0="80,39,13,21,123,45,89,9,54,6,83,72,86" hai1="50,79,48,7,112,105,5,68,133,15,84,53,31" hai2="29,131,124,44,81,121,122,26,104,75,60,99,49" hai3="90,82,93,55,34,3,92,119,94,62,87,127,102"/><V46/><F131/><W18/><G3/><T43/><D123/><U65/><E105/><V35/><F46/><W20/><G119/><T19/><D54/><U100/><E100/><V24/><F124/><W4/><G4/><T47/><D47/><U12/><E31/><V37/><F26/><W58/><G34/><T36/><D72/><U74/><E74/><V10/><F37/><W76/><G102/><T25/><REACH who="0" step="1"/><D80/><REACH who="0" ten="335,199,225,231" step="2"/><U14/><E133/><V134/><F75/><W114/><G127/><T0/><D0/><U66/><E112/><V2/><F81/><W32/><G114/><T59/><D59/><U111/><E111/><V129/><F134/><W120/><G120/><T33/><D33/><U116/><E116/><V88/><F122/><W85/><G32/><T125/><D125/><U69/><E69/><V11/><F2/><W91/><REACH who="3" step="1"/><G76/><REACH who="3" ten="335,199,225,221" step="2"/><T41/><D41/><U77/><E77/><V110/><F121/><W98/><G98/><T51/><AGARI ba="0,2" hai="6,9,13,19,21,25,36,39,43,45,51,83,86,89" machi="51" ten="20,2700,0" yaku="1,1,0,1,7,1,53,0" doraHai="30" doraHaiUra="52" who="0" fromWho="0" sc="335,47,199,-7,225,-13,221,-7" /><INIT seed="7,0,0,5,4,87" ten="382,192,212,214" oya="3" hai0="96,3,115,70,117,86,106,27,66,0,45,38,10" hai1="13,25,116,127,80,36,100,69,76,82,2,120,58" hai2="53,123,97,26,62,19,101,105,60,73,126,134,50" hai3="52,42,39,83,59,110,22,24,92,93,14,107,16"/><W95/><G107/><T88/><D115/><U78/><E120/><V74/><F123/><W104/><G104/><T81/><D117/><U32/><E69/><V63/><F134/><W61/><G110/><T91/><D10/><U135/><E135/><V46/><REACH who="2" step="1"/><F126/><REACH who="2" ten="382,192,202,214" step="2"/><W40/><G39/><T33/><D38/><U71/><E36/><V111/><F111/><W85/><REACH who="3" step="1"/><G24/><REACH who="3" ten="382,192,202,204" step="2"/><T17/><D27/><U132/><E132/><V129/><F129/><W55/><G55/><T6/><D106/><U64/><E127/><V112/><F112/><W125/><G125/><T51/><D66/><U47/><E64/><V49/><F49/><W102/><G102/><T7/><D51/><U77/><E100/><V29/><F29/><W34/><G34/><T15/><D33/><U23/><E32/><V94/><F94/><W18/><G18/><T124/><D17/><U65/><E65/><V41/><F41/><W57/><G57/><T43/><D124/><U122/><E122/><V90/><F90/><AGARI ba="0,2" hai="14,16,22,40,42,52,59,61,83,85,90,92,93,95" machi="90" ten="40,12000,1" yaku="1,1,8,1,52,1,54,2,53,0" doraHai="87" doraHaiUra="130" who="3" fromWho="2" sc="382,0,192,0,202,-120,204,140" /><INIT seed="7,1,0,5,4,89" ten="382,192,82,344" oya="3" hai0="133,9,25,3,13,67,60,116,68,93,100,96,10" hai1="42,106,58,118,27,8,65,24,125,114,20,131,52" hai2="94,7,5,61,64,95,56,38,109,115,49,30,117" hai3="126,134,14,92,90,119,28,110,105,29,18,82,88"/><W45/><G119/><T44/><D133/><U84/><E118/><V101/><F117/><W22/><G134/><T77/><D116/><U87/><E106/><V98/><F109/><W122/><G122/><T112/><D112/><U123/><E123/><V120/><F38/><W17/><G105/><T35/><D3/><U37/><E114/><V129/><F115/><W85/><G126/><T46/><D77/><U73/><E125/><V15/><F129/><W1/><G1/><T39/><D9/><U127/><E131/><V11/><F120/><W54/><G110/><T72/><D72/><U124/><E73/><V102/><F30/><W70/><G70/><T19/><D39/><U16/><E127/><V47/><F7/><W40/><G54/><T23/><D35/><U113/><E124/><V63/><F63/><W59/><G59/><T36/><D36/><U97/><E113/><V80/><F80/><W55/><G55/><T81/><D81/><U31/><E37/><V111/><F111/><W130/><G18/><AGARI ba="1,0" hai="10,13,18,19,23,25,44,46,60,67,68,93,96,100" machi="18" ten="30,2000,0" yaku="7,1,52,1" doraHai="89" who="0" fromWho="3" sc="382,23,192,0,82,0,344,-23" owari="405,51.0,192,-21.0,82,-42.0,321,12.0" /></mjloggm>