<mjloggm ver="2.3"><GO type="41" lobby="0"/><UN n0="%45%6C%73%65%32" n1="%E4%BD%B3%E5%BD%A6%40%E6%9C%80%E7%B5%82%E5%9E%A2" n2="%54%72%69%73%61" n3="%E2%93%9D%53%75%70%68%78" dan="14,14,15,17" rate="1970.47,2058.22,1988.02,2051.50" sx="M,M,M,M"/><TAIKYOKU oya="0"/><INIT seed="0,0,0,2,4,119" ten="250,250,250,250" oya="0" hai0="33,20,92,12,31,121,120,123,79,45,109,111,52" hai1="48,21,60,40,133,16,84,124,41,105,130,90,97" hai2="36,63,108,89,58,91,118,64,113,114,86,54,59" hai3="15,13,83,55,50,29,53,56,47,7,39,117,74"/><T112/><D112/><U80/><E130/><V57/><F91/><W69/><G69/><T95/><D33/><U73/><E73/><V62/><F118/><W35/><G117/><T81/><D45/><U98/><E133/><V100/><F100/><W125/><G125/><T67/><D67/><U24/><E124/><V28/><F28/><W82/><G39/><T27/><D12/><U43/><E105/><V17/><F108/><N who="0" m="41546" /><D52/><U115/><E115/><V65/><F36/><W87/><G74/><AGARI ba="0,0" hai="20,27,31,74,79,81,92,95,120,121,123" m="41546" machi="74" ten="40,12000,1" yaku="14,1,10,1,52,3" doraHai="119" who="0" fromWho="3" sc="250,120,250,0,250,0,250,-120" /><INIT seed="0,1,0,4,4,120" ten="370,250,250,130" oya="0" hai0="68,61,15,129,102,106,72,35,134,20,125,3,98" hai1="45,78,96,55,104,90,113,5,32,57,124,38,82" hai2="135,87,25,14,76,108,18,9,52,34,39,59,103" hai3="51,4,71,128,41,122,73,115,23,13,83,11,133"/><T93/><D134/><U53/><E32/><V37/><F135/><W12/><G71/><T88/><D3/><U84/><E124/><V67/><F67/><W121/><G133/><T97/><D72/><U47/><E113/><V118/><F118/><W26/><G41/><T27/><D129/><U2/><E38/><V29/><F103/><W8/><G51/><T70/><D15/><U74/><E5/><V64/><F64/><W65/><G65/><T66/><D125/><U21/><E21/><V81/><REACH who="2" step="1"/><F108/><REACH who="2" ten="370,250,240,130" step="2"/><W42/><G115/><T19/><REACH who="0" step="1"/><D35/><REACH who="0" ten="360,250,240,130" step="2"/><U131/><E131/><V60/><AGARI ba="1,2" hai="9,14,18,25,29,34,37,39,52,59,60,76,81,87" machi="60" ten="20,8000,1" yaku="1,1,2,1,0,1,7,1,54,1,53,0" doraHai="120" doraHaiUra="92" who="2" fromWho="2" sc="360,-41,250,-21,240,103,130,-21" /><INIT seed="1,0,0,5,4,7" ten="319,229,343,109" oya="1" hai0="12,21,23,24,128,88,47,44,125,9,130,27,119" hai1="126,129,28,39,51,85,69,65,18,41,4,54,37" hai2="20,71,89,133,52,79,13,62,2,10,8,75,104" hai3="103,5,101,63,61,127,76,135,122,77,64,86,46"/><U116/><E116/><V112/><F104/><W84/><G5/><N who="0" m="3119" /><D47/><U55/><E28/><V109/><F2/><W80/><G135/><T6/><D44/><N who="1" m="25999" /><E4/><V0/><F0/><W94/><G46/><T118/><D88/><U40/><E18/><N who="2" m="10319" /><F133/><W73/><G64/><T91/><D91/><U111/><E85/><V98/><F109/><W3/><G3/><T120/><D6/><U32/><E32/><V29/><F112/><W95/><G127/><T108/><D108/><U30/><E30/><V15/><F29/><W58/><G58/><T33/><D33/><U105/><E105/><V82/><F71/><W48/><G48/><T57/><D120/><U96/><E96/><V50/><F62/><W78/><G63/><T26/><D57/><U115/><E111/><V36/><F36/><N who="1" m="13897" /><E115/><V60/><F15/><W102/><G61/><T114/><D125/><U106/><E106/><V117/><F60/><W45/><G122/><T17/><D114/><U22/><E126/><V1/><F1/><W56/><G56/><T35/><D35/><U11/><E65/><V43/><F117/><N who="0" m="44554" /><D17/><U81/><E69/><V99/><F89/><N who="3" m="51335" /><G45/><T121/><D121/><U124/><E124/><V70/><F70/><W53/><G86/><T134/><D134/><U66/><E66/><V132/><F132/><W110/><G110/><T131/><AGARI ba="0,0" hai="21,23,24,26,27,128,130,131" m="44554,3119" machi="131" ten="40,8000,1" yaku="19,1,34,2,52,1" doraHai="7" who="0" fromWho="0" sc="319,80,229,-40,343,-20,109,-20" /><INIT seed="2,0,0,1,3,67" ten="399,189,323,89" oya="2" hai0="6,52,135,46,109,105,41,119,81,80,122,83,90" hai1="68,110,61,54,1,89,32,55,58,30,45,97,27" hai2="36,16,121,20,71,124,92,63,112,132,34,73,14" hai3="91,133,75,127,17,103,62,84,130,12,19,77,50"/><V87/><F112/><W120/><G120/><T47/><D122/><U38/><E1/><V96/><F121/><W125/><G103/><T94/><D105/><U115/><E115/><V74/><F36/><W60/><G77/><T42/><D109/><U43/><E110/><V21/><F34/><W25/><G75/><T64/><D6/><U56/><E97/><V123/><F123/><W86/><G50/><T78/><D64/><U33/><E89/><V118/><F118/><W2/><G2/><T69/><D69/><U131/><E131/><V70/><F87/><W9/><G133/><T13/><D135/><U111/><E111/><V108/><F108/><W129/><G25/><T117/><D13/><U128/><E128/><N who="3" m="49258" /><G86/><T99/><D78/><U10/><E10/><V4/><F132/><W82/><G19/><T18/><D18/><U57/><E32/><V114/><F4/><W31/><G31/><T26/><D26/><U59/><REACH who="1" step="1"/><E68/><REACH who="1" ten="399,179,323,89" step="2"/><V48/><F71/><W8/><G8/><T113/><D113/><U15/><E15/><V65/><F114/><W22/><G9/><T98/><D98/><U88/><E88/><V28/><F124/><AGARI ba="0,1" hai="12,17,22,60,62,82,84,91,124,125,127" m="49258" machi="124" ten="30,2000,0" yaku="18,1,19,1" doraHai="67" who="3" fromWho="2" sc="399,0,179,0,323,-20,89,30" /><INIT seed="3,0,0,5,5,17" ten="399,179,303,119" oya="3" hai0="68,21,121,109,79,38,27,128,48,41,15,125,22" hai1="18,25,57,60,6,127,16,67,23,51,88,66,122" hai2="77,107,80,76,101,7,0,8,9,64,102,50,70" hai3="56,93,30,110,13,82,43,3,72,103,91,111,1"/><W130/><G43/><T37/><D68/><U119/><E122/><V32/><F50/><W73/><G30/><T5/><D38/><U58/><E127/><V28/><F8/><W12/><G56/><T44/><D37/><U132/><E132/><V133/><F76/><W100/><G93/><T31/><D128/><U134/><E134/><V54/><F54/><W24/><G24/><N who="0" m="16783" /><D125/><U42/><E119/><V11/><F11/><W97/><G97/><T61/><D79/><U99/><E6/><V81/><F101/><W63/><G91/><T96/><D109/><U52/><E42/><V94/><F94/><W118/><G63/><T131/><D131/><U35/><E35/><V40/><F40/><W108/><G130/><T126/><D126/><U129/><E129/><V114/><F77/><W39/><G39/><T87/><D96/><U47/><E18/><V26/><F133/><W29/><G29/><T95/><D121/><U20/><E20/><V14/><F0/><N who="3" m="75" /><G82/><T135/><D135/><U10/><E10/><V69/><F69/><W115/><G115/><T75/><D61/><N who="1" m="38191" /><E99/><N who="2" m="61919" /><F114/><W2/><G118/><T62/><D95/><U59/><E59/><V4/><F4/><W78/><G78/><T105/><D87/><U83/><E83/><V46/><F80/><W33/><G33/><T92/><D62/><U49/><E51/><V124/><F81/><W120/><G120/><T65/><D92/><U112/><E112/><V104/><F124/><W55/><G103/><T116/><D15/><N who="3" m="5705" /><G100/><T106/><D116/><U36/><E36/><V84/><F32/><W85/><G111/><RYUUKYOKU ba="0,0" sc="399,-10,179,30,303,-10,119,-10" hai1="16,23,25,47,49,52,58,60,67,88" /><INIT seed="4,1,0,5,4,66" ten="389,209,293,109" oya="0" hai0="52,109,8,63,27,78,76,115,65,68,33,112,103" hai1="127,98,91,74,120,72,14,28,9,34,100,93,10" hai2="95,124,104,15,4,135,106,16,117,25,132,46,61" hai3="59,77,131,113,73,79,99,13,55,118,94,23,60"/><T121/><D121/><U6/><E120/><V17/><F117/><W82/><G113/><N who="0" m="43595" /><D103/><U83/><E127/><V48/><F124/><W87/><G131/><T128/><D8/><U3/><E34/><V24/><F95/><W108/><G108/><T20/><D33/><U51/><E28/><V40/><F61/><W36/><G36/><T38/><D38/><U125/><E125/><V114/><F4/><W85/><G118/><T22/><D22/><U133/><E133/><N who="2" m="51275" /><F17/><W119/><G119/><T101/><D101/><U92/><E83/><V39/><F39/><W111/><G111/><T0/><D0/><U126/><E51/><V86/><F86/><W130/><G130/><T30/><D109/><U11/><E126/><V43/><F43/><W102/><G73/><T2/><D2/><U18/><REACH who="1" step="1"/><E9/><REACH who="1" ten="389,199,293,109" step="2"/><N who="2" m="6255" /><F114/><W89/><G23/><T64/><D128/><U97/><AGARI ba="1,1" hai="3,6,10,11,14,18,72,74,91,92,93,97,98,100" machi="97" ten="20,2700,0" yaku="1,1,0,1,7,1,53,0" doraHai="66" doraHaiUra="54" who="1" fromWho="1" sc="389,-14,199,40,293,-8,109,-8" /><INIT seed="5,0,0,4,1,32" ten="375,239,285,101" oya="1" hai0="20,129,23,27,82,40,56,93,9,5,131,109,0" hai1="41,31,51,127,87,120,6,7,101,76,17,110,45" hai2="86,113,59,44,90,46,92,63,79,8,84,50,36" hai3="19,49,132,11,112,69,102,66,91,16,74,54,2"/><U35/><E120/><V97/><F36/><W29/><G74/><T103/><D109/><U3/><E110/><V85/><F113/><W106/><G112/><T81/><D40/><U104/><E127/><V62/><F79/><W38/><G38/><T14/><D56/><U60/><E17/><V124/><F124/><W105/><G132/><T65/><D65/><U70/><E76/><V83/><F83/><W111/><G29/><T123/><D93/><U128/><E87/><V75/><F75/><W30/><G30/><N who="0" m="17767" /><D82/><U100/><E128/><N who="0" m="49225" /><D103/><U107/><E100/><V1/><F46/><W133/><G133/><T67/><D67/><N who="1" m="41319" /><E3/><V98/><F98/><W43/><G111/><T71/><D71/><U115/><E107/><V21/><F59/><W52/><G102/><T47/><D47/><U48/><E48/><V108/><F108/><W4/><G106/><T88/><D123/><U96/><E115/><V73/><F73/><W18/><G105/><T126/><D126/><U130/><E130/><V122/><F122/><W77/><G77/><T28/><D14/><U15/><E15/><V10/><F1/><W34/><G91/><T33/><D23/><U134/><E134/><V72/><F21/><W61/><REACH who="3" step="1"/><G34/><REACH who="3" ten="375,239,285,91" step="2"/><T114/><D88/><U94/><E94/><V26/><F90/><W116/><G116/><T99/><D81/><U53/><E41/><V80/><F92/><W118/><G118/><T13/><D114/><U25/><AGARI ba="0,1" hai="6,7,25,31,35,45,51,53,96,101,104" m="41319" machi="25" ten="30,1500,0" yaku="25,1" doraHai="32" who="1" fromWho="1" sc="375,-5,239,25,285,-5,91,-5" /><INIT seed="5,1,0,2,2,49" ten="370,264,280,86" oya="1" hai0="114,47,28,118,69,98,100,123,53,23,103,66,22" hai1="74,10,25,46,38,91,2,101,39,4,133,117,116" hai2="59,135,73,75,26,129,108,35,102,21,80,110,104" hai3="33,42,56,30,1,105,37,109,7,99,62,63,9"/><U13/><E74/><V45/><F35/><W112/><G109/><T20/><D118/><U97/><E91/><V24/><F129/><W115/><G63/><T0/><D0/><U93/><E133/><V130/><F130/><W44/><G30/><T120/><D66/><U111/><E111/><V67/><F45/><W58/><G58/><T31/><D69/><U14/><E25/><V131/><F131/><W12/><G33/><T132/><D114/><U41/><REACH who="1" step="1"/><E38/><REACH who="1" ten="370,254,280,86" step="2"/><V48/><F26/><W57/><G115/><T50/><D132/><U51/><E51/><V61/><F135/><W78/><G112/><T92/><REACH who="0" step="1"/><D103/><REACH who="0" ten="360,254,280,86" step="2"/><U54/><E54/><V34/><F108/><W84/><G37/><T88/><D88/><U81/><E81/><V96/><F80/><W94/><G42/><T77/><D77/><U121/><E121/><AGARI ba="1,2" hai="20,22,23,28,31,47,50,53,92,98,100,120,121,123" machi="121" ten="40,5200,0" yaku="1,1,13,1,52,1,53,0" doraHai="49" doraHaiUra="122" who="0" fromWho="1" sc="360,75,254,-55,280,0,86,0" /><INIT seed="6,0,0,5,1,135" ten="435,199,280,86" oya="2" hai0="9,125,120,129,11,51,82,90,83,102,15,68,17" hai1="130,59,13,46,110,73,78,92,81,1,91,67,61" hai2="27,122,16,85,47,69,118,134,126,116,53,75,52" hai3="127,29,115,98,0,97,65,43,37,66,88,55,93"/><V44/><F122/><W25/><G0/><T35/><D35/><U121/><E110/><V26/><F69/><W101/><G115/><T94/><D68/><U60/><E1/><V28/><F85/><W96/><G37/><T70/><D70/><U71/><E121/><V113/><F134/><W123/><G43/><T12/><D102/><U95/><E130/><V104/><F75/><W56/><G123/><T5/><D125/><U87/><E46/><V18/><F28/><W30/><G127/><T32/><D32/><U111/><E111/><V50/><F50/><W49/><G30/><T119/><D119/><U117/><E117/><V58/><F58/><W22/><REACH who="3" step="1"/><G98/><REACH who="3" ten="435,199,280,76" step="2"/><T23/><D120/><U62/><E71/><V20/><F126/><W19/><G19/><T77/><D17/><U114/><E114/><V100/><F113/><W72/><G72/><T4/><D5/><U76/><E73/><V45/><F116/><W132/><G132/><T133/><D4/><U106/><E87/><V38/><F38/><W14/><G14/><T84/><D15/><U24/><E13/><V48/><F118/><W86/><G86/><T3/><D12/><U41/><E41/><V74/><F74/><W31/><G31/><T112/><D3/><U64/><E24/><V99/><REACH who="2" step="1"/><F48/><REACH who="2" ten="435,199,270,76" step="2"/><W89/><G89/><N who="0" m="53543" /><D51/><U10/><E91/><V80/><F80/><W21/><G21/><AGARI ba="0,2" hai="16,18,20,21,26,27,44,45,47,52,53,99,100,104" machi="21" ten="40,12000,1" yaku="1,1,9,1,54,2,53,0" doraHai="135" doraHaiUra="107" who="2" fromWho="3" sc="435,0,199,0,270,140,76,-120" owari="435,53.0,199,-20.0,410,21.0,-44,-54.0" /></mjloggm>