<mjloggm ver="2.3"><GO type="41" lobby="0"/><UN n0="%E2%93%9D%53%75%70%68%78" n1="%4B%6F%45%6E%74%73" n2="%E5%8D%83%E9%87%8C%E5%B1%B1%E6%B8%85%E6%B0%B4%E8%B0%B7%E7%AB%9C%E8%8F%AF" n3="%E3%82%B7%E3%83%90%E3%82%A4%E3%83%8C" dan="18,15,15,13" rate="2143.07,2002.79,2059.78,1959.66" sx="M,F,M,M"/><TAIKYOKU oya="0"/><INIT seed="0,0,0,2,0,108" ten="250,250,250,250" oya="0" hai0="135,78,119,62,129,89,40,70,60,100,26,126,117" hai1="91,75,4,16,61,7,21,87,112,34,12,1,56" hai2="103,6,72,98,22,125,69,47,36,66,59,8,95" hai3="128,90,127,32,33,54,28,101,63,57,124,27,5"/><T58/><D78/><U46/><E75/><V82/><F125/><N who="3" m="48203" /><G128/><T102/><D126/><U99/><E34/><V45/><F69/><W19/><G5/><T96/><D40/><U77/><E1/><V44/><F22/><N who="3" m="15479" /><G101/><T132/><D26/><U23/><E112/><V133/><F133/><N who="0" m="51274" /><D129/><U121/><E121/><V114/><F36/><W80/><G19/><T97/><D89/><U88/><E46/><V104/><F104/><W48/><G48/><T39/><D39/><U86/><E21/><V52/><F66/><W105/><G105/><N who="0" m="63623" /><D70/><U68/><E68/><V131/><F131/><W85/><AGARI ba="0,0" hai="32,33,54,57,63,80,85,90" m="15479,48203" machi="85" ten="30,1100,0" yaku="18,1" doraHai="108" who="3" fromWho="3" sc="250,-5,250,-3,250,-3,250,11" /><INIT seed="1,0,0,0,2,74" ten="245,247,247,261" oya="1" hai0="106,134,93,129,80,57,118,131,103,123,33,119,98" hai1="83,43,52,92,82,31,32,94,1,63,16,58,27" hai2="55,15,133,6,9,2,132,62,54,120,108,30,19" hai3="130,69,22,29,56,127,0,96,135,117,61,68,37"/><U48/><E1/><V60/><F120/><W77/><G117/><N who="0" m="44555" /><D57/><U81/><E43/><V34/><F108/><W46/><G0/><T35/><D35/><U115/><E115/><V121/><F121/><W25/><G127/><T126/><D33/><U73/><E73/><V102/><F102/><W114/><G114/><T49/><D49/><U28/><E28/><V65/><F62/><W44/><G130/><N who="0" m="49675" /><D123/><U66/><REACH who="1" step="1"/><E16/><REACH who="1" ten="245,237,247,261" step="2"/><N who="2" m="8303" /><F30/><W107/><G29/><T20/><D126/><U39/><E39/><V88/><F19/><W14/><G37/><T76/><D20/><U70/><AGARI ba="0,1" hai="27,31,32,48,52,58,63,66,70,81,82,83,92,94" machi="70" ten="30,11700,0" yaku="1,1,0,1,54,1,53,1" doraHai="74" doraHaiUra="64" who="1" fromWho="1" sc="245,-39,237,127,247,-39,261,-39" /><INIT seed="1,1,0,1,2,45" ten="206,364,208,222" oya="1" hai0="92,44,85,37,13,94,103,29,10,25,8,117,73" hai1="98,7,123,59,82,109,81,75,110,134,28,17,83" hai2="79,118,87,27,64,70,113,60,67,71,54,46,35" hai3="95,24,84,116,66,30,22,114,86,88,108,127,32"/><U42/><E123/><V11/><F118/><W105/><G116/><T135/><D73/><U50/><E75/><V97/><F97/><W115/><G105/><T119/><D135/><U96/><E134/><V4/><F113/><W125/><G66/><T93/><D103/><U111/><E7/><V61/><F79/><W122/><G122/><T53/><D85/><U106/><E106/><V102/><F102/><W33/><G108/><T69/><D69/><U128/><E128/><V2/><F87/><W21/><G86/><T107/><D107/><U20/><E28/><V90/><F90/><W62/><G62/><T51/><D37/><U31/><E31/><V40/><F54/><W19/><G22/><T48/><D10/><U14/><E59/><V23/><F23/><W18/><G18/><T58/><D25/><U129/><E129/><V126/><F126/><N who="3" m="48139" /><G32/><T9/><D9/><U89/><E89/><V72/><F72/><W0/><G0/><T133/><D133/><U121/><E121/><V3/><F3/><W68/><G68/><T39/><D39/><U34/><E34/><V74/><F74/><W26/><AGARI ba="1,0" hai="19,21,24,26,30,33,84,88,95,114,115" m="48139" machi="26" ten="30,2000,0" yaku="18,1,54,1" doraHai="45" who="3" fromWho="3" sc="206,-6,364,-11,208,-6,222,23" /><INIT seed="2,0,0,5,5,32" ten="200,353,202,245" oya="2" hai0="119,100,99,131,97,15,81,44,26,105,13,47,69" hai1="12,104,22,51,63,55,117,28,80,30,3,120,7" hai2="52,59,109,98,65,102,74,49,8,126,37,111,135" hai3="70,10,73,56,34,82,18,41,61,79,112,71,29"/><V134/><F74/><W60/><G112/><T76/><D69/><U43/><E117/><V5/><F37/><W113/><G113/><T96/><D131/><U36/><E104/><V86/><F86/><W108/><G108/><N who="2" m="41545" /><F65/><W93/><G41/><T53/><D119/><U90/><E120/><V0/><F126/><W129/><G129/><T118/><D26/><U101/><E101/><V39/><F39/><W54/><G93/><AGARI ba="0,0" hai="0,5,8,49,52,59,93,98,102,134,135" m="41545" machi="93" ten="30,11600,0" yaku="14,1,10,1,52,1,54,1" doraHai="32" who="2" fromWho="3" sc="200,0,353,0,202,116,245,-116" /><INIT seed="2,1,0,4,3,89" ten="200,353,318,129" oya="2" hai0="116,78,69,68,32,75,93,24,127,113,61,15,48" hai1="42,55,65,31,80,76,13,129,40,121,124,86,112" hai2="6,4,115,111,21,71,135,79,62,52,53,64,16" hai3="125,14,87,54,114,12,96,122,29,26,72,95,120"/><V49/><F115/><W8/><G72/><T131/><D113/><U7/><E112/><V126/><F135/><W30/><G114/><T133/><D131/><U70/><E129/><V1/><F126/><W3/><G125/><T106/><D106/><U107/><E124/><V91/><F53/><W74/><G74/><T50/><D15/><U85/><E121/><V51/><F51/><W58/><G3/><T123/><D78/><U134/><E107/><V9/><F6/><W99/><G14/><T27/><D75/><U37/><E31/><V44/><F91/><W10/><G10/><T25/><D32/><U77/><E134/><V22/><F111/><W66/><G66/><T34/><D34/><U56/><E70/><V108/><F108/><W63/><G87/><T81/><D116/><U98/><E98/><V97/><F22/><W33/><G96/><T20/><D20/><U0/><E65/><V38/><F97/><W130/><G30/><T11/><D123/><U100/><E100/><V28/><F28/><W23/><G33/><T128/><D128/><U90/><E0/><V92/><F79/><N who="1" m="30281" /><E37/><V109/><F109/><W17/><REACH who="3" step="1"/><G130/><REACH who="3" ten="200,353,318,119" step="2"/><T119/><D127/><U103/><E85/><V117/><F117/><W18/><G18/><T110/><D119/><U60/><E103/><AGARI ba="1,1" hai="8,12,17,23,26,29,54,58,63,95,99,103,120,122" machi="103" ten="30,3900,0" yaku="1,1,7,1,52,1,53,0" doraHai="89" doraHaiUra="43" who="3" fromWho="1" sc="200,0,353,-42,318,0,119,52" /><INIT seed="3,0,0,1,4,130" ten="200,311,318,171" oya="3" hai0="30,47,48,95,14,102,79,58,93,72,89,92,124" hai1="2,28,114,74,107,128,123,49,0,20,66,108,56" hai2="65,81,34,105,73,84,77,29,131,10,101,82,19" hai3="118,59,78,26,37,22,7,39,132,97,83,122,125"/><W24/><G118/><T51/><D124/><U112/><E107/><V90/><F131/><W104/><G125/><T126/><D126/><U91/><E74/><V87/><F65/><W98/><G122/><T62/><D30/><U5/><E123/><V133/><F29/><W103/><G7/><T50/><D72/><U109/><E128/><V4/><F34/><W68/><G68/><T69/><D79/><U55/><E66/><V41/><F41/><W25/><G59/><T76/><D76/><U46/><E91/><N who="2" m="51599" /><F19/><W117/><G117/><T96/><D69/><U8/><E46/><V21/><F21/><W67/><G67/><T75/><D75/><U40/><E40/><V88/><F10/><W116/><G116/><T106/><D14/><U129/><E129/><V115/><F4/><W64/><G64/><T32/><D32/><U27/><REACH who="1" step="1"/><E0/><REACH who="1" ten="200,301,318,171" step="2"/><V111/><F90/><W71/><G71/><T45/><D89/><U127/><E127/><V43/><F43/><W23/><G103/><T94/><D106/><U63/><E63/><V17/><F101/><W33/><G104/><T44/><D58/><U42/><E42/><V61/><F61/><AGARI ba="0,1" hai="44,45,47,48,50,51,61,62,92,93,94,95,96,102" machi="61" ten="50,6400,0" yaku="29,2,8,1" doraHai="130" who="0" fromWho="2" sc="200,74,301,0,318,-64,171,0" /><INIT seed="4,0,0,3,2,115" ten="274,301,254,171" oya="0" hai0="102,122,95,104,127,94,42,97,53,83,0,33,111" hai1="26,85,59,63,56,62,107,74,45,60,31,8,109" hai2="125,79,100,9,89,5,65,73,135,120,91,88,105" hai3="25,29,21,37,133,72,116,47,87,103,67,61,86"/><T106/><D33/><U36/><E74/><V98/><F120/><W129/><G116/><T71/><D42/><U101/><E109/><V57/><F135/><W70/><G72/><T17/><D0/><U41/><E8/><V19/><F125/><W39/><G133/><T77/><D71/><U14/><E14/><V112/><F112/><W10/><G129/><T66/><D66/><U11/><E11/><V1/><F19/><W123/><G123/><T78/><D53/><U13/><E13/><V134/><F134/><W4/><G103/><T132/><D17/><U32/><E107/><N who="0" m="41001" /><D127/><U64/><E101/><V126/><F126/><W92/><G47/><T27/><D27/><U130/><E130/><V20/><F20/><W6/><G6/><T96/><D132/><U24/><E24/><V58/><F65/><W113/><G113/><T82/><D111/><U84/><E62/><V3/><F3/><W81/><G92/><T18/><D18/><U40/><E40/><V22/><REACH who="2" step="1"/><F22/><REACH who="2" ten="274,301,244,171" step="2"/><W124/><G124/><T28/><D122/><U38/><E38/><V50/><F50/><W117/><G37/><T43/><D28/><U44/><E44/><V121/><F121/><W114/><G39/><T34/><D34/><U2/><E2/><V119/><F119/><W128/><G117/><T35/><D35/><U69/><E69/><V68/><F68/><W80/><G114/><T118/><D118/><U49/><E36/><V46/><F46/><W23/><G23/><T51/><D51/><U7/><E7/><V99/><F99/><W75/><G70/><T108/><D108/><RYUUKYOKU ba="0,1" sc="274,-15,301,15,244,15,171,-15" hai1="26,31,32,41,45,49,56,59,60,63,64,84,85" hai2="1,5,9,57,58,73,79,88,89,91,98,100,105" /><INIT seed="5,1,1,3,5,35" ten="259,316,259,156" oya="1" hai0="70,30,126,50,102,37,44,130,4,28,11,76,129" hai1="2,39,103,104,13,122,67,10,1,107,9,131,3" hai2="65,84,113,57,49,26,79,94,14,29,36,128,92" hai3="133,88,54,56,38,120,34,6,82,127,15,106,91"/><U62/><E39/><V90/><F36/><W115/><G120/><T135/><D37/><U41/><E122/><V58/><F128/><N who="0" m="49258" /><D126/><U124/><E131/><V110/><F110/><W89/><G127/><T108/><D108/><U132/><E41/><V61/><F79/><W19/><G38/><T114/><D114/><U109/><E109/><V51/><F14/><W27/><G106/><T125/><D135/><U8/><E124/><V74/><F74/><W20/><G115/><T97/><D70/><U63/><E13/><V66/><F113/><W101/><G101/><T86/><D86/><U45/><E132/><V123/><F94/><W98/><G133/><T53/><D76/><U77/><E77/><V18/><F18/><W42/><G42/><T60/><D60/><N who="1" m="23083" /><E45/><V25/><F123/><W46/><G46/><T121/><D121/><U85/><E85/><V83/><F83/><W17/><G6/><T68/><D68/><U32/><E32/><V40/><F66/><W87/><G98/><T69/><D69/><U21/><E103/><V31/><F58/><W112/><G112/><T73/><D73/><U93/><E67/><V105/><F105/><N who="1" m="40521" /><E93/><V80/><F92/><W96/><G96/><T111/><D111/><U23/><AGARI ba="1,1" hai="1,2,3,8,9,10,21,23" m="40521,23083" machi="23" ten="50,12000,1" yaku="28,2,52,3" doraHai="35" who="1" fromWho="1" sc="259,-41,316,133,259,-41,156,-41" /><INIT seed="5,2,0,1,2,14" ten="218,449,218,115" oya="1" hai0="50,92,53,35,121,44,2,37,57,61,96,3,43" hai1="123,80,36,66,68,91,81,13,69,18,106,20,60" hai2="58,94,74,75,45,39,76,21,99,9,87,109,100" hai3="62,103,11,115,6,64,47,125,85,83,135,77,22"/><U72/><E123/><V25/><F109/><W10/><G125/><T114/><D114/><U26/><E36/><V124/><F9/><W40/><G135/><T63/><D35/><U107/><E68/><V34/><F34/><W65/><G115/><T102/><D121/><U101/><E101/><V117/><F117/><W116/><G116/><T82/><D63/><U42/><E42/><V5/><F5/><W54/><G103/><T7/><D7/><U8/><E80/><V24/><F24/><W95/><G95/><T93/><D93/><U41/><E41/><V90/><F76/><W131/><G11/><T89/><D82/><U51/><E51/><V73/><F124/><W29/><G131/><T112/><D112/><U38/><E38/><V113/><F113/><W52/><G29/><T98/><D98/><U104/><E72/><V28/><F58/><W12/><G22/><T120/><D120/><U126/><E126/><V0/><F0/><W110/><G110/><T97/><D37/><U23/><REACH who="1" step="1"/><E26/><REACH who="1" ten="218,439,218,115" step="2"/><V122/><F122/><W79/><G77/><T105/><AGARI ba="2,1" hai="2,3,43,44,50,53,57,61,89,92,96,97,102,105" machi="105" ten="20,1500,0" yaku="0,1,7,1" doraHai="14" who="0" fromWho="0" sc="218,31,439,-9,218,-6,115,-6" /><INIT seed="6,0,0,1,2,4" ten="249,430,212,109" oya="2" hai0="120,25,69,45,105,32,11,56,21,82,43,123,41" hai1="122,88,18,22,23,38,135,119,81,65,93,62,59" hai2="58,117,128,63,94,132,17,52,80,28,39,10,9" hai3="131,98,87,60,47,116,73,129,125,100,36,78,42"/><V118/><F39/><W77/><G116/><T103/><D69/><U67/><E119/><V70/><F132/><W108/><G108/><T37/><D32/><U110/><E110/><V134/><F134/><W26/><G125/><T68/><D68/><U44/><E135/><V106/><F106/><W99/><G99/><T49/><D82/><U124/><E124/><V8/><F70/><W83/><G78/><T33/><D33/><U0/><E0/><V53/><F28/><W40/><G40/><T6/><D103/><U92/><E122/><V109/><F109/><W64/><G87/><T2/><D105/><U55/><E38/><V85/><F128/><W35/><G64/><N who="1" m="24650" /><E44/><V91/><F17/><W101/><G60/><T111/><D111/><U54/><E54/><V20/><F20/><N who="1" m="7721" /><E18/><V66/><F53/><W86/><G101/><T126/><D126/><U14/><E14/><V76/><REACH who="2" step="1"/><F66/><REACH who="2" ten="249,430,202,109" step="2"/><W13/><G131/><T72/><D37/><U19/><E19/><V29/><F29/><W50/><G129/><T79/><D123/><U90/><E55/><V7/><F7/><W104/><G36/><T74/><D120/><U130/><E130/><V61/><F61/><W1/><G104/><T27/><D43/><U51/><E62/><V114/><F114/><W15/><G42/><T96/><D41/><U57/><E51/><V115/><F115/><W95/><G50/><T24/><D49/><U113/><E113/><V97/><AGARI ba="0,1" hai="8,9,10,52,58,63,76,80,85,91,94,97,117,118" machi="97" ten="30,18000,2" yaku="1,1,0,1,52,3,54,1,53,1" doraHai="4" doraHaiUra="84" who="2" fromWho="2" sc="249,-60,430,-60,202,190,109,-60" /><INIT seed="6,1,0,3,2,68" ten="189,370,392,49" oya="2" hai0="110,47,72,13,98,97,24,128,95,104,131,17,79" hai1="2,94,90,3,56,10,38,75,42,125,112,5,83" hai2="32,92,119,31,29,73,105,101,6,71,129,70,62" hai3="30,40,123,15,132,55,76,53,35,25,46,120,16"/><V126/><F119/><W117/><G132/><T11/><D110/><U78/><E2/><V77/><F92/><W114/><G114/><T51/><D104/><U61/><E112/><V36/><F31/><W85/><G117/><T41/><D72/><U39/><E125/><V66/><F6/><W106/><G106/><T9/><D79/><U59/><E59/><V91/><F91/><W50/><G76/><T18/><D98/><U81/><E81/><N who="2" m="45231" /><F129/><N who="0" m="49738" /><D24/><U0/><E0/><V122/><F122/><W113/><G113/><T67/><D67/><U37/><E56/><V45/><F71/><W108/><G108/><T12/><D97/><U124/><E124/><V60/><F126/><W20/><G55/><T58/><D58/><U64/><E64/><V116/><F116/><W57/><REACH who="3" step="1"/><G85/><REACH who="3" ten="189,370,392,39" step="2"/><T118/><D118/><U107/><E107/><V8/><F105/><W133/><G133/><T54/><D54/><U28/><E42/><V49/><F66/><W44/><G44/><T26/><D47/><U87/><E61/><AGARI ba="1,1" hai="15,16,20,25,30,35,40,46,50,53,57,61,120,123" machi="61" ten="30,7700,0" yaku="1,1,7,1,54,1,53,1" doraHai="68" doraHaiUra="48" who="3" fromWho="1" sc="189,0,370,-80,392,0,39,90" /><INIT seed="7,0,0,5,5,132" ten="189,290,392,129" oya="3" hai0="46,17,55,100,127,31,72,63,111,94,62,4,20" hai1="83,11,40,23,131,97,34,73,110,10,133,78,49" hai2="120,106,61,81,1,96,13,0,22,50,52,56,104" hai3="18,70,95,44,25,98,65,124,14,51,53,19,2"/><W77/><G2/><T29/><D111/><U121/><E121/><V103/><F106/><W32/><G77/><T112/><D72/><U92/><E34/><V35/><F35/><W114/><G114/><T3/><D4/><U116/><E116/><V93/><F120/><W28/><G19/><T36/><D3/><U58/><E133/><V122/><F122/><W64/><G70/><T80/><D127/><U108/><E131/><V12/><F104/><W99/><G99/><T45/><D80/><U21/><E108/><V91/><F1/><W24/><G24/><T27/><D36/><U30/><E110/><V125/><F125/><W119/><G119/><T68/><D68/><U67/><E40/><V43/><F0/><W113/><G113/><T134/><D134/><U89/><E23/><V41/><F22/><W39/><G39/><T129/><D129/><U9/><E9/><V5/><F5/><W109/><G109/><T107/><D107/><U76/><E76/><V59/><F81/><W126/><G65/><T85/><D112/><U33/><E33/><V6/><F103/><W16/><G18/><T130/><D100/><U69/><E69/><V75/><F75/><W15/><G64/><T123/><D130/><U71/><E71/><V86/><F96/><W105/><G105/><T60/><D123/><U74/><E74/><V118/><F118/><W7/><G7/><T90/><D55/><N who="1" m="32111" /><E67/><N who="2" m="39335" /><F6/><W128/><G128/><T115/><D115/><U87/><E73/><V54/><F54/><W84/><G84/><T102/><D102/><U37/><E37/><V135/><F135/><RYUUKYOKU ba="0,0" sc="189,10,290,10,392,10,129,-30" hai0="17,20,27,29,31,45,46,60,62,63,85,90,94" hai1="10,11,21,30,78,83,87,89,92,97" hai2="12,13,41,43,50,52,59,86,91,93" owari="199,-20.0,300,10.0,402,50.0,99,-40.0" /></mjloggm>