<mjloggm ver="2.3"><GO type="41" lobby="0"/><UN n0="%66%75%6E%61%69" n1="%E4%BB%86%E8%A1%97%E5%A4%A9%E9%B3%A5%E7%89%8C%E6%93%8D%E6%8E%A7%E7%9A%84" n2="%E2%93%9D%53%75%70%68%78" n3="%E3%81%9F%E3%81%BE%E3%81%94%E3%81%8A%E3%81%98%E3%81%95%E3%82%93" dan="14,14,18,14" rate="1935.19,1909.09,2114.10,1927.72" sx="M,M,M,M"/><TAIKYOKU oya="0"/><INIT seed="0,0,0,2,5,90" ten="250,250,250,250" oya="0" hai0="9,80,45,40,92,15,25,81,109,50,0,67,127" hai1="13,134,56,19,96,98,126,35,106,85,44,27,84" hai2="102,3,63,66,110,51,42,94,53,29,122,54,38" hai3="34,43,76,108,11,115,117,14,58,100,121,72,4"/><T75/><D0/><U37/><E126/><V22/><F3/><W71/><G71/><T17/><D127/><U77/><E134/><V114/><F110/><W41/><G115/><T87/><D109/><U128/><E128/><V103/><F122/><W59/><G117/><T111/><D111/><U28/><E56/><V83/><F83/><W26/><G121/><T1/><D75/><U124/><E124/><V64/><F38/><W69/><G69/><T131/><D131/><U52/><E98/><V95/><F42/><W88/><G59/><T70/><D70/><U82/><E37/><V104/><F104/><W12/><G100/><N who="2" m="38441" /><F63/><W5/><G58/><T97/><D67/><N who="2" m="25642" /><F114/><W68/><G68/><T23/><D1/><U30/><E106/><V16/><F29/><W7/><G76/><T8/><D87/><U48/><E30/><V112/><F112/><W133/><G72/><T18/><REACH who="0" step="1"/><D9/><REACH who="0" ten="240,250,250,250" step="2"/><U129/><E129/><V130/><F130/><W105/><G11/><T21/><D21/><U32/><E85/><V93/><F51/><W118/><G108/><T60/><D60/><U39/><E96/><V47/><F47/><W91/><G133/><T65/><D65/><U6/><E39/><V74/><F74/><W113/><G113/><T78/><D78/><U57/><E35/><V73/><F73/><W125/><G125/><T46/><D46/><U31/><E44/><V36/><F36/><W89/><G118/><T123/><D123/><U2/><E2/><V116/><F116/><W33/><G33/><T99/><D99/><U55/><E32/><V10/><F10/><RYUUKYOKU ba="0,1" sc="240,15,250,-15,250,15,250,-15" hai0="8,15,17,18,23,25,40,45,50,80,81,92,97" hai2="16,22,53,54,93,94,95" /><INIT seed="0,1,1,1,3,118" ten="255,235,265,235" oya="0" hai0="121,78,68,20,105,51,102,54,110,55,108,122,77" hai1="36,124,37,132,31,13,30,134,24,129,26,22,64" hai2="87,130,34,15,79,43,69,5,10,11,46,63,117" hai3="115,48,32,21,19,28,76,114,40,8,29,112,3"/><T123/><D68/><U27/><E64/><V49/><F130/><W41/><G76/><T100/><D20/><U25/><E37/><V35/><F117/><W60/><G60/><T104/><D102/><U127/><E36/><V62/><F11/><W70/><G70/><T103/><D103/><U106/><E106/><N who="0" m="41065" /><D100/><U94/><E94/><V47/><F47/><W18/><G48/><T93/><D93/><U99/><E99/><V44/><F44/><W2/><G32/><N who="2" m="12329" /><F69/><W52/><G52/><N who="0" m="20011" /><D51/><U125/><E13/><V86/><F86/><W91/><G91/><T42/><D42/><U97/><E97/><V81/><AGARI ba="1,1" hai="5,10,15,43,46,49,62,63,79,81,87" m="12329" machi="81" ten="30,1100,0" yaku="25,1" doraHai="118" who="2" fromWho="2" sc="255,-6,235,-4,265,24,235,-4" /><INIT seed="1,0,0,5,1,2" ten="249,231,289,231" oya="1" hai0="103,34,66,67,123,131,22,99,60,45,61,62,86" hai1="63,96,114,10,46,32,53,90,13,14,18,33,41" hai2="74,20,109,57,104,15,58,100,31,23,75,16,119" hai3="94,112,101,93,69,28,72,9,37,134,115,1,42"/><U89/><E114/><V71/><F119/><W24/><G69/><T120/><D34/><U50/><E32/><V113/><F71/><W12/><G134/><T21/><D131/><U121/><E33/><V35/><F35/><W77/><G101/><T54/><D86/><U111/><E121/><N who="0" m="46665" /><D21/><U105/><E111/><V68/><F68/><W52/><G24/><T25/><D45/><U17/><E105/><V64/><F109/><W92/><G28/><N who="0" m="17463" /><D54/><U78/><E78/><V91/><F75/><W83/><G52/><T43/><D43/><U76/><E76/><V44/><F74/><W47/><G12/><T38/><D38/><U6/><E96/><V56/><F44/><W65/><G65/><T40/><D40/><U30/><E30/><V107/><F64/><W48/><G48/><T97/><D97/><U5/><E63/><V80/><F31/><W128/><G128/><T106/><AGARI ba="0,0" hai="60,61,62,66,67,99,103,106" m="17463,46665" machi="106" ten="30,1100,0" yaku="13,1" doraHai="2" who="0" fromWho="0" sc="249,11,231,-5,289,-3,231,-3" /><INIT seed="2,0,0,1,4,120" ten="260,226,286,228" oya="2" hai0="93,121,92,74,20,14,106,9,112,67,99,71,91" hai1="123,105,54,83,21,87,133,126,69,22,64,41,107" hai2="86,6,108,98,18,88,60,66,116,4,70,63,117" hai3="47,26,52,16,124,24,34,79,7,76,73,68,27"/><V40/><F40/><W56/><G68/><T103/><D121/><U84/><E123/><V111/><F98/><W33/><G124/><T82/><D112/><U42/><E133/><V57/><F18/><W46/><G7/><T12/><D71/><U130/><E126/><V31/><F31/><W3/><G3/><T80/><D67/><U89/><E130/><V75/><F75/><W28/><G34/><T110/><D110/><N who="2" m="42026" /><F6/><W90/><G90/><T65/><D65/><U129/><E129/><V131/><F4/><W55/><G73/><T114/><D114/><U118/><E118/><V23/><F23/><N who="3" m="13415" /><G33/><T81/><D20/><U0/><E22/><V39/><F39/><W45/><G55/><T101/><D12/><U96/><E54/><N who="2" m="33847" /><F131/><W102/><G102/><T58/><D58/><U119/><E21/><V32/><F32/><W132/><G28/><T128/><D128/><U43/><E41/><V1/><F1/><W37/><G37/><T85/><D9/><U8/><E8/><V35/><F35/><W30/><G30/><T5/><D5/><U25/><E0/><V95/><AGARI ba="0,0" hai="63,66,70,86,88,95,116,117" m="33847,42026" machi="95" ten="30,18000,2" yaku="14,1,10,1,52,3,54,1" doraHai="120" who="2" fromWho="2" sc="260,-60,226,-60,286,180,228,-60" /><INIT seed="2,1,0,0,3,115" ten="200,166,466,168" oya="2" hai0="101,128,77,72,22,114,29,49,126,107,31,134,109" hai1="60,121,53,21,91,57,103,35,82,104,0,14,73" hai2="106,30,34,133,130,32,20,111,119,81,132,10,42" hai3="58,3,129,13,56,90,19,18,17,38,55,41,5"/><V52/><F119/><W39/><G129/><T11/><D128/><U135/><E35/><V93/><F111/><W78/><G78/><T112/><D109/><U54/><E0/><V92/><F106/><W7/><G3/><T12/><D134/><N who="2" m="51818" /><F42/><W117/><G117/><T37/><D37/><U27/><E135/><V108/><F81/><W110/><G110/><T105/><D126/><U83/><E121/><V76/><F10/><W120/><G120/><T89/><D77/><U2/><E2/><V74/><F74/><W15/><G90/><T131/><D72/><U6/><E73/><V4/><F4/><W96/><G96/><T62/><D131/><U85/><E82/><V100/><F100/><W79/><G79/><T43/><D112/><U127/><E127/><V28/><F20/><W80/><G80/><T51/><D114/><U24/><E103/><V99/><F99/><W113/><G41/><T63/><D105/><U44/><E104/><V23/><F23/><W8/><G113/><T94/><D101/><U124/><E124/><V16/><F108/><W102/><G102/><T46/><D107/><U9/><E21/><V64/><F34/><W116/><G116/><T75/><D75/><U118/><E118/><V69/><F32/><W97/><G97/><T48/><D22/><U40/><REACH who="1" step="1"/><E53/><REACH who="1" ten="200,156,466,168" step="2"/><V65/><F52/><W33/><G33/><T88/><D43/><U50/><AGARI ba="1,1" hai="6,9,14,24,27,40,44,50,54,57,60,83,85,91" machi="50" ten="20,8000,1" yaku="1,1,2,1,0,1,7,1,8,1,53,0" doraHai="115" doraHaiUra="25" who="1" fromWho="1" sc="200,-21,156,93,466,-41,168,-21" /><INIT seed="3,0,0,2,2,108" ten="179,249,425,147" oya="3" hai0="74,48,135,121,4,21,83,38,20,28,29,78,93" hai1="113,101,100,17,25,116,134,103,36,44,8,98,115" hai2="90,114,107,47,133,53,89,42,109,59,105,16,54" hai3="96,12,9,30,82,111,122,55,11,13,2,95,86"/><W35/><G122/><T119/><D121/><U57/><E116/><V112/><F109/><W73/><G73/><T68/><D119/><U129/><E129/><V85/><F133/><W76/><G111/><T102/><D135/><U77/><E134/><V7/><F7/><W91/><G2/><T49/><D38/><U127/><E77/><V60/><F16/><W50/><G30/><T72/><D72/><U84/><E127/><V14/><F14/><N who="3" m="5739" /><G35/><T26/><D68/><U41/><E8/><V64/><F107/><W126/><G126/><T67/><D67/><U71/><E71/><V6/><F105/><W10/><G10/><T24/><REACH who="0" step="1"/><D4/><REACH who="0" ten="169,249,425,147" step="2"/><U34/><E36/><V0/><F6/><W1/><G1/><T65/><D65/><U80/><E34/><V45/><F0/><W52/><G55/><T130/><D130/><U123/><E123/><V104/><F54/><W128/><G128/><T31/><D31/><U66/><E66/><V124/><F53/><W79/><G79/><T75/><D75/><U69/><E69/><V18/><F124/><W81/><G81/><T37/><D37/><U131/><E57/><AGARI ba="0,1" hai="9,11,50,52,57,76,82,86,91,95,96" m="5739" machi="57" ten="30,2900,0" yaku="8,1,54,1" doraHai="108" who="3" fromWho="1" sc="169,0,249,-29,425,0,147,39" /><INIT seed="3,1,0,0,4,47" ten="169,220,425,186" oya="3" hai0="78,112,18,12,93,16,22,31,88,27,9,92,82" hai1="39,67,73,75,62,130,99,68,5,114,7,59,28" hai2="106,90,76,25,79,131,87,70,35,21,119,122,2" hai3="15,30,57,40,36,129,115,43,124,84,127,72,48"/><W91/><G72/><T94/><D112/><U108/><E114/><V107/><F2/><W8/><G115/><T103/><D103/><U0/><E39/><V96/><F35/><W37/><G30/><T123/><D123/><U121/><E121/><V4/><F4/><W120/><G129/><T1/><D1/><U128/><E108/><V56/><F119/><W116/><G116/><T71/><D71/><U111/><E111/><V104/><F56/><W100/><G100/><T125/><D125/><N who="3" m="48201" /><G43/><T135/><D135/><U81/><E28/><V126/><F70/><W74/><G74/><T98/><REACH who="0" step="1"/><D31/><REACH who="0" ten="159,220,425,186" step="2"/><U110/><E110/><V23/><F126/><W26/><G120/><T19/><D19/><U38/><E68/><V14/><F122/><W65/><G36/><T133/><D133/><U11/><E38/><V118/><F118/><W89/><G37/><T32/><D32/><U113/><E113/><V66/><F107/><W58/><G65/><T53/><D53/><U60/><E0/><V50/><F66/><W52/><G40/><T34/><D34/><U51/><E67/><V6/><F106/><W77/><G58/><T33/><D33/><U29/><E59/><V3/><F104/><W64/><G64/><T80/><D80/><U20/><E81/><V24/><F3/><W95/><G95/><T49/><D49/><U17/><E51/><V13/><F50/><W117/><G117/><T85/><AGARI ba="1,1" hai="9,12,16,18,22,27,78,82,85,88,92,93,94,98" machi="85" ten="20,12000,2" yaku="1,1,0,1,7,1,8,1,54,2,53,0" doraHai="47" doraHaiUra="54" who="0" fromWho="0" sc="159,133,220,-31,425,-31,186,-61" /><INIT seed="4,0,0,5,4,4" ten="292,189,394,125" oya="0" hai0="103,85,87,20,122,127,135,63,10,64,70,76,47" hai1="104,32,129,90,19,79,80,40,107,7,72,33,59" hai2="29,51,18,61,118,38,111,98,95,75,2,31,119" hai3="0,97,108,12,36,106,25,56,125,27,22,77,16"/><T9/><D122/><U84/><E129/><V92/><F111/><W126/><G108/><T115/><D115/><U52/><E40/><V41/><F2/><W102/><G36/><T81/><D135/><U6/><E7/><V82/><F61/><W24/><G77/><T1/><D127/><U100/><E6/><V109/><F51/><W34/><G0/><T5/><D103/><U17/><E104/><V44/><F18/><W113/><G113/><T67/><D67/><U62/><E32/><V86/><F75/><W13/><G13/><T117/><D117/><N who="2" m="44554" /><F95/><W23/><G34/><T71/><D71/><U110/><E33/><V133/><F133/><W105/><G105/><T42/><D10/><U60/><E60/><V21/><F21/><W124/><REACH who="3" step="1"/><G56/><REACH who="3" ten="292,189,394,115" step="2"/><T45/><D45/><U99/><REACH who="1" step="1"/><E110/><REACH who="1" ten="292,179,394,115" step="2"/><V116/><F109/><W130/><G130/><T73/><REACH who="0" step="1"/><D20/><AGARI ba="0,2" hai="12,16,20,22,23,24,25,27,97,102,106,124,125,126" machi="20" ten="50,12000,2" yaku="1,1,18,1,54,1,53,3" doraHai="4" doraHaiUra="132" who="3" fromWho="0" sc="292,-120,179,0,394,0,115,140" /><INIT seed="5,0,0,4,5,9" ten="172,179,394,255" oya="1" hai0="21,86,41,87,18,55,75,76,115,39,4,32,26" hai1="50,44,5,54,99,11,6,80,34,108,47,29,116" hai2="10,132,45,22,19,78,112,70,83,111,69,46,95" hai3="114,40,79,98,89,52,127,97,48,128,102,65,82"/><U43/><E116/><V120/><F111/><W16/><G128/><T36/><D75/><U134/><E134/><V81/><F120/><W3/><G3/><T107/><D107/><U0/><E108/><V106/><F112/><W103/><G127/><T59/><D115/><U113/><E113/><V71/><F10/><W61/><G40/><T101/><D101/><U124/><E124/><V31/><F31/><W20/><G89/><T38/><D41/><U74/><E99/><V130/><F95/><W133/><G133/><T53/><D4/><U25/><E6/><V67/><F67/><W73/><G102/><T125/><D125/><U118/><E118/><V8/><F8/><W24/><G103/><T30/><D76/><U1/><E80/><V110/><F83/><W13/><G24/><T33/><D55/><U17/><E17/><V64/><F64/><W100/><G100/><T90/><D30/><U96/><E96/><V14/><F130/><W12/><G12/><T93/><REACH who="0" step="1"/><D86/><REACH who="0" ten="162,179,394,255" step="2"/><U57/><E74/><N who="2" m="43223" /><F106/><W62/><G114/><T131/><D131/><U63/><REACH who="1" step="1"/><E44/><REACH who="1" ten="162,169,394,255" step="2"/><V117/><F46/><W121/><G98/><T56/><D56/><U104/><E104/><V7/><F110/><W60/><G97/><T49/><AGARI ba="0,2" hai="18,21,26,32,33,36,38,39,49,53,59,87,90,93" machi="49" ten="30,4000,0" yaku="1,1,0,1,53,1" doraHai="9" doraHaiUra="15" who="0" fromWho="0" sc="162,60,169,-20,394,-10,255,-10" /><INIT seed="6,0,0,5,3,38" ten="222,149,384,245" oya="2" hai0="56,106,95,60,104,84,108,119,92,34,132,25,67" hai1="129,117,8,52,105,77,0,37,103,7,39,120,89" hai2="44,61,23,87,62,14,12,125,90,112,29,128,85" hai3="73,30,134,122,66,17,115,69,48,130,65,35,97"/><V83/><F112/><W96/><G122/><T101/><D108/><U45/><E117/><V1/><F1/><W94/><G134/><T72/><D72/><U26/><E120/><V41/><F125/><W43/><G130/><T50/><D119/><U99/><E129/><V98/><F98/><W135/><G135/><T27/><D132/><U79/><E37/><V86/><F86/><W107/><G73/><T6/><D6/><U40/><E26/><V22/><F29/><W113/><G107/><T78/><D50/><U121/><E121/><V80/><F128/><W3/><G96/><T55/><D67/><U15/><E0/><V54/><F54/><W21/><G30/><T63/><D63/><U116/><E116/><V100/><F100/><W88/><G35/><T57/><D57/><U109/><E109/><V124/><F124/><W18/><G18/><T53/><D53/><U58/><REACH who="1" step="1"/><E89/><REACH who="1" ten="222,139,384,245" step="2"/><V131/><F131/><W126/><G3/><T49/><D25/><U47/><E47/><V110/><F44/><N who="3" m="25631" /><G126/><T33/><D27/><U75/><E75/><V4/><F110/><W127/><G127/><T24/><D24/><U31/><E31/><V76/><F90/><W32/><G32/><T46/><D46/><U123/><E123/><V16/><F14/><N who="3" m="9399" /><G69/><T133/><D133/><U71/><E71/><V10/><F12/><W9/><G9/><T118/><D118/><U81/><E81/><V64/><F10/><W13/><G13/><T93/><D34/><U36/><E36/><V20/><F20/><W114/><AGARI ba="0,1" hai="65,66,88,94,97,113,114,115" m="9399,25631" machi="114" ten="30,7900,0" yaku="15,1,11,1,52,1,54,1" doraHai="38" who="3" fromWho="3" sc="222,-20,139,-20,384,-39,245,89" /><INIT seed="7,0,0,1,1,5" ten="202,119,345,334" oya="3" hai0="86,9,84,3,16,108,116,45,106,37,128,82,122" hai1="30,113,55,90,69,12,26,102,78,61,87,34,118" hai2="35,10,130,112,67,76,94,62,56,27,42,57,13" hai3="33,80,6,92,91,52,114,93,49,85,22,135,40"/><W54/><G33/><T15/><D122/><U68/><E118/><V44/><F112/><W28/><G135/><T19/><D116/><U47/><E113/><V72/><F130/><W63/><G6/><T83/><D108/><U60/><E102/><V98/><F72/><W4/><G4/><T50/><D128/><U21/><E78/><V133/><F76/><W123/><G123/><T104/><D37/><U97/><E97/><V46/><F133/><W2/><G2/><T132/><D132/><U43/><E61/><V121/><F121/><W0/><G0/><T77/><D3/><U14/><E68/><V20/><F57/><N who="3" m="35239" /><G40/><T100/><D100/><U117/><E117/><V24/><F35/><W95/><G114/><T99/><D99/><U96/><E96/><V39/><F20/><W18/><G28/><T74/><D19/><U127/><E127/><V70/><F70/><W126/><G126/><T125/><D125/><U81/><E34/><V134/><F134/><W65/><G65/><T115/><D115/><U89/><E69/><V111/><F111/><W7/><G7/><T73/><D73/><U29/><E29/><V109/><F109/><W107/><G107/><T105/><D105/><U31/><E31/><V124/><F124/><W11/><G11/><T8/><D74/><U51/><REACH who="1" step="1"/><E89/><REACH who="1" ten="202,109,345,334" step="2"/><V58/><F62/><W25/><G80/><T32/><D32/><U23/><E23/><V1/><F1/><W119/><G119/><T101/><D101/><U64/><E64/><V41/><F67/><W88/><G91/><T131/><D131/><U120/><E120/><RYUUKYOKU ba="0,1" sc="202,-15,109,15,345,-15,334,15" hai1="12,14,21,26,30,43,47,51,55,60,81,87,90" hai3="18,22,25,49,54,85,88,92,93,95" owari="187,-21.0,124,-38.0,330,13.0,359,46.0" /></mjloggm>