<mjloggm ver="2.3"><GO type="41" lobby="0"/><UN n0="%E3%81%97%E3%82%93%30%38%34%33" n1="%E2%93%9D%53%75%70%68%78" n2="%E3%82%A2%E3%83%AA%E3%83%8A%E3%83%BB%E3%82%B0%E3%83%AC%E3%82%A4" n3="%E5%84%9A%E3%81%8D%E5%A4%A2" dan="13,17,15,13" rate="1809.76,2055.09,2024.87,1938.10" sx="M,M,F,F"/><TAIKYOKU oya="0"/><INIT seed="0,0,0,1,5,20" ten="250,250,250,250" oya="0" hai0="79,38,7,96,116,127,68,100,61,113,73,52,124" hai1="74,62,42,129,13,58,84,26,82,6,99,59,95" hai2="57,97,102,121,67,47,54,71,48,93,60,12,55" hai3="128,78,17,32,9,85,92,53,132,101,27,37,111"/><T1/><D116/><U105/><E129/><V34/><F121/><W5/><G128/><T134/><D113/><U114/><E74/><V56/><F34/><W126/><G111/><T107/><D134/><U30/><E105/><V15/><REACH who="2" step="1"/><F71/><REACH who="2" ten="250,250,240,250" step="2"/><W94/><G32/><T10/><D38/><U29/><E114/><V2/><F2/><W36/><G37/><T65/><REACH who="0" step="1"/><D52/><REACH who="0" ten="240,250,240,250" step="2"/><U135/><E135/><V91/><F91/><W80/><G53/><T50/><D50/><AGARI ba="0,2" hai="12,15,47,48,50,54,55,56,57,60,67,93,97,102" machi="50" ten="30,8000,1" yaku="1,1,7,1,8,1,53,2" doraHai="20" doraHaiUra="46" who="2" fromWho="0" sc="240,-80,250,0,240,100,250,0" /><INIT seed="1,0,0,1,4,25" ten="160,250,340,250" oya="1" hai0="29,5,109,125,35,64,34,2,83,74,62,65,7" hai1="4,18,135,33,44,22,16,42,70,128,100,91,95" hai2="84,133,89,60,63,115,96,106,112,134,119,71,111" hai3="105,122,27,82,46,10,120,3,49,66,51,131,55"/><U28/><E70/><V31/><F119/><W48/><G131/><T92/><D109/><U127/><E33/><V8/><F111/><W129/><G129/><T121/><D121/><U72/><E72/><V80/><F8/><W81/><G105/><T94/><D125/><U76/><E76/><V73/><F71/><W104/><G104/><T90/><D74/><U30/><E135/><N who="2" m="51723" /><F31/><N who="1" m="11817" /><E127/><V113/><F73/><W108/><G66/><T9/><D7/><U59/><E100/><AGARI ba="0,0" hai="60,63,80,84,89,96,100,106,112,113,115" m="51723" machi="100" ten="40,2600,0" yaku="11,1,20,1" doraHai="25" who="2" fromWho="1" sc="160,0,250,-26,340,26,250,0" /><INIT seed="2,0,0,1,5,38" ten="160,224,366,250" oya="2" hai0="124,39,48,86,5,131,42,89,100,126,21,87,84" hai1="80,134,75,30,8,104,40,95,44,60,23,51,130" hai2="2,7,1,135,82,69,27,29,52,19,113,63,34" hai3="47,110,46,91,79,24,73,45,68,26,98,17,71"/><V111/><F113/><W54/><G110/><T92/><D39/><U14/><E104/><V15/><F111/><W59/><G79/><T53/><D5/><U74/><E130/><V118/><F118/><W108/><G73/><T57/><D131/><U25/><E134/><V114/><F114/><W107/><G108/><T119/><D119/><U94/><E75/><V12/><F135/><W67/><G67/><T16/><D100/><U77/><REACH who="1" step="1"/><E60/><REACH who="1" ten="160,214,366,250" step="2"/><V120/><F63/><W93/><G107/><T20/><D20/><U58/><E58/><V112/><F112/><W37/><G37/><T0/><D0/><U117/><E117/><V35/><F1/><W4/><G4/><AGARI ba="0,1" hai="4,8,14,23,25,30,40,44,51,74,77,80,94,95" machi="4" ten="30,3900,0" yaku="1,1,7,1,52,1,53,0" doraHai="38" doraHaiUra="121" who="1" fromWho="3" sc="160,0,214,49,366,0,250,-39" /><INIT seed="3,0,0,1,1,122" ten="160,263,366,211" oya="3" hai0="45,93,53,48,20,52,32,85,42,97,92,40,55" hai1="67,89,91,109,5,44,41,119,49,74,90,25,64" hai2="9,116,13,51,28,108,107,0,61,103,6,72,69" hai3="30,99,23,88,83,86,102,15,130,31,110,54,24"/><W11/><G130/><T134/><D32/><U4/><E74/><V115/><F115/><W62/><G110/><T94/><D134/><U47/><E119/><V46/><F116/><W124/><G124/><T29/><D85/><U77/><E77/><V68/><F72/><W121/><G121/><T98/><D42/><U2/><E2/><V129/><F129/><W43/><G43/><T132/><D132/><U131/><E131/><V75/><F75/><W1/><G1/><T34/><D34/><U135/><E135/><V126/><F126/><W78/><G31/><T82/><D82/><U133/><E133/><V101/><F108/><W70/><G70/><T22/><REACH who="0" step="1"/><D29/><REACH who="0" ten="150,263,366,211" step="2"/><U58/><E109/><V112/><F28/><W125/><G125/><T12/><D12/><U66/><E25/><V19/><F13/><W80/><G15/><T14/><D14/><U81/><E81/><V16/><F0/><W27/><G11/><T113/><D113/><U63/><REACH who="1" step="1"/><E47/><REACH who="1" ten="150,253,366,211" step="2"/><V95/><F46/><W104/><G27/><T96/><AGARI ba="0,2" hai="20,22,40,45,48,52,53,55,92,93,94,96,97,98" machi="96" ten="40,12000,2" yaku="1,1,0,1,29,2,8,1,54,1,53,0" doraHai="122" doraHaiUra="117" who="0" fromWho="0" sc="150,140,253,-30,366,-30,211,-60" /><INIT seed="4,0,0,1,3,47" ten="290,223,336,151" oya="0" hai0="7,86,56,38,96,41,60,44,104,57,108,91,116" hai1="118,101,4,90,18,66,55,65,92,128,125,42,107" hai2="14,112,117,80,17,45,33,35,87,114,93,51,8" hai3="19,2,131,29,36,11,133,115,97,134,109,119,121"/><T124/><D116/><U62/><E118/><V40/><F93/><W100/><G119/><T120/><D120/><U99/><E128/><V73/><F73/><W84/><G131/><T113/><D124/><U69/><E42/><V78/><REACH who="2" step="1"/><F117/><REACH who="2" ten="290,223,326,151" step="2"/><W16/><G121/><T110/><D110/><U64/><E92/><V59/><F59/><W89/><G109/><T63/><D57/><U85/><E125/><V48/><F48/><W21/><G36/><T34/><D56/><U49/><E49/><V129/><F129/><W27/><G115/><AGARI ba="0,1" hai="8,14,17,33,35,40,45,51,78,80,87,112,114,115" machi="115" ten="40,5200,0" yaku="1,1,15,1,52,1,53,0" doraHai="47" doraHaiUra="71" who="2" fromWho="3" sc="290,0,223,0,326,62,151,-52" /><INIT seed="5,0,0,3,2,117" ten="290,223,388,99" oya="1" hai0="9,47,26,50,70,40,131,45,24,58,17,53,33" hai1="71,37,120,68,129,98,84,63,21,132,112,125,30" hai2="104,19,4,89,118,15,99,135,81,93,77,83,90" hai3="1,119,100,103,16,101,2,106,95,41,107,35,48"/><U49/><E37/><V8/><F118/><W13/><G119/><T73/><D70/><U130/><E112/><V96/><F135/><W10/><G35/><T126/><D73/><U66/><E132/><V91/><F104/><W43/><G95/><T111/><D111/><U56/><E84/><N who="2" m="48175" /><F83/><W55/><G106/><T122/><D122/><U134/><E125/><V32/><F32/><W18/><G107/><T133/><D126/><U108/><E98/><N who="2" m="37419" /><F93/><W105/><G105/><T25/><D133/><U123/><E134/><V52/><F52/><W114/><G114/><T31/><D131/><N who="1" m="50187" /><E108/><V51/><F51/><W14/><G2/><T44/><D40/><U34/><E34/><V80/><F80/><W54/><G1/><T78/><D78/><U72/><E72/><V29/><F29/><W64/><G64/><T113/><D113/><U92/><E92/><V110/><F110/><W3/><G3/><T60/><D60/><U62/><E49/><V20/><F89/><W57/><REACH who="3" step="1"/><G54/><REACH who="3" ten="290,223,388,89" step="2"/><T27/><D53/><N who="1" m="34063" /><E71/><V87/><F87/><W23/><AGARI ba="0,1" hai="10,13,14,16,18,23,41,43,48,55,57,100,101,103" machi="23" ten="30,7900,0" yaku="1,1,0,1,8,1,54,1,53,0" doraHai="117" doraHaiUra="76" who="3" fromWho="3" sc="290,-20,223,-39,388,-20,89,89" /><INIT seed="6,0,0,2,3,105" ten="270,184,368,178" oya="2" hai0="126,45,123,27,32,41,104,62,0,133,34,134,111" hai1="18,74,112,12,61,84,90,127,99,76,9,52,47" hai2="20,124,92,44,33,107,69,7,89,37,40,68,78" hai3="70,80,119,6,8,96,87,56,85,67,97,79,63"/><V1/><F107/><W21/><G119/><T15/><D111/><U115/><E99/><V120/><F120/><W16/><G87/><T132/><D123/><U102/><E102/><V88/><F33/><W95/><G70/><T65/><D104/><U31/><E31/><V129/><F129/><W4/><G8/><T26/><D0/><U54/><E127/><V55/><F124/><W42/><G42/><T59/><D126/><U73/><E76/><V29/><F55/><N who="1" m="21033" /><E61/><V51/><F78/><W117/><G117/><T3/><D3/><U128/><E47/><V116/><F116/><W14/><REACH who="3" step="1"/><G96/><REACH who="3" ten="270,184,368,168" step="2"/><T83/><D134/><U10/><E10/><V60/><F68/><W135/><G135/><T103/><D133/><U82/><E128/><V50/><F69/><W58/><G58/><T113/><D132/><U125/><E125/><V46/><F46/><W131/><G131/><T71/><D45/><U35/><E35/><V25/><F44/><W57/><G57/><T72/><D34/><U28/><E28/><V24/><F29/><W22/><G22/><T11/><D32/><U49/><E49/><V36/><F50/><W48/><G48/><T109/><D71/><U118/><E118/><V13/><F51/><W130/><G130/><T81/><D41/><U93/><E82/><V5/><F40/><W122/><G122/><T106/><D81/><U17/><E17/><V2/><F20/><W108/><G108/><T114/><D109/><U19/><E19/><V38/><F38/><W101/><AGARI ba="0,1" hai="4,6,14,16,21,56,63,67,79,80,85,95,97,101" machi="101" ten="20,8000,1" yaku="1,1,0,1,7,1,8,1,54,1,53,0" doraHai="105" doraHaiUra="39" who="3" fromWho="3" sc="270,-20,184,-20,368,-40,168,90" /><INIT seed="7,0,0,4,1,50" ten="250,164,328,258" oya="3" hai0="106,75,124,71,96,116,28,1,100,48,86,20,109" hai1="72,95,97,101,3,52,26,127,9,118,70,61,81" hai2="66,56,43,35,114,125,53,14,80,27,13,89,21" hai3="16,126,59,84,54,42,12,5,19,94,85,44,60"/><W129/><G129/><T110/><D116/><U120/><E120/><V45/><F35/><W77/><G126/><T4/><D71/><U36/><E127/><V17/><F125/><W65/><G77/><T2/><D124/><U108/><E36/><V6/><F114/><W73/><G73/><T113/><D113/><U103/><E108/><V63/><F53/><W32/><G32/><T131/><D131/><U31/><E118/><V119/><F6/><W29/><G29/><T79/><D110/><U67/><E3/><V115/><F115/><W78/><G78/><T93/><D109/><U23/><E9/><V99/><F119/><W25/><G65/><T112/><D112/><U0/><E0/><V92/><F80/><W123/><G123/><T24/><D4/><U64/><E103/><V91/><F91/><N who="3" m="53607" /><G85/><T38/><D38/><AGARI ba="0,0" hai="13,14,17,21,27,38,43,45,56,63,66,89,92,99" machi="38" ten="30,1000,0" yaku="7,1" doraHai="50" who="2" fromWho="0" sc="250,-10,164,0,328,10,258,0" owari="240,-16.0,164,-34.0,338,44.0,258,6.0" /></mjloggm>