<mjloggm ver="2.3"><GO type="41" lobby="0"/><UN n0="%E3%82%84%E3%81%BE%E3%81%95%E3%81%B3" n1="%E7%9E%AC%E6%B3%A2" n2="%E2%93%9D%53%75%70%68%78" n3="%E3%81%B6%E3%81%9F%E3%81%8D%E3%81%AE%E3%81%93" dan="13,15,17,13" rate="1885.00,2136.78,2093.92,1930.76" sx="M,M,M,M"/><TAIKYOKU oya="0"/><INIT seed="0,0,0,3,2,29" ten="250,250,250,250" oya="0" hai0="100,99,88,82,71,87,53,95,62,27,116,73,65" hai1="57,35,108,85,20,103,123,23,70,12,107,42,28" hai2="3,34,22,61,8,80,19,77,117,66,1,113,2" hai3="97,37,109,36,101,132,6,129,63,7,130,76,92"/><T55/><D116/><U4/><E70/><V33/><F113/><W60/><G109/><T111/><D111/><U89/><E108/><V126/><F8/><W125/><G76/><T11/><D11/><U18/><E4/><N who="3" m="1578" /><G125/><T133/><D133/><U10/><E42/><V106/><F106/><W131/><G132/><T124/><D124/><U46/><E46/><V13/><F117/><W98/><G98/><T81/><REACH who="0" step="1"/><D27/><REACH who="0" ten="240,250,250,250" step="2"/><U15/><E123/><V24/><F24/><W83/><G83/><T43/><D43/><U58/><E10/><V114/><F126/><W59/><G63/><T90/><D90/><U47/><E89/><V79/><F114/><W25/><G25/><T105/><D105/><U45/><E12/><V54/><F77/><AGARI ba="0,1" hai="53,55,62,65,71,73,77,81,82,87,88,95,99,100" machi="77" ten="40,3900,0" yaku="1,1,54,1,53,0" doraHai="29" doraHaiUra="44" who="0" fromWho="2" sc="240,49,250,0,250,-39,250,0" /><INIT seed="0,1,0,2,4,75" ten="289,250,211,250" oya="0" hai0="125,13,99,43,37,116,39,81,49,67,61,72,34" hai1="98,35,69,119,62,0,92,38,104,86,131,7,51" hai2="17,110,55,29,50,82,94,59,126,96,74,31,112" hai3="121,124,54,100,8,14,27,87,101,73,28,65,129"/><T44/><D34/><U128/><E35/><V66/><F112/><W40/><G73/><T6/><D116/><U115/><E38/><V32/><F110/><W24/><G129/><T56/><D125/><U53/><E86/><V25/><F126/><W114/><G124/><T103/><D6/><U109/><E104/><V3/><F3/><W83/><G114/><T11/><D11/><U19/><E19/><V108/><F108/><W21/><G40/><T80/><D13/><U33/><E33/><V47/><F29/><W26/><G65/><T95/><REACH who="0" step="1"/><D80/><REACH who="0" ten="279,250,211,250" step="2"/><U30/><E119/><V20/><F82/><W52/><G27/><T84/><D84/><U42/><E7/><V118/><F118/><W70/><G26/><T77/><AGARI ba="1,1" hai="37,39,43,44,49,56,61,67,72,77,81,95,99,103" machi="77" ten="30,6000,0" yaku="1,1,0,1,52,1,53,0" doraHai="75" doraHaiUra="4" who="0" fromWho="0" sc="279,73,250,-21,211,-21,250,-21" /><INIT seed="0,2,0,1,1,72" ten="352,229,190,229" oya="0" hai0="52,17,111,10,76,63,36,98,126,11,85,122,5" hai1="99,113,74,132,66,77,82,131,40,24,133,73,120" hai2="41,124,104,16,117,83,46,84,47,21,6,81,107" hai3="93,109,19,123,45,105,42,134,12,3,29,62,43"/><T78/><D122/><U44/><E120/><V129/><F124/><W49/><G123/><T92/><D36/><U80/><E66/><V88/><F129/><W101/><G105/><T69/><D126/><U116/><E116/><V28/><F117/><W128/><G3/><T106/><D106/><U31/><E99/><V112/><F112/><W86/><G128/><T1/><D85/><U89/><E131/><V33/><F6/><W115/><G115/><T38/><D38/><U57/><E57/><V103/><F46/><W35/><G109/><T65/><D111/><U110/><E110/><V48/><F103/><W90/><G35/><T127/><D127/><U67/><E67/><V13/><REACH who="2" step="1"/><F83/><REACH who="2" ten="352,229,180,229" step="2"/><W61/><G101/><T50/><D11/><U60/><E113/><V34/><F34/><W114/><G114/><T37/><D37/><U100/><E100/><V51/><F51/><W8/><G134/><T118/><D118/><U25/><E44/><V87/><F87/><W18/><G43/><T97/><D97/><U119/><E40/><V14/><F14/><W64/><G29/><T130/><D130/><U2/><E31/><V15/><F15/><W22/><REACH who="3" step="1"/><G64/><REACH who="3" ten="352,229,180,219" step="2"/><T91/><REACH who="0" step="1"/><D17/><REACH who="0" ten="342,229,180,219" step="2"/><U20/><E119/><V71/><F71/><W102/><G102/><T59/><AGARI ba="2,3" hai="1,5,10,50,52,59,63,65,69,76,78,91,92,98" machi="59" ten="20,18000,2" yaku="1,1,2,1,0,1,7,1,52,2,54,1,53,0" doraHai="72" doraHaiUra="27" who="0" fromWho="0" sc="342,216,229,-62,180,-62,219,-62" /><INIT seed="0,3,0,4,1,109" ten="558,167,118,157" oya="0" hai0="86,132,135,116,21,58,121,39,24,124,68,126,12" hai1="6,70,23,50,120,53,63,113,75,130,11,69,123" hai2="76,4,80,8,35,14,110,81,15,98,27,10,19" hai3="129,82,67,95,64,55,107,97,17,0,52,96,36"/><T93/><D68/><U133/><E75/><V13/><F110/><W46/><G0/><T117/><D39/><U104/><E104/><V115/><F98/><W127/><G129/><T60/><D12/><U5/><E23/><V54/><F80/><W16/><G127/><N who="0" m="48683" /><D93/><U59/><E6/><V43/><F43/><W92/><G82/><T49/><D49/><U84/><E11/><V37/><F54/><W134/><G134/><N who="0" m="51243" /><D86/><U71/><E84/><V74/><F37/><W62/><G62/><T108/><D108/><U20/><E133/><V78/><F14/><W83/><G83/><T118/><D121/><U57/><E5/><V77/><F81/><W2/><G2/><T100/><D100/><U3/><E3/><V106/><F15/><W101/><G36/><T79/><D79/><U48/><E123/><V47/><F76/><W18/><G107/><T7/><D7/><U30/><E120/><V85/><F78/><W34/><G34/><T41/><D41/><U45/><E71/><V122/><F77/><W66/><G46/><T73/><D73/><U22/><E50/><V38/><F74/><W91/><AGARI ba="3,0" hai="16,17,18,52,55,64,66,67,91,92,95,96,97,101" machi="91" ten="30,7900,0" yaku="0,1,8,1,54,2" doraHai="109" who="3" fromWho="3" sc="558,-42,167,-23,118,-23,157,88" /><INIT seed="1,0,0,0,5,5" ten="516,144,95,245" oya="1" hai0="110,48,51,122,61,80,28,124,91,131,134,126,37" hai1="50,73,31,107,17,89,125,117,129,87,19,3,42" hai2="88,123,94,96,38,44,116,77,20,21,12,78,76" hai3="102,135,85,35,84,58,98,32,99,103,119,15,29"/><U97/><E117/><V113/><F116/><W106/><G135/><T45/><D28/><U9/><E73/><V14/><F123/><W13/><G119/><T25/><D25/><U127/><E31/><V56/><F113/><W75/><G75/><T79/><D91/><U62/><E129/><V72/><F72/><W54/><G29/><T46/><D80/><U11/><E62/><V115/><F115/><W92/><G32/><T104/><D79/><U30/><E30/><V27/><F38/><W121/><G121/><T8/><D8/><N who="1" m="3147" /><E3/><V18/><F44/><W33/><G33/><T10/><D10/><U23/><E50/><V53/><REACH who="2" step="1"/><F20/><REACH who="2" ten="516,144,85,245" step="2"/><W82/><G35/><T0/><D37/><U86/><E23/><V7/><F7/><W83/><G58/><T64/><D122/><U74/><E74/><V40/><F40/><W112/><G112/><T6/><D6/><U41/><E41/><V36/><F36/><W2/><G2/><T1/><D0/><U95/><E42/><V130/><F130/><W101/><G54/><T105/><D1/><U120/><E120/><V16/><F16/><N who="1" m="6217" /><E107/><V108/><F108/><W68/><G68/><T81/><D110/><U4/><E4/><V39/><F39/><W65/><G65/><T90/><D131/><U133/><E133/><V60/><AGARI ba="0,1" hai="12,14,18,21,27,53,56,60,76,77,78,88,94,96" machi="60" ten="30,12000,2" yaku="1,1,0,1,25,2,8,1,54,1,53,0" doraHai="5" doraHaiUra="63" who="2" fromWho="2" sc="516,-30,144,-60,85,130,245,-30" /><INIT seed="2,0,0,2,0,26" ten="486,84,215,215" oya="2" hai0="4,74,63,9,65,111,77,73,103,23,119,39,129" hai1="105,48,116,43,81,110,128,51,115,25,24,120,78" hai2="113,57,11,33,21,123,50,42,0,117,127,36,91" hai3="55,124,104,125,92,133,16,6,14,37,131,28,61"/><V95/><F113/><W100/><G104/><T97/><D39/><U72/><E110/><V83/><F117/><W86/><G37/><T80/><D111/><U99/><E128/><V114/><F33/><W17/><G131/><T135/><D129/><U30/><E115/><V71/><F71/><W98/><G133/><T90/><D90/><U122/><E116/><V59/><F127/><N who="3" m="48715" /><G28/><T93/><D23/><U31/><E99/><V69/><F69/><W58/><G86/><T47/><D47/><U84/><E105/><V101/><F36/><W34/><G34/><T66/><D135/><U60/><E60/><V67/><F123/><N who="1" m="47145" /><E43/><V94/><F42/><W89/><G100/><T32/><D32/><N who="1" m="20551" /><E72/><V96/><F114/><W27/><G27/><T75/><D119/><U35/><AGARI ba="0,0" hai="25,31,35,48,51,78,81,84" m="20551,47145" machi="35" ten="30,4000,0" yaku="13,1,52,2" doraHai="26" who="1" fromWho="1" sc="486,-10,84,40,215,-20,215,-10" /><INIT seed="3,0,0,2,1,36" ten="476,124,195,205" oya="3" hai0="22,45,115,82,90,9,127,15,7,133,97,129,101" hai1="63,20,116,132,92,64,33,19,96,88,13,73,30" hai2="46,40,25,12,0,81,109,35,80,4,112,56,99" hai3="119,43,21,59,53,122,100,42,55,8,70,16,106"/><W18/><G122/><T28/><D129/><U86/><E132/><V1/><F112/><W125/><G119/><T74/><D127/><U83/><E73/><V54/><F109/><W130/><G125/><T60/><D133/><U71/><E116/><V72/><F12/><N who="3" m="7175" /><G130/><T32/><D32/><U131/><E131/><V61/><F99/><W26/><G70/><T123/><D123/><U103/><E33/><V6/><F0/><W23/><G106/><T67/><D45/><U51/><E51/><V89/><F1/><W93/><G55/><T87/><D74/><U47/><E47/><V91/><F72/><W120/><G120/><T29/><D22/><U10/><E30/><V31/><F4/><W105/><G105/><T5/><D5/><U14/><E10/><V79/><F6/><W118/><G118/><T38/><D38/><U65/><E65/><V69/><F69/><W117/><G117/><T39/><D39/><U17/><E17/><V41/><F46/><W52/><G53/><T34/><D34/><U77/><REACH who="1" step="1"/><E13/><REACH who="1" ten="476,114,195,205" step="2"/><V78/><F35/><W68/><G68/><T11/><D9/><U66/><E66/><V84/><F31/><N who="3" m="17871" /><G23/><T121/><D121/><U27/><E27/><V126/><F25/><W49/><G18/><T75/><D75/><U95/><E95/><V76/><F126/><W107/><G107/><N who="0" m="63919" /><D29/><U3/><E3/><V24/><F24/><W98/><AGARI ba="0,1" hai="42,43,49,52,59,93,98,100" m="17871,7175" machi="98" ten="30,12000,1" yaku="8,1,52,2,54,2" doraHai="36" who="3" fromWho="3" sc="476,-40,114,-40,195,-40,205,130" /><INIT seed="3,1,0,5,2,19" ten="436,74,155,335" oya="3" hai0="130,30,7,103,110,74,123,17,113,18,109,112,54" hai1="43,108,56,3,46,98,57,75,61,132,58,37,117" hai2="91,100,124,101,29,107,1,60,12,105,66,70,53" hai3="65,83,86,89,68,39,79,55,69,90,102,8,6"/><W72/><G39/><T126/><D74/><U84/><E75/><V31/><F1/><W15/><G102/><T9/><D103/><U116/><E108/><V48/><F124/><W13/><G90/><T122/><D54/><U24/><E3/><V131/><F131/><W34/><G34/><T118/><D126/><U93/><E84/><V44/><F100/><W82/><G55/><T134/><D130/><U35/><E132/><V71/><F71/><W36/><G36/><T111/><D134/><U106/><E106/><V14/><F107/><W92/><G65/><T81/><D81/><U135/><E135/><V120/><F120/><N who="0" m="46122" /><D30/><U26/><E61/><V11/><F12/><W45/><G45/><T50/><D50/><U87/><E87/><V73/><F73/><W16/><REACH who="3" step="1"/><G83/><REACH who="3" ten="436,74,155,325" step="2"/><T63/><D118/><N who="1" m="45675" /><E35/><V38/><F38/><W27/><G27/><T4/><D63/><U104/><E104/><V121/><F121/><W42/><G42/><T128/><D128/><U41/><E41/><V21/><F105/><W47/><G47/><T32/><D32/><U51/><E37/><V59/><F44/><W33/><G33/><T95/><D95/><U125/><E125/><V127/><F127/><W114/><G114/><N who="0" m="44139" /><D9/><AGARI ba="1,1" hai="6,8,9,13,15,16,68,69,72,79,82,86,89,92" machi="9" ten="30,5800,0" yaku="1,1,7,1,54,1,53,0" doraHai="19" doraHaiUra="96" who="3" fromWho="0" sc="436,-61,74,0,155,0,325,71" /><INIT seed="3,2,0,3,0,56" ten="375,74,155,396" oya="3" hai0="23,88,37,124,45,10,59,104,3,48,19,134,102" hai1="103,24,118,109,75,15,8,36,110,111,33,106,26" hai2="81,114,40,1,65,7,128,32,101,25,13,69,53" hai3="46,12,86,66,17,52,72,31,73,22,67,76,119"/><W98/><G119/><T126/><D134/><U64/><E36/><V125/><F114/><W61/><G73/><T122/><D122/><U95/><E75/><V0/><F40/><W100/><G72/><T18/><D104/><U97/><E118/><V60/><F125/><W113/><G113/><T89/><D102/><U9/><E9/><V58/><F128/><W35/><G35/><T50/><D37/><U42/><E42/><V107/><F81/><W80/><G31/><T41/><D50/><U99/><E33/><V77/><F77/><W29/><G29/><T82/><D59/><U87/><E87/><V16/><F7/><W70/><G70/><T44/><D44/><U127/><E64/><V4/><F4/><W28/><G28/><T90/><D82/><U74/><E74/><V105/><F25/><W120/><G120/><T14/><REACH who="0" step="1"/><D3/><REACH who="0" ten="365,74,155,396" step="2"/><U20/><E127/><V71/><F107/><W85/><G46/><T5/><D5/><U108/><E111/><V38/><F38/><W57/><REACH who="3" step="1"/><G86/><REACH who="3" ten="365,74,155,386" step="2"/><T43/><D43/><U11/><E110/><V91/><F32/><W30/><G30/><T133/><D133/><U55/><E109/><V62/><F69/><W94/><AGARI ba="2,2" hai="12,17,22,52,57,61,66,67,76,80,85,94,98,100" machi="94" ten="20,18000,2" yaku="1,1,0,1,7,1,8,1,52,1,54,1,53,0" doraHai="56" doraHaiUra="130" who="3" fromWho="3" sc="365,-62,74,-62,155,-62,386,206" /><INIT seed="3,3,0,5,2,14" ten="303,12,93,592" oya="3" hai0="7,117,92,64,1,47,124,30,29,131,15,52,34" hai1="0,55,102,17,19,97,100,5,16,125,41,93,116" hai2="107,121,49,74,114,20,8,56,90,91,96,36,115" hai3="108,122,67,75,119,94,123,37,70,89,103,62,104"/><W54/><G37/><T85/><D117/><U60/><E41/><V72/><F36/><W44/><G119/><T38/><D1/><U28/><E116/><V4/><F56/><W23/><G75/><T22/><D131/><U65/><E28/><V46/><F20/><W35/><G108/><T112/><D34/><U63/><E125/><V101/><F74/><W130/><G130/><T79/><D124/><U118/><E118/><V127/><F121/><W3/><G35/><T59/><D112/><U57/><E5/><V25/><F25/><W69/><G3/><T106/><D106/><U110/><E0/><V126/><F72/><W87/><G70/><T10/><D22/><U33/><E33/><V81/><F127/><W76/><G76/><T51/><D92/><U135/><E135/><V40/><F126/><W12/><G103/><T9/><D9/><U2/><E2/><V83/><F114/><W21/><G104/><T50/><D38/><U80/><E80/><V88/><REACH who="2" step="1"/><F115/><REACH who="2" ten="303,12,83,592" step="2"/><W53/><G23/><T61/><D51/><U39/><E39/><V6/><F6/><W68/><G68/><T31/><D31/><U24/><E24/><V45/><F45/><W109/><G109/><T95/><D30/><U105/><E110/><V77/><F77/><W42/><G123/><T71/><D29/><U73/><E73/><V132/><F132/><W128/><G122/><T43/><D79/><U26/><E26/><V113/><F113/><W48/><G128/><T129/><D129/><U133/><E133/><V86/><F86/><W18/><AGARI ba="3,1" hai="12,18,21,42,44,48,53,54,62,67,69,87,89,94" machi="18" ten="30,3000,0" yaku="0,1,52,1" doraHai="14" who="3" fromWho="3" sc="303,-13,12,-13,83,-13,592,49" owari="290,9.0,-1,-50.0,70,-33.0,641,74.0" /></mjloggm>