<mjloggm ver="2.3"><GO type="41" lobby="0"/><UN n0="%EF%BC%90%CF%80" n1="%6D%6F%6F%6E%66%69%73%68" n2="%E2%93%9D%53%75%70%68%78" n3="%E3%81%A1%E3%82%87%E3%81%84%E3%81%A1%E3%82%87%E3%81%84" dan="13,13,18,15" rate="1874.09,1853.46,2126.37,2049.44" sx="M,M,M,F"/><TAIKYOKU oya="0"/><INIT seed="0,0,0,2,3,109" ten="250,250,250,250" oya="0" hai0="64,103,99,12,1,77,4,49,40,33,104,132,82" hai1="16,66,46,133,108,3,80,36,53,126,50,0,39" hai2="25,17,102,27,47,72,20,14,113,87,9,81,120" hai3="98,123,63,135,2,8,131,18,85,57,10,67,11"/><T125/><D33/><U134/><E108/><V119/><F120/><W28/><G135/><N who="1" m="51722" /><E126/><V94/><F72/><W110/><G131/><T19/><D132/><U84/><E66/><V90/><F119/><W127/><G127/><T5/><D125/><U74/><E74/><V29/><F113/><W54/><G123/><T91/><D64/><U73/><E73/><V71/><F71/><W60/><G110/><T55/><D40/><U112/><E112/><V52/><F27/><W24/><G98/><T34/><D34/><U48/><E48/><N who="2" m="28703" /><F102/><W78/><G78/><T37/><D37/><N who="1" m="14411" /><E16/><N who="2" m="8271" /><F94/><W15/><G85/><T58/><D1/><U128/><E128/><V101/><F101/><W114/><G2/><T95/><D104/><U62/><E62/><V45/><F45/><W100/><G100/><T106/><D106/><U65/><E65/><V88/><F17/><W56/><REACH who="3" step="1"/><G114/><REACH who="3" ten="250,250,250,240" step="2"/><T69/><D77/><AGARI ba="0,1" hai="0,3,46,50,53,77,80,84" m="14411,51722" machi="77" ten="30,1000,0" yaku="20,1" doraHai="109" who="1" fromWho="0" sc="250,-10,250,20,250,0,240,0" /><AGARI ba="0,0" hai="20,25,29,77,81,87,88,90" m="8271,28703" machi="77" ten="30,7700,0" yaku="8,1,54,3" doraHai="109" who="2" fromWho="0" sc="240,-77,270,0,250,77,240,0" /><INIT seed="1,0,0,2,3,93" ten="163,270,327,240" oya="1" hai0="18,119,121,104,32,16,27,132,112,67,95,135,129" hai1="89,80,42,120,59,92,110,28,37,30,54,109,115" hai2="4,13,90,111,107,3,34,49,55,10,76,71,38" hai3="84,81,130,23,50,43,53,98,22,83,26,125,86"/><U134/><E120/><V124/><F38/><W69/><G130/><T48/><D104/><U64/><E115/><V133/><F71/><W9/><G125/><T46/><D121/><U68/><E80/><V8/><F34/><W108/><G69/><T17/><D119/><U72/><E72/><V14/><F133/><W24/><G108/><N who="1" m="41578" /><E134/><N who="0" m="51241" /><D67/><U113/><E113/><V2/><F76/><W57/><G9/><T52/><D129/><U40/><E64/><V33/><F33/><W29/><G43/><N who="1" m="16426" /><E68/><V77/><F77/><W117/><G117/><T44/><D112/><U51/><E37/><V12/><F111/><W131/><G131/><T118/><D118/><U114/><E114/><V75/><F75/><W39/><G39/><T99/><D32/><U25/><E25/><V78/><F78/><W58/><G81/><T85/><D85/><AGARI ba="0,0" hai="28,30,51,54,59,85,89,92" m="16426,41578" machi="85" ten="30,2900,0" yaku="14,1,10,1" doraHai="93" who="1" fromWho="0" sc="163,-29,270,29,327,0,240,0" /><INIT seed="1,1,0,5,0,4" ten="134,299,327,240" oya="1" hai0="22,49,41,106,96,121,8,59,110,75,99,104,44" hai1="38,100,113,3,60,105,80,76,63,29,70,61,10" hai2="111,55,133,7,131,132,11,119,126,37,18,86,82" hai3="66,81,34,48,2,118,6,77,112,129,97,30,45"/><U52/><E113/><V62/><F119/><W88/><G112/><T107/><D75/><U67/><E38/><V31/><F37/><W102/><G129/><T51/><D121/><U24/><E52/><V50/><F31/><W69/><G118/><T26/><D110/><U13/><E3/><V115/><F126/><W39/><G39/><T83/><D83/><U130/><E130/><V134/><F111/><W21/><G21/><T89/><D89/><U43/><E43/><V42/><F18/><W120/><G120/><T94/><D94/><U0/><E0/><V95/><F95/><W58/><G58/><T135/><D135/><U127/><E127/><V20/><F20/><W57/><G57/><T64/><D51/><U124/><E124/><V103/><F103/><W84/><G77/><T114/><D114/><U93/><E93/><V91/><F131/><W5/><G2/><T108/><D108/><U32/><E100/><V73/><F73/><W109/><G109/><T68/><D68/><U98/><E98/><V85/><F85/><W123/><G123/><T74/><D74/><N who="1" m="43031" /><E105/><V17/><F115/><W28/><G28/><T56/><D56/><U14/><E14/><N who="2" m="7391" /><F42/><W101/><G101/><T40/><D40/><U15/><E15/><V1/><F1/><W90/><G90/><T125/><D125/><U47/><E47/><N who="2" m="28127" /><F62/><N who="3" m="40151" /><G48/><T53/><D53/><U36/><E36/><V116/><F116/><W87/><G87/><T92/><D92/><U25/><E25/><V65/><F65/><W78/><G45/><T54/><D54/><U128/><E128/><V35/><F7/><AGARI ba="1,0" hai="7,10,13,24,29,32,60,61,63,67,70" m="43031" machi="7" ten="30,2900,0" yaku="6,1,52,1" doraHai="4" who="1" fromWho="2" sc="134,0,299,32,327,-32,240,0" /><INIT seed="1,2,0,1,5,12" ten="134,331,295,240" oya="1" hai0="25,131,77,94,71,19,33,0,62,31,80,126,55" hai1="27,79,115,44,28,10,105,97,127,101,99,22,128" hai2="14,95,24,66,9,11,103,47,46,21,96,35,100" hai3="113,81,104,54,56,69,130,68,18,76,7,132,98"/><U89/><E115/><V117/><F117/><W74/><G113/><T86/><D126/><U118/><E127/><V41/><F35/><W108/><G108/><T50/><D131/><U48/><E128/><V5/><F66/><W52/><G130/><T92/><D0/><U32/><E118/><V15/><F103/><W88/><G7/><T106/><D106/><U60/><E60/><V129/><F129/><W116/><G116/><T4/><D4/><U3/><E79/><V111/><F111/><W93/><G132/><T26/><D62/><U87/><E97/><V61/><F61/><W72/><G72/><T109/><D71/><U53/><E10/><V40/><F40/><W2/><G2/><T122/><D122/><U37/><E37/><V16/><F41/><W30/><G30/><AGARI ba="2,0" hai="5,9,11,14,15,16,21,24,30,46,47,95,96,100" machi="30" ten="30,7700,0" yaku="7,1,8,1,52,1,54,1" doraHai="12" who="2" fromWho="3" sc="134,0,331,0,295,83,240,-83" /><INIT seed="2,0,0,3,3,101" ten="134,331,378,157" oya="2" hai0="54,69,94,90,75,126,122,65,121,29,16,92,105" hai1="132,63,106,60,43,93,130,114,71,12,33,10,50" hai2="98,59,67,117,84,103,73,79,87,1,125,21,6" hai3="30,76,108,62,2,18,27,49,115,11,119,100,120"/><V24/><F117/><W102/><G120/><T58/><D75/><U0/><E114/><V99/><F125/><W44/><G119/><T4/><D4/><U51/><E106/><V36/><F36/><W133/><G115/><T116/><D116/><U28/><E93/><V83/><F99/><W46/><G76/><T109/><D29/><U97/><E130/><V53/><F67/><W80/><G80/><T38/><D38/><U81/><E132/><V70/><F70/><W52/><G133/><T56/><D109/><U57/><E81/><V42/><F42/><W26/><G108/><T45/><D45/><U64/><E97/><V5/><F1/><W86/><G86/><T19/><D90/><U68/><E0/><V112/><F73/><W111/><G46/><T41/><D65/><U61/><E28/><V34/><F34/><W104/><G111/><T17/><D69/><N who="1" m="26699" /><E33/><V135/><F87/><W66/><G62/><N who="1" m="24170" /><E10/><V20/><F20/><W134/><G66/><T113/><D113/><U72/><E12/><V96/><F96/><W9/><G134/><T8/><D8/><U89/><E89/><V95/><F135/><W55/><G55/><T32/><D32/><U31/><E31/><N who="2" m="17807" /><F112/><W25/><G30/><T123/><D54/><U47/><E72/><V37/><F37/><AGARI ba="0,0" hai="37,43,47,50,51,57,63,64" m="24170,26699" machi="37" ten="30,8000,1" yaku="35,5" doraHai="101" who="1" fromWho="2" sc="134,0,331,80,378,-80,157,0" /><INIT seed="3,0,0,0,1,13" ten="134,411,298,157" oya="3" hai0="42,123,39,51,23,18,103,106,77,119,91,127,35" hai1="34,107,53,5,59,75,26,86,27,96,120,30,16" hai2="70,92,133,71,22,108,134,7,90,98,14,85,63" hai3="89,94,116,12,115,122,36,45,125,15,40,60,17"/><W121/><G116/><T25/><D119/><U113/><E120/><V100/><F108/><W80/><G115/><T78/><D127/><U58/><E113/><V112/><F112/><W31/><G31/><T110/><D123/><U11/><E75/><V131/><F131/><W65/><G125/><T128/><D110/><U0/><E86/><V95/><F63/><W66/><G15/><T28/><D128/><U2/><E2/><V52/><F52/><W73/><G80/><T126/><D39/><U38/><E38/><V118/><F118/><W74/><G121/><T72/><D126/><U9/><E53/><V132/><REACH who="2" step="1"/><F22/><REACH who="2" ten="134,411,288,157" step="2"/><W83/><G122/><T67/><D67/><U55/><E55/><V124/><F124/><W111/><G111/><T117/><D117/><U109/><E109/><V48/><F48/><W62/><G60/><T6/><D51/><U19/><E96/><V129/><F129/><W64/><G62/><T3/><D42/><U101/><E101/><V21/><F21/><W32/><G32/><T88/><D103/><U4/><E107/><V49/><F49/><W99/><REACH who="3" step="1"/><G83/><REACH who="3" ten="134,411,288,147" step="2"/><T44/><D106/><U87/><E34/><V81/><F81/><W84/><G84/><T130/><D130/><U20/><E87/><V56/><F56/><W76/><G76/><T79/><D72/><U102/><E59/><V43/><F43/><W69/><G69/><T50/><D50/><U97/><E58/><V57/><F57/><W82/><G82/><T41/><D41/><U29/><E0/><V33/><F33/><W135/><G135/><T54/><D54/><RYUUKYOKU ba="0,2" sc="134,-15,411,-15,288,15,147,15" hai2="7,14,70,71,85,90,92,95,98,100,132,133,134" hai3="12,17,36,40,45,64,65,66,73,74,89,94,99" /><INIT seed="3,1,2,2,2,58" ten="119,396,303,162" oya="3" hai0="18,133,95,17,14,66,107,38,122,90,59,105,55" hai1="102,45,7,65,70,111,41,115,123,31,120,99,109" hai2="20,47,40,4,63,104,21,10,43,131,44,98,75" hai3="61,3,42,110,36,16,69,39,77,28,82,62,128"/><W119/><G119/><T106/><D122/><N who="1" m="46635" /><E31/><V130/><F75/><W35/><G3/><T87/><D38/><N who="1" m="21687" /><E7/><V6/><F98/><W27/><G128/><T30/><D133/><U54/><E99/><V23/><F63/><W52/><G42/><N who="2" m="15913" /><F104/><W88/><G110/><N who="1" m="41994" /><E102/><V84/><F84/><W12/><G88/><T80/><D30/><U48/><E115/><V57/><F57/><W129/><G129/><N who="2" m="49161" /><F6/><W64/><G52/><T33/><D33/><U89/><E89/><V25/><F25/><W108/><G62/><T94/><D66/><U29/><E29/><V50/><F50/><W8/><REACH who="3" step="1"/><G108/><REACH who="3" ten="119,396,303,152" step="2"/><T76/><D76/><U118/><E118/><V112/><F112/><W92/><G92/><T13/><D95/><U73/><E73/><AGARI ba="1,3" hai="8,12,16,27,28,35,36,39,61,64,69,73,77,82" machi="73" ten="30,12000,1" yaku="1,1,7,1,52,1,54,1,53,1" doraHai="58" doraHaiUra="74" who="3" fromWho="1" sc="119,0,396,-123,303,0,152,153" /><INIT seed="3,2,0,2,3,115" ten="119,273,303,305" oya="3" hai0="34,60,0,85,77,100,26,62,91,71,42,57,123" hai1="27,83,127,133,80,38,61,32,120,78,49,128,13" hai2="70,23,50,25,30,89,29,1,94,103,131,9,82" hai3="56,118,86,119,106,65,17,112,111,22,16,46,7"/><W99/><G112/><T39/><D123/><U55/><E128/><V35/><F70/><W69/><G7/><T129/><D0/><U44/><E127/><V114/><F114/><W21/><G69/><T79/><D129/><U124/><E120/><V3/><F103/><W63/><G111/><T47/><D100/><U88/><E133/><V101/><F101/><W33/><G106/><T104/><D104/><U74/><E124/><V134/><F82/><W37/><G99/><T20/><D34/><U45/><E13/><V90/><F90/><W36/><G33/><T54/><D71/><U108/><E108/><V6/><F50/><W135/><G86/><T4/><D62/><U122/><E122/><V58/><F58/><W102/><G102/><T113/><D4/><U10/><E61/><V130/><F134/><W84/><G84/><T97/><D97/><U75/><E10/><V76/><F76/><W93/><G93/><T117/><D117/><U52/><E38/><V15/><F89/><W98/><G98/><T41/><D41/><N who="1" m="24719" /><E45/><V8/><F94/><W66/><G135/><T81/><REACH who="0" step="1"/><D113/><REACH who="0" ten="109,273,303,305" step="2"/><U14/><E14/><V110/><F110/><W59/><G63/><T132/><D132/><U24/><E32/><V2/><F9/><W125/><G125/><T31/><AGARI ba="2,1" hai="20,26,31,39,42,47,54,57,60,77,79,81,85,91" machi="31" ten="20,5200,0" yaku="1,1,0,1,7,1,53,1" doraHai="115" doraHaiUra="43" who="0" fromWho="0" sc="109,68,273,-15,303,-15,305,-28" /><INIT seed="4,0,0,1,5,38" ten="177,258,288,277" oya="0" hai0="52,113,114,112,34,49,109,27,122,31,81,108,33" hai1="54,35,57,95,64,55,119,11,126,102,45,104,0" hai2="14,18,110,22,88,118,1,46,103,65,53,91,23" hai3="79,73,3,71,121,36,84,48,93,128,30,131,85"/><T43/><D81/><U80/><E119/><V89/><F110/><N who="0" m="42602" /><D122/><U129/><E126/><V75/><F1/><W42/><G71/><T59/><D43/><U4/><E129/><N who="3" m="49738" /><G121/><T68/><D68/><U16/><E35/><AGARI ba="0,0" hai="27,31,33,34,35,49,52,59,112,113,114" m="42602" machi="35" ten="40,7700,0" yaku="15,1,10,1,54,1" doraHai="38" who="0" fromWho="1" sc="177,77,258,-77,288,0,277,0" /><INIT seed="4,1,0,0,5,70" ten="254,181,288,277" oya="0" hai0="20,22,11,122,91,89,25,26,68,128,23,29,37" hai1="58,45,95,15,34,44,106,109,118,121,79,97,55" hai2="14,92,127,107,108,126,61,130,28,101,13,81,86" hai3="52,60,114,12,87,39,117,18,90,31,6,65,84"/><T134/><D68/><U50/><E109/><V123/><F28/><W41/><G117/><T104/><D104/><U59/><E121/><V124/><F123/><W63/><G6/><T38/><D122/><U4/><E118/><V36/><F130/><W100/><G31/><T43/><D43/><N who="1" m="24863" /><E106/><V135/><F135/><W54/><G100/><T7/><D134/><U80/><E34/><V64/><F36/><N who="0" m="13930" /><D128/><U30/><E30/><V0/><F0/><W17/><G39/><T66/><D66/><U56/><E45/><V51/><F108/><W1/><G41/><T2/><D29/><U76/><E80/><V27/><F81/><W132/><G132/><T105/><D105/><U21/><E55/><V9/><F107/><W8/><G65/><T33/><D33/><U116/><E116/><V71/><F127/><W3/><G8/><T62/><D62/><U131/><E131/><V83/><F9/><W42/><G42/><T82/><D82/><U48/><E48/><V5/><F51/><W88/><REACH who="3" step="1"/><G12/><REACH who="3" ten="254,181,288,267" step="2"/><T94/><D11/><N who="1" m="4583" /><E21/><V125/><F125/><W16/><G16/><T120/><D120/><U133/><E133/><V85/><F126/><W10/><G10/><T96/><D7/><U69/><E69/><V77/><F5/><W111/><G111/><T78/><D2/><U113/><E113/><AGARI ba="1,1" hai="1,3,17,18,52,54,60,63,84,87,88,90,113,114" machi="113" ten="25,12000,2" yaku="1,1,22,2,54,2,53,2" doraHai="70" doraHaiUra="110" who="3" fromWho="1" sc="254,0,181,-123,288,0,267,133" /><INIT seed="5,0,0,0,4,24" ten="254,58,288,400" oya="1" hai0="126,52,61,81,30,71,51,117,56,14,96,114,113" hai1="70,64,16,67,15,121,106,115,26,57,47,129,13" hai2="38,111,59,79,95,50,90,92,65,104,21,108,116" hai3="124,78,36,122,17,112,9,8,43,29,77,20,84"/><U102/><E121/><V132/><F38/><W88/><G122/><T44/><D117/><U25/><E115/><N who="0" m="44041" /><D14/><U35/><E129/><V80/><F65/><W135/><G112/><T5/><D5/><U60/><E47/><V6/><F132/><W12/><G135/><T107/><D81/><U85/><E85/><V91/><F59/><W105/><G124/><T48/><D96/><U37/><E37/><V31/><F50/><N who="0" m="18986" /><D107/><U19/><E35/><V27/><F116/><W66/><G66/><N who="0" m="41423" /><D30/><U131/><E131/><V63/><F104/><W87/><G105/><T42/><D126/><U1/><E106/><V4/><F4/><W74/><G87/><T109/><D109/><U68/><E102/><V33/><F6/><W127/><G127/><T89/><D89/><U18/><E1/><V125/><F91/><W128/><G128/><T58/><D42/><U93/><E93/><V45/><F95/><W32/><G77/><T99/><D99/><U62/><REACH who="1" step="1"/><E18/><REACH who="1" ten="254,48,288,400" step="2"/><V34/><F125/><W120/><G120/><T72/><D72/><U46/><E46/><V130/><F130/><W40/><G74/><T10/><D10/><U73/><E73/><N who="2" m="43119" /><F45/><N who="3" m="23687" /><G43/><T28/><D44/><U49/><E49/><V41/><F41/><W7/><G9/><T100/><D100/><U86/><E86/><N who="2" m="52311" /><F111/><W3/><G84/><T133/><D133/><U98/><E98/><V134/><F134/><W53/><G88/><T55/><D28/><U118/><E118/><V103/><F103/><W97/><G97/><T119/><D119/><U0/><E0/><V94/><F108/><W69/><G78/><RYUUKYOKU ba="0,1" sc="254,15,48,15,288,-15,400,-15" hai0="52,55,56,58" hai1="13,15,16,19,25,26,57,60,62,64,67,68,70" /><INIT seed="5,1,1,1,2,116" ten="269,63,273,385" oya="1" hai0="104,35,73,58,128,98,11,30,122,119,112,49,9" hai1="46,4,43,92,103,15,121,16,22,130,80,71,120" hai2="64,18,56,10,106,75,36,84,33,132,61,68,126" hai3="124,127,96,40,99,44,63,29,129,50,8,20,94"/><U117/><E71/><V17/><F75/><W93/><G129/><T5/><D73/><U107/><E130/><V21/><F106/><W102/><G8/><T14/><D119/><U31/><E117/><V3/><F36/><W135/><G135/><T27/><D104/><U53/><E53/><V91/><F33/><W89/><G63/><T79/><D98/><U41/><E41/><V82/><F126/><N who="3" m="48171" /><G20/><T76/><D112/><U70/><E70/><V6/><F132/><W101/><G29/><T26/><D49/><U48/><E80/><V52/><REACH who="2" step="1"/><F21/><REACH who="2" ten="269,63,263,385" step="2"/><W37/><G102/><T74/><D74/><U28/><E107/><V118/><F118/><W51/><AGARI ba="1,2" hai="37,40,44,50,51,89,93,94,96,99,101" m="48171" machi="51" ten="30,1100,0" yaku="18,1" doraHai="116" who="3" fromWho="3" sc="269,-4,63,-6,263,-4,385,34" /><INIT seed="6,0,0,5,2,111" ten="265,57,259,419" oya="2" hai0="79,72,33,37,47,66,16,22,52,44,94,93,56" hai1="127,60,108,101,63,77,28,18,25,69,120,54,82" hai2="62,41,131,64,48,65,123,30,113,97,27,68,107" hai3="20,96,51,132,76,134,42,38,71,40,43,80,103"/><V36/><F123/><W98/><G71/><T12/><D33/><U106/><E108/><V15/><F65/><W32/><G38/><T70/><D72/><U89/><E127/><V119/><F131/><W21/><G32/><T99/><D79/><U59/><E120/><V118/><F15/><W112/><G112/><T92/><D37/><U53/><E18/><V121/><F48/><W73/><G51/><N who="0" m="30751" /><D66/><U19/><E19/><V13/><F13/><W57/><G57/><T91/><D70/><U83/><E69/><V125/><F125/><W14/><G14/><T58/><D58/><U116/><E116/><V49/><F49/><W46/><G46/><AGARI ba="0,0" hai="12,16,22,44,46,47,91,92,93,94,99" m="30751" machi="46" ten="30,3900,0" yaku="8,1,54,2" doraHai="111" who="0" fromWho="3" sc="265,39,57,0,259,0,419,-39" /><INIT seed="7,0,0,3,4,5" ten="304,57,259,380" oya="3" hai0="31,66,77,24,132,74,73,71,2,134,120,119,94" hai1="116,81,4,67,18,82,117,124,49,19,86,100,95" hai2="35,57,21,118,104,47,121,72,54,11,17,42,44" hai3="126,32,6,53,127,111,87,123,34,39,45,78,93"/><W128/><G123/><T16/><D120/><U107/><E124/><N who="3" m="47658" /><G111/><T9/><D94/><U15/><E67/><V38/><F35/><N who="3" m="13355" /><G6/><N who="0" m="1239" /><D119/><N who="1" m="45643" /><E49/><V36/><F104/><W112/><G112/><T1/><D77/><N who="1" m="46383" /><E82/><V52/><F118/><W101/><G128/><T103/><D103/><U26/><E26/><V62/><F121/><W14/><G14/><T3/><D66/><U13/><E13/><V20/><F72/><N who="0" m="27754" /><D71/><U8/><E95/><V55/><F38/><W105/><G78/><T0/><D16/><U30/><E30/><V65/><REACH who="2" step="1"/><F47/><REACH who="2" ten="304,57,249,380" step="2"/><W84/><G39/><T46/><D46/><U63/><E63/><V115/><F115/><W48/><G105/><T109/><D109/><U60/><E60/><V99/><F99/><AGARI ba="0,1" hai="45,48,53,84,87,93,99,101" m="13355,47658" machi="99" ten="30,1500,0" yaku="18,1" doraHai="5" who="3" fromWho="2" sc="304,0,57,0,249,-15,380,25" /><AGARI ba="0,0" hai="4,8,15,18,19,99,100,107" m="46383,45643" machi="99" ten="30,2000,0" yaku="12,1,52,1" doraHai="5" who="1" fromWho="2" sc="304,0,57,20,234,-20,405,0" owari="304,10.0,77,-42.0,214,-19.0,405,51.0" /></mjloggm>