<mjloggm ver="2.3"><GO type="41" lobby="0"/><UN n0="%79%6F%7A%6F%72%61" n1="%52%65%64%2D%45%79%65" n2="%E2%93%9D%53%75%70%68%78" n3="%64%72%74%73" dan="13,15,18,13" rate="1844.21,1971.14,2086.16,1888.98" sx="M,M,M,M"/><TAIKYOKU oya="0"/><INIT seed="0,0,0,1,3,28" ten="250,250,250,250" oya="0" hai0="30,50,71,3,95,57,83,65,64,1,8,35,99" hai1="63,126,131,40,110,27,118,2,45,41,112,132,86" hai2="58,111,105,115,51,129,33,9,87,91,67,47,24" hai3="70,7,66,127,74,25,82,21,42,135,0,108,113"/><T103/><D83/><U88/><E118/><V26/><F111/><W23/><G82/><T5/><D1/><U14/><E110/><V123/><F105/><W18/><G42/><T76/><D76/><U125/><E2/><V46/><F129/><W90/><G90/><T89/><D71/><U73/><E73/><V114/><F123/><W29/><G66/><T84/><D57/><U36/><E41/><V124/><F124/><N who="1" m="47721" /><E132/><V13/><F33/><N who="3" m="20655" /><G70/><T44/><D30/><U12/><E27/><V121/><F26/><W93/><G93/><T119/><D119/><U96/><E96/><V94/><F24/><W32/><G74/><T61/><D61/><U102/><E102/><V49/><F121/><W43/><G43/><T69/><D69/><U116/><E116/><V20/><F115/><W85/><G85/><T4/><D35/><U133/><E133/><V19/><F114/><W68/><G32/><T100/><D100/><U72/><E72/><V79/><F79/><W55/><G68/><T53/><REACH who="0" step="1"/><D4/><REACH who="0" ten="240,250,250,250" step="2"/><U11/><E112/><V31/><F31/><W38/><G113/><T59/><D59/><U98/><E63/><V60/><F60/><W109/><G135/><T97/><D97/><U80/><E98/><V52/><F58/><W107/><G127/><T81/><AGARI ba="0,1" hai="3,5,8,44,50,53,64,65,81,84,89,95,99,103" machi="81" ten="20,3900,0" yaku="1,1,0,1,7,1,53,0" doraHai="28" doraHaiUra="130" who="0" fromWho="0" sc="240,49,250,-13,250,-13,250,-13" /><INIT seed="0,1,0,1,2,102" ten="289,237,237,237" oya="0" hai0="43,94,110,121,122,12,17,56,57,132,68,29,126" hai1="30,60,63,89,103,13,96,31,66,7,81,33,61" hai2="85,11,92,45,99,75,48,5,71,116,101,120,82" hai3="34,112,28,54,55,83,88,124,39,14,127,20,3"/><T15/><D132/><U74/><E13/><V106/><F120/><W131/><G3/><T41/><D126/><N who="3" m="48169" /><G39/><T24/><D68/><U9/><E9/><V117/><F71/><W25/><G112/><T95/><D17/><U0/><E7/><V16/><F75/><W91/><G131/><T76/><D24/><U78/><E89/><N who="3" m="34378" /><G83/><T133/><D133/><U105/><E0/><V108/><F108/><W22/><G14/><T10/><D10/><U80/><E80/><V62/><F62/><W107/><G107/><T53/><D110/><U123/><E123/><V119/><F92/><W134/><G134/><T38/><D38/><U84/><E84/><V114/><F114/><W77/><G77/><T8/><D8/><U69/><E31/><V32/><F85/><W35/><G22/><T49/><D76/><U90/><E90/><V98/><F82/><W47/><G47/><T42/><D29/><U100/><REACH who="1" step="1"/><E103/><REACH who="1" ten="289,227,237,237" step="2"/><V23/><F11/><W1/><G1/><T37/><D122/><U19/><E19/><V125/><F125/><W128/><G128/><T59/><D121/><U113/><E113/><V26/><F5/><W40/><G40/><T129/><D37/><U27/><AGARI ba="1,1" hai="27,30,33,60,61,63,66,69,74,78,81,96,100,105" machi="27" ten="30,8000,1" yaku="1,1,0,1,25,2,52,1,53,0" doraHai="102" doraHaiUra="52" who="1" fromWho="1" sc="289,-41,227,93,237,-21,237,-21" /><INIT seed="1,0,0,2,2,17" ten="248,320,216,216" oya="1" hai0="31,29,27,34,12,66,70,1,35,69,10,64,88" hai1="111,121,40,112,59,3,16,129,134,39,80,119,84" hai2="6,55,132,76,99,25,57,54,95,85,82,37,18" hai3="58,48,135,32,71,5,52,72,2,68,122,67,127"/><U124/><RYUUKYOKU type="yao9" ba="0,0" sc="248,0,320,0,216,0,216,0" hai1="3,16,39,40,59,80,84,111,112,119,121,124,129,134" /><INIT seed="1,1,0,3,0,73" ten="248,320,216,216" oya="1" hai0="45,131,54,96,77,76,24,104,107,14,92,78,91" hai1="126,51,81,23,98,114,102,36,116,31,43,22,6" hai2="74,37,27,87,118,117,103,134,47,69,25,112,12" hai3="30,38,49,11,40,7,97,15,99,115,100,113,50"/><U124/><E116/><V119/><F74/><W59/><G30/><T62/><D131/><U123/><E123/><V127/><F69/><W86/><G99/><T63/><D24/><U4/><E114/><V39/><F103/><W33/><G33/><T9/><D107/><U70/><E70/><V94/><F134/><W52/><G38/><T17/><D104/><U75/><E36/><V89/><F127/><N who="1" m="48681" /><E51/><AGARI ba="1,0" hai="9,14,17,45,51,54,62,63,76,77,78,91,92,96" machi="51" ten="40,8000,1" yaku="8,1,52,3" doraHai="73" who="0" fromWho="1" sc="248,83,320,-83,216,0,216,0" /><INIT seed="2,0,0,3,5,37" ten="331,237,216,216" oya="2" hai0="59,20,49,127,80,52,93,2,67,97,16,9,133" hai1="5,41,51,14,11,114,112,119,130,104,42,87,72" hai2="58,27,63,23,19,43,118,107,108,28,62,30,7" hai3="56,123,76,105,68,25,15,113,71,57,94,55,124"/><V99/><F118/><W73/><G105/><T117/><D117/><U50/><E72/><V10/><F108/><W103/><G123/><T81/><D133/><U95/><E104/><V64/><F63/><W126/><G113/><T69/><D127/><N who="3" m="48681" /><G15/><T128/><D128/><U115/><E130/><V54/><F64/><W100/><G25/><T22/><D69/><N who="3" m="26697" /><G94/><T4/><D67/><U47/><E119/><V75/><F75/><W131/><G131/><T18/><D22/><U120/><E120/><V21/><F21/><W135/><G135/><T36/><D36/><U34/><E34/><V101/><REACH who="2" step="1"/><F43/><REACH who="2" ten="331,237,206,216" step="2"/><W129/><G129/><T61/><D61/><U26/><E115/><V109/><F109/><W134/><G134/><T38/><D20/><U46/><E114/><V116/><F116/><W48/><G73/><T125/><D125/><U32/><E112/><V31/><F31/><W8/><G8/><T110/><D110/><U1/><E32/><V0/><AGARI ba="0,1" hai="0,7,10,19,23,27,28,30,54,58,62,99,101,107" machi="0" ten="20,3900,0" yaku="1,1,0,1,7,1,53,0" doraHai="37" doraHaiUra="60" who="2" fromWho="2" sc="331,-13,237,-13,206,49,216,-13" /><INIT seed="2,1,0,4,3,94" ten="318,224,255,203" oya="2" hai0="64,131,92,15,12,14,34,93,60,35,22,117,16" hai1="129,59,82,21,48,2,27,73,67,49,13,101,23" hai2="32,109,135,114,118,83,36,127,122,29,55,53,100" hai3="119,7,134,25,103,63,10,79,20,96,52,0,132"/><V120/><F32/><W106/><G119/><T133/><D117/><U56/><E2/><V99/><F118/><W123/><G79/><T77/><D131/><U57/><E67/><V30/><F36/><W37/><G37/><T102/><D133/><U4/><E129/><V26/><F114/><W31/><REACH who="3" step="1"/><G123/><REACH who="3" ten="318,224,255,193" step="2"/><T18/><D77/><U128/><E128/><V42/><F122/><W39/><G39/><T40/><D35/><U45/><E73/><V58/><F120/><W71/><G71/><T88/><D34/><U65/><E65/><V50/><F135/><W78/><G78/><T76/><D76/><U69/><E69/><V28/><F127/><W72/><G72/><T110/><D64/><U95/><E45/><V44/><F109/><W84/><G84/><T105/><D110/><U107/><E56/><AGARI ba="1,1" hai="0,7,10,20,25,31,52,56,63,96,103,106,132,134" machi="56" ten="40,5200,0" yaku="1,1,52,1,54,1,53,0" doraHai="94" doraHaiUra="81" who="3" fromWho="1" sc="318,0,224,-55,255,0,193,65" /><INIT seed="3,0,0,0,0,60" ten="318,169,255,258" oya="3" hai0="25,129,7,64,39,94,67,105,98,9,134,41,51" hai1="76,132,56,47,115,73,21,20,10,71,18,45,53" hai2="5,121,86,128,32,83,6,49,33,92,52,133,74" hai3="117,13,126,75,124,125,80,35,89,23,82,130,70"/><W14/><G117/><T37/><D129/><U44/><E71/><V100/><F74/><W93/><G130/><T113/><D105/><U24/><E115/><V17/><F128/><W109/><G35/><T63/><D113/><U29/><E132/><V3/><F133/><W34/><G34/><T31/><D134/><U57/><E73/><V78/><F33/><W55/><G109/><T28/><D51/><U38/><E76/><V106/><F106/><W62/><G75/><T95/><D41/><U85/><E85/><V99/><F3/><W1/><G1/><T111/><D111/><U68/><E68/><V72/><F32/><W54/><G70/><T90/><D95/><U104/><E57/><V59/><F121/><W15/><G23/><T42/><D42/><U46/><E10/><V48/><F72/><W0/><G0/><T123/><D123/><U91/><E91/><V11/><REACH who="2" step="1"/><F49/><REACH who="2" ten="318,169,245,258" step="2"/><W108/><G108/><T8/><D37/><U119/><E104/><V30/><F30/><W43/><G126/><T26/><D39/><U110/><E38/><V66/><F66/><W114/><G125/><T135/><D135/><U69/><E110/><V103/><F103/><W50/><G124/><T12/><D28/><U127/><E127/><V81/><F81/><W61/><G114/><T40/><D31/><U22/><E119/><V58/><F58/><W36/><G36/><T88/><D67/><U79/><E69/><V27/><F27/><W4/><G82/><T120/><D26/><U116/><E116/><V19/><F19/><W107/><G80/><T102/><D120/><RYUUKYOKU ba="0,1" sc="318,-10,169,-10,245,30,258,-10" hai2="5,6,11,17,48,52,59,78,83,86,92,99,100" /><INIT seed="4,1,1,0,5,116" ten="308,159,275,248" oya="0" hai0="75,114,98,69,53,79,130,73,12,2,77,92,62" hai1="96,10,33,135,134,66,119,50,124,11,121,30,109" hai2="99,27,102,17,39,68,110,111,6,125,34,13,1" hai3="95,48,47,52,78,32,112,120,106,84,115,132,122"/><T43/><D2/><U41/><E119/><V74/><F74/><W70/><G106/><T89/><D114/><N who="3" m="43561" /><G132/><N who="1" m="50730" /><E109/><V126/><F39/><W18/><G32/><T65/><D130/><U35/><E66/><V23/><F68/><W123/><G18/><T87/><D43/><U97/><E50/><V36/><F36/><W129/><G70/><T7/><D53/><U26/><E41/><V100/><F100/><W85/><G129/><T38/><D38/><U94/><E35/><V42/><F42/><W9/><G9/><N who="1" m="3082" /><E94/><N who="2" m="58743" /><F1/><W4/><G4/><T107/><D107/><U46/><E46/><V24/><F6/><W57/><G78/><T128/><D128/><U19/><E19/><V81/><F34/><W22/><G22/><T31/><D77/><U5/><E5/><V82/><F111/><W117/><G117/><T101/><D79/><U60/><E60/><V3/><F110/><W21/><G21/><T45/><D7/><U133/><N who="1" m="50738" /><U131/><DORA hai="29" /><E124/><N who="2" m="47723" /><F3/><W63/><G95/><T76/><D92/><U90/><E90/><V104/><F104/><W118/><G118/><T0/><D89/><U80/><E80/><AGARI ba="1,1" hai="13,17,23,24,27,80,81,82" m="47723,58743" machi="80" ten="30,1000,0" yaku="18,1" doraHai="116,29" who="2" fromWho="1" sc="308,0,159,-13,275,23,248,0" /><INIT seed="5,0,0,3,4,121" ten="308,146,298,248" oya="1" hai0="17,80,105,122,94,68,97,71,16,52,78,129,62" hai1="87,82,63,108,50,90,70,4,102,111,22,13,26" hai2="84,23,86,132,43,1,21,12,41,20,89,24,133" hai3="118,115,72,128,131,134,46,109,74,120,135,18,119"/><U114/><E102/><V60/><F1/><W98/><G46/><T123/><D105/><U65/><E50/><V99/><F12/><W79/><G18/><T93/><D129/><N who="3" m="49737" /><G120/><N who="0" m="46123" /><D93/><U110/><E114/><V112/><F24/><W48/><G48/><T124/><D124/><U9/><E22/><V117/><F117/><N who="3" m="44555" /><G115/><T67/><D71/><U44/><E44/><V126/><F126/><W69/><G69/><T127/><D127/><U55/><E55/><V125/><F125/><W64/><G64/><T106/><D106/><U45/><E45/><V19/><F112/><W3/><G3/><T15/><D15/><U28/><E26/><V88/><F19/><W32/><G32/><T73/><D52/><U81/><REACH who="1" step="1"/><E28/><REACH who="1" ten="308,136,298,248" step="2"/><V107/><F23/><W85/><G109/><T33/><D33/><U77/><E77/><V31/><F31/><W54/><G54/><T7/><D78/><U36/><E36/><V59/><F21/><W34/><G34/><T101/><D101/><U116/><E116/><V103/><F20/><W113/><G113/><T11/><D11/><U92/><AGARI ba="0,1" hai="4,9,13,63,65,70,81,82,87,90,92,108,110,111" machi="92" ten="30,18000,2" yaku="1,1,0,1,10,1,52,3,53,0" doraHai="121" doraHaiUra="37" who="1" fromWho="1" sc="308,-60,136,190,298,-60,248,-60" /><INIT seed="5,1,0,5,4,132" ten="248,326,238,188" oya="1" hai0="59,87,30,2,101,109,21,69,56,15,124,107,6" hai1="63,89,76,8,118,133,128,85,70,39,123,78,31" hai2="131,93,71,103,102,54,43,9,99,47,68,20,46" hai3="88,24,97,125,55,4,84,36,79,113,90,67,26"/><U73/><E123/><V72/><F72/><W57/><G36/><T114/><D109/><U94/><E118/><V104/><F131/><W13/><G113/><T40/><D114/><U106/><E39/><V52/><F9/><N who="3" m="4263" /><G125/><T5/><D69/><U112/><E133/><V110/><F20/><W27/><G67/><T116/><D116/><U22/><E106/><V98/><F110/><W83/><G97/><T17/><D124/><U121/><E121/><V86/><F86/><W62/><AGARI ba="1,0" hai="24,26,27,55,57,62,79,83,84,88,90" m="4263" machi="62" ten="30,2000,0" yaku="8,1,54,1" doraHai="132" who="3" fromWho="3" sc="248,-6,326,-11,238,-6,188,23" /><INIT seed="6,0,0,0,1,44" ten="242,315,232,211" oya="2" hai0="24,88,52,12,76,57,55,75,74,21,5,38,51" hai1="47,71,103,114,9,29,31,85,53,59,67,122,91" hai2="96,84,72,3,133,16,127,125,26,18,81,79,60" hai3="118,56,45,116,20,135,2,62,132,50,95,129,120"/><V119/><F119/><N who="3" m="45611" /><G20/><T66/><D38/><U15/><E114/><V106/><F3/><W90/><G2/><T93/><D66/><U58/><E71/><V14/><F133/><N who="3" m="51275" /><G95/><T109/><D109/><U46/><E67/><V73/><F60/><W8/><G8/><T11/><D55/><U123/><E59/><V37/><F37/><W64/><G90/><T108/><D76/><U30/><E103/><N who="2" m="62823" /><F26/><W6/><G6/><T32/><D32/><U105/><E105/><V100/><F18/><W128/><G120/><N who="1" m="46122" /><E15/><V112/><F100/><W87/><G87/><T82/><D82/><N who="1" m="49591" /><E9/><N who="2" m="6223" /><F112/><W61/><G61/><AGARI ba="0,0" hai="29,30,31,46,47,53,58,61" m="49591,46122" machi="61" ten="30,1000,0" yaku="13,1" doraHai="44" who="1" fromWho="3" sc="242,0,315,10,232,0,211,-10" /><INIT seed="7,0,0,5,2,53" ten="242,325,232,201" oya="3" hai0="52,106,83,63,85,66,84,59,76,60,132,61,120" hai1="96,91,82,87,115,116,113,49,94,72,33,75,43" hai2="117,13,32,30,89,97,3,34,86,24,118,50,27" hai3="8,36,11,25,74,110,65,131,77,125,28,41,102"/><W44/><G125/><T23/><D120/><U16/><E33/><V80/><F3/><W38/><G131/><T39/><D132/><U99/><E43/><V15/><F50/><W35/><G110/><T69/><D39/><U129/><E49/><V108/><F108/><W92/><G36/><T130/><D130/><U57/><E57/><V79/><F97/><N who="1" m="37449" /><E16/><V18/><F15/><W103/><G92/><T107/><D61/><U47/><E47/><V109/><F109/><W135/><G135/><T10/><D10/><U54/><E54/><V104/><F104/><W111/><G65/><T100/><D100/><U14/><E14/><V121/><F121/><W51/><G111/><T42/><D42/><U2/><E2/><V5/><F5/><W58/><G11/><T114/><D114/><N who="1" m="43531" /><E116/><V45/><F45/><W73/><G8/><T64/><D64/><U68/><E68/><V126/><F126/><W17/><G17/><T124/><D124/><U19/><E19/><V55/><F55/><W20/><G35/><T26/><REACH who="0" step="1"/><D85/><REACH who="0" ten="232,325,232,201" step="2"/><N who="1" m="52591" /><E129/><V4/><F118/><W56/><G38/><T1/><D1/><U40/><E40/><V78/><F117/><W70/><G70/><T21/><D21/><U9/><E9/><N who="2" m="4263" /><F34/><W7/><G7/><T37/><D37/><U95/><E75/><N who="3" m="28682" /><G77/><T46/><D46/><U67/><E72/><V0/><F0/><W128/><G128/><T62/><D62/><U105/><E67/><V48/><F48/><W98/><G98/><T127/><D127/><U101/><E101/><V29/><F18/><AGARI ba="0,1" hai="18,23,26,52,59,60,63,66,69,76,83,84,106,107" machi="18" ten="30,8000,1" yaku="1,1,7,1,52,1,54,1,53,1" doraHai="53" doraHaiUra="81" who="0" fromWho="2" sc="232,90,325,0,232,-80,201,0" owari="322,12.0,325,43.0,152,-35.0,201,-20.0" /></mjloggm>