<mjloggm ver="2.3"><GO type="41" lobby="0"/><UN n0="%E3%81%8A%E3%81%8B%E3%82%82%E3%82%8D%E3%82%93" n1="%E4%BA%95%E4%B8%8A%E5%86%86%E4%BA%86" n2="%E2%93%9D%53%75%70%68%78" n3="%E3%82%86%E3%81%86%E3%81%99%E3%81%91%EF%BC%81" dan="15,13,18,13" rate="1994.63,1933.37,2116.80,1896.00" sx="M,M,M,M"/><TAIKYOKU oya="0"/><INIT seed="0,0,0,5,2,132" ten="250,250,250,250" oya="0" hai0="76,70,109,134,1,119,0,12,42,75,77,40,55" hai1="107,123,25,64,35,65,33,13,82,4,101,122,81" hai2="3,79,99,87,24,100,22,121,63,27,32,41,106" hai3="38,58,97,31,129,36,19,94,91,16,131,117,14"/><T72/><D119/><U125/><E107/><V18/><F3/><W61/><G117/><T110/><D12/><U112/><E101/><V116/><F121/><W23/><G31/><T48/><D48/><U127/><E112/><V17/><F41/><N who="0" m="15978" /><D55/><U56/><E56/><V7/><F7/><W96/><G19/><T44/><D44/><U15/><E25/><V10/><F10/><W118/><G118/><T85/><D85/><U52/><E52/><V128/><F128/><N who="3" m="49227" /><G97/><T8/><D8/><U111/><REACH who="1" step="1"/><E4/><REACH who="1" ten="250,240,250,250" step="2"/><V59/><F27/><W43/><G43/><T28/><D70/><U130/><E130/><V53/><F116/><W103/><G103/><T51/><D134/><U67/><E67/><AGARI ba="0,1" hai="14,16,23,36,38,58,61,67,91,94,96" m="49227" machi="67" ten="30,2000,0" yaku="19,1,54,1" doraHai="132" who="3" fromWho="1" sc="250,0,240,-20,250,0,250,30" /><INIT seed="1,0,0,2,1,94" ten="250,220,250,280" oya="1" hai0="69,95,97,49,132,12,135,24,54,46,58,68,62" hai1="71,108,63,92,93,4,74,19,128,105,76,109,72" hai2="122,52,56,130,90,37,41,0,38,89,111,117,47" hai3="18,129,39,91,113,125,30,25,55,87,88,20,6"/><U77/><E105/><V8/><F117/><W133/><G113/><T48/><D49/><U107/><E107/><V115/><F122/><W15/><G125/><T40/><D24/><U35/><E35/><V34/><F34/><W3/><G133/><T102/><REACH who="0" step="1"/><D12/><REACH who="0" ten="240,220,250,280" step="2"/><U79/><E128/><V81/><F130/><W98/><G129/><T114/><D114/><U127/><E127/><V126/><F126/><W66/><G39/><T73/><D73/><N who="1" m="28267" /><E4/><V100/><F38/><W64/><G6/><T96/><D96/><U123/><E123/><V21/><F37/><W82/><G3/><T53/><D53/><U124/><E124/><V28/><F52/><W120/><G120/><T61/><D61/><U118/><E118/><V27/><F0/><W43/><G55/><T33/><D33/><U70/><E19/><V32/><F32/><W57/><G43/><T78/><D78/><U14/><E14/><V110/><F41/><W10/><G57/><T60/><D60/><U112/><E112/><V1/><F56/><W23/><G10/><T106/><D106/><U99/><E63/><V84/><F1/><W121/><G121/><T104/><D104/><U51/><E51/><V85/><F115/><W9/><G9/><T101/><D101/><U26/><E26/><V75/><F100/><W134/><G134/><AGARI ba="0,1" hai="40,46,48,54,58,62,68,69,95,97,102,132,134,135" machi="134" ten="40,5200,0" yaku="1,1,20,1,52,1,53,0" doraHai="94" doraHaiUra="13" who="0" fromWho="3" sc="240,62,220,0,250,0,280,-52" /><INIT seed="2,0,0,2,5,79" ten="302,220,250,228" oya="2" hai0="48,91,83,39,116,14,12,2,93,64,85,113,134" hai1="65,17,117,49,69,11,84,59,100,3,21,52,0" hai2="50,87,121,18,111,41,112,107,67,86,44,98,10" hai3="28,62,55,114,25,123,23,32,63,16,99,74,76"/><V124/><F112/><W115/><G123/><T125/><D113/><N who="3" m="43017" /><G99/><T29/><D39/><U53/><E117/><V102/><F121/><W26/><G55/><T90/><D116/><U130/><E130/><V57/><F124/><W77/><G74/><T97/><D125/><U88/><E100/><V96/><F111/><W58/><G63/><T13/><D134/><U38/><E38/><V43/><F43/><W106/><G106/><T70/><D2/><U122/><E11/><V5/><F18/><W135/><G135/><T56/><D70/><U82/><E122/><V132/><F98/><W37/><G37/><T103/><D29/><U6/><E6/><V31/><F31/><W19/><G19/><T54/><REACH who="0" step="1"/><D64/><REACH who="0" ten="292,220,250,228" step="2"/><U71/><E69/><V72/><F132/><W24/><G28/><T27/><D27/><U78/><E71/><V66/><F66/><W15/><G26/><T129/><D129/><U61/><E65/><V9/><F67/><N who="3" m="39383" /><G25/><T108/><D108/><U126/><E126/><V46/><F5/><W75/><G24/><T51/><D51/><U118/><E118/><V73/><F50/><W110/><G110/><T95/><D95/><U119/><E119/><V36/><F36/><W131/><G131/><T81/><D81/><U80/><E0/><V104/><F104/><W45/><G32/><T35/><D35/><U1/><E3/><V60/><F107/><W120/><G120/><T128/><D128/><U101/><E1/><V8/><F60/><W22/><G15/><T92/><D92/><U33/><E33/><V68/><F68/><W47/><G16/><RYUUKYOKU ba="0,1" sc="292,30,220,-10,250,-10,228,-10" hai0="12,13,14,48,54,56,83,85,90,91,93,97,103" /><INIT seed="3,1,1,3,5,89" ten="322,210,240,218" oya="3" hai0="117,56,124,9,32,99,5,78,20,22,127,2,129" hai1="16,38,131,105,15,67,46,91,95,118,107,1,37" hai2="85,130,68,65,33,60,47,35,90,3,113,110,116" hai3="94,106,17,108,73,123,135,133,48,23,0,66,43"/><W41/><G123/><T19/><D78/><U57/><E1/><V64/><F113/><W114/><G114/><T21/><D56/><U100/><E131/><V69/><F3/><W59/><G106/><T18/><D99/><U71/><E71/><V52/><F116/><W6/><G73/><T36/><D36/><U28/><E28/><V102/><F102/><W42/><G108/><T119/><D129/><U74/><E74/><V112/><F110/><W76/><G76/><T14/><D32/><U58/><E118/><N who="0" m="45065" /><D19/><U10/><E46/><V92/><F112/><W98/><G0/><T7/><D7/><U44/><E44/><V51/><F130/><W13/><G6/><T132/><D132/><N who="3" m="50761" /><G66/><T125/><AGARI ba="1,1" hai="2,5,9,14,18,20,21,22,124,125,127" m="45065" machi="125" ten="40,5200,0" yaku="18,1,34,2" doraHai="89" who="0" fromWho="0" sc="322,65,210,-14,240,-14,218,-27" /><INIT seed="4,0,0,5,0,120" ten="387,196,226,191" oya="0" hai0="83,5,63,30,99,68,28,62,88,77,55,98,31" hai1="36,17,89,54,78,87,95,82,111,24,39,100,32" hai2="108,42,2,132,106,10,121,104,58,76,23,44,48" hai3="73,35,69,40,26,0,103,84,86,64,126,57,25"/><T131/><D131/><U52/><E100/><V11/><F121/><W115/><G126/><T41/><D41/><U37/><E111/><V119/><F132/><W1/><G73/><T60/><D5/><U34/><E17/><V20/><F76/><W80/><G69/><T12/><D68/><U129/><E129/><V81/><F81/><W47/><G103/><T90/><D12/><U134/><E134/><V116/><F58/><W74/><G74/><T51/><D77/><U13/><E13/><V123/><F123/><W109/><G57/><N who="0" m="33023" /><D83/><U79/><E79/><V85/><F85/><W107/><G107/><T92/><D92/><U105/><E105/><V49/><F42/><W118/><G40/><T61/><N who="0" m="15360" /><DORA hai="101" /><T53/><D53/><U56/><E56/><V110/><REACH who="2" step="1"/><F44/><REACH who="2" ten="387,196,216,191" step="2"/><W94/><G47/><T15/><D99/><U71/><E71/><V9/><F9/><W6/><G80/><T125/><D125/><U45/><E45/><V70/><F70/><W19/><G86/><T38/><D38/><U43/><E43/><V8/><F8/><W33/><G84/><T14/><D98/><U72/><REACH who="1" step="1"/><E34/><REACH who="1" ten="387,186,216,191" step="2"/><V97/><F97/><W4/><G35/><T122/><D122/><U18/><E18/><V114/><F114/><W66/><G33/><T124/><D124/><U59/><E59/><V75/><F75/><W133/><G19/><T16/><D16/><U113/><E113/><V21/><F21/><W93/><G115/><T67/><D90/><U3/><E3/><AGARI ba="0,2" hai="2,3,10,11,20,23,48,49,104,106,108,110,116,119" machi="3" ten="25,16000,3" yaku="1,1,22,2,52,4,53,2" doraHai="120,101" doraHaiUra="29,112" who="2" fromWho="1" sc="387,0,186,-160,216,180,191,0" /><INIT seed="5,0,0,5,4,22" ten="387,26,396,191" oya="1" hai0="2,101,18,27,125,46,67,41,114,132,102,105,40" hai1="88,72,110,6,86,45,84,44,62,78,92,111,103" hai2="80,21,96,24,70,15,95,77,16,19,0,100,48" hai3="118,59,17,134,11,131,25,65,108,75,20,107,94"/><U57/><E6/><V55/><F70/><W50/><G108/><N who="1" m="41514" /><E103/><V82/><F0/><W49/><G107/><T117/><D117/><U81/><E72/><V127/><F127/><W8/><G75/><T109/><D109/><U126/><E126/><V85/><F82/><W115/><G118/><T32/><D114/><U23/><E23/><V83/><F83/><W116/><G116/><T129/><D125/><U42/><E42/><V130/><F130/><W54/><G115/><T69/><D132/><U47/><E47/><N who="2" m="28063" /><F19/><W13/><G131/><T97/><D102/><U28/><E28/><V106/><F106/><W66/><G134/><T26/><D46/><U79/><E78/><V51/><F51/><W9/><G13/><AGARI ba="0,0" hai="13,15,16,21,24,77,80,85,95,96,100" m="28063" machi="13" ten="30,3900,0" yaku="8,1,52,1,54,1" doraHai="22" who="2" fromWho="3" sc="387,0,26,0,396,39,191,-39" /><INIT seed="6,0,0,0,0,25" ten="387,26,435,152" oya="2" hai0="103,100,28,76,112,125,17,43,4,81,124,66,58" hai1="93,60,64,132,51,16,5,96,134,116,77,126,117" hai2="2,88,67,65,23,34,98,62,127,101,8,87,45" hai3="92,83,73,97,70,91,18,80,9,63,14,109,20"/><V1/><F34/><W114/><G109/><T46/><D112/><U86/><E5/><V37/><F127/><N who="0" m="48714" /><D4/><U120/><E126/><V6/><F23/><W3/><G114/><T110/><D110/><U72/><E51/><V95/><F2/><W53/><G73/><N who="0" m="43151" /><D17/><U99/><E16/><V54/><F37/><W74/><G74/><T115/><D115/><U122/><E60/><V106/><REACH who="2" step="1"/><F45/><REACH who="2" ten="387,26,425,152" step="2"/><W84/><G3/><T44/><D44/><U133/><E64/><V89/><F89/><W31/><G91/><T82/><D103/><U49/><E49/><V26/><F26/><W13/><G20/><T123/><D100/><U104/><E104/><V75/><F75/><W21/><G21/><T79/><D46/><U135/><E72/><V22/><F22/><W105/><G13/><T107/><D107/><U59/><E59/><AGARI ba="0,1" hai="1,6,8,54,59,62,65,67,87,88,95,98,101,106" machi="59" ten="40,3900,0" yaku="1,1,54,1,53,0" doraHai="25" doraHaiUra="47" who="2" fromWho="1" sc="387,0,26,-39,425,49,152,0" owari="387,19.0,-13,-51.0,474,57.0,152,-25.0" /></mjloggm>