<mjloggm ver="2.3"><GO type="41" lobby="0"/><UN n0="%74%65%63%68%69%69%69%69" n1="%E3%81%84%E3%81%A3%E3%81%95%E3%82%93%E3%81%A7%E3%81%99%E3%82%88" n2="%E2%93%9D%53%75%70%68%78" n3="%E5%8D%97%E5%9B%BD%E3%81%AE%E9%BB%92%E7%8C%AB" dan="13,15,18,14" rate="1881.47,2200.04,2101.63,1805.79" sx="M,F,M,M"/><TAIKYOKU oya="0"/><INIT seed="0,0,0,1,4,48" ten="250,250,250,250" oya="0" hai0="11,128,8,5,127,82,4,126,3,107,12,100,108" hai1="65,17,18,79,98,130,58,0,55,50,26,121,43" hai2="109,93,75,111,122,70,2,61,97,94,47,92,115" hai3="77,21,53,129,56,125,36,106,118,52,49,31,83"/><T74/><D128/><U80/><E130/><V30/><F2/><W117/><G129/><T103/><D108/><N who="2" m="41546" /><F30/><W102/><G36/><T1/><D12/><U90/><E0/><V22/><F75/><W44/><G125/><T135/><D135/><U13/><E121/><V40/><F22/><W78/><G78/><T124/><D107/><U88/><E98/><V59/><F70/><W73/><G102/><T66/><D66/><U60/><E43/><V62/><F62/><W105/><G105/><T133/><D133/><U123/><E123/><V119/><F119/><W16/><G31/><T91/><D91/><U15/><E26/><V114/><F97/><W28/><G28/><T57/><D57/><U37/><E37/><N who="2" m="21903" /><F122/><W38/><G106/><T67/><REACH who="0" step="1"/><D67/><AGARI ba="0,0" hai="59,61,67,92,93,94,114,115" m="21903,41546" machi="67" ten="30,1000,0" yaku="14,1" doraHai="48" who="2" fromWho="0" sc="250,-10,250,0,250,10,250,0" /><INIT seed="1,0,0,1,1,58" ten="240,250,260,250" oya="1" hai0="116,71,9,75,2,92,111,0,66,48,74,96,6" hai1="127,131,121,43,70,24,120,45,20,104,118,7,88" hai2="39,90,77,135,85,63,76,125,4,44,93,64,65" hai3="87,69,16,99,50,10,133,106,35,56,126,38,98"/><U130/><E104/><V17/><F125/><W13/><G126/><T105/><D116/><U15/><E127/><V33/><F33/><W95/><G38/><T114/><D114/><U30/><E118/><V109/><F109/><W89/><G69/><T26/><D111/><U34/><E70/><V110/><F135/><W103/><G35/><T107/><D2/><U36/><E88/><V117/><F4/><W25/><G133/><T37/><D37/><U41/><E41/><V19/><F65/><W62/><G50/><T72/><D26/><U79/><E79/><V81/><F77/><W51/><G51/><T49/><D107/><U29/><E29/><V11/><F11/><W3/><G3/><T46/><D105/><U32/><E7/><V128/><F128/><N who="1" m="49193" /><E15/><V67/><F110/><W124/><G124/><T101/><REACH who="0" step="1"/><D46/><REACH who="0" ten="230,250,260,250" step="2"/><U55/><E121/><V100/><F44/><W57/><G25/><T42/><D42/><U108/><E120/><V78/><F39/><W97/><REACH who="3" step="1"/><G56/><REACH who="3" ten="230,250,260,240" step="2"/><T94/><D94/><U52/><E108/><V22/><F93/><W53/><AGARI ba="0,2" hai="10,13,16,53,57,62,87,89,95,97,98,99,103,106" machi="53" ten="20,12000,2" yaku="1,1,2,1,0,1,7,1,52,1,54,1,53,0" doraHai="58" doraHaiUra="40" who="3" fromWho="3" sc="230,-30,250,-60,260,-30,240,140" /><INIT seed="2,0,0,0,1,84" ten="200,190,230,380" oya="2" hai0="61,39,43,5,115,81,70,53,130,108,126,63,74" hai1="16,85,120,127,56,94,33,105,34,102,29,131,15" hai2="62,86,45,103,68,10,98,112,88,26,92,78,6" hai3="83,66,128,35,116,95,132,47,49,32,64,55,101"/><V42/><F112/><W99/><G116/><T82/><D115/><U110/><E110/><V21/><F68/><W124/><G132/><T135/><D108/><U65/><E131/><V113/><F113/><W18/><G128/><T97/><D130/><U58/><E127/><V4/><F78/><W121/><G121/><T69/><D135/><U79/><E120/><V40/><F62/><W37/><G37/><T19/><D126/><U122/><E122/><V17/><F45/><W119/><G119/><T100/><D5/><U20/><E105/><V8/><F8/><W125/><G125/><T25/><D39/><U109/><E109/><V91/><F6/><W11/><G32/><T133/><D43/><U90/><E102/><V72/><F72/><W117/><G35/><T54/><D133/><U41/><E41/><V57/><F57/><W2/><G2/><T106/><D25/><U107/><E107/><V48/><F48/><W38/><G38/><T60/><D19/><U14/><E79/><V118/><F118/><W3/><G3/><T114/><D114/><U71/><E14/><N who="2" m="5447" /><F103/><W1/><G1/><T36/><D36/><U23/><E34/><V27/><F27/><W80/><G117/><T31/><D31/><U111/><E33/><V104/><F104/><W7/><G124/><T129/><D129/><U89/><E111/><V13/><F26/><W44/><G7/><T9/><D9/><U24/><REACH who="1" step="1"/><E90/><REACH who="1" ten="200,180,230,380" step="2"/><V96/><F91/><W28/><G101/><T93/><D106/><U134/><E134/><V52/><F52/><N who="0" m="20074" /><D74/><U67/><E67/><V51/><F42/><RYUUKYOKU ba="0,1" sc="200,10,180,10,230,10,380,-30" hai0="60,61,63,69,70,81,82,93,97,100" hai1="15,16,20,23,24,29,56,58,65,71,85,89,94" hai2="13,17,21,40,51,86,88,92,96,98" /><INIT seed="2,1,1,5,3,22" ten="210,190,240,350" oya="2" hai0="106,67,98,9,110,27,127,129,26,43,133,19,58" hai1="93,124,83,125,44,64,135,80,117,131,99,126,46" hai2="47,3,84,45,17,85,1,18,77,119,59,78,57" hai3="95,70,100,97,115,81,130,94,73,20,91,90,92"/><V25/><REACH who="2" step="1"/><F25/><REACH who="2" ten="210,190,230,350" step="2"/><W53/><G115/><T11/><D27/><U103/><E117/><AGARI ba="1,2" hai="1,3,17,18,45,47,57,59,77,78,84,85,117,119" machi="117" ten="25,12000,1" yaku="21,2,2,1,22,2,53,0" doraHai="22" doraHaiUra="76" who="2" fromWho="1" sc="210,0,190,-123,230,143,350,0" /><INIT seed="2,2,0,4,2,39" ten="210,67,373,350" oya="2" hai0="126,44,14,119,45,128,73,48,29,34,63,7,125" hai1="18,84,109,101,12,68,95,30,86,53,57,27,38" hai2="93,69,115,87,90,118,42,16,116,131,88,4,114" hai3="121,91,112,60,20,108,77,64,130,82,59,37,47"/><V2/><F69/><W98/><G121/><T83/><D119/><U105/><E68/><V40/><F4/><W102/><G108/><T22/><D128/><U111/><E38/><V122/><F2/><W28/><G130/><T15/><D63/><U62/><E105/><V33/><F131/><W67/><G91/><T106/><D106/><U129/><E129/><V41/><F33/><W74/><G112/><T85/><D73/><U107/><E107/><V54/><F122/><W123/><G123/><T120/><D120/><U56/><E109/><V80/><F54/><W117/><G117/><T97/><D97/><U65/><E111/><V89/><F118/><W94/><G67/><T71/><D71/><U92/><E92/><V25/><F116/><W19/><G37/><T6/><D34/><U1/><E1/><V17/><F25/><W104/><G47/><T113/><D29/><U24/><E24/><V9/><F9/><W36/><G36/><T75/><D75/><U58/><E58/><V55/><F55/><W35/><G104/><T70/><D70/><U10/><E95/><V8/><F8/><W103/><G103/><T3/><D3/><U0/><E101/><V99/><REACH who="2" step="1"/><F90/><REACH who="2" ten="210,67,363,350" step="2"/><W127/><G35/><T76/><D113/><AGARI ba="2,1" hai="16,17,40,41,42,80,87,88,89,93,99,113,114,115" machi="113" ten="40,18000,2" yaku="1,1,2,1,52,3,54,2,53,0" doraHai="39" doraHaiUra="51" who="2" fromWho="0" sc="210,-186,67,0,363,196,350,0" /><INIT seed="2,3,0,2,1,69" ten="24,67,559,350" oya="2" hai0="26,4,80,55,104,17,130,39,116,59,71,132,129" hai1="20,38,49,107,100,58,106,37,18,123,35,34,119" hai2="0,42,48,117,36,108,50,109,112,6,28,134,13" hai3="63,124,9,19,75,81,105,102,101,114,98,121,122"/><V76/><F112/><W57/><G114/><T27/><D116/><U62/><E119/><V128/><F117/><W7/><G124/><T46/><D132/><U29/><E49/><V89/><F0/><W15/><G102/><T90/><D71/><U74/><E74/><V65/><F128/><N who="0" m="49258" /><D104/><U125/><E125/><V2/><F28/><W52/><G75/><T54/><D4/><U92/><E123/><V12/><F65/><W133/><G133/><T87/><D17/><U67/><E92/><V61/><F2/><W70/><G70/><T78/><D78/><U10/><E10/><V3/><F3/><W56/><G81/><T95/><D80/><U51/><E51/><V53/><F50/><W47/><G47/><T60/><D55/><U30/><E30/><V64/><F53/><W1/><REACH who="3" step="1"/><G57/><REACH who="3" ten="24,67,559,340" step="2"/><T115/><D115/><U111/><E100/><V88/><F134/><W24/><G24/><T82/><D82/><U33/><E58/><V93/><F109/><W77/><G77/><T135/><D135/><U83/><E83/><V8/><F108/><W99/><G99/><T73/><D73/><U84/><E111/><V97/><F97/><W91/><G91/><T72/><D72/><U25/><E25/><V85/><F89/><W16/><G16/><T44/><D44/><U21/><E18/><V131/><F131/><W110/><G110/><T113/><D113/><U22/><E84/><V118/><F118/><W96/><G96/><T40/><AGARI ba="3,1" hai="26,27,39,40,46,54,59,60,87,90,95" m="49258" machi="40" ten="30,2000,0" yaku="19,1,52,1" doraHai="69" who="0" fromWho="0" sc="24,39,67,-8,559,-13,340,-8" /><INIT seed="3,0,0,1,1,105" ten="63,59,546,332" oya="3" hai0="89,37,104,130,20,29,35,81,76,114,115,124,120" hai1="69,43,0,41,54,132,122,90,83,111,42,107,97" hai2="72,45,113,3,127,60,2,40,48,86,39,71,6" hai3="77,27,119,75,53,125,51,106,67,99,14,55,50"/><W82/><G119/><T33/><D120/><U57/><E122/><V21/><F72/><W118/><G118/><T95/><D124/><U26/><E69/><V16/><F113/><N who="0" m="43018" /><D130/><U108/><E0/><V91/><F6/><W98/><G125/><T112/><N who="0" m="43026" /><T135/><DORA hai="116" /><D37/><U44/><E132/><V52/><F127/><W101/><G67/><T68/><D104/><U70/><E70/><V92/><F60/><W58/><G99/><N who="0" m="57839" /><D68/><U128/><E128/><V117/><F117/><W93/><G27/><N who="0" m="16615" /><D135/><U74/><E26/><V22/><F22/><W47/><REACH who="3" step="1"/><G14/><REACH who="3" ten="63,59,546,322" step="2"/><T24/><D24/><U31/><E97/><V13/><F71/><W25/><G25/><T15/><D15/><U9/><E108/><V32/><F32/><W109/><G109/><T129/><D129/><U19/><E111/><V103/><F103/><W110/><G110/><T46/><D46/><AGARI ba="0,1" hai="2,3,13,16,21,39,40,45,46,48,52,86,91,92" machi="46" ten="30,3900,0" yaku="7,1,54,2" doraHai="105,116" who="2" fromWho="0" sc="63,-39,59,0,546,49,322,0" /><INIT seed="4,0,0,2,5,47" ten="24,59,595,322" oya="0" hai0="26,130,55,75,106,121,70,38,99,11,73,127,18" hai1="91,100,19,2,27,24,44,125,35,72,71,116,56" hai2="82,16,97,45,135,126,94,29,42,132,98,10,95" hai3="107,87,109,0,68,23,51,134,7,62,46,30,58"/><T57/><D121/><U93/><E71/><V129/><F126/><W64/><G107/><T110/><D127/><U115/><E116/><V114/><F129/><W20/><G109/><T133/><D110/><U41/><BYE who="0" /><E125/><V12/><F114/><W32/><G134/><N who="2" m="51241" /><F29/><W120/><G120/><T21/><D21/><U49/><E2/><V118/><F82/><W105/><G105/><T31/><D31/><U131/><E72/><V104/><F118/><W67/><G67/><T86/><D86/><U3/><E3/><V122/><F122/><W85/><G32/><T119/><D119/><U1/><E1/><V76/><F76/><W128/><G23/><T124/><D124/><U34/><E100/><N who="2" m="62479" /><F98/><W78/><G78/><T83/><D83/><U79/><E79/><V13/><F13/><W15/><G0/><T112/><D112/><U69/><E69/><V50/><AGARI ba="0,0" hai="10,12,16,42,45,50,94,95" m="62479,51241" machi="50" ten="30,4000,0" yaku="20,1,52,1,54,1" doraHai="47" who="2" fromWho="2" sc="24,-20,59,-10,595,40,322,-10" /><INIT seed="5,0,0,4,2,20" ten="4,49,635,312" oya="1" hai0="24,28,52,72,117,5,128,131,55,95,75,59,122" hai1="81,135,63,106,134,14,22,83,100,97,57,3,88" hai2="26,54,132,107,74,40,41,56,103,11,89,33,120" hai3="66,15,115,21,49,10,37,127,1,92,0,77,23"/><U109/><E3/><V104/><F104/><W91/><G37/><T58/><D58/><U87/><E109/><V65/><F120/><W19/><G115/><T118/><D118/><U129/><E129/><V98/><F132/><N who="1" m="50729" /><E14/><V76/><F41/><W2/><G127/><T80/><D80/><N who="1" m="49255" /><E22/><V39/><F40/><W13/><G77/><T102/><D102/><U46/><E46/><V12/><F76/><W60/><G15/><T34/><D34/><U133/><N who="1" m="50737" /><U84/><DORA hai="126" /><E84/><V67/><F33/><W113/><G49/><T35/><D35/><U61/><E61/><V112/><F12/><W85/><REACH who="3" step="1"/><G113/><REACH who="3" ten="4,49,635,302" step="2"/><T86/><D86/><U119/><E119/><V116/><F112/><W121/><G121/><T8/><D8/><U27/><E27/><V47/><F26/><W69/><AGARI ba="0,1" hai="0,1,2,10,13,19,21,23,60,66,69,85,91,92" machi="69" ten="30,2000,0" yaku="1,1,0,1,53,0" doraHai="20,126" doraHaiUra="114,44" who="3" fromWho="3" sc="4,-5,49,-10,635,-5,302,30" owari="-1,-50.0,39,-36.0,630,73.0,332,13.0" /></mjloggm>