<mjloggm ver="2.3"><GO type="41" lobby="0"/><UN n0="%E3%81%9F%E3%82%93%E3%81%9F%E3%81%9F%E3%82%93" n1="%77%69%74%68%6C%75%63%6B" n2="%6B%75%72%6F%6D%61%74%65" n3="%E2%93%9D%53%75%70%68%78" dan="14,14,14,18" rate="1945.61,1934.00,1991.40,2118.43" sx="M,M,M,M"/><TAIKYOKU oya="0"/><INIT seed="0,0,0,5,4,67" ten="250,250,250,250" oya="0" hai0="66,62,77,16,2,81,111,6,17,113,51,119,49" hai1="100,30,38,60,126,12,47,39,93,123,116,22,97" hai2="102,79,33,61,45,40,0,25,15,50,118,82,65" hai3="122,92,70,131,121,117,10,14,107,103,88,48,57"/><T69/><D113/><U29/><E116/><V85/><F118/><W133/><G117/><T105/><D119/><U5/><E123/><N who="3" m="47114" /><G131/><T84/><D105/><U3/><E3/><V83/><F0/><W135/><G103/><T91/><D2/><U98/><E126/><V7/><F102/><W134/><G107/><T99/><D6/><U13/><E98/><V109/><F109/><W32/><G32/><T63/><D63/><U76/><E76/><V130/><F130/><W58/><G48/><T52/><D51/><U114/><E114/><V104/><F104/><W37/><G37/><T20/><D111/><U11/><E47/><V21/><F33/><W129/><G70/><T72/><D99/><U73/><E73/><V68/><F83/><W115/><G129/><T59/><REACH who="0" step="1"/><D20/><REACH who="0" ten="240,250,250,250" step="2"/><U106/><E106/><V56/><F21/><W24/><G115/><T87/><D87/><U125/><E125/><V110/><F110/><W90/><G135/><T120/><D120/><U95/><E38/><V74/><F74/><W78/><G134/><T43/><D43/><U46/><E39/><V112/><F112/><W23/><G133/><T96/><D96/><U35/><E35/><V80/><F80/><AGARI ba="0,1" hai="16,17,49,52,59,62,66,69,72,77,80,81,84,91" machi="80" ten="30,18000,2" yaku="1,1,7,1,52,1,54,2,53,1" doraHai="67" doraHaiUra="64" who="0" fromWho="2" sc="240,190,250,0,250,-180,250,0" /><INIT seed="0,1,0,3,0,94" ten="430,250,70,250" oya="0" hai0="106,116,5,104,70,64,31,33,42,56,12,77,0" hai1="130,59,124,68,82,112,6,111,101,44,63,26,8" hai2="66,93,118,2,74,131,14,76,57,49,36,30,92" hai3="109,23,133,119,102,27,69,123,40,81,86,88,16"/><T79/><D116/><U107/><E112/><V96/><F36/><W53/><G119/><T129/><D70/><U125/><E111/><V128/><F2/><W58/><G109/><T24/><D0/><U85/><E130/><N who="2" m="49707" /><F118/><W22/><G133/><T97/><D42/><U37/><E68/><V134/><F134/><W17/><G69/><T115/><D115/><U13/><E26/><V35/><F93/><W61/><G123/><T110/><D110/><U65/><E37/><V114/><F114/><W121/><G121/><T126/><D126/><U132/><E132/><V47/><F14/><W73/><G73/><T98/><D129/><U83/><E44/><V41/><F76/><W9/><G102/><T95/><D104/><U105/><E83/><V120/><F74/><W78/><G40/><T25/><D106/><U55/><E65/><V51/><F120/><W43/><G43/><T84/><D25/><U99/><REACH who="1" step="1"/><E107/><REACH who="1" ten="430,240,70,250" step="2"/><V38/><F66/><W127/><G127/><T7/><D64/><U48/><E48/><V71/><F71/><W4/><G78/><AGARI ba="1,1" hai="6,8,13,55,59,63,78,82,85,99,101,105,124,125" machi="78" ten="40,2600,0" yaku="1,1,52,1,53,0" doraHai="94" doraHaiUra="91" who="1" fromWho="3" sc="430,0,240,39,70,0,250,-29" /><INIT seed="1,0,0,2,3,63" ten="430,279,70,221" oya="1" hai0="90,57,73,103,8,88,80,79,123,64,99,33,44" hai1="10,39,69,106,42,7,65,49,114,82,5,40,22" hai2="36,110,101,47,55,17,74,135,119,120,78,84,95" hai3="52,53,121,58,92,30,1,83,11,2,129,14,115"/><U26/><E114/><V54/><F120/><W46/><G121/><T102/><D33/><U68/><E106/><V34/><F34/><W113/><G129/><T77/><D44/><U6/><E39/><V59/><F119/><W98/><G30/><T9/><D123/><U16/><E69/><V12/><F110/><W28/><G28/><T76/><D8/><U89/><E49/><N who="2" m="28991" /><F36/><W112/><G83/><N who="0" m="45455" /><D64/><U35/><E35/><V93/><F74/><W131/><G131/><T127/><D57/><U133/><E133/><V56/><F135/><W20/><G20/><T122/><D9/><U37/><E37/><V67/><F101/><N who="0" m="38410" /><D127/><U96/><E10/><N who="2" m="6295" /><F59/><W0/><G46/><T97/><D122/><U72/><E72/><V100/><F100/><W94/><G98/><N who="0" m="37387" /><D77/><U128/><E128/><V81/><F55/><W60/><REACH who="3" step="1"/><G53/><REACH who="3" ten="430,279,70,211" step="2"/><T23/><D23/><U45/><E45/><V61/><AGARI ba="0,1" hai="56,61,67,78,81,84,93,95" m="6295,28991" machi="61" ten="30,2000,0" yaku="8,1,52,1" doraHai="63" who="2" fromWho="2" sc="430,-5,279,-10,70,30,211,-5" /><INIT seed="2,0,0,4,1,52" ten="425,269,100,206" oya="2" hai0="22,4,104,120,133,107,17,15,23,36,115,56,7" hai1="39,132,122,106,59,24,70,79,50,26,64,47,20" hai2="38,93,97,13,54,125,81,134,28,25,11,72,114" hai3="69,33,94,10,51,21,65,101,18,105,0,112,98"/><V32/><F114/><W41/><G33/><T44/><D120/><U1/><E106/><V46/><F134/><W113/><G69/><T34/><D34/><U87/><E1/><V119/><F119/><W12/><G65/><T68/><D68/><U30/><E122/><V92/><F125/><W83/><G105/><T43/><D115/><N who="3" m="44105" /><G83/><T89/><D133/><U124/><E132/><V131/><F131/><W128/><G51/><T74/><D74/><U108/><E108/><V5/><F97/><W110/><G41/><T29/><D104/><U27/><E124/><V14/><F14/><W9/><G110/><T3/><D89/><U100/><E100/><V80/><F80/><W118/><G118/><T71/><D71/><U16/><E70/><V58/><F81/><W6/><G10/><T61/><D107/><U63/><E39/><V60/><REACH who="2" step="1"/><F72/><REACH who="2" ten="425,269,90,206" step="2"/><W123/><G123/><T35/><D3/><U57/><E79/><V2/><F2/><W88/><G101/><T73/><D73/><U102/><E102/><V116/><F116/><W77/><G77/><T53/><D35/><U62/><E87/><V99/><F99/><N who="3" m="57799" /><G128/><T49/><D36/><U126/><E126/><V66/><F66/><W82/><G82/><T67/><D67/><N who="1" m="39375" /><E30/><V19/><F19/><N who="3" m="10471" /><G98/><T111/><D111/><U37/><E37/><V31/><F31/><W8/><G18/><N who="0" m="10591" /><D29/><U117/><E117/><V86/><F86/><W129/><G129/><T90/><D90/><U95/><E95/><V85/><F85/><W84/><G84/><T75/><D75/><U135/><E135/><V48/><F48/><RYUUKYOKU ba="0,1" sc="425,0,269,0,90,0,206,0" hai0="4,7,17,23,43,44,49,53,56,61" hai1="16,20,24,26,27,47,50,59,63,64" hai2="5,11,13,25,28,32,38,46,54,58,60,92,93" hai3="0,6,8,9" /><INIT seed="2,1,1,5,1,12" ten="425,269,90,206" oya="2" hai0="57,83,30,132,109,92,34,41,100,91,56,106,18" hai1="13,40,110,94,107,96,65,20,95,77,114,133,5" hai2="108,127,85,11,117,31,80,118,129,44,115,79,88" hai3="90,123,15,97,86,54,89,128,112,105,52,6,8"/><V38/><F115/><W59/><G123/><T113/><D109/><U43/><E114/><V87/><F129/><W49/><G112/><T16/><D113/><U72/><E110/><V10/><F127/><W61/><G128/><T116/><D83/><U66/><E133/><V33/><F108/><W68/><G68/><T76/><D76/><U67/><E107/><V45/><F38/><W32/><G32/><T36/><D100/><U53/><E72/><V55/><F118/><W84/><G105/><T73/><D73/><U4/><E77/><V35/><F117/><W78/><G97/><T119/><D106/><U121/><E121/><V14/><F35/><W48/><G78/><T26/><D119/><U93/><E53/><V3/><F3/><W124/><G124/><T125/><D116/><U1/><E1/><V71/><F71/><W25/><G25/><T9/><D9/><U81/><E81/><N who="2" m="49199" /><F33/><W22/><G22/><T19/><D19/><BYE who="0" /><N who="1" m="10351" /><E96/><V60/><F31/><W75/><G75/><T135/><D135/><U102/><E102/><V17/><F11/><W0/><G0/><T69/><D69/><U101/><E101/><V37/><F37/><W104/><G104/><T99/><D99/><U39/><E39/><V82/><F82/><N who="3" m="49303" /><G54/><T47/><D47/><U111/><E111/><V28/><F28/><W50/><G86/><T63/><D63/><U130/><E130/><V70/><F70/><W103/><G103/><T134/><D134/><U29/><E29/><V64/><F64/><W98/><G98/><T24/><D24/><U58/><E58/><AGARI ba="1,1" hai="10,14,17,44,45,55,58,60,79,80,87" m="49199" machi="58" ten="30,5800,0" yaku="8,1,52,1,54,1" doraHai="12" who="2" fromWho="1" sc="425,0,269,-61,90,71,206,0" /><INIT seed="2,2,0,0,1,93" ten="425,208,161,206" oya="2" hai0="88,77,78,79,23,103,130,38,131,94,44,74,69" hai1="114,117,118,17,107,73,115,101,14,110,12,84,61" hai2="83,87,48,56,37,109,33,35,27,65,75,120,21" hai3="5,104,124,62,64,132,72,19,135,128,58,113,47"/><V90/><F120/><W31/><G72/><T51/><D51/><U1/><E73/><V119/><F119/><N who="1" m="45577" /><E1/><V54/><F37/><W111/><G111/><T122/><D122/><U2/><E2/><V20/><F109/><W0/><G124/><T112/><D112/><N who="1" m="43051" /><E61/><V125/><F125/><W81/><G128/><T55/><D55/><U60/><E60/><V98/><F75/><W99/><G31/><T85/><D85/><U30/><E110/><V95/><F65/><W89/><G5/><T80/><D80/><U133/><E84/><V126/><F126/><W28/><G0/><T53/><D53/><U41/><E41/><V71/><F71/><W39/><G113/><T129/><D129/><U18/><E101/><V76/><REACH who="2" step="1"/><F21/><REACH who="2" ten="425,208,151,206" step="2"/><W108/><G108/><T40/><D40/><U68/><E68/><V3/><F3/><W34/><G64/><T42/><D42/><U96/><E133/><V32/><F32/><W70/><G34/><T63/><D63/><U121/><E121/><V106/><F106/><W36/><G104/><T91/><D91/><U29/><E107/><V52/><F52/><W123/><G123/><T127/><D127/><U43/><E43/><V46/><F46/><W66/><G47/><T7/><D7/><U25/><E25/><V13/><F13/><N who="1" m="5225" /><E96/><V10/><F10/><W86/><G70/><T26/><D26/><U45/><E45/><V82/><F82/><W116/><G116/><T16/><D16/><AGARI ba="2,1" hai="16,17,18,29,30" m="5225,43051,45577" machi="16" ten="40,8000,1" yaku="28,2,34,2,54,1" doraHai="93" who="1" fromWho="0" sc="425,-86,208,96,151,0,206,0" /><AGARI ba="2,0" hai="16,20,27,33,35,48,54,56,76,83,87,90,95,98" machi="16" ten="30,12000,1" yaku="1,1,7,1,52,1,54,1,53,1" doraHai="93" doraHaiUra="50" who="2" fromWho="0" sc="339,-120,304,0,151,120,206,0" /><INIT seed="2,3,0,0,2,51" ten="219,304,271,206" oya="2" hai0="130,97,47,20,115,6,110,70,84,11,126,77,34" hai1="19,106,94,113,65,29,24,82,26,103,74,83,13" hai2="75,35,33,55,89,114,52,132,23,109,16,28,2" hai3="104,124,42,8,72,78,18,36,38,68,41,128,56"/><V49/><F114/><W76/><G104/><T87/><D87/><U91/><E113/><V85/><F75/><W71/><G8/><T80/><D80/><U0/><E0/><V4/><F132/><W63/><G18/><T61/><D61/><U102/><E65/><V40/><F109/><W21/><G21/><T79/><D79/><U88/><E106/><V46/><F35/><W25/><G25/><UN n0="%E3%81%9F%E3%82%93%E3%81%9F%E3%81%9F%E3%82%93" /><T111/><D70/><N who="3" m="26665" /><G78/><T60/><D97/><U121/><E121/><V118/><F118/><W116/><G76/><T92/><D34/><U12/><E74/><V108/><F108/><W54/><G128/><T64/><D20/><U14/><E29/><V86/><F86/><W96/><G96/><T62/><D92/><U31/><E31/><V112/><F112/><W117/><G124/><T134/><D84/><U101/><E19/><V100/><F100/><W15/><G15/><T93/><D93/><U50/><E50/><V95/><F28/><W58/><G58/><T17/><D17/><U125/><E125/><V67/><F67/><W131/><G131/><T119/><D64/><U59/><E59/><V57/><F57/><W37/><G72/><T30/><D126/><U123/><E123/><V122/><F33/><W7/><G7/><T3/><D115/><U120/><E120/><V22/><F122/><W9/><G9/><T27/><D30/><U48/><E48/><V107/><F107/><W66/><G66/><T10/><D111/><U39/><E39/><N who="3" m="9986" /><W98/><DORA hai="69" /><G98/><T127/><D110/><U129/><E129/><V135/><F23/><W99/><G99/><RYUUKYOKU ba="3,0" sc="219,-10,304,-10,271,-10,206,30" hai3="41,42,54,56,63,116,117" /><INIT seed="3,4,0,5,4,135" ten="209,294,261,236" oya="3" hai0="34,36,37,125,60,72,7,11,48,104,93,131,126" hai1="32,61,67,77,134,115,123,65,71,114,0,90,43" hai2="118,121,64,113,40,130,95,26,78,27,105,120,89" hai3="58,124,83,111,52,53,79,74,50,16,8,56,20"/><W75/><G111/><T15/><D104/><U23/><E0/><V21/><F118/><W117/><G117/><T128/><D72/><U6/><E6/><V41/><F113/><W24/><G124/><N who="0" m="47723" /><D34/><U47/><E32/><V122/><F105/><W92/><G92/><T103/><D48/><U108/><E77/><V18/><F130/><N who="0" m="49706" /><D60/><U54/><E123/><V102/><F102/><W49/><G8/><T3/><D3/><U25/><E67/><V1/><F1/><W45/><G45/><T13/><D15/><U107/><E107/><V73/><F64/><W87/><AGARI ba="4,0" hai="16,20,24,49,50,52,53,56,58,74,75,79,83,87" machi="87" ten="20,12000,1" yaku="0,1,7,1,9,1,54,2" doraHai="135" who="3" fromWho="3" sc="209,-44,294,-44,261,-44,236,132" /><INIT seed="3,5,0,5,1,30" ten="165,250,217,368" oya="3" hai0="68,59,79,113,83,130,78,120,96,10,24,105,95" hai1="32,39,49,64,124,17,101,61,128,25,131,54,99" hai2="129,107,4,34,109,114,51,108,63,31,18,111,71" hai3="50,9,56,52,60,67,93,11,38,26,7,87,0"/><W8/><G38/><T82/><D68/><U19/><E39/><V16/><F114/><W44/><REACH who="3" step="1"/><G26/><REACH who="3" ten="165,250,217,358" step="2"/><T29/><D113/><U20/><E124/><V41/><F129/><W45/><G45/><T43/><D130/><U118/><E118/><V27/><F107/><W85/><G85/><T88/><D105/><U81/><E131/><V80/><F80/><W28/><G28/><T53/><D83/><U42/><E81/><V37/><F37/><W135/><G135/><T104/><D104/><U48/><E128/><V2/><F41/><W116/><G116/><T103/><D43/><U74/><E42/><V134/><F134/><W125/><G125/><T40/><D40/><U76/><E74/><V1/><F111/><W66/><G66/><T69/><D120/><U3/><E25/><V13/><F109/><W122/><G122/><T102/><D79/><U21/><E64/><N who="2" m="41375" /><F108/><W117/><G117/><T100/><D78/><U115/><E76/><V22/><F31/><W106/><G106/><T75/><D75/><U14/><E115/><V112/><F112/><W15/><G15/><T47/><D82/><U123/><E14/><V110/><F13/><W58/><G58/><T23/><D47/><U6/><E123/><V90/><F110/><W70/><G70/><T72/><D69/><U126/><E126/><V57/><F27/><W73/><G73/><T36/><D36/><U133/><E133/><V33/><F57/><W65/><G65/><T77/><D77/><U86/><E86/><V46/><F46/><W62/><G62/><N who="0" m="36207" /><D72/><U55/><E61/><V89/><F1/><RYUUKYOKU ba="5,1" sc="165,15,250,-15,217,-15,358,15" hai0="10,23,24,29,88,95,96,100,102,103" hai3="0,7,8,9,11,44,50,52,56,60,67,87,93" /><INIT seed="3,6,1,3,4,124" ten="180,235,202,373" oya="3" hai0="112,48,38,18,24,46,107,8,35,118,114,57,84" hai1="34,67,81,42,61,65,0,99,39,28,87,16,110" hai2="94,47,54,80,95,49,75,101,108,125,66,132,14" hai3="69,129,111,97,19,78,31,5,100,60,116,96,29"/><W30/><G116/><T90/><D107/><U115/><E0/><V85/><F108/><W15/><G111/><T50/><D118/><U36/><E110/><V91/><F125/><W120/><G120/><T79/><D79/><U20/><E115/><V6/><F132/><W88/><G5/><T23/><D35/><U83/><E34/><V92/><F75/><W123/><G123/><T22/><D8/><U63/><E28/><V76/><F66/><W121/><G78/><T133/><D133/><U126/><E126/><V105/><F105/><W86/><G69/><T37/><D57/><U68/><E99/><V52/><F54/><W82/><G121/><T77/><D77/><U70/><E42/><V109/><F109/><W127/><G129/><T64/><D50/><U27/><E83/><V119/><F119/><W104/><G127/><T122/><D64/><U21/><E20/><V113/><F113/><N who="0" m="43626" /><D23/><U45/><E45/><V3/><F3/><W13/><G60/><T51/><D51/><U103/><E103/><V10/><F76/><AGARI ba="6,1" hai="16,21,27,36,39,61,63,65,67,68,70,76,81,87" machi="76" ten="30,3900,0" yaku="7,1,9,1,54,1" doraHai="124" who="1" fromWho="2" sc="180,0,235,67,202,-57,373,0" /><INIT seed="4,0,0,2,3,42" ten="180,302,145,373" oya="0" hai0="54,115,97,75,94,59,109,6,78,82,74,26,99" hai1="29,57,125,110,48,47,92,116,3,30,28,98,32" hai2="83,24,18,73,62,129,88,55,5,25,13,89,22" hai3="37,124,71,45,70,80,134,100,76,105,87,56,85"/><T14/><D115/><U39/><E116/><V113/><F113/><W52/><G134/><T9/><D75/><U46/><E110/><V53/><F129/><W122/><G124/><T132/><D132/><U65/><E3/><V120/><F120/><W68/><G122/><T31/><D109/><U119/><E119/><V108/><F108/><W17/><G105/><T27/><D94/><U86/><E39/><V69/><F5/><W43/><G100/><T41/><D41/><U133/><E133/><V77/><F55/><W21/><G87/><T135/><D135/><U96/><E32/><V102/><F102/><W2/><G2/><T64/><D64/><U130/><E130/><V112/><F112/><W40/><G40/><T114/><D27/><U107/><E107/><V35/><F25/><W60/><G71/><T20/><REACH who="0" step="1"/><D114/><REACH who="0" ten="170,302,145,373" step="2"/><U103/><E125/><V117/><F117/><W19/><G19/><T66/><D66/><U12/><E65/><V106/><F106/><W61/><G61/><AGARI ba="0,1" hai="6,9,14,20,26,31,54,59,61,74,78,82,97,99" machi="61" ten="30,2900,0" yaku="1,1,7,1,53,0" doraHai="42" doraHaiUra="127" who="0" fromWho="3" sc="170,39,302,0,145,0,373,-29" /><INIT seed="4,1,0,1,1,36" ten="209,302,145,344" oya="0" hai0="106,72,21,50,128,115,38,84,33,73,39,119,8" hai1="9,123,135,96,98,12,58,47,48,82,30,87,74" hai2="129,3,127,69,41,61,131,121,28,66,68,45,91" hai3="105,70,77,53,86,19,76,16,25,1,81,132,92"/><T116/><D21/><U57/><E123/><V52/><F3/><W4/><G105/><T90/><D50/><U34/><E74/><N who="0" m="28777" /><D8/><U99/><E135/><V62/><F91/><W56/><G70/><T111/><D33/><U23/><E34/><V32/><F28/><W7/><G132/><T79/><D38/><U2/><E2/><V109/><F32/><W13/><G1/><T78/><D39/><U117/><E117/><N who="0" m="45129" /><D115/><U107/><E107/><V104/><F104/><W20/><G77/><N who="0" m="29195" /><D106/><U65/><E65/><N who="2" m="41007" /><F127/><W29/><G29/><T24/><D24/><U0/><E0/><V43/><F121/><W85/><G25/><T75/><N who="0" m="28785" /><T103/><DORA hai="118" /><D103/><U5/><E30/><V17/><F17/><W93/><G19/><T108/><D128/><N who="2" m="49226" /><F109/><N who="0" m="42058" /><D90/><U22/><E22/><V31/><F31/><W125/><G125/><T101/><D101/><U94/><E23/><V133/><F133/><W42/><G20/><T80/><D80/><U130/><E130/><V46/><F46/><W18/><G81/><T113/><D113/><U114/><E114/><V124/><F124/><W89/><G89/><T14/><D14/><U120/><E82/><V59/><F45/><W88/><G76/><T83/><D83/><U112/><E112/><V67/><F67/><W55/><G88/><T37/><D37/><U102/><E102/><V54/><F54/><W51/><G13/><T134/><D134/><U95/><E12/><V60/><AGARI ba="1,0" hai="41,43,52,59,60,62,66,69" m="49226,41007" machi="60" ten="30,12000,2" yaku="19,1,34,2,52,2,54,1" doraHai="36,118" who="2" fromWho="2" sc="209,-61,302,-31,145,123,344,-31" /><INIT seed="5,0,0,1,2,75" ten="148,271,268,313" oya="1" hai0="23,83,48,94,89,1,122,97,84,3,34,40,14" hai1="4,103,38,47,62,67,81,120,6,7,31,129,28" hai2="24,53,59,52,33,68,65,101,80,41,2,134,35" hai3="82,96,116,26,93,63,104,110,126,13,123,99,39"/><U106/><E120/><V92/><F2/><W125/><G39/><T105/><D34/><U88/><E129/><V135/><F68/><W49/><G110/><T115/><D115/><U61/><E106/><V29/><F35/><W21/><G116/><T18/><D122/><U27/><E103/><V124/><F124/><W85/><G13/><T74/><D40/><U11/><E11/><V118/><F118/><W132/><G132/><N who="2" m="50729" /><F41/><W87/><G63/><N who="1" m="24074" /><E38/><V73/><F65/><W107/><G107/><T15/><D48/><U90/><E67/><V17/><F17/><W78/><G49/><T22/><D74/><U55/><E81/><V32/><F59/><W72/><G123/><T51/><D51/><N who="1" m="29183" /><E27/><V45/><F45/><W42/><G126/><T25/><D105/><U58/><E58/><V114/><F33/><W86/><G125/><T19/><REACH who="0" step="1"/><D25/><REACH who="0" ten="138,271,268,313" step="2"/><U70/><E70/><V79/><F114/><W56/><G104/><T60/><D60/><U54/><E54/><V95/><F53/><W133/><G133/><T98/><D98/><U117/><E117/><V64/><F52/><W127/><G127/><T121/><D121/><U111/><E111/><V5/><F64/><W77/><G56/><T128/><D128/><U10/><E10/><V44/><F44/><W131/><G131/><T76/><AGARI ba="0,1" hai="1,3,14,15,18,19,22,23,76,83,84,89,94,97" machi="76" ten="20,8000,1" yaku="1,1,0,1,7,1,9,1,52,1,53,0" doraHai="75" doraHaiUra="0" who="0" fromWho="0" sc="138,90,271,-40,268,-20,313,-20" /><INIT seed="6,0,0,0,4,64" ten="228,231,248,293" oya="2" hai0="89,111,9,35,42,74,56,18,58,108,26,103,36" hai1="41,39,127,109,61,47,132,94,75,84,73,0,66" hai2="118,77,3,128,29,17,27,69,130,92,112,76,70" hai3="51,98,25,101,16,62,50,28,68,65,88,43,31"/><V124/><F118/><W99/><G43/><T19/><D74/><U96/><E109/><V83/><F3/><W10/><G31/><T14/><D103/><U85/><E127/><V110/><F124/><W4/><G16/><T24/><D42/><U129/><E129/><N who="2" m="49771" /><F112/><W44/><G44/><T105/><D105/><U97/><E132/><V104/><F104/><W5/><G5/><T121/><D36/><U122/><E122/><V133/><F133/><W38/><G38/><T23/><D121/><U125/><E125/><V126/><F126/><W33/><G99/><T93/><D108/><U1/><E97/><V72/><F110/><W54/><G54/><T45/><D45/><U90/><E85/><V6/><F6/><W71/><G71/><N who="2" m="27145" /><F27/><W48/><G101/><T30/><D111/><U102/><E0/><V119/><F119/><W82/><G98/><AGARI ba="0,0" hai="9,14,18,19,23,24,26,30,35,56,58,89,93,98" machi="98" ten="30,1000,0" yaku="7,1" doraHai="64" who="0" fromWho="3" sc="228,10,231,0,248,0,293,-10" /><INIT seed="7,0,0,0,3,58" ten="238,231,248,283" oya="3" hai0="0,32,53,30,40,9,55,110,1,82,133,101,71" hai1="77,125,37,70,100,38,93,50,130,65,16,5,87" hai2="33,97,15,25,47,67,99,35,52,51,79,129,45" hai3="103,29,106,22,42,4,78,92,114,17,76,2,54"/><W27/><G106/><T102/><D110/><U74/><E74/><V11/><F129/><W122/><G42/><T98/><D133/><U131/><E5/><V115/><F115/><W96/><G122/><T132/><D132/><U14/><E125/><V48/><F67/><W90/><G114/><T91/><D40/><U68/><E50/><V135/><F135/><W72/><G72/><T46/><D71/><U112/><E112/><V108/><F108/><W117/><G117/><T113/><D32/><U24/><E24/><V123/><F123/><W86/><G54/><T21/><D0/><U119/><E119/><V18/><F79/><W59/><G59/><T28/><D1/><U109/><E109/><V107/><F107/><W124/><G124/><T3/><D9/><N who="1" m="6223" /><E70/><V56/><F56/><W60/><G4/><T36/><D3/><U43/><E43/><V89/><F35/><W19/><G2/><T85/><D113/><U83/><E100/><V10/><F10/><W20/><G29/><N who="0" m="11371" /><D21/><U111/><E111/><V34/><F34/><W116/><G116/><T126/><D126/><U88/><E77/><V31/><REACH who="2" step="1"/><F89/><REACH who="2" ten="238,231,238,283" step="2"/><W6/><G78/><T95/><D102/><U57/><E68/><V62/><F62/><W61/><G76/><T80/><D101/><U63/><E93/><V8/><F8/><W49/><G92/><T23/><D95/><U26/><E26/><V64/><F64/><W134/><G134/><T94/><D94/><U39/><E39/><V66/><F66/><W73/><G103/><T128/><D36/><U121/><E121/><V118/><F118/><RYUUKYOKU ba="0,1" sc="238,-15,231,15,238,15,283,-15" hai1="37,38,57,63,65,83,87,88,130,131" hai2="11,15,18,25,31,33,45,47,48,51,52,97,99" /><INIT seed="8,1,1,4,4,37" ten="223,246,253,268" oya="0" hai0="121,3,26,38,68,65,126,118,90,28,69,80,55" hai1="16,117,106,115,62,92,19,60,24,127,25,132,52" hai2="107,95,99,5,86,125,123,42,122,66,6,111,45" hai3="75,36,135,88,13,77,113,102,134,12,96,74,105"/><T32/><D121/><U130/><E106/><V2/><F111/><W110/><G36/><T128/><D3/><U40/><E115/><V46/><F125/><W47/><G47/><T98/><D126/><U131/><E127/><V31/><F107/><W79/><G13/><T0/><D0/><U120/><E120/><V70/><F86/><W124/><G12/><T43/><D118/><U64/><E117/><V17/><F31/><W84/><G124/><T14/><D55/><U21/><E132/><N who="3" m="50730" /><G110/><T73/><D14/><U39/><E92/><V67/><F2/><W23/><G23/><T51/><D38/><U112/><E112/><V114/><F114/><W119/><G113/><T35/><D35/><U101/><E101/><V11/><F17/><W41/><G41/><T22/><D32/><U93/><E93/><V53/><F53/><W100/><G100/><T4/><D4/><U18/><E21/><V58/><F95/><N who="3" m="54663" /><G119/><T104/><D65/><U54/><E40/><V20/><F20/><W57/><G57/><T44/><D104/><U48/><E39/><V59/><F70/><W87/><G87/><N who="0" m="50535" /><D98/><U89/><E64/><V129/><F11/><W109/><G109/><T10/><D10/><U116/><E116/><V8/><F8/><W33/><G33/><T97/><D97/><U71/><E71/><V9/><F9/><W76/><AGARI ba="1,1" hai="74,75,76,77,79,96,102,105" m="54663,50730" machi="76" ten="30,7900,0" yaku="20,1,34,2,54,1" doraHai="37" who="3" fromWho="3" sc="223,-40,246,-21,253,-21,268,92" owari="183,-32.0,225,-17.0,232,3.0,360,46.0" /></mjloggm>