<mjloggm ver="2.3"><GO type="41" lobby="0"/><UN n0="%E5%B0%8F%E7%86%8A%E7%8C%AB" n1="%E2%93%9D%53%75%70%68%78" n2="%4D%57%4D%57%4D%57" n3="%72%65%61%33" dan="14,17,14,15" rate="1945.79,2023.75,1903.31,1971.13" sx="M,M,M,M"/><TAIKYOKU oya="0"/><INIT seed="0,0,0,2,1,81" ten="250,250,250,250" oya="0" hai0="95,65,128,53,31,48,88,70,103,60,69,50,12" hai1="71,5,64,90,125,10,86,17,78,85,41,92,109" hai2="101,25,99,0,35,79,131,84,105,97,15,117,45" hai3="110,82,115,127,74,2,6,33,7,119,9,75,73"/><T77/><D128/><U18/><E109/><V13/><F0/><W24/><G110/><T133/><D133/><U28/><E125/><V67/><F131/><W108/><G108/><T27/><D77/><U4/><E71/><V49/><F99/><W16/><G115/><T93/><D12/><U107/><E107/><V14/><F67/><W11/><G119/><T55/><D103/><U134/><E28/><V20/><F35/><W135/><G127/><T112/><D70/><U1/><E64/><V42/><F117/><W121/><G135/><T44/><D112/><U21/><E41/><V129/><F129/><W30/><G16/><T8/><D8/><U51/><E51/><V114/><F114/><W62/><G62/><T104/><D104/><U22/><E134/><V130/><F130/><W26/><G26/><T87/><D95/><U39/><E39/><V120/><F120/><W63/><G63/><T100/><D100/><U54/><E54/><V91/><F79/><W68/><G68/><T38/><D38/><U29/><E5/><V106/><F105/><W122/><REACH who="3" step="1"/><G82/><REACH who="3" ten="250,250,250,240" step="2"/><T123/><D123/><U56/><E18/><V126/><F126/><W116/><G116/><T58/><D27/><U34/><E17/><V118/><F118/><W113/><G113/><T32/><REACH who="0" step="1"/><D32/><REACH who="0" ten="240,250,250,240" step="2"/><U43/><E34/><V23/><REACH who="2" step="1"/><F25/><REACH who="2" ten="240,250,240,240" step="2"/><W98/><G98/><T57/><D57/><U36/><E56/><V83/><AGARI ba="0,3" hai="13,14,15,20,23,42,45,49,83,84,91,97,101,106" machi="83" ten="30,7900,0" yaku="1,1,2,1,0,1,52,1,53,0" doraHai="81" doraHaiUra="72" who="2" fromWho="2" sc="240,-39,250,-20,240,109,240,-20" /><INIT seed="1,0,0,5,2,47" ten="201,230,349,220" oya="1" hai0="130,95,51,96,87,94,129,85,126,46,0,10,119" hai1="6,101,132,121,1,128,86,124,44,40,99,104,3" hai2="17,64,73,9,28,79,77,53,78,2,27,133,59" hai3="113,42,111,55,34,50,36,70,69,68,131,125,83"/><U93/><E121/><V109/><F109/><W20/><G34/><T11/><D119/><U4/><E128/><N who="0" m="49257" /><D126/><U90/><E124/><V57/><F133/><W39/><G125/><T116/><D116/><U32/><E32/><V8/><F2/><W56/><G113/><T21/><D21/><U92/><E132/><V110/><F110/><W107/><G131/><T5/><D10/><U117/><E117/><V134/><F134/><W41/><G107/><T65/><D65/><U115/><E115/><V22/><F73/><W19/><G83/><T58/><D58/><U127/><E127/><V97/><F97/><W14/><REACH who="3" step="1"/><G111/><REACH who="3" ten="201,230,349,210" step="2"/><T81/><D81/><U98/><E3/><V84/><F64/><W54/><G54/><N who="0" m="30071" /><D95/><U60/><E1/><V135/><F135/><W122/><G122/><T38/><D38/><AGARI ba="0,1" hai="14,19,20,36,38,39,41,42,50,55,56,68,69,70" machi="38" ten="50,3200,0" yaku="1,1,52,1,53,0" doraHai="47" doraHaiUra="74" who="3" fromWho="0" sc="201,-32,230,0,349,0,210,42" /><INIT seed="2,0,0,3,0,10" ten="169,230,349,252" oya="2" hai0="82,120,81,116,121,47,126,12,70,69,40,25,52" hai1="107,74,63,38,31,134,3,50,65,84,28,68,112" hai2="5,76,135,114,133,29,83,129,49,132,18,97,105" hai3="96,9,109,67,113,73,2,16,131,22,20,79,60"/><V64/><F114/><W36/><G109/><T118/><D126/><U123/><E112/><V44/><F29/><W75/><G113/><T127/><D127/><U90/><E38/><V80/><F129/><W46/><G131/><T6/><D25/><U19/><E3/><V88/><F64/><W66/><G96/><T91/><D40/><U43/><E74/><V130/><F130/><W128/><G128/><T122/><D91/><U27/><E107/><V14/><F5/><W1/><G36/><T53/><D6/><U48/><E134/><V119/><F105/><W125/><G125/><T62/><D62/><U89/><E89/><V8/><F76/><W115/><G115/><T87/><D87/><U0/><E0/><V78/><F78/><W33/><G46/><T34/><D34/><U108/><E123/><V37/><F37/><W17/><G9/><T57/><D12/><U35/><E108/><V117/><F83/><N who="0" m="31754" /><D57/><U21/><E43/><N who="2" m="24735" /><F97/><W93/><G79/><T101/><D47/><U4/><E4/><V23/><F8/><W72/><G33/><T71/><D101/><U58/><E35/><V26/><F26/><W102/><G102/><T56/><D56/><U61/><E58/><V85/><AGARI ba="0,0" hai="14,18,23,80,85,88,117,119,132,133,135" m="24735" machi="85" ten="40,7800,0" yaku="20,1,52,1,54,1" doraHai="10" who="2" fromWho="2" sc="169,-26,230,-26,349,78,252,-26" /><INIT seed="2,1,0,0,0,129" ten="143,204,427,226" oya="2" hai0="39,19,111,77,75,135,85,117,20,120,107,41,37" hai1="29,48,38,109,51,10,49,84,60,123,24,125,6" hai2="98,28,15,79,104,73,59,92,13,66,132,26,97" hai3="30,74,61,126,27,93,4,102,94,69,100,21,1"/><V78/><F132/><W91/><G74/><T45/><D111/><U99/><E38/><V112/><F73/><W106/><G126/><T116/><D120/><U65/><E109/><V55/><F66/><W16/><G106/><T63/><D107/><U108/><E108/><V114/><F114/><W122/><G122/><T47/><D63/><U115/><E115/><V95/><F104/><W83/><G94/><N who="2" m="35881" /><F112/><W9/><G83/><T134/><D75/><U86/><E99/><N who="2" m="37899" /><F26/><W36/><G36/><T121/><D39/><U14/><E125/><V44/><F44/><W64/><REACH who="3" step="1"/><G30/><REACH who="3" ten="143,204,427,216" step="2"/><T113/><D121/><U67/><E123/><V43/><F28/><W25/><G25/><T118/><D113/><U11/><E24/><V23/><F43/><W89/><G89/><T110/><D110/><U103/><E29/><V105/><F105/><W82/><G82/><N who="0" m="47311" /><D41/><U57/><E103/><V5/><F79/><W76/><G76/><T12/><D37/><U133/><E86/><AGARI ba="1,1" hai="1,4,9,16,21,27,61,64,69,86,91,93,100,102" machi="86" ten="30,3900,0" yaku="1,1,7,1,54,1,53,0" doraHai="129" doraHaiUra="53" who="3" fromWho="1" sc="143,0,204,-42,427,0,216,52" /><INIT seed="3,0,0,4,0,47" ten="143,162,427,268" oya="3" hai0="29,69,135,87,102,106,40,35,10,64,133,116,77" hai1="85,13,82,55,59,0,43,103,119,132,24,51,131" hai2="76,84,123,11,93,53,118,86,72,41,61,7,127" hai3="38,107,3,66,109,49,65,63,80,68,129,21,122"/><W18/><G122/><T56/><D116/><U134/><E0/><V94/><F118/><W62/><G38/><T16/><D69/><U60/><E119/><V90/><F127/><W6/><G107/><T124/><D124/><U81/><E131/><V27/><F72/><W89/><G129/><T125/><D40/><U114/><E114/><V67/><F41/><W92/><G80/><T48/><D125/><U78/><E103/><V23/><F76/><W4/><G109/><T5/><D29/><U44/><E24/><V91/><F53/><W26/><G49/><T111/><D35/><U112/><E112/><V58/><F123/><W74/><G74/><T117/><D117/><U83/><REACH who="1" step="1"/><E13/><REACH who="1" ten="143,152,427,268" step="2"/><V45/><F27/><W57/><REACH who="3" step="1"/><G3/><REACH who="3" ten="143,152,427,258" step="2"/><T9/><D111/><U50/><E50/><V28/><F45/><W73/><G73/><T42/><D48/><U31/><E31/><V121/><F28/><W12/><G12/><T19/><D106/><U46/><E46/><V100/><F121/><W96/><AGARI ba="0,2" hai="4,6,18,21,26,57,62,63,65,66,68,89,92,96" machi="96" ten="20,3900,0" yaku="1,1,0,1,7,1,53,0" doraHai="47" doraHaiUra="108" who="3" fromWho="3" sc="143,-13,152,-13,427,-13,258,59" /><INIT seed="3,1,0,3,1,62" ten="130,139,414,317" oya="3" hai0="12,16,108,45,46,91,66,28,29,129,75,34,106" hai1="47,49,85,22,94,35,53,42,95,37,11,104,109" hai2="89,105,39,82,119,116,90,6,76,9,73,55,132" hai3="100,38,31,113,74,133,130,126,78,19,48,32,56"/><W21/><G113/><T26/><D108/><U98/><E35/><V25/><F105/><W64/><G38/><T87/><D129/><U84/><E104/><V24/><F132/><W63/><G133/><T101/><D75/><U97/><E109/><V102/><F102/><W40/><G130/><T14/><D28/><U127/><E127/><V125/><F125/><W5/><G126/><T57/><D12/><U92/><E11/><V4/><F6/><W61/><G5/><T41/><D101/><U77/><E37/><V13/><F119/><W72/><G100/><T17/><D106/><U120/><E120/><V83/><F116/><W67/><G78/><T118/><D118/><U123/><E123/><V80/><F39/><W81/><G81/><T86/><D86/><N who="1" m="33387" /><E77/><V8/><F8/><W79/><G79/><T27/><D27/><N who="2" m="10314" /><F73/><W20/><G32/><T0/><D0/><U114/><E114/><V99/><F99/><N who="1" m="37897" /><E22/><V71/><F71/><W10/><G72/><T51/><D14/><U60/><E95/><V18/><F76/><W68/><G74/><T121/><D121/><U59/><AGARI ba="1,0" hai="42,47,49,53,59,60,92,94" m="37897,33387" machi="59" ten="30,1100,0" yaku="8,1" doraHai="62" who="1" fromWho="1" sc="130,-4,139,14,414,-4,317,-6" /><INIT seed="4,0,0,4,3,114" ten="126,153,410,311" oya="0" hai0="70,78,119,11,35,97,57,115,61,8,95,74,79" hai1="101,112,59,99,65,22,49,77,60,9,117,110,100" hai2="51,20,132,89,33,53,55,12,104,81,27,21,122" hai3="32,14,7,76,93,44,129,90,58,107,120,118,130"/><T16/><D115/><U34/><E112/><V127/><F122/><W56/><G107/><T6/><D35/><U73/><E34/><V123/><F123/><W135/><G120/><T23/><D70/><U121/><E110/><V10/><F132/><W48/><G32/><T62/><D119/><U68/><E101/><V103/><F127/><W131/><G76/><T102/><D61/><U37/><E37/><V126/><F126/><W24/><G135/><T64/><D8/><U29/><E9/><V113/><F113/><W50/><G24/><T52/><D64/><U54/><E121/><V87/><F103/><W67/><G48/><T82/><D82/><U46/><E77/><V69/><F69/><W83/><G83/><T1/><REACH who="0" step="1"/><D74/><REACH who="0" ten="116,153,410,311" step="2"/><U43/><E73/><V96/><F33/><W85/><G118/><T38/><D38/><U108/><E117/><V31/><F21/><W105/><G67/><T4/><D4/><U3/><E68/><V72/><F72/><W25/><G7/><T5/><D5/><U63/><E63/><V0/><F0/><W94/><G50/><T86/><D86/><U2/><E108/><V109/><F51/><W30/><G85/><T36/><D36/><U98/><E65/><V125/><F125/><W116/><G116/><T91/><D91/><U13/><E3/><V45/><F109/><W111/><G90/><T47/><D47/><U124/><E124/><V71/><F45/><W106/><G44/><T28/><D28/><U84/><E2/><V18/><F71/><W80/><G111/><T39/><D39/><U134/><E46/><RYUUKYOKU ba="0,1" sc="116,15,153,-15,410,15,311,-15" hai0="1,6,11,16,23,52,57,62,78,79,95,97,102" hai2="10,12,18,20,27,31,53,55,81,87,89,96,104" /><INIT seed="4,1,1,1,3,13" ten="131,138,425,296" oya="0" hai0="113,87,58,41,109,0,44,130,32,33,111,65,31" hai1="131,54,53,5,120,64,121,133,89,123,132,36,60" hai2="93,91,59,26,35,49,99,107,96,1,2,129,92" hai3="15,88,127,122,80,55,90,8,9,66,97,48,108"/><T119/><D119/><U70/><E5/><V61/><F107/><W98/><G108/><N who="0" m="41547" /><D113/><U10/><E10/><V16/><F129/><W103/><G127/><T4/><D87/><U86/><E131/><V30/><F49/><W79/><G122/><T28/><D130/><U12/><E12/><V84/><F84/><N who="3" m="48159" /><G66/><T3/><D58/><U14/><E14/><V125/><F125/><W50/><G8/><N who="0" m="2055" /><D3/><U24/><E36/><V126/><F126/><W85/><G48/><N who="0" m="26639" /><D65/><U52/><REACH who="1" step="1"/><E24/><REACH who="1" ten="131,128,425,296" step="2"/><V95/><F1/><W94/><G15/><T104/><D104/><U114/><E114/><V7/><F7/><W102/><G9/><T17/><D17/><U42/><E42/><V22/><F2/><W78/><G55/><T72/><D72/><U74/><E74/><V82/><F35/><AGARI ba="1,2" hai="28,31,32,33,35" m="26639,2055,41547" machi="35" ten="30,1500,0" yaku="10,1" doraHai="13" who="0" fromWho="2" sc="131,38,128,0,425,-18,296,0" /><INIT seed="4,2,0,5,1,96" ten="169,128,407,296" oya="0" hai0="53,113,83,12,115,10,89,32,79,116,51,73,117" hai1="112,38,52,1,8,80,9,68,6,45,20,94,98" hai2="35,54,60,92,22,105,24,85,90,46,11,102,13" hai3="72,126,4,131,39,130,71,128,69,62,5,37,101"/><T44/><D32/><U70/><E112/><N who="0" m="43081" /><D89/><U74/><E9/><V63/><F35/><W7/><G72/><T2/><D2/><U42/><E20/><V26/><F26/><W16/><G126/><T100/><D100/><U47/><E47/><V124/><F124/><W106/><G16/><AGARI ba="2,0" hai="10,12,16,44,51,53,73,79,83,116,117" m="43081" machi="16" ten="30,2900,0" yaku="15,1,54,1" doraHai="96" who="0" fromWho="3" sc="169,35,128,0,407,0,296,-35" /><INIT seed="4,3,0,2,3,116" ten="204,128,407,261" oya="0" hai0="48,92,100,36,85,118,58,30,49,67,57,64,38" hai1="91,65,46,32,44,82,60,119,133,128,15,27,75" hai2="113,3,123,59,53,114,9,35,129,95,28,21,4" hai3="134,104,70,68,112,12,80,121,39,52,40,43,87"/><T109/><D118/><U106/><E119/><V132/><F129/><W111/><G111/><T101/><D85/><U1/><E1/><V98/><F132/><W62/><G104/><T126/><D92/><U115/><E106/><V6/><F4/><W117/><G117/><T56/><D30/><U31/><E128/><V42/><F42/><W29/><G29/><T47/><D47/><U18/><E115/><N who="2" m="44043" /><F35/><W61/><G112/><T7/><D7/><U63/><E63/><N who="2" m="36335" /><F21/><W107/><G107/><T122/><D122/><U120/><E133/><V13/><F28/><W26/><G134/><T90/><D90/><U110/><E110/><V88/><F123/><W103/><G121/><T66/><D126/><U37/><E37/><N who="0" m="14441" /><D109/><U17/><E17/><V5/><F5/><W79/><G103/><AGARI ba="3,0" hai="48,49,56,57,58,64,66,67,100,101,103" m="14441" machi="103" ten="40,3900,0" yaku="28,2" doraHai="116" who="0" fromWho="3" sc="204,48,128,0,407,0,261,-48" /><INIT seed="4,4,0,4,1,111" ten="252,128,407,213" oya="0" hai0="130,41,83,135,31,50,80,110,126,94,19,108,55" hai1="91,45,9,124,119,39,38,123,85,76,118,1,121" hai2="115,97,43,131,26,101,40,17,14,27,93,47,86" hai3="112,66,12,96,132,92,15,48,72,68,58,103,89"/><T120/><D120/><U42/><E91/><V133/><F115/><W5/><G72/><T56/><D126/><U105/><E85/><V65/><F133/><W104/><G132/><T79/><D130/><U18/><E18/><V117/><F131/><W87/><G112/><T75/><D41/><U102/><E76/><V106/><F117/><N who="1" m="44553" /><E102/><V57/><F43/><W99/><G68/><T6/><D135/><U114/><E114/><V32/><F32/><W74/><G5/><T98/><D83/><U7/><E105/><V107/><F107/><W20/><G74/><T71/><D31/><U52/><E52/><V134/><F134/><W113/><G113/><T78/><D78/><U77/><E77/><V37/><F86/><W44/><G99/><T49/><D6/><U127/><E39/><V122/><F122/><AGARI ba="4,0" hai="1,7,9,38,42,45,121,122,123,124,127" m="44553" machi="122" ten="30,1000,0" yaku="23,1" doraHai="111" who="1" fromWho="2" sc="252,0,128,22,407,-22,213,0" /><INIT seed="5,0,0,5,2,4" ten="252,150,385,213" oya="1" hai0="107,90,93,35,2,131,55,22,59,130,73,83,100" hai1="87,99,53,120,117,116,125,61,109,81,111,94,62" hai2="67,9,60,89,34,56,46,51,31,25,98,45,1" hai3="42,86,97,84,24,63,30,114,10,88,127,108,119"/><U129/><E53/><V41/><F45/><W115/><G108/><N who="1" m="41546" /><E62/><V49/><F98/><W44/><G127/><T57/><D55/><U76/><E61/><V52/><F89/><W6/><G63/><T110/><D57/><U64/><E64/><V8/><REACH who="2" step="1"/><F1/><REACH who="2" ten="252,150,375,213" step="2"/><W123/><G97/><T95/><D2/><U16/><E125/><V70/><AGARI ba="0,1" hai="8,9,25,31,34,41,46,49,51,52,56,60,67,70" machi="70" ten="20,12000,2" yaku="1,1,2,1,0,1,7,1,52,2,54,1,53,0" doraHai="4" doraHaiUra="12" who="2" fromWho="2" sc="252,-30,150,-60,375,130,213,-30" /><INIT seed="6,0,0,0,3,58" ten="222,90,505,183" oya="2" hai0="104,42,70,107,86,74,0,96,38,90,23,134,60" hai1="46,16,133,45,25,129,106,103,7,54,109,97,33" hai2="22,125,27,112,6,66,68,55,71,44,11,26,131" hai3="67,52,10,50,114,4,75,135,40,121,35,63,31"/><V89/><F112/><W34/><G121/><T24/><D74/><U51/><E109/><V77/><F131/><W95/><G75/><T3/><D134/><U64/><E133/><V128/><F77/><W92/><G135/><T8/><D42/><U62/><E129/><V5/><F128/><W59/><G40/><T130/><D38/><U116/><E7/><V87/><F6/><W126/><G126/><T39/><D39/><U115/><E115/><V113/><F27/><W94/><G31/><T111/><D8/><U37/><E116/><V85/><F66/><W18/><G18/><T120/><D111/><U12/><E37/><V30/><F85/><W83/><G83/><T108/><D120/><U81/><E81/><V122/><F113/><W73/><G73/><T117/><D117/><U56/><E25/><V43/><F55/><W93/><N who="3" m="23552" /><DORA hai="84" /><W88/><G88/><T49/><D90/><U105/><E105/><V110/><F110/><W47/><REACH who="3" step="1"/><G114/><REACH who="3" ten="222,90,505,173" step="2"/><T79/><D130/><U32/><REACH who="1" step="1"/><E46/><REACH who="1" ten="222,80,505,173" step="2"/><V118/><F118/><W41/><G41/><T98/><D108/><U57/><E57/><V124/><F122/><W99/><G99/><T21/><D98/><U72/><E72/><V76/><F125/><W100/><G100/><T127/><D96/><U20/><AGARI ba="0,2" hai="12,16,20,32,33,45,51,54,56,62,64,97,103,106" machi="20" ten="20,12000,2" yaku="1,1,0,1,7,1,52,1,54,1,53,1" doraHai="58,84" doraHaiUra="1,17" who="1" fromWho="1" sc="222,-30,80,140,505,-60,173,-30" /><INIT seed="7,0,0,1,4,128" ten="192,220,445,143" oya="3" hai0="52,104,37,63,131,19,124,120,77,40,71,91,55" hai1="17,11,115,113,110,98,114,132,7,47,31,82,72" hai2="23,2,118,79,53,89,108,68,90,5,109,116,51" hai3="95,36,92,106,43,107,3,84,101,44,39,67,22"/><W41/><G3/><T21/><D131/><U27/><E110/><V78/><F68/><W80/><G67/><T38/><D124/><U42/><E98/><V133/><F133/><W60/><G60/><T1/><D77/><N who="1" m="44327" /><E17/><V64/><F64/><W125/><G22/><T10/><D104/><U29/><E27/><V129/><F129/><W12/><G12/><T0/><D38/><N who="1" m="21975" /><E132/><V103/><F103/><W88/><G125/><T121/><D1/><AGARI ba="0,0" hai="1,7,11,29,31,113,114,115" m="21975,44327" machi="1" ten="30,2000,0" yaku="25,1,15,1" doraHai="128" who="1" fromWho="0" sc="192,-20,220,20,445,0,143,0" owari="172,-23.0,240,4.0,445,55.0,143,-36.0" /></mjloggm>