<mjloggm ver="2.3"><GO type="41" lobby="0"/><UN n0="%6E%69%69%74%6F%62%65" n1="%E2%93%9D%53%75%70%68%78" n2="%E3%82%A8%E3%83%AA%E3%82%A8%E3%83%BC%E3%83%B3" n3="%E3%81%82%E3%81%84%E3%81%AF" dan="14,18,13,13" rate="1969.32,2101.84,1853.46,1886.66" sx="M,M,M,F"/><TAIKYOKU oya="0"/><INIT seed="0,0,0,3,4,2" ten="250,250,250,250" oya="0" hai0="100,124,73,80,118,112,35,97,116,23,115,20,5" hai1="6,95,63,44,1,89,19,62,4,69,91,40,84" hai2="31,90,127,56,32,70,113,17,74,107,45,121,66" hai3="53,51,132,10,33,125,114,123,11,96,47,83,105"/><T54/><D35/><U37/><E1/><V117/><F74/><W131/><G33/><T48/><D23/><U0/><E0/><V85/><F121/><W9/><G123/><T50/><D50/><U119/><E119/><V16/><F107/><W39/><G114/><T104/><D20/><U110/><E110/><V101/><F101/><W7/><G132/><T55/><D55/><U130/><E130/><V78/><F78/><W122/><G122/><T77/><D5/><U58/><E19/><V75/><F75/><W30/><G131/><T27/><D27/><U22/><E22/><V42/><F70/><W98/><G30/><T43/><D43/><U26/><E26/><V133/><F133/><W76/><G39/><T88/><D124/><U108/><E108/><V24/><F127/><W29/><G29/><T36/><D36/><U64/><REACH who="1" step="1"/><E91/><REACH who="1" ten="250,240,250,250" step="2"/><V94/><F117/><W60/><G125/><T13/><D118/><U12/><E12/><V34/><F34/><W126/><G126/><T59/><D13/><U46/><E46/><V128/><F128/><W3/><G47/><T120/><D116/><U71/><E71/><V68/><F68/><W49/><G3/><T28/><D28/><U61/><E61/><V38/><F113/><W92/><G60/><T87/><REACH who="0" step="1"/><D120/><REACH who="0" ten="240,240,250,250" step="2"/><U52/><AGARI ba="0,2" hai="4,6,37,40,44,52,58,62,63,64,69,84,89,95" machi="52" ten="20,12000,2" yaku="1,1,0,1,7,1,52,2,54,1,53,0" doraHai="2" doraHaiUra="102" who="1" fromWho="1" sc="240,-60,240,140,250,-30,250,-30" /><INIT seed="1,0,0,0,5,133" ten="180,380,220,220" oya="1" hai0="124,117,18,30,102,24,3,70,7,130,44,73,36" hai1="128,104,8,89,93,19,66,132,37,1,85,11,107" hai2="0,59,77,119,9,45,125,68,20,129,84,123,122" hai3="79,4,54,120,55,99,42,31,26,110,6,34,131"/><U13/><E128/><V97/><F68/><W103/><G131/><T23/><D70/><U82/><E132/><V43/><F119/><W126/><G120/><T49/><D36/><U91/><E37/><V50/><F129/><W112/><G42/><T57/><D130/><U115/><E115/><V95/><F77/><W78/><G112/><T46/><D73/><U101/><E101/><V67/><F84/><W53/><G110/><T81/><D117/><U83/><E66/><V14/><F0/><W32/><G32/><T29/><D102/><U74/><E74/><V2/><F2/><W96/><G96/><T134/><D134/><U51/><E51/><V69/><F20/><W22/><G34/><T65/><D46/><U86/><REACH who="1" step="1"/><E93/><REACH who="1" ten="180,370,220,220" step="2"/><V109/><F95/><W56/><G103/><T25/><D65/><U90/><E90/><V16/><F50/><W33/><G79/><T118/><D49/><U88/><E88/><V127/><F67/><W116/><G78/><T38/><D38/><U12/><E12/><V10/><F122/><W17/><G116/><T27/><D3/><U76/><E76/><V21/><F123/><W40/><G26/><T100/><D25/><U114/><E114/><V72/><F72/><W35/><G35/><T61/><D27/><U106/><E106/><V62/><F14/><W105/><G33/><T60/><D24/><U41/><E41/><V108/><F43/><W98/><G40/><T63/><D118/><U87/><E87/><V64/><F64/><W15/><G15/><T48/><D100/><U94/><E94/><V121/><F121/><RYUUKYOKU ba="0,1" sc="180,-10,370,30,220,-10,220,-10" hai1="1,8,11,13,19,82,83,85,86,89,91,104,107" /><INIT seed="1,1,1,3,0,3" ten="170,400,210,210" oya="1" hai0="77,135,125,102,44,70,117,24,87,10,132,46,131" hai1="98,124,31,129,14,55,119,120,11,76,68,122,48" hai2="35,83,0,61,47,72,57,49,69,36,130,62,51" hai3="89,63,92,128,18,60,29,79,110,133,27,22,121"/><U107/><E119/><V113/><F72/><W106/><G106/><T54/><D117/><U109/><E68/><V26/><F35/><W28/><G121/><T7/><D70/><U17/><E129/><V73/><F0/><W6/><G128/><T32/><D131/><U105/><E124/><V12/><F26/><W4/><G133/><N who="0" m="51275" /><D125/><U94/><E109/><V78/><F130/><W9/><G79/><T108/><D108/><U82/><E31/><N who="3" m="11850" /><G9/><T8/><D24/><U84/><E122/><V2/><F2/><W74/><G74/><T116/><D32/><U53/><E53/><V115/><F78/><W127/><G127/><T50/><D102/><U123/><E123/><V71/><F12/><W5/><G110/><T40/><D116/><U39/><E39/><V80/><F73/><W64/><G64/><T13/><D10/><U85/><E120/><V45/><F57/><W1/><G1/><T86/><D77/><U58/><REACH who="1" step="1"/><E85/><AGARI ba="1,1" hai="4,5,6,18,22,27,60,63,85,89,92" m="11850" machi="85" ten="30,7700,0" yaku="8,1,52,3" doraHai="3" who="3" fromWho="1" sc="170,0,400,-80,210,0,210,90" /><INIT seed="2,0,0,1,2,77" ten="170,320,210,300" oya="2" hai0="117,50,54,121,95,43,103,75,66,118,52,115,131" hai1="4,61,37,101,104,59,56,5,100,22,133,40,38" hai2="48,67,87,82,116,1,83,53,135,36,24,120,128" hai3="15,72,0,47,105,97,93,132,125,18,107,86,134"/><V14/><F1/><W8/><G0/><T62/><D115/><U31/><E133/><N who="3" m="51306" /><G72/><T108/><D75/><U84/><E104/><V29/><F116/><N who="0" m="44650" /><D121/><U94/><E40/><V60/><F36/><W90/><G125/><T76/><D76/><U109/><E109/><V130/><F120/><W99/><G47/><N who="0" m="25983" /><D108/><U122/><E122/><V112/><F112/><W63/><G63/><T12/><D12/><U35/><E61/><V3/><F3/><W57/><G57/><N who="0" m="37199" /><D131/><N who="2" m="50218" /><F87/><W28/><G28/><T21/><D21/><U127/><E22/><N who="2" m="15511" /><F14/><W13/><G13/><T92/><D103/><U70/><E101/><V25/><F25/><W68/><G68/><T80/><D80/><N who="2" m="30762" /><F135/><W74/><G74/><T32/><D32/><U20/><E35/><V129/><N who="2" m="50226" /><V88/><DORA hai="123" /><F88/><N who="3" m="55463" /><G99/><T33/><D33/><U49/><E100/><V113/><F113/><W34/><G34/><T10/><D95/><AGARI ba="0,0" hai="8,15,18,86,90,95,105,107" m="55463,51306" machi="95" ten="30,2000,0" yaku="20,1,54,1" doraHai="77,123" who="3" fromWho="0" sc="170,-20,320,0,210,0,300,20" /><INIT seed="3,0,0,0,2,42" ten="150,320,210,320" oya="3" hai0="117,47,38,51,80,22,121,2,91,33,120,105,52" hai1="102,81,25,109,18,48,135,116,129,98,71,45,31" hai2="55,107,37,26,70,32,64,0,94,100,58,87,44" hai3="30,124,67,28,76,35,61,8,103,15,62,131,106"/><W114/><G114/><T108/><D33/><U4/><E109/><V60/><F0/><W5/><G35/><T59/><D105/><U14/><E71/><V132/><F132/><W36/><G36/><T112/><D117/><U57/><E129/><V63/><F87/><W84/><G131/><T23/><D108/><U77/><E57/><V74/><F74/><W111/><G111/><T56/><D112/><U126/><E126/><V1/><F1/><W88/><G76/><T12/><D2/><U122/><E122/><V104/><F94/><W29/><G124/><T16/><D23/><U92/><E4/><V134/><F134/><W83/><REACH who="3" step="1"/><G67/><REACH who="3" ten="150,320,210,310" step="2"/><T68/><D121/><U90/><E135/><V21/><F32/><W65/><G65/><T79/><D120/><U7/><E77/><V6/><F37/><W39/><G39/><T13/><D38/><U9/><E116/><V19/><F64/><W73/><G73/><T40/><D68/><U3/><E3/><V95/><F70/><W11/><G11/><T96/><D79/><U41/><E9/><V53/><F21/><W82/><G82/><T110/><D80/><U127/><E81/><V78/><F78/><W43/><G43/><T24/><D110/><U123/><E127/><V20/><F20/><W69/><G69/><T86/><D40/><U133/><E133/><V97/><F104/><W34/><G34/><T27/><D27/><U50/><E25/><V75/><F107/><W119/><G119/><T85/><D24/><U10/><E123/><V118/><F75/><W115/><G115/><T130/><D130/><RYUUKYOKU ba="0,1" sc="150,-10,320,-10,210,-10,310,30" hai3="5,8,15,28,29,30,61,62,83,84,88,103,106" /><INIT seed="3,1,1,5,1,53" ten="140,310,200,340" oya="3" hai0="130,35,43,129,3,48,56,84,25,91,114,72,117" hai1="78,12,64,61,133,27,0,100,119,93,127,47,17" hai2="81,6,125,7,103,13,5,69,11,21,82,9,60" hai3="40,77,42,71,134,88,4,62,85,128,132,66,73"/><W120/><G120/><T92/><D117/><U14/><E0/><V108/><F103/><W102/><G128/><N who="0" m="49259" /><D72/><U123/><E133/><N who="3" m="51306" /><G102/><T33/><D3/><U28/><E127/><V107/><F107/><W83/><G4/><T115/><D43/><U86/><E47/><V59/><F69/><W87/><G87/><T94/><D94/><AGARI ba="1,1" hai="40,42,62,66,71,73,77,83,85,88,94" m="51306" machi="94" ten="30,2900,0" yaku="20,1,54,1" doraHai="53" who="3" fromWho="0" sc="140,-32,310,0,200,0,340,42" /><INIT seed="3,2,0,5,5,135" ten="108,310,200,382" oya="3" hai0="66,3,12,16,65,44,20,63,126,24,30,1,70" hai1="119,11,86,19,9,127,120,132,89,98,111,123,114" hai2="34,41,46,33,58,57,7,83,21,128,81,22,61" hai3="106,104,48,67,0,40,95,88,116,15,53,39,87"/><W82/><G0/><T79/><D79/><U93/><E114/><V74/><F128/><W100/><G116/><T38/><D66/><U109/><E11/><V112/><F7/><W55/><G67/><T125/><D38/><U103/><E19/><V85/><F112/><W110/><G110/><N who="1" m="41994" /><E9/><V77/><F33/><W130/><G130/><T31/><D44/><U97/><E132/><V80/><F34/><W91/><G39/><T124/><REACH who="0" step="1"/><D30/><REACH who="0" ten="98,310,200,382" step="2"/><U101/><E119/><V73/><F46/><W133/><G133/><T84/><D84/><U107/><E127/><V122/><F85/><W60/><G87/><T92/><D92/><AGARI ba="2,1" hai="86,89,92,93,97,98,101,103,107,120,123" m="41994" machi="92" ten="30,3900,0" yaku="14,1,34,2" doraHai="135" who="1" fromWho="0" sc="98,-45,310,55,200,0,382,0" /><INIT seed="4,0,0,3,5,27" ten="53,365,200,382" oya="0" hai0="64,69,82,98,92,118,8,65,7,15,100,72,6" hai1="14,49,88,13,36,4,22,37,54,9,62,21,56" hai2="134,85,135,91,71,51,80,79,68,23,19,2,44" hai3="132,34,121,87,89,17,120,31,55,38,47,119,117"/><T93/><D118/><N who="3" m="45065" /><G17/><T60/><D65/><U101/><E101/><V105/><F105/><W84/><G132/><N who="2" m="50729" /><F2/><W66/><G66/><T52/><D72/><U18/><E22/><V58/><F58/><W50/><G38/><T103/><D82/><U94/><REACH who="1" step="1"/><E62/><REACH who="1" ten="53,355,200,382" step="2"/><V53/><F23/><W123/><G89/><T114/><D114/><U122/><E122/><V43/><F91/><W107/><G107/><T46/><D103/><U78/><E78/><V16/><F68/><W83/><G83/><T26/><D26/><AGARI ba="0,1" hai="26,31,34,47,50,55,84,87,120,121,123" m="45065" machi="26" ten="40,2600,0" yaku="13,1,52,1" doraHai="27" who="3" fromWho="0" sc="53,-26,355,0,200,0,382,36" /><INIT seed="5,0,0,3,3,89" ten="27,355,200,418" oya="1" hai0="47,75,97,25,38,14,65,4,62,41,79,94,118" hai1="121,10,42,31,24,128,111,133,84,30,50,40,131" hai2="3,115,135,86,103,101,92,116,0,8,125,129,48" hai3="90,132,80,21,33,113,106,112,98,117,36,78,52"/><U61/><E121/><V63/><F116/><W9/><G33/><T87/><D118/><U102/><E133/><V82/><F135/><W83/><G36/><T126/><D126/><U45/><E111/><V109/><F109/><W11/><G132/><T22/><D75/><U35/><E31/><V71/><F129/><N who="1" m="49737" /><E61/><V73/><F73/><W108/><G108/><T53/><D53/><N who="1" m="29903" /><E102/><V134/><F125/><W60/><G117/><T91/><D4/><U28/><E28/><V7/><F103/><W29/><G106/><T124/><D14/><U72/><E72/><V68/><F0/><W16/><G29/><T6/><D6/><U58/><E58/><V56/><F48/><W1/><G1/><T104/><D124/><U27/><E27/><V114/><F134/><W123/><G123/><T120/><D120/><U64/><E64/><V81/><F68/><W99/><G99/><T88/><D104/><U39/><E39/><V5/><F71/><W76/><G76/><T69/><D79/><U17/><E84/><V51/><F7/><W93/><G83/><T70/><D70/><U12/><AGARI ba="0,0" hai="10,12,17,24,30,35,40,42" m="29903,49737" machi="12" ten="30,1500,0" yaku="19,1" doraHai="89" who="1" fromWho="1" sc="27,-5,355,15,200,-5,418,-5" /><INIT seed="5,1,0,3,0,112" ten="22,370,195,413" oya="1" hai0="12,23,19,69,71,90,96,25,95,109,128,1,89" hai1="92,59,133,3,120,31,72,115,129,17,65,33,53" hai2="81,39,119,122,14,85,94,121,83,35,0,134,50" hai3="68,42,15,26,114,97,131,132,57,87,4,13,111"/><U28/><E120/><V77/><F39/><W103/><G114/><T24/><D128/><U118/><E115/><V29/><F0/><W130/><G68/><T126/><D126/><U27/><E72/><V64/><F64/><W113/><G113/><T44/><D109/><U30/><E3/><V88/><F29/><W106/><G111/><T110/><D110/><U47/><E133/><V38/><F35/><W79/><G132/><T5/><D71/><U22/><E129/><N who="3" m="49162" /><G4/><T117/><D69/><U78/><E78/><V56/><F38/><W74/><G74/><T45/><D117/><U63/><E92/><V20/><F134/><W37/><G42/><T80/><D1/><U49/><REACH who="1" step="1"/><E33/><REACH who="1" ten="22,360,195,413" step="2"/><V91/><F121/><W102/><G79/><T40/><D95/><U43/><E43/><V73/><F122/><W36/><G106/><T21/><D40/><U58/><E58/><V123/><F123/><W86/><G57/><T108/><D45/><U67/><E67/><V75/><F73/><W34/><G34/><T9/><D44/><U116/><AGARI ba="1,1" hai="17,22,27,28,30,31,47,49,53,59,63,65,116,118" machi="116" ten="30,11700,0" yaku="1,1,0,1,52,2,53,0" doraHai="112" doraHaiUra="2" who="1" fromWho="1" sc="22,-40,360,130,195,-40,413,-40" owari="-18,-52.0,490,59.0,155,-24.0,373,17.0" /></mjloggm>