<mjloggm ver="2.3"><GO type="41" lobby="0"/><UN n0="%74%6F%6D%6F%7A%6F%75%40" n1="%E2%93%9D%53%75%70%68%78" n2="%E8%8B%A5%E7%99%BD%E9%AB%AA%E4%BC%AF%E7%88%B5" n3="%E7%94%A3%E5%9C%B0%E7%9B%B4%E9%80%81%E3%83%8B%E3%83%BC%E3%82%BD" dan="13,18,14,13" rate="1960.66,2133.50,1985.42,1817.45" sx="M,M,M,M"/><TAIKYOKU oya="0"/><INIT seed="0,0,0,0,2,1" ten="250,250,250,250" oya="0" hai0="101,71,39,24,88,3,48,78,135,50,66,86,133" hai1="76,93,56,112,111,67,31,12,116,18,125,117,47" hai2="27,58,121,40,51,54,124,37,115,15,129,68,105" hai3="55,99,44,22,122,81,119,100,19,97,53,52,4"/><T83/><D39/><U120/><E120/><V107/><F68/><W91/><G119/><T23/><D101/><U96/><E125/><V60/><F115/><W21/><G122/><T42/><D3/><U130/><E130/><V110/><F129/><W106/><G44/><T126/><D126/><U70/><E111/><V59/><F110/><W49/><G49/><T94/><D42/><U134/><E134/><N who="0" m="51209" /><D66/><U89/><E112/><V87/><F40/><W5/><G21/><T109/><D71/><U35/><E67/><V80/><F37/><W36/><G36/><T84/><D109/><U28/><E35/><V104/><F121/><W0/><G0/><T8/><D8/><U128/><E128/><V85/><F85/><W41/><G41/><T45/><D45/><U63/><E47/><V131/><F131/><W98/><G81/><T77/><D77/><U33/><E76/><V73/><F73/><W10/><G10/><T123/><D123/><U6/><E117/><V26/><F15/><W29/><G29/><AGARI ba="0,0" hai="23,24,29,48,50,78,83,84,86,88,94" m="51209" machi="29" ten="30,2900,0" yaku="20,1,54,1" doraHai="1" who="0" fromWho="3" sc="250,29,250,0,250,0,250,-29" /><INIT seed="0,1,0,4,1,135" ten="279,250,250,221" oya="0" hai0="22,124,31,78,7,29,58,84,82,126,13,17,69" hai1="63,127,130,112,75,86,23,87,4,81,20,77,67" hai2="8,1,41,16,38,42,34,37,48,35,21,14,131" hai3="3,118,101,132,115,106,28,123,36,117,133,27,74"/><T59/><D69/><U114/><E130/><V64/><F64/><W61/><G36/><T65/><D7/><U79/><E4/><V88/><F131/><W33/><G74/><T24/><D65/><U55/><E55/><V99/><F38/><W97/><G3/><T95/><D95/><U32/><E32/><V91/><F37/><W109/><G109/><T85/><D85/><U119/><E119/><V80/><F1/><W70/><G115/><N who="1" m="44074" /><E127/><N who="0" m="48681" /><D31/><U52/><E67/><V46/><F35/><AGARI ba="1,0" hai="13,17,22,24,29,35,58,59,78,82,84" m="48681" machi="35" ten="30,11600,0" yaku="18,1,52,3" doraHai="135" who="0" fromWho="2" sc="279,119,250,0,250,-119,221,0" /><INIT seed="0,2,0,1,4,97" ten="398,250,131,221" oya="0" hai0="99,48,82,1,2,80,23,41,88,32,12,26,36" hai1="37,79,133,66,113,14,100,54,106,127,73,111,61" hai2="57,45,43,22,52,51,91,18,70,135,132,104,27" hai3="119,8,77,21,19,38,39,98,95,93,124,69,24"/><T60/><D36/><U71/><E111/><V85/><F70/><W68/><G119/><T40/><D32/><U94/><E127/><V56/><F104/><W50/><G124/><T122/><D122/><U11/><E133/><V130/><F130/><W96/><G77/><T28/><D2/><U86/><E37/><V55/><F43/><W58/><G68/><T53/><D1/><U116/><E113/><V126/><F126/><W67/><G69/><T107/><D60/><U47/><E106/><V123/><F123/><W131/><G131/><T108/><D108/><U64/><E73/><V25/><F25/><W4/><G38/><T34/><D34/><U83/><E116/><V42/><F42/><N who="0" m="16490" /><D107/><U74/><E74/><V89/><F45/><W129/><G39/><T84/><D99/><N who="1" m="59511" /><E71/><V120/><F120/><W121/><G98/><T117/><D117/><U9/><E9/><V76/><F76/><W92/><G96/><T49/><D12/><U44/><E61/><V101/><F101/><W33/><G33/><T29/><D82/><U109/><E109/><V10/><F10/><W5/><G121/><T105/><D105/><U59/><E66/><V13/><F27/><W6/><G67/><T118/><D118/><U128/><E64/><V81/><REACH who="2" step="1"/><F89/><REACH who="2" ten="398,250,121,221" step="2"/><W134/><G129/><T31/><D49/><AGARI ba="2,1" hai="13,18,22,49,51,52,55,56,57,81,85,91,132,135" machi="49" ten="40,8000,1" yaku="1,1,2,1,9,1,54,1,53,0" doraHai="97" doraHaiUra="90" who="2" fromWho="0" sc="398,-86,250,0,121,96,221,0" /><INIT seed="1,0,0,1,3,20" ten="312,250,217,221" oya="1" hai0="132,51,9,120,106,41,79,117,102,40,67,49,70" hai1="88,110,126,58,25,116,50,134,122,86,125,92,111" hai2="5,97,39,112,72,12,93,57,35,17,99,55,24" hai3="18,74,73,107,63,36,118,23,82,60,80,121,38"/><U105/><E122/><V26/><F72/><W77/><G107/><T96/><D117/><U31/><E105/><V16/><F39/><W87/><G121/><T62/><D120/><U34/><E116/><V104/><F104/><W83/><G118/><T27/><D132/><U84/><E134/><V45/><F45/><W98/><G98/><N who="2" m="37385" /><F93/><W101/><G101/><T4/><D79/><U61/><E50/><N who="2" m="30967" /><F35/><W94/><G94/><T14/><D51/><U68/><E68/><V85/><F85/><W76/><G87/><T48/><D49/><U37/><E86/><V46/><F46/><W78/><G18/><N who="2" m="7273" /><F112/><W123/><G23/><T133/><D133/><U130/><E37/><N who="3" m="14442" /><G123/><T42/><REACH who="0" step="1"/><D48/><REACH who="0" ten="302,250,217,221" step="2"/><U119/><E119/><V59/><F59/><W11/><G11/><AGARI ba="0,1" hai="5,11,12,24,26" m="7273,30967,37385" machi="11" ten="30,7700,0" yaku="8,1,52,2,54,1" doraHai="20" who="2" fromWho="3" sc="302,0,250,0,217,87,221,-77" /><INIT seed="2,0,0,1,2,34" ten="302,250,304,144" oya="2" hai0="4,37,17,15,96,132,76,66,24,57,45,46,41" hai1="29,31,56,18,103,26,62,127,7,64,58,102,100" hai2="59,92,67,40,84,44,71,14,1,21,28,89,3" hai3="116,55,83,104,117,79,105,120,53,36,109,2,93"/><V114/><F71/><W69/><G120/><T135/><D76/><U112/><E112/><V61/><F114/><W19/><G109/><T123/><D123/><U82/><E127/><V118/><F118/><W43/><G93/><T38/><D4/><U81/><E7/><V25/><REACH who="2" step="1"/><F14/><REACH who="2" ten="302,250,294,144" step="2"/><W63/><G69/><T119/><D119/><U80/><E58/><V27/><F27/><W97/><G116/><T39/><D24/><U52/><E64/><V78/><F78/><W131/><G117/><T98/><D66/><U6/><E6/><V10/><F10/><W113/><G113/><T86/><D57/><U22/><AGARI ba="0,1" hai="18,22,26,29,31,52,56,62,80,81,82,100,102,103" machi="22" ten="40,5200,0" yaku="0,1,8,1,54,1" doraHai="34" who="1" fromWho="1" sc="302,-13,250,62,294,-26,144,-13" /><INIT seed="3,0,0,2,2,66" ten="289,312,268,131" oya="3" hai0="17,43,134,106,26,81,8,44,15,19,84,114,74" hai1="35,112,76,29,46,93,59,86,25,78,54,60,1" hai2="117,11,87,126,71,5,52,92,67,109,24,42,48" hai3="75,73,101,3,2,82,94,85,9,47,111,124,22"/><W0/><G124/><T41/><D134/><U65/><E1/><V120/><F109/><W97/><G111/><T62/><D114/><U64/><E112/><V133/><F117/><W56/><G47/><T123/><D123/><U135/><E135/><V14/><F126/><W128/><G128/><T27/><D74/><U83/><E78/><V6/><F42/><W122/><G122/><T33/><D106/><U77/><E77/><V103/><F24/><W45/><G45/><T36/><D43/><U132/><E132/><V12/><F120/><W23/><G56/><T10/><D33/><U69/><E93/><V63/><F133/><W18/><G9/><T89/><REACH who="0" step="1"/><D62/><REACH who="0" ten="279,312,268,131" step="2"/><U4/><E35/><V108/><F108/><W116/><G116/><T58/><D58/><U28/><E59/><V125/><F125/><W99/><G73/><T50/><D50/><U98/><E60/><V21/><F21/><W57/><G75/><T72/><D72/><U68/><E46/><V115/><F115/><W90/><G57/><T38/><D38/><U32/><E32/><V129/><F63/><W61/><G61/><T102/><D102/><U96/><E65/><V100/><F67/><W30/><G23/><T110/><D110/><U79/><E64/><V70/><F129/><W55/><G55/><T118/><D118/><U95/><E54/><V104/><F104/><W37/><G37/><T39/><D39/><U40/><E40/><V80/><F52/><W127/><G127/><T16/><D16/><U7/><E29/><V31/><F31/><W130/><G30/><T119/><D119/><RYUUKYOKU ba="0,1" sc="279,30,312,-10,268,-10,131,-10" hai0="8,10,15,17,19,26,27,36,41,44,81,84,89" /><INIT seed="4,1,1,1,5,42" ten="309,302,258,121" oya="0" hai0="73,86,131,59,43,77,71,83,108,84,52,44,130" hai1="56,121,39,11,69,28,51,99,20,120,15,0,127" hai2="112,85,92,35,95,36,63,60,118,10,45,30,126" hai3="96,135,14,48,32,80,98,67,37,132,29,50,65"/><T134/><D134/><N who="3" m="51241" /><G14/><T66/><D71/><U104/><E39/><V115/><F126/><W103/><G80/><T91/><D66/><N who="3" m="25097" /><G29/><T1/><D1/><U68/><E127/><V81/><F118/><W124/><G32/><T21/><D108/><U106/><E0/><V114/><F30/><W119/><G103/><T64/><D64/><U79/><E69/><V3/><F35/><W27/><G27/><T6/><D6/><U123/><E79/><V40/><F95/><W9/><G9/><T54/><D21/><U105/><E68/><V62/><F92/><W75/><G75/><T7/><D7/><U12/><E11/><V87/><F81/><W82/><G82/><N who="0" m="49559" /><D86/><N who="2" m="32778" /><F3/><W76/><G76/><T2/><D59/><U89/><E56/><V88/><F10/><W33/><G33/><T133/><D2/><U116/><E123/><V16/><F16/><W22/><G22/><T97/><D97/><N who="3" m="37481" /><G119/><T25/><D25/><U4/><E116/><V55/><F88/><W31/><G31/><T102/><D102/><U90/><E90/><V78/><F78/><W19/><G37/><N who="0" m="21615" /><D133/><U100/><E89/><V107/><F55/><W34/><G34/><T61/><D61/><U110/><E100/><V49/><F36/><W46/><G19/><T41/><D41/><U94/><E28/><V125/><F125/><W8/><G8/><T93/><D93/><U57/><E94/><V5/><F5/><W72/><G72/><T18/><D18/><U109/><E4/><V13/><F13/><W74/><G74/><T111/><D111/><U129/><E110/><V17/><F17/><RYUUKYOKU ba="1,1" sc="309,15,302,-15,258,15,121,-15" hai0="52,54,73,77,83,130,131" hai2="40,45,49,60,62,63,107,112,114,115" /><INIT seed="4,2,1,0,4,74" ten="324,287,273,106" oya="0" hai0="52,91,9,14,114,59,120,82,18,104,30,31,126" hai1="101,56,78,6,19,116,32,42,106,51,38,33,50" hai2="57,93,12,94,36,8,109,47,58,22,62,117,100" hai3="0,34,16,21,107,45,53,43,70,1,97,103,73"/><T88/><D120/><U40/><E6/><V133/><F109/><W87/><G73/><T37/><D114/><U115/><E101/><V125/><F125/><W67/><G34/><T80/><D126/><U105/><E56/><V11/><F133/><W110/><G110/><T92/><D37/><U66/><E38/><V7/><F117/><W122/><G122/><T81/><D104/><U135/><E66/><V131/><F131/><W76/><G53/><T2/><D2/><U86/><E86/><V102/><F22/><W10/><G70/><T119/><D119/><U118/><E19/><V98/><F47/><W68/><G68/><T24/><D24/><U132/><REACH who="1" step="1"/><E78/><REACH who="1" ten="324,277,273,106" step="2"/><V20/><F36/><W112/><G67/><T39/><D39/><U134/><E134/><V77/><F77/><W124/><G124/><T26/><D26/><U99/><E99/><N who="2" m="59503" /><F57/><W28/><G76/><T96/><REACH who="0" step="1"/><D91/><REACH who="0" ten="314,277,273,106" step="2"/><U49/><E49/><AGARI ba="2,3" hai="9,14,18,30,31,49,52,59,80,81,82,88,92,96" machi="49" ten="40,12000,1" yaku="1,1,2,1,8,1,54,2,53,0" doraHai="74" doraHaiUra="63" who="0" fromWho="1" sc="314,156,277,-126,273,0,106,0" /><INIT seed="4,3,0,3,1,118" ten="470,151,273,106" oya="0" hai0="117,107,6,130,72,131,129,122,45,35,57,67,71" hai1="70,93,86,40,66,31,73,23,13,94,80,64,114" hai2="115,36,51,119,78,10,16,77,32,74,88,24,5" hai3="100,63,116,49,46,132,85,92,58,43,37,28,91"/><T69/><D117/><U29/><E73/><V54/><F36/><W128/><G116/><T124/><D124/><U112/><E40/><V113/><F119/><W15/><G128/><T90/><D107/><U105/><E105/><V11/><F32/><W7/><G132/><T89/><D72/><U135/><E13/><V21/><F74/><W126/><G126/><T108/><D108/><U18/><E18/><V26/><F26/><W75/><G75/><T60/><D35/><U48/><E48/><V34/><F34/><W38/><G28/><N who="1" m="10826" /><E23/><V106/><F106/><W59/><G100/><T65/><D6/><U110/><E70/><N who="0" m="26633" /><D122/><U42/><E42/><V17/><F17/><W79/><G79/><T87/><D45/><U22/><E22/><V120/><F120/><W55/><REACH who="3" step="1"/><G58/><REACH who="3" ten="470,151,273,96" step="2"/><T25/><D57/><U4/><E135/><V27/><F78/><W44/><G44/><T127/><D127/><U68/><E68/><V2/><F77/><W20/><G20/><T52/><D131/><U133/><E133/><V8/><F8/><AGARI ba="3,1" hai="7,8,15,37,38,43,46,49,55,59,63,85,91,92" machi="8" ten="40,1300,0" yaku="1,1,53,0" doraHai="118" doraHaiUra="123" who="3" fromWho="2" sc="470,0,151,0,273,-22,96,32" /><INIT seed="5,0,0,5,1,28" ten="470,151,251,128" oya="1" hai0="49,33,97,48,61,42,111,114,21,106,2,101,17" hai1="62,85,130,4,76,123,109,75,66,102,135,47,124" hai2="108,82,96,44,56,36,1,32,68,34,134,105,39" hai3="57,98,95,131,25,38,0,50,118,19,26,72,80"/><U65/><E123/><V99/><F108/><W77/><G38/><N who="2" m="14377" /><F44/><W122/><G122/><T63/><D111/><U92/><E130/><V121/><F56/><W132/><G132/><T12/><D114/><U3/><E124/><V90/><F90/><W53/><G0/><T115/><D115/><U29/><E75/><V93/><F82/><W45/><G131/><T43/><D2/><U10/><E135/><V13/><F13/><W16/><G118/><T23/><D33/><N who="2" m="12906" /><F93/><W117/><G117/><T52/><D12/><U129/><E92/><V41/><F41/><W128/><G128/><T67/><D43/><U9/><E129/><V15/><F15/><W88/><REACH who="3" step="1"/><G45/><REACH who="3" ten="470,151,251,118" step="2"/><T30/><D42/><U110/><E110/><V116/><F1/><W119/><G119/><T46/><D46/><U40/><E47/><V8/><F116/><W84/><G84/><T94/><D97/><U81/><E109/><V24/><F99/><W100/><G100/><T89/><D101/><U71/><E102/><V6/><F96/><W91/><G91/><T60/><D89/><U112/><E112/><V107/><F121/><W79/><G79/><T14/><D14/><U59/><E40/><V74/><F74/><W7/><G7/><T69/><D106/><U64/><E3/><N who="2" m="95" /><F134/><W104/><G104/><N who="2" m="40009" /><F24/><AGARI ba="0,1" hai="16,19,24,25,26,50,53,57,72,77,80,88,95,98" machi="24" ten="40,5200,0" yaku="1,1,54,2,53,0" doraHai="28" doraHaiUra="83" who="3" fromWho="2" sc="470,0,151,0,251,-52,118,62" /><INIT seed="6,0,0,1,3,114" ten="470,151,199,180" oya="2" hai0="65,90,43,38,6,91,23,111,13,126,98,77,25" hai1="30,26,33,72,48,73,96,107,55,4,53,69,21" hai2="45,66,104,86,110,59,133,27,97,42,125,5,75" hai3="31,101,2,14,106,12,123,102,37,135,52,83,79"/><V93/><F110/><W11/><G123/><T20/><D111/><U41/><E69/><V51/><F104/><W15/><G37/><T68/><D77/><U24/><E4/><V57/><F75/><W22/><G135/><T16/><D126/><U67/><E67/><V100/><F133/><W122/><G122/><T7/><D38/><U62/><E41/><V50/><F125/><W119/><G119/><T47/><D68/><U115/><E115/><V132/><F132/><W112/><G112/><T99/><D65/><U18/><E62/><V120/><F120/><W113/><G113/><T46/><D43/><U35/><E55/><N who="2" m="31991" /><F5/><W28/><G106/><T9/><D7/><U74/><E35/><V89/><F27/><W121/><G121/><T108/><D108/><U19/><E107/><V116/><F116/><W82/><G2/><T127/><D127/><U64/><E64/><V58/><F66/><W80/><G11/><T44/><D23/><U32/><E32/><V0/><F0/><W85/><G52/><T94/><D99/><U71/><E71/><V87/><F87/><W95/><G95/><T124/><D124/><U81/><E96/><V40/><F40/><W109/><G109/><T60/><D60/><U103/><E74/><V49/><F49/><W54/><G54/><T17/><D6/><U129/><E73/><V39/><F39/><W88/><G82/><T1/><D1/><U134/><E134/><V34/><F34/><W56/><G56/><T128/><D128/><U105/><E129/><V92/><AGARI ba="0,0" hai="42,45,51,58,59,86,89,92,93,97,100" m="31991" machi="92" ten="30,1500,0" yaku="8,1" doraHai="114" who="2" fromWho="2" sc="470,-5,151,-5,199,15,180,-5" /><INIT seed="6,1,0,3,3,6" ten="465,146,214,175" oya="2" hai0="87,9,10,24,117,100,48,56,31,13,120,58,106" hai1="47,121,112,30,119,40,51,15,60,101,73,93,109" hai2="116,104,53,95,12,98,62,124,52,23,123,131,78" hai3="0,82,103,22,43,94,39,2,102,99,79,125,36"/><V118/><F123/><W122/><G122/><T114/><D120/><U54/><E121/><RYUUKYOKU type="kaze4" ba="1,0" sc="465,0,146,0,214,0,175,0" /><INIT seed="6,2,0,4,2,115" ten="465,146,214,175" oya="2" hai0="129,98,54,106,108,121,116,19,90,69,39,135,46" hai1="4,15,95,20,128,100,118,45,131,105,92,112,114" hai2="86,10,0,77,30,124,38,57,123,58,97,22,14" hai3="28,111,76,33,74,23,44,85,101,37,127,64,113"/><V83/><F123/><W79/><G111/><T75/><RYUUKYOKU type="yao9" ba="2,0" sc="465,0,146,0,214,0,175,0" hai0="19,39,46,54,69,75,90,98,106,108,116,121,129,135" /><INIT seed="6,3,0,3,5,98" ten="465,146,214,175" oya="2" hai0="35,78,126,26,8,49,5,127,112,76,36,104,7" hai1="56,44,11,1,118,4,63,72,130,74,17,47,97" hai2="21,99,124,82,27,57,87,135,101,34,18,42,71" hai3="86,96,60,2,83,46,102,95,20,132,114,79,88"/><V3/><F71/><W73/><G2/><T10/><D36/><U64/><E118/><V30/><F3/><W13/><G132/><T123/><D123/><U90/><E130/><V15/><F135/><W133/><G133/><T40/><D104/><U120/><E120/><V41/><F57/><W55/><G114/><T89/><D112/><U6/><E6/><N who="0" m="2057" /><D89/><U22/><E74/><V19/><F19/><N who="3" m="10351" /><G73/><T94/><D94/><U75/><E75/><V9/><F124/><N who="0" m="47658" /><D49/><U117/><E117/><V32/><F32/><W100/><G46/><T53/><D53/><U119/><E119/><V54/><F54/><W59/><AGARI ba="3,0" hai="55,59,60,79,83,86,88,95,96,100,102" m="10351" machi="59" ten="30,7900,0" yaku="8,1,52,2,54,1" doraHai="98" who="3" fromWho="3" sc="465,-23,146,-23,214,-42,175,88" /><INIT seed="7,0,0,3,3,11" ten="442,123,172,263" oya="3" hai0="26,112,80,62,51,24,121,19,27,28,9,110,33" hai1="12,104,29,119,100,88,22,64,53,73,47,113,115" hai2="60,43,120,102,127,20,94,14,65,133,77,61,95" hai3="46,130,1,126,75,40,109,63,69,10,67,72,3"/><W99/><G126/><T118/><D110/><U32/><E73/><V16/><F133/><W71/><G71/><T42/><D121/><U76/><E76/><V129/><F127/><W45/><G45/><T128/><D118/><U84/><E32/><V125/><F125/><W30/><G30/><T31/><D112/><N who="1" m="43083" /><E64/><V38/><F77/><W92/><G130/><T74/><D128/><U96/><E29/><V5/><F129/><W108/><G75/><T82/><D74/><U132/><E53/><V2/><F120/><W93/><G93/><T37/><D37/><U78/><E47/><V86/><F43/><W44/><G44/><T4/><D19/><N who="1" m="10599" /><E78/><V116/><F38/><W98/><G98/><T56/><D51/><U50/><E50/><V83/><F116/><W105/><G72/><T87/><D42/><U58/><E58/><V117/><F117/><W13/><G105/><T8/><D33/><U106/><E119/><V131/><F131/><W17/><G108/><T124/><D124/><U114/><N who="1" m="43091" /><U18/><DORA hai="35" /><E18/><V90/><F102/><W103/><G109/><T122/><D122/><U91/><E132/><V25/><F61/><W48/><AGARI ba="0,0" hai="1,3,10,13,17,40,46,48,63,67,69,92,99,103" machi="48" ten="20,12000,1" yaku="0,1,7,1,52,3" doraHai="11,35" who="3" fromWho="3" sc="442,-40,123,-40,172,-40,263,120" /><INIT seed="7,1,0,1,3,95" ten="402,83,132,383" oya="3" hai0="93,99,33,13,18,60,32,113,86,87,82,115,69" hai1="48,51,97,37,7,44,119,78,34,61,42,80,23" hai2="106,19,84,10,104,35,4,52,91,2,135,103,112" hai3="38,98,55,128,123,124,16,125,41,96,105,67,47"/><W54/><G123/><T5/><D5/><U131/><E34/><N who="0" m="13417" /><D82/><U30/><E131/><V58/><F112/><N who="0" m="43082" /><D60/><U102/><E119/><V75/><F135/><W83/><G105/><T62/><D62/><U3/><E61/><V66/><F66/><W111/><G111/><T8/><D69/><U43/><E43/><V126/><F75/><W29/><G29/><T68/><D68/><U14/><E30/><V71/><F35/><W130/><G67/><T108/><D108/><U15/><E3/><V88/><F71/><W89/><G16/><T114/><N who="0" m="43090" /><T36/><DORA hai="81" /><D36/><U46/><E37/><V76/><F126/><N who="3" m="48747" /><G83/><T133/><D133/><U17/><E7/><V101/><F19/><W116/><G116/><T59/><D59/><U117/><E117/><V26/><F26/><W110/><G110/><T74/><D74/><U94/><E15/><V107/><F10/><W56/><G55/><T63/><D63/><U57/><E57/><V129/><F4/><W122/><G122/><T92/><D92/><U118/><E118/><V12/><F12/><W85/><G85/><T70/><D70/><U127/><E127/><V65/><F84/><W121/><G121/><T53/><D53/><U90/><E80/><V72/><F104/><W100/><G100/><AGARI ba="1,0" hai="8,13,18,86,87,93,99,100" m="43090,13417" machi="100" ten="40,8000,1" yaku="15,1,11,1,52,3" doraHai="95,81" who="0" fromWho="3" sc="402,83,83,0,132,0,383,-83" owari="485,59.0,83,-42.0,132,-27.0,300,10.0" /></mjloggm>