<mjloggm ver="2.3"><GO type="41" lobby="0"/><UN n0="%E2%93%9D%53%75%70%68%78" n1="%E3%81%A9%E3%81%8F%E3%81%8A" n2="%E3%81%BE%E3%81%A1%E3%82%85%E3%81%8A" n3="%E3%81%AF%E3%81%90%E3%82%8C%E7%89%8C" dan="18,15,13,14" rate="2089.26,1956.44,1816.59,1884.51" sx="M,M,M,M"/><TAIKYOKU oya="0"/><INIT seed="0,0,0,3,5,116" ten="250,250,250,250" oya="0" hai0="75,47,92,87,79,103,84,8,112,9,37,130,134" hai1="68,49,6,58,46,85,131,11,56,89,20,38,16" hai2="70,77,76,74,14,29,26,82,114,65,81,19,50" hai3="67,60,12,119,64,24,98,105,132,40,123,30,21"/><T135/><D112/><U86/><E131/><V129/><F129/><W106/><G119/><T109/><D130/><U80/><E68/><V34/><F114/><W66/><G40/><T97/><D9/><U94/><E38/><V72/><F50/><W45/><G45/><T52/><D8/><U96/><E11/><V91/><F91/><W5/><G5/><T95/><D37/><U28/><E28/><V99/><F99/><W124/><G132/><N who="0" m="50731" /><D47/><U54/><E6/><V110/><F110/><W55/><G12/><T31/><D52/><U102/><REACH who="1" step="1"/><E86/><REACH who="1" ten="250,240,250,250" step="2"/><N who="0" m="32809" /><D31/><U61/><E61/><V83/><F70/><W108/><G60/><T78/><D109/><U126/><E126/><V57/><F83/><W100/><G124/><T113/><D113/><U44/><E44/><V7/><F7/><W13/><G108/><T88/><D75/><U53/><E53/><V71/><F71/><W90/><G55/><T63/><D63/><U69/><E69/><V27/><F65/><W39/><G67/><T125/><D125/><U93/><E93/><V17/><F74/><W2/><G106/><T15/><D15/><AGARI ba="0,1" hai="15,16,20,46,49,54,56,58,80,85,89,94,96,102" machi="15" ten="30,7700,0" yaku="1,1,7,1,8,1,54,1,53,0" doraHai="116" doraHaiUra="111" who="1" fromWho="0" sc="250,-77,240,87,250,0,250,0" /><INIT seed="1,0,0,5,1,36" ten="173,327,250,250" oya="1" hai0="27,56,72,101,112,125,45,126,46,16,85,105,104" hai1="78,3,103,55,67,106,69,28,64,23,115,14,10" hai2="50,32,127,4,13,52,68,17,35,53,121,48,107" hai3="90,25,6,97,79,73,80,22,88,7,131,19,62"/><U15/><E115/><V93/><F121/><W133/><G131/><T75/><D56/><U96/><E78/><V117/><F107/><N who="0" m="41034" /><D112/><U76/><E76/><V123/><F117/><W41/><G133/><T9/><D85/><U2/><E55/><V61/><F127/><N who="0" m="48650" /><D101/><U29/><E29/><V109/><F109/><W42/><G62/><T120/><D120/><U47/><E47/><N who="0" m="17929" /><D9/><U34/><E69/><V8/><F123/><W49/><G49/><T99/><D99/><U57/><E96/><V135/><F68/><W0/><G97/><T60/><D60/><U30/><E103/><V38/><F61/><W118/><G118/><T130/><D130/><U108/><E106/><V91/><F38/><W124/><G124/><T82/><D82/><U65/><E57/><V11/><F48/><W122/><G122/><T43/><D43/><U21/><E10/><V63/><F63/><W20/><G42/><T81/><D81/><U39/><E39/><V134/><F50/><W40/><G40/><T74/><D27/><U114/><E65/><V119/><F119/><W86/><G41/><T37/><D37/><U128/><E114/><V113/><F113/><W102/><G102/><T71/><D71/><U33/><E128/><V83/><F83/><W18/><G79/><T92/><D92/><U51/><E51/><V70/><F70/><W116/><G116/><T95/><D95/><U66/><E66/><V5/><F93/><W98/><G98/><T84/><D84/><U54/><E54/><V26/><F53/><W59/><G59/><T1/><D1/><U111/><AGARI ba="0,0" hai="2,3,14,15,21,23,28,30,33,34,64,67,108,111" machi="111" ten="25,9600,0" yaku="5,1,0,1,22,2" doraHai="36" who="1" fromWho="1" sc="173,-32,327,96,250,-32,250,-32" /><INIT seed="1,1,0,3,0,51" ten="141,423,218,218" oya="1" hai0="50,116,122,67,107,123,87,124,114,42,49,2,27" hai1="16,110,44,106,102,57,62,100,64,127,26,90,9" hai2="76,97,38,93,74,111,31,56,37,115,132,59,130" hai3="133,79,109,63,6,45,113,0,94,17,73,126,36"/><U33/><E127/><V48/><F111/><W30/><G126/><T43/><D107/><U55/><E110/><V71/><F130/><W118/><G17/><T46/><D2/><U19/><E106/><V65/><F132/><W22/><G109/><T92/><D124/><U99/><E33/><V75/><F115/><W11/><G94/><T134/><D27/><U52/><E19/><V10/><F10/><W60/><G133/><T70/><D87/><U4/><E4/><V85/><F31/><W112/><G63/><T121/><D92/><N who="1" m="56727" /><E44/><V1/><F59/><W8/><G60/><N who="0" m="40295" /><D134/><U77/><E77/><V120/><F76/><W83/><G118/><T129/><D116/><U29/><E29/><V24/><F120/><W20/><G11/><T78/><D78/><U66/><E66/><V39/><F65/><W88/><G88/><T96/><D114/><N who="3" m="44137" /><G30/><T34/><D129/><U103/><E26/><V53/><F24/><W101/><G101/><T40/><D34/><U35/><E35/><V86/><F1/><W21/><G20/><T3/><D3/><U68/><E68/><V18/><F71/><W15/><G15/><AGARI ba="1,0" hai="9,15,16,52,55,57,62,64,100,102,103" m="56727" machi="15" ten="30,12000,1" yaku="8,1,52,2,54,2" doraHai="51" who="1" fromWho="3" sc="141,0,423,123,218,0,218,-123" /><INIT seed="1,2,0,0,1,84" ten="141,546,218,95" oya="1" hai0="61,63,99,3,113,130,8,76,88,74,111,123,30" hai1="46,135,78,119,50,45,22,116,48,11,37,85,102" hai2="129,110,24,101,0,7,91,104,120,97,38,56,10" hai3="95,112,100,79,40,33,128,115,54,66,94,26,73"/><U118/><E135/><V34/><F120/><W90/><G40/><T44/><D113/><U87/><E102/><V89/><F38/><W72/><G66/><T81/><D111/><U67/><E67/><V13/><F129/><W23/><G33/><T107/><D30/><U16/><E11/><V52/><F110/><W49/><G128/><T14/><D3/><U28/><E28/><V70/><F70/><W124/><G95/><T58/><D44/><U105/><E105/><V5/><F5/><W64/><G100/><T114/><D114/><U35/><E35/><V57/><F57/><W121/><G124/><T59/><D123/><U126/><E126/><V69/><F69/><W18/><G64/><T92/><D130/><U125/><E37/><V20/><F0/><W86/><G121/><T80/><D107/><U32/><E32/><V27/><F34/><W60/><G60/><T2/><D2/><U134/><E134/><V17/><F27/><W106/><G106/><T132/><D132/><U31/><E31/><V1/><F1/><W6/><G6/><T109/><D109/><U62/><E62/><AGARI ba="2,0" hai="7,10,13,17,20,24,52,56,62,89,91,97,101,104" machi="62" ten="30,7700,0" yaku="7,1,52,2,54,1" doraHai="84" who="2" fromWho="1" sc="141,0,546,-83,218,83,95,0" /><INIT seed="2,0,0,4,2,88" ten="141,463,301,95" oya="2" hai0="59,26,62,125,92,47,108,85,71,57,83,53,116" hai1="27,119,100,54,126,105,43,15,21,7,51,99,5" hai2="56,4,49,135,30,42,130,64,107,58,0,78,81" hai3="23,10,1,110,95,87,40,44,113,94,35,86,127"/><V121/><F121/><W9/><G35/><T32/><D108/><U115/><E115/><V50/><F130/><W36/><G110/><T41/><D125/><U46/><E119/><V20/><F135/><W8/><G1/><T90/><D116/><U70/><E126/><V28/><F107/><W104/><G104/><T124/><D124/><U74/><E74/><V101/><F101/><W69/><G69/><T76/><D71/><U114/><E70/><V6/><F0/><W61/><G127/><T66/><D32/><U73/><E73/><V67/><F42/><W129/><G129/><T97/><D26/><U82/><E82/><V17/><F81/><W122/><G122/><T14/><D14/><U120/><E120/><V52/><F78/><W112/><G61/><T118/><D118/><U2/><E2/><V93/><F93/><N who="3" m="35339" /><G23/><T63/><D41/><U12/><E114/><AGARI ba="0,0" hai="8,9,10,36,40,44,86,87,112,113,114" m="35339" machi="114" ten="30,7700,0" yaku="11,1,52,3" doraHai="88" who="3" fromWho="1" sc="141,0,463,-77,301,0,95,77" /><INIT seed="3,0,0,2,4,91" ten="141,386,301,172" oya="3" hai0="1,20,15,16,28,114,103,30,32,104,41,46,107" hai1="42,100,89,54,86,18,12,53,111,116,132,127,62" hai2="129,37,125,92,7,84,69,133,135,99,10,128,101" hai3="124,67,55,134,34,73,93,110,17,115,27,59,61"/><W94/><G73/><T14/><D1/><U3/><E116/><V31/><F69/><W113/><G134/><N who="2" m="51209" /><F37/><W48/><G124/><T44/><D114/><U131/><E132/><V8/><F31/><W96/><G110/><T35/><D103/><U57/><E3/><N who="2" m="127" /><F10/><W58/><G34/><T43/><REACH who="0" step="1"/><D20/><REACH who="0" ten="131,386,301,172" step="2"/><U106/><E100/><V4/><F4/><W121/><G121/><T68/><D68/><U19/><E127/><V71/><F71/><W11/><G115/><T108/><D108/><U109/><E111/><V117/><F117/><W38/><G11/><T88/><D88/><U23/><E109/><V78/><F125/><W83/><G113/><T118/><D118/><U49/><E23/><V102/><F102/><W98/><G38/><T36/><D36/><U25/><E131/><V63/><F129/><W26/><G83/><T82/><D82/><U9/><E89/><V5/><F128/><W29/><G98/><T75/><D75/><U33/><E33/><V95/><F101/><W21/><G96/><T39/><D39/><U13/><E106/><V126/><F99/><W51/><G51/><T90/><D90/><U120/><E120/><V40/><F126/><W64/><G64/><T74/><D74/><U87/><E87/><V66/><F84/><W0/><G0/><T65/><D65/><U6/><E86/><V72/><F66/><W79/><G79/><T22/><D22/><N who="1" m="13527" /><E49/><V52/><F72/><W81/><G81/><T60/><D60/><U122/><E62/><V123/><F78/><W70/><G70/><T24/><D24/><U56/><E122/><RYUUKYOKU ba="0,1" sc="131,15,386,-15,301,-15,172,15" hai0="14,15,16,28,30,32,35,41,43,44,46,104,107" hai3="17,21,26,27,29,48,55,58,59,61,67,93,94" /><INIT seed="3,1,1,4,2,75" ten="146,371,286,187" oya="3" hai0="55,69,61,34,65,120,113,123,89,6,28,104,73" hai1="27,122,33,38,77,19,54,79,47,74,23,13,0" hai2="129,106,130,48,53,82,1,76,88,2,49,60,26" hai3="125,32,131,56,67,97,128,11,37,91,21,103,118"/><W78/><G37/><T4/><D89/><U84/><E122/><V15/><F106/><W20/><G32/><T99/><D55/><U72/><E0/><V64/><F26/><W83/><G118/><T92/><D92/><U124/><E124/><V66/><F15/><W63/><G91/><T40/><D40/><U45/><E74/><V41/><F41/><W14/><G125/><T81/><D113/><U10/><E72/><V100/><F100/><W3/><G3/><T126/><D126/><U85/><E38/><V52/><F1/><W68/><G68/><T134/><D134/><U114/><E33/><V18/><F18/><W57/><G57/><T132/><D132/><U35/><E35/><V112/><F2/><W43/><G43/><T94/><D94/><U108/><E108/><V24/><F24/><W109/><G109/><T71/><D71/><U25/><E25/><V51/><F88/><W29/><G29/><T107/><D34/><U95/><E95/><V102/><F102/><W101/><G103/><N who="0" m="62591" /><D107/><U62/><E114/><V121/><F112/><W86/><G101/><T80/><D28/><N who="1" m="17535" /><E47/><V111/><F111/><W30/><G30/><T39/><D39/><U119/><E119/><V7/><F121/><N who="0" m="46666" /><D73/><U59/><E45/><V98/><F60/><W50/><G50/><T90/><D90/><U17/><E17/><V58/><F7/><N who="3" m="3455" /><G97/><T127/><D127/><U115/><E115/><V22/><F98/><W133/><G133/><T44/><D44/><U12/><E12/><V135/><F135/><W16/><G16/><T42/><D42/><U46/><E46/><RYUUKYOKU ba="1,1" sc="146,10,371,10,286,-30,187,10" hai0="4,6,61,65,69,80,81" hai1="10,13,19,54,59,62,77,79,84,85" hai3="20,21,56,63,67,78,83,86,128,131" /><INIT seed="3,2,1,2,4,36" ten="156,381,256,197" oya="3" hai0="124,28,121,86,25,63,107,111,98,16,13,132,118" hai1="96,135,18,35,67,44,3,17,33,23,75,15,10" hai2="68,11,130,64,40,32,117,39,77,54,79,128,58" hai3="113,91,69,48,1,20,7,112,62,72,56,52,41"/><W80/><G72/><T73/><D73/><U131/><E75/><V45/><F117/><W12/><G1/><T29/><D118/><U115/><E67/><V14/><F32/><W97/><G69/><T122/><D86/><U30/><E115/><V116/><F116/><W120/><G120/><T4/><D63/><U8/><E96/><V21/><F21/><W26/><G7/><T94/><D107/><U90/><E90/><V108/><F108/><W27/><G113/><T88/><D132/><U134/><E44/><V55/><F55/><W42/><G112/><T53/><D124/><U6/><E131/><N who="2" m="50219" /><F64/><N who="3" m="38983" /><G12/><T71/><D111/><U5/><E134/><V22/><F22/><W24/><G20/><N who="0" m="13447" /><D122/><U49/><E49/><N who="2" m="31055" /><F68/><W126/><G126/><T59/><D71/><U66/><E66/><V57/><F57/><N who="3" m="32903" /><G80/><T0/><D0/><N who="1" m="39" /><E135/><V83/><F83/><W9/><G9/><N who="0" m="4263" /><D121/><U85/><E30/><V46/><F45/><W109/><G109/><T133/><D133/><U43/><E43/><V127/><F127/><W19/><G19/><AGARI ba="2,1" hai="11,14,19,39,40,46,77,79" m="31055,50219" machi="19" ten="30,2000,0" yaku="19,1,52,1" doraHai="36" who="2" fromWho="3" sc="156,0,381,0,256,36,197,-26" /><INIT seed="4,0,0,3,3,39" ten="156,381,292,171" oya="0" hai0="44,98,49,55,25,78,14,122,109,128,66,47,36" hai1="4,59,79,6,71,115,64,35,73,117,21,34,26" hai2="60,96,86,7,68,13,131,118,24,5,81,41,101" hai3="126,58,54,16,124,56,74,27,90,10,19,31,93"/><T100/><D122/><U65/><E117/><V52/><F118/><W106/><G106/><T121/><D121/><U76/><E71/><V102/><F131/><W87/><G74/><T125/><D128/><U70/><E70/><V105/><F102/><W72/><G58/><T84/><D125/><N who="3" m="48233" /><G10/><T83/><D109/><U108/><E108/><V50/><F41/><W28/><G72/><T111/><D111/><U135/><E135/><V18/><F24/><W94/><G31/><T46/><D66/><U69/><E69/><V88/><F60/><N who="3" m="35863" /><G94/><T134/><D134/><U8/><E115/><V107/><F68/><W95/><G95/><T53/><D36/><U17/><E73/><V45/><REACH who="2" step="1"/><F107/><REACH who="2" ten="156,381,282,171" step="2"/><W29/><G29/><T89/><D25/><U112/><E112/><V20/><AGARI ba="0,1" hai="5,7,13,18,20,45,50,52,81,86,88,96,101,105" machi="20" ten="20,12000,2" yaku="1,1,2,1,0,1,7,1,54,2,53,0" doraHai="39" doraHaiUra="132" who="2" fromWho="2" sc="156,-60,381,-30,282,130,171,-30" /><INIT seed="5,0,0,4,5,127" ten="96,351,412,141" oya="1" hai0="30,84,21,102,64,10,2,111,92,22,106,121,37" hai1="15,16,100,123,116,62,86,24,61,101,66,70,71" hai2="89,104,19,135,91,46,57,69,79,103,65,8,40" hai3="4,76,11,131,1,82,23,18,68,119,126,34,55"/><U53/><E116/><V83/><F135/><W33/><G68/><T115/><D111/><U78/><E123/><V56/><F69/><W118/><G126/><T120/><D106/><U3/><E3/><V107/><F103/><W28/><G55/><T125/><D125/><U58/><E24/><V122/><F122/><W42/><G42/><T5/><D115/><U0/><E0/><V45/><F45/><W112/><G112/><T67/><D37/><U14/><E14/><V93/><F91/><W35/><G82/><T44/><D44/><U59/><E71/><V128/><F65/><W13/><G76/><T20/><D30/><U52/><E86/><V77/><F77/><W60/><G60/><T51/><D51/><U94/><E94/><V80/><F80/><W113/><G113/><T6/><D121/><U36/><E36/><V63/><F19/><W108/><G28/><T29/><D6/><U43/><E43/><V96/><F8/><W50/><G50/><T124/><D29/><U109/><E78/><V7/><F7/><W26/><G108/><T134/><D134/><U73/><E73/><V133/><F133/><W90/><G90/><N who="0" m="53319" /><D124/><U31/><E31/><V97/><F57/><W132/><G132/><T47/><D120/><U17/><E109/><V95/><F107/><W41/><G41/><T32/><D47/><U72/><E72/><V54/><F104/><W27/><G1/><T114/><D114/><U85/><E85/><N who="2" m="48383" /><F46/><W129/><G27/><T12/><D2/><U130/><E17/><V88/><F40/><W117/><AGARI ba="0,0" hai="4,11,13,18,23,26,33,34,35,117,118,119,129,131" machi="117" ten="40,12000,2" yaku="0,1,12,1,34,3,52,2" doraHai="127" who="3" fromWho="3" sc="96,-30,351,-60,412,-30,141,120" /><INIT seed="6,0,0,5,1,128" ten="66,291,382,261" oya="2" hai0="130,92,76,47,60,114,33,43,28,124,83,80,37" hai1="100,62,48,40,25,98,1,73,86,21,14,109,58" hai2="9,15,87,111,135,110,90,23,117,2,115,8,51" hai3="66,74,44,0,50,67,108,68,107,129,22,24,17"/><V103/><F117/><W95/><G107/><T3/><D130/><U57/><E109/><N who="2" m="41483" /><F103/><W133/><G129/><T131/><D131/><U78/><E73/><V5/><F115/><W125/><G108/><T64/><D83/><U79/><E1/><V75/><F75/><W59/><G74/><T112/><D92/><U61/><E14/><V26/><F51/><W116/><G125/><T12/><D12/><U93/><E40/><V45/><F45/><W89/><G0/><T34/><D124/><U85/><E85/><V38/><F38/><W106/><G106/><T96/><D96/><U82/><E79/><V16/><F135/><W52/><G68/><T105/><D105/><U94/><E94/><N who="2" m="54623" /><F26/><N who="3" m="14671" /><G133/><T101/><D101/><U32/><E32/><V30/><F30/><W39/><G39/><T35/><D28/><U11/><E11/><AGARI ba="0,0" hai="2,5,8,9,11,15,16,23" m="54623,41483" machi="11" ten="30,2900,0" yaku="10,1,54,1" doraHai="128" who="2" fromWho="1" sc="66,0,291,-29,382,29,261,0" /><INIT seed="6,1,0,3,1,123" ten="66,262,411,261" oya="2" hai0="76,41,73,98,20,34,115,17,86,84,92,46,6" hai1="62,68,14,36,108,65,125,27,40,4,127,89,49" hai2="69,126,90,105,99,32,21,5,96,111,94,29,59" hai3="79,51,13,50,117,39,106,48,35,58,70,75,107"/><V81/><F126/><N who="1" m="48137" /><E27/><V100/><F69/><W55/><G35/><T15/><D34/><U109/><E89/><V9/><F32/><W64/><G75/><T78/><D115/><U37/><E4/><V54/><F111/><N who="1" m="42569" /><E14/><V83/><F21/><W112/><G79/><T85/><D73/><U12/><E12/><V45/><F45/><AGARI ba="1,0" hai="36,37,40,45,49,62,65,68" m="42569,48137" machi="45" ten="30,12000,2" yaku="18,1,34,2,52,3" doraHai="123" who="1" fromWho="2" sc="66,0,262,123,411,-123,261,0" /><INIT seed="7,0,0,5,5,81" ten="66,385,288,261" oya="3" hai0="74,88,11,42,45,39,98,43,13,115,0,23,80" hai1="15,99,16,78,50,12,84,87,64,35,134,20,75" hai2="33,34,83,41,106,22,51,103,2,90,61,82,79" hai3="26,46,114,1,128,54,94,19,127,111,100,125,93"/><W56/><G1/><T52/><D115/><U7/><E35/><V72/><F2/><W21/><G114/><T36/><D23/><U85/><E134/><V118/><F118/><W73/><G73/><T107/><D107/><U37/><E37/><V104/><F61/><W71/><G71/><T109/><D109/><U40/><E64/><V18/><F41/><W8/><G111/><T131/><D131/><U76/><E75/><V5/><F51/><W3/><G128/><T31/><D31/><U105/><E99/><V53/><F53/><W113/><G46/><T9/><D74/><U38/><E38/><V55/><F5/><W133/><G113/><T30/><D30/><U119/><E105/><V59/><F106/><W97/><G133/><T124/><D124/><N who="3" m="47689" /><G8/><T126/><D126/><U70/><E70/><V108/><F108/><W120/><G3/><T130/><D130/><U63/><E63/><V121/><F121/><W4/><G4/><T132/><D132/><U96/><E96/><V123/><F123/><W62/><G94/><T77/><D0/><U129/><E129/><V17/><F104/><W69/><G69/><T65/><D65/><U47/><E119/><V25/><F72/><W6/><G6/><T44/><D52/><U135/><E135/><V29/><F55/><W48/><G120/><T116/><D116/><U92/><E92/><V10/><F10/><AGARI ba="0,0" hai="7,10,12,15,16,20,40,47,50,76,78,84,85,87" machi="10" ten="40,8000,1" yaku="8,1,52,3,54,1" doraHai="81" who="1" fromWho="2" sc="66,0,385,80,288,-80,261,0" owari="66,-43.0,465,56.0,208,-19.0,261,6.0" /></mjloggm>