<mjloggm ver="2.3"><GO type="41" lobby="0"/><UN n0="%E6%84%9B%E9%81%8E" n1="%E3%81%86%E3%81%BE%E3%81%86%E3%81%BE%30%33%30%35" n2="%E2%93%9D%53%75%70%68%78" n3="%41%4E%41%4E%54%41" dan="15,16,18,14" rate="2032.02,2031.53,2070.14,1968.84" sx="F,M,M,M"/><TAIKYOKU oya="0"/><INIT seed="0,0,0,4,4,79" ten="250,250,250,250" oya="0" hai0="60,10,107,114,65,87,50,70,27,134,94,23,24" hai1="33,57,16,122,6,36,56,21,20,8,95,7,129" hai2="101,97,17,126,32,12,46,111,28,132,72,39,86" hai3="102,0,22,108,67,19,120,26,15,44,75,35,38"/><T52/><D114/><U106/><E106/><V113/><F72/><W77/><G108/><T18/><D134/><U48/><E33/><V118/><F126/><W121/><G67/><T68/><D107/><U119/><E36/><V100/><F118/><W110/><G110/><T9/><D68/><U123/><E119/><V63/><F28/><W34/><G102/><T104/><D104/><U55/><E129/><V49/><F32/><W83/><G0/><T103/><D24/><U135/><E135/><V59/><F39/><W128/><G128/><T112/><D112/><U2/><E7/><V40/><F97/><W25/><G25/><T53/><D53/><U116/><E116/><V81/><F111/><W109/><G109/><T73/><D73/><U62/><E21/><V98/><F98/><W82/><G82/><T99/><REACH who="0" step="1"/><D87/><REACH who="0" ten="240,250,250,250" step="2"/><U78/><E123/><N who="3" m="47178" /><G26/><T117/><D117/><U13/><E122/><V43/><F132/><W37/><G35/><T131/><D131/><U66/><E78/><N who="2" m="46391" /><F113/><W88/><G34/><T71/><D71/><U29/><E29/><V41/><F41/><W14/><G75/><T91/><D91/><U61/><E95/><V4/><F43/><W85/><G77/><T89/><D89/><U58/><E62/><V30/><F30/><W54/><G15/><T69/><D69/><AGARI ba="0,1" hai="2,6,8,13,16,20,48,55,56,57,58,61,66,69" machi="69" ten="30,2000,0" yaku="7,1,54,1" doraHai="79" who="1" fromWho="0" sc="240,-20,250,30,250,0,250,0" /><INIT seed="1,0,0,1,2,49" ten="220,280,250,250" oya="1" hai0="55,108,34,46,90,120,134,30,59,112,14,21,2" hai1="35,29,66,110,132,101,73,8,42,126,54,129,122" hai2="4,100,83,81,32,13,47,133,135,93,69,71,78" hai3="39,67,61,27,68,65,43,119,127,15,60,6,98"/><U22/><E122/><V50/><F32/><W116/><G27/><T103/><D112/><U51/><E73/><V10/><F100/><W45/><G6/><T36/><D120/><U25/><E129/><V128/><F93/><W109/><G15/><T104/><D2/><U48/><E132/><N who="2" m="50763" /><F128/><W58/><G98/><T102/><D134/><U94/><E126/><V18/><F18/><W44/><G109/><T72/><D108/><U97/><E110/><V89/><F89/><W118/><REACH who="3" step="1"/><G44/><REACH who="3" ten="220,280,250,240" step="2"/><T64/><D46/><U105/><E97/><V19/><F4/><W3/><G3/><T9/><D14/><U31/><E25/><V12/><F12/><W80/><G80/><N who="2" m="30793" /><F78/><W85/><G85/><T117/><D72/><U40/><E105/><V63/><F13/><W23/><G23/><T125/><D21/><U16/><E22/><V113/><F10/><W96/><G96/><T75/><D9/><U115/><E8/><V62/><F19/><W123/><G123/><T26/><D26/><U131/><E16/><V24/><F24/><W114/><G114/><T106/><D106/><U33/><E115/><V77/><F77/><W91/><G91/><T82/><D90/><U76/><E131/><V88/><F88/><W28/><G28/><T107/><D30/><U121/><E29/><V57/><F113/><W52/><G52/><T53/><D53/><U84/><E54/><N who="2" m="31959" /><F47/><W11/><G11/><T17/><D17/><U70/><E31/><V92/><F92/><W99/><G99/><T111/><D104/><U95/><E94/><V74/><F74/><W37/><G37/><RYUUKYOKU ba="0,1" sc="220,-15,280,-15,250,15,240,15" hai2="62,63,69,71" hai3="39,43,45,58,60,61,65,67,68,116,118,119,127" /><INIT seed="2,1,1,1,3,109" ten="205,265,265,255" oya="2" hai0="54,52,6,4,119,63,66,45,25,56,61,122,85" hai1="33,24,89,59,87,57,5,14,121,83,84,95,70" hai2="74,80,76,8,60,55,79,30,34,38,127,97,20" hai3="75,96,29,23,78,91,92,58,26,65,106,18,110"/><V46/><F34/><W105/><G110/><T48/><D122/><U103/><E70/><V15/><F127/><W21/><G75/><T115/><D119/><U130/><E121/><V72/><F97/><W68/><G68/><T111/><D111/><U114/><E130/><V98/><F98/><W44/><G78/><T69/><D115/><U81/><E114/><V90/><F90/><W71/><G71/><T117/><D117/><U9/><E33/><V108/><F108/><W131/><G131/><T135/><D135/><U128/><E24/><V107/><F107/><W0/><G0/><T123/><D123/><U112/><E112/><V64/><F20/><W50/><G58/><N who="1" m="22026" /><E128/><V13/><F30/><W11/><G65/><T124/><D124/><U67/><E67/><V19/><F15/><W77/><G77/><T118/><D118/><U10/><E103/><V73/><F79/><W3/><G11/><T129/><D129/><U104/><E104/><V82/><F76/><W42/><REACH who="3" step="1"/><G3/><REACH who="3" ten="205,265,265,245" step="2"/><T31/><REACH who="0" step="1"/><D85/><REACH who="0" ten="195,265,265,245" step="2"/><N who="1" m="52655" /><E10/><V125/><F125/><W17/><G17/><T1/><D1/><U39/><E39/><V16/><F19/><W102/><G102/><T113/><D113/><U28/><E28/><V37/><F37/><W99/><G99/><T7/><D7/><U101/><E101/><V126/><F126/><W47/><G47/><T133/><D133/><U43/><E87/><V53/><F38/><W86/><G86/><T62/><D62/><U94/><E84/><V100/><F100/><W49/><G49/><T93/><D93/><U134/><E94/><V12/><F60/><RYUUKYOKU ba="1,3" sc="195,15,265,-15,265,-15,245,15" hai0="4,6,25,31,45,48,52,54,56,61,63,66,69" hai3="18,21,23,26,29,42,44,50,91,92,96,105,106" /><INIT seed="3,2,3,3,1,115" ten="210,250,250,260" oya="3" hai0="123,52,33,64,62,125,23,98,120,51,71,8,17" hai1="16,107,97,48,121,21,114,76,46,109,81,22,7" hai2="85,77,58,93,73,95,4,50,24,127,42,86,3" hai3="70,34,5,99,83,131,19,11,30,12,88,129,135"/><W82/><G70/><T55/><D33/><U35/><E35/><V80/><F127/><W41/><G135/><T133/><D125/><U60/><E114/><V45/><F24/><N who="3" m="18759" /><G41/><T118/><D133/><U74/><E121/><V66/><F3/><W1/><G1/><T68/><D8/><U61/><E109/><V53/><F4/><W54/><G54/><T25/><D68/><U108/><E108/><V20/><F20/><W39/><G39/><T10/><D55/><U104/><E7/><V18/><F18/><W100/><G19/><T92/><D118/><U15/><E22/><V126/><F126/><W49/><G49/><T38/><D38/><U134/><E134/><V29/><F29/><W27/><G27/><T26/><D26/><U105/><REACH who="1" step="1"/><E97/><REACH who="1" ten="210,240,250,260" step="2"/><V13/><F13/><W94/><G12/><T14/><D23/><U28/><E28/><V90/><F73/><W65/><G5/><T102/><REACH who="0" step="1"/><D25/><REACH who="0" ten="200,240,250,260" step="2"/><U116/><E116/><V124/><F124/><W0/><G11/><T63/><D63/><U87/><E87/><V113/><F113/><W132/><G132/><T79/><D79/><U130/><E130/><V106/><F86/><N who="3" m="52503" /><G131/><T112/><D112/><U44/><E44/><AGARI ba="2,5" hai="10,14,17,44,51,52,62,64,71,92,98,102,120,123" machi="44" ten="30,3900,0" yaku="1,1,7,1,54,1,53,0" doraHai="115" doraHaiUra="110" who="0" fromWho="1" sc="200,95,240,-45,250,0,260,0" /><INIT seed="4,0,0,2,5,83" ten="295,195,250,260" oya="0" hai0="38,40,31,76,4,77,111,63,3,60,97,87,127" hai1="20,34,37,98,29,68,51,118,119,6,30,75,32" hai2="102,17,45,134,101,70,35,80,122,56,129,62,58" hai3="71,43,74,21,126,103,41,113,112,116,99,24,82"/><T47/><D111/><U79/><E37/><V39/><F35/><W88/><G71/><T64/><D127/><U67/><E6/><V13/><F70/><W2/><G2/><T53/><D31/><U12/><E34/><V131/><F134/><W16/><G116/><T11/><D97/><U66/><E32/><V117/><F122/><W130/><G130/><N who="2" m="49673" /><F58/><W115/><G126/><T25/><D25/><U104/><E68/><V90/><F45/><W46/><G46/><T9/><D53/><U95/><E119/><V36/><F90/><W128/><G128/><T23/><D23/><U100/><E118/><V26/><F80/><W73/><G43/><T89/><D9/><U108/><E108/><V109/><F26/><W135/><G41/><T14/><D3/><U54/><E30/><V27/><F27/><W59/><G59/><T44/><D44/><U132/><E132/><V18/><F109/><W50/><G50/><N who="0" m="26983" /><D64/><U42/><E42/><V84/><F117/><W72/><G135/><T93/><D38/><U121/><E121/><V33/><F33/><W48/><G48/><T55/><D55/><U69/><E69/><V125/><F39/><W61/><G61/><AGARI ba="0,0" hai="4,11,14,60,61,63,76,77,87,89,93" m="26983" machi="61" ten="30,2900,0" yaku="8,1,52,1" doraHai="83" who="0" fromWho="3" sc="295,29,195,0,250,0,260,-29" /><INIT seed="4,1,0,5,2,1" ten="324,195,250,231" oya="0" hai0="52,73,108,121,29,86,49,94,46,45,129,11,105" hai1="34,112,119,30,78,83,14,120,111,82,21,117,84" hai2="37,130,104,57,90,62,6,61,60,16,55,4,47" hai3="72,80,31,91,15,95,33,5,38,132,93,122,13"/><T68/><D121/><U85/><E120/><V115/><F104/><W96/><G122/><T64/><D73/><U9/><E111/><V41/><F115/><W113/><G38/><T69/><D108/><U100/><E34/><V32/><F32/><W56/><G15/><T27/><D105/><U133/><E133/><V102/><F102/><W58/><G113/><T7/><D129/><U18/><E112/><V74/><F74/><W24/><G72/><T126/><D126/><U8/><E100/><V110/><F130/><W116/><G80/><T63/><D68/><U59/><E59/><V131/><F110/><W98/><G116/><T51/><D94/><U79/><REACH who="1" step="1"/><E30/><REACH who="1" ten="324,185,250,231" step="2"/><V67/><F131/><W101/><REACH who="3" step="1"/><G132/><REACH who="3" ten="324,185,250,221" step="2"/><T77/><D29/><U99/><E99/><V76/><F37/><W39/><G39/><T97/><D97/><U65/><E65/><V48/><F67/><W123/><G123/><T19/><D64/><U54/><E54/><V10/><F55/><W17/><G17/><T43/><D19/><U109/><E109/><V118/><F16/><W127/><G127/><T40/><D52/><U66/><E66/><V114/><F114/><W92/><G92/><T44/><D40/><U3/><E3/><V2/><F2/><W35/><G35/><T23/><D43/><U107/><E107/><V50/><F41/><W128/><G128/><T25/><D69/><U26/><E26/><V125/><F125/><W134/><G134/><T28/><D25/><U106/><E106/><V89/><F118/><AGARI ba="1,2" hai="8,9,14,18,21,78,79,82,83,84,85,117,118,119" machi="118" ten="40,2600,0" yaku="1,1,9,1,53,0" doraHai="1" doraHaiUra="36" who="1" fromWho="2" sc="324,0,185,49,250,-29,221,0" /><INIT seed="5,0,0,5,5,119" ten="324,234,221,221" oya="1" hai0="9,120,31,29,72,127,17,94,54,47,35,73,105" hai1="44,3,112,81,116,95,100,45,18,30,28,57,103" hai2="76,59,36,43,133,77,67,84,27,0,78,125,61" hai3="12,10,130,20,16,5,122,42,41,113,97,124,89"/><U66/><E3/><V52/><F0/><W24/><G113/><T101/><D105/><U50/><E116/><V74/><F74/><W39/><G124/><T21/><D127/><U70/><E70/><V4/><F4/><W88/><G130/><T102/><D35/><U6/><E6/><V114/><F133/><W87/><G122/><T51/><D120/><U64/><E112/><V79/><F125/><W115/><G39/><T75/><D9/><U38/><E38/><V118/><F118/><W46/><G46/><N who="1" m="18026" /><E81/><V23/><F36/><W99/><G115/><T65/><D65/><N who="1" m="25195" /><E18/><V106/><F106/><W49/><G49/><T91/><D29/><N who="1" m="11371" /><E95/><V33/><F114/><W117/><G117/><T56/><D31/><U58/><E50/><V108/><F33/><W25/><G25/><T55/><D47/><U92/><E92/><V32/><F32/><W128/><G128/><T96/><REACH who="0" step="1"/><D54/><REACH who="0" ten="314,234,221,221" step="2"/><U111/><E111/><V132/><F108/><W83/><REACH who="3" step="1"/><G89/><REACH who="3" ten="314,234,221,211" step="2"/><T107/><D107/><U93/><E93/><V60/><F79/><W1/><G1/><T85/><D85/><U2/><E2/><V109/><F109/><W135/><G135/><T71/><D71/><U82/><E82/><V34/><F132/><W13/><G13/><AGARI ba="0,2" hai="13,17,21,51,55,56,72,73,75,91,94,96,101,102" machi="13" ten="40,1300,0" yaku="1,1,53,0" doraHai="119" doraHaiUra="62" who="0" fromWho="3" sc="314,33,234,0,221,0,211,-13" /><INIT seed="6,0,0,2,4,130" ten="347,234,221,198" oya="2" hai0="13,53,118,78,88,46,56,28,67,131,27,122,6" hai1="25,115,0,10,125,23,124,57,70,90,17,123,97" hai2="84,76,96,121,35,72,3,86,9,40,49,111,38" hai3="103,51,34,29,132,19,21,114,87,74,52,73,85"/><V69/><F121/><W26/><G132/><T54/><D122/><U12/><E123/><V63/><F49/><W24/><G103/><T65/><D131/><U134/><E70/><V59/><F35/><W2/><G2/><T64/><D118/><U80/><E134/><V61/><F96/><W33/><G33/><T32/><D78/><U100/><E0/><V92/><F92/><W15/><G26/><T7/><D88/><U48/><E115/><V79/><F69/><W31/><G31/><T83/><D83/><U82/><E90/><V127/><F127/><N who="1" m="48713" /><E57/><V91/><F111/><W98/><G98/><T95/><D95/><N who="1" m="58431" /><E48/><V116/><F91/><W11/><G114/><T50/><D13/><U117/><E117/><V5/><F116/><W20/><G34/><T113/><D113/><U47/><E47/><N who="2" m="23959" /><F79/><W110/><G110/><T105/><D105/><U58/><E58/><V55/><F63/><W8/><G74/><T129/><D129/><U71/><E71/><V44/><F44/><N who="3" m="27751" /><G73/><T112/><D112/><U81/><E81/><AGARI ba="0,0" hai="3,5,9,55,59,61,72,76,81,84,86" m="23959" machi="81" ten="30,1500,0" yaku="25,1" doraHai="130" who="2" fromWho="1" sc="347,0,234,-15,221,15,198,0" /><INIT seed="6,1,0,5,3,63" ten="347,219,236,198" oya="2" hai0="58,94,88,17,131,86,69,95,75,52,13,29,129" hai1="85,111,76,123,117,64,3,43,93,60,14,8,16" hai2="71,26,116,42,40,27,70,83,1,47,30,119,73" hai3="77,112,113,9,118,92,50,37,36,99,62,90,82"/><V6/><F27/><W80/><G118/><T98/><D69/><U110/><E117/><V124/><F42/><W128/><G128/><N who="0" m="49227" /><D75/><U34/><E34/><V41/><F41/><W45/><G9/><N who="0" m="6319" /><D29/><U25/><E3/><V35/><F124/><W2/><G2/><T72/><D72/><U46/><E25/><V79/><F119/><W23/><G23/><T127/><D127/><U12/><E12/><V4/><F4/><W135/><G135/><T7/><D7/><U53/><E53/><V5/><F5/><W66/><G37/><T24/><D24/><U102/><E123/><V39/><F116/><W130/><G36/><T122/><D122/><U74/><E74/><V33/><F33/><W59/><G130/><T104/><D104/><U114/><E114/><N who="3" m="44138" /><G77/><T126/><D126/><U108/><E76/><V31/><F31/><W48/><G48/><N who="0" m="30983" /><D98/><U38/><E111/><V109/><F109/><W61/><G61/><T54/><D54/><AGARI ba="1,0" hai="45,50,54,59,62,66,80,82,90,92,99" m="44138" machi="54" ten="30,3900,0" yaku="15,1,11,1,52,1" doraHai="63" who="3" fromWho="0" sc="347,-42,219,0,236,0,198,42" /><INIT seed="7,0,0,5,3,121" ten="305,219,236,240" oya="3" hai0="26,132,85,62,36,84,21,59,53,44,101,114,134" hai1="25,47,30,103,40,99,69,111,11,39,93,51,97" hai2="133,66,118,90,64,34,95,80,106,38,83,135,104" hai3="61,82,41,49,18,17,115,28,122,98,126,46,68"/><W48/><G122/><T33/><D33/><U86/><E69/><V32/><F95/><W63/><G28/><N who="0" m="17487" /><D101/><U22/><E39/><V108/><F38/><W81/><G115/><T71/><D71/><U56/><E11/><V87/><F118/><W3/><G3/><T35/><D35/><N who="2" m="13354" /><F108/><W119/><G119/><T19/><D19/><U125/><E125/><V0/><F0/><W65/><G126/><T113/><D84/><U70/><E70/><V6/><F6/><W89/><G68/><T54/><D85/><U45/><E111/><V29/><F29/><W75/><G75/><T8/><D8/><U16/><E30/><V110/><F110/><W12/><G18/><T2/><D2/><U94/><E86/><N who="2" m="50503" /><F106/><W58/><G63/><N who="0" m="36335" /><D54/><N who="1" m="31839" /><E40/><V116/><F104/><W96/><G49/><T77/><D36/><U4/><E4/><V1/><F1/><W23/><G96/><T43/><D113/><U79/><E79/><N who="2" m="46591" /><F116/><W55/><G41/><T102/><D43/><U109/><E109/><V129/><F66/><W24/><G24/><T10/><D114/><U15/><E25/><V78/><F64/><W131/><REACH who="3" step="1"/><G131/><REACH who="3" ten="305,219,236,230" step="2"/><T128/><D128/><U50/><E50/><V13/><F129/><W9/><G9/><T60/><D60/><U123/><E123/><V20/><F78/><W88/><G88/><AGARI ba="0,1" hai="15,16,22,45,47,88,93,94,97,99,103" m="31839" machi="88" ten="30,3900,0" yaku="8,1,54,2" doraHai="121" who="1" fromWho="3" sc="305,0,219,49,236,0,230,-39" owari="305,40.0,268,7.0,236,-16.0,191,-31.0" /></mjloggm>