<mjloggm ver="2.3"><GO type="41" lobby="0"/><UN n0="%E2%93%9D%53%75%70%68%78" n1="%E3%81%A6%E3%82%8B%E3%81%93" n2="%E8%8D%92%E6%9C%A8%E6%AF%94%E5%A5%88" n3="%E3%82%88%E3%81%97%E3%82%84" dan="18,13,15,14" rate="2105.63,1833.88,2017.40,1932.76" sx="M,F,F,M"/><TAIKYOKU oya="0"/><INIT seed="0,0,0,4,4,118" ten="250,250,250,250" oya="0" hai0="67,128,58,15,111,4,55,32,127,52,124,34,78" hai1="72,77,71,29,93,59,60,22,16,42,105,135,98" hai2="44,36,100,27,33,9,114,91,43,45,96,7,50" hai3="28,87,104,85,107,116,31,133,88,101,81,48,106"/><T103/><D128/><U129/><E135/><V18/><F114/><W38/><G38/><T92/><D78/><U70/><E105/><V86/><F18/><W75/><G116/><T130/><D130/><U8/><E42/><V6/><F27/><W97/><G75/><T24/><D67/><U41/><E41/><V76/><F76/><W54/><G133/><T10/><D55/><U134/><E134/><V69/><F69/><W53/><G87/><T30/><D111/><U26/><E129/><V12/><F33/><W108/><G108/><T113/><D113/><U25/><E8/><V110/><F110/><W109/><G109/><T84/><D34/><U117/><E77/><V112/><F112/><W51/><G54/><T47/><D47/><U49/><E49/><V62/><F62/><W73/><G73/><T19/><D4/><U2/><E2/><V82/><F6/><W57/><REACH who="3" step="1"/><G51/><REACH who="3" ten="250,250,250,240" step="2"/><T68/><D84/><U35/><E72/><V40/><F96/><W131/><G131/><T11/><D127/><U95/><E117/><V39/><F50/><W99/><G99/><T120/><D124/><U115/><E115/><V90/><F86/><W65/><G65/><T0/><D52/><U123/><E123/><V119/><F119/><W125/><G125/><T66/><D120/><U132/><E132/><V20/><F36/><W23/><G23/><T64/><D64/><U89/><E95/><AGARI ba="0,1" hai="28,31,48,53,57,81,85,88,95,97,101,104,106,107" machi="95" ten="40,5200,0" yaku="1,1,54,1,53,1" doraHai="118" doraHaiUra="79" who="3" fromWho="1" sc="250,0,250,-52,250,0,240,62" /><INIT seed="1,0,0,3,1,74" ten="250,198,250,302" oya="1" hai0="106,23,135,45,53,109,35,100,130,125,132,78,66" hai1="111,50,110,61,80,126,29,57,30,83,12,55,39" hai2="51,22,5,8,107,43,7,89,99,128,79,104,113" hai3="94,98,91,114,116,1,68,85,95,0,16,21,47"/><U33/><E39/><V124/><F124/><W40/><G114/><T58/><D35/><U34/><E126/><V46/><F128/><W127/><G127/><T122/><D109/><N who="1" m="41483" /><E12/><V118/><F118/><W63/><G68/><T69/><D122/><U102/><E102/><V70/><F70/><W36/><G63/><T20/><D100/><U90/><E61/><V31/><F31/><N who="1" m="11785" /><E90/><V87/><F113/><W112/><G116/><T108/><D108/><U67/><E67/><V105/><F105/><W76/><G112/><T3/><D106/><U37/><E37/><V129/><F129/><W103/><REACH who="3" step="1"/><G76/><REACH who="3" ten="250,198,250,292" step="2"/><T52/><D78/><U42/><E42/><V17/><F79/><W13/><AGARI ba="0,1" hai="0,1,13,16,21,36,40,47,85,91,94,95,98,103" machi="13" ten="20,12000,2" yaku="1,1,2,1,0,1,7,1,54,1,53,1" doraHai="74" doraHaiUra="71" who="3" fromWho="3" sc="250,-30,198,-60,250,-30,292,130" /><INIT seed="2,0,0,1,0,102" ten="220,138,220,422" oya="2" hai0="69,101,130,127,67,39,7,110,45,59,111,0,74" hai1="3,122,53,115,84,119,37,34,90,52,9,13,11" hai2="80,10,60,96,106,73,18,66,109,78,128,22,81" hai3="43,76,30,28,5,44,31,94,104,126,77,129,68"/><V131/><F10/><W24/><G68/><T51/><D74/><U89/><E37/><V1/><F1/><W62/><G129/><T75/><D75/><U48/><E34/><V20/><F80/><W112/><G126/><T71/><D101/><U12/><E115/><V40/><F40/><W107/><G5/><T25/><D25/><U55/><E119/><V41/><F41/><W16/><G62/><N who="0" m="38367" /><D7/><U19/><E3/><V6/><F6/><W120/><G120/><T38/><D0/><U56/><E90/><V124/><F124/><W46/><G94/><T132/><D132/><U64/><E64/><V23/><F109/><N who="0" m="41482" /><D130/><N who="2" m="49706" /><F96/><W57/><G112/><T93/><D93/><U99/><E99/><V118/><F118/><W26/><G57/><T49/><D127/><U135/><E135/><V47/><F47/><N who="3" m="17963" /><G43/><N who="0" m="24767" /><D51/><U103/><E103/><V33/><F33/><W83/><G83/><T91/><D91/><U134/><E122/><V108/><F108/><W63/><G63/><T116/><D116/><U114/><E114/><V65/><F18/><W113/><G113/><T97/><D97/><U121/><E121/><V123/><F123/><W79/><G16/><T17/><D17/><N who="1" m="8335" /><E134/><V32/><F32/><W50/><G50/><T58/><D58/><U87/><E87/><V100/><F100/><W2/><G2/><T105/><D71/><U61/><E48/><V98/><F98/><W85/><G85/><T54/><D69/><U133/><E133/><V36/><F36/><N who="0" m="13866" /><D54/><U82/><AGARI ba="0,0" hai="11,13,19,52,53,55,56,61,82,84,89" m="8335" machi="82" ten="30,2000,0" yaku="8,1,54,1" doraHai="102" who="1" fromWho="1" sc="220,-5,138,20,220,-10,422,-5" /><INIT seed="3,0,0,1,5,73" ten="215,158,210,417" oya="3" hai0="33,37,125,110,46,57,88,13,67,99,84,120,7" hai1="117,15,51,126,38,107,29,115,111,123,71,87,98" hai2="17,116,48,1,104,90,131,28,27,34,128,50,77" hai3="64,32,42,129,68,4,108,14,79,11,122,19,101"/><W56/><G122/><T2/><D120/><U85/><E29/><V45/><F116/><W49/><G129/><T103/><D2/><U36/><E15/><V132/><F104/><W54/><G32/><T47/><D37/><U9/><E51/><V22/><F132/><W83/><G101/><T102/><D110/><U52/><E9/><V18/><F1/><W26/><G42/><T121/><D125/><U76/><E98/><V69/><F69/><W60/><G108/><T93/><D103/><U24/><E24/><V25/><F17/><W0/><G26/><T43/><D43/><U40/><E40/><V113/><F113/><W100/><G100/><T65/><D33/><U75/><E76/><V109/><F109/><W74/><REACH who="3" step="1"/><G0/><REACH who="3" ten="215,158,210,407" step="2"/><T114/><D121/><U12/><E111/><V62/><F128/><W118/><G118/><T94/><D114/><U39/><E115/><V20/><F131/><W72/><G72/><T89/><D102/><U105/><E75/><V95/><F34/><W6/><AGARI ba="0,1" hai="4,6,11,14,19,49,54,56,60,64,68,74,79,83" machi="6" ten="30,6000,0" yaku="1,1,0,1,52,1,53,0" doraHai="73" doraHaiUra="41" who="3" fromWho="3" sc="215,-20,158,-20,210,-20,407,70" /><INIT seed="3,1,0,2,2,57" ten="195,138,190,477" oya="3" hai0="1,124,55,38,41,90,93,65,75,112,117,21,47" hai1="80,9,15,50,26,116,60,43,52,72,35,85,84" hai2="83,6,127,81,76,48,53,128,126,86,122,132,51" hai3="123,45,5,115,58,130,59,94,30,36,12,29,89"/><W100/><G123/><T113/><D117/><U28/><E116/><V19/><F122/><W40/><G130/><T106/><D106/><U82/><E43/><V107/><F128/><W62/><G100/><T121/><D75/><U118/><E72/><V39/><F107/><W56/><G5/><T24/><D1/><U120/><E120/><V99/><F39/><W44/><G12/><T114/><D124/><U74/><E74/><V27/><F132/><W3/><G3/><T10/><D10/><U68/><E82/><V54/><F6/><W87/><G115/><T8/><D8/><U14/><E14/><V7/><F7/><W22/><G45/><T64/><D55/><U103/><E103/><V125/><F99/><W102/><G102/><T95/><D121/><U4/><E68/><V71/><F71/><W129/><G129/><T98/><REACH who="0" step="1"/><D95/><REACH who="0" ten="185,138,190,477" step="2"/><U0/><E0/><V104/><F104/><W46/><G94/><T77/><D77/><U67/><E118/><V11/><F11/><W97/><G40/><T16/><AGARI ba="1,1" hai="16,21,24,38,41,47,64,65,90,93,98,112,113,114" machi="16" ten="30,7900,0" yaku="1,1,0,1,11,1,54,1,53,0" doraHai="57" doraHaiUra="31" who="0" fromWho="0" sc="185,92,138,-21,190,-21,477,-40" /><INIT seed="4,0,0,3,3,57" ten="277,117,169,437" oya="0" hai0="103,53,23,96,116,117,120,97,21,110,126,72,5" hai1="17,38,2,111,67,98,69,43,60,70,68,90,18" hai2="108,94,84,71,58,133,32,123,104,24,30,101,39" hai3="102,62,42,127,125,85,44,29,74,88,1,11,20"/><T27/><D120/><U13/><E2/><V25/><F108/><W64/><G74/><T131/><D72/><U130/><E111/><V91/><F123/><W8/><G102/><T95/><D110/><U128/><E18/><V63/><F133/><W92/><G20/><T12/><D131/><U75/><E75/><V81/><F39/><W118/><G29/><T50/><D126/><N who="3" m="48137" /><G1/><T105/><D23/><U135/><E135/><V7/><F7/><W65/><G118/><T99/><D105/><U46/><E90/><V37/><F37/><N who="3" m="21583" /><G65/><T6/><D117/><U16/><E98/><N who="0" m="37993" /><D12/><U34/><E34/><V47/><F104/><W122/><G122/><T45/><D116/><U33/><E17/><AGARI ba="0,0" hai="5,6,17,21,27,45,50,53,95,99,103" m="37993" machi="17" ten="30,1500,0" yaku="8,1" doraHai="57" who="0" fromWho="1" sc="277,15,117,-15,169,0,437,0" /><INIT seed="4,1,0,2,3,30" ten="292,102,169,437" oya="0" hai0="69,25,39,70,33,104,81,13,16,56,8,89,43" hai1="72,36,64,61,100,44,28,134,108,63,59,76,51" hai2="92,4,2,1,71,0,129,11,82,86,32,133,40" hai3="123,73,17,98,46,93,78,68,127,53,109,97,45"/><T94/><D104/><U105/><E108/><V10/><F71/><W126/><G109/><T15/><D81/><U107/><E134/><V60/><F133/><W84/><G68/><T121/><D121/><U21/><E36/><V24/><F60/><W114/><G114/><T3/><D3/><U130/><E76/><V67/><F67/><W27/><G73/><T54/><D43/><U6/><E72/><V112/><F112/><W41/><G53/><T85/><D39/><U79/><E63/><V96/><F40/><W50/><G46/><T128/><D128/><U106/><E6/><V80/><F129/><W95/><G95/><T52/><D54/><U102/><E79/><V34/><F24/><W58/><G58/><T87/><D15/><U99/><E100/><V35/><F11/><W31/><G17/><T65/><D87/><U12/><E130/><V20/><F20/><W83/><G93/><T116/><D116/><U122/><E122/><V74/><F74/><W132/><G123/><T14/><D14/><U118/><E118/><V101/><REACH who="2" step="1"/><F82/><REACH who="2" ten="292,102,159,437" step="2"/><W90/><G132/><T23/><D65/><U55/><E12/><V131/><F131/><W62/><G62/><T47/><D70/><U103/><E103/><V66/><F66/><W5/><G41/><T26/><D69/><U57/><REACH who="1" step="1"/><E44/><REACH who="1" ten="292,92,159,437" step="2"/><V75/><F75/><W77/><G45/><T120/><D47/><U88/><E88/><AGARI ba="1,2" hai="0,1,2,4,10,32,34,35,80,86,88,92,96,101" machi="88" ten="40,8000,1" yaku="1,1,52,3,54,1,53,0" doraHai="30" doraHaiUra="38" who="2" fromWho="1" sc="292,0,92,-83,159,103,437,0" /><INIT seed="5,0,0,2,1,61" ten="292,9,262,437" oya="1" hai0="27,124,65,106,12,16,26,74,83,68,63,115,55" hai1="42,38,56,70,37,111,126,39,130,110,119,32,135" hai2="118,60,0,90,44,64,128,66,40,107,113,69,13" hai3="88,57,3,15,103,59,101,18,30,86,48,52,45"/><U49/><E32/><V129/><F0/><W22/><G3/><T67/><D106/><U92/><E119/><V97/><F118/><W82/><G30/><T71/><D115/><U133/><E92/><V62/><F113/><W99/><G103/><T24/><D124/><U50/><E126/><V127/><F127/><W19/><G18/><T31/><D55/><N who="1" m="31855" /><E70/><V54/><F13/><W134/><G134/><N who="1" m="51210" /><E130/><N who="2" m="50283" /><F54/><W33/><G33/><T100/><D100/><U87/><E87/><V41/><F44/><AGARI ba="0,0" hai="37,38,39,42,44,50,110,111" m="51210,31855" machi="44" ten="40,7700,0" yaku="20,1,34,2" doraHai="61" who="1" fromWho="2" sc="292,0,9,77,262,-77,437,0" /><INIT seed="5,1,0,4,0,59" ten="292,86,185,437" oya="1" hai0="93,108,19,103,107,120,117,105,80,115,57,55,36" hai1="32,8,87,98,71,75,6,14,31,18,76,116,77" hai2="97,126,0,130,124,89,88,113,101,27,56,34,69" hai3="122,111,112,37,110,22,109,114,13,72,53,54,49"/><U23/><E71/><V73/><F73/><W134/><G72/><T9/><D115/><N who="3" m="44073" /><G37/><T52/><D108/><U35/><E116/><V43/><F0/><W47/><G122/><T66/><D107/><U30/><E98/><V64/><F113/><W42/><G134/><T25/><D105/><U83/><E76/><V21/><F69/><W60/><G60/><T102/><D36/><U20/><E75/><V70/><F70/><W90/><G90/><T81/><D66/><U129/><E129/><V96/><F34/><W135/><G135/><T50/><D120/><U3/><REACH who="1" step="1"/><E23/><REACH who="1" ten="292,76,185,437" step="2"/><V92/><F130/><W128/><G128/><T65/><D117/><U125/><E125/><V1/><F124/><W106/><G22/><T44/><D103/><U68/><E68/><V118/><F126/><W104/><G109/><T12/><D102/><U133/><E133/><V121/><F118/><W123/><G123/><T78/><D78/><U26/><E26/><V4/><F121/><W91/><G111/><T33/><D25/><U16/><E16/><V10/><F96/><W51/><G110/><T94/><D33/><AGARI ba="1,1" hai="3,6,8,14,18,20,30,31,32,33,35,77,83,87" machi="33" ten="40,2000,0" yaku="1,1,53,0" doraHai="59" doraHaiUra="58" who="1" fromWho="0" sc="292,-23,76,33,185,0,437,0" /><INIT seed="5,2,0,3,0,105" ten="269,109,185,437" oya="1" hai0="80,125,22,68,64,28,89,17,101,104,71,24,57" hai1="69,85,40,127,93,63,133,121,56,78,21,42,48" hai2="97,73,37,43,74,83,2,118,1,5,52,88,100" hai3="117,29,114,41,79,107,44,128,76,60,54,35,86"/><U27/><E121/><V120/><F120/><W135/><G107/><T130/><D130/><U25/><E133/><V31/><F118/><W58/><G135/><T3/><D3/><U66/><E127/><V129/><F129/><W119/><G114/><T13/><D125/><U102/><E27/><V32/><F32/><W10/><G10/><T87/><D104/><U103/><E69/><V14/><F31/><W84/><G35/><T67/><D101/><U6/><E6/><V26/><F26/><W134/><G29/><T62/><REACH who="0" step="1"/><D67/><REACH who="0" ten="259,109,185,437" step="2"/><U51/><E103/><V39/><F1/><W12/><G128/><T82/><D82/><N who="1" m="47319" /><E42/><V55/><F2/><W131/><G131/><T65/><D65/><U108/><E108/><V70/><F43/><W126/><G126/><T124/><D124/><U0/><E0/><V123/><F123/><W38/><G134/><T99/><D99/><N who="1" m="59759" /><E40/><V75/><F100/><W19/><G117/><T50/><D50/><U33/><E33/><AGARI ba="2,1" hai="13,17,22,24,28,33,57,62,64,68,71,80,87,89" machi="33" ten="30,3900,0" yaku="1,1,7,1,53,1" doraHai="105" doraHaiUra="61" who="0" fromWho="1" sc="259,55,109,-45,185,0,437,0" /><INIT seed="6,0,0,0,0,97" ten="314,64,185,437" oya="2" hai0="52,130,95,18,92,62,96,106,93,47,7,101,38" hai1="82,71,44,79,98,81,10,72,111,88,27,114,35" hai2="94,75,57,133,135,66,20,109,60,116,68,56,8" hai3="13,9,124,58,39,118,50,36,69,49,100,11,90"/><V54/><F75/><W87/><G124/><T22/><D130/><U17/><E71/><V29/><F116/><W65/><G69/><T53/><D7/><U2/><E114/><V37/><F8/><W112/><G118/><T25/><REACH who="0" step="1"/><D62/><REACH who="0" ten="304,64,185,437" step="2"/><U117/><E117/><V125/><F125/><W115/><G112/><T123/><D123/><U59/><E111/><V46/><F109/><W26/><G115/><T128/><D128/><U84/><E2/><V113/><F113/><W102/><G36/><T43/><AGARI ba="0,1" hai="18,22,25,38,43,47,52,53,92,93,95,96,101,106" machi="43" ten="30,12000,2" yaku="1,1,0,1,52,1,54,1,53,2" doraHai="97" doraHaiUra="51" who="0" fromWho="0" sc="304,130,64,-30,185,-60,437,-30" /><INIT seed="7,0,0,3,2,5" ten="434,34,125,407" oya="3" hai0="58,71,100,9,130,133,82,128,36,76,103,83,46" hai1="60,109,21,99,125,85,37,38,65,90,105,93,48" hai2="111,14,26,62,39,84,127,124,74,80,97,72,81" hai3="8,28,11,50,42,79,135,118,0,116,13,86,89"/><W12/><G135/><T53/><D71/><U30/><E125/><N who="2" m="48203" /><F39/><W57/><G0/><T106/><D9/><N who="3" m="3657" /><G116/><T98/><D103/><U110/><E48/><V61/><F111/><W32/><G32/><T104/><D104/><U59/><E38/><V7/><F26/><W88/><G118/><T19/><D19/><U68/><E37/><V123/><F123/><W126/><G126/><T101/><D101/><U91/><E105/><V87/><F97/><W27/><G79/><T31/><D133/><U69/><E109/><V35/><F35/><W107/><G107/><T119/><D119/><U122/><E122/><V25/><F7/><W34/><G34/><T115/><D76/><U114/><E114/><V17/><F72/><W20/><G42/><N who="0" m="22855" /><D31/><U52/><E65/><V24/><F74/><W10/><N who="3" m="3665" /><W16/><DORA hai="47" /><G28/><T94/><D106/><U70/><E110/><V64/><F80/><N who="3" m="49223" /><G89/><T102/><D102/><U29/><REACH who="1" step="1"/><E21/><REACH who="1" ten="434,24,125,407" step="2"/><V96/><F64/><W6/><G6/><T23/><D23/><U120/><E120/><V3/><F3/><W51/><G51/><N who="0" m="31039" /><D115/><U43/><E43/><V2/><F2/><W15/><G15/><T1/><D1/><U73/><E73/><V45/><F14/><W4/><G4/><T92/><D100/><U66/><E66/><V132/><F132/><W131/><G131/><T129/><D129/><U55/><E55/><AGARI ba="0,1" hai="12,13,16,20,27,50,55,57" m="49223,3665" machi="55" ten="30,24000,3" yaku="8,1,52,5,54,2" doraHai="5,47" who="3" fromWho="1" sc="434,0,24,-240,125,0,407,250" owari="434,23.0,-216,-72.0,125,-27.0,657,76.0" /></mjloggm>