<mjloggm ver="2.3"><GO type="41" lobby="0"/><UN n0="%43%6F%6E%63%65%72%74" n1="%E2%93%9D%53%75%70%68%78" n2="%E9%9D%92%E5%B5%90%E3%81%AE%E4%B8%80%E5%85%83" n3="%72%61%72%61%70%6F%70%6F" dan="13,18,14,15" rate="1834.59,2073.45,1972.58,1991.93" sx="M,M,M,M"/><TAIKYOKU oya="0"/><INIT seed="0,0,0,1,3,33" ten="250,250,250,250" oya="0" hai0="97,94,35,131,113,128,127,82,13,68,74,105,76" hai1="123,71,115,96,109,73,30,37,135,51,5,38,117" hai2="88,125,98,114,111,56,31,47,86,83,69,118,65" hai3="99,9,15,17,0,20,6,81,48,75,10,40,107"/><T112/><D68/><U119/><E96/><V59/><F114/><W122/><G122/><T61/><D35/><U1/><E51/><V27/><F47/><W28/><G28/><T67/><D67/><U120/><E30/><V8/><F118/><W80/><G107/><T7/><D61/><U42/><E5/><V66/><F66/><W32/><G32/><T55/><D55/><U24/><E24/><V22/><F111/><W89/><G75/><T121/><D121/><U60/><E73/><V11/><F125/><W12/><G12/><T108/><BYE who="3" /><D127/><UN n3="%72%61%72%61%70%6F%70%6F" /><U29/><E29/><V130/><F130/><N who="0" m="49706" /><D105/><U58/><E123/><V106/><F69/><W79/><G79/><T124/><D124/><U53/><E120/><V26/><F26/><W85/><G99/><T92/><D108/><U103/><E109/><V49/><F106/><W25/><G48/><T18/><D7/><U102/><E71/><V70/><F70/><W129/><G129/><T4/><D4/><U78/><E119/><V132/><F98/><W57/><G57/><T2/><D2/><U110/><E1/><V21/><F65/><W90/><G40/><T16/><D94/><U72/><E117/><V64/><F59/><W3/><G9/><N who="2" m="3657" /><F22/><W46/><G46/><T63/><D63/><U133/><E110/><V84/><F64/><W93/><G93/><T54/><D54/><U116/><E116/><V77/><F56/><W39/><G39/><N who="1" m="14858" /><E42/><V44/><F44/><W52/><G52/><T62/><D62/><U95/><E60/><V134/><F49/><W34/><G34/><T19/><D13/><RYUUKYOKU ba="0,0" sc="250,10,250,-30,250,10,250,10" hai0="16,18,19,74,76,82,92,97,112,113" hai2="21,27,31,77,83,84,86,88,132,134" hai3="0,3,6,10,15,17,20,25,80,81,85,89,90" /><INIT seed="0,1,0,1,4,91" ten="260,220,260,260" oya="0" hai0="59,42,113,15,9,58,121,11,134,8,106,61,100" hai1="132,85,0,35,16,62,87,23,82,26,92,99,29" hai2="20,30,125,81,1,43,21,89,109,32,129,27,98" hai3="133,117,50,63,102,112,75,4,57,6,78,69,28"/><T80/><D121/><U77/><E132/><V36/><F1/><W73/><G112/><T56/><D113/><U65/><E0/><V110/><F36/><W71/><G117/><T66/><D134/><U52/><E87/><V31/><F43/><W122/><G133/><T103/><D42/><U96/><E92/><V104/><F104/><W55/><G28/><T105/><D80/><U90/><E77/><V118/><F81/><W97/><G122/><T116/><D116/><U76/><E76/><V25/><F118/><W12/><G69/><T114/><D114/><U94/><E82/><V93/><F32/><W48/><G48/><T70/><REACH who="0" step="1"/><D15/><REACH who="0" ten="250,220,260,260" step="2"/><U13/><REACH who="1" step="1"/><E52/><REACH who="1" ten="250,210,260,260" step="2"/><V74/><F74/><W111/><G73/><T44/><D44/><U2/><E2/><V72/><F72/><W17/><G75/><T5/><D5/><U22/><E22/><V49/><F21/><W130/><G6/><T47/><D47/><U34/><E34/><V107/><F20/><W10/><G4/><T119/><D119/><U95/><E95/><V131/><F93/><W127/><G55/><T19/><D19/><U124/><E124/><V38/><F31/><W39/><G17/><T51/><D51/><U135/><E135/><V45/><F49/><W115/><G50/><T128/><D128/><U86/><E86/><V120/><F131/><W126/><G130/><T123/><D123/><U68/><AGARI ba="1,2" hai="13,16,23,26,29,35,62,65,68,85,90,94,96,99" machi="68" ten="20,12000,2" yaku="1,1,0,1,7,1,52,1,54,1,53,1" doraHai="91" doraHaiUra="67" who="1" fromWho="1" sc="250,-61,210,143,260,-31,260,-31" /><INIT seed="1,0,0,3,0,105" ten="189,353,229,229" oya="1" hai0="3,50,82,45,72,73,60,52,131,18,134,97,88" hai1="58,77,4,76,59,104,32,117,126,124,108,107,44" hai2="11,10,116,55,62,13,6,75,78,16,96,130,89" hai3="70,36,68,106,21,90,29,69,8,40,43,51,9"/><U20/><E32/><V132/><F116/><W24/><G36/><T17/><D3/><U42/><E4/><V26/><F132/><W119/><G119/><T83/><D134/><U109/><E117/><V95/><F130/><W2/><G106/><N who="1" m="40490" /><E20/><V84/><F75/><W87/><G2/><T129/><D60/><U115/><E115/><V93/><F78/><N who="1" m="30313" /><E44/><V67/><F55/><W39/><G39/><T47/><D50/><U92/><E42/><V54/><F54/><W23/><G23/><T111/><D52/><U27/><E27/><V41/><F41/><W85/><G51/><T30/><D30/><U15/><E15/><V22/><F11/><W100/><G100/><T61/><D61/><U7/><E92/><V37/><F37/><W86/><G90/><T80/><D80/><U63/><E7/><V12/><F62/><W133/><G43/><T19/><D19/><U135/><E135/><V71/><F71/><W35/><G40/><T31/><D31/><U5/><E5/><V48/><F67/><W113/><G113/><T66/><D66/><N who="1" m="39287" /><E59/><V79/><F79/><W110/><G133/><T1/><D1/><U64/><E64/><V28/><F48/><W65/><G65/><T118/><D118/><U122/><E122/><V98/><F95/><W121/><G35/><T81/><D81/><U114/><E114/><V33/><AGARI ba="0,0" hai="6,10,12,13,16,22,26,28,33,84,89,93,96,98" machi="33" ten="20,2700,0" yaku="0,1,7,1,54,1" doraHai="105" who="2" fromWho="2" sc="189,-7,353,-13,229,27,229,-7" /><INIT seed="2,0,0,4,3,69" ten="182,340,256,222" oya="2" hai0="66,52,91,75,72,24,104,6,88,26,13,96,78" hai1="122,84,29,86,97,56,49,51,38,95,115,106,53" hai2="16,111,93,99,59,31,94,17,80,30,60,117,110" hai3="0,116,54,109,81,64,108,62,70,15,101,3,98"/><V20/><F117/><W100/><G116/><T61/><D104/><U11/><E115/><V42/><F42/><W79/><G54/><T120/><D120/><U4/><E38/><V9/><F80/><W22/><G15/><T125/><D125/><U36/><E36/><V7/><F17/><W33/><G22/><T121/><D121/><U89/><E122/><V126/><F126/><W76/><G33/><T135/><D135/><U55/><E29/><V65/><F94/><W68/><G62/><T67/><D78/><N who="3" m="29737" /><G64/><T28/><D28/><U83/><E106/><V87/><F87/><W112/><G112/><T41/><D41/><U12/><REACH who="1" step="1"/><E83/><REACH who="1" ten="182,330,256,222" step="2"/><V14/><F31/><W129/><G81/><T128/><D128/><U119/><E119/><V85/><F30/><W39/><G39/><T118/><D118/><U90/><E90/><V134/><F134/><W40/><G129/><T113/><D113/><U10/><E10/><V58/><F9/><W57/><G100/><T18/><D91/><U19/><E19/><V21/><F16/><W8/><G8/><T102/><D102/><U27/><E27/><V43/><F7/><W46/><G101/><T37/><D37/><U44/><AGARI ba="0,1" hai="4,11,12,44,49,51,53,55,56,84,86,89,95,97" machi="44" ten="20,5200,0" yaku="1,1,0,1,7,1,8,1,53,0" doraHai="69" doraHaiUra="124" who="1" fromWho="1" sc="182,-13,330,62,256,-26,222,-13" /><INIT seed="3,0,0,2,4,124" ten="169,392,230,209" oya="3" hai0="111,25,115,117,92,118,91,93,107,108,19,36,66" hai1="79,100,99,101,54,134,95,0,82,81,112,120,44" hai2="73,18,7,63,3,30,75,127,102,16,57,104,5" hai3="55,96,61,125,32,106,60,135,78,13,116,64,77"/><W119/><G125/><T56/><D36/><U97/><E0/><V128/><F127/><W71/><G32/><T34/><D107/><U35/><E35/><V15/><F30/><W87/><G135/><T41/><D41/><U89/><E54/><V85/><F85/><W65/><G55/><T45/><D45/><U122/><E44/><V113/><F113/><W80/><G78/><T130/><D115/><U4/><E4/><V47/><F104/><W86/><G86/><T6/><D6/><U105/><E134/><V74/><F102/><W20/><G96/><T84/><D93/><U24/><E24/><V51/><F18/><W31/><G106/><T88/><D91/><U42/><E42/><V21/><F3/><W123/><G123/><T2/><D2/><U49/><E49/><V1/><F1/><W17/><REACH who="3" step="1"/><G31/><REACH who="3" ten="169,392,230,199" step="2"/><T43/><D34/><U23/><E112/><V126/><F126/><W103/><G103/><T94/><D117/><U132/><E132/><V133/><F133/><W39/><G39/><T38/><D118/><U98/><E101/><V9/><F75/><W110/><G110/><T29/><D29/><U52/><E122/><V27/><F74/><W50/><G50/><T121/><D121/><U37/><E120/><V83/><F73/><W109/><G109/><T40/><D38/><U26/><E37/><V68/><F51/><W69/><AGARI ba="0,1" hai="13,17,20,60,61,64,65,69,71,77,80,87,116,119" machi="69" ten="20,12000,1" yaku="1,1,0,1,7,1,9,1,53,1" doraHai="124" doraHaiUra="72" who="3" fromWho="3" sc="169,-40,392,-40,230,-40,199,130" /><INIT seed="3,1,0,5,4,123" ten="129,352,190,329" oya="3" hai0="17,20,121,84,126,28,45,37,82,63,43,120,118" hai1="46,4,131,103,79,114,36,69,2,124,15,41,94" hai2="77,130,107,21,80,104,49,111,96,25,50,73,59" hai3="105,18,129,85,119,68,81,11,38,75,86,102,71"/><W60/><G119/><T89/><D126/><U133/><E114/><V125/><F125/><W100/><G38/><T88/><D118/><U95/><E124/><V74/><F74/><W44/><G129/><T58/><D28/><U51/><E2/><V128/><F50/><W7/><G44/><T35/><D35/><U67/><E133/><V42/><F96/><W0/><G75/><T16/><D89/><U116/><E103/><V101/><F101/><W6/><G86/><T91/><D91/><U117/><E79/><V22/><F107/><W61/><G7/><T112/><D112/><U90/><E95/><V27/><F104/><W66/><G18/><T83/><D83/><U12/><E4/><V5/><F5/><W52/><G105/><T14/><REACH who="0" step="1"/><D17/><REACH who="0" ten="119,352,190,329" step="2"/><U65/><E117/><V10/><F130/><W1/><G1/><T57/><D57/><U29/><E116/><V72/><F59/><W48/><G71/><T23/><D23/><U132/><E69/><V31/><F128/><W55/><G61/><T30/><D30/><U40/><E29/><V47/><F10/><W115/><G115/><T109/><D109/><U62/><E62/><V24/><F73/><W93/><G81/><T78/><D78/><U53/><E131/><V113/><F113/><W54/><G48/><T76/><D76/><U98/><E51/><V19/><REACH who="2" step="1"/><F111/><REACH who="2" ten="119,352,180,329" step="2"/><W56/><G68/><T92/><D92/><U34/><E94/><V122/><F122/><W64/><G93/><T127/><D127/><U135/><E98/><V106/><F106/><W3/><G102/><T110/><D110/><RYUUKYOKU ba="1,2" sc="119,15,352,-15,180,15,329,-15" hai0="14,16,20,37,43,45,58,63,82,84,88,120,121" hai2="19,21,22,24,25,27,31,42,47,49,72,77,80" /><INIT seed="4,2,2,0,2,36" ten="134,337,195,314" oya="0" hai0="109,46,97,48,60,7,0,107,125,84,64,17,115" hai1="1,41,9,14,29,44,67,106,80,62,113,47,50" hai2="16,88,95,68,63,111,4,3,8,86,96,114,133" hai3="35,103,11,123,126,79,90,110,13,34,40,58,25"/><T30/><D30/><U128/><E1/><V28/><F28/><W15/><G110/><T70/><D109/><U94/><E106/><V76/><F111/><W5/><G126/><T81/><D125/><U83/><E128/><V116/><F68/><W39/><G123/><T23/><D115/><U118/><E118/><V75/><F75/><W131/><G103/><T129/><D129/><U27/><E47/><V99/><F116/><W26/><G79/><T93/><D107/><U20/><E94/><V12/><F114/><W98/><G58/><T108/><D7/><U65/><E113/><V56/><F76/><W92/><G15/><T66/><D0/><U132/><E132/><V134/><F133/><W87/><G131/><T38/><D38/><U24/><E24/><V100/><F134/><W37/><G37/><T55/><D108/><U124/><E124/><V71/><F71/><W127/><G127/><T104/><D104/><U112/><E112/><V91/><F100/><W78/><G25/><T42/><D97/><U105/><E105/><V18/><F3/><W19/><G78/><N who="0" m="46135" /><D93/><U135/><E135/><V43/><F43/><W82/><G98/><T117/><D117/><U101/><E101/><V49/><F49/><W57/><G92/><T53/><D66/><N who="1" m="25099" /><E62/><V130/><F130/><W89/><G35/><T122/><D122/><U45/><E45/><V52/><F99/><W85/><G34/><T119/><D119/><U59/><E59/><V51/><F63/><W121/><G57/><T32/><D32/><U22/><E22/><V72/><F72/><W77/><G121/><RYUUKYOKU ba="2,2" sc="134,10,337,10,195,10,314,-30" hai0="17,23,42,46,48,53,55,60,64,70" hai1="9,14,20,27,29,41,44,50,80,83" hai2="4,8,12,16,18,51,52,56,86,88,91,95,96" /><INIT seed="4,3,2,1,0,120" ten="144,347,205,284" oya="0" hai0="82,80,41,0,132,91,126,84,87,76,102,83,70" hai1="122,67,121,134,19,92,104,25,9,35,88,124,101" hai2="135,123,53,50,42,14,44,99,64,48,108,105,106" hai3="7,96,73,3,94,26,112,100,71,93,130,129,52"/><T34/><D0/><U43/><E43/><V75/><F75/><W21/><G71/><T13/><D70/><U17/><E104/><V125/><F123/><W113/><G7/><T58/><D34/><U55/><E101/><V116/><F64/><W78/><G3/><T56/><D132/><U81/><E124/><V65/><F65/><W77/><G21/><T118/><D118/><U133/><E81/><V114/><F116/><W79/><G52/><T47/><D102/><U74/><E67/><V115/><F135/><N who="1" m="51721" /><E74/><V24/><F125/><W59/><G59/><T86/><D126/><U131/><E131/><N who="3" m="50186" /><G26/><T127/><D127/><U45/><E19/><V110/><F24/><W109/><G109/><N who="2" m="42089" /><F99/><N who="3" m="59503" /><G73/><T37/><REACH who="0" step="1"/><D13/><REACH who="0" ten="134,347,205,284" step="2"/><N who="1" m="7343" /><E122/><V57/><F14/><W33/><G33/><T4/><D4/><U23/><E35/><V39/><F39/><W66/><G66/><T28/><D28/><U85/><E121/><V11/><F11/><W68/><G68/><T111/><D111/><U12/><E12/><V18/><F18/><W38/><G38/><T98/><D98/><U46/><E25/><V15/><F15/><W8/><G8/><T119/><D119/><U29/><E29/><V40/><F40/><W49/><G96/><T1/><D1/><U10/><E10/><V22/><F22/><W31/><G31/><T97/><D97/><U2/><E23/><V36/><F36/><W95/><G49/><T20/><D20/><U62/><E2/><V6/><F6/><W72/><G72/><T61/><D61/><U54/><E62/><V51/><F51/><W27/><G27/><RYUUKYOKU ba="3,3" sc="134,0,347,0,205,0,284,0" hai0="37,41,47,56,58,76,80,82,83,84,86,87,91" hai1="45,46,54,55,85,88,92" hai2="42,44,48,50,53,57,105,106,114,115" hai3="77,78,79,94,95,112,113" /><INIT seed="4,4,3,3,0,130" ten="134,347,205,284" oya="0" hai0="6,3,72,94,16,99,104,134,100,82,32,133,59" hai1="113,46,22,33,125,27,117,43,38,65,105,37,75" hai2="19,66,18,126,101,115,114,64,131,97,50,15,49" hai3="68,87,107,78,62,85,83,26,79,63,110,47,77"/><T81/><D32/><U44/><E117/><V74/><F74/><W112/><G110/><T61/><D3/><U0/><E105/><V56/><F131/><W14/><G107/><T119/><D6/><U2/><E33/><V11/><F19/><W10/><G112/><N who="2" m="43049" /><F126/><W124/><G124/><T24/><D119/><U95/><E65/><N who="2" m="25195" /><F56/><W93/><G68/><T108/><D104/><AGARI ba="4,3" hai="11,15,18,49,50,97,101,104" m="25195,43049" machi="104" ten="30,1000,0" yaku="15,1" doraHai="130" who="2" fromWho="0" sc="134,-22,347,0,205,52,284,0" /><INIT seed="5,0,0,3,5,10" ten="112,347,257,284" oya="1" hai0="61,54,4,90,116,80,120,78,134,68,29,57,75" hai1="71,47,130,99,60,83,81,88,111,85,46,100,77" hai2="30,20,21,14,39,16,62,55,67,89,103,40,50" hai3="64,126,36,8,108,35,32,115,25,66,41,65,97"/><U121/><E121/><V63/><F39/><W133/><G108/><T11/><D116/><U117/><E117/><V26/><F103/><W49/><G115/><T33/><D120/><U110/><E47/><V87/><F40/><W129/><G129/><T127/><D127/><U135/><E46/><V42/><F42/><W9/><G126/><T72/><D134/><U86/><E60/><V31/><F31/><W107/><G36/><T44/><D90/><U95/><E71/><V12/><F67/><W53/><G41/><T15/><D68/><U131/><E135/><V6/><F6/><W128/><G128/><AGARI ba="0,0" hai="77,81,83,85,86,88,95,99,100,110,111,128,130,131" machi="128" ten="40,12000,1" yaku="19,1,34,3,54,1" doraHai="10" who="1" fromWho="3" sc="112,0,347,120,257,0,284,-120" /><INIT seed="5,1,0,1,1,37" ten="112,467,257,164" oya="1" hai0="45,57,47,64,51,91,86,90,121,127,43,20,69" hai1="76,52,79,83,4,53,88,82,93,94,104,108,113" hai2="107,110,50,80,28,72,122,133,120,55,3,23,129" hai3="29,134,21,15,24,26,96,27,25,112,40,87,118"/><U66/><E104/><V61/><F3/><W5/><G112/><T126/><D121/><U17/><E66/><V14/><F107/><W105/><G134/><T98/><D69/><U6/><E17/><V92/><F110/><W48/><G118/><T0/><D0/><U95/><E113/><V101/><F133/><W125/><G125/><N who="0" m="47627" /><D98/><U130/><E130/><V103/><F129/><W73/><G73/><T12/><D47/><U115/><E115/><V106/><F106/><W102/><G87/><T42/><D64/><U62/><E62/><V58/><F120/><W63/><G63/><T99/><D57/><U114/><E114/><V8/><F122/><W1/><G1/><T100/><D86/><U84/><E108/><V59/><F72/><W18/><G5/><N who="1" m="2154" /><E83/><V32/><F32/><W109/><G109/><T46/><D12/><U89/><E89/><N who="0" m="33801" /><D20/><U16/><E79/><V128/><F80/><W39/><G39/><N who="0" m="21727" /><D99/><U41/><E76/><V60/><F128/><W30/><N who="3" m="6144" /><DORA hai="117" /><W22/><REACH who="3" step="1"/><G22/><REACH who="3" ten="112,467,257,154" step="2"/><T119/><D100/><U74/><E74/><V116/><F103/><W35/><G35/><T65/><D65/><U123/><E123/><V2/><F101/><W33/><G33/><T10/><D119/><U49/><E84/><V13/><F116/><W36/><G36/><T135/><D135/><U124/><E124/><V54/><F2/><W131/><G131/><T34/><D34/><U81/><E81/><V31/><F23/><W85/><G85/><T132/><D132/><U56/><E82/><V70/><F61/><W71/><G71/><T68/><D68/><RYUUKYOKU ba="1,1" sc="112,15,467,-15,257,-15,154,15" hai0="10,43,46,51" hai3="15,18,21,29,30,40,48,96,102,105" /><INIT seed="6,2,1,3,5,121" ten="127,452,242,169" oya="2" hai0="56,106,87,28,10,89,33,132,46,8,120,100,21" hai1="105,99,45,16,83,12,128,29,113,102,127,68,50" hai2="82,49,95,53,44,41,27,65,119,13,70,5,36" hai3="103,104,111,9,130,60,133,77,78,85,126,97,52"/><V25/><F119/><W63/><G133/><T81/><D120/><U51/><E113/><V58/><F95/><W101/><G130/><T135/><D33/><U17/><E127/><V118/><F82/><W48/><G126/><T47/><D56/><U124/><E68/><V37/><F118/><W7/><G103/><T84/><D100/><U62/><E62/><N who="2" m="40247" /><F37/><W42/><G111/><T93/><D106/><U11/><E128/><V123/><F123/><W75/><G42/><T92/><D28/><U90/><E124/><V117/><F117/><W86/><G75/><T74/><D21/><U57/><E90/><V19/><F5/><W2/><G86/><T4/><D74/><U98/><E98/><V107/><F107/><W108/><G108/><T14/><D10/><AGARI ba="2,1" hai="10,13,19,25,27,36,41,44,49,53,58" m="40247" machi="10" ten="30,1500,0" yaku="24,1" doraHai="121" who="2" fromWho="0" sc="127,-21,452,0,242,31,169,0" /><INIT seed="6,3,0,2,5,103" ten="106,452,273,169" oya="2" hai0="66,117,13,119,11,15,8,20,3,1,98,83,58" hai1="74,67,44,102,72,114,131,55,68,64,50,110,6" hai2="14,118,80,30,17,127,70,130,10,39,92,37,75" hai3="29,48,65,134,104,121,56,49,90,12,105,46,59"/><V40/><F70/><W115/><G121/><T89/><D66/><U116/><E114/><V88/><F118/><N who="0" m="45066" /><D83/><U122/><E131/><V132/><F130/><W24/><G115/><T108/><D58/><U5/><E110/><V99/><F30/><W57/><G134/><T62/><D62/><U35/><E74/><V107/><F132/><W78/><G65/><T126/><D89/><U18/><E72/><V129/><F129/><W25/><G78/><T79/><D79/><U60/><E35/><V82/><F40/><W54/><G90/><T31/><D98/><U42/><E122/><V101/><F127/><W87/><G87/><T95/><D95/><U94/><E67/><V61/><F61/><W97/><G49/><T2/><D108/><U27/><E116/><V26/><F26/><W33/><G97/><T124/><D31/><U22/><E102/><V51/><F51/><W41/><G41/><T77/><D20/><U4/><E94/><V125/><F125/><N who="0" m="48234" /><D77/><U36/><E42/><V7/><F82/><W109/><G109/><T16/><D1/><U52/><E55/><V69/><F69/><W93/><G93/><T34/><D34/><U113/><E113/><V84/><F7/><AGARI ba="3,0" hai="2,3,7,8,11,13,15,16" m="48234,45066" machi="7" ten="30,8000,1" yaku="12,1,18,1,34,2,54,1" doraHai="103" who="0" fromWho="2" sc="106,89,452,0,273,-89,169,0" /><INIT seed="7,0,0,3,2,112" ten="195,452,184,169" oya="3" hai0="105,15,73,21,38,101,58,125,8,116,41,135,54" hai1="16,129,67,1,114,97,47,95,46,127,104,42,94" hai2="83,117,22,6,50,34,74,72,53,96,3,79,134" hai3="89,65,93,99,23,40,100,90,56,55,36,28,120"/><W119/><G120/><T30/><D73/><U115/><E127/><V11/><F117/><W31/><G119/><T82/><D82/><U61/><E1/><V5/><F34/><W121/><G121/><T76/><D76/><U86/><E129/><V70/><F70/><W108/><G108/><T0/><D0/><U4/><E4/><V130/><F6/><W60/><G36/><T17/><D125/><U32/><E16/><V128/><F74/><W133/><G133/><T19/><D116/><U25/><E25/><V113/><F134/><W118/><G118/><T102/><D30/><N who="3" m="11305" /><G40/><T49/><D105/><U59/><E104/><V18/><F96/><W7/><G7/><T75/><D75/><U71/><E32/><V48/><F113/><N who="1" m="43017" /><E42/><V123/><F123/><W77/><G77/><T35/><D35/><U131/><E131/><N who="2" m="50219" /><F53/><W2/><G2/><T63/><D38/><U64/><E64/><V9/><F9/><W81/><G81/><T14/><D135/><U62/><E97/><V20/><F20/><W87/><G87/><T27/><D27/><AGARI ba="0,0" hai="3,5,11,18,22,27,48,50,72,79,83" m="50219" machi="27" ten="30,1000,0" yaku="19,1" doraHai="112" who="2" fromWho="0" sc="195,-10,452,0,184,10,169,0" owari="185,-21.0,452,55.0,194,-1.0,169,-33.0" /></mjloggm>