<mjloggm ver="2.3"><GO type="41" lobby="0"/><UN n0="%E9%81%8B%E6%AF%9B" n1="%E3%82%B9%E3%83%86%E3%82%A3%E3%83%AB%E3%82%A4%E3%83%AB" n2="%E2%93%9D%53%75%70%68%78" n3="%62%6C%6F%77%69%6E" dan="14,13,18,15" rate="1934.82,1941.85,2152.63,1960.97" sx="M,M,M,M"/><TAIKYOKU oya="0"/><INIT seed="0,0,0,4,0,47" ten="250,250,250,250" oya="0" hai0="53,105,135,59,26,94,111,38,133,2,12,72,68" hai1="73,100,25,134,84,55,123,118,89,130,14,11,80" hai2="27,113,125,103,109,23,102,95,107,45,96,90,43" hai3="34,66,57,106,116,28,129,8,35,121,101,75,51"/><T91/><D68/><U62/><E123/><V10/><F109/><W48/><G75/><T41/><D2/><U92/><E118/><V87/><F125/><W60/><G116/><T104/><D72/><U122/><E122/><V69/><F113/><W40/><G121/><T97/><D111/><U46/><E134/><N who="0" m="51209" /><D26/><U119/><E119/><V63/><F10/><W71/><G129/><T39/><D12/><U15/><E130/><V52/><F69/><W110/><G110/><T86/><D41/><U20/><E73/><V44/><F103/><W81/><G101/><N who="0" m="62511" /><D105/><U50/><E62/><AGARI ba="0,0" hai="38,39,53,59,62,86,91,94" m="62511,51209" machi="62" ten="30,1500,0" yaku="20,1" doraHai="47" who="0" fromWho="1" sc="250,15,250,-15,250,0,250,0" /><INIT seed="0,1,0,4,4,15" ten="265,235,250,250" oya="0" hai0="85,97,41,44,5,115,71,119,78,84,48,25,60" hai1="34,132,4,70,31,100,54,33,86,73,105,108,3" hai2="23,83,11,62,6,30,19,0,107,135,51,17,26" hai3="94,113,87,90,77,131,114,52,12,28,118,29,40"/><T57/><D119/><U55/><E73/><V106/><F135/><W42/><G118/><T134/><D115/><U120/><E120/><V125/><F125/><W18/><G131/><T130/><D130/><U20/><E70/><V76/><F51/><W75/><G75/><T79/><D134/><U49/><E132/><V89/><F89/><W104/><G104/><T7/><D71/><U1/><E108/><V69/><F107/><W63/><G77/><N who="0" m="29195" /><D97/><U102/><E105/><V123/><F123/><W111/><G111/><T8/><D25/><U46/><E86/><N who="0" m="33385" /><D8/><U2/><E4/><V99/><F99/><W112/><G29/><T91/><D91/><U82/><E82/><V98/><F83/><W38/><G28/><T59/><D59/><U68/><E68/><V81/><F81/><W109/><G109/><T14/><D14/><U124/><E124/><V37/><F76/><W126/><G38/><T39/><D39/><U24/><REACH who="1" step="1"/><E55/><AGARI ba="1,0" hai="5,7,41,44,48,55,57,60" m="33385,29195" machi="55" ten="30,1500,0" yaku="8,1" doraHai="15" who="0" fromWho="1" sc="265,18,235,-18,250,0,250,0" /><INIT seed="0,2,0,3,0,65" ten="283,217,250,250" oya="0" hai0="57,9,81,105,134,71,93,43,10,113,85,39,22" hai1="77,112,92,36,11,126,15,25,75,89,86,73,34" hai2="31,41,82,83,80,55,107,94,42,28,88,46,124" hai3="122,6,61,17,103,50,67,14,29,97,4,90,47"/><T84/><D113/><U40/><E112/><V133/><F107/><W56/><G122/><T109/><D105/><U62/><E126/><V58/><F133/><W21/><G29/><N who="2" m="11337" /><F46/><W35/><G35/><T26/><D134/><U8/><E34/><V51/><F124/><W135/><G90/><T106/><D106/><U132/><E25/><V116/><F116/><W63/><G61/><T130/><D130/><U44/><E77/><V118/><F118/><W78/><G78/><T101/><D71/><U7/><E11/><V114/><F114/><W18/><G135/><T60/><D109/><U117/><E117/><V121/><F121/><W131/><G131/><T91/><D39/><U115/><E115/><V102/><F102/><W123/><G123/><T99/><D43/><U45/><E132/><V111/><F111/><W72/><G72/><T24/><D85/><AGARI ba="2,0" hai="41,42,51,55,58,80,82,83,85,88,94" m="11337" machi="85" ten="30,2000,0" yaku="8,1,54,1" doraHai="65" who="2" fromWho="0" sc="283,-26,217,0,250,26,250,0" /><INIT seed="1,0,0,5,5,32" ten="257,217,276,250" oya="1" hai0="25,28,98,31,61,135,1,45,79,5,121,113,78" hai1="125,22,74,14,7,103,3,104,44,8,48,19,17" hai2="65,47,62,84,77,37,115,90,80,15,109,13,43" hai3="54,49,132,35,110,46,114,53,117,55,129,4,27"/><U118/><E118/><V119/><F109/><W58/><G110/><T95/><D113/><U69/><E69/><V33/><F119/><W127/><G117/><T92/><D135/><U99/><E125/><V63/><F33/><W81/><G114/><T131/><D131/><U88/><E74/><V134/><F115/><W105/><G105/><T18/><D18/><U16/><REACH who="1" step="1"/><E88/><REACH who="1" ten="257,207,276,250" step="2"/><V72/><F134/><W42/><G127/><T112/><D112/><U85/><E85/><V70/><REACH who="2" step="1"/><F63/><REACH who="2" ten="257,207,266,250" step="2"/><N who="3" m="36303" /><G132/><T106/><D61/><U91/><E91/><V122/><F122/><W101/><G129/><T60/><D121/><U97/><E97/><V38/><F38/><W9/><G101/><T64/><D60/><U10/><E10/><V93/><AGARI ba="0,2" hai="13,15,37,43,47,62,65,70,72,77,80,84,90,93" machi="93" ten="20,5200,0" yaku="1,1,0,1,7,1,53,1" doraHai="32" doraHaiUra="67" who="2" fromWho="2" sc="257,-13,207,-26,266,72,250,-13" /><INIT seed="2,0,0,0,5,13" ten="244,181,338,237" oya="2" hai0="87,33,117,2,22,19,123,36,0,31,66,125,12" hai1="96,24,46,25,79,67,88,62,95,17,58,84,73" hai2="41,27,124,112,75,44,127,51,94,113,37,29,129" hai3="115,111,126,55,56,130,105,60,69,32,10,43,131"/><V59/><F75/><W81/><G111/><T89/><D36/><U20/><E73/><V83/><F83/><W100/><G32/><T9/><D123/><U80/><REACH who="1" step="1"/><E46/><REACH who="1" ten="244,171,338,237" step="2"/><V11/><F113/><W98/><G115/><T91/><D117/><U49/><E49/><V86/><F112/><W40/><G126/><T21/><D125/><U93/><E93/><V72/><F72/><W7/><G81/><T128/><D128/><N who="3" m="49193" /><G69/><T48/><D48/><U64/><E64/><V18/><F129/><W6/><G6/><T34/><D66/><U28/><E28/><V45/><F127/><W70/><G70/><T15/><D87/><U16/><E16/><V107/><F124/><W65/><G65/><T104/><D104/><U8/><E8/><V120/><F107/><W108/><G108/><T30/><D91/><U26/><AGARI ba="0,1" hai="17,20,24,25,26,58,62,67,79,80,84,88,95,96" machi="26" ten="20,12000,2" yaku="1,1,0,1,7,1,8,1,52,1,54,1,53,0" doraHai="13" doraHaiUra="133" who="1" fromWho="1" sc="244,-30,171,130,338,-60,237,-30" /><INIT seed="3,0,0,5,2,98" ten="214,301,278,207" oya="3" hai0="78,71,66,1,70,80,64,126,97,54,87,46,36" hai1="49,55,127,67,33,32,22,119,82,81,39,26,113" hai2="116,35,38,13,112,101,37,43,68,62,93,9,52" hai3="63,89,75,3,96,104,110,40,115,74,50,120,134"/><W8/><G115/><T83/><D1/><U4/><E113/><V105/><F112/><W16/><G120/><T30/><D126/><U42/><E127/><V132/><F105/><W48/><G134/><T0/><D0/><U106/><E106/><V53/><F35/><W79/><G110/><T15/><D30/><U118/><E4/><V7/><F116/><W114/><G114/><T124/><D124/><U85/><E67/><V130/><F130/><W88/><G3/><T47/><D97/><U94/><E39/><V129/><F129/><W17/><G79/><T86/><D15/><U45/><E42/><V57/><F68/><W84/><G104/><T61/><D54/><U19/><E94/><V20/><F43/><W12/><G63/><T117/><D117/><N who="1" m="44555" /><E81/><V27/><F132/><W11/><G40/><T92/><D92/><U59/><E45/><V128/><F128/><W100/><G100/><T111/><D111/><U25/><E25/><V108/><F108/><W56/><G96/><T76/><REACH who="0" step="1"/><D36/><REACH who="0" ten="204,301,278,207" step="2"/><U77/><AGARI ba="0,1" hai="19,22,26,32,33,49,55,59,77,82,85" m="44555" machi="77" ten="30,1100,0" yaku="12,1" doraHai="98" who="1" fromWho="1" sc="204,-3,301,21,278,-3,207,-5" /><INIT seed="4,0,0,5,5,25" ten="201,322,275,202" oya="0" hai0="113,108,15,70,103,88,112,14,82,133,19,42,126" hai1="122,55,67,29,3,120,66,32,72,99,75,114,68" hai2="106,77,48,90,54,53,50,124,135,17,84,43,52" hai3="131,28,97,57,4,93,89,115,36,107,18,65,21"/><T100/><D70/><U2/><E114/><N who="0" m="44137" /><D126/><U22/><E32/><V37/><F106/><W39/><G115/><T117/><D133/><U13/><E68/><V83/><F135/><W128/><G107/><T0/><D0/><U74/><E99/><V7/><F37/><W73/><G73/><T121/><D121/><U49/><E29/><V47/><F7/><W26/><G4/><T95/><D117/><U10/><E22/><V64/><F64/><W63/><REACH who="3" step="1"/><G18/><REACH who="3" ten="201,322,275,192" step="2"/><T80/><D19/><U71/><E122/><V46/><F124/><W35/><G35/><T86/><D108/><U109/><E120/><V44/><F17/><W30/><G30/><T62/><D42/><U16/><E109/><V132/><F132/><W38/><AGARI ba="0,1" hai="21,26,28,36,38,39,57,63,65,89,93,97,128,131" machi="38" ten="40,12000,2" yaku="1,1,0,1,52,1,53,3" doraHai="25" doraHaiUra="69" who="3" fromWho="3" sc="201,-60,322,-30,275,-30,192,130" /><INIT seed="5,0,0,1,3,76" ten="141,292,245,322" oya="1" hai0="62,26,117,92,72,57,105,3,120,25,42,133,104" hai1="132,17,32,74,43,93,135,84,83,118,88,90,14" hai2="96,6,61,34,64,79,24,27,134,53,67,82,85" hai3="54,95,38,30,116,103,19,94,39,49,48,31,41"/><U80/><E32/><V123/><F123/><W102/><G116/><T33/><D120/><U98/><E118/><V9/><F134/><N who="1" m="51241" /><E43/><V55/><F96/><W16/><G41/><T127/><D133/><U106/><E14/><V23/><F34/><W119/><G119/><T22/><D117/><U126/><E17/><V47/><F27/><W99/><G99/><T50/><D72/><U40/><E40/><V114/><F114/><W66/><G54/><T86/><D3/><U78/><E126/><V7/><F47/><W1/><G1/><T112/><D112/><U130/><E106/><V77/><F77/><W122/><G122/><T37/><D127/><U44/><E44/><V8/><F8/><W129/><REACH who="3" step="1"/><G66/><REACH who="3" ten="141,292,245,312" step="2"/><T111/><D111/><U4/><E4/><V5/><F67/><W58/><G58/><T125/><D125/><U2/><E2/><V59/><REACH who="2" step="1"/><F9/><REACH who="2" ten="141,292,235,312" step="2"/><W81/><G81/><T89/><D37/><U70/><E70/><V21/><F21/><W15/><G15/><T10/><D33/><U20/><E20/><V65/><F65/><W63/><G63/><T69/><D69/><U36/><E36/><V73/><F73/><W51/><G51/><T109/><D109/><U115/><E115/><V46/><F46/><W113/><G113/><T108/><D108/><U12/><E12/><V100/><F100/><W56/><G56/><T60/><D105/><U35/><E35/><V0/><F0/><W11/><G11/><T68/><D68/><U110/><E110/><V101/><F101/><W52/><G52/><T18/><D104/><U131/><AGARI ba="0,2" hai="74,78,80,83,84,88,90,93,98,130,131" m="51241" machi="131" ten="30,18000,2" yaku="5,1,20,1,34,2,52,2,54,1" doraHai="76" who="1" fromWho="1" sc="141,-60,292,200,235,-60,312,-60" /><INIT seed="5,1,0,0,0,88" ten="81,492,175,252" oya="1" hai0="41,8,53,58,132,40,116,118,129,24,87,123,19" hai1="30,102,28,105,18,20,130,6,98,126,65,36,9" hai2="68,34,94,117,17,86,133,15,71,47,107,26,82" hai3="124,112,104,109,61,62,48,1,111,91,89,29,85"/><U121/><E36/><V119/><F107/><W74/><G104/><T73/><D73/><U59/><E121/><V46/><F133/><W95/><G74/><T78/><D132/><U99/><E99/><V79/><F71/><W70/><G1/><T93/><D123/><U106/><E130/><V33/><F68/><W84/><G112/><T42/><D129/><U27/><E126/><V52/><F119/><W120/><G120/><T66/><D66/><U54/><E65/><V37/><F117/><W11/><G124/><T110/><D110/><U135/><E106/><V35/><F26/><W64/><G29/><T100/><D78/><U39/><E39/><V75/><F37/><W25/><G25/><T56/><D56/><U13/><REACH who="1" step="1"/><E135/><REACH who="1" ten="81,482,175,252" step="2"/><V101/><F101/><W21/><G64/><T0/><D118/><U49/><AGARI ba="1,1" hai="6,9,13,18,20,27,28,30,49,54,59,98,102,105" machi="49" ten="20,12000,1" yaku="1,1,2,1,0,1,7,1,53,1" doraHai="88" doraHaiUra="12" who="1" fromWho="1" sc="81,-41,482,133,175,-41,252,-41" /><INIT seed="5,2,0,0,2,97" ten="40,615,134,211" oya="1" hai0="120,112,117,17,85,113,68,102,88,114,30,81,83" hai1="45,62,58,28,92,1,57,4,84,122,119,23,39" hai2="107,20,71,72,70,0,125,32,110,82,99,27,128" hai3="133,101,55,52,73,105,40,15,61,75,31,44,64"/><U10/><E119/><V100/><F110/><W98/><G133/><T129/><D68/><U65/><E39/><V9/><F128/><W3/><G3/><T2/><D2/><U33/><E33/><V67/><F125/><W63/><G15/><T19/><D30/><U111/><E45/><V26/><F26/><W124/><G124/><T93/><D17/><U22/><E111/><V104/><F104/><W127/><G127/><T49/><D19/><U96/><E84/><V115/><F115/><N who="0" m="29442" /><T54/><DORA hai="12" /><D54/><U66/><E28/><N who="2" m="19487" /><F20/><W21/><G75/><T43/><D43/><U126/><E122/><V86/><F86/><W116/><G73/><T18/><D18/><U134/><E134/><V42/><F42/><W6/><G6/><T132/><D49/><U36/><E36/><V91/><F67/><W90/><G90/><N who="0" m="51503" /><D132/><U123/><E123/><V11/><F11/><W80/><G80/><T130/><D120/><U53/><E66/><V121/><F121/><W87/><G87/><N who="0" m="50303" /><D117/><U25/><E25/><V13/><F13/><W131/><G116/><T94/><D94/><U8/><E8/><V5/><F71/><N who="3" m="42383" /><G63/><T60/><D60/><U77/><E126/><V41/><F70/><W78/><G40/><T74/><D74/><U24/><E24/><V16/><F41/><W108/><G108/><T106/><D106/><U76/><E23/><V79/><F16/><W95/><G21/><T69/><D69/><U38/><E22/><V7/><F7/><W135/><G135/><T109/><D109/><U59/><E4/><V35/><F35/><W48/><G31/><RYUUKYOKU ba="2,0" sc="40,15,615,-15,134,15,211,-15" hai0="93,102,129,130" hai2="0,5,9,72,79,82,91,99,100,107" /><INIT seed="6,3,0,1,0,23" ten="55,600,149,196" oya="2" hai0="47,63,42,18,118,67,117,127,121,113,114,36,60" hai1="12,78,72,107,85,98,55,69,57,76,106,28,38" hai2="50,68,104,115,131,129,66,91,21,26,75,126,33" hai3="103,19,51,81,6,15,39,83,96,37,74,64,135"/><V44/><F75/><W130/><G135/><T100/><D18/><U9/><E38/><V110/><F104/><W65/><G6/><T32/><D100/><U93/><E69/><V27/><F115/><N who="0" m="44042" /><D32/><U111/><E28/><N who="2" m="19607" /><F126/><W119/><G119/><N who="0" m="45579" /><D127/><U88/><E111/><V101/><F101/><W49/><G130/><N who="2" m="49673" /><F91/><W58/><G39/><T13/><D13/><U46/><E46/><V61/><F110/><W108/><G108/><T128/><D128/><U92/><E72/><V41/><F21/><N who="3" m="11519" /><G37/><T89/><D89/><N who="1" m="55567" /><E107/><V11/><F11/><W30/><G74/><T99/><D99/><U109/><E109/><V14/><F14/><W20/><G96/><T45/><D45/><U29/><E29/><V112/><F112/><W0/><G103/><T123/><D63/><N who="1" m="36287" /><E106/><V94/><F94/><W31/><G83/><T62/><D62/><U53/><E53/><V5/><F5/><AGARI ba="3,0" hai="5,9,12,76,78,85,88,93" m="36287,55567" machi="5" ten="30,2000,0" yaku="8,1,54,1" doraHai="23" who="1" fromWho="2" sc="55,0,600,29,149,-29,196,0" /><INIT seed="7,0,0,5,4,31" ten="55,629,120,196" oya="3" hai0="111,104,40,90,12,28,95,79,128,61,83,47,75" hai1="4,39,80,9,18,101,87,10,119,78,73,113,25" hai2="105,88,130,129,109,72,43,38,112,32,13,118,116" hai3="93,115,57,133,45,65,54,127,124,1,69,86,94"/><W121/><G1/><T34/><D111/><U50/><E101/><V68/><RYUUKYOKU type="yao9" ba="0,0" sc="55,0,629,0,120,0,196,0" hai2="13,32,38,43,68,72,88,105,109,112,116,118,129,130" /><INIT seed="7,1,0,2,1,8" ten="55,629,120,196" oya="3" hai0="124,99,9,37,44,17,75,117,11,30,115,81,74" hai1="108,116,48,27,87,79,1,38,109,84,43,111,93" hai2="130,94,104,22,101,33,125,49,65,129,91,131,112" hai3="76,123,20,52,69,61,72,23,32,127,126,77,105"/><W47/><G32/><T92/><D117/><U12/><E1/><V13/><F125/><N who="3" m="47627" /><G105/><T16/><D124/><U63/><E38/><V110/><F112/><W113/><G113/><T55/><D30/><U60/><E27/><V18/><F110/><W3/><G3/><T98/><D115/><U53/><E43/><V102/><F104/><W28/><G123/><T21/><D21/><N who="3" m="8265" /><G28/><T85/><D55/><U26/><E26/><V58/><F33/><W59/><G72/><T57/><D57/><U119/><E79/><V35/><F35/><W70/><G47/><T42/><D75/><U0/><E0/><V83/><F83/><W133/><G133/><T82/><D74/><U106/><E106/><V31/><F31/><W41/><G41/><T120/><D120/><U6/><E93/><V135/><F135/><W86/><G86/><T7/><D11/><N who="1" m="4215" /><E84/><N who="2" m="52583" /><F131/><W62/><G70/><T100/><D99/><U64/><E87/><V89/><F130/><W121/><G121/><T128/><D128/><U78/><E119/><V118/><F118/><W66/><AGARI ba="1,0" hai="52,59,61,62,66,69,76,77" m="8265,47627" machi="66" ten="30,3000,0" yaku="18,1,54,1" doraHai="8" who="3" fromWho="3" sc="55,-11,629,-11,120,-11,196,33" /><INIT seed="7,2,0,4,0,62" ten="44,618,109,229" oya="3" hai0="67,44,133,135,61,73,57,43,26,4,98,129,55" hai1="122,32,5,105,95,17,96,97,18,36,14,106,38" hai2="84,109,9,102,42,22,47,53,132,48,69,103,126" hai3="81,107,120,77,11,64,78,90,130,114,88,72,115"/><W85/><G11/><T100/><D73/><U0/><E32/><V37/><F109/><W70/><G70/><N who="0" m="42351" /><D4/><U28/><E28/><V104/><F126/><W27/><G64/><T110/><D26/><U83/><E0/><V71/><F132/><N who="0" m="50762" /><D98/><U68/><E68/><V125/><F71/><W60/><G60/><N who="0" m="35903" /><D100/><U92/><E83/><V30/><F103/><W108/><G27/><T8/><D8/><U12/><E122/><V16/><F102/><W59/><G59/><T89/><D89/><U116/><E5/><V119/><F69/><W2/><G2/><T19/><D19/><U33/><E33/><V93/><F16/><W34/><G34/><T35/><D35/><U121/><E121/><V80/><F9/><W87/><G120/><T76/><D76/><U3/><E3/><V117/><F30/><W25/><G25/><T58/><D58/><U46/><E46/><V29/><F29/><W51/><G51/><N who="0" m="27039" /><D129/><U21/><E21/><V20/><F20/><W118/><G130/><T101/><D101/><U23/><E23/><V1/><F22/><W39/><G39/><T40/><D40/><U50/><E50/><V6/><F48/><W63/><G63/><T113/><D113/><N who="3" m="43017" /><G108/><AGARI ba="2,0" hai="108,110" m="27039,35903,50762,42351" machi="108" ten="30,7700,0" yaku="20,1,34,2,52,1" doraHai="62" who="0" fromWho="3" sc="44,83,618,0,109,0,229,-83" owari="127,-27.0,618,71.0,109,-39.0,146,-5.0" /></mjloggm>