<mjloggm ver="2.3"><GO type="41" lobby="0"/><UN n0="%E3%81%8F%E3%82%93%E3%81%8F%E3%82%80" n1="%E2%93%9D%53%75%70%68%78" n2="%70%6F%6B%65%69%69" n3="%73%75%70%65%72%69%6B%61" dan="14,18,14,15" rate="1995.13,2122.77,1920.83,2043.01" sx="M,M,M,M"/><TAIKYOKU oya="0"/><INIT seed="0,0,0,2,1,63" ten="250,250,250,250" oya="0" hai0="17,75,11,81,1,108,127,41,69,9,21,12,57" hai1="124,94,16,19,35,64,91,103,71,40,62,43,44" hai2="24,96,38,117,28,31,36,131,102,104,30,111,101" hai3="67,89,93,8,32,58,112,74,18,100,133,27,126"/><T80/><D69/><U26/><E124/><V72/><F72/><W4/><G74/><T34/><D34/><U110/><E110/><V88/><F111/><W65/><G112/><T59/><D108/><U22/><E35/><V6/><F131/><W15/><G126/><T13/><D127/><U116/><E116/><V70/><F70/><W2/><G133/><T105/><D105/><U33/><E33/><V66/><F66/><N who="3" m="25099" /><G2/><T20/><D1/><U130/><E103/><V14/><F102/><W3/><G3/><T97/><D41/><U113/><E130/><V42/><F117/><W53/><G32/><T129/><D129/><U107/><E107/><V68/><F68/><W125/><G100/><T39/><D39/><U95/><E113/><V123/><F123/><W45/><G125/><T23/><D97/><U76/><E76/><V120/><F120/><W5/><G45/><T77/><REACH who="0" step="1"/><D81/><REACH who="0" ten="240,250,250,250" step="2"/><U128/><E128/><V7/><F104/><W122/><G122/><T114/><D114/><U106/><E106/><V118/><F118/><W98/><G27/><T54/><D54/><U73/><E71/><V92/><F24/><W60/><AGARI ba="0,1" hai="4,5,8,15,18,53,58,60,89,93,98" m="25099" machi="60" ten="30,7900,0" yaku="8,1,52,3" doraHai="63" who="3" fromWho="3" sc="240,-39,250,-20,250,-20,250,89" /><INIT seed="1,0,0,5,3,18" ten="201,230,230,339" oya="1" hai0="84,109,9,94,20,68,120,21,126,35,92,47,129" hai1="6,132,98,25,93,45,16,76,73,58,52,113,26" hai2="46,4,110,60,125,86,124,135,66,32,122,95,130" hai3="40,3,10,131,19,11,102,74,104,69,96,121,43"/><U128/><E113/><V34/><F122/><W55/><G121/><T15/><D35/><U53/><E128/><V48/><F130/><W42/><G74/><T101/><D68/><U91/><E132/><V59/><F135/><W7/><G69/><T56/><D129/><U105/><E105/><V27/><F110/><W61/><G131/><T108/><D120/><U57/><E6/><V8/><F86/><W87/><G87/><T30/><D30/><U90/><E45/><V107/><F95/><N who="0" m="36394" /><D47/><U103/><E76/><V2/><F107/><W5/><G19/><T133/><D133/><U67/><E67/><V0/><F0/><W24/><G24/><N who="1" m="9322" /><E73/><V123/><F123/><W1/><G61/><T81/><D101/><U13/><E58/><V51/><F51/><W111/><REACH who="3" step="1"/><G55/><REACH who="3" ten="201,230,230,329" step="2"/><N who="1" m="21066" /><E57/><V97/><F59/><W115/><G115/><T77/><D56/><U112/><E112/><V62/><F62/><W31/><G31/><T134/><D134/><U44/><E44/><V72/><F46/><W28/><G28/><T80/><D126/><U79/><E79/><V23/><F60/><W78/><G78/><T85/><D109/><AGARI ba="0,1" hai="1,3,5,7,10,11,40,42,43,96,102,104,109,111" machi="109" ten="40,2600,0" yaku="1,1,9,1,53,0" doraHai="18" doraHaiUra="119" who="3" fromWho="0" sc="201,-26,230,0,230,0,329,36" /><INIT seed="2,0,0,5,0,107" ten="175,230,230,365" oya="2" hai0="67,39,120,135,23,20,77,50,103,121,0,92,42" hai1="97,49,123,31,62,66,14,81,57,51,59,18,104" hai2="11,105,134,22,15,2,130,55,72,128,16,102,108" hai3="5,38,45,71,54,65,99,116,113,40,96,19,30"/><V83/><F134/><W46/><G116/><T28/><D135/><U124/><E124/><V58/><F105/><W93/><G113/><T95/><D0/><U94/><E104/><V106/><F106/><W8/><G30/><T36/><D67/><U41/><E123/><V89/><F102/><W69/><G19/><T91/><D103/><U131/><E131/><N who="2" m="50219" /><F108/><W56/><G46/><T110/><D77/><U25/><E81/><V78/><F89/><W87/><G87/><T61/><D61/><U47/><E59/><V52/><F58/><W12/><G65/><T68/><D50/><U27/><E51/><V84/><F84/><W115/><G115/><T32/><D28/><U1/><E1/><V4/><AGARI ba="0,0" hai="2,4,11,15,16,22,52,55,72,78,83" m="50219" machi="4" ten="30,11700,0" yaku="19,1,52,1,54,2" doraHai="107" who="2" fromWho="2" sc="175,-39,230,-39,230,117,365,-39" /><INIT seed="2,1,0,0,0,53" ten="136,191,347,326" oya="2" hai0="19,64,44,0,59,62,41,97,116,132,81,36,54" hai1="22,135,84,17,47,130,42,73,66,89,50,80,31" hai2="119,79,133,109,117,65,15,78,9,14,68,94,129" hai3="104,32,8,2,35,110,67,101,37,108,61,118,128"/><V48/><F133/><W91/><G118/><T106/><D0/><U92/><E130/><V98/><F129/><W55/><G55/><T57/><D106/><U7/><E135/><V120/><F120/><W49/><G49/><T33/><D33/><U95/><E73/><V51/><F109/><N who="3" m="42091" /><G91/><T24/><D132/><U77/><E31/><V11/><F94/><W134/><G134/><T28/><D97/><U99/><E7/><V112/><F98/><N who="3" m="61495" /><G37/><T125/><D125/><U100/><E66/><V58/><F65/><W124/><G124/><T12/><D116/><U121/><E121/><V69/><F112/><W123/><G123/><T90/><D24/><U26/><REACH who="1" step="1"/><E95/><REACH who="1" ten="136,181,347,326" step="2"/><V3/><F3/><W23/><G128/><T72/><D28/><U1/><E1/><V63/><F63/><W30/><G61/><T4/><D4/><U20/><E20/><V6/><F6/><N who="3" m="1111" /><G67/><T103/><D72/><U16/><E16/><V5/><REACH who="2" step="1"/><F5/><REACH who="2" ten="136,181,337,326" step="2"/><W71/><G71/><T87/><D103/><AGARI ba="1,2" hai="17,22,26,42,47,50,77,80,84,89,92,99,100,103" machi="103" ten="40,2600,0" yaku="1,1,8,1,53,0" doraHai="53" doraHaiUra="56" who="1" fromWho="0" sc="136,-29,181,49,337,0,326,0" /><INIT seed="3,0,0,0,4,33" ten="107,230,337,326" oya="3" hai0="84,76,81,29,73,95,8,135,118,31,85,59,96" hai1="44,68,55,94,1,75,16,21,36,13,74,108,89" hai2="132,52,53,17,117,124,6,7,28,43,12,0,54" hai3="57,48,27,86,110,83,45,129,103,46,67,112,22"/><W72/><G112/><T114/><D118/><U126/><E68/><V87/><F117/><W116/><G116/><T120/><D120/><U34/><E34/><V134/><F124/><W115/><G115/><T82/><D135/><N who="2" m="51754" /><F28/><W2/><G2/><T65/><D73/><U77/><E108/><V58/><F43/><W92/><G72/><T40/><D114/><U101/><E101/><V80/><F58/><W24/><G110/><T133/><D40/><U18/><E77/><N who="2" m="46479" /><F0/><W127/><G127/><T105/><D105/><U121/><E121/><V91/><F91/><N who="3" m="51679" /><G129/><T30/><D133/><U111/><E1/><V15/><F15/><W19/><G27/><T90/><D8/><AGARI ba="0,0" hai="6,7,8,12,17,52,53,54" m="46479,51754" machi="8" ten="30,2000,0" yaku="20,1,54,1" doraHai="33" who="2" fromWho="0" sc="107,-20,230,0,337,20,326,0" /><INIT seed="4,0,0,0,0,107" ten="87,230,357,326" oya="0" hai0="21,116,61,36,98,50,83,17,7,77,88,63,27" hai1="114,41,28,97,86,110,106,76,47,55,18,44,37" hai2="111,25,101,92,43,119,49,62,89,113,72,67,56" hai3="74,42,124,78,90,95,58,128,32,70,10,29,81"/><T54/><D36/><U3/><E110/><V8/><F111/><W121/><G121/><T2/><D116/><U96/><E3/><V34/><F119/><W15/><G70/><T13/><D2/><U45/><E28/><V26/><F113/><W82/><G128/><T91/><D63/><U102/><E97/><V59/><F101/><W20/><G124/><T120/><D61/><U64/><E64/><V57/><F72/><W132/><G132/><T6/><D120/><U127/><E127/><V53/><F43/><W0/><G58/><T30/><D98/><U79/><E114/><V40/><F40/><W84/><G42/><T99/><D99/><U112/><E112/><V108/><F108/><W22/><G0/><T23/><D6/><U75/><E55/><V93/><F93/><W9/><G82/><T48/><D7/><U87/><E18/><V103/><F103/><W134/><G134/><T131/><D50/><U60/><E60/><V11/><F57/><W31/><G32/><T1/><D131/><U5/><E5/><V19/><F34/><W80/><G80/><T135/><D135/><U71/><E71/><V52/><F67/><W16/><REACH who="3" step="1"/><G20/><REACH who="3" ten="87,230,357,316" step="2"/><T105/><D1/><U24/><E41/><V133/><F133/><W94/><G94/><T104/><D105/><U125/><E125/><V12/><REACH who="2" step="1"/><F8/><AGARI ba="0,1" hai="8,9,10,15,16,22,29,31,74,78,81,84,90,95" machi="8" ten="40,5200,0" yaku="1,1,52,1,54,1,53,0" doraHai="107" doraHaiUra="33" who="3" fromWho="2" sc="87,0,230,0,357,-52,316,62" /><INIT seed="5,0,0,2,4,31" ten="87,230,305,378" oya="1" hai0="98,76,135,47,72,30,73,129,36,100,119,34,68" hai1="43,20,23,111,52,122,71,70,16,83,37,63,40" hai2="93,22,103,107,88,35,0,86,29,89,18,118,2" hai3="1,116,133,75,21,26,42,61,79,78,32,74,10"/><U46/><E122/><V45/><F118/><W112/><G116/><T13/><D13/><U3/><E3/><V60/><F35/><W99/><G42/><T95/><D129/><U113/><E113/><V117/><F29/><W92/><G112/><T19/><D19/><U44/><E111/><V91/><F117/><W77/><G133/><T96/><D135/><U104/><E104/><V124/><F124/><W33/><G61/><T127/><D127/><U11/><E83/><V97/><F45/><W39/><G39/><T134/><D68/><U105/><E105/><V81/><F60/><W4/><G75/><T53/><D76/><U9/><E63/><V87/><REACH who="2" step="1"/><F91/><REACH who="2" ten="87,230,295,378" step="2"/><W12/><G74/><T109/><D73/><U114/><E114/><V59/><F59/><W94/><G77/><T69/><D72/><U125/><E125/><V62/><F62/><W51/><G78/><T106/><D134/><U64/><E37/><V6/><F6/><W130/><G79/><T82/><D119/><U80/><E64/><V50/><F50/><W65/><G51/><T90/><D34/><U120/><E120/><V126/><F126/><W67/><G65/><T102/><D30/><U38/><E38/><V15/><AGARI ba="0,1" hai="0,2,15,18,22,81,86,87,88,89,93,97,103,107" machi="15" ten="20,8000,1" yaku="1,1,0,1,7,1,54,1,53,1" doraHai="31" doraHaiUra="14" who="2" fromWho="2" sc="87,-20,230,-40,295,90,378,-20" /><INIT seed="6,0,0,1,4,35" ten="67,190,385,358" oya="2" hai0="48,133,100,33,74,125,46,26,71,43,13,16,66" hai1="119,96,104,3,72,61,23,94,63,117,106,62,54" hai2="77,40,68,102,8,130,93,2,101,65,21,116,107" hai3="47,32,121,124,15,75,38,132,29,111,36,11,49"/><V69/><F116/><W58/><G121/><T79/><D133/><U0/><E72/><V97/><F40/><W81/><G111/><T112/><D112/><U118/><E54/><V85/><F130/><W114/><G114/><T84/><D125/><U123/><E23/><V110/><F110/><W9/><G124/><T39/><D74/><U86/><E86/><V115/><F115/><W87/><G132/><T5/><D5/><U91/><REACH who="1" step="1"/><E123/><REACH who="1" ten="67,180,385,358" step="2"/><V25/><F85/><W64/><G75/><T120/><D120/><U24/><E24/><V20/><F25/><W59/><G32/><T1/><D26/><U42/><E42/><V76/><F65/><W12/><G64/><T51/><D33/><U95/><E95/><V90/><F20/><W52/><G29/><T34/><D34/><U98/><E98/><V78/><F21/><W80/><G87/><T92/><D84/><U56/><E56/><N who="3" m="21546" /><G38/><T45/><D79/><U105/><AGARI ba="0,1" hai="0,3,61,62,63,91,94,96,104,105,106,117,118,119" machi="105" ten="50,12000,2" yaku="1,1,0,1,29,2,52,2,53,0" doraHai="35" doraHaiUra="122" who="1" fromWho="1" sc="67,-30,180,130,385,-60,358,-30" /><INIT seed="7,0,0,1,2,118" ten="37,310,325,328" oya="3" hai0="95,72,8,70,50,98,81,47,26,11,85,67,12" hai1="111,130,36,134,65,7,68,126,51,56,100,101,31" hai2="3,23,58,34,2,28,74,86,48,88,46,41,44" hai3="27,25,49,60,128,9,64,93,19,73,114,123,53"/><W13/><G73/><T83/><D72/><U16/><E111/><V117/><F117/><W76/><G123/><T63/><D26/><N who="3" m="9737" /><G128/><T4/><D8/><U21/><E36/><V119/><F119/><W94/><G114/><T35/><D35/><U55/><E130/><V102/><F34/><W14/><G76/><T38/><D38/><U109/><E109/><V1/><F74/><W40/><G40/><T80/><D95/><U107/><E107/><V89/><F28/><W103/><G103/><N who="1" m="39498" /><E68/><V33/><F33/><W105/><G105/><T116/><D98/><U71/><E71/><V45/><F102/><W108/><G108/><T78/><REACH who="0" step="1"/><D116/><REACH who="0" ten="27,310,325,328" step="2"/><U42/><E31/><V62/><F23/><W18/><G94/><T84/><D84/><U131/><E131/><V61/><F89/><W59/><G93/><T91/><D91/><U79/><E79/><V5/><F5/><N who="3" m="3247" /><G14/><T106/><D106/><U132/><E7/><V122/><F122/><W57/><AGARI ba="0,1" hai="18,19,49,53,57,59,60,64" m="3247,9737" machi="57" ten="30,1500,0" yaku="8,1" doraHai="118" who="3" fromWho="3" sc="27,-5,310,-5,325,-5,328,25" owari="22,-48.0,305,-9.0,320,12.0,353,45.0" /></mjloggm>