<mjloggm ver="2.3"><GO type="41" lobby="0"/><UN n0="%52%65%63%61%6C%64%65%6E" n1="%E3%81%A1%E3%81%8B%E5%AD%90" n2="%E2%93%9D%53%75%70%68%78" n3="%E5%B9%B8%E9%AB%98" dan="13,13,18,13" rate="1868.08,1814.02,2079.64,1821.59" sx="M,M,M,M"/><TAIKYOKU oya="0"/><INIT seed="0,0,0,3,0,107" ten="250,250,250,250" oya="0" hai0="90,128,29,47,78,98,122,125,68,45,64,15,79" hai1="48,30,116,10,35,92,91,83,126,18,131,58,117" hai2="13,51,106,82,46,34,124,65,77,74,12,60,31" hai3="70,11,80,41,103,3,111,114,110,99,53,8,112"/><T73/><D122/><U86/><E131/><V123/><F123/><W121/><G70/><T32/><D128/><U0/><E126/><V132/><F132/><W135/><G121/><T16/><D125/><U127/><E127/><V22/><F34/><W133/><G41/><T84/><D98/><U20/><E35/><V44/><F106/><W96/><G80/><T28/><D64/><U75/><E30/><V9/><F124/><W33/><G33/><T40/><D68/><U27/><E75/><V14/><F9/><N who="3" m="3659" /><G53/><T39/><D47/><U25/><E27/><V109/><F109/><N who="3" m="41483" /><G3/><T95/><D73/><U118/><E10/><V101/><F46/><W97/><G103/><T93/><D93/><U49/><E0/><V57/><F101/><W113/><AGARI ba="0,0" hai="96,97,99,112,113,114,133,135" m="41483,3659" machi="113" ten="50,6400,0" yaku="28,2,14,1" doraHai="107" who="3" fromWho="3" sc="250,-32,250,-16,250,-16,250,64" /><INIT seed="1,0,0,3,5,66" ten="218,234,234,314" oya="1" hai0="21,33,101,124,55,51,75,71,130,2,111,73,29" hai1="77,94,67,12,53,118,42,44,13,36,9,114,106" hai2="89,3,127,95,60,46,83,109,126,61,30,86,17" hai3="87,70,32,24,121,54,34,134,56,117,84,18,88"/><U76/><E114/><V103/><F3/><W59/><G121/><T6/><D33/><U7/><E118/><V5/><F5/><W90/><G117/><T131/><D124/><N who="2" m="47658" /><F30/><W63/><G134/><T25/><D101/><U80/><E106/><V15/><F109/><W20/><G70/><T120/><D120/><U23/><E94/><V128/><F46/><W28/><G59/><T11/><D71/><U10/><E23/><N who="2" m="11711" /><F128/><N who="0" m="49194" /><D111/><U116/><E67/><V78/><F103/><W113/><G113/><T105/><D105/><U133/><E133/><V92/><F92/><W41/><G41/><T40/><D40/><U39/><E116/><V91/><F91/><W100/><G100/><T69/><D69/><U45/><E80/><V48/><F48/><W68/><G68/><T1/><D2/><U8/><E8/><V14/><F14/><W47/><G47/><AGARI ba="0,0" hai="1,6,11,21,25,29,47,51,55,73,75" m="49194" machi="47" ten="30,1000,0" yaku="19,1" doraHai="66" who="0" fromWho="3" sc="218,10,234,0,234,0,314,-10" /><INIT seed="2,0,0,5,3,84" ten="228,234,234,304" oya="2" hai0="72,68,40,27,55,109,77,105,35,32,83,33,49" hai1="10,25,65,76,62,90,43,22,123,118,13,23,37" hai2="133,9,111,127,21,135,73,66,103,41,54,101,53" hai3="38,57,92,19,93,71,82,16,58,42,12,1,112"/><V96/><F73/><W64/><G1/><T104/><D68/><U20/><E118/><V14/><F41/><W87/><G38/><T61/><D61/><U18/><E123/><V91/><F66/><W78/><G42/><T63/><D63/><U17/><E76/><V44/><F21/><W121/><G121/><T94/><D40/><U126/><E126/><V102/><F127/><W29/><G29/><T128/><D128/><U28/><E43/><V4/><F111/><W7/><G112/><T81/><D81/><U24/><E37/><V110/><F110/><W74/><G74/><T36/><D36/><U124/><E124/><V5/><F5/><W122/><G122/><T59/><D109/><U85/><E62/><V88/><F96/><W134/><G134/><N who="2" m="51209" /><F54/><W26/><G71/><T89/><REACH who="0" step="1"/><D27/><REACH who="0" ten="218,234,234,304" step="2"/><U39/><E39/><V98/><F98/><AGARI ba="0,1" hai="32,33,35,49,55,59,72,77,83,89,94,98,104,105" machi="98" ten="40,5200,0" yaku="1,1,2,1,52,1,53,0" doraHai="84" doraHaiUra="80" who="0" fromWho="2" sc="218,62,234,0,234,-52,304,0" /><INIT seed="3,0,0,2,0,72" ten="280,234,182,304" oya="3" hai0="34,115,14,63,68,31,111,25,23,134,125,103,129" hai1="13,75,128,43,92,3,5,99,84,55,106,98,44" hai2="90,52,2,132,17,89,4,50,59,86,109,118,46" hai3="104,51,124,130,48,91,21,47,27,122,38,88,123"/><W70/><G104/><T127/><D103/><U9/><E128/><V95/><F109/><W18/><G70/><T0/><D111/><U93/><E75/><V78/><F132/><W67/><G67/><T8/><D63/><U117/><E106/><V87/><F118/><W126/><G38/><T37/><D68/><U100/><E117/><V81/><F17/><W39/><G39/><T112/><D37/><U121/><E55/><V12/><F2/><W40/><G130/><T71/><D71/><U26/><E26/><V32/><F32/><W64/><G64/><T61/><D61/><U41/><E84/><V80/><F12/><W62/><G62/><T94/><D94/><U58/><E58/><V74/><REACH who="2" step="1"/><F4/><REACH who="2" ten="280,234,172,304" step="2"/><W102/><G123/><T11/><D134/><U6/><E121/><V10/><F10/><W53/><G122/><T19/><D11/><U131/><E131/><V119/><F119/><W107/><G124/><N who="0" m="47691" /><D129/><U83/><E5/><AGARI ba="0,1" hai="0,5,8,14,19,23,25,31,34,112,115" m="47691" machi="5" ten="30,7700,0" yaku="24,1,18,1,34,2" doraHai="72" who="0" fromWho="1" sc="280,87,234,-77,172,0,304,0" /><INIT seed="4,0,0,1,4,111" ten="367,157,172,304" oya="0" hai0="80,119,93,64,24,11,7,87,90,77,29,127,74" hai1="100,109,36,20,18,8,88,37,76,48,99,118,91" hai2="0,85,135,113,133,34,128,63,2,104,79,30,95" hai3="82,130,122,105,21,51,23,73,60,35,40,39,114"/><T115/><D119/><U96/><E109/><V55/><F104/><W67/><G105/><T19/><D127/><U45/><E118/><V102/><F128/><W25/><G39/><T84/><D64/><U75/><E8/><V61/><F30/><W131/><G122/><T26/><D115/><U59/><E37/><V66/><F34/><W121/><G121/><T94/><D19/><U92/><E36/><V44/><F79/><W83/><G40/><T70/><D70/><U72/><E59/><V22/><F22/><W110/><G110/><T9/><D9/><U124/><E91/><V120/><F120/><W33/><G51/><T3/><D29/><U134/><E76/><V78/><F78/><W89/><G114/><T43/><D43/><U125/><E134/><V42/><F113/><W107/><G107/><T54/><D54/><U101/><E100/><V47/><F55/><W71/><G73/><T14/><D3/><U50/><E50/><V98/><F85/><W15/><G15/><T38/><D38/><U65/><E65/><V28/><F28/><W27/><G89/><AGARI ba="0,0" hai="7,11,14,24,26,74,77,80,84,87,89,90,93,94" machi="89" ten="40,2000,0" yaku="9,1" doraHai="111" who="0" fromWho="3" sc="367,20,157,0,172,0,304,-20" /><INIT seed="4,1,0,3,5,100" ten="387,157,172,284" oya="0" hai0="8,7,101,132,88,33,73,69,98,34,17,45,119" hai1="128,37,46,102,134,103,89,11,74,109,104,9,113" hai2="118,125,60,24,107,6,127,13,53,48,133,99,97" hai3="93,120,61,70,91,12,20,79,26,44,105,64,96"/><T129/><D69/><U85/><E109/><V114/><F114/><W23/><G79/><T84/><D73/><U72/><E37/><V2/><F2/><W68/><G44/><T108/><D119/><U78/><E46/><V83/><F133/><W110/><G110/><T126/><D108/><U3/><E9/><V21/><F60/><W94/><G120/><T15/><D132/><U18/><E18/><V76/><F13/><W19/><G105/><T117/><D117/><U58/><E58/><V80/><F6/><W1/><G1/><T4/><D129/><U39/><E11/><V116/><F21/><W75/><G75/><N who="1" m="28714" /><E39/><V71/><F71/><W67/><G93/><T95/><D126/><N who="2" m="48138" /><F24/><W115/><G115/><T52/><D34/><U131/><E3/><V28/><F28/><W81/><G81/><N who="2" m="31305" /><F76/><W57/><REACH who="3" step="1"/><G67/><REACH who="3" ten="387,157,172,274" step="2"/><T35/><D35/><U77/><E134/><V40/><F118/><W38/><G38/><T62/><D33/><U130/><E113/><V65/><F116/><W63/><G63/><T90/><D62/><U55/><E104/><V92/><F107/><W111/><G111/><T112/><D112/><U41/><E128/><V86/><F65/><W30/><AGARI ba="1,1" hai="12,19,20,23,26,30,57,61,64,68,70,91,94,96" machi="30" ten="20,2700,0" yaku="1,1,0,1,7,1,53,0" doraHai="100" doraHaiUra="82" who="3" fromWho="3" sc="387,-14,157,-8,172,-8,274,40" /><INIT seed="5,0,0,1,3,76" ten="373,149,164,314" oya="1" hai0="107,40,92,51,33,45,24,12,127,134,122,102,90" hai1="35,123,1,99,6,94,25,11,30,60,79,82,57" hai2="56,71,105,98,52,44,54,103,133,129,72,53,112" hai3="81,23,14,97,70,41,61,39,108,65,62,43,22"/><U68/><E123/><V20/><F71/><W13/><G108/><T104/><D122/><U9/><E9/><V4/><F129/><W119/><G39/><T69/><D69/><U26/><E26/><V77/><F133/><W73/><G119/><T67/><D134/><U19/><E68/><V110/><F110/><W91/><G73/><T63/><D102/><U88/><E19/><V0/><F112/><W28/><G28/><T42/><D42/><N who="3" m="15881" /><G70/><T59/><D127/><U78/><REACH who="1" step="1"/><E82/><REACH who="1" ten="373,139,164,314" step="2"/><V109/><F109/><W46/><G81/><T95/><D24/><U86/><E86/><V21/><F72/><W18/><G18/><T135/><D135/><U128/><E128/><V132/><F132/><W118/><G118/><T116/><D116/><U16/><E16/><V74/><F74/><W121/><G121/><T75/><D75/><U50/><E50/><V83/><F83/><W84/><G84/><T80/><D80/><U89/><E89/><V34/><F77/><W55/><G91/><T111/><D90/><U3/><E3/><V93/><F0/><W85/><G85/><T64/><D111/><U7/><E7/><V32/><F4/><W115/><G115/><T100/><D51/><U101/><E101/><V87/><F87/><W8/><G8/><T66/><D100/><U15/><E15/><V37/><F103/><W17/><G17/><T126/><D12/><U31/><E31/><V10/><F10/><W120/><G120/><T130/><D130/><U106/><E106/><V124/><F105/><W27/><G27/><T36/><D104/><U5/><E5/><RYUUKYOKU ba="0,1" sc="373,-10,139,30,164,-10,314,-10" hai1="1,6,11,25,30,35,57,60,78,79,88,94,99" /><INIT seed="5,1,1,2,2,128" ten="363,169,154,304" oya="1" hai0="131,115,9,111,21,22,102,101,52,123,119,55,108" hai1="64,39,62,114,66,69,1,105,10,2,50,36,0" hai2="91,126,28,58,116,59,38,89,96,37,122,29,104" hai3="118,43,74,24,14,44,47,78,51,70,88,77,41"/><U68/><E114/><V35/><F35/><W19/><G70/><T33/><D115/><U134/><E134/><V93/><F104/><W106/><G106/><T79/><D79/><U72/><E50/><V100/><F122/><W109/><G109/><T34/><D9/><U99/><E72/><V45/><F116/><W97/><G74/><T18/><D18/><U80/><E80/><V98/><F45/><W71/><G71/><T32/><D131/><U40/><E10/><V113/><F113/><W75/><G75/><T26/><D26/><U4/><E4/><V53/><F93/><W130/><G130/><T46/><D46/><U112/><E40/><V60/><F100/><W110/><G110/><T7/><D34/><U56/><E56/><V5/><F5/><W87/><G97/><T94/><D94/><U120/><E112/><V82/><F82/><W84/><G118/><T48/><D48/><U23/><E23/><V129/><F129/><W135/><G135/><T54/><D54/><U16/><E16/><V65/><F53/><W6/><G24/><T49/><D49/><U8/><E8/><V90/><F126/><W13/><G6/><T103/><D103/><N who="1" m="62719" /><E120/><V85/><F85/><W15/><G19/><T42/><D7/><U76/><E76/><N who="3" m="29290" /><G88/><T124/><D119/><U30/><E30/><N who="2" m="11883" /><F59/><W20/><G20/><T81/><D81/><U121/><E121/><V133/><F133/><W117/><G117/><T67/><D123/><U17/><E17/><V95/><F95/><W12/><N who="3" m="3072" /><DORA hai="11" /><W25/><G25/><T125/><D67/><U27/><E27/><RYUUKYOKU ba="1,1" sc="363,0,169,0,154,0,304,0" hai0="21,22,32,33,42,52,55,101,102,108,111,124,125" hai1="0,1,2,36,39,62,64,66,68,69" hai2="37,38,58,60,65,89,90,91,96,98" hai3="41,43,44,47,51,84,87" /><INIT seed="5,2,1,3,5,68" ten="363,169,154,304" oya="1" hai0="99,82,84,70,13,119,55,1,87,112,95,85,72" hai1="77,3,111,2,125,26,53,113,35,133,73,41,102" hai2="14,6,56,100,98,59,46,101,9,38,114,40,130" hai3="107,106,91,118,79,132,71,18,122,8,44,86,75"/><U96/><E113/><V5/><F130/><W109/><G122/><T37/><D70/><U0/><E133/><V115/><F101/><W30/><G71/><T45/><D1/><U65/><E125/><V39/><F6/><W135/><G109/><T69/><D69/><U4/><E111/><V15/><F15/><W117/><G30/><T54/><D112/><N who="2" m="43050" /><F39/><W105/><G44/><T12/><D72/><U51/><E65/><V49/><F49/><W124/><G8/><T74/><D74/><U110/><E41/><V121/><F121/><W28/><G28/><T83/><D37/><U123/><E110/><V29/><F29/><W88/><G18/><T10/><D119/><N who="3" m="45577" /><G124/><T21/><D21/><U90/><E26/><V22/><F22/><W7/><G7/><T127/><D127/><U27/><E4/><V64/><F64/><W120/><G120/><T25/><D25/><U16/><E35/><V76/><F76/><W92/><G91/><T94/><D10/><U11/><E90/><V62/><F62/><W36/><G36/><T134/><D13/><N who="1" m="7231" /><E123/><V93/><AGARI ba="2,1" hai="5,9,14,38,40,46,56,59,93,98,100" m="43050" machi="93" ten="30,4000,0" yaku="15,1,11,1,52,1" doraHai="68" who="2" fromWho="2" sc="363,-12,169,-22,154,56,304,-12" /><INIT seed="6,0,0,1,0,42" ten="351,147,210,292" oya="2" hai0="78,56,8,14,70,60,24,6,120,102,89,5,97" hai1="105,54,128,123,25,55,16,99,104,12,106,109,53" hai2="114,80,71,75,107,61,101,35,119,0,37,69,2" hai3="76,39,130,3,108,64,81,50,17,82,92,118,28"/><V100/><F119/><W125/><G108/><T51/><D120/><U47/><E128/><V86/><F86/><W115/><G118/><T32/><D70/><N who="2" m="26634" /><F61/><W4/><G39/><T68/><D68/><U57/><E123/><V38/><F114/><W88/><G64/><T31/><D78/><U43/><E109/><V110/><F110/><W124/><G28/><T18/><D51/><U9/><E25/><V48/><F48/><W26/><G3/><N who="2" m="1065" /><F101/><W95/><G4/><T113/><D89/><U87/><E87/><V111/><F111/><W49/><G130/><T7/><D113/><U19/><E19/><V134/><F134/><W96/><G115/><T121/><D121/><U59/><REACH who="1" step="1"/><E99/><REACH who="1" ten="351,137,210,292" step="2"/><N who="2" m="61855" /><F35/><W72/><G17/><T93/><D18/><U58/><E58/><V33/><F33/><W29/><G26/><T103/><D103/><U22/><E22/><V30/><F30/><W20/><G29/><T13/><D13/><U67/><E67/><AGARI ba="0,1" hai="5,6,7,8,14,24,31,32,56,60,67,93,97,102" machi="67" ten="30,1000,0" yaku="7,1" doraHai="42" who="0" fromWho="1" sc="351,20,137,-10,210,0,292,0" /><INIT seed="7,0,0,1,4,108" ten="371,127,210,292" oya="3" hai0="44,68,26,2,116,6,82,33,121,128,59,80,40" hai1="19,69,85,57,64,129,9,31,99,134,114,72,101" hai2="10,86,78,95,100,1,111,91,63,5,11,133,102" hai3="39,37,70,90,35,98,60,32,75,45,131,87,67"/><W88/><G75/><T7/><D116/><U3/><E114/><V135/><F11/><W119/><G119/><T104/><D68/><U106/><E134/><N who="2" m="51211" /><F111/><W20/><G131/><T30/><D121/><U92/><E129/><V49/><F49/><W130/><G130/><T25/><D104/><U28/><E72/><V113/><F78/><W105/><G20/><T48/><D128/><U43/><E69/><V62/><F113/><W56/><G45/><T89/><D59/><U38/><E106/><V8/><F8/><W73/><G73/><T115/><D115/><U84/><E43/><V0/><F0/><W103/><G70/><T94/><D25/><U4/><E38/><V125/><F125/><W126/><G126/><T123/><D123/><U12/><E57/><V18/><F18/><W24/><G90/><T22/><D33/><U15/><E64/><V66/><F66/><W127/><G127/><T83/><D2/><U52/><E3/><V107/><F107/><W71/><G56/><T51/><D51/><U55/><E31/><V81/><F95/><N who="3" m="54687" /><G35/><T16/><D30/><AGARI ba="0,0" hai="24,30,32,37,39,60,67,71,98,103,105" m="54687" machi="30" ten="30,2900,0" yaku="25,1,54,1" doraHai="108" who="3" fromWho="0" sc="371,-29,127,0,210,0,292,29" /><INIT seed="7,1,0,4,4,104" ten="342,127,210,321" oya="3" hai0="24,127,29,101,37,20,64,106,110,108,113,21,0" hai1="71,76,35,9,6,38,122,18,100,34,83,41,89" hai2="53,14,40,13,54,132,45,19,116,72,118,112,95" hai3="98,121,62,91,56,111,75,119,30,65,103,73,43"/><W96/><G119/><T68/><D37/><U90/><E122/><V48/><F112/><W93/><G121/><T51/><D113/><U52/><E71/><V97/><F132/><W88/><G43/><T31/><D51/><U7/><E100/><V16/><F72/><W80/><G30/><T58/><D0/><U130/><E130/><V124/><F124/><W102/><G111/><T15/><D127/><U92/><E90/><V36/><F118/><W78/><REACH who="3" step="1"/><G73/><REACH who="3" ten="342,127,210,311" step="2"/><T26/><D15/><U67/><E35/><V22/><F116/><W33/><G33/><T32/><D32/><U59/><E34/><V60/><F36/><W131/><G131/><T17/><D17/><U120/><E41/><V8/><REACH who="2" step="1"/><F60/><REACH who="2" ten="342,127,200,311" step="2"/><W4/><G4/><T61/><D110/><U10/><E38/><V23/><F23/><W77/><G77/><T133/><D108/><U27/><E120/><V55/><F55/><W2/><G2/><T42/><D133/><U105/><E6/><V79/><F79/><W115/><G115/><T135/><D135/><U74/><E7/><V123/><F123/><W28/><G28/><T57/><D42/><U128/><E128/><V44/><F44/><W39/><G39/><T86/><D21/><U94/><E9/><V85/><F85/><W70/><G70/><T69/><D86/><U11/><E10/><V12/><F12/><W114/><G114/><T63/><D63/><U126/><E11/><V81/><F81/><W117/><G117/><T5/><D69/><U125/><E125/><V134/><F134/><W84/><G84/><T47/><D68/><RYUUKYOKU ba="1,2" sc="342,-15,127,-15,200,15,311,15" hai2="8,13,14,16,19,22,40,45,48,53,54,95,97" hai3="56,62,65,75,78,80,88,91,93,96,98,102,103" /><INIT seed="7,2,2,3,0,28" ten="327,112,215,326" oya="3" hai0="8,15,38,20,114,56,35,134,133,19,7,94,48" hai1="99,101,34,113,3,50,17,111,63,36,131,87,129" hai2="14,6,16,68,4,79,54,84,102,5,135,37,98" hai3="124,67,26,93,130,100,18,108,64,29,120,78,52"/><W85/><G120/><T53/><D38/><U125/><E63/><V86/><F68/><W33/><G130/><N who="1" m="49674" /><E50/><V116/><F116/><W122/><G122/><T92/><D35/><U91/><E36/><V132/><F37/><W106/><G108/><T23/><D23/><U2/><E111/><V121/><F54/><W44/><G124/><T21/><D21/><U55/><E55/><V97/><F79/><W65/><G106/><T103/><D114/><U47/><E47/><V117/><F117/><W25/><G33/><T115/><D115/><U95/><E34/><V83/><F83/><N who="3" m="47351" /><G29/><T89/><D103/><U112/><E17/><V39/><F39/><W12/><G100/><T61/><D61/><U51/><E51/><V81/><F121/><W107/><G107/><T88/><D89/><U42/><E42/><V77/><F86/><W70/><G70/><T126/><D126/><U104/><E2/><V11/><REACH who="2" step="1"/><F102/><REACH who="2" ten="327,112,205,326" step="2"/><W123/><G123/><T71/><D71/><U118/><E125/><V40/><F40/><W9/><G93/><T73/><D94/><N who="1" m="54655" /><E118/><V82/><F82/><W57/><G44/><T27/><D73/><U49/><E104/><V24/><F24/><W80/><G80/><T30/><D30/><U74/><E74/><V22/><F22/><W127/><G127/><T72/><D72/><U1/><E112/><V96/><AGARI ba="2,3" hai="4,5,6,11,14,16,77,81,84,96,97,98,132,135" machi="96" ten="40,5200,0" yaku="1,1,0,1,54,1,53,0" doraHai="28" doraHaiUra="41" who="2" fromWho="2" sc="327,-15,112,-15,205,88,326,-28" owari="312,41.0,97,-40.0,293,-11.0,298,10.0" /></mjloggm>