<mjloggm ver="2.3"><GO type="41" lobby="0"/><UN n0="%E2%93%9D%53%75%70%68%78" n1="%6B%6D%61%73%61%39%34%34" n2="%6E%61%6F%36%35%32%33" n3="%E5%92%8C%E3%81%97%E3%81%A6%E5%90%8C%E3%81%9C%E3%81%9A" dan="17,13,15,14" rate="2022.70,1863.45,1999.71,1888.37" sx="M,M,M,M"/><TAIKYOKU oya="0"/><INIT seed="0,0,0,4,4,89" ten="250,250,250,250" oya="0" hai0="99,129,20,24,13,107,92,25,78,33,72,96,126" hai1="88,113,5,114,64,76,59,106,66,55,77,30,97" hai2="10,39,90,34,29,47,40,123,73,134,91,21,81" hai3="115,71,15,80,110,8,116,62,4,121,44,86,57"/><T83/><D129/><U52/><E30/><V1/><F123/><W54/><G115/><N who="1" m="44042" /><E5/><N who="2" m="1327" /><F34/><W12/><G116/><T82/><D126/><U117/><E117/><V109/><F109/><W104/><G110/><T75/><D33/><U41/><E41/><V48/><F48/><W58/><G71/><T130/><D130/><U43/><E43/><V102/><F102/><W6/><G104/><T103/><D13/><U125/><E125/><V3/><F3/><W111/><G111/><T16/><D25/><U27/><E55/><V132/><F29/><W11/><G121/><T87/><REACH who="0" step="1"/><D83/><REACH who="0" ten="240,250,250,250" step="2"/><U108/><E108/><V56/><F21/><W67/><G15/><T127/><D127/><U46/><E27/><V93/><F134/><W35/><G12/><T42/><D42/><U22/><E22/><V122/><F132/><W85/><G35/><T61/><D61/><N who="1" m="36071" /><E46/><V120/><F47/><W28/><G44/><T31/><D31/><U105/><E105/><V101/><F40/><W26/><G28/><T84/><D84/><U98/><E106/><V37/><F122/><W17/><G26/><T45/><D45/><U131/><E131/><V65/><F120/><W7/><G80/><T49/><D49/><U9/><E98/><V128/><F128/><W79/><G86/><T60/><D60/><U95/><E9/><V0/><F39/><W135/><G11/><T118/><D118/><U38/><E38/><V23/><F37/><W119/><G8/><T63/><D63/><U94/><E94/><V124/><F93/><W51/><G119/><T133/><D133/><U19/><E19/><RYUUKYOKU ba="0,1" sc="240,15,250,15,250,-15,250,-15" hai0="16,20,24,72,75,78,82,87,92,96,99,103,107" hai1="64,66,76,77,88,95,97" /><INIT seed="0,1,1,3,5,15" ten="255,265,235,235" oya="0" hai0="91,43,127,133,126,125,21,33,46,112,69,53,96" hai1="105,44,1,8,67,114,27,106,94,62,60,129,79" hai2="119,85,29,93,84,42,35,122,54,107,108,95,109" hai3="5,47,121,73,20,130,74,123,104,111,7,18,113"/><T50/><D33/><U25/><E79/><V59/><F122/><N who="3" m="46603" /><G104/><T72/><D72/><N who="3" m="27753" /><G113/><T26/><D112/><U128/><E114/><V103/><F42/><W132/><G111/><N who="2" m="42569" /><F119/><W66/><G66/><T22/><D133/><U63/><E67/><V16/><F35/><W19/><G20/><T61/><D26/><U48/><E27/><V116/><F29/><W86/><G86/><N who="2" m="33385" /><F116/><W36/><G47/><T52/><D69/><U124/><E25/><V23/><F107/><W115/><G115/><T83/><D83/><U100/><E105/><V24/><F103/><W88/><G88/><T70/><D70/><U38/><E106/><V77/><F77/><W99/><G99/><T81/><D81/><U3/><E100/><V117/><F117/><W4/><G132/><T34/><D34/><U131/><E128/><V87/><F87/><W90/><G90/><T71/><D91/><U13/><E129/><V49/><AGARI ba="1,1" hai="16,23,24,49,54,59,93,95" m="33385,42569" machi="49" ten="30,4000,0" yaku="14,1,52,1,54,1" doraHai="15" who="2" fromWho="2" sc="255,-21,265,-11,235,53,235,-11" /><INIT seed="1,0,0,5,3,88" ten="234,254,288,224" oya="1" hai0="28,69,33,2,131,78,42,11,45,92,127,128,116" hai1="6,29,22,81,91,103,85,87,93,106,110,100,5" hai2="56,0,37,51,32,39,112,49,83,114,82,64,97" hai3="25,52,60,26,55,84,36,18,94,50,34,113,98"/><U53/><E106/><V124/><F32/><W73/><G73/><T72/><D116/><U14/><E110/><V107/><F0/><W104/><G36/><T109/><D69/><U129/><E129/><V122/><F122/><W76/><G113/><N who="2" m="43625" /><F124/><W77/><G104/><T119/><D119/><U41/><E41/><V65/><F107/><W102/><G26/><T133/><D133/><U59/><E100/><V130/><F97/><W105/><G105/><T121/><D127/><U40/><E40/><V99/><F99/><W125/><G84/><T54/><D33/><U135/><E135/><V68/><F68/><W21/><G34/><T61/><D109/><U66/><E66/><N who="2" m="25707" /><F130/><W24/><G24/><T123/><D123/><U126/><E126/><V71/><F71/><W9/><G9/><T27/><D11/><U63/><E103/><V12/><F12/><W90/><G102/><T117/><D121/><U4/><E14/><V47/><F56/><N who="3" m="34847" /><G125/><T62/><D117/><U35/><E35/><V75/><F75/><W57/><AGARI ba="0,0" hai="18,21,25,50,52,57,76,77,90,94,98" m="34847" machi="57" ten="30,7900,0" yaku="25,1,8,1,52,1,54,1" doraHai="88" who="3" fromWho="3" sc="234,-20,254,-39,288,-20,224,79" /><INIT seed="2,0,0,3,4,109" ten="214,215,268,303" oya="2" hai0="69,30,37,14,103,92,36,10,132,120,77,71,113" hai1="125,128,9,67,48,44,63,35,93,117,118,42,19" hai2="3,32,81,24,16,123,86,119,79,133,94,12,95" hai3="124,6,85,64,110,46,87,90,47,56,33,43,73"/><V127/><F123/><W60/><G73/><T70/><D120/><U65/><E35/><V5/><F119/><W130/><G110/><T80/><D30/><U8/><E128/><V21/><F127/><W82/><G33/><T4/><D132/><U111/><E111/><V66/><F66/><W25/><G130/><T11/><D103/><U22/><E125/><V112/><F133/><W75/><G75/><T89/><D11/><U115/><E115/><V100/><F100/><W53/><G6/><T54/><D54/><U104/><E104/><V122/><F122/><W96/><G96/><T91/><D91/><U55/><E117/><V45/><F45/><W41/><G25/><T0/><D14/><U72/><E72/><V20/><F112/><W39/><G87/><T7/><D7/><U116/><E116/><V49/><F49/><W1/><G1/><T13/><D0/><U61/><E42/><V68/><F68/><W114/><G124/><T29/><D29/><U31/><E31/><N who="2" m="19559" /><F21/><W88/><G64/><T50/><D50/><U58/><E93/><V107/><F107/><W84/><G114/><T74/><REACH who="0" step="1"/><D113/><REACH who="0" ten="204,215,268,303" step="2"/><U52/><E118/><V27/><F27/><W105/><G53/><T57/><D57/><N who="1" m="37039" /><E55/><V76/><F76/><W134/><G90/><T97/><AGARI ba="0,1" hai="4,10,13,36,37,69,70,71,74,77,80,89,92,97" machi="97" ten="30,2000,0" yaku="1,1,0,1,53,0" doraHai="109" doraHaiUra="59" who="0" fromWho="0" sc="204,30,215,-5,268,-10,303,-5" /><INIT seed="3,0,0,4,5,34" ten="234,210,258,298" oya="3" hai0="4,37,41,28,31,18,55,14,22,128,15,13,3" hai1="113,59,29,88,74,92,24,23,44,109,9,98,111" hai2="71,121,120,119,48,114,19,108,32,16,134,33,1" hai3="122,131,47,76,102,97,43,64,104,54,96,110,94"/><W87/><G131/><T17/><D55/><U72/><E113/><V135/><F71/><W40/><G64/><T69/><D41/><U100/><E44/><V130/><F48/><W79/><G122/><N who="2" m="47209" /><F114/><W99/><G110/><N who="1" m="41994" /><E59/><V73/><F73/><W2/><G54/><T12/><D69/><U123/><E123/><V90/><F90/><W66/><G66/><T58/><D58/><U85/><E9/><V5/><F108/><W132/><G47/><T106/><D106/><AGARI ba="0,0" hai="23,24,29,72,74,85,88,92,98,100,106" m="41994" machi="106" ten="30,2000,0" yaku="14,1,54,1" doraHai="34" who="1" fromWho="0" sc="234,-20,210,20,258,0,298,0" /><INIT seed="4,0,0,3,1,91" ten="214,230,258,298" oya="0" hai0="11,45,35,53,26,48,85,75,36,107,79,34,81" hai1="94,25,95,15,131,5,68,16,88,50,54,96,8" hai2="55,134,43,100,114,83,103,122,24,42,130,66,21" hai3="82,13,30,126,31,135,52,113,49,102,105,65,40"/><T57/><D107/><U64/><E131/><V87/><F122/><W92/><G113/><T73/><D11/><U41/><E41/><V46/><F114/><W1/><G1/><T106/><D106/><U104/><E104/><V39/><F134/><W116/><G105/><T29/><D35/><U0/><E68/><V70/><F130/><W71/><G40/><T51/><REACH who="0" step="1"/><D36/><REACH who="0" ten="204,230,258,298" step="2"/><U101/><E64/><V19/><F39/><W59/><G135/><T7/><D7/><U14/><E0/><V3/><F3/><W18/><G116/><T132/><D132/><U93/><E101/><V67/><F103/><W125/><G126/><T127/><D127/><U28/><E28/><V120/><F100/><W4/><G30/><T74/><D74/><U124/><E124/><V6/><F6/><W2/><G4/><T77/><D77/><U62/><E62/><V72/><F72/><W89/><G31/><T58/><D58/><N who="1" m="33111" /><E25/><V84/><F24/><W97/><G2/><T37/><D37/><U33/><E33/><V44/><F120/><W128/><G125/><T119/><D119/><U32/><E32/><V20/><F20/><AGARI ba="0,1" hai="5,8,14,15,16,20,88,93,94,95,96" m="33111" machi="20" ten="30,12000,2" yaku="8,1,52,3,54,2" doraHai="91" who="1" fromWho="2" sc="204,0,230,130,258,-120,298,0" /><INIT seed="5,0,0,5,4,13" ten="204,360,138,298" oya="1" hai0="98,72,93,58,55,73,108,7,100,83,12,24,117" hai1="78,76,53,124,80,1,37,10,70,97,61,87,104" hai2="91,27,128,69,44,85,126,67,90,15,16,121,116" hai3="40,122,34,135,96,65,36,32,130,57,46,86,111"/><U120/><E37/><V125/><F121/><W133/><G111/><T71/><D108/><U31/><E120/><V68/><F116/><W103/><G130/><T42/><D71/><U20/><E124/><N who="2" m="47723" /><F128/><W19/><G86/><T84/><D42/><U63/><E78/><V54/><F27/><W66/><G57/><T43/><D43/><U38/><E38/><V50/><F67/><N who="3" m="25611" /><G32/><T134/><D134/><N who="3" m="51209" /><G34/><T28/><D117/><U113/><E113/><V3/><F3/><W115/><G115/><T33/><D73/><U49/><E70/><N who="2" m="27243" /><F85/><W107/><G122/><T114/><D72/><U6/><E97/><V88/><F91/><W18/><AGARI ba="0,0" hai="18,19,36,40,46,96,103,107" m="51209,25611" machi="18" ten="30,4000,0" yaku="20,1,52,2" doraHai="13" who="3" fromWho="3" sc="204,-10,360,-20,138,-10,298,40" /><INIT seed="6,0,0,5,3,90" ten="194,340,128,338" oya="2" hai0="71,132,60,91,78,113,133,82,53,123,106,96,69" hai1="108,11,114,23,112,84,125,89,126,76,102,27,18" hai2="24,129,64,0,109,5,58,14,20,7,118,57,87" hai3="86,68,13,17,41,128,67,117,39,92,40,83,94"/><V33/><F118/><W79/><G128/><T107/><D123/><U29/><E108/><V110/><F129/><W95/><G39/><T93/><D113/><N who="1" m="43627" /><E102/><V2/><F87/><W73/><G73/><N who="0" m="43343" /><D53/><U119/><E76/><V10/><F64/><W54/><G54/><T26/><D26/><U100/><E100/><V98/><F98/><W36/><G36/><T56/><D56/><U43/><E43/><V44/><F44/><W134/><G134/><N who="0" m="51819" /><D60/><U32/><E11/><N who="2" m="2471" /><F58/><W46/><G46/><T104/><AGARI ba="0,0" hai="69,71,91,93,96,104,106,107" m="51819,43343" machi="104" ten="40,2700,0" yaku="20,1,52,1" doraHai="90" who="0" fromWho="0" sc="194,27,340,-7,128,-13,338,-7" /><INIT seed="7,0,0,3,0,90" ten="221,333,115,331" oya="3" hai0="30,108,38,59,48,26,54,72,87,84,112,73,13" hai1="124,127,86,18,88,120,134,107,25,93,40,129,118" hai2="67,114,74,62,1,36,4,56,81,125,58,51,5" hai3="64,113,103,52,10,49,123,77,29,89,32,116,63"/><W131/><G116/><T95/><D108/><U37/><E120/><V97/><F125/><N who="1" m="48201" /><E107/><V92/><F36/><W41/><G123/><T35/><D38/><U71/><E71/><V68/><F114/><W15/><G41/><T132/><D132/><U99/><E134/><V85/><F74/><W33/><G77/><T50/><D112/><U12/><E25/><V106/><F106/><W0/><G0/><T82/><D13/><U31/><E31/><V110/><F110/><W11/><G103/><T14/><D14/><U119/><E129/><V75/><F75/><W42/><G42/><T83/><D73/><U20/><E99/><V19/><F19/><W133/><G133/><T9/><D9/><N who="3" m="3081" /><G15/><T39/><D39/><U126/><E126/><V128/><F1/><W43/><G29/><T69/><D72/><U102/><E102/><V111/><F111/><W76/><G76/><T66/><D30/><U16/><E18/><V117/><F128/><W121/><G43/><T105/><D105/><U3/><E3/><V22/><F117/><W46/><G113/><T60/><D35/><U61/><E61/><V91/><F22/><W34/><G121/><T27/><D27/><U21/><E21/><V80/><F68/><N who="3" m="42015" /><G131/><T55/><D26/><U2/><E2/><V122/><F122/><W57/><G89/><T104/><D104/><U94/><E119/><V44/><F81/><W135/><G135/><T53/><D83/><N who="1" m="49247" /><E118/><V79/><REACH who="2" step="1"/><F58/><REACH who="2" ten="221,333,105,331" step="2"/><W115/><G115/><T7/><D69/><U17/><E17/><V130/><F130/><W100/><G57/><T96/><D59/><RYUUKYOKU ba="0,1" sc="221,-30,333,10,105,10,331,10" hai1="12,16,20,37,40,93,94" hai2="4,5,44,51,56,62,67,79,80,85,91,92,97" hai3="32,33,34,46,49,52,100" /><INIT seed="7,1,1,4,2,122" ten="191,343,115,341" oya="3" hai0="47,24,118,43,98,1,5,63,127,93,76,46,30" hai1="94,95,23,87,64,52,6,0,19,83,49,39,102" hai2="130,110,12,112,97,103,34,57,4,129,3,42,45" hai3="75,133,117,22,101,36,86,114,62,78,115,50,135"/><W48/><G36/><T91/><D118/><U15/><E39/><V51/><F34/><W111/><G75/><T132/><D132/><N who="3" m="50761" /><G117/><T79/><D127/><U9/><E64/><V37/><F3/><W10/><G101/><T69/><D47/><U74/><E74/><V108/><F112/><N who="3" m="43051" /><G111/><N who="2" m="42537" /><F4/><W126/><G126/><T58/><D5/><U18/><E18/><V33/><F33/><W14/><G22/><T44/><D1/><U119/><E102/><V11/><F11/><W38/><G38/><T21/><D69/><U40/><E40/><V125/><F125/><W100/><G100/><T61/><D43/><U89/><E119/><V106/><F12/><W27/><G27/><T67/><D24/><U85/><E85/><V81/><F81/><N who="3" m="47415" /><G62/><T2/><D63/><U56/><AGARI ba="1,1" hai="0,6,9,15,19,23,49,52,56,83,87,89,94,95" machi="56" ten="20,2700,0" yaku="0,1,7,1,54,1" doraHai="122" who="1" fromWho="1" sc="191,-8,343,40,115,-8,341,-14" owari="183,-22.0,383,48.0,107,-39.0,327,13.0" /></mjloggm>