<mjloggm ver="2.3"><GO type="41" lobby="0"/><UN n0="%6F%70%70%61%70%79" n1="%E2%93%9D%53%75%70%68%78" n2="%E9%9B%A2%E6%AE%A4%23%E3%82%B9%E3%83%9D%E3%83%83%E3%83%88" n3="%73%68%65%76%61%37" dan="14,18,13,14" rate="1965.48,2073.89,1911.65,1942.66" sx="M,M,M,M"/><TAIKYOKU oya="0"/><INIT seed="0,0,0,4,1,71" ten="250,250,250,250" oya="0" hai0="132,61,26,47,27,28,79,95,102,19,87,22,82" hai1="37,77,54,67,113,52,7,23,38,123,10,114,14" hai2="29,127,83,131,42,48,119,125,5,90,107,35,58" hai3="108,73,111,57,130,100,65,121,129,32,104,49,16"/><T20/><D132/><U122/><E67/><V6/><F107/><W85/><G73/><T44/><REACH who="0" step="1"/><D61/><REACH who="0" ten="240,250,250,250" step="2"/><U0/><E123/><V69/><F131/><W53/><G121/><T45/><D45/><U134/><E122/><V93/><F69/><W70/><G70/><T41/><D41/><U18/><E134/><V39/><F39/><N who="1" m="14857" /><E77/><V91/><F119/><W120/><G120/><T116/><D116/><U62/><E62/><V110/><F110/><W117/><G111/><T13/><D13/><U88/><E88/><V36/><F90/><W34/><G108/><T135/><D135/><U96/><E96/><AGARI ba="0,1" hai="19,20,22,26,27,28,44,47,79,82,87,95,96,102" machi="96" ten="40,7700,0" yaku="1,1,8,1,53,1" doraHai="71" doraHaiUra="72" who="0" fromWho="1" sc="240,87,250,-77,250,0,250,0" /><INIT seed="0,1,0,0,5,121" ten="327,173,250,250" oya="0" hai0="14,3,78,0,129,62,10,91,60,15,75,126,31" hai1="42,30,103,117,9,74,4,38,85,89,71,26,111" hai2="54,82,55,32,124,47,123,66,83,46,134,108,39" hai3="116,76,110,65,22,23,131,102,97,21,18,51,13"/><T49/><D129/><U64/><E117/><V99/><F123/><W130/><G116/><T95/><D126/><U109/><E103/><V58/><F32/><W133/><G76/><T100/><D31/><U93/><E74/><V112/><F124/><W48/><G133/><T43/><D100/><U67/><E42/><V56/><F112/><W80/><G65/><T36/><D36/><U101/><E101/><V98/><F134/><W135/><G80/><T41/><D75/><U105/><E105/><V79/><F66/><W16/><G135/><T88/><D78/><U40/><E40/><V81/><F79/><W104/><G22/><T114/><D49/><U25/><E38/><V128/><F128/><N who="3" m="49195" /><G110/><N who="1" m="41994" /><E71/><V8/><F8/><W113/><G113/><T19/><D114/><U90/><E90/><V6/><F6/><W96/><G96/><N who="2" m="36905" /><F39/><W61/><G61/><T86/><D95/><U70/><E70/><V24/><F24/><AGARI ba="1,0" hai="13,16,18,21,23,24,48,51,97,102,104" m="49195" machi="24" ten="30,2000,0" yaku="19,1,54,1" doraHai="121" who="3" fromWho="2" sc="327,0,173,0,250,-23,250,23" /><INIT seed="1,0,0,4,4,3" ten="327,173,227,273" oya="1" hai0="109,129,76,77,45,22,19,11,126,88,116,42,87" hai1="127,51,91,132,135,75,9,57,133,85,134,21,114" hai2="7,95,28,41,16,99,124,58,63,8,62,112,12" hai3="10,69,36,17,35,102,56,59,94,39,117,82,52"/><U98/><N who="1" m="33792" /><DORA hai="120" /><U104/><E21/><V1/><F124/><W13/><G35/><T0/><D116/><U93/><E9/><V34/><F41/><W86/><G69/><T84/><D126/><U30/><E30/><V130/><F130/><W101/><G117/><T29/><D29/><U110/><E127/><V106/><F106/><W40/><G59/><T2/><D129/><U60/><E51/><V107/><F107/><W32/><G32/><T83/><D77/><U5/><E75/><V54/><F63/><W125/><G125/><T89/><D76/><U25/><E25/><V49/><F62/><W70/><G70/><T105/><D105/><U20/><E20/><V81/><F81/><W115/><G115/><T79/><D79/><U4/><E110/><V33/><F28/><W100/><G94/><T61/><D109/><U122/><E122/><V72/><F72/><W31/><G40/><T6/><D61/><U96/><E114/><V14/><F1/><W103/><G31/><T37/><D2/><U119/><E119/><V90/><F112/><W67/><G67/><T123/><D123/><U111/><E111/><V64/><F64/><W92/><G82/><T27/><REACH who="0" step="1"/><D83/><REACH who="0" ten="317,173,227,273" step="2"/><U128/><E128/><V47/><REACH who="2" step="1"/><F47/><REACH who="2" ten="317,173,217,273" step="2"/><W113/><G113/><T26/><D26/><U50/><E104/><V44/><F44/><W55/><G92/><T15/><D15/><U73/><E73/><V38/><F38/><W80/><G13/><T65/><D65/><N who="1" m="39055" /><E50/><V68/><F68/><W118/><G39/><T74/><D74/><U97/><AGARI ba="0,2" hai="4,5,85,91,93,96,97,98" m="39055,33792" machi="97" ten="60,11700,0" yaku="20,1,52,2" doraHai="3,120" who="1" fromWho="1" sc="317,-39,173,137,217,-39,273,-39" /><INIT seed="1,1,0,2,4,0" ten="278,310,178,234" oya="1" hai0="62,65,29,113,54,132,33,108,68,80,123,114,78" hai1="93,20,73,115,53,94,83,58,41,111,74,121,81" hai2="90,7,38,55,51,95,43,88,13,134,52,70,11" hai3="130,89,26,124,109,17,69,61,50,42,14,77,86"/><U31/><E41/><V37/><F70/><W66/><G109/><T30/><D108/><U98/><E111/><V40/><F134/><W91/><G124/><T22/><D132/><U46/><E46/><V72/><F72/><W64/><G130/><T87/><D123/><U100/><E115/><V15/><F38/><W44/><G64/><T104/><D104/><U27/><E121/><V103/><F37/><W57/><G26/><T47/><D33/><U110/><E110/><V131/><F131/><W21/><G69/><T6/><D30/><U133/><E133/><V112/><F112/><W102/><G102/><T19/><D29/><U36/><E36/><V71/><F71/><W118/><G118/><T105/><D105/><U97/><E74/><V117/><F117/><W32/><G32/><T125/><D125/><U101/><REACH who="1" step="1"/><E73/><REACH who="1" ten="278,300,178,234" step="2"/><V39/><F39/><W8/><G44/><T107/><D114/><U28/><E28/><V85/><F40/><W48/><G42/><T25/><D113/><U120/><E120/><V135/><F135/><W24/><G77/><T116/><D116/><U10/><E10/><N who="2" m="4319" /><F43/><W79/><G79/><T127/><D127/><U18/><E18/><N who="2" m="8575" /><F51/><AGARI ba="1,1" hai="20,27,31,51,53,58,81,83,93,94,97,98,100,101" machi="51" ten="30,11600,0" yaku="1,1,7,1,9,1,8,1,53,0" doraHai="0" doraHaiUra="4" who="1" fromWho="2" sc="278,0,300,129,178,-119,234,0" /><INIT seed="1,2,0,4,4,128" ten="278,429,59,234" oya="1" hai0="108,90,105,11,51,41,104,91,109,135,101,26,28" hai1="12,107,112,18,129,6,54,55,86,52,77,25,82" hai2="113,40,72,122,50,13,33,39,125,95,67,111,32" hai3="117,36,61,94,115,2,64,62,124,116,85,118,99"/><U74/><E112/><V81/><F113/><W106/><G2/><T47/><D11/><U98/><E129/><V103/><F122/><W34/><G34/><T59/><D59/><U120/><E120/><V70/><F39/><W27/><G36/><T10/><D10/><U75/><E6/><V20/><F111/><N who="0" m="42570" /><D101/><U96/><E25/><V57/><F125/><W35/><G115/><T84/><D135/><U30/><E30/><V14/><F70/><N who="3" m="42263" /><G124/><T68/><D68/><U53/><E53/><V130/><F130/><W133/><G61/><T79/><D79/><U93/><E107/><N who="0" m="41033" /><D84/><U4/><E4/><V15/><F20/><AGARI ba="2,0" hai="20,26,28,41,47,51,90,91" m="41033,42570" machi="20" ten="30,1000,0" yaku="14,1" doraHai="128" who="0" fromWho="2" sc="278,16,429,0,59,-16,234,0" /><INIT seed="2,0,0,3,2,50" ten="294,429,43,234" oya="2" hai0="21,90,93,121,64,25,30,107,69,116,43,57,63" hai1="46,8,123,3,52,36,128,65,11,1,113,130,120" hai2="39,86,77,66,99,35,96,6,84,112,20,126,2" hai3="135,44,76,41,87,98,56,18,68,16,19,49,104"/><V47/><F35/><W42/><G68/><T32/><D116/><U108/><E113/><V15/><F112/><W119/><G119/><T81/><D121/><N who="1" m="46667" /><E65/><V92/><F2/><N who="1" m="521" /><E108/><V117/><F117/><W134/><G41/><T33/><D107/><U91/><E91/><V105/><F105/><W94/><G104/><T67/><D43/><U4/><E36/><V27/><F39/><W0/><G0/><T115/><D115/><U85/><E85/><N who="2" m="32875" /><F77/><W5/><G5/><T110/><D81/><U60/><E4/><V132/><F132/><W88/><REACH who="3" step="1"/><G56/><REACH who="3" ten="294,429,43,224" step="2"/><T72/><D110/><U124/><E46/><V26/><F126/><W118/><G118/><T38/><D69/><U45/><E124/><V97/><F47/><W37/><G37/><T78/><D38/><U75/><E45/><V133/><F133/><W103/><G103/><T106/><D106/><U23/><E130/><V7/><F92/><W131/><G131/><T74/><D78/><U14/><E128/><V48/><F48/><W125/><G125/><T101/><D101/><U17/><E75/><V12/><F66/><W59/><G59/><AGARI ba="0,1" hai="8,11,14,17,23,52,59,60" m="521,46667" machi="59" ten="30,3900,0" yaku="13,1,52,1,54,1" doraHai="50" who="1" fromWho="3" sc="294,0,429,49,43,0,224,-39" /><INIT seed="3,0,0,1,0,101" ten="294,478,43,185" oya="3" hai0="49,115,123,23,12,121,71,131,26,96,128,25,76" hai1="104,66,45,6,54,3,44,77,34,74,116,72,31" hai2="47,99,132,114,88,84,35,67,41,1,93,117,21" hai3="135,125,7,42,81,27,73,29,126,20,68,133,30"/><W106/><G68/><T58/><D71/><U69/><E77/><V43/><F35/><W95/><G42/><N who="2" m="15881" /><F1/><W2/><G73/><T86/><D96/><U92/><E116/><V119/><F114/><W80/><G95/><T75/><D75/><U98/><E54/><V50/><F119/><W36/><G36/><T90/><D76/><U24/><E45/><V112/><F117/><W52/><G106/><T87/><D115/><U8/><E44/><V97/><F112/><W110/><G52/><N who="0" m="32015" /><D86/><U14/><E14/><V94/><F67/><W33/><G110/><T103/><D103/><N who="1" m="62583" /><E92/><N who="2" m="35435" /><F21/><W79/><G80/><N who="0" m="49511" /><D12/><U130/><E130/><N who="0" m="49705" /><D26/><U46/><E46/><V15/><F15/><W108/><G81/><T82/><D82/><U40/><E40/><N who="2" m="24935" /><F132/><N who="3" m="50763" /><G108/><T134/><D134/><U78/><E78/><V53/><F53/><W107/><G79/><T19/><AGARI ba="0,0" hai="19,23,25,121,123" m="49705,49511,32015" machi="19" ten="30,2000,0" yaku="19,1,54,1" doraHai="101" who="0" fromWho="0" sc="294,20,478,-5,43,-5,185,-10" /><INIT seed="4,0,0,3,1,90" ten="314,473,38,175" oya="0" hai0="13,112,15,45,79,73,65,132,18,12,81,91,5" hai1="0,7,31,11,57,43,118,126,96,41,78,100,107" hai2="105,89,20,130,32,103,109,77,125,19,55,49,35" hai3="99,128,40,85,42,63,56,61,34,3,129,133,108"/><T44/><D112/><U82/><E118/><V26/><F109/><W83/><G3/><T70/><D132/><U69/><E69/><V60/><F77/><W88/><G34/><T117/><D117/><U120/><E126/><V36/><F36/><W71/><G108/><T113/><D113/><U94/><E120/><V124/><F60/><W101/><G71/><T4/><D70/><U33/><E107/><V74/><F74/><W134/><G40/><T93/><D65/><U46/><E57/><V37/><F37/><W38/><G42/><T50/><D18/><U23/><E33/><V123/><F123/><W30/><G30/><T28/><D28/><U62/><E62/><V110/><F110/><W106/><G38/><T72/><D72/><U10/><E10/><V76/><F76/><W84/><G63/><T67/><D67/><U86/><E46/><N who="2" m="28087" /><F89/><N who="3" m="51391" /><G56/><T102/><D102/><U80/><E80/><V1/><F1/><W54/><G54/><T17/><D17/><U25/><AGARI ba="0,0" hai="0,7,11,23,25,31,41,43,78,82,86,94,96,100" machi="25" ten="30,2000,0" yaku="0,1,52,1" doraHai="90" who="1" fromWho="1" sc="314,-10,473,20,38,-5,175,-5" /><INIT seed="5,0,0,5,5,88" ten="304,493,33,170" oya="1" hai0="34,62,20,50,23,114,102,103,100,58,98,3,55" hai1="65,112,120,59,16,109,93,101,130,46,70,40,92" hai2="7,127,26,53,104,39,19,43,115,15,77,38,28" hai3="0,80,105,18,123,78,31,4,90,24,79,22,32"/><U33/><E112/><V95/><F104/><W52/><G105/><T6/><D114/><U48/><E130/><V36/><F115/><W76/><G123/><T82/><D34/><U84/><E120/><V13/><F127/><W72/><G90/><T133/><D133/><U63/><E109/><V89/><F77/><W118/><G118/><T117/><D117/><U113/><E101/><V83/><F83/><W12/><REACH who="3" step="1"/><G52/><REACH who="3" ten="304,493,33,160" step="2"/><T64/><D55/><U56/><E113/><V131/><F53/><W45/><G45/><T35/><D103/><U17/><E46/><V5/><F131/><W54/><G54/><T21/><D102/><U116/><E116/><V121/><F43/><W73/><G73/><T85/><D100/><U68/><E40/><V49/><F121/><W25/><G25/><T106/><D106/><U128/><E128/><V94/><F89/><W61/><G61/><T124/><D62/><U60/><E60/><V132/><F132/><W57/><G57/><T125/><D58/><U108/><E59/><V2/><F26/><W134/><G134/><T9/><D64/><U66/><E66/><V71/><F71/><W37/><G37/><T86/><D50/><U97/><E70/><V110/><F49/><W10/><AGARI ba="0,1" hai="0,4,10,12,18,22,24,31,32,72,76,78,79,80" machi="10" ten="30,7900,0" yaku="1,1,0,1,24,2,53,0" doraHai="88" doraHaiUra="119" who="3" fromWho="3" sc="304,-20,493,-39,33,-20,160,89" /><INIT seed="6,0,0,0,5,82" ten="284,454,13,249" oya="2" hai0="86,14,55,107,1,41,100,62,73,22,109,96,48" hai1="27,15,87,134,66,30,75,89,58,63,71,81,40" hai2="108,116,99,50,78,23,103,5,112,34,119,59,84" hai3="98,29,85,83,11,43,37,16,4,79,10,72,132"/><V91/><F34/><W70/><G70/><T28/><D1/><U125/><E134/><V64/><F5/><W122/><G122/><T94/><D73/><U42/><E125/><V54/><F78/><W12/><G132/><T31/><D109/><U115/><E115/><V110/><F112/><W69/><G69/><T101/><D41/><U19/><E75/><V6/><F6/><W53/><G29/><T68/><D68/><U121/><E121/><V36/><F64/><W130/><G98/><T88/><D62/><U32/><E71/><V129/><F23/><AGARI ba="0,0" hai="15,19,23,27,30,32,40,42,58,63,66,81,87,89" machi="23" ten="30,2000,0" yaku="7,1,52,1" doraHai="82" who="1" fromWho="2" sc="284,0,454,20,13,-20,249,0" owari="284,8.0,474,58.0,-7,-51.0,249,-15.0" /></mjloggm>