<mjloggm ver="2.3"><GO type="41" lobby="0"/><UN n0="%E2%93%9D%53%75%70%68%78" n1="%E8%B1%A1" n2="%65%6C%6C%69%70%74%69%63" n3="%E3%83%97%E3%83%AD%E3%83%87%E3%83%A5%E3%83%BC%E8%A5%BF" dan="18,15,13,14" rate="2129.51,2037.70,1823.22,1960.30" sx="M,M,F,M"/><TAIKYOKU oya="0"/><INIT seed="0,0,0,3,5,44" ten="250,250,250,250" oya="0" hai0="32,85,115,10,107,131,57,120,50,13,94,102,118" hai1="64,68,48,65,20,2,8,108,100,53,93,29,51" hai2="89,34,130,87,40,43,96,127,55,132,45,112,122" hai3="124,90,3,72,12,38,114,126,134,17,37,47,21"/><T31/><D115/><U49/><E108/><V71/><F34/><W91/><G114/><T110/><D118/><U33/><E33/><V113/><F71/><W39/><G3/><T6/><D120/><U125/><E125/><V106/><F122/><W23/><G72/><T18/><D107/><U5/><E53/><V54/><F127/><N who="3" m="48683" /><G134/><T59/><D131/><U7/><E68/><V103/><F132/><W58/><G58/><T84/><D31/><U105/><E105/><V82/><F40/><W24/><G47/><T109/><D32/><U121/><E121/><V104/><F104/><W98/><G98/><N who="0" m="59735" /><D59/><U36/><E36/><V63/><F130/><W101/><G101/><T19/><D85/><U69/><E69/><V1/><F1/><W61/><G61/><T133/><D84/><U46/><E46/><V9/><F9/><W16/><AGARI ba="0,0" hai="12,16,17,21,23,24,37,38,39,90,91" m="48683" machi="16" ten="40,2700,0" yaku="18,1,54,1" doraHai="44" who="3" fromWho="3" sc="250,-13,250,-7,250,-7,250,27" /><INIT seed="1,0,0,0,5,72" ten="237,243,243,277" oya="1" hai0="79,61,83,71,7,73,105,88,23,92,128,40,134" hai1="21,69,104,51,26,8,34,121,119,129,107,78,6" hai2="52,95,114,16,54,76,85,30,120,58,37,91,86" hai3="59,115,81,28,20,106,33,62,24,10,98,125,70"/><U1/><E121/><V97/><F120/><W5/><G115/><T84/><D128/><U123/><E123/><V93/><F37/><W122/><G122/><T87/><D134/><U35/><E119/><V44/><F114/><W77/><G125/><T132/><D132/><U110/><E129/><V25/><F44/><W116/><G116/><T57/><D71/><U31/><E69/><V53/><F58/><W109/><G109/><T63/><D105/><U65/><E65/><V42/><F42/><W82/><G82/><T130/><D130/><U47/><E110/><V46/><F46/><W2/><G70/><T55/><D40/><U4/><E4/><V36/><F36/><W9/><G9/><T67/><D7/><U29/><E31/><V66/><F66/><W43/><G43/><T90/><D23/><U22/><E21/><N who="2" m="13479" /><F30/><W94/><G106/><T80/><REACH who="0" step="1"/><D67/><REACH who="0" ten="227,243,243,277" step="2"/><U3/><E104/><V39/><F39/><W74/><G33/><T133/><D133/><U75/><E107/><V89/><F76/><W126/><G126/><T68/><D68/><U48/><E35/><V14/><F14/><W96/><REACH who="3" step="1"/><G94/><REACH who="3" ten="227,243,243,267" step="2"/><T12/><D12/><U13/><E34/><V124/><F124/><W101/><G101/><T99/><D99/><AGARI ba="0,2" hai="52,53,54,85,86,89,91,93,95,97,99" m="13479" machi="99" ten="30,3900,0" yaku="8,1,54,2" doraHai="72" who="2" fromWho="0" sc="227,-39,243,0,243,59,267,0" /><INIT seed="2,0,0,5,3,100" ten="188,243,302,267" oya="2" hai0="8,52,73,50,130,27,57,107,19,20,13,112,126" hai1="51,58,95,116,103,6,60,129,75,66,85,91,68" hai2="134,14,10,72,61,78,29,35,53,36,24,79,127" hai3="23,125,111,102,54,21,104,83,33,30,133,119,131"/><V76/><F36/><W28/><G102/><T55/><D130/><U17/><E116/><V43/><F43/><W16/><G83/><T113/><D73/><U87/><E75/><V90/><F134/><W77/><G77/><T71/><D126/><U118/><E118/><V70/><F127/><W4/><G54/><T93/><D71/><U121/><E121/><V40/><F40/><W59/><G59/><T122/><D122/><U38/><E38/><V2/><F2/><W109/><G119/><T124/><D124/><U1/><E129/><V63/><F63/><W11/><G125/><T26/><D107/><U115/><E115/><V48/><F90/><W49/><G49/><T99/><D27/><U81/><E6/><V46/><F61/><W18/><G131/><T123/><D123/><U67/><E1/><V114/><F70/><W25/><G104/><T80/><D80/><U37/><E37/><V89/><F89/><W69/><G69/><T74/><D74/><U45/><E17/><V96/><F96/><W110/><G133/><T117/><D55/><N who="1" m="30191" /><E68/><V62/><F62/><W0/><G33/><T94/><D117/><U135/><E135/><V64/><F64/><W120/><G120/><T22/><D99/><N who="1" m="59903" /><E87/><V9/><F114/><W128/><G128/><T92/><REACH who="0" step="1"/><D22/><REACH who="0" ten="178,243,302,267" step="2"/><U56/><E66/><V105/><F105/><W39/><G39/><T32/><D32/><U3/><E67/><V98/><F72/><W5/><G5/><AGARI ba="0,1" hai="5,8,13,19,20,26,50,52,57,92,93,94,112,113" machi="5" ten="40,5200,0" yaku="1,1,54,1,53,1" doraHai="100" doraHaiUra="44" who="0" fromWho="3" sc="178,62,243,0,302,0,267,-52" /><INIT seed="3,0,0,2,2,90" ten="240,243,302,215" oya="3" hai0="79,126,133,52,135,26,74,13,48,20,56,118,123" hai1="125,122,14,23,71,8,30,65,69,127,94,46,109" hai2="0,57,102,70,38,89,10,47,17,92,121,88,115" hai3="130,5,76,7,41,95,75,111,27,67,62,2,50"/><W120/><G120/><T99/><D123/><U129/><E122/><V68/><F115/><W101/><G2/><T119/><D13/><U53/><E109/><V61/><F121/><W39/><G39/><T1/><D1/><U105/><E105/><V72/><F72/><W6/><G111/><T49/><D126/><N who="1" m="48139" /><E65/><V21/><F89/><W112/><G112/><T100/><D49/><N who="1" m="28855" /><E129/><V4/><F102/><W54/><G41/><T28/><D79/><U80/><E80/><V113/><F47/><W116/><G116/><T31/><D31/><U66/><E66/><V85/><F38/><W82/><G130/><T86/><D74/><U108/><E108/><V40/><F40/><W29/><G54/><T110/><D86/><U103/><E23/><V43/><F43/><W15/><G50/><T37/><D37/><U9/><E30/><V32/><F32/><W106/><G106/><T34/><D34/><U3/><E3/><V60/><F60/><W87/><G15/><T12/><D12/><U77/><E77/><V96/><F113/><W24/><G29/><T25/><D25/><U98/><E9/><V84/><F68/><W22/><G22/><T81/><D110/><U93/><E94/><V78/><F78/><W11/><G11/><T58/><D81/><U104/><E104/><V64/><F70/><N who="3" m="42359" /><G75/><T131/><D131/><U35/><E35/><V114/><F114/><W18/><G18/><AGARI ba="0,0" hai="8,14,18,69,71,93,98,103" m="28855,48139" machi="18" ten="30,2000,0" yaku="18,1,52,1" doraHai="90" who="1" fromWho="3" sc="240,0,243,20,302,0,215,-20" /><INIT seed="4,0,0,3,3,116" ten="240,263,302,195" oya="0" hai0="1,25,123,68,86,26,49,103,114,128,107,96,104" hai1="106,59,74,4,43,45,8,135,98,53,35,85,120" hai2="6,56,122,117,17,125,127,37,60,9,91,30,131" hai3="3,57,64,83,51,99,69,112,32,84,130,23,19"/><T2/><D114/><U66/><E74/><V33/><F37/><W119/><G119/><T81/><D68/><U110/><E110/><V61/><F117/><W7/><G112/><T80/><D128/><U94/><E35/><V46/><F131/><W124/><G32/><T76/><D49/><U52/><E106/><V38/><F17/><W78/><G130/><T12/><D12/><U55/><E135/><V113/><F113/><W101/><G124/><N who="2" m="47689" /><F122/><W14/><G69/><T13/><D13/><U73/><E73/><V102/><F102/><W77/><G3/><T70/><D70/><U27/><E27/><N who="2" m="18655" /><F91/><W47/><G7/><T87/><D107/><U31/><E85/><V20/><F20/><W79/><G57/><T18/><D123/><U10/><E31/><V62/><F46/><W75/><G64/><T90/><REACH who="0" step="1"/><D18/><REACH who="0" ten="230,263,302,195" step="2"/><U44/><E120/><V109/><F38/><W134/><G134/><T24/><AGARI ba="0,1" hai="1,2,24,25,26,76,80,81,86,87,90,96,103,104" machi="24" ten="30,6000,0" yaku="1,1,2,1,0,1,53,0" doraHai="116" doraHaiUra="16" who="0" fromWho="0" sc="230,70,263,-20,302,-20,195,-20" /><INIT seed="4,1,0,1,3,43" ten="300,243,282,175" oya="0" hai0="128,8,119,124,85,130,63,11,68,55,35,6,134" hai1="64,112,0,60,17,54,10,42,99,98,71,20,78" hai2="59,29,95,16,9,92,93,100,23,21,47,76,111" hai3="126,38,82,120,61,30,125,81,108,114,14,57,41"/><T44/><D119/><U113/><E78/><V67/><F111/><W106/><G108/><T28/><D124/><U2/><E54/><V115/><F115/><N who="1" m="44105" /><E42/><V97/><F76/><W53/><G114/><T13/><D134/><U31/><E31/><V79/><F79/><W117/><G106/><T56/><D68/><U86/><E86/><V39/><F9/><W91/><G117/><T83/><D28/><U70/><E71/><V32/><F32/><W36/><G30/><T110/><D35/><U102/><E10/><V25/><F47/><W58/><G91/><T94/><D110/><U19/><E99/><V104/><F39/><W135/><G41/><T129/><D11/><U107/><E19/><V62/><F104/><W40/><G40/><T51/><D94/><U66/><E64/><V37/><F37/><W46/><G53/><T84/><REACH who="0" step="1"/><D83/><REACH who="0" ten="290,243,282,175" step="2"/><U133/><E133/><V50/><F50/><W45/><G135/><T7/><D7/><U27/><AGARI ba="1,1" hai="0,2,17,20,27,60,66,70,98,102,107" m="44105" machi="27" ten="30,2000,0" yaku="15,1,11,1" doraHai="43" who="1" fromWho="1" sc="290,-11,243,33,282,-6,175,-6" /><INIT seed="5,0,0,5,4,63" ten="279,276,276,169" oya="1" hai0="135,66,12,81,77,120,5,15,28,51,132,6,54" hai1="69,125,93,26,47,53,24,25,58,113,95,124,1" hai2="43,34,18,118,9,38,21,126,112,71,65,7,14" hai3="55,40,64,78,91,116,50,101,70,8,48,32,134"/><U117/><E117/><V121/><F118/><W110/><G32/><T60/><D28/><U88/><E1/><V23/><F34/><W13/><G116/><T74/><D120/><U46/><E69/><V57/><F121/><W3/><G110/><T115/><D115/><U44/><E113/><V22/><F112/><W30/><G3/><T72/><D72/><U108/><E108/><V62/><F126/><W68/><G30/><T29/><D29/><U67/><E67/><V114/><F114/><W99/><G78/><T10/><D51/><U96/><REACH who="1" step="1"/><E93/><REACH who="1" ten="279,266,276,169" step="2"/><V128/><F71/><W106/><G70/><T85/><D66/><U111/><E111/><V52/><F65/><W33/><G64/><T119/><D119/><U36/><E36/><V127/><F127/><W103/><G68/><T20/><D135/><U45/><N who="1" m="11264" /><DORA hai="80" /><U31/><E31/><V89/><F38/><W130/><G134/><T102/><D132/><U104/><E104/><V129/><F43/><W86/><G40/><T98/><D54/><U107/><E107/><V76/><F52/><W90/><G55/><T19/><D74/><U56/><E56/><V4/><F57/><W131/><G106/><T27/><D60/><AGARI ba="0,1" hai="24,25,26,53,58,60,88,95,96,124,125" m="11264" machi="60" ten="60,18000,2" yaku="1,1,54,1,53,4" doraHai="63,80" doraHaiUra="42,75" who="1" fromWho="0" sc="279,-180,266,190,276,0,169,0" /><INIT seed="5,1,0,1,1,7" ten="99,456,276,169" oya="1" hai0="17,112,36,59,92,11,23,37,134,50,56,107,20" hai1="53,84,76,128,39,62,28,69,54,3,89,25,100" hai2="29,49,44,66,123,22,85,9,27,12,14,110,129" hai3="98,80,126,111,63,88,72,124,57,108,21,132,127"/><U75/><E39/><V105/><F105/><W0/><G0/><T87/><D107/><U42/><E42/><N who="2" m="24727" /><F110/><W46/><G21/><T19/><D112/><U131/><E100/><V125/><F123/><W65/><G132/><T79/><D134/><U35/><E3/><V74/><F74/><W31/><G31/><T130/><D130/><N who="1" m="49707" /><E76/><V94/><F129/><W15/><G15/><T58/><D50/><U67/><E75/><V77/><F125/><W119/><G119/><T48/><D48/><U47/><E47/><V38/><F38/><W18/><G18/><T133/><D133/><U70/><E69/><V83/><F94/><AGARI ba="1,0" hai="25,28,35,53,54,62,67,70,84,89,94" m="49707" machi="94" ten="30,1500,0" yaku="19,1" doraHai="7" who="1" fromWho="2" sc="99,0,456,18,276,-18,169,0" /><INIT seed="5,2,0,0,2,112" ten="99,474,258,169" oya="1" hai0="77,91,116,134,49,78,89,67,74,70,42,23,33" hai1="35,26,86,94,59,120,21,31,90,114,45,108,38" hai2="101,10,54,50,27,64,85,135,106,83,2,131,125" hai3="88,127,121,55,76,118,24,39,6,11,130,30,0"/><U14/><E108/><V18/><F125/><W128/><G121/><T104/><D33/><U95/><E120/><V53/><F64/><W51/><G39/><T110/><D110/><U22/><E114/><V16/><F131/><N who="3" m="50219" /><G76/><T117/><D23/><U62/><E94/><V37/><F37/><W57/><G127/><T60/><D104/><U9/><E45/><V82/><F135/><W61/><G61/><T52/><D42/><U92/><E95/><V13/><F2/><W105/><G105/><T99/><D134/><U132/><E38/><V32/><F101/><W102/><G102/><T109/><D109/><U69/><E69/><V72/><F106/><W41/><G41/><T58/><D78/><U133/><E132/><V8/><F8/><W34/><G88/><T20/><D20/><U66/><REACH who="1" step="1"/><E133/><REACH who="1" ten="99,464,258,169" step="2"/><V73/><F72/><W97/><G97/><T100/><D100/><U40/><E40/><V28/><F73/><W7/><G6/><AGARI ba="2,1" hai="6,9,14,21,22,26,31,35,59,62,66,86,90,92" machi="6" ten="30,5800,0" yaku="1,1,7,1,53,1" doraHai="112" doraHaiUra="56" who="1" fromWho="3" sc="99,0,464,74,258,0,169,-64" /><INIT seed="5,3,0,1,2,124" ten="99,538,258,105" oya="1" hai0="130,108,81,114,104,97,83,37,44,55,36,116,69" hai1="17,20,67,24,51,94,120,121,99,39,0,96,7" hai2="100,113,79,3,45,48,89,34,118,49,40,91,107" hai3="105,131,26,22,66,72,128,61,65,102,74,41,52"/><U110/><E39/><V15/><F34/><W134/><G41/><T14/><D108/><U21/><E0/><V9/><F118/><W38/><G38/><T71/><D116/><U42/><E7/><V18/><F79/><W8/><G8/><T27/><D104/><U109/><E67/><V117/><F117/><W25/><G66/><T80/><D97/><N who="1" m="37451" /><E94/><V95/><F100/><W43/><G43/><T13/><D27/><U4/><E4/><V132/><F107/><W112/><G112/><T103/><D103/><U2/><E2/><V32/><F32/><W59/><G134/><T92/><D92/><U35/><E35/><V28/><F28/><W60/><G26/><T54/><D83/><U101/><E101/><V58/><F132/><W56/><G102/><T111/><D111/><N who="1" m="42507" /><E21/><V76/><F95/><W47/><G105/><T127/><D114/><U84/><E84/><V53/><F113/><W70/><G47/><AGARI ba="3,0" hai="17,20,24,42,47,51,120,121" m="42507,37451" machi="47" ten="30,1500,0" yaku="10,1" doraHai="124" who="1" fromWho="3" sc="99,0,538,24,258,0,105,-24" /><INIT seed="5,4,0,1,1,97" ten="99,562,258,81" oya="1" hai0="56,24,109,127,33,114,46,119,118,130,67,73,75" hai1="79,70,123,10,2,58,40,78,135,116,26,88,128" hai2="25,100,60,47,34,125,77,101,133,92,115,28,36" hai3="113,99,43,32,21,44,55,39,7,59,16,90,23"/><U15/><E123/><V37/><F133/><W38/><G32/><T131/><D109/><U69/><E116/><N who="0" m="44585" /><D114/><U72/><E2/><V18/><F77/><W27/><G113/><T20/><D46/><U51/><E135/><V61/><F115/><W48/><G7/><T81/><D81/><U121/><E121/><V84/><F125/><W132/><G132/><T122/><D33/><U108/><E128/><N who="0" m="49193" /><D122/><U110/><E26/><V112/><F112/><W0/><G0/><T129/><N who="0" m="49201" /><T12/><DORA hai="103" /><D12/><U64/><E72/><V50/><F37/><W54/><G54/><T105/><D105/><U134/><E134/><V6/><F36/><W85/><G23/><T3/><D3/><U41/><E15/><V98/><F6/><W126/><G126/><T11/><D11/><U91/><E10/><V74/><F18/><W107/><G107/><T30/><D127/><U62/><E51/><V120/><F120/><W76/><G76/><N who="1" m="29226" /><E69/><V83/><F74/><W9/><G9/><T111/><D111/><N who="1" m="42539" /><E70/><V57/><F57/><W13/><G27/><T45/><D45/><U53/><E53/><V29/><F29/><W95/><G99/><T66/><D56/><U106/><E106/><V8/><F8/><W89/><G89/><AGARI ba="4,0" hai="40,41,58,62,64,88,89,91" m="42539,29226" machi="89" ten="30,2900,0" yaku="10,1,54,1" doraHai="97,103" who="1" fromWho="3" sc="99,0,562,41,258,0,81,-41" /><INIT seed="5,5,0,3,4,18" ten="99,603,258,40" oya="1" hai0="129,61,5,85,135,121,91,100,57,96,32,37,39" hai1="123,118,80,10,116,88,117,113,20,44,13,49,105" hai2="7,68,128,15,36,64,33,28,109,54,94,11,120" hai3="55,86,103,132,66,23,115,69,93,45,127,60,53"/><U74/><E123/><V89/><F109/><W38/><G115/><T122/><D32/><U24/><E105/><V98/><F120/><N who="0" m="46186" /><D5/><U17/><E113/><V87/><F36/><W119/><G127/><T76/><D76/><U112/><E112/><V43/><F43/><W3/><G3/><T6/><D6/><U56/><E56/><V12/><F128/><W42/><G132/><T134/><D129/><U50/><E74/><V47/><F15/><W27/><G119/><T29/><D29/><U8/><E8/><V40/><F54/><W106/><G106/><N who="0" m="63751" /><D39/><U22/><E24/><V92/><F28/><W108/><G108/><T104/><D37/><U9/><E9/><V30/><F30/><W41/><G42/><T31/><D31/><U84/><REACH who="1" step="1"/><E49/><REACH who="1" ten="99,593,258,40" step="2"/><V21/><F11/><W81/><G38/><T62/><D104/><U102/><E102/><V126/><F126/><W65/><G69/><T16/><D57/><U25/><E25/><V48/><F68/><W79/><G103/><T4/><D135/><U95/><E95/><V51/><F92/><W124/><G93/><T77/><D134/><U70/><E70/><V101/><F94/><W63/><G124/><T26/><D26/><U19/><E19/><V1/><F48/><N who="3" m="26671" /><G27/><T114/><D114/><U14/><E14/><V97/><F51/><W125/><G125/><T67/><D16/><U2/><E2/><V111/><F12/><W82/><G23/><T90/><D4/><U35/><E35/><V72/><F7/><W78/><G81/><N who="0" m="47279" /><D62/><U59/><E59/><V71/><F1/><W107/><G63/><RYUUKYOKU ba="5,1" sc="99,15,593,15,258,-15,40,-15" hai0="61,67,90,91" hai1="10,13,17,20,22,44,50,80,84,88,116,117,118" /><INIT seed="5,6,1,2,2,100" ten="114,608,243,25" oya="1" hai0="39,112,72,84,56,90,92,43,96,63,22,131,74" hai1="35,126,75,8,45,110,55,59,12,17,76,1,34" hai2="125,101,134,52,4,30,102,94,67,80,13,68,5" hai3="123,130,37,36,99,93,21,18,135,95,57,9,118"/><U33/><E75/><V117/><F117/><W114/><G123/><T71/><D71/><U81/><E1/><V58/><F68/><W11/><G118/><T26/><D112/><U69/><E69/><V119/><F119/><W44/><G114/><T51/><D39/><U122/><E122/><V103/><F67/><W98/><G135/><T61/><D131/><U133/><E133/><V120/><F120/><W106/><G57/><T28/><D74/><U82/><E126/><V73/><F134/><W70/><G70/><T47/><D72/><U6/><E110/><V41/><F41/><W121/><G44/><T62/><REACH who="0" step="1"/><D96/><REACH who="0" ten="104,608,243,25" step="2"/><U64/><E35/><V7/><F73/><W111/><G130/><T127/><D127/><U109/><E33/><V23/><F125/><W60/><G111/><T10/><D10/><U16/><E34/><V42/><F101/><W53/><G121/><T0/><D0/><U91/><E109/><V86/><F102/><W89/><G37/><T77/><D77/><U129/><E76/><V65/><F103/><W128/><G36/><T38/><D38/><U105/><E129/><V132/><F132/><W27/><G128/><T113/><D113/><U15/><E8/><V116/><F116/><W31/><G106/><T66/><AGARI ba="6,2" hai="22,26,28,43,47,51,56,61,62,63,66,84,90,92" machi="66" ten="20,8000,1" yaku="1,1,0,1,7,1,8,1,53,1" doraHai="100" doraHaiUra="25" who="0" fromWho="0" sc="104,118,608,-46,243,-26,25,-26" owari="222,2.0,562,66.0,217,-18.0,-1,-50.0" /></mjloggm>