<mjloggm ver="2.3"><GO type="41" lobby="0"/><UN n0="%E2%93%9D%53%75%70%68%78" n1="%E3%81%91%E3%82%93%E3%81%97%E3%82%93%EF%BC%97%EF%BC%97" n2="%E3%81%AF%E3%81%BE%E3%81%B9%E3%81%84" n3="%E3%81%88%E3%81%8D%E3%81%A3%E3%81%A1" dan="17,15,13,14" rate="2061.48,1996.37,1851.85,1885.67" sx="M,F,M,M"/><TAIKYOKU oya="0"/><INIT seed="0,0,0,2,5,1" ten="250,250,250,250" oya="0" hai0="9,69,8,93,49,82,80,119,130,86,122,85,30" hai1="127,121,22,20,112,135,13,18,94,11,51,74,36" hai2="44,109,70,31,100,66,114,110,29,107,0,124,45" hai3="39,4,6,33,88,48,71,131,24,56,17,60,52"/><T98/><D69/><U5/><E121/><V16/><F70/><W128/><G39/><T68/><D68/><U104/><E104/><V101/><F107/><W23/><G33/><T57/><D130/><N who="3" m="49705" /><G88/><N who="0" m="51239" /><D119/><U37/><E74/><V111/><F0/><W126/><G126/><T90/><D30/><U106/><E106/><V117/><F111/><W19/><G19/><T133/><D133/><U97/><E135/><V27/><F27/><W7/><G60/><T95/><D122/><U125/><E22/><V123/><F123/><W96/><G71/><T76/><D95/><U78/><E78/><V21/><F21/><W116/><G96/><T55/><AGARI ba="0,0" hai="8,9,49,55,57,76,82,86,90,93,98" m="51239" machi="55" ten="30,3000,0" yaku="8,1,54,1" doraHai="1" who="0" fromWho="0" sc="250,30,250,-10,250,-10,250,-10" /><INIT seed="0,1,0,4,5,98" ten="280,240,240,240" oya="0" hai0="45,18,52,49,23,91,116,14,127,135,26,29,122" hai1="120,112,7,48,85,129,74,47,69,106,15,58,62" hai2="16,92,9,86,117,43,118,10,128,82,21,83,73" hai3="113,55,123,89,79,42,65,51,20,24,132,70,37"/><T121/><D116/><U109/><E120/><V28/><F28/><W35/><G123/><T25/><D135/><U32/><E32/><V80/><F73/><W22/><G113/><T1/><D127/><U64/><E112/><V39/><F128/><W2/><G132/><T119/><D119/><N who="2" m="45578" /><F43/><W5/><G79/><T115/><D115/><U63/><E74/><V75/><F75/><W40/><G40/><T94/><D1/><U77/><E106/><V4/><F4/><W96/><G35/><T30/><D30/><U60/><E129/><V134/><F39/><W84/><G96/><T13/><D122/><U126/><E126/><V3/><F3/><W56/><G5/><T130/><D130/><U103/><E109/><V133/><F134/><W88/><G2/><T72/><D72/><U111/><E111/><V68/><F68/><W11/><G11/><N who="2" m="4105" /><F133/><W54/><G54/><T0/><D0/><U17/><E7/><V131/><F131/><W95/><G89/><T66/><D66/><U105/><E69/><V6/><F6/><W93/><G93/><T61/><D121/><U71/><E71/><V101/><F86/><W87/><G87/><N who="0" m="52607" /><D61/><N who="1" m="23659" /><E105/><V27/><F92/><W34/><G34/><T57/><D57/><U107/><E107/><V108/><F108/><W19/><G22/><AGARI ba="1,0" hai="13,14,18,22,23,25,26,29,45,49,52" m="52607" machi="22" ten="30,2900,0" yaku="8,1,54,1" doraHai="98" who="0" fromWho="3" sc="280,32,240,0,240,0,240,-32" /><INIT seed="0,2,0,3,3,38" ten="312,240,240,208" oya="0" hai0="109,44,126,37,127,50,114,51,96,87,48,80,89" hai1="108,111,61,64,12,123,130,10,49,0,135,52,25" hai2="77,17,42,4,110,102,13,92,66,95,81,94,43" hai3="73,7,86,67,124,28,122,18,65,55,72,8,60"/><T133/><D114/><U3/><E123/><V93/><F110/><N who="1" m="42025" /><E130/><V14/><F66/><W45/><G122/><T56/><D109/><U105/><E105/><V76/><F102/><W112/><G112/><T41/><D133/><U57/><E135/><V115/><F115/><W132/><G132/><T26/><D26/><U103/><E103/><V101/><F101/><W5/><G124/><N who="0" m="47659" /><D96/><U2/><E25/><V15/><F4/><W35/><G28/><T98/><D98/><U6/><E12/><N who="2" m="4715" /><F94/><W119/><G35/><T97/><D97/><U104/><E104/><V90/><F90/><W131/><G119/><T58/><AGARI ba="2,0" hai="37,41,44,48,50,51,56,58,80,87,89" m="47659" machi="58" ten="40,3900,0" yaku="18,1,52,1" doraHai="38" who="0" fromWho="0" sc="312,45,240,-15,240,-15,208,-15" /><INIT seed="0,3,0,3,3,25" ten="357,225,225,193" oya="0" hai0="131,104,99,44,71,92,29,84,78,96,46,72,41" hai1="51,65,15,79,32,124,117,94,21,115,129,10,24" hai2="112,87,38,134,80,114,34,45,127,109,4,53,22" hai3="125,60,9,5,13,101,19,47,108,57,91,56,70"/><T37/><D71/><U58/><E117/><V119/><F119/><W20/><G108/><T64/><D64/><U63/><E124/><V69/><F69/><W1/><G125/><T66/><D66/><U49/><E129/><V14/><F34/><W90/><G70/><T31/><D72/><U76/><E115/><V93/><F127/><W52/><G101/><T132/><D132/><U106/><E106/><V2/><F2/><W113/><G113/><T98/><D104/><U103/><E32/><V40/><F134/><W123/><G123/><T116/><D131/><U8/><E8/><V50/><F93/><W97/><G97/><T130/><D116/><U27/><E27/><V75/><F75/><W35/><G35/><T105/><D105/><U126/><E126/><V81/><F81/><W30/><G47/><T48/><D130/><U95/><E95/><V17/><F4/><W23/><REACH who="3" step="1"/><G57/><REACH who="3" ten="357,225,225,183" step="2"/><T18/><D46/><U62/><E103/><V121/><F109/><W12/><G12/><T89/><D37/><U133/><E133/><V86/><F121/><W55/><G55/><T43/><D43/><U33/><E33/><V26/><F14/><W7/><G7/><T6/><D6/><N who="1" m="3543" /><E94/><V28/><F114/><W61/><G61/><T54/><D41/><U42/><E42/><V85/><F112/><W88/><G88/><T36/><D36/><U110/><E110/><V107/><F107/><W16/><G16/><T102/><D102/><U59/><E59/><N who="2" m="33207" /><F80/><W83/><G83/><N who="0" m="47223" /><D18/><N who="1" m="12343" /><E62/><V3/><F3/><W77/><G77/><AGARI ba="3,1" hai="49,51,58,63,65,76,77,79" m="12343,3543" machi="77" ten="30,1000,0" yaku="8,1" doraHai="25" who="1" fromWho="3" sc="357,0,225,29,225,0,183,-19" /><INIT seed="1,0,0,3,1,94" ten="357,254,225,164" oya="1" hai0="12,16,27,76,86,109,4,3,70,80,33,120,116" hai1="20,8,85,106,37,114,40,87,57,130,93,48,107" hai2="32,11,104,18,112,42,79,45,64,74,58,115,2" hai3="123,96,72,17,128,73,67,126,30,118,25,22,100"/><U19/><E114/><V36/><F58/><W6/><G123/><T113/><D116/><U125/><E125/><V89/><F18/><W39/><G126/><T35/><D70/><U134/><E134/><V124/><F124/><W91/><G118/><T71/><D71/><U90/><E130/><V121/><F64/><W62/><G39/><T82/><D109/><U84/><E37/><V0/><F89/><W26/><G128/><T131/><D113/><N who="2" m="43594" /><F121/><W43/><G43/><T133/><D82/><U5/><E107/><V41/><F41/><W10/><G91/><T66/><D66/><U49/><E106/><V1/><F104/><W7/><G25/><T65/><D27/><N who="1" m="14751" /><E49/><V83/><F32/><W101/><G101/><T88/><D35/><U29/><E29/><V23/><F23/><W108/><G108/><T117/><D33/><U77/><E77/><V127/><F127/><W119/><G119/><T52/><D76/><U50/><E50/><V9/><AGARI ba="0,0" hai="0,1,2,9,11,36,42,45,74,79,83" m="43594" machi="9" ten="40,1500,0" yaku="11,1" doraHai="94" who="2" fromWho="2" sc="357,-4,254,-7,225,15,164,-4" /><INIT seed="2,0,0,5,2,56" ten="353,247,240,160" oya="2" hai0="128,2,80,3,50,112,38,13,1,129,118,57,73" hai1="131,10,11,64,34,134,86,83,127,126,39,49,120" hai2="90,9,114,48,104,59,71,62,35,133,18,7,116" hai3="21,43,115,28,103,61,53,69,74,124,107,66,30"/><V27/><F116/><W67/><G74/><T81/><D38/><U79/><E39/><V97/><F114/><W119/><G103/><T16/><D112/><U111/><E111/><V106/><F71/><W75/><G75/><T82/><D118/><U78/><E34/><V76/><F76/><W132/><G107/><T77/><D50/><U87/><E120/><V55/><F133/><W70/><G21/><T117/><D57/><U95/><E134/><V47/><F97/><W65/><G28/><T40/><D40/><U101/><E131/><N who="0" m="50249" /><D117/><U5/><E49/><V23/><F90/><W25/><G25/><T54/><D54/><U98/><E64/><N who="3" m="24682" /><G30/><T22/><AGARI ba="0,0" hai="1,2,3,13,16,22,73,77,80,81,82" m="50249" machi="22" ten="40,2700,0" yaku="19,1,54,1" doraHai="56" who="0" fromWho="0" sc="353,27,247,-7,240,-13,160,-7" /><INIT seed="3,0,0,1,1,21" ten="380,240,227,153" oya="3" hai0="2,95,56,72,60,112,38,117,94,81,125,89,132" hai1="17,127,16,50,4,33,13,88,114,97,75,106,36" hai2="105,124,93,103,59,80,84,86,10,46,14,62,49" hai3="9,76,135,34,18,91,28,83,55,29,67,23,131"/><W8/><G67/><T116/><D2/><U31/><E114/><V115/><F115/><W7/><G91/><T32/><D38/><U44/><E36/><V40/><F124/><W107/><G107/><T66/><D32/><U15/><E75/><V68/><F68/><W42/><G42/><T52/><D132/><U11/><E127/><V85/><F105/><W82/><G135/><T73/><D112/><U109/><E109/><V51/><F51/><W54/><G131/><T120/><D120/><U134/><E134/><V37/><F37/><W102/><G102/><T111/><D95/><N who="1" m="56551" /><E33/><V12/><F12/><W78/><G34/><T119/><D81/><N who="3" m="30729" /><G7/><T45/><D111/><U61/><E106/><V92/><F103/><W3/><G3/><T70/><D125/><U6/><E31/><N who="3" m="11850" /><G23/><T39/><D39/><U126/><E61/><V24/><F80/><W96/><G96/><T133/><D133/><U121/><E121/><V122/><F122/><W58/><G18/><T74/><D119/><U65/><E65/><V129/><F129/><W123/><G123/><T71/><D117/><U98/><E98/><V69/><F69/><W19/><G19/><T0/><D116/><U128/><E128/><V79/><F79/><N who="3" m="30251" /><G58/><T77/><D77/><U99/><E99/><V27/><F93/><W113/><G113/><T64/><D71/><U47/><E126/><V30/><F30/><W20/><G20/><T26/><D70/><U130/><E130/><V48/><F92/><W41/><G41/><T108/><D74/><U1/><E1/><V63/><F63/><W118/><G118/><RYUUKYOKU ba="0,0" sc="380,-10,240,-10,227,-10,153,30" hai3="8,9,54,55" /><INIT seed="3,1,0,1,1,114" ten="370,230,217,183" oya="3" hai0="96,0,131,71,124,126,76,5,111,129,3,47,21" hai1="78,119,46,103,70,58,123,89,79,73,48,86,42" hai2="59,77,104,93,8,110,74,24,17,10,64,98,65" hai3="85,31,61,35,4,19,56,99,128,29,67,16,57"/><W25/><G128/><N who="0" m="49227" /><D111/><U75/><E123/><V92/><F110/><W50/><G29/><T134/><D71/><U80/><E70/><V7/><F104/><W49/><G4/><T127/><D76/><U91/><E103/><V84/><F74/><W54/><G99/><T27/><D47/><U18/><E119/><V68/><F68/><W45/><REACH who="3" step="1"/><G85/><REACH who="3" ten="370,230,217,173" step="2"/><T118/><D5/><U39/><E75/><V6/><F98/><W2/><G2/><N who="0" m="555" /><D96/><U52/><E73/><V12/><F17/><W26/><G26/><T40/><D118/><U33/><E33/><V38/><F24/><W87/><G87/><T69/><D69/><U117/><E117/><V122/><F122/><W94/><G94/><T13/><D13/><U43/><E79/><V55/><F93/><W11/><G11/><T109/><D109/><U102/><E102/><V115/><F115/><W62/><G62/><T72/><D72/><U88/><E18/><V113/><F113/><W132/><G132/><T23/><D27/><U90/><E78/><V9/><F9/><W112/><G112/><T82/><D82/><U51/><E39/><V130/><F130/><W95/><G95/><T41/><D134/><U14/><E14/><V15/><F38/><W108/><G108/><T66/><D23/><U28/><E28/><V83/><F92/><W125/><G125/><T105/><D21/><U36/><E36/><V116/><F116/><W97/><G97/><T106/><D106/><U63/><E63/><AGARI ba="1,1" hai="6,7,8,10,12,15,55,59,63,64,65,77,83,84" machi="63" ten="30,3900,0" yaku="7,1,9,1,8,1" doraHai="114" who="2" fromWho="1" sc="370,0,230,-42,217,52,173,0" /><INIT seed="4,0,0,0,4,83" ten="370,188,269,173" oya="0" hai0="78,129,40,107,119,42,36,75,15,66,27,117,41" hai1="120,30,16,100,18,81,17,54,76,13,110,108,4" hai2="127,126,133,121,104,109,134,48,20,96,98,97,5" hai3="2,88,92,28,3,105,38,128,122,73,115,56,124"/><T52/><D107/><U12/><E100/><V64/><F64/><W118/><RYUUKYOKU type="yao9" ba="0,0" sc="370,0,188,0,269,0,173,0" hai3="2,3,28,38,56,73,88,92,105,115,118,122,124,128" /><INIT seed="4,1,0,1,3,134" ten="370,188,269,173" oya="0" hai0="111,31,20,130,32,129,135,121,88,108,50,12,74" hai1="120,4,58,95,79,107,80,109,99,102,90,38,19" hai2="83,59,91,44,131,65,41,106,14,34,100,97,2" hai3="40,78,0,76,85,56,10,46,22,25,43,123,71"/><T86/><D74/><U84/><E38/><V62/><F2/><W18/><G71/><T82/><D121/><U60/><E109/><N who="0" m="42057" /><D135/><U45/><E120/><V28/><F131/><N who="0" m="50186" /><D32/><U119/><E119/><V27/><F14/><W49/><G123/><T57/><D57/><U132/><E132/><V87/><F44/><W93/><G40/><T133/><D133/><U124/><E124/><V35/><F41/><W118/><G118/><T33/><D33/><AGARI ba="1,0" hai="27,28,33,34,35,59,62,65,83,87,91,97,100,106" machi="33" ten="30,1000,0" yaku="7,1" doraHai="134" who="2" fromWho="0" sc="370,-13,188,0,269,13,173,0" /><INIT seed="5,0,0,1,2,8" ten="357,188,282,173" oya="1" hai0="46,109,117,22,82,130,79,91,128,67,95,133,132" hai1="119,29,122,6,26,125,12,55,58,70,15,48,61" hai2="33,39,126,83,75,51,99,105,112,135,71,34,121" hai3="18,87,54,66,47,36,57,89,38,76,74,1,64"/><U98/><E122/><V63/><RYUUKYOKU type="yao9" ba="0,0" sc="357,0,188,0,282,0,173,0" hai2="33,34,39,51,63,71,75,83,99,105,112,121,126,135" /><INIT seed="5,1,0,3,5,15" ten="357,188,282,173" oya="1" hai0="71,94,67,92,10,90,16,69,37,34,63,29,28" hai1="99,30,31,18,60,82,48,23,49,70,56,78,129" hai2="44,104,24,133,131,72,52,68,121,120,127,96,26" hai3="106,111,81,38,98,66,114,95,89,50,101,113,91"/><U43/><E129/><V103/><F131/><W41/><G38/><T58/><D37/><U135/><E70/><V51/><F127/><W4/><G66/><T124/><D34/><U112/><E112/><N who="3" m="43114" /><G4/><T84/><D124/><U122/><E122/><V77/><F133/><W65/><G65/><T42/><D42/><U108/><E135/><V132/><F132/><W39/><G39/><T75/><D75/><U109/><E99/><V105/><F105/><W86/><G50/><N who="1" m="19562" /><E43/><V87/><F68/><W61/><G61/><T8/><D71/><U57/><E57/><V134/><F134/><W119/><G41/><T118/><D118/><U25/><E82/><V100/><F100/><W21/><G21/><T47/><D69/><U110/><E78/><V13/><F72/><W55/><G55/><AGARI ba="1,0" hai="18,23,25,30,31,55,56,60,108,109,110" m="19562" machi="55" ten="30,2900,0" yaku="10,1,52,1" doraHai="15" who="1" fromWho="3" sc="357,0,188,32,282,0,173,-32" /><INIT seed="5,2,0,1,4,107" ten="357,220,282,141" oya="1" hai0="33,7,32,38,31,102,134,67,40,126,68,84,11" hai1="117,108,78,54,111,91,93,52,3,63,46,75,112" hai2="69,88,42,73,124,4,116,17,6,133,130,127,10" hai3="89,128,62,12,71,49,45,35,25,87,27,47,92"/><U120/><E120/><V121/><F121/><W98/><G128/><T18/><D18/><U135/><E117/><V58/><F69/><W14/><G35/><T48/><D48/><U16/><E3/><V19/><F116/><W100/><G71/><T101/><D134/><U97/><E135/><V30/><F133/><W125/><G125/><T72/><D84/><U95/><E112/><V21/><F42/><W39/><G39/><T70/><D102/><U2/><E2/><V66/><F66/><W129/><G129/><T118/><D101/><U114/><E114/><V37/><F37/><W76/><G62/><T115/><D31/><U55/><E95/><V41/><F41/><W113/><G113/><T1/><D126/><U50/><E63/><V74/><F58/><W80/><G45/><T61/><D118/><U57/><E57/><V56/><F56/><W34/><G34/><N who="0" m="13419" /><D70/><U20/><E75/><V82/><F10/><W9/><G14/><T53/><D53/><U0/><E0/><V106/><F106/><W60/><G60/><T24/><D24/><N who="1" m="14343" /><E78/><V59/><F59/><W132/><G132/><T81/><D115/><U51/><E46/><V13/><F21/><W43/><REACH who="3" step="1"/><G100/><REACH who="3" ten="357,220,282,131" step="2"/><T109/><D61/><U36/><E36/><V44/><F127/><W8/><G8/><T85/><D68/><U15/><E15/><V105/><F44/><W29/><G29/><T86/><D38/><U5/><E5/><AGARI ba="2,1" hai="5,9,12,25,27,43,47,49,76,80,87,89,92,98" machi="5" ten="30,8000,1" yaku="1,1,7,1,25,2,8,1,53,0" doraHai="107" doraHaiUra="65" who="3" fromWho="1" sc="357,0,220,-86,282,0,131,96" /><INIT seed="6,0,0,3,0,97" ten="357,134,282,227" oya="2" hai0="130,38,66,77,1,0,55,61,12,129,62,101,16" hai1="53,56,63,123,64,36,29,83,86,95,10,2,132" hai2="125,43,9,90,82,54,50,11,65,109,22,70,31" hai3="4,78,85,46,120,117,30,74,122,104,89,94,96"/><V14/><F125/><W52/><G30/><T17/><D38/><U116/><E116/><V45/><F109/><W108/><G4/><T73/><D101/><U34/><E36/><V121/><F121/><W49/><G117/><T47/><D77/><U59/><E132/><V33/><F33/><W39/><G108/><T28/><D73/><U112/><E112/><V3/><F3/><W87/><G39/><T114/><D28/><U15/><E123/><V88/><F11/><W27/><G85/><T44/><D55/><U7/><E34/><V133/><F133/><W102/><G27/><T25/><D25/><U98/><E29/><V19/><F70/><W48/><G48/><T58/><D58/><U40/><E40/><V119/><F119/><W135/><G135/><T91/><D91/><U72/><E72/><V127/><F127/><W92/><G92/><T100/><D12/><U131/><E131/><V37/><F65/><W103/><G103/><T76/><D100/><N who="1" m="60511" /><E2/><V24/><REACH who="2" step="1"/><F82/><AGARI ba="0,0" hai="46,49,52,74,78,82,87,89,94,96,102,104,120,122" machi="82" ten="40,8000,1" yaku="24,2,52,1,54,1" doraHai="97" who="3" fromWho="2" sc="357,0,134,0,282,-80,227,80" /><INIT seed="7,0,0,2,1,104" ten="357,134,202,307" oya="3" hai0="84,134,126,86,17,66,49,107,128,114,36,38,98" hai1="72,109,96,20,97,1,129,89,127,42,116,60,110" hai2="102,31,6,50,85,45,0,11,18,81,2,74,53" hai3="56,119,103,64,21,131,105,125,80,24,13,90,88"/><W91/><G119/><T27/><D128/><U44/><E129/><V115/><F115/><W75/><G131/><T132/><D126/><U5/><E127/><V10/><F102/><W29/><G125/><T82/><D66/><U35/><E35/><V58/><F31/><W16/><G105/><T55/><D114/><U83/><E116/><V43/><F18/><W112/><G103/><N who="0" m="62967" /><D17/><U79/><E5/><V100/><F100/><W70/><G70/><T28/><D86/><U26/><E1/><V47/><F47/><W61/><G112/><T3/><D3/><U46/><E46/><V123/><F123/><W122/><G122/><T124/><D55/><U40/><E40/><V69/><F69/><W108/><G108/><T118/><D49/><U65/><E89/><V41/><F41/><W57/><G57/><T34/><D118/><U54/><E54/><V77/><F11/><W62/><G62/><T130/><D130/><U101/><E101/><V14/><REACH who="2" step="1"/><F74/><REACH who="2" ten="357,134,192,307" step="2"/><W9/><G75/><T78/><D124/><U7/><E7/><V68/><F68/><W51/><REACH who="3" step="1"/><G51/><AGARI ba="0,1" hai="0,2,6,10,14,43,45,50,51,53,58,77,81,85" machi="51" ten="30,7700,0" yaku="1,1,7,1,25,2,53,0" doraHai="104" doraHaiUra="19" who="2" fromWho="3" sc="357,0,134,0,192,87,307,-77" owari="357,46.0,134,-37.0,279,8.0,230,-17.0" /></mjloggm>