<mjloggm ver="2.3"><GO type="41" lobby="0"/><UN n0="%4B%41%5A%55%48%49%44%45" n1="%E3%81%8B%E3%81%8F%E3%81%B3%E3%82%93" n2="%61%6D%64" n3="%E2%93%9D%53%75%70%68%78" dan="14,14,15,18" rate="1827.15,1958.10,2125.35,2066.02" sx="M,M,F,M"/><TAIKYOKU oya="0"/><INIT seed="0,0,0,5,0,51" ten="250,250,250,250" oya="0" hai0="6,69,8,37,12,98,66,75,123,5,0,106,90" hai1="32,16,22,86,118,107,85,114,129,20,111,80,55" hai2="100,65,122,79,26,23,104,117,43,31,103,46,18" hai3="116,131,2,29,24,7,15,38,4,1,88,62,125"/><T64/><D123/><U121/><E107/><V48/><F122/><W132/><G38/><T83/><D37/><U47/><E32/><V72/><F117/><W78/><G78/><T10/><D69/><U113/><E121/><V61/><F104/><W110/><G62/><T3/><D75/><U105/><E105/><V112/><F112/><N who="1" m="43113" /><E22/><V39/><F79/><W9/><G88/><T13/><D106/><U68/><E68/><V36/><F72/><W41/><G41/><T49/><D49/><N who="1" m="29119" /><E118/><V97/><F100/><W119/><G119/><T81/><D98/><U133/><E133/><V40/><F40/><W70/><G70/><T58/><D58/><U93/><E93/><V96/><F103/><W101/><G132/><T91/><AGARI ba="0,0" hai="0,3,5,6,8,10,12,13,64,66,81,83,90,91" machi="91" ten="25,4800,0" yaku="0,1,22,2" doraHai="51" who="0" fromWho="0" sc="250,48,250,-16,250,-16,250,-16" /><INIT seed="0,1,0,1,1,116" ten="298,234,234,234" oya="0" hai0="10,49,45,64,13,25,22,120,111,5,70,3,81" hai1="98,57,114,135,68,53,78,39,14,67,24,132,37" hai2="19,101,104,87,73,119,63,133,20,60,85,65,11" hai3="112,76,7,117,30,84,18,66,105,118,90,46,99"/><T122/><D81/><U12/><E78/><V50/><F119/><W35/><G112/><T108/><D3/><U124/><E68/><V131/><F73/><W28/><G7/><T125/><D125/><U89/><E67/><V52/><F131/><W109/><G109/><N who="0" m="42059" /><D64/><U9/><E14/><N who="2" m="7647" /><F104/><W8/><G105/><T16/><D70/><U21/><E114/><V34/><F133/><W43/><G118/><T17/><D17/><U83/><E124/><V74/><F74/><W92/><G18/><T41/><AGARI ba="1,0" hai="5,10,13,16,22,25,41,45,49,120,122" m="42059" machi="41" ten="30,12000,1" yaku="14,1,10,1,52,2,54,1" doraHai="116" who="0" fromWho="0" sc="298,123,234,-41,234,-41,234,-41" /><INIT seed="0,2,0,1,3,55" ten="421,193,193,193" oya="0" hai0="68,57,92,41,103,78,29,61,119,91,23,101,14" hai1="46,104,73,21,67,11,63,1,22,102,5,38,4" hai2="8,37,65,82,133,49,89,111,15,60,74,135,88" hai3="12,0,85,71,44,83,52,79,28,121,34,97,76"/><T107/><D119/><U86/><E104/><V45/><F37/><W51/><G0/><T114/><D114/><U54/><E102/><V99/><F111/><W10/><G71/><T27/><D68/><U33/><E33/><V59/><F74/><W7/><G121/><T118/><D118/><U117/><E117/><V69/><F69/><W106/><G34/><T3/><D3/><U134/><E134/><N who="2" m="51211" /><F82/><W20/><G106/><T81/><D107/><U75/><E75/><V116/><F99/><W62/><G97/><T132/><D132/><U43/><E73/><V127/><F127/><W56/><G20/><T58/><D41/><U126/><E5/><N who="2" m="3471" /><F116/><W128/><G128/><T93/><D78/><U98/><E98/><V13/><F13/><W17/><G28/><T124/><D124/><U131/><E131/><V113/><F113/><W42/><G17/><T84/><D14/><U40/><E40/><AGARI ba="2,0" hai="40,45,49,59,60,65,88,89" m="3471,51211" machi="40" ten="30,3900,0" yaku="20,1,52,1,54,1" doraHai="55" who="2" fromWho="1" sc="421,0,193,-45,193,45,193,0" /><INIT seed="1,0,0,4,4,98" ten="421,148,238,193" oya="1" hai0="104,74,115,17,52,128,5,88,90,21,102,126,61" hai1="70,62,51,56,47,4,108,110,19,99,103,84,43" hai2="66,107,13,12,16,57,127,87,30,31,45,71,120" hai3="129,111,35,69,23,58,106,91,55,41,121,130,82"/><U64/><E4/><V94/><F120/><W59/><G106/><T92/><D115/><U79/><E19/><V134/><F107/><W77/><G35/><T29/><D74/><U89/><E79/><V68/><F127/><W95/><G69/><T135/><D104/><U2/><E2/><V11/><F134/><W46/><G111/><N who="1" m="42538" /><E99/><V109/><F109/><W22/><G121/><T40/><D135/><U49/><E103/><V26/><F12/><W32/><G32/><T37/><D126/><U33/><E33/><V113/><F113/><W75/><G23/><T81/><D5/><U24/><E24/><V86/><F26/><W123/><G22/><T72/><D37/><N who="1" m="21999" /><E84/><V65/><F86/><W105/><G123/><T124/><D124/><U97/><E89/><V76/><F30/><W83/><G105/><T54/><D72/><U28/><E97/><V131/><F87/><W50/><G83/><T78/><D29/><U67/><E28/><V53/><F31/><W114/><G114/><T9/><D9/><U125/><E125/><V6/><F11/><W100/><G100/><T10/><D10/><U8/><E8/><V18/><F6/><W36/><G91/><T132/><D78/><U117/><E117/><V133/><F76/><W42/><G95/><T34/><D34/><U3/><E3/><V20/><F18/><W0/><G0/><T15/><D81/><U73/><E73/><V14/><F94/><W116/><G116/><T38/><D92/><U122/><E122/><V119/><F119/><W112/><G112/><T25/><D90/><U1/><E1/><RYUUKYOKU ba="0,0" sc="421,-10,148,30,238,-10,193,-10" hai1="49,51,56,62,64,67,70" /><INIT seed="1,1,0,4,5,19" ten="411,178,228,183" oya="1" hai0="94,17,102,3,73,51,49,86,7,0,104,39,35" hai1="1,4,68,99,25,41,130,75,74,66,131,20,93" hai2="100,101,111,61,119,65,33,62,128,34,24,22,56" hai3="83,18,82,81,57,42,107,85,115,58,10,116,106"/><U90/><E4/><V53/><F119/><W91/><G115/><T59/><D39/><U55/><E1/><V70/><F128/><N who="1" m="49193" /><E41/><V63/><F111/><W92/><G116/><T124/><D73/><U32/><E32/><V132/><F132/><W76/><G42/><T40/><D35/><U52/><E66/><V54/><F33/><W50/><G107/><T126/><D104/><U64/><E64/><V103/><F34/><W15/><G106/><T12/><D7/><U26/><E26/><V98/><F53/><N who="1" m="20553" /><E68/><V97/><REACH who="2" step="1"/><F61/><REACH who="2" ten="411,178,218,183" step="2"/><W47/><G76/><T36/><D126/><U13/><E13/><V71/><F71/><W31/><G58/><T29/><D59/><U108/><E108/><V28/><AGARI ba="1,1" hai="22,24,28,54,56,62,63,65,70,97,98,100,101,103" machi="28" ten="30,4000,0" yaku="1,1,0,1,52,1,53,0" doraHai="19" doraHaiUra="87" who="2" fromWho="2" sc="411,-11,178,-21,218,53,183,-11" /><INIT seed="2,0,0,3,5,109" ten="400,157,271,172" oya="2" hai0="121,13,25,103,97,130,3,29,61,118,12,119,82" hai1="126,98,44,37,58,41,88,113,131,18,120,79,80" hai2="42,69,60,50,73,81,70,87,112,117,22,32,56" hai3="89,78,100,76,36,104,33,26,24,101,71,102,115"/><V5/><F117/><N who="0" m="44554" /><D121/><U8/><E120/><V64/><F32/><W23/><G36/><T38/><D38/><U54/><E126/><V16/><F73/><W49/><G104/><N who="0" m="63599" /><D3/><U17/><E131/><V55/><F5/><W123/><G71/><T111/><D111/><U90/><E113/><V114/><F42/><W19/><G123/><T110/><D110/><U10/><E98/><V122/><F69/><W47/><G115/><T39/><D39/><U95/><E95/><V9/><F9/><W92/><G26/><T93/><D130/><U46/><E46/><V65/><F65/><W125/><G33/><N who="0" m="20655" /><D93/><U67/><E10/><V62/><F62/><W15/><G24/><T28/><D28/><U75/><E8/><V34/><F34/><W4/><G125/><T107/><D107/><U31/><E31/><V105/><F105/><W35/><G35/><T108/><D108/><U135/><E135/><V91/><F122/><W127/><G4/><T59/><D82/><U2/><E2/><V1/><F1/><W99/><REACH who="3" step="1"/><G127/><REACH who="3" ten="400,157,271,162" step="2"/><T40/><D13/><AGARI ba="0,1" hai="13,16,22,50,55,56,60,64,70,81,87,91,112,114" machi="13" ten="30,11600,0" yaku="7,1,52,2,54,1" doraHai="109" who="2" fromWho="0" sc="400,-116,157,0,271,126,162,0" /><INIT seed="2,1,0,0,0,73" ten="284,157,397,162" oya="2" hai0="90,6,80,111,117,55,52,11,58,13,72,16,2" hai1="123,23,28,48,1,105,32,56,54,24,35,45,127" hai2="112,91,64,125,87,31,121,63,7,61,122,68,101" hai3="19,96,26,120,74,133,62,20,46,100,57,44,78"/><V103/><F112/><W42/><G133/><T81/><D111/><U4/><E105/><V114/><F114/><W30/><G120/><T129/><D129/><U3/><E123/><V75/><F75/><W60/><G60/><T134/><D134/><U113/><E113/><V47/><F125/><W40/><G19/><T109/><D109/><U102/><E102/><V34/><F7/><W132/><G132/><T85/><D117/><U39/><E127/><V135/><F135/><W49/><G74/><T50/><D55/><U118/><E118/><V106/><F61/><W15/><G15/><T116/><D116/><U33/><E4/><V12/><F12/><W97/><G78/><T36/><D36/><U76/><E76/><V108/><F47/><W65/><REACH who="3" step="1"/><G100/><REACH who="3" ten="284,157,397,152" step="2"/><T130/><D130/><U93/><E1/><V59/><F101/><W69/><G69/><T18/><D18/><U21/><E3/><V43/><F68/><W0/><G0/><T94/><REACH who="0" step="1"/><D72/><REACH who="0" ten="274,157,397,152" step="2"/><U53/><E39/><AGARI ba="1,2" hai="20,26,30,39,40,42,44,46,49,57,62,65,96,97" machi="39" ten="30,2000,0" yaku="1,1,7,1,53,0" doraHai="73" doraHaiUra="77" who="3" fromWho="1" sc="274,0,157,-23,397,0,152,43" /><INIT seed="3,0,0,0,5,50" ten="274,134,397,195" oya="3" hai0="76,20,128,17,103,85,113,34,79,6,68,39,13" hai1="83,131,121,5,23,25,82,31,11,12,101,80,7" hai2="54,55,88,4,109,129,21,106,0,30,60,24,19" hai3="51,15,29,119,32,44,94,74,65,93,71,40,122"/><W47/><G119/><T124/><D68/><U86/><E121/><V41/><F106/><W77/><G122/><T62/><D39/><U64/><E131/><V28/><F129/><W75/><G32/><T48/><D128/><U57/><E101/><V133/><F133/><W110/><G29/><N who="2" m="11369" /><F0/><W16/><G110/><T37/><D34/><U127/><E127/><V104/><F104/><W58/><G71/><T95/><D37/><U43/><E43/><V97/><F109/><W112/><G112/><T61/><D124/><U49/><E5/><V73/><F73/><W118/><G118/><T134/><D113/><U56/><E56/><V10/><F41/><W46/><G77/><N who="0" m="29771" /><D48/><U114/><E114/><V3/><F3/><W89/><G75/><T42/><D42/><U107/><E107/><V132/><F60/><N who="0" m="23146" /><D6/><U14/><E14/><N who="2" m="5447" /><F132/><W35/><G35/><T8/><D134/><U108/><E64/><V59/><F59/><W105/><G105/><T53/><D8/><U115/><E108/><V52/><F54/><N who="3" m="32095" /><G74/><T135/><D135/><U102/><E115/><V130/><F130/><W90/><G65/><T63/><N who="0" m="23154" /><T98/><DORA hai="66" /><D85/><U45/><E86/><V72/><F72/><W126/><G126/><T36/><D36/><U27/><E45/><V38/><F38/><W70/><G70/><T22/><D22/><U2/><E2/><V120/><F120/><W99/><G40/><T78/><N who="0" m="29779" /><T69/><DORA hai="67" /><D69/><U33/><E33/><V1/><F1/><W87/><G47/><T116/><D116/><U84/><E23/><AGARI ba="0,0" hai="15,16,23,44,46,87,89,90,93,94,99" m="32095" machi="23" ten="30,11600,0" yaku="25,1,8,1,52,1,54,1" doraHai="50,66,67" who="3" fromWho="1" sc="274,0,134,-116,397,0,195,116" /><INIT seed="3,1,0,4,3,24" ten="274,18,397,311" oya="3" hai0="54,88,76,1,133,53,8,72,40,79,134,75,65" hai1="97,38,64,128,69,23,92,19,56,87,27,6,124" hai2="91,4,110,120,49,122,125,132,106,58,33,129,103" hai3="17,61,78,135,104,121,123,130,60,117,7,80,77"/><W2/><G117/><T62/><D40/><U0/><E69/><V105/><F33/><W82/><G104/><T107/><D107/><U68/><E56/><V89/><F110/><W83/><G7/><T113/><D113/><U52/><E64/><V48/><F125/><W35/><G35/><T100/><D100/><U131/><E52/><N who="0" m="20073" /><D1/><U101/><E38/><V10/><F58/><W119/><G119/><T85/><D8/><U84/><E68/><V81/><F129/><N who="1" m="49737" /><E124/><V13/><F105/><W47/><G130/><T28/><D28/><U98/><E6/><V9/><F106/><W31/><G2/><T42/><D42/><U50/><E0/><V99/><F103/><W66/><G66/><T25/><D25/><U3/><E50/><V57/><F4/><W20/><G123/><T116/><D116/><U94/><E3/><V126/><F126/><W44/><G121/><T102/><D102/><AGARI ba="1,0" hai="19,23,27,84,87,92,94,97,98,101,102" m="49737" machi="102" ten="30,1000,0" yaku="19,1" doraHai="24" who="1" fromWho="0" sc="274,-13,18,13,397,0,311,0" /><INIT seed="4,0,0,1,4,95" ten="261,31,397,311" oya="0" hai0="15,126,116,51,69,1,120,72,78,112,107,118,134" hai1="23,47,60,19,92,117,48,124,57,13,54,83,3" hai2="5,34,39,125,56,111,114,25,63,132,53,37,52" hai3="38,85,135,98,61,26,109,9,41,115,10,101,88"/><T82/><RYUUKYOKU type="yao9" ba="0,0" sc="261,0,31,0,397,0,311,0" hai0="1,15,51,69,72,78,82,107,112,116,118,120,126,134" /><INIT seed="4,1,0,4,1,42" ten="261,31,397,311" oya="0" hai0="124,21,121,20,16,92,61,59,37,32,46,44,24" hai1="29,76,91,132,102,40,108,103,111,14,93,131,9" hai2="27,120,70,26,1,50,64,18,30,58,75,10,12" hai3="77,62,66,135,95,98,89,88,69,134,31,71,114"/><T39/><D121/><U34/><E76/><V79/><F120/><W68/><G114/><T11/><D124/><U28/><E40/><V116/><F1/><W96/><G77/><T80/><D39/><U81/><E81/><V15/><F116/><W57/><G31/><N who="0" m="17799" /><D32/><U78/><E78/><V107/><F107/><W5/><REACH who="3" step="1"/><G5/><REACH who="3" ten="261,31,397,301" step="2"/><T36/><D36/><U23/><E29/><V133/><F30/><W17/><G17/><T22/><D37/><U97/><E28/><V90/><F79/><W105/><G105/><T86/><D92/><AGARI ba="1,1" hai="57,62,66,68,69,71,88,89,92,95,96,98,134,135" machi="92" ten="50,6400,0" yaku="1,1,9,1,54,1,53,0" doraHai="42" doraHaiUra="127" who="3" fromWho="0" sc="261,-67,31,0,397,0,301,77" /><INIT seed="5,0,0,0,0,59" ten="194,31,397,378" oya="1" hai0="105,91,51,92,34,130,10,94,28,8,133,47,27" hai1="120,87,65,40,1,14,74,43,86,96,128,41,114" hai2="99,71,135,121,110,97,122,76,98,23,70,112,63" hai3="4,134,67,48,32,42,57,2,45,102,132,29,83"/><U53/><E1/><V84/><F110/><W125/><G102/><T106/><D133/><N who="3" m="51305" /><G83/><T81/><D130/><U79/><E74/><V19/><F135/><W64/><G29/><T101/><D106/><U17/><E120/><V68/><F76/><W7/><G32/><T11/><D105/><U90/><E128/><V108/><F108/><W55/><G2/><T26/><D26/><U61/><E79/><V12/><F84/><W52/><G7/><T18/><D18/><U46/><E114/><V104/><F104/><W116/><G4/><T39/><D39/><U20/><E96/><V88/><F112/><W25/><G25/><T82/><D101/><U78/><E78/><V31/><F31/><W66/><G125/><T100/><D100/><U115/><E115/><V22/><F22/><W54/><G116/><T69/><D69/><U58/><E90/><V49/><F88/><W124/><G124/><T131/><D131/><U15/><E15/><V80/><F80/><W126/><G126/><T21/><D34/><U123/><E123/><V107/><F107/><W103/><G103/><T72/><D72/><U129/><E129/><V16/><F19/><W38/><AGARI ba="0,0" hai="38,42,45,48,52,54,55,57,64,66,67" m="51305" machi="38" ten="30,7900,0" yaku="20,1,34,2,54,1" doraHai="59" who="3" fromWho="3" sc="194,-20,31,-39,397,-20,378,79" owari="174,-23.0,-8,-51.0,377,18.0,457,56.0" /></mjloggm>