<mjloggm ver="2.3"><GO type="41" lobby="0"/><UN n0="%E6%8C%81%E6%9D%89%E3%83%89%E3%83%A9%E5%A4%AB%EF%BC%81" n1="%E3%83%AA%E3%83%90%E3%83%BC%E3%82%A6%E3%82%A4%E3%83%B3" n2="%E5%AE%AE%E6%B0%B8%E7%85%A7" n3="%E2%93%9D%53%75%70%68%78" dan="14,13,13,18" rate="1927.20,1824.33,1816.02,2084.65" sx="M,M,F,M"/><TAIKYOKU oya="0"/><INIT seed="0,0,0,1,5,9" ten="250,250,250,250" oya="0" hai0="110,57,32,85,100,30,123,36,52,113,4,25,119" hai1="38,106,67,121,108,81,14,124,8,101,18,89,45" hai2="61,87,105,122,97,118,29,131,64,86,21,54,49" hai3="16,47,40,112,68,22,83,0,46,6,5,74,92"/><T133/><D113/><U58/><E121/><V39/><F122/><W116/><G68/><T31/><D123/><U10/><E108/><V82/><F39/><W98/><G116/><T62/><D119/><U12/><E124/><V63/><F118/><W27/><G112/><T125/><D125/><U19/><E106/><V77/><F131/><W103/><G0/><T132/><D36/><U79/><E101/><V66/><F87/><W90/><G47/><T129/><D129/><U59/><E89/><V17/><F29/><W26/><G26/><T50/><D110/><U99/><E99/><V34/><F34/><W107/><G74/><T102/><D30/><U126/><E126/><V93/><F105/><W65/><G65/><T7/><D62/><U104/><E104/><V94/><F94/><W24/><G24/><T42/><D42/><U111/><E111/><V120/><F120/><W20/><G20/><T73/><D73/><U35/><E35/><V2/><F2/><W95/><G83/><T44/><D44/><U114/><E114/><V84/><F84/><W75/><G75/><T117/><D117/><U41/><E67/><N who="2" m="25643" /><F54/><W96/><REACH who="3" step="1"/><G107/><REACH who="3" ten="250,250,250,240" step="2"/><T135/><D85/><AGARI ba="0,1" hai="8,10,12,14,18,19,38,41,45,58,59,79,81,85" machi="85" ten="30,7700,0" yaku="7,1,9,1,52,2" doraHai="9" who="1" fromWho="0" sc="250,-77,250,87,250,0,240,0" /><INIT seed="1,0,0,1,5,4" ten="173,337,250,240" oya="1" hai0="64,39,130,46,42,62,11,41,107,82,65,111,28" hai1="14,66,27,9,56,86,5,33,59,24,23,83,95" hai2="73,116,2,37,22,54,0,31,30,117,109,84,25" hai3="94,131,89,92,110,81,26,29,96,48,76,79,63"/><U88/><E33/><V123/><F73/><W78/><G110/><T113/><D113/><U19/><E66/><V1/><F37/><W55/><G131/><T98/><D111/><U35/><E35/><V32/><F84/><W45/><G94/><T69/><D130/><U122/><E122/><V71/><F54/><W67/><G26/><T21/><D41/><U114/><E114/><V124/><F71/><W106/><G106/><T38/><D38/><U100/><E27/><N who="2" m="18559" /><F109/><W18/><G29/><T8/><D21/><U40/><E40/><V77/><F77/><W99/><G18/><T101/><D28/><U58/><E100/><V129/><F129/><W85/><REACH who="3" step="1"/><G99/><REACH who="3" ten="173,337,250,230" step="2"/><T127/><D127/><U51/><E95/><V90/><F124/><W134/><G134/><T112/><D112/><U104/><E104/><V3/><F123/><W91/><G91/><T118/><D118/><U10/><E10/><V53/><F90/><W75/><G75/><T133/><D133/><U68/><E68/><AGARI ba="0,1" hai="45,48,55,63,67,68,76,78,79,81,85,89,92,96" machi="68" ten="30,2000,0" yaku="1,1,7,1,53,0" doraHai="4" doraHaiUra="52" who="3" fromWho="1" sc="173,0,337,-20,250,0,230,30" /><INIT seed="2,0,0,4,1,67" ten="173,317,250,260" oya="2" hai0="112,61,66,71,52,35,26,110,29,8,58,128,25" hai1="117,48,44,31,115,2,12,88,131,5,120,60,101" hai2="84,99,47,96,14,22,83,27,59,134,4,89,86" hai3="100,82,76,114,30,40,41,23,93,79,42,50,65"/><V9/><F134/><W108/><G108/><T95/><D110/><U45/><E2/><V49/><F59/><W77/><G114/><T19/><D128/><U20/><E115/><V92/><F86/><W72/><G65/><T127/><D127/><U124/><E117/><V57/><F57/><W129/><G129/><T94/><D112/><U106/><E131/><V133/><F133/><W109/><G109/><T43/><D43/><U10/><E124/><V13/><F13/><W36/><G36/><T85/><D85/><U11/><E120/><V38/><F38/><W125/><G125/><T75/><D75/><U46/><E106/><V28/><REACH who="2" step="1"/><F92/><REACH who="2" ten="173,317,240,260" step="2"/><W63/><G93/><T24/><D24/><U98/><E45/><V126/><F126/><W97/><G72/><T39/><D39/><U3/><E46/><V113/><F113/><W102/><G82/><T53/><D53/><AGARI ba="0,1" hai="4,9,14,22,27,28,47,49,53,83,84,89,96,99" machi="53" ten="30,5800,0" yaku="1,1,7,1,8,1,53,0" doraHai="67" doraHaiUra="116" who="2" fromWho="0" sc="173,-58,317,0,240,68,260,0" /><INIT seed="2,1,0,1,3,67" ten="115,317,308,260" oya="2" hai0="32,27,4,123,47,116,130,73,68,35,119,103,37" hai1="23,22,97,64,87,57,39,133,84,28,11,112,34" hai2="78,118,9,83,127,111,7,85,19,134,108,14,74" hai3="41,129,70,100,36,0,40,20,61,105,95,101,51"/><V56/><F118/><W94/><G0/><T71/><D123/><U115/><E39/><V54/><F134/><W13/><G36/><T38/><D103/><U48/><E34/><N who="0" m="12841" /><D27/><U131/><E11/><V17/><F127/><W99/><G129/><T93/><D93/><U18/><E97/><V59/><F59/><W135/><G105/><T15/><D130/><U106/><E106/><V31/><F31/><W49/><G135/><T30/><D30/><U2/><E2/><V50/><REACH who="2" step="1"/><F74/><REACH who="2" ten="115,317,298,260" step="2"/><W132/><G132/><T62/><D73/><U58/><E133/><V107/><F107/><W128/><G128/><T102/><D119/><U16/><E131/><V6/><F6/><W26/><G101/><T21/><D4/><U120/><E28/><V104/><F104/><W65/><G100/><T63/><D102/><U10/><E58/><V12/><F12/><W24/><G13/><T25/><D15/><U96/><E57/><V98/><F98/><W79/><G99/><T46/><D116/><U92/><E96/><V53/><F53/><W45/><G26/><T3/><D3/><U86/><E112/><V109/><AGARI ba="1,1" hai="7,9,14,17,19,50,54,56,78,83,85,108,109,111" machi="109" ten="30,11700,0" yaku="1,1,0,1,14,1,10,1,53,0" doraHai="67" doraHaiUra="126" who="2" fromWho="2" sc="115,-40,317,-40,298,130,260,-40" /><INIT seed="2,2,0,1,0,110" ten="75,277,428,220" oya="2" hai0="108,96,11,7,20,111,16,60,76,33,47,25,82" hai1="87,84,70,109,78,128,97,55,24,45,95,90,88" hai2="9,121,68,41,91,135,18,30,28,51,13,66,73" hai3="12,27,129,94,65,6,72,19,29,4,43,54,134"/><V80/><F121/><W36/><G72/><T22/><D33/><U37/><E70/><V10/><F135/><W117/><G65/><T59/><D96/><U42/><E109/><V89/><F68/><W105/><G105/><T86/><D20/><U31/><E128/><V14/><F66/><W17/><G43/><T52/><REACH who="0" step="1"/><D47/><REACH who="0" ten="65,277,428,220" step="2"/><U106/><E106/><V125/><F9/><W44/><G44/><T1/><AGARI ba="2,1" hai="1,7,11,16,22,25,52,59,60,76,82,86,108,111" machi="1" ten="30,8000,1" yaku="1,1,2,1,0,1,54,2,53,0" doraHai="110" doraHaiUra="133" who="0" fromWho="0" sc="65,96,277,-22,428,-42,220,-22" /><INIT seed="3,0,0,1,1,64" ten="161,255,386,198" oya="3" hai0="130,40,68,102,85,20,114,104,4,2,54,13,82" hai1="71,10,129,127,28,96,77,3,22,46,27,15,117" hai2="24,119,66,112,126,133,84,111,38,19,103,92,35" hai3="39,48,97,123,0,51,93,60,134,63,81,7,101"/><W44/><G123/><T110/><D2/><U87/><E117/><V17/><F38/><W61/><G134/><T29/><D110/><U120/><E120/><V105/><F111/><W98/><G39/><T21/><D40/><U115/><E3/><V65/><F66/><W49/><G0/><T37/><D37/><U55/><E129/><V67/><F67/><W72/><G7/><T128/><D114/><U36/><E115/><V88/><F119/><W9/><G9/><T30/><D102/><U41/><E127/><V8/><F8/><W91/><G72/><T57/><D104/><U116/><E116/><V118/><F118/><W25/><G25/><T106/><D106/><U108/><E108/><V83/><F83/><W50/><G81/><T33/><D33/><U69/><E96/><N who="2" m="61671" /><F112/><W32/><G32/><T109/><D109/><U16/><E87/><V11/><F11/><W53/><REACH who="3" step="1"/><G98/><REACH who="3" ten="161,255,386,188" step="2"/><T122/><D4/><U1/><E1/><V59/><F133/><W90/><AGARI ba="0,1" hai="44,48,49,50,51,53,60,61,63,90,91,93,97,101" machi="90" ten="40,12000,1" yaku="1,1,2,1,0,1,8,1,53,0" doraHai="64" doraHaiUra="124" who="3" fromWho="3" sc="161,-40,255,-40,386,-40,188,130" /><INIT seed="3,1,0,2,3,22" ten="121,215,346,318" oya="3" hai0="121,27,3,100,17,106,40,0,46,127,81,73,87" hai1="111,28,4,85,34,83,68,57,103,37,131,25,51" hai2="61,43,115,90,54,71,114,77,99,72,86,18,8" hai3="1,129,78,84,21,128,63,2,66,104,132,108,20"/><W133/><G104/><T45/><D121/><U60/><E37/><V23/><F8/><W74/><G84/><T135/><D135/><N who="3" m="51785" /><G108/><T13/><D127/><U116/><E111/><V38/><F38/><W36/><G78/><T32/><D73/><U15/><E131/><N who="3" m="50250" /><G74/><T80/><D80/><U91/><E116/><V79/><F77/><W70/><G36/><T113/><D113/><U58/><E103/><V102/><F102/><W123/><G123/><T134/><D134/><U55/><E68/><V24/><F71/><W119/><G119/><T98/><D0/><AGARI ba="1,0" hai="0,1,2,20,21,63,66,70" m="50250,51785" machi="0" ten="40,3900,0" yaku="20,1,19,1" doraHai="22" who="3" fromWho="0" sc="121,-42,215,0,346,0,318,42" /><INIT seed="3,2,0,4,0,86" ten="79,215,346,360" oya="3" hai0="114,84,112,50,132,116,119,32,45,107,131,54,47" hai1="43,124,67,23,16,81,82,83,120,29,73,38,122" hai2="21,8,108,118,33,59,42,65,31,6,13,92,76" hai3="109,89,20,101,80,126,63,52,24,34,85,56,69"/><W66/><G126/><T113/><D107/><U78/><E124/><V91/><F118/><W105/><G109/><T61/><D32/><U41/><E67/><V95/><F108/><W17/><G34/><T125/><D125/><U130/><E29/><V14/><F33/><W5/><G5/><T103/><D103/><U18/><E130/><V135/><F76/><W72/><G72/><T2/><D2/><U71/><E71/><V77/><F77/><W128/><G128/><T46/><D131/><U15/><E18/><N who="2" m="10455" /><F135/><W87/><G87/><T44/><D84/><U10/><E10/><V11/><F11/><W30/><G30/><T88/><D88/><U74/><E74/><V39/><F39/><W36/><G36/><T133/><REACH who="0" step="1"/><D61/><REACH who="0" ten="69,215,346,360" step="2"/><U25/><E122/><V68/><F91/><W99/><REACH who="3" step="1"/><G69/><REACH who="3" ten="69,215,346,350" step="2"/><T70/><D70/><U57/><E120/><V90/><F68/><W55/><AGARI ba="2,2" hai="17,20,24,52,55,56,63,66,80,85,89,99,101,105" machi="55" ten="30,12000,1" yaku="1,1,2,1,0,1,52,1,54,1,53,0" doraHai="86" doraHaiUra="35" who="3" fromWho="3" sc="69,-42,215,-42,346,-42,350,146" /><INIT seed="3,3,0,1,5,72" ten="27,173,304,496" oya="3" hai0="59,128,132,130,52,58,77,23,74,76,96,98,43" hai1="85,73,55,38,126,66,35,131,6,44,101,14,69" hai2="11,93,0,123,5,91,90,84,118,112,42,117,108" hai3="12,57,103,135,82,99,65,15,16,89,36,114,22"/><W10/><G135/><T2/><D74/><U17/><E35/><V106/><F106/><W40/><G114/><T95/><D2/><U110/><E73/><V111/><F42/><W54/><G65/><T20/><D43/><U121/><E110/><N who="2" m="42027" /><F11/><W70/><G70/><T134/><D95/><U21/><E121/><V3/><F5/><W116/><G116/><N who="2" m="44649" /><F0/><W64/><G64/><T88/><D88/><N who="2" m="33834" /><F3/><W127/><G40/><T32/><D32/><U129/><E69/><V46/><F46/><W30/><G10/><T9/><D9/><U97/><E66/><V24/><F24/><W45/><G15/><T78/><D78/><U41/><E55/><AGARI ba="3,0" hai="20,23,52,55,58,59,76,77,96,98,128,130,132,134" machi="55" ten="25,8000,1" yaku="22,2,52,2,54,1" doraHai="72" who="0" fromWho="1" sc="27,89,173,-89,304,0,496,0" /><INIT seed="4,0,0,5,3,4" ten="116,84,304,496" oya="0" hai0="130,115,109,54,120,135,75,70,51,33,27,29,66" hai1="125,17,116,61,96,93,10,112,16,55,133,2,24" hai2="56,98,39,121,77,128,119,110,20,100,1,58,57" hai3="36,28,80,43,44,103,26,69,34,131,74,49,38"/><T53/><D120/><U87/><E116/><V3/><F110/><W129/><G103/><T97/><D109/><U15/><E112/><V60/><F121/><W13/><G13/><T65/><D115/><U123/><E123/><V124/><F39/><W122/><G69/><T45/><D75/><U14/><E133/><V23/><F128/><N who="3" m="49227" /><G122/><T68/><D135/><U78/><E125/><V31/><F124/><W99/><G99/><T7/><D130/><U19/><E2/><V40/><F40/><W25/><G25/><T114/><D114/><U42/><E42/><V126/><F77/><AGARI ba="0,0" hai="26,28,34,36,38,43,44,49,74,77,80" m="49227" machi="77" ten="30,1000,0" yaku="19,1" doraHai="4" who="3" fromWho="2" sc="116,0,84,0,304,-10,496,10" /><INIT seed="5,0,0,3,4,62" ten="116,84,294,506" oya="1" hai0="35,63,95,109,66,124,20,105,55,120,21,8,103" hai1="81,36,52,76,24,67,61,34,72,3,118,129,5" hai2="100,107,134,56,47,77,78,45,102,48,125,79,53" hai3="87,43,69,93,60,2,101,126,115,10,27,11,59"/><U6/><E118/><V108/><F108/><W86/><G115/><T92/><D109/><U98/><E129/><V113/><F134/><W89/><G2/><T68/><D124/><U85/><E36/><V122/><F122/><W117/><G69/><T22/><D55/><U37/><E37/><V32/><F32/><W19/><G101/><N who="2" m="39017" /><F107/><W114/><G114/><T111/><D111/><U9/><E6/><V104/><F104/><W112/><G43/><T1/><D120/><U0/><E0/><V65/><F113/><W58/><G58/><T39/><D39/><U18/><E98/><V50/><F125/><W29/><G117/><T4/><REACH who="0" step="1"/><D35/><REACH who="0" ten="106,84,294,506" step="2"/><U15/><E34/><V73/><F53/><W30/><G126/><T51/><D51/><U97/><E52/><V44/><F73/><W41/><G112/><T17/><D17/><U131/><E72/><V91/><F48/><W128/><G19/><T28/><D28/><U83/><E131/><V121/><F50/><W42/><G30/><T54/><D54/><U7/><E7/><V71/><F121/><W133/><G29/><T70/><D70/><N who="1" m="42351" /><E3/><V74/><F74/><W96/><G128/><T94/><D94/><U23/><E83/><V110/><F71/><W123/><G123/><T127/><D127/><U13/><E13/><V99/><F110/><W130/><G130/><T31/><D31/><U106/><E106/><V57/><F57/><W38/><G59/><T49/><D49/><U88/><E76/><V33/><F33/><W90/><G38/><T25/><D25/><U135/><E135/><V40/><F56/><RYUUKYOKU ba="0,1" sc="106,15,84,15,294,-15,506,-15" hai0="1,4,8,20,21,22,63,66,68,92,95,103,105" hai1="5,9,15,18,23,24,81,85,88,97" /><INIT seed="5,1,1,3,3,96" ten="121,99,279,491" oya="1" hai0="77,74,63,16,90,123,131,67,9,47,81,82,93" hai1="4,105,14,1,46,22,36,125,15,108,128,53,88" hai2="119,121,73,97,27,100,20,101,98,30,61,64,51" hai3="114,0,104,13,49,50,7,95,35,28,56,102,40"/><U6/><E105/><V94/><F119/><W58/><G0/><T89/><D131/><U19/><E108/><V133/><F133/><W76/><G114/><T59/><D123/><U126/><E128/><V106/><F73/><W134/><G35/><T107/><D107/><U71/><E71/><V3/><F3/><W26/><G26/><T84/><D47/><U110/><E110/><V45/><F121/><W99/><G28/><T116/><D116/><U57/><E1/><V21/><F21/><W48/><G76/><T11/><D16/><U23/><E36/><V41/><F41/><W65/><G104/><T44/><D44/><U10/><E46/><V25/><F45/><W31/><G31/><T62/><D63/><N who="1" m="36271" /><E88/><V38/><F25/><W55/><G134/><T103/><D103/><U117/><E117/><V32/><F51/><W75/><G40/><T33/><D33/><U118/><E118/><V8/><F8/><N who="3" m="4255" /><G75/><T120/><D120/><U70/><E70/><V43/><F43/><W18/><G18/><T113/><D113/><U60/><E60/><AGARI ba="1,1" hai="48,49,50,55,56,58,60,65,95,99,102" m="4255" machi="60" ten="30,2000,0" yaku="8,1,52,1" doraHai="96" who="3" fromWho="1" sc="121,0,99,-23,279,0,491,33" /><INIT seed="6,0,0,4,3,28" ten="121,76,279,524" oya="2" hai0="68,115,70,24,51,113,62,82,101,73,44,61,10" hai1="67,130,27,56,92,40,35,83,19,21,102,126,32" hai2="77,16,58,94,42,64,111,48,125,103,11,3,31" hai3="26,72,78,22,30,66,135,17,99,89,106,85,65"/><V49/><F125/><W37/><G135/><T91/><D101/><U95/><E126/><V15/><F3/><W57/><G72/><T90/><D10/><U131/><E40/><V128/><F128/><N who="1" m="49193" /><E83/><V117/><F117/><W69/><G57/><T38/><D38/><U93/><E102/><V133/><F133/><W52/><G52/><T116/><D116/><U118/><E118/><V46/><F77/><W5/><G66/><T43/><D82/><U41/><E41/><V34/><F111/><W109/><G65/><T97/><D73/><U124/><E124/><V18/><F18/><W123/><G123/><T8/><D91/><U33/><E95/><V55/><F64/><W71/><G106/><T108/><D108/><U127/><E127/><V96/><REACH who="2" step="1"/><F31/><REACH who="2" ten="121,76,269,524" step="2"/><W12/><G30/><T132/><D132/><U23/><E23/><V119/><F119/><W114/><G22/><T110/><D110/><U59/><E67/><V87/><F87/><W45/><G85/><T47/><D70/><U20/><E20/><V104/><F104/><W29/><G71/><T60/><D68/><U76/><E76/><V86/><F86/><W36/><G78/><T105/><D105/><U63/><E63/><V25/><F25/><W79/><G79/><T134/><D134/><U39/><E39/><V98/><F98/><W6/><G37/><T81/><D62/><U0/><E0/><V120/><F120/><W2/><G36/><T1/><D61/><U122/><E122/><V107/><F107/><W80/><G109/><T112/><D60/><U9/><E9/><V84/><F84/><RYUUKYOKU ba="0,1" sc="121,-15,76,15,269,15,524,-15" hai1="19,21,27,32,33,35,56,59,92,93" hai2="11,15,16,34,42,46,48,49,55,58,94,96,103" /><INIT seed="6,1,1,1,1,20" ten="106,91,284,509" oya="2" hai0="18,86,108,106,66,56,127,13,109,111,27,17,93" hai1="11,24,118,90,89,60,44,2,7,9,65,54,55" hai2="29,134,25,14,26,115,0,4,57,49,77,80,39" hai3="47,113,8,117,45,32,79,69,61,76,10,124,100"/><V72/><F115/><W88/><G124/><T68/><D68/><U116/><E11/><V23/><F39/><W107/><G107/><T112/><D106/><U48/><E55/><V6/><F0/><W74/><G100/><T104/><D104/><U82/><E82/><V70/><F70/><W128/><G128/><T99/><D127/><U92/><E90/><V1/><F1/><W51/><G32/><T132/><D132/><U91/><E91/><V98/><F98/><W110/><G110/><T22/><D112/><U84/><REACH who="1" step="1"/><E24/><REACH who="1" ten="106,81,284,509" step="2"/><N who="2" m="16543" /><F134/><W101/><G88/><T52/><D66/><U94/><E94/><V53/><F72/><W71/><G74/><T81/><D81/><U63/><E63/><V129/><F129/><W64/><G61/><T3/><D3/><U31/><E31/><V103/><F103/><W85/><G101/><T83/><D83/><U67/><E67/><V62/><F62/><W78/><G64/><T36/><D93/><U5/><E5/><N who="2" m="2155" /><F14/><W12/><G12/><T37/><D13/><U97/><E97/><V46/><F80/><W126/><G113/><T133/><D99/><U30/><E30/><V28/><F28/><W120/><G126/><T33/><D133/><U73/><E73/><V119/><F77/><W16/><G79/><T135/><D135/><U43/><E43/><N who="2" m="24799" /><F119/><W38/><G78/><T105/><D105/><U131/><E131/><V34/><F34/><W121/><G76/><T102/><D33/><U35/><E35/><V50/><AGARI ba="1,2" hai="25,26,50,53,57" m="24799,2155,16543" machi="50" ten="30,11700,0" yaku="8,1,52,3" doraHai="20" who="2" fromWho="2" sc="106,-40,81,-40,284,140,509,-40" /><INIT seed="6,2,0,1,2,21" ten="66,41,424,469" oya="2" hai0="43,9,112,28,125,30,89,110,69,87,20,37,72" hai1="53,109,58,134,2,63,47,116,38,115,5,107,111" hai2="55,45,102,66,49,91,3,105,131,95,6,19,96" hai3="26,54,46,4,75,42,77,11,0,25,59,17,124"/><V94/><F131/><W128/><G124/><T12/><D72/><U106/><E116/><V71/><F71/><W99/><G128/><T101/><D110/><U88/><E115/><V122/><F122/><W64/><G64/><T73/><D73/><U44/><E134/><V39/><F66/><W48/><G17/><T57/><D69/><U90/><E2/><V29/><F39/><N who="3" m="21855" /><G99/><T92/><D125/><U113/><E5/><V97/><F29/><W32/><G32/><T108/><D108/><U60/><E113/><V98/><F6/><W117/><G117/><T123/><D123/><U84/><E84/><V14/><F3/><W104/><G104/><T135/><D135/><U51/><E38/><V8/><REACH who="2" step="1"/><F97/><REACH who="2" ten="66,41,414,469" step="2"/><W114/><G114/><T15/><D112/><U41/><E111/><V16/><F16/><W27/><G4/><T119/><D30/><U61/><E109/><V52/><F52/><W130/><G130/><T86/><D28/><U120/><E120/><V35/><F35/><W50/><G54/><T85/><D37/><U79/><E41/><V121/><F121/><W81/><G59/><T33/><D33/><U68/><E68/><V133/><F133/><W22/><G0/><T65/><D43/><U67/><E67/><V13/><F13/><W76/><G27/><T62/><D119/><U103/><E53/><V132/><F132/><W126/><G26/><T100/><D65/><U82/><E58/><V1/><F1/><W129/><G129/><T56/><D56/><U40/><E40/><V34/><F34/><W80/><G126/><T93/><D57/><RYUUKYOKU ba="2,1" sc="66,-10,41,-10,414,30,469,-10" hai2="8,14,19,45,49,55,91,94,95,96,98,102,105" /><INIT seed="6,3,1,3,5,51" ten="56,31,444,459" oya="2" hai0="67,77,56,3,52,55,120,134,32,39,28,126,132" hai1="102,70,63,111,23,49,8,60,99,5,25,121,61" hai2="130,124,85,118,46,26,1,44,122,87,84,38,82" hai3="4,34,43,86,50,30,21,73,107,104,125,35,127"/><V94/><F122/><W95/><G73/><T119/><D120/><U17/><E121/><V123/><F123/><W57/><G4/><T83/><D39/><U54/><E111/><V62/><F118/><W24/><G95/><T97/><D3/><U13/><E70/><V22/><F1/><W0/><G86/><N who="2" m="33385" /><F38/><W108/><G108/><T53/><D126/><N who="3" m="48137" /><G0/><T96/><D119/><U66/><E66/><V16/><F130/><W48/><G57/><T101/><D28/><U18/><E5/><V114/><F114/><W92/><G92/><T74/><D32/><N who="3" m="12329" /><G43/><T116/><D116/><U98/><E102/><V113/><F113/><W131/><G131/><T42/><D42/><U103/><E103/><V10/><F94/><W112/><G112/><T19/><D19/><U45/><AGARI ba="3,1" hai="8,13,17,18,23,25,45,49,54,60,61,63,98,99" machi="45" ten="30,4000,0" yaku="0,1,8,1,52,1" doraHai="51" who="1" fromWho="1" sc="56,-13,31,59,444,-23,459,-13" /><INIT seed="7,0,0,4,1,108" ten="43,90,421,446" oya="3" hai0="20,127,56,67,3,31,109,16,9,82,96,48,39" hai1="0,69,134,117,95,113,63,130,43,37,32,106,102" hai2="94,49,92,105,51,93,128,101,38,40,115,60,22" hai3="125,88,27,6,14,74,120,77,52,83,118,21,99"/><W121/><G118/><T26/><D109/><U73/><RYUUKYOKU type="yao9" ba="0,0" sc="43,0,90,0,421,0,446,0" hai1="0,32,37,43,63,69,73,95,102,106,113,117,130,134" /><INIT seed="7,1,0,0,3,49" ten="43,90,421,446" oya="3" hai0="96,4,32,83,73,39,56,76,88,5,18,69,52" hai1="94,41,127,66,95,126,17,111,55,81,106,51,3" hai2="2,77,21,15,91,48,103,9,93,79,108,16,114" hai3="102,121,113,130,87,119,97,72,46,59,19,29,26"/><W65/><G72/><T118/><D69/><U0/><E106/><V37/><F108/><W107/><G113/><T31/><D39/><U34/><E34/><V58/><F37/><W109/><G130/><T74/><D74/><U131/><E66/><V122/><F103/><W117/><G121/><T57/><D118/><U42/><E81/><V110/><F110/><W10/><G109/><T99/><D57/><U14/><E111/><V132/><F132/><W86/><G46/><T27/><D18/><U6/><E6/><N who="2" m="1239" /><F114/><W20/><G119/><T85/><D4/><U36/><E36/><V98/><F98/><W24/><G117/><T8/><D8/><U120/><E120/><V134/><F122/><W123/><G123/><T50/><D5/><U100/><E100/><V104/><F104/><W75/><G75/><T60/><D60/><U89/><E131/><V92/><F92/><AGARI ba="1,0" hai="27,31,32,50,52,56,73,76,83,85,88,92,96,99" machi="92" ten="30,7700,0" yaku="7,1,52,1,54,2" doraHai="49" who="0" fromWho="2" sc="43,80,90,0,421,-80,446,0" owari="123,-28.0,90,-41.0,341,14.0,446,55.0" /></mjloggm>