<mjloggm ver="2.3"><GO type="41" lobby="0"/><UN n0="%6B%2E%72%61%69%6B%61" n1="%41%73%68%79%65" n2="%6B%6D%74%6D%34%31" n3="%E2%93%9D%53%75%70%68%78" dan="14,15,15,18" rate="1928.00,1977.89,2000.42,2086.55" sx="F,M,M,M"/><TAIKYOKU oya="0"/><INIT seed="0,0,0,1,4,120" ten="250,250,250,250" oya="0" hai0="8,41,30,128,6,134,15,86,97,51,130,2,24" hai1="85,82,1,102,68,103,69,39,11,125,19,98,58" hai2="10,28,100,99,110,25,118,76,65,49,90,35,87" hai3="27,129,26,17,61,78,63,54,52,72,75,64,104"/><T0/><D86/><U94/><E39/><V59/><F118/><W91/><G104/><T79/><D51/><U9/><E125/><V60/><F76/><W21/><G129/><N who="0" m="49771" /><D97/><U22/><E103/><V31/><F110/><W108/><G78/><T84/><D41/><U53/><E1/><V33/><F10/><W107/><G107/><T113/><D84/><U12/><E68/><V88/><F31/><W44/><G44/><T4/><D79/><U46/><E69/><V126/><F126/><W131/><G131/><T37/><D37/><U92/><E46/><V16/><F16/><W123/><G91/><T80/><D80/><U5/><E94/><V135/><F135/><W73/><G123/><T121/><D121/><U105/><E5/><N who="0" m="2153" /><D113/><U13/><E105/><V57/><F35/><W124/><G124/><T114/><D114/><U74/><E13/><V115/><F115/><W50/><G75/><T62/><D62/><U96/><E74/><V117/><F117/><W7/><G73/><T127/><D127/><U95/><E95/><V45/><F57/><W66/><G72/><T34/><D134/><U93/><E93/><V132/><F132/><W83/><G83/><T43/><D43/><U70/><E98/><V109/><F90/><W106/><G106/><T89/><D89/><N who="1" m="51383" /><E70/><V14/><F99/><W32/><G63/><AGARI ba="0,0" hai="9,11,12,19,22,53,58,63,92,96,102" m="51383" machi="63" ten="30,1000,0" yaku="8,1" doraHai="120" who="1" fromWho="3" sc="250,0,250,10,250,0,250,-10" /><INIT seed="1,0,0,5,1,74" ten="250,260,250,240" oya="1" hai0="30,8,46,98,71,26,95,76,106,133,34,9,86" hai1="60,80,67,4,73,116,24,10,82,92,132,97,42" hai2="56,19,3,129,66,29,88,25,94,93,102,49,6" hai3="85,17,78,96,134,64,39,81,89,59,68,120,65"/><U111/><E116/><V100/><F129/><W52/><G120/><T54/><D71/><U107/><E107/><V12/><F3/><W40/><G134/><T55/><D55/><U47/><E132/><V109/><F109/><W21/><G68/><T58/><D46/><U99/><E111/><V119/><F119/><W35/><G35/><T105/><D133/><U79/><E80/><V51/><F6/><W128/><G40/><T43/><D43/><U57/><E24/><V36/><F36/><W22/><G22/><T110/><D110/><U118/><E92/><V28/><F66/><W20/><G20/><T70/><D70/><U72/><E72/><V112/><F112/><W90/><G128/><T114/><D114/><U5/><E5/><V27/><F12/><N who="3" m="9383" /><G39/><T44/><D44/><U48/><REACH who="1" step="1"/><E118/><REACH who="1" ten="250,250,250,240" step="2"/><V130/><F130/><W108/><G108/><T0/><D106/><U126/><E126/><V15/><F28/><W18/><G18/><T84/><D105/><U101/><E101/><V131/><F29/><W61/><G90/><T41/><D30/><U75/><E75/><V33/><F33/><W123/><G123/><T37/><D34/><U31/><E31/><V83/><F27/><W117/><G117/><T2/><D26/><U124/><E124/><V13/><F83/><W122/><G122/><T69/><D95/><AGARI ba="0,1" hai="52,59,61,64,65,78,81,85,89,95,96" m="9383" machi="95" ten="30,3900,0" yaku="8,1,52,1,54,1" doraHai="74" who="3" fromWho="0" sc="250,-39,250,0,250,0,240,49" /><INIT seed="2,0,0,0,5,58" ten="211,250,250,289" oya="2" hai0="36,70,87,116,28,62,93,37,85,118,119,16,1" hai1="108,59,5,90,106,9,113,69,132,52,7,134,20" hai2="94,79,17,71,47,74,64,44,98,4,39,54,55" hai3="22,78,112,0,95,82,107,99,12,18,135,57,105"/><V2/><F2/><W13/><G0/><T109/><D109/><U75/><E108/><V43/><F4/><W19/><G135/><N who="1" m="51754" /><E106/><V15/><F74/><W72/><G112/><T66/><D1/><U30/><E113/><V96/><F79/><W26/><G26/><T8/><D28/><U10/><E69/><V123/><F123/><W76/><G76/><T23/><D8/><N who="1" m="3179" /><E75/><V50/><F71/><W115/><G115/><T97/><D97/><U38/><E38/><N who="0" m="14953" /><D93/><U92/><E20/><V121/><F64/><W128/><G107/><T133/><D133/><U91/><E30/><V6/><F121/><W3/><G105/><T101/><D101/><U35/><E35/><V122/><F122/><W27/><G3/><T48/><D48/><N who="1" m="31111" /><E90/><V25/><F98/><AGARI ba="0,0" hai="5,7,91,92,98" m="31111,3179,51754" machi="98" ten="30,2000,0" yaku="20,1,54,1" doraHai="58" who="1" fromWho="2" sc="211,0,250,20,250,-20,289,0" /><INIT seed="3,0,0,1,0,120" ten="211,270,230,289" oya="3" hai0="127,45,90,54,86,81,44,57,62,79,4,73,99" hai1="13,128,71,37,95,80,15,78,38,49,25,5,105" hai2="83,11,91,98,1,26,87,3,61,39,118,59,28" hai3="88,135,130,33,31,17,114,68,131,122,117,21,106"/><W48/><G106/><T92/><D127/><U29/><E105/><V101/><F118/><W100/><G100/><T23/><D4/><U123/><E71/><V133/><F133/><W125/><G68/><T18/><REACH who="0" step="1"/><D73/><REACH who="0" ten="201,270,230,289" step="2"/><U124/><E5/><V53/><F39/><W40/><G125/><T7/><D7/><U19/><E124/><V94/><REACH who="2" step="1"/><F11/><REACH who="2" ten="201,270,220,289" step="2"/><W65/><G135/><T85/><D85/><U67/><E37/><V76/><F76/><W103/><G117/><T115/><D115/><U51/><E38/><V69/><F69/><W96/><G114/><T60/><D60/><U109/><E78/><V22/><AGARI ba="0,2" hai="1,3,22,26,28,53,59,61,83,87,91,94,98,101" machi="22" ten="20,8000,1" yaku="1,1,0,1,7,1,53,2" doraHai="120" doraHaiUra="32" who="2" fromWho="2" sc="201,-20,270,-20,220,100,289,-40" /><INIT seed="4,0,0,5,5,20" ten="181,250,320,249" oya="0" hai0="98,43,112,67,70,128,134,127,2,33,122,7,77" hai1="19,34,124,99,27,104,25,111,116,64,103,114,10" hai2="125,63,97,80,12,28,22,74,86,13,36,18,132" hai3="83,75,101,119,69,32,30,62,71,39,24,37,95"/><T29/><D77/><U129/><E111/><V11/><F36/><W0/><G119/><T17/><D17/><U41/><E116/><V131/><F125/><W89/><G0/><T84/><D84/><U96/><E124/><V92/><F132/><W102/><G102/><T40/><D40/><U110/><E110/><V51/><F131/><W115/><G115/><T56/><D56/><U79/><E129/><V109/><BYE who="0" /><F109/><W53/><G101/><T120/><D120/><U1/><E114/><UN n0="%6B%2E%72%61%69%6B%61" /><V4/><BYE who="0" /><F74/><W14/><G14/><UN n0="%6B%2E%72%61%69%6B%61" /><T65/><D65/><U133/><BYE who="0" /><E133/><V49/><F63/><UN n0="%6B%2E%72%61%69%6B%61" /><W88/><G53/><T126/><D126/><U58/><BYE who="0" /><E41/><V106/><F28/><W118/><G118/><T68/><D68/><U46/><E46/><V82/><F106/><W5/><G5/><T44/><D44/><U73/><E99/><V87/><F86/><W57/><G71/><T117/><D117/><U76/><E34/><V91/><REACH who="2" step="1"/><F82/><REACH who="2" ten="181,250,310,249" step="2"/><W59/><G39/><T78/><D78/><AGARI ba="0,1" hai="4,11,12,13,18,22,49,51,78,80,87,91,92,97" machi="78" ten="30,7700,0" yaku="1,1,2,1,7,1,8,1,53,0" doraHai="20" doraHaiUra="121" who="2" fromWho="0" sc="181,-77,250,0,310,87,249,0" /><INIT seed="5,0,0,3,3,63" ten="104,250,397,249" oya="1" hai0="31,92,55,39,75,47,123,28,87,35,25,64,1" hai1="70,94,89,84,4,96,6,103,74,73,95,124,104" hai2="91,27,59,108,106,19,132,72,126,85,57,26,29" hai3="77,53,90,111,10,93,62,5,99,15,18,13,120"/><U49/><E70/><V52/><F108/><W133/><G133/><T97/><D97/><U86/><E49/><V24/><F72/><N who="1" m="27753" /><E4/><V130/><F106/><W82/><G120/><T76/><D76/><U102/><E6/><V115/><F130/><W46/><G111/><T66/><D66/><U101/><E124/><V32/><F126/><W7/><G15/><T121/><D121/><U98/><E104/><V9/><F59/><N who="3" m="35183" /><G46/><T11/><D11/><U135/><E135/><V114/><F132/><W112/><G112/><N who="2" m="43049" /><F19/><W12/><G12/><T113/><D113/><U88/><AGARI ba="0,0" hai="84,86,88,89,94,95,96,98,101,102,103" m="27753" machi="88" ten="40,18000,2" yaku="35,5,54,1" doraHai="63" who="1" fromWho="1" sc="104,-60,250,180,397,-60,249,-60" /><INIT seed="5,1,0,1,3,96" ten="44,430,337,189" oya="1" hai0="14,30,91,78,112,125,4,27,80,52,21,129,100" hai1="115,113,36,134,50,55,76,34,67,118,117,13,48" hai2="135,65,131,24,73,83,5,20,128,119,60,54,62" hai3="3,61,104,11,63,133,86,51,38,90,107,47,8"/><U1/><E34/><V92/><F119/><N who="1" m="45577" /><E1/><V15/><F135/><W84/><G38/><T121/><D121/><U116/><E76/><V59/><F5/><W44/><G51/><T126/><D126/><U22/><N who="1" m="45585" /><U103/><DORA hai="109" /><E103/><V79/><F15/><W39/><G39/><T57/><D57/><U43/><E13/><V26/><F92/><W110/><G90/><T71/><D71/><U95/><E95/><V82/><F82/><W111/><REACH who="3" step="1"/><G3/><REACH who="3" ten="44,430,337,179" step="2"/><T97/><D97/><U98/><E98/><V18/><REACH who="2" step="1"/><F26/><REACH who="2" ten="44,430,327,179" step="2"/><W85/><G85/><T31/><D31/><U64/><E134/><AGARI ba="1,2" hai="8,11,44,47,61,63,84,86,104,107,110,111,133,134" machi="134" ten="25,8000,1" yaku="1,1,22,2,53,2" doraHai="96,109" doraHaiUra="28,102" who="3" fromWho="1" sc="44,0,430,-83,327,0,179,103" /><INIT seed="6,0,0,5,4,37" ten="44,347,327,282" oya="2" hai0="73,105,115,69,124,71,135,66,129,99,98,101,32" hai1="63,61,14,62,128,9,8,118,6,55,122,78,60" hai2="80,90,43,47,40,132,102,127,89,1,20,103,93" hai3="133,0,17,30,52,96,23,82,120,41,42,97,46"/><V34/><F34/><W26/><G120/><T49/><D49/><U48/><E118/><V28/><F127/><W117/><G0/><T110/><D110/><U86/><E128/><V92/><F132/><W29/><G117/><T53/><D53/><U81/><E122/><V21/><F1/><W51/><G133/><T70/><D70/><U15/><N who="1" m="15360" /><DORA hai="83" /><U76/><E76/><V107/><F28/><N who="3" m="10859" /><G82/><T4/><D4/><N who="1" m="3335" /><E55/><V24/><F107/><W58/><G58/><T114/><D114/><U10/><E10/><V11/><F47/><W12/><G26/><T27/><D27/><U54/><E54/><V13/><F80/><W64/><G64/><T125/><D125/><U121/><E121/><V25/><F11/><W50/><G50/><AGARI ba="0,0" hai="6,9,15,48,50,78,81,86" m="3335,15360" machi="50" ten="40,2600,0" yaku="8,1,52,1" doraHai="37,83" who="1" fromWho="3" sc="44,0,347,26,327,0,282,-26" /><INIT seed="7,0,0,1,5,89" ten="44,373,327,256" oya="3" hai0="76,126,101,8,58,43,12,71,17,48,1,21,31" hai1="86,24,84,44,108,95,46,66,25,60,122,38,47" hai2="19,73,26,51,23,134,28,90,57,32,131,117,129" hai3="100,36,39,65,54,5,79,13,115,64,109,37,63"/><W70/><G79/><T74/><D74/><U105/><E105/><V49/><F117/><W77/><G77/><T10/><D10/><U91/><E122/><V97/><F73/><W87/><G87/><T94/><D94/><U59/><E108/><V9/><F134/><W67/><G100/><T92/><D92/><U34/><E34/><V56/><F9/><W15/><G5/><T96/><D96/><N who="1" m="57471" /><E38/><V110/><F110/><W62/><G109/><T7/><D7/><U2/><E2/><V4/><F4/><W33/><G33/><T78/><D78/><U40/><E40/><V61/><F97/><W18/><G115/><T35/><D35/><U85/><AGARI ba="0,0" hai="24,25,44,46,47,59,60,66,84,85,86" m="57471" machi="85" ten="30,2000,0" yaku="8,1,52,1" doraHai="89" who="1" fromWho="1" sc="44,-5,373,20,327,-5,256,-10" owari="39,-46.0,393,49.0,322,12.0,246,-15.0" /></mjloggm>