<mjloggm ver="2.3"><GO type="41" lobby="0"/><UN n0="%E3%83%88%E3%83%AA%E3%82%B9" n1="%4B%5F%4B%5F" n2="%6F%70%70%61%70%79" n3="%E2%93%9D%53%75%70%68%78" dan="15,14,13,18" rate="1921.37,1891.65,1858.20,2107.11" sx="M,M,M,M"/><TAIKYOKU oya="0"/><INIT seed="0,0,0,1,1,100" ten="250,250,250,250" oya="0" hai0="18,25,3,5,62,121,112,13,58,77,81,117,44" hai1="6,54,99,109,75,106,86,12,68,96,133,103,7" hai2="29,20,130,52,89,51,42,65,134,114,26,72,118" hai3="36,116,71,31,34,127,50,61,30,17,119,80,32"/><T28/><D112/><U84/><E68/><V125/><F130/><W94/><G50/><T38/><D117/><U63/><E75/><V113/><F118/><W85/><G36/><T126/><D126/><U88/><E133/><V57/><F134/><W108/><G94/><T69/><D69/><U74/><E74/><V23/><F125/><W19/><G71/><T79/><D121/><U41/><E41/><V132/><F132/><W128/><G85/><T102/><D102/><U83/><E96/><V131/><F72/><W15/><G61/><T78/><D5/><U27/><E12/><V120/><F120/><W55/><G55/><T101/><D101/><U11/><E27/><V98/><F131/><W111/><G80/><T91/><D3/><U0/><E7/><V67/><F114/><W2/><G15/><T105/><D44/><U39/><E39/><V33/><F113/><W129/><REACH who="3" step="1"/><G127/><REACH who="3" ten="250,250,250,240" step="2"/><T9/><D38/><U46/><E86/><V37/><F67/><W110/><G110/><T45/><D45/><U59/><E109/><V104/><F65/><W4/><G4/><T10/><D81/><U92/><REACH who="1" step="1"/><E46/><REACH who="1" ten="250,240,250,240" step="2"/><V48/><F37/><W122/><G122/><T53/><D13/><U22/><E22/><V40/><F23/><W82/><G82/><AGARI ba="0,2" hai="0,6,11,54,59,63,82,83,84,88,92,99,103,106" machi="82" ten="40,5200,0" yaku="1,1,52,1,54,1,53,0" doraHai="100" doraHaiUra="21" who="1" fromWho="3" sc="250,0,240,72,250,0,240,-52" /><INIT seed="1,0,0,3,1,110" ten="250,312,250,188" oya="1" hai0="78,7,80,96,119,10,56,85,77,116,104,129,32" hai1="83,76,38,29,97,16,36,67,49,25,30,57,128" hai2="65,131,64,41,75,52,35,125,105,69,124,113,71" hai3="46,127,33,0,81,98,94,28,21,109,82,34,14"/><U15/><E128/><V111/><F105/><W106/><G106/><T9/><D32/><U91/><E30/><V115/><F75/><W51/><G0/><T134/><D9/><U100/><E91/><V37/><F35/><W22/><G127/><N who="2" m="48713" /><F111/><W74/><G109/><T19/><D19/><U26/><E49/><V87/><F87/><W11/><G34/><T39/><D39/><U70/><E26/><V93/><F93/><W86/><G74/><T44/><D56/><U12/><E12/><V114/><F131/><W27/><G33/><T4/><D44/><U133/><E133/><V112/><F112/><W2/><G2/><T54/><D85/><U66/><E57/><V130/><F130/><W68/><G68/><N who="2" m="26185" /><F52/><W55/><G22/><T88/><D54/><U17/><E38/><V20/><F20/><W3/><G3/><T47/><D129/><U103/><E36/><V99/><F99/><W13/><G86/><T6/><D96/><U23/><E70/><V84/><F84/><W48/><G48/><T89/><D104/><U42/><E42/><V8/><F8/><W18/><REACH who="3" step="1"/><G14/><REACH who="3" ten="250,312,250,178" step="2"/><T24/><D134/><U121/><E15/><V31/><F31/><W95/><G95/><T135/><D135/><U58/><E23/><V60/><F60/><W53/><G53/><T63/><D63/><U72/><E29/><V45/><AGARI ba="0,1" hai="37,41,45,64,65,113,114,115" m="26185,48713" machi="45" ten="40,12000,2" yaku="11,1,18,1,34,2,52,3" doraHai="110" who="2" fromWho="2" sc="250,-30,312,-60,250,130,178,-30" /><INIT seed="2,0,0,4,4,103" ten="220,252,380,148" oya="2" hai0="20,92,88,13,100,98,45,135,19,134,17,71,111" hai1="117,82,28,115,90,62,93,34,126,107,56,73,85" hai2="60,105,10,109,11,5,87,39,26,14,2,112,91" hai3="33,102,116,86,94,67,69,96,79,15,113,77,78"/><V24/><F39/><W70/><G33/><T133/><D71/><U127/><E117/><V35/><F112/><W59/><G116/><T97/><D111/><U58/><E115/><V9/><F105/><W21/><G113/><T121/><D121/><U50/><E28/><V80/><F109/><W110/><G110/><T42/><D19/><U101/><E34/><V31/><F26/><W95/><G70/><T130/><D130/><U12/><E12/><V119/><F119/><W65/><G69/><T1/><D1/><U76/><E50/><V0/><F0/><W49/><G49/><T81/><D81/><U75/><E75/><V124/><F124/><W51/><G51/><T47/><REACH who="0" step="1"/><D42/><REACH who="0" ten="210,252,380,148" step="2"/><U63/><E127/><V114/><F114/><W18/><REACH who="3" step="1"/><G59/><REACH who="3" ten="210,252,380,138" step="2"/><N who="1" m="22570" /><E126/><V16/><F60/><W38/><G38/><T57/><D57/><U36/><E36/><V40/><F40/><W108/><G108/><T22/><D22/><AGARI ba="0,2" hai="2,5,9,10,11,14,16,22,24,31,35,80,87,91" machi="22" ten="30,11600,0" yaku="7,1,24,2,54,1" doraHai="103" who="2" fromWho="0" sc="210,-116,252,0,380,136,138,0" /><INIT seed="2,1,0,4,4,122" ten="94,252,516,138" oya="2" hai0="28,110,105,106,79,57,67,124,39,20,83,101,96" hai1="82,7,54,128,75,58,123,78,72,21,12,63,74" hai2="134,120,48,47,1,6,92,62,46,26,71,107,91" hai3="14,34,115,17,36,73,50,41,111,130,49,40,84"/><V59/><F134/><W3/><G3/><T118/><D39/><U116/><E116/><V64/><F107/><W29/><G73/><T98/><D118/><U11/><E128/><V81/><F120/><W53/><G34/><T126/><D57/><U32/><E32/><V43/><F1/><W31/><G36/><T76/><D67/><U125/><E125/><N who="0" m="48233" /><D28/><U113/><E113/><V19/><F6/><W18/><G53/><T77/><D20/><U61/><E123/><V45/><F71/><W90/><G130/><T9/><D9/><U85/><E75/><V132/><F132/><W35/><G35/><T93/><D110/><U0/><E0/><V55/><F81/><W80/><G111/><T44/><D44/><U109/><E21/><N who="2" m="13631" /><F43/><N who="3" m="16459" /><G115/><T100/><D93/><U117/><E117/><V8/><F8/><N who="3" m="6343" /><G18/><T66/><D66/><U133/><E133/><V4/><F4/><W104/><G104/><T5/><D5/><U135/><E135/><V65/><F65/><W37/><G37/><T13/><D13/><U95/><E109/><V38/><F38/><W33/><G33/><T87/><AGARI ba="1,0" hai="76,77,79,83,87,96,98,100,101,105,106" m="48233" machi="87" ten="30,4000,0" yaku="18,1,34,2" doraHai="122" who="0" fromWho="0" sc="94,43,252,-11,516,-21,138,-11" /><INIT seed="3,0,0,0,1,63" ten="137,241,495,127" oya="3" hai0="18,27,58,19,70,132,121,87,65,89,85,102,29" hai1="5,75,125,118,82,35,59,60,131,78,135,71,10" hai2="25,31,32,4,42,49,9,24,12,110,103,41,109" hai3="122,3,108,105,80,111,97,13,91,79,6,88,77"/><W114/><G3/><T45/><D121/><U47/><E135/><V68/><F68/><W44/><G6/><T40/><D70/><U53/><E131/><V99/><F25/><W92/><G13/><T126/><D132/><U120/><E125/><V15/><F15/><W23/><G23/><T8/><D102/><U46/><E120/><V67/><F67/><W26/><G26/><T20/><D87/><U50/><E35/><V0/><F0/><W115/><G44/><T39/><D126/><U38/><E38/><V22/><F32/><W112/><G105/><T123/><D123/><U48/><E118/><V127/><F127/><W54/><G54/><T96/><D96/><U124/><E71/><V113/><F113/><W119/><G122/><T95/><REACH who="0" step="1"/><D8/><REACH who="0" ten="127,241,495,127" step="2"/><U117/><E124/><V61/><F99/><W94/><G119/><T52/><D52/><U90/><E117/><V98/><F103/><W134/><G134/><T16/><D16/><U133/><E133/><V64/><F98/><N who="3" m="57607" /><G79/><T21/><D21/><U116/><E116/><V83/><F9/><W11/><G11/><T76/><D76/><U56/><E90/><V28/><F22/><W93/><G93/><T66/><D66/><U100/><E100/><V55/><F64/><W43/><G43/><T14/><D14/><U130/><E130/><V106/><F12/><W62/><G62/><AGARI ba="0,1" hai="18,19,20,27,29,39,40,45,58,62,65,85,89,95" machi="62" ten="40,5200,0" yaku="1,1,52,1,53,1" doraHai="63" doraHaiUra="36" who="0" fromWho="3" sc="127,62,241,0,495,0,127,-52" /><INIT seed="4,0,0,1,3,104" ten="189,241,495,75" oya="0" hai0="29,88,130,95,19,135,11,67,118,80,44,34,52" hai1="0,72,116,51,47,25,117,35,53,8,107,113,23" hai2="7,6,123,75,131,57,84,3,62,108,59,106,76" hai3="10,30,1,91,14,60,115,73,133,48,124,78,102"/><T22/><D118/><U49/><E107/><V90/><F123/><W36/><G36/><T128/><D34/><U61/><E35/><V12/><F106/><W33/><G124/><T56/><D29/><U68/><E72/><V126/><F108/><W55/><G133/><T99/><D135/><U41/><E0/><V89/><F126/><W42/><G115/><T45/><D11/><U98/><E98/><V65/><F131/><N who="0" m="50218" /><D67/><U28/><E8/><V87/><F3/><W58/><G1/><T4/><D4/><N who="2" m="1578" /><F75/><W64/><G30/><T24/><D80/><U114/><E61/><AGARI ba="0,0" hai="19,22,24,44,45,52,56,61,88,95,99" m="50218" machi="61" ten="30,11600,0" yaku="25,1,19,1,54,2" doraHai="104" who="0" fromWho="1" sc="189,116,241,-116,495,0,75,0" /><INIT seed="4,1,0,0,2,18" ten="305,125,495,75" oya="0" hai0="37,80,92,104,39,24,6,120,23,126,64,13,7" hai1="55,22,98,60,124,58,74,77,103,132,109,79,19" hai2="3,106,130,135,17,2,29,129,81,88,62,43,16" hai3="15,63,36,105,85,84,34,86,133,41,30,128,5"/><T125/><D104/><U107/><E109/><V83/><F106/><W96/><G133/><T68/><D120/><U25/><E132/><V44/><F135/><W47/><G128/><N who="2" m="49257" /><F29/><W33/><G63/><N who="0" m="39967" /><D80/><N who="2" m="30794" /><F88/><W69/><G69/><T20/><D92/><U46/><E124/><N who="0" m="47721" /><D24/><U57/><E74/><V114/><F62/><W117/><G117/><T70/><D70/><U27/><E46/><V76/><F114/><W119/><G119/><T52/><D52/><U93/><E107/><V90/><F90/><W0/><G105/><T8/><D7/><U99/><E99/><V42/><F76/><W116/><G96/><T118/><D118/><U67/><REACH who="1" step="1"/><E25/><REACH who="1" ten="305,115,495,75" step="2"/><V72/><F72/><W35/><G116/><T11/><D8/><U100/><E100/><V102/><F102/><W61/><G86/><T32/><D32/><U65/><E65/><V73/><F44/><W87/><G35/><T89/><D89/><U45/><E45/><V94/><F73/><W97/><G34/><T12/><D11/><U111/><E111/><V48/><F2/><W75/><G75/><T56/><D6/><U122/><E122/><V113/><F3/><W91/><G0/><T1/><D1/><U121/><E121/><V101/><F113/><W108/><G108/><T54/><D12/><U10/><E10/><V21/><F101/><W31/><G33/><T127/><D13/><U14/><E14/><V95/><F17/><W38/><G15/><T50/><D127/><U134/><E134/><V9/><F16/><W82/><G5/><T71/><D37/><U51/><AGARI ba="1,1" hai="19,22,27,51,55,57,58,60,67,77,79,93,98,103" machi="51" ten="20,12000,2" yaku="1,1,0,1,7,1,8,1,52,1,53,2" doraHai="18" doraHaiUra="53" who="1" fromWho="1" sc="305,-61,115,133,495,-31,75,-31" /><INIT seed="5,0,0,3,4,112" ten="244,248,464,44" oya="1" hai0="128,5,12,29,11,31,129,57,109,88,113,63,87" hai1="103,130,32,111,65,10,16,104,53,105,126,127,132" hai2="134,79,94,39,68,38,21,61,116,25,101,90,120" hai3="80,133,60,8,9,69,96,125,24,4,121,51,14"/><U74/><E74/><V115/><F116/><W84/><G125/><T73/><D73/><U45/><E32/><V47/><F115/><W92/><G133/><T15/><D109/><U1/><E1/><V64/><F120/><W102/><G121/><T72/><D72/><U40/><E132/><V122/><F122/><W3/><G69/><T43/><D43/><U17/><E65/><V30/><F79/><W76/><G60/><T23/><D113/><U78/><E78/><V46/><F134/><W98/><G24/><T107/><D107/><U95/><E53/><V81/><F81/><W82/><G82/><T97/><D97/><U106/><E10/><V108/><F108/><W118/><G98/><T131/><D15/><U75/><E75/><V7/><F7/><W55/><G3/><T28/><D23/><U52/><E52/><V89/><F39/><W26/><G26/><T135/><D135/><U110/><E95/><V13/><F13/><W67/><G9/><T93/><REACH who="0" step="1"/><D29/><REACH who="0" ten="234,248,464,44" step="2"/><U62/><E111/><V41/><F30/><W33/><G33/><T71/><D71/><U34/><E110/><V19/><F21/><W124/><G124/><T99/><D99/><U44/><E34/><V59/><F68/><W54/><G118/><T123/><D123/><U20/><E127/><V70/><F70/><W6/><G6/><T83/><D83/><U0/><E126/><V114/><F114/><W42/><REACH who="3" step="1"/><G67/><AGARI ba="0,1" hai="5,11,12,28,31,57,63,67,87,88,93,128,129,131" machi="67" ten="40,5200,0" yaku="1,1,19,1,54,1,53,0" doraHai="112" doraHaiUra="77" who="0" fromWho="3" sc="234,62,248,0,464,0,44,-52" owari="296,10.0,248,-15.0,464,56.0,-8,-51.0" /></mjloggm>