<mjloggm ver="2.3"><GO type="41" lobby="0"/><UN n0="%62%61%6B%65%6D%6F%6E" n1="%E7%AB%AF%E6%9C%A8%E7%92%B0%E5%AE%87" n2="%E2%93%9D%53%75%70%68%78" n3="%6A%75%6E%6E%30%39%31%36" dan="13,13,17,15" rate="1856.43,1830.14,2065.93,2017.26" sx="M,F,M,M"/><TAIKYOKU oya="0"/><INIT seed="0,0,0,2,2,58" ten="250,250,250,250" oya="0" hai0="55,57,118,127,70,44,32,91,63,123,24,95,121" hai1="122,52,11,108,107,124,80,88,31,109,61,10,71" hai2="93,28,96,59,1,29,75,98,78,128,76,114,134" hai3="104,22,20,37,66,8,72,119,46,4,65,100,73"/><T130/><D118/><U126/><E122/><V9/><F114/><W92/><G119/><T26/><D127/><N who="1" m="48683" /><E107/><V85/><F134/><W19/><G104/><T120/><D130/><U51/><E31/><V41/><F41/><W40/><G73/><T18/><D32/><U79/><E71/><V106/><F9/><W12/><G72/><T89/><D89/><U82/><E82/><V62/><F1/><W101/><G22/><T35/><D35/><U111/><E79/><V74/><F106/><W113/><G113/><T131/><D18/><U135/><E135/><V56/><F93/><W47/><G47/><T64/><D44/><N who="1" m="27751" /><E61/><V2/><F62/><W38/><G38/><T0/><D0/><U7/><E7/><V27/><F2/><W97/><G100/><T14/><D131/><U48/><E48/><V86/><F128/><W53/><G53/><T105/><D105/><U3/><E3/><AGARI ba="0,0" hai="3,4,8,12,19,20,37,40,46,65,66,92,97,101" machi="3" ten="30,1000,0" yaku="7,1" doraHai="58" who="3" fromWho="1" sc="250,0,250,-10,250,0,250,10" /><INIT seed="1,0,0,2,4,20" ten="250,240,250,260" oya="1" hai0="135,30,1,16,53,45,93,59,91,128,37,2,89" hai1="112,71,123,64,108,68,81,50,4,52,18,102,125" hai2="27,47,105,25,13,61,106,126,41,51,28,117,39" hai3="63,100,120,121,96,9,5,60,124,43,129,66,78"/><U115/><E123/><V109/><F117/><W56/><G129/><T116/><D135/><U110/><E125/><V88/><F109/><N who="1" m="42089" /><E4/><V58/><F126/><W75/><G124/><T107/><D128/><U80/><E102/><V84/><F39/><W94/><G43/><T7/><D7/><U82/><E18/><V87/><F87/><W12/><G75/><T95/><D30/><U54/><E64/><V44/><F44/><W62/><G78/><T134/><D134/><U72/><E72/><V92/><F13/><W31/><G120/><T83/><D107/><U17/><E17/><V104/><REACH who="2" step="1"/><F28/><REACH who="2" ten="250,240,240,260" step="2"/><W77/><G121/><T76/><D116/><U55/><E50/><V127/><F127/><W11/><G77/><T74/><D37/><U86/><E86/><V14/><F14/><W36/><G36/><T73/><D45/><U22/><E22/><V6/><F6/><W57/><G11/><T40/><D74/><U3/><E3/><V99/><F99/><W130/><G130/><T90/><D1/><U111/><N who="1" m="42097" /><U69/><AGARI ba="0,1" hai="52,54,55,68,69,71,80,81,82,112,115" m="42097" machi="69" ten="60,24000,3" yaku="4,1,29,2,28,2,14,1,10,1,54,1" doraHai="20" who="1" fromWho="1" sc="250,-80,240,250,240,-80,260,-80" /><INIT seed="1,1,0,5,0,121" ten="170,490,160,180" oya="1" hai0="95,109,23,78,37,93,58,113,5,18,117,110,61" hai1="48,2,122,53,131,17,89,27,129,84,130,123,119" hai2="15,71,45,134,55,91,51,69,29,20,33,114,87" hai3="63,56,1,32,52,8,16,67,98,115,126,60,19"/><U120/><E2/><V76/><F134/><W97/><G115/><T96/><D117/><U124/><E119/><V34/><F76/><W54/><G32/><T38/><D113/><U46/><E124/><V108/><F114/><W79/><G126/><T75/><D95/><U112/><E112/><V13/><F108/><N who="0" m="41578" /><D5/><U118/><E118/><V3/><F3/><W73/><G73/><T7/><D7/><U83/><E17/><V0/><F34/><W125/><G125/><T14/><D78/><U42/><E27/><V47/><F0/><W21/><G79/><T70/><D70/><U12/><E12/><V103/><F71/><W101/><G1/><T24/><D75/><U128/><E131/><V6/><F69/><W41/><G41/><AGARI ba="1,0" hai="41,42,46,48,53,83,84,89,120,122,123,128,129,130" machi="41" ten="50,2400,0" yaku="19,1" doraHai="121" who="1" fromWho="3" sc="170,0,490,27,160,0,180,-27" /><INIT seed="1,2,0,1,4,10" ten="170,517,160,153" oya="1" hai0="129,104,76,115,77,62,42,13,110,135,55,27,11" hai1="102,67,100,66,63,109,36,80,121,26,57,25,103" hai2="114,133,41,91,0,64,92,132,78,108,35,127,107" hai3="12,3,118,15,56,1,120,96,28,32,39,4,105"/><U20/><E36/><V43/><F107/><W122/><G39/><T125/><D110/><U85/><E121/><N who="3" m="46698" /><G105/><T84/><D115/><U72/><E72/><V23/><F127/><W24/><G96/><T97/><D129/><U48/><E48/><V73/><F0/><N who="3" m="75" /><G56/><T2/><D2/><U14/><E109/><V65/><F35/><W131/><G131/><T98/><D27/><U124/><E124/><V99/><F114/><W46/><G46/><T134/><D42/><U82/><E67/><V86/><F65/><W68/><G68/><T50/><D62/><U30/><E85/><V113/><F64/><W7/><G118/><T71/><D71/><U21/><E82/><V37/><F113/><W79/><G79/><N who="0" m="30283" /><D84/><U31/><E80/><V93/><F108/><W44/><G44/><N who="0" m="28103" /><D125/><U88/><E100/><V83/><F37/><W116/><G116/><T34/><D34/><U74/><E102/><V75/><F75/><W16/><G15/><T51/><D51/><U33/><E14/><V81/><F73/><W126/><G126/><T111/><D111/><U53/><E74/><V119/><F119/><W5/><G5/><T87/><D87/><U130/><E33/><V45/><F78/><W101/><G101/><T54/><D54/><U128/><E53/><V89/><F86/><W38/><G38/><T60/><D60/><U112/><E63/><V19/><F43/><W40/><G40/><T49/><D49/><U9/><E103/><V29/><F41/><W70/><G70/><T90/><D104/><U47/><E128/><V58/><F45/><W94/><G94/><RYUUKYOKU ba="2,0" sc="170,-10,517,-10,160,-10,153,30" hai3="4,7,12,16,24,28,32" /><INIT seed="2,3,0,4,0,24" ten="160,507,150,183" oya="2" hai0="89,90,92,102,32,8,50,132,112,18,67,99,37" hai1="12,29,55,27,130,82,5,40,94,61,107,125,62" hai2="4,35,100,45,115,85,38,43,118,49,9,88,1" hai3="68,54,6,124,101,116,2,0,104,14,41,63,13"/><V22/><F115/><W20/><G116/><T33/><D37/><U128/><E107/><V64/><F35/><W108/><G108/><T59/><D132/><U70/><E125/><V44/><F118/><W48/><G124/><T15/><D112/><U117/><E117/><V93/><F64/><W57/><G14/><T121/><D121/><U84/><E40/><V95/><F22/><W79/><G79/><T52/><D90/><U66/><E55/><V120/><F120/><W53/><G41/><T26/><D26/><U91/><E61/><V31/><F31/><W60/><G60/><T103/><D67/><U10/><E82/><V23/><F23/><W19/><G6/><T86/><REACH who="0" step="1"/><D103/><REACH who="0" ten="150,507,150,183" step="2"/><U11/><E27/><V122/><F122/><W129/><G129/><T133/><D133/><U16/><E128/><V72/><F100/><W65/><G101/><T47/><D47/><U131/><E131/><V83/><REACH who="2" step="1"/><F72/><REACH who="2" ten="150,507,140,183" step="2"/><W28/><G104/><AGARI ba="3,2" hai="8,15,18,32,33,50,52,59,86,89,92,99,102,104" machi="104" ten="30,3900,0" yaku="1,1,7,1,54,1,53,0" doraHai="24" doraHaiUra="25" who="0" fromWho="3" sc="150,68,507,0,140,0,183,-48" /><INIT seed="3,0,0,0,2,74" ten="218,507,140,135" oya="3" hai0="9,46,45,55,82,109,64,52,49,121,100,71,126" hai1="115,133,63,116,1,95,44,90,26,105,99,107,117" hai2="89,30,51,21,56,14,85,29,110,6,50,19,122" hai3="86,84,92,35,132,31,38,42,57,15,24,62,106"/><W18/><G106/><T114/><D109/><U23/><E115/><V53/><F110/><W70/><G70/><T20/><D126/><U36/><E1/><V16/><F122/><W94/><G132/><T8/><D114/><U32/><E32/><V10/><F51/><W3/><G3/><T128/><D128/><U131/><E131/><V118/><F118/><N who="1" m="45673" /><E133/><V27/><REACH who="2" step="1"/><F30/><REACH who="2" ten="218,507,130,135" step="2"/><W39/><G38/><T134/><D134/><U65/><E36/><V91/><F91/><W5/><G39/><T2/><D121/><U88/><E90/><V48/><F48/><W119/><G119/><T83/><D49/><U127/><E127/><V101/><F101/><W103/><G42/><T58/><D100/><U41/><E41/><V120/><F120/><W98/><G5/><T112/><D112/><U75/><E88/><V76/><F76/><W93/><G103/><T54/><D46/><U108/><E108/><V123/><F123/><W60/><G98/><T124/><D45/><U61/><E99/><V0/><F0/><W12/><G62/><T129/><D124/><U80/><E63/><V22/><F22/><W66/><REACH who="3" step="1"/><G12/><REACH who="3" ten="218,507,130,125" step="2"/><T79/><D2/><U113/><E61/><V130/><F130/><W135/><G135/><T25/><D129/><U4/><E4/><V67/><F67/><W81/><G81/><AGARI ba="0,2" hai="6,10,14,16,19,21,27,29,50,53,56,81,85,89" machi="81" ten="30,8000,1" yaku="1,1,7,1,8,1,54,1,53,1" doraHai="74" doraHaiUra="17" who="2" fromWho="3" sc="218,0,507,0,130,100,125,-80" /><INIT seed="4,0,0,5,0,105" ten="218,507,230,45" oya="0" hai0="123,88,74,7,112,97,87,13,49,90,40,48,126" hai1="124,117,22,38,27,95,113,32,64,131,57,78,4" hai2="58,93,76,104,96,46,15,29,28,82,68,108,34" hai3="107,86,50,100,69,31,19,24,12,80,56,33,128"/><T16/><D123/><U94/><E38/><V10/><F68/><W21/><G69/><T51/><D112/><U25/><E117/><V8/><F104/><W109/><G128/><T133/><D126/><U11/><E124/><V44/><F10/><W26/><G109/><T110/><D133/><U43/><E131/><V47/><F34/><W98/><G26/><T6/><D40/><U35/><E43/><V91/><F58/><W53/><G86/><T42/><D42/><U92/><E78/><V73/><REACH who="2" step="1"/><F108/><REACH who="2" ten="218,507,220,45" step="2"/><W5/><G5/><AGARI ba="0,1" hai="5,8,15,28,29,44,46,47,73,76,82,91,93,96" machi="5" ten="40,5200,0" yaku="1,1,2,1,52,1,53,0" doraHai="105" doraHaiUra="121" who="2" fromWho="3" sc="218,0,507,0,220,62,45,-52" owari="218,-18.0,507,61.0,282,8.0,-7,-51.0" /></mjloggm>