<mjloggm ver="2.3"><GO type="41" lobby="0"/><UN n0="%E3%81%98%E3%82%87%E3%81%AB%E3%81%8A%E3%82%93%EF%BC%81%EF%BC%81" n1="%62%75%72%69%6E%69%74%79" n2="%E2%93%9D%53%75%70%68%78" n3="%64%65%76%69%6C%62%6F%79" dan="14,13,18,14" rate="2042.83,1846.02,2095.96,1947.96" sx="M,M,M,M"/><TAIKYOKU oya="0"/><INIT seed="0,0,0,1,3,26" ten="250,250,250,250" oya="0" hai0="41,116,6,80,108,75,3,38,128,114,50,78,85" hai1="122,123,127,70,28,94,102,71,98,76,23,96,63" hai2="103,67,31,84,36,59,118,2,40,112,99,119,74" hai3="35,25,52,54,56,12,131,39,97,92,29,77,33"/><T106/><D114/><U64/><E70/><V121/><F2/><W69/><G131/><T19/><D116/><U129/><E129/><V58/><F74/><W14/><G69/><T22/><D128/><U49/><E127/><V21/><F121/><W37/><G35/><T89/><D106/><U105/><E76/><V47/><F84/><W15/><G77/><T86/><D50/><U81/><E81/><V61/><F112/><W134/><G134/><T4/><D108/><U57/><E49/><V55/><F21/><W32/><G32/><T79/><D79/><U88/><E71/><V11/><F11/><W90/><REACH who="3" step="1"/><G54/><REACH who="3" ten="250,250,250,240" step="2"/><T18/><D78/><U133/><REACH who="1" step="1"/><E133/><REACH who="1" ten="250,240,250,240" step="2"/><V93/><F119/><W9/><G9/><T0/><D75/><U7/><E7/><V111/><F118/><W46/><G46/><T126/><D6/><U113/><E113/><V24/><F47/><W13/><N who="3" m="3072" /><DORA hai="68" /><W30/><G30/><T72/><D4/><U125/><E125/><V17/><F31/><W115/><G115/><T87/><D72/><U10/><E10/><V100/><F17/><W27/><G27/><AGARI ba="0,2" hai="23,27,28,57,63,64,88,94,96,98,102,105,122,123" machi="27" ten="40,5200,0" yaku="1,1,52,1,54,1,53,0" doraHai="26,68" doraHaiUra="110,8" who="1" fromWho="3" sc="250,0,240,72,250,0,240,-52" /><INIT seed="1,0,0,1,2,78" ten="250,312,250,188" oya="1" hai0="122,88,31,57,132,89,7,51,13,107,9,109,73" hai1="74,8,0,2,10,76,91,25,34,39,134,99,92" hai2="126,84,54,1,115,50,133,22,63,67,15,111,82" hai3="90,20,112,125,27,55,95,18,32,44,130,116,121"/><U101/><E39/><V102/><F1/><W87/><G121/><T58/><D109/><U16/><E134/><V83/><F111/><W62/><G125/><T24/><D107/><U38/><E38/><V12/><F115/><W96/><G130/><T56/><D132/><U49/><E49/><V5/><F102/><W4/><G112/><T66/><D73/><U37/><E37/><V75/><F75/><W81/><G116/><T124/><D124/><U93/><E76/><V48/><F84/><W59/><G32/><T86/><D66/><U65/><E74/><V110/><F110/><W105/><G105/><T114/><D114/><U26/><E65/><V113/><F50/><W123/><G123/><T77/><D51/><U100/><E34/><V47/><F126/><W19/><G44/><T3/><D3/><U17/><E99/><V129/><F129/><W29/><G4/><T117/><D117/><U14/><E14/><N who="2" m="5163" /><F113/><W21/><REACH who="3" step="1"/><G20/><REACH who="3" ten="250,312,250,178" step="2"/><N who="0" m="15751" /><D122/><U23/><REACH who="1" step="1"/><E23/><REACH who="1" ten="250,302,250,178" step="2"/><V70/><F22/><W46/><G46/><T71/><D71/><U42/><E42/><V64/><F133/><W120/><G120/><T28/><D56/><U104/><E104/><V108/><F108/><W43/><G43/><T35/><D57/><U40/><E40/><V85/><F70/><W98/><G98/><T6/><D58/><U69/><E69/><V131/><F131/><W94/><G94/><T41/><D41/><U128/><E128/><V119/><F47/><W11/><G11/><T60/><D9/><U72/><E72/><V103/><F119/><W36/><G36/><T106/><D106/><RYUUKYOKU ba="0,2" sc="250,-15,302,15,250,-15,178,15" hai1="0,2,8,10,16,17,25,26,91,92,93,100,101" hai3="18,19,21,27,29,55,59,62,81,87,90,95,96" /><INIT seed="1,1,2,1,5,73" ten="235,317,235,193" oya="1" hai0="17,64,56,122,74,83,125,92,46,9,24,102,29" hai1="98,19,6,116,27,96,109,28,101,36,21,99,49" hai2="50,126,23,61,104,131,119,72,12,95,93,66,40" hai3="111,90,39,88,71,69,107,108,7,123,32,3,52"/><U87/><E36/><V97/><F119/><W70/><G123/><T54/><D125/><U60/><E116/><V62/><F72/><W57/><G39/><T81/><D122/><U10/><E109/><N who="3" m="42058" /><G107/><T127/><D127/><U47/><E87/><V94/><F131/><W113/><G113/><T128/><D128/><U118/><E118/><V42/><F126/><W110/><G32/><T51/><D74/><U26/><E60/><N who="2" m="23147" /><F104/><W65/><N who="3" m="42066" /><W37/><DORA hai="0" /><G37/><T63/><D17/><U130/><E130/><V135/><F135/><W103/><G103/><T117/><D9/><U15/><E101/><V134/><F66/><W43/><G43/><N who="2" m="16425" /><F134/><W85/><G65/><T132/><D132/><U34/><REACH who="1" step="1"/><E99/><REACH who="1" ten="235,307,235,193" step="2"/><V5/><F97/><W13/><G85/><T14/><D117/><U77/><E77/><V22/><F50/><N who="3" m="30871" /><G3/><T120/><D102/><U41/><AGARI ba="1,3" hai="6,10,15,19,21,26,27,28,34,41,47,49,96,98" machi="41" ten="20,12000,1" yaku="1,1,0,1,7,1,52,1,53,1" doraHai="73,0" doraHaiUra="68,44" who="1" fromWho="1" sc="235,-41,307,153,235,-41,193,-41" /><INIT seed="1,2,0,2,2,84" ten="194,460,194,152" oya="1" hai0="102,51,67,40,120,128,22,36,25,42,9,21,18" hai1="63,68,83,95,45,80,64,85,105,112,72,115,59" hai2="26,119,19,122,35,96,78,54,28,20,74,118,97" hai3="113,106,3,127,134,104,91,89,66,81,48,131,29"/><U24/><E105/><V5/><F122/><W41/><G3/><T16/><D120/><U130/><E130/><V39/><F39/><W27/><G113/><T6/><D128/><U34/><E72/><V110/><F110/><W62/><G131/><T135/><D135/><U0/><E0/><V7/><F54/><W117/><G134/><T56/><D36/><U44/><E68/><V50/><F50/><W73/><G117/><T70/><D70/><U92/><E115/><V123/><F78/><W10/><G127/><T82/><D102/><U60/><E112/><V90/><F74/><W132/><G73/><T2/><D82/><U94/><E34/><V100/><F123/><W87/><G132/><T86/><D86/><U99/><E63/><V109/><F109/><W33/><G10/><T46/><D56/><U61/><E24/><V57/><F57/><W52/><G41/><T31/><D67/><U14/><E61/><V17/><F35/><W37/><G37/><T133/><D133/><U124/><E14/><V23/><F100/><W4/><G4/><T108/><D108/><U93/><E124/><V12/><F119/><W53/><G53/><T30/><REACH who="0" step="1"/><D40/><REACH who="0" ten="184,460,194,152" step="2"/><U47/><REACH who="1" step="1"/><E85/><REACH who="1" ten="184,450,194,152" step="2"/><V71/><F118/><W58/><G87/><T111/><D111/><U98/><E98/><V69/><F97/><W116/><G116/><T107/><D107/><U1/><E1/><V32/><F71/><N who="3" m="42455" /><G106/><T125/><D125/><U11/><E11/><V43/><F69/><W121/><G104/><T13/><AGARI ba="2,2" hai="2,6,9,13,16,18,21,22,25,30,31,42,46,51" machi="13" ten="20,5200,0" yaku="1,1,0,1,7,1,54,1,53,0" doraHai="84" doraHaiUra="76" who="0" fromWho="0" sc="184,78,450,-28,194,-15,152,-15" /><INIT seed="2,0,0,4,5,45" ten="262,422,179,137" oya="2" hai0="58,95,114,89,73,25,53,96,116,127,81,98,63" hai1="108,43,19,62,44,6,3,103,134,79,126,9,131" hai2="23,15,20,123,90,52,69,47,65,57,33,37,121" hai3="41,91,88,106,29,80,42,26,101,18,120,107,35"/><V130/><F33/><W124/><G120/><T113/><D127/><U85/><E126/><V51/><F130/><W93/><G124/><T83/><D116/><U39/><E131/><V132/><F132/><W68/><G68/><T128/><D128/><U71/><E134/><V30/><F23/><W125/><G125/><T74/><D98/><U22/><E108/><V59/><F90/><W76/><G91/><T27/><D27/><U8/><E103/><V133/><F133/><W48/><G18/><T10/><D10/><U112/><E112/><V75/><F75/><W82/><G101/><T32/><D74/><U0/><E85/><V92/><F92/><W119/><G119/><T50/><D63/><U14/><E79/><V77/><F77/><W78/><G107/><T4/><D4/><U1/><E9/><V5/><F5/><W102/><G102/><T111/><D111/><U61/><REACH who="1" step="1"/><E71/><REACH who="1" ten="262,412,179,137" step="2"/><V56/><F123/><W34/><G78/><T36/><D73/><U38/><E38/><V118/><F121/><W135/><G76/><T49/><D36/><U117/><E117/><V12/><F37/><W87/><G135/><T24/><D113/><U21/><E21/><V40/><F118/><W109/><G109/><T84/><D84/><U64/><E64/><V122/><F122/><W31/><G82/><N who="0" m="31243" /><D114/><U60/><AGARI ba="0,1" hai="0,1,3,6,8,14,19,22,39,43,44,60,61,62" machi="60" ten="30,4000,0" yaku="1,1,0,1,53,1" doraHai="45" doraHaiUra="16" who="1" fromWho="1" sc="262,-10,412,50,179,-20,137,-10" /><INIT seed="3,0,0,0,5,4" ten="252,462,159,127" oya="3" hai0="79,120,59,15,75,6,121,3,29,81,69,117,0" hai1="7,56,104,10,96,88,80,106,112,72,125,17,107" hai2="25,85,16,43,109,111,128,86,127,60,19,52,18" hai3="1,64,63,90,84,39,78,14,110,22,122,93,70"/><W92/><G122/><T118/><D69/><U13/><E112/><V97/><F43/><W119/><G119/><T40/><D40/><U26/><E125/><V44/><F127/><W5/><G1/><T61/><D29/><U77/><E56/><N who="2" m="34823" /><F128/><W65/><G39/><T33/><D33/><U132/><E132/><V115/><F115/><W116/><G116/><T12/><D117/><U94/><REACH who="1" step="1"/><E26/><REACH who="1" ten="252,452,159,127" step="2"/><V83/><F25/><W135/><G135/><T66/><D118/><U98/><E98/><V27/><F97/><W11/><G110/><N who="2" m="41993" /><F27/><W21/><G70/><T54/><D120/><U74/><E74/><V95/><F44/><W50/><G84/><T57/><D121/><U58/><E58/><V20/><F86/><W30/><G30/><T124/><D124/><U49/><E49/><V28/><F28/><W31/><G50/><T45/><D45/><U2/><E2/><V51/><F51/><W89/><G31/><T67/><D0/><U37/><E37/><V41/><F41/><W38/><G38/><T134/><D134/><U73/><E73/><V68/><F68/><W123/><G123/><T36/><D36/><U99/><E99/><V82/><F20/><W131/><G22/><T126/><D126/><U87/><E87/><V133/><F133/><W105/><G21/><T103/><D75/><U130/><E130/><V53/><F53/><W47/><G131/><T91/><D54/><U114/><E114/><V24/><F24/><W71/><G71/><T42/><D42/><U129/><E129/><V113/><F113/><W101/><G63/><T62/><D61/><RYUUKYOKU ba="0,1" sc="252,-15,452,15,159,15,127,-15" hai1="7,10,13,17,72,77,80,88,94,96,104,106,107" hai2="16,18,19,82,83,85,95" /><INIT seed="4,1,1,2,5,104" ten="237,467,174,112" oya="0" hai0="118,59,43,125,72,15,7,132,36,119,96,122,107" hai1="100,25,89,108,127,58,105,42,83,109,78,112,5" hai2="34,82,35,28,57,4,81,11,79,129,62,45,19" hai3="77,44,75,92,123,131,39,47,84,51,49,41,94"/><T56/><D122/><U13/><E42/><V52/><F129/><W22/><G75/><T88/><D36/><U9/><E25/><V130/><F130/><W1/><G131/><T14/><D43/><U103/><E58/><V61/><F82/><W124/><G123/><T12/><D7/><U55/><E55/><V97/><F28/><W73/><G1/><T120/><D120/><U27/><E27/><V3/><F97/><W117/><G117/><T99/><D125/><U87/><E127/><V86/><F19/><W53/><G124/><T40/><D40/><U76/><E112/><V71/><REACH who="2" step="1"/><F45/><REACH who="2" ten="237,467,164,112" step="2"/><W114/><G114/><T93/><D118/><U18/><E109/><V115/><F115/><W17/><G39/><T90/><D119/><U66/><E108/><V126/><F126/><W63/><G47/><T95/><D132/><U20/><E105/><V16/><F16/><W85/><G44/><T37/><D107/><U48/><E103/><V74/><F74/><W106/><G73/><T102/><D37/><U91/><E100/><V98/><F98/><W8/><G106/><T133/><D133/><U24/><E78/><V113/><F113/><W54/><G77/><T6/><D102/><U30/><E18/><V0/><F0/><W26/><G17/><T101/><D101/><U60/><E48/><V31/><F31/><W67/><G51/><T110/><D110/><U68/><AGARI ba="1,2" hai="5,9,13,20,24,30,60,66,68,76,83,87,89,91" machi="68" ten="20,1500,0" yaku="0,1,7,1" doraHai="104" who="1" fromWho="1" sc="237,-8,467,38,164,-5,112,-5" /><INIT seed="5,0,0,4,5,61" ten="229,505,159,107" oya="1" hai0="93,14,134,13,108,75,114,77,106,12,17,41,6" hai1="89,26,71,25,102,58,70,29,103,130,65,7,73" hai2="31,49,39,119,36,60,98,88,94,57,56,86,15" hai3="2,116,85,47,90,10,0,97,84,50,59,101,124"/><U34/><E73/><V27/><F119/><W115/><G124/><T5/><D114/><U18/><E130/><V53/><F15/><W72/><G115/><T91/><D108/><U20/><E7/><V3/><F3/><W132/><G72/><T48/><D106/><U35/><E35/><V129/><F129/><W121/><G132/><T126/><D126/><U19/><E19/><V33/><REACH who="2" step="1"/><F98/><REACH who="2" ten="229,505,149,107" step="2"/><W83/><G116/><T125/><D13/><U107/><E103/><V51/><F51/><W131/><G131/><T46/><D14/><U64/><E89/><V95/><F95/><W78/><G0/><T76/><D12/><U118/><E118/><V100/><F100/><W23/><G2/><T80/><D48/><U66/><REACH who="1" step="1"/><E58/><REACH who="1" ten="229,495,149,107" step="2"/><V135/><F135/><W42/><G59/><T32/><D134/><U113/><E113/><V68/><F68/><W123/><G101/><T9/><D5/><U117/><E117/><V28/><F28/><W45/><G90/><T110/><D91/><U128/><E128/><V69/><F69/><W127/><G127/><T8/><D6/><U52/><E52/><AGARI ba="0,2" hai="27,31,33,36,39,49,52,53,56,57,60,86,88,94" machi="52" ten="30,8000,1" yaku="1,1,7,1,54,2,53,1" doraHai="61" doraHaiUra="30" who="2" fromWho="1" sc="229,0,495,-80,149,100,107,0" /><INIT seed="6,0,0,3,4,71" ten="229,415,249,107" oya="2" hai0="63,77,34,65,32,82,43,118,117,75,21,60,31" hai1="19,93,86,40,6,78,39,125,72,131,35,38,0" hai2="50,66,48,57,16,13,41,56,121,1,89,5,62" hai3="85,100,61,129,135,133,23,37,107,22,46,108,91"/><V27/><F121/><W90/><G108/><T92/><D43/><U15/><E93/><V80/><F1/><W84/><G129/><T94/><D21/><N who="3" m="7689" /><G107/><T53/><D53/><U67/><E86/><N who="3" m="33386" /><G100/><T111/><D111/><U68/><E19/><V17/><F27/><W3/><G3/><T76/><D31/><U7/><E15/><V128/><F128/><W58/><G58/><T30/><D30/><U54/><E7/><V24/><F24/><W115/><G46/><T102/><D102/><U14/><E14/><V81/><F57/><W79/><G79/><T87/><D87/><U112/><E54/><V2/><F2/><W123/><G123/><T52/><D52/><U134/><E40/><V45/><F89/><N who="3" m="33803" /><G61/><T9/><D76/><U124/><E131/><V98/><F50/><W106/><G106/><T132/><D60/><N who="1" m="40039" /><E134/><N who="3" m="51210" /><G115/><T51/><D63/><U95/><E112/><V120/><F120/><W28/><G28/><T101/><D101/><U105/><E95/><V44/><F44/><W8/><G8/><T127/><D9/><N who="1" m="2247" /><E105/><V64/><F64/><W59/><G59/><T114/><D65/><U97/><E97/><V103/><F98/><W119/><G119/><T49/><D114/><U109/><E109/><V18/><REACH who="2" step="1"/><F103/><REACH who="2" ten="229,415,239,107" step="2"/><W104/><G104/><T122/><D122/><U26/><E26/><V83/><F83/><W74/><G74/><T99/><D75/><U33/><E72/><V4/><F4/><W88/><N who="3" m="33811" /><W96/><DORA hai="10" /><G96/><T29/><D132/><U12/><E78/><V73/><F73/><W130/><G130/><T110/><D99/><RYUUKYOKU ba="0,1" sc="229,-15,415,-15,239,15,107,15" hai2="5,13,16,17,18,41,45,48,56,62,66,80,81" hai3="37" /><INIT seed="6,1,1,2,4,126" ten="214,400,254,122" oya="2" hai0="52,24,4,5,3,37,0,21,1,20,130,41,25" hai1="131,19,29,96,97,85,71,55,15,44,115,13,99" hai2="76,80,111,91,42,47,28,63,11,116,36,26,134" hai3="119,83,18,110,49,51,69,127,56,43,81,113,35"/><V12/><F134/><W88/><G110/><T121/><D41/><U118/><E71/><V61/><F116/><W60/><G119/><T112/><D37/><U106/><E118/><V102/><F91/><W104/><G127/><T74/><D74/><U109/><E109/><V79/><F102/><W50/><G104/><T117/><D117/><U67/><E106/><V31/><F79/><W101/><G69/><T7/><D121/><U84/><E115/><V133/><F31/><W72/><G35/><T38/><D38/><U53/><E67/><V98/><F98/><W2/><G101/><T8/><D112/><U68/><E68/><V95/><F95/><W32/><G2/><N who="0" m="1131" /><D52/><N who="1" m="20043" /><E131/><V48/><F133/><W17/><G32/><T27/><D130/><U65/><E65/><V123/><F36/><W40/><G113/><T57/><D57/><U9/><E29/><V128/><F123/><W6/><G6/><AGARI ba="1,1" hai="3,4,5,6,7,8,20,21,24,25,27" m="1131" machi="6" ten="40,8000,1" yaku="35,5" doraHai="126" who="0" fromWho="3" sc="214,93,400,0,254,0,122,-83" /><INIT seed="7,0,0,3,0,113" ten="307,400,254,39" oya="3" hai0="94,51,35,32,79,95,83,123,71,25,104,125,4" hai1="17,80,114,58,132,47,16,85,86,93,111,122,67" hai2="7,69,59,124,109,98,3,55,5,56,33,128,116" hai3="57,73,64,108,14,115,49,61,27,81,90,29,34"/><W121/><G121/><T66/><D123/><U75/><E122/><V103/><F109/><W30/><G108/><T20/><D104/><U2/><E111/><V18/><F33/><W130/><G115/><T6/><D71/><U28/><E114/><V89/><F69/><W62/><G130/><T92/><D66/><U106/><E106/><V82/><F124/><W91/><G30/><T105/><D105/><U63/><E132/><V117/><F128/><W110/><G110/><T8/><D125/><U129/><E2/><V101/><F18/><W54/><G62/><T53/><D32/><U24/><E75/><V31/><F31/><W87/><G73/><T107/><D107/><U45/><E129/><V40/><F40/><W96/><G14/><T41/><D8/><U76/><E28/><V99/><F82/><W1/><G1/><T102/><D102/><U22/><E17/><V118/><F3/><W43/><G43/><T97/><D97/><N who="2" m="36874" /><F89/><AGARI ba="0,0" hai="16,22,24,45,47,58,63,67,76,80,85,86,89,93" machi="89" ten="40,2600,0" yaku="8,1,54,1" doraHai="113" who="1" fromWho="2" sc="307,0,400,26,254,-26,39,0" owari="307,11.0,426,52.0,228,-17.0,39,-46.0" /></mjloggm>