<mjloggm ver="2.3"><GO type="41" lobby="0"/><UN n0="%E3%83%A1%E3%82%AC%E3%83%8D%E6%8B%AD%E3%81%8D%E3%81%AE%E6%86%82%E9%AC%B1" n1="%E2%93%9D%53%75%70%68%78" n2="%E7%84%A1%E7%AD%8B%E9%96%8B%E6%8B%93%E3%83%9E%E3%82%B7%E3%83%BC%E3%83%B3" n3="%E3%83%88%E3%83%BC%E3%83%8F" dan="13,18,15,14" rate="1860.75,2089.33,1987.25,1855.56" sx="M,M,M,M"/><TAIKYOKU oya="0"/><INIT seed="0,0,0,4,4,29" ten="250,250,250,250" oya="0" hai0="13,121,107,52,6,122,35,106,64,60,51,113,96" hai1="8,38,132,129,83,30,123,47,48,1,110,94,75" hai2="19,91,128,18,103,22,12,15,58,9,81,62,10" hai3="87,86,55,124,71,53,101,74,2,85,34,70,11"/><T54/><D113/><U88/><E123/><V80/><F128/><W25/><G74/><T67/><D96/><U117/><E117/><V127/><F127/><W92/><G124/><T4/><D51/><U32/><E110/><V50/><F103/><W69/><G2/><T104/><D13/><U49/><E132/><V3/><F3/><W84/><G11/><T20/><D20/><U17/><E38/><V28/><F50/><W108/><G108/><T42/><D42/><U46/><E129/><V78/><F91/><W16/><N who="3" m="21504" /><DORA hai="131" /><W36/><G36/><T65/><D35/><U41/><E75/><V76/><F28/><W100/><G100/><T89/><D89/><U40/><E83/><V93/><F93/><W134/><G134/><T115/><D115/><U135/><E135/><V24/><F80/><W66/><G66/><T116/><D116/><U27/><E1/><V109/><F109/><W90/><G90/><T26/><D26/><U130/><E130/><V111/><F111/><W77/><G77/><T82/><D82/><U57/><E8/><V68/><F68/><W79/><G79/><T72/><D72/><U14/><E14/><V7/><REACH who="2" step="1"/><F81/><REACH who="2" ten="250,250,240,250" step="2"/><W112/><G112/><T98/><D98/><U102/><E102/><V21/><F21/><W99/><REACH who="3" step="1"/><G34/><REACH who="3" ten="250,250,240,240" step="2"/><T39/><D39/><U43/><E32/><V119/><F119/><W126/><G126/><T31/><D31/><U23/><E30/><V73/><F73/><W105/><G105/><T125/><D125/><U61/><E88/><V118/><F118/><W95/><G95/><T33/><D33/><RYUUKYOKU ba="0,2" sc="250,-15,250,-15,240,15,240,15" hai2="7,9,10,12,15,18,19,22,24,58,62,76,78" hai3="16,25,53,55,69,70,71,92,99,101" /><INIT seed="1,1,2,0,5,56" ten="235,235,255,255" oya="1" hai0="20,101,95,19,59,87,28,22,102,6,44,2,128" hai1="17,109,18,76,41,98,4,97,16,5,92,129,83" hai2="72,71,73,126,48,125,103,15,119,88,45,32,89" hai3="33,99,134,68,80,114,69,66,30,37,90,63,86"/><U35/><E35/><V62/><F119/><W52/><G114/><T0/><D128/><U34/><E34/><V53/><F32/><W55/><G37/><T117/><D117/><U122/><E122/><V39/><F103/><W106/><G134/><T127/><D6/><U111/><E41/><V23/><F39/><W54/><G33/><T130/><D44/><U132/><E129/><V58/><F71/><W75/><G75/><T108/><D130/><U12/><E132/><V49/><F49/><W107/><G30/><T113/><D113/><U131/><E131/><V57/><F57/><W29/><G29/><T67/><D28/><U84/><E12/><V21/><F72/><W26/><G26/><T104/><D104/><U121/><E121/><V78/><F78/><W65/><G99/><N who="1" m="37898" /><E92/><V27/><F73/><W3/><G3/><T82/><D0/><U112/><E112/><V70/><F70/><W85/><REACH who="3" step="1"/><G86/><REACH who="3" ten="235,235,255,245" step="2"/><T43/><D87/><U105/><E105/><V24/><F15/><W115/><G115/><T1/><D2/><U120/><E120/><V116/><F116/><W64/><G64/><T42/><D67/><U74/><E74/><V14/><F14/><W8/><G8/><T93/><D1/><U46/><E46/><V118/><F118/><W25/><G25/><N who="2" m="9801" /><F21/><W13/><G13/><T47/><D22/><U94/><E94/><V51/><F23/><W60/><AGARI ba="1,3" hai="52,54,55,60,63,65,66,68,69,80,85,90,106,107" machi="60" ten="30,12000,2" yaku="1,1,0,1,9,1,52,2,54,1,53,0" doraHai="56" doraHaiUra="36" who="3" fromWho="3" sc="235,-31,235,-61,255,-31,245,153" /><INIT seed="2,0,0,5,5,30" ten="204,174,224,398" oya="2" hai0="19,33,23,104,127,105,56,83,75,112,53,8,123" hai1="40,134,135,7,86,74,61,90,48,126,17,117,125" hai2="28,63,18,47,14,99,106,45,93,3,131,69,62" hai3="64,22,92,88,60,130,29,128,11,77,13,122,27"/><V5/><F131/><W21/><G122/><T51/><D123/><U10/><E74/><V72/><F72/><W87/><G77/><T84/><D112/><U96/><E61/><V124/><F124/><N who="1" m="47721" /><E17/><V107/><F28/><W116/><G116/><T91/><D75/><U2/><E96/><V71/><F5/><W109/><G109/><T114/><D127/><U35/><E117/><V38/><F3/><W119/><G119/><T32/><D114/><U58/><E58/><V79/><F79/><W1/><G1/><T120/><D8/><U9/><E9/><V94/><F38/><W95/><G95/><T115/><D120/><U118/><E118/><V39/><F39/><W24/><G24/><T129/><D129/><U26/><E48/><V66/><F18/><W16/><REACH who="3" step="1"/><G11/><REACH who="3" ten="204,174,224,388" step="2"/><T65/><D115/><U76/><E76/><V31/><F99/><W15/><G15/><T80/><D80/><N who="1" m="49479" /><E26/><V108/><F108/><W113/><G113/><T67/><D105/><U78/><E78/><V89/><F14/><W82/><G82/><T25/><REACH who="0" step="1"/><D104/><REACH who="0" ten="194,174,224,388" step="2"/><U55/><E10/><V54/><F107/><W68/><AGARI ba="0,2" hai="13,16,21,22,27,29,60,64,68,87,88,92,128,130" machi="68" ten="30,7900,0" yaku="1,1,0,1,54,2,53,0" doraHai="30" doraHaiUra="98" who="3" fromWho="3" sc="194,-20,174,-20,224,-39,388,99" /><INIT seed="3,0,0,3,2,61" ten="174,154,185,487" oya="3" hai0="13,130,22,5,121,112,134,116,124,111,19,68,53" hai1="106,87,74,107,52,46,43,21,32,50,14,48,89" hai2="115,8,119,40,25,101,54,91,63,83,12,88,47" hai3="76,26,23,41,104,31,11,66,72,71,59,44,7"/><W15/><G104/><T34/><D19/><U126/><E32/><V73/><F115/><W103/><G103/><T117/><D5/><U29/><E74/><V33/><F119/><W70/><G59/><T110/><D22/><U20/><E126/><V123/><F123/><W16/><G66/><T10/><D13/><U56/><E21/><V90/><F101/><W3/><G76/><T39/><D10/><U24/><REACH who="1" step="1"/><E14/><REACH who="1" ten="174,144,185,487" step="2"/><V135/><F73/><W35/><REACH who="3" step="1"/><G72/><REACH who="3" ten="174,144,185,477" step="2"/><T82/><D117/><U114/><E114/><V92/><F83/><AGARI ba="0,2" hai="20,24,29,43,46,48,50,52,56,83,87,89,106,107" machi="83" ten="30,3900,0" yaku="1,1,7,1,54,1,53,0" doraHai="61" doraHaiUra="28" who="1" fromWho="2" sc="174,0,144,59,185,-39,477,0" /><INIT seed="4,0,0,3,0,114" ten="174,203,146,477" oya="0" hai0="84,81,55,120,109,129,82,24,1,89,126,33,130" hai1="102,111,121,65,91,29,38,133,49,108,135,40,51" hai2="61,50,75,132,36,13,106,99,52,4,6,8,123" hai3="67,62,37,45,39,88,93,23,98,54,70,117,105"/><T12/><D120/><U94/><E102/><V18/><F132/><N who="1" m="50761" /><E29/><V10/><F36/><W41/><G117/><T124/><D1/><U79/><E79/><V20/><F123/><W3/><G3/><T15/><D109/><N who="1" m="42059" /><E121/><V104/><F75/><W19/><G105/><T100/><D100/><U17/><E17/><V16/><F61/><W95/><G95/><T60/><D82/><U22/><E22/><V80/><F80/><W28/><G28/><N who="0" m="19591" /><D60/><U69/><E91/><V74/><F74/><W64/><G64/><T73/><D55/><U110/><E94/><V44/><F99/><W97/><G54/><T92/><D92/><U83/><E83/><V112/><F112/><W131/><G131/><N who="0" m="50187" /><D73/><U128/><E128/><V26/><REACH who="2" step="1"/><F18/><REACH who="2" ten="174,203,136,477" step="2"/><W63/><G63/><T0/><D0/><AGARI ba="0,1" hai="0,4,6,8,10,13,16,20,26,44,50,52,104,106" machi="0" ten="30,12000,2" yaku="1,1,2,1,7,1,54,2,53,1" doraHai="114" doraHaiUra="14" who="2" fromWho="0" sc="174,-120,203,0,136,130,477,0" /><INIT seed="5,0,0,4,5,100" ten="54,203,266,477" oya="1" hai0="40,126,114,17,46,64,33,119,110,9,121,103,71" hai1="42,128,2,99,134,105,31,97,20,125,16,0,95" hai2="106,48,65,132,45,38,77,56,27,102,129,115,82" hai3="91,29,67,117,131,14,78,66,18,68,53,120,69"/><U28/><E42/><V35/><F38/><W90/><G29/><T107/><D17/><U79/><E79/><V101/><F101/><W54/><G18/><T104/><D9/><U36/><E36/><V26/><F65/><W25/><G78/><T81/><D46/><U118/><E118/><V111/><F111/><W63/><G63/><T123/><D64/><U15/><E134/><V10/><F56/><W87/><G87/><T41/><D81/><U83/><E125/><V89/><F132/><W74/><G25/><T75/><D40/><U130/><E83/><V43/><F89/><W52/><G53/><T61/><D41/><U34/><E105/><V133/><F133/><W1/><G14/><T124/><D103/><N who="1" m="60863" /><E99/><V116/><F116/><W98/><G98/><T76/><D61/><U5/><E5/><V92/><F92/><W51/><G51/><T80/><D80/><U94/><E94/><V55/><F55/><W32/><G90/><T22/><D22/><U93/><E93/><V96/><F27/><W84/><G54/><T8/><D8/><U47/><E47/><V86/><F26/><W11/><G91/><T58/><D58/><U50/><E50/><V109/><F109/><W85/><G84/><T19/><D76/><U127/><E127/><V70/><F70/><W112/><G69/><T59/><D126/><U21/><E21/><V49/><F49/><W13/><G85/><T62/><D119/><U60/><E60/><V4/><F35/><W73/><G68/><T72/><D124/><U6/><E34/><V12/><F129/><N who="1" m="49769" /><E6/><V3/><F3/><AGARI ba="0,0" hai="0,2,3,15,16,20,28,31" m="49769,60863" machi="3" ten="30,5800,0" yaku="6,1,19,1,54,1" doraHai="100" who="1" fromWho="2" sc="54,0,203,58,266,-58,477,0" /><INIT seed="5,1,0,1,2,16" ten="54,261,208,477" oya="1" hai0="131,81,74,120,63,115,42,85,1,117,57,12,76" hai1="104,78,64,113,106,50,129,66,68,90,15,61,93" hai2="32,49,118,69,114,100,36,31,70,102,84,3,97" hai3="47,86,51,119,54,91,39,53,27,48,65,72,109"/><U17/><E113/><V105/><F36/><W11/><G109/><T133/><D117/><U116/><E116/><V25/><F118/><W92/><G119/><T130/><D1/><U6/><E129/><N who="0" m="49161" /><D42/><U132/><E132/><V122/><F122/><W43/><G72/><T126/><D57/><U135/><E6/><V71/><F3/><W59/><G11/><T77/><D12/><U30/><E78/><N who="0" m="30313" /><D63/><U35/><E66/><V22/><F102/><W99/><G65/><T128/><N who="0" m="49169" /><T40/><DORA hai="103" /><D40/><U83/><E50/><V98/><F98/><W134/><G134/><T79/><D133/><U96/><E135/><V124/><F124/><W44/><G99/><T67/><D67/><U112/><E112/><V89/><F114/><W101/><G101/><T34/><D34/><U14/><E14/><V46/><F32/><W60/><G27/><T110/><D115/><U87/><E35/><V73/><F73/><W2/><G2/><T26/><D26/><U107/><E15/><V62/><F62/><W94/><G39/><T88/><D110/><U33/><E33/><V125/><F125/><W58/><G58/><T111/><D126/><U23/><E61/><V8/><F8/><W10/><G10/><T95/><D111/><U123/><E64/><V55/><REACH who="2" step="1"/><F71/><REACH who="2" ten="54,261,198,477" step="2"/><W29/><REACH who="3" step="1"/><G29/><REACH who="3" ten="54,261,198,467" step="2"/><T82/><D82/><AGARI ba="1,2" hai="22,25,31,46,49,55,69,70,82,84,89,97,100,105" machi="82" ten="30,12000,2" yaku="1,1,2,1,7,1,52,2,53,2" doraHai="16,103" doraHaiUra="18,45" who="2" fromWho="0" sc="54,-123,261,0,198,143,467,0" /><AGARI ba="1,0" hai="43,44,47,48,51,53,54,59,60,82,86,91,92,94" machi="82" ten="30,12000,2" yaku="1,1,2,1,7,1,8,1,53,2" doraHai="16,103" doraHaiUra="18,45" who="3" fromWho="0" sc="-69,-120,261,0,341,0,467,120" owari="-189,-69.0,261,-14.0,341,14.0,587,69.0" /></mjloggm>