<mjloggm ver="2.3"><GO type="41" lobby="0"/><UN n0="%6D%69%79%6D%6F" n1="%54%6F%72%6F%79%61%70%64" n2="%E2%93%9D%53%75%70%68%78" n3="%E3%81%B4%E3%81%AE" dan="13,15,17,14" rate="1963.96,2006.24,2034.96,1976.15" sx="M,M,M,M"/><TAIKYOKU oya="0"/><INIT seed="0,0,0,3,1,9" ten="250,250,250,250" oya="0" hai0="47,99,68,72,48,50,130,1,13,52,97,106,60" hai1="42,73,65,31,18,121,34,58,67,16,15,96,6" hai2="26,41,122,20,49,105,108,5,128,119,78,104,51" hai3="132,86,94,64,35,36,126,123,4,74,75,46,116"/><T135/><D1/><U127/><E121/><V69/><F122/><W82/><G35/><T70/><D72/><N who="3" m="27689" /><G64/><N who="1" m="24650" /><E73/><V37/><F128/><W33/><G46/><T53/><D130/><U43/><E34/><V83/><F108/><W81/><G4/><T107/><D135/><U111/><E111/><V12/><F119/><W102/><G33/><T22/><D107/><U62/><E127/><V38/><F69/><W133/><G36/><T93/><D70/><U7/><E31/><V118/><F118/><W114/><G116/><T109/><D109/><U129/><E129/><V57/><F38/><W100/><G123/><T110/><D110/><U14/><E96/><V28/><F37/><W131/><G131/><T21/><D68/><U80/><E80/><N who="3" m="30826" /><G114/><T101/><D60/><U30/><E30/><V8/><F51/><W32/><G32/><T61/><D61/><U89/><E89/><V77/><F77/><W39/><G39/><T120/><D120/><U27/><E27/><V85/><F57/><W0/><G0/><T40/><D40/><N who="1" m="15403" /><E6/><V44/><AGARI ba="0,0" hai="5,8,12,20,26,28,41,44,49,78,83,85,104,105" machi="44" ten="30,7900,0" yaku="0,1,25,2,52,1" doraHai="9" who="2" fromWho="2" sc="250,-39,250,-20,250,79,250,-20" /><INIT seed="1,0,0,1,0,98" ten="211,230,329,230" oya="1" hai0="79,119,76,113,28,92,80,115,30,13,37,127,51" hai1="93,69,33,89,12,85,112,129,88,74,87,43,20" hai2="135,99,63,84,62,34,14,44,4,94,101,26,110" hai3="124,64,31,78,83,132,40,104,126,120,71,122,25"/><U86/><E33/><V70/><F110/><W46/><G104/><T77/><D119/><U67/><E112/><V17/><F135/><W102/><G132/><T27/><D127/><N who="3" m="48681" /><G64/><T24/><D37/><U42/><E129/><V118/><F70/><W128/><G71/><T9/><D80/><U5/><E74/><V125/><F118/><W66/><G66/><T95/><D113/><U23/><E69/><V45/><F4/><W105/><G128/><T107/><D107/><U0/><E0/><V121/><F121/><W1/><G1/><T39/><D39/><U97/><E67/><V81/><F26/><W7/><G7/><T10/><D115/><U59/><E59/><V108/><F108/><W19/><G19/><T65/><D65/><U6/><E89/><N who="2" m="51343" /><F34/><N who="3" m="20847" /><G102/><T130/><D130/><U55/><E55/><V73/><F73/><N who="3" m="43471" /><G105/><T2/><D2/><U111/><E111/><V91/><F91/><W109/><G109/><T106/><D106/><U82/><E82/><V22/><F125/><W11/><G11/><N who="0" m="4107" /><D51/><AGARI ba="0,0" hai="40,46,51,120,122" m="43471,20847,48681" machi="51" ten="30,1000,0" yaku="18,1" doraHai="98" who="3" fromWho="0" sc="211,-10,230,0,329,0,230,10" /><INIT seed="2,0,0,3,2,36" ten="201,230,329,240" oya="2" hai0="85,7,69,109,75,104,27,102,97,41,131,90,74" hai1="129,24,96,26,79,77,66,92,119,55,118,18,76" hai2="42,33,108,124,68,117,93,81,135,58,2,3,133" hai3="110,106,134,120,37,30,21,78,94,6,44,91,14"/><V128/><F117/><W8/><G120/><T72/><D109/><U5/><E129/><V9/><F68/><W22/><G106/><T82/><D131/><U67/><E5/><V0/><F128/><W86/><G110/><T17/><D69/><U80/><E80/><V23/><F33/><W11/><G134/><N who="2" m="51209" /><F124/><W130/><G130/><T43/><REACH who="0" step="1"/><D7/><REACH who="0" ten="191,230,329,240" step="2"/><U99/><E119/><V127/><F108/><W38/><G6/><T103/><D103/><U114/><E118/><V63/><F127/><W70/><G70/><T60/><D60/><U88/><E114/><V116/><F116/><W51/><G37/><T48/><D48/><U71/><E71/><V20/><F63/><W64/><G51/><T123/><D123/><U115/><E115/><V125/><F125/><W25/><G38/><T52/><D52/><U34/><E55/><V132/><F132/><W39/><G39/><T46/><D46/><U53/><E53/><V87/><F58/><W83/><G44/><T40/><D40/><U84/><E67/><V61/><F42/><W126/><G64/><T29/><D29/><U122/><E122/><V107/><F61/><W19/><REACH who="3" step="1"/><G126/><REACH who="3" ten="191,230,329,230" step="2"/><T4/><D4/><U65/><E65/><V28/><F3/><W62/><G62/><T13/><D13/><U57/><E66/><V35/><F2/><W89/><G89/><T100/><D100/><U95/><E57/><V12/><F0/><W113/><G113/><T16/><D16/><U121/><E121/><V111/><F111/><W98/><AGARI ba="0,2" hai="8,11,14,19,21,22,25,30,78,83,86,91,94,98" machi="98" ten="20,5200,0" yaku="1,1,0,1,7,1,8,1,53,0" doraHai="36" doraHaiUra="1" who="3" fromWho="3" sc="191,-13,230,-13,329,-26,230,72" /><INIT seed="3,0,0,5,3,111" ten="178,217,303,302" oya="3" hai0="24,25,46,20,8,97,30,39,5,108,16,68,64" hai1="40,44,37,127,71,6,3,118,32,99,84,61,88" hai2="130,103,19,83,87,58,100,126,0,96,132,79,116" hai3="38,128,62,95,48,81,105,56,113,55,93,110,18"/><W2/><G105/><T125/><D108/><U98/><E127/><V91/><F0/><W106/><G106/><T13/><D125/><U51/><E118/><V94/><F126/><W92/><G110/><T34/><D68/><U17/><E32/><V4/><F4/><W134/><G38/><T41/><D64/><U54/><E6/><V12/><F130/><W63/><G2/><T120/><D120/><U67/><E17/><V28/><F132/><W57/><G128/><T26/><REACH who="0" step="1"/><D97/><REACH who="0" ten="168,217,303,302" step="2"/><U15/><E99/><V85/><F116/><W22/><G134/><T133/><D133/><U35/><E98/><V109/><F109/><W135/><G135/><T59/><D59/><U80/><E3/><AGARI ba="0,1" hai="3,5,8,13,16,20,24,25,26,30,34,39,41,46" machi="3" ten="30,12000,2" yaku="1,1,7,1,24,2,54,1,53,1" doraHai="111" doraHaiUra="1" who="0" fromWho="1" sc="168,130,217,-120,303,0,302,0" /><INIT seed="4,0,0,2,3,3" ten="298,97,303,302" oya="0" hai0="78,118,55,116,112,100,81,104,42,30,9,74,105" hai1="37,124,15,117,93,133,77,47,22,130,61,119,43" hai2="86,53,23,91,99,113,69,29,2,67,49,59,1" hai3="83,56,60,24,57,103,18,28,89,44,108,20,0"/><T87/><D112/><U115/><E77/><V120/><F120/><W14/><G108/><T84/><D42/><U121/><E93/><V58/><F69/><W41/><G0/><T63/><D30/><U10/><E121/><V80/><F113/><W109/><G109/><T68/><D68/><U85/><E85/><N who="0" m="32841" /><D9/><U52/><E115/><V39/><F39/><W94/><G83/><T38/><D38/><U50/><E22/><V34/><F34/><W90/><G41/><T106/><D55/><U25/><E25/><V16/><F29/><W125/><G44/><T111/><D63/><U128/><E133/><V101/><F67/><N who="3" m="39303" /><G57/><T21/><D21/><U8/><E8/><V46/><F59/><W129/><G14/><T5/><D5/><N who="1" m="3535" /><E61/><V65/><F65/><W11/><G20/><T54/><D54/><U26/><E26/><V127/><F58/><W135/><G24/><T32/><D32/><U131/><E124/><V70/><F127/><W7/><G125/><T79/><D111/><U92/><E92/><V132/><F70/><W96/><G11/><T107/><D79/><U6/><E6/><V48/><F2/><W19/><G7/><T114/><D114/><U66/><E66/><V27/><F1/><W73/><G28/><T122/><D122/><U110/><E110/><V13/><F27/><W98/><G18/><T126/><D126/><U76/><E76/><V71/><F71/><W4/><G19/><T102/><N who="0" m="26624" /><DORA hai="134" /><T40/><D40/><U33/><E33/><V45/><F16/><W97/><G4/><T123/><D123/><U12/><E12/><RYUUKYOKU ba="0,0" sc="298,15,97,15,303,-15,302,-15" hai0="74,78,81,100,102,116,118" hai1="37,43,47,50,52,117,119,128,130,131" /><INIT seed="4,1,0,5,5,22" ten="313,112,288,287" oya="0" hai0="3,11,51,16,131,102,34,18,7,81,64,2,27" hai1="69,111,25,77,87,52,133,9,117,114,85,118,128" hai2="49,96,80,66,5,46,78,13,58,100,105,44,20" hai3="84,112,107,67,53,36,124,116,90,8,19,89,113"/><T65/><D131/><U24/><E111/><V61/><F49/><W35/><G116/><T74/><D2/><U72/><E69/><V68/><F68/><W42/><G107/><T1/><D1/><U54/><E72/><V14/><F14/><N who="3" m="7623" /><G35/><T91/><D102/><U23/><E9/><V26/><F13/><W135/><G67/><T37/><D37/><U104/><E104/><V126/><F126/><W97/><G124/><T28/><D51/><U43/><E43/><V15/><F15/><W47/><G135/><T21/><D18/><U48/><E54/><V63/><F63/><W115/><G97/><T40/><D40/><U129/><E23/><V106/><F106/><W108/><G108/><T127/><D127/><U119/><E133/><V57/><F57/><W88/><G53/><T98/><D98/><U73/><E73/><V132/><F5/><W70/><G70/><T59/><D59/><N who="1" m="33159" /><E114/><V123/><F132/><W125/><G125/><T120/><D120/><U10/><E10/><V130/><F123/><W50/><G36/><T110/><D110/><U109/><E109/><V76/><F130/><N who="1" m="50281" /><E87/><AGARI ba="1,0" hai="42,47,50,84,87,88,89,90,112,113,115" m="7623" machi="87" ten="40,2600,0" yaku="15,1,54,1" doraHai="22" who="3" fromWho="1" sc="313,0,112,-29,288,0,287,29" /><INIT seed="5,0,0,5,1,45" ten="313,83,288,316" oya="1" hai0="122,63,105,40,41,26,37,69,131,59,125,135,90" hai1="91,85,102,6,103,1,79,92,57,12,119,104,7" hai2="68,81,58,60,111,31,47,74,109,19,121,86,108" hai3="84,127,28,2,99,53,120,39,65,116,43,8,132"/><U64/><E119/><V129/><F74/><W33/><G65/><T0/><D131/><U9/><E79/><V115/><F31/><W44/><G120/><T118/><D118/><U134/><E134/><V128/><F19/><W75/><G84/><T51/><D0/><U87/><E104/><V72/><F72/><W36/><G53/><T5/><D5/><N who="1" m="3119" /><E1/><V24/><F24/><W117/><G36/><T38/><D26/><U123/><E123/><V77/><F121/><W100/><G75/><T70/><D90/><N who="1" m="53327" /><E6/><V82/><F82/><W30/><G132/><T124/><D105/><U46/><E7/><V67/><F115/><W49/><G39/><N who="0" m="14859" /><D122/><U14/><E14/><V97/><F97/><W73/><G73/><T52/><D135/><U126/><E126/><N who="0" m="48745" /><D63/><N who="1" m="37999" /><E46/><V66/><F47/><W11/><G44/><T10/><D10/><U27/><E27/><V107/><F107/><W71/><G8/><T35/><D35/><U13/><E13/><V3/><F3/><W88/><G11/><T78/><D78/><U32/><E32/><V61/><AGARI ba="0,0" hai="58,60,61,66,67,68,77,81,86,108,109,111,128,129" machi="61" ten="40,1500,0" yaku="0,1" doraHai="45" who="2" fromWho="2" sc="313,-4,83,-7,288,15,316,-4" /><INIT seed="6,0,0,2,1,128" ten="309,76,303,312" oya="2" hai0="69,76,42,106,117,95,68,14,21,9,88,118,130" hai1="13,44,81,86,112,52,22,80,67,97,19,82,87" hai2="20,23,45,133,91,41,58,108,47,17,102,53,12" hai3="3,38,103,7,60,6,0,109,83,10,113,33,116"/><V26/><F108/><W99/><G109/><T121/><D121/><U55/><E112/><V89/><F102/><W16/><G38/><T92/><D106/><U43/><E67/><V57/><F133/><W78/><G33/><T54/><D130/><U39/><E97/><V37/><F47/><W110/><G110/><T125/><D125/><U40/><E40/><V50/><REACH who="2" step="1"/><F58/><REACH who="2" ten="309,76,293,312" step="2"/><W132/><G103/><T34/><D118/><U24/><E24/><V85/><F85/><W8/><G132/><T70/><D117/><U4/><E4/><V90/><F90/><W35/><G7/><T100/><D70/><U71/><E71/><V5/><F5/><W61/><G6/><T131/><D69/><U46/><E44/><V124/><F124/><W62/><G116/><T74/><D68/><U123/><E123/><V75/><F75/><W65/><G113/><T1/><D74/><U31/><E31/><AGARI ba="0,1" hai="12,17,20,23,26,31,37,41,45,50,53,57,89,91" machi="31" ten="30,5800,0" yaku="1,1,7,1,53,1" doraHai="128" doraHaiUra="51" who="2" fromWho="1" sc="309,0,76,-58,293,68,312,0" /><INIT seed="6,1,0,1,5,56" ten="309,18,361,312" oya="2" hai0="99,101,129,122,85,30,55,82,61,69,81,2,128" hai1="70,121,65,131,43,94,89,97,105,90,25,11,14" hai2="108,35,28,26,7,86,12,6,23,63,48,44,31" hai3="1,58,60,103,15,34,32,134,79,87,110,50,76"/><V0/><F108/><W36/><G36/><T125/><D122/><U88/><E131/><N who="0" m="50249" /><D2/><U64/><E121/><V13/><F86/><W9/><G1/><T21/><D125/><U57/><E70/><V33/><F63/><W114/><G110/><T74/><D74/><U123/><E123/><V67/><F48/><W52/><G134/><T102/><D102/><U75/><E75/><V3/><F67/><N who="3" m="39319" /><G32/><N who="2" m="12361" /><F44/><N who="3" m="27719" /><G34/><T42/><D42/><U72/><E72/><V107/><F107/><W29/><G29/><N who="2" m="11337" /><F3/><W109/><G109/><T106/><D85/><U132/><E105/><V22/><F0/><W130/><G130/><T8/><D81/><U20/><E132/><V62/><F62/><W19/><G103/><T4/><D82/><U10/><E43/><V91/><F26/><W93/><G114/><T68/><D99/><U38/><E38/><V127/><F127/><W80/><G93/><T83/><D83/><U49/><E25/><V104/><F104/><W39/><G39/><T18/><D101/><U51/><E51/><V115/><F115/><W59/><G59/><T16/><D69/><U54/><E65/><V53/><F53/><W45/><G45/><T46/><D68/><U92/><E64/><V41/><F41/><W40/><G40/><T24/><D106/><U98/><REACH who="1" step="1"/><E90/><AGARI ba="1,0" hai="9,15,19,76,79,80,87,90" m="27719,39319" machi="90" ten="30,7700,0" yaku="25,1,8,1,52,1,54,1" doraHai="56" who="3" fromWho="1" sc="309,0,18,-80,361,0,312,80" owari="309,-9.0,-62,-56.0,361,16.0,392,49.0" /></mjloggm>