<mjloggm ver="2.3"><GO type="41" lobby="0"/><UN n0="%E3%83%8F%E3%83%9E%E3%81%AE%E4%BC%9D%E9%81%93%E5%B8%AB" n1="%E2%93%9D%53%75%70%68%78" n2="%6F%79%61%6A%69%6D%61%6E" n3="%E3%82%88%E3%81%97%E9%BA%BF" dan="14,18,13,14" rate="1898.98,2131.13,1860.38,1891.51" sx="M,M,M,M"/><TAIKYOKU oya="0"/><INIT seed="0,0,0,2,1,119" ten="250,250,250,250" oya="0" hai0="14,11,100,48,63,107,45,116,51,20,13,26,25" hai1="127,57,122,80,118,120,69,103,15,130,46,49,75" hai2="76,44,126,106,7,2,33,117,6,59,4,96,5" hai3="56,55,133,97,66,38,94,28,68,91,22,64,115"/><T98/><D116/><U53/><E103/><V61/><F33/><W77/><G38/><T39/><D39/><U134/><E15/><V36/><F117/><W70/><G77/><T27/><D20/><U112/><E118/><V54/><F126/><W110/><G115/><T83/><D14/><U123/><E80/><V129/><F129/><W50/><G110/><T24/><D63/><U124/><E75/><V93/><F106/><W85/><G133/><T79/><N who="0" m="6144" /><DORA hai="90" /><T131/><D45/><U73/><E73/><V23/><F76/><W8/><G28/><T3/><D3/><U114/><E69/><V31/><F31/><W62/><G22/><T111/><D111/><U52/><E130/><V12/><N who="2" m="1024" /><DORA hai="37" /><V60/><F2/><W17/><G17/><T121/><D121/><U78/><E78/><V65/><F36/><W30/><G30/><T88/><D88/><U84/><E84/><V81/><F81/><W108/><G8/><T82/><D82/><U21/><E134/><V132/><F132/><W32/><G32/><T35/><D35/><U18/><E18/><N who="2" m="10695" /><F44/><W113/><G108/><T74/><REACH who="0" step="1"/><D131/><REACH who="0" ten="240,250,250,250" step="2"/><U10/><E21/><V34/><F34/><W89/><G113/><N who="1" m="43626" /><E10/><V19/><F19/><AGARI ba="0,1" hai="11,13,19,48,51,74,79,83,98,100,107" m="6144" machi="19" ten="50,9600,0" yaku="1,1,53,2" doraHai="119,90,37" doraHaiUra="72,16,101" who="0" fromWho="2" sc="240,106,250,0,250,-96,250,0" /><INIT seed="0,1,0,0,4,41" ten="346,250,154,250" oya="0" hai0="17,39,0,119,88,63,13,19,98,87,26,57,55" hai1="129,120,61,82,66,80,60,10,96,123,71,112,95" hai2="118,42,51,34,67,102,4,43,113,85,31,121,75" hai3="100,48,3,52,105,44,79,35,23,107,133,99,59"/><T77/><D0/><U101/><E129/><V40/><F75/><W8/><G35/><T65/><D39/><U68/><E112/><V21/><F113/><W122/><G122/><T12/><D119/><U2/><E2/><V16/><F121/><W124/><G124/><T1/><D1/><U28/><E10/><V73/><F73/><W83/><G133/><T111/><D77/><U50/><E28/><V45/><F118/><W81/><G3/><T29/><D98/><U53/><E123/><V22/><F34/><W46/><G8/><T38/><D38/><U90/><E120/><V115/><F4/><W14/><G107/><T93/><D111/><U84/><E61/><V15/><F115/><W72/><REACH who="3" step="1"/><G83/><REACH who="3" ten="346,250,154,240" step="2"/><T9/><D29/><U132/><E132/><V64/><F102/><W69/><G69/><T6/><D26/><U103/><E71/><V89/><F64/><W134/><G134/><T32/><D32/><U78/><REACH who="1" step="1"/><E82/><REACH who="1" ten="346,240,154,240" step="2"/><N who="2" m="49335" /><F67/><W116/><G116/><T70/><D13/><U25/><E25/><AGARI ba="1,2" hai="15,16,21,22,25,31,40,42,43,45,51" m="49335" machi="25" ten="30,3900,0" yaku="8,1,52,1,54,1" doraHai="41" who="2" fromWho="1" sc="346,0,240,-42,154,62,240,0" /><INIT seed="1,0,0,2,1,133" ten="346,198,216,240" oya="1" hai0="86,123,114,6,83,60,19,41,75,1,108,105,8" hai1="15,17,132,48,69,49,79,32,56,13,12,26,115" hai2="37,94,55,39,90,130,112,57,125,134,89,47,53" hai3="18,9,67,74,70,102,54,5,30,11,22,3,34"/><U43/><E115/><V124/><F134/><W85/><G74/><T111/><D105/><U38/><E132/><V98/><F130/><W58/><G70/><T65/><D19/><U25/><E69/><V128/><F128/><W44/><G67/><T99/><D99/><U33/><E38/><V23/><F112/><W21/><G102/><T101/><D114/><U72/><E79/><V97/><F23/><W122/><G122/><T88/><D101/><U46/><E72/><V14/><F14/><W107/><G107/><T121/><D41/><U81/><E81/><V16/><F47/><W52/><G34/><T29/><D29/><U82/><E82/><V59/><F94/><W116/><G116/><T109/><REACH who="0" step="1"/><D75/><REACH who="0" ten="336,198,216,240" step="2"/><U68/><E17/><AGARI ba="0,1" hai="16,17,37,39,53,55,57,59,89,90,97,98,124,125" machi="17" ten="25,8000,1" yaku="22,2,52,2,54,1" doraHai="133" who="2" fromWho="1" sc="336,0,198,-80,216,90,240,0" /><INIT seed="2,0,0,2,0,26" ten="336,118,306,240" oya="2" hai0="74,121,15,60,75,99,105,43,45,133,93,91,31" hai1="22,86,54,39,132,108,71,48,16,113,94,0,1" hai2="12,34,65,56,8,19,30,3,46,7,70,49,63" hai3="123,101,103,106,44,73,96,116,129,4,36,117,124"/><V111/><F111/><W115/><G123/><T64/><D133/><U28/><E39/><V42/><F34/><W100/><G4/><T89/><D105/><U33/><E71/><V25/><F25/><W13/><G117/><T125/><D125/><U82/><E113/><V38/><F3/><W10/><G115/><T97/><D15/><U14/><E108/><V50/><F50/><W51/><G129/><T104/><D31/><U72/><E72/><V80/><F80/><W114/><G114/><T61/><D61/><U126/><E132/><V88/><F88/><W6/><G124/><T107/><D107/><U68/><E68/><V109/><F109/><W79/><G116/><T9/><D9/><U76/><E126/><V59/><F59/><W52/><REACH who="3" step="1"/><G36/><REACH who="3" ten="336,118,306,230" step="2"/><T41/><D121/><U119/><E119/><V84/><F7/><W85/><G85/><T23/><D74/><U118/><E118/><V11/><F84/><W21/><G21/><T62/><D75/><U128/><E128/><V83/><F83/><AGARI ba="0,1" hai="6,10,13,44,51,52,73,79,83,96,100,101,103,106" machi="83" ten="40,2600,0" yaku="1,1,54,1,53,0" doraHai="26" doraHaiUra="135" who="3" fromWho="2" sc="336,0,118,0,306,-26,230,36" /><INIT seed="3,0,0,1,1,125" ten="336,118,280,266" oya="3" hai0="19,64,7,55,34,67,135,110,73,103,50,21,18" hai1="82,71,43,33,93,129,62,120,77,35,90,70,60" hai2="78,56,107,132,46,40,102,16,91,66,114,97,2" hai3="96,38,105,87,29,95,111,45,42,109,128,9,36"/><W63/><G128/><T24/><D34/><U69/><E120/><V89/><F2/><W39/><G105/><T11/><D73/><U106/><E106/><V0/><F0/><W49/><G29/><T131/><D135/><U4/><E4/><V74/><F114/><W53/><G9/><T86/><D110/><N who="3" m="41993" /><G87/><T26/><D103/><U8/><E43/><V5/><F5/><W75/><G75/><T17/><D131/><U27/><E8/><V118/><F132/><W84/><G84/><T31/><D26/><U25/><E129/><V113/><F118/><W124/><G124/><T68/><D68/><U127/><E127/><V112/><F113/><W20/><G20/><T10/><D86/><U115/><E115/><V76/><F76/><W41/><G63/><T3/><D11/><U65/><E77/><V1/><F1/><W123/><G123/><T116/><D116/><U37/><E62/><V47/><F47/><W79/><G79/><T22/><D21/><U52/><E35/><V85/><F112/><W100/><AGARI ba="0,0" hai="36,38,39,41,42,45,49,53,95,96,100" m="41993" machi="100" ten="40,3900,0" yaku="14,1,10,1" doraHai="125" who="3" fromWho="3" sc="336,-13,118,-13,280,-13,266,39" /><INIT seed="3,1,0,3,1,23" ten="323,105,267,305" oya="3" hai0="93,96,2,128,55,98,58,3,67,69,45,112,15" hai1="74,79,22,114,7,17,95,5,21,0,104,80,54" hai2="57,102,106,24,38,14,20,88,100,36,4,35,66" hai3="49,28,11,76,64,85,97,29,129,82,1,16,51"/><W42/><G129/><T37/><D128/><U65/><E104/><V72/><F35/><W87/><G64/><T75/><D75/><U12/><E114/><V135/><F72/><W10/><G1/><T61/><D15/><U33/><E33/><V92/><F135/><W68/><G68/><T59/><D59/><U30/><E65/><V108/><F108/><W109/><G109/><T132/><D98/><U40/><E40/><V123/><F123/><W50/><G97/><T6/><D6/><U81/><E95/><V131/><F131/><W26/><G29/><T89/><D112/><U43/><E43/><V116/><F116/><W115/><G115/><T127/><D127/><U47/><E0/><V32/><F32/><W101/><G101/><T84/><D96/><U126/><E81/><V13/><F38/><W118/><G118/><T107/><D107/><U46/><E126/><V78/><F36/><W63/><G63/><T119/><D132/><U39/><E39/><V99/><F78/><W120/><G28/><T73/><D73/><U105/><E105/><V130/><F130/><W86/><G120/><T133/><D133/><U111/><E111/><V121/><F121/><W41/><G76/><T53/><D119/><U90/><E90/><V31/><F4/><N who="1" m="1609" /><E54/><N who="0" m="20489" /><D69/><U117/><E117/><V94/><F106/><W134/><G134/><T19/><D19/><U77/><E77/><V62/><F102/><W34/><G82/><T71/><D71/><U91/><E91/><V56/><F56/><W110/><G34/><T8/><D2/><U70/><E70/><V122/><F122/><RYUUKYOKU ba="1,0" sc="323,-15,105,15,267,15,305,-15" hai1="12,17,21,22,30,46,47,74,79,80" hai2="13,14,20,24,31,57,62,66,88,92,94,99,100" /><INIT seed="4,2,0,3,4,7" ten="308,120,282,290" oya="0" hai0="62,102,75,16,89,108,135,122,132,85,55,110,12" hai1="109,68,98,44,40,92,37,0,87,28,79,129,121" hai2="74,83,48,6,25,54,112,5,43,19,34,50,130" hai3="93,91,90,111,58,119,45,128,81,8,80,41,59"/><T60/><D75/><U29/><E121/><V73/><F43/><W52/><G111/><N who="0" m="42539" /><D102/><U77/><E68/><V69/><F112/><W95/><G128/><T53/><D122/><U117/><E117/><V33/><F69/><W11/><G119/><T3/><D3/><U86/><E129/><V126/><F130/><W71/><G71/><T63/><D89/><U31/><E0/><V65/><F65/><W105/><G105/><T116/><D85/><U22/><E109/><V88/><F126/><W120/><G120/><T13/><D116/><U46/><E22/><N who="2" m="13535" /><F73/><W123/><G123/><T36/><D36/><U49/><E37/><V17/><F74/><W15/><G15/><N who="0" m="5707" /><D16/><U21/><E21/><V103/><F103/><W131/><G131/><T84/><D84/><N who="1" m="32299" /><E46/><V133/><F133/><AGARI ba="2,0" hai="53,55,60,62,63,132,133,135" m="5707,42539" machi="133" ten="40,12000,1" yaku="28,2,20,1,10,1" doraHai="7" who="0" fromWho="2" sc="308,126,120,0,282,-126,290,0" /><INIT seed="4,3,0,4,2,109" ten="434,120,156,290" oya="0" hai0="33,98,104,112,44,35,96,110,83,22,48,62,87" hai1="31,101,85,58,26,27,106,30,125,118,72,124,80" hai2="68,17,113,81,89,15,8,105,129,18,59,11,49" hai3="45,134,38,47,28,50,78,74,100,114,77,91,84"/><T122/><D110/><U117/><E58/><V52/><F105/><W20/><G134/><T54/><D122/><U23/><E72/><V1/><F129/><W115/><G100/><T29/><D22/><U7/><E101/><V135/><F68/><W121/><G38/><T86/><D87/><U75/><E75/><V32/><F32/><W24/><G74/><T39/><D29/><U133/><E106/><V93/><F135/><W94/><G121/><T76/><D33/><U82/><E7/><V90/><F1/><W130/><G130/><T25/><D25/><U10/><E10/><V95/><F113/><N who="3" m="43019" /><G47/><T103/><D35/><U64/><E133/><V99/><F81/><W73/><G73/><T108/><D39/><U107/><E107/><V119/><F119/><W36/><G36/><T131/><D103/><U40/><E82/><V13/><REACH who="2" step="1"/><F95/><REACH who="2" ten="434,120,146,290" step="2"/><W56/><G56/><T3/><D104/><U127/><E118/><V21/><F21/><W60/><G60/><T111/><D108/><U61/><E117/><V116/><F116/><W70/><G70/><T102/><D111/><U63/><E63/><V65/><F65/><W69/><G69/><T4/><D112/><U67/><E61/><V19/><F19/><W128/><G128/><T66/><D66/><U12/><E67/><V6/><F6/><W88/><G91/><AGARI ba="3,1" hai="8,11,13,15,17,18,49,52,59,89,90,91,93,99" machi="91" ten="30,8000,1" yaku="1,1,7,1,9,1,8,1,54,1,53,0" doraHai="109" doraHaiUra="71" who="2" fromWho="3" sc="434,0,120,0,146,99,290,-89" /><INIT seed="5,0,0,0,3,6" ten="434,120,245,201" oya="1" hai0="37,81,116,17,18,44,67,19,82,95,41,49,85" hai1="45,114,107,72,97,90,109,124,40,56,128,22,13" hai2="127,83,62,15,4,91,77,59,75,38,8,94,5" hai3="1,60,130,66,74,54,35,76,104,30,3,129,93"/><U29/><E72/><V63/><F38/><W64/><G104/><T132/><D116/><U108/><E114/><V73/><F127/><W106/><G106/><T26/><D132/><U50/><E124/><V21/><F75/><W117/><G76/><T101/><D67/><U31/><E128/><V126/><F126/><W48/><G74/><T36/><D26/><U7/><E56/><V0/><F21/><W86/><G35/><T53/><D36/><U89/><E89/><V51/><F51/><W122/><G30/><T23/><D23/><U88/><E31/><V55/><F0/><W102/><G122/><T24/><D24/><U135/><E135/><V33/><F33/><W28/><G28/><T78/><D101/><U113/><E113/><V32/><F32/><W9/><G117/><T133/><D95/><U61/><E61/><V134/><F134/><W11/><G3/><T87/><D133/><U57/><E57/><V123/><F123/><W105/><G1/><T92/><D92/><U43/><E43/><V120/><F120/><W112/><G112/><T79/><D37/><U111/><E29/><V110/><F110/><W10/><G105/><T16/><D17/><N who="1" m="10543" /><E7/><V118/><F118/><W42/><G42/><AGARI ba="0,0" hai="16,18,19,41,42,44,49,53,78,79,81,82,85,87" machi="42" ten="40,5200,0" yaku="9,1,8,1,54,1" doraHai="6" who="0" fromWho="3" sc="434,52,120,0,245,0,201,-52" /><INIT seed="6,0,0,2,2,66" ten="486,120,245,149" oya="2" hai0="69,123,108,121,77,2,86,110,96,98,94,12,89" hai1="87,59,99,42,90,65,25,38,81,24,27,64,95" hai2="68,82,114,83,36,126,9,30,3,103,128,118,17" hai3="56,40,22,10,37,1,13,62,133,35,71,45,131"/><V73/><F17/><W102/><G35/><T61/><D2/><U111/><E111/><V104/><F83/><W127/><G127/><T39/><D39/><U120/><E120/><V107/><F118/><W26/><G131/><T48/><D48/><U19/><E38/><V91/><F91/><W41/><G133/><T14/><D14/><U92/><E42/><V34/><F126/><W119/><G119/><T16/><D77/><U11/><E95/><V6/><F114/><W49/><G102/><T100/><D96/><U4/><E59/><V88/><F88/><W67/><G1/><T8/><D108/><U78/><REACH who="1" step="1"/><E19/><REACH who="1" ten="486,110,245,149" step="2"/><V79/><F128/><W55/><G40/><T5/><D110/><U31/><E31/><V117/><F117/><W85/><G85/><T28/><D28/><U54/><E54/><V80/><F80/><W63/><G63/><T113/><D16/><U0/><AGARI ba="0,1" hai="0,4,11,24,25,27,64,65,78,81,87,90,92,99" machi="0" ten="30,2000,0" yaku="1,1,0,1,53,0" doraHai="66" doraHaiUra="101" who="1" fromWho="1" sc="486,-5,110,30,245,-10,149,-5" /><INIT seed="7,0,0,5,3,124" ten="481,140,235,144" oya="3" hai0="21,111,49,94,5,109,0,130,83,42,82,39,67" hai1="129,35,70,132,112,57,77,118,65,110,119,134,32" hai2="93,2,61,62,63,106,102,75,9,86,8,113,10" hai3="79,66,120,74,12,20,128,131,87,13,11,6,33"/><W47/><G74/><T19/><D67/><U125/><E125/><V95/><F75/><W40/><G120/><T99/><D130/><N who="3" m="49705" /><G33/><N who="1" m="12874" /><E129/><V24/><F24/><W59/><G66/><T23/><D39/><U107/><E112/><V28/><F28/><W30/><G59/><T103/><D5/><U73/><E110/><V54/><F54/><W29/><G20/><T91/><D0/><U27/><E107/><V135/><F135/><N who="1" m="51753" /><E27/><V3/><F113/><W50/><G13/><T14/><D49/><U84/><E73/><V25/><F25/><W41/><G41/><T76/><D42/><U55/><E65/><V81/><F106/><W90/><G79/><T52/><D52/><U51/><E70/><V68/><F68/><W4/><G4/><T15/><D76/><U78/><E78/><V85/><F102/><W121/><G121/><T58/><D58/><U44/><E57/><V104/><F104/><W37/><G37/><T114/><D103/><U46/><E46/><V126/><F126/><W53/><G40/><T64/><D64/><U31/><E31/><V18/><F18/><W89/><G89/><T117/><D114/><U43/><E43/><V133/><F133/><W80/><AGARI ba="0,0" hai="6,11,12,29,30,47,50,53,80,87,90" m="49705" machi="80" ten="30,11700,0" yaku="19,1,52,3" doraHai="124" who="3" fromWho="3" sc="481,-39,140,-39,235,-39,144,117" /><INIT seed="7,1,0,0,3,34" ten="442,101,196,261" oya="3" hai0="79,56,116,64,49,35,45,37,55,15,72,53,3" hai1="90,105,31,110,119,85,0,69,128,106,40,5,103" hai2="112,77,6,129,51,46,130,2,14,22,96,113,99" hai3="48,83,108,81,122,89,29,43,73,9,84,82,11"/><W118/><G118/><T132/><D35/><U1/><E119/><V60/><F77/><W13/><G122/><T68/><D132/><U19/><E110/><V111/><F60/><W80/><G108/><T92/><D3/><U10/><E128/><N who="2" m="49259" /><F111/><W41/><G29/><T87/><D72/><U93/><E69/><V127/><F22/><W61/><G73/><T135/><D15/><U104/><E31/><V65/><F65/><W30/><G30/><T4/><D4/><U88/><E40/><V52/><F14/><W39/><G39/><T38/><D92/><U117/><E117/><V21/><F21/><W91/><G61/><T70/><D87/><U44/><E44/><V63/><F63/><W86/><G11/><T134/><D79/><U114/><E114/><N who="2" m="44139" /><F127/><W27/><G27/><T47/><D116/><U18/><E103/><V17/><F17/><N who="3" m="8367" /><G48/><T94/><D64/><U7/><REACH who="1" step="1"/><E90/><REACH who="1" ten="442,91,196,261" step="2"/><V102/><F102/><W58/><G91/><T57/><D49/><U66/><E66/><V74/><F74/><W24/><G89/><T95/><AGARI ba="1,1" hai="37,38,45,47,53,55,56,57,68,70,94,95,134,135" machi="95" ten="25,3200,0" yaku="0,1,22,2" doraHai="34" who="0" fromWho="0" sc="442,45,91,-9,196,-9,261,-17" owari="487,59.0,82,-42.0,187,-21.0,244,4.0" /></mjloggm>