<mjloggm ver="2.3"><GO type="41" lobby="0"/><UN n0="%E3%82%A2%E3%83%83%E3%83%86%E3%83%A0%E3%83%88" n1="%E2%93%9D%53%75%70%68%78" n2="%E4%B8%AD%E8%8F%AF%67%75%79" n3="%4D%72%50%65%61%63%65" dan="15,18,15,13" rate="1994.65,2149.50,2023.11,1857.27" sx="F,M,M,M"/><TAIKYOKU oya="0"/><INIT seed="0,0,0,1,0,126" ten="250,250,250,250" oya="0" hai0="106,77,93,39,120,81,29,125,34,61,66,97,64" hai1="40,44,72,59,35,25,22,56,103,118,100,51,16" hai2="133,43,41,75,89,54,113,33,134,48,104,46,62" hai3="2,65,122,132,99,28,109,69,105,80,8,30,110"/><T102/><D120/><U91/><E118/><V74/><F33/><W95/><G122/><T68/><D125/><U45/><E72/><V49/><F113/><W131/><G105/><T7/><D66/><U124/><E35/><V24/><F104/><W130/><G80/><T15/><D39/><U13/><E124/><V73/><F24/><W26/><G65/><T21/><D93/><U71/><E71/><V127/><F127/><W128/><G69/><T18/><D7/><U20/><E91/><V37/><F62/><W53/><G53/><T84/><D34/><U83/><E83/><V42/><F89/><N who="3" m="55791" /><G132/><N who="2" m="50793" /><F49/><W9/><G28/><T86/><REACH who="0" step="1"/><D29/><REACH who="0" ten="240,250,250,250" step="2"/><N who="1" m="17575" /><E45/><AGARI ba="0,1" hai="37,41,42,43,45,46,48,54,73,74,75" m="50793" machi="45" ten="40,1300,0" yaku="20,1" doraHai="126" who="2" fromWho="1" sc="240,0,250,-13,250,23,250,0" /><INIT seed="1,0,0,4,2,29" ten="240,237,273,250" oya="1" hai0="124,45,4,7,31,26,19,39,76,94,61,64,116" hai1="121,44,23,16,71,133,35,83,109,17,102,130,52" hai2="128,2,80,47,84,98,135,87,43,37,18,50,123" hai3="134,70,67,132,101,113,73,30,108,78,11,12,127"/><U57/><E121/><V54/><F123/><W85/><G113/><T119/><D124/><U126/><E71/><V14/><F135/><W56/><G108/><T103/><D19/><U38/><E35/><V10/><F128/><W62/><G127/><T117/><D76/><U111/><E126/><V5/><F98/><W51/><G101/><T114/><D114/><U9/><E102/><V0/><F87/><W81/><G30/><T95/><D45/><U91/><E9/><V120/><F120/><W22/><G22/><T107/><D39/><U110/><E130/><V40/><F43/><W13/><G73/><T112/><D112/><U42/><E133/><N who="3" m="51306" /><G11/><T100/><D100/><U48/><E23/><V106/><F106/><W28/><G28/><T129/><D129/><U55/><E55/><AGARI ba="0,0" hai="12,13,51,55,56,62,67,70,78,81,85" m="51306" machi="55" ten="30,1000,0" yaku="20,1" doraHai="29" who="3" fromWho="1" sc="240,0,237,-10,273,0,250,10" /><INIT seed="2,0,0,1,4,105" ten="240,227,273,260" oya="2" hai0="37,129,42,55,66,21,88,3,40,5,123,111,102" hai1="46,106,81,24,49,45,112,70,38,118,132,109,44" hai2="16,110,120,31,107,12,86,60,0,43,1,115,63" hai3="47,82,13,35,124,127,114,103,61,108,56,2,74"/><V90/><F120/><W50/><G114/><T32/><D123/><U73/><E106/><V119/><F119/><W94/><G108/><T15/><D111/><U104/><E104/><V8/><F110/><W28/><G2/><T17/><D129/><U131/><E132/><V133/><F115/><W20/><G35/><T68/><D102/><U84/><E70/><V126/><F107/><W57/><G94/><T87/><D32/><U113/><E38/><V89/><F126/><W27/><G103/><T100/><D100/><U29/><E118/><V10/><F133/><W78/><G13/><T122/><D122/><U19/><E73/><V97/><F31/><W54/><REACH who="3" step="1"/><G57/><REACH who="3" ten="240,227,273,250" step="2"/><T33/><D33/><U128/><E109/><V117/><F117/><W85/><G85/><T69/><D69/><U116/><E116/><V134/><F0/><W91/><G91/><T62/><D3/><U39/><E113/><V53/><F134/><W18/><G18/><T22/><D5/><U76/><E19/><V65/><F1/><W36/><G36/><T101/><D101/><U51/><E39/><V14/><F97/><W83/><G83/><T23/><D37/><U125/><E112/><V77/><F86/><W92/><G92/><T71/><D71/><U67/><E131/><V99/><F99/><W96/><G96/><T135/><D135/><U25/><E128/><V48/><F89/><W79/><G79/><T9/><D55/><AGARI ba="0,1" hai="20,27,28,47,50,54,55,56,61,74,78,82,124,127" machi="55" ten="40,2600,0" yaku="1,1,52,1,53,0" doraHai="105" doraHaiUra="4" who="3" fromWho="0" sc="240,-26,227,0,273,0,250,36" /><INIT seed="3,0,0,5,5,71" ten="214,227,273,286" oya="3" hai0="120,70,15,125,4,76,72,7,83,60,30,19,103" hai1="110,92,54,106,90,25,93,57,65,100,67,62,58" hai2="78,6,114,53,31,122,116,69,48,1,55,45,119" hai3="132,59,126,24,5,86,12,97,134,56,10,118,66"/><W74/><G118/><T124/><D120/><U73/><E73/><V50/><F114/><W26/><G126/><N who="0" m="48747" /><D30/><U107/><E110/><V102/><F122/><W21/><G74/><T101/><D70/><U75/><E75/><V98/><F69/><W42/><G42/><T111/><D60/><U87/><E25/><N who="3" m="9834" /><G86/><T96/><D111/><U63/><REACH who="1" step="1"/><E54/><REACH who="1" ten="214,217,273,286" step="2"/><V115/><F55/><W41/><G134/><T64/><D64/><U112/><E112/><V39/><F53/><W99/><G66/><T51/><D51/><U36/><E36/><V22/><F39/><W79/><G132/><T37/><D37/><U123/><E123/><V77/><F50/><W27/><G27/><T68/><D68/><U29/><E29/><V91/><F48/><W2/><G41/><T133/><D133/><U94/><E94/><V117/><F31/><W33/><G33/><T127/><D127/><U20/><E20/><V113/><F22/><W40/><G40/><T23/><D103/><U80/><E80/><V43/><F102/><W131/><G21/><T109/><D109/><U61/><E61/><V3/><F115/><W104/><G104/><AGARI ba="0,1" hai="4,7,15,19,23,72,76,83,96,101,104" m="48747" machi="104" ten="30,1000,0" yaku="18,1" doraHai="71" who="0" fromWho="3" sc="214,20,217,0,273,0,286,-10" /><INIT seed="4,0,0,0,0,23" ten="234,217,273,276" oya="0" hai0="47,43,50,56,69,96,76,97,111,32,62,18,131" hai1="84,9,4,86,80,66,85,124,93,21,108,19,109" hai2="128,127,116,17,70,6,123,3,78,48,115,126,120" hai3="81,100,94,88,11,103,55,36,57,14,90,24,105"/><T1/><D131/><U92/><E124/><N who="2" m="47659" /><F70/><W101/><G36/><T37/><D111/><U99/><E66/><V5/><F78/><W64/><G64/><T73/><D1/><U20/><E20/><V74/><F74/><W117/><G117/><T58/><D32/><U71/><E71/><V15/><F128/><W30/><G81/><T121/><D121/><N who="2" m="46666" /><F48/><W41/><G94/><T75/><D76/><U45/><E93/><V135/><F115/><W54/><G41/><T95/><D69/><U125/><E125/><V83/><F83/><W89/><G57/><T133/><D58/><U35/><E45/><V51/><F51/><W61/><G61/><T34/><D50/><U106/><E106/><V13/><F3/><W28/><G28/><T29/><D29/><U63/><E63/><V91/><F91/><W119/><G119/><T87/><D75/><U25/><E80/><V122/><F116/><W12/><G105/><T102/><D73/><U26/><E109/><V98/><F98/><W7/><REACH who="3" step="1"/><G14/><REACH who="3" ten="234,217,273,266" step="2"/><T44/><D62/><U46/><E108/><V31/><F122/><W129/><G129/><T33/><D37/><U22/><E92/><V0/><F0/><W118/><G118/><T8/><D95/><U42/><E99/><V39/><F39/><W132/><G132/><T72/><D96/><U40/><E46/><V10/><F135/><W112/><G112/><T107/><D133/><U52/><E42/><V60/><F60/><W134/><G134/><T113/><D113/><U68/><E40/><V65/><F65/><W38/><G38/><T59/><D43/><RYUUKYOKU ba="0,1" sc="234,-10,217,-10,273,-10,266,30" hai3="7,11,12,24,30,54,55,88,89,90,100,101,103" /><INIT seed="5,1,1,5,4,33" ten="224,207,263,296" oya="1" hai0="80,87,54,59,104,16,131,26,66,77,20,112,98" hai1="126,4,68,62,28,29,22,18,0,58,82,91,106" hai2="92,75,17,47,25,94,50,71,42,127,135,19,86" hai3="96,45,72,39,76,65,61,30,79,114,15,32,5"/><U70/><E106/><V108/><F108/><W132/><G114/><T95/><D112/><U110/><E110/><V78/><F135/><W57/><G132/><T109/><D109/><U115/><E115/><V83/><F71/><W102/><G72/><T121/><D121/><U119/><E119/><V35/><F127/><W111/><G111/><T113/><D113/><U31/><E126/><V117/><F117/><W85/><G85/><T101/><D66/><U21/><E21/><V99/><F75/><W9/><G30/><T73/><D131/><U125/><E125/><V53/><F94/><W3/><G15/><T55/><REACH who="0" step="1"/><D59/><REACH who="0" ten="214,207,263,296" step="2"/><U133/><E133/><V12/><F35/><W14/><G57/><T103/><D103/><U60/><E70/><V67/><F67/><W13/><G65/><T97/><D97/><U46/><E68/><V90/><F25/><W81/><G96/><T23/><D23/><U74/><E58/><V24/><F24/><W64/><G102/><T123/><D123/><U6/><E62/><V8/><REACH who="2" step="1"/><F19/><REACH who="2" ten="214,207,253,296" step="2"/><W11/><G32/><T100/><D100/><U52/><E18/><V7/><F7/><W124/><G5/><T43/><D43/><AGARI ba="1,3" hai="8,12,17,42,43,47,50,53,78,83,86,90,92,99" machi="43" ten="40,2600,0" yaku="1,1,8,1,53,0" doraHai="33" doraHaiUra="122" who="2" fromWho="0" sc="214,-29,207,0,253,59,296,0" /><INIT seed="6,0,0,5,0,5" ten="185,207,312,296" oya="2" hai0="39,69,68,114,12,51,55,90,128,95,29,8,58" hai1="127,86,37,3,53,17,56,13,133,2,41,89,16" hai2="23,97,44,22,52,61,70,132,112,103,47,6,26" hai3="1,43,73,48,42,119,30,93,106,85,74,123,71"/><V49/><F112/><W14/><G119/><T62/><D128/><U0/><E133/><V59/><F132/><W10/><G123/><T54/><D39/><U117/><E117/><V82/><F82/><W115/><G106/><T31/><D69/><U67/><E67/><V64/><F6/><W94/><G115/><T118/><D118/><U83/><E127/><V131/><F131/><W105/><G71/><T66/><D55/><U102/><E102/><V28/><REACH who="2" step="1"/><F22/><REACH who="2" ten="185,207,302,296" step="2"/><W19/><G74/><T124/><D114/><U122/><E122/><V4/><F4/><W46/><G73/><T72/><D72/><U135/><E135/><V15/><F15/><W80/><G1/><T109/><D124/><U91/><E13/><V87/><F87/><W36/><G85/><T27/><D109/><U32/><E32/><V35/><F35/><W18/><G80/><T134/><D134/><U50/><REACH who="1" step="1"/><E91/><REACH who="1" ten="185,197,302,296" step="2"/><V101/><F101/><W120/><G120/><T104/><D90/><U7/><E7/><V21/><F21/><W84/><G105/><AGARI ba="0,2" hai="23,26,28,44,47,49,52,59,61,64,70,97,103,105" machi="105" ten="30,5800,0" yaku="1,1,7,1,54,1,53,0" doraHai="5" doraHaiUra="78" who="2" fromWho="3" sc="185,0,197,0,302,78,296,-58" /><INIT seed="6,1,0,2,2,85" ten="185,197,380,238" oya="2" hai0="42,23,97,53,22,28,122,117,82,131,103,8,62" hai1="93,15,129,80,7,120,121,99,16,3,49,25,88" hai2="55,13,119,110,91,113,73,95,104,132,130,58,32" hai3="127,5,59,51,66,108,90,94,92,107,109,111,75"/><V12/><F119/><W18/><G127/><T134/><D122/><N who="1" m="47211" /><E129/><V118/><F118/><W96/><G75/><T17/><D117/><U89/><E25/><V112/><F130/><W101/><G5/><T56/><D131/><U65/><E65/><V47/><F104/><W68/><G68/><T4/><D134/><U40/><E7/><V135/><F32/><W14/><G107/><T123/><D123/><U79/><E3/><V77/><F47/><W31/><G31/><T46/><D82/><U1/><E49/><N who="2" m="31087" /><F77/><W125/><G125/><T0/><D17/><U84/><E40/><V44/><F44/><W11/><G66/><T102/><D28/><U60/><E60/><V133/><F73/><W39/><G39/><T126/><D126/><U37/><E1/><V34/><F110/><W43/><G111/><T86/><D86/><U128/><E128/><V2/><F2/><W21/><G11/><T33/><D33/><U115/><E37/><V61/><F61/><W116/><G116/><T57/><D57/><U48/><E48/><V70/><F70/><W38/><G38/><T69/><D69/><U50/><E50/><V114/><F34/><W71/><G71/><T35/><D35/><U36/><E36/><V45/><F45/><W72/><G72/><T105/><REACH who="0" step="1"/><D102/><REACH who="0" ten="175,197,380,238" step="2"/><N who="1" m="60783" /><E115/><V27/><F27/><W64/><G109/><T63/><D63/><U76/><E76/><V67/><F67/><W52/><G108/><T10/><D10/><AGARI ba="1,1" hai="10,15,16,79,80,84,88,89" m="60783,47211" machi="10" ten="30,8000,1" yaku="13,1,52,2,54,2" doraHai="85" who="1" fromWho="0" sc="175,-83,197,93,380,0,238,0" /><INIT seed="7,0,0,2,1,42" ten="92,290,380,238" oya="3" hai0="81,132,52,32,27,128,25,106,59,50,10,108,125" hai1="112,105,65,37,86,107,110,74,4,23,58,114,55" hai2="84,94,17,19,73,18,101,60,127,89,0,30,80" hai3="54,21,72,40,36,98,8,56,2,68,9,79,117"/><W53/><G117/><T51/><D106/><U90/><E65/><V88/><F0/><W109/><G68/><T64/><D108/><U45/><E74/><V13/><F127/><W111/><G98/><T95/><D125/><U71/><E4/><V16/><F101/><W78/><G2/><T85/><D132/><U77/><E77/><N who="3" m="29194" /><G72/><T76/><D128/><U22/><E71/><V66/><F30/><W123/><G54/><T129/><D129/><U61/><E110/><N who="3" m="41994" /><G123/><T124/><D124/><U82/><E107/><V43/><F73/><W57/><G21/><T120/><D120/><U92/><E105/><V69/><F43/><W12/><G53/><T102/><D32/><U28/><E23/><V87/><REACH who="2" step="1"/><F19/><REACH who="2" ten="92,290,370,238" step="2"/><N who="3" m="8583" /><G9/><AGARI ba="0,1" hai="9,13,16,17,18,60,66,69,80,84,87,88,89,94" machi="9" ten="30,7700,0" yaku="1,1,7,1,54,2,53,0" doraHai="42" doraHaiUra="103" who="2" fromWho="3" sc="92,0,290,0,370,87,238,-77" owari="92,-41.0,290,9.0,457,56.0,161,-24.0" /></mjloggm>