<mjloggm ver="2.3"><GO type="41" lobby="0"/><UN n0="%E3%83%A4%E3%82%B2%E3%83%B3%E3%83%8A%E3%83%B3%E3%82%B3%E3%83%84" n1="%68%69%64%65%2E%6B%6B%63" n2="%E2%93%9D%53%75%70%68%78" n3="%E5%A4%A7%E6%A8%AA%E7%B6%B1" dan="14,13,18,14" rate="1902.05,1842.99,2126.06,1884.17" sx="M,M,M,M"/><TAIKYOKU oya="0"/><INIT seed="0,0,0,2,4,1" ten="250,250,250,250" oya="0" hai0="81,28,15,102,98,54,47,118,26,13,125,67,38" hai1="130,71,35,40,91,74,80,5,43,30,68,59,14" hai2="115,82,60,20,29,4,10,39,12,53,96,75,21" hai3="131,52,18,61,85,124,48,66,8,6,90,72,105"/><T133/><D118/><U99/><E130/><V104/><F115/><W92/><G131/><T112/><D112/><U134/><E134/><V19/><F39/><W34/><G34/><T122/><D133/><U120/><E120/><V132/><F132/><W107/><G72/><T56/><D122/><U23/><E35/><V50/><F104/><W119/><G18/><T93/><D125/><U128/><E128/><V11/><F96/><W77/><G77/><T79/><D38/><U123/><E123/><V7/><F60/><W16/><G124/><T45/><D45/><U69/><E74/><V57/><F29/><W94/><G94/><T37/><D47/><U129/><E129/><V114/><F114/><W17/><G105/><T24/><D37/><U101/><E59/><V70/><F70/><W127/><G119/><T62/><D54/><U84/><E30/><V36/><F36/><W103/><G127/><T2/><D26/><U111/><E111/><V0/><REACH who="2" step="1"/><F19/><REACH who="2" ten="250,250,240,250" step="2"/><W31/><G31/><T3/><D2/><U32/><E32/><V108/><F108/><W42/><G107/><T73/><D3/><U113/><E113/><V63/><F63/><W88/><G61/><T97/><D98/><U117/><E117/><V116/><F116/><W65/><G66/><T86/><D73/><U78/><E71/><V49/><F49/><W106/><G65/><T41/><D41/><U51/><E69/><V46/><F46/><W27/><G106/><T25/><D28/><U95/><E68/><V135/><F135/><W100/><G42/><T44/><D44/><U110/><E43/><RYUUKYOKU ba="0,1" sc="250,15,250,-15,240,15,250,-15" hai0="13,15,24,25,56,62,67,79,81,86,93,97,102" hai2="0,4,7,10,11,12,20,21,50,53,57,75,82" /><INIT seed="0,1,1,2,4,35" ten="265,235,255,235" oya="0" hai0="22,83,87,51,16,39,117,120,132,19,64,57,118" hai1="119,1,15,53,62,125,40,37,54,12,112,42,7" hai2="66,99,88,106,114,101,31,74,10,34,59,133,110" hai3="134,18,11,60,17,52,50,3,86,47,122,0,130"/><T61/><D120/><U8/><E119/><V41/><F114/><W21/><G11/><T67/><D39/><U38/><E125/><V79/><F41/><W73/><G73/><T29/><D132/><U92/><E112/><V4/><F110/><W113/><G113/><T13/><D67/><U103/><E92/><V49/><F79/><W105/><G105/><T135/><D135/><U32/><E103/><V123/><F74/><W43/><G134/><T6/><D6/><U30/><E30/><V45/><F123/><W36/><G60/><T48/><D29/><U111/><E32/><V104/><F59/><W80/><G130/><T24/><D118/><U96/><E96/><V58/><F58/><W46/><G18/><T33/><D33/><U97/><E97/><V82/><F66/><W68/><G68/><T75/><D75/><U129/><E129/><V14/><F31/><W56/><G47/><T28/><D28/><U131/><E131/><V70/><F70/><W124/><G124/><T121/><D121/><U107/><E107/><V85/><F34/><W89/><G122/><T2/><D2/><U65/><E111/><V27/><F27/><AGARI ba="1,1" hai="0,3,17,21,27,36,43,46,50,52,56,80,86,89" machi="27" ten="30,7700,0" yaku="7,1,52,2,54,1" doraHai="35" who="3" fromWho="2" sc="265,0,235,0,255,-80,235,90" /><INIT seed="1,0,0,1,2,88" ten="265,235,175,325" oya="1" hai0="0,121,90,108,66,2,52,32,29,43,20,36,126" hai1="48,5,113,133,13,57,39,69,95,79,99,65,132" hai2="100,63,15,75,112,55,96,83,130,37,119,11,26" hai3="9,115,25,74,85,21,45,125,120,38,118,17,87"/><U8/><E113/><V51/><F119/><W70/><G120/><T19/><D108/><U58/><E39/><V78/><F130/><W6/><G115/><T54/><D126/><U41/><E79/><V3/><F37/><W61/><G74/><T110/><D110/><U14/><E69/><V92/><F3/><W49/><G38/><T80/><D66/><U18/><E65/><V72/><F112/><W68/><G68/><T71/><D71/><U102/><E41/><V24/><F63/><W82/><G125/><T46/><D32/><U122/><E122/><V23/><F23/><W27/><G27/><T91/><D29/><U34/><E34/><V40/><F40/><W30/><G30/><T104/><D90/><U123/><E123/><V76/><F76/><W106/><G106/><T47/><D104/><U129/><E129/><V94/><F75/><W59/><G82/><T111/><D111/><U31/><E31/><V7/><REACH who="2" step="1"/><F94/><REACH who="2" ten="265,235,165,325" step="2"/><W128/><G128/><T53/><D121/><U33/><E48/><V12/><F12/><W60/><G61/><T89/><D43/><U1/><E33/><V93/><F93/><W127/><G118/><T109/><D36/><U84/><E84/><V77/><F77/><W81/><G87/><T116/><D116/><U124/><E1/><V73/><F73/><W22/><G85/><T98/><D109/><U105/><E105/><V107/><F107/><W10/><G49/><T134/><D0/><N who="1" m="39" /><E124/><V16/><F16/><W131/><G127/><T50/><D2/><U114/><E114/><V42/><F42/><W86/><G131/><RYUUKYOKU ba="0,1" sc="265,-10,235,-10,165,30,325,-10" hai2="7,11,15,24,26,51,55,72,78,83,92,96,100" /><INIT seed="2,1,1,3,1,20" ten="255,225,195,315" oya="2" hai0="42,0,114,31,57,73,82,87,10,72,98,33,129" hai1="48,61,37,99,135,30,77,53,103,124,60,71,134" hai2="24,45,63,11,65,66,25,102,51,122,96,127,116" hai3="107,117,22,49,62,100,64,109,81,93,130,32,95"/><V46/><F116/><W79/><G117/><T70/><D114/><U17/><E30/><V9/><F122/><W75/><G109/><T40/><D70/><U132/><E77/><V118/><F118/><W16/><G32/><T91/><D129/><U125/><E37/><V126/><F96/><W1/><G1/><T133/><D133/><U27/><E71/><V92/><F92/><W21/><G21/><T97/><D72/><U113/><E113/><V68/><F102/><W74/><G74/><T104/><D57/><U112/><E112/><V5/><F51/><W13/><G130/><T115/><D115/><U35/><E53/><V120/><F120/><W84/><G84/><T86/><D73/><U54/><E54/><V78/><F78/><W15/><G15/><T44/><D42/><U76/><E76/><V38/><F68/><W43/><G49/><T19/><D87/><U3/><E3/><V47/><F38/><W18/><G18/><T106/><D106/><N who="1" m="63871" /><E48/><V128/><F128/><W108/><G43/><T55/><D55/><U14/><E14/><V23/><F47/><W111/><G107/><T39/><D104/><U6/><E6/><V80/><F5/><W8/><G100/><T69/><D69/><U56/><E56/><V34/><F46/><W2/><G2/><T59/><D59/><U12/><E12/><V67/><F45/><W28/><G13/><N who="0" m="7607" /><D0/><U4/><E4/><V58/><F58/><W85/><G64/><T123/><D123/><U52/><E52/><V50/><F67/><W88/><G79/><T89/><D91/><U94/><E94/><RYUUKYOKU ba="1,1" sc="255,30,225,-10,195,-10,315,-10" hai0="31,33,39,40,44,82,86,89,97,98" /><INIT seed="3,2,1,5,2,113" ten="285,215,185,305" oya="3" hai0="83,44,0,9,73,76,14,50,31,134,97,129,78" hai1="33,101,99,107,81,124,68,94,7,42,106,79,60" hai2="114,90,52,19,102,108,84,1,40,58,54,104,125" hai3="111,36,82,100,70,120,25,12,62,29,121,91,47"/><W92/><G100/><T56/><D134/><U72/><E33/><V63/><F114/><W85/><G111/><T27/><D129/><U118/><E118/><V21/><F1/><W23/><G12/><T8/><D0/><U24/><E124/><V133/><F108/><W18/><G29/><T135/><D135/><U11/><E24/><V41/><F133/><W86/><G70/><T3/><D3/><U132/><E132/><V75/><F75/><W87/><G62/><T74/><D97/><U130/><E42/><V15/><F125/><W112/><G112/><T16/><D56/><U48/><E48/><V4/><F4/><W57/><G57/><T65/><D65/><U2/><E130/><V93/><REACH who="2" step="1"/><F54/><REACH who="2" ten="285,215,175,305" step="2"/><W26/><G26/><T77/><D73/><U80/><REACH who="1" step="1"/><E81/><REACH who="1" ten="285,205,175,305" step="2"/><V34/><F34/><W128/><G128/><T110/><D110/><U96/><E96/><AGARI ba="2,3" hai="15,19,21,40,41,52,58,63,84,90,93,96,102,104" machi="96" ten="40,5200,0" yaku="1,1,54,1,53,1" doraHai="113" doraHaiUra="55" who="2" fromWho="1" sc="285,0,205,-58,175,88,305,0" /><INIT seed="4,0,0,2,3,9" ten="285,147,263,305" oya="0" hai0="111,123,78,114,62,25,118,103,0,57,50,93,69" hai1="87,131,133,22,89,100,126,73,37,106,32,125,134" hai2="79,60,21,68,130,77,31,16,117,3,10,24,80" hai3="85,51,52,15,119,98,120,88,66,109,17,55,56"/><T53/><D118/><U76/><E37/><V104/><F104/><W105/><G119/><T46/><D123/><U49/><E49/><V7/><F117/><W27/><G109/><T4/><D114/><U113/><E32/><V110/><F110/><W34/><G66/><T29/><D111/><U14/><E14/><V67/><F130/><W1/><G1/><T108/><D108/><U39/><E39/><V86/><REACH who="2" step="1"/><F31/><REACH who="2" ten="285,147,253,305" step="2"/><W45/><G120/><T47/><D69/><U84/><E113/><V72/><F72/><W95/><G105/><T74/><D74/><U38/><E38/><V70/><F70/><W8/><G34/><T122/><D122/><U115/><E115/><V18/><F18/><W112/><G112/><T13/><D0/><U121/><E121/><V19/><F19/><W2/><G2/><T75/><D75/><U97/><E131/><V65/><F65/><W23/><G56/><T102/><D47/><U48/><E22/><V96/><F96/><W26/><G98/><T33/><D78/><AGARI ba="0,1" hai="3,7,10,16,21,24,60,67,68,77,78,79,80,86" machi="78" ten="30,3900,0" yaku="1,1,7,1,54,1,53,0" doraHai="9" doraHaiUra="41" who="2" fromWho="0" sc="285,-39,147,0,253,49,305,0" /><INIT seed="5,0,0,0,2,98" ten="246,147,302,305" oya="1" hai0="19,95,63,62,74,104,43,9,46,108,20,97,119" hai1="15,33,68,80,61,52,70,3,125,71,59,11,93" hai2="69,114,14,55,90,13,88,106,107,122,81,16,26" hai3="124,47,27,77,116,128,41,32,66,48,105,112,76"/><U49/><E33/><V29/><F122/><W94/><G105/><T100/><D108/><U65/><E3/><V4/><F69/><W133/><G112/><T10/><D119/><U87/><E93/><V130/><F130/><W92/><G133/><T58/><D74/><U126/><E87/><V84/><F114/><W6/><G6/><T86/><D63/><U75/><E80/><V121/><F121/><W96/><G128/><T115/><D115/><U102/><E102/><V79/><F107/><W28/><G124/><N who="1" m="47722" /><E75/><V31/><F106/><W83/><G116/><T117/><D117/><U82/><E82/><V78/><F90/><W56/><G92/><T36/><D86/><U34/><E34/><V118/><F118/><W50/><G83/><T44/><D104/><U109/><E109/><V127/><F127/><W67/><G66/><T7/><D7/><AGARI ba="0,0" hai="7,11,15,49,52,59,61,65,68,70,71" m="47722" machi="7" ten="30,2900,0" yaku="18,1,54,1" doraHai="98" who="1" fromWho="0" sc="246,-29,147,29,302,0,305,0" /><INIT seed="5,1,0,4,1,10" ten="217,176,302,305" oya="1" hai0="105,61,18,98,132,63,60,14,120,55,45,94,5" hai1="35,58,114,134,78,38,33,118,87,50,0,67,36" hai2="2,24,8,84,74,23,26,15,56,44,99,80,22" hai3="93,66,49,21,52,42,135,11,104,28,57,13,29"/><U81/><E118/><V1/><F74/><W112/><G104/><T65/><D132/><U62/><E134/><V19/><F99/><W25/><G112/><T109/><D109/><U125/><E114/><V77/><F56/><W110/><G110/><T59/><D105/><U73/><E125/><V48/><F23/><W106/><G106/><T34/><D34/><U54/><E0/><V64/><F64/><W88/><G135/><T39/><D5/><U119/><E119/><V37/><F37/><W71/><G42/><T75/><D75/><U130/><E130/><V17/><REACH who="2" step="1"/><F26/><REACH who="2" ten="217,176,292,305" step="2"/><W7/><G66/><T83/><D39/><U115/><E115/><V133/><F133/><W9/><G71/><T91/><D120/><U92/><E38/><V32/><F32/><W40/><G11/><T16/><D18/><U89/><REACH who="1" step="1"/><E36/><REACH who="1" ten="217,166,292,305" step="2"/><V72/><F72/><W53/><G40/><AGARI ba="1,2" hai="1,2,8,15,17,19,22,24,40,44,48,77,80,84" machi="40" ten="30,3900,0" yaku="1,1,7,1,52,1,53,0" doraHai="10" doraHaiUra="131" who="2" fromWho="3" sc="217,0,166,0,292,62,305,-42" /><INIT seed="6,0,0,2,4,113" ten="217,166,354,263" oya="2" hai0="114,104,8,69,27,70,57,87,21,54,129,43,124" hai1="116,19,10,84,78,41,133,71,106,88,89,22,103" hai2="120,59,37,77,0,123,122,28,42,111,58,32,68" hai3="50,17,11,63,82,98,4,18,72,33,105,38,132"/><V130/><F0/><W48/><G38/><T75/><D114/><U16/><E71/><V31/><F77/><W15/><G33/><T108/><D75/><U126/><E126/><V107/><F107/><W30/><G30/><T47/><D104/><U109/><E109/><V55/><F130/><W3/><G132/><T40/><D124/><U49/><E133/><V96/><F96/><W97/><G18/><T112/><D112/><U35/><E35/><V118/><F31/><W24/><G24/><T91/><D129/><U56/><E116/><V117/><F28/><W64/><G98/><T95/><D8/><U46/><E103/><V29/><F29/><W135/><G135/><T62/><D43/><U121/><E106/><V125/><F111/><W134/><G134/><T74/><D74/><U26/><E56/><V85/><F59/><W45/><G105/><T5/><D5/><U7/><E19/><V102/><F125/><W76/><G97/><T23/><D23/><U100/><E100/><V101/><F101/><W34/><G45/><T67/><D67/><U44/><E44/><V12/><F32/><W127/><G34/><T25/><D25/><U79/><E121/><V2/><F123/><W93/><G93/><T73/><D73/><U83/><REACH who="1" step="1"/><E79/><REACH who="1" ten="217,156,354,263" step="2"/><V81/><F122/><W51/><G127/><T90/><D108/><U53/><E53/><V1/><F55/><W115/><G115/><T60/><D70/><U66/><E66/><V52/><F120/><W80/><G64/><T128/><D69/><U110/><E110/><V99/><F68/><W86/><G76/><RYUUKYOKU ba="0,1" sc="217,-10,156,30,354,-10,263,-10" hai1="7,10,16,22,26,41,46,49,78,83,84,88,89" /><INIT seed="7,1,1,4,5,113" ten="207,186,344,253" oya="3" hai0="102,21,124,127,36,4,72,49,77,125,79,85,120" hai1="93,86,131,32,78,33,59,55,17,99,44,65,11" hai2="76,94,109,0,42,43,92,87,69,57,66,116,41" hai3="133,130,90,71,97,18,5,48,111,30,80,13,25"/><W100/><G71/><T16/><D120/><U52/><E131/><V3/><F116/><W126/><G133/><T115/><D72/><U110/><E110/><V20/><F69/><W38/><G38/><T50/><D36/><U104/><E65/><V70/><F70/><W51/><G5/><T23/><D4/><U114/><E114/><V96/><F3/><W121/><G121/><T9/><D102/><U40/><E104/><V84/><F0/><W37/><G37/><T89/><D9/><U103/><E33/><V7/><F76/><N who="0" m="29258" /><D115/><U108/><E32/><V75/><F109/><W68/><G68/><T74/><D74/><U22/><E108/><V95/><F75/><W132/><G132/><T112/><D112/><U105/><E11/><V26/><F96/><W118/><G126/><T64/><D64/><U2/><E2/><V128/><F128/><W6/><G6/><T60/><D60/><U1/><E1/><V62/><F7/><W81/><G51/><N who="0" m="19467" /><D16/><AGARI ba="1,1" hai="16,20,26,41,42,43,57,62,66,84,87,92,94,95" machi="16" ten="40,2600,0" yaku="8,1,54,1" doraHai="113" who="2" fromWho="0" sc="207,-29,186,0,344,39,253,0" owari="178,-32.0,186,-21.0,383,48.0,253,5.0" /></mjloggm>