<mjloggm ver="2.3"><GO type="41" lobby="0"/><UN n0="%E3%81%84%E3%81%A3%E3%81%A4%E9%9B%80%E3%81%9F%E3%81%84%E3%82%80%21" n1="%E3%81%AD%E3%81%93%E3%81%AD%E3%81%93%E3%81%AD" n2="%E2%93%9D%53%75%70%68%78" n3="%E5%A4%A7%E6%A8%AA%E7%B6%B1" dan="14,14,17,14" rate="1967.47,1821.07,2094.81,1941.28" sx="M,F,M,M"/><TAIKYOKU oya="0"/><INIT seed="0,0,0,3,2,95" ten="250,250,250,250" oya="0" hai0="60,85,30,66,115,113,92,54,78,127,98,23,59" hai1="72,46,120,110,73,99,111,2,130,11,41,32,124" hai2="131,19,4,82,71,114,0,58,55,101,76,132,50" hai3="84,123,94,52,57,81,133,6,108,62,20,35,129"/><T9/><D127/><U134/><E120/><V116/><F114/><W63/><G108/><T87/><D9/><U7/><E124/><V61/><F131/><W74/><G35/><T3/><D3/><U40/><E130/><V31/><F132/><W109/><G109/><N who="1" m="41482" /><E32/><V125/><F31/><W100/><G74/><N who="1" m="28778" /><E134/><V48/><F116/><W39/><G39/><T118/><D118/><U53/><E53/><V56/><F55/><W27/><G133/><T80/><D87/><U128/><E128/><V112/><F0/><W44/><G123/><T93/><D93/><U79/><E79/><V65/><F76/><N who="3" m="46119" /><G6/><T15/><D54/><U1/><E1/><V10/><F4/><W5/><G5/><T75/><D75/><U107/><E46/><V36/><F125/><W33/><G44/><T16/><REACH who="0" step="1"/><D30/><REACH who="0" ten="240,250,250,250" step="2"/><U119/><E119/><V51/><F10/><W83/><G129/><T86/><D86/><U43/><E107/><V29/><F29/><W22/><G94/><T122/><D122/><U88/><E43/><V21/><F112/><W28/><G28/><T37/><D37/><U34/><E34/><V42/><F36/><W106/><G33/><T47/><D47/><U89/><E41/><V64/><F42/><W45/><G45/><T49/><D49/><U8/><E40/><V12/><F50/><W135/><G135/><T96/><D96/><U18/><E99/><V67/><F48/><W77/><G106/><T102/><AGARI ba="0,1" hai="15,16,23,59,60,66,78,80,85,92,98,102,113,115" machi="102" ten="20,18000,2" yaku="1,1,0,1,7,1,52,1,54,1,53,1" doraHai="95" doraHaiUra="91" who="0" fromWho="0" sc="240,190,250,-60,250,-60,250,-60" /><INIT seed="0,1,0,2,3,74" ten="430,190,190,190" oya="0" hai0="85,103,41,124,52,128,45,110,66,43,18,39,133" hai1="27,113,82,88,12,61,40,14,36,94,77,130,20" hai2="9,47,42,109,5,54,4,28,16,58,26,60,25" hai3="71,126,67,81,51,104,22,111,118,50,37,7,64"/><T72/><D72/><U29/><E130/><V132/><F109/><W79/><G37/><T23/><D128/><U65/><E40/><V121/><F132/><W49/><G118/><T2/><D2/><U125/><E125/><V135/><F121/><W19/><G104/><T33/><D33/><U76/><E36/><V57/><F135/><W116/><G116/><T89/><D133/><U10/><E82/><V3/><F58/><W73/><G111/><T114/><D114/><U15/><E10/><V108/><F108/><W30/><G30/><T86/><D124/><U131/><E113/><V92/><F92/><W115/><G115/><T127/><D127/><U31/><E29/><V119/><F119/><W134/><G134/><T106/><D110/><U48/><E48/><V1/><F1/><W44/><G44/><T70/><D43/><U84/><REACH who="1" step="1"/><E131/><REACH who="1" ten="430,180,190,190" step="2"/><V62/><F28/><W96/><G126/><T123/><D123/><U98/><E98/><V55/><F42/><W0/><G96/><T101/><D39/><U90/><E90/><V83/><F83/><W46/><G46/><T11/><D89/><U93/><E93/><V91/><F91/><W102/><G102/><T8/><D103/><U17/><E17/><V6/><F16/><W129/><G129/><T34/><D18/><U13/><N who="1" m="3072" /><DORA hai="75" /><U63/><E63/><V56/><F47/><W95/><G95/><T87/><D101/><U117/><E117/><V105/><F105/><W24/><G71/><AGARI ba="1,1" hai="20,27,31,61,65,71,76,77,84,88,94" m="3072" machi="71" ten="50,12000,2" yaku="1,1,52,4,54,1,53,1" doraHai="74,75" doraHaiUra="80,122" who="1" fromWho="3" sc="430,0,180,133,190,0,190,-123" /><INIT seed="1,0,0,4,1,72" ten="430,313,190,67" oya="1" hai0="105,44,101,46,125,42,79,15,106,51,113,59,63" hai1="90,83,121,115,24,102,95,114,28,37,29,84,129" hai2="96,11,91,64,100,133,60,92,71,80,13,85,77" hai3="76,9,107,73,67,126,57,21,58,38,111,108,124"/><U2/><E121/><V99/><F133/><W6/><G38/><T75/><D113/><U66/><E37/><V134/><F134/><W82/><G107/><T14/><D125/><N who="3" m="48233" /><G21/><T49/><D106/><U128/><E2/><V33/><F33/><W27/><G27/><T81/><D105/><U88/><E66/><V8/><F13/><N who="3" m="5303" /><G67/><T109/><D101/><U62/><E62/><V52/><F52/><W1/><G1/><T117/><D109/><AGARI ba="0,0" hai="57,58,73,76,82,108,109,111" m="5303,48233" machi="109" ten="30,3900,0" yaku="14,1,18,1,52,1" doraHai="72" who="3" fromWho="0" sc="430,-39,313,0,190,0,67,39" /><INIT seed="2,0,0,4,3,4" ten="391,313,190,106" oya="2" hai0="27,17,124,54,39,91,135,23,121,34,68,131,99" hai1="6,63,46,67,114,117,101,123,129,66,3,71,59" hai2="29,33,81,94,24,119,95,28,55,74,111,73,19" hai3="76,118,77,26,25,106,87,120,16,37,96,50,10"/><V14/><F119/><W11/><G120/><T43/><D121/><U86/><E123/><V9/><F111/><W49/><G37/><T7/><D124/><U52/><E114/><V62/><F29/><W132/><G118/><T42/><D135/><U103/><E117/><V89/><F81/><N who="3" m="47527" /><G106/><T57/><D68/><U93/><E129/><V15/><F94/><W18/><G132/><T82/><D131/><U112/><E112/><V13/><F74/><W45/><G96/><T108/><D108/><U100/><E46/><V69/><F73/><W20/><G77/><T104/><D7/><U113/><E113/><V133/><F133/><W36/><G36/><T80/><D34/><U41/><E41/><V56/><REACH who="2" step="1"/><F69/><REACH who="2" ten="391,313,180,106" step="2"/><W72/><G72/><T116/><D116/><U84/><E71/><V79/><F79/><W1/><G1/><T134/><D134/><U61/><E93/><V2/><F2/><W12/><G26/><T21/><D104/><U90/><E103/><V107/><F107/><W128/><G128/><T60/><D80/><U102/><E102/><V109/><F109/><W83/><G83/><T47/><D43/><U126/><E101/><V78/><F78/><W65/><G65/><T8/><D82/><U5/><E100/><V88/><F88/><W35/><G35/><T127/><D91/><U38/><E90/><V70/><F70/><W22/><G50/><T130/><D130/><U115/><E67/><V53/><F53/><AGARI ba="0,1" hai="10,11,12,16,18,20,22,25,45,49,53" m="47527" machi="53" ten="30,7700,0" yaku="8,1,52,2,54,1" doraHai="4" who="3" fromWho="2" sc="391,0,313,0,180,-77,106,87" /><INIT seed="3,0,0,5,2,110" ten="391,313,103,193" oya="3" hai0="111,126,47,30,87,77,119,78,131,10,44,17,26" hai1="37,80,43,57,97,73,58,114,109,94,53,60,129" hai2="125,104,16,59,89,92,118,113,120,31,95,4,20" hai3="88,38,85,12,42,106,117,9,116,69,3,65,51"/><W55/><G106/><T66/><D111/><U49/><E109/><V72/><F118/><W96/><G3/><T98/><D126/><U39/><E129/><V0/><F104/><W123/><G123/><T7/><D131/><U56/><E114/><V115/><F72/><W14/><G14/><T28/><D119/><U82/><E73/><V33/><F92/><W61/><G96/><T124/><D124/><U18/><E18/><V74/><F74/><W122/><G122/><T41/><D66/><U50/><E37/><V1/><F59/><N who="3" m="33279" /><G12/><T13/><D98/><U45/><E50/><V70/><F70/><W76/><G76/><T19/><D47/><U105/><E105/><V108/><F125/><W11/><G11/><T132/><D132/><U90/><E57/><V134/><F108/><W93/><G9/><T100/><D100/><U46/><REACH who="1" step="1"/><E58/><REACH who="1" ten="391,303,103,193" step="2"/><V48/><F120/><W29/><G117/><T79/><D19/><U112/><E112/><V83/><F113/><W21/><G116/><T102/><D17/><U15/><E15/><V127/><F115/><W128/><G128/><T34/><D30/><U68/><E68/><V107/><F127/><W71/><G71/><T52/><D28/><U81/><E81/><V121/><F31/><W2/><G69/><T86/><D13/><U25/><E25/><V99/><F121/><W64/><G38/><T5/><D26/><U62/><E62/><V135/><F107/><W133/><G61/><T40/><D7/><U27/><E27/><N who="2" m="14727" /><F4/><W23/><G2/><N who="2" m="1129" /><F48/><W130/><G130/><T103/><D5/><U8/><E8/><RYUUKYOKU ba="0,1" sc="391,-10,303,30,103,-10,193,-10" hai1="39,43,45,46,49,53,56,60,80,82,90,94,97" /><INIT seed="4,1,1,1,2,124" ten="381,333,93,183" oya="0" hai0="127,77,70,120,48,57,93,95,40,96,41,86,115" hai1="111,34,132,98,100,21,118,126,112,116,103,53,101" hai2="39,8,47,128,35,19,102,104,4,32,97,6,134" hai3="59,15,9,27,28,83,65,73,63,125,24,129,78"/><T18/><D70/><U81/><E34/><V109/><F109/><W133/><G125/><T33/><D33/><U45/><E111/><V22/><F134/><W76/><G76/><T117/><D117/><U54/><E126/><V67/><F4/><W121/><G133/><T75/><D120/><U3/><E132/><V108/><F108/><W12/><G121/><T42/><D115/><U85/><E3/><V25/><F67/><W69/><G69/><T87/><D75/><U20/><E98/><V71/><F71/><W94/><G129/><T107/><D107/><U130/><E112/><V82/><F128/><W64/><G65/><T123/><D123/><U89/><E130/><V119/><F119/><W90/><G27/><T13/><D127/><U99/><E118/><V43/><REACH who="2" step="1"/><F82/><REACH who="2" ten="381,333,83,183" step="2"/><W26/><G64/><T92/><D96/><U31/><E99/><V66/><F66/><W58/><G83/><T88/><D77/><U68/><E116/><V110/><F110/><W131/><G131/><T7/><D7/><U55/><E68/><V11/><F11/><W49/><G9/><N who="0" m="6447" /><D86/><U38/><E81/><V60/><F60/><W91/><G63/><T84/><D84/><U135/><E85/><V114/><F114/><W105/><G78/><T2/><D2/><AGARI ba="1,2" hai="2,6,8,19,22,25,32,35,39,43,47,97,102,104" machi="2" ten="30,2000,0" yaku="1,1,7,1,53,0" doraHai="124" doraHaiUra="61" who="2" fromWho="0" sc="381,-23,333,0,83,43,183,0" /><INIT seed="5,0,0,5,5,20" ten="358,333,126,183" oya="1" hai0="88,40,24,115,132,75,123,37,25,116,87,36,79" hai1="112,11,13,38,9,103,35,83,58,93,55,105,117" hai2="3,22,90,80,4,120,45,72,53,84,52,96,64" hai3="49,44,113,128,102,133,111,126,70,106,127,30,94"/><U5/><E117/><V28/><F120/><W119/><G70/><T0/><D116/><U63/><E105/><V107/><F72/><W16/><G106/><T130/><D0/><U91/><E112/><V92/><F107/><W62/><G111/><T86/><D115/><U68/><E38/><V114/><F114/><W82/><G113/><T66/><D66/><U7/><E68/><V99/><F64/><W42/><G30/><T8/><D123/><U31/><E103/><V76/><F96/><W29/><G29/><T110/><D110/><U12/><E83/><V57/><F3/><W81/><G133/><T67/><D67/><U95/><REACH who="1" step="1"/><E91/><REACH who="1" ten="358,323,126,183" step="2"/><V17/><F4/><W46/><G119/><T33/><D37/><U27/><AGARI ba="0,1" hai="5,7,9,11,12,13,27,31,35,55,58,63,93,95" machi="27" ten="30,12000,1" yaku="1,1,2,1,0,1,9,1,52,1,53,0" doraHai="20" doraHaiUra="131" who="1" fromWho="1" sc="358,-40,323,130,126,-40,183,-40" /><INIT seed="5,1,0,2,3,121" ten="318,453,86,143" oya="1" hai0="74,125,98,57,34,135,30,106,112,69,43,62,70" hai1="61,120,129,51,5,71,0,128,6,111,79,9,130" hai2="99,31,15,66,18,11,25,41,73,49,58,92,37" hai3="22,54,35,119,82,90,55,50,17,115,59,19,122"/><U103/><E120/><V56/><F37/><W38/><G38/><T60/><D112/><U105/><E6/><V68/><F73/><W7/><G122/><T2/><D135/><U88/><E51/><V16/><F68/><W39/><G35/><T104/><D43/><U40/><E40/><V87/><F18/><W63/><G39/><T86/><D86/><U48/><E48/><V21/><F87/><N who="3" m="50551" /><G115/><T80/><D125/><U42/><E42/><V53/><F41/><W28/><G7/><T113/><D113/><U67/><E88/><V127/><F127/><W124/><G119/><T52/><D2/><U29/><E29/><V123/><F123/><W27/><G124/><T116/><D116/><U77/><REACH who="1" step="1"/><E111/><REACH who="1" ten="318,443,86,143" step="2"/><V23/><F66/><W108/><G108/><T10/><D30/><U20/><E20/><V131/><F131/><W84/><G50/><T36/><D36/><U72/><E72/><V12/><F21/><W33/><G33/><T32/><D74/><U102/><E102/><V75/><F75/><W118/><G118/><T44/><D34/><U93/><E93/><V133/><F133/><W8/><G28/><T107/><D32/><U94/><E94/><V45/><REACH who="2" step="1"/><F15/><REACH who="2" ten="318,443,76,143" step="2"/><W89/><G22/><T91/><D107/><U65/><E65/><V101/><AGARI ba="1,2" hai="11,12,16,23,25,31,45,49,53,56,58,92,99,101" machi="101" ten="20,12000,2" yaku="1,1,2,1,0,1,7,1,8,1,54,1,53,0" doraHai="121" doraHaiUra="126" who="2" fromWho="2" sc="318,-31,443,-61,76,143,143,-31" /><INIT seed="6,0,0,5,0,82" ten="287,382,219,112" oya="2" hai0="33,58,89,70,94,72,39,2,91,51,76,67,69" hai1="108,49,31,85,11,55,130,120,40,57,14,131,113" hai2="102,119,47,27,6,16,98,104,28,29,95,18,128" hai3="46,117,116,37,59,21,134,75,90,103,15,107,13"/><V121/><F119/><W112/><G75/><T123/><D123/><U133/><E108/><V125/><F121/><W48/><G37/><T38/><D33/><U110/><E110/><V24/><F128/><W129/><G129/><N who="1" m="49162" /><E113/><V78/><F125/><W105/><G134/><T86/><D2/><U60/><E31/><V96/><F6/><W80/><G112/><T61/><D72/><U36/><E36/><V19/><F78/><W62/><G103/><T97/><D76/><U114/><E133/><V132/><F47/><W26/><G105/><T35/><D35/><U93/><E114/><V52/><F52/><N who="3" m="29719" /><G107/><T99/><D99/><U115/><E115/><V68/><F68/><W44/><G44/><T8/><D8/><U111/><E111/><V41/><F41/><W25/><G117/><T7/><D7/><N who="1" m="3455" /><E120/><V22/><F132/><W20/><G20/><T45/><D70/><U43/><E60/><V81/><F104/><W124/><G124/><T56/><D69/><U83/><E93/><V87/><F95/><W10/><G116/><T127/><D127/><U92/><E92/><V79/><F102/><W53/><G26/><T9/><D9/><U4/><E4/><V109/><F109/><W101/><G10/><T23/><D23/><AGARI ba="0,0" hai="16,18,19,22,23,24,27,28,29,79,81,87,96,98" machi="23" ten="40,12000,1" yaku="9,1,8,1,52,1,54,1" doraHai="82" who="2" fromWho="0" sc="287,-120,382,0,219,120,112,0" /><INIT seed="6,1,0,5,0,62" ten="167,382,339,112" oya="2" hai0="37,47,16,101,93,120,39,104,84,132,44,82,90" hai1="83,105,1,127,50,71,131,7,133,73,107,12,34" hai2="121,72,116,36,52,29,117,17,66,58,53,24,110" hai3="19,76,49,129,119,43,32,40,106,125,134,126,35"/><V87/><F72/><W3/><G119/><T15/><D120/><U8/><E50/><V28/><F36/><W38/><G38/><T63/><D132/><U78/><E71/><V11/><F121/><W79/><G106/><T97/><D63/><U45/><E34/><V2/><F110/><W64/><G3/><T57/><D57/><U122/><E45/><V51/><F2/><W111/><G111/><T67/><D67/><U118/><E118/><V21/><F116/><W95/><G134/><T69/><D69/><U114/><E133/><V102/><F117/><W123/><G123/><T124/><D124/><U6/><E127/><V74/><F74/><W9/><G95/><T77/><D39/><U31/><E31/><V65/><F102/><W22/><G9/><T55/><D55/><U46/><E46/><N who="2" m="27767" /><F87/><W4/><G4/><T128/><D37/><U91/><E6/><V115/><F115/><W99/><G99/><T59/><D59/><U92/><E122/><V108/><F108/><W61/><G35/><T5/><D5/><U81/><E1/><V113/><F113/><W98/><G98/><T48/><D48/><U18/><E7/><V80/><F80/><W25/><G49/><T112/><D112/><U68/><E83/><V14/><F29/><W33/><G32/><T86/><REACH who="0" step="1"/><D128/><REACH who="0" ten="157,382,339,112" step="2"/><U85/><E114/><V54/><F54/><W75/><G129/><T135/><D135/><U13/><E131/><V0/><F0/><W20/><G126/><T70/><D70/><U42/><E68/><V10/><F11/><AGARI ba="1,1" hai="11,15,16,44,47,77,82,84,86,90,93,97,101,104" machi="11" ten="30,7700,0" yaku="1,1,7,1,54,1,53,1" doraHai="62" doraHaiUra="100" who="0" fromWho="2" sc="157,90,382,0,339,-80,112,0" /><INIT seed="7,0,0,2,1,80" ten="247,382,259,112" oya="3" hai0="118,69,122,9,64,85,62,104,31,6,99,127,26" hai1="58,78,101,109,110,114,96,68,76,125,123,119,77" hai2="24,113,88,116,94,53,91,132,41,7,33,44,93" hai3="121,17,14,37,131,43,11,29,19,75,81,60,12"/><W84/><G121/><T42/><D122/><U1/><E68/><V129/><F116/><W3/><G3/><T98/><D118/><U100/><E123/><V10/><F113/><W47/><G131/><T115/><D127/><U67/><E1/><V52/><F132/><W128/><G128/><T105/><D42/><U32/><E32/><V106/><F106/><W0/><G0/><T89/><D105/><U130/><E130/><V87/><F24/><W95/><G29/><T120/><D115/><U30/><E30/><V22/><F22/><W56/><G95/><T36/><D36/><U124/><E67/><V133/><F33/><W111/><G75/><T34/><D104/><N who="1" m="63495" /><E58/><V50/><F133/><W45/><G111/><N who="1" m="42506" /><E119/><V92/><F129/><W103/><G103/><T23/><D34/><U4/><E4/><V54/><F91/><W39/><G39/><T79/><D79/><U18/><E18/><V55/><N who="2" m="13568" /><DORA hai="13" /><V28/><F28/><W8/><G43/><T59/><D69/><U65/><E65/><V40/><F41/><W70/><G70/><T107/><D107/><U72/><E114/><V135/><F135/><W73/><G73/><T134/><D134/><U25/><E25/><V38/><F38/><W27/><G27/><T57/><D57/><U117/><E117/><V82/><F7/><W61/><G37/><T16/><D31/><U74/><E101/><V97/><F10/><W2/><G2/><N who="0" m="215" /><D120/><U21/><E21/><V126/><F126/><AGARI ba="0,0" hai="72,74,76,77,78,124,125,126" m="42506,63495" machi="126" ten="40,5200,0" yaku="18,1,34,2" doraHai="80,13" who="1" fromWho="2" sc="247,0,382,52,259,-52,112,0" owari="247,5.0,434,53.0,207,-19.0,112,-39.0" /></mjloggm>