<mjloggm ver="2.3"><GO type="41" lobby="0"/><UN n0="%6C%69%65%62%65" n1="%47%61%6D%62%69%74" n2="%E2%93%9D%53%75%70%68%78" n3="%E3%83%AA%E3%83%BC%E3%83%81%31%32%31%38" dan="15,15,17,15" rate="1933.85,2037.65,2048.67,1913.37" sx="F,F,M,M"/><TAIKYOKU oya="0"/><INIT seed="0,0,0,2,3,83" ten="250,250,250,250" oya="0" hai0="76,58,19,68,14,64,104,135,119,27,0,34,94" hai1="69,113,116,15,21,36,44,37,108,107,33,87,61" hai2="121,80,38,71,2,117,35,109,8,24,5,3,89" hai3="39,29,73,63,9,67,25,131,53,79,86,127,122"/><T65/><D119/><U20/><E116/><V31/><F117/><W91/><G39/><T90/><D104/><U112/><E107/><V92/><F121/><W106/><G106/><T101/><D0/><U95/><E33/><V54/><F71/><W110/><G110/><T124/><D68/><U78/><E108/><V6/><F109/><W96/><G73/><T45/><D101/><U23/><E15/><V129/><F129/><W93/><G127/><T43/><D124/><U56/><E69/><V115/><F80/><W134/><G134/><T118/><D76/><U70/><E70/><V28/><F28/><W111/><G111/><T72/><D72/><U130/><E130/><V1/><F38/><W126/><G131/><T100/><D100/><U66/><E78/><V99/><F115/><N who="1" m="44105" /><E44/><V18/><F18/><W132/><G122/><T62/><D34/><U42/><E42/><V97/><F6/><W77/><G79/><T41/><D135/><U52/><E66/><V103/><REACH who="2" step="1"/><F54/><REACH who="2" ten="250,250,240,250" step="2"/><W98/><G53/><N who="0" m="34127" /><D118/><U40/><E40/><V10/><F10/><W17/><G9/><N who="0" m="6607" /><D43/><U123/><E123/><V81/><F81/><W102/><G126/><T125/><D125/><U82/><E82/><V49/><F49/><W30/><G132/><T26/><D65/><U114/><N who="1" m="44113" /><U12/><DORA hai="11" /><E12/><V105/><AGARI ba="0,1" hai="1,2,3,5,8,24,31,35,89,92,97,99,103,105" machi="105" ten="20,5200,0" yaku="1,1,0,1,7,1,53,1" doraHai="83,11" doraHaiUra="133,85" who="2" fromWho="2" sc="250,-26,250,-13,240,62,250,-13" /><INIT seed="1,0,0,5,3,133" ten="224,237,302,237" oya="1" hai0="14,33,1,28,76,77,132,93,116,129,36,102,125" hai1="39,53,34,17,83,43,56,0,115,57,3,2,69" hai2="12,50,9,85,91,75,128,23,84,79,108,66,92" hai3="61,96,95,126,58,121,80,81,123,64,10,87,112"/><U8/><E115/><V98/><F108/><W134/><G112/><T120/><D1/><U68/><E34/><V41/><F128/><W60/><G134/><T35/><D36/><U6/><E17/><V26/><F75/><W7/><G126/><T25/><D116/><U94/><E94/><V127/><F66/><W118/><G118/><T104/><D35/><U113/><E113/><V86/><F127/><W21/><G61/><T29/><D29/><U51/><E56/><V89/><F79/><W105/><G105/><T78/><D132/><U90/><E90/><V131/><F131/><W54/><G64/><T122/><D129/><U82/><E68/><V49/><F41/><W55/><G54/><T106/><D14/><U38/><E69/><V111/><F111/><W65/><G65/><T67/><D67/><U46/><REACH who="1" step="1"/><E38/><REACH who="1" ten="224,227,302,237" step="2"/><V119/><F91/><W100/><G121/><N who="0" m="46699" /><D125/><U27/><E27/><V42/><F119/><W48/><G123/><T19/><D19/><U88/><E88/><V107/><F107/><W18/><G18/><T40/><D106/><U5/><E5/><N who="2" m="3119" /><F26/><W24/><G24/><T37/><D104/><U32/><E32/><V20/><F20/><W45/><G21/><T30/><D25/><U97/><E97/><V103/><F23/><W73/><G58/><T70/><D33/><U11/><E11/><V72/><F89/><W130/><G10/><T52/><D70/><U59/><E59/><V15/><F92/><W135/><G130/><T99/><D37/><U16/><E16/><V124/><F124/><W114/><G135/><T22/><D93/><RYUUKYOKU ba="0,1" sc="224,-10,227,30,302,-10,237,-10" hai1="0,2,3,6,8,39,43,46,51,53,57,82,83" /><INIT seed="1,1,1,3,0,15" ten="214,257,292,227" oya="1" hai0="51,122,115,9,25,96,42,73,101,66,118,93,94" hai1="10,105,26,1,39,3,65,24,86,78,69,98,49" hai2="85,70,36,46,5,71,6,47,18,30,58,21,76" hai3="27,62,100,89,29,11,32,104,44,41,81,135,112"/><U59/><E39/><V132/><F30/><W87/><G135/><T63/><D115/><U88/><E69/><V119/><F119/><W134/><G134/><T45/><D118/><U38/><E38/><V99/><F132/><W22/><G112/><T133/><D133/><U128/><E128/><V4/><F99/><W90/><G100/><T20/><D73/><U0/><E78/><V56/><F36/><W68/><G104/><T102/><D9/><U79/><E79/><V37/><F71/><W60/><G32/><T111/><D111/><U54/><E65/><V43/><F47/><W77/><G60/><T84/><D84/><U117/><E117/><V124/><F124/><W114/><G114/><T64/><D122/><U67/><E67/><V92/><F70/><W83/><G62/><T107/><D63/><U48/><E48/><V129/><F129/><W13/><G83/><T17/><REACH who="0" step="1"/><D107/><REACH who="0" ten="204,257,292,227" step="2"/><U91/><E10/><V8/><F8/><W120/><G120/><T80/><D80/><U19/><E86/><V110/><F110/><W95/><G95/><T97/><AGARI ba="1,2" hai="17,20,25,42,45,51,64,66,93,94,96,97,101,102" machi="97" ten="30,8000,1" yaku="1,1,0,1,9,1,8,1,52,1,53,0" doraHai="15" doraHaiUra="7" who="0" fromWho="0" sc="204,103,257,-41,292,-21,227,-21" /><INIT seed="2,0,0,0,1,81" ten="307,216,271,206" oya="2" hai0="59,63,88,130,19,52,77,112,66,34,104,72,73" hai1="129,22,14,113,24,69,47,20,7,117,17,51,97" hai2="95,79,2,67,61,64,76,45,111,107,86,8,33" hai3="13,21,91,85,55,37,131,3,35,12,127,29,54"/><V119/><F107/><W75/><G75/><T96/><D112/><U115/><E117/><V108/><F33/><W123/><G37/><T102/><D130/><U122/><E129/><V44/><F119/><W9/><G3/><T42/><D34/><U23/><E69/><V83/><F79/><W10/><G127/><T40/><D19/><U103/><E122/><V16/><F95/><W43/><G43/><T135/><D135/><U93/><E113/><V50/><F45/><W38/><G38/><T92/><D73/><U98/><E115/><V120/><F120/><W28/><G35/><T78/><D78/><U68/><E68/><V58/><F67/><W30/><G21/><T109/><D109/><N who="2" m="42058" /><F2/><W82/><G131/><T110/><D110/><U70/><E70/><V36/><F36/><W6/><REACH who="3" step="1"/><G123/><REACH who="3" ten="307,216,271,196" step="2"/><T126/><D126/><U46/><E20/><V132/><F132/><W62/><G62/><T114/><D114/><U71/><E22/><V15/><F44/><W48/><G48/><AGARI ba="0,1" hai="8,15,16,48,50,58,61,64,76,83,86" m="42058" machi="48" ten="30,11600,0" yaku="14,1,10,1,52,1,54,1" doraHai="81" who="2" fromWho="3" sc="307,0,216,0,271,126,196,-116" /><INIT seed="2,1,0,1,3,72" ten="307,216,397,80" oya="2" hai0="12,32,18,66,109,24,53,47,15,70,11,33,111" hai1="113,97,123,127,100,112,20,62,51,85,4,45,86" hai2="55,79,49,2,8,116,19,124,92,107,134,31,54" hai3="0,131,30,48,64,57,7,81,110,105,37,118,21"/><V121/><F116/><W27/><G118/><T108/><D70/><U61/><E123/><V25/><F107/><W133/><G37/><T65/><D53/><U130/><E130/><V75/><F134/><W40/><G110/><T13/><D47/><U74/><E74/><V26/><F124/><W50/><G105/><T94/><D94/><N who="1" m="58423" /><E112/><V35/><F121/><W96/><G131/><T42/><D42/><N who="1" m="25015" /><E113/><V102/><F26/><W93/><G7/><T58/><D58/><U117/><E117/><V135/><F135/><W68/><G0/><T10/><D24/><U119/><E119/><V122/><F122/><W78/><G68/><T3/><D3/><U71/><E127/><V88/><F102/><W14/><G133/><T29/><D29/><U114/><E4/><V36/><F36/><W132/><G132/><T126/><D126/><U39/><E39/><V38/><F38/><W101/><G40/><T84/><D84/><N who="1" m="32363" /><E71/><V59/><F2/><W1/><G1/><T17/><REACH who="0" step="1"/><D13/><REACH who="0" ten="297,216,397,80" step="2"/><U82/><E114/><V128/><F128/><W28/><G14/><T5/><D5/><U44/><E44/><V99/><F55/><W67/><G30/><T104/><D104/><U69/><E82/><V41/><F41/><W91/><G67/><AGARI ba="1,1" hai="10,11,12,15,17,18,32,33,65,66,67,108,109,111" machi="67" ten="40,5200,0" yaku="1,1,9,1,14,1,53,0" doraHai="72" doraHaiUra="95" who="0" fromWho="3" sc="297,65,216,0,397,0,80,-55" /><INIT seed="3,0,0,4,5,19" ten="362,216,397,25" oya="3" hai0="96,34,68,25,132,99,65,2,119,135,0,81,75" hai1="85,66,121,56,3,62,74,7,54,108,114,13,95" hai2="40,28,6,100,127,49,22,78,30,77,124,73,5" hai3="23,84,71,91,113,14,120,52,134,86,47,82,27"/><W89/><G113/><T44/><D119/><U123/><E114/><V21/><F100/><W55/><G134/><N who="0" m="51243" /><D44/><U116/><E74/><V45/><F73/><W8/><G120/><T131/><D131/><U90/><E116/><V43/><F49/><W88/><G71/><T92/><D65/><U72/><E72/><V104/><REACH who="2" step="1"/><F45/><REACH who="2" ten="362,216,387,25" step="2"/><W57/><G47/><T10/><D75/><U18/><E121/><V61/><F61/><N who="3" m="36007" /><G55/><T125/><D125/><U35/><E54/><V63/><F63/><W16/><G86/><T70/><D99/><U106/><E123/><V41/><F41/><W76/><G76/><T48/><D96/><U102/><E85/><V93/><F93/><W126/><G126/><T112/><D92/><U17/><E95/><V67/><F67/><W15/><G15/><T39/><D112/><U46/><E46/><V11/><F11/><W94/><G94/><T12/><D48/><U24/><E66/><V130/><F130/><W129/><G129/><T128/><D128/><U110/><E13/><V4/><F4/><AGARI ba="0,1" hai="4,8,14,16,23,27,82,84,88,89,91" m="36007" machi="4" ten="30,12000,1" yaku="8,1,52,1,54,3" doraHai="19" who="3" fromWho="2" sc="362,0,216,0,387,-120,25,130" /><INIT seed="3,1,0,0,0,7" ten="362,216,267,155" oya="3" hai0="47,13,106,36,118,56,70,71,112,85,17,40,62" hai1="107,49,43,15,65,89,57,94,9,23,135,114,133" hai2="33,124,2,105,22,64,93,132,113,101,84,116,55" hai3="35,12,69,24,68,83,127,5,81,45,88,31,121"/><W38/><G127/><T51/><D118/><U44/><E114/><V120/><F33/><W21/><G121/><T10/><D106/><U63/><E107/><V27/><F2/><W59/><G59/><T96/><D112/><U90/><E23/><V100/><F132/><N who="1" m="50761" /><E94/><V46/><F64/><W87/><G81/><T60/><D96/><U123/><E123/><V95/><F124/><W73/><G73/><T66/><D85/><U52/><E65/><V104/><F116/><W58/><G58/><T99/><D99/><U37/><E37/><V39/><F39/><W108/><G108/><T97/><D62/><U32/><E32/><V14/><F105/><W115/><G115/><T125/><D125/><U117/><E117/><V91/><F104/><W111/><G111/><T28/><D28/><U34/><E34/><V131/><F113/><W50/><G38/><T61/><D61/><U77/><E77/><V29/><F120/><W129/><G35/><T53/><D97/><U19/><AGARI ba="1,0" hai="9,15,19,43,44,49,52,57,63,89,90" m="50761" machi="19" ten="30,4000,0" yaku="20,1,52,1,54,1" doraHai="7" who="1" fromWho="1" sc="362,-11,216,43,267,-11,155,-21" /><INIT seed="4,0,0,1,4,89" ten="351,259,256,134" oya="0" hai0="58,18,44,119,66,49,45,131,99,41,50,11,111" hai1="46,17,91,92,71,64,118,30,123,13,101,6,69" hai2="82,75,107,62,32,61,56,106,126,78,54,4,19" hai3="86,127,125,24,27,81,33,59,57,112,84,128,68"/><T120/><D119/><U35/><E118/><V90/><F32/><W85/><G68/><T2/><D120/><U116/><E116/><V105/><F126/><N who="3" m="48139" /><G81/><T67/><D131/><U1/><E123/><V72/><F4/><W51/><G51/><T16/><D111/><U77/><E77/><V117/><F117/><W97/><G97/><T124/><D124/><U114/><E46/><V43/><F43/><W93/><G112/><T34/><D34/><U129/><E114/><V83/><F19/><N who="0" m="7210" /><D11/><U104/><E129/><V130/><F130/><W42/><G128/><T121/><D2/><U15/><E1/><V132/><F132/><W37/><G33/><T0/><D0/><U40/><E69/><V22/><F22/><W76/><G76/><T38/><D38/><U60/><E35/><V74/><F78/><W88/><G37/><T53/><D121/><U12/><E71/><V80/><F90/><W25/><G42/><N who="0" m="24727" /><D99/><U7/><E12/><V109/><REACH who="2" step="1"/><F109/><REACH who="2" ten="351,259,246,134" step="2"/><W73/><G88/><T48/><AGARI ba="0,1" hai="41,45,48,50,53,58,66,67" m="24727,7210" machi="48" ten="30,3000,0" yaku="8,1,54,1" doraHai="89" who="0" fromWho="0" sc="351,40,259,-10,246,-10,134,-10" /><INIT seed="4,1,0,3,3,52" ten="391,249,236,124" oya="0" hai0="30,80,6,92,126,12,4,58,15,122,22,20,48" hai1="108,133,97,16,38,121,112,119,83,3,129,75,49" hai2="53,44,41,46,66,37,88,56,99,27,19,120,132" hai3="130,124,23,107,11,63,5,86,69,34,31,84,104"/><T8/><D122/><U116/><RYUUKYOKU type="yao9" ba="1,0" sc="391,0,249,0,236,0,124,0" hai1="3,16,38,49,75,83,97,108,112,116,119,121,129,133" /><INIT seed="4,2,0,3,0,28" ten="391,249,236,124" oya="0" hai0="32,81,44,49,94,19,50,57,97,5,102,58,68" hai1="122,48,99,23,101,73,104,52,45,0,17,64,3" hai2="134,105,16,123,55,59,75,107,109,125,124,90,117" hai3="18,24,84,111,37,11,15,85,14,60,6,89,77"/><T12/><D68/><U82/><E122/><V9/><F123/><W115/><G115/><T27/><D81/><U51/><E64/><V120/><F120/><W127/><G127/><N who="2" m="48713" /><F109/><W114/><G114/><T88/><D5/><U20/><E20/><V95/><F75/><W92/><G37/><T7/><D7/><U65/><E65/><V128/><F134/><W41/><G41/><T67/><D50/><U112/><E112/><V62/><F128/><W71/><G71/><T78/><D78/><U133/><E133/><V21/><F9/><W130/><G130/><T116/><D102/><U121/><E121/><V93/><F117/><W26/><G111/><T34/><D27/><U63/><E63/><V39/><F39/><W96/><G60/><T4/><D4/><U46/><E73/><V42/><F42/><W80/><REACH who="3" step="1"/><G96/><REACH who="3" ten="391,249,236,114" step="2"/><T72/><D97/><U91/><E48/><V106/><F90/><W69/><G69/><T100/><D88/><U98/><E98/><V70/><F70/><W66/><G66/><T2/><D67/><U119/><E119/><V30/><F30/><W61/><G61/><T35/><D49/><U87/><REACH who="1" step="1"/><E45/><REACH who="1" ten="391,239,236,114" step="2"/><V13/><AGARI ba="2,2" hai="13,16,21,55,59,62,93,95,105,106,107" m="48713" machi="13" ten="40,2700,0" yaku="18,1,54,1" doraHai="28" who="2" fromWho="2" sc="391,-15,239,-9,236,53,114,-9" /><INIT seed="5,0,0,0,5,9" ten="376,230,289,105" oya="1" hai0="3,105,98,124,90,92,122,40,33,38,18,127,120" hai1="35,77,110,58,52,135,45,109,64,62,57,49,100" hai2="76,32,36,65,15,29,13,126,112,70,47,85,20" hai3="56,93,129,68,78,48,108,25,114,63,97,134,89"/><U115/><E35/><V61/><F32/><W23/><G114/><T44/><D3/><U95/><E77/><V74/><F74/><W14/><G129/><T19/><D33/><U26/><E115/><V132/><F126/><N who="0" m="48170" /><D105/><U88/><E100/><V103/><F132/><W51/><G134/><T94/><D94/><U113/><E113/><V22/><F112/><W81/><G68/><T43/><D43/><U39/><E135/><V66/><F66/><W125/><G108/><N who="1" m="41578" /><E26/><V6/><F6/><W106/><G106/><T31/><D31/><U55/><E88/><V87/><F103/><W17/><G125/><T128/><D128/><U16/><E95/><V41/><F76/><W27/><G25/><T69/><D69/><N who="1" m="42135" /><E16/><AGARI ba="0,0" hai="16,18,19,38,40,44,90,92,98,120,122" m="48170" machi="16" ten="30,2000,0" yaku="18,1,54,1" doraHai="9" who="0" fromWho="1" sc="376,20,230,-20,289,0,105,0" /><INIT seed="6,0,0,4,5,105" ten="396,210,289,105" oya="2" hai0="83,19,73,64,11,26,81,23,79,109,5,25,125" hai1="116,89,78,119,96,53,134,124,76,86,21,74,63" hai2="55,122,16,0,129,32,48,112,69,8,100,99,43" hai3="3,92,45,20,36,121,107,85,52,10,84,128,37"/><V130/><F122/><W91/><G128/><N who="2" m="49257" /><F69/><W29/><G107/><T87/><D109/><U35/><E35/><V57/><F32/><W126/><G126/><T6/><D125/><U41/><E124/><V30/><F30/><W133/><G133/><T28/><D64/><U88/><E41/><V56/><F43/><W131/><G121/><T104/><D104/><U49/><E134/><V2/><F57/><W27/><G131/><T80/><D87/><U24/><E63/><V120/><F112/><W117/><G117/><T58/><D58/><U31/><E116/><V113/><F113/><W46/><G46/><T77/><D77/><U71/><E119/><V60/><F60/><W15/><G84/><T39/><D39/><U93/><E74/><V68/><F68/><W65/><G3/><T106/><D6/><U70/><E70/><V123/><F123/><W108/><G108/><T38/><D38/><U90/><E71/><V110/><F110/><W111/><G65/><T13/><D106/><U115/><E115/><V59/><F59/><W17/><REACH who="3" step="1"/><G111/><REACH who="3" ten="396,210,289,95" step="2"/><T98/><D98/><U61/><E86/><V14/><F120/><W9/><G9/><T67/><D67/><U51/><E61/><V33/><F2/><W54/><G54/><T34/><AGARI ba="0,1" hai="5,11,13,19,23,25,26,28,34,73,79,80,81,83" machi="34" ten="20,2700,0" yaku="0,1,7,1,52,1" doraHai="105" who="0" fromWho="0" sc="396,37,210,-7,289,-13,95,-7" /><INIT seed="7,0,0,0,0,123" ten="433,203,276,88" oya="3" hai0="65,99,118,8,76,96,90,115,74,58,72,4,37" hai1="62,75,117,41,0,2,23,68,127,125,3,33,101" hai2="26,131,66,15,40,39,28,116,17,44,31,103,1" hai3="82,107,19,50,98,9,7,110,13,43,97,112,95"/><W20/><G112/><T113/><D37/><U80/><E23/><V27/><F1/><W124/><G124/><N who="1" m="47690" /><E33/><V100/><F131/><W52/><G43/><T91/><D91/><U16/><E117/><V24/><F66/><W55/><G107/><T38/><D99/><U45/><E101/><V105/><F116/><W108/><G82/><T53/><D53/><N who="3" m="20553" /><G50/><T73/><D58/><U132/><E132/><V87/><F105/><W42/><G42/><T56/><D65/><N who="1" m="41015" /><E75/><V67/><F67/><W63/><G63/><T126/><D90/><U64/><E64/><V79/><F103/><W36/><G36/><T70/><D38/><N who="1" m="21687" /><E80/><V11/><F100/><W85/><G95/><T104/><D104/><U81/><E81/><V119/><F119/><W94/><G94/><T12/><D126/><U47/><E47/><V46/><F46/><W25/><G85/><T49/><D118/><U106/><E106/><V102/><F102/><W84/><G84/><T109/><D115/><U89/><E89/><V83/><AGARI ba="0,0" hai="11,15,17,24,26,27,28,31,39,40,44,79,83,87" machi="83" ten="30,1100,0" yaku="0,1" doraHai="123" who="2" fromWho="2" sc="433,-3,203,-3,276,11,88,-5" owari="430,53.0,200,-20.0,287,9.0,83,-42.0" /></mjloggm>