<mjloggm ver="2.3"><GO type="41" lobby="0"/><UN n0="%E8%8F%8A%E6%B1%A0%E3%81%88%E3%82%8A" n1="%E2%93%9D%4E%41%47%41%32%35" n2="%E2%93%9D%53%75%70%68%78" n3="%E3%83%91%E3%82%AA%E3%83%91%E3%82%AA%E3%81%A7%E3%81%8B%E7%BE%8E" dan="14,17,18,15" rate="1897.10,2099.60,2079.79,1971.55" sx="F,F,M,M"/><TAIKYOKU oya="0"/><INIT seed="0,0,0,2,5,115" ten="250,250,250,250" oya="0" hai0="94,52,24,118,130,91,113,129,116,13,120,80,60" hai1="19,78,29,58,67,83,99,121,30,0,135,68,36" hai2="93,100,111,9,122,5,131,6,8,57,89,4,101" hai3="18,74,109,17,88,86,69,98,97,92,104,34,46"/><T114/><D80/><U43/><E121/><V125/><F111/><W31/><G69/><T3/><D3/><U38/><E68/><V22/><F125/><W85/><G74/><T132/><D24/><U66/><E0/><V128/><F57/><W81/><G109/><T61/><D13/><U56/><E99/><V51/><F51/><W7/><G7/><T103/><D103/><N who="2" m="39498" /><F22/><W75/><G75/><T53/><D94/><U112/><E112/><N who="0" m="43113" /><D91/><U26/><E19/><V49/><F49/><W62/><G104/><T45/><D120/><U79/><E83/><V96/><F122/><W126/><G126/><T39/><D132/><U2/><E2/><V87/><F96/><W20/><G46/><T102/><D102/><U28/><E28/><V110/><F110/><W14/><G34/><T10/><D10/><U108/><E108/><V15/><F9/><W84/><G31/><T23/><D23/><U82/><E82/><V117/><F6/><W55/><G98/><T40/><D53/><U32/><E26/><V48/><F5/><W107/><G107/><T127/><D127/><U64/><E135/><V73/><F73/><W1/><G1/><T70/><D61/><U35/><E67/><V59/><F93/><W124/><G124/><T21/><D21/><U25/><E25/><V106/><F106/><W76/><G18/><T63/><D63/><U65/><E65/><V27/><F27/><W119/><REACH who="3" step="1"/><G119/><REACH who="3" ten="250,250,250,240" step="2"/><N who="0" m="45611" /><D70/><U33/><E33/><V105/><F117/><W134/><G134/><T37/><D37/><U44/><E35/><V90/><F105/><W54/><G54/><RYUUKYOKU ba="0,1" sc="250,15,250,-15,250,-15,240,15" hai0="39,40,45,52,60,129,130" hai3="14,17,20,55,62,76,81,84,85,86,88,92,97" /><INIT seed="0,1,1,2,4,104" ten="265,235,235,255" oya="0" hai0="20,78,109,75,131,7,93,102,47,69,83,11,123" hai1="35,29,100,32,33,38,55,39,113,57,0,124,28" hai2="1,99,37,72,129,43,97,114,50,86,134,96,89" hai3="30,21,88,26,68,110,73,67,46,31,79,51,95"/><T64/><D123/><U45/><E0/><V128/><F37/><W126/><G110/><T13/><D109/><U103/><E124/><V66/><F1/><W105/><G105/><T76/><D131/><N who="2" m="50250" /><F66/><W98/><G126/><T34/><D34/><U56/><E113/><V36/><F50/><W135/><G135/><T2/><D78/><U54/><E35/><V23/><F23/><W49/><G49/><T22/><D13/><U111/><E111/><V133/><F43/><W127/><G127/><T15/><D15/><U10/><E10/><V91/><F36/><W112/><G112/><T58/><D58/><U130/><E130/><V60/><F60/><W118/><G118/><T84/><D47/><AGARI ba="1,1" hai="28,29,32,33,38,39,45,47,54,55,56,57,100,103" machi="47" ten="25,1600,0" yaku="22,2" doraHai="104" who="1" fromWho="0" sc="265,-19,235,29,235,0,255,0" /><INIT seed="1,0,0,3,0,117" ten="246,264,235,255" oya="1" hai0="103,55,44,94,116,18,74,63,76,43,77,21,129" hai1="73,53,96,67,71,0,83,45,12,113,1,47,127" hai2="131,95,110,9,128,8,57,58,124,107,122,89,114" hai3="109,62,10,65,120,98,20,30,28,50,38,41,40"/><U37/><E113/><V46/><F107/><W36/><G109/><T130/><D116/><U33/><E33/><V42/><F124/><W11/><G50/><T29/><D29/><U126/><E12/><V108/><F95/><W51/><G51/><T105/><D94/><U97/><E53/><V86/><F86/><W80/><G98/><T81/><D77/><U61/><E97/><V68/><F89/><W70/><G80/><T64/><D55/><U72/><E96/><V56/><F9/><W112/><G112/><T69/><D103/><U111/><E111/><N who="2" m="42539" /><F8/><W88/><G88/><T90/><D90/><U6/><E6/><V79/><F79/><W48/><G48/><T14/><REACH who="0" step="1"/><D105/><REACH who="0" ten="236,264,235,255" step="2"/><U104/><E104/><V22/><F114/><W75/><G41/><T121/><D121/><U27/><E127/><V115/><F122/><W118/><G118/><T100/><D100/><U16/><E126/><V24/><F115/><W2/><G120/><T39/><AGARI ba="0,1" hai="14,18,21,39,43,44,63,64,69,74,76,81,129,130" machi="39" ten="30,2000,0" yaku="1,1,0,1,53,0" doraHai="117" doraHaiUra="31" who="0" fromWho="0" sc="236,30,264,-10,235,-5,255,-5" /><INIT seed="2,0,0,5,1,9" ten="266,254,230,250" oya="2" hai0="26,33,40,45,104,110,20,91,69,39,23,134,92" hai1="77,114,105,2,94,47,128,109,3,17,103,16,63" hai2="98,6,58,74,42,83,99,44,81,89,66,52,102" hai3="111,51,129,100,127,97,7,15,49,80,120,79,65"/><V4/><F66/><W71/><G120/><T73/><D104/><U13/><E114/><V0/><F0/><W107/><G111/><T108/><D69/><U101/><E105/><V82/><F74/><W18/><G129/><T34/><D73/><U41/><E109/><N who="0" m="42089" /><D23/><U25/><E77/><V21/><F89/><W24/><G7/><T60/><D60/><U115/><E115/><V87/><F87/><W121/><G121/><T11/><D11/><U76/><E76/><V86/><F86/><W35/><G35/><T93/><D134/><U122/><E122/><V8/><F21/><W88/><G71/><T90/><D93/><U78/><E63/><V50/><F102/><W133/><G65/><T61/><D61/><U57/><E94/><V22/><F22/><W36/><G36/><T126/><D126/><U43/><E128/><V64/><F64/><W95/><G127/><T19/><D92/><U106/><E106/><V56/><F56/><W113/><G133/><T10/><D10/><U14/><E57/><V38/><REACH who="2" step="1"/><F6/><REACH who="2" ten="266,254,220,250" step="2"/><W31/><G113/><T62/><D62/><U130/><E130/><V68/><F68/><W28/><G100/><T84/><D84/><U118/><E78/><V29/><F29/><N who="3" m="11339" /><G107/><T54/><D54/><U53/><E53/><V55/><F55/><W125/><G125/><T75/><D75/><U119/><E47/><V124/><F124/><W70/><G70/><T96/><D96/><U85/><E85/><V72/><F72/><N who="3" m="43111" /><G24/><AGARI ba="0,1" hai="2,3,13,14,16,17,24,25,41,43,101,103,118,119" machi="24" ten="25,8000,1" yaku="22,2,52,2,54,1" doraHai="9" who="1" fromWho="3" sc="266,0,254,90,220,0,250,-80" /><INIT seed="3,0,0,0,1,109" ten="266,344,220,170" oya="3" hai0="122,77,108,133,3,107,31,85,89,18,59,131,41" hai1="23,121,123,87,100,102,105,53,135,103,61,90,126" hai2="43,88,93,10,47,70,9,21,95,32,106,78,44" hai3="73,76,22,92,42,91,24,84,0,115,34,56,7"/><W60/><G34/><T111/><D3/><U20/><E105/><V38/><F106/><W36/><G36/><T67/><D107/><U79/><E79/><V51/><F32/><W80/><G42/><T68/><D122/><U98/><E98/><V52/><F70/><W49/><G49/><T37/><D31/><U30/><E135/><V82/><F95/><W62/><G115/><T1/><D1/><U114/><E126/><V27/><F82/><W134/><G134/><T74/><D133/><U64/><E53/><V35/><F78/><W119/><G119/><T72/><D59/><U127/><E127/><V129/><F129/><W11/><REACH who="3" step="1"/><G56/><REACH who="3" ten="266,344,220,160" step="2"/><T124/><D41/><U39/><E39/><V33/><F33/><W130/><G130/><T26/><D37/><U69/><E114/><V48/><F35/><W12/><G12/><T8/><D131/><U99/><E123/><V86/><REACH who="2" step="1"/><F38/><REACH who="2" ten="266,344,210,160" step="2"/><W13/><G13/><T97/><D111/><U101/><E121/><V54/><F54/><W45/><G45/><T63/><D108/><U65/><E69/><V55/><F55/><W118/><G118/><T66/><D68/><U104/><E104/><V5/><F5/><W4/><G4/><T71/><D71/><U116/><E116/><V120/><F120/><W125/><G125/><T14/><D124/><U19/><E65/><V2/><F2/><W6/><G6/><T16/><D67/><U128/><E128/><V46/><F46/><W15/><G15/><T96/><D66/><U132/><E64/><V75/><F75/><W83/><G83/><T40/><D74/><RYUUKYOKU ba="0,2" sc="266,-15,344,-15,210,15,160,15" hai2="9,10,21,27,43,44,47,48,51,52,86,88,93" hai3="0,7,11,22,24,60,62,73,76,80,84,91,92" /><INIT seed="3,1,2,1,3,23" ten="251,329,225,175" oya="3" hai0="114,113,99,11,111,22,28,80,57,84,109,7,24" hai1="19,124,4,96,1,87,92,86,14,12,95,119,61" hai2="85,17,131,32,16,121,97,38,93,2,108,98,39" hai3="45,68,73,129,29,8,130,105,82,118,67,76,112"/><W70/><G118/><T71/><D71/><U48/><E119/><V104/><F2/><W117/><G117/><T88/><D99/><U69/><E124/><V58/><F32/><W74/><G112/><N who="0" m="43115" /><D57/><U64/><E1/><AGARI ba="1,2" hai="1,7,11,22,24,28,80,84,88,109,111" m="43115" machi="1" ten="30,3900,0" yaku="11,1,52,1,54,1" doraHai="23" who="0" fromWho="1" sc="251,62,329,-42,225,0,175,0" /><INIT seed="4,0,0,0,5,110" ten="313,287,225,175" oya="0" hai0="118,82,112,8,68,32,17,30,31,78,21,29,105" hai1="97,55,1,72,5,65,77,115,28,127,3,106,36" hai2="57,71,130,96,51,125,86,37,59,90,131,49,121" hai3="124,85,122,119,132,42,33,10,83,45,15,76,64"/><T95/><D105/><U87/><E36/><V81/><F37/><W12/><G122/><T2/><D118/><U99/><E72/><V56/><F121/><W133/><G33/><T113/><D68/><U104/><E65/><V25/><F71/><W62/><G119/><T13/><D95/><U98/><E28/><V19/><F125/><W117/><G124/><T103/><D103/><U6/><E127/><V35/><F96/><W60/><G117/><T26/><D82/><U4/><E55/><V61/><F61/><W14/><G10/><T134/><D78/><U44/><E44/><V22/><REACH who="2" step="1"/><F35/><REACH who="2" ten="313,287,215,175" step="2"/><W94/><G133/><T116/><D134/><U70/><E70/><V0/><F0/><W74/><G132/><T41/><D116/><U48/><E3/><V109/><F109/><W39/><G64/><T114/><D41/><U89/><E1/><V126/><F126/><W108/><G108/><T129/><D129/><AGARI ba="0,1" hai="19,22,25,49,51,56,57,59,81,86,90,129,130,131" machi="129" ten="40,2600,0" yaku="1,1,19,1,53,0" doraHai="110" doraHaiUra="43" who="2" fromWho="0" sc="313,-26,287,0,215,36,175,0" /><INIT seed="5,0,0,1,2,123" ten="287,287,251,175" oya="1" hai0="58,75,122,100,99,133,6,48,53,101,97,66,73" hai1="0,16,59,98,109,103,46,18,115,95,107,80,60" hai2="14,70,120,36,43,3,72,84,55,105,126,47,27" hai3="26,35,63,93,132,45,54,49,19,119,41,125,37"/><U79/><E115/><V108/><F120/><W39/><G119/><T88/><D122/><U30/><E0/><V87/><F105/><W114/><G114/><T130/><D130/><U82/><E30/><V31/><F72/><W57/><G132/><T40/><D133/><U129/><E129/><V24/><F3/><W85/><G125/><T10/><D75/><U5/><E5/><V135/><F27/><W68/><G68/><T1/><D73/><U104/><E46/><V21/><F70/><W8/><G35/><T78/><D78/><U64/><E109/><V76/><F108/><W83/><G93/><T28/><D28/><U92/><E107/><V134/><F126/><W25/><G39/><T116/><D116/><U89/><E104/><V23/><F55/><W9/><G37/><T127/><D127/><U32/><E32/><V13/><F135/><W22/><REACH who="3" step="1"/><G25/><REACH who="3" ten="287,287,251,165" step="2"/><T96/><D66/><U131/><E131/><V12/><F134/><W56/><G56/><T62/><D40/><U51/><E95/><V42/><F42/><W113/><G113/><T91/><REACH who="0" step="1"/><D62/><REACH who="0" ten="277,287,251,165" step="2"/><U67/><E67/><V94/><F43/><W44/><G44/><T34/><D34/><U29/><E60/><V77/><F47/><W110/><G110/><T128/><D128/><U124/><E64/><V111/><F111/><W2/><G2/><T50/><D50/><U90/><E51/><V102/><F36/><W52/><G52/><T71/><D71/><U86/><E124/><V65/><F65/><W15/><G15/><T33/><D33/><U38/><E38/><V81/><F14/><RYUUKYOKU ba="0,2" sc="277,15,287,-15,251,-15,165,15" hai0="1,6,10,48,53,58,88,91,96,97,99,100,101" hai3="8,9,19,22,26,41,45,49,54,57,63,83,85" /><INIT seed="6,1,2,4,2,11" ten="292,272,236,180" oya="2" hai0="123,47,7,54,78,135,75,29,15,80,121,10,36" hai1="63,3,43,103,57,90,32,85,134,8,52,26,76" hai2="50,21,27,97,65,96,38,42,92,117,133,68,56" hai3="72,22,124,131,99,91,89,104,107,127,6,19,71"/><V69/><F117/><W70/><G72/><T83/><D29/><U48/><E134/><V84/><F38/><W87/><G6/><T30/><D30/><U40/><E76/><V9/><F133/><W16/><G131/><T51/><D135/><U130/><E130/><V66/><F69/><N who="3" m="26123" /><G99/><N who="2" m="37961" /><F9/><W113/><G113/><T95/><D83/><U129/><E103/><V41/><F68/><W106/><G19/><T126/><D126/><N who="3" m="48169" /><G87/><T23/><D36/><U114/><E114/><V101/><F101/><W45/><G45/><T14/><REACH who="0" step="1"/><D95/><REACH who="0" ten="282,272,236,180" step="2"/><U120/><E129/><V122/><F92/><W112/><G112/><T58/><D58/><U49/><E57/><V94/><F56/><W44/><G44/><T67/><D67/><U115/><E115/><V2/><F66/><W100/><G100/><T53/><D53/><U35/><E52/><V82/><F65/><W105/><N who="3" m="26624" /><DORA hai="77" /><W116/><G116/><T62/><D62/><U55/><E63/><V18/><F94/><W46/><G46/><T24/><D24/><AGARI ba="1,3" hai="16,22,24,89,91" m="26624,48169,26123" machi="24" ten="60,3900,0" yaku="18,1,54,1" doraHai="11,77" who="3" fromWho="0" sc="282,-42,272,0,236,0,180,72" /><INIT seed="7,0,0,3,2,52" ten="240,272,236,252" oya="3" hai0="47,54,44,29,67,34,87,46,89,30,65,88,1" hai1="77,93,8,50,96,73,105,12,23,45,55,37,49" hai2="104,113,132,58,26,5,80,25,28,83,127,2,63" hai3="100,115,68,41,97,121,75,95,42,51,92,33,79"/><W62/><G121/><T57/><D1/><U134/><E134/><V15/><F104/><W81/><G33/><T76/><D34/><U122/><E122/><V71/><F71/><W0/><G0/><T20/><D76/><U125/><E125/><V124/><F2/><W91/><G115/><T108/><D108/><U84/><E73/><V118/><F118/><W27/><G27/><N who="2" m="10249" /><F28/><N who="0" m="10858" /><D20/><U116/><E23/><V13/><F132/><W119/><G119/><T39/><D39/><U9/><E37/><V111/><F113/><W61/><G51/><N who="0" m="30943" /><D89/><N who="1" m="55343" /><E105/><V94/><F111/><W106/><G68/><T16/><D16/><N who="1" m="8199" /><E116/><V14/><F5/><W126/><G126/><N who="2" m="48169" /><F94/><AGARI ba="0,0" hai="44,46,47,65,67,87,88,94" m="30943,10858" machi="94" ten="30,3900,0" yaku="8,1,52,1,54,1" doraHai="52" who="0" fromWho="2" sc="240,39,272,0,236,-39,252,0" /><INIT seed="8,0,0,4,2,62" ten="279,272,197,252" oya="0" hai0="37,58,79,25,13,30,133,88,27,35,108,60,33" hai1="97,14,6,16,48,104,77,78,52,87,84,8,76" hai2="63,80,74,29,129,66,131,57,123,23,17,105,122" hai3="82,83,117,51,126,103,110,81,26,3,114,111,61"/><T134/><D37/><U132/><E132/><N who="0" m="50793" /><D79/><U18/><E104/><V99/><F29/><W120/><G3/><T67/><D108/><U98/><E98/><V28/><F28/><W115/><G26/><N who="0" m="9739" /><D30/><U19/><E97/><V45/><F23/><W72/><G126/><T55/><D13/><U102/><E102/><V64/><F17/><W85/><G61/><N who="0" m="36063" /><D88/><U73/><E73/><V54/><F74/><W124/><G124/><T1/><D1/><U70/><E70/><AGARI ba="0,0" hai="33,35,60,67,70" m="36063,9739,50793" machi="70" ten="30,2900,0" yaku="20,1,52,1" doraHai="62" who="0" fromWho="1" sc="279,29,272,-29,197,0,252,0" owari="308,41.0,243,-16.0,197,-30.0,252,5.0" /></mjloggm>