<mjloggm ver="2.3"><GO type="41" lobby="0"/><UN n0="%73%79%61%6E%61%6E%6E" n1="%73%61%74%6F%35%31" n2="%E2%93%9D%53%75%70%68%78" n3="%61%72%7A%6F%68" dan="14,14,17,14" rate="1878.11,1959.06,2040.54,1899.16" sx="M,F,M,M"/><TAIKYOKU oya="0"/><INIT seed="0,0,0,3,5,87" ten="250,250,250,250" oya="0" hai0="1,16,42,54,23,76,26,38,125,11,45,27,48" hai1="29,112,79,134,120,64,106,63,131,133,56,88,98" hai2="34,103,129,46,102,44,37,3,0,90,122,113,114" hai3="61,108,128,50,71,85,84,81,121,5,99,25,117"/><T32/><D125/><U41/><E120/><V4/><F4/><W19/><G117/><T77/><D1/><U33/><E131/><V74/><F34/><W91/><G128/><T105/><D105/><U30/><E112/><V52/><F129/><W35/><G121/><T68/><D68/><U72/><E41/><V59/><F59/><W127/><G127/><T111/><D111/><U13/><E33/><V123/><F74/><W93/><G5/><T86/><D11/><U49/><E106/><V89/><F52/><W39/><G39/><AGARI ba="0,0" hai="0,3,37,39,44,46,89,90,102,103,113,114,122,123" machi="39" ten="25,6400,0" yaku="22,2,52,2" doraHai="87" who="2" fromWho="3" sc="250,0,250,0,250,64,250,-64" /><INIT seed="1,0,0,2,1,94" ten="250,250,314,186" oya="1" hai0="76,64,90,128,32,20,4,123,1,97,65,74,22" hai1="59,91,15,118,5,12,16,132,25,82,6,111,107" hai2="70,11,8,60,129,133,93,99,127,120,0,115,18" hai3="66,61,122,69,38,92,36,21,51,131,3,83,52"/><U116/><E132/><V86/><F120/><W112/><G3/><T101/><D32/><U79/><E111/><V117/><F117/><W41/><G112/><T67/><D123/><U87/><E107/><V124/><F129/><W84/><G131/><T72/><D128/><U26/><E79/><V104/><F86/><W81/><G122/><T106/><D76/><U35/><E35/><V29/><F29/><W45/><G21/><T77/><D90/><U130/><E130/><V126/><F104/><W34/><G34/><T39/><D39/><U119/><E15/><V135/><F115/><W56/><G36/><T113/><D113/><U46/><E59/><V19/><F60/><W23/><G23/><T17/><D22/><U30/><E30/><V80/><F80/><W40/><G40/><T53/><D53/><U89/><E46/><V14/><F70/><W100/><G84/><T85/><D85/><U71/><E71/><V96/><F93/><W49/><G49/><T31/><D77/><U63/><E63/><V73/><F73/><W24/><G24/><T33/><D33/><U47/><E91/><V102/><F102/><W78/><G78/><T75/><D31/><U98/><E47/><V109/><F109/><W48/><REACH who="3" step="1"/><G51/><REACH who="3" ten="250,250,314,176" step="2"/><T58/><D72/><U57/><E25/><V44/><F0/><W10/><G10/><N who="0" m="2319" /><D74/><U125/><E26/><V105/><F11/><W28/><G28/><T27/><D75/><U43/><E43/><V2/><F2/><W42/><G42/><T7/><D7/><U13/><E118/><V134/><F134/><W68/><G68/><RYUUKYOKU ba="0,1" sc="250,15,250,-15,314,-15,176,15" hai0="17,20,27,58,64,65,67,97,101,106" hai3="38,41,45,48,52,56,61,66,69,81,83,92,100" /><INIT seed="2,1,1,4,3,76" ten="265,235,299,191" oya="2" hai0="62,1,130,111,73,60,58,47,38,97,2,133,32" hai1="17,53,50,67,71,18,52,44,0,41,61,80,93" hai2="86,102,124,55,14,134,88,35,7,108,70,24,3" hai3="81,42,59,122,99,34,57,96,107,90,11,118,23"/><V79/><F70/><W119/><G34/><T74/><D32/><U64/><E0/><V48/><F3/><W128/><G122/><T120/><D120/><U72/><E93/><V85/><F124/><W132/><G42/><T129/><D97/><U92/><E92/><V115/><F115/><W6/><G128/><T126/><D58/><U123/><E123/><V29/><F134/><W20/><G118/><T95/><D95/><U125/><E125/><V33/><F102/><W100/><G132/><T83/><D126/><U77/><REACH who="1" step="1"/><E67/><REACH who="1" ten="265,225,299,191" step="2"/><V19/><F108/><W82/><G119/><T39/><D133/><U103/><E103/><V13/><F35/><W8/><G100/><T78/><D111/><U37/><E37/><V65/><F65/><W75/><G107/><T43/><D38/><U51/><E51/><V22/><F33/><W21/><G6/><T27/><D1/><U87/><E87/><V84/><F7/><W28/><G75/><N who="0" m="28683" /><D2/><U135/><E135/><V5/><F5/><W105/><G105/><T112/><D112/><U91/><E91/><V101/><F101/><W36/><G36/><T117/><D117/><U15/><E15/><N who="2" m="5643" /><F88/><W116/><G116/><T131/><D27/><U104/><E104/><V106/><F106/><W63/><G90/><T113/><D113/><U9/><E9/><N who="3" m="3658" /><G28/><T109/><D109/><U25/><E25/><V121/><F121/><W89/><G89/><T110/><D110/><U4/><E4/><V114/><F114/><W69/><G96/><T30/><D30/><U10/><E10/><V12/><F29/><W40/><G99/><RYUUKYOKU ba="1,2" sc="265,15,225,15,299,-15,191,-15" hai0="39,43,47,60,62,78,83,129,130,131" hai1="17,18,41,44,50,52,53,61,64,71,72,77,80" /><INIT seed="3,2,2,4,5,87" ten="280,240,284,176" oya="3" hai0="55,132,126,50,70,60,116,123,54,109,23,18,37" hai1="89,124,92,21,134,11,12,119,25,8,6,44,118" hai2="122,24,113,79,5,42,57,7,111,97,41,72,20" hai3="2,43,68,33,69,0,28,46,64,81,67,98,4"/><W94/><G68/><T76/><D123/><U39/><E134/><V88/><F113/><W133/><G133/><T61/><D132/><U32/><E124/><V26/><F72/><W3/><G4/><N who="2" m="1609" /><F111/><W66/><G69/><T105/><D105/><U52/><E39/><V10/><F79/><W93/><G81/><T40/><D116/><U30/><E8/><V59/><F10/><W71/><G71/><T45/><D126/><U48/><REACH who="1" step="1"/><E32/><REACH who="1" ten="280,230,284,176" step="2"/><V95/><F122/><W74/><G33/><T53/><D109/><U128/><E128/><V115/><F115/><W16/><G74/><T49/><D37/><U84/><AGARI ba="2,3" hai="6,11,12,21,25,30,44,48,52,84,89,92,118,119" machi="84" ten="30,8000,1" yaku="1,1,0,1,52,1,54,1,53,1" doraHai="87" doraHaiUra="1" who="1" fromWho="1" sc="280,-22,230,116,284,-22,176,-42" /><INIT seed="4,0,0,4,3,57" ten="258,346,262,134" oya="0" hai0="79,64,17,89,63,9,113,108,33,27,50,83,102" hai1="67,39,94,87,7,129,68,51,35,92,12,114,31" hai2="16,104,122,54,65,126,28,85,1,111,20,73,133" hai3="53,70,84,115,91,24,71,36,99,101,52,61,105"/><T59/><D113/><U117/><E117/><V49/><F73/><W4/><G115/><T48/><D108/><U96/><E114/><V0/><F104/><W69/><G36/><T66/><D102/><U19/><E129/><V125/><F28/><W8/><G24/><T110/><D110/><U130/><E130/><V46/><F133/><W78/><G78/><T135/><D135/><U77/><E39/><V127/><F122/><W80/><REACH who="3" step="1"/><G61/><REACH who="3" ten="258,346,262,124" step="2"/><N who="0" m="37951" /><D79/><U45/><E77/><V88/><F111/><W100/><G100/><T38/><D38/><U86/><E67/><V41/><F65/><W120/><G120/><T116/><D27/><U37/><E68/><V10/><F41/><W55/><G55/><T5/><D116/><U34/><E37/><V90/><F90/><W13/><AGARI ba="0,1" hai="4,8,13,52,53,69,70,71,80,84,91,99,101,105" machi="13" ten="30,4000,0" yaku="1,1,0,1,54,1,53,0" doraHai="57" doraHaiUra="29" who="3" fromWho="3" sc="258,-20,346,-10,262,-10,124,50" /><INIT seed="5,0,0,5,0,36" ten="238,336,252,174" oya="1" hai0="90,81,58,27,0,67,75,95,45,86,1,57,55" hai1="106,122,85,96,121,31,35,26,111,50,44,126,130" hai2="13,47,123,119,53,109,80,18,14,39,113,102,77" hai3="46,17,48,114,60,25,120,98,70,63,129,32,92"/><U84/><E126/><V38/><F109/><W24/><G120/><T82/><D75/><U33/><E111/><V66/><F119/><W91/><G114/><T125/><D125/><U107/><E130/><V78/><F66/><W134/><G134/><T49/><D1/><U2/><E2/><V69/><F69/><W105/><G105/><T116/><D0/><U93/><E35/><V118/><F102/><W43/><G129/><T71/><D116/><U97/><E106/><V128/><F123/><W88/><G91/><T94/><D71/><U62/><E107/><V72/><F118/><W3/><G3/><T132/><D132/><U19/><E62/><V89/><F14/><W8/><G70/><T127/><D127/><U112/><E112/><V7/><F7/><W100/><G100/><T61/><D27/><N who="3" m="10313" /><G32/><T10/><D10/><U12/><E121/><V30/><F113/><W4/><G4/><T117/><D117/><U22/><E122/><V87/><F128/><W74/><G74/><T133/><D133/><U5/><E5/><V99/><F72/><W9/><G9/><T15/><D15/><AGARI ba="0,0" hai="8,15,17,43,46,48,60,63,88,92,98" m="10313" machi="15" ten="30,3900,0" yaku="8,1,52,1,54,1" doraHai="36" who="3" fromWho="0" sc="238,-39,336,0,252,0,174,39" /><INIT seed="6,0,0,5,4,96" ten="199,336,252,213" oya="2" hai0="22,93,122,30,16,125,37,31,133,76,24,88,123" hai1="6,61,114,26,35,90,67,12,80,118,50,18,68" hai2="15,75,89,19,129,130,94,121,81,21,116,117,98" hai3="132,77,109,27,29,73,51,135,103,13,91,41,102"/><V45/><F121/><N who="0" m="46090" /><D37/><U17/><E118/><V28/><F28/><N who="0" m="10794" /><D76/><U44/><E114/><V66/><F66/><W106/><G106/><T23/><D93/><U20/><E35/><V84/><F45/><N who="3" m="26031" /><G109/><T47/><D47/><U115/><E115/><V46/><F75/><W95/><G13/><N who="0" m="9487" /><D88/><U57/><E68/><V112/><F112/><W42/><G77/><T101/><D101/><U70/><E70/><V38/><F46/><W79/><G42/><T52/><D52/><N who="1" m="29767" /><E90/><V43/><F43/><W58/><G58/><T49/><D49/><U131/><E80/><V69/><F69/><W124/><G79/><T0/><D133/><N who="3" m="51273" /><G73/><T113/><D113/><U87/><E131/><N who="2" m="50187" /><F38/><W86/><G124/><T25/><D125/><U85/><E6/><V127/><F127/><W92/><G92/><T63/><D63/><U2/><E2/><V72/><F72/><W74/><G74/><T119/><D119/><U99/><E99/><V111/><F111/><W33/><AGARI ba="0,0" hai="27,29,33,86,91,95,102,103" m="51273,26031" machi="33" ten="30,4000,0" yaku="20,1,52,2" doraHai="96" who="3" fromWho="3" sc="199,-10,336,-10,252,-20,213,40" /><INIT seed="7,0,0,0,2,47" ten="189,326,232,253" oya="3" hai0="75,46,125,56,39,116,123,24,69,65,109,64,72" hai1="84,33,8,102,124,113,5,83,34,103,70,50,26" hai2="93,31,20,108,53,11,127,118,98,19,60,15,132" hai3="81,51,16,88,48,90,13,12,106,43,115,6,44"/><W37/><G106/><T94/><D123/><U122/><E122/><V9/><F108/><W27/><G115/><T121/><D121/><U92/><E70/><V42/><F132/><W76/><G27/><T71/><D109/><U104/><E104/><V74/><F74/><W77/><G6/><T97/><D116/><U38/><E38/><V107/><F127/><W73/><G76/><T59/><D125/><U22/><E124/><V120/><F42/><W52/><G12/><T126/><D126/><U66/><E113/><V45/><F107/><W49/><REACH who="3" step="1"/><G52/><REACH who="3" ten="189,326,232,243" step="2"/><T18/><D39/><U0/><E5/><V62/><F120/><W130/><G130/><T100/><D46/><U86/><E26/><N who="2" m="16839" /><F118/><W85/><G85/><T23/><D75/><U101/><E86/><V80/><F45/><W57/><G57/><T131/><D72/><U17/><E84/><V110/><F110/><W134/><G134/><T4/><D4/><U1/><E1/><V29/><F53/><W82/><G82/><T111/><D111/><U119/><E83/><V79/><F80/><W55/><G55/><T35/><D131/><U3/><E119/><V41/><F79/><W112/><G112/><T67/><REACH who="0" step="1"/><D35/><REACH who="0" ten="179,326,232,243" step="2"/><U14/><E34/><V95/><F41/><W58/><G58/><AGARI ba="0,2" hai="18,23,24,56,58,59,64,65,67,69,71,94,97,100" machi="58" ten="40,2600,0" yaku="1,1,2,1,53,0" doraHai="47" doraHaiUra="28" who="0" fromWho="3" sc="179,46,326,0,232,0,243,-26" owari="225,-17.0,326,42.0,232,3.0,217,-28.0" /></mjloggm>