<mjloggm ver="2.3"><GO type="41" lobby="0"/><UN n0="%E3%82%A2%E3%83%9D%E3%83%AD%E3%81%8A%E3%81%98%E3%81%95%E3%82%93" n1="%E5%AE%88%E9%8A%AD%E5%A5%B4" n2="%E3%83%AF%E3%82%A4%E3%83%AB%E3%83%89" n3="%E2%93%9D%53%75%70%68%78" dan="15,15,15,18" rate="1963.08,1953.04,2070.39,2085.36" sx="M,M,M,M"/><TAIKYOKU oya="0"/><BYE who="1" /><INIT seed="0,0,0,4,2,101" ten="250,250,250,250" oya="0" hai0="8,15,134,38,135,35,121,61,16,115,45,0,127" hai1="29,36,119,72,126,58,113,95,13,90,102,28,49" hai2="106,98,94,107,65,9,75,129,64,30,70,120,60" hai3="67,131,7,6,109,17,79,88,74,55,31,71,103"/><T130/><D121/><U111/><E111/><V112/><F120/><W133/><G131/><T73/><D115/><U46/><E46/><V125/><F112/><W114/><G133/><N who="0" m="50699" /><D73/><U59/><E59/><V123/><F123/><W82/><G31/><T105/><D105/><U41/><E41/><V56/><F75/><W100/><G109/><T11/><D130/><U110/><E110/><V4/><F129/><W104/><G103/><T40/><D127/><U97/><E97/><V63/><F30/><W84/><G17/><T78/><D78/><U77/><E77/><V3/><REACH who="2" step="1"/><F125/><REACH who="2" ten="250,250,240,250" step="2"/><W24/><G114/><T81/><D35/><U25/><E25/><V68/><F68/><W44/><G24/><T76/><D61/><U22/><E22/><V93/><F93/><W19/><G74/><N who="0" m="43159" /><D0/><U32/><E32/><V39/><F39/><W5/><G71/><T83/><D83/><U132/><E132/><V116/><F116/><W80/><G80/><T85/><D85/><U124/><E124/><V10/><F10/><AGARI ba="0,1" hai="8,10,11,15,16,38,40,45" m="43159,50699" machi="10" ten="30,2900,0" yaku="20,1,54,1" doraHai="101" who="0" fromWho="2" sc="250,39,250,0,240,-29,250,0" /><INIT seed="0,1,0,5,0,41" ten="289,250,211,250" oya="0" hai0="79,108,49,18,34,95,102,0,70,101,100,17,76" hai1="71,51,67,42,105,63,114,62,87,109,96,91,21" hai2="115,118,112,117,75,110,81,11,40,36,16,56,48" hai3="74,58,78,134,2,99,77,66,86,46,129,128,7"/><T90/><D70/><U45/><E45/><N who="2" m="23687" /><F110/><W20/><G134/><T80/><D108/><U126/><E126/><V53/><F81/><W104/><G20/><T107/><D0/><U92/><E92/><V83/><F83/><W28/><G28/><T23/><D107/><U27/><E27/><V15/><F75/><W31/><G31/><T52/><D34/><U69/><E69/><V130/><F130/><W6/><G86/><N who="0" m="52695" /><D80/><U4/><E4/><V120/><F120/><W1/><G74/><T55/><D55/><U64/><E64/><V97/><F97/><W84/><G99/><T127/><D127/><U32/><E32/><V98/><F98/><W35/><G35/><T61/><D61/><U50/><E50/><V59/><F59/><W132/><G84/><T111/><D111/><U57/><E57/><V119/><AGARI ba="1,0" hai="11,15,16,48,53,56,112,115,117,118,119" m="23687" machi="119" ten="30,4000,0" yaku="12,1,52,1,54,1" doraHai="41" who="2" fromWho="2" sc="289,-21,250,-11,211,43,250,-11" /><INIT seed="1,0,0,5,5,105" ten="268,239,254,239" oya="1" hai0="85,45,41,4,122,109,43,130,20,11,2,115,64" hai1="132,15,56,129,8,99,71,22,102,23,21,91,96" hai2="32,62,80,118,66,84,131,61,103,9,73,14,97" hai3="86,95,19,42,78,55,69,87,72,98,1,92,6"/><U53/><E53/><V47/><F32/><W51/><G69/><T75/><D122/><U67/><E67/><V101/><F118/><W68/><G42/><T108/><D75/><U38/><E38/><V58/><F131/><W12/><G68/><T88/><D130/><U24/><E24/><V25/><F25/><W116/><G1/><T49/><D115/><U112/><E112/><V127/><F127/><W82/><G6/><T114/><D64/><U34/><E34/><V100/><F47/><W60/><G60/><T5/><D114/><U46/><E46/><V16/><F62/><W113/><G95/><T48/><D5/><U52/><E52/><V83/><F73/><W76/><G116/><T29/><D20/><U28/><E28/><V13/><F13/><W39/><G39/><T40/><D29/><U70/><E70/><V107/><REACH who="2" step="1"/><F80/><REACH who="2" ten="268,239,244,239" step="2"/><W111/><G113/><T79/><D79/><AGARI ba="0,1" hai="9,14,16,58,61,66,79,83,84,97,100,101,103,107" machi="79" ten="30,7700,0" yaku="1,1,2,1,7,1,54,1,53,0" doraHai="105" doraHaiUra="0" who="2" fromWho="0" sc="268,-77,239,0,244,87,239,0" /><INIT seed="2,0,0,5,1,125" ten="191,239,331,239" oya="2" hai0="114,70,78,6,59,4,23,133,102,104,39,47,134" hai1="26,33,126,61,87,89,76,50,13,45,37,122,32" hai2="93,66,56,108,48,65,35,91,14,94,40,1,99" hai3="82,120,107,24,130,55,19,27,88,100,3,69,54"/><V123/><F1/><W16/><G3/><T75/><D114/><U96/><E96/><V106/><F106/><W113/><G69/><T116/><D70/><U46/><E46/><V9/><F35/><W73/><G120/><T101/><D116/><U30/><E30/><V84/><F123/><W31/><G107/><T10/><D104/><U110/><E110/><V115/><F115/><W79/><G100/><T63/><D75/><U71/><E71/><V62/><F108/><W29/><G113/><T28/><D78/><U105/><E105/><V117/><F117/><W109/><G109/><T36/><D47/><U22/><E22/><V38/><F38/><W90/><G79/><T124/><D124/><U131/><E131/><V49/><F66/><W95/><G95/><T132/><D28/><U83/><E83/><V5/><REACH who="2" step="1"/><F40/><REACH who="2" ten="191,239,321,239" step="2"/><W74/><G82/><T97/><D97/><U77/><E77/><V53/><F53/><W81/><G81/><T86/><D86/><U57/><E57/><V52/><F52/><W111/><G111/><T15/><D59/><U8/><E8/><V21/><F21/><W80/><G80/><T121/><D23/><U2/><E2/><V127/><F127/><W92/><G92/><T68/><D121/><U85/><E85/><V58/><F58/><W11/><G11/><T44/><D44/><U67/><E67/><V12/><F12/><W51/><G51/><T25/><D39/><U118/><E118/><V72/><F72/><W129/><AGARI ba="0,1" hai="16,19,24,27,29,31,54,55,73,74,88,90,129,130" machi="129" ten="25,12000,2" yaku="0,1,22,2,52,2,54,2" doraHai="125" who="3" fromWho="3" sc="191,-30,239,-30,321,-60,239,130" /><INIT seed="3,0,0,3,2,71" ten="161,209,261,369" oya="3" hai0="48,12,113,23,38,77,88,40,59,80,7,46,8" hai1="20,24,116,73,91,118,5,92,72,26,122,97,135" hai2="89,128,108,25,103,130,17,101,100,18,44,126,63" hai3="1,105,61,64,34,120,41,70,3,121,66,109,52"/><W87/><G105/><T47/><D113/><U6/><E6/><V28/><F108/><W36/><G34/><T57/><D23/><U90/><E90/><V45/><F89/><W115/><G87/><T93/><D80/><U98/><E98/><V76/><F76/><W85/><G85/><T54/><REACH who="0" step="1"/><D77/><REACH who="0" ten="151,209,261,369" step="2"/><U84/><E84/><AGARI ba="0,1" hai="7,8,12,38,40,46,47,48,54,57,59,84,88,93" machi="84" ten="30,12000,2" yaku="1,1,2,1,7,1,52,1,54,1,53,1" doraHai="71" doraHaiUra="11" who="0" fromWho="1" sc="151,130,209,-120,261,0,369,0" /><INIT seed="4,0,0,1,4,95" ten="281,89,261,369" oya="0" hai0="40,94,57,116,134,46,6,121,21,58,70,119,45" hai1="77,122,27,128,10,13,105,28,43,9,67,110,120" hai2="54,103,18,16,82,38,37,20,90,34,93,96,97" hai3="114,88,50,87,108,102,49,12,112,68,101,129,78"/><T44/><D121/><U14/><E14/><V3/><F34/><W80/><G108/><T35/><D6/><U24/><E24/><V47/><F3/><W64/><G129/><T31/><D35/><U85/><E85/><V74/><F18/><W115/><G64/><T61/><D134/><U127/><E127/><V63/><F74/><W5/><G68/><T126/><D126/><U123/><E123/><V33/><F33/><W76/><G102/><T118/><D94/><U30/><E30/><V81/><F38/><W107/><G101/><T84/><D84/><U59/><E59/><N who="0" m="22537" /><D31/><U32/><E32/><V133/><F133/><W11/><REACH who="3" step="1"/><G107/><REACH who="3" ten="281,89,261,359" step="2"/><T86/><D119/><U51/><E51/><AGARI ba="0,1" hai="5,11,12,49,50,51,76,78,80,87,88,112,114,115" machi="51" ten="40,8000,1" yaku="1,1,2,1,15,1,54,1,53,0" doraHai="95" doraHaiUra="23" who="3" fromWho="1" sc="281,0,89,-80,261,0,359,90" /><INIT seed="5,0,0,4,5,113" ten="281,9,261,449" oya="1" hai0="11,33,110,119,55,10,66,3,130,128,23,57,93" hai1="133,45,124,121,120,114,4,69,6,88,13,43,26" hai2="25,2,135,41,42,103,85,34,0,32,82,46,8" hai3="90,54,65,129,51,17,53,47,37,40,91,44,101"/><U73/><E73/><V21/><F135/><W20/><G129/><N who="0" m="49771" /><D110/><U78/><E78/><V92/><F42/><W14/><G65/><T97/><D119/><U22/><E22/><V68/><F68/><W106/><REACH who="3" step="1"/><G54/><REACH who="3" ten="281,9,261,439" step="2"/><T134/><D66/><U116/><E116/><V64/><F64/><W87/><G87/><T35/><D55/><U63/><E63/><V7/><F0/><W52/><G52/><T109/><D3/><U39/><E39/><V9/><F9/><W70/><G70/><T118/><D10/><U12/><E12/><V122/><F122/><W112/><G112/><T59/><D11/><U75/><E75/><V108/><F108/><W5/><G5/><T72/><D109/><U58/><E58/><V60/><F60/><W1/><G1/><T125/><D72/><U79/><E79/><V105/><F105/><W96/><AGARI ba="0,1" hai="14,17,20,37,40,44,47,51,53,90,91,96,101,106" machi="96" ten="30,4000,0" yaku="1,1,0,1,53,1" doraHai="113" doraHaiUra="99" who="3" fromWho="3" sc="281,-10,9,-20,261,-10,439,50" owari="271,7.0,-11,-51.0,251,-15.0,489,59.0" /></mjloggm>