<mjloggm ver="2.3"><GO type="41" lobby="0"/><UN n0="%E2%93%9D%53%75%70%68%78" n1="%E3%81%97%E3%81%93%E3%81%8D%E3%82%93%54%56" n2="%6C%69%76%65%64%65%73%75" n3="%67%2D%65%6E%6B%69" dan="18,14,14,15" rate="2116.96,1845.21,1984.37,2005.62" sx="M,M,M,M"/><TAIKYOKU oya="0"/><INIT seed="0,0,0,1,1,115" ten="250,250,250,250" oya="0" hai0="42,64,61,75,121,77,20,47,46,117,96,15,3" hai1="72,56,27,45,135,99,38,17,105,25,86,94,84" hai2="35,104,39,131,83,49,34,58,70,2,60,71,89" hai3="79,132,78,113,100,118,68,13,134,102,76,21,51"/><T111/><D121/><U18/><E72/><V69/><F131/><W22/><G68/><T130/><D3/><U53/><E105/><V74/><F89/><W101/><G113/><T124/><D124/><U40/><E135/><N who="3" m="51754" /><G51/><T97/><D111/><U8/><E18/><V108/><F49/><W93/><G13/><T32/><D32/><N who="2" m="12330" /><F58/><W65/><G65/><T59/><D77/><U10/><E27/><V85/><F85/><W7/><G7/><T44/><D75/><U52/><E53/><V33/><F60/><W112/><G112/><T57/><D42/><U126/><E126/><V92/><F92/><W127/><G127/><T87/><D87/><U19/><E19/><V91/><F91/><W107/><G93/><T6/><D130/><U80/><E25/><V26/><F39/><W62/><G62/><T103/><D59/><U88/><E86/><V0/><F108/><W82/><G82/><T54/><D64/><U119/><E119/><V123/><F123/><W63/><G63/><T110/><D117/><U31/><E31/><N who="2" m="19703" /><F104/><W73/><G118/><T106/><D110/><U9/><E17/><V28/><F28/><W12/><G107/><T95/><D106/><U122/><E122/><V37/><F37/><W5/><G73/><T43/><D97/><U36/><E36/><V81/><F81/><W129/><G129/><T55/><D55/><U125/><E125/><V16/><F16/><W29/><G29/><T128/><D128/><U98/><E80/><V90/><F90/><W41/><G41/><T50/><D20/><U1/><E88/><V30/><F30/><RYUUKYOKU ba="0,0" sc="250,10,250,-30,250,10,250,10" hai0="6,15,43,44,46,47,50,54,57,61,95,96,103" hai2="0,2,69,70,71,74,83" hai3="5,12,21,22,76,78,79,100,101,102" /><INIT seed="0,1,0,3,5,51" ten="260,220,260,260" oya="0" hai0="32,114,65,131,70,93,33,35,0,109,105,74,118" hai1="120,107,16,111,12,106,124,31,11,108,57,20,99" hai2="123,56,59,121,23,8,134,28,69,128,132,81,18" hai3="44,1,78,26,95,2,126,125,100,4,25,27,90"/><T30/><RYUUKYOKU type="yao9" ba="1,0" sc="260,0,220,0,260,0,260,0" hai0="0,30,32,33,35,65,70,74,93,105,109,114,118,131" /><INIT seed="0,2,0,0,4,71" ten="260,220,260,260" oya="0" hai0="103,72,29,40,108,65,98,33,12,24,128,109,0" hai1="26,59,51,68,119,22,7,9,23,90,85,79,127" hai2="135,111,34,58,39,21,16,121,19,75,67,99,80" hai3="30,114,70,96,4,45,13,73,46,31,105,15,126"/><T35/><D12/><N who="3" m="4681" /><G73/><T104/><D128/><U118/><E127/><V28/><F121/><W95/><G105/><T133/><D133/><U18/><E68/><V88/><F111/><N who="0" m="42570" /><D0/><U78/><E22/><V52/><F39/><W1/><G70/><T27/><D40/><U120/><E120/><V10/><F34/><W62/><G1/><T102/><D102/><U84/><E84/><N who="2" m="50183" /><F75/><W3/><G3/><T36/><D65/><U6/><E6/><V131/><F131/><W81/><G81/><T125/><D72/><U107/><E107/><V14/><F135/><W123/><G4/><T76/><D76/><U116/><E51/><N who="2" m="31007" /><F67/><W117/><G123/><T83/><D83/><U69/><E59/><V74/><F74/><W100/><G114/><T5/><D5/><U113/><E69/><V64/><F64/><W2/><G2/><T11/><D125/><U87/><E113/><V134/><F134/><W54/><G126/><T57/><D57/><U25/><E118/><V122/><F122/><W48/><G117/><T92/><D104/><U115/><E115/><V56/><F56/><N who="3" m="35095" /><G46/><T8/><D36/><U63/><E119/><V49/><F49/><W93/><G48/><T20/><D35/><U110/><E110/><V94/><F28/><AGARI ba="2,0" hai="8,11,20,24,27,28,29,33,92,98,103" m="42570" machi="28" ten="30,2900,0" yaku="14,1,10,1" doraHai="71" who="0" fromWho="2" sc="260,35,220,0,260,-35,260,0" /><INIT seed="0,3,0,1,1,119" ten="295,220,225,260" oya="0" hai0="68,133,46,24,72,36,47,122,89,26,64,74,67" hai1="15,127,131,44,118,69,20,120,78,55,10,52,128" hai2="43,14,45,99,32,100,125,25,95,80,60,16,2" hai3="134,126,13,88,11,102,66,86,81,5,73,109,124"/><T132/><D89/><U135/><E78/><V87/><F125/><N who="3" m="48235" /><G109/><T116/><D116/><U110/><E118/><V28/><F2/><W17/><G134/><T23/><D23/><U4/><E127/><V108/><F108/><W6/><G102/><T104/><D36/><U84/><E69/><V112/><F112/><W0/><G66/><T90/><D90/><U106/><E106/><V9/><F60/><W27/><G0/><T96/><D96/><U115/><E110/><V21/><F32/><W42/><G42/><T70/><D104/><U1/><E135/><V121/><F121/><AGARI ba="3,0" hai="24,26,46,47,64,67,68,70,72,74,121,122,132,133" machi="121" ten="25,9600,0" yaku="22,2,52,2" doraHai="119" who="0" fromWho="2" sc="295,105,220,0,225,-105,260,0" /><INIT seed="0,4,0,4,4,125" ten="400,220,120,260" oya="0" hai0="91,29,67,76,48,15,87,43,80,113,7,27,53" hai1="51,77,50,89,4,106,25,93,28,129,131,70,60" hai2="24,46,65,16,123,8,126,79,26,75,96,62,97" hai3="47,81,88,0,116,135,40,90,10,85,130,111,114"/><T59/><D113/><U54/><E106/><V124/><F123/><W108/><G114/><T102/><D102/><U120/><E77/><V66/><F46/><W63/><G116/><T78/><D43/><U68/><E4/><V122/><F122/><W33/><G33/><T57/><D67/><U103/><E103/><V23/><F75/><W35/><G35/><T21/><REACH who="0" step="1"/><D59/><REACH who="0" ten="390,220,120,260" step="2"/><N who="1" m="33239" /><E120/><V31/><F66/><W134/><G40/><T39/><D39/><U118/><E118/><V109/><F109/><W41/><G41/><T73/><D73/><U128/><E51/><V112/><F112/><W83/><G111/><T19/><D19/><U119/><E119/><V94/><F124/><W2/><G108/><T49/><D49/><U110/><E110/><V56/><F126/><W17/><G17/><T13/><D13/><U61/><E70/><V18/><F18/><W32/><G2/><T64/><D64/><U99/><E68/><V45/><F45/><W100/><G0/><T133/><D133/><U84/><E99/><V107/><F96/><W11/><G47/><T36/><D36/><U127/><E127/><V38/><F38/><W58/><G58/><T1/><D1/><U92/><E92/><V95/><F94/><W20/><G100/><T82/><D82/><U14/><E14/><N who="2" m="7239" /><F95/><W30/><G83/><T101/><D101/><U69/><E69/><V132/><F132/><W44/><G44/><T3/><D3/><U52/><E52/><V104/><F97/><W42/><G135/><T55/><D55/><U121/><E121/><V6/><F104/><W86/><G134/><RYUUKYOKU ba="4,1" sc="390,15,220,15,120,-15,260,-15" hai0="7,15,21,27,29,48,53,57,76,78,80,87,91" hai1="25,28,60,61,84,89,93,128,129,131" /><INIT seed="0,5,1,4,1,69" ten="405,235,105,245" oya="0" hai0="17,132,71,70,91,56,51,92,115,122,7,82,14" hai1="53,88,110,1,46,43,94,58,130,44,106,19,100" hai2="57,90,33,108,62,65,72,84,109,29,81,8,50" hai3="10,114,76,16,5,64,67,96,36,18,55,134,15"/><T103/><D122/><U21/><E110/><V99/><F8/><W135/><G114/><T78/><D7/><U26/><E130/><V97/><F72/><W4/><G76/><T22/><D132/><N who="3" m="50729" /><G55/><T63/><D103/><U118/><E1/><V126/><F126/><W12/><G96/><T107/><D107/><U75/><E75/><V6/><F6/><N who="3" m="2667" /><G36/><T66/><D115/><U112/><E118/><V101/><F50/><W89/><G89/><T37/><D37/><U121/><E121/><V79/><F79/><W124/><G124/><T102/><D102/><U30/><E112/><V111/><REACH who="2" step="1"/><F101/><REACH who="2" ten="405,235,95,245" step="2"/><W87/><G87/><T47/><D78/><U35/><E100/><V9/><F9/><AGARI ba="5,2" hai="9,10,12,15,16,18,64,67" m="2667,50729" machi="9" ten="30,2000,0" yaku="20,1,54,1" doraHai="69" who="3" fromWho="2" sc="405,0,235,0,95,-35,245,55" /><INIT seed="1,0,0,2,2,132" ten="405,235,60,300" oya="1" hai0="39,89,66,8,24,126,60,71,124,25,36,43,51" hai1="52,44,53,82,87,125,72,56,70,80,6,49,10" hai2="68,131,92,57,42,128,20,17,76,121,69,97,83" hai3="29,7,105,119,100,108,90,114,22,99,79,26,133"/><U81/><E70/><V98/><F121/><W32/><G114/><T21/><D8/><U5/><E72/><V78/><F42/><W12/><G108/><T62/><D89/><U134/><E125/><N who="0" m="48233" /><D62/><N who="1" m="36103" /><E134/><V54/><F128/><W102/><G79/><T37/><D21/><U59/><E10/><V130/><F131/><W94/><G133/><T91/><D91/><U35/><E35/><V30/><F130/><W118/><G105/><T77/><D77/><U101/><E101/><V16/><F78/><W123/><G123/><T104/><D104/><U135/><E135/><V58/><F97/><W110/><G110/><T113/><D113/><U48/><E87/><V73/><F30/><W61/><G61/><T19/><D19/><U23/><E23/><V106/><F106/><W93/><G93/><T129/><D129/><U117/><E117/><N who="3" m="44554" /><G22/><T96/><D96/><U112/><E112/><V11/><F11/><AGARI ba="0,0" hai="7,11,12,26,29,32,90,94,99,100,102" m="44554" machi="11" ten="30,1000,0" yaku="12,1" doraHai="132" who="3" fromWho="2" sc="405,0,235,0,60,-10,300,10" /><INIT seed="2,0,0,4,2,52" ten="405,235,50,310" oya="2" hai0="126,16,95,51,79,101,90,105,60,21,72,13,91" hai1="122,9,124,61,0,40,8,129,108,66,71,127,4" hai2="70,93,41,49,134,26,99,3,83,119,19,65,38" hai3="78,45,22,131,104,48,55,57,14,1,103,27,23"/><V100/><F119/><W64/><G1/><T130/><D130/><U11/><E108/><V111/><F134/><W117/><G117/><T106/><D126/><U67/><E129/><V69/><F3/><W94/><G104/><T115/><D115/><U58/><E122/><V88/><F38/><W84/><G131/><T118/><D91/><U97/><E40/><V116/><F116/><W43/><G14/><T80/><D101/><U135/><E135/><V53/><F41/><W62/><G27/><T68/><D51/><U85/><E97/><V86/><F111/><W12/><G12/><T109/><D118/><U63/><REACH who="1" step="1"/><E85/><REACH who="1" ten="405,225,50,310" step="2"/><V2/><F2/><W123/><G123/><T56/><D109/><U18/><E18/><V35/><F19/><W46/><G103/><T59/><D106/><U24/><E24/><V50/><F26/><W75/><G75/><T15/><D105/><U82/><E82/><V102/><F102/><W96/><G96/><T10/><D15/><U42/><E42/><V29/><F29/><W120/><G120/><T32/><D80/><U34/><E34/><V39/><F35/><W44/><G43/><T89/><D32/><U73/><E73/><V113/><F113/><W133/><G133/><T54/><D72/><U112/><E112/><V77/><F39/><W36/><G36/><T47/><D13/><U25/><E25/><V110/><F110/><W98/><G98/><T107/><D107/><U20/><E20/><N who="3" m="7722" /><G94/><T81/><D95/><U74/><E74/><V76/><F100/><W128/><G128/><T92/><D92/><U31/><E31/><RYUUKYOKU ba="0,1" sc="405,-15,225,15,50,-15,310,15" hai1="0,4,8,9,11,58,61,63,66,67,71,124,127" hai3="44,45,46,48,55,57,62,64,78,84" /><INIT seed="3,1,1,3,3,55" ten="390,240,35,325" oya="3" hai0="65,77,41,79,84,93,15,40,6,119,12,110,134" hai1="61,59,114,34,28,31,33,70,85,87,126,83,47" hai2="98,111,35,2,101,69,76,29,1,116,58,60,14" hai3="11,74,135,67,21,100,44,19,22,105,30,95,113"/><W102/><G113/><T112/><D119/><U124/><E114/><V52/><F116/><W48/><G105/><T43/><D112/><U78/><E70/><V115/><F115/><W4/><G74/><T3/><D3/><U51/><E33/><V123/><F123/><W72/><G72/><T13/><D110/><U66/><E34/><V0/><F111/><W122/><G30/><T27/><D134/><U94/><E94/><V56/><F76/><N who="0" m="29258" /><D65/><U5/><E5/><V89/><F89/><W39/><G39/><T107/><D107/><U18/><E18/><V64/><F14/><N who="3" m="5479" /><G122/><T103/><D27/><U32/><E87/><V99/><F99/><W120/><G95/><T62/><D62/><U10/><E10/><V63/><F69/><W108/><G22/><T127/><D127/><N who="1" m="48683" /><E32/><V118/><F118/><W26/><G120/><T104/><D104/><U80/><E80/><V7/><F35/><W131/><G135/><T81/><D6/><U38/><E38/><V75/><F75/><W68/><G108/><T46/><D81/><U42/><AGARI ba="1,1" hai="28,31,42,47,51,59,61,66,78,83,85" m="48683" machi="42" ten="30,2000,0" yaku="18,1,52,1" doraHai="55" who="1" fromWho="1" sc="390,-6,240,33,35,-6,325,-11" /><INIT seed="4,0,0,4,1,14" ten="384,273,29,314" oya="0" hai0="42,88,19,124,131,61,56,73,9,94,96,130,67" hai1="125,114,74,48,38,99,50,89,93,37,26,80,84" hai2="20,40,120,2,17,64,52,110,107,101,109,118,59" hai3="44,30,81,106,54,0,12,121,36,5,103,7,35"/><T100/><D73/><U49/><E125/><V134/><F120/><W1/><G35/><T27/><D124/><U66/><E66/><V3/><F134/><W34/><G34/><T18/><D42/><U83/><E114/><V133/><F133/><W77/><G30/><T115/><D115/><U28/><E83/><V15/><F40/><W82/><G103/><T53/><D100/><U72/><E74/><V90/><F118/><W11/><G106/><T95/><D95/><U68/><E68/><V132/><F132/><W22/><G36/><T58/><D9/><U97/><E99/><V47/><F47/><W69/><G69/><T75/><D75/><U119/><E119/><V86/><F64/><W33/><G33/><T116/><D27/><U123/><E123/><V45/><F45/><W113/><G44/><T70/><D116/><U63/><E63/><V71/><F71/><W65/><G65/><T91/><D91/><U8/><E8/><V23/><F23/><W112/><G54/><T25/><D25/><U85/><E85/><V92/><F101/><W43/><G43/><T60/><D70/><U79/><E28/><V24/><F107/><W62/><G121/><T10/><REACH who="0" step="1"/><D10/><REACH who="0" ten="374,273,29,314" step="2"/><U105/><E26/><V104/><F104/><W108/><G11/><T98/><D98/><U41/><E41/><V57/><F24/><W6/><G113/><T51/><D51/><U122/><E122/><V29/><F29/><W39/><G112/><T78/><D78/><U46/><E46/><V102/><F102/><AGARI ba="0,1" hai="37,38,48,49,50,72,79,80,84,89,93,97,102,105" machi="102" ten="40,2600,0" yaku="24,2" doraHai="14" who="1" fromWho="2" sc="374,0,273,36,29,-26,314,0" /><INIT seed="5,0,0,0,1,46" ten="374,309,3,314" oya="1" hai0="38,125,124,45,68,6,89,66,16,113,22,71,51" hai1="52,91,18,54,129,27,111,105,87,47,130,62,48" hai2="96,28,85,116,133,77,3,15,9,23,98,49,69" hai3="44,131,39,115,43,34,132,55,104,114,29,74,81"/><U24/><E105/><V67/><F116/><W64/><G132/><T94/><D38/><U33/><E111/><V37/><F37/><W36/><G64/><T26/><D6/><U8/><E33/><V61/><F133/><W11/><G39/><T93/><D113/><N who="3" m="43017" /><G11/><T42/><D94/><N who="1" m="54655" /><E8/><V86/><F3/><W103/><G55/><T20/><D20/><U50/><E62/><V102/><F77/><N who="3" m="44215" /><G131/><N who="1" m="50186" /><E18/><N who="2" m="8559" /><F69/><W97/><G29/><T75/><D75/><U92/><E92/><N who="2" m="58631" /><F98/><W58/><G58/><AGARI ba="0,0" hai="24,27,47,48,50,52,54,58" m="50186,54655" machi="58" ten="30,11600,0" yaku="19,1,52,2,54,1" doraHai="46" who="1" fromWho="3" sc="374,0,309,116,3,0,314,-116" /><INIT seed="5,1,0,3,2,100" ten="374,425,3,198" oya="1" hai0="77,74,103,113,94,44,57,84,108,12,19,79,95" hai1="133,0,18,29,101,91,10,82,75,24,104,59,78" hai2="129,1,61,51,38,28,87,97,73,102,117,70,14" hai3="64,6,92,22,2,62,89,63,3,21,99,55,85"/><U8/><E133/><V32/><F117/><W36/><G36/><T107/><D44/><U15/><E59/><V20/><F73/><W125/><G125/><T9/><D108/><U41/><E41/><V49/><F38/><W93/><G55/><T67/><D74/><U105/><E101/><V123/><F1/><W131/><G131/><T16/><D113/><U43/><E43/><V27/><F123/><W71/><G63/><N who="0" m="38383" /><D107/><U121/><E121/><V110/><F87/><W124/><G124/><T76/><D103/><U114/><E114/><V60/><F129/><W98/><G85/><T116/><D116/><U88/><E0/><V118/><F118/><W39/><G39/><T26/><D84/><U119/><E10/><V37/><F37/><W120/><G120/><T111/><D111/><U135/><E135/><V30/><F110/><W132/><G132/><T134/><D134/><U52/><E52/><V126/><F126/><W17/><G6/><T13/><D26/><U5/><E5/><V7/><F61/><W127/><G22/><AGARI ba="1,0" hai="9,12,13,16,19,22,76,77,79,94,95" m="38383" machi="22" ten="30,2000,0" yaku="8,1,54,1" doraHai="100" who="0" fromWho="3" sc="374,23,425,0,3,0,198,-23" /><INIT seed="6,0,0,1,0,59" ten="397,425,3,175" oya="2" hai0="131,67,114,63,75,89,135,123,23,7,56,40,61" hai1="110,126,57,78,71,44,92,107,53,133,96,33,43" hai2="10,12,102,124,130,72,62,17,69,15,88,109,74" hai3="16,26,18,24,58,8,29,14,120,31,122,49,37"/><V28/><F124/><W3/><G58/><T106/><D123/><U84/><E110/><V76/><F130/><W54/><G54/><T81/><D106/><U6/><E71/><V111/><F102/><W82/><G49/><T73/><D131/><U32/><E126/><V115/><F115/><W118/><G82/><T34/><D34/><U129/><E129/><V21/><F76/><W45/><G45/><T9/><D135/><U39/><E6/><N who="2" m="3159" /><F28/><W70/><G70/><T13/><D114/><U2/><E2/><V65/><F88/><W83/><G83/><T25/><D40/><U104/><E133/><V125/><F125/><W4/><G37/><T86/><REACH who="0" step="1"/><D63/><REACH who="0" ten="387,425,3,175" step="2"/><U99/><E33/><V52/><F52/><W85/><G122/><T100/><D100/><U127/><E32/><V64/><F64/><W98/><G120/><T20/><D20/><U47/><E127/><V68/><F68/><W101/><G101/><T36/><D36/><U90/><E78/><V79/><F79/><W77/><G77/><T11/><D11/><U0/><E0/><V55/><F55/><W41/><G8/><T27/><D27/><U30/><E107/><V1/><F1/><W117/><G3/><T66/><D66/><U112/><E104/><V5/><F5/><W103/><G4/><T60/><D60/><N who="1" m="35887" /><E112/><V91/><F91/><W132/><G103/><T38/><D38/><U94/><E39/><V50/><F50/><W22/><G132/><T105/><D105/><U97/><E43/><V93/><F93/><W80/><G41/><T48/><D48/><U116/><E116/><RYUUKYOKU ba="0,1" sc="387,15,425,-15,3,15,175,-15" hai0="7,9,13,23,25,56,61,67,73,75,81,86,89" hai2="15,17,21,62,65,69,72,74,109,111" /><INIT seed="6,1,1,3,4,98" ten="402,410,18,160" oya="2" hai0="30,29,31,71,124,70,32,113,50,83,108,85,6" hai1="9,101,69,104,84,63,23,93,44,1,28,60,111" hai2="80,40,61,21,64,13,118,116,45,66,62,55,76" hai3="51,38,89,34,39,35,75,36,94,114,77,56,132"/><V87/><F116/><W130/><G77/><T10/><D108/><U4/><E111/><V67/><F55/><W92/><G75/><T27/><D113/><U65/><E104/><V103/><F118/><W107/><G107/><T128/><D128/><U47/><E63/><V96/><F21/><W109/><G109/><T16/><D124/><U106/><E106/><V123/><F123/><W46/><G56/><T119/><D119/><U14/><E84/><V88/><F13/><W41/><G94/><T115/><D115/><U42/><E42/><V73/><F73/><W19/><G114/><T25/><D50/><U43/><E43/><V100/><F76/><W86/><G130/><T52/><D52/><U53/><E53/><V79/><F79/><W121/><G121/><T58/><D58/><U11/><E23/><V68/><F96/><W127/><G127/><T7/><D32/><U112/><E28/><V59/><F67/><W129/><G129/><T82/><D85/><U5/><REACH who="1" step="1"/><E112/><REACH who="1" ten="402,400,18,160" step="2"/><V81/><REACH who="2" step="1"/><F81/><REACH who="2" ten="402,400,8,160" step="2"/><W133/><G41/><T22/><D83/><U126/><E126/><V97/><F97/><AGARI ba="1,3" hai="1,4,5,9,11,14,44,47,60,65,69,93,97,101" machi="97" ten="40,2600,0" yaku="1,1,52,1,53,0" doraHai="98" doraHaiUra="135" who="1" fromWho="2" sc="402,0,400,59,8,-29,160,0" owari="402,20.0,459,56.0,-21,-52.0,160,-24.0" /></mjloggm>