<mjloggm ver="2.3"><GO type="41" lobby="0"/><UN n0="%E2%93%9D%53%75%70%68%78" n1="%E2%93%9D%4E%41%47%41%32%35" n2="%4C%6E%69%6B%69" n3="%77%61%6E" dan="18,17,15,13" rate="2133.61,2073.23,2101.27,1911.88" sx="M,F,M,M"/><TAIKYOKU oya="0"/><INIT seed="0,0,0,5,1,134" ten="250,250,250,250" oya="0" hai0="127,76,17,9,123,124,65,91,113,61,29,109,30" hai1="130,75,93,57,103,44,78,135,12,22,31,13,106" hai2="26,38,32,36,60,101,99,14,82,88,10,15,111" hai3="59,52,90,49,129,100,98,37,87,131,24,81,56"/><T0/><D113/><U46/><E106/><V19/><F111/><W63/><G37/><T117/><D123/><U74/><E135/><V41/><F41/><W121/><G24/><T67/><D117/><U70/><E70/><V7/><F32/><W77/><G77/><T45/><D76/><U79/><E130/><V8/><F26/><W92/><REACH who="3" step="1"/><G121/><REACH who="3" ten="250,250,250,240" step="2"/><T64/><D109/><U53/><E79/><V28/><F28/><W51/><G51/><T50/><D30/><U39/><E39/><V72/><F60/><W104/><G104/><T112/><D29/><U6/><E78/><V40/><F72/><W133/><G133/><T122/><D122/><U86/><E75/><V35/><F38/><W21/><G21/><T43/><D112/><U66/><E74/><V97/><F36/><W118/><G118/><T71/><D91/><U27/><E22/><V108/><F108/><W89/><G89/><T25/><D25/><U2/><E27/><V18/><F88/><W16/><G16/><T3/><D17/><U132/><E132/><V34/><F19/><W128/><G128/><T115/><D115/><U110/><E110/><V107/><F35/><W116/><G116/><T114/><D114/><U85/><E31/><V68/><F34/><W119/><G119/><T33/><D33/><U42/><E103/><V4/><F101/><W62/><G62/><T5/><D3/><U94/><E2/><V47/><F18/><W83/><G83/><T96/><D96/><U48/><E48/><V54/><F99/><W126/><G126/><AGARI ba="0,1" hai="0,5,9,43,45,50,61,64,65,67,71,124,126,127" machi="126" ten="40,12000,1" yaku="18,1,52,3" doraHai="134" who="0" fromWho="3" sc="250,130,250,0,250,0,240,-120" /><INIT seed="0,1,0,1,4,16" ten="380,250,250,120" oya="0" hai0="14,2,90,24,131,6,120,97,86,77,61,99,69" hai1="85,130,115,3,18,103,56,133,87,92,64,54,55" hai2="94,121,84,107,74,134,50,135,102,59,75,20,116" hai3="111,89,28,95,34,80,66,57,7,46,5,100,38"/><T79/><D2/><U104/><E3/><V108/><F121/><W12/><G111/><T40/><D131/><U117/><E117/><V37/><F37/><W113/><G113/><T127/><D127/><U19/><E130/><V96/><F116/><W101/><G80/><T125/><D40/><U60/><E133/><N who="2" m="50699" /><F108/><W105/><G105/><T129/><D24/><U44/><E115/><V26/><F59/><W21/><G34/><T88/><D69/><U42/><E104/><V33/><F50/><W71/><G71/><T128/><D61/><U73/><E73/><V27/><F27/><N who="3" m="16495" /><G46/><T17/><D125/><U93/><E64/><V62/><F62/><N who="3" m="38223" /><G38/><T53/><D120/><U58/><E44/><V36/><F33/><W32/><G32/><T30/><D129/><U109/><E109/><V15/><F36/><W29/><G29/><T81/><D30/><U124/><E124/><V67/><F67/><W83/><G83/><T10/><D128/><U65/><E65/><V78/><F15/><W1/><G1/><T43/><D81/><U51/><E60/><V82/><F107/><W45/><G45/><T47/><D47/><U35/><E35/><V11/><F11/><N who="3" m="4207" /><G7/><T70/><D6/><U52/><E55/><V48/><F48/><W110/><G110/><T39/><D53/><U22/><E51/><V76/><F76/><W123/><G123/><T72/><D79/><U63/><E63/><V114/><F114/><W23/><G23/><T25/><D77/><U98/><E22/><V112/><F112/><W106/><G106/><T0/><D39/><U91/><E54/><RYUUKYOKU ba="1,0" sc="380,-15,250,-15,250,15,120,15" hai2="20,26,74,75,78,82,84,94,96,102" hai3="89,95,100,101" /><INIT seed="1,2,0,1,1,69" ten="365,235,265,135" oya="1" hai0="25,79,20,11,112,100,44,42,115,135,9,114,34" hai1="62,96,120,128,134,119,123,3,27,46,17,83,125" hai2="32,8,53,1,30,15,129,88,67,13,2,81,61" hai3="38,130,113,51,104,118,28,56,110,97,37,73,66"/><U92/><E119/><V131/><F32/><W75/><G28/><T29/><D100/><U4/><E128/><N who="2" m="49227" /><F30/><W76/><G130/><T0/><D79/><U107/><E107/><V98/><F53/><W36/><G113/><T82/><D82/><U7/><E134/><V86/><F98/><W124/><G110/><T59/><D59/><U111/><E125/><V102/><F102/><W95/><G104/><T108/><D108/><U5/><E3/><N who="2" m="1035" /><F8/><W94/><G124/><T127/><D127/><U85/><E111/><V33/><F33/><W87/><G118/><T65/><D11/><U18/><E62/><V84/><F84/><W71/><G71/><AGARI ba="2,0" hai="13,15,61,67,71,81,86,88" m="1035,49227" machi="71" ten="30,2000,0" yaku="19,1,54,1" doraHai="69" who="2" fromWho="3" sc="365,0,235,0,265,26,135,-26" /><INIT seed="2,0,0,0,2,24" ten="365,235,291,109" oya="2" hai0="16,9,56,96,72,53,78,73,37,34,7,32,43" hai1="135,1,60,0,111,103,113,116,115,69,10,80,51" hai2="36,118,30,42,4,39,59,106,121,6,114,82,74" hai3="90,92,102,67,61,79,84,17,52,117,57,21,47"/><V8/><F114/><W18/><G117/><T107/><D53/><U88/><E116/><V5/><F121/><W62/><G102/><T33/><D56/><U95/><E111/><V105/><F118/><W63/><G79/><T13/><D78/><U29/><E135/><V58/><F8/><W31/><G47/><T70/><D70/><U89/><E51/><V22/><F82/><W94/><G94/><T125/><D125/><U127/><E127/><V83/><F83/><W71/><G63/><T108/><D108/><U124/><E124/><V41/><F22/><W97/><G84/><T2/><D43/><U23/><E103/><V20/><F20/><W87/><G87/><T126/><D37/><U110/><E110/><V35/><F4/><W122/><G122/><T44/><D44/><U26/><E80/><V134/><F134/><W85/><REACH who="3" step="1"/><G85/><REACH who="3" ten="365,235,291,99" step="2"/><T120/><D126/><U99/><E89/><V50/><F106/><W129/><G129/><T65/><D120/><U40/><E40/><V130/><F105/><W133/><G133/><T11/><D107/><U123/><E123/><V27/><F130/><W128/><G128/><T46/><D46/><U131/><E131/><V66/><F41/><W76/><G76/><T54/><D96/><U104/><E104/><V98/><F98/><W64/><G64/><T38/><D65/><N who="1" m="41127" /><E115/><V19/><F66/><W3/><G3/><N who="1" m="1098" /><E113/><V25/><F42/><W86/><G86/><T28/><D54/><U101/><E101/><V81/><F81/><W109/><G109/><T132/><D132/><U55/><E55/><V119/><F119/><RYUUKYOKU ba="0,1" sc="365,-15,235,15,291,-15,99,15" hai1="10,23,26,29,88,95,99" hai3="17,18,21,31,52,57,61,62,67,71,90,92,97" /><INIT seed="3,1,1,2,5,45" ten="350,250,276,114" oya="3" hai0="84,68,5,106,85,44,117,95,73,38,46,40,33" hai1="123,39,55,90,10,110,35,47,131,102,3,59,75" hai2="116,111,82,21,49,76,62,25,100,129,54,34,103" hai3="69,127,50,128,107,87,26,96,57,20,122,92,133"/><W4/><G69/><T93/><D73/><U60/><E123/><V9/><F116/><W13/><G122/><T30/><D106/><U1/><E35/><V79/><F111/><W118/><G118/><T88/><D117/><U132/><E75/><V97/><F129/><W115/><G115/><T8/><D68/><U66/><E110/><V121/><F34/><W112/><G112/><T52/><D30/><U58/><E131/><V48/><F9/><N who="3" m="4263" /><G107/><T134/><D134/><U16/><E102/><N who="2" m="38955" /><F97/><W15/><G133/><T61/><D33/><U23/><E132/><V114/><F114/><W31/><G127/><T125/><D125/><U130/><E130/><V77/><F82/><W124/><G124/><T64/><D64/><U74/><E74/><V7/><F7/><W6/><G87/><T53/><D61/><U72/><E72/><V24/><F121/><W126/><G126/><T28/><D28/><U12/><E90/><V43/><F43/><W29/><G29/><T65/><D65/><U27/><E39/><V41/><F41/><W0/><G0/><T104/><D104/><U67/><E67/><V108/><F108/><W18/><G128/><T37/><D37/><U22/><E3/><V101/><F101/><N who="3" m="60551" /><G6/><T113/><D113/><U2/><E2/><V19/><F24/><W135/><G135/><T17/><D5/><N who="1" m="1327" /><E27/><V91/><F91/><W109/><G109/><T80/><D85/><U99/><E99/><V56/><AGARI ba="1,1" hai="19,21,25,48,49,54,56,62,76,77,79" m="38955" machi="56" ten="30,4000,0" yaku="8,1,52,2" doraHai="45" who="2" fromWho="2" sc="350,-11,250,-11,276,53,114,-21" /><INIT seed="4,0,0,2,0,20" ten="339,239,329,93" oya="0" hai0="50,82,57,45,18,35,119,74,56,107,88,44,36" hai1="68,90,129,25,47,131,3,70,120,21,4,66,123" hai2="92,6,113,91,27,2,125,9,42,112,64,76,31" hai3="133,127,110,17,121,7,101,75,1,85,71,81,22"/><T86/><D119/><U12/><E3/><V8/><F125/><W59/><G71/><N who="1" m="27178" /><E66/><V0/><F64/><W73/><G110/><T37/><D107/><U55/><E90/><V40/><F76/><W14/><G127/><T29/><D74/><U53/><E12/><V100/><F100/><W62/><G133/><T72/><D72/><U41/><E4/><V122/><F122/><N who="1" m="46633" /><E21/><V19/><F0/><W39/><G39/><T111/><D37/><N who="1" m="21935" /><E25/><V28/><F19/><W23/><G101/><T78/><D18/><U114/><E114/><N who="2" m="44139" /><F8/><W89/><G121/><T52/><D78/><U117/><E117/><V58/><F28/><W115/><G115/><T5/><D5/><U13/><E13/><V11/><F11/><W48/><G48/><T95/><D29/><U46/><E46/><V87/><F58/><W33/><G33/><AGARI ba="0,0" hai="2,6,9,27,31,33,40,42,87,91,92" m="44139" machi="33" ten="30,2000,0" yaku="15,1,52,1" doraHai="20" who="2" fromWho="3" sc="339,0,239,0,329,20,93,-20" /><INIT seed="5,0,0,4,1,14" ten="339,239,349,73" oya="1" hai0="95,17,82,71,4,27,36,55,64,83,134,77,32" hai1="45,114,124,18,101,72,131,22,48,43,126,13,125" hai2="78,105,115,52,33,98,106,116,75,68,60,19,10" hai3="31,103,117,112,100,7,53,129,62,92,51,120,15"/><U23/><E114/><V90/><F116/><W81/><G112/><T16/><D36/><U1/><E131/><V67/><F33/><W93/><G120/><T84/><D4/><U73/><E1/><V57/><F115/><W104/><G104/><T8/><D134/><U37/><E101/><V6/><F75/><W109/><G109/><T61/><D8/><U70/><E70/><V41/><F78/><W63/><G129/><T122/><D122/><U107/><E107/><V113/><F113/><W87/><G117/><T97/><D55/><U54/><REACH who="1" step="1"/><E23/><REACH who="1" ten="339,229,349,73" step="2"/><V12/><F106/><W0/><G0/><T108/><D108/><U26/><E26/><V20/><F105/><W86/><G103/><T79/><D27/><U40/><E40/><V46/><F68/><W91/><G100/><T50/><D32/><U123/><E123/><V11/><F41/><W85/><G31/><T35/><D35/><U47/><AGARI ba="0,1" hai="13,18,22,37,43,45,47,48,54,72,73,124,125,126" machi="47" ten="40,18000,2" yaku="1,1,0,1,18,1,52,1,53,3" doraHai="14" doraHaiUra="133" who="1" fromWho="1" sc="339,-60,229,190,349,-60,73,-60" /><INIT seed="5,1,0,4,3,100" ten="279,419,289,13" oya="1" hai0="53,0,73,5,39,56,26,93,50,34,107,126,59" hai1="52,10,58,20,102,9,41,22,21,24,47,28,60" hai2="130,13,45,127,110,64,109,135,125,119,106,88,103" hai3="121,57,15,51,62,114,49,35,75,69,87,132,63"/><U30/><E102/><V124/><F64/><W120/><G75/><T80/><D39/><U3/><E3/><V37/><F119/><W90/><G35/><T98/><D126/><U84/><E84/><V96/><F130/><W32/><G32/><T104/><D5/><U78/><E78/><V91/><F13/><W105/><G105/><T43/><D43/><U71/><E71/><V123/><F123/><W61/><G132/><T118/><D0/><U29/><REACH who="1" step="1"/><E24/><REACH who="1" ten="279,409,289,13" step="2"/><V129/><F129/><W72/><G114/><T17/><D26/><U128/><E128/><V46/><F135/><W67/><G72/><T131/><D131/><U2/><E2/><V83/><F110/><W16/><G120/><T113/><D113/><U38/><AGARI ba="1,1" hai="9,10,20,21,22,28,29,30,38,41,47,52,58,60" machi="38" ten="30,6000,0" yaku="1,1,0,1,54,1,53,0" doraHai="100" doraHaiUra="8" who="1" fromWho="1" sc="279,-21,409,73,289,-21,13,-21" owari="258,-14.0,482,58.0,268,7.0,-8,-51.0" /></mjloggm>