<mjloggm ver="2.3"><GO type="41" lobby="0"/><UN n0="%E5%A4%A7%E7%A9%BA%E5%AF%BA%E3%81%82%E3%82%86" n1="%E2%93%9D%53%75%70%68%78" n2="%E9%B9%BF%E5%80%89%E8%83%A1%E6%A1%83" n3="%E3%83%9E%E3%83%BC%E3%83%88%E3%83%B3" dan="14,18,15,13" rate="1994.36,2132.66,2030.21,1866.02" sx="M,M,F,M"/><TAIKYOKU oya="0"/><INIT seed="0,0,0,3,0,62" ten="250,250,250,250" oya="0" hai0="50,24,65,2,73,54,102,135,72,76,60,128,91" hai1="10,89,9,74,100,129,53,127,92,107,104,93,37" hai2="59,101,11,39,23,36,41,108,131,43,46,44,48" hai3="16,97,51,122,17,27,79,84,52,106,111,21,117"/><T7/><D102/><U13/><E37/><V118/><F108/><W125/><G117/><T56/><D135/><U75/><E53/><V113/><F118/><W114/><G111/><T42/><D42/><U4/><E127/><V28/><F113/><W109/><G109/><T26/><D128/><U70/><E70/><V49/><F131/><W94/><G125/><T126/><D126/><U12/><E129/><V32/><F32/><W1/><G114/><T31/><D26/><U69/><E69/><V61/><F101/><W115/><G115/><T38/><D38/><U63/><E63/><V77/><F77/><W18/><G1/><T30/><D30/><U66/><E100/><V81/><F81/><W110/><G110/><T67/><D73/><U47/><E47/><V6/><F23/><W64/><G106/><T40/><D72/><U103/><E103/><V57/><F28/><W119/><G119/><T120/><D76/><U3/><E3/><V80/><F80/><W88/><G122/><T134/><D134/><U35/><E89/><V95/><F95/><W5/><G5/><T133/><D133/><U121/><E4/><V34/><F34/><W112/><G112/><T29/><D29/><U82/><E82/><V130/><F130/><W25/><G79/><T20/><D120/><U86/><E35/><V55/><REACH who="2" step="1"/><F57/><REACH who="2" ten="250,250,240,250" step="2"/><W68/><G21/><T45/><REACH who="0" step="1"/><D91/><REACH who="0" ten="240,250,240,250" step="2"/><U96/><E121/><V19/><F19/><W22/><G22/><T14/><D14/><AGARI ba="0,2" hai="6,11,14,36,39,41,43,44,46,48,49,55,59,61" machi="14" ten="30,3900,0" yaku="1,1,7,1,9,1,53,0" doraHai="62" doraHaiUra="83" who="2" fromWho="0" sc="240,-39,250,0,240,59,250,0" /><INIT seed="1,0,0,5,5,109" ten="201,250,299,250" oya="1" hai0="93,72,46,2,18,132,67,120,44,29,118,36,63" hai1="59,107,28,100,133,1,96,37,83,41,42,33,7" hai2="113,50,73,106,68,89,40,82,86,114,128,53,48" hai3="111,3,97,19,110,104,24,13,126,74,31,70,95"/><U71/><E59/><V5/><F128/><W57/><G70/><T90/><D118/><U135/><E83/><V43/><F68/><W108/><G104/><T121/><D2/><U116/><E116/><V25/><F106/><W85/><G74/><T117/><D117/><U52/><E52/><V47/><F73/><W54/><G3/><T0/><D0/><U4/><E71/><V127/><F127/><W119/><G119/><T101/><D72/><U91/><E91/><V84/><F5/><W51/><G126/><T78/><D29/><U14/><E14/><V75/><F75/><W22/><G85/><T16/><D101/><U15/><E15/><V45/><F84/><W66/><G66/><T103/><D103/><U115/><E115/><N who="2" m="44043" /><F25/><W55/><G55/><AGARI ba="0,0" hai="40,43,45,47,48,50,53,55,82,86,89" m="44043" machi="55" ten="30,7700,0" yaku="11,1,52,3" doraHai="109" who="2" fromWho="3" sc="201,0,250,0,299,77,250,-77" /><INIT seed="2,0,0,3,4,4" ten="201,250,376,173" oya="2" hai0="126,31,72,99,17,104,115,64,55,113,16,68,77" hai1="60,107,116,40,93,33,109,7,130,110,78,124,134" hai2="48,108,56,12,21,1,54,82,36,95,2,45,96" hai3="79,98,32,5,8,26,46,67,11,61,14,129,111"/><V119/><F119/><W103/><G79/><T23/><D126/><U59/><E107/><V38/><F82/><W22/><G129/><T91/><D55/><U97/><E33/><V30/><F108/><W13/><G111/><T53/><D53/><U28/><E134/><V10/><F36/><W120/><G32/><T112/><D77/><U125/><E28/><V73/><F73/><W51/><G120/><T90/><D72/><U37/><E116/><V135/><F135/><W86/><G86/><T85/><D68/><U57/><E7/><V6/><F38/><W127/><G127/><N who="1" m="48714" /><E59/><V123/><F123/><W88/><G88/><T70/><D70/><U19/><E19/><V24/><REACH who="2" step="1"/><F56/><REACH who="2" ten="201,250,366,173" step="2"/><W117/><G117/><T122/><D122/><U35/><E110/><V41/><F41/><W25/><G46/><T74/><D74/><U3/><E40/><V114/><F114/><W62/><G51/><T42/><D42/><U132/><E132/><V92/><F92/><W50/><G50/><T105/><D105/><U66/><E37/><V89/><AGARI ba="0,1" hai="1,2,6,10,12,21,24,30,45,48,54,89,95,96" machi="89" ten="20,7800,0" yaku="1,1,0,1,7,1,52,1,53,0" doraHai="4" doraHaiUra="100" who="2" fromWho="2" sc="201,-26,250,-26,366,88,173,-26" /><INIT seed="2,1,0,0,4,100" ten="175,224,454,147" oya="2" hai0="79,45,74,46,18,57,97,113,85,111,90,11,0" hai1="84,39,133,102,48,76,13,17,69,51,105,119,4" hai2="27,50,29,66,91,96,98,99,62,95,47,73,56" hai3="127,89,8,41,125,82,120,32,101,30,36,116,67"/><V61/><F61/><W54/><G120/><T15/><D113/><U43/><E69/><V38/><F38/><W65/><G116/><T52/><D111/><U42/><E4/><V86/><F73/><W9/><G32/><T26/><D0/><U7/><E7/><V70/><F70/><W28/><G36/><T68/><D68/><U49/><E133/><V88/><F27/><W92/><G41/><T10/><D10/><N who="3" m="4201" /><G54/><T59/><D59/><U104/><E102/><V37/><F37/><W31/><G101/><T60/><D74/><U106/><E119/><V34/><F34/><W35/><G35/><T33/><D79/><U3/><E3/><V25/><F25/><W112/><G112/><T64/><D64/><U94/><E39/><V129/><F129/><W63/><G63/><T58/><D58/><U6/><E6/><V53/><REACH who="2" step="1"/><F29/><REACH who="2" ten="175,224,444,147" step="2"/><W2/><G31/><T134/><D134/><U110/><E110/><V135/><F135/><W109/><G30/><T108/><D33/><U132/><E132/><V78/><F78/><W1/><G28/><T16/><D108/><U20/><REACH who="1" step="1"/><E76/><REACH who="1" ten="175,214,444,147" step="2"/><V123/><F123/><W118/><G109/><T5/><D5/><U24/><E24/><V40/><F40/><W117/><G118/><T71/><D71/><U107/><N who="1" m="26880" /><DORA hai="121" /><U77/><E77/><V23/><F23/><W131/><G117/><T81/><D26/><U103/><E103/><V14/><F14/><W21/><G1/><T80/><D18/><U12/><E12/><V75/><F75/><W114/><G2/><T19/><D19/><U122/><E122/><RYUUKYOKU ba="1,2" sc="175,-15,214,15,444,15,147,-15" hai1="13,17,20,42,43,48,49,51,84,94" hai2="47,50,53,56,62,66,86,88,91,95,96,98,99" /><INIT seed="2,2,2,2,2,79" ten="160,229,459,132" oya="2" hai0="117,57,77,121,96,42,31,84,67,51,88,11,20" hai1="46,9,26,135,63,66,125,97,108,118,123,44,50" hai2="59,114,38,10,95,62,89,113,101,49,126,56,72" hai3="35,40,122,5,24,48,83,45,112,37,86,22,3"/><V1/><F38/><W99/><G122/><T58/><D121/><U4/><E118/><V17/><F72/><W106/><G35/><T61/><D117/><U54/><E123/><V27/><F101/><W70/><G70/><T21/><D11/><U74/><E108/><V75/><F75/><W124/><G124/><T6/><D6/><U94/><E135/><V29/><F126/><W105/><G112/><T23/><D77/><U111/><E111/><V82/><F1/><W18/><G99/><T132/><D132/><U128/><E128/><V85/><F95/><W134/><G134/><T8/><D8/><U15/><E74/><V129/><F129/><W87/><G87/><T0/><D0/><U119/><E26/><V127/><F127/><W36/><G36/><T92/><D31/><U32/><E32/><V104/><F104/><W60/><G60/><T100/><D42/><U34/><E34/><V80/><F113/><W13/><G3/><T90/><D84/><U64/><E119/><V7/><F114/><W133/><G133/><T109/><D109/><U53/><E125/><V98/><F7/><W47/><G5/><T68/><D68/><U55/><E63/><V110/><F110/><W120/><G24/><T28/><REACH who="0" step="1"/><D28/><REACH who="0" ten="150,229,459,132" step="2"/><U25/><E4/><V73/><F29/><W76/><G120/><T41/><D41/><AGARI ba="2,3" hai="13,18,22,37,40,41,45,47,48,76,83,86,105,106" machi="41" ten="30,2000,0" yaku="7,1,52,1" doraHai="79" who="3" fromWho="0" sc="150,-26,229,0,459,0,132,56" /><INIT seed="3,0,0,0,1,34" ten="124,229,459,188" oya="3" hai0="133,31,28,82,23,15,61,73,72,4,38,52,112" hai1="54,85,41,36,65,97,67,102,108,25,113,129,47" hai2="14,100,116,44,125,55,90,127,106,130,107,87,53" hai3="83,12,18,117,105,95,104,58,39,88,20,135,7"/><W99/><G117/><T126/><D38/><U19/><E113/><V59/><F116/><W68/><G68/><T32/><D112/><U27/><E108/><V16/><F130/><W35/><G39/><T94/><D133/><U89/><E129/><V24/><F24/><W80/><G135/><T6/><D126/><N who="2" m="48138" /><F44/><W134/><G134/><T22/><D32/><U79/><E79/><V103/><F103/><W9/><G35/><T29/><D73/><U60/><E54/><N who="2" m="20491" /><F100/><W84/><G58/><N who="0" m="35015" /><D72/><U124/><E124/><V114/><F59/><W1/><REACH who="3" step="1"/><G83/><REACH who="3" ten="124,229,459,178" step="2"/><T118/><D82/><U121/><E36/><V37/><F37/><W50/><G50/><T75/><D118/><U93/><E60/><V0/><F114/><W122/><G122/><T10/><D75/><U123/><E123/><V66/><F66/><W132/><G132/><T74/><D74/><U78/><E67/><V64/><F64/><W17/><G17/><N who="0" m="8439" /><D94/><U56/><E65/><V26/><F106/><W42/><G42/><T115/><D115/><U110/><E41/><V92/><F107/><W30/><G30/><T48/><D48/><U81/><E121/><V86/><F16/><W33/><G33/><T51/><D51/><U63/><E19/><V57/><F57/><W96/><G96/><T40/><D40/><U2/><E56/><V98/><F92/><W131/><G131/><T120/><D120/><U119/><E119/><V128/><F128/><W111/><G111/><T46/><D46/><U13/><E110/><V69/><F69/><W21/><G21/><AGARI ba="0,1" hai="4,6,21,22,23,28,29,31" m="8439,35015" machi="21" ten="30,2000,0" yaku="8,1,54,1" doraHai="34" who="0" fromWho="3" sc="124,30,229,0,459,0,178,-20" /><INIT seed="4,0,0,1,1,81" ten="154,229,459,158" oya="0" hai0="126,4,57,36,102,30,119,74,10,112,22,12,77" hai1="27,79,25,63,66,117,68,103,80,56,106,128,96" hai2="115,88,20,59,130,114,17,123,14,61,52,85,82" hai3="70,91,71,90,48,23,122,95,5,19,65,24,55"/><T13/><D119/><U16/><E117/><V64/><F123/><W98/><G122/><T89/><D36/><U86/><E128/><V6/><F130/><W38/><G5/><T99/><D126/><U51/><E68/><V50/><REACH who="2" step="1"/><F6/><REACH who="2" ten="154,229,449,158" step="2"/><W111/><G111/><T73/><D112/><U31/><E31/><V76/><F76/><W132/><G132/><T15/><D77/><U124/><E124/><V131/><F131/><W32/><G71/><T41/><D73/><U60/><E60/><V134/><F134/><W84/><G70/><T133/><D74/><U39/><E39/><V97/><F97/><W53/><G38/><T18/><D133/><U110/><E110/><V43/><F43/><W87/><G98/><T3/><D41/><U28/><E28/><V93/><F93/><W1/><G55/><T135/><D135/><U44/><REACH who="1" step="1"/><E16/><REACH who="1" ten="154,219,449,158" step="2"/><V78/><F78/><W0/><G19/><T108/><D108/><U42/><AGARI ba="0,2" hai="25,27,42,44,51,56,63,66,79,80,86,96,103,106" machi="42" ten="20,8000,1" yaku="1,1,2,1,0,1,7,1,52,1,53,0" doraHai="81" doraHaiUra="104" who="1" fromWho="1" sc="154,-40,219,100,449,-20,158,-20" /><INIT seed="5,0,0,3,4,98" ten="114,319,429,138" oya="1" hai0="31,117,49,135,42,84,107,73,23,0,34,111,3" hai1="122,25,93,1,9,28,48,12,127,113,30,105,68" hai2="33,17,115,87,36,99,103,96,45,5,123,88,10" hai3="15,2,75,125,38,114,89,57,78,124,94,100,102"/><U80/><E105/><V69/><F123/><W6/><G38/><T62/><D117/><U18/><E68/><V71/><F33/><W22/><G2/><T101/><D73/><U118/><E113/><V128/><F115/><W66/><G114/><T51/><D111/><U130/><E130/><V53/><F128/><W61/><G75/><T119/><D34/><U95/><E127/><N who="3" m="48714" /><G78/><T129/><D119/><U44/><E122/><V40/><F17/><N who="3" m="10559" /><G6/><T112/><D129/><U58/><E1/><V85/><F53/><W56/><G56/><T92/><D112/><U39/><E39/><V16/><F36/><W55/><G55/><T41/><D135/><U134/><E134/><V8/><F69/><W20/><G20/><T29/><D0/><U27/><E58/><V43/><F71/><W65/><G65/><T79/><D3/><U35/><E118/><V82/><F45/><W24/><G24/><T74/><D74/><U97/><E27/><V120/><F120/><W108/><G108/><T4/><D4/><U77/><E35/><V19/><F5/><W64/><G64/><T46/><D79/><U26/><E26/><V76/><F76/><W126/><N who="3" m="48722" /><W110/><DORA hai="116" /><G110/><T47/><D23/><U32/><E30/><V91/><F82/><W106/><G106/><T59/><D107/><U132/><E132/><V121/><F121/><W90/><G90/><N who="0" m="53319" /><D29/><U131/><E131/><V72/><F72/><W86/><AGARI ba="0,0" hai="57,61,66,86,89,94,100,102" m="10559,48722" machi="86" ten="40,5200,0" yaku="18,1,52,2" doraHai="98,116" who="3" fromWho="3" sc="114,-13,319,-26,429,-13,138,52" /><INIT seed="6,0,0,0,1,58" ten="101,293,416,190" oya="2" hai0="125,29,76,47,118,70,122,9,88,38,65,31,105" hai1="19,124,22,20,97,33,46,107,99,127,72,23,1" hai2="52,132,15,12,3,39,59,42,121,16,102,116,104" hai3="112,41,66,96,74,63,57,77,75,14,93,85,117"/><V134/><F121/><W78/><G117/><T130/><D122/><U40/><E33/><V17/><F116/><W43/><G112/><T84/><D118/><U83/><E1/><V48/><F3/><W80/><G78/><T4/><D105/><U44/><E19/><V91/><F104/><W7/><G75/><T94/><D130/><U34/><E34/><V45/><F102/><W8/><REACH who="3" step="1"/><G74/><REACH who="3" ten="101,293,416,180" step="2"/><T135/><D135/><U131/><E72/><V115/><F115/><W26/><G26/><T18/><D125/><U55/><E127/><V64/><F132/><W56/><G56/><T13/><D76/><U108/><E124/><V89/><F134/><W113/><G113/><T98/><D70/><U50/><E131/><V73/><F73/><W69/><G69/><T128/><D128/><U87/><E108/><V119/><F119/><W61/><G61/><T101/><D65/><U11/><E46/><V49/><F64/><W24/><G24/><T62/><D62/><U5/><E44/><V100/><F45/><W37/><G37/><T90/><D47/><U92/><E50/><V82/><F39/><W79/><G79/><T109/><D38/><U10/><E55/><V114/><F114/><W6/><G6/><T110/><D109/><U106/><E5/><V32/><F59/><W2/><G2/><T28/><D110/><U111/><E111/><V67/><F52/><W0/><G0/><T86/><REACH who="0" step="1"/><D4/><REACH who="0" ten="91,293,416,180" step="2"/><U103/><E107/><V126/><F67/><W25/><G25/><T133/><D133/><U35/><E106/><V51/><F51/><W27/><G27/><RYUUKYOKU ba="0,2" sc="91,15,293,-15,416,-15,180,15" hai0="9,13,18,28,29,31,84,86,88,90,94,98,101" hai3="7,8,14,41,43,57,63,66,77,80,85,93,96" /><INIT seed="7,1,2,1,0,44" ten="106,278,401,195" oya="3" hai0="28,20,37,114,90,80,67,118,111,16,107,125,85" hai1="13,21,87,72,50,12,64,65,95,8,36,46,23" hai2="19,26,1,29,30,41,38,77,133,106,96,6,102" hai3="55,124,68,92,129,35,27,51,57,47,105,49,4"/><W33/><G105/><T48/><D118/><U104/><E72/><V100/><F100/><W69/><G4/><T93/><D111/><U14/><E36/><V31/><F133/><W112/><G112/><T73/><D37/><U53/><E104/><V3/><F77/><W128/><G124/><T5/><D125/><U78/><E8/><V58/><F6/><W134/><G92/><T34/><D114/><U103/><E78/><V115/><F38/><W94/><G94/><T52/><D107/><U10/><E10/><V91/><F115/><W110/><G110/><T11/><D73/><U2/><E2/><V119/><F119/><W122/><G122/><T108/><D108/><U56/><E46/><V123/><F123/><W88/><G88/><N who="0" m="51239" /><D34/><N who="3" m="12809" /><G27/><N who="0" m="14727" /><D28/><U135/><E135/><V121/><F29/><W132/><G134/><T79/><D79/><U40/><E40/><V42/><F106/><W101/><G101/><T15/><D67/><N who="1" m="25675" /><E103/><V17/><F102/><W116/><G116/><T60/><D60/><U25/><E25/><V45/><F26/><W131/><G132/><T62/><D62/><U63/><E63/><V24/><F30/><W22/><G22/><T99/><D48/><U70/><E70/><V43/><F17/><W126/><G126/><T89/><D89/><AGARI ba="1,2" hai="12,13,14,21,23,50,53,56,87,89,95" m="25675" machi="89" ten="30,2000,0" yaku="8,1,52,1" doraHai="44" who="1" fromWho="0" sc="106,-23,278,43,401,0,195,0" owari="83,-42.0,321,12.0,401,50.0,195,-20.0" /></mjloggm>