<mjloggm ver="2.3"><GO type="41" lobby="0"/><UN n0="%E2%93%9D%53%75%70%68%78" n1="%E6%89%BF%E6%9C%8D%E4%BA%AD%E3%81%97%E3%81%8C%E3%81%9F%E3%81%84" n2="%E3%83%AA%E3%83%A5%E3%82%A6%E3%82%AA%E3%82%A6" n3="%E3%81%8A%E3%82%93%E3%81%A5%E3%81%8B" dan="19,16,13,15" rate="2143.32,2071.49,1829.12,1951.18" sx="M,M,M,M"/><TAIKYOKU oya="0"/><INIT seed="0,0,0,3,0,102" ten="250,250,250,250" oya="0" hai0="15,7,70,57,98,84,26,81,71,24,77,2,30" hai1="11,35,123,91,47,8,63,89,126,86,113,39,127" hai2="133,13,108,51,67,87,92,22,50,88,65,117,45" hai3="60,58,19,114,0,62,101,130,16,75,41,14,96"/><T29/><D2/><U132/><E123/><V55/><F133/><W111/><G75/><T9/><D57/><U90/><E132/><V74/><F74/><W56/><G0/><T82/><D98/><U109/><E35/><V33/><F33/><W122/><G114/><T42/><D42/><N who="1" m="23007" /><E113/><V100/><F100/><W106/><G122/><T48/><D48/><U97/><E97/><V10/><F108/><W61/><G111/><T36/><D36/><U5/><E63/><V49/><F117/><W115/><G130/><T134/><D134/><U20/><E20/><V80/><F22/><W52/><G41/><T18/><D7/><U23/><E23/><V40/><F51/><W73/><G73/><T104/><D104/><U25/><E25/><V128/><F92/><W59/><G115/><T46/><D46/><U85/><E109/><V110/><F128/><W68/><G68/><T64/><D64/><U107/><E107/><V79/><F79/><W12/><REACH who="3" step="1"/><G52/><REACH who="3" ten="250,250,250,240" step="2"/><T119/><D71/><U31/><E126/><V93/><F110/><W28/><G28/><N who="0" m="10859" /><D70/><U83/><E31/><V78/><F78/><W44/><G44/><T53/><D119/><U1/><E127/><V112/><F112/><W129/><G129/><T17/><D53/><U54/><E54/><V135/><F135/><W72/><G72/><T3/><D3/><U131/><E131/><V95/><F67/><W116/><G116/><T120/><D120/><U43/><E43/><V34/><F65/><W69/><G69/><T4/><D82/><N who="1" m="49335" /><E11/><V124/><F34/><W103/><G103/><T27/><AGARI ba="0,1" hai="4,9,15,17,18,24,26,27,77,81,84" m="10859" machi="27" ten="30,3000,0" yaku="5,1,8,1" doraHai="102" who="0" fromWho="0" sc="250,40,250,-10,250,-10,240,-10" /><INIT seed="0,1,0,2,4,71" ten="290,240,240,230" oya="0" hai0="82,23,74,112,128,28,22,64,2,116,86,17,124" hai1="110,66,115,27,102,41,26,35,51,40,104,77,6" hai2="36,129,3,113,57,38,42,8,1,45,119,132,111" hai3="62,39,103,63,97,43,33,75,79,50,56,69,7"/><T114/><D74/><U53/><E104/><V133/><F113/><W47/><G33/><T120/><D64/><U11/><E102/><V85/><F111/><W4/><G75/><T31/><D86/><U84/><E110/><V21/><F129/><W130/><G79/><T32/><D82/><N who="1" m="47183" /><E35/><V127/><F127/><W37/><G130/><T100/><D100/><U54/><E66/><V29/><F85/><W10/><G69/><T55/><D55/><N who="1" m="21003" /><E51/><N who="2" m="27063" /><F57/><W5/><G10/><T78/><D78/><U65/><E65/><V117/><F8/><W98/><G98/><T25/><D128/><U126/><E126/><V122/><F29/><W30/><G30/><T118/><D124/><U13/><E115/><N who="0" m="44073" /><D120/><U72/><E72/><V61/><F21/><W18/><G18/><T108/><D108/><U67/><E67/><V107/><F61/><W90/><G90/><T15/><D2/><N who="2" m="522" /><F107/><W44/><G56/><T49/><D49/><U94/><E94/><V76/><F76/><W68/><G68/><T99/><D32/><U95/><E95/><V14/><F14/><W131/><G131/><T87/><D15/><U24/><AGARI ba="1,0" hai="6,11,13,24,26,27,40,41" m="21003,47183" machi="24" ten="30,1100,0" yaku="8,1" doraHai="71" who="1" fromWho="1" sc="290,-6,240,14,240,-4,230,-4" /><INIT seed="1,0,0,2,5,134" ten="284,254,236,226" oya="1" hai0="42,20,62,12,115,75,50,90,101,45,135,24,61" hai1="67,56,58,102,51,31,107,0,88,78,25,33,77" hai2="109,21,64,65,108,41,26,105,16,18,57,4,116" hai3="82,85,36,118,100,32,99,39,44,89,5,74,120"/><U76/><E0/><V55/><F105/><W52/><G118/><T46/><D115/><U9/><E67/><V40/><F4/><W93/><G32/><T6/><D75/><U80/><E9/><V119/><F55/><W103/><G120/><T124/><D101/><U79/><E102/><V66/><F57/><W98/><G5/><T95/><D124/><U17/><E107/><V132/><F132/><W43/><G74/><T14/><D46/><U128/><E128/><V68/><F68/><W94/><REACH who="3" step="1"/><G52/><REACH who="3" ten="284,254,236,216" step="2"/><T113/><D6/><U133/><E133/><V129/><F129/><W35/><G35/><T72/><D72/><U15/><E33/><V73/><F73/><W122/><G122/><T22/><D135/><U125/><E125/><V84/><F84/><W92/><G92/><T69/><D95/><U27/><E80/><V13/><F119/><W34/><G34/><T54/><D54/><U8/><E51/><AGARI ba="0,1" hai="36,39,43,44,51,82,85,89,93,94,98,99,100,103" machi="51" ten="30,8000,1" yaku="1,1,7,1,9,1,53,2" doraHai="134" doraHaiUra="91" who="3" fromWho="1" sc="284,0,254,-80,236,0,216,90" /><INIT seed="2,0,0,4,4,87" ten="284,174,236,306" oya="2" hai0="35,129,117,124,75,28,90,70,135,24,39,96,11" hai1="60,30,111,123,97,29,50,36,121,25,10,84,101" hai2="92,2,46,20,83,120,107,94,51,56,109,133,63" hai3="85,122,5,131,17,105,100,14,9,110,72,88,108"/><V126/><F2/><W38/><G72/><T134/><D75/><U58/><E36/><V45/><F107/><W22/><G38/><T114/><D114/><U12/><E111/><N who="3" m="42538" /><G122/><N who="1" m="46602" /><E50/><V113/><F120/><W43/><G43/><T54/><D129/><U34/><E84/><V13/><F113/><W8/><G131/><T23/><D124/><U115/><E115/><V76/><F133/><W55/><G55/><T79/><D54/><N who="1" m="33879" /><E25/><V86/><F126/><W80/><G5/><T78/><D39/><U18/><E34/><V62/><F46/><W127/><G127/><T31/><D35/><U74/><E74/><V65/><F63/><W53/><G53/><T103/><D135/><U93/><AGARI ba="0,0" hai="10,12,18,29,30,93,97,101" m="33879,46602" machi="93" ten="30,1100,0" yaku="13,1" doraHai="87" who="1" fromWho="1" sc="284,-3,174,11,236,-5,306,-3" /><INIT seed="3,0,0,0,3,25" ten="281,185,231,303" oya="3" hai0="93,28,20,61,56,66,2,76,122,14,22,89,127" hai1="75,3,27,108,29,133,41,58,31,99,115,81,23" hai2="104,105,26,38,90,106,78,36,15,116,92,132,95" hai3="16,48,80,85,131,59,5,43,72,40,107,33,64"/><W32/><G107/><T123/><D2/><U46/><E115/><V37/><F116/><W121/><G72/><T98/><D127/><U53/><E3/><V30/><F78/><W74/><G74/><T17/><D76/><U83/><E75/><V9/><F132/><W55/><G131/><T119/><D119/><U135/><E108/><V10/><F90/><W113/><G5/><T73/><D73/><U111/><E111/><V68/><F68/><W1/><G1/><T39/><D39/><U67/><E67/><V57/><F57/><W6/><G6/><T112/><D112/><U114/><E114/><V50/><F50/><W129/><G129/><T96/><D123/><U82/><E99/><V35/><REACH who="2" step="1"/><F9/><REACH who="2" ten="281,185,221,303" step="2"/><W125/><G113/><T54/><D122/><U63/><REACH who="1" step="1"/><E31/><REACH who="1" ten="281,175,221,303" step="2"/><V77/><F77/><W120/><G121/><T101/><D28/><U79/><E79/><V124/><F124/><W19/><G120/><T118/><D118/><U128/><E128/><V87/><F87/><W51/><G85/><T97/><D89/><U65/><E65/><V60/><F60/><W100/><G64/><T109/><D109/><U21/><E21/><V12/><F12/><W110/><G125/><T86/><D86/><U94/><E94/><V102/><F102/><W24/><G100/><T71/><D22/><U88/><E88/><V8/><F8/><W62/><G110/><T91/><D101/><U49/><AGARI ba="0,2" hai="23,27,29,41,46,49,53,58,63,81,82,83,133,135" machi="49" ten="30,7900,0" yaku="1,1,0,1,52,1,53,1" doraHai="25" doraHaiUra="47" who="1" fromWho="1" sc="281,-20,175,99,221,-20,303,-39" /><INIT seed="4,0,0,0,4,128" ten="261,274,201,264" oya="0" hai0="76,60,10,131,114,84,69,108,11,78,50,71,17" hai1="83,20,46,55,107,43,33,101,103,90,57,34,64" hai2="96,135,0,132,133,86,30,38,109,130,52,12,125" hai3="5,81,91,8,121,9,80,66,120,124,28,51,40"/><T3/><D131/><U93/><E64/><V115/><F130/><W134/><G66/><T21/><D114/><U56/><E107/><V53/><F38/><W88/><G124/><T48/><D108/><U127/><E127/><V118/><F0/><W116/><G116/><T119/><D3/><U99/><E33/><V19/><F125/><W70/><G70/><T36/><D36/><U45/><E34/><V105/><F109/><W1/><G28/><T44/><D60/><U23/><E43/><V67/><F67/><W68/><G68/><T7/><D7/><U106/><E106/><V39/><F39/><W4/><G40/><T16/><D84/><N who="1" m="50463" /><E56/><V29/><F86/><W65/><G65/><T85/><D85/><U49/><E103/><N who="2" m="62695" /><F115/><W89/><G89/><T97/><D21/><AGARI ba="0,0" hai="20,21,23,45,46,49,55,57,93,99,101" m="50463" machi="21" ten="30,1000,0" yaku="8,1" doraHai="128" who="1" fromWho="0" sc="261,-10,274,10,201,0,264,0" /><INIT seed="5,0,0,1,2,61" ten="251,284,201,264" oya="1" hai0="91,108,45,20,109,71,117,15,14,100,110,48,64" hai1="129,37,62,9,63,104,65,36,113,89,6,16,27" hai2="81,10,123,126,60,70,127,19,1,52,122,87,59" hai3="7,50,17,13,102,12,73,115,44,103,42,35,133"/><U54/><E104/><V11/><F1/><W72/><G35/><T124/><D100/><U22/><E113/><V116/><F116/><W88/><G133/><T130/><D117/><U99/><E129/><V79/><F19/><W101/><G115/><T80/><D124/><N who="2" m="47658" /><F70/><W132/><G73/><T66/><D71/><U47/><E47/><V90/><F90/><W118/><G72/><T39/><D39/><U125/><E125/><V30/><F30/><W120/><G120/><AGARI ba="0,0" hai="10,11,52,59,60,79,81,87,120,122,123" m="47658" machi="120" ten="30,2000,0" yaku="18,1,54,1" doraHai="61" who="2" fromWho="3" sc="251,0,284,0,201,20,264,-20" /><INIT seed="6,0,0,2,4,15" ten="251,284,221,244" oya="2" hai0="22,51,50,91,98,104,57,60,8,44,75,103,63" hai1="19,110,78,69,134,76,126,67,70,101,93,123,112" hai2="43,73,111,106,84,100,90,24,65,131,52,89,25" hai3="74,32,53,58,17,130,132,125,107,95,13,33,72"/><V14/><F73/><W62/><G107/><T64/><D75/><U109/><E67/><V85/><F131/><W37/><G130/><T88/><D51/><U59/><E59/><V81/><F65/><W79/><G125/><T108/><D108/><N who="1" m="41579" /><E19/><V11/><F111/><W20/><G37/><T71/><D8/><U135/><E93/><N who="2" m="54439" /><F43/><W36/><G36/><T114/><D114/><U16/><E16/><N who="2" m="8287" /><F106/><W39/><G39/><T35/><D71/><N who="1" m="27147" /><E101/><V118/><F118/><W21/><G74/><T122/><D103/><U56/><E112/><V48/><F100/><W119/><G119/><T121/><D64/><U94/><E123/><V45/><AGARI ba="0,0" hai="24,25,45,48,52,81,85,90" m="8287,54439" machi="45" ten="30,12000,1" yaku="25,1,8,1,52,1,54,2" doraHai="15" who="2" fromWho="2" sc="251,-40,284,-40,221,120,244,-40" /><INIT seed="6,1,0,1,3,118" ten="211,244,341,204" oya="2" hai0="1,91,13,135,43,12,82,101,48,32,83,93,112" hai1="20,106,77,75,94,114,46,45,108,113,8,61,73" hai2="76,85,131,60,98,17,56,19,95,26,103,70,35" hai3="37,90,66,110,127,33,120,128,34,104,38,99,130"/><V116/><F116/><W49/><G110/><T36/><D1/><U40/><E106/><V105/><F70/><W123/><G66/><T22/><D32/><N who="3" m="12393" /><G49/><T44/><D112/><N who="1" m="43115" /><E77/><V117/><F131/><N who="3" m="50219" /><G127/><T96/><D135/><U74/><E8/><V5/><F5/><W2/><G2/><T54/><D36/><N who="3" m="13929" /><G90/><T121/><D91/><U16/><E61/><V111/><F111/><W72/><G72/><T21/><D54/><U81/><E94/><V89/><F117/><W102/><AGARI ba="1,0" hai="99,102,104,120,123" m="13929,50219,12393" machi="102" ten="40,8000,1" yaku="19,1,23,1,52,2" doraHai="118" who="3" fromWho="3" sc="211,-21,244,-21,341,-41,204,83" /><INIT seed="7,0,0,2,1,120" ten="190,223,300,287" oya="3" hai0="32,54,115,52,117,2,62,93,105,46,11,101,86" hai1="41,111,98,60,67,133,47,122,70,104,6,127,68" hai2="108,114,42,116,97,30,23,33,27,102,118,113,61" hai3="45,50,95,81,107,109,48,92,43,24,99,78,63"/><W83/><G109/><T125/><D117/><U129/><E122/><V8/><F42/><W72/><G83/><T90/><D32/><U31/><E111/><V26/><F108/><W22/><G63/><T91/><D125/><U51/><E127/><V77/><F77/><W103/><G50/><T131/><D131/><U65/><E129/><V20/><F8/><W100/><G100/><T13/><D2/><U64/><E6/><V12/><F12/><W37/><G37/><T94/><D115/><N who="2" m="44042" /><F61/><W123/><G123/><T53/><D105/><U16/><E16/><AGARI ba="0,0" hai="16,22,24,43,45,48,72,78,81,92,95,99,103,107" machi="16" ten="30,2900,0" yaku="7,1,54,1" doraHai="120" who="3" fromWho="1" sc="190,0,223,-29,300,0,287,29" owari="190,-31.0,194,-21.0,300,10.0,316,42.0" /></mjloggm>