<mjloggm ver="2.3"><GO type="41" lobby="0"/><UN n0="%E3%83%92%E3%82%B5%E3%83%88%E3%83%8E%E3%83%BC%E3%83%88" n1="%E2%93%9D%53%75%70%68%78" n2="%E3%82%B3%E3%83%AD%E3%83%8A%E3%82%A6%E3%82%A4%E3%83%AB%E3%82%B9%E2%98%85" n3="%E3%83%AA%E3%83%AB%E3%83%A0%E3%83%BB%E3%83%AD%E3%83%AD%E3%83%83%E3%83%88" dan="15,18,14,14" rate="2007.88,2099.84,1984.38,1929.99" sx="M,M,M,M"/><TAIKYOKU oya="0"/><INIT seed="0,0,0,4,0,96" ten="250,250,250,250" oya="0" hai0="69,30,44,75,88,38,78,119,102,14,23,63,82" hai1="112,20,92,99,16,10,79,49,87,31,48,13,53" hai2="106,71,126,122,21,24,9,18,11,95,93,8,33" hai3="104,50,133,27,86,37,84,51,41,7,29,4,80"/><T32/><D119/><U97/><E112/><V6/><F122/><W66/><G133/><T132/><D132/><U121/><E121/><V19/><F71/><W100/><G66/><T45/><D32/><U89/><E49/><V110/><F106/><W3/><G37/><T25/><D38/><U127/><E127/><V91/><F95/><W72/><G72/><T129/><D129/><U130/><E130/><V26/><F93/><W116/><G84/><T107/><D14/><U120/><E120/><V47/><F47/><W12/><G3/><T46/><D69/><U70/><E70/><V64/><F64/><W90/><G41/><T40/><D63/><U125/><E125/><V94/><F126/><W43/><G43/><T54/><D40/><U114/><E114/><V73/><F73/><W61/><G61/><T115/><D115/><U105/><E105/><V98/><F110/><W65/><G65/><T0/><D0/><U2/><E79/><V108/><F108/><W113/><G116/><T77/><D77/><U135/><E135/><V67/><F67/><W68/><G68/><T124/><D124/><U34/><E34/><V131/><F131/><W128/><G128/><T36/><D36/><U101/><E101/><V111/><F111/><W22/><G113/><T57/><D88/><U103/><E103/><V134/><F134/><W17/><G4/><T74/><D75/><U52/><E53/><V123/><F123/><W15/><G7/><T28/><D28/><U118/><E118/><V76/><F76/><W1/><G1/><T39/><D39/><U117/><E117/><RYUUKYOKU ba="0,0" sc="250,0,250,0,250,0,250,0" /><INIT seed="1,1,0,2,3,125" ten="250,250,250,250" oya="1" hai0="3,129,113,9,117,131,89,124,112,19,61,35,92" hai1="69,104,63,77,43,28,121,74,115,40,111,73,37" hai2="47,1,135,17,22,32,107,15,7,97,95,27,34" hai3="33,119,45,127,12,4,46,103,21,25,91,57,13"/><U44/><E115/><V52/><F107/><W90/><G127/><T85/><D117/><U108/><E121/><V88/><F135/><W64/><G33/><T93/><D35/><U53/><E77/><V29/><F34/><W23/><G119/><T99/><D124/><U5/><E28/><V83/><F83/><W60/><G103/><T6/><D61/><U0/><E43/><V105/><F105/><W36/><G23/><T123/><D123/><U87/><E87/><V65/><F65/><W72/><G72/><T96/><D85/><U50/><E5/><V110/><F110/><N who="1" m="42025" /><E0/><V42/><F42/><W2/><G2/><T54/><D19/><U118/><E104/><V26/><F26/><W20/><G20/><T81/><D81/><U70/><E118/><V132/><F132/><W101/><G101/><N who="0" m="60551" /><D54/><U82/><E82/><V80/><F80/><W56/><G36/><T51/><D51/><U11/><E11/><V58/><F47/><N who="3" m="17931" /><G57/><T48/><D48/><U98/><E98/><V79/><F79/><W14/><G4/><T122/><D122/><U55/><E74/><V67/><F67/><W100/><G100/><T130/><AGARI ba="1,0" hai="3,6,9,89,93,99,112,113,129,130,131" m="60551" machi="130" ten="30,7900,0" yaku="19,1,52,3" doraHai="125" who="0" fromWho="0" sc="250,82,250,-40,250,-21,250,-21" /><INIT seed="2,0,0,5,5,85" ten="332,210,229,229" oya="2" hai0="113,127,114,78,72,49,70,24,93,120,3,86,115" hai1="8,131,51,11,64,56,38,71,135,96,26,41,44" hai2="121,5,122,54,110,124,66,68,53,10,132,112,69" hai3="88,102,37,60,92,31,91,97,63,74,118,17,7"/><V43/><F112/><W103/><G118/><T89/><D70/><U39/><E26/><V0/><F124/><W107/><G37/><N who="1" m="13834" /><E96/><V80/><F43/><W133/><G74/><T109/><D3/><U95/><E95/><V21/><F132/><W47/><G133/><T4/><D4/><U48/><E11/><V76/><F110/><W30/><G7/><T16/><D109/><U12/><E12/><V119/><F119/><W73/><G73/><T22/><D127/><U134/><E8/><V82/><F82/><W79/><G79/><T6/><D6/><U125/><E131/><V36/><F36/><W77/><G77/><T15/><D120/><U61/><E125/><V58/><F54/><AGARI ba="0,0" hai="41,44,48,51,54,56,61,64,71,134,135" m="13834" machi="54" ten="30,2000,0" yaku="34,2" doraHai="85" who="1" fromWho="2" sc="332,0,210,20,229,-20,229,0" /><INIT seed="3,0,0,1,1,75" ten="332,230,209,229" oya="3" hai0="21,112,38,120,101,33,7,80,41,81,93,95,131" hai1="107,2,119,55,34,6,59,5,66,62,71,29,54" hai2="72,76,116,98,125,8,45,53,18,99,1,115,51" hai3="85,89,91,70,50,74,14,83,129,19,47,13,69"/><W111/><G129/><T67/><D33/><U118/><E107/><V22/><F116/><N who="1" m="44585" /><E2/><V132/><F115/><W100/><G100/><T3/><D131/><U30/><E55/><V35/><F35/><W94/><G111/><T61/><D120/><U78/><E34/><V44/><F125/><W57/><G13/><T122/><D122/><U43/><E43/><V42/><F132/><W123/><G123/><T26/><D112/><U20/><E78/><V105/><F105/><W113/><G113/><T135/><D135/><U110/><E110/><V79/><F72/><W109/><G109/><T90/><D41/><U87/><E87/><V124/><F8/><W88/><G91/><T36/><D7/><N who="1" m="2571" /><E20/><V127/><F1/><W96/><G74/><T40/><D3/><U103/><E103/><V106/><F106/><W23/><REACH who="3" step="1"/><G57/><REACH who="3" ten="332,230,209,219" step="2"/><T25/><D101/><U11/><E11/><V39/><F127/><W86/><G86/><T48/><D90/><U104/><E104/><V9/><F9/><W68/><G68/><T24/><D24/><U121/><E121/><V114/><F124/><W28/><G28/><T0/><D25/><U63/><AGARI ba="0,1" hai="29,30,54,59,62,63,66,71" m="2571,44585" machi="63" ten="30,1100,0" yaku="12,1" doraHai="75" who="1" fromWho="1" sc="332,-3,230,21,209,-3,219,-5" /><INIT seed="4,0,0,4,0,129" ten="329,251,206,214" oya="0" hai0="88,111,0,34,63,96,66,61,59,60,9,83,11" hai1="32,80,133,62,22,72,2,86,7,52,25,104,13" hai2="78,113,119,100,39,108,71,131,30,94,20,106,85" hai3="93,45,76,98,73,68,56,49,89,29,55,109,48"/><T58/><D34/><U125/><E104/><V65/><F108/><W44/><G109/><T97/><D111/><U120/><E72/><V132/><F39/><W115/><G115/><T42/><D42/><U37/><E37/><V114/><F119/><W126/><G126/><T53/><D61/><U36/><E36/><V99/><F132/><W54/><G68/><T3/><D3/><U87/><E120/><V46/><F46/><W15/><G29/><T81/><D0/><U124/><E2/><V23/><F71/><W82/><REACH who="3" step="1"/><G15/><REACH who="3" ten="329,251,206,204" step="2"/><T35/><D35/><U90/><E125/><V69/><F30/><W43/><G43/><T28/><D28/><U77/><E124/><V47/><F69/><W6/><G6/><T27/><D27/><U103/><E13/><V5/><F5/><W26/><G26/><T101/><D9/><U75/><E7/><V134/><F20/><W128/><G128/><T41/><D11/><U117/><E32/><V19/><F131/><W70/><G70/><T4/><D4/><U79/><E25/><V102/><F23/><W123/><G123/><T17/><D17/><U84/><E22/><V105/><F19/><W50/><G50/><T135/><D41/><U33/><E33/><V130/><F130/><W51/><G51/><T118/><D118/><U16/><E16/><V57/><F134/><W112/><G112/><T91/><D135/><U18/><E133/><V107/><F114/><W110/><G110/><T122/><D122/><U64/><E18/><V74/><F113/><W14/><G14/><T121/><D121/><U95/><E117/><RYUUKYOKU ba="0,1" sc="329,-10,251,-10,206,-10,204,30" hai3="44,45,48,49,54,55,56,73,76,82,89,93,98" /><INIT seed="5,1,1,5,5,129" ten="319,241,196,234" oya="1" hai0="29,96,103,47,10,65,36,35,46,127,109,54,17" hai1="83,69,12,132,1,84,99,32,2,128,90,79,58" hai2="18,60,104,105,6,11,22,133,67,7,50,41,88" hai3="113,4,66,106,37,24,61,45,16,110,131,59,20"/><U23/><E69/><V33/><F33/><W121/><G121/><T49/><D127/><U34/><E128/><V8/><F104/><W31/><G131/><T94/><D109/><U102/><E34/><V55/><F105/><W93/><G106/><T13/><D65/><U86/><E32/><V97/><F41/><W26/><G110/><T77/><D77/><U118/><E118/><V27/><F133/><W95/><G113/><T19/><D35/><U71/><E71/><V135/><F135/><W81/><G4/><T116/><D29/><U48/><E99/><V56/><F6/><W70/><G70/><T114/><D114/><U82/><E102/><V119/><F119/><W73/><G31/><T91/><D116/><U85/><E85/><V62/><F7/><W39/><G24/><T92/><D36/><U74/><E74/><V101/><F101/><W30/><G30/><T63/><D63/><N who="2" m="24106" /><F67/><W123/><G123/><T134/><D134/><U80/><E132/><V42/><F42/><W120/><G120/><T78/><D19/><N who="1" m="10727" /><E2/><V5/><F5/><W9/><G9/><T53/><D78/><U130/><E1/><V98/><F98/><W44/><G39/><T100/><D94/><AGARI ba="1,1" hai="8,11,18,22,27,50,55,56,88,94,97" m="24106" machi="94" ten="30,2000,0" yaku="8,1,54,1" doraHai="129" who="2" fromWho="0" sc="319,-23,241,0,196,33,234,0" /><INIT seed="6,0,0,0,3,69" ten="296,241,229,234" oya="2" hai0="41,88,12,111,119,30,71,110,36,126,133,73,11" hai1="15,8,95,43,45,100,90,17,49,10,108,104,81" hai2="52,74,85,125,115,61,51,50,13,37,44,87,18" hai3="34,32,0,76,91,99,128,105,70,21,83,129,3"/><V117/><F117/><W47/><G70/><T84/><D73/><U93/><E108/><V113/><F74/><W31/><G21/><T127/><D71/><U60/><E104/><V29/><F29/><W63/><G63/><T94/><D30/><U64/><E100/><V23/><F61/><W130/><G47/><N who="0" m="23975" /><D119/><U40/><E40/><N who="2" m="22543" /><F50/><W14/><G14/><T55/><D55/><U9/><E81/><V57/><F125/><N who="0" m="47626" /><D133/><U38/><E38/><V16/><F18/><AGARI ba="0,0" hai="11,12,18,84,88,94,110,111" m="47626,23975" machi="18" ten="30,3900,0" yaku="18,1,52,1,54,1" doraHai="69" who="0" fromWho="2" sc="296,39,241,0,229,-39,234,0" /><INIT seed="7,0,0,2,1,131" ten="335,241,190,234" oya="3" hai0="51,23,94,91,122,0,126,36,104,5,111,28,72" hai1="115,74,93,129,4,53,123,75,84,1,110,78,18" hai2="40,114,47,100,3,6,11,57,14,29,22,24,98" hai3="125,9,105,120,118,17,99,101,55,44,90,39,82"/><W77/><G125/><T67/><D36/><U83/><E110/><V89/><F114/><W92/><G120/><T65/><D104/><U62/><E123/><V121/><F121/><W7/><G118/><T87/><D72/><U130/><E18/><V27/><F89/><W106/><G17/><T76/><D76/><U70/><E115/><V37/><F27/><W73/><G101/><T12/><D0/><U54/><E70/><V109/><F109/><W71/><G71/><T41/><D126/><U86/><E62/><V113/><F113/><W116/><G116/><T79/><D79/><U16/><E16/><V128/><F128/><N who="1" m="49257" /><E93/><V46/><F46/><W124/><G124/><T68/><D68/><U15/><E1/><V33/><F57/><W112/><G112/><T21/><D122/><U2/><E2/><V32/><REACH who="2" step="1"/><F3/><REACH who="2" ten="335,241,180,234" step="2"/><N who="3" m="255" /><G55/><T52/><D111/><U133/><E54/><V97/><F97/><W34/><G34/><T132/><D52/><U25/><E53/><V80/><F80/><W43/><AGARI ba="0,1" hai="39,43,44,73,77,82,90,92,99,105,106" m="255" machi="43" ten="30,1500,0" yaku="25,1" doraHai="131" who="3" fromWho="3" sc="335,-5,241,-5,180,-5,234,25" /><INIT seed="7,1,0,1,5,69" ten="330,236,175,259" oya="3" hai0="83,87,3,20,34,31,54,82,36,114,92,123,124" hai1="134,111,100,37,106,55,15,1,18,43,6,130,90" hai2="21,51,58,22,117,64,7,47,19,71,67,14,52" hai3="109,72,11,74,112,16,135,89,77,60,73,38,81"/><W97/><G112/><T26/><D36/><U95/><E111/><V66/><F71/><W10/><G109/><T110/><D3/><U127/><E130/><V125/><F117/><W132/><G60/><T128/><D123/><U32/><E32/><V78/><F125/><W53/><G53/><T57/><D124/><U99/><E134/><N who="3" m="51242" /><G97/><T113/><D110/><U46/><E127/><V118/><F118/><W76/><G89/><N who="0" m="53311" /><D34/><U129/><E129/><V86/><F7/><W29/><G29/><T5/><D5/><U70/><E70/><V28/><F86/><W102/><G102/><T44/><D44/><U42/><E6/><V93/><F93/><W4/><G81/><T63/><D128/><U85/><E1/><V104/><F104/><W80/><G80/><T30/><D30/><U17/><E106/><V2/><F78/><N who="3" m="30315" /><G38/><T33/><D33/><U56/><E100/><V9/><F2/><N who="3" m="279" /><G11/><T96/><D96/><U133/><E133/><V122/><F122/><W61/><G61/><T103/><D103/><U121/><E99/><V115/><F115/><AGARI ba="1,0" hai="20,26,31,54,57,63,82,83,113,114,115" m="53311" machi="115" ten="30,2000,0" yaku="15,1,11,1" doraHai="69" who="0" fromWho="2" sc="330,23,236,0,175,-23,259,0" owari="353,45.0,236,-16.0,152,-35.0,259,6.0" /></mjloggm>