<mjloggm ver="2.3"><GO type="41" lobby="0"/><UN n0="%E3%8C%A7%E3%81%BE" n1="%E8%8F%AF%E4%BA%94%E9%9B%B7%E9%9B%B2" n2="%E2%93%9D%53%75%70%68%78" n3="%E5%A4%A9%E4%B8%8B%E7%84%A1%E5%8F%8C" dan="13,14,18,15" rate="1892.08,1850.59,2127.71,1988.07" sx="M,M,M,M"/><TAIKYOKU oya="0"/><INIT seed="0,0,0,3,5,128" ten="250,250,250,250" oya="0" hai0="58,54,32,60,130,21,17,37,115,90,103,114,110" hai1="18,38,135,70,5,34,109,116,50,46,96,83,77" hai2="41,20,28,88,94,6,4,134,71,107,99,125,66" hai3="19,62,1,133,0,98,126,3,45,57,113,49,105"/><T95/><D32/><U79/><E70/><V131/><F131/><W30/><G113/><T80/><D130/><U63/><E116/><V84/><F125/><W2/><G30/><T89/><D37/><U85/><E34/><V35/><F41/><W82/><G133/><T9/><D110/><U108/><E38/><V43/><F43/><W132/><G132/><T121/><D121/><U101/><E135/><V75/><F75/><W8/><G126/><T59/><D115/><U123/><E63/><N who="2" m="40415" /><F20/><W15/><G82/><T122/><D122/><U92/><E5/><V86/><F86/><W42/><N who="3" m="0" /><DORA hai="129" /><W31/><G31/><T68/><D68/><U119/><E119/><V61/><F61/><W27/><G27/><T100/><D9/><U117/><E117/><V55/><F55/><W40/><G40/><T78/><D114/><U26/><E123/><V51/><F51/><W52/><REACH who="3" step="1"/><G98/><REACH who="3" ten="250,250,250,240" step="2"/><T76/><D80/><U65/><E109/><V112/><F134/><W124/><G124/><T106/><D76/><U102/><E108/><V120/><F112/><W23/><G23/><T81/><D81/><U97/><E26/><N who="2" m="18839" /><F120/><W16/><G16/><T33/><D78/><U87/><E18/><V39/><F39/><W12/><G12/><T127/><D127/><U69/><E83/><V56/><F6/><W14/><G14/><T118/><D118/><U24/><E24/><V72/><F4/><W7/><G7/><T44/><D17/><U13/><E77/><V111/><F111/><W36/><G36/><T104/><D21/><U74/><E79/><V73/><F56/><RYUUKYOKU ba="0,1" sc="250,-15,250,-15,250,15,240,15" hai2="72,73,84,88,94,99,107" hai3="8,15,19,42,45,49,52,57,62,105" /><INIT seed="1,1,1,4,0,109" ten="235,235,265,255" oya="1" hai0="28,60,80,97,21,94,86,51,90,3,17,67,18" hai1="12,106,133,14,11,123,99,116,34,25,78,47,50" hai2="27,129,108,126,29,132,72,2,75,26,107,81,104" hai3="22,91,69,54,62,70,16,105,56,77,125,65,4"/><U135/><E123/><V0/><F108/><W45/><G125/><T85/><D3/><U122/><E122/><V76/><F126/><W96/><G4/><T24/><D51/><U128/><E116/><V121/><F121/><W73/><G73/><T118/><D85/><U13/><E78/><V119/><F129/><W102/><G77/><T35/><D35/><U8/><E99/><V1/><F132/><N who="1" m="50761" /><E106/><V114/><F119/><W53/><G91/><T98/><D98/><U33/><E47/><V93/><F93/><W130/><G130/><T44/><D44/><U82/><E50/><V48/><F48/><W41/><G53/><T61/><D118/><U124/><E82/><V112/><F75/><W19/><G19/><T103/><D61/><U120/><E120/><V9/><F9/><N who="1" m="3657" /><E124/><V20/><REACH who="2" step="1"/><F27/><REACH who="2" ten="235,235,255,255" step="2"/><W113/><G105/><AGARI ba="1,2" hai="0,1,2,20,26,29,72,76,81,104,105,107,112,114" machi="105" ten="50,8000,1" yaku="1,1,2,1,52,2,53,0" doraHai="109" doraHaiUra="37" who="2" fromWho="3" sc="235,0,235,0,255,103,255,-83" /><INIT seed="2,0,0,4,0,34" ten="235,235,358,172" oya="2" hai0="28,61,100,53,2,77,36,73,62,65,119,41,23" hai1="121,81,57,42,84,46,10,89,70,18,13,87,7" hai2="19,44,71,122,113,91,105,109,54,96,80,3,129" hai3="126,37,108,52,8,39,86,60,43,74,51,117,107"/><V93/><F113/><W79/><G117/><T31/><D119/><U133/><E70/><V127/><F122/><W22/><G108/><T76/><D100/><U115/><E121/><V118/><F127/><W20/><G107/><T0/><D53/><U98/><E133/><V106/><F129/><W88/><G126/><T12/><D36/><U104/><E57/><V134/><F19/><W56/><G8/><T101/><D101/><U114/><E87/><V49/><F71/><W125/><G74/><T40/><D12/><U11/><E98/><V112/><F112/><W120/><G79/><T27/><D23/><U102/><E102/><V99/><F134/><W130/><G130/><T29/><D28/><U55/><E55/><V38/><F38/><W9/><G9/><T24/><D73/><U95/><E95/><V110/><F80/><W75/><G75/><T15/><D15/><U97/><E97/><V16/><F118/><W33/><G33/><T124/><D124/><U26/><E26/><V92/><F16/><W67/><G120/><T32/><REACH who="0" step="1"/><D32/><REACH who="0" ten="225,235,358,172" step="2"/><U45/><E114/><V123/><F123/><W47/><G125/><T94/><D94/><U21/><E115/><V4/><F106/><W131/><G39/><T63/><D63/><U132/><E104/><V50/><F105/><W30/><G30/><T128/><D128/><U85/><E132/><V1/><F50/><W103/><G103/><T66/><AGARI ba="0,1" hai="0,2,24,27,29,31,40,41,61,62,65,66,76,77" machi="66" ten="25,12000,2" yaku="1,1,0,1,22,2,52,2,53,0" doraHai="34" doraHaiUra="83" who="0" fromWho="0" sc="225,130,235,-30,358,-60,172,-30" /><INIT seed="3,0,0,5,4,126" ten="355,205,298,142" oya="3" hai0="81,25,69,78,119,18,132,130,115,53,40,23,117" hai1="10,51,42,46,72,52,50,88,121,73,0,114,131" hai2="106,63,60,64,16,58,33,124,19,129,71,93,100" hai3="94,95,128,104,102,82,21,54,6,105,90,4,74"/><W120/><G120/><T3/><D69/><U92/><E121/><V13/><F124/><W8/><G128/><T61/><D3/><U75/><E114/><V9/><F33/><W5/><G21/><T35/><D35/><U11/><E131/><V79/><F106/><W84/><G105/><T43/><D115/><U36/><E0/><V66/><F79/><W85/><G74/><T86/><D132/><U65/><E65/><V122/><F122/><W24/><G24/><T125/><D125/><U49/><REACH who="1" step="1"/><E52/><REACH who="1" ten="355,195,298,142" step="2"/><V134/><F134/><W83/><G54/><T7/><D130/><U27/><E27/><V1/><F1/><W28/><G4/><T37/><D7/><U57/><E57/><V76/><F129/><W29/><G5/><T67/><D67/><U39/><E39/><V89/><F66/><W118/><G6/><T20/><D37/><U127/><E127/><V135/><F135/><W108/><G118/><T17/><D119/><U38/><E38/><V48/><F64/><W91/><G108/><T45/><D117/><U109/><E109/><V103/><F71/><W68/><G68/><T41/><D45/><U2/><E2/><V107/><F58/><W113/><G113/><T44/><D44/><U116/><E116/><V77/><F13/><W32/><G29/><T62/><D53/><U34/><E34/><V101/><F19/><W97/><G28/><T98/><D40/><U31/><E31/><V133/><F133/><W15/><G32/><T112/><D41/><U123/><E123/><V47/><F16/><W56/><G56/><T26/><D112/><RYUUKYOKU ba="0,1" sc="355,-15,195,15,298,-15,142,15" hai1="10,11,36,42,46,49,50,51,72,73,75,88,92" hai3="8,15,82,83,84,85,90,91,94,95,97,102,104" /><INIT seed="3,1,1,5,3,29" ten="340,210,283,157" oya="3" hai0="27,98,101,100,33,115,46,35,131,54,135,93,103" hai1="107,75,117,34,41,110,52,62,65,38,89,9,125" hai2="109,6,31,7,22,121,70,112,72,76,48,124,16" hai3="85,50,26,113,12,2,127,106,11,132,32,108,92"/><W68/><G113/><T42/><D135/><U45/><E75/><V28/><F70/><W120/><G120/><T116/><D116/><U43/><E107/><V91/><F112/><W71/><G106/><T87/><D115/><U4/><E117/><V111/><F91/><W129/><G129/><T81/><D54/><U133/><E125/><V25/><F48/><W134/><G2/><T37/><D131/><U66/><E133/><N who="3" m="51306" /><G127/><T99/><D27/><U64/><E41/><V15/><F124/><W55/><G85/><T14/><D14/><U13/><E110/><N who="2" m="41995" /><F121/><W3/><G92/><T130/><D130/><U88/><REACH who="1" step="1"/><E34/><REACH who="1" ten="340,200,283,157" step="2"/><N who="2" m="20751" /><F31/><N who="3" m="19575" /><G108/><T77/><D100/><U83/><E83/><AGARI ba="1,2" hai="6,7,15,16,22,72,76,83" m="20751,41995" machi="83" ten="30,3900,0" yaku="14,1,52,1,54,1" doraHai="29" who="2" fromWho="1" sc="340,0,200,-42,283,62,157,0" /><INIT seed="4,0,0,1,5,74" ten="340,158,345,157" oya="0" hai0="75,97,25,28,73,120,109,134,8,53,41,18,45" hai1="27,60,39,43,123,80,127,90,12,107,5,113,122" hai2="42,77,4,54,102,40,132,66,84,121,101,100,10" hai3="37,118,62,135,82,7,3,89,130,44,26,91,92"/><T57/><D120/><U108/><E107/><V22/><F132/><W56/><G118/><T52/><D134/><U103/><E103/><V125/><F125/><W68/><G130/><T34/><D53/><U19/><E108/><V117/><F66/><W32/><G68/><T6/><D18/><U0/><E0/><V31/><F121/><W59/><G7/><T87/><D109/><U38/><E43/><V95/><F54/><W88/><G3/><T72/><D97/><U99/><E5/><V85/><F22/><W21/><G32/><T24/><D25/><U115/><E27/><V96/><F31/><W15/><G15/><T36/><D87/><N who="2" m="33354" /><F77/><W48/><G37/><N who="1" m="13834" /><E60/><V133/><F117/><W1/><G1/><T110/><D110/><U105/><E80/><V126/><F126/><W131/><G131/><T114/><D114/><N who="1" m="43531" /><E90/><N who="2" m="55415" /><F133/><W112/><G135/><T71/><D71/><U76/><E127/><V17/><F4/><W2/><G2/><T50/><D75/><U124/><E124/><V30/><F30/><N who="3" m="17743" /><G82/><T13/><AGARI ba="0,0" hai="6,8,13,24,28,34,36,41,45,50,52,57,72,73" machi="13" ten="20,3900,0" yaku="0,1,7,1,54,1" doraHai="74" who="0" fromWho="0" sc="340,39,158,-13,345,-13,157,-13" /><INIT seed="4,1,0,0,3,36" ten="379,145,332,144" oya="0" hai0="74,33,54,20,53,107,86,118,82,83,19,11,115" hai1="71,25,16,42,95,1,135,65,116,78,27,91,133" hai2="48,63,79,84,21,17,44,22,131,43,6,4,23" hai3="34,38,15,9,5,8,32,88,93,111,105,109,97"/><T67/><D118/><U85/><E1/><V13/><F131/><W18/><G38/><T61/><D33/><U122/><E116/><V89/><F79/><W41/><G41/><T94/><D107/><U12/><E78/><V113/><F113/><W108/><REACH who="3" step="1"/><G105/><REACH who="3" ten="379,145,332,134" step="2"/><T104/><D104/><U114/><E122/><V30/><F30/><W39/><G39/><T132/><D115/><U120/><E114/><V40/><F40/><W49/><G49/><T55/><D132/><N who="1" m="50763" /><E42/><V130/><F130/><W0/><AGARI ba="1,1" hai="0,5,8,9,15,18,32,34,88,93,97,108,109,111" machi="0" ten="30,7900,0" yaku="1,1,0,1,54,1,53,1" doraHai="36" doraHaiUra="35" who="3" fromWho="3" sc="379,-40,145,-21,332,-21,134,92" /><INIT seed="5,0,0,4,1,31" ten="339,124,311,226" oya="1" hai0="82,83,128,88,58,43,49,102,19,129,1,120,75" hai1="98,116,103,4,130,42,61,28,15,26,112,48,80" hai2="135,20,30,99,65,113,14,76,134,44,59,105,104" hai3="81,32,100,52,90,11,2,47,7,126,38,121,9"/><U64/><E116/><V22/><F76/><W46/><G121/><T54/><D1/><U79/><E112/><V23/><F44/><W86/><G32/><T114/><D102/><U110/><E110/><V132/><F113/><W94/><G126/><T119/><D114/><U34/><E130/><N who="0" m="50281" /><D119/><U57/><E48/><V89/><F14/><W60/><G11/><T125/><D125/><U41/><E15/><V73/><F73/><W5/><G5/><T29/><D75/><U0/><E0/><V85/><F99/><W40/><G100/><T78/><D78/><U96/><E4/><V53/><F65/><W87/><G47/><T109/><D109/><U50/><E50/><N who="2" m="31159" /><F30/><W62/><REACH who="3" step="1"/><G52/><REACH who="3" ten="339,124,311,216" step="2"/><T24/><D120/><U84/><REACH who="1" step="1"/><E96/><REACH who="1" ten="339,114,311,216" step="2"/><V13/><F13/><W55/><G55/><T8/><D54/><U93/><AGARI ba="0,2" hai="26,28,34,41,42,57,61,64,79,80,84,93,98,103" machi="93" ten="20,18000,2" yaku="1,1,2,1,0,1,7,1,52,1,53,1" doraHai="31" doraHaiUra="72" who="1" fromWho="1" sc="339,-60,114,200,311,-60,216,-60" /><INIT seed="5,1,0,1,3,15" ten="279,314,251,156" oya="1" hai0="55,71,129,64,1,67,24,9,27,113,77,23,16" hai1="7,2,112,75,128,121,131,92,91,76,126,80,124" hai2="29,19,115,104,97,11,60,17,41,39,111,28,48" hai3="106,73,89,100,90,78,18,122,94,21,69,36,35"/><U133/><E121/><V38/><F111/><W31/><G122/><T84/><D129/><N who="1" m="49739" /><E7/><V127/><F127/><N who="1" m="48681" /><E2/><V20/><F115/><W109/><G109/><T57/><D113/><U30/><E30/><V93/><F104/><W86/><G36/><T40/><D1/><U96/><E112/><V123/><F39/><W54/><G31/><N who="2" m="11849" /><F38/><W25/><G35/><T83/><D9/><U103/><E103/><V56/><F11/><W95/><G69/><T125/><D71/><U107/><E107/><V10/><F10/><W135/><G106/><T61/><D125/><U105/><E105/><V33/><F20/><W42/><G100/><T108/><D108/><U68/><E68/><V37/><F37/><W58/><G73/><T70/><D70/><U50/><E50/><V34/><F34/><W79/><G42/><T81/><D40/><U51/><E51/><V130/><F33/><W53/><G53/><T46/><D27/><U118/><E118/><V12/><F12/><W120/><G120/><T43/><D81/><U32/><E32/><V0/><F130/><W22/><G22/><T110/><D110/><U13/><E13/><V74/><F0/><W4/><G4/><T85/><D84/><U44/><E44/><N who="2" m="25615" /><F74/><W62/><REACH who="3" step="1"/><G135/><AGARI ba="1,0" hai="75,76,80,91,92,96,133,135" m="48681,49739" machi="135" ten="40,18000,2" yaku="30,2,19,1,18,1,34,2" doraHai="15" who="1" fromWho="3" sc="279,0,314,183,251,0,156,-183" owari="279,8.0,497,60.0,251,-15.0,-27,-53.0" /></mjloggm>