<mjloggm ver="2.3"><GO type="41" lobby="0"/><UN n0="%43%6F%66%66%65%65" n1="%E5%A4%A7%E6%A8%AA%E7%B6%B1" n2="%6D%61%6A%75%6E%69%61" n3="%E2%93%9D%53%75%70%68%78" dan="14,13,15,19" rate="2044.33,1863.28,1942.03,2090.86" sx="F,M,M,M"/><TAIKYOKU oya="0"/><INIT seed="0,0,0,4,0,129" ten="250,250,250,250" oya="0" hai0="135,99,39,1,66,19,50,60,43,53,54,35,131" hai1="52,68,70,81,98,128,46,47,91,62,36,13,133" hai2="124,61,112,9,130,105,97,8,15,34,63,28,84" hai3="108,85,120,122,23,117,42,27,127,103,3,64,21"/><T29/><D131/><U67/><E128/><V65/><F130/><W56/><G117/><T72/><D1/><U59/><E13/><V2/><F124/><W32/><G42/><T126/><D126/><U10/><E10/><V73/><F112/><W17/><G103/><T45/><D72/><U49/><E98/><V83/><F73/><W94/><G108/><T55/><D19/><U88/><E81/><V18/><F2/><W118/><G32/><T107/><D135/><U24/><E24/><V76/><F34/><W96/><G118/><T123/><D123/><U5/><E5/><V101/><F28/><W74/><G85/><T121/><D121/><U110/><E110/><V93/><F9/><W20/><G74/><T132/><D132/><U77/><E77/><V16/><F105/><W116/><G116/><T58/><D99/><U12/><E12/><V0/><F0/><W95/><G95/><T109/><D107/><U6/><E6/><V75/><F75/><W115/><G115/><T125/><D125/><U4/><E4/><V11/><F65/><W14/><G3/><T113/><D113/><U25/><E25/><V111/><F111/><W89/><G127/><T102/><D102/><U92/><E133/><V71/><F71/><N who="1" m="27177" /><E91/><V104/><F104/><W41/><G122/><T90/><D90/><U79/><E79/><V119/><F119/><W48/><G27/><N who="0" m="18879" /><D109/><U37/><E37/><V57/><F57/><W100/><G120/><T31/><D31/><U44/><E36/><V33/><F33/><W82/><G100/><T51/><D39/><U30/><E30/><RYUUKYOKU ba="0,0" sc="250,10,250,10,250,10,250,-30" hai0="43,45,50,51,53,54,55,58,60,66" hai1="44,46,47,49,52,59,62,67,88,92" hai2="8,11,15,16,18,61,63,76,83,84,93,97,101" /><INIT seed="0,1,0,2,4,12" ten="260,260,260,220" oya="0" hai0="88,3,7,121,129,62,114,32,55,24,17,76,51" hai1="2,118,5,40,104,44,89,116,68,28,4,108,14" hai2="57,84,132,93,73,58,39,91,16,103,69,20,65" hai3="60,31,105,70,41,133,131,10,56,45,13,111,87"/><T101/><D114/><U23/><E2/><V29/><F73/><W59/><G111/><T123/><D76/><U81/><E104/><V46/><F132/><W80/><G131/><T95/><D129/><U112/><E68/><V85/><F29/><W38/><G105/><T126/><D101/><U67/><E67/><V18/><F103/><W128/><G133/><T50/><D126/><U0/><E0/><V75/><F75/><W27/><G128/><T78/><D78/><U35/><E35/><V99/><F69/><W122/><G122/><T115/><D115/><U97/><E108/><V134/><F134/><W83/><G70/><T52/><D62/><U120/><E120/><V106/><F106/><W71/><G71/><T100/><D100/><U54/><E112/><V92/><F85/><W8/><G8/><T42/><D42/><U130/><E130/><V135/><F135/><W9/><G9/><T64/><D64/><U30/><E4/><V63/><F58/><W72/><G72/><T79/><D79/><U36/><E54/><V102/><REACH who="2" step="1"/><F20/><REACH who="2" ten="260,260,250,220" step="2"/><W119/><G59/><N who="0" m="33175" /><D123/><U11/><E30/><V53/><F53/><W66/><G87/><T1/><D121/><U124/><E28/><V37/><F37/><W25/><G31/><T82/><D32/><U6/><E36/><V86/><F86/><W22/><G22/><T96/><D55/><U33/><E23/><V26/><F26/><N who="3" m="9739" /><G119/><T110/><D110/><U43/><E118/><V98/><F98/><W77/><G77/><T19/><D96/><U21/><E97/><V127/><F127/><W94/><G38/><RYUUKYOKU ba="1,1" sc="260,-10,260,-10,250,30,220,-10" hai2="16,18,39,46,57,63,65,84,91,92,93,99,102" /><INIT seed="1,2,1,3,2,123" ten="250,250,280,210" oya="1" hai0="28,58,25,15,125,46,133,92,14,96,131,49,114" hai1="54,74,17,102,2,22,0,109,60,62,41,68,5" hai2="85,118,30,9,126,107,79,50,66,134,19,119,64" hai3="45,55,105,117,99,56,128,127,78,70,3,132,82"/><U101/><E74/><V93/><F107/><W61/><G3/><T83/><D114/><U57/><E41/><V73/><F134/><W26/><G128/><T48/><D131/><U111/><E5/><V98/><F73/><W112/><G127/><T31/><D125/><U20/><E68/><V23/><F126/><W90/><G117/><T42/><D133/><U108/><E62/><V8/><F119/><W116/><G112/><T65/><D83/><U38/><E38/><V51/><F30/><W94/><G105/><T129/><D129/><U97/><E101/><V120/><F120/><W91/><G70/><T100/><D28/><U12/><E22/><V76/><F118/><W7/><G7/><T122/><D122/><U40/><E40/><V29/><F29/><W106/><G106/><AGARI ba="2,1" hai="0,2,12,17,20,54,57,60,97,102,106,108,109,111" machi="106" ten="40,12000,1" yaku="14,1,10,1,52,3" doraHai="123" who="1" fromWho="3" sc="250,0,250,136,280,0,210,-126" /><INIT seed="1,3,0,3,5,21" ten="250,386,280,84" oya="1" hai0="55,14,110,63,26,64,29,108,0,85,73,60,53" hai1="34,46,114,8,62,133,111,121,38,48,6,128,40" hai2="115,123,116,61,2,35,23,113,82,77,36,131,12" hai3="105,70,91,78,90,58,4,92,52,95,93,54,126"/><U101/><E121/><V30/><F2/><W19/><G105/><T124/><D73/><U24/><E114/><N who="2" m="43531" /><F123/><W22/><G70/><T3/><D124/><U120/><E120/><V5/><F116/><W88/><G126/><T129/><D129/><U51/><E133/><V27/><F131/><W28/><G4/><T1/><D14/><U103/><E128/><V11/><F36/><W7/><G7/><T68/><D85/><U39/><E38/><V31/><F61/><W20/><G78/><T17/><D17/><U89/><E62/><V79/><F82/><W99/><G99/><T94/><D94/><U9/><E9/><V72/><F72/><W104/><G104/><T25/><D60/><U13/><E111/><N who="0" m="42537" /><D29/><U69/><E69/><V37/><F37/><W102/><G102/><T49/><D55/><U134/><E134/><V16/><F79/><W106/><G106/><T81/><D81/><U135/><E135/><V107/><F77/><W112/><G112/><T122/><D122/><U33/><E33/><N who="2" m="20703" /><F107/><W130/><G130/><T80/><D80/><U100/><REACH who="1" step="1"/><E89/><REACH who="1" ten="250,376,280,84" step="2"/><V47/><F35/><W75/><G91/><T119/><D119/><U127/><E127/><V87/><F47/><AGARI ba="3,1" hai="0,1,3,25,26,47,49,53,63,64,68" m="42537" machi="47" ten="40,5200,0" yaku="14,1,52,2" doraHai="21" who="0" fromWho="2" sc="250,71,376,0,280,-61,84,0" /><INIT seed="2,0,0,3,4,94" ten="321,376,219,84" oya="2" hai0="87,69,106,12,104,71,26,67,78,23,51,86,50" hai1="21,92,124,114,105,77,27,0,41,24,121,36,42" hai2="6,88,116,108,75,43,45,76,135,35,81,40,90" hai3="66,134,103,117,7,109,93,14,126,59,82,54,129"/><V60/><F116/><W74/><G117/><T95/><D12/><U19/><E105/><V13/><F135/><W84/><G129/><T128/><D128/><U100/><E0/><V102/><F35/><W113/><G109/><T122/><D122/><U8/><E114/><V119/><F119/><W73/><G126/><T33/><D33/><U55/><E124/><V11/><F108/><W131/><G66/><T15/><D15/><U83/><E121/><V70/><F102/><W125/><G134/><T111/><D111/><U28/><E8/><V63/><F43/><W91/><G131/><T57/><D57/><U110/><E36/><V53/><F53/><W32/><G32/><T97/><D106/><U5/><E5/><V96/><F70/><W29/><G29/><T10/><D10/><U72/><E55/><V85/><F90/><W31/><G31/><T120/><D104/><U39/><E39/><V98/><F75/><W52/><G113/><T34/><D34/><U68/><E68/><V30/><F30/><W89/><G103/><N who="0" m="60863" /><D69/><U3/><E3/><V118/><F118/><W115/><G125/><T17/><D120/><U38/><E38/><V20/><F20/><W132/><G132/><T25/><D25/><U127/><E127/><V80/><F80/><W16/><G115/><T133/><D133/><U56/><E110/><V107/><F107/><W44/><G59/><T37/><D37/><U101/><E56/><V47/><F76/><W112/><G112/><T22/><D22/><N who="1" m="15383" /><E101/><V79/><F79/><W130/><G130/><T64/><D71/><U2/><E2/><RYUUKYOKU ba="0,0" sc="321,-10,376,30,219,-10,84,-10" hai1="19,21,27,41,42,72,77,83,92,100" /><INIT seed="3,1,0,5,3,111" ten="311,406,209,74" oya="3" hai0="47,21,127,82,104,95,88,61,125,55,11,66,22" hai1="100,35,15,10,41,62,132,2,114,44,131,116,124" hai2="7,108,112,109,105,81,96,8,117,78,79,126,129" hai3="6,83,33,16,97,27,92,1,94,101,76,37,110"/><W28/><G37/><T102/><D104/><U103/><E35/><V45/><F117/><W75/><G110/><N who="2" m="42601" /><F112/><W72/><G6/><T80/><D102/><U134/><E2/><V122/><F122/><W58/><G1/><T14/><D47/><U50/><E124/><N who="0" m="47689" /><D55/><U48/><E131/><V42/><F126/><W64/><G75/><T130/><D130/><U26/><E116/><V57/><F57/><W99/><G64/><T115/><D115/><U135/><E114/><V71/><F71/><W12/><G58/><N who="0" m="37175" /><D80/><U118/><E118/><V19/><F19/><W5/><G5/><N who="0" m="3439" /><D82/><U25/><E62/><V20/><F20/><W46/><G46/><T53/><D53/><U23/><E50/><N who="2" m="26935" /><F81/><W38/><G38/><T9/><D9/><U65/><E65/><V0/><F129/><W39/><G39/><T77/><D77/><U133/><E133/><V87/><F87/><AGARI ba="1,0" hai="21,22,87,88,95" m="3439,37175,47689" machi="87" ten="30,2000,0" yaku="18,1,54,1" doraHai="111" who="0" fromWho="2" sc="311,23,406,0,209,-23,74,0" /><INIT seed="4,0,0,5,1,22" ten="334,406,186,74" oya="0" hai0="3,4,109,16,2,73,131,134,29,68,113,41,71" hai1="120,26,47,28,59,36,18,14,103,132,108,77,128" hai2="56,43,8,6,9,89,38,105,112,23,10,116,127" hai3="95,94,57,52,125,66,117,118,62,88,80,40,55"/><T110/><D113/><U35/><E108/><N who="0" m="41577" /><D73/><U111/><E120/><V123/><F112/><W92/><G125/><T135/><D41/><U115/><E111/><V82/><F123/><W5/><G40/><T126/><D126/><U64/><E115/><V91/><F127/><W129/><G129/><T121/><D121/><U63/><E132/><N who="0" m="50729" /><D131/><U11/><E128/><V75/><F116/><W119/><REACH who="3" step="1"/><G5/><REACH who="3" ten="334,406,186,64" step="2"/><T27/><D4/><U78/><E36/><V58/><F43/><W130/><G130/><T99/><D68/><U42/><E42/><V97/><F38/><W102/><G102/><T106/><D71/><U74/><E103/><V13/><F6/><W101/><G101/><N who="0" m="62783" /><D16/><U83/><E18/><V124/><F124/><W70/><G70/><T34/><AGARI ba="0,1" hai="2,3,27,29,34" m="62783,50729,41577" machi="34" ten="30,11700,0" yaku="10,1,20,1,23,1,52,1" doraHai="22" who="0" fromWho="0" sc="334,127,406,-39,186,-39,64,-39" /><INIT seed="4,1,0,1,1,87" ten="461,367,147,25" oya="0" hai0="121,127,23,112,80,27,44,79,9,31,123,18,47" hai1="25,99,36,122,92,1,74,75,40,8,54,67,30" hai2="19,106,6,51,102,73,64,50,124,16,105,111,84" hai3="104,39,89,135,65,45,110,126,0,49,78,68,55"/><T58/><D112/><U71/><E122/><V42/><F111/><W108/><G104/><T114/><D114/><U129/><E129/><V66/><F84/><W101/><G101/><T120/><D127/><U29/><E29/><V59/><F59/><W115/><G0/><T83/><D58/><U107/><E107/><V61/><F61/><W4/><G4/><T32/><D9/><U116/><E116/><V33/><F102/><W125/><G78/><T5/><D5/><U37/><E54/><V43/><F6/><W93/><G135/><T63/><D63/><U72/><E40/><V100/><F100/><W3/><G3/><T91/><D91/><U38/><E67/><V70/><F124/><N who="3" m="47723" /><G115/><T7/><D7/><U82/><E71/><V76/><F76/><W119/><G119/><T85/><REACH who="0" step="1"/><D80/><REACH who="0" ten="451,367,147,25" step="2"/><U132/><E8/><V128/><F70/><W86/><G39/><T21/><D21/><U109/><E82/><V77/><F77/><W98/><G110/><T35/><D35/><U62/><E109/><V133/><F33/><W48/><G108/><T130/><D130/><U17/><E38/><V57/><F128/><W22/><G22/><T41/><D41/><U20/><E37/><V11/><F57/><N who="3" m="32999" /><G68/><T131/><D131/><U12/><E36/><V90/><F90/><W96/><G65/><T88/><D88/><U52/><E20/><V81/><F81/><W97/><G49/><T94/><D94/><U34/><E92/><V56/><F51/><W2/><G2/><T46/><D46/><AGARI ba="1,1" hai="45,46,86,89,93,96,97,98" m="32999,47723" machi="46" ten="30,2000,0" yaku="18,1,52,1" doraHai="87" who="3" fromWho="0" sc="451,-23,367,0,147,0,25,33" /><INIT seed="5,0,0,1,1,134" ten="428,367,147,58" oya="1" hai0="7,78,94,110,111,56,103,20,132,57,41,74,10" hai1="82,18,36,106,6,3,98,129,2,73,17,26,92" hai2="112,48,25,4,54,125,68,39,120,101,22,0,77" hai3="115,11,133,117,99,89,97,16,40,46,71,83,24"/><U58/><E129/><V79/><F120/><W100/><G133/><T86/><D132/><U95/><E36/><V84/><F112/><W64/><G115/><T87/><D74/><U118/><E118/><V107/><F39/><W27/><G117/><T15/><D41/><U29/><E106/><V14/><F68/><W70/><G64/><T109/><D20/><U12/><E6/><V1/><F1/><W67/><G67/><T19/><D7/><U34/><E18/><V128/><F0/><W55/><G71/><T51/><D51/><U50/><E92/><V113/><F128/><W30/><G70/><T124/><D124/><U135/><E135/><V5/><F107/><W90/><G55/><T130/><D130/><U116/><E116/><V119/><F101/><W44/><G83/><T131/><D131/><U96/><E96/><V93/><F113/><W52/><G40/><T60/><D78/><U123/><E123/><V108/><F108/><W32/><G46/><T45/><D45/><U66/><E82/><V53/><F119/><W75/><G75/><T61/><D103/><N who="1" m="60895" /><E73/><V9/><F4/><W63/><G99/><T69/><D94/><U8/><E50/><V21/><F48/><N who="3" m="28679" /><G63/><N who="0" m="24139" /><D69/><U76/><E76/><V31/><F77/><W126/><G126/><T91/><D87/><U114/><E114/><V122/><F125/><W85/><G85/><T121/><D121/><U127/><E127/><V102/><F122/><W62/><G62/><T80/><D109/><U65/><E65/><V59/><F79/><W72/><G72/><T37/><D37/><U43/><E43/><RYUUKYOKU ba="0,0" sc="428,15,367,15,147,-15,58,-15" hai0="10,15,19,56,57,80,86,91,110,111" hai1="2,3,8,12,17,26,29,34,58,66" /><INIT seed="5,1,0,3,3,47" ten="443,382,132,43" oya="1" hai0="119,125,121,67,107,135,118,103,94,100,101,41,11" hai1="30,115,120,87,4,131,64,15,63,16,56,54,65" hai2="7,73,91,81,22,49,104,109,108,127,29,21,58" hai3="62,26,134,128,122,97,24,79,123,5,93,75,2"/><U40/><E120/><V48/><F104/><W8/><G128/><T96/><D121/><U6/><E115/><V110/><F127/><W117/><G134/><T68/><D135/><U55/><E131/><V33/><F7/><N who="1" m="2601" /><E40/><V42/><F33/><W1/><G117/><T51/><D125/><U28/><E87/><V61/><F42/><W20/><G26/><T129/><D129/><U77/><E77/><V10/><F10/><W69/><G2/><T12/><D107/><U88/><E88/><V113/><F113/><W13/><G1/><T124/><D124/><U133/><E133/><V80/><F73/><W36/><G36/><T130/><D130/><U76/><E76/><V85/><F81/><W39/><G39/><T3/><D3/><U70/><E70/><V98/><F98/><W23/><G79/><T106/><D106/><U57/><E65/><V45/><F45/><W35/><G75/><T86/><D86/><U126/><E55/><V50/><REACH who="2" step="1"/><F29/><REACH who="2" ten="443,382,122,43" step="2"/><W95/><G123/><T46/><D96/><U38/><E126/><V71/><F71/><W19/><G122/><T78/><D68/><U32/><E32/><V66/><AGARI ba="1,1" hai="21,22,48,49,50,58,61,66,80,85,91,108,109,110" machi="66" ten="40,8000,1" yaku="1,1,0,1,52,3,53,0" doraHai="47" doraHaiUra="116" who="2" fromWho="2" sc="443,-21,382,-41,122,93,43,-21" /><INIT seed="6,0,0,3,3,90" ten="422,341,215,22" oya="2" hai0="111,99,36,83,15,135,27,118,17,16,98,64,38" hai1="69,110,49,120,102,95,22,52,54,33,24,94,14" hai2="5,75,58,0,130,37,123,109,131,35,46,93,133" hai3="84,129,66,26,125,117,134,11,57,50,108,114,107"/><V56/><F109/><W128/><G26/><T116/><D111/><U48/><E69/><V87/><F123/><W59/><G107/><T34/><D135/><U10/><E33/><V106/><F106/><W21/><G21/><N who="0" m="13735" /><D34/><U60/><E60/><V73/><F35/><W76/><G84/><T25/><D25/><U86/><E102/><V92/><F133/><W100/><G100/><T44/><D64/><U7/><E86/><V67/><F87/><W77/><G108/><T4/><D4/><U23/><E120/><V127/><F5/><W103/><G103/><T51/><D83/><U9/><E10/><V104/><F104/><W65/><G11/><N who="0" m="6399" /><D51/><N who="1" m="19531" /><E110/><V122/><F122/><W43/><G134/><T97/><D44/><U20/><E24/><V81/><F67/><W72/><G50/><T132/><D132/><U31/><E31/><V126/><F46/><W53/><G53/><AGARI ba="0,0" hai="7,9,14,20,22,23,52,53,54,94,95" m="19531" machi="53" ten="30,7700,0" yaku="8,1,52,2,54,1" doraHai="90" who="1" fromWho="3" sc="422,0,341,77,215,0,22,-77" owari="422,52.0,418,22.0,215,-18.0,-55,-56.0" /></mjloggm>