<mjloggm ver="2.3"><GO type="41" lobby="0"/><UN n0="%E3%81%A1%E3%82%80%E3%81%8A" n1="%E2%93%9D%53%75%70%68%78" n2="%E3%81%B2%E3%81%A3%E3%81%93%E3%82%8D%32%36" n3="%42%41%54%41%43%4F" dan="14,18,14,14" rate="1937.68,2139.87,1973.75,1981.41" sx="M,M,M,F"/><TAIKYOKU oya="0"/><INIT seed="0,0,0,2,5,47" ten="250,250,250,250" oya="0" hai0="117,113,28,37,18,86,32,8,14,74,9,75,0" hai1="84,11,30,124,42,116,34,46,31,132,19,73,134" hai2="68,105,24,99,115,33,29,1,96,67,129,51,55" hai3="133,98,58,35,92,106,125,107,25,52,56,135,128"/><T4/><D113/><U123/><E73/><V23/><F129/><W26/><G128/><T65/><D117/><U72/><E72/><V60/><F115/><W103/><G58/><T69/><D37/><U64/><E123/><V130/><F130/><W71/><G71/><T120/><D120/><U49/><E124/><V95/><F1/><W110/><G110/><T85/><D28/><U121/><E121/><V22/><F99/><W16/><G35/><T43/><D43/><U15/><E116/><V122/><F122/><W78/><G78/><T61/><D32/><U111/><E64/><V90/><REACH who="2" step="1"/><F105/><REACH who="2" ten="250,250,240,250" step="2"/><W131/><G131/><T102/><D102/><U109/><E109/><V7/><F7/><W70/><G107/><T89/><REACH who="0" step="1"/><D85/><REACH who="0" ten="240,250,240,250" step="2"/><U3/><E84/><V76/><F76/><W17/><G103/><T13/><D13/><U114/><E111/><V87/><F87/><W10/><G98/><T119/><D119/><U81/><E114/><V108/><F108/><W5/><G26/><T100/><D100/><U91/><E15/><V127/><F127/><W94/><G25/><T41/><D41/><U53/><E42/><V36/><F36/><W39/><G39/><T126/><D126/><U101/><E101/><V63/><F63/><N who="3" m="36231" /><G125/><T104/><D104/><U38/><E38/><V2/><F2/><W83/><G106/><T97/><D97/><U57/><E3/><V112/><F112/><W82/><G133/><T118/><D118/><U66/><E134/><V62/><F62/><W20/><G135/><T12/><D12/><U44/><E132/><V40/><F40/><RYUUKYOKU ba="0,2" sc="240,15,250,-15,240,15,250,-15" hai0="0,4,8,9,14,18,61,65,69,74,75,86,89" hai2="22,23,24,29,33,51,55,60,67,68,90,95,96" /><INIT seed="0,1,2,2,4,133" ten="255,235,255,235" oya="0" hai0="53,36,84,30,66,48,123,126,91,69,114,89,42" hai1="27,2,124,29,32,22,58,19,25,51,134,96,75" hai2="20,79,64,113,83,34,110,33,63,15,129,47,13" hai3="11,81,43,74,41,21,65,117,118,70,116,108,24"/><T31/><D114/><U127/><E75/><V46/><F113/><W28/><G108/><T112/><D123/><U115/><E115/><V3/><F3/><W104/><G104/><T67/><D112/><U119/><E119/><V12/><F110/><W109/><G109/><T14/><D36/><U72/><E72/><V18/><F129/><W90/><G90/><T135/><D42/><U76/><E76/><V62/><F83/><W128/><G128/><T77/><D69/><U1/><E134/><V38/><F79/><W23/><G81/><N who="0" m="47151" /><D14/><U10/><E96/><V93/><F93/><W78/><G78/><T60/><D126/><N who="1" m="48171" /><E10/><V52/><F34/><W111/><G74/><T99/><D60/><N who="2" m="23082" /><F64/><N who="0" m="24618" /><D135/><U86/><E86/><V131/><F33/><W73/><G73/><T97/><D97/><U68/><E68/><V40/><F40/><W39/><G43/><T130/><D130/><U105/><E105/><V82/><F38/><W54/><G41/><T57/><D99/><U71/><E71/><V9/><F9/><W44/><G39/><T0/><D0/><U122/><E122/><V85/><F131/><W35/><G70/><T101/><D101/><U4/><E4/><V103/><F103/><W5/><G111/><T94/><D94/><U6/><E6/><V56/><F85/><W37/><G37/><T17/><D91/><U107/><E107/><V95/><F95/><W106/><G106/><T121/><D89/><U102/><E102/><V87/><F87/><W132/><G132/><T8/><D121/><U61/><E61/><N who="2" m="35975" /><F82/><W59/><G5/><T120/><D120/><RYUUKYOKU ba="1,2" sc="255,10,235,10,255,10,235,-30" hai0="8,17,30,31,48,53,57" hai1="1,2,19,22,25,27,29,32,51,58" hai2="12,13,15,18,20,46,47" /><INIT seed="0,2,2,3,2,84" ten="265,245,265,205" oya="0" hai0="24,135,103,15,93,9,90,102,20,71,80,100,29" hai1="99,12,72,96,81,32,127,122,114,86,95,75,5" hai2="117,43,30,101,41,58,42,22,123,2,25,67,11" hai3="104,85,83,128,36,109,112,65,45,3,54,23,52"/><T115/><D115/><U91/><E32/><V133/><F123/><W130/><G104/><T7/><D135/><U37/><E37/><V27/><F117/><W1/><G112/><T78/><D71/><U39/><E39/><V47/><F133/><W73/><G73/><N who="1" m="28234" /><E12/><V55/><F67/><W50/><G65/><T105/><D105/><U119/><E5/><V66/><F66/><W21/><G36/><T118/><D118/><U92/><E127/><V79/><F79/><W74/><G74/><T61/><D61/><U18/><E18/><V13/><F2/><W4/><G109/><T10/><D10/><U70/><E70/><V8/><F101/><W108/><G108/><T69/><D69/><U53/><E53/><V126/><F47/><W94/><G94/><N who="1" m="35882" /><E114/><V111/><F111/><W76/><G54/><T106/><D106/><U116/><E122/><V48/><F126/><W19/><G4/><T87/><REACH who="0" step="1"/><D103/><REACH who="0" ten="255,245,265,205" step="2"/><U107/><E107/><V35/><F8/><W132/><G132/><T110/><D110/><U77/><E77/><V62/><F62/><W134/><G134/><T49/><D49/><U64/><E64/><V82/><F48/><W6/><G50/><T129/><D129/><U34/><E34/><V63/><F35/><W97/><G130/><T89/><D89/><U59/><E59/><V51/><F58/><W121/><G128/><T131/><D131/><U113/><E113/><V98/><F51/><W40/><G76/><T125/><D125/><U0/><E0/><V56/><F56/><W120/><G3/><T88/><D88/><U14/><E14/><RYUUKYOKU ba="2,3" sc="255,15,245,15,265,-15,205,-15" hai0="7,9,15,20,24,29,78,80,87,90,93,100,102" hai1="81,86,91,96,99,116,119" /><INIT seed="0,3,3,3,5,128" ten="270,260,250,190" oya="0" hai0="1,2,32,28,108,47,129,46,25,53,132,27,58" hai1="88,124,114,36,69,60,65,13,70,91,19,11,38" hai2="83,77,87,66,104,57,22,9,4,64,75,71,112" hai3="119,115,52,62,127,84,26,100,85,39,8,109,97"/><T68/><D129/><U103/><E70/><V120/><F112/><W10/><G39/><T118/><D118/><U76/><E114/><V125/><F120/><W135/><G119/><T3/><D68/><U123/><E123/><V23/><F104/><W92/><G115/><T56/><D108/><U72/><E103/><V101/><F101/><W90/><G109/><T102/><D102/><U98/><E124/><V134/><F71/><W41/><G41/><T122/><D122/><U34/><E34/><V7/><F7/><W55/><G127/><T78/><D78/><U61/><E61/><V133/><F125/><W89/><G135/><N who="2" m="51721" /><F75/><W42/><G42/><T44/><D132/><U14/><E98/><V74/><F57/><N who="3" m="35111" /><G26/><T40/><D27/><U49/><E72/><V105/><F105/><W81/><G55/><T96/><D56/><U117/><E117/><V16/><F16/><W93/><AGARI ba="3,3" hai="8,10,81,84,85,89,90,92,93,97,100" m="35111" machi="93" ten="30,2000,0" yaku="8,1,54,1" doraHai="128" who="3" fromWho="3" sc="270,-13,260,-8,250,-8,190,59" /><INIT seed="1,0,0,1,5,62" ten="257,252,242,249" oya="1" hai0="104,22,56,48,135,117,79,42,101,16,105,100,58" hai1="53,95,20,108,38,103,129,106,121,122,94,98,7" hai2="13,41,96,34,51,126,111,0,9,55,77,115,124" hai3="65,50,33,10,5,70,52,72,83,14,93,25,1"/><U109/><E38/><V69/><F69/><W31/><G72/><T63/><D117/><U3/><E7/><V27/><F111/><N who="1" m="42569" /><E3/><V82/><F41/><W91/><G83/><T107/><D79/><U6/><E6/><V119/><F119/><W102/><G102/><T59/><D135/><U86/><E20/><V37/><F37/><W131/><G131/><T81/><D81/><U39/><E39/><V46/><F115/><W57/><G1/><T18/><D18/><U110/><E53/><V45/><F45/><W97/><REACH who="3" step="1"/><G70/><REACH who="3" ten="257,252,242,239" step="2"/><T87/><D105/><U123/><E110/><V11/><F82/><W28/><G28/><T74/><D107/><U128/><E86/><V112/><F0/><W2/><G2/><T116/><D87/><U132/><E132/><V120/><F96/><W64/><AGARI ba="0,1" hai="5,10,14,25,31,33,50,52,57,64,65,91,93,97" machi="64" ten="30,8000,1" yaku="1,1,0,1,52,2,54,1,53,0" doraHai="62" doraHaiUra="66" who="3" fromWho="3" sc="257,-20,252,-40,242,-20,239,90" /><INIT seed="2,0,0,1,5,79" ten="237,212,222,329" oya="2" hai0="35,66,2,114,117,13,123,32,134,20,17,127,39" hai1="11,105,23,43,34,88,40,1,128,30,31,53,29" hai2="67,49,47,109,78,48,45,92,37,55,89,119,74" hai3="110,131,18,84,81,7,94,0,75,59,129,28,80"/><V82/><F119/><W102/><G28/><T26/><D39/><U6/><E105/><V57/><F109/><W77/><G110/><T86/><D66/><U71/><E71/><V93/><F67/><W73/><G18/><T130/><D86/><U5/><E34/><N who="0" m="12841" /><D117/><U121/><E128/><N who="3" m="49226" /><G59/><T122/><D130/><U107/><E107/><V10/><F37/><W21/><G21/><T46/><D46/><U85/><E121/><N who="0" m="46089" /><D114/><U19/><E6/><V96/><F92/><W125/><G7/><T72/><D72/><N who="3" m="27721" /><G0/><T38/><D38/><U62/><E62/><V101/><F10/><W4/><G4/><T76/><D26/><U135/><E53/><V54/><REACH who="2" step="1"/><F57/><REACH who="2" ten="237,212,212,329" step="2"/><W25/><G94/><T15/><D2/><U64/><E64/><V83/><F83/><W58/><G81/><T33/><D127/><U115/><E115/><V9/><F9/><W120/><G125/><T60/><D134/><U90/><E135/><V44/><F44/><W124/><G124/><T116/><D116/><U99/><E1/><V24/><F24/><W12/><G25/><T68/><D68/><U50/><E11/><V103/><AGARI ba="0,1" hai="45,47,48,49,54,55,74,78,82,89,93,96,101,103" machi="103" ten="30,11700,0" yaku="1,1,0,1,9,1,52,1,53,0" doraHai="79" doraHaiUra="118" who="2" fromWho="2" sc="237,-39,212,-39,212,127,329,-39" /><INIT seed="2,1,0,3,1,0" ten="198,173,339,290" oya="2" hai0="23,109,5,135,134,24,68,57,83,114,87,102,89" hai1="81,17,119,49,90,125,82,19,86,26,47,80,42" hai2="1,130,15,93,132,104,41,40,121,61,116,6,11" hai3="39,73,94,35,53,36,38,95,44,127,54,88,29"/><V128/><F121/><W56/><G73/><T111/><D68/><U105/><E119/><V117/><F104/><W31/><G127/><T60/><D102/><U32/><E105/><V9/><F93/><W97/><G35/><T28/><D114/><U30/><REACH who="1" step="1"/><E125/><REACH who="1" ten="198,163,339,290" step="2"/><V75/><F117/><W69/><G69/><T4/><D134/><U12/><E12/><V50/><F116/><W55/><G44/><T106/><D106/><U70/><E70/><V103/><F132/><W48/><G56/><T96/><D135/><U2/><E2/><V129/><F15/><W124/><G124/><T77/><D109/><U25/><E25/><V65/><F129/><W101/><REACH who="3" step="1"/><G48/><REACH who="3" ten="198,163,339,280" step="2"/><T34/><D111/><U46/><E46/><N who="2" m="25927" /><F130/><W22/><G22/><T58/><D34/><U78/><E78/><V20/><F20/><W7/><G7/><N who="0" m="2635" /><D60/><U98/><E98/><AGARI ba="1,2" hai="29,31,36,38,39,53,54,55,88,94,95,97,98,101" machi="98" ten="50,3200,0" yaku="1,1,54,1,53,0" doraHai="0" doraHaiUra="13" who="3" fromWho="1" sc="198,0,163,-35,339,0,280,55" /><INIT seed="3,0,0,5,5,128" ten="198,128,339,335" oya="3" hai0="3,14,133,8,114,134,41,46,11,63,32,123,135" hai1="53,80,109,56,74,106,79,83,62,10,72,115,129" hai2="122,117,21,48,54,110,86,93,2,58,126,28,4" hai3="61,87,77,96,9,13,92,42,94,69,43,78,23"/><W31/><G69/><T22/><D123/><U91/><E115/><V70/><F122/><W85/><G61/><T112/><D32/><U102/><E129/><V57/><F70/><W39/><G39/><N who="0" m="21823" /><D3/><U90/><E109/><V59/><F110/><W95/><G96/><T76/><D76/><N who="3" m="29289" /><G23/><T116/><D116/><U67/><E10/><N who="0" m="3625" /><D63/><U64/><E74/><V15/><F126/><W1/><G31/><T37/><D37/><U113/><E113/><V104/><F4/><W36/><G36/><T25/><D14/><U97/><REACH who="1" step="1"/><E83/><REACH who="1" ten="198,118,339,335" step="2"/><V100/><F2/><W16/><G1/><T19/><AGARI ba="0,1" hai="19,22,25,112,114,133,134,135" m="3625,21823" machi="19" ten="40,8000,1" yaku="20,1,52,3" doraHai="128" who="0" fromWho="0" sc="198,90,118,-20,339,-20,335,-40" /><INIT seed="4,0,0,3,1,18" ten="288,98,319,295" oya="0" hai0="37,3,121,15,59,39,92,60,102,133,52,57,132" hai1="46,62,45,126,49,50,24,53,113,23,6,98,125" hai2="73,44,42,54,123,71,116,70,95,33,122,32,100" hai3="4,90,38,82,75,68,103,81,28,88,63,67,5"/><T107/><D107/><U93/><E6/><V96/><F116/><W130/><G38/><T34/><D3/><U87/><E113/><V83/><F54/><W47/><G47/><T14/><D34/><U16/><E87/><V21/><F122/><W114/><G114/><T40/><D40/><U66/><E66/><V86/><F123/><W77/><G130/><T55/><D92/><U8/><E62/><V118/><F73/><W89/><G103/><T11/><D102/><U85/><E85/><V9/><F9/><W120/><G120/><T84/><D121/><U117/><E8/><V74/><F74/><W105/><G105/><T43/><D43/><U134/><E134/><N who="0" m="51817" /><D84/><U109/><E109/><V0/><F70/><W72/><G72/><T128/><D14/><U129/><E129/><V58/><F71/><W106/><G106/><T27/><D27/><U2/><E2/><V31/><F0/><W94/><G94/><T7/><D128/><U48/><E117/><V69/><F118/><W61/><G82/><T119/><D119/><U78/><E78/><V110/><F86/><W25/><REACH who="3" step="1"/><G63/><AGARI ba="0,0" hai="7,11,15,37,39,52,55,57,59,60,63" m="51817" machi="63" ten="30,2900,0" yaku="20,1,54,1" doraHai="18" who="0" fromWho="3" sc="288,29,98,0,319,0,295,-29" /><INIT seed="4,1,0,2,2,58" ten="317,98,319,266" oya="0" hai0="2,75,80,94,89,104,87,26,53,32,66,43,113" hai1="45,109,72,126,52,35,132,59,69,61,102,21,118" hai2="30,105,4,112,100,55,123,36,63,120,93,22,19" hai3="24,110,125,71,101,10,46,70,9,51,103,39,68"/><T127/><D113/><U91/><E35/><V28/><F36/><W5/><G39/><T0/><D127/><U18/><E126/><V49/><F112/><W97/><G110/><T98/><D43/><U106/><E109/><V1/><F105/><W29/><G125/><T15/><D15/><U135/><E72/><V34/><F30/><W25/><G5/><T121/><D121/><U129/><E118/><V81/><F81/><W108/><G108/><T3/><D66/><U85/><E129/><V107/><F107/><W122/><G122/><T92/><D75/><U50/><E69/><V88/><F100/><W27/><G29/><T33/><D26/><U82/><E106/><V128/><F28/><W67/><G97/><T12/><D12/><U99/><E99/><V134/><F34/><W90/><G90/><T20/><D20/><U37/><E37/><V8/><F128/><W60/><G103/><T73/><D73/><U56/><E56/><N who="2" m="35231" /><F49/><W130/><G101/><T16/><D98/><U38/><E38/><V131/><F131/><W78/><G78/><T77/><D104/><U86/><E102/><V13/><F134/><W74/><G74/><N who="0" m="43063" /><D92/><U96/><E96/><N who="2" m="57383" /><F1/><W111/><G111/><T11/><D33/><U76/><E76/><V95/><F95/><W47/><G130/><T14/><D32/><U40/><REACH who="1" step="1"/><E86/><REACH who="1" ten="317,88,319,266" step="2"/><V17/><F123/><W124/><G124/><T23/><D87/><U31/><E31/><V62/><F120/><W115/><G115/><T65/><D65/><U41/><E41/><V119/><F119/><W54/><G47/><T84/><D53/><RYUUKYOKU ba="1,1" sc="317,10,88,10,319,-30,266,10" hai0="0,2,3,11,14,16,23,84,89,94" hai1="18,21,40,45,50,52,59,61,82,85,91,132,135" hai3="9,10,24,25,27,46,51,54,60,67,68,70,71" /><INIT seed="4,2,1,2,4,68" ten="327,98,289,276" oya="0" hai0="3,91,125,59,108,85,24,70,37,23,46,86,10" hai1="114,62,126,30,117,13,57,100,18,20,50,113,1" hai2="64,26,99,51,79,69,4,53,107,97,8,93,116" hai3="103,102,55,7,115,27,71,16,83,15,87,104,35"/><T133/><D70/><U127/><E100/><V63/><F116/><W54/><G71/><T5/><D125/><N who="1" m="47627" /><E50/><V67/><F67/><W89/><G115/><N who="1" m="44042" /><E57/><V21/><F79/><W40/><G7/><T11/><D133/><U36/><E62/><V131/><F131/><W82/><G35/><T88/><D11/><N who="1" m="6463" /><E36/><V81/><F81/><W42/><G27/><T19/><D108/><U9/><E117/><V52/><F107/><W25/><G25/><T65/><D65/><U33/><E33/><V45/><F93/><W90/><G104/><T94/><D59/><U80/><E80/><V28/><F53/><N who="3" m="19979" /><G103/><T135/><D135/><U134/><E134/><V31/><REACH who="2" step="1"/><F31/><REACH who="2" ten="327,98,279,276" step="2"/><W122/><G102/><T95/><D46/><U38/><E30/><V41/><F41/><W111/><G42/><T43/><D43/><U6/><E38/><AGARI ba="2,2" hai="3,5,10,19,23,24,37,38,85,86,88,91,94,95" machi="38" ten="40,12000,1" yaku="9,1,52,2,54,1" doraHai="68" who="0" fromWho="1" sc="327,146,98,-126,279,0,276,0" owari="473,57.0,-28,-53.0,279,8.0,276,-12.0" /></mjloggm>