<mjloggm ver="2.3"><GO type="41" lobby="0"/><UN n0="%E2%93%9D%53%75%70%68%78" n1="%E7%A8%AE%E7%9F%B3" n2="%E3%83%94%E3%83%8E%E3%82%AD%E3%83%B2" n3="%4E%41%52%49%5A%4D" dan="17,13,14,14" rate="2047.75,1805.94,1937.33,1890.65" sx="M,M,F,M"/><TAIKYOKU oya="0"/><INIT seed="0,0,0,1,3,109" ten="250,250,250,250" oya="0" hai0="54,62,41,33,17,45,8,36,95,97,40,107,122" hai1="12,121,85,7,126,32,110,56,114,132,93,64,78" hai2="49,31,19,89,83,81,127,13,1,72,9,68,73" hai3="128,51,123,2,16,15,87,84,66,86,11,124,14"/><T104/><D122/><U42/><E121/><V22/><F68/><W103/><G124/><T59/><D33/><U21/><E110/><V37/><F127/><W24/><G128/><T134/><D134/><U0/><E32/><V43/><F37/><W44/><G66/><T74/><D74/><U3/><E132/><V28/><F43/><W116/><G116/><T58/><D41/><U98/><E42/><V130/><F130/><W29/><G2/><T25/><D59/><U90/><E64/><V50/><F1/><W91/><G103/><T100/><REACH who="0" step="1"/><D8/><REACH who="0" ten="240,250,250,250" step="2"/><U46/><E56/><V94/><F9/><W82/><G123/><T77/><D77/><U115/><E78/><V6/><F73/><W117/><G117/><T26/><D26/><U129/><E126/><V35/><F72/><W120/><G120/><T55/><D55/><U125/><E125/><V79/><F35/><W10/><G11/><T99/><D99/><U57/><E57/><V112/><F79/><W4/><G15/><T80/><D80/><N who="1" m="49447" /><E46/><V106/><F83/><W48/><G4/><T119/><D119/><U101/><E129/><V92/><F81/><W102/><G44/><T34/><D34/><U88/><E7/><V39/><F6/><W61/><G82/><T67/><D67/><U113/><E101/><V135/><F135/><W53/><G102/><T76/><D76/><U23/><E21/><AGARI ba="0,1" hai="17,21,25,36,40,45,54,58,62,95,97,100,104,107" machi="21" ten="40,3900,0" yaku="1,1,53,1" doraHai="109" doraHaiUra="38" who="0" fromWho="1" sc="240,49,250,-39,250,0,250,0" /><INIT seed="0,1,0,2,5,105" ten="289,211,250,250" oya="0" hai0="38,16,99,127,14,120,135,98,74,9,54,5,134" hai1="19,76,71,12,48,28,21,97,82,23,61,118,57" hai2="66,111,79,53,109,78,122,107,7,43,3,85,87" hai3="45,24,110,81,50,46,112,1,11,17,26,114,47"/><T130/><D120/><U62/><E118/><V20/><F122/><W30/><G50/><T133/><D127/><U125/><E125/><V49/><F107/><W10/><G110/><T22/><D130/><U65/><E48/><V106/><F106/><W15/><G1/><T52/><D74/><U72/><E97/><N who="0" m="36873" /><D38/><U117/><E117/><V80/><F66/><W34/><G10/><T96/><D96/><U33/><E33/><V39/><F20/><W121/><G121/><T29/><D29/><U91/><E91/><V2/><F39/><W37/><G37/><T124/><D124/><U128/><E128/><V116/><F43/><W88/><REACH who="3" step="1"/><G26/><AGARI ba="1,0" hai="5,9,14,16,22,26,52,54,133,134,135" m="36873" machi="26" ten="30,5800,0" yaku="20,1,54,2" doraHai="105" who="0" fromWho="3" sc="289,61,211,0,250,0,250,-61" /><INIT seed="0,2,0,4,1,37" ten="350,211,250,189" oya="0" hai0="20,12,94,38,98,64,85,10,25,51,117,49,6" hai1="131,46,97,116,28,124,120,48,114,77,39,33,134" hai2="54,14,59,55,69,71,80,9,16,122,90,68,4" hai3="11,30,24,58,0,66,23,56,113,26,31,62,3"/><T40/><D117/><U32/><E77/><V105/><F122/><W57/><G113/><T109/><D109/><U112/><E97/><V135/><F135/><W73/><G73/><T15/><D64/><U41/><E28/><V127/><F127/><W107/><G107/><T13/><D38/><U81/><E81/><V93/><F105/><W132/><G132/><T2/><D85/><U110/><E134/><V74/><F74/><W82/><G82/><T91/><REACH who="0" step="1"/><D40/><REACH who="0" ten="340,211,250,189" step="2"/><U128/><E116/><V118/><F118/><W67/><G67/><T52/><D52/><U42/><E110/><V121/><F121/><W92/><G66/><T100/><D100/><U76/><E120/><V17/><F55/><W53/><G53/><T34/><D34/><N who="1" m="13419" /><E39/><V60/><REACH who="2" step="1"/><F80/><REACH who="2" ten="340,211,240,189" step="2"/><W133/><G133/><T88/><D88/><U102/><E102/><V87/><AGARI ba="2,2" hai="4,9,14,16,17,54,59,60,68,69,71,87,90,93" machi="87" ten="30,7900,0" yaku="1,1,2,1,0,1,54,1,53,0" doraHai="37" doraHaiUra="130" who="2" fromWho="2" sc="340,-41,211,-22,240,105,189,-22" /><INIT seed="1,0,0,5,0,31" ten="299,189,345,167" oya="1" hai0="129,78,9,7,70,107,52,5,17,68,100,110,73" hai1="51,123,106,135,66,8,18,28,76,27,30,97,24" hai2="49,103,109,36,14,15,96,29,105,93,111,44,85" hai3="42,121,34,6,61,55,47,71,32,115,37,130,124"/><U69/><E123/><V80/><F36/><W59/><G115/><T65/><D110/><N who="2" m="41994" /><F105/><W108/><G108/><T87/><D73/><U0/><E76/><N who="2" m="46215" /><F29/><W53/><G121/><T125/><D129/><U101/><E135/><V48/><F48/><W60/><G130/><T3/><D125/><U16/><E51/><V10/><F10/><W57/><G124/><T89/><D7/><U62/><E28/><V58/><F58/><W67/><G6/><T98/><D78/><U1/><E18/><V126/><F126/><W45/><G45/><T117/><D17/><U83/><E83/><V35/><F35/><W46/><G46/><T54/><D117/><U112/><E112/><V39/><F39/><W84/><G84/><T75/><D75/><U4/><E24/><V22/><F22/><W113/><G113/><T82/><REACH who="0" step="1"/><D65/><REACH who="0" ten="289,189,345,167" step="2"/><U116/><E116/><V77/><F77/><W79/><REACH who="3" step="1"/><G79/><REACH who="3" ten="289,189,345,157" step="2"/><T86/><D86/><U72/><E72/><V114/><F114/><W118/><G118/><T12/><D12/><U38/><E38/><V40/><AGARI ba="0,2" hai="14,15,40,44,49,93,96,103" m="46215,41994" machi="40" ten="30,1100,0" yaku="14,1" doraHai="31" who="2" fromWho="2" sc="289,-3,189,-5,345,31,157,-3" /><INIT seed="2,0,0,4,2,125" ten="286,184,376,154" oya="2" hai0="82,19,124,75,68,45,27,112,79,91,12,41,32" hai1="13,135,40,108,38,118,34,122,54,59,28,71,30" hai2="133,106,61,103,84,90,36,121,92,95,72,49,117" hai3="113,7,55,88,111,102,21,3,70,104,11,67,80"/><V35/><F121/><W107/><G111/><T73/><D112/><U26/><E30/><V105/><F117/><W81/><G113/><T109/><D68/><U130/><E118/><V1/><F36/><W48/><G102/><T15/><D124/><U89/><E108/><V94/><F72/><W85/><G70/><T58/><D58/><U114/><E71/><V115/><F115/><W37/><G67/><T6/><D91/><U33/><E114/><V16/><F1/><W14/><G80/><T97/><D97/><U4/><E33/><V17/><F35/><W47/><G37/><T128/><D6/><U93/><E130/><V24/><F133/><W2/><G2/><T0/><D128/><U131/><E135/><V8/><F61/><W39/><G39/><T43/><D0/><U86/><E122/><V64/><F64/><W83/><G81/><T9/><D15/><U129/><E40/><V25/><F49/><W100/><G100/><T110/><D75/><U29/><E38/><V62/><F62/><W53/><REACH who="3" step="1"/><G55/><REACH who="3" ten="286,184,376,144" step="2"/><T10/><D110/><U52/><E54/><V63/><F103/><W57/><G57/><T51/><D109/><U99/><E28/><V42/><F42/><W78/><G78/><T20/><D43/><U119/><E119/><V120/><F120/><W98/><G98/><T18/><D79/><U101/><E13/><V50/><F90/><W123/><G123/><T65/><D65/><U69/><E69/><V76/><F76/><W77/><G77/><N who="0" m="44335" /><D10/><U5/><E101/><V96/><F8/><W134/><G134/><T46/><D46/><RYUUKYOKU ba="0,1" sc="286,15,184,-15,376,-15,144,15" hai0="9,12,18,19,20,27,32,41,45,51" hai3="3,7,11,14,21,47,48,53,83,85,88,104,107" /><INIT seed="3,1,1,2,5,10" ten="301,169,361,159" oya="3" hai0="42,84,116,0,128,125,12,38,45,15,51,79,33" hai1="20,13,93,50,107,47,14,115,36,76,98,39,58" hai2="92,59,21,85,126,114,55,111,7,118,54,70,113" hai3="87,123,95,26,61,31,88,24,3,86,63,32,81"/><W135/><G135/><T8/><D116/><U69/><E69/><V129/><F118/><W132/><G132/><T80/><D33/><U124/><E115/><V131/><F70/><W134/><G134/><T104/><D104/><U97/><E76/><V108/><F7/><W43/><G3/><T44/><D128/><N who="2" m="49226" /><F21/><W2/><G2/><T30/><D125/><U96/><E107/><V75/><F75/><W16/><G43/><T57/><D30/><U102/><E39/><V64/><F92/><W65/><G123/><T121/><D57/><U17/><E36/><V9/><F9/><W11/><G65/><T62/><D62/><U94/><E124/><V66/><F85/><W29/><G11/><T105/><D105/><U37/><E58/><V19/><F19/><W23/><REACH who="3" step="1"/><G29/><REACH who="3" ten="301,169,361,149" step="2"/><T52/><D121/><U112/><E112/><V103/><F126/><W4/><G4/><T74/><D74/><U67/><E67/><V119/><F114/><W120/><G120/><T56/><D0/><U46/><E37/><V25/><F113/><W5/><G5/><T1/><D1/><U71/><E102/><V27/><F103/><W73/><G73/><T28/><D28/><U34/><E71/><V117/><F66/><W109/><G109/><T48/><D8/><U100/><E100/><V130/><F130/><W101/><G101/><T127/><D127/><U60/><E34/><V6/><F6/><W49/><G49/><T77/><D77/><AGARI ba="1,2" hai="16,23,24,26,31,32,61,63,77,81,86,87,88,95" machi="77" ten="30,11600,0" yaku="1,1,7,1,54,2,53,0" doraHai="10" doraHaiUra="68" who="3" fromWho="0" sc="301,-119,169,0,361,0,149,139" /><INIT seed="3,2,0,0,0,92" ten="182,169,361,288" oya="3" hai0="28,57,96,105,37,47,125,24,5,45,117,59,133" hai1="119,7,84,94,91,23,134,48,114,12,50,52,69" hai2="70,25,60,88,120,129,44,104,34,116,11,80,20" hai3="111,95,40,38,62,110,6,19,79,66,85,106,63"/><W128/><G106/><T130/><D117/><U126/><E114/><V16/><F116/><W73/><G73/><T53/><D130/><U17/><E69/><V121/><F129/><W127/><G128/><T86/><D133/><U10/><E126/><V33/><F104/><W2/><G127/><T21/><D125/><U99/><E134/><V93/><F80/><W124/><G124/><T36/><D5/><U100/><E119/><V113/><F113/><W108/><G2/><T22/><D86/><U107/><REACH who="1" step="1"/><E52/><REACH who="1" ten="182,159,361,288" step="2"/><V131/><F131/><W132/><G132/><T1/><D53/><U118/><E118/><V3/><F70/><W68/><G40/><T46/><D37/><U122/><E122/><V4/><F121/><W29/><G38/><T13/><D36/><U32/><E32/><V72/><F120/><W76/><G63/><T0/><D59/><U103/><E103/><V26/><F34/><W18/><G62/><T97/><D57/><U54/><E54/><V30/><F60/><W82/><G68/><T64/><D64/><U74/><E74/><V81/><F44/><W9/><G66/><T90/><D47/><U78/><E78/><V49/><F72/><W112/><G79/><T39/><D46/><U123/><E123/><V55/><F55/><W8/><G112/><T31/><D45/><U89/><E89/><V35/><F35/><W98/><G29/><T61/><D39/><U51/><E51/><V15/><F49/><W27/><G76/><T56/><D61/><U14/><AGARI ba="2,1" hai="7,10,12,14,17,23,48,50,84,91,94,99,100,107" machi="14" ten="20,8000,1" yaku="1,1,0,1,7,1,52,1,53,1" doraHai="92" doraHaiUra="83" who="1" fromWho="1" sc="182,-22,159,96,361,-22,288,-42" /><INIT seed="4,0,0,1,5,74" ten="160,255,339,246" oya="0" hai0="36,126,11,105,68,128,53,5,32,65,98,104,18" hai1="62,63,124,26,121,27,77,91,12,51,64,30,14" hai2="19,109,9,24,55,61,60,59,103,40,125,25,1" hai3="89,49,46,54,2,13,86,113,48,31,135,45,123"/><T119/><D119/><U115/><E121/><V71/><F109/><W38/><G113/><T79/><D128/><U6/><E124/><V50/><F125/><W17/><G135/><T120/><D126/><U100/><E100/><V129/><F129/><W73/><G73/><T69/><D53/><U70/><E115/><V28/><F103/><W122/><G2/><T111/><D18/><U101/><E101/><V42/><F71/><W83/><G31/><T132/><D98/><U107/><E107/><N who="0" m="41033" /><D65/><U81/><E91/><V114/><F114/><W78/><G38/><T99/><D99/><U3/><E63/><V116/><F116/><W76/><G123/><T96/><D96/><U29/><E51/><V118/><F118/><W75/><G75/><T84/><D120/><U133/><E133/><V134/><F134/><W85/><G85/><T66/><D36/><U16/><E3/><V58/><F50/><W72/><G72/><T7/><D32/><U35/><E81/><V44/><F1/><W88/><G89/><T39/><D39/><U15/><E6/><N who="0" m="2057" /><D11/><U43/><E16/><V23/><F44/><W127/><G122/><T8/><D8/><U92/><E43/><V0/><F0/><W21/><G127/><T110/><D132/><U20/><REACH who="1" step="1"/><E92/><REACH who="1" ten="160,245,339,246" step="2"/><V80/><F80/><W56/><G46/><T130/><D130/><U47/><E47/><V57/><F61/><W41/><AGARI ba="0,1" hai="13,17,21,41,45,48,49,54,56,76,78,83,86,88" machi="41" ten="20,12000,2" yaku="0,1,7,1,8,1,52,2,54,1" doraHai="74" who="3" fromWho="3" sc="160,-60,245,-30,339,-30,246,130" /><INIT seed="5,0,0,4,2,5" ten="100,215,309,376" oya="1" hai0="41,15,83,132,117,115,87,19,30,22,14,12,89" hai1="25,43,68,116,66,81,97,57,126,135,65,119,29" hai2="17,47,80,55,23,95,101,27,0,53,105,100,125" hai3="118,93,21,42,94,7,32,20,33,82,110,50,131"/><U62/><E135/><V63/><F125/><W40/><G110/><T113/><D117/><U67/><E126/><V75/><F0/><W34/><G131/><T120/><D132/><U106/><E81/><V96/><F75/><W37/><G37/><T103/><D120/><U16/><E43/><V73/><F73/><W26/><G118/><T35/><D103/><U92/><E106/><V24/><F80/><W58/><G82/><T133/><D133/><U52/><E68/><V48/><F105/><W51/><G7/><T56/><D41/><U2/><E2/><V70/><F27/><W59/><G33/><T45/><D45/><U109/><E109/><V61/><F70/><W54/><G26/><T76/><D35/><U64/><N who="1" m="16384" /><DORA hai="114" /><U84/><E84/><V85/><F85/><W79/><G54/><T123/><D123/><U112/><E16/><V129/><F129/><W108/><G108/><T74/><D30/><U124/><E124/><V38/><F38/><W86/><G86/><T104/><D104/><U6/><E6/><V78/><F78/><AGARI ba="0,0" hai="20,21,32,34,40,42,50,51,58,59,78,79,93,94" machi="78" ten="25,1600,0" yaku="22,2" doraHai="5,114" who="3" fromWho="2" sc="100,0,215,0,309,-16,376,16" /><INIT seed="6,0,0,1,2,121" ten="100,215,293,392" oya="2" hai0="89,17,2,14,29,32,79,58,85,5,35,80,28" hai1="49,83,47,11,81,8,132,107,117,108,75,12,57" hai2="23,27,68,66,52,55,4,126,120,113,1,13,90" hai3="0,40,33,44,102,22,93,135,118,51,77,30,116"/><V133/><F120/><W78/><G0/><T130/><D130/><U31/><E117/><V38/><F38/><W128/><G33/><T21/><D35/><U3/><E132/><V37/><F37/><W60/><G135/><T95/><D32/><U100/><E31/><V19/><F133/><W61/><G128/><T62/><D2/><U125/><E57/><V86/><F126/><W76/><G118/><T73/><REACH who="0" step="1"/><D5/><REACH who="0" ten="90,215,293,392" step="2"/><U48/><E3/><V134/><F1/><W129/><G129/><T10/><D10/><U114/><E8/><V84/><F134/><W41/><G116/><T59/><D59/><U42/><E11/><V34/><F34/><W123/><G123/><T45/><D45/><U122/><E47/><V16/><F4/><W20/><G22/><T74/><D74/><U103/><E75/><V53/><F113/><W106/><G20/><T9/><D9/><U63/><E114/><V110/><F68/><W87/><G44/><T88/><D88/><U46/><E46/><V98/><F90/><W64/><G41/><T70/><D70/><U115/><E42/><V71/><F71/><W111/><G40/><T127/><D127/><U124/><E122/><V26/><F66/><AGARI ba="0,1" hai="14,17,21,28,29,58,62,66,73,79,80,85,89,95" machi="66" ten="30,2000,0" yaku="1,1,7,1,53,0" doraHai="121" doraHaiUra="36" who="0" fromWho="2" sc="90,30,215,0,293,-20,392,0" /><INIT seed="7,0,0,5,3,64" ten="120,215,273,392" oya="3" hai0="15,131,54,21,72,77,19,71,127,83,119,44,63" hai1="12,108,126,49,88,98,74,34,52,67,123,110,93" hai2="59,23,5,27,56,78,102,89,107,1,8,109,95" hai3="48,84,94,91,111,36,55,69,14,76,79,118,22"/><W2/><G2/><T60/><D119/><U4/><E123/><V96/><F109/><W26/><G69/><T80/><D131/><U45/><E126/><V42/><F42/><W50/><G36/><T31/><D127/><U17/><E74/><V41/><F41/><W24/><G118/><T81/><D31/><U106/><E34/><V3/><F3/><W82/><G50/><T86/><D72/><U39/><E39/><V112/><F112/><W43/><G43/><T73/><D73/><U105/><E4/><V135/><F78/><N who="3" m="29739" /><G82/><T0/><D0/><U75/><E75/><V29/><F135/><W85/><G85/><AGARI ba="0,0" hai="1,5,8,23,27,29,56,59,85,89,95,96,102,107" machi="85" ten="30,1000,0" yaku="7,1" doraHai="64" who="2" fromWho="3" sc="120,0,215,0,273,10,392,-10" owari="120,-38.0,215,-18.0,283,8.0,382,48.0" /></mjloggm>