<mjloggm ver="2.3"><GO type="41" lobby="0"/><UN n0="%E2%93%9D%53%75%70%68%78" n1="%53%68%69%6E%43%68%69" n2="%6F%6B%61%70%61" n3="%E2%93%9D%4E%41%47%41%32%35" dan="18,15,15,17" rate="2072.85,1952.64,2025.78,2071.44" sx="M,M,M,F"/><TAIKYOKU oya="0"/><INIT seed="0,0,0,1,5,75" ten="250,250,250,250" oya="0" hai0="88,37,16,25,79,27,102,90,133,121,123,120,39" hai1="84,56,62,33,59,109,52,67,124,4,40,48,69" hai2="28,65,61,6,46,86,14,85,128,82,60,72,45" hai3="80,71,81,110,22,64,17,134,7,76,112,68,119"/><T8/><D102/><U125/><E33/><V43/><F128/><W131/><G112/><T32/><D133/><U9/><E109/><V93/><F28/><W77/><G119/><T50/><D50/><U63/><E84/><V19/><F6/><W113/><G113/><T30/><D79/><U107/><E107/><V35/><F72/><W116/><G116/><T127/><D127/><N who="1" m="48715" /><E9/><V47/><F35/><W101/><G110/><T96/><D96/><U104/><E4/><V95/><F43/><W54/><G131/><T118/><D118/><U106/><E40/><V20/><F86/><W89/><G7/><T117/><D117/><U97/><E97/><V34/><F34/><W10/><G10/><T1/><D1/><U53/><AGARI ba="0,0" hai="48,52,53,56,59,62,63,67,69,104,106" m="48715" machi="53" ten="30,2000,0" yaku="18,1,54,1" doraHai="75" who="1" fromWho="1" sc="250,-10,250,20,250,-5,250,-5" /><INIT seed="1,0,0,4,4,103" ten="240,270,245,245" oya="1" hai0="82,74,32,24,72,109,61,94,117,26,111,119,101" hai1="98,129,3,44,59,21,93,5,27,91,50,78,35" hai2="45,106,43,120,41,124,53,75,100,40,42,89,110" hai3="65,38,12,63,130,83,115,68,8,81,52,121,108"/><U18/><E35/><V2/><F2/><W123/><G115/><T122/><D61/><U29/><E129/><V134/><F75/><N who="0" m="28714" /><D32/><U58/><E78/><V7/><F7/><W55/><G38/><T46/><D46/><U1/><E1/><V86/><F120/><W113/><G113/><T57/><D57/><U79/><E79/><V114/><F114/><W135/><G130/><T107/><D26/><U19/><E5/><V128/><F128/><W84/><G108/><N who="0" m="41547" /><D24/><U112/><E112/><V126/><F110/><W14/><G135/><T80/><D94/><U25/><E3/><V22/><F134/><W0/><G0/><T102/><D122/><U131/><E131/><V71/><F71/><W67/><G63/><T13/><D13/><U56/><E27/><V47/><F22/><W9/><REACH who="3" step="1"/><G68/><REACH who="3" ten="240,270,245,235" step="2"/><T10/><D119/><U30/><REACH who="1" step="1"/><E30/><REACH who="1" ten="240,260,245,235" step="2"/><V104/><F126/><W116/><G116/><T69/><D117/><U132/><E132/><V73/><F124/><W15/><G15/><T105/><D69/><U95/><E95/><V60/><F73/><W36/><G36/><T99/><D82/><U77/><E77/><V64/><F106/><W33/><G33/><T66/><D80/><U96/><E96/><V125/><F104/><W31/><G31/><T39/><D39/><U127/><E127/><V76/><F76/><W90/><G90/><T54/><D107/><U92/><E92/><V17/><F89/><W28/><G28/><T62/><D105/><U6/><E6/><V70/><F125/><W51/><G51/><T34/><D34/><U48/><E48/><RYUUKYOKU ba="0,2" sc="240,-15,260,15,245,-15,235,15" hai1="18,19,21,25,29,44,50,56,58,59,91,93,98" hai3="8,9,12,14,52,55,65,67,81,83,84,121,123" /><INIT seed="1,1,2,4,2,53" ten="225,275,230,250" oya="1" hai0="34,114,102,83,63,120,39,78,38,10,67,122,132" hai1="49,29,124,88,123,80,22,5,116,45,62,70,2" hai2="26,72,99,36,98,101,7,17,74,64,76,95,55" hai3="107,129,125,127,84,103,90,118,59,43,21,115,87"/><U109/><E123/><N who="0" m="47145" /><D114/><U75/><E116/><V28/><F36/><W73/><G115/><T134/><D10/><U60/><E124/><N who="3" m="47690" /><G73/><N who="0" m="43471" /><D102/><U68/><E75/><V6/><F64/><W47/><G129/><T108/><D34/><U31/><E5/><V48/><F17/><W30/><G118/><T3/><D108/><U117/><E2/><V27/><F99/><N who="3" m="61951" /><G90/><T4/><D4/><U126/><E109/><V111/><F111/><W51/><G59/><N who="0" m="37375" /><D3/><U128/><E117/><V41/><F7/><W52/><G43/><T96/><D96/><U97/><E97/><V131/><F41/><W77/><G77/><T110/><D110/><U20/><E126/><V89/><F131/><W40/><G40/><T58/><D58/><U106/><E128/><V94/><F76/><W8/><G8/><T0/><D0/><U14/><E106/><V18/><F6/><W15/><G15/><T25/><D25/><AGARI ba="1,2" hai="21,25,30,47,51,52,84,87" m="61951,47690" machi="25" ten="30,2000,0" yaku="18,1,54,1" doraHai="53" who="3" fromWho="0" sc="225,-23,275,0,230,0,250,43" /><INIT seed="2,0,0,2,0,27" ten="202,275,230,293" oya="2" hai0="26,81,32,121,127,87,71,30,42,94,83,6,119" hai1="22,15,131,55,18,126,103,47,109,117,134,124,98" hai2="28,53,93,11,66,86,52,130,62,129,101,58,44" hai3="34,39,46,112,7,92,88,128,107,12,95,19,80"/><V60/><F11/><W23/><G107/><T45/><D121/><U64/><E117/><V85/><F101/><W38/><G34/><T122/><D122/><U116/><E116/><V90/><F86/><W75/><G128/><T20/><D71/><U135/><E64/><V111/><F111/><W70/><G70/><T79/><D127/><N who="1" m="48683" /><E109/><V25/><F44/><W84/><G112/><T35/><D119/><U0/><E0/><V10/><F10/><W48/><G7/><T41/><D41/><U43/><E55/><V82/><F82/><W74/><G95/><T89/><D83/><U125/><E131/><N who="2" m="50187" /><F62/><W37/><REACH who="3" step="1"/><G80/><REACH who="3" ten="202,275,230,283" step="2"/><T63/><D6/><U118/><E125/><V49/><F49/><W108/><G108/><T16/><D63/><U21/><E118/><V132/><F132/><W78/><G78/><T97/><D35/><AGARI ba="0,1" hai="25,28,35,52,53,58,60,66,85,90,93" m="50187" machi="35" ten="30,5800,0" yaku="19,1,52,1,54,1" doraHai="27" who="2" fromWho="0" sc="202,-58,275,0,230,68,283,0" /><INIT seed="2,1,0,5,3,12" ten="144,275,298,283" oya="2" hai0="82,79,33,4,131,66,88,11,43,42,99,41,53" hai1="70,50,97,117,116,103,7,87,92,39,60,104,61" hai2="84,36,29,101,26,125,91,122,24,98,100,113,94" hai3="46,124,2,27,128,31,96,72,77,134,71,69,81"/><V20/><F113/><W6/><G128/><T93/><D33/><U38/><E7/><V95/><F122/><W109/><G109/><T21/><D131/><U16/><E50/><V115/><F115/><W90/><G134/><T55/><D66/><U102/><E87/><V58/><F125/><W28/><G124/><T130/><D130/><U17/><E92/><V73/><F73/><W63/><G31/><T47/><D21/><U9/><E9/><V121/><F121/><W37/><G90/><T0/><REACH who="0" step="1"/><D47/><REACH who="0" ten="134,275,298,283" step="2"/><U108/><E108/><V59/><F36/><W68/><G46/><T62/><D62/><U80/><E39/><V40/><F40/><W127/><G37/><T105/><D105/><U110/><E38/><V126/><F126/><W132/><G127/><T44/><D44/><U57/><E104/><V18/><REACH who="2" step="1"/><F101/><REACH who="2" ten="134,275,288,283" step="2"/><W30/><G132/><T54/><D54/><U129/><E129/><V86/><F86/><AGARI ba="1,2" hai="0,4,11,41,42,43,53,55,79,82,86,88,93,99" machi="86" ten="40,2600,0" yaku="1,1,54,1,53,0" doraHai="12" doraHaiUra="10" who="0" fromWho="2" sc="134,49,275,0,288,-29,283,0" /><INIT seed="3,0,0,0,5,99" ten="183,275,259,283" oya="3" hai0="11,33,42,83,67,52,107,63,121,50,39,134,132" hai1="111,66,119,104,45,34,3,71,124,89,135,13,123" hai2="62,70,57,48,53,110,127,60,74,84,106,100,41" hai3="77,35,19,101,98,0,115,64,91,26,94,76,118"/><W102/><G115/><T24/><D83/><U103/><RYUUKYOKU type="yao9" ba="0,0" sc="183,0,275,0,259,0,283,0" hai1="3,13,34,45,66,71,89,103,104,111,119,123,124,135" /><INIT seed="3,1,0,4,5,48" ten="183,275,259,283" oya="3" hai0="72,34,123,116,10,106,49,103,58,79,107,52,74" hai1="129,41,40,135,115,118,43,80,70,6,133,21,105" hai2="61,56,20,113,101,100,88,32,25,64,51,114,53" hai3="13,24,68,60,31,33,85,91,30,39,110,55,63"/><W73/><G73/><T14/><D116/><U15/><E105/><V81/><F32/><W87/><G39/><T57/><D123/><U84/><E70/><V35/><F35/><W127/><G127/><T134/><D34/><U26/><E115/><V36/><F36/><W1/><G1/><T59/><D134/><N who="1" m="51211" /><E118/><V18/><F114/><W3/><G3/><T67/><D107/><U122/><E129/><V112/><F113/><W128/><G128/><T130/><D130/><U8/><E122/><V54/><F64/><W46/><G31/><T117/><D117/><U2/><E2/><V108/><F108/><W78/><G110/><T132/><D132/><U96/><E96/><V66/><F112/><W12/><G78/><T0/><D0/><U83/><E84/><N who="2" m="50191" /><F66/><W27/><G27/><T62/><D79/><U86/><E86/><V93/><F93/><W47/><G87/><T92/><D106/><U69/><E69/><V120/><F120/><W17/><G68/><T5/><REACH who="0" step="1"/><D59/><AGARI ba="1,0" hai="18,20,25,51,53,54,56,59,61,100,101" m="50191" machi="59" ten="30,7700,0" yaku="8,1,52,2,54,1" doraHai="48" who="2" fromWho="0" sc="183,-80,275,0,259,80,283,0" /><INIT seed="4,0,0,2,4,65" ten="103,275,339,283" oya="0" hai0="114,116,31,40,82,104,41,92,20,93,1,121,87" hai1="120,129,11,131,110,81,66,17,43,25,70,3,126" hai2="107,56,62,83,119,73,18,101,38,26,85,113,109" hai3="39,19,32,98,127,128,68,86,51,36,75,88,78"/><T46/><D116/><U125/><E110/><V7/><F109/><W99/><G32/><T100/><D121/><U8/><E43/><V74/><F113/><W54/><G128/><N who="1" m="49226" /><E81/><V79/><F38/><W117/><G117/><T91/><D1/><U35/><E3/><V71/><F7/><W90/><G127/><N who="1" m="48650" /><E120/><V105/><F105/><W72/><G78/><T47/><D104/><U106/><E106/><V122/><F122/><W103/><G39/><T37/><D114/><U9/><E66/><V134/><F119/><W67/><G36/><T132/><D132/><U64/><E64/><V111/><F134/><W80/><G75/><T108/><D108/><U102/><E102/><V33/><F111/><W63/><G72/><T42/><D37/><U60/><E60/><V89/><F101/><W123/><G103/><T27/><REACH who="0" step="1"/><D100/><REACH who="0" ten="93,275,339,283" step="2"/><U53/><E35/><V29/><F107/><W4/><G123/><T12/><D12/><U94/><E25/><V61/><F33/><W96/><G4/><T130/><D130/><U44/><E44/><AGARI ba="0,1" hai="20,27,31,40,41,42,44,46,47,82,87,91,92,93" machi="44" ten="40,7700,0" yaku="1,1,8,1,53,1" doraHai="65" doraHaiUra="23" who="0" fromWho="1" sc="93,87,275,-77,339,0,283,0" /><INIT seed="4,1,0,2,2,74" ten="180,198,339,283" oya="0" hai0="11,88,111,127,53,28,104,27,100,25,72,5,18" hai1="86,132,62,94,13,134,14,20,0,131,10,90,52" hai2="64,69,36,31,121,12,126,115,33,85,112,51,2" hai3="105,23,92,77,44,129,79,93,57,32,30,38,71"/><T40/><D127/><U114/><E131/><V130/><F121/><W67/><G105/><T22/><D111/><U55/><E0/><V122/><F36/><W54/><G32/><T47/><D72/><U123/><E123/><V29/><F2/><W78/><G129/><T66/><D66/><U58/><E20/><V83/><F122/><W17/><G30/><T98/><D53/><U73/><E73/><V108/><F108/><W116/><G116/><T99/><D5/><U60/><E114/><N who="2" m="43563" /><F33/><W91/><G71/><T96/><D11/><U76/><E10/><V124/><F51/><N who="3" m="29031" /><G38/><T45/><D45/><U50/><E62/><N who="2" m="40087" /><F12/><N who="3" m="9639" /><G91/><T8/><D88/><U87/><E134/><V133/><F133/><W120/><G120/><T7/><D27/><U9/><E9/><V15/><F15/><W37/><G37/><T34/><D34/><U35/><E35/><V39/><F39/><W3/><G3/><T61/><D8/><U6/><E6/><V125/><F130/><W102/><G102/><T106/><D7/><U56/><E132/><V16/><F16/><W19/><G19/><T70/><D18/><U101/><REACH who="1" step="1"/><E101/><REACH who="1" ten="180,188,339,283" step="2"/><V135/><F135/><W49/><G49/><N who="0" m="26855" /><D100/><U24/><E24/><V113/><F113/><W41/><G41/><T95/><D25/><U42/><E42/><V103/><F103/><W63/><AGARI ba="1,1" hai="57,63,67,77,78,79,92,93" m="9639,29031" machi="63" ten="30,7900,0" yaku="8,1,52,3" doraHai="74" who="3" fromWho="3" sc="180,-40,188,-21,339,-21,283,92" /><INIT seed="5,0,0,3,3,37" ten="140,167,318,375" oya="1" hai0="12,18,104,96,31,52,113,115,56,97,120,23,123" hai1="131,127,130,11,29,73,21,71,80,44,14,132,89" hai2="84,48,86,54,77,63,10,99,81,111,76,51,94" hai3="40,93,74,134,122,1,64,32,49,65,108,0,2"/><U116/><E71/><V95/><F111/><W60/><G108/><T35/><D35/><U33/><E116/><V87/><F10/><W88/><G122/><N who="0" m="46635" /><D31/><U105/><E105/><V36/><F36/><W117/><G74/><T91/><D91/><U59/><E127/><V70/><F70/><W103/><G32/><T90/><D90/><U106/><E106/><V55/><F63/><W45/><G134/><T79/><D79/><U62/><E132/><V47/><F77/><W69/><G65/><T30/><D30/><U53/><E73/><V107/><F107/><W129/><G129/><N who="1" m="49162" /><E33/><V5/><F5/><W67/><G67/><T121/><N who="0" m="46643" /><T109/><DORA hai="7" /><D109/><U126/><E126/><V16/><F16/><W17/><G17/><T128/><D128/><U9/><E44/><V39/><F39/><W42/><G103/><N who="0" m="62567" /><D97/><U46/><E29/><V66/><F66/><W110/><G110/><T43/><D43/><U20/><E89/><N who="2" m="55759" /><F95/><W118/><REACH who="3" step="1"/><G42/><REACH who="3" ten="140,167,318,365" step="2"/><T68/><D68/><U98/><E98/><AGARI ba="0,1" hai="0,1,2,40,45,49,60,64,69,88,93,98,117,118" machi="98" ten="40,8000,1" yaku="1,1,2,1,52,1,54,1,53,0" doraHai="37,7" doraHaiUra="101,125" who="3" fromWho="1" sc="140,0,167,-80,318,0,365,90" /><INIT seed="6,0,0,2,0,75" ten="140,87,318,455" oya="2" hai0="91,129,60,1,61,114,14,65,49,83,35,107,56" hai1="112,68,25,63,21,62,73,115,79,13,93,81,82" hai2="131,29,18,9,125,130,19,99,41,4,34,120,30" hai3="78,11,58,5,67,126,106,102,111,2,27,42,121"/><V40/><F120/><W50/><G111/><T8/><D1/><U116/><E116/><V88/><F125/><W20/><G121/><T37/><D37/><U22/><E68/><V71/><F71/><W95/><G106/><T101/><D35/><U90/><E81/><V31/><F34/><W80/><G126/><T66/><D129/><N who="2" m="49162" /><F41/><W96/><G42/><T108/><D114/><N who="1" m="43563" /><E13/><N who="2" m="5287" /><F40/><W36/><G36/><T39/><D108/><U84/><E21/><V100/><F88/><W92/><G20/><T128/><D91/><U17/><AGARI ba="0,0" hai="17,22,25,62,63,73,79,82,84,90,93" m="43563" machi="17" ten="30,2000,0" yaku="15,1,52,1" doraHai="75" who="1" fromWho="1" sc="140,-5,87,20,318,-10,455,-5" /><INIT seed="7,0,0,5,1,134" ten="135,107,308,450" oya="3" hai0="115,128,51,75,83,21,46,97,29,124,131,95,126" hai1="69,23,10,110,109,101,63,2,32,4,22,70,96" hai2="132,93,59,86,92,33,114,62,135,66,123,9,7" hai3="130,105,120,43,64,80,85,49,0,103,42,18,25"/><W79/><G120/><T100/><D115/><U77/><E32/><V34/><F114/><W53/><G0/><T3/><D3/><U68/><E63/><V12/><F123/><W91/><G130/><N who="0" m="49707" /><D29/><U111/><REACH who="1" step="1"/><E77/><REACH who="1" ten="135,97,308,450" step="2"/><V14/><F34/><W106/><G79/><N who="0" m="44543" /><D21/><U74/><E74/><V35/><F35/><W15/><G64/><T58/><D58/><U72/><E72/><V19/><F33/><W48/><G25/><T37/><D37/><U102/><E102/><V73/><F73/><W117/><G117/><T36/><D36/><U39/><E39/><V24/><F24/><W104/><G103/><T87/><D87/><U38/><E38/><V16/><F7/><W90/><G90/><T94/><D94/><AGARI ba="0,1" hai="2,4,10,22,23,68,69,70,94,96,101,109,110,111" machi="94" ten="50,1600,0" yaku="1,1,53,0" doraHai="134" doraHaiUra="56" who="1" fromWho="0" sc="135,-16,97,26,308,0,450,0" owari="119,-38.0,123,-28.0,308,11.0,450,55.0" /></mjloggm>