<mjloggm ver="2.3"><GO type="41" lobby="0"/><UN n0="%50%61%6C%69%6F%74%6F%6C" n1="%44%6F%75%74%7A%65%6E" n2="%E2%93%9D%53%75%70%68%78" n3="%E7%94%9F%E4%BD%93%E3%81%AE%E6%A7%8B%E9%80%A0%31" dan="15,15,17,15" rate="2001.71,2018.53,2049.60,2043.24" sx="M,F,M,M"/><TAIKYOKU oya="0"/><INIT seed="0,0,0,0,4,81" ten="250,250,250,250" oya="0" hai0="89,112,132,15,117,106,60,1,86,67,59,51,19" hai1="32,55,110,29,77,114,92,6,42,40,103,69,104" hai2="130,93,109,75,124,111,10,45,12,41,102,135,7" hai3="23,61,74,99,25,43,65,52,34,128,122,14,66"/><T24/><D117/><U108/><E69/><V98/><F130/><W107/><G74/><T91/><D112/><U17/><E114/><V0/><F135/><W31/><G128/><T20/><D106/><U125/><E125/><V22/><F75/><W64/><G122/><T11/><D1/><U123/><E123/><V88/><F124/><W131/><G131/><T129/><D129/><U53/><E6/><V13/><F102/><W18/><G43/><N who="1" m="16426" /><E104/><V80/><F80/><W56/><G107/><T115/><D115/><U26/><E17/><V105/><F22/><W2/><G2/><T119/><D119/><U94/><E77/><V47/><F105/><W73/><G73/><T82/><D132/><U100/><E100/><V116/><F47/><W5/><G5/><T50/><REACH who="0" step="1"/><D91/><REACH who="0" ten="240,250,250,250" step="2"/><U9/><E103/><V78/><F116/><W79/><REACH who="3" step="1"/><G79/><REACH who="3" ten="240,250,250,240" step="2"/><T16/><AGARI ba="0,2" hai="11,15,16,19,20,24,50,51,59,60,67,82,86,89" machi="16" ten="20,18000,2" yaku="1,1,2,1,0,1,7,1,8,1,52,1,54,1,53,0" doraHai="81" doraHaiUra="118" who="0" fromWho="0" sc="240,200,250,-60,250,-60,240,-60" /><INIT seed="0,1,0,5,4,133" ten="440,190,190,180" oya="0" hai0="49,34,83,25,8,51,56,127,37,93,82,47,94" hai1="63,26,124,79,75,9,97,91,4,48,7,110,117" hai2="131,77,113,29,129,32,35,14,132,45,104,50,100" hai3="46,41,18,108,114,19,126,57,102,135,38,0,22"/><T72/><D127/><U30/><E117/><V31/><F77/><W71/><G114/><T68/><D68/><U92/><E110/><V99/><F113/><W120/><G71/><T52/><D37/><U121/><E121/><V5/><F132/><W54/><G0/><T119/><D119/><U21/><E124/><V122/><F122/><W78/><G120/><T15/><D25/><U130/><E130/><N who="2" m="49675" /><F14/><W125/><G135/><T20/><D20/><U13/><E75/><V43/><F5/><W81/><G102/><T65/><D65/><U53/><E79/><V6/><F6/><W60/><G18/><T134/><D34/><AGARI ba="1,0" hai="29,31,32,34,35,43,45,50,99,100,104" m="49675" machi="34" ten="30,1000,0" yaku="19,1" doraHai="133" who="2" fromWho="0" sc="440,-13,190,0,190,13,180,0" /><INIT seed="1,0,0,0,2,4" ten="427,190,203,180" oya="1" hai0="5,61,70,91,71,90,60,83,104,72,130,125,25" hai1="126,82,98,59,94,37,78,95,101,52,106,117,69" hai2="31,132,38,20,8,84,76,11,66,22,2,64,35" hai3="87,121,46,124,24,128,50,17,116,33,135,30,41"/><U114/><E117/><V32/><F38/><W15/><G128/><T85/><D130/><U75/><E114/><V29/><F84/><W28/><G124/><T36/><D36/><U3/><E126/><V89/><F89/><W68/><G135/><T105/><D5/><U115/><E115/><V63/><F63/><W13/><G121/><T39/><D39/><U18/><E69/><V58/><F58/><W57/><G68/><T74/><D25/><U23/><E3/><V102/><F102/><W99/><G116/><T108/><D85/><U113/><E37/><V26/><F26/><W134/><G134/><T44/><D44/><U133/><E113/><V62/><F62/><W56/><G30/><T127/><REACH who="0" step="1"/><D83/><REACH who="0" ten="417,190,203,180" step="2"/><U55/><E133/><V120/><F132/><W48/><G87/><T43/><D43/><U42/><E42/><V118/><F118/><W112/><G41/><T96/><D96/><U109/><E109/><AGARI ba="0,1" hai="60,61,70,71,72,74,90,91,104,105,108,109,125,127" machi="109" ten="25,3200,0" yaku="1,1,22,2,53,0" doraHai="4" doraHaiUra="77" who="0" fromWho="1" sc="417,42,190,-32,203,0,180,0" /><INIT seed="2,0,0,3,2,85" ten="459,158,203,180" oya="2" hai0="81,25,133,11,134,126,49,96,58,56,8,99,92" hai1="27,95,69,39,93,118,61,1,28,19,135,124,131" hai2="120,116,70,30,98,0,46,48,104,72,65,73,84" hai3="86,32,106,123,31,53,45,7,20,64,90,114,71"/><V17/><F116/><W33/><G123/><T87/><D126/><U77/><E118/><V115/><F0/><W59/><G106/><T4/><D25/><U15/><E124/><V41/><F115/><W78/><G114/><T29/><D29/><U5/><E39/><V74/><F120/><W125/><G78/><T68/><D68/><U102/><E131/><V94/><F30/><W67/><G45/><T26/><D26/><U42/><E42/><V122/><F122/><W82/><G125/><T34/><D34/><N who="1" m="20767" /><E77/><V23/><F104/><W51/><G20/><T9/><D4/><U130/><E130/><V75/><F75/><W88/><G7/><T112/><D112/><U40/><E40/><V66/><F84/><W37/><G37/><T14/><D14/><U132/><E102/><V107/><F107/><W44/><G31/><T105/><D105/><U62/><E69/><V16/><F70/><W38/><G67/><T13/><D13/><U127/><E1/><V35/><F35/><W80/><G80/><T121/><D121/><U47/><E47/><V79/><F79/><W76/><G32/><T89/><D49/><U91/><E93/><V21/><F21/><W117/><G33/><T103/><REACH who="0" step="1"/><D99/><REACH who="0" ten="449,158,203,180" step="2"/><N who="1" m="57855" /><E5/><V83/><F17/><W50/><G117/><T111/><D111/><U100/><E127/><V55/><F16/><W10/><G38/><T52/><D52/><U113/><E113/><V12/><F55/><N who="3" m="30151" /><G10/><T129/><D129/><U57/><E19/><N who="2" m="10727" /><F66/><W22/><G22/><T109/><D109/><U63/><E15/><V97/><F65/><W119/><G119/><RYUUKYOKU ba="0,1" sc="449,15,158,-15,203,-15,180,15" hai0="8,9,11,56,58,81,87,89,92,96,103,133,134" hai3="51,53,59,64,71,76,82,86,88,90" /><INIT seed="3,1,1,0,0,51" ten="464,143,188,195" oya="3" hai0="93,88,99,43,66,108,2,120,58,92,128,91,106" hai1="123,34,116,61,121,30,28,112,37,15,54,101,105" hai2="8,50,89,87,42,135,77,39,129,48,33,52,22" hai3="1,35,21,47,6,12,80,32,84,26,40,130,9"/><W79/><G130/><T25/><D2/><U0/><E112/><V118/><F33/><W20/><G1/><T83/><D120/><U68/><E0/><V125/><F118/><W131/><G131/><T59/><D128/><U114/><E114/><V122/><F39/><W18/><REACH who="3" step="1"/><G20/><REACH who="3" ten="464,143,188,185" step="2"/><T11/><D11/><U81/><E121/><V49/><F129/><W75/><G75/><T62/><D108/><U64/><E123/><V111/><F111/><W53/><G53/><T97/><D43/><U132/><E54/><V13/><F42/><W74/><G74/><T36/><D36/><AGARI ba="1,2" hai="6,9,12,18,21,26,32,35,36,40,47,79,80,84" machi="36" ten="30,2900,0" yaku="1,1,7,1,53,0" doraHai="51" doraHaiUra="102" who="3" fromWho="0" sc="464,-32,143,0,188,0,185,52" /><INIT seed="3,2,0,5,5,1" ten="432,143,188,237" oya="3" hai0="134,21,17,43,77,38,88,84,87,26,102,93,52" hai1="48,126,13,8,71,79,115,131,37,94,14,91,3" hai2="108,39,114,55,63,86,112,6,56,133,113,124,89" hai3="46,104,127,70,132,99,66,111,29,125,118,121,109"/><W59/><G118/><T10/><D134/><U73/><E115/><V5/><F133/><W33/><G132/><T90/><D43/><U35/><E37/><V105/><F105/><W61/><G121/><T62/><D38/><U107/><E107/><V64/><F108/><N who="3" m="41547" /><G29/><T51/><D62/><U31/><E71/><V78/><F124/><N who="3" m="47691" /><G33/><T116/><D116/><U28/><E126/><V0/><F0/><W32/><G32/><T82/><D10/><U103/><E8/><V97/><F39/><W50/><G99/><N who="0" m="59759" /><D87/><U75/><E35/><V45/><F97/><W98/><G98/><T42/><D42/><U106/><E28/><V30/><F30/><W36/><G104/><T100/><D100/><U41/><E31/><V76/><F114/><W47/><G36/><T119/><D119/><U44/><E106/><V129/><F113/><W40/><G46/><AGARI ba="2,0" hai="17,21,26,46,51,52,77,82,84,88,90" m="59759" machi="46" ten="30,3900,0" yaku="8,1,54,2" doraHai="1" who="0" fromWho="3" sc="432,45,143,0,188,0,237,-45" /><INIT seed="4,0,0,5,2,1" ten="477,143,188,192" oya="0" hai0="107,19,127,20,90,91,84,64,24,7,95,75,39" hai1="46,17,2,115,119,114,55,6,59,51,71,66,78" hai2="48,28,73,21,26,88,42,93,76,98,134,86,79" hai3="58,62,67,133,12,130,31,68,37,77,50,35,102"/><T92/><D39/><U104/><E104/><V15/><F73/><W18/><G37/><T118/><D107/><U89/><E78/><V65/><F134/><W74/><G130/><T5/><D75/><U113/><E119/><V85/><F65/><W108/><G108/><T47/><D118/><U121/><E121/><V97/><F15/><W8/><G102/><T87/><D127/><U101/><E101/><V60/><F60/><W45/><G133/><T4/><D64/><U54/><E71/><V96/><REACH who="2" step="1"/><F86/><REACH who="2" ten="477,143,178,192" step="2"/><W56/><G74/><T123/><D123/><U83/><E66/><V23/><F23/><W81/><G35/><T22/><D22/><U14/><E14/><V125/><F125/><W69/><G62/><T110/><D110/><U25/><E25/><V29/><F29/><W72/><G31/><T49/><D4/><U80/><E17/><V117/><F117/><W53/><G67/><T99/><D99/><U38/><E6/><V57/><F57/><W43/><G58/><T131/><D131/><U27/><E27/><V109/><F109/><W126/><G126/><T132/><D132/><U36/><E2/><V61/><F61/><W10/><G10/><T82/><D82/><U41/><E80/><V16/><F16/><W32/><G32/><T44/><D47/><AGARI ba="0,1" hai="21,26,28,42,47,48,76,79,85,88,93,96,97,98" machi="47" ten="40,5200,0" yaku="1,1,8,1,54,1,53,0" doraHai="1" doraHaiUra="9" who="2" fromWho="0" sc="477,-52,143,0,178,62,192,0" /><INIT seed="5,0,0,3,3,73" ten="425,143,240,192" oya="1" hai0="89,127,55,9,67,112,86,61,47,57,83,122,105" hai1="80,24,3,135,8,46,6,34,132,21,93,99,37" hai2="91,130,120,77,125,17,22,94,20,15,81,79,64" hai3="27,25,129,131,97,69,19,121,102,40,111,4,104"/><U90/><E34/><V85/><F120/><W134/><G121/><T35/><D112/><U72/><E21/><V109/><F109/><W44/><G111/><T13/><D105/><U98/><E24/><V107/><F107/><W10/><G69/><T33/><D122/><U78/><REACH who="1" step="1"/><E98/><REACH who="1" ten="425,133,240,192" step="2"/><V110/><F110/><W12/><G134/><T70/><D127/><U88/><E88/><V45/><F22/><W49/><REACH who="3" step="1"/><G4/><REACH who="3" ten="425,133,240,182" step="2"/><T36/><D35/><U123/><E123/><V18/><F125/><W32/><G32/><T65/><D33/><U74/><E74/><V113/><F113/><W87/><G87/><T42/><D70/><U115/><E115/><V5/><F5/><AGARI ba="0,2" hai="5,9,13,36,42,47,55,57,61,65,67,83,86,89" machi="5" ten="30,1000,0" yaku="7,1" doraHai="73" who="0" fromWho="2" sc="425,30,133,0,240,-10,182,0" /><INIT seed="6,0,0,4,3,2" ten="455,133,230,182" oya="2" hai0="52,24,10,108,81,129,88,121,20,35,53,11,77" hai1="93,112,23,96,72,107,131,98,134,4,37,83,87" hai2="21,46,41,105,31,50,95,60,101,0,42,78,103" hai3="126,75,102,18,27,59,58,67,128,54,124,6,104"/><V47/><F0/><W80/><G128/><T85/><D108/><U26/><E131/><V122/><F105/><W113/><G113/><T3/><D129/><U117/><E117/><V118/><F122/><W64/><G6/><T119/><D35/><U38/><E112/><V12/><F78/><N who="3" m="44127" /><G58/><T45/><D121/><U66/><E134/><V92/><F60/><W130/><G130/><T62/><D3/><U30/><E66/><V97/><F118/><W44/><G44/><T70/><D70/><U1/><E107/><V127/><F127/><N who="3" m="48683" /><G18/><T132/><D132/><U28/><E28/><V65/><F65/><W57/><G27/><T79/><D119/><U55/><E55/><N who="0" m="21065" /><D45/><U99/><E72/><V8/><F47/><W19/><G19/><N who="0" m="12319" /><D62/><U13/><E37/><V68/><F68/><W114/><G59/><T110/><D110/><U39/><E39/><V82/><F42/><W34/><G34/><T125/><D125/><U56/><E38/><V36/><F36/><W73/><G73/><T22/><D22/><U76/><E56/><V90/><F21/><W89/><G114/><T25/><D25/><U100/><REACH who="1" step="1"/><E1/><REACH who="1" ten="455,123,230,182" step="2"/><V48/><F46/><W63/><G64/><T29/><D29/><U135/><E135/><V94/><F31/><W86/><G67/><T71/><D71/><U109/><E109/><V43/><F43/><W116/><G116/><T14/><D14/><U91/><E91/><V17/><F41/><W133/><G133/><T7/><D88/><U106/><E106/><V15/><F90/><W51/><G104/><T120/><D120/><U84/><E84/><RYUUKYOKU ba="0,1" sc="455,-10,123,30,230,-10,182,-10" hai1="4,13,23,26,30,76,83,87,93,96,98,99,100" /><INIT seed="7,1,1,0,5,24" ten="445,153,220,172" oya="3" hai0="93,73,57,17,15,92,1,84,45,39,98,13,38" hai1="35,30,55,52,133,132,16,67,79,0,26,80,66" hai2="59,18,42,20,97,23,89,117,126,33,5,116,63" hai3="118,71,8,96,106,83,34,110,103,82,104,6,3"/><W74/><G118/><T127/><D127/><U135/><E0/><V9/><F33/><W50/><G71/><T49/><D1/><U12/><E66/><V77/><F77/><W10/><G34/><T85/><D73/><N who="1" m="43119" /><E67/><V122/><F42/><W99/><G74/><T109/><D57/><U62/><E62/><V76/><F122/><W48/><G110/><T2/><D2/><U53/><E53/><V22/><F76/><W68/><G68/><T11/><D109/><U86/><E86/><V120/><F126/><W129/><G3/><T95/><D98/><U113/><E113/><V112/><F120/><W125/><G125/><T108/><D108/><U124/><E124/><V21/><F112/><W58/><G58/><T101/><D101/><U107/><E107/><V111/><F111/><W37/><G103/><T7/><D39/><U102/><E102/><V105/><F105/><W61/><G61/><T46/><D46/><U25/><E25/><V54/><F117/><W19/><G19/><T134/><D38/><U43/><E43/><V88/><F116/><W41/><G41/><N who="0" m="24751" /><D134/><U94/><E94/><V128/><F63/><W72/><G72/><T121/><D121/><U114/><E114/><V60/><F60/><W115/><G115/><T32/><D32/><U31/><E31/><V65/><F65/><W4/><G37/><T87/><D85/><U51/><E51/><V40/><F59/><W36/><G36/><T78/><D78/><U56/><E56/><V131/><F40/><W28/><G28/><T44/><D44/><U81/><E81/><V70/><F70/><RYUUKYOKU ba="1,1" sc="445,10,153,10,220,-30,172,10" hai0="7,11,13,15,17,84,87,92,93,95" hai1="12,16,26,30,35,52,55,132,133,135" hai3="4,6,8,10,48,50,82,83,96,99,104,106,129" /><INIT seed="7,2,1,2,5,52" ten="455,163,190,182" oya="3" hai0="14,126,133,6,92,22,82,49,26,125,18,124,12" hai1="80,29,39,50,24,59,41,87,15,69,42,34,35" hai2="32,5,77,119,105,117,47,33,100,128,96,112,134" hai3="127,104,28,30,129,60,17,106,63,123,9,55,56"/><W110/><G123/><T121/><D121/><U44/><E69/><V40/><F128/><W62/><G129/><T38/><D38/><U4/><E59/><V64/><F134/><W46/><G127/><T72/><D133/><U135/><E135/><V27/><F5/><W51/><G110/><T43/><D92/><U109/><E109/><V75/><F64/><W88/><G106/><T116/><D6/><U81/><E34/><N who="2" m="13419" /><F27/><W19/><G104/><T94/><D94/><U131/><E131/><V84/><F84/><W67/><G62/><T79/><D116/><U2/><E2/><V31/><F31/><N who="3" m="11819" /><G9/><T73/><D72/><U98/><E98/><V90/><F112/><W83/><G63/><T65/><D65/><U107/><E107/><V118/><F118/><W23/><G23/><T54/><D43/><U70/><E70/><V48/><F119/><W111/><G111/><T78/><D79/><U132/><E132/><V57/><F117/><W113/><G113/><T58/><AGARI ba="2,1" hai="12,14,18,22,26,49,54,58,73,78,82,124,125,126" machi="58" ten="30,4000,0" yaku="0,1,18,1,52,1" doraHai="52" who="0" fromWho="0" sc="455,56,163,-12,190,-12,182,-22" owari="511,61.0,151,-35.0,178,-2.0,160,-24.0" /></mjloggm>