<mjloggm ver="2.3"><GO type="41" lobby="0"/><UN n0="%4E%45%45%54%E5%A4%A7%E5%AD%A6%E7%94%9F" n1="%E2%93%9D%53%75%70%68%78" n2="%E3%81%86%E3%81%A3%E3%81%A3%E3%81%97%E3%83%BC" n3="%E5%9C%B0%E7%8D%84%E5%BE%85%E5%AD%90" dan="14,18,14,14" rate="1977.39,2099.63,1831.90,1883.86" sx="M,M,M,M"/><TAIKYOKU oya="0"/><INIT seed="0,0,0,2,1,68" ten="250,250,250,250" oya="0" hai0="44,78,103,47,89,96,32,118,35,87,36,28,101" hai1="14,116,62,25,54,27,109,7,19,110,50,63,127" hai2="122,41,39,128,42,1,104,13,121,76,15,81,133" hai3="117,120,71,66,88,43,93,52,34,33,10,65,48"/><T0/><D118/><U113/><E116/><V74/><F104/><W70/><G117/><T55/><D0/><U94/><E7/><V98/><F98/><W130/><G120/><T20/><D78/><U105/><E105/><V123/><F133/><W30/><G130/><T5/><D5/><U92/><E127/><V46/><F128/><W75/><G75/><T132/><D132/><U79/><E79/><V53/><F53/><W57/><G10/><T95/><D28/><U100/><E113/><V86/><F86/><W37/><G70/><T115/><D115/><U90/><E100/><V31/><F31/><W56/><G30/><T80/><D20/><U3/><E3/><V58/><F58/><W6/><G6/><T134/><D134/><U91/><E54/><V126/><F126/><W99/><G57/><T40/><REACH who="0" step="1"/><D103/><REACH who="0" ten="240,250,250,250" step="2"/><U24/><E19/><V9/><F41/><W49/><G43/><T38/><D38/><U12/><E27/><V61/><F61/><W67/><G37/><T22/><D22/><U51/><AGARI ba="0,1" hai="12,14,24,25,50,51,62,63,90,91,92,94,109,110" machi="51" ten="25,3200,0" yaku="0,1,22,2" doraHai="68" who="1" fromWho="1" sc="240,-16,250,42,250,-8,250,-8" /><INIT seed="1,0,0,3,1,59" ten="224,292,242,242" oya="1" hai0="25,88,90,118,17,108,102,114,27,2,81,112,30" hai1="122,111,24,43,73,8,14,86,32,116,124,120,42" hai2="97,46,104,11,1,91,37,101,57,55,65,77,3" hai3="56,33,109,132,113,44,38,35,49,85,80,79,96"/><U105/><E73/><V125/><F125/><W126/><G113/><T53/><D118/><U106/><E116/><V72/><F91/><W40/><G126/><T71/><D71/><U107/><E124/><V64/><F3/><W62/><G132/><T95/><D2/><U23/><E32/><V54/><F54/><W130/><G130/><T78/><D102/><U60/><E86/><V61/><F64/><W100/><G109/><T83/><D108/><U15/><E111/><V103/><F103/><W84/><G84/><T18/><D53/><U82/><E82/><V21/><F21/><W87/><G87/><T94/><REACH who="0" step="1"/><D30/><REACH who="0" ten="214,292,242,242" step="2"/><U128/><E122/><V12/><F1/><W127/><G127/><T76/><AGARI ba="0,1" hai="17,18,25,27,76,78,81,83,88,90,94,95,112,114" machi="76" ten="25,12000,2" yaku="1,1,2,1,0,1,22,2,54,1,53,0" doraHai="59" doraHaiUra="26" who="0" fromWho="0" sc="214,130,292,-60,242,-30,242,-30" /><INIT seed="2,0,0,4,3,10" ten="344,232,212,212" oya="2" hai0="74,134,127,32,96,52,86,85,54,15,108,125,73" hai1="63,105,71,20,114,25,126,89,57,9,99,0,117" hai2="124,84,68,45,37,78,50,119,51,115,88,90,64" hai3="83,77,76,70,113,93,47,13,72,75,59,122,103"/><V95/><F119/><W46/><G70/><T101/><D32/><U135/><E114/><V53/><F115/><W29/><G29/><T67/><D67/><U19/><E135/><V120/><F120/><W60/><G113/><T111/><D134/><U80/><E126/><N who="0" m="48137" /><D15/><U12/><E0/><V61/><F124/><W128/><G122/><T98/><D54/><U79/><E71/><V48/><F37/><W65/><G128/><T38/><D38/><U26/><E117/><V66/><F66/><W39/><G39/><T123/><D52/><U102/><E89/><V31/><F31/><W49/><G47/><T131/><D131/><U14/><E57/><V81/><REACH who="2" step="1"/><F90/><REACH who="2" ten="344,232,202,212" step="2"/><W110/><G65/><T5/><D123/><U41/><E63/><V18/><F18/><W11/><G60/><T43/><D5/><U4/><REACH who="1" step="1"/><E41/><REACH who="1" ten="344,222,202,212" step="2"/><V129/><F129/><W23/><G77/><T3/><D43/><U2/><E2/><V33/><F33/><W94/><G76/><T87/><D3/><U21/><E21/><V91/><F91/><W24/><G23/><T130/><D130/><U6/><E6/><V55/><F55/><W17/><G11/><T100/><D101/><U92/><E92/><V69/><F69/><W28/><G93/><T104/><D100/><U44/><E44/><V58/><F58/><W7/><G46/><T133/><D133/><U1/><E1/><V35/><F35/><W121/><G103/><T16/><D104/><U30/><E30/><V8/><F8/><W22/><G121/><T97/><D16/><U82/><E82/><V56/><F56/><RYUUKYOKU ba="0,2" sc="344,10,222,10,202,10,212,-30" hai0="73,74,85,86,87,96,97,98,108,111" hai1="4,9,12,14,19,20,25,26,79,80,99,102,105" hai2="45,48,50,51,53,61,64,68,78,81,84,88,95" /><INIT seed="2,1,2,2,2,42" ten="354,232,212,182" oya="2" hai0="30,65,13,54,92,128,131,29,38,135,28,0,87" hai1="91,83,120,45,94,123,125,69,25,75,79,2,106" hai2="105,55,96,17,77,97,126,26,99,14,51,40,60" hai3="127,33,86,71,132,68,115,61,50,3,119,36,76"/><V4/><F126/><W15/><G119/><T52/><D0/><U10/><E69/><V7/><F77/><W112/><G33/><T116/><D116/><U72/><E25/><V9/><F105/><W12/><G3/><T57/><D38/><U80/><E106/><V5/><F60/><W20/><G36/><T102/><D13/><U37/><E125/><V117/><F117/><W41/><G127/><T98/><D87/><U39/><E94/><V103/><F40/><W31/><G41/><T16/><D16/><U129/><E129/><N who="0" m="49737" /><D135/><U74/><E91/><V34/><F34/><W58/><G86/><T73/><D73/><N who="1" m="43119" /><E83/><V47/><REACH who="2" step="1"/><F26/><REACH who="2" ten="354,232,202,182" step="2"/><W8/><G61/><AGARI ba="1,3" hai="28,29,30,52,54,57,61,65,92,98,102" m="49737" machi="61" ten="30,2000,0" yaku="19,1,54,1" doraHai="42" who="0" fromWho="3" sc="354,53,232,0,202,0,182,-23" /><INIT seed="3,0,0,3,2,99" ten="407,232,202,159" oya="3" hai0="94,53,120,58,2,78,9,30,104,43,57,48,35" hai1="91,110,10,54,40,116,45,63,89,103,82,24,38" hai2="69,106,125,100,60,123,126,93,86,108,68,88,83" hai3="87,135,74,13,17,95,119,14,131,51,61,4,124"/><W79/><G119/><T77/><D120/><U44/><E110/><V65/><F123/><W115/><G74/><T37/><D104/><U84/><E116/><V132/><F132/><W29/><G29/><T32/><D37/><U75/><E75/><V85/><F108/><W28/><G28/><T6/><D43/><U20/><E10/><V16/><F69/><W21/><G17/><T56/><D94/><U52/><E103/><V109/><F109/><W3/><G21/><T15/><D2/><U134/><E134/><V0/><F0/><W36/><G14/><T72/><D30/><U59/><E45/><V26/><F106/><W101/><G13/><T117/><D117/><U49/><E38/><V50/><F50/><W80/><G4/><T96/><D96/><U76/><REACH who="1" step="1"/><E40/><REACH who="1" ten="407,222,202,159" step="2"/><V41/><F41/><W113/><G36/><T118/><D118/><U105/><E105/><V64/><F100/><W97/><G135/><T129/><D72/><U66/><E66/><V31/><F65/><W112/><G124/><T42/><D42/><U22/><E22/><N who="2" m="13639" /><F126/><W114/><G114/><T8/><D9/><U90/><E90/><N who="2" m="53455" /><F125/><W107/><G107/><T62/><D35/><U128/><E128/><V33/><F33/><W11/><G131/><T19/><D32/><U1/><E1/><V111/><F111/><W92/><G3/><T18/><D129/><U5/><E5/><V130/><F130/><W27/><G11/><T121/><D6/><U102/><E102/><V73/><F73/><W67/><G115/><T46/><D8/><U71/><E71/><V39/><F39/><RYUUKYOKU ba="0,1" sc="407,-15,222,15,202,15,159,-15" hai1="20,24,44,49,52,54,59,63,76,82,84,89,91" hai2="31,60,64,68,83,86,88" /><INIT seed="4,1,1,4,1,24" ten="392,237,217,144" oya="0" hai0="94,70,7,95,19,83,5,116,131,39,21,72,20" hai1="87,57,76,123,43,75,52,51,73,98,12,108,88" hai2="93,99,82,42,25,101,109,29,81,28,14,10,66" hai3="46,117,113,130,77,0,45,18,96,17,48,1,105"/><T102/><D116/><U92/><E108/><V35/><F109/><W68/><G68/><T67/><D39/><U26/><E123/><V106/><F42/><W41/><G117/><T61/><D131/><U128/><E128/><V97/><F66/><W37/><G130/><T78/><D21/><U36/><E36/><V112/><F112/><W120/><G77/><T90/><D102/><U124/><E124/><V125/><F125/><W118/><G118/><T80/><D80/><U100/><E43/><V16/><REACH who="2" step="1"/><F29/><REACH who="2" ten="392,237,207,144" step="2"/><W34/><G113/><T44/><D67/><U91/><E52/><V64/><F64/><W122/><G41/><T62/><D70/><U127/><E127/><V115/><F115/><W54/><G37/><T132/><D132/><U85/><E75/><V59/><F59/><W69/><G122/><T38/><D38/><U47/><E57/><V58/><F58/><W84/><G69/><T53/><D72/><U8/><E73/><V4/><F4/><W11/><G120/><T114/><D5/><U33/><E47/><V135/><F135/><W27/><G46/><T111/><D7/><U134/><E134/><V104/><F104/><W119/><G45/><T56/><D44/><U89/><E51/><V13/><F13/><W3/><G48/><T15/><D114/><U50/><E50/><V63/><F63/><W86/><G105/><T107/><D107/><U30/><REACH who="1" step="1"/><E76/><REACH who="1" ten="392,227,207,144" step="2"/><V133/><F133/><W40/><G119/><T126/><D126/><U121/><E121/><V110/><F110/><W2/><G40/><T79/><D111/><U6/><AGARI ba="1,3" hai="6,8,12,26,30,33,85,87,88,89,91,92,98,100" machi="6" ten="30,8000,1" yaku="1,1,5,1,0,1,52,1,54,1,53,0" doraHai="24" doraHaiUra="74" who="1" fromWho="1" sc="392,-41,227,113,207,-21,144,-21" /><INIT seed="5,0,0,3,1,94" ten="351,340,186,123" oya="1" hai0="50,22,13,117,114,100,92,72,80,6,51,43,127" hai1="98,95,28,0,63,41,122,120,49,131,4,16,31" hai2="5,106,48,84,57,101,26,19,1,53,132,45,75" hai3="8,103,128,113,38,69,55,118,112,60,9,83,119"/><U126/><E131/><V66/><F75/><W105/><G38/><T115/><D117/><U64/><E126/><V30/><F132/><W91/><G128/><T76/><D127/><U39/><E39/><V107/><F1/><W90/><G83/><T73/><D73/><U7/><E0/><V42/><F5/><W110/><G69/><T104/><D104/><U68/><E122/><V47/><F47/><W130/><G130/><T24/><D43/><U23/><E120/><V18/><F66/><W15/><G60/><T96/><D13/><U34/><E34/><V44/><F44/><W56/><G56/><T102/><D102/><U88/><E41/><V36/><F84/><W121/><G55/><T134/><D6/><U79/><E79/><V85/><F85/><W59/><G59/><T123/><D134/><U62/><E49/><V116/><F116/><W124/><G15/><T93/><D92/><U125/><E125/><V29/><F29/><N who="1" m="11337" /><E68/><V87/><F87/><W3/><G124/><T67/><D67/><U11/><E11/><V77/><F77/><W111/><G3/><T89/><D100/><U78/><E78/><V37/><F37/><W32/><G103/><T14/><D123/><U17/><E17/><V2/><F2/><W40/><G121/><T71/><D71/><N who="1" m="42391" /><E63/><V25/><F25/><W81/><G40/><T108/><D24/><N who="1" m="14439" /><E7/><V135/><F135/><W21/><G32/><T74/><D74/><U129/><E129/><V46/><F46/><W61/><G61/><T97/><D76/><U12/><E4/><V82/><F101/><W54/><G119/><RYUUKYOKU ba="0,0" sc="351,-10,340,30,186,-10,123,-10" hai1="12,88,95,98" /><INIT seed="5,1,0,1,3,53" ten="341,370,176,113" oya="1" hai0="123,44,43,90,114,15,134,64,130,131,102,8,128" hai1="40,50,121,104,77,93,30,103,27,80,84,33,125" hai2="48,56,16,13,62,52,109,120,73,21,45,92,58" hai3="2,11,51,5,65,135,76,31,124,132,88,133,39"/><U69/><E121/><V106/><F120/><W116/><G39/><T118/><D123/><U12/><E125/><V17/><F106/><W111/><G111/><T85/><D118/><U38/><E69/><V18/><F73/><W94/><G124/><T108/><D108/><U22/><E104/><V86/><F109/><W71/><G116/><T68/><D102/><U89/><E38/><V112/><F112/><W35/><G76/><T67/><D114/><U23/><E103/><V79/><F58/><W115/><G51/><T46/><D134/><U36/><E36/><V42/><F92/><W0/><G115/><T32/><D32/><U95/><E95/><V7/><F7/><W119/><G0/><T28/><D28/><U20/><E12/><V91/><F91/><W29/><G35/><T3/><D3/><U83/><REACH who="1" step="1"/><E77/><REACH who="1" ten="341,360,176,113" step="2"/><V99/><F99/><N who="3" m="57799" /><G119/><T75/><D68/><U101/><E101/><V26/><F13/><W61/><AGARI ba="1,1" hai="2,5,11,29,31,61,65,71,132,133,135" m="57799" machi="61" ten="40,2700,0" yaku="20,1,54,1" doraHai="53" who="3" fromWho="3" sc="341,-8,360,-14,176,-8,113,40" /><INIT seed="6,0,0,3,0,40" ten="333,346,168,153" oya="2" hai0="110,69,100,80,45,122,76,0,87,102,64,3,105" hai1="132,98,93,118,85,20,129,35,52,51,41,59,36" hai2="101,117,103,57,22,38,23,17,4,14,73,106,28" hai3="50,115,134,60,66,95,12,108,91,88,79,133,10"/><V90/><F73/><W96/><G108/><T124/><D122/><U107/><E35/><V113/><F38/><W42/><G115/><T77/><D110/><U54/><E107/><V68/><F68/><W84/><G79/><T82/><D105/><U125/><E129/><V56/><F117/><W39/><G39/><T70/><D124/><U81/><E132/><V97/><F113/><W99/><G42/><T78/><D64/><U116/><E125/><V21/><F103/><N who="0" m="39466" /><D87/><U32/><E32/><V126/><F126/><W86/><G50/><T92/><D92/><U7/><E7/><V46/><F28/><W30/><G30/><T34/><D34/><U123/><E123/><V55/><F4/><W44/><G44/><T74/><D74/><U33/><E33/><V31/><F31/><W120/><G120/><T135/><D135/><U65/><E36/><V63/><F57/><N who="3" m="37135" /><G134/><T29/><D45/><N who="1" m="26031" /><E118/><V131/><F131/><W48/><G48/><T58/><D58/><U43/><E43/><V109/><F109/><W49/><G49/><T16/><D29/><U62/><E116/><V119/><F119/><W114/><G114/><T89/><D16/><U19/><E19/><V72/><F72/><W15/><G133/><T25/><D25/><U1/><E59/><V111/><F111/><W67/><G67/><T27/><D27/><U53/><E65/><V13/><F13/><N who="3" m="5195" /><G10/><T24/><D24/><U6/><E54/><V112/><F112/><W9/><G9/><T121/><D121/><U11/><E53/><N who="2" m="34191" /><F90/><W94/><AGARI ba="0,0" hai="84,86,88,91,94,95,96,99" m="5195,37135" machi="94" ten="30,2000,0" yaku="8,1,54,1" doraHai="40" who="3" fromWho="3" sc="333,-5,346,-5,168,-10,153,20" /><INIT seed="7,0,0,1,2,99" ten="328,341,158,173" oya="3" hai0="134,40,19,1,37,39,30,131,125,96,115,117,122" hai1="48,71,97,74,12,68,41,50,104,95,2,59,94" hai2="64,4,80,127,5,86,25,36,89,67,85,78,32" hai3="102,120,7,119,111,92,13,132,47,26,58,24,56"/><W124/><G120/><T108/><RYUUKYOKU type="yao9" ba="0,0" sc="328,0,341,0,158,0,173,0" hai0="1,19,30,37,39,40,96,108,115,117,122,125,131,134" /><INIT seed="7,1,0,0,0,23" ten="328,341,158,173" oya="3" hai0="90,79,71,131,103,36,119,60,48,5,28,108,61" hai1="123,26,30,86,93,38,88,3,98,127,63,85,50" hai2="129,49,122,31,91,115,107,53,66,18,117,96,75" hai3="9,77,27,46,51,105,78,70,73,42,83,52,59"/><W43/><G105/><T114/><D119/><U94/><E38/><V120/><F75/><W124/><G70/><T67/><D108/><U45/><E3/><V112/><F117/><W113/><G113/><N who="2" m="43593" /><F66/><W19/><G124/><T15/><D114/><U74/><E123/><N who="2" m="47147" /><F129/><W104/><G104/><T55/><D36/><U32/><E74/><V35/><F18/><W76/><G43/><T10/><D131/><U80/><E63/><V84/><F107/><W17/><G9/><T106/><D79/><U29/><E29/><V116/><F96/><W101/><G101/><T128/><D128/><U109/><E127/><V58/><F116/><W72/><G77/><T111/><D111/><U133/><E133/><V97/><F97/><W0/><G0/><T41/><D90/><U89/><E109/><V16/><F16/><W134/><G134/><T8/><D28/><U1/><E1/><V54/><F54/><W102/><G102/><T6/><D41/><U132/><E132/><V81/><F31/><W24/><G19/><T110/><D110/><U121/><E121/><V65/><F65/><W39/><REACH who="3" step="1"/><G17/><REACH who="3" ten="328,341,158,163" step="2"/><T7/><D71/><U87/><E80/><AGARI ba="1,1" hai="24,27,39,42,46,51,52,59,72,73,76,78,80,83" machi="80" ten="40,18000,2" yaku="1,1,2,1,9,1,52,2,54,1,53,1" doraHai="23" doraHaiUra="68" who="3" fromWho="1" sc="328,0,341,-183,158,0,163,193" owari="328,13.0,158,-24.0,158,-34.0,356,45.0" /></mjloggm>