<mjloggm ver="2.3"><GO type="41" lobby="0"/><UN n0="%58%4A%41%50%41%4E" n1="%E2%93%9D%53%75%70%68%78" n2="%54%48%41%4E%4B" n3="%6B%2E%74%2E" dan="13,17,15,13" rate="1922.58,2049.52,1910.58,1911.59" sx="M,M,F,M"/><TAIKYOKU oya="0"/><INIT seed="0,0,0,0,5,135" ten="250,250,250,250" oya="0" hai0="26,83,124,114,34,81,93,55,111,94,16,41,3" hai1="110,19,75,87,18,13,71,85,77,39,103,97,89" hai2="102,58,50,52,86,122,76,61,48,99,118,74,22" hai3="40,47,108,84,53,109,73,51,128,70,37,106,46"/><T32/><D3/><U17/><E39/><V33/><F33/><W131/><G106/><T67/><D114/><U57/><E71/><V38/><F122/><W66/><G73/><T49/><D41/><U90/><E110/><N who="3" m="42602" /><G84/><T82/><D111/><U130/><E130/><N who="3" m="49706" /><G66/><T25/><D67/><U80/><E57/><V95/><F38/><W8/><G8/><T59/><D124/><U14/><E75/><V11/><F118/><W78/><G78/><T72/><D72/><U21/><E77/><V1/><F22/><W88/><G88/><T101/><D101/><U44/><E44/><V5/><F74/><W27/><G27/><N who="0" m="10251" /><D34/><U30/><E30/><V28/><F28/><W117/><G70/><T43/><D43/><U113/><E113/><V65/><F76/><W96/><G96/><T104/><D104/><U126/><E21/><V36/><F36/><W62/><G62/><T115/><D32/><U132/><E132/><V23/><F86/><W60/><G60/><T119/><D119/><AGARI ba="0,0" hai="37,40,46,47,51,53,117,119" m="49706,42602" machi="119" ten="30,7700,0" yaku="14,1,19,1,34,2" doraHai="135" who="3" fromWho="0" sc="250,-77,250,0,250,0,250,77" /><INIT seed="1,0,0,2,1,104" ten="173,250,250,327" oya="1" hai0="103,26,133,56,77,98,23,115,114,80,44,76,65" hai1="19,38,34,43,106,41,108,109,47,28,0,120,10" hai2="64,94,117,116,16,49,129,113,84,72,62,91,112" hai3="127,118,36,5,50,83,55,70,12,99,18,123,54"/><U48/><E120/><V125/><F49/><W42/><G70/><T20/><D133/><U85/><E106/><V135/><F135/><W59/><G123/><T74/><D77/><U3/><E34/><V53/><F53/><W27/><G127/><T45/><D115/><N who="2" m="44106" /><F125/><W105/><G118/><N who="2" m="45673" /><F16/><W97/><G105/><T131/><D131/><U33/><E43/><V46/><F46/><W2/><G83/><T95/><D114/><U82/><E48/><V111/><F129/><W78/><G78/><T100/><D100/><U57/><E19/><V93/><F111/><N who="1" m="42569" /><E57/><N who="2" m="36943" /><F94/><W13/><G2/><T79/><D79/><N who="1" m="46303" /><E10/><V96/><F96/><N who="3" m="36939" /><G5/><T35/><D35/><U40/><E40/><V107/><F107/><W130/><G130/><T17/><D23/><U126/><E126/><V7/><F7/><W92/><G92/><T22/><D22/><U66/><E66/><V31/><F31/><W15/><G36/><T110/><D110/><U21/><E21/><V63/><F63/><N who="3" m="36343" /><G42/><T4/><D4/><U9/><E9/><V89/><F89/><W86/><G86/><T37/><D37/><U32/><E32/><V1/><F1/><W61/><G61/><T69/><D69/><U101/><E101/><V128/><F128/><W90/><G90/><T124/><D124/><U68/><E68/><V6/><F6/><W8/><G27/><AGARI ba="0,0" hai="0,3,27,28,33,38,41,47" m="46303,42569" machi="27" ten="30,2900,0" yaku="14,1,10,1" doraHai="104" who="1" fromWho="3" sc="173,0,250,29,250,0,327,-29" /><INIT seed="1,1,0,2,5,75" ten="173,279,250,298" oya="1" hai0="131,36,73,21,81,12,119,34,70,124,43,77,10" hai1="72,19,59,69,132,93,15,29,39,96,123,87,94" hai2="133,125,60,45,53,2,106,129,127,118,18,85,51" hai3="122,32,64,5,24,112,50,111,6,104,47,110,1"/><U82/><E123/><V31/><F31/><W84/><G104/><T113/><D113/><U27/><E69/><V23/><F2/><W128/><G64/><T126/><D119/><U7/><E72/><V33/><F33/><W100/><G100/><T25/><D34/><U95/><E39/><V52/><F106/><W86/><G112/><T114/><D114/><U40/><E40/><V135/><F85/><W56/><G56/><T37/><D70/><U17/><E132/><N who="2" m="50763" /><F18/><W92/><G1/><T130/><D43/><U9/><E96/><V66/><F23/><W46/><G128/><N who="0" m="49195" /><D21/><N who="1" m="15599" /><E59/><N who="2" m="37151" /><F129/><W88/><G47/><T97/><D97/><U78/><AGARI ba="1,0" hai="7,9,15,17,19,78,82,87,93,94,95" m="15599" machi="78" ten="30,3000,0" yaku="8,1,52,1" doraHai="75" who="1" fromWho="1" sc="173,-11,279,33,250,-11,298,-11" /><INIT seed="1,2,0,5,0,105" ten="162,312,239,287" oya="1" hai0="17,90,117,35,25,74,44,45,52,120,23,85,129" hai1="108,98,69,13,70,130,50,101,135,34,131,119,125" hai2="61,38,49,5,95,40,16,27,48,99,46,39,94" hai3="123,59,96,79,133,31,9,24,97,42,51,62,114"/><U100/><E119/><V134/><F134/><W83/><G133/><T12/><D117/><U15/><E135/><V104/><F5/><W14/><G123/><T77/><D120/><U22/><E34/><V72/><F104/><W80/><G80/><T121/><D121/><U65/><E50/><V2/><F2/><W57/><G57/><T81/><D129/><N who="1" m="49163" /><E125/><V115/><F115/><W132/><G132/><T18/><D35/><U10/><E65/><V109/><F109/><W91/><G91/><T102/><D102/><N who="1" m="39531" /><E98/><V37/><F49/><W106/><G106/><T110/><D110/><U71/><E108/><V127/><F127/><W21/><G51/><T122/><D122/><U128/><E128/><V67/><F99/><W84/><G42/><T54/><D45/><U63/><E63/><V28/><F28/><W43/><G43/><T118/><D44/><U86/><E22/><V73/><F94/><W56/><G56/><T76/><D76/><U112/><E10/><V103/><F95/><W6/><REACH who="3" step="1"/><G114/><REACH who="3" ten="162,312,239,277" step="2"/><T113/><D113/><U82/><E112/><V111/><F111/><W0/><G0/><T20/><D118/><U89/><AGARI ba="2,1" hai="13,15,69,70,71,82,86,89" m="39531,49163" machi="89" ten="40,2100,0" yaku="19,1" doraHai="105" who="1" fromWho="1" sc="162,-9,312,37,239,-9,277,-9" /><INIT seed="1,3,0,2,2,107" ten="153,349,230,268" oya="1" hai0="87,103,34,109,126,129,68,11,121,0,36,114,93" hai1="104,72,3,78,76,127,43,95,1,44,41,125,5" hai2="13,59,35,106,20,24,134,113,37,17,52,122,111" hai3="10,58,132,130,102,81,19,77,99,46,94,55,80"/><U15/><E104/><V108/><F106/><W71/><G130/><T123/><RYUUKYOKU type="yao9" ba="3,0" sc="153,0,349,0,230,0,268,0" hai0="0,11,34,36,68,87,93,103,109,114,121,123,126,129" /><INIT seed="1,4,0,4,5,23" ten="153,349,230,268" oya="1" hai0="91,6,96,123,107,37,117,66,70,86,15,18,92" hai1="5,128,98,56,40,80,25,42,75,76,7,0,44" hai2="102,9,17,14,43,134,89,39,1,111,59,110,60" hai3="47,103,8,63,130,27,95,71,65,62,32,108,16"/><U41/><E128/><V24/><F102/><W78/><G108/><N who="2" m="41513" /><F1/><W114/><G130/><T20/><D37/><U11/><E7/><V99/><F43/><W52/><G114/><T93/><D117/><U125/><E125/><V28/><F39/><W4/><G78/><T85/><D107/><U2/><E2/><V121/><F121/><W109/><G109/><T120/><D70/><U82/><E82/><V124/><F124/><W127/><G127/><T22/><D66/><U135/><E135/><V83/><F134/><W35/><G4/><T131/><D131/><U72/><E72/><V122/><F122/><N who="0" m="46634" /><D6/><U105/><E56/><V50/><F50/><W118/><G118/><T45/><D45/><U49/><E105/><V3/><F3/><W13/><G35/><T54/><D54/><U115/><E115/><V21/><F99/><W31/><G65/><T10/><D85/><U116/><E116/><V104/><F104/><W133/><G71/><T34/><D34/><U19/><E98/><V112/><F112/><W53/><G133/><T101/><AGARI ba="4,0" hai="10,15,18,20,22,86,91,92,93,96,101" m="46634" machi="101" ten="30,1100,0" yaku="13,1" doraHai="23" who="0" fromWho="0" sc="153,23,349,-9,230,-7,268,-7" /><INIT seed="2,0,0,2,2,45" ten="176,340,223,261" oya="2" hai0="75,1,60,72,130,14,49,19,8,102,35,18,40" hai1="82,112,94,25,53,86,92,0,114,38,9,87,20" hai2="90,4,50,66,48,67,96,129,79,93,61,123,22" hai3="5,131,77,135,110,121,51,30,109,23,39,71,10"/><V97/><F123/><W68/><G39/><T122/><D122/><U78/><E38/><V73/><F4/><W6/><G121/><T89/><D1/><U11/><E0/><V42/><F129/><W100/><G6/><T120/><D120/><U125/><E125/><V16/><F73/><W26/><G77/><T107/><D35/><U3/><E3/><V37/><F79/><W36/><G36/><T24/><D130/><U57/><E114/><V2/><F2/><W117/><G117/><T98/><D60/><U106/><E106/><V111/><F111/><N who="3" m="42507" /><G135/><T99/><D24/><U118/><E118/><V62/><F42/><W103/><G131/><T55/><D40/><U126/><E126/><V127/><F37/><W27/><G27/><T104/><D89/><N who="1" m="53303" /><E94/><N who="2" m="56407" /><F127/><W70/><G10/><T84/><D84/><U133/><E112/><V83/><F83/><W64/><G5/><T52/><D19/><N who="1" m="12447" /><E133/><V119/><F119/><W115/><G64/><N who="2" m="24617" /><F62/><AGARI ba="0,0" hai="9,11,53,57,62,78,82,87" m="12447,53303" machi="62" ten="30,1000,0" yaku="8,1" doraHai="45" who="1" fromWho="2" sc="176,0,340,10,223,-10,261,0" /><INIT seed="3,0,0,2,4,134" ten="176,350,213,261" oya="3" hai0="123,114,36,41,99,54,131,86,85,16,28,60,97" hai1="92,74,105,125,115,46,27,122,66,127,79,67,100" hai2="55,42,108,50,40,75,35,13,83,117,14,33,78" hai3="21,95,39,91,107,58,88,32,4,128,2,30,80"/><W119/><G107/><T34/><D123/><U56/><E115/><V61/><F108/><W68/><G68/><T25/><D114/><U135/><E135/><V101/><F101/><W71/><G71/><T57/><D131/><U65/><E122/><V132/><F132/><W31/><G119/><T44/><D99/><U19/><E105/><V76/><F61/><W81/><G39/><T102/><REACH who="0" step="1"/><D16/><REACH who="0" ten="166,350,213,261" step="2"/><U1/><E19/><V96/><F96/><W38/><G128/><T113/><D113/><U37/><E100/><V20/><F117/><W104/><G104/><AGARI ba="0,1" hai="25,28,34,36,41,44,54,57,60,85,86,97,102,104" machi="104" ten="30,3900,0" yaku="1,1,7,1,53,1" doraHai="134" doraHaiUra="94" who="0" fromWho="3" sc="166,49,350,0,213,0,261,-39" /><INIT seed="4,0,0,4,0,64" ten="215,350,213,222" oya="0" hai0="120,23,96,27,21,119,118,43,107,82,87,24,35" hai1="127,89,94,91,111,71,130,116,85,16,99,83,104" hai2="28,97,41,121,78,101,103,133,13,129,57,132,11" hai3="50,68,33,40,105,108,2,14,25,131,36,54,12"/><T39/><D120/><U51/><E111/><V84/><F28/><W9/><G108/><T56/><D39/><U112/><E116/><V74/><F41/><W47/><G131/><T124/><D43/><U125/><E130/><V77/><F57/><W1/><G14/><T98/><D107/><U8/><E112/><V46/><F46/><W80/><G105/><T79/><D35/><U122/><E122/><V26/><F26/><W55/><G55/><T45/><D45/><U126/><E104/><V17/><F129/><W53/><G53/><T86/><D56/><U52/><E71/><V81/><F121/><W73/><G68/><T44/><D44/><N who="1" m="27751" /><E8/><V32/><F32/><W95/><G95/><T38/><D38/><U15/><E15/><V19/><F19/><AGARI ba="0,0" hai="16,19,83,85,89,91,94,99,125,126,127" m="27751" machi="19" ten="30,3900,0" yaku="18,1,54,2" doraHai="64" who="1" fromWho="2" sc="215,0,350,39,213,-39,222,0" /><INIT seed="5,0,0,0,3,101" ten="215,389,174,222" oya="1" hai0="16,130,11,62,107,19,4,109,9,95,2,90,56" hai1="54,86,39,99,113,45,47,0,114,69,51,93,126" hai2="66,8,104,123,55,41,83,46,119,74,33,68,108" hai3="133,72,80,97,18,21,111,57,81,106,13,34,48"/><U78/><E0/><V118/><F55/><W105/><G111/><T58/><D109/><U26/><E126/><V120/><F8/><W75/><G34/><T49/><D130/><U77/><E69/><V102/><F46/><W25/><G133/><T29/><D29/><U59/><E26/><V23/><F23/><W124/><G97/><T37/><D37/><U76/><E86/><V70/><F41/><W84/><G124/><T17/><D49/><U89/><REACH who="1" step="1"/><E39/><REACH who="1" ten="215,379,174,222" step="2"/><V71/><F108/><W112/><G112/><AGARI ba="0,1" hai="45,47,51,54,59,76,77,78,89,93,99,112,113,114" machi="112" ten="40,7700,0" yaku="1,1,2,1,15,1,53,0" doraHai="101" doraHaiUra="64" who="1" fromWho="3" sc="215,0,379,87,174,0,222,-77" /><INIT seed="5,1,0,1,1,121" ten="215,466,174,145" oya="1" hai0="2,34,133,1,38,108,70,15,69,118,52,58,54" hai1="13,32,97,86,84,21,4,43,68,49,8,114,33" hai2="62,18,26,31,79,48,81,65,5,120,101,51,14" hai3="71,78,23,131,94,60,98,113,119,72,115,117,56"/><U99/><E114/><N who="3" m="43530" /><G71/><T100/><D38/><U109/><E21/><V37/><F37/><W112/><G23/><T29/><D118/><N who="3" m="45065" /><G56/><T11/><D34/><U75/><E86/><V61/><F5/><W35/><G60/><T93/><D29/><U80/><E99/><V66/><F120/><W128/><G35/><T124/><D124/><U74/><E74/><V122/><F122/><W116/><N who="3" m="45073" /><W55/><N who="3" m="43538" /><DORA hai="125" /><W82/><DORA hai="25" /><G55/><T107/><D107/><U42/><E42/><V134/><F134/><W20/><G20/><T39/><D39/><U17/><E43/><V91/><F14/><W16/><G16/><T57/><D100/><AGARI ba="1,0" hai="72,78,82,94,98,100,128,131" m="45073,43538" machi="100" ten="60,12000,2" yaku="15,1,12,1,34,2,52,2" doraHai="121,125,25" who="3" fromWho="0" sc="215,-123,466,0,174,0,145,123" /><INIT seed="6,0,0,0,4,88" ten="92,466,174,268" oya="2" hai0="60,39,48,80,21,2,87,129,52,99,97,62,0" hai1="84,50,54,101,37,117,6,25,68,131,115,22,102" hai2="56,1,128,34,29,71,23,20,127,76,57,98,65" hai3="59,105,116,14,13,42,41,118,91,96,119,121,120"/><V46/><F1/><W79/><G79/><T69/><D39/><U85/><E115/><V5/><F5/><W8/><G105/><T123/><D123/><U63/><E131/><V17/><F128/><W109/><G109/><T94/><D129/><U103/><E117/><V83/><F46/><W93/><G59/><T53/><D69/><U32/><E32/><V126/><F29/><W90/><G90/><T45/><D21/><U130/><E63/><N who="2" m="40383" /><F34/><W89/><G91/><T58/><D62/><U19/><E37/><V43/><F43/><W40/><REACH who="3" step="1"/><G8/><REACH who="3" ten="92,466,174,258" step="2"/><T28/><D28/><U74/><E130/><V95/><F56/><W104/><G104/><T44/><D44/><U72/><E68/><V7/><F57/><W18/><G18/><T135/><D135/><U64/><E19/><V67/><F17/><W82/><G82/><T33/><D33/><U86/><E22/><V125/><F7/><W133/><G133/><T49/><D60/><U3/><E6/><V75/><F67/><W70/><G70/><T108/><D108/><U92/><E64/><V132/><F132/><W111/><G111/><T26/><D26/><U35/><E35/><V110/><F110/><W55/><G55/><T31/><D31/><U107/><E54/><V24/><F24/><W27/><G27/><T78/><REACH who="0" step="1"/><D99/><REACH who="0" ten="82,466,174,258" step="2"/><U73/><E25/><V16/><F16/><W30/><G30/><T106/><D106/><U9/><E107/><V10/><F10/><W38/><G38/><T100/><AGARI ba="0,2" hai="0,2,45,48,49,52,53,58,78,80,87,94,97,100" machi="100" ten="20,8000,1" yaku="1,1,0,1,7,1,52,1,54,1,53,0" doraHai="88" doraHaiUra="124" who="0" fromWho="0" sc="82,100,466,-20,174,-40,258,-20" /><INIT seed="7,0,0,3,2,124" ten="182,446,134,238" oya="3" hai0="127,53,16,105,19,79,103,83,45,121,40,102,67" hai1="85,11,69,93,23,114,134,97,128,98,125,46,126" hai2="70,18,17,71,113,37,32,13,59,60,81,77,54" hai3="1,95,8,117,61,14,20,131,3,84,122,130,78"/><W64/><G122/><T33/><D33/><U30/><E134/><V100/><F37/><W57/><G117/><T5/><D121/><U38/><E114/><V116/><F116/><W58/><G57/><T28/><D28/><U88/><E128/><N who="3" m="49194" /><G20/><T62/><D127/><N who="1" m="48651" /><E11/><V89/><F32/><W9/><G9/><T49/><D5/><U86/><E69/><V21/><F113/><W41/><G41/><T51/><D105/><U66/><E66/><V65/><F100/><N who="0" m="38442" /><D67/><U27/><E98/><V68/><F18/><N who="3" m="8519" /><G95/><T135/><D135/><U90/><E93/><V119/><F119/><W99/><G99/><T109/><D109/><U92/><E97/><V76/><F89/><N who="1" m="34409" /><E92/><V48/><REACH who="2" step="1"/><F76/><REACH who="2" ten="182,446,124,238" step="2"/><W63/><G63/><T31/><D62/><U80/><E23/><V7/><F7/><W52/><G64/><T34/><D34/><U26/><E30/><V56/><F56/><W107/><G107/><T133/><D133/><U42/><E38/><V2/><F2/><W87/><G78/><T35/><D35/><U44/><E44/><V55/><F55/><W24/><G24/><T0/><D0/><AGARI ba="0,1" hai="0,1,3,52,58,61,84,87" m="8519,49194" machi="0" ten="30,12000,1" yaku="19,1,52,3,54,1" doraHai="124" who="3" fromWho="0" sc="182,-120,446,0,124,0,238,130" /><INIT seed="7,1,0,3,4,36" ten="62,446,124,368" oya="3" hai0="84,12,37,49,77,15,26,56,80,47,33,126,59" hai1="58,6,82,108,20,91,76,13,43,65,27,89,23" hai2="98,130,38,48,70,40,5,115,35,100,34,104,54" hai3="88,71,85,78,135,103,75,93,119,8,111,46,3"/><W53/><G71/><T44/><D126/><U21/><E43/><V9/><F70/><W124/><G119/><T72/><D72/><U0/><E0/><V61/><F115/><W7/><G124/><T66/><D37/><U83/><E108/><V25/><F130/><W116/><G116/><T55/><D33/><U99/><E99/><V30/><F61/><W114/><G114/><T32/><D32/><U4/><E27/><V123/><F123/><W11/><G111/><T31/><D31/><U112/><E13/><V125/><F125/><W52/><G46/><T1/><D1/><U86/><E112/><V64/><F64/><W92/><G135/><T69/><D69/><U67/><E58/><V117/><F117/><W109/><G11/><T131/><D131/><U16/><E16/><V101/><F101/><W18/><G18/><T106/><D106/><U29/><E29/><V50/><F54/><W94/><G109/><T62/><REACH who="0" step="1"/><D26/><REACH who="0" ten="52,446,124,368" step="2"/><U24/><E24/><V128/><F35/><W42/><G42/><T28/><D28/><U81/><E76/><V79/><F79/><W105/><G92/><T121/><D121/><U68/><E68/><V14/><F128/><W96/><G93/><T74/><D74/><U107/><E107/><V22/><F34/><W97/><REACH who="3" step="1"/><G96/><REACH who="3" ten="52,446,124,358" step="2"/><T118/><D118/><U51/><E6/><V90/><F104/><W133/><G133/><T102/><D102/><U60/><E4/><V129/><F129/><W95/><G95/><T10/><D10/><U2/><E91/><V57/><F90/><W134/><G134/><T45/><AGARI ba="1,2" hai="12,15,44,45,47,49,55,56,59,62,66,77,80,84" machi="45" ten="30,7900,0" yaku="1,1,5,1,0,1,8,1,53,0" doraHai="36" doraHaiUra="113" who="0" fromWho="0" sc="52,102,446,-21,124,-21,358,-40" owari="154,-25.0,425,53.0,103,-40.0,318,12.0" /></mjloggm>