<mjloggm ver="2.3"><GO type="41" lobby="0"/><UN n0="%E7%B5%90%E5%B1%80%E3%81%AF%E8%96%AC%E5%B1%80" n1="%E3%81%BD%E3%81%A3%E3%81%BD%E3%82%84%E3%81%95%E3%82%93" n2="%E2%93%9D%53%75%70%68%78" n3="%E3%83%81%E3%83%A7%E3%82%AD%E3%83%B3%E3%83%8B%E3%82%AF" dan="13,15,17,13" rate="1837.33,2074.60,2049.40,1872.33" sx="M,M,M,M"/><TAIKYOKU oya="0"/><INIT seed="0,0,0,3,4,82" ten="250,250,250,250" oya="0" hai0="32,125,9,85,107,5,119,8,63,121,39,45,48" hai1="75,21,20,1,0,83,38,67,7,135,54,55,62" hai2="43,22,79,4,113,110,68,36,69,97,86,73,12" hai3="81,131,59,123,16,13,87,116,76,33,109,66,78"/><T24/><D39/><U61/><E38/><V2/><F113/><W50/><G116/><T100/><D121/><U101/><E83/><V52/><F110/><W51/><G33/><T127/><D119/><U106/><E67/><V98/><F2/><W19/><G109/><T65/><D107/><U42/><E42/><V41/><F73/><W120/><G131/><T71/><D100/><U34/><E34/><V37/><F4/><W80/><G19/><T10/><D5/><U14/><E7/><V132/><F22/><W103/><G103/><T134/><D134/><U31/><E14/><V6/><F6/><W117/><G117/><T15/><D15/><U28/><E101/><V77/><F12/><W18/><G18/><T122/><D122/><N who="3" m="46633" /><G66/><T95/><D24/><U96/><E96/><V90/><F90/><W64/><G64/><T88/><REACH who="0" step="1"/><D32/><REACH who="0" ten="240,250,250,250" step="2"/><U91/><E106/><V102/><F102/><W46/><G46/><T27/><D27/><U104/><E104/><V89/><F132/><W40/><G78/><T129/><D129/><U112/><E135/><V17/><F79/><W49/><G76/><T44/><D44/><U126/><E112/><V29/><F77/><W99/><G13/><T60/><D60/><U47/><E47/><V26/><F37/><W11/><G11/><T57/><D57/><U118/><E118/><V25/><F36/><W133/><G59/><T111/><D111/><U35/><E35/><V70/><F26/><W23/><G133/><T114/><D114/><U93/><E61/><V58/><F58/><W3/><G3/><T105/><D105/><RYUUKYOKU ba="0,1" sc="240,30,250,-10,250,-10,250,-10" hai0="8,9,10,45,48,63,65,71,85,88,95,125,127" /><INIT seed="0,1,1,5,4,31" ten="270,240,240,240" oya="0" hai0="44,106,113,84,47,83,28,91,77,121,0,4,101" hai1="74,49,65,59,25,86,35,103,58,117,24,129,9" hai2="127,56,120,92,122,95,100,50,48,43,14,38,109" hai3="128,63,37,75,87,67,96,135,42,51,30,80,2"/><T39/><D121/><U98/><E74/><V27/><F109/><W81/><G81/><T23/><D113/><U132/><E117/><V112/><F38/><W73/><G2/><T124/><D39/><U52/><E132/><V110/><F127/><W12/><G37/><T64/><D64/><U10/><E129/><V88/><F110/><W29/><G128/><T32/><D0/><U118/><E118/><V3/><F3/><W1/><G1/><T53/><D4/><U105/><E86/><V70/><F70/><W104/><G75/><T5/><D5/><U116/><E116/><V114/><F27/><W94/><G104/><T15/><D15/><U8/><REACH who="1" step="1"/><E35/><REACH who="1" ten="270,230,240,240" step="2"/><V57/><F114/><W108/><G73/><T62/><D32/><U60/><AGARI ba="1,2" hai="8,9,10,24,25,49,52,58,59,60,65,98,103,105" machi="60" ten="30,7900,0" yaku="1,1,2,1,0,1,54,1,53,0" doraHai="31" doraHaiUra="126" who="1" fromWho="1" sc="270,-40,230,102,240,-21,240,-21" /><INIT seed="1,0,0,3,1,94" ten="230,332,219,219" oya="1" hai0="96,26,101,22,113,73,61,110,41,66,46,29,19" hai1="68,83,31,125,118,48,98,30,34,100,10,111,93" hai2="38,47,15,129,79,14,27,3,36,12,21,57,55" hai3="84,16,76,32,85,107,6,95,5,71,44,104,4"/><U120/><E118/><V116/><F3/><W117/><G32/><T133/><D110/><U131/><E120/><V8/><F116/><W82/><G71/><T78/><D133/><U112/><E111/><V64/><F129/><W69/><G69/><T122/><D122/><U13/><E131/><V24/><F79/><W1/><G1/><T33/><D113/><U67/><E125/><V87/><F64/><W134/><G134/><T102/><D102/><U80/><E112/><V77/><F47/><W86/><G44/><T103/><D103/><U65/><E34/><V127/><F8/><W50/><G50/><T49/><D73/><U124/><E124/><V89/><F77/><W54/><G54/><T123/><D78/><U108/><E108/><V35/><F35/><W39/><G39/><T59/><D123/><U121/><E121/><V81/><F27/><W74/><G117/><T90/><D90/><U119/><E119/><V51/><REACH who="2" step="1"/><F127/><REACH who="2" ten="230,332,209,219" step="2"/><W62/><G74/><T43/><D43/><U72/><E67/><V115/><F115/><W106/><G76/><T63/><D33/><U128/><E72/><V75/><F75/><W37/><G37/><T132/><D132/><U20/><E128/><V45/><F45/><W9/><G82/><T58/><D66/><U40/><E65/><V99/><F99/><W97/><G97/><T109/><D109/><U70/><E83/><V135/><F135/><W92/><REACH who="3" step="1"/><G62/><REACH who="3" ten="230,332,209,209" step="2"/><N who="0" m="23563" /><D96/><U17/><E80/><V2/><F2/><W105/><N who="3" m="26624" /><DORA hai="18" /><W88/><G88/><T11/><D101/><U23/><E100/><V7/><F7/><RYUUKYOKU ba="0,2" sc="230,10,332,-30,209,10,209,10" hai0="11,19,22,26,29,41,46,49,58,59" hai2="12,14,15,21,24,36,38,51,55,57,81,87,89" hai3="4,5,6,9,16,84,85,86,92,95" /><INIT seed="2,1,2,0,0,52" ten="240,302,219,219" oya="2" hai0="127,126,121,101,16,90,28,57,130,94,83,35,119" hai1="106,5,67,77,2,27,33,61,8,92,80,9,97" hai2="88,18,17,4,31,59,108,13,19,65,22,41,26" hai3="124,53,122,76,3,91,103,98,120,73,25,30,54"/><V104/><F104/><W93/><G3/><T72/><D121/><U82/><E8/><N who="2" m="4231" /><F108/><W132/><G132/><T38/><D38/><U99/><E99/><V75/><F75/><W85/><G124/><N who="0" m="47659" /><D119/><U134/><E134/><V24/><F41/><W78/><G78/><N who="0" m="44487" /><D101/><U109/><E109/><V110/><F110/><W71/><G71/><T58/><D130/><U51/><E106/><V123/><F123/><W131/><G131/><T100/><D100/><U15/><E2/><V7/><F7/><W1/><G1/><T55/><D55/><U113/><E113/><V112/><F112/><W14/><G14/><T135/><D135/><U20/><E33/><V96/><F26/><W118/><G118/><T39/><D39/><U34/><E34/><V69/><F69/><W60/><G122/><T128/><D128/><U37/><E37/><V42/><F42/><W117/><G117/><T40/><D40/><U95/><E27/><V44/><F44/><W87/><G120/><T21/><D35/><U111/><E111/><V74/><F74/><W107/><G54/><T125/><D125/><U63/><E5/><V46/><F46/><W47/><G47/><T70/><D70/><U6/><E6/><V23/><F23/><N who="3" m="15679" /><G53/><T79/><D79/><U36/><E77/><V66/><F59/><W102/><G60/><T114/><D114/><U86/><E63/><V48/><F48/><W12/><G103/><T11/><D11/><U84/><E61/><V62/><F62/><W105/><G12/><N who="0" m="9351" /><D28/><U49/><E36/><V81/><F81/><N who="3" m="45199" /><G107/><T32/><D32/><U133/><E133/><RYUUKYOKU ba="1,2" sc="240,10,302,-30,219,10,219,10" hai0="57,58,90,94" hai2="17,18,19,22,24,31,65,66,88,96" hai3="85,87,91,93,98,102,105" /><INIT seed="2,2,2,1,1,19" ten="250,272,229,229" oya="2" hai0="118,55,122,105,21,61,54,39,33,78,120,124,101" hai1="126,86,79,31,65,18,36,15,51,37,28,107,11" hai2="40,134,3,62,80,93,5,20,67,46,83,59,125" hai3="63,13,82,132,102,85,0,113,45,8,16,48,127"/><V35/><F35/><W116/><G116/><T1/><D33/><U44/><E107/><V23/><F125/><W133/><G127/><T77/><D124/><U108/><E126/><V29/><F134/><N who="3" m="51819" /><G113/><T73/><D39/><U95/><E108/><V9/><F93/><W88/><G102/><T114/><D1/><U69/><E37/><V6/><F6/><W75/><G75/><T99/><D114/><U106/><E106/><V12/><F3/><W14/><G63/><T104/><D118/><U66/><E36/><V112/><F112/><W4/><G16/><T89/><D61/><U26/><E69/><V97/><F97/><W30/><G30/><N who="1" m="11306" /><E26/><V17/><F29/><W42/><AGARI ba="2,2" hai="0,4,8,13,14,42,45,48,82,85,88" m="51819" machi="42" ten="30,2000,0" yaku="20,1,54,1" doraHai="19" who="3" fromWho="3" sc="250,-7,272,-7,229,-12,229,46" /><INIT seed="3,0,0,5,4,30" ten="243,265,217,275" oya="3" hai0="36,63,104,38,53,97,111,31,96,33,15,91,57" hai1="19,55,131,76,115,105,62,95,78,47,109,82,34" hai2="116,12,94,70,41,128,101,118,20,39,18,64,88" hai3="0,84,67,32,61,58,7,119,80,93,54,5,60"/><W114/><G114/><T87/><D111/><U40/><E105/><V123/><F128/><W35/><G119/><T120/><D120/><U25/><E115/><V46/><F123/><W124/><G93/><T125/><D125/><U99/><E131/><V23/><F101/><W11/><G5/><T102/><D97/><U26/><E109/><V6/><F6/><W77/><REACH who="3" step="1"/><G124/><REACH who="3" ten="243,265,217,265" step="2"/><T9/><D104/><U27/><E95/><V83/><F118/><W14/><G14/><T135/><D15/><U66/><E25/><V17/><F116/><W117/><G117/><T51/><D135/><U89/><E26/><V106/><F106/><W2/><G2/><T21/><D36/><U75/><E27/><V43/><F39/><W3/><G3/><T13/><D38/><U98/><E82/><V37/><F83/><W16/><G16/><T108/><D13/><U127/><E19/><V73/><F18/><W79/><G79/><T44/><D108/><U126/><E76/><V110/><F110/><W81/><G81/><T68/><D31/><U10/><E78/><V42/><F12/><W69/><AGARI ba="0,1" hai="0,7,11,32,35,54,58,60,61,67,69,77,80,84" machi="69" ten="20,18000,2" yaku="1,1,0,1,7,1,52,2,53,1" doraHai="30" doraHaiUra="49" who="3" fromWho="3" sc="243,-60,265,-60,217,-60,265,190" /><INIT seed="3,1,0,1,4,82" ten="183,205,157,455" oya="3" hai0="112,128,121,78,77,15,96,102,34,94,37,95,40" hai1="36,4,76,113,81,120,127,55,50,29,2,48,107" hai2="57,47,20,83,16,109,123,93,45,103,111,51,89" hai3="97,75,110,43,134,56,73,31,35,119,28,32,63"/><W84/><G119/><T60/><D34/><U17/><E120/><V126/><F126/><W125/><G125/><T87/><D121/><U12/><E107/><V105/><F123/><W9/><G43/><T33/><D33/><U69/><E69/><V80/><F103/><W86/><G9/><T88/><D37/><U18/><E36/><V21/><F21/><W117/><G134/><T130/><D40/><U42/><E29/><V100/><F100/><W19/><G19/><T114/><D60/><U71/><E71/><V54/><F105/><W129/><G129/><N who="0" m="49771" /><D15/><U135/><E135/><V49/><F111/><W14/><G14/><T64/><D64/><U26/><E127/><V106/><F109/><W118/><G110/><T0/><D0/><U67/><E67/><V90/><F106/><W46/><G56/><T68/><D68/><U59/><E2/><V72/><F72/><W116/><G116/><T91/><D91/><U79/><E26/><N who="2" m="14599" /><F90/><W27/><G27/><T58/><D58/><U65/><E65/><V24/><F24/><W25/><G25/><T39/><D39/><U6/><E6/><V66/><F66/><W5/><G5/><T98/><D98/><U13/><E4/><V131/><F131/><W23/><G46/><N who="2" m="17417" /><F51/><W108/><G108/><T53/><D53/><U99/><E42/><V38/><F38/><W70/><G70/><T3/><D3/><U52/><E59/><V101/><F101/><W30/><G63/><T11/><D11/><U10/><E99/><AGARI ba="1,0" hai="49,54,57,80,83,89,93,99" m="17417,14599" machi="99" ten="30,2000,0" yaku="8,1,54,1" doraHai="82" who="2" fromWho="1" sc="183,0,205,-23,157,23,455,0" /><INIT seed="4,0,0,2,3,53" ten="183,182,180,455" oya="0" hai0="20,31,57,46,100,72,78,37,48,79,65,119,2" hai1="16,19,38,51,107,81,21,17,126,40,69,111,8" hai2="127,6,62,105,95,74,54,98,63,73,39,76,97" hai3="24,130,44,115,101,4,120,33,94,45,113,36,42"/><T50/><D119/><U108/><E107/><V28/><F39/><W102/><G130/><T67/><D2/><U85/><E38/><V30/><F105/><W112/><G4/><T92/><D37/><U106/><E69/><V83/><F6/><W93/><G120/><T103/><D72/><U34/><E34/><V121/><F127/><W88/><G45/><T104/><D104/><U25/><E106/><V117/><F121/><W52/><G52/><N who="0" m="31879" /><D31/><U59/><E126/><V55/><F95/><N who="3" m="36363" /><G88/><T9/><D9/><U29/><E8/><V77/><REACH who="2" step="1"/><F83/><REACH who="2" ten="183,182,170,455" step="2"/><W15/><G36/><T96/><D103/><U110/><E110/><V41/><F41/><W0/><G102/><T1/><D1/><U71/><E111/><V75/><F75/><W3/><G101/><T118/><D118/><AGARI ba="0,1" hai="28,30,54,55,62,63,73,74,76,77,97,98,117,118" machi="118" ten="25,3200,0" yaku="1,1,22,2,53,0" doraHai="53" doraHaiUra="80" who="2" fromWho="0" sc="183,-32,182,0,170,42,455,0" /><INIT seed="5,0,0,3,2,41" ten="151,182,212,455" oya="1" hai0="34,82,4,14,15,71,45,32,130,28,37,52,54" hai1="85,55,10,92,79,39,1,16,26,57,115,66,95" hai2="107,78,51,88,123,94,105,93,3,72,126,96,59" hai3="12,20,70,38,29,63,18,49,134,50,36,84,53"/><U81/><E39/><V40/><F3/><W118/><G118/><T25/><D71/><U9/><E115/><V75/><F59/><W132/><G29/><T2/><D2/><U91/><E66/><V106/><F51/><N who="3" m="19467" /><G84/><T58/><D32/><U30/><E1/><V120/><F40/><W73/><G73/><N who="2" m="28233" /><F126/><W67/><G53/><T11/><D130/><U131/><E131/><V100/><F78/><W47/><G47/><T83/><D37/><U110/><E110/><V33/><F33/><W90/><G90/><T35/><D45/><U61/><E92/><V112/><F112/><W13/><G13/><T86/><D35/><U21/><REACH who="1" step="1"/><E30/><REACH who="1" ten="151,172,212,455" step="2"/><V129/><F129/><W103/><G38/><T89/><D83/><U122/><E122/><V124/><F124/><W102/><G36/><T76/><D76/><U60/><E60/><V68/><F68/><W19/><G70/><T44/><D44/><U7/><E7/><V109/><F109/><W111/><G111/><T114/><D114/><U74/><AGARI ba="0,1" hai="9,10,16,21,26,55,57,61,74,79,81,85,91,95" machi="74" ten="20,7800,0" yaku="1,1,0,1,7,1,54,1,53,0" doraHai="41" doraHaiUra="98" who="1" fromWho="1" sc="151,-26,172,88,212,-26,455,-26" /><INIT seed="5,1,0,0,4,99" ten="125,260,186,429" oya="1" hai0="95,78,110,93,72,80,70,23,76,2,113,16,106" hai1="92,19,40,74,64,38,30,52,104,114,68,62,87" hai2="123,98,97,118,121,58,24,90,17,116,77,5,120" hai3="73,25,7,63,22,119,125,131,112,6,86,18,39"/><U33/><E74/><V13/><F77/><W32/><G73/><T133/><D2/><U21/><E104/><V34/><F58/><W127/><G39/><T14/><D106/><U71/><E114/><V28/><F98/><W35/><G112/><T1/><D1/><U107/><E107/><V57/><F57/><W44/><G119/><N who="2" m="45609" /><F90/><W51/><G63/><T46/><D113/><U88/><E38/><V56/><F97/><W29/><G131/><T81/><D110/><U101/><E40/><V41/><F56/><W105/><G86/><T129/><D133/><U130/><E52/><V94/><F94/><W37/><G37/><T26/><D129/><U66/><E130/><V49/><F49/><W83/><G83/><T53/><D70/><U134/><E101/><V20/><F41/><W108/><G108/><T45/><D45/><U85/><E85/><V27/><F5/><N who="3" m="1547" /><G105/><T12/><D46/><U126/><E134/><V47/><F47/><W82/><G82/><T89/><D53/><U10/><E126/><N who="3" m="48138" /><G35/><T36/><D36/><U48/><E48/><V3/><F3/><W4/><G4/><T67/><D67/><N who="1" m="25643" /><E33/><V59/><F59/><W91/><G32/><T96/><REACH who="0" step="1"/><D95/><REACH who="0" ten="115,260,186,429" step="2"/><U79/><E71/><V50/><F50/><W103/><G51/><T122/><D122/><U60/><E68/><V69/><F69/><W65/><G65/><T43/><D43/><U135/><E135/><V9/><F123/><W75/><G44/><T102/><D102/><U117/><E117/><V84/><F84/><AGARI ba="1,1" hai="12,14,16,23,26,72,76,78,80,81,84,89,93,96" machi="84" ten="30,3900,0" yaku="1,1,7,1,54,1,53,0" doraHai="99" doraHaiUra="54" who="0" fromWho="2" sc="115,52,260,0,186,-42,429,0" /><INIT seed="6,0,0,0,5,76" ten="167,260,144,429" oya="2" hai0="97,99,5,41,128,27,58,61,120,40,39,71,68" hai1="130,84,50,135,69,81,29,47,79,75,92,26,23" hai2="45,74,31,134,102,114,63,24,36,10,87,110,12" hai3="34,104,17,100,83,86,96,123,33,1,109,132,66"/><V117/><F117/><W122/><G109/><T105/><D120/><U90/><E69/><V52/><F74/><W7/><G132/><T118/><D118/><U38/><E135/><V85/><F134/><W43/><G66/><T54/><D128/><U111/><E130/><V94/><F114/><W56/><G56/><T42/><D39/><U82/><E111/><V37/><F110/><W53/><G53/><T28/><D5/><U14/><E38/><V112/><F112/><W115/><G43/><T80/><D99/><U35/><E14/><V55/><F37/><W51/><G51/><T0/><D0/><U133/><E133/><V72/><F72/><W2/><G115/><T57/><D57/><U65/><E65/><V18/><F36/><W89/><G1/><T44/><D44/><U95/><E35/><V98/><F55/><AGARI ba="0,0" hai="23,26,29,47,50,55,75,79,81,82,84,90,92,95" machi="55" ten="30,3900,0" yaku="7,1,52,2" doraHai="76" who="1" fromWho="2" sc="167,0,260,39,144,-39,429,0" /><INIT seed="7,0,0,0,3,3" ten="167,299,105,429" oya="3" hai0="111,53,60,71,133,9,96,11,78,65,88,61,38" hai1="42,12,69,79,54,52,99,40,22,16,114,35,2" hai2="120,124,1,113,125,97,51,20,118,70,67,26,57" hai3="87,55,58,48,31,4,68,43,62,29,95,127,50"/><W23/><G127/><T75/><D111/><U123/><E123/><V64/><F1/><W5/><G68/><T18/><D38/><U66/><E35/><V122/><F97/><W84/><G43/><T82/><D133/><U112/><E79/><V59/><F20/><W129/><G129/><T10/><D60/><U104/><E69/><V56/><F26/><N who="3" m="16607" /><G31/><T128/><D53/><N who="1" m="20587" /><E66/><N who="2" m="25131" /><F70/><W110/><G110/><T46/><D46/><U135/><E99/><V76/><F76/><W19/><G19/><T117/><D117/><U91/><E91/><V44/><F113/><N who="1" m="43625" /><E104/><V0/><F0/><W126/><G126/><N who="2" m="48745" /><F118/><W90/><G87/><T130/><D128/><U24/><E135/><V106/><F106/><W108/><G108/><T33/><D33/><U7/><E24/><V63/><F63/><W107/><G107/><T15/><D130/><U121/><E121/><N who="2" m="46699" /><F44/><W115/><G115/><T41/><D71/><U39/><E39/><V134/><F134/><W34/><G34/><T32/><D32/><U6/><E2/><V85/><F85/><W89/><G89/><T49/><D88/><U98/><E98/><V86/><F86/><W36/><G36/><T119/><D96/><U14/><E14/><V132/><F132/><W83/><G95/><T94/><D94/><U72/><E72/><V27/><F27/><W37/><G37/><T74/><D119/><U92/><E92/><V30/><F30/><W103/><G90/><T73/><D75/><U21/><E21/><V93/><F93/><W25/><G84/><T100/><D74/><U81/><E81/><V80/><F80/><RYUUKYOKU ba="0,0" sc="167,-15,299,15,105,15,429,-15" hai1="6,7,12,16,22,40,42" hai2="51,56,57,59" owari="152,-25.0,314,11.0,120,-38.0,414,52.0" /></mjloggm>