<mjloggm ver="2.3"><GO type="41" lobby="0"/><UN n0="%E9%87%8E%E4%B8%AD%E6%99%B4" n1="%EF%BC%92%E3%81%A1%E3%81%87" n2="%E2%93%9D%53%75%70%68%78" n3="%62%6C%75%65%73%74%65%70" dan="14,14,18,13" rate="1981.55,1895.74,2143.22,1958.15" sx="F,M,M,M"/><TAIKYOKU oya="0"/><INIT seed="0,0,0,2,5,126" ten="250,250,250,250" oya="0" hai0="123,54,41,130,3,57,58,71,85,79,29,131,118" hai1="94,12,104,72,31,98,60,9,111,129,25,39,89" hai2="105,14,116,64,0,77,18,26,62,97,47,32,107" hai3="113,70,19,49,59,82,112,90,6,2,127,91,87"/><T100/><D118/><U53/><E72/><V80/><F0/><W133/><G70/><T122/><D3/><U88/><E111/><V132/><F132/><W83/><G127/><T35/><D71/><U134/><E39/><V110/><F110/><W69/><G69/><T46/><D100/><U65/><E134/><V34/><F47/><W22/><G133/><T8/><D8/><U95/><E53/><V101/><F107/><W55/><G6/><T119/><D119/><U124/><E124/><V4/><F4/><W125/><G2/><T28/><D79/><U23/><E104/><V15/><F116/><W11/><G11/><T1/><D1/><U16/><E129/><N who="0" m="49161" /><D85/><U106/><E106/><V86/><F34/><W67/><G125/><T68/><D68/><U78/><E78/><V37/><F32/><W63/><G82/><T99/><D99/><U108/><E108/><V66/><F97/><W30/><G112/><T61/><D58/><U50/><E50/><V24/><F101/><W128/><G113/><T38/><D35/><U135/><E135/><V92/><F86/><W102/><G128/><T84/><D84/><U76/><E76/><V27/><F77/><W51/><G102/><T17/><D17/><U56/><E95/><V121/><F92/><W114/><G114/><T43/><D41/><U74/><E74/><V117/><F117/><W5/><G87/><T33/><D33/><U48/><E48/><V45/><F105/><W96/><G19/><T81/><D81/><U20/><E9/><V40/><F80/><W109/><G83/><T103/><D103/><AGARI ba="0,0" hai="12,16,20,23,25,31,56,60,65,88,89,94,98,103" machi="103" ten="30,12000,2" yaku="6,1,7,1,25,2,8,1,54,2" doraHai="126" who="1" fromWho="0" sc="250,-120,250,120,250,0,250,0" /><INIT seed="1,0,0,5,0,128" ten="130,370,250,250" oya="1" hai0="26,91,105,76,112,52,13,39,117,116,127,93,119" hai1="61,82,121,135,30,63,103,113,87,111,57,47,115" hai2="19,60,109,35,114,37,107,3,49,92,15,83,45" hai3="118,94,79,69,21,5,75,28,101,100,31,10,1"/><U122/><E103/><V18/><F3/><W66/><G118/><T32/><D112/><U17/><E30/><V11/><F109/><W58/><G101/><T16/><D105/><U14/><E47/><V71/><F37/><W123/><G69/><T97/><D39/><U51/><E111/><V12/><F35/><W85/><G31/><T129/><D129/><U125/><E125/><V68/><F107/><W102/><G123/><T110/><D110/><U59/><E51/><V6/><F114/><W70/><G75/><T96/><D76/><U124/><E124/><V62/><F92/><W77/><G70/><T22/><D127/><U120/><E17/><V33/><F33/><W80/><G79/><T20/><D32/><U98/><E14/><V106/><F106/><W50/><G94/><T48/><D97/><U64/><E98/><V0/><F0/><W132/><G66/><T89/><D91/><U27/><E113/><V25/><F71/><W88/><G77/><T81/><D81/><U29/><E115/><V40/><F68/><W131/><G131/><T67/><D67/><U90/><E120/><V74/><F83/><W38/><G38/><T99/><D99/><U65/><E135/><V44/><F74/><W130/><G132/><T73/><D73/><U4/><E4/><V43/><F6/><W34/><G130/><T54/><REACH who="0" step="1"/><D48/><REACH who="0" ten="120,370,250,250" step="2"/><U9/><E121/><V134/><F134/><W86/><G34/><T24/><D24/><U41/><E27/><V2/><F25/><N who="3" m="16431" /><G86/><T42/><D42/><U126/><E41/><V104/><F43/><W133/><G133/><RYUUKYOKU ba="0,1" sc="120,15,370,-15,250,-15,250,15" hai0="13,16,20,22,26,52,54,89,93,96,116,117,119" hai3="1,5,10,50,58,80,85,88,100,102" /><INIT seed="2,1,1,5,4,11" ten="135,355,235,265" oya="2" hai0="122,65,108,31,96,72,82,50,80,94,131,38,91" hai1="120,28,116,124,114,0,77,23,45,26,48,53,9" hai2="111,66,62,30,51,109,64,95,87,100,130,107,117" hai3="3,101,46,68,129,61,74,4,15,39,90,19,59"/><V49/><F107/><W123/><G123/><T52/><D122/><U32/><E114/><V33/><F117/><W44/><G129/><T97/><D131/><U22/><E116/><V102/><F130/><W16/><G68/><T79/><D108/><N who="2" m="41546" /><F66/><W99/><G74/><T14/><D38/><U83/><E124/><V25/><F87/><W105/><G3/><T93/><D65/><U35/><E120/><V126/><F126/><W2/><G2/><T98/><D31/><U10/><E0/><V119/><F119/><W81/><G39/><T55/><D55/><U18/><E32/><V89/><F89/><W88/><G19/><T56/><D82/><U24/><E35/><V85/><F85/><AGARI ba="1,1" hai="9,10,18,22,23,24,26,28,45,48,53,77,83,85" machi="85" ten="30,2000,0" yaku="7,1,8,1" doraHai="11" who="1" fromWho="2" sc="135,0,355,33,235,-23,265,0" /><INIT seed="3,0,0,5,4,57" ten="135,388,212,265" oya="3" hai0="29,116,115,81,71,72,31,97,101,90,114,92,12" hai1="48,60,69,2,42,88,85,63,53,26,62,129,113" hai2="89,17,14,95,13,102,94,110,41,30,36,109,8" hai3="119,56,76,50,121,117,99,133,47,124,49,54,86"/><W77/><G121/><T70/><D116/><U67/><E113/><N who="0" m="43017" /><D12/><U84/><E2/><V118/><F118/><W19/><G124/><T46/><D46/><U123/><E123/><V1/><F1/><W83/><G133/><T37/><D37/><U131/><E42/><V130/><F30/><N who="0" m="11274" /><D72/><U4/><E4/><V73/><F73/><W126/><G126/><T120/><D120/><U65/><E26/><V21/><F41/><W11/><G77/><T23/><D23/><U96/><E96/><V104/><F36/><W27/><G99/><N who="0" m="57751" /><D81/><N who="1" m="49167" /><E69/><V55/><F14/><W125/><G125/><T64/><D64/><U100/><E100/><V40/><F102/><W112/><G112/><T78/><D78/><U16/><E85/><V22/><F22/><W24/><G117/><T35/><D35/><U66/><E129/><V80/><F130/><W98/><G98/><T43/><D43/><U135/><E135/><V91/><F40/><N who="3" m="24807" /><G119/><T44/><D44/><N who="1" m="27783" /><E131/><V28/><F91/><W58/><G58/><T108/><D108/><U20/><E20/><V74/><F110/><W122/><G122/><T82/><D82/><U79/><E79/><V51/><F109/><W68/><G68/><T134/><D134/><U7/><E7/><V45/><F89/><W87/><G87/><T15/><D15/><AGARI ba="0,0" hai="11,15,19,24,27,50,54,56,76,83,86" m="24807" machi="15" ten="30,1500,0" yaku="8,1" doraHai="57" who="3" fromWho="0" sc="135,-15,388,0,212,0,265,15" /><INIT seed="3,1,0,3,5,93" ten="120,388,212,280" oya="3" hai0="71,40,78,104,89,74,128,117,135,116,34,106,101" hai1="88,65,4,122,27,11,64,87,105,18,123,19,9" hai2="22,109,84,108,8,68,125,127,133,97,94,132,129" hai3="37,21,102,51,17,2,83,52,92,14,47,12,59"/><W96/><G2/><T118/><D34/><U120/><E105/><V53/><F68/><W110/><G110/><N who="2" m="42601" /><F8/><W124/><G124/><N who="2" m="47689" /><F53/><W134/><G134/><N who="2" m="51817" /><F22/><W130/><G130/><T112/><D71/><U13/><E27/><V113/><F84/><W62/><G37/><T16/><D135/><U57/><E57/><V61/><F61/><W24/><REACH who="3" step="1"/><G83/><REACH who="3" ten="120,388,212,270" step="2"/><N who="0" m="45527" /><D128/><U77/><E122/><V36/><F36/><W29/><G29/><T98/><D118/><U131/><E131/><V49/><F129/><W42/><AGARI ba="1,1" hai="12,14,17,21,24,42,47,51,52,59,62,92,96,102" machi="42" ten="20,18000,2" yaku="1,1,0,1,7,1,8,1,52,1,54,1,53,0" doraHai="93" doraHaiUra="75" who="3" fromWho="3" sc="120,-61,388,-61,212,-61,270,193" /><INIT seed="3,2,0,1,4,115" ten="59,327,151,463" oya="3" hai0="73,105,123,53,3,129,84,65,28,29,63,54,121" hai1="89,26,59,86,68,130,8,21,113,116,71,44,104" hai2="49,46,36,67,133,107,82,75,35,27,81,33,126" hai3="6,94,90,61,103,31,99,109,50,110,134,96,14"/><W45/><G134/><T13/><D3/><U70/><E104/><V55/><F107/><W0/><G0/><T135/><D73/><U48/><E113/><V69/><F126/><W24/><G61/><T42/><D105/><U18/><E130/><V114/><F114/><W32/><G6/><T9/><D129/><U41/><E8/><V56/><F133/><W131/><G131/><T19/><D135/><U118/><REACH who="1" step="1"/><E59/><REACH who="1" ten="59,317,151,463" step="2"/><V16/><F56/><W11/><G11/><T111/><D111/><N who="3" m="42505" /><G103/><T101/><D101/><U20/><E20/><V51/><F35/><W117/><G117/><T108/><D108/><U2/><E2/><V106/><F33/><W128/><G128/><T77/><D123/><U15/><E15/><V85/><F106/><W62/><G14/><T57/><D121/><U23/><E23/><V37/><F69/><W43/><G32/><T83/><D42/><U100/><E100/><V34/><F34/><W12/><G24/><T25/><D25/><U64/><E64/><V5/><F67/><W10/><G12/><T7/><D7/><U52/><E52/><AGARI ba="2,1" hai="9,13,19,28,29,52,53,54,57,63,65,77,83,84" machi="52" ten="40,2600,0" yaku="8,1,54,1" doraHai="115" who="0" fromWho="1" sc="59,42,317,-32,151,0,463,0" /><INIT seed="4,0,0,3,2,105" ten="101,285,151,463" oya="0" hai0="107,52,70,0,62,129,78,67,55,10,100,118,127" hai1="76,112,18,85,53,97,25,29,122,121,5,65,17" hai2="9,71,131,133,36,128,30,73,80,61,89,37,119" hai3="63,82,33,27,19,11,66,43,26,108,23,124,49"/><T104/><D118/><U134/><E65/><V94/><F30/><W51/><G108/><T22/><D129/><N who="2" m="49738" /><F9/><W113/><G124/><T72/><D127/><U45/><E112/><V20/><F20/><W15/><G113/><T99/><D107/><U13/><E134/><V50/><F50/><W103/><G33/><T125/><D125/><U12/><E5/><V96/><F119/><W14/><G103/><T114/><D114/><U135/><E45/><V8/><F8/><W41/><G49/><T77/><D22/><U86/><E53/><V24/><F24/><W40/><G15/><T6/><REACH who="0" step="1"/><D77/><REACH who="0" ten="91,285,151,463" step="2"/><U34/><E76/><N who="2" m="44047" /><F133/><W59/><G23/><T54/><D54/><U74/><E135/><V130/><F130/><W3/><G41/><T4/><D4/><U115/><E115/><V47/><F47/><W116/><G43/><T111/><D111/><U102/><E34/><V98/><F98/><W16/><G40/><T120/><D120/><U93/><E97/><V79/><F79/><W83/><G66/><AGARI ba="0,1" hai="36,37,61,66,71,89,94,96" m="44047,49738" machi="66" ten="30,2000,0" yaku="19,1,52,1" doraHai="105" who="2" fromWho="3" sc="91,0,285,0,151,30,463,-20" /><INIT seed="5,0,0,0,0,119" ten="91,285,181,443" oya="1" hai0="37,58,113,126,51,47,118,29,10,92,41,42,88" hai1="77,79,16,40,87,49,129,59,107,116,53,25,21" hai2="32,108,26,4,62,46,68,5,133,7,0,93,15" hai3="57,85,128,20,24,65,123,48,112,56,103,131,8"/><U91/><E107/><V28/><F108/><W36/><G112/><T34/><D118/><U75/><E116/><V81/><F133/><W17/><G36/><T27/><D113/><U109/><E129/><N who="3" m="49738" /><G103/><T96/><D126/><U35/><E109/><V19/><F81/><W73/><G73/><T98/><D10/><U43/><E35/><V13/><F46/><W90/><G65/><T30/><D30/><U69/><E69/><V66/><F15/><W84/><G85/><T74/><D74/><U134/><E134/><V122/><F93/><W111/><G111/><T2/><D2/><U95/><E75/><V1/><REACH who="2" step="1"/><F122/><REACH who="2" ten="91,285,171,443" step="2"/><W127/><G127/><T124/><D124/><U135/><E135/><V22/><AGARI ba="0,1" hai="0,1,4,5,7,13,19,22,26,28,32,62,66,68" machi="22" ten="30,4000,0" yaku="1,1,2,1,0,1,53,0" doraHai="119" doraHaiUra="97" who="2" fromWho="2" sc="91,-10,285,-20,171,50,443,-10" /><INIT seed="6,0,0,5,5,48" ten="81,265,221,433" oya="2" hai0="108,28,76,96,126,45,130,2,27,60,58,12,115" hai1="55,81,118,89,36,46,65,51,22,66,85,11,73" hai2="54,87,3,69,135,107,21,63,20,132,78,13,100" hai3="33,111,104,103,19,113,64,44,121,5,93,125,26"/><V38/><F3/><W57/><G121/><T17/><D108/><U88/><E118/><V43/><F107/><W23/><G111/><T39/><D130/><U80/><E36/><V92/><F43/><W10/><G104/><T70/><D126/><U68/><E68/><V40/><F40/><W34/><G125/><T41/><D115/><U35/><E35/><V61/><F38/><W6/><G44/><T62/><D2/><U9/><E22/><V97/><F69/><W94/><G103/><T7/><D76/><U119/><E119/><V31/><F31/><W91/><G6/><T25/><D7/><U18/><E11/><V4/><F63/><W71/><G113/><T99/><D62/><U42/><E42/><V59/><F4/><W75/><G75/><T112/><D27/><U109/><E109/><V14/><F21/><W53/><G64/><T114/><D70/><U129/><E129/><V105/><F20/><W131/><G93/><T116/><D116/><U79/><E89/><V106/><F106/><W74/><G74/><T32/><D112/><U16/><E18/><V117/><F117/><W102/><G102/><T77/><D77/><U24/><E24/><V98/><F98/><W82/><G131/><T67/><D114/><U15/><AGARI ba="0,0" hai="9,15,16,46,51,55,65,66,73,79,80,81,85,88" machi="15" ten="30,12000,2" yaku="0,1,25,2,52,1,54,2" doraHai="48" who="1" fromWho="1" sc="81,-30,265,120,221,-60,433,-30" /><INIT seed="7,0,0,2,5,69" ten="51,385,161,403" oya="3" hai0="38,58,110,103,5,94,86,64,27,43,61,3,102" hai1="19,125,132,45,104,53,60,17,21,55,30,109,32" hai2="46,116,92,15,128,51,34,16,18,135,81,37,65" hai3="75,90,56,14,62,118,91,129,79,78,63,47,24"/><W59/><G118/><T33/><D110/><U22/><E104/><V9/><F34/><W10/><G47/><T25/><D3/><U85/><E109/><V124/><F128/><W100/><G100/><T40/><D5/><U72/><E72/><V44/><F135/><W50/><G129/><T97/><D103/><U26/><E125/><V54/><F65/><W70/><G70/><T11/><D11/><U89/><E132/><V134/><F116/><W127/><G127/><T12/><D12/><U29/><E32/><V96/><F134/><W130/><G130/><T8/><D8/><U119/><E119/><V108/><F81/><W1/><G1/><T71/><D58/><N who="3" m="22057" /><G50/><T123/><D123/><U31/><E60/><V57/><F108/><W82/><G24/><T20/><D20/><U41/><E41/><V48/><F124/><W105/><G105/><T99/><D99/><U13/><REACH who="1" step="1"/><E45/><REACH who="1" ten="51,375,161,403" step="2"/><V88/><F46/><W76/><G75/><T106/><D27/><U6/><E6/><V114/><F44/><W115/><G115/><T111/><D111/><U35/><E35/><V2/><F114/><W66/><G66/><T23/><D23/><U0/><E0/><V131/><F2/><W95/><G82/><AGARI ba="0,1" hai="13,17,19,21,22,26,29,30,31,53,55,82,85,89" machi="82" ten="40,2600,0" yaku="1,1,8,1,53,0" doraHai="69" doraHaiUra="122" who="1" fromWho="3" sc="51,0,375,36,161,0,403,-26" owari="51,-45.0,411,51.0,161,-24.0,377,18.0" /></mjloggm>