<mjloggm ver="2.3"><GO type="41" lobby="0"/><UN n0="%E2%93%9D%53%75%70%68%78" n1="%74%74%61%74%74%61%6D%69" n2="%44%72%65%61%6D%50%6F%70" n3="%6D%61%73%61%79%61%31%31" dan="18,15,14,15" rate="2171.52,1987.59,1954.90,2030.05" sx="M,M,M,M"/><TAIKYOKU oya="0"/><INIT seed="0,0,0,2,0,110" ten="250,250,250,250" oya="0" hai0="73,77,14,92,57,63,41,87,33,109,133,16,79" hai1="78,22,126,53,122,58,4,112,75,64,28,55,114" hai2="72,23,59,0,45,13,35,125,7,121,85,118,116" hai3="111,48,34,103,43,21,117,108,123,12,131,25,3"/><T10/><D33/><U39/><E122/><V128/><F121/><W127/><G103/><T89/><D109/><N who="3" m="42057" /><G117/><T11/><D133/><U36/><E126/><V95/><F72/><W19/><G48/><T69/><D69/><U15/><E4/><V40/><F125/><W104/><G104/><T135/><D135/><U86/><E75/><V18/><F128/><W102/><G102/><T93/><D73/><U120/><E120/><V44/><F35/><W20/><G43/><T38/><D38/><N who="1" m="14379" /><E28/><V49/><F45/><W97/><G97/><T124/><D41/><U46/><E78/><N who="0" m="29705" /><D124/><U27/><E86/><V52/><F7/><W105/><G105/><T94/><D11/><U71/><E15/><V65/><F0/><W60/><G60/><T66/><AGARI ba="0,0" hai="10,14,16,57,63,66,87,89,92,93,94" m="29705" machi="66" ten="30,3000,0" yaku="8,1,54,1" doraHai="110" who="0" fromWho="0" sc="250,30,250,-10,250,-10,250,-10" /><INIT seed="0,1,0,1,5,29" ten="280,240,240,240" oya="0" hai0="76,84,44,95,43,64,9,97,79,47,3,25,96" hai1="86,98,52,62,106,131,15,65,91,114,67,50,49" hai2="32,11,82,40,116,68,0,104,21,20,36,31,101" hai3="74,130,102,115,77,87,94,80,69,16,103,72,19"/><T119/><D119/><U107/><E131/><V48/><F116/><W66/><G115/><T51/><D64/><U135/><E135/><V100/><F68/><W18/><G130/><T45/><D97/><U125/><E125/><V93/><F36/><W33/><G33/><T89/><D3/><U56/><E114/><V126/><F104/><W132/><G132/><T109/><D109/><U54/><E15/><V26/><F82/><W85/><G94/><T117/><D117/><U123/><E123/><V88/><F126/><W22/><G22/><T55/><D9/><U127/><E127/><V112/><F112/><W73/><REACH who="3" step="1"/><G87/><REACH who="3" ten="280,240,240,230" step="2"/><T1/><D84/><U124/><E124/><V60/><F21/><W122/><G122/><T38/><D1/><U39/><E107/><V118/><F20/><W105/><G105/><T90/><D25/><U35/><E106/><V92/><F0/><W14/><G14/><T2/><D2/><U7/><E35/><V24/><F11/><W70/><G70/><T134/><D134/><U42/><E98/><V61/><F24/><W111/><G111/><T129/><D129/><U13/><E13/><V23/><F93/><W10/><G10/><T99/><D99/><U59/><E7/><V53/><F23/><W110/><G110/><T6/><D6/><U28/><E86/><V46/><F118/><W81/><G81/><T83/><D83/><U5/><E5/><V30/><F26/><W4/><G4/><T108/><D108/><U57/><E28/><N who="2" m="10795" /><F32/><W58/><G58/><N who="0" m="33151" /><D90/><U37/><E91/><V113/><F113/><W63/><AGARI ba="1,1" hai="16,18,19,63,66,69,72,73,74,77,80,85,102,103" machi="63" ten="40,8000,1" yaku="1,1,5,1,0,1,54,1,53,0" doraHai="29" doraHaiUra="8" who="3" fromWho="3" sc="280,-41,240,-21,240,-21,230,93" /><INIT seed="1,0,0,0,3,120" ten="239,219,219,323" oya="1" hai0="79,17,131,70,12,21,23,134,19,30,42,64,66" hai1="28,81,24,109,2,75,83,56,130,87,31,6,61" hai2="101,5,40,22,55,53,51,102,69,107,126,80,63" hai3="82,39,94,103,10,97,124,127,73,0,92,122,32"/><U117/><E117/><V110/><F126/><N who="3" m="48171" /><G32/><T15/><D131/><U111/><E130/><V7/><F107/><N who="3" m="63983" /><G39/><T45/><D134/><U35/><E75/><V113/><F113/><W26/><G26/><T8/><D70/><U132/><E132/><V65/><F80/><W46/><G46/><T125/><D125/><U74/><E74/><V11/><F22/><W25/><G25/><T114/><D114/><U44/><E44/><V118/><F118/><W112/><G112/><T91/><D79/><N who="1" m="46527" /><E83/><V89/><F89/><W62/><G62/><T18/><D91/><U52/><E24/><V128/><F40/><W54/><G54/><T115/><D115/><U133/><E35/><V16/><F55/><W90/><G122/><T57/><D30/><U67/><E67/><V105/><F105/><W34/><G34/><T96/><D66/><U47/><E47/><V3/><F53/><W71/><G71/><T36/><D64/><U59/><E59/><V76/><F51/><W1/><G1/><T86/><D57/><U135/><E133/><V129/><F63/><W104/><G104/><T9/><D45/><U72/><E135/><V50/><F50/><W98/><G73/><T116/><D116/><U27/><E72/><V108/><F65/><W77/><G77/><T95/><D42/><U14/><E27/><V123/><F76/><W60/><G60/><T93/><D36/><U58/><E58/><V29/><F69/><W38/><G38/><T33/><D33/><U106/><E106/><V85/><F123/><W48/><G82/><T43/><D43/><U121/><E2/><RYUUKYOKU ba="0,0" sc="239,0,219,0,219,0,323,0" /><INIT seed="2,1,0,0,0,98" ten="239,219,219,323" oya="2" hai0="56,9,129,53,10,68,102,28,43,130,24,58,78" hai1="45,5,27,51,125,21,72,4,118,105,40,93,17" hai2="11,22,52,87,100,64,65,0,7,70,69,8,85" hai3="79,66,3,86,134,20,94,132,13,120,83,74,6"/><V103/><F22/><W47/><G120/><T128/><D68/><U60/><E118/><V55/><REACH who="2" step="1"/><F7/><REACH who="2" ten="239,219,209,323" step="2"/><W108/><G6/><T29/><D10/><U99/><E21/><V44/><F44/><W110/><G20/><T109/><D9/><U46/><E45/><V16/><F16/><W38/><G47/><T18/><D18/><U42/><E17/><V77/><F77/><W106/><G79/><T61/><D78/><U80/><E46/><V123/><F123/><W127/><G132/><T90/><D130/><U32/><E5/><V33/><F33/><W14/><G134/><T92/><D129/><U95/><E32/><V111/><F111/><W48/><G110/><T36/><D109/><U63/><E4/><V116/><F116/><W131/><G108/><T12/><D128/><U67/><E40/><V81/><F81/><W107/><G131/><T62/><D43/><U82/><E80/><V119/><F119/><W34/><G34/><T121/><D121/><U133/><E82/><V26/><F26/><W126/><G126/><T96/><D24/><U76/><E76/><V88/><F88/><W57/><G127/><T91/><D12/><U49/><E42/><V39/><F39/><W97/><G14/><T37/><D37/><U75/><E125/><V122/><F122/><W19/><G13/><T101/><D36/><U112/><E27/><V71/><F71/><W1/><G19/><T117/><D117/><U54/><E133/><V104/><F104/><W59/><G106/><T30/><D91/><U41/><E105/><V114/><F114/><W84/><G107/><RYUUKYOKU ba="1,1" sc="239,15,219,-15,209,15,323,-15" hai0="28,29,30,53,56,58,61,62,90,92,96,101,102" hai2="0,8,11,52,55,64,65,69,70,85,87,100,103" /><INIT seed="2,2,1,4,4,95" ten="254,204,224,308" oya="2" hai0="91,124,87,47,6,4,68,126,61,33,17,7,133" hai1="18,10,97,89,81,120,77,43,15,64,53,65,16" hai2="59,132,73,37,82,88,84,74,134,116,0,90,14" hai3="48,29,51,21,32,106,131,49,22,115,8,5,56"/><V26/><F116/><W135/><G106/><T42/><D33/><U36/><E120/><V69/><F69/><W35/><G115/><T39/><D133/><N who="2" m="51306" /><F37/><W118/><G135/><T30/><D30/><U92/><E43/><V52/><F0/><W93/><G118/><T44/><D17/><U80/><E36/><V110/><F26/><W13/><G131/><T11/><D47/><U75/><E81/><V127/><F127/><N who="0" m="48682" /><D61/><U104/><E104/><V55/><F110/><W19/><G93/><N who="0" m="54527" /><D68/><U72/><E72/><N who="2" m="27755" /><F14/><AGARI ba="2,1" hai="4,6,7,11,14,39,42,44" m="54527,48682" machi="14" ten="30,1000,0" yaku="18,1" doraHai="95" who="0" fromWho="2" sc="254,26,204,0,224,-16,308,0" /><INIT seed="3,0,0,5,2,20" ten="280,204,208,308" oya="3" hai0="35,115,124,17,113,58,13,32,91,64,112,70,29" hai1="4,110,100,128,6,135,78,133,34,77,21,74,10" hai2="14,22,111,87,131,56,49,122,3,50,36,117,126" hai3="108,79,107,101,88,27,94,9,102,11,60,105,118"/><W67/><G118/><T5/><D70/><U23/><E34/><V1/><F117/><W37/><G37/><T106/><D106/><U97/><E110/><V132/><F36/><W59/><G108/><T76/><D76/><N who="1" m="29291" /><E74/><V84/><F111/><W53/><G79/><T51/><D5/><N who="1" m="2155" /><E10/><V12/><F22/><W80/><G80/><T120/><D124/><U114/><E114/><V95/><F126/><W57/><G107/><T81/><D120/><U134/><E128/><V123/><F131/><W16/><G105/><AGARI ba="0,0" hai="21,23,97,100,105,133,134,135" m="2155,29291" machi="105" ten="40,1300,0" yaku="20,1" doraHai="20" who="1" fromWho="3" sc="280,0,204,13,208,0,308,-13" /><INIT seed="4,0,0,2,5,114" ten="280,217,208,295" oya="0" hai0="29,135,94,63,32,112,60,83,45,128,69,55,18" hai1="101,31,25,88,53,9,28,27,116,12,109,130,118" hai2="49,42,43,47,8,3,22,17,123,84,34,106,38" hai3="72,56,100,57,68,113,6,87,127,52,105,91,115"/><T97/><D112/><N who="3" m="43081" /><G68/><T73/><D128/><U62/><E109/><V86/><F106/><W44/><G72/><T19/><D135/><U67/><E101/><V110/><F110/><W133/><G6/><T75/><D32/><U119/><E130/><V51/><F123/><W74/><G74/><T66/><D29/><U48/><E88/><V15/><F34/><W102/><G127/><T93/><D45/><U81/><E81/><V80/><F86/><W14/><G14/><T98/><D55/><U122/><E122/><V92/><F92/><N who="3" m="54399" /><G133/><T103/><D83/><U37/><E37/><V10/><F3/><W95/><G95/><T111/><D111/><U1/><E1/><V0/><F0/><W117/><G117/><T78/><D69/><U131/><E131/><V124/><F124/><W70/><G70/><T11/><D11/><U30/><E67/><V76/><F38/><W120/><G120/><T96/><D96/><U41/><E62/><V85/><F85/><W107/><G44/><AGARI ba="0,0" hai="8,10,15,17,22,42,43,44,47,49,51,76,80,84" machi="44" ten="40,2600,0" yaku="9,1,8,1" doraHai="114" who="2" fromWho="3" sc="280,0,217,0,208,26,295,-26" /><INIT seed="5,0,0,2,0,73" ten="280,217,234,269" oya="1" hai0="110,114,126,91,30,17,71,80,68,3,77,79,40" hai1="21,90,88,94,47,99,2,93,6,64,24,49,87" hai2="57,120,108,20,76,53,34,123,72,97,35,98,52" hai3="118,56,133,44,28,32,29,74,117,111,66,67,70"/><U23/><E64/><N who="3" m="24618" /><G70/><T102/><D110/><U33/><E33/><V124/><F108/><W81/><G111/><T103/><D3/><U109/><E109/><V9/><F124/><W36/><G56/><T69/><D30/><N who="3" m="11881" /><G32/><T125/><D40/><U59/><E24/><V12/><F34/><W128/><G128/><T1/><D1/><U84/><E99/><V31/><F35/><W46/><G36/><T38/><D114/><U54/><REACH who="1" step="1"/><E59/><REACH who="1" ten="280,207,234,269" step="2"/><V82/><F123/><W115/><G133/><T41/><D71/><U113/><E113/><V15/><F120/><W62/><G115/><T26/><D69/><U86/><E86/><V58/><F58/><W10/><G117/><T48/><D68/><U61/><E61/><V119/><F119/><W50/><G62/><T105/><D126/><U112/><E112/><V65/><F65/><W78/><G118/><T0/><D125/><U116/><E116/><V129/><F57/><W13/><G46/><T37/><D26/><U104/><E104/><V101/><F129/><W16/><G44/><T60/><D105/><U96/><E96/><V18/><F98/><W22/><G50/><T7/><D48/><U131/><E131/><V19/><F31/><W92/><G74/><T27/><D38/><U11/><AGARI ba="0,1" hai="2,6,11,21,23,47,49,54,84,87,88,90,93,94" machi="11" ten="30,12000,1" yaku="1,1,0,1,9,1,54,1,53,1" doraHai="73" doraHaiUra="4" who="1" fromWho="1" sc="280,-40,207,130,234,-40,269,-40" /><INIT seed="5,1,0,1,0,14" ten="240,337,194,229" oya="1" hai0="45,46,92,55,42,21,59,126,132,89,22,125,80" hai1="73,15,103,11,33,70,96,130,43,63,106,120,107" hai2="37,50,49,48,0,94,32,2,82,19,93,97,62" hai3="16,71,26,39,99,77,90,56,87,122,105,68,118"/><U86/><E120/><V13/><F37/><W88/><G39/><T25/><D80/><U127/><E73/><V91/><F32/><W57/><G122/><T54/><D132/><U101/><E33/><V119/><F119/><W124/><G118/><T64/><D64/><U40/><E127/><N who="0" m="48649" /><D22/><U117/><E130/><V34/><F34/><W66/><G124/><T9/><D9/><U133/><E133/><V41/><F41/><W3/><G3/><T100/><D100/><U17/><E117/><V81/><F62/><W38/><G38/><N who="0" m="21719" /><D59/><U108/><E108/><V60/><F60/><W4/><G4/><T67/><D67/><U53/><E86/><V1/><REACH who="2" step="1"/><F94/><REACH who="2" ten="240,337,184,229" step="2"/><W47/><G105/><T135/><D135/><U5/><E63/><V69/><F69/><W115/><G71/><T98/><D46/><U113/><E70/><V31/><F31/><AGARI ba="1,1" hai="21,25,31,54,55,89,92,98" m="21719,48649" machi="31" ten="30,1000,0" yaku="18,1" doraHai="14" who="0" fromWho="2" sc="240,23,337,0,184,-13,229,0" /><INIT seed="6,0,0,5,5,37" ten="263,337,171,229" oya="2" hai0="135,19,21,101,69,8,36,57,29,128,55,111,110" hai1="53,121,106,61,118,89,124,95,113,45,90,80,20" hai2="41,132,47,4,22,23,11,62,51,72,129,10,79" hai3="74,82,54,131,114,68,99,52,105,44,35,84,5"/><V0/><F132/><W24/><G74/><T40/><D69/><U50/><E106/><V102/><F129/><W3/><G68/><T96/><D29/><U14/><E113/><V133/><F133/><W31/><G114/><T97/><D8/><U120/><E124/><V16/><F102/><W71/><G131/><T88/><D128/><U94/><E118/><V26/><F11/><W7/><G71/><T32/><D32/><U83/><E61/><V98/><F98/><W122/><G122/><T42/><D36/><U112/><E112/><V109/><F62/><W30/><G3/><T134/><D134/><U43/><E14/><V104/><F104/><W70/><G70/><T39/><D39/><U34/><E20/><V49/><F109/><W12/><G12/><T59/><D135/><U91/><E34/><V15/><F51/><W85/><G105/><T60/><D111/><U86/><E53/><V63/><F63/><W33/><G99/><N who="0" m="37963" /><D101/><U117/><E117/><V77/><REACH who="2" step="1"/><F72/><REACH who="2" ten="263,337,161,229" step="2"/><W6/><G44/><T1/><D110/><U64/><E50/><V108/><F108/><W66/><G66/><T48/><D60/><U119/><E64/><V126/><F126/><W38/><G38/><T73/><D73/><U76/><E119/><V92/><F92/><W27/><G82/><T9/><D48/><U123/><E80/><V25/><F25/><W103/><G103/><T87/><D9/><U78/><E83/><V127/><F127/><W75/><G75/><T107/><D107/><U17/><E123/><V28/><AGARI ba="0,1" hai="0,4,10,15,16,22,23,26,28,41,47,49,77,79" machi="28" ten="20,12000,1" yaku="1,1,0,1,7,1,52,1,54,1,53,0" doraHai="37" doraHaiUra="93" who="2" fromWho="2" sc="263,-40,337,-40,161,130,229,-40" /><INIT seed="6,1,0,1,2,119" ten="223,297,291,189" oya="2" hai0="101,19,20,51,0,56,10,97,39,33,92,130,34" hai1="118,78,22,90,95,70,80,114,50,105,16,73,76" hai2="123,72,120,32,52,94,135,23,65,42,9,66,1" hai3="36,11,40,54,24,132,44,31,75,71,115,59,28"/><V53/><F32/><W111/><G75/><T67/><D39/><U93/><E70/><V103/><F72/><W4/><G132/><T102/><D130/><U109/><E105/><V83/><F83/><W35/><G115/><T117/><D117/><U108/><E118/><V37/><F23/><W63/><G111/><T27/><D102/><U116/><E114/><V17/><F103/><W30/><REACH who="3" step="1"/><G71/><REACH who="3" ten="223,297,291,179" step="2"/><T29/><D34/><U12/><E116/><V121/><F135/><W112/><G112/><T26/><D33/><U61/><E73/><V84/><F120/><W113/><G113/><T13/><D0/><AGARI ba="1,1" hai="0,4,11,24,28,30,31,35,36,40,44,54,59,63" machi="0" ten="30,2000,0" yaku="1,1,7,1,53,0" doraHai="119" doraHaiUra="107" who="3" fromWho="0" sc="223,-23,297,0,291,0,179,33" /><INIT seed="7,0,0,5,0,82" ten="200,297,291,212" oya="3" hai0="81,35,72,98,68,80,36,87,126,75,33,49,94" hai1="119,5,123,14,116,110,11,96,41,12,64,18,125" hai2="61,48,46,38,3,79,32,84,74,134,83,27,22" hai3="73,71,43,122,63,16,89,31,104,53,58,20,115"/><W13/><G122/><T2/><D36/><U15/><E110/><V129/><F129/><W91/><G104/><T127/><D49/><U135/><E123/><V37/><F134/><W40/><G73/><N who="0" m="28235" /><D2/><U101/><E64/><V44/><F3/><W112/><G31/><T131/><D68/><U107/><E135/><V111/><F32/><N who="0" m="12362" /><D131/><U92/><E125/><N who="0" m="47625" /><D87/><U120/><E120/><V121/><F121/><W34/><G34/><T102/><AGARI ba="0,0" hai="80,81,94,98,102" m="47625,12362,28235" machi="102" ten="40,1500,0" yaku="18,1" doraHai="82" who="0" fromWho="0" sc="200,15,297,-4,291,-4,212,-7" /><INIT seed="8,0,0,2,3,27" ten="215,293,287,205" oya="0" hai0="64,54,84,22,104,98,101,3,117,14,81,78,60" hai1="51,36,129,8,134,52,55,28,20,123,21,85,135" hai2="111,79,102,58,45,35,132,17,43,91,15,13,116" hai3="19,88,29,46,66,24,86,37,131,127,44,70,2"/><T48/><D117/><U83/><E36/><V59/><F111/><W112/><G2/><T128/><D128/><U96/><E123/><V107/><F132/><N who="1" m="50729" /><E96/><V108/><F108/><W49/><G127/><T71/><D3/><U124/><E124/><V11/><F35/><W38/><G131/><T109/><D109/><U57/><E55/><V95/><F79/><W67/><G112/><T7/><D7/><U1/><E28/><V25/><F25/><W72/><G72/><T33/><D33/><U32/><E32/><V106/><F106/><W34/><G19/><T94/><D14/><U42/><E42/><V110/><F116/><W100/><G100/><T68/><D22/><U90/><E129/><V62/><F102/><W93/><G46/><T50/><D71/><U0/><E0/><V53/><F107/><W97/><G97/><T126/><D126/><U61/><E61/><V133/><F133/><W31/><G31/><T89/><REACH who="0" step="1"/><D54/><REACH who="0" ten="205,293,287,205" step="2"/><U73/><E73/><AGARI ba="0,1" hai="48,50,60,64,68,73,78,81,84,89,94,98,101,104" machi="73" ten="30,12000,1" yaku="1,1,2,1,7,1,24,2,53,0" doraHai="27" doraHaiUra="119" who="0" fromWho="1" sc="205,130,293,-120,287,0,205,0" owari="335,43.0,173,-33.0,287,9.0,205,-19.0" /></mjloggm>