<mjloggm ver="2.3"><GO type="41" lobby="0"/><UN n0="%E3%81%82%E3%81%84%E3%81%B3%33" n1="%E2%93%9D%53%75%70%68%78" n2="%6C%69%73%7A%74%31%37" n3="%74%61%6D%69%70%61%32" dan="13,18,14,14" rate="1850.50,2066.17,2021.40,1849.81" sx="M,M,M,M"/><TAIKYOKU oya="0"/><INIT seed="0,0,0,0,4,105" ten="250,250,250,250" oya="0" hai0="130,2,62,16,90,67,88,91,25,52,10,9,50" hai1="18,47,84,94,17,1,40,132,3,42,124,63,123" hai2="26,126,7,49,37,104,20,134,135,117,29,82,72" hai3="122,53,68,79,34,75,64,102,46,114,59,30,93"/><T112/><D112/><U57/><E123/><V4/><F37/><W103/><G114/><T14/><D130/><U65/><E132/><N who="2" m="50731" /><F104/><W6/><G122/><T11/><D25/><U56/><E124/><V97/><F126/><W22/><G6/><T12/><D2/><U81/><E94/><V38/><F38/><W106/><G106/><T19/><D9/><U60/><E84/><V133/><F117/><W13/><G34/><T55/><REACH who="0" step="1"/><D50/><REACH who="0" ten="240,250,250,250" step="2"/><U100/><E3/><V85/><F49/><W92/><G30/><T24/><D24/><U32/><E1/><V80/><F133/><W128/><G128/><T61/><D61/><U74/><E63/><V70/><F26/><W31/><G31/><T73/><D73/><U5/><E74/><V110/><F72/><W28/><G75/><T127/><D127/><U76/><E60/><V115/><F115/><W45/><G28/><T99/><D99/><U89/><E32/><V71/><F97/><W83/><G13/><T39/><D39/><U131/><E131/><V119/><F29/><W95/><G22/><T87/><D87/><U41/><E41/><V96/><F20/><W33/><G33/><T36/><D36/><U111/><E42/><V98/><F85/><W15/><G15/><T109/><D109/><U66/><E111/><V69/><F110/><W116/><G116/><T101/><D101/><U78/><E100/><V121/><F119/><W107/><G103/><T21/><D21/><U77/><E40/><V43/><F43/><W27/><G102/><T0/><D0/><U129/><E129/><V113/><F113/><RYUUKYOKU ba="0,1" sc="240,30,250,-10,250,-10,250,-10" hai0="10,11,12,14,16,19,52,55,62,67,88,90,91" /><INIT seed="0,1,1,4,0,51" ten="270,240,240,240" oya="0" hai0="94,96,75,114,92,83,56,36,113,59,1,129,89" hai1="70,80,47,130,20,101,72,88,74,124,116,66,84" hai2="15,106,17,107,29,18,63,115,0,134,10,109,132" hai3="122,128,62,55,126,125,64,110,16,22,71,26,7"/><T30/><D1/><U3/><E116/><V21/><F63/><W121/><G110/><T111/><D36/><U77/><E3/><V76/><F76/><W135/><G7/><T97/><D30/><U44/><E130/><V11/><F107/><W98/><G135/><N who="2" m="51753" /><F106/><W54/><G98/><T120/><D129/><U93/><E124/><N who="3" m="47722" /><G128/><T103/><D120/><AGARI ba="1,1" hai="16,22,26,54,55,62,64,71,120,121,122" m="47722" machi="120" ten="30,8000,1" yaku="13,1,18,1,52,2,54,1" doraHai="51" who="3" fromWho="0" sc="270,-83,240,0,240,0,240,93" /><INIT seed="1,0,0,4,5,107" ten="187,240,240,333" oya="1" hai0="94,74,106,52,21,46,55,14,16,97,123,126,64" hai1="78,4,80,101,53,71,42,75,81,33,38,32,44" hai2="50,5,1,63,7,37,91,103,95,83,10,108,6" hai3="19,35,67,65,112,45,39,85,99,129,47,73,58"/><U115/><E115/><V133/><F37/><W24/><G112/><T113/><D113/><U117/><E117/><V90/><F108/><W121/><G73/><T110/><D110/><U88/><E71/><V118/><F133/><W27/><G129/><T79/><D106/><U132/><E132/><V9/><F118/><W57/><G85/><T96/><D126/><U25/><E101/><V122/><F122/><W134/><G19/><T0/><D0/><U13/><E53/><V76/><F50/><W3/><G134/><T84/><D123/><U135/><E135/><V72/><F63/><W105/><G99/><T111/><D111/><U41/><E41/><V22/><F22/><W92/><G92/><T93/><D64/><U20/><E13/><V130/><F7/><W102/><G105/><T104/><D104/><U23/><E23/><V30/><F30/><W87/><G87/><T54/><D74/><U125/><E4/><V12/><REACH who="2" step="1"/><F130/><REACH who="2" ten="187,240,230,333" step="2"/><W120/><G39/><T61/><D61/><U18/><E125/><V51/><F51/><W82/><G121/><T124/><D124/><U131/><E131/><V89/><F89/><W59/><G120/><T62/><D62/><U56/><E56/><V60/><F60/><W119/><G119/><T15/><D46/><U8/><E8/><V77/><F77/><W127/><G47/><T17/><D79/><U29/><E29/><V34/><F34/><W36/><G45/><T109/><D109/><U68/><E68/><V69/><F69/><W40/><G127/><T2/><D21/><U98/><E81/><V31/><F31/><RYUUKYOKU ba="0,1" sc="187,-15,240,15,230,15,333,-15" hai1="18,20,25,32,33,38,42,44,75,78,80,88,98" hai2="1,5,6,9,10,12,72,76,83,90,91,95,103" /><INIT seed="1,1,1,1,4,25" ten="172,255,245,318" oya="1" hai0="81,133,47,29,107,116,113,27,57,83,106,122,84" hai1="8,0,85,74,108,52,94,19,3,76,120,48,115" hai2="39,130,37,80,99,105,69,30,124,129,14,40,110" hai3="45,103,97,50,60,63,18,17,10,6,12,68,4"/><U127/><E115/><V36/><F110/><W22/><G68/><T5/><D116/><U135/><E120/><V132/><F132/><W88/><G18/><T7/><D113/><U38/><E38/><V102/><F124/><W44/><G44/><T79/><D133/><U59/><E74/><V26/><F14/><W131/><G131/><N who="2" m="50185" /><F80/><W82/><G6/><T104/><D122/><U28/><E127/><V56/><F56/><W70/><G70/><T112/><D112/><U118/><E118/><V23/><F69/><W2/><G82/><T20/><D57/><U128/><E108/><V32/><F23/><W64/><G64/><T87/><REACH who="0" step="1"/><D47/><AGARI ba="1,1" hai="26,30,32,36,37,39,40,47,99,102,105" m="50185" machi="47" ten="30,3900,0" yaku="19,1,23,1,52,1" doraHai="25" who="2" fromWho="0" sc="172,-42,255,0,245,52,318,0" /><INIT seed="2,0,0,4,4,92" ten="130,255,297,318" oya="2" hai0="66,120,60,10,64,46,81,53,9,45,105,129,41" hai1="13,19,98,56,118,48,32,47,99,85,75,90,121" hai2="119,37,117,28,34,50,128,27,77,8,62,127,82" hai3="20,35,116,49,95,4,14,100,114,67,72,122,7"/><V68/><F37/><W54/><G116/><T40/><D105/><U16/><E75/><N who="2" m="43327" /><F50/><W126/><G35/><T33/><D33/><U2/><E2/><V97/><F127/><W0/><G122/><T39/><D81/><N who="1" m="49455" /><E32/><V106/><F8/><W135/><G135/><T101/><D101/><U133/><E118/><V63/><F63/><W73/><G126/><T11/><D120/><U96/><E133/><V43/><F43/><W61/><G0/><T59/><REACH who="0" step="1"/><D129/><REACH who="0" ten="120,255,297,318" step="2"/><U112/><E121/><V131/><F119/><W78/><G100/><T70/><D70/><U30/><E112/><V24/><F117/><W18/><G114/><T76/><D76/><U65/><E30/><V111/><F131/><W124/><G78/><T84/><D84/><U71/><E71/><V55/><F128/><W88/><G73/><T86/><D86/><U108/><E108/><V79/><F111/><W17/><G72/><T125/><D125/><U36/><E36/><AGARI ba="0,1" hai="9,10,11,36,39,40,41,45,46,53,59,60,64,66" machi="36" ten="40,2600,0" yaku="1,1,9,1,53,0" doraHai="92" doraHaiUra="87" who="0" fromWho="1" sc="120,36,255,-26,297,0,318,0" /><INIT seed="3,0,0,4,0,18" ten="156,229,297,318" oya="3" hai0="15,112,131,49,55,30,13,69,84,39,61,120,21" hai1="92,59,50,51,81,29,46,107,7,87,23,89,115" hai2="99,17,24,94,75,108,133,9,38,53,32,122,119" hai3="91,114,121,2,48,113,97,47,74,95,52,68,129"/><W71/><G2/><T70/><D39/><U62/><E107/><V5/><F119/><W27/><G121/><T58/><D120/><U124/><E124/><V79/><F38/><W4/><G4/><T12/><D131/><U98/><E115/><V102/><F122/><W34/><G74/><T85/><D112/><U10/><E46/><V104/><F53/><W42/><G129/><T63/><D69/><U67/><E10/><V33/><F108/><W109/><G71/><T31/><D70/><U3/><E7/><V101/><F133/><W110/><G68/><T25/><D31/><U82/><E82/><V105/><F17/><W60/><G60/><T77/><D77/><U35/><E35/><V66/><F66/><W56/><G42/><T86/><AGARI ba="0,0" hai="12,13,15,21,25,30,49,55,58,61,63,84,85,86" machi="86" ten="30,4000,0" yaku="0,1,8,1,52,1" doraHai="18" who="0" fromWho="0" sc="156,40,229,-10,297,-10,318,-20" /><INIT seed="4,0,0,0,1,12" ten="196,219,287,298" oya="0" hai0="27,38,76,70,17,54,2,30,33,119,68,43,47" hai1="75,105,135,93,49,67,106,79,116,31,34,87,122" hai2="74,113,86,53,103,81,96,59,92,48,61,26,42" hai3="3,21,8,40,125,63,94,73,24,65,25,50,64"/><T84/><D119/><U130/><E67/><V134/><F113/><W69/><G73/><T72/><D84/><U101/><E49/><V115/><F115/><W28/><G125/><T98/><D54/><U78/><E31/><V9/><F134/><W36/><G65/><T71/><D98/><U89/><E34/><V52/><F74/><W55/><G40/><T4/><D17/><U46/><E46/><V77/><F26/><W121/><G36/><T16/><D16/><U129/><E122/><V85/><F85/><W132/><G132/><T66/><D66/><U95/><E135/><V20/><F20/><W99/><G25/><T112/><D112/><U22/><E22/><V60/><F9/><W124/><G124/><T62/><D62/><U5/><E5/><V56/><F42/><W109/><G109/><T102/><D102/><U88/><E101/><V97/><F97/><W110/><G110/><T120/><D120/><U0/><E0/><V118/><F118/><W15/><G3/><T13/><D13/><U41/><E41/><V14/><F14/><W126/><G126/><T6/><D6/><U10/><E10/><V133/><F133/><W114/><G114/><T80/><D70/><U11/><E11/><AGARI ba="0,0" hai="2,4,11,27,30,33,38,43,47,68,71,72,76,80" machi="11" ten="40,12000,1" yaku="25,2,33,3" doraHai="12" who="0" fromWho="1" sc="196,120,219,-120,287,0,298,0" /><INIT seed="4,1,0,5,1,62" ten="316,99,287,298" oya="0" hai0="36,57,16,49,51,122,108,22,120,21,66,92,17" hai1="89,53,64,90,25,109,41,91,83,12,48,126,67" hai2="23,19,59,14,103,87,105,132,70,55,118,26,32" hai3="135,9,50,15,125,29,81,101,60,93,133,47,97"/><T119/><D36/><U27/><E109/><V116/><F70/><W72/><G29/><T34/><D34/><U38/><E38/><V111/><F111/><W75/><G125/><T52/><D119/><N who="2" m="45610" /><F132/><N who="3" m="50763" /><G81/><T30/><D30/><U71/><E71/><V37/><F37/><W43/><G60/><T7/><D108/><U99/><E41/><V42/><F42/><W63/><G63/><T84/><D7/><AGARI ba="1,0" hai="7,9,15,43,47,50,72,75,93,97,101" m="50763" machi="7" ten="30,1000,0" yaku="20,1" doraHai="62" who="3" fromWho="0" sc="316,-13,99,0,287,0,298,13" /><INIT seed="5,0,0,1,1,88" ten="303,99,287,311" oya="1" hai0="69,56,26,98,118,1,130,115,112,59,121,71,76" hai1="84,13,77,6,45,29,52,94,44,39,81,46,134" hai2="37,70,8,75,25,23,53,101,2,108,58,105,4" hai3="83,21,78,60,82,102,33,132,40,92,123,35,32"/><U120/><E120/><V119/><F108/><W24/><G132/><T10/><D118/><U116/><E116/><V125/><F70/><N who="0" m="26634" /><D130/><U100/><E134/><V95/><F125/><W12/><G123/><T62/><D121/><U0/><E0/><V109/><F109/><W80/><G60/><T90/><D76/><U27/><E39/><V117/><F75/><W110/><G110/><T89/><D26/><U15/><E6/><V51/><F105/><W103/><G40/><T99/><D56/><U61/><E27/><V47/><F101/><W63/><G63/><T91/><D10/><U36/><E29/><V72/><F72/><W16/><G78/><T28/><D28/><U7/><E7/><V48/><F95/><W41/><G41/><T122/><D1/><U11/><E36/><V104/><F104/><W54/><G54/><N who="0" m="34167" /><D122/><U131/><E131/><V106/><F106/><W124/><G124/><T14/><D14/><U3/><E3/><V111/><F37/><W97/><REACH who="3" step="1"/><G103/><REACH who="3" ten="303,99,287,301" step="2"/><T5/><D91/><U126/><E126/><V135/><F111/><W127/><G127/><T9/><D90/><U129/><E129/><V66/><F135/><W34/><G34/><T86/><D112/><U50/><E61/><N who="2" m="38199" /><F51/><W57/><G57/><T73/><D115/><U38/><E38/><V30/><F119/><W55/><G55/><T42/><D42/><U133/><E133/><V128/><F117/><W20/><G20/><T113/><D113/><U87/><E100/><V22/><F128/><W96/><G96/><T18/><D99/><U107/><E50/><V19/><F23/><RYUUKYOKU ba="0,1" sc="303,-15,99,-15,287,15,301,15" hai2="2,4,8,19,22,25,30,47,48,53" hai3="12,16,21,24,32,33,35,80,82,83,92,97,102" /><INIT seed="6,1,1,0,3,34" ten="288,84,302,316" oya="2" hai0="6,126,58,65,116,37,104,134,17,96,60,92,87" hai1="62,119,18,55,111,47,44,11,30,77,25,105,90" hai2="13,128,86,75,51,57,125,22,40,124,100,112,27" hai3="56,15,83,79,132,16,113,130,72,10,67,9,61"/><V120/><F75/><W46/><G113/><T127/><D134/><U107/><E119/><V0/><F120/><W24/><G130/><T95/><D116/><U32/><E111/><V108/><F0/><W117/><G132/><T133/><D133/><U36/><E77/><V121/><F121/><W69/><G117/><T7/><D37/><U53/><E90/><V66/><F112/><W38/><G24/><T94/><D17/><U64/><E18/><V103/><F13/><W1/><G56/><T74/><D74/><U99/><E11/><V135/><F135/><W91/><G91/><T63/><D87/><U43/><E47/><N who="2" m="26087" /><F86/><W42/><G1/><T80/><D80/><U59/><E107/><V68/><F68/><W82/><G82/><T39/><D39/><U4/><E4/><V8/><F8/><AGARI ba="1,1" hai="8,9,10,15,16,38,42,46,61,67,69,72,79,83" machi="8" ten="30,2000,0" yaku="7,1,54,1" doraHai="34" who="3" fromWho="2" sc="288,0,84,0,302,-23,316,33" /><INIT seed="7,0,0,4,3,102" ten="288,84,279,349" oya="3" hai0="127,110,70,46,105,73,4,13,22,66,92,10,132" hai1="8,27,131,57,87,48,51,24,6,62,123,72,81" hai2="32,34,58,71,133,14,25,93,29,9,15,90,21" hai3="109,82,126,39,3,64,49,83,54,44,0,119,129"/><W2/><G119/><T107/><D110/><U96/><E131/><V1/><F71/><W108/><G129/><T98/><D73/><U114/><E114/><V60/><F133/><W74/><G126/><T106/><D132/><U94/><E72/><V69/><F69/><W135/><G135/><T112/><D112/><U52/><E123/><V65/><F15/><W117/><G117/><T134/><D134/><U63/><E6/><V68/><F68/><W5/><G64/><T7/><D127/><U77/><E8/><V12/><F12/><W125/><G125/><T17/><D46/><U113/><E113/><V95/><F1/><W61/><G61/><T47/><D47/><U55/><E63/><V122/><F95/><W18/><G39/><T43/><D43/><U59/><REACH who="1" step="1"/><E62/><REACH who="1" ten="288,74,279,349" step="2"/><V116/><F122/><W111/><G74/><T100/><D70/><U23/><E23/><V85/><F116/><W45/><G5/><AGARI ba="0,1" hai="5,9,14,21,25,29,32,34,58,60,65,85,90,93" machi="5" ten="30,1000,0" yaku="7,1" doraHai="102" who="2" fromWho="3" sc="288,0,74,0,279,20,349,-10" owari="288,-11.0,74,-43.0,299,10.0,339,44.0" /></mjloggm>