<mjloggm ver="2.3"><GO type="41" lobby="0"/><UN n0="%28%E3%83%BB%CE%98%E3%83%BB%29%E3%81%93%E3%81%A3%E3%81%93" n1="%E2%93%9D%53%75%70%68%78" n2="%6D%69%7A%75%79%6F%75" n3="%E3%81%AF%E3%82%80%E3%81%97" dan="15,18,15,14" rate="2022.21,2126.66,2058.70,1896.98" sx="M,M,M,M"/><TAIKYOKU oya="0"/><INIT seed="0,0,0,0,0,79" ten="250,250,250,250" oya="0" hai0="126,105,41,22,7,31,110,113,73,71,5,49,69" hai1="76,1,122,27,39,11,74,123,88,108,96,93,46" hai2="111,57,83,15,51,44,13,116,43,127,19,26,14" hai3="53,132,115,18,112,91,16,104,29,65,32,25,107"/><T84/><D113/><U97/><E27/><V28/><F111/><W62/><G132/><T101/><D110/><U35/><E35/><V33/><F127/><W64/><G53/><T70/><D126/><U40/><E97/><V94/><F116/><W109/><G109/><T92/><D73/><U90/><E90/><V6/><F94/><W117/><G117/><T80/><D105/><U114/><E114/><V121/><F121/><W85/><G112/><T54/><D41/><U120/><E108/><V0/><F57/><W118/><G118/><T58/><D101/><U89/><E89/><V34/><F34/><W66/><G62/><T119/><D92/><U134/><E134/><V87/><F0/><W78/><G78/><T30/><D119/><U124/><E124/><V4/><REACH who="2" step="1"/><F19/><REACH who="2" ten="250,250,240,250" step="2"/><W67/><N who="3" m="16384" /><DORA hai="72" /><W98/><G115/><T75/><D75/><U68/><E68/><V2/><F2/><W50/><G107/><T135/><D135/><U63/><E123/><V81/><F81/><W42/><G104/><T21/><D31/><U55/><E122/><V56/><F56/><W38/><G16/><T102/><D30/><U130/><E120/><V20/><F20/><W61/><G18/><T77/><REACH who="0" step="1"/><D102/><REACH who="0" ten="240,250,240,250" step="2"/><U37/><E93/><V125/><F125/><W128/><G29/><T48/><D48/><U52/><E74/><V17/><F17/><W100/><G50/><T59/><D59/><U86/><E39/><V106/><F106/><W47/><G38/><T82/><D82/><U129/><E37/><V99/><F99/><W131/><G98/><T8/><D8/><RYUUKYOKU ba="0,2" sc="240,15,250,-15,240,15,250,-15" hai0="5,7,21,22,49,54,58,69,70,71,77,80,84" hai2="4,6,13,14,15,26,28,33,43,44,51,83,87" /><INIT seed="0,1,2,3,0,107" ten="255,235,255,235" oya="0" hai0="114,39,0,19,118,119,54,94,59,85,83,112,106" hai1="120,90,101,15,111,20,100,56,22,31,58,4,131" hai2="113,24,33,66,108,70,44,45,17,115,124,127,25" hai3="123,116,117,48,47,128,135,42,133,35,77,64,13"/><T1/><D106/><U105/><E105/><V86/><F108/><W50/><G35/><T53/><D39/><U40/><E120/><V71/><F71/><W78/><BYE who="2" /><G123/><T81/><D94/><U91/><E131/><V97/><F97/><W41/><G128/><T103/><D103/><N who="1" m="39499" /><E40/><V37/><F37/><W96/><G64/><T27/><D27/><N who="1" m="16871" /><E111/><V67/><F67/><W93/><G13/><T110/><D110/><U32/><E32/><V74/><F74/><W99/><REACH who="3" step="1"/><G93/><REACH who="3" ten="255,235,255,225" step="2"/><T102/><D119/><U55/><E15/><V129/><F129/><W3/><G3/><T11/><D118/><U132/><E132/><UN n2="%6D%69%7A%75%79%6F%75" /><V8/><F66/><W57/><G57/><T51/><D59/><U125/><E58/><V79/><F70/><W76/><G76/><T60/><D0/><U14/><E125/><V16/><F79/><W34/><G34/><T61/><D1/><U89/><E22/><V2/><F33/><W63/><G63/><T26/><D61/><N who="1" m="35999" /><E14/><V73/><F2/><W7/><G7/><AGARI ba="1,3" hai="4,7,89,90,91" m="35999,16871,39499" machi="7" ten="30,1000,0" yaku="8,1" doraHai="107" who="1" fromWho="3" sc="255,0,235,43,255,0,225,-13" /><INIT seed="1,0,0,2,1,118" ten="255,278,255,212" oya="1" hai0="70,63,132,53,51,0,124,40,74,95,129,48,23" hai1="133,107,87,10,8,119,120,101,71,32,34,72,58" hai2="52,29,99,26,77,20,125,91,1,123,41,61,68" hai3="128,97,115,122,47,114,117,28,104,80,12,86,64"/><U50/><E119/><V135/><F125/><W9/><G117/><T73/><D124/><U126/><E126/><V31/><F135/><W112/><G128/><T88/><D132/><U25/><E133/><V46/><F1/><W69/><G122/><T43/><D129/><U44/><E72/><V90/><F77/><W62/><G28/><T16/><D0/><U33/><E71/><V35/><F123/><W30/><G30/><T4/><D4/><U82/><E58/><V79/><F79/><W27/><G27/><N who="0" m="14823" /><D70/><U15/><E120/><V7/><F7/><W76/><G47/><N who="0" m="27807" /><D73/><U130/><E130/><V83/><F68/><W92/><G104/><T13/><D74/><U39/><E39/><V100/><F35/><W59/><G69/><T108/><D63/><U11/><E25/><V116/><F31/><W24/><G24/><T56/><D108/><U75/><E75/><V42/><F116/><W38/><G38/><T106/><D106/><U78/><E107/><V110/><F110/><W3/><G3/><T21/><D21/><U109/><E109/><V19/><F29/><W103/><REACH who="3" step="1"/><G114/><REACH who="3" ten="255,278,255,202" step="2"/><T96/><D13/><U113/><E113/><V81/><F26/><W98/><G98/><T37/><D37/><U45/><E15/><V17/><F99/><W14/><G14/><T85/><D96/><U93/><E50/><V57/><F46/><W89/><G89/><T84/><D84/><U2/><E2/><V105/><F105/><W134/><G134/><T5/><D51/><U111/><E111/><V121/><F91/><W60/><G60/><T131/><D131/><RYUUKYOKU ba="0,1" sc="255,-15,278,15,255,-15,202,15" hai1="8,10,11,32,33,34,44,45,78,82,87,93,101" hai3="9,12,59,62,64,76,80,86,92,97,103,112,115" /><INIT seed="1,1,1,0,5,115" ten="240,293,240,217" oya="1" hai0="130,92,129,85,47,100,127,121,41,18,117,82,126" hai1="32,52,106,34,45,8,99,131,122,94,44,112,103" hai2="40,71,1,98,104,38,30,135,56,87,67,3,36" hai3="61,116,119,75,2,48,35,72,66,68,62,125,5"/><U102/><E112/><V128/><F135/><W0/><G35/><T31/><D31/><U54/><E122/><V21/><F128/><N who="0" m="49258" /><D18/><U33/><E131/><V101/><F87/><W79/><G125/><N who="0" m="47627" /><D41/><U9/><E94/><V86/><F86/><W76/><G48/><T17/><D17/><U19/><E19/><V50/><F21/><W118/><G62/><T89/><D121/><U110/><E110/><V57/><F57/><W37/><G37/><T88/><D47/><N who="1" m="17995" /><E99/><V105/><F105/><W81/><G5/><T23/><D23/><U73/><E73/><V59/><F59/><W74/><REACH who="3" step="1"/><G79/><REACH who="3" ten="240,293,240,207" step="2"/><N who="0" m="46303" /><D117/><U7/><E7/><V22/><F36/><W83/><G83/><T84/><D84/><AGARI ba="1,2" hai="0,2,61,66,68,72,74,75,76,81,84,116,118,119" machi="84" ten="50,12000,2" yaku="1,1,12,1,52,3,53,1" doraHai="115" doraHaiUra="80" who="3" fromWho="0" sc="240,-123,293,0,240,0,207,143" /><INIT seed="2,0,0,0,5,94" ten="117,293,240,350" oya="2" hai0="44,70,113,122,83,117,86,128,61,40,21,119,54" hai1="129,52,58,63,33,59,127,15,81,16,131,46,90" hai2="25,97,106,36,88,41,55,116,28,13,75,96,79" hai3="7,80,102,82,105,74,10,73,43,77,45,133,130"/><V112/><F112/><W20/><G130/><N who="1" m="49674" /><E33/><V95/><F116/><N who="0" m="44618" /><D113/><U48/><E127/><V14/><F41/><W29/><G133/><T0/><D128/><U22/><E63/><V69/><F36/><W30/><G102/><T108/><D0/><U123/><E123/><V110/><F110/><W71/><G71/><T39/><D21/><U11/><E22/><V91/><F55/><W125/><G105/><T98/><D122/><U57/><E90/><V62/><F79/><W24/><G125/><T60/><D108/><U47/><E47/><V115/><F75/><W135/><G135/><T101/><D54/><U27/><E81/><V53/><F91/><W72/><G80/><T92/><D70/><U5/><E27/><V126/><F126/><W78/><G78/><AGARI ba="0,0" hai="39,40,44,60,61,78,83,86,92,98,101" m="44618" machi="78" ten="30,2000,0" yaku="12,1,52,1" doraHai="94" who="0" fromWho="3" sc="117,20,293,0,240,0,350,-20" /><INIT seed="3,0,0,1,1,26" ten="137,293,240,330" oya="3" hai0="3,39,84,4,101,57,93,95,132,59,42,120,106" hai1="104,23,124,105,112,22,41,97,130,98,0,113,49" hai2="29,68,133,80,72,79,74,108,70,55,71,1,8" hai3="94,51,88,16,131,19,76,5,91,85,43,25,13"/><W38/><G38/><T69/><D120/><U123/><E49/><V115/><F108/><W118/><G118/><T110/><D110/><U18/><E41/><V20/><F115/><W46/><G131/><T40/><D69/><U17/><E0/><V61/><F133/><W122/><G122/><T66/><D66/><U92/><E123/><V36/><F72/><W114/><G114/><T129/><D39/><U6/><E92/><V9/><F36/><W67/><G67/><T30/><D4/><U90/><E6/><V87/><F74/><W60/><G60/><T134/><D3/><U34/><E90/><V100/><F100/><W125/><G125/><T27/><D101/><U83/><E83/><V56/><REACH who="2" step="1"/><F1/><REACH who="2" ten="137,293,230,330" step="2"/><W35/><G76/><T53/><D134/><U32/><REACH who="1" step="1"/><E130/><REACH who="1" ten="137,283,230,330" step="2"/><V127/><F127/><AGARI ba="0,2" hai="17,18,22,23,32,34,97,98,104,105,112,113,124,127" machi="127" ten="25,6400,0" yaku="1,1,2,1,22,2,53,0" doraHai="26" doraHaiUra="121" who="1" fromWho="2" sc="137,0,283,84,230,-64,330,0" /><INIT seed="4,0,0,5,5,107" ten="137,367,166,330" oya="0" hai0="93,39,112,50,126,73,56,102,89,125,80,66,135" hai1="41,7,104,72,94,75,113,49,84,79,91,120,14" hai2="101,76,82,17,115,134,22,51,45,53,15,18,24" hai3="109,16,114,90,8,67,6,81,26,38,92,96,61"/><T116/><D39/><U40/><E120/><V43/><F115/><W63/><G109/><T54/><D116/><U131/><E104/><V1/><F134/><W4/><G114/><T25/><D112/><U70/><E70/><V95/><F1/><W74/><G38/><T9/><D135/><U42/><E131/><V117/><F117/><W133/><G133/><T21/><D9/><U127/><E127/><V77/><F101/><W69/><G63/><T33/><D33/><U3/><E3/><V48/><F95/><W23/><REACH who="3" step="1"/><G8/><REACH who="3" ten="137,367,166,320" step="2"/><T35/><D35/><U37/><E37/><V108/><F108/><W10/><G10/><T30/><D102/><U68/><E113/><V60/><F60/><W100/><G100/><T122/><D122/><U31/><E49/><V132/><F132/><W111/><G111/><T98/><REACH who="0" step="1"/><D66/><REACH who="0" ten="127,367,166,320" step="2"/><U64/><E64/><V0/><F0/><W58/><G58/><T123/><D123/><U86/><E68/><V85/><F45/><W44/><G44/><T29/><D29/><U5/><E31/><V129/><F129/><W71/><G71/><T110/><D110/><U121/><E121/><V118/><F118/><W20/><G20/><T83/><D83/><U36/><E36/><V32/><F22/><W97/><G97/><T119/><D119/><U52/><E7/><V28/><F32/><W103/><G103/><T124/><D124/><U46/><E46/><V128/><F28/><W88/><G88/><T62/><D62/><U47/><E47/><V130/><F128/><W34/><G34/><T105/><D105/><U2/><E2/><RYUUKYOKU ba="0,2" sc="127,15,367,-15,166,-15,320,15" hai0="21,25,30,50,54,56,73,80,89,93,98,125,126" hai3="4,6,16,23,26,61,67,69,74,81,90,92,96" /><INIT seed="4,1,2,2,3,57" ten="142,352,151,335" oya="0" hai0="122,45,69,130,12,79,66,32,119,81,37,135,98" hai1="131,108,28,126,97,30,94,54,103,60,95,115,31" hai2="96,90,133,4,16,19,105,62,48,120,3,117,85" hai3="9,6,11,0,121,17,15,49,132,104,36,64,43"/><T55/><D122/><U93/><E108/><V107/><F120/><W13/><G121/><T39/><D119/><U84/><E131/><V88/><F133/><W101/><G132/><T109/><D135/><U77/><E126/><V24/><F117/><W58/><G36/><T27/><D130/><U83/><E115/><V72/><F72/><W106/><G101/><T34/><D109/><U40/><E40/><V18/><F4/><W73/><G73/><T41/><D98/><U1/><E1/><V2/><F24/><W59/><G0/><T35/><D12/><U71/><REACH who="1" step="1"/><E54/><REACH who="1" ten="142,342,151,335" step="2"/><V20/><F2/><N who="3" m="215" /><G43/><T67/><D55/><U5/><E5/><V128/><F3/><W92/><G104/><T118/><D118/><U91/><E91/><V26/><F128/><W68/><G106/><T129/><D129/><U80/><E80/><V22/><F107/><W86/><G92/><T8/><D41/><U21/><E21/><V110/><F20/><W52/><G52/><T61/><D35/><U63/><E63/><V53/><F62/><W124/><G124/><T23/><D23/><U25/><E25/><V29/><F110/><W47/><G15/><T7/><D27/><U112/><E112/><V42/><F42/><W74/><G13/><T75/><D32/><U44/><E44/><N who="2" m="27783" /><F105/><W70/><G47/><T134/><D45/><U14/><E14/><V33/><F33/><W111/><G111/><T65/><D34/><U116/><E116/><V113/><F113/><W76/><G11/><T56/><D134/><U82/><E82/><N who="2" m="49207" /><F90/><W51/><G76/><T46/><D79/><RYUUKYOKU ba="1,3" sc="142,-15,342,15,151,15,335,-15" hai1="28,30,31,60,71,77,83,84,93,94,95,97,103" hai2="16,18,19,22,26,29,96" /><INIT seed="5,2,3,1,4,86" ten="127,357,166,320" oya="1" hai0="119,115,76,35,85,107,132,117,135,12,5,47,124" hai1="126,45,94,36,105,25,109,69,18,111,10,113,28" hai2="95,46,133,61,50,52,55,121,123,60,26,84,70" hai3="27,15,92,118,75,114,48,72,103,128,14,29,39"/><U110/><E105/><V67/><F133/><N who="0" m="51274" /><D35/><U8/><E113/><V63/><F26/><W90/><G39/><T131/><D47/><U21/><E126/><V65/><F95/><W23/><G114/><T102/><D115/><U71/><E94/><V91/><F84/><W130/><G103/><T101/><D5/><U31/><E36/><V3/><F91/><W82/><G48/><T83/><D12/><N who="3" m="4649" /><G82/><T40/><D40/><U59/><E59/><N who="2" m="34919" /><F3/><W98/><G118/><N who="0" m="45067" /><D124/><U108/><E45/><V56/><AGARI ba="2,3" hai="46,50,55,56,61,63,65,67,70,121,123" m="34919" machi="56" ten="30,4000,0" yaku="34,2,54,1" doraHai="86" who="2" fromWho="2" sc="127,-12,357,-22,166,76,320,-12" /><INIT seed="6,0,0,5,0,59" ten="115,335,242,308" oya="2" hai0="120,86,61,21,80,26,84,15,81,101,72,41,8" hai1="121,32,130,31,94,116,135,126,11,119,19,88,75" hai2="107,0,4,70,95,112,83,6,104,122,53,9,98" hai3="106,117,38,17,79,134,54,33,66,93,1,96,124"/><V43/><F122/><W87/><G117/><T115/><D120/><U40/><E75/><V30/><F112/><W113/><G1/><T114/><D72/><U58/><E130/><V76/><F6/><W48/><G33/><T46/><D101/><U125/><E135/><V22/><F70/><W131/><G38/><T50/><D114/><U73/><E40/><V63/><F43/><W7/><G7/><T14/><D115/><U65/><E73/><V18/><F30/><W102/><G113/><T133/><D133/><U47/><E47/><V92/><F92/><W74/><G134/><T23/><D23/><U90/><E31/><V3/><F3/><W69/><G124/><N who="1" m="47722" /><E32/><V85/><F53/><W68/><G66/><T56/><D84/><N who="1" m="52487" /><E90/><V105/><F95/><W55/><G131/><T35/><D35/><U49/><E121/><V24/><REACH who="2" step="1"/><F98/><REACH who="2" ten="115,335,232,308" step="2"/><W28/><G96/><T67/><D81/><U13/><E65/><V44/><F44/><W127/><G93/><T100/><D100/><U82/><E82/><V132/><F132/><W51/><G102/><T12/><D80/><U10/><E119/><V110/><F110/><W77/><G28/><T64/><D86/><U129/><E129/><V42/><F42/><W71/><G87/><T37/><D67/><U97/><E97/><V123/><F123/><W39/><G127/><T16/><REACH who="0" step="1"/><D37/><REACH who="0" ten="105,335,232,308" step="2"/><U108/><E116/><V118/><F118/><W99/><G39/><T89/><D89/><U34/><E108/><V78/><F78/><W103/><G77/><T109/><D109/><U111/><E111/><V60/><AGARI ba="0,2" hai="0,4,9,18,22,24,60,63,76,83,85,104,105,107" machi="60" ten="40,12000,1" yaku="1,1,5,1,0,1,52,2,53,0" doraHai="59" doraHaiUra="29" who="2" fromWho="2" sc="105,-40,335,-40,232,140,308,-40" /><INIT seed="6,1,0,0,2,80" ten="65,295,372,268" oya="2" hai0="26,107,113,117,65,17,24,135,27,45,37,98,94" hai1="19,131,87,111,16,21,132,61,88,120,49,10,40" hai2="0,6,72,91,133,39,13,46,95,68,114,125,77" hai3="35,108,129,15,118,5,124,4,20,12,1,96,57"/><V130/><F114/><W109/><G118/><T36/><D113/><U82/><E111/><V2/><F133/><W83/><G35/><T32/><D117/><U28/><E132/><V116/><F116/><W99/><G124/><T63/><D135/><U9/><E131/><V50/><F130/><W11/><G129/><T60/><D107/><U64/><E120/><V105/><F105/><W119/><G119/><T54/><D32/><U14/><E28/><V90/><F68/><W86/><G1/><T55/><D17/><U84/><E84/><V71/><F71/><W79/><G57/><T112/><D112/><U22/><E40/><V33/><F33/><W41/><G41/><T43/><D65/><U51/><E10/><V34/><F34/><W31/><G108/><T128/><D128/><U104/><E104/><V122/><F39/><W18/><G109/><T78/><D78/><U85/><E85/><V69/><F69/><W101/><G31/><T134/><D134/><U8/><E8/><V126/><F122/><W100/><REACH who="3" step="1"/><G4/><REACH who="3" ten="65,295,372,258" step="2"/><T3/><D3/><U97/><E19/><V70/><F6/><W42/><G42/><T123/><D123/><U48/><REACH who="1" step="1"/><E97/><AGARI ba="1,1" hai="5,11,12,15,18,20,79,83,86,96,97,99,100,101" machi="97" ten="40,8000,1" yaku="1,1,8,1,52,1,53,1" doraHai="80" doraHaiUra="73" who="3" fromWho="1" sc="65,0,295,-83,372,0,258,93" /><INIT seed="7,0,0,0,3,6" ten="65,212,372,351" oya="3" hai0="20,39,28,59,115,18,50,29,99,107,69,33,122" hai1="66,17,101,106,36,116,130,105,125,73,109,72,88" hai2="0,14,2,84,82,8,55,31,96,89,68,103,21" hai3="43,108,63,98,42,34,49,22,127,80,7,90,48"/><W16/><G34/><T117/><D122/><U46/><E66/><V70/><F68/><W27/><G127/><T95/><D117/><U61/><E61/><V123/><F70/><W86/><G108/><T51/><D107/><U38/><E46/><V87/><F123/><W110/><G110/><T13/><D39/><U124/><E109/><V79/><F55/><W104/><G7/><T77/><D69/><U119/><E17/><V44/><F44/><W3/><G3/><T113/><D77/><U93/><E130/><V131/><F131/><W23/><G63/><T74/><D74/><U76/><E38/><V65/><F65/><W9/><G9/><T75/><D75/><U52/><E52/><V126/><F126/><W118/><G118/><T83/><D83/><U56/><E36/><V112/><F112/><W5/><G5/><T62/><D33/><U12/><E56/><V32/><F32/><W67/><G67/><T71/><D71/><U94/><E12/><V102/><F96/><W37/><G37/><T24/><D29/><U47/><E47/><V111/><F111/><W54/><G23/><T133/><D133/><U132/><E76/><V92/><F0/><W11/><G11/><N who="0" m="6463" /><D115/><U35/><E35/><V57/><F57/><N who="3" m="32967" /><G49/><T58/><D113/><U64/><E64/><V114/><F2/><W120/><G120/><T128/><D128/><U91/><REACH who="1" step="1"/><E101/><REACH who="1" ten="65,202,372,351" step="2"/><V1/><F1/><W129/><G129/><T45/><D45/><U19/><E19/><N who="2" m="8647" /><F114/><W121/><G121/><T10/><D59/><U60/><E60/><V78/><F78/><W135/><G135/><AGARI ba="0,1" hai="72,73,88,91,93,94,105,106,116,119,124,125,132,135" machi="135" ten="25,16000,3" yaku="1,1,6,1,22,2,34,3,54,1,53,0" doraHai="6" doraHaiUra="41" who="1" fromWho="3" sc="65,0,202,170,372,0,351,-160" owari="65,-43.0,372,47.0,372,17.0,191,-21.0" /></mjloggm>