<mjloggm ver="2.3"><GO type="41" lobby="0"/><UN n0="%E3%81%BE%E3%81%A3%E3%81%B4%E3%83%BC%E2%98%85" n1="%4E%69%68%69%6C" n2="%E3%83%AA%E3%83%AA%E3%82%A3%E3%83%8A%E3%82%A4%E3%83%88" n3="%E2%93%9D%53%75%70%68%78" dan="15,14,14,18" rate="1966.36,1851.51,1932.14,2183.46" sx="M,M,M,M"/><TAIKYOKU oya="0"/><INIT seed="0,0,0,1,2,52" ten="250,250,250,250" oya="0" hai0="97,72,17,131,41,38,30,42,105,68,21,82,9" hai1="29,36,54,130,27,67,12,102,56,39,61,115,50" hai2="127,40,58,133,93,129,119,80,77,91,132,96,13" hai3="122,32,34,11,99,118,8,126,44,46,106,89,60"/><T124/><D131/><U104/><E130/><V10/><F129/><W28/><G118/><T123/><D68/><U45/><E115/><V63/><F40/><W35/><G28/><T117/><D117/><U84/><E84/><V81/><F119/><W70/><G126/><T66/><D124/><U128/><E128/><V64/><F127/><W87/><G122/><T100/><D123/><U114/><E114/><V7/><REACH who="2" step="1"/><F77/><REACH who="2" ten="250,250,240,250" step="2"/><W69/><G35/><T37/><D41/><U49/><E39/><V110/><F110/><W14/><G34/><T4/><D42/><U65/><E36/><V88/><F88/><W108/><G89/><T53/><D38/><U48/><E102/><V19/><F19/><W74/><G108/><T107/><D37/><U18/><E104/><V1/><F1/><W86/><G106/><T24/><D107/><U26/><E45/><V0/><F0/><W98/><G32/><T6/><D66/><N who="1" m="25099" /><E29/><V90/><F90/><W95/><G46/><T135/><D135/><AGARI ba="0,1" hai="7,10,13,58,63,64,80,81,91,93,96,132,133,135" machi="135" ten="40,5200,0" yaku="1,1,20,1,52,1,53,0" doraHai="52" doraHaiUra="112" who="2" fromWho="0" sc="250,-52,250,0,240,62,250,0" /><INIT seed="1,0,0,4,1,33" ten="198,250,302,250" oya="1" hai0="23,79,77,2,56,119,90,91,125,89,22,94,131" hai1="76,12,71,118,14,30,51,108,40,95,52,107,25" hai2="93,130,20,113,58,54,80,74,3,132,34,24,43" hai3="123,55,29,5,60,1,13,85,44,49,82,122,73"/><U116/><E107/><V102/><F34/><W27/><G73/><T21/><D119/><U8/><E71/><V84/><F74/><W120/><G13/><T45/><D131/><U114/><E114/><V129/><F132/><W26/><G60/><T103/><D125/><U106/><E106/><V72/><F72/><W47/><G47/><T32/><D32/><U50/><E76/><V117/><F117/><W110/><G110/><T11/><D45/><U67/><E67/><V100/><F43/><W88/><REACH who="3" step="1"/><G29/><REACH who="3" ten="198,250,302,240" step="2"/><T19/><D56/><U63/><E108/><V104/><F129/><W133/><G133/><T112/><D112/><U126/><E14/><V124/><F113/><W96/><G96/><T128/><D128/><U17/><E118/><V10/><F130/><W81/><G81/><T68/><D68/><U61/><E116/><V97/><F124/><W31/><G31/><T7/><REACH who="0" step="1"/><D19/><REACH who="0" ten="188,250,302,240" step="2"/><N who="1" m="8583" /><E126/><V135/><F135/><W4/><G4/><T83/><D83/><U66/><E17/><V87/><F80/><W98/><G98/><AGARI ba="0,2" hai="2,7,11,21,22,23,77,79,89,90,91,94,98,103" machi="98" ten="40,5200,0" yaku="1,1,52,1,53,1" doraHai="33" doraHaiUra="92" who="0" fromWho="3" sc="188,72,250,0,302,0,240,-52" /><INIT seed="2,0,0,0,4,119" ten="260,250,302,188" oya="2" hai0="25,90,41,23,74,58,110,134,130,15,101,37,95" hai1="75,73,39,34,8,99,79,120,18,27,68,49,89" hai2="104,30,127,32,44,17,132,84,20,122,29,128,112" hai3="35,76,102,88,26,92,118,10,117,114,96,105,67"/><V63/><F104/><W94/><G10/><T1/><D1/><U109/><E39/><V66/><F112/><W135/><G67/><T115/><D115/><U45/><E68/><V86/><F127/><W3/><G3/><T16/><D74/><U133/><E133/><V72/><F72/><W11/><G11/><T28/><D134/><U60/><E109/><V71/><F132/><W78/><G26/><T97/><D110/><U46/><E60/><V81/><F44/><W91/><G35/><T131/><D37/><U69/><E69/><V80/><F32/><W70/><G70/><T56/><D41/><U5/><E79/><N who="3" m="30250" /><G114/><T111/><D111/><U123/><E46/><V36/><F36/><W55/><G55/><T54/><D101/><U19/><E34/><V107/><F107/><W7/><G7/><T42/><D42/><U129/><E27/><V0/><F0/><W83/><G135/><T48/><REACH who="0" step="1"/><D58/><REACH who="0" ten="250,250,302,188" step="2"/><U85/><E75/><V113/><F71/><W62/><G118/><T33/><AGARI ba="0,1" hai="15,16,23,25,28,33,48,54,56,90,95,97,130,131" machi="33" ten="30,8000,1" yaku="1,1,2,1,0,1,54,1,53,1" doraHai="119" doraHaiUra="87" who="0" fromWho="0" sc="250,90,250,-20,302,-40,188,-20" /><INIT seed="3,0,0,0,3,45" ten="340,230,262,168" oya="3" hai0="75,68,83,122,95,70,5,57,69,96,43,105,39" hai1="131,133,91,55,0,81,40,121,123,65,1,48,34" hai2="26,24,80,49,119,22,15,110,102,124,78,63,20" hai3="104,101,21,72,19,100,94,125,11,132,85,62,98"/><W13/><G125/><T14/><D122/><U115/><E115/><V33/><F119/><W31/><G132/><T51/><D105/><U87/><E133/><V28/><F110/><W84/><G72/><T36/><D75/><U37/><E131/><V4/><F124/><W79/><G104/><T64/><D83/><U89/><E34/><V128/><F102/><W59/><G101/><T66/><D5/><U7/><E65/><V2/><F63/><W71/><G71/><T113/><D14/><U30/><E30/><V54/><F128/><W120/><G79/><T116/><D95/><U126/><E126/><V106/><F106/><W32/><G32/><T67/><D96/><U60/><E60/><V88/><F78/><W99/><G99/><T27/><D27/><U77/><E123/><V16/><F4/><W82/><G82/><T107/><D107/><U112/><E112/><V6/><F6/><W18/><G120/><T44/><D113/><U93/><E7/><V47/><F2/><W42/><G42/><T117/><D57/><U130/><E130/><V12/><F33/><W127/><G127/><T86/><D86/><AGARI ba="0,0" hai="12,15,16,20,22,24,26,28,47,49,54,80,86,88" machi="86" ten="40,8000,1" yaku="8,1,52,1,54,2" doraHai="45" who="2" fromWho="0" sc="340,-80,230,0,262,80,168,0" /><INIT seed="4,0,0,2,1,66" ten="260,230,342,168" oya="0" hai0="81,54,93,131,135,120,133,7,49,132,95,23,114" hai1="13,106,8,22,63,116,127,71,117,119,5,101,103" hai2="14,75,18,70,29,59,30,51,61,91,134,32,4" hai3="19,43,21,26,77,102,3,73,35,79,38,100,90"/><T20/><D120/><U85/><E127/><V126/><F75/><W41/><G3/><T0/><D114/><U52/><E106/><V122/><F122/><W104/><G35/><T42/><D42/><U45/><E85/><V6/><F91/><W83/><G79/><T89/><D131/><U10/><E22/><V124/><F51/><W31/><G31/><T128/><D128/><U11/><E13/><V57/><F57/><W121/><G121/><T84/><D7/><U97/><E5/><N who="2" m="2155" /><F59/><W98/><G102/><T17/><D0/><U110/><E97/><V39/><F70/><W64/><G38/><T113/><D23/><U105/><E105/><V68/><F68/><W53/><G64/><T50/><D113/><U40/><E110/><V76/><F61/><W80/><G53/><T44/><REACH who="0" step="1"/><D50/><REACH who="0" ten="250,230,342,168" step="2"/><U72/><E40/><V9/><F39/><W118/><G118/><T16/><D16/><U2/><E2/><V111/><F32/><W46/><G43/><T88/><D88/><U78/><E116/><V74/><F76/><W65/><G90/><T60/><D60/><U115/><E115/><V94/><F124/><W108/><G77/><T125/><D125/><U58/><E117/><V15/><F126/><W36/><G36/><T47/><D47/><U82/><E45/><V24/><F9/><W37/><G37/><T69/><D69/><U56/><E71/><V62/><F62/><W99/><G46/><T1/><D1/><U12/><E119/><V112/><F112/><W48/><G41/><T86/><D86/><U107/><E63/><V130/><F130/><RYUUKYOKU ba="0,1" sc="250,30,230,-10,342,-10,168,-10" hai0="17,20,44,49,54,81,84,89,93,95,132,133,135" /><INIT seed="4,1,1,2,5,71" ten="280,220,332,158" oya="0" hai0="129,117,47,39,40,112,4,104,14,114,46,25,126" hai1="54,100,134,45,16,97,130,10,8,74,133,34,21" hai2="87,124,61,3,107,59,62,103,76,63,102,56,60" hai3="48,123,128,96,68,106,6,58,125,23,41,120,121"/><T83/><D104/><U122/><E122/><V86/><F3/><W109/><G6/><T78/><D117/><U81/><E34/><V84/><F107/><W95/><G106/><T38/><D129/><U131/><E74/><V77/><F124/><W15/><G68/><T118/><D126/><U12/><E81/><V18/><F18/><W55/><G125/><T110/><D118/><U49/><E8/><V105/><F105/><W98/><G109/><T13/><D25/><U26/><E10/><V50/><F50/><W119/><G119/><T37/><D4/><U11/><E11/><V115/><F115/><N who="0" m="44074" /><D110/><U17/><E26/><V53/><F53/><W113/><G113/><T88/><D88/><U79/><E17/><V57/><N who="2" m="15360" /><DORA hai="32" /><V85/><N who="2" m="21504" /><DORA hai="108" /><V72/><REACH who="2" step="1"/><F72/><REACH who="2" ten="280,220,322,158" step="2"/><W5/><G123/><T73/><D46/><U43/><E54/><V33/><F33/><W42/><G121/><T94/><D94/><U65/><E49/><AGARI ba="1,2" hai="13,14,37,38,39,40,47,49,73,78,83" m="44074" machi="49" ten="40,18000,2" yaku="15,1,52,6" doraHai="71,32,108" who="0" fromWho="1" sc="280,203,220,-183,322,0,158,0" /><INIT seed="4,2,0,3,5,34" ten="483,37,322,158" oya="0" hai0="127,120,11,10,47,44,122,74,96,80,71,81,113" hai1="79,125,64,41,15,50,133,38,53,12,128,116,62" hai2="78,101,112,7,85,103,111,67,63,36,27,70,109" hai3="118,54,92,45,46,129,9,37,2,76,23,77,95"/><T115/><D96/><U19/><E116/><V18/><F36/><W134/><G118/><T93/><D93/><U56/><E79/><V89/><F7/><W110/><G110/><T91/><D91/><U29/><E29/><V107/><F78/><W52/><G23/><T66/><D66/><U20/><E128/><V5/><F5/><W131/><G37/><T0/><D71/><U119/><E119/><V102/><F18/><W57/><G57/><T28/><D28/><U87/><E133/><V58/><F27/><W90/><G90/><T88/><D88/><U16/><E125/><V21/><F21/><W72/><G9/><T69/><D69/><U98/><E98/><V65/><F107/><W1/><G72/><T106/><D106/><U17/><E87/><V105/><F105/><W55/><G55/><T104/><D104/><U100/><E100/><V123/><F123/><W33/><REACH who="3" step="1"/><G33/><REACH who="3" ten="483,37,322,148" step="2"/><T84/><D74/><U51/><E20/><V22/><F22/><W13/><G13/><T75/><D75/><U14/><E38/><V40/><F70/><W73/><G73/><T94/><D122/><U97/><E41/><V68/><F40/><W60/><G60/><T121/><D120/><U30/><E53/><V82/><F68/><W114/><G114/><T42/><D121/><U49/><E30/><V48/><F112/><W24/><G24/><T39/><D115/><U3/><REACH who="1" step="1"/><E97/><REACH who="1" ten="483,27,322,148" step="2"/><V6/><F109/><W32/><G32/><T31/><D113/><U4/><E4/><V132/><F111/><W126/><G126/><T135/><D31/><U108/><E108/><RYUUKYOKU ba="2,2" sc="483,-15,27,15,322,-15,148,15" hai1="3,12,14,15,16,17,19,49,50,51,56,62,64" hai3="1,2,45,46,52,54,76,77,92,95,129,131,134" /><INIT seed="5,3,2,2,4,77" ten="468,42,307,163" oya="1" hai0="60,4,135,3,124,24,96,94,128,7,108,111,43" hai1="75,29,91,123,81,67,36,42,90,106,47,2,113" hai2="76,53,41,129,115,112,89,48,0,16,50,117,103" hai3="102,120,134,28,12,15,68,69,32,40,14,45,74"/><U88/><E123/><V1/><F117/><W118/><G120/><T25/><D128/><U26/><E106/><V31/><F31/><W78/><G134/><T105/><D105/><U57/><E2/><V18/><F129/><W132/><G132/><T125/><D135/><U73/><E113/><V6/><F53/><W44/><G102/><T70/><D43/><U33/><E67/><V51/><F103/><W66/><G45/><T8/><D7/><U35/><E33/><V20/><F89/><W63/><G118/><T98/><D60/><U49/><E57/><V114/><F76/><W131/><G131/><T126/><D70/><U97/><E36/><V83/><F83/><W100/><G100/><N who="0" m="60439" /><D98/><U52/><E42/><V21/><F41/><W79/><G69/><T80/><D80/><U92/><REACH who="1" step="1"/><E81/><REACH who="1" ten="468,32,307,163" step="2"/><V46/><F46/><W9/><G44/><T59/><D59/><U19/><E19/><N who="2" m="7211" /><F6/><W133/><G133/><T87/><D3/><AGARI ba="3,3" hai="0,1,3,20,21,48,50,51,112,114,115" m="7211" machi="3" ten="40,8000,1" yaku="28,2,15,1,11,1,54,1" doraHai="77" who="2" fromWho="0" sc="468,-89,32,0,307,119,163,0" /><INIT seed="6,0,0,1,3,91" ten="379,32,426,163" oya="2" hai0="18,12,9,94,7,101,64,111,102,34,95,71,14" hai1="127,90,65,41,83,117,59,86,109,4,39,67,80" hai2="11,73,78,6,29,20,135,62,113,35,28,19,119" hai3="107,124,125,126,85,55,36,15,53,46,43,92,104"/><V106/><F106/><N who="3" m="40491" /><G15/><T21/><D34/><U87/><E109/><V68/><F113/><W0/><G0/><T70/><D111/><U24/><E117/><V22/><F73/><W3/><G3/><T110/><D110/><U120/><E4/><V88/><F78/><W50/><G36/><T1/><D1/><U5/><E5/><V123/><F119/><W79/><G79/><T100/><REACH who="0" step="1"/><D64/><REACH who="0" ten="369,32,426,163" step="2"/><U118/><E67/><N who="2" m="41079" /><F35/><W89/><AGARI ba="0,1" hai="43,46,50,53,55,85,89,92,124,125,126" m="40491" machi="89" ten="40,2700,0" yaku="18,1,52,1" doraHai="91" who="3" fromWho="3" sc="369,-7,32,-7,426,-13,163,37" /><INIT seed="7,0,0,5,3,112" ten="362,25,413,200" oya="3" hai0="19,43,92,98,99,18,78,37,74,113,87,91,17" hai1="62,30,58,11,14,63,48,119,49,1,107,44,69" hai2="33,40,86,71,88,47,57,54,10,23,76,51,79" hai3="31,45,50,121,39,81,124,129,132,6,109,13,134"/><W53/><G121/><T117/><D43/><U3/><E107/><V128/><F33/><W75/><G31/><T123/><D37/><U118/><E30/><V111/><F111/><W108/><G6/><T65/><D123/><U42/><E14/><V68/><F128/><W102/><G102/><T46/><D46/><U94/><E94/><V116/><F116/><N who="1" m="44585" /><E11/><V84/><F68/><W9/><G124/><T131/><D117/><U73/><E73/><V2/><F71/><W70/><G129/><T32/><D131/><U80/><E80/><N who="2" m="49159" /><F2/><W28/><G28/><T38/><D38/><N who="1" m="21591" /><E1/><V72/><F72/><W122/><G122/><T64/><D32/><U26/><E26/><V0/><F0/><W97/><G75/><T41/><D41/><U59/><E3/><V105/><F105/><W67/><G81/><T36/><D36/><U85/><E85/><V4/><F23/><W120/><G120/><T5/><D5/><U115/><E115/><V52/><F79/><W29/><G39/><T27/><D113/><U89/><E89/><V101/><F101/><W130/><G130/><T20/><D74/><U22/><E22/><V35/><F35/><W56/><G109/><T25/><D78/><U104/><E104/><V133/><F57/><N who="1" m="21513" /><E69/><V103/><F103/><W110/><G110/><T24/><REACH who="0" step="1"/><D20/><REACH who="0" ten="352,25,413,200" step="2"/><U93/><E93/><V34/><F34/><W21/><G108/><T114/><D114/><U82/><E82/><V55/><F76/><W96/><G21/><T126/><D126/><U8/><E8/><V66/><F10/><W83/><G9/><T90/><D90/><RYUUKYOKU ba="0,1" sc="352,15,25,15,413,-15,200,-15" hai0="17,18,19,24,25,27,64,65,87,91,92,98,99" hai1="48,49,62,63" owari="367,17.0,40,-46.0,408,50.0,185,-21.0" /></mjloggm>