<mjloggm ver="2.3"><GO type="41" lobby="0"/><UN n0="%E2%93%9D%53%75%70%68%78" n1="%E5%B0%8F%E5%80%89%E5%AD%9D%EF%BC%88%E4%BB%AE%EF%BC%89" n2="%4B%2E%46%75" n3="%6D%63%73%37%38%33%37" dan="18,13,15,14" rate="2126.80,1992.17,1891.49,1880.29" sx="M,M,M,M"/><TAIKYOKU oya="0"/><INIT seed="0,0,0,5,3,102" ten="250,250,250,250" oya="0" hai0="67,133,123,110,59,35,66,33,57,61,96,60,40" hai1="41,125,98,68,132,39,34,65,82,11,71,45,15" hai2="100,111,9,97,44,4,27,114,56,25,13,86,105" hai3="124,87,16,7,50,78,101,3,63,12,49,8,128"/><T135/><D96/><U2/><E34/><V38/><F111/><W75/><G75/><T52/><D110/><U42/><E2/><V26/><F114/><W6/><G124/><T84/><D84/><U36/><E82/><V20/><F86/><W53/><G128/><T55/><REACH who="0" step="1"/><D40/><REACH who="0" ten="240,250,250,250" step="2"/><U64/><E98/><V18/><REACH who="2" step="1"/><F56/><REACH who="2" ten="240,250,240,250" step="2"/><N who="3" m="35215" /><G3/><T131/><D131/><U22/><E125/><V5/><F5/><W88/><G7/><T74/><D74/><U48/><E71/><V73/><F73/><W118/><G6/><T77/><D77/><U129/><E68/><V81/><F81/><W30/><G78/><T121/><AGARI ba="0,2" hai="33,35,52,55,57,59,60,61,66,67,121,123,133,135" machi="121" ten="25,12000,1" yaku="1,1,0,1,22,2,54,1,53,0" doraHai="102" doraHaiUra="108" who="0" fromWho="0" sc="240,140,250,-40,240,-40,250,-40" /><INIT seed="0,1,0,2,4,133" ten="380,210,200,210" oya="0" hai0="67,8,123,70,98,42,77,29,112,89,2,76,13" hai1="47,21,135,30,87,95,111,125,73,62,0,93,18" hai2="131,116,40,46,91,103,1,22,37,85,119,28,44" hai3="75,55,66,83,78,16,84,107,124,65,58,12,20"/><T82/><D2/><U90/><E111/><V45/><F1/><W79/><G107/><T35/><D123/><U52/><E73/><V23/><F131/><W24/><G124/><T106/><D42/><U17/><E0/><V132/><F132/><W115/><G115/><T3/><D3/><U61/><E135/><V101/><F40/><W49/><G78/><T122/><D122/><U118/><E61/><V68/><F37/><W92/><G75/><T41/><D41/><U104/><E104/><V39/><F39/><W126/><G126/><T32/><D112/><U9/><E125/><V27/><F68/><W36/><G36/><T96/><D67/><U88/><E9/><V86/><F23/><W19/><REACH who="3" step="1"/><G92/><REACH who="3" ten="380,210,200,200" step="2"/><T60/><D77/><U54/><E93/><V11/><F116/><W38/><G38/><T105/><D76/><U69/><E95/><V128/><F119/><W74/><G74/><T72/><D106/><U81/><E118/><V33/><F128/><W114/><G114/><T94/><D105/><U10/><E81/><V56/><F91/><W80/><G80/><T59/><D82/><U50/><E90/><V129/><F101/><W121/><G121/><T117/><D72/><U14/><E88/><V102/><F103/><W113/><G113/><T5/><D117/><U4/><E87/><V15/><F102/><W64/><G64/><N who="0" m="38943" /><D98/><U57/><REACH who="1" step="1"/><E69/><REACH who="1" ten="380,200,200,200" step="2"/><V63/><F129/><W51/><G51/><T110/><D70/><U100/><E100/><V34/><F85/><W6/><G6/><T26/><D110/><U31/><E31/><V120/><F86/><RYUUKYOKU ba="1,2" sc="380,10,200,10,200,-30,200,10" hai0="5,8,13,26,29,32,35,89,94,96" hai1="4,10,14,17,18,21,30,47,50,52,54,57,62" hai3="12,16,19,20,24,49,55,58,65,66,79,83,84" /><INIT seed="0,2,2,5,5,74" ten="390,210,170,210" oya="0" hai0="117,58,10,57,81,55,78,13,9,133,16,43,111" hai1="128,7,107,95,17,5,93,27,26,105,1,2,125" hai2="61,97,66,29,31,129,98,14,120,108,106,102,49" hai3="86,6,4,56,77,50,114,119,45,54,20,88,83"/><T39/><D117/><U21/><E21/><V15/><F120/><W62/><G114/><T82/><D133/><U70/><E17/><V134/><F134/><W53/><G119/><T42/><D111/><U94/><E70/><V113/><F108/><W131/><G131/><T37/><D55/><U126/><E93/><V135/><F113/><W24/><REACH who="3" step="1"/><G77/><REACH who="3" ten="390,210,170,200" step="2"/><T68/><D78/><U11/><E128/><V91/><F129/><W19/><AGARI ba="2,3" hai="4,6,19,20,24,45,50,53,54,56,62,83,86,88" machi="19" ten="20,12000,2" yaku="1,1,2,1,0,1,7,1,8,1,54,1,53,0" doraHai="74" doraHaiUra="25" who="3" fromWho="3" sc="390,-62,210,-32,170,-32,200,156" /><INIT seed="1,0,0,2,3,42" ten="328,178,138,356" oya="1" hai0="89,120,97,56,32,63,125,2,85,109,47,79,28" hai1="83,115,98,126,128,99,110,49,5,39,132,12,118" hai2="124,30,80,6,44,29,10,4,57,59,78,96,113" hai3="102,9,21,15,40,71,26,61,60,19,88,94,111"/><U8/><E115/><V69/><F124/><W25/><G102/><T105/><D2/><U22/><E39/><V43/><F69/><W62/><G111/><T112/><D109/><U106/><E118/><V50/><F113/><W51/><G26/><T119/><D120/><U23/><E110/><V123/><F123/><W74/><G74/><T54/><D125/><U20/><E132/><V76/><F96/><W135/><G135/><T127/><D79/><U24/><E24/><V36/><F78/><W46/><G71/><T131/><D131/><U11/><E11/><V81/><F81/><W1/><G1/><T70/><D32/><U37/><E37/><V27/><F27/><W103/><G103/><T82/><D28/><U0/><E106/><V35/><F35/><W122/><G122/><T31/><D31/><N who="2" m="11786" /><F36/><W114/><G114/><T64/><D119/><U3/><E128/><V107/><F107/><W14/><REACH who="3" step="1"/><G9/><REACH who="3" ten="328,178,138,346" step="2"/><T130/><D130/><U58/><E126/><V93/><F10/><W65/><G65/><T33/><D127/><U104/><E0/><V108/><F108/><W87/><AGARI ba="0,1" hai="14,15,19,21,25,40,46,51,60,61,62,87,88,94" machi="87" ten="30,12000,2" yaku="1,1,0,1,8,1,52,1,54,1,53,1" doraHai="42" doraHaiUra="86" who="3" fromWho="3" sc="328,-30,178,-60,138,-30,346,130" /><INIT seed="2,0,0,4,5,6" ten="298,118,108,476" oya="2" hai0="16,15,47,99,66,38,130,102,103,89,50,67,111" hai1="126,131,71,24,82,109,80,37,123,19,40,55,9" hai2="69,12,108,4,61,65,128,53,135,7,70,14,115" hai3="41,23,68,118,107,0,21,48,101,32,79,54,73"/><V78/><F115/><W58/><G32/><T116/><D111/><U72/><E71/><V85/><F128/><W45/><G68/><T117/><D38/><U1/><E131/><V83/><F135/><W57/><G101/><T133/><D130/><U63/><E109/><V114/><F108/><W13/><G107/><T120/><D120/><U25/><E126/><V30/><F114/><W97/><G97/><T28/><D28/><U91/><E82/><V10/><F30/><W132/><G58/><T100/><D133/><U26/><E63/><V94/><F53/><W110/><G118/><N who="0" m="45675" /><D89/><U36/><E55/><V34/><F34/><W75/><G75/><T134/><D99/><U60/><E60/><V124/><F124/><W27/><G0/><T92/><D92/><U31/><E91/><V106/><F106/><W93/><G93/><T35/><D35/><U52/><E52/><V33/><F33/><W46/><G79/><T3/><D3/><U125/><E125/><V122/><F122/><W87/><G73/><T84/><D84/><U2/><E31/><V112/><F112/><W42/><G87/><T88/><D88/><U59/><E59/><N who="2" m="37055" /><F94/><W49/><G132/><T127/><D134/><U86/><E72/><V51/><F51/><W43/><G110/><T119/><D119/><U8/><E123/><V39/><F39/><N who="1" m="14921" /><E19/><V20/><F4/><W81/><G49/><T113/><D127/><U11/><E40/><V96/><F96/><W105/><G105/><T17/><D113/><U64/><E64/><N who="0" m="24617" /><D50/><U98/><E98/><V90/><F90/><W121/><G121/><RYUUKYOKU ba="0,0" sc="298,-15,118,15,108,15,476,-15" hai1="1,2,8,9,11,24,25,26,80,86" hai2="7,10,12,14,20,69,70,78,83,85" /><INIT seed="2,1,0,1,1,53" ten="283,133,123,461" oya="2" hai0="35,64,50,115,57,26,103,74,16,65,61,54,77" hai1="98,120,134,3,10,6,123,46,24,119,113,80,129" hai2="56,118,42,96,68,22,114,78,31,51,48,125,90" hai3="67,131,27,12,135,40,58,32,89,107,70,88,72"/><V28/><F114/><W85/><G107/><T39/><D115/><U128/><E119/><V33/><F118/><W20/><G72/><T81/><D39/><U55/><E113/><V100/><F78/><W8/><G32/><T79/><D103/><U63/><E98/><V82/><F68/><W69/><G40/><T133/><D133/><U126/><E80/><V75/><F75/><W110/><G110/><T49/><D79/><U111/><E111/><V121/><F121/><N who="1" m="46665" /><E24/><V45/><F125/><W76/><G135/><T132/><D132/><U11/><E11/><V5/><F5/><W108/><G108/><T21/><D35/><U15/><E134/><V60/><F51/><W30/><G76/><T122/><D122/><U34/><E34/><V36/><F36/><W18/><G89/><T71/><D65/><U62/><E3/><V13/><F33/><W0/><G131/><N who="1" m="50250" /><E126/><V23/><F100/><W44/><G0/><T84/><D74/><U91/><E91/><V101/><F101/><W94/><G8/><T7/><D7/><U112/><E112/><V102/><F102/><W95/><G27/><T105/><D105/><U1/><E1/><V93/><F82/><W37/><G95/><T14/><D26/><U117/><E117/><V25/><F25/><W127/><G127/><T130/><D130/><U66/><E66/><N who="2" m="39175" /><F13/><W59/><G12/><T4/><D4/><U86/><E86/><V99/><F96/><W2/><G85/><T73/><D73/><U109/><E109/><V52/><F42/><W97/><G2/><T83/><D83/><U87/><E87/><RYUUKYOKU ba="1,0" sc="283,10,133,10,123,10,461,-30" hai0="14,16,21,49,50,54,57,61,64,71,77,81,84" hai1="6,10,15,46,55,62,63" hai2="22,23,28,31,45,48,52,90,93,99" /><INIT seed="2,2,0,2,5,4" ten="293,143,133,431" oya="2" hai0="62,132,13,84,28,0,88,32,8,83,63,54,98" hai1="127,60,126,42,48,55,82,122,97,103,59,23,128" hai2="109,71,24,64,123,5,112,79,31,30,11,104,117" hai3="44,75,21,33,15,18,37,6,38,25,2,26,94"/><V35/><F112/><W40/><G75/><T124/><D0/><U51/><E128/><V108/><F117/><W22/><G94/><T1/><D1/><U58/><E122/><V134/><F123/><W121/><G38/><T41/><D132/><U111/><E111/><N who="2" m="42571" /><F134/><W113/><G121/><T67/><D41/><U7/><E7/><V16/><F16/><W81/><G81/><T85/><D124/><N who="1" m="47659" /><E42/><V120/><F120/><W93/><G93/><T53/><D28/><U61/><E23/><V90/><F104/><W34/><G113/><T119/><D32/><U36/><E36/><V46/><F46/><W106/><G106/><T49/><D119/><U76/><E76/><V43/><F43/><W105/><G105/><T80/><D98/><U91/><E91/><V99/><F79/><W77/><G77/><N who="0" m="46095" /><D67/><N who="1" m="39319" /><E82/><V47/><F47/><W20/><G2/><T110/><D110/><U135/><E135/><V10/><F31/><W102/><G6/><N who="0" m="3223" /><D54/><U115/><E115/><V133/><F133/><W96/><G34/><T118/><D118/><U65/><E65/><V125/><F125/><W45/><G33/><T17/><D17/><U50/><E61/><N who="2" m="40335" /><F5/><W57/><G40/><T3/><D3/><U70/><E70/><V101/><F101/><W52/><G37/><T74/><D74/><U130/><E130/><V9/><F90/><W68/><G68/><T107/><D107/><AGARI ba="2,0" hai="48,50,51,55,59,97,103,107" m="39319,47659" machi="107" ten="30,1000,0" yaku="18,1" doraHai="4" who="1" fromWho="0" sc="293,-16,143,16,133,0,431,0" /><INIT seed="3,0,0,1,0,12" ten="277,159,133,431" oya="3" hai0="22,67,83,93,5,91,16,3,98,20,19,100,123" hai1="4,41,37,126,129,51,114,133,14,113,25,71,1" hai2="103,94,33,95,127,44,49,53,106,109,72,81,17" hai3="69,120,21,9,82,8,45,7,26,125,62,28,79"/><W78/><G120/><T75/><D123/><U59/><E133/><V48/><F33/><W43/><G125/><T122/><D122/><U63/><E1/><V68/><F68/><W50/><G69/><T88/><D67/><U101/><E101/><V40/><F127/><W58/><G82/><T56/><D5/><U35/><E71/><V134/><F134/><W97/><G97/><T31/><D31/><U108/><E37/><V38/><F109/><W121/><G9/><T104/><D56/><U30/><E108/><V102/><F106/><W57/><G57/><T66/><D66/><U10/><E129/><V87/><F72/><W117/><G117/><T107/><D3/><U32/><E32/><V73/><F73/><W15/><REACH who="3" step="1"/><G121/><REACH who="3" ten="277,159,133,421" step="2"/><T11/><D11/><U46/><REACH who="1" step="1"/><E126/><REACH who="1" ten="277,149,133,421" step="2"/><V0/><F38/><W65/><AGARI ba="0,2" hai="7,8,15,21,26,28,43,45,50,58,62,65,78,79" machi="65" ten="20,12000,1" yaku="1,1,2,1,0,1,7,1,8,1,53,0" doraHai="12" doraHaiUra="115" who="3" fromWho="3" sc="277,-40,149,-40,133,-40,421,140" /><INIT seed="3,1,0,0,0,48" ten="237,109,93,561" oya="3" hai0="50,135,119,85,82,124,6,11,20,99,10,87,90" hai1="100,65,0,75,22,91,7,97,15,3,123,111,125" hai2="51,27,52,131,19,61,62,55,104,46,58,64,24" hai3="83,127,23,96,109,102,103,98,113,132,18,70,80"/><W39/><G70/><T117/><D135/><U76/><E123/><V43/><F131/><W26/><G39/><T88/><D124/><U73/><E125/><V21/><F104/><W28/><G127/><T57/><D99/><U5/><E91/><V128/><F128/><W118/><G118/><T12/><D20/><U53/><E65/><V1/><F1/><W71/><G109/><T133/><D133/><U74/><E76/><V60/><F60/><W2/><G71/><T17/><D57/><U31/><E31/><V78/><F78/><W14/><G2/><T93/><REACH who="0" step="1"/><D50/><REACH who="0" ten="227,109,93,561" step="2"/><U67/><E22/><N who="2" m="13407" /><F62/><W59/><G132/><T79/><D79/><U129/><E129/><V94/><F94/><W16/><G59/><T4/><D4/><U32/><E5/><V72/><F72/><W63/><G98/><T9/><D9/><U120/><E7/><V114/><F114/><W33/><G96/><T36/><D36/><U126/><E75/><V56/><F58/><W66/><G33/><T45/><D45/><U25/><E74/><V35/><F35/><W69/><G69/><T42/><D42/><U68/><E73/><V115/><F115/><W121/><G121/><T38/><D38/><U34/><E120/><V77/><F77/><W54/><G113/><T107/><D107/><U112/><E126/><V134/><F134/><W89/><G63/><T30/><D30/><AGARI ba="1,1" hai="21,27,30,43,46,51,52,55,56,61,64" m="13407" machi="30" ten="30,7700,0" yaku="8,1,52,2,54,1" doraHai="48" who="2" fromWho="0" sc="227,-80,109,0,93,90,561,0" /><INIT seed="4,0,0,4,1,41" ten="147,109,183,561" oya="0" hai0="11,23,48,65,53,26,70,22,86,18,10,29,6" hai1="58,81,21,66,83,106,121,75,24,89,12,130,85" hai2="90,92,78,37,16,54,108,46,125,1,114,0,19" hai3="28,2,9,17,73,43,61,4,59,104,103,94,68"/><T107/><D107/><U77/><E106/><V47/><F114/><W100/><G73/><T60/><D86/><U84/><E121/><V127/><F108/><W71/><G43/><T27/><REACH who="0" step="1"/><D6/><REACH who="0" ten="137,109,183,561" step="2"/><U116/><E84/><V57/><F125/><W5/><G5/><T30/><D30/><U97/><E97/><V101/><F127/><W88/><G28/><T52/><D52/><U35/><E116/><V40/><F54/><W67/><G104/><T124/><D124/><U15/><E35/><V38/><F40/><W111/><G111/><T120/><D120/><U76/><E130/><V115/><F115/><W25/><G4/><T119/><D119/><U123/><E123/><V129/><F129/><W62/><G17/><T3/><D3/><U36/><E77/><V20/><F78/><W45/><G2/><T128/><D128/><U51/><E36/><V132/><F19/><W110/><G110/><T126/><D126/><U105/><E105/><V102/><F16/><W91/><G71/><T112/><D112/><U72/><E72/><V135/><F1/><W113/><G68/><T82/><D82/><U117/><E117/><V133/><F0/><W8/><G113/><T39/><D39/><U95/><E83/><V42/><F37/><W44/><G94/><T87/><D87/><U7/><E7/><V80/><F92/><W56/><G67/><T118/><D118/><U32/><E32/><V131/><F131/><W33/><G33/><T14/><D14/><U63/><REACH who="1" step="1"/><E51/><REACH who="1" ten="137,99,183,561" step="2"/><N who="2" m="27095" /><F80/><W50/><G50/><T122/><D122/><U93/><E93/><V74/><F74/><RYUUKYOKU ba="0,2" sc="137,10,99,10,183,-30,561,10" hai0="10,11,18,22,23,26,27,29,48,53,60,65,70" hai1="12,15,21,24,58,63,66,75,76,81,85,89,95" hai3="8,9,25,44,45,56,59,61,62,88,91,100,103" /><INIT seed="4,1,2,0,2,16" ten="147,109,153,571" oya="0" hai0="92,91,111,121,96,124,80,86,95,47,100,69,37" hai1="56,26,116,1,101,39,76,108,89,8,81,46,127" hai2="40,87,21,18,110,28,99,66,11,88,114,20,2" hai3="31,119,5,113,4,72,122,106,44,9,133,125,58"/><T48/><D121/><U27/><E116/><V29/><F110/><W41/><G119/><T51/><D69/><U120/><E108/><V49/><F66/><W0/><G122/><T75/><D111/><U93/><E101/><V70/><F70/><W64/><G106/><T35/><D35/><U60/><E120/><V17/><F99/><W115/><G5/><T78/><REACH who="0" step="1"/><D124/><REACH who="0" ten="137,109,153,571" step="2"/><U135/><E127/><V90/><F114/><W36/><G125/><T43/><AGARI ba="1,3" hai="37,43,47,48,51,75,78,80,86,91,92,95,96,100" machi="43" ten="30,6000,0" yaku="1,1,2,1,0,1,53,0" doraHai="16" doraHaiUra="130" who="0" fromWho="0" sc="137,93,109,-21,153,-21,571,-21" /><INIT seed="4,2,0,0,2,37" ten="230,88,132,550" oya="0" hai0="109,110,64,121,26,61,13,68,81,116,75,20,99" hai1="55,120,40,12,98,19,53,43,15,65,36,59,50" hai2="51,41,94,48,24,7,95,52,44,106,54,6,4" hai3="31,108,133,76,0,91,49,107,67,3,57,73,60"/><T88/><D116/><U112/><E120/><V134/><F106/><W28/><G107/><T2/><D2/><U29/><E29/><V74/><F74/><W129/><G76/><T126/><D121/><U69/><E36/><V27/><F134/><W45/><G73/><T124/><D13/><U39/><E39/><V113/><F113/><W56/><G3/><T77/><D99/><U80/><E69/><V5/><N who="2" m="1024" /><DORA hai="38" /><V84/><F84/><W86/><G0/><T62/><D62/><N who="1" m="36207" /><E65/><V92/><REACH who="2" step="1"/><F54/><REACH who="2" ten="230,88,122,550" step="2"/><W14/><G133/><T93/><D110/><U122/><E112/><V132/><F132/><W30/><G108/><T125/><D109/><U102/><E122/><V131/><F131/><W101/><G129/><T47/><D126/><U105/><E105/><V119/><F119/><W8/><G86/><T18/><D125/><U32/><E98/><V111/><F111/><W33/><G33/><T135/><D135/><U1/><E32/><V117/><F117/><W34/><G34/><T58/><D124/><U85/><E1/><V63/><F63/><W100/><G60/><T83/><D75/><U17/><E102/><V66/><F66/><W42/><G67/><T23/><D64/><U130/><E130/><V25/><F25/><W72/><G101/><T11/><D26/><U9/><E15/><V103/><F103/><W96/><G100/><T128/><D128/><U104/><E104/><V35/><F35/><W118/><G72/><T89/><D61/><U70/><E70/><V87/><F87/><W22/><G118/><T127/><D127/><U115/><E115/><RYUUKYOKU ba="2,1" sc="230,-10,88,-10,122,30,550,-10" hai2="24,27,41,44,48,51,52,92,94,95" /><INIT seed="5,3,1,2,1,108" ten="220,78,152,540" oya="1" hai0="125,117,90,100,25,114,105,64,36,48,63,87,45" hai1="124,84,4,43,68,120,75,47,35,123,27,22,11" hai2="49,17,103,28,77,1,122,19,116,128,127,98,41" hai3="26,33,113,16,133,109,110,112,73,29,30,88,23"/><U38/><E35/><V107/><F1/><W72/><G88/><T65/><D114/><N who="3" m="44137" /><G133/><T14/><D125/><U53/><E68/><V32/><F116/><W126/><G126/><T5/><D36/><U13/><E75/><N who="3" m="28746" /><G30/><T101/><D90/><U111/><E111/><V0/><F77/><W37/><G37/><T69/><D101/><U118/><E118/><V50/><F28/><W6/><G6/><T52/><D5/><U34/><E34/><V76/><F76/><W132/><G132/><T54/><D100/><U86/><E124/><V130/><F127/><W95/><G95/><T60/><D117/><U44/><E44/><V15/><F32/><W9/><G9/><T55/><D45/><U97/><E97/><V67/><F98/><W8/><G8/><T80/><D105/><U18/><REACH who="1" step="1"/><E53/><REACH who="1" ten="220,68,152,540" step="2"/><V10/><F41/><W62/><G110/><T66/><D55/><U7/><E7/><V96/><F96/><W82/><G109/><T115/><D115/><U78/><E78/><V39/><F130/><W92/><G33/><T51/><D54/><U79/><E79/><V58/><F58/><W57/><G57/><T106/><D52/><U81/><E81/><V2/><F128/><W61/><G82/><T119/><D80/><U134/><E134/><V93/><F107/><W91/><G62/><T20/><D63/><U85/><AGARI ba="3,2" hai="4,11,13,18,22,27,38,43,47,84,85,86,120,123" machi="85" ten="30,12000,1" yaku="1,1,0,1,53,3" doraHai="108" doraHaiUra="83" who="1" fromWho="1" sc="220,-43,68,149,152,-43,540,-43" /><INIT seed="5,4,0,5,4,39" ten="177,217,109,497" oya="1" hai0="19,17,72,66,25,29,63,127,80,38,32,92,81" hai1="126,21,105,102,77,58,97,54,23,114,33,9,82" hai2="121,125,42,135,116,47,94,7,28,95,71,89,56" hai3="30,106,123,35,107,15,73,83,85,99,134,132,115"/><U20/><E126/><V104/><F104/><W131/><G123/><T86/><D127/><U130/><E130/><V61/><F71/><W57/><G30/><T67/><D38/><U108/><E114/><V51/><F125/><W70/><G70/><T119/><D119/><U2/><E33/><V22/><F121/><W120/><G35/><T44/><D44/><U69/><E69/><V8/><F116/><W68/><G68/><T27/><D92/><U91/><E91/><V40/><F135/><N who="3" m="51755" /><G57/><T100/><D100/><U36/><E36/><V113/><F113/><W34/><G34/><T41/><D72/><U75/><E108/><V124/><F124/><W16/><G73/><T60/><D32/><U65/><E9/><V46/><F28/><W0/><G0/><T52/><D29/><U62/><REACH who="1" step="1"/><E2/><REACH who="1" ten="177,207,109,497" step="2"/><V133/><F133/><W1/><G115/><T118/><D118/><U5/><E5/><V93/><F22/><N who="3" m="11551" /><G1/><T6/><D6/><U79/><E79/><V111/><F111/><W18/><G131/><T13/><D13/><U76/><E76/><V90/><F8/><W101/><G120/><T50/><D27/><U87/><E87/><V84/><F7/><W45/><G85/><T64/><D25/><U117/><E117/><V129/><F129/><W37/><G37/><T26/><D26/><U59/><E59/><V110/><F110/><W53/><G101/><T122/><D122/><U109/><E109/><V3/><F3/><W103/><G103/><T74/><D74/><U112/><E112/><V11/><F11/><W55/><G99/><T31/><D86/><RYUUKYOKU ba="4,1" sc="177,-10,207,30,109,-10,497,-10" hai1="20,21,23,54,58,62,65,75,77,82,97,102,105" /><INIT seed="5,5,1,0,0,12" ten="167,237,99,487" oya="1" hai0="3,62,68,102,59,128,44,75,0,53,122,133,33" hai1="9,66,130,114,39,20,52,48,74,31,90,18,60" hai2="36,21,51,94,27,106,67,100,81,4,56,119,37" hai3="72,14,118,127,105,16,86,129,49,17,89,92,107"/><U61/><E39/><V15/><F119/><W10/><G72/><T71/><D75/><U42/><E74/><V41/><F106/><W120/><G120/><T126/><D33/><U104/><E104/><V134/><F134/><W64/><G64/><T123/><D102/><U35/><E9/><V25/><F81/><W132/><G132/><T7/><D7/><U101/><E101/><V30/><F27/><W95/><G127/><T108/><D108/><U50/><E31/><V103/><F103/><W5/><G95/><T65/><D128/><U73/><E35/><V121/><F121/><N who="0" m="46090" /><D126/><U11/><E11/><V112/><F112/><W113/><G49/><N who="0" m="28839" /><D133/><U85/><E73/><V91/><F100/><W79/><G79/><T125/><D125/><U40/><E66/><V43/><F36/><W78/><G78/><T46/><D46/><N who="1" m="27671" /><E114/><V99/><F37/><W38/><G113/><T70/><AGARI ba="5,1" hai="0,3,59,62,65,68,70,71" m="28839,46090" machi="70" ten="40,1500,0" yaku="13,1" doraHai="12" who="0" fromWho="0" sc="167,40,237,-12,99,-9,487,-9" /><INIT seed="6,0,0,4,3,109" ten="207,225,90,478" oya="2" hai0="93,105,88,42,79,62,112,34,2,23,126,82,107" hai1="110,8,96,75,129,55,123,68,61,73,21,97,134" hai2="103,60,54,124,101,121,63,47,64,18,80,59,102" hai3="99,31,119,3,89,24,91,106,6,83,19,16,30"/><V120/><F124/><W127/><G127/><T84/><D34/><U7/><E110/><V50/><F80/><W92/><G106/><T90/><D2/><U76/><E134/><V71/><REACH who="2" step="1"/><F18/><REACH who="2" ten="207,225,80,478" step="2"/><W0/><G19/><T48/><D82/><U27/><E123/><V26/><F26/><W46/><G16/><T4/><D126/><U58/><E27/><V67/><AGARI ba="0,1" hai="47,50,54,59,60,63,64,67,71,101,102,103,120,121" machi="67" ten="30,6000,0" yaku="1,1,0,1,53,1" doraHai="109" doraHaiUra="66" who="2" fromWho="2" sc="207,-20,225,-20,80,70,478,-20" /><INIT seed="6,1,0,1,0,41" ten="187,205,150,458" oya="2" hai0="11,27,99,71,74,84,133,40,69,111,19,72,68" hai1="35,48,65,23,135,123,53,37,51,13,66,38,81" hai2="131,49,2,129,76,79,22,54,60,9,134,55,70" hai3="1,102,119,25,28,107,127,130,91,33,73,82,83"/><V10/><F134/><W125/><G1/><T56/><D111/><U109/><E35/><V15/><F2/><W5/><G5/><T96/><D133/><U87/><E109/><V94/><F22/><W16/><G91/><T39/><D84/><U105/><E105/><V18/><F94/><W34/><G16/><T21/><D56/><U121/><E48/><V120/><F120/><N who="1" m="46153" /><E23/><V112/><F10/><W29/><G83/><T52/><D52/><U46/><E13/><V43/><F43/><W126/><G130/><N who="2" m="49673" /><F112/><W30/><G119/><T20/><D11/><U75/><E75/><V132/><F132/><W106/><G34/><T62/><D74/><U67/><E135/><V113/><F113/><W88/><G73/><T59/><D72/><U47/><E47/><N who="2" m="27967" /><F55/><W63/><G107/><T57/><D21/><U36/><E36/><V100/><F100/><W86/><G106/><T17/><D39/><U103/><E103/><V92/><F92/><W116/><G102/><T110/><D110/><U61/><E61/><V31/><F31/><N who="3" m="11851" /><G116/><T14/><D62/><AGARI ba="1,0" hai="25,30,33,62,63,82,86,88,125,126,127" m="11851" machi="62" ten="40,2600,0" yaku="18,1,54,1" doraHai="41" who="3" fromWho="0" sc="187,-29,205,0,150,0,458,29" /><INIT seed="7,0,0,2,4,101" ten="158,205,150,487" oya="3" hai0="51,5,23,56,59,133,35,22,0,75,21,4,86" hai1="17,85,1,40,130,12,96,64,80,48,55,94,91" hai2="45,63,111,109,18,125,14,42,89,37,114,74,49" hai3="54,72,34,3,13,128,38,103,76,57,116,112,120"/><W60/><G13/><T131/><D75/><U95/><E1/><V15/><F74/><W36/><G54/><T73/><D73/><U33/><E33/><V46/><F114/><W53/><G103/><T43/><D35/><U66/><E40/><V67/><F125/><W24/><G53/><T121/><D0/><U11/><E130/><V6/><F6/><N who="0" m="2666" /><D133/><U81/><E95/><V113/><F113/><W82/><G24/><T126/><D121/><U16/><E17/><V93/><F14/><W32/><G60/><T90/><D131/><U78/><E81/><V19/><F19/><W108/><G57/><AGARI ba="0,0" hai="11,12,16,48,55,57,64,66,78,80,85,91,94,96" machi="57" ten="30,3900,0" yaku="7,1,8,1,54,1" doraHai="101" who="1" fromWho="3" sc="158,0,205,39,150,0,487,-39" owari="158,-24.0,244,4.0,150,-35.0,448,55.0" /></mjloggm>