<mjloggm ver="2.3"><GO type="41" lobby="0"/><UN n0="%E2%93%9D%53%75%70%68%78" n1="%E5%87%9B%37%37%37" n2="%4D%72%50%65%61%63%65" n3="%E5%A4%AA%E9%99%BD%E3%81%AE%E3%83%A9" dan="17,15,13,14" rate="2042.83,2003.27,1890.94,1877.67" sx="M,M,M,M"/><TAIKYOKU oya="0"/><INIT seed="0,0,0,0,5,12" ten="250,250,250,250" oya="0" hai0="131,73,2,60,126,129,71,81,70,68,26,42,9" hai1="49,93,125,101,74,97,108,121,116,115,82,52,40" hai2="77,36,0,92,67,41,130,8,95,135,134,1,75" hai3="18,30,57,32,123,118,35,47,19,51,23,48,39"/><T102/><D102/><U4/><E116/><V119/><F119/><W107/><G118/><T37/><D26/><U69/><E108/><V112/><F112/><W122/><G107/><T55/><D9/><U98/><E121/><N who="3" m="46090" /><G39/><T99/><D99/><U63/><E125/><V87/><F75/><W103/><G103/><T85/><D85/><U61/><E115/><V113/><F67/><W100/><G100/><T15/><D15/><U56/><E69/><V24/><F113/><W124/><G124/><T94/><D94/><U10/><E40/><V78/><F87/><W62/><G23/><T105/><D2/><U80/><E98/><V20/><F20/><W5/><G5/><T59/><D105/><U14/><REACH who="1" step="1"/><E74/><REACH who="1" ten="250,240,250,250" step="2"/><V109/><F41/><N who="3" m="24687" /><G51/><T50/><D126/><U31/><E31/><V16/><F109/><W120/><G30/><T53/><D42/><U22/><E22/><V7/><F135/><W33/><G120/><T45/><REACH who="0" step="1"/><D37/><REACH who="0" ten="240,240,250,250" step="2"/><U27/><E27/><V46/><F36/><W17/><G35/><T127/><D127/><U43/><E43/><V65/><F1/><W54/><AGARI ba="0,2" hai="17,18,19,32,33,54,57,62" m="24687,46090" machi="54" ten="30,7900,0" yaku="13,1,52,3" doraHai="12" who="3" fromWho="3" sc="240,-39,240,-20,250,-20,250,99" /><INIT seed="1,0,0,0,0,135" ten="201,220,230,349" oya="1" hai0="35,14,33,37,16,110,118,115,12,17,99,95,92" hai1="38,83,42,133,44,112,108,71,18,96,86,67,101" hai2="77,78,21,64,121,31,107,114,26,47,104,90,57" hai3="52,66,98,89,79,72,7,23,36,54,58,60,32"/><U106/><E133/><V43/><F121/><W6/><G36/><T82/><D37/><U27/><E108/><V132/><F132/><W10/><G32/><T93/><D110/><U22/><E112/><V76/><F114/><W117/><G117/><T113/><D82/><U59/><E59/><V124/><F124/><W3/><G7/><T25/><D99/><U122/><E67/><V55/><F90/><W75/><G54/><T94/><D94/><U127/><E122/><V126/><F126/><W69/><G79/><T4/><D4/><U15/><E71/><V109/><F64/><W134/><G134/><T50/><D95/><U131/><E131/><V8/><F8/><W45/><G45/><T70/><D25/><U30/><E127/><V13/><F13/><W0/><G0/><T34/><D34/><U88/><REACH who="1" step="1"/><E15/><REACH who="1" ten="201,210,230,349" step="2"/><V129/><F129/><W97/><G69/><T81/><D70/><U119/><E119/><V63/><REACH who="2" step="1"/><F109/><REACH who="2" ten="201,210,220,349" step="2"/><W62/><G3/><T84/><D118/><U68/><E68/><V65/><F65/><W91/><G66/><T61/><D115/><U41/><E41/><V1/><F1/><W56/><G56/><T29/><D113/><U102/><E102/><V100/><F100/><W9/><G58/><T39/><D14/><U53/><E53/><V111/><F111/><W48/><G52/><T73/><D12/><U87/><E87/><V74/><F74/><W24/><G72/><T40/><D73/><U128/><E128/><V28/><F28/><AGARI ba="0,2" hai="18,22,27,28,30,38,42,44,83,86,88,96,101,106" machi="28" ten="40,3900,0" yaku="1,1,54,1,53,0" doraHai="135" doraHaiUra="130" who="1" fromWho="2" sc="201,0,210,59,220,-39,349,0" /><INIT seed="1,1,0,0,2,126" ten="201,269,181,349" oya="1" hai0="2,129,32,43,75,128,52,64,7,83,116,109,92" hai1="40,101,49,9,74,127,36,65,41,31,122,59,88" hai2="1,110,54,13,37,108,27,44,72,81,120,11,77" hai3="8,61,135,125,97,38,85,106,22,93,91,30,89"/><U47/><E122/><V107/><F107/><W16/><G125/><T4/><D116/><U90/><E127/><V33/><F120/><W86/><G38/><T56/><D32/><U114/><E114/><V0/><F27/><W111/><G111/><N who="2" m="42537" /><F33/><W112/><G112/><T98/><D64/><U24/><E74/><V66/><F66/><W99/><G135/><T21/><D43/><U95/><E9/><V117/><F117/><W103/><G30/><T121/><D2/><U68/><E68/><V46/><F46/><W18/><G61/><T17/><D83/><U39/><E101/><V80/><F80/><W134/><G134/><T70/><D75/><U84/><E40/><N who="2" m="22543" /><F54/><W82/><G8/><T28/><D70/><U76/><E76/><V62/><F62/><W131/><G131/><N who="0" m="50251" /><D121/><U132/><E132/><V45/><F45/><W29/><G97/><T3/><D109/><U87/><E59/><V48/><F48/><W50/><G50/><N who="0" m="30743" /><D28/><U42/><E42/><V25/><F25/><W15/><G29/><T124/><D3/><U115/><E115/><V58/><F58/><W79/><G79/><T123/><D123/><U6/><E65/><V60/><F60/><W57/><G57/><T19/><D124/><U119/><E119/><V35/><F35/><W53/><G53/><T104/><D104/><U34/><REACH who="1" step="1"/><E6/><AGARI ba="1,0" hai="0,1,6,11,13,72,77,81" m="22543,42537" machi="6" ten="30,1000,0" yaku="14,1" doraHai="126" who="2" fromWho="1" sc="201,0,269,-13,181,13,349,0" /><INIT seed="2,0,0,5,3,42" ten="201,256,194,349" oya="2" hai0="109,27,33,49,61,35,130,113,71,103,14,32,93" hai1="119,126,67,46,81,125,85,105,54,110,17,70,101" hai2="117,58,36,2,52,80,98,86,21,22,20,104,45" hai3="135,91,124,50,90,133,62,26,131,78,99,88,47"/><V56/><F117/><W0/><G0/><T44/><D113/><U127/><E119/><V29/><F2/><W77/><G124/><T94/><D109/><U24/><E110/><V115/><F29/><W9/><G131/><T19/><D130/><U28/><E101/><V76/><F115/><W134/><G99/><T65/><D27/><U1/><E1/><V41/><REACH who="2" step="1"/><F52/><REACH who="2" ten="201,256,184,349" step="2"/><N who="3" m="29791" /><G62/><T57/><D71/><U108/><E108/><V18/><F18/><W116/><G116/><T121/><D121/><U112/><E17/><V106/><F106/><W40/><G40/><T75/><D19/><U8/><E105/><V60/><F60/><W51/><G51/><T34/><D49/><U64/><E112/><V122/><F122/><W129/><G129/><T3/><D61/><U114/><E114/><V4/><F4/><W7/><G26/><T89/><D3/><U92/><E24/><V87/><F87/><W53/><G53/><T23/><D14/><U39/><E28/><V73/><F73/><W25/><G25/><T48/><D75/><U12/><E12/><V16/><F16/><W30/><G30/><T63/><D35/><U100/><E127/><V55/><F55/><W15/><AGARI ba="0,1" hai="7,9,15,77,78,88,90,91,133,134,135" m="29791" machi="15" ten="40,8000,1" yaku="20,1,52,1,54,2" doraHai="42" who="3" fromWho="3" sc="201,-20,256,-20,184,-40,349,90" /><INIT seed="3,0,0,1,4,68" ten="181,236,144,439" oya="3" hai0="28,41,55,76,103,27,18,54,19,67,131,101,3" hai1="66,123,78,26,111,114,56,102,22,116,16,83,94" hai2="75,2,59,130,86,127,71,57,8,88,100,134,133" hai3="15,7,95,115,99,120,135,37,43,31,112,9,122"/><W117/><G117/><T32/><D3/><U82/><E111/><V124/><F75/><W14/><G135/><N who="2" m="51721" /><F100/><W77/><G77/><T64/><D41/><U118/><E123/><V45/><F45/><W96/><G31/><T107/><D76/><U73/><E114/><V81/><F71/><W125/><G125/><N who="2" m="48201" /><F2/><W85/><G85/><T51/><D107/><U61/><E83/><V50/><F50/><W53/><G99/><T42/><D42/><U1/><E1/><V0/><F8/><W60/><G9/><T4/><D51/><U72/><E72/><V93/><F0/><W44/><G44/><T104/><D104/><U49/><E49/><V129/><F81/><W80/><G80/><T63/><D103/><U11/><E11/><V106/><F106/><W48/><G48/><T91/><D101/><U132/><E132/><V108/><F108/><W10/><G10/><T69/><D69/><U128/><E118/><V79/><F79/><W24/><G112/><T38/><D91/><U126/><E116/><V52/><F52/><W87/><G115/><T113/><D55/><U89/><E126/><V25/><F25/><W110/><G110/><T74/><D54/><U35/><E102/><V21/><F21/><W20/><G53/><T12/><D113/><U65/><E82/><V92/><F92/><W109/><G109/><T36/><D74/><U105/><E78/><V17/><F17/><W34/><G120/><T97/><D19/><U23/><E105/><V47/><F47/><W121/><G121/><T46/><D46/><U30/><E73/><V13/><F13/><RYUUKYOKU ba="0,0" sc="181,-10,236,-10,144,30,439,-10" hai2="57,59,86,88,93,129,130" /><INIT seed="4,1,0,5,2,24" ten="171,226,174,429" oya="0" hai0="92,124,128,6,112,18,65,10,69,22,98,73,126" hai1="47,51,45,134,44,1,71,131,111,132,88,2,59" hai2="89,61,54,21,90,75,56,32,101,28,113,66,105" hai3="102,33,42,80,121,133,19,123,11,68,50,41,40"/><T122/><D122/><N who="3" m="46601" /><G68/><T49/><D73/><U52/><E111/><V104/><F113/><W106/><G33/><T94/><D112/><U81/><E71/><V95/><F75/><W72/><G133/><N who="1" m="51306" /><E131/><V53/><F32/><W67/><G67/><T103/><D128/><U76/><E76/><V37/><F37/><W26/><G102/><T57/><D69/><U30/><E30/><V84/><F90/><W97/><G97/><T130/><D130/><U70/><E70/><V8/><F8/><W13/><G106/><T60/><D49/><U83/><E83/><V58/><F66/><W87/><G26/><T31/><D94/><U29/><E29/><V55/><F101/><W119/><G72/><T86/><D86/><AGARI ba="1,0" hai="1,2,44,45,47,51,52,59,81,86,88" m="51306" machi="86" ten="30,3900,0" yaku="20,1,54,2" doraHai="24" who="1" fromWho="0" sc="171,-42,226,42,174,0,429,0" /><INIT seed="5,0,0,0,0,127" ten="129,268,174,429" oya="1" hai0="8,115,133,80,106,77,42,32,40,27,54,98,63" hai1="14,55,23,52,24,114,69,89,104,70,29,13,2" hai2="34,5,65,135,109,45,99,47,31,132,48,113,94" hai3="33,118,97,50,81,96,39,49,35,125,1,87,19"/><U73/><E114/><V46/><F109/><W122/><G39/><T102/><D115/><U74/><E104/><V82/><F113/><W21/><G122/><T59/><D133/><N who="2" m="51274" /><F65/><W108/><G108/><T107/><D107/><U20/><E89/><N who="2" m="55759" /><F5/><W75/><G1/><T17/><D8/><U71/><E2/><V37/><F37/><W41/><G75/><T66/><D66/><U53/><REACH who="1" step="1"/><E23/><REACH who="1" ten="129,258,174,429" step="2"/><V16/><F34/><W6/><G33/><T0/><D0/><U79/><E79/><V64/><F64/><W124/><G35/><T103/><D103/><U51/><E51/><V3/><F3/><W58/><G49/><T9/><D32/><U129/><E129/><V10/><F48/><W121/><G50/><T72/><REACH who="0" step="1"/><D9/><REACH who="0" ten="119,258,174,429" step="2"/><U111/><E111/><V85/><F10/><W78/><G21/><AGARI ba="0,2" hai="17,21,27,40,42,54,59,63,72,77,80,98,102,106" machi="21" ten="40,5200,0" yaku="1,1,2,1,53,1" doraHai="127" doraHaiUra="93" who="0" fromWho="3" sc="119,72,258,0,174,0,429,-52" /><INIT seed="6,0,0,4,4,95" ten="191,258,174,377" oya="2" hai0="119,62,73,126,92,130,29,3,106,17,86,121,28" hai1="56,71,13,94,2,36,46,63,61,7,40,48,134" hai2="42,113,99,77,97,66,78,4,124,33,15,5,102" hai3="76,57,84,131,35,93,85,25,70,67,11,114,129"/><V8/><F124/><W30/><G70/><T16/><D106/><U133/><E2/><V96/><F33/><W80/><G114/><T26/><D73/><U22/><E22/><V12/><F113/><W10/><G85/><T60/><D3/><U65/><E94/><V83/><F66/><W89/><G57/><T79/><D130/><N who="3" m="49673" /><G67/><T88/><D121/><U27/><E27/><V110/><F110/><W44/><G44/><T52/><D119/><U127/><E13/><V37/><F37/><W18/><G18/><N who="0" m="7275" /><D126/><U59/><E7/><V14/><F42/><W50/><G50/><T49/><D79/><N who="2" m="30218" /><F83/><W123/><G123/><T122/><D122/><U58/><E127/><V120/><F120/><W105/><G105/><T82/><D82/><U91/><E91/><V74/><F74/><W90/><G90/><T38/><D38/><U47/><REACH who="1" step="1"/><E63/><REACH who="1" ten="191,248,174,377" step="2"/><N who="0" m="24105" /><D26/><U55/><AGARI ba="0,1" hai="36,40,46,47,48,55,56,58,59,61,65,71,133,134" machi="55" ten="30,12000,2" yaku="1,1,0,1,34,3,53,1" doraHai="95" doraHaiUra="68" who="1" fromWho="1" sc="191,-30,248,130,174,-60,377,-30" /><INIT seed="7,0,0,3,2,43" ten="161,378,114,347" oya="3" hai0="62,31,64,85,33,50,82,21,110,18,120,49,57" hai1="108,41,17,76,48,72,87,61,51,25,29,119,99" hai2="19,71,7,35,117,42,112,32,91,12,115,1,54" hai3="111,15,77,97,104,107,75,65,84,79,94,73,34"/><W5/><G34/><T134/><D110/><U100/><E108/><V96/><F71/><W55/><G111/><T81/><D134/><U4/><E4/><V6/><F54/><W47/><G65/><T130/><D130/><U135/><E17/><V38/><F117/><W63/><G5/><T102/><D120/><U116/><E72/><N who="3" m="27722" /><G47/><T27/><D102/><U125/><E61/><V105/><F1/><W60/><G15/><T66/><D82/><U56/><E56/><V86/><F96/><W103/><G55/><T128/><D128/><U74/><E74/><V106/><F35/><W109/><G60/><T22/><D33/><U93/><E41/><V95/><F32/><W2/><G2/><T24/><D66/><U122/><E122/><V59/><F59/><W67/><G63/><T70/><D70/><U132/><E25/><V88/><F91/><AGARI ba="0,0" hai="18,21,22,24,27,31,49,50,57,62,64,81,85,91" machi="91" ten="30,2000,0" yaku="7,1,8,1" doraHai="43" who="0" fromWho="2" sc="161,20,378,0,114,-20,347,0" owari="181,-22.0,378,48.0,94,-41.0,347,15.0" /></mjloggm>