<mjloggm ver="2.3"><GO type="41" lobby="0"/><UN n0="%77%61%74%65%72%31%32%33" n1="%E2%93%9D%53%75%70%68%78" n2="%E5%A7%AB%E5%85%8E" n3="%53%61%6B%61%53%75%6E" dan="15,17,14,14" rate="1964.08,2088.52,1857.85,1958.23" sx="M,M,M,M"/><TAIKYOKU oya="0"/><INIT seed="0,0,0,4,5,39" ten="250,250,250,250" oya="0" hai0="2,90,102,25,7,100,83,64,46,131,55,92,41" hai1="133,19,61,86,91,81,57,84,130,76,115,10,14" hai2="47,122,13,70,3,1,29,101,36,44,97,88,9" hai3="40,112,110,105,123,23,32,79,118,18,34,58,59"/><T37/><D131/><U30/><E130/><V56/><F70/><W38/><G112/><T89/><D64/><U22/><E133/><V62/><F122/><W60/><G110/><T68/><D68/><U53/><E115/><V117/><F29/><W45/><G105/><T108/><D108/><U78/><E86/><V35/><F35/><W16/><G118/><T63/><D2/><U132/><E132/><V85/><F117/><W77/><G123/><T113/><D113/><U50/><E61/><V125/><F125/><W93/><G18/><T134/><D7/><U114/><E114/><V95/><F13/><W4/><G58/><T21/><D89/><U49/><E49/><V17/><F17/><W51/><G4/><T54/><D83/><U11/><REACH who="1" step="1"/><E30/><REACH who="1" ten="250,240,250,250" step="2"/><V0/><F36/><W98/><G38/><T99/><D134/><U107/><E107/><V31/><F31/><W74/><G74/><T127/><D127/><U20/><E20/><V52/><REACH who="2" step="1"/><F9/><AGARI ba="0,1" hai="9,10,11,14,19,22,50,53,57,76,78,81,84,91" machi="9" ten="40,5200,0" yaku="1,1,8,1,53,1" doraHai="39" doraHaiUra="48" who="1" fromWho="2" sc="250,0,240,62,250,-52,250,0" /><INIT seed="1,0,0,1,0,45" ten="250,302,198,250" oya="1" hai0="125,34,79,63,81,118,102,83,107,37,77,127,108" hai1="40,2,132,7,95,105,43,126,26,19,46,17,39" hai2="72,8,36,1,18,68,93,104,11,9,115,5,94" hai3="78,84,73,57,61,101,85,15,128,10,100,54,42"/><U113/><E105/><V131/><F104/><W47/><G128/><T38/><D34/><U110/><E113/><V92/><F131/><W82/><G73/><N who="0" m="43183" /><D63/><U33/><E132/><V51/><F36/><W134/><G85/><T21/><D21/><U49/><E126/><N who="0" m="48137" /><D38/><U50/><E110/><V16/><F72/><W14/><G14/><T103/><D37/><U123/><E123/><V55/><F68/><W87/><G87/><N who="0" m="48639" /><D108/><U133/><E133/><V88/><F115/><W109/><G109/><T135/><D135/><U69/><E69/><V130/><F130/><W121/><G121/><T59/><D59/><U48/><E40/><V86/><F1/><W20/><G20/><T22/><D22/><U99/><E7/><V97/><F5/><W62/><G62/><T3/><D3/><U76/><E2/><V117/><F97/><W90/><G134/><T119/><D107/><U58/><E58/><N who="2" m="33151" /><F117/><AGARI ba="0,0" hai="102,103,117,118,119" m="48639,48137,43183" machi="117" ten="30,3900,0" yaku="18,1,34,2" doraHai="45" who="0" fromWho="2" sc="250,39,302,0,198,-39,250,0" /><INIT seed="2,0,0,4,5,66" ten="289,302,159,250" oya="2" hai0="108,10,70,96,19,54,110,48,100,34,55,82,134" hai1="39,102,2,94,81,36,77,72,49,26,86,11,41" hai2="14,130,35,99,87,43,42,89,45,93,1,5,120" hai3="23,122,44,125,116,95,46,0,61,20,6,84,59"/><V51/><F130/><W112/><G122/><T56/><D34/><U38/><E26/><V106/><F120/><W74/><G116/><T37/><D37/><U121/><E121/><V68/><F1/><W22/><G74/><T124/><D124/><U7/><E49/><V103/><F35/><W15/><G125/><T71/><D134/><U32/><E32/><V91/><F91/><N who="3" m="53735" /><G0/><T115/><D115/><U3/><E3/><V47/><F68/><W60/><G112/><T64/><D64/><U33/><E33/><V27/><F27/><W4/><G61/><T67/><D67/><U133/><E133/><V17/><F5/><N who="3" m="2155" /><G15/><T40/><D40/><U62/><E62/><V21/><REACH who="2" step="1"/><F47/><REACH who="2" ten="289,302,149,250" step="2"/><W75/><G75/><T119/><D70/><U126/><E126/><V90/><F90/><W135/><G135/><T78/><D71/><U107/><E72/><V113/><F113/><W63/><G59/><T83/><D56/><U92/><E2/><V12/><F12/><W131/><G131/><T30/><D119/><U8/><E7/><V65/><F65/><W18/><G44/><T29/><D78/><U13/><E13/><V73/><F73/><W85/><G46/><T118/><D118/><U128/><E128/><V117/><F117/><W9/><G63/><T79/><D79/><U101/><E77/><V127/><F127/><W53/><G60/><T109/><D109/><U104/><E102/><V50/><F50/><W129/><G129/><T105/><D48/><U58/><E101/><V52/><AGARI ba="0,1" hai="14,17,21,42,43,45,51,52,87,89,93,99,103,106" machi="52" ten="20,7800,0" yaku="1,1,0,1,7,1,54,1,53,0" doraHai="66" doraHaiUra="111" who="2" fromWho="2" sc="289,-26,302,-26,149,88,250,-26" /><INIT seed="2,1,0,0,0,83" ten="263,276,237,224" oya="2" hai0="101,97,28,2,135,37,94,42,7,129,123,110,90" hai1="23,81,114,74,48,122,92,98,64,111,66,65,20" hai2="100,63,85,61,119,4,22,99,11,117,107,46,27" hai3="84,113,82,116,26,89,17,18,3,106,118,104,51"/><V16/><F46/><W40/><G113/><T126/><D110/><U95/><E114/><V128/><F128/><W19/><G3/><T25/><D123/><U112/><E112/><V79/><F117/><W108/><G108/><T130/><D126/><U1/><E1/><V38/><F38/><W41/><G26/><T43/><D135/><U50/><E111/><V5/><F119/><W96/><G118/><T88/><D7/><U44/><E122/><V68/><F68/><W35/><G35/><T32/><D2/><U47/><E81/><V86/><F4/><W67/><G116/><T72/><D72/><U15/><E15/><V78/><F78/><W14/><G67/><T125/><D125/><U133/><E74/><V71/><F79/><W30/><G30/><T76/><D76/><U62/><E62/><V93/><F107/><W33/><G33/><T39/><D39/><U69/><E69/><V45/><F45/><N who="1" m="17481" /><E98/><V36/><F36/><W29/><G29/><T49/><D49/><N who="1" m="19051" /><E133/><V109/><F109/><W124/><G51/><T58/><D58/><U55/><E55/><V13/><F71/><W132/><G132/><T105/><D37/><U53/><E53/><V120/><F120/><W24/><G124/><T59/><D59/><U127/><E127/><V12/><F27/><W91/><G24/><T87/><D43/><N who="3" m="16457" /><G14/><T0/><D42/><U60/><E60/><AGARI ba="1,0" hai="5,11,12,13,16,22,60,61,63,85,86,93,99,100" machi="60" ten="40,12000,1" yaku="8,1,52,2,54,1" doraHai="83" who="2" fromWho="1" sc="263,0,276,-123,237,123,224,0" /><INIT seed="2,2,0,1,5,16" ten="263,153,360,224" oya="2" hai0="120,84,75,101,129,104,116,61,39,59,8,79,108" hai1="77,72,18,15,28,7,78,60,82,32,95,92,57" hai2="43,49,56,94,35,122,126,112,10,131,88,103,81" hai3="46,26,65,135,42,67,52,93,107,31,97,118,33"/><V55/><F112/><W98/><G118/><T114/><D108/><U34/><E7/><V76/><F122/><W105/><G135/><T40/><D129/><U86/><E77/><V99/><F131/><W83/><G83/><T25/><D104/><U71/><E71/><V133/><F133/><W27/><G27/><T47/><D101/><U132/><E132/><V3/><F126/><W121/><G121/><T119/><D120/><U124/><E124/><V21/><F35/><W30/><G30/><T19/><D75/><U90/><E95/><V54/><F43/><W51/><G107/><T113/><D84/><U23/><REACH who="1" step="1"/><E28/><REACH who="1" ten="263,143,360,224" step="2"/><V109/><F109/><W6/><G6/><T62/><D79/><U117/><E117/><V68/><F68/><W44/><G105/><T29/><D116/><U1/><E1/><V128/><F3/><W111/><G111/><T37/><D119/><U89/><E89/><V12/><F128/><W17/><G17/><T20/><D113/><U53/><AGARI ba="2,1" hai="15,18,23,32,34,53,57,60,72,78,82,86,90,92" machi="53" ten="20,5200,0" yaku="1,1,0,1,7,1,52,1,53,0" doraHai="16" doraHaiUra="130" who="1" fromWho="1" sc="263,-15,143,68,360,-28,224,-15" /><INIT seed="3,0,0,1,0,53" ten="248,211,332,209" oya="3" hai0="60,87,83,91,63,119,93,126,72,99,62,73,52" hai1="133,98,86,124,5,1,134,103,135,13,100,51,82" hai2="65,19,22,37,25,31,90,56,123,18,9,29,132" hai3="7,80,113,8,106,44,101,54,110,89,104,85,130"/><W27/><G113/><T45/><D119/><U47/><E1/><V118/><F118/><W41/><G130/><T30/><D126/><U42/><E124/><V74/><F37/><W112/><G112/><T32/><D32/><U12/><E5/><V28/><F132/><W24/><G110/><T131/><D30/><U121/><E121/><V127/><F127/><W3/><G54/><T43/><D131/><U81/><E81/><V95/><F74/><W26/><REACH who="3" step="1"/><G101/><REACH who="3" ten="248,211,332,199" step="2"/><T61/><D52/><U66/><E103/><V36/><F123/><W76/><G76/><T34/><D34/><U6/><E66/><V75/><F65/><W16/><G16/><T120/><D120/><U71/><E6/><V48/><F18/><W68/><G68/><T40/><D40/><U129/><E71/><V108/><F108/><W107/><G107/><T0/><D0/><U116/><E129/><V78/><F19/><W111/><G111/><T114/><D114/><U50/><E116/><V77/><F78/><W20/><G20/><T115/><D115/><U94/><REACH who="1" step="1"/><E51/><AGARI ba="0,1" hai="3,7,8,24,26,27,41,44,51,80,85,89,104,106" machi="51" ten="40,3900,0" yaku="1,1,53,1" doraHai="53" doraHaiUra="4" who="3" fromWho="1" sc="248,0,211,-39,332,0,199,49" /><INIT seed="3,1,0,1,3,86" ten="248,172,332,248" oya="3" hai0="21,108,124,18,25,121,56,133,80,4,44,75,101" hai1="22,103,111,54,27,98,91,60,72,73,105,59,5" hai2="117,47,113,34,130,132,63,84,122,40,37,15,65" hai3="97,36,46,39,115,118,42,76,102,82,78,83,114"/><W87/><G118/><T104/><D121/><U55/><E111/><V20/><F117/><W99/><G36/><T35/><D108/><U85/><E5/><V3/><F122/><W109/><G109/><T24/><D101/><U2/><E2/><V38/><F130/><W1/><G1/><T126/><D104/><U116/><E54/><V13/><F132/><W14/><G14/><T110/><D110/><U48/><E48/><V19/><F3/><W0/><G0/><T53/><D44/><U11/><E11/><V128/><F34/><W17/><G17/><T90/><D4/><U8/><E8/><V26/><F128/><W49/><G39/><T112/><D133/><U68/><E68/><V77/><F113/><W10/><G10/><T129/><D112/><U45/><E45/><V43/><F43/><W119/><G119/><T71/><D71/><U106/><E106/><V29/><F37/><W107/><REACH who="3" step="1"/><G97/><REACH who="3" ten="248,172,332,238" step="2"/><T51/><D129/><U28/><REACH who="1" step="1"/><E116/><REACH who="1" ten="248,162,332,238" step="2"/><V89/><F29/><W12/><G12/><T30/><D30/><U81/><AGARI ba="1,2" hai="22,27,28,55,59,60,72,73,81,85,91,98,103,105" machi="81" ten="20,12000,2" yaku="1,1,2,1,0,1,7,1,52,1,53,1" doraHai="86" doraHaiUra="100" who="1" fromWho="1" sc="248,-31,162,143,332,-31,238,-61" /><INIT seed="4,0,0,2,1,80" ten="217,305,301,177" oya="0" hai0="35,23,37,70,46,109,49,39,124,55,21,79,116" hai1="100,51,72,61,81,94,120,12,1,103,62,56,29" hai2="60,33,3,25,43,99,119,85,89,121,31,131,9" hai3="91,24,27,92,108,15,44,69,26,74,18,77,128"/><T122/><D116/><U40/><E1/><V105/><F119/><W54/><G128/><T65/><D122/><U135/><E135/><V4/><F131/><W118/><G118/><T93/><D35/><U52/><E120/><V134/><F134/><W113/><G113/><T28/><D124/><U38/><E38/><V102/><F121/><W57/><G69/><T106/><D106/><U86/><E72/><V59/><F43/><W104/><G104/><T88/><D79/><U127/><E29/><V125/><F125/><W76/><G108/><T123/><D123/><U98/><E127/><V132/><F132/><W68/><G68/><T36/><D28/><U63/><E12/><V47/><F47/><W7/><G7/><T117/><D117/><U14/><E14/><V19/><F19/><W13/><G44/><T73/><D73/><U110/><E110/><V101/><F99/><W111/><G13/><T0/><D0/><U5/><E5/><V32/><F32/><W133/><G74/><T75/><D75/><U114/><E114/><V20/><F33/><W41/><G41/><T50/><D50/><U34/><E34/><V90/><F105/><W115/><G115/><T87/><D109/><U30/><E30/><V11/><F11/><N who="3" m="6527" /><G111/><T10/><REACH who="0" step="1"/><D10/><REACH who="0" ten="207,305,301,177" step="2"/><U78/><E40/><V107/><F107/><W96/><G133/><T95/><D95/><U45/><E45/><V8/><F9/><W112/><G112/><T84/><D84/><U58/><E100/><N who="2" m="38507" /><F85/><W67/><G77/><T129/><D129/><U2/><E2/><V83/><F83/><W97/><G76/><RYUUKYOKU ba="0,1" sc="207,10,305,10,301,10,177,-30" hai0="21,23,36,37,39,46,49,55,65,70,87,88,93" hai1="51,52,56,58,61,62,63,78,81,86,94,98,103" hai2="3,4,8,20,25,31,59,60,89,90" /><INIT seed="4,1,1,5,5,2" ten="217,315,311,147" oya="0" hai0="15,108,0,85,37,59,124,33,25,120,61,116,12" hai1="67,65,98,5,131,83,103,41,26,89,36,84,43" hai2="21,53,97,129,74,128,69,66,81,56,39,110,58" hai3="80,130,1,99,11,87,64,76,112,3,123,121,31"/><T51/><D116/><U23/><E131/><N who="2" m="50251" /><F110/><W114/><G64/><N who="1" m="24650" /><E36/><V107/><F39/><W52/><G130/><T45/><D0/><U75/><E75/><V60/><F21/><W93/><G31/><T115/><D115/><N who="3" m="44073" /><G1/><T14/><D124/><U133/><E5/><V79/><F53/><W105/><G52/><T86/><D37/><U78/><E133/><V104/><F97/><W18/><G18/><T7/><D120/><N who="3" m="46153" /><G11/><T96/><D96/><U70/><E70/><V62/><F60/><W49/><G49/><T71/><D61/><U22/><E22/><V30/><F30/><W82/><G3/><T90/><D71/><U117/><E23/><V122/><F122/><W132/><G132/><T40/><D59/><AGARI ba="1,1" hai="56,58,59,62,66,69,74,79,81,104,107" m="50251" machi="59" ten="30,1000,0" yaku="19,1" doraHai="2" who="2" fromWho="0" sc="217,-13,315,0,311,23,147,0" /><INIT seed="5,0,0,3,3,48" ten="204,315,334,147" oya="1" hai0="90,45,25,106,6,111,27,52,93,1,82,55,76" hai1="118,85,31,24,50,104,43,5,97,36,51,80,33" hai2="135,83,103,34,14,32,73,113,21,42,124,18,30" hai3="96,89,22,54,49,110,132,119,63,100,23,8,122"/><U13/><E118/><V57/><F124/><W120/><G119/><T105/><D111/><U68/><E68/><V56/><F135/><W98/><G110/><T114/><D105/><U117/><E117/><V128/><F128/><W129/><G132/><T77/><D106/><U40/><E36/><V92/><F113/><W74/><G129/><T41/><D114/><U61/><E61/><V123/><F123/><W4/><G74/><T121/><D1/><U47/><E104/><V64/><F42/><W125/><G125/><T130/><D130/><U58/><E97/><V53/><F64/><W16/><G23/><T35/><D35/><U3/><E3/><V9/><F103/><W102/><G63/><T7/><D41/><U127/><E127/><V71/><F71/><W70/><G70/><T115/><D45/><U72/><E72/><V107/><F107/><W66/><G66/><T112/><D82/><U12/><E5/><V15/><F92/><N who="3" m="56335" /><G122/><T67/><D67/><U29/><E29/><V69/><F69/><W0/><G98/><T94/><D90/><U131/><E131/><V126/><F126/><W46/><G120/><AGARI ba="0,0" hai="6,7,25,27,52,55,76,77,93,94,112,115,120,121" machi="120" ten="25,8000,1" yaku="22,2,52,2,54,1" doraHai="48" who="0" fromWho="3" sc="204,80,315,0,334,0,147,-80" /><INIT seed="6,0,0,4,0,115" ten="284,315,334,67" oya="2" hai0="72,63,43,27,104,52,84,89,46,13,65,57,107" hai1="55,14,7,99,11,124,45,66,50,30,79,101,15" hai2="113,77,127,70,122,111,106,78,95,60,97,37,91" hai3="67,40,129,54,133,16,119,135,134,35,110,92,36"/><V61/><F122/><W98/><G110/><T85/><D72/><U49/><E124/><V75/><F113/><W81/><G35/><T5/><D84/><U12/><E66/><V128/><F127/><W83/><G129/><T125/><D125/><U10/><E30/><V18/><F128/><W123/><G123/><T44/><D27/><U100/><E79/><V86/><F37/><W68/><G54/><T76/><D76/><U47/><E99/><V132/><F132/><W53/><G53/><T62/><D5/><U56/><E56/><V69/><F111/><W59/><G68/><T21/><D13/><U6/><E14/><V130/><F130/><W109/><G109/><T80/><D21/><U105/><E105/><V51/><F51/><W41/><G119/><T117/><D46/><U0/><E0/><V8/><F70/><W103/><G41/><AGARI ba="0,0" hai="6,7,10,11,12,15,41,45,47,49,50,55,100,101" machi="41" ten="30,3900,0" yaku="7,1,9,1,8,1" doraHai="115" who="1" fromWho="3" sc="284,0,315,39,334,0,67,-39" /><INIT seed="7,0,0,5,0,8" ten="284,354,334,28" oya="3" hai0="47,23,32,9,109,34,83,18,42,5,39,111,31" hai1="114,86,121,56,110,115,81,2,90,43,61,38,106" hai2="132,15,105,130,131,116,21,71,126,52,100,53,129" hai3="49,77,119,50,117,63,79,118,25,98,12,102,6"/><W113/><G113/><N who="1" m="43018" /><E110/><V48/><F116/><W60/><G25/><T26/><D34/><U29/><E2/><V101/><F71/><W99/><G6/><T72/><D23/><U14/><E106/><V66/><F66/><W24/><G24/><T54/><D18/><U125/><E125/><V64/><F64/><W96/><G102/><N who="2" m="39529" /><F126/><W17/><G17/><T87/><D54/><N who="2" m="21098" /><F132/><W73/><G12/><T70/><D70/><U27/><E14/><V40/><F105/><W112/><G112/><T4/><D4/><U133/><E133/><V68/><F68/><W41/><G41/><T65/><D65/><N who="1" m="39079" /><E43/><V58/><F58/><W123/><G123/><T35/><D35/><N who="1" m="20927" /><E38/><V55/><N who="2" m="21106" /><V20/><DORA hai="91" /><F15/><W95/><G95/><T62/><D62/><N who="3" m="23593" /><G73/><T11/><D11/><U57/><E57/><V124/><F124/><W19/><G19/><T93/><D93/><U107/><E107/><V13/><F13/><W37/><G37/><T59/><D59/><U120/><AGARI ba="0,0" hai="81,86,90,120,121" m="20927,39079,43018" machi="120" ten="30,1100,0" yaku="15,1" doraHai="8,91" who="1" fromWho="1" sc="284,-3,354,11,334,-3,28,-5" owari="281,-12.0,365,47.0,331,13.0,23,-48.0" /></mjloggm>