<mjloggm ver="2.3"><GO type="41" lobby="0"/><UN n0="%6A%69%68%6A%69%68" n1="%E2%93%9D%53%75%70%68%78" n2="%63%61%76%61%73" n3="%E6%98%8E%E5%BE%B3%E7%BE%A9%E5%A1%BE" dan="14,17,13,15" rate="1987.50,2037.46,1843.06,2046.29" sx="M,M,M,M"/><TAIKYOKU oya="0"/><INIT seed="0,0,0,3,1,68" ten="250,250,250,250" oya="0" hai0="31,72,96,9,22,30,6,113,18,110,63,126,92" hai1="133,41,103,14,43,1,33,116,15,0,114,104,131" hai2="105,130,122,71,66,44,94,4,132,115,51,11,42" hai3="129,97,123,54,60,10,35,24,58,80,29,112,56"/><T127/><D113/><U73/><E103/><V91/><F115/><W85/><G112/><T23/><D72/><U45/><E114/><V48/><F130/><W128/><G123/><T118/><D63/><U125/><E104/><V124/><F105/><W119/><G119/><T65/><D65/><U25/><E45/><V70/><F132/><W134/><G134/><T40/><D118/><U120/><E125/><N who="0" m="47625" /><D40/><U90/><E43/><V98/><F124/><W38/><G97/><T34/><D34/><U76/><E33/><V13/><F122/><W77/><G10/><T87/><D87/><U78/><E41/><V135/><F135/><W8/><G8/><T99/><D99/><U107/><E73/><V7/><F66/><W83/><G83/><T12/><D23/><U16/><E116/><V52/><REACH who="2" step="1"/><F4/><REACH who="2" ten="250,250,240,250" step="2"/><W37/><G58/><AGARI ba="0,1" hai="7,11,13,42,44,48,51,52,58,70,71,91,94,98" machi="58" ten="30,7700,0" yaku="1,1,2,1,7,1,54,1,53,0" doraHai="68" doraHaiUra="111" who="2" fromWho="3" sc="250,0,250,0,240,87,250,-77" /><INIT seed="1,0,0,0,4,72" ten="250,250,327,173" oya="1" hai0="12,71,116,99,22,18,30,119,66,114,126,61,101" hai1="125,79,87,85,55,37,8,3,56,103,44,73,5" hai2="57,83,11,115,75,17,88,52,67,108,50,124,77" hai3="118,28,123,64,127,86,76,96,36,130,112,34,32"/><U113/><E113/><V65/><F108/><W40/><G123/><T95/><D114/><U102/><E125/><V60/><F124/><W23/><G127/><T97/><D126/><U70/><E70/><V13/><F115/><W59/><G112/><T69/><D69/><U135/><E135/><V26/><F26/><W94/><G118/><T109/><D109/><U117/><E117/><V98/><F98/><W84/><G130/><T20/><D99/><U48/><E103/><V38/><F38/><W21/><G86/><T15/><D30/><U74/><E74/><V106/><F106/><W7/><G7/><T120/><D120/><U134/><E102/><V1/><F1/><W110/><G110/><T53/><D53/><U16/><E16/><AGARI ba="0,0" hai="12,15,16,18,20,22,61,66,71,95,97,101,116,119" machi="16" ten="40,2600,0" yaku="9,1,54,1" doraHai="72" who="0" fromWho="1" sc="250,26,250,-26,327,0,173,0" /><INIT seed="2,0,0,4,2,92" ten="276,224,327,173" oya="2" hai0="52,90,78,65,104,82,113,70,89,69,133,120,57" hai1="110,20,83,19,131,7,43,56,134,24,3,67,77" hai2="87,128,2,44,40,127,26,54,17,21,102,126,129" hai3="36,86,34,116,132,111,81,59,15,25,100,95,105"/><V108/><F54/><W112/><G116/><T125/><D120/><U49/><E110/><V50/><F108/><W118/><G111/><T46/><D133/><U1/><E131/><V99/><F2/><W11/><G118/><T73/><D125/><N who="2" m="47626" /><F87/><W75/><G132/><T76/><D113/><U38/><E38/><V41/><F40/><W51/><G36/><T10/><D104/><AGARI ba="0,0" hai="17,21,26,41,44,50,99,102,104,128,129" m="47626" machi="104" ten="30,2900,0" yaku="18,1,52,1" doraHai="92" who="2" fromWho="0" sc="276,-29,224,0,327,29,173,0" /><INIT seed="2,1,0,5,3,133" ten="247,224,356,173" oya="2" hai0="59,125,5,61,91,131,77,69,84,135,33,76,9" hai1="8,40,16,134,112,80,132,27,82,117,41,21,58" hai2="67,92,4,102,60,19,110,130,22,74,3,126,15" hai3="43,1,127,64,37,83,129,0,26,10,54,29,45"/><V35/><F74/><W109/><G109/><T65/><D33/><U24/><E112/><V108/><F130/><W56/><G129/><T107/><D107/><U116/><E58/><V114/><F114/><W104/><G104/><T73/><D135/><N who="1" m="51755" /><E8/><V63/><F35/><W34/><G64/><T119/><D131/><U79/><E27/><V75/><F75/><W94/><G83/><N who="1" m="31786" /><E79/><V38/><F38/><W20/><G94/><T101/><D119/><AGARI ba="1,0" hai="16,21,24,40,41,116,117,119" m="31786,51755" machi="119" ten="30,2000,0" yaku="20,1,54,1" doraHai="133" who="1" fromWho="0" sc="247,-23,224,23,356,0,173,0" /><INIT seed="3,0,0,5,4,84" ten="224,247,356,173" oya="3" hai0="95,27,82,73,132,33,39,43,70,107,32,112,116" hai1="122,111,135,53,48,21,61,20,28,40,38,68,121" hai2="4,126,78,50,62,41,42,105,79,52,86,101,119" hai3="57,96,110,18,134,7,90,109,12,97,124,64,25"/><W2/><G134/><T36/><D116/><U54/><E21/><V128/><F119/><W66/><G124/><T129/><D132/><U46/><E20/><V1/><F128/><W72/><G72/><T31/><D129/><U0/><E28/><V93/><F105/><W91/><G25/><T102/><D95/><U92/><E0/><V56/><F1/><W17/><G7/><T117/><D117/><U106/><E92/><V115/><F4/><W22/><G2/><T55/><D55/><U133/><E106/><V74/><F74/><W3/><G3/><T8/><D8/><U108/><E54/><N who="2" m="34071" /><F115/><W34/><G34/><T77/><D112/><U69/><E135/><V125/><F125/><W103/><G18/><T14/><D14/><U81/><E81/><N who="2" m="47415" /><F79/><W99/><G103/><T89/><D70/><N who="1" m="27243" /><E61/><V5/><F5/><W59/><G59/><T76/><D33/><U83/><E83/><V19/><F19/><W29/><G29/><T10/><D77/><U58/><E133/><V104/><F104/><W87/><G87/><T15/><D107/><U67/><E67/><N who="3" m="25642" /><G57/><T85/><D102/><U6/><E6/><V23/><F23/><W65/><N who="3" m="25650" /><W113/><DORA hai="80" /><G113/><T13/><D13/><U94/><E94/><V130/><F130/><W88/><G97/><T127/><D127/><U114/><E114/><V30/><F30/><W47/><G99/><T35/><D35/><U37/><E37/><V60/><F126/><W100/><G100/><T49/><D73/><U98/><E98/><N who="2" m="59599" /><F60/><W75/><G96/><T123/><D76/><U16/><E16/><RYUUKYOKU ba="0,0" sc="224,-15,247,15,356,15,173,-15" hai1="38,40,46,48,53,58,108,111,121,122" hai2="41,42,50,52" /><INIT seed="4,1,0,4,2,38" ten="209,262,371,158" oya="0" hai0="84,99,73,100,76,90,24,0,94,129,135,7,123" hai1="86,52,27,18,55,74,63,110,114,56,53,13,8" hai2="65,125,42,95,60,12,107,101,31,83,5,89,29" hai3="36,96,20,111,17,98,39,112,72,105,15,117,69"/><T3/><D123/><U4/><E74/><V37/><F125/><W61/><G117/><T104/><D7/><U33/><E110/><V102/><F83/><W85/><G111/><T116/><D116/><U48/><E114/><V47/><F101/><W10/><G72/><T88/><D135/><U30/><E86/><V45/><F102/><W40/><G112/><T64/><D64/><U82/><E82/><V126/><F107/><W14/><G36/><T118/><D118/><U71/><E71/><V91/><F126/><W66/><G105/><T58/><D58/><U6/><REACH who="1" step="1"/><E55/><REACH who="1" ten="209,252,371,158" step="2"/><V75/><F75/><W122/><G85/><T134/><D134/><U70/><E70/><V121/><F121/><W128/><G122/><T41/><D73/><U68/><E68/><V62/><F65/><W28/><G128/><T22/><D129/><U81/><E81/><V26/><F95/><W59/><G69/><T93/><D76/><U43/><E43/><V2/><F42/><W106/><G106/><T57/><D41/><U87/><E87/><V50/><F37/><W80/><G80/><T124/><D124/><U34/><E34/><V115/><F115/><W51/><G39/><T120/><D120/><U97/><E97/><V19/><F2/><W130/><G130/><T35/><D35/><U127/><E127/><V119/><F119/><W1/><G1/><T9/><D3/><U11/><E11/><V109/><F109/><W103/><G98/><N who="0" m="57655" /><D9/><U133/><E133/><V92/><F92/><N who="3" m="58759" /><G40/><T25/><D0/><U131/><E131/><V46/><F5/><N who="3" m="3407" /><G51/><T49/><D22/><RYUUKYOKU ba="1,1" sc="209,10,252,10,371,-30,158,10" hai0="24,25,49,57,84,88,94,99,100,104" hai1="4,6,8,13,18,27,30,33,48,52,53,56,63" hai3="15,17,20,28,59,61,66" /><INIT seed="4,2,1,3,1,115" ten="219,262,341,168" oya="0" hai0="50,134,73,22,78,41,99,35,133,12,2,4,116" hai1="108,10,62,64,69,31,88,91,40,97,33,107,17" hai2="118,92,132,101,27,124,96,46,102,67,77,126,3" hai3="129,9,94,70,23,21,110,84,87,14,103,66,65"/><T127/><D35/><U81/><E108/><V112/><F3/><W79/><G110/><T68/><D68/><U26/><E40/><V123/><F67/><N who="3" m="25611" /><G70/><T34/><D34/><U125/><E125/><V98/><F27/><W24/><G129/><T106/><D127/><N who="2" m="48682" /><F46/><W6/><G79/><T8/><D41/><U25/><E81/><V5/><F5/><W13/><G13/><T75/><D50/><U32/><E10/><V80/><F112/><W85/><G24/><T52/><D52/><U38/><E38/><V130/><F123/><W29/><G29/><T59/><D59/><U49/><E49/><V95/><F130/><W119/><G119/><T93/><D106/><U54/><E54/><V43/><F43/><W111/><G111/><T86/><D116/><U20/><E33/><V15/><F15/><W11/><G11/><T39/><D39/><U53/><E53/><V135/><F118/><W36/><G36/><T42/><D42/><U16/><E17/><V45/><F45/><W57/><G57/><T44/><D44/><U114/><E114/><V48/><F48/><W104/><G104/><T72/><D12/><U63/><E63/><V83/><F83/><W47/><G47/><T18/><D18/><U56/><E56/><V122/><F122/><W58/><G58/><T131/><D131/><U51/><E51/><V128/><F128/><W117/><G117/><T121/><D121/><U105/><E105/><V19/><F19/><W7/><G7/><T37/><D37/><U1/><E1/><V60/><F60/><W109/><G109/><T113/><D113/><RYUUKYOKU ba="2,1" sc="219,-30,262,10,341,10,168,10" hai1="16,20,25,26,31,32,62,64,69,88,91,97,107" hai2="77,80,92,95,96,98,101,102,132,135" hai3="6,9,14,21,23,84,85,87,94,103" /><INIT seed="5,3,1,4,1,114" ten="189,272,351,178" oya="1" hai0="107,90,20,52,45,124,22,69,41,36,133,99,71" hai1="89,108,34,132,102,49,29,31,68,17,116,135,104" hai2="76,72,77,87,39,92,24,75,40,125,81,53,0" hai3="44,113,110,14,79,43,131,26,127,62,1,98,27"/><U25/><E108/><V121/><F0/><W2/><G110/><T134/><D124/><U106/><E68/><V129/><F40/><W64/><G127/><T118/><D69/><U38/><E38/><V111/><F39/><W15/><G79/><T6/><D71/><U7/><E7/><V103/><F24/><W11/><G98/><T55/><D6/><U84/><E31/><V119/><F53/><N who="0" m="20554" /><D90/><U12/><E49/><V128/><F121/><W30/><G26/><T10/><D10/><U130/><E130/><N who="2" m="50283" /><F125/><W97/><G97/><T56/><D56/><U35/><E35/><V58/><F58/><W16/><G14/><T123/><D123/><U67/><E12/><V96/><F111/><W100/><G100/><T105/><D118/><U63/><E116/><V93/><F119/><W115/><G131/><T47/><D47/><U57/><E102/><V86/><F93/><W18/><G113/><T101/><D107/><U46/><E46/><V78/><F78/><W85/><G115/><T73/><D73/><U65/><E106/><V60/><F60/><W13/><G62/><T122/><D122/><U21/><E104/><V51/><F51/><W33/><G64/><T3/><D3/><U48/><E67/><V88/><F103/><W109/><G109/><T9/><D9/><U66/><E66/><V70/><F70/><W5/><G1/><T117/><D117/><U54/><E65/><V23/><F23/><W19/><REACH who="3" step="1"/><G85/><REACH who="3" ten="189,272,351,168" step="2"/><T95/><D105/><U126/><E126/><V94/><F86/><W4/><G4/><T59/><D59/><U8/><E57/><RYUUKYOKU ba="3,2" sc="189,15,272,-15,351,-15,168,15" hai0="20,22,36,41,45,95,99,101,133,134" hai3="2,5,11,13,15,16,18,19,27,30,33,43,44" /><INIT seed="6,4,2,2,5,35" ten="204,257,336,183" oya="2" hai0="0,28,114,9,19,6,85,72,74,126,80,97,112" hai1="75,32,24,20,101,104,1,30,124,10,117,58,27" hai2="4,29,34,123,130,107,54,134,99,23,16,48,96" hai3="94,51,40,109,131,120,45,14,22,26,90,69,65"/><V82/><F123/><W43/><G120/><T98/><D28/><U70/><E75/><N who="0" m="28713" /><D19/><U13/><E70/><V122/><F122/><W116/><G116/><T81/><D126/><U31/><E58/><V50/><F130/><W55/><G131/><T52/><D81/><U46/><E46/><V60/><F107/><W56/><G109/><T83/><D83/><U5/><E124/><V38/><F38/><W133/><G14/><T103/><D103/><U71/><E71/><V36/><F36/><W21/><G21/><T76/><D52/><U62/><E62/><V119/><F134/><W61/><G133/><T110/><D110/><U84/><E84/><V105/><F105/><W41/><G94/><T47/><D47/><U125/><E125/><V11/><F82/><W78/><G90/><T127/><D127/><U33/><E117/><V42/><F119/><W15/><G15/><T111/><D111/><U73/><E73/><V91/><F29/><W129/><G78/><T88/><D76/><U18/><E104/><V64/><F34/><W3/><G3/><T93/><D93/><U128/><E101/><V59/><F42/><W113/><G129/><AGARI ba="4,2" hai="1,5,10,13,18,20,24,27,30,31,32,33,128,129" machi="129" ten="40,12000,2" yaku="9,1,24,2,34,3,52,1" doraHai="35" who="1" fromWho="3" sc="204,0,257,152,336,0,183,-132" /><INIT seed="7,0,0,3,5,68" ten="204,409,336,51" oya="3" hai0="121,8,125,132,33,45,70,126,99,135,54,100,97" hai1="16,119,75,134,78,10,76,124,55,118,49,32,29" hai2="48,92,50,20,88,5,131,112,114,69,2,89,1" hai3="95,27,83,23,94,93,82,71,74,18,44,128,37"/><W102/><G71/><T77/><D33/><U41/><E124/><N who="0" m="47721" /><D8/><U72/><E41/><V127/><F69/><W66/><G66/><T3/><D54/><U62/><E134/><N who="0" m="51241" /><D45/><N who="1" m="28079" /><E29/><V86/><F131/><W7/><G7/><T12/><D12/><N who="1" m="7191" /><E32/><V42/><F127/><W104/><G128/><T14/><D14/><U81/><E62/><V19/><F89/><W51/><G74/><T24/><D24/><U117/><E78/><V28/><F28/><W60/><G60/><T109/><D70/><U64/><E64/><V113/><F42/><W22/><G22/><T116/><D3/><U123/><E123/><V40/><F40/><W53/><REACH who="3" step="1"/><G37/><REACH who="3" ten="204,409,336,41" step="2"/><T57/><D121/><U67/><E67/><V46/><F5/><W101/><G101/><T108/><D100/><U111/><E75/><V26/><F46/><W96/><AGARI ba="0,1" hai="18,23,27,44,51,53,82,83,93,94,95,96,102,104" machi="96" ten="30,3000,0" yaku="1,1,0,1,53,0" doraHai="68" doraHaiUra="36" who="3" fromWho="3" sc="204,-10,409,-10,336,-10,41,40" /><INIT seed="7,1,0,2,1,51" ten="194,399,326,81" oya="3" hai0="83,33,121,128,78,64,70,63,29,124,91,127,23" hai1="109,117,134,118,14,77,100,16,25,39,6,35,114" hai2="133,85,22,10,0,106,50,62,32,80,52,101,87" hai3="119,68,45,76,26,34,130,115,18,96,89,111,15"/><W42/><G119/><N who="1" m="45578" /><E109/><V9/><F32/><W129/><G68/><T105/><D121/><U47/><E114/><V74/><F133/><W72/><G115/><T104/><D33/><U46/><E134/><V54/><F0/><W48/><G111/><T90/><D128/><U41/><E100/><V131/><F74/><W69/><G69/><T113/><D113/><U79/><E47/><N who="2" m="27743" /><F106/><W88/><G96/><T132/><D132/><U20/><E6/><V123/><F101/><W110/><G110/><T27/><D104/><U67/><E67/><V81/><F131/><N who="3" m="50187" /><G76/><T135/><D105/><U98/><E98/><V99/><F99/><W1/><G72/><T40/><D40/><U102/><E102/><V60/><F123/><W31/><G1/><T125/><D135/><U30/><AGARI ba="1,0" hai="14,16,20,25,30,35,39,41,46,77,79" m="45578" machi="30" ten="30,2000,0" yaku="12,1,54,1" doraHai="51" who="1" fromWho="1" sc="194,-6,399,23,326,-6,81,-11" owari="188,-21.0,422,52.0,320,12.0,70,-43.0" /></mjloggm>