<mjloggm ver="2.3"><GO type="41" lobby="0"/><UN n0="%E2%93%9D%53%75%70%68%78" n1="%63%68%61%6E%74%6F%6D%6F" n2="%E9%BB%92%E8%96%AC" n3="%79%6D%61%65%6D" dan="17,14,13,14" rate="2073.19,1939.31,1877.88,1865.33" sx="M,M,M,M"/><TAIKYOKU oya="0"/><INIT seed="0,0,0,5,4,123" ten="250,250,250,250" oya="0" hai0="67,94,44,90,81,122,128,115,50,107,117,0,42" hai1="112,102,10,109,71,135,130,87,110,134,58,17,2" hai2="78,15,19,66,27,84,89,98,13,85,74,121,80" hai3="20,77,64,4,32,96,9,41,93,30,1,34,36"/><T124/><D122/><U48/><E71/><V69/><F121/><W88/><G64/><T24/><D117/><U56/><E130/><V68/><F27/><W108/><G77/><T35/><D115/><U114/><E102/><V18/><F98/><W99/><G99/><T49/><D0/><U33/><E33/><V12/><F74/><W111/><G20/><T79/><D124/><U105/><E105/><V46/><F46/><N who="3" m="23847" /><G30/><T101/><D128/><U125/><E125/><V82/><REACH who="2" step="1"/><F66/><REACH who="2" ten="250,250,240,250" step="2"/><W65/><G65/><T61/><D24/><U5/><E87/><V62/><F62/><W129/><G129/><T26/><D26/><U131/><E131/><V104/><F104/><W133/><G133/><N who="1" m="50698" /><E17/><AGARI ba="0,1" hai="12,13,15,17,18,19,68,69,78,80,82,84,85,89" machi="17" ten="40,1300,0" yaku="1,1,53,0" doraHai="123" doraHaiUra="28" who="2" fromWho="1" sc="250,0,250,-13,240,23,250,0" /><INIT seed="1,0,0,4,1,84" ten="250,237,263,250" oya="1" hai0="130,59,62,54,25,34,79,48,93,87,132,107,125" hai1="18,35,40,6,92,55,126,116,115,56,101,109,96" hai2="32,57,5,27,23,105,86,118,74,12,90,53,88" hai3="31,111,30,60,51,68,14,58,117,13,39,49,121"/><U19/><E115/><V11/><F118/><W120/><G39/><T26/><D107/><U0/><E116/><V97/><F74/><W61/><G117/><T65/><D125/><U50/><E35/><V78/><F32/><W37/><G37/><T29/><D130/><U98/><E126/><V94/><F105/><W131/><G58/><T17/><D132/><U83/><E40/><V124/><F124/><W102/><G111/><T103/><D79/><U33/><E33/><V47/><F47/><W114/><G68/><T41/><D41/><U133/><E83/><V46/><F46/><W91/><G102/><T45/><D25/><U113/><E113/><V9/><F9/><W80/><G80/><T82/><D17/><U43/><E43/><V119/><F119/><W95/><G95/><T64/><D82/><U42/><E42/><V108/><F108/><W110/><G110/><T21/><D34/><U3/><E133/><V16/><F78/><W4/><G4/><T28/><D28/><U38/><E38/><V15/><F15/><W75/><G75/><T106/><D106/><N who="1" m="63783" /><E6/><V77/><F77/><W89/><REACH who="3" step="1"/><G114/><REACH who="3" ten="250,237,263,240" step="2"/><T24/><D103/><N who="1" m="60871" /><E109/><V100/><REACH who="2" step="1"/><F86/><REACH who="2" ten="250,237,253,240" step="2"/><W128/><AGARI ba="0,2" hai="13,14,30,31,49,51,60,61,89,91,120,121,128,131" machi="128" ten="25,12000,2" yaku="1,1,0,1,22,2,52,2,53,0" doraHai="84" doraHaiUra="22" who="3" fromWho="3" sc="250,-30,237,-60,253,-30,240,140" /><INIT seed="2,0,0,4,1,119" ten="220,177,223,380" oya="2" hai0="0,59,129,73,53,86,42,115,3,117,125,20,8" hai1="26,51,93,1,7,6,126,70,25,2,110,128,31" hai2="118,12,89,66,78,54,23,79,82,46,95,123,16" hai3="21,108,60,113,81,58,135,22,88,50,101,97,36"/><V127/><F118/><W65/><G36/><T49/><D117/><U133/><E70/><V132/><F132/><W83/><G135/><T39/><D115/><U87/><E133/><V104/><F104/><W84/><G113/><T94/><D73/><U37/><E37/><V57/><F127/><W68/><G81/><T116/><D129/><U35/><E51/><V96/><F123/><W120/><G108/><T41/><D125/><U105/><E105/><V18/><F18/><W85/><G85/><T122/><D116/><U38/><E38/><V17/><F82/><W106/><G120/><T13/><D122/><U91/><E110/><V90/><F90/><W74/><G74/><T43/><D20/><U111/><E111/><V109/><F109/><W10/><G10/><T45/><D0/><U75/><E26/><N who="2" m="14695" /><F46/><W124/><REACH who="3" step="1"/><G124/><REACH who="3" ten="220,177,223,370" step="2"/><T99/><D86/><U92/><E75/><V71/><F71/><W27/><G27/><T30/><D39/><U76/><E87/><V14/><F66/><W44/><G44/><T55/><D45/><U52/><E126/><V131/><F131/><W4/><G4/><T80/><D80/><U11/><E7/><V24/><F24/><W5/><G5/><T114/><D114/><U69/><E6/><V67/><F67/><W32/><G32/><T62/><D8/><U130/><E11/><N who="2" m="6303" /><F14/><W9/><G9/><T56/><D13/><U19/><E128/><V47/><F47/><W33/><G33/><T48/><D3/><U102/><E2/><V100/><F100/><W29/><G29/><T40/><D30/><N who="1" m="19919" /><E1/><V28/><F28/><RYUUKYOKU ba="0,1" sc="220,-15,177,-15,223,15,370,15" hai2="54,57,78,79,89,95,96" hai3="21,22,50,58,60,65,68,83,84,88,97,101,106" /><INIT seed="2,1,1,2,3,89" ten="205,162,238,385" oya="2" hai0="88,20,35,78,123,5,103,77,111,106,3,19,133" hai1="27,101,134,38,120,34,8,90,129,86,31,54,69" hai2="98,102,42,10,65,125,128,33,66,105,22,93,72" hai3="135,67,75,126,56,49,109,110,124,71,48,9,127"/><V57/><F33/><W61/><G75/><T32/><D123/><U96/><E38/><V132/><F132/><W108/><G9/><T63/><D133/><U52/><E129/><V7/><F128/><W24/><G24/><T84/><D111/><U17/><E134/><V47/><F125/><W130/><G135/><T0/><D103/><U117/><E117/><V39/><F72/><W50/><REACH who="3" step="1"/><G130/><REACH who="3" ten="205,162,238,375" step="2"/><T1/><D35/><U11/><E120/><V37/><F22/><W112/><G112/><T116/><D32/><U64/><E11/><V100/><F10/><W13/><G13/><T58/><D116/><U36/><E8/><V131/><F131/><W79/><G79/><T51/><D78/><U53/><E27/><V80/><F7/><W6/><G6/><T55/><D77/><U118/><E118/><V74/><F74/><W44/><G44/><T104/><D5/><U76/><E76/><V119/><F119/><W83/><G83/><T4/><D4/><U70/><E34/><V122/><F122/><W92/><G92/><T46/><D20/><U107/><E107/><V59/><F105/><W16/><G16/><T82/><REACH who="0" step="1"/><D19/><REACH who="0" ten="195,162,238,375" step="2"/><U81/><E17/><V2/><F100/><W62/><G62/><T23/><D23/><U12/><E101/><V28/><F102/><W73/><G73/><T15/><D15/><U60/><E31/><V21/><F21/><W26/><G26/><T113/><D113/><U94/><E12/><V95/><F2/><W87/><G87/><T97/><D97/><U91/><E86/><V43/><F28/><W115/><G115/><RYUUKYOKU ba="1,3" sc="195,15,162,-15,238,-15,375,15" hai0="0,1,3,46,51,55,58,63,82,84,88,104,106" hai3="48,49,50,56,61,67,71,108,109,110,124,126,127" /><INIT seed="3,2,3,0,0,51" ten="210,147,223,390" oya="3" hai0="96,73,19,23,48,111,32,113,81,12,105,108,110" hai1="31,55,104,124,118,42,11,75,62,49,2,10,45" hai2="17,79,47,36,68,77,16,102,70,86,64,57,0" hai3="128,131,13,56,89,40,129,6,35,14,37,115,15"/><W121/><G115/><T38/><D38/><U123/><E123/><V24/><F0/><W85/><G121/><T101/><D32/><U33/><E75/><V100/><F57/><W66/><G35/><T90/><D113/><U52/><E104/><V74/><F74/><W116/><G116/><T106/><D48/><U109/><E118/><V72/><F72/><W76/><G76/><N who="0" m="44175" /><D90/><U130/><E2/><V88/><F47/><W4/><G37/><T8/><D105/><U119/><E119/><V135/><F36/><W21/><G40/><T34/><D34/><U30/><E109/><V132/><F24/><W9/><G21/><AGARI ba="2,3" hai="8,12,19,21,23,96,101,106,108,110,111" m="44175" machi="21" ten="30,1000,0" yaku="14,1" doraHai="51" who="0" fromWho="3" sc="210,46,147,0,223,0,390,-16" /><INIT seed="4,0,0,5,1,48" ten="256,147,223,374" oya="0" hai0="134,105,131,67,85,24,56,118,61,128,7,92,129" hai1="83,89,25,86,121,135,52,0,75,53,18,123,38" hai2="50,30,1,122,65,19,3,133,60,40,9,36,101" hai3="119,44,99,130,120,54,29,11,57,97,58,79,88"/><T111/><D118/><U47/><E0/><V98/><F122/><W33/><G120/><T100/><D134/><U73/><E121/><V112/><F112/><W110/><G119/><T12/><D105/><U23/><E123/><V15/><F36/><W115/><G110/><T2/><D2/><U5/><E5/><V114/><F114/><W46/><G79/><T27/><D111/><U41/><REACH who="1" step="1"/><E135/><REACH who="1" ten="256,137,223,374" step="2"/><V6/><F133/><W108/><G115/><T63/><D7/><U59/><E59/><V42/><F30/><W107/><G108/><T37/><D56/><U113/><E113/><V4/><F50/><W96/><G57/><T104/><D131/><U49/><E49/><V35/><F35/><W109/><G130/><T13/><D128/><U66/><E66/><V132/><F132/><W62/><G109/><T8/><D67/><U28/><E28/><V72/><F72/><AGARI ba="0,1" hai="18,23,25,38,41,47,52,53,72,73,75,83,86,89" machi="72" ten="40,8000,1" yaku="1,1,52,2,54,1,53,1" doraHai="48" doraHaiUra="43" who="1" fromWho="2" sc="256,0,137,90,223,-80,374,0" /><INIT seed="5,0,0,2,0,134" ten="256,227,143,374" oya="1" hai0="77,57,102,92,44,96,10,64,118,54,116,128,49" hai1="99,129,48,93,113,121,106,29,85,21,41,4,94" hai2="50,42,25,127,86,119,67,133,100,114,22,5,104" hai3="38,74,12,83,35,111,15,2,76,62,89,58,115"/><U47/><E121/><V37/><F119/><W59/><G2/><T6/><D128/><U72/><E72/><V7/><F37/><W82/><G35/><T81/><D64/><U61/><E113/><V26/><F133/><W110/><G38/><T0/><REACH who="0" step="1"/><D44/><REACH who="0" ten="246,227,143,374" step="2"/><U52/><E129/><V18/><F67/><W84/><G115/><T9/><D9/><U46/><E46/><V109/><F114/><W132/><G132/><T33/><D33/><U87/><E4/><V14/><F5/><W71/><G111/><T101/><D101/><U36/><E36/><V107/><F7/><W95/><G110/><T3/><D3/><U88/><E106/><V108/><F100/><W51/><G71/><T1/><D1/><U112/><E112/><V11/><F11/><W23/><G23/><T39/><D39/><U17/><E29/><V117/><F117/><W13/><G15/><T32/><D32/><U40/><E40/><V79/><F109/><W8/><G12/><T97/><D97/><N who="1" m="57511" /><E41/><V124/><F108/><W125/><G13/><T126/><D126/><U105/><E105/><V69/><F42/><W53/><G8/><T91/><D91/><N who="1" m="55775" /><E21/><V19/><F22/><W120/><G120/><T131/><D131/><U78/><E17/><V60/><F69/><W63/><G125/><T80/><D80/><U103/><E103/><V123/><F123/><W135/><G135/><T122/><D122/><U130/><E130/><V28/><F28/><W30/><G30/><T68/><D68/><U45/><E45/><V34/><F34/><W16/><G16/><T55/><D55/><RYUUKYOKU ba="0,1" sc="246,30,227,-10,143,-10,374,-10" hai0="0,6,10,49,54,57,77,81,92,96,102,116,118" /><INIT seed="6,1,1,5,2,69" ten="276,217,133,364" oya="2" hai0="121,96,110,16,133,63,123,39,48,93,89,33,51" hai1="58,103,29,98,6,42,109,66,21,56,119,107,44" hai2="116,83,91,122,22,101,113,97,32,52,99,43,87" hai3="50,132,54,114,134,25,59,11,81,34,79,90,2"/><V14/><F32/><W47/><G114/><T31/><D110/><U65/><E109/><V115/><F116/><W94/><G2/><T80/><D39/><U41/><E41/><V128/><F128/><W129/><G11/><T46/><D48/><U55/><E119/><V19/><F122/><W100/><G100/><T95/><D133/><U88/><E6/><V20/><F43/><W76/><G129/><T131/><D80/><U17/><E29/><V67/><F67/><W27/><G79/><T86/><D63/><U23/><E23/><V45/><F22/><W18/><G34/><T9/><D31/><U92/><E55/><V124/><F124/><W77/><G77/><T117/><D33/><U70/><E70/><V36/><F36/><W3/><G3/><T15/><D131/><U7/><E7/><V53/><F45/><W37/><G37/><T85/><D117/><U68/><E68/><V74/><F74/><W84/><G18/><T40/><REACH who="0" step="1"/><D86/><REACH who="0" ten="266,217,133,364" step="2"/><U60/><E66/><V130/><F130/><W106/><G132/><T135/><D135/><U78/><E60/><V13/><F99/><W64/><G134/><T105/><D105/><U28/><E28/><V38/><F38/><W126/><G106/><T5/><D5/><U73/><E65/><V62/><F62/><N who="3" m="37983" /><G126/><T125/><D125/><U72/><E107/><N who="2" m="63919" /><F14/><W10/><G81/><T111/><D111/><U82/><E98/><V30/><F30/><W102/><G84/><T49/><D49/><U108/><E108/><V12/><F13/><W127/><G127/><T61/><D61/><U35/><E35/><RYUUKYOKU ba="1,2" sc="266,15,217,-15,133,15,364,-15" hai0="9,15,16,40,46,51,85,89,93,95,96,121,123" hai2="12,19,20,52,53,83,87,91,113,115" /><INIT seed="6,2,2,4,2,128" ten="281,202,148,349" oya="2" hai0="130,127,110,84,78,73,133,41,8,118,89,132,91" hai1="18,39,23,77,124,108,59,126,99,97,20,129,87" hai2="35,98,134,42,103,71,37,40,93,15,60,12,131" hai3="115,75,17,26,62,24,51,43,31,61,105,58,34"/><V88/><F131/><W102/><G75/><T68/><D130/><U113/><E129/><V92/><F35/><W14/><G24/><T122/><D110/><U83/><E39/><V32/><F32/><W80/><G80/><N who="0" m="45135" /><D68/><U82/><E108/><V30/><F30/><W86/><G86/><T53/><D41/><U85/><E113/><V100/><F134/><N who="0" m="51818" /><D127/><U16/><REACH who="1" step="1"/><E59/><REACH who="1" ten="281,192,148,349" step="2"/><V76/><F37/><W25/><G58/><T119/><D122/><U1/><E1/><V121/><F121/><W125/><G125/><T4/><D53/><U5/><E5/><V48/><F71/><W64/><G115/><T28/><D28/><U47/><E47/><V116/><F116/><N who="0" m="44586" /><D84/><U81/><E81/><V114/><F114/><W50/><G31/><T106/><D106/><U120/><E120/><V112/><F112/><W22/><G43/><T123/><D123/><U55/><E55/><V11/><F42/><W38/><G105/><T10/><D10/><U70/><E70/><V3/><F3/><AGARI ba="2,3" hai="3,4,8,89,91" m="44586,51818,45135" machi="3" ten="30,8000,1" yaku="20,1,12,1,52,3" doraHai="128" who="0" fromWho="2" sc="281,116,192,0,148,-86,349,0" /><INIT seed="7,0,0,4,0,21" ten="397,192,62,349" oya="3" hai0="59,80,57,19,11,127,55,2,95,13,78,126,114" hai1="32,51,22,129,58,72,48,20,83,16,76,30,102" hai2="56,75,84,81,123,54,26,44,85,6,0,89,107" hai3="96,130,61,92,77,74,18,88,106,34,118,65,90"/><W31/><G118/><T63/><D114/><U124/><E124/><N who="0" m="47657" /><D95/><U38/><E38/><V86/><F123/><W79/><G130/><T97/><D97/><U73/><E73/><V23/><F107/><W94/><G106/><T29/><D29/><U132/><E132/><V52/><F75/><W17/><G74/><N who="0" m="43095" /><D59/><U110/><E110/><V70/><F70/><W93/><G94/><T115/><D115/><U35/><E35/><V25/><F6/><W122/><G122/><T99/><D99/><U66/><E32/><V67/><F0/><AGARI ba="0,0" hai="0,2,11,13,19,55,57,63" m="43095,47657" machi="0" ten="30,1000,0" yaku="18,1" doraHai="21" who="0" fromWho="2" sc="397,10,192,0,62,-10,349,0" owari="407,51.0,192,-21.0,52,-45.0,349,15.0" /></mjloggm>