<mjloggm ver="2.3"><GO type="41" lobby="0"/><UN n0="%E9%A2%A8%E6%9D%A5%E3%81%AE%E3%83%91%E3%83%AD%E3%83%91%E3%83%AD" n1="%61%66%61%79%61" n2="%E7%A0%82%E6%BC%A0%E3%81%AE%E5%B0%91%E5%B9%B4" n3="%E2%93%9D%53%75%70%68%78" dan="13,15,14,18" rate="1983.17,1938.83,1964.74,2123.01" sx="M,M,M,M"/><TAIKYOKU oya="0"/><INIT seed="0,0,0,1,2,53" ten="250,250,250,250" oya="0" hai0="81,98,18,12,20,121,14,56,112,23,30,80,88" hai1="47,7,119,109,77,37,133,117,44,26,28,32,39" hai2="129,10,108,125,61,96,90,92,24,1,94,123,113" hai3="16,127,21,46,86,54,2,105,4,70,0,79,89"/><T43/><D121/><U103/><E133/><V110/><F123/><W71/><G105/><T132/><D112/><U25/><E109/><N who="2" m="42091" /><F113/><W99/><G79/><T72/><D132/><U66/><E77/><V124/><F129/><W95/><G127/><N who="2" m="48713" /><F24/><W130/><G130/><T8/><D43/><U84/><E84/><V83/><F83/><N who="0" m="31818" /><D72/><U48/><E7/><N who="2" m="1391" /><F94/><W42/><G95/><N who="0" m="56679" /><D30/><U114/><E114/><V63/><AGARI ba="0,0" hai="61,63,90,92,96" m="1391,48713,42091" machi="63" ten="40,2700,0" yaku="14,1,18,1" doraHai="53" who="2" fromWho="2" sc="250,-13,250,-7,250,27,250,-7" /><INIT seed="1,0,0,4,2,29" ten="237,243,277,243" oya="1" hai0="23,52,116,110,86,90,15,124,78,3,43,108,10" hai1="93,74,9,129,82,98,14,66,67,77,47,57,0" hai2="40,87,92,30,54,91,64,107,19,38,135,88,65" hai3="102,112,81,127,18,100,41,109,35,125,45,97,113"/><U48/><E0/><V69/><F107/><W79/><G18/><T126/><D43/><U58/><E66/><V76/><F76/><W63/><G63/><T17/><D116/><U75/><E67/><V46/><F135/><W4/><G4/><N who="0" m="1311" /><D78/><U128/><E74/><V44/><F69/><W26/><G109/><N who="0" m="42091" /><D52/><U1/><E1/><V99/><F19/><W37/><G102/><T50/><D50/><U31/><E31/><V104/><F30/><N who="3" m="19927" /><G81/><AGARI ba="0,0" hai="15,17,23,81,86,90,124,126" m="42091,1311" machi="81" ten="30,1000,0" yaku="14,1" doraHai="29" who="0" fromWho="3" sc="237,10,243,0,277,0,243,-10" /><INIT seed="2,0,0,5,0,135" ten="247,243,277,233" oya="2" hai0="121,79,10,36,61,111,47,3,20,26,106,9,12" hai1="55,129,1,8,98,115,66,2,7,109,93,5,77" hai2="116,41,27,90,38,11,110,0,35,64,32,30,134" hai3="75,94,114,124,70,33,16,84,78,52,87,91,59"/><V89/><F116/><W58/><G70/><T15/><D121/><U74/><E129/><V130/><F134/><W104/><G33/><T53/><D106/><U107/><E109/><V40/><F130/><W122/><G104/><T117/><D117/><U96/><E55/><V71/><F71/><W92/><G75/><T44/><D111/><U127/><E66/><V102/><F110/><W29/><G29/><T21/><D79/><U46/><E115/><V43/><F35/><W6/><G6/><T57/><D3/><U17/><E17/><V80/><F64/><W23/><G124/><T69/><D69/><U42/><E107/><V14/><F0/><W88/><G122/><T72/><D72/><U18/><E93/><V81/><F102/><W105/><G105/><T45/><D36/><U123/><E18/><V65/><F65/><W132/><G132/><T118/><D118/><U63/><E63/><V13/><F38/><W97/><G114/><T120/><D120/><U37/><E123/><V62/><F62/><W34/><G34/><T83/><D83/><U131/><E131/><V76/><F81/><N who="3" m="47159" /><G52/><T99/><D99/><U51/><E51/><V112/><F112/><W108/><G108/><T133/><D133/><U48/><E48/><V101/><F101/><W39/><G39/><T103/><D103/><U95/><E95/><V31/><F31/><W60/><G60/><T54/><D53/><U4/><E4/><N who="2" m="3303" /><F14/><AGARI ba="0,0" hai="14,16,23,58,59,87,88,91,92,94,97" m="47159" machi="14" ten="30,3900,0" yaku="8,1,54,2" doraHai="135" who="3" fromWho="2" sc="247,0,243,0,277,-39,233,39" /><INIT seed="3,0,0,0,5,62" ten="247,243,238,272" oya="3" hai0="40,99,68,54,29,82,79,96,14,71,125,93,41" hai1="59,45,64,103,106,116,28,76,130,115,123,114,87" hai2="20,112,6,85,121,107,66,80,27,113,132,38,81" hai3="83,70,122,94,88,111,36,91,90,7,118,95,128"/><W11/><G118/><T51/><D125/><U5/><E130/><V120/><F38/><W60/><G122/><N who="2" m="47209" /><F132/><W19/><G36/><T98/><D93/><U100/><E123/><V39/><F39/><W48/><G128/><T18/><D29/><U72/><E116/><V46/><F107/><W109/><G19/><T124/><D124/><U12/><E28/><N who="2" m="17511" /><F6/><W0/><G48/><T42/><D68/><U15/><E72/><V131/><F131/><W78/><G60/><T97/><D71/><U8/><E106/><V4/><F4/><W2/><G70/><T63/><D63/><U31/><E12/><V67/><F46/><W74/><REACH who="3" step="1"/><G2/><REACH who="3" ten="247,243,238,262" step="2"/><T21/><N who="0" m="24576" /><DORA hai="127" /><T9/><D9/><U133/><E8/><V43/><F43/><W10/><G10/><T135/><D135/><U1/><E133/><V33/><F113/><W57/><G57/><T37/><D37/><U24/><E59/><V44/><F112/><W75/><G75/><T47/><REACH who="0" step="1"/><D41/><REACH who="0" ten="237,243,238,262" step="2"/><U58/><E114/><V61/><F61/><W134/><G134/><T84/><AGARI ba="0,2" hai="14,18,21,40,42,47,51,54,79,82,84" m="24576" machi="84" ten="40,8000,1" yaku="1,1,2,1,0,1,8,1,53,1" doraHai="62,127" doraHaiUra="3,49" who="0" fromWho="0" sc="237,100,243,-20,238,-20,262,-40" /><INIT seed="4,0,0,3,2,3" ten="337,223,218,222" oya="0" hai0="44,57,31,77,63,93,75,90,23,24,115,72,80" hai1="38,52,49,64,129,95,25,37,1,65,20,89,35" hai2="34,47,78,29,59,130,100,134,7,17,51,68,108" hai3="46,91,56,105,22,32,98,96,122,19,15,70,74"/><T11/><D115/><U12/><E35/><V81/><F108/><W113/><G70/><T94/><D44/><U69/><E1/><V124/><F68/><W58/><G74/><T106/><D106/><U101/><E101/><V104/><F124/><W128/><G128/><T33/><D75/><U45/><E129/><V27/><F130/><W16/><G32/><T123/><D123/><U86/><E12/><V5/><F134/><W127/><G113/><T103/><D103/><U62/><REACH who="1" step="1"/><E65/><REACH who="1" ten="337,213,218,222" step="2"/><V102/><F102/><W112/><G112/><T30/><D33/><U133/><E133/><V71/><F100/><W66/><G66/><T84/><D57/><U48/><E48/><V107/><F107/><W61/><G58/><T88/><D63/><U125/><E125/><V41/><F59/><W114/><G56/><T10/><REACH who="0" step="1"/><D31/><AGARI ba="0,1" hai="20,25,31,37,38,45,49,52,62,64,69,86,89,95" machi="31" ten="30,3900,0" yaku="1,1,7,1,54,1,53,0" doraHai="3" doraHaiUra="121" who="1" fromWho="0" sc="337,-39,213,49,218,0,222,0" /><INIT seed="5,0,0,4,0,49" ten="298,262,218,222" oya="1" hai0="76,115,101,108,100,1,17,85,110,132,62,10,5" hai1="96,32,134,94,51,111,46,16,106,31,69,121,92" hai2="36,104,64,37,52,127,67,34,135,43,77,81,129" hai3="39,22,117,98,105,27,89,56,86,12,45,44,42"/><U103/><E121/><V82/><F104/><W54/><G117/><T0/><D132/><U72/><E72/><V79/><F135/><W53/><G12/><T19/><D1/><U97/><E134/><V68/><F34/><W47/><G105/><T125/><D125/><U130/><E130/><V26/><F43/><W65/><G98/><T84/><D115/><U107/><E69/><V83/><F26/><W21/><G21/><T13/><D17/><U133/><E133/><V87/><F127/><W30/><G39/><T20/><D110/><U128/><E128/><V55/><F83/><N who="3" m="49375" /><G42/><T122/><D108/><U4/><E4/><V3/><F129/><W9/><G9/><T8/><D8/><U109/><E31/><V116/><F87/><W112/><G112/><T126/><D126/><U15/><E32/><V6/><F6/><W124/><G124/><T33/><D33/><U50/><E50/><V78/><F78/><W28/><G28/><T63/><D122/><U7/><E7/><V73/><F68/><W80/><G80/><T75/><D75/><U25/><E25/><V99/><F73/><W40/><G40/><T102/><D84/><U48/><E48/><V35/><F35/><W74/><G74/><T18/><D18/><U66/><E66/><V11/><F11/><W58/><G65/><T131/><D131/><U24/><E24/><V93/><F116/><W71/><G71/><T23/><D23/><N who="1" m="11679" /><E109/><V61/><F3/><W90/><G90/><T14/><D0/><U118/><E111/><V120/><F120/><W88/><G88/><T60/><D76/><RYUUKYOKU ba="0,0" sc="298,15,262,-15,218,-15,222,15" hai0="5,10,13,14,19,20,60,62,63,85,100,101,102" hai3="22,27,30,44,45,47,53,54,56,58" /><INIT seed="6,1,0,2,0,108" ten="313,247,203,237" oya="2" hai0="116,66,68,113,114,30,97,58,23,21,50,57,80" hai1="76,70,25,86,29,128,2,133,61,102,48,52,106" hai2="14,44,27,100,10,3,77,122,89,72,90,49,73" hai3="105,92,109,110,39,19,40,37,51,41,16,53,64"/><V69/><F122/><W98/><G105/><T22/><D116/><U54/><E128/><V93/><F69/><W75/><G75/><T0/><D0/><U9/><E133/><V46/><F3/><W103/><G64/><T6/><D6/><U135/><E135/><V115/><F115/><N who="0" m="44042" /><D30/><U12/><E86/><V79/><F73/><W83/><G110/><T129/><D129/><U36/><E36/><V123/><F72/><W74/><G39/><T42/><D80/><U45/><E76/><N who="2" m="29259" /><F123/><W130/><G37/><T56/><D97/><U84/><E84/><N who="2" m="52391" /><F100/><W96/><G109/><T24/><D24/><U111/><E111/><V47/><F27/><W85/><G130/><T120/><D120/><U101/><E2/><V63/><F63/><W118/><G74/><T59/><D68/><U1/><E1/><V125/><F125/><W95/><G118/><T112/><N who="0" m="44050" /><T82/><DORA hai="4" /><D82/><U78/><E78/><V32/><F32/><W60/><G60/><N who="0" m="38151" /><D42/><N who="3" m="16489" /><G83/><T107/><D107/><U28/><E106/><V11/><F90/><N who="3" m="53327" /><G98/><T127/><D127/><U26/><E70/><V20/><F49/><AGARI ba="1,0" hai="21,22,23,49,50,57,58,59" m="38151,44050" machi="49" ten="50,8000,1" yaku="15,1,52,4" doraHai="108,4" who="0" fromWho="2" sc="313,83,247,0,203,-83,237,0" /><INIT seed="7,0,0,3,0,74" ten="396,247,120,237" oya="3" hai0="15,108,91,90,44,115,13,99,97,16,69,95,63" hai1="128,68,75,40,101,38,32,5,64,45,19,84,122" hai2="41,124,110,20,123,35,118,93,131,79,36,11,43" hai3="87,103,9,57,42,129,78,3,130,26,107,28,81"/><W30/><G42/><T126/><D108/><U25/><E84/><V83/><F20/><W48/><G107/><T47/><D126/><U109/><E19/><V80/><F11/><W23/><G103/><T12/><D69/><U127/><E101/><V7/><F7/><W102/><G102/><T0/><D0/><U133/><E25/><V29/><F29/><W77/><G30/><T2/><D2/><U59/><E59/><V4/><F4/><W85/><G3/><T76/><D76/><N who="3" m="29289" /><G81/><T111/><D63/><U18/><E18/><V56/><F83/><W21/><G9/><T51/><D47/><U39/><E45/><V33/><F80/><W100/><G100/><T71/><D71/><U134/><E40/><V55/><F43/><W53/><G23/><N who="0" m="11655" /><D111/><U89/><E89/><V52/><F110/><W34/><G34/><T112/><D115/><U8/><E8/><V14/><F33/><W1/><G1/><T60/><D112/><U50/><E32/><V119/><F41/><W31/><G31/><T61/><D13/><U120/><E75/><V121/><F14/><W65/><G65/><T70/><D15/><U17/><E64/><V73/><F36/><W82/><G82/><T125/><D70/><U104/><E68/><V92/><F73/><W24/><G24/><T105/><D105/><U98/><E104/><V27/><F27/><W132/><G132/><T88/><D97/><U22/><E98/><V116/><F35/><W135/><G135/><T117/><D99/><U94/><E22/><V10/><F119/><W72/><G72/><T54/><D117/><RYUUKYOKU ba="0,0" sc="396,-10,247,-10,120,-10,237,30" hai3="21,26,28,48,53,57,85,87,129,130" /><INIT seed="7,1,0,4,4,129" ten="386,237,110,267" oya="3" hai0="97,27,46,92,96,109,16,122,1,39,58,29,87" hai1="49,11,114,110,103,77,25,74,70,42,20,40,127" hai2="79,80,81,19,5,93,84,76,71,90,125,47,38" hai3="26,18,128,59,126,43,112,82,101,4,67,45,91"/><W108/><G112/><T24/><D109/><U94/><E70/><V23/><F71/><W78/><G126/><T34/><D122/><U85/><E110/><V53/><F5/><W2/><G101/><T120/><D120/><U133/><E127/><V113/><F38/><W115/><G115/><T66/><D1/><U41/><E114/><V130/><F125/><W50/><G128/><T52/><D66/><U68/><E74/><V121/><F113/><W64/><G91/><T32/><D46/><U124/><E68/><V88/><F130/><W72/><G59/><T102/><D39/><U119/><E119/><V56/><F47/><W135/><G18/><T15/><D96/><U35/><E35/><V3/><F3/><W61/><G26/><T132/><D132/><U22/><E11/><V99/><F80/><W36/><G135/><T7/><D7/><U69/><E133/><V131/><F131/><W30/><G30/><T62/><D87/><U98/><E69/><V54/><F54/><W75/><G75/><T111/><D111/><U57/><E124/><V86/><F121/><W12/><G72/><T105/><D24/><U60/><E49/><V83/><F83/><W6/><G82/><T104/><REACH who="0" step="1"/><D32/><REACH who="0" ten="376,237,110,267" step="2"/><U107/><E107/><V9/><F84/><W117/><G108/><T0/><D0/><U37/><E85/><V116/><F116/><W28/><G117/><T95/><D95/><U63/><E77/><V73/><F73/><W33/><G78/><T10/><AGARI ba="1,1" hai="10,15,16,27,29,34,52,58,62,92,97,102,104,105" machi="10" ten="20,8000,1" yaku="1,1,0,1,7,1,54,2,53,0" doraHai="129" doraHaiUra="17" who="0" fromWho="0" sc="376,93,237,-21,110,-21,267,-41" owari="469,56.0,216,-18.0,89,-41.0,226,3.0" /></mjloggm>