<mjloggm ver="2.3"><GO type="41" lobby="0"/><UN n0="%70%61%61%72%75%30%38%31" n1="%E2%93%9D%53%75%70%68%78" n2="%E2%93%9D%4E%41%47%41%32%35" n3="%E8%AA%89%E6%9C%89%E5%B7%9E%E8%B9%B4" dan="13,18,17,15" rate="1883.08,2075.58,2137.46,1966.11" sx="M,M,F,M"/><TAIKYOKU oya="0"/><INIT seed="0,0,0,1,3,61" ten="250,250,250,250" oya="0" hai0="24,23,29,90,54,49,73,95,135,5,113,76,110" hai1="40,47,86,15,11,84,83,33,87,31,4,64,124" hai2="62,128,14,107,96,101,89,45,42,126,66,8,68" hai3="112,6,52,102,134,80,88,67,41,120,16,97,56"/><T104/><D104/><U99/><E124/><V19/><F128/><W65/><G112/><T81/><D113/><U0/><E0/><V115/><F115/><W109/><G109/><T130/><D130/><U44/><E33/><V125/><REACH who="2" step="1"/><F89/><REACH who="2" ten="250,250,240,250" step="2"/><W26/><G120/><T7/><D110/><U57/><E31/><V18/><F18/><W34/><G134/><T32/><D135/><U72/><E4/><V39/><AGARI ba="0,1" hai="8,14,19,39,42,45,62,66,68,96,101,107,125,126" machi="39" ten="30,4000,0" yaku="1,1,0,1,52,1,53,0" doraHai="61" doraHaiUra="129" who="2" fromWho="2" sc="250,-20,250,-10,240,50,250,-10" /><INIT seed="1,0,0,4,2,65" ten="230,240,290,240" oya="1" hai0="121,119,14,85,120,57,60,91,42,52,21,116,30" hai1="66,89,112,18,12,115,108,15,96,105,64,59,118" hai2="11,47,31,75,61,8,27,71,58,124,103,110,25" hai3="106,129,7,39,45,9,38,100,128,114,79,127,93"/><U111/><E118/><V84/><F75/><W133/><G106/><T17/><D42/><U107/><E59/><V28/><F110/><N who="1" m="42025" /><E89/><V1/><F124/><W68/><G114/><N who="1" m="43562" /><E18/><V83/><F58/><W22/><G127/><T104/><D104/><N who="1" m="40011" /><E96/><V90/><F90/><W0/><G79/><T63/><D30/><U72/><E72/><V80/><F31/><W130/><G133/><T10/><D63/><U95/><E95/><V98/><F28/><W86/><G45/><T125/><D125/><U74/><E74/><V123/><F47/><W20/><G100/><T43/><D43/><U87/><E87/><V132/><F84/><W5/><G93/><T48/><D60/><U55/><E55/><V102/><F61/><W4/><G86/><T32/><D32/><U67/><AGARI ba="0,0" hai="12,15,64,66,67" m="40011,43562,42025" machi="67" ten="40,12000,1" yaku="28,2,14,1,10,1" doraHai="65" who="1" fromWho="1" sc="230,-40,240,120,290,-40,240,-40" /><INIT seed="1,1,0,1,5,19" ten="190,360,250,200" oya="1" hai0="11,90,105,64,109,28,38,44,29,128,70,57,60" hai1="20,108,34,98,120,93,69,10,86,27,24,22,41" hai2="88,3,13,111,129,68,50,47,123,92,82,97,71" hai3="21,73,7,43,125,75,78,25,61,63,114,5,112"/><U74/><E74/><V23/><F123/><W9/><G125/><T33/><D105/><U40/><E34/><V113/><F3/><W32/><G32/><T126/><D126/><U104/><E69/><V12/><F111/><W119/><G119/><T91/><D109/><U83/><E104/><V135/><F129/><W51/><G5/><T17/><D128/><U52/><E10/><V1/><F1/><W58/><G63/><T95/><D91/><N who="1" m="55615" /><E120/><V15/><F135/><W36/><G36/><T116/><D116/><U2/><E2/><V66/><F113/><W31/><G75/><T18/><D33/><U85/><E52/><N who="2" m="29791" /><F71/><W45/><G78/><T67/><D67/><U107/><E107/><V106/><F68/><W101/><G73/><T0/><D70/><U77/><E86/><N who="2" m="50263" /><F106/><W48/><G112/><T133/><D133/><U132/><E132/><V65/><F23/><N who="1" m="8745" /><E108/><V100/><AGARI ba="1,0" hai="12,13,15,65,66,92,97,100" m="50263,29791" machi="100" ten="30,4000,0" yaku="8,1,54,2" doraHai="19" who="2" fromWho="2" sc="190,-11,360,-21,250,43,200,-11" /><INIT seed="2,0,0,2,0,72" ten="179,339,293,189" oya="2" hai0="107,134,56,109,103,110,10,3,69,62,30,80,95" hai1="35,59,65,86,46,60,23,77,113,115,20,111,78" hai2="39,32,22,31,67,96,71,90,18,54,99,129,57" hai3="64,50,108,98,97,84,104,91,135,44,82,73,36"/><V55/><F39/><W41/><G108/><T66/><D134/><U132/><E35/><V17/><F129/><W37/><G135/><T92/><D30/><U126/><E111/><N who="0" m="42505" /><D80/><U123/><E126/><V105/><F71/><W21/><G73/><T53/><D3/><U15/><E123/><V43/><F43/><W52/><G64/><T58/><D10/><U2/><E2/><V94/><F32/><W114/><G114/><T61/><D58/><U81/><E132/><V51/><F67/><W14/><G104/><T42/><D42/><U24/><E115/><V133/><F133/><W125/><G125/><T131/><D131/><U34/><E34/><V38/><F38/><W7/><G37/><T88/><D88/><N who="1" m="51279" /><E46/><V87/><F105/><W102/><G102/><T12/><D12/><U19/><E113/><V16/><REACH who="2" step="1"/><F55/><REACH who="2" ten="179,339,283,189" step="2"/><W128/><G128/><T127/><D127/><U26/><E26/><AGARI ba="0,1" hai="16,17,18,22,26,31,51,54,57,87,90,94,96,99" machi="26" ten="40,12000,1" yaku="1,1,2,1,8,1,54,1,53,0" doraHai="72" doraHaiUra="122" who="2" fromWho="1" sc="179,0,339,-120,283,130,189,0" /><INIT seed="2,1,0,2,5,65" ten="179,219,413,189" oya="2" hai0="87,16,135,25,68,50,80,91,73,88,14,64,102" hai1="33,43,48,27,118,56,4,96,125,60,131,105,44" hai2="5,103,42,13,117,77,126,22,132,10,109,47,123" hai3="41,98,12,74,122,72,66,75,99,29,86,79,19"/><V23/><F117/><W116/><G116/><T30/><D135/><U121/><E118/><V90/><F123/><W92/><G122/><T57/><D102/><U51/><E121/><V18/><F132/><W49/><G29/><T130/><D130/><U26/><E125/><V71/><F126/><W38/><G38/><T0/><D0/><U54/><E33/><V59/><F103/><W67/><G86/><T100/><D100/><U78/><E105/><V20/><F109/><W129/><G129/><T62/><D73/><U46/><E131/><V7/><F77/><W106/><G79/><T114/><D114/><U35/><E35/><V63/><F90/><W133/><G133/><T15/><D91/><U82/><E4/><V120/><F71/><W31/><G31/><T85/><D85/><N who="1" m="48343" /><E96/><V93/><F93/><W94/><G106/><T61/><D50/><U70/><E70/><V45/><F120/><W110/><G110/><T84/><D84/><U32/><E32/><V97/><F97/><W28/><G98/><T36/><D36/><U9/><E9/><V95/><F95/><W89/><G92/><T69/><D62/><U76/><E76/><V24/><F7/><W8/><G28/><T107/><D107/><U134/><E134/><V52/><REACH who="2" step="1"/><F47/><REACH who="2" ten="179,219,403,189" step="2"/><W128/><G128/><T39/><D69/><U21/><E46/><V34/><F34/><W1/><G99/><T111/><D68/><U40/><E21/><V101/><F101/><W2/><G94/><T115/><D111/><U55/><E43/><V119/><F119/><W58/><G41/><T37/><D88/><RYUUKYOKU ba="1,1" sc="179,-15,219,15,403,15,189,-15" hai1="26,27,40,44,48,51,54,55,56,60" hai2="5,10,13,18,20,22,23,24,42,45,52,59,63" /><INIT seed="2,2,1,3,3,15" ten="164,234,418,174" oya="2" hai0="98,70,20,42,99,133,11,63,82,14,117,17,124" hai1="45,80,33,56,77,96,106,94,6,53,39,31,29" hai2="97,92,126,48,78,58,41,23,119,60,30,107,114" hai3="57,102,0,46,4,62,67,132,12,66,3,54,68"/><V125/><F114/><W89/><G132/><T26/><D133/><U86/><E106/><V38/><F119/><W91/><G102/><T27/><D124/><U75/><E33/><V135/><F38/><W134/><G134/><T61/><D117/><U74/><E6/><V37/><F37/><W49/><G67/><T112/><D112/><U65/><E75/><V50/><F107/><W84/><G12/><T72/><D27/><U100/><E74/><V19/><F78/><W55/><G4/><T88/><D42/><U25/><E39/><V128/><F30/><W76/><G76/><T64/><D63/><N who="1" m="38119" /><E25/><N who="2" m="14591" /><F128/><W36/><G89/><T111/><D111/><U71/><E71/><V108/><F108/><W104/><G104/><T101/><D72/><U40/><E40/><V52/><F135/><W116/><G116/><T130/><D130/><U79/><E79/><V10/><F10/><W121/><G121/><T34/><D34/><U16/><E31/><V1/><F1/><W87/><G55/><T69/><D69/><U110/><E29/><V9/><F9/><W123/><G123/><T5/><REACH who="0" step="1"/><D101/><REACH who="0" ten="154,234,418,174" step="2"/><U43/><E110/><V120/><F120/><W113/><G113/><T51/><D51/><N who="2" m="19498" /><F41/><W24/><G36/><T32/><D32/><U73/><E43/><V103/><F126/><W13/><G68/><T90/><D90/><U129/><E129/><V122/><F125/><W118/><G91/><T95/><D95/><U93/><E73/><V81/><F122/><W2/><G118/><T115/><D115/><U127/><E127/><V83/><AGARI ba="2,2" hai="52,58,60,81,83,92,97,103" m="19498,14591" machi="83" ten="30,6000,0" yaku="8,1,52,1,54,1" doraHai="15" who="2" fromWho="2" sc="154,-22,234,-22,418,86,174,-22" /><INIT seed="2,3,0,4,0,76" ten="132,212,504,152" oya="2" hai0="38,129,2,128,70,33,39,22,62,96,92,58,121" hai1="5,43,18,3,83,90,118,25,50,124,13,46,1" hai2="56,61,117,100,24,48,10,53,12,79,77,36,41" hai3="78,134,63,54,8,23,0,126,132,101,98,99,119"/><V110/><F117/><W7/><G119/><T106/><D33/><U31/><E124/><V68/><F100/><W30/><G126/><T44/><D2/><U35/><E118/><V4/><F110/><W37/><G37/><T104/><D70/><U27/><E27/><V107/><F107/><W105/><G99/><T52/><D22/><U111/><E5/><V84/><F24/><W113/><G113/><T28/><D28/><U95/><E111/><V122/><F122/><W86/><G23/><T88/><D121/><U91/><E91/><V130/><F130/><N who="0" m="50282" /><D39/><U103/><E103/><V69/><F69/><W15/><G30/><T82/><D82/><U93/><E83/><V65/><REACH who="2" step="1"/><F84/><REACH who="2" ten="132,212,494,152" step="2"/><W40/><G86/><T6/><D6/><U102/><E102/><V67/><F67/><W115/><G101/><T135/><D135/><U109/><E109/><V89/><F89/><W57/><G132/><T16/><D106/><U112/><E90/><V72/><F72/><W73/><G105/><T108/><D108/><U114/><E114/><V49/><F49/><W29/><G73/><T45/><D104/><U64/><E112/><V47/><AGARI ba="3,1" hai="4,10,12,36,41,47,48,53,56,61,65,68,77,79" machi="47" ten="30,11700,0" yaku="1,1,0,1,24,2,53,0" doraHai="76" doraHaiUra="32" who="2" fromWho="2" sc="132,-42,212,-42,494,136,152,-42" /><INIT seed="2,4,0,2,1,116" ten="90,170,630,110" oya="2" hai0="32,68,92,78,15,42,67,80,81,102,69,11,90" hai1="70,37,54,49,18,7,17,55,115,45,127,43,38" hai2="85,63,74,122,101,53,94,31,126,121,22,19,123" hai3="82,13,21,25,58,10,128,89,6,33,66,23,14"/><V125/><F74/><W100/><G128/><T75/><D32/><U26/><E7/><V59/><F31/><W84/><G100/><T60/><D42/><U124/><E26/><N who="2" m="14687" /><F101/><W47/><G33/><T5/><D81/><U27/><E27/><V108/><F94/><W12/><G47/><T56/><REACH who="0" step="1"/><D102/><REACH who="0" ten="80,170,630,110" step="2"/><U72/><E43/><V134/><F134/><W73/><G73/><T87/><AGARI ba="4,1" hai="5,11,15,56,60,67,68,69,75,78,80,87,90,92" machi="87" ten="20,8000,1" yaku="1,1,2,1,0,1,7,1,53,1" doraHai="116" doraHaiUra="107" who="0" fromWho="0" sc="80,102,170,-24,630,-44,110,-24" /><INIT seed="3,0,0,5,2,135" ten="182,146,586,86" oya="3" hai0="116,111,27,54,38,133,72,41,32,99,48,71,2" hai1="53,18,34,102,80,96,117,105,36,121,67,131,119" hai2="49,122,127,62,8,78,24,56,29,128,83,120,73" hai3="1,28,42,57,66,44,51,132,123,15,25,134,39"/><W10/><G1/><T4/><D99/><U86/><E36/><V97/><F127/><W61/><G123/><T37/><D4/><U79/><E34/><V3/><F128/><W113/><G113/><T11/><D11/><U23/><E121/><N who="2" m="46699" /><F49/><W125/><G51/><T0/><D27/><U112/><E67/><V100/><F8/><W7/><REACH who="3" step="1"/><G125/><REACH who="3" ten="182,146,586,76" step="2"/><T130/><D133/><U43/><E112/><V126/><F3/><W52/><G52/><T114/><D114/><U9/><E53/><V19/><F126/><W118/><G118/><T106/><D48/><U35/><E131/><V21/><F62/><W104/><G104/><T50/><D50/><U45/><E119/><V33/><F56/><W95/><G95/><T124/><D54/><U70/><E117/><V60/><F60/><W87/><G87/><T101/><D0/><U98/><E86/><V40/><F40/><W74/><G74/><T82/><D72/><U77/><E43/><V12/><F97/><W14/><G14/><T90/><D2/><U59/><E98/><V94/><F94/><W92/><G92/><T107/><D106/><U17/><E96/><V103/><AGARI ba="0,1" hai="12,19,21,24,29,33,73,78,83,100,103" m="46699" machi="103" ten="30,1100,0" yaku="13,1" doraHai="135" who="2" fromWho="2" sc="182,-3,146,-3,586,21,76,-5" /><INIT seed="4,0,0,5,0,55" ten="179,143,607,71" oya="0" hai0="10,120,121,93,21,69,92,17,11,89,46,51,30" hai1="56,116,28,80,0,103,74,73,68,110,34,132,102" hai2="86,134,9,41,123,37,63,47,53,64,7,129,94" hai3="2,18,122,39,48,13,43,29,96,26,127,105,6"/><T40/><D69/><U1/><E68/><V109/><F109/><W104/><G39/><T19/><D93/><U59/><E110/><V3/><F123/><W45/><G122/><T90/><D90/><U60/><E28/><V118/><F129/><W66/><G127/><T67/><D67/><U16/><E60/><V77/><F134/><W12/><G12/><T87/><D30/><U57/><E34/><V23/><F118/><W97/><G104/><T91/><D91/><U112/><E132/><V54/><F23/><W70/><G105/><T84/><D84/><U36/><E36/><V14/><F3/><W119/><G119/><T131/><D131/><U101/><E116/><V61/><F61/><W20/><G66/><T33/><D33/><U32/><E32/><V81/><F94/><W31/><G70/><AGARI ba="0,0" hai="7,9,14,37,41,47,53,54,63,64,70,77,81,86" machi="70" ten="30,1000,0" yaku="7,1" doraHai="55" who="2" fromWho="3" sc="179,0,143,0,607,10,71,-10" /><INIT seed="5,0,0,1,3,74" ten="179,143,617,61" oya="1" hai0="13,59,54,40,95,30,114,105,12,76,14,45,123" hai1="21,32,80,41,87,23,100,65,15,17,85,132,108" hai2="27,79,57,67,2,71,133,44,36,51,115,122,63" hai3="56,109,29,16,43,5,55,52,127,7,50,92,98"/><U89/><E32/><V111/><F2/><W106/><G106/><T101/><D105/><U75/><E75/><V102/><F111/><W49/><G109/><T120/><D114/><U48/><E108/><V10/><F122/><N who="0" m="46634" /><D76/><U70/><E132/><V130/><F130/><W131/><G131/><T34/><D34/><U46/><E100/><V124/><F124/><W83/><G127/><T81/><D81/><U78/><E70/><V68/><F36/><W96/><G83/><T82/><D82/><U19/><E65/><V62/><F79/><W4/><G29/><T3/><D3/><U135/><E135/><V60/><F133/><W39/><G39/><N who="0" m="21663" /><D30/><U25/><E87/><V37/><F115/><W38/><G38/><T84/><D84/><U0/><E0/><V99/><F37/><W69/><G69/><T77/><D77/><AGARI ba="0,0" hai="15,17,19,21,23,25,41,46,48,77,78,80,85,89" machi="77" ten="40,7700,0" yaku="8,1,52,2" doraHai="74" who="1" fromWho="0" sc="179,-77,143,77,617,0,61,0" /><INIT seed="5,1,0,5,5,29" ten="102,220,617,61" oya="1" hai0="105,62,92,1,110,23,7,20,129,124,86,96,31" hai1="39,16,19,74,49,41,28,99,5,85,14,79,118" hai2="122,104,55,75,101,36,60,121,56,42,73,72,109" hai3="135,15,46,102,115,69,38,44,78,26,0,130,81"/><U43/><E74/><V82/><F109/><W58/><G0/><T50/><D110/><U100/><E39/><V51/><F36/><W97/><G69/><T95/><D124/><U94/><E28/><V57/><F82/><W126/><G126/><T132/><D132/><U32/><E32/><V134/><F134/><W25/><G135/><T40/><D129/><U24/><E118/><V106/><F42/><N who="1" m="15881" /><E24/><V125/><F125/><W113/><G130/><T90/><D105/><U9/><E49/><V114/><F114/><N who="3" m="43531" /><G38/><T76/><D1/><U83/><AGARI ba="1,0" hai="5,9,14,16,19,79,83,85,94,99,100" m="15881" machi="83" ten="30,3000,0" yaku="8,1,54,1" doraHai="29" who="1" fromWho="1" sc="102,-11,220,33,617,-11,61,-11" /><INIT seed="5,2,0,3,1,107" ten="91,253,606,50" oya="1" hai0="87,69,61,33,79,62,13,21,98,71,122,78,103" hai1="129,58,94,64,56,115,95,119,83,67,54,30,27" hai2="130,135,132,82,32,60,31,86,97,52,42,7,96" hai3="63,77,134,123,47,11,121,108,74,15,18,90,57"/><U25/><E119/><V104/><F130/><W16/><G108/><T35/><D122/><U76/><E115/><V8/><F42/><W40/><G134/><N who="2" m="51241" /><F104/><W75/><G90/><T9/><D21/><U85/><E129/><V26/><F52/><W127/><G18/><T46/><D46/><U43/><E43/><V133/><F60/><W37/><G127/><T73/><D87/><U66/><E58/><V23/><F32/><W114/><G114/><T41/><D41/><U131/><E131/><V34/><F34/><W17/><G17/><T45/><D45/><U65/><E65/><V101/><F101/><W117/><G117/><T105/><D35/><U116/><E116/><V10/><F10/><W120/><REACH who="3" step="1"/><G77/><REACH who="3" ten="91,253,606,40" step="2"/><T91/><D91/><U53/><E76/><N who="2" m="46407" /><F133/><W88/><G88/><T6/><D79/><U49/><E83/><V50/><F50/><W36/><G36/><T1/><D33/><U29/><E49/><V81/><F81/><W68/><G68/><T99/><D71/><U24/><E30/><V22/><F22/><W12/><G12/><AGARI ba="2,1" hai="7,8,12,23,26,31,96,97" m="46407,51241" machi="12" ten="30,1000,0" yaku="20,1" doraHai="107" who="2" fromWho="3" sc="91,0,253,0,606,26,40,-16" /><INIT seed="6,0,0,1,4,11" ten="91,253,632,24" oya="2" hai0="73,61,31,130,45,70,131,21,60,85,54,102,36" hai1="47,67,107,96,112,75,95,4,56,135,3,99,26" hai2="37,122,132,34,80,78,124,74,42,41,25,51,16" hai3="81,35,125,12,44,89,79,105,6,94,86,98,50"/><V97/><F122/><W43/><G125/><T40/><D73/><U101/><E112/><V83/><F37/><W111/><G35/><T119/><D102/><U15/><E3/><V93/><F124/><W13/><G111/><T48/><D85/><U5/><E135/><V88/><F132/><W28/><G28/><T9/><D9/><U129/><E129/><N who="0" m="49161" /><D31/><U121/><E99/><V10/><F34/><W63/><G6/><T87/><D87/><U39/><E75/><V20/><F83/><W8/><G8/><T100/><D21/><U65/><E107/><V2/><REACH who="2" step="1"/><F51/><REACH who="2" ten="91,253,622,24" step="2"/><W104/><G104/><T17/><D36/><U77/><E39/><V120/><F120/><W27/><G27/><T115/><D48/><U46/><E26/><V49/><F49/><W69/><G105/><T19/><D115/><U53/><E121/><V29/><F29/><W7/><REACH who="3" step="1"/><G7/><AGARI ba="0,1" hai="2,7,10,16,20,25,41,42,74,78,80,88,93,97" machi="7" ten="40,7700,0" yaku="1,1,54,2,53,0" doraHai="11" doraHaiUra="24" who="2" fromWho="3" sc="91,0,253,0,622,87,24,-77" owari="91,-31.0,253,5.0,709,81.0,-53,-55.0" /></mjloggm>