<mjloggm ver="2.3"><GO type="41" lobby="0"/><UN n0="%E2%93%9D%53%75%70%68%78" n1="%56%65%73%70%61" n2="%73%74%61%72%E6%98%9F%E8%BE%B0" n3="%E4%BF%BA%E3%82%AA%E3%82%A4%E3%83%A9%E3%83%BC" dan="18,13,14,13" rate="2089.12,1876.60,2110.29,1860.76" sx="M,M,F,M"/><TAIKYOKU oya="0"/><INIT seed="0,0,0,1,3,133" ten="250,250,250,250" oya="0" hai0="27,73,17,97,35,111,116,112,7,56,43,28,20" hai1="129,118,60,109,127,83,106,124,30,61,14,15,41" hai2="95,11,84,4,21,125,6,68,45,79,76,65,113" hai3="5,51,96,9,117,115,69,47,12,122,22,81,91"/><T26/><D73/><U90/><E118/><V53/><F113/><W59/><G115/><T39/><D112/><U94/><E106/><V126/><F21/><W54/><G69/><T103/><D116/><U37/><E37/><V107/><F107/><W77/><G117/><T85/><D7/><U132/><E132/><V66/><F68/><W93/><G22/><T62/><D111/><U48/><E129/><V58/><F45/><W70/><G70/><T72/><D72/><U44/><E83/><V8/><F95/><W10/><G10/><T49/><D85/><U82/><E82/><V50/><F84/><W114/><G114/><T98/><D39/><U67/><E30/><V63/><F50/><W42/><G122/><T13/><D27/><U32/><E32/><V135/><F135/><W36/><G36/><T100/><D49/><U19/><E67/><N who="2" m="25611" /><F8/><W2/><G2/><T3/><D3/><U131/><E131/><V24/><F24/><W33/><G33/><T46/><D46/><U74/><E74/><V89/><F89/><W92/><G93/><T71/><D71/><U102/><E102/><N who="0" m="38953" /><D43/><U34/><E109/><V38/><F38/><W1/><G1/><T120/><D120/><U99/><E34/><V134/><F134/><W128/><G128/><T130/><D130/><U64/><E15/><N who="2" m="5607" /><F6/><W78/><G81/><T86/><D86/><U25/><E25/><V105/><F105/><W121/><G121/><T29/><D29/><U23/><REACH who="1" step="1"/><E64/><REACH who="1" ten="250,240,250,250" step="2"/><V104/><F104/><W75/><G75/><T18/><D18/><U57/><E57/><V52/><F53/><AGARI ba="0,1" hai="13,17,20,26,28,35,53,56,62,97,98" m="38953" machi="53" ten="30,1500,0" yaku="6,1" doraHai="133" who="0" fromWho="2" sc="250,25,240,0,250,-15,250,0" /><INIT seed="0,1,0,3,5,35" ten="275,240,235,250" oya="0" hai0="117,58,134,64,43,27,84,98,88,0,33,81,46" hai1="11,105,104,85,80,107,77,122,39,67,99,125,56" hai2="14,42,7,62,96,20,95,54,120,128,102,119,72" hai3="103,6,90,66,124,69,75,106,31,40,87,38,28"/><T79/><D117/><U60/><E122/><V116/><F120/><W8/><G124/><T1/><D134/><U93/><E39/><V29/><F72/><W24/><G75/><T91/><D33/><U83/><E83/><V109/><F109/><W78/><G78/><T73/><D27/><U135/><E125/><V82/><F82/><W32/><G31/><T89/><D98/><U48/><E135/><V41/><F128/><W13/><G40/><T92/><D64/><U5/><E48/><V22/><F116/><W76/><G76/><T51/><D58/><U108/><E108/><V50/><F119/><W74/><G74/><T110/><D110/><U37/><E37/><V94/><F62/><W10/><G10/><T45/><D45/><U132/><E132/><V26/><F94/><W59/><G38/><T63/><D63/><U19/><E19/><N who="2" m="10359" /><F7/><W30/><G30/><T47/><D47/><AGARI ba="1,0" hai="22,26,29,41,42,47,50,54,95,96,102" m="10359" machi="47" ten="30,1000,0" yaku="8,1" doraHai="35" who="2" fromWho="0" sc="275,-13,240,0,235,13,250,0" /><INIT seed="1,0,0,1,3,57" ten="262,240,248,250" oya="1" hai0="23,47,92,134,110,97,4,21,29,81,67,128,16" hai1="104,6,120,38,26,44,86,1,49,54,62,125,112" hai2="82,74,25,76,105,115,116,56,48,40,64,18,36" hai3="27,24,12,85,61,124,135,75,133,63,28,123,93"/><U79/><E112/><V95/><F115/><W30/><G75/><T60/><D110/><U7/><E120/><V94/><F116/><W13/><G123/><T129/><D4/><U71/><E125/><V80/><F105/><W96/><G85/><T3/><D3/><U90/><E104/><V73/><F36/><W22/><G124/><T113/><D134/><U106/><E106/><V8/><F73/><W111/><G111/><T35/><D47/><U2/><E79/><V32/><F80/><W14/><G135/><T66/><D66/><U69/><E2/><V59/><F40/><W20/><G133/><T89/><D35/><U34/><E69/><V37/><F37/><W43/><G43/><T122/><D29/><U55/><E1/><V107/><F107/><W121/><G121/><T58/><D23/><U19/><E38/><V131/><F131/><N who="0" m="50250" /><D122/><U103/><E103/><AGARI ba="0,0" hai="12,13,14,20,22,24,27,28,30,61,63,93,96,103" machi="103" ten="40,8000,1" yaku="9,1,8,1,52,2" doraHai="57" who="3" fromWho="1" sc="262,0,240,-80,248,0,250,80" /><INIT seed="2,0,0,1,5,41" ten="262,160,248,330" oya="2" hai0="33,12,35,46,36,60,113,94,78,126,90,116,106" hai1="68,39,121,87,9,19,17,37,66,107,74,3,4" hai2="124,2,57,83,88,51,49,79,133,115,131,96,15" hai3="80,91,0,109,40,58,97,102,119,38,21,73,44"/><V45/><F115/><W122/><G122/><T54/><D106/><U99/><E121/><V104/><F2/><W72/><G109/><T75/><D113/><U127/><E127/><V112/><F112/><W5/><G119/><T43/><D126/><U89/><E39/><V128/><F124/><W120/><G120/><T84/><D116/><U64/><E37/><V135/><F57/><W85/><G58/><T95/><D95/><U27/><E74/><V22/><F22/><W125/><G125/><T62/><D54/><U16/><E99/><V134/><F15/><W117/><G21/><T93/><D93/><U129/><E107/><V111/><F111/><W52/><G117/><T70/><D12/><U123/><E129/><N who="2" m="49739" /><F45/><W98/><G98/><T47/><D47/><U30/><E123/><V25/><F25/><W59/><G5/><T31/><D70/><U105/><E105/><V61/><F61/><W11/><G11/><T69/><D62/><U48/><E48/><V8/><F8/><W29/><G0/><T13/><D13/><U71/><E68/><V103/><F79/><W100/><G29/><T132/><D31/><U42/><E71/><V26/><F26/><W53/><G53/><T114/><D114/><U92/><REACH who="1" step="1"/><E42/><REACH who="1" ten="262,150,248,330" step="2"/><V81/><F49/><W56/><G72/><T34/><D69/><U67/><E67/><V108/><F51/><W1/><G73/><T24/><D60/><U32/><AGARI ba="0,1" hai="3,4,9,16,17,19,27,30,32,64,66,87,89,92" machi="32" ten="30,7900,0" yaku="1,1,0,1,54,1,53,1" doraHai="41" doraHaiUra="86" who="1" fromWho="1" sc="262,-20,150,89,248,-39,330,-20" /><INIT seed="3,0,0,4,1,131" ten="242,239,209,310" oya="3" hai0="61,101,49,67,102,91,113,24,48,18,133,75,63" hai1="112,3,80,122,70,120,84,79,98,127,124,33,36" hai2="12,40,85,1,121,39,22,68,117,25,50,99,43" hai3="28,89,58,42,115,19,32,54,64,10,41,52,97"/><W74/><G115/><T96/><D75/><U21/><E33/><V107/><F117/><W62/><G74/><T51/><D113/><U29/><E112/><V57/><F1/><W59/><G32/><T93/><D133/><U73/><E70/><V15/><F121/><W100/><G28/><T71/><REACH who="0" step="1"/><D63/><REACH who="0" ten="232,239,209,310" step="2"/><U7/><E73/><V69/><F39/><W134/><G134/><T34/><D34/><U88/><E122/><V20/><F50/><W77/><G62/><T76/><D76/><U81/><E120/><V37/><F37/><W123/><G77/><T114/><D114/><U27/><E36/><V116/><F116/><W2/><G123/><T87/><D87/><U109/><E79/><V44/><F85/><W0/><G41/><T23/><AGARI ba="0,1" hai="18,23,24,48,49,51,61,67,71,91,93,96,101,102" machi="23" ten="30,2000,0" yaku="1,1,0,1,53,0" doraHai="131" doraHaiUra="125" who="0" fromWho="0" sc="232,30,239,-5,209,-5,310,-10" /><INIT seed="4,0,0,0,1,3" ten="262,234,204,300" oya="0" hai0="20,15,102,113,35,56,101,81,45,116,60,111,88" hai1="64,75,77,49,52,1,92,19,96,42,26,34,41" hai2="93,55,39,131,104,133,65,2,63,66,115,99,51" hai3="118,37,74,78,29,68,91,67,106,83,33,17,36"/><T7/><D35/><U117/><E117/><V122/><F122/><W126/><G118/><T84/><D113/><U69/><E75/><V110/><F110/><W132/><G126/><T100/><D116/><U62/><E77/><V89/><F115/><W32/><G132/><T130/><D130/><U135/><E1/><V47/><F133/><W98/><G17/><N who="0" m="10303" /><D111/><U30/><E19/><V4/><F131/><W59/><G59/><T95/><D45/><U119/><E119/><V31/><F39/><N who="3" m="14923" /><G91/><T40/><D40/><U27/><E27/><V71/><F65/><W6/><G6/><T94/><D7/><U11/><E11/><V79/><F31/><W76/><G76/><T112/><D112/><U107/><E107/><V14/><F79/><W82/><G83/><T105/><D105/><U57/><REACH who="1" step="1"/><E135/><REACH who="1" ten="262,224,204,300" step="2"/><V87/><F2/><W120/><G120/><T0/><D0/><U22/><E22/><V53/><F4/><W54/><G29/><T114/><D114/><U73/><E73/><V134/><F134/><W72/><G72/><T85/><D85/><U23/><E23/><V127/><F14/><W125/><G33/><T48/><D48/><U70/><E70/><V21/><F21/><W16/><G32/><T80/><D80/><U28/><E28/><V44/><F104/><W38/><G16/><T25/><D25/><U43/><E43/><V90/><F127/><W46/><G125/><T129/><D129/><U5/><E5/><V12/><F12/><W103/><G68/><T13/><D13/><U8/><E8/><V18/><F18/><W108/><G108/><RYUUKYOKU ba="0,1" sc="262,15,224,15,204,-15,300,-15" hai0="56,60,81,84,88,94,95,100,101,102" hai1="26,30,34,41,42,49,52,57,62,64,69,92,96" /><INIT seed="4,1,1,4,1,42" ten="277,239,189,285" oya="0" hai0="114,111,121,45,29,34,68,115,90,96,126,39,31" hai1="91,66,73,135,112,130,100,25,9,99,36,102,14" hai2="40,129,104,62,103,71,44,20,120,51,97,56,78" hai3="37,131,95,105,113,87,134,128,55,26,122,109,88"/><T2/><D121/><U133/><E73/><V61/><F120/><W13/><G122/><T53/><D2/><U94/><E36/><V132/><F132/><N who="1" m="50761" /><E130/><N who="3" m="49706" /><G134/><T4/><D4/><N who="1" m="3367" /><E25/><V98/><F129/><W6/><G113/><N who="0" m="43019" /><D126/><U64/><E112/><V75/><F71/><W24/><G109/><T108/><D68/><U77/><E77/><V59/><F97/><W81/><G105/><T5/><D5/><U18/><E18/><V32/><F32/><W8/><G37/><T1/><D1/><U7/><E7/><V27/><F78/><N who="3" m="46519" /><G55/><T28/><D34/><U76/><E76/><V50/><F75/><W48/><G48/><N who="0" m="28815" /><D39/><U123/><E123/><V30/><REACH who="2" step="1"/><F50/><REACH who="2" ten="277,239,179,285" step="2"/><W19/><G6/><T118/><D118/><U80/><E102/><V110/><F110/><W17/><G17/><T63/><D111/><U3/><E3/><V69/><F69/><W70/><G70/><T38/><D38/><U83/><E100/><V22/><F22/><W21/><G21/><T12/><D108/><U16/><E16/><V41/><F41/><W124/><G124/><T49/><D31/><U52/><E99/><AGARI ba="1,2" hai="8,13,19,24,26,88,95,99" m="46519,49706" machi="99" ten="30,2000,0" yaku="19,1,54,1" doraHai="42" who="3" fromWho="1" sc="277,0,239,-23,179,0,285,43" /><INIT seed="5,0,0,5,1,21" ten="277,216,179,328" oya="1" hai0="90,96,112,82,68,76,102,81,37,110,100,2,103" hai1="3,10,26,121,80,12,54,0,87,108,36,122,88" hai2="38,70,135,134,128,34,35,1,95,31,25,13,114" hai3="127,63,42,91,74,47,57,6,16,72,133,56,24"/><U61/><E36/><V119/><F119/><W27/><G133/><T67/><D2/><U86/><E108/><V120/><F120/><W22/><G6/><T71/><D67/><U45/><E0/><V104/><F1/><W92/><G127/><T23/><D37/><U44/><E3/><V132/><F104/><W18/><G57/><T15/><D112/><U117/><E117/><V94/><F114/><W53/><G18/><T58/><D58/><N who="1" m="35031" /><E122/><V78/><F38/><W51/><G27/><T41/><D41/><U125/><E121/><V115/><F115/><W20/><G22/><T50/><D71/><U30/><E86/><AGARI ba="0,0" hai="16,20,24,42,47,51,53,56,63,72,74,86,91,92" machi="86" ten="30,3900,0" yaku="7,1,52,1,54,1" doraHai="21" who="3" fromWho="1" sc="277,0,216,-39,179,0,328,39" /><INIT seed="6,0,0,3,0,39" ten="277,177,179,367" oya="2" hai0="26,34,27,120,116,94,85,56,127,58,17,134,78" hai1="49,118,5,54,59,60,124,9,110,31,115,30,32" hai2="76,15,55,66,104,79,53,45,67,42,61,121,3" hai3="105,21,99,10,84,43,81,13,89,126,92,51,41"/><V46/><F3/><W93/><G126/><T72/><D120/><U68/><E110/><V69/><F104/><W109/><G109/><T75/><D134/><U1/><E118/><V80/><F121/><W117/><G105/><T25/><D34/><U65/><E115/><V16/><F66/><W70/><G70/><T82/><D127/><U111/><E111/><V24/><F24/><W88/><G93/><T11/><D116/><U100/><E124/><V83/><F83/><W64/><G117/><T77/><D75/><U2/><E100/><V106/><F106/><W57/><G21/><T98/><D78/><U129/><E129/><V29/><F29/><W132/><G132/><T4/><D17/><U119/><E119/><V97/><F97/><W20/><G20/><T123/><D72/><U38/><E1/><V48/><F45/><W8/><G10/><T107/><D123/><U12/><E32/><V131/><F131/><W74/><G74/><T28/><D28/><U44/><REACH who="1" step="1"/><E2/><REACH who="1" ten="277,167,179,367" step="2"/><V86/><F76/><W33/><G33/><T73/><D77/><U36/><E36/><V95/><F95/><W22/><G92/><T71/><D94/><U35/><E35/><V96/><F96/><W112/><G112/><T87/><D98/><U135/><E135/><V122/><F122/><W133/><G133/><T128/><D107/><U113/><E113/><V63/><F63/><W47/><G99/><T91/><D128/><U18/><E18/><V50/><F50/><W14/><G51/><T7/><D91/><U114/><E114/><V103/><F103/><W52/><G89/><RYUUKYOKU ba="0,1" sc="277,-15,167,15,179,15,367,-15" hai1="5,9,12,30,31,38,44,49,54,59,60,65,68" hai2="15,16,42,46,48,53,55,61,67,69,79,80,86" /><INIT seed="6,1,1,1,5,110" ten="262,182,194,352" oya="2" hai0="65,111,80,88,63,89,8,14,9,57,73,52,25" hai1="54,51,31,79,67,103,95,55,56,94,102,86,78" hai2="125,123,116,132,114,22,34,77,36,134,45,119,6" hai3="4,13,15,53,129,66,84,20,72,5,68,16,104"/><V107/><F123/><W113/><G72/><T64/><D111/><U85/><E67/><N who="0" m="25673" /><D73/><U117/><E31/><V81/><F34/><W90/><G104/><T50/><D25/><U3/><E3/><V27/><F107/><W70/><G129/><T26/><D26/><U71/><E71/><V75/><F125/><W115/><G53/><N who="0" m="34223" /><D80/><U128/><E128/><V69/><F69/><W59/><G90/><N who="0" m="34923" /><D14/><U18/><E56/><AGARI ba="1,1" hai="8,9,50,52,56" m="34923,34223,25673" machi="56" ten="30,3900,0" yaku="8,1,54,2" doraHai="110" who="0" fromWho="1" sc="262,52,182,-42,194,0,352,0" /><INIT seed="7,0,0,0,4,116" ten="314,140,194,352" oya="3" hai0="18,92,5,71,22,60,64,83,45,36,72,65,101" hai1="85,15,62,44,78,48,90,61,0,27,134,38,34" hai2="42,133,131,130,87,115,32,110,3,79,12,111,43" hai3="39,51,37,96,114,100,77,17,70,80,135,84,10"/><W16/><G114/><T103/><D5/><U95/><E134/><V9/><F133/><W13/><G135/><T123/><D65/><U21/><E38/><V50/><F3/><W113/><G70/><T58/><D72/><U128/><E128/><N who="2" m="49195" /><F115/><W57/><G113/><T82/><D123/><U30/><E78/><V7/><F32/><W104/><G17/><T86/><D71/><U91/><E0/><V126/><F126/><W129/><G129/><T81/><D36/><U59/><E34/><V102/><F102/><W74/><G74/><T6/><D6/><U75/><E75/><V93/><F79/><W35/><G35/><T33/><D45/><U98/><E15/><V118/><F118/><W108/><G108/><N who="2" m="41513" /><F50/><W20/><G10/><T1/><D1/><U40/><REACH who="1" step="1"/><E59/><REACH who="1" ten="314,130,194,352" step="2"/><V73/><F73/><W52/><AGARI ba="0,1" hai="13,16,20,37,39,51,52,57,77,80,84,96,100,104" machi="52" ten="30,6000,0" yaku="0,1,54,2" doraHai="116" who="3" fromWho="3" sc="314,-20,130,-20,194,-20,352,70" owari="294,9.0,110,-39.0,174,-23.0,422,53.0" /></mjloggm>