<mjloggm ver="2.3"><GO type="41" lobby="0"/><UN n0="%59%41%4E%4D%45" n1="%E3%82%B1%E3%83%B3%E3%83%84" n2="%E3%83%8A%E3%83%8A%E3%82%A4%E3%83%AD%E3%83%A9%E3%82%A4%E3%83%88%E2%98%86" n3="%E2%93%9D%53%75%70%68%78" dan="14,14,15,18" rate="1942.34,1924.76,2050.81,2070.75" sx="M,M,F,M"/><TAIKYOKU oya="0"/><INIT seed="0,0,0,3,2,65" ten="250,250,250,250" oya="0" hai0="35,124,135,70,2,68,129,6,118,15,58,36,117" hai1="45,54,56,89,125,66,86,27,22,102,13,131,84" hai2="74,0,28,16,78,122,29,42,96,101,17,97,109" hai3="116,133,10,33,75,8,46,88,34,99,95,63,1"/><T39/><D15/><U48/><E125/><V110/><F122/><W14/><G116/><T112/><D6/><U107/><E131/><V114/><F0/><W106/><G75/><T93/><D58/><U113/><E113/><V82/><F42/><W50/><G133/><T51/><D51/><U126/><E126/><V87/><F114/><W5/><G106/><T98/><D98/><N who="2" m="37994" /><F101/><W90/><G63/><T72/><D93/><U19/><E107/><V128/><F74/><W103/><G34/><T18/><D18/><N who="2" m="7274" /><F128/><W132/><G33/><T53/><D53/><U60/><E102/><V30/><F87/><W134/><G134/><T92/><D92/><U31/><REACH who="1" step="1"/><E89/><REACH who="1" ten="250,240,250,250" step="2"/><V108/><F78/><W26/><G132/><T47/><D118/><U71/><E71/><V12/><F12/><W43/><G1/><T49/><D70/><U7/><E7/><V38/><F38/><W4/><G26/><T69/><D39/><U115/><E115/><V111/><F111/><W64/><G64/><T121/><D49/><U80/><E80/><AGARI ba="0,1" hai="28,29,30,80,82,108,109,110" m="7274,37994" machi="80" ten="40,8000,1" yaku="28,2,14,1,54,1" doraHai="65" who="2" fromWho="1" sc="250,0,240,-80,250,90,250,0" /><INIT seed="1,0,0,0,2,116" ten="250,160,340,250" oya="1" hai0="107,103,26,115,93,127,106,14,66,100,51,38,92" hai1="111,41,19,49,105,25,33,34,39,29,73,35,78" hai2="98,70,60,6,16,112,30,113,86,58,130,36,131" hai3="53,67,91,76,52,109,80,94,23,82,99,119,54"/><U135/><E135/><V12/><F36/><W118/><G109/><T27/><D38/><U124/><E124/><V64/><F30/><W50/><G67/><T57/><D127/><U97/><E19/><V90/><F98/><W48/><G82/><T126/><D126/><U95/><E49/><V55/><F6/><W47/><G23/><T88/><D115/><N who="2" m="44106" /><F64/><W65/><G65/><T0/><D0/><U62/><E111/><V3/><F3/><W28/><G28/><T15/><D66/><U45/><E95/><N who="2" m="54743" /><F70/><W129/><G129/><T96/><D51/><U132/><E132/><V7/><F7/><W133/><G133/><T75/><D57/><U74/><E62/><V24/><F24/><W10/><G10/><AGARI ba="0,0" hai="10,12,16,55,58,60,130,131" m="54743,44106" machi="10" ten="30,2000,0" yaku="11,1,54,1" doraHai="116" who="2" fromWho="3" sc="250,0,160,0,340,20,250,-20" /><INIT seed="2,0,0,0,0,75" ten="250,160,360,230" oya="2" hai0="91,17,40,13,118,132,96,112,130,49,74,82,86" hai1="51,58,1,8,129,57,32,11,90,38,59,70,43" hai2="48,111,131,34,55,106,105,119,33,35,27,95,71" hai3="80,47,28,97,9,56,16,6,39,107,37,113,93"/><V77/><F119/><W85/><G107/><T127/><D127/><U7/><E70/><V15/><F71/><W123/><G28/><T135/><D112/><U79/><E11/><V99/><F131/><W101/><G123/><T42/><D130/><U4/><E4/><V120/><F120/><W41/><G56/><T20/><D118/><U50/><E32/><V104/><F111/><W114/><G39/><T60/><D74/><U94/><E129/><V64/><F64/><W117/><G117/><T81/><D81/><U63/><E63/><V52/><F27/><W2/><REACH who="3" step="1"/><G16/><REACH who="3" ten="250,160,360,220" step="2"/><T67/><D135/><U125/><E125/><V76/><F15/><W133/><G133/><T102/><D132/><U26/><E38/><V22/><F22/><W61/><G61/><T103/><D49/><U36/><E50/><V128/><F128/><W3/><G3/><T109/><D109/><U121/><E51/><V100/><REACH who="2" step="1"/><F55/><REACH who="2" ten="250,160,350,220" step="2"/><W84/><G84/><T21/><D21/><U89/><E121/><V83/><F83/><W62/><G62/><T124/><D124/><U12/><E12/><V5/><F5/><W45/><G45/><AGARI ba="0,2" hai="33,34,35,45,48,52,76,77,95,99,100,104,105,106" machi="45" ten="50,18000,2" yaku="1,1,52,2,54,1,53,3" doraHai="75" doraHaiUra="31" who="2" fromWho="3" sc="250,0,160,0,350,200,220,-180" /><INIT seed="2,1,0,5,2,115" ten="250,160,550,40" oya="2" hai0="39,58,100,56,114,67,122,54,19,12,8,25,121" hai1="37,81,74,40,95,10,117,77,35,65,129,93,14" hai2="78,116,42,36,83,86,62,5,66,79,97,68,98" hai3="113,50,2,7,85,135,26,33,132,73,23,46,32"/><V38/><F116/><W16/><G73/><T96/><D114/><U71/><E35/><V60/><F79/><W99/><G113/><T84/><D39/><U87/><E129/><V61/><F61/><W53/><G85/><T127/><D127/><U59/><E71/><V20/><F62/><W49/><G99/><T105/><D58/><U133/><E133/><N who="3" m="51274" /><G7/><T48/><D67/><U31/><E31/><V109/><F97/><W21/><G2/><T103/><D103/><U110/><E65/><V0/><F98/><W70/><G70/><T41/><D41/><U34/><E34/><V76/><F42/><N who="3" m="24791" /><G23/><T43/><D43/><U82/><E40/><V69/><F20/><W120/><G120/><T101/><D101/><U64/><E64/><V119/><F66/><W28/><G28/><T124/><D124/><U130/><E37/><V89/><F38/><W80/><G80/><T30/><D84/><U102/><E81/><V75/><F83/><W27/><G27/><T1/><D1/><U90/><E102/><V22/><F22/><AGARI ba="1,0" hai="8,12,19,22,25,30,48,54,56,96,100,105,121,122" machi="22" ten="30,1000,0" yaku="7,1" doraHai="115" who="0" fromWho="2" sc="250,13,160,0,550,-13,40,0" /><INIT seed="3,0,0,1,4,67" ten="263,160,537,40" oya="3" hai0="93,103,35,124,87,123,118,122,79,25,55,10,17" hai1="111,11,91,113,128,42,34,105,2,100,43,41,44" hai2="135,58,104,117,129,70,94,4,26,38,121,133,84" hai3="102,16,73,81,53,63,114,71,98,109,64,115,48"/><W46/><G109/><T0/><D118/><U21/><E34/><V69/><F104/><W88/><G73/><T45/><D124/><U29/><E111/><V47/><F117/><W3/><G3/><T82/><D0/><U39/><E128/><V49/><F129/><W96/><G16/><T8/><D35/><U56/><E100/><V57/><F4/><W130/><G130/><T83/><D83/><U131/><E105/><V61/><F121/><W89/><G98/><T95/><D95/><U127/><E127/><V14/><F38/><W30/><G30/><T85/><D123/><U31/><E31/><V18/><F26/><W51/><G51/><T60/><D45/><U40/><E131/><V7/><F7/><W65/><G65/><T19/><D25/><U108/><E108/><V9/><F94/><W86/><REACH who="3" step="1"/><G89/><REACH who="3" ten="263,160,537,30" step="2"/><N who="0" m="53423" /><D19/><U126/><E91/><V68/><F84/><W33/><G33/><T37/><D17/><U5/><E126/><V101/><F49/><W75/><G75/><T120/><D37/><U106/><E39/><V54/><F18/><W15/><G15/><T24/><D122/><U27/><E2/><V107/><F14/><W76/><G76/><T99/><D120/><U20/><E29/><V125/><F125/><W112/><G112/><T52/><D24/><U119/><E27/><V32/><F32/><W77/><G77/><T78/><D78/><U28/><E113/><V22/><F9/><W13/><G13/><T23/><D10/><U80/><E11/><V116/><F116/><W134/><G134/><T36/><D8/><U110/><E110/><RYUUKYOKU ba="0,1" sc="263,-10,160,-10,537,-10,30,30" hai3="46,48,53,63,64,71,81,86,88,96,102,114,115" /><INIT seed="3,1,1,0,4,124" ten="253,150,527,60" oya="3" hai0="26,3,119,44,2,15,82,106,125,112,120,46,121" hai1="110,43,102,130,57,114,32,65,38,49,7,104,30" hai2="103,75,54,45,10,73,123,64,69,87,51,18,31" hai3="63,50,118,29,92,86,126,83,39,1,80,131,132"/><W135/><G39/><T52/><D106/><U115/><E110/><V41/><F31/><W34/><G1/><T70/><D70/><U91/><E91/><V66/><F123/><W61/><G118/><T95/><D125/><U81/><E81/><N who="3" m="31306" /><G126/><T113/><D15/><U16/><E7/><V116/><F69/><W71/><G50/><T93/><D82/><U13/><E38/><V67/><F116/><W4/><G4/><T47/><D119/><U99/><E43/><V96/><F87/><W101/><G71/><T133/><D26/><U23/><E49/><N who="2" m="26799" /><F73/><W53/><G53/><T105/><D105/><U12/><E12/><N who="2" m="7447" /><F75/><W117/><G117/><T85/><D85/><U36/><E36/><V76/><F76/><W33/><G29/><T21/><D21/><U28/><E30/><V134/><F134/><N who="3" m="51243" /><G86/><T22/><D133/><U107/><E28/><V77/><F77/><W25/><G25/><T88/><D22/><U129/><E107/><V100/><F96/><N who="3" m="59527" /><G131/><N who="1" m="50186" /><E32/><AGARI ba="1,1" hai="32,33,34,61,63" m="59527,51243,31306" machi="32" ten="30,1500,0" yaku="20,1" doraHai="124" who="3" fromWho="1" sc="253,0,150,-18,527,0,60,28" /><INIT seed="3,2,0,2,2,58" ten="253,132,527,88" oya="3" hai0="69,2,22,16,84,81,13,76,62,132,129,54,101" hai1="105,121,63,1,130,86,24,19,40,103,111,10,109" hai2="42,52,5,116,23,100,112,72,104,48,113,39,127" hai3="12,8,96,53,73,44,18,115,64,21,43,117,88"/><W9/><G115/><T6/><D129/><U30/><E121/><V59/><F116/><W77/><G117/><T49/><D132/><U70/><E40/><V107/><F72/><W122/><G122/><T20/><D2/><U82/><E130/><V92/><F127/><W0/><G64/><T89/><D6/><U47/><E47/><V80/><F80/><W79/><G53/><T114/><D101/><U51/><E51/><V126/><F126/><W74/><G74/><T33/><D33/><U95/><E105/><V108/><F52/><W90/><G0/><T17/><D114/><U78/><E103/><V75/><F42/><W57/><G57/><T31/><D31/><U97/><E97/><V133/><F59/><W7/><G73/><T50/><D76/><N who="3" m="29257" /><G96/><T29/><D29/><U15/><E1/><V46/><F75/><W87/><G7/><T118/><D118/><U11/><E11/><N who="3" m="4170" /><G87/><T128/><D128/><U60/><E70/><V65/><F5/><W55/><G43/><T3/><D3/><U36/><E36/><V45/><F39/><W124/><G124/><T83/><D83/><U71/><E71/><V61/><F107/><W37/><G37/><T119/><D119/><U14/><E14/><V93/><F104/><W67/><G67/><T94/><D81/><U106/><E95/><V123/><F93/><W110/><G110/><N who="1" m="41994" /><E106/><V4/><F108/><W35/><G35/><AGARI ba="2,0" hai="10,15,19,24,30,35,60,63,78,82,86" m="41994" machi="35" ten="30,3900,0" yaku="14,1,52,2" doraHai="58" who="1" fromWho="3" sc="253,0,132,45,527,0,88,-45" /><INIT seed="4,0,0,1,0,31" ten="253,177,527,43" oya="0" hai0="45,16,110,86,23,48,91,14,82,92,25,50,66" hai1="7,77,22,83,40,101,27,72,38,0,103,114,44" hai2="65,62,121,63,127,49,57,19,36,131,8,88,71" hai3="96,75,85,12,55,59,118,28,17,87,99,64,5"/><T42/><D110/><U58/><E114/><V41/><F121/><W60/><G75/><T112/><D112/><U37/><E37/><V6/><F19/><W122/><G118/><T98/><D66/><U94/><E94/><V120/><F120/><W43/><G122/><T39/><REACH who="0" step="1"/><D25/><REACH who="0" ten="243,177,527,43" step="2"/><U129/><E129/><V93/><F131/><W81/><G64/><T29/><D29/><U26/><E26/><V76/><F65/><W1/><G28/><T117/><D117/><U74/><E74/><V135/><F71/><W73/><G73/><T89/><AGARI ba="0,1" hai="14,16,23,39,42,45,48,50,82,86,89,91,92,98" machi="89" ten="20,12000,1" yaku="1,1,0,1,7,1,54,1,53,1" doraHai="31" doraHaiUra="11" who="0" fromWho="0" sc="243,130,177,-40,527,-40,43,-40" /><INIT seed="4,1,0,3,4,99" ten="373,137,487,3" oya="0" hai0="85,135,22,116,8,102,63,27,127,74,50,121,32" hai1="86,26,125,48,61,35,128,45,64,39,130,59,52" hai2="17,41,25,77,111,67,53,10,94,21,97,80,83" hai3="14,70,114,109,113,44,0,118,5,31,42,75,6"/><T101/><D74/><U87/><E35/><V30/><F111/><W72/><G109/><T13/><D32/><U88/><E125/><V73/><F41/><W57/><G57/><T120/><D116/><U9/><E26/><V122/><F122/><W82/><G14/><T96/><D127/><U65/><E39/><V38/><F38/><N who="3" m="21591" /><G6/><T129/><D129/><N who="1" m="49771" /><E87/><N who="2" m="48527" /><F67/><W58/><G58/><T33/><D33/><U49/><E9/><V79/><F73/><W68/><G31/><T95/><D135/><U47/><E49/><V29/><F83/><W119/><G75/><T43/><D63/><U117/><E117/><N who="3" m="44554" /><G82/><T18/><D85/><U15/><E15/><N who="2" m="7415" /><F53/><W1/><G5/><T2/><D2/><N who="3" m="1129" /><G72/><T36/><D36/><U93/><E47/><V98/><F79/><W126/><G126/><T69/><D69/><AGARI ba="1,0" hai="68,69,70,113,114" m="1129,44554,21591" machi="69" ten="40,1300,0" yaku="23,1" doraHai="99" who="3" fromWho="0" sc="373,-16,137,0,487,0,3,16" /><INIT seed="5,0,0,5,2,101" ten="357,137,487,19" oya="1" hai0="99,116,111,80,3,94,22,77,113,82,48,132,44" hai1="63,89,6,57,106,121,45,62,17,134,29,76,130" hai2="127,73,93,79,81,110,102,28,72,23,69,126,88" hai3="100,27,74,64,87,105,16,120,117,54,40,12,98"/><U68/><E121/><V129/><F110/><W32/><G120/><T107/><D3/><U13/><E106/><V59/><F69/><W38/><G74/><T124/><D116/><U114/><E114/><V122/><F122/><W7/><G117/><T70/><D70/><U37/><E68/><V128/><F102/><W85/><G64/><T96/><D22/><U109/><E130/><N who="2" m="50283" /><F72/><W0/><G54/><T91/><D48/><U19/><E29/><V52/><F23/><W10/><G40/><T1/><D44/><U15/><E76/><V90/><F28/><W20/><REACH who="3" step="1"/><G38/><REACH who="3" ten="357,137,487,9" step="2"/><T61/><D111/><U55/><E109/><V46/><F73/><W92/><G92/><T43/><D43/><U58/><E134/><V33/><F52/><W60/><G60/><T66/><D132/><U25/><E37/><V131/><F93/><W42/><G42/><T56/><D61/><U84/><E45/><V31/><F46/><W78/><G78/><T133/><D66/><U103/><E62/><V49/><F79/><W26/><G26/><T119/><D94/><U53/><E25/><V118/><F118/><W108/><G108/><T125/><D77/><U47/><E47/><V123/><F123/><W9/><G9/><T71/><D119/><U5/><E63/><V75/><F75/><W135/><G135/><T4/><D133/><U36/><E36/><V39/><F39/><W18/><G18/><T11/><D11/><U8/><E8/><V24/><F131/><W112/><G112/><T51/><D71/><U41/><E41/><V86/><F24/><W104/><G104/><RYUUKYOKU ba="0,1" sc="357,-10,137,-10,487,-10,9,30" hai3="0,7,10,12,16,20,27,32,85,87,98,100,105" /><INIT seed="6,1,1,5,1,100" ten="347,127,477,39" oya="2" hai0="55,124,20,125,127,46,15,29,18,132,11,88,120" hai1="116,43,14,109,76,122,41,115,32,49,7,87,35" hai2="2,129,56,17,53,72,73,67,131,126,13,79,101" hai3="66,5,92,21,26,36,38,40,0,103,108,96,77"/><V133/><F2/><W33/><G108/><T75/><D75/><U16/><E109/><V60/><F133/><W48/><G33/><T99/><D120/><U64/><E116/><V134/><F134/><W3/><G77/><T80/><D132/><U28/><E64/><V34/><F34/><W54/><G66/><T106/><D106/><U95/><E7/><V117/><F117/><W123/><G123/><T74/><D74/><U4/><E4/><V118/><F118/><W128/><G128/><N who="2" m="49225" /><F126/><W105/><G40/><T84/><D99/><U102/><E122/><V130/><F101/><W68/><G68/><T63/><D29/><U58/><E35/><V112/><F112/><W83/><G83/><T110/><D110/><U69/><E69/><V91/><F91/><W57/><G92/><T104/><D104/><U6/><E6/><V119/><F79/><W30/><REACH who="3" step="1"/><G5/><REACH who="3" ten="347,127,477,29" step="2"/><T114/><D114/><U90/><E115/><V107/><F130/><W10/><G10/><T1/><D20/><N who="1" m="11287" /><E76/><V81/><F67/><W37/><AGARI ba="1,2" hai="0,3,21,26,30,36,37,38,48,54,57,96,103,105" machi="37" ten="30,7900,0" yaku="1,1,0,1,52,1,53,1" doraHai="100" doraHaiUra="27" who="3" fromWho="3" sc="347,-21,127,-21,477,-40,29,102" /><INIT seed="7,0,0,3,3,102" ten="326,106,437,131" oya="3" hai0="92,40,29,122,3,96,130,6,14,74,36,60,15" hai1="61,33,17,127,19,27,46,87,119,99,57,83,73" hai2="112,34,116,53,115,129,84,79,24,43,42,107,128" hai3="10,52,2,11,51,123,126,20,131,1,9,93,125"/><W47/><G123/><T111/><D74/><U108/><E108/><V49/><F107/><W41/><G131/><N who="2" m="50249" /><F116/><W21/><G93/><T135/><D135/><U114/><E73/><V59/><F79/><W62/><G41/><N who="2" m="15369" /><F84/><W38/><G38/><T94/><D60/><U48/><E114/><V90/><F90/><W23/><REACH who="3" step="1"/><G62/><REACH who="3" ten="326,106,437,121" step="2"/><T110/><D40/><U81/><E119/><V109/><F109/><W18/><G18/><T35/><D36/><U64/><E17/><V72/><F72/><W8/><N who="3" m="2560" /><DORA hai="31" /><W77/><G77/><T63/><D63/><U26/><E19/><V58/><F112/><W37/><G37/><T100/><D130/><U97/><E127/><AGARI ba="0,1" hai="1,2,20,21,23,47,51,52,125,126,127" m="2560" machi="127" ten="60,18000,2" yaku="1,1,18,1,54,1,53,4" doraHai="102,31" doraHaiUra="91,7" who="3" fromWho="1" sc="326,0,106,-180,437,0,121,190" owari="326,13.0,-74,-57.0,437,53.0,311,-9.0" /></mjloggm>