<mjloggm ver="2.3"><GO type="41" lobby="0"/><UN n0="%73%61%6B%69%2D%E6%9E%97" n1="%E3%81%82%E3%81%BE%E3%81%A8%E3%81%86" n2="%E9%98%AA%E5%8F%A3%E5%9D%82%E9%81%93%E4%B8%8A%E3%82%8A%E5%9D%82" n3="%E2%93%9D%53%75%70%68%78" dan="15,14,14,18" rate="2070.45,1883.78,1839.70,2163.14" sx="M,F,M,M"/><TAIKYOKU oya="0"/><INIT seed="0,0,0,5,0,104" ten="250,250,250,250" oya="0" hai0="119,103,25,112,26,111,120,2,61,127,45,46,28" hai1="67,18,92,113,64,8,34,0,118,100,58,38,21" hai2="62,47,39,117,12,44,76,57,55,105,13,32,84" hai3="123,102,75,65,9,52,50,1,95,41,66,56,43"/><T74/><D2/><U89/><E38/><V3/><F32/><W91/><G102/><T94/><D119/><U85/><E34/><V134/><F105/><W133/><G133/><T78/><D120/><U31/><E31/><V33/><F33/><W54/><G75/><T87/><D112/><U7/><E118/><V114/><F114/><W73/><G73/><T70/><D127/><U16/><E18/><V69/><F3/><W97/><G123/><T49/><D74/><U23/><E23/><V68/><F44/><W27/><G27/><T14/><D70/><U37/><E37/><V24/><F24/><N who="0" m="9322" /><D111/><U108/><E108/><V129/><F129/><W63/><G1/><T128/><D128/><U17/><E21/><V126/><F134/><W80/><G80/><N who="0" m="47511" /><D61/><U132/><E132/><V124/><F76/><W30/><G30/><T99/><D28/><U125/><E125/><N who="2" m="48235" /><F84/><W42/><REACH who="3" step="1"/><G9/><REACH who="3" ten="250,250,250,240" step="2"/><T4/><D49/><U51/><E113/><V35/><F117/><W106/><G106/><T29/><D29/><U115/><E115/><V59/><F35/><W82/><G82/><T71/><D71/><U6/><E8/><AGARI ba="0,1" hai="4,8,14,45,46,94,99,103" m="47511,9322" machi="8" ten="30,1500,0" yaku="8,1" doraHai="104" who="0" fromWho="1" sc="250,25,250,-15,250,0,240,0" /><INIT seed="0,1,0,2,1,47" ten="275,235,250,240" oya="0" hai0="96,61,38,92,75,90,33,131,24,54,86,85,135" hai1="133,52,31,134,48,132,112,98,53,125,95,129,126" hai2="120,62,41,70,45,124,87,27,30,69,3,74,127" hai3="118,117,73,93,13,107,99,60,4,82,50,16,105"/><T130/><D38/><U78/><E112/><V28/><F3/><W108/><G4/><T64/><D75/><U123/><E123/><V100/><F74/><W63/><G108/><T119/><D119/><U109/><E109/><V10/><F10/><W111/><G111/><T21/><D33/><U65/><E65/><V128/><F120/><W71/><G71/><T36/><D36/><U67/><E67/><V76/><F30/><W79/><G118/><T15/><D15/><U59/><E78/><V6/><F6/><W17/><G17/><T88/><D135/><U19/><E31/><V49/><F100/><W97/><G97/><T22/><D22/><U55/><E19/><V68/><F62/><W91/><G117/><T39/><D39/><U26/><E26/><V7/><F7/><W51/><G63/><T89/><D54/><N who="1" m="20491" /><E95/><V35/><F128/><N who="0" m="49194" /><D96/><U2/><E2/><V80/><AGARI ba="1,0" hai="27,28,35,41,45,49,68,69,70,76,80,87,124,127" machi="80" ten="40,2700,0" yaku="0,1,52,1" doraHai="47" who="2" fromWho="2" sc="275,-14,235,-8,250,30,240,-8" /><INIT seed="1,0,0,4,3,54" ten="261,227,280,232" oya="1" hai0="101,38,79,114,18,65,96,88,108,35,40,5,71" hai1="103,98,47,92,99,56,57,91,31,51,85,104,13" hai2="117,28,3,58,125,102,14,36,70,22,80,134,49" hai3="100,119,7,129,69,43,1,50,123,132,48,11,60"/><U109/><E109/><V75/><F3/><W130/><G123/><T111/><D35/><U17/><E31/><V89/><F70/><W2/><G100/><T64/><D114/><U42/><REACH who="1" step="1"/><E99/><REACH who="1" ten="261,217,280,232" step="2"/><V106/><F28/><W26/><G130/><T25/><D108/><U72/><E72/><V120/><F75/><W4/><G129/><T19/><D111/><U90/><E90/><V23/><F89/><W33/><G33/><T87/><D96/><U133/><E133/><V84/><F134/><W34/><G132/><T44/><D88/><U6/><E6/><V37/><F120/><W116/><G34/><T113/><D101/><U66/><E66/><V127/><F102/><W30/><G30/><T8/><D64/><U46/><E46/><V21/><F117/><W59/><G7/><T118/><D118/><U9/><AGARI ba="0,1" hai="9,13,17,42,47,51,56,57,85,91,92,98,103,104" machi="9" ten="20,12000,1" yaku="1,1,0,1,7,1,52,2,53,0" doraHai="54" doraHaiUra="77" who="1" fromWho="1" sc="261,-40,217,130,280,-40,232,-40" /><INIT seed="1,1,0,5,4,135" ten="221,347,240,192" oya="1" hai0="43,54,13,40,53,116,70,101,32,42,48,4,81" hai1="52,18,130,78,23,128,113,85,119,80,112,5,24" hai2="90,106,79,37,20,38,22,100,21,56,115,102,6" hai3="35,51,108,86,68,60,59,123,19,107,29,99,44"/><U34/><E119/><V114/><F79/><W41/><G108/><T69/><D32/><U7/><E34/><V62/><F6/><W0/><G0/><T75/><D101/><U72/><E72/><V61/><F90/><W93/><G123/><T82/><D75/><U84/><E84/><V9/><F9/><W74/><G68/><N who="0" m="26219" /><D13/><U67/><E67/><V129/><F56/><W98/><G107/><T30/><D30/><U49/><E7/><V12/><F12/><W15/><G29/><T133/><D4/><U14/><E14/><V83/><F83/><W55/><G35/><T124/><D81/><U66/><E66/><V87/><F87/><W11/><REACH who="3" step="1"/><G74/><REACH who="3" ten="221,347,240,182" step="2"/><T46/><D116/><U58/><REACH who="1" step="1"/><E5/><REACH who="1" ten="221,337,240,182" step="2"/><V118/><F118/><W39/><G39/><N who="2" m="14857" /><F129/><AGARI ba="1,2" hai="18,23,24,49,52,58,78,80,85,112,113,128,129,130" machi="129" ten="40,7700,0" yaku="1,1,19,1,54,1,53,0" doraHai="135" doraHaiUra="57" who="1" fromWho="2" sc="221,0,337,100,240,-80,182,0" /><INIT seed="1,2,0,1,0,28" ten="221,437,160,182" oya="1" hai0="93,12,15,31,58,4,87,25,72,5,67,16,36" hai1="45,85,84,73,98,94,121,22,102,107,62,33,39" hai2="57,103,60,26,47,69,120,80,20,124,53,55,99" hai3="17,133,101,74,44,23,56,14,30,128,113,66,90"/><U126/><E121/><V7/><F120/><W2/><G2/><T8/><D36/><U135/><E73/><V27/><F124/><W9/><G74/><T105/><D72/><U71/><E22/><V41/><F7/><W122/><G128/><T52/><D67/><U110/><E126/><V82/><F69/><W129/><G133/><T81/><D105/><U46/><E135/><V34/><F27/><W118/><G113/><T112/><D12/><U40/><E46/><V79/><F55/><W127/><G118/><T116/><D93/><U10/><E10/><V38/><F79/><W18/><G101/><T63/><D116/><U123/><E123/><V11/><F11/><W78/><G129/><T88/><D112/><U6/><E6/><V43/><F43/><W51/><G78/><T21/><AGARI ba="2,0" hai="4,5,8,15,16,21,25,31,52,58,63,81,87,88" machi="21" ten="20,12000,2" yaku="0,1,7,1,8,1,54,3" doraHai="28" who="0" fromWho="0" sc="221,126,437,-62,160,-32,182,-32" /><INIT seed="2,0,0,4,5,8" ten="347,375,128,150" oya="2" hai0="100,10,94,70,64,104,102,0,110,87,98,63,76" hai1="89,107,77,47,121,92,128,44,33,80,112,96,74" hai2="114,32,36,19,14,83,49,26,88,78,56,108,125" hai3="5,61,127,82,111,38,118,24,129,85,21,12,57"/><V60/><F114/><W53/><G118/><T17/><D110/><U27/><E112/><V79/><F36/><W30/><G111/><T109/><D109/><U120/><E128/><V23/><F108/><W50/><G127/><T6/><D104/><U106/><E27/><V95/><F125/><W15/><G38/><T69/><D69/><U126/><E33/><V122/><F122/><N who="1" m="47209" /><E126/><V59/><F49/><W116/><G5/><T67/><D67/><U1/><E1/><V65/><F32/><W13/><G129/><T22/><D76/><N who="2" m="29226" /><F83/><W99/><G99/><T119/><D87/><U81/><E81/><V58/><F26/><W46/><G116/><T66/><D66/><U113/><E113/><V2/><F2/><W62/><REACH who="3" step="1"/><G57/><REACH who="3" ten="347,375,128,140" step="2"/><T7/><D119/><U25/><E74/><V68/><F68/><W124/><G124/><T84/><D6/><U123/><E123/><V91/><F91/><AGARI ba="0,1" hai="12,13,15,21,24,30,46,50,53,61,62,82,85,91" machi="91" ten="40,12000,2" yaku="1,1,8,1,52,3,53,1" doraHai="8" doraHaiUra="42" who="3" fromWho="2" sc="347,0,375,0,128,-120,140,130" /><INIT seed="3,0,0,5,0,38" ten="347,375,8,270" oya="3" hai0="111,34,35,105,8,116,33,120,129,90,60,29,21" hai1="133,51,18,14,24,42,32,25,134,17,81,5,70" hai2="101,66,76,45,99,95,127,96,36,80,125,108,31" hai3="92,23,28,126,97,39,77,37,4,15,117,49,47"/><W53/><G117/><T109/><D105/><U73/><E70/><V61/><F66/><W65/><G126/><N who="2" m="48137" /><F61/><W106/><G106/><T112/><D116/><U58/><E73/><N who="2" m="43023" /><F45/><W87/><G65/><T107/><D107/><U91/><E32/><N who="0" m="8193" /><T85/><DORA hai="69" /><D120/><U102/><E5/><V89/><F31/><W132/><G132/><N who="1" m="50794" /><E58/><V114/><F36/><W0/><G0/><T43/><D43/><U63/><E63/><V7/><F7/><W72/><G72/><T113/><D60/><U54/><E42/><V86/><F108/><N who="0" m="41546" /><D129/><U118/><E118/><V57/><F57/><W50/><G50/><T1/><D1/><U16/><E14/><V13/><F13/><W41/><G53/><T30/><D8/><U115/><E115/><N who="0" m="44105" /><D21/><U131/><E131/><V9/><F9/><N who="3" m="4519" /><G23/><T44/><D44/><N who="1" m="28007" /><E102/><N who="2" m="60703" /><F114/><W110/><G110/><T100/><D100/><U11/><E11/><V74/><F74/><W62/><G62/><T79/><D79/><U67/><E67/><V12/><F12/><W3/><G3/><T88/><D90/><U56/><E56/><V123/><F123/><W6/><G6/><T46/><D46/><U52/><E52/><V59/><F59/><W19/><G39/><T68/><D68/><U135/><E135/><V103/><F99/><W40/><G37/><T93/><AGARI ba="0,0" hai="29,30,85,88,93" m="44105,41546,8193" machi="93" ten="50,6400,0" yaku="14,1,11,1,54,1" doraHai="38,69" who="0" fromWho="0" sc="347,64,375,-16,8,-16,270,-32" owari="411,51.0,359,16.0,-8,-51.0,238,-16.0" /></mjloggm>