<mjloggm ver="2.3"><GO type="41" lobby="0"/><UN n0="%E2%93%9D%53%75%70%68%78" n1="%E3%82%81%E3%81%97%E3%81%84%E3%81%9A%E3%81%BF" n2="%E3%81%AA%E3%81%BF%E3%81%9F%E3%82%8D%E3%81%86" n3="%54%61%6B%65%73%68%69%6E" dan="18,14,13,13" rate="2161.88,1869.03,1819.07,1842.46" sx="M,M,M,M"/><TAIKYOKU oya="0"/><INIT seed="0,0,0,3,0,44" ten="250,250,250,250" oya="0" hai0="35,34,61,19,33,1,99,133,126,85,51,59,64" hai1="89,73,88,9,111,43,115,39,47,104,82,27,106" hai2="124,8,25,52,112,87,84,72,90,83,38,122,58" hai3="125,37,100,36,62,7,20,75,130,28,134,23,108"/><T107/><D1/><U6/><E115/><V74/><F38/><W109/><G75/><T11/><D133/><U32/><E111/><V97/><F122/><W0/><G134/><T13/><D126/><U26/><E26/><V81/><F124/><W48/><G125/><T42/><D85/><U68/><E68/><V135/><F135/><W127/><G127/><T21/><D107/><U96/><E104/><V65/><F65/><W123/><G123/><T56/><D99/><U121/><E121/><V63/><F97/><W132/><G132/><T71/><REACH who="0" step="1"/><D21/><REACH who="0" ten="240,250,250,250" step="2"/><U14/><E96/><V76/><F112/><W119/><G108/><T128/><D128/><U114/><E106/><V66/><F66/><W117/><G130/><T116/><D116/><U103/><E114/><V60/><F60/><W86/><G109/><T78/><D78/><U3/><E103/><V40/><F40/><W67/><G100/><T94/><D94/><U102/><E102/><V41/><F41/><W79/><G117/><T12/><D12/><U46/><E14/><V4/><REACH who="2" step="1"/><F25/><REACH who="2" ten="240,250,240,250" step="2"/><W101/><G119/><T98/><D98/><U92/><E27/><V5/><F5/><W95/><G7/><T55/><D55/><U2/><E2/><AGARI ba="0,2" hai="2,4,8,52,58,63,72,74,76,81,83,84,87,90" machi="2" ten="30,3900,0" yaku="1,1,7,1,54,1,53,0" doraHai="44" doraHaiUra="18" who="2" fromWho="1" sc="240,0,250,-39,240,59,250,0" /><INIT seed="1,0,0,0,1,101" ten="240,211,299,250" oya="1" hai0="98,2,16,22,106,25,75,126,52,66,21,51,32" hai1="57,87,5,1,104,129,135,18,86,31,102,71,49" hai2="67,43,95,17,3,73,108,79,65,54,134,125,92" hai3="27,68,35,99,124,50,58,14,97,69,0,9,133"/><U37/><E71/><V110/><F3/><W33/><G124/><T89/><D75/><U107/><E37/><V38/><F79/><W96/><G133/><T23/><D2/><U12/><E31/><V122/><F73/><W117/><G117/><T36/><D36/><U78/><E5/><V19/><F43/><W59/><G0/><T74/><D74/><U88/><E1/><V118/><F54/><W46/><G68/><T121/><D66/><U91/><E102/><V13/><F13/><W28/><G69/><T81/><D32/><U8/><E78/><V130/><F38/><W30/><G28/><T111/><D111/><U83/><E135/><V80/><F80/><W109/><G33/><T132/><D106/><U105/><E129/><V45/><F45/><W127/><G127/><T120/><D126/><U41/><E57/><V62/><F125/><W55/><REACH who="3" step="1"/><G109/><REACH who="3" ten="240,211,299,240" step="2"/><T93/><D132/><U128/><E128/><V63/><F118/><W40/><G40/><T15/><D121/><U131/><E131/><V116/><F134/><W114/><G114/><T94/><D120/><U4/><E41/><V112/><F116/><W53/><G53/><T11/><D81/><U20/><E49/><V84/><F130/><W119/><G119/><T100/><D52/><U34/><E34/><V90/><F122/><W56/><G56/><T10/><D51/><U47/><E47/><V44/><F112/><W29/><G29/><N who="0" m="17583" /><D23/><U76/><REACH who="1" step="1"/><E87/><AGARI ba="0,1" hai="10,11,15,16,22,87,89,93,94,98,100" m="17583" machi="87" ten="30,2000,0" yaku="8,1,54,1" doraHai="101" who="0" fromWho="1" sc="240,30,211,-20,299,0,240,0" /><INIT seed="2,0,0,0,2,19" ten="270,191,299,240" oya="2" hai0="43,29,84,107,96,25,114,92,14,88,85,95,6" hai1="120,9,72,106,108,89,101,8,111,61,5,79,127" hai2="23,51,102,70,24,67,69,27,35,119,99,129,59" hai3="47,63,126,78,133,22,103,112,11,53,81,121,66"/><V87/><F129/><W116/><G116/><T100/><D114/><U31/><E120/><V118/><F87/><W45/><G112/><T52/><D43/><U91/><E61/><V122/><F122/><W3/><G121/><T131/><D131/><U62/><E62/><V49/><F35/><W54/><G133/><T20/><D52/><U57/><E57/><V39/><F39/><W123/><G123/><T98/><D107/><U10/><E127/><V38/><F38/><W110/><G110/><N who="1" m="42026" /><E79/><V77/><F77/><W28/><G103/><T76/><D76/><U105/><E72/><V33/><F33/><W40/><G126/><T75/><D75/><U36/><E36/><V12/><F67/><W115/><G22/><T130/><D130/><U0/><E31/><V26/><F69/><W56/><G28/><T55/><D55/><U16/><E101/><V83/><F70/><W17/><G47/><T68/><D68/><U94/><E91/><V90/><F59/><W18/><G17/><T13/><D6/><U42/><E42/><V71/><F71/><W65/><G65/><T132/><D132/><U4/><E0/><V34/><F34/><W48/><G115/><T15/><AGARI ba="0,0" hai="13,14,15,20,25,29,84,85,88,92,95,96,98,100" machi="15" ten="30,7900,0" yaku="0,1,8,1,52,1,54,1" doraHai="19" who="0" fromWho="0" sc="270,79,191,-20,299,-39,240,-20" /><INIT seed="3,0,0,0,2,41" ten="349,171,260,220" oya="3" hai0="3,60,2,101,109,117,36,130,111,128,22,86,66" hai1="88,100,15,126,87,54,92,124,47,18,20,29,96" hai2="118,44,61,127,78,43,72,13,129,104,80,53,67" hai3="112,42,102,122,31,1,89,32,11,119,45,108,34"/><W5/><G112/><T58/><D117/><U38/><E29/><V10/><F104/><W63/><G119/><T133/><D101/><U23/><E23/><V17/><F129/><N who="0" m="49770" /><D36/><U56/><E56/><V113/><F127/><W134/><G122/><T26/><D86/><U40/><REACH who="1" step="1"/><E54/><REACH who="1" ten="349,161,260,220" step="2"/><V81/><F113/><W68/><G134/><T51/><D133/><U125/><E125/><V114/><F53/><W74/><G31/><N who="0" m="17879" /><D51/><U49/><E49/><V50/><F114/><W8/><G34/><T55/><D55/><U39/><E39/><V131/><F131/><W103/><G32/><T90/><D90/><U6/><E6/><V35/><F35/><W73/><G11/><T77/><D77/><U65/><E65/><V106/><F118/><W57/><G68/><T33/><D33/><U62/><E62/><V97/><F78/><W95/><G108/><AGARI ba="0,1" hai="2,3,58,60,66,108,109,111" m="17879,49770" machi="108" ten="30,2000,0" yaku="14,1,19,1" doraHai="41" who="0" fromWho="3" sc="349,30,161,0,260,0,220,-20" /><INIT seed="4,0,0,0,0,15" ten="379,161,260,200" oya="0" hai0="89,130,115,73,17,131,97,104,64,87,116,111,2" hai1="18,121,6,36,93,20,54,75,3,80,23,65,72" hai2="57,39,59,120,127,95,31,5,10,84,40,8,56" hai3="47,43,38,82,102,119,33,48,61,78,94,90,1"/><T49/><D115/><U19/><E121/><V98/><F127/><W70/><G119/><T63/><D2/><U46/><E65/><V99/><F31/><W114/><G102/><T11/><D73/><U112/><E93/><V25/><F25/><W79/><G33/><T16/><D11/><N who="1" m="2527" /><E54/><V22/><F22/><N who="1" m="8233" /><E75/><V55/><F40/><W106/><G1/><T100/><D111/><U4/><E4/><V14/><F39/><W68/><G106/><T107/><D116/><U74/><E74/><V26/><F26/><W62/><G114/><T118/><D107/><U96/><E96/><V85/><F99/><W126/><G126/><T109/><D109/><U58/><E58/><V52/><F120/><W66/><G62/><T24/><D118/><U128/><E128/><N who="0" m="49193" /><D24/><U122/><E122/><V12/><F85/><W113/><G113/><T133/><D49/><U27/><E27/><V41/><F84/><W105/><G105/><T69/><D133/><U92/><E92/><AGARI ba="0,0" hai="16,17,63,64,69,87,89,92,97,100,104" m="49193" machi="92" ten="30,11600,0" yaku="19,1,52,2,54,1" doraHai="15" who="0" fromWho="1" sc="379,116,161,-116,260,0,200,0" /><INIT seed="4,1,0,0,0,16" ten="495,45,260,200" oya="0" hai0="28,52,111,45,124,68,130,61,48,128,0,132,85" hai1="86,113,2,6,131,70,32,107,29,59,79,88,105" hai2="53,97,73,65,129,108,42,134,49,98,119,92,25" hai3="93,36,64,40,114,76,72,123,125,8,112,116,39"/><T118/><D0/><U78/><E70/><V12/><F73/><W43/><G116/><T69/><D28/><U95/><E32/><V89/><F65/><W1/><G93/><T99/><D99/><U46/><E29/><V47/><F108/><W126/><G64/><T91/><D124/><N who="3" m="47721" /><G123/><T109/><D132/><U90/><E59/><V100/><F134/><W38/><G43/><T23/><D23/><U31/><E46/><V7/><F129/><N who="0" m="49770" /><D118/><U67/><E6/><V24/><F42/><W121/><G121/><T15/><D15/><U13/><E67/><V102/><F89/><W77/><G77/><N who="1" m="29194" /><E13/><V30/><F30/><W56/><G56/><T14/><D14/><U58/><E58/><V83/><F83/><N who="3" m="45447" /><G40/><T44/><D44/><U26/><E2/><V75/><F75/><W17/><G17/><T55/><D55/><U104/><E26/><V74/><F74/><W81/><G81/><N who="0" m="49583" /><D61/><U57/><E57/><V101/><F101/><W11/><G11/><T63/><D63/><U133/><E31/><V87/><F119/><W3/><G8/><T34/><D34/><U117/><E117/><V127/><F127/><W22/><G3/><T135/><D135/><U18/><E18/><V103/><F103/><W96/><G1/><T20/><D20/><U33/><E33/><V106/><F87/><W37/><G39/><T35/><D35/><U41/><E41/><V62/><F62/><W19/><G96/><T10/><D10/><U110/><E133/><V4/><F12/><AGARI ba="1,0" hai="12,19,22,36,37,38,112,114" m="45447,47721" machi="12" ten="40,2600,0" yaku="18,1,52,1" doraHai="16" who="3" fromWho="2" sc="495,0,45,0,260,-29,200,29" /><INIT seed="5,0,0,3,1,8" ten="495,45,231,229" oya="1" hai0="23,125,1,126,47,21,131,90,26,92,6,15,62" hai1="93,130,22,13,63,106,18,19,98,14,72,4,122" hai2="77,114,69,56,41,58,33,123,38,79,100,119,80" hai3="103,120,39,107,32,91,84,121,44,133,104,108,116"/><U115/><E130/><V52/><F33/><W99/><G108/><T5/><D1/><U30/><E72/><V83/><F69/><W35/><G133/><T109/><D109/><U53/><E106/><V134/><F134/><W60/><G107/><T102/><D102/><U97/><E122/><V17/><F114/><W87/><G60/><T86/><D47/><U110/><E110/><V128/><F128/><W117/><G84/><T89/><D62/><U28/><E115/><V129/><F119/><N who="3" m="45643" /><G44/><T20/><D26/><U101/><E4/><V45/><F129/><W81/><G39/><T42/><D42/><U59/><REACH who="1" step="1"/><E98/><REACH who="1" ten="495,35,231,229" step="2"/><V64/><F123/><AGARI ba="0,1" hai="32,35,81,87,91,99,103,104,120,121,123" m="45643" machi="123" ten="30,1000,0" yaku="12,1" doraHai="8" who="3" fromWho="2" sc="495,0,35,0,231,-10,229,20" /><INIT seed="6,0,0,4,0,102" ten="495,35,221,249" oya="2" hai0="11,132,106,64,23,21,59,91,119,57,19,100,79" hai1="61,134,22,40,8,25,125,133,43,107,16,75,17" hai2="116,53,45,29,131,113,112,82,129,127,97,120,128" hai3="28,13,66,73,56,118,14,24,83,88,117,26,47"/><V103/><F29/><W58/><G47/><T68/><D106/><U108/><E75/><V122/><F45/><W36/><G36/><T123/><D132/><U77/><E107/><N who="2" m="63983" /><F53/><W87/><G73/><T85/><D123/><N who="2" m="47146" /><F127/><W65/><G117/><T81/><D100/><U94/><E77/><V42/><F42/><W76/><G118/><T70/><D64/><N who="3" m="24681" /><G76/><T46/><D79/><U2/><E125/><V90/><F116/><W78/><G78/><T51/><D70/><U60/><E108/><V92/><F82/><W49/><G28/><T80/><D80/><U69/><E94/><V52/><F52/><N who="3" m="31759" /><G58/><N who="0" m="22027" /><D68/><U32/><E69/><V71/><F71/><W54/><G54/><N who="0" m="30071" /><D119/><U34/><E2/><V101/><F101/><W15/><AGARI ba="0,0" hai="13,14,15,24,26,83,87,88" m="31759,24681" machi="15" ten="30,4000,0" yaku="8,1,54,2" doraHai="102" who="3" fromWho="3" sc="495,-10,35,-10,221,-20,249,40" /><INIT seed="7,0,0,5,4,108" ten="485,25,201,289" oya="3" hai0="82,42,97,55,99,127,133,39,113,1,67,20,126" hai1="27,105,81,76,71,11,13,68,48,9,116,54,110" hai2="52,58,91,74,38,75,63,77,17,107,7,87,123" hai3="124,25,29,102,26,78,125,93,32,51,36,43,45"/><W18/><G78/><T118/><D113/><U89/><E105/><V60/><F107/><W22/><REACH who="3" step="1"/><G36/><REACH who="3" ten="485,25,201,279" step="2"/><T41/><D39/><U56/><E116/><V31/><F38/><W3/><G3/><T130/><D118/><U84/><E110/><V64/><F77/><W121/><G121/><T47/><D1/><U117/><E117/><V59/><F123/><W23/><G23/><T33/><D20/><U95/><E27/><V0/><F0/><W30/><G30/><T79/><D79/><U88/><E11/><V83/><F31/><W129/><G129/><T135/><D130/><U98/><REACH who="1" step="1"/><E76/><REACH who="1" ten="485,15,201,279" step="2"/><V119/><F119/><W69/><G69/><T115/><D135/><U86/><E86/><V132/><F132/><W44/><G44/><T34/><D47/><U40/><E40/><V101/><F74/><W14/><G14/><T120/><D42/><U6/><AGARI ba="0,2" hai="6,9,13,48,54,56,68,71,81,84,88,89,95,98" machi="6" ten="20,12000,2" yaku="1,1,0,1,7,1,54,1,53,2" doraHai="108" doraHaiUra="85" who="1" fromWho="1" sc="485,-30,15,140,201,-30,279,-60" owari="455,55.0,155,-34.0,171,-23.0,219,2.0" /></mjloggm>