<mjloggm ver="2.3"><GO type="41" lobby="0"/><UN n0="%E6%99%A8%E6%98%8F%E5%B0%8D%E5%B3%99" n1="%EF%BC%94%EF%BC%98%EF%BC%96%EF%BC%99" n2="%E2%93%9D%53%75%70%68%78" n3="%6C%61%6B%61%6C%61%6B%61" dan="14,14,18,13" rate="1959.09,1957.49,2053.62,1867.36" sx="M,M,M,M"/><TAIKYOKU oya="0"/><INIT seed="0,0,0,4,1,63" ten="250,250,250,250" oya="0" hai0="123,35,80,7,93,28,22,11,88,66,21,34,49" hai1="105,24,60,120,50,85,83,38,127,33,19,103,75" hai2="17,2,51,10,84,56,128,129,59,130,44,68,125" hai3="0,25,98,94,70,69,101,87,76,97,61,57,89"/><T79/><D123/><U40/><E120/><V55/><F125/><W114/><G114/><T12/><D49/><U30/><E75/><V99/><F68/><W108/><G108/><T119/><D119/><U82/><E38/><V1/><F99/><W86/><G0/><N who="2" m="105" /><F84/><N who="3" m="32299" /><G69/><T96/><D66/><U77/><E83/><V29/><F29/><W23/><G76/><T48/><D48/><U71/><E127/><V47/><F47/><W9/><G70/><T15/><D35/><U13/><E50/><V54/><F54/><N who="3" m="33975" /><G9/><N who="0" m="4159" /><D34/><U3/><E3/><V67/><F67/><W90/><G97/><T91/><D79/><U20/><E40/><V81/><F81/><W116/><G116/><T126/><D28/><AGARI ba="0,0" hai="23,25,28,89,90,94,98,101" m="33975,32299" machi="28" ten="30,1000,0" yaku="8,1" doraHai="63" who="3" fromWho="0" sc="250,-10,250,0,250,0,250,10" /><INIT seed="1,0,0,0,0,59" ten="240,250,250,260" oya="1" hai0="91,122,61,83,118,35,113,60,39,28,29,14,133" hai1="116,125,105,41,96,123,119,23,115,111,121,0,78" hai2="2,54,120,109,31,88,68,20,104,76,90,86,64" hai3="114,52,16,17,26,112,36,15,74,131,71,94,6"/><U47/><E0/><V33/><F120/><N who="1" m="46153" /><E23/><V55/><F104/><W75/><G36/><T44/><D113/><U30/><E30/><N who="0" m="11881" /><D35/><U129/><E78/><V42/><F109/><W10/><G71/><T3/><D3/><U77/><E77/><V4/><F42/><W102/><G131/><T106/><D106/><U101/><E129/><V34/><F76/><W110/><G75/><T79/><D118/><N who="1" m="45099" /><E125/><V18/><F31/><W69/><G74/><T81/><D122/><U58/><E58/><V72/><F34/><W45/><G102/><T67/><D39/><N who="1" m="21951" /><E115/><V99/><F33/><W62/><G112/><T12/><D44/><U66/><E66/><V38/><F64/><W48/><G114/><T8/><D67/><U27/><E27/><V100/><F72/><W37/><G26/><T57/><D57/><U9/><E9/><V130/><F130/><W22/><G94/><T49/><D8/><U80/><E80/><N who="0" m="30793" /><D79/><U56/><E56/><V73/><F73/><W46/><G10/><T19/><D19/><U11/><E11/><V97/><F18/><W32/><G16/><T132/><D91/><U84/><E84/><V7/><F86/><W24/><G17/><T103/><D103/><U5/><E5/><V89/><F7/><W43/><G6/><T70/><D70/><U65/><E65/><V63/><F4/><W134/><G32/><T92/><D92/><U50/><E111/><V98/><F2/><W95/><G110/><T128/><D128/><U25/><E25/><V85/><F85/><W135/><G95/><T21/><D21/><U40/><E40/><RYUUKYOKU ba="0,0" sc="240,-10,250,30,250,-10,260,-10" hai1="50,96,101,105" /><INIT seed="1,1,0,2,0,70" ten="230,280,240,250" oya="1" hai0="120,62,3,41,46,105,60,83,57,67,55,87,94" hai1="37,135,102,97,99,11,13,115,96,44,43,15,121" hai2="68,119,89,22,49,69,72,81,40,61,103,122,86" hai3="91,36,26,27,7,123,82,132,6,16,108,80,76"/><U116/><E121/><V48/><F119/><W118/><G123/><T51/><D105/><U9/><E116/><V88/><F122/><W117/><G117/><T75/><D120/><U30/><E115/><V128/><F72/><W34/><G132/><T131/><D3/><U101/><E135/><V100/><F128/><W63/><G118/><T84/><D131/><U23/><E23/><V47/><F61/><W125/><G34/><T112/><D112/><U19/><REACH who="1" step="1"/><E30/><REACH who="1" ten="230,270,240,250" step="2"/><V24/><F69/><W90/><G125/><T52/><D75/><U54/><E54/><V10/><F68/><W28/><G28/><T21/><D21/><U133/><E133/><V127/><F127/><W20/><G20/><T38/><D94/><U93/><E93/><V95/><F10/><W42/><G108/><T35/><D35/><U113/><E113/><V129/><F129/><W107/><G107/><T33/><D33/><U78/><E78/><V126/><F126/><W17/><G76/><T59/><REACH who="0" step="1"/><D83/><REACH who="0" ten="220,270,240,250" step="2"/><U79/><E79/><V18/><REACH who="2" step="1"/><F49/><REACH who="2" ten="220,270,230,250" step="2"/><W5/><G63/><T50/><D50/><U124/><E124/><V74/><F74/><W109/><G109/><T111/><D111/><U114/><E114/><V45/><F45/><AGARI ba="1,3" hai="38,41,45,46,51,52,55,57,59,60,62,67,84,87" machi="45" ten="30,7700,0" yaku="1,1,7,1,52,1,54,1,53,0" doraHai="70" doraHaiUra="104" who="0" fromWho="2" sc="220,110,270,0,230,-80,250,0" /><INIT seed="2,0,0,0,4,39" ten="330,270,150,250" oya="2" hai0="66,113,11,98,63,125,54,70,116,6,119,121,76" hai1="85,29,95,22,4,69,122,30,131,102,118,93,10" hai2="106,75,44,103,2,8,35,111,120,88,83,109,89" hai3="19,51,94,78,33,77,40,133,62,124,43,17,34"/><V45/><F35/><W104/><G133/><T13/><D121/><U115/><E118/><N who="0" m="45097" /><D113/><U1/><E69/><V14/><F2/><W47/><G124/><T26/><D125/><U0/><E115/><V24/><F24/><W55/><G104/><T32/><D76/><U57/><E1/><V74/><F103/><W12/><G62/><T21/><D98/><U25/><E131/><V107/><F14/><W129/><G129/><T49/><D32/><U112/><E112/><V7/><F8/><W41/><G34/><T130/><D130/><U9/><E9/><V60/><F60/><W53/><G33/><T72/><D72/><U50/><E122/><V73/><F7/><W46/><G94/><T135/><D135/><U90/><E30/><V87/><F120/><W56/><G46/><N who="2" m="18025" /><F89/><W48/><G17/><N who="0" m="12591" /><D49/><U86/><E102/><V80/><F80/><W64/><G64/><T27/><D27/><U114/><E114/><V5/><F5/><W101/><G101/><T20/><D20/><AGARI ba="0,0" hai="12,19,20,40,41,43,47,48,51,53,55,56,77,78" machi="20" ten="40,8000,1" yaku="8,1,52,3" doraHai="39" who="3" fromWho="0" sc="330,-80,270,0,150,0,250,80" /><INIT seed="3,0,0,2,3,80" ten="250,270,150,330" oya="3" hai0="115,62,100,5,11,66,78,86,13,119,110,82,127" hai1="121,24,130,104,48,98,4,105,129,49,120,87,81" hai2="51,132,46,67,14,107,88,2,109,128,134,35,57" hai3="36,33,56,54,61,32,68,79,108,47,74,25,39"/><W40/><G108/><T91/><D119/><U92/><E4/><V28/><F2/><W42/><G25/><T84/><D110/><U106/><E24/><V70/><F107/><W133/><G133/><N who="2" m="51305" /><F28/><W77/><G74/><T12/><D127/><U50/><E92/><V17/><F70/><W41/><G68/><T101/><D115/><U3/><E98/><V19/><F35/><W30/><G30/><T97/><D97/><U21/><E21/><V124/><F128/><W112/><G112/><T8/><D62/><U126/><E3/><V114/><F124/><W20/><G20/><T18/><D66/><U15/><E15/><V111/><F114/><W85/><G33/><T73/><D73/><U123/><E126/><V125/><F125/><W83/><G32/><T99/><D99/><U0/><E0/><V34/><F34/><W64/><REACH who="3" step="1"/><G77/><AGARI ba="0,0" hai="48,49,50,77,81,87,104,105,106,120,121,123,129,130" machi="77" ten="60,7700,0" yaku="29,2,52,1" doraHai="80" who="1" fromWho="3" sc="250,0,270,77,150,0,330,-77" /><INIT seed="4,0,0,1,1,79" ten="250,347,150,253" oya="0" hai0="52,116,95,28,88,42,75,77,45,86,70,94,34" hai1="69,22,46,21,63,87,32,82,4,8,16,110,99" hai2="106,40,15,122,12,29,9,36,90,2,73,120,30" hai3="41,14,108,134,51,72,98,135,91,23,83,62,96"/><T93/><D70/><U112/><E110/><V101/><F101/><W55/><G108/><T27/><D116/><U119/><E119/><V58/><F58/><W104/><G41/><T0/><D0/><U20/><E32/><V6/><F90/><W113/><G113/><T47/><D75/><U85/><E69/><V74/><F40/><W92/><G62/><T57/><D77/><U103/><E63/><V65/><F65/><W24/><G14/><T7/><D7/><U121/><E121/><V97/><F97/><W37/><G37/><T111/><D111/><U11/><E46/><V54/><F106/><W13/><G13/><T129/><D129/><U5/><E87/><V25/><F54/><W38/><G38/><T100/><D100/><U124/><E124/><V109/><F36/><W48/><G104/><T17/><D17/><U80/><E85/><V84/><F84/><N who="3" m="50591" /><G72/><T128/><D128/><U125/><E112/><V127/><F109/><W60/><G60/><T67/><D67/><U102/><E125/><V118/><F118/><W76/><G76/><T18/><D18/><U26/><E21/><N who="2" m="15535" /><F74/><W44/><G51/><T114/><D114/><U59/><E59/><V130/><F73/><W126/><G92/><N who="0" m="54295" /><D42/><U53/><E102/><V117/><F117/><W10/><G126/><T3/><D3/><U35/><E103/><V39/><F39/><W64/><G64/><T49/><D34/><U43/><E35/><V19/><F127/><W123/><G96/><T66/><D66/><U33/><E99/><V56/><F130/><W81/><G98/><T132/><D132/><RYUUKYOKU ba="0,0" sc="250,30,347,-10,150,-10,253,-10" hai0="27,28,45,47,49,52,57,93,94,95" /><INIT seed="4,1,0,1,3,45" ten="280,337,140,243" oya="0" hai0="103,68,12,35,131,135,27,92,116,41,52,123,22" hai1="128,114,96,134,4,72,83,81,91,106,71,50,47" hai2="10,55,88,87,112,7,73,48,74,39,121,40,119" hai3="6,59,34,77,46,120,14,69,5,15,82,42,102"/><T117/><D68/><U107/><E71/><V108/><F121/><W38/><G69/><T101/><D123/><U63/><E63/><V129/><F108/><W109/><G120/><T99/><D135/><U56/><E56/><V30/><F112/><W26/><G109/><T105/><D131/><U21/><E4/><V89/><F129/><W61/><G102/><T13/><D41/><U93/><E134/><V54/><F30/><W126/><G126/><T23/><D35/><U19/><E128/><V58/><F119/><W60/><G26/><T70/><D70/><U98/><E114/><V29/><F29/><W66/><G34/><T76/><D76/><U51/><E47/><V33/><F40/><W94/><G94/><T115/><D115/><U122/><E122/><V36/><F33/><W132/><G60/><T133/><D133/><U17/><E17/><V3/><F55/><W49/><G132/><T25/><D105/><U31/><E31/><V110/><F110/><W28/><G28/><T79/><D79/><U90/><E72/><V53/><F53/><W86/><G38/><T104/><D104/><U11/><E11/><V65/><F65/><W113/><G113/><T75/><D75/><U78/><E78/><V118/><F118/><N who="0" m="45674" /><D52/><U37/><E37/><N who="2" m="14411" /><F74/><W16/><G15/><N who="0" m="5707" /><D103/><U0/><E107/><V8/><F73/><W24/><G24/><T130/><D130/><U44/><E106/><V84/><F10/><AGARI ba="1,0" hai="5,6,10,14,16,42,46,49,59,61,66,77,82,86" machi="10" ten="30,7700,0" yaku="7,1,8,1,52,1,54,1" doraHai="45" who="3" fromWho="2" sc="280,0,337,0,140,-80,243,80" /><INIT seed="5,0,0,5,4,36" ten="280,337,60,323" oya="1" hai0="32,109,126,95,20,119,113,133,134,6,69,29,14" hai1="88,85,77,102,33,121,42,104,60,4,54,18,43" hai2="101,135,64,92,24,7,106,27,53,130,44,52,0" hai3="96,25,12,9,38,35,49,72,98,132,91,97,59"/><U128/><E121/><V105/><F130/><W108/><G108/><T81/><D69/><U110/><E33/><V58/><F135/><N who="0" m="51722" /><D81/><N who="1" m="47279" /><E104/><V45/><F7/><W57/><G132/><T90/><D119/><U129/><E102/><V79/><F0/><W99/><G72/><T55/><D109/><U62/><E4/><V112/><F101/><W37/><G35/><T40/><D126/><U83/><E110/><V13/><F58/><W15/><G25/><N who="0" m="16551" /><D32/><U111/><E111/><V8/><F79/><W115/><G115/><T71/><D71/><U21/><E128/><V76/><F76/><W10/><G38/><T51/><D113/><U23/><E23/><V63/><F112/><W16/><G37/><T30/><D30/><U65/><E65/><V70/><F64/><W127/><G127/><T103/><D103/><U87/><E129/><V61/><F70/><W120/><G120/><T84/><D6/><U107/><E107/><V28/><F28/><W22/><G22/><T34/><D34/><U80/><E80/><V66/><F66/><W11/><G10/><T122/><D122/><U17/><E17/><V117/><F8/><W125/><G125/><T78/><D78/><U74/><E74/><V123/><F123/><W47/><G11/><T94/><D94/><U89/><E89/><V68/><F68/><W2/><G2/><T75/><D75/><U124/><E124/><V56/><F92/><N who="3" m="56351" /><G15/><T3/><D14/><N who="1" m="9431" /><E62/><V116/><REACH who="2" step="1"/><F13/><REACH who="2" ten="280,337,50,323" step="2"/><W82/><G9/><T5/><D5/><U114/><E114/><V93/><F93/><W50/><G12/><T67/><D3/><RYUUKYOKU ba="0,1" sc="280,-15,337,15,50,15,323,-15" hai1="42,43,54,60,83,87,88" hai2="24,27,44,45,52,53,56,61,63,105,106,116,117" /><INIT seed="5,1,1,2,2,67" ten="265,352,65,308" oya="1" hai0="90,21,74,56,39,33,134,73,51,35,104,78,20" hai1="116,40,10,44,89,43,63,100,50,29,102,77,79" hai2="108,95,4,123,68,37,129,114,130,107,111,112,133" hai3="9,28,57,115,84,80,96,132,27,87,12,135,36"/><U48/><E116/><V60/><F4/><W53/><G36/><T8/><D39/><U71/><E29/><V110/><F107/><W46/><G46/><T3/><D104/><U92/><E10/><V76/><F76/><W24/><G115/><N who="2" m="44073" /><F95/><W122/><G96/><T16/><D134/><N who="3" m="51241" /><G122/><T83/><D90/><U126/><E126/><V54/><F133/><W32/><G80/><T42/><D73/><U94/><E63/><V75/><F75/><W2/><G2/><T128/><D128/><N who="2" m="49258" /><F37/><W61/><G24/><T72/><D72/><U91/><E44/><V105/><F105/><W124/><G124/><T106/><D106/><U55/><E55/><V49/><F123/><W86/><G86/><N who="0" m="48503" /><D3/><U93/><E92/><V99/><F99/><W26/><G26/><N who="0" m="14599" /><D33/><U127/><E127/><V30/><F30/><W98/><G98/><T131/><D35/><U117/><E117/><V82/><F82/><W0/><G0/><T13/><D74/><U52/><E52/><V38/><F38/><W70/><G70/><AGARI ba="1,1" hai="40,43,48,50,70,71,77,79,89,91,93,94,100,102" machi="70" ten="25,9600,0" yaku="22,2,52,2" doraHai="67" who="1" fromWho="3" sc="265,0,352,109,65,0,308,-99" /><INIT seed="5,2,0,1,2,65" ten="265,461,65,209" oya="1" hai0="128,60,97,7,116,92,42,121,72,79,117,126,109" hai1="91,95,38,64,3,73,74,17,107,27,86,78,44" hai2="63,102,69,119,61,19,99,10,127,35,28,68,90" hai3="118,70,22,114,21,50,48,34,89,131,31,16,98"/><U122/><E3/><V56/><F119/><N who="0" m="45642" /><D60/><U115/><E64/><V26/><F127/><W6/><G118/><T40/><D7/><U18/><E44/><V58/><F90/><W32/><G131/><T55/><D55/><U104/><E27/><V54/><F19/><W49/><G6/><T83/><D109/><U15/><E91/><V134/><F134/><W75/><G75/><T120/><D126/><U82/><E86/><V100/><F10/><W87/><G70/><T25/><D25/><U84/><E84/><V93/><REACH who="2" step="1"/><F102/><REACH who="2" ten="265,461,55,209" step="2"/><W37/><G16/><T94/><D128/><U105/><E18/><V11/><F11/><W43/><G22/><T0/><D0/><U5/><E17/><V110/><F110/><W39/><G21/><T77/><D77/><U112/><E5/><V51/><F51/><W101/><G31/><T59/><D59/><U130/><E130/><V36/><F36/><W80/><G34/><T2/><D2/><U88/><E38/><V33/><F33/><W108/><G32/><T133/><D133/><U52/><E78/><V20/><F20/><W13/><G108/><T46/><D46/><U85/><E88/><V76/><F76/><W67/><G39/><T129/><D129/><U111/><E111/><V24/><F24/><W8/><G37/><T57/><D57/><U123/><E74/><V1/><F1/><W47/><G48/><T71/><D79/><U135/><E73/><V30/><F30/><W9/><G50/><T125/><D72/><U81/><E135/><V124/><F124/><W62/><G49/><T103/><D125/><RYUUKYOKU ba="2,1" sc="265,-10,461,-10,55,30,209,-10" hai2="26,28,35,54,56,58,61,63,68,69,93,99,100" /><INIT seed="6,3,1,1,3,15" ten="255,451,85,199" oya="2" hai0="121,50,30,84,5,123,99,126,34,43,119,55,92" hai1="52,69,8,75,1,11,132,61,10,105,33,106,112" hai2="51,0,70,60,22,133,77,94,59,79,101,9,63" hai3="39,38,128,85,17,86,7,100,87,89,66,127,78"/><V54/><F133/><W72/><G66/><T81/><D126/><U3/><E33/><V19/><F0/><W14/><G127/><T20/><D34/><U124/><E75/><V21/><F9/><W115/><G7/><T110/><D110/><U26/><E26/><V40/><F22/><W29/><G128/><T71/><D71/><U4/><E69/><V111/><F111/><W102/><G115/><T88/><D43/><U108/><E108/><V62/><F70/><W48/><G29/><T73/><D73/><U32/><E32/><V109/><F109/><W25/><G25/><T6/><D119/><U2/><E124/><V117/><F117/><W12/><G78/><N who="0" m="46135" /><D121/><U56/><E112/><V96/><REACH who="2" step="1"/><F40/><REACH who="2" ten="255,451,75,199" step="2"/><W104/><G12/><AGARI ba="3,2" hai="12,19,21,51,54,59,60,62,63,77,79,94,96,101" machi="12" ten="40,12000,1" yaku="1,1,2,1,8,1,52,1,53,0" doraHai="15" doraHaiUra="83" who="2" fromWho="3" sc="255,0,451,0,75,149,199,-129" /><INIT seed="6,4,0,4,5,104" ten="255,451,224,70" oya="2" hai0="64,120,42,91,65,92,108,74,76,94,61,122,82" hai1="126,18,24,37,127,69,20,50,28,59,53,86,32" hai2="135,11,40,25,12,72,84,63,70,95,130,115,0" hai3="27,52,6,68,67,132,35,23,36,49,105,77,125"/><V96/><F0/><W10/><G105/><T98/><D42/><U39/><E69/><V128/><F115/><W34/><G36/><T102/><D108/><U100/><E100/><V19/><F84/><W106/><G106/><N who="0" m="63831" /><D61/><U134/><E134/><V79/><F40/><W78/><G132/><T21/><D21/><U17/><E17/><V16/><F135/><W114/><G125/><N who="1" m="47626" /><E86/><V45/><F45/><W60/><G114/><T51/><D51/><U83/><E83/><V111/><F63/><W13/><G35/><T7/><D7/><U121/><E121/><N who="0" m="46697" /><D64/><U97/><E97/><V46/><F111/><W85/><G34/><T101/><D65/><U9/><E9/><V48/><F48/><W14/><G85/><N who="0" m="52335" /><D101/><U57/><E59/><V112/><F46/><W129/><G129/><T89/><D89/><U55/><E53/><V124/><F124/><W66/><G66/><T29/><D29/><U58/><E58/><V109/><F109/><W75/><G14/><AGARI ba="4,0" hai="14,18,20,24,28,32,37,39,50,55,57" m="47626" machi="14" ten="30,1000,0" yaku="18,1" doraHai="104" who="1" fromWho="3" sc="255,0,451,22,224,0,70,-22" /><INIT seed="7,0,0,2,0,1" ten="255,473,224,48" oya="3" hai0="115,118,65,62,114,63,15,126,52,26,7,81,32" hai1="99,104,54,87,129,43,27,25,127,97,101,85,122" hai2="80,93,28,78,8,17,13,57,121,102,71,60,14" hai3="84,23,10,76,56,116,88,0,112,34,2,24,4"/><W83/><G116/><T12/><D118/><U66/><E54/><V20/><F71/><W11/><G112/><N who="0" m="43051" /><D126/><U38/><E101/><V79/><F121/><W21/><G34/><T55/><D81/><U36/><E66/><V68/><F68/><W120/><G120/><T72/><D72/><U49/><E49/><V64/><F80/><W125/><G125/><T5/><D32/><U39/><E39/><V123/><F123/><W74/><G24/><T117/><D26/><U95/><E95/><V77/><F28/><W48/><G56/><N who="0" m="35079" /><D117/><U29/><E29/><V105/><F105/><W42/><G48/><T82/><D82/><U113/><E104/><V90/><F102/><W44/><G44/><T96/><D96/><U22/><E22/><V37/><F37/><W128/><G42/><T47/><D15/><U67/><E67/><V133/><F133/><W30/><G128/><T45/><D12/><U131/><E43/><V91/><REACH who="2" step="1"/><F93/><REACH who="2" ten="255,473,214,48" step="2"/><W70/><G30/><T16/><D16/><AGARI ba="0,1" hai="8,13,14,16,17,20,57,60,64,77,78,79,90,91" machi="16" ten="40,8000,1" yaku="1,1,2,1,8,1,54,1,53,0" doraHai="1" doraHaiUra="46" who="2" fromWho="0" sc="255,-80,473,0,214,90,48,0" owari="175,-22.0,473,57.0,304,10.0,48,-45.0" /></mjloggm>