<mjloggm ver="2.3"><GO type="41" lobby="0"/><UN n0="%E3%81%8A%E3%81%A0%E3%81%A5%E3%82%82%E3%81%A3%E3%81%93" n1="%E3%81%A6%E3%82%93%E3%81%8F%E3%81%86" n2="%E2%93%9D%53%75%70%68%78" n3="%E3%83%87%E3%82%A3%E3%83%B3%E3%82%B4%E3%83%80%E3%82%A4%E3%83%AB" dan="13,15,17,15" rate="1804.69,1922.12,2050.87,1968.16" sx="M,M,M,M"/><TAIKYOKU oya="0"/><INIT seed="0,0,0,2,5,68" ten="250,250,250,250" oya="0" hai0="97,103,108,57,0,52,100,64,23,41,30,44,38" hai1="12,40,5,6,130,4,134,46,79,8,121,80,78" hai2="92,62,70,65,120,56,66,16,28,43,24,36,19" hai3="76,73,116,53,109,27,119,91,95,127,49,58,20"/><T88/><D0/><U69/><E134/><V125/><F120/><W122/><G109/><T128/><D128/><U1/><E130/><V54/><F125/><W22/><G127/><T42/><D108/><U72/><E121/><V113/><F113/><W102/><G102/><T37/><D64/><U18/><E79/><V31/><F66/><W112/><G112/><T15/><D88/><U110/><E69/><V104/><F104/><W29/><G122/><T93/><D100/><U111/><E111/><V117/><F31/><W60/><G76/><T26/><D15/><U67/><E67/><V10/><F10/><W14/><G73/><T55/><D57/><U47/><E47/><AGARI ba="0,0" hai="23,26,30,37,38,41,42,44,47,52,55,93,97,103" machi="47" ten="40,12000,1" yaku="9,1,52,2,54,1" doraHai="68" who="0" fromWho="1" sc="250,120,250,-120,250,0,250,0" /><INIT seed="0,1,0,4,1,98" ten="370,130,250,250" oya="0" hai0="43,77,100,121,104,106,59,87,4,128,23,33,90" hai1="89,85,10,114,65,55,30,21,60,51,86,27,71" hai2="117,41,6,18,17,25,3,101,119,20,38,47,49" hai3="78,76,67,1,123,116,2,14,36,45,103,134,115"/><T57/><D121/><U7/><E114/><V34/><F34/><W68/><G115/><T35/><D4/><U109/><E109/><V9/><F49/><W19/><G116/><T52/><D43/><U73/><E73/><V16/><REACH who="2" step="1"/><F101/><REACH who="2" ten="370,130,240,250" step="2"/><W53/><G123/><T5/><D100/><U56/><REACH who="1" step="1"/><E89/><REACH who="1" ten="370,120,240,250" step="2"/><V66/><F66/><W107/><G134/><T97/><D90/><U126/><E126/><V69/><F69/><W110/><G68/><T32/><D128/><U31/><E31/><AGARI ba="1,2" hai="3,6,9,16,17,18,20,25,31,38,41,47,117,119" machi="31" ten="40,2600,0" yaku="1,1,54,1,53,0" doraHai="98" doraHaiUra="64" who="2" fromWho="1" sc="370,0,120,-29,240,49,250,0" /><INIT seed="1,0,0,5,1,65" ten="370,91,289,250" oya="1" hai0="30,44,100,46,49,23,12,51,7,104,132,21,73" hai1="19,76,122,88,116,114,111,71,127,117,126,84,110" hai2="18,69,106,8,35,62,101,2,85,15,22,125,59" hai3="115,120,83,9,131,94,96,123,82,66,43,61,11"/><U98/><E19/><V99/><F125/><N who="1" m="47625" /><E71/><V16/><F35/><W97/><G115/><T54/><D73/><U81/><E114/><V124/><F124/><W47/><G131/><T86/><D132/><U17/><E17/><V107/><F85/><W128/><G128/><T64/><D64/><U57/><E57/><V32/><F32/><W95/><G66/><T1/><D1/><U112/><E122/><V134/><F134/><W53/><G61/><T58/><D86/><N who="1" m="48423" /><E98/><V60/><F69/><W27/><G53/><T75/><D58/><U14/><E14/><V92/><F2/><W130/><G130/><T87/><D30/><U63/><E63/><V52/><REACH who="2" step="1"/><F62/><REACH who="2" ten="370,91,279,250" step="2"/><W0/><G0/><T29/><D75/><U25/><E112/><V36/><F36/><W24/><G43/><T102/><D51/><U91/><E25/><AGARI ba="0,1" hai="8,15,16,18,22,25,52,59,60,92,99,101,106,107" machi="25" ten="30,8000,1" yaku="1,1,7,1,54,2,53,1" doraHai="65" doraHaiUra="6" who="2" fromWho="1" sc="370,0,91,-80,279,90,250,0" /><INIT seed="2,0,0,3,0,76" ten="370,11,369,250" oya="2" hai0="61,118,45,29,12,94,97,47,20,13,107,39,18" hai1="103,36,121,91,101,14,25,50,83,87,120,65,123" hai2="30,51,52,108,131,134,5,135,95,28,23,0,69" hai3="84,99,77,80,59,27,70,35,119,88,72,96,74"/><V56/><F69/><W116/><G70/><T68/><D118/><U53/><E36/><V40/><F131/><W34/><G59/><T41/><D107/><U32/><E65/><V63/><F108/><W17/><G17/><T109/><D47/><U106/><E106/><V42/><F5/><W114/><G27/><T82/><D109/><U37/><E37/><V10/><F10/><W44/><G44/><T7/><D82/><U9/><E25/><V100/><F0/><W22/><G22/><T115/><D115/><U130/><E32/><V55/><F100/><W58/><G58/><T110/><D61/><U60/><E60/><V90/><F135/><W75/><G34/><T85/><D85/><U73/><E73/><N who="3" m="28266" /><G35/><T112/><D112/><U19/><REACH who="1" step="1"/><E130/><REACH who="1" ten="370,1,369,250" step="2"/><V24/><F134/><W111/><G114/><T93/><D39/><U49/><E49/><V43/><F30/><W2/><G111/><T133/><D29/><U81/><E81/><V31/><F31/><W21/><G2/><T78/><D133/><U125/><E125/><V127/><F127/><W113/><G113/><T124/><D124/><U46/><AGARI ba="0,1" hai="9,14,19,46,50,53,83,87,91,101,103,120,121,123" machi="46" ten="30,12000,2" yaku="1,1,0,1,25,2,13,1,52,1,53,0" doraHai="76" doraHaiUra="62" who="1" fromWho="1" sc="370,-30,1,130,369,-60,250,-30" /><INIT seed="3,0,0,0,4,13" ten="340,131,309,220" oya="3" hai0="122,24,110,76,56,105,3,112,6,84,75,104,88" hai1="87,134,9,8,35,42,129,82,32,95,43,132,57" hai2="133,108,109,103,66,17,92,114,67,49,123,23,44" hai3="72,30,53,25,54,64,97,60,16,77,58,20,4"/><W128/><G128/><T22/><D110/><N who="2" m="42602" /><F114/><W101/><G4/><T40/><D122/><U124/><E95/><V79/><F79/><W39/><G39/><T47/><D112/><U50/><E50/><V55/><F133/><N who="1" m="51305" /><E57/><V37/><F37/><W26/><G77/><T65/><D75/><U111/><E87/><V2/><F2/><W11/><G72/><T63/><D76/><U135/><N who="1" m="51313" /><U98/><DORA hai="81" /><E98/><N who="2" m="59847" /><F123/><W38/><G38/><T19/><D6/><U21/><E82/><V68/><F68/><W33/><REACH who="3" step="1"/><G11/><REACH who="3" ten="340,131,309,210" step="2"/><N who="1" m="4170" /><E111/><V61/><F61/><W1/><G1/><T90/><D3/><U27/><E129/><V85/><F85/><W41/><G41/><N who="1" m="15370" /><E124/><V102/><F102/><W15/><G15/><AGARI ba="0,1" hai="15,17,23,44,49,55,66,67" m="59847,42602" machi="15" ten="30,2000,0" yaku="14,1,52,1" doraHai="13,81" who="2" fromWho="3" sc="340,0,131,0,309,30,210,-20" /><INIT seed="4,0,0,4,3,87" ten="340,131,339,190" oya="0" hai0="54,118,7,95,17,51,101,3,12,77,65,25,66" hai1="27,42,126,82,55,15,75,88,68,119,64,96,36" hai2="94,1,97,93,105,46,81,56,6,120,83,35,19" hai3="11,76,132,122,41,0,60,123,2,57,29,45,53"/><T102/><D118/><U9/><E119/><V44/><F35/><W89/><G132/><T67/><D77/><U18/><E126/><V48/><F105/><W59/><G76/><T117/><D117/><U78/><E42/><V113/><F1/><W108/><G108/><T121/><D121/><N who="3" m="46089" /><G29/><T10/><D25/><U116/><E36/><V37/><F113/><W39/><G11/><T33/><D33/><U28/><E116/><V16/><F6/><W52/><G89/><T86/><D7/><U62/><E55/><V133/><F37/><W111/><G111/><T106/><D106/><U124/><E124/><V49/><F120/><W63/><AGARI ba="0,0" hai="0,2,39,41,45,52,53,57,59,60,63" m="46089" machi="63" ten="30,2000,0" yaku="13,1,54,1" doraHai="87" who="3" fromWho="3" sc="340,-10,131,-5,339,-5,190,20" /><INIT seed="5,0,0,4,0,81" ten="330,126,334,210" oya="1" hai0="102,51,16,106,0,123,107,8,2,76,111,60,13" hai1="53,14,64,38,74,98,41,29,73,21,7,67,124" hai2="120,90,9,34,42,24,128,118,114,94,99,3,127" hai3="87,97,130,44,59,65,117,33,43,5,22,104,27"/><U54/><E124/><V122/><F118/><W70/><G130/><T20/><D111/><U71/><E71/><V52/><F42/><W131/><G131/><T109/><D109/><U77/><E98/><V23/><F34/><W30/><G5/><T100/><D60/><U101/><E101/><V134/><F134/><W55/><G22/><T6/><D76/><U57/><E77/><V45/><F114/><W95/><G65/><N who="1" m="25162" /><E74/><V4/><F127/><W49/><G70/><T35/><D35/><U32/><E73/><V31/><REACH who="2" step="1"/><F128/><REACH who="2" ten="330,126,324,210" step="2"/><W58/><G117/><T40/><D40/><U92/><E32/><V115/><F115/><W116/><G116/><T88/><D123/><U83/><E41/><V63/><F63/><W126/><G126/><T69/><D69/><U85/><E38/><V119/><F119/><W121/><G121/><T112/><D112/><U105/><E105/><V135/><F135/><W66/><G66/><T62/><D62/><U93/><E57/><V56/><F56/><W86/><G58/><T75/><D107/><U84/><E83/><V46/><F46/><W78/><G104/><T50/><D106/><U110/><E110/><V15/><F15/><W1/><G1/><T47/><D0/><U26/><E14/><V17/><F17/><W19/><G19/><T10/><D13/><U68/><E68/><V36/><F36/><W25/><G25/><T129/><D129/><U48/><E7/><V72/><F72/><W28/><G27/><T11/><D6/><U108/><E108/><V37/><F37/><W103/><G33/><T79/><D2/><RYUUKYOKU ba="0,1" sc="330,-10,126,-10,324,30,210,-10" hai2="3,4,9,23,24,31,45,52,90,94,99,120,122" /><INIT seed="6,1,1,1,5,102" ten="320,116,354,200" oya="2" hai0="93,83,74,3,59,86,132,56,42,101,37,35,84" hai1="135,98,0,71,50,118,121,43,114,12,22,88,78" hai2="105,6,113,122,61,129,82,77,120,41,29,87,23" hai3="5,67,26,95,75,125,133,104,40,55,10,73,8"/><V127/><F113/><W131/><G131/><T110/><D110/><U46/><E118/><V116/><F116/><W25/><G125/><T117/><D35/><U60/><E114/><V9/><F127/><W52/><G67/><T108/><D108/><U100/><E135/><V47/><F105/><W96/><G40/><T111/><D3/><U39/><E121/><V19/><F29/><W124/><G124/><T89/><D132/><U48/><E0/><V45/><F45/><W68/><G68/><T11/><D74/><U2/><E78/><V81/><F81/><W65/><G65/><T79/><D11/><U63/><E2/><V91/><F61/><W99/><G95/><T76/><D117/><U123/><E123/><V1/><F91/><W14/><G14/><T4/><D4/><U66/><E63/><V85/><F85/><W34/><G133/><T36/><D111/><U58/><E71/><V53/><F53/><W115/><G115/><T20/><D37/><U54/><E54/><V18/><F129/><W7/><REACH who="3" step="1"/><G34/><REACH who="3" ten="320,116,354,190" step="2"/><T30/><D42/><U49/><E12/><V109/><F109/><W31/><G31/><T97/><D30/><U57/><E57/><V72/><F122/><W32/><G32/><T62/><D59/><U92/><REACH who="1" step="1"/><E22/><REACH who="1" ten="320,106,354,190" step="2"/><V130/><F120/><W107/><AGARI ba="1,3" hai="5,7,8,10,25,26,52,55,73,75,96,99,104,107" machi="107" ten="25,16000,3" yaku="1,1,0,1,22,2,52,2,54,1,53,2" doraHai="102" doraHaiUra="103" who="3" fromWho="3" sc="320,-41,106,-41,354,-81,190,193" /><INIT seed="7,0,0,4,4,61" ten="279,65,273,383" oya="3" hai0="32,37,98,63,19,106,104,56,50,36,2,105,47" hai1="59,18,83,129,125,116,99,97,8,52,21,127,45" hai2="80,66,89,77,119,6,35,4,131,96,91,15,84" hai3="17,109,44,22,40,1,135,30,103,73,111,23,68"/><W70/><G73/><T43/><D32/><U101/><E129/><V93/><F119/><W0/><G30/><T13/><D2/><U34/><E34/><V118/><F118/><W27/><G103/><T107/><N who="0" m="26624" /><DORA hai="49" /><T60/><D98/><U71/><E71/><V48/><F35/><W108/><G23/><T95/><D95/><U28/><E116/><V120/><F131/><W88/><G88/><T11/><REACH who="0" step="1"/><D63/><REACH who="0" ten="269,65,273,383" step="2"/><U76/><E99/><V9/><F120/><W5/><G0/><T121/><D121/><U54/><E28/><V102/><F6/><W62/><G62/><T134/><D134/><U65/><E45/><V78/><F66/><AGARI ba="0,1" hai="11,13,19,36,37,43,47,50,56,60,66" m="26624" machi="66" ten="70,8000,1" yaku="1,1,52,1,53,1" doraHai="61,49" doraHaiUra="46,25" who="0" fromWho="2" sc="269,90,65,0,273,-80,383,0" owari="359,16.0,65,-43.0,193,-21.0,383,48.0" /></mjloggm>