<mjloggm ver="2.3"><GO type="41" lobby="0"/><UN n0="%74%73%75%63%68%69%6E%6F" n1="%E8%8A%B1%E9%87%8E" n2="%46%55%4B%55%50%49%4E" n3="%E2%93%9D%53%75%70%68%78" dan="14,15,15,18" rate="1807.30,2095.64,1953.68,2166.32" sx="M,F,M,M"/><TAIKYOKU oya="0"/><INIT seed="0,0,0,0,3,14" ten="250,250,250,250" oya="0" hai0="57,84,31,22,105,130,1,12,11,125,49,16,119" hai1="94,15,64,26,33,109,13,93,104,59,83,134,46" hai2="71,40,81,78,27,44,76,116,62,69,20,100,73" hai3="2,42,47,10,37,3,41,97,107,50,9,4,133"/><T118/><D105/><U0/><E0/><V54/><F116/><W38/><G133/><T19/><D130/><U108/><E104/><V124/><F100/><W29/><G29/><T72/><D72/><U82/><E134/><V36/><F76/><W127/><G127/><T70/><D70/><U6/><E46/><V131/><F124/><W8/><G50/><T120/><D31/><U110/><E33/><V52/><F131/><W88/><G4/><T122/><D1/><U45/><E45/><V43/><F43/><W5/><G5/><T132/><D132/><U101/><E26/><V68/><REACH who="2" step="1"/><F62/><REACH who="2" ten="250,250,240,250" step="2"/><W106/><G42/><T75/><D125/><U102/><E102/><V114/><F114/><W21/><G41/><T92/><D118/><U60/><E101/><V90/><F90/><W63/><G88/><N who="0" m="53255" /><D119/><U34/><E108/><V65/><F65/><W48/><G63/><T32/><D75/><U99/><E109/><V51/><F51/><W67/><G48/><T80/><D32/><U96/><E34/><V55/><F55/><W129/><G129/><T30/><D30/><AGARI ba="0,1" hai="20,27,30,36,40,44,52,54,68,69,71,73,78,81" machi="30" ten="40,2600,0" yaku="1,1,54,1,53,0" doraHai="14" doraHaiUra="123" who="2" fromWho="0" sc="250,-26,250,0,240,36,250,0" /><INIT seed="1,0,0,2,1,64" ten="224,250,276,250" oya="1" hai0="72,57,113,101,109,1,131,81,27,10,51,97,9" hai1="63,31,73,93,21,91,67,12,115,94,88,111,65" hai2="17,40,77,83,38,102,46,105,59,35,19,42,41" hai3="29,60,74,103,8,3,43,52,125,30,114,127,69"/><U87/><E115/><V79/><F35/><W78/><G114/><T28/><D109/><U120/><E111/><V108/><F108/><W16/><G43/><T22/><D131/><U33/><E120/><V130/><F130/><W112/><G103/><T99/><D99/><U34/><E73/><V82/><F102/><W0/><G78/><T104/><D1/><U61/><E12/><V117/><F105/><W98/><G98/><T45/><D57/><U119/><E21/><V106/><F106/><W129/><G74/><T25/><D81/><U118/><REACH who="1" step="1"/><E87/><REACH who="1" ten="224,240,276,250" step="2"/><V123/><F123/><W66/><G129/><T11/><D72/><U100/><E100/><V76/><F117/><W24/><G3/><T50/><D113/><U116/><E116/><V84/><F84/><W56/><G112/><T62/><D27/><U70/><E70/><V132/><F38/><W26/><G26/><T36/><D36/><U134/><E134/><V55/><F132/><W58/><G0/><T95/><D104/><U13/><E13/><V75/><F75/><W135/><G135/><T53/><D22/><U89/><E89/><V110/><F110/><W122/><G122/><T48/><D25/><U47/><E47/><V6/><F46/><W39/><G39/><T23/><D23/><U37/><E37/><V126/><F77/><W128/><G128/><T14/><D14/><U2/><E2/><V32/><F79/><W133/><G133/><T68/><D45/><U20/><E20/><V80/><F32/><N who="3" m="20519" /><G69/><T86/><D68/><U71/><E71/><V4/><F76/><W107/><G107/><RYUUKYOKU ba="0,1" sc="224,-10,240,30,276,-10,250,-10" hai1="31,33,34,61,63,65,67,88,91,93,94,118,119" /><INIT seed="1,1,1,3,5,29" ten="214,270,266,240" oya="1" hai0="109,81,107,31,77,52,112,134,66,61,126,6,18" hai1="110,135,119,94,46,19,131,85,102,22,23,92,79" hai2="60,117,68,91,76,65,62,17,113,36,71,99,82" hai3="129,128,103,51,56,4,21,42,125,49,75,45,90"/><U14/><E119/><V123/><F123/><W121/><G75/><T58/><D109/><U5/><E110/><V41/><F117/><W50/><G103/><T39/><D107/><U69/><E69/><V8/><F41/><W74/><G74/><T24/><D39/><U115/><E115/><V86/><F36/><W72/><G72/><T48/><D126/><U130/><E135/><V13/><F113/><W78/><G78/><T73/><D134/><U105/><E46/><V30/><F30/><W3/><G21/><T47/><D18/><U34/><E22/><V2/><F2/><W16/><G90/><T20/><D112/><U63/><E63/><V133/><F133/><W118/><G16/><T38/><D38/><U89/><E79/><V26/><F26/><W104/><G104/><T15/><D15/><U27/><E105/><V83/><F99/><W0/><G121/><T37/><D37/><U120/><E120/><V95/><F76/><W64/><G125/><T106/><D106/><U111/><E111/><V40/><F40/><W122/><G118/><T12/><D12/><U55/><E55/><V7/><F7/><W1/><G4/><T97/><D97/><N who="1" m="59687" /><E5/><V80/><REACH who="2" step="1"/><F83/><REACH who="2" ten="214,270,256,240" step="2"/><W114/><G122/><T43/><REACH who="0" step="1"/><D6/><REACH who="0" ten="204,270,256,240" step="2"/><U28/><E14/><V127/><F127/><W32/><G114/><T124/><D124/><U59/><E19/><V116/><F116/><W101/><G3/><T53/><AGARI ba="1,3" hai="20,24,31,43,47,48,52,53,58,61,66,73,77,81" machi="53" ten="30,4000,0" yaku="1,1,0,1,54,1,53,0" doraHai="29" doraHaiUra="96" who="0" fromWho="0" sc="204,73,270,-21,256,-11,240,-11" /><INIT seed="2,0,0,0,4,97" ten="277,249,245,229" oya="2" hai0="54,133,73,104,47,85,23,32,128,94,2,63,62" hai1="99,115,110,24,72,46,77,83,41,20,113,74,27" hai2="55,17,76,103,34,135,87,57,18,124,117,13,132" hai3="120,75,88,56,93,86,50,70,78,84,126,106,36"/><V130/><F117/><W12/><G70/><T48/><D104/><U81/><E110/><V10/><F34/><W31/><G36/><T26/><D2/><U1/><E1/><V91/><F76/><W67/><G126/><T0/><D0/><U49/><E24/><V101/><F124/><W43/><G75/><T89/><D128/><U35/><E35/><V121/><F130/><W40/><G106/><T30/><D73/><U45/><E45/><V116/><F116/><W98/><G120/><T53/><D133/><N who="2" m="51274" /><F17/><W33/><G31/><T105/><D105/><U29/><REACH who="1" step="1"/><E99/><REACH who="1" ten="277,239,245,229" step="2"/><V100/><F121/><W51/><G33/><T68/><D32/><U79/><AGARI ba="0,1" hai="20,27,29,41,46,49,72,74,77,79,81,83,113,115" machi="79" ten="30,7900,0" yaku="1,1,2,1,0,1,9,1,53,0" doraHai="97" doraHaiUra="7" who="1" fromWho="1" sc="277,-20,239,89,245,-39,229,-20" /><INIT seed="3,0,0,4,4,102" ten="257,328,206,209" oya="3" hai0="25,55,77,34,129,50,12,119,91,127,42,111,85" hai1="68,53,8,90,126,6,134,30,81,52,94,105,114" hai2="5,123,95,36,9,49,76,89,100,39,104,58,80" hai3="133,43,11,26,101,125,103,106,47,33,44,84,131"/><W72/><G72/><T74/><D111/><U67/><E114/><V0/><F123/><W20/><G33/><T54/><D127/><U66/><E126/><V75/><F49/><W16/><G125/><T17/><D74/><U62/><E134/><V14/><F58/><W132/><G131/><T83/><D119/><U10/><E105/><V57/><F57/><W88/><G11/><T99/><D25/><U1/><E30/><V73/><F73/><W71/><G71/><T118/><D34/><U65/><E81/><V23/><F23/><W130/><G130/><T60/><D60/><U115/><E115/><V116/><F0/><W122/><G122/><T92/><D118/><U22/><E8/><V21/><F21/><W86/><G86/><T110/><D110/><U19/><E65/><V32/><F32/><W37/><G47/><N who="0" m="25975" /><D129/><U3/><E66/><V2/><F2/><W59/><G59/><T112/><D112/><U96/><REACH who="1" step="1"/><E1/><REACH who="1" ten="257,318,206,209" step="2"/><V61/><F116/><W46/><G106/><T51/><D51/><U64/><E64/><V28/><F28/><W82/><REACH who="3" step="1"/><G46/><REACH who="3" ten="257,318,206,199" step="2"/><T124/><D124/><U41/><E41/><V69/><F104/><W4/><G4/><T38/><D38/><U108/><E108/><V35/><F69/><W31/><G31/><T107/><D107/><U7/><E7/><V117/><F5/><W109/><G109/><T135/><D135/><AGARI ba="0,2" hai="16,20,26,37,43,44,82,84,88,101,103,132,133,135" machi="135" ten="40,12000,1" yaku="1,1,20,1,54,2,53,0" doraHai="102" doraHaiUra="113" who="3" fromWho="0" sc="257,-120,318,0,206,0,199,140" /><INIT seed="3,1,0,3,0,84" ten="137,318,206,339" oya="3" hai0="25,116,19,101,133,109,83,131,94,27,96,46,112" hai1="123,122,23,28,39,130,35,99,2,54,81,44,0" hai2="85,62,110,42,69,78,10,14,45,31,29,77,97" hai3="68,58,82,119,95,11,6,126,79,125,108,57,118"/><W106/><G106/><T51/><D133/><U20/><E99/><V80/><F110/><W65/><G95/><T115/><D109/><U59/><E35/><V13/><F97/><W124/><G108/><T135/><D116/><N who="3" m="44585" /><G65/><T104/><D131/><U50/><E130/><V74/><F74/><N who="3" m="43383" /><G68/><T70/><D135/><U32/><E122/><V41/><F41/><W33/><G33/><T43/><D70/><U48/><E32/><V7/><F14/><AGARI ba="1,0" hai="6,11,14,57,58,124,125,126" m="43383,44585" machi="14" ten="40,2000,0" yaku="18,1" doraHai="84" who="3" fromWho="2" sc="137,0,318,0,206,-23,339,23" /><INIT seed="3,2,0,4,1,6" ten="137,318,183,362" oya="3" hai0="36,27,111,78,10,61,3,65,112,66,88,105,45" hai1="46,50,99,77,21,109,53,69,75,44,70,132,19" hai2="113,9,102,5,84,64,7,119,87,12,123,51,60" hai3="20,25,96,58,40,37,2,14,94,76,89,74,124"/><W15/><G2/><T54/><D111/><U125/><E109/><V41/><F113/><W117/><G117/><T57/><D105/><U86/><E75/><V67/><F119/><W115/><G115/><T95/><D112/><U29/><E125/><V91/><F102/><W35/><G35/><T114/><D78/><U97/><E132/><V85/><F123/><W110/><G124/><T13/><D3/><U43/><E29/><V17/><F91/><W18/><G110/><T130/><D27/><U48/><E69/><V22/><F22/><W128/><G128/><T31/><D31/><U129/><E70/><V106/><F106/><W122/><G122/><T32/><D32/><U56/><E129/><V26/><F26/><W39/><G40/><T100/><D100/><U24/><REACH who="1" step="1"/><E44/><REACH who="1" ten="137,308,183,362" step="2"/><V8/><F60/><W59/><G74/><T134/><D134/><U81/><AGARI ba="2,1" hai="19,21,24,43,46,48,50,53,56,77,81,86,97,99" machi="81" ten="30,7900,0" yaku="1,1,2,1,0,1,8,1,53,0" doraHai="6" doraHaiUra="121" who="1" fromWho="1" sc="137,-22,308,95,183,-22,362,-41" /><INIT seed="4,0,0,5,1,35" ten="115,403,161,321" oya="0" hai0="8,60,31,78,107,28,121,54,46,0,92,135,119" hai1="122,80,85,98,19,86,26,55,81,18,21,65,114" hai2="95,11,52,131,83,82,127,13,51,62,87,70,43" hai3="24,113,94,110,118,111,120,133,2,34,130,105,45"/><T76/><D121/><U68/><E122/><V90/><F131/><W84/><RYUUKYOKU type="yao9" ba="0,0" sc="115,0,403,0,161,0,321,0" hai3="2,24,34,45,84,94,105,110,111,113,118,120,130,133" /><INIT seed="4,1,0,4,5,36" ten="115,403,161,321" oya="0" hai0="122,52,21,72,102,133,98,103,89,65,5,83,67" hai1="34,62,30,29,113,9,68,96,26,97,19,10,60" hai2="44,88,91,33,114,47,35,38,3,73,40,57,132" hai3="28,130,127,116,99,50,56,95,120,12,11,112,76"/><T93/><D133/><U131/><E131/><V123/><F123/><W0/><G0/><T118/><D118/><U135/><E135/><V109/><F109/><W43/><G112/><T104/><D5/><U101/><E113/><V24/><F114/><W32/><G127/><T1/><D1/><U129/><E129/><V78/><F132/><W48/><G32/><T61/><D103/><U39/><E39/><V69/><F69/><W54/><G28/><N who="1" m="10858" /><E34/><V59/><F24/><W7/><G120/><T16/><D122/><U80/><E68/><V71/><F71/><W92/><G116/><T42/><D42/><U107/><E107/><V119/><F119/><W110/><G110/><T58/><D72/><U70/><E80/><V22/><F22/><W115/><G115/><T63/><D63/><N who="1" m="24107" /><E70/><V13/><F3/><W74/><G130/><T64/><D83/><U8/><E101/><V2/><F2/><W108/><G108/><T117/><D117/><U17/><E26/><V14/><F38/><W94/><G74/><T6/><D6/><U106/><E106/><V49/><F73/><W87/><G76/><T126/><D126/><U45/><E45/><V105/><F78/><W31/><G31/><T128/><D128/><U134/><E134/><V51/><F105/><W20/><G95/><T55/><D104/><U82/><E82/><V90/><F90/><W121/><G94/><T86/><D102/><U124/><E124/><V84/><F84/><W125/><G87/><T4/><D4/><U77/><E77/><V81/><F81/><W75/><G125/><T25/><D86/><RYUUKYOKU ba="1,0" sc="115,10,403,10,161,10,321,-30" hai0="16,21,25,52,55,58,61,64,65,67,89,93,98" hai1="8,9,10,17,19,96,97" hai2="13,14,33,35,40,44,47,49,51,57,59,88,91" /><INIT seed="4,2,0,3,4,25" ten="125,413,171,291" oya="0" hai0="91,4,27,128,119,9,23,84,1,57,135,18,79" hai1="108,126,48,123,99,101,10,5,61,83,28,19,96" hai2="40,26,88,2,38,54,51,77,104,127,112,106,125" hai3="100,20,70,43,75,55,50,37,58,35,95,21,80"/><T113/><D113/><U31/><E108/><V111/><F111/><W29/><G70/><T134/><D128/><U53/><E123/><V73/><F112/><W33/><G37/><T115/><D119/><U12/><E126/><V87/><F2/><W103/><G43/><T45/><D115/><U89/><E61/><V62/><F62/><W118/><G75/><T109/><D109/><U69/><E69/><V131/><F131/><W85/><G35/><T60/><D79/><U63/><E63/><V130/><F130/><W42/><G33/><T78/><D78/><U86/><E5/><V34/><F40/><W72/><G21/><T15/><D45/><N who="1" m="27791" /><E96/><V49/><F38/><W24/><G42/><T76/><D76/><U120/><E120/><V133/><F49/><W36/><G36/><T44/><D44/><U107/><AGARI ba="2,0" hai="10,12,19,28,31,83,86,89,99,101,107" m="27791" machi="107" ten="30,4000,0" yaku="25,1,52,2" doraHai="25" who="1" fromWho="1" sc="125,-22,413,46,171,-12,291,-12" /><INIT seed="5,0,0,5,3,42" ten="103,459,159,279" oya="1" hai0="41,85,66,98,0,103,22,51,28,15,67,60,127" hai1="101,50,116,56,57,9,64,14,20,133,132,105,25" hai2="44,113,82,19,121,16,58,10,29,87,40,123,78" hai3="126,53,100,125,106,69,39,55,3,26,118,95,84"/><U107/><E116/><V122/><F29/><W89/><G3/><T35/><D0/><U111/><E111/><V21/><F113/><W52/><G69/><T45/><D127/><N who="3" m="48649" /><G39/><T112/><D85/><U79/><E79/><V124/><F124/><W37/><G37/><T119/><D119/><U48/><E25/><V4/><F58/><W114/><G118/><T47/><D112/><U8/><E14/><V31/><F31/><W92/><G114/><T62/><D15/><U18/><E18/><V110/><F110/><W23/><G106/><T120/><D22/><U104/><E20/><V129/><F129/><W2/><G2/><T102/><D28/><U24/><E24/><V81/><F81/><N who="3" m="49295" /><G100/><T134/><D41/><U76/><E64/><V68/><F68/><W5/><G5/><T80/><D80/><U13/><E13/><N who="2" m="5319" /><F21/><W91/><G91/><T49/><D98/><U117/><E101/><V70/><F70/><W63/><G63/><T88/><D88/><U7/><E7/><V135/><F135/><N who="1" m="51785" /><E117/><V115/><F115/><W94/><G23/><T96/><D134/><U59/><E76/><V17/><F123/><W109/><G26/><T32/><REACH who="0" step="1"/><D96/><REACH who="0" ten="93,459,159,279" step="2"/><U77/><E77/><V11/><F11/><AGARI ba="0,1" hai="8,9,11,48,50,56,57,59,104,105,107" m="51785" machi="11" ten="40,7700,0" yaku="28,2,20,1" doraHai="42" who="1" fromWho="2" sc="93,0,459,87,159,-77,279,0" /><INIT seed="5,1,0,4,1,85" ten="93,546,82,279" oya="1" hai0="87,103,32,78,64,91,44,57,4,101,65,131,39" hai1="60,9,30,83,118,74,96,122,10,70,117,28,95" hai2="82,61,93,89,114,127,84,2,13,54,128,40,99" hai3="7,68,135,59,52,124,49,16,58,71,55,69,26"/><U92/><E122/><V88/><F2/><W111/><G7/><T86/><D32/><U43/><E43/><V106/><F106/><W27/><G111/><T115/><D115/><U126/><E126/><V37/><F114/><W121/><G121/><T134/><D4/><U17/><E74/><V133/><F40/><W129/><G129/><T113/><D113/><U90/><E83/><V98/><F37/><W130/><G130/><T6/><D6/><U109/><E109/><V20/><F128/><W35/><G135/><T31/><D131/><U120/><E120/><V5/><F133/><W47/><G124/><T105/><D134/><U48/><E48/><V108/><F108/><W33/><G47/><T62/><D31/><U110/><E110/><V45/><F127/><W19/><G71/><T15/><D15/><U97/><E70/><V123/><F123/><W104/><G49/><T116/><D44/><U76/><E76/><V14/><F99/><W29/><G29/><T94/><D39/><U119/><E60/><V22/><F13/><W1/><REACH who="3" step="1"/><G104/><REACH who="3" ten="93,546,82,269" step="2"/><T11/><D105/><U107/><E107/><V8/><F45/><W53/><G53/><T80/><D65/><U12/><E9/><V38/><F38/><W79/><G79/><T67/><D64/><U125/><E125/><V73/><F73/><W23/><G23/><T34/><D11/><U36/><E36/><V102/><F102/><W81/><G81/><T66/><D67/><U42/><E42/><V77/><F77/><W18/><G18/><T50/><D50/><U0/><E0/><AGARI ba="1,1" hai="0,1,16,19,26,27,33,35,52,55,58,59,68,69" machi="0" ten="25,8000,1" yaku="1,1,22,2,54,2,53,0" doraHai="85" doraHaiUra="75" who="3" fromWho="1" sc="93,0,546,-83,82,0,269,93" /><INIT seed="6,0,0,5,1,98" ten="93,463,82,362" oya="2" hai0="103,89,51,83,115,29,15,134,66,45,6,14,28" hai1="126,7,114,122,21,48,23,131,87,16,33,123,38" hai2="62,113,100,35,43,59,92,60,30,111,55,88,61" hai3="67,57,135,91,50,12,117,69,119,49,79,71,56"/><V109/><F113/><W82/><G12/><T74/><D134/><U40/><E114/><V118/><F118/><W110/><G91/><T84/><D74/><U68/><E33/><V17/><F43/><W75/><G82/><T24/><D66/><U108/><E108/><N who="2" m="41547" /><F17/><W78/><G110/><T130/><D130/><U94/><E131/><V93/><F35/><W127/><G67/><T20/><D29/><U39/><E68/><V4/><F4/><W18/><G18/><T46/><D46/><N who="1" m="25671" /><E7/><V102/><F30/><W125/><REACH who="3" step="1"/><G75/><REACH who="3" ten="93,463,82,352" step="2"/><T42/><D115/><U107/><E16/><V64/><F64/><W32/><G32/><T19/><D6/><U104/><E122/><V128/><F128/><W77/><G77/><T34/><REACH who="0" step="1"/><D15/><REACH who="0" ten="83,463,82,352" step="2"/><U95/><E123/><V25/><F25/><W121/><G121/><T0/><D0/><U26/><E26/><V99/><F93/><W58/><G58/><T41/><D41/><U10/><E94/><V97/><F97/><W80/><G80/><T13/><D13/><U120/><E95/><V129/><F129/><W5/><G5/><T106/><D106/><U37/><E104/><V81/><F81/><W96/><G96/><T31/><D31/><U27/><E27/><V53/><F59/><W132/><AGARI ba="0,2" hai="49,50,56,57,69,71,78,79,117,119,125,127,132,135" machi="132" ten="25,12000,2" yaku="1,1,0,1,22,2,53,2" doraHai="98" doraHaiUra="72" who="3" fromWho="3" sc="83,-30,463,-30,82,-60,352,140" /><INIT seed="7,0,0,3,4,134" ten="53,433,22,492" oya="3" hai0="28,8,12,118,18,45,20,60,69,52,42,5,39" hai1="94,68,19,132,100,101,119,117,104,26,13,112,2" hai2="89,86,9,24,130,15,72,108,105,85,61,14,120" hai3="83,77,97,55,30,90,95,129,51,91,31,63,114"/><W78/><G114/><T25/><D118/><N who="1" m="45067" /><E112/><V56/><F108/><W96/><G129/><T29/><D69/><U62/><E13/><V43/><F130/><W98/><G63/><T54/><D60/><U32/><E100/><V76/><F105/><W80/><G95/><T58/><D58/><U50/><E94/><V36/><F72/><W71/><G71/><T66/><D66/><N who="1" m="41047" /><E50/><V127/><F120/><W84/><G91/><T11/><D29/><N who="3" m="10761" /><G83/><T23/><D23/><N who="1" m="13695" /><E2/><AGARI ba="0,0" hai="2,5,8,11,12,18,20,25,28,39,42,45,52,54" machi="2" ten="30,2000,0" yaku="7,1,54,1" doraHai="134" who="0" fromWho="1" sc="53,20,433,-20,22,0,492,0" owari="73,-33.0,413,21.0,22,-48.0,492,60.0" /></mjloggm>