<mjloggm ver="2.3"><GO type="41" lobby="0"/><UN n0="%E2%93%9D%53%75%70%68%78" n1="%6A%6F%69%68" n2="%E3%81%A1%E3%82%87%E3%81%93%E3%81%93%E3%82%8D%E3%81%AD" n3="%E6%99%A8%E6%98%8F%E5%B0%8D%E5%B3%99" dan="18,14,15,14" rate="2109.41,1818.69,2034.38,1941.38" sx="M,M,F,M"/><TAIKYOKU oya="0"/><INIT seed="0,0,0,2,1,67" ten="250,250,250,250" oya="0" hai0="36,95,132,47,75,60,113,27,12,110,81,112,56" hai1="37,114,109,97,76,84,68,111,128,23,31,30,123" hai2="92,58,102,38,39,8,77,78,1,82,104,88,16" hai3="69,90,41,61,73,18,120,103,6,11,80,93,55"/><T100/><D132/><U29/><E37/><V122/><F122/><W133/><G133/><T129/><D129/><U96/><E23/><V49/><F1/><W40/><G103/><T106/><D106/><U24/><E24/><V28/><F28/><W25/><G120/><T101/><D110/><U83/><E123/><V46/><F58/><N who="3" m="35039" /><G69/><T32/><D12/><U127/><E128/><V35/><F35/><W125/><G73/><T70/><D101/><U10/><E10/><V20/><F8/><W119/><G80/><T131/><D131/><U116/><E116/><V43/><F104/><W66/><G66/><T4/><D81/><U3/><E3/><V105/><F105/><W57/><G57/><T74/><D74/><U86/><E68/><V45/><F102/><W50/><G125/><T126/><D75/><U22/><E127/><V53/><F39/><W117/><G6/><T63/><D4/><U44/><E83/><V14/><REACH who="2" step="1"/><F82/><REACH who="2" ten="250,250,240,250" step="2"/><W19/><G117/><T65/><D126/><U17/><E111/><V85/><AGARI ba="0,1" hai="14,16,20,38,43,45,46,49,53,77,78,85,88,92" machi="85" ten="20,12000,2" yaku="1,1,2,1,0,1,7,1,54,2,53,0" doraHai="67" doraHaiUra="124" who="2" fromWho="2" sc="250,-60,250,-30,240,130,250,-30" /><INIT seed="1,0,0,1,0,62" ten="190,220,370,220" oya="1" hai0="70,98,22,19,1,45,127,25,76,58,131,71,92" hai1="121,120,85,129,117,51,46,86,48,13,78,107,4" hai2="99,89,64,115,15,34,96,7,50,103,61,63,123" hai3="67,30,27,12,49,54,66,40,135,74,133,105,130"/><U108/><E107/><V31/><F123/><W24/><G105/><T52/><D131/><U91/><E117/><V57/><F115/><W112/><G74/><T116/><D116/><U37/><E37/><V0/><F0/><W47/><G112/><T88/><D127/><U81/><E51/><V75/><F75/><W16/><G130/><T73/><D1/><U126/><E126/><V134/><F134/><N who="3" m="51211" /><G40/><T56/><D56/><U79/><E79/><V97/><F50/><W44/><G44/><T5/><D5/><U77/><E77/><V69/><F89/><W95/><G95/><T6/><D6/><U41/><E129/><V104/><F15/><W9/><G27/><T114/><D45/><U43/><E43/><V83/><F83/><W93/><G93/><T17/><D114/><U109/><E13/><V53/><REACH who="2" step="1"/><F7/><REACH who="2" ten="190,220,360,220" step="2"/><W106/><G106/><T59/><D73/><U39/><E4/><V90/><F90/><W113/><G113/><T3/><D76/><U60/><E48/><V110/><F110/><N who="1" m="42601" /><E60/><V8/><F8/><W122/><G122/><T11/><D3/><U20/><E91/><V32/><F32/><AGARI ba="0,1" hai="9,12,16,24,30,32,47,49,54,66,67" m="51211" machi="32" ten="30,7700,0" yaku="20,1,52,2,54,1" doraHai="62" who="3" fromWho="2" sc="190,0,220,0,360,-77,220,87" /><INIT seed="2,0,0,1,1,91" ten="190,220,283,307" oya="2" hai0="49,7,4,73,5,59,21,100,10,25,20,128,2" hai1="135,54,41,0,78,39,95,72,79,65,88,134,90" hai2="127,115,82,69,50,64,33,121,68,125,129,22,12" hai3="61,48,97,84,46,67,40,17,18,58,53,3,113"/><V51/><F115/><W63/><G3/><T36/><D73/><U52/><E0/><V87/><F121/><W89/><G113/><T107/><D36/><U86/><E65/><V66/><F33/><W34/><G34/><T131/><D100/><U23/><E23/><N who="0" m="8777" /><D59/><U104/><E104/><V108/><F12/><W29/><G29/><T118/><D49/><N who="2" m="18442" /><F22/><W85/><G97/><T114/><D107/><U76/><E72/><V119/><F119/><W28/><G28/><T106/><D106/><U6/><E6/><N who="0" m="2089" /><D114/><U42/><E39/><V80/><F129/><N who="0" m="49738" /><D118/><U16/><E78/><V96/><F96/><W19/><G89/><T71/><D71/><N who="2" m="27210" /><F108/><W92/><G67/><N who="2" m="25641" /><F87/><N who="3" m="33355" /><G63/><T26/><AGARI ba="0,0" hai="2,5,10,25,26" m="49738,2089,8777" machi="26" ten="40,5200,0" yaku="19,1,34,2" doraHai="91" who="0" fromWho="0" sc="190,52,220,-13,283,-26,307,-13" /><INIT seed="3,0,0,4,3,46" ten="242,207,257,294" oya="3" hai0="59,72,103,84,14,27,99,4,115,83,88,86,125" hai1="55,12,66,73,76,17,134,60,89,133,107,49,8" hai2="120,42,52,37,61,123,38,54,117,132,30,22,35" hai3="121,68,104,130,111,64,96,91,25,129,95,114,31"/><W50/><G121/><N who="2" m="46665" /><F117/><W45/><G114/><T90/><D125/><U16/><E107/><V19/><F132/><W40/><G104/><T56/><D72/><U82/><E134/><V39/><F42/><W109/><G64/><T100/><D115/><U15/><E133/><V101/><F101/><W2/><G2/><T102/><D27/><U113/><E113/><V6/><F6/><W10/><G10/><N who="0" m="4423" /><D99/><U92/><E66/><V1/><F1/><W44/><G44/><T63/><D63/><U118/><E118/><V34/><F30/><W128/><REACH who="3" step="1"/><G68/><REACH who="3" ten="242,207,257,284" step="2"/><T28/><D28/><U74/><E8/><V78/><F37/><W135/><G135/><T51/><D59/><U105/><E105/><V94/><F38/><W13/><G13/><T110/><D110/><U85/><E15/><V36/><F39/><W11/><G11/><T93/><D56/><U48/><E12/><V43/><F36/><W70/><G70/><T81/><D93/><U47/><E47/><V29/><F94/><W21/><AGARI ba="0,1" hai="21,25,31,40,45,50,91,95,96,109,111,128,129,130" machi="21" ten="40,12000,1" yaku="1,1,0,1,19,1,52,1,53,0" doraHai="46" doraHaiUra="3" who="3" fromWho="3" sc="242,-40,207,-40,257,-40,284,130" /><INIT seed="3,1,0,4,2,38" ten="202,167,217,414" oya="3" hai0="94,1,111,127,128,60,101,25,119,112,52,105,123" hai1="56,26,27,114,37,82,42,77,72,106,131,45,124" hai2="107,132,35,47,64,109,84,118,33,21,30,40,36" hai3="88,67,71,11,74,76,5,93,14,63,4,16,115"/><W98/><REACH who="3" step="1"/><G115/><REACH who="3" ten="202,167,217,404" step="2"/><T2/><D112/><U54/><E114/><V113/><F113/><RYUUKYOKU type="kaze4" ba="1,1" sc="202,0,167,0,217,0,404,0" /><INIT seed="3,2,1,2,3,63" ten="202,167,217,404" oya="3" hai0="59,113,5,82,44,28,116,122,41,104,43,71,39" hai1="127,19,47,79,97,32,98,57,77,129,95,76,18" hai2="112,128,1,66,75,115,34,94,15,93,11,109,125" hai3="85,50,96,53,119,114,78,65,105,35,90,132,30"/><W67/><G119/><T131/><D104/><U29/><E32/><V130/><F109/><W69/><G114/><N who="2" m="43561" /><F75/><W68/><G132/><T70/><D5/><U123/><E29/><V58/><F1/><W25/><G78/><T72/><D82/><U91/><E77/><V73/><F73/><W51/><G51/><T99/><D99/><U13/><E79/><V12/><F34/><W38/><G38/><T100/><D100/><U124/><E76/><V84/><F84/><W54/><G54/><T36/><D28/><U60/><E98/><V0/><F0/><W92/><G68/><T22/><D72/><U86/><E97/><V42/><F42/><W133/><G69/><T33/><D71/><U117/><E86/><V110/><F110/><W106/><G133/><T21/><D70/><U26/><E117/><V3/><F3/><W135/><G135/><T87/><D33/><U8/><E95/><V14/><F11/><W4/><G4/><T121/><D113/><U23/><E8/><V101/><F101/><W45/><REACH who="3" step="1"/><G85/><REACH who="3" ten="202,167,217,394" step="2"/><T9/><D116/><U37/><E37/><V20/><F125/><W27/><G27/><T31/><D39/><U64/><E127/><V46/><F46/><W107/><AGARI ba="2,2" hai="25,30,35,45,50,53,65,67,90,92,96,105,106,107" machi="107" ten="30,11700,0" yaku="1,1,0,1,52,2,53,0" doraHai="63" doraHaiUra="2" who="3" fromWho="3" sc="202,-41,167,-41,217,-41,394,143" /><INIT seed="3,3,0,2,2,98" ten="161,126,176,537" oya="3" hai0="111,10,40,13,83,123,118,126,97,89,1,112,42" hai1="0,84,6,103,100,34,130,85,107,132,53,65,35" hai2="38,28,39,135,14,76,122,19,48,108,72,125,47" hai3="59,46,113,62,133,90,29,4,94,70,21,11,74"/><W20/><G70/><T41/><D118/><U25/><E53/><V81/><F108/><W15/><G74/><T96/><D123/><U104/><E65/><V3/><F3/><W69/><G69/><T92/><D126/><U2/><E25/><V64/><F125/><W95/><G133/><T7/><D111/><U73/><E6/><V8/><F135/><W37/><G113/><T134/><D134/><U67/><E67/><V131/><F131/><W110/><G110/><T114/><D83/><U117/><E132/><V5/><F122/><W33/><G33/><T18/><REACH who="0" step="1"/><D97/><REACH who="0" ten="151,126,176,537" step="2"/><U87/><E117/><V17/><F28/><W79/><G29/><T22/><AGARI ba="3,1" hai="1,7,10,13,18,22,40,41,42,89,92,96,112,114" machi="22" ten="30,7900,0" yaku="1,1,2,1,0,1,53,1" doraHai="98" doraHaiUra="93" who="0" fromWho="0" sc="151,98,126,-23,176,-23,537,-42" /><INIT seed="4,0,0,3,3,129" ten="249,103,153,495" oya="0" hai0="100,78,20,7,127,80,65,112,106,109,50,121,48" hai1="132,117,71,8,105,19,120,45,70,26,96,72,111" hai2="69,40,108,63,128,36,16,43,28,122,2,126,10" hai3="3,62,97,9,115,135,84,46,64,35,124,11,77"/><T52/><D121/><U102/><E19/><V93/><F122/><W44/><G124/><T54/><D112/><U58/><E58/><V66/><F108/><W0/><G35/><T17/><D109/><U116/><E120/><V118/><F128/><W15/><G115/><T110/><D106/><U123/><E123/><V91/><F126/><W21/><G97/><T85/><D110/><U14/><E111/><V57/><F118/><W94/><G0/><T18/><D65/><U68/><E14/><N who="2" m="7255" /><F2/><W41/><G3/><T107/><D107/><U59/><E70/><V37/><F69/><W12/><G135/><T27/><D7/><U134/><E71/><V39/><F39/><W53/><G21/><T86/><D100/><U42/><E68/><V95/><F37/><W61/><G53/><N who="0" m="20587" /><D127/><U24/><E117/><V6/><F36/><W29/><G64/><T125/><D125/><U101/><E116/><V133/><F133/><W73/><G73/><T5/><D5/><U67/><E72/><V75/><F75/><W32/><G32/><T55/><D50/><U119/><E119/><V83/><F6/><N who="3" m="3127" /><G29/><N who="0" m="17639" /><D86/><U82/><E134/><V4/><F28/><W25/><G25/><T74/><D74/><U87/><E132/><V30/><F30/><W99/><G84/><T130/><D130/><U114/><E114/><V88/><F4/><N who="3" m="3559" /><G41/><N who="2" m="15945" /><F83/><W1/><G1/><T34/><D34/><U76/><E82/><V22/><F22/><W49/><G49/><T31/><D31/><U60/><E105/><V92/><AGARI ba="0,0" hai="57,63,66,88,91,92,93,95" m="15945,7255" machi="92" ten="30,4000,0" yaku="8,1,54,2" doraHai="129" who="2" fromWho="2" sc="249,-20,103,-10,153,40,495,-10" /><INIT seed="5,0,0,0,1,68" ten="229,93,193,485" oya="1" hai0="109,66,17,78,23,117,88,97,79,51,38,116,127" hai1="99,25,72,9,21,6,35,83,114,59,135,93,43" hai2="124,50,80,76,61,111,15,130,100,55,32,91,126" hai3="98,24,11,134,48,112,56,104,102,73,113,5,33"/><U49/><E35/><V95/><F32/><W54/><G73/><T115/><D109/><U94/><E114/><N who="3" m="44138" /><G134/><T28/><D127/><N who="2" m="48682" /><F111/><W2/><G33/><T125/><D38/><U64/><E135/><V10/><F130/><W106/><G24/><T1/><D1/><U30/><E72/><N who="2" m="43015" /><F100/><W39/><G39/><T57/><D117/><U81/><E93/><AGARI ba="0,0" hai="2,5,11,48,54,56,93,98,102,104,106" m="44138" machi="93" ten="30,1000,0" yaku="15,1" doraHai="68" who="3" fromWho="1" sc="229,0,93,-10,193,0,485,10" /><INIT seed="6,0,0,3,1,13" ten="229,83,193,495" oya="2" hai0="41,3,69,112,47,115,101,80,50,116,76,86,77" hai1="4,122,53,120,0,44,130,40,23,26,46,117,107" hai2="73,60,34,21,94,39,89,68,9,88,105,14,75" hai3="55,62,72,45,126,81,67,48,32,52,49,123,114"/><V109/><F105/><W36/><G32/><T95/><D69/><U6/><E107/><V51/><F39/><W18/><G123/><T58/><D3/><U38/><E117/><V8/><F34/><W83/><G72/><T19/><D116/><U121/><E0/><V102/><F109/><W91/><G126/><T97/><D58/><U99/><E99/><N who="2" m="59767" /><F73/><W113/><G36/><T110/><D110/><U5/><E130/><V106/><F106/><W78/><G91/><N who="2" m="34889" /><F75/><W12/><G78/><T125/><D125/><U87/><E87/><V54/><F68/><N who="3" m="42103" /><G49/><T98/><D77/><U124/><E124/><V100/><F100/><W16/><G55/><T10/><D98/><U108/><E108/><V119/><F119/><W35/><G35/><T1/><D1/><U63/><E38/><V135/><F135/><W127/><G127/><T85/><D85/><U103/><E103/><V104/><F104/><W71/><G71/><T7/><D7/><U79/><E79/><V84/><F84/><W118/><G118/><T25/><D101/><U64/><E40/><V2/><F2/><W15/><G81/><T31/><D97/><U92/><E92/><V96/><F96/><W131/><G83/><T56/><D95/><U93/><E93/><V70/><F70/><W65/><G131/><T57/><D80/><U66/><E120/><V129/><F129/><W27/><G65/><T33/><D86/><U43/><E122/><V30/><F60/><W61/><G61/><T132/><D76/><U20/><E121/><V17/><F30/><W24/><G48/><T59/><D132/><RYUUKYOKU ba="0,0" sc="229,15,83,-15,193,15,495,-15" hai0="10,19,25,31,33,41,47,50,56,57,59,112,115" hai2="8,9,14,17,21,51,54" /><INIT seed="6,1,0,0,5,131" ten="244,68,208,480" oya="2" hai0="35,59,43,22,75,122,77,36,39,82,85,89,128" hai1="81,116,10,108,17,34,26,9,135,52,107,109,33" hai2="49,47,111,62,83,110,123,134,8,27,117,45,72" hai3="127,125,84,16,97,120,100,104,113,46,5,68,71"/><V129/><F123/><W92/><G120/><T133/><D35/><U57/><E107/><V7/><F117/><W119/><G119/><T91/><D122/><U94/><E116/><V6/><F129/><W4/><G46/><T88/><D128/><U86/><E34/><V65/><F27/><W30/><G30/><T132/><D59/><U37/><E33/><V58/><F134/><N who="0" m="51818" /><D43/><U93/><E135/><V114/><F114/><W42/><G42/><T118/><D118/><U60/><E109/><N who="2" m="41483" /><F49/><W98/><G113/><T24/><D75/><U32/><E108/><V31/><F31/><AGARI ba="1,0" hai="22,24,31,36,39,77,82,85,88,89,91" m="51818" machi="31" ten="30,8000,1" yaku="20,1,52,3,54,1" doraHai="131" who="0" fromWho="2" sc="244,83,68,0,208,-83,480,0" /><INIT seed="7,0,0,0,4,105" ten="327,68,125,480" oya="3" hai0="112,47,23,72,113,10,104,31,93,71,129,37,61" hai1="132,75,77,49,43,131,91,95,51,121,57,42,27" hai2="17,120,39,35,11,89,53,26,82,64,3,59,12" hai3="115,69,117,36,29,70,74,13,124,45,103,2,87"/><W99/><G13/><T116/><D104/><U107/><E121/><V130/><F130/><W135/><G87/><T86/><D116/><U76/><E131/><V8/><F120/><W1/><G29/><T21/><D129/><U66/><E107/><V18/><F39/><W94/><G74/><T65/><D10/><U46/><E132/><V106/><F106/><N who="3" m="63871" /><G117/><T80/><D93/><U85/><E75/><V5/><F64/><W114/><G135/><T24/><D23/><U84/><E27/><V58/><F35/><W79/><G79/><T134/><D134/><U88/><E66/><V6/><F26/><W15/><G15/><T73/><D37/><U50/><E57/><V126/><F126/><W62/><G94/><T32/><D47/><U108/><E108/><V60/><REACH who="2" step="1"/><F58/><REACH who="2" ten="327,68,115,480" step="2"/><W78/><G124/><T96/><D32/><U81/><E50/><V48/><F48/><W38/><G45/><AGARI ba="0,1" hai="42,43,45,46,49,51,76,77,81,84,85,88,91,95" machi="45" ten="40,5200,0" yaku="9,1,8,1,54,1" doraHai="105" who="1" fromWho="3" sc="327,0,68,62,115,0,480,-52" owari="327,13.0,130,-27.0,115,-38.0,428,52.0" /></mjloggm>