<mjloggm ver="2.3"><GO type="41" lobby="0"/><UN n0="%73%74%61%72%6B" n1="%E3%82%8D%E3%82%93%E3%81%A9%E3%82%93%E3%81%AE%E3%81%84%E3%81%AC" n2="%44%6F%7A%62%61%62%6F" n3="%E2%93%9D%53%75%70%68%78" dan="14,14,15,17" rate="1980.02,1930.69,2104.42,2064.81" sx="M,M,F,M"/><TAIKYOKU oya="0"/><INIT seed="0,0,0,4,4,95" ten="250,250,250,250" oya="0" hai0="58,0,96,18,77,9,20,93,55,34,76,57,28" hai1="40,30,63,113,104,35,130,67,37,100,71,13,8" hai2="123,3,128,56,36,108,68,90,73,115,52,41,79" hai3="60,47,10,7,29,17,80,97,116,75,38,2,105"/><T118/><D118/><U4/><E113/><V6/><F115/><W5/><G5/><T51/><D58/><U133/><E133/><V31/><F123/><W135/><G17/><T91/><D34/><U106/><E130/><V70/><F128/><W33/><G60/><T50/><D28/><U126/><E126/><V111/><F31/><W15/><G15/><T122/><D122/><U124/><E124/><V25/><F25/><N who="3" m="18607" /><G135/><T46/><D0/><U131/><E131/><V94/><F73/><W114/><G114/><T44/><D9/><U103/><E103/><V14/><F79/><N who="3" m="44159" /><G116/><T19/><D57/><U81/><E81/><V49/><F3/><W12/><G12/><T117/><D117/><U54/><E54/><V127/><F127/><W42/><G97/><T1/><D1/><U83/><E83/><V134/><F134/><W39/><G105/><T65/><D65/><U69/><E69/><V102/><F102/><W129/><G129/><T120/><D120/><U26/><E100/><V43/><F6/><W78/><G78/><N who="0" m="30315" /><D20/><U82/><E82/><V53/><F53/><AGARI ba="0,0" hai="18,19,44,46,50,51,53,55,91,93,96" m="30315" machi="53" ten="30,2900,0" yaku="8,1,52,1" doraHai="95" who="0" fromWho="2" sc="250,29,250,0,250,-29,250,0" /><INIT seed="0,1,0,5,1,103" ten="279,250,221,250" oya="0" hai0="108,107,46,114,52,6,42,23,47,40,76,68,93" hai1="116,5,83,100,115,61,16,129,84,21,102,57,58" hai2="124,88,91,112,128,109,94,10,37,34,17,48,123" hai3="11,3,135,15,127,27,122,19,97,70,86,125,77"/><T1/><D107/><U26/><E116/><V121/><F112/><W32/><G70/><T133/><D76/><U65/><E115/><V20/><F109/><W90/><G77/><T2/><D114/><U82/><E5/><V72/><F124/><N who="3" m="47691" /><G97/><T28/><D68/><U104/><E104/><V9/><F128/><W126/><N who="3" m="47699" /><W18/><DORA hai="8" /><G90/><T117/><D117/><U98/><E98/><V80/><F37/><W64/><G86/><T14/><D108/><U110/><E110/><V101/><F34/><W24/><G64/><T22/><D133/><U55/><E129/><V71/><F71/><W66/><G66/><T50/><D93/><U13/><E26/><N who="3" m="9770" /><G122/><T33/><D33/><U75/><E83/><V99/><F121/><W53/><G53/><T41/><D28/><U106/><E106/><V35/><F35/><W12/><G32/><T39/><D2/><U60/><REACH who="1" step="1"/><E75/><REACH who="1" ten="279,240,221,250" step="2"/><V120/><F72/><W79/><G135/><T4/><D4/><U38/><E38/><V95/><F120/><W30/><G3/><T69/><D1/><U132/><E132/><V56/><F123/><W73/><G73/><T44/><D6/><U134/><E134/><V51/><F80/><W78/><G30/><T45/><D69/><U85/><E85/><V113/><F113/><W118/><G118/><T81/><D81/><U62/><E62/><V49/><F101/><W92/><G92/><T63/><D63/><U7/><E7/><V74/><F74/><W43/><G43/><T0/><D39/><U131/><E131/><V87/><F56/><W119/><G119/><RYUUKYOKU ba="1,1" sc="279,-30,240,10,221,10,250,10" hai1="13,16,21,55,57,58,60,61,65,82,84,100,102" hai2="9,10,17,20,48,49,51,87,88,91,94,95,99" hai3="11,12,15,18,19,78,79" /><INIT seed="1,2,1,1,3,63" ten="249,250,231,260" oya="1" hai0="107,126,23,32,127,93,39,75,108,56,51,54,121" hai1="89,20,22,35,10,50,91,125,46,38,69,30,129" hai2="112,98,58,6,49,64,105,85,117,52,59,114,103" hai3="34,106,78,74,8,68,7,24,0,122,40,48,113"/><U17/><E38/><V37/><F117/><W65/><G48/><T87/><D107/><U132/><E125/><V100/><F37/><W67/><G68/><T120/><D32/><U119/><E119/><V5/><F85/><W134/><G122/><N who="0" m="47211" /><D75/><U135/><E69/><V25/><F103/><W28/><G113/><N who="2" m="43625" /><F25/><W43/><G134/><N who="1" m="51242" /><E129/><V41/><F41/><W45/><G106/><T16/><D39/><U97/><E97/><V86/><F86/><W21/><G34/><T94/><D108/><U118/><E118/><V104/><F104/><W57/><G57/><T19/><D19/><U4/><E30/><V88/><F88/><N who="1" m="33865" /><E35/><V96/><F96/><W82/><REACH who="3" step="1"/><G40/><REACH who="3" ten="249,250,231,250" step="2"/><T102/><D127/><U13/><E4/><N who="2" m="1643" /><F59/><W111/><G111/><T124/><D126/><U109/><E109/><V62/><F49/><W36/><AGARI ba="2,2" hai="0,7,8,21,24,28,36,43,45,65,67,74,78,82" machi="36" ten="20,16000,3" yaku="1,1,0,1,7,1,25,2,52,2,53,1" doraHai="63" doraHaiUra="2" who="3" fromWho="3" sc="249,-42,250,-82,231,-42,250,186" /><INIT seed="2,0,0,1,3,38" ten="207,168,189,436" oya="2" hai0="87,45,11,42,135,80,98,60,132,67,122,0,62" hai1="48,30,8,13,120,22,20,109,89,129,127,114,31" hai2="101,126,107,78,65,26,19,55,36,66,3,112,91" hai3="41,64,75,103,52,46,123,79,57,100,86,18,72"/><V35/><F112/><W119/><G123/><T40/><D122/><U53/><E120/><V71/><F126/><W131/><G119/><T106/><D98/><U133/><E114/><V44/><F3/><W81/><G64/><T47/><D106/><U124/><E89/><V74/><F74/><W125/><G131/><T92/><D92/><U32/><E109/><V43/><F78/><W95/><G125/><N who="1" m="48202" /><E48/><V85/><F71/><W27/><G75/><T7/><D47/><U84/><E84/><V117/><F117/><W105/><G105/><T70/><D62/><U17/><E53/><V134/><F134/><N who="0" m="51242" /><D45/><U5/><E133/><V37/><F37/><W94/><G72/><T33/><D33/><U82/><E82/><V90/><F107/><W116/><G95/><T63/><D63/><U113/><E113/><V15/><F101/><W6/><G94/><T77/><AGARI ba="0,0" hai="0,7,11,40,42,60,67,70,77,80,87" m="51242" machi="77" ten="30,4000,0" yaku="20,1,52,2" doraHai="38" who="0" fromWho="0" sc="207,40,168,-10,189,-20,436,-10" /><INIT seed="3,0,0,3,5,129" ten="247,158,169,426" oya="3" hai0="73,115,61,15,96,93,50,110,114,78,11,40,41" hai1="109,68,37,135,123,108,92,39,2,124,42,111,69" hai2="107,5,31,104,117,30,80,125,60,71,91,6,121" hai3="77,53,126,103,118,64,113,63,9,45,122,116,105"/><W51/><G77/><T55/><D110/><U12/><E12/><V32/><F117/><W47/><G103/><T120/><D120/><U86/><E123/><V100/><F121/><W27/><G105/><T88/><D61/><U38/><E92/><V87/><F125/><W130/><G27/><T84/><D73/><U99/><E86/><V106/><F100/><W10/><G122/><T79/><D115/><U95/><E99/><V24/><F31/><W81/><G81/><T25/><D25/><U0/><E95/><V22/><F32/><W19/><G19/><T13/><D114/><U54/><E54/><V49/><F49/><W7/><G9/><T35/><D35/><U112/><E42/><V128/><F128/><W85/><G85/><T36/><D36/><U34/><E112/><V3/><F3/><N who="1" m="1065" /><E34/><V14/><F14/><W102/><G130/><T72/><D72/><U18/><E18/><V131/><F131/><W17/><G17/><T59/><D13/><U56/><E56/><V65/><AGARI ba="0,0" hai="5,6,22,24,30,60,65,71,80,87,91,104,106,107" machi="65" ten="40,1500,0" yaku="0,1" doraHai="129" who="2" fromWho="2" sc="247,-4,158,-4,169,15,426,-7" /><INIT seed="4,0,0,0,3,5" ten="243,154,184,419" oya="0" hai0="59,4,35,125,23,19,124,71,45,72,8,56,109" hai1="131,84,91,64,37,49,34,48,89,51,30,115,111" hai2="75,24,106,107,9,102,113,87,82,99,127,100,92" hai3="18,88,43,112,104,68,114,133,121,73,52,98,61"/><T67/><D72/><U76/><E111/><V103/><F24/><W78/><G43/><T13/><D35/><U116/><E116/><V2/><F9/><W122/><G133/><T46/><D71/><U7/><E37/><V65/><F65/><N who="3" m="41007" /><G18/><T3/><D109/><U134/><E134/><V55/><F55/><W14/><G14/><T70/><D70/><U108/><E108/><V41/><F41/><W66/><G66/><T129/><D129/><U44/><E131/><V117/><F2/><W83/><G52/><T21/><D21/><U130/><E130/><V50/><F50/><W79/><G79/><T105/><D105/><N who="2" m="39946" /><F117/><W47/><G47/><N who="0" m="17931" /><D67/><U74/><E44/><V135/><F135/><W36/><G36/><T86/><D86/><U27/><E64/><V11/><F11/><W1/><G1/><T12/><D3/><U90/><E115/><N who="3" m="44074" /><G104/><T95/><D95/><AGARI ba="0,0" hai="73,78,83,88,95,98,121,122" m="44074,41007" machi="95" ten="30,2000,0" yaku="15,1,54,1" doraHai="5" who="3" fromWho="0" sc="243,-20,154,0,184,0,419,20" /><INIT seed="5,0,0,2,0,37" ten="223,154,184,439" oya="1" hai0="108,60,95,103,52,42,117,30,123,44,27,67,121" hai1="53,96,113,77,83,11,89,26,43,40,24,9,49" hai2="105,5,124,133,55,114,1,110,2,35,88,56,39" hai3="90,122,102,65,6,109,3,107,15,22,46,20,18"/><U94/><E113/><V47/><F114/><W8/><G109/><T58/><D108/><U23/><E83/><V76/><F110/><W93/><G122/><T64/><D117/><U4/><E77/><V14/><F133/><W134/><G134/><T33/><D103/><U92/><E94/><V69/><F124/><W104/><G102/><T66/><REACH who="0" step="1"/><D95/><REACH who="0" ten="213,154,184,439" step="2"/><U51/><E51/><AGARI ba="0,1" hai="27,30,33,42,44,51,52,58,60,64,66,67,121,123" machi="51" ten="40,8000,1" yaku="1,1,2,1,52,1,54,1,53,0" doraHai="37" doraHaiUra="128" who="0" fromWho="1" sc="213,90,154,-80,184,0,439,0" /><INIT seed="6,0,0,3,5,130" ten="303,74,184,439" oya="2" hai0="97,25,96,98,64,10,116,18,47,26,24,76,44" hai1="90,6,103,42,65,89,9,92,62,106,27,124,66" hai2="33,2,51,108,133,112,20,37,69,129,48,128,73" hai3="16,125,75,14,105,134,67,45,135,34,68,22,117"/><V32/><F20/><W115/><G117/><T85/><D116/><U86/><E124/><V15/><F15/><W60/><G125/><T54/><D64/><U53/><E42/><V70/><F73/><W118/><G118/><T59/><D76/><U72/><E90/><V38/><F2/><W56/><G115/><T100/><D85/><U39/><E39/><V127/><F127/><W95/><G105/><T74/><D74/><U114/><E114/><V5/><F112/><W57/><G34/><T49/><D100/><U78/><E27/><V58/><F5/><W110/><G110/><T63/><D63/><U111/><E111/><V46/><F108/><W126/><G126/><T99/><N who="0" m="24576" /><DORA hai="84" /><T40/><D40/><U80/><E103/><V7/><F7/><W109/><G95/><T87/><D87/><U36/><E36/><V79/><F79/><W41/><G75/><T52/><D54/><U11/><E11/><V55/><F32/><W119/><G119/><T43/><D43/><U71/><E106/><V107/><F33/><W104/><G104/><T77/><D77/><U50/><E71/><N who="2" m="27147" /><F107/><W4/><G4/><T88/><D88/><U82/><E80/><V19/><F19/><W30/><G109/><T12/><AGARI ba="0,0" hai="10,12,18,24,25,26,44,47,49,52,59" m="24576" machi="12" ten="50,6400,0" yaku="0,1,8,1,54,1" doraHai="130,84" who="0" fromWho="0" sc="303,64,74,-16,184,-32,439,-16" /><INIT seed="7,0,0,3,4,23" ten="367,58,152,423" oya="3" hai0="10,15,37,104,35,110,59,102,27,19,114,1,109" hai1="69,43,131,32,66,41,84,24,115,97,70,125,116" hai2="13,128,65,50,48,16,85,99,75,14,58,126,122" hai3="22,81,47,4,133,6,30,93,127,56,130,98,31"/><W96/><G133/><T26/><D37/><U117/><E84/><V55/><F126/><W87/><G130/><T78/><D78/><U54/><E97/><V52/><F128/><W46/><G56/><T51/><D102/><U94/><E94/><V80/><F122/><W44/><G127/><T112/><D104/><U76/><E76/><V36/><F36/><W53/><G53/><N who="0" m="32191" /><D35/><U113/><E125/><V121/><F121/><W132/><G132/><T108/><D1/><U83/><E83/><V11/><F75/><W34/><G34/><T9/><D9/><U77/><E77/><V119/><F119/><N who="1" m="45641" /><E54/><V103/><F65/><W71/><G71/><N who="1" m="27146" /><E66/><V61/><F14/><W5/><G22/><T106/><D106/><U40/><E32/><V29/><F29/><N who="3" m="10763" /><G93/><T8/><D10/><U124/><E124/><V57/><F61/><W0/><G0/><T64/><D64/><U17/><E131/><V62/><F62/><W72/><G72/><T134/><D134/><U120/><E120/><V91/><F99/><W33/><G33/><T42/><D42/><N who="1" m="10755" /><U107/><DORA hai="60" /><E107/><V12/><F12/><W68/><G68/><T95/><D95/><U18/><E24/><V74/><F74/><W135/><G135/><T92/><D92/><U105/><E105/><V111/><F103/><W67/><G67/><T90/><D90/><AGARI ba="0,0" hai="4,5,6,44,46,47,81,87,90,96,98" m="10763" machi="90" ten="30,1500,0" yaku="8,1" doraHai="23,60" who="3" fromWho="0" sc="367,-15,58,0,152,0,423,15" owari="352,15.0,58,-44.0,152,-25.0,438,54.0" /></mjloggm>