<mjloggm ver="2.3"><GO type="41" lobby="0"/><UN n0="%E5%9D%AA%E5%B7%9D%72%79%6F" n1="%E3%81%A6%E3%82%8B%E5%BD%A6" n2="%E2%93%9D%53%75%70%68%78" n3="%E3%81%8B%E3%81%BE%E3%82%84%E3%81%A4%31%31" dan="13,14,17,13" rate="1890.43,1882.73,2080.36,2009.57" sx="M,M,M,M"/><TAIKYOKU oya="0"/><INIT seed="0,0,0,4,2,0" ten="250,250,250,250" oya="0" hai0="90,34,135,128,119,58,28,15,65,118,48,39,9" hai1="55,20,94,63,117,3,59,80,71,46,44,37,93" hai2="72,132,32,40,79,67,91,76,26,81,124,121,134" hai3="31,61,70,105,109,69,83,11,100,18,103,87,43"/><T84/><D39/><U19/><E117/><V4/><F67/><W120/><G43/><T98/><D128/><U68/><E68/><V110/><F40/><W89/><G31/><T56/><D135/><N who="2" m="51754" /><F26/><W53/><G109/><T86/><D34/><U133/><E133/><V77/><F32/><W22/><G11/><T112/><D112/><U30/><E30/><V38/><F38/><W7/><G7/><T16/><D28/><U51/><E3/><V97/><F4/><W104/><G120/><T27/><D27/><U96/><E71/><V41/><F41/><W13/><G69/><T45/><D119/><U50/><E37/><V10/><F10/><W57/><REACH who="3" step="1"/><G70/><REACH who="3" ten="250,250,250,240" step="2"/><T122/><D122/><U101/><E59/><N who="0" m="22569" /><D118/><U73/><E63/><V54/><F110/><W36/><G36/><T78/><D65/><U129/><E129/><V52/><F121/><W115/><G115/><T99/><D78/><N who="2" m="29706" /><F124/><W60/><G60/><T102/><D102/><AGARI ba="0,1" hai="13,18,22,53,57,61,83,87,89,100,102,103,104,105" machi="102" ten="40,2600,0" yaku="1,1,53,1" doraHai="0" doraHaiUra="85" who="3" fromWho="0" sc="250,-26,250,0,250,0,240,36" /><INIT seed="1,0,0,3,1,17" ten="224,250,250,276" oya="1" hai0="18,67,21,118,10,15,88,104,61,80,99,7,57" hai1="86,100,71,30,103,26,134,105,131,65,117,32,127" hai2="3,62,73,81,54,63,40,66,84,79,55,113,9" hai3="36,123,77,16,45,28,97,39,128,82,83,48,135"/><U116/><E131/><V2/><F113/><W24/><G128/><T120/><D118/><U124/><E86/><V91/><F40/><W41/><G83/><T27/><D120/><U90/><E90/><V95/><F62/><W1/><G1/><T0/><D104/><U89/><E89/><V11/><F3/><W114/><G114/><T111/><D111/><U19/><E134/><V13/><F2/><W34/><G135/><T98/><D0/><U119/><E19/><V115/><F9/><W102/><G16/><T106/><D106/><U112/><E112/><V126/><F126/><N who="1" m="48169" /><E105/><V49/><F115/><W5/><G5/><T75/><D75/><U46/><E46/><V85/><F73/><W93/><G123/><T60/><D60/><AGARI ba="0,0" hai="26,30,32,60,65,71,100,103,116,117,119" m="48169" machi="60" ten="40,2000,0" yaku="18,1" doraHai="17" who="1" fromWho="0" sc="224,-20,250,20,250,0,276,0" /><INIT seed="1,1,0,5,5,89" ten="204,270,250,276" oya="1" hai0="22,69,19,8,59,67,27,123,106,35,83,68,38" hai1="13,5,31,34,30,87,128,82,39,135,3,1,40" hai2="100,33,25,112,44,18,23,121,32,26,79,62,92" hai3="56,37,76,28,90,0,91,78,21,48,6,117,130"/><U45/><E128/><V2/><F121/><W15/><G37/><T107/><D38/><U88/><E135/><V131/><F2/><W7/><G0/><T47/><D47/><U58/><E31/><V94/><F131/><W114/><G114/><T52/><D52/><U11/><BYE who="0" /><REACH who="1" step="1"/><E58/><REACH who="1" ten="204,260,250,276" step="2"/><V29/><F112/><W122/><G130/><T120/><D120/><U101/><E101/><V17/><F100/><W118/><G122/><T99/><D99/><U115/><E115/><V108/><F29/><W54/><G28/><T77/><D77/><U51/><E51/><V72/><F79/><W81/><G78/><T46/><D46/><U119/><E119/><V98/><F44/><W50/><G48/><T73/><D73/><U43/><E43/><V116/><F98/><W133/><G133/><UN n0="%E5%9D%AA%E5%B7%9D%72%79%6F" /><T9/><D9/><U85/><E85/><V75/><F116/><W86/><G118/><T57/><D57/><U109/><E109/><V12/><F108/><W61/><G50/><T102/><D8/><U129/><E129/><V10/><F72/><W132/><G132/><T74/><D59/><U93/><E93/><V80/><F75/><W24/><G117/><T42/><D42/><U97/><E97/><V103/><F103/><W105/><G105/><T124/><D102/><U55/><E55/><V41/><F41/><W127/><G54/><T63/><D123/><U96/><E96/><V134/><F134/><W53/><G86/><T125/><D69/><U14/><E14/><V64/><F12/><W16/><G15/><T65/><D65/><U111/><E111/><V66/><F64/><RYUUKYOKU ba="1,1" sc="204,-10,260,30,250,-10,276,-10" hai1="1,3,5,11,13,30,34,39,40,45,82,87,88" /><INIT seed="1,2,1,4,4,117" ten="194,290,240,266" oya="1" hai0="56,8,118,124,79,46,86,93,115,122,101,30,133" hai1="90,96,62,85,13,125,110,67,102,6,3,60,81" hai2="14,12,91,18,105,57,58,15,36,131,9,66,106" hai3="71,103,24,76,35,42,109,95,49,54,64,63,84"/><U31/><E3/><V22/><F36/><W11/><G109/><T88/><D88/><BYE who="0" /><U113/><E113/><V32/><F32/><W82/><G42/><T43/><D43/><U7/><E125/><V80/><F131/><W2/><G2/><T25/><D25/><U73/><E62/><V119/><F119/><W4/><G24/><T74/><D74/><U29/><E7/><V78/><F91/><W52/><G35/><T98/><D98/><U126/><E126/><V41/><F41/><W39/><G39/><T89/><D89/><U97/><E97/><V129/><F129/><UN n0="%E5%9D%AA%E5%B7%9D%72%79%6F" /><W47/><G54/><T112/><D93/><U134/><E134/><V120/><F120/><W20/><G20/><T83/><D86/><U1/><E1/><V53/><F66/><W50/><G50/><T48/><D83/><U128/><E128/><V104/><F53/><W65/><G64/><T135/><D79/><U77/><E110/><V21/><F21/><W108/><G108/><T100/><D101/><U121/><E121/><V116/><F116/><W70/><G70/><T127/><D100/><U5/><E5/><V51/><F51/><W23/><G23/><T132/><D56/><U92/><E13/><V10/><F22/><W99/><REACH who="3" step="1"/><G4/><REACH who="3" ten="194,290,240,256" step="2"/><T69/><D69/><U87/><E6/><V130/><F130/><W38/><G38/><T27/><D118/><U59/><REACH who="1" step="1"/><E87/><REACH who="1" ten="194,280,240,256" step="2"/><N who="2" m="48535" /><F14/><W61/><G61/><T94/><D127/><U28/><E28/><V0/><F0/><W34/><G34/><N who="0" m="20831" /><D124/><U26/><E26/><V37/><F37/><W33/><G33/><T45/><D122/><RYUUKYOKU ba="2,3" sc="194,-30,280,10,240,10,256,10" hai1="29,31,59,60,67,73,77,81,85,90,92,96,102" hai2="9,10,12,15,18,57,58,104,105,106" hai3="11,47,49,52,63,65,71,76,82,84,95,99,103" /><INIT seed="1,3,3,5,3,4" ten="164,290,250,266" oya="1" hai0="19,69,118,2,10,57,87,99,66,33,76,65,32" hai1="105,98,60,123,84,17,53,74,67,135,16,26,94" hai2="133,59,78,38,58,109,48,46,129,113,43,73,35" hai3="52,82,90,125,91,103,23,100,9,44,27,47,14"/><U97/><E123/><V130/><F35/><W30/><G125/><T132/><D118/><U36/><E36/><V108/><F78/><W83/><G47/><T116/><D116/><U86/><E74/><V24/><F24/><W13/><G13/><T104/><D57/><N who="2" m="21514" /><F73/><W101/><G83/><T75/><D87/><U124/><E124/><V127/><F127/><W71/><G71/><T54/><D54/><U6/><E105/><V107/><F107/><W120/><G120/><T79/><D79/><U89/><BYE who="0" /><E53/><V63/><F133/><W111/><G111/><N who="2" m="42569" /><F113/><W77/><G52/><T0/><D0/><U70/><E135/><V126/><F126/><W115/><G44/><T5/><D5/><U7/><E26/><V51/><F63/><W128/><G128/><AGARI ba="3,3" hai="38,43,46,48,51,128,129,130" m="42569,21514" machi="128" ten="30,7700,0" yaku="19,1,14,1,34,2" doraHai="4" who="2" fromWho="3" sc="164,0,290,0,250,116,266,-86" /><INIT seed="2,0,0,3,2,5" ten="164,290,366,180" oya="2" hai0="73,113,14,123,30,89,26,85,12,81,98,23,126" hai1="1,48,117,27,132,96,33,46,92,37,107,24,91" hai2="110,21,83,41,115,97,32,3,130,6,82,34,10" hai3="42,25,120,69,75,127,65,16,78,128,125,104,49"/><V90/><F115/><W56/><G104/><T67/><D67/><U93/><E117/><V74/><F130/><W20/><G120/><T58/><D58/><U95/><E37/><V111/><F41/><W59/><G128/><T101/><D101/><U53/><E132/><V106/><F21/><W121/><G121/><T4/><D4/><U108/><E108/><N who="2" m="41515" /><F90/><W62/><G75/><T45/><D45/><U119/><E119/><V40/><F40/><W133/><G133/><T22/><D22/><U7/><E107/><V44/><F44/><N who="3" m="25751" /><G78/><T87/><D87/><UN n0="%E5%9D%AA%E5%B7%9D%72%79%6F" /><U54/><E54/><V100/><F74/><W72/><G72/><T129/><D73/><U28/><REACH who="1" step="1"/><E27/><REACH who="1" ten="164,280,366,180" step="2"/><V18/><F18/><W114/><G114/><T60/><D123/><U112/><E112/><V11/><F11/><AGARI ba="0,1" hai="1,7,11,24,28,33,46,48,53,91,92,93,95,96" machi="11" ten="40,8000,1" yaku="1,1,52,1,53,3" doraHai="5" doraHaiUra="88" who="1" fromWho="2" sc="164,0,280,90,366,-80,180,0" /><INIT seed="3,0,0,2,2,110" ten="164,370,286,180" oya="3" hai0="35,114,44,131,53,123,33,112,92,99,45,106,134" hai1="82,108,129,116,62,80,29,46,16,34,25,74,104" hai2="37,7,94,89,77,126,14,101,4,124,135,41,97" hai3="127,1,40,15,119,86,76,100,121,109,36,58,69"/><W102/><G69/><T111/><D111/><U78/><E108/><V125/><F135/><W11/><G109/><T56/><D123/><U10/><E129/><V48/><F37/><W31/><G1/><T23/><D106/><U88/><E104/><V115/><F77/><W0/><G0/><T73/><D73/><U18/><E116/><V105/><F14/><W32/><G121/><T71/><D71/><U51/><E62/><V133/><F133/><W75/><G75/><T120/><D120/><U98/><E10/><V27/><F27/><W63/><G119/><T122/><D122/><U5/><E5/><V85/><REACH who="2" step="1"/><F115/><REACH who="2" ten="164,370,276,180" step="2"/><N who="0" m="44074" /><D134/><U81/><E78/><V87/><F87/><W39/><G86/><T60/><D131/><U90/><E74/><V57/><F57/><W117/><G76/><T91/><D23/><U59/><E59/><V95/><F95/><W30/><G117/><T38/><D38/><U28/><E28/><V118/><F118/><W6/><G58/><T22/><D22/><U84/><E98/><V72/><F72/><W55/><G31/><T13/><D13/><U47/><E46/><AGARI ba="0,1" hai="4,7,41,46,48,85,89,94,97,101,105,124,125,126" machi="46" ten="40,2600,0" yaku="1,1,18,1,53,0" doraHai="110" doraHaiUra="54" who="2" fromWho="1" sc="164,0,370,-26,276,36,180,0" /><AGARI ba="0,0" hai="33,35,44,45,46,53,56,60,91,92,99" m="44074" machi="46" ten="30,7700,0" yaku="11,1,52,3" doraHai="110" who="0" fromWho="1" sc="164,77,344,-77,312,0,180,0" /><INIT seed="4,0,0,2,5,43" ten="241,267,312,180" oya="0" hai0="11,54,38,118,76,86,20,102,73,88,35,10,36" hai1="58,112,3,124,21,78,68,9,0,65,111,77,5" hai2="84,115,7,121,96,131,98,18,4,28,110,109,75" hai3="105,13,70,27,24,103,87,120,6,25,93,132,89"/><T82/><D35/><U90/><E68/><V45/><F75/><W52/><G70/><T37/><D118/><U83/><E111/><V34/><F84/><W101/><G105/><T30/><D102/><U127/><E21/><V125/><F18/><W31/><G31/><T41/><D54/><U85/><E3/><V40/><F131/><W106/><G106/><T128/><D128/><U71/><E71/><V59/><F59/><W66/><G66/><T79/><D41/><U63/><REACH who="1" step="1"/><E112/><REACH who="1" ten="241,257,312,180" step="2"/><V108/><F115/><W42/><G120/><T135/><D135/><U22/><E22/><V17/><F121/><W50/><G132/><T12/><D79/><AGARI ba="0,1" hai="0,5,9,58,63,65,77,78,79,83,85,90,124,127" machi="79" ten="40,1300,0" yaku="1,1,53,0" doraHai="43" doraHaiUra="69" who="1" fromWho="0" sc="241,-13,257,23,312,0,180,0" /><INIT seed="5,0,0,5,3,132" ten="228,280,312,180" oya="1" hai0="64,33,80,28,75,22,123,86,9,119,106,23,67" hai1="122,61,129,114,25,3,105,97,46,11,110,14,84" hai2="62,127,48,10,121,49,82,52,73,102,96,74,104" hai3="113,59,27,108,88,51,116,77,91,94,63,134,1"/><U71/><E122/><V101/><F127/><W87/><G1/><T45/><D119/><U83/><E110/><V17/><F102/><W42/><G134/><T130/><D75/><U5/><E129/><V70/><F48/><W53/><G108/><T92/><D106/><U31/><E114/><V20/><F10/><W15/><G113/><T55/><D130/><U6/><E6/><V2/><F2/><W98/><G77/><T120/><D92/><U44/><E3/><V69/><F121/><N who="0" m="46666" /><D9/><U66/><E97/><V24/><F62/><W135/><G135/><T125/><D125/><U109/><E105/><V118/><F118/><W47/><G116/><T35/><D23/><U58/><E71/><V57/><REACH who="2" step="1"/><F82/><REACH who="2" ten="228,280,302,180" step="2"/><N who="3" m="49655" /><G15/><T29/><D22/><N who="1" m="15799" /><E109/><V60/><F60/><W111/><G111/><T117/><D117/><U41/><E41/><V133/><F133/><W90/><G27/><T54/><D45/><U76/><AGARI ba="0,1" hai="5,11,14,44,46,58,61,66,76,83,84" m="15799" machi="76" ten="30,1500,0" yaku="8,1" doraHai="132" who="1" fromWho="1" sc="228,-5,280,25,302,-5,180,-5" /><INIT seed="5,1,0,4,1,56" ten="223,305,297,175" oya="1" hai0="22,7,81,125,116,99,70,131,93,13,17,55,108" hai1="92,40,51,106,59,65,114,100,35,44,10,31,130" hai2="96,124,69,122,127,14,4,79,105,49,73,111,109" hai3="121,135,53,85,9,25,50,107,80,76,115,102,119"/><U21/><E35/><V62/><F49/><W19/><G121/><T64/><D108/><U95/><E130/><V47/><F47/><W11/><G135/><T134/><D131/><U43/><E43/><V94/><F14/><W97/><G115/><T28/><D116/><U118/><E118/><V30/><F4/><W54/><G54/><T88/><D134/><U89/><E10/><V6/><F30/><W2/><G2/><T27/><D125/><N who="2" m="48202" /><F6/><W68/><G68/><T91/><D7/><U120/><E120/><V38/><F38/><W117/><G119/><T16/><D55/><U8/><E8/><V61/><F105/><W78/><G78/><T77/><D91/><U133/><E133/><V36/><F69/><W34/><G117/><T32/><D17/><U42/><E42/><V98/><F36/><W84/><G84/><T126/><D126/><U75/><E31/><V71/><F71/><W23/><REACH who="3" step="1"/><G34/><REACH who="3" ten="223,305,297,165" step="2"/><T90/><D70/><U33/><E33/><V132/><F122/><W15/><G15/><T129/><D129/><U45/><E40/><V5/><F132/><W12/><G12/><T110/><D110/><U101/><E65/><V3/><F111/><W48/><G48/><T1/><D64/><U112/><E51/><V0/><F109/><W104/><G104/><T58/><D1/><U72/><E106/><V83/><F3/><W60/><G60/><T29/><D58/><AGARI ba="1,1" hai="9,11,19,23,25,50,53,58,76,80,85,97,102,107" machi="58" ten="30,2000,0" yaku="1,1,7,1,53,0" doraHai="56" doraHaiUra="66" who="3" fromWho="0" sc="223,-23,305,0,297,0,165,33" /><INIT seed="6,0,0,5,4,55" ten="200,305,297,198" oya="2" hai0="65,127,45,4,89,98,130,34,39,90,78,3,110" hai1="18,95,2,88,135,70,66,36,134,115,57,10,40" hai2="82,20,35,13,119,102,16,133,32,81,26,47,24" hai3="125,116,56,37,101,120,121,48,74,73,128,31,6"/><V92/><F119/><W86/><G37/><T129/><D110/><U107/><E107/><V5/><F133/><N who="1" m="50697" /><E70/><V25/><F5/><W114/><G116/><T105/><D127/><U131/><E131/><N who="0" m="50185" /><D78/><U106/><E106/><V91/><F102/><W79/><G128/><T77/><D77/><U80/><E80/><V42/><F35/><W28/><G101/><N who="0" m="62647" /><D34/><U52/><E66/><V33/><F32/><W46/><G125/><T17/><D17/><U22/><E115/><V109/><F33/><W76/><G6/><T96/><D96/><N who="1" m="57447" /><E2/><V44/><F109/><W19/><G19/><T14/><D3/><U29/><E29/><V117/><F117/><W87/><G114/><T23/><D65/><U113/><E113/><V83/><REACH who="2" step="1"/><F42/><REACH who="2" ten="200,305,287,198" step="2"/><W100/><G100/><T59/><D4/><U108/><E108/><V53/><F53/><W132/><G132/><T21/><D59/><U50/><E40/><V41/><F41/><W61/><G56/><T8/><D39/><U71/><E71/><V124/><F124/><W126/><G126/><T85/><D45/><U60/><E36/><V123/><F123/><W97/><G46/><T63/><D63/><U112/><E112/><V62/><F62/><W84/><G61/><T9/><D90/><U122/><E122/><V43/><F43/><W93/><G121/><T11/><D14/><N who="1" m="7511" /><E60/><V54/><F54/><W64/><G120/><T27/><D27/><U12/><E12/><V0/><F0/><W72/><G64/><T118/><D118/><U58/><E58/><V68/><F68/><W38/><G38/><T104/><D104/><RYUUKYOKU ba="0,1" sc="200,10,305,10,287,10,198,-30" hai0="8,9,11,21,23,85,89" hai1="22,50,52,57" hai2="13,16,20,24,25,26,44,47,81,82,83,91,92" /><INIT seed="6,1,1,3,0,117" ten="210,315,297,168" oya="2" hai0="8,134,9,14,99,105,35,133,130,101,67,87,86" hai1="65,43,47,39,92,55,88,31,111,95,90,0,20" hai2="57,7,49,63,41,97,26,129,36,19,73,107,132" hai3="25,34,52,44,114,11,72,27,104,100,96,21,29"/><V16/><F73/><W102/><G72/><T59/><D35/><U62/><E111/><V60/><F36/><W61/><G102/><T13/><D130/><U45/><E0/><V84/><F132/><N who="0" m="50794" /><D59/><U53/><E47/><N who="2" m="25839" /><F107/><W89/><G114/><T6/><D67/><U15/><E92/><V126/><F126/><W80/><G11/><T74/><D74/><U81/><E81/><V82/><F7/><AGARI ba="1,1" hai="6,7,8,9,13,14,86,87,99,101,105" m="50794" machi="7" ten="30,1000,0" yaku="20,1" doraHai="117" who="0" fromWho="2" sc="210,23,315,0,297,-13,168,0" /><INIT seed="7,0,0,5,0,64" ten="233,315,284,168" oya="3" hai0="130,104,98,58,53,13,120,15,45,22,62,85,90" hai1="126,105,77,81,87,109,103,20,5,52,59,83,74" hai2="72,33,78,49,95,79,63,7,67,71,133,1,102" hai3="9,127,93,35,131,132,43,112,110,123,70,3,125"/><W135/><G43/><T0/><D0/><U54/><E109/><V129/><F133/><N who="3" m="51275" /><G123/><T108/><D130/><U91/><E126/><N who="3" m="48138" /><G110/><T18/><D108/><U111/><E111/><V89/><F129/><W11/><G131/><T96/><D120/><U2/><E20/><V88/><F33/><W76/><G76/><T80/><D104/><U124/><E124/><V14/><F78/><W17/><G93/><T28/><D28/><U134/><E134/><V10/><F79/><W30/><G70/><T94/><D94/><U119/><E119/><V68/><F72/><W36/><G36/><T107/><D107/><U27/><E27/><V25/><F71/><W75/><G75/><T31/><D31/><U6/><E2/><V97/><F25/><N who="3" m="18895" /><G3/><T16/><D45/><U56/><E105/><V34/><F34/><W39/><G39/><T47/><D47/><U42/><E42/><V41/><F1/><W86/><G86/><T61/><D61/><U48/><E103/><V66/><F66/><W51/><G51/><AGARI ba="0,0" hai="5,6,48,51,52,54,56,59,74,77,81,83,87,91" machi="51" ten="30,3900,0" yaku="7,1,9,1,54,1" doraHai="64" who="1" fromWho="3" sc="233,0,315,39,284,0,168,-39" owari="233,-17.0,354,46.0,284,8.0,129,-37.0" /></mjloggm>