<mjloggm ver="2.3"><GO type="41" lobby="0"/><UN n0="%E2%93%9D%53%75%70%68%78" n1="%E3%83%AA%E3%83%BC%E3%83%81%E3%83%89%E3%83%A9%33" n2="%E3%82%BF%E3%83%AB%E3%82%BF%E3%83%8B%E5%90%9B" n3="%E3%82%88%E3%82%8B%E3%81%A4%E3%81%8D" dan="17,15,13,14" rate="2037.04,2081.23,1912.59,1942.08" sx="M,M,M,M"/><TAIKYOKU oya="0"/><INIT seed="0,0,0,4,2,63" ten="250,250,250,250" oya="0" hai0="126,98,130,39,79,62,14,6,49,86,85,27,60" hai1="93,99,33,71,47,110,45,72,25,32,95,30,115" hai2="2,119,135,134,87,92,13,107,58,1,10,55,100" hai3="102,70,69,36,43,5,73,3,12,24,8,21,89"/><T78/><D39/><U97/><E110/><V34/><F119/><W123/><G73/><T128/><D27/><U48/><E72/><V31/><F107/><W90/><G123/><T40/><D98/><U117/><E71/><V64/><F34/><W65/><G102/><T15/><D49/><U106/><E106/><V23/><F31/><W127/><G3/><T133/><D40/><U61/><E61/><N who="2" m="37943" /><F55/><W57/><G127/><T96/><D96/><U131/><E131/><V108/><F23/><W120/><G120/><T67/><D6/><U19/><E115/><V129/><F108/><W122/><G122/><T44/><D44/><U109/><E109/><V112/><F112/><W41/><G70/><T11/><D11/><U37/><E37/><V52/><F52/><W68/><G69/><T113/><D113/><U76/><E76/><V75/><F75/><W7/><G68/><T118/><D133/><N who="2" m="50698" /><F100/><W83/><G41/><T29/><D29/><U74/><E74/><V16/><F129/><W9/><G43/><T94/><D126/><U4/><E30/><V81/><F92/><W116/><G36/><T77/><D94/><U80/><E48/><V22/><F10/><W53/><G9/><T105/><D79/><AGARI ba="0,0" hai="1,2,13,16,22,79,81,87" m="50698,37943" machi="79" ten="30,3900,0" yaku="20,1,52,1,54,1" doraHai="63" who="2" fromWho="0" sc="250,-39,250,0,250,39,250,0" /><INIT seed="1,0,0,5,0,99" ten="211,250,289,250" oya="1" hai0="47,36,16,81,55,64,23,122,127,133,105,77,48" hai1="51,44,106,32,15,79,67,34,14,41,101,111,72" hai2="6,31,22,10,100,128,92,116,134,53,130,108,5" hai3="56,125,110,24,93,120,9,74,8,83,59,29,117"/><U113/><E113/><V52/><F116/><W107/><G120/><T102/><D133/><U21/><E72/><V94/><F108/><W63/><G107/><T73/><D127/><U132/><E79/><V33/><F33/><W75/><G125/><T95/><D122/><U46/><E132/><V62/><F134/><W129/><G129/><N who="2" m="49769" /><F62/><W71/><G117/><T68/><D105/><U76/><E76/><V35/><F35/><W131/><G110/><T61/><D36/><U69/><E111/><V0/><F5/><W87/><G93/><N who="2" m="35945" /><F100/><W78/><G71/><T96/><D68/><U85/><E85/><V3/><F3/><W135/><G135/><T65/><REACH who="0" step="1"/><D61/><REACH who="0" ten="201,250,289,250" step="2"/><U12/><E69/><V66/><F66/><W42/><G63/><T109/><D109/><U123/><E67/><V118/><F118/><W70/><G131/><T80/><D80/><U49/><E123/><V7/><F7/><W11/><G70/><T91/><D91/><U89/><E89/><V88/><F88/><W82/><G83/><T19/><D19/><U114/><E106/><V25/><AGARI ba="0,1" hai="0,6,10,22,25,31,52,53" m="35945,49769" machi="25" ten="30,2000,0" yaku="19,1,54,1" doraHai="99" who="2" fromWho="2" sc="201,-5,250,-10,289,30,250,-5" /><INIT seed="2,0,0,3,4,59" ten="196,240,319,245" oya="2" hai0="78,73,76,116,30,128,47,37,18,101,38,12,34" hai1="33,98,125,19,44,91,23,65,69,21,70,46,53" hai2="113,124,13,67,26,16,50,97,95,71,68,39,60" hai3="66,103,2,84,52,11,74,40,29,83,3,0,58"/><V105/><F113/><W27/><G74/><T56/><D128/><U108/><E33/><V49/><F105/><W4/><G103/><T99/><D116/><U35/><E35/><V127/><F71/><W15/><G40/><T28/><D34/><U111/><E125/><N who="2" m="48203" /><F26/><W75/><G66/><T131/><D131/><U102/><E91/><N who="2" m="55551" /><F39/><W22/><G75/><T72/><D72/><U57/><E65/><V134/><F134/><W82/><REACH who="3" step="1"/><G84/><REACH who="3" ten="196,240,319,235" step="2"/><T96/><D73/><U100/><E100/><V85/><F85/><W123/><G123/><T64/><D101/><U24/><E102/><V6/><F6/><W114/><G114/><T62/><D99/><U129/><E98/><V77/><F77/><W54/><G54/><T132/><D78/><U8/><E53/><V87/><F87/><W43/><G43/><T88/><D76/><U120/><E120/><V9/><AGARI ba="0,1" hai="9,13,16,49,50,60,67,68" m="55551,48203" machi="9" ten="30,6000,0" yaku="18,1,52,1,54,1" doraHai="59" who="2" fromWho="2" sc="196,-20,240,-20,319,70,235,-20" /><INIT seed="2,1,0,0,2,73" ten="176,220,389,215" oya="2" hai0="51,113,6,10,108,0,37,53,9,61,129,76,4" hai1="18,97,89,102,17,123,43,118,13,115,45,8,49" hai2="47,98,22,116,23,35,77,65,59,127,33,12,19" hai3="135,63,103,60,105,58,26,71,90,62,74,106,38"/><V121/><F116/><W95/><G38/><T134/><D113/><U42/><E118/><V130/><F121/><W132/><G74/><T99/><D37/><U52/><E123/><V34/><F127/><W66/><G26/><T75/><D108/><U14/><E115/><V126/><F126/><W104/><G103/><T56/><D129/><U28/><E28/><V39/><F130/><W94/><G94/><T114/><D134/><U3/><E3/><V24/><F98/><W131/><G131/><T120/><D114/><U109/><E89/><V36/><F47/><W96/><G96/><T92/><D120/><U1/><E1/><V124/><F124/><W72/><G72/><T41/><D41/><U80/><E80/><V110/><F110/><W81/><G81/><BYE who="3" /><T50/><D75/><U84/><E84/><V29/><REACH who="2" step="1"/><F77/><REACH who="2" ten="176,220,379,215" step="2"/><W55/><G55/><T40/><D76/><U119/><E109/><V30/><F30/><W11/><G11/><T85/><D40/><U133/><E119/><V7/><F7/><W44/><G44/><T111/><D111/><U117/><E117/><V122/><F122/><W48/><G48/><T125/><D125/><U88/><E133/><V20/><F20/><W2/><G2/><T32/><D51/><U82/><E97/><V83/><F83/><W86/><G86/><T15/><D85/><N who="1" m="50231" /><E102/><V93/><F93/><W46/><G46/><T79/><D79/><U101/><E101/><V91/><F91/><W57/><G57/><T100/><D50/><U27/><E49/><V5/><F5/><W68/><G68/><T69/><D69/><RYUUKYOKU ba="1,1" sc="176,15,220,-15,379,15,215,-15" hai0="0,4,6,9,10,15,32,53,56,61,92,99,100" hai2="12,19,22,23,24,29,33,34,35,36,39,59,65" /><INIT seed="2,2,1,0,1,38" ten="191,205,394,200" oya="2" hai0="101,66,26,72,58,46,122,106,53,87,64,31,69" hai1="59,32,117,12,14,113,44,22,40,75,89,2,67" hai2="94,16,9,18,103,24,1,98,91,93,71,43,118" hai3="49,125,81,92,96,132,74,35,62,121,10,57,45"/><V88/><F118/><W28/><G28/><T3/><D72/><U20/><E117/><V34/><F71/><W27/><G27/><T68/><D3/><U123/><E113/><V80/><F80/><W111/><G111/><T112/><D106/><U78/><E32/><V50/><F103/><W86/><G86/><T85/><D122/><U63/><E2/><V60/><F60/><W104/><G104/><T56/><D101/><U6/><E75/><V52/><F34/><W47/><G47/><T8/><D8/><U134/><E78/><V76/><F76/><W51/><G51/><T97/><D46/><U19/><E134/><V41/><F1/><W99/><G99/><T11/><D11/><U30/><E123/><V17/><F24/><W13/><G13/><T116/><D26/><U126/><E126/><V105/><F9/><W131/><G131/><T33/><D33/><U95/><E6/><V100/><F105/><W114/><G114/><T4/><D4/><U108/><E108/><V29/><F29/><W36/><G36/><T120/><D31/><U130/><E130/><V133/><F133/><W73/><G73/><T107/><D107/><U61/><E61/><V15/><F15/><N who="1" m="5673" /><E19/><V79/><F79/><W102/><G102/><T77/><D77/><U70/><E70/><V119/><F119/><W0/><G0/><T128/><D128/><U55/><E67/><V83/><F83/><W7/><G7/><T115/><D120/><U42/><E30/><V129/><F129/><W90/><G90/><N who="2" m="34345" /><F93/><W65/><G65/><T84/><D116/><U109/><E95/><RYUUKYOKU ba="2,1" sc="191,-10,205,-10,394,30,200,-10" hai2="16,17,18,41,43,50,52,94,98,100" /><INIT seed="2,3,1,4,4,12" ten="181,195,424,190" oya="2" hai0="37,85,52,95,64,10,105,27,36,31,65,81,35" hai1="78,117,109,131,100,120,32,3,104,113,15,6,5" hai2="97,124,55,41,70,24,121,21,93,2,91,135,51" hai3="8,112,43,48,71,23,54,79,50,33,108,60,16"/><V30/><F121/><W111/><G111/><T4/><D105/><U106/><E117/><V56/><F124/><W128/><G128/><T42/><D95/><U82/><E113/><V90/><F135/><W83/><G83/><T119/><D119/><U102/><E32/><V28/><F2/><W101/><G101/><T86/><D86/><U103/><E3/><V26/><F70/><W99/><G99/><T46/><D37/><U80/><E109/><V29/><F41/><W57/><G57/><T18/><D52/><U53/><E131/><V98/><F98/><W39/><G39/><T87/><D87/><U20/><E53/><V130/><F130/><W74/><G74/><T84/><D84/><U73/><E120/><V92/><F92/><W63/><G63/><T96/><D96/><U44/><E44/><V77/><F77/><W133/><G133/><T114/><D114/><U9/><E5/><V89/><REACH who="2" step="1"/><F26/><REACH who="2" ten="181,195,414,190" step="2"/><W118/><G118/><T67/><D42/><U0/><E80/><V13/><F13/><W25/><G25/><T7/><D81/><U75/><E73/><V134/><F134/><W69/><G69/><T14/><D85/><U1/><E1/><V62/><F62/><W88/><G88/><AGARI ba="3,2" hai="21,24,28,29,30,51,55,56,88,89,90,91,93,97" machi="88" ten="40,7700,0" yaku="1,1,8,1,54,1,53,0" doraHai="12" doraHaiUra="123" who="2" fromWho="3" sc="181,0,195,0,414,106,190,-86" /><INIT seed="2,4,0,2,0,40" ten="181,195,520,104" oya="2" hai0="13,76,46,102,24,31,56,54,14,63,109,122,90" hai1="62,106,107,101,110,33,112,35,55,75,134,69,60" hai2="48,27,17,124,65,12,41,2,94,21,7,1,103" hai3="132,38,45,52,81,85,96,37,58,114,118,104,8"/><V99/><F124/><W59/><G59/><T39/><D109/><U19/><E110/><V70/><F70/><W135/><G135/><T80/><D122/><U32/><E112/><V3/><F65/><W53/><G53/><T111/><D102/><U16/><E75/><V131/><F131/><W10/><G10/><T11/><D90/><U42/><E42/><V22/><F7/><W30/><G30/><T127/><D111/><U129/><E129/><V95/><F95/><W74/><G74/><T72/><D127/><U67/><E134/><V51/><REACH who="2" step="1"/><F41/><REACH who="2" ten="181,195,510,104" step="2"/><W4/><G4/><T5/><D5/><U23/><E69/><V93/><F93/><W84/><G84/><T25/><D72/><U86/><E67/><V88/><F88/><W98/><G98/><T123/><D123/><U116/><E55/><V47/><F47/><W0/><G0/><T49/><D46/><U6/><E6/><V117/><F117/><W61/><G61/><T29/><D63/><U100/><E116/><V68/><F68/><W50/><G50/><T125/><D49/><U115/><E62/><V15/><F15/><W87/><G87/><T121/><D14/><U64/><E60/><V36/><F36/><W82/><G82/><T128/><D39/><U120/><E64/><V71/><F71/><W57/><G57/><T108/><D108/><U26/><E120/><V97/><F97/><W105/><G105/><T20/><D121/><U126/><E126/><V92/><F92/><W9/><G9/><T89/><D125/><U18/><E106/><V133/><F133/><W43/><G43/><RYUUKYOKU ba="4,1" sc="181,-10,195,-10,510,30,104,-10" hai2="1,2,3,12,17,21,22,27,48,51,94,99,103" /><INIT seed="2,5,1,1,5,130" ten="171,185,540,94" oya="2" hai0="100,96,132,7,49,77,34,45,110,28,102,39,118" hai1="98,133,75,109,48,82,131,81,47,66,9,73,18" hai2="37,31,122,24,5,94,53,134,35,41,119,50,78" hai3="92,65,40,112,44,56,80,2,111,25,61,90,51"/><V8/><F119/><W79/><G79/><T11/><D39/><U85/><E131/><V38/><F122/><W33/><G33/><T114/><D114/><U27/><E109/><V83/><F37/><W135/><G135/><T117/><D110/><U1/><E66/><V32/><F32/><W129/><G129/><T15/><D77/><U17/><E133/><V88/><F134/><W126/><G126/><T115/><D115/><U12/><E1/><V91/><F94/><W16/><G16/><T57/><D57/><U99/><E81/><V103/><F103/><W128/><G128/><T46/><D46/><U36/><E36/><V104/><F104/><W86/><G86/><T26/><D132/><U107/><E107/><V127/><F127/><W71/><G71/><T21/><D34/><U19/><E75/><V108/><F108/><W106/><G106/><T52/><REACH who="0" step="1"/><D96/><REACH who="0" ten="161,185,540,94" step="2"/><U63/><E98/><V67/><F38/><W124/><G124/><T6/><D6/><U23/><E99/><V59/><F41/><W20/><G20/><T55/><D55/><U121/><E47/><V95/><F67/><W68/><G68/><T116/><AGARI ba="5,2" hai="7,11,15,21,26,28,45,49,52,100,102,116,117,118" machi="116" ten="30,12000,2" yaku="1,1,0,1,12,1,54,1,53,3" doraHai="130" doraHaiUra="113" who="0" fromWho="0" sc="161,155,185,-35,540,-65,94,-35" /><INIT seed="3,0,0,1,5,99" ten="316,150,475,59" oya="3" hai0="22,118,111,52,102,91,79,35,134,46,16,131,26" hai1="92,45,41,44,1,36,64,8,81,129,120,83,29" hai2="70,34,25,39,7,74,69,31,47,135,98,107,62" hai3="43,68,112,97,66,82,85,133,115,76,88,50,127"/><W71/><G71/><T6/><D118/><U126/><E120/><V59/><F135/><W60/><G60/><T37/><D131/><U78/><E126/><V4/><F74/><W122/><G122/><T56/><D111/><U13/><E1/><V113/><F59/><W14/><G14/><T100/><D35/><U54/><E129/><V24/><F24/><W51/><G51/><N who="0" m="28791" /><D37/><U57/><E45/><V65/><F70/><W33/><G33/><T27/><D79/><U114/><E114/><V15/><F15/><W53/><G53/><T95/><D6/><U12/><E29/><V58/><F58/><W109/><G109/><T20/><D134/><U3/><E3/><V38/><F113/><W23/><G23/><T84/><D56/><U116/><E64/><V5/><REACH who="2" step="1"/><F47/><REACH who="2" ten="316,150,465,59" step="2"/><W108/><G108/><T55/><D55/><U104/><E54/><V9/><F9/><W0/><G0/><T10/><D10/><U48/><E8/><V87/><F87/><W40/><G40/><T119/><D119/><U17/><E116/><V28/><F28/><AGARI ba="0,1" hai="16,20,22,26,27,28,84,91,95,100,102" m="28791" machi="28" ten="30,8000,1" yaku="8,1,52,2,54,2" doraHai="99" who="0" fromWho="2" sc="316,90,150,0,465,-80,59,0" /><INIT seed="4,0,0,2,4,115" ten="406,150,385,59" oya="0" hai0="100,71,32,53,18,21,135,67,59,110,91,127,95" hai1="28,56,48,2,122,77,60,90,27,119,46,40,4" hai2="118,102,80,8,61,20,10,36,42,99,108,22,38" hai3="123,73,116,130,54,89,51,14,129,66,105,107,84"/><T86/><D127/><U121/><E119/><V6/><F108/><W15/><G15/><T24/><D135/><U70/><E70/><V134/><F118/><W87/><G87/><T12/><D110/><U69/><E69/><V26/><F134/><W65/><G65/><T55/><D71/><U101/><E77/><V23/><F26/><W39/><G39/><T85/><D100/><U114/><E101/><V132/><F132/><W120/><G120/><T47/><D32/><U25/><E25/><V35/><F35/><W109/><G109/><T98/><D67/><U113/><E90/><V68/><F42/><W124/><G124/><T5/><D47/><U96/><E96/><V104/><F80/><W52/><G52/><N who="0" m="20043" /><D59/><U11/><E56/><V49/><F10/><AGARI ba="0,0" hai="5,10,12,18,21,24,85,86,91,95,98" m="20043" machi="10" ten="30,2900,0" yaku="8,1,54,1" doraHai="115" who="0" fromWho="2" sc="406,29,150,0,385,-29,59,0" /><INIT seed="4,1,0,2,1,12" ten="435,150,356,59" oya="0" hai0="91,37,65,134,87,49,74,106,15,89,13,119,126" hai1="47,123,68,3,19,130,7,53,69,63,43,48,104" hai2="51,24,36,55,5,33,118,52,16,83,121,30,39" hai3="60,42,76,57,45,127,17,131,14,108,99,4,75"/><T105/><D119/><U109/><E109/><V93/><F118/><W133/><G133/><T29/><D74/><U115/><E123/><V111/><F121/><W70/><G70/><T112/><D65/><U77/><E130/><V2/><F111/><W117/><G117/><T44/><D126/><U34/><E104/><V72/><F93/><W82/><G82/><T6/><D112/><U35/><E115/><V40/><F40/><W94/><G94/><T110/><D29/><U107/><E107/><V32/><F32/><W122/><G122/><T128/><D37/><U90/><E77/><V73/><F5/><W23/><G23/><T26/><D49/><U56/><E90/><V84/><F2/><W81/><G81/><T50/><D50/><U0/><E0/><V92/><F92/><W96/><G96/><T129/><D6/><U20/><E69/><V66/><F66/><W22/><G22/><T103/><D134/><U64/><E7/><V114/><F55/><W95/><G95/><T54/><D54/><U46/><E3/><V38/><F114/><W80/><G80/><T11/><D110/><U10/><E10/><V113/><F113/><W61/><G61/><T18/><D11/><U79/><E79/><V59/><REACH who="2" step="1"/><F16/><REACH who="2" ten="435,150,346,59" step="2"/><W31/><G31/><T62/><D18/><U132/><E43/><V8/><F8/><W102/><G102/><T88/><D103/><U71/><E35/><V120/><F120/><W58/><G58/><T116/><D106/><U85/><E34/><V78/><AGARI ba="1,1" hai="24,30,33,36,38,39,51,52,59,72,73,78,83,84" machi="78" ten="30,4000,0" yaku="1,1,0,1,54,1,53,0" doraHai="12" doraHaiUra="41" who="2" fromWho="2" sc="435,-21,150,-11,346,53,59,-11" /><INIT seed="5,0,0,1,4,62" ten="414,139,399,48" oya="1" hai0="32,76,20,35,36,85,21,49,113,57,18,40,13" hai1="10,112,135,4,41,83,102,87,104,50,47,14,122" hai2="94,56,44,74,81,37,45,52,63,116,82,42,92" hai3="60,114,19,128,31,24,118,48,124,121,68,105,88"/><U109/><E122/><V27/><F116/><W46/><G46/><T78/><D113/><U90/><E112/><V117/><F117/><W28/><G28/><T75/><D75/><U123/><E123/><V7/><F27/><W110/><G110/><T65/><D36/><U71/><E135/><V107/><F107/><W95/><G95/><T11/><D35/><U131/><E131/><V26/><F26/><W67/><G67/><T77/><D32/><U89/><E109/><V12/><F45/><W9/><G9/><T120/><D120/><U129/><E71/><V53/><F53/><W101/><G101/><T25/><D40/><U29/><E29/><V103/><F103/><W132/><G132/><T133/><D133/><U69/><E69/><V64/><F64/><W38/><G38/><T30/><D21/><U86/><E129/><V61/><F61/><W125/><G125/><T33/><D33/><U59/><E59/><V100/><F100/><W43/><G43/><T2/><D2/><U93/><E104/><V54/><F54/><W8/><G8/><T119/><D119/><U126/><E102/><V72/><F12/><W51/><G51/><T108/><D108/><U79/><REACH who="1" step="1"/><E89/><REACH who="1" ten="414,129,399,48" step="2"/><V97/><F56/><W106/><G106/><T16/><D30/><U73/><E73/><V15/><F72/><W66/><G66/><T99/><D65/><U91/><E91/><V80/><F74/><W70/><G70/><T96/><D85/><U111/><E111/><V134/><F134/><W84/><G84/><T115/><D115/><U6/><E6/><V1/><F7/><RYUUKYOKU ba="0,1" sc="414,15,129,15,399,-15,48,-15" hai0="11,13,16,18,20,25,49,57,76,77,78,96,99" hai1="4,10,14,41,47,50,79,83,86,87,90,93,126" /><INIT seed="5,1,1,4,5,116" ten="429,144,384,33" oya="1" hai0="26,107,8,108,53,3,94,101,83,65,68,45,20" hai1="30,7,96,134,135,60,6,55,131,123,117,41,15" hai2="40,10,77,78,48,118,128,102,95,46,61,18,22" hai3="100,50,2,104,110,29,31,120,90,67,81,126,5"/><U75/><E131/><V119/><F128/><W87/><G87/><T24/><D107/><U34/><E117/><V42/><F119/><W106/><G106/><T92/><D108/><U71/><E75/><V129/><F129/><W63/><G63/><T124/><D3/><U93/><E41/><V25/><F118/><W91/><G91/><T32/><D8/><U44/><E34/><V112/><F112/><W115/><G115/><T4/><D4/><U69/><E30/><V56/><F10/><W64/><G64/><T52/><D124/><U105/><E105/><V39/><F39/><W13/><G13/><T17/><D68/><U11/><E6/><V121/><F40/><W82/><G82/><T19/><D65/><U38/><E123/><V80/><F80/><W47/><G47/><T132/><D132/><N who="1" m="50731" /><E38/><V76/><F121/><W122/><G122/><T9/><D32/><U1/><E1/><V35/><F35/><W58/><G58/><T86/><D45/><U28/><E28/><V33/><F33/><W99/><G99/><N who="0" m="59623" /><D94/><U89/><E44/><V21/><F21/><W54/><G54/><T51/><D53/><U85/><E96/><V114/><F114/><W79/><G79/><N who="0" m="46463" /><D52/><U130/><E130/><V66/><REACH who="2" step="1"/><F78/><REACH who="2" ten="429,144,374,33" step="2"/><W98/><G98/><AGARI ba="1,2" hai="18,22,25,42,46,48,56,61,66,76,77,95,98,102" machi="98" ten="40,8000,1" yaku="1,1,2,1,8,1,53,1" doraHai="116" doraHaiUra="57" who="2" fromWho="3" sc="429,0,144,0,374,103,33,-83" owari="429,23.0,144,-26.0,477,58.0,-50,-55.0" /></mjloggm>