<mjloggm ver="2.3"><GO type="41" lobby="0"/><UN n0="%E3%83%9E%E3%82%B8%E3%83%B3%E3%82%AC%E3%83%BC%5A%5A" n1="%E2%93%9D%53%75%70%68%78" n2="%75%68%65%69%32" n3="%E8%88%B9%E8%A6%8B%E7%B5%90%E8%A1%A3" dan="14,18,15,15" rate="1869.20,2083.19,1996.45,2124.32" sx="M,M,M,F"/><TAIKYOKU oya="0"/><INIT seed="0,0,0,5,2,117" ten="250,250,250,250" oya="0" hai0="1,10,46,62,22,18,119,52,24,5,56,99,112" hai1="111,31,43,81,14,13,90,4,20,79,64,47,131" hai2="94,37,107,110,58,108,19,16,126,80,15,8,86" hai3="105,55,70,127,68,89,27,96,87,75,106,6,113"/><T49/><D119/><U121/><E111/><N who="2" m="42539" /><F107/><W7/><G75/><T61/><D112/><U125/><E131/><V76/><F37/><W36/><G36/><T133/><D133/><U74/><E125/><V21/><F126/><W78/><G78/><T42/><REACH who="0" step="1"/><D99/><REACH who="0" ten="240,250,250,250" step="2"/><U95/><E74/><V2/><F2/><W91/><G113/><T130/><D130/><U48/><E14/><V50/><F94/><W9/><G127/><T118/><D118/><U71/><E13/><V100/><F100/><W77/><G106/><T97/><D97/><U129/><E95/><V12/><F58/><W28/><G105/><T53/><D53/><U32/><E129/><V63/><F63/><AGARI ba="0,1" hai="1,5,10,18,22,24,42,46,49,52,56,61,62,63" machi="63" ten="30,5800,0" yaku="1,1,7,1,54,1,53,0" doraHai="117" doraHaiUra="26" who="0" fromWho="2" sc="240,68,250,0,250,-58,250,0" /><INIT seed="0,1,0,5,4,108" ten="308,250,192,250" oya="0" hai0="81,100,48,96,46,5,22,83,115,121,14,39,119" hai1="28,57,122,2,117,78,99,85,112,69,63,118,91" hai2="27,75,102,111,134,12,116,25,7,11,42,24,38" hai3="16,97,74,135,133,35,64,90,65,52,13,29,44"/><T26/><D121/><U76/><E2/><V50/><F111/><W47/><G74/><T1/><D119/><U36/><E36/><V9/><F38/><W18/><G29/><T106/><D39/><U62/><E122/><V58/><F75/><W130/><G35/><T103/><D1/><U34/><E99/><V49/><F134/><N who="3" m="51211" /><G130/><T66/><D66/><N who="3" m="25705" /><G13/><T105/><D14/><U72/><E28/><V56/><F102/><W109/><G109/><T95/><D5/><U77/><E72/><V43/><F116/><W92/><G47/><T107/><D103/><U79/><E34/><V4/><F27/><W3/><G3/><T80/><D26/><U123/><E123/><V37/><F37/><W120/><G120/><T19/><D22/><U132/><E132/><V67/><F67/><W127/><G127/><T23/><D23/><U124/><E124/><V31/><REACH who="2" step="1"/><F12/><REACH who="2" ten="308,250,182,250" step="2"/><W113/><G113/><T41/><REACH who="0" step="1"/><D19/><REACH who="0" ten="298,250,182,250" step="2"/><U98/><E118/><V82/><F82/><W71/><G71/><T53/><D53/><U114/><E117/><V10/><F10/><W73/><G16/><T94/><D94/><N who="1" m="56671" /><E69/><V125/><F125/><W55/><G18/><T131/><D131/><U86/><E114/><AGARI ba="1,2" hai="41,46,48,80,81,83,95,96,100,105,106,107,114,115" machi="114" ten="50,9600,0" yaku="1,1,52,2,53,0" doraHai="108" doraHaiUra="104" who="0" fromWho="1" sc="298,119,250,-99,182,0,250,0" /><INIT seed="0,2,0,1,1,85" ten="417,151,182,250" oya="0" hai0="55,44,108,53,29,128,75,97,16,134,61,38,2" hai1="89,12,129,68,46,131,49,99,76,130,119,4,110" hai2="58,125,8,135,121,33,88,82,78,65,62,91,127" hai3="83,71,5,47,32,7,69,106,39,15,14,23,28"/><T3/><D75/><U67/><E119/><V64/><F121/><W60/><G106/><T0/><D134/><U93/><E110/><V50/><F33/><W45/><G32/><T104/><D128/><U114/><E114/><V59/><F135/><W122/><G122/><T36/><D29/><U10/><E76/><V84/><F8/><W101/><G101/><T41/><D16/><U27/><E27/><V96/><F96/><W80/><G28/><T35/><D38/><U18/><E67/><V73/><F73/><W115/><G39/><T116/><D116/><U123/><E68/><V120/><F120/><W56/><G56/><T52/><D35/><U86/><E123/><V100/><F100/><W133/><G133/><T24/><D24/><U9/><E99/><V111/><F111/><W13/><G60/><T70/><D108/><U74/><E74/><V37/><F37/><W57/><G57/><T6/><D97/><U118/><E118/><V79/><F79/><W95/><G95/><T102/><D102/><U25/><E25/><V105/><F105/><W90/><G23/><T66/><REACH who="0" step="1"/><D104/><REACH who="0" ten="407,151,182,250" step="2"/><U72/><E72/><V17/><F17/><W20/><G20/><T54/><N who="0" m="13312" /><DORA hai="42" /><T98/><D98/><U92/><E131/><V124/><F50/><W40/><G40/><T103/><D103/><U77/><E130/><V11/><F11/><AGARI ba="2,1" hai="0,2,3,6,11,36,41,44,61,66,70" m="13312" machi="11" ten="50,9600,0" yaku="1,1,52,1,54,1,53,0" doraHai="85,42" doraHaiUra="117,87" who="0" fromWho="2" sc="407,112,151,0,182,-102,250,0" /><INIT seed="0,3,0,0,5,102" ten="519,151,80,250" oya="0" hai0="113,67,6,39,47,26,43,77,111,50,11,10,34" hai1="112,7,21,120,72,16,65,8,57,54,95,45,56" hai2="33,79,2,134,98,99,132,108,4,25,87,59,86" hai3="30,3,92,31,1,73,129,32,9,119,46,5,96"/><T90/><D113/><U89/><E72/><V126/><F108/><W101/><G119/><T107/><D67/><U63/><E120/><V93/><F4/><W23/><G73/><T103/><D11/><U70/><E112/><V24/><F2/><W116/><G116/><T61/><D61/><U110/><E110/><V131/><F59/><W35/><G3/><T114/><D114/><U28/><E28/><V88/><F33/><W27/><G129/><T22/><D34/><U133/><E133/><N who="2" m="51307" /><F131/><W80/><G80/><T18/><D111/><U82/><E82/><N who="2" m="47455" /><F25/><W17/><G35/><T55/><D77/><U20/><E70/><V97/><F24/><W15/><G31/><T75/><D75/><U94/><E45/><AGARI ba="3,0" hai="1,5,9,15,17,23,27,30,32,45,46,92,96,101" machi="45" ten="40,2600,0" yaku="24,2" doraHai="102" who="3" fromWho="1" sc="519,0,151,-35,80,0,250,35" /><INIT seed="1,0,0,3,5,68" ten="519,116,80,285" oya="1" hai0="133,71,129,19,122,21,83,38,27,30,32,6,50" hai1="120,17,29,88,49,126,8,118,52,34,113,97,36" hai2="125,16,23,131,18,58,7,92,66,119,86,79,25" hai3="109,80,72,45,101,15,55,59,2,87,13,108,64"/><U73/><E113/><V3/><F119/><W115/><G115/><T77/><D71/><U10/><E73/><V44/><F125/><W4/><G72/><T42/><D50/><U43/><E120/><V107/><F107/><W110/><G64/><T54/><D54/><U106/><E118/><V111/><F111/><W78/><G101/><T134/><D6/><U94/><E106/><V84/><F3/><W37/><G2/><T47/><D129/><U9/><E126/><V104/><F104/><W67/><G67/><T70/><D70/><U82/><E34/><V130/><F7/><W123/><G123/><T89/><D89/><U33/><E33/><V132/><F132/><W105/><G105/><T35/><D122/><U31/><E17/><V124/><F44/><W22/><G4/><T99/><D99/><U102/><E36/><V14/><F124/><W81/><G80/><T75/><D19/><U121/><E43/><V85/><F79/><W1/><G1/><T103/><D103/><U135/><E135/><AGARI ba="0,0" hai="21,27,30,32,35,38,42,47,75,77,83,133,134,135" machi="135" ten="40,2600,0" yaku="20,1,52,1" doraHai="68" who="0" fromWho="1" sc="519,26,116,-26,80,0,285,0" /><INIT seed="2,0,0,5,1,56" ten="545,90,80,285" oya="2" hai0="22,3,54,39,60,99,135,116,15,85,125,75,98" hai1="49,100,94,68,28,61,128,36,107,119,71,5,17" hai2="104,13,108,29,69,1,0,47,129,55,101,58,31" hai3="24,46,27,4,102,44,114,14,88,6,110,73,51"/><V45/><F129/><W103/><G73/><T112/><D3/><U127/><E119/><V132/><F69/><W92/><G110/><T93/><D75/><U131/><E107/><V62/><F132/><W84/><G114/><T74/><D74/><U133/><E36/><V16/><F108/><W105/><G46/><T52/><D39/><U72/><E5/><V134/><F134/><W113/><G113/><T109/><D109/><U66/><E28/><V8/><F104/><W120/><G120/><T130/><D116/><U70/><E127/><V82/><F101/><W77/><G77/><T25/><D125/><U80/><E49/><V7/><F82/><W96/><G103/><T67/><D112/><U121/><E17/><V123/><F1/><W106/><G105/><T41/><D41/><U42/><E42/><V26/><F31/><W30/><G14/><T124/><D15/><U87/><E121/><V50/><F123/><W33/><REACH who="3" step="1"/><G27/><REACH who="3" ten="545,90,80,275" step="2"/><T20/><D25/><U9/><E133/><V111/><F111/><W34/><G34/><T115/><D115/><U118/><E118/><V122/><F122/><W83/><G83/><T63/><D124/><U35/><E35/><V43/><F47/><W38/><G38/><T40/><D135/><U78/><E72/><V11/><F26/><W32/><G32/><T53/><D130/><N who="1" m="49707" /><E9/><V65/><F43/><AGARI ba="0,1" hai="4,6,24,30,33,43,44,51,84,88,92,96,102,106" machi="43" ten="30,7700,0" yaku="1,1,7,1,54,1,53,1" doraHai="56" doraHaiUra="89" who="3" fromWho="2" sc="545,0,90,0,80,-77,275,87" /><INIT seed="3,0,0,0,4,89" ten="545,90,3,362" oya="3" hai0="133,69,81,107,116,115,100,97,36,38,86,104,66" hai1="53,128,87,20,46,113,65,4,2,130,75,39,23" hai2="49,56,109,114,119,25,58,95,55,16,10,44,43" hai3="101,57,60,131,34,121,80,129,28,91,22,61,106"/><W134/><G34/><T83/><D116/><U78/><E113/><V35/><F114/><W124/><G121/><T108/><D108/><U29/><E65/><V37/><F119/><W6/><G106/><T103/><D83/><N who="1" m="45535" /><E87/><V79/><F109/><W26/><G101/><T96/><D115/><U88/><E29/><V63/><F35/><W125/><G6/><T85/><D133/><U74/><E53/><V76/><F37/><W45/><G45/><T94/><D66/><U112/><E88/><V59/><F59/><W118/><G118/><T102/><D69/><U123/><E74/><V90/><F58/><W70/><G70/><T13/><D13/><U7/><E7/><V12/><F25/><W41/><G41/><T127/><D38/><U126/><E126/><N who="3" m="48746" /><G80/><T3/><D36/><U99/><E123/><V111/><F111/><W77/><G77/><N who="0" m="46255" /><D3/><U98/><E112/><V51/><F63/><N who="3" m="24139" /><G57/><T52/><D127/><U32/><E39/><V27/><F27/><W47/><G47/><T24/><D107/><U0/><E46/><V122/><F122/><W64/><G64/><T110/><D110/><U33/><E4/><V14/><F14/><W15/><G15/><T1/><D1/><N who="1" m="619" /><E33/><V31/><F31/><W120/><G120/><T18/><D104/><U11/><E32/><V19/><F19/><W54/><G54/><T71/><D52/><U48/><E48/><V9/><F9/><W73/><G73/><T105/><D105/><U17/><E11/><V5/><F5/><W117/><G117/><T50/><D71/><U30/><E30/><V93/><F93/><RYUUKYOKU ba="0,0" sc="545,-10,90,-10,3,30,362,-10" hai2="10,12,16,43,44,49,51,55,56,76,79,90,95" /><INIT seed="4,1,0,0,4,39" ten="535,80,33,352" oya="0" hai0="90,130,43,52,109,98,60,4,58,40,134,101,117" hai1="47,94,132,19,75,71,135,102,103,81,108,32,106" hai2="78,53,127,49,125,7,76,112,82,83,9,38,131" hai3="33,123,24,110,25,86,89,95,50,97,55,69,66"/><T63/><D117/><U92/><E32/><V8/><F112/><W21/><G110/><T96/><D109/><U15/><E71/><V87/><F131/><W18/><G123/><T67/><D4/><U34/><E34/><V122/><F122/><W56/><G69/><T29/><D29/><U44/><E108/><V59/><F38/><W35/><G66/><T61/><D130/><U111/><E111/><V6/><F6/><W5/><G5/><T0/><D0/><U30/><E30/><V36/><F36/><W70/><G70/><T80/><D134/><N who="1" m="51243" /><E81/><V105/><F105/><W23/><REACH who="3" step="1"/><G97/><REACH who="3" ten="535,80,33,342" step="2"/><N who="0" m="37483" /><D67/><U93/><E103/><V16/><F7/><W72/><G72/><T1/><D101/><U79/><E102/><V12/><REACH who="2" step="1"/><F9/><REACH who="2" ten="535,80,23,342" step="2"/><W27/><G27/><T51/><D1/><U121/><E121/><V128/><F128/><W42/><G42/><T114/><D114/><U48/><E15/><V129/><F129/><W73/><G73/><AGARI ba="1,2" hai="8,12,16,49,53,59,73,76,78,82,83,87,125,127" machi="73" ten="40,2600,0" yaku="1,1,54,1,53,0" doraHai="39" doraHaiUra="124" who="2" fromWho="3" sc="535,0,80,0,23,49,342,-29" /><INIT seed="5,0,0,1,2,119" ten="535,80,72,313" oya="1" hai0="12,2,52,38,87,96,62,99,70,63,9,69,8" hai1="6,100,127,46,120,27,11,85,95,121,88,60,89" hai2="72,15,76,122,25,22,34,103,33,68,80,112,37" hai3="58,92,124,83,66,4,7,48,113,41,81,133,71"/><U32/><E100/><V115/><F122/><W45/><G71/><T59/><D38/><U36/><E127/><V129/><F68/><W51/><G124/><T102/><D2/><U109/><E109/><V67/><F37/><W84/><G113/><N who="2" m="43593" /><F67/><W5/><G133/><T1/><D1/><U54/><E89/><V30/><F129/><W57/><G66/><T134/><D134/><U123/><E32/><V20/><F103/><W18/><G18/><AGARI ba="0,0" hai="15,18,20,22,25,30,33,34,72,76,80" m="43593" machi="18" ten="30,2000,0" yaku="15,1,11,1" doraHai="119" who="2" fromWho="3" sc="535,0,80,0,72,20,313,-20" /><INIT seed="6,0,0,5,2,43" ten="535,80,92,293" oya="2" hai0="99,59,135,60,124,72,33,21,54,76,132,36,84" hai1="96,38,61,126,48,5,125,87,93,114,107,37,110" hai2="7,17,13,30,25,66,58,24,106,10,123,119,3" hai3="70,16,74,44,18,4,133,83,56,57,20,92,75"/><V113/><F123/><W131/><G70/><T15/><D33/><U101/><E5/><V79/><F113/><W11/><G133/><N who="0" m="51275" /><D36/><U49/><E110/><V89/><F106/><W29/><G29/><T77/><D124/><N who="1" m="47723" /><E61/><V51/><F119/><W129/><G92/><T127/><D127/><U78/><E114/><V45/><F79/><W97/><G97/><T50/><D72/><U90/><E38/><V95/><F66/><W85/><G57/><T86/><D99/><N who="1" m="57783" /><E37/><V130/><F58/><W32/><G32/><T88/><D60/><U71/><E71/><V8/><F30/><W28/><G28/><T112/><D112/><U67/><E67/><V41/><REACH who="2" step="1"/><F130/><REACH who="2" ten="535,80,82,293" step="2"/><W118/><G118/><T52/><D76/><U94/><E78/><V105/><F105/><W9/><G131/><T0/><D77/><U35/><E35/><V120/><F120/><W26/><G129/><T14/><D59/><U31/><E31/><V128/><F128/><W91/><G75/><T63/><D63/><U42/><E42/><V108/><F108/><W81/><G74/><T65/><D65/><U46/><E46/><V80/><F80/><W23/><G56/><T98/><D54/><U122/><E122/><V111/><F111/><W2/><G83/><T103/><D52/><U34/><E34/><V121/><F121/><W117/><G117/><T109/><D109/><U22/><E22/><V102/><F102/><W100/><G100/><T115/><D21/><U104/><E104/><V68/><F68/><W6/><G44/><T116/><D103/><U47/><E47/><V12/><F12/><RYUUKYOKU ba="0,1" sc="535,-15,80,15,82,15,293,-15" hai1="48,49,87,94,96,101,107" hai2="3,7,8,10,13,17,24,25,41,45,51,89,95" /><INIT seed="6,1,1,5,3,102" ten="520,95,97,278" oya="2" hai0="40,82,70,132,24,101,49,135,41,85,75,7,60" hai1="9,133,25,95,119,87,44,4,74,114,118,61,106" hai2="127,37,43,67,117,58,13,77,64,129,15,65,10" hai3="56,97,89,94,79,125,38,115,45,109,11,39,32"/><V126/><F117/><W57/><G109/><T62/><D101/><U92/><E74/><V18/><F129/><W22/><G32/><T113/><D75/><U121/><E114/><V34/><F34/><W104/><G115/><T134/><D7/><U3/><E133/><V93/><F77/><W1/><G125/><N who="2" m="47625" /><F93/><W19/><G79/><N who="0" m="46303" /><D113/><U76/><E121/><V20/><F58/><W69/><G69/><T110/><D110/><U29/><E95/><V59/><F59/><W28/><G28/><T52/><D24/><U86/><E92/><V84/><F84/><W30/><G30/><T2/><D2/><U68/><E87/><V123/><F123/><W98/><G11/><T55/><D70/><U54/><E86/><V33/><F33/><W17/><G1/><T6/><D6/><U88/><E76/><V80/><F80/><W35/><G35/><T130/><D130/><U107/><E119/><V50/><F37/><W31/><G31/><T53/><D49/><U73/><E73/><V16/><F50/><W0/><G0/><T72/><D72/><U14/><E3/><V51/><F51/><W78/><G78/><T111/><D111/><U128/><E128/><V124/><N who="2" m="47633" /><V63/><DORA hai="108" /><F63/><AGARI ba="1,1" hai="40,41,52,53,55,60,62,63,132,134,135" m="46303" machi="63" ten="40,2600,0" yaku="20,1,54,1" doraHai="102,108" who="0" fromWho="2" sc="520,39,95,0,97,-29,278,0" /><INIT seed="7,0,0,5,1,115" ten="559,95,68,278" oya="3" hai0="17,61,75,3,122,60,69,45,103,32,62,85,108" hai1="117,16,50,33,133,113,12,14,22,71,53,125,57" hai2="15,93,91,59,13,48,76,21,132,56,96,67,123" hai3="7,74,28,77,39,55,124,26,95,78,10,98,90"/><W2/><G39/><T80/><D122/><U111/><E111/><V110/><F132/><W11/><G124/><T9/><D108/><U44/><E71/><V29/><F110/><W88/><G74/><T100/><D32/><U54/><E33/><V30/><F123/><W41/><G41/><T37/><D75/><U130/><E130/><V18/><F76/><W129/><G129/><T24/><D69/><U1/><E1/><V27/><F67/><W83/><G83/><T52/><D3/><U8/><E113/><V35/><F30/><W40/><G40/><T58/><D37/><U42/><E117/><V47/><REACH who="2" step="1"/><F15/><REACH who="2" ten="559,95,58,278" step="2"/><W102/><G78/><N who="0" m="46231" /><D45/><U68/><E133/><V97/><F97/><W34/><G77/><T84/><D84/><U38/><E125/><V64/><F64/><W20/><G11/><T128/><D128/><U107/><E8/><V126/><F126/><W79/><G79/><T118/><D118/><U120/><E120/><V25/><F25/><W31/><G31/><T51/><D24/><U43/><E38/><V116/><F116/><W135/><G135/><T105/><D105/><U66/><E107/><V19/><F19/><W92/><G55/><AGARI ba="0,1" hai="13,18,21,27,29,35,47,48,55,56,59,91,93,96" machi="55" ten="30,2000,0" yaku="1,1,7,1,53,0" doraHai="115" doraHaiUra="112" who="2" fromWho="3" sc="559,0,95,0,58,30,278,-20" owari="559,65.0,95,-30.0,88,-41.0,258,6.0" /></mjloggm>