<mjloggm ver="2.3"><GO type="41" lobby="0"/><UN n0="%E8%8D%92%E7%86%8A" n1="%41%64%72%61%69%6E" n2="%E9%9B%B2%E3%81%AE%E4%B8%8A%E3%81%AE%E3%83%9C%E3%83%8B%E3%83%A7" n3="%E2%93%9D%53%75%70%68%78" dan="16,13,14,17" rate="2036.39,1820.37,1925.71,2045.92" sx="M,F,M,M"/><TAIKYOKU oya="0"/><INIT seed="0,0,0,0,2,110" ten="250,250,250,250" oya="0" hai0="121,5,11,88,118,48,23,104,34,8,107,119,45" hai1="115,74,123,127,126,50,105,89,6,122,14,16,99" hai2="125,56,38,41,90,73,63,93,70,40,35,71,64" hai3="62,24,129,44,46,20,59,58,106,108,67,39,30"/><T4/><D121/><N who="1" m="46091" /><E74/><V9/><F35/><W21/><G108/><T55/><D34/><U111/><E6/><V18/><F125/><N who="1" m="47625" /><E111/><V98/><F73/><W13/><G129/><T84/><D23/><U81/><E50/><V61/><F38/><W1/><G106/><T101/><D101/><N who="1" m="62655" /><E81/><V77/><F77/><W96/><G1/><T120/><D120/><U47/><E47/><V52/><F71/><W124/><G124/><T82/><D107/><U49/><E49/><V28/><F28/><W112/><G46/><T36/><D104/><U92/><E92/><V53/><F53/><W80/><G44/><T2/><REACH who="0" step="1"/><D36/><REACH who="0" ten="240,250,250,250" step="2"/><U27/><E27/><V25/><REACH who="2" step="1"/><F25/><REACH who="2" ten="240,250,240,250" step="2"/><W65/><G24/><T76/><D76/><U130/><E130/><V57/><F57/><W113/><G59/><T3/><AGARI ba="0,2" hai="2,3,4,5,8,11,45,48,55,82,84,88,118,119" machi="3" ten="20,12000,1" yaku="1,1,0,1,7,1,9,1,54,1,53,0" doraHai="110" doraHaiUra="66" who="0" fromWho="0" sc="240,140,250,-40,240,-40,250,-40" /><INIT seed="0,1,0,4,5,114" ten="380,210,200,210" oya="0" hai0="99,6,16,96,28,133,68,102,4,111,3,65,112" hai1="17,49,73,72,58,82,85,121,91,103,110,63,130" hai2="75,21,69,107,61,23,10,124,59,46,97,18,47" hai3="33,52,90,9,71,26,34,92,44,35,45,27,77"/><T74/><D112/><U40/><E121/><V129/><F124/><W122/><G71/><T80/><D133/><U51/><E110/><V81/><F129/><W123/><G77/><T66/><D28/><U108/><E108/><V86/><F75/><W42/><G9/><T1/><D111/><U125/><E125/><V29/><F69/><W39/><G92/><T135/><D135/><U31/><E130/><V109/><F10/><W88/><G52/><T94/><D68/><U93/><E31/><V37/><F37/><W104/><G104/><T98/><D98/><U14/><E73/><V19/><F29/><W78/><G78/><T126/><D126/><U41/><E72/><V15/><F97/><W132/><G132/><T24/><D80/><U60/><E60/><V84/><F107/><W2/><G2/><T70/><D70/><U76/><E40/><V62/><F86/><W79/><G79/><T101/><D74/><U53/><E41/><V106/><F106/><W13/><G13/><T105/><D3/><U117/><E117/><V128/><F62/><W87/><G45/><T22/><REACH who="0" step="1"/><D1/><REACH who="0" ten="370,210,200,210" step="2"/><U54/><E82/><V8/><F109/><W116/><G123/><T64/><AGARI ba="1,1" hai="4,6,16,22,24,64,65,66,94,96,99,101,102,105" machi="64" ten="30,12000,1" yaku="1,1,2,1,0,1,54,1,53,1" doraHai="114" doraHaiUra="20" who="0" fromWho="0" sc="370,133,210,-41,200,-41,210,-41" /><INIT seed="0,2,0,0,0,81" ten="503,169,159,169" oya="0" hai0="21,11,123,2,44,5,20,112,132,6,69,19,91" hai1="41,116,67,129,23,0,47,115,38,52,111,121,45" hai2="78,24,122,76,46,51,57,22,40,84,16,42,17" hai3="128,35,93,134,1,135,85,60,87,12,14,68,82"/><T130/><D112/><U99/><E0/><V39/><F122/><W88/><G1/><T37/><D69/><U30/><E121/><V18/><F39/><W64/><G35/><T126/><D123/><U75/><E116/><V77/><F40/><W61/><G61/><T54/><D126/><U28/><E75/><V80/><REACH who="2" step="1"/><F57/><REACH who="2" ten="503,169,149,169" step="2"/><W26/><G128/><T65/><D37/><U53/><E129/><V58/><F58/><W131/><G131/><T25/><D130/><U90/><E115/><V8/><F8/><W29/><G135/><T108/><D132/><U124/><E124/><V92/><F92/><W36/><G36/><T10/><D108/><U98/><E111/><V34/><F34/><W66/><G134/><T127/><D127/><U50/><E41/><V95/><F95/><W125/><G125/><T101/><D21/><U102/><E38/><V13/><F13/><W32/><G66/><T72/><D20/><U62/><E23/><V109/><F109/><W27/><REACH who="3" step="1"/><G27/><REACH who="3" ten="503,169,149,159" step="2"/><T110/><D25/><U7/><E67/><V94/><F94/><W106/><G106/><T48/><D65/><U31/><E102/><V79/><AGARI ba="2,2" hai="16,17,18,22,24,42,46,51,76,77,78,79,80,84" machi="79" ten="30,16000,3" yaku="1,1,0,1,8,1,52,1,54,1,53,4" doraHai="81" doraHaiUra="74" who="2" fromWho="2" sc="503,-82,169,-42,149,186,159,-42" /><INIT seed="1,0,0,0,0,51" ten="421,127,335,117" oya="1" hai0="107,105,44,45,101,96,12,56,115,82,22,9,119" hai1="52,59,11,78,43,14,60,19,108,69,23,24,124" hai2="20,83,29,100,71,95,88,2,94,66,25,134,113" hai3="106,53,57,89,109,48,40,47,91,35,97,38,133"/><U32/><E32/><V55/><F2/><W58/><G109/><T128/><D119/><U118/><E118/><V73/><F134/><W98/><G133/><T64/><D115/><U70/><E124/><V68/><F113/><W103/><G35/><T111/><D111/><U50/><E108/><V77/><F66/><W93/><REACH who="3" step="1"/><G91/><REACH who="3" ten="421,127,335,107" step="2"/><T17/><D128/><U102/><E78/><V28/><F100/><W131/><G131/><T39/><D101/><U10/><E102/><V67/><F88/><W63/><G63/><T76/><D76/><U110/><E110/><V114/><F77/><W130/><G130/><T5/><D107/><U8/><REACH who="1" step="1"/><E24/><REACH who="1" ten="421,117,335,107" step="2"/><N who="2" m="16391" /><F114/><W3/><G3/><T86/><D105/><U121/><E121/><V116/><F25/><W34/><G34/><T90/><D90/><U27/><E27/><V129/><F116/><W61/><G61/><T92/><D82/><U122/><E122/><V65/><F129/><W132/><G132/><T6/><D92/><U4/><E4/><V74/><F83/><W84/><G84/><T1/><D86/><U72/><E72/><V42/><F74/><W135/><G135/><T99/><D6/><U30/><E30/><V54/><F29/><W104/><G104/><T85/><D85/><U62/><E62/><V126/><F73/><W112/><G112/><T46/><D5/><U36/><E36/><V81/><F81/><W79/><G79/><T0/><D39/><U33/><E33/><V18/><F94/><W117/><G117/><T21/><D0/><U125/><E125/><V127/><F95/><W41/><G41/><RYUUKYOKU ba="0,2" sc="421,-15,117,15,335,-15,107,15" hai1="8,10,11,14,19,23,43,50,52,59,60,69,70" hai3="38,40,47,48,53,57,58,89,93,97,98,103,106" /><INIT seed="1,1,2,0,5,134" ten="406,132,320,122" oya="1" hai0="40,66,107,119,89,24,106,60,55,93,104,90,70" hai1="105,15,34,44,80,68,130,132,9,18,114,61,22" hai2="103,36,38,95,116,11,54,39,17,117,19,97,20" hai3="71,48,58,59,45,75,26,78,50,35,128,83,79"/><U25/><E114/><V85/><F11/><W72/><G71/><T118/><D40/><U126/><E132/><V5/><F5/><W12/><G128/><T33/><D55/><U51/><E130/><V131/><F131/><W32/><G12/><T123/><D123/><U1/><E105/><V73/><F73/><W52/><G26/><T49/><D49/><U3/><E80/><V64/><F64/><W46/><G83/><T47/><D47/><U129/><E129/><V87/><F17/><W125/><G52/><T111/><D90/><U76/><E76/><V62/><F62/><W122/><G122/><T91/><D89/><U56/><E68/><V133/><F133/><W28/><G28/><T2/><D2/><U77/><E77/><V42/><F42/><W135/><G135/><T124/><D111/><U57/><E57/><V99/><F99/><W94/><G94/><T101/><D91/><U127/><E34/><V92/><F54/><W102/><REACH who="3" step="1"/><G102/><REACH who="3" ten="406,132,320,112" step="2"/><T21/><D101/><U110/><E110/><V88/><REACH who="2" step="1"/><F87/><REACH who="2" ten="406,132,310,112" step="2"/><W67/><G67/><T14/><D66/><N who="1" m="39207" /><E44/><V63/><F63/><W121/><G121/><T120/><D60/><U30/><E30/><V31/><F31/><W113/><G113/><T43/><D120/><U0/><E51/><V112/><F112/><W65/><G65/><T109/><D70/><U10/><E3/><V4/><F4/><W96/><G96/><T115/><D115/><U86/><E86/><V29/><F29/><W7/><G7/><T69/><D69/><U81/><E1/><V41/><F41/><W108/><G108/><RYUUKYOKU ba="1,4" sc="406,-15,132,-15,310,15,112,15" hai2="19,20,36,38,39,85,88,92,95,97,103,116,117" hai3="32,35,45,46,48,50,58,59,72,75,78,79,125" /><INIT seed="2,2,4,5,2,74" ten="391,117,325,127" oya="2" hai0="85,107,13,89,113,66,104,111,130,4,14,61,134" hai1="118,123,97,83,60,57,122,3,11,108,53,23,21" hai2="26,135,9,33,115,59,32,80,67,12,124,79,68" hai3="29,28,103,91,125,102,114,15,63,36,127,44,70"/><V81/><F115/><W82/><G114/><T1/><D113/><U49/><E118/><V46/><F135/><W98/><G15/><T5/><D111/><U10/><E108/><V69/><F124/><N who="3" m="47691" /><G103/><T71/><D130/><U84/><E97/><V73/><F46/><W51/><G36/><T38/><D38/><U8/><E3/><V50/><F69/><W94/><G82/><T78/><D78/><U121/><REACH who="1" step="1"/><E60/><REACH who="1" ten="391,107,325,127" step="2"/><V86/><F68/><W24/><G102/><T112/><D61/><U62/><E62/><V19/><F67/><N who="3" m="41343" /><G24/><T45/><D66/><U17/><E17/><V72/><F26/><W41/><AGARI ba="2,5" hai="28,29,41,44,51,91,94,98" m="41343,47691" machi="41" ten="30,1100,0" yaku="18,1" doraHai="74" who="3" fromWho="3" sc="391,-5,107,-5,325,-7,127,67" /><INIT seed="3,0,0,2,5,93" ten="386,102,318,194" oya="3" hai0="12,55,124,119,74,61,31,27,133,80,25,106,100" hai1="33,43,98,99,114,51,72,10,53,2,6,89,69" hai2="131,40,117,113,48,105,75,88,92,111,19,86,26" hai3="58,90,128,64,32,45,116,34,118,60,110,109,123"/><W37/><G90/><T13/><D119/><N who="3" m="45609" /><G34/><T41/><D41/><U50/><E72/><V101/><F113/><W73/><G32/><T20/><D106/><U24/><E69/><V7/><F7/><W104/><G104/><T132/><D100/><U96/><E114/><V42/><F75/><W115/><G73/><T71/><D55/><U49/><E43/><V39/><F39/><W108/><G115/><T8/><D61/><U54/><E33/><V127/><F26/><W79/><G79/><N who="0" m="44151" /><D71/><U35/><E35/><V15/><F19/><W17/><G17/><T129/><D27/><U78/><E78/><V70/><F15/><W5/><G5/><T97/><D97/><U107/><E107/><V125/><F101/><W23/><G23/><T63/><D63/><U52/><REACH who="1" step="1"/><E24/><REACH who="1" ten="386,92,318,194" step="2"/><V94/><F105/><W68/><G68/><T16/><D25/><U67/><E67/><V9/><F70/><W29/><G29/><T36/><D31/><U59/><E59/><V135/><F117/><W95/><G64/><T91/><D132/><U57/><E57/><V38/><F135/><W120/><G58/><T4/><D133/><U30/><E30/><V76/><F76/><W62/><G110/><T126/><D126/><U77/><E77/><V46/><F127/><W66/><G109/><T81/><D124/><U121/><E121/><V56/><F125/><W21/><G108/><T134/><D134/><U65/><E65/><V130/><F111/><W47/><G66/><T103/><D36/><U1/><E1/><V84/><F38/><W82/><G37/><T122/><D122/><RYUUKYOKU ba="0,1" sc="386,-10,92,30,318,-10,194,-10" hai1="2,6,10,49,50,51,52,53,54,89,96,98,99" /><INIT seed="4,1,1,4,1,117" ten="376,122,308,184" oya="0" hai0="83,41,28,25,38,70,56,52,65,59,35,77,125" hai1="103,95,87,74,132,68,5,69,29,51,75,122,12" hai2="42,0,78,124,44,1,13,50,118,49,24,93,14" hai3="90,97,30,84,60,31,62,110,85,102,111,3,129"/><T9/><D125/><U19/><E132/><V86/><F124/><W39/><G3/><T23/><D70/><U63/><E5/><V22/><F118/><W18/><G39/><T47/><D35/><U92/><E29/><V53/><F0/><W27/><G18/><T105/><D105/><U15/><E51/><V82/><F93/><W114/><G129/><T36/><D9/><U81/><E103/><V21/><F1/><W73/><G73/><T58/><D65/><U17/><E87/><V7/><F7/><W133/><G102/><T96/><D96/><U79/><E63/><V100/><F100/><W20/><G114/><T80/><D36/><U34/><E34/><V54/><F42/><W98/><G20/><N who="2" m="7785" /><F24/><W55/><G27/><T40/><D40/><U6/><E6/><V104/><F104/><W106/><G106/><T48/><REACH who="0" step="1"/><D80/><REACH who="0" ten="366,122,308,184" step="2"/><U112/><E81/><V128/><F128/><W32/><G32/><T120/><D120/><U135/><E112/><V26/><F26/><W64/><G64/><T127/><D127/><U89/><E68/><V121/><F121/><W10/><G10/><T108/><D108/><U66/><E66/><V45/><AGARI ba="1,2" hai="13,14,44,45,49,50,53,54,78,82,86" m="7785" machi="45" ten="30,1100,0" yaku="8,1" doraHai="117" who="2" fromWho="2" sc="366,-6,122,-4,308,34,184,-4" /><INIT seed="5,0,0,3,5,43" ten="360,118,342,180" oya="1" hai0="77,60,15,40,3,54,0,87,61,115,133,13,41" hai1="56,91,132,86,22,37,68,38,131,107,118,16,4" hai2="81,59,72,44,102,82,10,100,78,94,27,110,29" hai3="31,12,26,126,128,18,24,47,11,9,96,84,5"/><U65/><E118/><V117/><F110/><W125/><G96/><T119/><D115/><U33/><E68/><V75/><F117/><W106/><G106/><T98/><D98/><U74/><E74/><V67/><F94/><W130/><G47/><T89/><D77/><U45/><E107/><V51/><F10/><W14/><G84/><T135/><D87/><U57/><E33/><V66/><F72/><W121/><G121/><T103/><D54/><U99/><E99/><V95/><F95/><W32/><REACH who="3" step="1"/><G26/><REACH who="3" ten="360,118,342,170" step="2"/><T1/><D119/><U124/><E131/><AGARI ba="0,1" hai="5,9,11,12,14,18,24,31,32,125,126,128,130,131" machi="131" ten="40,12000,2" yaku="1,1,2,1,19,1,34,3,53,0" doraHai="43" doraHaiUra="122" who="3" fromWho="1" sc="360,0,118,-120,342,0,170,130" owari="360,46.0,-2,-50.0,342,14.0,300,-10.0" /></mjloggm>