<mjloggm ver="2.3"><GO type="41" lobby="0"/><UN n0="%E5%86%8D%E3%81%B3%EF%BD%86" n1="%E3%81%91%E3%81%A0%E3%81%BE%E3%81%BE%E3%81%BE%E3%81%BE" n2="%E2%93%9D%53%75%70%68%78" n3="%4D%41%49%54%4F" dan="13,14,18,13" rate="1909.72,1958.03,2131.49,1868.63" sx="M,M,M,M"/><TAIKYOKU oya="0"/><INIT seed="0,0,0,2,1,60" ten="250,250,250,250" oya="0" hai0="80,26,127,54,46,61,79,59,40,13,119,49,62" hai1="97,19,6,94,43,84,101,9,99,76,35,105,85" hai2="1,115,52,96,16,117,18,28,4,91,107,112,93" hai3="72,102,27,98,24,64,0,109,23,87,41,120,29"/><T90/><D119/><U100/><E35/><V70/><F117/><W73/><G0/><T78/><D127/><U55/><E43/><V14/><F70/><W89/><G120/><T57/><D26/><U81/><E19/><V95/><F107/><W58/><G41/><T129/><D129/><U48/><E85/><V83/><F1/><W15/><G15/><T63/><D13/><U44/><REACH who="1" step="1"/><E9/><REACH who="1" ten="250,240,250,250" step="2"/><V32/><F32/><W33/><G33/><T36/><D59/><U103/><E103/><V131/><F18/><W37/><G27/><T56/><D56/><U123/><E123/><V135/><F16/><W111/><G37/><T104/><D104/><U39/><E39/><V30/><F30/><W116/><G116/><T121/><REACH who="0" step="1"/><D121/><REACH who="0" ten="240,240,250,250" step="2"/><U77/><E77/><V128/><F128/><W69/><G69/><T124/><D124/><U25/><E25/><V31/><F131/><W125/><G125/><T132/><D132/><U68/><E68/><V82/><F135/><W3/><G58/><T113/><D113/><U45/><E45/><V108/><F115/><W92/><G24/><T20/><D20/><U38/><E38/><V122/><F112/><W74/><G23/><T67/><D67/><U10/><E10/><V71/><F122/><W130/><G130/><T106/><D106/><U22/><E22/><V50/><F71/><W17/><G17/><T88/><D88/><U66/><E66/><V21/><F91/><W5/><G64/><T75/><D75/><U11/><E11/><V133/><F21/><W118/><G118/><T7/><D7/><AGARI ba="0,2" hai="6,7,44,48,55,76,81,84,94,97,99,100,101,105" machi="7" ten="40,1300,0" yaku="1,1,53,0" doraHai="60" doraHaiUra="12" who="1" fromWho="0" sc="240,-13,240,33,250,0,250,0" /><INIT seed="1,0,0,5,0,24" ten="227,273,250,250" oya="1" hai0="125,117,130,34,33,83,70,116,13,37,132,48,78" hai1="114,45,40,89,29,71,111,121,11,15,1,8,74" hai2="20,113,106,77,59,14,109,103,62,50,23,44,122" hai3="61,135,5,25,127,22,63,96,94,16,72,108,93"/><U4/><E121/><V86/><F109/><W35/><G108/><T123/><D37/><U107/><E111/><V90/><F122/><W41/><G127/><T38/><D38/><U3/><E114/><V7/><F106/><W21/><G135/><T56/><D70/><U9/><E107/><V128/><F128/><W58/><G72/><T17/><D123/><U28/><E74/><V66/><F103/><W19/><G35/><T101/><D132/><U31/><E71/><V10/><F113/><W124/><G124/><T46/><D125/><U85/><E1/><V120/><F120/><W100/><G5/><T26/><D130/><U64/><E64/><V65/><F65/><W27/><G41/><T81/><D34/><U80/><REACH who="1" step="1"/><E3/><REACH who="1" ten="227,263,250,250" step="2"/><V43/><REACH who="2" step="1"/><F77/><REACH who="2" ten="227,263,240,250" step="2"/><W102/><REACH who="3" step="1"/><G58/><REACH who="3" ten="227,263,240,240" step="2"/><T134/><D56/><U60/><E60/><V0/><F0/><W42/><G42/><T69/><D134/><U36/><AGARI ba="0,3" hai="4,8,9,11,15,28,29,31,36,40,45,80,85,89" machi="36" ten="30,12000,1" yaku="1,1,0,1,52,3,53,0" doraHai="24" doraHaiUra="88" who="1" fromWho="1" sc="227,-40,263,150,240,-40,240,-40" /><INIT seed="1,1,0,3,0,93" ten="187,413,200,200" oya="1" hai0="25,86,87,77,44,29,6,9,132,92,123,11,115" hai1="102,130,94,95,53,129,128,68,97,51,120,47,39" hai2="48,59,134,96,35,103,79,42,58,85,113,27,62" hai3="100,82,84,61,119,126,12,36,106,46,22,31,40"/><U2/><E120/><V18/><F134/><W43/><G119/><T101/><D115/><U1/><E68/><V121/><F121/><W133/><G133/><T80/><D132/><U81/><E81/><V125/><F125/><W98/><G126/><T69/><D123/><U74/><E74/><V32/><F113/><W111/><G111/><T114/><D114/><U4/><E39/><V38/><F38/><W135/><G135/><T24/><D69/><U66/><E66/><V17/><F85/><W91/><G61/><T122/><D122/><U76/><E76/><V37/><F37/><W110/><G110/><T57/><D25/><U5/><REACH who="1" step="1"/><E95/><REACH who="1" ten="187,403,200,200" step="2"/><V64/><F79/><W112/><G112/><T109/><D109/><U14/><E14/><V90/><F64/><W63/><G63/><T10/><D92/><U72/><E72/><V52/><F62/><W50/><G12/><T7/><D101/><U118/><E118/><V55/><F103/><W65/><G65/><T0/><D87/><U116/><E116/><V67/><F67/><W3/><G3/><AGARI ba="1,1" hai="1,2,3,4,5,47,51,53,94,97,102,128,129,130" machi="3" ten="50,9600,0" yaku="1,1,19,1,52,1,53,0" doraHai="93" doraHaiUra="75" who="1" fromWho="3" sc="187,0,403,109,200,0,200,-99" /><INIT seed="1,2,0,0,3,39" ten="187,512,200,101" oya="1" hai0="45,94,83,91,7,25,103,64,106,15,59,12,69" hai1="101,112,16,113,89,8,50,110,62,108,82,38,126" hai2="75,88,6,122,67,0,86,92,63,87,105,57,109" hai3="55,98,11,100,115,81,85,90,37,32,128,35,95"/><U77/><E38/><V23/><F75/><W21/><G115/><T13/><D69/><U117/><E117/><V130/><F122/><W36/><G128/><T65/><D106/><U19/><E126/><V4/><F105/><W73/><G73/><T46/><D103/><U96/><E89/><V68/><F109/><N who="1" m="42089" /><E62/><V84/><F130/><W48/><G37/><T74/><D25/><U14/><E19/><V129/><F129/><W118/><G36/><T60/><D74/><N who="1" m="43319" /><E50/><V66/><F68/><W27/><G11/><T22/><D83/><U123/><E123/><V42/><F63/><W41/><G118/><T43/><D46/><U124/><E124/><V93/><F88/><W20/><G20/><T134/><D134/><U1/><E1/><V28/><F23/><W2/><G2/><T120/><D120/><U47/><E47/><V17/><F0/><W127/><G127/><T58/><D22/><U53/><E53/><V102/><F67/><W9/><G9/><T31/><D31/><U119/><E119/><V24/><F66/><W76/><G90/><T33/><D33/><U40/><E40/><V72/><F42/><W116/><G116/><T99/><D7/><U133/><E133/><V125/><F6/><W71/><G71/><T44/><D43/><U52/><E52/><V3/><F4/><W97/><G41/><T54/><D65/><U70/><E70/><V10/><F3/><W121/><G121/><T5/><D5/><U131/><E131/><V79/><F125/><W114/><G55/><T132/><D132/><U26/><E26/><V49/><F24/><RYUUKYOKU ba="2,0" sc="187,15,512,15,200,-15,101,-15" hai0="12,13,15,44,45,54,58,59,60,64,91,94,99" hai1="8,14,16,96,101,112,113" /><INIT seed="1,3,0,5,1,117" ten="202,527,185,86" oya="1" hai0="111,22,14,31,72,127,101,4,18,90,69,93,86" hai1="19,56,65,6,21,102,64,62,50,124,60,8,29" hai2="77,12,92,91,32,87,110,96,55,75,122,49,51" hai3="24,85,114,126,125,108,36,132,118,78,58,74,46"/><U42/><E124/><V33/><F110/><W63/><G85/><T28/><D111/><U106/><E29/><V107/><F51/><W89/><G78/><T54/><D69/><U34/><E34/><V70/><F70/><W48/><G89/><T17/><D72/><U116/><E116/><V109/><F122/><W128/><G24/><T66/><D127/><N who="3" m="48649" /><G74/><T40/><D66/><U27/><E106/><V123/><F123/><W20/><G20/><T68/><D68/><U99/><E99/><V83/><F12/><W9/><G9/><T79/><D40/><U23/><E102/><N who="2" m="62919" /><F109/><W103/><G103/><T53/><D4/><U112/><E112/><V94/><F94/><W11/><G11/><N who="0" m="6367" /><D79/><U67/><E23/><V130/><F130/><W2/><G2/><T135/><D135/><U88/><E88/><V113/><F113/><W80/><G80/><T81/><D31/><U15/><REACH who="1" step="1"/><E56/><AGARI ba="3,0" hai="32,33,49,55,56,75,77,83,87,91,92" m="62919" machi="56" ten="30,1000,0" yaku="24,1" doraHai="117" who="2" fromWho="1" sc="202,0,527,-19,185,19,86,0" /><INIT seed="2,0,0,0,0,97" ten="202,508,204,86" oya="2" hai0="135,30,42,79,96,63,13,26,74,92,8,50,126" hai1="95,102,114,64,69,33,24,134,83,132,84,104,129" hai2="118,100,46,2,82,124,29,25,71,16,66,115,127" hai3="0,88,59,105,15,34,3,36,120,89,110,60,72"/><V133/><F115/><W58/><G110/><T123/><D123/><U48/><E114/><V23/><F118/><W44/><G120/><T38/><D135/><N who="1" m="51755" /><E95/><V77/><F2/><W108/><G34/><T106/><D126/><N who="2" m="48170" /><F46/><W20/><G108/><T94/><D106/><U116/><E116/><V22/><F133/><W27/><G72/><T65/><D38/><U31/><E48/><V14/><F66/><W80/><G105/><T53/><D74/><U75/><E75/><N who="2" m="43327" /><F71/><W98/><G15/><T9/><D79/><U81/><E84/><V78/><F78/><W45/><G36/><T85/><D42/><U40/><E129/><V87/><F87/><W122/><G122/><T28/><D85/><U70/><E40/><V117/><F117/><W21/><G27/><T107/><D107/><U49/><E49/><V101/><AGARI ba="0,0" hai="14,16,22,23,25,29,100,101" m="43327,48170" machi="101" ten="30,11700,0" yaku="18,1,52,2,54,1" doraHai="97" who="2" fromWho="2" sc="202,-39,508,-39,204,117,86,-39" /><INIT seed="2,1,0,4,0,42" ten="163,469,321,47" oya="2" hai0="128,126,2,51,57,107,86,109,122,25,52,12,15" hai1="69,110,44,61,26,17,59,108,133,105,29,111,22" hai2="130,100,24,23,125,74,77,70,28,83,62,87,3" hai3="7,78,43,1,9,68,13,0,31,92,37,85,65"/><V102/><F130/><W119/><G119/><T67/><D109/><U46/><E105/><V56/><F125/><W54/><G31/><T103/><D122/><U48/><E133/><V64/><F3/><W81/><G68/><T36/><D2/><U124/><E69/><V27/><F74/><W82/><G65/><T84/><D36/><U89/><E48/><V18/><REACH who="2" step="1"/><F70/><REACH who="2" ten="163,469,311,47" step="2"/><W35/><G1/><T113/><D128/><U39/><E124/><V118/><F118/><W96/><G0/><T21/><D126/><U88/><E39/><V91/><F91/><N who="1" m="34889" /><E29/><V98/><F98/><W53/><G82/><T40/><D113/><U47/><E59/><V14/><F14/><W93/><G96/><T55/><D12/><U41/><E41/><V112/><F112/><W135/><G135/><T132/><D132/><U117/><E117/><V30/><F30/><W120/><G120/><T80/><D15/><U114/><E114/><V6/><F6/><W34/><G43/><T58/><D80/><U16/><E61/><V104/><F104/><W33/><REACH who="3" step="1"/><G37/><REACH who="3" ten="163,469,311,37" step="2"/><T121/><D121/><U73/><E17/><V97/><F97/><W49/><G49/><T94/><D51/><U5/><E5/><V63/><F63/><W38/><G38/><T32/><D107/><U131/><E131/><V75/><F75/><AGARI ba="1,2" hai="16,22,26,44,46,47,73,75,108,110,111" m="34889" machi="75" ten="40,12000,2" yaku="14,1,52,3,54,2" doraHai="42" who="1" fromWho="2" sc="163,0,469,143,311,-123,37,0" /><INIT seed="3,0,0,2,4,91" ten="163,612,188,37" oya="3" hai0="58,77,106,74,28,95,21,2,51,104,55,116,11" hai1="62,15,101,39,110,53,20,3,59,127,135,94,60" hai2="107,103,54,81,37,93,89,97,50,90,41,8,5" hai3="33,112,57,29,22,32,121,130,76,109,117,0,42"/><W108/><G57/><T31/><D116/><U45/><E3/><V75/><F41/><W24/><G42/><T47/><D106/><U115/><E115/><V80/><F37/><W83/><G117/><T102/><D104/><U30/><E127/><V9/><F9/><W88/><G121/><T99/><D74/><U120/><E120/><V64/><F64/><W82/><G0/><T92/><D77/><U63/><E110/><N who="3" m="42602" /><G112/><T36/><D2/><U48/><E39/><V111/><F111/><W87/><G130/><T118/><D118/><U70/><E70/><V12/><F75/><AGARI ba="0,0" hai="22,24,29,32,33,75,76,82,83,87,88" m="42602" machi="75" ten="30,5800,0" yaku="14,1,10,1,54,1" doraHai="91" who="3" fromWho="2" sc="163,0,612,0,188,-58,37,58" /><INIT seed="3,1,0,2,4,42" ten="163,612,130,95" oya="3" hai0="126,65,92,71,40,90,88,91,48,105,36,49,54" hai1="45,12,79,77,128,125,24,107,66,117,30,96,129" hai2="25,15,22,57,58,124,113,19,17,93,10,50,83" hai3="116,131,8,108,68,9,4,63,14,115,1,76,53"/><W118/><G115/><T34/><D105/><U121/><E121/><V6/><F124/><W13/><G131/><N who="1" m="50250" /><E125/><V86/><F113/><W18/><G76/><T85/><D126/><U29/><E66/><V7/><F93/><W64/><G108/><T51/><D34/><N who="1" m="20775" /><E30/><V2/><F2/><W46/><REACH who="3" step="1"/><G1/><REACH who="3" ten="163,612,130,85" step="2"/><T109/><D109/><U110/><E110/><V11/><F7/><W95/><G95/><T84/><D71/><U122/><E122/><V70/><F70/><W21/><G21/><T0/><D0/><U32/><E32/><V60/><F6/><W31/><G31/><T99/><D65/><U127/><E127/><V89/><F11/><W112/><G112/><T59/><D40/><U106/><E117/><V133/><F133/><W80/><G80/><N who="0" m="49159" /><D36/><U44/><E107/><V52/><REACH who="2" step="1"/><F60/><REACH who="2" ten="163,612,120,85" step="2"/><W33/><G33/><T16/><D16/><U100/><E77/><V23/><F23/><W69/><G69/><T35/><D35/><U87/><E79/><V78/><F78/><W72/><G72/><T73/><D73/><U98/><E106/><V82/><F82/><AGARI ba="1,2" hai="48,49,51,54,59,82,85,90,91,92,99" m="49159" machi="82" ten="30,2000,0" yaku="8,1,54,1" doraHai="42" who="0" fromWho="2" sc="163,43,612,0,120,-23,85,0" /><INIT seed="4,0,0,0,4,100" ten="206,612,97,85" oya="0" hai0="103,80,65,126,52,67,56,130,118,64,1,101,30" hai1="121,23,83,27,122,10,0,31,43,53,98,32,99" hai2="73,13,17,114,47,50,4,123,59,39,69,25,33" hai3="37,42,5,117,34,41,104,96,61,94,132,24,111"/><T35/><D118/><U90/><E43/><V3/><F73/><W79/><G111/><T119/><D119/><U7/><E32/><V105/><F69/><W129/><G117/><T36/><D36/><U54/><E99/><V21/><F123/><W93/><G129/><T76/><D1/><U11/><E11/><V49/><F114/><W92/><G132/><T102/><D126/><U55/><REACH who="1" step="1"/><E98/><REACH who="1" ten="206,602,97,85" step="2"/><V2/><F33/><W72/><G34/><T116/><D116/><U38/><E38/><V84/><F39/><W134/><G37/><T85/><D130/><U125/><E125/><V15/><F3/><W78/><G42/><T20/><D35/><U89/><E89/><V58/><F2/><W124/><G41/><T88/><D76/><U9/><E9/><V44/><F4/><W86/><G124/><T63/><D103/><U40/><E40/><V51/><F47/><W131/><G96/><T128/><D128/><U133/><E133/><V109/><F44/><W115/><G79/><T97/><D97/><U48/><E48/><V18/><F51/><W71/><G78/><T135/><D135/><U113/><E113/><V16/><F50/><W91/><G134/><T26/><AGARI ba="0,1" hai="20,26,30,52,56,63,64,65,67,80,85,88,101,102" machi="26" ten="30,11700,0" yaku="0,1,8,1,54,2" doraHai="100" who="0" fromWho="0" sc="206,127,602,-39,97,-39,85,-39" /><INIT seed="4,1,0,2,5,21" ten="333,563,58,46" oya="0" hai0="126,125,54,29,17,113,117,57,31,78,112,122,43" hai1="52,48,34,44,121,99,115,132,90,65,3,19,124" hai2="1,73,108,12,71,96,33,51,111,28,83,50,45" hai3="129,0,131,74,7,110,88,4,118,70,85,89,133"/><T6/><D122/><U30/><E121/><V92/><F1/><W23/><G74/><T76/><D117/><U39/><E39/><V109/><F71/><W41/><G70/><T79/><D43/><U10/><E124/><N who="0" m="47721" /><D6/><U84/><E99/><V114/><F114/><N who="0" m="44138" /><D17/><U98/><E115/><V135/><F135/><W100/><G133/><T104/><D104/><U38/><E98/><V134/><F134/><W120/><G118/><T119/><D119/><U107/><E132/><V68/><F111/><W128/><G120/><T59/><D54/><U9/><E107/><V63/><F109/><W62/><G110/><T95/><D95/><U22/><E65/><V47/><F92/><W69/><G41/><T93/><D93/><U106/><E38/><V5/><F5/><W13/><G0/><T40/><D40/><U37/><E37/><V25/><F108/><W82/><G7/><T8/><D8/><U102/><E3/><V130/><F12/><W66/><G100/><T32/><D32/><U2/><E2/><V61/><F33/><W18/><REACH who="3" step="1"/><G4/><REACH who="3" ten="333,563,58,36" step="2"/><T123/><D123/><U87/><E102/><V101/><F101/><W49/><G49/><T80/><D80/><U116/><E116/><V105/><F83/><W26/><G26/><T14/><D14/><U97/><E48/><V46/><F51/><W94/><G94/><T81/><D81/><U11/><E97/><V53/><F96/><W127/><G127/><T72/><D72/><U56/><E106/><V91/><F105/><W42/><G42/><T64/><D64/><U15/><E34/><V36/><F36/><RYUUKYOKU ba="1,1" sc="333,15,563,-15,58,-15,36,15" hai0="29,31,57,59,76,78,79" hai3="13,18,23,62,66,69,82,85,88,89,128,129,131" /><INIT seed="4,2,1,2,4,135" ten="348,548,43,51" oya="0" hai0="46,23,113,53,7,125,58,87,45,83,30,26,0" hai1="8,51,92,33,72,61,130,24,29,50,32,43,54" hai2="62,49,66,98,124,95,115,133,102,126,118,19,100" hai3="74,65,127,86,42,60,16,35,2,27,52,6,131"/><T40/><D113/><U39/><E39/><V99/><F115/><W34/><G74/><T57/><D46/><U77/><E33/><V88/><F133/><W22/><G42/><T9/><D53/><U108/><E108/><V105/><F118/><W119/><G119/><T96/><D125/><N who="2" m="48234" /><F19/><W122/><G127/><T114/><D96/><U103/><E130/><V20/><F20/><W80/><G131/><T75/><D75/><U18/><E43/><V120/><F49/><W93/><G93/><T12/><D114/><U37/><E37/><V44/><F44/><W70/><G122/><T63/><D63/><U111/><E111/><V68/><F102/><W132/><G132/><T28/><D28/><U117/><E117/><V31/><F31/><W84/><G6/><T47/><D0/><U123/><E123/><AGARI ba="2,1" hai="62,66,68,88,95,98,99,100,105,120,123" m="48234" machi="123" ten="30,8000,1" yaku="18,1,52,3,54,1" doraHai="135" who="2" fromWho="1" sc="348,0,548,-86,43,96,51,0" /><INIT seed="5,0,0,0,3,115" ten="348,462,139,51" oya="1" hai0="111,121,50,120,79,2,85,31,4,73,108,74,118" hai1="131,55,65,71,49,63,18,134,124,19,92,43,33" hai2="102,60,91,77,9,133,1,59,98,132,10,27,21" hai3="44,56,94,47,83,82,104,51,64,114,52,37,127"/><U25/><E124/><V61/><F77/><W84/><G104/><T41/><D31/><U32/><E134/><N who="2" m="51819" /><F91/><W68/><G114/><T26/><D26/><U76/><E131/><V69/><F69/><W135/><G127/><T8/><D73/><U88/><E76/><V7/><F10/><W109/><G109/><T90/><D111/><U67/><E67/><V75/><F59/><W58/><G135/><T23/><D108/><U57/><E43/><V36/><F36/><W106/><G106/><T12/><D23/><U11/><E11/><V48/><F48/><N who="3" m="28679" /><G94/><T35/><D35/><U6/><E6/><V101/><F75/><W96/><G96/><T126/><D126/><U117/><E117/><V72/><F72/><W3/><G3/><T86/><D118/><U87/><REACH who="1" step="1"/><E33/><REACH who="1" ten="348,452,139,51" step="2"/><V81/><F7/><W53/><G64/><T125/><D125/><U16/><E16/><V89/><F9/><W113/><G113/><T100/><D79/><U103/><E103/><V40/><F102/><W22/><G22/><T122/><D100/><U107/><E107/><V129/><F101/><W34/><G34/><T42/><D74/><U116/><E116/><V97/><F21/><W123/><G68/><T38/><D41/><U14/><E14/><V29/><F40/><N who="3" m="22927" /><G123/><T28/><D12/><U30/><AGARI ba="0,1" hai="18,19,25,30,32,49,55,57,63,65,71,87,88,92" machi="30" ten="30,6000,0" yaku="1,1,0,1,54,1,53,0" doraHai="115" doraHaiUra="17" who="1" fromWho="1" sc="348,-20,452,70,139,-20,51,-20" /><INIT seed="5,1,0,1,5,54" ten="328,522,119,31" oya="1" hai0="108,117,94,96,17,81,3,104,125,99,45,15,79" hai1="120,72,88,14,40,91,103,18,132,19,92,36,127" hai2="22,86,48,105,25,114,133,53,29,51,69,6,59" hai3="49,2,62,106,27,116,82,67,110,56,61,73,20"/><U66/><E120/><V57/><F69/><W93/><G106/><T71/><D108/><U68/><E72/><V0/><F105/><W107/><G107/><T77/><D117/><U100/><E91/><V76/><F133/><W60/><G110/><T98/><D3/><U85/><E132/><V13/><F0/><W8/><G116/><T24/><D125/><U90/><E127/><V9/><F114/><W89/><G2/><T75/><D104/><U35/><E35/><V129/><F129/><W34/><G34/><T4/><D79/><U134/><E134/><V78/><F86/><W31/><G8/><T28/><D71/><U95/><E40/><V47/><F59/><W10/><G10/><T64/><D64/><U39/><E66/><V135/><F135/><W52/><G73/><T124/><D124/><U30/><E30/><V121/><F121/><W5/><G5/><T11/><D45/><U113/><E68/><V21/><F21/><W118/><G82/><T84/><D75/><U55/><E113/><V87/><F87/><N who="3" m="52415" /><G118/><T128/><D128/><U26/><E55/><AGARI ba="1,0" hai="6,9,13,22,25,29,47,48,51,53,55,57,76,78" machi="55" ten="30,3900,0" yaku="7,1,8,1,52,1" doraHai="54" who="2" fromWho="1" sc="328,0,522,-42,119,42,31,0" /><INIT seed="6,0,0,1,1,103" ten="328,480,161,31" oya="2" hai0="96,32,56,82,135,115,80,123,90,81,125,27,69" hai1="83,117,102,22,72,120,95,39,111,65,41,98,88" hai2="24,124,78,14,11,110,93,121,60,59,126,131,5" hai3="31,101,112,40,33,3,119,45,64,18,104,29,48"/><V9/><F121/><W36/><G119/><T53/><D123/><U61/><E120/><V0/><F78/><W75/><G75/><T43/><D115/><U46/><E111/><V91/><F131/><W66/><G3/><T89/><D69/><U13/><E117/><V2/><F24/><W50/><G112/><T71/><D71/><U15/><E22/><V10/><F110/><W4/><G4/><T26/><D135/><U122/><E122/><V109/><F109/><W94/><G18/><T17/><D125/><N who="2" m="48234" /><F14/><W37/><G94/><T6/><D32/><U20/><E20/><V84/><F5/><W21/><G21/><T12/><D43/><U42/><E42/><V76/><F76/><W97/><G33/><T86/><D6/><U19/><E19/><V114/><F114/><W44/><G36/><T38/><D38/><U73/><E73/><V74/><F74/><W130/><G130/><T92/><D27/><U107/><E83/><V47/><F47/><W99/><G99/><T108/><D26/><U54/><E54/><AGARI ba="0,0" hai="0,2,9,10,11,54,59,60,84,91,93" m="48234" machi="54" ten="30,1500,0" yaku="18,1" doraHai="103" who="2" fromWho="1" sc="328,0,480,-15,161,15,31,0" /><INIT seed="6,1,0,5,3,68" ten="328,465,176,31" oya="2" hai0="89,0,10,32,65,78,130,63,134,8,80,122,127" hai1="50,92,44,49,133,33,87,34,20,71,61,85,67" hai2="14,121,54,53,66,35,119,22,124,76,135,113,128" hai3="6,96,59,73,45,47,116,88,12,58,19,48,115"/><V117/><F35/><W131/><G73/><T70/><D122/><U36/><E133/><V7/><F76/><W42/><G116/><T17/><D130/><U79/><E87/><V56/><F7/><W132/><G131/><T107/><D127/><U106/><E106/><V24/><F113/><W3/><G132/><T62/><D134/><U29/><E20/><V28/><F121/><W114/><G6/><T37/><D32/><U40/><E29/><V109/><F109/><W31/><G3/><T9/><D107/><U2/><E2/><V126/><F14/><W98/><G31/><T21/><D0/><U111/><E111/><V5/><F5/><W51/><G88/><T90/><D62/><U105/><E105/><V99/><F128/><W83/><G83/><T82/><D82/><U75/><E33/><V43/><F135/><W55/><G12/><T110/><D110/><U57/><E34/><V27/><F119/><W84/><G84/><T118/><D118/><U25/><E25/><V74/><F74/><W41/><REACH who="3" step="1"/><G55/><REACH who="3" ten="328,465,176,21" step="2"/><T64/><D80/><U86/><E86/><V26/><F117/><W18/><AGARI ba="1,1" hai="18,19,41,42,45,47,48,51,58,59,96,98,114,115" machi="18" ten="25,8000,1" yaku="1,1,2,1,0,1,22,2,53,0" doraHai="68" doraHaiUra="97" who="3" fromWho="3" sc="328,-21,465,-21,176,-41,21,93" /><INIT seed="7,0,0,3,0,51" ten="307,444,135,114" oya="3" hai0="103,22,9,109,6,7,114,101,25,40,13,99,5" hai1="29,81,66,71,35,53,15,36,118,85,70,32,88" hai2="46,11,63,119,42,82,75,84,59,86,58,47,49" hai3="19,45,121,43,126,128,62,115,60,116,110,27,104"/><W50/><G104/><T100/><D109/><U54/><E36/><V21/><F119/><W113/><G19/><T1/><D1/><U17/><E118/><V57/><F75/><W72/><G27/><T130/><D130/><U90/><E90/><N who="2" m="51479" /><F47/><W93/><G116/><T91/><D114/><N who="3" m="43529" /><G72/><T74/><D74/><U131/><E131/><V44/><F44/><W38/><G128/><T24/><D40/><U120/><E120/><V95/><F21/><W37/><G93/><N who="0" m="56767" /><D25/><U67/><E70/><V123/><F123/><W77/><G77/><T89/><D89/><U83/><E83/><V134/><F134/><W97/><G97/><T64/><D64/><U4/><E4/><V39/><F95/><W73/><G73/><T56/><D56/><U16/><E71/><V55/><F86/><W26/><G121/><T94/><D94/><U98/><E98/><V133/><F133/><W30/><G110/><T41/><D41/><U23/><E17/><AGARI ba="0,0" hai="5,6,7,9,13,17,22,24,100,101,103" m="56767" machi="17" ten="30,1000,0" yaku="8,1" doraHai="51" who="0" fromWho="1" sc="307,10,444,-10,135,0,114,0" owari="317,12.0,434,53.0,135,-26.0,114,-39.0" /></mjloggm>