<mjloggm ver="2.3"><GO type="41" lobby="0"/><UN n0="%E5%B0%B1%E6%B4%BB%E5%9C%B0%E7%8D%84" n1="%E6%99%BA%E4%B9%83%E3%81%AB%E3%82%83" n2="%E2%93%9D%53%75%70%68%78" n3="%E3%81%82%E3%82%81%E3%82%85%E3%82%93" dan="14,15,17,14" rate="1886.74,1984.65,2070.29,1849.41" sx="M,F,M,F"/><TAIKYOKU oya="0"/><INIT seed="0,0,0,4,5,71" ten="250,250,250,250" oya="0" hai0="35,96,43,61,67,3,78,85,87,46,91,38,82" hai1="26,32,0,115,57,70,97,93,52,90,60,17,117" hai2="53,14,80,65,75,68,21,116,81,132,19,34,121" hai3="123,45,104,135,48,16,107,22,11,64,100,99,79"/><T58/><D35/><U10/><E117/><V50/><F121/><W37/><G135/><T130/><D130/><U118/><E118/><V74/><F34/><W73/><G37/><T1/><REACH who="0" step="1"/><D96/><REACH who="0" ten="240,250,250,250" step="2"/><U76/><E32/><V9/><F116/><W111/><G99/><T124/><D124/><U47/><E115/><V106/><F132/><W95/><G123/><T27/><D27/><U133/><E133/><V59/><F75/><W83/><G73/><T5/><D5/><U134/><E134/><V102/><F74/><W108/><G108/><T77/><D77/><U120/><E76/><V119/><F119/><W54/><G79/><T112/><D112/><U56/><E120/><V98/><F68/><W89/><G111/><T128/><D128/><U36/><E70/><V30/><F65/><W18/><G64/><T105/><D105/><U122/><E122/><V7/><REACH who="2" step="1"/><F30/><REACH who="2" ten="240,250,240,250" step="2"/><W44/><G107/><T51/><D51/><U62/><E36/><V127/><F127/><W109/><G48/><T4/><D4/><U12/><E60/><V101/><F101/><W6/><G104/><T28/><D28/><U13/><E62/><V63/><F63/><W131/><G100/><T40/><D40/><U41/><E41/><V126/><F126/><W86/><G109/><T129/><D129/><U15/><E17/><V33/><F33/><W110/><G16/><T8/><D8/><U103/><E10/><V23/><F23/><W72/><G18/><T88/><D88/><U92/><E90/><V25/><AGARI ba="0,2" hai="7,9,14,19,21,25,50,53,59,80,81,98,102,106" machi="25" ten="20,2700,0" yaku="1,1,0,1,7,1,53,0" doraHai="71" doraHaiUra="29" who="2" fromWho="2" sc="240,-13,250,-7,240,47,250,-7" /><INIT seed="1,0,0,0,2,49" ten="227,243,287,243" oya="1" hai0="45,13,40,53,65,122,118,25,61,79,22,81,33" hai1="76,39,104,98,14,23,93,62,35,70,75,52,117" hai2="0,112,130,99,135,129,30,119,111,59,9,110,77" hai3="36,107,73,8,60,86,34,103,109,134,121,105,7"/><U43/><E117/><V127/><F77/><W94/><G121/><T84/><D118/><U42/><E35/><V128/><F119/><W20/><G109/><N who="2" m="41481" /><F99/><W57/><G36/><T2/><D2/><U106/><E104/><V108/><F108/><W55/><G34/><T133/><D133/><U51/><E106/><V21/><F59/><W16/><G134/><T68/><D122/><U5/><E75/><V11/><F135/><W6/><G73/><T97/><D33/><U54/><E76/><V113/><F127/><W24/><G86/><T131/><D13/><U18/><E39/><V114/><F0/><W74/><G74/><T37/><D131/><U90/><E5/><V116/><F116/><W85/><G7/><T82/><D82/><U17/><E17/><V46/><F46/><W91/><REACH who="3" step="1"/><G103/><REACH who="3" ten="227,243,287,233" step="2"/><T47/><D97/><U92/><E92/><V44/><F44/><W88/><G88/><T64/><D47/><N who="1" m="27775" /><E70/><V100/><F100/><W12/><AGARI ba="0,1" hai="6,8,12,16,20,24,55,57,60,85,91,94,105,107" machi="12" ten="20,8000,1" yaku="1,1,0,1,7,1,52,1,54,1,53,0" doraHai="49" doraHaiUra="67" who="3" fromWho="3" sc="227,-20,243,-40,287,-20,233,90" /><INIT seed="2,0,0,5,5,122" ten="207,203,267,323" oya="2" hai0="64,126,116,111,68,89,86,52,133,24,90,30,121" hai1="109,103,14,44,134,15,56,93,31,33,102,98,69" hai2="55,38,51,85,16,79,57,123,92,43,71,22,66" hai3="105,54,42,59,41,48,104,81,114,13,37,95,124"/><V45/><F123/><W127/><G114/><T53/><D111/><U8/><E69/><V21/><F21/><W3/><G3/><T108/><D108/><U50/><E109/><V135/><F135/><W80/><G37/><T25/><D121/><U18/><E134/><V49/><F71/><W60/><G95/><T75/><D75/><U77/><E77/><V40/><F66/><W65/><G13/><T29/><D133/><U131/><E131/><V17/><F38/><W91/><G41/><T62/><D126/><N who="3" m="48169" /><G42/><T0/><D0/><U100/><E56/><V87/><F43/><W32/><G32/><T83/><D116/><U35/><E31/><V27/><F79/><W132/><G132/><T11/><D11/><U72/><E72/><V118/><F118/><W61/><G61/><T115/><D115/><U47/><E47/><V5/><F5/><W99/><G99/><T82/><D82/><N who="3" m="31849" /><G91/><T117/><D90/><U67/><E67/><V1/><F1/><W6/><G6/><T4/><D4/><U112/><E112/><V94/><REACH who="2" step="1"/><F17/><REACH who="2" ten="207,203,257,323" step="2"/><W19/><G19/><T26/><REACH who="0" step="1"/><D117/><REACH who="0" ten="197,203,257,323" step="2"/><U39/><E33/><V110/><F110/><W107/><G107/><T76/><D76/><U119/><E35/><V20/><F20/><W70/><AGARI ba="0,2" hai="48,54,59,60,65,70,104,105" m="31849,48169" machi="70" ten="30,1100,0" yaku="18,1" doraHai="122" who="3" fromWho="3" sc="197,-3,203,-3,257,-5,323,31" /><INIT seed="3,0,0,5,0,0" ten="194,200,252,354" oya="3" hai0="126,109,97,70,7,13,76,63,42,64,53,23,18" hai1="102,15,106,54,78,94,112,36,57,3,92,66,83" hai2="130,56,28,41,80,62,124,29,47,60,88,11,73" hai3="14,16,91,123,10,1,43,79,26,59,104,27,17"/><W100/><G123/><T65/><D126/><U105/><E3/><V135/><F124/><W125/><G125/><T74/><D42/><U44/><E112/><V133/><F130/><W40/><G79/><T20/><D64/><U51/><E94/><V25/><F11/><W37/><G37/><T38/><D38/><U95/><E95/><V131/><F131/><W101/><G91/><T103/><D109/><U86/><E15/><V128/><F128/><W82/><G82/><T24/><D53/><U31/><E31/><V12/><F12/><N who="3" m="7191" /><G1/><T121/><D121/><U129/><E129/><V45/><F73/><W34/><G34/><T99/><D74/><U46/><E36/><V116/><F116/><W93/><G59/><T9/><D76/><U6/><E105/><V84/><F56/><W50/><G104/><T113/><D103/><N who="3" m="39497" /><G93/><T118/><D118/><U30/><E106/><V120/><F120/><W58/><G58/><T85/><D85/><U69/><E69/><V132/><F47/><N who="3" m="25959" /><G43/><T8/><D113/><U49/><E66/><V110/><F41/><W134/><G134/><T122/><D122/><U87/><E78/><V35/><F45/><W61/><G61/><N who="2" m="23657" /><F110/><W127/><G127/><T22/><REACH who="0" step="1"/><D9/><AGARI ba="0,0" hai="9,14,17,26,27" m="25959,39497,7191" machi="9" ten="30,2900,0" yaku="8,1,54,1" doraHai="0" who="3" fromWho="0" sc="194,-29,200,0,252,0,354,29" /><INIT seed="3,1,0,0,1,54" ten="165,200,252,383" oya="3" hai0="6,134,22,59,9,5,37,100,111,129,28,33,106" hai1="127,91,72,119,46,65,121,58,77,25,88,32,80" hai2="4,124,108,112,104,34,16,52,117,70,53,68,103" hai3="122,23,47,83,89,109,62,44,114,66,13,120,92"/><W21/><G114/><T110/><D129/><U90/><E121/><V133/><F4/><W98/><G83/><T15/><D134/><U99/><E127/><V107/><F34/><W131/><G131/><T73/><D73/><U17/><E119/><V57/><F103/><W31/><G109/><T64/><D37/><U51/><E99/><V105/><F108/><N who="0" m="41514" /><D106/><U27/><E32/><V40/><F40/><W61/><G61/><N who="0" m="37951" /><D100/><U0/><E0/><V48/><F124/><W76/><G76/><T12/><D33/><U96/><E96/><V67/><F133/><W116/><G116/><T36/><D36/><U55/><REACH who="1" step="1"/><E17/><REACH who="1" ten="165,190,252,383" step="2"/><V123/><F16/><W135/><G135/><T128/><D128/><U102/><E102/><V35/><F35/><W18/><G122/><T10/><D28/><U81/><E81/><V1/><F117/><W130/><G120/><T94/><D6/><U78/><E78/><V41/><F123/><W39/><G130/><T126/><D5/><U30/><E30/><V49/><F107/><W82/><G82/><T101/><D126/><U3/><E3/><V86/><F1/><W14/><G31/><T95/><D101/><U63/><AGARI ba="1,1" hai="25,27,46,51,55,58,63,65,72,77,80,88,90,91" machi="63" ten="30,8000,1" yaku="1,1,0,1,52,1,54,1,53,1" doraHai="54" doraHaiUra="45" who="1" fromWho="1" sc="165,-21,190,93,252,-21,383,-41" /><INIT seed="4,0,0,4,1,105" ten="144,283,231,342" oya="0" hai0="76,49,114,26,118,73,13,18,103,77,127,132,12" hai1="29,41,125,113,124,3,15,32,110,36,68,135,64" hai2="24,120,83,19,62,28,51,123,61,111,128,60,104" hai3="37,75,78,82,91,7,93,31,102,117,126,74,130"/><T129/><D118/><U11/><E110/><V6/><F111/><W27/><G37/><T8/><D114/><U45/><E135/><V44/><F104/><W133/><G117/><T35/><D132/><U81/><E113/><V66/><F6/><W67/><G133/><T4/><D103/><U57/><E57/><V119/><F128/><W122/><G130/><T33/><D129/><U89/><E89/><V34/><F119/><W88/><G122/><T48/><D127/><U0/><E15/><V65/><F19/><W43/><G43/><T23/><D73/><U16/><E16/><V63/><F83/><W100/><G7/><T96/><D96/><U56/><E56/><V107/><F107/><W55/><G67/><T115/><D115/><U42/><E42/><V84/><F84/><W72/><G55/><T92/><D92/><U5/><E3/><V25/><F25/><W46/><G46/><T98/><D98/><U134/><E134/><V47/><F47/><W9/><G9/><N who="0" m="6415" /><D49/><U17/><E17/><V20/><F66/><W95/><G126/><T14/><D48/><U79/><E29/><V40/><REACH who="2" step="1"/><F34/><REACH who="2" ten="144,283,221,342" step="2"/><N who="0" m="12810" /><D14/><U54/><E124/><V101/><F101/><W109/><G109/><T69/><D69/><AGARI ba="0,1" hai="20,24,28,40,44,51,60,61,62,63,65,69,120,123" machi="69" ten="40,1300,0" yaku="1,1,53,0" doraHai="105" doraHaiUra="53" who="2" fromWho="0" sc="144,-13,283,0,221,23,342,0" /><INIT seed="5,0,0,5,5,53" ten="131,283,244,342" oya="1" hai0="70,39,124,12,5,52,116,101,37,31,80,81,113" hai1="118,135,74,129,16,93,23,98,9,126,44,115,125" hai2="46,76,121,49,65,11,73,120,109,48,21,15,97" hai3="7,100,50,104,72,94,19,78,26,133,2,84,83"/><U130/><E74/><V43/><F109/><W47/><G133/><T54/><D116/><U102/><E118/><V29/><F65/><W17/><G7/><T69/><D31/><U92/><E9/><V13/><F97/><W127/><G2/><T38/><D101/><U119/><E119/><V6/><F73/><W112/><G112/><T3/><D3/><U91/><E44/><V106/><F106/><W67/><G67/><T111/><D111/><U89/><E115/><V128/><F128/><N who="1" m="49257" /><E135/><V99/><F99/><N who="3" m="61471" /><G26/><T90/><D113/><U28/><E28/><V45/><F76/><W96/><G96/><T75/><D75/><U131/><N who="1" m="49265" /><U51/><DORA hai="58" /><E51/><V4/><F29/><W22/><G22/><T42/><D124/><N who="1" m="47723" /><E92/><V0/><F0/><W60/><G127/><T1/><D1/><U77/><E77/><V66/><F11/><W20/><G20/><T10/><D42/><U88/><E102/><V32/><F21/><W40/><G60/><T108/><D108/><U107/><E107/><V59/><F43/><W63/><G63/><T61/><D61/><U105/><E105/><V36/><F49/><W123/><G47/><T134/><D134/><U41/><E41/><V85/><F48/><W14/><G40/><T71/><REACH who="0" step="1"/><D90/><REACH who="0" ten="121,283,244,342" step="2"/><U122/><E122/><V55/><F121/><W79/><G123/><T68/><N who="0" m="17408" /><DORA hai="95" /><T57/><D57/><U33/><E33/><V86/><F32/><W132/><G72/><T18/><D18/><U56/><E56/><V82/><F59/><W103/><G19/><T87/><D87/><U25/><AGARI ba="0,1" hai="16,23,25,88,89,91,93,98" m="47723,49265" machi="25" ten="50,18000,2" yaku="5,1,19,1,18,1,52,1,54,2" doraHai="53,58,95" who="1" fromWho="1" sc="121,-60,283,190,244,-60,342,-60" /><INIT seed="5,1,0,1,2,39" ten="61,473,184,282" oya="1" hai0="127,66,29,104,15,55,24,101,3,108,41,70,91" hai1="7,109,14,28,26,112,6,21,9,57,129,95,133" hai2="82,71,83,54,132,123,2,96,33,73,32,60,120" hai3="115,100,50,85,36,45,87,27,116,74,69,11,99"/><U68/><E68/><V93/><F2/><W110/><G110/><T105/><D108/><U125/><E109/><V131/><F131/><W98/><G36/><T35/><D3/><U20/><E129/><V10/><F10/><W17/><G115/><T64/><D127/><U113/><E125/><V80/><F73/><W119/><G74/><T90/><D66/><U97/><E133/><V78/><F78/><W37/><G37/><T126/><D126/><U42/><E57/><V63/><F54/><W121/><G69/><T8/><D91/><U67/><E67/><V102/><F132/><W22/><G11/><T0/><D0/><U117/><E117/><N who="3" m="45130" /><G121/><T19/><D55/><U30/><E42/><V124/><F124/><W61/><G61/><T76/><D76/><U94/><E97/><N who="3" m="36874" /><G100/><T111/><D111/><U53/><E53/><AGARI ba="1,0" hai="17,22,27,45,50,53,85,87" m="36874,45130" machi="53" ten="30,1000,0" yaku="12,1" doraHai="39" who="3" fromWho="1" sc="61,0,473,-13,184,0,282,13" /><INIT seed="6,0,0,4,4,131" ten="61,460,184,295" oya="2" hai0="28,67,106,84,82,61,72,96,8,58,25,111,88" hai1="87,121,55,23,47,7,70,37,135,122,36,53,97" hai2="107,98,94,54,105,49,46,83,92,75,35,81,32" hai3="13,134,52,114,79,86,100,91,11,68,66,128,104"/><V124/><F124/><W17/><G128/><T90/><D111/><U9/><E70/><V33/><F94/><W63/><G79/><T50/><D72/><U120/><E135/><V85/><F75/><W125/><G125/><T93/><D106/><U39/><E23/><V12/><F83/><W65/><G114/><T110/><D110/><U130/><E130/><V59/><F12/><W0/><G0/><T74/><D74/><U118/><E118/><V16/><F59/><W78/><G78/><T10/><REACH who="0" step="1"/><D50/><REACH who="0" ten="51,460,184,295" step="2"/><U102/><E120/><V117/><F107/><W24/><G104/><T45/><D45/><U40/><E121/><V80/><F105/><W20/><G100/><T103/><D103/><U21/><E47/><V99/><F117/><W43/><G43/><T116/><D116/><U119/><E40/><V2/><F46/><W19/><G134/><T112/><D112/><U73/><E73/><V41/><F41/><W64/><REACH who="3" step="1"/><G52/><REACH who="3" ten="51,460,184,285" step="2"/><T76/><D76/><U14/><E55/><V115/><F54/><W109/><G109/><T51/><D51/><U108/><E53/><V3/><F49/><W5/><G5/><T15/><D15/><U129/><E108/><V133/><F115/><W27/><G27/><T1/><D1/><U101/><E101/><V95/><F3/><W69/><G69/><T42/><D42/><U6/><E102/><V113/><F2/><W57/><G57/><T123/><D123/><U29/><E122/><V34/><F113/><W132/><G132/><T31/><D31/><U44/><E129/><V127/><F133/><W60/><G60/><RYUUKYOKU ba="0,2" sc="51,15,460,-15,184,-15,285,15" hai0="8,10,25,28,58,61,67,82,84,88,90,93,96" hai3="11,13,17,19,20,24,63,64,65,66,68,86,91" /><INIT seed="7,1,2,3,3,59" ten="66,445,169,300" oya="3" hai0="0,135,49,28,34,35,5,75,68,47,93,120,87" hai1="127,109,108,129,67,105,123,44,60,40,30,51,119" hai2="102,42,63,126,77,69,58,128,103,23,115,29,53" hai3="57,54,37,4,20,14,61,116,10,134,22,25,3"/><W80/><G116/><T27/><D75/><U1/><E1/><V8/><F115/><W125/><G125/><T114/><D120/><U48/><E105/><V13/><F69/><W100/><G134/><T99/><D68/><N who="1" m="42087" /><E30/><V56/><F128/><W31/><G37/><T33/><D87/><U84/><E84/><V96/><F42/><W18/><G100/><T131/><D49/><N who="1" m="19019" /><E123/><V133/><F77/><W82/><AGARI ba="1,2" hai="3,4,10,14,18,20,22,25,31,54,57,61,80,82" machi="82" ten="30,3000,0" yaku="0,1,52,1" doraHai="59" who="3" fromWho="3" sc="66,-11,445,-11,169,-11,300,53" /><INIT seed="7,2,0,0,0,110" ten="55,434,158,353" oya="3" hai0="55,2,91,134,70,60,100,59,48,89,86,20,44" hai1="65,71,82,32,34,33,62,93,73,107,12,56,42" hai2="127,51,67,132,24,128,61,69,50,119,13,21,64" hai3="37,97,30,63,123,135,114,103,109,80,23,108,88"/><W35/><G123/><T81/><D134/><U87/><E107/><V117/><F13/><W99/><G135/><T130/><D130/><U105/><E105/><V58/><F132/><W74/><G37/><T129/><D129/><U68/><E42/><V120/><F128/><W17/><G35/><T101/><D2/><U7/><E73/><V4/><F4/><W77/><G30/><T53/><D70/><U78/><REACH who="1" step="1"/><E93/><REACH who="1" ten="55,424,158,353" step="2"/><V41/><F41/><W104/><G109/><T54/><D54/><U38/><E38/><V121/><F121/><W46/><G108/><T16/><REACH who="0" step="1"/><D91/><REACH who="0" ten="45,424,158,353" step="2"/><U90/><E90/><V47/><F120/><W31/><G88/><T18/><D18/><U40/><E40/><V118/><F118/><W102/><G17/><T14/><AGARI ba="2,2" hai="14,16,20,44,48,53,55,59,60,81,86,89,100,101" machi="14" ten="20,8000,1" yaku="1,1,0,1,7,1,8,1,54,1,53,0" doraHai="110" doraHaiUra="92" who="0" fromWho="0" sc="45,106,424,-22,158,-22,353,-42" owari="151,-25.0,402,50.0,136,-36.0,311,11.0" /></mjloggm>