<mjloggm ver="2.3"><GO type="41" lobby="0"/><UN n0="%E2%93%9D%53%75%70%68%78" n1="%74%61%6B%61%74%6F%72%69" n2="%73%68%75%6E%32" n3="%E3%82%B5%E3%82%A4%E3%83%8E%E3%82%AB%E3%83%AF%E3%83%A9" dan="18,15,14,14" rate="2100.13,2080.66,1921.30,1893.83" sx="M,M,M,M"/><TAIKYOKU oya="0"/><INIT seed="0,0,0,3,0,63" ten="250,250,250,250" oya="0" hai0="116,75,121,74,29,66,43,23,118,10,16,98,135" hai1="11,30,3,24,0,51,60,33,6,58,38,5,27" hai2="41,97,94,88,18,91,44,19,64,83,72,70,4" hai3="81,13,2,31,109,104,35,50,15,89,122,40,82"/><T8/><D43/><U103/><E38/><V84/><F72/><W69/><G109/><T28/><D98/><U119/><E119/><V73/><F73/><W52/><G122/><T9/><D66/><U133/><E133/><V125/><F4/><W123/><G104/><T25/><D75/><U80/><E103/><V57/><F70/><W129/><G2/><T79/><D79/><U108/><E108/><V115/><F115/><W45/><G129/><T20/><D74/><U42/><E27/><V100/><F91/><W12/><G123/><T17/><D121/><U87/><E42/><V7/><F7/><W21/><G35/><T55/><D55/><U113/><E51/><N who="2" m="27023" /><F125/><W86/><G81/><T67/><D67/><U95/><E95/><V61/><AGARI ba="0,0" hai="18,19,57,61,64,83,84,88,94,97,100" m="27023" machi="61" ten="30,4000,0" yaku="8,1,52,1,54,1" doraHai="63" who="2" fromWho="2" sc="250,-20,250,-10,250,40,250,-10" /><INIT seed="1,0,0,5,3,39" ten="230,240,290,240" oya="1" hai0="8,25,47,22,23,43,111,73,63,31,104,54,45" hai1="120,76,6,126,83,109,7,88,78,96,44,68,33" hai2="89,46,113,128,58,34,127,92,56,75,123,82,91" hai3="14,1,48,66,119,71,93,3,86,74,10,77,40"/><U101/><E120/><V17/><F123/><W80/><G119/><T64/><D104/><U2/><E68/><V107/><F107/><W32/><G32/><T103/><D73/><U118/><E33/><V72/><F128/><W4/><G93/><T12/><D111/><U105/><E118/><V38/><F127/><W37/><G37/><T30/><D103/><U0/><E126/><V114/><F34/><W61/><REACH who="3" step="1"/><G74/><REACH who="3" ten="230,240,290,230" step="2"/><T16/><D54/><U132/><E109/><V51/><F38/><W116/><G116/><T69/><D43/><U53/><E132/><V19/><F92/><W18/><G18/><T115/><D115/><U99/><E7/><V81/><F51/><W125/><G125/><T117/><D117/><U13/><E6/><V70/><REACH who="2" step="1"/><F46/><AGARI ba="0,1" hai="1,3,4,10,14,40,46,48,61,66,71,77,80,86" machi="46" ten="40,12000,2" yaku="1,1,25,2,52,1,53,2" doraHai="39" doraHaiUra="35" who="3" fromWho="2" sc="230,0,240,0,290,-120,230,130" /><INIT seed="2,0,0,1,5,99" ten="230,240,170,360" oya="2" hai0="112,67,131,34,130,1,53,2,96,92,55,51,59" hai1="69,20,22,94,122,81,109,91,132,18,65,43,118" hai2="129,7,90,74,107,106,82,24,73,11,50,44,64" hai3="5,78,42,111,134,110,113,93,102,26,32,89,68"/><V70/><F129/><N who="0" m="49162" /><D112/><U17/><E118/><V60/><F73/><W62/><G113/><T105/><D105/><U101/><E132/><V108/><F24/><W133/><G42/><T63/><D34/><U8/><E43/><V46/><F46/><W27/><G5/><T120/><D120/><U56/><E109/><N who="3" m="41482" /><G78/><T30/><D30/><U19/><E69/><V52/><F108/><W127/><G32/><T104/><D104/><U31/><E8/><V57/><F74/><W103/><G127/><T87/><D87/><U13/><E81/><V80/><F90/><W54/><G26/><T9/><D9/><U116/><E116/><V85/><F85/><W10/><G10/><T47/><D55/><U58/><E31/><V71/><F107/><W125/><G27/><T66/><D66/><U4/><E65/><V84/><F106/><W135/><G125/><T126/><D126/><U38/><E38/><V119/><F119/><W121/><G121/><T3/><D3/><U100/><E122/><V77/><F80/><W25/><G25/><T16/><D16/><N who="1" m="6251" /><E4/><V123/><F123/><W97/><G54/><T6/><D6/><U45/><E45/><V37/><F37/><W39/><G39/><T76/><D76/><U128/><E128/><V21/><F21/><W41/><G41/><T36/><D36/><U83/><E22/><V124/><F124/><W115/><G115/><T79/><D79/><U15/><E15/><AGARI ba="0,0" hai="7,11,15,44,50,52,57,60,64,70,71,77,82,84" machi="15" ten="30,2900,0" yaku="7,1,54,1" doraHai="99" who="2" fromWho="1" sc="230,0,240,-29,170,29,360,0" /><INIT seed="2,1,0,0,4,102" ten="230,211,199,360" oya="2" hai0="82,45,41,61,37,42,108,24,109,11,92,56,48" hai1="117,95,18,67,55,35,83,127,118,124,54,64,104" hai2="76,16,7,21,91,96,135,63,99,51,29,39,23" hai3="14,125,116,17,122,114,60,87,1,47,44,79,97"/><V36/><F135/><W19/><G116/><T106/><D92/><U86/><E35/><V49/><F7/><W110/><G125/><T27/><D82/><U33/><E33/><V132/><F132/><W70/><G110/><N who="0" m="42603" /><D11/><U62/><E95/><V134/><F134/><W133/><G133/><T53/><D27/><U22/><E22/><V50/><F76/><W75/><G75/><T126/><D24/><U85/><E83/><V105/><F63/><W129/><G114/><T4/><D4/><U5/><E5/><V100/><F96/><W30/><G129/><T0/><D0/><U80/><E80/><V66/><F66/><W120/><G122/><T40/><D106/><U88/><E62/><V123/><F91/><W6/><G120/><T26/><D26/><U73/><E73/><V98/><F98/><W112/><G97/><T119/><D119/><U69/><E18/><V58/><F58/><W8/><G112/><T130/><D130/><U84/><E84/><V12/><F123/><W59/><G30/><T93/><D93/><U57/><E57/><V9/><REACH who="2" step="1"/><F29/><REACH who="2" ten="230,211,189,360" step="2"/><W72/><G6/><T3/><D3/><U34/><E88/><V46/><F46/><W31/><G1/><T28/><D28/><U101/><E118/><V94/><F94/><W113/><G47/><N who="0" m="23951" /><D126/><U20/><E117/><V74/><F74/><W25/><G113/><T81/><D81/><U13/><E124/><V65/><F65/><AGARI ba="1,1" hai="41,42,45,48,53,56,61,65" m="23951,42603" machi="65" ten="30,3900,0" yaku="14,1,34,2" doraHai="102" who="0" fromWho="2" sc="230,52,211,0,189,-42,360,0" /><INIT seed="3,0,0,5,2,82" ten="282,211,147,360" oya="3" hai0="15,25,39,122,85,108,26,55,57,83,120,135,90" hai1="94,100,0,6,109,8,96,77,105,17,47,16,75" hai2="24,79,23,131,32,116,18,1,38,40,10,101,121" hai3="74,49,30,114,44,63,125,113,99,68,56,130,2"/><W53/><G74/><T62/><D108/><U60/><E109/><V80/><F116/><W124/><G2/><T9/><D39/><U52/><E105/><V128/><F101/><W48/><G99/><T20/><D135/><U81/><E60/><V92/><F92/><W51/><G30/><T73/><D73/><U35/><E35/><V89/><F89/><W134/><G68/><T97/><D97/><U33/><E33/><V129/><F121/><W70/><G70/><T13/><D26/><U14/><E0/><V29/><F38/><W37/><G37/><T133/><D133/><U46/><E46/><V34/><F40/><W88/><G88/><T106/><D106/><U4/><REACH who="1" step="1"/><E6/><REACH who="1" ten="282,201,147,360" step="2"/><V118/><F118/><W78/><G130/><T3/><D3/><U91/><E91/><V61/><F61/><W123/><G78/><T42/><D122/><U31/><E31/><V93/><F93/><W67/><G123/><T117/><D120/><U65/><E65/><V87/><REACH who="2" step="1"/><F29/><REACH who="2" ten="282,201,137,360" step="2"/><W41/><G134/><T103/><D117/><U112/><E112/><N who="3" m="43114" /><G41/><T43/><D43/><U71/><E71/><V86/><F86/><W36/><G36/><T54/><D42/><U7/><E7/><AGARI ba="0,2" hai="1,7,10,18,23,24,32,34,79,80,87,128,129,131" machi="7" ten="40,5200,0" yaku="1,1,19,1,52,1,53,0" doraHai="82" doraHaiUra="119" who="2" fromWho="1" sc="282,0,201,-52,137,72,360,0" /><INIT seed="4,0,0,5,4,41" ten="282,149,209,360" oya="0" hai0="52,113,60,82,125,55,47,84,33,7,93,20,12" hai1="78,62,30,115,53,50,11,29,77,100,110,103,6" hai2="68,1,130,25,76,122,75,101,39,61,31,40,9" hai3="85,72,70,22,114,79,119,59,37,87,43,38,108"/><T10/><D33/><U32/><E110/><V65/><F122/><W118/><G108/><T73/><D113/><U69/><E115/><V95/><F130/><W92/><G114/><T13/><D73/><U117/><E117/><V96/><F75/><W44/><G87/><T57/><D125/><U71/><E62/><V58/><F68/><W89/><G70/><T129/><D129/><U19/><E19/><V21/><F76/><W81/><G38/><T90/><D20/><U106/><E32/><V54/><F54/><W56/><G22/><T88/><D13/><U45/><E71/><V91/><F91/><W124/><G124/><T63/><D47/><U42/><E69/><V123/><F123/><W94/><G94/><T14/><D14/><N who="1" m="5495" /><E42/><V67/><F67/><W4/><G4/><T102/><D102/><N who="1" m="38955" /><E106/><V3/><F3/><W16/><BYE who="2" /><G16/><T15/><D15/><U98/><E98/><V99/><F99/><W111/><G111/><T135/><D135/><U86/><E86/><V51/><F51/><W107/><G107/><T116/><D116/><U17/><E17/><V126/><F126/><W121/><G121/><T35/><D35/><U80/><E80/><V23/><F23/><W34/><G34/><T28/><D63/><U8/><E8/><V131/><F131/><W64/><G64/><N who="0" m="38927" /><D28/><AGARI ba="0,0" hai="28,29,30,45,50,53,77,78" m="38955,5495" machi="28" ten="30,2000,0" yaku="8,1,52,1" doraHai="41" who="1" fromWho="0" sc="282,-20,149,20,209,0,360,0" /><UN n2="%73%68%75%6E%32" /><INIT seed="5,0,0,5,1,115" ten="262,169,209,360" oya="1" hai0="54,121,75,82,73,4,85,110,66,42,93,101,50" hai1="12,64,122,20,2,28,114,123,55,9,125,18,32" hai2="120,67,14,127,129,60,63,119,81,80,135,0,22" hai3="58,83,88,62,89,70,98,78,8,90,34,15,6"/><U134/><E64/><V65/><F65/><BYE who="2" /><W36/><G36/><T3/><D110/><U59/><E114/><V17/><F17/><W11/><G70/><T16/><D42/><U27/><E125/><V61/><F61/><W7/><G34/><T118/><D118/><U94/><E134/><V109/><F109/><W128/><G128/><T117/><D117/><U72/><E72/><V30/><F30/><W96/><G83/><T91/><D4/><N who="1" m="1175" /><E94/><V40/><F40/><W5/><G78/><T92/><D3/><U1/><E1/><V133/><F133/><W102/><G102/><T124/><D121/><U69/><E69/><V51/><F51/><AGARI ba="0,0" hai="12,18,20,27,28,32,51,55,59,122,123" m="1175" machi="51" ten="30,1500,0" yaku="24,1" doraHai="115" who="1" fromWho="2" sc="262,0,169,15,209,-15,360,0" /><INIT seed="5,1,0,3,2,80" ten="262,184,194,360" oya="1" hai0="60,23,95,78,59,83,93,69,8,116,105,92,2" hai1="34,42,117,118,37,134,19,114,103,112,4,15,3" hai2="22,44,58,40,30,53,94,28,7,113,36,48,57" hai3="33,101,64,56,121,67,124,131,20,77,43,132,70"/><U86/><E34/><V71/><F71/><W96/><G121/><T108/><D108/><U50/><E37/><V1/><F1/><W88/><G124/><T24/><D105/><U41/><E103/><V87/><F87/><W38/><G131/><T61/><D116/><U129/><E129/><V127/><F127/><W45/><G132/><T51/><D69/><U39/><E39/><V72/><F72/><W13/><G33/><T130/><D2/><U133/><E4/><V55/><F55/><W9/><G77/><T128/><D8/><U29/><E29/><V110/><F110/><W63/><G20/><T16/><D130/><U76/><E3/><V104/><F104/><W68/><G88/><T111/><D111/><U102/><E102/><V115/><F115/><N who="1" m="44073" /><E117/><V26/><F26/><W18/><G67/><T98/><D128/><U46/><E42/><V97/><F97/><W47/><G47/><T54/><REACH who="0" step="1"/><D98/><REACH who="0" ten="252,184,194,360" step="2"/><U99/><E99/><V91/><F91/><W106/><AGARI ba="1,1" hai="9,13,18,38,43,45,56,63,64,68,70,96,101,106" machi="106" ten="20,1500,0" yaku="0,1,7,1" doraHai="80" who="3" fromWho="3" sc="252,-5,184,-8,194,-5,360,28" /><INIT seed="6,0,0,0,1,50" ten="247,176,189,388" oya="2" hai0="16,20,113,88,52,127,79,15,24,89,9,2,128" hai1="23,105,82,102,19,132,51,31,90,130,55,32,118" hai2="135,53,116,45,100,129,134,25,43,133,5,42,80" hai3="22,71,27,73,48,117,97,110,111,62,106,4,77"/><V68/><F68/><W37/><G117/><T108/><D108/><U109/><E109/><V3/><F3/><W124/><G37/><T85/><D113/><U35/><E130/><V8/><F8/><W11/><G124/><T44/><D2/><U95/><E132/><V69/><F69/><W56/><G71/><T58/><D44/><U18/><E82/><V28/><F28/><W60/><G77/><T39/><D39/><U93/><E105/><V86/><F86/><W59/><G73/><T74/><D74/><U40/><E40/><V83/><F83/><W34/><G34/><T17/><D128/><U41/><E41/><V21/><F21/><W119/><G48/><N who="0" m="30983" /><D127/><U112/><E112/><V91/><F91/><W114/><G114/><T122/><D122/><U57/><E102/><V64/><F64/><W99/><G97/><T36/><D36/><U49/><E118/><V67/><F67/><W72/><G99/><T125/><D125/><U46/><E35/><V98/><F98/><W63/><G59/><T75/><D75/><U33/><E33/><V54/><F54/><W92/><G56/><T123/><D123/><U104/><E104/><V107/><F107/><W26/><G106/><T10/><D10/><U87/><E32/><V101/><F101/><W13/><G11/><T103/><D103/><U38/><E38/><V65/><F65/><W7/><G72/><T81/><AGARI ba="0,0" hai="9,15,16,17,20,24,79,81,85,88,89" m="30983" machi="81" ten="30,8000,1" yaku="8,1,52,1,54,3" doraHai="50" who="0" fromWho="0" sc="247,80,176,-20,189,-40,388,-20" /><INIT seed="7,0,0,0,3,4" ten="327,156,149,368" oya="3" hai0="36,17,78,89,102,90,97,121,75,6,103,117,133" hai1="64,111,61,124,128,93,7,3,49,48,59,84,53" hai2="116,62,77,22,87,82,72,52,18,91,126,37,125" hai3="79,41,108,66,113,70,123,127,31,132,34,106,95"/><W20/><G123/><T96/><D6/><U74/><E74/><V119/><F119/><W9/><G108/><T118/><D17/><U122/><E111/><V100/><F100/><N who="0" m="38442" /><D36/><U98/><E124/><V63/><F63/><W8/><G106/><T114/><D133/><U54/><E128/><V67/><F67/><W73/><G113/><T92/><D121/><U10/><E84/><V131/><F131/><W110/><G127/><T58/><D58/><U50/><E122/><V135/><F135/><W134/><G110/><T28/><D28/><U68/><E54/><V51/><F51/><W69/><G34/><T115/><D78/><U35/><E35/><V129/><F129/><W2/><G31/><T55/><D55/><U86/><E86/><V107/><F107/><W71/><G41/><T42/><D42/><U14/><E3/><V76/><F76/><W44/><G79/><T60/><D60/><U11/><E68/><V88/><F88/><N who="0" m="33898" /><D75/><U112/><E61/><V38/><F38/><W94/><G2/><T130/><D130/><U24/><E53/><V120/><F120/><W81/><G69/><T15/><D15/><U30/><E14/><V47/><F47/><W56/><G44/><T25/><D25/><U104/><E24/><V12/><F12/><W109/><G70/><T85/><D85/><U16/><E104/><V45/><F45/><W33/><G71/><T5/><D5/><U1/><E7/><V26/><F26/><W29/><G132/><T99/><D92/><U32/><E93/><V80/><F80/><W43/><G134/><T101/><D101/><RYUUKYOKU ba="0,0" sc="327,30,156,-10,149,-10,368,-10" hai0="96,97,99,114,115,117,118" owari="357,16.0,146,-25.0,139,-36.0,358,45.0" /></mjloggm>