<mjloggm ver="2.3"><GO type="41" lobby="0"/><UN n0="%4B%61%72%69%79%61%31" n1="%66%78%71%79" n2="%E2%93%9D%53%75%70%68%78" n3="%E5%A4%8F%E8%A1%A3" dan="13,15,18,15" rate="1960.86,2019.41,2115.59,1994.47" sx="M,F,M,M"/><TAIKYOKU oya="0"/><INIT seed="0,0,0,0,4,33" ten="250,250,250,250" oya="0" hai0="124,103,75,9,86,1,31,37,0,89,127,120,87" hai1="40,60,7,35,56,68,17,102,4,116,112,81,85" hai2="69,43,118,97,78,122,88,126,38,80,59,110,77" hai3="44,34,99,121,8,73,109,50,18,2,105,45,91"/><T30/><D120/><U63/><E116/><V83/><F69/><W117/><G117/><T131/><D131/><U82/><E112/><V22/><F118/><W79/><G109/><T25/><D37/><U58/><E68/><V6/><F126/><N who="0" m="48170" /><D9/><U48/><E35/><V132/><F132/><W52/><G34/><T20/><D75/><U111/><E102/><V32/><F32/><W128/><G128/><T42/><D42/><U10/><E111/><V93/><F122/><W49/><G73/><T101/><D31/><U65/><E17/><V24/><F110/><W15/><G79/><T19/><D19/><U11/><E40/><V123/><F43/><W21/><G121/><T106/><D87/><U115/><E115/><V90/><F6/><W46/><G50/><T125/><N who="0" m="48178" /><T95/><DORA hai="51" /><D106/><U108/><E48/><V39/><F123/><W129/><G129/><T74/><D74/><U104/><E104/><V61/><F39/><W41/><G41/><T12/><D12/><U66/><E108/><V64/><F38/><W67/><G67/><T27/><D27/><U100/><E100/><AGARI ba="0,0" hai="0,1,20,25,30,86,89,95,100,101,103" m="48178" machi="100" ten="40,7700,0" yaku="18,1,52,2" doraHai="33,51" who="0" fromWho="1" sc="250,77,250,-77,250,0,250,0" /><INIT seed="0,1,0,2,3,132" ten="327,173,250,250" oya="0" hai0="31,47,96,22,23,93,41,125,17,90,81,97,7" hai1="104,62,103,21,64,18,129,10,29,110,113,133,99" hai2="85,52,67,119,19,61,75,92,116,59,134,127,72" hai3="65,0,26,69,106,49,94,15,25,28,66,89,5"/><T35/><D125/><U45/><E133/><V73/><F134/><W135/><G135/><T71/><D71/><U82/><E110/><V51/><F19/><W58/><G106/><T44/><D7/><U126/><E126/><V11/><F11/><W40/><G0/><T60/><D60/><U100/><E100/><V101/><F127/><W74/><G74/><T46/><D35/><U42/><E113/><V87/><F101/><W54/><G40/><T14/><D81/><U53/><E53/><V43/><F43/><W24/><G28/><T1/><D1/><U79/><E129/><V95/><F95/><W34/><G34/><T128/><D128/><U39/><E10/><V131/><F92/><W55/><G69/><T118/><D118/><N who="2" m="45098" /><F131/><W120/><G120/><T2/><D2/><U37/><E29/><V107/><F107/><W78/><G78/><T105/><D105/><U76/><E37/><V98/><F98/><W30/><G30/><T91/><D41/><U115/><E115/><V38/><F38/><W13/><G5/><T9/><REACH who="0" step="1"/><D31/><REACH who="0" ten="317,173,250,250" step="2"/><U70/><E82/><V33/><F33/><W88/><G94/><AGARI ba="1,1" hai="9,14,17,22,23,44,46,47,90,91,93,94,96,97" machi="94" ten="40,12000,1" yaku="1,1,2,1,9,1,8,1,53,0" doraHai="132" doraHaiUra="121" who="0" fromWho="3" sc="317,133,173,0,250,0,250,-123" /><INIT seed="0,2,0,0,5,14" ten="450,173,250,127" oya="0" hai0="77,70,56,27,71,46,68,52,94,53,24,49,93" hai1="62,16,91,116,131,22,125,127,74,102,55,40,114" hai2="57,112,98,31,81,122,10,78,105,54,45,60,82" hai3="100,15,90,134,8,13,18,69,65,32,44,3,47"/><T101/><D77/><U43/><E116/><V58/><F122/><W66/><G134/><T30/><D101/><U132/><E132/><V33/><F112/><W61/><G32/><T119/><D119/><U17/><E114/><V99/><F33/><W72/><G3/><T110/><D110/><U76/><E102/><V63/><F31/><W133/><G133/><T88/><D30/><U128/><E91/><V108/><F105/><W89/><G100/><T29/><D29/><U126/><E76/><V135/><F108/><W120/><G120/><T85/><REACH who="0" step="1"/><D94/><REACH who="0" ten="440,173,250,127" step="2"/><U37/><E74/><V21/><F135/><W113/><G72/><T2/><D2/><U28/><E131/><V118/><F78/><W96/><G113/><T41/><D41/><U48/><E128/><V92/><F92/><W106/><G106/><T26/><D26/><U104/><E104/><V97/><F118/><W67/><G90/><T87/><D87/><U38/><E43/><V12/><F99/><W117/><G89/><T20/><D20/><U36/><E40/><V4/><F21/><W11/><G96/><T35/><D35/><U115/><E28/><V9/><F98/><W75/><G75/><T73/><D73/><U130/><E130/><V107/><F97/><W80/><G117/><T121/><D121/><U84/><E22/><V79/><F79/><W129/><G129/><T23/><D23/><U51/><E84/><V42/><F107/><W83/><G11/><T39/><D39/><U124/><E115/><V64/><F10/><W86/><G8/><T59/><D59/><N who="1" m="35199" /><E127/><V109/><F109/><RYUUKYOKU ba="2,1" sc="440,10,173,10,250,10,127,-30" hai0="24,27,46,49,52,53,56,68,70,71,85,88,93" hai1="16,17,36,37,38,48,51,124,125,126" hai2="4,9,12,42,45,54,57,58,60,63,64,81,82" /><INIT seed="0,3,1,1,2,61" ten="450,183,260,97" oya="0" hai0="78,85,39,132,1,62,114,99,84,90,109,125,97" hai1="14,129,17,112,11,108,43,100,28,35,57,117,72" hai2="15,73,95,88,20,133,75,113,105,127,89,80,130" hai3="119,76,31,52,116,37,79,12,66,70,26,126,121"/><T23/><D114/><U104/><E117/><V16/><F113/><W33/><G121/><T30/><D1/><U25/><E112/><V60/><F105/><W74/><G126/><T77/><D39/><U47/><E129/><V49/><F130/><W44/><G116/><T40/><D40/><U135/><E135/><V83/><F133/><W131/><G131/><T46/><D46/><U22/><E108/><V55/><F127/><W91/><G119/><T71/><D125/><U67/><E72/><V29/><F75/><W81/><G79/><T106/><D85/><U54/><E100/><V63/><F29/><W103/><G103/><T93/><D109/><U124/><E104/><V134/><F89/><W34/><G91/><T87/><D106/><U94/><E94/><V82/><F73/><W13/><G34/><T65/><D132/><U19/><E124/><V32/><F32/><W0/><G0/><T115/><D115/><U64/><E54/><V18/><F18/><W5/><G5/><T92/><D84/><U58/><E57/><N who="2" m="33007" /><F134/><W98/><G98/><AGARI ba="3,1" hai="15,16,20,60,63,80,82,83,88,95,98" m="33007" machi="98" ten="30,3900,0" yaku="8,1,54,2" doraHai="61" who="2" fromWho="3" sc="450,0,183,0,260,58,97,-48" /><INIT seed="1,0,0,3,5,94" ten="450,183,318,49" oya="1" hai0="110,34,109,135,77,64,130,0,106,58,2,5,36" hai1="35,115,42,39,96,103,80,24,48,118,73,120,100" hai2="101,55,134,104,124,37,61,9,26,4,121,41,49" hai3="1,108,62,14,29,33,54,69,95,97,105,107,133"/><U72/><E120/><V119/><F119/><W66/><G1/><T51/><D130/><U123/><E123/><V74/><F134/><W78/><G133/><T70/><D135/><U113/><E118/><V67/><F124/><W52/><G108/><T43/><D34/><U40/><E39/><V3/><F74/><W89/><G78/><T75/><D106/><U20/><E35/><V68/><F26/><N who="3" m="18615" /><G14/><T92/><D92/><U111/><E111/><V93/><F93/><W127/><G127/><T122/><D122/><U11/><E11/><V128/><F128/><W22/><G22/><T82/><D109/><U76/><E73/><V31/><F31/><W84/><G107/><T86/><D75/><U7/><E103/><AGARI ba="0,0" hai="52,54,62,66,69,84,89,95,97,103,105" m="18615" machi="103" ten="30,3900,0" yaku="25,1,52,1,54,1" doraHai="94" who="3" fromWho="1" sc="450,0,183,-39,318,0,49,39" /><INIT seed="2,0,0,0,1,10" ten="450,144,318,88" oya="2" hai0="40,101,16,79,85,66,60,133,119,77,47,107,48" hai1="34,58,59,3,39,97,63,12,53,129,2,74,116" hai2="14,102,32,50,7,54,5,24,130,113,95,70,8" hai3="71,103,72,35,100,44,18,124,82,98,131,36,15"/><V84/><F113/><W126/><G71/><T49/><D133/><U1/><E116/><V19/><F70/><W76/><G35/><T62/><D119/><U46/><E129/><V41/><F130/><W80/><G131/><T114/><D114/><U17/><E34/><V123/><F123/><W87/><G36/><T28/><D28/><U25/><E25/><V93/><F41/><W73/><G44/><T106/><D101/><N who="3" m="38985" /><G18/><T120/><D120/><U37/><E74/><N who="3" m="28778" /><G15/><T30/><D30/><U132/><E132/><V86/><F32/><W68/><G68/><T88/><D62/><U78/><E78/><V45/><F24/><W69/><G69/><T20/><D77/><U29/><E29/><V67/><F67/><W57/><G57/><T134/><D79/><U109/><E109/><V61/><F61/><W6/><G6/><N who="2" m="2057" /><F102/><W51/><G51/><T52/><D134/><U135/><E135/><V65/><F65/><W121/><G121/><T22/><D60/><U125/><E125/><N who="3" m="48234" /><G98/><T83/><D66/><U94/><E58/><V104/><F104/><W96/><G96/><T13/><D22/><U117/><E117/><V4/><F4/><W11/><G11/><T55/><D55/><U122/><E46/><AGARI ba="0,0" hai="13,16,20,40,46,47,48,49,52,83,85,88,106,107" machi="46" ten="30,8000,1" yaku="7,1,52,1,54,3" doraHai="10" who="0" fromWho="1" sc="450,80,144,-80,318,0,88,0" /><INIT seed="3,0,0,1,2,68" ten="530,64,318,88" oya="3" hai0="107,59,34,113,43,3,130,101,129,48,126,100,46" hai1="44,128,67,66,62,81,121,134,132,71,117,39,42" hai2="112,53,5,135,74,29,47,106,9,64,108,51,14" hai3="91,70,50,31,84,8,127,92,89,54,115,6,105"/><W56/><G115/><T83/><D126/><U125/><E125/><V75/><F108/><W87/><G127/><T96/><D3/><U27/><E121/><V102/><F135/><N who="1" m="51753" /><E81/><V94/><F106/><W33/><G105/><T45/><D34/><U82/><E82/><V28/><F64/><W95/><G70/><T35/><D35/><U32/><E32/><V58/><F112/><W111/><G111/><T23/><D113/><U122/><E122/><V69/><F69/><W10/><REACH who="3" step="1"/><G6/><REACH who="3" ten="530,64,318,78" step="2"/><T57/><D129/><U49/><E128/><V63/><F75/><W38/><G38/><T26/><D107/><U72/><E117/><V110/><F74/><W24/><AGARI ba="0,1" hai="8,10,24,31,33,50,54,56,84,87,89,91,92,95" machi="24" ten="30,6000,0" yaku="1,1,0,1,9,1,53,0" doraHai="68" doraHaiUra="124" who="3" fromWho="3" sc="530,-20,64,-20,318,-20,78,70" /><INIT seed="3,1,0,1,2,57" ten="510,44,298,148" oya="3" hai0="37,42,111,58,12,56,108,116,28,27,100,105,114" hai1="15,99,14,98,85,13,110,134,122,63,66,112,39" hai2="29,125,24,79,40,103,8,38,74,44,64,115,7" hai3="117,109,75,20,94,18,81,84,72,123,10,133,22"/><W1/><G117/><T88/><D116/><U52/><E110/><V48/><F125/><W31/><G123/><T21/><D114/><U90/><E39/><V128/><F128/><W0/><G133/><T96/><D12/><U11/><E122/><V91/><F115/><W16/><G109/><N who="0" m="42059" /><D88/><U55/><E112/><V118/><F64/><W120/><G120/><T78/><D78/><U93/><E134/><V132/><F103/><W124/><G124/><T97/><D97/><U3/><E3/><V32/><F48/><W5/><G1/><T86/><D86/><U9/><E66/><V41/><F41/><W59/><G31/><T69/><D69/><U77/><E77/><V113/><F91/><W67/><G20/><T87/><D87/><U54/><REACH who="1" step="1"/><E63/><REACH who="1" ten="510,34,298,148" step="2"/><V51/><F132/><W135/><G135/><T130/><D130/><U23/><E23/><V43/><F113/><W102/><G22/><T50/><D37/><U65/><E65/><V2/><F118/><W82/><G67/><T30/><D21/><U73/><E73/><V76/><F74/><W25/><G75/><T34/><D34/><U131/><E131/><V19/><F79/><W126/><G72/><T6/><D30/><U60/><E60/><V53/><F76/><W17/><G126/><T70/><D28/><U106/><E106/><V129/><F129/><W89/><G0/><T26/><D105/><U80/><E80/><V49/><F38/><W61/><G82/><T101/><D27/><U33/><E33/><V95/><F32/><W71/><G25/><T104/><D26/><U36/><E36/><RYUUKYOKU ba="1,1" sc="510,-10,34,30,298,-10,148,-10" hai1="9,11,13,14,15,52,54,55,85,90,93,98,99" /><INIT seed="4,2,1,1,1,32" ten="500,64,288,138" oya="0" hai0="65,130,93,108,97,2,118,51,53,128,63,18,120" hai1="62,111,25,12,133,13,126,119,79,45,29,102,38" hai2="8,72,50,73,39,9,80,19,100,121,127,68,85" hai3="76,7,16,94,33,131,48,86,57,31,135,11,37"/><T89/><D118/><U115/><E119/><V83/><F68/><W98/><G37/><T24/><D120/><U46/><E111/><V88/><F39/><W125/><G131/><T14/><D2/><U22/><E133/><V92/><F127/><W6/><G125/><T47/><D24/><U55/><E126/><V42/><F121/><W20/><G57/><T90/><D108/><U67/><E115/><V87/><F73/><W78/><G48/><T10/><REACH who="0" step="1"/><D89/><REACH who="0" ten="490,64,288,138" step="2"/><U36/><E25/><V30/><F88/><W75/><G135/><T116/><D116/><U112/><E112/><V4/><F30/><W17/><G31/><T27/><D27/><U49/><E29/><V74/><F74/><W77/><G75/><T81/><D81/><U5/><E12/><V99/><F83/><W84/><G77/><T58/><AGARI ba="2,2" hai="10,14,18,47,51,53,58,63,65,90,93,97,128,130" machi="58" ten="30,3000,0" yaku="1,1,0,1,53,0" doraHai="32" doraHaiUra="96" who="0" fromWho="0" sc="490,56,64,-12,288,-12,138,-12" /><INIT seed="4,3,0,5,0,59" ten="546,52,276,126" oya="0" hai0="65,48,50,44,126,54,38,118,34,62,102,22,39" hai1="4,51,0,92,96,113,21,95,111,11,68,74,18" hai2="15,1,127,107,42,43,130,14,134,24,61,100,133" hai3="114,60,31,88,70,2,72,97,81,77,58,112,17"/><T119/><D34/><U25/><E111/><V56/><F1/><W89/><G2/><T41/><D22/><U85/><E74/><V106/><F127/><W93/><G31/><T8/><D8/><U108/><E108/><V128/><F100/><N who="3" m="60463" /><G17/><T32/><D102/><U79/><E68/><V33/><F24/><W82/><G70/><T37/><D126/><U121/><E121/><V73/><F73/><W104/><G104/><N who="2" m="39977" /><F15/><W105/><G105/><T13/><D13/><U94/><E113/><N who="3" m="43626" /><G81/><T86/><D86/><U57/><E79/><V69/><F14/><W63/><G58/><N who="0" m="33095" /><D32/><U109/><E85/><V10/><F10/><W6/><G6/><T116/><D116/><U7/><E7/><V35/><F69/><AGARI ba="3,0" hai="37,38,39,41,44,50,62,65,69,118,119" m="33095" machi="69" ten="30,5800,0" yaku="34,2,52,1" doraHai="59" who="0" fromWho="2" sc="546,67,52,0,276,-67,126,0" /><INIT seed="4,4,0,4,5,27" ten="613,52,209,126" oya="0" hai0="84,28,90,26,31,117,2,111,25,63,116,83,53" hai1="97,73,35,112,82,49,118,9,115,19,122,64,36" hai2="127,13,129,50,135,81,85,11,87,22,62,12,43" hai3="57,120,61,37,78,10,42,52,134,121,17,102,103"/><T44/><D2/><U94/><E122/><N who="3" m="47210" /><G78/><T56/><D44/><U24/><E118/><V128/><F135/><W66/><G134/><T8/><D111/><U15/><E36/><V21/><F62/><N who="3" m="36135" /><G17/><T110/><D110/><U108/><E108/><V46/><F127/><W70/><G10/><T91/><D8/><U124/><E124/><V1/><F1/><W60/><G60/><T47/><D90/><U89/><E64/><V58/><F13/><W18/><G18/><T131/><D131/><N who="2" m="50250" /><F58/><W132/><G132/><T77/><D77/><U86/><E73/><V106/><F106/><W39/><G42/><T126/><D126/><U80/><E49/><V48/><F48/><W130/><G130/><T65/><D65/><U0/><E0/><V76/><F87/><W5/><G5/><AGARI ba="4,0" hai="5,11,12,21,22,43,46,50,76,81,85" m="50250" machi="5" ten="30,2000,0" yaku="25,1,19,1" doraHai="27" who="2" fromWho="3" sc="613,0,52,0,209,32,126,-32" /><INIT seed="5,0,0,0,5,47" ten="613,52,241,94" oya="1" hai0="66,114,58,108,31,10,11,34,129,13,91,135,103" hai1="16,52,111,2,55,75,70,56,88,54,79,25,116" hai2="128,43,3,17,30,80,28,89,9,115,61,5,102" hai3="78,119,46,124,62,85,92,82,29,65,49,23,105"/><U20/><E116/><V100/><F128/><W98/><G124/><T63/><D108/><U118/><E118/><V26/><F43/><W90/><G119/><T132/><D114/><U57/><E70/><V1/><F61/><W107/><G29/><T110/><D110/><U120/><E111/><V33/><F115/><W27/><G27/><T104/><D129/><U99/><E2/><V41/><F41/><W125/><G23/><T95/><D95/><N who="1" m="56807" /><E120/><V87/><F30/><W8/><G8/><T134/><D13/><U77/><E75/><V12/><F3/><W64/><G125/><T19/><D19/><U48/><E55/><V71/><F71/><W121/><G121/><T35/><D91/><U122/><E122/><V37/><F37/><W15/><G15/><T97/><D31/><U93/><E93/><V38/><F38/><W0/><G0/><T130/><D130/><U86/><E86/><V7/><F7/><W45/><G105/><T22/><D22/><AGARI ba="0,0" hai="1,5,9,12,17,22,26,28,33,80,87,89,100,102" machi="22" ten="30,3900,0" yaku="7,1,24,2" doraHai="47" who="2" fromWho="0" sc="613,-39,52,0,241,39,94,0" /><INIT seed="6,0,0,2,3,106" ten="574,52,280,94" oya="2" hai0="79,95,111,129,92,83,119,70,73,47,12,30,3" hai1="15,126,19,55,7,112,135,26,127,11,115,102,125" hai2="69,87,64,28,75,104,41,53,62,100,118,109,110" hai3="23,33,91,40,45,74,97,2,76,32,57,10,31"/><V54/><F87/><W86/><G23/><T85/><D111/><N who="2" m="42506" /><F28/><W4/><G31/><T6/><D129/><U107/><E107/><V9/><F100/><W48/><G57/><T16/><D70/><U94/><E102/><V113/><F104/><W101/><G86/><T82/><D47/><U116/><E94/><V68/><F9/><W130/><G91/><T84/><D119/><U25/><E55/><N who="2" m="21003" /><F75/><W108/><G108/><T1/><D1/><N who="1" m="495" /><E116/><V78/><F78/><W8/><G8/><T37/><D30/><U81/><E81/><V71/><F118/><W60/><G76/><T51/><D6/><U38/><E38/><V59/><F41/><W124/><G40/><T98/><D3/><U80/><E80/><V50/><F113/><N who="1" m="43593" /><E135/><V121/><F121/><W49/><G101/><T20/><D95/><U133/><E133/><V61/><F50/><W123/><G49/><T120/><D51/><U89/><E89/><V56/><F56/><W0/><G48/><T52/><D120/><U5/><E5/><V96/><F96/><W72/><G97/><T122/><D122/><U63/><E63/><AGARI ba="0,0" hai="59,61,62,63,64,68,69,71" m="21003,42506" machi="63" ten="40,7700,0" yaku="10,1,34,2" doraHai="106" who="2" fromWho="1" sc="574,0,52,-77,280,77,94,0" owari="574,68.0,-25,-53.0,357,16.0,94,-31.0" /></mjloggm>