<mjloggm ver="2.3"><GO type="41" lobby="0"/><UN n0="%E2%93%9D%53%75%70%68%78" n1="%50%E3%82%BF%E3%83%83%E3%82%AD%E3%83%BC" n2="%EF%BC%92%E3%81%A1%E3%81%87" n3="%E3%81%96%E3%81%96%E3%81%A6%E3%82%93%E3%81%98%E3%81%8F" dan="18,14,14,14" rate="2047.97,1891.07,1941.80,1944.57" sx="M,M,M,M"/><TAIKYOKU oya="0"/><INIT seed="0,0,0,4,3,128" ten="250,250,250,250" oya="0" hai0="99,119,94,134,17,25,67,91,65,39,72,48,26" hai1="49,27,107,4,19,41,55,18,131,44,83,101,24" hai2="5,79,38,28,54,82,32,109,23,78,104,81,64" hai3="63,56,112,103,30,29,93,92,114,6,110,21,1"/><T76/><D119/><U2/><E131/><V73/><F104/><W33/><G33/><T42/><D39/><U97/><E2/><V15/><F38/><W90/><G110/><T40/><D72/><U12/><E4/><V61/><F109/><W87/><G1/><T117/><D76/><U123/><E123/><V118/><F118/><W37/><G37/><T133/><D117/><U34/><E34/><V111/><F111/><W46/><G6/><T57/><D17/><U135/><E19/><V11/><F54/><W89/><G103/><T35/><D35/><U80/><E80/><V3/><F23/><W85/><G46/><N who="0" m="25671" /><D42/><U130/><E130/><V125/><F125/><W45/><G45/><T31/><D31/><U120/><E120/><V22/><F22/><W53/><G30/><T132/><D57/><U47/><E44/><V52/><F28/><W77/><G77/><T75/><D75/><U69/><E69/><V96/><F32/><W43/><G43/><T88/><D91/><U20/><E41/><V106/><F3/><W102/><G102/><T68/><D68/><U100/><E101/><V51/><F106/><W121/><G121/><T10/><D10/><U50/><E50/><V116/><F116/><W7/><G7/><T58/><D58/><U14/><E24/><AGARI ba="0,0" hai="21,24,29,53,56,63,85,87,89,90,92,93,112,114" machi="24" ten="40,1300,0" yaku="9,1" doraHai="128" who="3" fromWho="1" sc="250,0,250,-13,250,0,250,13" /><AGARI ba="0,0" hai="24,25,26,65,67,88,94,99,132,133,134" m="25671" machi="24" ten="30,12000,1" yaku="20,1,52,3,54,1" doraHai="128" who="0" fromWho="1" sc="250,120,237,-120,250,0,263,0" /><INIT seed="0,1,0,1,4,2" ten="370,117,250,263" oya="0" hai0="89,30,118,27,49,114,5,50,26,18,23,85,25" hai1="70,124,52,77,105,117,55,66,113,36,76,106,100" hai2="127,47,68,75,44,121,90,107,43,0,24,134,131" hai3="82,61,28,10,35,79,116,8,108,67,58,9,60"/><T87/><D114/><U119/><E36/><V96/><F24/><W4/><G116/><T62/><D118/><U126/><E100/><V74/><F90/><W129/><G108/><T7/><D62/><U103/><E103/><V109/><F96/><W84/><G129/><T33/><D87/><U54/><E66/><V41/><F47/><W88/><G28/><T56/><D27/><U78/><E113/><V99/><F44/><W51/><G35/><T97/><D97/><U73/><E73/><V115/><F43/><W98/><G51/><T123/><D123/><U122/><E122/><V71/><F41/><W93/><REACH who="3" step="1"/><G61/><REACH who="3" ten="370,117,250,253" step="2"/><T48/><REACH who="0" step="1"/><D56/><REACH who="0" ten="360,117,250,253" step="2"/><U64/><E70/><V128/><F68/><W133/><G133/><T1/><D1/><AGARI ba="1,2" hai="1,4,8,9,10,58,60,67,79,82,84,88,93,98" machi="1" ten="30,7700,0" yaku="1,1,7,1,52,1,54,1,53,0" doraHai="2" doraHaiUra="120" who="3" fromWho="0" sc="360,-80,117,0,250,0,253,100" /><INIT seed="1,0,0,4,2,13" ten="280,117,250,353" oya="1" hai0="114,87,69,23,30,21,73,22,25,102,3,37,55" hai1="123,27,1,127,90,108,53,48,80,100,110,39,126" hai2="34,89,19,92,29,52,42,132,56,134,82,125,18" hai3="0,79,112,107,11,46,78,103,35,16,38,61,44"/><U131/><E39/><V41/><F125/><N who="1" m="47625" /><E1/><V7/><F7/><W91/><G112/><T5/><D73/><U115/><E115/><V85/><F34/><W95/><G35/><T84/><D69/><U43/><E43/><N who="2" m="16395" /><F29/><W14/><G38/><T17/><D102/><U9/><E100/><V118/><F118/><W45/><G0/><T98/><D98/><U120/><E9/><V63/><F134/><W20/><G103/><T59/><D114/><U81/><E131/><V28/><F28/><W60/><G107/><T49/><D37/><U68/><E68/><V8/><F8/><W119/><G119/><T67/><D5/><U40/><E40/><V72/><F72/><W117/><G117/><T33/><D3/><U62/><E27/><V12/><F12/><W105/><G105/><T57/><D33/><U31/><E31/><V111/><F132/><W15/><G79/><T99/><D23/><U128/><E128/><V32/><F32/><W10/><G78/><T58/><D22/><U74/><E62/><N who="3" m="24170" /><G15/><T50/><D30/><U75/><E75/><V93/><F111/><N who="1" m="42537" /><E74/><V24/><F24/><W133/><G133/><T83/><D25/><U124/><N who="1" m="47633" /><U47/><DORA hai="106" /><E90/><V104/><F104/><W51/><G51/><T64/><D50/><U36/><E36/><V96/><F93/><W101/><G101/><AGARI ba="0,0" hai="18,19,52,56,63,82,85,89,92,96,101" m="16395" machi="101" ten="30,7700,0" yaku="8,1,52,2,54,1" doraHai="13,106" who="2" fromWho="3" sc="280,0,117,0,250,77,353,-77" /><INIT seed="2,0,0,5,0,109" ten="280,117,327,276" oya="2" hai0="1,45,18,105,13,96,113,54,117,106,94,31,53" hai1="6,122,132,108,134,69,91,103,74,89,85,99,87" hai2="130,19,98,0,55,116,104,78,102,59,2,110,27" hai3="95,8,34,52,126,83,66,121,131,64,36,73,24"/><V118/><F78/><W101/><G121/><T129/><D1/><U135/><E69/><V16/><F130/><W77/><G36/><T35/><D129/><U26/><E6/><V11/><F110/><W72/><G72/><T63/><D113/><U48/><E108/><V133/><F133/><W68/><G131/><T29/><D35/><U10/><E10/><V25/><F27/><W62/><G66/><T23/><D106/><U50/><E74/><V71/><F71/><W79/><G79/><T7/><D105/><U33/><E33/><V100/><F100/><W125/><G8/><T43/><D117/><U88/><E26/><V107/><F107/><W14/><G14/><T70/><D7/><U5/><E5/><V115/><F115/><W39/><G39/><T97/><D97/><U114/><E122/><V90/><F90/><W56/><G101/><T75/><D75/><U127/><E114/><V124/><F2/><W84/><G95/><T17/><D17/><U67/><E67/><V86/><F0/><W42/><G73/><T82/><D82/><U57/><E57/><V49/><F59/><W61/><REACH who="3" step="1"/><G42/><REACH who="3" ten="280,117,327,266" step="2"/><T46/><D43/><U128/><E128/><V15/><F15/><W9/><G9/><T47/><D70/><U123/><E123/><V20/><F11/><W44/><G44/><T81/><D81/><U3/><E3/><V12/><F12/><W112/><G112/><T4/><D4/><U21/><E103/><V38/><F116/><W65/><G65/><T37/><D37/><U119/><E119/><V51/><F118/><W40/><G40/><RYUUKYOKU ba="0,1" sc="280,-10,117,-10,327,-10,266,30" hai3="24,34,52,56,61,62,64,68,77,83,84,125,126" /><INIT seed="3,1,1,3,2,55" ten="270,107,317,296" oya="3" hai0="9,86,63,22,123,122,100,26,83,3,131,19,102" hai1="107,90,73,34,128,35,98,59,68,112,32,45,70" hai2="78,20,96,13,33,50,51,2,113,121,103,125,85" hai3="134,95,97,29,119,10,117,58,126,30,0,25,38"/><W41/><G126/><T127/><D127/><U62/><E112/><V108/><F33/><W106/><G106/><T67/><D131/><U82/><E128/><V129/><F2/><W75/><G75/><T23/><D123/><U88/><E45/><V37/><F37/><W105/><G105/><T71/><D122/><U24/><E24/><V52/><F121/><W109/><G30/><T66/><D66/><U87/><E73/><V17/><F113/><W77/><G77/><T74/><D74/><U15/><E15/><V110/><F129/><W57/><G134/><T6/><REACH who="0" step="1"/><D23/><REACH who="0" ten="260,107,317,296" step="2"/><U42/><E42/><V7/><F125/><W99/><G41/><T120/><D120/><U118/><E118/><V116/><F116/><W69/><G119/><T124/><D124/><U31/><E31/><V133/><F133/><W92/><G117/><T18/><D18/><U4/><E4/><V44/><F20/><W132/><G132/><T53/><D53/><U135/><E135/><V46/><F17/><W65/><G65/><T89/><AGARI ba="1,2" hai="3,6,9,19,22,26,63,67,71,83,86,89,100,102" machi="89" ten="20,2700,0" yaku="1,1,0,1,7,1,53,0" doraHai="55" doraHaiUra="47" who="0" fromWho="0" sc="260,50,107,-8,317,-8,296,-14" /><INIT seed="4,0,0,3,5,59" ten="310,99,309,282" oya="0" hai0="98,62,3,134,135,118,93,73,64,69,77,31,43" hai1="133,20,19,113,48,60,17,46,120,116,15,63,124" hai2="42,58,10,52,110,16,61,66,25,87,104,39,5" hai3="12,129,106,108,102,131,91,100,40,51,1,70,27"/><T65/><D118/><U2/><E2/><V68/><F110/><W38/><G108/><T114/><D3/><U132/><E116/><V86/><F104/><W21/><G1/><T8/><D114/><U36/><E36/><V95/><F95/><W22/><G38/><T85/><D43/><U45/><E120/><V88/><F42/><W105/><G70/><T47/><D47/><U7/><E7/><V81/><F39/><W94/><G12/><T123/><D65/><U26/><E113/><V119/><F119/><W29/><G22/><T84/><D8/><U24/><E124/><V78/><F68/><W6/><G6/><T121/><D31/><U44/><E48/><V53/><F5/><W83/><G40/><T57/><D73/><U101/><E101/><V89/><F78/><W72/><G51/><T112/><D69/><U90/><E90/><V97/><F97/><W82/><G29/><T30/><D30/><U117/><E117/><V109/><F109/><W35/><G35/><T80/><D85/><U37/><E37/><V11/><F87/><W96/><G27/><N who="1" m="10282" /><E20/><N who="2" m="13447" /><F89/><W126/><G21/><T18/><D18/><N who="1" m="6667" /><E15/><V67/><F67/><W4/><G4/><T41/><D112/><U23/><E23/><V107/><F107/><N who="3" m="40971" /><G126/><T130/><D41/><U99/><E99/><V128/><F128/><N who="3" m="49227" /><G72/><T125/><D130/><U76/><E76/><V50/><F66/><W122/><G122/><N who="0" m="46603" /><D125/><U92/><E92/><V55/><F55/><W33/><G33/><T71/><D71/><U32/><E32/><V56/><AGARI ba="0,0" hai="10,11,50,52,53,56,58,61,81,86,88" m="13447" machi="56" ten="30,8000,1" yaku="8,1,52,1,54,3" doraHai="59" who="2" fromWho="2" sc="310,-40,99,-20,309,80,282,-20" /><INIT seed="5,0,0,4,0,20" ten="270,79,389,262" oya="1" hai0="47,10,79,109,81,111,100,14,23,44,13,98,131" hai1="102,114,46,123,66,27,80,90,6,55,88,97,108" hai2="119,105,96,117,21,125,36,115,121,73,126,45,35" hai3="4,77,85,49,133,1,33,67,70,43,3,69,37"/><U12/><E114/><V64/><F64/><W94/><G37/><T83/><D131/><U68/><E108/><V22/><F35/><W87/><G33/><T74/><D23/><N who="2" m="8714" /><F73/><W106/><G106/><T75/><D98/><U17/><E123/><V93/><F121/><W8/><G3/><T134/><D100/><U110/><E110/><V135/><F135/><W107/><G107/><T41/><D10/><U52/><E66/><V58/><F58/><W99/><G133/><T31/><D134/><U92/><E68/><V71/><F71/><W91/><G67/><T60/><D31/><U57/><E46/><V84/><F45/><W76/><G76/><T11/><D11/><N who="1" m="6303" /><E6/><V118/><F36/><W104/><G104/><T112/><D79/><U86/><E55/><V63/><F63/><W53/><G77/><T34/><D34/><U24/><E102/><N who="2" m="60687" /><F105/><W28/><G70/><T129/><D60/><AGARI ba="0,0" hai="24,27,52,57,60,80,86,88,90,92,97" m="6303" machi="60" ten="30,12000,1" yaku="8,1,52,2,54,2" doraHai="20" who="1" fromWho="0" sc="270,-120,79,120,389,0,262,0" /><INIT seed="5,1,0,3,2,22" ten="150,199,389,262" oya="1" hai0="28,68,108,12,116,119,35,57,134,45,88,93,2" hai1="70,111,29,61,43,13,96,75,66,126,23,125,121" hai2="42,74,1,71,102,14,86,76,87,127,79,47,41" hai3="0,10,113,84,78,94,131,73,89,18,11,101,95"/><U38/><E75/><V37/><F71/><W55/><G113/><T90/><D68/><U30/><E121/><V44/><F1/><W85/><G131/><T64/><D2/><U54/><E38/><V77/><F74/><W63/><G73/><T80/><D108/><U72/><E72/><V98/><F127/><W33/><G33/><T49/><D134/><U81/><E81/><V8/><F42/><W135/><G135/><T117/><D12/><U6/><E43/><V17/><REACH who="2" step="1"/><F44/><REACH who="2" ten="150,199,379,262" step="2"/><W15/><G0/><T103/><D45/><U24/><E111/><V105/><AGARI ba="1,1" hai="8,14,17,37,41,47,76,77,79,86,87,98,102,105" machi="105" ten="30,4000,0" yaku="1,1,2,1,0,1,53,0" doraHai="22" doraHaiUra="128" who="2" fromWho="2" sc="150,-11,199,-21,379,53,262,-11" /><INIT seed="6,0,0,1,0,90" ten="139,178,432,251" oya="2" hai0="55,51,109,48,20,130,29,1,15,103,4,33,16" hai1="132,54,10,81,12,134,120,43,105,64,62,78,104" hai2="22,47,121,37,19,11,63,60,8,42,101,91,3" hai3="52,126,100,118,13,86,99,28,84,32,95,76,0"/><V73/><F121/><W111/><G111/><T21/><D109/><U98/><E43/><V7/><F73/><W30/><G118/><T97/><D130/><U59/><E120/><V6/><F101/><W38/><G38/><T44/><D33/><U70/><E98/><V116/><F91/><W124/><G0/><T110/><D110/><U72/><E64/><V56/><F56/><W27/><G30/><T106/><D1/><U61/><E61/><V26/><F116/><W35/><G35/><T45/><D4/><U69/><E69/><V57/><F57/><W75/><G13/><AGARI ba="0,0" hai="3,6,7,8,11,13,19,22,26,37,42,47,60,63" machi="13" ten="30,1500,0" yaku="7,1" doraHai="90" who="2" fromWho="3" sc="139,0,178,0,432,15,251,-15" /><INIT seed="6,1,0,5,4,69" ten="139,178,447,236" oya="2" hai0="73,110,34,33,76,7,53,120,55,44,72,89,11" hai1="13,46,75,2,29,95,104,125,113,40,22,111,18" hai2="102,81,116,97,15,135,103,117,87,78,127,56,4" hai3="67,57,109,43,16,124,130,84,101,52,49,93,39"/><V114/><F127/><W83/><G109/><T128/><D110/><U79/><E104/><V107/><F135/><W90/><G124/><T122/><D89/><U108/><E2/><V31/><F114/><W10/><G130/><T59/><D59/><U0/><E0/><V133/><F133/><W99/><G67/><T62/><D44/><U115/><E29/><V119/><F31/><W38/><REACH who="3" step="1"/><G43/><REACH who="3" ten="139,178,447,226" step="2"/><T23/><D128/><U60/><E125/><V58/><F103/><W71/><G71/><T9/><D122/><U70/><E111/><V41/><F41/><W121/><G121/><T98/><D120/><U25/><E108/><V131/><F131/><W26/><G26/><T88/><D55/><U96/><E25/><V19/><REACH who="2" step="1"/><F4/><REACH who="2" ten="139,178,437,226" step="2"/><W129/><G129/><T85/><D7/><U1/><E115/><V17/><F17/><W68/><G68/><T65/><D53/><U132/><E113/><V47/><F47/><W6/><G6/><T5/><D5/><U118/><E132/><V80/><F80/><W50/><G50/><T66/><D66/><U14/><E46/><V8/><AGARI ba="1,2" hai="8,15,19,56,58,78,81,87,97,102,107,116,117,119" machi="8" ten="30,6000,0" yaku="1,1,0,1,53,1" doraHai="69" doraHaiUra="74" who="2" fromWho="2" sc="139,-21,178,-21,437,83,226,-21" /><INIT seed="6,2,0,1,3,15" ten="118,157,520,205" oya="2" hai0="13,7,96,125,42,123,75,1,52,79,56,108,33" hai1="18,126,36,58,41,63,21,62,93,76,116,88,120" hai2="28,104,107,23,57,99,134,74,55,39,98,19,59" hai3="130,87,65,81,121,118,110,119,4,32,131,67,50"/><V90/><F74/><W35/><G110/><T122/><D108/><U89/><E116/><V106/><F39/><W29/><G121/><T25/><D1/><U66/><E120/><V9/><F134/><W127/><G4/><T17/><D42/><U16/><E76/><V34/><F34/><W77/><G127/><T14/><D125/><U54/><E126/><V95/><F9/><W38/><G38/><T45/><D45/><U91/><E36/><V101/><F28/><W111/><G111/><T124/><D124/><U69/><E41/><V115/><F59/><W80/><G50/><T22/><D123/><U30/><E30/><V135/><F135/><W109/><G109/><T8/><D122/><U27/><E18/><V102/><F115/><W46/><G46/><T48/><D96/><AGARI ba="2,0" hai="16,21,27,54,58,62,63,66,69,88,89,91,93,96" machi="96" ten="30,12000,2" yaku="7,1,25,2,52,1,54,2" doraHai="15" who="1" fromWho="0" sc="118,-126,157,126,520,0,205,0" owari="-8,-51.0,283,8.0,520,62.0,205,-19.0" /></mjloggm>