<mjloggm ver="2.3"><GO type="41" lobby="0"/><UN n0="%E5%B9%B8%E9%81%8B%E3%81%AE%E7%8D%85%E5%AD%90" n1="%E2%93%9D%53%75%70%68%78" n2="%E7%A8%B2%E5%A6%BB%E9%87%8E%E9%83%8E" n3="%5A%65%61%6C" dan="15,18,14,14" rate="2040.82,2093.61,1962.16,1942.96" sx="M,M,M,M"/><TAIKYOKU oya="0"/><INIT seed="0,0,0,1,3,2" ten="250,250,250,250" oya="0" hai0="36,89,104,63,56,61,30,67,69,128,15,96,18" hai1="116,58,106,51,111,78,121,40,52,114,21,41,37" hai2="22,47,59,110,80,122,107,19,112,77,34,9,115" hai3="119,124,35,26,38,108,44,105,48,24,3,4,97"/><T66/><D128/><U85/><E106/><V99/><F110/><W23/><G119/><T95/><D36/><U6/><E116/><V76/><F122/><W16/><G38/><T103/><D30/><U31/><E121/><V84/><F34/><W39/><G39/><T120/><D120/><U54/><E111/><V125/><F125/><W101/><G108/><T33/><D33/><U20/><E114/><V82/><F9/><W28/><G124/><T132/><D132/><U68/><E68/><V86/><F47/><W65/><G65/><T60/><D60/><U32/><E32/><V12/><REACH who="2" step="1"/><F59/><REACH who="2" ten="250,250,240,250" step="2"/><W29/><G29/><T10/><REACH who="0" step="1"/><D104/><REACH who="0" ten="240,250,240,250" step="2"/><U109/><E31/><V13/><F13/><W62/><G62/><T94/><D94/><U126/><E126/><V92/><F92/><W131/><G131/><T123/><D123/><U127/><E127/><V118/><F118/><W129/><G129/><T14/><D14/><U7/><E109/><V88/><F88/><AGARI ba="0,2" hai="10,15,18,56,61,63,66,67,69,88,89,95,96,103" machi="88" ten="40,3900,0" yaku="1,1,54,1,53,0" doraHai="2" doraHaiUra="25" who="0" fromWho="2" sc="240,59,250,0,240,-39,250,0" /><INIT seed="0,1,0,0,0,121" ten="299,250,201,250" oya="0" hai0="92,80,22,20,88,73,14,112,77,45,90,61,0" hai1="16,41,69,52,21,133,48,59,10,51,104,119,19" hai2="123,65,131,108,101,1,116,11,94,91,129,115,12" hai3="98,127,60,113,63,43,57,118,7,126,93,102,17"/><T71/><D0/><U97/><E69/><V34/><F1/><W46/><G113/><T29/><D112/><U31/><E119/><V70/><F115/><W128/><G128/><T79/><D79/><U50/><E133/><V105/><F123/><W3/><G118/><T55/><D90/><U135/><E135/><V2/><F2/><W49/><G57/><T96/><D29/><U47/><E104/><V38/><F38/><W37/><G17/><T86/><D73/><U82/><E97/><V54/><F34/><W111/><G7/><T27/><D27/><N who="1" m="16879" /><E82/><V75/><F75/><W32/><G32/><T36/><D14/><N who="1" m="7255" /><E19/><V100/><F116/><W8/><G8/><T76/><D76/><U44/><E41/><V24/><F70/><W68/><G3/><T13/><D13/><U95/><E95/><V56/><F105/><W35/><G35/><T67/><REACH who="0" step="1"/><D36/><REACH who="0" ten="289,250,201,250" step="2"/><U99/><E99/><V5/><F131/><W62/><G37/><T26/><D26/><U72/><E72/><V130/><F24/><W134/><G134/><T23/><D23/><U125/><E125/><N who="3" m="47626" /><G68/><T110/><D110/><AGARI ba="1,1" hai="43,46,49,60,62,63,93,98,102,110,111" m="47626" machi="110" ten="40,5200,0" yaku="18,1,52,2" doraHai="121" who="3" fromWho="0" sc="289,-55,250,0,201,0,250,65" /><INIT seed="1,0,0,0,2,48" ten="234,250,201,315" oya="1" hai0="66,91,126,117,63,10,67,24,45,122,118,123,99" hai1="16,28,104,2,115,17,56,80,52,62,18,12,30" hai2="26,51,75,134,27,129,15,13,121,105,114,128,79" hai3="25,81,20,3,23,112,61,74,109,36,41,55,47"/><U87/><E2/><V77/><F121/><N who="0" m="46090" /><D126/><U7/><E104/><V102/><F134/><W92/><G112/><T110/><D110/><U50/><E115/><V124/><F124/><W98/><G3/><T19/><D45/><U42/><E42/><V133/><F133/><W39/><G109/><T22/><D10/><N who="1" m="4191" /><E62/><V9/><F114/><W78/><G39/><T60/><D60/><U1/><E1/><V82/><F79/><AGARI ba="0,0" hai="16,17,18,28,30,50,52,56,79,80,87" m="4191" machi="79" ten="30,11600,0" yaku="8,1,52,1,54,2" doraHai="48" who="1" fromWho="2" sc="234,0,250,116,201,-116,315,0" /><INIT seed="1,1,0,4,4,78" ten="234,366,85,315" oya="1" hai0="80,19,117,61,81,34,60,120,93,41,134,102,72" hai1="90,126,18,50,96,6,75,2,11,23,76,12,62" hai2="94,63,101,46,20,52,74,66,122,107,40,114,57" hai3="99,49,124,59,30,97,127,121,95,7,25,32,125"/><U84/><E126/><V64/><F122/><W92/><G121/><T33/><D72/><U42/><E75/><V0/><F107/><W118/><G7/><T91/><D117/><U98/><E76/><V36/><F74/><W39/><G39/><T8/><D120/><U106/><E106/><V115/><F0/><W4/><G4/><T103/><D134/><U45/><REACH who="1" step="1"/><E62/><REACH who="1" ten="234,356,85,315" step="2"/><V3/><F114/><W48/><G118/><T100/><D61/><U27/><E27/><V16/><F115/><W38/><G124/><T47/><D60/><U109/><E109/><V9/><F3/><W113/><G113/><T29/><D34/><U128/><E128/><V55/><F63/><W22/><G32/><T67/><D33/><U28/><E28/><V14/><F64/><W105/><G105/><T15/><D29/><U85/><E85/><V56/><F66/><W58/><G30/><T130/><D67/><U54/><E54/><V116/><F55/><W5/><G25/><T65/><D65/><U79/><E79/><V86/><F52/><W70/><G70/><T71/><D71/><U123/><E123/><V110/><F86/><W44/><G125/><T43/><D130/><U24/><E24/><V17/><F110/><W89/><G127/><T133/><D133/><U135/><E135/><V82/><F116/><W131/><G131/><T119/><D119/><U73/><E73/><V129/><F129/><W51/><G99/><N who="0" m="57791" /><D43/><U108/><E108/><V37/><F40/><W88/><G97/><T83/><D41/><U26/><E26/><V53/><F53/><N who="3" m="32039" /><G38/><T132/><D132/><RYUUKYOKU ba="1,1" sc="234,15,356,15,85,-15,315,-15" hai0="8,15,19,47,80,81,83,100,102,103" hai1="2,6,11,12,18,23,42,45,50,84,90,96,98" /><INIT seed="1,2,1,1,3,9" ten="249,371,70,300" oya="1" hai0="101,87,56,112,128,13,110,85,23,125,75,34,36" hai1="58,68,79,73,83,30,78,115,63,105,64,121,4" hai2="45,67,117,11,29,2,94,76,55,77,37,134,132" hai3="7,126,130,114,93,91,22,113,49,12,116,69,65"/><U120/><E115/><V33/><F117/><W72/><G72/><T18/><D36/><U28/><E105/><V46/><F67/><W118/><G49/><T20/><D75/><U96/><E79/><V42/><F94/><W123/><G123/><T124/><D34/><U19/><E4/><N who="2" m="1431" /><F33/><W51/><G51/><T102/><D112/><U109/><E109/><V80/><F29/><W127/><G65/><T100/><D110/><U84/><E96/><V54/><F46/><W6/><G69/><T108/><D108/><U25/><E68/><V59/><F59/><W90/><G130/><T27/><D128/><U61/><E73/><N who="2" m="43023" /><F77/><W95/><G22/><T5/><D56/><U104/><E104/><V24/><F24/><W3/><G3/><T133/><D5/><U43/><E121/><V66/><F66/><W60/><G60/><T57/><D57/><U99/><E63/><V17/><F17/><W70/><G70/><T129/><D129/><U40/><E120/><V106/><F106/><W0/><G0/><T44/><D44/><U88/><E19/><V82/><F82/><W52/><G52/><AGARI ba="2,1" hai="37,42,45,52,54,55,132,134" m="43023,1431" machi="52" ten="30,2000,0" yaku="25,1,54,1" doraHai="9" who="2" fromWho="3" sc="249,0,371,0,70,36,300,-26" /><INIT seed="2,0,0,4,5,8" ten="249,371,106,274" oya="2" hai0="39,91,133,81,77,54,78,7,45,128,108,63,68" hai1="65,11,103,35,126,93,100,122,0,123,76,70,121" hai2="33,22,2,46,53,23,18,98,129,132,42,52,99" hai3="130,58,69,84,101,134,110,4,28,116,117,111,113"/><V25/><F132/><W73/><G69/><T105/><D105/><U14/><E0/><V89/><F129/><W97/><G28/><T75/><D133/><U102/><E35/><V43/><F2/><W85/><G134/><T36/><D128/><U21/><E126/><V26/><F33/><W114/><G130/><T17/><D108/><N who="3" m="41513" /><G58/><T41/><D7/><U92/><E21/><V13/><F26/><W38/><G73/><T127/><D127/><U20/><E76/><V82/><F82/><W5/><G38/><T125/><D125/><U107/><E20/><V49/><F43/><W66/><G66/><T16/><D39/><U79/><E79/><V120/><F120/><W1/><G1/><T106/><D106/><U90/><E107/><V83/><F83/><W24/><G24/><T109/><D109/><U6/><E90/><V55/><REACH who="2" step="1"/><F89/><REACH who="2" ten="249,371,96,274" step="2"/><W30/><G30/><AGARI ba="0,1" hai="13,18,22,23,25,30,42,46,49,52,53,55,98,99" machi="30" ten="40,12000,1" yaku="1,1,2,1,8,1,52,1,54,1,53,0" doraHai="8" doraHaiUra="34" who="2" fromWho="3" sc="249,0,371,0,96,130,274,-120" /><INIT seed="2,1,0,3,4,28" ten="249,371,226,154" oya="2" hai0="46,93,56,40,87,2,125,49,117,82,95,48,1" hai1="3,94,45,47,80,90,81,86,101,91,100,25,18" hai2="112,4,10,62,85,111,16,52,73,44,98,7,38" hai3="120,123,131,113,60,65,15,103,13,88,57,39,83"/><V24/><F112/><W22/><G39/><T135/><D135/><U35/><E3/><V133/><F73/><W58/><G131/><T51/><D125/><U129/><E129/><V96/><F133/><W9/><G113/><T41/><D117/><U68/><E68/><V33/><F111/><W54/><G103/><N who="1" m="39498" /><E35/><V89/><F38/><W59/><G120/><T50/><D56/><U124/><E124/><V72/><F72/><W75/><G123/><T119/><D119/><U127/><E127/><V17/><F33/><W84/><G75/><T79/><REACH who="0" step="1"/><D41/><REACH who="0" ten="239,371,226,154" step="2"/><U30/><E47/><V5/><F44/><W36/><G65/><T134/><D134/><U66/><E45/><V12/><F24/><W106/><G36/><T107/><D107/><U26/><E26/><V77/><F17/><N who="3" m="10543" /><G106/><T31/><D31/><U128/><E30/><V32/><F16/><AGARI ba="1,1" hai="9,15,16,54,57,58,59,60,83,84,88" m="10543" machi="16" ten="30,3900,0" yaku="8,1,54,2" doraHai="28" who="3" fromWho="2" sc="239,0,371,0,226,-42,154,52" /><INIT seed="3,0,0,5,0,48" ten="239,371,184,206" oya="3" hai0="12,76,27,74,84,23,123,86,63,37,112,7,17" hai1="6,130,54,135,15,100,56,70,93,113,116,119,133" hai2="89,19,44,35,39,102,33,110,111,122,41,109,107" hai3="2,32,131,104,52,59,87,73,79,98,68,62,53"/><W127/><G73/><T66/><D123/><U101/><E113/><V126/><F126/><W118/><G118/><N who="1" m="45098" /><E70/><V105/><F122/><W99/><G2/><T128/><D37/><U8/><E130/><V80/><F19/><W50/><G32/><N who="2" m="12361" /><F102/><N who="1" m="39529" /><E93/><V3/><F3/><W90/><G127/><T64/><D128/><U75/><E75/><V72/><F72/><W78/><G131/><T125/><D112/><U103/><E103/><V85/><AGARI ba="0,0" hai="39,41,44,80,85,89,105,107,109,110,111" m="12361" machi="85" ten="40,1500,0" yaku="14,1" doraHai="48" who="2" fromWho="2" sc="239,-4,371,-4,184,15,206,-7" /><INIT seed="4,0,0,5,5,22" ten="235,367,199,199" oya="0" hai0="97,36,27,53,51,41,73,105,72,109,93,14,115" hai1="21,76,128,120,15,10,46,35,122,44,113,124,57" hai2="17,12,0,1,43,96,80,134,16,33,32,55,65" hai3="77,59,106,132,4,116,24,70,94,58,64,60,23"/><T98/><D115/><U102/><E35/><V47/><F134/><W81/><G116/><T111/><D105/><U75/><E124/><V90/><F65/><W131/><G106/><T5/><D97/><U78/><E128/><V100/><F17/><W110/><G110/><N who="0" m="41995" /><D41/><U101/><E21/><V29/><F55/><W108/><G108/><T99/><D98/><U127/><E127/><V42/><F42/><W25/><G131/><T118/><D36/><U19/><E75/><V39/><F90/><W121/><G132/><T6/><D118/><U40/><E113/><V130/><F80/><W135/><G135/><T66/><D66/><U125/><E125/><V11/><F130/><W112/><G112/><T8/><D6/><U117/><E117/><V95/><REACH who="2" step="1"/><F29/><REACH who="2" ten="235,367,189,199" step="2"/><W104/><G4/><T2/><D5/><U31/><E40/><V133/><F133/><W91/><G91/><T38/><D53/><U82/><E31/><V126/><F126/><W123/><G81/><T26/><D72/><U87/><E82/><V89/><F89/><W92/><G77/><T68/><D73/><U9/><E78/><V71/><F71/><W30/><G70/><T83/><D68/><U45/><E76/><V86/><F86/><W34/><G104/><T79/><D79/><U119/><E119/><V107/><F107/><W88/><G88/><T69/><D83/><U18/><E87/><V13/><F13/><W67/><G67/><T20/><D69/><U50/><E15/><V103/><F103/><W52/><G64/><T129/><D129/><U84/><E102/><V62/><F62/><RYUUKYOKU ba="0,1" sc="235,-10,367,-10,189,30,199,-10" hai2="0,1,11,12,16,32,33,39,43,47,95,96,100" /><INIT seed="5,1,1,4,5,75" ten="225,357,219,189" oya="1" hai0="128,102,132,60,33,24,103,57,43,39,34,29,125" hai1="81,113,19,122,4,70,11,35,99,22,89,114,56" hai2="2,46,15,98,5,53,78,105,16,58,66,52,109" hai3="97,51,83,9,26,40,119,67,69,37,130,127,112"/><U61/><E35/><V91/><F109/><W74/><G37/><T93/><D132/><U17/><E70/><V55/><F2/><W129/><G112/><N who="1" m="43114" /><E122/><V42/><F5/><W18/><G127/><T8/><D125/><U80/><E99/><V49/><F105/><W95/><G69/><T124/><D124/><U62/><E62/><V13/><F98/><W45/><G67/><T50/><D128/><N who="3" m="49257" /><G119/><T100/><D39/><U47/><E47/><V54/><F66/><W121/><G121/><T104/><D104/><U82/><E22/><V111/><F111/><W94/><G94/><T84/><D34/><U90/><E19/><V88/><F78/><N who="3" m="44503" /><G95/><T68/><D68/><U65/><E17/><V7/><F13/><AGARI ba="1,1" hai="4,11,13,56,61,65,80,81,82,89,90" m="43114" machi="13" ten="30,1500,0" yaku="15,1" doraHai="75" who="1" fromWho="2" sc="225,0,357,28,219,-18,189,0" /><INIT seed="5,2,0,4,3,108" ten="225,385,201,189" oya="1" hai0="12,71,112,109,105,47,97,87,65,45,77,127,83" hai1="5,134,100,125,32,94,124,79,121,60,98,91,22" hai2="33,46,99,132,27,34,67,53,40,118,86,3,76" hai3="102,21,117,54,72,110,107,96,111,56,35,114,10"/><U88/><E32/><V18/><F118/><W113/><G72/><T0/><D0/><U115/><E5/><V135/><F3/><W42/><G35/><T48/><D109/><U73/><E22/><N who="2" m="13783" /><F67/><W116/><G42/><T25/><D127/><N who="1" m="48715" /><E60/><V24/><F53/><W20/><G10/><T123/><D123/><U31/><E31/><V122/><F99/><W29/><G111/><T7/><D25/><U52/><E134/><N who="2" m="51243" /><F24/><N who="3" m="16519" /><G110/><T14/><D65/><U43/><E43/><V69/><F69/><W39/><G21/><T57/><D71/><U9/><E9/><V90/><F76/><W37/><G56/><T1/><D57/><U63/><E121/><V49/><F122/><W92/><G54/><T95/><D47/><U44/><E44/><V58/><F58/><W75/><G75/><T64/><D64/><U23/><E73/><V28/><F28/><W89/><G39/><T74/><D74/><U13/><E52/><V104/><F104/><W61/><G61/><T106/><D105/><U4/><E63/><V51/><F51/><W80/><G37/><T62/><D106/><U128/><E79/><V38/><F38/><W70/><G70/><T120/><D62/><U41/><E41/><V11/><F11/><W68/><G68/><T84/><D120/><U93/><E23/><V16/><F16/><W26/><G26/><T101/><D45/><U2/><E2/><V103/><F34/><W15/><G15/><T17/><D12/><U130/><E13/><V30/><F33/><W55/><G55/><T36/><D36/><U119/><E4/><V82/><F30/><RYUUKYOKU ba="2,0" sc="225,-10,385,-10,201,30,189,-10" hai2="40,46,49,82,86,90,103" /><INIT seed="6,3,0,3,1,95" ten="215,375,231,179" oya="2" hai0="13,17,27,134,124,83,92,121,133,131,114,33,110" hai1="109,88,10,57,63,67,60,61,75,65,118,116,71" hai2="135,30,53,123,89,85,94,29,5,6,98,7,25" hai3="100,11,115,113,79,106,16,45,96,70,81,80,4"/><V111/><F123/><W8/><G70/><T107/><D107/><U18/><E75/><V37/><F135/><N who="0" m="51722" /><D121/><U56/><E109/><V59/><F111/><W26/><G45/><T103/><D110/><U55/><E88/><N who="2" m="55623" /><F25/><W47/><G47/><T22/><D114/><N who="3" m="43529" /><G79/><T52/><D124/><U51/><E118/><V125/><F37/><W74/><G74/><T34/><D131/><U64/><E116/><V72/><F72/><W78/><G78/><T38/><D38/><U66/><E71/><V9/><F9/><N who="3" m="3659" /><G4/><T84/><D27/><U99/><E67/><V82/><F125/><W93/><G106/><T68/><D68/><U40/><E66/><V15/><F15/><W102/><G102/><T21/><D21/><AGARI ba="3,0" hai="16,21,26,80,81,93,96,100" m="3659,43529" machi="21" ten="30,7700,0" yaku="15,1,11,1,52,1,54,1" doraHai="95" who="3" fromWho="0" sc="215,-86,375,0,231,0,179,86" /><INIT seed="7,0,0,5,4,128" ten="129,375,231,265" oya="3" hai0="27,114,87,8,62,76,67,2,98,134,84,3,80" hai1="104,72,92,20,70,38,40,129,21,42,1,110,65" hai2="132,126,33,29,71,119,47,45,102,91,116,109,111" hai3="17,61,51,86,23,131,103,34,122,12,57,11,85"/><W43/><G34/><T127/><D127/><U50/><E110/><V55/><F132/><W78/><G131/><T16/><D114/><U118/><E72/><V133/><F55/><W96/><G122/><T106/><D134/><U94/><E1/><V121/><F91/><W124/><G124/><T37/><D37/><U107/><E50/><V26/><F26/><W19/><G78/><T22/><D87/><U59/><E59/><V82/><F33/><W60/><G103/><T54/><D54/><U83/><E65/><V64/><F102/><W97/><G97/><T39/><D39/><U53/><E118/><V81/><F64/><W9/><G96/><T4/><D106/><U95/><E83/><V117/><F117/><W89/><G11/><T88/><D98/><U74/><E74/><V112/><F112/><W31/><G31/><T105/><D105/><U108/><E107/><V32/><F32/><W99/><G99/><T0/><REACH who="0" step="1"/><D76/><REACH who="0" ten="119,375,231,265" step="2"/><U90/><E104/><V52/><F116/><W48/><G86/><T68/><AGARI ba="0,1" hai="0,2,3,4,8,16,22,27,62,67,68,80,84,88" machi="68" ten="20,12000,2" yaku="1,1,2,1,0,1,7,1,54,2,53,0" doraHai="128" doraHaiUra="101" who="0" fromWho="0" sc="119,130,375,-30,231,-30,265,-60" owari="249,5.0,345,44.0,201,-30.0,205,-19.0" /></mjloggm>