<mjloggm ver="2.3"><GO type="41" lobby="0"/><UN n0="%6B%75%6E%69%2D%74" n1="%E8%8F%8A%E5%9C%B0%E3%83%9E%E3%83%88%E3%82%B3" n2="%E2%93%9D%53%75%70%68%78" n3="%E3%81%99%EF%BD%9E%E3%81%BD%E3%82%93%E3%81%A4" dan="15,15,18,14" rate="2010.09,1968.40,2093.43,1942.25" sx="M,M,M,F"/><TAIKYOKU oya="0"/><INIT seed="0,0,0,1,5,27" ten="250,250,250,250" oya="0" hai0="112,95,104,101,53,57,4,37,25,9,75,117,114" hai1="23,127,50,52,79,88,10,70,91,125,29,76,134" hai2="102,78,33,106,46,45,61,129,54,42,62,80,18" hai3="132,36,99,13,1,123,74,32,81,71,58,82,59"/><T22/><D117/><U12/><E70/><V56/><F129/><W34/><G71/><T113/><D75/><U94/><E134/><V3/><F3/><W72/><G1/><T115/><D37/><U43/><E43/><V5/><F5/><W19/><G36/><T111/><D111/><U73/><E73/><V118/><F33/><W116/><G13/><T17/><D104/><U119/><E119/><V41/><F102/><W77/><G116/><T122/><D122/><U89/><E94/><V26/><F106/><W16/><G99/><T133/><D133/><U38/><E38/><V20/><F62/><W15/><G15/><T135/><D135/><U63/><E63/><V11/><F11/><W130/><G132/><T128/><D128/><U105/><E105/><V0/><F0/><W65/><G130/><T110/><D110/><U85/><E85/><N who="2" m="48279" /><F118/><W49/><G77/><T84/><D115/><U48/><E48/><N who="2" m="28943" /><F46/><W31/><G49/><T97/><D84/><U60/><E60/><V90/><F90/><W98/><G98/><T121/><D121/><U40/><E40/><V6/><F6/><W24/><G123/><T83/><D83/><U30/><E23/><V126/><F126/><N who="1" m="48137" /><E76/><V108/><F108/><W87/><G87/><T107/><D107/><U93/><E79/><V35/><F35/><W21/><G72/><T66/><D66/><AGARI ba="0,0" hai="18,20,26,41,42,56,61,66" m="28943,48279" machi="66" ten="30,1000,0" yaku="8,1" doraHai="27" who="2" fromWho="0" sc="250,-10,250,0,250,10,250,0" /><INIT seed="1,0,0,3,3,33" ten="240,250,260,250" oya="1" hai0="8,71,25,108,83,27,92,17,24,45,105,42,95" hai1="125,4,103,94,85,56,79,110,29,97,1,40,130" hai2="80,84,124,129,7,126,32,123,77,133,75,66,99" hai3="35,54,23,30,5,73,20,57,113,127,111,64,58"/><U41/><E125/><N who="2" m="48235" /><F32/><W59/><G73/><T15/><D108/><U13/><E130/><V134/><F7/><W49/><G113/><T68/><D105/><U65/><E29/><V50/><F50/><W16/><G111/><T55/><D71/><U88/><E79/><V93/><F66/><W51/><G35/><T39/><D68/><U114/><E114/><V101/><F123/><W11/><G127/><T87/><REACH who="0" step="1"/><D55/><REACH who="0" ten="230,250,260,250" step="2"/><U60/><E110/><V107/><F129/><W36/><G54/><T31/><D31/><U34/><E34/><V21/><F21/><W86/><G23/><T10/><D10/><N who="1" m="4295" /><E1/><V91/><AGARI ba="0,1" hai="75,77,80,84,91,93,99,101,107,133,134" m="48235" machi="91" ten="30,7900,0" yaku="24,1,18,1,34,2" doraHai="33" who="2" fromWho="2" sc="230,-20,250,-39,260,89,250,-20" /><INIT seed="2,0,0,1,5,120" ten="210,211,349,230" oya="2" hai0="98,135,95,124,57,55,110,84,20,27,44,17,48" hai1="2,41,22,67,69,34,49,106,92,13,99,102,77" hai2="65,56,96,103,61,125,121,87,75,4,62,93,6" hai3="36,31,131,107,12,127,71,115,35,45,85,76,11"/><V8/><F121/><W105/><G127/><T43/><D110/><U111/><E34/><V89/><F125/><W60/><G131/><T70/><D124/><U40/><E2/><V78/><F62/><W134/><G134/><T18/><D135/><U133/><E77/><V52/><F65/><W66/><G115/><T39/><D84/><U58/><E69/><V108/><F108/><W21/><G35/><T91/><D70/><U28/><E133/><V14/><F75/><W86/><G86/><T15/><D15/><U10/><E106/><V79/><REACH who="2" step="1"/><F6/><REACH who="2" ten="210,211,339,230" step="2"/><W30/><G60/><T128/><D128/><U126/><E126/><V114/><F114/><W54/><G66/><T90/><D18/><U7/><E111/><V117/><F117/><W88/><G71/><T80/><D80/><AGARI ba="0,1" hai="4,8,14,52,56,61,78,79,80,87,89,93,96,103" machi="80" ten="30,11600,0" yaku="1,1,7,1,8,1,54,1,53,0" doraHai="120" doraHaiUra="16" who="2" fromWho="0" sc="210,-116,211,0,339,126,230,0" /><INIT seed="2,1,0,4,3,92" ten="94,211,465,230" oya="2" hai0="49,106,33,99,113,57,134,52,21,114,43,121,26" hai1="111,56,62,107,36,53,1,41,23,12,39,117,44" hai2="71,128,131,105,47,35,119,66,68,45,13,89,135" hai3="64,129,50,82,15,58,24,93,28,81,120,103,132"/><V70/><F105/><W80/><G120/><T0/><D0/><U18/><E117/><V126/><F35/><W110/><G110/><T7/><D7/><U6/><E111/><V88/><F126/><W19/><G129/><N who="2" m="49737" /><F119/><W20/><G132/><T31/><D121/><U3/><E36/><V46/><F66/><W133/><G133/><T38/><D134/><U98/><REACH who="1" step="1"/><E6/><REACH who="1" ten="94,201,465,230" step="2"/><V83/><F135/><W84/><G50/><T67/><D67/><U29/><E29/><V94/><F83/><W48/><G48/><T14/><D43/><U76/><E76/><V2/><F2/><W69/><G69/><T4/><D38/><U37/><E37/><V78/><F78/><W116/><G116/><T77/><D77/><U118/><E118/><V72/><F72/><W130/><G130/><T27/><D14/><U55/><E55/><V127/><F127/><W104/><G15/><T63/><D4/><U32/><E32/><V112/><F13/><W115/><G81/><T97/><D106/><U109/><E109/><V61/><F61/><N who="3" m="37943" /><G82/><T101/><D63/><U100/><AGARI ba="1,1" hai="1,3,12,18,23,39,41,44,53,56,62,98,100,107" machi="100" ten="30,4000,0" yaku="1,1,0,1,52,1,53,0" doraHai="92" doraHaiUra="5" who="1" fromWho="1" sc="94,-11,201,53,465,-21,230,-11" /><INIT seed="3,0,0,1,2,88" ten="83,254,444,219" oya="3" hai0="1,106,129,48,32,105,22,132,89,59,52,36,47" hai1="2,128,93,57,64,114,65,0,44,81,10,30,96" hai2="107,121,99,92,34,8,54,27,11,38,75,9,77" hai3="25,66,76,20,29,97,55,70,118,14,68,133,5"/><W15/><G118/><T17/><D132/><U12/><E114/><V112/><F107/><W39/><G39/><T40/><D129/><U13/><E30/><V56/><F75/><W85/><G133/><T83/><D32/><U67/><E128/><V18/><F77/><W90/><G76/><T28/><D1/><U26/><E26/><V31/><F121/><W134/><G134/><T72/><D28/><U98/><E81/><V46/><F112/><W116/><G116/><T42/><D42/><U110/><E98/><V109/><F109/><W103/><G66/><T120/><D120/><U49/><E57/><V24/><F46/><W104/><G55/><T6/><D6/><U123/><E110/><V60/><F38/><W33/><G20/><T21/><D21/><U80/><E80/><V74/><F74/><W53/><G53/><T130/><D130/><U82/><E82/><V62/><F62/><W95/><G15/><T63/><D36/><U101/><E13/><V37/><F37/><W108/><REACH who="3" step="1"/><G108/><REACH who="3" ten="83,254,444,209" step="2"/><T78/><REACH who="0" step="1"/><D89/><REACH who="0" ten="73,254,444,209" step="2"/><U122/><E123/><V61/><F34/><W51/><G51/><T43/><D43/><N who="1" m="24735" /><E122/><V119/><F119/><W45/><G45/><T94/><D94/><U100/><E2/><V19/><F92/><W7/><G7/><T102/><D102/><N who="1" m="60687" /><E0/><V58/><F54/><W84/><G84/><T3/><D3/><U16/><AGARI ba="0,2" hai="10,12,16,64,65,67,100,101" m="60687,24735" machi="16" ten="30,4000,0" yaku="8,1,52,1,54,1" doraHai="88" who="1" fromWho="1" sc="73,-10,254,60,444,-10,209,-20" /><INIT seed="4,0,0,3,2,51" ten="63,314,434,189" oya="0" hai0="126,10,50,112,109,84,76,81,46,127,23,19,54" hai1="86,99,36,105,118,2,100,75,49,57,55,79,12" hai2="20,62,21,29,110,52,134,13,65,88,129,132,48" hai3="90,59,71,77,115,45,119,106,24,41,33,120,44"/><T28/><D112/><U107/><E118/><V117/><F110/><W40/><G71/><T7/><D28/><U25/><E2/><V3/><F129/><W131/><G119/><T116/><D116/><U94/><E36/><V133/><F3/><W26/><G106/><T89/><D109/><U32/><E12/><V8/><F88/><W56/><G120/><T122/><D122/><U104/><E25/><V38/><F38/><W121/><G121/><T27/><REACH who="0" step="1"/><D76/><REACH who="0" ten="53,314,434,189" step="2"/><U39/><E32/><V64/><F29/><W15/><G77/><T31/><D31/><U34/><E34/><V43/><F117/><W73/><G33/><T102/><D102/><U14/><E79/><V0/><F134/><W66/><G115/><T4/><D4/><U103/><E100/><V101/><F133/><W11/><G131/><T22/><D22/><U91/><E103/><V78/><F21/><W18/><G11/><T124/><D124/><U61/><E107/><V47/><F20/><W135/><G135/><T108/><D108/><U9/><E105/><V95/><F78/><W125/><G125/><T70/><D70/><U42/><E104/><V37/><F132/><W69/><G69/><T128/><D128/><U67/><E9/><V58/><F101/><W6/><G6/><T96/><D96/><U74/><E99/><V97/><F97/><W35/><G35/><T68/><D68/><U60/><E75/><V93/><F8/><W17/><G73/><T87/><D87/><U30/><E74/><V72/><F72/><W114/><G114/><T130/><D130/><U92/><E86/><RYUUKYOKU ba="0,1" sc="53,30,314,-10,434,-10,189,-10" hai0="7,10,19,23,27,46,50,54,81,84,89,126,127" /><INIT seed="4,1,1,5,5,78" ten="83,304,424,179" oya="0" hai0="1,40,131,94,19,101,75,128,29,56,105,85,61" hai1="118,82,15,117,49,114,45,119,63,86,107,20,62" hai2="38,22,84,70,67,27,129,3,28,100,89,96,112" hai3="6,106,11,54,87,122,68,125,31,25,26,79,34"/><T110/><D1/><U58/><E107/><V134/><F112/><W73/><G106/><T16/><D75/><U76/><E114/><V135/><F129/><N who="0" m="49738" /><D40/><U59/><E15/><V9/><F38/><W66/><G87/><T109/><D105/><U121/><E121/><V69/><F67/><W126/><G122/><T98/><D29/><U92/><E20/><V93/><F9/><W42/><G42/><T12/><D85/><U37/><E37/><V127/><F127/><W13/><G26/><T83/><D83/><U91/><E62/><V30/><F30/><W104/><G104/><T95/><D95/><U24/><E24/><V48/><F3/><W111/><G111/><N who="0" m="42507" /><D12/><U50/><E63/><V64/><F93/><W71/><G66/><AGARI ba="1,1" hai="16,19,56,61,66,94,98,101" m="42507,49738" machi="66" ten="30,5800,0" yaku="19,1,10,1,54,1" doraHai="78" who="0" fromWho="3" sc="83,71,304,0,424,0,179,-61" /><INIT seed="4,2,0,5,3,114" ten="154,304,424,118" oya="0" hai0="120,95,122,57,4,82,56,110,80,67,70,102,113" hai1="59,22,20,63,90,65,132,134,126,35,45,66,109" hai2="115,111,73,58,46,11,105,119,13,96,92,99,71" hai3="108,27,62,87,89,121,40,68,72,129,100,98,33"/><T41/><D113/><U97/><E109/><V29/><F73/><W86/><G121/><T101/><D110/><U74/><E74/><V53/><F105/><W32/><G72/><T43/><D4/><U30/><E126/><V50/><F71/><W34/><G108/><T36/><D36/><U135/><E66/><V18/><F119/><W21/><G40/><T0/><D95/><N who="1" m="56567" /><E45/><V81/><F29/><W106/><G129/><T124/><D67/><U10/><E10/><V37/><F115/><W85/><G68/><T15/><D15/><U6/><E6/><V19/><F37/><W48/><G48/><T76/><D70/><U116/><E116/><V60/><F81/><W78/><G78/><T54/><D76/><U28/><E28/><V12/><F111/><W77/><G77/><T49/><D124/><U44/><E44/><V47/><F47/><W3/><G62/><T104/><D104/><U69/><E69/><V131/><F131/><W117/><G3/><T91/><D91/><U17/><E17/><V79/><F79/><W23/><G27/><AGARI ba="2,0" hai="20,22,27,30,35,59,63,65,132,134,135" m="56567" machi="27" ten="30,1000,0" yaku="20,1" doraHai="114" who="1" fromWho="3" sc="154,0,304,16,424,0,118,-16" /><INIT seed="5,0,0,5,1,135" ten="154,320,424,102" oya="1" hai0="124,120,67,38,32,83,90,88,91,5,43,98,63" hai1="123,48,25,15,34,92,94,74,104,68,31,20,105" hai2="130,79,6,116,0,66,29,118,3,62,39,54,46" hai3="76,70,14,122,57,69,72,17,108,114,40,129,52"/><U10/><E74/><V115/><F130/><W132/><G132/><T21/><D32/><U86/><E123/><V64/><F29/><W45/><G122/><T113/><D120/><U41/><E68/><V109/><F6/><W60/><G108/><T117/><D117/><U75/><E34/><V59/><F79/><W4/><G4/><T49/><D38/><U53/><E75/><V77/><F77/><W9/><G129/><T89/><D5/><U42/><E104/><V111/><F3/><W97/><G114/><T96/><D113/><U11/><E105/><V16/><F16/><W126/><G97/><T134/><D134/><U36/><E36/><V127/><F0/><W51/><REACH who="3" step="1"/><G126/><REACH who="3" ten="154,320,424,92" step="2"/><T44/><D124/><U85/><E86/><V106/><F115/><W19/><G19/><T55/><D43/><U71/><E85/><V80/><F111/><W125/><G125/><T131/><D131/><U107/><E41/><V103/><F109/><W12/><G12/><T100/><D83/><AGARI ba="0,1" hai="9,14,17,40,45,51,52,57,60,69,70,72,76,83" machi="83" ten="40,2600,0" yaku="1,1,54,1,53,0" doraHai="135" doraHaiUra="24" who="3" fromWho="0" sc="154,-26,320,0,424,0,92,36" /><INIT seed="6,0,0,3,1,76" ten="128,320,424,128" oya="2" hai0="43,11,8,52,124,56,90,93,17,95,2,14,94" hai1="23,26,19,106,121,33,79,91,127,89,105,51,87" hai2="29,97,110,80,101,98,132,20,65,118,62,133,58" hai3="78,64,84,83,122,85,3,30,130,18,39,119,117"/><V38/><F118/><W92/><G39/><T108/><D108/><U45/><E127/><V81/><F38/><W15/><G3/><T88/><D124/><U22/><E33/><V42/><F42/><W111/><G111/><T125/><D125/><U24/><E105/><V28/><F98/><W114/><G30/><N who="2" m="11881" /><F20/><W86/><G64/><T123/><D123/><U12/><E106/><N who="2" m="63791" /><F110/><W44/><G44/><T7/><REACH who="0" step="1"/><D43/><REACH who="0" ten="118,320,424,128" step="2"/><U34/><E121/><V102/><F102/><W57/><G122/><T5/><D5/><U55/><E34/><V71/><F71/><W46/><G119/><T48/><AGARI ba="0,1" hai="2,7,8,11,14,17,48,52,56,88,90,93,94,95" machi="48" ten="30,12000,2" yaku="1,1,0,1,54,2,53,2" doraHai="76" doraHaiUra="4" who="0" fromWho="0" sc="118,130,320,-30,424,-60,128,-30" /><INIT seed="7,0,0,2,5,118" ten="248,290,364,98" oya="3" hai0="106,60,65,130,45,12,37,48,19,76,54,126,49" hai1="134,5,63,14,33,2,52,24,104,23,83,79,74" hai2="56,40,59,35,17,95,93,29,78,108,41,9,20" hai3="92,0,25,109,103,15,123,66,32,42,111,73,98"/><W107/><G0/><T84/><D126/><U127/><E134/><V11/><F35/><W55/><G42/><N who="2" m="16489" /><F108/><N who="3" m="41547" /><G73/><T90/><D130/><U30/><E104/><V122/><F122/><W80/><G80/><T110/><D110/><U69/><E127/><V102/><F29/><N who="3" m="19503" /><G66/><T81/><D106/><U4/><E2/><V129/><F78/><W39/><G15/><T113/><D37/><U10/><E4/><V119/><F119/><W132/><G92/><N who="2" m="35401" /><F129/><W85/><G85/><T75/><D49/><U31/><E31/><V117/><F117/><W44/><G55/><T100/><D100/><U72/><E72/><V61/><F102/><W101/><G101/><T128/><D128/><U97/><E97/><V70/><F70/><W3/><G3/><T28/><D28/><U125/><E125/><V6/><F6/><W18/><G18/><T96/><D75/><U91/><E91/><V124/><F124/><W99/><G99/><T36/><D36/><U94/><E94/><V51/><F17/><W53/><G39/><T86/><D96/><U38/><E38/><V21/><F11/><W115/><G132/><T22/><D86/><U1/><E1/><V114/><F9/><W88/><G115/><T89/><D113/><U58/><E69/><AGARI ba="0,0" hai="12,19,22,45,48,54,60,65,69,76,81,84,89,90" machi="69" ten="30,1000,0" yaku="7,1" doraHai="118" who="0" fromWho="1" sc="248,10,290,-10,364,0,98,0" owari="258,-14.0,280,8.0,364,46.0,98,-40.0" /></mjloggm>