<mjloggm ver="2.3"><GO type="41" lobby="0"/><UN n0="%E2%93%9D%53%75%70%68%78" n1="%79%6F%74%61%72%6F%39" n2="%E3%83%A9%E3%82%AA%E3%82%B5%E3%83%90%E3%82%AA" n3="%E8%96%84%E5%A2%A8%E5%88%9D%E7%BE%8E" dan="18,15,14,15" rate="2127.75,1994.75,1867.12,2001.72" sx="M,F,M,F"/><TAIKYOKU oya="0"/><INIT seed="0,0,0,1,1,112" ten="250,250,250,250" oya="0" hai0="16,24,109,25,132,74,121,83,8,7,135,20,115" hai1="106,42,37,60,66,107,38,70,94,124,111,81,17" hai2="0,41,22,52,55,127,93,50,105,77,101,69,9" hai3="13,27,26,119,59,75,103,36,95,108,64,113,32"/><T102/><D102/><U56/><E111/><V88/><F105/><W79/><G113/><T45/><D115/><U6/><E124/><V78/><F69/><W54/><G108/><T129/><D109/><U116/><E116/><V114/><F101/><W76/><G36/><T67/><D67/><U1/><E94/><V85/><F114/><W48/><G119/><T4/><D45/><U104/><E17/><V65/><F65/><W39/><G39/><T61/><D61/><U89/><E56/><V44/><F127/><W19/><G64/><T100/><D100/><U49/><E49/><V87/><F22/><W33/><G33/><T118/><D129/><U10/><E89/><V28/><F28/><W99/><G32/><T131/><D131/><U97/><E97/><V80/><REACH who="2" step="1"/><F78/><REACH who="2" ten="250,250,240,250" step="2"/><N who="3" m="29739" /><G75/><T46/><D74/><U90/><E90/><V92/><F92/><W110/><G110/><T133/><D118/><U2/><E81/><V14/><F14/><W73/><G73/><T86/><D83/><U63/><E1/><V71/><F71/><W57/><G57/><T117/><D117/><U23/><E23/><AGARI ba="0,1" hai="13,19,23,26,27,48,54,59,95,99,103" m="29739" machi="23" ten="30,1000,0" yaku="8,1" doraHai="112" who="3" fromWho="1" sc="250,0,250,-10,240,0,250,20" /><INIT seed="1,0,0,2,3,89" ten="250,240,240,270" oya="1" hai0="124,127,29,62,79,107,104,54,99,9,98,13,85" hai1="92,84,129,46,106,94,119,101,7,0,109,120,30" hai2="87,91,15,16,28,78,64,96,133,56,52,50,132" hai3="108,102,6,97,53,131,103,20,17,4,44,77,118"/><U117/><E120/><V43/><F28/><W61/><G108/><T82/><D29/><U42/><E109/><V112/><F112/><W12/><G118/><T39/><D39/><U40/><E129/><V49/><F64/><W86/><G131/><T67/><D54/><U34/><E42/><V115/><F115/><W113/><G113/><T3/><D3/><U88/><E106/><V134/><F78/><W55/><G61/><T69/><D107/><U130/><E130/><V1/><F1/><W114/><G114/><T105/><D105/><U70/><E70/><V38/><F96/><W37/><G37/><T116/><D116/><U83/><E7/><N who="3" m="2602" /><G44/><T47/><D47/><U65/><E0/><V57/><F38/><W111/><G111/><T126/><REACH who="0" step="1"/><D104/><REACH who="0" ten="240,240,240,270" step="2"/><U41/><E65/><V76/><F43/><W100/><G53/><T74/><D74/><U35/><E40/><V11/><F76/><W68/><G55/><T63/><D63/><U25/><E34/><V23/><F11/><W27/><G77/><T36/><D36/><U71/><E119/><V18/><F134/><W8/><G8/><T19/><AGARI ba="0,1" hai="9,13,19,62,67,69,79,82,85,98,99,124,126,127" machi="19" ten="30,7900,0" yaku="1,1,0,1,18,1,53,1" doraHai="89" doraHaiUra="5" who="0" fromWho="0" sc="240,89,240,-39,240,-20,270,-20" /><INIT seed="2,0,0,2,2,116" ten="329,201,220,250" oya="2" hai0="101,56,86,99,127,54,103,98,92,105,112,120,83" hai1="19,50,75,106,5,6,62,42,46,37,40,70,39" hai2="90,73,124,29,63,14,131,11,3,43,69,114,87" hai3="85,76,132,93,21,80,71,117,115,60,38,31,125"/><V128/><F73/><W17/><G117/><T23/><D127/><U32/><E106/><V13/><F124/><W52/><G125/><T12/><D112/><U24/><E75/><V15/><F29/><W110/><G115/><T74/><D74/><U104/><E104/><V88/><F3/><W51/><G110/><T27/><D12/><U48/><E32/><V30/><F30/><W26/><G132/><T81/><D120/><U53/><E24/><V126/><F126/><W18/><G38/><N who="1" m="14346" /><E19/><V102/><F43/><N who="1" m="16425" /><E5/><V65/><F102/><W108/><G108/><T135/><D135/><U72/><E6/><V35/><F35/><W4/><G4/><T0/><D0/><U113/><E72/><V55/><F114/><W7/><G93/><T1/><D1/><U16/><E16/><V100/><F100/><W44/><REACH who="3" step="1"/><G7/><REACH who="3" ten="329,201,220,240" step="2"/><T119/><D119/><U36/><E113/><V133/><F133/><W57/><G57/><T67/><D105/><U33/><E33/><V84/><F11/><W79/><G79/><T59/><D59/><N who="1" m="35183" /><E70/><V130/><F69/><W94/><G94/><T109/><D92/><U9/><E9/><V77/><F77/><W89/><G89/><T22/><D109/><U96/><E96/><V10/><F10/><W25/><G25/><T61/><D99/><U68/><E68/><V47/><F90/><W122/><G122/><T64/><D98/><U2/><E2/><V107/><F88/><W129/><G129/><T118/><D118/><U123/><E123/><V28/><F128/><W97/><G97/><T49/><D27/><U8/><E8/><RYUUKYOKU ba="0,1" sc="329,-15,201,15,220,-15,240,15" hai1="36,46,48,50" hai3="17,18,21,26,31,44,51,52,60,71,76,80,85" /><INIT seed="3,1,1,3,3,102" ten="314,216,205,255" oya="3" hai0="0,14,6,135,109,24,50,8,57,132,134,129,121" hai1="133,125,58,99,40,59,97,55,2,32,116,74,115" hai2="41,4,106,112,89,80,78,37,84,88,94,60,27" hai3="45,130,63,105,30,71,96,10,65,119,51,39,104"/><W98/><G119/><T62/><D121/><U46/><E2/><V123/><F112/><W124/><G130/><T48/><D129/><U9/><E115/><V85/><F4/><W49/><G124/><T53/><D109/><U11/><E32/><V91/><F27/><W118/><G118/><T12/><D24/><U70/><E74/><V101/><F60/><W103/><G30/><T114/><D114/><U111/><E111/><V19/><F37/><W79/><G79/><T107/><D107/><U54/><E125/><V93/><F41/><W126/><G126/><T66/><REACH who="0" step="1"/><D50/><REACH who="0" ten="304,216,205,255" step="2"/><U1/><E116/><V42/><F123/><W113/><G113/><T3/><D3/><U34/><E1/><V35/><F35/><W86/><G49/><T31/><D31/><U52/><E34/><V120/><F120/><W82/><G104/><T15/><D15/><U77/><E133/><V26/><F26/><W36/><G36/><T20/><D20/><U61/><E70/><AGARI ba="1,2" hai="0,6,8,12,14,48,53,57,62,66,70,132,134,135" machi="70" ten="40,5200,0" yaku="1,1,20,1,53,1" doraHai="102" doraHaiUra="33" who="0" fromWho="1" sc="304,75,216,-55,205,0,255,0" /><INIT seed="4,0,0,0,5,86" ten="379,161,205,255" oya="0" hai0="58,3,102,107,49,11,21,56,133,15,134,22,99" hai1="70,95,38,20,121,48,8,128,18,27,40,120,32" hai2="62,105,59,116,74,112,135,25,37,47,57,50,73" hai3="126,33,6,117,98,130,123,119,9,26,28,106,97"/><T55/><D3/><U83/><E128/><V108/><F108/><W78/><G130/><T51/><D58/><U19/><E70/><V114/><F105/><W84/><G123/><T80/><D51/><U89/><E38/><V53/><F135/><N who="0" m="51722" /><D80/><U131/><E131/><V82/><F82/><W29/><G126/><T61/><D61/><U94/><E32/><V13/><F116/><W75/><G28/><T17/><AGARI ba="0,0" hai="11,15,17,21,22,49,55,56,99,102,107" m="51722" machi="17" ten="30,1500,0" yaku="20,1" doraHai="86" who="0" fromWho="0" sc="379,15,161,-5,205,-5,255,-5" /><INIT seed="4,1,0,3,4,84" ten="394,156,200,250" oya="0" hai0="16,5,19,77,134,34,30,15,81,103,99,124,119" hai1="52,109,24,4,3,122,68,73,115,66,95,87,49" hai2="32,111,88,79,126,36,60,25,129,93,100,105,44" hai3="117,56,86,96,12,39,61,10,13,45,118,71,67"/><T40/><D119/><U26/><E109/><V70/><F111/><W130/><G130/><T135/><D40/><U121/><E73/><V127/><F129/><W48/><G96/><T54/><D124/><N who="2" m="47658" /><F79/><W114/><G114/><T91/><D54/><U55/><E115/><V14/><F14/><W58/><G12/><T110/><D30/><U69/><E4/><V97/><F44/><W2/><G2/><T31/><D31/><U82/><E3/><V125/><F36/><W27/><G27/><T35/><D103/><U53/><E95/><V98/><F25/><W20/><G20/><T106/><D106/><U62/><E69/><V89/><F125/><W116/><G86/><N who="0" m="50639" /><D99/><U57/><E121/><V83/><F32/><N who="0" m="12330" /><D77/><U64/><E122/><V29/><F29/><W101/><G101/><T128/><D110/><U17/><E66/><N who="2" m="41287" /><F83/><W94/><G94/><T1/><D128/><U112/><E112/><V42/><F42/><W133/><G39/><T50/><D1/><U104/><E104/><V47/><F47/><W75/><G45/><T59/><D15/><U102/><E102/><AGARI ba="1,0" hai="88,89,93,97,98,100,102,105" m="41287,47658" machi="102" ten="30,7700,0" yaku="18,1,52,2,54,1" doraHai="84" who="2" fromWho="1" sc="394,0,156,-80,200,80,250,0" /><INIT seed="5,0,0,5,5,12" ten="394,76,280,250" oya="1" hai0="127,75,118,36,32,96,131,122,39,105,76,87,106" hai1="129,21,28,111,123,83,42,54,37,68,88,22,133" hai2="58,63,79,107,126,47,50,56,84,16,15,44,93" hai3="11,27,124,70,33,13,90,117,132,85,130,66,69"/><U116/><E123/><V86/><F107/><W17/><G124/><T128/><D118/><U40/><E116/><V60/><F126/><W104/><G117/><T95/><D32/><U73/><E68/><V24/><F24/><W80/><G130/><N who="0" m="49707" /><D127/><U4/><E129/><V99/><F79/><W46/><G104/><N who="0" m="40043" /><D87/><N who="1" m="50303" /><E73/><V98/><F99/><W23/><G132/><T35/><D35/><U100/><E133/><V120/><F120/><W92/><G33/><T59/><D122/><U64/><E37/><V26/><F26/><W112/><G112/><T18/><D59/><U78/><E111/><V102/><F47/><W67/><G69/><T34/><D34/><U65/><E78/><V103/><F44/><W51/><G92/><T72/><D76/><U45/><E100/><V71/><F103/><W30/><REACH who="3" step="1"/><G70/><REACH who="3" ten="394,76,280,240" step="2"/><T8/><D95/><U20/><E28/><V108/><F71/><W113/><G113/><T109/><D109/><U94/><E94/><V14/><F108/><W19/><G19/><T48/><D18/><U62/><E4/><V135/><F16/><W29/><G29/><T89/><D75/><U6/><E6/><V2/><F135/><W55/><AGARI ba="0,1" hai="11,13,17,23,27,30,46,51,55,66,67,80,85,90" machi="55" ten="20,16000,3" yaku="1,1,0,1,7,1,25,2,8,1,52,1,53,1" doraHai="12" doraHaiUra="82" who="3" fromWho="3" sc="394,-40,76,-80,280,-40,240,170" owari="354,15.0,-4,-50.0,240,-16.0,410,51.0" /></mjloggm>