<mjloggm ver="2.3"><GO type="41" lobby="0"/><UN n0="%E7%B7%8B%E4%B8%96" n1="%E3%83%95%E3%82%A9%E3%83%BC%E3%83%9D%E3%82%A4%E3%83%B3%E3%83%88" n2="%E2%93%9D%53%75%70%68%78" n3="%6E%6F%62%75%73%61%74%6F" dan="14,14,18,13" rate="1912.85,1925.26,2175.33,1855.47" sx="M,M,M,M"/><TAIKYOKU oya="0"/><INIT seed="0,0,0,3,0,21" ten="250,250,250,250" oya="0" hai0="28,122,91,108,103,128,45,6,132,102,121,34,133" hai1="10,48,49,73,98,112,69,71,127,70,93,47,53" hai2="43,114,16,104,105,126,88,109,24,135,44,14,117" hai3="36,31,32,1,92,7,30,60,19,57,99,66,85"/><T39/><D6/><U2/><E73/><V56/><F114/><W120/><G120/><T101/><D39/><U125/><E112/><V95/><F109/><W81/><G36/><T33/><D45/><U62/><E2/><V8/><F135/><N who="0" m="51786" /><D108/><U54/><E10/><V106/><F126/><N who="1" m="48137" /><E93/><V72/><F72/><W97/><G1/><T111/><D111/><U107/><E107/><V22/><F56/><W40/><G40/><T15/><D15/><U12/><E12/><V123/><F117/><W131/><G7/><T96/><D28/><U35/><E98/><V64/><F64/><W29/><G19/><T83/><D128/><U50/><E35/><N who="0" m="13321" /><D83/><U3/><E3/><V129/><F129/><W134/><G131/><T27/><D27/><U51/><E54/><V13/><F123/><N who="0" m="47114" /><D91/><U41/><E41/><V17/><F14/><W63/><G134/><T86/><D86/><U20/><E20/><V52/><F43/><W38/><G38/><T124/><D124/><U116/><E116/><V118/><F118/><W26/><G99/><AGARI ba="0,0" hai="96,99,101,102,103" m="47114,13321,51786" machi="99" ten="40,7700,0" yaku="28,2,20,1" doraHai="21" who="0" fromWho="3" sc="250,77,250,0,250,0,250,-77" /><INIT seed="0,1,0,4,3,117" ten="327,250,250,173" oya="0" hai0="33,106,115,0,109,114,31,91,87,132,112,90,116" hai1="54,84,68,2,49,41,126,110,57,128,63,36,102" hai2="89,8,12,107,61,75,133,85,45,21,51,7,118" hai3="6,100,111,30,123,127,46,15,58,131,124,77,105"/><T11/><D116/><U99/><E2/><V64/><F118/><W98/><G111/><T38/><D106/><U40/><E110/><V18/><F133/><W53/><G131/><T81/><D109/><U120/><E120/><V32/><F32/><W93/><G30/><T59/><D38/><U79/><E128/><V48/><F75/><W3/><G3/><T134/><D59/><U23/><E126/><N who="3" m="48170" /><G77/><T14/><D0/><U9/><E9/><V71/><F107/><W104/><G46/><T25/><REACH who="0" step="1"/><D91/><REACH who="0" ten="317,250,250,173" step="2"/><U95/><E68/><V66/><F71/><W5/><G123/><T44/><D44/><U28/><E36/><V80/><F61/><W62/><G105/><T108/><D108/><U60/><E60/><V1/><REACH who="2" step="1"/><F51/><REACH who="2" ten="317,250,240,173" step="2"/><W52/><G104/><T129/><D129/><U67/><E63/><V86/><F86/><W88/><G100/><T97/><D97/><U82/><E84/><V47/><F47/><W125/><G125/><T34/><D34/><U19/><E49/><V16/><F16/><AGARI ba="1,2" hai="11,14,16,25,31,33,81,87,90,112,114,115,132,134" machi="16" ten="40,3900,0" yaku="1,1,54,1,53,0" doraHai="117" doraHaiUra="122" who="0" fromWho="2" sc="317,62,250,0,240,-42,173,0" /><INIT seed="0,2,0,1,2,70" ten="379,250,198,173" oya="0" hai0="20,112,89,51,120,13,22,62,84,75,49,35,65" hai1="18,36,118,24,132,130,19,82,83,128,77,43,10" hai2="114,40,134,98,129,45,29,34,1,105,96,78,41" hai3="59,4,88,44,72,12,28,15,119,3,23,26,53"/><T68/><D120/><U103/><E118/><V46/><F1/><W115/><G115/><T109/><D112/><U60/><E132/><V93/><F114/><W39/><G72/><T21/><D75/><U47/><E103/><V2/><F2/><W97/><G119/><T50/><D35/><U81/><E60/><V80/><F129/><N who="1" m="49769" /><E24/><V33/><F105/><W73/><G73/><T91/><D109/><U122/><E122/><V104/><F104/><W69/><G69/><T31/><D31/><U11/><E19/><V48/><F29/><W63/><G3/><T106/><D106/><U9/><E18/><V116/><F134/><W90/><G90/><T131/><D131/><U64/><E64/><V37/><F98/><W38/><G44/><T126/><D126/><U5/><E5/><V14/><F116/><W121/><G121/><T124/><D124/><U94/><E94/><V85/><REACH who="2" step="1"/><F14/><REACH who="2" ten="379,250,188,173" step="2"/><W56/><G4/><T117/><D117/><U71/><E71/><V30/><F30/><W107/><G12/><T125/><D125/><U74/><AGARI ba="2,1" hai="9,10,11,36,43,47,74,77,81,82,83" m="49769" machi="74" ten="30,2000,0" yaku="19,1,52,1" doraHai="70" who="1" fromWho="1" sc="379,-12,250,36,188,-7,173,-7" /><INIT seed="1,0,0,1,1,82" ten="367,286,181,166" oya="1" hai0="0,15,26,28,105,134,112,102,94,109,98,13,57" hai1="55,121,68,110,3,25,16,73,69,12,39,45,75" hai2="37,35,46,36,104,40,53,78,56,72,34,21,42" hai3="27,22,65,89,123,122,61,88,5,32,64,90,2"/><U4/><E121/><V116/><F104/><W92/><G32/><T44/><D112/><U103/><E103/><V20/><F116/><W127/><G127/><T58/><D134/><U125/><E125/><V7/><F7/><W50/><G2/><T52/><D0/><U117/><E117/><V100/><F100/><W132/><G132/><T62/><D109/><U79/><E110/><V97/><F97/><W91/><G5/><T86/><D44/><U83/><E73/><V14/><F78/><W120/><G50/><T133/><D133/><U48/><E25/><V8/><F72/><W18/><REACH who="3" step="1"/><G61/><REACH who="3" ten="367,286,181,156" step="2"/><T87/><D105/><U41/><E3/><V129/><F35/><W107/><G107/><T10/><D58/><U51/><E4/><V38/><F34/><W9/><G9/><T111/><D111/><U124/><E124/><V128/><F8/><W115/><G115/><T108/><D108/><U119/><E119/><V17/><F21/><W49/><G49/><T131/><D131/><N who="2" m="50250" /><F46/><W47/><G47/><T99/><D99/><AGARI ba="0,1" hai="18,22,27,64,65,88,89,90,91,92,99,120,122,123" machi="99" ten="50,8000,1" yaku="1,1,54,1,53,2" doraHai="82" doraHaiUra="60" who="3" fromWho="0" sc="367,-80,286,0,181,0,156,90" /><INIT seed="2,0,0,5,1,48" ten="287,286,181,246" oya="2" hai0="129,90,50,126,79,118,0,39,58,3,23,97,19" hai1="94,92,14,100,77,80,85,113,116,127,5,68,91" hai2="76,119,67,66,93,64,11,114,52,105,49,44,124" hai3="13,131,72,63,36,26,125,47,10,32,12,70,55"/><V130/><F105/><W133/><G131/><T4/><D129/><U74/><E68/><V34/><F130/><W115/><G133/><T86/><D39/><U18/><E116/><V28/><F119/><W38/><G125/><T88/><D118/><U57/><E127/><V20/><F124/><W15/><G72/><T78/><D126/><U40/><E40/><V62/><F34/><W65/><G115/><T31/><D31/><U22/><E113/><V33/><F33/><W107/><G107/><T24/><D3/><U29/><E100/><V46/><F76/><W69/><G10/><T83/><D0/><U61/><E29/><V37/><F114/><W123/><G70/><T2/><D2/><U21/><E5/><V121/><F121/><W35/><G26/><T1/><D1/><U120/><E120/><V82/><F82/><W45/><G45/><T41/><D4/><U117/><E117/><V112/><F11/><W132/><G132/><T53/><D41/><U75/><E75/><V84/><F46/><W103/><G103/><T27/><D27/><U101/><E101/><V108/><F37/><N who="3" m="14443" /><G123/><T109/><D109/><U59/><E22/><V43/><F108/><W98/><G98/><T60/><D50/><U111/><E111/><V42/><F112/><W87/><G87/><T6/><D6/><U73/><E73/><V134/><F134/><W102/><G102/><T51/><D51/><U25/><E74/><V104/><F104/><W17/><G17/><T81/><D81/><U7/><E80/><V8/><F43/><W9/><G9/><T89/><D97/><RYUUKYOKU ba="0,0" sc="287,15,286,-15,181,-15,246,15" hai0="19,23,24,53,58,60,78,79,83,86,88,89,90" hai3="12,13,15,32,35,47,55,63,65,69" /><INIT seed="3,1,0,2,5,82" ten="302,271,166,261" oya="3" hai0="49,9,125,120,34,58,51,116,39,109,44,14,15" hai1="74,79,122,18,6,129,27,0,43,90,86,65,94" hai2="97,119,63,127,21,71,8,23,121,24,92,25,84" hai3="7,66,115,19,47,101,76,40,54,75,108,52,130"/><W68/><G115/><T81/><D120/><U42/><E122/><V16/><F121/><W85/><G130/><T111/><D116/><U70/><E129/><V50/><F127/><W124/><G124/><T100/><D34/><U12/><E74/><V126/><F126/><W55/><G75/><T117/><D117/><U112/><E112/><V78/><F119/><W93/><G108/><N who="0" m="41547" /><D125/><U106/><E106/><V88/><F71/><W64/><G7/><T61/><D100/><U3/><E79/><V41/><F63/><W132/><G132/><T45/><D81/><U102/><E102/><V60/><F60/><W5/><G5/><T87/><D87/><U2/><E27/><V20/><F25/><W10/><G76/><T118/><D118/><U123/><E123/><V11/><F78/><W69/><G101/><T105/><D105/><U110/><E110/><V134/><F97/><W36/><G69/><T13/><D9/><N who="2" m="3658" /><BYE who="0" /><F134/><W89/><REACH who="3" step="1"/><G68/><REACH who="3" ten="302,271,166,251" step="2"/><T113/><D113/><U33/><E6/><UN n0="%E7%B7%8B%E4%B8%96" /><V30/><F30/><W26/><G26/><T99/><D13/><AGARI ba="1,1" hai="10,13,19,36,40,47,52,54,55,64,66,85,89,93" machi="13" ten="40,7700,0" yaku="1,1,52,1,54,1,53,0" doraHai="82" doraHaiUra="103" who="3" fromWho="0" sc="302,-80,271,0,166,0,251,90" /><INIT seed="3,2,0,1,0,103" ten="222,271,166,341" oya="3" hai0="76,125,71,98,108,52,113,34,69,11,27,23,124" hai1="41,81,70,66,102,83,28,72,35,106,61,95,88" hai2="109,94,123,40,90,58,79,100,114,67,30,12,46" hai3="65,127,48,55,6,43,8,126,49,129,131,77,29"/><W128/><G77/><T133/><D108/><U54/><E41/><V32/><F114/><W87/><G29/><T116/><D113/><U9/><E9/><V57/><F123/><W84/><G65/><T1/><D34/><U130/><E130/><V31/><F100/><W13/><G43/><T50/><D116/><U122/><E122/><V17/><F79/><W74/><G74/><T92/><D76/><U19/><E19/><V24/><F31/><W44/><REACH who="3" step="1"/><G49/><REACH who="3" ten="222,271,166,331" step="2"/><T85/><D50/><U25/><E72/><V62/><F67/><W97/><G97/><T39/><D39/><U56/><E54/><V75/><F75/><W22/><G22/><T111/><D52/><U0/><E0/><V7/><F40/><W18/><G18/><T36/><D23/><U101/><E35/><V16/><F17/><W117/><G117/><T134/><D36/><U82/><E28/><V4/><F32/><W47/><G47/><T53/><D53/><U91/><E66/><V15/><F30/><W38/><G38/><T110/><D98/><U96/><E96/><V64/><F46/><W37/><G37/><T80/><D85/><AGARI ba="2,1" hai="6,8,13,44,48,55,84,85,87,126,127,128,129,131" machi="85" ten="50,9600,0" yaku="1,1,19,1,53,1" doraHai="103" doraHaiUra="2" who="3" fromWho="0" sc="222,-102,271,0,166,0,331,112" /><INIT seed="3,3,0,5,1,21" ten="120,271,166,443" oya="3" hai0="134,87,6,42,113,33,93,3,98,123,112,5,46" hai1="11,109,68,17,82,88,106,122,27,22,81,43,0" hai2="110,76,39,47,104,97,119,50,18,133,94,1,45" hai3="51,103,4,67,44,126,114,71,24,10,85,65,2"/><W52/><G114/><N who="0" m="44139" /><D123/><U86/><E122/><V25/><F1/><W69/><G126/><T64/><D3/><U37/><E68/><V91/><F110/><W96/><G71/><T101/><D134/><U90/><E106/><V31/><F119/><W56/><G69/><T84/><D64/><U34/><E109/><V129/><F129/><W55/><G85/><N who="0" m="32843" /><D33/><U77/><E34/><V40/><F104/><W28/><G55/><T15/><D15/><U118/><E118/><V111/><F133/><W78/><G78/><T57/><D57/><U131/><E131/><V13/><F76/><W100/><G56/><T95/><D93/><U36/><E43/><V102/><F111/><W70/><G70/><T135/><D135/><U117/><E117/><V7/><F7/><W116/><G116/><T60/><D60/><U66/><E66/><V41/><F13/><W53/><G53/><T89/><D101/><U54/><E54/><V132/><F132/><W108/><G108/><T62/><D62/><U72/><E90/><V115/><F115/><W20/><G103/><T121/><D121/><U120/><REACH who="1" step="1"/><E120/><REACH who="1" ten="120,261,166,443" step="2"/><V130/><F130/><W35/><G35/><T58/><D58/><U63/><E63/><V127/><F91/><W79/><G79/><T19/><D89/><U14/><E14/><V73/><F102/><W83/><G83/><T30/><D42/><U75/><E75/><V105/><F41/><W32/><G32/><T59/><D59/><U23/><E23/><V12/><F40/><W9/><G9/><T38/><D38/><U125/><E125/><V124/><F124/><RYUUKYOKU ba="3,1" sc="120,-15,261,15,166,-15,443,15" hai1="0,11,17,22,27,36,37,72,77,81,82,86,88" hai3="2,4,10,20,24,28,44,51,52,65,67,96,100" /><INIT seed="3,4,1,2,4,107" ten="105,276,151,458" oya="3" hai0="32,35,51,124,53,119,57,65,109,6,132,55,45" hai1="86,47,23,115,26,69,89,72,56,120,99,90,49" hai2="76,21,75,113,30,133,43,97,13,54,63,116,41" hai3="15,93,33,73,82,68,60,66,71,40,25,96,91"/><W81/><G40/><T9/><D119/><U103/><E120/><V131/><F113/><W31/><G71/><T129/><D109/><U5/><E69/><V14/><F116/><W126/><G126/><T11/><D124/><U52/><E5/><V92/><F133/><W46/><G46/><T102/><D132/><U101/><E115/><V17/><F131/><W87/><G73/><T18/><D129/><U128/><E72/><V134/><F30/><W98/><G15/><T117/><D117/><U37/><E128/><V64/><F54/><W114/><G114/><T4/><D18/><U8/><E8/><V106/><F106/><W78/><G82/><T70/><D102/><U0/><E0/><V111/><F111/><W123/><G98/><T100/><D100/><U12/><E12/><V112/><F134/><W79/><REACH who="3" step="1"/><G123/><REACH who="3" ten="105,276,151,448" step="2"/><T19/><D70/><U34/><E99/><V80/><F112/><W62/><G62/><T85/><D85/><U130/><E130/><V74/><F74/><W38/><G38/><T94/><D45/><U44/><E37/><V77/><F14/><W84/><G84/><T24/><D24/><U95/><E47/><V83/><F83/><W3/><G3/><T118/><D118/><U104/><E44/><V125/><F125/><W27/><G27/><T135/><D135/><U108/><E86/><V7/><F43/><W50/><G50/><T20/><D51/><U42/><E49/><V127/><F127/><W58/><G58/><T67/><D57/><U110/><E56/><N who="2" m="36967" /><F41/><W121/><G121/><T10/><D65/><U48/><E42/><RYUUKYOKU ba="4,2" sc="105,-10,276,-10,151,-10,448,30" hai3="25,31,33,60,66,68,78,79,81,87,91,93,96" /><INIT seed="3,5,2,2,5,120" ten="95,266,141,478" oya="3" hai0="112,92,11,7,30,118,69,19,28,18,125,98,88" hai1="48,73,132,2,44,58,107,87,90,101,71,85,93" hai2="12,65,49,20,78,36,42,23,5,59,131,56,0" hai3="82,29,110,57,70,10,60,127,115,52,129,62,135"/><W47/><G115/><T63/><D118/><U100/><E2/><V61/><F0/><W46/><G127/><T113/><D125/><U24/><E71/><V38/><F131/><W15/><G129/><T77/><D77/><U6/><E6/><V64/><F78/><W97/><G135/><T104/><D104/><U103/><E73/><V133/><F5/><W25/><G82/><T99/><D99/><U37/><E107/><V80/><F12/><W72/><G72/><T8/><D69/><U105/><E105/><V75/><F80/><W74/><G74/><T96/><D63/><U43/><E132/><V81/><F81/><W114/><G97/><T109/><D7/><U3/><E3/><V123/><F23/><W1/><G1/><T26/><D92/><U83/><E37/><N who="2" m="14443" /><F20/><W54/><G114/><T22/><D22/><U94/><E24/><V117/><F117/><W27/><G29/><T106/><D106/><U40/><E40/><V119/><F123/><W51/><G51/><T84/><D26/><U55/><REACH who="1" step="1"/><E87/><REACH who="1" ten="95,256,141,478" step="2"/><V14/><F133/><W68/><G27/><T34/><D84/><U9/><E9/><V89/><F75/><W95/><G25/><T67/><D34/><U13/><E13/><V116/><F14/><W111/><G15/><T33/><D33/><U35/><E35/><V39/><F39/><W128/><G10/><T124/><D124/><U41/><E41/><V53/><F42/><W66/><G70/><T4/><D4/><U21/><E21/><V16/><F119/><W126/><G128/><T86/><D86/><U102/><E102/><RYUUKYOKU ba="5,3" sc="95,-10,256,30,141,-10,478,-10" hai1="43,44,48,55,58,83,85,90,93,94,100,101,103" /><INIT seed="4,6,3,3,4,0" ten="85,286,131,468" oya="0" hai0="122,111,109,50,129,114,70,119,107,33,57,92,14" hai1="64,54,24,15,13,69,66,2,81,45,63,42,31" hai2="89,87,4,83,71,29,48,105,9,99,123,61,126" hai3="85,12,86,39,28,10,135,115,52,88,19,90,62"/><T47/><D122/><U112/><E2/><V106/><F123/><W26/><G115/><T110/><D107/><U82/><E112/><V8/><F126/><W3/><G135/><T80/><D114/><U127/><E127/><V58/><F71/><W72/><G72/><T17/><D70/><U116/><E116/><V51/><F29/><W55/><G39/><T79/><D119/><U98/><E98/><V133/><F9/><W120/><G3/><T53/><D92/><U134/><E134/><V40/><F133/><W60/><G60/><T67/><D33/><U121/><E66/><V113/><F40/><W59/><G55/><T78/><D129/><U16/><E54/><V37/><F37/><W93/><G120/><T18/><D78/><U6/><E6/><V22/><F22/><N who="3" m="15447" /><G90/><T75/><D14/><U41/><E15/><N who="2" m="5511" /><F106/><W30/><G30/><T36/><REACH who="0" step="1"/><D67/><REACH who="0" ten="75,286,131,468" step="2"/><U102/><E121/><V76/><F105/><W95/><G95/><T117/><D117/><U94/><E94/><N who="2" m="56783" /><F113/><W23/><G93/><T132/><D132/><U32/><E102/><V56/><F56/><W11/><G88/><T74/><D74/><U34/><E34/><V5/><F5/><W21/><G85/><T103/><D103/><U128/><E128/><V124/><F124/><W84/><G84/><T130/><D130/><U43/><E82/><V104/><F104/><W49/><G86/><T97/><D97/><U73/><E73/><V35/><F35/><W1/><G1/><T65/><D65/><AGARI ba="6,4" hai="48,51,58,61,65,76,83,87" m="56783,5511" machi="65" ten="30,2000,0" yaku="8,1,52,1" doraHai="0" who="2" fromWho="0" sc="75,-38,286,0,131,78,468,0" /><INIT seed="5,0,0,1,3,2" ten="37,286,209,468" oya="1" hai0="32,100,114,69,93,81,43,125,129,107,134,101,9" hai1="51,127,123,23,132,128,15,6,40,66,116,27,28" hai2="48,120,89,122,11,19,80,58,41,62,92,38,26" hai3="8,34,83,0,46,68,130,115,67,135,22,88,53"/><U52/><E123/><V77/><F38/><W20/><G34/><T18/><D114/><U5/><E116/><V124/><F124/><W1/><G115/><T113/><D113/><U42/><E127/><V47/><F26/><W39/><G0/><T86/><D125/><U96/><E132/><V17/><F122/><W102/><G102/><T54/><D32/><U109/><E109/><V70/><F70/><W14/><G1/><T105/><D69/><U56/><E128/><V94/><F94/><W13/><G13/><T16/><D129/><U84/><E84/><N who="2" m="48143" /><F11/><W30/><G30/><T82/><D43/><N who="1" m="16427" /><E66/><N who="2" m="39255" /><F120/><W4/><G135/><T104/><D134/><U3/><E3/><V126/><F126/><W71/><G71/><T36/><D36/><U29/><E29/><V55/><F41/><W99/><G39/><T50/><D93/><U133/><E133/><V110/><F110/><W59/><G68/><T85/><D9/><N who="1" m="4535" /><E96/><AGARI ba="0,0" hai="17,19,47,48,55,89,92,96" m="39255,48143" machi="96" ten="30,1000,0" yaku="8,1" doraHai="2" who="2" fromWho="1" sc="37,0,286,-10,209,10,468,0" /><INIT seed="6,0,0,4,4,79" ten="37,276,219,468" oya="2" hai0="102,13,90,122,10,27,120,70,117,63,31,60,71" hai1="111,44,124,16,129,91,2,98,37,32,88,113,119" hai2="127,17,8,89,106,100,38,85,69,51,29,42,46" hai3="52,55,105,76,66,107,41,135,59,50,128,96,78"/><V40/><F69/><W116/><G116/><T86/><D117/><U94/><E119/><V133/><F133/><W53/><G128/><T23/><D102/><U18/><E111/><V12/><F127/><W34/><G34/><T3/><D3/><U110/><E110/><V0/><F0/><W114/><G114/><T15/><D15/><U125/><E32/><V33/><F106/><W95/><G107/><T58/><D63/><U22/><E2/><V109/><F109/><W101/><G41/><T73/><D73/><U57/><E129/><V35/><F100/><W20/><G50/><T81/><D70/><U103/><E113/><V30/><F35/><W93/><G20/><T49/><D49/><U43/><E57/><V121/><F121/><W112/><G112/><T5/><REACH who="0" step="1"/><D71/><REACH who="0" ten="27,276,219,468" step="2"/><U68/><E68/><V19/><F51/><W92/><G135/><T97/><D97/><U47/><E125/><V74/><F74/><W123/><G123/><T1/><D1/><U7/><E124/><V26/><F38/><W6/><G6/><T21/><D21/><U131/><E131/><V9/><F33/><W67/><G59/><T115/><D115/><U83/><E22/><V126/><F126/><W75/><G75/><T45/><D45/><U87/><E47/><V25/><F46/><W48/><G48/><T36/><D36/><U84/><E103/><V28/><F42/><W4/><G4/><T130/><D130/><U39/><E39/><V64/><F40/><W104/><G104/><T61/><D61/><U82/><E37/><V99/><F99/><W56/><G56/><RYUUKYOKU ba="0,1" sc="27,15,276,-15,219,-15,468,15" hai0="5,10,13,23,27,31,58,60,81,86,90,120,122" hai3="52,53,55,66,67,76,78,92,93,95,96,101,105" /><INIT seed="7,1,1,2,5,58" ten="42,261,204,483" oya="3" hai0="97,19,18,16,17,1,85,130,52,77,15,14,114" hai1="80,96,94,23,65,87,26,46,10,20,91,105,64" hai2="82,122,128,119,44,62,70,112,24,40,0,84,37" hai3="39,36,61,134,60,131,9,101,86,25,69,53,109"/><W76/><G109/><T43/><D130/><U93/><E105/><V132/><F119/><W111/><G101/><T83/><D1/><U67/><E46/><V121/><F0/><W63/><G134/><T3/><D3/><U106/><E106/><V41/><F24/><W102/><G102/><T104/><N who="0" m="4096" /><DORA hai="57" /><T31/><D104/><U115/><E115/><V68/><F112/><W126/><G9/><T72/><D114/><U79/><E10/><V8/><F8/><W56/><G25/><T117/><D117/><U118/><E118/><V22/><F22/><N who="1" m="8233" /><E26/><V29/><F29/><W99/><G99/><T133/><D133/><U66/><E66/><V50/><F128/><W116/><G116/><T107/><D31/><U129/><E129/><V54/><F132/><W28/><G28/><T55/><D72/><U103/><E93/><V34/><F34/><W27/><G27/><T123/><D123/><N who="2" m="47114" /><F37/><W71/><G111/><T51/><D107/><U30/><E30/><V125/><F125/><W127/><G131/><T42/><D97/><U88/><AGARI ba="1,1" hai="64,65,67,79,80,87,88,91,94,96,103" m="8233" machi="88" ten="30,2000,0" yaku="8,1,54,1" doraHai="58,57" who="1" fromWho="1" sc="42,-6,261,33,204,-6,483,-11" owari="36,-46.0,294,9.0,198,-20.0,472,57.0" /></mjloggm>