<mjloggm ver="2.3"><GO type="41" lobby="0"/><UN n0="%E5%8D%8A%E5%85%B5%E8%A1%9B" n1="%6B%6F%75%30%35%32%36" n2="%E2%93%9D%53%75%70%68%78" n3="%E5%9B%9B%E6%99%82%E4%BA%94%E5%88%86" dan="13,13,17,13" rate="1894.63,1846.19,2024.59,1834.52" sx="M,M,M,F"/><TAIKYOKU oya="0"/><INIT seed="0,0,0,1,2,91" ten="250,250,250,250" oya="0" hai0="65,8,17,113,20,107,1,85,119,45,48,32,89" hai1="122,43,93,83,111,115,124,16,57,56,9,22,74" hai2="98,110,75,105,33,123,99,52,34,135,0,63,18" hai3="38,67,84,42,30,31,68,118,39,60,87,71,112"/><T72/><D72/><U81/><E122/><V80/><F0/><W11/><G118/><T46/><D32/><U10/><E111/><V90/><F135/><W3/><G112/><T13/><D113/><U62/><E124/><V97/><F123/><W128/><G128/><T61/><D107/><U35/><E115/><V82/><F105/><W41/><G3/><T51/><D119/><U5/><E35/><V12/><F110/><W14/><G14/><T109/><D109/><U121/><E121/><V132/><F132/><W24/><G11/><T76/><D76/><U94/><E43/><V66/><F34/><W21/><G60/><T25/><D51/><U69/><E69/><V108/><F66/><W127/><G67/><T92/><D1/><U95/><E74/><V4/><F4/><W133/><G133/><T29/><REACH who="0" step="1"/><D48/><REACH who="0" ten="240,250,250,250" step="2"/><U70/><E62/><V103/><F33/><W114/><G114/><T19/><D19/><U125/><E125/><V53/><F108/><W59/><G127/><T44/><D44/><U88/><E16/><V102/><F75/><W77/><G77/><T86/><D86/><U23/><E5/><V104/><F104/><W131/><G84/><T117/><D117/><U106/><E106/><V100/><F63/><W58/><G87/><T96/><D96/><U40/><E40/><V120/><F120/><W37/><G41/><T116/><D116/><U79/><E79/><V28/><F18/><N who="3" m="12343" /><G42/><T101/><D101/><U64/><E9/><V7/><F103/><W27/><G37/><T130/><D130/><U15/><E10/><V54/><F102/><RYUUKYOKU ba="0,1" sc="240,30,250,-10,250,-10,250,-10" hai0="8,13,17,20,25,29,45,46,61,65,85,89,92" /><INIT seed="0,1,1,5,4,61" ten="270,240,240,240" oya="0" hai0="33,132,110,122,19,7,62,48,10,117,97,0,74" hai1="79,53,123,32,9,73,15,86,13,58,52,1,93" hai2="101,77,94,24,135,45,113,112,60,130,126,78,105" hai3="107,36,69,4,72,34,88,115,21,98,116,75,37"/><T59/><D74/><U92/><E123/><V35/><F45/><W55/><G115/><T109/><D122/><U29/><E73/><V87/><F35/><W31/><G116/><T2/><D117/><U49/><E1/><V108/><F24/><W17/><G55/><T12/><D33/><U119/><E119/><V70/><F60/><W99/><G69/><T106/><D132/><U111/><E111/><N who="0" m="42505" /><D48/><U44/><E15/><V54/><F70/><W50/><G50/><T67/><D7/><U104/><E104/><V22/><F105/><W118/><G118/><T43/><D43/><U20/><E32/><V23/><F113/><W38/><G34/><T26/><D26/><N who="1" m="16583" /><E86/><V5/><F87/><W129/><G4/><T114/><D114/><U124/><E79/><V25/><F78/><W39/><G107/><T41/><D41/><U84/><E84/><V28/><F77/><W46/><G72/><T100/><AGARI ba="1,1" hai="0,2,10,12,19,59,62,67,97,100,106" m="42505" machi="100" ten="30,6000,0" yaku="14,1,10,1,52,1" doraHai="61" who="0" fromWho="0" sc="270,73,240,-21,240,-21,240,-21" /><INIT seed="0,2,0,4,3,88" ten="343,219,219,219" oya="0" hai0="53,71,106,111,103,43,131,34,25,74,132,72,126" hai1="79,39,6,38,17,60,13,65,36,58,95,14,3" hai2="50,40,70,93,24,49,89,118,86,69,75,77,102" hai3="135,62,87,109,115,27,113,44,18,54,121,16,4"/><T73/><D43/><U28/><E3/><V84/><F118/><W99/><G109/><T125/><D53/><U122/><E122/><V78/><F75/><W33/><G121/><T61/><D111/><U129/><E129/><V81/><F102/><W133/><G87/><T117/><D117/><U127/><E127/><V19/><F78/><W12/><G99/><N who="0" m="61823" /><D131/><U123/><E123/><V63/><F63/><W20/><G62/><T51/><D51/><U35/><E79/><V7/><F7/><W130/><G130/><T30/><D132/><N who="3" m="50761" /><G44/><T100/><D100/><U46/><E46/><V85/><F85/><W10/><G54/><T9/><D9/><U97/><E6/><V110/><F110/><W108/><G108/><T92/><D92/><U8/><E13/><V107/><F107/><W56/><G56/><T21/><D21/><U94/><REACH who="1" step="1"/><E97/><REACH who="1" ten="343,209,219,219" step="2"/><V114/><F77/><W119/><G119/><T57/><D57/><U37/><N who="1" m="9216" /><DORA hai="98" /><U104/><E104/><V59/><F59/><W31/><G18/><T112/><D112/><U52/><E52/><V11/><F114/><W105/><G105/><T120/><D120/><U68/><E68/><V134/><F70/><W101/><G101/><T22/><D126/><U29/><E29/><V64/><F134/><W1/><AGARI ba="2,1" hai="1,4,10,12,16,20,27,31,33,113,115" m="50761" machi="1" ten="30,8000,1" yaku="24,1,20,1,34,2,54,1" doraHai="88,98" who="3" fromWho="3" sc="343,-42,209,-22,219,-22,219,96" /><INIT seed="1,0,0,3,4,127" ten="301,187,197,315" oya="1" hai0="89,131,34,123,124,106,81,74,16,83,12,135,31" hai1="0,35,10,1,22,96,110,94,48,51,63,3,115" hai2="54,53,88,26,113,32,57,85,8,132,117,99,19" hai3="129,45,125,79,76,68,104,102,37,47,130,86,61"/><U64/><E115/><V13/><F132/><W121/><G121/><T24/><D106/><U7/><E35/><V107/><F113/><W41/><G125/><T46/><D124/><U128/><E128/><N who="3" m="49258" /><G45/><T98/><D135/><U65/><E110/><V14/><F117/><W15/><G15/><T67/><D123/><U60/><E22/><V39/><F39/><W33/><G33/><T80/><D74/><U55/><E55/><V23/><F32/><W91/><G104/><T103/><D131/><U50/><E10/><V70/><F70/><W101/><G61/><T134/><D67/><U87/><E87/><V73/><F73/><W100/><G68/><T40/><D134/><U21/><E21/><V90/><F14/><W82/><AGARI ba="0,0" hai="37,41,47,76,79,82,86,91,100,101,102" m="49258" machi="82" ten="30,7900,0" yaku="19,1,52,3" doraHai="127" who="3" fromWho="3" sc="301,-20,187,-39,197,-20,315,79" /><INIT seed="2,0,0,2,5,132" ten="281,148,177,394" oya="2" hai0="27,95,23,51,24,50,61,83,18,110,47,59,20" hai1="15,65,14,3,42,99,89,80,29,122,11,81,125" hai2="114,86,2,90,7,54,58,126,1,6,118,8,63" hai3="43,34,111,79,57,116,109,87,100,104,22,84,31"/><V102/><F114/><W123/><G116/><T45/><D83/><U56/><E122/><V25/><F118/><W113/><G123/><T17/><D110/><N who="3" m="41993" /><G113/><T35/><D35/><U19/><E3/><V124/><F102/><W44/><G34/><T33/><D33/><U48/><E125/><N who="2" m="48235" /><F25/><W9/><G79/><T108/><D108/><U62/><E29/><V64/><F64/><W38/><G31/><T13/><D13/><U71/><E71/><V53/><F53/><W82/><G82/><T66/><D47/><U121/><E121/><V131/><F131/><W133/><G133/><T88/><D45/><U127/><E127/><V91/><F86/><AGARI ba="0,0" hai="17,18,20,23,24,27,50,51,59,61,66,86,88,95" machi="86" ten="30,7700,0" yaku="7,1,9,1,8,1,54,1" doraHai="132" who="0" fromWho="2" sc="281,77,148,0,177,-77,394,0" /><INIT seed="3,0,0,0,3,53" ten="358,148,100,394" oya="3" hai0="3,64,45,90,123,102,29,104,105,89,66,26,122" hai1="56,76,87,112,95,65,40,67,23,117,44,38,135" hai2="129,113,109,86,88,85,33,133,21,24,84,9,101" hai3="8,58,71,7,75,131,36,30,19,12,57,114,83"/><W17/><G114/><T52/><D3/><U13/><E112/><V72/><F113/><W20/><G71/><T60/><D122/><U80/><E135/><V50/><F72/><W25/><G36/><T78/><D123/><U111/><E111/><V16/><F109/><W59/><G131/><T15/><D66/><U6/><E117/><V34/><F101/><W41/><REACH who="3" step="1"/><G41/><REACH who="3" ten="358,148,100,384" step="2"/><T116/><D116/><U31/><E38/><V27/><F129/><W134/><G134/><T77/><D77/><AGARI ba="0,1" hai="7,8,12,17,19,20,25,30,57,58,59,75,77,83" machi="77" ten="40,12000,1" yaku="1,1,52,3,53,1" doraHai="53" doraHaiUra="18" who="3" fromWho="0" sc="358,-120,148,0,100,0,384,130" /><INIT seed="3,1,0,1,0,119" ten="238,148,100,514" oya="3" hai0="128,47,82,97,30,55,45,16,108,104,79,90,0" hai1="46,70,110,85,69,117,72,87,32,4,63,135,66" hai2="28,42,77,29,111,40,91,78,60,27,64,134,68" hai3="131,98,10,57,50,14,112,129,9,86,41,19,95"/><W92/><G129/><T76/><D0/><U73/><E110/><V38/><F111/><W103/><G98/><T71/><D30/><U44/><E32/><V13/><F134/><W120/><G50/><T37/><D71/><U101/><E135/><V54/><F13/><W124/><G112/><T25/><D128/><U118/><E4/><V34/><F91/><W43/><G14/><T75/><D108/><U74/><E101/><V26/><F54/><W94/><G94/><T36/><D104/><U126/><E126/><V49/><F49/><W83/><G41/><T96/><D37/><U84/><REACH who="1" step="1"/><E70/><REACH who="1" ten="238,138,100,514" step="2"/><V133/><F133/><W62/><G124/><T6/><D6/><U93/><E93/><V88/><F38/><W67/><G103/><T17/><D36/><U99/><E99/><V115/><F115/><W11/><G92/><T81/><D97/><U20/><E20/><V52/><F68/><W31/><G9/><T121/><D96/><U5/><E5/><V35/><F35/><W22/><G131/><T15/><D82/><U113/><E113/><V18/><F34/><W107/><G95/><T3/><D81/><U23/><E23/><V130/><F130/><W39/><G10/><T8/><D8/><U80/><E80/><V100/><F100/><W58/><G39/><T116/><D116/><AGARI ba="1,1" hai="44,46,63,66,69,72,73,74,84,85,87,116,117,118" machi="116" ten="50,6400,0" yaku="1,1,12,1,53,1" doraHai="119" doraHaiUra="61" who="1" fromWho="0" sc="238,-67,138,77,100,0,514,0" /><INIT seed="4,0,0,2,0,121" ten="171,215,100,514" oya="0" hai0="58,96,63,124,89,116,107,61,76,123,60,105,111" hai1="37,100,29,28,23,39,68,64,82,91,32,49,97" hai2="70,127,62,78,57,112,71,55,88,86,11,130,12" hai3="44,54,47,21,133,18,93,52,69,119,117,99,84"/><T120/><D76/><U131/><E32/><V75/><F112/><W101/><G69/><T46/><D116/><U135/><E135/><V125/><F78/><W27/><G133/><T65/><D46/><N who="3" m="17449" /><G117/><T50/><D50/><U79/><E131/><V35/><F75/><W33/><G33/><T67/><D58/><U53/><E91/><V77/><F77/><W126/><G126/><N who="2" m="48137" /><F35/><W30/><G119/><T17/><D124/><U36/><E23/><V51/><F130/><W19/><G84/><T13/><D89/><U56/><E64/><N who="0" m="24649" /><D96/><U103/><E68/><V85/><F85/><W80/><G80/><T104/><D13/><U0/><E0/><V4/><F51/><W15/><G15/><T34/><D34/><U129/><E129/><V45/><F45/><W2/><G2/><T42/><D42/><U73/><REACH who="1" step="1"/><E97/><REACH who="1" ten="171,205,100,514" step="2"/><V25/><F25/><W20/><G20/><T94/><D94/><AGARI ba="0,1" hai="4,11,12,55,57,62,70,71,86,88,94" m="48137" machi="94" ten="30,2000,0" yaku="18,1,54,1" doraHai="121" who="2" fromWho="0" sc="171,-20,205,0,100,30,514,0" /><INIT seed="5,0,0,1,0,2" ten="151,205,130,514" oya="1" hai0="103,121,133,9,86,100,32,23,108,50,7,111,37" hai1="27,130,56,134,59,95,45,13,105,119,29,70,116" hai2="6,46,1,69,14,5,132,64,22,126,39,109,127" hai3="35,0,18,91,104,34,77,94,48,44,71,118,112"/><U73/><E105/><V62/><F109/><W82/><G104/><T97/><D37/><U4/><E70/><V12/><F1/><W115/><G0/><T80/><D32/><U66/><E73/><V36/><F132/><W58/><G71/><T90/><D133/><U26/><E134/><V110/><F110/><W76/><G58/><T19/><D121/><U85/><E130/><V120/><F120/><W96/><G18/><T67/><D67/><U61/><E59/><V122/><F122/><W68/><G68/><T10/><D50/><U31/><E45/><V60/><F22/><W123/><G123/><T51/><D51/><U16/><E4/><N who="2" m="1643" /><F62/><W43/><G76/><T128/><D10/><N who="1" m="6199" /><E116/><V15/><F46/><W52/><G43/><T49/><D49/><U78/><E119/><V98/><F98/><W55/><G118/><T20/><D20/><U87/><E78/><V41/><F41/><W125/><G125/><AGARI ba="0,0" hai="12,14,15,36,39,60,64,69,125,126,127" m="1643" machi="125" ten="30,7700,0" yaku="18,1,52,3" doraHai="2" who="2" fromWho="3" sc="151,0,205,0,130,77,514,-77" /><INIT seed="6,0,0,0,4,20" ten="151,205,207,437" oya="2" hai0="15,88,49,14,103,102,100,135,99,113,3,53,97" hai1="78,93,125,131,43,35,44,31,128,47,95,38,5" hai2="74,57,61,116,22,4,11,106,28,72,64,55,80" hai3="25,48,91,85,51,120,73,58,9,40,79,134,56"/><V7/><F116/><W13/><G120/><T70/><D113/><U83/><E125/><V84/><F106/><W37/><G37/><T129/><D135/><U89/><E5/><V68/><F7/><N who="3" m="3263" /><G134/><T92/><D129/><N who="1" m="49739" /><E47/><V101/><F101/><W127/><G127/><T115/><D115/><U45/><E45/><V16/><F28/><W18/><G73/><T71/><D3/><U0/><E0/><V77/><F11/><W119/><G79/><T2/><D2/><U67/><E67/><V109/><F4/><W10/><G119/><T114/><D114/><U1/><E1/><V98/><F98/><W69/><G69/><T96/><D71/><U17/><E17/><V66/><F109/><W81/><G40/><T29/><D29/><U117/><E117/><V112/><F112/><W94/><G94/><T36/><D36/><U65/><E65/><V24/><F66/><W33/><G33/><T132/><D70/><U32/><E31/><V75/><F75/><W82/><G82/><T105/><D105/><U21/><E21/><V8/><F8/><W121/><G121/><T86/><REACH who="0" step="1"/><D132/><REACH who="0" ten="141,205,207,437" step="2"/><U126/><E126/><V87/><F74/><W26/><G18/><T19/><D19/><U62/><E32/><V41/><F41/><W130/><G130/><T12/><D12/><U34/><E35/><V133/><F133/><W104/><G104/><T52/><D52/><U110/><E34/><V50/><AGARI ba="0,1" hai="16,22,24,50,55,57,61,64,68,72,77,80,84,87" machi="50" ten="20,7800,0" yaku="0,1,7,1,52,1,54,1" doraHai="20" who="2" fromWho="2" sc="141,-26,205,-26,207,88,437,-26" /><INIT seed="6,1,0,5,1,7" ten="115,179,295,411" oya="2" hai0="17,39,107,88,106,79,90,21,68,86,43,9,135" hai1="38,45,1,125,89,28,33,95,100,102,133,98,10" hai2="12,41,22,56,71,103,83,49,25,34,123,35,72" hai3="119,52,121,132,67,122,8,6,23,29,36,70,47"/><V14/><F71/><W66/><G119/><T32/><D135/><U42/><E125/><V55/><F123/><W20/><G132/><T63/><D32/><U84/><E133/><V65/><F103/><W31/><G70/><T73/><D73/><U112/><E112/><V116/><F116/><W58/><G121/><T111/><D79/><U76/><E33/><V129/><F129/><W96/><G36/><T80/><D111/><U130/><E130/><V77/><F65/><N who="3" m="24587" /><G47/><T117/><D63/><U97/><E28/><N who="3" m="10826" /><G96/><T85/><D117/><U57/><E57/><V0/><F0/><W19/><G6/><T108/><D108/><U59/><E59/><V115/><F115/><W2/><G2/><T69/><D43/><U75/><E75/><V87/><F35/><W105/><G105/><T99/><D39/><U74/><E74/><V120/><F120/><W113/><G113/><T110/><D110/><U18/><E18/><N who="2" m="12503" /><F34/><W27/><G122/><T78/><D99/><U5/><REACH who="1" step="1"/><E76/><REACH who="1" ten="115,169,295,411" step="2"/><V101/><F72/><W54/><G58/><T114/><D78/><U134/><E134/><V61/><F101/><AGARI ba="1,1" hai="1,5,10,38,42,45,84,89,95,97,98,100,101,102" machi="101" ten="40,2600,0" yaku="1,1,52,1,53,0" doraHai="7" doraHaiUra="46" who="1" fromWho="2" sc="115,0,169,39,295,-29,411,0" /><INIT seed="7,0,0,1,5,105" ten="115,208,266,411" oya="3" hai0="78,71,87,93,102,80,11,0,38,7,62,100,23" hai1="31,44,1,89,25,110,85,8,135,55,129,122,108" hai2="52,2,82,67,65,56,104,22,134,36,119,101,131" hai3="4,47,34,70,27,3,76,117,61,14,46,66,113"/><W84/><G117/><T57/><D71/><U92/><E122/><V43/><F2/><W73/><G73/><T19/><D38/><U6/><E135/><V51/><F104/><W15/><G113/><T12/><D0/><U115/><E115/><V69/><F101/><W95/><G3/><T98/><D7/><U90/><E129/><V88/><F22/><W17/><G4/><T42/><D42/><U130/><E130/><V94/><F82/><W58/><G70/><T50/><D50/><U128/><E128/><V37/><F134/><W114/><G114/><T40/><D40/><U133/><E133/><V91/><F91/><W5/><G34/><T109/><D109/><U49/><REACH who="1" step="1"/><E89/><REACH who="1" ten="115,198,266,411" step="2"/><V74/><F88/><W13/><G5/><T41/><D41/><U96/><E96/><V112/><F43/><W103/><G103/><T54/><D102/><U29/><E29/><V59/><F131/><W79/><G17/><T118/><D118/><U120/><E120/><V99/><F99/><W126/><G126/><T75/><REACH who="0" step="1"/><D23/><AGARI ba="0,1" hai="1,6,8,23,25,31,44,49,55,85,90,92,108,110" machi="23" ten="30,2000,0" yaku="1,1,7,1,53,0" doraHai="105" doraHaiUra="111" who="1" fromWho="0" sc="115,-20,198,30,266,0,411,0" owari="95,-40.0,228,-17.0,266,7.0,411,50.0" /></mjloggm>