<mjloggm ver="2.3"><GO type="41" lobby="0"/><UN n0="%79%61%6D%61%32%32" n1="%E2%93%9D%53%75%70%68%78" n2="%E3%80%8E%E6%99%82%E9%9B%A8%E3%80%8F" n3="%E2%98%86%E5%A6%B9%E5%B0%BE%E4%BD%B3%E7%B9%94%E2%98%86" dan="16,18,15,15" rate="2035.73,2065.32,2152.09,1933.97" sx="M,M,F,F"/><TAIKYOKU oya="0"/><INIT seed="0,0,0,4,2,105" ten="250,250,250,250" oya="0" hai0="129,2,58,104,115,14,97,78,49,80,22,96,116" hai1="124,5,111,108,54,3,133,66,114,98,118,64,43" hai2="113,125,92,17,9,79,86,87,8,130,76,106,107" hai3="135,59,32,27,94,19,119,72,88,127,95,57,6"/><T102/><D115/><U37/><E5/><V56/><F113/><W7/><G119/><T44/><D116/><U83/><E3/><V61/><F130/><W73/><G127/><T29/><D2/><U81/><E98/><V28/><F125/><W48/><G135/><T42/><D129/><U89/><E89/><V117/><F117/><W63/><G48/><T41/><D97/><U132/><E118/><V45/><F28/><W75/><G95/><T123/><D123/><U39/><E124/><V121/><F121/><W18/><G59/><T131/><D131/><U99/><E99/><V55/><F106/><W12/><G27/><T10/><D22/><U38/><E43/><V122/><F122/><W128/><G32/><T126/><D29/><U112/><E39/><V52/><F17/><W4/><G12/><T109/><D126/><U100/><REACH who="1" step="1"/><E54/><REACH who="1" ten="250,240,250,250" step="2"/><V46/><F55/><W91/><G128/><T62/><D42/><U60/><E60/><V31/><F61/><W134/><G134/><T11/><D62/><U85/><E85/><V93/><F86/><W40/><G40/><T110/><D41/><U35/><E35/><V77/><F87/><W67/><REACH who="3" step="1"/><G91/><REACH who="3" ten="250,240,250,240" step="2"/><T70/><D109/><U26/><E26/><V33/><F33/><W82/><G82/><T20/><D80/><U71/><E71/><V120/><F120/><W1/><G1/><T30/><D70/><U69/><E69/><V36/><F92/><W15/><G15/><T50/><D14/><U16/><E16/><V53/><F93/><W68/><G68/><T23/><D110/><U13/><E13/><RYUUKYOKU ba="0,2" sc="250,-15,240,15,250,-15,240,15" hai1="37,38,64,66,81,83,100,108,111,112,114,132,133" hai3="4,6,7,18,19,57,63,67,72,73,75,88,94" /><INIT seed="1,1,2,5,4,113" ten="235,255,235,255" oya="1" hai0="104,52,62,21,61,112,44,110,56,116,118,102,84" hai1="128,22,24,6,96,134,7,54,65,100,123,27,66" hai2="95,78,101,15,114,99,51,46,57,47,8,58,88" hai3="25,119,132,89,90,60,4,109,133,131,83,12,43"/><U97/><E123/><V3/><F3/><W17/><G109/><T115/><D104/><U10/><E128/><V48/><F114/><W28/><G131/><T19/><D102/><U127/><E134/><N who="3" m="51818" /><G43/><T23/><D44/><N who="2" m="16938" /><F78/><W93/><G4/><T16/><D84/><U82/><E127/><V77/><F77/><W36/><G36/><T85/><D85/><U2/><E82/><V69/><F69/><W26/><G60/><T79/><D79/><U124/><E124/><V33/><F33/><W92/><G83/><T125/><D125/><U34/><E34/><V81/><F101/><W86/><G119/><T75/><D56/><N who="2" m="21610" /><F81/><W29/><G28/><T106/><D106/><U67/><E100/><V49/><F49/><W107/><G29/><T117/><D75/><U32/><E32/><V63/><F63/><N who="0" m="24074" /><D110/><U72/><E72/><V53/><F53/><W41/><G41/><T42/><D52/><U91/><E54/><V30/><F30/><W105/><G107/><T121/><D42/><U87/><E67/><V0/><F0/><W55/><G55/><T135/><D121/><U38/><E66/><V76/><F76/><W1/><G1/><T50/><D135/><U18/><E65/><V37/><F37/><W74/><G74/><T111/><D50/><U31/><E38/><V73/><F73/><W126/><G105/><T45/><D111/><U14/><E2/><V68/><F68/><W20/><G126/><T120/><D120/><U59/><E59/><V122/><F122/><W108/><G108/><T130/><D115/><U80/><E27/><V9/><F15/><RYUUKYOKU ba="1,2" sc="235,-30,255,10,235,10,255,10" hai1="6,7,10,14,18,22,24,31,80,87,91,96,97" hai2="8,9,48,51,88,95,99" hai3="12,17,20,25,26,86,89,90,92,93" /><INIT seed="1,2,2,3,4,117" ten="205,265,245,265" oya="1" hai0="60,100,102,52,101,9,1,123,80,72,109,28,22" hai1="6,39,32,46,124,112,119,64,89,67,26,70,0" hai2="103,47,97,56,110,105,82,77,116,104,15,75,40" hai3="73,41,27,17,18,54,4,51,14,11,99,107,126"/><U10/><E119/><V5/><F116/><W91/><G126/><T85/><D72/><U71/><E89/><V113/><F113/><W93/><G73/><T130/><D130/><U131/><E112/><V118/><F118/><W63/><G107/><T111/><D1/><U127/><E131/><V90/><F110/><N who="0" m="41994" /><D9/><U76/><E76/><V23/><F56/><W29/><G41/><T8/><D8/><U74/><E67/><V30/><F90/><W16/><G63/><T86/><D80/><U133/><E133/><V48/><F5/><W58/><REACH who="3" step="1"/><G4/><REACH who="3" ten="205,265,245,255" step="2"/><T12/><D60/><N who="1" m="40199" /><E74/><V37/><F104/><W108/><G108/><T57/><D86/><U21/><E127/><V3/><F75/><W95/><G95/><T61/><D85/><U55/><E124/><V7/><F7/><W19/><G19/><N who="0" m="10599" /><D28/><U120/><E6/><V121/><F30/><W135/><G135/><T44/><D44/><U34/><E46/><V129/><F47/><W13/><G13/><T125/><D125/><U68/><E0/><V81/><F3/><W33/><AGARI ba="2,3" hai="11,14,16,17,18,27,29,33,51,54,58,91,93,99" machi="33" ten="20,5200,0" yaku="1,1,0,1,7,1,54,1,53,0" doraHai="117" doraHaiUra="69" who="3" fromWho="3" sc="205,-15,265,-28,245,-15,255,88" /><INIT seed="2,0,0,3,0,98" ten="190,237,230,343" oya="2" hai0="1,87,16,77,104,50,125,63,43,39,34,49,83" hai1="64,59,103,113,128,93,119,85,29,7,65,54,2" hai2="61,28,12,71,20,31,36,73,89,81,10,48,56" hai3="116,76,84,82,60,15,105,17,126,133,101,11,122"/><V21/><F36/><W123/><G116/><T115/><D115/><U91/><E113/><V19/><F71/><W24/><G126/><T25/><D125/><U129/><E29/><N who="2" m="11339" /><F73/><W127/><G127/><T134/><D34/><U86/><E119/><V55/><F61/><W88/><G24/><T135/><D1/><U92/><E7/><V120/><F120/><W13/><G133/><N who="0" m="50699" /><D63/><U130/><E2/><V53/><F53/><W37/><G37/><T27/><D104/><U6/><E6/><V70/><F70/><W108/><G108/><T67/><D67/><U8/><E8/><V132/><F132/><W23/><G76/><T102/><D27/><U42/><E42/><V97/><F81/><W78/><G78/><T35/><D35/><U62/><E86/><V51/><F51/><N who="0" m="19466" /><D43/><U18/><E18/><V118/><F118/><W40/><G40/><T5/><D5/><U94/><E65/><V26/><F26/><W57/><G13/><T22/><D39/><U131/><E131/><V44/><F44/><W14/><G14/><T72/><D72/><U121/><E64/><V90/><F90/><W99/><REACH who="3" step="1"/><G11/><REACH who="3" ten="190,237,230,333" step="2"/><T96/><D96/><N who="1" m="59783" /><E121/><V68/><F68/><W58/><G58/><T52/><D52/><AGARI ba="0,1" hai="15,17,23,52,57,60,82,84,88,99,101,105,122,123" machi="52" ten="30,8000,1" yaku="1,1,7,1,52,1,54,2,53,0" doraHai="98" doraHaiUra="106" who="3" fromWho="0" sc="190,-80,237,0,230,0,333,90" /><INIT seed="3,0,0,0,5,2" ten="110,237,230,423" oya="3" hai0="78,87,39,119,70,128,46,10,35,91,18,4,40" hai1="130,12,19,59,7,111,134,116,126,122,21,114,9" hai2="94,65,41,62,44,67,105,69,61,55,101,57,93" hai3="43,28,81,98,88,60,8,92,86,66,11,51,110"/><W33/><G110/><T84/><D119/><U68/><E68/><V27/><F105/><W90/><G33/><T104/><D70/><U42/><E122/><V107/><F107/><W13/><G28/><T106/><D35/><U83/><E114/><V31/><F55/><W58/><G13/><T132/><D132/><U95/><E130/><V34/><REACH who="2" step="1"/><F101/><REACH who="2" ten="110,237,220,423" step="2"/><W99/><G99/><T25/><D106/><U109/><E109/><V22/><F22/><W108/><G108/><T36/><D104/><U23/><E23/><V26/><F26/><W76/><G76/><T80/><D128/><U54/><E111/><V124/><F124/><W77/><G77/><T14/><D40/><U113/><E42/><V29/><F29/><W129/><G129/><T47/><D39/><AGARI ba="0,1" hai="27,31,34,39,41,44,57,61,62,65,67,69,93,94" machi="39" ten="30,2000,0" yaku="1,1,7,1,53,0" doraHai="2" doraHaiUra="97" who="2" fromWho="0" sc="110,-20,237,0,220,30,423,0" /><INIT seed="4,0,0,1,3,113" ten="90,237,250,423" oya="0" hai0="94,124,106,6,116,41,28,61,16,93,125,118,74" hai1="30,23,66,55,115,120,0,80,89,54,49,19,71" hai2="86,72,51,121,132,38,18,37,109,31,101,100,13" hai3="58,27,126,29,2,127,47,82,69,25,85,73,90"/><T135/><D106/><U10/><E120/><V45/><F121/><W50/><G69/><T20/><D74/><U15/><E115/><V44/><F72/><W70/><G70/><T79/><D28/><U9/><E55/><V64/><F109/><W112/><G112/><T130/><D6/><U7/><E71/><V57/><F132/><W26/><G58/><T62/><D135/><U117/><E66/><V33/><F33/><W5/><G2/><T42/><D79/><U21/><E117/><N who="0" m="45161" /><D130/><U129/><E30/><V60/><F31/><W128/><G5/><T35/><D35/><U95/><E129/><V8/><F37/><W107/><G107/><T4/><D4/><U40/><E40/><N who="0" m="15465" /><D20/><U34/><E34/><V32/><F32/><W114/><G73/><T12/><D16/><U46/><E80/><V53/><F38/><W108/><G128/><T81/><D12/><U97/><AGARI ba="0,0" hai="0,7,9,10,15,19,21,23,46,49,54,89,95,97" machi="97" ten="20,1500,0" yaku="0,1,7,1" doraHai="113" who="1" fromWho="1" sc="90,-7,237,15,250,-4,423,-4" /><INIT seed="5,0,0,3,0,15" ten="83,252,246,419" oya="1" hai0="79,125,57,87,124,47,36,84,50,58,11,55,52" hai1="45,121,88,48,64,102,105,97,98,67,118,75,107" hai2="120,103,132,5,27,2,37,31,112,77,130,32,16" hai3="104,49,128,131,71,29,38,133,25,82,30,20,135"/><U110/><E118/><V123/><F37/><W35/><G38/><T28/><D28/><U39/><E39/><V115/><F103/><W96/><G71/><T114/><D79/><U127/><E121/><N who="2" m="46667" /><F77/><W19/><G49/><T44/><D36/><U21/><E127/><V101/><F101/><N who="3" m="62503" /><G82/><T62/><D11/><U119/><E119/><V106/><F106/><W3/><G3/><T73/><D73/><U99/><E110/><V7/><F130/><N who="3" m="49707" /><G30/><T24/><D24/><AGARI ba="0,0" hai="19,20,24,25,29,35,133,135" m="49707,62503" machi="24" ten="30,2000,0" yaku="19,1,52,1" doraHai="15" who="3" fromWho="0" sc="83,-20,252,0,246,0,419,20" /><INIT seed="6,0,0,3,1,34" ten="63,252,246,439" oya="2" hai0="8,63,109,127,50,133,72,118,32,111,18,62,41" hai1="115,30,53,131,102,69,21,86,46,96,59,16,7" hai2="15,77,68,121,92,61,31,75,73,23,22,44,54" hai3="14,120,81,117,45,113,52,6,130,119,28,80,24"/><V98/><F121/><W35/><G120/><T4/><D72/><U114/><E69/><V106/><F106/><W132/><G130/><T65/><D32/><U93/><E131/><V25/><F77/><W90/><G132/><T103/><D103/><U125/><E125/><V123/><F123/><W74/><G81/><T94/><D94/><U107/><E46/><V20/><F73/><W51/><G113/><N who="1" m="43018" /><E7/><V49/><F75/><W83/><G83/><T10/><D127/><U1/><E30/><V60/><F68/><W134/><G134/><T122/><D133/><U99/><E86/><V108/><F108/><W87/><G74/><T76/><D122/><U0/><E99/><V116/><F116/><W33/><G33/><T55/><D4/><U66/><E66/><V89/><F20/><W57/><G57/><T12/><D118/><U135/><E107/><V64/><REACH who="2" step="1"/><F64/><REACH who="2" ten="63,252,236,439" step="2"/><W97/><G117/><T56/><D109/><U38/><E135/><V48/><F48/><W36/><G119/><T101/><D111/><U104/><E104/><V58/><F58/><W37/><G51/><T110/><D110/><U26/><E38/><V40/><F40/><W82/><G36/><T88/><D76/><U78/><E78/><V129/><F129/><W42/><G42/><T70/><D41/><U27/><E27/><V2/><F2/><W13/><G24/><T91/><D50/><AGARI ba="0,1" hai="0,1,16,21,26,50,53,59,93,96,102" m="43018" machi="50" ten="30,7700,0" yaku="15,1,52,2,54,1" doraHai="34" who="1" fromWho="0" sc="63,-77,252,87,236,0,439,0" owari="-14,-51.0,339,14.0,236,-16.0,439,53.0" /></mjloggm>