<mjloggm ver="2.3"><GO type="41" lobby="0"/><UN n0="%E7%AA%81%E6%92%83%E5%85%B5%E9%95%B7" n1="%47%65%72%62%65%72%61" n2="%63%68%6F%62%6F" n3="%E2%93%9D%53%75%70%68%78" dan="13,15,14,17" rate="2070.96,2025.07,1908.40,2039.44" sx="M,M,M,M"/><TAIKYOKU oya="0"/><INIT seed="0,0,0,1,1,33" ten="250,250,250,250" oya="0" hai0="28,103,31,53,89,56,115,129,45,35,38,83,112" hai1="127,17,8,80,39,26,90,96,1,30,122,74,4" hai2="40,63,88,109,9,60,79,2,108,95,41,61,10" hai3="25,50,117,75,49,34,6,85,43,111,130,101,24"/><T107/><D129/><U91/><E122/><V58/><F79/><W94/><G117/><T52/><D107/><U116/><E116/><V135/><F135/><W131/><G75/><T99/><D35/><U126/><E39/><V18/><F58/><W105/><G105/><T3/><D3/><U110/><E110/><N who="2" m="42603" /><F18/><W125/><G125/><N who="1" m="47626" /><E17/><V59/><F59/><W66/><G111/><T72/><D112/><U132/><E132/><V15/><F15/><W47/><G25/><T57/><D115/><U114/><E114/><V13/><F13/><W97/><G24/><T104/><D38/><U124/><N who="1" m="47634" /><U7/><DORA hai="77" /><E4/><N who="2" m="1175" /><F10/><W20/><G131/><T32/><D45/><U54/><E54/><V16/><F16/><W87/><G47/><T118/><D118/><U12/><E96/><AGARI ba="0,0" hai="40,41,60,61,63,88,95,96" m="1175,42603" machi="96" ten="30,3900,0" yaku="14,1,52,1,54,1" doraHai="33,77" who="2" fromWho="1" sc="250,0,250,-39,250,39,250,0" /><INIT seed="1,0,0,2,4,107" ten="250,211,289,250" oya="1" hai0="104,20,12,105,64,84,87,91,21,50,52,120,73" hai1="76,43,17,62,89,75,10,7,69,59,72,31,13" hai2="103,54,97,129,29,111,85,122,46,132,18,4,119" hai3="124,78,60,30,128,41,65,35,98,25,116,3,96"/><U99/><E69/><V110/><F122/><W34/><G3/><T118/><D118/><U15/><E43/><V77/><F119/><W61/><G116/><T23/><D120/><U126/><E76/><V53/><F132/><W92/><G128/><T71/><D73/><U123/><E123/><V106/><F129/><W45/><G124/><T22/><D84/><U90/><E31/><V56/><F4/><W86/><G35/><T130/><D130/><U74/><E99/><V115/><F115/><W38/><G61/><T68/><D68/><U131/><E126/><V11/><F46/><W6/><G6/><T63/><N who="0" m="5120" /><DORA hai="5" /><T47/><REACH who="0" step="1"/><D12/><REACH who="0" ten="240,211,289,250" step="2"/><U81/><E131/><V133/><F85/><W83/><REACH who="3" step="1"/><G92/><AGARI ba="0,1" hai="47,50,52,63,64,71,87,91,92,104,105" m="5120" machi="92" ten="50,8000,1" yaku="1,1,2,1,54,1,53,2" doraHai="107,5" doraHaiUra="51,44" who="0" fromWho="3" sc="240,90,211,0,289,0,250,-80" /><INIT seed="2,0,0,2,3,74" ten="330,211,289,170" oya="2" hai0="25,98,119,92,117,135,110,96,75,91,6,103,66" hai1="82,108,61,80,131,54,60,114,23,48,94,109,79" hai2="19,11,28,127,52,93,73,125,20,118,1,27,84" hai3="72,64,67,9,124,76,45,122,31,7,15,51,105"/><V97/><F118/><N who="0" m="45066" /><D66/><U2/><E114/><V16/><F73/><W86/><G122/><T95/><D6/><U44/><E2/><V100/><F84/><W30/><G72/><T107/><D25/><U43/><E131/><V85/><F85/><W18/><G105/><T81/><D110/><N who="1" m="42603" /><E80/><V0/><F0/><W101/><G124/><N who="2" m="47689" /><F52/><N who="3" m="29807" /><G101/><T10/><D10/><U115/><E94/><V89/><F100/><W126/><G126/><T46/><D46/><N who="1" m="27927" /><E23/><V53/><F53/><W78/><G7/><AGARI ba="0,0" hai="1,7,11,16,19,20,27,28,89,93,97" m="47689" machi="7" ten="30,2900,0" yaku="18,1,54,1" doraHai="74" who="2" fromWho="3" sc="330,0,211,0,289,29,170,-29" /><INIT seed="2,1,0,3,2,65" ten="330,211,318,141" oya="2" hai0="102,5,52,9,122,95,118,3,69,128,105,14,38" hai1="61,71,32,88,70,62,53,123,49,47,93,59,130" hai2="19,67,131,129,26,66,2,30,72,90,78,45,135" hai3="1,27,24,82,21,50,48,73,77,54,43,29,25"/><V28/><F2/><W96/><G1/><T15/><D122/><U103/><E123/><V127/><F135/><W89/><G43/><T10/><D38/><U125/><E32/><V112/><F112/><W11/><G50/><T121/><D121/><U76/><E76/><V44/><F127/><W20/><G11/><T55/><D128/><N who="2" m="49226" /><F78/><W4/><G4/><T34/><D105/><U63/><E130/><V132/><F72/><W116/><G116/><T126/><D126/><U37/><E103/><V33/><F19/><W36/><G36/><T17/><D118/><U85/><REACH who="1" step="1"/><E125/><REACH who="1" ten="330,201,318,141" step="2"/><V106/><F132/><W124/><G124/><T68/><D34/><U74/><E74/><V83/><F106/><W6/><G73/><T133/><D133/><U41/><AGARI ba="1,1" hai="37,41,47,49,53,59,61,62,63,70,71,85,88,93" machi="41" ten="30,8000,1" yaku="1,1,0,1,52,2,54,1,53,0" doraHai="65" doraHaiUra="13" who="1" fromWho="1" sc="330,-21,201,93,318,-41,141,-21" /><INIT seed="3,0,0,0,4,128" ten="309,294,277,120" oya="3" hai0="32,134,42,16,92,24,119,112,61,12,93,69,103" hai1="63,121,11,102,10,67,22,116,90,75,130,89,6" hai2="43,68,85,100,127,108,4,120,107,74,5,94,19" hai3="113,7,34,9,39,98,79,53,46,70,115,101,49"/><W38/><G34/><T111/><D112/><U60/><E121/><V40/><F107/><W62/><G79/><T122/><D122/><U48/><E75/><V80/><F120/><W95/><G115/><T86/><D119/><U91/><E130/><V104/><F104/><W29/><G29/><T66/><D111/><U0/><E102/><V47/><F68/><W25/><G25/><T82/><D42/><N who="2" m="15914" /><F74/><W126/><G126/><T96/><D134/><U106/><E106/><V2/><F2/><W58/><G70/><T50/><D50/><U73/><E73/><V110/><F47/><W78/><G78/><T17/><D93/><U88/><E116/><V51/><F51/><W83/><G83/><T15/><D32/><U84/><E48/><V36/><F36/><W59/><G113/><T30/><D30/><U135/><E10/><V33/><F19/><W27/><G27/><T64/><D64/><U37/><E37/><V76/><F33/><W44/><G39/><T125/><D125/><U28/><E135/><V31/><F31/><W72/><G72/><T18/><REACH who="0" step="1"/><D24/><REACH who="0" ten="299,294,277,120" step="2"/><U35/><E35/><V56/><F127/><W52/><REACH who="3" step="1"/><G38/><REACH who="3" ten="299,294,277,110" step="2"/><T97/><D97/><U21/><E28/><V123/><F123/><W124/><G124/><T8/><D8/><U129/><E129/><V54/><F110/><W114/><G114/><T117/><D117/><U65/><E11/><V109/><F108/><W118/><G118/><T57/><D57/><U87/><E21/><V71/><F71/><W23/><G23/><T133/><D133/><U77/><E22/><V1/><F109/><RYUUKYOKU ba="0,2" sc="299,15,294,-15,277,-15,110,15" hai0="12,15,16,17,18,61,66,69,82,86,92,96,103" hai3="7,9,44,46,49,52,53,58,59,62,95,98,101" /><INIT seed="3,1,2,0,3,123" ten="314,279,262,125" oya="3" hai0="104,2,71,27,121,57,94,115,99,53,91,36,3" hai1="22,59,40,4,78,116,88,48,17,129,37,60,45" hai2="72,30,32,131,128,130,42,113,0,75,101,133,69" hai3="122,26,66,82,43,47,93,35,125,95,87,107,31"/><W132/><G122/><T56/><D121/><U65/><E116/><V134/><F113/><W55/><G107/><T114/><D71/><U112/><E112/><N who="0" m="43049" /><D36/><U11/><E78/><V85/><F85/><W117/><G117/><T76/><D76/><U7/><E129/><V100/><F42/><W120/><G120/><T126/><D126/><U89/><E37/><V62/><F0/><N who="0" m="42" /><D104/><U79/><E79/><V19/><F19/><W25/><G132/><N who="2" m="50793" /><F30/><W21/><G66/><T28/><D53/><U124/><E124/><V90/><F32/><AGARI ba="1,2" hai="27,28,32,56,57,91,94,99" m="42,43049" machi="32" ten="30,1000,0" yaku="11,1" doraHai="123" who="0" fromWho="2" sc="314,33,279,0,262,-13,125,0" /><INIT seed="4,0,0,5,5,3" ten="347,279,249,125" oya="0" hai0="23,47,56,111,30,102,74,6,7,109,34,69,95" hai1="112,107,25,90,88,129,49,130,106,93,18,75,24" hai2="127,40,110,50,113,38,16,44,131,0,41,60,124" hai3="57,103,118,101,37,58,68,64,13,54,85,87,98"/><T76/><D34/><U134/><E134/><V73/><F110/><N who="0" m="41994" /><D69/><U108/><E108/><V83/><F113/><W117/><G68/><T32/><D32/><U122/><E122/><V5/><F131/><W63/><G37/><T72/><D47/><U100/><E49/><V81/><F50/><W97/><G13/><T10/><D10/><U133/><E133/><V82/><F41/><W26/><G26/><N who="0" m="16735" /><D56/><U94/><E75/><N who="0" m="28713" /><D76/><U121/><E121/><V91/><F73/><W92/><G118/><T96/><AGARI ba="0,0" hai="6,7,95,96,102" m="28713,16735,41994" machi="96" ten="40,7800,0" yaku="10,1,52,2" doraHai="3" who="0" fromWho="0" sc="347,78,279,-26,249,-26,125,-26" /><INIT seed="4,1,0,1,5,104" ten="425,253,223,99" oya="0" hai0="135,5,54,12,74,46,81,69,65,19,115,127,71" hai1="8,121,126,9,116,103,59,1,78,98,52,90,117" hai2="2,47,84,43,125,66,41,68,95,20,17,62,100" hai3="94,97,15,111,23,61,55,99,120,34,4,80,91"/><T53/><D115/><U76/><E121/><V33/><F33/><W73/><G34/><T63/><D135/><U83/><E126/><V24/><F125/><W42/><G120/><T128/><D127/><U101/><E78/><V72/><F2/><W64/><G42/><T129/><D71/><U75/><E90/><V77/><F47/><W110/><G55/><T25/><D5/><U96/><E1/><V86/><F86/><W14/><G99/><T22/><D12/><U56/><E56/><V130/><F130/><N who="0" m="50282" /><D46/><U13/><E98/><V122/><F122/><W114/><G114/><T51/><D51/><U60/><E8/><V21/><F20/><W124/><G124/><T88/><D88/><U35/><E35/><V113/><F113/><W108/><G23/><T132/><D132/><U109/><E109/><V3/><F3/><W32/><G32/><T70/><D69/><U11/><E11/><V16/><F100/><W26/><G4/><T93/><D93/><U58/><E58/><V29/><F95/><W134/><G134/><T82/><D82/><U28/><E103/><V107/><F107/><W67/><G111/><T133/><D133/><U50/><E50/><V105/><F105/><W123/><G123/><T27/><D25/><U48/><E48/><V7/><F7/><W10/><G26/><T38/><D38/><U106/><E13/><N who="3" m="4618" /><G10/><T49/><D49/><U92/><E9/><V37/><F37/><W112/><G112/><T102/><D102/><U79/><E106/><V36/><F36/><W131/><G131/><T85/><D85/><U30/><E79/><AGARI ba="1,0" hai="19,22,27,53,54,63,65,70,74,79,81" m="50282" machi="79" ten="30,5800,0" yaku="6,1,19,1,52,1" doraHai="104" who="0" fromWho="1" sc="425,61,253,-61,223,0,99,0" /><INIT seed="4,2,0,3,0,56" ten="486,192,223,99" oya="0" hai0="41,58,21,85,114,57,59,14,102,6,4,27,3" hai1="48,92,71,113,63,72,109,93,81,65,40,46,120" hai2="53,11,79,94,103,83,31,18,82,131,116,44,76" hai3="8,124,9,23,30,97,111,43,95,106,73,39,118"/><T119/><D119/><U2/><E120/><V98/><F116/><W32/><G118/><T125/><D3/><U135/><E2/><V24/><F131/><W67/><G111/><T62/><D125/><U121/><E121/><V36/><F36/><W104/><G73/><T13/><D114/><U1/><E1/><V89/><F82/><W80/><G32/><T61/><D41/><U77/><E109/><V107/><F83/><W105/><G124/><T115/><D102/><U75/><E135/><V34/><F44/><W122/><G80/><T10/><D85/><U128/><E75/><V70/><F70/><W33/><G33/><T15/><D115/><U22/><E113/><V50/><F18/><W108/><G108/><T78/><D78/><U42/><E128/><V20/><F11/><W49/><G9/><N who="0" m="4263" /><D15/><U126/><E126/><V91/><F34/><W133/><G133/><T123/><D123/><U54/><E22/><V55/><F91/><W29/><G8/><T5/><D5/><U69/><E69/><V60/><F89/><W90/><G23/><T45/><D45/><U74/><E74/><V52/><F107/><W7/><G7/><T0/><D0/><U47/><REACH who="1" step="1"/><E40/><REACH who="1" ten="486,182,223,99" step="2"/><V87/><F20/><W68/><G122/><T110/><D110/><U112/><E112/><V129/><F129/><W17/><G43/><T64/><D64/><U101/><E101/><V38/><F103/><W26/><G67/><T37/><D37/><AGARI ba="2,1" hai="37,42,46,47,48,54,63,65,71,72,77,81,92,93" machi="37" ten="30,3900,0" yaku="1,1,7,1,52,1,53,0" doraHai="56" doraHaiUra="12" who="1" fromWho="0" sc="486,-45,182,55,223,0,99,0" /><INIT seed="5,0,0,5,1,57" ten="441,237,223,99" oya="1" hai0="44,24,85,4,69,41,71,20,123,86,39,46,72" hai1="116,95,114,98,103,131,32,65,108,33,31,81,82" hai2="130,58,118,135,70,50,128,9,12,89,106,91,11" hai3="76,0,83,102,75,100,5,93,45,54,126,56,124"/><U104/><E116/><V125/><F118/><W36/><G93/><T99/><D123/><U1/><E1/><V48/><F70/><W40/><G102/><T60/><D72/><U94/><E114/><V96/><F135/><W127/><G100/><T74/><D74/><U87/><E31/><V121/><F121/><W17/><G17/><T47/><D69/><U80/><E32/><V42/><F42/><W53/><REACH who="3" step="1"/><G56/><REACH who="3" ten="441,237,223,89" step="2"/><T3/><D99/><U117/><E95/><V23/><F58/><W8/><AGARI ba="0,1" hai="0,5,8,36,40,45,53,54,75,76,83,124,126,127" machi="8" ten="40,12000,2" yaku="1,1,2,1,0,1,25,2,18,1,53,0" doraHai="57" doraHaiUra="129" who="3" fromWho="3" sc="441,-30,237,-60,223,-30,89,130" /><INIT seed="6,0,0,1,2,63" ten="411,177,193,219" oya="2" hai0="114,58,105,29,30,111,14,62,87,34,16,46,57" hai1="76,28,0,129,50,54,7,125,64,20,88,1,55" hai2="27,19,72,97,116,45,80,85,25,70,61,121,48" hai3="23,122,104,8,117,35,12,53,90,130,110,95,41"/><V75/><F121/><W43/><G110/><T92/><D105/><U119/><E119/><V120/><F120/><W100/><G35/><T44/><D111/><U78/><E125/><V24/><F116/><W5/><G130/><T113/><D58/><U79/><E129/><V118/><F118/><W10/><G104/><T91/><D34/><U83/><E0/><V22/><F97/><W60/><G100/><T49/><D113/><U82/><E1/><V112/><F112/><W3/><G23/><T33/><D33/><U107/><E107/><V38/><F38/><W99/><G122/><T32/><D32/><U65/><E7/><V102/><F102/><W31/><G31/><N who="0" m="11787" /><D49/><U115/><E115/><V51/><F75/><W96/><G96/><T135/><D135/><U126/><E54/><V11/><F11/><W98/><G98/><T74/><D74/><U26/><E126/><V9/><F9/><W4/><G117/><T127/><D127/><U36/><E36/><V67/><F72/><W131/><G131/><T13/><D13/><U93/><E82/><V128/><F128/><W134/><G134/><T2/><D2/><U21/><E21/><V40/><REACH who="2" step="1"/><F48/><REACH who="2" ten="411,177,183,219" step="2"/><W133/><G133/><T66/><D114/><U18/><E83/><V132/><F132/><W106/><G106/><T108/><D108/><U17/><E17/><V6/><F6/><W103/><G103/><T124/><D124/><U69/><E18/><V86/><F86/><W47/><G60/><T52/><D16/><U94/><E50/><V68/><F68/><W59/><G47/><N who="0" m="17963" /><D14/><U81/><E69/><RYUUKYOKU ba="0,1" sc="411,10,177,-30,183,10,219,10" hai0="52,57,62,66,87,91,92" hai2="19,22,24,25,27,40,45,51,61,67,70,80,85" hai3="3,4,5,8,10,12,41,43,53,59,90,95,99" /><INIT seed="6,1,1,2,0,2" ten="421,147,193,229" oya="2" hai0="103,119,57,71,63,81,4,118,17,41,30,105,132" hai1="128,94,101,114,90,48,112,11,58,24,92,87,50" hai2="76,59,14,69,111,5,93,31,107,37,97,70,61" hai3="123,18,104,46,120,35,122,29,7,36,89,44,67"/><V42/><F107/><W45/><G104/><T131/><D30/><U109/><E109/><V16/><F111/><W117/><G18/><T83/><D71/><U113/><E128/><V102/><F76/><W73/><G89/><T134/><D41/><U66/><E24/><V108/><F108/><W20/><G20/><T96/><D17/><U38/><E38/><V79/><F79/><W95/><G95/><T8/><D131/><U74/><E74/><V82/><F82/><N who="0" m="31242" /><D57/><U26/><E26/><V28/><F70/><W80/><G117/><N who="0" m="44555" /><D63/><U27/><E27/><V116/><F69/><W110/><G110/><T124/><D124/><U129/><E129/><V34/><F34/><W135/><G35/><T99/><D96/><U130/><E130/><V53/><F116/><W9/><G29/><N who="2" m="11337" /><F37/><W49/><G36/><T127/><D127/><U3/><E58/><V62/><F42/><W65/><G123/><T10/><D10/><U54/><E54/><V60/><F16/><W98/><G122/><T23/><D23/><U88/><E66/><V15/><F15/><AGARI ba="1,1" hai="4,8,15,99,103,105,132,134" m="44555,31242" machi="15" ten="30,2000,0" yaku="12,1,52,1" doraHai="2" who="0" fromWho="2" sc="421,33,147,0,193,-23,229,0" /><INIT seed="7,0,0,4,2,117" ten="454,147,170,229" oya="3" hai0="67,90,121,45,127,18,78,34,71,75,82,33,122" hai1="80,62,72,64,27,19,31,38,76,0,124,41,60" hai2="131,95,37,56,12,40,2,81,99,91,53,69,15" hai3="47,120,98,4,106,102,107,83,104,128,96,68,52"/><W89/><G68/><T20/><D127/><U16/><E124/><V36/><F69/><W84/><G4/><T87/><D45/><U44/><E0/><V7/><F131/><W29/><G29/><T77/><D34/><U49/><E38/><V70/><F70/><W113/><G52/><T25/><D33/><U129/><E129/><V93/><F2/><W57/><G57/><T112/><D112/><U125/><E125/><V110/><F110/><W115/><G47/><T5/><D5/><U105/><E105/><N who="3" m="39946" /><G120/><T42/><D42/><U3/><E3/><V79/><F40/><W58/><G58/><T26/><D26/><U6/><E6/><V66/><F66/><W92/><G128/><T22/><D22/><U130/><E130/><V114/><F114/><W135/><G135/><T101/><D101/><AGARI ba="0,0" hai="83,84,89,92,96,98,101,102,104,113,115" m="39946" machi="101" ten="30,2900,0" yaku="34,2" doraHai="117" who="3" fromWho="0" sc="454,-29,147,0,170,0,229,29" /><INIT seed="7,1,0,2,3,135" ten="425,147,170,258" oya="3" hai0="93,120,114,35,70,23,129,71,134,32,112,9,90" hai1="27,3,13,39,116,44,45,10,104,83,67,54,66" hai2="38,106,105,31,123,127,16,108,8,86,87,124,51" hai3="126,109,1,91,26,57,49,84,94,36,111,82,28"/><W80/><G1/><T117/><D117/><U62/><E3/><V65/><F38/><W19/><G19/><T113/><D120/><U107/><E107/><V59/><F108/><N who="3" m="41547" /><G36/><T40/><D134/><U76/><E104/><V24/><F106/><W2/><G2/><T0/><D129/><U21/><E39/><V110/><F105/><W25/><G25/><T99/><D23/><U79/><E116/><V95/><F110/><W74/><G74/><T96/><D96/><U42/><E42/><V17/><F17/><W92/><G82/><T12/><D40/><U121/><E121/><V102/><F16/><W11/><G11/><T30/><D0/><U128/><E128/><V37/><F8/><W14/><G14/><T131/><D131/><U68/><E67/><V29/><F29/><W125/><G49/><T75/><D75/><N who="1" m="43423" /><E79/><V56/><F37/><W5/><G5/><N who="0" m="3119" /><D30/><N who="1" m="17775" /><E54/><N who="2" m="31839" /><F123/><W63/><G28/><T130/><D130/><U18/><E44/><V73/><F73/><W50/><G26/><T53/><D53/><U97/><E45/><V64/><F64/><N who="3" m="39023" /><G50/><T22/><D22/><U115/><E115/><V55/><F65/><W46/><G46/><T7/><D7/><U60/><E60/><N who="2" m="35967" /><F24/><W103/><G103/><T48/><D48/><U101/><E101/><V81/><F31/><W6/><G6/><T58/><D58/><U72/><E72/><V77/><F102/><W20/><G20/><T78/><D78/><U98/><E66/><V15/><F15/><W100/><G100/><T41/><D41/><U61/><E61/><V52/><F52/><W43/><G43/><RYUUKYOKU ba="1,0" sc="425,0,147,0,170,0,258,0" hai0="32,35,70,71,90,93,99,112,113,114" hai1="10,13,18,62,68,97,98" hai2="77,81,86,87,95,124,127" hai3="80,84,91,92,94,125,126" /><INIT seed="7,2,0,1,5,36" ten="425,147,170,258" oya="3" hai0="26,102,8,131,81,106,57,47,88,35,104,124,77" hai1="17,126,60,18,120,24,74,116,133,95,6,69,42" hai2="32,62,22,110,14,89,78,67,21,66,135,129,100" hai3="72,75,55,46,90,101,20,111,27,123,9,28,86"/><W13/><G123/><T73/><D131/><U112/><E120/><V82/><F110/><W99/><G111/><T91/><D124/><U70/><E126/><V94/><F32/><W11/><G11/><T61/><D47/><U130/><E130/><V41/><F129/><W48/><G99/><T59/><D59/><U92/><E74/><V113/><F100/><W56/><G101/><T85/><D8/><U80/><E6/><V51/><F67/><W107/><G107/><T2/><D2/><U127/><E116/><V16/><F135/><W115/><G115/><T19/><D91/><U109/><E127/><V53/><F41/><W105/><G105/><T52/><D102/><U71/><E109/><V84/><F113/><W0/><G0/><T4/><D4/><U97/><E112/><V114/><F114/><W118/><G56/><T33/><D33/><U117/><E117/><V43/><F43/><W87/><G87/><T132/><D132/><U50/><E80/><V44/><F62/><W64/><G64/><T63/><D63/><U119/><E119/><V10/><REACH who="2" step="1"/><F66/><REACH who="2" ten="425,147,160,258" step="2"/><W45/><G118/><T108/><D108/><U29/><E60/><V134/><F134/><W25/><G55/><T83/><D19/><U38/><E133/><V103/><F103/><W58/><G28/><T31/><AGARI ba="2,1" hai="26,31,35,52,57,61,73,77,81,83,85,88,104,106" machi="31" ten="30,4000,0" yaku="0,1,54,2" doraHai="36" who="0" fromWho="0" sc="425,56,147,-12,160,-12,258,-22" owari="481,57.0,135,-36.0,148,-25.0,236,4.0" /></mjloggm>