<mjloggm ver="2.3"><GO type="41" lobby="0"/><UN n0="%E3%82%88%E3%82%88%E3%81%A1%E3%82%83" n1="%E3%81%B5%E3%82%80%E3%81%B8%E3%81%BF%E3%82%89%E3%81%B9%E3%82%8B" n2="%E2%93%9D%53%75%70%68%78" n3="%47%2D%32" dan="14,15,18,15" rate="1906.29,1990.02,2079.78,1971.12" sx="F,M,M,M"/><TAIKYOKU oya="0"/><INIT seed="0,0,0,4,2,66" ten="250,250,250,250" oya="0" hai0="17,65,21,19,10,92,133,100,2,82,40,106,112" hai1="15,102,120,80,32,48,107,76,114,117,111,34,84" hai2="68,73,16,27,74,54,91,104,87,26,20,125,57" hai3="67,41,123,78,43,90,25,93,75,97,95,99,6"/><T52/><D112/><U22/><E117/><V59/><F104/><W85/><G75/><T58/><D133/><U51/><E120/><V42/><F42/><W33/><G123/><T0/><D106/><U81/><E114/><V37/><F37/><W108/><G108/><T98/><D65/><U110/><E15/><V72/><F125/><W1/><G78/><T9/><D40/><U60/><E22/><V61/><F59/><W14/><G1/><T62/><D82/><U36/><E36/><V53/><F53/><W113/><G85/><T101/><D100/><U83/><E60/><V64/><F27/><W63/><G113/><T31/><D31/><U86/><E102/><V56/><REACH who="2" step="1"/><F54/><REACH who="2" ten="250,250,240,250" step="2"/><W5/><G25/><T130/><D130/><U94/><E107/><V135/><F135/><W3/><G43/><T116/><D116/><U96/><E110/><V119/><F119/><W124/><G41/><T79/><D79/><U105/><E105/><V30/><F30/><W28/><G28/><T134/><D134/><U131/><E76/><V89/><F89/><W70/><G124/><T126/><D126/><U13/><E111/><V49/><F49/><W103/><G90/><T47/><D47/><U121/><E48/><V50/><F50/><W29/><G29/><T55/><D55/><U46/><E121/><V115/><F115/><W45/><G103/><T132/><D132/><U11/><E51/><V38/><F38/><W23/><G33/><N who="1" m="12906" /><E46/><V35/><F35/><W109/><G45/><T18/><D21/><U129/><E131/><V127/><F127/><W39/><G39/><RYUUKYOKU ba="0,1" sc="250,15,250,-15,240,15,250,-15" hai0="0,2,9,10,17,18,19,52,58,62,92,98,101" hai2="16,20,26,56,57,61,64,68,72,73,74,87,91" /><INIT seed="0,1,1,4,1,61" ten="265,235,255,235" oya="0" hai0="104,23,48,98,35,22,68,66,14,24,34,63,58" hai1="4,75,57,19,101,17,26,82,85,79,110,89,108" hai2="109,134,31,106,0,7,42,16,116,91,123,43,103" hai3="39,30,9,40,21,51,92,100,29,37,132,130,99"/><T11/><D48/><U44/><E4/><V117/><F31/><W2/><G132/><T102/><D58/><U64/><E101/><V87/><F123/><W25/><G130/><T28/><REACH who="0" step="1"/><D35/><REACH who="0" ten="255,235,255,235" step="2"/><U73/><E57/><V77/><F134/><W86/><G39/><T135/><D135/><U20/><E110/><V112/><F109/><W125/><G37/><T95/><D95/><U93/><E108/><V84/><F117/><W67/><G51/><T45/><D45/><U119/><E44/><V47/><F116/><W38/><G92/><T10/><D10/><U96/><E119/><V128/><F47/><W1/><G9/><T94/><D94/><U131/><E131/><V74/><F128/><W118/><G38/><T107/><D107/><U122/><E122/><V114/><F106/><W70/><G118/><T121/><D121/><U65/><REACH who="1" step="1"/><E17/><AGARI ba="1,2" hai="11,14,17,22,23,24,28,34,63,66,68,98,102,104" machi="17" ten="30,18000,2" yaku="1,1,7,1,25,2,52,1,53,1" doraHai="61" doraHaiUra="13" who="0" fromWho="1" sc="255,203,235,-183,255,0,235,0" /><INIT seed="0,2,0,5,1,69" ten="458,52,255,235" oya="0" hai0="85,105,32,31,39,84,67,97,41,45,23,0,135" hai1="134,7,49,2,98,83,68,5,54,89,15,76,129" hai2="103,58,13,132,19,111,109,47,107,102,61,94,26" hai3="90,127,81,113,66,20,11,93,88,74,4,55,37"/><T106/><D0/><U48/><E68/><V9/><F107/><W30/><G113/><T1/><D1/><U92/><E134/><V124/><F124/><W12/><G127/><T63/><D135/><U110/><E110/><N who="2" m="41995" /><F132/><W86/><G66/><T60/><D60/><U29/><E129/><V82/><F94/><W46/><G74/><T128/><D128/><U104/><E104/><V62/><F62/><W57/><G46/><T38/><D106/><U133/><E133/><V130/><F82/><W95/><G37/><N who="0" m="21679" /><D85/><U64/><E64/><N who="2" m="38967" /><F130/><W115/><G115/><T50/><D84/><U8/><E29/><V14/><F26/><N who="3" m="16711" /><G90/><T75/><D23/><U52/><E2/><V25/><F47/><W16/><G4/><T21/><D21/><U27/><E27/><V34/><F25/><W99/><G99/><T53/><D53/><N who="1" m="20587" /><E5/><N who="2" m="3247" /><F34/><W117/><G117/><T91/><D75/><U59/><E59/><V121/><F121/><W80/><G95/><T70/><D50/><AGARI ba="2,0" hai="11,12,16,50,55,57,80,81,86,88,93" m="16711" machi="50" ten="30,3900,0" yaku="8,1,54,2" doraHai="69" who="3" fromWho="0" sc="458,-45,52,0,255,0,235,45" /><INIT seed="1,0,0,0,3,58" ten="413,52,255,280" oya="1" hai0="125,20,131,26,51,88,64,96,71,43,59,23,60" hai1="119,27,75,124,54,105,123,36,40,5,30,42,69" hai2="44,41,4,8,61,49,100,33,108,16,103,110,83" hai3="7,104,91,79,6,66,18,31,9,86,122,10,78"/><U63/><E119/><V70/><F33/><W106/><G122/><T37/><D125/><U94/><E123/><V22/><F83/><W95/><G31/><T73/><D73/><U14/><E105/><V85/><F85/><W120/><G120/><T12/><D131/><U34/><E75/><V62/><F70/><W97/><G18/><T57/><D12/><U50/><E124/><V112/><F112/><W52/><G66/><T115/><D115/><U82/><E36/><V29/><F29/><W128/><G128/><T118/><D118/><U47/><E94/><V72/><F72/><W68/><G68/><T67/><D67/><U25/><E25/><N who="2" m="14535" /><F103/><W98/><G52/><T130/><D130/><U134/><E134/><V53/><F53/><W74/><G74/><T80/><D37/><U93/><E82/><V107/><F100/><W129/><G129/><T116/><D20/><U39/><E39/><V28/><F28/><W132/><G132/><T89/><D80/><U113/><E93/><V114/><F107/><W87/><REACH who="3" step="1"/><G95/><REACH who="3" ten="413,52,255,270" step="2"/><N who="0" m="56423" /><D71/><U11/><REACH who="1" step="1"/><E113/><REACH who="1" ten="413,42,255,270" step="2"/><V21/><F114/><W55/><G55/><T126/><D116/><U2/><E2/><V13/><F21/><W102/><G102/><T19/><D126/><U35/><E35/><V127/><F127/><W46/><G46/><T117/><D117/><U84/><E84/><V65/><F65/><AGARI ba="0,2" hai="5,11,14,27,30,34,40,42,47,50,54,63,65,69" machi="65" ten="40,7700,0" yaku="1,1,52,1,53,1" doraHai="58" doraHaiUra="0" who="1" fromWho="2" sc="413,0,42,97,255,-77,270,0" /><INIT seed="1,1,0,5,0,103" ten="413,139,178,270" oya="1" hai0="38,86,43,75,80,93,128,72,0,27,26,9,50" hai1="78,104,47,17,51,115,28,98,46,24,125,79,55" hai2="107,15,121,129,130,77,131,16,111,116,135,54,56" hai3="42,70,21,20,119,85,49,69,108,74,134,41,92"/><U52/><E115/><V1/><F116/><W34/><G34/><T31/><D38/><U48/><E125/><V67/><F1/><W18/><G74/><T63/><D63/><U61/><E61/><V89/><F121/><W101/><G108/><T126/><D93/><U13/><E98/><V82/><F111/><W22/><G134/><T87/><D128/><U64/><E64/><V96/><F67/><W4/><G4/><T110/><D110/><U88/><E104/><V76/><F135/><W97/><G18/><T23/><D27/><U94/><E24/><V112/><F112/><W90/><G119/><T35/><D35/><U45/><E45/><V71/><F71/><W11/><G11/><T84/><D126/><U106/><E106/><V44/><F44/><W132/><G132/><T81/><D43/><U113/><E28/><V6/><F6/><W58/><G58/><T2/><D50/><U105/><E105/><V62/><F82/><W3/><G3/><T122/><D122/><U66/><E66/><V57/><F57/><W73/><G73/><T109/><D109/><U8/><E113/><V124/><F124/><W29/><G29/><T40/><D40/><N who="3" m="15465" /><G49/><T65/><D65/><U99/><AGARI ba="1,0" hai="8,13,17,46,47,48,51,52,55,78,79,88,94,99" machi="99" ten="20,18000,2" yaku="0,1,7,1,9,1,8,1,54,2" doraHai="103" who="1" fromWho="1" sc="413,-61,139,183,178,-61,270,-61" /><INIT seed="1,2,0,3,5,46" ten="352,322,117,209" oya="1" hai0="104,51,17,102,32,39,120,115,66,101,64,119,50" hai1="75,133,78,10,125,108,67,129,95,123,110,70,59" hai2="85,5,83,38,132,84,128,80,118,27,0,28,126" hai3="65,52,37,3,89,121,48,15,11,56,16,98,29"/><U19/><E123/><V76/><F118/><W131/><G121/><T107/><D119/><U135/><E75/><V103/><F38/><W8/><G37/><T71/><D39/><U53/><E78/><V127/><F5/><W18/><G131/><T25/><D115/><U20/><E10/><V77/><F0/><W116/><G116/><T13/><D120/><U90/><E129/><V86/><F128/><W112/><G112/><T92/><D92/><U69/><E125/><N who="2" m="47627" /><F27/><W87/><G29/><T111/><D111/><N who="1" m="42539" /><E19/><V47/><F47/><W88/><G65/><T72/><D72/><U41/><E20/><V54/><F54/><W36/><G36/><T94/><D94/><U100/><E100/><V2/><F28/><W61/><G98/><T31/><D102/><U81/><E41/><V44/><F2/><W63/><G89/><T24/><D104/><U42/><E42/><V43/><F103/><W105/><G105/><T9/><D66/><U74/><E67/><V124/><F124/><W68/><G68/><T1/><D1/><U55/><E55/><V26/><F43/><W35/><G35/><T23/><D64/><U7/><E7/><V97/><F77/><W58/><G58/><T117/><D71/><N who="1" m="27147" /><E53/><V45/><F76/><W33/><G33/><T79/><D117/><U40/><E40/><V12/><F83/><N who="3" m="49279" /><G3/><T22/><D79/><N who="1" m="44279" /><E59/><V60/><F80/><W14/><AGARI ba="2,0" hai="8,11,14,15,16,18,48,52,56,61,63" m="49279" machi="14" ten="30,8000,1" yaku="8,1,52,1,54,3" doraHai="46" who="3" fromWho="3" sc="352,-22,322,-42,117,-22,209,86" /><INIT seed="2,0,0,0,3,15" ten="330,280,95,295" oya="2" hai0="0,3,69,126,34,11,56,31,95,23,118,55,45" hai1="129,110,116,7,59,82,102,32,61,70,4,111,5" hai2="128,98,92,63,42,106,103,36,84,44,54,48,74" hai3="109,43,122,132,104,90,75,113,78,127,100,16,50"/><V47/><F128/><W53/><G122/><T22/><D69/><U37/><E116/><V12/><F74/><W117/><G117/><T71/><D71/><U20/><E32/><V68/><F68/><W58/><G109/><T77/><D126/><U21/><E37/><V121/><F121/><W119/><G119/><T10/><D45/><U66/><E102/><V41/><F63/><W94/><G127/><T19/><D77/><U49/><E129/><V67/><F67/><W29/><G29/><T101/><D101/><U83/><E49/><V124/><F124/><W72/><G132/><T107/><D95/><U134/><E134/><V133/><F133/><W13/><G113/><T24/><D107/><U114/><E114/><V135/><F135/><W35/><G35/><T14/><D118/><U79/><E59/><V30/><F30/><W91/><G91/><T89/><D89/><U88/><E88/><V52/><F106/><W64/><G64/><T131/><D131/><U6/><N who="1" m="1024" /><DORA hai="1" /><U81/><REACH who="1" step="1"/><E79/><REACH who="1" ten="330,270,95,295" step="2"/><V28/><F36/><W87/><G78/><T60/><D0/><U17/><E17/><V33/><F33/><W123/><G123/><T97/><D3/><U62/><E62/><V125/><F125/><W108/><G100/><T2/><D2/><U115/><E115/><V65/><F103/><W130/><G130/><T85/><D34/><U39/><E39/><V120/><F120/><W57/><G104/><T46/><D60/><U27/><E27/><V38/><F38/><W105/><G105/><T76/><D24/><U26/><E26/><V9/><F48/><RYUUKYOKU ba="0,1" sc="330,-10,270,30,95,-10,295,-10" hai1="20,21,61,66,70,81,82,83,110,111" /><INIT seed="3,1,1,0,1,52" ten="320,300,85,285" oya="3" hai0="13,87,121,62,98,113,123,38,27,33,99,122,44" hai1="128,91,59,34,108,132,68,26,116,102,125,2,89" hai2="16,134,57,92,24,5,66,50,96,76,129,90,106" hai3="9,133,39,23,110,42,78,120,69,19,124,118,86"/><W10/><G69/><T65/><D113/><U75/><RYUUKYOKU type="yao9" ba="1,1" sc="320,0,300,0,85,0,285,0" hai1="2,26,34,59,68,75,89,91,102,108,116,125,128,132" /><INIT seed="3,2,1,2,2,35" ten="320,300,85,285" oya="3" hai0="101,120,81,100,34,108,105,133,49,21,4,23,109" hai1="53,117,94,78,39,62,73,76,107,48,103,91,71" hai2="33,45,18,63,122,6,30,134,20,9,70,79,17" hai3="37,106,124,26,66,88,60,25,113,127,41,99,24"/><W115/><G37/><T68/><D34/><U15/><E39/><V56/><F70/><W42/><G106/><T90/><D120/><U31/><E117/><V5/><F79/><W51/><G51/><T93/><D68/><U125/><E125/><N who="3" m="48202" /><G99/><N who="0" m="61599" /><D101/><U57/><E31/><V69/><F69/><N who="3" m="42183" /><G88/><T11/><D81/><U64/><E73/><V72/><F72/><W40/><AGARI ba="2,1" hai="24,25,26,40,41,42,113,115" m="42183,48202" machi="40" ten="40,2100,0" yaku="18,1" doraHai="35" who="3" fromWho="3" sc="320,-9,300,-9,85,-9,285,37" /><INIT seed="3,3,0,4,5,49" ten="311,291,76,322" oya="3" hai0="34,51,133,36,123,102,75,122,95,32,109,114,89" hai1="64,88,39,82,46,116,111,19,0,105,5,60,17" hai2="115,52,126,81,91,103,38,83,74,20,8,92,120" hai3="42,107,57,43,86,113,69,12,44,134,85,16,101"/><W100/><G69/><T125/><D36/><U35/><E105/><V118/><F115/><W9/><G113/><T40/><D75/><U56/><E35/><V104/><F38/><W13/><G134/><T131/><D114/><U54/><E111/><V61/><F118/><W70/><G70/><T135/><D102/><U2/><E116/><V98/><F126/><W14/><G14/><T80/><D80/><U68/><E5/><V45/><F120/><W37/><G43/><T121/><D109/><U30/><E30/><V84/><F8/><W71/><G71/><T106/><D106/><U10/><E46/><V128/><F128/><W26/><G26/><T22/><D131/><U67/><E67/><V87/><F20/><W119/><G119/><T108/><D108/><U130/><E39/><V66/><F74/><W62/><G13/><T6/><D6/><U48/><E130/><V24/><F24/><W79/><G79/><T65/><D65/><U94/><E82/><V99/><F66/><W4/><G4/><T47/><D22/><U124/><E124/><V1/><F1/><W53/><REACH who="3" step="1"/><G100/><REACH who="3" ten="311,291,76,312" step="2"/><T78/><D78/><U55/><E0/><V7/><F7/><W63/><G63/><T72/><D125/><U129/><E129/><V31/><F61/><W29/><G29/><T28/><D28/><U132/><E132/><N who="0" m="50761" /><D72/><U23/><E2/><V27/><F31/><W33/><G33/><T11/><D11/><U127/><E127/><V96/><F27/><W117/><G117/><T25/><D25/><N who="1" m="14575" /><E68/><V93/><F103/><W58/><G58/><T73/><D73/><RYUUKYOKU ba="3,1" sc="311,15,291,-15,76,-15,312,15" hai0="32,34,40,47,51,89,95,121,122,123" hai3="9,12,16,37,42,44,53,57,62,85,86,101,107" /><INIT seed="3,4,1,4,5,4" ten="326,276,61,327" oya="3" hai0="80,38,109,21,68,1,65,53,29,113,134,0,82" hai1="110,43,7,91,64,63,126,67,84,41,93,118,54" hai2="132,30,94,129,99,35,72,50,44,56,96,123,13" hai3="87,75,131,46,130,33,104,15,106,14,19,11,51"/><W26/><G75/><T127/><D109/><U74/><E110/><V100/><F132/><W128/><G87/><T2/><D134/><U81/><E126/><V95/><F129/><W47/><G47/><T86/><D38/><U116/><E54/><V45/><F72/><W124/><G124/><T119/><D127/><U76/><E7/><V78/><F123/><W23/><G33/><T18/><D119/><N who="1" m="45611" /><E67/><V42/><F78/><W17/><REACH who="3" step="1"/><G26/><REACH who="3" ten="326,276,61,317" step="2"/><T114/><D114/><U31/><E31/><V69/><F35/><W73/><G73/><T52/><D86/><U107/><E107/><V62/><F30/><W108/><G108/><T6/><D29/><U39/><E39/><V24/><F24/><W122/><G122/><T27/><D113/><U79/><E79/><V61/><F45/><W36/><G36/><T88/><D80/><U28/><E28/><V10/><F69/><AGARI ba="4,2" hai="41,43,63,64,69,74,76,81,84,91,93" m="45611" machi="69" ten="30,1000,0" yaku="12,1" doraHai="4" who="1" fromWho="2" sc="326,0,276,42,61,-22,317,0" /><INIT seed="4,0,0,4,4,96" ten="326,318,39,317" oya="0" hai0="62,77,34,5,106,108,1,118,73,133,21,79,61" hai1="123,31,67,86,50,111,22,6,48,51,15,107,71" hai2="29,91,19,105,97,124,42,33,7,130,47,99,8" hai3="131,30,11,88,35,102,36,126,114,89,127,65,16"/><T78/><D118/><U26/><E111/><V37/><F130/><W101/><G36/><T90/><D34/><U53/><E107/><V119/><F124/><N who="3" m="47659" /><G131/><T58/><D106/><U12/><E123/><V98/><F119/><W24/><G114/><T76/><D108/><U64/><E53/><V60/><F19/><W122/><G122/><T57/><D133/><U69/><E6/><V113/><F113/><W120/><G120/><T70/><D70/><U55/><E55/><V56/><F29/><W75/><G75/><T104/><D104/><U4/><E71/><V92/><F33/><W39/><G39/><T135/><D135/><U9/><E15/><V93/><F105/><W116/><G116/><T125/><D125/><U66/><E69/><V17/><F17/><W100/><G65/><T129/><D129/><U13/><E13/><AGARI ba="0,0" hai="11,13,16,24,30,35,88,89,100,101,102" m="47659" machi="13" ten="30,12000,2" yaku="18,1,52,3,54,2" doraHai="96" who="3" fromWho="1" sc="326,0,318,-120,39,0,317,120" /><INIT seed="5,0,0,5,2,50" ten="326,198,39,437" oya="1" hai0="71,91,8,68,12,23,69,30,40,81,78,77,19" hai1="16,120,7,0,25,130,61,116,114,4,94,88,48" hai2="119,53,82,9,124,55,85,65,125,46,75,115,6" hai3="93,99,44,133,31,106,63,105,73,132,38,36,135"/><U56/><E116/><V90/><F119/><W27/><G73/><T2/><D40/><U127/><E120/><V129/><F129/><W98/><G63/><T121/><D121/><U100/><E130/><V83/><F65/><W126/><G126/><N who="2" m="48745" /><F46/><W13/><G13/><T45/><D45/><U123/><E123/><V41/><F41/><N who="3" m="22567" /><G38/><T1/><D91/><U87/><E114/><V34/><F34/><N who="3" m="20863" /><G98/><T95/><D95/><U134/><E134/><V64/><F64/><W122/><G122/><T113/><D113/><U97/><E0/><N who="2" m="199" /><F115/><W104/><G104/><T67/><D67/><N who="1" m="39335" /><E48/><V57/><F57/><W58/><G58/><T54/><D1/><U86/><E127/><V62/><F62/><W112/><G112/><T118/><D2/><U22/><E87/><N who="2" m="50551" /><F75/><W80/><G80/><AGARI ba="0,0" hai="4,7,16,22,25,80,86,88,94,97,100" m="39335" machi="80" ten="30,5800,0" yaku="8,1,54,2" doraHai="50" who="1" fromWho="3" sc="326,0,198,58,39,0,437,-58" /><INIT seed="5,1,0,3,2,66" ten="326,256,39,379" oya="1" hai0="135,88,50,38,103,25,23,64,8,96,93,55,56" hai1="35,83,14,5,0,61,52,4,125,109,102,40,3" hai2="70,87,108,57,41,77,19,20,126,68,62,53,131" hai3="116,16,58,31,75,123,133,73,114,47,44,129,13"/><U21/><E35/><V51/><F108/><W42/><G123/><T104/><D38/><U121/><E121/><V82/><F131/><W43/><G129/><T24/><D135/><U124/><E109/><V11/><F126/><W33/><G114/><T2/><D64/><U18/><E40/><V98/><F11/><W1/><G1/><N who="1" m="586" /><E102/><V46/><REACH who="2" step="1"/><F98/><REACH who="2" ten="326,256,29,379" step="2"/><W128/><G128/><T92/><D8/><U100/><E4/><V84/><F84/><W117/><G75/><T48/><D2/><U54/><E5/><V10/><F10/><W101/><G73/><T60/><D104/><U69/><E125/><V65/><F65/><W36/><G117/><T85/><REACH who="0" step="1"/><D24/><AGARI ba="1,1" hai="19,20,24,41,46,51,53,57,62,68,70,77,82,87" machi="24" ten="30,8000,1" yaku="1,1,7,1,52,2,53,1" doraHai="66" doraHaiUra="79" who="2" fromWho="0" sc="326,-83,256,0,29,93,379,0" /><INIT seed="6,0,0,1,3,20" ten="243,256,122,379" oya="2" hai0="95,43,99,35,13,125,71,46,78,58,79,67,34" hai1="38,104,31,42,32,118,62,90,121,132,9,72,119" hai2="24,30,68,86,94,55,14,108,41,15,63,134,48" hai3="18,70,109,131,117,19,116,127,87,52,40,51,89"/><V96/><F134/><W25/><G109/><T113/><D71/><U88/><E104/><V61/><F108/><W124/><G70/><T91/><D113/><U17/><E72/><V36/><F36/><W3/><G3/><T57/><D125/><N who="3" m="48201" /><G40/><T37/><D13/><U64/><E132/><V85/><F41/><W59/><G131/><T80/><D79/><U93/><E121/><V21/><F68/><W45/><G45/><T112/><D112/><U114/><E114/><V44/><F86/><W135/><G135/><T5/><D5/><U122/><E122/><V66/><F85/><W81/><G25/><T2/><D2/><U105/><E42/><V47/><F47/><W83/><G83/><T0/><D0/><U28/><E38/><V27/><F27/><W123/><G123/><T26/><D67/><U53/><E64/><V115/><F115/><W73/><G73/><T49/><D37/><U106/><E32/><V7/><F7/><W82/><G82/><T110/><D110/><U12/><E31/><V56/><REACH who="2" step="1"/><F63/><REACH who="2" ten="243,256,112,379" step="2"/><W10/><G87/><T1/><D26/><U33/><E62/><V120/><F120/><W101/><G117/><T8/><D58/><U128/><E119/><V76/><F76/><W23/><G116/><T6/><D57/><U54/><E118/><V129/><F129/><W92/><G59/><T4/><D6/><U29/><E128/><V75/><F75/><AGARI ba="0,1" hai="1,4,8,34,35,43,46,49,75,78,80,91,95,99" machi="75" ten="30,1000,0" yaku="7,1" doraHai="20" who="0" fromWho="2" sc="243,20,256,0,112,-10,379,0" /><INIT seed="7,0,0,0,2,85" ten="263,256,102,379" oya="3" hai0="67,56,114,24,118,129,131,26,62,78,123,17,7" hai1="94,124,86,20,77,64,103,71,97,52,51,35,61" hai2="18,100,121,110,3,132,0,81,113,43,92,48,2" hai3="37,6,72,33,11,60,91,59,65,108,95,58,57"/><W82/><G33/><T125/><D123/><U73/><E35/><V133/><F43/><W31/><G31/><T80/><D118/><U76/><E124/><V55/><F100/><W70/><G37/><T8/><D114/><U106/><E73/><V116/><F92/><W79/><G108/><T36/><D36/><U13/><E106/><V128/><F81/><W34/><G34/><T12/><D125/><U66/><E66/><V5/><F55/><W39/><G39/><T9/><D9/><U107/><E20/><V98/><F98/><W83/><G83/><T1/><D1/><U14/><E77/><V115/><F48/><W68/><G68/><T50/><D50/><U69/><E69/><V32/><F110/><W74/><G74/><T99/><D99/><U54/><E54/><V75/><F75/><W16/><G16/><T29/><D17/><U40/><E40/><V88/><F116/><W126/><G126/><T46/><D46/><U84/><E84/><V25/><F121/><W47/><G47/><T122/><D122/><U96/><E86/><V30/><F128/><N who="0" m="49226" /><D29/><U23/><E23/><V130/><F130/><W112/><G112/><N who="2" m="43081" /><F18/><W117/><G117/><T28/><D28/><U93/><E76/><V134/><F5/><W127/><G127/><T4/><D4/><U63/><E63/><V101/><F101/><W109/><G109/><T15/><D15/><U89/><E107/><V44/><F44/><AGARI ba="0,0" hai="13,14,44,51,52,61,64,71,89,93,94,96,97,103" machi="44" ten="30,3900,0" yaku="7,1,52,1,54,1" doraHai="85" who="1" fromWho="2" sc="263,0,256,39,102,-39,379,0" owari="263,-14.0,295,10.0,63,-44.0,379,48.0" /></mjloggm>