<mjloggm ver="2.3"><GO type="41" lobby="0"/><UN n0="%E2%93%9D%53%75%70%68%78" n1="%E3%81%A1%E3%82%83%E3%82%93%E3%81%9B%E3%81%84%E3%81%9B%E3%81%84" n2="%6D%69%63%2E%6A" n3="%E5%81%BD%E5%81%BD%E3%82%A2%E3%82%AB%E3%82%AE" dan="17,14,13,15" rate="2056.75,1914.00,1820.76,2067.89" sx="M,M,M,M"/><TAIKYOKU oya="0"/><INIT seed="0,0,0,3,3,34" ten="250,250,250,250" oya="0" hai0="97,67,112,36,88,100,25,32,20,116,79,57,128" hai1="53,107,62,101,48,38,43,60,63,24,31,78,51" hai2="37,52,22,69,49,41,118,90,54,83,50,55,33" hai3="74,56,0,76,58,40,77,2,124,8,68,102,23"/><T111/><D112/><U81/><E38/><V114/><F33/><W108/><G68/><T11/><D116/><U1/><E43/><V131/><F114/><W121/><G108/><T105/><D79/><U96/><E1/><V27/><F118/><W10/><G102/><T89/><D32/><U13/><E13/><V66/><F131/><W119/><G119/><T7/><D36/><U109/><E109/><V91/><F83/><W117/><G117/><T72/><D72/><U12/><E12/><V126/><F126/><W104/><G40/><T85/><D128/><U18/><E18/><V42/><F22/><W84/><G23/><T92/><D111/><U46/><E24/><V125/><F27/><W71/><G71/><T110/><D110/><U28/><REACH who="1" step="1"/><E51/><REACH who="1" ten="250,240,250,250" step="2"/><N who="2" m="19467" /><F125/><W94/><G2/><T44/><D25/><U98/><E98/><V135/><F135/><W130/><G0/><T65/><D7/><U75/><AGARI ba="0,1" hai="28,31,46,48,53,60,62,63,75,78,81,96,101,107" machi="75" ten="30,2000,0" yaku="1,1,0,1,53,0" doraHai="34" doraHaiUra="113" who="1" fromWho="1" sc="250,-10,240,30,250,-5,250,-5" /><INIT seed="1,0,0,3,5,107" ten="240,270,245,245" oya="1" hai0="89,99,25,24,7,82,132,18,13,55,103,4,64" hai1="111,12,45,5,22,63,49,75,34,87,85,44,71" hai2="88,77,126,127,102,42,80,16,32,33,70,101,35" hai3="74,96,76,112,95,19,15,134,66,106,57,56,48"/><U0/><E75/><V122/><F122/><W14/><G112/><T135/><D64/><U100/><E34/><V27/><F70/><W114/><G114/><T118/><D55/><U131/><E131/><V26/><F42/><W116/><G106/><T38/><D38/><U115/><E100/><N who="2" m="38507" /><F88/><W47/><G116/><T121/><D118/><U94/><E0/><V53/><F53/><W68/><G68/><T98/><D121/><U120/><E120/><V83/><F77/><W129/><G134/><N who="0" m="51243" /><D99/><U62/><E5/><N who="0" m="2121" /><D89/><U40/><E71/><V69/><F16/><W91/><G15/><T81/><D81/><N who="2" m="31306" /><F69/><W30/><G76/><T61/><D61/><U104/><E104/><V23/><F23/><W29/><G74/><T117/><D82/><U79/><E79/><V67/><F67/><W36/><G36/><T9/><D117/><U21/><E12/><V59/><F59/><N who="3" m="22603" /><G66/><T90/><D90/><U92/><E115/><V72/><F72/><W124/><G91/><T130/><D130/><U1/><E1/><V10/><F10/><W39/><G129/><T51/><D51/><U86/><E49/><V109/><F109/><W93/><G39/><T46/><D46/><N who="1" m="18027" /><E40/><V133/><F133/><W20/><G48/><T8/><D8/><U54/><E111/><V73/><F73/><W52/><G47/><T123/><D123/><U37/><E37/><V105/><F105/><AGARI ba="0,0" hai="9,13,18,24,25,98,103,105" m="2121,51243" machi="105" ten="30,1000,0" yaku="20,1" doraHai="107" who="0" fromWho="2" sc="240,10,270,0,245,-10,245,0" /><INIT seed="2,0,0,1,0,25" ten="250,270,235,245" oya="2" hai0="104,42,95,14,101,135,65,28,30,59,81,53,68" hai1="5,132,126,105,93,66,33,133,134,50,125,88,62" hai2="47,32,22,13,113,57,64,74,63,60,92,87,119" hai3="73,1,23,106,36,128,117,38,98,110,21,15,41"/><V0/><F74/><W2/><G41/><T39/><D104/><U78/><E5/><V100/><F0/><W37/><G117/><T71/><D135/><U109/><E33/><V76/><F32/><W107/><G73/><T54/><D39/><U94/><E105/><V34/><F34/><W96/><G15/><T20/><D42/><U120/><E50/><V7/><F119/><W114/><G38/><T122/><D122/><U31/><E31/><N who="0" m="11817" /><D71/><N who="1" m="42455" /><E109/><V102/><F113/><W99/><G99/><N who="0" m="59647" /><D81/><U69/><E69/><V48/><F92/><W52/><G128/><T43/><D43/><U56/><E94/><V4/><F102/><W85/><G85/><T83/><D83/><U84/><E120/><V116/><F100/><W80/><G80/><T55/><D68/><U61/><E78/><V46/><F116/><W86/><G86/><T72/><D72/><U19/><E19/><N who="2" m="10607" /><F87/><W17/><G17/><N who="0" m="10295" /><D65/><AGARI ba="0,0" hai="56,61,65,84,88,93,125,126,132,133,134" m="42455" machi="65" ten="30,2000,0" yaku="20,1,54,1" doraHai="25" who="1" fromWho="0" sc="250,-20,270,20,235,0,245,0" /><INIT seed="3,0,0,1,0,134" ten="230,290,235,245" oya="3" hai0="133,42,127,54,65,46,53,86,51,93,9,66,24" hai1="61,131,43,107,57,41,103,87,132,63,21,25,105" hai2="101,126,27,34,102,26,72,20,128,69,84,40,68" hai3="39,30,89,91,97,64,35,29,50,81,75,90,121"/><W112/><G121/><T115/><D133/><U49/><E132/><V16/><F72/><W56/><G112/><T33/><D115/><U122/><E122/><V18/><F128/><W67/><G39/><T3/><D33/><U77/><E131/><V23/><F34/><W92/><G75/><T123/><D24/><U88/><E77/><V83/><F40/><W71/><G71/><T106/><D106/><U129/><E129/><V32/><F32/><W44/><G35/><T6/><D123/><U52/><E107/><V47/><F47/><W55/><G81/><T100/><D127/><U130/><E130/><V94/><F94/><W14/><G14/><T95/><D95/><N who="1" m="54687" /><E103/><V13/><F13/><W1/><G1/><T62/><D66/><N who="3" m="25129" /><G56/><T113/><D113/><U78/><E78/><V117/><F83/><W15/><G15/><T82/><D82/><U124/><E124/><V116/><REACH who="2" step="1"/><F84/><REACH who="2" ten="230,290,225,245" step="2"/><W109/><G109/><T36/><D86/><U79/><E105/><V98/><F98/><W22/><G22/><T119/><D93/><U99/><E99/><V114/><F114/><W37/><G37/><T19/><D36/><U108/><E79/><V74/><F74/><W85/><G85/><T38/><D38/><U11/><E108/><V58/><F58/><W45/><G44/><T76/><D76/><U4/><E63/><V12/><F12/><W120/><G120/><T31/><D62/><U110/><E61/><V8/><F8/><W104/><G104/><T96/><D9/><U80/><E80/><V70/><F70/><W111/><G111/><T17/><D46/><RYUUKYOKU ba="0,1" sc="230,-15,290,-15,225,15,245,15" hai2="16,18,20,23,26,27,68,69,101,102,116,117,126" hai3="29,30,45,50,55,89,90,91,92,97" /><INIT seed="3,1,1,5,5,0" ten="215,275,240,260" oya="3" hai0="22,78,76,79,132,67,103,28,116,74,113,66,8" hai1="81,92,32,84,72,99,39,80,130,38,101,10,23" hai2="61,5,85,102,52,110,94,9,21,60,108,88,41" hai3="100,34,83,19,69,82,134,16,18,11,36,86,93"/><W56/><G69/><T25/><D116/><U115/><E32/><V12/><F41/><W109/><G36/><T17/><D74/><U37/><E115/><V107/><F107/><W131/><G34/><T75/><D75/><U45/><E130/><V30/><F102/><W95/><G131/><T40/><D132/><U46/><E72/><V117/><F117/><W26/><G134/><T20/><D113/><U87/><E23/><V57/><F30/><W54/><G109/><N who="2" m="42089" /><F21/><N who="3" m="13607" /><G83/><T106/><D40/><U7/><E81/><V6/><F5/><W13/><G19/><T35/><D35/><U33/><E33/><V90/><F90/><N who="3" m="51543" /><G100/><T122/><D103/><U121/><E121/><V119/><F119/><W2/><G2/><T4/><D122/><U64/><E84/><V126/><F126/><W114/><G114/><T89/><D89/><U129/><E129/><V123/><F123/><W47/><G47/><T77/><D77/><U97/><E97/><V55/><F60/><AGARI ba="1,1" hai="11,13,18,54,56,60,93,95" m="51543,13607" machi="60" ten="30,2900,0" yaku="8,1,54,1" doraHai="0" who="3" fromWho="2" sc="215,0,275,0,240,-32,260,42" /><INIT seed="3,2,0,0,5,10" ten="215,275,208,302" oya="3" hai0="123,1,47,36,64,96,49,127,16,11,0,57,71" hai1="51,108,38,90,128,54,32,101,34,130,103,117,8" hai2="7,23,56,107,28,6,58,122,72,26,33,77,46" hai3="93,125,53,100,102,112,115,124,62,110,4,88,133"/><W14/><G133/><T43/><D123/><U63/><E38/><V104/><F72/><W50/><G62/><N who="0" m="40343" /><D96/><U119/><E63/><V91/><F77/><W55/><G110/><T39/><D39/><U37/><E37/><V80/><F122/><W45/><G55/><N who="0" m="31983" /><D127/><N who="3" m="48713" /><G100/><N who="1" m="38474" /><E108/><V84/><F33/><N who="1" m="12905" /><E90/><V60/><F107/><W113/><G102/><T67/><D67/><U30/><E30/><V79/><F104/><W13/><G4/><N who="2" m="1577" /><F79/><W85/><AGARI ba="2,0" hai="13,14,45,50,53,85,88,93,112,113,115" m="48713" machi="85" ten="40,12000,1" yaku="18,1,52,2,54,1" doraHai="10" who="3" fromWho="3" sc="215,-42,275,-42,208,-42,302,126" /><INIT seed="3,3,0,1,0,100" ten="173,233,166,428" oya="3" hai0="26,33,13,59,76,29,44,56,126,5,14,39,2" hai1="30,41,48,6,84,120,28,121,63,90,81,92,109" hai2="12,36,95,11,64,51,98,117,83,103,112,86,78" hai3="89,131,132,24,55,3,0,47,133,87,34,127,1"/><W124/><G47/><T37/><D126/><N who="3" m="48169" /><G55/><T128/><D128/><U107/><E109/><V69/><F117/><W99/><G99/><T53/><D59/><U88/><E6/><V106/><F112/><W8/><G87/><T116/><D116/><U50/><E121/><V125/><F125/><W38/><G89/><T97/><D76/><U54/><E120/><V104/><F36/><W19/><G38/><T9/><D39/><U22/><E107/><V85/><F69/><W52/><G52/><T110/><D110/><U102/><E102/><V73/><F64/><W21/><G131/><T27/><D97/><U18/><E41/><V45/><F86/><W96/><G96/><T65/><D65/><U10/><E10/><V93/><F104/><W129/><G129/><T135/><D37/><U46/><E63/><V113/><F113/><W72/><G72/><T20/><D44/><U4/><E4/><V91/><F93/><W49/><G49/><T35/><D53/><U66/><E50/><V62/><F62/><W57/><G57/><T31/><D56/><U94/><E66/><V77/><F77/><W17/><G34/><N who="0" m="20791" /><D135/><N who="3" m="51785" /><G8/><T43/><D43/><U75/><E75/><V60/><F60/><W15/><G15/><AGARI ba="3,0" hai="2,5,9,13,14,15,20,27,31,33,35" m="20791" machi="15" ten="30,8000,1" yaku="35,5" doraHai="100" who="0" fromWho="3" sc="173,89,233,0,166,0,428,-89" /><INIT seed="4,0,0,2,1,46" ten="262,233,166,339" oya="0" hai0="78,12,38,88,16,52,58,18,102,67,127,118,14" hai1="104,54,10,6,5,98,77,70,37,107,19,80,30" hai2="2,48,126,60,128,79,132,29,34,23,91,96,61" hai3="68,113,65,31,7,117,0,21,63,43,4,49,110"/><T86/><D38/><U59/><E70/><V66/><F2/><W123/><G110/><T15/><D118/><U124/><E124/><V84/><F126/><W64/><G113/><T74/><D127/><U109/><E109/><V106/><F128/><W108/><G108/><T41/><D74/><U57/><E30/><V121/><F121/><W122/><G117/><T111/><D41/><U36/><E59/><V115/><F115/><W87/><G87/><T55/><D78/><U94/><E19/><N who="0" m="7209" /><D102/><U8/><E8/><V99/><F23/><W22/><G64/><T47/><D47/><U35/><E35/><V89/><F79/><W129/><G129/><T72/><D72/><U51/><E6/><N who="3" m="2090" /><G31/><T120/><D120/><N who="3" m="46121" /><G0/><T25/><D25/><U24/><E24/><N who="2" m="18727" /><F96/><W105/><G105/><T32/><D32/><U95/><E95/><V131/><F131/><W69/><G68/><T33/><D33/><U17/><E17/><V93/><F89/><W40/><G40/><T56/><D111/><U85/><E36/><V9/><F9/><W28/><G28/><T39/><D39/><U97/><E97/><V92/><F66/><W50/><G43/><T133/><D67/><U116/><E37/><V27/><F27/><W112/><G112/><T114/><D114/><U73/><E73/><V119/><F106/><W82/><G82/><N who="0" m="49239" /><D133/><U53/><E116/><V81/><F132/><W13/><G13/><T45/><D55/><U83/><E54/><V71/><F71/><W26/><G26/><T100/><D100/><U130/><E130/><V135/><F119/><W11/><G11/><RYUUKYOKU ba="0,0" sc="262,15,233,-15,166,-15,339,15" hai0="12,14,15,45,52,56,58" hai3="21,22,49,50,63,65,69" /><INIT seed="4,1,0,0,4,14" ten="277,218,151,354" oya="0" hai0="123,28,63,52,36,108,97,0,10,37,122,105,21" hai1="9,75,82,125,88,84,66,93,20,83,98,13,35" hai2="45,30,112,26,23,118,60,56,126,113,50,51,134" hai3="86,49,69,102,115,40,33,133,92,72,39,106,127"/><T4/><D108/><U90/><E35/><V12/><F126/><W114/><G33/><T116/><D116/><U121/><E121/><V27/><F118/><W103/><G69/><T89/><D123/><U31/><E66/><V22/><F12/><W2/><G39/><T16/><D28/><U43/><E43/><V79/><F134/><W34/><G34/><T5/><D5/><U96/><E125/><V130/><F79/><W15/><G2/><T8/><D8/><U48/><E48/><V73/><F73/><W120/><G72/><T132/><D122/><U94/><E75/><V95/><F130/><W101/><G120/><T128/><D128/><U107/><E107/><V65/><F95/><W61/><G61/><T55/><D132/><U78/><E82/><V6/><F6/><W70/><G70/><T91/><D105/><U17/><E31/><V18/><REACH who="2" step="1"/><F50/><REACH who="2" ten="277,218,141,354" step="2"/><W117/><G15/><T67/><D37/><U44/><E44/><V76/><F76/><W54/><G117/><T80/><D36/><U46/><E46/><V47/><F47/><W77/><G127/><T57/><D80/><U32/><E32/><V7/><F7/><W41/><G133/><T24/><REACH who="0" step="1"/><D91/><REACH who="0" ten="267,218,141,354" step="2"/><U29/><REACH who="1" step="1"/><E29/><REACH who="1" ten="267,208,141,354" step="2"/><V74/><F74/><W64/><G106/><T25/><D25/><U109/><E109/><V3/><F3/><W99/><G102/><T59/><D59/><U100/><E100/><V85/><F85/><W1/><G101/><T42/><D42/><AGARI ba="1,3" hai="18,22,23,26,27,30,42,45,51,56,60,65,112,113" machi="42" ten="40,2600,0" yaku="1,1,52,1,53,0" doraHai="14" doraHaiUra="129" who="2" fromWho="0" sc="267,-29,208,0,141,59,354,0" /><INIT seed="5,0,0,1,1,74" ten="238,208,200,354" oya="1" hai0="23,70,112,123,18,66,34,84,99,26,30,24,27" hai1="9,122,41,107,55,78,113,29,67,88,75,44,121" hai2="83,49,3,109,51,81,101,6,91,21,100,36,40" hai3="135,131,53,106,119,58,25,48,77,92,87,79,133"/><U64/><E107/><V130/><F109/><W124/><G106/><T126/><D112/><U20/><E113/><V14/><F3/><W134/><G124/><T17/><D126/><U82/><E9/><N who="2" m="4407" /><F36/><W128/><G119/><T114/><D114/><U39/><E122/><V60/><F130/><N who="3" m="49707" /><G25/><T76/><D123/><U46/><E121/><V45/><F60/><W61/><G61/><T73/><D73/><U2/><E2/><V16/><F51/><W118/><G118/><T132/><D132/><U85/><E55/><V129/><F129/><W116/><G116/><T12/><D70/><U65/><E46/><V13/><F91/><AGARI ba="0,0" hai="48,53,58,77,79,87,91,92,133,134,135" m="49707" machi="91" ten="40,8000,1" yaku="20,1,19,1,52,2" doraHai="74" who="3" fromWho="2" sc="238,0,208,0,200,-80,354,80" /><INIT seed="6,0,0,0,5,106" ten="238,208,120,434" oya="2" hai0="8,20,111,16,94,11,130,120,119,78,42,68,132" hai1="7,51,86,90,13,18,64,109,10,83,110,35,91" hai2="12,9,72,108,135,79,61,127,50,21,95,59,70" hai3="63,124,71,2,15,126,129,0,123,45,14,28,67"/><V107/><F107/><W43/><G123/><T88/><D111/><U102/><E102/><V1/><F108/><W100/><G129/><T116/><D120/><U53/><E35/><V96/><F70/><W73/><G73/><T36/><D68/><U37/><E37/><V81/><F1/><N who="3" m="619" /><G28/><T57/><D78/><U25/><E64/><V24/><F135/><W77/><G77/><T17/><D57/><U39/><E39/><V44/><F127/><N who="3" m="48683" /><G100/><T74/><D74/><U113/><E113/><V54/><F12/><W58/><G58/><T69/><D69/><U133/><E133/><V97/><F9/><W41/><G41/><T117/><D130/><U46/><E91/><V80/><F80/><W31/><G31/><T122/><D122/><U5/><E5/><V34/><F34/><W48/><AGARI ba="0,0" hai="14,15,43,45,48,63,67,71" m="48683,619" machi="48" ten="30,1100,0" yaku="18,1" doraHai="106" who="3" fromWho="3" sc="238,-3,208,-3,120,-5,434,11" /><INIT seed="7,0,0,5,0,33" ten="235,205,115,445" oya="3" hai0="64,70,37,93,95,6,77,12,19,65,105,135,117" hai1="41,48,43,101,9,102,104,17,71,38,57,72,10" hai2="27,108,129,73,96,35,14,55,107,118,127,119,91" hai3="56,75,63,5,106,59,11,123,99,122,3,80,31"/><W0/><G5/><T103/><D117/><U87/><E72/><V50/><F108/><W133/><G11/><T42/><D135/><U85/><E38/><V111/><F111/><W23/><G3/><T7/><D105/><U25/><E104/><V20/><F127/><W46/><G0/><T116/><D70/><U124/><E71/><V128/><F73/><W134/><G56/><T90/><D42/><U21/><E57/><V13/><F107/><W120/><G23/><T97/><D77/><U83/><E48/><V67/><F67/><N who="0" m="25674" /><D116/><N who="2" m="44586" /><F96/><W53/><G31/><T94/><D37/><U2/><E2/><V66/><F66/><W61/><G61/><T132/><D132/><U52/><E83/><V89/><F55/><W47/><G53/><T30/><D30/><U1/><E1/><V100/><F100/><W26/><G75/><T51/><D95/><U76/><E52/><V44/><F44/><W34/><G47/><T126/><D126/><U36/><E36/><V8/><F50/><W16/><G46/><T115/><D51/><U82/><E82/><V131/><F35/><W29/><G34/><T32/><D32/><U78/><E124/><V18/><F91/><W98/><G106/><T109/><D109/><U40/><E40/><V84/><F89/><W130/><G133/><T125/><D125/><U88/><E88/><V86/><F86/><W113/><G134/><T45/><D45/><U81/><E81/><V112/><F84/><W49/><G122/><T74/><D74/><U28/><E28/><N who="2" m="17511" /><F14/><W92/><G120/><T62/><D90/><U54/><E54/><RYUUKYOKU ba="0,0" sc="235,-10,205,-10,115,30,445,-10" hai2="8,13,18,112,128,129,131" owari="225,3.0,195,-20.0,145,-35.0,435,52.0" /></mjloggm>