<mjloggm ver="2.3"><GO type="41" lobby="0"/><UN n0="%42%49%47%59" n1="%E2%93%9D%53%75%70%68%78" n2="%E3%83%81%E3%83%A3%E3%83%83%E3%83%88%E3%83%A2%E3%83%B3%E3%82%AD%E3%83%BC" n3="%52%E3%83%A1%E3%83%83%E3%82%BB" dan="14,17,13,13" rate="1913.25,2101.19,1873.19,1899.08" sx="M,M,M,M"/><TAIKYOKU oya="0"/><INIT seed="0,0,0,5,2,95" ten="250,250,250,250" oya="0" hai0="132,33,119,39,125,120,97,40,45,102,75,41,49" hai1="72,62,117,112,44,134,78,18,46,5,124,114,24" hai2="22,55,47,68,91,43,81,56,34,73,27,20,32" hai3="58,121,23,106,92,118,42,85,87,48,113,28,116"/><T54/><D75/><U107/><E117/><V93/><F68/><W30/><G113/><N who="1" m="43626" /><E5/><V19/><F81/><W74/><G74/><T82/><D119/><U131/><E107/><V17/><F73/><W2/><G42/><T101/><D125/><U4/><E4/><V57/><F55/><W76/><G48/><T3/><D132/><U51/><E131/><V26/><F56/><W130/><G58/><T50/><D3/><U37/><E37/><V12/><F12/><W83/><G92/><T7/><D7/><U111/><E111/><V6/><F57/><W98/><G83/><T109/><D33/><U29/><E18/><V31/><F6/><W59/><G59/><T21/><D120/><U35/><E134/><V9/><F9/><W0/><G130/><T123/><D123/><U96/><E62/><V103/><F103/><W100/><G100/><T80/><D39/><U13/><E13/><V69/><F69/><W11/><G121/><T66/><D66/><U108/><E124/><V1/><F1/><W127/><G127/><T115/><D115/><U99/><E108/><V128/><F31/><W79/><G106/><T110/><D21/><U16/><E16/><V133/><F133/><W70/><G23/><T71/><D71/><U38/><E38/><V65/><F65/><W61/><G70/><T86/><D54/><N who="1" m="30071" /><E44/><V53/><F53/><W64/><G64/><T77/><D45/><U25/><E25/><V60/><F60/><W36/><G36/><T126/><D126/><U89/><E89/><V10/><F128/><W15/><G116/><T94/><D110/><RYUUKYOKU ba="0,0" sc="250,-10,250,30,250,-10,250,-10" hai1="24,29,35,72,78,96,99" /><INIT seed="1,1,0,0,1,16" ten="240,280,240,240" oya="1" hai0="134,109,29,99,40,126,122,67,112,56,93,123,9" hai1="51,102,75,91,80,76,11,44,33,5,15,90,68" hai2="60,131,96,23,18,89,79,115,39,53,64,25,78" hai3="37,135,86,124,119,41,17,47,30,28,94,1,130"/><U116/><E116/><V49/><F39/><W34/><G130/><T36/><D112/><U62/><E33/><V132/><F132/><W98/><G135/><T111/><D134/><U106/><E106/><V110/><F110/><N who="0" m="41994" /><D9/><U26/><E102/><V43/><F43/><W103/><G124/><T85/><D85/><U0/><E0/><V2/><F2/><W70/><G70/><T72/><D72/><U73/><E73/><V105/><F131/><W107/><G34/><T19/><D29/><U42/><REACH who="1" step="1"/><E26/><REACH who="1" ten="240,270,240,240" step="2"/><V95/><F105/><W6/><G119/><T77/><D126/><U13/><E13/><V27/><F27/><W50/><G1/><T83/><D123/><U120/><E120/><V125/><F125/><W58/><G107/><T101/><D122/><U32/><E32/><V88/><F115/><W114/><G103/><T87/><D101/><U21/><E21/><V92/><F25/><W35/><G35/><T127/><D127/><U100/><E100/><V133/><F23/><W84/><G114/><T54/><D99/><U12/><E12/><V121/><F121/><W20/><G30/><T38/><D87/><U74/><E74/><V69/><F133/><W113/><G28/><T7/><D7/><U59/><E59/><V24/><F24/><W71/><G58/><T128/><D128/><U129/><E129/><V46/><REACH who="2" step="1"/><F18/><REACH who="2" ten="240,270,230,240" step="2"/><W3/><G17/><T52/><D19/><U63/><E63/><V10/><F10/><W8/><G20/><T22/><D22/><U118/><E118/><V61/><F61/><W14/><G113/><T57/><D67/><AGARI ba="1,2" hai="5,11,15,42,44,51,62,67,68,75,76,80,90,91" machi="67" ten="40,7700,0" yaku="1,1,6,1,53,1" doraHai="16" doraHaiUra="104" who="1" fromWho="0" sc="240,-80,270,100,230,0,240,0" /><INIT seed="1,2,0,1,4,20" ten="160,370,230,240" oya="1" hai0="29,74,110,111,44,118,65,88,50,67,131,93,120" hai1="105,54,37,38,116,47,126,79,103,40,75,8,1" hai2="135,101,61,95,119,45,16,35,89,31,125,90,122" hai3="107,86,106,109,23,132,7,91,18,127,102,28,117"/><U70/><E54/><V73/><F119/><W9/><G109/><N who="0" m="41483" /><D74/><U17/><E17/><V108/><F122/><W128/><G132/><T83/><D118/><U113/><E116/><V0/><F0/><W15/><G127/><T26/><D120/><U97/><E126/><V82/><F125/><W6/><G128/><T4/><D4/><N who="1" m="1039" /><E113/><V48/><F101/><W94/><G117/><T99/><D83/><N who="1" m="45567" /><E37/><V52/><F135/><W42/><G42/><N who="0" m="24855" /><D131/><U76/><E76/><V134/><F134/><W100/><G102/><T121/><D121/><U56/><E56/><V77/><F108/><W58/><G58/><T63/><D63/><U43/><E43/><V39/><F61/><W49/><G49/><T81/><D81/><U55/><E55/><V27/><F39/><W80/><G106/><T66/><D66/><U46/><E46/><V85/><F73/><W11/><G107/><T19/><D19/><U69/><AGARI ba="2,0" hai="38,40,47,69,70,97,103,105" m="45567,1039" machi="69" ten="30,6000,0" yaku="25,1,33,2" doraHai="20" who="1" fromWho="1" sc="160,-22,370,66,230,-22,240,-22" /><INIT seed="1,3,0,4,0,16" ten="138,436,208,218" oya="1" hai0="5,95,57,68,10,96,125,86,71,29,18,30,92" hai1="39,127,80,28,44,133,41,64,128,62,97,78,124" hai2="1,55,46,79,35,13,33,60,73,9,75,77,49" hai3="101,82,76,45,83,54,84,17,23,85,115,37,52"/><U24/><E97/><V47/><F1/><W72/><G115/><T43/><D125/><U21/><E128/><V8/><F13/><W4/><G4/><T103/><D43/><U131/><E131/><V88/><F60/><W25/><G101/><T94/><D57/><U107/><E133/><V0/><F49/><W20/><G37/><T61/><D18/><U14/><E14/><V98/><F98/><W114/><G114/><T126/><D126/><U108/><E108/><V87/><F87/><W109/><G72/><T38/><D38/><U42/><E42/><V56/><F0/><W90/><G45/><T12/><D71/><U129/><E107/><V119/><F56/><W118/><G118/><T26/><D30/><U121/><E121/><V70/><F55/><W15/><G109/><T113/><D113/><U135/><E135/><V63/><F63/><W67/><G67/><T50/><D50/><U48/><E129/><V65/><F65/><W106/><G106/><T58/><D68/><U89/><E89/><V111/><F70/><W36/><G36/><T40/><D86/><U66/><E39/><V2/><F2/><W105/><G105/><T32/><REACH who="0" step="1"/><D40/><REACH who="0" ten="128,436,208,218" step="2"/><U27/><E127/><V99/><F111/><W7/><G7/><T91/><D91/><U81/><E124/><V123/><F88/><W11/><G11/><T117/><D117/><U22/><E62/><V74/><F74/><W116/><G116/><T3/><D3/><U102/><E41/><V51/><F119/><W104/><G104/><T132/><D132/><U19/><E48/><V130/><F51/><RYUUKYOKU ba="3,1" sc="128,15,436,-15,208,-15,218,15" hai0="5,10,12,26,29,32,58,61,92,94,95,96,103" hai3="15,17,20,23,25,52,54,76,82,83,84,85,90" /><INIT seed="2,4,1,0,1,119" ten="143,421,193,233" oya="2" hai0="113,71,42,1,122,87,38,105,88,121,44,76,112" hai1="65,4,48,16,39,75,0,126,103,2,35,124,99" hai2="101,118,47,68,43,129,77,123,66,102,50,20,100" hai3="36,31,19,52,18,125,53,37,49,104,110,74,96"/><V22/><F118/><W131/><G110/><T34/><D76/><U23/><E39/><V63/><F129/><W78/><G131/><T109/><D105/><U111/><E35/><V70/><F70/><W30/><G125/><N who="1" m="48234" /><E4/><V62/><F77/><W33/><G36/><T84/><D34/><U134/><E134/><V69/><REACH who="2" step="1"/><F123/><REACH who="2" ten="143,421,183,233" step="2"/><W60/><G78/><T40/><D71/><U130/><E130/><V14/><F14/><W27/><G74/><T83/><D1/><U114/><E75/><V29/><F29/><W11/><G31/><T24/><D24/><U41/><E0/><V12/><F12/><W72/><G72/><T6/><D109/><U115/><E2/><V58/><F58/><W55/><G30/><T25/><D25/><U3/><E3/><V61/><F61/><W86/><G27/><T81/><D6/><U120/><E120/><V32/><F32/><W26/><G26/><T59/><D59/><U97/><E111/><V133/><F133/><W85/><G60/><T95/><D113/><U117/><E117/><V7/><F7/><W56/><G18/><T92/><D112/><U127/><E127/><V93/><F93/><W45/><G19/><T98/><D95/><U106/><E114/><V82/><F82/><W128/><G33/><T80/><D122/><U8/><E115/><V10/><F10/><W15/><G11/><T21/><D121/><U132/><E8/><V54/><F54/><W90/><G15/><T46/><REACH who="0" step="1"/><D21/><REACH who="0" ten="133,421,183,233" step="2"/><U67/><E23/><V73/><F73/><W5/><G128/><T94/><D94/><U51/><E132/><RYUUKYOKU ba="4,3" sc="133,15,421,-15,183,15,233,-15" hai0="38,40,42,44,46,80,81,83,84,87,88,92,98" hai2="20,22,43,47,50,62,63,66,68,69,100,101,102" /><INIT seed="2,5,3,1,1,124" ten="148,406,198,218" oya="2" hai0="72,34,11,80,82,100,9,61,40,42,115,99,113" hai1="118,119,43,8,109,58,21,10,36,3,78,132,67" hai2="68,86,28,22,41,107,63,93,33,6,2,20,79" hai3="110,17,30,69,5,71,49,116,31,94,127,103,76"/><V131/><F107/><W60/><G116/><T135/><D34/><U66/><E78/><V46/><F33/><W35/><G127/><T106/><D135/><U44/><E132/><V89/><F28/><W129/><G5/><T55/><D72/><U24/><E109/><V85/><F63/><W47/><G110/><T87/><D61/><U62/><E67/><V114/><F68/><W54/><G76/><T98/><D55/><U27/><E27/><V52/><F114/><W117/><G117/><T112/><D98/><U57/><E57/><V73/><F52/><W126/><G126/><T120/><D120/><U111/><E111/><V56/><F56/><W50/><G35/><T53/><D53/><U90/><E3/><V19/><F19/><W48/><G48/><T4/><D11/><U59/><E59/><V12/><F2/><W122/><G50/><T23/><D23/><U75/><E118/><V134/><F73/><W70/><G60/><T123/><D123/><U105/><E75/><V92/><F134/><W91/><G122/><T95/><D106/><U133/><E105/><V77/><F22/><W39/><G71/><T51/><D51/><U81/><E119/><V121/><F121/><W38/><G69/><T7/><D7/><U84/><E133/><V13/><F6/><W130/><G103/><T26/><D26/><U1/><E1/><V88/><F20/><W64/><G64/><T14/><REACH who="0" step="1"/><D82/><REACH who="0" ten="138,406,198,218" step="2"/><U128/><E21/><V32/><F32/><W96/><G54/><T37/><D37/><U18/><E24/><V16/><F46/><W108/><G39/><RYUUKYOKU ba="5,4" sc="138,30,406,-10,198,-10,218,-10" hai0="4,9,14,40,42,80,87,95,99,100,112,113,115" /><INIT seed="3,6,4,0,2,47" ten="168,396,188,208" oya="3" hai0="110,90,74,43,0,82,53,64,109,129,25,86,35" hai1="123,23,125,54,36,132,62,20,56,96,16,65,113" hai2="84,29,119,122,22,49,10,91,103,37,115,128,116" hai3="52,14,12,94,135,39,33,117,21,34,85,11,9"/><W89/><G117/><T114/><D0/><U76/><E113/><V31/><F37/><W58/><G39/><T105/><D105/><U118/><E123/><V70/><F115/><W61/><G135/><T127/><D114/><U126/><E132/><V81/><F70/><W63/><G21/><T72/><D43/><U50/><E36/><V88/><F122/><W19/><G63/><T77/><D64/><U6/><E6/><AGARI ba="6,4" hai="6,9,11,12,14,19,33,34,52,58,61,85,89,94" machi="6" ten="30,2900,0" yaku="7,1,54,1" doraHai="47" who="3" fromWho="1" sc="168,0,396,-47,188,0,208,87" /><INIT seed="3,7,0,0,2,33" ten="168,349,188,295" oya="3" hai0="123,77,53,29,39,131,87,66,4,63,23,62,15" hai1="102,59,85,36,132,74,91,46,124,24,104,115,21" hai2="51,76,64,119,22,27,19,44,69,99,50,86,95" hai3="57,7,93,81,94,42,20,61,100,45,68,106,5"/><W2/><G68/><T75/><D75/><U12/><E115/><V135/><F135/><W134/><G134/><T105/><D39/><U112/><E74/><V11/><F119/><W10/><G5/><T52/><D105/><U25/><E124/><V13/><F64/><W71/><G71/><T90/><D77/><U70/><E102/><V58/><F58/><W92/><G106/><T6/><D123/><U43/><E112/><V67/><F67/><W9/><G10/><T133/><D131/><U55/><E104/><V18/><F69/><W84/><G20/><T32/><D32/><U108/><E108/><V16/><F19/><W30/><G30/><T127/><D127/><U109/><E109/><V78/><F86/><W101/><G57/><N who="0" m="37199" /><D133/><U111/><E111/><V89/><REACH who="2" step="1"/><F50/><REACH who="2" ten="168,349,178,295" step="2"/><W103/><G61/><T98/><D63/><U49/><E70/><V1/><F1/><W3/><G3/><T72/><D72/><U82/><E132/><V47/><F47/><W60/><G60/><T83/><D98/><U0/><E0/><V97/><F97/><W8/><G8/><N who="0" m="4487" /><D6/><U37/><E37/><V56/><F56/><W80/><REACH who="3" step="1"/><G84/><REACH who="3" ten="168,349,178,285" step="2"/><T28/><D28/><U120/><E85/><V114/><F114/><W122/><G122/><T34/><D34/><U121/><E120/><V31/><F31/><W48/><AGARI ba="7,2" hai="2,7,9,42,45,48,80,81,92,93,94,100,101,103" machi="48" ten="30,6000,0" yaku="1,1,0,1,52,1,53,0" doraHai="33" doraHaiUra="118" who="3" fromWho="3" sc="168,-27,349,-27,178,-27,285,101" /><INIT seed="3,8,0,4,2,66" ten="141,322,151,386" oya="3" hai0="107,23,11,124,110,125,40,58,65,28,42,109,3" hai1="70,100,5,53,80,41,103,36,30,104,133,24,1" hai2="118,101,112,62,33,12,84,93,128,69,87,27,39" hai3="35,115,90,71,74,49,120,47,129,123,55,97,50"/><W20/><G35/><T98/><D107/><U99/><E100/><V132/><F12/><W111/><G115/><T64/><D98/><U92/><E53/><V2/><F101/><W78/><G129/><T51/><D3/><U19/><E19/><V31/><F93/><W25/><G111/><N who="0" m="42507" /><D11/><U89/><E133/><V13/><F13/><W56/><G78/><T96/><D96/><U72/><E5/><V16/><F16/><W63/><G74/><T106/><D106/><U67/><E1/><V54/><F54/><W8/><G8/><T134/><D28/><U76/><E41/><N who="0" m="15977" /><D23/><U122/><E36/><V34/><F39/><W102/><G90/><T77/><D77/><U52/><E89/><V119/><F2/><W59/><G50/><T0/><D134/><U121/><E104/><V91/><F132/><W113/><G113/><T83/><D83/><U4/><E4/><V18/><F112/><W14/><G14/><T114/><D0/><U82/><E80/><V57/><F118/><W79/><G79/><T85/><D85/><U130/><E82/><V46/><F84/><W116/><G116/><T48/><D114/><U32/><E76/><V61/><F31/><N who="3" m="17831" /><G120/><T29/><D29/><U68/><E122/><V108/><F108/><W44/><G44/><T45/><D45/><U9/><E121/><V75/><F46/><W81/><G81/><T15/><D15/><U17/><E30/><V86/><F75/><W105/><G123/><T6/><D6/><U131/><E72/><V95/><F119/><W126/><G126/><N who="0" m="48747" /><D51/><U94/><E9/><V127/><F127/><RYUUKYOKU ba="8,0" sc="141,15,322,-15,151,-15,386,15" hai0="48,58,64,65" hai3="47,49,55,56,59,63,71,97,102,105" /><INIT seed="3,9,0,1,0,50" ten="156,307,136,401" oya="3" hai0="69,9,63,102,80,68,38,60,2,56,7,120,129" hai1="76,11,23,89,87,64,92,37,118,106,15,51,127" hai2="71,25,5,95,4,122,115,104,78,128,101,100,135" hai3="47,75,114,39,22,53,99,117,8,74,43,121,83"/><W27/><G114/><T131/><D120/><U36/><E106/><V45/><F71/><W113/><G113/><T125/><D38/><U13/><E127/><V132/><F25/><W134/><G134/><T67/><D125/><U58/><E118/><V91/><F45/><W6/><G117/><T130/><D102/><U29/><E76/><V124/><F115/><W61/><G99/><T85/><REACH who="0" step="1"/><D63/><REACH who="0" ten="146,307,136,401" step="2"/><U3/><E37/><V86/><F124/><W110/><G61/><T1/><D1/><U119/><E3/><V52/><F101/><W35/><G121/><T90/><AGARI ba="9,1" hai="2,7,9,56,60,67,68,69,80,85,90,129,130,131" machi="90" ten="30,7900,0" yaku="1,1,0,1,19,1,53,1" doraHai="50" doraHaiUra="34" who="0" fromWho="0" sc="146,116,307,-29,136,-29,401,-48" /><INIT seed="4,0,0,2,4,52" ten="262,278,107,353" oya="0" hai0="29,103,40,3,48,15,35,19,99,114,94,11,51" hai1="25,82,73,113,62,59,43,105,53,26,115,126,24" hai2="118,106,119,58,71,56,27,79,89,67,76,34,133" hai3="112,104,41,69,96,38,92,90,101,124,47,28,123"/><T20/><D114/><N who="1" m="43531" /><E105/><V127/><F106/><W44/><G112/><T66/><D40/><U80/><E126/><V128/><F127/><W57/><G124/><T2/><D2/><U74/><E43/><V16/><F133/><W36/><G69/><T54/><D66/><U91/><E91/><V60/><F128/><W55/><G44/><T13/><D13/><U86/><E86/><V95/><F76/><W9/><G28/><T117/><D117/><N who="2" m="44554" /><F79/><W39/><G9/><T23/><D23/><U97/><E97/><N who="2" m="57583" /><F34/><W93/><G123/><T7/><REACH who="0" step="1"/><D54/><REACH who="0" ten="252,278,107,353" step="2"/><U37/><E37/><V125/><F125/><W6/><G6/><T81/><D81/><AGARI ba="0,1" hai="24,25,26,53,59,62,73,74,80,81,82" m="43531" machi="81" ten="30,3900,0" yaku="15,1,11,1,52,1" doraHai="52" who="1" fromWho="0" sc="252,-39,278,49,107,0,353,0" /><INIT seed="5,0,0,2,5,129" ten="213,327,107,353" oya="1" hai0="118,135,94,46,116,16,45,120,76,88,87,7,22" hai1="130,23,72,95,55,52,47,8,127,74,11,20,12" hai2="97,104,106,93,134,113,61,29,100,85,62,110,19" hai3="108,66,133,89,96,3,112,13,53,14,17,121,43"/><U25/><E130/><V5/><F5/><W122/><G3/><T81/><D135/><U128/><E128/><V39/><F39/><W80/><G108/><T48/><D120/><U18/><E127/><V109/><F19/><W58/><G43/><T69/><D69/><U125/><E125/><V105/><F29/><W2/><G2/><T44/><D7/><U84/><E72/><V1/><F1/><W114/><G14/><T102/><D102/><U50/><E74/><V37/><F37/><W60/><G133/><T132/><D132/><U54/><E95/><V117/><F134/><W10/><G66/><T75/><REACH who="0" step="1"/><D48/><REACH who="0" ten="203,327,107,353" step="2"/><U90/><E8/><V31/><F110/><W26/><G121/><T68/><D68/><U9/><E9/><V32/><F109/><W49/><G122/><T73/><D73/><U21/><E25/><AGARI ba="0,1" hai="16,22,25,44,45,46,75,76,81,87,88,94,116,118" machi="25" ten="40,8000,1" yaku="1,1,54,2,53,1" doraHai="129" doraHaiUra="91" who="0" fromWho="1" sc="203,90,327,-80,107,0,353,0" /><INIT seed="6,0,0,0,0,92" ten="293,247,107,353" oya="2" hai0="127,111,61,58,98,69,106,27,12,31,124,22,59" hai1="14,28,18,73,131,24,122,35,54,84,118,83,112" hai2="8,48,133,20,104,91,81,15,66,26,113,134,130" hai3="41,36,21,3,88,46,77,55,101,51,86,70,10"/><V110/><F104/><W85/><G70/><T121/><D111/><U108/><E118/><V2/><F2/><W6/><G101/><T132/><D121/><U34/><E108/><V72/><F110/><W107/><G107/><T47/><D132/><N who="2" m="50794" /><F66/><W80/><G21/><T100/><D47/><U116/><E73/><V129/><F48/><W119/><G119/><T0/><D0/><U33/><E112/><V125/><F113/><W82/><REACH who="3" step="1"/><G55/><REACH who="3" ten="293,247,107,343" step="2"/><T13/><D69/><U103/><E54/><V126/><F20/><W56/><G56/><T128/><D59/><U123/><E116/><V89/><F26/><W25/><G25/><T105/><D105/><U60/><E122/><V9/><F8/><W97/><G97/><T96/><D96/><U11/><E123/><V87/><F72/><W16/><G16/><T71/><D71/><U29/><E24/><V37/><F37/><AGARI ba="0,1" hai="3,6,10,36,37,41,46,51,77,80,82,85,86,88" machi="37" ten="40,2600,0" yaku="1,1,54,1,53,0" doraHai="92" doraHaiUra="17" who="3" fromWho="2" sc="293,0,247,0,107,-26,343,36" /><INIT seed="7,0,0,3,4,70" ten="293,247,81,379" oya="3" hai0="108,20,14,7,26,29,35,43,24,16,51,68,134" hai1="121,0,65,112,18,47,131,126,2,111,59,105,36" hai2="109,40,79,9,60,96,127,28,124,97,23,38,13" hai3="125,101,91,48,66,58,123,92,54,102,118,95,80"/><W37/><G118/><T113/><D68/><U107/><E18/><V99/><F109/><W22/><G123/><T62/><D62/><U117/><E59/><V106/><F79/><W3/><G37/><T19/><D43/><U27/><E27/><V42/><F106/><W12/><G3/><T56/><D51/><U5/><E65/><V52/><F23/><W67/><G80/><T39/><D39/><U77/><E77/><V94/><F28/><W87/><G125/><T71/><D71/><U93/><E93/><V21/><F94/><W132/><G132/><T78/><D134/><U88/><E5/><V46/><F21/><W50/><G48/><T81/><D108/><U135/><E135/><V100/><F100/><W64/><G92/><T49/><D113/><U116/><E111/><V72/><F72/><W75/><G75/><T83/><D78/><U17/><E112/><V53/><F40/><W41/><G41/><T63/><D49/><U85/><E126/><V120/><F120/><W15/><G15/><T44/><D44/><U32/><E47/><V84/><F84/><W103/><G103/><T25/><D7/><U11/><E121/><V8/><F13/><W122/><G122/><T55/><REACH who="0" step="1"/><D25/><REACH who="0" ten="283,247,81,379" step="2"/><U33/><E36/><V119/><F119/><W10/><G64/><T30/><D30/><U82/><E117/><V4/><F4/><N who="3" m="3143" /><G66/><T133/><D133/><U128/><E116/><V115/><F115/><W74/><G67/><T45/><D45/><U114/><E114/><V69/><F69/><W1/><G50/><T98/><D98/><U34/><E0/><RYUUKYOKU ba="0,1" sc="283,30,247,-10,81,-10,379,-10" hai0="14,16,19,20,24,26,29,35,55,56,63,81,83" owari="313,11.0,237,-16.0,71,-43.0,379,48.0" /></mjloggm>