<mjloggm ver="2.3"><GO type="41" lobby="0"/><UN n0="%4A%4A%53" n1="%E6%9D%B1%E9%A2%A8%E5%90%B9%E3%81%8B%E3%81%B0" n2="%E2%93%9D%53%75%70%68%78" n3="%E3%81%BB%E3%81%B0%E3%81%A6%E3%81%83" dan="14,13,17,15" rate="1975.49,1880.72,2029.36,1999.82" sx="M,M,M,M"/><TAIKYOKU oya="0"/><INIT seed="0,0,0,3,0,133" ten="250,250,250,250" oya="0" hai0="113,11,8,45,99,10,60,89,29,103,101,78,16" hai1="107,49,22,53,14,44,64,25,57,125,35,20,46" hai2="128,4,134,84,73,85,1,97,75,81,132,24,17" hai3="118,80,90,76,51,126,109,66,39,23,114,106,95"/><T63/><D29/><U21/><E107/><V61/><F4/><W59/><G39/><T131/><D113/><U41/><E14/><V108/><F1/><W12/><G106/><T27/><D78/><U15/><E15/><V129/><F61/><N who="0" m="23626" /><D45/><U42/><E64/><V3/><F17/><W55/><G66/><T6/><D6/><U38/><E35/><V130/><F24/><W96/><G114/><T94/><D131/><U92/><E92/><V50/><F50/><W98/><G118/><T37/><D37/><U0/><E0/><V19/><F19/><W77/><G77/><T71/><D71/><U34/><E34/><V56/><F56/><W91/><G109/><T26/><D26/><U5/><E5/><V52/><F108/><W121/><G121/><T110/><D110/><U79/><E79/><V68/><F3/><W93/><G12/><T86/><D86/><U115/><E115/><V65/><F68/><W105/><G23/><AGARI ba="0,0" hai="8,10,11,16,23,27,89,94,99,101,103" m="23626" machi="23" ten="30,2900,0" yaku="8,1,54,1" doraHai="133" who="0" fromWho="3" sc="250,29,250,0,250,0,250,-29" /><INIT seed="0,1,0,0,3,29" ten="279,250,250,221" oya="0" hai0="134,27,91,51,9,47,115,38,69,111,6,71,5" hai1="132,126,54,19,13,31,39,75,135,92,117,2,93" hai2="3,106,43,20,10,50,32,65,102,46,94,86,85" hai3="0,82,89,116,64,62,76,17,79,53,118,60,77"/><T30/><D115/><U63/><E75/><V72/><F72/><W28/><G0/><T67/><D134/><U55/><E39/><V122/><F106/><W97/><G28/><T45/><D5/><U33/><E2/><V103/><F122/><W83/><G17/><T7/><D7/><U124/><E117/><V34/><F65/><W1/><G1/><T58/><D45/><U131/><E31/><V25/><F10/><W128/><G128/><T35/><D38/><U110/><E110/><V98/><F103/><W107/><G53/><T56/><D56/><U68/><E68/><V37/><F37/><W57/><G62/><T125/><D125/><U11/><E63/><V22/><F22/><W127/><G127/><N who="1" m="48682" /><E33/><V21/><F21/><W129/><G129/><T95/><D58/><U100/><E100/><V88/><F3/><W84/><G107/><T4/><D67/><U36/><E36/><V42/><F42/><W49/><G97/><T61/><D61/><U112/><E131/><V66/><F66/><W121/><G49/><T18/><D71/><U99/><E112/><V15/><F15/><W8/><G121/><T113/><D69/><U114/><E114/><V26/><F26/><W80/><REACH who="3" step="1"/><G8/><REACH who="3" ten="279,250,250,211" step="2"/><T78/><D113/><U14/><E99/><V133/><F133/><N who="1" m="51273" /><E11/><V48/><F48/><W73/><G73/><T40/><D9/><U81/><E19/><N who="2" m="12447" /><F86/><W16/><G16/><T59/><D18/><U23/><E23/><V96/><F96/><W90/><G90/><T123/><D123/><U119/><E55/><V105/><F105/><W12/><G12/><RYUUKYOKU ba="1,1" sc="279,-15,250,-15,250,15,211,15" hai2="32,34,43,46,50,85,88,94,98,102" hai3="57,60,64,76,77,79,80,82,83,84,89,116,118" /><INIT seed="1,2,1,5,4,8" ten="264,235,265,226" oya="1" hai0="19,11,74,91,16,135,52,57,37,4,45,120,96" hai1="36,17,116,80,18,118,65,98,114,50,56,124,22" hai2="41,119,44,97,132,27,105,7,102,108,49,117,110" hai3="128,23,31,72,121,2,77,100,12,87,92,93,0"/><U38/><E114/><V40/><F7/><W58/><G121/><T42/><D74/><U125/><E98/><V131/><F131/><W104/><G128/><T107/><D135/><U26/><E80/><V81/><F132/><W29/><G72/><T82/><D120/><U76/><E76/><V86/><F41/><W32/><G104/><T134/><D134/><U115/><E115/><V85/><F27/><W59/><G32/><T88/><D91/><U95/><E95/><V9/><F9/><W34/><G34/><T43/><D43/><U35/><E35/><V127/><F127/><N who="1" m="48713" /><E17/><V25/><F25/><W84/><G77/><T61/><D107/><U122/><E122/><V70/><F70/><W73/><G73/><T111/><D111/><N who="2" m="42538" /><F86/><W5/><G5/><T13/><REACH who="0" step="1"/><D96/><REACH who="0" ten="254,235,265,226" step="2"/><U99/><E99/><V3/><F3/><W103/><G23/><T53/><D53/><N who="1" m="31799" /><E65/><V30/><F30/><W101/><G101/><T109/><D109/><U47/><E47/><V126/><F126/><W51/><G51/><T130/><D130/><U64/><E64/><V112/><F112/><W133/><G133/><T94/><D94/><U62/><E62/><V68/><F105/><W83/><G83/><T89/><D89/><U10/><E38/><V33/><F102/><W6/><G100/><T129/><D129/><U66/><E66/><V79/><F97/><W63/><G103/><T75/><D75/><U90/><E90/><V28/><F79/><W46/><G93/><T106/><D106/><U24/><E36/><V67/><F81/><W55/><G92/><T60/><D60/><RYUUKYOKU ba="2,2" sc="254,30,235,-10,265,-10,226,-10" hai0="4,11,13,16,19,37,42,45,52,57,61,82,88" /><INIT seed="2,3,2,5,1,106" ten="284,225,255,216" oya="2" hai0="91,132,112,49,57,45,88,48,6,40,67,89,98" hai1="127,105,110,36,90,78,128,15,131,83,32,37,46" hai2="71,66,134,18,1,44,54,50,87,7,35,126,23" hai3="130,14,9,38,25,17,84,96,27,39,94,107,61"/><V133/><F35/><W16/><G130/><T100/><D132/><N who="2" m="50794" /><F126/><W64/><G107/><T116/><D112/><U125/><E32/><V104/><F104/><W22/><G84/><T3/><D116/><U74/><E46/><V85/><F7/><W4/><G25/><T19/><D3/><U11/><E105/><V121/><F1/><W109/><G109/><T33/><D6/><N who="1" m="3575" /><E90/><V82/><F121/><W24/><G24/><T135/><D33/><U29/><E29/><V70/><F66/><W101/><REACH who="3" step="1"/><G4/><REACH who="3" ten="284,225,255,206" step="2"/><T124/><D135/><U47/><E110/><V93/><F87/><W63/><G63/><T129/><D129/><N who="1" m="49739" /><E47/><V5/><F5/><W69/><AGARI ba="3,3" hai="9,14,16,17,22,27,38,39,61,64,69,94,96,101" machi="69" ten="20,5200,0" yaku="1,1,0,1,7,1,54,1,53,0" doraHai="106" doraHaiUra="114" who="3" fromWho="3" sc="284,-16,225,-16,255,-29,206,91" /><INIT seed="3,0,0,5,3,84" ten="268,209,226,297" oya="3" hai0="90,5,45,93,32,94,82,108,55,36,97,69,16" hai1="131,130,121,0,98,112,49,50,73,132,116,70,51" hai2="21,95,75,58,79,117,123,19,10,38,127,37,105" hai3="101,92,74,71,91,135,85,89,80,102,22,29,61"/><W34/><G34/><T63/><D32/><U65/><E0/><V35/><F105/><W7/><G71/><T6/><D108/><U3/><E3/><V125/><F35/><W20/><G61/><T48/><D36/><U109/><E73/><V30/><F117/><W4/><G74/><T88/><D82/><U107/><E107/><V77/><F30/><W25/><G22/><T99/><D69/><U120/><E98/><V57/><F10/><W9/><G135/><T18/><D63/><N who="1" m="40255" /><E112/><V53/><F123/><N who="1" m="47177" /><E132/><V46/><F75/><W128/><G128/><N who="1" m="49194" /><E109/><V122/><F122/><W15/><G4/><AGARI ba="0,0" hai="4,5,6,16,18,45,48,55,88,90,93,94,97,99" machi="4" ten="40,12000,2" yaku="9,1,8,1,52,2,54,2" doraHai="84" who="0" fromWho="3" sc="268,120,209,0,226,0,297,-120" /><INIT seed="4,0,0,4,1,117" ten="388,209,226,177" oya="0" hai0="0,64,32,58,38,116,2,49,66,130,93,60,20" hai1="89,84,36,43,75,23,128,132,114,55,56,41,111" hai2="104,34,7,88,3,35,63,29,72,25,79,16,85" hai3="108,133,73,106,14,9,30,81,59,40,42,17,51"/><T10/><D32/><U86/><E75/><V107/><F35/><W92/><G106/><T115/><D116/><U48/><E111/><V44/><F72/><W131/><G108/><T94/><D38/><U77/><E128/><V1/><F79/><W127/><G131/><T78/><D115/><U50/><E132/><V22/><F63/><W70/><G70/><T126/><D126/><U120/><E120/><V13/><F44/><W113/><G113/><T74/><D0/><U46/><E114/><V123/><F123/><W82/><G133/><T24/><D66/><U102/><E102/><V67/><F67/><W129/><G129/><T37/><D37/><U87/><E77/><V4/><F3/><W5/><G127/><T91/><D94/><U52/><E36/><V100/><F100/><W103/><G30/><T96/><D78/><U53/><E23/><V31/><F31/><W98/><G5/><T8/><D2/><U27/><E27/><V80/><REACH who="2" step="1"/><F7/><REACH who="2" ten="388,209,216,177" step="2"/><W71/><G73/><T134/><D74/><U110/><E110/><V105/><F105/><W19/><G19/><T90/><D130/><U95/><REACH who="1" step="1"/><E55/><REACH who="1" ten="388,199,216,177" step="2"/><V101/><F101/><W33/><G33/><T135/><D134/><U45/><E45/><V11/><AGARI ba="0,2" hai="1,4,11,13,16,22,25,29,34,80,85,88,104,107" machi="11" ten="30,12000,2" yaku="1,1,0,1,24,2,54,2,53,0" doraHai="117" doraHaiUra="47" who="2" fromWho="2" sc="388,-60,199,-30,216,140,177,-30" /><INIT seed="5,0,0,4,3,110" ten="328,169,356,147" oya="1" hai0="41,103,47,75,133,86,108,126,76,114,61,51,119" hai1="34,58,18,8,35,29,130,113,42,117,28,64,12" hai2="26,118,2,63,19,134,0,101,9,67,30,15,25" hai3="5,31,90,22,122,100,14,124,98,13,50,132,60"/><U96/><E117/><V59/><F134/><W53/><G122/><T16/><D108/><U24/><E130/><V3/><F118/><W33/><G124/><T123/><D75/><U36/><E113/><V69/><F101/><W70/><G33/><T57/><D119/><U106/><E36/><V46/><F69/><W102/><G132/><T91/><D76/><U79/><E79/><V21/><F46/><W37/><G37/><T127/><D133/><U11/><E42/><V92/><F92/><N who="3" m="56599" /><G70/><T135/><D103/><N who="3" m="39465" /><G60/><T52/><D135/><U68/><E106/><V112/><F26/><N who="3" m="16855" /><G5/><T109/><D109/><U20/><E96/><V43/><F43/><W105/><G105/><T56/><D123/><U62/><E68/><V121/><F121/><W71/><G71/><T66/><D114/><U95/><E95/><V74/><F74/><W77/><G77/><T55/><D127/><U125/><E125/><V116/><F116/><W54/><G54/><T104/><D104/><U7/><E7/><V10/><REACH who="2" step="1"/><F112/><REACH who="2" ten="328,169,346,147" step="2"/><W17/><G17/><T89/><D126/><U78/><E78/><V120/><F120/><W93/><G93/><T23/><D91/><U107/><E107/><V84/><F84/><W1/><G1/><T85/><D85/><U128/><E128/><V82/><F82/><W38/><G38/><T83/><REACH who="0" step="1"/><D57/><AGARI ba="0,1" hai="13,14,50,53,57" m="16855,39465,56599" machi="57" ten="30,1000,0" yaku="8,1" doraHai="110" who="3" fromWho="0" sc="328,-10,169,0,346,0,147,20" /><INIT seed="6,0,0,0,4,133" ten="318,169,346,167" oya="2" hai0="83,113,27,4,79,16,34,11,20,127,62,100,84" hai1="125,130,28,43,121,117,94,131,32,134,66,89,101" hai2="8,98,81,3,75,97,64,49,102,45,63,80,42" hai3="76,23,85,31,105,116,118,48,57,18,25,10,99"/><V15/><F3/><W93/><G105/><T65/><D113/><U71/><E101/><V58/><F75/><W50/><G76/><T26/><D100/><U2/><E2/><V14/><F14/><W126/><G126/><T56/><D127/><U46/><E121/><V73/><F73/><W38/><G38/><T1/><D34/><U7/><E117/><V107/><REACH who="2" step="1"/><F98/><REACH who="2" ten="318,169,336,167" step="2"/><W82/><G99/><T47/><D47/><U55/><E46/><V29/><F29/><W60/><G31/><T120/><D120/><U86/><E28/><V91/><F91/><W129/><G118/><T68/><D68/><U51/><E71/><V39/><F39/><W112/><G116/><T54/><D65/><U92/><E66/><V40/><F40/><W87/><G112/><T88/><D79/><U35/><E43/><V119/><F119/><W6/><G129/><T67/><D67/><U59/><E125/><V33/><F33/><W44/><G44/><T106/><D106/><U52/><E32/><V12/><F12/><AGARI ba="0,1" hai="1,4,11,12,16,20,26,27,54,56,62,83,84,88" machi="12" ten="30,3900,0" yaku="7,1,54,2" doraHai="133" who="0" fromWho="2" sc="318,49,169,0,336,-39,167,0" /><INIT seed="7,0,0,5,2,92" ten="367,169,297,167" oya="3" hai0="104,56,75,73,81,127,124,28,125,9,77,31,40" hai1="4,22,101,119,2,45,13,8,135,50,97,120,10" hai2="25,96,85,118,95,134,88,46,116,131,21,103,129" hai3="3,55,126,12,99,7,58,132,122,15,34,37,69"/><W110/><G122/><T71/><D71/><U72/><E120/><V102/><F46/><W48/><G69/><T47/><D104/><U19/><E135/><V130/><F134/><W61/><G132/><T52/><D73/><U66/><E66/><V112/><BYE who="1" /><F112/><W76/><G37/><N who="0" m="21903" /><D9/><U79/><E79/><V36/><F36/><W89/><G110/><T14/><D14/><U35/><E35/><V30/><REACH who="2" step="1"/><F103/><REACH who="2" ten="367,169,287,167" step="2"/><W80/><G126/><T20/><D127/><U33/><E33/><V41/><F41/><W98/><G34/><T115/><D125/><U83/><E83/><AGARI ba="0,1" hai="21,25,30,83,85,88,95,96,102,116,118,129,130,131" machi="83" ten="40,8000,1" yaku="1,1,19,1,52,1,54,1,53,0" doraHai="92" doraHaiUra="107" who="2" fromWho="1" sc="367,0,169,-80,287,90,167,0" owari="367,17.0,89,-41.0,377,47.0,167,-23.0" /></mjloggm>