<mjloggm ver="2.3"><GO type="41" lobby="0"/><UN n0="%E3%83%AA%E3%83%83%E3%83%81%E3%81%9F%E3%81%91%E3%81%AE%E3%81%93" n1="%E2%93%9D%53%75%70%68%78" n2="%E6%9D%B1%E6%B5%B7%E4%B8%AD%E9%80%80" n3="%E3%81%AA%E3%82%93%E3%81%A8%E3%81%AA%E3%81%8F" dan="13,18,14,13" rate="2034.91,2135.75,1853.98,1871.04" sx="M,M,M,M"/><TAIKYOKU oya="0"/><INIT seed="0,0,0,3,3,105" ten="250,250,250,250" oya="0" hai0="127,46,59,6,37,9,100,120,56,134,116,25,38" hai1="114,122,36,115,0,71,8,47,98,48,104,61,121" hai2="15,29,96,99,51,91,45,111,55,42,86,125,30" hai3="79,133,109,14,35,117,66,130,4,70,112,62,22"/><T131/><D116/><U84/><E84/><V119/><F125/><W106/><G117/><T135/><D120/><U20/><E20/><V107/><F111/><W57/><G109/><T11/><D127/><U74/><E8/><N who="0" m="3145" /><D6/><U113/><E0/><V50/><F119/><W18/><G35/><T72/><D100/><U21/><E21/><V13/><F107/><W75/><G112/><T12/><D12/><N who="2" m="4682" /><F96/><W97/><G130/><T26/><D46/><U69/><E98/><V123/><F99/><W60/><G133/><N who="0" m="50699" /><D72/><U92/><E74/><V89/><F123/><N who="1" m="47113" /><E104/><V34/><F34/><W78/><G75/><T81/><D81/><U88/><E115/><V54/><F42/><W103/><G4/><T43/><D43/><U65/><E114/><V108/><F108/><W40/><G40/><T63/><D131/><U49/><E113/><V67/><F67/><AGARI ba="0,0" hai="14,18,22,57,60,62,66,67,70,78,79,97,103,106" machi="67" ten="30,1000,0" yaku="7,1" doraHai="105" who="3" fromWho="2" sc="250,0,250,0,250,-10,250,10" /><INIT seed="1,0,0,4,5,36" ten="250,250,240,260" oya="1" hai0="29,58,55,50,97,94,110,70,84,98,68,53,104" hai1="69,19,51,54,108,65,123,100,59,122,11,43,111" hai2="76,4,124,10,118,23,75,121,117,22,2,81,30" hai3="15,85,74,48,47,27,102,13,113,95,16,8,71"/><U92/><E19/><V42/><F121/><N who="1" m="46089" /><E11/><V126/><F30/><W7/><G71/><T9/><D29/><U103/><E92/><V52/><F23/><N who="3" m="13799" /><G74/><T83/><D104/><U0/><E103/><V112/><F22/><W114/><G113/><T34/><D34/><U129/><E0/><V17/><F17/><W132/><G114/><T39/><D98/><U3/><E100/><V80/><F80/><W131/><G132/><T21/><D21/><U89/><E89/><V115/><F115/><W45/><G131/><T35/><D35/><U66/><E3/><V12/><F12/><N who="3" m="5151" /><G47/><T32/><D32/><U1/><E1/><V56/><F42/><N who="3" m="24631" /><G85/><T5/><D39/><U25/><E129/><V134/><F112/><W67/><G67/><N who="1" m="25610" /><E25/><V57/><F134/><W105/><G105/><T125/><D84/><U130/><E130/><V119/><REACH who="2" step="1"/><F57/><REACH who="2" ten="250,250,230,260" step="2"/><W82/><G82/><T107/><D83/><U41/><E69/><V91/><F91/><W61/><G13/><T18/><D70/><U31/><E31/><V44/><F44/><W24/><G15/><T62/><D68/><U127/><E127/><V96/><F96/><W88/><G24/><T78/><D97/><U86/><E86/><V38/><F38/><W46/><G88/><T135/><D125/><U33/><E33/><V90/><F90/><W99/><G46/><T93/><D135/><U120/><E120/><V133/><F133/><W6/><G6/><T101/><D5/><U72/><E72/><V87/><F87/><W28/><G28/><T128/><D128/><U40/><AGARI ba="0,1" hai="40,41,43,51,54,59,108,111" m="25610,46089" machi="40" ten="40,12000,1" yaku="34,2,52,3" doraHai="36" who="1" fromWho="1" sc="250,-40,250,130,230,-40,260,-40" /><INIT seed="1,1,0,1,1,13" ten="210,380,190,220" oya="1" hai0="65,95,56,4,22,72,11,44,50,35,129,6,54" hai1="57,104,34,115,59,117,105,41,99,14,7,128,111" hai2="78,103,86,63,90,30,91,125,88,101,82,126,68" hai3="102,75,70,38,134,96,20,77,83,21,5,123,37"/><U19/><E115/><V109/><F30/><W127/><G123/><T2/><D35/><U64/><E117/><V29/><F29/><W48/><G70/><T12/><D129/><U97/><E7/><V24/><F24/><W39/><G127/><N who="2" m="48649" /><F109/><W85/><G134/><T100/><D72/><U33/><E41/><V10/><F10/><W114/><G114/><T98/><D2/><U62/><E128/><V43/><F43/><W40/><G5/><T118/><D22/><U81/><E81/><V60/><F60/><W23/><G75/><T25/><D25/><U120/><E120/><V47/><F47/><W84/><G84/><T92/><D118/><U46/><E46/><V132/><F132/><W73/><G73/><T71/><D71/><U108/><E62/><V51/><F51/><W113/><G113/><T17/><D95/><U119/><E119/><V42/><F42/><W31/><G48/><T110/><D110/><U74/><E74/><V80/><F80/><W49/><G49/><T130/><D130/><U16/><E14/><V133/><F133/><W94/><G40/><T45/><D44/><U61/><E61/><AGARI ba="1,0" hai="4,6,11,12,17,45,50,54,56,61,65,92,98,100" machi="61" ten="40,2600,0" yaku="8,1,52,1" doraHai="13" who="0" fromWho="1" sc="210,29,380,-29,190,0,220,0" /><INIT seed="2,0,0,4,4,73" ten="239,351,190,220" oya="2" hai0="51,86,94,29,13,20,105,109,28,7,6,82,0" hai1="79,50,103,123,47,78,37,12,55,75,54,58,67" hai2="64,59,115,42,46,5,15,35,31,16,124,40,27" hai3="21,90,122,14,113,52,62,127,63,68,119,102,132"/><V106/><F106/><W36/><G122/><T74/><D105/><U135/><E75/><V84/><F115/><W118/><G113/><T2/><D109/><U32/><E32/><V128/><F124/><W26/><G127/><T38/><D38/><U30/><E135/><V83/><F5/><W100/><G132/><T23/><D74/><U125/><E37/><V39/><F128/><W72/><G36/><T44/><D94/><U77/><E30/><V112/><F112/><W133/><G72/><T34/><D34/><U87/><E103/><V120/><F120/><W17/><G133/><T95/><D95/><U97/><E97/><V71/><F71/><W4/><G68/><T89/><D2/><U111/><E111/><V49/><F39/><W24/><G90/><T114/><D0/><U104/><E67/><V48/><F64/><W107/><G107/><T134/><D134/><U18/><E104/><V121/><F121/><W33/><G33/><T131/><D131/><U80/><E125/><V93/><F93/><W126/><G126/><T10/><D6/><U96/><E96/><V110/><F110/><W11/><G119/><T99/><D99/><U65/><E65/><V19/><F15/><W91/><G26/><T56/><D114/><U41/><E123/><V53/><F40/><W101/><G118/><T92/><D92/><U108/><E108/><V98/><F98/><W3/><G3/><T57/><D29/><U61/><E41/><V9/><F9/><AGARI ba="0,0" hai="9,12,18,47,50,54,55,58,61,77,78,79,80,87" machi="9" ten="30,8000,1" yaku="7,1,8,1,52,3" doraHai="73" who="1" fromWho="2" sc="239,0,351,80,190,-80,220,0" /><INIT seed="3,0,0,0,2,35" ten="239,431,110,220" oya="3" hai0="98,99,135,133,107,132,96,119,42,65,73,109,123" hai1="129,105,127,9,71,78,91,77,63,12,128,101,54" hai2="76,113,126,102,6,29,110,122,5,104,7,49,51" hai3="100,36,50,87,11,66,34,25,33,118,94,89,80"/><W58/><G36/><T75/><D65/><U82/><E127/><V46/><F110/><W112/><G118/><T1/><D42/><U18/><E101/><V84/><F113/><W70/><G112/><T38/><D38/><U93/><E105/><V69/><F69/><W40/><G70/><T3/><D119/><U10/><E10/><V115/><F115/><W28/><G11/><T39/><D39/><U19/><E19/><V60/><F126/><W125/><G125/><T103/><D109/><U53/><E78/><V106/><F60/><W79/><G100/><T32/><D32/><U2/><E2/><N who="0" m="521" /><D123/><U22/><E71/><V121/><F29/><W17/><G34/><T108/><D108/><U20/><E54/><V48/><F46/><W86/><G17/><T134/><D134/><U74/><E53/><V124/><F124/><W56/><G66/><T67/><D67/><U62/><E62/><V111/><F111/><W27/><G27/><T41/><D41/><U130/><E63/><V0/><F0/><W117/><G117/><T92/><D92/><U8/><E8/><V4/><N who="2" m="1024" /><DORA hai="120" /><V90/><F76/><W16/><G16/><T47/><D47/><U114/><E114/><V68/><F68/><W45/><AGARI ba="0,0" hai="25,28,33,40,45,50,56,58,79,80,86,87,89,94" machi="45" ten="30,1500,0" yaku="0,1" doraHai="35,120" who="3" fromWho="3" sc="239,-5,431,-5,110,-5,220,15" /><INIT seed="3,1,0,5,0,92" ten="234,426,105,235" oya="3" hai0="0,18,133,53,63,19,44,24,49,90,96,112,35" hai1="54,31,36,79,48,70,113,9,45,88,83,59,61" hai2="122,58,134,77,38,124,125,108,135,52,40,16,107" hai3="60,28,6,132,41,7,119,33,56,86,78,13,114"/><W123/><G123/><T97/><D0/><U55/><E113/><V116/><F116/><W115/><G119/><T57/><D133/><N who="2" m="50698" /><F108/><W66/><G132/><T126/><D126/><N who="2" m="48746" /><F107/><W20/><G41/><T14/><D112/><U34/><E36/><V101/><F101/><W46/><G46/><T23/><D90/><U30/><E70/><V111/><F111/><W43/><G43/><N who="0" m="24735" /><D35/><U94/><E9/><AGARI ba="1,0" hai="9,14,18,19,23,24,53,57,63,96,97" m="24735" machi="9" ten="30,3900,0" yaku="8,1,52,2" doraHai="92" who="0" fromWho="1" sc="234,42,426,-42,105,0,235,0" /><INIT seed="4,0,0,1,2,70" ten="276,384,105,235" oya="0" hai0="20,92,59,21,22,15,127,47,113,83,91,99,85" hai1="104,55,6,93,10,66,71,36,110,128,95,103,8" hai2="28,16,106,112,32,132,89,116,73,131,13,129,27" hai3="45,126,3,88,76,75,124,30,1,64,82,54,4"/><T121/><D113/><U133/><E110/><V101/><F73/><W98/><G64/><T134/><D127/><N who="3" m="48681" /><G30/><T119/><D134/><U120/><E128/><V35/><F112/><W78/><G78/><T102/><D121/><U9/><E104/><V24/><F132/><W41/><G54/><T42/><D59/><U118/><E118/><V33/><F89/><W81/><G4/><T43/><D119/><U117/><E120/><V109/><F109/><W44/><G44/><T74/><D74/><U87/><E55/><V57/><F57/><W68/><G68/><T135/><D135/><U108/><E66/><V25/><F116/><W100/><G82/><T114/><D114/><U38/><E108/><V0/><F101/><W111/><G111/><T7/><D42/><U12/><E71/><V67/><F67/><W29/><G29/><T107/><D107/><U17/><E117/><V14/><F106/><N who="3" m="63767" /><G88/><T46/><D47/><U11/><E133/><V26/><F0/><W94/><G94/><T23/><D7/><U48/><E95/><V122/><F122/><W18/><G18/><T97/><D97/><U53/><E103/><V39/><F39/><AGARI ba="0,0" hai="1,3,39,41,45,75,76,81" m="63767,48681" machi="39" ten="30,3900,0" yaku="18,1,23,1,52,1" doraHai="70" who="3" fromWho="2" sc="276,0,384,0,105,-39,235,39" /><INIT seed="5,0,0,1,0,121" ten="276,384,66,274" oya="1" hai0="111,47,86,11,72,105,54,71,3,76,114,88,38" hai1="17,34,36,104,132,6,128,19,33,67,118,84,59" hai2="60,87,9,45,110,124,55,99,15,68,83,35,73" hai3="123,65,37,16,43,127,5,62,130,30,78,2,109"/><U131/><E104/><V93/><F73/><W57/><G123/><T8/><D111/><U81/><E36/><V85/><F35/><W135/><G109/><T75/><D71/><U1/><E118/><V13/><F124/><W92/><G127/><T50/><D114/><U52/><E67/><V116/><F110/><W113/><G113/><T69/><D69/><U98/><E98/><V39/><F116/><W96/><G130/><N who="1" m="49706" /><E6/><V66/><F15/><W79/><G135/><T32/><D32/><N who="1" m="12395" /><E1/><V103/><F83/><W100/><G5/><T117/><D117/><U70/><E70/><V7/><REACH who="2" step="1"/><F55/><REACH who="2" ten="276,384,56,274" step="2"/><W112/><G112/><T20/><D54/><U64/><E132/><V12/><F12/><W106/><G2/><T10/><D3/><U91/><E64/><V102/><F102/><W49/><G100/><T82/><D72/><U23/><E23/><V129/><F129/><W94/><G65/><T58/><D20/><U48/><AGARI ba="0,1" hai="17,19,48,52,59,81,84,91" m="12395,49706" machi="48" ten="30,3000,0" yaku="19,1,54,1" doraHai="121" who="1" fromWho="1" sc="276,-10,384,40,56,-10,274,-10" /><INIT seed="5,1,0,5,2,91" ten="266,424,46,264" oya="1" hai0="49,18,44,26,113,115,66,27,93,8,39,7,82" hai1="121,14,29,110,109,126,96,127,128,98,33,21,23" hai2="100,122,133,123,30,135,51,79,9,16,35,90,131" hai3="65,52,2,88,63,42,134,75,68,24,67,81,34"/><U5/><E121/><V125/><F79/><W48/><G2/><T97/><D39/><U130/><E98/><V0/><F100/><W106/><G106/><T15/><D82/><U116/><E96/><V11/><F51/><W59/><G134/><N who="2" m="51209" /><F90/><W71/><G75/><T119/><D66/><U54/><E54/><V43/><F43/><W1/><G1/><T32/><D7/><U78/><E78/><V85/><F85/><W94/><G81/><T19/><D18/><U124/><E116/><V47/><F47/><W104/><G104/><T77/><D77/><U99/><E99/><V61/><F61/><W10/><G10/><T112/><D32/><U64/><E64/><V58/><F58/><W62/><G42/><N who="0" m="24727" /><D119/><U41/><E41/><V45/><F45/><W20/><G34/><T53/><D53/><U118/><E118/><V84/><F84/><W6/><G6/><T3/><D3/><U50/><E5/><N who="2" m="1191" /><F131/><N who="1" m="50217" /><E50/><V114/><F125/><W13/><G48/><T38/><D38/><U117/><E117/><V74/><F74/><W80/><G52/><T28/><D28/><U101/><E29/><V17/><F114/><N who="0" m="29186" /><T87/><DORA hai="108" /><D87/><U4/><E127/><V111/><F111/><W73/><G73/><T22/><D22/><U103/><E126/><V83/><F83/><W31/><G80/><T25/><D97/><U76/><E110/><V95/><F95/><AGARI ba="1,0" hai="8,15,19,25,26,27,93,95" m="29186,24727" machi="95" ten="50,12000,2" yaku="15,1,52,6" doraHai="91,108" who="0" fromWho="2" sc="266,123,424,0,46,-123,264,0" owari="389,19.0,424,53.0,-77,-58.0,264,-14.0" /></mjloggm>