<mjloggm ver="2.3"><GO type="41" lobby="0"/><UN n0="%4B%6F%6F%73%68%6F" n1="%E2%93%9D%53%75%70%68%78" n2="%72%61%6B%69%61%31%31%32" n3="%73%68%69%6E%6F" dan="14,18,14,14" rate="1999.76,2082.55,1974.62,1924.79" sx="M,M,M,M"/><TAIKYOKU oya="0"/><INIT seed="0,0,0,0,5,92" ten="250,250,250,250" oya="0" hai0="107,25,54,52,13,63,49,70,31,95,17,71,15" hai1="43,132,102,128,27,97,29,21,18,24,28,6,86" hai2="14,77,62,64,82,3,26,123,30,9,4,74,85" hai3="90,55,75,38,16,48,96,72,11,103,59,12,56"/><T105/><D54/><U114/><E128/><V78/><F123/><W121/><G38/><T67/><D71/><U76/><E132/><V129/><F129/><W91/><G59/><T115/><D115/><U65/><E114/><V109/><F109/><W69/><G69/><T73/><D73/><U126/><E126/><V19/><F74/><W98/><G121/><T50/><D50/><U51/><E6/><V36/><F36/><W112/><G112/><T1/><D1/><U119/><E119/><V32/><F62/><W131/><G131/><T134/><D134/><U124/><E65/><V44/><F44/><W111/><G111/><T2/><D2/><U40/><E124/><V100/><F64/><W79/><G91/><T130/><D95/><U5/><E5/><V8/><REACH who="2" step="1"/><F100/><REACH who="2" ten="250,250,240,250" step="2"/><W66/><G66/><T53/><D130/><U7/><E102/><V60/><F60/><W0/><G103/><T101/><D101/><U94/><E51/><V122/><F122/><W47/><G75/><T42/><D67/><U87/><E43/><V23/><F23/><W46/><G72/><T41/><D63/><U108/><E40/><V34/><F34/><W93/><G47/><T61/><D61/><U116/><E108/><V39/><F39/><W80/><G46/><T106/><D49/><U89/><E116/><V83/><F83/><W45/><G45/><T68/><D41/><U35/><E35/><V20/><F20/><W37/><G37/><T33/><D42/><U133/><E133/><V10/><F10/><W58/><G11/><T84/><D70/><U88/><E21/><RYUUKYOKU ba="0,1" sc="250,-10,250,-10,240,30,250,-10" hai2="3,4,8,9,14,19,26,30,32,77,78,82,85" /><INIT seed="1,1,1,5,5,54" ten="240,240,270,240" oya="1" hai0="87,107,122,46,45,32,24,41,120,3,126,31,75" hai1="105,90,42,70,119,98,100,60,73,130,86,6,97" hai2="49,67,78,56,71,102,47,48,113,79,104,19,134" hai3="103,110,116,96,22,43,81,11,114,52,77,72,36"/><U128/><E42/><V25/><F113/><W23/><G114/><T118/><D118/><U94/><E6/><V44/><F71/><W88/><G116/><T4/><D75/><U51/><E51/><N who="2" m="19531" /><F104/><W131/><G43/><T101/><D126/><U28/><E28/><V80/><F102/><W99/><G36/><N who="0" m="21671" /><D87/><U115/><E115/><V121/><F121/><N who="0" m="46698" /><D46/><N who="2" m="17450" /><F80/><W92/><G110/><T14/><D14/><U66/><E119/><V13/><F25/><W17/><G131/><N who="1" m="50218" /><E98/><V16/><F134/><W12/><REACH who="3" step="1"/><G52/><REACH who="3" ten="240,240,270,230" step="2"/><T27/><D107/><AGARI ba="1,2" hai="11,12,17,22,23,72,77,81,88,92,96,99,103,107" machi="107" ten="30,7700,0" yaku="1,1,2,1,7,1,54,1,53,0" doraHai="54" doraHaiUra="57" who="3" fromWho="0" sc="240,-80,240,0,270,0,230,100" /><INIT seed="2,0,0,2,0,1" ten="160,240,270,330" oya="2" hai0="54,9,99,52,97,123,5,112,18,20,125,34,58" hai1="100,8,94,26,90,46,77,120,81,21,7,51,74" hai2="2,33,64,57,41,126,24,92,135,84,106,37,96" hai3="124,11,67,85,114,71,13,36,105,118,40,68,38"/><V72/><F72/><W12/><G118/><T61/><D34/><U110/><E110/><V127/><F106/><W83/><G105/><T53/><D112/><U66/><E120/><V101/><F135/><W14/><G114/><T6/><D125/><N who="2" m="47626" /><F2/><W60/><G124/><T59/><D123/><U65/><E100/><V4/><F84/><W116/><G116/><T19/><D9/><U80/><E80/><V133/><F133/><W45/><G38/><T69/><D69/><U119/><E119/><V56/><F37/><W93/><G93/><T16/><D20/><U122/><E122/><V113/><F41/><W32/><G32/><T98/><D61/><U25/><E25/><V76/><F76/><W134/><G134/><T128/><D128/><U95/><E95/><V111/><F111/><W49/><G36/><T42/><D42/><U75/><E75/><V50/><F113/><W109/><G109/><T27/><D27/><U10/><E94/><V70/><F50/><W131/><G71/><T130/><D130/><U62/><E77/><V23/><F4/><AGARI ba="0,0" hai="4,5,6,16,18,19,52,53,54,58,59,97,98,99" machi="4" ten="50,16000,3" yaku="29,2,28,2,8,1,52,3,54,2" doraHai="1" who="0" fromWho="2" sc="160,160,240,0,270,-160,330,0" /><INIT seed="3,0,0,4,0,6" ten="320,240,110,330" oya="3" hai0="3,25,20,55,96,93,95,23,46,10,135,113,50" hai1="97,133,36,105,30,38,54,80,47,131,9,79,62" hai2="87,110,68,22,86,84,64,53,28,11,103,34,16" hai3="26,134,24,41,102,108,91,32,128,106,4,61,43"/><W83/><G128/><T118/><D118/><U114/><E114/><V31/><F110/><W89/><G108/><T67/><D135/><U116/><E30/><N who="2" m="11307" /><F68/><W88/><G134/><T82/><D95/><U60/><E131/><V66/><F34/><W13/><G61/><T129/><D129/><U117/><E133/><V45/><F103/><W51/><G32/><T57/><D82/><U27/><E27/><N who="2" m="14791" /><F45/><W69/><G69/><T126/><D113/><U18/><E105/><V5/><F53/><W12/><G102/><T99/><D99/><U44/><E97/><V92/><F92/><W49/><G106/><T37/><D37/><U125/><E54/><V74/><F74/><W112/><G112/><T111/><D126/><U42/><E125/><V15/><AGARI ba="0,0" hai="5,11,15,64,66,84,86,87" m="14791,11307" machi="15" ten="30,4000,0" yaku="8,1,52,1,54,1" doraHai="6" who="2" fromWho="2" sc="320,-10,240,-10,110,40,330,-20" /><INIT seed="4,0,0,3,5,90" ten="310,230,150,310" oya="0" hai0="63,121,111,17,83,26,34,85,131,107,114,60,54" hai1="9,95,100,48,129,105,2,57,106,97,7,69,125" hai2="79,31,73,64,122,30,19,22,91,38,98,55,12" hai3="40,27,29,117,39,62,43,72,112,6,118,8,75"/><T120/><D107/><U52/><E129/><V108/><F122/><W14/><G62/><T124/><D114/><U13/><E69/><V47/><F108/><W88/><G112/><T78/><D131/><U132/><E132/><V56/><F64/><W65/><G65/><T103/><D124/><U51/><E125/><V134/><F134/><W41/><G39/><T20/><D34/><U110/><E110/><V44/><F73/><W35/><G75/><T86/><D103/><U109/><E109/><V5/><F79/><W68/><G72/><T87/><D111/><U23/><REACH who="1" step="1"/><E51/><REACH who="1" ten="310,220,150,310" step="2"/><V58/><F38/><W4/><G68/><T66/><D121/><U133/><E133/><V82/><F5/><W123/><G123/><T50/><D120/><U25/><E25/><V53/><F30/><W92/><REACH who="3" step="1"/><G6/><REACH who="3" ten="310,220,150,300" step="2"/><T45/><D63/><U102/><E102/><V32/><F31/><W24/><G24/><T1/><D1/><U16/><AGARI ba="0,2" hai="2,7,9,13,16,23,48,52,57,95,97,100,105,106" machi="16" ten="30,12000,2" yaku="1,1,0,1,52,1,54,2,53,1" doraHai="90" doraHaiUra="94" who="1" fromWho="1" sc="310,-60,220,140,150,-30,300,-30" /><INIT seed="5,0,0,4,4,1" ten="250,360,120,270" oya="1" hai0="81,124,62,79,4,73,123,33,87,76,113,98,6" hai1="34,134,15,135,44,120,0,100,23,125,47,80,14" hai2="63,29,30,58,68,25,101,51,42,93,32,132,27" hai3="102,43,3,56,121,104,24,69,74,77,130,92,19"/><U18/><E0/><V75/><F132/><N who="1" m="50729" /><E125/><V65/><F75/><W66/><G56/><T114/><D33/><U21/><E34/><V129/><F129/><W20/><G3/><T89/><D124/><U96/><E120/><V117/><F117/><W82/><G130/><T99/><D123/><U111/><E80/><V127/><F127/><W95/><G43/><T116/><D116/><U70/><E70/><V64/><F29/><W106/><G121/><T119/><D119/><U5/><E23/><V16/><F64/><W39/><G39/><T57/><D76/><U133/><E111/><V94/><F101/><W36/><G36/><T85/><D85/><U97/><E97/><V128/><F128/><W45/><G66/><T53/><D99/><U110/><E110/><V115/><F115/><N who="0" m="44042" /><D98/><U9/><E133/><V13/><F27/><W86/><G69/><T28/><D28/><U31/><E31/><V72/><F72/><W71/><G71/><T105/><D105/><AGARI ba="0,0" hai="5,9,14,15,18,21,44,47,96,100,105" m="50729" machi="105" ten="30,2900,0" yaku="20,1,52,1" doraHai="1" who="1" fromWho="0" sc="250,-29,360,29,120,0,270,0" /><INIT seed="5,1,0,3,0,76" ten="221,389,120,270" oya="1" hai0="84,97,29,3,8,64,63,12,133,75,74,82,7" hai1="20,90,67,60,131,99,70,65,130,116,111,49,9" hai2="59,21,98,127,120,109,132,122,13,6,52,103,41" hai3="112,96,19,62,100,114,45,94,1,17,73,88,14"/><U117/><E20/><V55/><F132/><W128/><G1/><T30/><D133/><U51/><E99/><V87/><F109/><W54/><G128/><N who="1" m="49194" /><E90/><V123/><F127/><W43/><G73/><T24/><D30/><U89/><E89/><V91/><F41/><W22/><G19/><T36/><D36/><U58/><E9/><V104/><F59/><W93/><G54/><T39/><D39/><U126/><E111/><V119/><F119/><N who="1" m="45641" /><E126/><V0/><F0/><W81/><G81/><T101/><D3/><U86/><E86/><V68/><F68/><W108/><G108/><T134/><D134/><U2/><E2/><V135/><F135/><W50/><REACH who="3" step="1"/><G62/><AGARI ba="1,0" hai="49,51,58,60,62,65,67,70" m="45641,49194" machi="62" ten="30,5800,0" yaku="19,1,34,2" doraHai="76" who="1" fromWho="3" sc="221,0,389,61,120,0,270,-61" /><INIT seed="5,2,0,2,3,112" ten="221,450,120,209" oya="1" hai0="115,69,88,92,108,13,81,83,82,121,79,131,107" hai1="132,129,128,37,9,85,72,3,20,18,120,62,30" hai2="76,127,45,123,64,70,98,135,119,26,130,24,61" hai3="109,27,32,34,2,105,36,93,33,12,86,44,21"/><U118/><E118/><V95/><F123/><W39/><G105/><T40/><D69/><U101/><E132/><V97/><F135/><W110/><G2/><T125/><D115/><U100/><E37/><V65/><F130/><W41/><G12/><T46/><D121/><U75/><E30/><V74/><F127/><W43/><G93/><T87/><D108/><U25/><E62/><V96/><F65/><W104/><G86/><T49/><D131/><U16/><E85/><V68/><F68/><W53/><G53/><T52/><D107/><U80/><E20/><V60/><F60/><W59/><G59/><T106/><D106/><U19/><E25/><V23/><F119/><W113/><G104/><T91/><D125/><U124/><E9/><V14/><F74/><W63/><G63/><T78/><D91/><U58/><E3/><V4/><F76/><N who="0" m="29226" /><D13/><U90/><E90/><V1/><F45/><W56/><G56/><T48/><D48/><U17/><E58/><V114/><F114/><W22/><G113/><T31/><D31/><U42/><E124/><V51/><F51/><W15/><G15/><T50/><D50/><U66/><E120/><V57/><F70/><W117/><G117/><T73/><D73/><U116/><E116/><V10/><REACH who="2" step="1"/><F95/><REACH who="2" ten="221,450,110,209" step="2"/><W133/><G133/><T11/><D40/><U84/><E129/><V47/><F47/><W103/><G43/><T134/><D134/><U89/><E128/><V99/><N who="2" m="24576" /><DORA hai="8" /><V0/><F0/><W6/><G44/><T29/><D11/><U111/><E75/><V71/><F71/><W55/><G41/><RYUUKYOKU ba="2,1" sc="221,15,450,-15,110,15,209,-15" hai0="29,46,49,52,81,82,83,87,88,92" hai2="1,4,10,14,23,24,26,57,61,64" /><INIT seed="6,3,1,0,5,15" ten="236,435,125,194" oya="2" hai0="85,21,79,62,3,31,93,78,50,4,58,107,82" hai1="47,23,26,131,80,60,61,70,126,123,99,7,133" hai2="49,18,102,112,127,68,19,121,103,11,114,8,77" hai3="97,52,95,67,39,51,12,40,134,32,109,116,44"/><V90/><F121/><W135/><G116/><T63/><D107/><U106/><E133/><V86/><F127/><W59/><G32/><T100/><D78/><U105/><E131/><V41/><F77/><W84/><G109/><T64/><D3/><U48/><E7/><V101/><F68/><W36/><G84/><T87/><D4/><U35/><E99/><V122/><F122/><W110/><G110/><T17/><D63/><U2/><E2/><V118/><F118/><W83/><G83/><T1/><D50/><U20/><E106/><V69/><F69/><W92/><G39/><T75/><D1/><U54/><E35/><V38/><F38/><W6/><G6/><T53/><D53/><U108/><E105/><V25/><F25/><W55/><G55/><T76/><D76/><U0/><E26/><V43/><F49/><W72/><G72/><T94/><D94/><U13/><E126/><V66/><F66/><W91/><G67/><T34/><D34/><U88/><E70/><V46/><F46/><W9/><G95/><T29/><D75/><U124/><E108/><V74/><F74/><W30/><G30/><T96/><D87/><U10/><E124/><V14/><F86/><W98/><G98/><T57/><D58/><U24/><E47/><V45/><F90/><W113/><G113/><N who="2" m="43625" /><F45/><W130/><G130/><T73/><D73/><U128/><E128/><V27/><F27/><AGARI ba="3,1" hai="17,21,27,29,31,57,62,64,79,82,85,93,96,100" machi="27" ten="30,3900,0" yaku="7,1,8,1,52,1" doraHai="15" who="0" fromWho="2" sc="236,58,435,0,125,-48,194,0" /><INIT seed="7,0,0,3,3,116" ten="294,435,77,194" oya="3" hai0="68,9,125,66,50,49,100,83,5,15,90,59,81" hai1="94,13,30,4,75,103,40,130,44,34,89,17,64" hai2="107,54,29,22,10,112,19,41,99,115,78,72,98" hai3="93,28,70,16,133,92,7,105,69,20,84,123,106"/><W97/><G7/><T95/><D68/><U88/><E130/><V82/><F41/><W77/><G28/><T51/><D125/><U21/><E75/><V45/><F29/><W131/><G131/><T60/><D100/><U33/><E64/><V110/><F10/><W124/><G124/><T56/><D59/><U58/><E34/><V26/><F45/><W73/><G133/><T129/><D129/><U127/><E33/><V108/><F54/><W3/><G3/><T76/><D76/><U135/><E94/><V53/><F53/><W85/><G73/><T96/><AGARI ba="0,0" hai="5,9,15,49,50,51,56,60,66,81,83,90,95,96" machi="96" ten="30,2000,0" yaku="0,1,8,1" doraHai="116" who="0" fromWho="0" sc="294,20,435,-5,77,-5,194,-10" owari="314,11.0,430,54.0,72,-43.0,184,-22.0" /></mjloggm>