<mjloggm ver="2.3"><GO type="41" lobby="0"/><UN n0="%E3%81%8F%E3%81%85%E3%81%A1%E3%82%83%E3%82%93%EF%BC%A0%50%45" n1="%28%E9%83%A8%E9%95%B7%29" n2="%E2%93%9D%53%75%70%68%78" n3="%E3%83%84%E3%82%A4%E3%82%B9%E4%B8%8B" dan="14,15,17,14" rate="1937.28,2029.14,2061.74,1965.04" sx="M,M,M,M"/><TAIKYOKU oya="0"/><INIT seed="0,0,0,0,0,127" ten="250,250,250,250" oya="0" hai0="45,8,25,40,4,126,131,44,7,86,31,43,42" hai1="35,48,128,109,27,100,74,66,9,110,29,125,113" hai2="79,96,2,33,18,30,111,117,39,54,81,106,72" hai3="14,20,58,91,133,120,51,24,68,116,108,53,92"/><T38/><D131/><U119/><E119/><V114/><F114/><W129/><G116/><T78/><D126/><U107/><E74/><V105/><F18/><W32/><G32/><T67/><D67/><U132/><E125/><V59/><F111/><W12/><G108/><T65/><D65/><U37/><E37/><V64/><F54/><W75/><G68/><T77/><D38/><U60/><E113/><V19/><F19/><W124/><G133/><T76/><D86/><U101/><E101/><V6/><F59/><W50/><G75/><T10/><D25/><U102/><E102/><V95/><F95/><W123/><G124/><T94/><D94/><U87/><E87/><V3/><F96/><W23/><G23/><T56/><D56/><U83/><E83/><V135/><F135/><W36/><G129/><T26/><D26/><U57/><E9/><N who="0" m="3689" /><D31/><U97/><E128/><V80/><F30/><W49/><G36/><T70/><D70/><N who="1" m="42311" /><E132/><V122/><F39/><W61/><G123/><T22/><D22/><U21/><E21/><V82/><F122/><W46/><G46/><AGARI ba="0,0" hai="4,7,40,42,43,44,45,46,76,77,78" m="3689" machi="46" ten="40,7700,0" yaku="28,2,8,1" doraHai="127" who="0" fromWho="3" sc="250,77,250,0,250,0,250,-77" /><INIT seed="0,1,0,4,0,11" ten="327,250,250,173" oya="0" hai0="104,119,128,39,108,113,9,91,41,132,68,50,105" hai1="65,94,114,28,59,14,6,34,78,57,88,82,3" hai2="40,70,134,44,42,25,127,120,31,71,27,115,5" hai3="77,74,64,66,1,76,23,46,17,26,83,122,53"/><T61/><D113/><U52/><E114/><V12/><F115/><W130/><G1/><T97/><D119/><U117/><E3/><V24/><F120/><W54/><G122/><T85/><D128/><U49/><E117/><V87/><F31/><W102/><G130/><T81/><D132/><U45/><E34/><V20/><F127/><W37/><G77/><T112/><D112/><U0/><E0/><V89/><F134/><W86/><G74/><T84/><D39/><U100/><E100/><V96/><F96/><W60/><G102/><T13/><D108/><U38/><E28/><V129/><F71/><W106/><G106/><T36/><D36/><U107/><E107/><V62/><F62/><W2/><G66/><T16/><D84/><N who="1" m="48215" /><E38/><V111/><F70/><W10/><G46/><T48/><D97/><N who="1" m="57543" /><E65/><V73/><F111/><W56/><G37/><T67/><REACH who="0" step="1"/><D50/><REACH who="0" ten="317,250,250,173" step="2"/><U109/><E109/><V47/><F129/><W35/><G35/><T7/><D7/><U43/><E43/><V110/><F42/><W98/><REACH who="3" step="1"/><G98/><REACH who="3" ten="317,250,250,163" step="2"/><T101/><D101/><U30/><E30/><V58/><F110/><W121/><G121/><T19/><D19/><U95/><E95/><V90/><F5/><AGARI ba="1,2" hai="2,5,10,17,23,26,53,54,56,60,64,76,83,86" machi="5" ten="40,2600,0" yaku="1,1,53,1" doraHai="11" doraHaiUra="63" who="3" fromWho="2" sc="317,0,250,0,250,-29,163,49" /><INIT seed="1,0,0,0,1,134" ten="317,250,221,212" oya="1" hai0="51,17,118,95,69,27,24,64,120,44,49,28,84" hai1="81,107,92,101,13,33,7,98,96,11,126,89,56" hai2="67,19,119,65,79,115,78,111,31,73,32,4,125" hai3="34,20,86,130,60,62,46,10,87,1,90,41,42"/><U2/><E33/><V3/><F119/><W104/><G104/><T36/><D118/><U113/><E113/><V9/><F115/><W131/><G34/><T97/><D120/><U123/><E123/><V21/><F111/><W77/><G77/><T105/><D105/><U106/><E106/><V15/><F125/><W58/><G20/><T18/><D36/><U91/><E56/><V63/><F73/><W74/><G74/><T52/><D69/><U88/><E126/><V59/><REACH who="2" step="1"/><F67/><REACH who="2" ten="317,250,211,212" step="2"/><W26/><G131/><T128/><D128/><U6/><REACH who="1" step="1"/><E81/><REACH who="1" ten="317,240,211,212" step="2"/><V0/><F0/><W38/><G1/><T30/><D64/><U16/><E16/><V57/><F57/><W127/><G58/><T50/><D18/><U103/><E103/><V39/><F39/><W83/><G38/><T53/><D17/><U25/><E25/><AGARI ba="0,2" hai="3,4,9,15,19,21,25,31,32,59,63,65,78,79" machi="25" ten="40,5200,0" yaku="1,1,24,2,53,0" doraHai="134" doraHaiUra="85" who="2" fromWho="1" sc="317,0,240,-52,211,72,212,0" /><INIT seed="2,0,0,0,1,96" ten="317,188,283,212" oya="2" hai0="44,1,64,82,10,20,81,5,27,65,113,134,25" hai1="16,12,28,41,38,100,52,135,6,106,2,8,84" hai2="114,29,110,74,36,107,21,120,68,95,72,58,91" hai3="18,34,32,53,22,104,57,0,51,105,97,117,122"/><V85/><F68/><W92/><G0/><T3/><D113/><U47/><E135/><V59/><F36/><W88/><G122/><T116/><D116/><U54/><E28/><V125/><F107/><W50/><G117/><T33/><D134/><U17/><E84/><V56/><F125/><W108/><G108/><T94/><D44/><U70/><E70/><V129/><F129/><W118/><G118/><T67/><D3/><U76/><E76/><V45/><F114/><W63/><G105/><T7/><D7/><U78/><E78/><V35/><F35/><W11/><G11/><T62/><D62/><U48/><E38/><V109/><F45/><W19/><G19/><T127/><D127/><U103/><E106/><V90/><F90/><W131/><G104/><T69/><D69/><U23/><REACH who="1" step="1"/><E17/><REACH who="1" ten="317,178,283,212" step="2"/><V112/><F112/><W39/><G39/><T87/><D33/><U89/><E89/><V115/><F115/><W86/><G131/><T40/><D94/><U46/><E46/><V101/><F74/><W124/><G124/><T123/><D123/><U119/><E119/><V43/><F72/><W9/><G32/><T31/><D87/><U4/><E4/><V98/><F120/><W80/><G34/><T30/><D40/><U77/><E77/><V130/><F43/><W126/><G126/><T83/><D31/><U71/><E71/><V24/><REACH who="2" step="1"/><F130/><REACH who="2" ten="317,178,273,212" step="2"/><W79/><G79/><T13/><D1/><U132/><E132/><V42/><F42/><W26/><G88/><T66/><N who="0" m="16384" /><DORA hai="133" /><T60/><D60/><U15/><E15/><V73/><F73/><RYUUKYOKU ba="0,2" sc="317,10,178,10,273,10,212,-30" hai0="5,10,13,20,25,27,30,81,82,83" hai1="2,6,8,12,16,23,41,47,48,52,54,100,103" hai2="21,24,29,56,58,59,85,91,95,98,101,109,110" /><INIT seed="2,1,2,5,5,50" ten="327,188,283,182" oya="2" hai0="94,103,131,109,21,90,127,86,27,12,25,81,49" hai1="26,57,98,83,36,32,77,68,114,58,20,126,84" hai2="43,79,104,41,14,15,102,5,124,22,66,44,74" hai3="38,2,1,40,34,73,85,31,24,16,13,101,64"/><V71/><F124/><W129/><G73/><T72/><D109/><U62/><E114/><V82/><F43/><W60/><G129/><T17/><D131/><U69/><E126/><V93/><F104/><W18/><G18/><T96/><D127/><U3/><E32/><V42/><F42/><W97/><G85/><T51/><D72/><U135/><E36/><V55/><F66/><W112/><G112/><T8/><REACH who="0" step="1"/><D25/><REACH who="0" ten="317,188,283,182" step="2"/><U87/><E26/><V70/><F74/><W29/><G24/><T117/><D117/><U33/><E135/><V37/><F37/><W0/><G38/><T132/><D132/><U4/><E87/><V54/><F71/><W28/><G34/><T67/><D67/><U125/><E68/><V65/><F65/><W111/><G111/><T89/><D89/><U80/><E69/><V61/><F70/><W107/><G64/><T110/><D110/><U7/><E84/><V95/><F79/><W78/><G78/><T121/><D121/><U108/><E77/><V115/><F115/><W9/><G60/><T63/><D63/><U53/><E33/><V47/><F61/><W48/><G48/><T118/><D118/><U105/><E108/><V123/><F123/><W133/><G133/><T10/><D10/><U56/><E125/><V30/><F22/><W116/><G116/><T46/><D46/><U100/><E20/><V75/><F47/><W11/><REACH who="3" step="1"/><G40/><REACH who="3" ten="317,188,283,172" step="2"/><T119/><D119/><U128/><E128/><V6/><F41/><W130/><G130/><T88/><D88/><U91/><E91/><V59/><F75/><W45/><G45/><RYUUKYOKU ba="1,4" sc="317,15,188,-15,283,-15,172,15" hai0="8,12,17,21,27,49,51,81,86,90,94,96,103" hai3="0,1,2,9,11,13,16,28,29,31,97,101,107" /><INIT seed="3,2,4,3,4,13" ten="332,173,268,187" oya="3" hai0="63,30,102,106,24,88,6,58,66,61,15,34,112" hai1="75,115,57,50,52,31,87,109,134,130,64,41,99" hai2="79,54,91,12,120,21,85,26,38,43,40,39,56" hai3="104,46,132,84,42,60,97,29,32,1,100,119,62"/><W14/><G119/><T7/><D112/><U69/><E115/><V27/><F79/><W22/><G1/><T49/><D49/><U37/><E75/><V111/><F111/><W133/><G32/><T105/><D105/><U65/><E109/><V53/><F120/><W129/><G129/><T77/><D77/><U72/><E72/><V45/><F12/><W125/><G125/><T124/><D124/><U81/><E130/><V110/><F110/><W18/><G29/><T3/><D3/><U118/><E118/><V103/><F103/><W94/><G84/><T35/><D35/><U11/><E134/><N who="3" m="51818" /><G104/><T92/><D15/><U78/><E31/><V4/><F4/><W44/><G44/><T36/><D36/><AGARI ba="2,4" hai="14,18,22,36,42,46,60,62,94,97,100" m="51818" machi="36" ten="30,2900,0" yaku="20,1,52,1" doraHai="13" who="3" fromWho="0" sc="332,-35,173,0,268,0,187,75" /><INIT seed="3,3,0,4,0,54" ten="297,173,268,262" oya="3" hai0="8,107,50,13,73,68,124,128,126,66,109,49,91" hai1="59,64,130,17,55,34,104,65,106,51,47,28,46" hai2="121,78,3,88,32,9,60,5,93,57,125,16,92" hai3="39,110,117,120,72,29,108,129,6,37,36,135,44"/><W113/><G29/><T70/><D109/><N who="3" m="42089" /><G72/><T111/><D111/><U25/><E130/><V14/><F125/><N who="0" m="48234" /><D107/><U77/><E104/><V53/><F32/><W94/><G94/><T0/><D0/><U80/><E106/><V112/><F121/><W99/><G99/><T85/><D128/><U31/><E31/><V132/><F132/><W23/><G23/><T102/><D102/><U95/><E95/><V2/><F112/><W40/><G6/><T62/><D73/><U10/><E10/><V22/><F78/><W43/><G129/><T15/><D70/><U12/><E12/><V71/><F71/><W116/><G113/><T105/><D68/><U90/><E90/><V24/><F93/><W100/><G100/><T87/><D85/><AGARI ba="3,0" hai="2,3,5,9,14,16,22,24,53,57,60,85,88,92" machi="85" ten="30,7700,0" yaku="7,1,52,1,54,2" doraHai="54" who="2" fromWho="0" sc="297,-86,173,0,268,86,262,0" /><INIT seed="4,0,0,4,4,76" ten="211,173,354,262" oya="0" hai0="10,0,74,73,42,4,104,15,21,118,84,110,36" hai1="101,48,103,52,81,35,9,18,32,66,46,27,120" hai2="33,39,124,130,61,41,25,117,24,58,100,68,17" hai3="93,55,67,53,122,12,115,83,97,125,134,60,40"/><T56/><D118/><U44/><E120/><V1/><F1/><W96/><G115/><T91/><D74/><U119/><E119/><V43/><F130/><W70/><G134/><T72/><D110/><U127/><E127/><V88/><F68/><W95/><G83/><T133/><D104/><U87/><E66/><V11/><F33/><W51/><G122/><T19/><D133/><U80/><E32/><V111/><F100/><N who="1" m="38473" /><E35/><V71/><F71/><W37/><G12/><T22/><D22/><N who="1" m="13783" /><E87/><V135/><F111/><W99/><G53/><T123/><D123/><U78/><E78/><V13/><F124/><W92/><G125/><T2/><D2/><U62/><E62/><V59/><F61/><W132/><G132/><T49/><D49/><N who="1" m="28711" /><E9/><V64/><F11/><W77/><G77/><T90/><D90/><U116/><E116/><V14/><F88/><W82/><G82/><T31/><D31/><U3/><E3/><V30/><F30/><W129/><G129/><T26/><D26/><U113/><E113/><V89/><F89/><W85/><G85/><T20/><D20/><U105/><E105/><V79/><F79/><W86/><G86/><T23/><D23/><U128/><E128/><V5/><F25/><W7/><G7/><T114/><D114/><U108/><E108/><V131/><F5/><W65/><G65/><T54/><D54/><AGARI ba="0,0" hai="46,48,54,80,81" m="28711,13783,38473" machi="54" ten="30,7700,0" yaku="8,1,52,2,54,1" doraHai="76" who="1" fromWho="0" sc="211,-77,173,77,354,0,262,0" /><INIT seed="5,0,0,0,1,92" ten="134,250,354,262" oya="1" hai0="39,122,64,40,121,1,108,41,96,98,117,18,126" hai1="33,23,76,20,28,75,88,32,15,9,81,95,79" hai2="55,115,112,101,100,61,94,21,54,113,131,51,26" hai3="52,109,118,59,5,3,44,97,68,123,89,102,13"/><U35/><E79/><V19/><F131/><W133/><G109/><T132/><D132/><U14/><E28/><V11/><F11/><W86/><G3/><T42/><D42/><U38/><E38/><V99/><F101/><W72/><G123/><T49/><D49/><U127/><E127/><V65/><REACH who="2" step="1"/><F51/><REACH who="2" ten="134,250,344,262" step="2"/><W27/><G102/><T107/><D107/><U105/><E105/><V80/><F80/><W114/><G118/><T34/><D34/><U103/><E103/><V120/><F120/><W111/><G111/><T37/><D37/><U129/><E129/><V12/><F12/><W82/><G13/><T78/><D78/><U7/><REACH who="1" step="1"/><E15/><REACH who="1" ten="134,240,344,262" step="2"/><V24/><F24/><W85/><G27/><T83/><D83/><U60/><E60/><V77/><F77/><W135/><G82/><T2/><D2/><U70/><E70/><AGARI ba="0,2" hai="19,21,26,54,55,61,65,70,94,99,100,112,113,115" machi="70" ten="40,8000,1" yaku="1,1,15,1,11,1,52,1,53,0" doraHai="92" doraHaiUra="43" who="2" fromWho="1" sc="134,0,240,-80,344,100,262,0" /><INIT seed="6,0,0,1,4,135" ten="134,160,444,262" oya="2" hai0="110,121,35,98,39,47,134,26,54,20,107,108,93" hai1="119,100,3,13,75,114,81,0,9,102,109,78,116" hai2="34,18,132,21,85,68,59,69,64,77,53,10,91" hai3="58,42,71,128,56,95,127,115,101,67,130,97,1"/><V25/><F64/><W118/><G1/><T87/><D87/><U55/><E109/><V7/><F34/><W8/><G118/><T44/><D44/><U86/><E0/><V61/><F132/><W80/><G127/><T28/><D28/><U30/><E3/><V129/><F129/><N who="3" m="49771" /><G115/><T104/><D104/><U126/><E126/><V41/><F41/><W99/><G8/><T111/><D111/><U103/><E30/><V105/><F105/><W24/><G24/><T51/><D51/><U49/><E75/><V60/><F60/><N who="3" m="40423" /><G80/><T38/><D38/><U89/><E114/><V29/><F77/><W88/><G42/><T14/><D14/><U79/><E116/><V33/><F33/><W125/><G125/><T131/><D131/><U83/><E83/><V73/><F73/><W11/><G11/><T6/><D6/><U16/><REACH who="1" step="1"/><E119/><REACH who="1" ten="134,150,444,262" step="2"/><V117/><F117/><W62/><G62/><T43/><D43/><U133/><E133/><V5/><F61/><W122/><G122/><T17/><D17/><U74/><E74/><V63/><F18/><W76/><G76/><T96/><D96/><U27/><E27/><V84/><F25/><W82/><G82/><T46/><D46/><AGARI ba="0,1" hai="9,13,16,46,49,55,78,79,81,86,89,100,102,103" machi="46" ten="40,8000,1" yaku="1,1,25,2,8,1,54,1,53,0" doraHai="135" doraHaiUra="124" who="1" fromWho="0" sc="134,-80,150,90,444,0,262,0" /><INIT seed="7,0,0,2,3,123" ten="54,240,444,262" oya="3" hai0="72,125,84,13,118,50,126,89,90,3,85,27,114" hai1="70,15,44,112,97,37,61,24,14,71,25,42,34" hai2="115,22,32,29,81,38,48,113,1,36,55,6,100" hai3="82,132,26,110,0,129,87,33,119,68,58,16,40"/><W111/><G0/><T92/><D92/><U21/><E112/><N who="2" m="43083" /><F32/><W49/><G119/><T96/><D96/><U86/><E34/><V98/><F81/><W76/><G68/><T46/><D46/><U102/><E86/><V79/><F79/><W83/><G132/><T12/><D12/><U74/><E74/><V80/><F80/><W41/><G129/><T103/><D103/><U9/><E15/><V109/><F109/><N who="3" m="41483" /><G83/><T31/><D31/><U8/><E61/><V57/><F1/><W95/><G95/><T11/><D11/><U108/><E8/><V105/><F6/><W124/><G124/><T75/><D75/><U117/><E117/><V66/><F66/><W127/><G127/><T122/><D122/><U77/><E77/><V64/><F64/><W54/><G33/><T128/><D128/><U45/><E70/><V23/><F29/><W78/><G78/><T62/><D62/><U56/><E71/><V67/><F67/><W18/><G26/><T104/><D104/><U10/><E25/><V106/><F106/><W2/><G2/><T93/><D93/><U43/><E24/><V107/><F107/><W52/><G54/><T4/><D4/><U101/><E108/><V116/><F116/><W134/><G134/><T20/><D20/><AGARI ba="0,0" hai="20,22,23,36,38,48,55,57,98,100,105" m="43083" machi="20" ten="30,1000,0" yaku="15,1" doraHai="123" who="2" fromWho="0" sc="54,-10,240,0,444,10,262,0" owari="44,-46.0,240,-16.0,454,56.0,262,6.0" /></mjloggm>