<mjloggm ver="2.3"><GO type="41" lobby="0"/><UN n0="%7A%65%6E%74%73%75" n1="%E2%93%9D%53%75%70%68%78" n2="%67%61%63%68%61%70%69%6E" n3="%E3%81%AF%E3%82%8D%E3%81%92%E3%82%93%2E" dan="14,18,14,13" rate="1952.23,2069.85,1981.38,1806.12" sx="M,M,M,M"/><TAIKYOKU oya="0"/><INIT seed="0,0,0,4,5,40" ten="250,250,250,250" oya="0" hai0="38,25,134,99,65,120,47,10,5,132,95,30,13" hai1="56,26,36,27,63,106,59,34,77,122,87,32,121" hai2="22,48,20,115,98,108,39,61,11,31,43,110,109" hai3="117,113,71,128,55,18,57,9,75,107,100,133,37"/><T126/><D120/><U84/><E77/><V130/><F115/><W114/><G71/><T6/><D126/><U125/><E63/><V35/><F39/><W33/><G133/><T82/><D82/><U91/><E36/><V83/><F130/><W118/><G128/><T79/><D79/><U45/><E91/><V1/><F83/><W69/><G69/><T93/><D65/><U12/><E12/><V105/><F61/><W4/><G75/><T64/><D64/><U76/><E76/><V72/><F72/><W129/><G37/><T68/><D68/><U0/><E106/><V96/><F35/><W14/><G33/><N who="0" m="20687" /><D99/><N who="2" m="37930" /><F105/><W24/><G129/><T73/><D5/><U86/><E86/><V88/><F31/><W94/><G107/><T89/><D73/><U3/><REACH who="1" step="1"/><E125/><REACH who="1" ten="250,240,250,250" step="2"/><V102/><F88/><W52/><G114/><T46/><D89/><U81/><E81/><V29/><F108/><W15/><G113/><T23/><D38/><U85/><E85/><V44/><F109/><W97/><G15/><T62/><D62/><U53/><E53/><V2/><F110/><W70/><G70/><T124/><D124/><U60/><E60/><V17/><F1/><W50/><G55/><T8/><D8/><U101/><E101/><V21/><F102/><W74/><G74/><T116/><D116/><U28/><E28/><V92/><F29/><W111/><G111/><T112/><D112/><U67/><E67/><V78/><F78/><W58/><G117/><T16/><D134/><U66/><E66/><V103/><F11/><W119/><G58/><T123/><D132/><RYUUKYOKU ba="0,1" sc="250,-15,240,15,250,-15,250,15" hai1="0,3,26,27,32,34,45,56,59,84,87,121,122" hai3="4,9,14,18,24,50,52,57,94,97,100,118,119" /><INIT seed="1,1,1,2,5,102" ten="235,255,235,265" oya="1" hai0="80,125,98,8,118,84,77,87,5,40,119,13,44" hai1="10,113,30,1,99,73,18,92,46,132,41,52,37" hai2="25,109,91,55,4,129,68,106,130,45,134,100,115" hai3="96,59,116,31,66,126,14,64,58,12,107,104,95"/><U28/><E113/><V127/><F115/><W27/><G126/><T23/><D125/><U54/><E73/><V111/><F127/><W79/><G79/><T108/><D108/><N who="2" m="41546" /><F68/><W128/><G128/><N who="2" m="49257" /><F4/><W51/><G31/><T65/><D65/><U81/><E132/><V38/><F134/><W122/><G27/><T70/><D70/><U57/><E81/><V120/><F120/><W133/><G133/><T53/><D98/><U42/><E42/><N who="2" m="22743" /><F25/><W72/><G72/><T60/><D23/><U16/><E1/><V94/><F55/><W117/><G96/><T121/><D121/><U22/><E54/><V89/><F94/><W76/><G95/><T29/><D29/><U110/><E110/><V48/><F48/><W105/><G51/><T32/><D32/><U61/><E10/><V71/><F71/><W103/><G122/><T2/><D53/><U78/><E18/><V85/><F85/><W131/><G131/><T82/><D60/><U3/><E3/><V74/><F74/><W97/><G117/><T43/><D2/><U19/><E19/><V0/><F0/><W90/><G116/><T67/><D67/><U50/><E50/><V34/><F34/><W39/><G66/><T112/><D112/><U123/><E123/><V56/><F56/><W24/><G64/><T49/><REACH who="0" step="1"/><D43/><REACH who="0" ten="225,255,235,265" step="2"/><U35/><E35/><V26/><F26/><W20/><G24/><T86/><D86/><U63/><E63/><V17/><F17/><W101/><G59/><T21/><D21/><U47/><E57/><V33/><F33/><W75/><G20/><T62/><D62/><RYUUKYOKU ba="1,2" sc="225,15,255,-15,235,15,265,-15" hai0="5,8,13,40,44,49,77,80,82,84,87,118,119" hai2="89,91,100,106" /><INIT seed="2,2,2,0,0,1" ten="240,240,250,250" oya="2" hai0="108,58,60,120,6,63,24,57,135,102,122,2,85" hai1="109,119,91,113,78,117,47,56,132,124,59,66,61" hai2="33,126,131,19,86,127,42,94,64,105,48,133,9" hai3="106,40,52,29,27,75,15,34,65,69,35,51,36"/><V0/><F105/><W81/><G75/><T121/><D102/><U107/><E78/><V74/><F74/><W7/><G81/><T5/><D2/><U43/><E107/><V54/><F33/><W84/><G84/><T87/><D24/><U83/><E91/><V134/><F64/><W12/><G65/><T4/><D135/><N who="2" m="51722" /><F42/><W128/><G69/><T45/><D108/><U50/><E83/><V55/><F86/><N who="0" m="32778" /><D45/><U53/><E132/><V82/><F82/><W39/><G40/><T101/><D101/><U123/><E109/><V72/><F72/><W97/><G51/><T76/><D76/><U25/><E25/><V93/><F131/><W98/><G128/><T11/><D11/><U99/><E43/><V44/><F55/><W118/><G29/><T26/><D26/><U21/><E53/><V70/><F70/><W22/><G52/><T14/><D14/><U49/><E66/><V80/><F80/><W67/><G67/><T104/><D104/><U16/><E47/><V17/><F0/><W8/><G35/><T130/><D130/><U46/><E46/><V71/><F71/><W115/><G34/><T37/><D37/><U100/><E50/><V88/><F9/><W77/><G39/><T89/><D89/><U125/><E49/><V79/><F79/><W95/><G77/><T31/><D31/><U96/><E100/><V41/><F41/><W28/><G36/><T62/><AGARI ba="2,2" hai="4,5,6,57,58,60,62,63,120,121,122" m="32778" machi="62" ten="40,12000,2" yaku="29,2,28,2,52,3" doraHai="1" who="0" fromWho="0" sc="240,146,240,-32,250,-62,250,-32" /><INIT seed="3,0,0,3,0,23" ten="386,208,188,218" oya="3" hai0="86,89,13,90,83,82,38,125,42,123,5,33,104" hai1="18,115,102,59,80,110,135,121,116,127,40,87,41" hai2="93,60,56,100,106,62,55,134,2,25,88,107,67" hai3="35,117,122,6,54,20,34,32,69,101,113,94,11"/><W30/><G113/><T71/><D123/><U128/><E128/><V9/><F134/><W129/><G117/><T81/><D104/><U68/><E68/><V132/><F132/><W58/><G129/><T61/><D125/><U73/><E110/><V64/><F100/><W98/><G69/><T19/><D33/><U119/><E73/><V95/><F95/><W66/><G66/><T79/><D5/><U48/><E121/><V124/><F124/><W103/><G122/><T50/><D38/><U31/><E31/><V57/><F55/><W7/><G103/><T21/><D61/><U85/><E115/><V131/><F131/><W16/><G30/><T47/><D71/><U118/><E135/><V91/><F91/><AGARI ba="0,0" hai="13,19,21,42,47,50,79,81,82,83,86,89,90,91" machi="91" ten="40,1300,0" yaku="8,1" doraHai="23" who="0" fromWho="2" sc="386,13,208,0,188,-13,218,0" /><INIT seed="4,0,0,3,4,123" ten="399,208,175,218" oya="0" hai0="128,24,132,13,46,134,115,125,93,14,7,61,43" hai1="99,75,45,135,44,87,22,27,117,97,73,3,121" hai2="56,85,89,49,54,21,84,31,53,42,40,91,69" hai3="101,126,67,80,83,30,28,124,118,32,25,81,129"/><T62/><D115/><U5/><E121/><V26/><F69/><W16/><G118/><T55/><D55/><U119/><E87/><V76/><F76/><W29/><G129/><T39/><D93/><U47/><E5/><V71/><F71/><W8/><G101/><T86/><D86/><U92/><E3/><V48/><F85/><W4/><G67/><T100/><D100/><U52/><E135/><N who="0" m="51753" /><D24/><U68/><E68/><V108/><F108/><W113/><G113/><T120/><D120/><U58/><E119/><V102/><F102/><W66/><G66/><T6/><D128/><U15/><E117/><V59/><REACH who="2" step="1"/><F91/><REACH who="2" ten="399,208,165,218" step="2"/><W109/><G109/><T74/><D74/><U98/><E75/><V37/><F37/><W9/><G126/><T12/><D125/><U78/><E78/><V64/><F64/><W96/><G124/><T33/><D33/><U0/><E73/><V105/><F105/><W90/><G32/><T94/><D94/><AGARI ba="0,1" hai="21,26,31,40,42,48,49,53,54,56,59,84,89,94" machi="94" ten="30,7700,0" yaku="1,1,7,1,9,1,8,1,53,0" doraHai="123" doraHaiUra="112" who="2" fromWho="0" sc="399,-77,208,0,165,87,218,0" /><INIT seed="5,0,0,2,1,101" ten="322,208,252,218" oya="1" hai0="93,58,78,88,33,16,114,121,92,52,102,97,69" hai1="20,108,53,109,129,14,120,113,132,6,60,105,54" hai2="95,87,91,48,135,17,64,106,0,50,9,89,130" hai3="57,133,115,126,71,24,100,125,29,70,38,34,116"/><U44/><E120/><V35/><F35/><W45/><G115/><T32/><D69/><U127/><E113/><V67/><F135/><W81/><G133/><T80/><D121/><U13/><E132/><V28/><F28/><W4/><G116/><T98/><D114/><U110/><E129/><V117/><F117/><W62/><G4/><T99/><D98/><U118/><E118/><V41/><F130/><W74/><G100/><T75/><REACH who="0" step="1"/><D16/><REACH who="0" ten="312,208,252,218" step="2"/><N who="1" m="10255" /><E127/><V43/><F17/><W25/><G126/><T77/><D77/><U73/><E110/><V124/><F124/><W19/><G125/><T103/><D103/><U18/><E109/><V107/><F0/><W104/><G71/><T27/><D27/><U49/><E108/><V46/><F9/><W72/><G70/><T31/><D31/><U59/><E73/><V11/><F11/><W1/><G74/><T8/><D8/><N who="1" m="6471" /><E105/><V39/><F106/><W61/><G24/><T5/><D5/><AGARI ba="0,1" hai="5,6,44,49,53,54,59,60" m="6471,10255" machi="5" ten="30,2900,0" yaku="8,1,54,1" doraHai="101" who="1" fromWho="0" sc="312,-29,208,39,252,0,218,0" /><INIT seed="5,1,0,4,5,21" ten="283,247,252,218" oya="1" hai0="2,94,103,69,48,119,27,70,131,45,76,120,101" hai1="24,30,122,1,82,32,75,37,78,19,68,121,127" hai2="89,64,117,83,52,3,77,114,28,53,87,116,50" hai3="66,36,34,59,38,22,6,85,57,25,23,10,67"/><U7/><E127/><V126/><F126/><W106/><G34/><T84/><D119/><U62/><E19/><V46/><F3/><W35/><G35/><T13/><D2/><U56/><E37/><V118/><F114/><W8/><G106/><T40/><D131/><U14/><E14/><V80/><F64/><W16/><G85/><T99/><D120/><U65/><REACH who="1" step="1"/><E56/><REACH who="1" ten="283,237,252,218" step="2"/><V43/><REACH who="2" step="1"/><F28/><REACH who="2" ten="283,237,242,218" step="2"/><W115/><G115/><T93/><D69/><U17/><E17/><V71/><F71/><W98/><G16/><T125/><D70/><U123/><E123/><V100/><F100/><W74/><G59/><T79/><D125/><U104/><E104/><V110/><F110/><W61/><G57/><T5/><D27/><U9/><AGARI ba="1,2" hai="1,7,9,24,30,32,62,65,68,75,78,82,121,122" machi="9" ten="30,18000,2" yaku="1,1,0,1,23,2,52,1,53,1" doraHai="21" doraHaiUra="0" who="1" fromWho="1" sc="283,-61,237,203,242,-61,218,-61" /><INIT seed="5,2,0,3,4,76" ten="222,440,181,157" oya="1" hai0="58,127,54,93,95,42,131,34,32,56,79,33,77" hai1="49,50,19,114,91,103,39,85,115,88,38,104,0" hai2="25,36,122,18,60,17,13,4,132,70,15,35,75" hai3="134,59,130,98,135,21,41,43,29,80,63,37,89"/><U45/><E0/><V107/><F122/><W99/><G130/><T112/><D112/><N who="1" m="43051" /><E50/><V69/><F107/><W109/><G109/><T44/><D131/><U116/><E91/><V30/><F36/><W66/><G135/><T123/><D123/><U64/><E64/><V73/><F60/><W57/><G134/><T121/><D121/><U53/><E19/><V7/><F132/><W9/><G9/><T16/><D127/><U46/><E46/><V65/><F65/><W12/><G37/><T6/><D6/><U40/><E116/><V101/><F101/><W48/><G99/><T129/><D129/><U27/><E27/><V105/><F105/><W74/><G74/><T100/><D100/><U26/><E26/><V110/><F25/><W86/><G12/><T28/><D28/><U52/><E39/><V78/><F78/><W8/><G21/><T68/><D68/><U106/><E49/><V128/><F128/><W84/><G48/><T51/><D42/><U90/><E90/><V113/><F113/><W125/><G41/><T31/><D31/><U20/><E20/><V81/><F30/><W119/><G29/><T61/><D32/><U108/><E108/><V82/><REACH who="2" step="1"/><F110/><REACH who="2" ten="222,440,171,157" step="2"/><W67/><G66/><T1/><D33/><AGARI ba="2,1" hai="4,7,13,15,17,18,33,35,69,70,73,75,81,82" machi="33" ten="25,12000,2" yaku="1,1,2,1,22,2,52,2,53,0" doraHai="76" doraHaiUra="117" who="2" fromWho="0" sc="222,-126,440,0,171,136,157,0" /><INIT seed="6,0,0,1,5,79" ten="96,440,307,157" oya="2" hai0="17,62,34,86,5,131,7,26,66,9,31,85,13" hai1="36,28,97,52,2,24,135,87,75,23,128,74,106" hai2="38,14,122,129,25,50,0,130,114,115,81,101,70" hai3="110,134,59,84,69,29,21,76,6,65,12,45,123"/><V46/><F122/><W127/><G59/><T40/><D131/><N who="2" m="50186" /><F38/><W35/><G45/><T63/><D40/><U125/><E2/><V96/><F0/><W16/><G65/><T20/><D7/><U104/><E125/><V58/><F70/><W8/><G127/><T88/><D66/><U10/><E106/><N who="2" m="63783" /><F58/><W124/><G69/><T37/><D37/><U77/><E104/><V72/><F25/><W120/><G124/><T32/><D86/><U30/><E24/><V47/><F14/><W60/><G60/><T103/><D103/><U117/><E36/><V126/><F126/><W48/><G48/><T49/><D49/><U118/><E128/><V78/><F46/><W95/><G123/><T82/><REACH who="0" step="1"/><D34/><REACH who="0" ten="86,440,307,157" step="2"/><U41/><E41/><AGARI ba="0,1" hai="41,47,50,72,78,81,114,115" m="63783,50186" machi="41" ten="30,2900,0" yaku="19,1,52,1" doraHai="79" who="2" fromWho="1" sc="86,0,440,-29,307,39,157,0" /><INIT seed="6,1,0,3,1,40" ten="86,411,346,157" oya="2" hai0="83,56,39,71,93,84,10,3,32,122,80,47,125" hai1="28,121,1,12,67,16,110,117,26,118,101,74,13" hai2="19,108,15,25,43,131,33,82,52,115,51,8,81" hai3="38,109,41,105,55,79,73,104,30,17,36,77,112"/><V22/><F115/><W128/><G112/><T9/><D71/><U111/><E67/><V0/><F131/><W48/><G128/><T11/><D125/><U97/><E101/><V64/><F43/><W24/><G109/><N who="1" m="41482" /><E97/><V107/><F107/><W23/><G41/><T103/><D122/><U126/><E74/><V21/><F64/><W42/><G105/><T127/><D127/><U61/><E61/><V89/><F33/><W134/><G104/><T54/><D32/><N who="1" m="20503" /><E126/><V53/><F108/><W20/><G134/><T130/><D3/><U132/><E1/><V95/><F0/><W106/><G106/><T116/><D116/><U66/><E66/><V87/><F53/><W123/><G123/><T92/><D130/><U90/><E90/><V62/><F62/><W14/><G73/><T27/><D27/><U49/><E49/><V4/><REACH who="2" step="1"/><F22/><REACH who="2" ten="86,411,336,157" step="2"/><W46/><REACH who="3" step="1"/><G42/><REACH who="3" ten="86,411,336,147" step="2"/><T44/><D39/><AGARI ba="1,2" hai="14,17,20,23,24,30,36,38,39,46,48,55,77,79" machi="39" ten="40,5200,0" yaku="1,1,2,1,52,1,53,0" doraHai="40" doraHaiUra="120" who="3" fromWho="0" sc="86,-55,411,0,336,0,147,75" /><INIT seed="7,0,0,2,0,95" ten="31,411,336,222" oya="3" hai0="67,31,88,110,28,54,36,66,70,104,18,93,58" hai1="7,102,96,72,1,123,106,52,40,9,61,126,86" hai2="55,64,14,53,130,112,113,83,2,59,19,124,68" hai3="120,34,46,69,122,125,24,90,108,121,5,128,103"/><W135/><BYE who="0" /><G69/><T118/><D118/><U51/><E72/><V6/><F130/><W22/><G128/><T80/><D80/><U127/><E123/><V92/><F124/><N who="1" m="47657" /><E40/><V30/><F6/><W60/><G125/><T56/><D56/><N who="1" m="34951" /><E51/><V81/><F2/><W107/><G135/><T77/><D77/><U33/><E86/><V116/><F116/><W3/><G34/><AGARI ba="0,0" hai="1,7,9,33,34,96,102,106" m="34951,47657" machi="34" ten="30,3900,0" yaku="18,1,52,1,54,1" doraHai="95" who="1" fromWho="3" sc="31,0,411,39,336,0,222,-39" owari="31,-47.0,450,55.0,336,14.0,183,-22.0" /></mjloggm>