<mjloggm ver="2.3"><GO type="41" lobby="0"/><UN n0="%E7%8E%89%E7%B1%B3%E7%9A%84%E7%94%9C%E7%82%B9" n1="%E7%9F%B3%E4%B8%8A%E9%9D%99%E9%A6%99" n2="%E6%AF%94%E5%98%89%E7%A7%80%E4%BB%81" n3="%E2%93%9D%53%75%70%68%78" dan="14,13,15,16" rate="1960.37,1867.86,2006.94,2022.09" sx="M,M,M,M"/><TAIKYOKU oya="0"/><INIT seed="0,0,0,3,5,132" ten="250,250,250,250" oya="0" hai0="8,32,67,110,81,19,128,88,98,109,28,111,55" hai1="122,46,35,41,29,115,94,70,85,3,74,73,2" hai2="23,106,69,62,130,118,96,133,104,97,112,66,56" hai3="92,123,11,120,83,33,60,15,65,24,131,121,72"/><T101/><D67/><U31/><E122/><V37/><F37/><W7/><G131/><T91/><D128/><U119/><E119/><V129/><F129/><W57/><G92/><N who="0" m="58567" /><D81/><U1/><E115/><V90/><F130/><W134/><G134/><T5/><D19/><U34/><E70/><V114/><F133/><W12/><G12/><N who="0" m="5135" /><D55/><U49/><E74/><V26/><F118/><W99/><G99/><T52/><D52/><U14/><E14/><V86/><F69/><W108/><G83/><T22/><D32/><U93/><E73/><V127/><F114/><W75/><REACH who="3" step="1"/><G108/><REACH who="3" ten="250,250,250,240" step="2"/><T27/><AGARI ba="0,1" hai="22,27,28,88,91,109,110,111" m="5135,58567" machi="27" ten="40,7800,0" yaku="14,1,10,1,54,1" doraHai="132" who="0" fromWho="0" sc="250,88,250,-26,250,-26,240,-26" /><INIT seed="0,1,0,5,0,64" ten="338,224,224,214" oya="0" hai0="125,98,55,86,26,48,118,41,126,39,111,89,54" hai1="97,57,80,71,68,77,53,21,70,65,56,4,1" hai2="128,11,44,121,31,83,47,5,3,28,45,46,29" hai3="129,73,122,75,79,22,76,113,24,37,123,99,23"/><T87/><D118/><U103/><E1/><V6/><F121/><N who="3" m="46091" /><G37/><T93/><D39/><U120/><E120/><V131/><N who="2" m="11264" /><DORA hai="52" /><V110/><F110/><W107/><G129/><N who="2" m="49737" /><F83/><W119/><G24/><T7/><D41/><U59/><E4/><AGARI ba="1,0" hai="3,4,5,6,11,28,29,31" m="49737,11264" machi="4" ten="50,1600,0" yaku="19,1" doraHai="64,52" who="2" fromWho="1" sc="338,0,224,-19,224,19,214,0" /><INIT seed="1,0,0,1,5,0" ten="338,205,243,214" oya="1" hai0="14,122,23,124,19,44,56,8,73,41,52,40,68" hai1="107,111,91,6,118,57,135,105,87,11,28,30,34" hai2="125,26,81,98,71,33,59,99,67,97,29,45,49" hai3="43,4,64,58,47,50,78,13,120,25,129,60,62"/><U10/><E10/><V131/><F131/><W84/><G129/><T27/><D73/><U75/><E118/><V31/><F125/><W12/><G120/><T51/><D124/><U90/><E75/><V80/><F71/><W72/><G72/><T35/><D122/><U126/><E126/><V104/><F104/><W46/><G25/><T48/><D68/><U106/><E135/><V17/><F31/><W2/><G62/><T21/><D35/><U65/><E34/><V39/><F39/><W128/><G128/><T86/><D86/><U108/><E57/><V89/><F89/><N who="1" m="33801" /><E65/><V77/><F17/><W5/><G2/><T109/><D109/><N who="1" m="42059" /><E87/><V38/><F38/><W95/><G47/><T115/><D115/><U82/><E82/><V79/><F59/><W113/><G113/><T127/><D127/><U66/><E66/><V134/><F67/><W1/><G1/><AGARI ba="0,0" hai="1,6,11,28,30,105,106,107" m="42059,33801" machi="1" ten="40,7700,0" yaku="14,1,10,1,52,1" doraHai="0" who="1" fromWho="3" sc="338,0,205,77,243,0,214,-77" /><INIT seed="1,1,0,5,4,14" ten="338,282,243,137" oya="1" hai0="89,41,122,69,123,70,128,84,31,26,35,73,0" hai1="124,52,3,119,45,87,15,125,23,107,42,135,79" hai2="51,94,114,101,8,57,59,62,81,83,20,48,6" hai3="5,34,126,86,63,11,127,16,95,44,97,90,111"/><U12/><E107/><V115/><F20/><W2/><G34/><T68/><D73/><U112/><E119/><V105/><F105/><W46/><G111/><T27/><D0/><U106/><E106/><V4/><F94/><W24/><G63/><T38/><D128/><U92/><E3/><V9/><F62/><W134/><G134/><T47/><D26/><U1/><E1/><V132/><REACH who="2" step="1"/><F101/><REACH who="2" ten="338,282,233,137" step="2"/><W129/><G129/><T100/><REACH who="0" step="1"/><D100/><REACH who="0" ten="328,282,233,137" step="2"/><U17/><E92/><AGARI ba="1,2" hai="27,31,35,38,41,47,68,69,70,84,89,92,122,123" machi="92" ten="40,5200,0" yaku="1,1,2,1,53,1" doraHai="14" doraHaiUra="39" who="0" fromWho="1" sc="328,75,282,-55,233,0,137,0" /><INIT seed="2,0,0,1,4,15" ten="403,227,233,137" oya="2" hai0="36,63,37,49,134,65,23,109,22,32,25,103,130" hai1="74,50,112,83,33,44,9,133,126,60,93,131,28" hai2="120,39,56,0,55,10,51,8,99,123,94,27,2" hai3="72,89,110,96,61,135,98,119,114,77,20,91,101"/><V66/><F39/><W16/><G119/><T57/><D109/><U45/><E112/><V69/><F69/><W117/><G117/><T124/><D130/><U104/><E104/><V4/><F66/><W62/><G110/><T111/><D111/><U97/><E126/><V129/><F27/><W48/><G135/><T86/><D124/><U90/><E133/><V121/><F129/><W125/><G125/><T81/><D103/><U73/><E45/><V19/><F19/><W41/><G77/><T42/><D32/><U18/><E28/><V52/><F55/><W17/><G72/><T3/><D3/><U64/><E83/><V54/><F54/><W1/><G1/><T5/><D5/><U40/><E33/><V88/><REACH who="2" step="1"/><F123/><REACH who="2" ten="403,227,223,137" step="2"/><W7/><G17/><T82/><D134/><U13/><E131/><V70/><F70/><AGARI ba="0,1" hai="9,13,18,40,44,50,60,64,70,73,74,90,93,97" machi="70" ten="30,2000,0" yaku="7,1,52,1" doraHai="15" who="1" fromWho="2" sc="403,0,227,30,223,-20,137,0" /><INIT seed="3,0,0,3,0,116" ten="403,257,203,137" oya="3" hai0="7,75,1,6,24,63,13,21,134,8,44,19,78" hai1="18,48,109,45,83,17,55,10,124,61,65,56,113" hai2="103,123,59,71,33,101,130,9,91,53,102,126,119" hai3="58,72,25,95,15,89,28,40,26,86,135,67,32"/><W107/><G135/><T43/><D134/><U81/><E109/><V2/><F33/><W93/><G107/><T11/><D63/><U98/><E124/><V73/><F126/><W35/><G72/><T88/><D78/><U60/><E113/><V31/><F119/><W54/><G40/><T4/><D75/><U82/><E10/><V122/><F71/><W52/><G15/><T57/><D57/><U16/><E98/><V49/><F73/><W47/><G47/><T114/><D114/><U112/><E112/><V29/><F91/><W131/><G131/><T34/><D88/><U79/><REACH who="1" step="1"/><E60/><REACH who="1" ten="403,247,203,137" step="2"/><V128/><F9/><W92/><G67/><T23/><D43/><U39/><E39/><V104/><F2/><W84/><G54/><T77/><D44/><U129/><E129/><N who="2" m="49771" /><F104/><W3/><G3/><T120/><D77/><AGARI ba="0,1" hai="16,17,18,45,48,55,56,61,65,77,79,81,82,83" machi="77" ten="40,5200,0" yaku="1,1,8,1,54,1,53,0" doraHai="116" doraHaiUra="97" who="1" fromWho="0" sc="403,-52,247,62,203,0,137,0" /><INIT seed="4,0,0,0,1,68" ten="351,309,203,137" oya="0" hai0="130,16,55,76,53,116,24,106,14,57,26,47,4" hai1="122,3,72,7,120,128,36,39,13,123,107,30,88" hai2="117,103,125,56,131,91,23,73,46,121,104,99,110" hai3="124,118,65,67,98,114,15,41,109,5,54,2,32"/><T52/><D116/><U61/><E30/><V126/><F121/><W86/><G118/><T17/><D106/><U27/><E13/><V87/><F117/><W108/><G2/><T89/><D130/><U34/><E128/><V10/><F73/><W64/><G32/><T78/><D47/><U51/><E51/><V45/><F131/><W80/><G114/><T20/><D4/><U40/><E40/><V43/><F110/><W93/><G124/><N who="2" m="47721" /><F10/><W113/><G113/><T31/><D89/><U11/><E61/><V75/><F75/><W1/><G1/><T96/><D96/><U100/><E72/><V12/><F56/><W119/><G119/><T79/><D57/><U82/><E82/><N who="2" m="49655" /><F43/><W60/><G41/><T29/><REACH who="0" step="1"/><D24/><REACH who="0" ten="341,309,203,137" step="2"/><U81/><E88/><V112/><F112/><W9/><G109/><T22/><AGARI ba="0,1" hai="14,16,17,20,22,26,29,31,52,53,55,76,78,79" machi="22" ten="40,18000,2" yaku="1,1,2,1,0,1,8,1,54,2,53,0" doraHai="68" doraHaiUra="42" who="0" fromWho="0" sc="341,190,309,-60,203,-60,137,-60" /><INIT seed="4,1,0,5,0,27" ten="531,249,143,77" oya="0" hai0="1,12,96,81,31,42,74,82,28,53,36,52,66" hai1="56,63,87,16,70,13,106,130,104,98,10,113,126" hai2="49,65,40,61,124,48,127,11,45,0,54,75,22" hai3="72,32,118,90,57,80,7,18,58,2,123,35,76"/><T103/><D1/><U33/><E33/><V102/><F75/><W132/><G118/><T114/><D114/><U89/><E126/><N who="2" m="48171" /><F102/><W50/><G132/><T119/><D119/><U47/><E130/><V83/><F83/><W34/><G123/><T71/><D71/><U110/><E110/><V128/><F22/><W44/><G18/><T121/><D121/><U97/><E104/><V135/><F11/><W109/><G109/><T4/><D74/><U122/><E106/><V39/><F0/><W41/><REACH who="3" step="1"/><G90/><REACH who="3" ten="531,249,143,67" step="2"/><T117/><D117/><U134/><E89/><V125/><F125/><W73/><G73/><T14/><D4/><U46/><E16/><V99/><F135/><W101/><G101/><T37/><D103/><U111/><E134/><V85/><F128/><W3/><G3/><T116/><D116/><U129/><E111/><V133/><F133/><W67/><G67/><T19/><D66/><U43/><E122/><V15/><F65/><W60/><G60/><T23/><D19/><U20/><E63/><V5/><F61/><W68/><G68/><T105/><D105/><U93/><E70/><V62/><F62/><W30/><G30/><T115/><D115/><U64/><E64/><V95/><F5/><W84/><G84/><T94/><D96/><U21/><E113/><V6/><F85/><W26/><G26/><T107/><D107/><U51/><E87/><V91/><F6/><W108/><G108/><T131/><D131/><U25/><E97/><V69/><F69/><W112/><G112/><T9/><D31/><U79/><E129/><V77/><F91/><RYUUKYOKU ba="1,1" sc="531,-10,249,-10,143,-10,67,30" hai3="2,7,32,34,35,41,44,50,57,58,72,76,80" /><INIT seed="5,2,1,1,5,22" ten="521,239,133,97" oya="1" hai0="106,95,80,31,111,71,89,53,50,54,91,105,86" hai1="99,44,96,125,79,38,121,15,92,117,40,129,0" hai2="18,101,1,11,108,52,110,45,102,25,93,63,116" hai3="13,2,72,7,43,90,10,85,62,61,36,68,16"/><U57/><E117/><V128/><F116/><W42/><G72/><T120/><D111/><U115/><E121/><V109/><F128/><W124/><G124/><T5/><D71/><U58/><E129/><V84/><F1/><W51/><G36/><T74/><D5/><U97/><E115/><V64/><F11/><W55/><G2/><T67/><D67/><U113/><E113/><V126/><F126/><W65/><G62/><T114/><D114/><U8/><E125/><V24/><F18/><W49/><G49/><T112/><D112/><U9/><E9/><V20/><F20/><W81/><REACH who="3" step="1"/><G7/><REACH who="3" ten="521,239,133,87" step="2"/><T103/><D74/><U66/><E0/><V4/><F4/><W82/><G82/><T47/><D120/><U83/><E83/><V94/><F110/><W77/><G77/><T29/><D54/><U127/><E79/><V133/><F109/><W12/><G12/><T23/><D80/><U41/><E41/><V132/><F108/><W87/><G87/><T32/><D86/><U46/><E40/><V75/><F75/><W48/><G48/><T69/><D50/><U30/><E38/><V76/><F76/><W134/><G134/><T6/><D53/><U26/><E127/><V118/><F84/><W60/><G60/><T21/><D6/><U59/><E66/><V100/><F133/><W78/><G78/><T14/><D14/><U34/><E15/><V27/><F132/><W104/><G104/><T130/><D105/><U88/><E92/><V35/><F118/><W98/><G98/><T70/><D95/><U33/><E97/><V39/><F39/><RYUUKYOKU ba="2,2" sc="521,-10,239,-10,133,-10,87,30" hai3="10,13,16,42,43,51,55,61,65,68,81,85,90" /><INIT seed="6,3,2,1,3,61" ten="511,229,123,117" oya="2" hai0="39,50,64,16,90,32,104,2,22,101,54,135,81" hai1="76,62,97,57,122,28,105,25,36,129,4,33,46" hai2="115,12,107,24,78,43,96,6,71,52,85,18,133" hai3="94,74,127,92,121,3,73,100,111,87,31,45,118"/><V83/><F71/><W47/><G3/><T128/><D32/><U63/><E129/><V98/><F107/><W59/><G31/><T17/><D39/><U19/><E122/><V89/><F115/><W23/><G23/><T99/><D2/><U113/><E4/><V126/><F126/><W10/><G10/><T95/><D128/><U131/><E131/><V35/><F133/><W15/><G15/><T120/><D120/><U53/><E76/><V27/><F35/><W65/><G121/><T7/><D7/><U41/><E113/><V86/><F43/><W44/><G111/><T80/><D64/><U124/><E19/><V119/><F119/><W108/><G108/><T49/><D50/><U103/><E124/><V14/><F6/><W125/><G118/><T55/><D54/><U109/><E109/><V114/><F52/><W38/><G38/><T69/><D69/><U29/><E28/><V123/><F123/><W117/><G117/><T66/><D66/><U26/><E26/><N who="2" m="9771" /><F114/><W40/><G40/><T48/><D48/><AGARI ba="3,2" hai="25,29,33,36,41,46,48,53,57,62,63,97,103,105" machi="48" ten="30,1000,0" yaku="7,1" doraHai="61" who="1" fromWho="0" sc="511,-19,229,39,123,0,117,0" /><INIT seed="7,0,0,2,2,30" ten="492,268,123,117" oya="3" hai0="93,27,45,69,91,83,24,115,80,116,96,53,77" hai1="17,59,100,37,89,31,14,60,54,64,4,71,51" hai2="127,122,88,85,73,121,7,76,41,106,57,94,35" hai3="58,20,34,98,129,3,62,118,103,48,68,23,26"/><W0/><G118/><T11/><D69/><U74/><E74/><V134/><F35/><W61/><G129/><T86/><D116/><U105/><E4/><V124/><F106/><W111/><G111/><T13/><D115/><U112/><E100/><V125/><F134/><W6/><G48/><N who="0" m="28815" /><D83/><U70/><E105/><V18/><F7/><AGARI ba="0,0" hai="7,11,13,24,27,77,80,86,91,93,96" m="28815" machi="7" ten="30,1000,0" yaku="8,1" doraHai="30" who="0" fromWho="2" sc="492,10,268,0,123,-10,117,0" owari="502,60.0,268,7.0,113,-39.0,117,-28.0" /></mjloggm>