<mjloggm ver="2.3"><GO type="41" lobby="0"/><UN n0="%E2%93%9D%53%75%70%68%78" n1="%74%61%6B%74%61%6B" n2="%79%30%69%63%68%69%72%6F" n3="%50%41%4C%34%35" dan="18,14,13,13" rate="2079.12,1933.58,1802.08,1826.28" sx="M,M,M,M"/><TAIKYOKU oya="0"/><INIT seed="0,0,0,4,4,69" ten="250,250,250,250" oya="0" hai0="80,64,90,27,55,82,123,14,53,0,33,129,35" hai1="109,52,11,96,2,42,9,71,105,46,91,99,15" hai2="74,17,29,84,83,49,41,1,34,85,110,40,100" hai3="118,114,127,72,19,95,54,58,113,59,23,97,48"/><T70/><D123/><U24/><E71/><V81/><F110/><W104/><G72/><T94/><D0/><U121/><E109/><V20/><F1/><W28/><G104/><T107/><D107/><U122/><E99/><V98/><F34/><W133/><G118/><T89/><D70/><U16/><E24/><V115/><F29/><W13/><G127/><T86/><D129/><U65/><E65/><V32/><F32/><W134/><G28/><T44/><D64/><U108/><E108/><V135/><F135/><N who="3" m="51723" /><G59/><T92/><D14/><U131/><E131/><V38/><F38/><W116/><G116/><T68/><D68/><U4/><E52/><V76/><F115/><W111/><G111/><T8/><D27/><U78/><E78/><V30/><F30/><W6/><G6/><T25/><D25/><U37/><REACH who="1" step="1"/><E91/><AGARI ba="0,0" hai="13,19,23,48,54,58,91,95,97,113,114" m="51723" machi="91" ten="30,1000,0" yaku="20,1" doraHai="69" who="3" fromWho="1" sc="250,0,250,-10,250,0,250,10" /><INIT seed="1,0,0,2,3,44" ten="250,240,250,260" oya="1" hai0="76,129,105,61,128,58,66,90,118,96,124,70,21" hai1="104,22,20,11,33,59,0,68,97,85,5,8,23" hai2="17,126,24,131,99,25,49,39,83,88,92,127,10" hai3="7,94,12,57,84,119,109,32,4,1,9,30,72"/><U91/><E68/><V45/><F131/><N who="0" m="50250" /><D118/><U89/><E33/><V50/><F83/><W95/><G72/><T69/><D76/><U75/><E75/><V74/><F74/><W101/><G119/><T121/><D124/><N who="2" m="47658" /><F39/><W13/><G109/><T15/><D121/><U6/><E59/><V102/><F45/><W79/><G32/><T46/><D46/><U71/><E71/><V111/><F111/><W63/><G30/><T130/><D130/><U132/><E132/><V27/><F102/><W34/><G34/><T87/><D96/><U107/><E97/><V2/><F2/><W56/><G1/><T123/><D105/><U78/><E78/><V100/><F100/><W82/><G101/><T98/><D98/><U28/><E28/><V114/><F114/><W106/><G106/><T115/><D115/><U110/><E91/><V14/><AGARI ba="0,0" hai="10,14,17,24,25,27,49,50,88,92,99" m="47658" machi="14" ten="40,8000,1" yaku="18,1,52,2,54,1" doraHai="44" who="2" fromWho="2" sc="250,-20,240,-40,250,80,260,-20" /><INIT seed="2,0,0,3,1,23" ten="230,200,330,240" oya="2" hai0="55,18,10,19,116,115,68,132,25,75,117,70,102" hai1="130,56,106,91,45,5,95,48,40,83,61,29,109" hai2="30,65,21,119,41,42,33,110,32,80,101,135,66" hai3="39,79,3,104,107,49,111,85,112,81,74,8,128"/><V67/><F119/><N who="0" m="45642" /><D115/><U120/><E106/><V134/><F101/><W46/><G39/><T86/><D75/><U82/><E109/><V7/><F7/><W76/><G111/><T2/><D132/><N who="2" m="50730" /><F80/><W54/><G112/><T100/><D55/><U105/><E130/><V71/><F71/><N who="0" m="27178" /><D86/><U38/><E105/><V98/><F98/><W133/><G128/><T16/><D25/><U37/><E120/><V72/><F72/><W1/><G133/><T78/><D78/><U12/><E29/><V118/><F118/><W92/><G1/><T50/><D50/><U15/><E38/><V69/><F69/><W60/><G60/><T53/><D53/><U44/><E5/><AGARI ba="0,0" hai="2,5,10,16,18,19,100,102" m="27178,45642" machi="5" ten="40,2600,0" yaku="12,1,54,1" doraHai="23" who="0" fromWho="1" sc="230,26,200,-26,330,0,240,0" /><INIT seed="3,0,0,3,0,50" ten="256,174,330,240" oya="3" hai0="24,3,112,44,65,135,14,94,73,75,30,118,47" hai1="101,92,77,10,67,100,105,61,84,128,87,115,35" hai2="59,52,82,133,43,78,83,86,107,97,80,71,22" hai3="13,114,109,54,18,124,4,74,110,26,126,79,64"/><W129/><G114/><T68/><D118/><U29/><E115/><V32/><F32/><W39/><G39/><T90/><D3/><U23/><E128/><V58/><F71/><W111/><G64/><T70/><D135/><U49/><E105/><V66/><F133/><W103/><G103/><T15/><D65/><U55/><E35/><V17/><F107/><W1/><G129/><T40/><D24/><U20/><E10/><V27/><F43/><W127/><G79/><T2/><D2/><U122/><E122/><V11/><F97/><W99/><G99/><T53/><D30/><U85/><E77/><V51/><F11/><W7/><G74/><T88/><D40/><U95/><E101/><V113/><REACH who="2" step="1"/><F113/><REACH who="2" ten="256,174,320,240" step="2"/><W125/><N who="3" m="31744" /><DORA hai="9" /><W93/><G1/><T102/><D112/><U130/><E130/><V72/><F72/><W0/><G0/><T37/><D75/><U119/><E119/><V48/><F48/><W33/><G33/><T91/><D73/><U36/><E36/><V120/><F120/><W41/><G41/><T98/><D37/><U16/><E29/><V21/><F21/><N who="3" m="11471" /><G26/><T34/><D34/><U106/><E106/><V117/><F117/><W81/><G81/><T116/><D116/><U5/><E100/><V38/><F38/><W42/><G42/><T57/><D70/><N who="1" m="42351" /><E23/><V96/><F96/><W69/><G69/><T19/><D68/><U104/><E104/><V131/><F131/><W28/><G28/><T31/><D31/><U25/><E5/><N who="3" m="2122" /><G93/><T45/><D19/><U8/><E8/><V134/><F134/><W63/><G111/><RYUUKYOKU ba="0,1" sc="256,0,174,0,320,0,240,0" hai0="14,15,44,45,47,53,57,88,90,91,94,98,102" hai1="16,20,25,49,55,84,85,87,92,95" hai2="17,22,27,51,52,58,59,66,78,80,82,83,86" hai3="54,63,109,110" /><INIT seed="3,1,1,2,0,55" ten="256,174,320,240" oya="3" hai0="31,24,95,56,81,94,39,106,7,9,65,103,59" hai1="77,66,46,58,6,99,21,16,117,37,107,84,25" hai2="102,90,118,122,17,115,40,104,113,33,129,32,127" hai3="114,18,54,80,8,38,4,78,128,41,52,22,34"/><W98/><G114/><T108/><D39/><U0/><E117/><V49/><F118/><W101/><G34/><T28/><D106/><U124/><E124/><V30/><F127/><W74/><G128/><T87/><D108/><U110/><E110/><V67/><F129/><W1/><G38/><T71/><D71/><U68/><E68/><V36/><F36/><W73/><G41/><T133/><D133/><U79/><E0/><V89/><F67/><W29/><G29/><N who="0" m="11339" /><D65/><U91/><E6/><V35/><F17/><W100/><G74/><T97/><D95/><U51/><E37/><V53/><F40/><W69/><G69/><T123/><D24/><U132/><E132/><V119/><F119/><W121/><G121/><T27/><D27/><U76/><E107/><V13/><F13/><W75/><G75/><T134/><D123/><U42/><E99/><V130/><F102/><W62/><G62/><T2/><D2/><U15/><E25/><V109/><F104/><W14/><G101/><T47/><D47/><U83/><REACH who="1" step="1"/><E79/><REACH who="1" ten="256,164,320,240" step="2"/><V5/><F5/><W70/><G70/><T92/><D134/><U93/><E93/><AGARI ba="1,2" hai="1,4,8,14,18,22,52,54,73,78,80,93,98,100" machi="93" ten="30,2900,0" yaku="7,1,54,1" doraHai="55" who="3" fromWho="1" sc="256,0,164,-32,320,0,240,52" /><INIT seed="3,2,0,1,0,115" ten="256,132,320,292" oya="3" hai0="58,12,7,80,135,8,105,24,20,14,93,69,122" hai1="3,38,81,94,128,19,59,34,11,125,77,51,82" hai2="55,32,91,96,132,28,4,67,47,121,60,21,108" hai3="130,13,22,84,98,116,85,53,15,10,31,23,92"/><W66/><G130/><T64/><D69/><U9/><E128/><V134/><F108/><W1/><G116/><T18/><D105/><U101/><E125/><V17/><F4/><W62/><G1/><T5/><D122/><U56/><E34/><V2/><F2/><W30/><G53/><T107/><D107/><U68/><E38/><V40/><F55/><W76/><G76/><T112/><D135/><U75/><E68/><V106/><F28/><W41/><G41/><T65/><D80/><U45/><E3/><V133/><F32/><W36/><G36/><T37/><D112/><U74/><E94/><V114/><F114/><W110/><G110/><T104/><D104/><U95/><E95/><V119/><F119/><W118/><G118/><T120/><D120/><U88/><E101/><N who="2" m="62759" /><F91/><W61/><G66/><T100/><D37/><U44/><E51/><V113/><F121/><W35/><G35/><T78/><D78/><U124/><E77/><V129/><F129/><W126/><G126/><T42/><D42/><U27/><E124/><V49/><F17/><N who="3" m="10543" /><G23/><T0/><D0/><U103/><E103/><V72/><F21/><W71/><G71/><T57/><D65/><U16/><REACH who="1" step="1"/><E27/><REACH who="1" ten="256,122,320,292" step="2"/><V70/><F113/><W102/><G61/><T109/><D109/><U54/><E54/><V131/><F131/><W73/><G62/><T90/><D100/><U89/><AGARI ba="2,1" hai="9,11,16,19,44,45,56,59,74,75,81,82,88,89" machi="89" ten="25,16000,3" yaku="1,1,0,1,22,2,54,2,53,2" doraHai="115" doraHaiUra="79" who="1" fromWho="1" sc="256,-42,122,176,320,-42,292,-82" /><INIT seed="4,0,0,3,2,15" ten="214,298,278,210" oya="0" hai0="59,28,10,1,76,84,44,61,129,30,51,112,22" hai1="99,9,133,117,33,70,7,77,122,52,29,96,126" hai2="47,89,93,23,8,92,32,39,97,2,48,6,66" hai3="13,27,124,128,116,17,120,109,106,118,67,55,71"/><T62/><D112/><U94/><E122/><V36/><F32/><W123/><G106/><T46/><D129/><U107/><E117/><V108/><F108/><W103/><G103/><T31/><D1/><U88/><E70/><V45/><F66/><W119/><G71/><T132/><D132/><U49/><E126/><V18/><F93/><W54/><G67/><T0/><D0/><U101/><E77/><V53/><REACH who="2" step="1"/><F45/><REACH who="2" ten="214,298,268,210" step="2"/><W98/><G124/><T80/><D46/><U75/><E33/><V86/><F86/><W63/><G98/><T121/><D121/><N who="3" m="46665" /><G128/><T131/><D131/><U58/><E75/><V3/><F3/><W68/><G109/><T40/><D59/><U87/><E87/><V130/><F130/><W11/><G68/><T127/><D127/><U56/><E56/><V4/><F4/><N who="3" m="3303" /><G63/><T85/><D85/><U26/><E99/><V21/><F21/><AGARI ba="0,1" hai="17,21,27,54,55,116,118,119" m="3303,46665" machi="21" ten="40,2600,0" yaku="13,1,52,1" doraHai="15" who="3" fromWho="2" sc="214,0,298,0,268,-26,210,36" /><INIT seed="5,0,0,3,1,113" ten="214,298,242,246" oya="1" hai0="47,58,56,134,85,118,13,127,59,50,99,14,96" hai1="110,27,82,33,55,0,122,81,97,92,38,46,116" hai2="22,23,125,19,112,29,5,48,10,18,25,1,114" hai3="123,28,39,64,36,16,15,41,131,77,7,17,43"/><U54/><E116/><V89/><F89/><W4/><G123/><T115/><D115/><N who="2" m="44074" /><F48/><W62/><G131/><T107/><D134/><U78/><E0/><V57/><F57/><W93/><G28/><T100/><D127/><U84/><E122/><V106/><F106/><W42/><G77/><T72/><D72/><U103/><E110/><V70/><F70/><W126/><G17/><N who="2" m="6153" /><F125/><W40/><G126/><T49/><D118/><U35/><E82/><V8/><F8/><W102/><G36/><T120/><D120/><U20/><E38/><V111/><F111/><W91/><G102/><T68/><D68/><U11/><E11/><V135/><F135/><W88/><G91/><T74/><D50/><U24/><E46/><V60/><F60/><W3/><G3/><T34/><D47/><U87/><E87/><V75/><F75/><W2/><G2/><T132/><D85/><U66/><E66/><V30/><F30/><W73/><G73/><T26/><D74/><U119/><E119/><V32/><AGARI ba="0,0" hai="1,5,10,22,23,25,29,32" m="6153,44074" machi="32" ten="30,7900,0" yaku="15,1,11,1,34,2" doraHai="113" who="2" fromWho="2" sc="214,-20,298,-39,242,79,246,-20" /><INIT seed="6,0,0,0,5,8" ten="194,259,321,226" oya="2" hai0="30,124,58,80,59,79,49,69,109,122,97,134,96" hai1="16,63,121,88,104,48,70,102,76,43,56,83,74" hai2="112,28,18,100,51,57,99,101,130,135,35,3,9" hai3="131,94,89,37,53,66,14,75,116,50,40,31,13"/><V0/><F112/><W120/><G75/><T128/><D109/><U86/><E121/><V24/><F130/><W39/><G120/><T54/><D122/><U77/><E70/><V64/><F135/><W132/><G116/><T4/><D69/><U110/><E110/><V45/><F64/><W113/><G132/><T108/><D124/><U36/><E36/><V129/><F57/><W98/><G66/><T133/><D108/><U81/><E16/><V73/><F73/><W26/><G131/><T119/><D30/><U105/><E102/><V41/><F101/><W15/><G40/><T115/><D128/><U71/><E77/><V27/><F27/><W127/><G127/><T52/><D4/><U60/><E71/><V25/><F25/><W10/><G10/><T19/><D115/><U29/><E29/><V22/><F9/><W82/><G82/><T33/><D33/><U44/><REACH who="1" step="1"/><E63/><REACH who="1" ten="194,249,321,226" step="2"/><V62/><F62/><W46/><REACH who="3" step="1"/><G113/><REACH who="3" ten="194,249,321,216" step="2"/><T67/><D134/><U68/><E68/><V47/><F129/><W72/><G72/><T42/><D133/><U85/><E85/><V11/><F99/><W32/><AGARI ba="0,2" hai="13,14,15,26,31,32,37,39,46,50,53,89,94,98" machi="32" ten="30,12000,2" yaku="1,1,0,1,52,3,53,1" doraHai="8" doraHaiUra="95" who="3" fromWho="3" sc="194,-30,249,-30,321,-60,216,140" /><INIT seed="7,0,0,3,1,130" ten="164,219,261,356" oya="3" hai0="58,14,45,16,33,54,72,119,129,0,40,103,48" hai1="125,26,75,128,70,61,19,135,5,20,121,101,46" hai2="7,90,112,17,100,87,120,94,134,37,63,1,69" hai3="6,78,56,12,68,133,91,15,105,39,108,34,74"/><W51/><G34/><T106/><D129/><U3/><E75/><V27/><F37/><W113/><G39/><T30/><D72/><U67/><E121/><V126/><F120/><W55/><G68/><T83/><D0/><U104/><E128/><V107/><F112/><W21/><G105/><T47/><D119/><U49/><E125/><V57/><F69/><W53/><G78/><T28/><D33/><U32/><E32/><V11/><F126/><W114/><G74/><T24/><D24/><U131/><E131/><V132/><F100/><W77/><G77/><T97/><D83/><U71/><E71/><V29/><F107/><W98/><G108/><T88/><D88/><U124/><E124/><V23/><REACH who="2" step="1"/><F29/><REACH who="2" ten="164,219,251,356" step="2"/><W52/><G113/><T118/><D118/><U85/><E104/><V8/><F8/><W86/><G114/><T41/><D30/><U110/><E101/><V82/><F82/><W2/><G21/><T25/><D28/><U10/><E110/><V115/><F115/><W93/><G6/><T22/><REACH who="0" step="1"/><D25/><REACH who="0" ten="154,219,251,356" step="2"/><U76/><E26/><V59/><F59/><W92/><G56/><T116/><D116/><U81/><E70/><V109/><F109/><W64/><G2/><T73/><D73/><U84/><E3/><V44/><F44/><AGARI ba="0,2" hai="14,16,22,40,41,44,45,47,48,54,58,97,103,106" machi="44" ten="40,2600,0" yaku="1,1,54,1,53,0" doraHai="130" doraHaiUra="111" who="0" fromWho="2" sc="154,46,219,0,251,-26,356,0" owari="200,-30.0,219,-18.0,225,3.0,356,45.0" /></mjloggm>