<mjloggm ver="2.3"><GO type="41" lobby="0"/><UN n0="%E2%93%9D%53%75%70%68%78" n1="%E8%97%A4%E6%9E%97%E8%81%96%E6%99%B4" n2="%73%68%61%79%65" n3="%E3%82%B7%E3%83%93%E3%83%A5%E3%83%A9" dan="18,15,13,14" rate="2088.00,1970.08,1900.07,1966.04" sx="M,F,M,F"/><TAIKYOKU oya="0"/><INIT seed="0,0,0,2,5,18" ten="250,250,250,250" oya="0" hai0="84,117,12,81,91,132,76,125,89,8,77,56,134" hai1="26,36,97,34,119,114,14,9,93,54,28,5,32" hai2="58,61,21,98,79,29,88,70,75,127,95,30,115" hai3="55,109,118,102,48,2,90,44,57,37,53,108,31"/><T74/><D117/><U52/><E119/><V59/><F115/><W86/><G2/><T43/><D43/><U24/><E114/><V104/><F127/><W87/><G118/><T73/><D56/><U60/><E36/><V123/><F123/><W105/><G31/><T33/><D33/><U130/><E130/><V121/><F70/><W135/><G135/><N who="0" m="51755" /><D12/><U25/><E34/><V99/><F121/><W62/><G37/><T113/><D8/><U1/><E60/><V46/><F46/><W50/><G90/><N who="0" m="34315" /><D113/><U11/><E93/><V80/><F30/><W122/><G122/><T131/><D131/><U6/><E97/><V72/><F72/><N who="0" m="27754" /><D77/><U63/><E54/><V124/><F124/><AGARI ba="0,0" hai="76,81,84,124,125" m="27754,34315,51755" machi="124" ten="40,7700,0" yaku="20,1,34,2" doraHai="18" who="0" fromWho="2" sc="250,77,250,0,250,-77,250,0" /><INIT seed="0,1,0,2,2,68" ten="327,250,173,250" oya="0" hai0="10,17,67,72,80,99,106,23,84,11,55,126,60" hai1="31,118,102,95,86,73,65,13,104,131,77,116,83" hai2="130,92,34,9,88,105,26,98,64,38,25,58,100" hai3="30,8,47,103,107,41,39,29,129,90,132,20,15"/><T71/><D72/><U40/><E131/><V43/><F130/><W5/><G129/><T63/><D126/><U1/><E65/><V59/><F34/><W96/><G132/><T69/><D106/><U70/><E70/><V52/><F64/><W24/><REACH who="3" step="1"/><G90/><REACH who="3" ten="327,250,173,240" step="2"/><T121/><D121/><U108/><E116/><V81/><F81/><W85/><G85/><T45/><D84/><U119/><E83/><V128/><F128/><W36/><G36/><T22/><D80/><U48/><E86/><V113/><F113/><W101/><G101/><T54/><D71/><U62/><E102/><V21/><F9/><W94/><G94/><T7/><D11/><U42/><E95/><V124/><F124/><W117/><G117/><T35/><D10/><U49/><E118/><V14/><F105/><W0/><G0/><T115/><D69/><U57/><E1/><V134/><F100/><W97/><G97/><T61/><D99/><U114/><E114/><V133/><F133/><W125/><G125/><T33/><D115/><U74/><E74/><V12/><F134/><W3/><G3/><T87/><D87/><U16/><E73/><V120/><F120/><W2/><G2/><T37/><D37/><U82/><E82/><V19/><F26/><W111/><G111/><T53/><D63/><U66/><E108/><V89/><F89/><W122/><G122/><T93/><D61/><U91/><E91/><V27/><F27/><W78/><G78/><T18/><D60/><U28/><E104/><V112/><F112/><W135/><G135/><T123/><D123/><U4/><E119/><RYUUKYOKU ba="1,1" sc="327,-10,250,-10,173,-10,240,30" hai3="5,8,15,20,24,29,30,39,41,47,96,103,107" /><INIT seed="1,2,1,0,2,20" ten="317,240,163,270" oya="1" hai0="78,32,113,111,27,117,73,6,97,122,67,63,60" hai1="70,1,128,46,34,43,85,100,92,15,103,41,99" hai2="51,79,50,69,119,135,123,105,75,2,62,114,121" hai3="55,104,8,54,74,14,89,49,130,106,61,93,3"/><U29/><E128/><V80/><F119/><W84/><G74/><T90/><D113/><U0/><E70/><V25/><F114/><W86/><G3/><T101/><D117/><U94/><E15/><V72/><F2/><W87/><G130/><T28/><D111/><U24/><E41/><V19/><F135/><W112/><G112/><T26/><D63/><U81/><E94/><V10/><F105/><W11/><G61/><T134/><D6/><U7/><E103/><V30/><F72/><W68/><G68/><T42/><D90/><U98/><E98/><V82/><F82/><W44/><G55/><T116/><D122/><U64/><E64/><V115/><F115/><W13/><G106/><T31/><D42/><U40/><E40/><V39/><F39/><W21/><G104/><T83/><D134/><U126/><E7/><V33/><F51/><W59/><G21/><T52/><D116/><U96/><E96/><V36/><F50/><W129/><G129/><T47/><D47/><U9/><E9/><N who="3" m="3658" /><G44/><T108/><D108/><U133/><E133/><V56/><F36/><W37/><G37/><T4/><D4/><U88/><REACH who="1" step="1"/><E126/><REACH who="1" ten="317,230,163,270" step="2"/><V120/><F69/><W127/><G127/><T110/><D110/><U53/><E53/><N who="2" m="34063" /><F123/><W23/><G14/><T17/><D52/><U18/><E18/><AGARI ba="2,2" hai="13,18,23,49,54,59,84,86,87,89,93" m="3658" machi="18" ten="30,2000,0" yaku="25,1,8,1" doraHai="20" who="3" fromWho="1" sc="317,0,230,-26,163,0,270,46" /><INIT seed="2,0,0,5,5,108" ten="317,204,163,316" oya="2" hai0="67,28,71,24,6,30,33,90,57,82,1,9,58" hai1="65,85,59,10,134,80,41,129,107,120,52,105,48" hai2="91,109,92,84,125,135,0,98,55,18,13,104,15" hai3="97,3,44,74,60,21,132,94,123,69,75,133,89"/><V43/><F109/><W39/><G123/><T29/><D71/><U88/><E129/><V103/><F0/><W122/><G3/><T8/><D8/><U51/><E134/><V11/><F135/><W34/><G122/><T66/><D58/><U128/><E128/><V47/><F125/><W37/><G34/><T16/><D57/><U73/><E73/><V53/><REACH who="2" step="1"/><F15/><REACH who="2" ten="317,204,153,316" step="2"/><W117/><G133/><T38/><D1/><U31/><E120/><V49/><AGARI ba="0,1" hai="11,13,18,43,47,49,53,55,84,91,92,98,103,104" machi="49" ten="20,12000,1" yaku="1,1,2,1,0,1,7,1,53,1" doraHai="108" doraHaiUra="95" who="2" fromWho="2" sc="317,-40,204,-40,153,130,316,-40" /><INIT seed="2,1,0,0,4,101" ten="277,164,283,276" oya="2" hai0="131,76,94,20,2,33,99,105,10,117,109,108,42" hai1="52,98,0,68,129,44,114,93,28,38,65,88,21" hai2="80,23,70,83,54,115,34,132,122,127,66,11,26" hai3="8,96,78,47,97,102,64,50,79,87,73,9,63"/><V30/><F115/><W62/><G73/><T112/><D33/><U121/><E129/><V123/><F132/><W40/><G87/><T56/><D42/><U90/><E0/><V67/><F127/><W118/><G97/><T41/><D41/><U81/><E38/><V128/><F128/><W12/><G62/><T119/><D20/><U106/><E114/><V17/><F54/><W135/><G135/><T92/><D56/><U126/><E121/><V19/><F11/><W71/><G9/><T104/><D112/><U18/><E28/><V22/><F34/><W95/><G118/><N who="0" m="45067" /><D94/><U86/><E126/><V125/><F125/><W27/><G27/><T58/><D76/><U36/><E36/><V45/><F30/><W111/><G111/><N who="0" m="42571" /><D58/><U15/><E68/><V35/><F35/><W24/><G24/><T100/><D131/><U110/><E110/><V69/><F45/><W133/><G133/><T113/><D113/><U130/><E130/><V13/><F26/><W84/><G84/><T51/><D51/><U59/><E65/><V29/><F29/><W37/><G37/><T14/><D2/><U6/><E44/><V7/><F13/><W82/><G82/><T1/><D1/><U124/><E124/><V75/><F7/><AGARI ba="1,0" hai="7,8,12,40,47,50,63,64,71,78,79,95,96,102" machi="7" ten="30,1000,0" yaku="7,1" doraHai="101" who="3" fromWho="2" sc="277,0,164,0,283,-13,276,13" /><AGARI ba="1,0" hai="7,10,14,92,99,100,104,105" m="42571,45067" machi="7" ten="30,7700,0" yaku="12,1,14,1,52,2" doraHai="101" who="0" fromWho="2" sc="277,77,164,0,270,-77,289,0" /><INIT seed="3,0,0,0,0,36" ten="354,164,193,289" oya="3" hai0="50,34,71,105,89,76,107,17,32,73,83,77,12" hai1="67,20,4,72,41,10,24,123,78,14,65,128,38" hai2="135,100,112,35,127,124,47,99,116,122,64,46,111" hai3="6,104,8,21,98,94,120,3,84,52,95,44,59"/><W69/><G120/><T101/><D71/><U56/><E128/><V86/><F35/><W43/><G69/><T5/><D5/><U109/><E109/><V117/><F112/><W97/><G84/><T39/><D39/><U16/><E123/><V27/><F27/><W18/><G104/><T62/><D62/><U90/><E56/><V85/><F122/><W57/><G97/><T115/><D89/><U81/><REACH who="1" step="1"/><E90/><REACH who="1" ten="354,154,193,289" step="2"/><V80/><F111/><W15/><G95/><T42/><D107/><U108/><E108/><V54/><F135/><W60/><G57/><T51/><D105/><U121/><E121/><V93/><F117/><W9/><G94/><T131/><D131/><U87/><E87/><V19/><F86/><W61/><G98/><T110/><D110/><U88/><E88/><N who="2" m="51239" /><F116/><W68/><G68/><T13/><D115/><U28/><E28/><V134/><F134/><W7/><G61/><T33/><D83/><U1/><E1/><V40/><F127/><W103/><G103/><T74/><D101/><U22/><E22/><V2/><F124/><W48/><G3/><T133/><D133/><U129/><E129/><V102/><F2/><W91/><G91/><T31/><D34/><U55/><E55/><V79/><F102/><W130/><G130/><T113/><D113/><U106/><E106/><V82/><F54/><W126/><G126/><T132/><D132/><U63/><E63/><V125/><F125/><W118/><G118/><T0/><D0/><U58/><E58/><V75/><F100/><W49/><G60/><T26/><D33/><U114/><E114/><RYUUKYOKU ba="0,1" sc="354,-15,154,15,193,-15,289,15" hai1="4,10,14,16,20,24,38,41,65,67,72,78,81" hai3="6,7,8,9,15,18,21,43,44,48,49,52,59" /><INIT seed="3,1,1,5,5,110" ten="339,169,178,304" oya="3" hai0="32,49,64,94,135,67,14,61,23,69,52,59,56" hai1="21,35,77,47,115,124,122,51,34,89,12,111,90" hai2="97,45,29,105,63,3,71,9,103,113,86,119,22" hai3="57,117,102,76,120,17,130,30,100,133,48,26,78"/><W82/><G117/><T92/><D32/><U91/><E111/><V58/><F119/><W99/><G120/><T20/><D135/><U70/><E122/><V6/><F71/><W41/><G133/><T114/><D114/><U107/><E70/><V127/><F127/><W60/><G17/><N who="0" m="10295" /><D69/><U46/><E21/><V101/><F101/><W15/><G15/><T36/><D36/><U104/><E12/><V125/><F125/><W79/><G130/><T37/><D37/><U62/><E124/><V131/><F45/><N who="1" m="16905" /><E51/><V81/><F131/><W39/><G48/><T4/><D4/><U128/><E77/><V50/><F50/><W129/><G41/><T96/><D23/><U80/><E80/><V38/><F38/><W65/><G39/><T8/><D8/><U27/><E27/><V66/><F22/><N who="3" m="15703" /><G102/><N who="0" m="60679" /><D94/><U16/><E16/><V28/><REACH who="2" step="1"/><F113/><REACH who="2" ten="339,169,168,304" step="2"/><W7/><G129/><T53/><AGARI ba="1,2" hai="49,52,53,56,59,61,64,67" m="60679,10295" machi="53" ten="30,2000,0" yaku="8,1,54,1" doraHai="110" who="0" fromWho="0" sc="339,43,169,-6,168,-6,304,-11" /><INIT seed="4,0,0,1,0,69" ten="382,163,162,293" oya="0" hai0="20,89,83,29,57,7,3,61,120,110,9,47,132" hai1="134,126,127,43,105,25,90,91,88,54,70,73,74" hai2="41,23,93,86,125,62,2,48,42,77,59,71,14" hai3="122,40,63,95,36,87,98,100,31,34,116,84,112"/><T72/><D120/><U78/><E70/><V39/><F2/><W46/><G116/><T55/><D132/><U107/><E54/><V50/><F125/><N who="1" m="47625" /><E43/><V102/><F71/><W103/><G112/><T128/><D128/><U111/><E25/><V133/><F133/><W76/><G122/><T49/><D110/><U67/><E67/><N who="2" m="39391" /><F39/><W64/><G76/><T35/><D35/><U82/><E134/><V33/><F33/><W97/><G64/><T101/><D101/><U45/><E45/><V10/><F23/><W28/><G63/><T96/><D20/><U27/><E27/><V92/><F102/><W6/><G6/><T30/><D72/><N who="1" m="27755" /><E111/><V26/><F26/><W16/><G34/><T37/><D61/><U11/><E11/><V52/><F50/><W17/><G31/><T81/><D30/><U53/><E53/><V79/><F42/><W0/><G0/><T15/><D3/><U104/><E78/><N who="2" m="29707" /><F86/><AGARI ba="0,0" hai="82,86,88,90,91,104,105,107" m="27755,47625" machi="86" ten="40,8000,1" yaku="18,1,34,2,54,1" doraHai="69" who="1" fromWho="2" sc="382,0,163,80,162,-80,293,0" /><INIT seed="5,0,0,1,4,36" ten="382,243,82,293" oya="1" hai0="41,4,62,26,29,127,92,19,102,91,128,0,94" hai1="16,13,95,81,72,31,23,93,40,7,114,77,109" hai2="9,108,28,131,97,5,20,79,15,67,39,88,42" hai3="116,17,84,2,64,106,11,37,90,25,33,48,89"/><U101/><E114/><V60/><F108/><W99/><G37/><T68/><D128/><U27/><E109/><V1/><F131/><W103/><G64/><T74/><D74/><U54/><E101/><V32/><F79/><W66/><G66/><T70/><D19/><U135/><E135/><V110/><F110/><W123/><G123/><T119/><D127/><U61/><E7/><V43/><F39/><W113/><G113/><T87/><D119/><U69/><E40/><V96/><F96/><W51/><G2/><T130/><D41/><N who="2" m="15370" /><F32/><W45/><G45/><T129/><D129/><U57/><REACH who="1" step="1"/><E69/><REACH who="1" ten="382,233,82,293" step="2"/><V34/><F34/><AGARI ba="0,1" hai="13,16,23,27,31,34,54,57,61,72,77,81,93,95" machi="34" ten="30,12000,1" yaku="1,1,2,1,7,1,54,1,53,1" doraHai="36" doraHaiUra="24" who="1" fromWho="2" sc="382,0,233,130,82,-120,293,0" owari="382,49.0,363,16.0,-38,-54.0,293,-11.0" /></mjloggm>