<mjloggm ver="2.3"><GO type="41" lobby="0"/><UN n0="%E6%B8%85%E5%8D%98" n1="%30%39%31" n2="%E2%93%9D%53%75%70%68%78" n3="%E3%81%86%E3%81%9A%E3%82%89%E5%8D%B5%E3%83%95%E3%83%A9%E3%82%A4" dan="14,14,17,15" rate="1962.92,1830.32,2041.30,1981.19" sx="M,M,M,M"/><TAIKYOKU oya="0"/><INIT seed="0,0,0,2,5,4" ten="250,250,250,250" oya="0" hai0="114,129,8,14,60,69,135,88,27,42,93,89,16" hai1="10,108,97,26,75,11,110,53,81,20,21,116,3" hai2="102,82,127,62,131,86,68,87,94,54,12,78,113" hai3="84,22,48,107,134,133,39,34,101,7,122,28,37"/><T123/><D114/><U120/><E116/><V63/><F131/><W66/><G122/><T56/><D123/><U35/><E120/><V50/><F127/><W98/><G34/><T18/><D69/><U49/><E3/><V15/><F113/><W115/><G84/><T96/><D129/><U100/><E75/><V32/><F32/><W104/><G48/><T74/><D74/><U117/><E117/><V9/><F15/><W38/><G115/><T24/><D135/><N who="3" m="51721" /><G66/><N who="0" m="39175" /><D42/><U111/><E81/><V95/><F68/><W103/><G7/><N who="0" m="3359" /><D89/><U105/><E35/><V19/><F102/><N who="3" m="38923" /><G98/><T57/><D57/><N who="1" m="32943" /><E21/><V47/><REACH who="2" step="1"/><F87/><REACH who="2" ten="250,250,240,250" step="2"/><W125/><G125/><T77/><D77/><U59/><E59/><V55/><F55/><W0/><G0/><T58/><D58/><U118/><E118/><V80/><F80/><W17/><G107/><T43/><D43/><U65/><E65/><V70/><F70/><W40/><G104/><T90/><D90/><U31/><AGARI ba="0,1" hai="10,11,20,26,31,97,100,105,108,110,111" m="32943" machi="31" ten="30,4000,0" yaku="14,1,52,2" doraHai="4" who="1" fromWho="1" sc="250,-20,250,50,240,-10,250,-10" /><INIT seed="1,0,0,5,2,13" ten="230,300,230,240" oya="1" hai0="55,103,108,67,92,48,89,38,39,1,43,34,95" hai1="26,107,85,99,128,44,24,62,52,84,4,112,125" hai2="56,82,57,86,129,97,18,90,127,51,37,15,65" hai3="134,110,135,117,73,75,79,132,58,119,21,91,33"/><U104/><E112/><V49/><F37/><W116/><G33/><T113/><D113/><U81/><E128/><V69/><F127/><W71/><G71/><T76/><D34/><U94/><E125/><V40/><F69/><W35/><G35/><T83/><D1/><U115/><E115/><V22/><F129/><W19/><G58/><T46/><D108/><U50/><E4/><V27/><F97/><W61/><G61/><T124/><D124/><U114/><E114/><V93/><F82/><N who="3" m="45423" /><G75/><T7/><D7/><U123/><E123/><V106/><F106/><W72/><G72/><T77/><D67/><U126/><E126/><V105/><F105/><W121/><G91/><T53/><D103/><N who="1" m="60919" /><E107/><V70/><F70/><W47/><G47/><T120/><D120/><U41/><E104/><V130/><F130/><W17/><G121/><T32/><D32/><U59/><E85/><V23/><F40/><W96/><G96/><T0/><D38/><U74/><E74/><V78/><F78/><AGARI ba="0,0" hai="24,26,41,44,50,52,59,62,78,81,84" m="60919" machi="78" ten="30,2900,0" yaku="8,1,54,1" doraHai="13" who="1" fromWho="2" sc="230,0,300,29,230,-29,240,0" /><INIT seed="1,1,0,2,5,107" ten="230,329,201,240" oya="1" hai0="98,40,11,45,82,94,8,9,131,86,116,53,78" hai1="54,25,92,10,120,4,99,88,32,123,87,31,60" hai2="16,59,36,109,106,115,74,104,117,132,133,85,76" hai3="18,102,89,71,121,114,6,44,100,42,112,26,97"/><U113/><E113/><V129/><F36/><W64/><G121/><T15/><D131/><U105/><E105/><N who="2" m="40555" /><F59/><W19/><G6/><T126/><D126/><U93/><E120/><V103/><F16/><W30/><G64/><T3/><D116/><U55/><E123/><V124/><F117/><W5/><G71/><T49/><D3/><U35/><E60/><V2/><F2/><W43/><G5/><T135/><D135/><N who="2" m="51786" /><F109/><W75/><G18/><T61/><D61/><U128/><E128/><V56/><F56/><W23/><G19/><T67/><D67/><U108/><E35/><V22/><F22/><W95/><G114/><T47/><D47/><U62/><E62/><V7/><F7/><W39/><G112/><T73/><D15/><U65/><E65/><V122/><F115/><W46/><REACH who="3" step="1"/><G75/><REACH who="3" ten="230,329,201,230" step="2"/><T80/><D73/><U134/><E134/><V69/><F129/><W77/><G77/><T79/><D79/><U0/><REACH who="1" step="1"/><E108/><REACH who="1" ten="230,319,201,230" step="2"/><V66/><F122/><W27/><G27/><T72/><D9/><U12/><E12/><V20/><F66/><W101/><G101/><AGARI ba="1,2" hai="0,4,10,25,31,32,54,55,87,88,92,93,99,101" machi="101" ten="30,12000,1" yaku="1,1,7,1,54,1,53,2" doraHai="107" doraHaiUra="51" who="1" fromWho="3" sc="230,0,319,143,201,0,230,-123" /><INIT seed="1,2,0,0,2,56" ten="230,462,201,107" oya="1" hai0="21,68,9,100,114,117,7,127,60,40,130,115,76" hai1="41,45,124,85,16,12,31,27,32,10,17,119,67" hai2="61,38,65,123,70,48,90,63,36,54,83,26,102" hai3="72,101,47,75,132,57,103,87,128,91,129,134,95"/><U20/><E119/><V89/><F123/><W53/><G47/><T4/><D117/><U42/><E124/><V18/><F102/><N who="3" m="38923" /><G53/><T99/><D127/><U109/><E67/><V39/><F83/><W28/><G57/><T13/><D130/><N who="3" m="50281" /><G28/><T2/><D76/><U121/><E121/><V22/><REACH who="2" step="1"/><F63/><REACH who="2" ten="230,462,191,107" step="2"/><W82/><G82/><T19/><D60/><U5/><E85/><V46/><AGARI ba="2,1" hai="18,22,26,36,38,39,46,48,54,61,65,70,89,90" machi="46" ten="30,7900,0" yaku="1,1,2,1,0,1,52,1,53,0" doraHai="56" doraHaiUra="97" who="2" fromWho="2" sc="230,-22,462,-41,191,95,107,-22" /><INIT seed="2,0,0,3,0,44" ten="208,421,286,85" oya="2" hai0="134,0,93,123,133,107,85,42,56,23,64,14,66" hai1="75,33,45,119,115,132,104,16,82,13,53,22,72" hai2="69,24,130,131,76,34,87,28,74,124,92,46,120" hai3="27,40,55,47,126,112,60,81,3,101,78,5,98"/><V109/><F120/><W63/><G126/><T58/><D123/><U67/><E115/><V19/><F69/><W129/><G129/><N who="2" m="49161" /><F124/><W79/><G112/><T135/><D107/><U102/><E119/><V118/><F118/><W68/><G27/><T105/><D0/><U77/><E132/><V37/><F19/><W96/><G3/><T32/><D32/><U80/><E67/><N who="0" m="25641" /><D42/><U9/><E33/><V49/><F37/><W21/><G68/><T128/><D105/><U1/><E102/><V10/><F10/><W2/><G101/><T110/><D128/><U90/><E104/><V4/><F4/><W114/><G114/><T26/><D133/><U30/><E75/><V52/><F74/><W73/><G79/><T88/><D135/><U70/><E70/><V94/><F109/><W54/><G21/><T62/><D110/><U83/><E90/><V29/><F29/><W7/><G2/><T106/><D134/><U36/><E1/><V35/><F35/><W12/><G12/><T100/><D14/><U43/><REACH who="1" step="1"/><E53/><REACH who="1" ten="208,411,286,85" step="2"/><V95/><F76/><W103/><G55/><T31/><D106/><U99/><E99/><V48/><F87/><W61/><G54/><N who="0" m="34071" /><D100/><U6/><E6/><N who="3" m="2058" /><G103/><T59/><AGARI ba="0,1" hai="23,26,31,58,59,85,88,93" m="34071,25641" machi="59" ten="30,2000,0" yaku="8,1,54,1" doraHai="44" who="0" fromWho="0" sc="208,30,411,-5,286,-10,85,-5" /><INIT seed="3,0,0,4,2,108" ten="238,406,276,80" oya="3" hai0="111,4,20,24,61,74,16,56,33,9,8,36,5" hai1="118,18,35,134,129,109,88,127,57,45,1,77,52" hai2="84,92,32,44,107,43,87,117,132,75,48,98,119" hai3="25,49,76,128,101,21,105,26,131,93,42,73,110"/><W41/><G105/><T91/><D36/><U34/><E77/><V39/><F75/><W58/><G110/><T79/><D111/><U11/><E109/><V54/><F32/><W103/><G76/><T112/><D74/><U2/><E127/><V122/><F132/><W100/><G73/><T53/><D79/><U106/><E106/><V64/><F122/><W130/><G93/><T126/><D126/><U15/><E134/><V121/><F121/><W95/><G95/><T47/><D33/><U89/><E129/><V94/><F64/><W37/><G37/><T70/><D70/><U50/><E118/><V90/><F107/><W114/><G114/><T38/><D112/><U133/><E133/><V22/><F22/><W62/><G49/><N who="0" m="28863" /><D91/><U71/><E71/><V83/><F94/><W3/><G3/><T113/><D38/><U116/><E35/><V55/><F87/><W65/><REACH who="3" step="1"/><G26/><REACH who="3" ten="238,406,276,70" step="2"/><T46/><D113/><U14/><E116/><V0/><F0/><W120/><G120/><T81/><D81/><U86/><E2/><V72/><F72/><W69/><G69/><T82/><D82/><U68/><E1/><V19/><F39/><W115/><G115/><T96/><D96/><U51/><E68/><V66/><F119/><W7/><G7/><T12/><D4/><U60/><E86/><V17/><F117/><W99/><G99/><T31/><D5/><U124/><E124/><V23/><F98/><W40/><G40/><T27/><D24/><U125/><E125/><V85/><F85/><W30/><AGARI ba="0,1" hai="21,25,30,41,42,58,62,65,100,101,103,128,130,131" machi="30" ten="40,7800,0" yaku="1,1,0,1,19,1,53,0" doraHai="108" doraHaiUra="78" who="3" fromWho="3" sc="238,-26,406,-26,276,-26,70,88" /><INIT seed="3,1,0,5,2,86" ten="212,380,250,158" oya="3" hai0="134,60,69,70,1,93,124,75,31,40,56,52,29" hai1="27,78,130,51,9,13,80,116,83,133,89,119,71" hai2="107,132,102,2,50,34,66,41,3,128,96,122,58" hai3="17,49,22,7,73,36,85,38,100,92,15,129,14"/><W99/><G129/><T101/><D75/><N who="1" m="43103" /><E130/><V10/><F34/><W67/><G73/><T114/><D1/><U24/><E71/><V65/><F132/><W108/><G67/><T110/><D134/><U79/><E133/><V32/><F32/><W0/><G0/><T113/><D110/><U20/><E51/><V127/><F127/><W21/><G108/><T88/><D101/><U43/><E43/><V121/><F128/><W53/><G85/><N who="0" m="52367" /><D40/><U16/><E20/><V104/><F41/><W103/><G103/><T98/><D98/><U84/><E79/><V87/><F96/><W126/><G126/><T131/><D131/><U111/><E111/><V59/><F102/><W106/><G106/><T77/><D77/><U118/><AGARI ba="1,0" hai="9,13,16,24,27,83,84,89,116,118,119" m="43103" machi="118" ten="30,4000,0" yaku="12,1,52,1,54,1" doraHai="86" who="1" fromWho="1" sc="212,-11,380,43,250,-11,158,-21" /><INIT seed="4,0,0,4,2,127" ten="201,423,239,137" oya="0" hai0="24,84,14,50,32,89,44,118,13,103,27,91,101" hai1="72,19,81,110,12,22,102,93,31,79,6,54,77" hai2="74,123,75,40,26,2,90,122,20,18,25,30,100" hai3="0,52,80,34,45,37,119,41,114,92,47,131,98"/><T60/><D118/><U66/><E110/><V117/><F100/><N who="0" m="38474" /><D32/><U33/><E77/><V135/><F40/><W51/><G119/><T23/><D60/><U64/><E33/><V130/><F90/><N who="0" m="34314" /><D84/><U42/><E42/><V67/><F67/><W7/><G34/><T128/><D128/><U68/><E68/><V108/><F75/><W126/><G126/><T112/><D112/><U59/><E31/><V78/><F74/><W3/><G114/><T10/><D23/><U48/><REACH who="1" step="1"/><E6/><REACH who="1" ten="201,413,239,137" step="2"/><V35/><F117/><W58/><G7/><N who="0" m="3295" /><D14/><U11/><E11/><V88/><F35/><W121/><G0/><T86/><D86/><U104/><E104/><V55/><F2/><W120/><G3/><T21/><D21/><U53/><E53/><AGARI ba="0,1" hai="24,27,44,50,53" m="3295,34314,38474" machi="53" ten="30,1500,0" yaku="8,1" doraHai="127" who="0" fromWho="1" sc="201,25,413,-15,239,0,137,0" /><INIT seed="4,1,0,4,5,97" ten="226,398,239,137" oya="0" hai0="130,52,90,98,67,78,114,49,5,31,11,34,133" hai1="123,77,105,71,115,15,26,19,45,39,126,106,58" hai2="134,36,16,24,102,55,100,40,116,6,28,119,66" hai3="38,88,79,91,43,32,113,7,127,62,86,73,82"/><T85/><D114/><U99/><E123/><V128/><F128/><W93/><G113/><T22/><D130/><U121/><E121/><V44/><F134/><W111/><G111/><T81/><D133/><U60/><E71/><V65/><F6/><W10/><G32/><T13/><D34/><U56/><E126/><V14/><F55/><W103/><G127/><T53/><D67/><N who="2" m="25610" /><F24/><W118/><G118/><N who="2" m="45097" /><F28/><W47/><G62/><T61/><D61/><U30/><E77/><V21/><AGARI ba="1,0" hai="14,16,21,36,40,44,100,102" m="45097,25610" machi="21" ten="30,7900,0" yaku="12,1,52,2,54,1" doraHai="97" who="2" fromWho="2" sc="226,-40,398,-21,239,82,137,-21" /><INIT seed="5,0,0,1,4,135" ten="186,377,321,116" oya="1" hai0="6,4,31,1,86,76,77,10,57,92,108,75,53" hai1="38,121,49,78,103,5,98,58,21,114,128,87,110" hai2="59,102,111,101,44,70,25,113,20,46,100,99,8" hai3="37,69,95,118,116,42,17,47,131,40,63,22,125"/><U81/><E121/><V64/><F70/><W23/><G131/><T127/><D108/><U105/><E128/><V14/><F113/><W11/><G42/><T13/><D75/><U93/><E114/><V56/><F99/><W104/><G104/><T82/><D31/><U109/><E38/><V89/><F89/><W94/><G94/><T124/><D92/><U18/><E5/><N who="2" m="3343" /><F111/><N who="1" m="42505" /><E49/><V36/><F36/><W26/><G95/><T126/><D77/><U33/><E58/><N who="2" m="22059" /><F64/><W51/><G63/><N who="0" m="36271" /><D4/><U72/><E33/><V112/><F112/><W27/><G69/><T34/><D34/><U107/><E72/><V0/><F0/><AGARI ba="0,0" hai="0,1,6,10,13,76,82,86,124,126,127" m="36271" machi="0" ten="30,7700,0" yaku="18,1,52,3" doraHai="135" who="0" fromWho="2" sc="186,77,377,0,321,-77,116,0" /><INIT seed="6,0,0,0,2,31" ten="263,377,244,116" oya="2" hai0="0,104,81,12,39,78,21,134,53,114,61,45,34" hai1="106,47,52,29,24,80,82,88,41,9,129,49,22" hai2="105,95,19,108,16,72,44,124,64,113,69,42,25" hai3="48,8,118,97,70,116,119,85,67,123,36,77,130"/><V68/><F105/><W7/><G36/><T101/><D34/><U46/><E106/><V10/><F72/><W71/><G123/><T122/><D61/><U131/><E9/><V11/><F113/><W66/><G97/><T132/><D0/><U102/><E102/><V30/><F124/><W27/><G27/><T63/><D63/><U112/><E112/><V76/><F76/><W60/><G85/><T111/><D12/><U127/><E88/><V90/><F108/><W100/><G77/><T87/><D21/><U84/><E127/><V74/><F74/><W14/><G100/><T38/><D122/><U91/><E82/><V1/><F64/><W5/><G130/><N who="1" m="49674" /><E41/><V32/><F69/><W83/><G83/><T107/><D111/><U79/><E79/><V117/><F68/><W37/><G37/><N who="0" m="13835" /><D114/><U121/><E121/><V55/><F42/><W6/><G48/><N who="0" m="28815" /><D101/><U50/><E50/><V28/><F1/><W94/><G67/><T20/><D20/><U56/><AGARI ba="0,0" hai="22,24,29,46,47,49,52,56,80,84,91" m="49674" machi="56" ten="30,2000,0" yaku="19,1,54,1" doraHai="31" who="1" fromWho="1" sc="263,-5,377,20,244,-10,116,-5" /><INIT seed="7,0,0,4,3,95" ten="258,397,234,111" oya="3" hai0="41,96,49,90,107,99,113,64,56,75,73,122,8" hai1="106,103,66,62,123,70,94,54,32,124,35,34,40" hai2="53,61,72,85,19,1,11,42,105,87,127,22,17" hai3="12,84,79,119,51,60,16,93,74,108,6,67,27"/><W46/><G119/><T115/><D122/><U104/><E123/><V111/><F127/><W37/><G37/><T25/><D64/><U52/><E124/><V109/><F72/><W98/><G74/><T48/><D8/><U114/><E114/><N who="0" m="43529" /><D25/><U88/><E103/><V29/><F105/><W133/><G133/><T89/><D56/><U129/><E129/><V59/><F42/><N who="3" m="25047" /><G108/><T14/><D14/><U102/><E102/><V50/><F111/><W116/><G116/><T2/><D2/><U21/><E21/><V91/><F1/><W76/><G27/><T128/><D128/><U134/><E134/><V80/><F109/><W86/><G6/><T97/><D107/><U63/><E40/><V45/><F29/><W101/><G60/><T44/><D48/><U15/><E15/><V13/><F87/><N who="3" m="33323" /><G67/><T23/><D23/><AGARI ba="0,0" hai="12,16,23,76,79,93,98,101" m="33323,25047" machi="23" ten="30,5800,0" yaku="8,1,52,1,54,1" doraHai="95" who="3" fromWho="0" sc="258,-58,397,0,234,0,111,58" /><INIT seed="7,1,0,0,3,135" ten="200,397,234,169" oya="3" hai0="127,121,69,79,36,122,92,31,80,91,17,86,19" hai1="15,42,52,49,58,113,23,54,10,55,56,126,82" hai2="73,84,14,0,66,35,71,28,118,81,38,16,60" hai3="87,68,32,50,124,100,114,48,57,62,74,33,78"/><W70/><G74/><T7/><D69/><N who="3" m="26729" /><G100/><T99/><D36/><U95/><E126/><V111/><F0/><W110/><G87/><T88/><D127/><U9/><E113/><V128/><F73/><W75/><G75/><T11/><D31/><U134/><E134/><V26/><F118/><W108/><G124/><T131/><D131/><U72/><E72/><V5/><F128/><W77/><G114/><T45/><D45/><N who="1" m="25783" /><E82/><V61/><F81/><W94/><G94/><T4/><D4/><U24/><E95/><V53/><F5/><W89/><G89/><T64/><D64/><U115/><E115/><V67/><F67/><W132/><G132/><T129/><D129/><U106/><E106/><V12/><F66/><W119/><G119/><T103/><D91/><U13/><E13/><V112/><F112/><W125/><G125/><T59/><D59/><N who="1" m="22571" /><E15/><V22/><F71/><W3/><G57/><T101/><D101/><U27/><E27/><V123/><F26/><W44/><G62/><T63/><D63/><U83/><E83/><V90/><F61/><W93/><G93/><T133/><D133/><U47/><E47/><V1/><F60/><W120/><G120/><N who="0" m="46187" /><D103/><U20/><E20/><V25/><F123/><W130/><G130/><T98/><D98/><U41/><E41/><V97/><F97/><W107/><G107/><T18/><D7/><U46/><E46/><V76/><F90/><W116/><G116/><T2/><D2/><U105/><E105/><V21/><F1/><W104/><G104/><T37/><D11/><U109/><E109/><N who="3" m="42090" /><G3/><T29/><D29/><AGARI ba="1,0" hai="9,10,23,24,29,52,54,55" m="22571,25783" machi="29" ten="30,3900,0" yaku="6,1,8,1,54,1" doraHai="135" who="1" fromWho="0" sc="200,-42,397,42,234,0,169,0" owari="158,-34.0,439,54.0,234,3.0,169,-23.0" /></mjloggm>