<mjloggm ver="2.3"><GO type="41" lobby="0"/><UN n0="%E3%81%86%E3%81%A1%E3%83%BC" n1="%E3%81%BC%E3%82%93%E3%81%9E%EF%BC%92" n2="%E2%93%9D%53%75%70%68%78" n3="%E5%85%83%E5%AE%B9%E7%96%91%E8%80%85" dan="15,14,18,14" rate="1983.03,1886.47,2083.16,1941.47" sx="M,M,M,M"/><TAIKYOKU oya="0"/><INIT seed="0,0,0,1,4,128" ten="250,250,250,250" oya="0" hai0="114,72,38,86,62,126,129,40,111,1,31,20,35" hai1="13,122,135,125,76,0,15,22,67,75,113,34,37" hai2="124,7,133,105,43,11,18,32,4,104,84,10,89" hai3="16,131,36,2,102,82,25,95,29,130,46,28,21"/><T70/><RYUUKYOKU type="yao9" ba="0,0" sc="250,0,250,0,250,0,250,0" hai0="1,20,31,35,38,40,62,70,72,86,111,114,126,129" /><INIT seed="0,1,0,4,3,6" ten="250,250,250,250" oya="0" hai0="65,125,55,32,40,124,123,105,102,52,39,63,15" hai1="2,112,3,24,37,99,48,106,117,14,126,90,119" hai2="5,84,135,67,89,91,85,88,94,18,9,61,69" hai3="127,98,111,100,130,36,22,10,26,81,50,12,121"/><T101/><D123/><U72/><E37/><V92/><F135/><W77/><G111/><T118/><D118/><U42/><E72/><V44/><F18/><W68/><G68/><T64/><D32/><U53/><E112/><V46/><REACH who="2" step="1"/><F91/><REACH who="2" ten="250,250,240,250" step="2"/><W19/><G121/><T103/><D105/><U51/><E90/><V25/><F25/><W132/><G132/><T59/><D64/><U73/><E24/><V43/><F43/><W75/><G130/><T116/><D116/><U107/><E42/><V41/><F41/><W17/><G127/><N who="0" m="48715" /><D15/><AGARI ba="1,1" hai="5,9,15,44,46,61,67,69,84,85,88,89,92,94" machi="15" ten="30,8000,1" yaku="1,1,7,1,9,1,52,1,54,1,53,0" doraHai="6" doraHaiUra="128" who="2" fromWho="0" sc="250,-83,250,0,240,93,250,0" /><INIT seed="1,0,0,5,2,35" ten="167,250,333,250" oya="1" hai0="81,56,86,10,118,44,105,53,42,7,57,102,49" hai1="128,112,63,107,5,25,76,59,4,82,103,37,120" hai2="74,1,28,110,75,79,58,117,21,27,18,14,123" hai3="125,114,66,88,83,116,50,130,101,99,36,64,91"/><U62/><E120/><V26/><F123/><W100/><G116/><T70/><D118/><U15/><E37/><V19/><F117/><W85/><G36/><T132/><D132/><U17/><E128/><V34/><F110/><W122/><G130/><T20/><D70/><U12/><E103/><V48/><F79/><W30/><G125/><T65/><D20/><U134/><E107/><V9/><F58/><W47/><G114/><T51/><D102/><N who="3" m="39529" /><G30/><T108/><D105/><U77/><E112/><V98/><F98/><W69/><G69/><T80/><D108/><U13/><E134/><V92/><F92/><N who="3" m="56735" /><G122/><T40/><D65/><U22/><E82/><V96/><F96/><W111/><G111/><T31/><D31/><U124/><E124/><V133/><F133/><W24/><G24/><T45/><D86/><U39/><E63/><V84/><F84/><W2/><G2/><T67/><D67/><U3/><E39/><V89/><F89/><W119/><G119/><T87/><D87/><U43/><E43/><AGARI ba="0,0" hai="43,47,50,64,66,83,85,88" m="56735,39529" machi="43" ten="30,2000,0" yaku="8,1,54,1" doraHai="35" who="3" fromWho="1" sc="167,0,250,-20,333,0,250,20" /><INIT seed="2,0,0,1,5,108" ten="167,230,333,270" oya="2" hai0="74,101,111,75,57,48,103,28,124,2,69,112,67" hai1="30,0,37,91,54,18,17,35,78,76,86,39,13" hai2="41,77,46,25,20,126,16,123,62,64,14,114,21" hai3="116,135,19,34,70,120,29,53,7,98,58,61,132"/><V85/><F126/><W95/><G120/><T102/><D111/><U100/><E0/><V133/><F123/><W44/><G7/><T87/><D124/><U12/><E100/><V72/><F72/><W96/><G44/><T31/><D2/><U45/><E30/><V118/><F133/><N who="3" m="51275" /><G70/><T1/><D1/><U107/><E107/><V43/><F114/><W122/><G116/><T32/><D69/><U99/><E99/><V128/><F128/><W56/><G19/><T82/><D112/><U40/><E35/><V88/><F77/><W97/><G56/><T10/><D10/><U26/><E26/><V83/><F118/><W134/><G122/><T104/><D104/><U79/><E54/><V5/><F46/><W36/><G36/><T121/><D121/><U106/><E106/><V63/><F5/><W125/><G125/><T27/><D28/><U49/><E39/><V6/><F6/><W3/><G3/><T119/><D119/><U130/><E37/><V93/><F83/><W66/><G66/><T11/><D11/><U24/><E130/><V117/><F117/><W131/><G131/><T90/><REACH who="0" step="1"/><D67/><REACH who="0" ten="157,230,333,270" step="2"/><U59/><E59/><N who="2" m="36959" /><F63/><W73/><G134/><T8/><D8/><U81/><E18/><AGARI ba="0,1" hai="14,16,18,20,21,25,41,43,85,88,93" m="36959" machi="18" ten="30,5800,0" yaku="8,1,54,2" doraHai="108" who="2" fromWho="1" sc="157,0,230,-58,333,68,270,0" /><INIT seed="2,1,0,4,5,103" ten="157,172,401,270" oya="2" hai0="130,34,100,92,84,119,134,120,11,43,31,59,7" hai1="32,9,15,60,135,109,46,29,114,8,117,88,118" hai2="125,26,3,121,64,76,83,55,61,71,39,81,115" hai3="19,113,105,86,85,116,112,108,50,69,107,21,47"/><V94/><F121/><W97/><G108/><T80/><D120/><U36/><E114/><N who="3" m="44138" /><G69/><T62/><D134/><U24/><E109/><V67/><F3/><W13/><G97/><T87/><D130/><U37/><E135/><V27/><F125/><W63/><G63/><T78/><D43/><U2/><E36/><V52/><F115/><W6/><G6/><T106/><D106/><N who="3" m="40457" /><G116/><T89/><D119/><U123/><E123/><V72/><F61/><W28/><G28/><T127/><D127/><U44/><E60/><V23/><F71/><W40/><AGARI ba="1,0" hai="13,19,21,40,47,50,85,86" m="40457,44138" machi="40" ten="30,7900,0" yaku="11,1,52,3" doraHai="103" who="3" fromWho="3" sc="157,-21,172,-21,401,-40,270,82" /><INIT seed="3,0,0,2,2,34" ten="136,151,361,352" oya="3" hai0="16,27,99,10,123,12,102,105,18,88,125,58,42" hai1="72,59,94,7,28,68,26,106,97,73,74,128,124" hai2="87,55,40,20,95,120,57,17,8,51,116,1,66" hai3="82,86,117,22,96,31,75,121,131,32,113,126,115"/><W110/><G32/><T46/><D123/><U91/><E68/><V47/><F116/><W9/><G9/><T118/><D118/><U90/><E7/><V112/><F112/><W19/><G31/><T60/><D125/><U63/><E124/><V89/><F120/><W135/><G117/><T41/><D41/><U103/><E128/><V67/><F8/><W36/><G36/><T133/><D133/><U54/><E106/><V21/><F1/><W92/><G121/><T104/><D105/><U13/><REACH who="1" step="1"/><E13/><REACH who="1" ten="136,141,361,352" step="2"/><N who="2" m="9263" /><F21/><AGARI ba="0,1" hai="21,26,28,54,59,63,72,73,74,90,91,94,97,103" machi="21" ten="40,2600,0" yaku="1,1,53,1" doraHai="34" doraHaiUra="25" who="1" fromWho="2" sc="136,0,141,36,361,-26,352,0" /><INIT seed="4,0,0,0,1,117" ten="136,177,335,352" oya="0" hai0="49,75,87,16,23,113,83,118,89,120,59,33,70" hai1="122,78,1,104,95,46,31,124,115,74,135,41,133" hai2="131,101,20,82,80,97,123,72,61,84,32,42,64" hai3="40,65,114,45,98,134,9,3,10,67,57,125,5"/><T17/><D118/><U27/><E104/><V90/><F32/><W37/><G134/><T106/><D113/><U108/><E108/><V47/><F131/><W107/><G125/><T35/><D70/><U132/><E124/><V55/><F55/><W96/><G10/><T129/><D129/><U94/><E1/><V7/><F7/><W109/><G109/><T110/><D110/><U86/><E74/><V13/><F72/><W91/><G96/><T77/><D106/><U39/><E115/><V30/><F123/><W58/><G58/><T68/><D68/><U102/><E102/><V71/><F82/><W51/><G114/><T12/><D120/><U69/><E69/><V2/><F2/><W62/><G37/><T99/><D99/><U105/><E105/><V56/><F71/><W28/><G28/><T54/><REACH who="0" step="1"/><D17/><REACH who="0" ten="126,177,335,352" step="2"/><U38/><E122/><V112/><F112/><W53/><G107/><T21/><D21/><U81/><E39/><V43/><F97/><W50/><G98/><T25/><D25/><U44/><E44/><V60/><F47/><W103/><G45/><T6/><D6/><U127/><REACH who="1" step="1"/><E127/><REACH who="1" ten="126,167,335,352" step="2"/><V130/><F130/><W66/><G3/><T8/><D8/><U100/><E100/><V22/><F101/><W92/><G103/><T11/><D11/><U93/><E93/><AGARI ba="0,2" hai="12,16,23,33,35,49,54,59,75,77,83,87,89,93" machi="93" ten="30,18000,2" yaku="1,1,7,1,25,2,54,1,53,1" doraHai="117" doraHaiUra="52" who="0" fromWho="1" sc="126,200,167,-180,335,0,352,0" owari="326,-7.0,-13,-51.0,335,14.0,352,44.0" /></mjloggm>