<mjloggm ver="2.3"><GO type="41" lobby="0"/><UN n0="%E3%81%A7%E3%81%93%E3%81%AE%E3%81%B5" n1="%E3%81%B2%E3%82%8D%E3%82%8D%E3%82%93%E3%82%8D" n2="%E2%93%9D%53%75%70%68%78" n3="%E4%B8%89%E6%AF%9B%E7%8C%AB%E5%B0%82%E7%94%A8%E3%82%B6%E3%82%AF%E2%85%A1" dan="15,14,18,15" rate="2000.19,1912.09,2162.04,1977.46" sx="M,M,M,F"/><TAIKYOKU oya="0"/><INIT seed="0,0,0,0,1,26" ten="250,250,250,250" oya="0" hai0="92,113,115,10,97,22,105,74,29,79,40,67,95" hai1="50,83,116,2,34,121,86,68,19,91,100,18,54" hai2="131,123,134,30,99,122,0,49,61,38,13,3,76" hai3="47,52,102,117,87,36,65,64,130,6,62,70,110"/><T107/><D40/><U1/><E116/><V20/><F76/><W37/><G110/><T35/><D35/><U85/><E68/><V41/><F38/><W80/><G117/><T51/><D67/><U33/><E100/><V25/><F131/><W109/><G109/><T23/><D10/><U45/><E34/><V24/><F61/><W129/><G6/><T44/><D79/><U90/><E33/><V31/><F99/><W132/><G102/><T108/><D108/><U112/><E121/><N who="2" m="46091" /><F49/><N who="3" m="28735" /><G132/><T75/><D97/><U126/><E126/><V59/><F59/><N who="3" m="36959" /><G87/><T94/><D94/><U103/><E103/><V82/><F82/><W46/><G80/><T106/><D106/><U98/><E98/><V39/><F41/><N who="3" m="22823" /><G37/><T77/><D77/><U72/><E72/><V111/><F39/><W43/><G43/><T28/><D51/><U69/><E50/><V7/><F134/><W71/><G65/><T78/><D78/><U9/><E83/><V88/><F111/><W119/><G119/><T8/><D8/><U56/><E9/><N who="2" m="4287" /><F88/><W55/><G55/><T63/><D44/><U104/><E45/><V89/><F89/><W73/><G73/><T48/><D48/><U42/><E91/><V57/><F57/><W53/><G53/><T101/><D101/><U12/><E90/><V21/><AGARI ba="0,0" hai="0,3,20,21,24,25,30,31" m="4287,46091" machi="21" ten="30,7900,0" yaku="34,2,52,2" doraHai="26" who="2" fromWho="2" sc="250,-39,250,-20,250,79,250,-20" /><INIT seed="1,0,0,3,3,49" ten="211,230,329,230" oya="1" hai0="117,17,1,114,43,64,6,118,9,50,26,16,15" hai1="14,124,70,109,102,135,71,38,80,91,10,127,130" hai2="54,32,35,89,18,90,36,98,22,86,108,37,3" hai3="77,78,97,57,93,60,111,59,100,105,19,23,27"/><U67/><E130/><V133/><F3/><W99/><G111/><T126/><D114/><U132/><E38/><V88/><F108/><W40/><G40/><T122/><D126/><N who="1" m="48171" /><E109/><V96/><F86/><W110/><G110/><T87/><D122/><U13/><E102/><V4/><F4/><W41/><G41/><T48/><D64/><U75/><E91/><V83/><F83/><W68/><G68/><N who="1" m="26154" /><E67/><V39/><F133/><N who="1" m="51273" /><E10/><V51/><F98/><W45/><G45/><T65/><D65/><U95/><E95/><V69/><F69/><W123/><G123/><T61/><D61/><U55/><E55/><V82/><F96/><W134/><G59/><T47/><D87/><U46/><E46/><V30/><F82/><W128/><G128/><T115/><D115/><U62/><E62/><V106/><F106/><W53/><G134/><T107/><D107/><U103/><E103/><AGARI ba="0,0" hai="19,23,27,53,57,60,77,78,93,97,99,100,103,105" machi="103" ten="30,2000,0" yaku="7,1,52,1" doraHai="49" who="3" fromWho="1" sc="211,0,230,-20,329,0,230,20" /><INIT seed="2,0,0,2,3,41" ten="211,210,329,250" oya="2" hai0="25,98,121,85,43,107,71,49,119,113,45,110,26" hai1="90,106,57,10,118,129,60,65,64,23,75,13,14" hai2="69,115,120,28,73,8,20,77,70,68,66,87,54" hai3="58,99,100,56,33,72,44,128,29,104,39,0,51"/><V52/><F115/><W116/><G116/><T36/><D121/><U55/><E118/><V109/><F73/><W9/><G72/><T46/><D119/><U76/><E129/><V4/><F120/><W117/><G39/><T96/><D71/><U111/><E111/><V2/><F66/><W135/><G135/><T6/><D110/><U16/><E106/><V125/><F125/><W30/><G117/><T114/><D6/><U32/><E32/><V50/><F109/><W5/><G128/><T122/><D122/><U83/><REACH who="1" step="1"/><E90/><REACH who="1" ten="211,200,329,250" step="2"/><V3/><F3/><W61/><G33/><T108/><D108/><U53/><E53/><V38/><F54/><W78/><G78/><T12/><D114/><U62/><E62/><V48/><F52/><W103/><G100/><T126/><D113/><U124/><E124/><V130/><F130/><W42/><G58/><T35/><D126/><U24/><E24/><V102/><F102/><W84/><G84/><T7/><D107/><U131/><E131/><V95/><F77/><W94/><G104/><T22/><D85/><U93/><E93/><V59/><F59/><W80/><G80/><T31/><D26/><U112/><E112/><V79/><F95/><W86/><G86/><T18/><D7/><AGARI ba="0,1" hai="7,10,13,14,16,23,55,57,60,64,65,75,76,83" machi="7" ten="30,3900,0" yaku="1,1,7,1,54,1,53,0" doraHai="41" doraHaiUra="37" who="1" fromWho="0" sc="211,-39,200,49,329,0,250,0" /><INIT seed="3,0,0,0,3,113" ten="172,249,329,250" oya="3" hai0="95,98,56,76,118,17,89,79,15,11,19,114,7" hai1="106,27,135,9,132,3,60,50,18,107,77,123,10" hai2="108,80,14,52,68,51,86,93,54,48,38,120,102" hai3="24,62,82,70,22,129,111,34,134,5,94,0,30"/><W32/><G129/><T83/><D114/><U131/><E123/><V99/><F38/><W81/><G134/><T85/><D79/><U121/><E121/><V1/><F68/><W29/><G0/><T69/><D69/><U43/><E131/><V40/><F108/><W21/><G5/><T125/><D125/><U8/><E3/><V96/><F1/><W36/><G36/><T42/><D118/><U64/><E77/><V97/><F40/><W126/><G126/><T103/><D42/><U133/><E18/><V130/><F120/><W74/><G74/><T88/><D19/><U53/><E27/><V31/><F31/><W92/><G70/><T73/><D73/><U13/><E13/><V45/><F14/><W116/><G62/><T61/><REACH who="0" step="1"/><D7/><REACH who="0" ten="162,249,329,250" step="2"/><U58/><E43/><V4/><F4/><W39/><G111/><T28/><D28/><U66/><E64/><AGARI ba="0,1" hai="11,15,17,56,61,64,76,83,85,88,89,95,98,103" machi="64" ten="30,7700,0" yaku="1,1,7,1,8,1,54,1,53,0" doraHai="113" doraHaiUra="101" who="0" fromWho="1" sc="162,87,249,-77,329,0,250,0" /><INIT seed="4,0,0,5,1,45" ten="249,172,329,250" oya="0" hai0="58,52,16,29,87,107,98,10,121,54,119,76,50" hai1="74,1,124,94,32,120,55,51,31,92,26,19,90" hai2="44,112,123,46,80,100,17,131,7,117,67,3,57" hai3="43,9,89,24,21,102,82,48,133,47,53,56,5"/><T60/><D119/><U35/><E120/><V4/><F131/><W93/><G133/><T97/><D121/><U49/><E74/><V129/><F112/><W20/><G102/><T70/><D107/><U64/><E1/><V2/><F129/><W115/><G82/><N who="0" m="47559" /><D29/><U104/><E104/><V30/><F17/><W66/><G66/><T132/><D70/><U78/><E78/><V34/><F34/><W0/><G115/><T126/><D126/><U6/><E6/><V95/><F30/><W42/><G42/><T33/><D33/><U28/><E64/><V75/><F7/><W65/><G65/><T77/><D77/><U22/><E124/><V11/><F3/><W108/><G108/><T71/><D71/><U40/><E40/><V109/><F109/><W14/><G24/><T12/><D132/><U61/><E35/><V122/><F117/><W27/><G27/><T69/><D69/><U116/><E32/><V25/><F25/><W135/><G135/><T85/><D85/><U63/><E116/><V84/><F75/><W125/><G125/><T23/><D10/><U38/><E38/><V15/><F123/><W118/><G0/><T39/><D39/><U62/><E31/><V18/><F122/><W110/><G110/><T128/><D128/><U79/><E28/><V68/><F68/><W99/><G118/><T59/><AGARI ba="0,0" hai="12,16,23,50,52,54,58,59,60,97,98" m="47559" machi="59" ten="30,11700,0" yaku="8,1,52,1,54,2" doraHai="45" who="0" fromWho="0" sc="249,117,172,-39,329,-39,250,-39" /><INIT seed="4,1,0,0,3,124" ten="366,133,290,211" oya="0" hai0="49,68,70,1,18,81,24,29,106,118,114,50,27" hai1="61,66,30,37,16,111,119,90,41,28,26,71,45" hai2="13,130,99,127,103,19,73,7,46,23,63,74,122" hai3="84,98,52,100,94,75,72,31,2,89,35,108,129"/><T39/><D118/><U34/><E111/><V64/><F122/><W3/><G108/><T79/><D39/><U102/><E119/><V55/><F127/><W42/><G42/><T83/><D1/><U77/><E77/><V33/><F33/><W0/><G35/><T133/><D106/><U14/><E30/><V40/><F55/><W117/><G31/><T132/><D79/><U97/><E90/><V110/><F7/><W9/><G9/><T58/><D29/><U54/><E54/><V78/><F130/><W121/><G117/><T15/><D15/><U128/><E128/><V134/><F134/><W25/><G25/><T112/><D58/><U126/><E126/><V105/><F78/><W57/><G129/><T85/><D85/><U104/><E14/><V4/><F4/><W47/><G47/><T93/><D93/><U123/><REACH who="1" step="1"/><E16/><AGARI ba="1,0" hai="16,18,24,27,49,50,68,70,81,83,112,114,132,133" machi="16" ten="25,4800,0" yaku="22,2,54,1" doraHai="124" who="0" fromWho="1" sc="366,51,133,-51,290,0,211,0" /><INIT seed="4,2,0,2,0,124" ten="417,82,290,211" oya="0" hai0="20,36,47,119,111,109,101,84,44,31,82,35,62" hai1="126,3,103,5,61,60,125,70,55,14,85,74,63" hai2="15,71,7,52,68,0,134,25,12,127,8,42,94" hai3="10,30,46,17,57,104,114,115,19,54,28,21,75"/><T23/><D119/><U120/><E74/><V41/><F134/><W6/><G104/><T73/><D73/><U112/><E3/><V117/><F127/><N who="1" m="48649" /><E103/><V91/><F25/><N who="3" m="14511" /><G46/><T22/><D101/><U132/><E85/><V16/><F0/><N who="3" m="327" /><G54/><T29/><D62/><N who="1" m="24171" /><E14/><V49/><F71/><W87/><G57/><T9/><D9/><U4/><E5/><V88/><F68/><W59/><G59/><T56/><D56/><U45/><E4/><V110/><F110/><N who="0" m="41994" /><D36/><U107/><E107/><V69/><F69/><W121/><G87/><T53/><D53/><U100/><E100/><V24/><F117/><W18/><G75/><T89/><D35/><U27/><E132/><V131/><F7/><W81/><G81/><T48/><D48/><U106/><E106/><V135/><F49/><W118/><G118/><T39/><D39/><U33/><E33/><V67/><F135/><W102/><G102/><T76/><D76/><U72/><E72/><V37/><F37/><W123/><G19/><T80/><D80/><U83/><E83/><V26/><F16/><W79/><G79/><T65/><D82/><U13/><E70/><V97/><F8/><W122/><G18/><T58/><D84/><U77/><E77/><V128/><F15/><W113/><AGARI ba="2,0" hai="28,30,113,114,115,121,122,123" m="327,14511" machi="113" ten="40,8000,1" yaku="15,1,13,1,34,2" doraHai="124" who="3" fromWho="3" sc="417,-42,82,-22,290,-22,211,86" /><INIT seed="5,0,0,5,5,126" ten="375,60,268,297" oya="1" hai0="130,31,25,49,24,87,108,27,122,127,47,8,82" hai1="36,106,129,51,113,30,68,58,101,109,7,20,80" hai2="55,110,9,92,53,39,115,124,21,50,111,102,121" hai3="83,72,66,114,100,74,118,40,103,65,96,35,132"/><U88/><E36/><V99/><F121/><W73/><G35/><T10/><D108/><U28/><E109/><V104/><F39/><W46/><G114/><T16/><D127/><U1/><E68/><V69/><F124/><W29/><G29/><T79/><D130/><U63/><E113/><V128/><F115/><W62/><G132/><T105/><D105/><U117/><E117/><V91/><F55/><W32/><G32/><T41/><D122/><U107/><E107/><V13/><F21/><W43/><G83/><T4/><D10/><U78/><E1/><V93/><F69/><W84/><G84/><T59/><D59/><U34/><E7/><V15/><F15/><W44/><G74/><T70/><D70/><U76/><E34/><V37/><F37/><W85/><G85/><T97/><D97/><U38/><E38/><V125/><F128/><W86/><G86/><T89/><D89/><U95/><E106/><V19/><F125/><W11/><G11/><T14/><D31/><N who="1" m="11819" /><E20/><AGARI ba="0,0" hai="4,8,14,16,20,24,25,27,41,47,49,79,82,87" machi="20" ten="40,8000,1" yaku="25,2,8,1,54,1" doraHai="126" who="0" fromWho="1" sc="375,80,60,-80,268,0,297,0" owari="455,55.0,-20,-52.0,268,-13.0,297,10.0" /></mjloggm>