<mjloggm ver="2.3"><GO type="41" lobby="0"/><UN n0="%E2%93%9D%53%75%70%68%78" n1="%E3%81%8A%E3%81%AA%E3%81%A6%E3%82%93" n2="%E3%81%B2%E3%81%A7%E3%81%AB%E3%82%83%E3%82%80%E3%81%95%E3%82%93" n3="%6E%69%63%65%2D%66%69%74" dan="18,15,15,15" rate="2105.32,2025.08,1985.62,1989.91" sx="M,M,M,M"/><TAIKYOKU oya="0"/><INIT seed="0,0,0,0,1,56" ten="250,250,250,250" oya="0" hai0="34,104,119,111,31,58,27,81,17,1,77,114,33" hai1="38,118,20,96,51,100,29,73,4,41,2,88,0" hai2="120,36,129,61,64,21,37,59,55,89,47,121,82" hai3="42,116,134,109,85,3,62,60,90,39,78,46,94"/><T70/><D114/><U126/><E118/><V71/><F21/><W32/><G32/><T110/><D119/><U63/><E38/><N who="2" m="14955" /><F82/><W35/><G35/><T97/><D1/><U87/><E73/><V115/><F89/><W23/><G3/><T128/><D128/><U124/><E4/><V83/><F83/><W103/><G134/><T14/><D70/><U102/><E29/><V11/><F11/><W80/><G109/><N who="0" m="41483" /><D58/><U135/><E20/><V19/><F19/><W65/><G65/><T18/><D34/><U92/><E135/><V7/><F7/><W49/><G39/><T95/><D104/><U67/><E51/><N who="2" m="29183" /><F115/><W84/><G116/><T26/><D26/><U22/><E22/><V8/><F8/><W122/><G122/><N who="2" m="47209" /><F129/><W13/><G103/><N who="0" m="60863" /><D14/><U125/><E41/><V99/><F99/><W127/><G13/><T74/><AGARI ba="0,0" hai="17,18,27,31,33,74,77,81" m="60863,41483" machi="74" ten="30,3000,0" yaku="14,1,10,1" doraHai="56" who="0" fromWho="0" sc="250,30,250,-10,250,-10,250,-10" /><INIT seed="0,1,0,4,1,56" ten="280,240,240,240" oya="0" hai0="42,20,37,24,45,72,114,21,2,14,77,100,84" hai1="135,17,66,89,4,26,9,115,98,102,69,94,96" hai2="117,54,29,92,108,48,99,82,129,35,34,47,64" hai3="131,51,38,101,87,5,55,25,27,123,65,43,124"/><T127/><D114/><U11/><E115/><V57/><F108/><W110/><G110/><T16/><D2/><U74/><E74/><V30/><F129/><W22/><G124/><T12/><D127/><U0/><E135/><V46/><F117/><W121/><G5/><T134/><D134/><U50/><E50/><V119/><F119/><W70/><G87/><T126/><D126/><U1/><E1/><V31/><F82/><W105/><G131/><T63/><D72/><U41/><E41/><V53/><F64/><W80/><G80/><T103/><D14/><U36/><E36/><V113/><F113/><W107/><G27/><T40/><D40/><U122/><E122/><N who="3" m="46602" /><G101/><T71/><D77/><U13/><E26/><V67/><F67/><W120/><G43/><T93/><D84/><U73/><E73/><V104/><F104/><W85/><G85/><T8/><D93/><U49/><E49/><V118/><F118/><W60/><N who="3" m="46610" /><W15/><DORA hai="86" /><G15/><T88/><D21/><U62/><REACH who="1" step="1"/><E98/><REACH who="1" ten="280,230,240,240" step="2"/><V81/><F35/><W10/><G38/><T75/><D75/><U44/><E44/><V23/><F34/><W6/><G51/><T97/><D37/><U112/><E112/><V95/><F46/><W59/><G25/><T116/><D116/><U130/><E130/><V18/><F99/><W111/><G111/><T39/><D97/><U3/><E3/><V7/><F81/><W79/><G107/><T91/><D39/><U125/><E125/><V133/><F133/><W52/><G105/><T58/><D42/><U28/><E28/><N who="2" m="10859" /><F47/><W83/><G83/><RYUUKYOKU ba="1,1" sc="280,-10,230,30,240,-10,240,-10" hai1="0,4,9,11,13,17,62,66,69,89,94,96,102" /><INIT seed="1,2,1,2,3,125" ten="270,260,230,230" oya="1" hai0="29,76,55,94,78,7,40,4,130,64,113,46,104" hai1="66,53,133,1,71,58,67,87,84,33,117,9,16" hai2="103,110,26,25,38,115,96,98,92,61,135,59,70" hai3="107,49,43,14,10,118,30,62,48,17,124,20,52"/><U22/><E33/><V65/><F38/><W11/><G107/><T89/><D104/><U121/><E121/><V39/><F39/><W44/><G124/><T19/><D29/><U100/><E117/><V32/><F110/><W131/><G62/><T101/><D101/><U85/><E71/><V102/><F135/><W80/><G118/><T56/><D64/><U111/><E133/><V93/><F115/><W106/><G106/><T18/><D130/><U36/><E36/><V112/><F112/><W6/><G80/><T90/><D46/><U74/><E74/><V15/><F32/><W119/><G30/><T12/><D40/><U35/><E35/><V8/><REACH who="2" step="1"/><F70/><REACH who="2" ten="270,260,220,230" step="2"/><W2/><G119/><T81/><D113/><U82/><E111/><V37/><F37/><W79/><G79/><T97/><D78/><U42/><E42/><V75/><F75/><W105/><G105/><T28/><D76/><U57/><E82/><V73/><F73/><W128/><REACH who="3" step="1"/><G11/><REACH who="3" ten="270,260,220,220" step="2"/><T77/><D81/><U27/><E9/><V72/><F72/><W41/><G41/><T122/><D77/><U68/><E68/><V129/><F129/><W95/><G95/><T126/><D94/><U99/><E1/><V31/><F31/><W21/><G21/><T50/><D28/><U13/><E22/><V83/><F83/><W0/><G0/><T116/><D116/><U54/><E13/><V24/><F24/><W123/><G123/><T51/><D12/><U134/><E27/><V91/><F91/><W120/><G120/><T114/><D122/><U63/><E134/><V109/><F109/><RYUUKYOKU ba="2,3" sc="270,-15,260,-15,220,15,220,15" hai2="8,15,25,26,59,61,65,92,93,96,98,102,103" hai3="2,6,10,14,17,20,43,44,48,49,52,128,131" /><INIT seed="2,3,3,0,4,94" ten="255,245,235,235" oya="2" hai0="47,99,8,109,23,90,2,39,134,105,18,7,17" hai1="31,9,56,43,59,113,101,132,116,29,67,40,106" hai2="87,131,82,24,44,28,12,10,26,54,11,103,104" hai3="27,70,4,42,13,64,65,102,95,53,127,97,25"/><V32/><F131/><W51/><G127/><T107/><D109/><U115/><E116/><V96/><F26/><N who="3" m="9739" /><G42/><N who="1" m="15914" /><E106/><V45/><F54/><W130/><G70/><T128/><D134/><U93/><E132/><V34/><F32/><W80/><G130/><T62/><D128/><U20/><E9/><V0/><F0/><W33/><G33/><T114/><D114/><U63/><E20/><V71/><F71/><W6/><G80/><T16/><D23/><U117/><E117/><V118/><F118/><W79/><G79/><T57/><D47/><U111/><E111/><V50/><F50/><W83/><G83/><T135/><D39/><U74/><E74/><V123/><F123/><W68/><G68/><T46/><D46/><U72/><E72/><V30/><F30/><W37/><G37/><T86/><D135/><U60/><E113/><V77/><REACH who="2" step="1"/><F11/><REACH who="2" ten="255,245,225,235" step="2"/><N who="3" m="4327" /><G6/><AGARI ba="3,4" hai="6,10,12,24,28,34,44,45,77,82,87,96,103,104" machi="6" ten="30,11600,0" yaku="1,1,7,1,52,1,53,1" doraHai="94" doraHaiUra="100" who="2" fromWho="3" sc="255,0,245,0,225,165,235,-125" /><INIT seed="2,4,0,0,4,23" ten="255,245,390,110" oya="2" hai0="36,59,68,35,4,50,14,64,39,25,108,121,119" hai1="111,134,33,41,44,72,48,118,117,122,37,83,1" hai2="71,0,81,55,12,34,126,65,90,78,58,13,123" hai3="47,130,22,112,42,127,120,73,63,87,18,27,43"/><V77/><F123/><W86/><G73/><T124/><D121/><U61/><E122/><V76/><F0/><W115/><G120/><T49/><D14/><U101/><E1/><V74/><F34/><W7/><G7/><T31/><D108/><U106/><E33/><V30/><F126/><W105/><G105/><T85/><D4/><U131/><E111/><V9/><F71/><W38/><G43/><T80/><D68/><U40/><E61/><V97/><F65/><W129/><G63/><T99/><D99/><U79/><E131/><N who="3" m="50186" /><G127/><T135/><D135/><U91/><E134/><V116/><F116/><W15/><G15/><T3/><D3/><U132/><E132/><V52/><F30/><W24/><G24/><T92/><D25/><U98/><E41/><V21/><F55/><W75/><G75/><T104/><D31/><U16/><E37/><V54/><F54/><W32/><G32/><T100/><D39/><U29/><E29/><V125/><F125/><W10/><G10/><T114/><D36/><U128/><E16/><N who="2" m="10375" /><F74/><W5/><G5/><T109/><D119/><U110/><E110/><V46/><F46/><W66/><G66/><T20/><D64/><U107/><E128/><V93/><F81/><W19/><G19/><T69/><D80/><N who="1" m="45159" /><E107/><V113/><F113/><AGARI ba="4,0" hai="18,22,27,38,42,47,86,87,112,113,115" m="50186" machi="113" ten="30,3900,0" yaku="11,1,19,1,52,1" doraHai="23" who="3" fromWho="2" sc="255,0,245,0,390,-51,110,51" /><INIT seed="3,0,0,0,1,122" ten="255,245,339,161" oya="3" hai0="8,69,111,50,43,77,108,94,115,127,41,54,90" hai1="109,133,101,31,126,92,52,86,42,3,135,18,47" hai2="113,66,40,10,82,120,57,30,60,65,9,84,5" hai3="72,132,104,21,134,75,36,24,22,114,25,4,53"/><W59/><G36/><T73/><D69/><U45/><E3/><V93/><F113/><W85/><G104/><T102/><D102/><U131/><E31/><V38/><F120/><W58/><G4/><T19/><D127/><U34/><E34/><V13/><F30/><W27/><G85/><T7/><D19/><U44/><E126/><V74/><F93/><W88/><G53/><T99/><D115/><U96/><E131/><V80/><F80/><W121/><G114/><T78/><D43/><U37/><E86/><V20/><F20/><N who="3" m="7787" /><G88/><T81/><D41/><U91/><E18/><V61/><F74/><N who="3" m="28203" /><G121/><T62/><D78/><U129/><E129/><V97/><F97/><W39/><G39/><T79/><D79/><U125/><E125/><V95/><F95/><W28/><G28/><T12/><REACH who="0" step="1"/><D62/><REACH who="0" ten="245,245,339,161" step="2"/><U26/><E101/><V83/><F40/><W110/><G110/><T128/><D128/><U15/><E42/><V106/><F38/><W76/><G76/><T14/><D14/><U48/><E37/><V11/><F13/><W124/><G124/><T32/><D32/><U117/><E15/><V46/><F5/><W123/><G123/><T68/><D68/><U89/><E109/><V23/><F61/><W56/><AGARI ba="0,1" hai="24,25,27,56,58,59,132,134" m="28203,7787" machi="56" ten="40,3900,0" yaku="28,2" doraHai="122" who="3" fromWho="3" sc="245,-13,245,-13,339,-13,161,49" /><INIT seed="3,1,0,1,3,9" ten="232,232,326,210" oya="3" hai0="6,120,8,63,11,33,98,97,129,48,117,37,89" hai1="105,57,35,135,131,13,94,128,107,55,43,49,41" hai2="36,66,38,102,93,96,111,81,112,119,30,82,83" hai3="12,114,39,14,80,2,106,59,68,86,19,10,88"/><W122/><G114/><T130/><D37/><U3/><E3/><V108/><F112/><W67/><G68/><T115/><D115/><U64/><E35/><V4/><F119/><W56/><G106/><T77/><D33/><U26/><E26/><V45/><F66/><W24/><G39/><T47/><D11/><U125/><E64/><V17/><F45/><W92/><G2/><T58/><D77/><U109/><E109/><N who="2" m="42059" /><F4/><N who="3" m="3143" /><G24/><T61/><D120/><U132/><E94/><V20/><F30/><W16/><G19/><T113/><D117/><U73/><E73/><V31/><F31/><W46/><G46/><T110/><D113/><U1/><E1/><V101/><F101/><W5/><G5/><T126/><D47/><U22/><E105/><V78/><F78/><N who="3" m="46359" /><G67/><T65/><D65/><U29/><E107/><V75/><F75/><W60/><G60/><T23/><D63/><U27/><E13/><AGARI ba="1,0" hai="13,17,20,36,38,81,82,83,93,96,102" m="42059" machi="13" ten="30,2000,0" yaku="14,1,52,1" doraHai="9" who="2" fromWho="1" sc="232,0,232,-23,326,23,210,0" /><INIT seed="4,0,0,2,2,30" ten="232,209,349,210" oya="0" hai0="72,119,29,18,107,109,98,134,80,57,75,37,62" hai1="41,108,61,118,86,79,6,7,26,102,121,43,131" hai2="23,128,104,115,74,133,127,135,105,12,40,71,11" hai3="39,2,16,9,33,112,8,13,99,88,68,3,84"/><T21/><D119/><U97/><E118/><V45/><F71/><W56/><G68/><T51/><D37/><U110/><E121/><V52/><F74/><W106/><G39/><T111/><D29/><U124/><E124/><V81/><F127/><W4/><G2/><T25/><D51/><U1/><E131/><V34/><F34/><W66/><G112/><T46/><D46/><U59/><E1/><V19/><F115/><W117/><G117/><T55/><D134/><N who="2" m="51210" /><F128/><W123/><G123/><T129/><D129/><U22/><E108/><N who="0" m="41545" /><D80/><N who="1" m="47391" /><E110/><V64/><F64/><W58/><G33/><T70/><D70/><U92/><E43/><V132/><F132/><W28/><G28/><T93/><D107/><N who="2" m="41034" /><F81/><W54/><G66/><T126/><D126/><U0/><E41/><V90/><F90/><AGARI ba="0,0" hai="18,21,25,55,57,62,72,75,90,93,98" m="41545" machi="90" ten="30,2900,0" yaku="25,1,10,1" doraHai="30" who="0" fromWho="2" sc="232,29,209,0,349,-29,210,0" /><INIT seed="4,1,0,2,5,45" ten="261,209,320,210" oya="0" hai0="120,112,24,61,84,38,69,4,67,29,15,34,93" hai1="9,110,68,124,58,117,22,35,0,89,109,80,50" hai2="10,46,37,85,57,75,30,16,26,104,108,119,11" hai3="107,21,60,39,95,12,71,131,72,128,115,52,31"/><T79/><D120/><U134/><E117/><V96/><F108/><N who="1" m="41577" /><E35/><V81/><F75/><W42/><G107/><T113/><D38/><U32/><E32/><V47/><F119/><W23/><G72/><T77/><D4/><U49/><E68/><V8/><F37/><W25/><G95/><T91/><REACH who="0" step="1"/><D15/><REACH who="0" ten="251,209,320,210" step="2"/><U55/><E134/><V122/><F122/><W106/><G39/><T97/><D97/><U66/><E124/><V18/><F96/><W54/><G12/><T102/><D102/><U101/><E101/><V2/><F104/><W132/><G132/><T116/><D116/><U7/><E66/><V59/><F2/><W20/><G106/><T86/><D86/><N who="1" m="50375" /><E22/><N who="2" m="15703" /><F85/><W129/><G20/><T33/><D33/><U62/><E0/><V70/><F70/><W65/><G21/><T36/><D36/><U48/><E9/><V1/><F1/><W98/><G98/><T27/><D27/><U114/><E7/><V6/><F6/><W19/><G31/><T118/><D118/><U133/><E133/><V94/><F8/><W123/><G123/><T83/><D83/><U51/><N who="1" m="12288" /><DORA hai="41" /><U125/><E125/><V5/><F81/><W44/><G131/><T56/><D56/><U127/><E127/><V100/><F57/><W76/><G129/><T87/><D87/><U78/><E58/><V74/><F59/><W121/><G121/><T103/><D103/><U63/><E63/><V99/><F74/><W82/><G128/><T53/><D53/><U73/><E55/><V105/><F105/><W126/><G126/><T40/><D40/><U130/><E62/><RYUUKYOKU ba="1,1" sc="251,30,209,-10,320,-10,210,-10" hai0="24,29,34,61,67,69,77,79,84,91,93,112,113" /><INIT seed="4,2,1,1,1,31" ten="281,199,310,200" oya="0" hai0="84,78,30,16,79,51,124,94,43,132,49,52,135" hai1="77,33,36,18,91,86,73,103,130,92,72,5,95" hai2="17,23,119,63,88,65,54,59,60,56,89,105,61" hai3="110,39,99,107,129,35,10,112,113,80,106,82,34"/><T15/><D30/><U37/><E130/><V0/><F105/><N who="3" m="39947" /><G99/><T3/><D3/><U128/><E128/><V122/><F0/><W64/><G129/><T131/><D124/><U28/><E5/><V68/><F119/><W134/><G64/><T24/><D24/><U14/><E77/><V9/><F9/><W118/><G39/><T74/><D74/><U76/><E76/><V46/><F46/><W126/><G118/><T90/><D131/><U109/><E109/><V102/><F102/><W120/><G110/><T40/><D79/><U71/><E71/><V58/><F122/><W2/><G134/><N who="0" m="51243" /><D51/><U123/><E123/><V87/><F68/><W104/><G104/><T27/><D27/><N who="1" m="18591" /><E37/><V53/><F87/><W20/><G20/><N who="0" m="11295" /><D78/><U69/><E69/><V75/><F75/><W108/><G108/><T117/><D117/><U4/><E36/><V8/><F8/><W83/><G126/><T121/><D121/><U55/><E72/><V114/><F114/><N who="3" m="44139" /><G120/><T70/><D70/><U111/><E111/><V32/><F32/><N who="3" m="12331" /><G10/><T12/><D12/><AGARI ba="2,1" hai="12,17,23,53,54,56,58,59,60,61,63,65,88,89" machi="12" ten="30,7700,0" yaku="7,1,9,1,8,1,54,1" doraHai="31" who="2" fromWho="0" sc="281,-83,199,0,310,93,200,0" /><INIT seed="5,0,0,5,0,81" ten="198,199,403,200" oya="1" hai0="62,107,27,52,17,87,115,106,127,126,60,113,65" hai1="28,69,125,78,38,54,4,119,79,111,76,72,135" hai2="64,3,0,86,50,31,8,73,22,37,53,95,132" hai3="9,99,70,39,48,131,74,89,134,102,124,47,16"/><U85/><E119/><V58/><F73/><W128/><G70/><T32/><D17/><U25/><E72/><V105/><F37/><W20/><G39/><T103/><D87/><U36/><E69/><V2/><F105/><N who="0" m="39946" /><D103/><U42/><E135/><V24/><F132/><W122/><G122/><T114/><D52/><U10/><E111/><V41/><F41/><W35/><G35/><T118/><D118/><U91/><E54/><V11/><REACH who="2" step="1"/><F64/><REACH who="2" ten="198,199,393,200" step="2"/><W51/><G134/><T101/><D65/><U97/><E42/><V100/><F100/><W116/><G74/><T14/><D101/><U121/><E121/><V55/><F55/><W61/><G102/><T92/><D115/><U7/><E38/><V12/><F12/><W56/><G116/><T26/><D14/><U15/><E36/><V83/><F83/><W130/><G130/><T49/><D114/><U68/><E15/><V6/><F6/><W93/><G131/><T40/><D113/><U43/><E43/><V13/><F13/><W120/><G120/><T63/><D40/><U133/><E133/><V98/><F98/><W66/><G128/><T108/><D108/><U18/><E97/><V110/><F110/><W88/><G9/><T1/><D127/><U71/><E125/><V34/><F34/><W80/><G80/><T112/><D112/><U29/><E7/><V84/><F84/><W67/><G67/><T5/><D126/><U30/><E4/><V75/><F75/><W23/><G124/><T94/><D32/><U46/><E10/><V104/><F104/><W117/><G66/><T19/><D5/><RYUUKYOKU ba="0,1" sc="198,-10,199,-10,393,30,200,-10" hai2="0,2,3,8,11,22,24,31,50,53,58,86,95" /><INIT seed="6,1,1,0,2,127" ten="188,189,423,190" oya="2" hai0="99,16,129,70,74,59,19,12,132,78,33,89,72" hai1="87,1,130,4,50,13,58,90,79,77,15,131,118" hai2="76,115,120,84,5,61,63,67,107,60,101,64,41" hai3="94,124,37,49,29,53,114,93,20,135,128,125,0"/><V97/><F120/><W28/><G37/><T121/><D70/><U55/><E118/><V113/><F41/><W102/><G0/><T40/><D33/><U106/><E106/><V100/><F5/><W7/><G7/><T51/><D121/><U126/><E126/><N who="3" m="48746" /><G135/><T98/><D129/><N who="1" m="49163" /><E1/><V68/><F100/><W123/><G123/><T36/><D132/><U44/><E58/><V46/><F46/><W122/><G114/><N who="2" m="43529" /><F68/><W65/><G65/><N who="2" m="25161" /><F84/><W8/><G102/><T69/><D69/><U116/><E116/><V31/><F31/><N who="3" m="11851" /><G122/><T103/><D103/><U30/><E30/><V45/><F45/><N who="3" m="27823" /><G128/><T26/><D74/><U10/><E15/><V85/><F85/><W2/><G2/><T112/><D112/><U62/><E62/><V119/><F76/><W23/><G8/><T83/><D78/><U54/><E54/><V9/><F119/><W111/><G111/><T86/><D72/><U39/><E39/><V66/><F66/><W35/><G35/><T82/><D36/><U21/><E21/><AGARI ba="1,1" hai="20,21,23,93,94" m="27823,11851,48746" machi="21" ten="30,1000,0" yaku="18,1" doraHai="127" who="3" fromWho="1" sc="188,0,189,-13,423,0,190,23" /><INIT seed="7,0,0,2,3,75" ten="188,176,423,213" oya="3" hai0="93,65,47,114,74,56,115,108,45,9,31,103,122" hai1="8,120,42,127,107,102,130,5,61,62,59,132,37" hai2="40,124,96,23,32,83,90,126,11,28,52,78,111" hai3="91,100,80,7,43,26,2,54,104,15,81,38,86"/><W34/><G2/><T1/><D108/><U131/><E120/><V77/><F32/><W19/><G38/><T68/><D68/><U24/><E127/><V30/><F40/><W36/><G36/><T129/><D74/><U55/><E132/><V72/><F111/><W50/><G43/><T118/><D118/><U16/><E102/><V18/><F11/><N who="3" m="4607" /><G100/><T110/><D129/><U125/><E107/><V70/><F70/><W60/><G60/><N who="0" m="38023" /><D122/><U95/><E125/><N who="2" m="48235" /><F52/><W71/><G34/><T33/><D110/><U119/><E119/><V20/><F20/><N who="3" m="13599" /><G104/><T17/><D1/><U117/><E117/><V123/><F123/><W84/><G71/><T10/><D10/><U106/><E106/><V98/><F72/><W49/><G54/><T21/><D33/><U46/><E95/><V76/><F28/><W12/><G12/><N who="0" m="7311" /><D93/><U25/><E61/><V135/><F30/><W101/><G101/><T6/><D103/><U67/><E67/><V73/><F73/><W133/><G133/><T48/><D6/><U134/><E134/><V27/><F135/><W0/><G0/><T89/><D31/><U35/><E35/><V58/><F58/><W92/><G92/><T112/><D21/><N who="1" m="13351" /><E25/><V82/><F83/><W109/><G109/><T113/><D113/><U97/><E8/><V79/><N who="2" m="19456" /><DORA hai="39" /><V63/><F63/><W128/><G128/><N who="1" m="49194" /><E5/><V66/><F66/><W87/><G81/><T13/><D13/><U121/><E121/><V88/><F82/><W44/><G80/><T3/><D3/><U4/><E4/><V99/><AGARI ba="0,0" hai="18,23,27,88,90,96,98,99" m="19456,48235" machi="99" ten="50,12000,2" yaku="18,1,52,4,54,1" doraHai="75,39" who="2" fromWho="2" sc="188,-30,176,-30,423,120,213,-60" owari="158,-4.0,146,-35.0,543,64.0,153,-25.0" /></mjloggm>