<mjloggm ver="2.3"><GO type="41" lobby="0"/><UN n0="%E3%81%B0%E3%82%93%E3%81%8B%E3%81%9A" n1="%E6%97%A5%E5%90%91%E5%85%AD%E8%8A%B1" n2="%E3%83%84%E3%83%90%E3%82%B5%31%31%38" n3="%E2%93%9D%53%75%70%68%78" dan="14,14,14,18" rate="1972.00,1968.65,1977.86,2163.33" sx="M,F,M,M"/><TAIKYOKU oya="0"/><INIT seed="0,0,0,2,2,133" ten="250,250,250,250" oya="0" hai0="88,2,95,83,21,0,134,15,124,9,90,98,67" hai1="57,50,14,120,110,92,106,131,102,105,1,22,125" hai2="30,70,10,18,119,40,29,121,135,56,94,73,64" hai3="71,4,99,84,114,126,53,3,41,86,107,44,115"/><T96/><D134/><U80/><E120/><V61/><F121/><W112/><G71/><T128/><D128/><U59/><E1/><V35/><F73/><W100/><G53/><T42/><D124/><U45/><E131/><V47/><F135/><W23/><G23/><T58/><D42/><U25/><E110/><V13/><F119/><W117/><G117/><T104/><D21/><U33/><E33/><V39/><F35/><W54/><G54/><T89/><D104/><U8/><E105/><V11/><F11/><W17/><G17/><T85/><D67/><U28/><E106/><V62/><REACH who="2" step="1"/><F94/><REACH who="2" ten="250,250,240,250" step="2"/><W130/><G130/><T93/><REACH who="0" step="1"/><D58/><REACH who="0" ten="240,250,240,250" step="2"/><U34/><E57/><V51/><F51/><W60/><G115/><T7/><AGARI ba="0,2" hai="0,2,7,9,15,83,85,88,89,90,93,95,96,98" machi="7" ten="20,18000,2" yaku="1,1,2,1,0,1,7,1,9,1,54,1,53,0" doraHai="133" doraHaiUra="19" who="0" fromWho="0" sc="240,200,250,-60,240,-60,250,-60" /><INIT seed="0,1,0,5,5,97" ten="440,190,180,190" oya="0" hai0="42,117,134,107,35,38,121,105,82,59,86,61,111" hai1="129,126,47,1,80,71,39,46,67,40,74,131,114" hai2="49,77,63,22,85,101,96,108,124,29,130,84,110" hai3="43,88,66,132,98,20,73,93,91,57,106,92,12"/><T32/><D117/><U60/><E114/><V94/><F130/><N who="1" m="49673" /><E1/><V14/><F124/><W45/><G73/><T113/><D121/><U78/><E47/><V123/><F123/><W112/><G106/><T109/><D134/><U76/><E76/><V102/><F63/><W21/><G112/><T58/><D42/><U9/><E9/><V54/><F77/><W95/><G132/><T75/><D38/><U24/><E24/><V27/><F14/><W127/><G127/><AGARI ba="1,0" hai="39,40,46,60,67,71,74,78,80,126,127" m="49673" machi="127" ten="30,2000,0" yaku="19,1,23,1" doraHai="97" who="1" fromWho="3" sc="440,0,190,23,180,0,190,-23" /><INIT seed="1,0,0,2,5,108" ten="440,213,180,167" oya="1" hai0="71,85,32,104,73,99,95,23,41,60,17,13,8" hai1="47,28,44,126,120,91,4,109,94,135,133,1,30" hai2="9,105,61,122,68,37,11,117,50,76,107,111,116" hai3="65,3,42,2,63,77,131,5,64,92,80,22,58"/><U25/><E109/><V54/><F122/><W29/><G131/><T6/><D73/><U119/><E119/><V78/><F111/><W26/><G42/><T57/><D41/><U43/><E120/><V18/><F37/><W132/><G132/><N who="1" m="50762" /><E1/><V69/><F50/><W14/><G65/><T59/><D32/><U102/><E102/><V118/><F18/><W103/><G14/><T72/><D72/><U96/><E4/><V123/><F123/><W89/><G5/><T90/><D71/><U113/><E44/><V97/><F97/><W36/><G36/><T19/><D104/><U129/><E28/><V121/><F121/><W12/><G12/><T110/><D110/><U70/><E70/><V16/><F118/><W127/><G127/><T87/><D19/><U124/><E129/><V114/><F16/><W79/><G3/><T74/><D57/><U112/><E124/><V100/><F100/><W51/><G2/><T34/><D34/><N who="1" m="20815" /><E126/><V83/><F83/><W125/><G125/><T55/><REACH who="0" step="1"/><D74/><REACH who="0" ten="430,213,180,167" step="2"/><U24/><E24/><AGARI ba="0,1" hai="6,8,13,17,23,24,55,59,60,85,87,90,95,99" machi="24" ten="30,12000,2" yaku="1,1,2,1,7,1,25,2,8,1,53,0" doraHai="108" doraHaiUra="31" who="0" fromWho="1" sc="430,130,213,-120,180,0,167,0" /><INIT seed="2,0,0,2,2,69" ten="560,93,180,167" oya="2" hai0="71,26,111,85,21,92,36,122,104,34,65,121,18" hai1="127,15,37,33,86,125,94,17,82,93,116,63,3" hai2="19,29,16,131,48,1,66,42,60,100,117,84,49" hai3="97,59,114,128,53,133,124,120,135,39,130,87,22"/><V77/><F117/><W46/><G97/><T11/><D111/><U8/><E33/><V45/><F131/><N who="3" m="50219" /><G87/><T123/><D104/><U78/><E3/><V5/><F100/><W24/><G22/><T30/><D11/><U110/><E116/><V103/><F103/><W89/><G89/><T27/><D36/><U102/><E63/><V132/><F132/><N who="3" m="50763" /><G24/><T43/><D43/><U119/><E119/><V7/><F29/><W101/><G101/><T105/><D105/><U47/><E110/><V75/><F75/><W57/><G120/><T52/><D92/><U14/><E14/><V28/><F28/><W91/><G91/><T31/><D85/><U95/><E102/><V99/><F99/><W113/><G124/><N who="1" m="47690" /><E47/><N who="2" m="25719" /><F1/><W72/><G72/><T62/><D30/><U64/><E64/><V96/><F96/><W44/><G44/><T9/><D9/><U68/><E68/><V61/><F5/><W10/><G10/><T54/><AGARI ba="0,0" hai="18,21,26,27,31,34,52,54,62,65,71,121,122,123" machi="54" ten="40,2700,0" yaku="0,1,54,1" doraHai="69" who="0" fromWho="0" sc="560,27,93,-7,180,-13,167,-7" /><INIT seed="3,0,0,3,1,95" ten="587,86,167,160" oya="3" hai0="96,131,70,61,8,123,39,126,119,34,66,22,89" hai1="31,15,43,54,27,125,127,76,55,46,85,113,67" hai2="93,118,98,25,33,91,30,13,116,37,20,106,60" hai3="84,62,114,51,45,53,28,102,57,59,52,12,83"/><W24/><G114/><T41/><D119/><U134/><E67/><V35/><F37/><W121/><G121/><T5/><D123/><U6/><E113/><V99/><F33/><W42/><G102/><T111/><D126/><N who="1" m="48139" /><E134/><V128/><F128/><W4/><G4/><T103/><D131/><U2/><E2/><V78/><F78/><W81/><G12/><T19/><D34/><N who="1" m="20863" /><E76/><V73/><F73/><W0/><G0/><T75/><D111/><U74/><E74/><V107/><F107/><W135/><G84/><T110/><D110/><U77/><E77/><V97/><F60/><W48/><REACH who="3" step="1"/><G135/><REACH who="3" ten="587,86,167,150" step="2"/><T7/><D7/><U9/><E85/><V47/><F106/><W32/><AGARI ba="0,1" hai="24,28,32,42,45,48,51,52,53,57,59,62,81,83" machi="32" ten="20,12000,1" yaku="1,1,2,1,0,1,7,1,54,1,53,0" doraHai="95" doraHaiUra="104" who="3" fromWho="3" sc="587,-40,86,-40,167,-40,150,130" /><INIT seed="3,1,0,3,5,58" ten="547,46,127,280" oya="3" hai0="125,122,36,10,91,32,70,25,113,57,13,47,30" hai1="75,29,86,17,53,28,62,19,134,79,105,50,24" hai2="23,5,60,109,101,80,127,106,116,16,117,63,90" hai3="22,115,6,77,132,96,73,112,85,20,110,131,78"/><W61/><G6/><T7/><D122/><U43/><E105/><V34/><F34/><W3/><G3/><T100/><D125/><U46/><E75/><V108/><F5/><W9/><G9/><T54/><D113/><U1/><E1/><V38/><F38/><W104/><G73/><T95/><D70/><U8/><E134/><V69/><F69/><W82/><G131/><T14/><D100/><U27/><E8/><V2/><F2/><W98/><G104/><T18/><D47/><U31/><E79/><V102/><F127/><W39/><G39/><T56/><D54/><U81/><E81/><V126/><F126/><W42/><G110/><N who="2" m="42601" /><F90/><W76/><G132/><T88/><D91/><U15/><E86/><V89/><F80/><W133/><G133/><T49/><D49/><U97/><E97/><N who="3" m="37482" /><G115/><T64/><D64/><U66/><E43/><V52/><F89/><N who="3" m="51383" /><G42/><T41/><D41/><U124/><E124/><V35/><F35/><W94/><G112/><T83/><D83/><U120/><E120/><V93/><F106/><W118/><G94/><T72/><D72/><U114/><E114/><V103/><F93/><W26/><G118/><N who="2" m="45673" /><F52/><W123/><G123/><T0/><D36/><U135/><E135/><V92/><F92/><W130/><G130/><T99/><REACH who="0" step="1"/><D0/><REACH who="0" ten="537,46,127,280" step="2"/><U119/><E119/><V65/><F65/><W71/><G78/><T12/><D12/><AGARI ba="1,1" hai="12,16,23,60,63,101,102,103" m="45673,42601" machi="12" ten="40,8000,1" yaku="14,1,52,2,54,1" doraHai="58" who="2" fromWho="0" sc="537,-83,46,0,127,93,280,0" /><INIT seed="4,0,0,4,3,107" ten="454,46,220,280" oya="0" hai0="11,48,9,40,102,101,87,39,112,104,53,81,50" hai1="117,64,61,78,33,57,17,14,27,19,35,0,70" hai2="74,55,130,103,2,18,21,128,15,125,56,51,30" hai3="121,73,72,46,6,116,24,98,54,65,92,91,12"/><T66/><D112/><U62/><E117/><V108/><F108/><W29/><G116/><T127/><D104/><U80/><E0/><V133/><F2/><W118/><G118/><T82/><D127/><U93/><E93/><V22/><F125/><W89/><G65/><T135/><D66/><U13/><E27/><N who="2" m="16751" /><F103/><W77/><G77/><T79/><D39/><U109/><E109/><V75/><F133/><W60/><G121/><T4/><D40/><U68/><E64/><V52/><F55/><W23/><G91/><T63/><D63/><U5/><E5/><V76/><F76/><W28/><G28/><T8/><D4/><U84/><E57/><V38/><F38/><W3/><G3/><T100/><D135/><U45/><E78/><V86/><F86/><W96/><G96/><T1/><D1/><U7/><E7/><V134/><F134/><W126/><G126/><T90/><REACH who="0" step="1"/><D53/><REACH who="0" ten="444,46,220,280" step="2"/><U110/><E110/><V31/><F31/><W99/><G60/><T42/><D42/><U97/><E45/><V115/><F115/><W34/><G6/><T49/><D49/><U71/><E62/><V95/><F95/><W32/><G46/><T124/><D124/><U120/><E61/><V129/><AGARI ba="0,1" hai="15,18,22,51,52,56,74,75,128,129,130" m="16751" machi="129" ten="30,7900,0" yaku="19,1,52,2,54,1" doraHai="107" who="2" fromWho="2" sc="444,-39,46,-20,220,89,280,-20" /><INIT seed="5,0,0,1,3,108" ten="405,26,309,260" oya="1" hai0="125,124,49,132,62,38,19,40,47,105,77,117,128" hai1="126,57,9,85,120,127,22,42,54,30,0,61,82" hai2="109,131,93,23,64,3,31,111,96,100,13,91,28" hai3="11,121,102,86,80,72,70,135,113,63,15,90,81"/><U83/><E120/><V4/><F131/><W32/><G121/><T69/><D105/><U36/><E36/><V25/><F28/><W71/><G32/><T78/><D19/><U73/><E42/><V34/><F64/><W24/><G135/><T26/><D117/><U130/><E130/><V116/><F116/><W46/><G102/><T50/><D132/><U110/><E110/><V67/><F67/><W65/><G24/><T60/><D26/><N who="1" m="16727" /><E73/><V33/><F33/><W14/><G71/><T2/><D2/><U89/><E0/><V16/><REACH who="2" step="1"/><F100/><REACH who="2" ten="405,26,299,260" step="2"/><W37/><G65/><T95/><D128/><U119/><E119/><V7/><F7/><W51/><G70/><T59/><D69/><U21/><E21/><V106/><F106/><W75/><G75/><T94/><D125/><N who="1" m="47627" /><E9/><AGARI ba="0,1" hai="3,4,9,13,16,23,25,31,34,91,93,96,109,111" machi="9" ten="40,8000,1" yaku="1,1,24,2,54,1,53,1" doraHai="108" doraHaiUra="29" who="2" fromWho="1" sc="405,0,26,-80,299,90,260,0" owari="405,50.0,-54,-55.0,389,19.0,260,-14.0" /></mjloggm>