<mjloggm ver="2.3"><GO type="41" lobby="0"/><UN n0="%E3%81%98%E3%82%87%E3%82%93%E3%82%8D%E3%83%BC" n1="%61%72%6D%65%64" n2="%E2%93%9D%53%75%70%68%78" n3="%E8%8E%9E" dan="14,15,18,13" rate="1919.61,2030.57,2105.86,1937.39" sx="M,M,M,M"/><TAIKYOKU oya="0"/><INIT seed="0,0,0,1,0,56" ten="250,250,250,250" oya="0" hai0="26,134,124,71,83,37,20,28,75,119,6,111,47" hai1="95,112,115,101,69,59,108,89,30,13,85,128,53" hai2="79,43,126,77,65,40,44,1,42,103,84,78,127" hai3="133,66,122,117,2,14,41,98,45,0,106,86,25"/><T125/><D119/><U55/><E69/><V11/><F103/><W130/><G122/><T27/><D71/><U70/><E70/><V24/><F65/><W15/><G117/><T90/><D134/><U17/><E108/><V92/><F24/><W135/><G130/><T102/><D111/><U4/><E4/><V109/><F109/><W93/><G106/><T38/><D102/><U63/><E128/><V88/><REACH who="2" step="1"/><F44/><REACH who="2" ten="250,250,240,250" step="2"/><W9/><G25/><T61/><D27/><U60/><E112/><V21/><F21/><W35/><G35/><T116/><D116/><U49/><E115/><V105/><F105/><W74/><G66/><T80/><D47/><U107/><E107/><V18/><F18/><W58/><G45/><T22/><D22/><N who="1" m="11567" /><E101/><V23/><F23/><W57/><G135/><T67/><D6/><AGARI ba="0,1" hai="1,6,11,40,42,43,77,78,79,84,88,92,126,127" machi="6" ten="50,3200,0" yaku="1,1,54,1,53,0" doraHai="56" doraHaiUra="62" who="2" fromWho="0" sc="250,-32,250,0,240,42,250,0" /><INIT seed="1,0,0,0,1,84" ten="218,250,282,250" oya="1" hai0="91,10,88,86,102,94,63,66,50,76,9,124,112" hai1="17,79,56,126,122,101,117,128,130,71,19,34,111" hai2="51,64,115,119,118,35,87,61,16,113,82,89,60" hai3="129,47,24,67,108,65,93,99,135,15,73,58,29"/><U4/><E117/><V26/><F51/><W132/><G73/><T110/><D112/><N who="2" m="43082" /><F61/><W57/><G108/><T46/><D110/><U40/><E122/><V107/><F107/><W37/><G37/><T62/><D124/><U53/><E111/><V1/><F1/><W134/><G129/><N who="1" m="49770" /><E71/><N who="2" m="42375" /><F35/><N who="3" m="20903" /><G47/><T69/><D63/><N who="1" m="36239" /><E34/><V5/><F5/><W83/><G83/><T22/><D22/><AGARI ba="0,0" hai="16,22,26,82,87,89,118,119" m="42375,43082" machi="22" ten="30,3900,0" yaku="11,1,52,1,54,1" doraHai="84" who="2" fromWho="0" sc="218,-39,250,0,282,39,250,0" /><INIT seed="2,0,0,1,0,33" ten="179,250,321,250" oya="2" hai0="109,125,82,73,48,19,63,98,120,71,108,20,84" hai1="64,104,127,57,37,107,32,35,74,22,59,50,9" hai2="70,116,96,117,99,105,133,42,100,18,25,3,94" hai3="77,8,69,119,131,46,39,31,38,65,132,47,10"/><V130/><F70/><W66/><G119/><T135/><D71/><U80/><E37/><V111/><F42/><W88/><G77/><T16/><D120/><U28/><E127/><V62/><F130/><W34/><G131/><T114/><D114/><U118/><E118/><V58/><F133/><W72/><G72/><T52/><D63/><U103/><E32/><V13/><F111/><N who="0" m="42570" /><D73/><U122/><E35/><V76/><F3/><W7/><G31/><T95/><D135/><U56/><E64/><V79/><F25/><W44/><G69/><T115/><D20/><U30/><E107/><V87/><F117/><W55/><G132/><T90/><D115/><U26/><E30/><V97/><F105/><W75/><G75/><T86/><D86/><U45/><E104/><V113/><F113/><W124/><G124/><T123/><D123/><U91/><E122/><V40/><F40/><W2/><G34/><T21/><D21/><U36/><E36/><V60/><F60/><W83/><G10/><T121/><D121/><U85/><E74/><V49/><F49/><W41/><G39/><T6/><D6/><U112/><E112/><V128/><F128/><W106/><G106/><T134/><D125/><U53/><E9/><N who="2" m="6447" /><F116/><W12/><G12/><T129/><D129/><U27/><E27/><V61/><F61/><W67/><REACH who="3" step="1"/><G55/><REACH who="3" ten="179,250,321,240" step="2"/><T68/><D68/><U24/><E24/><V54/><F79/><W29/><G29/><T14/><D14/><U93/><E103/><V89/><F76/><W81/><G81/><AGARI ba="0,1" hai="22,26,28,45,50,53,56,57,59,80,81,85,91,93" machi="81" ten="40,1300,0" yaku="8,1" doraHai="33" who="1" fromWho="3" sc="179,0,250,23,321,0,240,-13" /><INIT seed="3,0,0,1,1,51" ten="179,273,321,227" oya="3" hai0="14,126,68,83,48,103,56,33,64,69,127,91,66" hai1="112,104,108,39,63,1,34,106,3,120,16,50,116" hai2="89,90,73,93,19,72,26,43,27,92,86,78,9" hai3="99,42,119,58,67,11,128,94,110,85,40,71,105"/><W62/><G119/><T122/><D103/><U20/><E34/><V76/><F43/><W30/><G128/><T101/><D101/><U123/><E39/><V10/><F19/><W55/><G110/><T79/><D79/><U97/><E112/><V117/><REACH who="2" step="1"/><F86/><REACH who="2" ten="179,273,311,227" step="2"/><W82/><G105/><T59/><D122/><U129/><E16/><V133/><F133/><W13/><G30/><T80/><D33/><U8/><E120/><V109/><F109/><W25/><G25/><T111/><D111/><U134/><E134/><V102/><F102/><N who="3" m="60791" /><G71/><T53/><D69/><U113/><E123/><V70/><F70/><W12/><G67/><T46/><D68/><U100/><E108/><V36/><F36/><W88/><G13/><T37/><D37/><U35/><E1/><V98/><F98/><W61/><G61/><T22/><D66/><U54/><E97/><V6/><F6/><AGARI ba="0,1" hai="6,11,12,40,42,55,58,62,82,85,88" m="60791" machi="6" ten="30,5800,0" yaku="8,1,52,1,54,1" doraHai="51" who="3" fromWho="2" sc="179,0,273,0,311,-58,227,68" /><INIT seed="3,1,0,5,3,125" ten="179,273,253,295" oya="3" hai0="13,71,107,49,34,29,7,4,109,99,106,118,0" hai1="126,6,79,100,70,133,57,115,23,103,123,110,65" hai2="84,121,22,120,89,19,116,53,27,131,135,92,47" hai3="17,134,26,113,56,16,97,40,60,31,46,101,5"/><W85/><G134/><T35/><D118/><U39/><E70/><V43/><F116/><W11/><G113/><T90/><D49/><U114/><E39/><V58/><F135/><W51/><G85/><T95/><D0/><U63/><E133/><V1/><F1/><W130/><G130/><T3/><D3/><U52/><E123/><V68/><F68/><W33/><G11/><T104/><D71/><U48/><E110/><V32/><F32/><W50/><G5/><T67/><D67/><U82/><E126/><V76/><F76/><W10/><G10/><T64/><D64/><U112/><E6/><V108/><F108/><W124/><G51/><T93/><D109/><U62/><E23/><V73/><F73/><W30/><G30/><T77/><D77/><U98/><E98/><V119/><F119/><W102/><G102/><T69/><D69/><U117/><E117/><V80/><F131/><W36/><G36/><T42/><D42/><U83/><E83/><V2/><F80/><W129/><G129/><T25/><D35/><U128/><E128/><V86/><F2/><W132/><G132/><T96/><REACH who="0" step="1"/><D13/><REACH who="0" ten="169,273,253,295" step="2"/><U122/><E122/><V54/><F121/><W15/><G15/><T72/><D72/><U28/><E63/><V87/><F120/><W21/><G33/><T24/><D24/><U61/><E62/><N who="2" m="36175" /><F43/><W74/><G74/><T59/><D59/><U66/><E66/><V12/><F12/><W55/><G124/><T18/><D18/><U38/><E38/><V111/><F111/><W8/><G8/><T41/><D41/><U94/><E65/><RYUUKYOKU ba="1,1" sc="169,10,273,-30,253,10,295,10" hai0="4,7,25,29,34,90,93,95,96,99,104,106,107" hai2="19,22,27,47,54,84,86,87,89,92" hai3="16,17,21,26,31,40,46,50,55,56,60,97,101" /><INIT seed="3,2,1,5,4,22" ten="179,243,263,305" oya="3" hai0="83,72,75,35,80,133,128,95,55,39,102,90,2" hai1="6,28,5,135,93,99,59,105,66,26,92,67,36" hai2="129,54,98,19,117,31,106,1,9,20,81,13,52" hai3="64,34,132,12,94,10,63,69,25,56,110,27,0"/><W15/><G132/><T42/><D2/><U82/><E36/><V111/><F117/><W61/><G110/><T38/><D35/><U124/><E135/><V18/><F111/><W49/><G49/><T78/><D42/><U122/><E122/><V65/><F129/><W115/><G115/><T68/><D68/><U51/><E105/><V8/><F65/><W108/><G108/><T114/><D133/><U89/><E82/><V43/><F31/><W33/><G94/><T21/><D102/><U24/><E28/><V134/><F43/><W45/><G45/><T87/><D128/><U91/><E124/><V3/><F134/><W86/><G86/><T125/><D125/><U120/><E120/><V32/><F32/><W112/><G112/><T97/><D114/><U130/><E130/><V127/><F127/><W96/><G96/><T29/><D55/><N who="1" m="32255" /><E66/><V4/><F81/><W41/><G41/><T23/><D23/><U40/><E40/><V103/><REACH who="2" step="1"/><F3/><REACH who="2" ten="179,243,253,305" step="2"/><W62/><G0/><T17/><D29/><U57/><E67/><V104/><F104/><W79/><G79/><T77/><D72/><U118/><E118/><V44/><F44/><W107/><G107/><T7/><D7/><N who="1" m="2571" /><E57/><V53/><F53/><W73/><G56/><T131/><D131/><U50/><E50/><V116/><F116/><W37/><G34/><T88/><D77/><U84/><AGARI ba="2,2" hai="24,26,84,89,91,92,93,99" m="2571,32255" machi="84" ten="30,4000,0" yaku="8,1,52,2" doraHai="22" who="1" fromWho="1" sc="179,-12,243,66,253,-12,305,-22" /><INIT seed="4,0,0,0,1,33" ten="167,309,241,283" oya="0" hai0="104,32,106,117,43,78,21,127,68,105,46,73,102" hai1="51,86,132,11,5,135,36,17,125,41,124,27,126" hai2="16,100,129,59,7,60,30,118,115,47,31,94,93" hai3="77,0,62,87,69,97,61,28,3,123,72,114,4"/><T109/><D117/><U130/><E36/><V24/><F129/><W90/><G114/><T74/><D21/><N who="1" m="13743" /><E41/><V44/><F7/><W85/><G123/><T121/><D121/><U80/><E51/><V10/><F115/><W54/><G28/><N who="2" m="10793" /><F118/><W98/><G4/><T25/><D127/><U14/><E86/><V66/><F100/><W82/><G87/><T1/><D109/><U49/><E80/><V108/><F108/><W53/><G69/><T89/><D89/><U9/><E49/><V12/><F24/><W57/><G97/><T56/><D56/><U19/><E130/><V8/><F8/><W103/><G54/><T45/><D45/><AGARI ba="0,0" hai="10,12,16,44,45,47,59,60,66,93,94" m="10793" machi="45" ten="30,2000,0" yaku="8,1,54,1" doraHai="33" who="2" fromWho="0" sc="167,-20,309,0,241,20,283,0" /><INIT seed="5,0,0,2,2,2" ten="147,309,261,283" oya="1" hai0="61,38,91,58,59,31,33,48,24,32,102,45,42" hai1="28,9,70,4,100,11,25,18,115,82,51,84,127" hai2="106,90,101,66,97,85,129,135,113,69,40,62,27" hai3="36,128,35,88,96,116,41,10,17,125,111,50,104"/><U12/><E127/><V89/><F129/><W60/><G35/><T134/><D134/><U72/><E72/><V114/><F135/><W47/><G116/><T22/><D91/><U105/><E115/><N who="2" m="44043" /><F40/><W99/><G111/><T14/><D14/><U108/><E108/><V26/><F90/><W118/><G118/><T8/><D8/><U63/><E105/><V110/><F110/><W75/><G75/><T98/><D58/><U117/><E100/><V126/><F126/><W57/><G128/><T92/><REACH who="0" step="1"/><D38/><REACH who="0" ten="137,309,261,283" step="2"/><U120/><E117/><V54/><F54/><AGARI ba="0,1" hai="22,24,31,32,33,42,45,48,54,59,61,92,98,102" machi="54" ten="30,3900,0" yaku="1,1,2,1,7,1,53,0" doraHai="2" doraHaiUra="5" who="0" fromWho="2" sc="137,49,309,0,261,-39,283,0" /><INIT seed="6,0,0,1,0,62" ten="186,309,222,283" oya="2" hai0="116,47,110,132,20,38,97,53,84,23,131,2,11" hai1="37,22,12,119,46,129,123,88,15,31,83,103,36" hai2="14,72,25,111,100,60,64,16,9,117,63,24,106" hai3="96,81,51,112,8,102,75,4,71,48,109,59,126"/><V105/><F117/><W122/><G71/><T93/><D116/><U85/><E119/><V45/><F72/><W90/><G109/><T78/><D110/><U80/><E37/><V0/><F111/><W18/><G112/><T32/><D32/><U28/><E36/><V107/><F63/><W128/><G122/><T55/><D132/><U135/><E135/><V40/><F100/><W118/><G118/><T121/><D121/><U54/><E123/><V76/><F76/><W29/><G29/><N who="1" m="11338" /><E103/><V44/><F0/><W104/><G126/><T92/><D131/><U35/><E35/><V69/><REACH who="2" step="1"/><F45/><REACH who="2" ten="186,309,212,283" step="2"/><W134/><G128/><T58/><D2/><U34/><E129/><V65/><F65/><W50/><G75/><T77/><D77/><U79/><E79/><V120/><F120/><W39/><G102/><T1/><D78/><U73/><E73/><V82/><F82/><W10/><G81/><T114/><D1/><U43/><E80/><V5/><F5/><W89/><G134/><T95/><D47/><U52/><E34/><V33/><F33/><W30/><G104/><T94/><D97/><U6/><E6/><V67/><F67/><W26/><G96/><T56/><D84/><U68/><E46/><V91/><F91/><W7/><G90/><T19/><D95/><U86/><E86/><V27/><F27/><W49/><G89/><T130/><D94/><U66/><E66/><V113/><F113/><W108/><G7/><T17/><D114/><U115/><E115/><V127/><F127/><W125/><G4/><T98/><D130/><U57/><E88/><RYUUKYOKU ba="0,1" sc="186,-10,309,-10,212,30,283,-10" hai2="9,14,16,24,25,40,44,60,64,69,105,106,107" /><INIT seed="6,1,1,3,1,38" ten="176,299,242,273" oya="2" hai0="134,34,30,120,19,82,117,125,6,135,102,10,93" hai1="2,85,79,75,129,41,133,15,37,17,116,39,78" hai2="63,29,5,28,87,107,16,109,65,35,89,46,57" hai3="69,60,99,132,81,111,90,43,48,27,33,98,114"/><V95/><F107/><W49/><G111/><T18/><D82/><U80/><E116/><V7/><F109/><W88/><G132/><N who="0" m="50731" /><D102/><U21/><E2/><V64/><F35/><W124/><G124/><T24/><D93/><U100/><E129/><V71/><F71/><W77/><G114/><T104/><D104/><U131/><E131/><V115/><F115/><W94/><G33/><T52/><D120/><U101/><E37/><V108/><F65/><W66/><G27/><T130/><D130/><U25/><E75/><V96/><F108/><W122/><G122/><T11/><D52/><U62/><E79/><V4/><F46/><W14/><G14/><N who="0" m="5463" /><D125/><U76/><E76/><V72/><F72/><W83/><G83/><T40/><D40/><U58/><E41/><V9/><F96/><W68/><G43/><T128/><D128/><U73/><E73/><V61/><F61/><W84/><REACH who="3" step="1"/><G69/><REACH who="3" ten="176,299,242,263" step="2"/><T0/><D117/><U103/><E133/><V106/><F106/><W118/><G118/><T42/><D42/><U26/><E39/><V56/><F56/><W22/><G22/><T1/><D0/><U121/><E121/><V55/><F64/><AGARI ba="1,2" hai="15,17,21,25,26,58,62,64,78,80,85,100,101,103" machi="64" ten="40,1300,0" yaku="8,1" doraHai="38" who="1" fromWho="2" sc="176,0,299,36,242,-16,263,0" /><INIT seed="7,0,0,2,2,126" ten="176,335,226,263" oya="3" hai0="101,71,132,116,3,59,96,40,106,67,78,2,46" hai1="61,19,4,95,5,15,107,33,117,9,31,127,118" hai2="43,41,28,72,25,100,70,0,13,114,115,18,45" hai3="22,68,52,58,26,62,79,89,129,113,125,92,81"/><W131/><G68/><T104/><D116/><N who="1" m="44651" /><E107/><V94/><F0/><W27/><G113/><N who="2" m="43017" /><F72/><W49/><G49/><T56/><D132/><U97/><E127/><V109/><F109/><W42/><G42/><T103/><D78/><U121/><E121/><V77/><F77/><W134/><G134/><T119/><D119/><U7/><E61/><V17/><F70/><W86/><G125/><T11/><D56/><U83/><E83/><V53/><F53/><W102/><G102/><T24/><D59/><U69/><E69/><V82/><F82/><W74/><REACH who="3" step="1"/><G27/><REACH who="3" ten="176,335,226,253" step="2"/><T48/><D24/><N who="1" m="18663" /><E4/><V124/><F124/><W6/><G6/><T32/><D32/><U128/><BYE who="0" /><E128/><V35/><F43/><W14/><G14/><T99/><D99/><U39/><E39/><N who="2" m="21695" /><F13/><W34/><G34/><UN n0="%E3%81%98%E3%82%87%E3%82%93%E3%82%8D%E3%83%BC" /><T73/><D103/><AGARI ba="0,1" hai="5,7,9,15,19,95,97,103" m="18663,44651" machi="103" ten="30,1000,0" yaku="12,1" doraHai="126" who="1" fromWho="0" sc="176,-10,335,20,226,0,253,0" owari="166,-33.0,355,45.0,226,-17.0,253,5.0" /></mjloggm>