<mjloggm ver="2.3"><GO type="41" lobby="0"/><UN n0="%E2%93%9D%53%75%70%68%78" n1="%74%61%63%68%79%6F%6E%30" n2="%42%65%65%6C%65%65" n3="%E3%82%B0%E3%82%BA" dan="17,14,14,15" rate="2087.68,1904.68,1874.94,2044.22" sx="M,M,M,M"/><TAIKYOKU oya="0"/><INIT seed="0,0,0,4,1,113" ten="250,250,250,250" oya="0" hai0="31,33,82,123,90,13,88,32,43,2,62,70,12" hai1="11,100,126,116,133,83,118,115,111,54,20,127,110" hai2="46,131,21,69,74,50,129,97,92,102,51,48,28" hai3="135,36,41,67,101,85,94,19,63,68,60,37,98"/><T35/><D2/><U0/><E100/><V1/><F1/><W7/><G7/><T76/><D31/><U29/><E83/><V96/><F74/><W4/><G4/><T24/><D24/><N who="1" m="16519" /><E54/><V114/><F114/><W64/><G135/><T86/><D123/><U80/><E80/><V47/><F69/><W78/><G41/><T44/><D70/><U27/><E115/><V5/><F5/><W91/><G78/><T55/><D62/><U72/><E72/><V130/><F28/><W109/><G109/><N who="1" m="41482" /><E133/><V10/><F21/><W79/><G79/><T73/><D55/><U66/><E66/><V49/><N who="2" m="12288" /><DORA hai="53" /><V14/><REACH who="2" step="1"/><F97/><REACH who="2" ten="250,250,240,250" step="2"/><W22/><G63/><T57/><D73/><U117/><E27/><V120/><F120/><W95/><REACH who="3" step="1"/><G67/><REACH who="3" ten="250,250,240,240" step="2"/><T122/><D122/><U26/><E26/><AGARI ba="0,2" hai="19,22,26,36,37,60,64,68,85,91,94,95,98,101" machi="26" ten="30,3900,0" yaku="1,1,2,1,7,1,53,0" doraHai="113,53" doraHaiUra="119,132" who="3" fromWho="1" sc="250,0,250,-39,240,0,240,59" /><INIT seed="1,0,0,0,2,36" ten="250,211,240,299" oya="1" hai0="64,77,114,120,3,104,15,50,98,49,128,46,121" hai1="127,30,85,35,71,99,41,66,44,62,5,125,97" hai2="45,21,68,117,9,56,81,107,102,91,54,28,12" hai3="101,17,105,22,86,18,34,130,8,103,10,95,76"/><U31/><E35/><V111/><F117/><W61/><G34/><T94/><D3/><U132/><E5/><V65/><F68/><W133/><G130/><T24/><D104/><U63/><E132/><V20/><F65/><W4/><G133/><T108/><D114/><U109/><E85/><V84/><F111/><W58/><G105/><T69/><D77/><U52/><E109/><V90/><F107/><W42/><G42/><T39/><D15/><U73/><E73/><V129/><F129/><W78/><G4/><T93/><D24/><U57/><E99/><V123/><F123/><N who="0" m="47178" /><D94/><U115/><E97/><V112/><F112/><W79/><G101/><T70/><D93/><U29/><REACH who="1" step="1"/><E115/><REACH who="1" ten="250,201,240,299" step="2"/><V82/><F102/><W96/><G86/><T23/><D98/><U122/><E122/><V38/><F84/><W48/><G96/><T135/><D108/><U119/><E119/><V134/><F134/><W80/><G103/><T25/><D135/><U11/><E11/><V16/><F90/><W131/><G10/><T118/><D118/><U88/><E88/><V27/><F91/><W47/><G8/><T113/><D113/><U75/><E75/><V92/><F92/><W2/><G95/><T43/><D128/><U110/><E110/><V59/><F9/><W33/><G131/><T14/><D23/><U19/><E19/><V0/><F21/><W37/><G22/><T7/><D7/><U100/><E100/><V6/><F6/><W67/><G33/><T40/><D14/><U13/><E13/><V51/><F0/><W106/><G2/><T89/><D89/><RYUUKYOKU ba="0,1" sc="250,-10,201,30,240,-10,299,-10" hai1="29,30,31,41,44,52,57,62,63,66,71,125,127" /><INIT seed="1,1,1,4,5,114" ten="240,231,230,289" oya="1" hai0="130,40,87,91,32,14,88,82,24,17,74,76,10" hai1="98,13,116,8,28,126,111,67,44,97,60,47,113" hai2="50,125,49,118,123,53,71,20,132,68,129,77,61" hai3="19,2,9,102,45,133,84,52,110,46,34,75,43"/><U109/><E113/><V100/><F123/><W11/><G34/><T51/><D130/><U81/><E81/><V16/><F129/><W107/><G133/><T85/><D74/><U73/><E73/><V15/><F132/><W38/><G110/><N who="1" m="41994" /><E28/><V96/><F125/><W99/><G75/><T62/><D62/><U35/><E35/><V90/><F118/><W18/><G84/><T7/><D87/><U93/><E126/><V63/><F77/><W92/><G107/><T70/><D70/><N who="1" m="42343" /><E116/><V27/><F90/><W64/><G64/><T128/><D128/><U31/><E31/><V30/><F63/><W21/><G2/><T33/><D33/><U5/><E98/><V25/><F25/><W23/><G21/><N who="0" m="13359" /><D32/><U112/><E112/><V135/><F135/><W89/><G102/><AGARI ba="1,1" hai="5,8,13,44,47,93,97,102" m="42343,41994" machi="102" ten="30,2900,0" yaku="14,1,10,1" doraHai="114" who="1" fromWho="3" sc="240,0,231,42,230,0,289,-32" /><INIT seed="1,2,0,5,2,26" ten="240,273,230,257" oya="1" hai0="66,91,41,102,23,62,38,95,110,107,90,133,125" hai1="108,60,135,76,53,92,100,74,37,118,10,8,15" hai2="129,17,75,11,68,18,30,124,0,50,16,29,104" hai3="97,126,88,101,57,78,6,117,70,115,73,49,123"/><U77/><E37/><V43/><F75/><W72/><G70/><T61/><D110/><U33/><E33/><V59/><F68/><W89/><G123/><T128/><D107/><U69/><E69/><V35/><F104/><W132/><G115/><T87/><D128/><U7/><E74/><V21/><F129/><W2/><G132/><T3/><D3/><U40/><E118/><V111/><F111/><W32/><G32/><T42/><D125/><U48/><E108/><V98/><F124/><W12/><G2/><T55/><D102/><U4/><E40/><V5/><F98/><W83/><G126/><T116/><D38/><U56/><E60/><V119/><F119/><W130/><G117/><T80/><D133/><U64/><E64/><V96/><F96/><W94/><G72/><T131/><D131/><U127/><E127/><V31/><F43/><W86/><G130/><T93/><D80/><U1/><E135/><V22/><F50/><W65/><G65/><T82/><D82/><U121/><E121/><V112/><F59/><W13/><G6/><T36/><D36/><U39/><E39/><V134/><F134/><W44/><G57/><N who="0" m="35135" /><D116/><U109/><E109/><V19/><F112/><W27/><G27/><T84/><D23/><N who="2" m="8714" /><F19/><W46/><G44/><T51/><D51/><U103/><E100/><V85/><F85/><W99/><G97/><T25/><D25/><AGARI ba="2,0" hai="0,5,11,16,17,18,25,29,30,31,35" m="8714" machi="25" ten="30,16000,3" yaku="35,5,52,3,54,1" doraHai="26" who="2" fromWho="0" sc="240,-166,273,0,230,166,257,0" /><INIT seed="2,0,0,0,5,32" ten="74,273,396,257" oya="2" hai0="118,93,121,63,89,46,70,122,87,135,2,41,20" hai1="85,101,1,12,40,111,84,14,43,126,129,134,83" hai2="49,34,90,73,59,66,115,69,78,98,3,75,35" hai3="29,132,127,7,30,65,109,81,50,99,38,18,123"/><V79/><F115/><W100/><G123/><T64/><D135/><U112/><E112/><V117/><F117/><W125/><G38/><T37/><D118/><U28/><E28/><V23/><F69/><W13/><G132/><T5/><REACH who="0" step="1"/><D20/><REACH who="0" ten="64,273,396,257" step="2"/><U130/><E134/><V80/><F23/><N who="3" m="11727" /><G127/><T106/><D106/><U11/><E126/><V39/><F39/><W53/><G125/><T77/><D77/><U91/><E111/><V131/><F131/><W72/><G109/><T57/><D57/><U51/><E130/><V31/><F59/><W47/><G72/><T113/><D113/><U17/><E129/><V97/><F75/><W76/><G76/><T61/><D61/><U55/><E51/><V42/><F79/><W25/><G50/><T54/><D54/><U114/><E55/><V119/><F119/><W44/><G53/><T48/><D48/><U62/><E62/><V19/><F49/><W82/><G47/><T94/><D94/><U60/><E60/><V68/><F73/><W10/><G44/><T67/><D67/><U103/><E114/><V22/><F22/><N who="3" m="15543" /><G65/><T0/><D0/><U120/><E1/><V26/><F3/><N who="3" m="383" /><G30/><T9/><AGARI ba="0,1" hai="2,5,9,37,41,46,63,64,70,87,89,93,121,122" machi="9" ten="30,4000,0" yaku="1,1,0,1,52,1,53,0" doraHai="32" doraHaiUra="8" who="0" fromWho="0" sc="64,50,273,-10,396,-20,257,-10" /><INIT seed="3,0,0,0,0,6" ten="114,263,376,247" oya="3" hai0="20,15,60,95,127,113,129,33,131,69,4,46,41" hai1="51,47,64,62,52,48,74,0,79,17,110,126,96" hai2="82,94,109,130,3,18,83,75,10,24,31,132,16" hai3="35,104,78,11,13,73,29,105,25,77,133,87,8"/><W93/><G133/><T37/><D33/><U53/><E0/><V80/><F109/><W122/><G122/><T55/><D95/><U100/><E110/><V116/><F116/><W45/><G73/><T115/><D20/><U21/><E126/><V34/><F130/><N who="0" m="49674" /><D15/><U72/><E79/><V5/><F132/><W56/><G78/><T123/><D4/><U40/><E40/><V50/><F75/><W65/><G104/><T23/><D23/><U134/><E134/><V36/><F36/><W54/><G105/><T19/><D19/><U125/><E125/><V30/><F30/><W86/><G13/><T1/><D1/><U7/><E7/><V2/><F94/><W92/><G87/><T88/><D88/><U66/><E96/><V121/><F121/><W120/><G120/><T44/><D127/><U108/><E100/><V128/><F128/><W91/><G92/><T119/><D119/><U70/><E108/><V111/><F111/><W57/><G77/><T43/><D55/><U98/><E98/><V61/><F2/><W39/><G65/><N who="0" m="41127" /><D123/><U67/><E74/><V114/><F114/><W49/><REACH who="3" step="1"/><G39/><AGARI ba="0,0" hai="37,39,41,43,44,46,113,115" m="41127,49674" machi="39" ten="30,7700,0" yaku="19,1,23,1,34,2" doraHai="6" who="0" fromWho="3" sc="114,77,263,0,376,0,247,-77" /><INIT seed="4,0,0,0,3,51" ten="191,263,376,170" oya="0" hai0="71,135,119,91,90,73,29,1,115,80,25,3,92" hai1="46,10,55,50,48,13,44,69,83,84,98,12,120" hai2="125,133,20,75,63,37,74,34,105,111,17,102,66" hai3="95,130,104,11,78,64,14,8,35,132,30,94,129"/><T121/><D119/><U87/><E69/><V52/><F111/><W99/><G132/><T128/><D121/><U19/><E120/><V40/><F125/><W89/><G104/><T108/><D71/><U23/><E98/><V124/><F133/><W114/><G114/><T109/><D135/><U77/><E77/><V5/><F124/><W131/><G64/><T41/><D41/><U18/><E83/><V16/><F34/><W33/><G78/><N who="0" m="44111" /><D128/><U0/><E0/><N who="0" m="73" /><D92/><U82/><E82/><V7/><F105/><W134/><G134/><T4/><D4/><U38/><E38/><V47/><F102/><W31/><G95/><T61/><D61/><U113/><E113/><V96/><F96/><W67/><G67/><T43/><D43/><AGARI ba="0,0" hai="10,12,13,18,19,23,43,44,46,48,50,55,84,87" machi="43" ten="30,3900,0" yaku="7,1,8,1,52,1" doraHai="51" who="1" fromWho="0" sc="191,-39,263,39,376,0,170,0" /><INIT seed="5,0,0,1,1,29" ten="152,302,376,170" oya="1" hai0="7,74,53,22,76,71,85,25,77,28,113,107,91" hai1="79,98,118,127,6,21,95,88,24,20,4,50,75" hai2="119,12,48,38,15,132,121,26,52,70,54,14,51" hai3="44,64,16,122,40,55,13,124,69,23,27,65,37"/><U96/><E118/><V106/><F121/><W92/><G122/><T100/><D71/><U43/><E127/><V110/><F119/><W87/><G124/><T56/><D113/><U134/><E134/><V35/><F110/><W111/><G111/><T62/><D74/><U11/><E75/><V61/><F132/><W66/><G69/><T83/><D107/><U5/><E79/><V102/><F38/><W45/><G27/><T2/><D2/><U30/><E20/><V60/><F70/><W39/><G55/><T108/><D108/><U105/><E105/><V116/><F116/><W33/><G92/><T32/><D7/><U18/><E18/><V36/><F36/><W19/><G19/><T129/><D129/><U82/><E82/><V112/><F112/><W89/><G89/><T8/><D8/><U58/><E58/><V86/><F86/><W99/><G87/><T80/><D100/><U31/><E30/><V90/><F90/><W9/><G99/><T103/><D103/><U114/><E114/><V101/><F106/><W68/><G9/><T59/><D83/><U63/><E63/><V133/><F133/><W3/><G3/><T42/><D42/><U47/><E98/><V123/><F15/><AGARI ba="0,0" hai="4,5,6,11,15,21,24,31,43,47,50,88,95,96" machi="15" ten="30,5800,0" yaku="7,1,8,1,54,1" doraHai="29" who="1" fromWho="2" sc="152,0,302,58,376,-58,170,0" /><INIT seed="5,1,0,4,5,11" ten="152,360,318,170" oya="1" hai0="28,86,50,55,63,116,57,70,82,47,120,46,53" hai1="106,126,27,89,78,100,117,31,24,81,90,134,2" hai2="52,39,114,42,111,128,35,32,15,7,80,69,77" hai3="133,75,122,130,14,45,67,87,54,10,135,38,127"/><U59/><E117/><V43/><F111/><W33/><G122/><T22/><D116/><U91/><E2/><V6/><F128/><W17/><G75/><T68/><D28/><U25/><E134/><V61/><F114/><W76/><G33/><T18/><D120/><U16/><E126/><V129/><F129/><W23/><G127/><T132/><D132/><N who="3" m="50761" /><G130/><T84/><D84/><U97/><E59/><V19/><F35/><W107/><G107/><T103/><D103/><U92/><E31/><V72/><F32/><W1/><G67/><T66/><D70/><U119/><E119/><V110/><F110/><W99/><G99/><T9/><D9/><U0/><E0/><V101/><F101/><W41/><G54/><T71/><D55/><U12/><E106/><V102/><F102/><W40/><G40/><T56/><D68/><U104/><E104/><V131/><F131/><W96/><G96/><T95/><D95/><U93/><E92/><V115/><F115/><W37/><G37/><T118/><D71/><U73/><REACH who="1" step="1"/><E100/><REACH who="1" ten="152,350,318,170" step="2"/><V109/><F109/><W44/><G45/><T13/><REACH who="0" step="1"/><D118/><REACH who="0" ten="142,350,318,170" step="2"/><U51/><E51/><V88/><F69/><W20/><G1/><T112/><D112/><U65/><E65/><V64/><F64/><W123/><G123/><T85/><D85/><U3/><E3/><V8/><F72/><W113/><G113/><T62/><D62/><U34/><E34/><V121/><F61/><W79/><G87/><T125/><D125/><U60/><E60/><V74/><F74/><W58/><G58/><T30/><D30/><U49/><E49/><RYUUKYOKU ba="1,2" sc="142,10,350,10,318,-30,170,10" hai0="13,18,22,46,47,50,53,56,57,63,66,82,86" hai1="12,16,24,25,27,73,78,81,89,90,91,93,97" hai3="10,14,17,20,23,38,41,44,76,79" /><INIT seed="5,2,2,4,3,33" ten="152,360,288,180" oya="1" hai0="4,100,15,124,93,34,92,40,37,41,56,14,120" hai1="55,60,102,77,122,19,52,111,76,21,94,96,50" hai2="27,18,59,13,117,64,123,89,115,36,58,80,42" hai3="28,10,66,46,109,30,69,97,130,25,38,106,74"/><U112/><E122/><V31/><F117/><W62/><G109/><T72/><D34/><U129/><E112/><V70/><F123/><W45/><G130/><T65/><D72/><U125/><E111/><V11/><F115/><W2/><G30/><T85/><D37/><U7/><E7/><V1/><F1/><W3/><G10/><T107/><D107/><U83/><E129/><V126/><F126/><W20/><G74/><T73/><D73/><U68/><E83/><V119/><F119/><W132/><G132/><T95/><D124/><U78/><E125/><V9/><F9/><W67/><G67/><T128/><D128/><U75/><E75/><V90/><F70/><W105/><G105/><T86/><D100/><U22/><E68/><V12/><F12/><N who="0" m="4650" /><D4/><U91/><E102/><V43/><F36/><W133/><G133/><T51/><D120/><U54/><E60/><V8/><F8/><W57/><G69/><T71/><D71/><U0/><E0/><V49/><F64/><W118/><G118/><T53/><D65/><U104/><E104/><V63/><F63/><W29/><G29/><T113/><D113/><U87/><E87/><AGARI ba="2,2" hai="40,41,51,53,56,85,86,87,92,93,95" m="4650" machi="87" ten="30,1000,0" yaku="8,1" doraHai="33" who="0" fromWho="1" sc="152,36,360,-16,288,0,180,0" /><INIT seed="6,0,0,0,2,30" ten="188,344,288,180" oya="2" hai0="13,18,122,39,17,92,60,119,111,75,41,108,109" hai1="87,34,27,37,29,83,21,54,101,104,118,6,42" hai2="23,32,66,95,130,14,86,124,19,117,97,49,57" hai3="1,114,58,76,50,133,82,12,129,8,46,67,68"/><V22/><F117/><W7/><G133/><T53/><D75/><U91/><E118/><V72/><F124/><W78/><G129/><T99/><D119/><U24/><E6/><V25/><F130/><W98/><G114/><T113/><D122/><U9/><E9/><V26/><F72/><W96/><G68/><T43/><D113/><U70/><E70/><V33/><F86/><W90/><G1/><T103/><D39/><U126/><E126/><V85/><F85/><N who="3" m="48327" /><G78/><T69/><D18/><U71/><E71/><V15/><F15/><W0/><G0/><T112/><D112/><U106/><E101/><V123/><F123/><W61/><G90/><T134/><D134/><U20/><E20/><V55/><F66/><W65/><G65/><T64/><REACH who="0" step="1"/><D53/><AGARI ba="0,0" hai="7,8,12,46,50,53,58,61,67,96,98" m="48327" machi="53" ten="30,1000,0" yaku="8,1" doraHai="30" who="3" fromWho="0" sc="188,-10,344,0,288,0,180,10" /><INIT seed="7,0,0,4,3,83" ten="178,344,288,190" oya="3" hai0="44,47,97,93,21,96,58,20,110,106,42,113,123" hai1="46,3,134,56,108,38,95,116,122,26,14,90,107" hai2="48,49,35,41,11,103,30,111,51,92,33,126,59" hai3="131,54,89,1,118,71,128,73,132,130,61,29,69"/><W88/><G118/><T70/><D110/><U124/><E56/><V4/><F111/><W135/><G1/><T105/><D58/><U23/><E14/><V91/><F126/><W79/><G29/><T120/><D93/><U127/><E46/><V27/><F35/><W104/><G104/><T40/><REACH who="0" step="1"/><D113/><REACH who="0" ten="168,344,288,190" step="2"/><U16/><E108/><V66/><F59/><N who="3" m="35063" /><G69/><AGARI ba="0,1" hai="20,21,40,42,44,47,69,70,96,97,105,106,120,123" machi="69" ten="25,3200,0" yaku="1,1,22,2,53,0" doraHai="83" doraHaiUra="32" who="0" fromWho="3" sc="168,42,344,0,288,0,190,-32" owari="210,-19.0,344,44.0,288,9.0,158,-34.0" /></mjloggm>