<mjloggm ver="2.3"><GO type="41" lobby="0"/><UN n0="%E6%88%91%E5%B0%B1%E6%98%AF%E4%B8%AA%E8%8F%9C%E9%80%BC" n1="%E2%93%9D%53%75%70%68%78" n2="%E3%82%82%E3%81%8B%E3%81%BE%E3%82%8B%EF%BC%92" n3="%E3%81%A9%E3%82%93%E3%81%A9%E3%81%93%E8%8C%B6%E9%87%9C" dan="15,18,14,14" rate="2081.96,2110.85,1948.15,1916.62" sx="M,M,M,M"/><TAIKYOKU oya="0"/><INIT seed="0,0,0,4,4,135" ten="250,250,250,250" oya="0" hai0="128,91,30,119,68,59,62,28,47,114,116,31,15" hai1="90,99,86,2,29,10,108,23,115,3,58,88,117" hai2="43,93,36,81,60,57,134,39,53,56,133,111,20" hai3="9,102,51,61,110,97,103,4,83,87,125,71,113"/><T65/><D114/><U118/><E115/><V82/><F111/><W105/><G113/><T80/><D128/><U37/><E37/><V38/><F43/><W44/><G110/><T52/><D47/><U72/><E108/><V89/><F57/><W123/><G123/><T75/><D15/><U107/><E72/><V104/><F104/><W66/><G103/><T35/><D35/><U84/><E58/><V13/><F13/><W21/><G21/><T40/><D40/><U54/><E23/><V7/><F7/><W34/><G34/><T130/><D130/><U42/><E42/><V24/><F133/><W18/><G18/><T85/><REACH who="0" step="1"/><D75/><REACH who="0" ten="240,250,250,250" step="2"/><U70/><E118/><V98/><REACH who="2" step="1"/><F134/><REACH who="2" ten="240,250,240,250" step="2"/><W26/><G44/><T100/><D100/><U55/><E117/><V132/><F132/><W6/><G102/><T0/><D0/><U101/><E101/><V50/><F50/><AGARI ba="0,2" hai="28,30,31,50,52,59,62,65,68,80,85,91,116,119" machi="50" ten="40,3900,0" yaku="1,1,54,1,53,0" doraHai="135" doraHaiUra="124" who="0" fromWho="2" sc="240,59,250,0,240,-39,250,0" /><INIT seed="0,1,0,1,4,135" ten="299,250,201,250" oya="0" hai0="79,102,108,73,90,95,113,48,67,0,59,125,16" hai1="19,100,126,34,27,105,29,120,74,70,45,86,121" hai2="18,97,66,89,4,1,31,123,64,56,55,51,80" hai3="112,104,20,46,92,57,82,88,6,53,116,50,110"/><T38/><D38/><U15/><E74/><V118/><F123/><W75/><G116/><T71/><D0/><U63/><E86/><V117/><F1/><W40/><G112/><T76/><D113/><U134/><E45/><V65/><F4/><W114/><G114/><T83/><D76/><U77/><E77/><V2/><F2/><W103/><G110/><T131/><D102/><U42/><E42/><V35/><F35/><W111/><G111/><T43/><D131/><U106/><E134/><V21/><F31/><W99/><G20/><T107/><D107/><U81/><E81/><V7/><F7/><W8/><G82/><T25/><D43/><U78/><E78/><V94/><REACH who="2" step="1"/><F80/><REACH who="2" ten="299,250,191,250" step="2"/><W133/><G133/><T61/><D108/><U36/><E121/><V37/><F37/><W91/><G75/><T39/><D39/><U58/><E36/><V32/><F32/><W22/><G22/><T17/><D25/><AGARI ba="1,1" hai="18,21,25,51,55,56,64,65,66,89,94,97,117,118" machi="25" ten="40,2600,0" yaku="1,1,53,1" doraHai="135" doraHaiUra="23" who="2" fromWho="0" sc="299,-29,250,0,191,39,250,0" /><INIT seed="1,0,0,1,4,36" ten="270,250,230,250" oya="1" hai0="29,83,69,104,49,100,48,129,71,133,77,73,31" hai1="122,45,52,125,103,43,37,113,3,8,76,134,33" hai2="13,32,93,68,115,107,105,1,101,57,20,42,39" hai3="128,123,21,18,82,94,58,27,30,126,86,110,24"/><U91/><E122/><V35/><F1/><W132/><G110/><T22/><D100/><U118/><E113/><V80/><F115/><W47/><G128/><T9/><D104/><U81/><E118/><V111/><F111/><W88/><G132/><T25/><D133/><U114/><E114/><V62/><F68/><W53/><G126/><T99/><D99/><U124/><E33/><V2/><F2/><W65/><G123/><T54/><D29/><U40/><E91/><V78/><F93/><W0/><G0/><T28/><D28/><U41/><E103/><V26/><F13/><W98/><G47/><T89/><D48/><N who="1" m="28687" /><E37/><V121/><F121/><W102/><G65/><T6/><D89/><U12/><E3/><V72/><F20/><W63/><REACH who="3" step="1"/><G30/><REACH who="3" ten="270,250,230,240" step="2"/><T130/><D129/><U120/><E120/><V92/><F105/><W14/><AGARI ba="0,1" hai="14,18,21,24,27,53,58,63,82,86,88,94,98,102" machi="14" ten="20,12000,2" yaku="1,1,2,1,0,1,7,1,8,1,54,1,53,1" doraHai="36" doraHaiUra="84" who="3" fromWho="3" sc="270,-30,250,-60,230,-30,240,130" /><INIT seed="2,0,0,4,4,41" ten="240,190,200,370" oya="2" hai0="6,36,67,118,14,13,31,21,25,23,58,39,111" hai1="48,87,24,54,34,8,30,114,71,105,85,5,70" hai2="134,60,40,104,92,94,46,0,130,18,22,15,49" hai3="91,86,124,16,57,35,132,106,37,62,42,112,63"/><V53/><F134/><W103/><G35/><T96/><D39/><U43/><E114/><V68/><F130/><W113/><G124/><T128/><D36/><U33/><E43/><V26/><F0/><W44/><G132/><T100/><D128/><U102/><E34/><V4/><F104/><W38/><G38/><T116/><D111/><U20/><E33/><V83/><F83/><W74/><G74/><T117/><D6/><U108/><E108/><V129/><F129/><W135/><G135/><T120/><D120/><U29/><E29/><V127/><F127/><W75/><G75/><T51/><D21/><U82/><E102/><V93/><F4/><W121/><G121/><T47/><D58/><U125/><E105/><V69/><REACH who="2" step="1"/><F26/><REACH who="2" ten="240,190,190,370" step="2"/><W119/><G119/><T2/><D2/><U56/><E125/><V7/><F7/><W81/><G106/><N who="0" m="63751" /><D67/><U61/><E82/><V109/><F109/><W72/><G81/><T89/><D89/><U97/><E5/><V101/><F101/><W17/><G103/><T122/><D122/><U110/><E110/><V11/><F11/><W55/><G91/><T88/><D88/><U64/><E8/><V65/><F65/><W32/><G112/><T123/><D123/><U1/><E1/><V45/><F45/><W73/><G44/><T10/><D10/><U84/><REACH who="1" step="1"/><E71/><REACH who="1" ten="240,180,190,370" step="2"/><V27/><F27/><W19/><G113/><T95/><D95/><U77/><E77/><V107/><F107/><W131/><G131/><T115/><D115/><U50/><E50/><V79/><F79/><W66/><G37/><T28/><D28/><RYUUKYOKU ba="0,2" sc="240,10,180,10,190,10,370,-30" hai0="13,14,23,25,31,47,51,116,117,118" hai1="20,24,30,48,54,56,61,64,70,84,85,87,97" hai2="15,18,22,40,46,49,53,60,68,69,92,93,94" /><INIT seed="2,1,2,2,2,103" ten="250,190,200,340" oya="2" hai0="53,115,37,52,71,102,133,119,6,27,78,54,100" hai1="13,130,17,97,26,89,134,74,7,77,64,123,93" hai2="111,120,113,57,5,41,4,46,45,18,43,76,30" hai3="10,87,60,47,75,112,85,31,3,88,59,35,40"/><V49/><F113/><W110/><G110/><T117/><D115/><U1/><E134/><V11/><F120/><W42/><G112/><T94/><D37/><U66/><E130/><V44/><F111/><W24/><G75/><T51/><D71/><U99/><E1/><V22/><F76/><W90/><G85/><T50/><D6/><U125/><E125/><V80/><F80/><W28/><G28/><T84/><D133/><U105/><E7/><V38/><F30/><W9/><G3/><T12/><D12/><U0/><E26/><V34/><F34/><W92/><G90/><N who="0" m="53575" /><D27/><U121/><E0/><V82/><F82/><W98/><G98/><T124/><D78/><U39/><E39/><V79/><F79/><W127/><G127/><T128/><D128/><U8/><E77/><V62/><F45/><W116/><G116/><N who="0" m="44619" /><D124/><U19/><E74/><V126/><F126/><W81/><G92/><T63/><D63/><U118/><E118/><V129/><F129/><W23/><G35/><T104/><D100/><N who="1" m="62607" /><E19/><V56/><F62/><W83/><G83/><T107/><D102/><U21/><E8/><N who="3" m="3178" /><G47/><T106/><AGARI ba="1,2" hai="50,51,52,53,54,104,106,107" m="44619,53575" machi="106" ten="40,8000,1" yaku="12,1,52,3,54,1" doraHai="103" who="0" fromWho="0" sc="250,103,190,-21,200,-41,340,-21" /><INIT seed="3,0,0,2,0,133" ten="353,169,159,319" oya="3" hai0="84,58,124,18,127,36,46,16,121,62,118,125,88" hai1="73,27,9,19,52,47,72,116,45,123,22,31,113" hai2="21,135,78,3,42,79,85,130,43,90,32,57,33" hai3="24,74,103,114,65,50,48,29,99,107,102,92,7"/><W15/><G114/><T93/><D121/><U30/><E123/><V86/><F135/><W111/><G74/><T112/><D112/><U38/><E113/><V1/><F21/><W10/><G111/><T12/><D118/><U81/><E116/><V41/><F57/><W115/><G115/><T109/><D109/><U70/><E70/><V23/><F23/><W134/><G134/><T131/><D131/><U83/><E38/><V76/><F130/><W34/><REACH who="3" step="1"/><G65/><REACH who="3" ten="353,169,159,309" step="2"/><N who="0" m="39127" /><D12/><U8/><E73/><V129/><F129/><W75/><G75/><T69/><D69/><U82/><E72/><V89/><F85/><W40/><G40/><AGARI ba="0,1" hai="16,18,36,40,46,84,88,93,124,125,127" m="39127" machi="40" ten="30,12000,2" yaku="18,1,52,3,54,2" doraHai="133" who="0" fromWho="3" sc="353,130,169,0,159,0,309,-120" /><INIT seed="4,0,0,3,5,25" ten="483,169,159,189" oya="0" hai0="7,82,31,49,84,6,83,114,20,80,92,96,27" hai1="100,77,130,85,35,2,104,13,34,86,113,134,53" hai2="121,44,0,28,125,76,55,111,43,95,57,51,74" hai3="87,78,133,91,16,110,30,135,67,131,89,93,59"/><T32/><D32/><U48/><E2/><V22/><F111/><W72/><G110/><T107/><D114/><U46/><E130/><V63/><F121/><W61/><G131/><T98/><D107/><U88/><E134/><N who="3" m="51210" /><G72/><T132/><D132/><U58/><E113/><V50/><F125/><W118/><G118/><T99/><REACH who="0" step="1"/><D49/><REACH who="0" ten="473,169,159,189" step="2"/><U19/><E35/><V45/><F51/><W21/><G78/><T3/><D3/><U24/><E77/><V97/><F0/><W109/><G109/><T79/><D79/><U116/><E116/><V112/><F76/><W122/><G122/><T123/><D123/><U18/><E104/><V36/><F112/><W37/><G37/><T65/><D65/><U120/><E120/><V128/><F128/><W4/><G89/><AGARI ba="0,1" hai="6,7,20,27,31,80,82,83,84,89,92,96,98,99" machi="89" ten="40,7700,0" yaku="1,1,8,1,52,1,53,0" doraHai="25" doraHaiUra="68" who="0" fromWho="3" sc="473,87,169,0,159,0,189,-77" /><INIT seed="4,1,0,0,5,56" ten="560,169,159,112" oya="0" hai0="78,131,127,132,54,24,42,101,107,63,47,130,117" hai1="76,18,43,31,55,110,2,25,70,13,106,104,46" hai2="1,114,40,73,49,115,89,44,38,7,116,35,4" hai3="67,100,95,11,36,22,34,5,87,26,3,6,57"/><T103/><D117/><U9/><E110/><V86/><F116/><W66/><G36/><T111/><D111/><U23/><E70/><V14/><F73/><W133/><G133/><T81/><D132/><U97/><E76/><V59/><F35/><W28/><G5/><T77/><D24/><U0/><E55/><V15/><F15/><W32/><G66/><T37/><D127/><U21/><E97/><V16/><F1/><W27/><G27/><T65/><D54/><U124/><E124/><V99/><F99/><N who="3" m="59519" /><G87/><N who="0" m="48559" /><D78/><U29/><E29/><V8/><F38/><W17/><G17/><T134/><D107/><U64/><E106/><V85/><F85/><W33/><G33/><T62/><D65/><U84/><E64/><V52/><F114/><W71/><G71/><T98/><D134/><U82/><E104/><V10/><F10/><W121/><G121/><T50/><D37/><U58/><E31/><V75/><F75/><W126/><G126/><T122/><D122/><U68/><E68/><V91/><F115/><W123/><G123/><T53/><D53/><U74/><E74/><V20/><F7/><W93/><G93/><N who="0" m="58575" /><D103/><U96/><E25/><V94/><F89/><W129/><G129/><AGARI ba="1,0" hai="42,47,50,62,63,129,130,131" m="58575,48559" machi="129" ten="30,5800,0" yaku="19,1,52,2" doraHai="56" who="0" fromWho="3" sc="560,61,169,0,159,0,112,-61" /><INIT seed="4,2,0,4,3,93" ten="621,169,159,51" oya="0" hai0="85,79,124,72,83,118,37,28,108,98,59,8,97" hai1="27,68,77,0,113,80,46,55,119,117,52,125,49" hai2="4,56,10,74,31,75,25,5,42,3,50,19,99" hai3="106,30,134,120,92,15,95,66,67,41,57,62,94"/><T109/><D37/><U132/><E0/><V110/><F110/><N who="0" m="42602" /><D118/><U12/><E68/><V104/><F5/><W100/><G134/><T54/><D28/><U29/><E125/><V121/><F121/><W39/><G120/><T101/><D124/><U103/><E113/><V21/><F42/><W76/><G76/><T86/><D8/><U36/><E36/><V2/><F2/><W130/><G130/><T7/><D7/><U64/><E132/><V81/><F81/><W23/><G39/><T40/><D40/><U112/><E112/><V43/><F43/><W24/><G41/><T6/><D6/><U70/><E119/><V115/><F115/><W122/><G122/><T60/><D101/><U90/><E103/><V96/><F104/><W78/><G78/><T135/><D135/><U84/><E77/><V82/><F31/><W111/><G111/><T53/><D53/><U91/><E55/><V65/><F82/><W69/><G106/><T11/><D11/><U129/><E129/><V102/><F102/><W34/><G34/><T127/><D127/><U1/><E117/><V88/><F88/><W123/><G123/><T26/><D26/><U16/><E91/><V48/><F65/><W61/><REACH who="3" step="1"/><G15/><REACH who="3" ten="621,169,159,41" step="2"/><T47/><D47/><U89/><E1/><V51/><F74/><W9/><G9/><T131/><D131/><U13/><E13/><V18/><F75/><W87/><G87/><AGARI ba="2,1" hai="54,59,60,72,79,83,85,86,87,97,98" m="42602" machi="87" ten="30,5800,0" yaku="10,1,52,2" doraHai="93" who="0" fromWho="3" sc="621,74,169,0,159,0,41,-64" owari="695,79.0,169,-3.0,159,-24.0,-23,-52.0" /></mjloggm>