<mjloggm ver="2.3"><GO type="41" lobby="0"/><UN n0="%E2%93%9D%53%75%70%68%78" n1="%6F%6C%32%32%30%33" n2="%4C%6F%73%74%69%4E" n3="%79%79%6B%6B" dan="17,13,14,13" rate="2066.92,1891.97,1915.53,1821.14" sx="M,M,M,M"/><TAIKYOKU oya="0"/><INIT seed="0,0,0,5,0,12" ten="250,250,250,250" oya="0" hai0="23,116,6,109,79,97,76,56,5,31,126,27,100" hai1="1,101,62,70,64,49,48,63,68,14,36,61,118" hai2="45,127,32,103,106,25,51,16,41,74,11,43,78" hai3="85,57,129,90,75,72,50,102,21,13,53,134,119"/><T58/><D116/><U8/><E1/><V133/><F127/><W29/><G129/><T15/><D126/><U71/><E101/><V94/><F133/><W83/><G134/><T22/><D109/><U91/><E118/><V110/><F106/><W26/><G119/><T123/><D123/><U34/><E34/><V112/><F112/><W117/><G117/><T40/><D40/><U17/><E36/><V35/><F43/><W92/><REACH who="3" step="1"/><G13/><REACH who="3" ten="250,250,250,240" step="2"/><T114/><D114/><U20/><E64/><V67/><F67/><W89/><G89/><T128/><D128/><U82/><E91/><V24/><F110/><W28/><G28/><T77/><D6/><U121/><E121/><V59/><F78/><W88/><G88/><T130/><D130/><U104/><E104/><V37/><F37/><W42/><G42/><T65/><D65/><U80/><E71/><V132/><F132/><W2/><G2/><T105/><REACH who="0" step="1"/><D5/><REACH who="0" ten="240,250,250,240" step="2"/><U30/><E70/><V55/><F41/><W33/><G33/><T69/><D69/><U10/><E68/><V86/><F35/><W87/><G87/><T39/><D39/><U107/><E107/><V38/><F32/><W0/><G0/><T95/><D95/><U125/><E125/><V98/><F38/><W122/><G122/><T4/><D4/><U135/><E135/><V60/><F86/><W18/><G18/><AGARI ba="0,2" hai="15,18,22,23,27,31,56,58,76,77,79,97,100,105" machi="18" ten="40,3900,0" yaku="1,1,52,1,53,0" doraHai="12" doraHaiUra="81" who="0" fromWho="3" sc="240,59,250,0,250,0,240,-39" /><INIT seed="0,1,0,5,3,5" ten="299,250,250,201" oya="0" hai0="19,28,25,79,121,115,4,61,18,100,71,15,56" hai1="20,6,80,7,48,113,116,102,107,54,50,109,83" hai2="68,92,128,123,34,111,129,9,125,117,127,27,124" hai3="21,43,106,8,98,24,114,120,94,126,23,26,35"/><T58/><D121/><U3/><E116/><V17/><F68/><W93/><G35/><T88/><D115/><U37/><E37/><V70/><F70/><W11/><G126/><T134/><D79/><U44/><E109/><V52/><F123/><W81/><G114/><T63/><D71/><U65/><E65/><V84/><F111/><W133/><G133/><T76/><D76/><U66/><E66/><V47/><F117/><W97/><G106/><T99/><D100/><U91/><E102/><V49/><F34/><W82/><G120/><T78/><D78/><U2/><E107/><V36/><F36/><W89/><G89/><T95/><D134/><U74/><E20/><V122/><F122/><W46/><G46/><T30/><D4/><U42/><E91/><N who="2" m="53351" /><F27/><W118/><G118/><T131/><D131/><N who="2" m="50250" /><F17/><N who="0" m="6154" /><D25/><U59/><E74/><V73/><F73/><W101/><G101/><T69/><D69/><U12/><E12/><V108/><F108/><W1/><G1/><T105/><D15/><U64/><E64/><V39/><F39/><W77/><G77/><T13/><D13/><U55/><E42/><AGARI ba="1,0" hai="8,11,21,23,24,26,42,43,81,82,93,94,97,98" machi="42" ten="25,8000,1" yaku="22,2,8,1,52,2" doraHai="5" who="3" fromWho="1" sc="299,0,250,-83,250,0,201,83" /><INIT seed="1,0,0,4,5,0" ten="299,167,250,284" oya="1" hai0="79,133,63,35,95,37,36,42,134,75,40,54,70" hai1="98,25,48,92,78,29,82,28,115,90,31,85,51" hai2="88,59,132,77,34,61,111,5,16,122,71,66,7" hai3="22,44,39,129,93,81,74,94,46,60,128,52,11"/><U30/><REACH who="1" step="1"/><E115/><REACH who="1" ten="299,157,250,284" step="2"/><V49/><F122/><W45/><G129/><T112/><D112/><U103/><E103/><V26/><F132/><W130/><G130/><T15/><D134/><U73/><E73/><V24/><F111/><W12/><G74/><T10/><D75/><U18/><E18/><V43/><F71/><W1/><G128/><T3/><D70/><U2/><E2/><V125/><F125/><W101/><G101/><T8/><D3/><U119/><E119/><V38/><F38/><W62/><G39/><T84/><D37/><U96/><E96/><V121/><F121/><W114/><G114/><T124/><D36/><U80/><E80/><V113/><F113/><W14/><G81/><T102/><D102/><U105/><E105/><V117/><F117/><W123/><G123/><T68/><D68/><U108/><E108/><V87/><F77/><W135/><G135/><T69/><D69/><U17/><E17/><V118/><F118/><W19/><G1/><T9/><D133/><U23/><AGARI ba="0,1" hai="23,25,28,29,30,31,48,51,78,82,85,90,92,98" machi="23" ten="30,11700,0" yaku="21,2,0,1,8,1,53,0" doraHai="0" doraHaiUra="41" who="1" fromWho="1" sc="299,-39,157,127,250,-39,284,-39" /><INIT seed="1,1,0,2,2,18" ten="260,284,211,245" oya="1" hai0="129,86,44,39,81,89,63,10,52,73,13,24,127" hai1="27,75,106,91,95,113,16,61,4,34,108,82,58" hai2="101,112,122,114,107,94,92,103,67,5,9,78,125" hai3="51,74,22,104,134,45,80,15,90,12,56,33,76"/><U62/><E113/><N who="2" m="43627" /><F67/><W64/><G33/><T71/><D129/><U36/><E106/><V46/><F46/><W126/><G104/><T20/><D127/><U135/><E4/><V31/><F31/><W88/><G134/><T21/><D73/><U70/><E135/><V100/><F122/><W7/><G15/><T40/><D24/><U38/><E70/><V117/><F107/><W14/><G14/><T66/><REACH who="0" step="1"/><D52/><REACH who="0" ten="250,284,211,245" step="2"/><U128/><E27/><V2/><F125/><W98/><G74/><T123/><D123/><U3/><E128/><V96/><F117/><W131/><G131/><T83/><D83/><U49/><E82/><V85/><F78/><W77/><G80/><T115/><D115/><U17/><E75/><V65/><F65/><W47/><G77/><T55/><D55/><U102/><E61/><V93/><F85/><W72/><G64/><T42/><D42/><U35/><E62/><V97/><AGARI ba="1,1" hai="2,5,9,92,93,94,96,97,100,101,103" m="43627" machi="97" ten="40,1500,0" yaku="11,1" doraHai="18" who="2" fromWho="2" sc="250,-5,284,-8,211,28,245,-5" /><INIT seed="2,0,0,5,1,124" ten="245,276,239,240" oya="2" hai0="11,38,24,99,58,17,101,126,25,121,135,54,2" hai1="73,131,51,119,4,64,98,89,56,32,61,70,9" hai2="46,6,103,134,100,94,108,81,57,40,80,96,49" hai3="84,26,120,59,5,102,10,132,50,18,55,45,115"/><V90/><F134/><W43/><G120/><T66/><D121/><U75/><E32/><V122/><F122/><W15/><G115/><T37/><D66/><U33/><E119/><V69/><F69/><W8/><G132/><T28/><D126/><U85/><E33/><V82/><F108/><W87/><G102/><T30/><D135/><U31/><E31/><V29/><F29/><W65/><G65/><T21/><D2/><U53/><E98/><V112/><F112/><W71/><G71/><T44/><D44/><U52/><E131/><V125/><F125/><W107/><G107/><T110/><D11/><U16/><E53/><V68/><F68/><W127/><G127/><T91/><D91/><U129/><E129/><V42/><F42/><W93/><G93/><T23/><D17/><U47/><E70/><V83/><N who="2" m="20480" /><DORA hai="1" /><V133/><F133/><W130/><G130/><T3/><D3/><U88/><E16/><V113/><F113/><W77/><G77/><T128/><D110/><U97/><E97/><V19/><F19/><W14/><REACH who="3" step="1"/><G26/><REACH who="3" ten="245,276,239,230" step="2"/><T20/><D128/><U62/><E75/><V106/><F106/><W105/><G105/><T86/><D25/><U104/><E73/><V95/><F94/><W0/><G0/><T13/><D24/><U76/><E104/><V116/><F116/><W118/><G118/><T36/><D101/><U72/><E72/><V92/><F92/><W114/><G114/><T60/><D13/><N who="1" m="5287" /><E76/><V34/><F103/><W78/><G78/><T22/><D30/><U41/><E85/><N who="2" m="52687" /><F100/><W111/><G111/><T117/><D117/><RYUUKYOKU ba="0,1" sc="245,-15,276,15,239,-15,230,15" hai1="41,47,51,52,56,61,62,64,88,89" hai3="5,8,10,14,15,18,43,45,50,55,59,84,87" /><INIT seed="3,1,1,1,0,35" ten="230,291,224,245" oya="3" hai0="15,65,88,10,33,28,112,117,121,80,114,31,53" hai1="36,18,105,19,79,91,57,6,13,51,27,107,70" hai2="42,116,77,16,41,108,123,118,127,32,125,11,63" hai3="82,21,49,24,68,94,22,4,119,3,25,134,111"/><W100/><G119/><N who="2" m="45609" /><F32/><W95/><G68/><T38/><D117/><U83/><E36/><V66/><F77/><W60/><G134/><T109/><D38/><U113/><E113/><N who="0" m="43625" /><D109/><U52/><E6/><V93/><F93/><W26/><G111/><T75/><D65/><U23/><E70/><N who="2" m="42335" /><F123/><W45/><G60/><T126/><D126/><N who="2" m="48138" /><F108/><W99/><G94/><T72/><D121/><U71/><E91/><V133/><F133/><W55/><REACH who="3" step="1"/><G82/><REACH who="3" ten="230,291,224,235" step="2"/><T69/><D69/><U132/><E71/><V90/><F90/><W9/><AGARI ba="1,2" hai="3,4,9,21,22,24,25,26,45,49,55,95,99,100" machi="9" ten="30,11700,0" yaku="1,1,2,1,0,1,52,1,53,0" doraHai="35" doraHaiUra="110" who="3" fromWho="3" sc="230,-40,291,-40,224,-40,235,140" /><INIT seed="3,2,0,2,5,80" ten="190,251,184,375" oya="3" hai0="2,66,22,1,98,27,110,51,115,83,17,15,55" hai1="11,3,89,129,31,131,36,18,19,57,39,123,100" hai2="106,108,48,40,52,93,121,32,91,104,10,8,120" hai3="42,77,73,59,92,70,72,119,14,53,135,84,81"/><W28/><G70/><T25/><D110/><U45/><E31/><V109/><F32/><W132/><G119/><T4/><D66/><U114/><E100/><V74/><F74/><W35/><G42/><T65/><D65/><U9/><E89/><V30/><F30/><W67/><G67/><T33/><D115/><U130/><E57/><N who="2" m="32903" /><F40/><W46/><G46/><T63/><D63/><U13/><E45/><V76/><F76/><W105/><G105/><T75/><D98/><U56/><E56/><V64/><F64/><W5/><G35/><T50/><D50/><U78/><E78/><V127/><F127/><W101/><G28/><T6/><D51/><U38/><E123/><N who="2" m="47179" /><F10/><N who="3" m="4431" /><G92/><T69/><D33/><U37/><N who="1" m="9216" /><DORA hai="20" /><U107/><E107/><N who="2" m="41003" /><F8/><N who="1" m="3145" /><E114/><V99/><AGARI ba="2,0" hai="91,93,99,108,109" m="41003,47179,32903" machi="99" ten="40,2700,0" yaku="13,1,54,1" doraHai="80,20" who="2" fromWho="2" sc="190,-9,251,-9,184,33,375,-15" /><INIT seed="4,0,0,1,1,72" ten="181,242,217,360" oya="0" hai0="113,129,83,2,127,105,69,73,93,74,111,135,117" hai1="98,80,116,81,30,120,52,11,78,6,35,112,7" hai2="58,104,39,131,61,60,64,21,118,50,0,84,67" hai3="102,5,130,79,95,123,65,40,106,32,94,20,57"/><T86/><RYUUKYOKU type="yao9" ba="0,0" sc="181,0,242,0,217,0,360,0" hai0="2,69,73,74,83,86,93,105,111,113,117,127,129,135" /><INIT seed="4,1,0,5,0,31" ten="181,242,217,360" oya="0" hai0="42,49,40,73,56,113,131,82,66,121,22,130,13" hai1="122,94,127,85,89,6,93,119,123,84,69,105,76" hai2="25,15,75,7,55,62,38,50,133,33,120,41,16" hai3="0,100,129,70,112,117,99,114,37,116,132,107,46"/><T29/><D73/><U86/><E69/><V97/><F75/><W26/><G0/><T71/><D82/><N who="1" m="47175" /><E6/><V32/><F133/><W47/><G132/><T8/><D121/><N who="1" m="46091" /><E127/><V88/><F120/><W1/><G129/><N who="0" m="49163" /><D71/><U43/><E43/><V21/><F38/><W67/><G1/><T23/><D113/><U24/><E24/><V110/><F110/><W80/><G80/><T36/><D29/><U124/><E124/><V68/><F41/><N who="0" m="15978" /><D36/><U128/><E128/><V4/><F4/><W19/><G37/><T52/><D66/><U104/><E119/><V11/><F68/><W12/><G67/><T81/><D81/><N who="1" m="49327" /><E86/><V90/><F90/><W34/><G70/><T134/><D134/><U96/><E94/><N who="2" m="56519" /><F50/><W79/><G117/><T51/><D51/><U48/><E48/><V74/><F74/><W45/><G116/><T17/><AGARI ba="1,0" hai="8,13,17,22,23,49,52,56" m="15978,49163" machi="17" ten="30,3000,0" yaku="19,1,54,1" doraHai="31" who="0" fromWho="0" sc="181,33,242,-11,217,-11,360,-11" /><INIT seed="4,2,0,5,5,24" ten="214,231,206,349" oya="0" hai0="33,108,81,112,54,41,74,103,10,90,71,72,77" hai1="30,17,68,111,119,79,36,11,132,100,58,126,9" hai2="97,22,52,127,130,64,120,75,89,116,88,23,105" hai3="12,63,57,13,44,61,70,101,47,69,98,109,25"/><T6/><D112/><U2/><E111/><V28/><F120/><W5/><G109/><T0/><D108/><U32/><E68/><V92/><F75/><W84/><G63/><T65/><D90/><U106/><E36/><V135/><F105/><W42/><G47/><T87/><D54/><U37/><E37/><V53/><F127/><W55/><G13/><T40/><D103/><U125/><E79/><V104/><F104/><W1/><G1/><T29/><D87/><U39/><E39/><V99/><F64/><W93/><G84/><T4/><D4/><U48/><E17/><V27/><F130/><W67/><G25/><N who="0" m="18607" /><D41/><U133/><E100/><V3/><F3/><W8/><REACH who="3" step="1"/><G67/><REACH who="3" ten="214,231,206,339" step="2"/><T31/><D65/><U56/><E2/><V129/><F129/><W134/><G134/><T38/><D74/><U18/><E133/><V15/><F135/><W113/><G113/><T62/><D62/><U91/><E132/><V73/><F73/><W34/><G34/><T46/><D31/><U96/><E30/><V95/><F116/><W110/><G110/><T35/><D71/><U82/><E119/><V7/><F7/><W50/><AGARI ba="2,1" hai="5,8,12,42,44,50,55,57,61,69,70,93,98,101" machi="50" ten="20,2700,0" yaku="1,1,0,1,7,1,53,0" doraHai="24" doraHaiUra="114" who="3" fromWho="3" sc="214,-15,231,-9,206,-9,339,43" /><INIT seed="5,0,0,3,5,19" ten="199,222,197,382" oya="1" hai0="1,108,36,106,25,40,113,111,56,131,99,84,80" hai1="6,7,88,31,90,16,97,105,76,82,42,103,38" hai2="107,21,62,121,115,14,37,89,64,41,5,123,46" hai3="44,100,34,3,17,94,93,125,120,4,66,132,24"/><U134/><E134/><V22/><F107/><W26/><G125/><T124/><D1/><U126/><E126/><V33/><F33/><W129/><G26/><T47/><D124/><U27/><E16/><V43/><F115/><W92/><G129/><T73/><D73/><U48/><E38/><V87/><F43/><W79/><G79/><T12/><D113/><U127/><E127/><V71/><F121/><W15/><G66/><T60/><D12/><U85/><E42/><V86/><F86/><W69/><G69/><T135/><D131/><U13/><E48/><V8/><REACH who="2" step="1"/><F123/><REACH who="2" ten="199,222,187,382" step="2"/><W58/><G120/><T28/><D106/><U54/><E54/><V61/><F61/><W128/><G34/><T57/><D111/><U53/><E53/><V45/><F45/><W96/><G44/><T50/><D108/><U75/><E13/><V101/><F101/><W10/><G132/><T67/><D135/><U130/><E130/><V65/><F65/><W32/><G128/><T20/><D36/><U63/><E63/><V119/><F119/><W11/><G32/><T98/><REACH who="0" step="1"/><D57/><REACH who="0" ten="189,222,187,382" step="2"/><U109/><E109/><V133/><F133/><W59/><G58/><T117/><D117/><U0/><E105/><V116/><F116/><W118/><G59/><T83/><D83/><AGARI ba="0,2" hai="5,8,14,21,22,37,41,46,62,64,71,83,87,89" machi="83" ten="30,7700,0" yaku="1,1,7,1,52,2,53,0" doraHai="19" doraHaiUra="29" who="2" fromWho="0" sc="189,-77,222,0,187,97,382,0" /><INIT seed="6,0,0,5,5,5" ten="112,222,284,382" oya="2" hai0="2,101,108,63,40,76,133,95,110,58,113,70,7" hai1="15,16,135,21,119,77,99,132,72,14,56,114,19" hai2="59,111,122,65,117,102,52,128,36,49,26,100,73" hai3="92,127,43,25,23,11,28,82,54,44,93,51,17"/><V8/><F73/><W109/><G109/><T79/><D70/><U6/><E72/><V47/><F117/><W87/><G127/><T9/><D113/><U123/><E77/><V64/><F122/><W115/><G115/><T118/><D118/><U48/><E114/><V12/><F128/><W107/><G107/><T18/><D133/><U20/><E119/><V103/><F26/><W71/><G71/><T13/><D40/><U129/><E129/><V1/><F1/><W130/><G43/><T0/><D0/><U31/><E6/><N who="2" m="3095" /><F36/><W34/><G130/><T94/><D110/><U62/><E31/><V134/><F134/><W66/><G66/><N who="2" m="25705" /><F111/><W22/><G34/><T121/><D121/><U41/><E123/><V45/><AGARI ba="0,0" hai="45,47,49,52,59,100,102,103" m="25705,3095" machi="45" ten="30,6000,0" yaku="8,1,52,1,54,1" doraHai="5" who="2" fromWho="2" sc="112,-20,222,-20,284,60,382,-20" /><INIT seed="6,1,0,4,5,42" ten="92,202,344,362" oya="2" hai0="107,106,81,101,115,103,129,53,62,73,46,66,105" hai1="17,19,127,80,83,92,91,128,110,124,6,45,71" hai2="74,1,75,70,63,48,61,130,134,118,60,131,7" hai3="35,59,5,84,135,121,133,37,31,50,113,26,112"/><V65/><F118/><W29/><G121/><T126/><D129/><N who="2" m="49162" /><F48/><W52/><G37/><T10/><D126/><U34/><E110/><V24/><F24/><N who="3" m="18855" /><G84/><T44/><D115/><N who="3" m="44105" /><G5/><T117/><D117/><U56/><E71/><V32/><F32/><AGARI ba="1,0" hai="26,31,32,50,52,59,133,135" m="44105,18855" machi="32" ten="30,3900,0" yaku="15,1,11,1,54,1" doraHai="42" who="3" fromWho="2" sc="92,0,202,0,344,-42,362,42" /><INIT seed="7,0,0,0,4,61" ten="92,202,302,404" oya="3" hai0="65,117,90,98,125,9,97,119,109,135,33,87,132" hai1="40,37,89,73,53,21,24,68,129,1,105,51,44" hai2="74,5,54,115,102,133,27,70,85,94,18,124,58" hai3="123,80,83,91,0,100,16,26,52,12,114,96,23"/><W31/><G114/><T19/><D9/><U30/><E129/><V15/><F74/><W131/><G0/><T22/><D33/><U47/><E1/><V72/><F72/><W82/><G123/><T14/><D14/><U79/><E68/><V10/><F70/><W126/><G126/><T95/><D22/><U66/><E105/><V67/><F115/><W43/><G43/><T29/><D29/><U92/><E73/><V81/><F133/><W13/><G131/><T60/><D19/><U3/><E79/><V2/><F124/><W6/><G6/><T36/><D36/><U39/><E3/><V104/><F104/><W120/><G12/><T20/><D20/><U11/><E11/><V57/><F67/><W88/><G52/><T127/><D60/><U76/><E76/><V46/><F27/><W69/><G69/><T63/><D63/><U111/><E111/><V8/><F46/><W107/><REACH who="3" step="1"/><G120/><REACH who="3" ten="92,202,302,394" step="2"/><T28/><D109/><U86/><E53/><V59/><F54/><W32/><AGARI ba="0,1" hai="13,16,23,26,31,32,80,82,83,88,91,96,100,107" machi="32" ten="30,12000,1" yaku="1,1,2,1,0,1,54,2,53,0" doraHai="61" doraHaiUra="116" who="3" fromWho="3" sc="92,-40,202,-40,302,-40,394,130" owari="52,-45.0,162,-24.0,262,6.0,524,63.0" /></mjloggm>