<mjloggm ver="2.3"><GO type="41" lobby="0"/><UN n0="%E7%99%BD%E6%B0%B4%E5%93%A9%6C%6A" n1="%3D%42%75%4C%4C%3D" n2="%78%72" n3="%E2%93%9D%53%75%70%68%78" dan="13,13,14,18" rate="1871.33,1902.32,1998.69,2056.06" sx="M,M,F,M"/><TAIKYOKU oya="0"/><INIT seed="0,0,0,1,0,70" ten="250,250,250,250" oya="0" hai0="35,34,62,30,118,31,121,24,101,110,64,97,66" hai1="33,48,109,47,102,120,126,130,55,40,127,14,9" hai2="77,105,84,41,5,98,37,116,20,60,18,123,133" hai3="67,23,4,111,32,96,27,113,85,104,87,58,134"/><T92/><D121/><U128/><E128/><V117/><BYE who="1" /><F123/><W91/><G111/><UN n1="%3D%42%75%4C%4C%3D" /><T16/><D110/><U36/><E109/><V124/><F5/><W132/><G32/><T115/><D115/><U95/><E120/><V8/><F8/><W25/><G4/><T49/><D49/><U53/><E33/><V52/><F124/><W86/><G113/><T81/><D81/><U89/><E102/><V45/><F133/><N who="3" m="51307" /><G67/><T135/><D135/><U0/><E0/><V75/><F75/><W51/><G23/><T93/><D66/><U15/><E130/><V50/><F60/><W57/><G51/><T42/><D42/><U78/><E78/><V12/><F77/><W59/><G91/><T19/><D118/><N who="2" m="45674" /><F84/><W44/><G44/><T106/><D31/><U73/><E73/><V43/><F43/><W29/><G29/><T21/><D35/><U125/><E48/><V83/><F83/><W38/><G38/><T13/><D19/><N who="1" m="8655" /><E15/><V26/><F12/><W39/><G39/><T88/><D88/><U6/><E6/><V76/><F76/><W71/><G71/><AGARI ba="0,0" hai="13,16,21,24,30,34,62,64,71,92,93,97,101,106" machi="71" ten="30,11600,0" yaku="7,1,25,2,54,1" doraHai="70" who="0" fromWho="3" sc="250,116,250,0,250,0,250,-116" /><INIT seed="0,1,0,2,2,22" ten="366,250,250,134" oya="0" hai0="5,73,8,102,127,27,76,123,88,78,100,34,94" hai1="92,80,49,64,83,32,90,63,29,125,52,26,4" hai2="67,1,65,107,91,36,110,87,43,15,51,41,99" hai3="121,45,72,108,10,117,97,56,120,54,46,2,135"/><T124/><D34/><U47/><E125/><N who="0" m="48201" /><D73/><U134/><E134/><V82/><F1/><W59/><G72/><T48/><D123/><N who="3" m="47177" /><G97/><N who="0" m="57543" /><D27/><U24/><E4/><V69/><F36/><W9/><G117/><T131/><D48/><U14/><E14/><V44/><F110/><W132/><G2/><N who="0" m="55" /><D131/><U133/><E133/><N who="3" m="51274" /><G108/><T111/><D111/><U25/><E29/><V79/><F69/><W12/><G12/><T84/><D78/><U28/><E28/><V53/><F79/><W89/><G89/><T35/><D35/><U93/><E32/><V116/><F91/><W130/><G130/><T77/><D76/><U66/><E90/><V7/><F116/><W103/><G103/><N who="0" m="39467" /><D77/><U30/><E30/><V118/><F15/><W38/><G38/><T40/><D40/><U21/><E21/><V115/><F41/><W86/><G86/><AGARI ba="1,0" hai="84,86" m="39467,55,57543,48201" machi="86" ten="30,2900,0" yaku="18,1,54,1" doraHai="22" who="0" fromWho="3" sc="366,32,250,0,250,0,134,-32" /><INIT seed="0,2,0,1,1,61" ten="398,250,250,102" oya="0" hai0="134,42,74,23,52,60,64,55,50,25,6,24,0" hai1="22,108,57,95,82,67,123,19,133,31,62,8,106" hai2="46,118,115,116,81,71,121,20,98,100,130,122,83" hai3="44,85,125,11,39,91,112,128,38,79,77,13,35"/><T111/><D74/><U69/><E123/><N who="2" m="47115" /><F71/><W114/><G35/><T89/><D111/><U45/><E108/><V101/><F20/><W27/><G128/><T126/><D126/><U2/><E133/><V109/><F109/><W41/><G125/><T4/><D134/><U88/><E106/><V94/><F130/><W1/><G1/><T5/><D89/><U56/><E82/><N who="2" m="31243" /><F46/><W132/><G132/><T7/><D24/><U99/><E45/><V58/><F58/><W92/><G39/><T103/><D103/><N who="2" m="39498" /><F115/><W76/><REACH who="3" step="1"/><G27/><REACH who="3" ten="398,250,250,92" step="2"/><T66/><D0/><U127/><E127/><V14/><F14/><W36/><G36/><T119/><D119/><U68/><E2/><V51/><F51/><W110/><G110/><T59/><D4/><AGARI ba="2,1" hai="4,11,13,38,41,44,76,77,79,85,91,92,112,114" machi="4" ten="40,1300,0" yaku="1,1,53,0" doraHai="61" doraHaiUra="16" who="3" fromWho="0" sc="398,-19,250,0,250,0,92,29" /><INIT seed="1,0,0,3,2,78" ten="379,250,250,121" oya="1" hai0="117,66,36,29,44,118,103,22,83,6,81,129,74" hai1="67,130,24,84,42,52,82,4,57,1,86,19,5" hai2="90,114,58,26,134,51,121,101,72,108,3,79,11" hai3="33,54,13,99,12,109,46,119,104,61,47,25,59"/><U27/><E130/><V50/><F121/><W128/><G109/><T69/><D6/><U120/><E120/><V110/><F134/><W10/><G128/><T16/><D129/><U63/><E42/><V34/><F90/><W73/><G73/><T96/><D74/><U18/><E1/><V124/><F101/><W40/><G119/><T55/><D29/><U115/><E115/><V76/><F114/><W30/><G104/><T70/><D69/><U98/><E98/><V127/><F3/><W39/><G99/><T123/><D123/><U28/><E67/><V0/><F0/><W8/><REACH who="3" step="1"/><G47/><REACH who="3" ten="379,250,250,111" step="2"/><T31/><D118/><U62/><E5/><V112/><F72/><W75/><G75/><T122/><D117/><U41/><E4/><V95/><F108/><W89/><G89/><T100/><D103/><U15/><E84/><V9/><F110/><W135/><G135/><T53/><D96/><U60/><E86/><V37/><F76/><W80/><G80/><T111/><D100/><U56/><E82/><V35/><F79/><W2/><G2/><T48/><D111/><U116/><E116/><V7/><F7/><W113/><G113/><T21/><D122/><U71/><E71/><V125/><F112/><W88/><G88/><T17/><D83/><U87/><E87/><V131/><F131/><W14/><AGARI ba="0,1" hai="8,10,12,13,14,25,30,33,39,40,46,54,59,61" machi="14" ten="30,4000,0" yaku="1,1,0,1,53,1" doraHai="78" doraHaiUra="38" who="3" fromWho="3" sc="379,-10,250,-20,250,-10,111,50" /><INIT seed="2,0,0,2,5,28" ten="369,230,240,161" oya="2" hai0="96,123,21,113,63,12,11,104,67,5,97,27,9" hai1="130,88,86,89,120,106,23,25,54,93,37,128,53" hai2="131,90,65,59,103,32,73,116,41,49,100,115,7" hai3="68,14,20,102,84,55,10,121,26,22,69,47,31"/><V99/><F115/><W1/><G121/><T58/><D113/><U19/><E106/><V132/><F116/><W77/><G102/><T64/><D123/><U133/><E37/><V119/><F119/><W95/><G1/><T36/><D36/><U72/><E72/><V35/><F73/><W81/><G95/><T111/><D111/><U40/><E40/><V122/><F122/><W71/><G55/><N who="0" m="34271" /><D104/><U105/><E105/><V38/><F7/><W82/><G47/><T124/><D11/><U42/><E42/><V34/><F132/><W125/><G125/><T135/><D135/><U6/><E6/><V17/><F17/><W78/><G10/><T15/><D12/><U118/><E118/><V87/><F99/><N who="0" m="37962" /><D124/><U101/><E101/><V3/><F3/><W110/><G110/><T29/><AGARI ba="0,0" hai="5,9,15,21,27,29,64,67" m="37962,34271" machi="29" ten="30,1100,0" yaku="8,1" doraHai="28" who="0" fromWho="0" sc="369,11,230,-3,240,-5,161,-3" /><INIT seed="3,0,0,4,4,134" ten="380,227,235,158" oya="3" hai0="49,87,60,86,62,72,26,132,10,0,5,61,79" hai1="109,51,55,40,112,1,16,133,116,15,117,73,28" hai2="81,118,128,77,17,93,126,84,67,29,53,43,121" hai3="66,54,103,30,95,135,12,52,21,75,124,108,90"/><W120/><G120/><T101/><D132/><U36/><E109/><V50/><F118/><N who="1" m="45673" /><E112/><V8/><F121/><W58/><G75/><T107/><D49/><U69/><E73/><V96/><F128/><W44/><G135/><T113/><D113/><U56/><E1/><V48/><F67/><W45/><G103/><T83/><REACH who="0" step="1"/><D26/><REACH who="0" ten="370,227,235,158" step="2"/><U39/><E133/><V14/><F48/><W99/><G108/><T97/><AGARI ba="0,1" hai="0,5,10,60,61,62,72,79,83,86,87,97,101,107" machi="97" ten="30,4000,0" yaku="1,1,2,1,0,1,53,0" doraHai="134" doraHaiUra="85" who="0" fromWho="0" sc="370,50,227,-10,235,-10,158,-20" /><INIT seed="4,0,0,2,1,68" ten="420,217,225,138" oya="0" hai0="1,29,94,18,14,126,78,97,84,4,101,102,74" hai1="135,103,76,5,90,82,46,12,99,98,124,31,26" hai2="6,105,131,7,111,40,91,80,128,42,95,75,55" hai3="114,125,34,118,108,62,23,47,133,24,3,110,66"/><T107/><D126/><U64/><E124/><V119/><F111/><W33/><G125/><T59/><D29/><U65/><E135/><V77/><F105/><W8/><G118/><T15/><D1/><U116/><E90/><V39/><F119/><W132/><G47/><T32/><D32/><N who="3" m="12393" /><G62/><T28/><D28/><U88/><E46/><N who="2" m="23839" /><F55/><W93/><G93/><T0/><D0/><U53/><E53/><V67/><F67/><W106/><G66/><T113/><D113/><U30/><E30/><V85/><F42/><W35/><G106/><T96/><D59/><U115/><E115/><V72/><F72/><W17/><G114/><T2/><D74/><U54/><E54/><V16/><F16/><N who="3" m="12391" /><G35/><T92/><D18/><U121/><E65/><V112/><F112/><W45/><G45/><T129/><D107/><U127/><E127/><V11/><F6/><N who="3" m="1119" /><G17/><T63/><D63/><U9/><E64/><V73/><F73/><W25/><G25/><T37/><D37/><U41/><E41/><V51/><F51/><W56/><G56/><T48/><D48/><U36/><E36/><V70/><F70/><W104/><G104/><T13/><D78/><U58/><E58/><V109/><F109/><AGARI ba="0,0" hai="108,109,110,132,133" m="1119,12391,12393" machi="109" ten="30,3900,0" yaku="34,2,54,1" doraHai="68" who="3" fromWho="2" sc="420,0,217,0,225,-39,138,39" /><INIT seed="5,0,0,1,0,1" ten="420,217,186,177" oya="1" hai0="11,134,58,22,130,85,127,39,84,98,26,71,30" hai1="104,133,102,16,132,10,105,28,7,42,48,78,81" hai2="60,34,107,115,63,95,64,45,119,24,59,70,15" hai3="135,120,27,57,109,101,62,79,61,86,19,55,123"/><U72/><E102/><V32/><F119/><W43/><G109/><T13/><D39/><U94/><E28/><V66/><F107/><W23/><G135/><N who="1" m="51786" /><E94/><V67/><F115/><W65/><G43/><T74/><D134/><U69/><E69/><V125/><F125/><W31/><G101/><T52/><D74/><U0/><E48/><V20/><F64/><W88/><G79/><T51/><D71/><U112/><E112/><V90/><F45/><W18/><G123/><T14/><D127/><U47/><E47/><V35/><F15/><W128/><G128/><T110/><D130/><U49/><E49/><V80/><F80/><W93/><REACH who="3" step="1"/><G120/><REACH who="3" ten="420,217,186,167" step="2"/><T126/><D126/><U33/><E42/><V68/><F68/><AGARI ba="0,1" hai="18,19,23,27,31,55,57,61,62,65,68,86,88,93" machi="68" ten="30,7700,0" yaku="1,1,2,1,7,1,54,1,53,0" doraHai="1" doraHaiUra="73" who="3" fromWho="2" sc="420,0,217,0,186,-77,167,87" /><INIT seed="6,0,0,2,4,96" ten="420,217,109,254" oya="2" hai0="89,87,94,113,107,15,37,25,41,64,43,79,56" hai1="110,78,35,19,16,38,61,109,18,91,9,5,49" hai2="119,27,29,80,124,111,44,69,97,73,112,121,0" hai3="54,68,33,30,77,60,84,133,14,22,126,63,117"/><V115/><F119/><W130/><G33/><T105/><D113/><N who="2" m="43594" /><F121/><W102/><G133/><T11/><D25/><U128/><E38/><V28/><F0/><W23/><G130/><T118/><D118/><U58/><E35/><V71/><F111/><W135/><G126/><T62/><D79/><U66/><E128/><V24/><F124/><W48/><G68/><N who="2" m="26185" /><F44/><W39/><G135/><T59/><D56/><U51/><E78/><N who="2" m="44111" /><F97/><W20/><G117/><T100/><D37/><U131/><E91/><V40/><F40/><W65/><G39/><T103/><D43/><U50/><REACH who="1" step="1"/><E131/><REACH who="1" ten="420,207,109,254" step="2"/><V125/><F125/><W134/><G134/><T7/><REACH who="0" step="1"/><D41/><REACH who="0" ten="410,207,109,254" step="2"/><U114/><E114/><V52/><F52/><W31/><G54/><T4/><D4/><U82/><E82/><V101/><F24/><W26/><G26/><T92/><D92/><U122/><E122/><V10/><F27/><W47/><G31/><N who="2" m="11849" /><F10/><W85/><G30/><T83/><D83/><U123/><E123/><V12/><F12/><AGARI ba="0,2" hai="5,9,12,16,18,19,49,50,51,58,61,66,109,110" machi="12" ten="40,2600,0" yaku="1,1,54,1,53,0" doraHai="96" doraHaiUra="81" who="1" fromWho="2" sc="410,0,207,46,109,-26,254,0" /><INIT seed="7,0,0,4,0,79" ten="410,253,83,254" oya="3" hai0="134,46,3,71,92,70,16,23,128,51,91,97,109" hai1="90,98,115,27,61,85,73,88,129,38,39,114,47" hai2="26,113,78,123,53,81,22,99,116,110,54,125,32" hai3="87,75,6,119,64,7,18,2,28,17,135,9,45"/><W15/><G75/><T117/><D109/><U50/><E73/><V127/><F110/><W107/><G107/><T101/><D3/><U121/><E121/><V65/><F116/><W52/><G119/><T30/><D117/><U8/><E129/><V60/><F123/><W104/><G104/><T29/><D128/><U120/><E120/><V55/><F99/><W13/><G64/><T37/><D134/><U93/><E61/><V21/><F32/><W67/><G67/><T58/><D101/><U83/><E27/><V68/><F26/><W124/><G124/><T126/><D126/><U131/><E8/><V132/><F132/><W118/><G2/><T84/><D84/><U69/><E69/><V76/><F125/><W63/><G28/><T100/><D100/><U82/><E82/><V48/><F127/><W130/><G130/><T10/><D10/><U24/><E24/><V66/><F53/><W36/><G36/><T106/><D106/><U122/><E122/><V112/><F60/><W56/><G118/><T44/><D44/><U35/><E35/><V77/><F77/><W74/><G45/><T1/><D1/><U14/><E14/><V40/><F68/><W62/><G62/><T42/><D71/><U96/><E96/><V72/><F72/><W105/><G74/><T31/><D70/><U49/><E131/><V33/><F33/><W80/><G105/><T111/><D111/><U89/><E89/><V20/><F20/><N who="3" m="11311" /><G135/><T19/><D23/><U59/><E47/><V25/><F76/><AGARI ba="0,0" hai="6,7,9,15,18,52,56,63,76,80,87" m="11311" machi="76" ten="30,5800,0" yaku="8,1,52,1,54,1" doraHai="79" who="3" fromWho="2" sc="410,0,253,0,83,-58,254,58" /><INIT seed="7,1,0,5,1,49" ten="410,253,25,312" oya="3" hai0="39,17,109,68,64,96,53,111,66,58,13,14,23" hai1="87,117,88,8,55,37,84,127,98,134,133,94,83" hai2="69,51,24,15,46,12,102,25,29,59,92,52,61" hai3="5,71,57,75,19,70,6,2,67,35,105,121,101"/><W100/><G121/><T124/><D39/><U131/><E37/><V116/><F116/><W122/><G122/><T7/><D124/><U50/><E117/><V54/><F69/><W26/><G75/><T33/><D33/><U47/><E127/><V112/><F112/><W93/><G105/><T99/><D111/><U132/><E131/><V118/><F118/><W73/><G73/><T107/><D68/><U63/><E8/><V30/><F102/><W72/><G72/><T114/><D114/><U126/><E126/><V78/><F78/><W56/><G2/><T9/><D109/><U21/><E21/><V76/><F76/><W123/><G123/><T115/><D115/><U28/><E28/><V36/><F36/><W97/><G35/><T91/><D91/><U74/><REACH who="1" step="1"/><E63/><REACH who="1" ten="410,243,25,312" step="2"/><V44/><F61/><N who="3" m="38311" /><G71/><T22/><D23/><U16/><E16/><V108/><F108/><W82/><G70/><T45/><D107/><U130/><E130/><V103/><F59/><W4/><G57/><T34/><D34/><U42/><E42/><V104/><F104/><W110/><G110/><T40/><D66/><U10/><E10/><V38/><F38/><W86/><G19/><T120/><D64/><U20/><E20/><V135/><F135/><W65/><G65/><T128/><D120/><U11/><E11/><V3/><F3/><W77/><G26/><T95/><D128/><U89/><E89/><AGARI ba="1,1" hai="4,5,6,77,82,86,89,93,97,100,101" m="38311" machi="89" ten="30,1500,0" yaku="8,1" doraHai="49" who="3" fromWho="1" sc="410,0,243,-18,25,0,312,28" /><INIT seed="7,2,0,5,0,48" ten="410,225,25,340" oya="3" hai0="49,30,20,80,31,27,1,28,4,0,5,35,101" hai1="75,59,43,12,82,53,78,56,135,32,52,55,67" hai2="132,66,29,96,85,126,2,39,34,120,54,58,83" hai3="70,73,36,74,114,127,102,97,3,110,90,13,129"/><W84/><G3/><N who="0" m="1099" /><D101/><U116/><E32/><V10/><F39/><W71/><G36/><T89/><D49/><U119/><E135/><V25/><F126/><W103/><G13/><T64/><D64/><U37/><E12/><V69/><F132/><W6/><G6/><N who="0" m="2667" /><D80/><U22/><E22/><V106/><F2/><W88/><G127/><T47/><D89/><U109/><E109/><V46/><F120/><W95/><G129/><T68/><D47/><N who="1" m="24047" /><E67/><V121/><F121/><W51/><G51/><T42/><D42/><U87/><E75/><N who="3" m="28682" /><G71/><T100/><D100/><N who="3" m="38441" /><G70/><T99/><D99/><U113/><E113/><V117/><F66/><W65/><G65/><T125/><D68/><U128/><E128/><V16/><F69/><W33/><G33/><T50/><D50/><U45/><E45/><V111/><F34/><W19/><G19/><N who="0" m="12703" /><D35/><U15/><E15/><V86/><F46/><W133/><G133/><T115/><D115/><U23/><E23/><V11/><F96/><W76/><G114/><T63/><D63/><U57/><E57/><V41/><F58/><W62/><G62/><T40/><D40/><U79/><E79/><V134/><F41/><W131/><G131/><T104/><D104/><U112/><E112/><V21/><F21/><W105/><G76/><T93/><D93/><U8/><E59/><V124/><F134/><W91/><G105/><T94/><D94/><U60/><E8/><V130/><F10/><W18/><G110/><T26/><D26/><U108/><E108/><V81/><F25/><W44/><G44/><T92/><D92/><U122/><E122/><RYUUKYOKU ba="2,0" sc="410,15,225,15,25,-15,340,-15" hai0="28,30,31,125" hai1="52,53,55,56,60,78,82,87,116,119" owari="425,52.0,240,-16.0,10,-49.0,325,13.0" /></mjloggm>