<mjloggm ver="2.3"><GO type="41" lobby="0"/><UN n0="%E2%93%9D%53%75%70%68%78" n1="%E3%82%AA%E3%83%AB%E3%82%AB%E3%82%BC" n2="%50%6D%61%6C%64%69%6E%69" n3="%70%6F%77%65%72%31%34%31" dan="18,15,14,15" rate="2153.19,2034.40,1929.20,2003.31" sx="M,M,M,M"/><TAIKYOKU oya="0"/><INIT seed="0,0,0,2,1,61" ten="250,250,250,250" oya="0" hai0="57,89,25,90,85,102,55,118,56,27,69,111,108" hai1="68,26,77,10,67,62,51,54,83,14,19,96,41" hai2="30,98,105,71,35,86,4,106,45,21,134,99,104" hai3="6,97,60,16,9,131,127,114,3,116,38,40,110"/><T11/><D69/><U119/><E119/><V87/><F35/><W42/><G114/><T132/><D118/><U80/><E96/><V91/><F71/><W112/><G112/><T74/><D74/><U47/><E77/><V39/><F4/><W43/><G116/><T76/><D102/><U133/><E133/><V72/><F134/><W100/><G131/><T33/><D132/><U65/><E26/><N who="0" m="9737" /><D33/><U13/><E13/><V79/><F30/><W107/><G110/><N who="0" m="42027" /><D11/><U20/><E10/><V88/><F21/><W129/><G127/><T59/><D55/><U128/><E128/><V78/><F45/><W44/><G129/><T31/><D31/><U7/><E7/><V109/><F39/><W15/><REACH who="3" step="1"/><G60/><REACH who="3" ten="250,250,250,240" step="2"/><T32/><D32/><U70/><E41/><V23/><F109/><W95/><G95/><T73/><D73/><U113/><E113/><V2/><F72/><W117/><G117/><T58/><N who="0" m="14592" /><DORA hai="49" /><T22/><D22/><U37/><E37/><V81/><F23/><W5/><G5/><T130/><D130/><U75/><E62/><V36/><F36/><W135/><G135/><T29/><D29/><U48/><E68/><V0/><F105/><W126/><G126/><T123/><D123/><U122/><E70/><V82/><AGARI ba="0,1" hai="0,2,78,79,81,82,86,87,88,91,98,99,104,106" machi="82" ten="25,6400,0" yaku="0,1,22,2,54,1" doraHai="61,49" who="2" fromWho="2" sc="250,-32,250,-16,250,74,240,-16" /><INIT seed="1,0,0,0,5,132" ten="218,234,324,224" oya="1" hai0="37,31,93,29,18,94,92,106,58,62,25,52,114" hai1="84,20,71,124,10,130,113,123,17,4,78,14,109" hai2="7,57,117,11,33,107,80,91,2,116,96,16,49" hai3="32,44,64,77,0,38,101,83,69,87,134,75,56"/><U60/><E123/><V102/><F33/><W125/><G134/><T59/><D106/><U66/><E113/><V15/><F57/><W35/><G0/><T3/><D114/><U112/><E112/><V46/><F91/><W99/><G125/><T97/><D37/><U19/><E130/><V129/><F80/><W131/><G131/><T73/><D73/><U26/><E124/><V89/><F89/><W54/><G75/><T126/><D3/><U42/><E42/><V108/><F108/><W82/><G83/><T122/><D126/><U24/><E109/><V55/><REACH who="2" step="1"/><F129/><REACH who="2" ten="218,234,314,224" step="2"/><W79/><G77/><T95/><D59/><U1/><E78/><V127/><F127/><W21/><G35/><T88/><D122/><U61/><E71/><V63/><F63/><W110/><G32/><T41/><D41/><U47/><E61/><V90/><F90/><W8/><G110/><T118/><D118/><U22/><E60/><V68/><F68/><W76/><G79/><T23/><AGARI ba="0,1" hai="18,23,25,29,31,52,58,62,88,92,93,94,95,97" machi="23" ten="30,12000,2" yaku="0,1,25,2,8,1,54,2" doraHai="132" who="0" fromWho="0" sc="218,130,234,-60,314,-30,224,-30" /><INIT seed="2,0,0,4,0,83" ten="348,174,284,194" oya="2" hai0="113,17,93,60,57,121,47,67,117,6,94,103,108" hai1="65,25,123,82,56,45,119,81,78,90,98,68,59" hai2="53,50,109,2,130,9,126,132,51,92,1,0,11" hai3="85,86,116,127,52,71,95,107,32,128,61,33,101"/><V91/><F132/><W18/><G116/><T96/><D113/><U79/><E119/><V20/><F126/><W115/><G115/><T88/><D117/><U125/><E125/><V70/><F70/><W27/><G127/><T77/><D108/><U72/><E123/><V43/><F130/><W102/><G128/><T84/><D121/><U114/><E114/><V97/><F109/><W80/><G71/><T26/><D6/><U7/><E68/><V5/><F20/><N who="3" m="13719" /><G107/><T4/><D4/><U110/><E110/><V134/><F134/><W105/><G105/><T30/><D47/><U106/><E7/><V63/><F9/><W3/><G3/><T75/><D17/><U112/><E112/><V46/><REACH who="2" step="1"/><F63/><REACH who="2" ten="348,174,274,194" step="2"/><W12/><G61/><T135/><D135/><U124/><E124/><V54/><F54/><W41/><G33/><T28/><D26/><U58/><E25/><V22/><F22/><W131/><G32/><T13/><D13/><U129/><E129/><V14/><F14/><W21/><G131/><T55/><D55/><U42/><E65/><V40/><F40/><W36/><G41/><T89/><D67/><U69/><E69/><V15/><F15/><W64/><G52/><T44/><D60/><U24/><E24/><V133/><F133/><W16/><G64/><T111/><D111/><U48/><E42/><V49/><F49/><W87/><G36/><T118/><D118/><U122/><E48/><V120/><F120/><W39/><G39/><T38/><D38/><U66/><E66/><V10/><F10/><W31/><G12/><T73/><D30/><RYUUKYOKU ba="0,1" sc="348,-10,174,-10,274,30,194,-10" hai2="0,1,2,5,11,43,46,50,51,53,91,92,97" /><INIT seed="2,1,1,2,0,113" ten="338,164,304,184" oya="2" hai0="27,109,49,18,87,99,6,33,120,92,0,47,131" hai1="35,103,97,4,128,115,64,59,12,98,83,132,105" hai2="70,10,28,11,65,73,31,45,39,116,63,13,29" hai3="91,94,95,122,86,38,21,89,107,129,82,75,79"/><V42/><F73/><W2/><G38/><T110/><D120/><U72/><E115/><V78/><F78/><W24/><G2/><T133/><D131/><U127/><E128/><V101/><F101/><W30/><G122/><T118/><D133/><U81/><E132/><V16/><REACH who="2" step="1"/><F11/><REACH who="2" ten="338,164,294,184" step="2"/><W19/><G129/><T3/><D110/><U9/><E72/><V53/><F53/><W44/><G107/><T15/><D109/><U34/><E127/><V104/><F104/><W62/><G30/><T52/><D52/><U121/><E121/><V76/><F76/><W85/><G44/><T1/><D47/><U126/><E103/><V20/><F20/><W130/><G130/><T48/><D33/><U8/><E35/><V67/><F67/><W90/><G90/><T96/><D3/><U108/><E34/><V69/><F69/><W43/><REACH who="3" step="1"/><G43/><REACH who="3" ten="338,164,294,174" step="2"/><T5/><D1/><U135/><E105/><V61/><F61/><AGARI ba="1,3" hai="19,21,24,61,62,75,79,82,85,86,89,91,94,95" machi="61" ten="40,8000,1" yaku="1,1,2,1,9,1,53,1" doraHai="113" doraHaiUra="17" who="3" fromWho="2" sc="338,0,164,0,294,-83,174,113" /><INIT seed="3,0,0,3,4,12" ten="338,164,211,287" oya="3" hai0="48,0,67,80,5,63,110,10,97,121,44,1,69" hai1="124,91,29,11,6,16,125,112,122,119,30,75,4" hai2="74,22,33,77,85,23,62,28,9,46,120,14,26" hai3="118,17,53,115,127,36,109,92,41,61,40,27,132"/><W57/><G118/><T35/><D121/><U131/><E75/><V105/><F74/><W60/><G115/><T99/><D35/><U64/><E64/><V84/><F120/><W89/><G127/><N who="1" m="48714" /><E91/><V49/><F105/><W135/><G109/><T19/><D1/><U76/><E76/><V54/><F62/><W113/><G113/><T129/><D129/><U38/><E38/><V117/><F117/><W32/><G36/><T79/><D110/><U51/><E51/><V83/><REACH who="2" step="1"/><F85/><REACH who="2" ten="338,164,201,287" step="2"/><W13/><G61/><T72/><D63/><U111/><E122/><V81/><F81/><W15/><G135/><T56/><D80/><U47/><E119/><V87/><F87/><N who="3" m="52287" /><G132/><T2/><D72/><U58/><E112/><V66/><F66/><W3/><G32/><T82/><D82/><U70/><E111/><V98/><F98/><W42/><G3/><T8/><D99/><U107/><E107/><V68/><F68/><W34/><G34/><T50/><D97/><U21/><E70/><V86/><F86/><W71/><G71/><T59/><D69/><U103/><E131/><V106/><F106/><W37/><G37/><T130/><D130/><U133/><E133/><V90/><F90/><W43/><N who="3" m="10240" /><DORA hai="73" /><W52/><G53/><T20/><D67/><U134/><E134/><V94/><F94/><W39/><G39/><T128/><D128/><U45/><E103/><V100/><F100/><W126/><G126/><T96/><D96/><U31/><E45/><V95/><F95/><W24/><G24/><N who="0" m="14367" /><D44/><U25/><E47/><V114/><F114/><W18/><G27/><RYUUKYOKU ba="0,1" sc="338,-15,164,-15,201,15,287,15" hai2="9,14,22,23,26,28,33,46,49,54,77,83,84" hai3="13,15,17,18,52,57,60" /><INIT seed="3,1,1,4,0,83" ten="323,149,216,302" oya="3" hai0="50,124,100,41,12,104,111,96,61,67,55,75,52" hai1="59,46,92,32,4,94,117,95,102,54,72,118,81" hai2="56,80,103,135,84,115,112,97,87,30,89,62,42" hai3="25,45,107,101,44,134,120,90,6,28,99,130,98"/><W8/><G120/><T125/><D75/><U40/><E32/><V7/><F135/><W71/><G71/><N who="0" m="42479" /><D111/><U82/><E4/><V68/><F68/><W22/><G130/><T21/><D41/><U14/><E14/><V93/><F42/><W39/><G134/><T128/><D50/><U109/><E109/><V79/><F7/><W37/><G98/><T20/><D128/><U69/><E69/><V49/><F49/><W18/><G90/><T73/><D73/><U77/><E102/><V110/><F30/><W74/><G74/><T116/><D116/><U3/><E3/><V2/><F2/><W121/><G121/><T86/><D86/><U88/><E81/><V15/><F15/><W105/><G107/><T106/><D106/><U24/><E24/><V60/><F110/><W70/><G70/><T65/><D65/><U29/><E29/><V123/><F123/><W9/><G6/><T43/><D43/><U23/><E117/><V66/><REACH who="2" step="1"/><F60/><REACH who="2" ten="323,149,206,302" step="2"/><W10/><REACH who="3" step="1"/><G18/><REACH who="3" ten="323,149,206,292" step="2"/><T0/><D0/><U33/><E118/><V129/><F129/><W47/><AGARI ba="1,3" hai="8,9,10,22,25,28,37,39,44,45,47,99,101,105" machi="47" ten="30,11700,0" yaku="1,1,2,1,0,1,53,1" doraHai="83" doraHaiUra="16" who="3" fromWho="3" sc="323,-40,149,-40,206,-40,292,150" /><INIT seed="3,2,0,3,2,124" ten="283,109,166,442" oya="3" hai0="127,4,98,37,76,28,52,49,111,29,50,32,7" hai1="78,100,26,82,92,134,33,95,66,91,46,115,116" hai2="86,81,107,88,131,64,84,99,94,62,73,21,17" hai3="35,18,110,71,63,61,3,9,58,119,77,133,13"/><W43/><G119/><T48/><D37/><U104/><E116/><V93/><F131/><W42/><G133/><T87/><D111/><U36/><E115/><V15/><F107/><W123/><G123/><T125/><D98/><U90/><E134/><V31/><F73/><W8/><G110/><T2/><D87/><U101/><E66/><V108/><F108/><W14/><G35/><T118/><D118/><U0/><E0/><V129/><F129/><W68/><G3/><T67/><D67/><U75/><E46/><V96/><F31/><N who="0" m="11850" /><D76/><U40/><E26/><V20/><F20/><W1/><G1/><T72/><D72/><U114/><E40/><V89/><REACH who="2" step="1"/><F81/><REACH who="2" ten="283,109,156,442" step="2"/><W106/><G106/><T117/><D117/><U130/><E33/><V122/><F122/><W41/><G77/><T97/><D32/><U83/><E130/><V120/><F120/><W128/><G128/><T79/><D79/><N who="1" m="44415" /><E114/><V47/><F47/><W109/><G109/><T34/><D34/><U22/><E22/><V30/><F30/><W25/><G25/><T24/><D24/><U65/><E104/><V19/><F19/><W60/><REACH who="3" step="1"/><G58/><AGARI ba="2,1" hai="15,17,21,58,62,64,84,86,88,89,93,94,96,99" machi="58" ten="30,8000,1" yaku="1,1,7,1,9,1,8,1,54,1,53,0" doraHai="124" doraHaiUra="121" who="2" fromWho="3" sc="283,0,109,0,156,96,442,-86" /><INIT seed="4,0,0,0,2,92" ten="283,109,252,356" oya="0" hai0="99,3,93,128,87,71,86,47,125,43,119,112,75" hai1="91,24,133,18,22,41,76,12,74,94,46,62,4" hai2="100,101,21,28,25,78,65,123,96,80,82,63,110" hai3="31,6,29,97,68,48,134,5,88,79,44,126,52"/><T36/><D119/><U107/><E107/><V103/><F110/><W23/><G126/><T32/><D75/><U20/><E133/><V37/><F37/><W113/><G68/><T64/><D3/><U58/><E76/><V85/><F123/><W54/><G113/><T129/><D32/><U19/><E74/><V27/><F27/><N who="3" m="16639" /><G134/><T111/><D112/><U15/><E4/><N who="3" m="1642" /><G31/><T108/><D64/><U7/><E7/><V104/><REACH who="2" step="1"/><F82/><REACH who="2" ten="283,109,242,356" step="2"/><W34/><G34/><T70/><D125/><U56/><E24/><V130/><F130/><N who="0" m="50282" /><D71/><AGARI ba="0,1" hai="21,25,28,63,65,71,78,80,85,96,100,101,103,104" machi="71" ten="30,12000,2" yaku="1,1,7,1,52,1,53,3" doraHai="92" doraHaiUra="98" who="2" fromWho="0" sc="283,-120,109,0,242,130,356,0" /><INIT seed="5,0,0,0,2,77" ten="163,109,372,356" oya="1" hai0="93,95,69,115,23,20,43,65,127,14,111,61,135" hai1="102,87,7,51,17,81,88,122,45,11,8,52,64" hai2="75,5,118,22,1,104,39,19,60,134,6,109,56" hai3="113,106,9,53,29,85,100,0,57,16,4,33,92"/><U50/><E122/><V97/><F118/><W41/><G113/><T30/><D111/><U35/><E35/><V76/><F39/><W123/><G123/><T74/><D74/><U84/><E64/><V130/><F1/><W80/><G41/><T117/><D135/><U42/><E102/><V48/><F109/><W114/><G114/><T58/><D127/><U121/><E121/><V107/><F48/><W36/><G36/><T105/><D105/><U55/><E17/><V89/><F130/><W99/><G16/><T25/><D117/><U32/><E32/><V90/><F76/><W78/><G106/><T62/><D43/><U126/><E126/><V34/><F75/><W38/><G38/><T27/><D14/><N who="1" m="5407" /><E11/><V13/><F34/><W132/><G132/><T116/><D115/><U28/><E28/><V66/><F134/><W3/><G29/><T72/><D72/><U44/><E84/><V18/><F18/><W68/><G68/><T112/><D116/><U37/><E37/><V82/><F90/><W129/><G129/><T110/><D112/><U26/><E26/><V73/><F97/><W120/><G33/><T98/><D110/><U15/><E15/><V119/><F119/><W71/><G71/><T10/><D10/><U67/><E67/><V103/><F103/><W47/><G120/><T128/><D128/><U94/><E42/><V108/><F108/><W79/><G0/><T63/><D69/><U59/><E44/><V40/><F40/><W86/><G47/><T124/><D124/><U91/><E91/><V83/><F104/><W96/><G3/><RYUUKYOKU ba="0,0" sc="163,-10,109,30,372,-10,356,-10" hai1="45,50,51,52,55,59,81,87,88,94" /><INIT seed="5,1,0,1,1,6" ten="153,139,362,346" oya="1" hai0="113,4,68,28,116,100,56,9,63,58,67,36,83" hai1="122,35,16,89,53,79,103,37,29,12,41,40,57" hai2="99,27,86,0,73,115,74,132,61,93,88,131,13" hai3="117,43,81,101,123,62,91,111,127,30,120,22,8"/><U49/><E122/><V92/><F0/><W25/><G111/><T20/><D116/><U130/><E79/><V105/><F132/><W31/><G117/><T98/><D36/><U1/><E1/><V129/><F105/><W46/><G127/><T21/><D113/><U38/><E103/><V96/><F27/><W15/><G101/><T134/><D134/><U107/><E107/><V85/><F61/><W128/><G62/><T5/><D5/><U104/><E104/><V66/><F66/><W2/><G128/><N who="2" m="49225" /><F13/><W48/><G2/><T126/><D126/><U39/><E130/><V125/><F115/><W10/><G31/><T65/><D28/><U112/><E112/><V90/><F125/><W55/><G43/><T97/><D68/><U84/><E29/><V60/><F60/><W23/><G123/><T34/><D34/><U75/><E75/><AGARI ba="1,0" hai="73,74,75,85,86,88,90,92,93,96,99" m="49225" machi="75" ten="30,7700,0" yaku="19,1,34,2,54,1" doraHai="6" who="2" fromWho="1" sc="153,0,139,-80,362,80,346,0" /><INIT seed="6,0,0,0,5,93" ten="153,59,442,346" oya="2" hai0="58,112,62,43,102,50,80,127,28,116,55,10,53" hai1="54,100,119,113,46,51,40,17,64,2,83,78,114" hai2="29,75,38,111,103,101,12,22,95,99,48,94,68" hai3="115,25,1,34,35,3,0,6,47,63,24,91,71"/><V121/><F38/><W49/><G49/><T14/><D112/><U89/><E119/><V122/><F111/><W16/><G47/><T77/><D127/><U120/><E120/><V132/><F132/><W125/><G63/><T57/><D116/><U23/><E2/><N who="3" m="1130" /><G71/><T9/><D28/><U39/><E100/><V60/><F75/><W85/><G85/><N who="0" m="48271" /><D102/><U42/><E64/><V67/><F48/><W59/><G91/><T118/><D118/><U7/><E7/><V109/><F109/><W87/><G59/><T126/><D126/><U97/><E78/><V92/><F12/><W128/><G87/><T106/><D106/><U117/><E117/><V110/><F110/><W98/><G98/><T82/><D43/><U76/><E76/><V124/><F124/><W81/><G81/><T133/><D133/><U19/><E83/><V66/><F66/><W31/><G125/><T32/><D82/><U107/><E107/><V134/><F134/><W108/><G128/><T37/><D37/><U5/><E5/><V88/><F101/><W26/><G108/><T90/><D32/><N who="3" m="12329" /><G115/><N who="1" m="44042" /><E39/><V11/><F94/><W123/><G123/><T73/><D73/><U84/><E84/><V8/><F121/><W30/><G16/><N who="1" m="6218" /><E23/><V41/><F122/><W52/><G52/><T15/><D90/><U45/><E45/><V70/><F41/><W61/><G61/><T13/><AGARI ba="0,0" hai="9,10,13,14,15,50,53,55,57,58,62" m="48271" machi="13" ten="30,1100,0" yaku="8,1" doraHai="93" who="0" fromWho="0" sc="153,11,59,-3,442,-5,346,-3" /><INIT seed="7,0,0,1,2,74" ten="164,56,437,343" oya="3" hai0="12,16,96,116,27,2,125,20,114,106,77,21,122" hai1="110,46,126,23,37,62,90,89,104,36,58,6,84" hai2="0,48,75,33,124,35,32,79,67,69,56,22,78" hai3="53,107,38,88,111,31,14,57,10,131,9,72,55"/><W92/><G111/><T94/><D116/><U117/><E110/><V112/><F75/><W11/><G131/><T98/><D122/><U123/><E117/><V66/><F69/><W103/><G38/><T91/><D2/><U29/><E123/><V102/><F0/><W54/><G72/><T8/><D125/><U68/><E126/><V7/><F7/><W108/><G108/><T61/><D114/><U109/><E109/><V99/><F124/><W45/><G31/><T44/><D77/><U118/><E118/><V52/><F112/><W18/><G103/><T51/><D61/><U115/><E104/><V64/><REACH who="2" step="1"/><F22/><REACH who="2" ten="164,56,427,343" step="2"/><N who="3" m="11607" /><G107/><AGARI ba="0,1" hai="32,33,35,48,52,56,64,66,67,78,79,99,102,107" machi="107" ten="50,8000,1" yaku="1,1,52,2,54,1,53,1" doraHai="74" doraHaiUra="49" who="2" fromWho="3" sc="164,0,56,0,427,90,343,-80" owari="164,-24.0,56,-44.0,517,62.0,263,6.0" /></mjloggm>