<mjloggm ver="2.3"><GO type="41" lobby="0"/><UN n0="%73%68%65%76%61%37" n1="%E3%83%8E%E3%82%AA%E3%83%81%E3%83%A3%E3%83%99%E3%82%B9" n2="%E2%93%9D%53%75%70%68%78" n3="%32%32%34%34" dan="14,14,17,14" rate="1943.47,2032.72,2056.35,1938.98" sx="M,M,M,M"/><TAIKYOKU oya="0"/><INIT seed="0,0,0,4,2,57" ten="250,250,250,250" oya="0" hai0="133,128,38,33,85,20,78,83,4,121,125,15,65" hai1="68,99,101,132,74,134,58,100,112,63,92,80,126" hai2="91,3,16,24,62,105,122,64,84,108,51,32,107" hai3="109,22,60,31,36,86,96,81,9,124,117,67,120"/><T29/><D121/><U46/><E68/><V59/><F3/><W55/><G117/><T28/><D38/><U2/><E2/><V66/><F122/><W10/><G36/><T110/><D33/><U54/><E126/><V75/><F75/><W131/><G109/><T12/><D125/><U61/><E112/><V114/><F114/><W14/><G124/><T42/><D128/><U6/><E6/><V104/><F108/><W13/><G131/><T49/><D133/><N who="1" m="51307" /><E46/><V73/><F73/><W77/><G96/><T118/><D118/><U88/><E63/><V44/><F66/><W27/><G55/><T98/><D65/><U47/><E47/><V30/><F16/><W18/><G13/><T5/><D110/><U97/><E97/><V82/><REACH who="2" step="1"/><F107/><REACH who="2" ten="250,250,240,250" step="2"/><W76/><G120/><T95/><D28/><U102/><E74/><V89/><F89/><W40/><G76/><T116/><D116/><U19/><E19/><V56/><F56/><W119/><G119/><T115/><D115/><U8/><E8/><V45/><F45/><W135/><G135/><T11/><D29/><U39/><E39/><V25/><F25/><W34/><REACH who="3" step="1"/><G40/><AGARI ba="0,1" hai="24,30,32,40,44,51,59,62,64,82,84,91,104,105" machi="40" ten="30,7700,0" yaku="1,1,7,1,52,1,53,1" doraHai="57" doraHaiUra="37" who="2" fromWho="3" sc="250,0,250,0,240,87,250,-77" /><INIT seed="1,0,0,5,0,112" ten="250,250,327,173" oya="1" hai0="52,89,8,92,119,17,15,109,122,57,93,22,16" hai1="76,80,37,71,98,85,101,59,42,58,107,110,53" hai2="135,5,102,95,117,46,26,35,18,129,82,88,116" hai3="62,0,6,31,66,14,20,38,115,55,33,45,105"/><U63/><E71/><V79/><F5/><W56/><G105/><T34/><D109/><U103/><E110/><V130/><F46/><W47/><G33/><T23/><D122/><U3/><E3/><V39/><F39/><W113/><G0/><T13/><D34/><U81/><E42/><V7/><F7/><W127/><G127/><T32/><D32/><U64/><E37/><V118/><F18/><W124/><G124/><T1/><D1/><U50/><E81/><V111/><F135/><W106/><G106/><T41/><D41/><U97/><REACH who="1" step="1"/><E107/><REACH who="1" ten="250,240,327,173" step="2"/><V12/><F111/><W9/><G38/><T21/><D93/><U87/><E87/><V73/><F118/><W43/><G43/><T25/><D25/><U133/><E133/><V125/><F125/><W68/><G115/><T11/><D119/><U60/><E60/><V65/><F117/><W44/><G113/><T90/><D92/><U123/><E123/><V75/><F116/><W104/><G104/><T99/><D99/><AGARI ba="0,1" hai="50,53,58,59,63,64,76,80,85,97,98,99,101,103" machi="99" ten="40,3900,0" yaku="1,1,8,1,53,0" doraHai="112" doraHaiUra="28" who="1" fromWho="0" sc="250,-39,240,49,327,0,173,0" /><INIT seed="1,1,0,5,4,106" ten="211,289,327,173" oya="1" hai0="8,118,75,107,122,78,89,32,23,120,10,58,115" hai1="62,98,36,33,80,55,91,85,24,59,38,95,71" hai2="128,21,113,66,57,16,127,5,96,86,116,2,63" hai3="13,9,133,81,105,94,64,48,77,7,22,135,111"/><U129/><E129/><V44/><F116/><W1/><G105/><T84/><D32/><U109/><E71/><V26/><F128/><W6/><G111/><T17/><D107/><U92/><E92/><V29/><F127/><W72/><G64/><T60/><D115/><U4/><E109/><V37/><F113/><W102/><G48/><T30/><D30/><U131/><E131/><V101/><F86/><W47/><G47/><T114/><D118/><U45/><E4/><V79/><F79/><W99/><G22/><T68/><D68/><U35/><E45/><V124/><F124/><W90/><G1/><T52/><D114/><U3/><E3/><V83/><F83/><W93/><G135/><T53/><D53/><U61/><E62/><V108/><F108/><W110/><G133/><T132/><D132/><U56/><E56/><V11/><F44/><W14/><G110/><T74/><D10/><U31/><REACH who="1" step="1"/><E35/><REACH who="1" ten="211,279,327,173" step="2"/><V40/><F57/><W123/><G123/><N who="0" m="47147" /><D8/><U69/><E69/><V54/><F11/><W104/><G13/><N who="0" m="9647" /><D78/><AGARI ba="1,1" hai="24,31,33,36,38,55,59,61,78,80,85,91,95,98" machi="78" ten="30,5800,0" yaku="1,1,7,1,53,1" doraHai="106" doraHaiUra="88" who="1" fromWho="0" sc="211,-61,279,71,327,0,173,0" /><INIT seed="1,2,0,0,1,102" ten="150,350,327,173" oya="1" hai0="66,109,60,108,130,132,2,53,99,87,88,85,58" hai1="70,39,48,71,22,117,107,43,69,44,124,7,57" hai2="103,86,98,73,49,82,51,95,0,27,92,113,21" hai3="61,13,9,42,31,3,30,110,81,94,78,111,36"/><U100/><E117/><V26/><F113/><W29/><G3/><T75/><D2/><U76/><E124/><V119/><F119/><W133/><G133/><T12/><D75/><U55/><E76/><V16/><F0/><W25/><G61/><T19/><D132/><U74/><E74/><V20/><F95/><W63/><G63/><T28/><D28/><U52/><E7/><V56/><F56/><W121/><G121/><T14/><D130/><U128/><E22/><V96/><F96/><W135/><G135/><T83/><D85/><U126/><E126/><V54/><F54/><W38/><G94/><T37/><D37/><U62/><E100/><V8/><F8/><W46/><G25/><T4/><D4/><U5/><E5/><V120/><F120/><W23/><G23/><T89/><D66/><U125/><E125/><V80/><F73/><W6/><G38/><T17/><D109/><U10/><E10/><V67/><F67/><W65/><G65/><T1/><D108/><N who="3" m="41513" /><G31/><T33/><D33/><U47/><E107/><V115/><F115/><W91/><G91/><T72/><D72/><AGARI ba="2,0" hai="6,9,13,29,30,36,42,46,72,78,81" m="41513" machi="72" ten="30,1000,0" yaku="14,1" doraHai="102" who="3" fromWho="0" sc="150,-16,350,0,327,0,173,16" /><INIT seed="2,0,0,2,0,55" ten="134,350,327,189" oya="2" hai0="125,132,97,48,110,71,120,134,82,34,76,16,44" hai1="126,18,62,33,113,53,15,66,59,83,56,63,46" hai2="38,77,80,4,100,129,14,99,47,127,0,58,70" hai3="107,130,50,89,9,52,60,11,91,117,96,122,98"/><V23/><F70/><W67/><G122/><T112/><D34/><U28/><E126/><V73/><F129/><W95/><G130/><T94/><D71/><U29/><E113/><V78/><F78/><W21/><G117/><T37/><D120/><U42/><E33/><V79/><F79/><W2/><G2/><T86/><D37/><U123/><E83/><V116/><F127/><W105/><G21/><T101/><D125/><U19/><E123/><V92/><F116/><W43/><G43/><T68/><D68/><U3/><E3/><V41/><F14/><W25/><G25/><T61/><D112/><U118/><E19/><V36/><F23/><W108/><G108/><T10/><D110/><U32/><E32/><V8/><F58/><W131/><G131/><T17/><D61/><U45/><E118/><V85/><REACH who="2" step="1"/><F38/><REACH who="2" ten="134,350,317,189" step="2"/><W74/><G74/><AGARI ba="0,1" hai="0,4,8,36,41,47,73,74,77,80,85,92,99,100" machi="74" ten="40,3900,0" yaku="1,1,2,1,53,0" doraHai="55" doraHaiUra="57" who="2" fromWho="3" sc="134,0,350,0,317,49,189,-39" /><INIT seed="2,1,0,3,4,38" ten="134,350,366,150" oya="2" hai0="7,75,55,63,34,132,20,116,104,106,37,0,92" hai1="76,21,25,77,45,12,126,109,13,64,9,95,69" hai2="40,115,28,50,123,121,27,8,33,24,90,71,51" hai3="98,97,39,127,85,56,6,74,79,44,93,73,94"/><V120/><F115/><W80/><G6/><T78/><D34/><U35/><E35/><V72/><F72/><N who="3" m="27755" /><G56/><T66/><D132/><U70/><E109/><V19/><F71/><W83/><G44/><T59/><D116/><U135/><E135/><V42/><F90/><N who="3" m="51495" /><G39/><T31/><D92/><N who="3" m="35433" /><G127/><T46/><D20/><U4/><E126/><V29/><F19/><W43/><G43/><N who="0" m="22895" /><D31/><U68/><E64/><V30/><F8/><W53/><G53/><T58/><D58/><U111/><E111/><V122/><F122/><W23/><G23/><T96/><D96/><U67/><E67/><V62/><F33/><W91/><G91/><T117/><D117/><U1/><E95/><V49/><F62/><W119/><G119/><T107/><D107/><U114/><E45/><V32/><F32/><W2/><G2/><T10/><D66/><U130/><E114/><V105/><F105/><W124/><G124/><T89/><D89/><U108/><E108/><V60/><F60/><W61/><G61/><T100/><D104/><U48/><E48/><V15/><F15/><W16/><G16/><T47/><D47/><U65/><E65/><V87/><F87/><AGARI ba="1,0" hai="79,83,87,97,98" m="35433,51495,27755" machi="87" ten="30,8000,1" yaku="35,5" doraHai="38" who="3" fromWho="2" sc="134,0,350,0,366,-83,150,83" /><INIT seed="3,0,0,3,0,29" ten="134,350,283,233" oya="3" hai0="109,57,101,14,82,55,47,9,42,121,71,24,96" hai1="99,19,0,92,48,34,119,26,110,40,131,44,22" hai2="3,93,27,23,5,36,107,120,133,6,108,127,41" hai3="18,52,28,114,61,124,103,25,98,126,134,111,63"/><W31/><G114/><T21/><D71/><U129/><E0/><V123/><F107/><W88/><G134/><T78/><D121/><N who="2" m="46666" /><F41/><W83/><G111/><T75/><D109/><U91/><E110/><V68/><F108/><W102/><G18/><T95/><D14/><U105/><E105/><V38/><F127/><N who="3" m="48683" /><G28/><T35/><D9/><U10/><E10/><V117/><F68/><W87/><G98/><T86/><D35/><U45/><E119/><V70/><F70/><W72/><G72/><T112/><D112/><U113/><E113/><V73/><F73/><W17/><G17/><T15/><D15/><U89/><E34/><V4/><F117/><W125/><N who="3" m="48691" /><W106/><DORA hai="60" /><G106/><T104/><D75/><U80/><E45/><V79/><F3/><W62/><G52/><T116/><D116/><U7/><E7/><V33/><F6/><W12/><G12/><T32/><D32/><AGARI ba="0,0" hai="25,31,32,61,62,63,83,87,88,102,103" m="48691" machi="32" ten="40,7700,0" yaku="18,1,52,1,54,1" doraHai="29,60" who="3" fromWho="0" sc="134,-77,350,0,283,0,233,77" /><INIT seed="3,1,0,3,1,76" ten="57,350,283,310" oya="3" hai0="89,13,15,60,77,11,16,10,7,31,58,28,63" hai1="64,114,121,74,20,81,92,44,83,33,52,135,70" hai2="3,6,54,104,34,126,125,95,21,59,27,39,29" hai3="113,18,119,134,133,80,61,122,22,129,23,35,90"/><W5/><G122/><T102/><D102/><U71/><E74/><V85/><F104/><W103/><G119/><T107/><D107/><U111/><E33/><V38/><F34/><W4/><G103/><T97/><D77/><U118/><E121/><V56/><F6/><W79/><G90/><T94/><REACH who="0" step="1"/><D60/><REACH who="0" ten="47,350,283,310" step="2"/><U0/><E118/><V24/><F126/><W43/><G61/><T14/><D14/><U75/><E0/><V48/><F3/><W42/><G129/><T8/><D8/><U91/><E91/><V66/><F125/><W40/><G113/><T19/><D19/><U132/><E114/><V50/><F27/><W115/><G115/><T108/><D108/><U131/><E111/><V128/><F128/><W9/><G9/><T72/><D72/><U55/><E75/><V41/><F24/><W26/><G35/><T116/><D116/><U110/><E110/><V51/><F21/><W65/><G22/><T49/><D49/><U78/><E20/><V127/><F51/><W45/><G5/><T109/><D109/><U99/><E78/><V123/><F127/><W36/><G4/><T46/><D46/><U73/><E44/><V124/><F124/><W112/><G112/><T101/><D101/><U2/><E73/><V100/><F100/><W96/><G45/><T37/><D37/><U32/><E32/><V68/><F39/><W86/><G36/><T62/><D62/><U57/><E131/><V53/><F38/><W106/><BYE who="0" /><G65/><T17/><D17/><U93/><E64/><V117/><F117/><W88/><G106/><T87/><D87/><RYUUKYOKU ba="1,1" sc="47,15,350,-15,283,-15,310,15" hai0="7,10,11,13,15,16,28,31,58,63,89,94,97" hai3="18,23,26,40,42,43,79,80,86,88,96,133,134" /><UN n0="%73%68%65%76%61%37" /><INIT seed="3,2,1,4,3,46" ten="62,335,268,325" oya="3" hai0="69,42,11,67,106,32,19,135,57,75,124,33,39" hai1="132,24,34,23,27,48,92,55,93,104,13,126,16" hai2="109,35,110,66,91,15,100,84,56,9,134,18,8" hai3="5,72,20,105,45,130,101,117,78,30,52,123,36"/><W28/><G123/><T14/><D75/><U73/><E104/><V114/><F114/><W127/><G117/><T82/><D106/><U21/><E73/><V40/><F35/><W70/><G70/><T61/><D124/><U112/><E112/><V65/><F100/><W120/><G120/><T128/><D128/><U122/><E122/><V6/><F40/><W95/><G127/><T119/><D135/><U77/><E126/><V59/><F134/><W41/><G5/><T7/><D119/><U60/><E132/><V1/><F59/><W89/><G130/><T103/><D103/><U54/><E77/><V47/><F47/><W83/><G20/><T37/><D82/><U31/><E55/><V58/><F58/><W62/><G62/><T4/><D4/><U26/><E60/><V96/><F96/><W50/><G105/><T121/><D121/><U29/><E27/><V25/><F25/><W68/><G68/><T113/><D39/><U88/><E88/><V22/><F22/><W49/><G36/><T38/><D37/><U12/><E13/><V43/><F43/><W0/><G0/><T2/><D113/><U79/><E79/><V71/><F56/><AGARI ba="2,1" hai="12,16,21,23,24,26,29,31,34,48,54,56,92,93" machi="56" ten="30,3900,0" yaku="7,1,52,1,54,1" doraHai="46" who="1" fromWho="2" sc="62,0,335,55,268,-45,325,0" /><INIT seed="4,0,0,5,3,119" ten="62,390,223,325" oya="0" hai0="135,22,1,118,32,111,57,110,54,129,65,121,106" hai1="47,131,52,62,5,101,107,87,128,29,78,94,108" hai2="60,134,35,69,125,130,46,16,31,19,103,13,48" hai3="105,11,27,59,12,30,38,7,70,100,14,26,117"/><T112/><RYUUKYOKU type="yao9" ba="0,0" sc="62,0,390,0,223,0,325,0" hai0="1,22,32,54,57,65,106,110,111,112,118,121,129,135" /><INIT seed="4,1,0,3,4,9" ten="62,390,223,325" oya="0" hai0="115,64,68,66,86,99,5,121,38,50,123,119,37" hai1="92,61,25,4,107,1,81,95,120,88,52,65,74" hai2="85,135,83,7,94,41,114,71,59,113,28,124,112" hai3="31,102,90,103,105,55,46,100,130,72,43,23,56"/><T116/><D99/><U48/><E120/><N who="0" m="46153" /><D86/><U11/><E107/><V93/><F71/><W32/><G32/><T0/><D5/><U129/><E25/><V40/><F135/><W108/><G72/><T6/><D6/><U21/><E21/><V128/><F128/><W17/><G130/><T89/><D89/><U77/><E129/><V60/><F124/><W10/><G10/><T67/><D0/><U42/><E42/><N who="2" m="16491" /><F28/><W96/><G31/><T18/><D18/><U76/><E76/><N who="2" m="46311" /><F7/><W16/><G17/><T111/><D68/><U101/><E101/><V75/><F75/><W110/><G90/><T132/><D132/><U45/><E88/><V133/><F133/><W49/><G103/><T12/><D12/><U33/><E33/><V87/><F87/><W82/><G82/><T80/><D80/><U19/><E19/><V58/><F58/><AGARI ba="1,0" hai="1,4,11,45,48,52,58,61,65,74,77,81,92,95" machi="58" ten="30,2000,0" yaku="7,1,54,1" doraHai="9" who="1" fromWho="2" sc="62,0,390,23,223,-23,325,0" /><INIT seed="5,0,0,1,3,57" ten="62,413,200,325" oya="1" hai0="105,22,103,3,93,16,30,1,65,86,35,52,96" hai1="90,61,119,42,116,8,114,104,2,94,19,66,95" hai2="92,54,130,97,69,76,118,39,27,36,78,37,122" hai3="117,131,44,129,108,98,81,29,115,26,47,113,123"/><U84/><E104/><V132/><F118/><W10/><G123/><T83/><D30/><U46/><E114/><N who="3" m="43530" /><G108/><T79/><D35/><U128/><E128/><N who="3" m="49226" /><G98/><T110/><D110/><U80/><E116/><V74/><F132/><W126/><G81/><T49/><D65/><U25/><E119/><V55/><F27/><W56/><G117/><T73/><D73/><U102/><E102/><V68/><F130/><W45/><G10/><T59/><REACH who="0" step="1"/><D105/><REACH who="0" ten="52,413,200,325" step="2"/><U50/><E2/><V13/><F74/><W53/><G126/><T135/><D135/><U4/><E4/><V33/><F33/><W28/><G26/><AGARI ba="0,1" hai="1,3,16,22,26,49,52,59,79,83,86,93,96,103" machi="26" ten="30,8000,1" yaku="1,1,7,1,54,2,53,1" doraHai="57" doraHaiUra="18" who="0" fromWho="3" sc="52,90,413,0,200,0,325,-80" /><INIT seed="6,0,0,2,0,2" ten="142,413,200,245" oya="2" hai0="1,79,12,98,3,112,89,124,37,109,68,46,24" hai1="74,69,50,64,134,105,9,66,121,19,81,4,65" hai2="126,7,88,72,71,135,0,29,49,59,35,45,32" hai3="31,117,53,36,22,101,18,60,67,104,23,120,90"/><V100/><F71/><W75/><G36/><T76/><D68/><U116/><E105/><V70/><F70/><W113/><G75/><T122/><D122/><U10/><E116/><V86/><F72/><W96/><G117/><T40/><D109/><U91/><E134/><V118/><F118/><W77/><G77/><T16/><D124/><U21/><E10/><V38/><F100/><W73/><G73/><T13/><D112/><U93/><E121/><V39/><F59/><W127/><G127/><T84/><D98/><U92/><E69/><V33/><F29/><W48/><G120/><T110/><D110/><U61/><E61/><V41/><F135/><W44/><G31/><T78/><D24/><U34/><E34/><V30/><F30/><W27/><G113/><T103/><D13/><U26/><E50/><V119/><F119/><W15/><G90/><T62/><D62/><U107/><E107/><V51/><F51/><W85/><G85/><T52/><D103/><U129/><E129/><V11/><REACH who="2" step="1"/><F126/><REACH who="2" ten="142,413,190,245" step="2"/><W17/><G60/><T5/><D52/><U56/><E56/><V80/><AGARI ba="0,1" hai="0,7,11,32,33,35,38,39,41,45,49,80,86,88" machi="80" ten="30,18000,2" yaku="1,1,2,1,0,1,52,1,54,1,53,1" doraHai="2" doraHaiUra="87" who="2" fromWho="2" sc="142,-60,413,-60,190,190,245,-60" /><INIT seed="6,1,0,1,4,98" ten="82,353,380,185" oya="2" hai0="127,26,39,65,93,60,61,132,104,95,55,13,89" hai1="59,7,81,71,0,31,32,103,17,108,1,37,70" hai2="94,6,110,135,101,69,21,35,11,33,5,129,77" hai3="134,48,96,119,66,123,46,57,28,41,44,54,99"/><V74/><F69/><W102/><G28/><T79/><D104/><U29/><E108/><V16/><F74/><W25/><G123/><T53/><D39/><U107/><E37/><V22/><F77/><W115/><G115/><T42/><D42/><U121/><E121/><V83/><F83/><W78/><G119/><T133/><D79/><U76/><E59/><V24/><F101/><W4/><G78/><T38/><D38/><U86/><E17/><V62/><F94/><W106/><G4/><N who="2" m="1641" /><F62/><W113/><G113/><T36/><D36/><U105/><E105/><V114/><F129/><W120/><G120/><T19/><D26/><U112/><E112/><V8/><F135/><W45/><G134/><T116/><D116/><U97/><E32/><N who="2" m="12363" /><F114/><W51/><G96/><T90/><D65/><U68/><REACH who="1" step="1"/><E7/><REACH who="1" ten="82,343,380,185" step="2"/><V73/><F110/><W111/><G111/><T64/><D64/><U82/><E82/><V88/><F73/><W40/><G66/><T15/><REACH who="0" step="1"/><D19/><REACH who="0" ten="72,343,380,185" step="2"/><U122/><E122/><V100/><F16/><W34/><G34/><T52/><D52/><U84/><E84/><V109/><F109/><W91/><G25/><T12/><D12/><U131/><E131/><V14/><F14/><W67/><G67/><T87/><D87/><U56/><E56/><V2/><F24/><W49/><G44/><T27/><D27/><U10/><E10/><V75/><F11/><W30/><G30/><AGARI ba="1,2" hai="0,1,29,30,31,68,70,71,76,81,86,97,103,107" machi="30" ten="40,2600,0" yaku="1,1,52,1,53,0" doraHai="98" doraHaiUra="43" who="1" fromWho="3" sc="72,0,343,49,380,0,185,-29" /><INIT seed="7,0,0,1,5,11" ten="72,392,380,156" oya="3" hai0="130,98,123,42,72,30,31,18,29,19,97,79,100" hai1="114,56,133,41,101,110,116,73,113,118,66,15,17" hai2="69,22,125,25,27,40,102,61,9,108,96,33,63" hai3="6,74,35,70,103,3,43,119,83,128,87,32,23"/><W51/><G70/><T16/><D123/><U121/><E121/><V106/><F108/><W67/><G119/><N who="1" m="45610" /><E110/><V57/><F125/><W47/><G67/><T94/><D130/><U92/><E73/><V0/><F40/><W36/><G128/><T64/><D42/><U20/><E41/><V95/><F33/><W134/><G134/><T46/><D46/><U78/><E78/><V24/><F106/><W132/><G132/><T126/><D126/><U82/><E82/><V115/><F115/><N who="1" m="44041" /><E133/><V91/><F69/><W2/><G103/><T75/><D64/><U85/><E85/><V48/><F0/><W59/><G74/><T77/><D75/><U45/><E45/><V117/><F117/><W105/><G105/><T93/><REACH who="0" step="1"/><D72/><REACH who="0" ten="62,392,380,156" step="2"/><U50/><E66/><V104/><F104/><W86/><G36/><T127/><D127/><U99/><E56/><V58/><F58/><W135/><G59/><T68/><D68/><U4/><E50/><V107/><F48/><W129/><G129/><T7/><D7/><AGARI ba="0,1" hai="4,7,15,17,20,92,99,101" m="44041,45610" machi="7" ten="30,3900,0" yaku="12,1,15,1,52,1" doraHai="11" who="1" fromWho="0" sc="62,-39,392,49,380,0,156,0" owari="23,-48.0,441,54.0,380,18.0,156,-24.0" /></mjloggm>