<mjloggm ver="2.3"><GO type="41" lobby="0"/><UN n0="%E5%8D%97%EF%BC%93%E5%B1%80%EF%BC%91%E6%9C%AC%E5%A0%B4%E3%81%AE%E7%A5%9E" n1="%E3%82%89%E3%81%8F%E3%81%8C%E3%82%93" n2="%E9%87%8E%E4%B8%AD%E6%99%B4" n3="%E2%93%9D%53%75%70%68%78" dan="15,15,14,18" rate="2072.46,2000.90,2015.47,2085.33" sx="M,M,F,M"/><TAIKYOKU oya="0"/><INIT seed="0,0,0,3,1,111" ten="250,250,250,250" oya="0" hai0="26,82,88,118,10,0,35,54,106,5,83,62,57" hai1="21,61,134,65,18,3,22,58,133,9,14,6,121" hai2="38,52,69,114,132,94,91,47,16,112,63,107,125" hai3="45,49,1,64,92,30,60,96,67,11,130,72,131"/><T42/><D118/><U123/><REACH who="1" step="1"/><E22/><REACH who="1" ten="250,240,250,250" step="2"/><V44/><F125/><W128/><G128/><T110/><D110/><U127/><E127/><V68/><F132/><AGARI ba="0,1" hai="3,6,9,14,18,21,58,61,65,121,123,132,133,134" machi="132" ten="40,5200,0" yaku="21,2,20,1,53,0" doraHai="111" doraHaiUra="48" who="1" fromWho="2" sc="250,0,240,62,250,-52,250,0" /><INIT seed="1,0,0,0,1,128" ten="250,302,198,250" oya="1" hai0="124,16,19,93,63,115,2,96,123,23,11,127,114" hai1="118,113,32,7,51,52,12,46,36,26,34,84,69" hai2="106,25,70,132,108,92,88,14,117,109,119,133,103" hai3="110,42,57,64,40,65,61,71,121,58,74,90,77"/><U38/><E118/><V111/><F70/><W86/><G77/><T131/><D131/><U56/><E113/><N who="0" m="43017" /><D63/><U54/><E69/><V116/><F14/><W24/><G74/><T31/><D93/><U43/><E38/><V83/><F83/><W94/><G110/><T33/><D96/><U10/><E26/><V98/><F25/><W28/><G121/><T6/><D123/><U37/><E37/><V47/><F47/><W29/><G29/><T3/><D3/><U82/><REACH who="1" step="1"/><E54/><REACH who="1" ten="250,292,198,250" step="2"/><V0/><REACH who="2" step="1"/><F0/><REACH who="2" ten="250,292,188,250" step="2"/><W134/><G71/><T85/><D2/><U100/><E100/><V13/><F13/><W75/><G24/><T21/><D127/><U125/><E125/><V72/><F72/><W81/><G75/><T55/><D124/><U104/><E104/><V68/><F68/><W27/><G27/><T4/><D31/><U60/><E60/><V101/><F101/><W107/><G107/><T41/><D33/><U91/><AGARI ba="0,2" hai="7,10,12,32,34,36,43,46,51,52,56,82,84,91" machi="91" ten="20,12000,1" yaku="1,1,0,1,7,1,54,1,53,1" doraHai="128" doraHaiUra="80" who="1" fromWho="1" sc="250,-40,292,140,188,-40,250,-40" /><INIT seed="1,1,0,3,2,8" ten="210,432,148,210" oya="1" hai0="25,18,133,75,46,55,58,97,6,29,94,88,28" hai1="34,33,80,52,43,79,12,102,56,44,129,115,132" hai2="118,22,93,130,104,27,87,74,13,42,122,82,81" hai3="49,85,36,90,134,117,83,40,70,59,16,105,86"/><U111/><E115/><V126/><F118/><W124/><G105/><T107/><D133/><U51/><E132/><V4/><F104/><W35/><G35/><T11/><D75/><U2/><E2/><V54/><F122/><W67/><G124/><T84/><D46/><U78/><E129/><V14/><F130/><W100/><G100/><T135/><D135/><U23/><E111/><V112/><F126/><W72/><G72/><T0/><D107/><U19/><E102/><V77/><F112/><W95/><G36/><T60/><REACH who="0" step="1"/><D84/><REACH who="0" ten="200,432,148,210" step="2"/><U47/><E47/><V103/><F42/><W15/><G134/><T39/><D39/><U96/><E96/><V9/><F74/><W113/><G113/><T53/><D53/><U99/><E99/><V38/><F38/><W125/><G125/><T64/><D64/><U3/><E3/><V128/><F128/><W48/><G40/><T26/><D26/><U98/><E98/><N who="2" m="59855" /><F54/><W57/><G117/><T62/><D62/><U106/><E106/><V116/><F116/><W31/><G49/><T5/><D5/><U20/><E43/><V108/><F108/><W10/><G48/><T120/><D120/><U91/><E44/><V123/><F123/><W76/><REACH who="3" step="1"/><G31/><REACH who="3" ten="200,432,148,200" step="2"/><T121/><D121/><U89/><E51/><V65/><F65/><W119/><G119/><T63/><D63/><AGARI ba="1,2" hai="10,15,16,57,59,63,67,70,76,83,85,86,90,95" machi="63" ten="40,8000,1" yaku="1,1,52,1,54,1,53,1" doraHai="8" doraHaiUra="61" who="3" fromWho="0" sc="200,-83,432,0,148,0,200,103" /><INIT seed="2,0,0,0,5,80" ten="117,432,148,303" oya="2" hai0="118,111,71,105,25,59,97,104,120,69,124,50,132" hai1="130,98,51,95,24,68,20,52,116,66,129,10,85" hai2="100,65,83,48,113,38,26,53,27,79,101,22,32" hai3="61,84,54,16,76,58,41,30,70,103,134,99,73"/><V4/><F113/><W49/><G73/><T115/><D115/><U87/><E116/><V39/><F32/><W55/><G134/><T112/><D112/><U121/><E68/><V78/><F65/><W75/><G75/><T102/><D132/><U128/><E10/><V56/><F4/><W0/><G0/><T110/><D120/><U77/><E66/><V33/><F33/><W82/><G30/><T7/><D118/><U131/><N who="1" m="32768" /><DORA hai="37" /><U60/><E60/><V92/><F39/><W123/><G70/><T3/><D104/><U36/><E77/><V35/><F38/><W114/><G123/><T46/><D59/><N who="1" m="33183" /><E36/><V106/><F35/><W86/><G114/><T127/><D69/><U23/><E121/><V91/><F106/><W34/><G34/><T62/><D62/><U90/><E20/><V89/><F79/><W125/><G125/><N who="0" m="48203" /><D71/><U109/><E109/><N who="0" m="41481" /><D7/><U45/><E45/><V88/><F92/><W133/><G133/><T57/><D3/><U44/><E44/><V43/><F56/><W31/><G58/><T29/><D57/><U96/><E96/><V47/><F53/><W64/><G55/><T122/><D122/><U81/><E81/><V1/><F1/><W117/><G82/><T28/><D46/><U108/><E108/><V63/><F63/><W2/><G61/><T119/><D119/><U135/><E135/><V6/><F6/><W21/><G117/><T67/><D67/><U72/><E72/><N who="2" m="43463" /><F22/><W74/><G74/><T93/><D105/><U94/><E94/><V12/><F47/><W14/><G64/><T11/><D93/><RYUUKYOKU ba="0,0" sc="117,-10,432,30,148,-10,303,-10" hai1="23,24,85,87,90,95,98" /><INIT seed="3,1,0,4,5,77" ten="107,462,138,293" oya="3" hai0="113,125,92,126,121,63,107,23,16,80,11,122,58" hai1="128,82,53,129,28,103,55,110,20,81,21,104,70" hai2="33,29,5,27,74,94,47,109,100,35,2,15,132" hai3="36,43,48,25,60,87,61,75,14,7,102,78,30"/><W86/><G36/><T130/><D107/><U67/><E110/><V68/><F68/><W69/><G75/><T3/><D92/><U64/><E104/><V50/><F109/><W116/><G116/><T32/><D32/><U72/><E72/><V13/><F74/><W88/><G102/><T79/><D130/><N who="1" m="50283" /><E103/><V135/><F94/><W118/><G69/><T120/><D113/><U117/><E117/><V45/><F100/><W83/><G118/><T51/><D51/><U6/><E6/><V0/><F50/><W22/><G7/><T31/><D31/><U96/><E96/><V17/><F45/><N who="3" m="25663" /><G14/><N who="2" m="5129" /><F47/><W39/><G39/><T12/><D11/><U84/><E81/><AGARI ba="1,0" hai="22,25,30,60,61,78,81,83,86,87,88" m="25663" machi="81" ten="30,11600,0" yaku="8,1,52,2,54,1" doraHai="77" who="3" fromWho="1" sc="107,0,462,-119,138,0,293,119" /><INIT seed="3,2,0,0,3,131" ten="107,343,138,412" oya="3" hai0="21,120,127,123,79,12,58,85,68,20,111,133,130" hai1="129,28,50,53,132,95,35,103,16,107,105,80,62" hai2="104,110,18,100,11,70,48,87,92,7,65,44,97" hai3="71,86,83,116,52,90,74,78,4,128,77,101,75"/><W96/><G71/><T73/><D68/><U22/><E129/><V55/><F110/><W93/><G4/><T67/><D130/><U13/><E62/><V36/><F36/><W5/><G5/><T122/><D73/><N who="3" m="27657" /><G52/><T81/><D111/><U121/><E121/><V76/><F18/><W24/><G24/><T102/><D127/><U0/><E0/><V61/><F76/><N who="3" m="29291" /><G128/><T57/><D102/><U29/><E35/><V3/><REACH who="2" step="1"/><F87/><REACH who="2" ten="107,343,128,412" step="2"/><N who="3" m="50559" /><G116/><T43/><D123/><U59/><E29/><V33/><F33/><W94/><G86/><T126/><D122/><U39/><E28/><V134/><F134/><W113/><G113/><T2/><D120/><U51/><E132/><V125/><F125/><W106/><AGARI ba="2,1" hai="93,94,96,101,106" m="50559,29291,27657" machi="106" ten="30,12000,1" yaku="35,5" doraHai="131" who="3" fromWho="3" sc="107,-42,343,-42,128,-42,412,136" /><INIT seed="3,3,0,1,1,88" ten="65,301,86,548" oya="3" hai0="23,113,81,7,41,106,38,17,19,77,135,20,107" hai1="22,45,56,53,124,130,2,126,60,10,127,111,30" hai2="46,82,95,21,70,27,48,114,131,92,91,118,57" hai3="67,128,58,18,89,65,43,115,74,15,73,3,39"/><W31/><G3/><T63/><D135/><U102/><E111/><V40/><F118/><W11/><G128/><T32/><D32/><U69/><E130/><V90/><F114/><W36/><G31/><T34/><D34/><U84/><E102/><V100/><F70/><W1/><G1/><T52/><D7/><U129/><E129/><V44/><F131/><W94/><G43/><T78/><D41/><U97/><E97/><V49/><F100/><W87/><G115/><T35/><D35/><U25/><E69/><V37/><F37/><W104/><G104/><T123/><D38/><U76/><E45/><V6/><F6/><W93/><G58/><T59/><D123/><U68/><E68/><V55/><F57/><W47/><G47/><T99/><D113/><U62/><E62/><V13/><F13/><W42/><G42/><T133/><D133/><U119/><E119/><V117/><F117/><W83/><G39/><T108/><D108/><U109/><E109/><V80/><F91/><W96/><G36/><T122/><D122/><U54/><E54/><V66/><F66/><W0/><G0/><T26/><D99/><U72/><E72/><V85/><F80/><W14/><G74/><T50/><D63/><U51/><E60/><V33/><F33/><W5/><G73/><N who="0" m="43183" /><D78/><U98/><E98/><V24/><F24/><W64/><G96/><T16/><D26/><U101/><E101/><V120/><F120/><W103/><G103/><T61/><D61/><U134/><E134/><V86/><F85/><W8/><AGARI ba="3,0" hai="5,8,11,14,15,18,64,65,67,83,87,89,93,94" machi="8" ten="30,11700,0" yaku="0,1,8,1,52,2" doraHai="88" who="3" fromWho="3" sc="65,-42,301,-42,86,-42,548,126" /><INIT seed="3,4,0,1,1,113" ten="23,259,44,674" oya="3" hai0="29,83,23,53,118,75,65,64,7,84,100,9,86" hai1="50,121,119,62,14,117,70,103,4,6,71,94,63" hai2="104,67,107,11,97,25,39,61,43,33,123,24,76" hai3="12,8,47,36,106,28,57,49,15,102,95,116,79"/><W48/><G106/><T85/><D118/><N who="1" m="45067" /><E121/><V34/><F123/><W89/><G36/><T110/><D110/><U87/><E50/><V58/><F76/><W0/><G0/><T46/><D100/><U130/><E130/><V126/><F126/><W91/><G28/><T56/><D46/><U1/><E14/><V112/><F112/><W59/><G79/><T93/><D93/><U101/><E101/><V133/><F133/><W72/><G72/><T35/><D35/><U10/><E6/><V90/><F39/><W66/><G15/><N who="0" m="5567" /><D75/><U105/><E105/><V45/><F104/><W21/><G49/><N who="0" m="30767" /><D83/><U37/><E37/><V98/><F107/><W125/><G48/><T127/><D127/><U54/><E103/><V92/><F45/><W88/><G125/><T115/><D115/><U128/><E128/><V81/><F43/><W124/><G124/><T68/><D68/><N who="1" m="26155" /><E54/><V31/><F81/><W131/><G131/><T60/><D60/><N who="1" m="23083" /><E94/><V16/><F11/><W52/><G116/><T77/><D77/><U42/><E42/><V69/><F69/><W22/><G102/><T44/><D44/><U114/><E114/><V40/><F40/><W108/><G47/><T51/><D51/><U73/><E73/><V26/><F25/><AGARI ba="4,0" hai="23,25,29,64,65,84,85,86" m="30767,5567" machi="25" ten="30,1000,0" yaku="8,1" doraHai="113" who="0" fromWho="2" sc="23,22,259,0,44,-22,674,0" /><INIT seed="4,0,0,0,1,120" ten="45,259,22,674" oya="0" hai0="41,87,30,25,62,51,33,134,135,121,95,42,47" hai1="75,104,83,7,130,126,59,58,61,92,53,22,74" hai2="19,76,34,9,85,72,29,35,116,107,69,56,84" hai3="21,89,60,106,0,68,50,81,127,65,108,5,64"/><T114/><D121/><U94/><E130/><V57/><F116/><W129/><G127/><T105/><D105/><U91/><E126/><V99/><F69/><W20/><G0/><T88/><D114/><U39/><E104/><V2/><F72/><W90/><G5/><T6/><D6/><U38/><E7/><V55/><F2/><W109/><G50/><T40/><REACH who="0" step="1"/><D62/><REACH who="0" ten="35,259,22,674" step="2"/><U70/><E61/><V124/><F124/><W71/><G106/><T93/><D93/><U43/><E94/><V44/><F107/><W45/><G60/><T132/><AGARI ba="0,1" hai="25,30,33,40,41,42,47,51,87,88,95,132,134,135" machi="132" ten="30,11700,0" yaku="1,1,0,1,20,1,54,1,53,0" doraHai="120" doraHaiUra="101" who="0" fromWho="0" sc="35,127,259,-39,22,-39,674,-39" owari="162,-24.0,220,2.0,-17,-52.0,635,74.0" /></mjloggm>