<mjloggm ver="2.3"><GO type="41" lobby="0"/><UN n0="%E3%81%A8%E3%82%93%E3%81%A8%E3%82%93%E3%81%A8%E3%82%93%E3%81%A8%E3%82%93" n1="%E7%A5%9E%E5%A8%81%40%E5%8D%94%E4%BC%9A" n2="%64%62%61%6B%61" n3="%E2%93%9D%53%75%70%68%78" dan="15,13,13,18" rate="1897.73,1931.29,1843.73,2122.57" sx="M,M,M,M"/><TAIKYOKU oya="0"/><INIT seed="0,0,0,1,0,41" ten="250,250,250,250" oya="0" hai0="17,124,68,14,87,107,72,103,61,113,56,112,27" hai1="135,105,24,119,128,28,73,16,48,134,3,15,94" hai2="121,125,117,19,90,29,60,111,6,54,22,12,1" hai3="97,69,110,58,106,30,77,71,18,86,7,59,51"/><T89/><D72/><U31/><E105/><V88/><F121/><W53/><G7/><T78/><D124/><U10/><E73/><V44/><F111/><W39/><G30/><T123/><D123/><U108/><E48/><V100/><F125/><W32/><G32/><T66/><D68/><U70/><E94/><V98/><F117/><W92/><G39/><T127/><D78/><U45/><E45/><V42/><F29/><W49/><G110/><T132/><D103/><U33/><E70/><V81/><F81/><W35/><G35/><T63/><D132/><N who="1" m="50731" /><E119/><V9/><F54/><W36/><G36/><T5/><D107/><U118/><E31/><V0/><F60/><W38/><G38/><T83/><D63/><U47/><E47/><V76/><F76/><W126/><G106/><T50/><D50/><U46/><E46/><V23/><F1/><W65/><G71/><T20/><REACH who="0" step="1"/><D127/><REACH who="0" ten="240,250,250,250" step="2"/><U131/><E118/><V4/><F100/><W102/><G69/><T101/><D101/><U75/><E75/><V43/><F90/><W122/><G126/><T34/><D34/><U84/><E108/><V62/><F88/><W64/><G122/><T91/><D91/><U96/><E96/><V57/><F98/><W26/><G77/><T40/><D40/><U37/><E84/><V120/><F43/><W104/><G104/><T25/><D25/><U74/><E37/><V79/><F62/><W115/><G86/><T55/><D55/><U93/><E74/><V129/><F79/><W109/><G109/><T8/><AGARI ba="0,1" hai="5,8,14,17,20,27,56,61,66,83,87,89,112,113" machi="8" ten="30,3000,0" yaku="1,1,0,1,53,0" doraHai="41" doraHaiUra="130" who="0" fromWho="0" sc="240,40,250,-10,250,-10,250,-10" /><INIT seed="0,1,0,1,3,72" ten="280,240,240,240" oya="0" hai0="120,55,106,59,100,87,127,62,74,94,105,28,82" hai1="101,135,77,64,11,75,73,36,97,42,46,112,19" hai2="48,92,70,114,90,116,33,88,122,5,61,134,71" hai3="83,54,115,60,47,15,32,99,17,131,44,16,3"/><T21/><D120/><U126/><E135/><V43/><F122/><W50/><G3/><T14/><D127/><U93/><E126/><V20/><F114/><W124/><G124/><T13/><D74/><U56/><E112/><V113/><F113/><W109/><G32/><T130/><D106/><U86/><E19/><V30/><F134/><W81/><G109/><T125/><D105/><U67/><E11/><V69/><F116/><W10/><G131/><T25/><D130/><U119/><E119/><V102/><F5/><W111/><G111/><T76/><REACH who="0" step="1"/><D125/><REACH who="0" ten="270,240,240,240" step="2"/><U103/><E73/><V108/><F108/><W107/><G115/><T129/><D129/><U34/><E75/><V9/><F71/><W39/><G107/><T80/><D80/><U6/><E103/><V23/><F70/><W63/><G83/><T57/><D57/><U0/><E56/><V117/><F69/><W133/><G133/><T96/><AGARI ba="1,1" hai="13,14,21,25,28,55,59,62,76,82,87,94,96,100" machi="96" ten="30,11700,0" yaku="1,1,0,1,8,1,52,1,53,0" doraHai="72" doraHaiUra="118" who="0" fromWho="0" sc="270,130,240,-40,240,-40,240,-40" /><INIT seed="0,2,0,4,5,86" ten="400,200,200,200" oya="0" hai0="76,65,29,90,58,131,27,79,13,32,122,106,47" hai1="116,134,104,10,105,87,15,113,82,114,39,64,19" hai2="95,12,97,5,93,21,0,37,94,43,108,123,2" hai3="71,128,89,102,118,67,31,78,117,83,61,55,14"/><T73/><D122/><U77/><E116/><V96/><F123/><W133/><G128/><T48/><D131/><U54/><E39/><V109/><F43/><W49/><G102/><T9/><D106/><U50/><E64/><V103/><F37/><W127/><G127/><T38/><D73/><U17/><E17/><V135/><F135/><W91/><G31/><T41/><D38/><U28/><E28/><V51/><F51/><W72/><G133/><T124/><D58/><U22/><E22/><V85/><F21/><W101/><G101/><T132/><D65/><U121/><E121/><V99/><F12/><W74/><G74/><T46/><D124/><U60/><E60/><V66/><F66/><W98/><G98/><T80/><D132/><U130/><E130/><V40/><F40/><W26/><G26/><T23/><D32/><U110/><E110/><N who="2" m="42603" /><F103/><W7/><G118/><T1/><D47/><U88/><E77/><V52/><F52/><W33/><G33/><T68/><D68/><U16/><E19/><V24/><F24/><W42/><G42/><T3/><D3/><N who="2" m="1066" /><F5/><W129/><G129/><T100/><D100/><U69/><E69/><V62/><F62/><W11/><REACH who="3" step="1"/><G117/><REACH who="3" ten="400,200,200,190" step="2"/><T30/><D30/><U59/><E134/><V20/><F20/><W6/><G6/><N who="0" m="3255" /><D1/><U81/><E82/><V44/><F44/><AGARI ba="2,1" hai="7,11,14,44,49,55,61,67,71,72,78,83,89,91" machi="44" ten="30,7700,0" yaku="1,1,7,1,52,2,53,0" doraHai="86" doraHaiUra="35" who="3" fromWho="2" sc="400,0,200,0,200,-83,190,93" /><INIT seed="1,0,0,5,3,1" ten="400,200,117,283" oya="1" hai0="66,8,80,56,74,73,55,85,47,11,50,121,26" hai1="90,28,82,129,95,39,51,81,134,62,24,112,114" hai2="84,116,32,106,31,113,103,45,40,29,115,101,132" hai3="15,38,59,49,30,83,36,21,104,13,128,34,99"/><U124/><E39/><V69/><F116/><W107/><G34/><T127/><D127/><U76/><E124/><V119/><F119/><W14/><G128/><T135/><D135/><U46/><E134/><V9/><F132/><W109/><G109/><T98/><D121/><U17/><E129/><V63/><F84/><W35/><G35/><T131/><D131/><U27/><E62/><V58/><F69/><W130/><G130/><T70/><D70/><U42/><E17/><V75/><F75/><W88/><G107/><T10/><D74/><U61/><E61/><V79/><F79/><W91/><G104/><T52/><D73/><U102/><E102/><N who="2" m="38923" /><F106/><W126/><G38/><T78/><D66/><U23/><E24/><V65/><F32/><W43/><G36/><T94/><D26/><U92/><E92/><V22/><F22/><W125/><BYE who="2" /><G125/><T4/><D94/><U122/><E122/><V120/><F120/><W108/><G108/><T133/><D98/><U100/><E100/><V5/><F5/><W105/><G99/><T44/><D133/><UN n2="%64%62%61%6B%61" /><U118/><E118/><V60/><F60/><W64/><G105/><T3/><REACH who="0" step="1"/><D47/><REACH who="0" ten="390,200,117,283" step="2"/><U111/><E111/><V87/><F87/><W86/><G86/><T93/><D93/><U16/><E28/><V72/><F72/><W53/><G30/><T110/><D110/><U68/><E68/><V33/><F31/><W25/><G126/><T77/><D77/><U123/><E123/><V96/><F29/><W37/><G64/><T41/><D41/><U89/><E95/><V117/><F40/><W2/><G43/><RYUUKYOKU ba="0,1" sc="390,30,200,-10,117,-10,283,-10" hai0="3,4,8,10,11,44,50,52,55,56,78,80,85" /><INIT seed="2,1,1,3,1,85" ten="420,190,107,273" oya="2" hai0="39,120,3,115,77,104,5,130,38,97,2,9,132" hai1="114,75,12,22,21,103,117,110,116,40,67,18,64" hai2="13,4,56,49,121,19,73,14,46,131,59,82,69" hai3="133,98,71,66,84,122,93,29,45,92,51,113,54"/><V76/><F121/><W7/><G122/><T95/><D120/><U10/><E110/><V31/><F69/><W42/><G133/><T48/><D115/><U87/><E114/><V34/><F131/><W112/><G29/><T23/><D132/><U125/><E75/><V111/><F4/><W123/><G123/><T109/><D130/><U6/><E125/><V20/><F111/><W72/><G72/><T63/><D2/><U27/><E103/><V129/><F13/><W99/><G84/><T52/><D77/><U0/><E40/><V30/><F129/><W70/><G7/><T16/><D104/><U126/><E126/><V35/><F30/><W65/><G42/><T80/><D80/><U74/><E74/><V1/><F1/><W15/><G15/><T127/><D127/><U118/><E87/><V33/><REACH who="2" step="1"/><F31/><REACH who="2" ten="420,190,97,273" step="2"/><W44/><G113/><T24/><D109/><U79/><E79/><V102/><F102/><W62/><G112/><T83/><D83/><U41/><E41/><AGARI ba="1,2" hai="14,19,20,33,34,35,41,46,49,56,59,73,76,82" machi="41" ten="40,2000,0" yaku="1,1,53,0" doraHai="85" doraHaiUra="89" who="2" fromWho="1" sc="420,0,190,-23,97,43,273,0" /><INIT seed="2,2,0,3,2,77" ten="420,167,140,273" oya="2" hai0="78,21,49,116,28,52,27,88,118,53,135,79,2" hai1="1,40,72,0,32,132,123,37,62,102,9,122,16" hai2="134,5,25,95,70,93,17,76,14,66,57,83,69" hai3="12,125,111,112,59,114,86,99,19,18,48,80,92"/><V71/><F134/><W68/><G111/><T35/><D2/><U101/><E72/><V13/><F25/><W30/><G68/><T120/><D120/><N who="1" m="46123" /><E32/><V133/><F133/><W89/><G125/><T6/><D6/><U124/><E62/><V22/><F5/><W73/><G73/><T47/><D35/><U7/><E124/><V3/><F3/><W103/><G30/><T64/><D64/><U100/><E132/><V51/><F13/><W55/><REACH who="3" step="1"/><G19/><REACH who="3" ten="420,167,140,263" step="2"/><T20/><D135/><U115/><E115/><V97/><F69/><W75/><G75/><T43/><D28/><U67/><E16/><V96/><F71/><W46/><G46/><T8/><D118/><U117/><E117/><V121/><F70/><W131/><G131/><T45/><D116/><U10/><E67/><V130/><F121/><W106/><G106/><T65/><D45/><N who="1" m="23695" /><E10/><AGARI ba="2,1" hai="10,12,18,48,55,59,80,86,89,92,99,103,112,114" machi="10" ten="40,5200,0" yaku="1,1,52,1,53,1" doraHai="77" doraHaiUra="94" who="3" fromWho="1" sc="420,0,167,-58,140,0,263,68" /><INIT seed="3,0,0,4,2,129" ten="420,109,140,331" oya="3" hai0="65,107,105,27,33,79,110,92,101,89,114,69,113" hai1="66,25,0,100,127,134,78,58,30,119,40,130,31" hai2="108,15,131,133,8,37,128,67,12,71,77,124,47" hai3="20,35,7,54,95,118,126,63,85,103,51,122,56"/><W80/><G118/><T75/><D110/><U57/><E130/><N who="2" m="49707" /><F77/><W97/><G126/><T24/><D69/><U121/><E127/><V120/><F124/><W11/><G35/><T52/><D65/><U38/><E119/><V39/><F12/><W91/><G20/><T68/><D68/><U88/><E0/><V3/><F3/><W74/><G74/><T18/><D33/><U44/><E100/><V109/><F120/><W22/><G22/><N who="0" m="13399" /><D27/><U14/><E78/><V72/><F72/><W23/><G23/><T42/><D42/><U111/><E111/><N who="2" m="42571" /><F15/><W115/><G115/><N who="0" m="44043" /><D75/><U81/><E121/><V41/><F8/><W28/><G122/><T26/><D26/><U6/><E25/><V29/><F29/><W83/><G28/><T106/><D79/><U2/><E30/><V46/><F46/><W73/><G73/><T135/><D135/><U104/><E134/><V96/><F96/><W34/><G34/><T87/><D101/><U98/><E31/><V32/><F32/><W5/><G11/><T19/><D19/><U90/><E2/><V99/><F99/><W21/><G21/><T102/><D102/><N who="1" m="62551" /><E6/><V132/><F37/><W84/><G51/><T49/><D107/><U82/><E14/><V48/><F48/><W61/><G61/><AGARI ba="0,0" hai="39,41,47,61,67,71,132,133" m="42571,49707" machi="61" ten="40,12000,2" yaku="19,1,14,1,23,1,34,2,52,2" doraHai="129" who="2" fromWho="3" sc="420,0,109,0,140,120,331,-120" /><INIT seed="4,0,0,3,3,91" ten="420,109,260,211" oya="0" hai0="72,73,52,83,24,44,100,106,39,49,43,98,31" hai1="19,101,69,119,1,122,111,7,48,135,45,15,78" hai2="65,2,18,4,117,56,36,38,40,84,82,70,12" hai3="86,79,131,34,30,32,124,116,127,77,109,112,120"/><T42/><D42/><U59/><E111/><V58/><F117/><W110/><G116/><T37/><D83/><U55/><E122/><V129/><F129/><W80/><G30/><T126/><D126/><N who="3" m="48169" /><G131/><T113/><D113/><U75/><E119/><V20/><F70/><W88/><G112/><T3/><D3/><U63/><E69/><V64/><F4/><W10/><G10/><T96/><D98/><U16/><E101/><V76/><F2/><W89/><G120/><T134/><D134/><U14/><E135/><V11/><F11/><W133/><G133/><T17/><D17/><N who="1" m="6731" /><E75/><V6/><F6/><W99/><G34/><T92/><D106/><U57/><E1/><V28/><F28/><W85/><G32/><T35/><D37/><U54/><E7/><V50/><F36/><W95/><G79/><T90/><REACH who="0" step="1"/><D100/><REACH who="0" ten="410,109,260,211" step="2"/><U125/><E125/><V97/><F38/><W33/><G33/><T114/><D114/><U25/><E78/><V47/><F97/><W118/><G118/><T108/><D108/><U132/><E132/><V51/><F40/><W128/><G128/><T103/><D103/><U67/><E25/><V104/><F104/><W60/><G60/><AGARI ba="0,1" hai="14,15,45,48,54,55,57,59,60,63,67" m="6731" machi="60" ten="30,2000,0" yaku="8,1,54,1" doraHai="91" who="1" fromWho="3" sc="410,0,109,30,260,0,211,-20" /><INIT seed="5,0,0,1,1,104" ten="410,139,260,191" oya="1" hai0="28,35,52,59,57,98,29,4,22,89,76,83,0" hai1="110,12,9,68,106,102,101,37,36,61,75,123,93" hai2="10,124,20,135,26,86,115,128,82,5,94,48,64" hai3="38,103,47,40,60,107,126,131,25,125,32,80,118"/><U92/><E68/><V109/><F109/><W18/><G131/><T8/><D35/><U95/><E110/><V21/><F128/><W13/><G118/><T70/><D59/><U134/><E106/><V19/><F64/><W43/><G43/><T11/><D22/><U3/><E61/><V71/><F71/><W33/><G25/><T27/><D11/><U79/><E3/><V34/><F124/><N who="3" m="47723" /><G60/><T41/><D41/><U74/><E79/><V129/><F129/><W73/><G103/><N who="1" m="39434" /><E9/><V16/><F135/><W117/><G117/><T65/><D65/><U15/><E134/><V111/><F34/><W130/><G107/><T96/><D28/><U120/><E12/><V7/><F94/><W17/><G130/><T44/><D89/><U114/><E15/><V1/><F7/><W58/><G18/><T55/><D44/><U84/><E84/><V119/><F111/><W67/><G58/><T51/><D55/><U87/><E87/><V88/><F119/><W113/><G67/><T31/><D31/><U46/><E46/><V99/><F99/><W14/><G14/><T112/><D112/><U62/><E62/><V121/><F115/><W45/><G45/><T133/><D70/><U56/><E56/><V53/><F121/><N who="1" m="46665" /><E114/><V50/><F53/><W127/><G127/><T108/><D108/><U81/><E81/><V116/><F116/><W6/><G113/><T91/><D91/><U63/><E63/><V105/><F105/><W97/><G6/><T30/><D30/><U85/><E85/><V54/><F54/><W72/><G40/><T69/><D133/><RYUUKYOKU ba="0,0" sc="410,-15,139,15,260,15,191,-15" hai1="36,37,74,75,92,93,95" hai2="1,5,10,16,19,20,21,26,48,50,82,86,88" /><INIT seed="5,1,0,2,3,127" ten="395,154,275,176" oya="1" hai0="4,93,41,99,73,65,0,47,56,13,103,23,114" hai1="53,128,120,105,60,95,86,25,34,113,15,119,49" hai2="64,133,102,108,18,79,101,40,52,8,27,2,74" hai3="76,66,50,94,61,111,125,10,20,75,30,55,131"/><U6/><E119/><V134/><F108/><W28/><G111/><T36/><D114/><U11/><E113/><V121/><F121/><W22/><G125/><T110/><D110/><U116/><E120/><V48/><F64/><W89/><G10/><T1/><D73/><U43/><E116/><V109/><F40/><W5/><G5/><T106/><D106/><U58/><E105/><V112/><F112/><W31/><G76/><T92/><D92/><U104/><E104/><V54/><F54/><W68/><G75/><T82/><D82/><U78/><E34/><V124/><F124/><W19/><G131/><T35/><D35/><U85/><E25/><V46/><F109/><W24/><G22/><T57/><D57/><U84/><E128/><V3/><F79/><W77/><G77/><T130/><D130/><U83/><E95/><V71/><F71/><W118/><G118/><T29/><D4/><U59/><E58/><V132/><F74/><W42/><G42/><T51/><D36/><U80/><E83/><V96/><F27/><W9/><G9/><T69/><D69/><U91/><E91/><V88/><F18/><W135/><G135/><T117/><D117/><U129/><E129/><V32/><F32/><W45/><REACH who="3" step="1"/><G19/><REACH who="3" ten="395,154,275,166" step="2"/><T72/><D72/><U33/><REACH who="1" step="1"/><E33/><REACH who="1" ten="395,144,275,166" step="2"/><V87/><F133/><W97/><AGARI ba="1,2" hai="20,24,28,30,31,45,50,55,61,66,68,89,94,97" machi="97" ten="20,5200,0" yaku="1,1,2,1,0,1,7,1,53,0" doraHai="127" doraHaiUra="122" who="3" fromWho="3" sc="395,-14,144,-27,275,-14,166,75" /><INIT seed="6,0,0,4,5,25" ten="381,117,261,241" oya="2" hai0="61,97,1,105,122,31,94,96,129,77,23,55,21" hai1="131,93,40,30,80,60,74,19,71,103,86,114,37" hai2="120,99,107,14,0,125,38,75,18,100,17,22,130" hai3="133,113,54,69,46,36,66,63,106,8,73,123,3"/><V83/><F120/><W108/><RYUUKYOKU type="yao9" ba="0,0" sc="381,0,117,0,261,0,241,0" hai3="3,8,36,46,54,63,66,69,73,106,108,113,123,133" /><INIT seed="6,1,0,2,5,112" ten="381,117,261,241" oya="2" hai0="42,98,61,75,127,1,45,86,6,83,113,117,89" hai1="109,110,79,39,2,60,105,46,28,13,37,95,52" hai2="11,77,51,25,69,100,134,22,58,36,124,97,56" hai3="132,9,71,63,67,44,101,90,54,130,24,33,93"/><V43/><F69/><W91/><G130/><T107/><D113/><U82/><E105/><V29/><F36/><W30/><G132/><T103/><D127/><U80/><E2/><V55/><F124/><W72/><G72/><T125/><D125/><U66/><E28/><V47/><F134/><W38/><G9/><T17/><D17/><U131/><E13/><V111/><F77/><W84/><G101/><T102/><D103/><U41/><E95/><V122/><F122/><W20/><G91/><T23/><D23/><U115/><E82/><V21/><F58/><W40/><REACH who="3" step="1"/><G54/><REACH who="3" ten="381,117,261,231" step="2"/><T104/><D75/><U78/><E79/><V12/><F111/><W48/><G48/><N who="0" m="26679" /><D102/><U50/><E131/><V121/><F121/><W108/><G108/><T96/><D107/><U35/><E35/><AGARI ba="1,1" hai="20,24,30,33,35,38,40,44,63,67,71,84,90,93" machi="35" ten="40,1300,0" yaku="1,1,53,0" doraHai="112" doraHaiUra="135" who="3" fromWho="1" sc="381,0,117,-16,261,0,231,26" /><INIT seed="7,0,0,4,0,35" ten="381,101,261,257" oya="3" hai0="111,73,0,9,116,68,10,70,114,52,56,80,76" hai1="36,106,110,72,101,124,32,79,6,126,113,24,112" hai2="54,66,102,64,96,107,77,120,23,82,47,58,121" hai3="75,37,69,3,22,88,105,26,98,131,90,71,134"/><W14/><G75/><T4/><D111/><U13/><E36/><V95/><F23/><W129/><G14/><T28/><D116/><U34/><E106/><V2/><F2/><W84/><G37/><T63/><D28/><U43/><E72/><N who="2" m="43303" /><F95/><W57/><G57/><T130/><D114/><N who="1" m="44139" /><E101/><V33/><F47/><W83/><G134/><T50/><D130/><N who="3" m="49673" /><G3/><T19/><D9/><N who="1" m="4279" /><E43/><V127/><F33/><N who="1" m="12905" /><E79/><V99/><F99/><W65/><G65/><T45/><REACH who="0" step="1"/><D19/><REACH who="0" ten="371,101,261,257" step="2"/><U85/><E85/><V44/><F121/><W89/><G84/><T81/><D81/><U48/><E48/><V123/><F120/><W17/><G83/><T51/><D51/><U93/><E93/><V61/><F123/><W38/><G38/><T115/><D115/><U21/><E110/><V119/><F119/><W135/><G135/><T86/><D86/><U1/><E126/><V132/><F127/><W108/><G108/><T122/><D122/><U87/><E124/><V67/><F132/><W109/><G109/><T100/><D100/><AGARI ba="0,1" hai="17,22,26,69,71,88,89,90,98,100,105" m="49673" machi="100" ten="30,2900,0" yaku="19,1,54,1" doraHai="35" who="3" fromWho="0" sc="371,-29,101,0,261,0,257,39" /><INIT seed="7,1,0,0,4,49" ten="342,101,261,296" oya="3" hai0="61,12,14,115,120,99,3,97,2,124,29,59,110" hai1="1,118,130,134,7,94,52,54,19,117,106,67,25" hai2="83,6,39,70,75,128,86,126,32,13,27,53,72" hai3="109,62,89,81,63,96,17,64,84,107,28,57,58"/><W68/><G109/><T11/><D110/><U60/><E106/><V132/><F39/><W20/><G28/><T79/><D120/><U125/><E134/><V133/><F70/><W135/><G135/><N who="2" m="51785" /><F32/><W127/><G127/><T10/><D99/><U112/><E125/><V56/><F126/><W37/><G37/><T30/><D97/><U73/><E130/><V47/><F27/><W71/><G107/><T78/><D59/><U15/><E73/><V65/><F128/><W129/><G129/><T21/><D61/><U103/><E25/><V119/><F119/><N who="1" m="45577" /><E112/><V116/><F65/><W5/><G5/><T9/><D124/><U66/><E66/><V92/><F92/><W114/><G114/><T44/><D44/><U43/><E43/><V85/><F47/><W42/><G42/><T33/><D115/><U113/><E113/><V50/><F116/><W48/><G96/><T122/><D122/><U105/><E94/><V51/><F51/><W131/><G48/><T98/><D98/><N who="1" m="61687" /><E1/><N who="0" m="9" /><D21/><N who="1" m="11519" /><E7/><V74/><F83/><W22/><G131/><T16/><D33/><U101/><E101/><V38/><F38/><W31/><G71/><T36/><D36/><U55/><E55/><V91/><F91/><W26/><REACH who="3" step="1"/><G63/><REACH who="3" ten="342,101,261,286" step="2"/><T76/><D16/><U69/><AGARI ba="1,1" hai="52,54,60,67,69" m="11519,61687,45577" machi="69" ten="30,7900,0" yaku="12,1,52,2,54,1" doraHai="49" who="1" fromWho="1" sc="342,-21,101,92,261,-21,286,-40" owari="321,42.0,193,-31.0,240,-16.0,246,5.0" /></mjloggm>