<mjloggm ver="2.3"><GO type="41" lobby="0"/><UN n0="%E7%8E%8B%E7%89%8C%E5%BC%B7%E3%80%8C%E4%BB%AE%E3%80%8D" n1="%6E%61%72%69%63%68%61%6E" n2="%E2%93%9D%53%75%70%68%78" n3="%E2%93%9D%4E%41%47%41%32%35" dan="14,14,18,17" rate="1957.52,1825.39,2086.97,2094.50" sx="M,M,M,F"/><TAIKYOKU oya="0"/><INIT seed="0,0,0,2,3,33" ten="250,250,250,250" oya="0" hai0="130,58,111,75,45,96,73,11,116,64,9,12,67" hai1="131,14,56,34,6,28,125,126,30,98,129,41,69" hai2="57,104,94,55,80,8,43,115,121,92,102,32,135" hai3="71,22,15,77,50,114,127,16,31,70,52,128,39"/><T47/><D116/><U36/><E69/><V3/><F32/><W42/><G114/><T93/><D130/><N who="1" m="49675" /><E41/><V113/><F121/><W84/><G128/><T123/><D123/><U95/><E36/><V72/><F104/><W19/><G127/><N who="1" m="48650" /><E34/><V78/><F135/><W7/><G31/><T40/><D111/><U17/><E56/><V87/><F43/><W88/><G77/><T68/><D68/><U119/><E119/><V61/><F115/><W106/><G106/><T109/><D109/><U99/><E99/><V46/><F46/><W76/><G76/><T134/><D58/><U24/><E98/><V101/><F113/><W44/><G7/><T85/><D96/><U120/><E95/><V59/><F94/><W25/><G39/><T27/><D93/><U1/><E24/><V112/><F112/><W86/><G42/><T133/><D27/><U4/><E120/><V97/><F59/><W60/><G60/><T38/><D40/><U18/><E18/><V48/><F61/><W0/><G71/><T107/><D107/><U23/><E1/><V124/><F124/><W100/><G0/><T132/><D38/><U5/><AGARI ba="0,0" hai="4,5,6,14,17,23,28,30" m="48650,49675" machi="5" ten="40,8000,1" yaku="19,1,18,1,34,2" doraHai="33" who="1" fromWho="1" sc="250,-40,250,80,250,-20,250,-20" /><INIT seed="1,0,0,1,0,19" ten="210,330,230,230" oya="1" hai0="130,131,60,80,75,2,82,129,72,70,54,23,99" hai1="125,117,5,32,105,123,40,74,28,93,77,98,104" hai2="17,0,121,51,71,133,18,59,107,30,34,128,33" hai3="7,79,8,45,56,62,89,12,102,67,84,52,46"/><U126/><E117/><V9/><F71/><W16/><G79/><T35/><D35/><U27/><E40/><V44/><F107/><W92/><G102/><T43/><D2/><U57/><E5/><V63/><F121/><W111/><G111/><T65/><D43/><U134/><E123/><V37/><F37/><W90/><G67/><T55/><D99/><U76/><E76/><V21/><F128/><W120/><G120/><T94/><D94/><U38/><E38/><V22/><F30/><W83/><G7/><T87/><D82/><U15/><E15/><V124/><F124/><W113/><G113/><T25/><D75/><U108/><E108/><V58/><F133/><W112/><G112/><T10/><D10/><U103/><E57/><V91/><F9/><W73/><G73/><T41/><D41/><U3/><E3/><V11/><F11/><W86/><AGARI ba="0,0" hai="8,12,16,45,46,52,56,62,83,84,86,89,90,92" machi="86" ten="20,8000,1" yaku="0,1,7,1,8,1,54,2" doraHai="19" who="3" fromWho="3" sc="210,-20,330,-40,230,-20,230,80" /><INIT seed="2,0,0,0,4,20" ten="190,290,210,310" oya="2" hai0="132,87,6,104,113,21,115,127,52,29,41,37,117" hai1="120,73,118,129,70,114,103,135,85,74,109,76,91" hai2="36,2,84,46,102,69,77,121,10,18,112,122,105" hai3="54,82,94,22,92,71,38,51,3,15,130,67,1"/><V25/><F112/><W93/><G38/><T35/><D104/><U96/><E70/><V134/><F69/><W16/><G130/><T33/><D6/><U61/><E61/><V8/><F134/><W40/><G40/><T42/><D87/><U53/><E53/><V124/><F124/><W48/><G48/><T60/><D132/><U111/><E114/><V39/><F102/><W23/><G82/><T79/><D79/><U72/><E135/><V45/><F105/><W63/><REACH who="3" step="1"/><G23/><REACH who="3" ten="190,290,210,300" step="2"/><T90/><D21/><U50/><E50/><V89/><F39/><W128/><G128/><T88/><D37/><U49/><E49/><V19/><F36/><W80/><G80/><T125/><D115/><U86/><E129/><V66/><F122/><W110/><G110/><T56/><D113/><U107/><E120/><V81/><F121/><W99/><G99/><T14/><D35/><U34/><E34/><V97/><F97/><W11/><G11/><T32/><D32/><U43/><E43/><V31/><F10/><W17/><G17/><T68/><D42/><U116/><E111/><V58/><F19/><W78/><G78/><T57/><D41/><U5/><E109/><V119/><F18/><W24/><G24/><N who="0" m="18599" /><D14/><U28/><E5/><N who="2" m="1079" /><F77/><W30/><G30/><T62/><D68/><U75/><E28/><V0/><F31/><W47/><AGARI ba="0,1" hai="1,3,15,16,22,47,51,54,63,67,71,92,93,94" machi="47" ten="30,4000,0" yaku="1,1,0,1,54,1,53,0" doraHai="20" doraHaiUra="101" who="3" fromWho="3" sc="190,-10,290,-10,210,-20,300,50" /><INIT seed="3,0,0,5,4,115" ten="180,280,190,350" oya="3" hai0="27,17,55,105,120,132,31,59,8,95,91,93,108" hai1="121,60,14,67,44,34,76,21,79,64,134,114,126" hai2="125,96,110,1,45,10,130,98,54,127,71,84,5" hai3="49,89,36,58,39,42,131,119,100,112,65,124,29"/><W33/><G112/><T62/><D108/><U22/><E34/><V104/><F71/><W122/><G122/><T38/><D38/><U72/><E44/><V26/><F110/><W77/><G77/><T113/><D132/><U135/><E60/><V56/><F130/><W88/><G100/><T2/><D120/><U37/><E14/><V25/><F84/><W40/><G131/><T101/><D105/><U78/><E121/><V46/><F46/><W48/><G124/><N who="2" m="47689" /><F45/><W123/><G123/><T20/><D95/><U111/><E126/><V118/><F118/><W117/><G29/><T74/><D74/><U68/><E72/><V51/><F104/><W133/><G33/><T0/><D101/><U43/><E114/><V47/><F47/><W85/><G85/><T50/><D113/><U32/><E32/><V109/><F109/><W53/><G58/><T18/><D2/><U13/><E111/><V24/><AGARI ba="0,0" hai="1,5,10,24,25,26,51,54,56,96,98" m="47689" machi="24" ten="30,1100,0" yaku="18,1" doraHai="115" who="2" fromWho="2" sc="180,-3,280,-3,190,11,350,-5" /><INIT seed="4,0,0,1,5,107" ten="177,277,201,345" oya="0" hai0="71,96,15,48,81,36,128,37,20,49,127,18,7" hai1="1,61,22,78,93,66,55,24,43,14,62,10,9" hai2="116,123,109,121,105,111,68,95,74,42,73,29,31" hai3="85,57,92,13,2,130,72,59,11,114,117,56,115"/><T126/><D71/><U4/><E43/><V54/><F68/><W79/><G117/><T97/><D128/><U12/><E55/><V44/><F54/><W106/><G106/><T27/><D37/><U70/><E62/><V88/><F105/><W94/><G2/><T60/><D36/><U112/><E78/><V34/><F116/><W65/><G65/><T76/><D60/><U119/><E112/><N who="3" m="43050" /><G85/><T83/><D83/><U89/><E9/><V35/><F42/><W80/><G130/><T120/><D120/><U0/><E0/><V16/><F16/><AGARI ba="0,0" hai="11,13,16,56,57,59,72,79,80,92,94" m="43050" machi="16" ten="30,3900,0" yaku="15,1,52,1,54,1" doraHai="107" who="3" fromWho="2" sc="177,0,277,0,201,-39,345,39" /><INIT seed="5,0,0,4,3,51" ten="177,277,162,384" oya="1" hai0="126,84,12,97,131,119,71,74,100,41,11,94,125" hai1="2,83,56,63,53,39,70,88,9,87,19,29,66" hai2="103,109,30,60,36,67,23,26,49,107,73,58,101" hai3="111,80,117,43,32,75,133,4,40,82,95,76,22"/><U65/><E39/><V112/><F109/><W127/><G32/><T25/><D71/><U90/><E29/><V104/><F36/><W59/><G111/><T24/><D119/><U17/><E2/><V89/><F73/><W7/><G117/><T81/><D131/><U37/><E37/><V21/><F112/><W64/><G127/><T122/><D41/><U6/><E6/><V33/><F89/><W57/><G133/><T132/><D74/><U115/><E115/><V44/><F107/><W46/><G95/><T28/><D132/><U42/><E42/><V68/><F58/><W110/><G110/><T118/><D118/><U93/><E9/><V55/><REACH who="2" step="1"/><F103/><REACH who="2" ten="177,277,152,384" step="2"/><W3/><G59/><T85/><D122/><U72/><E72/><V15/><F15/><W102/><G57/><T98/><D98/><AGARI ba="0,1" hai="21,23,26,30,33,44,49,55,60,67,68,98,101,104" machi="98" ten="40,8000,1" yaku="1,1,25,2,52,1,53,0" doraHai="51" doraHaiUra="116" who="2" fromWho="0" sc="177,-80,277,0,152,90,384,0" /><INIT seed="6,0,0,3,1,54" ten="97,277,242,384" oya="2" hai0="61,43,87,11,6,67,13,64,75,2,91,125,49" hai1="8,95,15,90,73,46,38,0,50,63,39,80,96" hai2="45,27,18,86,114,53,66,20,106,21,132,52,65" hai3="69,24,76,129,103,25,92,35,124,12,121,97,56"/><V82/><F106/><W37/><G69/><T47/><D125/><U135/><E0/><V83/><F114/><W131/><G121/><T28/><D75/><U110/><E110/><V116/><F132/><W55/><G37/><T7/><D28/><U36/><E63/><V34/><F34/><W104/><G124/><T133/><D133/><U4/><E135/><V88/><F116/><W62/><G76/><T9/><D2/><U60/><E60/><V115/><F115/><W89/><G12/><T1/><D1/><U17/><E73/><V84/><F21/><W85/><REACH who="3" step="1"/><G35/><REACH who="3" ten="97,277,242,374" step="2"/><T111/><D111/><U93/><E80/><V19/><F45/><W72/><G72/><T30/><D30/><U100/><E36/><V57/><F19/><W122/><G122/><T59/><D11/><U123/><E17/><V99/><F99/><W23/><G23/><T16/><REACH who="0" step="1"/><D67/><REACH who="0" ten="87,277,242,374" step="2"/><U29/><E29/><V5/><F66/><W120/><G120/><T108/><D108/><U22/><E123/><V126/><F126/><W130/><AGARI ba="0,2" hai="24,25,55,56,62,85,89,92,97,103,104,129,130,131" machi="130" ten="30,7900,0" yaku="1,1,0,1,19,1,52,1,53,0" doraHai="54" doraHaiUra="79" who="3" fromWho="3" sc="87,-20,277,-20,242,-39,374,99" /><INIT seed="7,0,0,2,0,84" ten="67,257,203,473" oya="3" hai0="2,68,108,100,29,120,82,28,12,94,53,20,131" hai1="26,27,99,89,72,125,110,115,35,51,81,6,65" hai2="61,90,85,73,17,97,22,79,77,66,95,133,5" hai3="44,109,134,43,129,63,87,23,91,104,42,50,62"/><W7/><G104/><T126/><D126/><U45/><BYE who="0" /><E110/><V18/><F133/><W123/><G123/><T121/><D121/><U132/><E65/><V102/><F5/><W3/><G129/><T74/><D74/><U135/><E6/><V78/><F73/><W19/><G134/><N who="1" m="51242" /><E115/><V57/><REACH who="2" step="1"/><F22/><REACH who="2" ten="67,257,193,473" step="2"/><W16/><G23/><T37/><D37/><U105/><E72/><V25/><F25/><W58/><G7/><T32/><D32/><U127/><E35/><V47/><F47/><W11/><G44/><T0/><D0/><U92/><E27/><V93/><AGARI ba="0,1" hai="17,18,57,61,66,77,78,79,85,90,93,95,97,102" machi="93" ten="30,12000,2" yaku="1,1,0,1,8,1,52,1,53,2" doraHai="84" doraHaiUra="13" who="2" fromWho="2" sc="67,-30,257,-30,193,130,473,-60" owari="37,-46.0,227,-17.0,323,12.0,413,51.0" /></mjloggm>