<mjloggm ver="2.3"><GO type="41" lobby="0"/><UN n0="%E7%94%A3%E5%9C%B0%E7%9B%B4%E9%80%81%E3%83%8B%E3%83%BC%E3%82%BD" n1="%E3%81%95%E3%82%93%E3%81%8D%E3%81%A3%E3%81%A1%E3%82%83%E3%82%93" n2="%E3%80%8C%E3%83%92%E3%83%AD%E3%80%8D%34%30" n3="%E2%93%9D%53%75%70%68%78" dan="13,13,14,18" rate="1897.73,1909.00,1985.76,2107.10" sx="M,M,M,M"/><TAIKYOKU oya="0"/><INIT seed="0,0,0,4,2,26" ten="250,250,250,250" oya="0" hai0="24,125,121,7,21,55,8,111,129,116,17,134,9" hai1="88,70,39,28,127,114,73,54,117,92,53,35,42" hai2="2,33,37,89,67,43,103,106,122,96,30,49,93" hai3="0,15,86,57,110,87,104,76,62,135,113,131,65"/><T40/><D116/><U112/><E117/><V63/><F122/><W59/><G0/><T105/><D105/><U108/><E73/><V36/><F2/><W60/><G113/><N who="1" m="43626" /><E70/><V77/><F49/><W115/><G110/><T18/><D121/><U10/><E108/><V72/><F43/><W64/><G115/><T98/><D111/><U79/><E127/><V16/><F16/><W99/><G131/><T71/><D71/><U74/><E10/><V4/><F4/><W44/><G135/><T51/><D125/><U124/><E74/><V120/><F120/><W107/><G99/><T102/><D129/><U123/><E79/><V27/><F77/><W47/><G76/><T90/><D90/><U66/><E66/><V132/><F72/><W97/><G97/><T133/><D40/><U84/><E124/><V34/><F34/><W13/><AGARI ba="0,0" hai="13,15,44,47,57,59,60,62,64,65,86,87,104,107" machi="13" ten="25,3200,0" yaku="0,1,22,2" doraHai="26" who="3" fromWho="3" sc="250,-16,250,-8,250,-8,250,32" /><INIT seed="1,0,0,0,4,16" ten="234,242,242,282" oya="1" hai0="105,36,53,25,12,43,76,30,60,1,49,61,88" hai1="21,48,11,6,112,42,100,34,78,0,20,55,118" hai2="87,117,26,62,91,127,3,102,4,47,94,31,123" hai3="85,110,59,82,63,67,104,130,93,121,57,65,10"/><U51/><E118/><V29/><F117/><W23/><G110/><T97/><D1/><U50/><E112/><V58/><F123/><W98/><G130/><T103/><D76/><U99/><E34/><V113/><F127/><W2/><G104/><T8/><D36/><U81/><E42/><V38/><F113/><W135/><G135/><T125/><D43/><U90/><E90/><V92/><F38/><W54/><G10/><T72/><D72/><U13/><E0/><V86/><F47/><W18/><G2/><T52/><D53/><U46/><E46/><V70/><F70/><W24/><G59/><T124/><D88/><U133/><E55/><V107/><F107/><W9/><G9/><T44/><D124/><U89/><E89/><V111/><F111/><W79/><G121/><T84/><D84/><N who="1" m="48183" /><E133/><V33/><F33/><W132/><G132/><T108/><D108/><U77/><E77/><V27/><F91/><AGARI ba="0,0" hai="18,23,24,54,57,63,65,67,79,82,85,91,93,98" machi="91" ten="30,8000,1" yaku="7,1,25,2,8,1,52,1" doraHai="16" who="3" fromWho="2" sc="234,0,242,0,242,-80,282,80" /><INIT seed="2,0,0,0,0,135" ten="234,242,162,362" oya="2" hai0="31,84,67,125,23,124,73,119,47,20,51,7,74" hai1="100,45,9,19,59,62,107,18,97,88,50,22,15" hai2="66,109,26,98,87,34,75,63,116,102,5,11,6" hai3="110,57,104,89,133,111,48,43,56,103,64,86,53"/><V123/><F75/><W36/><G103/><T65/><D7/><U120/><E120/><V79/><F123/><W21/><G104/><T113/><D113/><U12/><E45/><V130/><F116/><W35/><G35/><T17/><D84/><U46/><E46/><V16/><F130/><W92/><G133/><T13/><D119/><U28/><E28/><V32/><F109/><N who="3" m="41483" /><G21/><T61/><D20/><U114/><E50/><V27/><F79/><W25/><G25/><T134/><D31/><U70/><E70/><V4/><F87/><W95/><G43/><T115/><D115/><U38/><E114/><V105/><F27/><W72/><G72/><T90/><D90/><U117/><E38/><V49/><F49/><W93/><G36/><T122/><D122/><U108/><E108/><V131/><F131/><W121/><G121/><T101/><D101/><U42/><E42/><V78/><F78/><W44/><G64/><N who="0" m="24651" /><D61/><U129/><E129/><V40/><F40/><W91/><G91/><T24/><D24/><U85/><E117/><V52/><F52/><W94/><AGARI ba="0,0" hai="44,48,53,56,57,86,89,92,93,94,95" m="41483" machi="94" ten="30,1100,0" yaku="14,1" doraHai="135" who="3" fromWho="3" sc="234,-3,242,-3,162,-5,362,11" /><INIT seed="3,0,0,1,4,53" ten="231,239,157,373" oya="3" hai0="50,47,81,118,127,71,95,133,43,114,40,38,73" hai1="105,36,132,102,23,84,51,76,59,15,106,72,4" hai2="90,37,26,124,24,115,130,67,8,18,116,30,93" hai3="29,110,134,126,46,31,17,65,120,131,57,32,87"/><W2/><G120/><T19/><D118/><U3/><E132/><V39/><F116/><W92/><G2/><T75/><D71/><U68/><E36/><V63/><F115/><W121/><G131/><T52/><D133/><U94/><E68/><V49/><F130/><W16/><G126/><T88/><D127/><U11/><E3/><V48/><F124/><W64/><G121/><T21/><D114/><U119/><E119/><V79/><F79/><W78/><G46/><T97/><D81/><U20/><E106/><V98/><F39/><W86/><G32/><T27/><REACH who="0" step="1"/><D43/><REACH who="0" ten="221,239,157,373" step="2"/><U41/><E41/><V77/><F37/><W33/><G134/><T107/><D107/><U113/><E105/><V96/><F77/><W6/><G78/><T80/><D80/><U54/><E113/><V112/><F112/><W104/><G104/><T22/><D22/><U123/><E123/><V125/><F125/><W62/><G33/><T89/><D89/><U7/><E72/><V44/><F90/><W0/><G92/><T14/><D14/><U28/><E102/><V45/><F93/><W9/><G0/><T74/><D74/><U61/><E94/><V109/><F26/><W122/><G122/><T108/><D108/><U82/><E23/><V85/><F109/><W69/><G69/><T10/><D10/><U13/><E20/><V12/><F24/><W5/><G110/><T58/><AGARI ba="0,1" hai="19,21,27,38,40,47,50,52,58,73,75,88,95,97" machi="58" ten="20,12000,2" yaku="1,1,0,1,7,1,52,1,54,2,53,0" doraHai="53" doraHaiUra="60" who="0" fromWho="0" sc="221,130,239,-30,157,-30,373,-60" /><INIT seed="4,0,0,3,1,72" ten="351,209,127,313" oya="0" hai0="124,91,13,82,86,128,0,103,6,34,44,101,65" hai1="115,31,17,111,33,2,26,22,56,102,125,105,30" hai2="18,110,11,69,10,7,66,121,37,42,60,119,79" hai3="71,24,16,25,50,41,108,122,1,112,76,4,117"/><T59/><D124/><U28/><E105/><V46/><F110/><W109/><G71/><T9/><D34/><U55/><E111/><V19/><F121/><W61/><G117/><T12/><D128/><U5/><E102/><V36/><F119/><W35/><G61/><T64/><D44/><U84/><E84/><V38/><F38/><W89/><G112/><T100/><D0/><U78/><E115/><V63/><F36/><W23/><G89/><T43/><D43/><U131/><E131/><V68/><F79/><W87/><G122/><T29/><D29/><U99/><E99/><V32/><F32/><W53/><G41/><T126/><D126/><U15/><E125/><V120/><F11/><W85/><G85/><T14/><D64/><U67/><E78/><V3/><F120/><W58/><G4/><T20/><D20/><U48/><E67/><AGARI ba="0,0" hai="3,7,10,18,19,37,42,46,60,63,66,67,68,69" machi="67" ten="40,1300,0" yaku="9,1" doraHai="72" who="2" fromWho="1" sc="351,0,209,-13,127,13,313,0" /><INIT seed="5,0,0,1,1,35" ten="351,196,140,313" oya="1" hai0="75,57,56,133,114,54,26,87,61,46,90,101,106" hai1="95,124,120,80,47,58,110,28,36,127,108,89,2" hai2="118,116,5,32,15,18,112,96,88,22,29,45,100" hai3="27,135,13,67,63,16,1,59,33,134,34,93,21"/><U51/><E120/><V117/><F112/><W14/><G1/><T81/><D114/><U126/><E36/><V10/><F45/><W20/><G93/><T84/><D133/><N who="3" m="50697" /><G14/><T83/><D75/><U132/><E132/><V111/><F111/><N who="1" m="42537" /><E80/><V78/><F78/><W17/><AGARI ba="0,0" hai="13,16,17,20,21,27,33,34,59,63,67" m="50697" machi="17" ten="30,2000,0" yaku="20,1,54,1" doraHai="35" who="3" fromWho="3" sc="351,-5,196,-10,140,-5,313,20" /><INIT seed="6,0,0,2,4,16" ten="346,186,135,333" oya="2" hai0="57,29,68,108,33,28,42,45,66,115,127,99,135" hai1="12,25,132,97,125,91,60,90,55,70,118,88,102" hai2="83,74,110,129,101,31,86,128,26,112,47,67,38" hai3="107,41,58,10,4,117,92,21,59,71,27,18,95"/><V20/><F74/><W81/><G71/><T61/><D108/><U105/><E132/><V123/><F110/><W49/><G107/><T23/><D135/><U65/><E125/><V76/><F123/><W2/><G117/><T43/><D127/><U22/><E118/><V94/><F112/><W11/><G81/><T15/><D115/><U131/><E131/><N who="2" m="50251" /><F67/><W50/><G11/><T5/><D33/><U114/><E114/><V8/><F8/><W62/><G59/><T32/><D32/><U73/><E73/><V122/><F122/><W3/><G3/><T34/><D34/><U52/><REACH who="1" step="1"/><E12/><REACH who="1" ten="346,176,135,333" step="2"/><V104/><F104/><W37/><G2/><T89/><D15/><U64/><E64/><V1/><F1/><W98/><G4/><T93/><D66/><U30/><AGARI ba="0,1" hai="22,25,30,52,55,60,65,70,88,90,91,97,102,105" machi="30" ten="30,8000,1" yaku="1,1,0,1,52,1,54,2,53,0" doraHai="16" doraHaiUra="134" who="1" fromWho="1" sc="346,-20,176,90,135,-40,333,-20" /><INIT seed="7,0,0,4,3,131" ten="326,266,95,313" oya="3" hai0="102,57,50,86,78,87,72,133,43,97,98,100,32" hai1="12,27,48,5,18,81,112,47,62,16,20,118,1" hai2="114,61,71,93,76,30,127,29,103,7,54,21,109" hai3="104,64,80,38,69,44,105,59,116,132,35,90,84"/><W108/><G116/><T75/><D32/><U99/><E112/><V77/><F109/><W13/><G69/><T66/><D66/><U46/><E118/><V36/><F36/><W124/><G35/><T15/><D43/><U51/><E1/><V135/><F114/><W68/><G68/><T92/><D15/><U26/><E5/><V41/><F41/><W58/><G124/><T55/><D133/><U24/><E62/><V31/><F127/><W106/><G108/><T110/><D110/><U37/><E37/><V14/><F71/><W126/><G126/><T79/><D50/><U125/><E125/><V40/><F40/><W63/><G59/><T11/><D11/><U0/><E0/><V130/><F130/><W25/><G25/><T129/><D129/><U3/><E3/><V115/><F115/><W134/><G13/><T4/><D4/><U101/><E81/><V119/><F119/><W107/><G107/><N who="0" m="63887" /><D57/><U22/><E12/><V82/><F21/><W9/><G9/><T2/><D2/><U8/><E8/><V83/><F14/><W56/><G56/><T122/><D55/><U67/><E67/><V19/><F19/><W45/><REACH who="3" step="1"/><G38/><REACH who="3" ten="326,266,95,303" step="2"/><T70/><D70/><U34/><E34/><V111/><F111/><W85/><G85/><N who="0" m="32267" /><D122/><U89/><E27/><V28/><F61/><W42/><G42/><T65/><D65/><U60/><E60/><V23/><N who="2" m="7168" /><DORA hai="123" /><V95/><F23/><W94/><G94/><T39/><D39/><U10/><E10/><V121/><F95/><W74/><G74/><AGARI ba="0,1" hai="72,74,75,78,79,92,98,102" m="32267,63887" machi="74" ten="30,8000,1" yaku="35,5" doraHai="131,123" who="0" fromWho="3" sc="326,90,266,0,95,0,303,-80" owari="416,51.0,266,7.0,95,-40.0,223,-18.0" /></mjloggm>