<mjloggm ver="2.3"><GO type="41" lobby="0"/><UN n0="%E2%93%9D%53%75%70%68%78" n1="%E3%82%84%E3%81%A9%E3%82%93%EF%BC%9F" n2="%E9%99%B0%E7%8D%A3" n3="%E9%89%9B%E7%AD%86%E4%BB%99%E4%BA%BA" dan="18,14,14,14" rate="2112.63,1944.70,1960.08,1857.58" sx="M,M,M,M"/><TAIKYOKU oya="0"/><INIT seed="0,0,0,5,5,59" ten="250,250,250,250" oya="0" hai0="87,108,123,119,109,30,116,55,83,54,29,106,120" hai1="104,94,96,10,56,62,38,15,134,16,88,53,20" hai2="61,49,63,110,22,115,25,124,114,74,27,17,68" hai3="98,23,131,3,89,80,72,12,79,2,26,47,84"/><T44/><D44/><U128/><E134/><V111/><F74/><W82/><G131/><T13/><D13/><U135/><E135/><V4/><F68/><W121/><G121/><N who="0" m="46667" /><D106/><U129/><E38/><V122/><F122/><W76/><G47/><T103/><D103/><U71/><E71/><V48/><F4/><W0/><G98/><T101/><D101/><U43/><E43/><V42/><F124/><W70/><G70/><T64/><D64/><U81/><E81/><V45/><F48/><W92/><G12/><T67/><D67/><U57/><E104/><V132/><F132/><W85/><REACH who="3" step="1"/><G3/><REACH who="3" ten="250,250,250,240" step="2"/><T21/><D119/><U11/><REACH who="1" step="1"/><E57/><REACH who="1" ten="250,240,250,240" step="2"/><V8/><F115/><W41/><G41/><T9/><D116/><U1/><E1/><V69/><F114/><W60/><G60/><T97/><D109/><N who="2" m="41482" /><F69/><W40/><G40/><T36/><D108/><U112/><E112/><V73/><F42/><W51/><G51/><T99/><D36/><U33/><E33/><V91/><F49/><W95/><G95/><T14/><D83/><U102/><E102/><V65/><F63/><W127/><G127/><T28/><D21/><U58/><E58/><V78/><F61/><W32/><G32/><T6/><D55/><U130/><AGARI ba="0,2" hai="10,11,15,16,20,53,56,62,88,94,96,128,129,130" machi="130" ten="30,16000,3" yaku="1,1,0,1,19,1,52,1,54,2,53,2" doraHai="59" doraHaiUra="7" who="1" fromWho="1" sc="250,-80,240,180,250,-40,240,-40" /><INIT seed="1,0,0,1,0,60" ten="170,420,210,200" oya="1" hai0="53,125,119,40,85,67,7,38,59,35,33,21,131" hai1="80,56,94,133,135,77,50,68,61,117,9,6,69" hai2="91,57,29,52,22,75,23,70,121,76,127,84,97" hai3="83,115,122,113,93,15,64,79,20,123,41,90,14"/><U19/><E117/><V102/><F127/><W24/><G41/><T128/><D7/><U0/><E19/><V25/><F70/><W99/><G14/><T71/><D21/><U134/><E94/><V13/><F121/><W2/><G2/><T110/><D85/><U112/><E50/><V62/><F75/><W98/><G15/><T51/><D110/><U126/><E112/><V96/><F76/><W78/><G20/><T92/><D92/><U12/><E0/><V120/><F120/><N who="3" m="46123" /><G24/><T109/><D109/><U4/><E4/><V48/><F102/><N who="3" m="60751" /><G64/><T47/><D119/><U105/><E105/><V55/><F13/><W34/><G34/><N who="0" m="12811" /><D125/><U72/><REACH who="1" step="1"/><E126/><REACH who="1" ten="170,410,210,200" step="2"/><V46/><F22/><W89/><G115/><T73/><D131/><U100/><E100/><V118/><F118/><W82/><G113/><T30/><D128/><U37/><E37/><V106/><F106/><W27/><G27/><T44/><D38/><U49/><E49/><V32/><F32/><W63/><G63/><T66/><D51/><U8/><E8/><V65/><F55/><AGARI ba="0,1" hai="6,9,12,55,56,61,68,69,72,77,80,133,134,135" machi="55" ten="40,3900,0" yaku="1,1,20,1,53,0" doraHai="60" doraHaiUra="45" who="1" fromWho="2" sc="170,0,410,49,210,-39,200,0" /><INIT seed="1,1,0,4,4,81" ten="170,459,171,200" oya="1" hai0="97,92,113,0,66,8,78,9,38,62,116,103,44" hai1="124,15,46,91,48,49,24,5,20,119,75,93,82" hai2="115,100,128,77,39,107,43,127,121,50,37,84,74" hai3="17,19,31,47,71,117,109,57,67,96,29,64,118"/><U58/><E119/><N who="3" m="45578" /><G109/><T101/><D113/><U32/><E32/><V88/><F121/><W70/><G96/><T134/><D134/><U11/><E124/><V87/><F115/><W36/><G57/><T63/><D116/><U79/><E46/><V25/><F127/><W95/><G95/><T35/><D35/><U104/><E104/><V54/><F128/><W52/><G47/><T129/><D78/><U33/><E33/><V21/><F43/><W65/><G36/><T22/><D129/><U23/><E58/><V28/><F74/><W10/><G10/><T56/><D103/><U86/><REACH who="1" step="1"/><E23/><REACH who="1" ten="170,449,171,200" step="2"/><V123/><F123/><W120/><G120/><T68/><D22/><U90/><E90/><V14/><F107/><W3/><G71/><T122/><D122/><U130/><E130/><V2/><F100/><W53/><G70/><T12/><D68/><U135/><E135/><V30/><F21/><W40/><G40/><T42/><D42/><U76/><E76/><V34/><F77/><W26/><G3/><T59/><D0/><U133/><E133/><V94/><F2/><W16/><G26/><T114/><D114/><U80/><E80/><V7/><F34/><W111/><G111/><T112/><D112/><U73/><E73/><V102/><F102/><W41/><G41/><N who="0" m="22583" /><D12/><U89/><E89/><V110/><F110/><W55/><AGARI ba="1,1" hai="16,17,19,29,31,52,53,55,64,65,67" m="45578" machi="55" ten="40,12000,2" yaku="29,2,28,2,12,1,54,2" doraHai="81" who="3" fromWho="3" sc="170,-31,449,-61,171,-31,200,133" /><INIT seed="2,0,0,0,2,23" ten="139,388,140,333" oya="2" hai0="29,112,52,19,70,104,41,2,121,106,119,15,102" hai1="131,53,98,62,28,4,82,80,113,86,11,99,46" hai2="90,75,51,72,89,54,16,37,123,34,18,71,73" hai3="118,61,81,60,125,27,3,47,88,44,117,38,68"/><V85/><F37/><W74/><G3/><T69/><D121/><U36/><E113/><V5/><F123/><W110/><G110/><T40/><D2/><U64/><E131/><V39/><F39/><W115/><G115/><T45/><D112/><U91/><E82/><V107/><F107/><W26/><G38/><T97/><D29/><U20/><E20/><V33/><F71/><W130/><G130/><T95/><D70/><U50/><E28/><V35/><F5/><W128/><G128/><T30/><D69/><U31/><E31/><V87/><F54/><W76/><G125/><T79/><D79/><U92/><E92/><V57/><F57/><W1/><G1/><T94/><D119/><U100/><E100/><V111/><F51/><W12/><G12/><T43/><D30/><U25/><E25/><V109/><F109/><W105/><G105/><T22/><REACH who="0" step="1"/><D106/><REACH who="0" ten="129,388,140,333" step="2"/><U6/><E36/><V14/><F111/><W13/><G68/><T58/><D58/><N who="1" m="36951" /><E6/><V42/><F42/><W78/><G74/><T48/><AGARI ba="0,1" hai="15,19,22,40,41,43,45,48,52,94,95,97,102,104" machi="48" ten="30,4000,0" yaku="1,1,0,1,54,1,53,0" doraHai="23" doraHaiUra="122" who="0" fromWho="0" sc="129,50,388,-10,140,-20,333,-10" /><INIT seed="3,0,0,2,2,25" ten="179,378,120,323" oya="3" hai0="53,39,23,66,0,63,79,113,67,33,121,70,40" hai1="4,82,36,88,119,104,116,58,107,75,6,109,1" hai2="34,83,125,73,38,27,46,91,15,76,86,32,92" hai3="22,7,108,50,18,115,101,17,42,59,77,72,60"/><W13/><G115/><T48/><D33/><U31/><E36/><V68/><F125/><W16/><G7/><N who="1" m="2602" /><E109/><V5/><F68/><W132/><G132/><T45/><D79/><U57/><E1/><V28/><F38/><W134/><G134/><T9/><D9/><U99/><E99/><V3/><F3/><W129/><G129/><T126/><D23/><U122/><E122/><V37/><F37/><W94/><G108/><T103/><D103/><U96/><E96/><V97/><F46/><N who="3" m="25943" /><G77/><T117/><D0/><U64/><E64/><V102/><F15/><W81/><G72/><T51/><D121/><U61/><E61/><V69/><F5/><W95/><G81/><T71/><D117/><N who="1" m="45131" /><E75/><V35/><REACH who="2" step="1"/><F69/><REACH who="2" ten="179,378,110,323" step="2"/><N who="0" m="26122" /><D113/><U80/><E58/><V100/><F100/><W56/><G101/><T135/><D135/><U118/><E57/><N who="3" m="22090" /><G60/><T110/><D110/><U128/><E118/><V78/><F78/><W47/><G47/><N who="0" m="27807" /><D39/><U84/><E107/><AGARI ba="0,1" hai="27,28,32,34,35,73,76,83,86,91,92,97,102,107" machi="107" ten="30,8000,1" yaku="1,1,7,1,24,2,52,1,53,0" doraHai="25" doraHaiUra="14" who="2" fromWho="1" sc="179,0,378,-80,110,90,323,0" /><INIT seed="4,0,0,2,0,56" ten="179,298,200,323" oya="0" hai0="82,113,78,32,103,134,65,67,20,66,52,25,102" hai1="115,17,101,47,135,86,58,37,92,23,74,131,1" hai2="124,13,81,44,4,19,100,84,9,27,57,75,43" hai3="98,8,127,109,33,40,112,88,125,91,79,26,106"/><T128/><D32/><U34/><E131/><V18/><F75/><W99/><G8/><T59/><D113/><U94/><E34/><V53/><F124/><N who="3" m="47691" /><G112/><T87/><D134/><U61/><E1/><V120/><F120/><W6/><G109/><T105/><D105/><U121/><E74/><V108/><F108/><W97/><G6/><T7/><D128/><U10/><E121/><V45/><F100/><W50/><G106/><T70/><D70/><U3/><E135/><V116/><F116/><W60/><G79/><T31/><REACH who="0" step="1"/><D7/><REACH who="0" ten="169,298,200,323" step="2"/><U129/><E115/><V5/><F5/><W36/><G33/><T118/><D118/><U117/><E129/><V122/><F122/><W54/><G26/><T62/><AGARI ba="0,1" hai="20,25,31,52,59,62,65,66,67,78,82,87,102,103" machi="62" ten="30,12000,1" yaku="1,1,0,1,8,1,52,1,54,1,53,0" doraHai="56" doraHaiUra="64" who="0" fromWho="0" sc="169,130,298,-40,200,-40,323,-40" /><INIT seed="4,1,0,4,1,53" ten="299,258,160,283" oya="0" hai0="95,109,115,5,44,27,41,57,135,91,21,60,4" hai1="88,131,97,68,66,128,65,73,87,90,59,49,133" hai2="120,105,111,121,124,104,98,127,8,12,134,114,119" hai3="61,79,6,39,32,69,103,24,85,106,3,81,129"/><T45/><D115/><U113/><E73/><V78/><F111/><W35/><G129/><N who="1" m="49738" /><E133/><V94/><F12/><W101/><G39/><T84/><D135/><U55/><E68/><V50/><F8/><W70/><G106/><N who="2" m="41065" /><F50/><W123/><G123/><N who="2" m="47177" /><F134/><W125/><G125/><N who="2" m="48201" /><F78/><W118/><G118/><T64/><D109/><U74/><E74/><V37/><F37/><W46/><G46/><N who="0" m="18027" /><D41/><U63/><E113/><V16/><F16/><AGARI ba="1,0" hai="4,5,16,21,27,57,60,64,84,91,95" m="18027" machi="16" ten="30,5800,0" yaku="8,1,52,1,54,1" doraHai="53" who="0" fromWho="2" sc="299,61,258,0,160,-61,283,0" /><INIT seed="4,2,0,1,2,79" ten="360,258,99,283" oya="0" hai0="24,19,86,110,28,11,83,13,44,132,129,54,95" hai1="35,14,94,127,77,41,52,109,85,67,53,102,73" hai2="65,133,91,112,8,56,20,66,100,37,87,38,31" hai3="25,75,69,114,15,4,82,16,117,74,36,123,126"/><T122/><D129/><U22/><E109/><V101/><F133/><W59/><G36/><T124/><D124/><U62/><E35/><V60/><F112/><W7/><G69/><T18/><D122/><U57/><E127/><V71/><F8/><W68/><G68/><T107/><D107/><U93/><E73/><V92/><F38/><W131/><G126/><T113/><D113/><U81/><E41/><V40/><F37/><W111/><G131/><T97/><D132/><U39/><E39/><V34/><F34/><W48/><G111/><T84/><D84/><U116/><E116/><V43/><F71/><W51/><G114/><T125/><D110/><U70/><E70/><V10/><F10/><W45/><G123/><T50/><D28/><U76/><E76/><V106/><F66/><W9/><G117/><T90/><D125/><U88/><E102/><N who="2" m="39531" /><F106/><W108/><G108/><T23/><REACH who="0" step="1"/><D97/><REACH who="0" ten="350,258,99,283" step="2"/><N who="1" m="57511" /><E94/><AGARI ba="2,1" hai="11,13,18,19,23,24,44,50,54,83,86,90,94,95" machi="94" ten="40,18000,2" yaku="1,1,25,2,8,1,52,1,53,1" doraHai="79" doraHaiUra="17" who="0" fromWho="1" sc="350,196,258,-186,99,0,283,0" /><INIT seed="4,3,0,2,0,57" ten="546,72,99,283" oya="0" hai0="101,65,15,55,133,120,127,123,24,100,44,58,2" hai1="107,52,59,87,89,64,88,134,54,63,61,34,29" hai2="32,30,114,67,26,71,115,124,72,38,85,92,42" hai3="95,81,10,6,94,84,132,62,50,102,8,27,119"/><T36/><D133/><U5/><E134/><V66/><F72/><W135/><G119/><T7/><D127/><U69/><E107/><V99/><F124/><W21/><G50/><T131/><D2/><U82/><E34/><V79/><F38/><W106/><G106/><T19/><D131/><U40/><E29/><V118/><F42/><W96/><G94/><T121/><D7/><U45/><E5/><V22/><F118/><W97/><G97/><T130/><D65/><U78/><REACH who="1" step="1"/><E54/><REACH who="1" ten="546,62,99,283" step="2"/><V56/><F32/><W68/><G6/><T1/><D55/><U23/><E23/><V76/><F22/><W35/><G135/><T75/><D123/><U48/><AGARI ba="3,1" hai="40,45,48,52,59,61,63,64,69,78,82,87,88,89" machi="48" ten="20,12000,2" yaku="1,1,0,1,7,1,52,2,54,2,53,0" doraHai="57" doraHaiUra="125" who="1" fromWho="1" sc="546,-63,62,139,99,-33,283,-33" /><INIT seed="5,0,0,0,5,118" ten="483,201,66,250" oya="1" hai0="108,106,117,18,69,33,75,66,107,7,70,109,72" hai1="44,100,113,51,32,96,42,103,28,78,5,102,89" hai2="98,114,3,123,132,54,4,84,120,62,127,45,11" hai3="59,90,119,30,77,22,95,21,64,93,135,2,128"/><U24/><E113/><V38/><F132/><W85/><G2/><T92/><D66/><U73/><E73/><V121/><F127/><W110/><G119/><T50/><D92/><U82/><E89/><V71/><F114/><W105/><G105/><T94/><D18/><U1/><E1/><V19/><F98/><W0/><G110/><T52/><D50/><U80/><E5/><V17/><F84/><W111/><G111/><T68/><D52/><U43/><E43/><V124/><F124/><W81/><G135/><T61/><D61/><U16/><E80/><V99/><F99/><W34/><G34/><T29/><D94/><U60/><E60/><V91/><F91/><W134/><G134/><T112/><D29/><U63/><E63/><V15/><F3/><W53/><G64/><T131/><D131/><U65/><E65/><V86/><F86/><N who="3" m="48431" /><G0/><T10/><D33/><U9/><E78/><V20/><F20/><N who="3" m="7787" /><G30/><T46/><D117/><U14/><REACH who="1" step="1"/><E82/><REACH who="1" ten="483,191,66,250" step="2"/><V115/><F115/><W104/><G128/><T101/><D112/><U8/><E8/><V47/><F71/><W79/><G79/><T48/><D109/><U39/><E39/><V130/><F130/><W76/><G76/><T97/><D108/><U87/><E87/><V25/><F38/><W26/><G26/><T88/><D75/><U37/><E37/><V55/><F25/><W74/><G74/><T67/><D72/><U40/><E40/><V125/><F125/><W126/><G126/><T56/><D70/><U129/><E129/><V12/><F62/><N who="3" m="36207" /><G104/><AGARI ba="0,1" hai="9,14,16,24,28,32,42,44,51,96,100,102,103,104" machi="104" ten="30,11600,0" yaku="1,1,7,1,54,1,53,1" doraHai="118" doraHaiUra="23" who="1" fromWho="3" sc="483,0,191,126,66,0,250,-116" /><INIT seed="5,1,0,0,0,23" ten="483,317,66,134" oya="1" hai0="92,42,135,11,102,17,62,45,103,104,118,84,75" hai1="90,110,67,10,8,119,9,28,99,38,106,7,25" hai2="96,134,78,97,123,61,112,34,129,18,132,39,81" hai3="19,48,65,64,37,109,55,49,53,36,79,20,40"/><U95/><E119/><V66/><F123/><W51/><G109/><T30/><D135/><U2/><E38/><N who="3" m="14954" /><G20/><T63/><D104/><U56/><E110/><V21/><F34/><W35/><G19/><T111/><D103/><U26/><E106/><V116/><F116/><W100/><G100/><T29/><D92/><U114/><E114/><V87/><F39/><W73/><G73/><T105/><D63/><U13/><E2/><V52/><F112/><W33/><G79/><T107/><D62/><N who="1" m="38343" /><E28/><V82/><F82/><W115/><G115/><T113/><D30/><U108/><E108/><V14/><F129/><W101/><G101/><T44/><D29/><U133/><E133/><N who="2" m="51307" /><F66/><N who="3" m="25707" /><G35/><T85/><D107/><U70/><E70/><V126/><F126/><W131/><G33/><T32/><D105/><U47/><E47/><V128/><F128/><W88/><G88/><T27/><D45/><U121/><E121/><V122/><F122/><W58/><G131/><T80/><D111/><U130/><E130/><V1/><F1/><W46/><G58/><AGARI ba="1,0" hai="14,18,21,52,58,61,78,81,87,96,97" m="51307" machi="58" ten="30,2000,0" yaku="20,1,54,1" doraHai="23" who="2" fromWho="3" sc="483,0,317,0,66,23,134,-23" /><INIT seed="6,0,0,5,5,62" ten="483,317,89,111" oya="2" hai0="116,7,20,119,39,99,44,126,31,46,11,5,68" hai1="21,83,30,88,78,84,91,81,133,105,73,86,85" hai2="66,33,61,131,100,109,41,37,59,72,49,19,96" hai3="122,0,8,71,63,1,97,92,47,38,130,12,15"/><V9/><F72/><W124/><G122/><T111/><D111/><U22/><E30/><V48/><F131/><W34/><G34/><T132/><D132/><U53/><E53/><V74/><F74/><W75/><G75/><T32/><D126/><U25/><E25/><V93/><F33/><W54/><G130/><T35/><D99/><U23/><E133/><V60/><F109/><W16/><G124/><T118/><D68/><U42/><E42/><V98/><F37/><W82/><G82/><T80/><D20/><U29/><E29/><V10/><F41/><W36/><G36/><T103/><D103/><U89/><E105/><V79/><F79/><W77/><G77/><T90/><D90/><U51/><E51/><V28/><F28/><W117/><G117/><T127/><D127/><U120/><E73/><V27/><F96/><W56/><G12/><T40/><D80/><U69/><E69/><V128/><F128/><W67/><G47/><T107/><D107/><U64/><E64/><V43/><F43/><W101/><REACH who="3" step="1"/><G38/><REACH who="3" ten="483,317,89,101" step="2"/><T123/><D119/><U50/><E78/><V113/><F113/><W4/><G4/><T26/><D118/><U106/><E120/><V18/><F27/><W3/><G3/><N who="0" m="447" /><D116/><U104/><E50/><AGARI ba="0,1" hai="0,1,8,15,16,50,54,56,63,67,71,92,97,101" machi="50" ten="30,8000,1" yaku="1,1,7,1,52,1,54,1,53,1" doraHai="62" doraHaiUra="45" who="3" fromWho="1" sc="483,0,317,-80,89,0,101,90" /><INIT seed="7,0,0,4,0,112" ten="483,237,89,191" oya="3" hai0="83,124,18,82,93,135,85,118,95,5,70,76,108" hai1="3,130,121,50,42,4,100,86,77,111,79,84,115" hai2="71,58,10,87,129,125,99,98,38,55,20,127,109" hai3="67,45,14,105,72,1,62,52,32,49,36,89,78"/><W51/><G105/><T44/><D135/><U37/><E111/><V133/><F109/><W80/><G32/><T68/><D124/><U47/><E121/><V128/><F71/><W120/><G1/><T103/><D118/><U33/><E130/><N who="2" m="50283" /><F38/><W2/><G2/><T48/><D103/><U13/><E33/><V63/><F10/><W69/><G120/><T22/><D70/><U59/><E115/><V75/><F75/><W0/><G0/><T16/><D5/><U19/><E100/><V46/><F20/><W57/><G36/><T53/><D68/><U107/><E107/><V35/><F35/><W6/><G89/><T15/><D108/><U9/><E79/><V90/><F46/><W60/><REACH who="3" step="1"/><G45/><REACH who="3" ten="483,237,89,181" step="2"/><T40/><D44/><U54/><E77/><V114/><F114/><W26/><G26/><T21/><D76/><U123/><E123/><V106/><F106/><W74/><G74/><T73/><D73/><U66/><REACH who="1" step="1"/><E66/><REACH who="1" ten="483,227,89,181" step="2"/><V8/><F133/><W110/><G110/><T88/><D88/><U61/><E61/><V134/><F134/><W91/><G91/><T117/><D22/><AGARI ba="0,2" hai="3,4,9,13,19,22,37,42,47,50,54,59,84,86" machi="22" ten="30,2000,0" yaku="1,1,7,1,53,0" doraHai="112" doraHaiUra="94" who="1" fromWho="0" sc="483,-20,227,40,89,0,181,0" owari="463,56.0,267,7.0,89,-41.0,181,-22.0" /></mjloggm>