<mjloggm ver="2.3"><GO type="41" lobby="0"/><UN n0="%E2%93%9D%53%75%70%68%78" n1="%40%62%6C%75%65%40" n2="%6A%75%6E%79%75" n3="%61%62%6F%26%79%75" dan="18,13,13,15" rate="2136.67,1876.20,1882.67,2022.19" sx="M,M,M,M"/><TAIKYOKU oya="0"/><INIT seed="0,0,0,5,0,0" ten="250,250,250,250" oya="0" hai0="65,50,132,34,133,27,22,15,86,130,72,10,106" hai1="110,69,29,107,76,39,18,89,97,36,111,67,103" hai2="61,31,21,53,33,7,115,104,74,135,48,84,40" hai3="8,109,79,62,82,129,127,5,30,80,49,12,98"/><T94/><D106/><U83/><E89/><V81/><F74/><W134/><G134/><N who="0" m="51819" /><D72/><U44/><E18/><V75/><F75/><W54/><G129/><T122/><D65/><U78/><E29/><V47/><F33/><W32/><G109/><N who="1" m="41482" /><E44/><V73/><F73/><W52/><G127/><T114/><D50/><U63/><E78/><V71/><F104/><W35/><G82/><T113/><D94/><U26/><E26/><V120/><F120/><W56/><G30/><N who="0" m="19807" /><D86/><AGARI ba="0,0" hai="36,39,63,67,69,76,83,86,97,103,107" m="41482" machi="86" ten="30,1000,0" yaku="14,1" doraHai="0" who="1" fromWho="0" sc="250,-10,250,10,250,0,250,0" /><INIT seed="1,0,0,3,5,17" ten="240,260,250,250" oya="1" hai0="113,107,4,111,16,112,92,6,70,40,98,71,60" hai1="62,58,109,0,110,134,83,104,53,32,35,129,135" hai2="86,64,108,128,125,103,15,7,10,37,44,1,74" hai3="59,47,39,11,68,56,42,18,79,65,27,127,26"/><U75/><E104/><V33/><F74/><W28/><G127/><T116/><D107/><U93/><E0/><V12/><F33/><W77/><G68/><T87/><D116/><U43/><E43/><V66/><F108/><N who="1" m="41577" /><E129/><V114/><F128/><W52/><G65/><T132/><D111/><U123/><E123/><V55/><F114/><W36/><G36/><T30/><D40/><U76/><E93/><V94/><F125/><W19/><G59/><T106/><D106/><U2/><E2/><V25/><F1/><W45/><G45/><T48/><D92/><U24/><E24/><V67/><F15/><W99/><G99/><T54/><D98/><U133/><AGARI ba="0,0" hai="32,35,53,58,62,75,76,83,133,134,135" m="41577" machi="133" ten="40,7800,0" yaku="20,1,14,1,10,1" doraHai="17" who="1" fromWho="1" sc="240,-26,260,78,250,-26,250,-26" /><INIT seed="1,1,0,4,1,49" ten="214,338,224,224" oya="1" hai0="32,111,71,5,64,124,21,106,28,67,81,110,87" hai1="27,38,132,108,36,92,88,134,50,97,126,51,34" hai2="125,116,40,0,76,85,53,23,22,119,44,121,104" hai3="9,94,100,75,12,128,96,4,48,29,72,95,86"/><U30/><E126/><V1/><F121/><W14/><G128/><T68/><D32/><U91/><E108/><N who="0" m="41513" /><D5/><U79/><E79/><V62/><F104/><W2/><G29/><T54/><D106/><U115/><E115/><V8/><F125/><W98/><G86/><T47/><D28/><U103/><E51/><V45/><F85/><W42/><G2/><T120/><D21/><U52/><E103/><V90/><F76/><W73/><G14/><T74/><D74/><U102/><E102/><V84/><F84/><W10/><G42/><T135/><D135/><N who="1" m="51755" /><E91/><V122/><F90/><W66/><G66/><N who="0" m="25131" /><D120/><U11/><E11/><V83/><F8/><W55/><G10/><T89/><D124/><U61/><E61/><V117/><F117/><W25/><G25/><T39/><D39/><U63/><E63/><V18/><F62/><W24/><G24/><T46/><D89/><U123/><E123/><V3/><F122/><W43/><G43/><T26/><D26/><U58/><AGARI ba="1,0" hai="27,30,34,36,38,50,52,58,88,92,97" m="51755" machi="58" ten="30,11700,0" yaku="20,1,52,1,54,2" doraHai="49" who="1" fromWho="1" sc="214,-40,338,120,224,-40,224,-40" /><INIT seed="1,2,0,2,2,41" ten="174,458,184,184" oya="1" hai0="88,14,96,90,60,3,59,24,81,99,120,104,47" hai1="113,112,77,6,57,93,103,51,74,83,15,94,12" hai2="32,110,63,114,125,21,0,40,79,95,52,46,11" hai3="131,109,135,122,34,5,19,118,69,108,17,4,116"/><U62/><E51/><V8/><F32/><W117/><G69/><T85/><D3/><U124/><E124/><V16/><F0/><W87/><G87/><T98/><D120/><U27/><E27/><V82/><F110/><N who="3" m="42603" /><G122/><T126/><D126/><U66/><E93/><V54/><F125/><W100/><G100/><T33/><D104/><U68/><E68/><V67/><F95/><W115/><G115/><T70/><D70/><U39/><E39/><V23/><F23/><W53/><G53/><T129/><D129/><U134/><E134/><V22/><F22/><W9/><G135/><T61/><D33/><U123/><E123/><V80/><F114/><W50/><G50/><T92/><D24/><U132/><E132/><V86/><F82/><W49/><G49/><T55/><D61/><U36/><E36/><V30/><F30/><W26/><G131/><T72/><D72/><U75/><E74/><V127/><F127/><W64/><G64/><T31/><D31/><U56/><E113/><V121/><F121/><W2/><G4/><T97/><D14/><U111/><E15/><N who="2" m="9375" /><F67/><W73/><G73/><T18/><D18/><U101/><E66/><V28/><F28/><AGARI ba="2,0" hai="2,5,9,17,19,26,28,34,116,117,118" m="42603" machi="28" ten="40,8000,1" yaku="12,1,14,1,34,2" doraHai="41" who="3" fromWho="2" sc="174,0,458,0,184,-86,184,86" /><INIT seed="2,0,0,4,1,60" ten="174,458,98,270" oya="2" hai0="98,26,59,23,29,108,30,73,89,111,67,28,44" hai1="54,17,86,82,125,50,88,103,43,74,63,38,31" hai2="102,27,129,64,45,96,90,51,113,101,68,128,21" hai3="116,55,95,118,93,135,56,12,117,71,75,41,66"/><V49/><F113/><W81/><G135/><T72/><D44/><U53/><E125/><V14/><F14/><W109/><G109/><N who="0" m="42059" /><D89/><U18/><E38/><V1/><F1/><W78/><G41/><T87/><D87/><U94/><E74/><N who="0" m="28777" /><D98/><N who="1" m="59863" /><E31/><N who="0" m="11785" /><D59/><U121/><E121/><V110/><F110/><W70/><G12/><T123/><D123/><U105/><E105/><V8/><F90/><W112/><G112/><T104/><D104/><U52/><E63/><N who="2" m="39967" /><F8/><W22/><G71/><T77/><D77/><U69/><E69/><V32/><F102/><W120/><G120/><T2/><D2/><U11/><E11/><V9/><F9/><W10/><G10/><T16/><D28/><U80/><E80/><V114/><F32/><W48/><G70/><T36/><D36/><U6/><E6/><V5/><F5/><W3/><G3/><T40/><D40/><U20/><E20/><V19/><F45/><AGARI ba="0,0" hai="17,18,43,45,50,52,53,54,82,86,88" m="59863" machi="45" ten="30,3900,0" yaku="8,1,54,2" doraHai="60" who="1" fromWho="2" sc="174,0,458,39,98,-39,270,0" /><INIT seed="3,0,0,5,3,56" ten="174,497,59,270" oya="3" hai0="22,83,51,129,90,20,40,87,98,121,97,70,27" hai1="2,61,127,38,46,34,79,128,29,5,74,88,25" hai2="48,85,99,58,53,116,4,110,54,103,52,49,132" hai3="13,69,21,59,84,0,16,117,93,102,112,92,28"/><W94/><G69/><T33/><D121/><U30/><E127/><V124/><F116/><W26/><G117/><T81/><D33/><U106/><E30/><V114/><F114/><W78/><G0/><T24/><D70/><U72/><E128/><V86/><F124/><W3/><G3/><T41/><D51/><U119/><E119/><V43/><F110/><W89/><G112/><T118/><D118/><U23/><E23/><V60/><F132/><W123/><G123/><T18/><D129/><U71/><E88/><V55/><F4/><W42/><G102/><T105/><D105/><U80/><E106/><V36/><F36/><W122/><G122/><T45/><D45/><U115/><E115/><V39/><F43/><N who="0" m="16458" /><D83/><U63/><E74/><V9/><F9/><W131/><G42/><T107/><D107/><U133/><E46/><V7/><F7/><W120/><G78/><T100/><D100/><U32/><E32/><V12/><F12/><W96/><G131/><T82/><D82/><U104/><E104/><V76/><F39/><W62/><G96/><T37/><D37/><U67/><E38/><V125/><F125/><W134/><G134/><T1/><D1/><U31/><E133/><V68/><F68/><W135/><G120/><T11/><D11/><U75/><E75/><V101/><F76/><W109/><G109/><T130/><D130/><U19/><E79/><V64/><N who="2" m="13312" /><DORA hai="8" /><V73/><F73/><W95/><G135/><T113/><D113/><U126/><E71/><V6/><F6/><W35/><G95/><T108/><D108/><U15/><E2/><RYUUKYOKU ba="0,0" sc="174,15,497,-15,59,-15,270,15" hai0="18,20,22,24,27,81,87,90,97,98" hai3="13,16,21,26,28,35,59,62,84,89,92,93,94" /><INIT seed="3,1,0,0,4,49" ten="189,482,44,285" oya="3" hai0="40,122,20,62,51,82,6,125,44,103,64,61,27" hai1="60,71,63,93,74,5,127,112,92,17,18,124,75" hai2="11,15,119,25,72,55,78,46,129,21,36,83,69" hai3="95,39,110,102,105,19,22,96,101,131,37,135,7"/><W3/><G135/><T24/><D122/><U47/><E47/><V68/><F119/><W87/><G131/><T1/><D125/><U88/><E5/><V0/><F129/><W86/><G3/><T42/><D103/><U31/><E31/><V53/><F68/><W76/><G7/><T43/><D27/><U9/><E71/><V106/><F106/><W26/><G110/><T48/><D82/><U98/><E9/><V94/><F94/><W108/><G108/><T121/><D121/><U100/><E100/><V14/><F14/><W54/><G87/><T81/><D81/><U23/><E23/><V79/><F79/><W134/><G134/><T109/><D109/><U29/><E29/><N who="2" m="17583" /><F15/><W118/><G118/><T91/><D91/><U65/><E88/><V4/><F69/><W67/><G67/><T12/><D64/><U116/><E65/><V113/><F113/><W132/><G132/><T45/><D1/><U90/><E90/><V38/><F38/><W33/><G33/><T2/><D2/><U133/><E133/><V13/><F13/><W123/><G123/><T73/><D73/><U104/><E116/><V117/><F117/><W8/><G8/><N who="0" m="4119" /><D43/><AGARI ba="1,0" hai="0,4,11,36,43,46,53,55,72,78,83" m="17583" machi="43" ten="30,3900,0" yaku="25,1,52,2" doraHai="49" who="2" fromWho="0" sc="189,-42,482,0,44,42,285,0" /><INIT seed="4,0,0,3,0,121" ten="147,482,86,285" oya="0" hai0="34,53,96,32,31,15,120,108,134,70,78,67,85" hai1="48,4,100,6,128,5,117,83,77,10,133,14,17" hai2="92,82,76,45,131,18,54,94,75,22,28,71,127" hai3="0,122,68,40,124,116,80,46,105,23,95,87,49"/><T101/><D120/><U118/><E100/><V119/><F71/><W11/><G122/><T27/><D134/><U109/><E133/><V21/><F127/><W55/><G105/><T12/><D34/><U29/><E29/><V8/><F131/><W51/><G68/><T130/><D53/><U73/><E128/><V52/><F119/><W74/><G124/><T132/><D132/><U66/><E66/><V56/><F8/><W1/><G74/><T47/><D47/><U63/><E63/><V99/><F28/><W59/><G95/><T3/><D3/><U60/><E60/><V25/><F22/><W62/><G11/><T107/><D130/><U114/><E48/><V126/><F126/><W123/><G116/><T93/><D108/><U50/><E50/><V43/><F56/><W89/><G123/><T90/><REACH who="0" step="1"/><D78/><REACH who="0" ten="137,482,86,285" step="2"/><U104/><E109/><V44/><F45/><W97/><G0/><T111/><D111/><U135/><E118/><V7/><F54/><W129/><G1/><T86/><D86/><U57/><E117/><V110/><F110/><W79/><G129/><T16/><D16/><U39/><E135/><V64/><F52/><W113/><G79/><T98/><D98/><U9/><E77/><V61/><F99/><W19/><G97/><T65/><D65/><U35/><E17/><V13/><F44/><W2/><G2/><T88/><D88/><U84/><E35/><V41/><F41/><W36/><G40/><T26/><D26/><U20/><E84/><V115/><F43/><W91/><G46/><T125/><D125/><U81/><E73/><RYUUKYOKU ba="0,1" sc="137,30,482,-10,86,-10,285,-10" hai0="12,15,27,31,32,67,70,85,90,93,96,101,107" /><INIT seed="4,1,1,4,3,35" ten="167,472,76,275" oya="0" hai0="21,36,112,68,105,38,27,1,106,30,134,100,49" hai1="45,96,103,131,28,78,107,14,26,125,77,22,65" hai2="62,129,87,73,12,111,102,58,10,57,19,15,16" hai3="92,46,74,59,89,122,29,119,88,90,64,34,54"/><T116/><D116/><U37/><E125/><V17/><F73/><W55/><G74/><T24/><D112/><U4/><E131/><V114/><F129/><W66/><G119/><T13/><D13/><U39/><E65/><V60/><F111/><W9/><G122/><T84/><D68/><U25/><E26/><V2/><F2/><W70/><G70/><T109/><D134/><U75/><E77/><V72/><F72/><W113/><G113/><T118/><D118/><U63/><E63/><V126/><F114/><W31/><G34/><T56/><D84/><U124/><E124/><V128/><F126/><W61/><G9/><T67/><D109/><U71/><E71/><V86/><F128/><W8/><G8/><T95/><D27/><U50/><E78/><V83/><F102/><W82/><G82/><T81/><D81/><U5/><E75/><V47/><F47/><W110/><G110/><T76/><D1/><U115/><E115/><V51/><F51/><N who="3" m="29047" /><G92/><T44/><D106/><U121/><E121/><V135/><F135/><W41/><G41/><N who="0" m="24719" /><D105/><U23/><E5/><V6/><F15/><W91/><N who="3" m="22528" /><DORA hai="69" /><W20/><G20/><T33/><D33/><U93/><E23/><V52/><REACH who="2" step="1"/><F83/><REACH who="2" ten="167,472,66,275" step="2"/><W11/><G11/><T108/><D108/><U133/><E133/><V7/><F7/><W40/><G40/><T94/><D100/><U101/><E101/><V79/><F79/><W120/><G120/><T43/><D76/><U85/><E103/><V123/><F123/><W117/><G117/><T0/><D43/><U3/><E107/><V53/><AGARI ba="1,2" hai="6,10,12,16,17,19,52,53,57,58,60,62,86,87" machi="53" ten="30,24000,4" yaku="1,1,5,1,0,1,9,1,8,1,54,2,53,4" doraHai="35,69" doraHaiUra="48,80" who="2" fromWho="2" sc="167,-121,472,-61,66,263,275,-61" /><INIT seed="5,0,0,3,0,26" ten="46,411,329,214" oya="1" hai0="22,105,98,117,32,116,4,113,119,125,90,59,64" hai1="75,69,73,49,40,114,33,102,21,124,28,107,86" hai2="53,47,80,25,60,115,1,41,95,118,23,130,120" hai3="101,43,66,131,44,10,99,16,55,57,42,132,67"/><U91/><E114/><V56/><F1/><W111/><G111/><T45/><D32/><U19/><E124/><V77/><F118/><W46/><G131/><T92/><D4/><U54/><E69/><V17/><F120/><W104/><G132/><T84/><D45/><U103/><E40/><V5/><F130/><W38/><G10/><T85/><D22/><U79/><E75/><V88/><F5/><W123/><G123/><T20/><D20/><U108/><E108/><V71/><F71/><W30/><G30/><T11/><D11/><U68/><E68/><V93/><F115/><W100/><G101/><T70/><D59/><U37/><E37/><V6/><F6/><W112/><G16/><T72/><D64/><U35/><E35/><V29/><F17/><W34/><G34/><T61/><D61/><U9/><E9/><V121/><F121/><W13/><G13/><T51/><D51/><U50/><E50/><V134/><F134/><W15/><G15/><T31/><D70/><U135/><E135/><V18/><F18/><W58/><G58/><T78/><D31/><U81/><E28/><V126/><F126/><W74/><G112/><T24/><D24/><U14/><E19/><V82/><F77/><W89/><G74/><T63/><D63/><U39/><E73/><V36/><REACH who="2" step="1"/><F95/><REACH who="2" ten="46,411,319,214" step="2"/><W83/><G83/><N who="0" m="47223" /><D113/><U94/><E94/><V129/><F129/><W97/><G66/><T3/><D3/><U62/><E81/><V7/><F7/><W109/><G67/><T96/><D125/><U65/><E65/><V27/><F27/><W106/><G109/><RYUUKYOKU ba="0,1" sc="46,-10,411,-10,319,30,214,-10" hai2="23,25,29,36,41,47,53,56,60,80,82,88,93" /><INIT seed="6,1,1,4,2,9" ten="36,401,349,204" oya="2" hai0="96,31,93,27,130,68,10,46,47,19,99,59,120" hai1="87,48,98,79,3,114,36,38,64,18,122,82,83" hai2="81,128,5,4,12,77,133,61,72,86,94,51,105" hai3="97,42,124,74,67,117,89,33,20,54,55,34,115"/><V91/><F128/><W66/><G74/><T30/><D130/><U103/><E114/><V108/><F133/><W85/><G115/><T92/><D68/><U49/><E122/><V39/><F39/><W35/><G42/><T116/><D120/><U102/><E3/><V40/><F108/><W11/><G117/><T60/><D116/><U1/><E1/><V8/><F105/><W131/><G97/><T84/><D84/><U69/><E18/><V100/><F100/><W58/><G54/><T112/><D112/><U43/><E38/><V123/><F61/><W25/><G11/><T26/><D10/><U24/><E24/><V56/><F123/><W41/><G41/><T62/><REACH who="0" step="1"/><D19/><REACH who="0" ten="26,401,349,204" step="2"/><U32/><E69/><V13/><F4/><W28/><G131/><T126/><D126/><U29/><E87/><V16/><F16/><W71/><G71/><T65/><D65/><U75/><E64/><V6/><F6/><W121/><G124/><T107/><D107/><U37/><E75/><V2/><REACH who="2" step="1"/><F40/><REACH who="2" ten="26,401,339,204" step="2"/><W70/><G70/><T73/><D73/><U134/><E43/><V90/><F90/><W78/><G89/><T113/><D113/><U14/><E37/><V7/><F7/><W101/><G121/><T44/><D44/><U21/><E36/><V80/><F80/><W125/><G125/><T95/><D95/><U45/><E82/><V53/><AGARI ba="1,3" hai="2,5,8,12,13,51,53,56,72,77,81,86,91,94" machi="53" ten="30,12000,1" yaku="1,1,0,1,52,2,53,1" doraHai="9" doraHaiUra="88" who="2" fromWho="2" sc="26,-41,401,-41,339,153,204,-41" owari="-15,-52.0,360,16.0,492,60.0,163,-24.0" /></mjloggm>