<mjloggm ver="2.3"><GO type="41" lobby="0"/><UN n0="%73%68%69%6E%6F" n1="%E2%93%9D%53%75%70%68%78" n2="%EF%BC%A0%E6%AC%A1%E7%94%B7" n3="%E3%81%9B%E3%81%A3%E3%81%A4" dan="14,18,13,15" rate="1908.80,2123.62,1922.81,2013.89" sx="M,M,M,M"/><TAIKYOKU oya="0"/><INIT seed="0,0,0,5,2,9" ten="250,250,250,250" oya="0" hai0="56,84,16,37,66,73,133,93,33,120,50,86,90" hai1="31,112,92,6,87,127,3,108,51,24,95,117,98" hai2="34,65,126,76,129,104,131,40,7,78,19,12,15" hai3="124,53,42,41,13,14,0,72,4,30,47,118,97"/><T83/><D120/><U106/><E117/><V20/><F104/><W64/><G118/><T23/><D73/><U75/><E108/><V103/><F34/><W48/><G72/><T52/><D37/><U113/><E6/><V27/><F103/><W69/><G0/><T32/><D66/><U115/><E3/><V85/><F65/><W130/><G4/><T22/><D22/><U80/><E51/><V62/><F62/><W58/><G130/><N who="2" m="49673" /><F126/><W44/><G124/><T26/><REACH who="0" step="1"/><D133/><REACH who="0" ten="240,250,250,250" step="2"/><U63/><E127/><V116/><F116/><W109/><G64/><T60/><D60/><U59/><E75/><V134/><F134/><W102/><G109/><T74/><D74/><U1/><E115/><V100/><F27/><W25/><G69/><T35/><D35/><U39/><E24/><V88/><F40/><W5/><G41/><T54/><D54/><U135/><E135/><V29/><F29/><W38/><G42/><T8/><D8/><U57/><E31/><V61/><F61/><W128/><G128/><T122/><D122/><U46/><E63/><V18/><F7/><W99/><G5/><T70/><D70/><U67/><E67/><V105/><F105/><W17/><G30/><T55/><D55/><U94/><E113/><V111/><F111/><W114/><G114/><T21/><D21/><U89/><E112/><V68/><F68/><W91/><G25/><T71/><D71/><U123/><E123/><V82/><F100/><W28/><G102/><T45/><D45/><U79/><E46/><V36/><F36/><W101/><G38/><T81/><D81/><RYUUKYOKU ba="0,1" sc="240,15,250,-15,250,15,250,-15" hai0="16,23,26,32,33,50,52,56,83,84,86,90,93" hai2="12,15,18,19,20,76,78,82,85,88" /><INIT seed="0,1,1,5,0,86" ten="255,235,265,235" oya="0" hai0="106,70,74,65,107,69,42,122,9,55,117,34,85" hai1="71,125,56,131,1,110,30,13,75,79,50,124,14" hai2="135,0,127,12,98,133,83,26,109,68,15,99,100" hai3="59,104,24,118,119,112,130,93,38,11,3,81,58"/><T116/><D122/><U84/><E71/><V123/><F0/><W61/><G112/><T64/><D42/><U22/><E75/><V28/><F68/><W37/><G104/><T32/><D85/><U95/><E1/><V31/><F123/><W54/><G130/><T78/><D74/><U72/><E110/><V40/><F109/><W35/><G81/><T33/><D9/><U49/><E72/><V47/><F127/><W101/><G35/><T89/><D78/><U46/><E131/><V96/><F100/><W27/><G11/><T73/><D73/><U126/><E56/><V80/><F80/><W67/><G3/><T94/><D34/><U41/><E50/><V114/><F83/><W97/><G24/><T4/><D94/><U76/><E30/><V53/><F53/><W7/><G7/><T19/><D4/><U82/><E79/><V128/><F128/><W77/><G77/><T121/><D121/><U62/><E62/><V63/><F63/><W115/><G27/><T5/><D5/><U60/><E60/><V21/><F31/><W20/><G20/><T2/><D2/><U120/><E120/><V90/><F114/><W43/><G115/><T29/><D29/><U39/><E22/><V129/><F129/><W87/><G87/><T48/><D48/><U66/><E49/><N who="2" m="26855" /><F90/><W102/><G102/><T113/><D89/><N who="1" m="53671" /><E76/><V57/><F57/><W51/><REACH who="3" step="1"/><G43/><REACH who="3" ten="255,235,265,225" step="2"/><T18/><D113/><U111/><E82/><V103/><F103/><W52/><G52/><AGARI ba="1,2" hai="18,19,32,33,52,55,64,65,69,70,106,107,116,117" machi="52" ten="25,4800,0" yaku="22,2,54,1" doraHai="86" who="0" fromWho="3" sc="255,71,235,0,265,0,225,-51" /><INIT seed="0,2,0,1,3,11" ten="326,235,265,174" oya="0" hai0="57,45,24,106,72,109,59,121,31,111,0,97,53" hai1="73,50,60,128,42,44,43,16,92,77,26,119,33" hai2="10,38,66,135,71,120,115,134,37,68,27,83,89" hai3="125,23,14,117,107,3,123,2,131,35,20,28,78"/><T133/><D121/><U101/><E119/><V52/><F115/><W88/><G107/><T34/><D72/><U76/><E128/><V7/><F120/><W90/><G117/><T29/><D0/><U6/><E6/><V124/><F124/><W61/><G123/><T63/><D31/><U49/><E60/><V15/><F27/><W55/><G125/><T12/><D45/><N who="1" m="25783" /><E33/><V54/><F89/><W104/><G104/><T100/><D59/><U110/><E110/><N who="0" m="41993" /><D133/><N who="2" m="50698" /><F83/><W86/><G35/><T1/><D1/><U32/><E32/><V9/><F66/><W36/><G36/><N who="2" m="13929" /><F10/><W105/><G105/><T81/><D81/><U69/><E73/><V122/><F122/><W96/><G131/><T114/><D114/><U58/><E77/><V46/><F46/><W91/><G78/><T99/><D99/><U127/><E76/><V41/><F41/><W112/><G96/><T126/><D126/><U118/><E118/><V129/><F129/><W19/><G112/><T70/><D70/><AGARI ba="2,0" hai="7,9,15,52,54,68,70,71" m="13929,50698" machi="70" ten="40,5200,0" yaku="20,1,52,1,54,1" doraHai="11" who="2" fromWho="0" sc="326,-58,235,0,265,58,174,0" /><INIT seed="1,0,0,4,4,95" ten="268,235,323,174" oya="1" hai0="37,98,74,33,4,75,27,129,23,78,125,35,124" hai1="36,102,93,133,118,135,31,103,1,83,45,42,127" hai2="130,121,64,85,6,26,79,109,115,70,53,62,58" hai3="131,122,92,38,13,80,88,60,117,105,5,126,10"/><U104/><E118/><V14/><F121/><W34/><G122/><T61/><D37/><U0/><E93/><V55/><F109/><W59/><G126/><N who="0" m="48747" /><D4/><U28/><E127/><V69/><F130/><W73/><G34/><N who="0" m="12811" /><D129/><U19/><E19/><V132/><F132/><N who="1" m="50761" /><E83/><N who="2" m="47359" /><F69/><W41/><G117/><T82/><D61/><U119/><E119/><V57/><F70/><W67/><G105/><T99/><D75/><U44/><E104/><V29/><F115/><W7/><G131/><T72/><D72/><U49/><E1/><V100/><F100/><N who="1" m="38441" /><E0/><V65/><F6/><W111/><G111/><T86/><D74/><U47/><E36/><V89/><F14/><W52/><G5/><T101/><D101/><U112/><E112/><V76/><F76/><W2/><G2/><T46/><D46/><AGARI ba="0,0" hai="28,31,42,44,45,46,47,49" m="38441,50761" machi="46" ten="40,2000,0" yaku="20,1" doraHai="95" who="1" fromWho="0" sc="268,-20,235,20,323,0,174,0" /><INIT seed="1,1,0,0,4,107" ten="248,255,323,174" oya="1" hai0="96,9,117,57,125,99,27,98,23,119,5,29,61" hai1="1,89,92,73,127,71,17,11,85,54,63,122,130" hai2="131,134,37,75,49,8,82,13,21,39,108,38,132" hai3="118,59,84,80,97,28,114,18,88,42,115,33,15"/><U46/><E122/><V100/><F108/><W72/><G118/><T22/><D125/><U133/><E127/><V24/><F131/><W120/><G120/><T10/><D23/><U95/><E130/><V113/><F100/><W48/><G33/><T64/><REACH who="0" step="1"/><D10/><REACH who="0" ten="238,255,323,174" step="2"/><U45/><E11/><V78/><F113/><W135/><G135/><T2/><AGARI ba="1,1" hai="2,5,9,22,27,29,57,61,64,96,98,99,117,119" machi="2" ten="30,4000,0" yaku="1,1,2,1,0,1,53,0" doraHai="107" doraHaiUra="83" who="0" fromWho="0" sc="238,53,255,-21,323,-11,174,-11" /><INIT seed="2,0,0,3,1,97" ten="291,234,312,163" oya="2" hai0="94,42,124,59,28,36,130,69,48,11,24,76,29" hai1="77,98,20,40,95,18,116,37,99,90,31,26,32" hai2="49,123,10,74,14,129,120,67,25,122,15,71,133" hai3="38,87,73,12,70,21,68,22,80,27,3,66,0"/><V75/><F129/><W39/><G73/><T113/><D36/><U13/><E116/><V117/><F117/><W96/><G96/><T89/><D69/><U112/><E112/><V8/><F133/><W121/><G12/><T63/><D113/><U115/><E115/><V107/><F107/><W78/><G121/><T6/><D76/><U23/><E77/><V114/><F114/><W5/><G5/><T50/><D124/><U132/><E132/><V45/><F25/><W102/><G102/><T84/><D130/><U128/><E128/><V1/><F1/><W81/><G78/><T56/><D56/><U4/><E4/><V119/><F119/><W92/><G92/><T127/><D127/><U47/><REACH who="1" step="1"/><E99/><REACH who="1" ten="291,224,312,163" step="2"/><V51/><F123/><W54/><G0/><T91/><D6/><U7/><E7/><V65/><F71/><W44/><G3/><T61/><D24/><U17/><E17/><V60/><F122/><W108/><G27/><T53/><D29/><U16/><E16/><V88/><F120/><W134/><G134/><T111/><D28/><U106/><E106/><V104/><F104/><W58/><G70/><T9/><D9/><AGARI ba="0,1" hai="9,13,18,20,23,26,31,32,37,40,47,90,95,98" machi="9" ten="30,2000,0" yaku="1,1,7,1,53,0" doraHai="97" doraHaiUra="52" who="1" fromWho="0" sc="291,-20,224,30,312,0,163,0" /><INIT seed="3,0,0,3,0,90" ten="271,254,312,163" oya="3" hai0="93,103,22,48,61,46,72,38,81,123,127,84,30" hai1="113,135,10,78,26,11,104,49,95,7,9,60,129" hai2="64,43,34,124,117,54,75,115,107,25,47,77,32" hai3="66,99,28,88,37,106,91,24,5,119,128,105,19"/><W125/><G119/><T126/><D123/><U16/><E104/><V0/><F54/><W92/><G128/><T58/><D38/><U68/><E113/><V44/><F117/><W132/><G37/><T80/><D72/><U18/><E78/><V97/><F124/><N who="0" m="47658" /><D48/><U53/><E135/><V56/><F56/><W65/><G125/><T35/><D46/><U27/><E7/><V63/><F47/><W76/><G132/><T33/><D33/><U51/><E68/><N who="2" m="42015" /><F115/><W102/><G76/><T112/><D35/><N who="2" m="13354" /><F25/><N who="1" m="9225" /><E129/><V111/><F111/><W59/><G5/><T85/><D22/><U87/><E60/><V36/><F0/><W55/><G19/><N who="1" m="7210" /><E53/><V120/><F120/><W83/><G83/><N who="0" m="31819" /><D30/><U114/><E114/><V57/><F57/><W134/><G134/><T21/><D21/><U82/><E82/><N who="2" m="45375" /><F97/><W45/><G45/><T40/><D40/><U42/><E42/><V118/><F118/><W20/><G105/><AGARI ba="0,0" hai="36,43,44,105,107" m="45375,13354,42015" machi="105" ten="30,2000,0" yaku="33,2" doraHai="90" who="2" fromWho="3" sc="271,0,254,0,312,20,163,-20" /><INIT seed="4,0,0,1,4,66" ten="271,254,332,143" oya="0" hai0="123,7,38,42,107,129,12,105,39,75,27,20,90" hai1="18,54,82,29,46,97,14,70,131,114,21,102,61" hai2="117,133,10,11,50,124,31,44,26,95,13,69,104" hai3="77,48,101,85,89,78,2,37,106,34,56,23,120"/><T55/><D123/><U112/><E131/><V115/><F104/><W72/><G120/><T94/><D75/><U135/><E135/><V8/><F117/><W43/><G37/><T73/><D73/><U93/><E29/><V41/><F133/><W45/><G34/><T86/><D129/><U52/><E82/><V91/><F115/><N who="1" m="44073" /><E46/><V108/><F124/><W111/><G111/><T6/><D55/><U81/><E81/><V74/><F74/><W65/><G2/><T63/><D39/><U59/><E54/><V88/><F108/><W57/><G72/><T4/><D12/><U134/><E134/><V51/><F51/><W68/><G68/><AGARI ba="0,0" hai="14,18,21,52,59,61,68,70,93,97,102" m="44073" machi="68" ten="30,8000,1" yaku="15,1,11,1,52,2,54,1" doraHai="66" who="1" fromWho="3" sc="271,0,254,80,332,0,143,-80" /><INIT seed="5,0,0,2,1,67" ten="271,334,332,63" oya="1" hai0="75,118,80,19,135,43,98,58,83,86,71,53,82" hai1="95,45,42,39,97,105,34,76,26,59,73,20,6" hai2="13,22,5,55,15,111,54,23,64,119,104,87,112" hai3="29,99,130,37,11,89,18,114,77,115,60,81,1"/><U120/><E120/><V27/><F104/><W68/><G130/><T107/><D118/><U102/><E34/><V70/><F111/><W103/><G37/><T108/><D108/><U25/><E6/><V79/><F119/><W129/><G129/><T4/><D4/><U66/><E105/><V16/><F112/><W52/><G89/><T101/><D43/><U93/><E93/><V28/><F70/><W124/><G124/><T127/><D127/><U41/><E41/><V132/><F64/><W8/><G29/><T84/><D135/><U123/><E123/><V113/><F113/><W72/><G1/><T47/><D47/><U35/><E35/><V24/><F132/><W126/><G126/><T78/><D19/><U31/><E26/><V10/><F27/><W63/><G63/><T56/><D71/><U122/><E122/><V57/><F57/><W17/><G17/><T117/><D117/><U65/><REACH who="1" step="1"/><E59/><REACH who="1" ten="271,324,332,63" step="2"/><V106/><F106/><W40/><G40/><T50/><D58/><U44/><E44/><V109/><F109/><W46/><G115/><T7/><D7/><U0/><E0/><V32/><F32/><W110/><G114/><T14/><D14/><U88/><E88/><V9/><F9/><W36/><G110/><T96/><D96/><U94/><E94/><V116/><F116/><W69/><G8/><T12/><D12/><U62/><E62/><V131/><F131/><W121/><G121/><T134/><D134/><U30/><E30/><V21/><F21/><W90/><G11/><T3/><D3/><U92/><E92/><V33/><F33/><RYUUKYOKU ba="0,1" sc="271,10,324,10,332,10,63,-30" hai0="50,53,56,75,78,80,82,83,84,86,98,101,107" hai1="20,25,31,39,42,45,65,66,73,76,95,97,102" hai2="5,10,13,15,16,22,23,24,28,54,55,79,87" /><INIT seed="5,1,1,3,0,62" ten="281,334,342,33" oya="1" hai0="124,125,36,16,129,85,67,4,68,5,132,112,74" hai1="127,29,33,9,72,51,47,60,81,73,122,65,20" hai2="37,89,8,10,90,75,103,98,133,101,14,78,102" hai3="123,87,35,15,48,50,94,12,86,18,84,24,32"/><U76/><E122/><V19/><F37/><W42/><G123/><T109/><D74/><U38/><E127/><N who="0" m="48713" /><D36/><U56/><E33/><V25/><F133/><W105/><G105/><T55/><D55/><U130/><E130/><V104/><F104/><W22/><G35/><T40/><D40/><U93/><E38/><V99/><F75/><W23/><G32/><T3/><D109/><U46/><E73/><V79/><F25/><W92/><G42/><T0/><D85/><U118/><E118/><V119/><F119/><W43/><G43/><T1/><D132/><U31/><E9/><V13/><F103/><W100/><G100/><T110/><D110/><U71/><E20/><V69/><F19/><W66/><G66/><T128/><D112/><U44/><REACH who="1" step="1"/><E93/><REACH who="1" ten="281,324,342,33" step="2"/><V30/><F8/><W45/><G94/><T7/><D68/><U111/><E111/><V95/><F95/><W70/><G92/><T82/><D82/><U131/><E131/><N who="0" m="50249" /><D67/><U121/><E121/><V34/><F69/><W91/><G70/><T114/><D114/><U120/><E120/><V115/><F115/><W117/><G117/><T61/><D61/><U135/><E135/><V11/><F34/><W27/><G50/><T77/><D77/><U6/><E6/><V2/><F2/><W39/><G39/><T134/><D134/><U107/><E107/><V21/><F21/><W57/><G22/><T17/><AGARI ba="1,2" hai="0,1,3,4,5,7,16,17" m="50249,48713" machi="17" ten="50,12000,2" yaku="28,2,18,1,19,1,34,2,54,1" doraHai="62" who="0" fromWho="0" sc="281,143,324,-61,342,-31,33,-31" /><INIT seed="6,0,0,4,0,118" ten="424,263,311,2" oya="2" hai0="67,11,130,15,30,2,93,5,95,3,33,79,73" hai1="131,27,132,115,134,109,22,4,42,1,10,51,135" hai2="35,82,46,86,81,16,92,127,9,122,76,113,55" hai3="24,40,8,100,77,57,98,117,56,105,107,121,29"/><V41/><F35/><W110/><G117/><T125/><D67/><U106/><E106/><V83/><F113/><W14/><G110/><T128/><D73/><U12/><E42/><V80/><F127/><W21/><G107/><T6/><D79/><U91/><E51/><V25/><F92/><N who="0" m="35402" /><D6/><U89/><E109/><V96/><F96/><W23/><G23/><T88/><D88/><N who="1" m="33867" /><E131/><N who="0" m="50217" /><D125/><U120/><E115/><V60/><F122/><W74/><G40/><T129/><N who="0" m="50225" /><T37/><DORA hai="18" /><D37/><U75/><E75/><V85/><F60/><W123/><G56/><T19/><D5/><U97/><E97/><V108/><F108/><W65/><G65/><T34/><D30/><N who="1" m="17783" /><E120/><V58/><F58/><W87/><G57/><T49/><D49/><U68/><E68/><V61/><F61/><W71/><G74/><T20/><D11/><U62/><E62/><V0/><F55/><W44/><G44/><T28/><D28/><U39/><E39/><V70/><F70/><W84/><G71/><T48/><D48/><U32/><E32/><AGARI ba="0,0" hai="2,3,15,19,20,32,33,34" m="50225,35402" machi="32" ten="50,3200,0" yaku="19,1,52,1" doraHai="118,18" who="0" fromWho="1" sc="424,32,263,-32,311,0,2,0" /><INIT seed="7,0,0,0,3,102" ten="456,231,311,2" oya="3" hai0="25,60,84,122,123,50,71,35,134,48,15,9,125" hai1="43,69,7,52,93,32,135,126,16,40,46,91,34" hai2="132,0,106,103,127,81,12,86,98,76,45,96,33" hai3="97,72,115,107,13,105,83,116,77,92,94,88,133"/><W61/><G61/><T29/><D125/><U65/><E126/><V24/><F0/><W66/><G66/><T119/><D119/><U100/><E7/><V73/><F33/><W75/><G13/><T118/><D118/><U87/><E135/><V36/><F24/><W121/><G116/><T10/><D10/><U63/><E43/><V23/><F23/><W28/><G28/><T130/><D134/><U27/><E100/><N who="2" m="62727" /><F12/><W39/><G39/><T90/><D130/><U21/><REACH who="1" step="1"/><E52/><REACH who="1" ten="456,221,311,2" step="2"/><V1/><F127/><W129/><G133/><T20/><D20/><U11/><E11/><V68/><F132/><W64/><G129/><T37/><D71/><U19/><E19/><V56/><F68/><W78/><G64/><T99/><D99/><U70/><E70/><V111/><F56/><W114/><G121/><T30/><D60/><U42/><E42/><V17/><F17/><W74/><G115/><T109/><D37/><AGARI ba="0,1" hai="16,21,27,32,34,37,40,46,63,65,69,87,91,93" machi="37" ten="30,7700,0" yaku="1,1,7,1,54,1,53,1" doraHai="102" doraHaiUra="41" who="1" fromWho="0" sc="456,-77,221,87,311,0,2,0" owari="379,48.0,308,-9.0,311,11.0,2,-50.0" /></mjloggm>