<mjloggm ver="2.3"><GO type="41" lobby="0"/><UN n0="%E2%93%9D%53%75%70%68%78" n1="%E3%81%A6%E3%82%8A%E3%81%86%E3%82%80" n2="%E5%90%B9%E7%9F%B3%E7%90%B4%E7%BE%8E" n3="%6B%75%72%6F%2A" dan="18,14,14,15" rate="2101.57,2105.30,2071.99,1992.38" sx="M,M,F,M"/><TAIKYOKU oya="0"/><INIT seed="0,0,0,4,2,22" ten="250,250,250,250" oya="0" hai0="129,38,104,92,101,100,18,50,130,41,58,45,62" hai1="112,56,61,105,84,21,4,78,20,120,51,95,35" hai2="49,1,79,25,64,23,26,63,47,59,44,98,72" hai3="128,82,85,80,111,65,54,123,68,116,9,83,48"/><T39/><D104/><U71/><E120/><V0/><F72/><W117/><G111/><T93/><D18/><U99/><E105/><V118/><F118/><W110/><G110/><T132/><D93/><U87/><E35/><V15/><F79/><W81/><G128/><N who="0" m="49259" /><D92/><U34/><E71/><V113/><F113/><W97/><G123/><T67/><D101/><U121/><E34/><V8/><F0/><W107/><G9/><T114/><D100/><U14/><E51/><V40/><F1/><W115/><G115/><T109/><D109/><U19/><E4/><N who="2" m="3463" /><F98/><W75/><G75/><T7/><D7/><U125/><E125/><V43/><F23/><W86/><G97/><T55/><D114/><U88/><E121/><V108/><F108/><W27/><G107/><T3/><D3/><U37/><E112/><V126/><F126/><W77/><G116/><T28/><D28/><U12/><E37/><N who="0" m="13833" /><D132/><U52/><E78/><V31/><F31/><W94/><G117/><T29/><D29/><U42/><E42/><AGARI ba="0,0" hai="41,42,45,50,55,58,62,67" m="13833,49259" machi="42" ten="30,5800,0" yaku="19,1,34,2" doraHai="22" who="0" fromWho="1" sc="250,58,250,-58,250,0,250,0" /><INIT seed="0,1,0,1,0,32" ten="308,192,250,250" oya="0" hai0="130,80,35,100,52,67,1,83,132,39,116,105,60" hai1="134,101,68,18,61,4,55,48,14,65,54,86,62" hai2="94,103,98,77,127,50,51,23,81,104,2,111,45" hai3="11,16,58,43,115,88,133,74,124,53,47,121,108"/><T73/><D116/><U99/><E134/><V41/><F127/><W38/><G115/><T72/><D35/><U9/><E62/><V112/><F112/><W20/><G108/><T95/><D39/><U109/><E109/><V63/><F111/><W26/><G133/><T79/><D105/><U8/><E86/><V96/><F63/><W110/><G110/><T24/><D130/><U21/><E48/><V17/><F50/><W69/><G69/><T91/><D24/><U66/><E66/><V5/><F104/><W129/><G124/><T92/><D1/><U29/><E29/><V76/><F96/><W64/><G121/><T34/><D34/><U49/><E49/><V85/><F5/><W36/><G74/><T22/><D22/><U122/><E8/><V131/><F2/><W37/><G64/><T0/><D0/><U102/><E102/><V90/><REACH who="2" step="1"/><F131/><REACH who="2" ten="308,192,240,250" step="2"/><W106/><G106/><T75/><D132/><U12/><E122/><V89/><F89/><W119/><G129/><T42/><D67/><U57/><REACH who="1" step="1"/><E68/><REACH who="1" ten="308,182,240,250" step="2"/><V128/><F128/><W46/><G37/><T70/><D70/><U28/><E28/><V126/><F126/><W118/><G38/><T19/><D60/><U113/><E113/><V125/><F125/><W97/><G119/><T27/><D75/><U56/><E56/><V114/><F114/><W33/><G118/><T123/><D73/><U71/><E71/><V40/><F40/><W25/><G43/><T10/><D42/><U135/><E135/><V7/><F7/><W6/><G36/><T15/><D123/><U117/><E117/><RYUUKYOKU ba="1,2" sc="308,-15,182,15,240,15,250,-15" hai1="4,9,12,14,18,21,54,55,57,61,65,99,101" hai2="17,23,41,45,51,76,77,81,85,90,94,98,103" /><INIT seed="1,2,2,4,3,56" ten="293,197,255,235" oya="1" hai0="87,101,121,81,110,76,122,39,35,0,73,2,16" hai1="9,95,32,125,53,74,30,68,64,43,61,123,104" hai2="63,80,36,78,3,126,62,51,118,67,45,38,117" hai3="70,49,105,94,50,96,28,107,97,47,102,20,89"/><U55/><E123/><N who="0" m="47113" /><D110/><U21/><E74/><V14/><F3/><W26/><G70/><T111/><D111/><U119/><E119/><N who="2" m="45579" /><F14/><W23/><G50/><T109/><D109/><U90/><E125/><V33/><F33/><W18/><G107/><T100/><D39/><N who="2" m="14890" /><F78/><W40/><REACH who="3" step="1"/><G18/><REACH who="3" ten="293,197,255,225" step="2"/><T88/><D16/><U6/><E104/><V75/><F126/><W13/><G13/><T134/><D2/><U99/><E32/><AGARI ba="2,3" hai="20,23,26,28,32,40,47,49,89,94,96,97,102,105" machi="32" ten="30,2000,0" yaku="1,1,7,1,53,0" doraHai="56" doraHaiUra="128" who="3" fromWho="1" sc="293,0,197,-26,255,0,225,56" /><INIT seed="2,0,0,5,1,117" ten="293,171,255,281" oya="2" hai0="42,5,31,72,14,122,99,133,21,94,70,82,60" hai1="115,85,104,124,37,103,7,40,19,22,11,16,50" hai2="45,96,27,92,47,32,20,1,4,135,48,10,12" hai3="51,68,53,119,39,64,95,34,86,113,81,33,65"/><V127/><F127/><W73/><G39/><T62/><D133/><U28/><E115/><V55/><F135/><W93/><G73/><T38/><D70/><U129/><E37/><V84/><F32/><W88/><G119/><T116/><D122/><U63/><E129/><V35/><F35/><W49/><G113/><T102/><D42/><U58/><E124/><V13/><F84/><W61/><G64/><T26/><D38/><U46/><E104/><V43/><F43/><W76/><G51/><T114/><D114/><U15/><E103/><V25/><F45/><W125/><G95/><T56/><D116/><U134/><E134/><V59/><F47/><W131/><G131/><T108/><D108/><U109/><E109/><V52/><F55/><W71/><G71/><T24/><D24/><U77/><E28/><V120/><F120/><W107/><G107/><T41/><D41/><U79/><E22/><V91/><REACH who="2" step="1"/><F25/><REACH who="2" ten="293,171,245,281" step="2"/><W29/><G125/><T6/><D72/><U132/><E132/><V0/><F0/><W83/><G34/><T69/><D26/><U112/><E112/><V17/><AGARI ba="0,1" hai="1,4,10,12,13,17,20,27,48,52,59,91,92,96" machi="17" ten="20,7800,0" yaku="1,1,0,1,7,1,54,1,53,0" doraHai="117" doraHaiUra="126" who="2" fromWho="2" sc="293,-26,171,-26,245,88,281,-26" /><INIT seed="2,1,0,2,0,40" ten="267,145,333,255" oya="2" hai0="18,6,114,20,51,27,78,47,72,34,46,90,130" hai1="2,104,7,85,98,52,67,102,95,97,101,0,61" hai2="44,79,22,8,39,117,93,15,80,113,14,87,96" hai3="129,110,62,127,107,26,70,83,35,33,41,28,69"/><V112/><F117/><W10/><G127/><T128/><D114/><U82/><E7/><V56/><F56/><W126/><G110/><T84/><D34/><U13/><E13/><V99/><F22/><W111/><G111/><T43/><D72/><U125/><E125/><V134/><F134/><W29/><G107/><T66/><D78/><U64/><E64/><V108/><F108/><W73/><G129/><T49/><D66/><U100/><E100/><V106/><F106/><W131/><G131/><T86/><D86/><U103/><E101/><V88/><F96/><W23/><G23/><T122/><D122/><U25/><E25/><V17/><REACH who="2" step="1"/><F14/><REACH who="2" ten="267,145,323,255" step="2"/><W75/><G35/><T19/><D130/><U21/><E21/><V38/><F38/><W121/><G33/><T119/><D119/><U50/><E61/><V37/><F37/><W16/><G62/><T94/><D128/><U63/><E63/><V53/><F53/><W3/><G121/><T76/><D20/><U65/><E0/><V11/><F11/><W24/><G10/><T109/><D109/><U132/><E2/><V32/><F32/><W31/><G3/><T9/><D27/><U1/><E1/><V118/><F118/><W5/><G126/><T30/><D30/><U4/><E132/><V48/><F48/><W123/><G123/><T68/><D9/><U12/><E12/><V60/><F60/><W89/><G29/><T45/><D51/><U55/><E55/><V105/><F105/><W42/><G31/><T124/><D124/><U58/><E4/><V77/><F77/><AGARI ba="1,1" hai="50,52,58,65,67,77,82,85,95,97,98,102,103,104" machi="77" ten="30,2000,0" yaku="7,1,54,1" doraHai="40" who="1" fromWho="2" sc="267,0,145,33,323,-23,255,0" /><INIT seed="3,0,0,1,5,79" ten="267,178,300,255" oya="3" hai0="11,119,70,55,49,132,38,52,69,121,95,66,48" hai1="105,77,129,85,12,39,110,120,81,60,127,35,115" hai2="76,117,46,87,19,54,111,18,112,6,72,118,106" hai3="0,24,122,20,40,22,130,88,43,90,28,63,61"/><W37/><G122/><T75/><D95/><U84/><E110/><V74/><F111/><W108/><G108/><T13/><D75/><U4/><E115/><V83/><F112/><W16/><G0/><T92/><D92/><U3/><E120/><V78/><F106/><W47/><G130/><T82/><D38/><U101/><E35/><V7/><F54/><W65/><G43/><T58/><D132/><U21/><E39/><V51/><F87/><W27/><REACH who="3" step="1"/><G61/><REACH who="3" ten="267,178,300,245" step="2"/><T80/><D121/><U116/><E3/><V103/><F117/><W29/><G29/><T34/><D119/><U15/><E60/><V25/><F118/><W30/><G30/><T102/><D70/><AGARI ba="0,1" hai="16,20,22,24,27,28,37,40,47,63,65,70,88,90" machi="70" ten="30,11600,0" yaku="1,1,7,1,54,2,53,0" doraHai="79" doraHaiUra="98" who="3" fromWho="0" sc="267,-116,178,0,300,0,245,126" /><INIT seed="3,1,0,5,3,134" ten="151,178,300,371" oya="3" hai0="43,4,55,123,84,96,115,75,67,91,7,28,27" hai1="114,64,132,101,111,12,51,32,103,23,60,13,21" hai2="20,63,17,66,121,10,127,105,118,39,2,16,61" hai3="41,47,128,57,9,68,29,22,85,5,76,94,59"/><W126/><G68/><T78/><D123/><U89/><E111/><V74/><F118/><W77/><G128/><T65/><D75/><U45/><E32/><V93/><F121/><W42/><G29/><T80/><D43/><U109/><E114/><V92/><F74/><W25/><G42/><T110/><D110/><U108/><E132/><V112/><F112/><W102/><G77/><T99/><D115/><U119/><E119/><V90/><F105/><W97/><G76/><T52/><D78/><U69/><E108/><V95/><F39/><W98/><G85/><T8/><D27/><U38/><E38/><V37/><F37/><W70/><G70/><T44/><D28/><U131/><E131/><V54/><F127/><W58/><G97/><N who="0" m="37451" /><D8/><U83/><E23/><V19/><F20/><W40/><G126/><T130/><D130/><U11/><E21/><V88/><F66/><N who="0" m="25098" /><D44/><U0/><E109/><V106/><F106/><W129/><G129/><T117/><D117/><U15/><E11/><V31/><F31/><N who="3" m="17847" /><G47/><T104/><D104/><U133/><E133/><V73/><F73/><W6/><G6/><AGARI ba="1,0" hai="4,6,7,52,55,80,84,91" m="25098,37451" machi="6" ten="30,2000,0" yaku="8,1,54,1" doraHai="134" who="0" fromWho="3" sc="151,23,178,0,300,0,371,-23" /><INIT seed="4,0,0,0,1,13" ten="174,178,300,348" oya="0" hai0="41,94,120,17,109,71,30,56,73,111,113,119,117" hai1="50,69,45,64,12,106,77,86,4,84,61,102,134" hai2="133,108,58,114,29,95,81,101,22,75,49,79,27" hai3="78,44,10,39,42,99,19,62,76,128,32,97,130"/><T87/><D71/><U116/><E116/><V5/><F108/><N who="0" m="41546" /><D30/><U33/><E134/><V35/><F133/><W6/><G32/><T60/><D73/><U103/><E33/><V126/><F114/><W118/><G118/><N who="0" m="45067" /><D87/><U85/><E106/><V92/><F5/><W0/><G62/><T115/><D94/><U90/><E90/><V124/><F35/><W65/><G97/><T3/><D3/><U121/><E121/><V68/><F68/><W127/><G99/><T16/><D41/><U112/><E112/><N who="0" m="43081" /><D120/><U18/><E77/><V48/><F92/><W131/><G78/><T37/><D37/><U93/><E93/><V67/><F95/><W7/><G76/><T47/><D47/><U34/><E34/><V123/><F123/><W26/><G0/><T80/><D80/><U54/><REACH who="1" step="1"/><E4/><REACH who="1" ten="174,168,300,348" step="2"/><V9/><F79/><W98/><G6/><T43/><D43/><U51/><E51/><V28/><F48/><W23/><G7/><T25/><D25/><U20/><AGARI ba="0,1" hai="12,18,20,45,50,54,61,64,69,84,85,86,102,103" machi="20" ten="30,7900,0" yaku="1,1,0,1,52,1,53,1" doraHai="13" doraHaiUra="15" who="1" fromWho="1" sc="174,-39,168,89,300,-20,348,-20" /><INIT seed="5,0,0,3,3,6" ten="135,257,280,328" oya="1" hai0="101,71,109,116,34,44,77,115,111,48,70,133,54" hai1="31,52,102,30,114,26,53,55,2,119,120,18,4" hai2="84,37,128,67,80,10,24,33,83,131,60,92,74" hai3="95,79,12,57,40,59,50,8,56,127,29,69,96"/><U132/><E119/><V99/><F37/><W1/><G1/><T20/><D101/><U17/><E120/><V41/><F41/><W135/><G69/><T129/><D77/><U7/><E114/><V88/><F74/><W117/><G117/><T97/><D97/><U108/><E132/><V42/><F42/><W23/><G127/><T110/><D20/><U22/><E108/><V87/><F33/><W65/><G79/><T63/><D34/><U75/><E75/><V106/><F24/><N who="3" m="16543" /><G135/><T98/><D98/><U104/><E104/><V5/><F106/><W43/><G50/><T122/><D116/><U103/><E30/><V45/><F45/><W134/><G65/><T46/><D133/><U85/><E85/><V32/><F84/><W105/><G105/><T13/><D115/><U16/><REACH who="1" step="1"/><E4/><REACH who="1" ten="135,247,280,328" step="2"/><V112/><F112/><W93/><G134/><T3/><D122/><U14/><E14/><V28/><F28/><W68/><G96/><T73/><D13/><U66/><E66/><V21/><F67/><W126/><G126/><T107/><D107/><U100/><E100/><V94/><F99/><W35/><G12/><T19/><D73/><U78/><E78/><V118/><F118/><W123/><G123/><T15/><D111/><U86/><E86/><V47/><F87/><W39/><G39/><T81/><D110/><U9/><AGARI ba="0,1" hai="2,7,9,16,17,18,22,26,31,52,53,55,102,103" machi="9" ten="40,12000,1" yaku="1,1,0,1,52,1,54,2,53,0" doraHai="6" doraHaiUra="90" who="1" fromWho="1" sc="135,-40,247,130,280,-40,328,-40" /><INIT seed="5,1,0,2,1,83" ten="95,377,240,288" oya="1" hai0="113,66,11,1,35,47,72,64,115,121,95,127,93" hai1="51,103,42,5,48,129,54,3,99,10,96,12,52" hai2="97,21,46,27,9,130,56,81,87,33,19,57,0" hai3="126,29,75,101,107,100,106,110,135,94,80,68,65"/><U73/><E129/><V86/><F130/><W104/><G29/><T74/><D47/><U111/><E73/><N who="0" m="28265" /><D11/><U34/><E111/><V4/><F33/><W18/><G65/><N who="0" m="25195" /><D35/><U109/><E109/><V131/><F131/><W98/><G18/><T23/><D23/><U32/><E3/><V78/><F97/><N who="3" m="59447" /><G68/><T37/><D1/><U120/><E42/><V44/><F44/><W79/><G110/><T2/><D2/><U49/><E120/><V14/><F0/><W90/><G135/><T17/><D17/><U76/><E76/><V71/><F71/><W31/><G31/><T112/><D37/><U36/><E36/><V59/><F46/><W26/><G26/><T116/><D116/><U38/><E38/><V89/><F56/><W6/><G6/><T55/><D121/><U40/><E40/><V91/><REACH who="2" step="1"/><F78/><REACH who="2" ten="95,377,230,288" step="2"/><W118/><G118/><T15/><D115/><U16/><E32/><V20/><F20/><W125/><G90/><T114/><D114/><U133/><E34/><V122/><F122/><W132/><G132/><T62/><D113/><U124/><E133/><V88/><F88/><W67/><G67/><T50/><D112/><U25/><E103/><V92/><AGARI ba="1,1" hai="4,9,14,19,21,27,57,59,81,86,87,89,91,92" machi="92" ten="20,12000,2" yaku="1,1,0,1,7,1,8,1,52,2,53,1" doraHai="83" doraHaiUra="8" who="2" fromWho="2" sc="95,-31,377,-61,230,133,288,-31" /><INIT seed="6,0,0,3,3,3" ten="64,316,363,257" oya="2" hai0="101,108,68,5,92,61,49,103,10,42,57,47,51" hai1="120,86,6,9,114,127,85,19,90,55,26,111,17" hai2="59,60,133,125,32,0,116,79,12,128,119,29,37" hai3="73,45,102,40,106,129,104,43,123,64,20,66,34"/><V115/><F0/><W53/><G34/><T8/><D108/><U80/><E114/><V7/><F115/><W131/><G123/><T91/><D68/><U44/><E127/><V22/><F125/><W70/><G73/><T82/><D82/><U77/><E111/><V105/><F37/><W130/><G20/><T14/><D51/><U30/><E120/><V121/><F121/><W78/><G78/><T81/><D81/><U98/><E98/><V74/><F105/><N who="3" m="40555" /><G102/><T126/><D10/><U58/><E44/><V38/><F128/><W76/><G76/><T122/><D126/><U16/><E85/><V69/><F133/><W65/><G70/><T18/><D18/><U94/><E77/><V72/><F79/><W88/><G88/><T24/><D24/><U25/><E80/><V2/><F72/><W135/><G135/><T33/><D33/><U48/><REACH who="1" step="1"/><E30/><REACH who="1" ten="64,306,363,257" step="2"/><V41/><F29/><W96/><G96/><T56/><D122/><U62/><E62/><V11/><F74/><W107/><G107/><T87/><REACH who="0" step="1"/><D57/><REACH who="0" ten="54,306,363,257" step="2"/><U132/><E132/><V23/><F59/><W93/><G129/><T67/><AGARI ba="0,2" hai="5,8,14,42,47,49,56,61,67,87,91,92,101,103" machi="67" ten="20,12000,2" yaku="1,1,2,1,0,1,7,1,8,1,52,1,53,1" doraHai="3" doraHaiUra="4" who="0" fromWho="0" sc="54,140,306,-30,363,-60,257,-30" /><INIT seed="7,0,0,2,5,135" ten="194,276,303,227" oya="3" hai0="53,68,7,42,12,79,114,40,32,111,30,71,132" hai1="59,58,81,103,2,33,10,15,130,41,126,73,47" hai2="124,31,61,74,95,127,97,122,23,128,110,60,20" hai3="37,118,16,123,77,78,80,19,6,0,39,4,45"/><W133/><G123/><T121/><D121/><U5/><E126/><N who="2" m="48171" /><F122/><W116/><G45/><T14/><D132/><U87/><E130/><V13/><F128/><W24/><G133/><T84/><D111/><U54/><E33/><V131/><F131/><W89/><G80/><T26/><D114/><U76/><E103/><N who="2" m="60863" /><F74/><W56/><G0/><T101/><D101/><U120/><E120/><V83/><F110/><W57/><G89/><T1/><D1/><U55/><E2/><V115/><F115/><W38/><G38/><T63/><D71/><U52/><E73/><V104/><F104/><W35/><G35/><T43/><D7/><U18/><REACH who="1" step="1"/><E18/><REACH who="1" ten="194,266,303,227" step="2"/><N who="2" m="10319" /><F83/><W65/><G116/><T106/><D106/><U36/><AGARI ba="0,1" hai="5,10,15,36,41,47,52,54,55,58,59,76,81,87" machi="36" ten="30,4000,0" yaku="1,1,0,1,54,1,53,0" doraHai="135" doraHaiUra="25" who="1" fromWho="1" sc="194,-10,266,50,303,-10,227,-20" owari="184,-32.0,316,42.0,293,9.0,207,-19.0" /></mjloggm>