<mjloggm ver="2.3"><GO type="41" lobby="0"/><UN n0="%73%68%61%79%65" n1="%56%61%6E%69%6C%6C%65" n2="%E2%93%9D%53%75%70%68%78" n3="%58%65%70%6F%6E%65%6E%74" dan="13,13,18,14" rate="1867.36,1818.35,2126.43,2003.84" sx="F,M,M,M"/><TAIKYOKU oya="0"/><INIT seed="0,0,0,2,3,53" ten="250,250,250,250" oya="0" hai0="20,74,57,41,18,102,44,14,83,59,50,71,26" hai1="29,122,61,72,69,133,13,3,62,68,38,8,35" hai2="131,75,128,110,7,73,93,94,70,90,0,22,65" hai3="51,9,86,16,120,113,33,48,12,2,54,97,130"/><T87/><D74/><U10/><E122/><V42/><F42/><W125/><G113/><T58/><D71/><U56/><E72/><V49/><F49/><W116/><G116/><T40/><D102/><U30/><E38/><V129/><F110/><W114/><G114/><T24/><D41/><U112/><E112/><V11/><F94/><W32/><G120/><T17/><D17/><U84/><E3/><V36/><F36/><W92/><G86/><T124/><D124/><U80/><E69/><V95/><F95/><W89/><G130/><T4/><D4/><U60/><E68/><V81/><F22/><W103/><G125/><T5/><D5/><U63/><E35/><V82/><F75/><W135/><G135/><T85/><D85/><U100/><E100/><V66/><F70/><W1/><G103/><T107/><D107/><U27/><E133/><V79/><REACH who="2" step="1"/><F82/><REACH who="2" ten="250,250,240,250" step="2"/><W52/><G51/><T98/><D98/><AGARI ba="0,1" hai="0,7,11,65,66,73,79,81,90,93,98,128,129,131" machi="98" ten="40,8000,1" yaku="1,1,2,1,19,1,53,1" doraHai="53" doraHaiUra="34" who="2" fromWho="0" sc="250,-80,250,0,240,90,250,0" /><INIT seed="1,0,0,1,2,117" ten="170,250,330,250" oya="1" hai0="22,104,108,1,133,64,12,113,42,62,67,61,54" hai1="81,45,47,55,60,101,135,78,10,20,44,69,102" hai2="106,99,75,109,76,96,92,90,86,95,127,105,116" hai3="48,71,94,89,49,21,128,41,26,74,40,34,18"/><U93/><E135/><V56/><F56/><W79/><G71/><T52/><D1/><U87/><E69/><V129/><F109/><W80/><G128/><T123/><D113/><U131/><E131/><V124/><F129/><W82/><G82/><T72/><D104/><N who="2" m="40042" /><F116/><W0/><G0/><T118/><D72/><U122/><E122/><V33/><F33/><W70/><G70/><T15/><D118/><U43/><E43/><V132/><F132/><W111/><G111/><T100/><D108/><U66/><E66/><V53/><F53/><W119/><G119/><T107/><D133/><U36/><E36/><V130/><F130/><W7/><G7/><T125/><D42/><U29/><E10/><V115/><F115/><W88/><G49/><T126/><D107/><U30/><E30/><V84/><F75/><W32/><G41/><T24/><D100/><U114/><E114/><V65/><F65/><W14/><G34/><T25/><D22/><U39/><E39/><V19/><F19/><W11/><G32/><T120/><AGARI ba="0,0" hai="12,15,24,25,52,54,61,62,64,67,120,123,125,126" machi="120" ten="25,12000,2" yaku="0,1,22,2,52,2,54,1" doraHai="117" who="0" fromWho="0" sc="170,120,250,-60,330,-30,250,-30" /><INIT seed="2,0,0,4,4,4" ten="290,190,300,220" oya="2" hai0="79,63,102,14,57,33,56,45,0,81,132,62,31" hai1="109,7,100,94,18,26,98,91,85,66,114,19,99" hai2="77,73,48,116,105,106,95,53,115,10,64,16,8" hai3="80,127,50,96,32,86,130,90,133,88,76,35,34"/><V28/><F115/><W49/><G133/><T52/><D0/><U2/><E114/><V70/><F116/><W29/><G130/><T5/><D132/><U83/><E109/><V46/><F28/><W67/><G127/><T58/><D102/><U131/><E131/><V82/><F95/><W112/><G112/><T87/><D33/><U69/><E99/><V55/><F55/><W92/><G29/><T39/><D31/><U113/><E113/><V30/><F30/><W25/><G25/><T129/><D129/><U12/><E2/><V51/><F51/><W68/><G68/><T71/><D71/><U17/><E7/><V110/><F110/><W128/><G128/><T120/><D120/><U24/><E69/><V125/><F125/><W93/><REACH who="3" step="1"/><G67/><REACH who="3" ten="290,190,300,210" step="2"/><T1/><D1/><U118/><E118/><V84/><F64/><W122/><G122/><T3/><D3/><U6/><E66/><V43/><F70/><W61/><G61/><T107/><D62/><U13/><E6/><V135/><F135/><W41/><G41/><T27/><D27/><AGARI ba="0,1" hai="12,13,17,18,19,24,26,27,83,85,91,94,98,100" machi="27" ten="40,1300,0" yaku="8,1" doraHai="4" who="1" fromWho="0" sc="290,-13,190,23,300,0,210,0" /><INIT seed="3,0,0,2,4,13" ten="277,213,300,210" oya="3" hai0="65,10,48,87,16,66,135,58,93,134,22,111,71" hai1="19,3,74,41,27,84,32,24,45,51,61,114,128" hai2="79,121,109,15,117,17,44,60,78,53,28,1,23" hai3="68,54,47,46,106,88,67,91,69,18,95,30,21"/><W83/><G106/><T116/><D116/><U52/><E74/><V9/><F109/><W112/><G112/><T73/><D73/><U122/><E3/><V123/><F117/><W129/><G30/><T37/><D37/><U101/><E122/><N who="2" m="46603" /><F28/><W85/><G129/><T118/><D118/><U77/><E114/><V110/><F110/><W102/><G102/><T70/><D10/><U107/><E32/><V12/><F1/><W100/><G100/><T39/><D39/><U81/><E128/><V6/><F60/><W127/><G127/><T42/><D42/><U131/><E131/><V2/><F2/><W96/><G67/><T80/><D111/><U120/><E120/><V34/><F34/><W8/><G8/><T104/><D104/><U86/><E107/><V94/><F94/><W97/><G97/><T63/><D93/><U105/><E105/><V56/><F56/><W126/><G126/><T50/><D66/><U57/><E57/><V25/><BYE who="1" /><F25/><W14/><REACH who="3" step="1"/><G54/><REACH who="3" ten="277,213,300,200" step="2"/><T133/><D71/><AGARI ba="0,1" hai="14,18,21,46,47,68,69,71,83,85,88,91,95,96" machi="71" ten="40,12000,1" yaku="1,1,2,1,52,1,54,1,53,0" doraHai="13" doraHaiUra="33" who="3" fromWho="0" sc="277,-120,213,0,300,0,200,130" /><INIT seed="3,1,0,1,2,50" ten="157,213,300,330" oya="3" hai0="42,109,96,51,24,47,121,114,3,82,104,135,133" hai1="95,46,18,78,43,74,23,35,64,93,107,126,101" hai2="112,52,68,77,76,115,91,70,124,129,85,92,71" hai3="128,26,13,58,83,108,103,67,29,61,54,0,53"/><W48/><G0/><T105/><D3/><U7/><E7/><V113/><F129/><W15/><G128/><T65/><D121/><U31/><E31/><V111/><F111/><W14/><G108/><T55/><D109/><U116/><E116/><V100/><F100/><W119/><G119/><T59/><D114/><U44/><E44/><V123/><F124/><W10/><G83/><T27/><D82/><U125/><E125/><V132/><F132/><W9/><G103/><T89/><D65/><U79/><E79/><V33/><F33/><W25/><G67/><UN n1="%56%61%6E%69%6C%6C%65" /><T8/><D8/><N who="3" m="3177" /><G29/><T118/><D118/><U110/><E110/><V81/><F123/><W30/><G30/><T66/><D66/><U36/><E35/><V69/><F69/><W73/><G73/><T72/><D72/><U19/><E126/><V90/><F90/><W32/><G32/><T28/><D24/><U12/><E107/><V62/><REACH who="2" step="1"/><F81/><REACH who="2" ten="157,213,290,330" step="2"/><W2/><G2/><T94/><D133/><U117/><E101/><V75/><F75/><W88/><G88/><T127/><D135/><U98/><E117/><V34/><F34/><W97/><G97/><T57/><D127/><U102/><E74/><V16/><F16/><W122/><G122/><T6/><D89/><U63/><E78/><V106/><F106/><W21/><G21/><T40/><D105/><U37/><E37/><V80/><F80/><W22/><G22/><T87/><D104/><U99/><E19/><V17/><F17/><W38/><G38/><T130/><D130/><U120/><E120/><V45/><F45/><AGARI ba="1,1" hai="13,14,15,25,26,45,48,53,54,58,61" m="3177" machi="45" ten="30,5800,0" yaku="8,1,52,2" doraHai="50" who="3" fromWho="2" sc="157,0,213,0,290,-61,330,71" /><INIT seed="3,2,0,5,4,32" ten="157,213,229,401" oya="3" hai0="35,115,29,47,5,116,6,33,111,130,26,49,73" hai1="112,129,38,114,63,77,81,25,132,86,40,134,67" hai2="23,43,118,99,3,45,12,42,131,117,109,34,72" hai3="75,69,92,10,110,56,106,107,135,60,83,70,58"/><W53/><G135/><N who="1" m="51754" /><E38/><V21/><F72/><W19/><G92/><T84/><D73/><U13/><E40/><V71/><F71/><W91/><G69/><T90/><D116/><U31/><E13/><V2/><F34/><W94/><G70/><T55/><D35/><N who="1" m="20975" /><E129/><V7/><F131/><W61/><G110/><T20/><D130/><U88/><E77/><V15/><F99/><W18/><G83/><T80/><D111/><U51/><E51/><V122/><F109/><W65/><G75/><T87/><D115/><N who="1" m="44075" /><E63/><V74/><F74/><W30/><G30/><T123/><D123/><U93/><E67/><V121/><F7/><W79/><G79/><T96/><D33/><U8/><E8/><V0/><F0/><W125/><G61/><T102/><REACH who="0" step="1"/><D84/><REACH who="0" ten="147,213,229,401" step="2"/><N who="1" m="52359" /><E81/><V4/><F4/><W37/><G106/><AGARI ba="2,1" hai="5,6,20,26,29,47,49,55,80,87,90,96,102,106" machi="106" ten="30,2000,0" yaku="1,1,7,1,53,0" doraHai="32" doraHaiUra="28" who="0" fromWho="3" sc="147,36,213,0,229,0,401,-26" /><INIT seed="4,0,0,1,4,43" ten="183,213,229,375" oya="0" hai0="99,15,35,27,3,20,28,58,9,45,131,77,56" hai1="95,4,13,134,17,42,126,123,72,98,16,92,66" hai2="14,93,34,125,50,107,110,63,0,41,54,101,127" hai3="23,38,74,100,128,40,85,73,36,121,5,25,7"/><T26/><D131/><U21/><E72/><V105/><F0/><W135/><G128/><T96/><D77/><U114/><E123/><V70/><F34/><W87/><G121/><T81/><D81/><U113/><E42/><V68/><F14/><W124/><G40/><T88/><D96/><U69/><E69/><N who="2" m="26731" /><F93/><N who="1" m="35913" /><E98/><V24/><F24/><W120/><G120/><T62/><D3/><U2/><E66/><V97/><F97/><W53/><G53/><T106/><D106/><U60/><E60/><V39/><F101/><W103/><G25/><T133/><D62/><U82/><E82/><V104/><F104/><W48/><G48/><T67/><D67/><U57/><E57/><N who="2" m="35255" /><F107/><W132/><G23/><T112/><D20/><N who="1" m="11311" /><E134/><V59/><F105/><W12/><G12/><T47/><D133/><U102/><E102/><V51/><F110/><W71/><G71/><T75/><D27/><N who="1" m="14759" /><E126/><AGARI ba="0,0" hai="5,7,36,38,73,74,85,87,100,103,124,126,132,135" machi="126" ten="25,1600,0" yaku="22,2" doraHai="43" who="3" fromWho="1" sc="183,0,213,-16,229,0,375,16" /><INIT seed="5,0,0,1,3,14" ten="183,197,229,391" oya="1" hai0="4,52,108,81,15,45,125,117,74,67,29,51,42" hai1="27,80,32,24,118,23,95,73,91,129,99,49,47" hai2="77,98,115,55,60,116,106,54,82,133,79,57,41" hai3="30,92,44,71,89,62,64,58,36,43,18,2,26"/><U8/><E118/><V22/><F116/><W65/><G2/><T13/><D117/><U66/><E32/><V122/><F122/><W34/><G18/><T50/><D125/><U68/><E129/><V83/><F41/><W110/><G110/><T130/><D108/><U17/><E68/><V90/><F133/><W10/><G10/><T84/><D74/><U101/><E66/><V12/><F106/><W134/><G134/><T11/><D67/><U20/><E8/><V86/><F115/><W104/><G104/><T33/><D130/><U70/><E70/><V127/><F127/><W69/><G65/><T5/><D33/><U102/><E80/><V48/><F98/><AGARI ba="0,0" hai="26,30,34,36,43,44,58,62,64,69,71,89,92,98" machi="98" ten="30,1000,0" yaku="7,1" doraHai="14" who="3" fromWho="2" sc="183,0,197,0,229,-10,391,10" /><INIT seed="6,0,0,0,2,44" ten="183,197,219,401" oya="2" hai0="83,89,120,133,70,99,96,81,130,82,60,103,34" hai1="121,27,45,108,64,13,114,55,33,47,62,7,100" hai2="95,20,122,104,57,68,35,80,8,92,84,48,66" hai3="30,132,24,93,61,63,118,101,54,107,11,14,106"/><V129/><F122/><W18/><G118/><T38/><D34/><U19/><E108/><V22/><F104/><W37/><G37/><T126/><D38/><U91/><E7/><V52/><F35/><W67/><G132/><T46/><D70/><U112/><E121/><V53/><F129/><W128/><G128/><T5/><D5/><U56/><E100/><V59/><F66/><W71/><G61/><T86/><D60/><U0/><E0/><V23/><F8/><W42/><G42/><T31/><D31/><U124/><E27/><V40/><F40/><W26/><G26/><T74/><D46/><U75/><E33/><V102/><F102/><W135/><G54/><T76/><D120/><U119/><E75/><V78/><F68/><W28/><G28/><T21/><D21/><U77/><E77/><V116/><F116/><W73/><G73/><T110/><D130/><U111/><E111/><V3/><F3/><W12/><G12/><T109/><D133/><U43/><E119/><V131/><F131/><W50/><G135/><T125/><D82/><U85/><E124/><N who="0" m="47721" /><D99/><U87/><E87/><V98/><F98/><W51/><G71/><T2/><D2/><U58/><E43/><V36/><F36/><W10/><G67/><T15/><D15/><U115/><E13/><V72/><F72/><W9/><G14/><T88/><D89/><U41/><E41/><V90/><F90/><W65/><G101/><T113/><D113/><N who="1" m="28931" /><U79/><DORA hai="127" /><E79/><V97/><F97/><W39/><G39/><T123/><D123/><U25/><E25/><V4/><F4/><RYUUKYOKU ba="0,0" sc="183,15,197,-15,219,15,401,-15" hai0="74,76,81,83,86,88,96,103,109,110" hai2="20,22,23,48,52,53,57,59,78,80,84,92,95" /><INIT seed="6,1,0,5,5,110" ten="198,182,234,386" oya="2" hai0="101,30,104,37,130,61,79,49,134,114,47,76,103" hai1="24,95,112,34,21,94,91,7,127,80,4,32,39" hai2="121,22,126,133,43,75,50,10,46,66,58,29,35" hai3="93,9,6,87,62,59,13,15,42,55,26,51,20"/><V3/><F121/><W125/><G125/><T33/><D37/><U68/><E39/><V81/><F35/><W106/><G106/><T96/><D134/><U72/><E68/><V12/><F3/><W119/><G119/><T85/><D130/><U2/><E34/><V63/><F126/><W115/><G115/><T45/><D101/><U123/><E32/><V54/><F133/><W48/><G15/><T74/><D74/><U27/><E127/><V97/><F97/><W73/><G73/><T28/><D47/><U5/><E2/><V122/><F122/><W124/><G124/><T107/><D107/><U0/><E0/><V71/><F29/><N who="3" m="17607" /><G42/><T14/><D14/><U88/><E27/><V132/><F22/><W86/><G93/><N who="1" m="35338" /><E72/><V44/><F132/><W77/><G87/><T40/><D85/><U117/><E123/><V131/><F131/><W111/><G111/><T105/><D105/><U128/><E128/><V1/><F1/><W60/><G60/><T23/><D61/><U116/><E80/><AGARI ba="1,0" hai="6,9,13,48,51,55,59,62,77,80,86" m="17607" machi="80" ten="30,1000,0" yaku="8,1" doraHai="110" who="3" fromWho="1" sc="198,0,182,-13,234,0,386,13" /><INIT seed="7,0,0,2,4,113" ten="198,169,234,399" oya="3" hai0="114,78,129,52,107,33,32,13,121,77,20,104,57" hai1="76,70,99,96,14,58,123,61,89,59,102,88,40" hai2="69,108,49,51,117,106,26,65,82,46,44,126,50" hai3="94,109,118,24,73,120,130,34,93,75,100,134,84"/><W6/><G6/><T19/><D121/><U48/><E70/><V18/><F117/><W91/><G24/><T30/><D114/><U124/><E123/><V87/><F108/><W80/><G34/><T25/><D32/><U110/><E110/><V71/><F106/><W43/><G43/><T39/><D39/><U127/><E76/><V132/><F132/><W28/><G118/><T86/><D129/><U92/><E40/><V133/><F126/><W60/><G60/><T83/><REACH who="0" step="1"/><D78/><REACH who="0" ten="188,169,234,399" step="2"/><U0/><E0/><V62/><F133/><W98/><G120/><T85/><D85/><U9/><E127/><V95/><F87/><W41/><G84/><T37/><D37/><U8/><E124/><V115/><F115/><W2/><G134/><T53/><D53/><N who="1" m="32039" /><E99/><V22/><F46/><W64/><G109/><T17/><D17/><N who="1" m="8391" /><E9/><V66/><F44/><W128/><G128/><T21/><D21/><U29/><E29/><V122/><F122/><W56/><G28/><T23/><D23/><U63/><E63/><AGARI ba="0,1" hai="13,19,20,25,30,33,52,57,63,77,83,86,104,107" machi="63" ten="30,7700,0" yaku="1,1,7,1,54,1,53,1" doraHai="113" doraHaiUra="74" who="0" fromWho="1" sc="188,87,169,-77,234,0,399,0" owari="275,8.0,92,-41.0,234,-17.0,399,50.0" /></mjloggm>