<mjloggm ver="2.3"><GO type="41" lobby="0"/><UN n0="%78%65%6E%6F%6E" n1="%E3%83%88%E3%83%AD%E3%83%BC%E3%83%81" n2="%E9%BB%92%E5%B2%A9%E5%9B%A3%E9%95%B7" n3="%E2%93%9D%53%75%70%68%78" dan="14,15,14,17" rate="1908.76,2069.85,1955.08,2026.61" sx="M,M,M,M"/><TAIKYOKU oya="0"/><INIT seed="0,0,0,1,1,132" ten="250,250,250,250" oya="0" hai0="68,47,35,88,84,100,118,124,123,114,112,14,41" hai1="54,91,32,111,73,134,89,127,23,5,119,105,30" hai2="117,71,37,44,55,58,9,34,36,38,49,3,2" hai3="108,90,19,85,50,67,46,106,125,65,81,101,56"/><T135/><D118/><U57/><E105/><V75/><F117/><W126/><G108/><T63/><D135/><U48/><E111/><V133/><F34/><W104/><G19/><T107/><D123/><U4/><E32/><V96/><F71/><W97/><G106/><T17/><D35/><U92/><E73/><V13/><F75/><W69/><G56/><T10/><D100/><U74/><E74/><V12/><F12/><W51/><G51/><T6/><D6/><U94/><E127/><N who="3" m="48650" /><G69/><T103/><D103/><U95/><E134/><V27/><F58/><W21/><G21/><T76/><D107/><U115/><E115/><V52/><F55/><AGARI ba="0,0" hai="46,50,55,65,67,81,85,90,97,101,104" m="48650" machi="55" ten="30,7700,0" yaku="18,1,52,3" doraHai="132" who="3" fromWho="2" sc="250,0,250,0,250,-77,250,77" /><INIT seed="1,0,0,2,3,36" ten="250,250,173,327" oya="1" hai0="70,78,77,62,41,107,4,18,64,11,65,98,33" hai1="80,39,126,60,92,29,58,63,85,13,56,100,27" hai2="117,59,127,43,19,61,122,15,132,88,1,73,109" hai3="3,6,53,123,124,66,111,54,129,17,12,74,48"/><U79/><E126/><V91/><F1/><W50/><G123/><T87/><D33/><U40/><E39/><V116/><F122/><W75/><G66/><T20/><D65/><U134/><E134/><V9/><F73/><W72/><G111/><T95/><D107/><U96/><E58/><V130/><F109/><W99/><G129/><T133/><D87/><U51/><E13/><V42/><F132/><W24/><G3/><T90/><D41/><N who="2" m="15370" /><F117/><W131/><G131/><T10/><D133/><U8/><E8/><V104/><F104/><W52/><G124/><T93/><D93/><U81/><E80/><V47/><F116/><W102/><G6/><T125/><D125/><U97/><E96/><V106/><F106/><W2/><G2/><T112/><D112/><U22/><E56/><V82/><F130/><W76/><G76/><T37/><D37/><U44/><AGARI ba="0,0" hai="22,27,29,40,44,51,60,63,79,81,85,92,97,100" machi="44" ten="30,6000,0" yaku="0,1,8,1,52,1" doraHai="36" who="1" fromWho="1" sc="250,-20,250,60,173,-20,327,-20" /><INIT seed="1,1,0,5,2,127" ten="230,310,153,307" oya="1" hai0="70,80,122,27,52,17,130,6,26,53,58,16,93" hai1="88,32,101,102,13,112,104,21,83,42,133,11,76" hai2="22,74,39,35,95,23,87,64,37,7,28,20,60" hai3="67,128,73,77,113,82,43,84,69,9,106,3,15"/><U72/><E112/><V114/><F74/><W123/><G123/><T86/><D70/><U30/><E32/><V5/><F114/><W46/><G113/><T41/><D41/><U31/><E133/><V0/><F35/><W118/><G106/><T62/><D6/><U55/><E104/><V4/><F28/><W117/><G3/><T91/><D122/><U2/><E2/><V75/><F75/><W103/><G103/><T71/><D71/><U36/><E36/><V135/><F0/><W99/><G99/><T12/><D17/><U45/><E55/><V61/><F135/><W56/><G56/><T29/><D29/><U34/><E21/><V92/><F87/><W126/><G126/><T51/><D130/><U59/><E59/><V40/><F40/><W66/><G128/><T100/><D100/><U116/><E116/><N who="3" m="44650" /><G73/><T121/><D80/><U33/><E102/><V129/><F64/><W107/><G107/><T44/><REACH who="0" step="1"/><D121/><REACH who="0" ten="220,310,153,307" step="2"/><U50/><E101/><V78/><F129/><W125/><G69/><T24/><D24/><U14/><E31/><V10/><F78/><W8/><G125/><T98/><D98/><U109/><E30/><V124/><F124/><W96/><G96/><T63/><D63/><N who="2" m="24138" /><F10/><AGARI ba="1,1" hai="10,12,16,26,27,44,51,52,53,58,62,86,91,93" machi="10" ten="30,12000,2" yaku="1,1,7,1,8,1,54,2,53,1" doraHai="127" doraHaiUra="57" who="0" fromWho="2" sc="220,133,310,0,153,-123,307,0" /><INIT seed="2,0,0,0,4,75" ten="353,310,30,307" oya="2" hai0="77,91,103,118,14,80,85,44,71,64,86,127,27" hai1="123,121,109,18,67,134,36,24,62,88,132,108,98" hai2="45,59,122,52,57,53,133,113,23,92,117,7,12" hai3="5,34,110,10,2,84,22,41,72,28,3,63,31"/><V94/><F122/><N who="1" m="46601" /><E24/><V70/><F117/><W120/><G72/><T116/><D127/><U43/><E18/><V38/><F70/><W78/><G110/><N who="1" m="42602" /><E98/><V114/><F133/><W95/><G41/><T47/><D103/><U76/><E76/><V39/><F12/><W82/><G34/><T35/><D14/><U30/><E88/><V111/><F111/><W25/><G120/><T90/><D90/><U48/><E48/><V129/><F23/><W9/><G63/><N who="0" m="40351" /><D27/><U54/><E54/><V87/><F129/><W126/><G126/><T46/><D35/><U93/><E30/><V37/><F45/><W1/><G31/><T60/><D60/><U20/><E93/><V26/><F26/><W17/><G95/><T74/><D91/><U101/><E101/><V0/><F39/><W130/><G130/><T32/><D32/><U15/><E20/><V102/><F102/><W106/><G106/><T4/><D4/><U19/><E43/><V79/><F79/><W33/><G10/><T119/><AGARI ba="0,0" hai="44,46,47,74,77,80,85,86,116,118,119" m="40351" machi="119" ten="40,2700,0" yaku="12,1,52,1" doraHai="75" who="0" fromWho="0" sc="353,27,310,-7,30,-13,307,-7" /><INIT seed="3,0,0,1,1,38" ten="380,303,17,300" oya="3" hai0="10,19,4,20,3,116,71,133,7,75,102,57,77" hai1="132,58,32,23,92,36,1,89,17,114,62,112,78" hai2="0,134,9,125,80,46,27,18,8,44,73,74,130" hai3="109,128,90,96,55,68,56,76,69,5,28,13,47"/><W110/><G76/><T91/><BYE who="2" /><D71/><U103/><E1/><V135/><F135/><W26/><G128/><T95/><D116/><U67/><E36/><V106/><F106/><W99/><G47/><T50/><D102/><U121/><E32/><V127/><F127/><W83/><G13/><T43/><D7/><U59/><E121/><V97/><F97/><N who="3" m="37451" /><G83/><T108/><D77/><U105/><E103/><V49/><F49/><N who="3" m="30831" /><G5/><T124/><D75/><U84/><E132/><V45/><F45/><W82/><G82/><T118/><D124/><U60/><E105/><V129/><F129/><W70/><G90/><T31/><D31/><U21/><E78/><V107/><F107/><W6/><G6/><T52/><D118/><U14/><REACH who="1" step="1"/><E21/><REACH who="1" ten="380,293,17,300" step="2"/><V72/><F72/><W94/><G94/><T15/><D133/><U63/><E63/><V12/><F12/><W34/><G34/><T98/><REACH who="0" step="1"/><D108/><REACH who="0" ten="370,293,17,300" step="2"/><N who="3" m="41577" /><G28/><T85/><D85/><U48/><E48/><V104/><F104/><W61/><G61/><T101/><D101/><U111/><E111/><V122/><F122/><W33/><G33/><T123/><D123/><U93/><E93/><V30/><F30/><W22/><G22/><T131/><D131/><U117/><E117/><V41/><F41/><AGARI ba="0,2" hai="3,4,10,15,19,20,41,43,50,52,57,91,95,98" machi="41" ten="40,8000,1" yaku="1,1,52,2,54,1,53,0" doraHai="38" doraHaiUra="29" who="0" fromWho="2" sc="370,100,293,0,17,-80,300,0" owari="470,57.0,293,-11.0,-63,-56.0,300,10.0" /></mjloggm>