<mjloggm ver="2.3"><GO type="41" lobby="0"/><UN n0="%E4%BD%93%E8%A3%81%E7%B9%95%E3%81%84" n1="%E3%83%95%E3%83%83%E3%82%AF%E8%88%B9%E9%95%B7" n2="%E2%93%9D%53%75%70%68%78" n3="%E9%BA%BB%E9%9B%80%E8%81%B7%E4%BA%BA" dan="13,14,18,14" rate="2007.05,1953.08,2103.09,1889.48" sx="M,M,M,M"/><TAIKYOKU oya="0"/><INIT seed="0,0,0,1,3,40" ten="250,250,250,250" oya="0" hai0="103,130,45,37,29,102,89,39,65,41,28,101,5" hai1="72,59,71,93,116,9,70,30,121,47,90,13,33" hai2="2,118,104,11,81,74,15,66,128,43,88,86,14" hai3="46,12,42,23,100,109,24,83,48,129,38,77,134"/><T80/><D130/><U54/><E116/><V82/><F104/><W96/><G109/><T53/><D5/><U98/><E121/><V115/><F115/><W73/><G134/><T97/><D65/><U19/><E72/><V132/><F132/><W124/><G124/><T44/><D80/><U79/><E79/><V55/><F43/><W60/><G60/><T22/><D39/><U27/><REACH who="1" step="1"/><E47/><REACH who="1" ten="250,240,250,250" step="2"/><V125/><F74/><W18/><G129/><T133/><D133/><U21/><E21/><V127/><F118/><W112/><G112/><T26/><D44/><U17/><E17/><V25/><F128/><W110/><G110/><T61/><D29/><U87/><E87/><V32/><F86/><W67/><G38/><T49/><D97/><U35/><E35/><V50/><F32/><W51/><G73/><T108/><D108/><U10/><E10/><V119/><F11/><W6/><G77/><T111/><D111/><U64/><E64/><V1/><F66/><W52/><G67/><T76/><D76/><U94/><E94/><V135/><F135/><W99/><G46/><T92/><D37/><U8/><E8/><V3/><F119/><W63/><G18/><T16/><D28/><U20/><E20/><V58/><F127/><W131/><G131/><T91/><D92/><U56/><E56/><AGARI ba="0,1" hai="16,22,26,41,45,49,53,56,61,89,91,101,102,103" machi="56" ten="40,7700,0" yaku="8,1,52,1,54,1" doraHai="40" who="0" fromWho="1" sc="250,87,240,-77,250,0,250,0" /><INIT seed="0,1,0,3,2,102" ten="337,163,250,250" oya="0" hai0="80,65,37,7,17,84,122,63,52,64,11,34,105" hai1="60,83,66,26,132,44,94,16,129,119,106,79,127" hai2="96,19,128,111,95,3,31,5,36,50,117,99,48" hai3="24,45,18,33,116,87,20,6,12,0,110,135,25"/><T1/><D34/><U86/><E119/><V74/><F36/><W56/><G116/><T10/><D37/><U130/><E127/><V21/><F74/><W2/><G110/><T73/><D73/><U101/><E132/><V53/><F128/><W97/><G135/><T58/><D122/><U4/><E4/><V90/><F111/><W121/><G45/><T59/><D105/><U38/><E94/><V118/><F31/><W120/><G97/><T107/><D107/><U42/><E101/><V108/><F108/><W15/><G87/><T40/><D40/><U30/><E106/><V39/><F39/><W32/><G56/><T57/><D59/><U93/><E93/><V13/><F50/><W114/><G114/><T85/><D58/><U23/><REACH who="1" step="1"/><E30/><REACH who="1" ten="337,153,250,250" step="2"/><V62/><F118/><W113/><G113/><T109/><D80/><U123/><E123/><V103/><F117/><W9/><G121/><T14/><D109/><U28/><E28/><V133/><F133/><W47/><G120/><T134/><D134/><U77/><E77/><V43/><F103/><W46/><G6/><T112/><D112/><U126/><E126/><V131/><F5/><W49/><G2/><T51/><D64/><U67/><E67/><V69/><F3/><W68/><G0/><T82/><D82/><U88/><E88/><V115/><F115/><W72/><G33/><T104/><D104/><U100/><E100/><V89/><F89/><W54/><G32/><T41/><D7/><U22/><E22/><V78/><F21/><W70/><G20/><T98/><D1/><U124/><E124/><RYUUKYOKU ba="1,1" sc="337,-10,153,30,250,-10,250,-10" hai1="16,23,26,38,42,44,60,66,79,83,86,129,130" /><INIT seed="1,2,1,2,0,23" ten="327,183,240,240" oya="1" hai0="105,126,130,71,73,1,78,131,119,115,22,11,61" hai1="88,110,3,49,112,89,101,46,51,35,120,34,62" hai2="122,79,133,66,135,15,41,77,121,36,82,56,100" hai3="19,80,9,54,45,75,8,114,31,32,25,93,95"/><U14/><E112/><V134/><F15/><W86/><G114/><T47/><D61/><U5/><E120/><N who="2" m="46187" /><F41/><W21/><G75/><T96/><D47/><U132/><E3/><V48/><F36/><W98/><G32/><T113/><D96/><U57/><E132/><V13/><F13/><W0/><G0/><T125/><D78/><U39/><E39/><V109/><F109/><W67/><G67/><T118/><D11/><U4/><E110/><V124/><F124/><N who="0" m="47722" /><D22/><U84/><E101/><V74/><F79/><W104/><G104/><T16/><D16/><U30/><E89/><V28/><F100/><W38/><G31/><T91/><D91/><U92/><E49/><V52/><F66/><W10/><G38/><T7/><D7/><U58/><E30/><AGARI ba="2,1" hai="28,30,48,52,56,74,77,82,133,134,135" m="46187" machi="30" ten="40,2600,0" yaku="20,1,54,1" doraHai="23" who="2" fromWho="1" sc="327,0,183,-32,240,42,240,0" /><INIT seed="2,0,0,3,5,104" ten="327,151,282,240" oya="2" hai0="95,0,126,42,11,14,122,7,20,27,124,100,99" hai1="93,24,123,77,58,78,83,96,1,133,101,45,53" hai2="130,47,37,80,17,59,29,88,70,35,86,103,13" hai3="114,74,105,117,82,76,118,30,116,52,65,67,119"/><V98/><F70/><W18/><G105/><T94/><D122/><U40/><E1/><V25/><F130/><W55/><G114/><T91/><D42/><U73/><E133/><V9/><F59/><W4/><G30/><T34/><D91/><U112/><E112/><V56/><F56/><W33/><G33/><T90/><D34/><U111/><E111/><V15/><F15/><W51/><G4/><T135/><D135/><U22/><E123/><V19/><F37/><W31/><G31/><T12/><D124/><U44/><E78/><V63/><F63/><W16/><N who="3" m="29696" /><DORA hai="46" /><W32/><G32/><T134/><D134/><U36/><E36/><V57/><F57/><W132/><G132/><T23/><D23/><U38/><E38/><V79/><F47/><W66/><REACH who="3" step="1"/><G51/><REACH who="3" ten="327,151,282,230" step="2"/><T75/><D126/><U10/><E10/><V131/><F131/><W60/><G60/><T89/><D11/><U8/><E8/><V127/><F127/><W109/><G109/><T64/><D7/><U72/><E40/><V129/><F129/><W102/><G102/><T5/><D5/><U84/><E45/><V54/><F103/><W128/><G128/><T50/><D0/><U61/><REACH who="1" step="1"/><E44/><REACH who="1" ten="327,141,282,230" step="2"/><V108/><F108/><W92/><G92/><T115/><D95/><U26/><E26/><V48/><F25/><W81/><G81/><T113/><D27/><U69/><E69/><V2/><F2/><W120/><G120/><T6/><D94/><U3/><E3/><V41/><F41/><W107/><G107/><T21/><D113/><U85/><E85/><V62/><F86/><RYUUKYOKU ba="0,2" sc="327,-15,141,15,282,-15,230,15" hai1="22,24,53,58,61,72,73,77,83,84,93,96,101" hai3="16,18,52,55,65,66,67,74,76,82" /><INIT seed="3,1,2,3,3,69" ten="312,156,267,245" oya="3" hai0="41,104,95,76,94,21,83,30,34,118,47,121,112" hai1="53,75,130,43,108,98,1,90,2,33,9,28,125" hai2="44,4,8,24,86,81,74,14,54,35,51,26,106" hai3="45,111,109,85,79,70,117,92,110,19,99,78,57"/><W29/><G70/><T15/><D118/><U68/><E125/><V82/><F106/><W113/><G117/><T39/><D104/><U133/><E130/><V58/><F35/><W103/><G113/><T73/><D121/><U11/><E108/><V63/><F74/><W97/><G29/><T134/><D134/><U36/><E53/><V55/><REACH who="2" step="1"/><F82/><REACH who="2" ten="312,156,257,245" step="2"/><W12/><G111/><T72/><D34/><U100/><E75/><V64/><F64/><W129/><G129/><T6/><D73/><U25/><E133/><V10/><F10/><W96/><G110/><T128/><D128/><U42/><E11/><V101/><F101/><W48/><G109/><T32/><D32/><U27/><E9/><V52/><F52/><W66/><G66/><T123/><D83/><U56/><E100/><V87/><F87/><W5/><G103/><T49/><D72/><U107/><E107/><V127/><F127/><W22/><G85/><T89/><D6/><U135/><E33/><V84/><F84/><W124/><G5/><T18/><D112/><U120/><E135/><V60/><F60/><W61/><G124/><T119/><D119/><U3/><E120/><V114/><F114/><W115/><G115/><T59/><D123/><U62/><E62/><V17/><F17/><W77/><G92/><T7/><D18/><U46/><E28/><V67/><F67/><N who="3" m="39343" /><G99/><T116/><D94/><U37/><E98/><V20/><F20/><W13/><G13/><T31/><D95/><U38/><E1/><V132/><F132/><W105/><G105/><T80/><D116/><U0/><E2/><RYUUKYOKU ba="1,3" sc="312,-15,156,-15,257,15,245,15" hai2="4,8,14,24,26,44,51,54,55,58,63,81,86" hai3="12,19,22,45,48,77,78,79,96,97" /><INIT seed="3,2,3,5,3,132" ten="297,141,272,260" oya="3" hai0="23,49,102,33,59,16,63,35,115,14,108,105,61" hai1="21,4,120,55,13,119,27,111,106,42,53,131,31" hai2="121,70,113,96,134,123,91,85,51,58,52,44,10" hai3="116,77,98,66,112,97,76,81,48,65,118,100,15"/><W103/><G112/><T36/><D108/><U75/><E106/><V74/><F113/><W64/><G15/><T30/><D36/><U43/><E75/><V56/><F74/><W125/><G64/><T38/><D38/><U50/><E111/><V104/><F70/><W1/><G81/><T90/><D115/><U37/><E120/><N who="2" m="46155" /><F134/><W39/><G48/><T86/><D105/><U114/><E131/><V24/><F24/><W32/><G39/><T67/><D102/><U95/><E119/><V0/><F96/><W87/><G87/><T94/><D30/><U82/><E82/><N who="2" m="49591" /><F104/><W18/><G18/><T117/><D117/><U101/><E37/><V88/><F88/><W3/><G32/><T127/><D127/><AGARI ba="2,3" hai="1,3,65,66,76,77,97,98,100,103,116,118,125,127" machi="127" ten="25,9600,0" yaku="22,2,52,2" doraHai="132" who="3" fromWho="0" sc="297,-102,141,0,272,0,260,132" /><INIT seed="3,3,0,1,0,69" ten="195,141,272,392" oya="3" hai0="54,38,70,48,91,53,121,32,62,1,60,106,111" hai1="56,40,51,43,135,18,33,36,34,83,128,10,130" hai2="104,96,87,8,13,5,28,103,6,55,114,74,12" hai3="90,26,67,73,57,100,27,80,112,64,37,15,117"/><W77/><G117/><T41/><D106/><U19/><E135/><V107/><F74/><W75/><G112/><T98/><D32/><U88/><E10/><V2/><F114/><W46/><G100/><T127/><D1/><U89/><E56/><V82/><F28/><W35/><G15/><T16/><D121/><U68/><E68/><V105/><F55/><W52/><G90/><T29/><D29/><U132/><E132/><V123/><F123/><W22/><G35/><T84/><D98/><U30/><E30/><V11/><REACH who="2" step="1"/><F2/><REACH who="2" ten="195,141,262,392" step="2"/><W109/><G75/><T14/><D54/><U113/><E113/><V0/><F0/><W102/><G67/><T76/><D53/><U21/><E21/><V4/><F4/><W66/><G64/><T101/><D70/><U93/><E130/><V65/><F65/><W120/><G66/><T50/><D111/><U118/><E128/><V44/><F44/><W47/><G109/><T78/><D16/><U71/><E71/><V17/><F17/><W61/><G120/><T79/><D14/><U58/><E18/><V125/><F125/><W99/><G22/><T85/><D62/><U24/><E19/><V124/><F124/><W116/><G116/><T115/><D60/><U133/><E118/><V119/><F119/><W25/><G47/><T129/><D115/><U9/><E34/><V49/><F49/><W39/><REACH who="3" step="1"/><G46/><REACH who="3" ten="195,141,262,382" step="2"/><N who="0" m="23863" /><D127/><U92/><E33/><V42/><F42/><W45/><G45/><T59/><D129/><U134/><E40/><V122/><F122/><W20/><G20/><T86/><D59/><U94/><E134/><RYUUKYOKU ba="3,2" sc="195,-15,141,-15,262,15,382,15" hai2="5,6,8,11,12,13,82,87,96,103,104,105,107" hai3="25,26,27,37,39,52,57,61,73,77,80,99,102" /><INIT seed="3,4,2,1,0,122" ten="180,126,277,397" oya="3" hai0="77,11,97,18,36,74,24,26,79,94,60,111,132" hai1="33,47,35,48,110,105,38,12,50,112,56,123,104" hai2="117,84,14,3,10,70,119,109,78,135,62,75,6" hai3="66,126,107,46,91,129,59,134,34,72,51,16,96"/><W61/><G34/><T54/><D36/><U106/><E112/><V67/><F84/><W86/><G72/><T118/><D118/><U57/><E123/><V44/><F14/><W80/><G134/><T95/><D132/><U125/><E38/><V64/><F64/><W8/><G129/><T22/><D74/><U39/><E39/><V88/><F88/><W63/><G126/><T69/><D69/><U120/><E120/><V53/><F53/><W20/><G8/><T100/><D11/><U55/><E125/><V21/><F44/><W115/><G115/><T65/><D65/><U85/><E85/><V114/><F21/><W133/><G133/><T31/><D111/><U99/><E99/><V45/><F45/><W102/><G59/><T43/><D43/><U73/><E73/><V30/><F109/><W4/><G4/><T124/><D124/><U81/><E81/><N who="2" m="45279" /><F135/><W41/><G66/><T9/><D9/><U76/><E12/><AGARI ba="4,2" hai="12,16,20,41,46,51,61,63,80,86,91,96,102,107" machi="12" ten="30,2900,0" yaku="7,1,54,1" doraHai="122" who="3" fromWho="1" sc="180,0,126,-41,277,0,397,61" /><INIT seed="3,5,0,1,3,106" ten="180,85,277,458" oya="3" hai0="76,46,13,107,58,99,28,105,0,94,78,97,90" hai1="69,45,88,4,31,82,44,24,5,102,49,19,108" hai2="17,14,26,60,51,72,92,20,66,33,40,21,114" hai3="80,16,38,98,23,115,73,81,134,25,104,63,34"/><W61/><G115/><T84/><D0/><U42/><E108/><V59/><F114/><W43/><G34/><T68/><D68/><U110/><E69/><V62/><F33/><W18/><G134/><T127/><D28/><U85/><E110/><V112/><F72/><W121/><G121/><T125/><D13/><U100/><E19/><V123/><F123/><W87/><G18/><T122/><D58/><U30/><E100/><V2/><F2/><W6/><G6/><T111/><D46/><U37/><E102/><V101/><F62/><W27/><G25/><T36/><D36/><U1/><E1/><V71/><F112/><W109/><G109/><T32/><D32/><U54/><REACH who="1" step="1"/><E31/><REACH who="1" ten="180,75,277,458" step="2"/><V86/><F71/><W124/><G104/><N who="0" m="40011" /><D111/><U130/><E130/><V75/><F101/><W83/><G16/><T96/><D122/><U55/><E55/><V103/><F103/><W48/><G43/><T135/><D135/><U56/><E56/><V12/><F12/><W9/><G27/><T3/><D3/><U129/><E129/><V74/><F14/><W39/><G9/><T119/><D119/><U41/><E41/><V132/><F132/><W57/><G39/><T77/><AGARI ba="5,1" hai="76,77,78,84,90,94,96,97,99,125,127" m="40011" machi="77" ten="40,2700,0" yaku="34,2" doraHai="106" who="0" fromWho="0" sc="180,52,75,-12,277,-12,458,-18" /><INIT seed="4,0,0,5,3,49" ten="232,63,265,440" oya="0" hai0="112,120,88,86,101,103,41,6,104,29,16,52,53" hai1="50,82,102,69,85,10,93,116,62,22,13,71,134" hai2="28,122,117,11,68,39,33,57,84,26,47,106,128" hai3="38,90,64,4,114,19,131,92,58,132,133,73,23"/><T94/><D112/><U55/><E116/><V107/><F122/><W44/><G114/><T130/><D120/><U30/><E134/><V109/><F109/><W119/><G73/><T15/><D130/><U24/><E102/><N who="0" m="38921" /><D41/><U3/><E3/><V56/><F68/><W61/><G119/><T37/><D37/><U123/><E93/><V89/><F128/><W125/><G4/><T12/><D104/><U45/><E123/><V21/><F33/><W0/><G0/><T65/><D65/><U127/><E62/><V78/><F78/><W31/><G31/><T75/><D75/><U76/><E127/><V9/><F107/><W60/><G60/><T72/><D72/><U46/><E46/><V98/><F47/><W17/><G131/><T40/><D40/><U118/><REACH who="1" step="1"/><E118/><REACH who="1" ten="232,53,265,440" step="2"/><V67/><F117/><W111/><G125/><T110/><D110/><U2/><E2/><V91/><F106/><W100/><G111/><T54/><D29/><U108/><E108/><V97/><F28/><W99/><G44/><T74/><D74/><U25/><E25/><V51/><F26/><W8/><G133/><T63/><D63/><U42/><E42/><V59/><F67/><W66/><G66/><T105/><D105/><U34/><E34/><V27/><F27/><W115/><G132/><T36/><D36/><U20/><E20/><V48/><F21/><W87/><G38/><T77/><D6/><AGARI ba="0,1" hai="6,10,13,22,24,30,45,50,55,69,71,76,82,85" machi="6" ten="30,3900,0" yaku="1,1,7,1,52,1,53,0" doraHai="49" doraHaiUra="35" who="1" fromWho="0" sc="232,-39,53,49,265,0,440,0" /><INIT seed="5,0,0,1,3,110" ten="193,102,265,440" oya="1" hai0="78,114,80,15,36,82,26,71,129,93,44,86,81" hai1="3,70,97,75,54,61,10,83,30,105,69,23,115" hai2="59,90,112,31,123,37,84,5,1,9,73,119,6" hai3="14,24,67,101,45,60,52,127,94,85,48,108,68"/><U99/><E3/><V38/><F119/><W128/><G108/><T132/><D71/><U117/><E117/><V13/><F73/><W58/><G128/><T46/><D36/><U91/><E10/><V135/><F123/><W42/><G127/><T103/><D129/><U130/><E130/><V104/><F104/><W116/><G116/><T57/><D132/><U98/><E105/><V49/><F31/><W51/><G24/><T53/><D26/><U12/><E115/><V87/><F87/><W96/><G14/><T92/><D114/><U4/><E30/><V88/><F90/><W113/><REACH who="3" step="1"/><G85/><REACH who="3" ten="193,102,265,430" step="2"/><T35/><D15/><U122/><E122/><V32/><F13/><W120/><G120/><T95/><D86/><U41/><E75/><V28/><F84/><W25/><G25/><T65/><D78/><U109/><E109/><V74/><F74/><W131/><G131/><T21/><D35/><U19/><E4/><V63/><F6/><W62/><G62/><T121/><D121/><U106/><E83/><V50/><F32/><W126/><G126/><T124/><D124/><U66/><E106/><V64/><F5/><W2/><G2/><T72/><D72/><U33/><E33/><V18/><F1/><W20/><G20/><T100/><D21/><U47/><E91/><V56/><F88/><W27/><G27/><T43/><D100/><U8/><E23/><V29/><F29/><W11/><G11/><T55/><D103/><U111/><E111/><V102/><F102/><W107/><G107/><T0/><D0/><U39/><E70/><V76/><F28/><RYUUKYOKU ba="0,1" sc="193,-15,102,15,265,-15,430,15" hai1="8,12,19,39,41,47,54,61,66,69,97,98,99" hai3="42,45,48,51,52,58,60,67,68,94,96,101,113" /><INIT seed="5,1,1,2,3,18" ten="178,117,250,445" oya="1" hai0="76,123,40,17,47,2,89,84,34,35,99,58,133" hai1="90,109,111,49,121,68,44,46,92,52,115,38,107" hai2="22,15,55,1,103,31,6,39,77,61,8,129,80" hai3="37,132,26,9,83,131,72,30,41,135,3,108,42"/><U87/><E121/><V105/><F39/><W122/><G108/><N who="1" m="41546" /><E107/><V94/><F129/><W51/><G131/><T54/><D123/><U69/><E115/><V74/><F105/><W106/><G51/><T24/><D2/><U75/><E75/><V43/><F43/><AGARI ba="1,1" hai="38,43,44,46,49,52,68,69,87,90,92" m="41546" machi="43" ten="30,2900,0" yaku="10,1,54,1" doraHai="18" who="1" fromWho="2" sc="178,0,117,42,250,-32,445,0" /><INIT seed="5,2,0,4,5,36" ten="178,159,218,445" oya="1" hai0="43,55,106,107,32,71,85,117,68,39,41,109,96" hai1="17,58,37,74,62,14,111,22,79,97,93,89,88" hai2="54,94,101,87,48,72,124,35,108,19,78,60,24" hai3="66,38,121,104,2,100,7,123,51,75,46,28,130"/><U134/><E37/><V3/><F3/><W86/><G75/><T82/><D109/><U125/><E134/><V118/><F118/><W84/><G38/><T132/><D117/><U128/><E128/><V9/><F72/><W77/><G66/><T30/><D39/><U27/><E125/><V112/><F112/><W102/><G28/><T90/><D132/><U91/><E111/><V44/><F35/><W92/><G104/><T56/><D106/><U21/><E79/><V95/><F101/><W122/><G130/><T103/><D68/><U42/><E42/><V133/><F124/><W25/><G25/><T120/><D71/><U116/><E74/><V4/><F4/><W12/><G2/><T98/><D98/><U73/><E73/><V70/><F70/><W63/><G63/><T81/><D81/><U80/><E80/><N who="2" m="47511" /><F60/><W65/><G65/><T110/><D110/><U119/><E116/><V15/><F133/><W50/><G7/><T8/><D120/><U105/><E105/><V49/><F108/><W29/><G29/><T115/><D115/><U53/><REACH who="1" step="1"/><E119/><REACH who="1" ten="178,149,218,445" step="2"/><V26/><F95/><W18/><G77/><T31/><D32/><U113/><E113/><V10/><F94/><W131/><G131/><T114/><D114/><U47/><E47/><N who="2" m="27935" /><F10/><W69/><G123/><T45/><D8/><U57/><E57/><V20/><F9/><W64/><G122/><T52/><D43/><AGARI ba="2,1" hai="15,19,20,24,26,43,44,49" m="27935,47511" machi="43" ten="30,2000,0" yaku="8,1,52,1" doraHai="36" who="2" fromWho="0" sc="178,-26,149,0,218,36,445,0" /><INIT seed="6,0,0,5,0,34" ten="152,149,254,445" oya="2" hai0="10,42,4,12,104,38,102,98,16,27,31,79,129" hai1="75,128,94,59,85,64,115,91,95,125,121,2,49" hai2="37,109,0,111,21,65,8,29,30,60,18,40,120" hai3="116,58,131,100,106,77,132,9,124,135,11,119,130"/><V54/><F54/><W52/><G77/><T108/><D129/><N who="3" m="49161" /><G106/><T19/><D108/><N who="2" m="41546" /><F40/><W70/><G100/><T28/><D79/><U45/><E128/><V14/><F37/><W101/><G101/><T87/><D87/><U105/><E105/><V62/><F62/><N who="3" m="36167" /><G70/><T67/><D67/><U15/><E121/><V92/><F92/><W72/><G72/><T78/><D78/><U17/><E125/><V3/><F120/><W68/><G68/><T88/><D42/><U90/><E75/><V13/><F60/><W112/><G112/><T82/><D38/><U99/><E115/><V43/><F43/><W110/><G110/><T69/><D69/><U24/><E24/><V39/><F65/><W117/><G124/><T36/><D31/><N who="2" m="11786" /><F39/><W57/><G57/><T55/><D55/><U1/><E59/><V118/><F118/><W5/><G5/><AGARI ba="0,0" hai="0,3,5,8,13,14,18,21" m="11786,41546" machi="5" ten="30,12000,1" yaku="10,1,34,2,52,2" doraHai="34" who="2" fromWho="3" sc="152,0,149,0,254,120,445,-120" /><INIT seed="6,1,0,4,2,117" ten="152,149,374,325" oya="2" hai0="126,33,20,60,9,94,8,38,35,91,22,105,21" hai1="109,39,65,115,108,92,30,82,14,27,19,63,99" hai2="0,68,107,134,125,7,3,54,31,73,11,79,95" hai3="74,64,32,26,104,116,52,62,87,122,127,61,57"/><V103/><F95/><W80/><G74/><T128/><D105/><U59/><E115/><V51/><F125/><W16/><G127/><T41/><D126/><U48/><E39/><V78/><F31/><W133/><G116/><T47/><D128/><U1/><E1/><V75/><F134/><W17/><G104/><T101/><D101/><U111/><E82/><V83/><F68/><W112/><G122/><T102/><D102/><U120/><E48/><V24/><F24/><W84/><G112/><T12/><D60/><U2/><E2/><V49/><F54/><W6/><G6/><T15/><D91/><U76/><E76/><V119/><F119/><W36/><G36/><T118/><D94/><U106/><E106/><V46/><F46/><W85/><G133/><T37/><D37/><U93/><E120/><V18/><F3/><W132/><G132/><T40/><D118/><U10/><REACH who="1" step="1"/><E99/><REACH who="1" ten="152,139,374,325" step="2"/><V23/><F79/><W121/><G121/><T98/><D98/><U25/><E25/><V13/><F75/><W114/><G114/><T28/><D38/><U100/><E100/><V42/><F103/><W43/><G26/><N who="0" m="16455" /><D47/><U4/><E4/><V55/><F107/><W56/><G32/><AGARI ba="1,1" hai="10,14,19,27,30,32,59,63,65,92,93,108,109,111" machi="32" ten="40,1300,0" yaku="1,1,53,0" doraHai="117" doraHaiUra="66" who="1" fromWho="3" sc="152,0,139,26,374,0,325,-16" /><INIT seed="7,0,0,2,5,107" ten="152,165,374,309" oya="3" hai0="83,7,26,63,126,60,14,73,120,12,87,135,78" hai1="122,81,46,95,56,90,92,123,49,48,52,94,42" hai2="50,115,116,58,109,3,119,104,62,134,117,69,40" hai3="100,84,98,86,27,41,35,28,59,66,4,112,51"/><W77/><G112/><T6/><D120/><U65/><E65/><V23/><F3/><W21/><G4/><T18/><D126/><U22/><E22/><V47/><F104/><W44/><G35/><T8/><D135/><U129/><E129/><V37/><F23/><W17/><G17/><T2/><D2/><U79/><REACH who="1" step="1"/><E90/><REACH who="1" ten="152,155,374,309" step="2"/><V96/><F119/><W101/><G77/><T74/><D8/><U113/><E113/><V1/><F117/><W124/><G124/><T75/><D26/><U32/><E32/><V20/><F20/><W85/><G98/><T61/><REACH who="0" step="1"/><D18/><REACH who="0" ten="142,155,374,309" step="2"/><U76/><E76/><V5/><F116/><W53/><REACH who="3" step="1"/><G66/><REACH who="3" ten="142,155,374,299" step="2"/><T108/><D108/><U33/><E33/><V31/><F109/><W114/><G114/><T125/><D125/><U24/><E24/><V34/><F115/><W127/><G127/><T91/><D91/><U105/><E105/><V67/><F67/><W130/><G130/><T45/><D45/><U131/><E131/><V99/><F47/><W118/><G118/><T64/><D64/><U16/><E16/><V128/><F34/><W103/><G103/><T10/><D10/><U80/><E80/><V11/><F11/><W38/><AGARI ba="0,3" hai="21,27,28,38,41,44,51,53,59,84,85,86,100,101" machi="38" ten="30,12000,1" yaku="1,1,0,1,53,3" doraHai="107" doraHaiUra="82" who="3" fromWho="3" sc="142,-40,155,-40,374,-40,299,150" owari="102,-40.0,115,-28.0,334,13.0,449,55.0" /></mjloggm>