<mjloggm ver="2.3"><GO type="41" lobby="0"/><UN n0="%E7%AC%AC%E4%B8%89%E3%82%A2%E3%83%B3%E3%83%81%E3%83%8E%E3%83%9F%E3%83%BC" n1="%E6%B5%85%E5%9D%82%E3%83%A1%E3%82%B0%E3%83%AA" n2="%E5%BD%A9%E5%87%9B%E8%8A%B1" n3="%E2%93%9D%53%75%70%68%78" dan="13,15,14,18" rate="1864.43,2059.57,1936.10,2121.71" sx="M,F,F,M"/><TAIKYOKU oya="0"/><INIT seed="0,0,0,0,4,85" ten="250,250,250,250" oya="0" hai0="99,13,73,20,84,35,135,108,115,36,14,96,57" hai1="69,34,56,122,25,105,98,123,113,37,102,10,58" hai2="134,66,106,48,67,53,111,110,100,38,72,33,60" hai3="112,61,68,46,23,4,59,15,77,17,28,45,49"/><T5/><D35/><U87/><E37/><V1/><F1/><W119/><G112/><T86/><D73/><U30/><E113/><V7/><F33/><W22/><G68/><T74/><D74/><U65/><E10/><V44/><F7/><W18/><G119/><T83/><D36/><U132/><E132/><V51/><F72/><W120/><G120/><T109/><D115/><U11/><E11/><V70/><F100/><W42/><G28/><T126/><D126/><U116/><E116/><V125/><F106/><W80/><G46/><T0/><D0/><U27/><E27/><V90/><F125/><W97/><G97/><T50/><D5/><U31/><E31/><V71/><F90/><W89/><G4/><T54/><D84/><U75/><E75/><V24/><F24/><W117/><G77/><T101/><D99/><U104/><E104/><V107/><F107/><W62/><G59/><N who="1" m="22570" /><E87/><V41/><F134/><W88/><G117/><T93/><D135/><U131/><E131/><V29/><F29/><W82/><G82/><T127/><D127/><U19/><E19/><V26/><F26/><N who="3" m="14671" /><G80/><T55/><D20/><U133/><E133/><V95/><F95/><W78/><G78/><N who="0" m="46455" /><D54/><U52/><E52/><V8/><F8/><W118/><G118/><T114/><D114/><U121/><E121/><V32/><F32/><W43/><G43/><T79/><D79/><U47/><E47/><N who="2" m="27807" /><F38/><W91/><AGARI ba="0,0" hai="15,18,23,42,45,49,61,62,88,89,91" m="14671" machi="91" ten="30,8000,1" yaku="8,1,52,3,54,1" doraHai="85" who="3" fromWho="3" sc="250,-40,250,-20,250,-20,250,80" /><INIT seed="1,0,0,5,1,98" ten="210,230,230,330" oya="1" hai0="133,8,97,90,43,102,2,135,63,65,112,116,31" hai1="81,103,29,118,0,125,79,60,50,36,120,101,67" hai2="96,52,119,38,17,46,64,58,69,94,87,27,42" hai3="39,82,74,123,5,32,61,108,71,23,104,100,91"/><U130/><E118/><V121/><F121/><W127/><G39/><T21/><D116/><U107/><E120/><V72/><F72/><W40/><G40/><T16/><D43/><U66/><E36/><V49/><F119/><W126/><G32/><T95/><D112/><U24/><E0/><V25/><F87/><W10/><G108/><T70/><D31/><U117/><E117/><V106/><F17/><W6/><G23/><T19/><D90/><U37/><E37/><V76/><F76/><W33/><G33/><T47/><D47/><U11/><E125/><V48/><F48/><W75/><G6/><T62/><D62/><U44/><E130/><V41/><F106/><W59/><G71/><T99/><D99/><U84/><E107/><V77/><F77/><W45/><G45/><T128/><D128/><U105/><E105/><V78/><F78/><W115/><G115/><T53/><D53/><N who="1" m="29895" /><E11/><V83/><F83/><W80/><G80/><T22/><D2/><U111/><E111/><V85/><F85/><N who="3" m="50615" /><G75/><T15/><REACH who="0" step="1"/><D8/><REACH who="0" ten="200,230,230,330" step="2"/><U86/><E86/><V30/><F42/><W14/><G74/><T18/><D18/><U88/><E79/><V92/><F30/><W35/><G123/><T34/><D34/><U54/><E54/><V109/><F109/><W4/><G35/><T124/><D124/><U55/><E55/><V20/><F20/><W9/><G127/><T7/><D7/><U51/><E51/><V93/><F96/><N who="3" m="61447" /><G126/><T73/><D73/><U1/><E1/><V132/><F132/><W13/><G61/><AGARI ba="0,1" hai="25,27,38,41,46,49,52,58,61,64,69,92,93,94" machi="61" ten="40,5200,0" yaku="24,2,54,1" doraHai="98" who="2" fromWho="3" sc="200,0,230,0,230,62,330,-52" /><INIT seed="2,0,0,0,3,28" ten="200,230,292,278" oya="2" hai0="48,40,1,46,54,7,109,36,71,133,27,130,96" hai1="4,65,113,3,33,69,111,47,81,61,108,58,106" hai2="49,107,92,19,41,79,68,2,34,62,119,13,57" hai3="50,118,93,116,53,16,45,29,52,120,114,75,17"/><V6/><F119/><W121/><G75/><T129/><D1/><U31/><E58/><V104/><F68/><W70/><G29/><T98/><D7/><U24/><E113/><V25/><F79/><W86/><G70/><T123/><D123/><U76/><E47/><V64/><F6/><W94/><G86/><T21/><D109/><U87/><REACH who="1" step="1"/><E106/><REACH who="1" ten="200,220,292,278" step="2"/><V83/><F107/><W127/><G45/><T72/><D71/><U5/><E5/><V85/><F104/><W0/><G114/><T43/><D130/><U63/><E63/><V73/><F62/><W90/><G50/><T134/><D129/><U59/><E59/><V117/><F49/><W14/><G118/><T55/><D36/><U67/><E67/><V124/><F57/><W32/><G116/><T44/><D133/><U80/><E80/><V105/><F64/><W10/><G121/><T56/><D134/><U128/><E128/><V78/><F105/><W35/><G120/><T135/><D135/><U84/><E84/><V89/><F117/><W26/><G94/><T101/><D72/><U42/><E42/><V12/><F41/><W112/><G112/><T131/><D131/><U74/><E74/><V8/><F124/><W91/><G93/><T9/><D44/><U82/><E82/><V20/><F2/><W125/><G0/><T126/><D126/><U100/><E100/><V60/><F60/><W110/><G127/><T115/><D43/><U99/><E99/><V11/><F13/><W88/><G125/><T23/><D40/><U122/><E122/><V22/><F22/><N who="3" m="13639" /><G110/><T103/><D115/><RYUUKYOKU ba="0,1" sc="200,-30,220,10,292,10,278,10" hai1="3,4,24,31,33,61,65,69,76,81,87,108,111" hai2="8,11,12,19,20,25,34,73,78,83,85,89,92" hai3="10,14,17,32,35,52,53,88,90,91" /><INIT seed="2,1,1,1,3,101" ten="170,230,302,288" oya="2" hai0="72,66,114,99,135,84,22,2,1,18,16,117,13" hai1="39,42,73,69,83,68,108,54,127,116,123,49,50" hai2="44,63,19,30,102,91,74,41,33,28,120,107,115" hai3="31,64,15,26,34,111,122,8,113,78,133,134,126"/><V67/><F115/><W92/><G78/><T45/><D114/><U10/><E116/><V6/><F74/><W128/><G113/><T105/><D72/><U94/><E108/><V36/><F120/><W5/><G64/><T89/><D66/><U112/><E112/><V48/><F6/><W81/><G81/><T20/><D135/><N who="3" m="51721" /><G92/><T131/><D131/><U4/><E123/><V40/><F19/><W21/><G122/><T71/><D71/><U70/><E94/><V35/><F91/><W106/><G126/><T75/><D75/><U119/><E127/><V37/><F48/><W24/><G106/><T38/><D117/><U124/><E119/><V29/><F102/><W43/><G43/><T77/><D77/><U55/><E124/><V61/><F107/><W98/><G98/><T110/><D110/><U7/><E73/><V60/><F67/><W129/><G111/><T86/><D45/><AGARI ba="1,1" hai="28,29,30,33,35,36,37,40,41,44,45,60,61,63" machi="45" ten="40,2000,0" yaku="9,1" doraHai="101" who="2" fromWho="0" sc="170,-23,230,0,302,33,288,0" /><INIT seed="2,2,0,3,3,116" ten="147,230,335,288" oya="2" hai0="40,67,76,32,88,25,117,108,119,98,128,30,16" hai1="58,61,71,20,26,14,39,93,109,129,33,118,104" hai2="85,73,62,103,87,97,41,36,21,106,102,65,1" hai3="24,84,123,52,72,92,115,44,6,57,66,75,131"/><V95/><F1/><W8/><G131/><T81/><D67/><U100/><E118/><N who="0" m="45065" /><D40/><U43/><E129/><V107/><F36/><W89/><G115/><T53/><D108/><U91/><E109/><V35/><F35/><W31/><G123/><T83/><D128/><U50/><E104/><V96/><F41/><W18/><G18/><T48/><D76/><U79/><E79/><V11/><F73/><W78/><G44/><N who="0" m="27783" /><D16/><U127/><E127/><V59/><F95/><AGARI ba="2,0" hai="25,30,32,81,83,88,95,98" m="27783,45065" machi="95" ten="30,2000,0" yaku="12,1,54,1" doraHai="116" who="0" fromWho="2" sc="147,26,230,0,335,-26,288,0" /><INIT seed="3,0,0,3,4,119" ten="173,230,309,288" oya="3" hai0="133,76,120,98,19,103,113,22,99,13,50,36,41" hai1="74,84,89,63,39,45,68,7,21,69,104,57,129" hai2="92,25,83,51,75,5,28,77,109,2,16,10,48" hai3="30,134,93,33,20,102,116,114,124,29,87,42,66"/><W11/><G114/><T9/><D133/><U115/><E115/><V110/><F92/><W135/><G116/><T78/><D36/><U53/><E74/><V106/><F106/><W17/><G42/><T34/><D34/><U62/><E104/><V126/><F126/><W18/><G66/><T132/><D132/><N who="3" m="50729" /><G33/><T32/><D32/><U86/><E129/><V0/><F0/><W54/><G54/><T117/><D117/><U71/><E39/><V130/><F130/><W44/><G44/><T6/><D99/><U4/><E45/><V60/><F60/><W65/><G65/><T35/><D35/><U14/><E62/><V128/><F28/><W31/><G124/><T82/><D76/><U88/><E21/><N who="2" m="13479" /><F128/><W40/><G40/><T67/><D67/><U131/><E131/><V100/><F100/><W80/><G11/><T79/><D113/><U118/><E118/><V37/><F37/><W95/><G102/><T101/><D103/><U105/><E105/><V111/><AGARI ba="0,0" hai="2,5,10,48,51,75,77,83,109,110,111" m="13479" machi="111" ten="30,2000,0" yaku="14,1,54,1" doraHai="119" who="2" fromWho="2" sc="173,-5,230,-5,309,20,288,-10" /><INIT seed="4,0,0,5,4,120" ten="168,225,329,278" oya="0" hai0="16,73,6,128,121,3,99,34,70,47,118,92,52" hai1="22,125,48,88,135,115,46,87,8,111,25,20,83" hai2="77,97,12,5,95,100,122,96,107,81,68,26,27" hai3="49,103,85,72,33,23,114,98,132,35,94,133,38"/><T126/><D118/><U1/><E125/><V13/><F122/><W104/><G38/><T36/><D126/><U60/><E135/><N who="3" m="51786" /><G72/><T101/><D121/><U106/><E106/><V45/><F68/><W55/><G23/><T54/><D70/><U78/><E115/><V86/><F13/><W58/><G114/><T84/><D73/><U41/><E111/><V7/><F7/><W69/><G69/><T15/><D34/><N who="3" m="12809" /><G85/><T71/><D71/><U91/><E20/><V17/><F45/><W14/><G14/><T116/><D116/><U56/><E8/><V89/><F5/><W80/><G80/><T67/><D67/><U134/><E1/><V124/><F124/><W4/><G4/><T44/><D36/><U66/><REACH who="1" step="1"/><E134/><REACH who="1" ten="168,215,329,278" step="2"/><V74/><REACH who="2" step="1"/><F97/><REACH who="2" ten="168,215,319,278" step="2"/><W10/><G10/><AGARI ba="0,2" hai="10,12,17,26,27,74,77,81,86,89,95,96,100,107" machi="10" ten="30,8000,1" yaku="1,1,2,1,7,1,24,2,53,0" doraHai="120" doraHaiUra="29" who="2" fromWho="3" sc="168,0,215,0,319,100,278,-80" /><INIT seed="5,0,0,5,3,33" ten="168,215,419,198" oya="1" hai0="45,68,40,55,99,71,66,86,97,102,1,50,46" hai1="44,124,100,13,90,16,98,113,116,49,9,7,36" hai2="89,119,62,108,78,82,88,25,54,8,47,112,10" hai3="31,53,87,111,104,133,76,52,37,131,21,38,126"/><U12/><E113/><V48/><F108/><W28/><G104/><T18/><D99/><U95/><E124/><V77/><F112/><W135/><G111/><T91/><D66/><U94/><E116/><V30/><F78/><W74/><G74/><T0/><D18/><U35/><E35/><V6/><F10/><W17/><G131/><T64/><D64/><U83/><E36/><N who="3" m="13930" /><G87/><T42/><D55/><N who="3" m="21065" /><G76/><T58/><D58/><U115/><E115/><V125/><F62/><W79/><G79/><T81/><D68/><U14/><E83/><V105/><F125/><W51/><G51/><T2/><D71/><U26/><E26/><V24/><F24/><N who="3" m="14383" /><G126/><T132/><D45/><U61/><E61/><V85/><F105/><W73/><G73/><T11/><D42/><N who="1" m="24727" /><E7/><V59/><F59/><W39/><G39/><T32/><D32/><U27/><E27/><V127/><F127/><W4/><G4/><T129/><D129/><U103/><E103/><V20/><REACH who="2" step="1"/><F119/><REACH who="2" ten="168,215,409,198" step="2"/><W5/><G5/><T130/><D130/><U69/><E69/><V75/><F75/><W114/><G114/><T122/><D11/><U117/><E117/><V65/><F65/><W109/><G109/><T72/><D72/><U80/><E80/><V84/><F84/><AGARI ba="0,1" hai="9,12,13,14,16,84,90,94,95,98,100" m="24727" machi="84" ten="30,2900,0" yaku="8,1,54,1" doraHai="33" who="1" fromWho="2" sc="168,0,215,39,409,-29,198,0" /><INIT seed="5,1,0,3,1,50" ten="168,254,380,198" oya="1" hai0="16,99,4,111,41,126,3,72,71,127,97,59,37" hai1="76,130,47,129,46,51,96,101,88,42,38,116,7" hai2="122,104,32,85,26,28,10,35,17,121,11,92,22" hai3="119,69,61,5,123,115,27,49,84,21,83,74,89"/><U64/><E116/><V54/><F104/><W134/><G123/><T43/><D71/><U29/><E76/><V6/><F11/><W44/><G115/><T78/><D111/><U2/><E64/><V60/><F35/><W67/><G134/><T24/><D3/><U80/><E29/><V86/><F86/><W109/><G109/><T82/><D4/><U68/><E68/><V52/><F60/><W65/><G119/><T1/><D1/><U31/><E31/><V75/><F75/><W73/><G67/><T34/><D34/><U56/><E56/><V93/><F93/><W14/><G14/><T114/><D114/><U100/><E2/><V15/><F92/><W9/><G9/><T23/><D59/><U33/><E7/><V108/><F85/><W63/><G63/><T98/><REACH who="0" step="1"/><D37/><REACH who="0" ten="158,254,380,198" step="2"/><U107/><E33/><V36/><F36/><W118/><G5/><T132/><D132/><U48/><E38/><V103/><F108/><W117/><G117/><T62/><D62/><U131/><E48/><V55/><REACH who="2" step="1"/><F103/><REACH who="2" ten="158,254,370,198" step="2"/><W45/><G118/><T0/><D0/><AGARI ba="1,2" hai="0,6,10,15,17,22,26,28,32,52,54,55,121,122" machi="0" ten="40,16000,3" yaku="1,1,2,1,24,2,52,3,54,1,53,1" doraHai="50" doraHaiUra="13" who="2" fromWho="0" sc="158,-163,254,0,370,183,198,0" owari="-5,-51.0,254,5.0,553,66.0,198,-20.0" /></mjloggm>