<mjloggm ver="2.3"><GO type="41" lobby="0"/><UN n0="%E3%81%BF%E3%82%8B%E3%81%8F%E3%81%9B%E3%83%BC%E3%81%88%E3%81%8D" n1="%6E%69%63%6B%6C%6F%77" n2="%4E%69%6D%69%53%6F%72%61" n3="%E2%93%9D%53%75%70%68%78" dan="15,15,13,17" rate="2116.56,1971.11,1832.88,2057.10" sx="M,M,M,M"/><TAIKYOKU oya="0"/><INIT seed="0,0,0,3,3,90" ten="250,250,250,250" oya="0" hai0="73,89,64,88,44,17,134,76,67,82,132,41,98" hai1="131,62,48,114,27,12,60,127,120,110,35,38,93" hai2="84,52,108,70,37,23,71,9,103,28,75,36,39" hai3="25,83,116,130,135,45,50,101,69,65,79,113,80"/><T125/><D125/><U128/><E120/><V85/><F75/><W118/><G113/><T4/><D4/><U13/><E38/><V96/><F108/><W8/><G130/><N who="1" m="49706" /><E110/><V59/><F9/><W99/><G135/><N who="0" m="51755" /><D17/><U2/><E2/><V16/><F28/><W15/><G25/><T68/><D68/><U115/><E48/><V51/><F71/><W31/><G31/><T43/><D43/><U111/><E111/><V14/><REACH who="2" step="1"/><F70/><REACH who="2" ten="250,250,240,250" step="2"/><W47/><G69/><T49/><D98/><U81/><E127/><V91/><F91/><AGARI ba="0,1" hai="41,44,49,64,67,73,76,82,88,89,91" m="51755" machi="91" ten="30,2900,0" yaku="20,1,54,1" doraHai="90" who="0" fromWho="2" sc="250,39,250,0,240,-29,250,0" /><INIT seed="0,1,0,1,2,54" ten="289,250,211,250" oya="0" hai0="126,52,16,48,124,49,133,82,91,66,85,0,127" hai1="97,19,104,134,110,38,105,119,6,3,83,34,36" hai2="18,108,33,74,10,31,76,62,1,75,58,109,68" hai3="128,7,32,28,65,107,79,47,125,26,84,50,39"/><T94/><D133/><U135/><E119/><V78/><F68/><W81/><G128/><T35/><D35/><U132/><E34/><V22/><F33/><W61/><G125/><T87/><D66/><U93/><E83/><V121/><F31/><W114/><G114/><T11/><D49/><U12/><E6/><V13/><F121/><W41/><G107/><N who="1" m="41034" /><E3/><V99/><F99/><W111/><G111/><N who="2" m="42569" /><F1/><W9/><G39/><T73/><D73/><N who="2" m="27658" /><F10/><W37/><G37/><T92/><D87/><U27/><E27/><V72/><N who="2" m="27666" /><V131/><DORA hai="55" /><F131/><W86/><G86/><T112/><D112/><U89/><E110/><V40/><F40/><W95/><G9/><AGARI ba="1,0" hai="9,12,19,36,38,89,93,97,132,134,135" m="41034" machi="9" ten="40,1300,0" yaku="20,1" doraHai="54,55" who="1" fromWho="3" sc="289,0,250,16,211,0,250,-16" /><INIT seed="1,0,0,0,3,114" ten="289,266,211,234" oya="1" hai0="132,115,66,80,57,98,16,104,121,75,55,81,58" hai1="93,79,88,49,91,37,72,100,59,77,60,99,32" hai2="107,12,52,133,3,47,130,19,116,97,129,90,110" hai3="123,9,50,15,71,39,26,89,21,96,14,69,109"/><U2/><E2/><V83/><F116/><W8/><G39/><T112/><D132/><U84/><E37/><V63/><F3/><W17/><G123/><T120/><D66/><U102/><E32/><V92/><F110/><W5/><G109/><T18/><D98/><N who="1" m="59471" /><E59/><N who="2" m="35303" /><F47/><W74/><G74/><T10/><D75/><U53/><E53/><V61/><F61/><W31/><G89/><N who="1" m="34378" /><E49/><V134/><F107/><W131/><G131/><N who="2" m="50185" /><F83/><W20/><G50/><T94/><D55/><U51/><E51/><V126/><F126/><W34/><G96/><T0/><D0/><U85/><E60/><V111/><F111/><W122/><G122/><T41/><D104/><N who="1" m="63583" /><E72/><V1/><F1/><W40/><G40/><T42/><D10/><AGARI ba="0,0" hai="10,12,19,90,92,97,133,134" m="50185,35303" machi="10" ten="30,2000,0" yaku="19,1,54,1" doraHai="114" who="2" fromWho="0" sc="289,-20,266,0,211,20,234,0" /><INIT seed="2,0,0,3,1,84" ten="269,266,231,234" oya="2" hai0="97,6,73,132,120,33,50,74,13,37,8,71,11" hai1="83,115,9,72,126,116,56,43,98,62,51,5,104" hai2="59,41,29,125,22,87,69,21,107,63,135,78,133" hai3="2,10,35,15,16,102,103,89,117,47,3,101,28"/><V100/><F69/><W81/><G117/><T130/><D37/><U114/><E116/><V46/><F125/><W30/><G35/><T40/><D33/><U18/><E126/><V0/><F0/><W53/><G3/><T66/><D120/><U113/><E18/><V39/><F107/><W17/><G17/><T68/><D132/><U123/><E123/><V31/><F31/><W122/><G2/><T25/><D11/><U7/><E51/><V60/><F60/><W124/><G124/><T58/><D71/><U92/><E43/><V67/><F67/><W52/><G122/><T38/><D25/><U79/><E104/><V34/><F34/><W88/><G81/><T110/><D97/><U1/><E5/><V57/><F57/><W14/><G14/><T95/><D95/><U36/><E36/><V118/><F118/><W70/><G70/><T106/><D106/><U105/><E105/><V27/><F27/><W108/><G108/><T90/><D110/><U48/><E48/><V111/><F111/><W91/><G47/><N who="0" m="23959" /><D73/><U23/><E23/><N who="2" m="8715" /><F29/><AGARI ba="0,0" hai="10,15,16,28,29,30,52,53,88,89,91,101,102,103" machi="29" ten="40,12000,2" yaku="8,1,52,3,54,3" doraHai="84" who="3" fromWho="2" sc="269,0,266,0,231,-120,234,120" /><INIT seed="3,0,0,4,5,99" ten="269,266,111,354" oya="3" hai0="115,107,130,128,106,116,129,108,114,64,56,4,123" hai1="121,63,69,12,100,92,98,79,30,33,1,83,28" hai2="3,109,125,95,22,10,77,127,23,76,84,61,111" hai3="110,113,9,2,48,72,17,94,120,55,45,80,122"/><W78/><G113/><N who="0" m="43019" /><D123/><U42/><E121/><V70/><F3/><W7/><G110/><N who="2" m="41993" /><F10/><W62/><G17/><T97/><D108/><U105/><E1/><V21/><F70/><W49/><G62/><N who="0" m="37959" /><D116/><U6/><E33/><V40/><F40/><W52/><REACH who="3" step="1"/><G94/><REACH who="3" ten="269,266,111,344" step="2"/><T102/><D4/><U66/><E92/><AGARI ba="0,1" hai="92,97,102,106,107,128,129,130" m="37959,43019" machi="92" ten="40,5200,0" yaku="19,1,11,1,52,1" doraHai="99" who="0" fromWho="1" sc="269,62,266,-52,111,0,344,0" /><INIT seed="4,0,0,2,1,1" ten="331,214,111,344" oya="0" hai0="12,47,120,77,44,17,73,63,19,69,104,112,40" hai1="81,117,106,93,34,127,38,107,54,86,8,68,51" hai2="11,105,102,55,76,18,21,114,62,28,23,32,5" hai3="113,61,87,82,15,91,94,129,27,10,7,115,101"/><T29/><D120/><U90/><E117/><V37/><F114/><N who="3" m="43531" /><G129/><T60/><D112/><U16/><E38/><V110/><F37/><W59/><G27/><T9/><D104/><U118/><E118/><V95/><F110/><W42/><G42/><T45/><D29/><U98/><E68/><V88/><F76/><W92/><G101/><T13/><D69/><U126/><E34/><V135/><F135/><W103/><G103/><T20/><D73/><U79/><E127/><V2/><F105/><W132/><G132/><T124/><D124/><U52/><E54/><AGARI ba="0,0" hai="7,10,15,54,59,61,82,87,91,92,94" m="43531" machi="54" ten="30,2000,0" yaku="15,1,52,1" doraHai="1" who="3" fromWho="1" sc="331,0,214,-20,111,0,344,20" /><INIT seed="5,0,0,0,1,85" ten="331,194,111,364" oya="1" hai0="116,36,29,114,35,79,71,73,31,101,82,111,108" hai1="9,64,106,28,121,32,115,17,132,99,70,107,20" hai2="130,34,45,37,13,18,89,126,62,12,49,103,129" hai3="24,11,65,44,0,46,100,23,135,92,41,98,72"/><U54/><E121/><V57/><F34/><W50/><G135/><T58/><D116/><U75/><E132/><V40/><F126/><W77/><G65/><T7/><D71/><U110/><E75/><V117/><F117/><W90/><G72/><T118/><D118/><U27/><E115/><V96/><F89/><W68/><G68/><T15/><D114/><U69/><E110/><V43/><F43/><W133/><G77/><T109/><D101/><U26/><E9/><V76/><F76/><W84/><G46/><T128/><D128/><N who="2" m="49258" /><F37/><W91/><G133/><T67/><D36/><U5/><E5/><V127/><F127/><W56/><G56/><T83/><D35/><U120/><E120/><V4/><F4/><W60/><G60/><T51/><D79/><U8/><E8/><V39/><F39/><W81/><G11/><T124/><D124/><U25/><E54/><N who="2" m="34103" /><F18/><N who="3" m="12407" /><G0/><T94/><D73/><U88/><E26/><V125/><F125/><W74/><G74/><T95/><D109/><U131/><E131/><V123/><F123/><W6/><G6/><T2/><D2/><U1/><E1/><V19/><F19/><W3/><G3/><T47/><D7/><U42/><E42/><V52/><F40/><W63/><G63/><T10/><D111/><U55/><E55/><V21/><F21/><W93/><G91/><T48/><D108/><U112/><E112/><V16/><F16/><W119/><G119/><T122/><D122/><U113/><E113/><V59/><F59/><W33/><G33/><T66/><D58/><U14/><E70/><V87/><F87/><RYUUKYOKU ba="0,0" sc="331,-15,194,-15,111,15,364,15" hai2="12,13,45,49,52,96,103" hai3="41,44,50,81,84,90,92,93,98,100" /><INIT seed="6,1,0,0,4,90" ten="316,179,126,379" oya="2" hai0="18,65,12,51,81,5,121,63,26,0,111,27,130" hai1="32,72,91,78,38,112,131,105,94,56,15,84,129" hai2="39,31,101,14,67,127,76,120,13,93,116,133,74" hai3="115,30,87,79,17,71,50,42,22,2,89,73,19"/><V92/><F120/><W62/><G2/><T34/><D121/><U104/><E32/><V64/><F116/><W108/><G108/><T100/><D111/><U44/><E15/><N who="2" m="5643" /><F39/><W123/><G115/><T95/><D130/><N who="1" m="49675" /><E56/><V47/><F133/><W25/><G79/><T66/><D81/><N who="1" m="45255" /><E44/><V68/><F127/><W11/><G73/><T128/><D51/><U57/><E57/><V4/><F76/><W126/><G71/><T40/><D40/><U83/><E38/><V28/><F74/><W8/><G126/><T48/><D48/><U113/><E83/><V33/><F33/><W10/><G123/><T102/><D128/><U60/><E60/><V98/><F68/><W106/><G62/><T23/><D63/><U114/><AGARI ba="1,0" hai="84,91,94,104,105,112,113,114" m="45255,49675" machi="114" ten="40,8000,1" yaku="15,1,19,1,34,2,52,1" doraHai="90" who="1" fromWho="1" sc="316,-21,179,83,126,-41,379,-21" /><INIT seed="7,0,0,5,0,129" ten="295,262,85,358" oya="3" hai0="16,103,111,83,42,118,19,66,51,33,93,106,78" hai1="49,34,135,104,125,59,130,102,32,124,105,77,89" hai2="68,10,119,26,81,17,132,73,21,40,96,54,113" hai3="95,79,44,97,121,56,2,75,127,88,100,87,15"/><W80/><G2/><T90/><D118/><U53/><E77/><V8/><F68/><W109/><G127/><T6/><D111/><U55/><E102/><V92/><F119/><W9/><G121/><T11/><D33/><U43/><E43/><V35/><F113/><W134/><G134/><T18/><D66/><U101/><E101/><V39/><F35/><N who="1" m="13353" /><E89/><V13/><F39/><W133/><G133/><T61/><D61/><U47/><E135/><V12/><F132/><W65/><G44/><T5/><D42/><U36/><E47/><V110/><F110/><W116/><G116/><T126/><D126/><N who="1" m="48747" /><E49/><V30/><F73/><W107/><G109/><T24/><D51/><U108/><E108/><V94/><F40/><W41/><G41/><T117/><D117/><U23/><E23/><V123/><F123/><W82/><G75/><T45/><D45/><U3/><E3/><V114/><F114/><W99/><G79/><T22/><D103/><U27/><E27/><V37/><F37/><W85/><G99/><T76/><D106/><N who="1" m="41067" /><E36/><V1/><F1/><W112/><G112/><T50/><D50/><U58/><E130/><V63/><F81/><W38/><G38/><T48/><D48/><U69/><E69/><V72/><F72/><W20/><G107/><T98/><D78/><U29/><E29/><V64/><F96/><W31/><G97/><T86/><D6/><U0/><E0/><AGARI ba="0,0" hai="0,5,11,16,18,19,22,24,76,83,86,90,93,98" machi="0" ten="30,2000,0" yaku="7,1,54,1" doraHai="129" who="0" fromWho="1" sc="295,20,262,-20,85,0,358,0" owari="315,12.0,242,-16.0,85,-41.0,358,45.0" /></mjloggm>