<mjloggm ver="2.3"><GO type="41" lobby="0"/><UN n0="%E3%81%BF%E3%81%8B%E3%82%93%E3%81%B6%E3%81%A9%E3%81%86" n1="%E2%93%9D%53%75%70%68%78" n2="%E3%81%97%E3%81%91%E3%81%BD%E3%81%A3%E3%81%A1" n3="%E3%81%AB%E3%82%87%E3%81%BB%E3%81%AB%E3%82%87%E3%83%9B" dan="14,18,14,15" rate="1902.07,2116.92,2068.92,2021.52" sx="M,M,F,F"/><TAIKYOKU oya="0"/><INIT seed="0,0,0,5,5,74" ten="250,250,250,250" oya="0" hai0="11,91,30,32,92,22,48,100,15,29,72,125,133" hai1="57,71,95,129,118,23,14,132,111,94,84,64,21" hai2="123,49,108,90,89,121,60,19,18,76,109,112,9" hai3="73,41,114,126,25,81,103,110,96,36,55,50,6"/><T8/><D133/><U4/><E118/><V97/><F112/><W31/><G114/><T33/><D125/><U86/><E71/><V5/><F49/><W66/><G126/><T61/><D100/><U40/><E111/><N who="2" m="42571" /><F60/><W117/><G117/><T130/><D130/><U53/><E40/><V28/><F28/><W34/><G6/><T58/><D48/><U13/><E4/><V87/><F76/><W20/><G66/><T54/><D72/><U38/><E64/><V1/><F97/><W104/><G110/><T122/><D122/><N who="2" m="46602" /><F90/><W12/><G73/><T46/><D46/><U88/><E88/><V116/><F116/><W0/><G96/><N who="0" m="57375" /><D32/><U105/><E129/><V99/><F99/><W16/><G34/><T124/><D33/><U134/><E134/><V47/><F47/><W131/><G131/><T98/><D98/><U82/><E132/><V65/><F65/><W77/><G103/><T70/><D70/><U44/><E44/><V7/><F7/><W63/><G50/><T128/><D124/><U67/><E67/><V2/><F2/><W62/><G0/><T56/><D56/><U68/><E68/><V52/><F52/><W43/><G55/><T26/><D128/><U120/><E120/><V106/><F106/><W35/><G104/><T51/><D51/><U39/><E105/><V45/><F45/><N who="3" m="23719" /><G43/><T69/><D69/><U83/><REACH who="1" step="1"/><E53/><REACH who="1" ten="250,240,250,250" step="2"/><V101/><F101/><W119/><G119/><T127/><D127/><U27/><E27/><V75/><F5/><W135/><G135/><T113/><D113/><U85/><E85/><V24/><F87/><RYUUKYOKU ba="0,1" sc="250,-15,240,15,250,-15,250,15" hai1="13,14,21,23,38,39,57,82,83,84,86,94,95" hai3="12,16,20,25,31,35,62,63,77,81" /><INIT seed="1,1,1,0,0,84" ten="235,255,235,265" oya="1" hai0="55,130,32,15,106,126,101,128,85,17,109,90,37" hai1="111,92,26,12,63,30,11,54,95,33,22,52,66" hai2="19,7,24,73,120,86,31,134,43,125,68,72,93" hai3="27,70,78,116,117,122,132,133,25,36,76,67,34"/><U97/><E33/><V103/><F120/><W59/><G36/><T131/><D37/><U118/><E118/><N who="3" m="45674" /><G70/><T40/><D32/><U108/><E95/><V4/><F68/><W44/><G44/><T69/><D69/><U102/><E66/><V9/><F134/><N who="3" m="51819" /><G34/><T135/><D135/><U0/><E0/><V107/><F43/><W75/><G75/><T77/><D40/><U83/><E83/><V88/><F125/><W58/><G67/><T28/><D126/><U38/><E38/><V10/><F19/><W16/><G16/><T47/><D28/><U53/><REACH who="1" step="1"/><E63/><REACH who="1" ten="235,245,235,265" step="2"/><V87/><F93/><W51/><G122/><T21/><D131/><U3/><E3/><V29/><F107/><W121/><G121/><T5/><D130/><U100/><E100/><V45/><F103/><W113/><G51/><N who="0" m="29183" /><D101/><U81/><E81/><V46/><REACH who="2" step="1"/><F24/><REACH who="2" ten="235,245,225,265" step="2"/><N who="3" m="9291" /><G113/><T105/><D128/><U8/><E8/><V64/><F64/><W71/><G71/><T82/><D106/><U115/><E115/><V56/><F56/><AGARI ba="1,3" hai="56,58,59,76,78" m="9291,51819,45674" machi="56" ten="40,8000,1" yaku="28,2,12,1,20,1" doraHai="84" who="3" fromWho="2" sc="235,0,245,0,225,-83,265,113" /><INIT seed="2,0,0,4,5,66" ten="235,245,142,378" oya="2" hai0="83,25,92,118,114,130,64,1,24,0,57,103,44" hai1="109,122,18,91,7,26,96,117,79,128,32,55,14" hai2="125,63,95,73,20,50,113,77,120,100,87,42,6" hai3="65,134,76,48,97,132,61,94,110,81,59,53,10"/><V37/><F113/><W124/><G110/><T99/><D114/><U106/><E117/><V19/><F120/><W111/><G111/><T68/><D130/><U108/><E79/><V12/><F37/><W89/><G124/><T52/><D118/><U41/><E41/><V51/><F73/><W105/><G10/><T54/><D44/><U29/><E7/><V129/><F129/><W135/><G105/><T70/><D83/><U15/><E15/><V131/><F131/><W31/><G31/><T98/><D64/><U45/><E122/><V80/><F125/><W36/><G36/><T74/><D74/><U116/><E116/><V28/><F6/><W71/><G81/><T60/><D54/><U2/><E2/><V107/><F107/><W46/><REACH who="3" step="1"/><G76/><REACH who="3" ten="235,245,142,368" step="2"/><T101/><D0/><U88/><E109/><V16/><F28/><W11/><G11/><T9/><D9/><U35/><E106/><V38/><F19/><W119/><G119/><T22/><D1/><U58/><E128/><V84/><F38/><W75/><G75/><T62/><D25/><U33/><E108/><V8/><F8/><W115/><G115/><T86/><D24/><U47/><E26/><V121/><F77/><W34/><G34/><T112/><D22/><N who="1" m="11607" /><E29/><V104/><F104/><W17/><G17/><T4/><D112/><U43/><E35/><V13/><F80/><W69/><AGARI ba="0,1" hai="46,48,53,59,61,65,69,71,89,94,97,132,134,135" machi="69" ten="40,12000,2" yaku="1,1,0,1,20,1,52,2,53,1" doraHai="66" doraHaiUra="93" who="3" fromWho="3" sc="235,-30,245,-30,142,-60,368,130" /><INIT seed="3,0,0,5,4,48" ten="205,215,82,498" oya="3" hai0="65,26,33,44,62,58,24,64,68,61,4,77,121" hai1="94,42,49,0,95,6,129,27,112,22,118,15,73" hai2="115,71,108,2,72,122,133,54,93,18,74,8,98" hai3="86,87,23,43,81,31,105,76,51,10,69,78,3"/><W130/><G105/><T132/><D121/><U40/><E73/><V53/><F115/><W120/><G69/><T119/><D119/><U60/><E0/><V134/><F71/><W12/><G3/><T50/><D77/><U96/><E129/><V36/><F36/><W131/><G31/><T39/><D4/><U103/><E112/><V127/><F122/><W16/><G120/><T20/><D33/><U104/><E60/><V99/><F108/><W37/><G37/><T57/><D20/><U66/><E66/><V70/><F70/><W13/><G43/><N who="0" m="22655" /><D24/><U124/><E124/><V1/><F127/><W63/><G63/><T45/><D26/><U113/><E104/><V75/><F18/><W89/><G51/><T21/><D21/><U110/><E49/><V59/><F59/><W111/><G111/><T9/><D9/><U28/><E118/><V107/><F107/><W128/><G87/><T79/><D79/><U126/><E110/><V84/><F84/><W25/><REACH who="3" step="1"/><G13/><REACH who="3" ten="205,215,82,488" step="2"/><T34/><D34/><U55/><E15/><V67/><F1/><W85/><G85/><T32/><D32/><U92/><E113/><V46/><F2/><W29/><AGARI ba="0,1" hai="10,12,16,23,25,29,76,78,81,86,89,128,130,131" machi="29" ten="30,12000,1" yaku="1,1,0,1,19,1,54,1,53,1" doraHai="48" doraHaiUra="14" who="3" fromWho="3" sc="205,-40,215,-40,82,-40,488,130" /><INIT seed="3,1,0,0,4,108" ten="165,175,42,618" oya="3" hai0="103,109,73,58,118,55,4,53,10,16,31,6,115" hai1="133,52,123,57,119,24,23,35,26,8,105,122,49" hai2="63,20,106,27,45,46,77,74,98,121,25,78,41" hai3="59,82,128,75,47,132,39,48,37,33,9,66,93"/><W15/><G128/><T126/><D118/><U42/><E105/><V111/><F111/><W113/><G33/><T36/><D36/><U99/><E119/><V95/><F106/><W87/><G113/><T76/><D109/><U69/><E69/><V54/><F121/><W80/><G93/><T51/><D126/><U110/><E133/><V88/><F74/><W29/><G29/><T40/><D40/><U13/><E110/><V131/><F131/><W117/><G117/><T22/><D103/><U125/><E99/><V81/><F27/><W70/><G75/><T14/><D55/><U97/><E97/><V135/><F135/><W90/><G82/><T100/><D100/><U43/><E125/><V112/><F112/><W79/><G70/><T101/><D101/><U134/><E134/><V86/><F77/><W21/><G79/><T61/><D61/><U12/><E35/><V67/><F41/><N who="1" m="15369" /><E123/><V72/><F72/><W65/><G39/><T18/><D31/><U83/><E83/><V129/><F129/><W17/><G37/><T11/><D11/><U19/><E122/><V85/><F85/><W84/><G84/><T96/><D96/><U130/><E130/><V89/><F78/><W1/><G9/><T114/><D76/><U38/><E38/><V68/><REACH who="2" step="1"/><F54/><REACH who="2" ten="165,175,32,618" step="2"/><N who="3" m="32199" /><G87/><T91/><D73/><U124/><E124/><V127/><F127/><W2/><G132/><T116/><D116/><U0/><E26/><V104/><F104/><W32/><G32/><T120/><D120/><U60/><E49/><V56/><F56/><W92/><G47/><T94/><D115/><RYUUKYOKU ba="1,1" sc="165,-15,175,15,32,15,618,-15" hai1="0,8,12,13,19,23,24,52,57,60" hai2="20,25,45,46,63,67,68,81,86,88,89,95,98" /><INIT seed="4,2,1,4,5,81" ten="150,190,47,603" oya="0" hai0="105,15,4,77,13,128,71,67,72,63,26,100,69" hai1="22,21,111,70,44,47,115,86,2,33,75,108,9" hai2="28,52,87,102,46,39,114,68,31,64,58,16,78" hai3="135,120,84,11,123,23,29,43,38,97,132,112,121"/><T131/><D71/><U66/><E75/><V8/><F102/><W82/><G112/><T113/><D113/><U94/><E115/><V124/><F114/><W53/><G11/><T45/><D45/><U116/><E33/><V14/><F124/><W37/><G97/><N who="0" m="61583" /><D26/><U107/><E107/><V103/><F103/><W6/><G6/><T59/><D4/><U93/><E70/><V57/><F68/><W91/><G53/><T5/><D5/><U133/><E66/><V88/><F78/><W117/><G117/><T62/><D72/><U1/><E9/><V106/><F106/><W125/><G125/><T74/><D74/><U104/><E104/><V50/><F39/><N who="3" m="14859" /><G43/><T25/><D25/><AGARI ba="2,1" hai="23,25,29,82,84,91,120,121,123,132,135" m="14859" machi="25" ten="40,2600,0" yaku="13,1,52,1" doraHai="81" who="3" fromWho="0" sc="150,-32,190,0,47,0,603,42" /><INIT seed="5,0,0,2,3,23" ten="118,190,47,645" oya="1" hai0="103,66,44,31,57,78,37,135,18,85,105,49,35" hai1="45,17,107,34,108,84,99,47,100,62,74,71,115" hai2="29,69,63,19,6,94,65,95,122,27,56,72,48" hai3="111,12,52,76,116,123,60,117,50,21,90,0,93"/><U61/><E74/><V98/><F122/><W64/><G111/><T40/><D135/><U24/><E115/><V11/><F72/><W86/><G0/><T67/><D18/><U43/><E108/><V101/><F19/><W126/><G126/><T39/><D39/><U118/><E118/><N who="3" m="45674" /><G12/><T113/><D113/><U68/><E84/><V3/><F48/><W134/><G134/><T97/><D37/><U110/><E110/><V77/><F77/><W133/><G133/><T112/><D57/><U87/><E87/><V121/><F121/><W128/><G128/><T59/><D59/><U10/><E71/><V4/><F4/><W131/><G123/><T129/><D129/><U79/><E79/><V15/><F3/><W96/><G21/><T16/><D16/><U55/><E17/><V5/><F5/><W36/><G36/><T102/><D102/><U54/><E10/><V114/><F114/><W28/><G28/><T32/><D112/><U25/><E34/><V120/><F120/><W14/><G14/><T82/><REACH who="0" step="1"/><D35/><REACH who="0" ten="108,190,47,645" step="2"/><U22/><E22/><N who="2" m="15607" /><F69/><W70/><G131/><T127/><D127/><U83/><E68/><V30/><F30/><W58/><G76/><T80/><D80/><U81/><E81/><V8/><F8/><W125/><G125/><T42/><D42/><U33/><E33/><V53/><F53/><W26/><G70/><T104/><D104/><U88/><E55/><V130/><F130/><W46/><G52/><T9/><D9/><U106/><E54/><V1/><F1/><W119/><G119/><T92/><D92/><AGARI ba="0,1" hai="6,11,15,56,63,65,92,94,95,98,101" m="15607" machi="92" ten="30,3900,0" yaku="25,1,8,1,52,1" doraHai="23" who="2" fromWho="0" sc="108,-39,190,0,47,49,645,0" /><INIT seed="6,0,0,2,0,32" ten="69,190,96,645" oya="2" hai0="33,72,61,19,114,1,81,48,43,52,131,103,94" hai1="11,95,3,53,89,13,28,108,113,59,6,51,134" hai2="29,117,50,88,57,110,12,37,112,20,129,86,107" hai3="84,97,109,66,87,71,67,69,105,90,34,128,126"/><V18/><F117/><W15/><G109/><T98/><D33/><U75/><E108/><V106/><F37/><W2/><G34/><T85/><D1/><U40/><E75/><V9/><F110/><W42/><G90/><T46/><D114/><U73/><E134/><V22/><F112/><W35/><G15/><T96/><D131/><U80/><E28/><V16/><F129/><W54/><G54/><T56/><D72/><U132/><E132/><V30/><F106/><W133/><G97/><T25/><D98/><U60/><E113/><V47/><F57/><W10/><G10/><T8/><D8/><U125/><E125/><V64/><F107/><W24/><G35/><T74/><D74/><U7/><E80/><N who="2" m="49223" /><F64/><W115/><G105/><T127/><D127/><U5/><E73/><V44/><F44/><W45/><G45/><T102/><D25/><U120/><E120/><V135/><F135/><W21/><G24/><T63/><D19/><N who="2" m="7210" /><F29/><W99/><G67/><T116/><D116/><U49/><E3/><V91/><F91/><W70/><G66/><T130/><D130/><U79/><E89/><V55/><F30/><W41/><G115/><T38/><REACH who="0" step="1"/><D103/><REACH who="0" ten="59,190,96,645" step="2"/><U122/><E122/><V100/><F100/><W62/><G126/><T123/><D123/><U77/><E7/><AGARI ba="0,1" hai="7,9,12,20,22,47,50,55" m="7210,49223" machi="7" ten="30,5800,0" yaku="8,1,54,2" doraHai="32" who="2" fromWho="1" sc="59,0,190,-58,96,68,645,0" /><INIT seed="6,1,0,1,3,37" ten="59,132,164,645" oya="2" hai0="92,4,42,36,73,64,26,38,91,84,19,105,87" hai1="54,85,69,111,89,5,95,97,125,6,12,104,128" hai2="31,81,99,90,29,8,24,72,55,102,65,47,67" hai3="130,44,100,126,78,88,45,94,53,96,127,49,79"/><V52/><F72/><W122/><G130/><T14/><D105/><U134/><E111/><V135/><F135/><W86/><G122/><T61/><D73/><U70/><E134/><V124/><F124/><N who="3" m="47659" /><G45/><T60/><D4/><U22/><E125/><V62/><F8/><W123/><G123/><T41/><D26/><U18/><E128/><V0/><F0/><W23/><G23/><T16/><D92/><AGARI ba="1,0" hai="44,49,53,78,79,86,88,92,94,96,100" m="47659" machi="92" ten="30,2000,0" yaku="18,1,54,1" doraHai="37" who="3" fromWho="0" sc="59,-23,132,0,164,0,645,23" /><INIT seed="7,0,0,4,4,79" ten="36,132,164,668" oya="3" hai0="118,27,21,83,85,38,75,120,82,8,46,107,39" hai1="68,43,22,132,6,13,54,20,115,81,69,32,101" hai2="47,45,53,0,80,110,55,96,40,1,93,67,35" hai3="61,134,19,116,64,88,73,62,95,89,11,127,122"/><W72/><G127/><T114/><D118/><U63/><E32/><V70/><F35/><W33/><G134/><T91/><D120/><U113/><E43/><V3/><F70/><W65/><G33/><T15/><D107/><U51/><E101/><V57/><F67/><W135/><G135/><T18/><D114/><N who="1" m="43531" /><E132/><V41/><F80/><W17/><G11/><T130/><D130/><U58/><E81/><V34/><F34/><W10/><G10/><T109/><D109/><U12/><E6/><V4/><F4/><W112/><G95/><T76/><REACH who="0" step="1"/><D46/><REACH who="0" ten="26,132,164,668" step="2"/><U14/><E69/><V104/><F104/><W123/><G112/><T9/><D9/><U124/><E124/><V94/><F110/><W126/><G126/><T30/><AGARI ba="0,1" hai="8,15,18,21,27,30,38,39,75,76,82,83,85,91" machi="30" ten="20,8000,1" yaku="1,1,0,1,7,1,52,2,53,0" doraHai="79" doraHaiUra="2" who="0" fromWho="0" sc="26,90,132,-20,164,-20,668,-40" owari="116,-28.0,112,-39.0,144,-6.0,628,73.0" /></mjloggm>