<mjloggm ver="2.3"><GO type="41" lobby="0"/><UN n0="%50%61%79%46%6F%72" n1="%E2%93%9D%53%75%70%68%78" n2="%E3%81%8B%E3%81%AA%E3%82%84%E3%81%BE%E3%81%9F%E3%82%89" n3="%45%2E%53%48%49%52%41%49" dan="14,17,13,14" rate="1950.01,2039.41,1836.06,1931.48" sx="M,M,M,M"/><TAIKYOKU oya="0"/><INIT seed="0,0,0,5,2,17" ten="250,250,250,250" oya="0" hai0="61,40,9,1,6,104,123,91,105,74,47,41,59" hai1="54,31,120,39,121,128,33,124,56,79,12,5,81" hai2="18,108,101,93,112,8,99,100,90,110,43,67,11" hai3="24,44,126,115,46,84,69,21,7,64,50,49,96"/><T130/><D123/><U52/><E39/><V53/><F112/><W109/><G115/><T65/><D74/><U76/><E128/><V133/><F133/><W87/><G109/><T127/><D127/><U103/><E103/><V122/><F122/><W23/><G7/><T95/><D130/><U73/><E124/><V113/><F113/><W58/><G69/><T72/><D72/><U71/><E71/><V135/><F135/><W132/><G126/><T106/><REACH who="0" step="1"/><D47/><REACH who="0" ten="240,250,250,250" step="2"/><U70/><E73/><V88/><F108/><W97/><G132/><T77/><D77/><U30/><E79/><V38/><F110/><W28/><G44/><T80/><D80/><U3/><E81/><V35/><F93/><W116/><G46/><T0/><D0/><U78/><E3/><V66/><F100/><W102/><G102/><T20/><D20/><U68/><E121/><V92/><F101/><W36/><G21/><T4/><D4/><U117/><E5/><V13/><F92/><W129/><G129/><T37/><D37/><U119/><E120/><V55/><F38/><W51/><G36/><T25/><D25/><U98/><E78/><V29/><F35/><W2/><G2/><T34/><D34/><U42/><E76/><V111/><F111/><W16/><G116/><T86/><AGARI ba="0,1" hai="1,6,9,40,41,59,61,65,86,91,95,104,105,106" machi="86" ten="30,3000,0" yaku="1,1,0,1,53,0" doraHai="17" doraHaiUra="48" who="0" fromWho="0" sc="240,40,250,-10,250,-10,250,-10" /><INIT seed="0,1,0,3,3,128" ten="280,240,240,240" oya="0" hai0="97,30,25,49,60,94,89,101,21,76,72,18,15" hai1="24,56,64,87,58,14,51,52,116,73,132,37,83" hai2="61,3,59,13,84,55,29,12,70,41,131,39,100" hai3="10,114,106,47,23,42,66,124,17,105,82,54,77"/><T127/><D127/><U45/><E116/><V107/><F3/><W20/><G124/><T133/><D133/><U92/><E73/><V8/><F131/><W26/><G66/><T129/><D129/><U121/><E121/><V120/><F120/><W35/><G35/><T50/><D76/><U108/><E108/><V6/><F29/><W33/><G33/><T78/><D78/><U68/><E92/><V102/><F70/><W113/><G10/><T96/><D72/><U71/><E24/><V65/><F84/><W43/><G54/><T34/><REACH who="0" step="1"/><D60/><REACH who="0" ten="270,240,240,240" step="2"/><U119/><E132/><V28/><F61/><W2/><G77/><T88/><D88/><U27/><E119/><V93/><F102/><W36/><G113/><T4/><D4/><U57/><E64/><V79/><F100/><W67/><G114/><T69/><D69/><U7/><E71/><V125/><F79/><W81/><G67/><T74/><D74/><U31/><E68/><V130/><F125/><W62/><G62/><T118/><D118/><U19/><E7/><V112/><F130/><W86/><G105/><AGARI ba="1,1" hai="15,18,21,25,30,34,49,50,89,94,96,97,101,105" machi="105" ten="30,5800,0" yaku="1,1,7,1,53,1" doraHai="128" doraHaiUra="99" who="0" fromWho="3" sc="270,71,240,0,240,0,240,-61" /><INIT seed="0,2,0,3,4,33" ten="341,240,240,179" oya="0" hai0="97,20,125,49,113,87,2,68,74,78,104,126,123" hai1="118,19,44,92,4,73,24,96,79,100,84,83,53" hai2="34,65,39,41,82,112,108,107,134,54,13,42,50" hai3="16,133,23,25,10,89,6,121,128,127,32,56,17"/><T77/><D68/><U5/><E118/><V40/><F34/><W75/><G75/><T45/><D123/><U67/><E67/><V62/><F107/><W131/><G121/><T59/><D113/><U69/><E69/><V114/><F108/><W37/><G37/><T93/><D74/><U46/><E73/><V95/><F134/><W47/><G47/><N who="1" m="17962" /><E53/><V22/><F82/><W48/><G133/><T58/><D104/><U27/><E19/><V55/><F39/><W124/><G32/><T106/><D106/><U102/><E102/><V61/><F95/><W135/><G89/><T76/><D2/><U18/><E18/><V9/><F22/><W3/><G135/><T70/><D70/><U129/><E129/><N who="3" m="49738" /><G17/><T38/><D38/><U60/><E60/><V86/><F86/><W122/><G122/><T109/><D109/><U99/><E99/><V21/><F21/><W110/><G110/><T116/><D116/><U85/><E85/><V26/><F26/><AGARI ba="2,0" hai="4,5,24,26,27,79,83,84,92,96,100" m="17962" machi="26" ten="30,1000,0" yaku="8,1" doraHai="33" who="1" fromWho="2" sc="341,0,240,16,240,-16,179,0" /><INIT seed="1,0,0,2,1,83" ten="341,256,224,179" oya="1" hai0="109,59,71,22,102,66,111,112,18,60,29,89,61" hai1="11,74,86,56,82,125,135,9,131,132,65,26,119" hai2="92,24,64,30,67,124,103,114,117,134,91,62,69" hai3="41,8,105,6,128,2,98,23,0,39,88,95,100"/><U87/><E119/><V20/><F117/><W99/><G128/><T25/><D112/><U37/><E37/><V101/><F124/><W5/><G23/><T75/><D75/><U35/><E125/><V126/><F126/><W118/><G118/><T31/><D102/><U76/><E131/><V3/><F3/><W96/><G41/><T120/><D120/><U93/><E65/><V47/><F134/><N who="1" m="51241" /><E56/><V15/><F67/><W13/><G39/><T40/><D40/><U4/><E93/><V122/><F122/><W53/><G5/><T97/><D97/><U54/><E54/><V17/><F47/><W36/><G36/><T130/><D89/><U85/><E4/><V79/><F79/><W12/><G0/><T52/><REACH who="0" step="1"/><D130/><REACH who="0" ten="331,256,224,179" step="2"/><U34/><E34/><V44/><F114/><W46/><REACH who="3" step="1"/><G98/><REACH who="3" ten="331,256,224,169" step="2"/><T72/><D72/><U19/><E35/><V38/><F38/><W42/><G42/><T50/><D50/><AGARI ba="0,2" hai="2,6,8,12,13,46,50,53,88,95,96,99,100,105" machi="50" ten="40,2600,0" yaku="1,1,54,1,53,0" doraHai="83" doraHaiUra="106" who="3" fromWho="0" sc="331,-26,256,0,224,0,169,46" /><INIT seed="2,0,0,3,1,111" ten="305,256,224,215" oya="2" hai0="123,104,129,15,86,83,106,45,20,40,82,127,41" hai1="59,85,24,42,95,73,21,51,38,117,0,56,84" hai2="32,3,44,70,37,103,99,71,25,98,52,74,63" hai3="67,36,80,112,114,7,65,76,68,50,134,33,19"/><V64/><F74/><W130/><G33/><T77/><D123/><U88/><E73/><V100/><F3/><W54/><G7/><T116/><D116/><U128/><E38/><V18/><F71/><W132/><G36/><T39/><D127/><U4/><E128/><V131/><F131/><W10/><G130/><T101/><D129/><U110/><E110/><V79/><F79/><W35/><G35/><T29/><D83/><U125/><E117/><V119/><F119/><W81/><G19/><T109/><D109/><U47/><E125/><V53/><F37/><W78/><G10/><T1/><D1/><U87/><E4/><V34/><F34/><W120/><G68/><T118/><D118/><U61/><E59/><V9/><F32/><W126/><G126/><T55/><D41/><U105/><E105/><V22/><F9/><W27/><G27/><T31/><D101/><U58/><E58/><V49/><F100/><W94/><G94/><T2/><D2/><U135/><E135/><N who="3" m="51754" /><G80/><T57/><D106/><U89/><E0/><V28/><F28/><W23/><G23/><T133/><D104/><U96/><E89/><V60/><F103/><W16/><G16/><N who="0" m="10271" /><D133/><U92/><E92/><V90/><F90/><W122/><G76/><T107/><D107/><U121/><E121/><N who="3" m="46698" /><G81/><T97/><D97/><U66/><E96/><V113/><F113/><N who="3" m="43627" /><G78/><T43/><D39/><U91/><E91/><V72/><F70/><W11/><G11/><T124/><D124/><U108/><E108/><V12/><F22/><W46/><AGARI ba="0,0" hai="46,50,54,65,67" m="43627,46698,51754" machi="46" ten="40,12000,2" yaku="20,1,11,1,34,2,52,3" doraHai="111" who="3" fromWho="3" sc="305,-30,256,-30,224,-60,215,120" /><INIT seed="3,0,0,2,3,62" ten="275,226,164,335" oya="3" hai0="50,73,12,6,48,1,11,112,44,28,131,15,80" hai1="22,8,56,27,4,45,21,35,57,54,97,116,119" hai2="134,33,13,74,93,51,106,114,127,53,18,55,128" hai3="90,47,120,30,32,37,133,126,111,104,75,95,2"/><W92/><RYUUKYOKU type="yao9" ba="0,0" sc="275,0,226,0,164,0,335,0" hai3="2,30,32,37,47,75,90,92,95,104,111,120,126,133" /><INIT seed="3,1,0,3,1,64" ten="275,226,164,335" oya="3" hai0="81,103,133,90,31,124,10,22,2,56,61,91,35" hai1="42,26,13,34,94,17,25,135,33,84,3,50,128" hai2="92,30,112,89,12,134,86,93,23,121,77,78,11" hai3="19,68,76,38,51,110,80,129,101,123,105,66,40"/><W0/><G123/><T54/><D133/><U72/><E72/><V113/><F121/><W5/><G19/><T127/><D35/><U67/><E3/><V8/><F134/><W1/><G51/><T106/><D106/><U14/><E67/><V122/><F122/><W65/><G65/><T96/><D2/><U18/><E94/><V71/><F71/><W9/><G129/><T24/><D10/><U4/><E84/><V115/><F93/><W39/><G1/><T28/><D28/><U119/><E50/><V69/><F69/><W108/><G101/><T62/><D62/><U104/><E104/><V59/><F59/><W46/><G39/><T125/><D81/><U29/><E42/><V45/><F45/><W63/><REACH who="3" step="1"/><G105/><REACH who="3" ten="275,226,164,325" step="2"/><T52/><D103/><U36/><E36/><V75/><F115/><W126/><G126/><T44/><D96/><U15/><E128/><V130/><F130/><W79/><G79/><T107/><D107/><U82/><E135/><V98/><F78/><W100/><G100/><T70/><D70/><U111/><E18/><V109/><F77/><W41/><G41/><T57/><D57/><U88/><E17/><V58/><F58/><W16/><G16/><T85/><D44/><U74/><E15/><V83/><F12/><W7/><G7/><T37/><D37/><U32/><E14/><V53/><F113/><W20/><G20/><T87/><D54/><U114/><E13/><V99/><F53/><W43/><G43/><T116/><D116/><U102/><E114/><V118/><F112/><W47/><G47/><T95/><D125/><RYUUKYOKU ba="1,1" sc="275,15,226,-15,164,-15,325,15" hai0="22,24,31,52,56,61,85,87,90,91,95,124,127" hai3="0,5,9,38,40,46,63,66,68,76,80,108,110" /><INIT seed="3,2,1,3,5,52" ten="290,211,149,340" oya="3" hai0="25,1,85,58,132,39,35,10,59,26,70,20,117" hai1="76,124,73,64,79,129,103,18,50,93,134,16,82" hai2="90,128,116,89,95,83,49,27,112,61,21,29,114" hai3="8,23,32,126,40,88,105,55,92,80,111,6,133"/><W3/><G105/><T75/><D75/><U68/><E129/><V101/><F116/><W125/><G32/><T43/><D70/><U60/><E134/><V119/><F119/><W15/><G40/><T91/><D117/><U37/><E37/><V78/><F128/><W30/><G133/><T99/><D132/><U122/><E122/><V5/><F5/><W96/><G111/><T38/><D38/><U120/><E120/><V77/><F101/><W11/><G80/><T97/><D43/><U102/><E124/><V36/><F36/><W69/><G69/><T131/><D39/><U48/><E79/><V44/><F61/><W72/><G72/><T33/><D33/><U62/><E62/><V53/><F78/><W56/><G23/><T115/><D115/><U113/><E113/><V63/><F63/><W84/><G30/><N who="0" m="17703" /><D35/><U135/><E135/><V24/><F24/><W42/><G42/><T46/><D46/><U94/><E103/><V81/><F81/><W12/><G3/><T107/><D107/><U106/><E106/><V108/><F108/><W19/><REACH who="3" step="1"/><G96/><REACH who="3" ten="290,211,149,330" step="2"/><N who="0" m="36939" /><D1/><U127/><E73/><V4/><F114/><W54/><G54/><T65/><D131/><U31/><E68/><V22/><F112/><W34/><G34/><T45/><D10/><U41/><E41/><V104/><F53/><W71/><G71/><T0/><D0/><U109/><E109/><V57/><F104/><W13/><G13/><T100/><D100/><U47/><E102/><V28/><F83/><W86/><G86/><T9/><D9/><U7/><E82/><V2/><F2/><RYUUKYOKU ba="2,2" sc="290,-10,211,-10,149,-10,330,30" hai3="6,8,11,12,15,19,55,56,84,88,92,125,126" /><INIT seed="3,3,2,5,3,57" ten="280,201,139,360" oya="3" hai0="43,113,95,116,69,96,117,91,120,18,108,23,135" hai1="119,5,17,80,49,33,3,64,61,104,53,20,118" hai2="124,79,77,86,75,73,22,90,97,105,54,83,32" hai3="123,66,93,6,128,8,27,76,99,41,134,39,48"/><W52/><G123/><T127/><D120/><U132/><E33/><V112/><F32/><W67/><G128/><T16/><D108/><U98/><E80/><V50/><F112/><W24/><G76/><T71/><D127/><U129/><E132/><V81/><F22/><W87/><G87/><T42/><D135/><U89/><E5/><V88/><F54/><W60/><G67/><T29/><D113/><U126/><E3/><V1/><F50/><W74/><G74/><N who="2" m="28169" /><F1/><W78/><G78/><N who="2" m="29705" /><F124/><W25/><G41/><T84/><D71/><U12/><E129/><V46/><F46/><N who="3" m="27671" /><G39/><T45/><D69/><U114/><E126/><V101/><F81/><W92/><G134/><T103/><D29/><U111/><E114/><V31/><F31/><W35/><G35/><T14/><D18/><U34/><E34/><V51/><F51/><W122/><G122/><T106/><D43/><U85/><E49/><AGARI ba="3,2" hai="14,16,23,42,45,49,84,91,95,96,103,106,116,117" machi="49" ten="30,2000,0" yaku="7,1,54,1" doraHai="57" who="0" fromWho="1" sc="280,49,201,-29,139,0,360,0" /><INIT seed="4,0,0,1,5,65" ten="329,172,139,360" oya="0" hai0="93,78,132,73,124,32,66,119,16,54,48,42,88" hai1="4,53,98,14,113,71,63,134,118,17,127,97,80" hai2="8,125,46,1,117,86,72,22,64,120,87,108,89" hai3="90,107,126,109,5,41,39,106,94,62,76,111,21"/><T129/><D119/><U45/><E118/><V9/><F117/><W23/><G126/><T26/><D124/><U99/><E127/><V83/><F125/><W25/><G76/><T122/><D122/><U114/><E4/><V70/><F120/><W49/><G39/><T35/><D129/><U101/><E80/><V91/><F72/><W0/><G21/><T3/><D3/><U51/><E134/><V33/><F33/><W115/><G115/><N who="1" m="44042" /><E63/><V77/><F108/><W28/><G109/><T121/><D121/><U55/><E55/><V131/><F131/><W59/><G5/><T67/><D132/><U12/><E12/><V96/><F96/><W104/><G0/><T79/><D73/><U29/><E29/><V31/><F77/><N who="0" m="29194" /><D35/><U85/><E85/><V60/><F1/><W37/><G37/><T6/><D6/><U110/><E110/><V68/><F46/><W57/><G111/><T82/><D82/><U44/><E44/><V69/><F31/><W30/><G30/><T40/><D32/><U18/><E18/><V58/><F22/><W84/><G41/><N who="0" m="15979" /><D16/><U102/><E71/><V10/><REACH who="2" step="1"/><F58/><REACH who="2" ten="329,172,129,360" step="2"/><W19/><G28/><T2/><D2/><U15/><E15/><V133/><F133/><W95/><G57/><N who="0" m="32967" /><D26/><U47/><E47/><V135/><F135/><W75/><G75/><T7/><D7/><U61/><E61/><V92/><AGARI ba="0,1" hai="8,9,10,60,64,68,69,70,83,86,87,89,91,92" machi="92" ten="30,8000,1" yaku="1,1,0,1,52,3,53,0" doraHai="65" doraHaiUra="112" who="2" fromWho="2" sc="329,-40,172,-20,129,90,360,-20" /><INIT seed="5,0,0,0,4,76" ten="289,152,219,340" oya="1" hai0="30,14,45,127,101,6,113,132,81,74,79,87,107" hai1="123,106,103,69,40,52,1,84,2,116,53,37,12" hai2="100,90,115,57,65,105,18,50,67,95,130,124,108" hai3="134,25,125,66,56,99,80,9,58,131,39,33,114"/><U21/><E116/><V135/><F108/><W16/><G39/><T5/><D113/><U34/><E34/><V102/><F124/><W88/><G125/><T43/><D127/><U119/><E69/><V82/><F130/><W15/><G114/><T118/><D118/><U104/><E119/><V36/><F36/><W129/><G134/><T91/><D132/><U29/><E123/><V35/><F35/><W121/><G121/><T89/><D30/><U122/><E122/><V19/><F135/><W97/><G33/><T85/><D85/><U41/><E84/><V20/><F115/><W26/><G58/><T24/><D24/><U7/><E103/><V98/><F102/><W71/><G71/><T112/><D112/><U32/><E32/><V49/><F105/><W94/><G97/><T47/><D47/><U17/><E29/><V62/><F67/><W111/><G111/><T10/><D6/><U77/><E77/><V8/><F8/><W46/><G46/><T75/><D75/><U72/><E72/><V48/><F20/><W93/><G93/><T59/><D59/><U68/><E68/><V13/><F13/><W23/><G129/><T86/><D101/><U64/><E64/><V51/><N who="2" m="12288" /><DORA hai="109" /><V28/><REACH who="2" step="1"/><F28/><REACH who="2" ten="289,152,209,340" step="2"/><W128/><G128/><T42/><D107/><N who="1" m="41003" /><E37/><V133/><F133/><W83/><G131/><T92/><D45/><U22/><E22/><V73/><F73/><W60/><G26/><T31/><D31/><AGARI ba="0,1" hai="9,15,16,23,25,31,56,60,66,80,83,88,94,99" machi="31" ten="30,12000,2" yaku="7,1,8,1,52,2,54,2" doraHai="76,109" who="3" fromWho="0" sc="289,-120,152,0,209,0,340,130" /><INIT seed="6,0,0,1,0,14" ten="169,152,209,470" oya="2" hai0="130,20,54,0,48,124,116,23,28,90,91,85,129" hai1="47,119,80,77,13,62,84,61,135,108,133,7,34" hai2="1,111,56,4,104,134,69,115,88,103,27,26,63" hai3="70,93,46,5,59,92,121,98,117,41,110,44,113"/><V19/><F115/><W66/><G121/><T9/><D116/><U75/><E34/><V123/><F123/><W83/><G110/><T49/><D124/><U95/><E108/><V81/><F69/><W86/><G70/><T102/><D102/><U107/><E107/><V60/><F111/><W45/><G117/><T10/><D28/><U89/><E119/><V132/><F4/><W118/><G118/><T36/><D36/><U38/><E38/><V55/><F1/><W82/><G5/><T72/><D72/><U79/><E47/><V17/><F103/><N who="3" m="60871" /><G41/><T12/><D0/><U126/><E79/><V128/><F104/><W58/><G113/><T18/><D91/><U31/><E31/><V65/><F128/><N who="0" m="49258" /><D23/><U39/><E39/><V97/><F27/><W73/><G66/><T74/><D74/><U99/><E126/><V35/><F35/><W3/><G73/><T53/><D53/><U76/><E75/><V30/><F30/><W16/><G93/><N who="0" m="54479" /><D49/><U122/><E122/><V8/><F26/><W22/><G83/><T87/><D87/><U67/><E77/><V21/><F21/><W25/><G3/><T109/><D109/><U106/><E106/><V29/><F29/><W114/><G114/><T125/><D125/><U6/><E76/><AGARI ba="0,0" hai="16,22,25,44,45,46,58,59,76,82,86" m="60871" machi="76" ten="30,3900,0" yaku="8,1,52,1,54,1" doraHai="14" who="3" fromWho="1" sc="169,0,152,-39,209,0,470,39" /><INIT seed="7,0,0,2,0,47" ten="169,113,209,509" oya="3" hai0="95,62,38,89,132,72,102,115,74,20,39,83,122" hai1="51,60,64,71,116,12,22,128,5,120,44,7,50" hai2="93,30,59,124,131,90,65,6,35,4,125,2,54" hai3="73,91,98,88,117,99,48,17,11,57,113,40,70"/><W118/><G70/><T19/><D122/><U14/><E120/><V94/><F65/><W10/><G73/><T97/><D132/><U119/><E128/><V100/><F100/><W63/><G113/><T96/><D115/><U16/><E51/><V52/><F52/><BYE who="2" /><N who="3" m="34215" /><G117/><UN n2="%E3%81%8B%E3%81%AA%E3%82%84%E3%81%BE%E3%81%9F%E3%82%89" /><T15/><D74/><U58/><E71/><V78/><F78/><W0/><G0/><T13/><D13/><U110/><E110/><V108/><F108/><W31/><G31/><T3/><D3/><U24/><E14/><V75/><F75/><W18/><G98/><T79/><D62/><U112/><E112/><V114/><F114/><W25/><G25/><T36/><D36/><U107/><E107/><AGARI ba="0,0" hai="15,19,20,38,39,72,79,83,89,95,96,97,102,107" machi="107" ten="30,1000,0" yaku="7,1" doraHai="47" who="0" fromWho="1" sc="169,10,113,-10,209,0,509,0" owari="179,-22.0,103,-40.0,209,1.0,509,61.0" /></mjloggm>