<mjloggm ver="2.3"><GO type="41" lobby="0"/><UN n0="%64%65%72%61%63%69%6E%65" n1="%E8%B1%8A%E8%87%A3%E8%BB%8D%E9%99%B8" n2="%E2%93%9D%53%75%70%68%78" n3="%E5%B0%8F%E6%9E%97%E8%81%A1" dan="13,15,18,13" rate="1819.93,2047.15,2074.74,1886.00" sx="M,M,M,M"/><TAIKYOKU oya="0"/><INIT seed="0,0,0,3,1,117" ten="250,250,250,250" oya="0" hai0="6,28,122,53,93,14,123,39,18,81,5,70,118" hai1="33,48,27,75,47,24,4,109,124,35,12,84,15" hai2="60,55,49,91,9,94,56,38,132,108,88,54,95" hai3="130,103,50,11,52,1,96,73,32,82,115,62,120"/><T104/><D104/><U10/><E75/><V126/><F108/><W8/><G115/><T21/><D118/><U111/><E84/><V7/><F38/><W92/><G32/><N who="1" m="12362" /><E48/><V61/><F132/><W44/><G130/><T29/><D70/><U86/><E86/><V102/><F126/><W30/><G1/><T114/><D39/><U46/><E124/><V17/><F17/><W0/><G0/><T69/><D69/><U121/><E121/><N who="0" m="46089" /><D53/><U2/><E46/><V101/><F9/><W25/><G120/><T97/><D81/><U51/><E51/><V58/><REACH who="2" step="1"/><F49/><REACH who="2" ten="250,250,240,250" step="2"/><W127/><G127/><T34/><D114/><U13/><E47/><V106/><F106/><W90/><G62/><T41/><D41/><U65/><E65/><V129/><F129/><W36/><G36/><T26/><D93/><U16/><E111/><V20/><F20/><N who="3" m="15655" /><G73/><T99/><D99/><U66/><E66/><V83/><F83/><W3/><G3/><T74/><D97/><U67/><E67/><V42/><F42/><W72/><G72/><T85/><D74/><U57/><E109/><V133/><F133/><W119/><G119/><T77/><D85/><AGARI ba="0,1" hai="8,11,44,50,52,82,85,90,92,96,103" m="15655" machi="85" ten="30,2000,0" yaku="8,1,54,1" doraHai="117" who="3" fromWho="0" sc="250,-20,250,0,240,0,250,30" /><INIT seed="1,0,0,0,4,9" ten="230,250,240,280" oya="1" hai0="109,106,102,11,93,131,40,5,29,79,78,80,119" hai1="114,83,117,74,107,45,2,1,56,12,124,28,127" hai2="129,104,61,134,77,30,60,22,95,108,34,26,101" hai3="71,31,94,16,24,99,25,132,14,68,66,54,21"/><U76/><E114/><V3/><F3/><W103/><G132/><T58/><D109/><U89/><E117/><V17/><F108/><W37/><G37/><T36/><D131/><U43/><E107/><V50/><F104/><W92/><G25/><T91/><D119/><U130/><E28/><V55/><F77/><W67/><G54/><T121/><D29/><U120/><E120/><V84/><F129/><W7/><G7/><T33/><D33/><U69/><E69/><V13/><F134/><W113/><G113/><T97/><D58/><U49/><E130/><V27/><F27/><W8/><REACH who="3" step="1"/><G92/><REACH who="3" ten="230,250,240,270" step="2"/><T115/><D115/><U52/><E127/><V111/><F111/><W10/><G10/><T70/><D121/><U15/><E124/><V4/><F4/><W23/><G23/><T135/><D135/><U88/><E1/><V105/><F105/><W65/><AGARI ba="0,1" hai="8,14,16,21,24,31,65,66,67,68,71,94,99,103" machi="65" ten="30,7900,0" yaku="1,1,0,1,52,1,54,1,53,0" doraHai="9" doraHaiUra="128" who="3" fromWho="3" sc="230,-20,250,-39,240,-20,270,89" /><INIT seed="2,0,0,4,3,116" ten="210,211,220,359" oya="2" hai0="74,79,125,36,86,121,112,47,81,27,132,99,39" hai1="57,46,62,77,69,42,1,110,11,82,45,105,122" hai2="25,68,124,128,91,58,102,85,96,18,35,53,135" hai3="7,123,66,40,100,63,21,115,49,95,44,94,65"/><V118/><F118/><W117/><G117/><T16/><D112/><U10/><E105/><V134/><F68/><W34/><G34/><T13/><D125/><U17/><E110/><V55/><F124/><W38/><G115/><T75/><D132/><N who="2" m="50730" /><F128/><W48/><G66/><T52/><D36/><U12/><E69/><V31/><F18/><W67/><G67/><T37/><D37/><U30/><E30/><V8/><F8/><W14/><G123/><T129/><D121/><U50/><E45/><V108/><F58/><W73/><G73/><T64/><D64/><U26/><E26/><V9/><F9/><W109/><G109/><T88/><D27/><U133/><E133/><V56/><F56/><W2/><G2/><T111/><D129/><U54/><E122/><V106/><F108/><W41/><G41/><T0/><D0/><U22/><REACH who="1" step="1"/><E1/><REACH who="1" ten="210,201,220,359" step="2"/><V92/><AGARI ba="0,1" hai="25,31,35,53,55,85,91,92,96,102,106" m="50730" machi="92" ten="30,1500,0" yaku="20,1" doraHai="116" who="2" fromWho="2" sc="210,-5,201,-5,220,25,359,-5" /><INIT seed="2,1,0,3,3,6" ten="205,196,245,354" oya="2" hai0="91,37,44,4,1,49,126,100,68,35,34,117,20" hai1="31,36,46,92,51,87,95,133,119,69,82,45,63" hai2="15,114,134,130,12,67,8,59,28,66,128,127,55" hai3="83,104,24,11,52,101,106,120,85,123,74,30,33"/><V13/><F114/><W109/><G109/><T89/><D126/><U86/><E119/><V118/><F118/><W105/><G74/><T43/><D117/><U22/><E133/><V38/><F38/><W81/><G101/><T18/><D68/><U19/><E31/><V23/><F134/><W110/><G110/><T78/><D100/><U42/><E69/><V26/><F127/><W17/><G83/><T122/><D122/><U7/><E7/><V50/><REACH who="2" step="1"/><F8/><REACH who="2" ten="205,196,235,354" step="2"/><W47/><G123/><T0/><D37/><U121/><E121/><V56/><F56/><W124/><G120/><T57/><D57/><U5/><E36/><V29/><F29/><W103/><G124/><T71/><D71/><U97/><E46/><V60/><F60/><W135/><G135/><T32/><D4/><U131/><E63/><V76/><F76/><W115/><G115/><T10/><D78/><U9/><E5/><V53/><F53/><W72/><G72/><T62/><D62/><U73/><E73/><V61/><F61/><W3/><G52/><T111/><D10/><U39/><E39/><V27/><F27/><W79/><G11/><T129/><D111/><U96/><E9/><V125/><F125/><W98/><G24/><T21/><D129/><AGARI ba="1,1" hai="12,13,15,23,26,28,50,55,59,66,67,128,129,130" machi="129" ten="40,3900,0" yaku="1,1,19,1,53,0" doraHai="6" doraHaiUra="14" who="2" fromWho="0" sc="205,-42,196,0,235,52,354,0" /><INIT seed="2,2,0,2,5,21" ten="163,196,287,354" oya="2" hai0="37,0,80,103,29,109,78,68,36,86,19,131,89" hai1="126,125,128,98,129,8,111,46,97,25,24,12,122" hai2="102,113,10,65,2,105,74,77,15,51,18,13,69" hai3="62,49,44,101,123,96,104,110,1,81,11,40,54"/><V70/><F113/><W83/><G110/><T93/><D109/><U17/><E111/><V27/><F2/><W118/><G123/><T50/><D131/><N who="1" m="50251" /><E122/><V133/><F133/><W84/><G118/><T75/><D68/><U3/><E46/><V47/><F15/><W108/><G108/><T64/><D64/><U100/><E3/><V92/><F105/><W30/><G30/><T63/><D63/><U4/><E4/><V16/><F77/><W67/><G40/><T72/><D0/><U121/><E121/><V99/><F74/><W45/><G45/><T119/><D119/><U58/><E58/><V107/><F107/><W7/><REACH who="3" step="1"/><G84/><REACH who="3" ten="163,196,287,344" step="2"/><T22/><D29/><U94/><E98/><V53/><REACH who="2" step="1"/><F65/><REACH who="2" ten="163,196,277,344" step="2"/><W127/><G127/><AGARI ba="2,2" hai="8,12,17,24,25,94,97,100,125,126,127" m="50251" machi="127" ten="30,7700,0" yaku="18,1,19,1,52,2" doraHai="21" who="1" fromWho="3" sc="163,0,196,103,277,0,344,-83" /><INIT seed="3,0,0,0,4,48" ten="163,299,277,261" oya="3" hai0="61,120,105,68,80,17,66,20,130,15,89,131,14" hai1="67,26,94,97,19,47,125,9,78,28,53,123,107" hai2="75,121,96,112,81,101,40,74,115,114,52,117,83" hai3="12,100,116,34,44,30,102,25,86,91,126,42,39"/><W92/><G116/><T76/><D120/><U119/><E123/><V124/><F40/><W103/><REACH who="3" step="1"/><G12/><REACH who="3" ten="163,299,277,251" step="2"/><T41/><D14/><U85/><E119/><V65/><F117/><W23/><G23/><T10/><D20/><U24/><E125/><AGARI ba="0,1" hai="25,30,34,39,42,44,86,91,92,100,102,103,125,126" machi="125" ten="40,3900,0" yaku="1,1,53,1" doraHai="48" doraHaiUra="38" who="3" fromWho="1" sc="163,0,299,-39,277,0,251,49" /><INIT seed="3,1,0,1,0,109" ten="163,260,277,300" oya="3" hai0="133,122,14,17,135,69,1,58,121,39,23,47,30" hai1="52,50,128,42,10,74,18,3,123,68,67,38,131" hai2="112,75,11,116,49,105,45,20,7,0,57,124,79" hai3="102,92,104,95,28,65,126,81,88,97,8,107,62"/><W73/><G126/><T46/><D69/><U25/><E74/><V32/><F32/><W76/><G28/><T37/><D1/><U91/><E123/><V134/><F105/><N who="3" m="40523" /><G8/><T110/><D30/><U44/><E91/><V100/><F134/><N who="0" m="51210" /><D58/><N who="1" m="33047" /><E25/><V82/><F116/><W33/><G33/><T59/><D59/><U4/><E18/><V21/><F57/><W12/><G12/><T36/><D110/><U56/><E56/><V9/><F124/><W89/><G62/><AGARI ba="1,0" hai="3,4,10,38,42,44,62,67,68,128,131" m="33047" machi="62" ten="30,2000,0" yaku="24,1,54,1" doraHai="109" who="1" fromWho="3" sc="163,0,260,23,277,0,300,-23" /><INIT seed="4,0,0,0,5,90" ten="163,283,277,277" oya="0" hai0="127,98,38,86,134,57,47,73,22,35,93,30,6" hai1="103,99,2,39,58,7,114,122,132,126,25,24,68" hai2="133,62,105,15,89,61,112,110,52,104,55,12,70" hai3="80,27,92,66,54,51,77,125,5,82,18,48,19"/><T74/><D127/><U71/><E122/><V59/><F110/><W107/><G107/><T42/><D35/><U102/><E39/><V116/><F112/><W10/><G125/><T78/><D134/><U20/><E126/><V36/><F36/><W45/><G66/><T8/><D57/><U121/><E121/><V53/><F133/><W21/><G19/><T115/><D115/><U83/><E102/><V129/><F129/><W106/><G106/><T50/><D38/><U88/><E132/><V131/><F131/><W32/><G32/><T0/><D30/><U123/><E25/><V28/><F28/><W128/><G128/><T56/><D22/><U96/><E123/><V31/><F31/><W76/><G51/><T94/><D56/><U118/><E118/><V46/><F59/><W101/><G5/><T37/><D37/><U11/><E58/><V29/><F29/><W113/><G10/><T41/><D41/><U79/><E114/><V81/><F46/><W84/><G113/><T64/><D64/><U111/><E111/><V135/><F116/><W100/><REACH who="3" step="1"/><G92/><REACH who="3" ten="163,283,277,267" step="2"/><T120/><D120/><U26/><E11/><V109/><F105/><W9/><G9/><T33/><D33/><U75/><E7/><V69/><F104/><W124/><G124/><T43/><D43/><U85/><E68/><V16/><F135/><W95/><G95/><N who="0" m="36363" /><D98/><U119/><E71/><V34/><F34/><W60/><G60/><T87/><D74/><AGARI ba="0,1" hai="18,21,27,45,48,54,74,76,77,80,82,84,100,101" machi="74" ten="30,2000,0" yaku="1,1,7,1,53,0" doraHai="90" doraHaiUra="3" who="3" fromWho="0" sc="163,-20,283,0,277,0,267,30" /><INIT seed="5,0,0,0,5,99" ten="143,283,277,297" oya="1" hai0="29,80,35,74,15,79,5,48,32,110,133,78,85" hai1="100,92,6,89,77,63,81,113,94,26,108,39,49" hai2="19,125,73,116,106,42,69,119,127,34,47,30,28" hai3="10,98,87,56,27,33,86,38,52,60,46,72,50"/><U17/><E39/><V8/><F73/><W75/><G38/><T65/><D110/><U37/><E37/><V67/><F106/><W41/><G10/><T16/><D133/><U103/><E113/><V105/><F105/><W2/><G2/><T1/><D29/><N who="2" m="11370" /><F67/><W131/><G131/><T55/><D65/><U70/><E6/><V54/><F54/><W57/><G33/><T112/><D5/><U22/><E108/><V76/><F76/><W3/><G3/><T122/><D1/><U102/><E70/><V104/><F104/><W101/><G27/><T135/><D135/><U123/><E123/><V36/><F69/><W107/><G75/><T130/><D112/><U43/><E63/><V62/><F62/><W97/><G72/><T58/><D130/><U115/><E115/><V109/><F34/><W13/><G97/><T25/><D25/><U20/><E20/><V84/><F84/><W45/><G13/><T9/><D122/><U4/><E4/><V117/><F109/><W88/><G41/><T83/><AGARI ba="0,0" hai="9,15,16,32,35,48,55,58,74,78,79,80,83,85" machi="83" ten="30,2000,0" yaku="0,1,54,1" doraHai="99" who="0" fromWho="0" sc="143,20,283,-10,277,-5,297,-5" /><INIT seed="6,0,0,1,2,132" ten="163,273,272,292" oya="2" hai0="88,126,17,104,56,81,86,135,37,109,75,23,96" hai1="92,40,107,52,70,113,6,60,5,134,47,110,50" hai2="82,20,29,85,42,73,51,115,90,91,55,22,121" hai3="58,19,102,16,41,32,31,33,118,83,25,7,54"/><V59/><F121/><W61/><G118/><T8/><D109/><U12/><E110/><V100/><F115/><W53/><G33/><T95/><D135/><U103/><E107/><V97/><F73/><W106/><G41/><T35/><D35/><U76/><E113/><V125/><F125/><W72/><G7/><T18/><D37/><U1/><E134/><V38/><F29/><W57/><G102/><T69/><D69/><U11/><E76/><V28/><F28/><W71/><G71/><T46/><D46/><U30/><E30/><V79/><F38/><W120/><G106/><T74/><D104/><U80/><E80/><V14/><F42/><W99/><G99/><T114/><D114/><U133/><E133/><V9/><F100/><W94/><G94/><T63/><D8/><U111/><E111/><V0/><F0/><W44/><G44/><T49/><D126/><U130/><E130/><V122/><F122/><W124/><G124/><T21/><D49/><U87/><E1/><V65/><F65/><W101/><G101/><T123/><D123/><U84/><E5/><N who="2" m="3375" /><F97/><W43/><G43/><T78/><D21/><AGARI ba="0,0" hai="20,21,22,51,55,59,79,82,85,90,91" m="3375" machi="21" ten="30,1500,0" yaku="8,1" doraHai="132" who="2" fromWho="0" sc="163,-15,273,0,272,15,292,0" /><INIT seed="6,1,0,5,4,2" ten="148,273,287,292" oya="2" hai0="20,135,39,67,117,18,81,100,78,60,69,74,118" hai1="33,77,104,89,26,115,59,97,119,76,113,9,134" hai2="57,130,8,58,105,40,5,31,107,122,92,86,83" hai3="23,62,110,11,38,96,4,116,124,10,112,19,91"/><V68/><F122/><W36/><G110/><T82/><D39/><U56/><E119/><V51/><F68/><W133/><G116/><T132/><D100/><U87/><E134/><V37/><F37/><W71/><G133/><N who="0" m="51275" /><D82/><U64/><E76/><V22/><F130/><W6/><G124/><T29/><D29/><U41/><E41/><V128/><F92/><N who="3" m="56351" /><G38/><T79/><D78/><U17/><E33/><V27/><F128/><W125/><G36/><T121/><D121/><U123/><E64/><V12/><F107/><W52/><G71/><T126/><D126/><U65/><E65/><V80/><F105/><W102/><G102/><T114/><D114/><U28/><E123/><V90/><F83/><W14/><G112/><T108/><D108/><U34/><E77/><V45/><AGARI ba="1,0" hai="5,8,12,22,27,31,40,45,51,57,58,80,86,90" machi="45" ten="30,6000,0" yaku="0,1,8,1,52,1" doraHai="2" who="2" fromWho="2" sc="148,-21,273,-21,287,63,292,-21" /><INIT seed="6,2,0,3,3,95" ten="127,252,350,271" oya="2" hai0="26,60,25,67,2,30,17,42,43,115,112,78,75" hai1="81,107,74,98,5,116,104,57,7,65,108,27,121" hai2="89,134,49,77,124,28,6,82,37,119,38,23,51" hai3="3,86,53,135,39,10,11,12,56,106,14,58,102"/><V88/><F119/><W113/><G135/><T0/><D17/><U114/><E108/><V33/><F33/><W69/><G69/><T93/><D26/><U125/><E116/><V68/><F6/><W109/><G109/><T35/><D78/><U101/><E114/><V34/><F34/><W132/><G132/><T63/><D75/><U96/><E125/><V20/><F68/><W111/><G111/><T72/><D72/><U36/><E36/><V94/><F94/><W24/><G39/><T97/><D43/><U71/><E71/><V83/><F77/><W64/><G113/><N who="0" m="43595" /><D42/><U50/><E27/><V84/><F84/><W1/><G24/><T52/><D67/><U99/><E121/><V117/><F134/><W47/><G86/><T21/><D35/><U110/><E110/><V130/><F117/><W66/><G47/><T61/><D52/><U79/><E101/><AGARI ba="2,0" hai="0,2,21,25,30,60,61,63,93,97,101" m="43595" machi="101" ten="30,2000,0" yaku="15,1,52,1" doraHai="95" who="0" fromWho="1" sc="127,26,252,-26,350,0,271,0" /><INIT seed="7,0,0,5,4,6" ten="153,226,350,271" oya="3" hai0="123,104,116,63,99,62,91,29,67,7,77,84,36" hai1="17,78,81,102,15,110,30,94,23,85,66,19,129" hai2="134,26,58,90,56,22,8,31,111,127,86,20,101" hai3="132,50,83,117,52,118,100,70,43,37,10,89,44"/><W88/><G70/><T54/><D116/><U69/><E110/><V16/><F134/><W55/><G100/><T135/><D123/><U39/><E39/><V131/><F131/><W64/><G132/><T27/><D135/><U82/><E30/><V73/><F73/><W114/><G114/><T122/><D122/><U106/><E106/><V49/><F8/><W92/><G64/><T18/><D36/><U9/><E129/><V57/><F127/><W79/><G10/><T105/><D18/><U112/><E112/><V59/><F101/><W0/><G0/><T126/><D126/><U34/><E34/><V33/><F111/><W4/><G4/><T93/><D7/><U120/><E120/><V61/><F49/><W103/><G103/><T42/><D42/><U35/><E35/><V130/><F130/><W21/><G21/><T76/><D54/><U125/><E125/><V45/><F33/><W53/><G37/><T46/><D46/><U60/><E81/><V107/><F45/><W32/><G32/><T11/><D11/><U5/><E23/><V25/><F107/><W74/><REACH who="3" step="1"/><G89/><REACH who="3" ten="153,226,350,261" step="2"/><T1/><D1/><U2/><E2/><V68/><F68/><W12/><G12/><T128/><D128/><U13/><E13/><V41/><F22/><W24/><G24/><T40/><D67/><U80/><E102/><V28/><F26/><W109/><G109/><T96/><D104/><U75/><E66/><N who="2" m="39207" /><F25/><W38/><G38/><T119/><D105/><U108/><E108/><V47/><F20/><W14/><G14/><T87/><D119/><U121/><E5/><RYUUKYOKU ba="0,1" sc="153,-10,226,-10,350,-10,261,30" hai3="43,44,50,52,53,55,74,79,83,88,92,117,118" /><INIT seed="7,1,1,0,1,7" ten="143,216,340,291" oya="3" hai0="69,76,91,6,21,49,108,3,65,70,53,86,127" hai1="74,81,57,87,123,111,72,95,44,29,119,134,25" hai2="118,83,46,62,54,130,52,32,50,47,0,30,116" hai3="43,93,84,45,104,103,102,37,126,36,80,107,85"/><W125/><G36/><T63/><D108/><U94/><E111/><V12/><F0/><W68/><G68/><T19/><D127/><N who="3" m="48649" /><G85/><T109/><D109/><U13/><E123/><V35/><F130/><W131/><G131/><T96/><D70/><U14/><E134/><V55/><F83/><W77/><G93/><T64/><D64/><U73/><E44/><V8/><F62/><W39/><G39/><T28/><D28/><U112/><E112/><V33/><F30/><W24/><G24/><T17/><D96/><U51/><E119/><V121/><F121/><W117/><G117/><T10/><D76/><U38/><E38/><V16/><F47/><W71/><G71/><T2/><D21/><U4/><E4/><V90/><F90/><W101/><AGARI ba="1,1" hai="37,43,45,77,80,84,101,102,103,104,107" m="48649" machi="101" ten="30,1500,0" yaku="18,1" doraHai="7" who="3" fromWho="3" sc="143,-6,216,-6,340,-6,291,28" /><INIT seed="7,2,0,2,0,120" ten="137,210,334,319" oya="3" hai0="43,113,90,5,32,41,89,63,101,126,28,38,59" hai1="117,60,127,49,100,48,114,130,95,81,129,30,106" hai2="122,40,121,135,62,79,77,82,27,78,118,133,107" hai3="74,21,85,123,14,69,13,12,72,94,58,70,53"/><W51/><G123/><N who="2" m="47113" /><F118/><W66/><G21/><T76/><D126/><U25/><E106/><V18/><F107/><W92/><G66/><T4/><D101/><U134/><E127/><V37/><F62/><W96/><G85/><T111/><D76/><N who="2" m="29258" /><F40/><W128/><G128/><T125/><D125/><U52/><E114/><V103/><F37/><W22/><G22/><T26/><D113/><U115/><E115/><V36/><F36/><W33/><G33/><T112/><D112/><U7/><E7/><V105/><F18/><W124/><G124/><T29/><D38/><U99/><E134/><V110/><F27/><W80/><G80/><T39/><D39/><U23/><E81/><V57/><F57/><W42/><G42/><T3/><D26/><U19/><E117/><V83/><F110/><W88/><REACH who="3" step="1"/><G94/><REACH who="3" ten="137,210,334,309" step="2"/><T15/><D32/><U56/><E130/><V93/><F83/><W2/><G2/><T10/><D3/><U98/><E129/><V73/><F93/><W87/><G87/><T109/><D10/><U46/><E95/><V47/><F47/><W71/><AGARI ba="2,1" hai="12,13,14,51,53,58,69,70,71,72,74,88,92,96" machi="71" ten="40,7800,0" yaku="1,1,0,1,54,1,53,0" doraHai="120" doraHaiUra="108" who="3" fromWho="3" sc="137,-28,210,-28,334,-28,309,94" owari="109,-39.0,182,-22.0,306,11.0,403,50.0" /></mjloggm>