<mjloggm ver="2.3"><GO type="41" lobby="0"/><UN n0="%E2%93%9D%53%75%70%68%78" n1="%E3%81%BF%E3%82%85%E3%83%BC%E3%81%B1%E3%82%8B" n2="%38%6D%61%6E" n3="%53%69%65%72%72%61" dan="19,15,13,15" rate="2071.53,1974.82,1898.08,2009.85" sx="M,M,M,M"/><TAIKYOKU oya="0"/><INIT seed="0,0,0,4,2,36" ten="250,250,250,250" oya="0" hai0="65,48,34,21,109,1,27,67,23,130,33,35,58" hai1="22,85,113,53,127,94,132,89,28,25,110,80,51" hai2="20,103,118,31,38,37,19,30,123,14,42,59,66" hai3="10,15,75,125,99,74,119,64,102,115,3,12,96"/><T5/><D130/><U108/><E127/><V52/><F123/><W43/><G115/><T56/><D109/><U97/><E132/><V61/><F118/><W39/><G119/><T122/><D122/><U114/><E53/><V54/><F103/><W88/><G125/><T71/><D71/><U78/><REACH who="1" step="1"/><E51/><REACH who="1" ten="250,240,250,250" step="2"/><V121/><F121/><W77/><G39/><T92/><D48/><U90/><E90/><V26/><F37/><W41/><G88/><T6/><D67/><U70/><E70/><V131/><F131/><W105/><G64/><T13/><D65/><U72/><E72/><V100/><F100/><W95/><G102/><T83/><D58/><U135/><E135/><V81/><F81/><W49/><G49/><T50/><D56/><U62/><E62/><V107/><F107/><W69/><G69/><T76/><D50/><U84/><E84/><V60/><F60/><W2/><G105/><T87/><D92/><U55/><E55/><V98/><F98/><W112/><G112/><AGARI ba="0,1" hai="22,25,28,78,80,85,89,94,97,108,110,112,113,114" machi="112" ten="40,5200,0" yaku="1,1,11,1,53,1" doraHai="36" doraHaiUra="93" who="1" fromWho="3" sc="250,0,240,62,250,0,250,-52" /><INIT seed="1,0,0,0,0,17" ten="250,302,250,198" oya="1" hai0="104,129,108,126,114,52,71,77,57,107,130,100,86" hai1="74,9,42,45,84,83,22,87,97,58,29,20,122" hai2="105,110,95,38,85,23,70,51,69,127,28,120,44" hai3="5,37,64,11,65,15,56,33,135,14,133,102,93"/><U0/><E122/><V50/><F120/><W106/><G37/><T99/><D71/><U121/><E121/><V118/><F105/><W80/><G106/><T112/><D126/><U66/><E97/><V61/><F118/><W21/><G33/><T113/><D108/><U73/><E29/><V124/><F110/><W34/><G34/><T115/><D107/><U6/><E74/><V10/><F10/><W111/><G111/><T1/><D1/><U75/><E75/><V82/><F95/><W55/><G80/><T94/><D115/><U62/><E73/><V13/><F38/><W49/><G102/><T79/><D52/><U132/><E132/><N who="3" m="50762" /><G93/><T12/><D57/><U47/><E47/><V134/><F134/><W101/><G101/><T59/><D59/><U119/><E119/><V91/><F51/><W16/><AGARI ba="0,0" hai="5,11,14,15,16,21,49,55,56,64,65" m="50762" machi="16" ten="30,4000,0" yaku="20,1,52,1,54,1" doraHai="17" who="3" fromWho="3" sc="250,-10,302,-20,250,-10,198,40" /><INIT seed="2,0,0,3,2,24" ten="240,282,240,238" oya="2" hai0="56,119,28,48,67,94,25,88,125,99,9,66,129" hai1="100,58,11,105,130,89,82,92,91,96,36,23,8" hai2="116,135,69,101,20,112,21,27,127,19,49,117,45" hai3="3,2,75,111,63,41,121,126,97,87,0,64,40"/><V98/><F69/><W51/><G121/><T1/><D129/><U38/><E130/><V12/><F112/><W86/><G75/><T39/><D39/><U76/><E58/><V17/><F135/><W31/><G111/><T74/><D74/><U34/><E34/><V115/><F127/><W71/><G126/><T5/><D125/><U35/><E35/><V6/><F6/><W14/><G97/><T113/><D119/><U84/><E91/><V46/><F115/><W43/><G51/><T110/><D110/><U65/><E65/><V13/><F45/><W120/><G120/><T26/><D26/><U77/><E77/><V133/><F133/><W68/><G68/><T103/><D113/><U18/><E38/><V54/><REACH who="2" step="1"/><F27/><REACH who="2" ten="240,282,230,238" step="2"/><W108/><G108/><T16/><D5/><U61/><E36/><V22/><F22/><W131/><G131/><T57/><D57/><U52/><E23/><V10/><F10/><W79/><G71/><T132/><D132/><U104/><E11/><V128/><F128/><W32/><G32/><T95/><D9/><U4/><E4/><V102/><F102/><W72/><G3/><T123/><D123/><U124/><E124/><V70/><F70/><W90/><G2/><T29/><D1/><U60/><E100/><V30/><F30/><N who="0" m="11882" /><D25/><U37/><E37/><V109/><F109/><W53/><G0/><T55/><D16/><U42/><E18/><V78/><F78/><W114/><G31/><T80/><D80/><U44/><E82/><V134/><F134/><W15/><G114/><T50/><D50/><U85/><E8/><RYUUKYOKU ba="0,1" sc="240,15,282,-15,230,15,238,-15" hai0="48,55,56,66,67,88,94,95,99,103" hai2="12,13,17,19,20,21,46,49,54,98,101,116,117" /><INIT seed="2,1,1,2,3,127" ten="255,267,245,223" oya="2" hai0="78,47,58,10,59,32,43,5,46,90,108,31,93" hai1="22,120,23,52,77,124,44,16,73,99,62,37,68" hai2="63,132,21,51,106,38,134,66,81,75,107,119,18" hai3="24,29,130,94,14,8,92,30,101,53,131,49,45"/><V121/><F38/><W133/><G133/><N who="2" m="51305" /><F121/><W17/><G30/><T67/><D108/><U60/><E124/><V82/><F119/><W39/><G39/><T85/><D78/><U128/><E128/><N who="3" m="49194" /><G101/><T83/><D31/><U36/><E120/><V25/><F51/><W26/><G26/><T118/><D32/><AGARI ba="1,1" hai="8,14,17,24,29,32,45,49,53,92,94" m="49194" machi="32" ten="30,7700,0" yaku="19,1,52,3" doraHai="127" who="3" fromWho="0" sc="255,-80,267,0,245,0,223,90" /><INIT seed="3,0,0,0,5,100" ten="175,267,245,313" oya="3" hai0="107,119,31,32,12,53,102,47,6,123,30,73,25" hai1="116,130,46,99,52,10,108,13,14,124,19,0,127" hai2="117,118,60,133,101,84,29,57,26,72,92,75,22" hai3="85,42,134,3,109,78,125,74,79,27,103,135,45"/><W37/><G3/><T81/><D119/><U91/><E108/><V36/><F36/><W89/><G125/><N who="1" m="48202" /><E116/><V11/><F133/><N who="3" m="50699" /><G109/><T88/><D123/><U67/><E67/><N who="2" m="39311" /><F11/><W104/><G27/><T7/><D31/><U55/><E130/><V82/><F118/><W120/><G74/><T17/><D73/><U16/><E0/><V64/><F64/><W49/><G37/><T87/><D102/><U4/><E46/><V68/><F68/><W21/><G21/><T2/><D107/><U9/><E4/><V80/><F117/><W56/><G56/><T66/><D66/><U83/><E83/><N who="2" m="31787" /><F84/><W105/><G103/><T28/><D28/><U40/><E40/><V129/><F129/><W63/><G63/><T115/><D2/><U96/><E96/><AGARI ba="0,0" hai="22,26,29,72,75,92,96,101" m="31787,39311" machi="96" ten="30,1000,0" yaku="25,1" doraHai="100" who="2" fromWho="1" sc="175,0,267,-10,245,10,313,0" /><INIT seed="4,0,0,1,3,77" ten="175,257,255,313" oya="0" hai0="6,104,83,10,121,21,75,54,18,48,134,47,23" hai1="44,105,59,78,17,131,56,107,132,93,64,117,82" hai2="106,84,111,38,61,27,73,3,35,12,30,15,87" hai3="19,5,128,41,124,92,98,86,53,32,95,96,113"/><T16/><D104/><U76/><E117/><V99/><F111/><W11/><G113/><T127/><D121/><U55/><E93/><V72/><F38/><W114/><G114/><T130/><D130/><U94/><E94/><V13/><F3/><W101/><G124/><T39/><D134/><U31/><E31/><V34/><F34/><W62/><G41/><T88/><D39/><U63/><E44/><V115/><F115/><W20/><G32/><T80/><D75/><U8/><E131/><V28/><F28/><W123/><G86/><N who="0" m="50247" /><D127/><U1/><E132/><V14/><N who="2" m="3072" /><DORA hai="49" /><V36/><F36/><W112/><G112/><T133/><D133/><U4/><E17/><N who="0" m="6761" /><D6/><U9/><E9/><V67/><F84/><W118/><G11/><T74/><D74/><U69/><E69/><N who="2" m="42223" /><F87/><W103/><G5/><T24/><D10/><U102/><E102/><AGARI ba="0,0" hai="27,30,35,72,73,99,102,106" m="42223,3072" machi="102" ten="40,1300,0" yaku="25,1" doraHai="77,49" who="2" fromWho="1" sc="175,0,257,-13,255,13,313,0" /><INIT seed="5,0,0,4,2,30" ten="175,244,268,313" oya="1" hai0="34,130,5,81,79,64,93,6,95,4,100,40,23" hai1="120,71,21,53,18,9,121,125,135,37,43,96,85" hai2="38,35,10,44,29,11,122,49,13,76,72,103,32" hai3="123,59,89,132,68,46,16,117,84,26,48,86,83"/><U15/><E71/><V102/><F122/><W111/><G123/><T91/><D130/><U28/><E125/><V124/><F38/><W24/><G68/><T57/><D40/><U107/><E135/><V127/><F29/><W78/><G111/><T87/><D34/><N who="2" m="12842" /><F76/><W52/><G132/><T104/><D104/><U36/><E85/><V134/><F72/><W33/><G33/><T17/><D100/><N who="2" m="38442" /><F13/><W80/><G117/><T69/><D69/><U56/><E107/><V42/><F134/><W51/><G16/><T118/><D118/><U99/><E121/><V2/><F2/><W131/><G131/><T82/><D79/><U1/><E120/><V116/><F116/><W55/><AGARI ba="0,0" hai="24,26,46,48,51,52,55,59,78,80,83,84,86,89" machi="55" ten="20,5200,0" yaku="0,1,7,1,8,1,54,1" doraHai="30" who="3" fromWho="3" sc="175,-13,244,-26,268,-13,313,52" /><INIT seed="6,0,0,4,5,114" ten="162,218,255,365" oya="2" hai0="29,73,76,72,31,85,0,59,39,70,28,40,82" hai1="57,83,13,34,62,54,53,7,135,8,35,16,90" hai2="4,122,27,134,124,32,50,112,94,128,87,6,98" hai3="99,10,102,71,91,56,25,81,68,30,110,106,60"/><V105/><F122/><W74/><G110/><T130/><D70/><U48/><E135/><V37/><F37/><W104/><G104/><T119/><D130/><U11/><E83/><V21/><F32/><W86/><G10/><T126/><D126/><U113/><E90/><V100/><F112/><W89/><G89/><T84/><D0/><U97/><E97/><V120/><F120/><W24/><G24/><T118/><D59/><U18/><E113/><V121/><F121/><W88/><G91/><T51/><D51/><U125/><E125/><V127/><F134/><W92/><G74/><T47/><REACH who="0" step="1"/><D73/><REACH who="0" ten="152,218,255,365" step="2"/><U15/><E7/><V131/><F124/><W45/><G71/><T44/><D44/><AGARI ba="0,1" hai="8,11,13,15,16,18,34,35,44,48,53,54,57,62" machi="44" ten="30,3900,0" yaku="7,1,9,1,54,1" doraHai="114" who="1" fromWho="0" sc="152,-39,218,49,255,0,365,0" /><INIT seed="7,0,0,1,4,133" ten="113,267,255,365" oya="3" hai0="71,61,93,90,70,37,49,77,1,11,79,58,28" hai1="12,95,51,38,73,0,18,78,103,110,84,15,104" hai2="92,33,76,124,25,6,14,8,114,119,128,109,116" hai3="7,111,68,72,115,131,91,41,32,96,59,80,102"/><W56/><G68/><T81/><D37/><U108/><E38/><V52/><F76/><W34/><G41/><T87/><D71/><U126/><E0/><V26/><F92/><W123/><G7/><T55/><D70/><U57/><E104/><V127/><F109/><W17/><G17/><T29/><D1/><U13/><E73/><V21/><F52/><W47/><G91/><T45/><D79/><U132/><E132/><V129/><F114/><W107/><G47/><T89/><D11/><U42/><E18/><N who="2" m="12471" /><F26/><W121/><G59/><T118/><D118/><N who="2" m="45098" /><F33/><W36/><G56/><T69/><D69/><U135/><E135/><V3/><F3/><W86/><G107/><T82/><D82/><U2/><E2/><V94/><F94/><W5/><G80/><T20/><D20/><U120/><E120/><V125/><AGARI ba="0,0" hai="6,8,14,124,125,127,128,129" m="45098,12471" machi="125" ten="40,12000,2" yaku="18,1,34,2,52,3" doraHai="133" who="2" fromWho="2" sc="113,-30,267,-30,255,120,365,-60" owari="83,-42.0,237,-16.0,375,47.0,305,11.0" /></mjloggm>