<mjloggm ver="2.3"><GO type="41" lobby="0"/><UN n0="%E3%81%94%E3%82%8A%E3%82%89%E3%81%8F%E3%82%93" n1="%54%72%69%73%61" n2="%E3%81%AF%E3%81%92%E3%81%97%E3%81%8F%E3%82%A6%E3%83%84" n3="%E2%93%9D%53%75%70%68%78" dan="13,15,15,18" rate="1850.20,2071.88,2013.05,2147.04" sx="M,M,M,M"/><TAIKYOKU oya="0"/><INIT seed="0,0,0,0,0,130" ten="250,250,250,250" oya="0" hai0="44,99,107,126,21,65,55,74,23,7,18,28,19" hai1="8,10,100,49,120,34,115,41,82,117,75,105,79" hai2="94,4,78,98,96,108,51,30,129,85,111,0,121" hai3="37,114,86,90,67,104,25,59,61,93,91,127,52"/><T22/><D74/><U42/><E117/><V71/><F121/><W80/><G127/><T72/><D72/><U27/><E120/><V95/><F129/><W16/><G104/><T68/><D68/><U84/><E115/><V57/><F71/><W13/><G37/><T26/><D65/><U39/><E49/><V73/><F30/><W101/><G114/><T63/><D107/><U60/><E60/><V5/><F73/><W77/><G25/><T112/><D112/><U24/><E41/><V53/><F78/><W122/><G122/><T36/><D36/><U102/><E105/><V81/><F81/><W47/><G101/><T109/><D99/><U89/><E42/><V132/><F0/><W29/><G29/><T76/><D76/><U58/><E39/><V87/><F51/><N who="3" m="28799" /><G93/><T92/><D92/><U116/><E116/><V66/><F66/><W119/><G119/><T88/><D126/><U1/><E1/><V14/><F14/><W50/><G50/><N who="0" m="29127" /><D63/><U9/><E34/><V48/><F48/><W133/><G133/><T40/><D40/><U12/><E12/><V128/><F128/><W3/><G3/><T43/><D43/><U118/><E118/><V134/><F57/><W69/><G69/><T33/><D7/><U70/><E58/><V6/><F6/><W124/><G124/><T15/><D15/><U38/><E38/><V135/><F135/><W113/><G113/><T45/><D45/><U125/><E70/><V54/><AGARI ba="0,0" hai="4,5,53,54,85,87,94,95,96,98,108,111,132,134" machi="54" ten="25,8000,1" yaku="0,1,22,2,52,2" doraHai="130" who="2" fromWho="2" sc="250,-40,250,-20,250,80,250,-20" /><INIT seed="1,0,0,2,5,124" ten="210,230,330,230" oya="1" hai0="28,103,122,84,42,86,12,11,61,14,9,37,33" hai1="135,24,15,118,130,127,94,109,29,111,1,73,21" hai2="95,80,62,60,56,47,134,114,105,25,65,49,82" hai3="20,97,106,113,107,7,10,63,13,38,41,79,16"/><U71/><E73/><V125/><F105/><W104/><G113/><T128/><D61/><U8/><E127/><V52/><F125/><W54/><G79/><T81/><D103/><U102/><E71/><V22/><F114/><W78/><G78/><T23/><D33/><U133/><E94/><V126/><F134/><N who="1" m="51209" /><E102/><V35/><F35/><W36/><G41/><T39/><D28/><U110/><E118/><V66/><F126/><W31/><G31/><T108/><D23/><U3/><E130/><V120/><F120/><W83/><G83/><T123/><D42/><U50/><E50/><V26/><F26/><W74/><G74/><T57/><D57/><U119/><E119/><V70/><REACH who="2" step="1"/><F95/><REACH who="2" ten="210,230,320,230" step="2"/><W17/><G107/><T101/><D81/><U121/><E121/><V91/><F91/><W44/><G106/><T30/><D128/><U58/><E58/><V90/><F90/><W4/><G104/><T69/><D101/><U40/><E40/><V34/><F34/><W117/><G117/><T112/><D112/><U51/><E51/><V116/><F116/><W18/><G38/><T88/><D88/><U98/><E98/><V32/><F32/><W19/><G97/><T131/><D131/><U53/><E53/><V27/><F27/><W48/><G36/><T6/><D69/><U2/><E2/><V77/><F77/><W64/><REACH who="3" step="1"/><G20/><REACH who="3" ten="210,230,320,220" step="2"/><T92/><D39/><U129/><E129/><V43/><F43/><W67/><G67/><T132/><D37/><U76/><E76/><V96/><F96/><W59/><AGARI ba="0,2" hai="4,7,10,13,16,17,18,19,44,48,54,59,63,64" machi="59" ten="30,8000,1" yaku="1,1,0,1,8,1,54,1,53,1" doraHai="124" doraHaiUra="45" who="3" fromWho="3" sc="210,-20,230,-40,320,-20,220,100" /><INIT seed="2,0,0,2,3,127" ten="190,190,300,320" oya="2" hai0="45,51,105,18,82,114,88,28,13,73,133,19,26" hai1="20,31,83,115,53,23,134,54,112,62,123,4,2" hai2="17,108,56,91,43,81,30,57,15,32,46,41,78" hai3="117,84,104,97,61,70,126,3,37,25,14,77,5"/><V59/><F108/><W72/><G14/><T67/><D105/><U111/><E111/><V39/><F32/><W8/><G84/><T107/><D107/><U10/><E134/><V36/><F30/><W80/><G126/><T35/><D114/><U113/><E123/><V129/><F91/><W131/><G25/><T130/><D133/><U99/><E83/><V74/><F129/><W1/><G1/><T100/><D100/><U69/><E99/><V11/><REACH who="2" step="1"/><F59/><REACH who="2" ten="190,190,290,320" step="2"/><W109/><G131/><T122/><D88/><U119/><E31/><V68/><F68/><W102/><G109/><T60/><D130/><U93/><E69/><V44/><AGARI ba="0,1" hai="11,15,17,36,39,41,43,44,46,56,57,74,78,81" machi="44" ten="30,6000,0" yaku="1,1,0,1,9,1,53,0" doraHai="127" doraHaiUra="33" who="2" fromWho="2" sc="190,-20,190,-20,290,70,320,-20" /><INIT seed="2,1,0,0,3,6" ten="170,170,360,300" oya="2" hai0="5,130,37,68,58,101,129,57,65,131,45,127,4" hai1="92,81,20,62,10,75,52,72,25,71,15,121,70" hai2="84,66,64,113,12,42,9,80,119,118,7,48,47" hai3="34,120,94,28,79,93,56,40,76,74,29,125,36"/><V132/><F113/><W26/><G120/><T117/><D101/><U97/><E121/><V53/><F132/><W44/><G125/><T91/><D91/><U1/><E1/><V88/><REACH who="2" step="1"/><F53/><REACH who="2" ten="170,170,350,300" step="2"/><W55/><G55/><T46/><D127/><U86/><E71/><V32/><F32/><W105/><G34/><T100/><D68/><U16/><E70/><V116/><AGARI ba="1,1" hai="7,9,12,42,47,48,64,66,80,84,88,116,118,119" machi="116" ten="30,11700,0" yaku="1,1,0,1,52,1,54,1,53,0" doraHai="6" doraHaiUra="110" who="2" fromWho="2" sc="170,-40,170,-40,350,130,300,-40" /><INIT seed="2,2,0,1,1,36" ten="130,130,480,260" oya="2" hai0="125,92,57,25,21,12,54,66,10,35,61,28,79" hai1="23,48,132,60,99,114,131,126,14,50,29,53,112" hai2="102,133,58,20,124,47,100,69,90,5,78,107,89" hai3="4,39,70,46,103,19,96,97,38,117,64,134,83"/><V129/><F69/><W18/><G117/><T123/><D125/><U121/><E126/><V84/><F124/><W75/><G4/><T9/><D123/><U52/><E121/><V41/><F129/><W81/><G64/><T49/><D79/><U111/><E131/><V68/><F68/><W17/><G70/><T93/><D35/><U67/><E99/><V6/><F133/><W88/><G134/><T105/><D105/><U0/><E0/><V104/><F58/><W122/><G122/><T44/><REACH who="0" step="1"/><D10/><REACH who="0" ten="120,130,480,260" step="2"/><U37/><E132/><V55/><F107/><W33/><G33/><T56/><D56/><N who="1" m="37255" /><E23/><V85/><F104/><W2/><G75/><T7/><AGARI ba="2,1" hai="7,9,12,21,25,28,44,49,54,57,61,66,92,93" machi="7" ten="20,12000,2" yaku="1,1,0,1,7,1,8,1,53,2" doraHai="36" doraHaiUra="91" who="0" fromWho="0" sc="120,136,130,-32,480,-62,260,-32" /><INIT seed="3,0,0,4,5,134" ten="256,98,418,228" oya="3" hai0="59,5,8,76,23,115,87,118,84,38,57,3,78" hai1="32,100,37,80,105,56,90,54,85,7,129,89,119" hai2="73,45,112,39,41,43,126,10,82,55,124,28,20" hai3="1,114,64,79,15,68,0,130,50,29,72,6,123"/><W49/><G123/><T91/><D38/><U113/><E113/><V11/><F112/><W92/><G114/><T95/><D118/><U27/><E119/><V19/><F43/><W17/><G29/><T18/><D115/><U52/><E129/><V48/><F28/><W133/><G6/><T86/><D3/><U120/><E120/><V109/><F109/><W42/><G92/><T93/><D5/><U16/><E37/><V108/><F108/><W125/><G79/><N who="0" m="30251" /><D8/><U127/><E7/><V9/><F82/><W70/><G133/><T131/><D131/><U40/><E40/><V62/><F62/><W101/><G42/><T60/><D91/><U63/><E127/><N who="2" m="48683" /><F73/><W121/><G72/><T106/><D106/><U4/><E4/><V44/><F9/><W2/><G125/><T99/><D99/><U97/><E32/><V35/><F35/><W58/><G130/><T13/><D60/><U14/><E89/><V111/><F111/><W122/><G122/><T116/><D116/><U104/><E104/><V135/><F135/><W24/><G121/><T66/><D66/><U96/><E96/><V110/><F110/><W74/><G64/><T117/><D117/><U33/><E33/><V30/><F30/><W12/><G74/><T53/><D53/><U83/><E83/><V75/><F75/><W94/><G2/><T51/><D51/><U69/><E54/><V36/><F36/><W21/><G1/><T47/><D47/><U26/><REACH who="1" step="1"/><E69/><REACH who="1" ten="256,88,418,228" step="2"/><V128/><F128/><W31/><G70/><T22/><D22/><AGARI ba="0,1" hai="14,16,22,26,27,52,56,63,80,85,90,97,100,105" machi="22" ten="30,8000,1" yaku="1,1,2,1,7,1,54,2,53,0" doraHai="134" doraHaiUra="61" who="1" fromWho="0" sc="256,-80,88,90,418,0,228,0" /><INIT seed="4,0,0,1,0,117" ten="176,178,418,228" oya="0" hai0="36,135,58,61,7,91,44,88,19,93,43,48,103" hai1="118,116,40,105,83,51,55,35,129,14,82,98,20" hai2="30,127,69,112,68,4,17,28,45,63,16,111,0" hai3="74,13,23,77,49,67,79,65,109,95,80,12,38"/><T114/><D114/><U89/><E35/><V101/><F111/><W31/><G38/><T15/><D135/><U54/><E129/><V102/><F112/><W122/><G109/><T94/><D7/><U110/><E110/><V64/><F127/><W46/><G122/><T57/><D36/><U106/><E40/><V56/><F0/><W60/><G79/><T22/><D103/><U113/><E113/><V123/><F4/><W71/><G67/><T100/><D100/><U115/><E115/><V8/><F123/><W52/><REACH who="3" step="1"/><G95/><REACH who="3" ten="176,178,418,218" step="2"/><N who="0" m="36363" /><D58/><U87/><E116/><V10/><F64/><AGARI ba="0,1" hai="15,19,22,43,44,48,57,61,64,88,91" m="36363" machi="64" ten="30,2900,0" yaku="8,1,54,1" doraHai="117" who="0" fromWho="2" sc="176,39,178,0,418,-29,218,0" /><INIT seed="4,1,0,3,3,29" ten="215,178,389,218" oya="0" hai0="79,62,52,78,39,38,12,28,132,67,55,110,98" hai1="10,75,112,9,49,61,58,74,102,122,77,0,121" hai2="1,46,109,91,19,41,114,40,43,3,106,129,33" hai3="42,72,96,34,104,27,119,70,35,131,7,97,81"/><T105/><D132/><U101/><E77/><V120/><F109/><W117/><G27/><T88/><D110/><U36/><E49/><V69/><F120/><W82/><G7/><T45/><D28/><U5/><E36/><V26/><F69/><W20/><G20/><T134/><D134/><U80/><E80/><V83/><F106/><W128/><G42/><T17/><D39/><U22/><E22/><V37/><F114/><W53/><G70/><T18/><D38/><U32/><E58/><V65/><F65/><W25/><G25/><T133/><D105/><U93/><E93/><V16/><F129/><N who="3" m="49739" /><G53/><N who="0" m="20555" /><D45/><U63/><E5/><V8/><F46/><W44/><G44/><T126/><D126/><U84/><E0/><V56/><F56/><W99/><G104/><T125/><D125/><U100/><E100/><V13/><F37/><W64/><G64/><T92/><D133/><U115/><REACH who="1" step="1"/><E84/><REACH who="1" ten="215,168,389,218" step="2"/><V21/><F1/><W30/><G82/><T111/><D111/><U89/><E89/><V116/><F3/><W124/><G124/><T127/><D127/><U118/><E118/><N who="3" m="45066" /><G30/><T57/><D18/><U50/><E50/><V54/><F83/><W123/><G123/><T85/><D85/><U2/><E2/><V66/><F19/><W90/><G90/><T11/><AGARI ba="1,1" hai="11,12,17,57,62,67,78,79,88,92,98" m="20555" machi="11" ten="30,6000,0" yaku="8,1,54,2" doraHai="29" who="0" fromWho="0" sc="215,73,168,-21,389,-21,218,-21" /><INIT seed="4,2,0,3,4,44" ten="288,147,368,197" oya="0" hai0="23,27,49,11,9,2,38,112,1,99,70,118,134" hai1="101,3,98,35,113,52,95,19,135,93,62,13,106" hai2="104,14,65,69,75,12,68,30,16,42,50,115,28" hai3="64,114,4,132,110,85,97,7,72,40,78,63,36"/><T131/><D38/><U77/><E135/><V43/><F104/><W87/><G110/><T94/><D70/><U103/><E3/><V33/><F75/><W45/><G114/><T89/><D118/><U117/><E117/><V90/><F33/><W123/><G123/><T47/><D112/><U105/><E113/><V109/><F115/><W80/><G132/><T58/><D131/><U79/><E35/><V53/><F69/><W121/><G121/><T88/><D2/><U119/><E119/><V100/><F100/><W6/><REACH who="3" step="1"/><G97/><REACH who="3" ten="288,147,368,187" step="2"/><T60/><D134/><U39/><E105/><V57/><F109/><W56/><AGARI ba="2,1" hai="4,6,7,36,40,45,56,63,64,72,78,80,85,87" machi="56" ten="30,7900,0" yaku="1,1,2,1,0,1,53,1" doraHai="44" doraHaiUra="107" who="3" fromWho="3" sc="288,-41,147,-22,368,-22,187,95" /><INIT seed="5,0,0,0,3,8" ten="247,125,346,282" oya="1" hai0="110,89,98,42,75,135,73,121,100,65,48,115,105" hai1="23,111,45,106,127,22,90,49,0,74,4,24,86" hai2="69,102,78,21,131,19,68,1,82,18,88,87,64" hai3="99,84,130,97,104,38,71,114,129,54,2,60,92"/><U43/><E127/><V93/><F131/><N who="3" m="50187" /><G2/><T36/><D36/><U6/><E74/><N who="0" m="28169" /><D48/><U126/><E126/><V56/><F1/><W37/><G114/><T62/><D62/><U61/><E111/><V39/><F39/><N who="3" m="14859" /><G104/><N who="0" m="63511" /><D65/><U116/><E106/><V29/><F102/><W40/><G40/><T51/><D51/><U72/><E72/><V53/><F64/><N who="3" m="41351" /><G54/><T109/><D42/><U83/><E116/><V103/><F103/><W44/><G44/><T63/><D63/><U5/><E0/><V11/><F29/><W59/><G59/><T25/><D25/><U10/><E61/><V95/><F19/><W133/><G133/><T66/><D66/><U16/><REACH who="1" step="1"/><E23/><REACH who="1" ten="247,115,346,282" step="2"/><V27/><F21/><W30/><G30/><T41/><D105/><U119/><E119/><V33/><F68/><W123/><G123/><T70/><D70/><U9/><AGARI ba="0,1" hai="4,5,6,9,10,16,22,24,43,45,49,83,86,90" machi="9" ten="30,18000,2" yaku="1,1,0,1,8,1,54,1,53,2" doraHai="8" doraHaiUra="7" who="1" fromWho="1" sc="247,-60,115,190,346,-60,282,-60" /><INIT seed="5,1,0,5,5,62" ten="187,305,286,222" oya="1" hai0="52,28,95,39,68,97,92,133,16,5,114,123,59" hai1="53,8,45,6,37,47,19,74,30,83,15,101,36" hai2="34,131,51,106,38,72,125,43,42,86,77,120,44" hai3="21,12,57,84,104,109,94,31,118,32,9,112,29"/><U121/><E121/><V14/><F120/><W99/><G109/><T64/><D114/><U56/><E30/><V132/><F34/><W103/><G32/><T3/><D133/><U27/><E101/><V41/><F106/><W69/><G69/><T0/><D39/><U79/><E45/><V127/><F72/><W4/><G112/><T113/><D113/><U130/><E130/><V80/><F132/><W87/><G118/><T66/><D68/><U91/><E91/><V134/><F134/><W46/><G104/><T126/><D95/><U35/><E47/><V75/><F75/><W78/><G46/><T1/><D5/><U54/><E54/><V24/><F24/><W98/><G98/><T2/><D123/><U49/><E35/><V122/><F122/><W88/><G21/><T58/><D58/><U117/><E117/><V115/><F131/><W73/><G73/><T26/><N who="0" m="0" /><DORA hai="55" /><T11/><D11/><U82/><E82/><V65/><F65/><W67/><G103/><T85/><D85/><N who="3" m="32841" /><G78/><T108/><D126/><N who="2" m="48138" /><F38/><W63/><AGARI ba="1,0" hai="4,9,12,29,31,57,63,67,88,94,99" m="32841" machi="63" ten="30,7900,0" yaku="8,1,52,2,54,1" doraHai="62,55" who="3" fromWho="3" sc="187,-21,305,-40,286,-21,222,82" /><INIT seed="6,0,0,1,4,120" ten="166,265,265,304" oya="2" hai0="80,125,58,100,88,81,71,6,111,45,85,91,104" hai1="96,25,133,90,24,95,7,97,118,36,75,115,66" hai2="37,103,40,86,50,63,134,48,53,82,121,13,92" hai3="87,12,105,98,14,112,55,60,15,73,10,28,109"/><V108/><F121/><W59/><G109/><T3/><D71/><U2/><E118/><V116/><F116/><W1/><G73/><T32/><D32/><U99/><E115/><V106/><F106/><W117/><G117/><T57/><D3/><U124/><E124/><V20/><F134/><W18/><G1/><T128/><D6/><U56/><E133/><V64/><F37/><W16/><G28/><T93/><D45/><U127/><E75/><V130/><F40/><W132/><G112/><T65/><D65/><U68/><E68/><V70/><F130/><W8/><G132/><T17/><D17/><N who="3" m="6761" /><G105/><T35/><D35/><U49/><E127/><V84/><F20/><W39/><G39/><T38/><D38/><U51/><E7/><V102/><F13/><W26/><G98/><N who="1" m="37994" /><E2/><V21/><F21/><W54/><G26/><N who="1" m="10346" /><E36/><V119/><F119/><W77/><G55/><T62/><D125/><U61/><AGARI ba="0,0" hai="49,51,56,61,66,90,95,99" m="10346,37994" machi="61" ten="30,1100,0" yaku="8,1" doraHai="120" who="1" fromWho="1" sc="166,-3,265,11,265,-5,304,-3" /><INIT seed="7,0,0,3,0,101" ten="163,276,260,301" oya="3" hai0="21,129,70,57,14,98,73,54,30,77,94,56,26" hai1="37,11,104,38,100,9,127,90,16,74,95,48,23" hai2="84,50,80,5,109,44,82,92,40,102,29,134,108" hai3="71,69,115,78,12,15,122,113,112,13,93,133,120"/><W43/><G133/><T52/><D70/><N who="3" m="26633" /><G43/><T47/><D129/><U46/><E127/><V33/><F134/><W65/><G65/><T42/><D73/><U66/><E66/><V63/><F63/><W10/><G78/><T64/><D77/><U96/><E74/><V8/><F29/><W72/><G72/><T103/><D64/><U119/><E119/><V45/><F33/><W60/><G60/><T24/><D14/><N who="3" m="5161" /><G93/><T88/><D103/><U116/><E116/><V99/><F45/><W0/><G0/><T62/><D30/><U75/><E75/><V97/><F97/><W79/><G79/><T117/><D21/><U126/><E126/><V32/><F32/><W22/><G22/><T31/><D31/><U25/><E9/><V4/><F82/><W34/><G34/><T6/><D6/><AGARI ba="0,0" hai="6,10,13,112,113,115,120,122" m="5161,26633" machi="6" ten="40,2000,0" yaku="15,1" doraHai="101" who="3" fromWho="0" sc="163,-20,276,0,260,0,301,20" owari="143,-36.0,276,8.0,260,-14.0,321,42.0" /></mjloggm>