<mjloggm ver="2.3"><GO type="41" lobby="0"/><UN n0="%E3%83%A4%E3%83%9E%E3%82%BF%E3%83%84" n1="%E3%81%97%E3%82%93%E3%81%A1%E3%82%83%E3%82%93%D0%B1" n2="%E2%93%9D%53%75%70%68%78" n3="%E3%83%81%E3%83%A3%E3%83%A0%E3%81%A1%E3%82%83%E3%82%93" dan="14,13,16,14" rate="1921.64,1833.61,2083.45,1944.66" sx="M,M,M,M"/><TAIKYOKU oya="0"/><INIT seed="0,0,0,5,3,54" ten="250,250,250,250" oya="0" hai0="67,3,125,53,30,25,71,66,6,11,62,1,21" hai1="24,83,110,32,33,49,103,82,75,68,88,126,8" hai2="124,87,4,76,38,70,100,123,18,111,129,99,101" hai3="37,133,31,57,90,132,2,22,74,135,116,27,23"/><T42/><D125/><U58/><E110/><V60/><F38/><W48/><G116/><T16/><D42/><U19/><E68/><V0/><F129/><W106/><G37/><T85/><D67/><U112/><E112/><V105/><F18/><W80/><G2/><T59/><D85/><U117/><E103/><V10/><F123/><W131/><G106/><T15/><D30/><U65/><E75/><V51/><F51/><AGARI ba="0,0" hai="1,3,6,11,15,16,21,25,51,53,59,62,66,71" machi="51" ten="30,5800,0" yaku="7,1,52,1,54,1" doraHai="54" who="0" fromWho="2" sc="250,58,250,0,250,-58,250,0" /><INIT seed="0,1,0,5,1,82" ten="308,250,192,250" oya="0" hai0="63,51,12,15,40,55,62,113,129,107,117,122,29" hai1="130,42,57,81,2,23,58,75,79,48,80,60,108" hai2="11,126,98,89,50,71,26,16,70,127,72,10,19" hai3="21,20,36,34,111,123,13,43,97,96,112,134,100"/><T35/><D122/><U6/><E108/><V7/><F72/><W67/><G112/><T87/><D113/><U17/><E130/><V115/><F115/><W131/><G34/><T101/><D117/><U114/><E114/><V95/><F50/><W105/><G67/><T38/><D129/><U31/><E31/><V8/><F7/><W52/><G111/><T49/><D38/><U102/><E6/><V25/><F25/><W88/><G123/><T84/><D35/><U4/><E4/><V125/><REACH who="2" step="1"/><F26/><REACH who="2" ten="308,250,182,250" step="2"/><W37/><G131/><T3/><D3/><U45/><E2/><V68/><AGARI ba="1,1" hai="8,10,11,16,19,68,70,71,89,95,98,125,126,127" machi="68" ten="50,12000,2" yaku="1,1,2,1,0,1,29,2,18,1,54,1,53,0" doraHai="82" doraHaiUra="1" who="2" fromWho="2" sc="308,-61,250,-31,182,133,250,-31" /><INIT seed="1,0,0,3,2,34" ten="247,219,315,219" oya="1" hai0="24,18,0,64,61,59,89,69,76,70,57,100,114" hai1="58,52,38,60,68,65,102,109,7,91,105,110,106" hai2="104,29,13,103,90,6,56,16,132,112,130,62,44" hai3="101,99,46,2,108,127,95,27,83,45,85,98,82"/><U35/><E35/><V11/><F130/><W1/><G127/><T111/><D114/><U124/><E38/><V8/><F132/><W51/><G108/><N who="1" m="41578" /><E124/><V72/><F72/><W129/><G129/><T22/><D111/><U119/><E119/><V41/><F29/><W78/><G27/><T15/><D76/><U30/><E7/><V117/><F112/><W92/><G82/><T14/><D100/><U4/><E4/><V3/><F117/><W28/><G28/><T75/><D75/><U94/><E102/><V43/><F90/><W133/><G133/><T66/><D0/><U113/><E30/><V23/><F44/><W87/><G87/><T126/><D126/><U128/><E128/><V48/><F48/><W71/><G71/><T53/><D89/><U77/><E77/><V131/><F131/><W96/><G46/><T88/><D88/><U37/><E37/><V93/><F104/><W120/><G120/><T33/><D33/><U5/><E5/><V74/><F74/><W39/><G39/><T9/><D14/><U118/><E118/><V50/><F50/><W54/><G99/><T115/><D115/><U107/><E113/><V125/><F125/><W122/><G122/><T79/><D79/><U25/><E25/><V12/><F3/><W49/><REACH who="3" step="1"/><G51/><REACH who="3" ten="247,219,315,209" step="2"/><T97/><D97/><N who="1" m="57567" /><E68/><V116/><F116/><W20/><G20/><T123/><D123/><U134/><E134/><V63/><F23/><W21/><G21/><T32/><D32/><U40/><E40/><V80/><F43/><W31/><G31/><N who="0" m="17815" /><D59/><U84/><E84/><V47/><F41/><RYUUKYOKU ba="0,1" sc="247,10,219,10,315,-30,209,10" hai0="9,15,18,53,57,61,64,66,69,70" hai1="52,58,60,65,105,106,107" hai3="1,2,45,49,54,78,83,85,92,95,96,98,101" /><INIT seed="1,1,1,2,4,131" ten="257,229,285,219" oya="1" hai0="91,1,17,102,78,14,85,82,44,63,42,110,77" hai1="135,10,43,18,108,123,16,134,92,31,99,119,121" hai2="95,116,26,27,129,69,11,25,23,113,76,58,4" hai3="68,51,13,46,35,75,53,80,100,66,105,62,64"/><U97/><E119/><V28/><F69/><W60/><G35/><T65/><D1/><U72/><E72/><V22/><F76/><W20/><G75/><T30/><D110/><U48/><E108/><V71/><F71/><W45/><G80/><T50/><D30/><U114/><E31/><V127/><F58/><N who="3" m="36887" /><G105/><T19/><D102/><U74/><E74/><V124/><F95/><W128/><G100/><T55/><D42/><U33/><E33/><V0/><F116/><W29/><G29/><T21/><D19/><N who="1" m="7211" /><E114/><V125/><F129/><W117/><G20/><N who="2" m="7721" /><F113/><W32/><G13/><T37/><REACH who="0" step="1"/><D37/><REACH who="0" ten="247,229,285,219" step="2"/><U36/><E36/><V109/><F109/><W88/><G128/><T2/><D2/><U49/><E10/><V133/><F28/><W41/><G117/><T6/><D6/><U70/><E43/><V47/><F47/><N who="3" m="27903" /><G32/><T52/><D52/><U96/><E123/><V106/><F106/><W3/><G3/><T8/><D8/><U38/><E121/><V93/><F93/><W115/><G115/><T120/><D120/><U112/><E112/><V67/><F67/><W57/><G41/><T122/><D122/><U40/><E40/><V132/><AGARI ba="1,2" hai="0,4,11,25,26,27,124,125,127,132,133" m="7721" machi="132" ten="40,8000,1" yaku="18,1,34,2,52,2" doraHai="131" who="2" fromWho="2" sc="247,-21,229,-41,285,103,219,-21" /><INIT seed="2,0,0,5,5,69" ten="226,188,388,198" oya="2" hai0="74,26,13,75,123,27,76,33,133,17,126,60,44" hai1="122,101,58,40,47,130,118,42,108,92,59,37,104" hai2="43,129,10,102,87,103,85,114,115,106,30,65,111" hai3="70,96,112,67,134,83,48,19,15,68,64,11,46"/><V45/><F30/><W135/><G112/><T78/><D123/><U100/><E108/><V32/><F32/><W61/><G83/><T3/><D3/><U31/><E118/><V50/><F129/><W25/><G25/><T18/><D126/><U93/><E130/><V99/><F65/><W80/><G80/><T91/><D133/><U127/><E31/><V41/><F111/><W16/><G96/><T28/><D60/><U29/><E29/><V107/><F10/><W62/><REACH who="3" step="1"/><G19/><REACH who="3" ten="226,188,388,188" step="2"/><T109/><D109/><U88/><E122/><V121/><F99/><W14/><G14/><T95/><D26/><U36/><E127/><V128/><F128/><W120/><G120/><T38/><D74/><U131/><E131/><V55/><F121/><W98/><G98/><T84/><D75/><U77/><E77/><V94/><F115/><W113/><G113/><T124/><D124/><U90/><E104/><V49/><F114/><W57/><G57/><T12/><D12/><U53/><E59/><V24/><F24/><W5/><G5/><T110/><D110/><U0/><E0/><V116/><F107/><W63/><G63/><T71/><D71/><U35/><E35/><V73/><F106/><W7/><G7/><T34/><D34/><U21/><E101/><V72/><F103/><W86/><G86/><T117/><D117/><U56/><E100/><V82/><F102/><W79/><G79/><N who="0" m="30251" /><D13/><U51/><E58/><N who="2" m="33135" /><F116/><W105/><G105/><T97/><D97/><U20/><E56/><V6/><F73/><W125/><G125/><T89/><D89/><U66/><E36/><RYUUKYOKU ba="0,1" sc="226,15,188,-15,388,-15,188,15" hai0="17,18,27,28,33,38,44,84,91,95" hai3="11,15,16,46,48,61,62,64,67,68,70,134,135" /><INIT seed="3,1,1,2,1,21" ten="241,173,373,203" oya="3" hai0="97,30,132,135,8,63,28,29,43,85,62,15,36" hai1="66,128,79,35,115,72,2,96,51,11,98,32,120" hai2="74,112,118,95,22,31,46,78,12,38,18,20,131" hai3="4,127,124,34,99,129,24,82,55,3,105,71,58"/><W110/><G71/><T90/><D97/><U13/><E120/><V81/><F112/><W103/><G110/><T100/><D100/><U109/><E2/><V125/><F131/><W76/><G129/><T60/><D43/><U75/><E128/><V14/><F125/><N who="3" m="48203" /><G3/><T25/><D36/><U33/><E115/><V114/><F118/><W89/><G4/><T87/><D25/><U69/><E109/><V88/><F114/><W45/><G45/><T73/><D73/><U117/><E75/><V84/><F38/><W9/><G9/><T94/><REACH who="0" step="1"/><D85/><REACH who="0" ten="231,173,373,203" step="2"/><U91/><E72/><V122/><F74/><N who="3" m="43287" /><G89/><T23/><D23/><U133/><E91/><V41/><F22/><W19/><G34/><T68/><D68/><U83/><E32/><V116/><F88/><W50/><G24/><T27/><D27/><U93/><E35/><V48/><F20/><W104/><G104/><T134/><D134/><U65/><E33/><V80/><F78/><W52/><G55/><T130/><D130/><U106/><E69/><V121/><F121/><W102/><G102/><T39/><D39/><U108/><E106/><V67/><F122/><W61/><G19/><AGARI ba="1,2" hai="8,15,19,28,29,30,60,62,63,87,90,94,132,135" machi="19" ten="40,1300,0" yaku="1,1,53,0" doraHai="21" doraHaiUra="16" who="0" fromWho="3" sc="231,36,173,0,373,0,203,-16" /><INIT seed="4,0,0,5,4,3" ten="267,173,373,187" oya="0" hai0="64,93,2,44,61,135,88,53,68,62,98,108,35" hai1="6,50,74,29,41,18,81,52,92,25,0,89,103" hai2="85,75,36,15,131,128,22,8,65,16,117,30,7" hai3="86,79,19,100,48,14,20,112,39,94,127,134,78"/><T126/><D35/><U60/><E18/><V96/><F75/><W121/><G39/><T47/><D47/><U115/><E115/><V13/><F117/><W23/><G112/><T114/><D114/><U102/><E41/><V130/><F36/><W9/><G134/><T82/><D135/><U125/><E60/><V91/><F96/><W99/><G121/><T122/><D122/><U21/><E125/><V70/><F30/><W1/><G127/><T54/><D126/><U38/><E38/><V80/><F65/><W119/><G119/><T95/><D108/><U107/><E81/><V37/><REACH who="2" step="1"/><F37/><REACH who="2" ten="267,173,363,187" step="2"/><W11/><G86/><T46/><D2/><U26/><E74/><V132/><F132/><W72/><G72/><T63/><D64/><U73/><E73/><V118/><F118/><W67/><G67/><T87/><D68/><AGARI ba="0,1" hai="7,8,13,15,16,22,68,70,80,85,91,128,130,131" machi="68" ten="40,8000,1" yaku="1,1,19,1,52,1,54,1,53,0" doraHai="3" doraHaiUra="111" who="2" fromWho="0" sc="267,-80,173,0,363,90,187,0" /><INIT seed="5,0,0,1,5,45" ten="187,173,453,187" oya="1" hai0="19,111,72,114,95,29,83,82,22,13,104,78,81" hai1="64,37,48,74,89,91,36,25,118,56,31,20,117" hai2="99,93,100,60,115,123,10,119,47,50,18,84,55" hai3="101,122,17,33,0,54,59,3,7,135,61,9,79"/><U71/><E74/><V97/><F115/><W1/><G122/><T116/><D114/><U73/><E73/><V32/><F119/><W28/><G135/><T69/><D116/><U4/><E71/><V124/><F124/><W41/><G79/><T53/><D111/><U94/><E4/><V27/><F32/><W75/><G75/><T131/><D69/><U68/><E68/><V76/><F99/><W108/><G108/><T49/><D104/><U5/><E5/><V85/><F123/><W63/><G41/><T38/><D38/><U23/><E91/><V87/><F60/><W6/><G101/><T121/><D121/><U103/><E103/><V14/><F27/><W92/><G92/><T52/><D131/><U21/><E118/><V88/><REACH who="2" step="1"/><F76/><REACH who="2" ten="187,173,443,187" step="2"/><W98/><G98/><T58/><D29/><U106/><E117/><V16/><F16/><W105/><G61/><T129/><D129/><U2/><E106/><AGARI ba="0,1" hai="10,14,18,47,50,55,84,85,87,88,93,97,100,106" machi="106" ten="30,7700,0" yaku="1,1,7,1,52,1,54,1,53,0" doraHai="45" doraHaiUra="62" who="2" fromWho="1" sc="187,0,173,-77,443,87,187,0" /><INIT seed="6,0,0,2,1,88" ten="187,96,530,187" oya="2" hai0="3,131,85,104,96,116,108,66,123,81,109,121,91" hai1="133,19,120,126,13,92,57,90,8,72,86,98,130" hai2="22,20,132,35,38,61,64,113,0,75,117,134,76" hai3="60,125,48,83,46,14,79,95,62,49,71,45,24"/><V11/><F113/><W114/><G125/><T89/><D3/><U50/><E126/><V31/><F117/><W33/><G114/><T51/><D116/><U15/><E130/><V5/><F38/><W128/><G128/><T94/><D131/><U36/><E36/><V53/><F53/><W101/><G33/><T28/><D28/><U37/><E133/><N who="2" m="51307" /><F76/><W43/><G24/><T12/><D66/><U55/><E37/><V127/><F75/><W59/><G71/><T97/><D12/><N who="1" m="7559" /><E72/><V107/><F107/><W9/><G101/><N who="0" m="62503" /><D51/><U26/><E26/><N who="2" m="18935" /><F127/><W1/><G1/><T135/><D135/><U10/><E10/><V23/><F23/><W42/><G14/><N who="1" m="5130" /><E120/><AGARI ba="0,0" hai="81,85,89,91,94,97,108,109,120,121,123" m="62503" machi="120" ten="30,3900,0" yaku="34,2,52,1" doraHai="88" who="0" fromWho="1" sc="187,39,96,-39,530,0,187,0" /><INIT seed="7,0,0,4,1,109" ten="226,57,530,187" oya="3" hai0="115,14,130,108,52,90,44,33,25,133,86,94,102" hai1="129,113,75,134,48,39,84,118,55,63,78,105,60" hai2="11,135,107,116,50,123,119,73,64,82,125,127,66" hai3="98,56,32,34,77,132,101,110,6,30,59,103,3"/><W126/><G110/><T0/><D108/><U46/><E118/><V10/><F135/><W97/><G132/><T8/><D133/><U58/><E134/><V100/><F123/><W23/><G77/><T21/><D130/><U51/><E75/><V18/><F100/><W87/><G126/><N who="2" m="48137" /><F50/><W57/><G87/><T20/><D0/><U17/><E129/><V92/><F92/><W43/><G43/><T76/><D115/><U128/><E105/><V104/><F18/><W27/><G3/><T29/><D76/><U74/><E74/><V13/><F13/><W28/><G6/><T85/><D102/><U62/><E128/><V95/><F95/><W16/><G30/><T106/><D106/><N who="2" m="40490" /><F82/><W53/><G53/><T72/><D72/><U121/><E39/><V15/><F15/><W120/><G120/><T65/><D85/><U70/><E121/><V49/><F49/><W88/><G98/><T38/><D65/><N who="2" m="25194" /><F73/><W36/><G36/><T112/><D112/><U71/><E17/><V114/><F114/><W41/><G41/><T37/><D37/><U89/><E78/><V24/><F24/><W93/><REACH who="3" step="1"/><G32/><REACH who="3" ten="226,57,530,177" step="2"/><T35/><D35/><U69/><E113/><V1/><F1/><W7/><G7/><T96/><D96/><U80/><REACH who="1" step="1"/><E51/><REACH who="1" ten="226,47,530,177" step="2"/><V124/><F124/><W111/><G111/><T68/><D38/><U99/><E99/><V131/><BYE who="1" /><F131/><W45/><G45/><T19/><D68/><UN n1="%E3%81%97%E3%82%93%E3%81%A1%E3%82%83%E3%82%93%D0%B1" /><U79/><E79/><V117/><AGARI ba="0,2" hai="10,11,116,117,119" m="25194,40490,48137" machi="117" ten="40,5200,0" yaku="28,2,18,1" doraHai="109" who="2" fromWho="2" sc="226,-13,47,-13,530,72,177,-26" owari="213,1.0,34,-47.0,602,71.0,151,-25.0" /></mjloggm>