<mjloggm ver="2.3"><GO type="41" lobby="0"/><UN n0="%E2%93%9D%53%75%70%68%78" n1="%E3%83%95%E3%83%AA%E3%82%B4%E3%83%AA" n2="%E3%81%86%E3%81%83%E3%82%93%E3%81%A7%E3%81%83" n3="%E5%B0%8F%E7%80%AC%E5%B7%9D%E7%99%BD%E6%9C%9B" dan="18,13,15,14" rate="2096.13,1877.73,2017.86,1823.79" sx="M,M,M,F"/><TAIKYOKU oya="0"/><INIT seed="0,0,0,4,1,134" ten="250,250,250,250" oya="0" hai0="127,95,128,68,91,124,130,107,70,92,23,82,16" hai1="1,0,83,60,93,59,33,57,12,112,47,79,103" hai2="13,109,19,78,51,28,44,11,116,54,41,27,111" hai3="45,74,123,3,34,25,135,5,133,4,50,48,6"/><T8/><D8/><U7/><E33/><V35/><F78/><W26/><G3/><T80/><D107/><U42/><E112/><V63/><F116/><W53/><G74/><T102/><D102/><U108/><E108/><V105/><F105/><W87/><G123/><T61/><D61/><U120/><E120/><V117/><F117/><W65/><G65/><T62/><D62/><U84/><E93/><N who="0" m="35913" /><D91/><U55/><E103/><V119/><F119/><W67/><G67/><T115/><D115/><U69/><E69/><N who="0" m="26729" /><D16/><U17/><E7/><V32/><F32/><W88/><G34/><T20/><D20/><U81/><E59/><V64/><REACH who="2" step="1"/><F41/><REACH who="2" ten="250,250,240,250" step="2"/><W114/><G114/><T29/><D130/><U75/><E42/><V126/><F126/><N who="0" m="48170" /><D128/><U104/><E104/><V97/><F97/><W132/><G132/><T90/><D90/><U66/><E79/><V77/><F77/><W2/><G133/><T85/><D85/><U118/><E84/><V99/><F99/><W52/><G135/><T100/><D100/><U86/><E86/><V21/><F21/><W73/><G73/><T46/><D46/><U113/><E47/><V22/><F22/><W31/><G87/><T24/><AGARI ba="0,1" hai="23,24,29,80,82" m="48170,26729,35913" machi="24" ten="40,12000,1" yaku="18,1,52,3" doraHai="134" who="0" fromWho="0" sc="250,130,250,-40,240,-40,250,-40" /><INIT seed="0,1,0,5,0,53" ten="380,210,200,210" oya="0" hai0="68,93,125,33,79,95,1,56,74,110,59,30,27" hai1="65,78,54,62,60,9,17,114,44,43,81,117,42" hai2="99,15,19,22,124,84,11,4,101,35,96,63,26" hai3="85,6,39,31,121,45,51,49,103,107,69,38,46"/><T24/><D68/><U5/><E117/><V61/><F124/><W37/><G69/><T50/><D1/><U111/><E111/><V32/><F99/><W90/><G6/><T12/><D125/><U34/><E114/><V70/><F70/><W16/><G31/><T102/><D74/><U126/><E126/><V87/><F35/><W28/><G28/><T82/><D27/><U20/><E34/><V47/><F32/><W135/><G121/><T116/><D116/><U129/><E129/><V72/><F72/><W57/><G135/><T55/><D102/><U115/><E115/><V118/><F47/><W123/><G123/><T112/><D110/><U108/><E108/><V13/><F13/><W73/><G73/><T130/><D130/><U100/><E100/><V133/><F133/><W113/><G107/><T71/><D71/><U89/><E89/><V25/><F25/><W10/><G103/><T120/><D120/><U80/><E54/><V104/><F118/><W23/><G10/><T52/><D12/><U92/><E92/><V94/><F104/><W2/><G2/><T21/><D33/><U18/><E18/><V7/><F7/><W106/><G106/><T67/><D67/><U119/><E119/><V88/><F101/><W131/><G113/><T66/><D66/><U122/><E122/><V14/><F26/><N who="3" m="14695" /><G57/><T97/><D112/><U36/><E43/><V40/><F40/><W132/><G132/><T48/><D97/><U8/><E9/><V91/><F96/><W127/><G127/><T41/><D41/><U83/><E42/><V134/><F134/><RYUUKYOKU ba="1,0" sc="380,15,210,-15,200,15,210,-15" hai0="21,24,30,48,50,52,55,56,59,79,82,93,95" hai2="4,11,14,15,19,22,61,63,84,87,88,91,94" /><INIT seed="0,2,0,1,1,98" ten="395,195,215,195" oya="0" hai0="120,16,94,0,45,6,36,69,62,125,114,103,102" hai1="110,67,131,100,15,124,46,43,9,33,73,20,79" hai2="38,128,132,70,7,49,117,107,130,50,129,37,111" hai3="112,122,53,5,39,65,83,56,66,24,31,116,106"/><T89/><D120/><U92/><E33/><V108/><F107/><W86/><G112/><T35/><D114/><U23/><E110/><N who="2" m="42027" /><F7/><W126/><G116/><T32/><D125/><U1/><E1/><V97/><F97/><W52/><G126/><T22/><D69/><U26/><E124/><V55/><F117/><W135/><G122/><T3/><D62/><U41/><E131/><V61/><F132/><W113/><G113/><T63/><D63/><U2/><E2/><V123/><F123/><W42/><G106/><T90/><D36/><N who="2" m="13930" /><F55/><W104/><G52/><T101/><D3/><U21/><E67/><AGARI ba="2,0" hai="49,50,61,67,70,128,129,130" m="13930,42027" machi="67" ten="40,8000,1" yaku="19,1,14,1,34,2" doraHai="98" who="2" fromWho="1" sc="395,0,195,-86,215,86,195,0" /><INIT seed="1,0,0,3,0,6" ten="395,109,301,195" oya="1" hai0="85,70,83,111,72,80,7,24,88,38,90,14,2" hai1="17,40,18,54,20,44,53,124,60,30,16,120,128" hai2="0,114,67,119,86,13,76,118,66,3,61,50,113" hai3="69,96,104,41,84,36,78,74,55,82,79,27,26"/><U63/><E120/><V132/><F76/><W37/><G69/><T15/><D70/><U48/><E128/><V56/><F86/><W25/><G41/><T46/><D111/><U92/><E124/><V106/><F106/><W65/><G65/><N who="2" m="24585" /><F13/><W135/><G135/><T108/><D108/><U117/><E117/><N who="2" m="44555" /><F3/><W22/><G22/><T89/><D72/><U125/><E125/><V94/><F94/><W47/><G78/><T58/><D2/><U102/><E30/><V87/><F87/><W11/><G74/><T129/><D15/><U33/><E33/><V75/><F0/><W43/><G36/><T91/><D83/><U73/><E73/><V5/><F5/><W64/><G64/><T109/><D109/><U51/><E20/><V101/><F101/><W1/><G104/><T19/><D129/><U21/><E21/><V8/><F8/><W77/><G96/><T45/><D7/><U23/><E23/><V100/><F100/><W126/><G126/><T68/><D68/><U4/><E4/><V9/><F9/><W57/><G1/><T121/><D14/><U95/><E40/><V131/><F75/><W39/><G39/><T127/><D38/><U112/><E112/><N who="2" m="43115" /><F131/><W134/><G77/><T12/><D127/><U105/><E105/><V10/><F10/><W103/><G103/><T115/><D115/><U29/><E29/><V99/><F132/><W122/><G11/><N who="0" m="6559" /><D91/><U59/><REACH who="1" step="1"/><E102/><REACH who="1" ten="395,99,301,195" step="2"/><V97/><F61/><AGARI ba="0,1" hai="16,17,18,44,48,51,53,54,59,60,61,63,92,95" machi="61" ten="40,12000,1" yaku="1,1,2,1,8,1,54,1,53,0" doraHai="6" doraHaiUra="93" who="1" fromWho="2" sc="395,0,99,130,301,-120,195,0" /><INIT seed="1,1,0,5,4,8" ten="395,229,181,195" oya="1" hai0="50,32,67,133,125,47,85,22,56,70,128,58,6" hai1="75,81,98,105,45,13,74,111,69,108,23,110,15" hai2="118,96,126,135,95,17,114,134,21,55,43,121,116" hai3="30,119,40,44,77,52,11,12,104,71,107,63,115"/><U54/><E69/><V66/><F121/><W90/><G115/><T109/><D109/><U51/><E23/><V84/><F114/><W31/><G119/><T127/><D133/><U35/><E35/><V97/><F126/><N who="0" m="48138" /><D6/><U1/><E1/><V101/><F66/><W86/><G104/><T130/><D85/><U42/><E42/><V36/><F84/><W88/><G107/><T41/><D22/><U68/><E68/><V5/><F5/><N who="3" m="3183" /><G71/><T48/><D32/><U18/><E18/><V59/><F43/><W92/><G77/><T83/><D83/><U64/><E64/><V132/><F36/><W28/><G90/><T87/><D87/><U76/><REACH who="1" step="1"/><E75/><REACH who="1" ten="395,219,181,195" step="2"/><V60/><REACH who="2" step="1"/><F97/><REACH who="2" ten="395,219,171,195" step="2"/><W37/><G40/><T103/><D70/><U39/><E39/><V16/><F16/><W19/><G37/><T112/><D112/><U46/><E46/><V57/><F57/><N who="3" m="35239" /><G19/><T27/><D58/><U24/><E24/><AGARI ba="1,2" hai="17,21,24,55,59,60,95,96,101,116,118,132,134,135" machi="24" ten="40,5200,0" yaku="1,1,20,1,53,1" doraHai="8" doraHaiUra="53" who="2" fromWho="1" sc="395,0,219,-55,171,75,195,0" /><INIT seed="2,0,0,0,2,54" ten="395,164,246,195" oya="2" hai0="95,19,123,120,65,44,89,39,118,55,119,86,73" hai1="80,75,94,15,127,3,130,28,93,66,135,84,98" hai2="58,48,0,62,82,71,100,37,88,25,108,17,36" hai3="101,112,105,5,51,69,31,27,124,41,68,107,33"/><V79/><F0/><W22/><G112/><T32/><D32/><U92/><E3/><V13/><F100/><W102/><G5/><T11/><D65/><U9/><E130/><V63/><F108/><W125/><G22/><T14/><D73/><U104/><E135/><V57/><F71/><W34/><G51/><N who="0" m="29159" /><D39/><U85/><E127/><V7/><F48/><W18/><G41/><T77/><D77/><U121/><E121/><V64/><F25/><W10/><G27/><T74/><D74/><U109/><E109/><V30/><F30/><W134/><G31/><T49/><D49/><U16/><E28/><V99/><F7/><W52/><G52/><T45/><D45/><U83/><E66/><V46/><F46/><W61/><G134/><T133/><D133/><U23/><E75/><V12/><F99/><W43/><G43/><T72/><D72/><U2/><E2/><V87/><F13/><W129/><G129/><T29/><D29/><U21/><E104/><V20/><F79/><W115/><G115/><T60/><D60/><U122/><E122/><V59/><F59/><W50/><G50/><T8/><D8/><U117/><E117/><AGARI ba="0,0" hai="11,14,19,86,89,95,117,118,119,120,123" m="29159" machi="117" ten="30,1000,0" yaku="12,1" doraHai="54" who="0" fromWho="1" sc="395,10,164,-10,246,0,195,0" /><INIT seed="3,0,0,0,0,57" ten="405,154,246,195" oya="3" hai0="3,109,133,79,58,20,52,87,30,92,54,0,7" hai1="68,88,106,4,49,113,128,9,102,40,59,8,36" hai2="65,81,39,42,10,131,73,115,64,45,123,105,86" hai3="19,117,121,17,101,97,135,74,100,119,108,28,122"/><W2/><G74/><T14/><D109/><U95/><E113/><V61/><F131/><W72/><G72/><T53/><D133/><U71/><E128/><V43/><F115/><W56/><G135/><T80/><D3/><U60/><E36/><V6/><F123/><W89/><G2/><T1/><D1/><U48/><E102/><V99/><F43/><W114/><G114/><T90/><D0/><U12/><E106/><V94/><F65/><W32/><G108/><T129/><D129/><U24/><E24/><V110/><F110/><W33/><G56/><T34/><D34/><U107/><E107/><V98/><F105/><W112/><G112/><T47/><D47/><U93/><E40/><V126/><F73/><W124/><G89/><T116/><D116/><U62/><E59/><V125/><F10/><W21/><G21/><T29/><D58/><U134/><E134/><V82/><F6/><W26/><G26/><T50/><D50/><U37/><E37/><V120/><F120/><W127/><REACH who="3" step="1"/><G97/><REACH who="3" ten="405,154,246,185" step="2"/><N who="0" m="57495" /><D20/><U83/><E12/><V118/><F98/><W130/><G130/><T22/><D22/><U111/><E111/><V18/><F99/><W91/><G91/><T25/><D25/><U77/><E88/><N who="2" m="53527" /><F118/><W96/><G96/><T38/><D38/><U85/><E77/><V66/><F82/><W15/><G15/><T103/><D103/><U51/><E83/><V84/><F81/><W31/><AGARI ba="0,1" hai="17,19,28,31,32,33,100,101,117,119,121,122,124,127" machi="31" ten="25,9600,0" yaku="1,1,0,1,22,2,53,0" doraHai="57" doraHaiUra="67" who="3" fromWho="3" sc="405,-32,154,-32,246,-32,185,106" /><INIT seed="3,1,0,2,1,24" ten="373,122,214,291" oya="3" hai0="131,87,72,123,11,100,95,122,81,108,102,41,13" hai1="36,57,53,93,69,12,127,125,82,51,50,109,103" hai2="23,34,134,30,48,73,37,21,54,31,64,38,84" hai3="61,115,101,113,89,71,19,104,118,46,70,43,3"/><W110/><G118/><T17/><D108/><U135/><E109/><V44/><F73/><W27/><G110/><T133/><D72/><U52/><E36/><V119/><F119/><W47/><G89/><T14/><D131/><U59/><E69/><V67/><F134/><W16/><G3/><T55/><D41/><U129/><E135/><V80/><F38/><W4/><G4/><T117/><D117/><U114/><E129/><V92/><F92/><W94/><G94/><T39/><D133/><U0/><E0/><V68/><F37/><W75/><G75/><T8/><D39/><U65/><E114/><V40/><F40/><W35/><G43/><T116/><D116/><U77/><E65/><N who="2" m="25163" /><F34/><W28/><G61/><T97/><D55/><U45/><E12/><V32/><F32/><W130/><G130/><T76/><REACH who="0" step="1"/><D102/><REACH who="0" ten="363,122,214,291" step="2"/><U58/><E103/><V9/><F68/><W15/><G70/><T60/><D60/><U90/><E127/><V124/><F124/><W85/><G71/><T7/><AGARI ba="1,1" hai="7,8,11,13,14,17,76,81,87,95,97,100,122,123" machi="7" ten="20,2700,0" yaku="1,1,0,1,7,1,53,0" doraHai="24" doraHaiUra="66" who="0" fromWho="0" sc="363,40,122,-8,214,-8,291,-14" /><INIT seed="4,0,0,4,2,79" ten="403,114,206,277" oya="0" hai0="106,88,49,44,103,45,121,27,73,76,110,61,70" hai1="107,14,97,19,129,0,16,72,46,42,69,90,80" hai2="74,18,120,1,109,130,38,60,108,65,89,93,122" hai3="54,11,28,25,77,36,21,85,7,40,91,3,30"/><T133/><D121/><U4/><E69/><V94/><F1/><W59/><G77/><T17/><D133/><U13/><E129/><V127/><F38/><W83/><G36/><T20/><D110/><U131/><E131/><V115/><F130/><W87/><G87/><T47/><D106/><U53/><E53/><V101/><F18/><W125/><G125/><T95/><D103/><U98/><E107/><V56/><F74/><W22/><G40/><T58/><D70/><U51/><E4/><V104/><F104/><W55/><REACH who="3" step="1"/><G59/><REACH who="3" ten="403,114,206,267" step="2"/><T6/><D76/><U96/><E42/><V114/><F127/><W112/><G112/><N who="2" m="43049" /><F109/><W63/><G63/><T118/><D61/><U15/><E97/><N who="2" m="59567" /><F108/><W43/><G43/><T132/><D73/><U75/><E72/><V26/><F26/><AGARI ba="0,1" hai="3,7,11,21,22,25,26,28,30,54,55,83,85,91" machi="26" ten="40,5200,0" yaku="1,1,9,1,52,1,53,0" doraHai="79" doraHaiUra="102" who="3" fromWho="2" sc="403,0,114,0,206,-52,267,62" /><INIT seed="5,0,0,4,3,132" ten="403,114,154,329" oya="1" hai0="37,46,106,85,84,80,94,40,130,74,33,90,22" hai1="16,43,114,131,23,61,109,39,28,56,42,19,89" hai2="63,36,99,9,111,17,104,35,18,134,117,5,86" hai3="53,11,4,96,122,52,24,62,1,45,101,67,55"/><U21/><E114/><V82/><F111/><W88/><G122/><T97/><D33/><U59/><E109/><V121/><F134/><W95/><G24/><T108/><D108/><U87/><E131/><V14/><F117/><W65/><G45/><T29/><D130/><U27/><E39/><V118/><F118/><W105/><REACH who="3" step="1"/><G62/><REACH who="3" ten="403,114,154,319" step="2"/><T41/><D46/><U129/><E129/><V13/><F121/><W83/><G83/><T31/><D80/><U107/><E107/><V32/><F63/><W15/><G15/><T75/><D106/><U44/><E28/><V2/><F2/><W128/><G128/><T25/><D31/><U103/><E103/><V125/><F14/><W98/><AGARI ba="0,1" hai="1,4,11,52,53,55,65,67,88,95,96,98,101,105" machi="98" ten="30,7900,0" yaku="1,1,0,1,54,2,53,0" doraHai="132" doraHaiUra="72" who="3" fromWho="3" sc="403,-20,114,-39,154,-20,319,89" /><INIT seed="6,0,0,3,2,108" ten="383,75,134,408" oya="2" hai0="21,115,135,36,27,14,94,37,101,49,66,112,91" hai1="54,102,53,128,1,123,28,107,67,38,17,57,110" hai2="39,18,86,20,92,131,10,88,81,56,25,93,73" hai3="118,63,12,62,44,124,97,31,43,69,46,82,47"/><V26/><F131/><W48/><G118/><T64/><D101/><U121/><E110/><V34/><F39/><W100/><G124/><T109/><D109/><U72/><E128/><V98/><F73/><W120/><G120/><N who="1" m="46154" /><E72/><V125/><F125/><W61/><G69/><T60/><D14/><U22/><E38/><V87/><F34/><W4/><G31/><T122/><D122/><U15/><E1/><V113/><F113/><N who="0" m="43594" /><D135/><U89/><E28/><V74/><F74/><W75/><G75/><T95/><D49/><U119/><E119/><V8/><F26/><W90/><G4/><T3/><D95/><U7/><E7/><V33/><F33/><W55/><G43/><T105/><D105/><U6/><E6/><V111/><F111/><W77/><G77/><T117/><D3/><U13/><E13/><V23/><F23/><W59/><G12/><T32/><D32/><U114/><E89/><N who="2" m="53303" /><F56/><W127/><G127/><T52/><D37/><U50/><E114/><V129/><F129/><W40/><G40/><T42/><D42/><U132/><E132/><V104/><F104/><W78/><G100/><AGARI ba="0,0" hai="8,10,18,20,25,81,87,88,93,98,100" m="53303" machi="100" ten="30,2900,0" yaku="8,1,54,1" doraHai="108" who="2" fromWho="3" sc="383,0,75,0,134,29,408,-29" /><INIT seed="6,1,0,4,5,30" ten="383,75,163,379" oya="2" hai0="81,27,79,119,95,105,135,12,28,94,19,87,89" hai1="102,56,69,130,84,44,23,32,11,15,83,65,109" hai2="41,85,115,75,39,51,31,60,80,42,67,106,108" hai3="122,111,96,70,46,124,121,29,110,91,24,66,61"/><V103/><F115/><W52/><G124/><T48/><D105/><U134/><E109/><V131/><F131/><W74/><G74/><T10/><D135/><U47/><E32/><V113/><F113/><W25/><G110/><T133/><D133/><U13/><E134/><V1/><F39/><W59/><G111/><T4/><D119/><U77/><E130/><V2/><F75/><W101/><G91/><T82/><D48/><U88/><E69/><V120/><F120/><W17/><G46/><T33/><D19/><U126/><E126/><V62/><F31/><W114/><G114/><T71/><D71/><U37/><E102/><V5/><F62/><W118/><G118/><T26/><REACH who="0" step="1"/><D26/><REACH who="0" ten="373,75,163,379" step="2"/><U53/><E37/><V98/><F51/><W112/><G112/><T117/><D117/><U90/><E65/><V86/><F108/><W55/><G24/><T38/><D38/><U6/><E23/><V54/><F67/><W3/><G66/><T49/><D49/><U99/><E15/><V104/><F104/><W64/><G70/><T132/><D132/><U43/><E99/><V116/><F116/><W72/><G17/><T8/><D8/><U20/><E20/><V107/><F107/><W0/><G121/><T16/><D16/><U21/><E21/><V57/><F2/><W123/><G123/><T35/><D35/><U7/><E7/><V63/><F63/><W22/><G122/><T127/><D127/><U45/><REACH who="1" step="1"/><E43/><REACH who="1" ten="373,65,163,379" step="2"/><V128/><F128/><W100/><G0/><T36/><D36/><U93/><E93/><V129/><F129/><W76/><G3/><RYUUKYOKU ba="1,2" sc="373,15,65,15,163,-15,379,-15" hai0="4,10,12,27,28,33,79,81,82,87,89,94,95" hai1="6,11,13,44,45,47,53,56,77,83,84,88,90" /><INIT seed="7,2,2,1,1,98" ten="388,80,148,364" oya="3" hai0="30,135,7,78,11,90,31,27,76,82,71,108,114" hai1="47,24,10,106,44,52,20,104,86,100,113,59,130" hai2="33,123,65,16,3,46,45,96,58,0,101,83,36" hai3="37,19,60,25,6,84,99,56,88,124,122,80,40"/><W22/><G122/><T15/><D108/><U62/><E113/><V102/><F123/><W23/><G124/><T121/><D121/><U32/><E130/><V9/><F33/><W17/><G37/><T67/><D71/><U34/><E10/><V55/><F65/><N who="3" m="39047" /><G6/><T64/><D135/><U94/><E34/><V26/><F3/><W92/><G40/><T72/><D114/><U105/><E32/><V85/><F0/><W127/><G127/><T50/><D72/><U81/><E94/><V29/><F36/><W14/><G99/><T1/><D1/><U131/><E131/><V49/><F29/><N who="0" m="10762" /><D27/><U35/><E35/><V57/><F96/><W116/><G116/><T66/><D50/><U70/><E70/><V117/><F117/><W41/><G41/><T126/><D126/><U87/><E100/><N who="2" m="38507" /><F58/><W91/><G92/><T134/><D134/><U129/><E129/><V107/><F107/><W118/><G118/><T18/><D7/><U115/><E115/><V79/><F26/><W8/><G8/><T73/><D73/><U119/><E119/><V74/><F74/><W38/><G38/><T93/><D93/><U42/><E42/><V111/><F111/><W21/><G21/><T5/><D5/><U68/><E68/><V54/><F54/><W133/><G133/><T128/><D128/><U77/><REACH who="1" step="1"/><E87/><AGARI ba="2,2" hai="11,15,18,64,66,67,76,78,82,87,90" m="10762" machi="87" ten="30,1000,0" yaku="8,1" doraHai="98" who="0" fromWho="1" sc="388,36,80,-16,148,0,364,0" owari="424,53.0,64,-44.0,148,-25.0,364,16.0" /></mjloggm>