<mjloggm ver="2.3"><GO type="41" lobby="0"/><UN n0="%E7%B7%91%E8%99%8E" n1="%E3%81%8D%E3%82%93%E3%81%95%E3%82%93" n2="%E2%93%9D%53%75%70%68%78" n3="%E3%81%82%E3%81%A9" dan="14,14,18,15" rate="2014.25,1941.18,2133.52,1903.52" sx="M,M,M,M"/><TAIKYOKU oya="0"/><INIT seed="0,0,0,5,0,99" ten="250,250,250,250" oya="0" hai0="115,83,110,73,98,74,36,39,61,64,56,119,96" hai1="9,49,100,45,97,85,123,93,12,76,92,7,35" hai2="95,30,80,53,42,70,84,78,8,87,88,130,6" hai3="107,54,125,19,51,44,57,41,25,112,2,81,114"/><T23/><D119/><U103/><E123/><V0/><F130/><W106/><G2/><T40/><D115/><U126/><E126/><V71/><F42/><W27/><G125/><T43/><D110/><U20/><E35/><V66/><F66/><W90/><G107/><T75/><D83/><N who="1" m="47335" /><E20/><V118/><F118/><W29/><G106/><T24/><D39/><U120/><E120/><V10/><F30/><W69/><G69/><T124/><D124/><U37/><E37/><V62/><REACH who="2" step="1"/><F10/><REACH who="2" ten="250,250,240,250" step="2"/><W65/><G65/><T38/><D38/><U105/><E105/><V59/><AGARI ba="0,1" hai="0,6,8,53,59,62,70,71,78,80,84,87,88,95" machi="59" ten="30,7900,0" yaku="1,1,2,1,0,1,54,1,53,0" doraHai="99" doraHaiUra="132" who="2" fromWho="2" sc="250,-39,250,-20,240,89,250,-20" /><INIT seed="1,0,0,1,1,107" ten="211,230,329,230" oya="1" hai0="25,1,108,12,127,40,11,88,24,78,134,54,22" hai1="52,132,62,32,26,45,3,29,43,5,30,50,106" hai2="9,51,46,56,18,86,125,4,79,17,72,130,0" hai3="113,101,59,13,100,120,91,81,119,92,114,94,73"/><U35/><E132/><V80/><F130/><W66/><G13/><T105/><D105/><U90/><E106/><V112/><F125/><W60/><G120/><T75/><D1/><U69/><E5/><V131/><F131/><W76/><G119/><T118/><D118/><U110/><E3/><V122/><F112/><W117/><G117/><T82/><D127/><U49/><E110/><V74/><F56/><W84/><REACH who="3" step="1"/><G94/><REACH who="3" ten="211,230,329,220" step="2"/><T34/><D108/><U7/><E7/><V97/><F122/><W14/><G14/><T53/><D134/><U2/><E2/><V61/><F0/><W133/><G133/><T19/><D12/><U37/><E30/><V57/><F18/><W10/><G10/><T20/><D11/><U123/><E123/><V67/><F17/><W95/><G95/><T6/><D6/><U87/><E35/><V16/><F16/><W28/><G28/><T116/><D116/><U115/><E115/><AGARI ba="0,1" hai="59,60,66,73,76,81,84,91,92,100,101,113,114,115" machi="115" ten="40,2600,0" yaku="1,1,52,1,53,0" doraHai="107" doraHaiUra="129" who="3" fromWho="1" sc="211,0,230,-26,329,0,220,36" /><INIT seed="2,0,0,0,0,13" ten="211,204,329,256" oya="2" hai0="85,82,29,108,101,49,76,37,125,67,71,60,62" hai1="41,107,17,113,74,129,27,18,54,64,104,98,120" hai2="65,75,80,102,55,123,86,22,127,61,116,91,10" hai3="66,103,32,96,63,46,111,97,72,112,105,36,26"/><V131/><F116/><W6/><G111/><T109/><D37/><U133/><E113/><V44/><F123/><W57/><G112/><T84/><D125/><U100/><E74/><V8/><F131/><W110/><G110/><N who="0" m="42603" /><D101/><U11/><E41/><V132/><F132/><W119/><G119/><T77/><D62/><U50/><E133/><V134/><F75/><W121/><G96/><T94/><D94/><U30/><E129/><V59/><F127/><W117/><G6/><T34/><D49/><U9/><E64/><V53/><F134/><W1/><G1/><T95/><D95/><U135/><E135/><V43/><F102/><W4/><G4/><T23/><D34/><U126/><E126/><V115/><F115/><W92/><G92/><T48/><D48/><U128/><E128/><V31/><F65/><W69/><G117/><T114/><D114/><U3/><E120/><V83/><F55/><W70/><G72/><N who="0" m="43271" /><D77/><U78/><E78/><V24/><F83/><W89/><G89/><T42/><D42/><U2/><E100/><V81/><F81/><W73/><G73/><T45/><D45/><U47/><E98/><V56/><F56/><W15/><G121/><T90/><D90/><U118/><E118/><V124/><REACH who="2" step="1"/><F124/><REACH who="2" ten="211,204,319,256" step="2"/><W39/><G103/><T0/><D0/><N who="1" m="43" /><E107/><V38/><AGARI ba="0,1" hai="8,10,22,24,31,38,43,44,53,59,61,80,86,91" machi="38" ten="20,7800,0" yaku="1,1,0,1,7,1,53,1" doraHai="13" doraHaiUra="52" who="2" fromWho="2" sc="211,-26,204,-26,319,88,256,-26" /><INIT seed="2,1,0,5,2,6" ten="185,178,407,230" oya="2" hai0="40,104,32,133,114,88,129,12,16,62,90,1,57" hai1="118,92,106,107,73,109,47,42,25,116,115,59,124" hai2="89,64,99,58,131,119,135,108,17,77,7,100,44" hai3="101,45,63,85,68,34,23,81,36,22,2,35,94"/><V65/><F119/><W98/><G2/><T49/><D114/><U50/><E115/><V127/><F131/><W56/><G68/><T48/><D1/><U28/><E73/><V18/><F135/><W95/><G34/><T74/><D74/><U21/><E124/><V19/><F108/><W30/><G35/><T69/><D104/><U67/><E109/><V121/><F121/><W4/><G4/><T86/><D32/><U52/><E67/><V5/><F77/><W110/><G110/><T39/><D133/><U72/><E72/><V14/><F44/><W78/><G30/><T91/><D129/><U117/><REACH who="1" step="1"/><E92/><REACH who="1" ten="185,168,407,230" step="2"/><V29/><F65/><W24/><G95/><N who="0" m="54679" /><D69/><U128/><E128/><V111/><F127/><W75/><G94/><T60/><D39/><AGARI ba="1,1" hai="21,25,28,39,42,47,50,52,59,106,107,116,117,118" machi="39" ten="40,2600,0" yaku="1,1,54,1,53,0" doraHai="6" doraHaiUra="84" who="1" fromWho="0" sc="185,-29,168,39,407,0,230,0" /><INIT seed="3,0,0,5,0,37" ten="156,207,407,230" oya="3" hai0="13,42,90,123,71,39,112,128,132,80,82,113,65" hai1="70,2,115,73,16,78,91,119,135,41,93,0,116" hai2="30,129,60,52,88,6,23,75,10,67,117,130,28" hai3="108,8,120,86,99,66,104,118,107,126,105,131,72"/><W101/><G118/><N who="1" m="45098" /><E70/><V22/><F75/><W96/><G120/><T61/><D123/><U50/><E115/><N who="0" m="44105" /><D128/><N who="2" m="49258" /><F52/><W79/><G131/><T17/><D132/><U35/><E35/><V24/><F88/><W49/><G8/><N who="0" m="6311" /><D90/><U20/><E78/><V46/><F46/><AGARI ba="0,0" hai="39,42,46,61,65,71,80,82" m="6311,44105" machi="46" ten="30,2000,0" yaku="11,1,52,1" doraHai="37" who="0" fromWho="2" sc="156,20,207,0,407,-20,230,0" /><INIT seed="4,0,0,4,2,134" ten="176,207,387,230" oya="0" hai0="93,25,68,105,75,24,9,81,46,98,52,36,117" hai1="121,90,15,72,100,45,96,31,6,7,113,4,35" hai2="127,53,103,49,14,128,13,122,62,1,33,95,70" hai3="63,21,58,27,74,101,77,125,2,85,131,82,5"/><T86/><D117/><U42/><E72/><V48/><F1/><W97/><G131/><T80/><D68/><U51/><E121/><V111/><F111/><W69/><G69/><T114/><D114/><U115/><E90/><V59/><F33/><W8/><G125/><T22/><D105/><U107/><E31/><V84/><F127/><W10/><G10/><T39/><D75/><U87/><E35/><V54/><F122/><W50/><G50/><N who="0" m="28759" /><D39/><U89/><REACH who="1" step="1"/><E15/><REACH who="1" ten="176,197,387,230" step="2"/><V41/><F14/><W19/><G74/><T28/><D36/><U135/><E135/><V94/><F13/><W40/><G101/><N who="0" m="60623" /><D9/><U76/><E76/><V108/><F103/><W0/><G8/><T37/><D37/><U91/><E91/><V73/><F73/><W65/><G77/><N who="0" m="46351" /><D25/><U99/><E99/><V112/><F112/><W123/><G97/><T30/><D30/><U67/><E67/><V26/><F26/><W60/><G123/><T129/><D129/><U106/><E106/><V12/><F128/><W78/><G65/><T83/><AGARI ba="0,1" hai="22,24,28,81,83" m="46351,60623,28759" machi="83" ten="30,3000,0" yaku="8,1,54,1" doraHai="134" who="0" fromWho="0" sc="176,40,197,-10,387,-10,230,-10" /><INIT seed="4,1,0,1,2,63" ten="216,187,377,220" oya="0" hai0="40,54,10,30,22,46,101,76,64,83,97,98,56" hai1="86,92,89,37,131,44,82,13,80,60,94,132,6" hai2="36,85,81,134,75,78,49,2,9,68,16,87,96" hai3="70,73,41,133,120,66,124,1,126,79,72,74,18"/><T28/><D10/><U59/><E131/><V0/><F36/><W90/><G133/><T88/><D101/><U50/><E132/><V4/><F68/><W61/><G120/><T11/><D11/><U129/><E37/><V20/><F134/><W104/><G1/><T106/><D106/><U25/><E129/><V52/><F96/><W113/><G113/><T105/><D105/><U100/><E25/><V51/><F51/><W27/><G104/><T32/><D32/><U23/><E6/><V5/><F5/><W71/><G41/><T91/><D76/><U125/><E125/><N who="3" m="48234" /><G90/><N who="0" m="34347" /><D83/><U17/><E100/><V127/><F2/><W19/><G79/><T31/><D40/><N who="1" m="24839" /><E82/><V111/><F111/><W42/><G42/><T14/><D46/><U33/><E33/><V122/><F122/><W108/><G108/><T128/><D128/><U53/><AGARI ba="1,0" hai="13,17,23,53,59,60,80,86,89,92,94" m="24839" machi="53" ten="30,1100,0" yaku="8,1" doraHai="63" who="1" fromWho="1" sc="216,-6,187,14,377,-4,220,-4" /><INIT seed="5,0,0,5,3,31" ten="210,201,373,216" oya="1" hai0="67,100,9,83,89,11,17,130,42,41,3,36,57" hai1="129,48,76,32,114,79,88,14,65,28,75,30,126" hai2="116,115,85,33,106,22,119,16,101,59,46,86,128" hai3="7,71,63,68,72,122,108,107,134,123,58,49,18"/><U35/><E114/><V53/><F33/><N who="1" m="12873" /><E75/><V84/><F128/><W113/><G108/><T4/><D130/><U62/><E129/><V37/><F115/><W110/><G110/><T105/><D105/><U92/><E14/><V73/><F73/><W34/><G113/><T102/><D102/><U135/><E48/><V91/><F119/><W6/><G72/><T80/><D100/><U81/><E81/><V24/><F116/><W43/><G107/><T60/><D83/><U61/><E65/><V97/><F37/><W66/><G49/><T12/><D36/><U117/><E117/><V78/><F78/><N who="1" m="29737" /><E92/><V111/><F111/><W54/><G66/><T127/><D127/><U94/><E94/><V0/><F106/><W15/><G122/><T47/><D47/><U131/><E131/><V25/><F46/><W52/><G54/><T133/><D80/><U93/><E93/><V55/><F55/><W13/><G13/><T23/><D11/><U20/><E20/><V90/><F22/><N who="3" m="11615" /><G34/><T124/><D124/><U51/><E51/><V104/><F104/><W95/><G123/><T29/><D23/><U38/><E38/><V21/><F21/><W96/><G6/><T44/><D44/><U10/><E10/><V87/><F53/><W70/><G7/><T109/><D109/><U64/><E64/><V2/><F87/><W19/><G19/><T77/><D77/><U45/><E45/><V1/><F16/><W82/><G82/><T50/><D67/><U125/><E125/><V27/><F59/><N who="3" m="35303" /><G68/><T121/><D17/><U69/><E126/><V112/><F112/><RYUUKYOKU ba="0,0" sc="210,-10,201,-10,373,30,216,-10" hai2="0,1,2,24,25,27,84,85,86,90,91,97,101" /><INIT seed="6,1,0,2,2,20" ten="200,191,403,206" oya="2" hai0="134,70,36,84,72,73,87,37,67,100,28,40,51" hai1="25,126,76,112,106,64,89,17,115,119,22,8,107" hai2="44,27,32,94,91,90,45,12,61,4,99,15,35" hai3="128,109,65,80,71,23,97,120,102,26,95,123,21"/><V129/><F129/><W9/><G109/><T92/><D134/><U108/><E119/><V60/><F4/><W43/><G128/><T82/><D87/><U117/><E117/><V59/><F59/><W77/><G43/><T101/><D73/><U121/><E108/><V105/><F94/><W118/><G21/><T2/><D2/><U96/><E76/><V34/><F34/><W79/><G118/><T41/><D72/><U6/><E64/><V1/><F99/><W127/><G127/><T69/><D28/><U74/><E74/><V39/><F1/><W14/><G65/><T81/><D84/><U53/><E53/><V11/><F11/><W83/><G71/><T29/><D29/><U133/><E133/><V63/><F63/><W98/><G98/><T85/><D85/><U24/><E126/><V30/><F30/><N who="3" m="17759" /><G120/><T5/><D67/><U42/><E42/><V3/><F3/><W50/><G50/><T57/><D51/><U47/><E47/><V49/><F49/><W132/><G132/><T68/><D68/><U31/><E121/><V103/><F45/><W55/><G55/><T122/><D57/><U114/><E89/><V48/><F91/><W0/><G0/><T56/><D56/><U54/><E96/><V131/><F90/><W33/><G33/><T58/><D58/><U78/><E54/><V125/><F35/><W111/><G123/><T116/><D122/><U18/><E78/><N who="3" m="29706" /><G111/><T10/><D116/><U62/><E62/><V66/><F61/><W7/><AGARI ba="1,0" hai="7,9,14,80,83,95,97,102" m="29706,17759" machi="7" ten="30,2000,0" yaku="8,1,52,1" doraHai="20" who="3" fromWho="3" sc="200,-6,191,-6,403,-11,206,23" /><INIT seed="7,0,0,3,1,125" ten="194,185,392,229" oya="3" hai0="121,0,131,85,96,69,118,54,100,2,15,94,128" hai1="78,57,129,44,48,77,115,23,50,75,1,110,31" hai2="5,64,52,42,16,66,29,59,134,12,122,32,55" hai3="26,20,9,93,97,60,98,83,112,92,116,58,132"/><W4/><G116/><T19/><D121/><U46/><E110/><V45/><F134/><W24/><G112/><T6/><D118/><U91/><E1/><V81/><F5/><W62/><G132/><T3/><D69/><U49/><E75/><V76/><F29/><N who="3" m="17543" /><G83/><T28/><D28/><U47/><E115/><V13/><F32/><W10/><G26/><T102/><D6/><U27/><E57/><V70/><F13/><N who="3" m="5287" /><G10/><T114/><D114/><U61/><E61/><N who="3" m="23658" /><G58/><T63/><D63/><U68/><E68/><V123/><F70/><W79/><G79/><T33/><D33/><U37/><E37/><V36/><F59/><W73/><G73/><T67/><D67/><U14/><E14/><V82/><F66/><W108/><G108/><T43/><D43/><U90/><REACH who="1" step="1"/><E129/><REACH who="1" ten="194,175,392,229" step="2"/><N who="0" m="49737" /><D54/><U80/><E80/><V71/><F55/><W56/><G56/><T41/><D41/><U119/><E119/><V18/><F52/><W11/><G11/><N who="0" m="6655" /><D100/><U101/><E101/><V39/><F71/><W65/><G65/><T8/><D8/><U40/><E40/><V35/><F64/><W135/><G135/><T25/><D25/><U88/><AGARI ba="0,1" hai="23,27,31,44,46,47,48,49,50,77,78,88,90,91" machi="88" ten="40,16000,3" yaku="1,1,0,1,29,2,8,1,54,1,53,3" doraHai="125" doraHaiUra="84" who="1" fromWho="1" sc="194,-40,175,170,392,-40,229,-80" owari="154,-25.0,345,15.0,352,45.0,149,-35.0" /></mjloggm>