<mjloggm ver="2.3"><GO type="41" lobby="0"/><UN n0="%E6%82%B2%E9%81%8B%E3%81%AE%E6%B5%81%E6%98%9F" n1="%E2%93%9D%53%75%70%68%78" n2="%6E%65%31%33%36%35" n3="%73%77%65%65%74%39%31" dan="14,18,13,14" rate="1956.69,2087.83,1816.03,1923.79" sx="M,M,M,M"/><TAIKYOKU oya="0"/><INIT seed="0,0,0,2,2,92" ten="250,250,250,250" oya="0" hai0="97,68,111,24,0,60,32,40,127,102,75,1,112" hai1="126,12,23,122,94,45,116,34,108,44,100,41,85" hai2="106,79,17,110,22,36,83,21,82,28,95,105,59" hai3="16,30,123,43,46,37,135,88,74,26,35,81,3"/><T76/><D112/><U56/><E34/><V86/><F36/><W2/><G135/><T62/><D62/><U130/><E108/><V51/><F110/><W78/><G123/><T49/><D49/><U107/><E130/><V103/><F83/><W52/><G52/><T31/><D111/><U104/><E126/><V29/><F105/><W133/><G133/><T39/><D127/><U84/><E116/><V90/><F103/><W9/><G88/><T117/><D117/><U27/><E12/><V120/><F106/><W132/><G132/><T71/><D71/><U38/><E56/><V65/><F120/><W47/><G47/><N who="0" m="23967" /><D76/><U70/><E70/><V67/><F67/><W93/><G93/><T131/><D75/><U58/><E45/><V99/><F22/><W14/><AGARI ba="0,0" hai="2,3,9,14,16,26,30,35,37,43,46,74,78,81" machi="14" ten="30,2000,0" yaku="0,1,54,1" doraHai="92" who="3" fromWho="3" sc="250,-10,250,-5,250,-5,250,20" /><INIT seed="1,0,0,4,1,114" ten="240,245,245,270" oya="1" hai0="55,25,79,135,111,124,92,58,53,27,134,107,75" hai1="38,54,86,74,42,80,57,82,131,14,113,52,105" hai2="100,66,64,59,93,20,10,30,11,34,32,62,116" hai3="129,22,94,119,70,118,87,81,115,109,46,121,60"/><U23/><E113/><V126/><F126/><W99/><G115/><T123/><D107/><U122/><E122/><V6/><F66/><N who="3" m="41287" /><G121/><T73/><D123/><U96/><E131/><V65/><F65/><W43/><G22/><T95/><D124/><U45/><E74/><V37/><F37/><N who="3" m="21871" /><G129/><T2/><D58/><U26/><E82/><V127/><F127/><W33/><G33/><T71/><D71/><U35/><E35/><V5/><F34/><W78/><G109/><T48/><D48/><U31/><E14/><V1/><F32/><W98/><G94/><T67/><D67/><U0/><E0/><V61/><F30/><W28/><G28/><T47/><D47/><U49/><E105/><V133/><F20/><W125/><G125/><T16/><D2/><U29/><E54/><V12/><F93/><W91/><G91/><T103/><D79/><U112/><E112/><V85/><F100/><W56/><G56/><T69/><D69/><U104/><E104/><V24/><F85/><W17/><G17/><T68/><D68/><U51/><E96/><V19/><F24/><W106/><G106/><T50/><D50/><U8/><E38/><V21/><F1/><W102/><G102/><T89/><D103/><U41/><E31/><V90/><F5/><W18/><G18/><T83/><D83/><U4/><E42/><V3/><F3/><W63/><G63/><T36/><D36/><U128/><E128/><V108/><F62/><W132/><G132/><T44/><D135/><U13/><E80/><V101/><F133/><W130/><G130/><T84/><D134/><RYUUKYOKU ba="0,0" sc="240,-15,245,15,245,-15,270,15" hai1="4,8,13,23,26,29,41,45,49,51,52,57,86" hai3="78,81,87,98,99,118,119" /><INIT seed="1,1,0,3,1,55" ten="225,260,230,285" oya="1" hai0="125,67,123,92,15,35,27,120,12,47,79,56,90" hai1="22,130,81,61,28,111,10,8,11,72,30,18,49" hai2="62,127,105,76,132,20,117,71,23,34,101,112,66" hai3="19,98,86,32,58,91,17,24,59,37,60,5,134"/><U45/><E130/><V135/><F117/><W87/><G37/><T85/><D125/><U97/><E111/><V21/><F34/><W122/><G122/><N who="0" m="46635" /><D47/><U77/><E97/><N who="2" m="61615" /><F76/><W53/><G32/><T114/><D79/><U116/><E116/><V7/><F7/><W82/><G5/><T88/><D90/><U80/><E61/><V69/><F127/><W75/><G75/><T13/><D114/><U31/><E72/><V41/><F41/><W3/><G3/><T36/><D36/><U126/><E126/><V50/><F50/><N who="3" m="31031" /><G134/><N who="2" m="51241" /><F112/><W43/><G43/><T106/><D106/><U115/><E77/><V6/><F6/><W4/><G4/><T42/><D42/><N who="1" m="24759" /><E115/><V118/><F118/><W46/><G46/><T38/><D38/><U39/><E39/><V104/><F104/><W95/><G24/><AGARI ba="1,0" hai="8,10,11,18,22,24,28,30,31,80,81" m="24759" machi="24" ten="30,1500,0" yaku="8,1" doraHai="55" who="1" fromWho="3" sc="225,0,260,18,230,0,285,-18" /><INIT seed="1,2,0,1,4,42" ten="225,278,230,267" oya="1" hai0="89,6,20,115,133,105,119,22,1,63,45,39,116" hai1="8,55,61,82,2,28,47,103,71,83,90,50,59" hai2="130,129,109,127,62,100,40,17,79,114,85,18,5" hai3="117,128,69,72,51,37,73,77,124,96,135,102,131"/><U81/><E71/><V48/><F114/><W68/><G37/><T0/><D115/><U88/><E103/><V52/><F109/><W38/><G38/><T121/><D133/><U41/><REACH who="1" step="1"/><E28/><REACH who="1" ten="225,268,230,267" step="2"/><V126/><F100/><W101/><G135/><T26/><D119/><U86/><E86/><V27/><F85/><W36/><G36/><T74/><D39/><U93/><E93/><V104/><F104/><N who="3" m="63527" /><G102/><T70/><D105/><U76/><E76/><V24/><F79/><W9/><G117/><T19/><D70/><N who="3" m="27241" /><G77/><T98/><D116/><U7/><AGARI ba="2,1" hai="2,7,8,41,47,50,55,59,61,81,82,83,88,90" machi="7" ten="30,11700,0" yaku="1,1,0,1,52,1,54,1,53,0" doraHai="42" doraHaiUra="123" who="1" fromWho="1" sc="225,-41,268,133,230,-41,267,-41" /><INIT seed="1,3,0,3,4,128" ten="184,401,189,226" oya="1" hai0="103,129,79,62,37,30,127,98,100,56,85,118,132" hai1="42,20,11,93,13,133,52,46,45,88,22,116,87" hai2="47,120,86,7,115,76,35,48,70,24,15,36,32" hai3="29,81,26,25,8,104,4,108,64,75,50,59,102"/><U19/><E133/><V134/><F120/><W40/><G108/><T97/><D37/><U123/><E116/><V125/><F70/><W41/><G104/><T16/><D30/><U14/><E123/><V119/><F119/><W90/><G102/><T131/><D118/><U135/><E135/><V107/><F134/><W55/><G64/><T38/><D38/><U112/><E112/><V44/><F107/><W117/><G117/><T54/><D132/><U130/><E130/><N who="0" m="49673" /><D127/><U18/><E42/><V9/><F115/><W122/><G122/><T23/><D79/><U82/><E11/><V92/><F125/><W114/><G114/><T121/><D121/><U60/><E93/><V12/><F24/><W0/><G26/><N who="0" m="14695" /><D85/><U99/><E99/><AGARI ba="3,0" hai="54,56,62,97,98,99,100,103" m="14695,49673" machi="99" ten="30,2000,0" yaku="19,1,54,1" doraHai="128" who="0" fromWho="1" sc="184,29,401,-29,189,0,226,0" /><INIT seed="2,0,0,4,5,116" ten="213,372,189,226" oya="2" hai0="33,36,64,25,32,41,12,81,82,79,113,62,117" hai1="126,45,59,47,57,80,44,78,21,42,30,127,60" hai2="125,119,49,108,38,71,0,51,74,6,2,67,128" hai3="86,55,53,69,9,65,83,104,84,75,134,87,29"/><V18/><F119/><W114/><G104/><T63/><D113/><U90/><E90/><V19/><F38/><W93/><G114/><T73/><D117/><U16/><E30/><V37/><F37/><W85/><G134/><T61/><D64/><U20/><E20/><V43/><F74/><W115/><G115/><T11/><D25/><U133/><E133/><V122/><F67/><W120/><G29/><T39/><D82/><U50/><E59/><V123/><F71/><W31/><G31/><T15/><D15/><U22/><E22/><V68/><F68/><W131/><G65/><T94/><D41/><U97/><E97/><V26/><F128/><W54/><G69/><T35/><REACH who="0" step="1"/><D94/><REACH who="0" ten="203,372,189,226" step="2"/><U92/><E92/><V24/><F125/><W27/><G131/><T46/><D46/><U102/><E47/><V66/><F66/><W23/><G120/><N who="2" m="46121" /><F108/><W77/><N who="3" m="21504" /><DORA hai="98" /><W70/><G70/><T111/><D111/><U118/><E127/><V4/><F43/><W130/><G130/><T105/><D105/><U72/><E126/><V28/><F28/><W135/><G135/><T14/><D14/><U129/><E118/><V5/><F26/><W112/><G112/><T10/><D10/><U106/><E129/><V96/><F24/><W58/><G93/><T107/><D107/><U110/><E110/><V100/><F96/><W40/><G40/><T8/><D8/><U52/><E42/><V34/><F34/><W91/><G9/><T3/><D3/><N who="2" m="1066" /><F100/><W121/><G121/><T101/><D101/><U132/><E132/><V76/><F76/><W99/><G77/><RYUUKYOKU ba="0,1" sc="203,15,372,-15,189,15,226,-15" hai0="11,12,32,33,35,36,39,61,62,63,73,79,81" hai2="4,5,6,18,19,49,51" /><INIT seed="2,1,1,0,2,22" ten="218,357,204,211" oya="2" hai0="100,16,41,35,95,42,123,77,88,2,84,128,48" hai1="132,117,33,17,122,134,6,111,73,125,75,9,112" hai2="0,104,97,50,12,94,118,36,89,34,3,81,25" hai3="4,61,57,65,43,74,133,1,78,85,79,106,71"/><V83/><F118/><W29/><G106/><T8/><D123/><U24/><E117/><V20/><F36/><W110/><G74/><T63/><D2/><U101/><E112/><V47/><F34/><W31/><G1/><T27/><D128/><U7/><E101/><V80/><F104/><W30/><G71/><T121/><D121/><U87/><E125/><V76/><F76/><W21/><G4/><T119/><D119/><U70/><E111/><V39/><F12/><W109/><G133/><N who="1" m="51306" /><E70/><V72/><F39/><W90/><G43/><T64/><D100/><U10/><E87/><V116/><F72/><N who="1" m="27721" /><E122/><V124/><F124/><W40/><G40/><T130/><D130/><U86/><E86/><V38/><F38/><W59/><G59/><N who="0" m="36991" /><D35/><U107/><E107/><V93/><F94/><W129/><G129/><T66/><D66/><U69/><E69/><V53/><REACH who="2" step="1"/><F116/><REACH who="2" ten="218,357,194,211" step="2"/><W60/><G60/><T62/><D62/><U91/><E33/><V131/><F131/><W102/><G102/><T51/><D77/><N who="3" m="29193" /><G110/><T49/><D8/><U37/><E37/><V26/><F26/><N who="3" m="16591" /><G109/><T103/><D103/><U126/><E126/><V92/><F92/><AGARI ba="1,2" hai="30,31,57,61,65,85,90,92" m="16591,29193" machi="92" ten="30,2000,0" yaku="8,1,52,1" doraHai="22" who="3" fromWho="2" sc="218,0,357,0,194,-23,211,43" /><INIT seed="3,0,0,5,0,124" ten="218,357,171,254" oya="3" hai0="8,24,79,41,107,26,120,102,63,72,66,51,23" hai1="21,97,20,125,81,83,34,10,135,42,62,108,17" hai2="13,117,68,77,75,94,103,93,110,73,44,28,109" hai3="35,45,1,52,58,118,127,128,71,33,132,49,18"/><W43/><G1/><T12/><D120/><U85/><E108/><V54/><F117/><W84/><G118/><T129/><D129/><U57/><E135/><V121/><F68/><W27/><G71/><T7/><D26/><U25/><E34/><V39/><F121/><W16/><G127/><T29/><D107/><U56/><E42/><V122/><F122/><W38/><G132/><T95/><D72/><U92/><E57/><V3/><F3/><W36/><G128/><T99/><D79/><U48/><E48/><V126/><F126/><W76/><G36/><T87/><D87/><U70/><E10/><V134/><F134/><W115/><G115/><T4/><D51/><U96/><E70/><V69/><F69/><W53/><G53/><T78/><D78/><U19/><E97/><V65/><F39/><W61/><G38/><T114/><D41/><U91/><E85/><V100/><F73/><W105/><G105/><T31/><D31/><U106/><E106/><V86/><F75/><W11/><G35/><T15/><D114/><U116/><E116/><V59/><F110/><W5/><G33/><T80/><D80/><U67/><E125/><V119/><F109/><W104/><G104/><T14/><D4/><U50/><E50/><V74/><F74/><W47/><G47/><T9/><D9/><U131/><E131/><V89/><F119/><W46/><G46/><T90/><D90/><U98/><E98/><V40/><F89/><W22/><G5/><T111/><D111/><U123/><E123/><V0/><F0/><W113/><G113/><T82/><D82/><RYUUKYOKU ba="0,0" sc="218,15,357,15,171,-15,254,-15" hai0="7,8,12,14,15,23,24,29,63,66,95,99,102" hai1="17,19,20,21,25,56,62,67,81,83,91,92,96" /><INIT seed="4,1,0,5,1,45" ten="233,372,156,239" oya="0" hai0="89,3,18,60,115,46,109,41,77,20,16,19,97" hai1="83,103,2,51,30,70,120,118,7,98,91,67,55" hai2="100,78,28,5,85,22,94,54,73,82,43,42,126" hai3="25,117,65,121,68,62,124,4,15,9,49,10,79"/><T21/><D3/><U130/><E118/><V40/><F126/><W129/><G117/><T114/><D109/><U81/><E120/><V27/><F5/><W11/><G124/><T106/><D77/><U111/><E130/><V34/><F54/><W74/><G129/><T123/><D123/><U122/><E30/><V119/><F119/><W26/><G121/><T13/><D60/><U50/><E70/><V63/><F63/><W128/><G128/><T84/><D97/><U72/><E67/><V87/><REACH who="2" step="1"/><F34/><REACH who="2" ten="233,372,146,239" step="2"/><W116/><G116/><T90/><D106/><U23/><E55/><V29/><F29/><W92/><G4/><T44/><D44/><U14/><E7/><V8/><F8/><W88/><G15/><T112/><D13/><U69/><E14/><V125/><F125/><W17/><G17/><T105/><D105/><U37/><E122/><V132/><F132/><W86/><G26/><T58/><D58/><U134/><E134/><V101/><F101/><W52/><G25/><T64/><D64/><U127/><E103/><V76/><F76/><W104/><G104/><T66/><D66/><U71/><E127/><V12/><F12/><W107/><G107/><T131/><D131/><U53/><E71/><V75/><F75/><W39/><G79/><T99/><D99/><AGARI ba="1,1" hai="22,27,28,40,42,43,73,78,82,85,87,94,99,100" machi="99" ten="40,8000,1" yaku="1,1,53,3" doraHai="45" doraHaiUra="38" who="2" fromWho="0" sc="233,-83,372,0,146,93,239,0" /><INIT seed="5,0,0,5,4,6" ten="150,372,239,239" oya="1" hai0="42,5,36,92,98,15,28,33,126,94,116,103,93" hai1="82,56,104,83,60,4,96,20,17,59,88,10,74" hai2="69,55,130,117,95,121,80,114,3,122,99,113,49" hai3="105,62,9,108,128,133,73,66,48,64,26,19,21"/><U67/><E74/><V72/><F117/><W23/><G105/><T0/><D0/><U2/><E59/><V97/><F69/><W32/><G73/><T37/><D126/><U77/><E77/><N who="2" m="44071" /><F3/><W101/><G108/><T11/><D116/><U86/><E104/><V43/><F43/><W30/><G101/><T44/><REACH who="0" step="1"/><D36/><REACH who="0" ten="140,372,239,239" step="2"/><U85/><E83/><V78/><F122/><W25/><G128/><T14/><D14/><U100/><E82/><V134/><F121/><W45/><G133/><T52/><D52/><U47/><E2/><V34/><F130/><W58/><G66/><T89/><D89/><U81/><E88/><V131/><F134/><W79/><G79/><T65/><D65/><U125/><E125/><V35/><F131/><W112/><G112/><T27/><AGARI ba="0,1" hai="5,11,15,27,28,33,37,42,44,92,93,94,98,103" machi="27" ten="30,12000,2" yaku="1,1,0,1,52,1,53,3" doraHai="6" doraHaiUra="91" who="0" fromWho="0" sc="140,130,372,-60,239,-30,239,-30" /><INIT seed="6,0,0,1,2,65" ten="270,312,209,209" oya="2" hai0="16,27,104,26,61,42,74,18,119,113,67,115,14" hai1="2,44,89,94,101,3,100,124,62,9,46,92,122" hai2="39,37,108,5,107,63,32,105,73,49,47,70,53" hai3="111,4,102,59,15,85,68,117,69,29,97,66,131"/><V84/><F73/><W64/><G117/><T130/><D119/><U114/><E114/><N who="0" m="43529" /><D74/><U80/><E124/><V79/><F32/><W106/><G111/><T133/><D104/><U86/><E62/><V135/><F108/><W1/><G15/><T55/><D55/><U103/><E122/><V33/><F33/><W0/><G64/><T81/><D133/><U99/><E3/><N who="3" m="1098" /><G4/><T40/><D130/><U34/><E34/><V48/><F135/><W31/><G85/><T50/><D81/><U71/><E71/><N who="3" m="27210" /><G66/><T19/><D14/><U77/><REACH who="1" step="1"/><E94/><REACH who="1" ten="270,302,209,209" step="2"/><V96/><F70/><W43/><G59/><N who="0" m="37311" /><D50/><U93/><E93/><V20/><F49/><W41/><G106/><T127/><D127/><U23/><E23/><V24/><F63/><W87/><G87/><T7/><D7/><AGARI ba="0,1" hai="2,7,9,44,46,77,80,86,89,92,99,100,101,103" machi="7" ten="40,1300,0" yaku="1,1,53,0" doraHai="65" doraHaiUra="17" who="1" fromWho="0" sc="270,-13,302,23,209,0,209,0" /><INIT seed="7,0,0,4,0,121" ten="257,325,209,209" oya="3" hai0="61,44,95,123,115,9,27,100,116,124,132,114,11" hai1="8,49,130,51,129,1,68,25,134,77,5,82,79" hai2="106,78,3,50,72,73,17,104,54,120,24,74,118" hai3="63,46,90,125,93,122,13,60,80,30,23,14,65"/><W42/><G122/><T128/><D123/><U20/><E134/><V131/><F120/><W31/><G125/><T33/><D116/><U57/><E68/><V117/><F78/><N who="1" m="29705" /><E57/><V127/><F3/><W52/><G80/><T113/><D124/><U81/><E51/><V55/><F127/><W6/><G42/><T135/><D128/><N who="1" m="49259" /><E49/><V53/><F131/><W66/><G46/><T59/><D44/><U38/><E38/><V40/><F40/><W84/><G6/><T26/><D33/><U92/><E92/><V58/><F50/><W101/><G101/><T35/><D95/><U69/><E69/><V98/><F58/><N who="3" m="34887" /><G63/><T36/><D36/><U45/><E45/><V102/><F106/><W21/><G13/><T111/><D100/><U10/><E10/><N who="0" m="3593" /><D111/><U99/><E99/><V18/><REACH who="2" step="1"/><F24/><REACH who="2" ten="257,325,199,209" step="2"/><N who="0" m="9258" /><D35/><U28/><AGARI ba="0,1" hai="1,5,8,20,25,28,81,82" m="49259,29705" machi="28" ten="30,1100,0" yaku="19,1" doraHai="121" who="1" fromWho="1" sc="257,-3,325,21,199,-3,209,-5" owari="254,5.0,346,45.0,196,-30.0,204,-20.0" /></mjloggm>