<mjloggm ver="2.3"><GO type="41" lobby="0"/><UN n0="%73%74%73%32" n1="%E2%93%9D%53%75%70%68%78" n2="%E6%BF%80%E5%BC%B1" n3="%69%64%E5%A4%B1%E5%8A%B9%E3%81%97%E3%81%9F" dan="14,17,15,15" rate="1923.05,2032.95,1955.00,2033.42" sx="M,M,F,M"/><TAIKYOKU oya="0"/><INIT seed="0,0,0,1,5,132" ten="250,250,250,250" oya="0" hai0="133,134,22,124,111,61,36,121,17,90,104,54,69" hai1="11,102,93,62,76,78,2,101,123,41,60,86,46" hai2="65,25,100,131,135,116,39,119,114,14,128,127,98" hai3="16,32,18,83,44,87,125,59,0,91,5,117,64"/><T109/><D121/><U30/><E30/><V51/><F39/><W68/><G117/><N who="2" m="45129" /><F51/><W21/><G68/><T3/><D3/><U6/><E123/><V72/><F65/><W1/><G44/><T53/><D104/><U122/><E122/><V31/><F14/><W58/><G32/><T112/><D112/><U27/><E27/><V50/><F50/><W77/><G18/><T9/><D9/><U57/><E62/><V103/><F135/><N who="0" m="51722" /><D36/><U71/><E71/><V56/><F56/><W49/><G125/><T38/><D38/><U47/><E47/><V35/><F103/><W24/><G5/><T26/><D90/><U48/><E102/><V45/><F45/><W85/><G58/><N who="0" m="35023" /><D69/><U120/><E120/><V29/><F29/><W4/><G4/><T81/><D81/><U20/><E101/><V43/><F43/><W63/><REACH who="3" step="1"/><G49/><REACH who="3" ten="250,250,250,240" step="2"/><T66/><D124/><U40/><E40/><V70/><F70/><W97/><G97/><T67/><D54/><U84/><E41/><V82/><F127/><W118/><G118/><T99/><D99/><U115/><E46/><V74/><F114/><W130/><G130/><N who="2" m="49705" /><F82/><AGARI ba="0,1" hai="0,1,16,21,24,59,63,64,77,82,83,85,87,91" machi="82" ten="30,7700,0" yaku="1,1,7,1,54,1,53,1" doraHai="132" doraHaiUra="13" who="3" fromWho="2" sc="250,0,250,0,250,-77,240,87" /><INIT seed="1,0,0,4,0,126" ten="250,250,173,327" oya="1" hai0="131,119,120,87,91,41,109,37,73,33,59,80,95" hai1="72,98,34,16,64,5,53,75,32,8,22,97,20" hai2="60,134,61,17,103,130,92,19,74,71,25,57,121" hai3="36,14,124,2,54,125,102,85,70,108,1,112,133"/><U96/><E64/><V107/><F121/><W110/><G112/><T30/><D119/><U9/><E53/><V10/><F74/><N who="1" m="28201" /><E16/><V44/><F134/><W89/><G133/><T42/><D120/><U28/><E28/><V101/><F107/><W0/><G102/><T48/><D37/><U65/><E65/><V58/><F92/><N who="3" m="54319" /><G70/><T39/><D39/><U78/><E5/><V24/><F44/><W4/><G36/><T127/><D30/><U38/><E78/><V47/><F47/><W117/><G117/><T82/><D33/><N who="1" m="12907" /><E38/><V55/><F55/><W68/><G68/><T86/><D73/><U77/><E77/><V84/><F71/><W29/><G54/><T81/><D59/><U67/><E67/><V90/><F90/><W15/><G29/><T12/><D41/><U105/><E105/><V76/><F76/><W3/><N who="3" m="0" /><DORA hai="45" /><W83/><G83/><T113/><D42/><U129/><E129/><V62/><F62/><W116/><G116/><T104/><D131/><U123/><E123/><V79/><F79/><W128/><G128/><T27/><D80/><U122/><E122/><V69/><F69/><W26/><G26/><T52/><D27/><U93/><E93/><V21/><F130/><W50/><G50/><T114/><D104/><U115/><E115/><V23/><F84/><W7/><G7/><T40/><D95/><U18/><E18/><V49/><F49/><W56/><G56/><T111/><D114/><U100/><E100/><V94/><F94/><W46/><G4/><T135/><D113/><U35/><E35/><V51/><F51/><RYUUKYOKU ba="0,0" sc="250,-15,250,15,173,15,327,-15" hai1="8,9,20,22,96,97,98" hai2="10,17,19,21,23,24,25,57,58,60,61,101,103" /><INIT seed="1,1,0,2,3,27" ten="235,265,188,312" oya="1" hai0="25,124,36,122,103,79,109,10,115,6,13,74,4" hai1="21,8,135,35,14,87,101,45,33,129,132,63,66" hai2="116,93,12,107,96,43,106,64,18,1,131,105,11" hai3="16,83,29,90,68,104,56,80,26,97,48,62,110"/><U31/><E101/><V81/><F116/><W94/><G110/><T61/><D115/><U19/><E45/><V23/><F64/><W85/><G68/><T102/><D36/><U126/><E87/><V112/><F112/><W76/><G48/><T59/><D109/><U108/><E108/><V92/><F81/><W65/><G80/><T111/><D124/><U55/><E55/><V32/><F32/><W84/><G104/><T134/><D134/><N who="1" m="51243" /><E129/><V5/><F131/><W15/><G85/><T117/><D117/><U49/><E49/><V40/><REACH who="2" step="1"/><F92/><REACH who="2" ten="235,265,178,312" step="2"/><W123/><G123/><T52/><D111/><U127/><E35/><V125/><F125/><W78/><G78/><T39/><D122/><U118/><E33/><V71/><F71/><W130/><G130/><T58/><D79/><U20/><E118/><V69/><F69/><W75/><G75/><T53/><D74/><U70/><E21/><V89/><AGARI ba="1,1" hai="1,5,11,12,18,23,40,43,89,93,96,105,106,107" machi="89" ten="30,4000,0" yaku="1,1,0,1,53,1" doraHai="27" doraHaiUra="0" who="2" fromWho="2" sc="235,-11,265,-21,178,53,312,-11" /><INIT seed="2,0,0,1,4,32" ten="224,244,231,301" oya="2" hai0="75,129,38,101,71,121,134,51,67,112,1,89,25" hai1="59,102,96,65,44,36,31,17,0,99,76,66,78" hai2="74,47,127,118,90,88,114,100,19,132,8,125,20" hai3="68,135,116,93,73,29,43,120,34,27,123,52,53"/><V113/><F74/><W82/><G116/><T26/><D101/><U97/><E31/><V39/><F118/><W30/><G68/><T92/><D121/><U42/><E102/><V91/><F100/><W5/><G135/><T131/><D75/><U98/><E98/><V41/><F132/><W62/><G43/><T9/><D112/><U107/><E107/><V10/><F113/><W48/><G5/><N who="0" m="1199" /><D51/><U85/><E0/><V105/><F105/><W72/><G29/><T21/><D38/><U45/><E17/><V56/><F56/><W69/><G93/><T103/><D103/><U22/><E59/><V16/><F19/><W109/><G109/><T106/><D106/><U122/><E36/><V83/><F83/><W81/><G73/><T87/><D21/><U2/><E22/><V6/><F114/><W57/><G69/><T28/><D28/><U95/><E122/><V3/><REACH who="2" step="1"/><F8/><REACH who="2" ten="224,244,221,301" step="2"/><W84/><G72/><T46/><D134/><U124/><E95/><V63/><F63/><W15/><G82/><T58/><D71/><U94/><E94/><V77/><F77/><W86/><G81/><T70/><D70/><U23/><E78/><V14/><AGARI ba="0,1" hai="3,6,10,14,16,20,39,41,47,88,90,91,125,127" machi="14" ten="30,18000,2" yaku="1,1,0,1,52,1,54,2,53,1" doraHai="32" doraHaiUra="11" who="2" fromWho="2" sc="224,-60,244,-60,221,190,301,-60" /><INIT seed="2,1,0,5,4,15" ten="164,184,411,241" oya="2" hai0="119,92,65,61,71,135,41,47,58,18,117,34,124" hai1="74,94,29,127,77,51,0,27,26,116,69,87,82" hai2="99,121,30,38,5,91,7,118,102,45,108,12,59" hai3="95,37,53,6,52,129,16,44,73,109,36,13,132"/><V104/><F121/><W122/><G122/><T24/><D124/><U96/><E116/><V55/><F118/><W125/><G73/><T120/><D120/><U79/><E0/><V33/><F33/><W90/><G6/><T49/><D135/><U17/><E69/><V67/><F30/><W63/><G63/><T70/><D92/><U126/><E51/><V21/><F67/><W4/><G4/><T2/><D2/><U78/><E27/><V50/><F91/><W131/><G125/><N who="1" m="47626" /><E17/><V111/><F38/><N who="3" m="14955" /><G44/><T86/><D119/><U62/><E62/><V14/><F45/><W32/><G32/><T76/><D117/><U23/><E74/><V20/><F20/><N who="3" m="11279" /><G109/><N who="2" m="42057" /><F14/><W1/><G132/><T81/><REACH who="0" step="1"/><D34/><REACH who="0" ten="154,184,411,241" step="2"/><U22/><E22/><AGARI ba="1,1" hai="18,22,24,41,47,49,58,61,65,70,71,76,81,86" machi="22" ten="40,5200,0" yaku="1,1,2,1,52,1,53,0" doraHai="15" doraHaiUra="84" who="0" fromWho="1" sc="154,65,184,-55,411,0,241,0" /><INIT seed="3,0,0,4,2,79" ten="219,129,411,241" oya="3" hai0="10,104,67,21,16,26,103,97,20,83,8,112,32" hai1="85,59,62,14,56,119,57,49,81,118,61,41,1" hai2="44,78,55,11,95,107,121,131,48,4,9,37,115" hai3="36,66,68,92,7,12,125,114,19,76,77,116,50"/><W18/><G114/><T27/><D32/><U72/><E72/><V60/><F115/><W23/><G36/><T98/><D67/><U93/><E1/><V58/><F107/><W102/><G116/><N who="1" m="44586" /><E93/><V42/><F131/><W94/><G125/><T43/><D43/><U64/><E14/><V90/><F121/><W101/><G68/><T24/><D24/><U130/><E85/><V38/><F78/><N who="3" m="30315" /><G66/><T84/><D98/><U134/><E81/><V91/><F91/><W74/><G74/><T17/><D112/><U30/><E30/><V39/><REACH who="2" step="1"/><F4/><REACH who="2" ten="219,129,401,241" step="2"/><W6/><G6/><T120/><D120/><U100/><E130/><V46/><F46/><W53/><G7/><T40/><D40/><U126/><E100/><N who="3" m="38506" /><G19/><T106/><D106/><U75/><E75/><V34/><F34/><W47/><AGARI ba="0,1" hai="12,18,23,47,50,53,92,94" m="38506,30315" machi="47" ten="30,1500,0" yaku="8,1" doraHai="79" who="3" fromWho="3" sc="219,-5,129,-5,401,-5,241,25" /><INIT seed="3,1,0,5,5,68" ten="214,124,396,266" oya="3" hai0="109,88,19,99,28,55,115,62,108,103,76,36,46" hai1="105,86,125,83,5,52,91,12,30,63,100,4,112" hai2="120,66,123,85,33,7,90,10,65,48,51,77,107" hai3="118,22,93,21,134,94,92,116,71,15,23,117,106"/><W126/><G71/><T97/><D76/><U24/><E112/><V87/><F77/><W45/><G126/><T128/><D28/><U20/><E125/><V80/><F33/><W70/><G70/><T74/><D74/><U58/><E105/><V72/><F87/><W8/><G106/><T131/><D115/><U61/><E100/><V102/><F102/><W75/><G75/><T35/><D35/><U119/><E119/><V78/><F107/><W2/><G2/><T122/><D122/><N who="2" m="46634" /><F66/><W127/><G127/><T9/><D103/><U54/><E12/><N who="2" m="5215" /><F65/><W95/><N who="3" m="23552" /><DORA hai="40" /><W25/><G134/><T57/><D88/><U114/><E114/><V37/><F37/><W26/><REACH who="3" step="1"/><G45/><REACH who="3" ten="214,124,396,256" step="2"/><T82/><D46/><U41/><E41/><V130/><F130/><W110/><G110/><T133/><D133/><U64/><REACH who="1" step="1"/><E54/><REACH who="1" ten="214,114,396,256" step="2"/><V27/><F72/><W104/><G104/><T73/><D73/><U14/><E14/><V39/><F27/><W121/><G121/><T79/><D55/><U34/><E34/><V59/><F59/><AGARI ba="1,2" hai="4,5,20,24,30,52,58,59,61,63,64,83,86,91" machi="59" ten="30,7700,0" yaku="1,1,7,1,8,1,54,1,53,0" doraHai="68,40" doraHaiUra="31,98" who="1" fromWho="2" sc="214,0,114,100,396,-80,256,0" /><INIT seed="4,0,0,1,1,132" ten="214,214,316,256" oya="0" hai0="71,121,43,67,91,131,24,78,13,135,19,107,31" hai1="68,96,61,97,86,122,28,17,118,58,119,133,128" hai2="39,87,105,22,49,41,63,59,26,108,15,80,32" hai3="92,56,109,99,100,70,12,69,88,54,110,66,42"/><T65/><D121/><U113/><E122/><V3/><F108/><W101/><G42/><T95/><D107/><U94/><E68/><V114/><F105/><W10/><G109/><T50/><D78/><U27/><E133/><V102/><F3/><W40/><G40/><T103/><D103/><U129/><E17/><V75/><F102/><W116/><G116/><T14/><D131/><N who="1" m="50251" /><E86/><V83/><F75/><W2/><G2/><T123/><D71/><U134/><E113/><V82/><F114/><W11/><G11/><T72/><D72/><U76/><E76/><V1/><F1/><W23/><G23/><N who="0" m="15775" /><D123/><U89/><E97/><V34/><F39/><W64/><G70/><T79/><D79/><U106/><E106/><V51/><F34/><W38/><G38/><T29/><D29/><U8/><E8/><V125/><F32/><W25/><G25/><T55/><D43/><U44/><E44/><V9/><F41/><W46/><G46/><N who="0" m="28119" /><D135/><U53/><E134/><V47/><F47/><W111/><G111/><T117/><D117/><U73/><E73/><V120/><F120/><W45/><G45/><T21/><D13/><U93/><E93/><V112/><F15/><W48/><G69/><T52/><D52/><U98/><E98/><AGARI ba="0,0" hai="14,19,21,65,67,91,95,98" m="28119,15775" machi="98" ten="30,1500,0" yaku="8,1" doraHai="132" who="0" fromWho="1" sc="214,15,214,-15,316,0,256,0" /><INIT seed="4,1,0,5,3,78" ten="229,199,316,256" oya="0" hai0="113,90,35,135,21,30,44,47,63,81,18,109,10" hai1="98,4,71,127,51,126,117,102,61,129,123,105,42" hai2="26,104,3,77,75,23,128,70,103,8,100,80,84" hai3="28,1,115,56,54,92,87,83,108,99,106,37,120"/><T111/><D113/><U17/><E123/><V86/><F70/><W72/><G108/><N who="0" m="41547" /><D10/><U39/><E117/><V31/><F128/><W25/><G37/><T66/><D30/><U58/><E4/><V29/><F29/><W132/><G1/><T65/><D35/><U119/><E119/><V55/><F55/><W48/><G132/><T0/><D0/><U68/><E17/><V32/><F32/><W133/><G133/><T91/><D135/><U60/><E129/><V124/><F124/><N who="1" m="47657" /><E39/><V40/><F40/><W122/><G115/><T57/><D66/><N who="1" m="39191" /><E61/><V69/><F69/><W11/><G72/><T9/><D9/><U89/><E89/><N who="0" m="33801" /><D81/><U88/><E71/><V22/><F22/><N who="3" m="15415" /><G106/><T134/><D134/><U45/><E68/><V15/><F3/><W67/><G67/><T6/><D6/><U94/><E105/><V79/><F104/><W125/><G11/><T82/><D82/><U7/><E7/><N who="2" m="3487" /><F75/><W16/><G16/><T49/><D49/><U46/><E51/><V97/><F97/><W50/><G50/><T33/><D33/><U116/><E116/><V118/><F118/><W53/><G125/><T64/><D64/><U27/><E98/><V24/><F24/><AGARI ba="1,0" hai="18,21,24,44,47,57,63,65" m="33801,41547" machi="24" ten="30,1500,0" yaku="10,1" doraHai="78" who="0" fromWho="2" sc="229,18,199,0,316,-18,256,0" /><INIT seed="4,2,0,2,0,55" ten="247,199,298,256" oya="0" hai0="132,12,62,10,23,5,109,67,87,14,80,22,35" hai1="51,98,9,75,126,102,20,24,0,128,88,38,70" hai2="81,112,46,76,134,101,89,79,103,11,97,30,13" hai3="19,59,42,93,60,123,119,130,131,78,58,125,84"/><T4/><D132/><U82/><E38/><V2/><F134/><W45/><G119/><T121/><D121/><U74/><E70/><V17/><F2/><W40/><G125/><T54/><D54/><U83/><E126/><V122/><F122/><W47/><G123/><T61/><D35/><U106/><E128/><N who="3" m="49194" /><G19/><T99/><D99/><U108/><E108/><V71/><F71/><W32/><G32/><T7/><D109/><U56/><E9/><V28/><F112/><W86/><G78/><N who="2" m="29737" /><F46/><N who="3" m="17419" /><G93/><T43/><D43/><N who="3" m="16425" /><G60/><N who="0" m="23147" /><D67/><U135/><E135/><V117/><F117/><W120/><G120/><T92/><D92/><U91/><E106/><V15/><F15/><N who="0" m="5674" /><D10/><U72/><E72/><V113/><F113/><W27/><G27/><T8/><D8/><U25/><E25/><V50/><F50/><W118/><G118/><T95/><D95/><U73/><E73/><V100/><F97/><W18/><G18/><T69/><D69/><U52/><E75/><V53/><F53/><W1/><G1/><T115/><D115/><U116/><E116/><V90/><F81/><N who="1" m="30729" /><E0/><V44/><F44/><W16/><G16/><T26/><D26/><U41/><E74/><V29/><AGARI ba="2,0" hai="11,13,17,28,29,30,89,90,100,101,103" m="29737" machi="29" ten="40,1500,0" yaku="8,1" doraHai="55" who="2" fromWho="2" sc="247,-9,199,-6,298,21,256,-6" /><INIT seed="5,0,0,2,4,125" ten="238,193,319,250" oya="1" hai0="77,25,33,53,49,87,17,8,35,128,120,27,78" hai1="70,122,115,51,32,97,72,123,91,10,52,101,79" hai2="92,4,39,67,65,23,47,134,82,3,130,114,63" hai3="88,106,102,31,74,121,19,96,34,59,126,98,69"/><U107/><E70/><V124/><F124/><W5/><G121/><T62/><D62/><U132/><E32/><V118/><F134/><W99/><G74/><T18/><D120/><U42/><E42/><V113/><F118/><W112/><G69/><T116/><D116/><U75/><E132/><V61/><F82/><W117/><G117/><T73/><D73/><U14/><E115/><N who="2" m="44043" /><F92/><W22/><G5/><T50/><D53/><U100/><E100/><V41/><F23/><W83/><G126/><T129/><D87/><U66/><E66/><N who="2" m="25099" /><F4/><W40/><G40/><T111/><REACH who="0" step="1"/><D8/><REACH who="0" ten="228,193,319,250" step="2"/><U110/><E75/><V103/><F63/><W29/><G112/><T56/><D56/><U26/><E123/><V46/><F61/><W0/><G59/><T60/><D60/><U105/><E122/><V89/><F47/><W64/><G64/><T37/><D37/><U15/><E72/><V55/><F55/><W1/><G98/><T20/><D20/><U45/><E97/><V9/><F39/><W7/><G99/><T57/><D57/><U6/><E45/><V38/><F38/><W84/><G34/><T95/><D95/><U80/><E52/><V104/><F46/><W44/><G44/><T131/><D131/><U2/><E51/><V21/><F130/><W30/><REACH who="3" step="1"/><G7/><REACH who="3" ten="228,193,319,240" step="2"/><T71/><D71/><U90/><E6/><V13/><F41/><W28/><N who="3" m="7168" /><DORA hai="58" /><W86/><G86/><T76/><D76/><U135/><E79/><V43/><F43/><W93/><G93/><T12/><D12/><AGARI ba="0,2" hai="0,1,12,19,22,83,84,88,96,102,106" m="7168" machi="12" ten="50,12000,2" yaku="1,1,54,1,53,4" doraHai="125,58" doraHaiUra="24,108" who="3" fromWho="0" sc="228,-120,193,0,319,0,240,140" /><INIT seed="6,0,0,1,5,68" ten="108,193,319,380" oya="2" hai0="101,113,48,93,4,45,77,110,135,12,95,130,126" hai1="82,44,91,108,80,23,14,60,40,54,36,0,30" hai2="6,50,129,112,56,118,96,94,86,78,81,74,38" hai3="25,43,9,11,109,20,33,104,5,117,63,1,32"/><V42/><F118/><W79/><G104/><T34/><D110/><U8/><E108/><V41/><F129/><W98/><G109/><T31/><D130/><U35/><E35/><V103/><F112/><W61/><G117/><T27/><D113/><U90/><E0/><V47/><F6/><W26/><G98/><T128/><D128/><U119/><E119/><V125/><F125/><W107/><G107/><T123/><D123/><U55/><E30/><V69/><F69/><W66/><G79/><T73/><D126/><U75/><E23/><V116/><F116/><W24/><G43/><T120/><D101/><U13/><E13/><V99/><F99/><W67/><G11/><T29/><D29/><U64/><E82/><V22/><F22/><W122/><G122/><T2/><D2/><U10/><E10/><V102/><F102/><W53/><G53/><T121/><D135/><U88/><E75/><V124/><F124/><W17/><G33/><T59/><D59/><U65/><E80/><V97/><F97/><W58/><G32/><T7/><D121/><U92/><E92/><N who="0" m="35401" /><D12/><U52/><REACH who="1" step="1"/><E60/><REACH who="1" ten="108,183,319,380" step="2"/><V132/><F74/><W16/><G17/><AGARI ba="0,1" hai="8,14,17,36,40,44,52,54,55,64,65,88,90,91" machi="17" ten="40,8000,1" yaku="1,1,2,1,52,1,54,2,53,0" doraHai="68" doraHaiUra="100" who="1" fromWho="3" sc="108,0,183,90,319,0,380,-80" /><INIT seed="7,0,0,1,2,100" ten="108,273,319,300" oya="3" hai0="28,51,103,33,125,122,82,113,56,20,27,66,41" hai1="34,46,80,11,61,116,91,49,58,87,78,88,117" hai2="115,111,38,30,114,99,90,70,40,130,134,10,14" hai3="128,54,121,86,35,77,106,110,124,126,131,92,98"/><W75/><G121/><T85/><D122/><U72/><E34/><V79/><F70/><W64/><G64/><T9/><D125/><N who="3" m="48233" /><G110/><T5/><D113/><N who="2" m="43018" /><F111/><W12/><G35/><T17/><D33/><U24/><E24/><V22/><F130/><N who="3" m="49707" /><G106/><T95/><D41/><U94/><E11/><V31/><F134/><W42/><G42/><T133/><D133/><U19/><E19/><V18/><F79/><W108/><G108/><T52/><D17/><U26/><E26/><V23/><F99/><W119/><G119/><T7/><D9/><U135/><E135/><V13/><F90/><N who="3" m="55575" /><G54/><T123/><D123/><U73/><E91/><V45/><F23/><W104/><G104/><T129/><D129/><U50/><E73/><V118/><F118/><N who="1" m="45673" /><E46/><V65/><F65/><AGARI ba="0,0" hai="49,50,58,61,65,72,78,80,87,88,94" m="45673" machi="65" ten="30,2000,0" yaku="12,1,54,1" doraHai="100" who="1" fromWho="2" sc="108,0,273,20,319,-20,300,0" owari="108,-39.0,293,-11.0,299,10.0,300,40.0" /></mjloggm>