<mjloggm ver="2.3"><GO type="41" lobby="0"/><UN n0="%E2%93%9D%53%75%70%68%78" n1="%E3%82%AB%E3%83%88%E5%81%A5" n2="%42%49%47%59" n3="%4D%6E%54%6B%79" dan="18,14,14,14" rate="2077.19,1980.84,1850.99,1941.06" sx="M,M,M,M"/><TAIKYOKU oya="0"/><INIT seed="0,0,0,2,1,39" ten="250,250,250,250" oya="0" hai0="68,6,73,105,21,116,62,14,112,110,124,71,18" hai1="46,84,107,30,13,23,115,131,57,93,28,119,42" hai2="123,25,67,75,31,113,90,117,132,10,58,59,118" hai3="26,101,125,85,96,27,102,44,89,49,2,64,99"/><T135/><D112/><U65/><E107/><V55/><F75/><W24/><G2/><T40/><D116/><N who="2" m="44650" /><F113/><W88/><G64/><T111/><D135/><U35/><E35/><N who="2" m="20975" /><F132/><W5/><G5/><T34/><D124/><U22/><E131/><V7/><F123/><W121/><G125/><T97/><D34/><U72/><E72/><V108/><F108/><N who="0" m="41514" /><D73/><U128/><E128/><V79/><F79/><W69/><G69/><T130/><D6/><U86/><E30/><V92/><F67/><W53/><G121/><T104/><D130/><U70/><E28/><V32/><F55/><W37/><G37/><T36/><D62/><U38/><E70/><N who="0" m="26665" /><D97/><N who="3" m="37449" /><G89/><T95/><D95/><AGARI ba="0,0" hai="24,26,27,44,49,53,85,88,95,101,102" m="37449" machi="95" ten="30,2000,0" yaku="8,1,54,1" doraHai="39" who="3" fromWho="0" sc="250,-20,250,0,250,0,250,20" /><INIT seed="1,0,0,0,5,114" ten="230,250,250,270" oya="1" hai0="97,21,113,4,24,133,134,105,109,41,52,98,16" hai1="104,70,108,73,35,60,9,82,116,112,28,92,40" hai2="10,81,88,110,91,129,85,25,61,22,96,66,42" hai3="93,2,3,99,49,95,11,68,34,65,54,59,6"/><U121/><E112/><V130/><F110/><W51/><G34/><T101/><D113/><U33/><E121/><V127/><F127/><W31/><G31/><T125/><D41/><U106/><E92/><V132/><F132/><N who="0" m="50794" /><D125/><U135/><E28/><V78/><F42/><W87/><G3/><T48/><D98/><U27/><E27/><V131/><F10/><W84/><G93/><T23/><D4/><U43/><E9/><V20/><F96/><W0/><G0/><T71/><D71/><U122/><E43/><V44/><F44/><W5/><G5/><T120/><D23/><N who="2" m="8746" /><F25/><W86/><G68/><AGARI ba="0,0" hai="61,66,68,78,81,85,88,91,129,130,131" m="8746" machi="68" ten="30,2000,0" yaku="19,1,54,1" doraHai="114" who="2" fromWho="3" sc="230,0,250,0,250,20,270,-20" /><INIT seed="2,0,0,5,5,94" ten="230,250,270,250" oya="2" hai0="97,43,131,44,132,128,50,130,3,17,48,7,119" hai1="85,6,90,0,55,54,71,104,66,125,99,109,91" hai2="83,62,102,40,31,77,4,113,121,112,25,96,117" hai3="16,78,118,38,134,72,36,41,47,89,74,58,73"/><V87/><F117/><W103/><G118/><T9/><D119/><U64/><E6/><V124/><F121/><W30/><G30/><T79/><D132/><U19/><E0/><V101/><F124/><W95/><G134/><T75/><D17/><U45/><E45/><V5/><F40/><W15/><G38/><T81/><REACH who="0" step="1"/><D97/><REACH who="0" ten="220,250,270,250" step="2"/><U10/><E19/><V82/><F113/><W21/><G78/><T12/><D12/><U93/><E99/><V24/><F112/><W133/><G133/><T39/><AGARI ba="0,1" hai="3,7,9,39,43,44,48,50,75,79,81,128,130,131" machi="39" ten="30,8000,1" yaku="1,1,0,1,25,2,19,1,53,0" doraHai="94" doraHaiUra="63" who="0" fromWho="0" sc="220,90,250,-20,270,-40,250,-20" /><INIT seed="3,0,0,4,0,118" ten="310,230,230,230" oya="3" hai0="130,72,13,79,7,12,42,105,31,88,51,113,87" hai1="6,114,112,56,19,20,62,5,115,30,108,45,38" hai2="102,75,16,84,80,128,135,58,94,83,24,64,43" hai3="26,117,86,0,8,92,41,66,53,15,126,110,98"/><W85/><G117/><T95/><D105/><U50/><E30/><V29/><F135/><W17/><G66/><T96/><D72/><U100/><E38/><V107/><F128/><W73/><G73/><T104/><D113/><U10/><E100/><V122/><F43/><W49/><G126/><T59/><D130/><U120/><E120/><V109/><F109/><W71/><G71/><T77/><D31/><U69/><E69/><V81/><F75/><W34/><G110/><T35/><D35/><U14/><E108/><V123/><F107/><W46/><G34/><T119/><D104/><U82/><E82/><V60/><F16/><W74/><G74/><T63/><D7/><U124/><E124/><V99/><REACH who="2" step="1"/><F84/><REACH who="2" ten="310,230,220,230" step="2"/><W61/><G26/><T55/><D119/><U97/><E115/><V101/><F101/><W18/><G18/><T2/><D87/><U52/><E97/><V89/><F89/><W4/><G4/><T57/><D42/><U39/><E39/><V91/><F91/><N who="3" m="55583" /><G0/><T76/><REACH who="0" step="1"/><D2/><REACH who="0" ten="300,230,220,230" step="2"/><U127/><E127/><V9/><F9/><W132/><G132/><T116/><D116/><U23/><E6/><V121/><F121/><W133/><G133/><T70/><D70/><U111/><E111/><V129/><F129/><W44/><G85/><T1/><D1/><U65/><E23/><AGARI ba="0,2" hai="23,24,29,58,60,64,80,81,83,94,99,102,122,123" machi="23" ten="40,8000,1" yaku="1,1,25,2,52,2,53,0" doraHai="118" doraHaiUra="68" who="2" fromWho="1" sc="300,0,230,-80,220,100,230,0" /><INIT seed="4,0,0,2,5,89" ten="300,150,320,230" oya="0" hai0="95,84,16,58,108,29,12,74,110,4,87,72,76" hai1="61,0,68,46,50,48,67,122,65,91,63,57,129" hai2="25,30,121,99,34,19,22,119,70,124,41,81,113" hai3="83,126,132,111,114,71,2,47,107,45,21,78,27"/><T88/><D4/><U6/><E0/><V96/><F113/><W117/><G107/><T82/><D29/><U66/><E6/><V9/><F121/><W59/><G111/><N who="0" m="42539" /><D58/><U98/><E98/><V36/><F70/><W1/><G71/><T69/><D69/><U33/><E33/><V11/><F124/><W37/><G114/><T94/><D94/><U7/><E91/><V8/><F119/><W100/><G126/><T15/><D15/><U42/><E7/><V18/><F81/><W104/><G117/><T39/><D39/><N who="1" m="21855" /><E129/><V64/><F64/><N who="1" m="24681" /><E122/><V52/><F41/><W109/><G1/><T3/><D3/><U10/><E10/><AGARI ba="0,0" hai="10,12,16,72,74,76,82,84,87,88,95" m="42539" machi="10" ten="30,11600,0" yaku="10,1,52,1,54,2" doraHai="89" who="0" fromWho="1" sc="300,116,150,-116,320,0,230,0" /><INIT seed="4,1,0,2,3,126" ten="416,34,320,230" oya="0" hai0="4,24,18,44,91,46,35,48,53,103,12,123,127" hai1="14,102,118,39,88,66,62,114,68,134,73,98,9" hai2="135,64,79,37,84,105,69,94,76,90,47,83,13" hai3="129,104,0,111,58,5,50,116,29,113,57,26,30"/><T133/><D133/><U112/><E118/><V3/><F105/><W15/><G111/><T59/><D123/><U119/><E73/><V42/><F135/><W122/><G104/><T95/><D127/><U23/><E119/><V51/><F3/><W130/><G50/><T87/><D4/><U63/><E39/><V124/><F124/><W34/><G116/><T17/><D103/><U125/><E134/><V86/><F37/><W70/><G70/><T8/><REACH who="0" step="1"/><D18/><REACH who="0" ten="406,34,320,230" step="2"/><N who="1" m="10711" /><E125/><V45/><F45/><W10/><G122/><T60/><D60/><U54/><E63/><V21/><F69/><W117/><G117/><T31/><AGARI ba="1,1" hai="8,12,17,24,31,35,44,46,48,53,59,87,91,95" machi="31" ten="30,6000,0" yaku="1,1,0,1,53,1" doraHai="126" doraHaiUra="22" who="0" fromWho="0" sc="406,73,34,-21,320,-21,230,-21" /><INIT seed="4,2,0,1,2,108" ten="479,13,299,209" oya="0" hai0="19,120,122,17,47,32,53,29,20,26,37,78,75" hai1="23,115,39,22,81,93,65,41,112,127,86,121,123" hai2="72,1,76,135,90,33,28,106,89,113,114,103,125" hai3="3,55,128,129,124,52,50,54,119,30,80,69,116"/><T95/><D75/><U57/><E39/><V117/><F1/><W7/><G30/><T67/><D78/><U60/><E41/><V132/><F28/><W68/><G3/><T70/><D67/><U46/><E46/><V105/><F33/><W73/><G73/><T40/><D70/><N who="3" m="27241" /><G7/><T27/><D95/><U6/><E6/><V38/><F38/><W56/><G80/><T44/><REACH who="0" step="1"/><D19/><REACH who="0" ten="469,13,299,209" step="2"/><U25/><E93/><V101/><F72/><W83/><G83/><T71/><D71/><U84/><E127/><V134/><F76/><W131/><G124/><T15/><D15/><U130/><E130/><V82/><F125/><W24/><G24/><T104/><D104/><N who="2" m="40042" /><F117/><AGARI ba="2,1" hai="50,52,54,55,56,116,117,119,128,129,131" m="27241" machi="117" ten="40,8000,1" yaku="19,1,34,2,54,1" doraHai="108" who="3" fromWho="2" sc="469,0,13,0,299,-86,209,96" /><INIT seed="5,0,0,5,1,106" ten="469,13,213,305" oya="1" hai0="88,34,0,8,87,61,69,130,14,124,99,30,79" hai1="121,109,116,18,81,82,67,24,127,118,38,11,133" hai2="93,59,29,92,41,70,62,84,68,60,107,9,91" hai3="40,23,53,10,50,7,31,71,17,103,97,28,122"/><U32/><E38/><V131/><F107/><W120/><G71/><T49/><D0/><U5/><E67/><V72/><F131/><W89/><G40/><T19/><D124/><U6/><E82/><V128/><F128/><W108/><G108/><T114/><D114/><U90/><E90/><V52/><F41/><W86/><G28/><T77/><D99/><U44/><E44/><V58/><F29/><W101/><G31/><T27/><D130/><U112/><E81/><V78/><F9/><W4/><G4/><N who="1" m="1642" /><E121/><V3/><F3/><W56/><G103/><T39/><D39/><U21/><E127/><V66/><F93/><W117/><G117/><N who="1" m="45162" /><E112/><V63/><REACH who="2" step="1"/><F62/><REACH who="2" ten="469,13,203,305" step="2"/><W125/><G125/><T36/><D61/><U20/><E109/><V119/><F119/><W102/><G122/><T98/><D36/><U113/><E113/><V129/><F129/><W57/><G120/><T110/><D110/><U33/><E133/><V132/><F132/><W73/><G10/><T51/><D8/><U134/><E134/><V46/><F46/><W80/><G7/><T35/><D35/><N who="1" m="13387" /><E11/><V65/><F65/><W43/><G43/><T75/><D34/><U2/><E21/><V111/><F111/><W105/><G23/><T47/><D47/><U123/><E123/><V48/><F48/><W42/><G50/><T94/><D51/><U22/><E22/><V95/><F95/><W54/><G42/><T85/><D49/><U15/><E2/><V16/><F16/><W74/><G17/><T104/><D19/><U64/><E64/><V100/><F100/><W1/><G102/><RYUUKYOKU ba="0,1" sc="469,-15,13,15,203,15,305,-15" hai1="15,18,20,24" hai2="52,58,59,60,63,66,68,70,72,78,84,91,92" /><INIT seed="5,1,1,1,3,109" ten="454,28,218,290" oya="1" hai0="57,71,120,30,97,69,101,117,111,50,108,129,8" hai1="127,24,59,119,2,80,84,98,43,65,21,91,77" hai2="41,39,45,132,28,81,128,3,19,70,47,79,25" hai3="5,26,7,6,36,83,40,86,134,133,20,115,113"/><U49/><E119/><V29/><F70/><W78/><G40/><T95/><D129/><U76/><E2/><V4/><F128/><W9/><G36/><T106/><D106/><U104/><E127/><V125/><F132/><N who="3" m="50795" /><G9/><T1/><D120/><U31/><E104/><V38/><F125/><W12/><G12/><T37/><D30/><AGARI ba="1,1" hai="5,6,7,20,26,30,78,83,86,113,115" m="50795" machi="30" ten="30,3900,0" yaku="20,1,52,2" doraHai="109" who="3" fromWho="0" sc="454,-42,28,0,218,0,290,52" /><INIT seed="6,0,0,0,5,132" ten="412,28,218,342" oya="2" hai0="51,74,100,75,115,126,48,35,8,53,16,17,67" hai1="118,86,97,1,22,95,84,66,114,59,72,34,110" hai2="111,106,103,123,112,29,127,40,20,2,83,61,69" hai3="85,32,13,15,58,105,109,37,14,30,7,81,46"/><V101/><F112/><W124/><G105/><T87/><D35/><U130/><E110/><V76/><F123/><W82/><G109/><T125/><D115/><U129/><E34/><V27/><F111/><W52/><G37/><T90/><D67/><U44/><E1/><V31/><F31/><W134/><G134/><T38/><D100/><U94/><E114/><V3/><F40/><W11/><G32/><T54/><D87/><U77/><E66/><V21/><F21/><W131/><G30/><T50/><D90/><U108/><E108/><V47/><F47/><W71/><G71/><T9/><D51/><U135/><E59/><V70/><F103/><W57/><G131/><N who="1" m="50186" /><E22/><V6/><F61/><W24/><G24/><T78/><REACH who="0" step="1"/><D78/><REACH who="0" ten="402,28,218,342" step="2"/><U63/><E63/><V39/><F39/><AGARI ba="0,1" hai="8,9,16,17,38,39,48,50,53,54,74,75,125,126" machi="39" ten="25,12000,2" yaku="1,1,2,1,22,2,52,2,54,1,53,0" doraHai="132" doraHaiUra="93" who="0" fromWho="2" sc="402,130,28,0,218,-120,342,0" /><INIT seed="7,0,0,1,2,103" ten="532,28,98,342" oya="3" hai0="67,106,1,83,37,48,71,72,88,75,40,118,51" hai1="116,52,39,120,64,115,50,130,134,125,15,59,80" hai2="91,117,111,5,102,112,60,34,13,7,18,11,44" hai3="135,24,123,22,35,85,68,87,27,53,66,108,74"/><W41/><G74/><T21/><D67/><U43/><E80/><V47/><F34/><W114/><G123/><T76/><D71/><U65/><E15/><V62/><F111/><W98/><G41/><T110/><D1/><U56/><E120/><V3/><F112/><W45/><G108/><T69/><D69/><U57/><E115/><V10/><F117/><W16/><G114/><T92/><D106/><U126/><E116/><V58/><F102/><W14/><G135/><T46/><D21/><U78/><E78/><V38/><F38/><W31/><G98/><T33/><D33/><U63/><E134/><V82/><F18/><W28/><G66/><N who="1" m="25706" /><E130/><V8/><F8/><W77/><G68/><T100/><D92/><U86/><E86/><V104/><F104/><W90/><G77/><T121/><D88/><U124/><E39/><V109/><F109/><W94/><G45/><AGARI ba="0,0" hai="43,45,50,52,56,57,59,63,124,125,126" m="25706" machi="45" ten="40,8000,1" yaku="18,1,34,2,54,1" doraHai="103" who="1" fromWho="3" sc="532,0,28,80,98,0,342,-80" owari="532,63.0,108,-29.0,98,-40.0,262,6.0" /></mjloggm>