<mjloggm ver="2.3"><GO type="41" lobby="0"/><UN n0="%E3%83%AC%E3%83%B4%E3%82%A9%E3%83%BC%E3%82%B0" n1="%E3%81%BD%E3%82%80%E3%81%99%E3%81%91" n2="%E2%93%9D%53%75%70%68%78" n3="%68%69%64%65%2E%6B%6B%63" dan="14,13,17,13" rate="1957.91,1818.40,2031.91,1809.95" sx="M,M,M,M"/><TAIKYOKU oya="0"/><INIT seed="0,0,0,4,4,111" ten="250,250,250,250" oya="0" hai0="91,62,37,135,24,45,25,94,66,11,49,115,117" hai1="101,126,98,113,56,106,130,33,54,110,47,18,52" hai2="15,80,81,0,96,72,112,59,64,40,8,20,129" hai3="63,35,31,122,6,46,42,105,133,116,22,82,14"/><T85/><D117/><U53/><E110/><V19/><F129/><W32/><G116/><T114/><D115/><U88/><E33/><V97/><F40/><W4/><G133/><T83/><D135/><U13/><E130/><V27/><F0/><W12/><G105/><T103/><D37/><U68/><E68/><V57/><F112/><W127/><G63/><T86/><D114/><U60/><E113/><V50/><F72/><W55/><G82/><N who="2" m="31849" /><F64/><W100/><G100/><T5/><D62/><U118/><E126/><V84/><F84/><W41/><G127/><T131/><D66/><U17/><E118/><V16/><F50/><W107/><G107/><T10/><D131/><U34/><E34/><V69/><F69/><W77/><G77/><T39/><D39/><U125/><E125/><V67/><F67/><W89/><G122/><T48/><D48/><U90/><E47/><V43/><F43/><W58/><G89/><N who="0" m="51391" /><D103/><U78/><E78/><V2/><F2/><W109/><G109/><T61/><D61/><U26/><E26/><N who="0" m="10345" /><D5/><U120/><E18/><V124/><F124/><W21/><G31/><T71/><D71/><U28/><E28/><V87/><F87/><W65/><G65/><T119/><D119/><U3/><E3/><V123/><F123/><W108/><G108/><T70/><D70/><U29/><E29/><V23/><F23/><W102/><G102/><T7/><D7/><U76/><E120/><V93/><F97/><W36/><G36/><T99/><D99/><U9/><E76/><V79/><F79/><W134/><G134/><T75/><D75/><RYUUKYOKU ba="0,0" sc="250,10,250,10,250,10,250,-30" hai0="10,11,45,49,86,91,94" hai1="9,13,17,52,53,54,56,60,88,90,98,101,106" hai2="8,15,16,19,20,27,57,59,93,96" /><INIT seed="0,1,0,2,0,43" ten="260,260,260,220" oya="0" hai0="117,21,4,8,20,104,79,105,70,85,5,86,64" hai1="77,51,72,106,69,108,74,24,28,114,56,31,120" hai2="53,34,62,82,80,73,116,35,78,49,38,57,12" hai3="50,76,126,83,88,113,37,61,121,3,100,1,63"/><T130/><D117/><U107/><E120/><V123/><F123/><W45/><G121/><T29/><D130/><U15/><E69/><V59/><F38/><W81/><G126/><T66/><D29/><U98/><E108/><V128/><F128/><W16/><G113/><T75/><D75/><U22/><E114/><V0/><F0/><W110/><G110/><T118/><D118/><U119/><E119/><V25/><F116/><W131/><G37/><T46/><D8/><U122/><E122/><V87/><F25/><W40/><G131/><T124/><D70/><U52/><E15/><V111/><F12/><W109/><G100/><T89/><D89/><U26/><E77/><V94/><F94/><W91/><G1/><T44/><REACH who="0" step="1"/><D79/><REACH who="0" ten="250,260,260,220" step="2"/><U60/><E74/><V112/><F112/><W68/><G109/><T14/><D14/><U11/><E11/><V17/><F111/><W97/><G68/><T41/><D41/><U99/><E72/><V84/><F73/><W2/><G2/><T58/><D58/><U33/><E107/><V39/><F59/><W42/><G3/><T7/><D7/><U115/><E115/><V127/><F57/><W95/><G76/><T71/><D71/><U13/><E13/><V90/><F78/><W30/><G91/><T134/><D134/><U67/><E106/><V19/><F90/><W23/><G42/><T102/><D102/><U48/><E56/><V65/><F19/><W27/><G30/><T125/><AGARI ba="1,1" hai="4,5,20,21,44,46,64,66,85,86,104,105,124,125" machi="125" ten="25,18000,2" yaku="1,1,0,1,22,2,52,2,53,0" doraHai="43" doraHaiUra="47" who="0" fromWho="0" sc="250,193,260,-61,260,-61,220,-61" /><INIT seed="0,2,0,0,4,1" ten="443,199,199,159" oya="0" hai0="54,8,109,58,129,62,35,57,18,5,23,135,3" hai1="47,17,83,71,108,124,19,34,93,46,91,122,36" hai2="75,80,39,21,11,22,29,59,134,115,61,105,45" hai3="123,0,40,125,69,24,133,101,121,119,97,53,26"/><T88/><D135/><U116/><E122/><N who="3" m="46602" /><G119/><T79/><D129/><U28/><E116/><V84/><F105/><W107/><G0/><T9/><D79/><U4/><E108/><V77/><F115/><W14/><G125/><T16/><D109/><U106/><E124/><V132/><F75/><W78/><G133/><N who="2" m="51305" /><F29/><W37/><G78/><T127/><D127/><U89/><E71/><V114/><F114/><W15/><G69/><T33/><D8/><U98/><E34/><V104/><F104/><W67/><G53/><T87/><D57/><U48/><E28/><V81/><F81/><W74/><G67/><T41/><D41/><U64/><E64/><N who="2" m="38975" /><F11/><W100/><G101/><T90/><D90/><U95/><E106/><V63/><F63/><W102/><G102/><T13/><D18/><U82/><E36/><V31/><F31/><W120/><N who="3" m="46610" /><W6/><DORA hai="65" /><G74/><T117/><REACH who="0" step="1"/><D117/><REACH who="0" ten="433,199,199,159" step="2"/><U30/><E89/><V94/><F77/><W131/><G131/><T118/><D118/><U112/><E91/><N who="2" m="53607" /><F80/><AGARI ba="2,1" hai="3,5,9,13,16,23,33,35,54,58,62,80,87,88" machi="80" ten="30,18000,2" yaku="1,1,7,1,52,1,54,2,53,1" doraHai="1,65" doraHaiUra="86,110" who="0" fromWho="2" sc="433,196,199,0,199,-186,159,0" /><INIT seed="0,3,0,2,5,123" ten="629,199,13,159" oya="0" hai0="10,6,121,27,112,107,19,39,59,40,13,71,117" hai1="92,134,126,49,42,133,2,65,12,46,119,85,36" hai2="16,82,76,7,135,1,115,104,31,58,88,21,111" hai3="132,77,109,22,83,60,20,67,61,32,5,62,30"/><T26/><D121/><U120/><E119/><V8/><F104/><W74/><G132/><N who="1" m="50794" /><E120/><V53/><F135/><W37/><G5/><T3/><D117/><U127/><E2/><V47/><F31/><W114/><G114/><T24/><D112/><U70/><E12/><V66/><F115/><W87/><G74/><T11/><D71/><U113/><E92/><V44/><F66/><W91/><G37/><T18/><D107/><U96/><E96/><V105/><F111/><W4/><G4/><N who="0" m="1311" /><D59/><U118/><E85/><V128/><F128/><W9/><G9/><T54/><D54/><U94/><E94/><V95/><F105/><W130/><G130/><T129/><D40/><U122/><E113/><V131/><F131/><W75/><G75/><T14/><D39/><U102/><E102/><V69/><F69/><W17/><G109/><T23/><D129/><U50/><E118/><V33/><F33/><W34/><G30/><T29/><D29/><U55/><E122/><V90/><F95/><W110/><G110/><T80/><D80/><U99/><E99/><V86/><F47/><W84/><G67/><T98/><D98/><U73/><E73/><V100/><F44/><W52/><G32/><T68/><D68/><U57/><E70/><V125/><F100/><W51/><G34/><T63/><D63/><N who="3" m="24137" /><G20/><AGARI ba="3,0" hai="6,11,13,14,18,19,20,23,24,26,27" m="1311" machi="20" ten="30,12000,1" yaku="35,5" doraHai="123" who="0" fromWho="3" sc="629,129,199,0,13,0,159,-129" /><INIT seed="0,4,0,3,0,57" ten="758,199,13,30" oya="0" hai0="60,71,76,35,13,135,46,103,91,102,126,132,124" hai1="95,131,5,0,113,86,81,121,51,130,2,37,98" hai2="87,92,10,36,32,73,74,133,38,25,68,33,127" hai3="101,7,17,72,105,111,29,39,106,88,22,94,11"/><T129/><D35/><U108/><E108/><V93/><F10/><W80/><G39/><T116/><D116/><U41/><E121/><V69/><F87/><W56/><G111/><T21/><D76/><U53/><E37/><V4/><F25/><W16/><G105/><T40/><D91/><U79/><E41/><V19/><F19/><W112/><G112/><T1/><D1/><U123/><E123/><V62/><F4/><W26/><G56/><T120/><D120/><U47/><E113/><V70/><F70/><W49/><G49/><T58/><D21/><U20/><E20/><V31/><F133/><N who="0" m="51274" /><D13/><U84/><E84/><V119/><F31/><W14/><G101/><T6/><D6/><U67/><E67/><V27/><F27/><W82/><G106/><T48/><D71/><U118/><E118/><V44/><F119/><W97/><G72/><T18/><D18/><AGARI ba="4,0" hai="7,11,14,16,17,18,22,26,29,80,82,88,94,97" machi="18" ten="40,5200,0" yaku="8,1,54,2" doraHai="57" who="3" fromWho="0" sc="758,-64,199,0,13,0,30,64" /><INIT seed="1,0,0,3,0,8" ten="694,199,13,94" oya="1" hai0="47,54,26,35,44,36,108,60,130,96,61,28,82" hai1="51,48,74,109,33,133,129,100,76,86,10,83,64" hai2="127,103,84,7,3,107,23,65,42,98,16,85,0" hai3="78,114,71,14,63,89,134,39,121,123,50,11,24"/><U110/><E129/><V79/><F127/><W21/><G39/><T132/><D130/><U95/><E133/><V55/><F42/><W46/><G134/><T126/><D126/><U88/><E33/><V67/><F7/><W112/><G89/><T58/><D132/><U56/><E10/><V41/><F41/><W17/><G78/><T66/><D108/><N who="1" m="41579" /><E64/><V135/><F135/><W97/><G97/><T5/><D5/><U101/><E56/><V111/><F111/><W19/><G63/><T20/><D35/><U27/><E27/><V70/><F67/><W25/><G71/><T45/><D82/><U22/><E22/><V90/><F65/><W94/><G94/><T2/><D2/><U105/><E100/><V30/><F3/><W59/><G59/><T128/><D128/><U34/><E34/><V113/><F70/><W122/><G50/><T38/><REACH who="0" step="1"/><D96/><AGARI ba="0,0" hai="48,51,74,76,83,86,88,95,96,101,105" m="41579" machi="96" ten="30,11600,0" yaku="24,1,14,1,10,1,54,1" doraHai="8" who="1" fromWho="0" sc="694,-116,199,116,13,0,94,0" /><INIT seed="1,1,0,0,0,109" ten="578,315,13,94" oya="1" hai0="26,53,25,1,95,38,117,61,84,76,80,118,116" hai1="119,112,106,35,120,28,4,48,5,135,65,110,66" hai2="15,27,40,111,102,133,82,62,85,46,10,7,124" hai3="43,67,91,3,24,2,113,58,21,41,54,73,81"/><U36/><E119/><V100/><F111/><W99/><G67/><T98/><D38/><U16/><E120/><V93/><F124/><W70/><G70/><T77/><D1/><U33/><E110/><V115/><F133/><W74/><G3/><T55/><D77/><U18/><E135/><V87/><F115/><W132/><G2/><T90/><REACH who="0" step="1"/><D61/><REACH who="0" ten="568,315,13,94" step="2"/><U88/><E36/><V8/><F62/><W60/><G132/><T92/><D92/><U96/><E106/><V17/><F93/><W63/><G74/><T42/><D42/><U126/><E126/><V108/><F108/><W12/><G63/><T20/><D20/><U19/><E35/><V30/><F87/><W39/><G73/><T86/><D86/><U29/><E33/><V68/><F85/><W107/><G43/><T122/><D122/><U0/><E0/><V71/><F40/><W52/><G41/><T59/><D59/><U69/><E69/><V34/><F71/><W23/><G39/><T44/><D44/><U131/><E96/><V101/><F68/><W32/><G99/><T83/><D83/><U31/><E131/><V14/><REACH who="2" step="1"/><F46/><REACH who="2" ten="568,315,3,94" step="2"/><W57/><G60/><T121/><D121/><U75/><E75/><V6/><F6/><W134/><G134/><T79/><D79/><U45/><E45/><V11/><F11/><W128/><G58/><T129/><D129/><U123/><E5/><V50/><F50/><W51/><G57/><T13/><D13/><U22/><E48/><V56/><F56/><W104/><G51/><T78/><D78/><U72/><E4/><V64/><F64/><RYUUKYOKU ba="1,2" sc="568,15,315,-15,3,15,94,-15" hai0="25,26,53,55,76,80,84,90,95,98,116,117,118" hai2="7,8,10,14,15,17,27,30,34,82,100,101,102" /><INIT seed="2,2,2,3,1,93" ten="583,300,18,79" oya="2" hai0="73,99,89,60,82,112,78,98,24,21,95,84,97" hai1="55,23,39,32,94,12,121,26,88,56,135,77,47" hai2="120,127,101,104,108,83,65,133,85,29,70,62,80" hai3="81,59,57,91,87,44,13,115,14,118,79,122,7"/><V117/><F120/><W49/><G122/><T46/><D112/><U38/><E135/><V130/><F117/><W53/><G118/><T119/><D119/><U76/><E121/><V123/><F123/><W18/><G115/><T40/><D60/><U50/><E32/><V48/><F133/><W103/><G103/><T20/><REACH who="0" step="1"/><D24/><REACH who="0" ten="573,300,18,79" step="2"/><U27/><E26/><V28/><F62/><W11/><REACH who="3" step="1"/><G79/><REACH who="3" ten="573,300,18,69" step="2"/><T107/><D107/><U132/><E76/><V71/><F104/><W16/><G16/><T19/><D19/><U69/><E77/><V5/><F29/><W0/><G0/><T37/><AGARI ba="2,4" hai="20,21,37,40,46,73,78,82,84,89,95,97,98,99" machi="37" ten="30,8000,1" yaku="1,1,0,1,52,3,53,0" doraHai="93" doraHaiUra="9" who="0" fromWho="0" sc="573,126,300,-22,18,-42,69,-22" owari="699,79.0,278,8.0,-24,-52.0,47,-35.0" /></mjloggm>