<mjloggm ver="2.3"><GO type="41" lobby="0"/><UN n0="%4E%45%45%54%E5%A4%A7%E5%AD%A6%E7%94%9F" n1="%44%6B%6F%6D%6F" n2="%E3%81%AE%E3%81%96%E3%81%8D%E3%81%82%E3%81%8D" n3="%E2%93%9D%53%75%70%68%78" dan="15,14,13,18" rate="2024.27,1854.85,1803.94,2058.71" sx="M,M,M,M"/><TAIKYOKU oya="0"/><INIT seed="0,0,0,2,4,24" ten="250,250,250,250" oya="0" hai0="9,20,94,104,92,66,35,126,10,48,115,135,18" hai1="69,51,97,19,47,81,88,65,124,102,16,119,52" hai2="28,49,123,57,63,29,114,134,39,118,105,130,6" hai3="58,98,91,78,55,76,22,129,133,108,61,110,121"/><T3/><D115/><U14/><E124/><V33/><F105/><W17/><G133/><T8/><D126/><U13/><E65/><V70/><F114/><W31/><G129/><T83/><D135/><U103/><E69/><V96/><F130/><W93/><G121/><T5/><D104/><U112/><E119/><V85/><F118/><W99/><G99/><T34/><D66/><U89/><E97/><V80/><F123/><W74/><G31/><N who="2" m="11849" /><F70/><W64/><G64/><T38/><D38/><U1/><E1/><V67/><F39/><W113/><G74/><T86/><D34/><U87/><E89/><N who="2" m="51367" /><F33/><W25/><REACH who="3" step="1"/><G113/><REACH who="3" ten="250,250,250,240" step="2"/><T62/><D86/><U43/><E112/><V32/><F134/><W111/><AGARI ba="0,1" hai="17,22,25,55,58,61,76,78,91,93,98,108,110,111" machi="111" ten="30,12000,2" yaku="1,1,2,1,0,1,25,2,14,1,53,1" doraHai="24" doraHaiUra="53" who="3" fromWho="3" sc="250,-60,250,-30,250,-30,240,130" /><INIT seed="1,0,0,4,5,86" ten="190,220,220,370" oya="1" hai0="9,115,101,85,107,108,104,15,81,67,96,24,82" hai1="93,4,44,62,132,128,112,130,77,34,26,120,2" hai2="121,125,55,13,29,70,118,22,11,27,54,46,114" hai3="99,79,60,92,38,66,37,87,43,131,73,97,123"/><U10/><E112/><V113/><F114/><W28/><G131/><N who="1" m="50218" /><E120/><V59/><F125/><W94/><G73/><T57/><D108/><U56/><E77/><V18/><F70/><W8/><G28/><T124/><D124/><U40/><E34/><V100/><F118/><W6/><G43/><T16/><D115/><U122/><E26/><V133/><F133/><W95/><G123/><T23/><D107/><U135/><E93/><V1/><F121/><W91/><G79/><T17/><REACH who="0" step="1"/><D85/><REACH who="0" ten="180,220,220,370" step="2"/><U64/><E122/><V134/><F113/><W20/><G87/><T117/><D117/><U39/><AGARI ba="0,1" hai="2,4,10,39,40,44,56,62,64,132,135" m="50218" machi="39" ten="30,1500,0" yaku="19,1" doraHai="86" who="1" fromWho="1" sc="180,-5,220,25,220,-5,370,-5" /><INIT seed="1,1,0,1,1,100" ten="175,245,215,365" oya="1" hai0="134,54,59,68,72,49,130,77,123,14,0,118,53" hai1="8,127,83,105,31,82,94,32,93,1,84,36,126" hai2="98,75,106,102,133,113,6,85,25,92,58,70,46" hai3="89,108,19,120,35,52,67,91,66,2,103,41,90"/><U42/><E32/><V13/><F133/><W73/><G73/><T57/><D118/><U50/><E31/><V104/><F70/><W55/><G2/><T87/><D123/><U20/><E20/><V5/><F113/><W10/><G108/><T40/><D72/><U7/><E36/><V33/><F75/><W11/><G103/><T4/><D130/><U110/><E110/><V80/><F46/><W88/><G91/><T111/><D111/><U131/><E83/><V12/><F25/><W129/><G41/><T26/><D134/><U74/><E74/><V95/><F92/><W101/><G101/><T65/><D40/><U51/><E51/><V119/><F33/><W28/><G129/><T122/><D122/><U69/><E69/><V64/><F119/><W21/><G28/><T27/><D0/><BYE who="0" /><UN n0="%4E%45%45%54%E5%A4%A7%E5%AD%A6%E7%94%9F" /><U112/><E112/><V60/><BYE who="1" /><F13/><N who="3" m="9455" /><G35/><T107/><D107/><U97/><E97/><V128/><F128/><W47/><G120/><T16/><D4/><U115/><E115/><V63/><F5/><W23/><G23/><T61/><D87/><U30/><E30/><V116/><F116/><W124/><G124/><T114/><D114/><U48/><E48/><V132/><F132/><UN n1="%44%6B%6F%6D%6F" /><W9/><G47/><T109/><D77/><N who="1" m="46159" /><E105/><N who="2" m="40555" /><F12/><W121/><G121/><T125/><D125/><N who="1" m="47627" /><E131/><V99/><F6/><W96/><G96/><T78/><D78/><U45/><AGARI ba="1,0" hai="1,7,8,42,45,50,93,94" m="47627,46159" machi="45" ten="30,1500,0" yaku="18,1" doraHai="100" who="1" fromWho="1" sc="175,-6,245,18,215,-6,365,-6" /><INIT seed="1,2,0,1,2,42" ten="169,263,209,359" oya="1" hai0="69,129,97,53,19,116,135,75,117,113,95,52,74" hai1="22,33,28,114,43,59,108,2,103,31,112,107,21" hai2="55,67,115,48,63,36,127,93,29,134,37,125,9" hai3="100,1,62,35,81,30,34,5,10,120,94,58,68"/><U39/><E2/><V121/><F29/><W82/><G68/><T65/><D113/><U11/><E11/><V27/><F93/><W14/><G120/><T124/><D124/><N who="2" m="47690" /><F27/><W87/><G82/><T6/><D65/><U4/><E4/><V23/><F23/><W44/><G1/><T104/><D69/><U12/><E12/><V123/><F9/><W64/><G30/><T79/><D104/><U66/><E33/><V133/><F115/><W40/><G94/><T8/><D19/><U26/><E107/><V46/><F121/><W89/><REACH who="3" step="1"/><G100/><REACH who="3" ten="169,263,209,349" step="2"/><T72/><D95/><U99/><E103/><V77/><F123/><W128/><G128/><T105/><D129/><U86/><E114/><V32/><F32/><W90/><G90/><T17/><D105/><U84/><E112/><V16/><F77/><W49/><AGARI ba="2,1" hai="5,10,14,34,35,40,44,49,58,62,64,81,87,89" machi="49" ten="20,8000,1" yaku="1,1,0,1,7,1,52,1,53,1" doraHai="42" doraHaiUra="0" who="3" fromWho="3" sc="169,-22,263,-42,209,-22,349,96" /><INIT seed="2,0,0,3,1,54" ten="147,221,187,445" oya="2" hai0="30,118,60,82,102,87,27,57,124,23,47,20,32" hai1="74,13,77,95,63,105,6,22,106,71,109,9,133" hai2="120,33,131,31,110,122,53,62,86,125,94,17,121" hai3="93,79,107,128,24,129,108,70,29,7,36,68,2"/><V84/><F131/><N who="3" m="50251" /><G108/><T88/><D124/><U26/><E109/><V81/><F125/><W64/><G107/><T73/><D118/><U83/><E133/><V119/><F119/><W99/><G79/><T12/><D73/><U43/><E43/><V55/><F110/><W89/><G36/><T117/><D117/><U100/><E71/><V28/><F62/><W42/><G42/><T16/><D102/><U65/><E95/><V39/><F39/><W52/><G64/><T90/><D32/><U98/><E106/><V78/><F17/><W35/><G52/><N who="0" m="33831" /><D47/><U1/><E63/><V135/><F135/><W21/><G35/><T96/><D96/><U91/><E91/><AGARI ba="0,0" hai="12,16,20,23,27,30,82,87,88,90,91" m="33831" machi="91" ten="30,8000,1" yaku="8,1,52,1,54,3" doraHai="54" who="0" fromWho="1" sc="147,80,221,-80,187,0,445,0" /><INIT seed="3,0,0,4,0,22" ten="227,141,187,445" oya="3" hai0="56,53,2,101,106,7,39,55,37,63,1,114,87" hai1="100,117,133,70,112,25,9,30,127,46,115,84,67" hai2="69,120,27,34,59,43,40,62,104,4,86,20,17" hai3="128,126,16,23,88,32,74,90,0,129,64,130,113"/><W45/><G113/><T123/><D123/><U31/><E70/><V68/><F104/><W10/><G32/><T99/><D114/><U3/><E67/><V85/><F120/><W108/><G126/><T92/><D37/><U109/><E100/><V60/><F34/><W83/><G108/><T42/><D39/><U61/><E61/><V97/><F97/><W134/><G134/><T81/><D42/><U11/><E84/><V71/><F4/><N who="3" m="1287" /><G45/><T33/><D33/><U89/><E89/><V96/><F96/><W50/><G50/><T132/><D106/><U91/><E91/><V80/><F85/><W52/><G52/><T98/><D132/><U26/><E46/><V49/><F49/><W41/><G64/><T12/><D99/><U57/><E57/><V75/><F75/><W121/><G41/><T48/><D2/><U78/><E78/><V65/><REACH who="2" step="1"/><F62/><REACH who="2" ten="227,141,177,445" step="2"/><W94/><G121/><T58/><D1/><U21/><E3/><V131/><F131/><W95/><G74/><T111/><D111/><U103/><E109/><V79/><AGARI ba="0,1" hai="17,20,27,40,43,59,60,65,68,69,71,79,80,86" machi="79" ten="30,4000,0" yaku="1,1,0,1,52,1,53,0" doraHai="22" doraHaiUra="122" who="2" fromWho="2" sc="227,-10,141,-10,177,50,445,-20" /><INIT seed="4,0,0,4,5,95" ten="217,131,227,425" oya="0" hai0="126,111,86,60,66,1,70,107,130,80,106,71,16" hai1="51,75,15,7,100,85,117,101,49,52,110,112,24" hai2="53,119,45,118,133,8,20,116,123,64,129,114,91" hai3="0,36,29,43,108,31,11,21,18,34,97,61,104"/><T14/><D126/><U17/><E75/><V102/><F102/><W44/><G108/><T74/><D130/><U62/><E110/><V73/><F73/><W115/><G115/><T68/><D111/><U94/><E117/><V131/><F91/><W122/><G34/><T88/><D74/><U59/><E112/><V81/><F81/><W69/><G122/><T6/><D1/><U84/><E101/><V77/><F77/><W30/><G69/><T83/><D83/><U4/><E24/><V12/><F114/><W42/><G61/><T128/><D128/><N who="2" m="49226" /><F64/><W56/><G43/><T96/><D6/><N who="1" m="2091" /><E84/><V109/><F109/><W37/><G42/><T72/><D72/><U132/><E132/><V13/><F133/><W65/><G37/><T87/><D87/><U121/><E121/><V32/><F123/><W82/><G36/><T78/><D78/><U22/><E85/><V55/><F32/><W26/><G82/><T38/><D38/><U105/><E105/><V46/><F20/><W124/><G21/><T99/><D106/><U19/><E19/><N who="2" m="8583" /><F13/><W92/><G104/><T98/><REACH who="0" step="1"/><D107/><REACH who="0" ten="207,131,227,425" step="2"/><U3/><E3/><V76/><F76/><W9/><G0/><T127/><D127/><U47/><E47/><AGARI ba="0,1" hai="45,46,47,53,55,116,118,119" m="8583,49226" machi="47" ten="40,2600,0" yaku="12,1,19,1" doraHai="95" who="2" fromWho="1" sc="207,0,131,-26,227,36,425,0" /><INIT seed="5,0,0,3,5,106" ten="207,105,263,425" oya="1" hai0="84,15,114,9,50,128,59,46,51,24,119,57,101" hai1="99,65,121,21,63,130,74,98,18,35,0,1,123" hai2="64,94,115,86,23,88,132,110,28,90,54,13,14" hai3="70,29,34,79,52,120,4,37,2,108,43,78,133"/><U38/><E35/><V69/><F110/><W62/><G133/><T126/><D119/><U102/><E38/><V5/><F132/><W135/><G120/><T26/><D126/><U6/><E130/><V91/><F115/><W127/><G70/><T103/><D114/><U125/><E125/><V116/><F116/><W75/><G79/><T33/><D128/><U72/><E99/><V30/><F64/><W81/><G52/><N who="0" m="31895" /><D59/><U124/><E124/><V20/><F54/><W76/><G29/><N who="2" m="11369" /><F69/><W56/><G78/><T122/><D84/><U89/><E89/><N who="2" m="33803" /><F5/><W85/><G4/><N who="0" m="3495" /><D33/><U107/><E18/><N who="2" m="10319" /><F14/><W16/><G108/><T17/><D122/><N who="1" m="46603" /><E21/><AGARI ba="0,0" hai="21,23,86,88,94" m="10319,33803,11369" machi="21" ten="30,2000,0" yaku="8,1,54,1" doraHai="106" who="2" fromWho="1" sc="207,0,105,-20,263,20,425,0" /><INIT seed="6,0,0,4,2,133" ten="207,85,283,425" oya="2" hai0="95,62,2,23,24,98,124,94,73,41,70,12,77" hai1="88,99,56,48,3,10,102,126,97,25,40,35,96" hai2="63,119,71,108,114,103,21,65,132,118,18,43,28" hai3="47,60,5,134,131,36,110,117,120,59,115,84,116"/><V51/><F114/><W105/><G131/><T33/><D2/><U66/><E3/><V26/><F132/><W61/><G105/><T16/><D41/><U67/><E10/><V113/><F113/><W34/><G110/><T17/><D124/><U75/><E75/><V4/><F108/><W55/><G120/><T109/><D109/><U22/><E35/><V129/><F129/><W42/><G84/><T106/><D77/><U127/><E102/><V85/><F103/><W7/><G34/><T13/><D73/><U104/><E104/><V101/><F101/><W90/><G90/><T57/><D70/><U83/><E40/><V135/><F4/><W54/><G115/><T58/><D106/><U0/><E0/><V1/><F1/><W11/><G134/><T80/><D80/><U8/><E8/><V86/><F135/><W38/><G11/><T91/><D33/><U53/><E22/><V123/><F123/><W32/><G32/><T37/><D37/><U81/><E25/><V76/><F28/><W89/><G89/><T100/><D57/><U111/><E111/><V20/><F20/><W19/><G59/><T15/><D17/><U93/><E81/><N who="2" m="47271" /><F86/><W107/><G107/><T72/><D72/><U6/><E6/><V82/><F82/><W49/><G19/><T130/><D130/><U45/><E83/><V122/><F122/><W69/><G7/><T31/><D100/><U46/><E99/><V121/><F121/><W128/><G128/><T14/><D98/><U79/><E97/><V125/><F125/><N who="1" m="47625" /><E79/><V9/><F9/><W92/><G5/><RYUUKYOKU ba="0,0" sc="207,-15,85,15,283,15,425,-15" hai1="45,46,48,53,56,66,67,88,93,96" hai2="18,21,26,43,51,63,65,71,118,119" /><INIT seed="6,1,0,4,0,40" ten="192,100,298,410" oya="2" hai0="64,83,37,135,82,107,106,29,26,95,15,27,22" hai1="20,100,115,110,114,16,86,8,90,96,113,54,59" hai2="47,48,88,36,122,46,35,89,111,5,112,126,74" hai3="19,120,14,70,134,102,34,56,45,79,1,81,28"/><V25/><F112/><W62/><G1/><T119/><D37/><U101/><E8/><V78/><F122/><W60/><G70/><T98/><D135/><U72/><E72/><V42/><F126/><W104/><G104/><T10/><D119/><U105/><E110/><V91/><F111/><W76/><G34/><T32/><D64/><U13/><E105/><V77/><F5/><W84/><G28/><T131/><D131/><U4/><E96/><V97/><F74/><W0/><G0/><T44/><D44/><U57/><E57/><V63/><F97/><W128/><G128/><T75/><D75/><U108/><E4/><V31/><REACH who="2" step="1"/><F63/><REACH who="2" ten="192,100,288,410" step="2"/><W50/><G62/><T30/><D106/><U24/><E108/><V94/><F94/><W53/><G120/><T87/><D107/><U23/><E115/><V121/><F121/><W2/><G60/><T69/><D98/><U117/><E114/><V9/><F9/><W39/><G134/><T49/><D95/><N who="1" m="54743" /><E113/><V7/><F7/><W85/><G85/><T17/><D87/><U41/><E117/><V38/><F38/><W51/><G39/><T109/><D109/><U12/><E101/><V6/><F6/><W73/><G102/><T68/><D49/><N who="1" m="31183" /><E100/><V118/><F118/><W116/><G116/><T133/><D133/><U80/><E80/><V67/><F67/><W99/><G99/><T129/><D129/><U93/><E93/><V123/><F123/><W71/><G73/><T11/><D11/><U52/><E24/><V66/><F66/><W33/><G81/><T92/><D92/><U55/><E12/><RYUUKYOKU ba="1,1" sc="192,15,100,-15,288,15,410,-15" hai0="10,15,17,22,26,27,29,30,32,68,69,82,83" hai2="25,31,35,36,42,46,47,48,77,78,88,89,91" /><INIT seed="6,2,1,5,1,81" ten="207,85,303,395" oya="2" hai0="33,88,4,80,83,46,111,101,72,50,127,126,92" hai1="86,121,131,125,130,27,65,134,120,37,23,70,39" hai2="64,103,133,22,45,1,107,102,104,113,44,58,89" hai3="54,99,30,29,61,74,93,16,11,38,63,32,52"/><V47/><F113/><W79/><G38/><T105/><D33/><U108/><E108/><V57/><F133/><W25/><G74/><T6/><D111/><U77/><E27/><V84/><F1/><W71/><G79/><T90/><D105/><U31/><E31/><N who="3" m="11786" /><G71/><T15/><D101/><N who="2" m="38410" /><F107/><W67/><G32/><T49/><D72/><U95/><E23/><V5/><F104/><W68/><G68/><T96/><D15/><U82/><E95/><N who="2" m="54695" /><F5/><N who="0" m="2154" /><D49/><U123/><E134/><V60/><F22/><N who="3" m="13511" /><G11/><T43/><D90/><U129/><REACH who="1" step="1"/><E125/><AGARI ba="2,1" hai="43,46,50,80,83,88,92,96,125,126,127" m="2154" machi="125" ten="30,2000,0" yaku="18,1,54,1" doraHai="81" who="0" fromWho="1" sc="207,36,85,-26,303,0,395,0" /><INIT seed="7,0,0,5,0,96" ten="243,59,303,395" oya="3" hai0="114,103,104,31,115,92,15,39,6,70,94,84,58" hai1="38,85,98,117,91,59,134,19,86,66,133,130,107" hai2="32,73,112,26,129,87,52,24,23,135,99,131,72" hai3="97,77,57,3,119,25,65,125,75,108,81,48,18"/><W60/><G3/><T101/><D39/><U27/><E38/><V36/><F112/><N who="0" m="43050" /><D70/><U111/><E19/><V56/><F135/><W1/><G1/><T29/><D58/><U109/><E27/><V11/><F36/><W51/><G125/><T80/><D104/><U21/><E21/><V83/><F99/><W22/><G119/><T53/><D53/><U49/><E66/><V88/><F11/><W46/><G108/><T43/><D43/><U82/><E49/><V61/><F32/><W78/><G78/><N who="0" m="46103" /><D6/><U41/><E59/><V12/><F12/><W67/><G67/><T121/><D121/><U93/><E41/><V44/><F44/><W10/><G46/><T42/><D42/><U76/><E117/><V33/><F33/><W113/><G113/><T102/><D15/><U128/><E109/><V5/><F5/><W54/><G65/><T7/><D7/><U4/><E4/><V20/><F26/><W68/><G68/><T90/><D92/><U95/><E111/><V40/><F40/><W100/><G10/><T105/><D105/><AGARI ba="0,0" hai="18,22,25,48,51,54,57,60,75,77,81,97,100,105" machi="105" ten="30,2900,0" yaku="7,1,52,1" doraHai="96" who="3" fromWho="0" sc="243,-29,59,0,303,0,395,29" owari="214,-19.0,59,-44.0,303,10.0,424,53.0" /></mjloggm>