<mjloggm ver="2.3"><GO type="41" lobby="0"/><UN n0="%E3%82%B8%E3%82%A7%E3%83%8E%E3%82%B5%E3%82%A4%E3%83%80%E3%83%BC%E7%BF%94" n1="%E3%83%80%E3%83%9C" n2="%E2%93%9D%53%75%70%68%78" n3="%E7%9C%9F%E6%AD%8C" dan="14,14,17,14" rate="1899.07,1919.39,2056.89,2069.31" sx="F,M,M,F"/><TAIKYOKU oya="0"/><INIT seed="0,0,0,2,4,93" ten="250,250,250,250" oya="0" hai0="1,92,12,67,130,57,33,26,125,120,65,29,32" hai1="113,16,50,86,42,9,51,108,95,28,41,124,2" hai2="73,121,44,116,102,14,52,63,0,131,78,117,7" hai3="114,6,71,68,81,38,25,11,106,4,54,55,17"/><T70/><D125/><U10/><E124/><V21/><F121/><W45/><G114/><T36/><D130/><U79/><E113/><V13/><F131/><W84/><G106/><T77/><D1/><U122/><E122/><V5/><F78/><W126/><G126/><T30/><D36/><U91/><E28/><V127/><F73/><W20/><G68/><T107/><D77/><U60/><E108/><V119/><F127/><W69/><G69/><T53/><D107/><U88/><E79/><V48/><F102/><W22/><G71/><T105/><D105/><U99/><E60/><V27/><F63/><W3/><G4/><N who="2" m="1609" /><F0/><W83/><G20/><T75/><D75/><U94/><E2/><V80/><F80/><W40/><REACH who="3" step="1"/><G81/><REACH who="3" ten="250,250,250,240" step="2"/><T85/><D70/><U123/><E123/><V112/><F112/><W35/><G35/><T118/><D120/><U43/><E9/><V76/><F76/><AGARI ba="0,1" hai="3,6,11,17,22,25,38,40,45,54,55,76,83,84" machi="76" ten="30,2000,0" yaku="1,1,7,1,53,0" doraHai="93" doraHaiUra="103" who="3" fromWho="2" sc="250,0,250,0,250,-20,240,30" /><INIT seed="1,0,0,4,2,44" ten="250,250,230,270" oya="1" hai0="38,4,99,135,0,116,8,57,20,48,43,53,34" hai1="29,94,103,100,102,127,123,33,31,130,112,50,64" hai2="68,22,25,9,80,115,10,117,111,104,11,131,106" hai3="13,108,65,62,30,24,81,93,58,73,113,5,2"/><U82/><E123/><V71/><F117/><W89/><G108/><T18/><D135/><U28/><E112/><V12/><F111/><W75/><G113/><T1/><D116/><U60/><E33/><V129/><F80/><W37/><G37/><T27/><D99/><U124/><E82/><V17/><F115/><W87/><G2/><T85/><D85/><U69/><E94/><V45/><F45/><W3/><G3/><T101/><D101/><U63/><E130/><N who="2" m="49675" /><F25/><W16/><G5/><T35/><D43/><U14/><E14/><V52/><F52/><W70/><G70/><AGARI ba="0,0" hai="9,10,11,12,17,22,68,70,71,104,106" m="49675" machi="70" ten="40,1300,0" yaku="19,1" doraHai="44" who="2" fromWho="3" sc="250,0,250,0,230,13,270,-13" /><INIT seed="2,0,0,0,1,111" ten="250,250,243,257" oya="2" hai0="51,49,8,11,38,112,80,124,46,63,85,122,89" hai1="47,5,98,109,71,105,9,117,23,83,129,50,20" hai2="25,75,73,114,93,52,7,4,120,19,16,65,41" hai3="13,44,43,42,100,17,0,115,99,77,26,110,88"/><V35/><F41/><W101/><G110/><T12/><D122/><U45/><E109/><V61/><F120/><W104/><G0/><T53/><D124/><U84/><E71/><V128/><F128/><W86/><G100/><T2/><D112/><U60/><E129/><V103/><F114/><W121/><G121/><T39/><D63/><U34/><E34/><V64/><F35/><W113/><G26/><T123/><D123/><U81/><E60/><V27/><F61/><W133/><G77/><T76/><D76/><U3/><E117/><V31/><F93/><W79/><G79/><T15/><D2/><U126/><E126/><V6/><F103/><W58/><G58/><T28/><D28/><U130/><E130/><V107/><F31/><W10/><G133/><T18/><REACH who="0" step="1"/><D49/><REACH who="0" ten="240,250,243,257" step="2"/><U82/><E50/><V40/><F65/><W56/><G56/><T1/><D1/><U48/><E48/><V92/><F64/><W134/><G134/><T69/><D69/><U125/><E125/><V72/><F72/><W22/><G113/><T54/><D54/><U24/><E47/><V68/><F68/><W21/><G115/><T135/><D135/><U96/><E45/><V30/><F30/><W118/><G118/><T67/><D67/><U119/><E119/><V131/><F131/><W95/><REACH who="3" step="1"/><G42/><REACH who="3" ten="240,250,243,247" step="2"/><T14/><D14/><U78/><E3/><V70/><F70/><W102/><G102/><T132/><D132/><U116/><E116/><V74/><F40/><W57/><G57/><T32/><D32/><U94/><E78/><V59/><F59/><W106/><G106/><RYUUKYOKU ba="0,2" sc="240,15,250,-15,243,-15,247,15" hai0="8,11,12,15,18,38,39,46,51,53,80,85,89" hai3="10,13,17,21,22,43,44,86,88,95,99,101,104" /><INIT seed="3,1,2,3,4,133" ten="255,235,228,262" oya="3" hai0="27,13,16,114,75,24,8,99,11,126,110,48,132" hai1="37,93,17,88,116,29,112,120,95,103,86,97,87" hai2="117,83,124,39,70,1,23,40,77,94,4,63,115" hai3="60,128,6,31,44,62,49,46,41,78,26,109,35"/><W130/><G109/><T57/><D114/><U104/><E37/><V15/><F115/><W45/><G6/><T118/><D118/><U113/><E29/><V5/><F117/><W9/><G9/><T119/><D119/><U52/><E116/><V92/><F70/><W69/><G78/><T106/><D75/><U10/><E120/><V3/><F63/><W79/><G79/><T22/><D126/><U56/><E17/><V7/><F124/><W2/><G2/><T100/><D132/><U131/><E10/><V25/><F15/><W134/><G134/><T51/><D110/><U127/><E127/><V0/><F40/><W65/><REACH who="3" step="1"/><G60/><REACH who="3" ten="255,235,228,252" step="2"/><T125/><D125/><U20/><E113/><V108/><F108/><W76/><G76/><T66/><D8/><U32/><E112/><V67/><F3/><W85/><G85/><T12/><D11/><U73/><E73/><V38/><F1/><W122/><G122/><T33/><D12/><U123/><E123/><V64/><F0/><W80/><G80/><T82/><D82/><U74/><E74/><V14/><F14/><W30/><G30/><T55/><D13/><U50/><E131/><AGARI ba="1,3" hai="26,31,35,41,44,45,46,49,62,65,69,128,130,131" machi="131" ten="40,3900,0" yaku="1,1,19,1,53,0" doraHai="133" doraHaiUra="96" who="3" fromWho="1" sc="255,0,235,-42,228,0,252,72" /><INIT seed="3,2,0,3,0,89" ten="255,193,228,324" oya="3" hai0="17,107,4,133,69,51,31,22,19,115,49,99,81" hai1="87,6,82,113,5,16,23,12,2,79,120,97,108" hai2="134,66,58,123,110,33,45,71,41,127,112,48,50" hai3="28,11,52,1,125,117,14,53,104,90,8,39,40"/><W30/><G117/><T88/><D133/><U109/><E113/><V74/><F74/><W67/><G104/><T91/><D69/><U98/><E120/><V35/><F35/><W86/><G1/><T27/><D115/><U83/><E82/><V59/><F33/><W78/><G125/><T130/><D130/><U94/><E98/><V102/><F102/><W34/><G34/><T76/><D4/><U32/><E32/><V80/><F80/><N who="3" m="47383" /><G39/><T100/><D17/><U24/><E12/><V60/><F112/><W103/><G103/><T111/><D111/><N who="1" m="42571" /><E2/><V29/><F29/><N who="3" m="11371" /><G40/><T36/><D36/><U63/><E63/><V61/><F110/><W42/><G42/><T9/><D49/><U119/><E119/><V128/><F123/><W114/><G67/><T135/><D51/><U55/><E55/><N who="3" m="21066" /><G114/><T46/><D135/><U121/><E121/><V38/><F134/><W105/><G105/><T73/><D46/><U129/><E129/><V3/><F3/><W118/><G118/><T64/><D64/><U54/><E54/><N who="2" m="32071" /><F128/><W68/><G14/><T106/><D107/><U75/><E75/><V122/><F122/><W43/><G43/><T116/><D116/><U126/><E126/><V62/><F127/><W47/><G47/><T85/><D73/><U15/><E15/><V10/><F38/><W77/><G77/><T56/><D56/><U96/><E6/><V65/><F62/><W93/><G68/><T101/><D101/><N who="1" m="60567" /><E5/><V25/><F25/><W72/><G72/><T37/><D37/><U20/><E24/><V0/><F0/><W132/><G132/><RYUUKYOKU ba="2,0" sc="255,10,193,-30,228,10,324,10" hai0="9,19,22,27,31,76,81,85,88,91,99,100,106" hai2="10,41,45,50,59,60,61,65,66,71" hai3="8,11,90,93" /><INIT seed="3,3,0,2,4,44" ten="265,163,238,334" oya="3" hai0="129,122,19,60,121,17,63,78,18,123,96,101,45" hai1="71,108,67,42,89,39,80,131,91,98,90,77,128" hai2="2,125,6,92,103,130,14,73,16,59,0,3,24" hai3="76,134,4,93,68,56,38,106,57,82,52,133,31"/><W26/><G106/><T51/><D78/><U35/><E35/><V102/><F73/><W40/><G68/><T85/><D85/><U36/><E67/><V53/><F130/><N who="1" m="49705" /><E71/><V70/><F125/><W79/><G4/><T22/><D22/><U127/><E42/><V83/><F83/><W119/><G119/><T126/><D126/><U54/><E54/><V116/><F116/><W99/><G40/><T15/><D15/><U100/><E127/><V110/><F110/><W9/><G9/><T107/><REACH who="0" step="1"/><D129/><REACH who="0" ten="255,163,238,334" step="2"/><U55/><E108/><V25/><F3/><W74/><G76/><T115/><D115/><U120/><E120/><V20/><F2/><W47/><G79/><T95/><D95/><U28/><E77/><V65/><F92/><W111/><G93/><T33/><D33/><U117/><E117/><V109/><F109/><W66/><G111/><T29/><D29/><U132/><E28/><V27/><F0/><W84/><G31/><T50/><D50/><U23/><E39/><V5/><F27/><W72/><G26/><T124/><D124/><U21/><E36/><V58/><F25/><W48/><G38/><T97/><D97/><U32/><E32/><V114/><F24/><W34/><G34/><T61/><D61/><U87/><E21/><V112/><F112/><W64/><G72/><T7/><D7/><U41/><E23/><V118/><F114/><W94/><G84/><T13/><D13/><U104/><E98/><V11/><F20/><W1/><G74/><T8/><D8/><U86/><E86/><V113/><F113/><W46/><G99/><RYUUKYOKU ba="3,1" sc="255,30,163,-10,238,-10,334,-10" hai0="17,18,19,45,51,60,63,96,101,107,121,122,123" /><INIT seed="4,4,1,5,0,120" ten="285,153,228,324" oya="0" hai0="18,127,135,6,52,7,111,23,122,90,116,28,64" hai1="43,115,29,103,67,10,27,36,91,95,89,51,37" hai2="57,83,84,119,131,105,88,86,41,133,24,106,34" hai3="48,99,82,45,65,94,2,132,22,26,113,31,110"/><T97/><D122/><U129/><E129/><V72/><F72/><W134/><G2/><T130/><D127/><U20/><E115/><V107/><F131/><W1/><G1/><T46/><D135/><N who="3" m="51753" /><G113/><T63/><D116/><U92/><E103/><V49/><F133/><W70/><G82/><T93/><D111/><U32/><E67/><V77/><F119/><W100/><G110/><T55/><D28/><U76/><E76/><V108/><F108/><W35/><G65/><T39/><D39/><U21/><E10/><V124/><F124/><W40/><G70/><T102/><D102/><U11/><E11/><V71/><F71/><W117/><G117/><T101/><D101/><U56/><E37/><V0/><F0/><W123/><G123/><T17/><D18/><U79/><E79/><V13/><F13/><W81/><G81/><T114/><D114/><U54/><E43/><V126/><F41/><W75/><G75/><T104/><D104/><U85/><REACH who="1" step="1"/><E36/><REACH who="1" ten="285,143,228,324" step="2"/><V61/><F126/><W62/><G62/><T96/><D130/><U58/><E58/><V66/><F77/><W3/><G3/><T42/><D64/><U112/><E112/><V38/><F38/><W109/><G109/><T53/><D63/><U16/><E16/><V19/><F19/><W8/><G8/><T25/><D6/><U4/><E4/><V5/><F5/><W98/><G98/><AGARI ba="4,2" hai="20,21,27,29,32,51,54,56,85,89,91,92,95,98" machi="98" ten="30,2000,0" yaku="1,1,7,1,53,0" doraHai="120" doraHaiUra="69" who="1" fromWho="3" sc="285,0,143,52,228,0,324,-32" /><INIT seed="5,0,0,2,1,100" ten="285,195,228,292" oya="1" hai0="134,29,132,127,52,10,108,92,5,64,20,124,67" hai1="84,79,1,18,41,53,73,86,7,120,94,109,30" hai2="35,31,81,24,2,116,54,42,114,9,39,98,130" hai3="133,61,38,72,17,68,96,22,15,11,106,111,37"/><U49/><E120/><V113/><F54/><W112/><G111/><T102/><D108/><U63/><E109/><V14/><F116/><W36/><G72/><T3/><D92/><U32/><E73/><V57/><F57/><W135/><G112/><N who="2" m="43113" /><F81/><W65/><REACH who="3" step="1"/><G11/><REACH who="3" ten="285,195,228,282" step="2"/><T97/><D10/><U25/><E1/><V46/><F2/><W104/><G104/><T87/><D3/><U50/><E7/><N who="2" m="3391" /><F98/><W8/><G8/><T110/><D97/><U4/><E4/><V121/><F130/><W123/><G123/><AGARI ba="0,1" hai="24,31,35,39,42,46,121,123" m="3391,43113" machi="123" ten="30,2000,0" yaku="15,1,11,1" doraHai="100" who="2" fromWho="3" sc="285,0,195,0,228,30,282,-20" /><INIT seed="6,0,0,5,2,4" ten="285,195,258,262" oya="2" hai0="106,51,84,119,6,23,124,64,24,2,82,36,77" hai1="70,29,92,111,1,39,101,118,44,34,73,71,49" hai2="128,107,19,117,46,120,83,21,96,69,7,97,31" hai3="135,50,30,98,110,94,126,104,90,57,63,0,25"/><V28/><F117/><W65/><G126/><T105/><D124/><U132/><E49/><V79/><F69/><W33/><G135/><T42/><D119/><U35/><E92/><V40/><F120/><W93/><G110/><T66/><D36/><U72/><E101/><V125/><F128/><W91/><G0/><T60/><D64/><U58/><E58/><V108/><F7/><W133/><G133/><T43/><D42/><U129/><E29/><V134/><F108/><W113/><G113/><T109/><D109/><U103/><E103/><V9/><F107/><W3/><G3/><T54/><D43/><U88/><E88/><V114/><F114/><W74/><G74/><T121/><D121/><U62/><E62/><V102/><F134/><W87/><G50/><T78/><D78/><U67/><E67/><V32/><F32/><W89/><G104/><T85/><D85/><U11/><E111/><V127/><F127/><W56/><REACH who="3" step="1"/><G89/><REACH who="3" ten="285,195,258,252" step="2"/><T41/><D105/><U20/><E132/><V115/><F125/><W59/><AGARI ba="0,1" hai="25,30,33,56,57,59,63,65,87,90,91,93,94,98" machi="59" ten="20,5200,0" yaku="1,1,2,1,0,1,7,1,53,0" doraHai="4" doraHaiUra="68" who="3" fromWho="3" sc="285,-13,195,-13,258,-26,252,62" /><INIT seed="7,0,0,4,2,78" ten="272,182,232,314" oya="3" hai0="121,33,26,6,110,74,19,89,1,131,51,100,53" hai1="18,97,41,118,47,4,90,101,99,107,122,98,15" hai2="29,105,82,77,66,9,96,65,25,30,114,62,102" hai3="44,124,73,59,133,120,56,129,116,104,61,8,13"/><W31/><G116/><T130/><D74/><U115/><E122/><V3/><F114/><W60/><G120/><T22/><D100/><U20/><E115/><V11/><F66/><W57/><G73/><T119/><D110/><U91/><E118/><V12/><F3/><W69/><G104/><T23/><D119/><U127/><E127/><V14/><F14/><W37/><G124/><T36/><D36/><U7/><E107/><V2/><F2/><W50/><G37/><T126/><D126/><U108/><E101/><V48/><F48/><W132/><G129/><T93/><D121/><U76/><E76/><V106/><F106/><W68/><G31/><T17/><D33/><U135/><E108/><V85/><F12/><W54/><G60/><T125/><D125/><U117/><E117/><V111/><F30/><W52/><G54/><T5/><D1/><U27/><E135/><N who="3" m="51786" /><G61/><T88/><D89/><U39/><REACH who="1" step="1"/><E15/><REACH who="1" ten="272,172,232,314" step="2"/><V86/><F111/><W112/><G112/><T43/><D130/><U80/><E80/><V42/><F82/><W21/><G8/><T84/><D131/><U16/><E16/><AGARI ba="0,1" hai="13,16,21,44,50,52,56,57,59,68,69" m="51786" machi="16" ten="30,5800,0" yaku="20,1,54,2" doraHai="78" who="3" fromWho="1" sc="272,0,172,-58,232,0,314,68" owari="272,7.0,114,-39.0,232,-17.0,382,49.0" /></mjloggm>