<mjloggm ver="2.3"><GO type="41" lobby="0"/><UN n0="%E3%82%B8%E3%83%91%E3%83%88%E3%83%8E%E3%83%95" n1="%E9%87%8E%E7%94%9F%E5%B0%8F%E7%99%BD%E8%8A%B1" n2="%E3%83%AD%E3%83%BC%E3%83%B3%E3%81%95%E3%82%8C%E3%81%9F" n3="%E2%93%9D%53%75%70%68%78" dan="13,15,14,18" rate="1964.73,1968.98,1945.33,2128.99" sx="M,M,F,M"/><TAIKYOKU oya="0"/><INIT seed="0,0,0,5,2,62" ten="250,250,250,250" oya="0" hai0="75,72,9,71,120,122,101,82,94,20,89,97,76" hai1="18,47,67,129,107,38,102,96,117,35,78,111,64" hai2="44,4,21,90,87,12,56,25,124,66,73,32,8" hai3="114,86,118,36,74,80,49,128,60,23,3,95,84"/><T135/><D71/><U79/><E117/><V69/><F73/><W126/><G36/><T42/><D42/><U27/><E129/><V39/><F124/><W81/><G3/><T54/><D9/><U113/><E111/><V112/><F112/><W19/><G74/><T34/><D34/><U68/><E113/><V55/><F32/><W13/><G126/><T133/><D20/><U105/><E105/><V123/><F123/><W57/><G128/><T121/><D72/><U125/><E125/><V116/><F116/><W26/><G95/><T28/><D28/><U88/><E68/><V99/><F99/><W98/><G98/><T130/><D54/><U16/><E38/><V134/><F134/><N who="0" m="51210" /><D130/><U119/><E47/><V45/><F39/><W5/><G118/><T0/><D0/><U91/><E119/><V29/><F55/><W59/><G114/><T93/><D93/><N who="1" m="58639" /><E35/><V70/><F70/><W131/><G131/><T30/><D30/><U65/><E107/><V22/><F22/><W15/><G23/><T11/><D11/><U108/><E108/><V14/><F69/><W106/><G106/><T104/><D104/><U48/><E48/><V77/><F14/><W63/><G49/><T17/><D17/><N who="1" m="6763" /><E27/><V7/><F45/><W83/><G19/><T40/><D40/><U53/><E53/><V43/><F44/><W1/><G26/><T127/><D127/><U58/><E58/><V85/><F43/><W92/><G1/><T52/><D52/><U103/><E103/><AGARI ba="0,0" hai="75,76,82,89,94,97,101,103,120,121,122" m="51210" machi="103" ten="40,7700,0" yaku="20,1,34,2" doraHai="62" who="0" fromWho="1" sc="250,77,250,-77,250,0,250,0" /><INIT seed="0,1,0,4,4,50" ten="327,173,250,250" oya="0" hai0="57,5,93,121,130,82,35,103,80,96,119,79,73" hai1="122,92,124,12,91,123,128,14,105,32,72,39,70" hai2="114,87,84,30,63,46,111,132,54,118,68,42,97" hai3="104,71,6,51,120,33,101,108,131,107,75,40,0"/><T22/><D35/><U41/><E70/><V81/><F114/><W28/><G51/><T55/><D121/><U88/><E32/><V115/><F115/><W65/><G40/><T2/><D130/><U8/><E128/><V127/><F127/><W20/><G20/><T100/><D82/><U9/><E124/><V78/><F111/><W66/><G66/><T67/><D67/><U43/><E105/><V98/><F132/><W59/><G59/><T10/><D119/><U24/><E92/><V29/><F118/><W25/><G108/><T53/><D57/><U36/><REACH who="1" step="1"/><E24/><REACH who="1" ten="327,163,250,250" step="2"/><V18/><F68/><W26/><G26/><T44/><D100/><U112/><E112/><V62/><F81/><W89/><G107/><T94/><D94/><U69/><E69/><V95/><F95/><W15/><G104/><T90/><D96/><U102/><E102/><V37/><F84/><W83/><G101/><T126/><D103/><U113/><E113/><V129/><F129/><W56/><G71/><T125/><D125/><U52/><E52/><V99/><F54/><W60/><G131/><T116/><D126/><U23/><E23/><V110/><F110/><W58/><G65/><T4/><D116/><U74/><AGARI ba="1,1" hai="8,9,12,14,36,39,41,43,72,74,88,91,122,123" machi="74" ten="25,8000,1" yaku="1,1,0,1,22,2,54,1,53,0" doraHai="50" doraHaiUra="19" who="1" fromWho="1" sc="327,-41,163,93,250,-21,250,-21" /><INIT seed="1,0,0,0,4,0" ten="286,256,229,229" oya="1" hai0="36,26,25,106,131,47,5,80,7,87,71,70,4" hai1="99,122,134,24,112,88,19,49,1,39,54,9,84" hai2="77,73,78,17,111,51,20,94,114,124,38,43,95" hai3="53,100,55,64,129,40,126,133,50,89,11,108,85"/><U130/><E122/><V12/><F38/><W92/><G108/><T2/><D106/><U63/><E112/><V117/><F117/><W127/><G129/><T109/><D2/><U44/><E130/><V118/><F118/><W91/><G64/><T58/><D131/><U132/><E99/><V107/><F107/><W79/><G79/><N who="2" m="30217" /><F73/><W23/><G133/><N who="1" m="51306" /><E39/><V98/><F114/><W14/><G100/><T96/><D109/><U65/><E24/><V18/><F111/><W69/><G69/><T68/><D96/><U76/><E76/><V97/><F124/><N who="3" m="47659" /><G23/><T115/><D115/><U105/><E105/><V90/><F43/><W28/><G28/><T30/><D30/><U45/><E45/><V10/><F51/><W37/><G37/><T67/><D80/><N who="1" m="49159" /><E1/><V125/><F125/><W93/><G50/><T74/><D87/><U103/><E103/><N who="2" m="60855" /><F20/><W123/><G123/><T61/><REACH who="0" step="1"/><D74/><REACH who="0" ten="276,256,229,229" step="2"/><U22/><E22/><V86/><F86/><N who="3" m="52279" /><G40/><AGARI ba="0,1" hai="4,5,7,25,26,36,40,47,58,61,67,68,70,71" machi="40" ten="50,8000,1" yaku="1,1,52,3,53,0" doraHai="0" doraHaiUra="128" who="0" fromWho="3" sc="276,90,256,0,229,0,229,-80" /><INIT seed="2,0,0,4,0,84" ten="366,256,229,149" oya="2" hai0="38,24,112,21,109,85,73,37,34,20,131,91,95" hai1="128,116,14,29,12,35,124,86,2,72,105,74,54" hai2="28,33,57,111,87,118,67,27,32,23,113,101,98" hai3="58,26,117,130,126,108,115,103,46,122,48,7,127"/><V82/><F118/><W47/><G103/><T92/><D112/><U83/><E116/><V17/><F113/><W25/><G117/><T60/><D73/><U39/><E39/><V50/><F111/><W93/><G115/><T30/><D131/><U1/><E128/><V49/><F33/><W79/><G130/><T69/><D109/><U41/><E41/><V18/><F18/><W106/><G106/><T31/><D38/><U16/><E124/><V110/><F110/><W15/><G79/><T71/><D37/><U120/><E120/><V53/><F67/><W89/><G122/><T77/><D60/><U55/><E105/><V45/><F32/><W64/><G108/><T62/><D77/><U4/><E35/><V56/><F28/><W78/><G78/><T94/><D62/><U42/><E42/><V65/><F65/><W132/><G132/><T129/><D129/><U96/><E29/><V134/><F134/><W80/><G80/><T44/><D44/><N who="3" m="16937" /><G127/><T68/><REACH who="0" step="1"/><D34/><REACH who="0" ten="356,256,229,149" step="2"/><U104/><E74/><V102/><F50/><W36/><G126/><T107/><D107/><U61/><E104/><V99/><F99/><N who="3" m="57775" /><G36/><T100/><D100/><N who="2" m="38506" /><F98/><W51/><G51/><T66/><D66/><U119/><E96/><V13/><F27/><AGARI ba="0,1" hai="20,21,24,27,30,31,68,69,71,85,91,92,94,95" machi="27" ten="40,5200,0" yaku="1,1,9,1,52,1,53,0" doraHai="84" doraHaiUra="8" who="0" fromWho="2" sc="356,62,256,0,229,-52,149,0" /><INIT seed="3,0,0,4,5,89" ten="418,256,177,149" oya="3" hai0="91,53,48,70,67,14,100,87,92,7,55,96,73" hai1="66,2,22,25,93,50,117,1,105,124,38,8,56" hai2="78,24,59,63,72,86,119,34,41,64,110,113,112" hai3="57,76,16,49,129,47,83,126,132,85,79,46,11"/><W106/><G106/><T4/><D73/><U31/><E124/><V90/><F119/><W123/><G123/><T33/><D33/><U109/><E109/><V5/><F110/><W32/><G32/><T23/><D70/><U12/><E105/><V27/><F78/><W133/><G129/><T97/><D97/><U81/><E38/><V10/><F72/><W36/><G126/><T60/><D67/><U44/><E81/><V62/><F41/><W80/><G57/><T71/><D71/><U99/><E117/><V18/><F63/><W74/><G36/><T127/><D127/><U43/><E56/><V19/><F27/><W108/><G108/><T95/><D55/><U20/><E20/><V88/><F90/><W98/><G98/><T6/><D60/><U21/><E21/><V9/><F9/><W42/><REACH who="3" step="1"/><G47/><REACH who="3" ten="418,256,177,139" step="2"/><N who="0" m="27807" /><D23/><U40/><E66/><V0/><F34/><W101/><G101/><T29/><D29/><U103/><REACH who="1" step="1"/><E43/><REACH who="1" ten="418,246,177,139" step="2"/><V28/><F112/><W82/><G82/><T107/><D107/><U3/><E3/><V26/><F113/><W94/><G94/><T104/><D104/><U77/><E77/><V130/><F130/><W116/><G116/><T68/><D68/><U125/><E125/><V51/><F28/><W61/><G61/><T102/><D102/><U58/><E58/><V111/><F111/><W69/><G69/><T45/><D45/><U131/><E131/><V122/><F122/><W118/><G118/><T54/><D54/><U114/><E114/><V35/><F35/><W84/><G84/><T121/><D121/><U17/><AGARI ba="0,2" hai="1,2,8,12,17,22,25,31,40,44,50,93,99,103" machi="17" ten="20,8000,1" yaku="1,1,5,1,0,1,7,1,52,1,53,0" doraHai="89" doraHaiUra="30" who="1" fromWho="1" sc="418,-20,246,100,177,-20,139,-40" /><INIT seed="4,0,0,5,2,10" ten="398,346,157,99" oya="0" hai0="75,36,123,7,99,98,58,78,32,112,61,37,1" hai1="91,80,134,72,95,77,67,76,84,53,128,109,19" hai2="85,15,17,74,113,60,31,118,9,125,79,29,115" hai3="22,25,16,103,132,88,26,119,48,5,57,110,71"/><T42/><D112/><N who="2" m="43082" /><F74/><W131/><G119/><T6/><D1/><U122/><E122/><V33/><F118/><W130/><G71/><T68/><D68/><U135/><E109/><V54/><F125/><W11/><G103/><T81/><D32/><U70/><E128/><N who="3" m="49194" /><G48/><T43/><D123/><U121/><E121/><V96/><F96/><W120/><G57/><T106/><D106/><U30/><E30/><V114/><F33/><W45/><G45/><T124/><D37/><U24/><E70/><V3/><F3/><N who="3" m="447" /><G120/><T82/><D36/><U62/><E67/><V116/><F116/><W66/><G66/><T46/><D46/><U102/><E62/><V97/><F97/><W92/><G132/><T38/><D38/><U50/><E102/><V90/><F79/><W87/><G110/><T0/><D58/><N who="1" m="33079" /><E77/><V93/><N who="2" m="43090" /><V49/><DORA hai="94" /><F60/><W104/><G104/><T101/><D78/><U35/><E76/><V13/><F54/><W59/><G59/><T108/><D61/><U39/><E39/><V133/><F49/><W127/><G127/><T51/><D108/><U126/><E126/><V23/><F133/><W27/><AGARI ba="0,0" hai="16,22,25,26,27,87,88,92" m="447,49194" machi="27" ten="30,4000,0" yaku="19,1,54,2" doraHai="10,94" who="3" fromWho="3" sc="398,-20,346,-10,157,-10,99,40" /><INIT seed="5,0,0,4,2,3" ten="378,336,147,139" oya="1" hai0="28,46,53,35,134,100,15,124,14,21,7,105,79" hai1="70,128,41,29,74,135,24,91,22,19,26,97,101" hai2="47,102,114,103,122,120,1,25,66,50,54,17,68" hai3="9,83,62,130,132,2,111,4,16,59,8,118,94"/><U106/><E128/><V44/><F68/><W40/><G111/><T72/><D134/><U37/><E135/><V84/><F66/><W65/><G132/><T5/><D100/><U119/><E119/><V131/><F1/><W36/><G130/><T73/><D35/><U48/><E70/><V13/><F131/><W86/><G118/><T112/><D105/><U109/><E109/><V96/><F25/><W69/><G94/><T23/><D79/><U42/><E74/><V123/><F114/><W81/><G69/><T10/><D112/><U80/><E37/><V38/><F96/><W98/><G98/><T76/><D124/><U125/><E125/><V71/><F71/><W77/><G83/><T104/><D104/><U95/><E80/><V92/><F44/><W51/><G36/><T64/><D64/><U60/><E48/><V45/><F45/><W6/><G51/><T78/><D46/><U61/><E42/><V52/><F54/><W39/><G39/><T32/><D32/><U75/><E41/><V11/><REACH who="2" step="1"/><F38/><REACH who="2" ten="378,336,137,139" step="2"/><W58/><G40/><T116/><D53/><U90/><E26/><V34/><F34/><W55/><G2/><T87/><D116/><U27/><E27/><V121/><N who="2" m="30720" /><DORA hai="85" /><V49/><F49/><N who="3" m="31087" /><G9/><T115/><D10/><U93/><E24/><V56/><F56/><W129/><G129/><T88/><D28/><U67/><E97/><V107/><F107/><W113/><G113/><T126/><D126/><U127/><E127/><V108/><F108/><W20/><G8/><T12/><D115/><U30/><E106/><V18/><F18/><RYUUKYOKU ba="0,1" sc="378,-15,336,-15,137,15,139,15" hai2="11,13,17,47,50,52,84,92,102,103" hai3="4,6,16,20,59,62,65,77,81,86" /><INIT seed="6,1,1,5,3,34" ten="363,321,152,154" oya="2" hai0="14,47,10,93,58,89,50,57,129,9,84,43,38" hai1="46,2,18,49,97,66,17,110,76,100,99,75,82" hai2="25,19,35,102,94,29,32,55,13,88,42,124,112" hai3="90,101,121,31,36,56,23,125,28,71,74,119,72"/><V104/><F104/><W109/><G71/><T114/><D114/><U5/><E110/><V134/><F102/><W62/><G109/><T52/><D129/><U115/><E115/><V70/><F70/><W131/><G36/><T135/><D135/><U83/><E66/><V113/><F134/><W85/><G121/><T126/><D126/><U7/><E7/><V92/><F35/><W41/><G41/><T132/><D132/><U61/><E61/><V65/><F124/><W69/><G69/><T6/><REACH who="0" step="1"/><D10/><REACH who="0" ten="353,321,152,154" step="2"/><U95/><E99/><V79/><F113/><W117/><G131/><T128/><D128/><U4/><E4/><V91/><F112/><W1/><G125/><T15/><D15/><U27/><E27/><V63/><F42/><W77/><G119/><T80/><D80/><U45/><E83/><V0/><F79/><W118/><G118/><T8/><D8/><U26/><E26/><V37/><F37/><W107/><G77/><T130/><D130/><U20/><E5/><V30/><F30/><W103/><G31/><T73/><D73/><U48/><E20/><V12/><F0/><W120/><G1/><T67/><D67/><U98/><E98/><V123/><F123/><W68/><G120/><T51/><D51/><U86/><E75/><V105/><F65/><W64/><G117/><T60/><D60/><U16/><E2/><V21/><F63/><W108/><G108/><T87/><D87/><U78/><E78/><V24/><F105/><W96/><G68/><T33/><D33/><U59/><E49/><V11/><F11/><W39/><G64/><RYUUKYOKU ba="1,2" sc="353,15,321,15,152,-15,154,-15" hai0="6,9,14,38,43,47,50,52,57,58,84,89,93" hai1="16,17,18,45,46,48,59,76,82,86,95,97,100" /><INIT seed="7,2,2,3,1,126" ten="368,336,137,139" oya="3" hai0="57,90,76,107,81,39,4,119,17,15,100,36,135" hai1="32,85,123,5,67,134,8,59,7,125,132,24,93" hai2="133,79,121,103,34,77,96,75,3,74,128,55,63" hai3="25,12,30,27,99,84,69,53,49,65,10,21,95"/><W54/><G69/><T115/><D135/><N who="1" m="51755" /><E123/><V45/><F3/><W14/><G65/><T101/><D119/><U86/><E125/><V22/><F34/><W113/><G113/><T68/><D68/><U66/><E93/><V109/><F133/><W64/><G64/><N who="1" m="24618" /><E59/><V129/><F109/><W87/><G27/><T43/><D4/><N who="1" m="1611" /><E8/><V117/><F117/><W42/><G42/><T98/><D101/><U52/><E52/><N who="3" m="20074" /><G49/><T114/><D57/><U38/><E38/><V104/><F121/><W130/><G10/><N who="0" m="6391" /><D43/><U23/><E32/><V13/><F45/><W31/><G95/><T19/><D19/><AGARI ba="2,2" hai="19,23,24,85,86" m="1611,24618,51755" machi="19" ten="30,1000,0" yaku="20,1" doraHai="126" who="1" fromWho="0" sc="368,-16,336,36,137,0,139,0" owari="352,15.0,372,47.0,137,-36.0,139,-26.0" /></mjloggm>