<mjloggm ver="2.3"><GO type="41" lobby="0"/><UN n0="%E2%93%9D%53%75%70%68%78" n1="%58%4A%41%50%41%4E" n2="%E3%81%A9%E3%82%89%E7%84%BC" n3="%E6%A1%83%E6%BA%90%E5%8D%81%E6%8B%B3" dan="18,13,14,13" rate="2131.02,1896.92,1921.79,1801.66" sx="M,M,M,M"/><TAIKYOKU oya="0"/><INIT seed="0,0,0,1,0,131" ten="250,250,250,250" oya="0" hai0="79,53,84,72,6,100,75,113,29,80,32,101,19" hai1="31,55,122,47,92,16,9,3,112,0,90,39,7" hai2="119,20,52,102,2,66,130,48,78,89,76,108,129" hai3="126,5,88,68,99,30,110,56,109,10,45,105,11"/><T15/><D113/><U13/><E122/><V125/><F2/><W71/><G30/><T21/><D6/><U50/><E39/><V34/><F34/><W74/><G74/><T58/><D75/><U54/><E112/><V86/><F102/><W96/><G45/><T128/><D128/><N who="2" m="49258" /><F66/><W41/><G41/><T63/><D32/><U121/><E121/><V51/><F119/><W59/><G5/><T27/><REACH who="0" step="1"/><D72/><REACH who="0" ten="240,250,250,250" step="2"/><U17/><E3/><V115/><F115/><W118/><G118/><T91/><D91/><U64/><E0/><V120/><F120/><W8/><G126/><T35/><AGARI ba="0,1" hai="15,19,21,27,29,35,53,58,63,79,80,84,100,101" machi="35" ten="20,3900,0" yaku="1,1,0,1,7,1,53,0" doraHai="131" doraHaiUra="40" who="0" fromWho="0" sc="240,49,250,-13,250,-13,250,-13" /><INIT seed="0,1,0,2,2,26" ten="289,237,237,237" oya="0" hai0="16,10,48,103,34,43,41,125,62,38,113,47,104" hai1="72,110,132,9,29,99,55,126,61,37,84,49,68" hai2="40,105,44,14,45,115,97,114,108,106,89,25,39" hai3="27,76,100,58,120,101,112,124,75,131,60,86,133"/><T17/><D113/><U63/><E72/><V56/><F108/><W46/><G112/><T116/><D116/><U6/><E110/><V87/><F25/><W0/><G0/><T91/><D34/><U134/><E37/><V59/><F14/><W88/><G75/><T31/><D125/><U7/><E68/><V22/><F22/><W83/><G124/><T102/><D104/><U57/><E126/><V13/><F13/><W111/><G111/><T36/><D62/><N who="1" m="23563" /><E9/><V28/><F28/><W51/><G76/><T64/><D64/><U82/><E99/><V3/><F3/><W77/><G77/><T24/><D10/><U65/><E65/><V2/><F2/><W15/><G15/><T85/><D38/><U78/><E29/><V123/><F123/><W92/><G83/><N who="0" m="49599" /><D43/><U127/><E127/><V80/><F45/><W71/><G71/><T95/><D36/><U53/><E53/><V52/><F59/><W66/><G120/><T69/><D69/><U5/><E134/><V107/><REACH who="2" step="1"/><F97/><REACH who="2" ten="289,237,227,237" step="2"/><W50/><G133/><T122/><D122/><U21/><E132/><V33/><F33/><W119/><G46/><T32/><D32/><U23/><AGARI ba="1,1" hai="5,6,7,21,23,49,55,57,78,82,84" m="23563" machi="23" ten="30,1100,0" yaku="8,1" doraHai="26" who="1" fromWho="1" sc="289,-6,237,24,227,-4,237,-4" /><INIT seed="1,0,0,0,3,87" ten="283,261,223,233" oya="1" hai0="76,3,110,51,78,44,6,52,84,48,122,27,82" hai1="9,115,92,66,20,130,106,12,56,105,77,128,64" hai2="7,37,111,33,120,72,47,11,88,49,18,68,60" hai3="67,15,55,31,132,90,108,70,5,91,0,96,25"/><U79/><E115/><V109/><F120/><W17/><G132/><T126/><D110/><N who="2" m="41994" /><F18/><W50/><G108/><T43/><D126/><U107/><E20/><V102/><F72/><W104/><G67/><N who="1" m="25642" /><E56/><V116/><F116/><W85/><G70/><T127/><D127/><U1/><E1/><N who="2" m="495" /><F33/><W32/><G85/><T71/><D71/><U75/><E75/><V135/><F135/><W39/><G39/><T23/><D122/><U89/><E9/><V73/><F73/><W26/><G26/><T129/><D6/><U80/><E12/><V21/><F68/><W57/><G5/><T61/><D3/><U117/><E80/><V118/><F118/><W16/><G0/><T8/><D8/><U29/><E29/><V36/><F102/><W86/><G86/><T94/><D78/><N who="1" m="29707" /><E117/><V63/><F21/><W81/><G81/><T34/><D34/><U19/><E19/><V45/><F45/><W42/><G17/><T114/><D114/><U65/><N who="1" m="25650" /><U62/><DORA hai="2" /><E62/><V125/><F125/><W10/><REACH who="3" step="1"/><G42/><REACH who="3" ten="283,261,223,223" step="2"/><T123/><D43/><U59/><E59/><V24/><F24/><W74/><G74/><T28/><D27/><U53/><E53/><N who="2" m="29887" /><F37/><W13/><G13/><T93/><D76/><U38/><E38/><V121/><F36/><W119/><G119/><T58/><D123/><U134/><E134/><V131/><F121/><W133/><G133/><T83/><D83/><U100/><E100/><AGARI ba="0,1" hai="10,15,16,25,31,32,50,55,57,90,91,96,100,104" machi="100" ten="40,12000,2" yaku="1,1,52,2,54,1,53,2" doraHai="87,2" doraHaiUra="22,30" who="3" fromWho="1" sc="283,0,261,-120,223,0,223,130" /><INIT seed="2,0,0,0,3,125" ten="283,141,223,353" oya="2" hai0="18,65,1,123,134,25,74,130,12,30,56,104,70" hai1="29,46,0,10,107,48,63,24,106,5,41,71,92" hai2="69,135,110,4,99,119,100,126,128,96,14,44,31" hai3="86,133,23,90,28,49,105,115,9,116,64,11,72"/><V45/><F69/><W16/><G72/><T113/><D123/><U6/><E6/><V3/><F126/><W127/><G105/><T114/><D74/><U37/><E48/><V27/><F119/><W117/><G127/><T85/><D104/><U95/><E95/><V22/><F110/><W109/><G109/><T81/><D1/><U76/><E92/><V61/><F135/><W91/><G115/><T58/><D70/><U67/><REACH who="1" step="1"/><E76/><REACH who="1" ten="283,131,223,353" step="2"/><V42/><F3/><W17/><G133/><T98/><D134/><U35/><AGARI ba="0,1" hai="0,5,10,24,29,35,37,41,46,63,67,71,106,107" machi="35" ten="20,12000,2" yaku="1,1,2,1,0,1,7,1,33,3,53,0" doraHai="125" doraHaiUra="129" who="1" fromWho="1" sc="283,-30,131,130,223,-60,353,-30" /><INIT seed="3,0,0,1,5,8" ten="253,261,163,323" oya="3" hai0="95,52,125,129,120,5,55,42,79,46,106,69,29" hai1="68,88,23,12,100,37,13,77,64,40,131,25,51" hai2="62,22,67,65,36,73,81,59,9,30,70,47,99" hai3="105,19,82,90,101,16,94,127,83,43,3,44,61"/><W41/><G3/><T49/><D106/><U4/><E37/><V53/><F73/><W6/><G6/><T117/><D117/><U27/><E68/><V72/><F72/><W97/><G127/><T32/><D120/><U87/><E64/><V80/><F9/><W48/><G43/><T104/><D104/><U24/><E77/><V123/><F123/><W108/><G108/><T26/><D129/><U135/><E131/><V21/><F99/><W110/><G110/><T57/><D69/><U63/><E63/><V17/><F30/><W93/><G105/><T86/><D125/><U7/><E135/><V130/><F130/><W34/><G34/><T33/><D5/><N who="1" m="2123" /><E23/><V121/><F121/><W115/><G115/><T103/><D33/><U10/><E10/><V122/><F122/><W111/><G111/><T56/><D79/><U0/><E100/><V2/><F2/><W116/><G116/><T113/><D113/><U112/><E112/><V89/><F67/><W92/><G61/><T107/><D107/><U126/><E0/><V84/><F17/><N who="3" m="6731" /><G93/><T14/><D95/><N who="1" m="54687" /><E126/><V102/><F102/><W66/><G66/><T114/><D103/><U91/><E91/><V118/><F80/><W132/><G132/><T15/><D114/><U133/><E133/><V38/><F118/><W98/><AGARI ba="0,0" hai="41,44,48,82,83,90,92,94,97,98,101" m="6731" machi="98" ten="30,3000,0" yaku="8,1,54,1" doraHai="8" who="3" fromWho="3" sc="253,-10,261,-10,163,-10,323,30" /><INIT seed="3,1,0,3,4,35" ten="243,251,153,353" oya="3" hai0="75,28,113,96,10,64,14,59,100,46,71,40,5" hai1="29,33,83,135,80,122,34,48,77,90,0,22,12" hai2="27,47,3,128,60,73,99,67,133,53,45,92,31" hai3="36,97,110,101,4,44,68,102,134,58,26,23,54"/><W25/><G68/><T16/><D113/><U62/><E122/><V121/><F121/><W39/><G4/><T7/><D75/><U49/><E135/><V125/><F133/><W56/><G134/><T11/><D71/><U120/><E120/><V1/><F73/><W37/><G44/><T70/><D70/><U86/><E62/><V126/><F128/><W94/><G102/><T131/><D28/><U66/><E66/><V89/><F67/><W95/><G94/><T106/><D131/><U52/><E49/><V116/><F116/><W130/><G130/><T91/><D91/><U17/><E0/><N who="2" m="75" /><F60/><W88/><G101/><T57/><D64/><U30/><E34/><N who="2" m="20863" /><F53/><W124/><G124/><AGARI ba="1,0" hai="45,47,89,92,99,124,125,126" m="20863,75" machi="124" ten="30,7700,0" yaku="18,1,52,3" doraHai="35" who="2" fromWho="3" sc="243,0,251,0,153,80,353,-80" /><INIT seed="4,0,0,0,2,52" ten="243,251,233,273" oya="0" hai0="131,99,60,133,134,74,127,40,109,21,64,102,105" hai1="101,120,47,94,51,10,124,36,81,11,46,14,70" hai2="121,25,126,91,72,117,26,87,108,123,13,61,80" hai3="6,69,96,12,122,97,67,55,4,77,31,59,34"/><T16/><D74/><U118/><E118/><V79/><F108/><W30/><G67/><T42/><D109/><U49/><E70/><V37/><F37/><W76/><G69/><T75/><D75/><U95/><E36/><V62/><F117/><W89/><G12/><T129/><D127/><U135/><E124/><V71/><F126/><W68/><G68/><T2/><D2/><U17/><E101/><V84/><F13/><W93/><G122/><T45/><D60/><U9/><E135/><N who="0" m="51721" /><D64/><U100/><E100/><V5/><F5/><N who="3" m="2155" /><G34/><T24/><D45/><N who="1" m="16907" /><E81/><V66/><F61/><N who="3" m="36095" /><G97/><T128/><AGARI ba="0,0" hai="16,21,24,40,42,99,102,105,128,129,131" m="51721" machi="128" ten="40,7800,0" yaku="19,1,20,1,54,1" doraHai="52" who="0" fromWho="0" sc="243,78,251,-26,233,-26,273,-26" /><INIT seed="4,1,0,3,0,94" ten="321,225,207,247" oya="0" hai0="132,39,36,76,17,26,8,80,25,62,32,56,115" hai1="9,19,40,33,7,118,105,63,90,42,128,69,10" hai2="60,78,117,108,59,27,65,77,85,6,89,121,29" hai3="83,22,125,103,4,119,101,81,87,123,58,111,126"/><T102/><D115/><U129/><E33/><V68/><F121/><W0/><G119/><T96/><D132/><U67/><E118/><V112/><F108/><W114/><G114/><T71/><D71/><U45/><E105/><V131/><F112/><W79/><G4/><T66/><D26/><U18/><E90/><V88/><F117/><W30/><G0/><T75/><D8/><N who="1" m="3179" /><E7/><V72/><F6/><W52/><G111/><T73/><D73/><U23/><E23/><V28/><F131/><N who="1" m="50249" /><E40/><V95/><F72/><W49/><G123/><T106/><REACH who="0" step="1"/><D17/><REACH who="0" ten="311,225,207,247" step="2"/><U57/><E69/><V100/><F68/><W104/><G30/><AGARI ba="1,1" hai="25,30,32,36,39,56,62,66,75,76,80,96,102,106" machi="30" ten="40,7700,0" yaku="1,1,2,1,52,1,53,0" doraHai="94" doraHaiUra="124" who="0" fromWho="3" sc="311,90,225,0,207,0,247,-80" /><INIT seed="4,2,0,1,2,100" ten="401,225,207,167" oya="0" hai0="101,109,25,64,19,77,106,88,94,34,132,129,74" hai1="128,43,122,66,15,67,133,3,4,59,36,11,35" hai2="62,54,93,8,124,22,26,110,55,80,87,38,79" hai3="116,10,60,102,49,61,130,33,32,63,119,76,40"/><T84/><D129/><U29/><E122/><V52/><F110/><W21/><G76/><T89/><D64/><U6/><E6/><V97/><F38/><W82/><G82/><N who="0" m="45367" /><D34/><U46/><E128/><V45/><F124/><W65/><G130/><T134/><D25/><U135/><E35/><V95/><F8/><W112/><G65/><T14/><D89/><U39/><E29/><V58/><F45/><W9/><G112/><T2/><D2/><U92/><E92/><V99/><F93/><W115/><G115/><T86/><D86/><U127/><E127/><V125/><F125/><W107/><G21/><N who="0" m="11511" /><D109/><U16/><E39/><V47/><F47/><W78/><G78/><T13/><D13/><U0/><E0/><V1/><F1/><W27/><G33/><T70/><D70/><U104/><E104/><V69/><F69/><W41/><G49/><T57/><D57/><U24/><E24/><V56/><F58/><W7/><G10/><T91/><D91/><U98/><E98/><AGARI ba="2,0" hai="84,88,94,98,101,106,132,134" m="11511,45367" machi="98" ten="30,5800,0" yaku="24,1,52,1,54,1" doraHai="100" who="0" fromWho="1" sc="401,64,225,-64,207,0,167,0" /><INIT seed="4,3,0,5,0,1" ten="465,161,207,167" oya="0" hai0="17,129,107,3,70,41,28,111,16,88,109,91,67" hai1="83,128,59,106,97,61,55,15,68,62,103,122,21" hai2="116,19,23,73,45,78,126,18,53,36,52,95,8" hai3="35,135,48,33,120,12,32,108,86,31,44,134,114"/><T90/><D107/><U74/><E122/><V49/><F116/><W51/><G114/><T43/><D3/><U119/><E119/><V104/><F104/><W63/><G120/><T96/><D28/><U94/><E68/><V10/><F126/><W26/><G63/><T60/><D96/><U30/><E128/><V64/><F73/><W133/><G108/><N who="0" m="41547" /><D129/><U124/><E124/><V56/><F78/><W42/><G86/><T125/><D125/><U127/><E127/><V0/><F36/><W24/><G51/><T14/><D17/><N who="1" m="10431" /><E74/><V58/><F64/><W20/><G12/><T100/><D100/><U22/><E106/><V75/><F75/><W4/><REACH who="3" step="1"/><G4/><REACH who="3" ten="465,161,207,157" step="2"/><T6/><D6/><U7/><E7/><V25/><F0/><W47/><G47/><T72/><D72/><U69/><E69/><V77/><F45/><W112/><G112/><T76/><D76/><U65/><E65/><V81/><F95/><W99/><G99/><T38/><D38/><U130/><E130/><V117/><F117/><W115/><G115/><T87/><D87/><U84/><E84/><N who="2" m="48175" /><F18/><AGARI ba="3,1" hai="18,20,24,26,31,32,33,35,42,44,48,133,134,135" machi="18" ten="40,2600,0" yaku="1,1,20,1,53,0" doraHai="1" doraHaiUra="132" who="3" fromWho="2" sc="465,0,161,0,207,-35,157,45" /><INIT seed="5,0,0,1,0,80" ten="465,161,172,202" oya="1" hai0="132,30,89,10,127,104,99,36,32,54,24,21,62" hai1="22,107,41,20,84,6,14,33,45,125,109,35,3" hai2="28,135,9,97,66,52,129,114,92,69,79,71,131" hai3="122,88,23,87,93,34,19,60,68,4,42,47,67"/><U95/><E107/><V119/><F119/><W43/><G34/><T111/><D132/><U38/><E109/><V5/><F79/><W117/><G117/><T56/><D127/><U65/><E65/><V77/><F77/><W76/><G122/><T126/><D126/><U91/><E125/><V63/><F28/><W105/><G105/><T12/><D36/><U106/><E106/><V130/><F114/><W7/><G76/><T74/><D74/><U51/><E38/><V1/><F135/><W108/><G43/><T18/><D111/><U50/><E50/><V103/><REACH who="2" step="1"/><F52/><REACH who="2" ten="465,161,162,202" step="2"/><W116/><G116/><T78/><D78/><U44/><E44/><V26/><F26/><W40/><G108/><T25/><D25/><U13/><E3/><V133/><F133/><W110/><G110/><T102/><D32/><U0/><E0/><V27/><F27/><W90/><G42/><T94/><D104/><U58/><E35/><V11/><F11/><W113/><G113/><T37/><D37/><U49/><E33/><V112/><F112/><W96/><G47/><T85/><D102/><U121/><E121/><V61/><F61/><W29/><G40/><T64/><D54/><N who="1" m="32095" /><E6/><V86/><F86/><AGARI ba="0,1" hai="10,12,18,21,24,30,56,62,64,85,86,89,94,99" machi="86" ten="40,5200,0" yaku="8,1,52,2" doraHai="80" who="0" fromWho="2" sc="465,62,161,0,162,-52,202,0" /><INIT seed="6,0,0,4,3,67" ten="527,161,110,202" oya="2" hai0="42,56,86,82,17,114,59,16,105,38,134,15,12" hai1="89,9,36,49,131,1,135,127,74,58,106,97,111" hai2="101,8,103,92,61,91,10,63,128,21,66,20,43" hai3="119,118,53,11,116,75,3,64,5,19,109,22,7"/><V133/><F133/><W71/><G75/><T122/><D114/><U45/><E9/><V90/><F128/><W44/><G109/><T132/><D105/><U29/><E29/><V110/><F110/><W0/><G44/><T76/><D122/><U98/><E45/><V84/><F43/><W72/><G72/><T6/><D6/><U46/><E46/><V95/><F84/><W126/><G53/><T41/><D86/><U104/><E49/><V100/><F101/><W115/><G126/><T85/><D85/><U32/><E58/><V60/><REACH who="2" step="1"/><F61/><REACH who="2" ten="527,161,100,202" step="2"/><W81/><G116/><T34/><D134/><U65/><E98/><V123/><F123/><W24/><G115/><T108/><D132/><U77/><E97/><V125/><F125/><W27/><G118/><T107/><D108/><U33/><E106/><V31/><F31/><W88/><G119/><T40/><D107/><U4/><E111/><V96/><F96/><W13/><G7/><T35/><D42/><U55/><E135/><V93/><F93/><W83/><G81/><T18/><D82/><U26/><E131/><V78/><F78/><W79/><G79/><T73/><D76/><U112/><E127/><V117/><F117/><W68/><G83/><T124/><D124/><U28/><E28/><V14/><F14/><W23/><G13/><T69/><D73/><U30/><E77/><V70/><F70/><W52/><G71/><T87/><D87/><U51/><E30/><V39/><F39/><W54/><G68/><T80/><D69/><U47/><E74/><V2/><F2/><W121/><G3/><RYUUKYOKU ba="0,1" sc="527,-10,161,-10,100,30,202,-10" hai2="8,10,20,21,60,63,66,90,91,92,95,100,103" /><INIT seed="6,1,1,4,2,115" ten="517,151,130,192" oya="2" hai0="15,62,65,94,20,64,66,36,34,97,78,19,102" hai1="63,85,74,61,84,68,70,107,13,128,47,5,23" hai2="87,35,89,103,105,10,45,55,93,76,32,39,110" hai3="88,117,98,118,77,113,3,80,11,101,131,75,14"/><V83/><F110/><W16/><G3/><T18/><D34/><U86/><E107/><V41/><F10/><W122/><G122/><T120/><D36/><U90/><E74/><V82/><F55/><W54/><G131/><T59/><D120/><U43/><E90/><V48/><F39/><W24/><G24/><N who="0" m="14359" /><D78/><U127/><E127/><V29/><F29/><W21/><G113/><T99/><D99/><U9/><E128/><V57/><F57/><W100/><G11/><AGARI ba="1,1" hai="11,15,19,59,62,64,65,66,94,97,102" m="14359" machi="11" ten="30,1000,0" yaku="8,1" doraHai="115" who="0" fromWho="3" sc="517,23,151,0,130,0,192,-13" /><INIT seed="7,0,0,2,1,112" ten="540,151,130,179" oya="3" hai0="10,75,28,39,70,44,8,9,14,1,130,43,88" hai1="91,132,129,123,128,83,97,101,23,68,25,72,56" hai2="6,41,57,121,47,7,125,30,82,22,38,36,31" hai3="85,110,33,37,127,62,49,80,52,11,71,66,116"/><W4/><G33/><T122/><D130/><N who="1" m="50283" /><E68/><V21/><F82/><W53/><G110/><T103/><D122/><U113/><E123/><V73/><F73/><W64/><G64/><T93/><D1/><U76/><E113/><V96/><F121/><W81/><G127/><T118/><D103/><U17/><E132/><V95/><F125/><W99/><G37/><T92/><D92/><N who="1" m="56479" /><E56/><V5/><F57/><W15/><G53/><T35/><D28/><U134/><E134/><V51/><F36/><W13/><G116/><T55/><D14/><U120/><E120/><V67/><F67/><W27/><G27/><T84/><D43/><U117/><E101/><V79/><F79/><W100/><G15/><T65/><D44/><U29/><E117/><V0/><F0/><W87/><G81/><T18/><D18/><AGARI ba="0,0" hai="17,18,23,25,29,72,76,83" m="56479,50283" machi="18" ten="30,1000,0" yaku="19,1" doraHai="112" who="1" fromWho="0" sc="540,-10,151,10,130,0,179,0" owari="530,63.0,161,-24.0,130,-37.0,179,-2.0" /></mjloggm>