<mjloggm ver="2.3"><GO type="41" lobby="0"/><UN n0="%E2%93%9D%53%75%70%68%78" n1="%E3%83%95%E3%83%AB%E3%83%8F%E3%82%A6%E3%82%B9%37%37%37" n2="%74%65%6E%64%65%72%6C%79" n3="%4E%55%44%41" dan="18,17,13,15" rate="2080.32,2048.69,1885.32,2018.94" sx="M,M,M,M"/><TAIKYOKU oya="0"/><INIT seed="0,0,0,5,5,60" ten="250,250,250,250" oya="0" hai0="72,11,51,30,94,112,17,120,25,108,1,103,36" hai1="107,133,130,113,100,53,34,127,80,22,58,110,39" hai2="92,50,77,63,61,105,29,134,78,71,98,12,0" hai3="13,93,7,122,19,95,106,42,66,21,128,88,96"/><T2/><D72/><U26/><E39/><V55/><F0/><W52/><G106/><T101/><D120/><U41/><E34/><V46/><F134/><W65/><G128/><T45/><D112/><U3/><E113/><V56/><F29/><W64/><G122/><T121/><D36/><U18/><E3/><V135/><F105/><W68/><G68/><T16/><D121/><U10/><E130/><V14/><F135/><W5/><G42/><T67/><D108/><U49/><E133/><V114/><F114/><W35/><G35/><T85/><D67/><U115/><E110/><V54/><F71/><W125/><G125/><T104/><D2/><U75/><E127/><V97/><F63/><W70/><G70/><T40/><D104/><U28/><E115/><V123/><F123/><W99/><G52/><T20/><D1/><U89/><E41/><V119/><F119/><W44/><G44/><T43/><D43/><U116/><E116/><V129/><F129/><W82/><G82/><T9/><D85/><N who="1" m="50343" /><E75/><V102/><F98/><W23/><G23/><T90/><D11/><U47/><E107/><V33/><F33/><W132/><G132/><T81/><D81/><U86/><E86/><V91/><F102/><AGARI ba="0,0" hai="5,7,13,19,21,64,65,66,88,93,95,96,99,102" machi="102" ten="40,8000,1" yaku="8,1,52,3,54,1" doraHai="60" who="3" fromWho="2" sc="250,0,250,0,250,-80,250,80" /><INIT seed="1,0,0,3,3,42" ten="250,250,170,330" oya="1" hai0="26,50,39,47,134,91,132,94,80,5,72,104,43" hai1="8,89,1,46,133,62,114,61,92,51,28,90,35" hai2="34,74,29,59,95,121,48,71,10,96,69,126,17" hai3="107,68,131,119,57,15,4,103,81,37,113,54,108"/><U65/><E114/><V130/><F121/><W93/><G113/><T22/><D104/><U70/><E133/><N who="0" m="51305" /><D5/><U100/><E62/><V11/><F74/><W86/><G68/><T112/><D112/><U38/><E38/><V63/><F34/><W125/><G107/><T0/><D0/><U123/><E123/><V2/><F29/><W24/><G37/><T36/><D80/><U117/><E117/><V18/><F126/><W101/><G125/><T45/><D72/><U40/><E28/><V127/><F127/><W6/><G119/><T110/><D110/><U115/><E35/><V128/><F48/><N who="3" m="30919" /><G108/><T58/><D58/><U76/><E76/><V83/><F83/><W23/><G131/><N who="2" m="50217" /><F2/><W60/><G60/><T97/><D47/><U84/><E115/><V98/><F95/><W106/><G106/><T49/><D39/><U64/><E64/><N who="2" m="39039" /><F98/><N who="3" m="59599" /><G15/><T31/><AGARI ba="0,0" hai="22,26,31,36,43,45,49,50,91,94,97" m="51305" machi="31" ten="30,2000,0" yaku="20,1,52,1" doraHai="42" who="0" fromWho="0" sc="250,20,250,-10,170,-5,330,-5" /><INIT seed="2,0,0,5,5,3" ten="270,240,165,325" oya="2" hai0="2,18,45,131,100,53,126,96,114,91,125,66,90" hai1="87,111,10,4,80,59,8,33,22,99,34,64,113" hai2="94,20,38,84,41,128,39,92,127,13,35,103,132" hai3="112,30,36,79,123,83,116,81,105,101,95,56,46"/><V67/><F35/><W89/><G30/><T54/><D114/><U28/><E111/><V104/><F127/><N who="0" m="48650" /><D66/><U21/><E113/><V70/><F128/><W6/><G112/><T19/><D2/><U15/><E99/><V50/><F132/><W40/><G116/><T97/><D45/><U75/><E75/><V5/><F104/><W62/><G123/><T120/><D120/><U71/><E71/><V110/><F110/><W65/><G6/><T12/><D131/><U107/><E107/><V77/><F70/><W51/><G36/><T93/><D19/><N who="1" m="8679" /><E87/><V134/><F134/><W48/><G48/><T121/><D121/><U102/><E80/><N who="3" m="30794" /><G105/><N who="0" m="63623" /><D91/><U49/><E102/><V98/><F39/><W106/><G106/><T135/><D135/><U118/><E49/><V32/><F32/><N who="1" m="12393" /><E59/><V7/><F38/><W82/><G101/><T42/><D42/><U115/><E64/><V16/><F67/><W74/><G74/><T31/><D31/><U37/><E37/><V88/><F77/><W69/><G69/><T63/><D63/><U86/><E86/><V78/><F78/><W14/><G79/><T85/><D85/><U26/><E118/><V24/><F24/><W27/><G27/><T44/><D44/><AGARI ba="0,0" hai="5,7,13,16,20,41,44,50,84,88,92,94,98,103" machi="44" ten="40,12000,1" yaku="8,1,52,2,54,2" doraHai="3" who="2" fromWho="0" sc="270,-120,240,0,165,120,325,0" /><INIT seed="2,1,0,2,5,46" ten="150,240,285,325" oya="2" hai0="67,23,120,71,127,56,130,11,39,14,95,123,114" hai1="91,112,41,21,38,44,19,32,99,68,125,121,86" hai2="28,55,97,109,122,45,31,17,8,53,113,7,102" hai3="119,1,100,0,24,110,111,135,84,43,78,92,90"/><V48/><F122/><W66/><G119/><T128/><D95/><U34/><E112/><V94/><F113/><W30/><G135/><T16/><D71/><U87/><E68/><V77/><F77/><W51/><G66/><T33/><D39/><U37/><E37/><V6/><F109/><N who="3" m="41483" /><G100/><T2/><D56/><U29/><E125/><V104/><F104/><W81/><G43/><T83/><D83/><U42/><E42/><V103/><F103/><W105/><G105/><T70/><D67/><U133/><E133/><V73/><F73/><N who="3" m="43215" /><G51/><T89/><D70/><U82/><E121/><N who="0" m="46665" /><D89/><U131/><E99/><V52/><F31/><W65/><G65/><T101/><D101/><U72/><E72/><V57/><F28/><W60/><G60/><T69/><D69/><U126/><E29/><V35/><F35/><AGARI ba="1,0" hai="0,1,24,30,35,84,90,92" m="43215,41483" machi="35" ten="30,1000,0" yaku="14,1" doraHai="46" who="3" fromWho="2" sc="150,0,240,0,285,-13,325,13" /><INIT seed="3,0,0,0,1,132" ten="150,240,272,338" oya="3" hai0="93,99,128,6,127,95,134,42,46,78,60,54,129" hai1="24,64,20,77,70,51,10,120,63,133,86,79,33" hai2="96,22,59,14,19,113,119,81,69,126,13,115,27" hai3="49,76,122,68,3,43,16,108,38,116,131,40,52"/><W112/><G122/><T102/><D6/><U18/><E120/><V21/><F69/><W50/><G116/><T17/><D78/><U8/><E133/><V56/><F119/><W66/><G3/><T107/><D134/><U30/><E51/><V7/><F96/><W72/><G112/><N who="2" m="43081" /><F81/><W88/><G131/><N who="0" m="50251" /><D17/><U65/><E65/><V23/><F56/><W85/><G108/><T35/><D35/><U106/><E106/><V2/><F59/><W57/><G38/><N who="0" m="21847" /><D54/><U29/><E29/><V71/><F71/><W135/><G135/><T111/><D60/><U11/><REACH who="1" step="1"/><E86/><REACH who="1" ten="150,230,272,338" step="2"/><V92/><F2/><W62/><G49/><T32/><D111/><U110/><E110/><V37/><F37/><W89/><G85/><T53/><D53/><U123/><E123/><V45/><F7/><W9/><G43/><T5/><D5/><U73/><E73/><V105/><F105/><W117/><G40/><T58/><D107/><U87/><E87/><V83/><F45/><W130/><G130/><T121/><D121/><U36/><E36/><V44/><F44/><W84/><G72/><T15/><D99/><U39/><E39/><V90/><F27/><AGARI ba="0,1" hai="8,10,11,18,20,24,27,30,33,63,64,70,77,79" machi="27" ten="40,2600,0" yaku="1,1,53,1" doraHai="132" doraHaiUra="28" who="1" fromWho="2" sc="150,0,230,36,272,-26,338,0" /><INIT seed="4,0,0,4,0,78" ten="150,266,246,338" oya="0" hai0="40,43,99,24,68,65,117,39,9,101,37,91,10" hai1="95,17,63,60,114,123,97,110,22,28,79,3,119" hai2="120,59,0,111,100,81,124,128,116,96,90,122,48" hai3="118,12,26,13,61,23,21,57,30,56,58,105,50"/><T129/><D117/><U115/><E110/><V108/><F0/><W102/><G118/><T34/><D129/><U131/><E119/><V6/><F6/><W15/><G105/><T45/><D91/><N who="1" m="55551" /><E3/><V41/><F116/><W32/><G102/><T67/><D24/><N who="1" m="14415" /><E123/><N who="2" m="47147" /><F59/><N who="3" m="22603" /><G32/><T1/><D34/><U109/><E109/><N who="2" m="42059" /><F48/><W14/><G14/><T35/><D35/><U88/><E79/><V106/><F41/><W77/><G77/><T80/><D1/><U44/><E44/><V46/><F46/><W36/><G36/><T121/><D121/><U75/><E75/><V127/><F128/><W125/><G125/><N who="2" m="48201" /><F90/><W76/><G76/><T94/><D43/><U27/><E131/><V62/><F62/><W53/><G61/><T71/><D39/><U130/><E130/><V134/><F134/><W104/><G104/><T133/><D133/><U126/><E88/><V42/><F42/><W49/><G49/><T84/><D37/><U7/><E7/><V51/><F51/><W89/><G89/><N who="0" m="51335" /><D40/><U33/><E126/><V112/><F112/><AGARI ba="0,0" hai="27,28,33,60,63,112,114,115" m="14415,55551" machi="112" ten="30,2000,0" yaku="15,1,11,1" doraHai="78" who="1" fromWho="2" sc="150,0,266,20,246,-20,338,0" /><INIT seed="5,0,0,4,4,5" ten="150,286,226,338" oya="1" hai0="26,129,94,45,67,15,134,18,111,56,54,55,23" hai1="61,31,22,83,52,40,66,89,16,32,62,3,86" hai2="78,39,103,77,76,72,7,98,109,58,91,108,17" hai3="107,90,101,57,68,93,34,114,123,46,6,121,117"/><U71/><E3/><V96/><F39/><W12/><G68/><T65/><D129/><U43/><E31/><V106/><F58/><W35/><G114/><T132/><D111/><N who="2" m="42570" /><F17/><W75/><G75/><T112/><D112/><U127/><E32/><V74/><F7/><W110/><G110/><T47/><D94/><AGARI ba="0,0" hai="72,74,76,77,78,91,94,96,98,103,106" m="42570" machi="94" ten="30,2000,0" yaku="34,2" doraHai="5" who="2" fromWho="0" sc="150,-20,286,0,226,20,338,0" /><INIT seed="6,0,0,3,2,71" ten="130,286,246,338" oya="2" hai0="98,107,73,77,88,3,18,123,38,36,23,127,37" hai1="29,131,128,70,99,124,33,13,104,65,9,10,110" hai2="21,78,116,25,17,27,100,42,59,108,15,8,126" hai3="2,53,109,57,19,28,122,46,117,20,60,84,44"/><V97/><F116/><W132/><G117/><T115/><D123/><U35/><E110/><V75/><F126/><W74/><G109/><T106/><D3/><U54/><E54/><V101/><F108/><W80/><G122/><T103/><D127/><U87/><E87/><V112/><F112/><W130/><G74/><T32/><D32/><N who="1" m="12363" /><E65/><V31/><F75/><W30/><G2/><T92/><D115/><U55/><E55/><V61/><F78/><N who="3" m="46103" /><G132/><T58/><D58/><U119/><E70/><V45/><F27/><N who="3" m="14751" /><G130/><N who="1" m="49706" /><E99/><V95/><F95/><W11/><G11/><N who="1" m="4106" /><E104/><V86/><F86/><W91/><G91/><T102/><D73/><U40/><E40/><V62/><F62/><W43/><G46/><T135/><D135/><U48/><E48/><AGARI ba="0,0" hai="28,30,43,44,48,53,57,60" m="14751,46103" machi="48" ten="30,1000,0" yaku="8,1" doraHai="71" who="3" fromWho="1" sc="130,0,286,-10,246,0,338,10" /><INIT seed="7,0,0,1,1,99" ten="130,276,246,348" oya="3" hai0="78,111,11,21,124,40,66,9,20,27,17,59,81" hai1="131,57,48,3,108,120,119,112,118,60,0,16,90" hai2="37,133,117,116,53,96,130,70,79,35,105,113,55" hai3="104,38,2,95,89,56,61,22,80,44,25,28,127"/><W128/><G104/><T65/><D124/><U72/><E72/><V50/><F35/><W4/><G2/><T101/><D111/><U123/><E108/><V107/><F70/><W86/><G127/><T125/><D125/><U76/><E76/><V135/><F37/><W134/><G38/><T109/><D109/><U83/><E112/><V39/><F39/><W26/><G134/><N who="2" m="51209" /><F79/><N who="3" m="46367" /><G128/><T36/><D36/><U91/><E48/><V67/><F67/><N who="3" m="39335" /><G4/><T5/><D40/><U69/><E69/><V19/><F19/><N who="3" m="12511" /><G44/><T129/><D129/><U97/><E131/><V32/><F32/><W110/><G110/><T77/><D5/><U87/><E0/><V8/><F8/><W41/><G41/><T15/><D11/><U14/><E3/><V10/><F10/><W43/><G43/><T84/><D9/><N who="1" m="6223" /><E91/><V126/><F126/><W33/><G33/><T34/><D34/><U42/><E97/><V94/><F130/><W122/><G122/><N who="1" m="46634" /><E42/><V52/><F113/><W31/><G26/><T98/><D78/><U58/><E60/><V63/><F63/><W51/><G51/><T121/><D121/><U62/><E62/><V6/><F50/><W7/><G7/><T103/><D59/><U24/><E24/><V93/><F6/><W75/><G75/><T85/><D66/><U92/><E118/><N who="2" m="45675" /><F96/><AGARI ba="0,0" hai="28,31,89,95,96" m="12511,39335,46367" machi="96" ten="30,1500,0" yaku="8,1" doraHai="99" who="3" fromWho="2" sc="130,0,276,0,246,-15,348,15" owari="130,-37.0,276,8.0,231,-17.0,363,46.0" /></mjloggm>