<mjloggm ver="2.3"><GO type="41" lobby="0"/><UN n0="%4D%4A%E3%81%AE%E3%81%8A%E3%81%8B%E3%81%B4%E3%83%BC" n1="%E2%93%9D%53%75%70%68%78" n2="%E4%BF%BA%E3%81%AE%E6%9A%97%E5%88%BB" n3="%4E%6F%6E%61%6E" dan="13,18,13,15" rate="1860.34,2087.50,1897.59,2025.86" sx="M,M,M,M"/><TAIKYOKU oya="0"/><INIT seed="0,0,0,1,2,10" ten="250,250,250,250" oya="0" hai0="90,27,26,125,21,101,17,4,29,24,87,35,109" hai1="20,40,18,124,128,80,2,23,67,57,36,62,8" hai2="88,122,111,25,34,32,103,42,83,100,106,110,44" hai3="52,127,81,121,53,68,104,5,7,49,31,82,71"/><T130/><D101/><U50/><E128/><V92/><F122/><W59/><G104/><T56/><D130/><U55/><E124/><V58/><F106/><W126/><G31/><T117/><D117/><U114/><E114/><V47/><F83/><W19/><G19/><T13/><D125/><U1/><E23/><V61/><F25/><W129/><G129/><T30/><D109/><N who="2" m="41482" /><F47/><W69/><G59/><T98/><D98/><U39/><E80/><N who="3" m="30826" /><G49/><T74/><D74/><U64/><E39/><N who="2" m="21599" /><F61/><W46/><G46/><T22/><D4/><N who="3" m="1609" /><G121/><T9/><D56/><U3/><E36/><V132/><F58/><W73/><G73/><T33/><D26/><U41/><E62/><V97/><F132/><W89/><G89/><T0/><D0/><U12/><REACH who="1" step="1"/><E20/><REACH who="1" ten="250,240,250,250" step="2"/><V133/><F133/><W91/><G127/><T94/><AGARI ba="0,1" hai="9,13,17,21,22,24,27,29,30,33,35,87,90,94" machi="94" ten="20,7800,0" yaku="0,1,7,1,9,1,52,1" doraHai="10" who="0" fromWho="0" sc="250,88,240,-26,250,-26,250,-26" /><INIT seed="0,1,0,0,3,74" ten="338,214,224,224" oya="0" hai0="33,105,14,91,86,30,62,24,2,31,82,9,48" hai1="75,88,123,67,49,130,90,47,44,4,43,64,135" hai2="115,32,12,45,99,20,128,102,95,18,36,6,120" hai3="25,77,129,134,100,40,5,79,58,107,87,50,68"/><T84/><D105/><U89/><E123/><V122/><F115/><W10/><G68/><T92/><D2/><U71/><E130/><V81/><F128/><W59/><G134/><T124/><D124/><U93/><E135/><V23/><F32/><W28/><G129/><T57/><D31/><U125/><E75/><V26/><F6/><W85/><G107/><T16/><D48/><U96/><E125/><V104/><F104/><W78/><G100/><T118/><D118/><U132/><E132/><V113/><F113/><W8/><G58/><T131/><D131/><U29/><E71/><V54/><F81/><W116/><G116/><T41/><D41/><U101/><E29/><V7/><F7/><W94/><G94/><T114/><D114/><U108/><E108/><V37/><F36/><W121/><G121/><T119/><D119/><U70/><E70/><V27/><F26/><W110/><G110/><T42/><D42/><U63/><E63/><V11/><F11/><N who="3" m="4139" /><G5/><T80/><REACH who="0" step="1"/><D86/><REACH who="0" ten="328,214,224,224" step="2"/><U112/><E112/><V97/><F122/><W53/><G40/><T106/><D106/><U3/><E3/><V72/><F120/><W60/><G50/><T133/><D133/><U117/><E117/><V126/><F126/><W76/><N who="3" m="19456" /><DORA hai="73" /><W111/><G111/><T17/><D17/><U0/><E4/><V19/><F72/><W103/><G103/><T109/><D109/><U15/><E0/><V56/><F37/><W21/><AGARI ba="1,1" hai="21,25,28,53,59,60,85,87" m="19456,4139" machi="21" ten="40,16000,3" yaku="8,1,52,8" doraHai="74,73" who="3" fromWho="3" sc="328,-81,214,-41,224,-41,224,173" /><INIT seed="1,0,0,2,1,3" ten="247,173,183,397" oya="1" hai0="51,54,133,71,97,46,7,80,63,60,88,61,107" hai1="93,26,123,125,14,35,52,66,36,27,109,48,15" hai2="59,126,2,41,8,38,85,25,84,124,83,111,32" hai3="114,86,16,55,42,1,132,28,44,67,130,78,102"/><U11/><E123/><V106/><F106/><W72/><G72/><T50/><D133/><U21/><E36/><V110/><F38/><W79/><G132/><T9/><D71/><U74/><E74/><V70/><F70/><W115/><G130/><T91/><D107/><U56/><E125/><N who="2" m="48235" /><F41/><W121/><G121/><T96/><D50/><U92/><E109/><N who="2" m="41483" /><F59/><W18/><G1/><T53/><D53/><U94/><E35/><V118/><F118/><W113/><G28/><T98/><REACH who="0" step="1"/><D80/><REACH who="0" ten="237,173,183,397" step="2"/><U108/><E108/><V33/><F83/><W95/><G55/><T104/><D104/><U31/><E66/><V120/><F120/><W116/><G67/><T76/><D76/><U99/><E27/><V47/><F47/><W75/><G114/><T39/><D39/><U29/><E29/><N who="2" m="19503" /><F33/><W135/><G113/><T128/><D128/><U58/><E58/><V0/><F0/><AGARI ba="0,1" hai="0,7,9,46,51,54,60,61,63,88,91,96,97,98" machi="0" ten="40,5200,0" yaku="1,1,52,1,54,1,53,0" doraHai="3" doraHaiUra="13" who="0" fromWho="2" sc="237,62,173,0,183,-52,397,0" /><INIT seed="2,0,0,4,4,129" ten="299,173,131,397" oya="2" hai0="36,67,85,46,47,98,82,109,66,62,48,11,10" hai1="116,124,56,8,79,13,32,114,100,133,20,107,101" hai2="61,115,40,74,83,22,44,80,111,50,70,87,34" hai3="84,121,55,23,71,54,17,59,112,64,96,126,25"/><V69/><F115/><W110/><G126/><T26/><D109/><U92/><E32/><V2/><F2/><W9/><G112/><T134/><D134/><U24/><E107/><V97/><F34/><W45/><G110/><T30/><D36/><U65/><E116/><V14/><F111/><W51/><G121/><T122/><D122/><U123/><E79/><V41/><F74/><W43/><G55/><T130/><D130/><U0/><E0/><V68/><F40/><W105/><G84/><T132/><D132/><U118/><E124/><V33/><F33/><W29/><G105/><T86/><D98/><U3/><E3/><V49/><F49/><W90/><G96/><T7/><D86/><U35/><E35/><V135/><F135/><W52/><G90/><T1/><D11/><U93/><E118/><V21/><F97/><W4/><G29/><T37/><D37/><U125/><E123/><V38/><F38/><W28/><G54/><T106/><D106/><U128/><E125/><V81/><F61/><W104/><G104/><T127/><D127/><U76/><E76/><V95/><F14/><N who="3" m="5415" /><G64/><N who="0" m="24619" /><D62/><N who="1" m="38087" /><E128/><V39/><F39/><W131/><G71/><T113/><D113/><U31/><E114/><V91/><AGARI ba="0,0" hai="21,22,41,44,50,68,69,70,80,81,83,87,91,95" machi="91" ten="40,2100,0" yaku="0,1" doraHai="129" who="2" fromWho="2" sc="299,-7,173,-7,131,21,397,-7" /><INIT seed="2,1,0,5,4,64" ten="292,166,152,390" oya="2" hai0="101,4,61,133,32,29,42,79,99,86,104,107,111" hai1="109,108,1,93,9,52,106,126,39,135,31,28,8" hai2="122,132,130,22,127,102,34,16,26,113,49,120,74" hai3="105,95,72,56,65,91,51,87,94,18,77,15,36"/><V21/><F74/><W100/><G36/><T3/><D111/><N who="1" m="42571" /><E106/><V59/><F102/><W69/><G69/><T54/><D133/><U47/><E126/><V103/><F103/><W75/><G65/><T13/><D107/><U57/><E135/><V125/><F59/><W48/><G51/><T38/><D38/><U90/><E47/><V78/><F49/><W58/><G56/><T117/><D42/><U124/><E124/><N who="2" m="47691" /><F78/><W30/><G30/><N who="1" m="11306" /><E1/><V68/><F68/><W116/><G116/><T73/><D117/><U112/><E112/><V67/><F67/><W17/><G17/><T84/><D3/><U97/><E39/><V62/><F62/><AGARI ba="1,0" hai="8,9,52,57,62,90,93,97" m="11306,42571" machi="62" ten="30,2000,0" yaku="14,1,54,1" doraHai="64" who="1" fromWho="2" sc="292,0,166,23,152,-23,390,0" /><INIT seed="3,0,0,2,5,98" ten="292,189,129,390" oya="3" hai0="68,127,52,93,2,104,121,74,46,25,115,17,19" hai1="99,77,18,135,128,110,40,67,5,88,107,38,82" hai2="85,13,96,111,120,63,8,7,89,35,103,9,91" hai3="81,66,32,76,113,69,117,79,60,45,75,15,12"/><W125/><G113/><T14/><D121/><U42/><E110/><V105/><F111/><W48/><G117/><T1/><D74/><U71/><E128/><V21/><F120/><W34/><G125/><T44/><D68/><U47/><E42/><V33/><F21/><W131/><G131/><T20/><D104/><U11/><E18/><V109/><F109/><W95/><G79/><T73/><D73/><U27/><E27/><V0/><F63/><W29/><G95/><T118/><D118/><U132/><E67/><V30/><F30/><W119/><G119/><T31/><D115/><U123/><E71/><V114/><F114/><W55/><REACH who="3" step="1"/><G29/><REACH who="3" ten="292,189,129,380" step="2"/><T129/><D127/><U106/><E123/><V50/><F35/><AGARI ba="0,1" hai="12,15,32,34,35,45,48,55,60,66,69,75,76,81" machi="35" ten="40,3900,0" yaku="1,1,2,1,53,0" doraHai="98" doraHaiUra="90" who="3" fromWho="2" sc="292,0,189,0,129,-39,380,49" /><INIT seed="3,1,0,4,4,46" ten="292,189,90,429" oya="3" hai0="122,87,59,8,113,77,125,19,68,109,69,72,36" hai1="76,20,102,116,28,84,127,70,64,62,54,21,115" hai2="41,44,78,5,135,35,114,104,27,67,75,86,34" hai3="42,29,88,25,33,18,14,43,83,118,61,130,45"/><W26/><G118/><T121/><D113/><U79/><E115/><V55/><F104/><W112/><G112/><T133/><D36/><U89/><E127/><V9/><F114/><W94/><G130/><T105/><D125/><U50/><E102/><V98/><F135/><W80/><G43/><T58/><D105/><U73/><E73/><V132/><F132/><W123/><G61/><T101/><D133/><U56/><E116/><V2/><F67/><W24/><G123/><T49/><D72/><U100/><E100/><V32/><F98/><W6/><G6/><T12/><D101/><U13/><E21/><V66/><F66/><W74/><G74/><T134/><D109/><U53/><E53/><V96/><F96/><W39/><G25/><T22/><D134/><U31/><E31/><V3/><F2/><W92/><G26/><T108/><D108/><U131/><E131/><V117/><F117/><W37/><G92/><T15/><D77/><U107/><E107/><V126/><F126/><W30/><G30/><T40/><D87/><U51/><E51/><V95/><F55/><W81/><G39/><T111/><D111/><U129/><E129/><V120/><F120/><W91/><REACH who="3" step="1"/><G94/><REACH who="3" ten="292,189,90,419" step="2"/><T38/><D38/><U0/><E28/><V85/><F95/><W1/><G1/><T7/><D122/><U103/><E0/><V17/><F27/><W82/><N who="3" m="20480" /><DORA hai="124" /><W106/><G106/><T16/><D121/><U60/><E60/><V119/><F119/><W48/><G48/><T99/><D7/><U110/><E110/><V90/><F5/><W63/><G63/><RYUUKYOKU ba="1,1" sc="292,-10,189,-10,90,-10,419,30" hai3="14,18,24,29,33,37,42,45,88,91" /><INIT seed="3,2,1,2,4,82" ten="282,179,80,449" oya="3" hai0="125,70,72,100,36,122,2,85,11,129,81,80,101" hai1="95,65,59,79,134,57,71,23,67,6,123,48,33" hai2="118,127,35,63,92,99,117,13,91,64,116,22,87" hai3="75,89,15,20,41,30,4,88,97,39,27,42,112"/><W9/><G112/><T0/><D36/><U83/><E33/><V56/><F35/><W113/><G113/><T34/><D34/><U31/><E71/><V17/><F127/><W7/><G75/><T3/><D70/><U14/><E134/><V10/><F118/><W37/><G37/><T68/><D68/><U109/><E109/><V49/><F49/><W74/><G74/><T54/><D122/><U135/><E95/><V128/><F128/><W132/><G132/><T96/><D125/><U107/><E107/><V98/><F98/><W16/><G39/><T58/><D129/><U94/><E94/><V76/><F10/><W28/><G97/><T86/><D72/><U84/><E123/><V8/><F8/><W21/><G30/><T62/><D11/><N who="1" m="4471" /><E135/><V51/><REACH who="2" step="1"/><F51/><REACH who="2" ten="282,179,70,449" step="2"/><W32/><G7/><T38/><D38/><U114/><E114/><V106/><F106/><W19/><G32/><T18/><D96/><U25/><E48/><V90/><F90/><N who="3" m="34923" /><G4/><T105/><D105/><U61/><E59/><V73/><F73/><W78/><G78/><T110/><D101/><U26/><E57/><V124/><F124/><W103/><G103/><T24/><D100/><U69/><E69/><V115/><F115/><W46/><G46/><T1/><D1/><U66/><E61/><V43/><F43/><W40/><G40/><T130/><D130/><U119/><E119/><V44/><F44/><W77/><G77/><T104/><D104/><U47/><E47/><V126/><F126/><W50/><G50/><T121/><D121/><U120/><E120/><V29/><F29/><RYUUKYOKU ba="2,2" sc="282,-30,179,10,70,10,449,10" hai1="23,25,26,31,65,66,67,79,83,84" hai2="13,17,22,56,63,64,76,87,91,92,99,116,117" hai3="9,15,16,19,20,21,27,28,41,42" /><INIT seed="3,3,2,2,5,47" ten="252,189,80,459" oya="3" hai0="38,26,62,71,55,108,45,35,100,115,92,88,99" hai1="75,77,105,128,104,30,120,68,76,32,119,50,0" hai2="41,25,36,40,101,113,95,67,97,11,12,64,42" hai3="87,37,24,23,13,46,96,8,109,3,39,34,125"/><W28/><G125/><T130/><D108/><U134/><RYUUKYOKU type="yao9" ba="3,2" sc="252,0,189,0,80,0,459,0" hai1="0,30,32,50,68,75,76,77,104,105,119,120,128,134" /><INIT seed="3,4,2,5,3,20" ten="252,189,80,459" oya="3" hai0="59,114,132,115,19,102,98,11,21,5,134,9,60" hai1="74,33,111,29,100,81,124,34,44,94,106,105,52" hai2="49,56,1,32,96,80,22,69,72,63,126,135,24" hai3="58,38,131,73,62,85,70,41,97,107,45,16,79"/><W50/><G131/><T92/><D60/><U17/><E111/><V104/><F1/><W46/><G73/><T3/><D59/><U36/><E124/><V42/><F126/><W109/><G109/><T86/><D86/><U48/><E36/><V90/><F135/><N who="0" m="51754" /><D9/><U26/><E34/><V118/><F69/><W116/><G116/><T122/><D122/><U95/><E17/><V129/><F32/><W4/><G4/><T12/><AGARI ba="4,2" hai="3,5,11,12,19,21,92,98,102,114,115" m="51754" machi="12" ten="30,1100,0" yaku="20,1" doraHai="20" who="0" fromWho="0" sc="252,43,189,-7,80,-7,459,-9" /><INIT seed="4,0,0,0,4,132" ten="295,182,73,450" oya="0" hai0="98,109,116,49,102,50,52,1,2,37,23,62,61" hai1="36,6,54,124,75,69,67,128,13,71,88,110,122" hai2="113,108,90,130,28,55,29,68,18,20,40,93,84" hai3="111,64,81,123,99,46,25,76,86,12,44,15,133"/><T121/><D121/><U58/><E75/><V70/><F108/><W43/><G133/><T117/><D37/><U16/><E110/><V14/><F130/><W34/><G111/><T10/><D109/><U134/><E36/><V118/><F118/><W74/><G64/><T21/><D10/><U129/><E6/><V66/><F113/><W106/><G123/><T11/><D11/><U51/><E122/><V114/><F114/><W60/><G60/><T38/><D38/><U5/><E5/><V53/><F40/><W8/><G15/><T87/><D87/><U103/><E103/><V56/><F70/><W59/><G59/><T26/><D26/><U33/><E33/><V101/><F68/><W104/><G46/><T131/><D131/><N who="1" m="50251" /><E67/><V89/><F101/><W135/><G99/><T30/><D102/><U92/><E124/><V65/><F53/><W32/><G135/><T105/><D98/><N who="1" m="57607" /><E134/><V63/><REACH who="2" step="1"/><F90/><REACH who="2" ten="295,182,63,450" step="2"/><W94/><G43/><T19/><D52/><U78/><E78/><V107/><F107/><W97/><G104/><T42/><D42/><U27/><E27/><V115/><F115/><W41/><G106/><T31/><D105/><U39/><E39/><V24/><F24/><W0/><G25/><T22/><D22/><AGARI ba="0,1" hai="13,16,22,51,54,58,69,71" m="57607,50251" machi="22" ten="30,3900,0" yaku="19,1,54,2" doraHai="132" who="1" fromWho="0" sc="295,-39,182,49,63,0,450,0" /><INIT seed="5,0,0,3,3,88" ten="256,231,63,450" oya="1" hai0="20,44,77,13,106,87,123,83,103,127,15,39,40" hai1="133,46,26,116,120,36,101,105,71,90,25,62,129" hai2="113,70,117,104,29,14,66,51,38,107,75,10,54" hai3="58,95,109,61,35,126,31,78,89,6,45,22,134"/><U130/><E116/><V33/><F117/><W84/><G134/><T125/><D123/><U18/><E120/><V111/><F111/><W64/><G126/><N who="0" m="48139" /><D20/><U43/><E133/><V41/><F75/><W63/><G109/><T132/><D132/><U82/><E101/><V97/><F33/><W50/><G6/><T8/><D8/><U23/><E105/><V0/><F29/><W72/><G35/><T110/><D110/><U1/><E1/><V86/><F0/><W68/><G72/><T53/><D53/><U73/><E26/><V16/><F66/><W48/><G78/><T21/><D21/><U55/><E55/><V114/><F70/><W57/><G68/><T119/><D119/><U2/><E2/><V108/><F108/><W30/><G45/><T69/><D69/><U47/><E47/><N who="2" m="23991" /><F86/><W99/><G84/><T122/><D122/><U12/><E73/><V79/><F79/><W76/><G76/><T124/><N who="0" m="48147" /><T100/><DORA hai="118" /><D100/><U60/><E71/><V92/><F54/><N who="3" m="33975" /><G30/><T102/><D102/><U4/><E46/><V11/><F11/><W34/><G34/><T5/><D5/><U32/><E4/><V19/><F19/><W96/><G96/><AGARI ba="0,0" hai="13,15,39,40,44,77,83,87,96,103,106" m="48147" machi="96" ten="40,1300,0" yaku="18,1" doraHai="88,118" who="0" fromWho="3" sc="256,13,231,0,63,0,450,-13" /><INIT seed="6,0,0,1,3,9" ten="269,231,63,437" oya="2" hai0="105,120,122,62,69,14,110,127,116,132,50,93,24" hai1="88,42,37,43,96,130,91,84,34,102,67,21,98" hai2="108,60,20,57,117,109,114,66,86,90,118,39,54" hai3="97,100,111,113,35,70,59,123,61,125,19,18,126"/><V3/><F3/><W10/><G111/><N who="2" m="42569" /><F39/><W104/><G123/><T107/><D110/><U77/><E34/><V85/><F114/><W94/><G113/><T95/><D132/><U30/><E130/><V45/><F20/><W133/><G133/><T31/><D127/><N who="3" m="48649" /><G70/><T129/><D129/><U55/><E37/><V115/><F115/><W29/><G10/><T121/><D116/><N who="2" m="44650" /><F90/><W0/><G0/><T131/><D131/><U25/><E91/><V36/><F86/><W83/><G104/><T40/><D122/><U56/><E84/><V103/><F103/><W13/><G83/><T33/><D107/><U112/><E102/><V124/><F85/><W15/><G29/><T63/><D105/><U8/><E88/><V135/><F124/><W38/><G35/><T128/><D121/><U44/><E112/><V22/><F22/><W12/><G38/><T7/><D128/><U80/><E80/><V76/><F76/><W47/><G47/><T134/><D134/><U119/><E77/><V79/><F79/><W41/><G41/><T23/><D120/><U65/><E119/><V101/><F101/><W64/><AGARI ba="0,0" hai="12,13,15,18,19,59,61,64,94,97,100" m="48649" machi="64" ten="30,7900,0" yaku="18,1,52,3" doraHai="9" who="3" fromWho="3" sc="269,-20,231,-20,63,-39,437,79" /><INIT seed="7,0,0,5,4,38" ten="249,211,24,516" oya="3" hai0="18,76,83,115,125,111,121,117,133,37,12,88,33" hai1="32,44,8,84,22,10,91,54,29,55,62,35,124" hai2="107,82,87,106,72,132,118,96,31,80,47,102,67" hai3="89,23,73,127,93,6,49,74,1,9,131,43,36"/><W69/><G127/><T86/><D121/><U116/><E124/><V64/><F47/><W113/><G131/><T94/><D125/><U16/><E116/><V14/><F31/><W99/><G113/><T30/><D117/><U51/><E35/><V120/><F14/><W46/><G69/><T24/><D111/><U40/><E32/><V45/><F45/><W104/><G104/><T70/><D133/><U128/><E29/><V109/><F64/><W85/><G36/><T103/><D115/><U100/><E100/><V122/><F67/><W114/><G114/><T52/><D37/><U48/><E62/><V66/><F66/><W90/><G23/><T65/><D103/><U68/><E128/><V41/><F118/><W129/><G129/><T7/><D7/><U60/><E60/><V119/><F119/><W77/><REACH who="3" step="1"/><G77/><REACH who="3" ten="249,211,24,506" step="2"/><T59/><D70/><U21/><E21/><V98/><F109/><W63/><G63/><T15/><D65/><U34/><E34/><V123/><F132/><W79/><G79/><T126/><D126/><U25/><E68/><V108/><F108/><W42/><G42/><T13/><D76/><U53/><E51/><V5/><F41/><W71/><G71/><T105/><D105/><U27/><E27/><V112/><F112/><W28/><G28/><T2/><D24/><U19/><E19/><V130/><F130/><W20/><G20/><T26/><D18/><U39/><E39/><V56/><F107/><W3/><G3/><T81/><D2/><U110/><E110/><V95/><F106/><W11/><G11/><T97/><D26/><RYUUKYOKU ba="0,1" sc="249,-15,211,15,24,-15,506,15" hai1="8,10,16,22,25,40,44,48,53,54,55,84,91" hai3="1,6,9,43,46,49,73,74,85,89,90,93,99" owari="234,3.0,226,-17.0,9,-49.0,531,63.0" /></mjloggm>