<mjloggm ver="2.3"><GO type="41" lobby="0"/><UN n0="%E2%93%9D%53%75%70%68%78" n1="%4B%41%53%59%41%39%30%31" n2="%E3%82%A4%E3%83%BC%E3%82%B0%E3%83%AB" n3="%E3%83%93%E3%82%B9%E3%82%AB%E3%83%AA%E3%82%A2" dan="18,14,13,16" rate="2112.08,1862.40,1874.12,2069.14" sx="M,M,M,M"/><TAIKYOKU oya="0"/><INIT seed="0,0,0,2,1,132" ten="250,250,250,250" oya="0" hai0="101,92,65,119,30,5,109,54,81,18,128,29,14" hai1="112,23,94,21,72,61,13,2,60,57,130,99,125" hai2="135,66,9,93,123,7,49,16,55,33,35,27,88" hai3="20,15,6,126,3,117,129,120,83,91,84,64,47"/><T46/><D119/><U12/><E2/><V52/><F135/><W59/><G117/><T82/><D128/><U79/><E130/><V1/><F123/><W28/><G129/><T22/><D65/><U37/><E37/><V62/><F66/><W68/><G120/><T74/><D109/><U107/><E107/><V42/><F42/><W31/><G68/><T11/><D74/><U118/><E118/><V89/><F89/><W32/><G32/><T24/><D101/><U43/><E43/><V121/><F62/><W70/><G70/><T113/><D92/><U78/><E57/><V98/><F121/><W34/><G34/><T95/><D95/><U97/><E94/><V124/><F55/><W103/><G103/><T111/><D113/><U122/><E122/><V44/><REACH who="2" step="1"/><F124/><REACH who="2" ten="250,250,240,250" step="2"/><W69/><G126/><T86/><D111/><U4/><E125/><V40/><F40/><W71/><G64/><T80/><D86/><U67/><E112/><V63/><F63/><W115/><G84/><T25/><REACH who="0" step="1"/><D25/><REACH who="0" ten="240,250,240,250" step="2"/><U50/><E67/><V116/><F116/><W105/><G115/><T73/><D73/><U10/><E72/><V96/><F96/><W85/><G85/><T26/><D26/><U108/><E99/><V90/><F90/><W8/><G91/><T133/><D133/><U58/><E97/><V38/><F38/><W39/><G71/><T45/><D45/><U131/><E108/><V100/><F100/><W104/><G47/><T106/><D106/><U110/><E131/><V114/><F114/><W134/><G39/><T102/><D102/><U87/><E110/><RYUUKYOKU ba="0,2" sc="240,15,250,-15,240,15,250,-15" hai0="5,11,14,18,22,24,29,30,46,54,80,81,82" hai2="1,7,9,16,27,33,35,44,49,52,88,93,98" /><INIT seed="0,1,2,0,4,88" ten="255,235,255,235" oya="0" hai0="119,55,8,45,2,3,135,60,90,105,108,41,78" hai1="67,115,48,126,99,0,26,51,94,134,42,33,79" hai2="74,97,58,14,111,47,40,101,77,53,120,102,64" hai3="75,32,15,89,34,52,66,44,129,117,133,95,21"/><T113/><D113/><U132/><E0/><V83/><F111/><W25/><G75/><T5/><D119/><U98/><E79/><V31/><F120/><W50/><G117/><T13/><D105/><U103/><E67/><V11/><F31/><W10/><G66/><T12/><D135/><N who="1" m="51755" /><E115/><V46/><F64/><W4/><G129/><T121/><D121/><U7/><E7/><V73/><F73/><W87/><REACH who="3" step="1"/><G133/><REACH who="3" ten="255,235,255,225" step="2"/><T71/><D108/><U19/><E126/><V57/><F40/><W82/><G82/><T49/><D41/><U30/><E42/><V27/><F83/><W125/><G125/><T61/><D71/><U93/><E19/><AGARI ba="1,3" hai="4,10,15,19,21,25,32,34,44,50,52,87,89,95" machi="19" ten="30,7700,0" yaku="1,1,7,1,52,1,54,1,53,0" doraHai="88" doraHaiUra="69" who="3" fromWho="1" sc="255,0,235,-80,255,0,225,110" /><INIT seed="1,0,0,4,5,1" ten="255,155,255,335" oya="1" hai0="132,105,60,12,57,80,3,78,71,118,47,73,74" hai1="16,7,112,127,11,28,0,134,106,124,102,14,90" hai2="131,94,123,24,34,40,135,96,109,5,39,67,113" hai3="22,59,54,103,51,133,52,2,38,26,86,120,29"/><U89/><E112/><V56/><F123/><W125/><G38/><T114/><D3/><U69/><E69/><V81/><F113/><W45/><G120/><T100/><D114/><U10/><E134/><V93/><F109/><W18/><G133/><T13/><D118/><U6/><E28/><V32/><F131/><W107/><G125/><N who="1" m="48202" /><E7/><V50/><F94/><W9/><G86/><T4/><D74/><U68/><E68/><V126/><F39/><W99/><G2/><T61/><D71/><U27/><E27/><V58/><F24/><W44/><G9/><T95/><D13/><U119/><E119/><V36/><F36/><W76/><G76/><T8/><D105/><U46/><E46/><V85/><F135/><W15/><REACH who="3" step="1"/><G54/><REACH who="3" ten="255,155,255,325" step="2"/><T101/><D132/><U128/><E128/><V64/><F126/><W55/><G55/><T79/><D79/><U65/><E65/><V77/><F64/><W62/><G62/><T91/><D61/><U72/><E72/><V20/><F67/><W70/><G70/><T53/><REACH who="0" step="1"/><D47/><REACH who="0" ten="245,155,255,325" step="2"/><U31/><E31/><V42/><F56/><W129/><G129/><T104/><D104/><U49/><E49/><V66/><F58/><W17/><G17/><T88/><D88/><U83/><E83/><V108/><F81/><W75/><G75/><T35/><D35/><U117/><E117/><V19/><F34/><W115/><G115/><T21/><D21/><U84/><E84/><AGARI ba="0,2" hai="4,8,12,53,57,60,73,78,80,84,91,95,100,101" machi="84" ten="30,3900,0" yaku="1,1,7,1,52,1,53,0" doraHai="1" doraHaiUra="41" who="0" fromWho="1" sc="245,59,155,-39,255,0,325,0" /><INIT seed="2,0,0,4,3,21" ten="304,116,255,325" oya="2" hai0="116,81,106,46,52,79,16,54,6,8,23,82,63" hai1="114,69,61,85,7,130,39,118,108,97,15,133,19" hai2="20,124,13,44,45,24,117,55,96,31,47,112,122" hai3="104,5,91,128,9,11,132,30,35,135,92,129,115"/><V60/><F112/><W41/><G104/><T43/><D106/><U100/><E118/><V121/><F117/><W67/><G115/><T64/><D116/><U88/><E114/><V72/><F72/><W125/><G41/><T58/><D8/><N who="3" m="3145" /><G67/><T22/><D22/><U65/><E133/><N who="3" m="51274" /><G5/><T68/><D6/><U48/><E130/><N who="3" m="50282" /><G30/><T53/><D68/><U56/><E7/><V78/><F124/><W49/><G49/><N who="0" m="26847" /><D79/><U17/><E39/><V123/><F78/><W70/><G35/><T134/><D134/><U59/><E15/><AGARI ba="0,0" hai="15,16,23,52,53,54,58,63,64,81,82" m="26847" machi="15" ten="30,3900,0" yaku="8,1,54,2" doraHai="21" who="0" fromWho="1" sc="304,39,116,-39,255,0,325,0" /><INIT seed="3,0,0,2,1,128" ten="343,77,255,325" oya="3" hai0="68,103,44,73,32,51,34,93,64,10,66,24,105" hai1="22,17,115,13,40,37,45,113,6,84,83,125,75" hai2="70,110,58,62,117,86,31,116,101,135,126,8,119" hai3="132,56,29,131,94,87,118,67,16,130,96,133,49"/><W109/><G118/><T88/><D73/><U4/><E125/><V106/><F31/><W26/><G87/><T55/><D105/><U35/><E35/><V127/><F8/><W69/><G109/><T78/><D103/><U57/><E75/><V80/><F70/><W27/><G69/><T7/><D78/><U129/><E129/><N who="3" m="49162" /><G29/><T74/><D74/><U123/><E123/><V72/><F58/><W36/><G36/><T41/><D24/><N who="3" m="9257" /><G16/><T63/><D66/><U30/><E57/><V47/><F47/><W71/><G71/><T14/><REACH who="0" step="1"/><D41/><REACH who="0" ten="333,77,255,325" step="2"/><U61/><E115/><V50/><F72/><W39/><G39/><T19/><D19/><U21/><E113/><V102/><F110/><W53/><G67/><T85/><AGARI ba="0,1" hai="7,10,14,32,34,44,51,55,63,64,68,85,88,93" machi="85" ten="20,5200,0" yaku="1,1,0,1,7,1,54,1,53,0" doraHai="128" doraHaiUra="111" who="0" fromWho="0" sc="333,62,77,-13,255,-13,325,-26" /><INIT seed="4,0,0,0,5,15" ten="395,64,242,299" oya="0" hai0="112,129,36,70,41,66,90,42,95,84,130,82,51" hai1="75,69,61,63,40,133,83,91,124,7,89,76,127" hai2="122,29,107,20,57,93,102,73,50,49,80,27,81" hai3="103,32,106,105,98,113,19,77,131,132,31,17,25"/><T92/><D36/><U104/><E104/><V24/><F107/><W121/><G113/><T48/><D70/><U64/><E133/><V13/><F73/><W123/><G132/><T111/><D66/><U116/><E116/><V101/><F122/><N who="3" m="46603" /><G131/><N who="0" m="50187" /><D112/><U118/><E118/><V67/><F13/><W96/><G77/><T97/><D95/><U3/><E63/><V1/><F1/><W6/><G6/><T53/><D51/><U128/><E128/><V2/><F2/><W55/><G55/><T11/><D11/><U115/><E115/><V30/><F93/><W100/><AGARI ba="0,0" hai="17,19,25,31,32,96,98,100,103,105,106" m="46603" machi="100" ten="30,4000,0" yaku="13,1,52,2" doraHai="15" who="3" fromWho="3" sc="395,-20,64,-10,242,-10,299,40" /><INIT seed="5,0,0,1,2,90" ten="375,54,232,339" oya="1" hai0="65,80,108,7,70,25,16,116,0,129,99,56,12" hai1="53,133,71,126,100,110,20,114,48,97,14,38,22" hai2="60,127,82,47,118,86,9,119,79,105,40,44,117" hai3="39,43,115,30,68,83,31,84,21,135,6,130,95"/><U122/><E38/><V28/><F105/><W113/><G68/><T92/><D108/><U109/><E122/><V3/><F127/><W75/><G75/><T62/><D129/><U107/><E71/><V27/><F60/><W78/><G130/><T91/><D0/><U36/><E36/><V104/><F104/><W128/><G128/><T37/><D116/><U125/><E14/><V103/><F103/><W29/><G135/><T121/><D37/><U5/><E5/><V74/><F86/><W18/><G6/><T34/><D121/><U57/><E133/><V10/><F3/><W87/><G43/><T8/><D70/><U32/><E32/><V102/><F102/><W13/><G39/><T69/><D69/><U52/><E53/><V120/><F120/><W51/><G51/><T63/><D63/><U81/><E81/><V73/><F74/><W124/><G124/><N who="1" m="47722" /><E114/><N who="3" m="43530" /><G84/><T35/><D80/><U66/><E66/><V93/><F44/><W2/><G2/><T132/><D132/><U134/><E134/><V88/><F10/><W49/><G49/><T45/><D45/><U54/><E54/><V55/><F55/><W96/><G30/><T15/><D25/><U4/><E4/><V33/><F9/><AGARI ba="0,0" hai="7,8,9,12,15,16,34,35,56,62,65,91,92,99" machi="9" ten="30,3900,0" yaku="7,1,52,1,54,1" doraHai="90" who="0" fromWho="2" sc="375,39,54,0,232,-39,339,0" /><INIT seed="6,0,0,2,3,24" ten="414,54,193,339" oya="2" hai0="67,42,8,95,35,1,16,55,97,110,130,74,81" hai1="106,36,29,50,73,45,132,21,39,69,96,4,57" hai2="37,10,100,105,53,113,14,62,60,0,111,134,27" hai3="94,6,31,12,93,68,128,25,15,125,70,9,66"/><V79/><F113/><W13/><G128/><T82/><D35/><U75/><E132/><V126/><F37/><W32/><G125/><T86/><D110/><U89/><E4/><V83/><F126/><W20/><G66/><T63/><D42/><U5/><E5/><V121/><F134/><W47/><G47/><T109/><D74/><U18/><E69/><V61/><F121/><W22/><G68/><T119/><D119/><U88/><E75/><V120/><F0/><W102/><G70/><T108/><D82/><U131/><E73/><V76/><F111/><W52/><G102/><T124/><D55/><U99/><E131/><V33/><F105/><W30/><G52/><T114/><D114/><U107/><E57/><V3/><F3/><W11/><G32/><T56/><D1/><U72/><E72/><V34/><F100/><W78/><G78/><T91/><D130/><U127/><E127/><V46/><F34/><W71/><G71/><T54/><D124/><U49/><E21/><V90/><F120/><W59/><G59/><T117/><D117/><U116/><E18/><V58/><F46/><W92/><G6/><T133/><D133/><U104/><E45/><V64/><F64/><W103/><G103/><N who="0" m="60863" /><D109/><U115/><E116/><V7/><F90/><W23/><G25/><T87/><D67/><U135/><E107/><V38/><F38/><W112/><G112/><T85/><D108/><U28/><E135/><V2/><F2/><W129/><G129/><T101/><D101/><U44/><E44/><V98/><F79/><W43/><G43/><T65/><D65/><RYUUKYOKU ba="0,0" sc="414,10,54,10,193,-30,339,10" hai0="8,16,54,56,63,81,85,86,87,91" hai1="28,29,36,39,49,50,88,89,96,99,104,106,115" hai3="9,11,12,13,15,20,22,23,30,31,92,93,94" /><INIT seed="7,1,0,5,1,106" ten="424,64,163,349" oya="3" hai0="13,56,79,130,67,72,104,70,64,113,129,81,1" hai1="60,77,92,0,86,125,18,78,80,68,15,94,45" hai2="114,49,98,26,7,40,2,29,93,112,96,63,58" hai3="124,120,91,24,69,99,102,108,82,32,34,133,123"/><W31/><G133/><T73/><D113/><N who="2" m="43626" /><F2/><W25/><G69/><T37/><D104/><U54/><E0/><V119/><F7/><W38/><G38/><T27/><D1/><U23/><E125/><V111/><F111/><W100/><G124/><T41/><D73/><U21/><E68/><V88/><F119/><W30/><G108/><T121/><D121/><U109/><E109/><V89/><F40/><W75/><G102/><T11/><D27/><U50/><E77/><V6/><F49/><W3/><G3/><T110/><D56/><U5/><E5/><V126/><F6/><W118/><G118/><T36/><D110/><U33/><E33/><N who="2" m="20663" /><F126/><W28/><G28/><T47/><D37/><U44/><E60/><V48/><F48/><W66/><G66/><T122/><D122/><U87/><E45/><V16/><F16/><W46/><G46/><T61/><D67/><U22/><E87/><N who="2" m="52383" /><F89/><W65/><G65/><AGARI ba="1,0" hai="58,63,65,96,98" m="52383,20663,43626" machi="65" ten="30,2000,0" yaku="15,1,54,1" doraHai="106" who="2" fromWho="3" sc="424,0,64,0,163,23,349,-23" owari="424,52.0,64,-44.0,186,-21.0,326,13.0" /></mjloggm>