<mjloggm ver="2.3"><GO type="41" lobby="0"/><UN n0="%E3%83%88%E3%82%A4%E3%83%AC%E8%A1%8C%E3%81%A3%E3%81%9F%E3%81%8B%EF%BC%9F" n1="%E2%93%9D%53%75%70%68%78" n2="%62%6C%6F%77%69%6E" n3="%E6%B4%A5%E8%BB%BD%E5%B0%8F%E5%83%A7" dan="15,18,14,13" rate="1989.54,2131.71,1966.37,1885.88" sx="M,M,M,M"/><TAIKYOKU oya="0"/><INIT seed="0,0,0,3,0,28" ten="250,250,250,250" oya="0" hai0="125,94,33,95,97,115,55,36,52,50,58,119,123" hai1="68,104,110,54,48,131,116,102,122,81,22,8,51" hai2="134,45,126,105,16,100,130,63,80,88,32,71,35" hai3="64,66,91,133,67,92,77,7,27,75,19,21,128"/><T83/><D115/><U74/><E116/><V29/><F29/><W30/><G133/><T14/><D119/><U0/><E110/><V90/><F134/><W23/><G128/><T103/><D123/><U1/><E68/><V31/><F31/><W69/><G7/><T34/><D36/><U17/><E104/><V109/><F109/><W84/><G75/><T53/><D125/><U3/><E102/><V18/><F130/><W65/><N who="3" m="16384" /><DORA hai="101" /><W87/><G69/><T93/><D83/><U85/><E74/><V43/><F126/><W41/><G41/><T13/><D53/><U111/><E122/><V59/><F71/><W127/><G127/><T79/><D79/><U49/><E111/><V15/><F100/><W9/><G9/><T24/><D24/><U132/><E8/><V107/><F80/><W72/><G72/><T114/><D114/><U70/><E70/><V20/><F18/><W12/><REACH who="3" step="1"/><G77/><REACH who="3" ten="250,250,250,240" step="2"/><T40/><D40/><U11/><E11/><V56/><F43/><W37/><G37/><T78/><D78/><U121/><E131/><V39/><F39/><W26/><G26/><T86/><D55/><U118/><E132/><V46/><F46/><W113/><G113/><T4/><D4/><U38/><E38/><V120/><F45/><W73/><G73/><T10/><D10/><U62/><E121/><V5/><F5/><W124/><G124/><T106/><REACH who="0" step="1"/><D86/><AGARI ba="0,1" hai="12,19,21,23,27,30,84,86,87,91,92" m="16384" machi="86" ten="50,3200,0" yaku="1,1,8,1,53,0" doraHai="28,101" doraHaiUra="99,117" who="3" fromWho="0" sc="250,-32,250,0,250,0,240,42" /><INIT seed="1,0,0,2,2,52" ten="218,250,250,282" oya="1" hai0="124,8,65,7,131,63,110,61,115,1,127,72,118" hai1="87,80,57,41,21,43,93,113,36,111,126,85,58" hai2="50,19,77,108,135,27,45,14,25,120,4,17,79" hai3="46,13,56,38,29,90,96,67,22,106,37,105,0"/><U48/><E113/><V95/><F120/><W53/><G0/><T69/><D115/><U26/><E36/><V62/><F108/><W64/><G38/><T16/><D118/><U12/><E126/><V18/><F135/><W34/><G34/><T54/><D110/><U55/><E12/><V78/><F95/><W83/><G106/><T125/><D131/><U119/><E119/><V11/><REACH who="2" step="1"/><F62/><REACH who="2" ten="218,250,240,282" step="2"/><W31/><G105/><T97/><D72/><U94/><E111/><V42/><AGARI ba="0,1" hai="4,11,14,17,18,19,25,27,42,45,50,77,78,79" machi="42" ten="30,12000,2" yaku="1,1,2,1,0,1,8,1,53,3" doraHai="52" doraHaiUra="15" who="2" fromWho="2" sc="218,-30,250,-60,240,130,282,-30" /><INIT seed="2,0,0,5,1,13" ten="188,190,370,252" oya="2" hai0="115,96,32,59,91,36,51,57,39,35,111,37,86" hai1="102,16,71,64,79,23,18,26,88,4,118,5,110" hai2="40,77,2,61,109,15,101,80,20,11,92,8,85" hai3="29,126,108,78,44,10,133,97,21,41,134,94,60"/><V6/><F109/><W73/><G108/><T75/><D75/><U95/><E110/><V100/><F20/><W69/><G126/><T7/><D115/><U99/><E118/><V125/><F125/><W106/><G106/><T70/><D70/><U47/><E79/><V24/><F24/><W81/><G10/><T25/><D96/><U52/><E71/><V63/><F40/><W14/><G69/><T104/><D104/><U22/><E64/><V124/><F124/><W72/><G60/><T28/><D7/><U119/><E102/><V132/><F132/><N who="3" m="50795" /><G73/><T65/><D111/><U33/><E33/><V131/><F131/><W34/><G34/><T1/><D1/><U87/><E99/><V27/><F27/><N who="3" m="16623" /><G14/><T117/><D117/><U45/><E119/><V9/><F101/><N who="3" m="60599" /><G44/><N who="1" m="16970" /><E52/><V113/><F113/><W120/><G120/><T19/><D35/><U50/><E50/><V38/><F38/><W46/><G46/><T112/><D51/><U107/><E107/><V42/><F42/><AGARI ba="0,0" hai="41,42,72,78,81" m="60599,16623,50795" machi="42" ten="30,1000,0" yaku="20,1" doraHai="13" who="3" fromWho="2" sc="188,0,190,0,370,-10,252,10" /><INIT seed="3,0,0,1,4,127" ten="188,190,360,262" oya="3" hai0="2,46,124,33,119,14,113,100,12,129,37,76,102" hai1="110,35,115,18,90,7,40,128,44,94,62,75,53" hai2="4,58,106,68,101,89,43,120,80,78,88,22,8" hai3="72,25,0,77,84,103,91,11,108,57,135,81,51"/><W60/><G135/><T61/><D119/><U107/><E110/><V21/><F68/><W114/><G114/><T17/><D124/><U71/><E107/><V66/><F120/><W97/><G108/><T69/><D2/><U42/><E35/><V13/><F106/><W67/><G25/><T86/><D33/><U31/><E75/><V52/><F66/><W112/><G112/><T130/><D113/><U65/><E7/><V116/><F101/><W27/><G27/><T45/><D69/><U63/><E31/><V36/><F116/><W132/><G132/><T111/><D61/><U118/><E18/><V79/><F36/><W49/><G11/><T105/><D111/><U9/><E9/><V104/><F43/><W59/><G57/><T55/><D12/><U20/><E20/><N who="2" m="7787" /><F104/><W121/><G0/><T126/><D126/><U74/><E74/><V93/><F80/><W39/><G39/><T98/><D102/><U32/><E32/><V109/><F109/><W15/><G15/><T134/><D134/><U99/><E118/><V123/><F123/><W82/><REACH who="3" step="1"/><G121/><REACH who="3" ten="188,190,360,252" step="2"/><T50/><D37/><U73/><E115/><V34/><F58/><W6/><G6/><T56/><D14/><U19/><E19/><V133/><F133/><W117/><G117/><T28/><D17/><U131/><E73/><V10/><F10/><W29/><G29/><T30/><D30/><U122/><E122/><V48/><F13/><W3/><G3/><T96/><D28/><U26/><E26/><V95/><F8/><W54/><G54/><T41/><D55/><U83/><E53/><RYUUKYOKU ba="0,1" sc="188,-10,190,-10,360,-10,252,30" hai3="49,51,59,60,67,72,77,81,82,84,91,97,103" /><INIT seed="3,1,1,3,1,29" ten="178,180,350,282" oya="3" hai0="54,7,50,90,75,100,87,124,114,81,85,20,16" hai1="109,53,72,123,31,78,57,98,117,121,36,73,23" hai2="69,55,106,107,103,13,134,70,39,1,8,99,130" hai3="25,86,92,33,47,127,49,42,76,10,125,132,26"/><W119/><G119/><T97/><D124/><N who="3" m="47689" /><G132/><T4/><D85/><U74/><E36/><V94/><F134/><W133/><G133/><T89/><D89/><U43/><E43/><V40/><F130/><W67/><G67/><T104/><D75/><U9/><E9/><V108/><F108/><W34/><G10/><T83/><D83/><U22/><E109/><V63/><F1/><W21/><G92/><T41/><D41/><U18/><E117/><V32/><F32/><N who="3" m="12395" /><G21/><T120/><D120/><U88/><E23/><V59/><F107/><W52/><G42/><T77/><D77/><U44/><E78/><V126/><F106/><W28/><G28/><T60/><D114/><U129/><E31/><V17/><F126/><W131/><G131/><T45/><REACH who="0" step="1"/><D60/><REACH who="0" ten="168,180,350,282" step="2"/><U30/><E129/><V35/><F63/><W80/><AGARI ba="1,2" hai="25,26,47,49,52,76,80,86" m="12395,47689" machi="80" ten="40,12000,1" yaku="18,1,52,3,54,1" doraHai="29" who="3" fromWho="3" sc="168,-41,180,-41,350,-41,282,143" /><INIT seed="3,2,0,4,1,33" ten="127,139,309,425" oya="3" hai0="74,123,56,109,57,92,106,36,17,64,1,88,21" hai1="47,42,107,116,23,82,54,40,135,19,79,10,69" hai2="27,35,22,124,61,129,51,91,122,101,103,38,31" hai3="121,52,132,127,104,86,28,49,77,7,68,15,26"/><W90/><G121/><T12/><D109/><U2/><E69/><V114/><F38/><W62/><G132/><T71/><D123/><U13/><E107/><V8/><F122/><W75/><G127/><T46/><D106/><U53/><E42/><V63/><F124/><W25/><G104/><T6/><D74/><U111/><E111/><V41/><F114/><W5/><G75/><T133/><D133/><U0/><E116/><V18/><F129/><W44/><G77/><T20/><D20/><U37/><E135/><V30/><F35/><W117/><G117/><T113/><D113/><U134/><E134/><V45/><F91/><W110/><G110/><T119/><D119/><U125/><E125/><V94/><F94/><W108/><G108/><T95/><D95/><U84/><REACH who="1" step="1"/><E23/><REACH who="1" ten="127,129,309,425" step="2"/><V118/><F118/><W70/><G68/><T81/><D71/><U130/><E130/><V98/><F22/><W89/><G70/><T58/><D36/><U115/><E115/><V11/><F41/><W76/><G28/><T112/><D112/><U120/><E120/><V67/><F30/><W43/><G43/><T93/><D64/><U59/><E59/><V55/><F31/><W3/><G44/><T65/><D65/><U24/><E24/><V9/><F67/><W102/><G25/><T80/><D46/><U83/><E83/><V16/><F27/><W32/><G26/><T126/><D126/><U39/><E39/><V4/><F45/><W85/><G32/><T66/><D66/><U99/><E99/><V96/><F98/><W73/><G73/><T60/><D81/><RYUUKYOKU ba="2,1" sc="127,-10,129,30,309,-10,425,-10" hai1="0,2,10,13,19,37,40,47,53,54,79,82,84" /><INIT seed="4,3,1,3,0,127" ten="117,159,299,415" oya="0" hai0="134,48,7,96,116,6,27,47,52,23,133,33,84" hai1="83,103,9,54,128,95,78,45,19,85,21,41,55" hai2="36,34,120,58,102,31,99,61,73,125,70,40,87" hai3="12,1,15,132,63,94,97,25,77,22,86,110,104"/><T79/><D116/><U90/><E103/><V8/><F73/><W107/><G110/><T26/><D96/><U100/><E100/><V0/><F125/><W81/><G1/><T111/><D111/><U29/><E29/><V123/><F70/><W14/><G132/><N who="0" m="50795" /><D33/><U89/><E9/><V91/><F40/><W118/><G118/><T30/><D27/><U119/><E128/><V46/><F46/><W112/><G63/><T101/><D101/><U59/><E119/><V5/><F36/><W3/><G3/><T38/><D38/><U115/><E115/><V10/><F31/><W53/><G53/><T88/><D79/><U130/><E130/><V44/><F44/><W121/><G121/><T64/><D64/><U75/><E90/><V16/><F34/><W2/><G2/><T51/><D48/><U4/><E4/><V13/><F99/><W69/><G69/><T32/><D32/><U114/><E114/><V39/><F39/><W56/><G56/><T37/><D37/><U18/><E59/><V98/><F98/><W24/><G112/><T35/><D35/><U82/><E45/><V135/><F102/><W11/><G107/><T50/><D50/><U72/><E41/><V109/><F109/><W92/><G104/><T76/><D76/><U43/><E43/><V113/><F135/><W42/><G42/><T129/><D129/><U66/><E66/><N who="2" m="39223" /><F113/><W68/><G68/><T108/><D108/><U117/><E117/><V20/><F10/><W65/><G97/><T60/><D60/><U93/><E78/><V105/><F105/><W122/><G122/><RYUUKYOKU ba="3,1" sc="117,15,159,-15,299,15,415,-15" hai0="6,7,23,26,30,47,51,52,84,88" hai2="0,5,8,13,16,20,87,91,120,123" /><INIT seed="4,4,1,1,2,37" ten="132,144,314,400" oya="0" hai0="132,84,121,62,16,103,118,74,67,90,46,0,36" hai1="127,109,115,57,92,112,113,3,32,9,70,53,61" hai2="44,86,129,69,56,117,24,50,31,71,54,95,30" hai3="97,63,40,102,123,1,7,17,135,23,79,82,108"/><T104/><D121/><U4/><E109/><V19/><F129/><W81/><G108/><T48/><D118/><U94/><E32/><V98/><F117/><W15/><G123/><T76/><D0/><U51/><REACH who="1" step="1"/><E127/><REACH who="1" ten="132,134,314,400" step="2"/><V65/><F71/><W49/><G135/><T2/><D132/><U126/><E126/><V55/><F69/><W119/><G119/><T114/><D2/><U128/><E128/><V13/><F65/><AGARI ba="4,2" hai="3,4,9,51,53,57,61,65,70,92,94,112,113,115" machi="65" ten="40,8000,1" yaku="1,1,15,1,11,1,53,2" doraHai="37" doraHaiUra="89" who="1" fromWho="2" sc="132,0,134,112,314,-92,400,0" /><INIT seed="5,0,0,1,5,93" ten="132,246,222,400" oya="1" hai0="91,0,133,128,61,37,116,22,107,20,117,99,42" hai1="110,43,44,45,75,69,11,40,36,53,89,34,17" hai2="82,30,14,25,88,32,6,9,4,70,65,112,18" hai3="77,119,58,129,1,8,73,132,56,38,90,15,118"/><U101/><E34/><V46/><F112/><W108/><G108/><T21/><D0/><U48/><E75/><V63/><REACH who="2" step="1"/><F46/><REACH who="2" ten="132,246,212,400" step="2"/><W64/><G119/><T72/><D117/><U95/><E110/><V96/><F96/><W85/><G118/><T120/><D116/><U92/><E45/><V81/><F81/><W52/><G132/><T121/><D133/><U7/><E43/><V66/><F66/><W55/><G64/><T80/><D42/><U10/><E40/><V87/><AGARI ba="0,1" hai="4,6,9,14,18,25,30,32,63,65,70,82,87,88" machi="87" ten="30,4000,0" yaku="1,1,0,1,54,1,53,0" doraHai="93" doraHaiUra="68" who="2" fromWho="2" sc="132,-10,246,-20,212,50,400,-10" /><INIT seed="6,0,0,2,1,61" ten="122,226,262,390" oya="2" hai0="80,58,131,54,124,45,82,5,92,68,20,117,110" hai1="99,116,107,29,93,113,40,109,135,134,83,56,37" hai2="105,4,111,127,129,13,78,57,31,35,126,70,85" hai3="12,132,2,122,16,86,95,15,62,81,133,22,49"/><V119/><F70/><W50/><G2/><T9/><D131/><U11/><E109/><V130/><F105/><W27/><G122/><T17/><D124/><N who="2" m="47658" /><F111/><W120/><G120/><T121/><D110/><U1/><E113/><V47/><F119/><W42/><G62/><T128/><D128/><U79/><E29/><V67/><F47/><N who="3" m="25847" /><G95/><T74/><D121/><U103/><E56/><V21/><F57/><W115/><G115/><T43/><D68/><U71/><E71/><V28/><F67/><W75/><G75/><T55/><D74/><N who="1" m="43511" /><E116/><V33/><F85/><W64/><G50/><T38/><D55/><U88/><E40/><V23/><F78/><N who="3" m="46391" /><G64/><T77/><D77/><U30/><E37/><V90/><F90/><W100/><G100/><T7/><D117/><U65/><E65/><V0/><F130/><W26/><G26/><T91/><D58/><U52/><E103/><V53/><F53/><W72/><G72/><T14/><D54/><U96/><E52/><V97/><F97/><W34/><G34/><N who="2" m="12809" /><F129/><W59/><G59/><T19/><D80/><U46/><E99/><V39/><F39/><W87/><G87/><T25/><REACH who="0" step="1"/><D82/><REACH who="0" ten="112,226,262,390" step="2"/><U32/><E46/><V24/><F0/><W125/><G125/><T104/><D104/><U10/><E107/><V84/><F84/><AGARI ba="0,1" hai="5,7,9,14,17,19,20,25,38,43,45,84,91,92" machi="84" ten="30,3900,0" yaku="1,1,7,1,53,1" doraHai="61" doraHaiUra="6" who="0" fromWho="2" sc="112,49,226,0,262,-39,390,0" /><INIT seed="7,0,0,0,1,127" ten="161,226,223,390" oya="3" hai0="121,107,95,116,48,3,15,13,38,9,88,53,135" hai1="51,111,27,10,1,84,22,54,66,130,112,63,49" hai2="35,55,42,6,33,70,30,91,78,62,100,52,104" hai3="129,19,83,21,23,20,47,40,17,99,126,106,82"/><W110/><G126/><T43/><D135/><U132/><E111/><V90/><F78/><W24/><G110/><T26/><D116/><U64/><E130/><V25/><F35/><W97/><G129/><T8/><D121/><U96/><E112/><V69/><F42/><W117/><G117/><T122/><D122/><U114/><E1/><V94/><F6/><W103/><G99/><T128/><D107/><U45/><E10/><V118/><F118/><W92/><G106/><T46/><D128/><U32/><E32/><V76/><F76/><W31/><G31/><T7/><D26/><U39/><E39/><V124/><F124/><W72/><G72/><T11/><D3/><U131/><E114/><V123/><F123/><W60/><G60/><T71/><D71/><U56/><E132/><V108/><F108/><W86/><G19/><T50/><D38/><U2/><E2/><V68/><F62/><W4/><G4/><T57/><REACH who="0" step="1"/><D13/><REACH who="0" ten="151,226,223,390" step="2"/><U120/><E131/><V98/><REACH who="2" step="1"/><F91/><REACH who="2" ten="151,226,213,390" step="2"/><W0/><G0/><T77/><D77/><U29/><E120/><V109/><F109/><W115/><G115/><T81/><D81/><U79/><E79/><V65/><F65/><W75/><G83/><T28/><D28/><U73/><E66/><V74/><F74/><W119/><G75/><T67/><D67/><U125/><E73/><V16/><F16/><W36/><G119/><T18/><D18/><U101/><E125/><V59/><F59/><W12/><G82/><T80/><D80/><U41/><E64/><V133/><F133/><W61/><G17/><T105/><D105/><RYUUKYOKU ba="0,2" sc="151,15,226,-15,213,15,390,-15" hai0="7,8,9,11,15,43,46,48,50,53,57,88,95" hai2="25,30,33,52,55,68,69,70,90,94,98,100,104" owari="166,-33.0,211,-19.0,228,3.0,395,49.0" /></mjloggm>