<mjloggm ver="2.3"><GO type="41" lobby="0"/><UN n0="%E6%88%90%E5%8F%8C%E3%81%AE%E7%B5%B6%E5%82%91" n1="%E2%93%9D%53%75%70%68%78" n2="%6B%69%79%6F%6B%32" n3="%E3%83%A2%E3%83%AD%E3%83%98%E3%82%A4%E3%83%A4" dan="15,18,13,15" rate="1974.54,2087.64,1896.29,2028.59" sx="M,M,M,M"/><TAIKYOKU oya="0"/><INIT seed="0,0,0,1,1,91" ten="250,250,250,250" oya="0" hai0="18,99,112,121,22,16,98,46,58,57,77,86,118" hai1="54,12,4,7,25,1,90,108,80,13,132,129,56" hai2="130,30,0,100,124,123,103,50,73,28,115,69,43" hai3="10,62,85,11,72,93,21,117,32,24,63,135,94"/><T109/><D121/><U59/><E108/><V104/><F123/><W131/><G72/><T51/><D118/><U71/><E71/><V114/><F73/><W35/><G117/><T68/><D68/><U66/><E132/><V116/><F116/><W5/><G135/><T70/><D70/><U6/><E1/><V74/><F74/><W36/><G36/><T125/><D125/><U23/><E129/><V8/><F124/><W107/><G107/><T88/><D77/><U76/><E76/><V9/><F130/><W84/><G131/><T44/><D44/><U64/><E80/><V19/><F69/><W102/><G102/><T110/><D112/><U61/><E90/><V49/><F43/><W95/><G32/><T82/><D18/><U42/><E42/><V45/><F45/><W31/><G35/><T37/><D37/><U33/><E33/><V127/><F127/><W113/><G113/><T111/><D98/><U78/><E78/><V40/><F40/><W96/><G96/><T128/><D99/><U65/><REACH who="1" step="1"/><E59/><REACH who="1" ten="250,240,250,250" step="2"/><V47/><F0/><W38/><G38/><T92/><D82/><U119/><E119/><V83/><F83/><W79/><G79/><T105/><D128/><U81/><E81/><V26/><F115/><W39/><G39/><T55/><D105/><U48/><E48/><V27/><F50/><W17/><G63/><T34/><D34/><U2/><E2/><V52/><F114/><W122/><G62/><T120/><D120/><U75/><E75/><V3/><F104/><W20/><G122/><T89/><D89/><U101/><E101/><RYUUKYOKU ba="0,1" sc="250,15,240,15,250,-15,250,-15" hai0="16,22,46,51,55,57,58,86,88,92,109,110,111" hai1="4,6,7,12,13,23,25,54,56,61,64,65,66" /><INIT seed="0,1,1,0,1,70" ten="265,255,235,235" oya="0" hai0="99,63,122,52,69,66,20,100,1,21,41,98,103" hai1="88,0,134,3,110,79,29,114,109,125,78,60,40" hai2="119,131,9,6,14,124,61,5,58,55,27,12,111" hai3="117,4,127,105,30,11,46,120,32,53,65,8,34"/><T15/><D122/><U107/><E107/><V7/><F111/><N who="1" m="42505" /><E134/><V47/><F124/><W83/><G105/><T72/><D1/><N who="1" m="587" /><E125/><V56/><F131/><W97/><G65/><T129/><D72/><U24/><E40/><V101/><F119/><W71/><G71/><T86/><D129/><U102/><E102/><V68/><F68/><W75/><G97/><T33/><D33/><N who="1" m="20647" /><E114/><V106/><F106/><W130/><G130/><T17/><D86/><U28/><E28/><V42/><F101/><W59/><G30/><T112/><D112/><U87/><E60/><V44/><F58/><W116/><G59/><T113/><D113/><U45/><E45/><V94/><F44/><W84/><G46/><T91/><D99/><U133/><E133/><V2/><F94/><AGARI ba="1,1" hai="78,79,87,88,94" m="20647,587,42505" machi="94" ten="30,2000,0" yaku="14,1,54,1" doraHai="70" who="1" fromWho="2" sc="265,0,255,33,235,-23,235,0" /><INIT seed="1,0,0,1,3,15" ten="265,288,212,235" oya="1" hai0="121,76,68,24,83,120,86,33,127,55,135,51,114" hai1="32,17,63,71,82,133,99,75,117,105,46,53,40" hai2="39,28,73,110,116,11,14,69,91,37,79,38,12" hai3="115,5,93,25,78,107,57,36,52,0,10,30,130"/><U58/><E117/><V62/><F116/><W4/><G107/><T66/><D114/><U111/><E32/><V90/><F110/><W97/><G36/><T16/><D68/><U26/><E133/><V20/><F79/><W124/><G115/><T132/><D66/><U95/><E105/><V43/><F43/><W19/><G78/><T134/><D33/><U89/><E71/><V119/><F73/><W131/><G124/><T31/><D31/><U21/><E111/><V122/><F122/><W100/><G5/><T98/><D98/><U123/><E123/><V44/><F44/><W42/><G42/><T47/><D127/><U118/><E118/><V72/><F72/><W3/><G3/><T9/><D9/><U102/><E75/><V45/><F45/><W108/><G108/><T109/><REACH who="0" step="1"/><D109/><REACH who="0" ten="255,288,212,235" step="2"/><U64/><E64/><V7/><F119/><W65/><G65/><T67/><D67/><U60/><E102/><V103/><F69/><W84/><G84/><T77/><D77/><U126/><E126/><V13/><F28/><W113/><G113/><T54/><D54/><U125/><E125/><V81/><F103/><W22/><REACH who="3" step="1"/><G30/><REACH who="3" ten="255,288,212,225" step="2"/><T70/><D70/><U18/><E40/><V61/><F91/><W29/><G29/><T129/><D129/><U41/><E41/><V106/><F90/><W50/><AGARI ba="0,2" hai="0,4,10,19,22,25,50,52,57,93,97,100,130,131" machi="50" ten="30,7900,0" yaku="1,1,0,1,52,1,54,1,53,0" doraHai="15" doraHaiUra="87" who="3" fromWho="3" sc="255,-20,288,-39,212,-20,225,99" /><INIT seed="2,0,0,0,4,93" ten="235,249,192,324" oya="2" hai0="124,95,80,81,27,66,78,18,6,103,28,48,126" hai1="15,53,115,3,96,46,57,59,70,36,0,99,41" hai2="114,30,69,61,84,60,88,133,125,9,112,19,79" hai3="123,130,111,29,89,134,8,132,38,7,14,55,10"/><V106/><F106/><W117/><G38/><T77/><D66/><U135/><E115/><V86/><F114/><W127/><G55/><T87/><D6/><U129/><E70/><V110/><F112/><W1/><G89/><T122/><D122/><U21/><E59/><V83/><F125/><W82/><G82/><T74/><D18/><U104/><E104/><V22/><F133/><W64/><G64/><T101/><D48/><U102/><E102/><V2/><F110/><W63/><G63/><T85/><D28/><U17/><E129/><V37/><F37/><W100/><G100/><T51/><D27/><U62/><REACH who="1" step="1"/><E135/><REACH who="1" ten="235,239,192,324" step="2"/><V116/><F69/><W43/><G130/><T76/><D51/><U56/><E56/><V47/><F116/><W72/><G117/><T12/><D124/><U4/><E4/><V131/><F131/><W13/><G7/><T90/><D126/><U128/><E128/><V118/><F118/><W11/><G127/><T94/><D12/><U25/><E25/><N who="2" m="16695" /><F2/><AGARI ba="0,1" hai="0,2,3,15,17,21,36,41,46,53,57,62,96,99" machi="2" ten="40,12000,2" yaku="1,1,52,2,53,3" doraHai="93" doraHaiUra="35" who="1" fromWho="2" sc="235,0,239,130,192,-120,324,0" /><INIT seed="3,0,0,0,5,108" ten="235,369,72,324" oya="3" hai0="50,129,25,81,45,37,79,106,52,69,96,35,60" hai1="117,32,102,63,95,39,42,119,18,21,59,103,111" hai2="76,87,123,38,67,3,22,27,71,80,109,20,78" hai3="135,86,82,132,40,55,99,120,127,75,41,33,19"/><W58/><G75/><T73/><D129/><U49/><E32/><V47/><F109/><W9/><G33/><T92/><D106/><U0/><E0/><V128/><F128/><W83/><G120/><T77/><D77/><U36/><E49/><V61/><F123/><W65/><G65/><T28/><D37/><U94/><E42/><V46/><F3/><W13/><G83/><T126/><D126/><U131/><E111/><V5/><F5/><W57/><G99/><T1/><D1/><U88/><E131/><V64/><F64/><W101/><G101/><N who="1" m="38410" /><E95/><V97/><F97/><W68/><G68/><T115/><D115/><U84/><E59/><V16/><F38/><W12/><G58/><T48/><D50/><U85/><E85/><V89/><REACH who="2" step="1"/><F22/><REACH who="2" ten="235,369,62,324" step="2"/><W56/><G127/><T2/><D2/><U24/><E39/><V4/><F4/><W116/><G116/><T29/><D35/><U17/><E36/><V53/><F53/><W90/><G55/><T30/><D52/><U6/><E6/><V26/><F26/><W134/><G41/><T93/><D25/><U8/><E119/><V91/><F91/><W14/><G40/><N who="0" m="24615" /><D96/><U124/><E124/><V66/><F66/><W133/><G133/><T34/><D34/><U118/><E118/><V130/><F130/><W112/><G112/><T23/><D23/><U72/><E117/><V107/><F107/><W100/><G100/><T74/><D79/><AGARI ba="0,1" hai="16,20,27,46,47,61,67,71,76,78,79,80,87,89" machi="79" ten="40,2600,0" yaku="1,1,54,1,53,0" doraHai="108" doraHaiUra="122" who="2" fromWho="0" sc="235,-26,369,0,62,36,324,0" /><INIT seed="4,0,0,0,5,21" ten="209,369,98,324" oya="0" hai0="16,85,19,102,70,118,122,23,98,41,35,62,33" hai1="71,107,14,104,106,20,129,34,64,120,135,72,69" hai2="6,92,121,31,4,52,111,59,42,88,3,130,61" hai3="54,27,66,123,46,126,30,124,43,60,10,133,22"/><T56/><D122/><U75/><E20/><V47/><F111/><W116/><G116/><T93/><D118/><U58/><E58/><V49/><F121/><W28/><G123/><T79/><D70/><N who="1" m="26635" /><E14/><V38/><F130/><W80/><G54/><T94/><D41/><U0/><E64/><V95/><F3/><W84/><G10/><T48/><D48/><U86/><E86/><N who="2" m="52247" /><F38/><W90/><G133/><T63/><D62/><U36/><E120/><V65/><F65/><W51/><REACH who="3" step="1"/><G30/><REACH who="3" ten="209,369,98,314" step="2"/><T7/><D19/><U1/><E135/><V24/><F95/><W87/><G87/><T45/><D7/><U117/><E107/><V127/><F127/><W18/><G18/><T103/><D93/><U89/><E106/><V81/><F81/><W29/><G29/><T96/><D85/><U105/><E105/><V25/><F25/><W134/><G134/><T110/><D16/><U77/><E104/><V101/><F101/><W40/><G40/><T53/><D103/><U112/><E117/><V67/><F42/><W128/><G128/><T132/><D132/><U57/><E129/><V74/><F74/><W119/><G119/><T13/><D102/><U17/><E75/><V78/><F78/><W108/><G108/><T99/><D79/><U83/><E77/><V39/><F39/><W2/><G2/><T37/><D110/><U8/><E1/><V12/><F12/><W11/><G11/><T73/><D73/><U115/><E72/><V76/><F76/><W100/><G100/><N who="0" m="60439" /><D13/><U55/><E0/><V109/><F109/><W82/><G82/><T125/><D37/><RYUUKYOKU ba="0,1" sc="209,-15,369,-15,98,15,314,15" hai2="4,6,24,31,47,49,52,59,61,67" hai3="22,27,28,43,46,51,60,66,80,84,90,124,126" /><INIT seed="5,1,1,0,0,40" ten="194,354,113,329" oya="1" hai0="28,27,132,25,42,115,34,64,87,72,56,133,128" hai1="116,36,129,108,110,51,26,44,18,41,38,30,122" hai2="21,95,86,104,47,80,12,43,24,39,62,37,19" hai3="73,101,60,92,68,123,124,121,105,45,8,112,53"/><U111/><E116/><V54/><F104/><W11/><G73/><T99/><D72/><U35/><E129/><V66/><F54/><W109/><G105/><T5/><D128/><U57/><E122/><V117/><F117/><W74/><G74/><T1/><D115/><U16/><E57/><V125/><F125/><W78/><G78/><T14/><D1/><U29/><E29/><V6/><F95/><W76/><G76/><T17/><D5/><U113/><E113/><V49/><F24/><W70/><G112/><T77/><D27/><U33/><E33/><V71/><REACH who="2" step="1"/><F6/><REACH who="2" ten="194,354,103,329" step="2"/><W46/><G92/><T119/><D119/><U88/><E18/><V83/><F83/><W55/><G124/><T52/><D17/><U85/><E16/><V67/><F67/><W82/><G82/><AGARI ba="1,2" hai="26,30,35,36,38,41,44,51,82,85,88,108,110,111" machi="82" ten="40,7700,0" yaku="10,1,52,1,54,1" doraHai="40" who="1" fromWho="3" sc="194,0,354,100,103,0,329,-80" /><INIT seed="5,2,0,0,0,40" ten="194,454,103,249" oya="1" hai0="92,13,93,132,67,5,49,16,115,63,0,127,55" hai1="46,17,101,124,29,85,106,121,52,89,122,118,59" hai2="32,114,95,105,57,131,88,126,51,30,45,65,8" hai3="26,110,90,111,113,53,100,61,120,79,70,97,116"/><U25/><E124/><V130/><F105/><W108/><G120/><T41/><D127/><U73/><E118/><V123/><F126/><W36/><G36/><T23/><D115/><U44/><E73/><V34/><F123/><W9/><G113/><T11/><D132/><U20/><E101/><V47/><F114/><W21/><G116/><T35/><D41/><U87/><E106/><V69/><F69/><W28/><G79/><T98/><D98/><U64/><E64/><V22/><F8/><W125/><G90/><T80/><D80/><U84/><E122/><V81/><F81/><W71/><G125/><T129/><D129/><N who="2" m="49162" /><F22/><W43/><G43/><T76/><D76/><U109/><E109/><V107/><F107/><W38/><G38/><T27/><D35/><N who="2" m="13354" /><F30/><W82/><G82/><T24/><D24/><U134/><E134/><V78/><F78/><W54/><G9/><T128/><D0/><U99/><E29/><V135/><F135/><W3/><G3/><T91/><D91/><U7/><E7/><V86/><F51/><W94/><G70/><T33/><D33/><U10/><E10/><V60/><AGARI ba="2,0" hai="45,47,57,60,65,86,88,95" m="13354,49162" machi="60" ten="40,8000,1" yaku="19,1,52,2,54,1" doraHai="40" who="2" fromWho="2" sc="194,-22,454,-42,103,86,249,-22" /><INIT seed="6,0,0,5,2,135" ten="172,412,189,227" oya="2" hai0="61,8,12,92,91,88,3,129,42,117,107,38,20" hai1="133,0,130,89,52,101,84,43,77,109,40,51,99" hai2="44,127,75,81,48,114,57,59,86,69,11,113,53" hai3="2,13,25,26,126,108,34,105,7,50,33,119,118"/><V95/><F75/><W46/><G105/><T72/><D107/><U31/><E109/><V73/><F73/><W97/><G97/><T90/><D72/><U27/><E0/><V14/><F69/><W22/><G50/><T94/><D129/><U41/><E77/><V79/><F95/><W15/><G46/><T120/><D120/><U36/><E133/><V71/><F71/><W37/><G37/><T28/><D3/><U102/><E36/><V49/><F127/><W10/><G108/><T124/><D124/><U17/><E17/><V78/><F78/><W65/><G65/><T56/><D117/><N who="3" m="44553" /><G126/><T122/><D122/><U58/><E99/><V87/><F87/><W100/><G100/><T116/><D42/><U21/><E130/><V62/><F49/><W104/><G104/><T85/><D38/><U96/><E96/><V123/><F123/><W18/><G34/><T110/><D110/><U5/><E5/><N who="2" m="3439" /><F59/><W54/><G54/><T132/><D132/><U4/><E4/><V70/><F70/><W9/><G33/><T60/><D56/><U112/><E112/><V82/><F82/><AGARI ba="0,0" hai="21,27,31,40,41,43,51,52,58,82,84,89,101,102" machi="82" ten="40,2600,0" yaku="8,1,54,1" doraHai="135" who="1" fromWho="2" sc="172,0,412,26,189,-26,227,0" /><INIT seed="7,0,0,2,2,132" ten="172,438,163,227" oya="3" hai0="102,121,33,41,91,114,76,46,37,13,88,70,112" hai1="40,20,98,106,9,58,75,55,23,94,63,133,68" hai2="43,28,32,24,17,74,127,67,57,7,4,5,82" hai3="27,52,92,122,6,16,80,135,34,100,66,29,113"/><W126/><G122/><T10/><D121/><U84/><E106/><V83/><F127/><W44/><G6/><T108/><D70/><U25/><E75/><V128/><F128/><W124/><G66/><T104/><D108/><U119/><E119/><V39/><F17/><W3/><G3/><T85/><D33/><U56/><E40/><V130/><F130/><W48/><G135/><T2/><D2/><U107/><E107/><V62/><REACH who="2" step="1"/><F74/><REACH who="2" ten="172,438,153,227" step="2"/><W30/><G16/><N who="0" m="8247" /><D104/><U81/><E133/><V19/><F19/><W50/><G126/><T51/><D37/><U60/><E25/><V14/><F14/><W61/><G27/><T53/><D41/><U99/><E63/><V115/><F115/><N who="0" m="44074" /><D102/><U21/><E60/><V71/><F71/><W36/><G61/><T105/><D105/><U110/><E68/><V109/><F109/><W45/><G124/><T79/><D91/><U73/><E110/><V125/><F125/><W134/><G100/><T129/><D129/><U22/><E73/><V54/><F54/><W120/><G52/><T8/><D8/><U59/><E55/><V11/><F11/><W65/><G134/><T12/><D12/><U49/><E9/><V103/><F103/><W87/><G113/><T123/><D123/><U35/><E49/><V96/><F96/><W42/><G50/><T26/><D26/><U72/><E99/><V0/><F0/><W117/><G48/><T64/><D64/><U131/><E98/><V15/><F15/><W89/><G65/><T38/><D38/><U116/><E131/><V86/><F86/><W1/><G87/><RYUUKYOKU ba="0,1" sc="172,15,438,-15,153,15,227,-15" hai0="46,51,53,76,79,85,88" hai2="4,5,7,24,28,32,39,43,57,62,67,82,83" owari="187,-21.0,433,53.0,168,-33.0,212,1.0" /></mjloggm>