<mjloggm ver="2.3"><GO type="41" lobby="0"/><UN n0="%E4%B8%80%E6%97%A5%E4%B8%80%E4%B8%87%E6%AD%A9" n1="%E5%BC%B7%E3%81%8F%E3%81%AA%E3%82%8B" n2="%E2%93%9D%53%75%70%68%78" n3="%4E%6F%72%69%6B%75%6D%61" dan="13,14,17,14" rate="1903.43,1946.22,2041.49,1818.79" sx="M,M,M,M"/><TAIKYOKU oya="0"/><INIT seed="0,0,0,2,3,98" ten="250,250,250,250" oya="0" hai0="135,88,65,4,56,1,78,90,85,42,91,44,84" hai1="132,22,25,103,97,55,29,68,115,6,48,36,110" hai2="9,89,87,28,126,31,57,133,5,60,0,69,39" hai3="3,125,73,117,123,30,93,46,47,104,23,7,53"/><T32/><D32/><U94/><E110/><V118/><F133/><W116/><G104/><T121/><D121/><U74/><E132/><V77/><F39/><W18/><G73/><T27/><D27/><U101/><E74/><V41/><F126/><W33/><G125/><T34/><D34/><U95/><E68/><V96/><F41/><W15/><G123/><T76/><D135/><U17/><E36/><V127/><F69/><W2/><G93/><T66/><D1/><U124/><E124/><V43/><F43/><W14/><G2/><T67/><D4/><U106/><E115/><V64/><F118/><W100/><G15/><T128/><D128/><U120/><E120/><V58/><F77/><N who="0" m="29802" /><D44/><U105/><E6/><V45/><F45/><W119/><G53/><T16/><D42/><U50/><E50/><V12/><F0/><W24/><REACH who="3" step="1"/><G100/><REACH who="3" ten="250,250,250,240" step="2"/><T82/><D82/><U63/><E105/><V26/><F127/><W81/><G81/><T11/><D56/><U122/><E103/><V20/><F58/><W114/><G114/><T10/><D16/><U62/><E122/><V102/><F102/><W35/><G35/><T52/><D52/><U113/><E113/><V40/><F40/><W75/><G75/><T108/><D108/><U21/><E17/><N who="2" m="12559" /><F96/><W54/><G54/><T109/><D109/><U134/><E134/><V129/><F129/><W131/><G131/><T72/><D72/><U99/><E99/><V112/><F112/><W19/><G19/><T92/><D92/><AGARI ba="0,1" hai="5,9,12,28,31,57,60,64,87,89,92" m="12559" machi="92" ten="30,1000,0" yaku="8,1" doraHai="98" who="2" fromWho="0" sc="250,-10,250,0,250,20,240,0" /><INIT seed="1,0,0,1,2,45" ten="240,250,270,240" oya="1" hai0="119,8,29,100,49,64,15,86,117,47,113,127,68" hai1="33,109,80,103,122,82,88,57,53,128,5,83,85" hai2="60,31,44,26,16,10,108,102,106,51,3,105,46" hai3="25,20,74,130,21,36,54,96,4,76,133,90,125"/><U120/><E33/><V9/><F108/><W7/><G133/><T12/><D113/><U124/><E109/><V30/><F60/><W41/><G125/><T22/><D127/><U40/><E128/><V114/><F102/><W69/><G69/><T43/><D100/><U11/><E124/><V94/><F94/><W0/><G54/><T97/><D97/><U65/><E65/><V13/><F46/><W111/><G25/><T91/><D64/><U17/><E17/><V107/><F114/><W42/><G7/><T62/><D62/><U89/><E40/><V28/><F3/><W24/><G42/><T104/><D68/><U110/><E103/><V2/><F2/><W23/><G90/><T56/><D56/><U6/><E6/><V35/><REACH who="2" step="1"/><F10/><REACH who="2" ten="240,250,260,240" step="2"/><W75/><G0/><T112/><D8/><U98/><E110/><V135/><F135/><W72/><G111/><T116/><D112/><U32/><E122/><V48/><F48/><W87/><G36/><T121/><D121/><U27/><E120/><V34/><F34/><W92/><G92/><T101/><D101/><U50/><E98/><V14/><F14/><W66/><G96/><T70/><D104/><U115/><E115/><V63/><F63/><W52/><G24/><T84/><D117/><U118/><E118/><V38/><F38/><W58/><G23/><T129/><D43/><AGARI ba="0,1" hai="9,13,16,26,28,30,31,35,43,44,51,105,106,107" machi="43" ten="40,5200,0" yaku="1,1,52,1,54,1,53,0" doraHai="45" doraHaiUra="55" who="2" fromWho="0" sc="240,-52,250,0,260,62,240,0" /><INIT seed="2,0,0,1,2,3" ten="188,250,322,240" oya="2" hai0="21,86,19,64,30,96,106,6,62,13,42,60,17" hai1="72,28,91,120,74,95,15,108,75,53,47,2,88" hai2="69,12,45,114,135,1,87,31,113,132,94,46,83" hai3="129,63,103,22,39,110,78,34,131,89,48,90,11"/><V54/><F1/><W26/><G34/><T100/><D42/><U20/><E2/><V128/><F31/><W7/><G39/><T52/><D30/><U50/><E108/><V51/><F94/><W18/><G103/><T92/><D6/><U116/><E116/><V27/><F27/><W33/><G78/><T44/><D19/><U123/><E91/><V107/><F107/><W84/><G33/><T121/><D121/><U67/><E67/><V14/><F69/><W43/><G63/><T10/><D21/><U112/><E112/><V85/><F128/><N who="3" m="49227" /><G84/><T82/><D106/><U23/><E28/><V56/><F83/><W77/><G77/><T117/><D64/><U9/><E123/><V66/><F66/><W41/><G110/><T99/><D96/><U38/><E38/><V70/><F70/><W49/><G49/><N who="0" m="28711" /><D117/><U37/><E37/><V80/><F51/><W97/><G97/><T36/><D36/><U25/><E25/><V125/><F114/><W133/><G133/><T73/><D73/><U126/><E126/><V101/><F125/><W130/><N who="3" m="49235" /><W59/><DORA hai="55" /><G59/><T58/><D58/><U65/><E65/><V81/><F56/><W127/><G127/><T98/><D98/><U57/><E47/><V61/><F113/><W68/><G68/><T40/><D40/><N who="3" m="15433" /><G48/><T76/><AGARI ba="0,0" hai="10,13,17,60,62,76,82,86,92,99,100" m="28711" machi="76" ten="30,2000,0" yaku="8,1,54,1" doraHai="3,55" who="0" fromWho="0" sc="188,20,250,-5,322,-10,240,-5" /><INIT seed="3,0,0,4,4,117" ten="208,245,312,235" oya="3" hai0="5,32,50,86,33,105,27,8,34,129,80,82,93" hai1="7,101,73,13,29,70,38,61,126,26,106,74,111" hai2="122,1,103,110,94,95,53,60,2,72,132,71,125" hai3="68,102,11,44,113,22,3,18,81,15,124,39,90"/><W14/><G124/><T84/><D105/><U116/><E38/><V12/><F72/><W118/><G118/><T57/><D129/><U77/><E77/><V52/><F110/><W19/><G113/><T55/><D27/><U87/><E111/><V96/><F132/><W23/><G68/><T83/><REACH who="0" step="1"/><D93/><REACH who="0" ten="198,245,312,235" step="2"/><U41/><E106/><V104/><F95/><W99/><G3/><AGARI ba="0,1" hai="3,5,8,32,33,34,50,55,57,80,82,83,84,86" machi="3" ten="50,3200,0" yaku="1,1,2,1,53,0" doraHai="117" doraHaiUra="100" who="0" fromWho="3" sc="198,42,245,0,312,0,235,-32" /><INIT seed="4,0,0,0,5,9" ten="240,245,312,203" oya="0" hai0="110,115,107,91,109,95,81,113,3,60,31,55,14" hai1="40,133,114,52,61,105,66,24,72,15,96,108,92" hai2="93,46,56,63,8,127,37,131,75,18,69,125,73" hai3="59,68,135,1,28,88,132,103,90,10,118,122,44"/><T39/><D39/><U5/><E72/><V77/><F69/><W27/><G68/><T53/><D107/><U134/><E105/><V45/><F131/><W111/><G111/><N who="0" m="42507" /><D3/><U112/><E24/><V128/><F93/><W29/><G29/><T86/><D31/><U19/><E40/><V116/><F116/><W11/><G118/><T82/><D14/><U70/><E5/><V12/><F128/><W78/><G103/><T43/><D43/><U102/><E52/><N who="0" m="20041" /><D60/><U89/><E102/><V87/><F37/><W130/><G44/><T121/><D121/><U98/><E96/><V2/><F46/><W51/><G78/><T16/><D16/><U119/><E119/><V101/><F77/><W54/><G130/><T42/><D42/><U76/><E76/><V21/><F45/><W30/><G30/><T97/><D81/><U65/><E66/><V47/><F2/><W49/><G49/><T83/><D82/><U71/><E70/><V94/><F47/><W104/><G104/><T7/><D7/><U38/><E38/><V6/><F6/><W85/><G122/><T62/><D62/><U124/><E108/><V36/><F63/><W120/><G1/><T13/><D13/><U64/><E65/><V20/><F36/><W106/><G106/><T34/><D34/><U17/><E17/><V4/><F18/><W33/><G10/><T35/><D35/><U32/><E32/><V25/><F8/><W117/><G11/><T0/><D0/><U74/><E64/><V23/><F4/><W57/><G120/><T80/><D80/><U123/><E123/><RYUUKYOKU ba="0,0" sc="240,30,245,-10,312,-10,203,-10" hai0="83,86,91,95,97,113,115" /><INIT seed="4,1,0,0,2,30" ten="270,235,302,193" oya="0" hai0="46,65,62,60,11,130,104,102,99,89,106,47,28" hai1="25,86,66,114,108,8,103,20,77,129,55,118,80" hai2="52,112,18,26,92,110,2,72,3,100,17,43,75" hai3="1,36,70,93,113,0,131,64,126,125,71,83,33"/><T31/><D130/><U9/><E118/><V120/><F43/><W109/><G93/><T53/><D106/><U87/><E108/><V19/><F110/><W22/><G22/><T123/><D123/><U23/><E129/><V124/><F120/><W96/><G96/><T91/><D11/><U132/><E132/><V50/><F124/><W29/><G83/><T97/><D104/><U27/><E66/><V127/><F112/><W10/><G10/><T134/><D134/><U5/><E103/><V41/><F41/><W59/><G29/><T84/><D102/><U79/><E114/><V135/><F26/><W48/><G48/><T81/><D81/><U38/><E38/><V51/><F127/><W101/><G59/><T69/><D53/><U107/><E107/><V7/><F7/><W34/><G64/><T133/><D65/><U54/><REACH who="1" step="1"/><E80/><REACH who="1" ten="270,225,302,193" step="2"/><V111/><F111/><W4/><G101/><T78/><D133/><U16/><E16/><V61/><F100/><W24/><G109/><T35/><D31/><U56/><E56/><N who="2" m="34951" /><F135/><W117/><G131/><T115/><D28/><U68/><E68/><V37/><F37/><W13/><G36/><T85/><D69/><U49/><E49/><V122/><F122/><W21/><G113/><T45/><D115/><U6/><AGARI ba="1,1" hai="5,6,8,9,20,23,25,27,54,55,77,79,86,87" machi="6" ten="25,8000,1" yaku="1,1,0,1,22,2,8,1,53,0" doraHai="30" doraHaiUra="121" who="1" fromWho="1" sc="270,-41,225,93,302,-21,193,-21" /><INIT seed="5,0,0,2,5,10" ten="229,318,281,172" oya="1" hai0="128,83,112,28,72,47,135,123,110,115,15,76,87" hai1="46,26,88,73,25,109,79,61,82,38,56,2,99" hai2="55,49,11,120,70,92,97,13,111,21,45,113,19" hai3="78,54,33,105,107,59,119,118,134,31,84,81,4"/><U124/><E124/><V63/><F111/><W57/><G134/><T18/><D110/><U93/><E109/><V104/><F120/><W127/><G127/><T34/><D135/><U43/><REACH who="1" step="1"/><E2/><REACH who="1" ten="229,308,281,172" step="2"/><V95/><F113/><W80/><G119/><T37/><D115/><U42/><E42/><V86/><F70/><W132/><G118/><T17/><D112/><U117/><E117/><V94/><F63/><W106/><G132/><T77/><D123/><U71/><E71/><V126/><F126/><W90/><G59/><T23/><D128/><U103/><E103/><V30/><F104/><W5/><G106/><T3/><D3/><U9/><E9/><V22/><F97/><W65/><G107/><T44/><D72/><U130/><E130/><V64/><F86/><W32/><G105/><T75/><D87/><U62/><E62/><V85/><F85/><W91/><G78/><T52/><D76/><U101/><E101/><V133/><F133/><W116/><G116/><T53/><D75/><U12/><E12/><V36/><F11/><W108/><G108/><T48/><D15/><U39/><E39/><V41/><F36/><W100/><G100/><T7/><D37/><U24/><E24/><N who="2" m="16655" /><F41/><W35/><G84/><T14/><D14/><U51/><E51/><V58/><F58/><W68/><G57/><T96/><D48/><U121/><E121/><V16/><F19/><W66/><G68/><T60/><D18/><U27/><E27/><V20/><F16/><W0/><G0/><T40/><D17/><U131/><E131/><V8/><F13/><W114/><G114/><RYUUKYOKU ba="0,1" sc="229,-10,308,30,281,-10,172,-10" hai1="25,26,38,43,46,56,61,73,79,82,88,93,99" /><INIT seed="5,1,1,1,0,72" ten="219,338,271,162" oya="1" hai0="105,24,87,32,33,16,26,131,63,78,22,102,20" hai1="66,59,50,125,135,113,81,42,13,11,64,76,109" hai2="52,44,101,8,23,83,128,21,6,91,126,108,134" hai3="51,41,92,110,116,10,60,47,18,70,104,5,84"/><U31/><E113/><V80/><F108/><W40/><G110/><T77/><D131/><U95/><E109/><V127/><F101/><W71/><G104/><T106/><D63/><U99/><E31/><V27/><F134/><W132/><G132/><T118/><D102/><U3/><E3/><V130/><F91/><W37/><G18/><T56/><D56/><U100/><E125/><N who="2" m="47627" /><F44/><W115/><G115/><T107/><D87/><N who="1" m="48551" /><E135/><V75/><F52/><W1/><G40/><T9/><D9/><U53/><E42/><V96/><F96/><W129/><G129/><N who="2" m="49769" /><F75/><W36/><G36/><T111/><D111/><U117/><E117/><V54/><F54/><W25/><G60/><T67/><D67/><U48/><E50/><V123/><F123/><W73/><G51/><T4/><D4/><AGARI ba="1,1" hai="4,11,13,48,53,59,64,66,95,99,100" m="48551" machi="4" ten="30,2900,0" yaku="8,1,52,1" doraHai="72" who="1" fromWho="0" sc="219,-32,338,42,271,0,162,0" /><INIT seed="5,2,0,1,4,114" ten="187,380,271,162" oya="1" hai0="89,0,9,82,29,7,115,34,90,77,81,135,5" hai1="130,125,113,59,17,116,36,92,55,129,117,46,99" hai2="38,10,3,56,32,53,76,112,119,44,1,13,70" hai3="26,134,86,78,22,30,94,2,122,4,72,24,39"/><U43/><E113/><V109/><F32/><W33/><G134/><T73/><D115/><U127/><E17/><V63/><F109/><W111/><G111/><T60/><D135/><U41/><E41/><V28/><F28/><W106/><G106/><T88/><D60/><N who="1" m="35967" /><E92/><V131/><F131/><N who="1" m="50185" /><E99/><V27/><F27/><W31/><G72/><T48/><D48/><U23/><E23/><V120/><F112/><W45/><G94/><T126/><D126/><AGARI ba="2,0" hai="36,43,46,116,117,125,126,127" m="50185,35967" machi="126" ten="30,18000,2" yaku="18,1,19,1,34,2,52,2" doraHai="114" who="1" fromWho="0" sc="187,-186,380,186,271,0,162,0" /><INIT seed="5,3,0,5,4,101" ten="1,566,271,162" oya="1" hai0="55,35,23,12,3,25,129,26,92,66,95,68,89" hai1="67,61,40,106,93,108,44,60,5,15,131,96,128" hai2="132,85,31,83,76,22,110,34,29,49,119,82,0" hai3="114,2,16,9,124,39,1,37,18,36,121,116,107"/><U80/><E108/><V53/><F0/><W117/><G9/><T65/><D3/><U59/><E106/><V20/><F34/><W125/><G37/><T4/><D129/><U24/><E80/><V8/><F132/><W135/><G114/><T113/><D68/><U79/><E79/><V43/><F43/><W111/><G121/><T10/><D113/><U78/><E78/><V90/><F119/><W21/><G21/><N who="2" m="8297" /><F110/><W17/><G111/><T28/><D55/><U33/><E60/><V57/><F8/><W69/><G18/><T51/><D51/><U130/><E15/><V91/><F83/><W42/><G42/><T98/><D95/><U32/><E5/><V14/><F14/><W84/><G84/><T13/><D12/><U56/><E56/><V118/><F118/><W112/><G112/><T11/><D10/><U122/><E24/><V48/><F48/><W133/><REACH who="3" step="1"/><G69/><REACH who="3" ten="1,566,271,152" step="2"/><T77/><D77/><U6/><E6/><V54/><F76/><W105/><AGARI ba="3,1" hai="1,2,16,17,36,39,105,107,116,117,124,125,133,135" machi="105" ten="25,16000,3" yaku="1,1,2,1,0,1,22,2,52,2,54,1,53,0" doraHai="101" doraHaiUra="127" who="3" fromWho="3" sc="1,-43,566,-83,271,-43,152,179" owari="-42,-54.0,483,58.0,228,-17.0,331,13.0" /></mjloggm>