<mjloggm ver="2.3"><GO type="41" lobby="0"/><UN n0="%54%49%44%41" n1="%E2%93%9D%53%75%70%68%78" n2="%6F%67%61%72%75%73%68" n3="%57%69%6D%61" dan="15,18,15,15" rate="1981.51,2171.15,2012.53,2020.62" sx="M,M,M,M"/><TAIKYOKU oya="0"/><INIT seed="0,0,0,0,2,55" ten="250,250,250,250" oya="0" hai0="66,84,73,54,106,100,125,64,129,32,53,56,108" hai1="5,94,105,12,88,23,115,1,68,133,41,22,35" hai2="39,130,38,127,6,4,61,51,44,104,123,99,58" hai3="70,90,31,57,83,20,92,17,24,11,3,46,126"/><T29/><D73/><U135/><E105/><V59/><F123/><W95/><G126/><T112/><D112/><U71/><E35/><V110/><F127/><W109/><G109/><T91/><D108/><U119/><E41/><V60/><F110/><W85/><G70/><T65/><D29/><U47/><E47/><V9/><F130/><W97/><G46/><T50/><D129/><U21/><E1/><V16/><F39/><W120/><G120/><T107/><D100/><U111/><E119/><V102/><F38/><W117/><G117/><T77/><D77/><U72/><E72/><V15/><F61/><W2/><G95/><T40/><D40/><U63/><E115/><V48/><F48/><W8/><G8/><T45/><D32/><U75/><E75/><V36/><F36/><W81/><G81/><T33/><D33/><U134/><E63/><V27/><F60/><W82/><G82/><T14/><D14/><U28/><E28/><V19/><F19/><W10/><G10/><T122/><D122/><U0/><E0/><V74/><F74/><W98/><G98/><T7/><D7/><U113/><E113/><V87/><F87/><W69/><G69/><N who="1" m="26698" /><E111/><V49/><F49/><W114/><G114/><T18/><D18/><N who="1" m="10439" /><E5/><V37/><F37/><W62/><G11/><T118/><D125/><U121/><E121/><V132/><F132/><W26/><G26/><T96/><D118/><U103/><E103/><V52/><REACH who="2" step="1"/><F4/><REACH who="2" ten="250,250,240,250" step="2"/><W67/><REACH who="3" step="1"/><G31/><REACH who="3" ten="250,250,240,240" step="2"/><T43/><D96/><AGARI ba="0,2" hai="22,23,88,94,96,133,134,135" m="10439,26698" machi="96" ten="40,2600,0" yaku="20,1,54,1" doraHai="55" who="1" fromWho="0" sc="250,-26,250,46,240,0,240,0" /><INIT seed="1,0,0,4,2,59" ten="224,296,240,240" oya="1" hai0="75,120,123,98,99,111,97,57,122,96,2,61,30" hai1="32,47,9,50,25,130,19,37,34,0,103,92,48" hai2="110,14,23,67,3,65,64,21,52,81,119,31,106" hai3="27,89,74,55,56,11,71,109,1,63,70,39,58"/><U5/><E130/><V128/><F3/><W33/><G74/><T72/><D2/><U43/><E103/><V79/><F119/><W107/><G39/><T69/><D69/><U104/><E104/><V13/><F106/><W108/><G107/><T10/><D111/><N who="3" m="42569" /><G89/><T16/><D30/><U88/><E19/><V4/><F110/><W29/><G58/><T82/><D82/><U135/><E135/><V35/><F35/><W40/><G40/><T77/><D77/><U127/><E127/><V132/><F132/><W12/><G1/><T80/><D80/><U117/><E117/><V22/><F128/><W38/><G38/><T100/><D100/><U116/><E116/><V102/><F102/><W68/><G68/><T6/><D6/><AGARI ba="0,0" hai="6,11,12,27,29,33,55,56,63,70,71" m="42569" machi="6" ten="30,2000,0" yaku="14,1,52,1" doraHai="59" who="3" fromWho="0" sc="224,-20,296,0,240,0,240,20" /><INIT seed="2,0,0,1,5,22" ten="204,296,240,260" oya="2" hai0="102,108,17,133,120,5,43,104,65,62,47,63,103" hai1="6,15,9,55,115,84,4,119,122,134,93,71,77" hai2="51,33,128,26,135,1,52,112,14,100,24,61,96" hai3="20,85,50,124,113,109,116,126,19,83,91,30,70"/><V90/><F1/><W23/><G116/><T28/><D108/><U42/><E71/><V49/><F112/><W44/><G109/><T37/><D133/><U107/><E107/><V67/><F135/><W46/><G70/><T10/><D120/><U38/><E119/><V72/><F72/><W35/><G113/><T59/><D104/><U111/><E38/><V118/><F118/><W132/><G132/><T16/><D28/><U29/><E42/><V78/><F78/><W106/><G106/><T89/><D89/><U81/><E122/><V41/><F33/><W80/><G80/><T88/><D63/><U7/><E111/><V27/><F128/><W75/><G75/><T101/><REACH who="0" step="1"/><D88/><REACH who="0" ten="194,296,240,260" step="2"/><U36/><E29/><V58/><F100/><W2/><G91/><T11/><D11/><U129/><E134/><V34/><F34/><W131/><G30/><T48/><D48/><N who="2" m="18506" /><F41/><W114/><G50/><T0/><AGARI ba="0,1" hai="0,5,10,16,17,37,43,47,59,62,65,101,102,103" machi="0" ten="30,4000,0" yaku="1,1,0,1,54,1,53,0" doraHai="22" doraHaiUra="73" who="0" fromWho="0" sc="194,50,296,-10,240,-20,260,-10" /><INIT seed="3,0,0,4,4,93" ten="244,286,220,250" oya="3" hai0="112,38,45,67,12,3,125,54,97,9,122,74,49" hai1="119,82,22,31,52,105,110,6,123,26,27,4,76" hai2="55,87,5,25,58,113,114,59,117,32,78,35,46" hai3="40,88,124,84,120,43,108,69,135,21,48,24,66"/><W100/><G120/><T111/><D111/><U75/><E123/><V92/><F117/><W42/><G108/><T65/><D125/><U90/><E110/><V62/><F5/><W2/><G124/><T36/><D3/><U95/><E105/><V118/><F118/><W33/><G2/><T96/><D74/><U53/><E119/><V23/><F46/><W15/><G135/><T107/><D107/><U129/><E129/><V11/><F11/><W103/><G33/><T51/><D38/><U71/><E71/><V61/><F114/><W126/><G126/><T133/><D133/><U86/><REACH who="1" step="1"/><E27/><REACH who="1" ten="244,276,220,250" step="2"/><V41/><F113/><W19/><G24/><T57/><D112/><U10/><E10/><V17/><F41/><W64/><G69/><T121/><D122/><U56/><E56/><V1/><F1/><W131/><G131/><T68/><D121/><U72/><E72/><V28/><F58/><W20/><G40/><N who="0" m="24743" /><D68/><U101/><E101/><N who="3" m="38986" /><G43/><T44/><D57/><U134/><E134/><V30/><F35/><W104/><G104/><T34/><D34/><U132/><E132/><V70/><F32/><W83/><G21/><T106/><D106/><U98/><E98/><N who="0" m="37993" /><D36/><U94/><E94/><V47/><F92/><W115/><G115/><T102/><D102/><U14/><E14/><V13/><F13/><W127/><G127/><T39/><D39/><U8/><E8/><V109/><F109/><W37/><G37/><T29/><D29/><U77/><E77/><V63/><F70/><W73/><G73/><T7/><AGARI ba="0,1" hai="7,9,12,44,51,54,65,67" m="37993,24743" machi="7" ten="30,7900,0" yaku="8,1,52,3" doraHai="93" who="0" fromWho="0" sc="244,89,276,-20,220,-20,250,-39" /><INIT seed="4,0,0,4,4,103" ten="333,256,200,211" oya="0" hai0="54,13,2,127,17,37,111,92,50,126,82,110,120" hai1="71,35,96,83,29,79,131,63,60,48,9,91,123" hai2="125,42,81,122,109,121,134,45,124,78,52,114,97" hai3="119,49,12,14,57,46,22,58,25,95,40,20,11"/><T90/><D2/><U15/><E131/><V10/><F109/><N who="0" m="41482" /><D37/><U113/><E123/><V108/><F108/><W32/><G119/><T74/><D82/><U28/><E35/><V87/><F134/><W68/><G68/><T26/><D26/><U64/><E63/><V100/><F114/><W0/><G0/><T101/><D101/><U99/><E113/><V118/><F10/><W41/><G32/><T106/><D106/><U85/><E48/><N who="2" m="28687" /><F42/><W30/><G41/><T34/><D74/><U38/><E38/><V55/><F55/><W5/><REACH who="3" step="1"/><G95/><REACH who="3" ten="333,256,200,201" step="2"/><T1/><D1/><U69/><E69/><V24/><F118/><W130/><G130/><T4/><D92/><U72/><E71/><V93/><F24/><W27/><G27/><T36/><D34/><U47/><E15/><V39/><F39/><W31/><G31/><T88/><D13/><U66/><E29/><V129/><F129/><W76/><G76/><T86/><D120/><U77/><E77/><V133/><F133/><W135/><G135/><T61/><D36/><U116/><E28/><V98/><F93/><W18/><AGARI ba="0,1" hai="5,11,12,14,18,20,22,25,30,40,46,49,57,58" machi="18" ten="30,4000,0" yaku="1,1,0,1,8,1,53,0" doraHai="103" doraHaiUra="70" who="3" fromWho="3" sc="333,-20,256,-10,200,-10,201,50" /><INIT seed="5,0,0,3,5,29" ten="313,246,190,251" oya="1" hai0="93,13,37,94,36,96,79,134,33,99,97,130,111" hai1="115,35,38,56,42,23,107,103,21,98,100,92,2" hai2="34,51,104,78,63,65,118,69,16,62,25,84,86" hai3="49,123,108,28,15,133,52,6,75,83,90,30,73"/><U10/><E115/><V41/><F118/><W60/><G108/><T91/><D33/><U110/><E110/><V59/><F104/><W125/><G123/><T31/><D31/><U12/><E2/><V101/><F101/><W50/><G125/><T126/><D13/><U39/><E35/><V64/><F78/><W17/><G133/><T22/><D22/><U127/><E127/><V43/><F34/><W71/><G6/><T72/><D130/><U124/><E124/><V88/><F51/><W44/><G75/><T58/><D58/><U116/><E116/><V48/><F48/><W120/><G120/><T18/><D18/><U68/><E68/><V109/><F109/><W70/><G70/><T105/><D134/><U27/><E56/><V77/><F77/><W55/><G60/><T26/><D26/><U135/><E135/><V4/><F4/><W57/><G71/><T114/><D37/><U74/><E74/><V9/><F84/><N who="3" m="50463" /><G73/><T40/><D36/><U129/><E39/><V67/><F67/><W128/><G128/><T106/><D40/><U7/><E129/><V121/><F121/><W87/><G87/><N who="0" m="52479" /><D126/><U122/><E122/><V54/><F65/><W46/><G57/><T32/><D32/><U1/><E1/><V61/><F61/><W95/><G95/><T102/><D111/><U89/><E107/><V112/><F69/><W5/><G5/><T80/><D114/><U14/><E38/><V19/><F112/><W8/><AGARI ba="0,0" hai="8,15,17,28,30,44,46,49,50,52,55" m="50463" machi="8" ten="30,4000,0" yaku="25,1,8,1,54,1" doraHai="29" who="3" fromWho="3" sc="313,-10,246,-20,190,-10,251,40" /><INIT seed="6,0,0,3,3,112" ten="303,226,180,291" oya="2" hai0="129,101,3,45,75,6,63,21,85,17,126,95,98" hai1="108,14,134,44,29,18,120,109,11,107,71,104,92" hai2="9,135,53,99,20,110,115,103,16,123,35,27,5" hai3="118,61,69,7,106,113,41,42,22,81,116,77,57"/><V78/><F115/><W47/><G106/><T102/><D75/><U128/><E71/><V48/><F123/><W25/><G113/><T43/><D126/><U1/><E120/><V40/><F135/><W49/><G69/><T34/><D129/><U64/><E64/><V122/><F122/><W73/><G7/><T87/><D34/><U24/><E92/><V94/><F110/><W82/><G82/><T65/><D101/><U97/><E44/><V39/><F78/><W60/><G42/><T105/><D105/><U8/><E97/><V33/><F40/><W12/><G12/><T79/><D79/><U76/><E76/><V4/><F39/><W55/><REACH who="3" step="1"/><G61/><REACH who="3" ten="303,226,180,281" step="2"/><T74/><D6/><N who="1" m="1103" /><E107/><V125/><F125/><W100/><G100/><T36/><D3/><U124/><E104/><V114/><F114/><W52/><G52/><T70/><D74/><U111/><E124/><V121/><F121/><W127/><G127/><T51/><D36/><U67/><E67/><V91/><F103/><W88/><G88/><T13/><AGARI ba="0,1" hai="13,17,21,43,45,51,63,65,70,85,87,95,98,102" machi="13" ten="20,1500,0" yaku="0,1,7,1" doraHai="112" who="0" fromWho="0" sc="303,25,226,-4,180,-7,281,-4" /><INIT seed="7,0,0,4,0,43" ten="328,222,173,277" oya="3" hai0="5,35,92,41,91,16,23,65,12,114,18,45,66" hai1="69,116,58,1,9,125,11,8,85,112,110,2,46" hai2="93,4,117,122,126,25,113,78,71,21,40,127,132" hai3="56,83,88,95,29,115,130,124,62,134,109,86,7"/><W121/><G121/><T87/><D35/><U89/><E110/><V81/><F117/><W32/><G109/><T37/><D114/><U26/><E69/><V59/><F71/><W17/><G115/><T61/><D61/><U76/><E112/><V6/><F113/><W98/><G124/><T108/><D108/><U96/><E76/><V24/><F122/><W64/><G130/><T22/><D5/><U10/><E96/><V0/><F132/><W118/><G134/><T20/><D20/><U101/><E101/><V63/><F25/><AGARI ba="0,0" hai="12,16,18,22,23,25,37,41,45,65,66,87,91,92" machi="25" ten="30,3900,0" yaku="7,1,52,1,54,1" doraHai="43" who="0" fromWho="2" sc="328,39,222,0,173,-39,277,0" owari="367,47.0,222,-18.0,134,-37.0,277,8.0" /></mjloggm>