<mjloggm ver="2.3"><GO type="41" lobby="0"/><UN n0="%E2%93%9D%53%75%70%68%78" n1="%E3%81%82%E3%81%8A%E3%81%8D%E3%82%93%E3%81%90" n2="%E5%8F%8C%E6%9C%88" n3="%E3%82%AF%E3%83%AA%E3%82%B9%E3%83%81%E3%83%A3%E3%83%B3" dan="18,14,13,15" rate="2089.87,1897.16,1960.97,2044.68" sx="M,M,F,M"/><TAIKYOKU oya="0"/><INIT seed="0,0,0,2,2,68" ten="250,250,250,250" oya="0" hai0="130,92,100,117,51,22,12,87,44,40,19,60,1" hai1="9,78,0,10,32,133,65,2,37,70,116,129,115" hai2="17,42,113,66,106,49,25,27,69,21,36,112,89" hai3="7,46,50,99,123,97,38,93,35,6,127,53,23"/><T13/><D130/><U11/><E116/><V132/><F106/><W74/><G35/><T20/><D1/><U90/><E37/><V91/><F132/><W95/><G74/><T108/><D117/><U58/><E32/><V76/><F76/><W131/><G123/><T121/><D121/><U61/><E133/><V14/><F112/><W5/><G131/><T103/><D108/><U84/><E129/><V15/><F113/><W85/><G127/><T125/><D125/><U82/><E115/><V135/><F135/><W52/><G38/><T80/><D92/><U54/><REACH who="1" step="1"/><E78/><REACH who="1" ten="250,240,250,250" step="2"/><V107/><F36/><W45/><G23/><T48/><D22/><U79/><E79/><V105/><F21/><W77/><G77/><T109/><D109/><U119/><E119/><V104/><F104/><W30/><G30/><T39/><D39/><U124/><E124/><V73/><F105/><W43/><G85/><T62/><D87/><U31/><E31/><V98/><F107/><W8/><G8/><T114/><D114/><U24/><E24/><V64/><F25/><W34/><G34/><T134/><D134/><U128/><E128/><V41/><F27/><W102/><REACH who="3" step="1"/><G46/><REACH who="3" ten="250,240,250,240" step="2"/><T75/><D44/><U67/><E67/><V120/><F64/><W86/><G86/><T3/><D20/><U57/><E57/><V4/><F66/><W18/><G18/><T59/><D59/><U122/><E122/><V72/><F120/><W83/><G83/><T101/><D80/><U63/><AGARI ba="0,2" hai="0,2,9,10,11,54,58,61,63,65,70,82,84,90" machi="63" ten="30,2000,0" yaku="1,1,0,1,53,0" doraHai="68" doraHaiUra="126" who="1" fromWho="1" sc="250,-10,240,40,250,-5,240,-5" /><INIT seed="1,0,0,0,3,83" ten="240,280,245,235" oya="1" hai0="55,7,35,38,69,8,27,110,48,36,21,89,84" hai1="61,51,98,11,126,116,32,111,3,97,9,75,40" hai2="72,78,92,112,132,127,88,117,54,4,91,105,43" hai3="44,85,80,6,13,47,66,106,20,45,123,14,103"/><U24/><E116/><V87/><F117/><W109/><G109/><T122/><D35/><U5/><E75/><V108/><F108/><W124/><G124/><T100/><D69/><U57/><E126/><V60/><F127/><W121/><G66/><T28/><D100/><U50/><E111/><V131/><F105/><W104/><G6/><T133/><D133/><U0/><E32/><V29/><F132/><W128/><G128/><T19/><D28/><U15/><E24/><V107/><F131/><W90/><G103/><T25/><D25/><U129/><E129/><V18/><F107/><W62/><G62/><T71/><D71/><U16/><E3/><V23/><F112/><W130/><G130/><T96/><D96/><U118/><E118/><V82/><F4/><W37/><G37/><T56/><D122/><U77/><E77/><V99/><F43/><W114/><G114/><T42/><D42/><U94/><E40/><V79/><F72/><W113/><G113/><T64/><D64/><U63/><E63/><V49/><F29/><W101/><G106/><T59/><D59/><U65/><REACH who="1" step="1"/><E97/><REACH who="1" ten="240,270,245,235" step="2"/><V102/><F60/><W10/><G121/><T2/><REACH who="0" step="1"/><D110/><REACH who="0" ten="230,270,245,235" step="2"/><U30/><E30/><V26/><F102/><AGARI ba="0,2" hai="0,5,9,11,15,16,50,51,57,61,65,94,98,102" machi="102" ten="30,12000,1" yaku="1,1,7,1,54,1,53,2" doraHai="83" doraHaiUra="46" who="1" fromWho="2" sc="230,0,270,140,245,-120,235,0" /><INIT seed="1,1,0,5,2,38" ten="230,410,125,235" oya="1" hai0="94,45,78,39,49,28,83,70,24,96,4,132,6" hai1="102,7,120,134,50,60,101,64,126,85,33,75,21" hai2="131,0,113,11,77,98,117,111,67,92,12,121,62" hai3="27,116,108,19,41,91,1,52,103,20,123,53,14"/><U10/><E75/><V30/><F117/><W72/><G1/><T104/><D39/><U40/><E33/><V16/><F121/><W107/><G123/><T15/><D104/><U105/><E120/><V32/><F111/><W88/><G72/><T74/><D70/><U80/><E126/><V118/><F118/><W84/><G116/><T119/><D132/><U46/><E134/><V48/><F113/><W59/><G108/><T110/><D15/><N who="1" m="5599" /><E21/><V106/><F131/><W36/><G103/><T76/><D76/><N who="1" m="46215" /><E105/><V71/><F77/><W34/><G107/><T31/><D110/><U130/><E130/><V79/><F79/><W22/><G91/><T93/><D31/><U63/><E63/><V81/><F81/><W58/><G34/><T8/><D8/><U65/><E65/><V115/><F115/><W51/><G36/><T66/><D66/><U35/><E35/><V56/><F0/><W127/><G127/><T128/><D128/><U29/><E29/><V87/><F106/><W42/><G22/><T95/><D119/><U57/><AGARI ba="1,0" hai="40,46,50,57,60,64,101,102" m="46215,5599" machi="57" ten="30,6000,0" yaku="25,1,8,1,52,1" doraHai="38" who="1" fromWho="1" sc="230,-21,410,63,125,-21,235,-21" /><INIT seed="1,2,0,3,0,135" ten="209,473,104,214" oya="1" hai0="56,90,33,94,41,129,11,40,112,64,127,9,82" hai1="44,39,58,2,15,128,36,73,87,134,84,13,52" hai2="12,133,30,70,65,61,25,111,113,34,0,57,77" hai3="93,98,85,99,126,92,50,117,60,63,38,42,71"/><U81/><E2/><V115/><F133/><W47/><G117/><T89/><D33/><U103/><E73/><V102/><F111/><W19/><G126/><T120/><D112/><U88/><E134/><V86/><F0/><W27/><G38/><T22/><D129/><U21/><E128/><V91/><F77/><W23/><G71/><T43/><D120/><U107/><E44/><V54/><F12/><W66/><G66/><T37/><D37/><U104/><E15/><V28/><F28/><W59/><G59/><T101/><D22/><U75/><E75/><V8/><F8/><W79/><G79/><T31/><D31/><U97/><E107/><V14/><F14/><W53/><G85/><N who="0" m="50359" /><D101/><U16/><E87/><V72/><F102/><N who="3" m="60743" /><G42/><T67/><D127/><U74/><E74/><V95/><REACH who="2" step="1"/><F72/><REACH who="2" ten="209,473,94,214" step="2"/><W1/><G1/><T20/><D11/><U124/><REACH who="1" step="1"/><E124/><REACH who="1" ten="209,463,94,214" step="2"/><V26/><F26/><W108/><G108/><T121/><D121/><U24/><E24/><V45/><F45/><W17/><G27/><T110/><D110/><U109/><E109/><V131/><F131/><W116/><G47/><T130/><D130/><U10/><E10/><V105/><F105/><W96/><G116/><T118/><D118/><U32/><E32/><V132/><F132/><W62/><G23/><T51/><D20/><U80/><E80/><V18/><F18/><W55/><G19/><T6/><D9/><U4/><E4/><V69/><F69/><W7/><G17/><T48/><D6/><U125/><E125/><V106/><F106/><W46/><G7/><T5/><D5/><RYUUKYOKU ba="2,2" sc="209,-15,463,15,94,15,214,-15" hai1="13,16,21,36,39,52,58,81,84,88,97,103,104" hai2="25,30,34,54,57,61,65,70,86,91,95,113,115" /><INIT seed="1,3,2,5,3,23" ten="194,478,109,199" oya="1" hai0="114,14,102,32,47,130,113,85,44,63,84,104,17" hai1="119,34,131,77,75,45,89,100,13,78,74,71,83" hai2="117,66,110,132,1,82,7,94,22,8,112,88,40" hai3="52,65,103,16,24,48,53,54,68,81,10,25,125"/><U120/><E71/><V99/><F117/><W126/><G103/><T67/><D32/><U35/><E100/><V90/><F112/><W21/><G10/><T122/><D130/><U33/><E119/><V97/><F132/><W135/><G135/><T115/><D122/><U19/><E131/><V116/><F116/><W127/><G81/><T43/><D47/><U9/><E120/><V30/><F110/><W15/><G48/><T28/><D28/><U76/><REACH who="1" step="1"/><E45/><REACH who="1" ten="194,468,109,199" step="2"/><V20/><F30/><W111/><G111/><T86/><D102/><U31/><E31/><V11/><F7/><W118/><G118/><T93/><D115/><U29/><E29/><V2/><F2/><W87/><G87/><AGARI ba="3,3" hai="9,13,19,33,34,35,74,75,76,77,78,83,87,89" machi="87" ten="50,4800,0" yaku="1,1,53,1" doraHai="23" doraHaiUra="5" who="1" fromWho="3" sc="194,0,468,87,109,0,199,-57" /><INIT seed="1,4,0,3,2,25" ten="194,555,109,142" oya="1" hai0="109,17,112,83,80,48,65,131,57,8,105,16,70" hai1="19,13,14,58,90,7,122,125,127,67,103,52,108" hai2="69,5,97,132,113,53,56,35,31,89,95,110,134" hai3="60,26,94,130,79,77,39,106,34,85,38,107,2"/><U6/><E122/><V75/><F69/><W73/><G2/><T84/><D112/><U123/><E123/><V45/><F113/><W62/><G130/><T118/><D105/><U55/><E103/><V59/><F75/><W10/><G10/><T88/><D118/><U42/><E42/><V41/><F5/><W30/><G73/><T91/><D109/><U23/><E108/><V86/><F110/><W33/><G26/><T28/><D70/><U47/><E47/><V100/><F35/><W114/><G114/><T40/><D28/><U115/><E115/><V54/><F31/><W133/><G133/><N who="2" m="51305" /><F53/><W66/><G30/><T87/><D131/><U9/><E7/><V126/><F54/><W104/><G85/><T129/><D129/><U81/><E67/><V120/><F126/><N who="1" m="48137" /><E58/><V0/><F0/><W51/><G104/><T117/><D117/><U124/><E124/><V78/><F78/><W116/><G116/><T43/><D65/><U96/><E52/><V37/><F120/><W76/><G76/><T12/><D57/><U93/><E55/><V102/><F102/><W18/><G66/><T71/><D71/><U36/><E36/><V82/><AGARI ba="4,0" hai="37,41,45,56,59,82,86,89,95,97,100" m="51305" machi="82" ten="30,1100,0" yaku="20,1" doraHai="25" who="2" fromWho="2" sc="194,-7,555,-9,109,23,142,-7" /><INIT seed="2,0,0,2,0,60" ten="187,546,132,135" oya="2" hai0="65,57,3,58,110,34,91,114,17,21,74,131,132" hai1="4,101,129,66,122,2,33,96,99,76,78,61,104" hai2="126,73,41,56,45,29,32,100,63,39,115,102,105" hai3="68,10,109,15,55,83,9,80,30,112,40,118,116"/><V35/><F115/><W85/><G40/><T5/><D114/><U12/><E129/><V48/><F73/><W113/><G30/><T79/><D34/><U28/><E2/><V95/><F105/><W42/><G42/><T54/><D132/><U121/><E96/><V93/><F126/><W71/><G15/><T89/><D110/><U0/><E12/><V97/><F39/><W44/><G85/><T43/><D79/><U22/><E22/><V69/><F69/><W87/><G87/><T38/><D74/><U119/><E78/><V107/><F100/><W124/><G124/><T19/><D131/><U88/><E88/><V14/><F14/><W25/><G44/><T135/><D135/><U51/><E51/><V37/><F48/><W67/><G55/><T103/><D54/><U90/><E90/><V50/><F37/><W31/><G31/><T6/><D43/><U127/><E76/><V26/><REACH who="2" step="1"/><F32/><REACH who="2" ten="187,546,122,135" step="2"/><W133/><G133/><T7/><D103/><U86/><E101/><V36/><F36/><W16/><G112/><T53/><D38/><U120/><E104/><V92/><F92/><W70/><G113/><T24/><D3/><U11/><E33/><V82/><F82/><W52/><G80/><T98/><D98/><U20/><E99/><V106/><F106/><W18/><G83/><T125/><D125/><U1/><E1/><V84/><F84/><W64/><G71/><T62/><D19/><U111/><E0/><V77/><F77/><W81/><G18/><T123/><D123/><U13/><E122/><V130/><F130/><W134/><G134/><RYUUKYOKU ba="0,1" sc="187,15,546,-15,122,15,135,-15" hai0="5,6,7,17,21,24,53,57,58,62,65,89,91" hai2="26,29,35,41,45,50,56,63,93,95,97,102,107" /><INIT seed="2,1,1,4,4,17" ten="202,531,137,120" oya="2" hai0="35,49,101,27,63,99,66,42,98,82,110,48,24" hai1="8,100,111,2,95,9,28,53,29,45,83,70,57" hai2="116,105,56,31,89,22,43,34,14,11,15,10,55" hai3="6,125,119,62,32,61,60,124,19,72,44,58,33"/><V73/><F116/><W65/><G72/><T103/><D110/><U129/><E70/><V107/><F73/><W37/><G6/><T118/><D118/><U130/><E111/><V128/><F34/><W38/><G119/><T114/><D114/><U75/><E45/><V106/><F43/><W71/><G32/><T16/><D82/><U7/><E9/><V69/><F69/><W78/><G78/><T90/><D90/><U64/><E64/><V121/><F121/><W92/><G33/><T115/><D35/><U84/><E75/><V74/><F74/><W127/><G92/><T87/><D87/><U135/><E135/><V76/><F76/><W86/><G86/><T5/><D5/><U23/><E95/><V81/><F128/><W108/><G108/><T36/><D36/><N who="3" m="13929" /><G19/><T80/><D16/><U85/><E29/><V40/><F40/><W67/><G44/><T51/><D42/><U88/><E100/><V91/><F81/><W94/><G94/><T120/><D80/><U96/><E96/><V52/><F105/><W12/><G12/><T3/><D115/><U25/><REACH who="1" step="1"/><E84/><REACH who="1" ten="202,521,137,120" step="2"/><V112/><F112/><W109/><G109/><T47/><D99/><U4/><E4/><V54/><F31/><W13/><G67/><T133/><D98/><U21/><E21/><V104/><F22/><W126/><G126/><T68/><D66/><U117/><E117/><V77/><F10/><W122/><G71/><T30/><D68/><U131/><E131/><V0/><F11/><W123/><G13/><T26/><D30/><U46/><E46/><V113/><F113/><RYUUKYOKU ba="1,2" sc="202,-15,521,15,137,-15,120,15" hai1="2,7,8,23,25,28,53,57,83,85,88,129,130" hai3="58,60,61,62,65,122,123,124,125,127" /><INIT seed="3,2,2,1,0,26" ten="187,536,122,135" oya="3" hai0="75,60,19,122,20,10,132,124,56,82,29,35,92" hai1="44,9,98,55,111,133,99,21,93,6,96,65,130" hai2="116,53,25,109,16,118,38,4,41,73,61,43,101" hai3="86,31,100,94,3,87,24,13,0,42,90,32,117"/><W79/><G117/><T88/><D122/><U58/><E111/><V84/><F109/><W51/><G100/><T50/><D35/><U7/><E133/><V112/><F112/><W72/><G72/><T18/><D124/><U15/><E130/><V105/><F73/><W85/><G13/><N who="0" m="7479" /><D75/><U129/><E129/><V52/><F4/><W108/><G108/><T83/><D50/><U14/><E44/><V126/><F126/><W125/><G125/><T70/><D70/><U104/><E65/><V39/><F101/><W37/><G37/><T23/><D29/><U11/><E21/><N who="0" m="8265" /><D19/><U33/><E33/><V28/><F16/><W5/><G5/><T121/><D121/><U34/><E34/><V134/><F134/><W102/><G102/><T8/><D8/><U123/><E104/><V91/><F105/><W95/><G79/><T68/><D68/><U107/><E107/><V131/><F131/><W115/><G115/><T119/><D119/><U66/><E66/><V127/><F127/><W128/><G128/><T114/><D132/><U89/><E123/><V97/><F38/><W64/><G64/><N who="0" m="38919" /><D114/><U57/><E57/><V47/><F116/><W49/><G42/><T2/><D2/><U54/><E54/><V59/><F53/><W71/><G71/><T113/><D113/><U69/><E69/><V62/><F41/><W76/><G76/><T78/><D78/><U77/><E77/><V30/><F39/><W48/><REACH who="3" step="1"/><G90/><REACH who="3" ten="187,536,122,125" step="2"/><T74/><D74/><U120/><E120/><V27/><F118/><W110/><G110/><T45/><D45/><U12/><E12/><RYUUKYOKU ba="2,3" sc="187,10,536,10,122,-30,125,10" hai0="82,83,88,92" hai1="6,7,9,11,14,15,55,58,89,93,96,98,99" hai3="0,3,24,31,32,48,49,51,85,86,87,94,95" /><INIT seed="3,3,3,3,3,133" ten="197,546,92,135" oya="3" hai0="130,17,86,33,112,44,84,11,45,24,28,40,81" hai1="60,0,47,62,124,39,16,115,97,91,29,21,93" hai2="3,116,58,10,54,89,22,23,106,6,51,53,102" hai3="94,131,12,110,4,125,7,103,38,71,127,2,72"/><W135/><G72/><T123/><D123/><U92/><E124/><N who="3" m="47690" /><G71/><T32/><D130/><U111/><E111/><V121/><F121/><W79/><G135/><T119/><D119/><U34/><E0/><V55/><F89/><W120/><G120/><T42/><D112/><U107/><E107/><V77/><F77/><W1/><G131/><T66/><D66/><U114/><E62/><V87/><F87/><W113/><G79/><T36/><D33/><U95/><E60/><V134/><F116/><W100/><G38/><T73/><D73/><U30/><E97/><V109/><F109/><W37/><G37/><T52/><D86/><U13/><E91/><V57/><F134/><W80/><G80/><T19/><D84/><U61/><E61/><V76/><F76/><W82/><G82/><T75/><D81/><U83/><E83/><V56/><REACH who="2" step="1"/><F51/><REACH who="2" ten="197,546,82,135" step="2"/><W65/><G110/><T122/><D75/><U31/><E114/><V59/><N who="2" m="15104" /><DORA hai="98" /><V96/><AGARI ba="3,4" hai="3,6,10,22,23,53,54,55,96,102,106" m="15104" machi="96" ten="50,8000,1" yaku="1,1,4,1,0,1,52,1,53,0" doraHai="133,98" doraHaiUra="88,8" who="2" fromWho="2" sc="197,-23,546,-23,82,129,135,-43" /><INIT seed="4,0,0,0,5,121" ten="174,523,211,92" oya="0" hai0="29,5,63,37,127,90,67,119,113,80,66,135,16" hai1="3,2,87,115,85,10,91,89,108,133,76,31,26" hai2="46,130,110,52,75,114,61,97,39,58,54,65,53" hai3="95,8,13,47,38,45,64,88,116,104,96,18,57"/><T129/><D119/><U112/><E108/><V83/><F110/><W49/><G116/><T34/><D37/><U74/><E133/><V111/><F111/><W17/><G38/><T40/><D5/><U23/><E76/><V30/><F114/><N who="1" m="43561" /><E74/><V36/><F130/><W55/><G104/><T25/><D127/><U131/><E10/><V11/><F11/><W35/><G35/><T105/><D40/><U24/><E26/><V19/><F30/><W14/><REACH who="3" step="1"/><G64/><REACH who="3" ten="174,523,211,82" step="2"/><T27/><D105/><U12/><E131/><V62/><F36/><W99/><G99/><T101/><D67/><U44/><E2/><V70/><F97/><W125/><G125/><T32/><D129/><U120/><E3/><V68/><F65/><W84/><G84/><T102/><D113/><U103/><E87/><V94/><F39/><W93/><G93/><T7/><D34/><U43/><E85/><V126/><F94/><W81/><G81/><T109/><D80/><U6/><E120/><V118/><F118/><W106/><G106/><T0/><D109/><U98/><E98/><V21/><F126/><W128/><G128/><T33/><D33/><U73/><E73/><V60/><F75/><W123/><G123/><T77/><D0/><U78/><E78/><V134/><F83/><W86/><G86/><T15/><D77/><U82/><E82/><V28/><F134/><W92/><G92/><T72/><D72/><U69/><E91/><V20/><F46/><W1/><G1/><T50/><D135/><U79/><E44/><V124/><F124/><W48/><G48/><T59/><D50/><RYUUKYOKU ba="0,1" sc="174,-10,523,-10,211,-10,82,30" hai3="8,13,14,17,18,45,47,49,55,57,88,95,96" /><INIT seed="5,1,1,2,5,68" ten="164,513,201,112" oya="1" hai0="49,108,117,94,127,77,34,116,19,118,81,30,44" hai1="57,50,119,6,53,27,67,26,100,60,3,36,106" hai2="21,105,65,48,78,7,132,85,5,134,16,38,135" hai3="72,96,35,95,130,24,2,18,98,47,43,28,84"/><U4/><E119/><V93/><F105/><W0/><G72/><T64/><D108/><U89/><E36/><V14/><F38/><W62/><G130/><T31/><D127/><U33/><E89/><N who="2" m="53423" /><F65/><W113/><G113/><T129/><D129/><U75/><E75/><V58/><F78/><W40/><G84/><T55/><D64/><U111/><E111/><V92/><F92/><W63/><G96/><T22/><D34/><U54/><E54/><AGARI ba="1,1" hai="5,7,14,16,21,48,54,58,132,134,135" m="53423" machi="54" ten="30,3900,0" yaku="25,1,20,1,54,1" doraHai="68" who="2" fromWho="1" sc="164,0,513,-42,201,52,112,0" /><INIT seed="6,0,0,0,3,52" ten="164,471,253,112" oya="2" hai0="95,87,101,116,67,99,77,74,131,2,46,20,39" hai1="60,111,132,89,75,93,112,42,129,48,49,11,9" hai2="118,16,35,103,134,33,109,126,83,114,58,50,78" hai3="25,123,128,43,31,117,61,55,4,6,97,122,64"/><V30/><F118/><W24/><G128/><T94/><D2/><U19/><E75/><V37/><F37/><W54/><G97/><T3/><D3/><U5/><E112/><V76/><F114/><W96/><G96/><T29/><D74/><U0/><E132/><V62/><F134/><W119/><G61/><T59/><D131/><U92/><E92/><V68/><F126/><W71/><G71/><T98/><D46/><U28/><E28/><V7/><F109/><W72/><G72/><T125/><D39/><U44/><E111/><V27/><F7/><W106/><G31/><T81/><D116/><U84/><E129/><V13/><F33/><W18/><G18/><T56/><D67/><U57/><E19/><V133/><F103/><W34/><G34/><T69/><D69/><U124/><E11/><V127/><F127/><W90/><G90/><N who="0" m="55639" /><D125/><U105/><E105/><V17/><F133/><W21/><G64/><T88/><D101/><U66/><E124/><V115/><F68/><W100/><G100/><T22/><D22/><U91/><E89/><V40/><F76/><W8/><G21/><T23/><D23/><U41/><E41/><V85/><F13/><W80/><G43/><T135/><D135/><U86/><E86/><V36/><F36/><AGARI ba="0,0" hai="0,5,9,36,42,44,48,49,57,60,66,84,91,93" machi="36" ten="30,2000,0" yaku="7,1,52,1" doraHai="52" who="1" fromWho="2" sc="164,0,471,20,253,-20,112,0" /><INIT seed="7,0,0,2,2,59" ten="164,491,233,112" oya="3" hai0="16,131,75,113,116,122,104,79,82,42,134,84,53" hai1="34,55,109,120,9,60,94,99,24,5,106,133,135" hai2="102,17,28,14,35,115,76,126,66,12,124,105,89" hai3="128,108,48,91,6,125,33,100,114,46,54,132,32"/><W68/><G108/><T119/><D42/><U52/><E106/><V74/><F115/><W87/><G114/><T96/><D113/><U38/><E38/><V22/><F12/><W93/><G125/><N who="2" m="48233" /><F66/><W25/><G128/><T30/><D30/><U3/><E94/><V36/><F36/><W37/><G132/><T107/><D53/><U49/><E55/><V88/><F35/><W13/><G68/><T118/><D16/><U18/><E52/><V72/><F28/><W15/><G37/><T97/><D122/><U58/><E99/><N who="0" m="37961" /><D134/><U7/><E58/><V19/><F19/><W70/><G100/><T73/><D131/><U78/><E78/><V98/><F76/><W127/><G127/><T67/><D67/><U10/><E18/><V110/><F110/><W112/><G112/><T61/><D61/><U44/><E60/><V117/><F117/><W63/><G25/><T85/><D85/><U4/><E49/><V86/><F89/><W0/><G0/><T80/><D75/><U90/><E90/><AGARI ba="0,0" hai="73,79,80,82,84,90,104,107,116,118,119" m="37961" machi="90" ten="30,2000,0" yaku="34,2" doraHai="59" who="0" fromWho="1" sc="164,20,491,-20,233,0,112,0" owari="184,-22.0,471,58.0,233,3.0,112,-39.0" /></mjloggm>