<mjloggm ver="2.3"><GO type="41" lobby="0"/><UN n0="%4D%61%48%69" n1="%E7%A5%9E%E6%88%B8%E5%B0%8F%E9%B3%A5%E9%86%A4" n2="%E2%93%9D%53%75%70%68%78" n3="%E5%8F%8C%E6%9C%88" dan="15,14,17,15" rate="1983.44,1900.56,2060.45,2096.77" sx="M,F,M,F"/><TAIKYOKU oya="0"/><INIT seed="0,0,0,4,5,19" ten="250,250,250,250" oya="0" hai0="129,6,4,36,135,83,116,34,110,1,29,84,134" hai1="45,75,72,125,130,112,86,59,120,107,91,70,103" hai2="9,126,87,38,94,68,16,24,104,28,30,49,109" hai3="60,31,69,27,77,66,54,3,96,98,74,73,88"/><T106/><D36/><U2/><E2/><V21/><F104/><W127/><G3/><T97/><D116/><U63/><E70/><V90/><F38/><W64/><G127/><T12/><D1/><U115/><E120/><V7/><F68/><W80/><G64/><T92/><D106/><U13/><E125/><V123/><F109/><W55/><G73/><T108/><D129/><U18/><E130/><V133/><F133/><N who="0" m="50698" /><D34/><U105/><E45/><V23/><F123/><W40/><G40/><T37/><D37/><U15/><E13/><N who="2" m="5311" /><F126/><W11/><G11/><T61/><D61/><U43/><E43/><V47/><F23/><W17/><G17/><T119/><D29/><U48/><E48/><V14/><F14/><W8/><G96/><T57/><D57/><U44/><E44/><V111/><F111/><N who="0" m="42538" /><D12/><U20/><E105/><V65/><F65/><W121/><G121/><T41/><D41/><AGARI ba="0,0" hai="16,21,24,28,30,41,47,49,87,90,94" m="5311" machi="41" ten="30,3900,0" yaku="8,1,52,1,54,1" doraHai="19" who="2" fromWho="0" sc="250,-39,250,0,250,39,250,0" /><INIT seed="1,0,0,1,2,125" ten="211,250,289,250" oya="1" hai0="129,76,32,8,49,60,43,59,55,95,3,7,124" hai1="69,130,131,64,5,70,56,111,57,13,107,82,41" hai2="80,34,21,99,42,9,48,40,46,87,65,85,38" hai3="103,25,44,120,106,51,91,74,118,88,52,100,58"/><U39/><E107/><V54/><F34/><W71/><G120/><T30/><D124/><U17/><E5/><V127/><F127/><W132/><G71/><N who="1" m="27146" /><E82/><V128/><F65/><W77/><G118/><T108/><D76/><U19/><E111/><V37/><F99/><W115/><G115/><T73/><D73/><U86/><E86/><V18/><F87/><W81/><G132/><T72/><D72/><U35/><E35/><V123/><F38/><W98/><G100/><T126/><D126/><U10/><E19/><V104/><F37/><W135/><G135/><T83/><D83/><U22/><E10/><V15/><F104/><W66/><REACH who="3" step="1"/><G25/><REACH who="3" ten="211,250,289,240" step="2"/><T112/><D112/><U2/><E2/><V47/><F123/><W1/><G1/><T90/><D3/><U29/><E29/><V11/><F15/><W33/><G33/><T27/><D30/><U102/><E102/><V61/><F18/><W63/><AGARI ba="0,1" hai="44,51,52,58,63,66,74,77,81,88,91,98,103,106" machi="63" ten="30,7900,0" yaku="1,1,0,1,54,2,53,0" doraHai="125" doraHaiUra="134" who="3" fromWho="3" sc="211,-20,250,-39,289,-20,240,89" /><INIT seed="2,0,0,3,0,121" ten="191,211,269,329" oya="2" hai0="132,104,113,61,119,128,30,96,19,51,79,9,133" hai1="74,12,117,4,11,46,58,91,92,130,70,24,75" hai2="131,105,28,64,135,67,123,7,83,29,63,37,127" hai3="95,66,33,41,49,32,114,15,122,42,87,111,1"/><V97/><F123/><W31/><G122/><T36/><D113/><U57/><E70/><V90/><F37/><W80/><G114/><T39/><D128/><U71/><E71/><V103/><F131/><W22/><G1/><T124/><D124/><U65/><E130/><V85/><F135/><N who="0" m="51786" /><D30/><U25/><E117/><V18/><F7/><W118/><G118/><T48/><D79/><U0/><E46/><V55/><F127/><W10/><G66/><T82/><D82/><U6/><E0/><V60/><F55/><W43/><G95/><T5/><D19/><U3/><E3/><V47/><F47/><W53/><G22/><T86/><D86/><U76/><E6/><V108/><F18/><W126/><G126/><T115/><D115/><U125/><E125/><V62/><REACH who="2" step="1"/><F108/><REACH who="2" ten="191,211,259,329" step="2"/><W84/><G53/><T101/><D119/><U78/><E4/><V98/><F98/><W116/><G116/><T35/><D5/><U129/><E129/><V14/><F14/><W99/><G99/><T38/><D96/><U106/><E12/><V13/><F13/><W69/><G41/><T88/><D36/><U120/><E120/><V27/><F27/><W89/><G15/><T2/><D38/><U34/><E25/><V21/><F21/><W81/><G42/><T72/><D39/><U102/><E24/><V109/><F109/><W100/><G111/><T56/><D2/><U20/><E20/><V73/><F73/><W110/><G110/><T8/><D72/><U134/><E75/><V40/><F40/><W93/><G43/><T77/><D8/><U59/><E74/><RYUUKYOKU ba="0,1" sc="191,-10,211,-10,259,30,329,-10" hai2="28,29,60,62,63,64,67,83,85,90,97,103,105" /><INIT seed="2,1,1,3,4,28" ten="181,201,289,319" oya="2" hai0="100,114,121,5,124,43,13,50,57,119,73,122,128" hai1="64,49,58,54,68,34,87,35,75,103,79,23,14" hai2="66,22,96,2,84,25,16,65,120,45,11,18,89" hai3="10,109,27,72,4,85,36,42,135,67,53,110,104"/><V30/><F120/><N who="0" m="46186" /><D73/><U113/><E113/><V55/><F96/><W47/><G72/><T127/><D100/><U17/><E75/><V40/><F55/><W115/><G115/><T19/><D5/><U82/><REACH who="1" step="1"/><E103/><REACH who="1" ten="181,191,289,319" step="2"/><V111/><F111/><N who="3" m="42507" /><G104/><T70/><D114/><U91/><E91/><V123/><F123/><W32/><G135/><T101/><D101/><U108/><E108/><V38/><F18/><W99/><G4/><T126/><D19/><U44/><E44/><V21/><F11/><W62/><G10/><T0/><D119/><U76/><E76/><V94/><REACH who="2" step="1"/><F2/><REACH who="2" ten="181,191,279,319" step="2"/><W12/><G99/><T98/><D0/><U97/><E97/><V61/><F61/><AGARI ba="1,3" hai="14,17,23,34,35,49,54,58,61,64,68,79,82,87" machi="61" ten="40,5200,0" yaku="1,1,52,2,53,0" doraHai="28" doraHaiUra="86" who="1" fromWho="2" sc="181,0,191,85,279,-55,319,0" /><INIT seed="3,0,0,5,4,35" ten="181,276,224,319" oya="3" hai0="79,4,117,62,135,17,65,29,5,123,38,50,46" hai1="48,82,78,125,36,87,108,43,1,40,56,129,133" hai2="118,91,134,98,41,15,126,11,72,21,57,110,92" hai3="94,44,9,3,76,69,97,101,39,53,100,20,83"/><W124/><G69/><T63/><D38/><U99/><E36/><V111/><F118/><W77/><G124/><T80/><D117/><U88/><E125/><V45/><F126/><W128/><G128/><T85/><D123/><U47/><E129/><V102/><F72/><W122/><G122/><T14/><D29/><U24/><E108/><V73/><F73/><W70/><G70/><T2/><D2/><U86/><E133/><V103/><F57/><W105/><G20/><T67/><D62/><U106/><E43/><V112/><F112/><W131/><G131/><T93/><D93/><U115/><E115/><V7/><F134/><W114/><G114/><T55/><D65/><U95/><E106/><V104/><F21/><W132/><G83/><T0/><D0/><U25/><E1/><V54/><F54/><W6/><G132/><T120/><D120/><U64/><REACH who="1" step="1"/><E99/><REACH who="1" ten="181,266,224,319" step="2"/><V89/><F111/><W52/><G105/><T61/><D135/><U121/><E121/><V8/><F110/><W119/><G119/><T71/><REACH who="0" step="1"/><D61/><AGARI ba="0,1" hai="24,25,40,47,48,56,61,64,78,82,86,87,88,95" machi="61" ten="40,8000,1" yaku="1,1,8,1,54,1,53,1" doraHai="35" doraHaiUra="58" who="1" fromWho="0" sc="181,-80,266,90,224,0,319,0" /><INIT seed="4,0,0,1,1,16" ten="101,356,224,319" oya="0" hai0="83,127,122,69,116,108,107,88,31,128,99,15,119" hai1="44,47,94,20,95,53,24,35,63,32,22,84,29" hai2="33,74,79,40,56,124,37,0,60,30,50,126,91" hai3="5,66,110,77,129,97,90,72,45,93,113,98,104"/><T123/><D69/><U4/><E4/><V125/><F0/><W42/><G110/><T1/><D1/><U21/><E35/><V62/><F91/><W9/><G113/><T135/><D31/><U65/><E53/><N who="2" m="31799" /><F79/><W89/><G129/><T49/><D49/><U34/><E34/><V36/><F74/><W54/><G66/><T48/><D48/><U92/><REACH who="1" step="1"/><E84/><REACH who="1" ten="101,346,224,319" step="2"/><V14/><F33/><W17/><G5/><T25/><D108/><U38/><E38/><V43/><F30/><W39/><G39/><N who="2" m="14921" /><F14/><W106/><G72/><T105/><D15/><U61/><E61/><AGARI ba="0,1" hai="40,43,60,61,62,124,125,126" m="14921,31799" machi="61" ten="40,5200,0" yaku="18,1,34,2" doraHai="16" who="2" fromWho="1" sc="101,0,346,-52,224,62,319,0" /><INIT seed="5,0,0,1,0,114" ten="101,294,286,319" oya="1" hai0="130,80,51,99,62,104,135,33,68,10,122,26,83" hai1="27,24,43,133,53,16,98,90,119,86,35,110,4" hai2="3,13,9,25,64,46,100,15,77,40,28,132,19" hai3="2,39,59,111,61,78,117,112,87,92,34,31,50"/><U0/><E119/><V108/><F108/><W116/><G111/><T120/><D135/><U32/><E110/><V109/><F109/><W49/><G39/><T58/><D68/><U84/><E133/><V29/><F132/><W66/><G2/><T105/><D130/><U56/><E43/><V60/><F3/><W71/><G112/><T82/><D51/><U103/><E4/><V11/><F77/><W14/><G34/><T12/><D33/><U129/><E0/><V5/><F100/><W17/><G31/><T73/><D26/><U6/><E6/><V94/><F94/><W57/><G49/><T48/><D48/><U96/><E129/><V76/><F76/><W44/><G78/><T91/><D73/><U55/><E56/><V22/><F40/><W69/><G69/><T127/><D127/><U113/><E113/><V30/><REACH who="2" step="1"/><F46/><REACH who="2" ten="101,294,276,319" step="2"/><W38/><G44/><T106/><D91/><U20/><E90/><V85/><F85/><W54/><G87/><T42/><D42/><U126/><E103/><V8/><F8/><W124/><G92/><T47/><D47/><U37/><E126/><V63/><F63/><W74/><G124/><T95/><D95/><U7/><E86/><V134/><F134/><W89/><G89/><T102/><D102/><U21/><E84/><V36/><F36/><W125/><G38/><T75/><D75/><U45/><E37/><V93/><F93/><W81/><G125/><T79/><D79/><U107/><E45/><V97/><F97/><W123/><G74/><T1/><D1/><U121/><E98/><V72/><F72/><RYUUKYOKU ba="0,1" sc="101,-10,294,-10,276,30,319,-10" hai2="5,9,11,13,15,19,22,25,28,29,30,60,64" /><INIT seed="6,1,1,4,3,19" ten="91,284,306,309" oya="2" hai0="36,3,48,43,26,101,56,134,30,42,111,86,31" hai1="95,63,72,27,1,60,34,92,84,129,113,102,22" hai2="61,9,12,46,45,57,66,107,130,91,25,10,87" hai3="65,29,32,112,99,132,121,52,123,23,93,135,4"/><V24/><F107/><W13/><G65/><T127/><D111/><U28/><E1/><V21/><F130/><W64/><G64/><T68/><D68/><U119/><E72/><V75/><F75/><W82/><G82/><T41/><D3/><U133/><E119/><V126/><F126/><W114/><G32/><T122/><D127/><U51/><E133/><N who="3" m="51274" /><G52/><T50/><D36/><U79/><E113/><N who="3" m="43626" /><G4/><T128/><D134/><U35/><E129/><V76/><F76/><W108/><G108/><T0/><D0/><U131/><E131/><V54/><F66/><W85/><G85/><T98/><D128/><U16/><E34/><V90/><F87/><W14/><G29/><T69/><D69/><U115/><E115/><V67/><F67/><W120/><G23/><T96/><D122/><U18/><E35/><V2/><F2/><W118/><G118/><T62/><D86/><U124/><E124/><V7/><F10/><W59/><G59/><T109/><D109/><U6/><E6/><V53/><F53/><W40/><G40/><T73/><D73/><U83/><E51/><N who="0" m="19497" /><D26/><U44/><E44/><N who="2" m="17003" /><F25/><W81/><G81/><T117/><D117/><U33/><E33/><V11/><F11/><W80/><G80/><T106/><D96/><N who="1" m="59679" /><E92/><V103/><F24/><W125/><G125/><T88/><D88/><AGARI ba="1,1" hai="13,14,88,93,99,120,121,123" m="43626,51274" machi="88" ten="40,8000,1" yaku="20,1,15,1,11,1,54,1" doraHai="19" who="3" fromWho="0" sc="91,-83,284,0,306,0,309,93" /><INIT seed="7,0,0,2,4,48" ten="8,284,306,402" oya="3" hai0="125,5,56,57,113,60,70,1,69,79,3,120,44" hai1="49,115,39,23,119,0,82,33,85,15,130,98,37" hai2="31,42,111,47,123,105,135,99,7,110,41,34,92" hai3="76,83,53,20,64,67,96,84,103,2,114,26,106"/><W62/><G2/><T112/><D120/><U46/><E0/><N who="0" m="73" /><D5/><U102/><E33/><V45/><F7/><W90/><G114/><N who="0" m="44139" /><D79/><U81/><E130/><V73/><F105/><W134/><G53/><T24/><D44/><U126/><E126/><V93/><F99/><W10/><G10/><T40/><D40/><U65/><E119/><V18/><F34/><W100/><G62/><T132/><D125/><U129/><E129/><V97/><F97/><W87/><G134/><T30/><D132/><U58/><E115/><V19/><F135/><W50/><G50/><T61/><D24/><U128/><E128/><V29/><REACH who="2" step="1"/><F73/><REACH who="2" ten="8,284,296,402" step="2"/><W11/><G96/><T86/><D86/><U95/><E39/><V8/><F8/><W17/><G106/><T122/><D122/><AGARI ba="0,1" hai="18,19,29,31,41,42,45,47,92,93,110,111,122,123" machi="122" ten="25,8000,1" yaku="1,1,22,2,53,2" doraHai="48" doraHaiUra="13" who="2" fromWho="0" sc="8,-80,284,0,296,90,402,0" owari="-72,-57.0,284,-12.0,386,19.0,402,50.0" /></mjloggm>