<mjloggm ver="2.3"><GO type="41" lobby="0"/><UN n0="%E2%93%9D%53%75%70%68%78" n1="%4A%49%4E%32%30%30%30" n2="%59%6F%79%6F%79%6F" n3="%E3%83%95%E3%83%A6%E3%82%AB%E3%82%BB%E3%83%84" dan="17,14,14,14" rate="2047.21,1988.06,1996.45,1976.51" sx="M,M,M,M"/><TAIKYOKU oya="0"/><INIT seed="0,0,0,2,0,119" ten="250,250,250,250" oya="0" hai0="68,82,102,54,57,134,8,25,9,22,64,37,2" hai1="113,43,62,124,84,122,85,103,31,44,76,12,90" hai2="74,130,89,55,111,123,10,16,70,101,23,96,29" hai3="128,3,50,49,58,108,121,126,1,18,51,34,72"/><T98/><D134/><U28/><E122/><V104/><F130/><W86/><G34/><T83/><D37/><U117/><E124/><V41/><F111/><W132/><G72/><T17/><D68/><U107/><E117/><V125/><F125/><W36/><G36/><T21/><D64/><U131/><E131/><V5/><F70/><W27/><G126/><T11/><D2/><U115/><E103/><V75/><F41/><W71/><G132/><T69/><D69/><U87/><E76/><V80/><F123/><W60/><G71/><T133/><D22/><U73/><E107/><V38/><F38/><W48/><N who="3" m="12288" /><DORA hai="39" /><W109/><G128/><T97/><D133/><U91/><E73/><V66/><F55/><W32/><G86/><T47/><D47/><U105/><E44/><V110/><F29/><W26/><G121/><T114/><D114/><N who="1" m="43531" /><E105/><V45/><F110/><N who="3" m="42603" /><G27/><T67/><D67/><U19/><E62/><V46/><F66/><N who="3" m="39191" /><G18/><T135/><D135/><U42/><E31/><AGARI ba="0,0" hai="1,3,26,31,32" m="39191,42603,12288" machi="31" ten="50,1600,0" yaku="14,1" doraHai="119,39" who="3" fromWho="1" sc="250,0,250,-16,250,0,250,16" /><INIT seed="1,0,0,2,1,4" ten="250,234,250,266" oya="1" hai0="82,76,120,74,114,34,93,117,111,125,54,102,96" hai1="77,90,132,33,46,42,95,89,118,48,128,92,26" hai2="50,61,7,38,106,15,110,67,23,134,81,126,87" hai3="104,127,130,36,100,68,121,8,135,25,108,85,112"/><U115/><E132/><V56/><F110/><W51/><RYUUKYOKU type="yao9" ba="0,0" sc="250,0,234,0,250,0,266,0" hai3="8,25,36,51,68,85,100,104,108,112,121,127,130,135" /><INIT seed="1,1,0,4,3,54" ten="250,234,250,266" oya="1" hai0="45,104,112,17,47,21,36,7,41,14,27,53,48" hai1="3,18,10,44,114,109,8,95,64,105,63,118,119" hai2="16,25,87,58,134,66,1,2,70,56,72,124,75" hai3="46,101,35,96,28,89,69,11,34,12,125,74,76"/><U6/><E105/><V49/><F70/><W92/><G69/><T78/><D104/><U82/><E114/><V116/><F116/><W62/><G125/><T60/><D112/><U80/><E109/><V84/><F124/><W57/><G46/><T128/><D128/><U52/><E119/><V117/><F117/><W4/><G28/><T98/><D78/><U130/><E130/><V127/><F127/><W129/><G129/><T99/><D7/><U65/><E118/><V32/><F32/><W26/><G26/><T83/><D83/><U86/><E82/><V121/><F121/><W71/><G71/><T122/><D122/><U30/><E95/><V24/><F49/><W132/><G132/><T59/><REACH who="0" step="1"/><D27/><REACH who="0" ten="240,234,250,266" step="2"/><U23/><E30/><V13/><F134/><W19/><G4/><T120/><D120/><U88/><E8/><V135/><F135/><W110/><G110/><T39/><D39/><U107/><E107/><V102/><F13/><W85/><G76/><T133/><D133/><U94/><E80/><V81/><F81/><W126/><G126/><T77/><D77/><U111/><E111/><V108/><F108/><W50/><G74/><T123/><D123/><U38/><E38/><V5/><F5/><W67/><G50/><T90/><D90/><U15/><REACH who="1" step="1"/><E44/><REACH who="1" ten="240,224,250,266" step="2"/><V31/><F31/><W103/><G101/><T20/><D20/><U100/><E100/><V61/><F102/><W115/><G115/><T106/><D106/><AGARI ba="1,2" hai="11,12,19,34,35,57,62,67,85,89,92,96,103,106" machi="106" ten="30,2000,0" yaku="7,1,52,1" doraHai="54" who="3" fromWho="0" sc="240,-23,224,0,250,0,266,43" /><INIT seed="2,0,0,5,2,50" ten="217,224,250,309" oya="2" hai0="39,129,81,57,55,24,10,46,61,35,42,60,74" hai1="118,65,133,62,71,102,38,69,8,90,25,131,53" hai2="114,26,41,124,59,121,75,23,126,30,29,27,97" hai3="14,67,127,3,66,78,19,1,22,87,119,99,36"/><V111/><F75/><W101/><G119/><T5/><D129/><U88/><E38/><V70/><F70/><W92/><G36/><T100/><D100/><U91/><E118/><V54/><F114/><W94/><G127/><T15/><D35/><U107/><E71/><V84/><F121/><W128/><G128/><T4/><D24/><U17/><E131/><V34/><F41/><W96/><G1/><T68/><D5/><U86/><E133/><V80/><F97/><W85/><G3/><T0/><D15/><U49/><E102/><V130/><F130/><W109/><G109/><T48/><REACH who="0" step="1"/><D68/><REACH who="0" ten="207,224,250,309" step="2"/><U40/><E25/><V120/><F120/><W132/><G132/><T9/><D9/><U112/><E107/><V18/><F111/><W122/><G122/><T28/><D28/><U117/><E112/><V52/><F29/><W73/><G101/><T32/><D32/><U89/><E117/><V16/><F18/><W31/><G31/><T108/><D108/><U82/><E17/><V33/><F34/><W125/><G19/><T56/><D56/><U11/><REACH who="1" step="1"/><E40/><REACH who="1" ten="207,214,250,309" step="2"/><V95/><F126/><W115/><G115/><T83/><D83/><U113/><E113/><V2/><F124/><W63/><G125/><T123/><D123/><U47/><AGARI ba="0,2" hai="8,11,47,49,53,62,65,69,82,86,88,89,90,91" machi="47" ten="30,8000,1" yaku="1,1,0,1,52,1,54,1,53,1" doraHai="50" doraHaiUra="44" who="1" fromWho="1" sc="207,-20,214,100,250,-40,309,-20" /><INIT seed="3,0,0,3,0,1" ten="187,314,210,289" oya="3" hai0="37,90,87,112,70,119,58,27,129,52,79,13,47" hai1="88,59,82,22,12,120,20,72,100,86,33,50,98" hai2="91,77,93,99,69,15,118,101,63,134,96,80,89" hai3="25,21,117,39,2,108,68,107,38,95,115,45,42"/><W9/><G107/><T17/><D119/><U124/><E33/><V64/><F134/><W84/><G115/><T126/><D70/><U121/><E124/><V48/><F118/><W102/><G117/><T132/><D129/><U128/><E128/><V104/><F48/><W19/><G68/><T123/><D123/><U111/><E111/><V67/><F67/><W40/><G108/><T11/><D132/><U57/><E72/><V74/><F15/><W83/><G102/><AGARI ba="0,0" hai="63,64,69,74,77,80,89,91,93,96,99,101,102,104" machi="102" ten="30,1000,0" yaku="7,1" doraHai="1" who="2" fromWho="3" sc="187,0,314,0,210,10,289,-10" /><INIT seed="4,0,0,1,4,2" ten="187,314,220,279" oya="0" hai0="3,111,76,98,25,99,80,46,0,77,69,30,27" hai1="96,32,55,33,51,50,113,95,103,92,44,101,7" hai2="31,87,117,79,42,75,40,59,57,26,39,127,63" hai3="21,49,90,43,52,71,56,67,65,122,126,37,19"/><T128/><D69/><U5/><E113/><V135/><F127/><W84/><G126/><T34/><D128/><U16/><E33/><V115/><F135/><W105/><G105/><T116/><D116/><U107/><E32/><V74/><F115/><W1/><G1/><T114/><D114/><U106/><E106/><V129/><F129/><W53/><G122/><T73/><D111/><U23/><E107/><V94/><F117/><W125/><G125/><T81/><D46/><U6/><E51/><V45/><F40/><W134/><G134/><T4/><D27/><U38/><E38/><V130/><F57/><W60/><G67/><T11/><REACH who="0" step="1"/><D3/><REACH who="0" ten="177,314,220,279" step="2"/><U64/><E64/><V47/><F47/><W8/><G53/><T133/><D133/><U72/><E72/><AGARI ba="0,1" hai="0,4,11,25,30,34,72,73,76,77,80,81,98,99" machi="72" ten="30,11600,0" yaku="1,1,7,1,9,1,52,1,53,0" doraHai="2" doraHaiUra="88" who="0" fromWho="1" sc="177,126,314,-116,220,0,279,0" /><INIT seed="4,1,0,5,0,97" ten="303,198,220,279" oya="0" hai0="123,50,95,66,4,72,88,51,41,132,106,36,124" hai1="8,114,3,77,108,128,109,43,122,23,130,48,11" hai2="84,110,111,40,115,44,131,20,7,125,65,76,1" hai3="113,100,19,126,82,38,35,52,56,116,30,12,117"/><T121/><D106/><U34/><E48/><V28/><F65/><W5/><G38/><T86/><D72/><U134/><E43/><V102/><F115/><W53/><G113/><T74/><D74/><U58/><E58/><V9/><F125/><W98/><G126/><T14/><D132/><U92/><E92/><V26/><F131/><N who="1" m="50217" /><E77/><V101/><F111/><N who="1" m="42569" /><E114/><V67/><F110/><W21/><G82/><T62/><D124/><U31/><E122/><V61/><F84/><W29/><G53/><T49/><D36/><U69/><E69/><V71/><F76/><W119/><G5/><T105/><D105/><U45/><E45/><V18/><F28/><W87/><G87/><T33/><D41/><U103/><E103/><V93/><F93/><W75/><G75/><T60/><D60/><U96/><E96/><V54/><F54/><W107/><REACH who="3" step="1"/><G35/><REACH who="3" ten="303,198,220,269" step="2"/><T42/><D33/><U37/><E37/><AGARI ba="1,1" hai="1,7,9,18,20,26,37,40,44,61,67,71,101,102" machi="37" ten="30,3900,0" yaku="7,1,52,2" doraHai="97" who="2" fromWho="1" sc="303,0,198,-42,220,52,269,0" /><INIT seed="5,0,0,5,4,82" ten="303,156,272,269" oya="1" hai0="88,29,44,69,89,0,2,45,120,55,68,94,127" hai1="25,35,90,60,71,58,114,104,83,56,5,3,42" hai2="10,112,40,77,96,36,22,91,1,28,31,30,118" hai3="51,93,54,12,113,130,132,105,64,43,66,129,97"/><U65/><E104/><V63/><F118/><W15/><G113/><T62/><D29/><U70/><E114/><V41/><F112/><W20/><G105/><T133/><D133/><U111/><E111/><V6/><F77/><W13/><G132/><T8/><D127/><U17/><E35/><V34/><F34/><W61/><G43/><T19/><D120/><U125/><E125/><V72/><F72/><W110/><G110/><T59/><D89/><U98/><E42/><V78/><F78/><W84/><G20/><T50/><D45/><U117/><E117/><V38/><F38/><W87/><G66/><T52/><D19/><U26/><E5/><V49/><F36/><W9/><G9/><T106/><D106/><U101/><E3/><V108/><F108/><W135/><G135/><T80/><D80/><U14/><E71/><V48/><F63/><W99/><G99/><T119/><D119/><U131/><E131/><N who="3" m="50186" /><G64/><T124/><D124/><U73/><E101/><V74/><F74/><W33/><G61/><T128/><D128/><U116/><E116/><V81/><F22/><W53/><G33/><T47/><D47/><U67/><E73/><V37/><F37/><W100/><G54/><T21/><D21/><N who="1" m="11447" /><E67/><V134/><F134/><W115/><G115/><T92/><D69/><U103/><E103/><V122/><F122/><W86/><G53/><T27/><D68/><U32/><E32/><V79/><F40/><W24/><G24/><N who="1" m="9322" /><E98/><V18/><F41/><W46/><G46/><T102/><D44/><U126/><E126/><V85/><F18/><W123/><G123/><RYUUKYOKU ba="0,0" sc="303,-30,156,10,272,10,269,10" hai1="56,58,60,65,70,83,90" hai2="1,6,10,28,30,31,48,49,79,81,85,91,96" hai3="12,13,15,51,84,86,87,93,97,100" /><INIT seed="5,1,0,5,5,51" ten="273,166,282,279" oya="1" hai0="53,1,128,79,45,43,20,80,104,37,81,68,32" hai1="16,76,133,122,90,91,99,12,135,7,66,75,102" hai2="71,3,24,119,40,21,35,14,29,101,23,55,27" hai3="36,89,49,42,64,61,30,113,95,46,47,112,26"/><U121/><E7/><V10/><F119/><W54/><G89/><N who="1" m="33802" /><E66/><V59/><F71/><N who="3" m="42383" /><G95/><T124/><D32/><U98/><E12/><V15/><F3/><W106/><G106/><T70/><D81/><N who="1" m="45215" /><E16/><V134/><F40/><N who="3" m="22791" /><G26/><T97/><D70/><U9/><E9/><V44/><F44/><N who="3" m="27943" /><G30/><T103/><D68/><U19/><E19/><V114/><F15/><W48/><AGARI ba="1,0" hai="42,47,48,112,113" m="27943,22791,42383" machi="48" ten="30,4000,0" yaku="34,2,52,1" doraHai="51" who="3" fromWho="3" sc="273,-11,166,-21,282,-11,279,43" /><INIT seed="6,0,0,4,2,53" ten="262,145,271,322" oya="2" hai0="76,94,126,74,103,34,130,118,107,88,3,41,129" hai1="1,32,77,40,80,49,46,132,115,73,82,131,54" hai2="52,96,20,39,0,104,124,35,44,51,71,5,114" hai3="31,14,18,121,105,47,55,42,110,28,43,26,64"/><V68/><F35/><W99/><G105/><T128/><D3/><U102/><E132/><V21/><F39/><W119/><G119/><T127/><D41/><U61/><E131/><V36/><F36/><W125/><G110/><T65/><D65/><U33/><E115/><V106/><F114/><W69/><G121/><T10/><D10/><U123/><E123/><V84/><F71/><W50/><G125/><N who="0" m="47627" /><D34/><U30/><E1/><V66/><F124/><W86/><G86/><N who="0" m="52503" /><D118/><U22/><E102/><V56/><F68/><W4/><G4/><T57/><D57/><U135/><E82/><V58/><F0/><W79/><G79/><T24/><D24/><U81/><E80/><V2/><F106/><W29/><G99/><N who="0" m="61951" /><D76/><U75/><E135/><V112/><F112/><W95/><G26/><T111/><D74/><U134/><E134/><V48/><F66/><W67/><G69/><T100/><D100/><U12/><E75/><V7/><F2/><W45/><G95/><T87/><D87/><U11/><E22/><N who="2" m="8811" /><F104/><W120/><G120/><T59/><D59/><N who="2" m="22570" /><F84/><W16/><G14/><T72/><D72/><U9/><E33/><V90/><F48/><N who="3" m="26679" /><G43/><T97/><D97/><U85/><E32/><V27/><F27/><W19/><AGARI ba="0,0" hai="16,18,19,28,29,31,47,50,55,64,67" m="26679" machi="19" ten="30,2000,0" yaku="8,1,54,1" doraHai="53" who="3" fromWho="3" sc="262,-5,145,-5,271,-10,322,20" /><INIT seed="7,0,0,0,2,84" ten="257,140,261,342" oya="3" hai0="121,41,4,68,23,106,25,70,48,3,39,52,78" hai1="13,123,97,69,92,116,49,127,2,38,32,20,101" hai2="33,110,129,83,114,93,36,65,118,126,16,107,75" hai3="31,15,80,26,51,44,100,11,109,103,53,87,90"/><W14/><G109/><T22/><D106/><U6/><E38/><V79/><RYUUKYOKU type="yao9" ba="0,0" sc="257,0,140,0,261,0,342,0" hai2="16,33,36,65,75,79,83,93,107,110,114,118,126,129" /><INIT seed="7,1,0,3,1,110" ten="257,140,261,342" oya="3" hai0="47,1,127,92,56,68,98,87,79,89,67,51,128" hai1="64,115,118,111,2,28,27,109,132,99,15,94,90" hai2="116,135,25,40,112,5,83,33,80,74,16,88,12" hai3="50,59,119,4,95,123,42,45,0,9,13,61,97"/><W100/><G123/><T17/><D68/><U81/><E2/><V82/><F116/><W62/><G119/><T14/><D127/><U3/><E3/><V91/><F135/><W52/><G0/><T24/><D128/><U35/><E118/><V93/><F5/><W72/><G72/><T75/><D75/><U107/><E132/><V78/><F40/><W69/><G69/><T20/><D1/><U7/><E111/><V36/><F36/><AGARI ba="1,0" hai="4,9,13,36,42,45,50,52,59,61,62,95,97,100" machi="36" ten="30,2900,0" yaku="7,1,54,1" doraHai="110" who="3" fromWho="2" sc="257,0,140,0,261,-32,342,32" owari="257,6.0,140,-36.0,229,-17.0,374,47.0" /></mjloggm>