<mjloggm ver="2.3"><GO type="41" lobby="0"/><UN n0="%E3%81%97%E3%82%8D%E3%83%8D%E3%82%B3" n1="%74%6B%74%6B%75%64%6F%6E" n2="%6D%65%6E%67%78%69%6E%78" n3="%E2%93%9D%53%75%70%68%78" dan="15,14,14,17" rate="1930.82,1952.69,1930.88,2032.29" sx="M,M,M,M"/><TAIKYOKU oya="0"/><INIT seed="0,0,0,2,0,125" ten="250,250,250,250" oya="0" hai0="84,33,38,109,95,112,135,46,126,39,93,86,89" hai1="99,47,17,120,85,53,116,69,104,65,108,130,100" hai2="36,117,26,35,76,2,81,123,88,90,6,72,91" hai3="113,40,31,18,114,3,48,57,115,25,56,41,15"/><T118/><D33/><U55/><E120/><V102/><F123/><W74/><G3/><T77/><D126/><U61/><E116/><V24/><F117/><W63/><G74/><T50/><D118/><U131/><E108/><V66/><F102/><W37/><G37/><T128/><D112/><U4/><E4/><V73/><F73/><W129/><G129/><N who="1" m="49162" /><E47/><V68/><F35/><W58/><G63/><T52/><D128/><U132/><E132/><V75/><F75/><W94/><G94/><T122/><D122/><U23/><E85/><V42/><F66/><W124/><G124/><T16/><D135/><U5/><E5/><V83/><F83/><W110/><G110/><T20/><D109/><U62/><E62/><V133/><F68/><W78/><G115/><T1/><D1/><U127/><E127/><V103/><F103/><W28/><G114/><T13/><D77/><U106/><E106/><V8/><F133/><W14/><G78/><T107/><D107/><U134/><E134/><V101/><F101/><W27/><G113/><T71/><D71/><U43/><E43/><V11/><F11/><W97/><G41/><T9/><D9/><U87/><E87/><V44/><AGARI ba="0,0" hai="2,6,8,24,26,36,42,44,72,76,81,88,90,91" machi="44" ten="30,7900,0" yaku="0,1,25,2,54,1" doraHai="125" who="2" fromWho="2" sc="250,-39,250,-20,250,79,250,-20" /><INIT seed="1,0,0,0,4,104" ten="211,230,329,230" oya="1" hai0="32,18,16,12,82,133,27,53,22,3,58,119,121" hai1="128,46,67,95,106,75,112,57,118,99,14,94,122" hai2="39,33,26,105,86,108,43,44,52,45,92,129,54" hai3="35,31,9,60,24,91,131,101,73,15,8,71,20"/><U13/><E122/><V40/><F105/><W61/><G131/><T42/><D121/><U80/><E118/><V72/><F129/><W69/><G101/><T76/><D119/><U66/><E128/><V111/><F72/><W89/><G35/><T97/><D32/><U10/><E112/><V90/><F26/><W47/><G47/><T6/><D42/><U30/><E106/><V28/><F28/><W79/><G79/><T113/><D133/><U1/><E1/><V11/><F11/><W77/><G77/><T107/><D107/><U84/><E30/><V49/><REACH who="2" step="1"/><F33/><REACH who="2" ten="211,230,319,230" step="2"/><W132/><G9/><T135/><D135/><U125/><E75/><V23/><F23/><W110/><G132/><T74/><D113/><U41/><E14/><V50/><F50/><W55/><G15/><T88/><D3/><U116/><E116/><V56/><F56/><W21/><G8/><T34/><D6/><U62/><E125/><V19/><F19/><W114/><G31/><T83/><D18/><U64/><E13/><V100/><F100/><W93/><G24/><T130/><D130/><U37/><E10/><V120/><F120/><W134/><G134/><T68/><D68/><U115/><E115/><V0/><F0/><W124/><G114/><T5/><D34/><U85/><E85/><V123/><F123/><W4/><G73/><T103/><D103/><U2/><E2/><V87/><F87/><W127/><G4/><T98/><D5/><U7/><E7/><V65/><F65/><N who="1" m="25193" /><E99/><V48/><F48/><W51/><G127/><T25/><D98/><U70/><E57/><RYUUKYOKU ba="0,1" sc="211,-15,230,15,319,15,230,-15" hai1="37,41,46,62,67,70,80,84,94,95" hai2="39,40,43,44,45,49,52,54,86,90,92,108,111" /><INIT seed="1,1,1,2,5,73" ten="196,245,334,215" oya="1" hai0="107,20,93,42,124,128,37,89,70,77,30,103,31" hai1="59,25,45,49,104,64,17,110,127,2,6,16,32" hai2="95,66,15,67,117,75,26,11,123,87,135,46,29" hai3="101,13,47,102,9,12,40,108,83,44,98,114,68"/><U125/><E104/><V90/><F117/><W58/><G68/><T3/><D70/><U115/><E115/><V52/><F123/><W84/><G108/><T27/><D128/><U99/><E110/><V53/><F75/><W61/><G114/><T88/><D3/><U74/><E74/><V39/><F135/><W10/><G98/><T112/><D107/><U121/><E121/><V60/><F39/><W109/><G109/><T55/><D112/><U106/><E2/><V28/><F46/><N who="3" m="17451" /><G40/><T78/><D42/><U86/><E6/><V54/><F60/><W130/><G130/><T41/><D41/><N who="1" m="24751" /><E99/><V76/><F76/><N who="0" m="29290" /><D37/><U21/><E106/><V85/><F85/><W113/><G113/><T34/><D34/><U33/><E86/><V79/><F79/><N who="3" m="46207" /><G13/><T116/><D116/><U43/><E43/><V8/><F26/><W65/><G10/><N who="2" m="3625" /><F15/><W14/><G14/><T50/><D124/><N who="1" m="47691" /><E17/><AGARI ba="1,1" hai="9,12,17,58,61,65,101,102" m="46207,17451" machi="17" ten="30,2000,0" yaku="8,1,52,1" doraHai="73" who="3" fromWho="1" sc="196,0,245,-23,334,0,215,33" /><INIT seed="2,0,0,5,2,1" ten="196,222,334,248" oya="2" hai0="95,89,43,6,127,29,11,41,106,16,102,20,5" hai1="91,57,2,117,124,62,45,4,19,64,37,85,22" hai2="81,17,63,92,107,55,33,96,122,80,115,53,70" hai3="15,47,69,103,40,46,88,110,133,12,83,118,121"/><V128/><F115/><W34/><G118/><T75/><D106/><U125/><E117/><V82/><F122/><W44/><G121/><T126/><D75/><U26/><E45/><V72/><F107/><W0/><G0/><T66/><D102/><U76/><E76/><V120/><F33/><W49/><G69/><T116/><D66/><U104/><E37/><V129/><F72/><W8/><G34/><T97/><D116/><U135/><E135/><V54/><F120/><W114/><G110/><T58/><D58/><U18/><E18/><V48/><F17/><W14/><G103/><T99/><D97/><U79/><E79/><V87/><F87/><N who="3" m="50303" /><G133/><T50/><D29/><U111/><E111/><V98/><F98/><W84/><G114/><T134/><D11/><U23/><E23/><V24/><F24/><W132/><G132/><T52/><D134/><U112/><E104/><V36/><F36/><W119/><G119/><T9/><D9/><U27/><E27/><V90/><F70/><W68/><G68/><T78/><D78/><U31/><E31/><V60/><REACH who="2" step="1"/><F48/><REACH who="2" ten="196,222,324,248" step="2"/><W94/><G49/><T25/><D127/><U13/><E112/><V30/><F30/><W77/><G40/><T100/><D126/><U123/><E123/><V130/><AGARI ba="0,1" hai="53,54,55,60,63,80,81,82,90,92,96,128,129,130" machi="130" ten="40,12000,1" yaku="1,1,0,1,29,2,19,1,53,0" doraHai="1" doraHaiUra="71" who="2" fromWho="2" sc="196,-40,222,-40,324,130,248,-40" /><INIT seed="2,1,0,3,1,94" ten="156,182,454,208" oya="2" hai0="109,38,19,89,25,75,1,64,123,73,9,35,87" hai1="4,37,102,80,119,120,10,121,12,110,65,99,103" hai2="90,77,36,50,33,30,98,48,93,23,112,84,53" hai3="24,124,117,96,135,13,32,127,68,132,54,85,39"/><V22/><F112/><W76/><G39/><T26/><D38/><U44/><E110/><V43/><F33/><W101/><G13/><T134/><D109/><U66/><E119/><V0/><F0/><W69/><G54/><T58/><D123/><U130/><E130/><V41/><F36/><W21/><G85/><T62/><D134/><N who="3" m="51241" /><G76/><T106/><D106/><U78/><E103/><N who="2" m="60879" /><F77/><W31/><G21/><N who="2" m="7689" /><F30/><W51/><G51/><N who="2" m="19497" /><F53/><W116/><G116/><T34/><D1/><U111/><E111/><V27/><F27/><W16/><G117/><T5/><D34/><U97/><E102/><V71/><F71/><N who="3" m="27211" /><G16/><T59/><D19/><U104/><E104/><AGARI ba="1,0" hai="24,31,32,96,101,104,124,127" m="27211,51241" machi="104" ten="30,3900,0" yaku="20,1,23,1,52,1" doraHai="94" who="3" fromWho="1" sc="156,0,182,-42,454,0,208,42" /><INIT seed="3,0,0,0,2,114" ten="156,140,454,250" oya="3" hai0="1,25,115,14,94,92,69,105,51,98,35,82,4" hai1="90,134,31,28,16,119,110,52,121,122,46,125,56" hai2="78,112,8,81,123,40,48,24,117,130,2,79,108" hai3="100,12,80,29,73,36,60,54,9,27,131,126,43"/><W96/><G126/><T17/><D69/><U5/><E125/><V58/><F112/><W72/><G131/><T91/><D115/><U107/><E107/><V15/><F108/><W7/><G43/><T64/><D105/><U103/><E103/><V86/><F2/><W50/><G36/><T61/><D51/><U32/><E5/><V47/><F123/><W116/><G60/><T21/><D82/><U95/><E32/><V3/><F3/><W70/><G116/><T89/><D35/><U113/><E113/><V97/><F117/><W34/><G80/><T128/><D1/><U74/><E110/><V13/><F24/><W77/><G77/><T88/><D128/><U93/><E74/><V10/><F97/><W75/><G70/><T106/><D106/><U39/><E119/><V133/><F133/><W41/><G41/><T23/><D4/><U76/><E76/><V38/><F79/><W63/><G63/><T11/><D11/><U67/><E134/><V127/><F130/><W44/><REACH who="3" step="1"/><G75/><REACH who="3" ten="156,140,454,240" step="2"/><T109/><D109/><U53/><E39/><V0/><F38/><W124/><G124/><T33/><D61/><U18/><E122/><V68/><F127/><W42/><G42/><T101/><D64/><U45/><E121/><V66/><F66/><W62/><G62/><T135/><D135/><U102/><E67/><V57/><F68/><W85/><G85/><T59/><D59/><U65/><E65/><V129/><F78/><W20/><G20/><T30/><D33/><U26/><E56/><V84/><F58/><W71/><G71/><T49/><D49/><RYUUKYOKU ba="0,1" sc="156,15,140,-15,454,-15,240,15" hai0="14,17,21,23,25,30,88,89,91,92,94,98,101" hai3="7,9,12,27,29,34,44,50,54,72,73,96,100" /><INIT seed="3,1,1,5,2,71" ten="171,125,439,255" oya="3" hai0="18,66,9,32,78,26,35,81,128,75,38,57,88" hai1="110,50,5,133,13,114,60,86,0,115,42,119,65" hai2="122,30,16,97,77,20,117,121,34,130,92,99,101" hai3="25,68,72,64,7,23,1,45,109,135,89,10,54"/><W67/><G72/><T19/><D128/><U94/><E110/><V59/><F117/><W95/><G135/><T14/><D38/><U74/><E74/><V107/><F77/><W33/><G33/><T131/><D131/><U132/><E0/><V104/><F59/><W118/><G118/><T47/><D47/><N who="1" m="25975" /><E13/><N who="2" m="9231" /><F130/><W69/><G109/><T3/><D19/><U96/><E5/><V84/><F84/><W21/><G69/><T90/><D3/><U127/><E86/><V56/><F56/><W29/><G68/><T102/><D102/><U98/><E119/><V44/><F44/><W134/><G134/><N who="1" m="51818" /><E127/><V83/><F83/><W63/><G7/><T62/><D35/><U70/><E96/><V123/><F99/><W116/><G1/><T6/><D32/><U111/><E111/><V85/><F85/><W100/><G116/><T39/><REACH who="0" step="1"/><D39/><REACH who="0" ten="161,125,439,255" step="2"/><U43/><E43/><V87/><F87/><W80/><G80/><T53/><D53/><U4/><E4/><V2/><F2/><W49/><G54/><T106/><D106/><U126/><E126/><V93/><F107/><W113/><G45/><T17/><D17/><U51/><E98/><V28/><F34/><W55/><G55/><T124/><D124/><U36/><E36/><V24/><F104/><W58/><G100/><T31/><D31/><U48/><E94/><N who="2" m="58551" /><F30/><W129/><G29/><T41/><D41/><U15/><E15/><V105/><F105/><W82/><G129/><T46/><D46/><U125/><E125/><V79/><F79/><W52/><G95/><T73/><D73/><U37/><E37/><RYUUKYOKU ba="1,2" sc="161,10,125,10,439,10,255,-30" hai0="6,9,14,18,26,57,62,66,75,78,81,88,90" hai1="48,51,60,65,70,114,115" hai2="24,28,92,93,121,122,123" /><INIT seed="4,2,2,1,0,88" ten="171,135,449,225" oya="0" hai0="134,70,33,21,9,84,49,53,122,132,31,86,19" hai1="34,6,131,29,106,135,17,76,125,92,18,109,69" hai2="60,4,87,83,112,94,52,45,59,15,22,90,16" hai3="23,50,114,56,118,0,41,14,11,32,58,3,55"/><T120/><D70/><U85/><E106/><V57/><F112/><W126/><G32/><T48/><D9/><U25/><E69/><V1/><F1/><W71/><G71/><T93/><D31/><U65/><E65/><V63/><F4/><W37/><G126/><T43/><D33/><U36/><E109/><V62/><F83/><W8/><G118/><T124/><D43/><U13/><E36/><V26/><F26/><W82/><G114/><T97/><D124/><U91/><E125/><V101/><F101/><W35/><G35/><T116/><D116/><U66/><E66/><V99/><F99/><W121/><G121/><T89/><D49/><AGARI ba="2,2" hai="15,16,22,45,49,52,57,59,60,62,63,87,90,94" machi="49" ten="40,8000,1" yaku="8,1,52,1,54,2" doraHai="88" who="2" fromWho="0" sc="171,-86,135,0,449,106,225,0" /><INIT seed="5,0,0,3,3,118" ten="85,135,555,225" oya="1" hai0="5,123,52,30,25,12,45,103,113,2,102,77,21" hai1="43,17,38,46,16,72,14,87,58,62,33,106,19" hai2="57,55,94,133,125,80,28,60,114,107,111,131,22" hai3="89,82,23,95,7,49,81,74,59,124,78,128,117"/><U47/><E106/><V61/><F111/><W31/><G128/><T71/><D71/><U127/><E33/><V8/><F107/><W86/><G124/><T63/><D77/><U66/><E72/><V44/><F125/><W112/><G112/><T101/><D113/><U53/><E127/><V130/><F114/><W64/><G7/><T110/><D110/><U73/><E73/><V18/><F133/><W70/><G70/><T134/><D2/><U109/><E109/><V20/><F44/><W9/><G9/><T119/><D134/><U91/><E47/><V79/><F8/><W27/><G117/><T32/><D119/><U93/><REACH who="1" step="1"/><E66/><REACH who="1" ten="85,125,555,225" step="2"/><V13/><F130/><W6/><G64/><T116/><D116/><U92/><E92/><V15/><F94/><W108/><G108/><T120/><D32/><U68/><E68/><V3/><F131/><W24/><G95/><T104/><D104/><U122/><E122/><V41/><F80/><W115/><G115/><T126/><D126/><U76/><E76/><V42/><F79/><W90/><G82/><T105/><D105/><U65/><E65/><V85/><F57/><W56/><G56/><N who="0" m="35207" /><D45/><U75/><E75/><V135/><F135/><W98/><G74/><T11/><D103/><U50/><E50/><V51/><F51/><W40/><G78/><T121/><AGARI ba="0,1" hai="5,11,12,21,25,30,101,102,120,121,123" m="35207" machi="121" ten="30,8000,1" yaku="13,1,52,3,54,1" doraHai="118" who="0" fromWho="0" sc="85,90,125,-40,555,-20,225,-20" /><INIT seed="6,0,0,0,1,101" ten="175,85,535,205" oya="2" hai0="32,33,110,103,115,15,89,114,0,128,130,54,49" hai1="120,99,3,96,77,35,121,24,42,126,102,134,55" hai2="91,16,19,129,11,43,68,71,23,117,9,20,67" hai3="30,93,122,57,86,26,60,107,66,84,124,22,85"/><V75/><F117/><W47/><G124/><T112/><D0/><U45/><E3/><V65/><F43/><W59/><G107/><T40/><D15/><U17/><E126/><V74/><REACH who="2" step="1"/><F91/><REACH who="2" ten="175,85,525,205" step="2"/><W90/><G122/><T133/><D89/><U104/><E121/><V38/><F38/><W79/><G79/><T44/><D103/><U87/><E120/><V82/><F82/><W53/><G47/><T61/><D133/><U12/><E134/><V116/><F116/><W100/><G100/><T97/><D110/><U29/><E42/><V80/><F80/><W27/><G27/><T76/><D76/><U135/><E135/><V37/><F37/><W95/><G90/><T8/><D112/><U72/><E45/><V18/><F18/><W105/><G105/><T111/><D114/><U64/><E104/><V34/><F34/><W28/><G28/><T62/><D115/><U70/><E102/><V81/><F81/><W41/><G41/><T10/><D111/><U46/><E46/><V69/><F69/><W92/><G92/><T109/><D109/><U123/><E123/><V6/><F6/><W13/><G95/><T108/><D108/><U5/><E5/><V48/><F48/><N who="3" m="30887" /><G93/><T39/><D40/><U14/><E35/><V21/><F21/><W119/><G119/><T83/><D39/><U63/><E70/><V131/><AGARI ba="0,1" hai="9,11,16,19,20,23,65,67,68,71,74,75,129,131" machi="131" ten="25,18000,2" yaku="1,1,0,1,22,2,54,1,53,2" doraHai="101" doraHaiUra="127" who="2" fromWho="2" sc="175,-60,85,-60,525,190,205,-60" /><INIT seed="6,1,0,1,1,88" ten="115,25,715,145" oya="2" hai0="52,34,120,19,118,104,59,57,53,35,99,134,16" hai1="72,109,37,1,26,28,97,69,33,39,78,7,29" hai2="125,127,81,132,130,27,92,119,66,96,114,3,55" hai3="2,23,42,0,63,31,15,85,86,115,47,46,12"/><V22/><F119/><W60/><G23/><T83/><D120/><U45/><E109/><V89/><F3/><W126/><G31/><T11/><D134/><U106/><E29/><V75/><F132/><W54/><G54/><T48/><D83/><U73/><E78/><V129/><F114/><W51/><G51/><T4/><D104/><U61/><E45/><V10/><F10/><W76/><G76/><T87/><D87/><U108/><E108/><V131/><F66/><W6/><G6/><T25/><D99/><U133/><E133/><V123/><F123/><W5/><G5/><T64/><D64/><N who="1" m="41103" /><E7/><V38/><F38/><N who="1" m="14345" /><E1/><V49/><F75/><W77/><G77/><T50/><D118/><U135/><E135/><V67/><F67/><W122/><G122/><T32/><REACH who="0" step="1"/><D25/><REACH who="0" ten="105,25,715,145" step="2"/><U82/><E82/><V90/><F81/><W43/><G115/><T71/><D71/><U74/><E74/><V110/><F110/><W100/><G86/><T91/><D91/><U124/><E124/><V111/><F111/><W112/><G112/><T44/><D44/><U121/><E121/><V102/><F127/><W18/><G126/><T8/><D8/><U65/><E65/><V68/><F125/><W24/><G47/><T94/><D94/><U95/><E95/><V36/><F68/><W17/><G46/><T103/><D103/><AGARI ba="1,1" hai="26,28,33,72,73,97,103,106" m="14345,41103" machi="103" ten="30,3900,0" yaku="25,1,33,2" doraHai="88" who="1" fromWho="0" sc="105,-42,25,52,715,0,145,0" /><INIT seed="7,0,0,1,1,100" ten="63,77,715,145" oya="3" hai0="66,31,38,124,113,90,107,68,22,84,114,30,47" hai1="10,102,104,7,45,105,42,54,74,60,25,125,15" hai2="91,59,95,111,4,77,13,26,21,94,1,131,5" hai3="12,35,56,33,81,93,14,29,32,23,71,129,78"/><W135/><G71/><T118/><D47/><U122/><E122/><V96/><F111/><W128/><G93/><T119/><D38/><U85/><E74/><V61/><F1/><W51/><G56/><T92/><D22/><U50/><E102/><N who="2" m="60695" /><F131/><W52/><G135/><T24/><D24/><U83/><E125/><V126/><F77/><W134/><G134/><T37/><D37/><U3/><E3/><V27/><F126/><W75/><G29/><T41/><D41/><U117/><E117/><N who="0" m="44553" /><D124/><U17/><E17/><N who="2" m="12591" /><F13/><W53/><G14/><T65/><D107/><U2/><E2/><V108/><F108/><W0/><G0/><T82/><D82/><U62/><E25/><V98/><F27/><W101/><G12/><T99/><D99/><U11/><E11/><V87/><F87/><W19/><G129/><T49/><D49/><U97/><E97/><V76/><F76/><W86/><G51/><T55/><D55/><AGARI ba="0,0" hai="4,5,55,59,61,91,95,98" m="12591,60695" machi="55" ten="30,2000,0" yaku="25,1,8,1" doraHai="100" who="2" fromWho="0" sc="63,-20,77,0,715,20,145,0" owari="43,-46.0,77,-32.0,735,83.0,145,-5.0" /></mjloggm>