<mjloggm ver="2.3"><GO type="41" lobby="0"/><UN n0="%E3%83%A1%E3%83%AB%E3%83%81%E3%82%A7%E3%83%AD" n1="%E2%93%9D%53%75%70%68%78" n2="%37%65%6D%6E" n3="%E3%81%8B%E3%81%84%E3%81%A5%E3%81%8B" dan="14,18,14,15" rate="1978.35,2129.14,1893.05,1968.66" sx="F,M,M,F"/><TAIKYOKU oya="0"/><INIT seed="0,0,0,1,0,118" ten="250,250,250,250" oya="0" hai0="55,20,86,52,16,61,85,101,3,105,63,53,18" hai1="11,58,30,121,122,4,60,12,92,135,29,82,34" hai2="19,14,93,27,38,88,56,100,125,81,134,133,31" hai3="112,7,2,130,24,110,99,70,9,114,8,40,124"/><T66/><D3/><U22/><E92/><V49/><F38/><W129/><G70/><T75/><D75/><U102/><E102/><V78/><F125/><W119/><G40/><T28/><D28/><U120/><E135/><N who="2" m="51723" /><F100/><W68/><G68/><T26/><D18/><U127/><E127/><V43/><F43/><W64/><G64/><T132/><D132/><U37/><E37/><V62/><F49/><W54/><G54/><T47/><D47/><U123/><E34/><N who="2" m="20863" /><F81/><W76/><G124/><T48/><D48/><U51/><E123/><V104/><F78/><W79/><G119/><T0/><D0/><U116/><E116/><V89/><F93/><W45/><G45/><T106/><D63/><U74/><E51/><V5/><F5/><N who="3" m="1079" /><G110/><T59/><REACH who="0" step="1"/><D101/><REACH who="0" ten="240,250,250,250" step="2"/><U39/><E39/><V17/><F17/><W42/><G114/><T35/><D35/><U77/><REACH who="1" step="1"/><E22/><REACH who="1" ten="240,240,250,250" step="2"/><N who="2" m="11639" /><F104/><AGARI ba="0,2" hai="16,20,26,52,53,55,59,61,66,85,86,104,105,106" machi="104" ten="40,7700,0" yaku="1,1,54,2,53,0" doraHai="118" doraHaiUra="36" who="0" fromWho="2" sc="240,97,240,0,250,-77,250,0" /><INIT seed="0,1,0,0,2,1" ten="337,240,173,250" oya="0" hai0="88,110,96,101,90,41,80,89,77,127,95,20,108" hai1="67,124,61,45,55,109,72,27,104,0,65,5,97" hai2="11,78,21,73,75,13,74,19,15,134,35,48,31" hai3="66,130,122,46,26,59,25,99,86,12,2,29,63"/><T30/><D41/><U94/><E72/><V120/><F120/><W87/><G2/><T102/><D30/><U105/><E109/><N who="0" m="42089" /><D20/><U128/><E128/><V9/><F134/><W36/><G130/><T62/><D62/><U129/><E124/><V135/><F135/><W54/><G122/><T38/><D38/><U125/><E125/><V42/><F78/><W22/><G12/><T107/><D127/><U131/><E27/><V64/><F64/><W43/><G26/><T56/><D56/><U50/><E67/><V47/><REACH who="2" step="1"/><F13/><REACH who="2" ten="337,240,163,250" step="2"/><W8/><G66/><T53/><D53/><U81/><E131/><V91/><F91/><N who="0" m="34890" /><D107/><U79/><E105/><V70/><F70/><W40/><G40/><T6/><D6/><U115/><E104/><V16/><F16/><W98/><G8/><T121/><D121/><U76/><E129/><V24/><AGARI ba="1,1" hai="9,11,15,19,21,24,31,35,42,47,48,73,74,75" machi="24" ten="40,5200,0" yaku="1,1,0,1,53,1" doraHai="1" doraHaiUra="14" who="2" fromWho="2" sc="337,-27,240,-14,163,65,250,-14" /><INIT seed="1,0,0,5,1,113" ten="310,226,228,236" oya="1" hai0="94,79,108,23,125,105,102,88,117,104,36,43,5" hai1="122,52,44,3,7,130,73,78,87,12,26,55,33" hai2="93,68,95,92,83,118,0,135,70,75,56,101,134" hai3="66,31,112,121,63,60,91,86,69,35,114,59,17"/><U71/><E122/><V98/><F0/><W8/><G121/><T72/><D23/><U53/><E73/><V111/><F56/><W45/><G35/><T119/><D5/><U127/><E71/><V4/><F4/><W96/><G31/><T84/><D43/><U64/><E130/><V120/><F120/><W76/><G76/><T19/><D19/><U6/><E127/><V39/><F39/><W77/><G77/><T128/><D36/><U22/><E64/><V1/><F1/><W29/><G29/><T132/><D108/><U82/><E3/><V51/><F51/><W61/><G96/><N who="0" m="59671" /><D132/><N who="2" m="50730" /><F70/><W42/><G8/><T116/><D128/><U103/><E103/><V20/><F20/><W38/><G17/><T80/><D125/><U57/><E33/><V24/><F24/><W25/><G25/><T37/><D37/><U99/><E44/><V54/><F54/><N who="1" m="20521" /><E12/><V58/><F58/><W90/><G69/><T13/><D13/><U89/><E26/><V30/><F30/><W32/><G32/><T11/><D11/><U50/><E22/><V106/><F68/><W46/><G46/><T41/><D41/><U85/><E99/><V9/><F9/><W67/><G67/><T49/><D49/><U14/><E14/><V34/><F34/><W126/><G126/><T100/><D100/><U65/><E65/><V40/><F40/><W10/><G10/><T129/><D129/><U107/><E107/><V131/><F131/><W48/><G38/><T97/><D97/><U62/><E50/><V21/><F21/><W47/><G48/><T18/><D18/><RYUUKYOKU ba="0,0" sc="310,15,226,15,228,-15,236,-15" hai0="72,79,80,84,88,104,105,116,117,119" hai1="6,7,53,57,62,78,82,85,87,89" /><INIT seed="1,1,0,5,5,85" ten="325,241,213,221" oya="1" hai0="5,102,22,79,93,68,101,50,40,3,76,33,18" hai1="45,6,7,106,9,132,115,60,15,12,104,56,119" hai2="61,84,83,90,34,124,110,105,134,41,21,46,126" hai3="38,31,116,1,53,127,63,52,51,39,96,65,111"/><U135/><E119/><V48/><F110/><W122/><G111/><T36/><D36/><U14/><E45/><V55/><F134/><N who="1" m="51241" /><E115/><V82/><F34/><W20/><G1/><T13/><D68/><U129/><E129/><V120/><F120/><W97/><G122/><T114/><D114/><U89/><E89/><V47/><F105/><N who="1" m="40553" /><E9/><V77/><F21/><W62/><G20/><T2/><D2/><U118/><E118/><V58/><REACH who="2" step="1"/><F47/><REACH who="2" ten="325,241,203,221" step="2"/><W70/><G116/><T133/><D33/><U80/><E80/><V30/><F30/><W92/><G31/><T74/><D133/><U28/><E28/><V0/><F0/><W64/><G127/><T73/><D3/><U109/><E109/><V44/><F44/><W59/><G70/><T42/><D22/><U91/><E91/><V98/><F98/><W87/><G97/><T88/><D88/><U121/><E121/><V75/><AGARI ba="1,1" hai="41,46,48,55,58,61,75,77,82,83,84,90,124,126" machi="75" ten="30,7900,0" yaku="1,1,0,1,52,1,53,1" doraHai="85" doraHaiUra="86" who="2" fromWho="2" sc="325,-21,241,-40,203,92,221,-21" /><INIT seed="2,0,0,5,1,75" ten="304,201,295,200" oya="2" hai0="38,68,28,121,130,126,55,116,1,110,74,81,48" hai1="100,53,99,27,97,113,58,67,66,18,63,57,59" hai2="94,120,69,4,111,3,77,29,98,25,17,39,47" hai3="71,49,19,37,84,70,128,92,32,108,31,33,34"/><V54/><F120/><W119/><G37/><T87/><RYUUKYOKU type="yao9" ba="0,0" sc="304,0,201,0,295,0,200,0" hai0="1,28,38,48,55,68,74,81,87,110,116,121,126,130" /><INIT seed="2,1,0,1,1,75" ten="304,201,295,200" oya="2" hai0="96,33,84,80,51,25,131,38,7,94,63,125,60" hai1="127,5,1,101,106,41,115,53,118,55,97,52,13" hai2="23,117,123,132,99,10,18,0,91,40,61,22,90" hai3="109,24,21,57,50,30,67,107,15,87,74,11,108"/><V65/><F123/><W69/><G74/><T68/><D38/><U19/><E115/><V121/><F117/><W89/><G69/><T71/><D125/><U88/><E118/><V120/><F132/><W76/><G107/><T135/><D135/><U81/><E41/><V58/><F40/><W27/><G27/><T64/><D7/><U42/><E42/><V8/><F120/><W54/><G67/><T35/><D131/><U31/><E31/><V39/><F39/><W37/><G76/><T129/><D129/><U2/><E5/><V20/><F0/><W85/><G37/><T104/><D104/><U56/><E56/><V73/><F121/><W28/><G28/><T17/><D51/><U12/><E12/><V16/><F73/><W102/><G102/><T49/><D49/><U4/><E4/><V126/><F126/><W47/><G57/><T110/><D110/><N who="3" m="42601" /><G89/><N who="2" m="33801" /><F99/><W83/><G83/><T122/><D122/><U62/><E127/><V86/><F86/><W116/><G116/><T79/><D68/><U112/><E112/><V130/><F130/><W113/><G113/><T119/><D119/><U3/><E62/><V95/><F95/><W43/><G43/><T124/><D63/><U72/><E72/><V34/><F34/><W32/><G32/><T6/><D124/><U100/><E106/><V103/><F103/><W26/><G26/><T134/><D134/><U9/><REACH who="1" step="1"/><E97/><REACH who="1" ten="304,191,295,200" step="2"/><V66/><F66/><W93/><G93/><T82/><D94/><U48/><E48/><V105/><F105/><W77/><G50/><T29/><D96/><U133/><E133/><RYUUKYOKU ba="1,1" sc="304,-15,191,15,295,15,200,-15" hai1="1,2,3,9,13,19,52,53,55,81,88,100,101" hai2="8,10,16,18,20,22,23,58,61,65" /><INIT seed="2,2,1,2,5,50" ten="289,206,310,185" oya="2" hai0="53,32,95,87,2,35,106,39,20,22,60,23,113" hai1="129,11,25,0,93,82,79,117,102,92,77,105,98" hai2="103,73,9,15,78,80,8,30,37,6,120,17,55" hai3="45,36,110,5,124,107,38,70,7,75,57,27,88"/><V67/><F120/><W16/><G70/><T18/><D106/><U33/><E117/><V69/><F37/><W47/><G107/><T74/><D74/><U125/><E129/><V127/><F127/><W104/><G104/><T83/><D113/><U12/><E0/><V76/><F30/><W133/><G75/><T10/><D39/><U48/><E79/><V130/><F130/><W42/><G110/><T112/><D112/><U126/><E25/><V71/><F78/><W86/><G133/><T49/><D95/><U14/><E14/><V81/><F81/><W90/><G124/><N who="1" m="47722" /><E48/><V65/><F103/><W24/><G57/><T31/><D60/><U43/><E43/><V1/><F71/><W19/><G86/><T26/><D32/><U118/><E33/><V108/><F69/><W66/><G66/><T114/><D114/><U121/><E118/><V91/><F108/><W59/><G59/><T4/><D18/><N who="1" m="8479" /><E121/><V28/><F28/><W94/><G94/><T97/><D97/><U96/><E96/><V56/><F91/><W122/><G122/><T100/><D100/><U132/><E132/><V63/><AGARI ba="2,1" hai="1,6,8,9,15,17,55,56,63,65,67,73,76,80" machi="63" ten="20,3900,0" yaku="0,1,7,1,52,1" doraHai="50" who="2" fromWho="2" sc="289,-15,206,-15,310,55,185,-15" /><INIT seed="2,3,0,5,1,96" ten="274,191,365,170" oya="2" hai0="120,41,52,31,30,131,130,73,113,99,53,117,65" hai1="26,107,124,78,33,56,50,109,110,11,118,105,134" hai2="38,111,86,20,0,39,104,93,3,64,82,115,54" hai3="75,122,55,36,98,68,72,4,77,108,45,8,66"/><V80/><F115/><W10/><G122/><T12/><D120/><U21/><E78/><V84/><F64/><W29/><G29/><N who="0" m="10763" /><D113/><U59/><E33/><V32/><F32/><W34/><G34/><T102/><D73/><U106/><E134/><V1/><F104/><W62/><G108/><N who="1" m="41578" /><E124/><V19/><F111/><W48/><G77/><T94/><D41/><U71/><E71/><V119/><F119/><W125/><G125/><T92/><D117/><U103/><E11/><V81/><F54/><N who="0" m="21098" /><D65/><U51/><E118/><V83/><N who="2" m="20480" /><DORA hai="46" /><V61/><F61/><W2/><G10/><T135/><D12/><U129/><E129/><N who="0" m="49161" /><D135/><U74/><E74/><V37/><F93/><AGARI ba="3,0" hai="92,93,94,99,102" m="49161,21098,10763" machi="93" ten="30,3900,0" yaku="19,1,52,1,54,1" doraHai="96,46" who="0" fromWho="2" sc="274,48,191,0,365,-48,170,0" /><INIT seed="3,0,0,1,1,103" ten="322,191,317,170" oya="3" hai0="36,27,42,35,31,65,8,24,48,9,91,23,0" hai1="126,62,10,60,111,32,84,92,25,40,109,39,108" hai2="53,69,110,45,29,113,85,14,18,57,98,19,117" hai3="105,51,90,135,87,38,63,44,6,4,34,12,121"/><W78/><G121/><T43/><D36/><U15/><E126/><V64/><F110/><W114/><G38/><T17/><D65/><U7/><E39/><V13/><F113/><W68/><G114/><T76/><D76/><U79/><E40/><V125/><F117/><W119/><G119/><T52/><D91/><U20/><E32/><V16/><F29/><W74/><G135/><T50/><D50/><U116/><E116/><V56/><F69/><W104/><G34/><T41/><REACH who="0" step="1"/><D0/><REACH who="0" ten="312,191,317,170" step="2"/><U80/><REACH who="1" step="1"/><E92/><REACH who="1" ten="312,181,317,170" step="2"/><V30/><F125/><W72/><G78/><T83/><D83/><U22/><E22/><V67/><F67/><W120/><G120/><T2/><D2/><U58/><E58/><AGARI ba="0,2" hai="8,9,17,23,24,27,31,35,41,42,43,48,52,58" machi="58" ten="40,2600,0" yaku="1,1,54,1,53,0" doraHai="103" doraHaiUra="3" who="0" fromWho="1" sc="312,46,181,-26,317,0,170,0" /><INIT seed="4,0,0,1,5,108" ten="358,155,317,170" oya="0" hai0="95,99,131,3,29,91,77,47,9,39,97,84,27" hai1="57,14,85,86,76,88,78,90,62,8,114,118,49" hai2="21,126,11,112,132,100,80,89,115,38,124,87,102" hai3="26,18,116,92,73,0,34,24,94,59,42,53,106"/><T65/><D131/><U74/><E74/><V135/><F38/><W64/><G106/><T129/><D129/><U1/><E1/><V17/><F11/><W58/><G116/><T121/><D121/><U48/><E118/><V50/><F50/><N who="1" m="19561" /><E114/><N who="2" m="43563" /><F17/><W19/><G73/><T69/><D77/><N who="1" m="29803" /><E86/><V96/><F21/><W71/><G0/><T134/><D47/><U4/><E85/><V68/><F68/><W37/><G71/><T133/><D39/><U130/><E130/><V72/><F72/><W20/><G20/><N who="0" m="15591" /><D3/><U79/><N who="1" m="29811" /><U30/><DORA hai="103" /><E30/><V2/><F2/><W15/><G37/><T60/><D9/><U13/><E13/><V105/><F102/><W82/><G15/><T44/><D44/><U52/><AGARI ba="0,0" hai="4,8,14,52,57,62,88,90" m="29811,19561" machi="52" ten="40,5200,0" yaku="8,1,54,2" doraHai="108,103" who="1" fromWho="1" sc="358,-26,155,52,317,-13,170,-13" /><INIT seed="5,0,0,3,4,105" ten="332,207,304,157" oya="1" hai0="113,40,59,81,50,0,57,63,104,49,77,65,25" hai1="8,107,73,39,36,21,89,80,6,75,33,74,12" hai2="100,43,91,84,103,110,111,22,29,58,42,28,44" hai3="114,123,88,20,26,135,14,121,46,23,83,31,115"/><U48/><E33/><V95/><F58/><W56/><G56/><T129/><D104/><U127/><E107/><V69/><F69/><W54/><G135/><T70/><D0/><U99/><E127/><V17/><F43/><W119/><G54/><T55/><D113/><N who="3" m="43017" /><G46/><T98/><D98/><U51/><E21/><V82/><F110/><W11/><G83/><T85/><D129/><U38/><REACH who="1" step="1"/><E80/><REACH who="1" ten="332,197,304,157" step="2"/><V109/><F109/><W19/><G119/><T66/><D81/><U2/><E2/><V7/><F111/><W118/><G118/><T120/><D120/><N who="3" m="46153" /><G88/><T94/><D94/><AGARI ba="0,1" hai="6,8,12,36,38,39,48,51,73,74,75,89,94,99" machi="94" ten="50,12000,1" yaku="1,1,52,3,53,0" doraHai="105" doraHaiUra="72" who="1" fromWho="0" sc="332,-120,197,130,304,0,157,0" /><INIT seed="5,1,0,2,0,130" ten="212,327,304,157" oya="1" hai0="21,5,115,108,45,126,99,49,14,12,13,64,41" hai1="87,119,4,8,98,69,16,113,133,131,28,67,117" hai2="90,2,25,27,18,26,47,30,62,135,37,36,54" hai3="15,132,70,95,48,57,124,106,93,78,81,22,74"/><U84/><E28/><V19/><F2/><W86/><G70/><T125/><D108/><U52/><E113/><V77/><F77/><W65/><G106/><T82/><D115/><U60/><E133/><V76/><F135/><W39/><G132/><T53/><D64/><U61/><E131/><V91/><F76/><W31/><G39/><T112/><D112/><U122/><E122/><V6/><F6/><W75/><G124/><T43/><D5/><U38/><E98/><V80/><F37/><W1/><G1/><T121/><D121/><U109/><E38/><V35/><F36/><W9/><G22/><T92/><D82/><U105/><E105/><V107/><F107/><W34/><G34/><T100/><REACH who="0" step="1"/><D21/><REACH who="0" ten="202,327,304,157" step="2"/><U71/><E67/><V46/><F80/><W129/><G65/><T44/><D44/><U83/><E4/><V79/><F47/><W89/><G81/><T116/><D116/><U3/><E109/><V88/><F46/><W56/><G129/><T94/><D94/><U59/><E119/><V10/><F35/><W103/><G95/><T120/><D120/><U72/><E117/><V85/><F10/><W17/><G9/><T102/><D102/><U110/><E110/><V50/><F30/><W58/><G31/><T24/><D24/><U32/><E32/><V104/><F104/><W11/><G103/><T63/><D63/><U33/><E33/><V101/><F62/><W20/><G11/><T127/><AGARI ba="1,1" hai="12,13,14,41,43,45,49,53,92,99,100,125,126,127" machi="127" ten="40,5200,0" yaku="1,1,0,1,18,1,53,0" doraHai="130" doraHaiUra="114" who="0" fromWho="0" sc="202,65,327,-27,304,-14,157,-14" /><INIT seed="6,0,0,2,4,65" ten="267,300,290,143" oya="2" hai0="21,121,81,36,33,60,61,133,66,16,43,15,86" hai1="91,74,125,99,123,82,114,134,40,10,8,98,70" hai2="111,89,0,31,72,87,12,103,5,27,30,23,97" hai3="78,83,45,129,128,68,94,56,18,32,113,108,100"/><V39/><F39/><W22/><G108/><T19/><D121/><U1/><E70/><V67/><F72/><W11/><G32/><T13/><D33/><U130/><E130/><V53/><F111/><W63/><G11/><T118/><D133/><U28/><E125/><V77/><F77/><W26/><G113/><T71/><D118/><U4/><E28/><V93/><F0/><W115/><G115/><T112/><D60/><U69/><E69/><V58/><F67/><W64/><G45/><T131/><D131/><U50/><E10/><V54/><F54/><W84/><REACH who="3" step="1"/><G56/><REACH who="3" ten="267,300,290,133" step="2"/><T44/><D112/><U90/><E8/><V85/><F5/><W106/><G106/><T132/><D132/><U88/><E4/><V7/><F7/><W122/><G122/><T96/><D44/><U117/><E123/><V9/><F9/><W2/><G2/><T37/><D43/><U57/><E134/><V116/><F116/><W126/><G126/><T48/><D37/><U104/><E1/><V110/><F110/><W20/><G20/><T34/><D36/><U25/><E104/><V76/><F58/><W102/><G102/><T24/><D34/><U47/><E57/><V55/><F103/><W51/><G51/><T29/><D48/><U38/><E114/><V119/><F119/><W135/><G135/><T49/><D49/><U62/><E117/><V52/><F52/><W127/><G127/><T120/><D120/><U3/><E3/><V17/><F55/><W41/><G41/><T42/><D42/><U59/><E38/><V92/><F53/><W73/><G73/><RYUUKYOKU ba="0,1" sc="267,-10,300,-10,290,-10,133,30" hai3="18,22,26,63,64,68,78,83,84,94,100,128,129" /><INIT seed="7,1,1,2,4,92" ten="257,290,280,163" oya="3" hai0="43,70,33,28,38,50,52,57,115,8,54,122,131" hai1="112,67,102,10,72,79,51,64,27,69,48,7,83" hai2="20,2,40,135,18,5,91,55,88,111,53,0,47" hai3="13,118,45,25,68,78,1,82,37,34,89,117,103"/><W127/><G1/><T132/><D122/><U29/><E112/><V113/><F111/><W119/><G103/><T87/><D131/><U71/><E102/><V65/><F113/><W76/><G68/><T35/><D115/><U90/><E90/><V100/><F65/><W59/><G127/><T14/><D132/><U41/><E67/><V101/><F135/><W94/><G59/><T77/><D70/><U80/><E80/><V73/><F73/><W32/><G13/><T105/><D105/><U63/><E41/><V108/><F108/><W3/><G3/><T62/><D28/><U133/><E71/><V124/><F124/><W44/><G37/><T125/><D125/><U24/><E24/><N who="2" m="14359" /><F2/><W22/><G34/><T15/><D15/><U121/><E121/><V74/><F74/><W96/><G32/><T75/><D75/><U6/><E133/><V21/><F0/><W19/><REACH who="3" step="1"/><G82/><REACH who="3" ten="257,290,280,153" step="2"/><N who="0" m="47567" /><D38/><U11/><E69/><V61/><F101/><W134/><G134/><T93/><D35/><U26/><E83/><V120/><F100/><W116/><N who="3" m="29696" /><DORA hai="36" /><W81/><G81/><T97/><D33/><U58/><E72/><V12/><F120/><W128/><G128/><T129/><D129/><U30/><E58/><V130/><F130/><W23/><G23/><T99/><D14/><U60/><E79/><AGARI ba="1,2" hai="19,22,25,44,45,76,78,79,89,94,96" m="29696" machi="79" ten="70,6800,0" yaku="1,1,52,1,53,0" doraHai="92,36" doraHaiUra="4,104" who="3" fromWho="1" sc="257,0,290,-71,280,0,153,91" /><INIT seed="7,2,0,3,0,109" ten="257,219,280,244" oya="3" hai0="91,135,57,2,118,55,60,58,84,51,7,25,23" hai1="94,10,117,128,85,81,69,32,63,9,115,82,119" hai2="132,133,87,96,40,53,92,30,104,86,68,123,106" hai3="49,8,79,4,120,20,100,13,130,45,54,131,121"/><W116/><G116/><N who="1" m="44618" /><E32/><V99/><F68/><W64/><G100/><T0/><D135/><N who="2" m="51786" /><F40/><W129/><G79/><T102/><D118/><U3/><E128/><V62/><F30/><W21/><REACH who="3" step="1"/><G64/><REACH who="3" ten="257,219,280,234" step="2"/><T70/><D102/><U134/><E134/><V14/><F123/><AGARI ba="2,1" hai="4,8,13,20,21,45,49,54,120,121,123,129,130,131" machi="123" ten="50,9600,0" yaku="1,1,2,1,19,1,53,0" doraHai="109" doraHaiUra="52" who="3" fromWho="2" sc="257,0,219,0,280,-102,234,112" owari="257,6.0,219,-18.0,178,-32.0,346,44.0" /></mjloggm>