<mjloggm ver="2.3"><GO type="41" lobby="0"/><UN n0="%E5%89%AF%E6%96%99%E7%90%86%E9%95%B7" n1="%62%61%64%6F%62%61%73%65" n2="%79%75%65%6D%75%6F" n3="%E2%93%9D%53%75%70%68%78" dan="15,16,13,18" rate="2069.79,2047.54,1820.83,2081.30" sx="M,M,M,M"/><TAIKYOKU oya="0"/><INIT seed="0,0,0,5,1,93" ten="250,250,250,250" oya="0" hai0="6,49,97,51,69,50,3,14,10,104,135,33,87" hai1="119,12,47,72,126,110,41,13,78,27,55,60,9" hai2="96,63,79,116,127,89,64,29,53,106,103,67,62" hai3="83,107,66,76,22,56,81,37,65,121,117,36,133"/><T43/><D69/><U123/><E119/><V17/><F116/><W122/><G117/><T57/><D33/><U23/><E123/><N who="3" m="47114" /><G133/><T86/><D135/><U75/><E110/><V0/><F79/><W25/><G107/><T42/><D3/><U102/><E126/><V24/><F127/><W20/><G56/><T115/><D115/><U130/><E130/><V125/><F17/><W92/><G92/><T101/><REACH who="0" step="1"/><D57/><REACH who="0" ten="240,250,250,250" step="2"/><U52/><E102/><V7/><F125/><W71/><G71/><T129/><D129/><U15/><E9/><V48/><F0/><W90/><G22/><T35/><D35/><U2/><E2/><V99/><F67/><W44/><G66/><T54/><D54/><U1/><E1/><V85/><F64/><W88/><G65/><T31/><D31/><U124/><E124/><V105/><F29/><W61/><G20/><T19/><D19/><U73/><E55/><V98/><F7/><W109/><G109/><T91/><D91/><U34/><E34/><V28/><F89/><W118/><G90/><T68/><D68/><U84/><E52/><V120/><F120/><W113/><G113/><T40/><AGARI ba="0,1" hai="6,10,14,40,42,43,49,50,51,86,87,97,101,104" machi="40" ten="30,18000,2" yaku="1,1,0,1,52,1,53,3" doraHai="93" doraHaiUra="39" who="0" fromWho="0" sc="240,190,250,-60,250,-60,250,-60" /><INIT seed="0,1,0,0,4,9" ten="430,190,190,190" oya="0" hai0="27,114,35,109,33,103,10,101,70,48,14,96,131" hai1="11,51,31,116,125,127,113,43,32,58,17,122,53" hai2="89,23,132,72,126,67,73,90,71,40,12,45,88" hai3="100,94,42,4,18,1,34,107,24,20,59,117,21"/><T110/><D114/><U128/><E116/><V63/><F126/><N who="1" m="48137" /><E122/><V29/><F132/><W22/><G107/><T92/><D70/><U69/><E69/><V112/><F112/><W6/><G42/><T82/><D131/><U91/><E128/><V5/><F29/><W123/><G59/><T115/><D115/><U93/><E113/><V44/><F44/><W102/><G94/><T111/><D103/><U98/><E43/><V77/><F77/><W99/><G99/><T79/><D48/><U46/><E31/><V86/><F86/><W49/><G49/><T50/><D50/><U8/><E32/><V87/><F87/><W84/><G84/><T133/><D27/><U83/><E83/><V54/><F54/><W105/><G105/><T106/><D106/><U41/><E17/><V97/><F97/><W7/><G117/><T28/><D28/><U129/><E129/><V104/><F104/><W26/><G123/><T119/><D133/><U108/><E108/><V57/><F71/><W68/><G68/><T16/><D119/><U121/><E121/><V95/><F95/><W66/><G34/><T52/><D52/><U47/><E47/><V38/><REACH who="2" step="1"/><F5/><REACH who="2" ten="430,190,180,190" step="2"/><W118/><G118/><T74/><AGARI ba="1,1" hai="10,14,16,33,35,74,79,82,92,96,101,109,110,111" machi="74" ten="30,12000,1" yaku="0,1,14,1,10,1,52,1,54,1" doraHai="9" who="0" fromWho="0" sc="430,133,190,-41,180,-41,190,-41" /><INIT seed="0,2,0,2,4,98" ten="563,149,139,149" oya="0" hai0="63,81,74,123,4,66,50,111,3,56,102,12,42" hai1="65,103,104,109,64,116,21,117,47,68,49,29,105" hai2="100,25,106,22,45,78,18,125,37,126,127,27,114" hai3="71,113,135,97,34,57,60,130,14,35,115,20,118"/><T121/><D3/><U99/><E109/><V19/><F114/><W132/><G71/><T79/><D111/><U73/><E73/><V91/><F78/><W88/><G118/><T75/><D75/><U6/><E6/><V119/><F119/><W16/><G130/><T0/><D0/><U38/><E38/><V13/><F91/><W26/><G115/><T30/><D30/><U77/><E77/><V53/><F19/><W62/><G113/><T69/><D102/><U101/><E68/><V83/><F83/><W134/><G14/><T15/><D15/><U55/><E117/><V133/><F133/><W10/><G10/><T92/><D92/><U5/><E5/><V122/><F122/><W107/><G62/><T128/><D128/><U17/><E29/><V2/><F2/><W24/><G24/><T41/><D41/><U124/><E124/><V48/><REACH who="2" step="1"/><F37/><REACH who="2" ten="563,149,129,149" step="2"/><W84/><G135/><T90/><D90/><U9/><E116/><V86/><F86/><W110/><G134/><T54/><D123/><U23/><E9/><V33/><F33/><W59/><G132/><T120/><D120/><U40/><E17/><V7/><F7/><W67/><G110/><T93/><D121/><U44/><E21/><V129/><F129/><W72/><G72/><T95/><D4/><U96/><E23/><V76/><F76/><W8/><G8/><T70/><D74/><U85/><E85/><V51/><F51/><W52/><G84/><T11/><D79/><U43/><E43/><V31/><F31/><W58/><G35/><T80/><D42/><U36/><AGARI ba="2,1" hai="36,40,44,47,49,55,64,65,96,99,101,103,104,105" machi="36" ten="20,12000,2" yaku="5,1,0,1,7,1,9,1,52,2" doraHai="98" who="1" fromWho="1" sc="563,-62,149,136,129,-32,149,-32" /><INIT seed="1,0,0,5,2,89" ten="501,285,97,117" oya="1" hai0="36,111,12,107,19,10,135,94,38,127,39,66,97" hai1="131,96,110,73,33,57,79,11,74,91,65,76,21" hai2="6,0,86,117,133,87,102,18,112,118,129,98,72" hai3="120,81,100,41,71,105,17,114,92,123,75,101,14"/><U109/><E33/><V16/><F72/><W32/><G32/><T124/><D111/><N who="1" m="42507" /><E131/><V90/><F129/><W7/><G114/><T15/><D107/><U55/><E65/><V77/><F133/><W116/><G7/><T51/><D66/><U37/><E37/><V128/><F128/><W56/><G41/><T31/><D31/><U119/><E119/><V82/><F112/><W113/><G105/><T121/><D135/><U64/><E64/><V20/><F6/><W54/><G71/><T23/><D51/><U13/><E21/><V83/><F18/><W8/><G116/><T62/><D62/><N who="1" m="36159" /><E76/><V130/><F0/><W99/><G113/><T80/><D80/><U69/><E79/><V26/><REACH who="2" step="1"/><F130/><REACH who="2" ten="501,285,87,117" step="2"/><W126/><G75/><T52/><D121/><U45/><E73/><V29/><F29/><W46/><G123/><T25/><D127/><U58/><E74/><V108/><F108/><W67/><G126/><T53/><D124/><U22/><E22/><V95/><AGARI ba="0,1" hai="16,20,26,77,82,83,86,87,90,95,98,102,117,118" machi="95" ten="20,8000,1" yaku="1,1,0,1,7,1,52,1,54,1,53,0" doraHai="89" doraHaiUra="125" who="2" fromWho="2" sc="501,-20,285,-40,87,90,117,-20" /><INIT seed="2,0,0,0,0,14" ten="481,245,177,97" oya="2" hai0="80,123,29,56,26,81,101,92,27,52,65,93,73" hai1="39,103,68,55,33,62,122,42,111,117,3,40,38" hai2="25,135,104,15,125,50,79,134,76,131,1,95,32" hai3="30,98,100,89,31,88,109,124,41,60,46,72,66"/><V17/><F104/><W102/><G72/><T43/><D123/><U9/><E117/><V0/><F125/><W97/><G109/><T7/><D65/><U78/><E111/><V112/><F131/><W114/><G124/><T82/><D73/><U120/><E33/><V19/><F112/><W129/><G129/><T59/><D59/><U90/><E103/><V132/><F50/><W105/><G114/><T87/><D43/><U22/><E78/><N who="2" m="29739" /><F95/><W99/><G105/><T13/><D101/><U5/><E90/><V54/><F54/><W75/><G75/><T85/><D93/><U115/><E115/><V51/><F51/><W2/><G2/><N who="2" m="1129" /><F15/><W113/><G113/><T69/><D69/><U8/><E3/><V58/><F58/><W57/><G102/><T12/><D12/><U24/><E68/><V94/><F94/><W133/><G100/><T107/><D107/><U86/><E86/><V45/><F45/><W10/><G46/><T64/><D92/><U121/><E62/><V47/><F47/><W116/><G99/><T130/><D130/><U128/><E128/><V70/><F70/><W18/><G98/><T126/><D126/><U108/><E55/><V118/><F118/><W110/><G116/><T20/><D87/><U61/><E61/><V67/><F67/><W16/><G97/><T36/><D64/><U84/><E108/><V119/><F119/><W6/><G110/><T63/><D85/><U28/><E84/><V11/><F11/><W71/><G71/><T35/><D56/><U127/><E127/><V96/><F96/><W49/><G66/><RYUUKYOKU ba="0,0" sc="481,-10,245,-10,177,30,97,-10" hai2="17,19,25,32,132,134,135" /><INIT seed="2,1,0,4,4,2" ten="471,235,207,87" oya="2" hai0="122,131,57,39,28,88,64,34,92,114,113,52,127" hai1="107,93,61,81,27,79,68,86,134,13,51,24,46" hai2="45,98,48,63,40,123,17,80,110,15,116,74,77" hai3="38,36,75,132,8,58,42,99,19,121,128,31,22"/><V117/><F123/><W1/><G121/><T105/><D105/><U84/><E107/><V35/><F35/><W53/><G75/><T89/><D122/><U126/><E126/><V71/><F110/><W83/><G132/><T30/><D127/><U106/><E106/><V87/><F74/><W76/><G128/><T33/><D39/><U55/><E134/><V124/><F124/><W54/><G31/><T18/><D64/><U7/><E68/><V102/><F63/><W65/><G99/><T9/><D131/><U44/><E61/><V94/><REACH who="2" step="1"/><F71/><REACH who="2" ten="471,235,197,87" step="2"/><W21/><G65/><T10/><D34/><U60/><E60/><V112/><F112/><W14/><G38/><T133/><D33/><U29/><E51/><V96/><F96/><W72/><G36/><T78/><D133/><U115/><E115/><V118/><F118/><W91/><G72/><T0/><D114/><U47/><E55/><V41/><F41/><W43/><G43/><T69/><D69/><U111/><E111/><V16/><F16/><W70/><G42/><T82/><D18/><U108/><E108/><V59/><F59/><W12/><G70/><T97/><D113/><U26/><E29/><V66/><F66/><W20/><G54/><T125/><D125/><U120/><E120/><V37/><F37/><W56/><G53/><T32/><D32/><U11/><E47/><V109/><F109/><W129/><G58/><T104/><D30/><U3/><E46/><V50/><F50/><W101/><G56/><T100/><D28/><U6/><E44/><V103/><F103/><W25/><G101/><RYUUKYOKU ba="1,1" sc="471,-10,235,-10,197,30,87,-10" hai2="15,17,40,45,48,77,80,87,94,98,102,116,117" /><INIT seed="2,2,1,4,4,0" ten="461,225,227,77" oya="2" hai0="89,45,12,124,36,31,95,94,25,114,106,128,93" hai1="34,77,54,67,2,59,118,81,18,40,7,116,66" hai2="37,99,123,38,8,19,79,21,109,63,42,49,111" hai3="41,82,10,87,58,39,108,57,86,29,23,76,24"/><V103/><F123/><W20/><G108/><N who="2" m="41545" /><F79/><W33/><G39/><T43/><D114/><U9/><E34/><V92/><F63/><W70/><G70/><T83/><D106/><U97/><E40/><V61/><F61/><W13/><G41/><T26/><D124/><U98/><E18/><V125/><F125/><W117/><G117/><T88/><D128/><U14/><E2/><V130/><F130/><W129/><G129/><T16/><D83/><U51/><E118/><V28/><F28/><W91/><G23/><T120/><D120/><U30/><E30/><V127/><F127/><W96/><G96/><T101/><D101/><U56/><E116/><V71/><F8/><W3/><G3/><T35/><REACH who="0" step="1"/><D26/><REACH who="0" ten="451,225,227,77" step="2"/><U60/><E66/><V32/><F71/><W47/><G33/><T134/><D134/><U11/><REACH who="1" step="1"/><E9/><AGARI ba="2,2" hai="9,12,16,25,31,35,36,43,45,88,89,93,94,95" machi="9" ten="40,5200,0" yaku="1,1,54,2,53,0" doraHai="0" doraHaiUra="75" who="0" fromWho="1" sc="451,78,225,-58,227,0,77,0" /><INIT seed="3,0,0,3,2,7" ten="529,167,227,77" oya="3" hai0="122,12,98,105,72,85,57,73,107,119,132,11,75" hai1="101,123,91,115,2,37,124,74,39,118,100,79,35" hai2="20,53,54,25,23,108,19,128,58,63,96,97,30" hai3="36,24,127,14,45,31,125,6,121,52,71,88,129"/><W55/><G121/><T48/><D122/><U131/><RYUUKYOKU type="yao9" ba="0,0" sc="529,0,167,0,227,0,77,0" hai1="2,35,37,39,74,79,91,100,101,115,118,123,124,131" /><INIT seed="3,1,0,4,1,117" ten="529,167,227,77" oya="3" hai0="99,28,132,48,38,4,131,62,19,42,130,24,61" hai1="121,18,25,34,92,29,68,125,74,41,50,106,63" hai2="49,47,64,9,2,90,103,107,51,78,113,8,10" hai3="124,98,86,133,82,22,0,37,46,1,53,16,31"/><W70/><G70/><T101/><D38/><U129/><E74/><V128/><F113/><W84/><G133/><T72/><D72/><U55/><E125/><V11/><F78/><W96/><G124/><T66/><D4/><U26/><E129/><N who="0" m="49161" /><D19/><U119/><E119/><V110/><F128/><W27/><G86/><T36/><D36/><U108/><E108/><V105/><F64/><W104/><G104/><T52/><D42/><U93/><E41/><V118/><F118/><W95/><G31/><T87/><D87/><U85/><E85/><V83/><F51/><W134/><G134/><T71/><D66/><U39/><E39/><V77/><F90/><W89/><G98/><T91/><D91/><U3/><E3/><V88/><F77/><W35/><G35/><N who="0" m="20871" /><D71/><U81/><E81/><V17/><F103/><W58/><G37/><T5/><D5/><U115/><E115/><V15/><F110/><W30/><G30/><T67/><D67/><U112/><E112/><V21/><F107/><W80/><G46/><N who="0" m="27671" /><D132/><U79/><E79/><V59/><F105/><AGARI ba="1,0" hai="61,62,99,101,105" m="27671,20871,49161" machi="105" ten="30,2000,0" yaku="19,1,54,1" doraHai="117" who="0" fromWho="2" sc="529,23,167,0,227,-23,77,0" /><INIT seed="4,0,0,2,1,45" ten="552,167,204,77" oya="0" hai0="19,74,27,75,38,20,109,12,29,23,125,5,58" hai1="82,40,94,39,114,8,10,70,122,44,91,17,24" hai2="34,9,104,31,89,64,93,22,28,113,55,59,35" hai3="118,97,2,71,90,57,26,87,13,6,100,96,132"/><T101/><D38/><U78/><E122/><V68/><F104/><W84/><G2/><T61/><D125/><U80/><E70/><V65/><F68/><W47/><G71/><T49/><D109/><U95/><E114/><V106/><F106/><W14/><G132/><T1/><D101/><U0/><E0/><V117/><F113/><W116/><G47/><T43/><D1/><U103/><E103/><V105/><F105/><W108/><G100/><T129/><D5/><U119/><E119/><V76/><F76/><W30/><G57/><T120/><D129/><U98/><E95/><V130/><F130/><W112/><G112/><T25/><D120/><U99/><E99/><V124/><F124/><W16/><G6/><T83/><D83/><U18/><E82/><V54/><F9/><W33/><G108/><T41/><D41/><U73/><E18/><V121/><F121/><W42/><G42/><T60/><D60/><U46/><E46/><V92/><F22/><W131/><G131/><T77/><D77/><U63/><E63/><V36/><F59/><W51/><G118/><T4/><D43/><U62/><E62/><V7/><F7/><W128/><G116/><T32/><D4/><U56/><E56/><V11/><F11/><W110/><G110/><T135/><D135/><U48/><E39/><V15/><F117/><W107/><G128/><T127/><D127/><U21/><AGARI ba="0,0" hai="8,10,17,21,24,40,44,48,73,78,80,91,94,98" machi="21" ten="30,2000,0" yaku="0,1,52,1" doraHai="45" who="1" fromWho="1" sc="552,-10,167,20,204,-5,77,-5" /><INIT seed="5,0,0,0,5,133" ten="542,187,199,72" oya="1" hai0="58,17,115,98,18,118,75,131,47,38,132,13,113" hai1="124,119,29,90,68,8,51,114,45,74,15,87,66" hai2="24,100,69,53,123,93,120,88,89,127,7,14,81" hai3="50,57,96,72,103,34,22,107,59,128,85,37,4"/><U101/><E119/><V108/><F108/><W129/><G34/><T92/><D118/><U5/><E74/><V78/><F69/><W117/><G117/><T80/><D132/><U73/><E73/><V109/><F109/><W3/><G37/><T33/><D33/><U70/><E114/><V116/><F116/><W63/><G72/><T41/><D131/><U102/><E29/><V44/><F24/><W49/><G4/><T36/><D36/><U105/><E124/><V35/><F35/><W106/><G85/><T122/><D122/><U121/><E121/><V84/><F100/><W10/><G10/><T55/><D80/><U111/><E111/><V86/><F78/><W12/><G3/><T135/><D75/><U28/><E28/><V46/><F127/><W67/><G107/><T48/><D135/><U95/><E105/><V56/><F123/><W20/><G12/><T11/><REACH who="0" step="1"/><D18/><REACH who="0" ten="532,187,199,72" step="2"/><U83/><E83/><V76/><F76/><W97/><G129/><T40/><D40/><U61/><E68/><V99/><F120/><W42/><G128/><T26/><D26/><U32/><E32/><V94/><F81/><W2/><G42/><AGARI ba="0,1" hai="5,8,15,42,45,51,61,66,70,87,90,95,101,102" machi="42" ten="30,1500,0" yaku="7,1" doraHai="133" who="1" fromWho="3" sc="532,0,187,25,199,0,72,-15" /><INIT seed="5,1,0,0,2,82" ten="532,212,199,57" oya="1" hai0="12,50,96,98,63,111,133,80,76,65,127,117,25" hai1="14,21,83,16,62,113,131,119,39,29,120,52,4" hai2="53,18,90,132,46,112,128,34,24,9,129,67,101" hai3="2,11,116,47,19,22,31,75,79,38,134,94,71"/><U95/><E119/><V17/><F132/><W69/><G134/><T99/><D111/><U7/><E120/><V32/><F101/><W110/><G110/><T135/><D117/><U115/><E39/><V89/><F67/><W3/><G116/><T40/><D127/><U121/><E121/><V124/><F124/><W126/><G31/><T61/><D25/><U86/><E95/><V118/><F118/><W74/><G126/><T114/><D61/><U88/><E29/><V27/><F46/><W105/><G94/><T54/><D40/><U103/><E103/><V60/><F60/><W85/><G105/><T5/><D114/><N who="1" m="43531" /><E131/><V109/><F112/><W87/><G79/><T20/><D5/><U15/><E15/><V72/><F109/><W6/><G3/><T125/><D12/><U97/><E97/><V55/><F9/><W100/><G100/><T0/><D20/><U84/><E84/><V1/><F1/><W130/><G130/><T66/><D0/><U13/><E13/><V104/><REACH who="2" step="1"/><F72/><REACH who="2" ten="532,212,189,57" step="2"/><W43/><G75/><N who="0" m="43039" /><D125/><U56/><AGARI ba="1,1" hai="4,7,14,16,21,52,56,62,83,86,88" m="43531" machi="56" ten="30,12000,1" yaku="15,1,52,1,54,3" doraHai="82" who="1" fromWho="1" sc="532,-41,212,133,189,-41,57,-41" /><INIT seed="5,2,0,2,2,127" ten="491,345,148,16" oya="1" hai0="135,129,86,88,58,60,74,41,104,57,11,71,26" hai1="105,118,131,18,92,47,122,21,112,67,32,62,81" hai2="8,9,111,0,132,6,78,65,30,54,55,117,1" hai3="63,126,50,40,72,101,80,7,46,91,45,98,97"/><U17/><E118/><V38/><F117/><W120/><G126/><T85/><D74/><U22/><E105/><V133/><F111/><W42/><G120/><T33/><D135/><U10/><E122/><V134/><F65/><W79/><G63/><T43/><D104/><U108/><E32/><V23/><F38/><W29/><G29/><T35/><D71/><U110/><E112/><V84/><F78/><W16/><G7/><T44/><D11/><U69/><E81/><V115/><F84/><W77/><G101/><T36/><D129/><U48/><E92/><V116/><F116/><W3/><G3/><T4/><D4/><U31/><E131/><V56/><F56/><W25/><G91/><T83/><D43/><U2/><E2/><V113/><F55/><W100/><G100/><T19/><D58/><U68/><E68/><V90/><F90/><W14/><G25/><T12/><D26/><U99/><E99/><V76/><F54/><W128/><G128/><T5/><D5/><U102/><E102/><V13/><F76/><W28/><G28/><T119/><D119/><U51/><E51/><V95/><F95/><W66/><G66/><T70/><D86/><U15/><E31/><V94/><F9/><W89/><G89/><T124/><D124/><U82/><E82/><V103/><F103/><W123/><G79/><T114/><D70/><U24/><E10/><V107/><F94/><W20/><REACH who="3" step="1"/><G123/><REACH who="3" ten="491,345,148,6" step="2"/><T53/><D88/><U61/><E62/><V59/><F107/><W96/><G96/><T87/><D60/><U52/><AGARI ba="2,1" hai="15,17,18,21,22,24,47,48,52,61,67,69,108,110" machi="52" ten="30,3000,0" yaku="0,1,54,1" doraHai="127" who="1" fromWho="1" sc="491,-12,345,46,148,-12,6,-12" owari="479,58.0,391,19.0,136,-26.0,-6,-51.0" /></mjloggm>