<mjloggm ver="2.3"><GO type="41" lobby="0"/><UN n0="%E3%81%91%E3%82%93%E3%81%9E%E3%83%BC%E3%83%99%E3%82%A4" n1="%E2%93%9D%53%75%70%68%78" n2="%EF%BC%9D%E3%82%AD%E3%83%B3%E3%82%B7%E3%83%A3%E3%82%B5%EF%BC%9D" n3="%74%73%75%6D%6F" dan="14,18,13,14" rate="1916.99,2061.91,1976.36,1942.49" sx="M,M,F,M"/><TAIKYOKU oya="0"/><INIT seed="0,0,0,1,4,56" ten="250,250,250,250" oya="0" hai0="6,127,43,121,65,93,60,28,110,125,3,7,123" hai1="27,94,50,73,53,122,5,92,83,77,14,107,61" hai2="38,49,104,132,116,115,134,118,9,100,67,25,15" hai3="119,74,17,24,59,71,22,63,120,30,90,12,41"/><T96/><D28/><U128/><E107/><V18/><F38/><W45/><G119/><N who="2" m="45609" /><F100/><W99/><G71/><T55/><D55/><U98/><E128/><V69/><F104/><W133/><G74/><T39/><D39/><U105/><E122/><V33/><F49/><W44/><G133/><N who="2" m="51305" /><F115/><W37/><G120/><T129/><D43/><U106/><E106/><V72/><F72/><W76/><G76/><T135/><D135/><U89/><E105/><V46/><F46/><W31/><G44/><T95/><D129/><U19/><E94/><V130/><F130/><W124/><G124/><N who="0" m="47691" /><D110/><U112/><E112/><V88/><F88/><W109/><G109/><T32/><D32/><U11/><E50/><V79/><F79/><W97/><G90/><N who="0" m="55351" /><D95/><U21/><E53/><V57/><F57/><W20/><REACH who="3" step="1"/><G31/><REACH who="3" ten="250,250,250,240" step="2"/><T4/><D3/><U131/><E131/><V34/><F25/><W64/><AGARI ba="0,1" hai="12,17,20,22,24,30,37,41,45,59,63,64,97,99" machi="64" ten="20,8000,1" yaku="1,1,2,1,0,1,7,1,52,1,53,0" doraHai="56" doraHaiUra="48" who="3" fromWho="3" sc="250,-40,250,-20,250,-20,240,90" /><INIT seed="1,0,0,1,0,34" ten="210,230,230,330" oya="1" hai0="123,35,75,49,22,74,64,13,4,71,76,7,108" hai1="18,59,72,56,83,67,86,82,28,105,127,90,120" hai2="104,100,33,126,128,84,119,78,31,94,107,14,63" hai3="111,41,113,65,10,96,69,81,60,37,134,1,47"/><U125/><E120/><V80/><F33/><W43/><G113/><T103/><D35/><U52/><E105/><V0/><F31/><W17/><G17/><T19/><D123/><U124/><E28/><V30/><F30/><W132/><G43/><T48/><D108/><U92/><E72/><V66/><F14/><W51/><G96/><T68/><D103/><U97/><E18/><V45/><F45/><W70/><G111/><T42/><D42/><U21/><E21/><V85/><F119/><W89/><G70/><T50/><D76/><U36/><E36/><V46/><F46/><W25/><G25/><T39/><D39/><U44/><E67/><V91/><F126/><W130/><G130/><T53/><D53/><U110/><E110/><V129/><F0/><W99/><G99/><T115/><D115/><U106/><E106/><V2/><F2/><W11/><G37/><T87/><D87/><U133/><E133/><N who="3" m="51306" /><G1/><T6/><REACH who="0" step="1"/><D64/><REACH who="0" ten="200,230,230,330" step="2"/><U26/><E86/><AGARI ba="0,1" hai="10,11,41,47,51,60,65,69,81,86,89" m="51306" machi="86" ten="30,1000,0" yaku="20,1" doraHai="34" who="3" fromWho="1" sc="200,0,230,-10,230,0,330,20" /><INIT seed="2,0,0,3,1,75" ten="200,220,230,350" oya="2" hai0="50,76,32,116,19,35,97,54,17,129,70,114,121" hai1="130,134,56,95,55,9,125,127,20,39,78,128,106" hai2="119,104,74,25,26,22,87,100,98,40,31,15,41" hai3="28,82,27,81,1,2,79,11,72,92,24,132,105"/><V109/><F119/><W68/><G105/><T30/><D116/><U122/><E106/><V58/><F74/><W57/><G68/><T36/><D70/><U118/><E118/><V73/><F73/><W53/><G132/><T12/><D36/><U88/><E39/><V49/><F109/><W103/><G82/><T38/><D38/><U61/><E9/><V43/><F15/><W102/><G27/><T67/><D121/><U85/><E122/><V91/><F26/><W117/><G117/><T16/><D114/><U6/><E6/><V107/><F107/><W44/><G44/><T37/><D37/><U65/><E20/><V66/><F66/><W10/><G10/><T0/><D0/><U21/><E21/><V23/><F23/><W108/><G108/><T45/><D129/><N who="1" m="49771" /><E78/><V80/><REACH who="2" step="1"/><F58/><REACH who="2" ten="200,220,220,350" step="2"/><W18/><G1/><T120/><D67/><U60/><E134/><V89/><F89/><W47/><G2/><T69/><D12/><U13/><E13/><V52/><F52/><W84/><G72/><T124/><D69/><AGARI ba="0,1" hai="55,56,60,61,65,69,85,88,95,125,127" m="49771" machi="69" ten="30,2000,0" yaku="19,1,54,1" doraHai="75" who="1" fromWho="0" sc="200,-20,220,30,220,0,350,0" /><INIT seed="3,0,0,3,3,90" ten="180,250,220,350" oya="3" hai0="30,57,15,49,104,81,2,6,135,16,7,114,112" hai1="89,32,34,87,4,82,31,116,55,97,1,123,65" hai2="75,110,10,27,124,9,63,102,66,29,71,72,60" hai3="91,98,109,96,68,101,51,19,129,41,95,127,76"/><W84/><G68/><T58/><D104/><U36/><E123/><V70/><F110/><W94/><G19/><T59/><D135/><U119/><E36/><V35/><F124/><W78/><G51/><T50/><D30/><U77/><E65/><V99/><F10/><W85/><G41/><T53/><D81/><U132/><E55/><V131/><F9/><W56/><G56/><T111/><D111/><U113/><E113/><N who="0" m="43625" /><D2/><U80/><E4/><N who="0" m="1577" /><D53/><U122/><E31/><V43/><F43/><W134/><G109/><T3/><D3/><U133/><E1/><V100/><F100/><W44/><G44/><T5/><N who="0" m="1585" /><T14/><DORA hai="115" /><D16/><U117/><E122/><V12/><F12/><AGARI ba="0,0" hai="12,14,15,49,50,57,58,59" m="1585,43625" machi="12" ten="40,5200,0" yaku="28,2,11,1" doraHai="90,115" who="0" fromWho="2" sc="180,52,250,0,220,-52,350,0" /><INIT seed="4,0,0,4,0,9" ten="232,250,168,350" oya="0" hai0="85,12,25,113,123,105,86,5,61,78,118,1,131" hai1="121,68,19,111,39,52,95,69,109,117,90,43,96" hai2="110,94,75,135,34,20,77,128,44,83,101,42,29" hai3="70,46,133,102,24,45,0,2,104,84,82,97,59"/><T27/><D1/><U17/><E121/><V30/><F110/><W65/><G70/><T119/><D123/><U14/><E117/><V79/><F135/><W33/><G133/><T49/><D105/><U50/><E39/><V74/><F128/><W47/><G65/><T99/><D131/><U18/><E43/><V134/><F134/><W57/><G33/><T4/><D119/><U6/><E69/><V15/><F34/><W71/><G71/><T125/><D118/><U23/><E68/><V37/><F94/><W55/><G24/><T60/><D125/><U73/><E73/><V10/><F101/><W108/><G108/><T21/><D113/><U35/><E35/><V112/><F112/><W28/><G28/><T72/><D72/><U93/><E111/><V7/><F20/><W126/><G126/><T40/><D99/><N who="1" m="57783" /><E6/><V13/><REACH who="2" step="1"/><F15/><REACH who="2" ten="232,250,158,350" step="2"/><W62/><G0/><T51/><D21/><U22/><E109/><V106/><F106/><W81/><G2/><T92/><D92/><U115/><E115/><V80/><AGARI ba="0,1" hai="7,10,13,29,30,37,42,44,74,75,77,79,80,83" machi="80" ten="30,7900,0" yaku="1,1,0,1,9,1,52,1,53,0" doraHai="9" doraHaiUra="89" who="2" fromWho="2" sc="232,-39,250,-20,158,89,350,-20" /><INIT seed="5,0,0,5,4,23" ten="193,230,247,330" oya="1" hai0="39,17,10,20,75,113,91,115,47,67,49,24,130" hai1="12,123,58,95,9,33,86,5,94,88,53,106,83" hai2="34,0,29,37,22,3,36,45,63,116,121,62,89" hai3="28,68,81,122,16,93,107,74,119,103,38,43,105"/><U87/><E123/><V7/><F116/><W76/><G122/><T61/><D75/><U114/><E106/><V18/><F121/><W110/><G110/><T98/><D39/><U134/><E114/><V27/><F89/><W102/><G68/><T42/><D130/><U57/><E134/><V26/><F37/><W97/><G28/><T50/><D50/><U124/><E124/><V132/><F132/><W40/><G119/><T120/><D120/><U64/><E33/><V59/><F7/><W52/><G38/><T4/><D91/><U79/><E64/><V96/><F96/><W117/><G117/><T35/><D98/><U111/><E111/><V48/><F36/><W44/><G16/><T31/><D67/><U73/><E73/><V51/><F62/><W54/><G54/><T129/><D61/><U8/><E95/><V1/><REACH who="2" step="1"/><F45/><REACH who="2" ten="193,230,237,330" step="2"/><W118/><G118/><T72/><D129/><U85/><E58/><V131/><F131/><W32/><G44/><T84/><D72/><U90/><E90/><V108/><F108/><W66/><G97/><T70/><D84/><N who="1" m="52487" /><E9/><V109/><F109/><W13/><G74/><T30/><D70/><U65/><E65/><AGARI ba="0,1" hai="0,1,3,18,22,26,27,29,34,48,51,59,63,65" machi="65" ten="40,5200,0" yaku="1,1,52,2,53,0" doraHai="23" doraHaiUra="112" who="2" fromWho="1" sc="193,0,230,-52,237,62,330,0" /><INIT seed="6,0,0,0,3,106" ten="193,178,299,330" oya="2" hai0="116,100,51,71,108,118,103,87,1,25,64,47,0" hai1="105,32,20,117,13,63,130,134,45,126,112,89,95" hai2="66,3,120,38,72,57,132,90,4,77,129,8,109" hai3="122,91,92,37,83,70,53,81,35,23,40,16,76"/><V111/><F120/><W123/><G35/><T125/><D108/><N who="2" m="41546" /><F132/><W59/><G70/><T80/><D125/><U67/><E105/><V69/><F129/><W27/><G37/><T12/><D25/><U85/><E117/><N who="0" m="45161" /><D12/><U82/><E112/><V29/><F90/><W44/><G44/><T97/><D64/><U78/><E32/><V43/><F29/><W5/><G5/><T115/><D71/><U99/><E130/><V102/><F102/><N who="0" m="38954" /><D97/><U96/><E134/><V10/><F10/><W33/><G40/><N who="0" m="25063" /><D115/><U68/><E126/><V93/><F93/><W21/><G21/><T131/><D131/><U107/><E107/><V9/><F9/><W49/><G33/><T60/><D60/><U110/><E110/><V46/><F57/><W26/><G27/><T31/><D31/><U119/><E119/><V24/><F24/><W14/><G26/><T50/><D50/><U133/><E133/><V22/><F22/><W73/><G83/><T114/><D114/><U74/><REACH who="1" step="1"/><E45/><REACH who="1" ten="193,168,299,330" step="2"/><V128/><F128/><W18/><G18/><AGARI ba="0,1" hai="13,18,20,63,67,68,74,78,82,85,89,95,96,99" machi="18" ten="40,5200,0" yaku="1,1,2,1,52,1,53,0" doraHai="106" doraHaiUra="101" who="1" fromWho="3" sc="193,0,168,62,299,0,330,-52" /><INIT seed="7,0,0,4,3,102" ten="193,230,299,278" oya="3" hai0="22,69,57,111,67,116,45,71,35,81,19,96,3" hai1="75,18,15,37,120,110,48,33,119,89,91,80,114" hai2="0,103,93,68,131,128,9,108,60,73,8,28,65" hai3="112,13,24,58,115,133,125,84,62,106,122,44,26"/><W53/><G122/><T55/><D111/><U27/><E37/><V82/><F108/><W135/><G125/><T20/><D116/><U87/><E110/><V11/><F28/><W46/><G13/><T76/><D35/><U95/><E114/><N who="3" m="43562" /><G84/><T30/><D3/><U124/><E124/><V39/><F39/><W94/><G94/><T66/><D71/><U31/><E119/><V64/><F64/><W17/><G106/><T113/><D113/><U123/><E48/><V21/><F21/><N who="3" m="13359" /><G26/><N who="0" m="16711" /><D69/><U100/><E100/><V23/><F23/><W107/><G107/><T14/><D45/><AGARI ba="0,0" hai="44,45,46,53,58,62,133,135" m="13359,43562" machi="45" ten="30,1500,0" yaku="15,1" doraHai="102" who="3" fromWho="0" sc="193,-15,230,0,299,0,278,15" /><INIT seed="7,1,0,5,4,124" ten="178,230,299,293" oya="3" hai0="18,79,67,41,12,94,11,45,120,112,58,128,75" hai1="62,71,81,54,28,113,26,32,70,22,122,35,3" hai2="15,109,59,123,20,132,50,40,107,6,100,60,111" hai3="78,43,33,80,30,99,72,39,97,110,53,104,42"/><W5/><G53/><T83/><D120/><U46/><E122/><V96/><F132/><W34/><G99/><T48/><D112/><U102/><E3/><V89/><F123/><W106/><G110/><T21/><D94/><U31/><E113/><V36/><F36/><W101/><G5/><T65/><D58/><U98/><E81/><V74/><F74/><W76/><G78/><T118/><D118/><U63/><E22/><V93/><F50/><W133/><G133/><T131/><REACH who="0" step="1"/><D11/><REACH who="0" ten="168,230,299,293" step="2"/><U9/><E9/><V130/><F130/><AGARI ba="1,1" hai="12,18,21,41,45,48,65,67,75,79,83,128,130,131" machi="130" ten="40,12000,2" yaku="1,1,2,1,19,1,52,3,53,1" doraHai="124" doraHaiUra="19" who="0" fromWho="2" sc="168,133,230,0,299,-123,293,0" owari="301,40.0,230,-17.0,176,-32.0,293,9.0" /></mjloggm>