<mjloggm ver="2.3"><GO type="41" lobby="0"/><UN n0="%E3%83%90%E3%82%A4%E3%83%90%E3%82%A4%E3%82%AD%E3%83%BC%E3%83%B3" n1="%E7%8E%8B%E7%89%8C%E5%BC%B7%E3%80%8C%E4%BB%AE%E3%80%8D" n2="%E2%93%9D%53%75%70%68%78" n3="%4B%65%6E%6A%69%2D%34%37" dan="14,14,18,17" rate="1927.68,1947.97,2063.20,2155.92" sx="M,M,M,M"/><TAIKYOKU oya="0"/><INIT seed="0,0,0,1,4,130" ten="250,250,250,250" oya="0" hai0="100,2,121,119,55,33,45,93,1,80,95,48,70" hai1="51,27,64,17,22,34,47,92,128,74,113,122,19" hai2="117,6,61,123,78,35,24,58,8,14,129,36,135" hai3="21,132,97,30,83,9,127,114,15,60,102,90,76"/><T29/><D119/><U99/><E122/><V20/><F123/><W12/><G114/><T101/><D70/><U118/><E128/><V68/><F36/><W94/><G127/><T105/><D121/><U53/><E118/><V84/><F35/><W116/><G116/><T0/><D100/><U10/><E74/><V115/><F115/><W96/><G132/><T72/><D29/><U86/><E34/><V56/><F129/><W3/><G3/><T18/><D33/><U103/><E113/><V79/><F58/><W40/><G40/><T111/><D111/><U133/><E133/><V87/><F68/><W62/><G21/><T63/><D63/><U32/><E32/><V52/><F135/><W7/><G15/><T5/><D5/><U28/><E86/><N who="2" m="32811" /><F117/><W104/><REACH who="3" step="1"/><G30/><AGARI ba="0,0" hai="6,8,14,20,24,30,52,56,61,78,79" m="32811" machi="30" ten="30,2000,0" yaku="8,1,54,1" doraHai="130" who="2" fromWho="3" sc="250,0,250,0,250,20,250,-20" /><INIT seed="1,0,0,1,5,113" ten="250,250,270,230" oya="1" hai0="43,82,7,91,62,46,75,9,61,19,112,31,132" hai1="27,17,121,135,99,33,37,115,122,94,80,90,107" hai2="54,14,47,38,95,76,50,41,42,66,133,21,16" hai3="29,125,1,77,109,45,69,89,60,71,36,6,3"/><U44/><E115/><V126/><F126/><W116/><G89/><T23/><D31/><U124/><E135/><V118/><F133/><W100/><G109/><T120/><D120/><U58/><E124/><V22/><F118/><W92/><G92/><T18/><D132/><U26/><E107/><V67/><F76/><W97/><G125/><T105/><D105/><U11/><E27/><V68/><F68/><W5/><G5/><T83/><D112/><U114/><E58/><V56/><F42/><W24/><G77/><T119/><D119/><U0/><E114/><V87/><F22/><W59/><G6/><T65/><D61/><U64/><E64/><V88/><AGARI ba="0,0" hai="14,16,21,38,41,47,50,54,56,66,67,87,88,95" machi="88" ten="30,8000,1" yaku="0,1,25,2,54,2" doraHai="113" who="2" fromWho="2" sc="250,-20,250,-40,270,80,230,-20" /><INIT seed="2,0,0,5,1,74" ten="230,210,350,210" oya="2" hai0="89,47,99,122,4,131,39,100,87,58,73,60,13" hai1="1,43,124,112,3,67,23,27,128,97,42,46,53" hai2="49,35,41,15,62,134,83,102,78,65,8,72,30" hai3="117,132,69,135,7,51,110,45,6,107,129,56,26"/><V50/><F134/><W106/><G69/><T11/><D131/><U68/><E112/><V12/><F102/><W34/><G117/><T22/><D73/><U57/><E124/><V130/><F130/><W48/><G56/><T111/><D111/><U10/><E128/><V82/><F35/><W104/><G129/><T9/><D22/><U80/><E97/><V98/><F30/><W118/><G118/><T64/><D39/><U115/><E115/><V31/><F31/><N who="3" m="19831" /><G51/><T37/><D122/><U119/><E68/><V77/><F98/><W94/><G94/><T66/><D47/><U109/><E67/><V38/><F38/><W95/><G95/><T126/><D126/><U86/><E43/><V92/><F92/><W17/><G17/><T70/><D37/><U19/><E10/><V24/><F8/><W32/><G32/><T21/><D21/><U75/><E75/><V113/><F113/><W121/><G121/><T5/><D99/><U103/><E103/><V33/><F33/><W0/><G0/><T93/><D100/><U85/><E85/><V81/><F72/><W52/><G110/><T63/><D9/><U125/><E125/><V96/><F96/><W88/><G88/><T44/><D44/><U16/><E19/><AGARI ba="0,0" hai="4,5,11,13,19,58,60,63,64,66,70,87,89,93" machi="19" ten="30,1000,0" yaku="7,1" doraHai="74" who="0" fromWho="1" sc="230,10,210,-10,350,0,210,0" /><INIT seed="3,0,0,2,4,78" ten="240,200,350,210" oya="3" hai0="16,38,134,128,115,127,43,33,65,129,27,56,72" hai1="49,47,83,73,60,52,7,108,35,84,18,54,26" hai2="17,46,119,109,75,111,74,62,30,6,100,8,125" hai3="104,9,87,22,97,98,112,1,126,101,106,57,59"/><W28/><G112/><T71/><D72/><U4/><E108/><N who="2" m="41547" /><F119/><W31/><G126/><T120/><D127/><U3/><E73/><V92/><F30/><W45/><G45/><N who="0" m="23799" /><D33/><U91/><E3/><V135/><F135/><W90/><G22/><N who="0" m="13767" /><D120/><U113/><E113/><V41/><F17/><W114/><G114/><T0/><D0/><U29/><E18/><V102/><F92/><W88/><G1/><T132/><D115/><U55/><REACH who="1" step="1"/><E60/><REACH who="1" ten="240,190,350,210" step="2"/><V64/><F75/><W44/><G44/><T133/><D71/><U89/><E89/><V14/><F74/><W94/><G9/><T61/><AGARI ba="0,1" hai="56,61,65,128,129,132,133,134" m="13767,23799" machi="61" ten="40,2700,0" yaku="20,1,54,1" doraHai="78" who="0" fromWho="0" sc="240,37,190,-7,350,-7,210,-13" /><INIT seed="4,0,0,2,1,50" ten="277,183,343,197" oya="0" hai0="18,135,32,19,134,76,54,70,87,63,17,22,11" hai1="41,86,66,88,73,115,46,42,28,12,129,64,49" hai2="0,20,40,89,35,56,97,65,44,26,69,132,16" hai3="48,110,83,59,108,113,68,38,39,101,23,7,92"/><T123/><D32/><U131/><E73/><V53/><F0/><W91/><G68/><T24/><D123/><U118/><E28/><V116/><F132/><N who="0" m="50730" /><D11/><U119/><E42/><V6/><F116/><W93/><G7/><T67/><D54/><U3/><E3/><V85/><F69/><W15/><G83/><AGARI ba="0,0" hai="17,18,19,22,24,63,67,70,76,83,87" m="50730" machi="83" ten="30,1500,0" yaku="20,1" doraHai="50" who="0" fromWho="3" sc="277,15,183,0,343,0,197,-15" /><INIT seed="4,1,0,2,5,34" ten="292,183,343,182" oya="0" hai0="130,78,39,9,13,53,93,67,104,64,3,7,102" hai1="79,113,44,31,112,127,23,72,128,26,120,19,98" hai2="117,63,69,70,51,61,42,80,32,122,18,109,49" hai3="52,24,65,4,47,106,111,124,95,91,54,33,88"/><T40/><D130/><U15/><E72/><V89/><F32/><W14/><G106/><T56/><D78/><U17/><E79/><V27/><F27/><W77/><G111/><T126/><D104/><U48/><E98/><V87/><F109/><W131/><G65/><T110/><D110/><U36/><E36/><V119/><F18/><W118/><G118/><N who="2" m="45065" /><F122/><W135/><G124/><T133/><D133/><U132/><E128/><V96/><F96/><W58/><G135/><T21/><D102/><U66/><E66/><N who="2" m="41167" /><F42/><W107/><G107/><T105/><D93/><U84/><E132/><V71/><F63/><W60/><G33/><T30/><D105/><U74/><E19/><V101/><F101/><W125/><G125/><T35/><D126/><U97/><E97/><V86/><F86/><W85/><G131/><T123/><D123/><U25/><E84/><V129/><F129/><W38/><G24/><N who="0" m="18887" /><D40/><U73/><E120/><V121/><F121/><W20/><G95/><T11/><D11/><U94/><E94/><V114/><F114/><N who="1" m="44137" /><E127/><V100/><F100/><W99/><G99/><T76/><D76/><U29/><E26/><V115/><F115/><W116/><G116/><T75/><D39/><U1/><E74/><V50/><AGARI ba="1,0" hai="49,50,51,70,71,80,87,89" m="41167,45065" machi="50" ten="30,1100,0" yaku="12,1" doraHai="34" who="2" fromWho="2" sc="292,-6,183,-4,343,14,182,-4" /><INIT seed="5,0,0,1,2,39" ten="286,179,357,178" oya="1" hai0="120,101,75,88,71,47,60,42,32,25,61,48,33" hai1="5,89,90,97,91,114,132,20,59,0,127,70,113" hai2="106,62,74,58,46,82,35,85,52,110,95,119,30" hai3="126,51,50,125,102,108,41,43,21,103,109,29,9"/><U28/><E70/><V81/><F110/><N who="3" m="42603" /><G21/><T66/><D75/><U93/><E0/><V92/><F106/><W19/><G19/><T96/><D120/><U115/><E5/><V16/><F119/><W84/><G9/><T55/><D88/><N who="1" m="33899" /><E28/><V65/><F74/><W79/><G84/><T69/><D25/><U133/><E20/><V44/><F35/><W98/><G79/><T49/><D71/><U107/><E59/><V15/><F30/><W129/><G98/><T4/><D4/><U134/><E127/><N who="3" m="48650" /><G29/><T80/><D80/><N who="2" m="30826" /><F85/><W68/><G68/><T24/><D24/><U54/><E54/><V10/><F52/><W23/><G23/><T131/><D61/><U83/><E83/><V105/><F62/><W67/><G67/><T53/><D53/><U8/><E8/><V130/><F65/><W14/><G14/><T56/><REACH who="0" step="1"/><D131/><REACH who="0" ten="276,179,357,178" step="2"/><U34/><E34/><V135/><F130/><W7/><G129/><T38/><D38/><U17/><E17/><V94/><F16/><W104/><G7/><T13/><D13/><U37/><E37/><V77/><F15/><W76/><G76/><T2/><D2/><U116/><E116/><V78/><F78/><W12/><G12/><T27/><D27/><U121/><E121/><V72/><F77/><W36/><G36/><T45/><D45/><U87/><E87/><V100/><F46/><N who="3" m="25935" /><G104/><AGARI ba="0,1" hai="32,33,42,47,48,49,55,56,60,66,69,96,101,104" machi="104" ten="30,3900,0" yaku="1,1,7,1,52,1,53,0" doraHai="39" doraHaiUra="26" who="0" fromWho="3" sc="276,49,179,0,357,0,178,-39" /><AGARI ba="0,0" hai="91,93,97,104,107,113,114,115,132,133,134" m="33899" machi="104" ten="40,12000,1" yaku="15,1,20,1,34,2,54,1" doraHai="39" who="1" fromWho="3" sc="325,0,179,120,357,0,139,-120" /><INIT seed="5,1,0,4,0,42" ten="325,299,357,19" oya="1" hai0="124,1,24,9,77,94,4,103,107,73,22,96,123" hai1="40,53,83,49,15,48,35,114,44,57,110,113,66" hai2="62,69,85,98,71,10,88,41,126,99,106,36,8" hai3="0,115,51,25,101,81,117,76,112,52,13,104,32"/><U61/><E35/><V47/><F126/><W65/><G0/><T135/><D124/><U86/><E110/><V56/><F71/><W125/><G125/><T92/><D135/><U5/><E5/><V33/><F69/><W102/><G65/><T26/><D123/><U54/><E15/><V31/><F33/><W75/><G117/><T74/><D26/><U11/><E11/><V70/><F70/><W39/><G39/><T63/><D63/><U3/><E3/><V131/><F131/><W121/><G121/><T108/><D108/><U19/><E19/><V84/><F84/><W14/><G104/><T50/><D92/><U128/><E128/><V27/><F106/><W18/><G102/><T80/><D107/><U129/><E129/><V100/><F100/><W89/><G89/><T38/><D38/><U60/><E66/><V122/><F122/><W23/><G101/><T17/><REACH who="0" step="1"/><D50/><REACH who="0" ten="315,299,357,19" step="2"/><U109/><E109/><V134/><F134/><W119/><G119/><T45/><D45/><N who="1" m="27791" /><E40/><V118/><F118/><W127/><G127/><T111/><D111/><U95/><E95/><V2/><F41/><W30/><REACH who="3" step="1"/><G13/><REACH who="3" ten="315,299,357,9" step="2"/><T6/><D6/><U12/><E12/><V82/><F36/><W91/><G91/><T28/><D28/><U59/><E61/><V68/><F62/><W105/><G105/><T64/><D64/><U133/><E133/><V58/><F31/><W116/><G116/><T46/><D46/><AGARI ba="1,2" hai="14,18,23,25,30,32,46,51,52,75,76,81,112,115" machi="46" ten="40,5200,0" yaku="1,1,52,1,54,1,53,0" doraHai="42" doraHaiUra="55" who="3" fromWho="0" sc="315,-55,299,0,357,0,9,75" /><INIT seed="6,0,0,1,1,134" ten="260,299,357,84" oya="2" hai0="123,74,129,35,88,111,12,44,76,25,90,79,105" hai1="120,62,54,72,67,122,42,65,28,2,21,0,63" hai2="15,16,135,130,18,27,23,59,115,45,8,41,116" hai3="103,97,125,121,50,70,53,52,20,95,73,109,24"/><V48/><F130/><W102/><G109/><T87/><D111/><U117/><E72/><V101/><F115/><W96/><G121/><N who="1" m="46698" /><E21/><V33/><F135/><W9/><G70/><T51/><D123/><U80/><E80/><V133/><F116/><W107/><G73/><T127/><D129/><U66/><E54/><V110/><F33/><W78/><G78/><T104/><D35/><U39/><E117/><V61/><F133/><W131/><G131/><T106/><D25/><U34/><E34/><V69/><F110/><W30/><G9/><T128/><D128/><U77/><E77/><V92/><F69/><W3/><G3/><N who="1" m="1066" /><E42/><V86/><F86/><W60/><G60/><N who="1" m="23082" /><E39/><V108/><F108/><W93/><G53/><T6/><D74/><U31/><AGARI ba="0,0" hai="28,31,65,66,67" m="23082,1066,46698" machi="31" ten="40,5200,0" yaku="28,2,13,1" doraHai="134" who="1" fromWho="1" sc="260,-13,299,52,357,-26,84,-13" /><INIT seed="7,0,0,3,4,128" ten="247,351,331,71" oya="3" hai0="81,7,121,4,42,23,45,116,65,10,39,56,105" hai1="58,0,29,87,77,48,86,131,47,114,90,13,16" hai2="101,62,92,63,19,75,102,127,11,55,61,123,120" hai3="31,67,94,79,50,104,103,17,26,15,96,117,66"/><W134/><G117/><T100/><D116/><U35/><E114/><V130/><F75/><W109/><G109/><T22/><D121/><N who="2" m="46666" /><F130/><W83/><G104/><T57/><D105/><U36/><E0/><V78/><F78/><W69/><G69/><T59/><D65/><U64/><E35/><V18/><F127/><W33/><G50/><T40/><D100/><N who="2" m="38506" /><F92/><W125/><G125/><T30/><D42/><N who="1" m="24695" /><E36/><V107/><F107/><W1/><G1/><T115/><D115/><U108/><E108/><V51/><F11/><W91/><G103/><T12/><D4/><U2/><E2/><V89/><F89/><W68/><G68/><T32/><D32/><U8/><E77/><V118/><F118/><W119/><G119/><T5/><D5/><U111/><E131/><V44/><AGARI ba="0,0" hai="18,19,44,51,55,61,62,63" m="38506,46666" machi="44" ten="40,1500,0" yaku="13,1" doraHai="128" who="2" fromWho="2" sc="247,-4,351,-4,331,15,71,-7" owari="243,-16.0,347,45.0,346,15.0,64,-44.0" /></mjloggm>