<mjloggm ver="2.3"><GO type="41" lobby="0"/><UN n0="%E3%82%8A%E3%82%85%E3%81%86%E3%82%8A%E3%82%85%E3%81%86" n1="%E2%93%9D%53%75%70%68%78" n2="%4B%65%6B%61%79%75%74%61" n3="%E3%83%80%E3%83%96%E3%83%AB%E3%83%AA%E3%83%BC%E3%83%81%E3%81%AB%E3%82%83" dan="13,17,15,13" rate="1890.43,2038.04,2026.04,1916.30" sx="M,M,M,M"/><TAIKYOKU oya="0"/><INIT seed="0,0,0,4,4,90" ten="250,250,250,250" oya="0" hai0="17,40,9,38,33,67,107,86,118,111,16,62,6" hai1="129,30,53,102,26,73,36,68,14,29,1,105,46" hai2="77,25,97,34,7,121,134,60,15,58,27,96,81" hai3="78,132,104,12,94,2,10,116,76,39,55,83,49"/><T103/><D118/><U95/><E105/><V18/><F121/><W24/><G104/><T42/><D33/><U45/><E1/><V79/><F134/><W11/><G39/><T20/><D111/><U124/><E73/><V98/><F34/><W59/><G132/><T93/><D38/><U119/><E124/><V126/><F126/><W47/><G116/><T50/><D107/><U31/><E129/><V0/><F0/><W85/><G24/><N who="2" m="9289" /><F81/><W72/><G76/><N who="2" m="29257" /><F7/><W123/><G123/><T120/><D120/><U88/><E68/><V100/><F100/><W127/><G127/><T22/><D50/><U89/><E26/><V23/><F98/><W71/><G71/><T5/><D9/><U82/><E36/><V19/><F18/><N who="0" m="7274" /><D67/><AGARI ba="0,0" hai="15,19,23,58,60,67,96,97" m="29257,9289" machi="67" ten="30,1000,0" yaku="8,1" doraHai="90" who="2" fromWho="0" sc="250,-10,250,0,250,10,250,0" /><INIT seed="1,0,0,0,2,86" ten="240,250,260,250" oya="1" hai0="116,77,6,46,79,24,55,19,9,20,121,90,104" hai1="84,101,38,7,39,78,117,54,96,111,91,13,18" hai2="103,127,74,8,102,72,133,37,44,35,22,93,76" hai3="132,92,94,26,83,42,99,43,3,134,53,69,110"/><U131/><E117/><V32/><F37/><W25/><G110/><T60/><D104/><U16/><E78/><V65/><F8/><W113/><G113/><T89/><D116/><U126/><E131/><V2/><F2/><W130/><G130/><T75/><D75/><U105/><E126/><V98/><F44/><W48/><G69/><T68/><D68/><U34/><E34/><V95/><F65/><W122/><G3/><T73/><D73/><U57/><E7/><V31/><F76/><W82/><G122/><T118/><D118/><U5/><E5/><V36/><F36/><W10/><G10/><T114/><D114/><U129/><E18/><V115/><F133/><W119/><G119/><T123/><D60/><U61/><E111/><V14/><F127/><W66/><G66/><T87/><D87/><U62/><E62/><V63/><F63/><W29/><G99/><T0/><D77/><U28/><E28/><V59/><F59/><W41/><G43/><T11/><D11/><U52/><E54/><V67/><F67/><W124/><G124/><T27/><D27/><U135/><E135/><V47/><F31/><W100/><G29/><T17/><D17/><U70/><E129/><V106/><F74/><W58/><G53/><T21/><D21/><N who="1" m="11407" /><E70/><V107/><F72/><W12/><G58/><T81/><D79/><U120/><E120/><N who="0" m="46153" /><D81/><N who="1" m="49551" /><E105/><V50/><F107/><W51/><REACH who="3" step="1"/><G12/><REACH who="3" ten="240,250,260,240" step="2"/><T108/><D108/><U71/><E71/><V80/><F14/><W45/><G45/><T125/><D125/><U112/><E112/><V56/><F115/><W88/><G88/><RYUUKYOKU ba="0,1" sc="240,10,250,10,260,-30,240,10" hai0="0,6,9,19,20,24,46,55,89,90" hai1="38,39,52,57,61,96,101" hai3="25,26,41,42,48,51,82,83,92,94,100,132,134" /><INIT seed="1,1,1,5,1,27" ten="250,260,230,250" oya="1" hai0="99,21,0,57,9,25,37,7,18,26,41,2,43" hai1="83,34,75,101,120,96,117,10,81,46,65,77,58" hai2="113,134,20,12,82,103,30,39,135,71,76,104,79" hai3="64,1,50,29,69,97,73,86,114,111,23,8,115"/><U32/><E117/><V62/><F39/><W119/><G73/><T109/><D37/><U68/><E120/><V93/><F104/><W45/><G119/><T55/><D109/><U80/><E58/><V112/><F103/><W15/><G111/><T90/><D2/><U22/><E22/><V124/><F93/><W133/><G133/><N who="2" m="50697" /><F124/><W49/><G97/><T100/><D26/><U105/><E46/><V84/><F71/><W122/><G122/><T121/><D121/><U6/><E83/><V3/><F3/><W95/><G1/><T131/><D131/><U47/><E81/><V51/><F62/><W78/><G69/><T44/><D44/><U89/><E89/><N who="2" m="51351" /><F51/><W38/><G38/><T11/><D11/><U74/><E74/><V87/><F87/><W126/><G8/><T129/><D129/><U107/><E107/><V13/><F30/><W127/><G86/><T132/><D132/><U24/><E47/><V98/><F98/><W130/><G45/><T61/><D100/><U94/><E94/><AGARI ba="1,1" hai="0,7,9,18,21,25,41,43,55,57,61,90,94,99" machi="94" ten="40,2600,0" yaku="25,2" doraHai="27" who="0" fromWho="1" sc="250,39,260,-29,230,0,250,0" /><INIT seed="2,0,0,1,5,87" ten="289,231,230,250" oya="2" hai0="123,48,133,68,125,92,126,54,56,122,49,104,62" hai1="26,106,91,95,99,108,134,57,65,7,114,35,121" hai2="132,17,5,15,42,33,64,90,59,113,4,94,71" hai3="6,77,51,82,45,110,102,74,117,81,80,67,18"/><V75/><F113/><W1/><G117/><T103/><D104/><U55/><E114/><V30/><F75/><W19/><G110/><T12/><D103/><U13/><E108/><V40/><F71/><W22/><G67/><N who="0" m="41079" /><D92/><U47/><E134/><V25/><F42/><W3/><G102/><T61/><D12/><U101/><E121/><N who="0" m="46089" /><D133/><U28/><E65/><V63/><F40/><W29/><G29/><T9/><D9/><U100/><E47/><V31/><F31/><W50/><G77/><T60/><D60/><U128/><E101/><V85/><REACH who="2" step="1"/><F132/><REACH who="2" ten="289,231,220,250" step="2"/><W97/><G74/><T105/><D105/><U24/><E28/><V34/><F34/><W36/><G36/><T78/><D78/><U124/><E35/><V8/><AGARI ba="0,1" hai="4,5,8,15,17,25,30,33,59,63,64,85,90,94" machi="8" ten="20,7800,0" yaku="1,1,0,1,7,1,52,1,53,0" doraHai="87" doraHaiUra="16" who="2" fromWho="2" sc="289,-26,231,-26,220,88,250,-26" /><INIT seed="2,1,0,0,2,121" ten="263,205,308,224" oya="2" hai0="19,125,96,84,67,117,38,115,59,66,72,108,51" hai1="85,135,104,28,131,97,44,91,0,58,31,1,126" hai2="105,15,4,107,74,132,101,34,62,110,52,18,7" hai3="26,111,43,17,16,48,9,90,123,118,25,10,99"/><V6/><F34/><W32/><G123/><T109/><D38/><U122/><E122/><V102/><F74/><W53/><G118/><T93/><D72/><U133/><E58/><N who="2" m="35143" /><F107/><W87/><G43/><T112/><D117/><U24/><E126/><V42/><F105/><W22/><G99/><T70/><D70/><U46/><E131/><V98/><F132/><N who="1" m="50761" /><E31/><V119/><F119/><W36/><G36/><T54/><D84/><U13/><E13/><V41/><F110/><N who="0" m="42602" /><D19/><N who="3" m="7241" /><G32/><T37/><D37/><U79/><E28/><V63/><F63/><W23/><G111/><T103/><D125/><U75/><E75/><V124/><F98/><W29/><G29/><T49/><D49/><U21/><E97/><V2/><F2/><W83/><G26/><T86/><D86/><U33/><E24/><V71/><F71/><W76/><G25/><T12/><D12/><U14/><E14/><V8/><F124/><W64/><G9/><T40/><D40/><AGARI ba="1,0" hai="4,6,7,8,15,18,40,41,42,101,102" m="35143" machi="40" ten="30,2900,0" yaku="8,1,54,1" doraHai="121" who="2" fromWho="0" sc="263,-32,205,0,308,32,224,0" /><INIT seed="2,2,0,5,5,127" ten="231,205,340,224" oya="2" hai0="109,17,1,112,49,62,70,9,63,3,92,2,119" hai1="97,50,128,114,51,44,88,14,13,73,27,77,108" hai2="122,123,0,93,60,59,101,43,71,57,90,124,78" hai3="11,35,34,39,7,118,41,99,75,106,74,80,36"/><V133/><F0/><N who="3" m="487" /><G118/><T91/><D112/><U20/><E114/><V25/><F124/><W23/><G23/><T65/><D119/><U121/><E108/><V96/><F133/><W107/><G41/><T15/><D109/><U131/><E77/><V98/><F78/><N who="3" m="44119" /><G75/><T53/><D62/><U52/><E51/><V103/><F43/><W111/><G111/><T37/><D37/><N who="3" m="14409" /><G99/><T28/><D28/><N who="1" m="17511" /><E73/><V16/><F71/><W45/><G45/><T89/><REACH who="0" step="1"/><D92/><REACH who="0" ten="221,205,340,224" step="2"/><N who="1" m="56455" /><E121/><V24/><F60/><W19/><G19/><T116/><D116/><U84/><E84/><V58/><F16/><W66/><G66/><T81/><D81/><U83/><E83/><V47/><F123/><W61/><G61/><T110/><D110/><U29/><E29/><V26/><F122/><W40/><G107/><T85/><D85/><U117/><E117/><V100/><REACH who="2" step="1"/><F47/><AGARI ba="2,1" hai="1,2,3,9,15,17,47,49,53,63,65,70,89,91" machi="47" ten="40,2600,0" yaku="1,1,53,1" doraHai="127" doraHaiUra="64" who="0" fromWho="2" sc="221,42,205,0,340,-32,224,0" /><INIT seed="3,0,0,0,0,85" ten="263,205,308,224" oya="3" hai0="57,62,68,132,9,112,131,133,52,102,83,26,84" hai1="128,45,122,16,125,114,28,40,67,81,54,76,94" hai2="71,89,87,116,73,110,0,29,101,31,97,51,99" hai3="111,13,59,103,72,91,34,66,78,100,121,5,92"/><W113/><G113/><T124/><D112/><U115/><E122/><V25/><F110/><W56/><G121/><T8/><D68/><U63/><E28/><V80/><F71/><W74/><G34/><T22/><D124/><U75/><E54/><V3/><F116/><W49/><G111/><T79/><D102/><U95/><E128/><V120/><F99/><W2/><G2/><T50/><D50/><U90/><E95/><V88/><F73/><W12/><G78/><T27/><D131/><U43/><E43/><V70/><F70/><W98/><G74/><T18/><REACH who="0" step="1"/><D27/><REACH who="0" ten="253,205,308,224" step="2"/><U36/><E125/><V135/><F120/><W37/><G49/><T93/><D93/><U82/><E115/><V48/><F101/><W33/><G100/><T130/><D130/><U46/><E114/><V109/><F109/><W1/><G92/><T30/><D30/><U64/><E94/><N who="2" m="56519" /><F135/><AGARI ba="0,1" hai="8,9,18,22,26,52,57,62,79,83,84,132,133,135" machi="135" ten="40,5200,0" yaku="1,1,20,1,54,1,53,0" doraHai="85" doraHaiUra="24" who="0" fromWho="2" sc="253,62,205,0,308,-52,224,0" /><INIT seed="4,0,0,2,1,111" ten="315,205,256,224" oya="0" hai0="79,106,93,103,74,116,40,117,50,55,97,84,2" hai1="7,89,88,123,120,125,31,77,1,30,9,78,124" hai2="10,8,99,91,71,75,80,57,51,54,17,101,108" hai3="109,19,49,0,114,100,61,115,86,65,73,13,133"/><T45/><D2/><U105/><E105/><V36/><F108/><W70/><G73/><T25/><D25/><U58/><E58/><V53/><F71/><W92/><G0/><T68/><D68/><U76/><E1/><V134/><F36/><W28/><G109/><T112/><D112/><N who="3" m="43049" /><G133/><T37/><D37/><U66/><E9/><V52/><F134/><W119/><G119/><T122/><D40/><U18/><E18/><V11/><F75/><W60/><G28/><N who="1" m="10794" /><E66/><V41/><F41/><W127/><G127/><N who="1" m="48714" /><E7/><V12/><F80/><W27/><G27/><T107/><D122/><AGARI ba="0,0" hai="76,77,78,88,89,120,122,123" m="48714,10794" machi="122" ten="40,8000,1" yaku="28,2,18,1,54,1" doraHai="111" who="1" fromWho="0" sc="315,-80,205,80,256,0,224,0" /><INIT seed="5,0,0,2,2,67" ten="235,285,256,224" oya="1" hai0="133,70,34,129,39,128,26,28,108,110,23,75,81" hai1="42,117,52,27,66,3,55,37,119,1,0,7,115" hai2="38,93,4,35,12,68,40,88,22,18,29,6,78" hai3="5,124,46,123,76,69,45,74,94,16,100,122,125"/><U48/><E7/><V106/><F106/><W113/><G5/><T96/><D96/><U134/><E115/><V10/><F78/><W127/><G113/><T135/><D39/><U112/><E112/><V114/><F114/><W31/><G31/><T73/><D81/><U15/><E15/><V111/><F111/><N who="0" m="42538" /><D23/><U59/><E134/><N who="0" m="51209" /><D70/><U36/><E27/><V116/><F68/><W58/><G69/><T130/><AGARI ba="0,0" hai="26,28,34,73,75,128,129,130" m="51209,42538" machi="130" ten="40,5200,0" yaku="19,1,20,1,23,1" doraHai="67" who="0" fromWho="0" sc="235,52,285,-26,256,-13,224,-13" /><INIT seed="6,0,0,4,1,40" ten="287,259,243,211" oya="2" hai0="124,96,133,54,82,76,46,130,125,105,65,131,62" hai1="69,84,43,12,83,42,31,57,91,94,92,49,113" hai2="2,107,33,114,58,6,110,90,100,106,11,104,120" hai3="19,95,41,52,59,63,22,20,135,44,26,61,119"/><V5/><F120/><W1/><G135/><T60/><D105/><U87/><E69/><V108/><F33/><W132/><G132/><T73/><D96/><U24/><E113/><V45/><F114/><W23/><G1/><T3/><D3/><U74/><E74/><V128/><F128/><N who="0" m="49194" /><D133/><U123/><E12/><V66/><F100/><W21/><G119/><T112/><D112/><U89/><E83/><V75/><F75/><W47/><G41/><T68/><D62/><U13/><E13/><V97/><F6/><W78/><G78/><T34/><D34/><U118/><E123/><V8/><F8/><W115/><G115/><T39/><D54/><U101/><E101/><V17/><F17/><W99/><G63/><T103/><D103/><AGARI ba="0,0" hai="19,20,21,22,23,26,44,47,52,59,61,95,99,103" machi="103" ten="40,8000,1" yaku="8,1,52,2,54,1" doraHai="40" who="3" fromWho="0" sc="287,-80,259,0,243,0,211,80" /><INIT seed="7,0,0,5,4,127" ten="207,259,243,291" oya="3" hai0="98,92,34,60,38,0,30,80,93,133,107,37,10" hai1="123,120,58,65,116,62,54,61,74,96,45,28,79" hai2="55,97,23,90,134,5,11,130,122,104,27,52,99" hai3="21,115,89,71,94,119,29,95,1,118,66,9,53"/><W18/><G29/><T32/><D133/><U78/><E74/><V108/><F108/><W19/><G115/><T16/><D107/><U109/><E96/><V64/><F134/><W40/><G40/><T50/><D50/><U68/><E79/><V86/><F130/><W36/><G36/><T33/><D80/><U76/><E76/><V42/><F104/><W46/><G71/><T72/><D72/><U12/><E12/><N who="2" m="5231" /><F64/><W56/><G1/><T102/><D92/><U131/><E28/><N who="2" m="17535" /><F42/><W82/><G9/><T8/><D60/><U106/><E78/><V87/><F87/><N who="3" m="50423" /><G119/><T81/><D81/><U15/><E116/><V59/><F55/><W114/><G114/><T67/><D67/><U31/><E65/><V135/><F122/><W35/><G35/><T57/><D57/><U17/><E58/><V6/><F6/><W39/><G39/><T26/><D0/><U124/><E123/><V105/><F105/><W3/><G3/><T128/><D38/><U103/><E106/><V91/><F91/><W75/><G75/><T13/><D37/><U73/><E73/><V112/><F112/><W129/><G118/><T110/><D110/><U43/><E109/><V51/><F135/><W25/><G18/><T117/><D117/><U7/><E17/><V44/><F44/><W63/><G129/><T100/><D100/><U125/><E131/><V22/><F22/><W113/><G113/><T85/><D128/><U88/><E120/><V69/><F69/><W2/><G2/><T101/><D101/><U84/><E103/><V24/><F24/><W132/><G132/><RYUUKYOKU ba="0,0" sc="207,-15,259,-15,243,15,291,15" hai2="51,52,59,86,90,97,99" hai3="19,21,25,46,53,56,63,66,94,95" owari="192,-31.0,244,-16.0,258,6.0,306,41.0" /></mjloggm>