<mjloggm ver="2.3"><GO type="41" lobby="0"/><UN n0="%E7%99%BD%E3%83%9D%E3%83%83%E3%83%81%E3%81%AE%E7%99%BD%E6%9C%A8" n1="%E3%81%BF%E3%81%8B%E3%82%93%E3%81%B6%E3%81%A9%E3%81%86" n2="%E2%93%9D%53%75%70%68%78" n3="%EF%BC%95%EF%BC%91%EF%BC%99%EF%BD%8B%EF%BD%8B" dan="13,14,18,14" rate="1821.14,1912.42,2156.34,1984.64" sx="M,M,M,M"/><TAIKYOKU oya="0"/><INIT seed="0,0,0,3,4,118" ten="250,250,250,250" oya="0" hai0="23,92,55,61,3,101,60,25,84,53,72,132,51" hai1="108,80,39,125,86,2,85,54,120,69,28,56,96" hai2="124,71,109,52,19,135,83,123,128,7,114,122,62" hai3="97,30,1,9,74,59,11,8,103,99,81,93,5"/><T95/><D3/><U111/><E39/><V116/><F7/><W119/><G119/><T131/><D72/><U20/><E69/><V44/><F116/><W22/><G99/><T43/><D132/><U73/><E125/><V113/><F19/><W79/><REACH who="3" step="1"/><G59/><REACH who="3" ten="250,250,250,240" step="2"/><T0/><D131/><U63/><E96/><V6/><F128/><W106/><G106/><T40/><D0/><U107/><E2/><V89/><F124/><W13/><G13/><T130/><D130/><U67/><E107/><V27/><F135/><W100/><G100/><T70/><D101/><U65/><E56/><V18/><F114/><W31/><G31/><T87/><D70/><U29/><E28/><V76/><F113/><W45/><G45/><T129/><D129/><U88/><E29/><V21/><F71/><W94/><G94/><N who="0" m="35883" /><D55/><U49/><E54/><V26/><F52/><W68/><G68/><T112/><D112/><U24/><E67/><V12/><F44/><W91/><G91/><T42/><D53/><U102/><E65/><V16/><F89/><W37/><G37/><T126/><D126/><U104/><E88/><V46/><F46/><W17/><G17/><N who="0" m="12527" /><D51/><U115/><E49/><V47/><F47/><W38/><G38/><T121/><D121/><U117/><E120/><V32/><F123/><W98/><G98/><T36/><D36/><U48/><E48/><V64/><F122/><W14/><G14/><T15/><D15/><U90/><E102/><V110/><F12/><W57/><G57/><T105/><D105/><U66/><E104/><V41/><F64/><W35/><G35/><RYUUKYOKU ba="0,1" sc="250,15,250,-15,250,-15,240,15" hai0="40,42,43,60,61,84,87" hai3="1,5,8,9,11,22,30,74,79,81,93,97,103" /><INIT seed="0,1,1,1,3,128" ten="265,235,235,255" oya="0" hai0="107,115,60,87,59,127,108,109,119,97,118,63,80" hai1="16,28,68,55,15,130,74,8,75,34,103,7,102" hai2="52,96,56,105,132,23,22,100,83,24,11,37,73" hai3="21,4,81,98,125,46,26,13,6,61,66,20,47"/><T85/><D59/><U106/><E130/><V112/><F112/><W99/><G125/><T12/><D115/><U2/><E68/><V78/><F37/><W39/><G81/><T14/><D80/><U122/><E122/><V110/><F110/><N who="0" m="42602" /><D107/><U64/><E64/><V53/><F132/><W117/><G117/><N who="0" m="44555" /><D97/><U70/><E70/><V41/><F41/><W17/><G39/><T67/><D127/><U77/><E55/><V49/><F24/><W58/><G99/><T69/><D67/><U72/><E77/><V93/><F105/><W65/><G65/><T50/><D50/><U62/><E62/><N who="0" m="23593" /><D69/><U43/><E43/><V29/><F53/><W1/><G98/><T38/><D38/><U104/><E106/><V92/><F92/><W51/><G47/><T3/><D3/><U27/><REACH who="1" step="1"/><E104/><REACH who="1" ten="265,225,235,255" step="2"/><V40/><F40/><N who="3" m="25031" /><G1/><T129/><D129/><U76/><E76/><V10/><F78/><W94/><G94/><T131/><D131/><U5/><E5/><V19/><F93/><W114/><G114/><T124/><D124/><U18/><E18/><AGARI ba="1,2" hai="4,6,13,17,18,20,21,26,58,61,66" m="25031" machi="18" ten="30,1000,0" yaku="8,1" doraHai="128" who="3" fromWho="1" sc="265,0,225,-13,235,0,255,33" /><INIT seed="1,0,0,2,1,126" ten="265,212,235,288" oya="1" hai0="94,19,116,0,76,46,14,107,16,57,119,63,10" hai1="49,79,125,20,89,74,13,103,30,85,81,62,77" hai2="111,80,1,120,4,110,25,133,17,102,41,70,83" hai3="64,129,73,69,135,67,114,87,65,113,100,26,108"/><U7/><E125/><V92/><F70/><W11/><G73/><T91/><D107/><U36/><E36/><V40/><F120/><W31/><G69/><T47/><D76/><U130/><E103/><V3/><F17/><W6/><G100/><T132/><D132/><U53/><E62/><V96/><F25/><W118/><G118/><T2/><D119/><U15/><E130/><V109/><F133/><W23/><G135/><T134/><D116/><U21/><E74/><V12/><F12/><N who="1" m="4681" /><E7/><V9/><REACH who="2" step="1"/><F3/><REACH who="2" ten="265,212,225,288" step="2"/><W18/><G18/><T90/><D0/><U105/><E105/><V115/><F115/><W66/><G113/><T98/><D2/><U131/><E131/><V24/><F24/><W38/><G129/><T95/><D19/><U56/><E30/><V104/><F104/><W58/><G26/><T60/><D134/><U117/><E117/><V93/><F93/><W34/><G31/><T5/><D5/><U28/><E28/><V54/><F54/><W71/><G71/><T84/><D63/><U101/><E101/><V68/><F68/><W44/><G114/><T127/><D127/><U51/><E51/><V99/><F99/><W48/><G67/><AGARI ba="0,1" hai="10,14,16,46,47,57,60,67,84,90,91,94,95,98" machi="67" ten="30,3900,0" yaku="7,1,8,1,54,1" doraHai="126" who="0" fromWho="3" sc="265,49,212,0,225,0,288,-39" /><INIT seed="2,0,0,5,4,64" ten="314,212,225,249" oya="2" hai0="50,38,52,125,108,33,51,13,47,134,100,26,121" hai1="82,83,30,123,24,67,31,87,57,46,124,2,133" hai2="63,0,20,98,79,104,74,19,42,105,101,129,99" hai3="97,8,40,94,36,70,75,120,5,34,109,80,29"/><V107/><F0/><W22/><G109/><T113/><D108/><U41/><E133/><V21/><F42/><W95/><G34/><T92/><D121/><U116/><E124/><V72/><F129/><W11/><G120/><T7/><D134/><U132/><E116/><V49/><F49/><W18/><G29/><T1/><D125/><U126/><E132/><V135/><F135/><W106/><G106/><T115/><D1/><U118/><E126/><V93/><F63/><W89/><G70/><T117/><D38/><U25/><E118/><V77/><F19/><W39/><G40/><T73/><D73/><N who="2" m="28266" /><F21/><W91/><G80/><T14/><D117/><U32/><E2/><V3/><F20/><W59/><G59/><T81/><D115/><U90/><E123/><V111/><F3/><W55/><G55/><T62/><D113/><U69/><E69/><V60/><F60/><W66/><G66/><T45/><D62/><U56/><E67/><V130/><F130/><W102/><G75/><T23/><D33/><U9/><E9/><V16/><F16/><W10/><G5/><T76/><D7/><U44/><E44/><V127/><F111/><W15/><REACH who="3" step="1"/><G102/><REACH who="3" ten="314,212,225,239" step="2"/><T35/><D35/><U68/><E68/><V54/><F54/><W84/><AGARI ba="0,1" hai="8,10,11,15,18,22,36,39,84,89,91,94,95,97" machi="84" ten="30,4000,0" yaku="1,1,2,1,0,1,53,0" doraHai="64" doraHaiUra="122" who="3" fromWho="3" sc="314,-10,212,-10,225,-20,239,50" /><INIT seed="3,0,0,2,0,32" ten="304,202,205,289" oya="3" hai0="132,110,59,58,8,44,52,11,121,57,62,26,23" hai1="13,45,117,84,126,27,22,135,64,92,81,133,116" hai2="112,33,105,89,111,53,48,16,85,118,2,128,119" hai3="115,41,65,77,42,102,80,56,37,100,73,6,120"/><W14/><G115/><T104/><D121/><U106/><E64/><V19/><F112/><W60/><G120/><T69/><D104/><U28/><E106/><V127/><F105/><W10/><G41/><T34/><D34/><U0/><E92/><V67/><F33/><W96/><G96/><T15/><D132/><N who="1" m="50763" /><E13/><V5/><F127/><W51/><G51/><N who="0" m="28775" /><D69/><U109/><E45/><V61/><F128/><W35/><G35/><T86/><D110/><U55/><E55/><V29/><F111/><W129/><G129/><T66/><D86/><U3/><E109/><V87/><F87/><W107/><G107/><T68/><D68/><U103/><E103/><V47/><F119/><N who="1" m="45641" /><E126/><V12/><F118/><W50/><G50/><T90/><D90/><AGARI ba="0,0" hai="0,3,22,27,28,81,84,90" m="45641,50763" machi="90" ten="30,7700,0" yaku="20,1,12,1,52,2" doraHai="32" who="1" fromWho="0" sc="304,-77,202,77,205,0,289,0" /><INIT seed="4,0,0,0,2,120" ten="227,279,205,289" oya="0" hai0="84,38,67,92,50,100,25,60,34,31,123,33,22" hai1="91,103,32,107,112,96,87,82,124,119,130,1,88" hai2="11,75,128,71,35,39,10,16,78,99,4,66,17" hai3="18,72,0,19,81,134,97,104,28,24,116,105,15"/><T14/><D123/><U30/><E1/><V113/><F35/><W21/><G0/><T43/><D38/><U102/><E32/><V114/><F39/><W132/><G116/><T52/><D43/><U6/><E6/><V77/><F99/><W73/><G19/><N who="2" m="7241" /><F75/><N who="3" m="28747" /><G81/><T44/><D14/><U48/><E30/><V13/><F66/><W90/><G90/><N who="1" m="34346" /><E48/><V95/><F95/><W2/><G2/><T118/><D118/><U59/><E59/><V40/><F71/><W51/><G51/><T61/><D84/><U54/><E54/><V41/><F128/><W98/><G98/><T70/><REACH who="0" step="1"/><D61/><REACH who="0" ten="217,279,205,289" step="2"/><U69/><E119/><V111/><F41/><W108/><G97/><AGARI ba="0,1" hai="22,25,31,33,34,44,50,52,60,67,70,92,97,100" machi="97" ten="40,12000,1" yaku="1,1,2,1,54,1,53,1" doraHai="120" doraHaiUra="93" who="0" fromWho="3" sc="217,130,279,0,205,0,289,-120" /><INIT seed="4,1,0,1,3,67" ten="347,279,205,169" oya="0" hai0="116,90,113,118,19,110,21,81,11,101,8,39,5" hai1="72,98,51,38,40,97,83,56,24,94,69,119,10" hai2="7,104,33,44,22,37,124,78,128,6,120,46,102" hai3="115,0,99,121,49,122,18,127,63,92,95,103,107"/><T125/><D39/><U106/><E119/><V126/><F33/><W43/><G0/><T58/><D113/><U14/><E38/><V41/><F120/><N who="3" m="46187" /><G115/><T15/><D125/><N who="2" m="48234" /><F78/><W129/><G127/><T100/><D110/><U93/><E106/><V123/><F128/><W60/><G129/><T88/><D118/><U35/><E35/><V89/><F123/><W9/><G43/><T26/><D116/><U74/><E24/><V55/><F89/><N who="0" m="34410" /><D11/><U31/><E31/><V12/><F102/><N who="0" m="39530" /><D58/><U1/><E1/><V45/><F104/><W111/><G111/><T134/><D134/><U27/><E27/><V117/><F117/><W54/><G18/><T105/><D105/><U13/><E56/><V2/><F2/><W114/><G9/><T75/><D75/><U76/><E51/><N who="2" m="29159" /><F46/><N who="3" m="27959" /><G114/><T3/><D3/><U132/><E132/><V30/><F30/><W79/><G79/><T86/><D81/><U131/><E83/><V73/><F73/><W23/><G23/><T109/><D109/><U36/><E74/><V91/><F22/><W108/><G108/><T16/><D86/><U62/><E72/><V85/><F12/><W20/><G20/><T29/><AGARI ba="1,0" hai="5,8,15,16,19,21,26,29" m="39530,34410" machi="29" ten="30,6000,0" yaku="8,1,54,2" doraHai="67" who="0" fromWho="0" sc="347,63,279,-21,205,-21,169,-21" /><INIT seed="4,2,0,3,4,0" ten="410,258,184,148" oya="0" hai0="69,8,135,128,95,129,60,29,131,33,97,13,99" hai1="22,78,82,107,21,19,111,20,115,80,102,14,61" hai2="74,88,62,6,38,66,93,58,108,25,92,134,51" hai3="118,79,119,132,26,47,133,123,96,70,45,75,2"/><T9/><D135/><U72/><E111/><V127/><F38/><W32/><G75/><T100/><D99/><U54/><E115/><V105/><F105/><W104/><G79/><T112/><D112/><U11/><E82/><V90/><F74/><W1/><G70/><T64/><REACH who="0" step="1"/><D13/><REACH who="0" ten="400,258,184,148" step="2"/><U101/><E107/><V98/><F134/><W41/><G96/><T15/><D15/><U83/><E83/><V27/><F108/><W91/><G104/><T31/><D31/><U76/><E76/><V124/><F93/><W39/><G2/><T30/><D30/><U109/><E109/><V84/><F98/><W53/><G1/><T7/><D7/><U94/><E94/><V114/><F6/><W113/><G133/><T42/><D42/><U4/><E19/><V5/><F5/><W46/><G132/><T28/><D28/><U103/><E103/><V63/><F114/><W65/><G41/><T77/><D77/><U86/><E72/><V59/><F90/><W73/><G91/><T34/><D34/><U56/><AGARI ba="2,1" hai="4,11,14,20,21,22,54,56,61,78,80,86,101,102" machi="56" ten="30,4000,0" yaku="0,1,8,1,52,1" doraHai="0" who="1" fromWho="1" sc="400,-22,258,56,184,-12,148,-12" /><INIT seed="5,0,0,0,3,5" ten="378,314,172,136" oya="1" hai0="80,1,13,128,59,37,97,121,94,112,63,68,22" hai1="45,120,33,39,84,98,6,76,78,124,8,43,28" hai2="131,23,62,129,79,48,30,73,50,44,102,51,55" hai3="106,64,46,70,116,130,4,125,107,0,36,65,49"/><U104/><E120/><V52/><F102/><W34/><G34/><T11/><D68/><U26/><E124/><V75/><F79/><W89/><G125/><T118/><D37/><U127/><E127/><V19/><F30/><W42/><G130/><N who="2" m="49673" /><F23/><W21/><G116/><T109/><D118/><U105/><E84/><V57/><F19/><W135/><G135/><T71/><D112/><U91/><E91/><V119/><F119/><W92/><G21/><T108/><D71/><U67/><E67/><V115/><F75/><W100/><G100/><T20/><D1/><U81/><E98/><V123/><F73/><W85/><G65/><T54/><D121/><U60/><E60/><N who="2" m="35879" /><F123/><W25/><G25/><T113/><D113/><U110/><E110/><V9/><F9/><W12/><G0/><T96/><D96/><U27/><E27/><V133/><F115/><W74/><G74/><T32/><D80/><U86/><E78/><V87/><F87/><W3/><G3/><AGARI ba="0,0" hai="3,6,8,26,28,33,39,43,45,76,81,86,104,105" machi="3" ten="30,2900,0" yaku="7,1,52,1" doraHai="5" who="1" fromWho="3" sc="378,0,314,29,172,0,136,-29" /><INIT seed="5,1,0,0,1,63" ten="378,343,172,107" oya="1" hai0="60,111,91,132,76,35,102,92,113,71,74,107,88" hai1="13,78,108,95,20,18,105,2,61,128,19,104,81" hai2="36,32,89,68,103,37,117,121,28,106,90,58,38" hai3="48,72,64,47,30,4,11,85,87,29,50,40,0"/><U17/><E108/><V135/><F117/><W24/><G72/><T131/><D35/><U83/><E128/><V44/><F121/><W16/><G48/><T96/><D71/><U70/><E2/><V9/><F68/><W133/><G133/><T3/><D60/><U42/><E42/><V5/><F58/><W125/><G125/><T8/><D3/><U6/><E95/><V12/><F135/><W45/><G45/><T46/><D8/><U57/><E70/><V120/><F120/><W25/><G25/><T23/><D46/><U99/><E99/><V124/><F124/><W94/><G30/><T33/><D23/><U51/><E51/><V1/><F103/><W97/><G64/><T77/><D33/><U93/><E93/><V52/><F106/><W126/><G126/><T14/><D14/><U31/><E31/><V115/><F115/><W73/><G73/><T59/><D59/><U56/><E6/><V54/><F1/><W100/><REACH who="3" step="1"/><G16/><REACH who="3" ten="378,343,172,97" step="2"/><T62/><D132/><U27/><E19/><V80/><F44/><W134/><G134/><T7/><D111/><U26/><E18/><V65/><F65/><W39/><G39/><T69/><D131/><U84/><E61/><V22/><F38/><W53/><G53/><T79/><D62/><U119/><E27/><N who="2" m="16503" /><F37/><W116/><G116/><T101/><D69/><U123/><E119/><V82/><F36/><W109/><G109/><T67/><D67/><U43/><E123/><V127/><F127/><W130/><G130/><T98/><D7/><U129/><E129/><V10/><F5/><W15/><G15/><RYUUKYOKU ba="1,1" sc="378,-10,343,-10,172,-10,97,30" hai3="0,4,11,24,29,40,47,50,85,87,94,97,100" /><INIT seed="6,2,1,3,3,16" ten="368,333,162,127" oya="2" hai0="72,119,106,46,110,43,38,116,24,86,126,23,47" hai1="13,95,42,78,27,64,105,21,101,48,124,8,45" hai2="132,135,14,61,12,22,63,82,68,77,65,67,114" hai3="130,87,53,6,107,56,0,18,62,41,35,84,25"/><V40/><F40/><W93/><G107/><T9/><D72/><U50/><E124/><V32/><F32/><W98/><G130/><T33/><D106/><U104/><E64/><V100/><F100/><W30/><G41/><T11/><D110/><U85/><E50/><V37/><F37/><W75/><G75/><T59/><D47/><U108/><E108/><V7/><F114/><W54/><G6/><T115/><D126/><U29/><E95/><V10/><F14/><W122/><G0/><T76/><D33/><U112/><E112/><V102/><F102/><W113/><G113/><T3/><D3/><U123/><E101/><V127/><F22/><W28/><G28/><T44/><D44/><U1/><E1/><V79/><F127/><W26/><G122/><T89/><D76/><U117/><E123/><V36/><F36/><W81/><G54/><T99/><D99/><U90/><E90/><V92/><F92/><W5/><G5/><T91/><D59/><U74/><E74/><V133/><REACH who="2" step="1"/><F82/><REACH who="2" ten="368,333,152,127" step="2"/><W129/><G81/><N who="0" m="49359" /><D115/><U58/><E117/><N who="0" m="45129" /><D91/><U125/><E125/><V39/><F39/><W31/><G129/><T128/><D128/><U49/><E105/><V20/><F20/><N who="3" m="13463" /><G30/><AGARI ba="2,2" hai="9,11,23,24,30,38,43,46" m="45129,49359" machi="30" ten="30,2000,0" yaku="12,1,52,1" doraHai="16" who="0" fromWho="3" sc="368,46,333,0,152,0,127,-26" /><INIT seed="7,0,0,3,0,14" ten="414,333,152,101" oya="3" hai0="120,125,15,37,80,55,38,61,87,50,30,36,93" hai1="44,7,18,121,11,43,5,74,28,67,79,122,76" hai2="95,134,66,60,71,35,46,42,82,63,106,90,113" hai3="73,17,57,54,29,99,24,104,51,22,124,112,118"/><W4/><G118/><T72/><D120/><U83/><E67/><V19/><F106/><W56/><G73/><T88/><D125/><U128/><E128/><V117/><F35/><W77/><G124/><T13/><D30/><U34/><E18/><V108/><F113/><W12/><G112/><T48/><D72/><U109/><E7/><V27/><F134/><W92/><G104/><T41/><D80/><U123/><E109/><V47/><F108/><W31/><G77/><T119/><D119/><U70/><E79/><V89/><F117/><W33/><G29/><T32/><D32/><U26/><E70/><V127/><F42/><W39/><G39/><T135/><D135/><U107/><E107/><V86/><F63/><W126/><G126/><T0/><D0/><U94/><E94/><V116/><F116/><W3/><G56/><T133/><D133/><U115/><E115/><V131/><F131/><W85/><G85/><T58/><D41/><U100/><E100/><V98/><F127/><W68/><G68/><T49/><AGARI ba="0,0" hai="13,15,36,37,38,48,49,50,55,58,61,87,88,93" machi="49" ten="40,2700,0" yaku="0,1,54,1" doraHai="14" who="0" fromWho="0" sc="414,27,333,-7,152,-7,101,-13" owari="441,53.0,326,13.0,145,-25.0,88,-41.0" /></mjloggm>