<mjloggm ver="2.3"><GO type="41" lobby="0"/><UN n0="%E2%93%9D%53%75%70%68%78" n1="%E3%83%81%E3%83%8E%E3%83%8E%E3%83%B3" n2="%E8%8A%B1%E6%BE%AA" n3="%E3%81%8B%E3%82%8F%E3%81%97%E3%81%83" dan="18,14,14,15" rate="2128.84,1940.77,1919.30,2041.42" sx="M,M,F,M"/><TAIKYOKU oya="0"/><INIT seed="0,0,0,4,4,56" ten="250,250,250,250" oya="0" hai0="109,32,101,62,87,130,122,90,6,83,103,22,41" hai1="84,108,113,112,116,2,125,110,119,77,7,120,38" hai2="114,3,51,58,82,66,44,89,81,85,80,14,123" hai3="61,99,65,88,134,26,106,131,135,72,43,75,91"/><T127/><D122/><U36/><E77/><V15/><F123/><W42/><G131/><T16/><D32/><U9/><BYE who="3" /><E125/><V17/><F3/><W105/><G105/><T1/><D130/><UN n3="%E3%81%8B%E3%82%8F%E3%81%97%E3%81%83" /><U8/><E84/><V50/><F114/><N who="1" m="44137" /><E7/><V115/><F115/><W39/><G26/><T24/><D109/><N who="1" m="42091" /><E2/><V46/><F15/><W10/><G10/><N who="1" m="4202" /><E120/><V63/><F46/><N who="3" m="23903" /><G43/><T27/><D127/><U128/><E128/><V25/><F25/><W57/><G106/><T18/><D41/><U92/><E92/><V98/><F98/><W93/><G91/><T68/><D6/><U21/><E21/><V53/><REACH who="2" step="1"/><F51/><REACH who="2" ten="250,250,240,250" step="2"/><W71/><G71/><T117/><D1/><U86/><E86/><V4/><F4/><W23/><G23/><AGARI ba="0,1" hai="14,17,23,44,50,53,58,63,66,80,81,82,85,89" machi="23" ten="30,12000,2" yaku="1,1,7,1,8,1,52,1,53,3" doraHai="56" doraHaiUra="78" who="2" fromWho="3" sc="250,0,250,0,240,130,250,-120" /><INIT seed="1,0,0,0,0,60" ten="250,250,370,130" oya="1" hai0="101,21,89,77,24,65,48,124,9,131,32,43,18" hai1="38,70,117,73,116,85,81,28,20,3,19,17,97" hai2="29,120,14,132,1,11,109,72,123,113,126,96,22" hai3="133,115,108,34,55,36,104,100,92,76,51,93,75"/><U16/><E38/><V107/><F72/><W129/><G34/><T31/><D131/><U134/><E73/><V135/><F109/><W99/><G36/><T128/><D124/><U33/><E3/><V122/><F107/><W59/><G115/><T46/><D128/><U66/><E134/><N who="2" m="51243" /><F96/><W121/><G133/><T67/><D77/><U88/><E97/><V56/><F126/><W80/><G129/><T44/><D101/><U5/><E5/><V86/><F86/><W119/><G121/><T39/><D89/><U103/><E103/><V47/><F47/><W7/><G119/><T0/><D9/><U42/><E42/><V49/><F49/><W50/><G7/><T64/><D0/><U8/><E8/><V30/><F56/><W13/><G108/><T27/><D46/><U111/><E111/><V74/><F74/><W35/><G35/><T95/><REACH who="0" step="1"/><D95/><REACH who="0" ten="240,250,370,130" step="2"/><U84/><E116/><V6/><F113/><W106/><G92/><T69/><D69/><U78/><E117/><V98/><F98/><W127/><G127/><T53/><D53/><U114/><E114/><V41/><F41/><W40/><G40/><T37/><AGARI ba="0,1" hai="18,21,24,27,31,32,37,39,43,44,48,64,65,67" machi="37" ten="30,16000,3" yaku="1,1,0,1,52,3,53,3" doraHai="60" doraHaiUra="61" who="0" fromWho="0" sc="240,170,250,-80,370,-40,130,-40" /><INIT seed="2,0,0,3,4,55" ten="410,170,330,90" oya="2" hai0="39,109,81,133,92,17,4,53,33,93,34,40,63" hai1="5,69,68,16,42,66,51,111,91,134,19,28,113" hai2="36,57,101,2,128,52,124,122,65,116,127,0,88" hai3="22,61,77,23,107,32,21,95,62,24,78,27,48"/><V14/><F116/><W41/><G107/><T3/><D109/><U104/><E111/><V89/><F122/><W99/><G32/><T129/><D133/><U47/><E134/><V64/><F36/><W84/><G48/><T117/><D129/><U44/><E104/><V10/><F128/><W45/><G84/><T9/><D17/><U105/><E105/><V31/><F31/><W94/><G45/><T13/><D13/><U76/><E28/><V1/><F101/><W15/><G15/><T26/><D26/><N who="3" m="9769" /><G41/><T103/><D40/><U120/><E5/><V74/><F74/><W25/><N who="3" m="9777" /><W30/><DORA hai="56" /><G99/><T73/><D73/><U70/><E66/><V29/><F29/><W115/><G115/><T119/><D39/><U7/><E113/><V106/><F106/><W108/><G30/><T125/><D34/><U96/><E7/><V54/><F65/><W110/><G110/><T85/><D33/><U118/><E120/><V60/><F64/><W49/><G49/><T86/><D86/><U82/><E118/><N who="0" m="45065" /><D103/><U83/><E47/><V46/><F54/><W58/><G58/><N who="0" m="35279" /><D125/><N who="2" m="48202" /><F46/><W11/><G11/><T100/><D100/><U114/><E114/><V18/><AGARI ba="0,0" hai="0,1,2,10,14,18,52,57,60,88,89" m="48202" machi="18" ten="40,12000,1" yaku="18,1,52,2,54,2" doraHai="55,56" who="2" fromWho="2" sc="410,-40,170,-40,330,120,90,-40" /><INIT seed="2,1,0,2,1,7" ten="370,130,450,50" oya="2" hai0="39,36,27,98,80,119,118,25,15,46,31,134,22" hai1="50,94,9,0,130,17,128,75,102,35,42,28,59" hai2="14,88,114,70,18,117,23,131,99,106,96,62,53" hai3="81,108,26,97,92,110,13,24,3,47,20,103,61"/><V84/><F114/><W95/><G3/><T52/><D134/><U55/><E75/><V87/><F117/><N who="0" m="44554" /><D27/><U43/><E28/><V41/><F131/><N who="1" m="50217" /><E35/><V12/><F41/><W127/><G127/><T69/><D69/><U86/><E17/><V104/><F87/><W21/><G47/><T32/><D98/><N who="1" m="59735" /><E86/><V40/><F40/><W123/><G81/><T73/><D32/><U37/><E37/><V60/><F70/><W74/><G74/><T93/><D93/><U19/><E19/><V67/><F67/><W91/><G123/><T107/><D107/><U112/><E112/><V45/><F106/><W2/><G2/><T71/><D71/><U105/><E105/><V72/><F72/><W100/><G61/><N who="2" m="23657" /><F104/><W78/><G13/><T5/><D15/><U124/><E124/><V57/><F14/><W64/><G97/><T49/><D5/><AGARI ba="1,0" hai="0,5,9,42,43,50,55,59" m="59735,50217" machi="5" ten="30,2000,0" yaku="19,1,52,1" doraHai="7" who="1" fromWho="0" sc="370,-23,130,23,450,0,50,0" /><INIT seed="3,0,0,3,4,122" ten="347,153,450,50" oya="3" hai0="81,16,67,103,126,0,19,101,35,7,112,50,84" hai1="15,96,12,75,24,60,77,63,46,72,10,23,128" hai2="2,85,34,59,97,52,32,33,76,38,42,108,74" hai3="20,17,27,131,102,114,92,39,3,6,130,117,124"/><W95/><G117/><T51/><D35/><U107/><E128/><N who="3" m="49194" /><G114/><T70/><D126/><U61/><E77/><V69/><F108/><W47/><G124/><T68/><D7/><U132/><E132/><V121/><F69/><W100/><G3/><T105/><D67/><U90/><E46/><V110/><F110/><W104/><G6/><T41/><D105/><U57/><E15/><V125/><F125/><W93/><G104/><T88/><D0/><U21/><E21/><V54/><F2/><W18/><G18/><T118/><D118/><U133/><E75/><V123/><F74/><W83/><G83/><T119/><D119/><U135/><E72/><V55/><F59/><W91/><G91/><T109/><D109/><U1/><E1/><V71/><F71/><W49/><G39/><T129/><D129/><U113/><E107/><V58/><F58/><W5/><G5/><T36/><D36/><U22/><E22/><V86/><F38/><W26/><G27/><T134/><D112/><U13/><E113/><V56/><F56/><W106/><G106/><T8/><D70/><U45/><E45/><V40/><F76/><W37/><G37/><T65/><D68/><U94/><E133/><V120/><F97/><W9/><G9/><T14/><D134/><U111/><E135/><V99/><F99/><W98/><G98/><T80/><D8/><U127/><E111/><V43/><AGARI ba="0,0" hai="32,33,34,40,42,43,52,54,55,85,86,120,121,123" machi="43" ten="50,32000,5" yakuman="40" doraHai="122" who="2" fromWho="2" sc="347,-80,153,-80,450,320,50,-160" owari="267,7.0,73,-33.0,770,87.0,-110,-61.0" /></mjloggm>