<mjloggm ver="2.3"><GO type="41" lobby="0"/><UN n0="%E2%93%9D%53%75%70%68%78" n1="%E3%81%BE%E3%82%88%E3%81%AD%E3%81%9A" n2="%E7%99%BD%E6%B0%B4%E5%93%A9%6C%6A" n3="%41%6C%74%65%72%6E%61%39" dan="18,15,13,14" rate="2117.34,1983.02,1903.22,1963.30" sx="M,M,M,M"/><TAIKYOKU oya="0"/><INIT seed="0,0,0,4,5,26" ten="250,250,250,250" oya="0" hai0="125,92,77,0,107,28,121,119,6,82,95,9,12" hai1="98,59,14,8,79,116,87,65,113,47,43,68,33" hai2="16,105,102,86,101,38,10,76,129,124,58,45,84" hai3="24,81,20,29,110,118,57,91,120,17,100,97,31"/><T80/><D119/><U53/><E116/><V50/><F124/><W11/><G118/><T127/><D107/><U49/><E113/><V78/><F129/><W60/><G110/><T89/><D121/><U112/><E112/><V66/><F105/><W69/><G120/><T63/><D0/><U114/><E114/><V123/><F38/><W35/><G11/><T122/><D122/><U75/><E75/><V73/><F73/><W4/><G4/><T103/><D103/><N who="2" m="39434" /><F58/><W41/><G41/><T40/><D40/><U99/><E33/><V42/><F66/><W62/><G69/><T85/><D63/><N who="3" m="24105" /><G57/><T88/><D28/><N who="3" m="10825" /><G35/><T128/><D128/><U133/><E65/><V106/><F106/><W39/><G39/><T44/><D44/><U132/><E68/><V134/><F134/><W135/><G135/><T61/><D61/><U13/><E133/><V15/><F123/><W54/><G100/><T32/><D32/><U131/><E131/><V5/><F5/><W94/><G81/><T18/><D6/><U67/><E67/><V19/><F10/><W71/><G71/><T34/><D34/><U1/><E1/><V3/><F3/><W2/><G2/><T22/><D9/><U115/><E115/><V111/><F111/><W117/><G117/><T48/><D82/><N who="1" m="47583" /><E132/><V64/><F64/><W36/><G36/><T23/><D127/><U21/><E8/><V108/><F108/><W74/><G74/><T72/><D125/><U46/><E59/><V96/><F42/><W83/><G83/><T56/><D72/><U93/><E43/><V51/><F45/><RYUUKYOKU ba="0,0" sc="250,-10,250,-10,250,-10,250,30" hai3="17,20,24,54,91,94,97" /><INIT seed="1,1,0,4,4,90" ten="240,240,240,280" oya="1" hai0="103,133,118,115,7,57,62,109,45,0,123,41,125" hai1="73,20,3,87,83,84,16,91,116,132,100,51,77" hai2="120,35,59,66,99,101,68,129,122,56,111,89,98" hai3="119,117,29,52,128,28,1,14,26,21,55,6,42"/><U92/><E132/><V33/><F89/><W60/><G42/><T80/><D118/><N who="3" m="45065" /><G60/><T105/><D125/><U126/><E126/><V71/><F66/><W135/><G135/><T53/><D109/><U134/><E134/><V96/><F129/><W13/><G128/><T31/><D123/><N who="2" m="47146" /><F101/><W58/><G55/><T104/><D115/><U43/><E116/><V113/><F111/><W38/><G38/><T79/><D31/><U114/><E114/><V4/><F4/><W27/><G52/><T18/><D103/><U10/><E100/><V17/><F17/><W75/><G58/><N who="2" m="22057" /><F113/><W5/><G75/><T97/><D18/><U88/><E3/><V2/><F2/><W130/><G130/><T112/><D112/><U61/><E61/><V69/><AGARI ba="1,0" hai="33,35,68,69,71,96,98,99" m="22057,47146" machi="69" ten="40,2700,0" yaku="28,2" doraHai="90" who="2" fromWho="2" sc="240,-8,240,-14,240,30,280,-8" /><INIT seed="2,0,0,4,4,123" ten="232,226,270,272" oya="2" hai0="87,88,36,64,17,3,77,51,108,102,70,52,15" hai1="133,117,75,54,47,39,130,76,92,74,49,31,94" hai2="46,5,84,59,122,56,109,135,61,134,118,33,7" hai3="16,124,101,22,131,106,65,4,111,58,82,67,53"/><V86/><F118/><W6/><G131/><T93/><D36/><U37/><E117/><V63/><F122/><W44/><G124/><T12/><D3/><U107/><E107/><V40/><F40/><W97/><G44/><T81/><D108/><U13/><E130/><V96/><F96/><W29/><G29/><T80/><D70/><U0/><E0/><V45/><REACH who="2" step="1"/><F33/><REACH who="2" ten="232,226,260,272" step="2"/><W38/><G38/><T60/><D102/><U73/><E39/><V1/><F1/><W28/><G97/><T57/><D77/><U125/><E37/><V127/><F127/><W110/><G6/><T11/><REACH who="0" step="1"/><D15/><REACH who="0" ten="222,226,260,272" step="2"/><U26/><E13/><V69/><F69/><W42/><G4/><T25/><D25/><U78/><E125/><V79/><F79/><W41/><G42/><T95/><D95/><U116/><E116/><V114/><F114/><W119/><G41/><T34/><D34/><U100/><E78/><V8/><F8/><W50/><G119/><T19/><D19/><U55/><E76/><V9/><F9/><W68/><G16/><T85/><D85/><U43/><E94/><V113/><F113/><W132/><G106/><T10/><D10/><U66/><E92/><V27/><F27/><W89/><G22/><T128/><D128/><U103/><E26/><V20/><F20/><W62/><G68/><T126/><D126/><U30/><E75/><V21/><F21/><W48/><G101/><T105/><D105/><U104/><E104/><V115/><F115/><W23/><G23/><T99/><D99/><U72/><E72/><V24/><F24/><W83/><G28/><RYUUKYOKU ba="0,2" sc="222,15,226,-15,260,15,272,-15" hai0="11,12,17,51,52,57,60,64,80,81,87,88,93" hai2="5,7,45,46,56,59,61,63,84,86,109,134,135" /><INIT seed="2,1,2,4,5,43" ten="237,211,275,257" oya="2" hai0="48,130,69,107,115,76,127,53,40,81,102,0,135" hai1="1,100,63,52,16,82,55,89,97,58,9,23,120" hai2="126,131,17,124,132,101,80,84,44,75,10,21,104" hai3="119,36,62,128,123,95,20,35,33,72,37,108,14"/><V32/><F75/><W112/><G72/><T4/><D115/><U66/><E120/><V68/><F68/><W51/><G119/><T24/><D69/><U71/><E82/><V109/><F32/><W79/><G123/><T85/><D40/><U92/><E1/><V105/><F101/><W99/><G79/><T73/><D130/><U31/><E89/><N who="2" m="51335" /><F131/><W118/><G118/><T64/><D135/><U11/><E31/><V18/><F10/><W27/><G14/><T39/><D127/><N who="2" m="48682" /><F18/><W12/><G128/><T91/><D102/><U114/><E114/><V15/><F109/><W90/><G108/><T13/><D73/><U116/><E116/><V129/><F132/><W106/><G112/><T7/><D107/><U34/><E34/><V113/><F113/><W29/><G35/><T8/><D7/><U87/><E87/><V98/><F98/><W22/><G106/><N who="2" m="41065" /><F129/><W28/><G33/><T2/><D76/><U3/><E3/><V86/><F86/><W96/><G99/><T56/><D2/><U5/><E5/><V50/><F50/><W42/><G51/><T94/><D0/><U77/><E77/><V54/><F54/><N who="1" m="20521" /><E71/><V47/><AGARI ba="1,2" hai="15,17,21,44,47" m="41065,48682,51335" machi="47" ten="40,7800,0" yaku="18,1,52,2" doraHai="43" who="2" fromWho="2" sc="237,-27,211,-27,275,101,257,-27" /><INIT seed="2,2,0,4,3,131" ten="210,184,376,230" oya="2" hai0="117,12,96,42,111,26,19,88,118,109,39,82,14" hai1="78,16,28,31,30,80,70,102,20,106,68,4,40" hai2="58,133,57,79,87,63,120,98,92,54,132,10,35" hai3="112,23,135,119,44,125,22,71,49,7,115,41,103"/><V56/><F35/><W9/><G119/><N who="0" m="45579" /><D42/><U116/><E116/><V65/><F120/><W64/><G103/><T8/><D39/><U27/><E4/><V0/><F0/><W21/><G125/><T107/><D107/><U52/><E40/><V18/><F79/><W83/><G83/><T17/><D26/><U99/><REACH who="1" step="1"/><E52/><REACH who="1" ten="210,174,376,230" step="2"/><V62/><F54/><W122/><G122/><T60/><D60/><U51/><E51/><V3/><F65/><W77/><G64/><T129/><D129/><U15/><E15/><N who="2" m="7543" /><F3/><W89/><G7/><T123/><D123/><U127/><E127/><V48/><F48/><W91/><G49/><T85/><D96/><U33/><E33/><V47/><F47/><W50/><G50/><T67/><D67/><U90/><E90/><N who="2" m="53343" /><F98/><W25/><G44/><T126/><D126/><U6/><E6/><V75/><F75/><AGARI ba="2,1" hai="16,20,27,28,30,31,68,70,75,78,80,99,102,106" machi="75" ten="40,2600,0" yaku="1,1,54,1,53,0" doraHai="131" doraHaiUra="81" who="1" fromWho="2" sc="210,0,174,42,376,-32,230,0" /><INIT seed="3,0,0,2,0,122" ten="210,216,344,230" oya="3" hai0="29,68,52,93,131,24,38,90,80,10,40,125,22" hai1="58,95,89,7,85,135,123,78,94,28,25,1,114" hai2="109,134,20,30,19,42,56,76,107,110,69,91,118" hai3="27,86,2,67,105,101,70,97,14,99,43,44,39"/><W0/><G99/><T37/><D68/><U23/><E123/><V120/><F118/><W59/><G70/><T65/><D65/><U126/><E114/><V100/><F69/><W53/><G67/><T51/><D131/><U8/><E135/><V121/><F134/><W4/><G27/><T36/><D125/><U87/><E126/><V113/><F76/><W61/><REACH who="3" step="1"/><G86/><REACH who="3" ten="210,216,344,220" step="2"/><T26/><D26/><U16/><E87/><V15/><F113/><W54/><G54/><T31/><D31/><U132/><E132/><V45/><F30/><W115/><G115/><T127/><D127/><U72/><E72/><V35/><F121/><W13/><G13/><T116/><D29/><U75/><E75/><V55/><F120/><W71/><G71/><T117/><D24/><U129/><E129/><V124/><F124/><W128/><G128/><T102/><D117/><U83/><E28/><V98/><F35/><W62/><G62/><T92/><D116/><U74/><REACH who="1" step="1"/><E58/><REACH who="1" ten="210,206,344,220" step="2"/><V88/><F56/><W73/><G73/><T12/><D12/><U64/><E64/><V112/><F112/><W34/><G34/><T111/><D52/><U49/><E49/><N who="2" m="26807" /><F55/><W21/><G21/><T41/><D22/><U9/><E9/><AGARI ba="0,2" hai="0,2,4,9,14,39,43,44,53,59,61,97,101,105" machi="9" ten="40,7700,0" yaku="1,1,53,2" doraHai="122" doraHaiUra="32" who="3" fromWho="1" sc="210,0,206,-77,344,0,220,97" /><INIT seed="3,1,0,5,5,54" ten="210,129,344,317" oya="3" hai0="89,52,69,1,47,132,134,118,130,124,32,8,19" hai1="116,133,90,117,42,91,50,12,7,72,61,106,87" hai2="99,30,101,73,28,31,82,6,67,102,23,68,24" hai3="35,43,60,112,57,48,128,110,93,131,55,59,2"/><W107/><G112/><T119/><D69/><U115/><E115/><V0/><F0/><W81/><G107/><T37/><D32/><U5/><E72/><V45/><F6/><W121/><G2/><T98/><D124/><U3/><E3/><V26/><F45/><N who="3" m="25663" /><G35/><T16/><D130/><N who="3" m="49705" /><G93/><N who="0" m="56623" /><D37/><U70/><E106/><V44/><F44/><W75/><G81/><T86/><D86/><U17/><E133/><N who="0" m="51305" /><D1/><U96/><E96/><V78/><F99/><W25/><G75/><T84/><D84/><U39/><E39/><V40/><F40/><W74/><G74/><T109/><D109/><U103/><E87/><V56/><F68/><W88/><G121/><T125/><D125/><U27/><E70/><V62/><REACH who="2" step="1"/><F26/><REACH who="2" ten="210,129,334,317" step="2"/><W114/><G114/><T108/><D108/><U33/><E27/><V11/><F11/><W15/><G110/><T64/><D8/><U51/><E42/><V92/><F92/><W63/><G25/><T111/><D111/><U113/><E113/><V4/><F4/><W77/><G15/><T46/><D46/><U36/><E12/><V129/><F129/><W100/><G100/><AGARI ba="1,1" hai="23,24,28,30,31,56,62,67,73,78,82,100,101,102" machi="100" ten="40,5200,0" yaku="1,1,52,1,53,1" doraHai="54" doraHaiUra="21" who="2" fromWho="3" sc="210,0,129,0,334,65,317,-55" /><INIT seed="4,0,0,5,5,38" ten="210,129,399,262" oya="0" hai0="62,4,106,66,25,129,71,126,96,110,33,52,56" hai1="80,61,57,79,113,18,93,76,88,127,75,69,15" hai2="17,114,37,72,109,13,12,34,107,67,45,97,105" hai3="27,101,104,54,8,124,0,120,84,82,30,44,81"/><T16/><D129/><U10/><E127/><V133/><F109/><W53/><G124/><T51/><D126/><U85/><E113/><V2/><F72/><W1/><G120/><T123/><D123/><U116/><E116/><V19/><F133/><W132/><G132/><T131/><D131/><U31/><E69/><V89/><F37/><W125/><G125/><T94/><D4/><U22/><E75/><V70/><F70/><W59/><G44/><T134/><D134/><U35/><E35/><V95/><F45/><W41/><G59/><T68/><D106/><U121/><E121/><V21/><F34/><W47/><G47/><T26/><D110/><U11/><E31/><V20/><F67/><W3/><G8/><T77/><D77/><U99/><REACH who="1" step="1"/><E79/><REACH who="1" ten="210,119,399,262" step="2"/><V42/><F114/><W115/><G115/><T32/><D71/><U28/><E28/><V111/><F111/><W135/><G30/><T103/><REACH who="0" step="1"/><D26/><REACH who="0" ten="200,119,399,262" step="2"/><U64/><AGARI ba="0,2" hai="10,11,15,18,22,57,61,64,76,80,85,88,93,99" machi="64" ten="20,8000,1" yaku="1,1,0,1,7,1,8,1,54,1,53,0" doraHai="38" doraHaiUra="50" who="1" fromWho="1" sc="200,-40,119,100,399,-20,262,-20" /><INIT seed="5,0,0,2,4,96" ten="160,219,379,242" oya="1" hai0="56,59,85,78,83,32,119,44,93,46,6,30,5" hai1="97,74,117,65,21,29,92,70,88,89,80,8,36" hai2="114,34,23,121,103,28,99,91,51,41,37,131,128" hai3="68,11,3,61,57,42,24,47,127,76,112,63,134"/><U126/><E117/><V69/><F121/><W101/><G112/><T72/><D119/><U123/><E123/><V27/><F69/><W98/><G134/><T43/><D32/><U108/><E36/><V129/><F37/><W104/><G127/><T115/><D30/><U87/><E126/><V55/><F41/><W35/><G76/><T95/><D72/><U39/><E39/><V31/><F91/><W60/><G3/><T19/><D19/><U15/><E74/><V16/><F34/><W58/><G11/><T1/><D115/><U102/><E108/><V45/><REACH who="2" step="1"/><F114/><REACH who="2" ten="160,219,369,242" step="2"/><W109/><G109/><T54/><D43/><U135/><E135/><V75/><F75/><W26/><G68/><T130/><D78/><U14/><E70/><V116/><F116/><W7/><G35/><T82/><D85/><U40/><E40/><V10/><F10/><W67/><G42/><T48/><D130/><U17/><E89/><V94/><AGARI ba="0,1" hai="16,23,27,28,31,45,51,55,94,99,103,128,129,131" machi="94" ten="30,8000,1" yaku="1,1,0,1,19,1,52,1,54,1,53,0" doraHai="96" doraHaiUra="133" who="2" fromWho="2" sc="160,-20,219,-40,369,90,242,-20" /><INIT seed="6,0,0,0,3,0" ten="140,179,459,222" oya="2" hai0="29,75,97,33,93,3,110,48,109,22,121,90,102" hai1="1,127,20,43,96,132,83,111,95,18,65,25,80" hai2="45,115,72,119,120,108,12,91,76,23,50,54,78" hai3="63,5,123,103,24,27,87,81,41,35,8,55,49"/><V4/><F119/><W13/><G123/><T89/><D33/><U58/><E111/><V113/><F120/><W56/><G103/><T94/><D3/><U53/><E43/><V42/><F108/><W39/><G39/><T6/><D121/><U57/><E132/><V116/><F116/><W84/><G35/><T28/><D75/><U82/><E1/><V117/><F117/><W70/><G70/><T40/><D102/><U114/><E114/><N who="2" m="43531" /><F91/><W19/><G19/><T11/><D110/><U38/><E38/><N who="2" m="21719" /><F72/><W37/><G37/><T98/><D22/><U36/><E127/><V88/><F88/><N who="3" m="51215" /><G87/><T47/><REACH who="0" step="1"/><D109/><REACH who="0" ten="130,179,459,222" step="2"/><U122/><E122/><V16/><F78/><W62/><G41/><T112/><D112/><U31/><E36/><V104/><F76/><W60/><AGARI ba="0,1" hai="5,8,13,24,27,49,55,56,60,62,63" m="51215" machi="60" ten="30,4000,0" yaku="8,1,52,1,54,1" doraHai="0" who="3" fromWho="3" sc="130,-10,179,-10,459,-20,222,50" /><INIT seed="7,0,0,1,3,103" ten="120,169,439,272" oya="3" hai0="49,42,123,21,106,75,6,25,34,95,48,9,35" hai1="26,94,91,102,107,17,18,122,43,82,129,120,70" hai2="16,50,59,127,65,115,11,86,104,52,33,57,60" hai3="12,92,7,14,130,15,87,62,124,134,105,108,132"/><W100/><G105/><T71/><D123/><U93/><E70/><V114/><F115/><W3/><G108/><T2/><D75/><U44/><E129/><V73/><F114/><W133/><G130/><T67/><D95/><U85/><E94/><V98/><F73/><W53/><G124/><T83/><D83/><U64/><E64/><V135/><F33/><W41/><G41/><T0/><D0/><U28/><E122/><V121/><F121/><W84/><G3/><T96/><D35/><U99/><E120/><V125/><F135/><W22/><G7/><T1/><D1/><U30/><E30/><V36/><F86/><W80/><G22/><T58/><D58/><U46/><E46/><V77/><F36/><W116/><G116/><T128/><D42/><U112/><E112/><V56/><F77/><W40/><G40/><T45/><D45/><U97/><E44/><V118/><F59/><N who="3" m="35183" /><G80/><T66/><D128/><U113/><E43/><V126/><F118/><W119/><G119/><T13/><D34/><U54/><E54/><V24/><F11/><W63/><G63/><T68/><D2/><U72/><E113/><V31/><F31/><W89/><G100/><N who="0" m="62727" /><D71/><U19/><E72/><V78/><F78/><W32/><G32/><T51/><D68/><U38/><E38/><V76/><F76/><W69/><G69/><T74/><D74/><U79/><E79/><V61/><F60/><W39/><G39/><T10/><D10/><U55/><E82/><V111/><F111/><W29/><G29/><N who="0" m="17583" /><D6/><U88/><E28/><V8/><F8/><W117/><G117/><RYUUKYOKU ba="0,0" sc="120,15,169,-15,439,-15,272,15" hai0="9,13,48,49,51,66,67" hai3="12,14,15,84,87,89,92,132,133,134" /><INIT seed="7,1,0,3,2,79" ten="135,154,424,287" oya="3" hai0="0,45,46,84,103,47,115,68,130,8,100,64,91" hai1="28,119,75,118,15,13,19,123,37,48,69,113,105" hai2="54,89,92,44,85,114,56,73,57,14,131,23,3" hai3="35,116,127,60,30,31,20,93,2,90,7,110,133"/><W120/><G116/><N who="1" m="44586" /><E37/><V134/><F114/><W29/><G120/><T67/><D115/><U80/><E113/><V128/><F73/><W74/><G74/><T10/><D130/><N who="2" m="49706" /><F3/><W55/><G110/><T36/><D36/><U16/><E105/><V59/><F134/><W27/><G133/><T111/><D68/><U5/><E28/><V76/><F76/><W18/><G127/><T49/><D111/><U62/><E48/><N who="2" m="28935" /><F14/><W77/><G77/><T109/><D49/><U81/><E75/><V61/><F23/><W24/><G7/><T38/><D38/><U101/><E5/><V25/><F25/><W129/><G2/><T11/><D0/><U26/><E26/><V34/><F34/><W117/><G117/><T52/><D52/><AGARI ba="1,0" hai="52,56,57,59,61,85,89,92" m="28935,49706" machi="52" ten="30,2000,0" yaku="19,1,54,1" doraHai="79" who="2" fromWho="0" sc="135,-23,154,0,424,23,287,0" owari="112,-39.0,154,-25.0,447,55.0,287,9.0" /></mjloggm>