<mjloggm ver="2.3"><GO type="41" lobby="0"/><UN n0="%68%61%72%64%64%61%79%73" n1="%4B%45%4E%4A%49" n2="%E2%93%9D%53%75%70%68%78" n3="%E4%BF%BA%E3%81%AE%E5%90%8D%E5%89%8D%E3%82%92%E8%A8%80%E3%81%A3" dan="15,14,18,15" rate="1991.93,1856.59,2096.36,1947.64" sx="M,M,M,M"/><TAIKYOKU oya="0"/><INIT seed="0,0,0,4,2,13" ten="250,250,250,250" oya="0" hai0="110,39,33,25,64,71,31,46,112,11,55,14,4" hai1="118,38,127,41,3,91,28,68,50,130,59,29,81" hai2="120,42,32,115,89,119,56,111,70,105,92,101,1" hai3="67,49,20,94,122,114,26,131,69,88,73,51,45"/><T74/><D112/><U77/><E118/><V66/><F120/><W8/><G73/><T132/><D132/><U6/><E68/><V34/><F111/><W79/><G79/><T12/><D110/><U109/><E109/><V62/><F1/><W21/><G131/><T30/><D74/><N who="1" m="43191" /><E91/><V134/><F42/><W95/><G69/><T116/><D116/><U80/><E80/><V57/><F115/><W16/><G67/><T90/><D71/><U121/><E121/><V10/><F105/><W84/><G122/><T54/><D64/><U15/><E15/><V27/><F101/><W2/><G114/><T47/><D31/><U125/><E59/><V58/><F134/><W100/><G2/><T98/><D39/><U76/><E76/><V43/><F58/><W124/><G8/><T107/><D90/><U93/><E93/><V61/><F10/><W44/><G21/><T22/><D55/><U123/><E50/><N who="3" m="18954" /><G124/><N who="1" m="47690" /><E123/><V52/><F70/><W113/><G113/><T102/><REACH who="0" step="1"/><D54/><REACH who="0" ten="240,250,250,250" step="2"/><U103/><E103/><V60/><F119/><W129/><G129/><T48/><D48/><U24/><E130/><V83/><F66/><W17/><G45/><T18/><AGARI ba="0,1" hai="4,11,12,14,18,22,25,30,33,46,47,98,102,107" machi="18" ten="30,11700,0" yaku="1,1,0,1,52,1,53,1" doraHai="13" doraHaiUra="5" who="0" fromWho="0" sc="240,127,250,-39,250,-39,250,-39" /><INIT seed="0,1,0,2,2,64" ten="367,211,211,211" oya="0" hai0="84,126,57,72,67,60,12,104,82,90,27,125,30" hai1="24,88,118,20,32,122,93,33,42,102,134,71,34" hai2="69,25,120,14,127,11,100,123,28,50,13,35,92" hai3="79,109,87,5,113,56,86,124,108,61,51,74,132"/><T94/><D104/><U80/><E118/><V38/><F38/><W8/><G113/><T121/><D121/><U41/><E122/><V103/><F127/><W0/><G51/><T47/><D47/><U21/><E80/><V77/><F77/><W105/><G105/><T9/><D72/><U3/><E3/><V26/><F50/><W115/><G132/><T39/><D39/><U73/><E73/><V37/><F37/><W110/><G115/><T29/><D82/><U106/><E134/><V70/><F92/><W62/><G124/><N who="0" m="47723" /><D27/><U36/><E106/><V15/><F11/><W119/><G119/><T7/><AGARI ba="1,0" hai="7,9,12,29,30,57,60,67,84,90,94" m="47723" machi="7" ten="30,1500,0" yaku="18,1" doraHai="64" who="0" fromWho="0" sc="367,18,211,-6,211,-6,211,-6" /><INIT seed="0,2,0,2,2,84" ten="385,205,205,205" oya="0" hai0="104,56,7,128,33,62,61,117,18,5,8,11,94" hai1="55,65,57,73,60,58,87,107,90,116,46,96,131" hai2="10,99,44,16,13,26,14,74,2,42,114,75,12" hai3="34,23,31,112,129,113,54,122,50,27,36,82,115"/><T126/><D104/><U83/><E116/><V85/><F114/><W91/><G36/><T76/><D33/><U78/><E131/><V125/><F125/><W22/><G129/><T41/><D128/><U93/><E46/><V105/><F85/><W51/><G122/><T101/><D117/><U134/><E134/><V118/><F118/><W45/><G51/><T127/><D76/><U19/><E19/><V111/><F111/><W1/><G1/><T98/><D41/><U3/><E3/><V124/><F124/><N who="0" m="47658" /><D62/><U0/><E0/><V48/><F2/><W95/><REACH who="3" step="1"/><G82/><REACH who="3" ten="385,205,205,195" step="2"/><T4/><D18/><U9/><E9/><V37/><F37/><W52/><G52/><AGARI ba="2,1" hai="4,5,7,8,11,52,56,61,94,98,101" m="47658" machi="52" ten="30,2900,0" yaku="18,1,54,1" doraHai="84" who="0" fromWho="3" sc="385,45,205,0,205,0,195,-35" /><INIT seed="0,3,0,5,1,20" ten="430,205,205,160" oya="0" hai0="48,56,24,76,109,106,116,67,74,104,17,94,23" hai1="126,2,101,98,100,13,84,8,21,25,99,58,18" hai2="128,4,81,112,14,55,79,117,80,134,52,51,120" hai3="107,73,43,40,10,89,71,45,61,47,97,29,105"/><T44/><D116/><U12/><E2/><V65/><F120/><W115/><G73/><T72/><D109/><U122/><E122/><V53/><F112/><W129/><G10/><T1/><D1/><U118/><E118/><V63/><F128/><W49/><G129/><T132/><D132/><U69/><E69/><V54/><F134/><W0/><G89/><T133/><D133/><U127/><E84/><V87/><F117/><W30/><G97/><T31/><D17/><U7/><E58/><N who="2" m="37111" /><F81/><W95/><G95/><T33/><D33/><U68/><E68/><V121/><F121/><W108/><G108/><T15/><D15/><U110/><E110/><V32/><F32/><W35/><G35/><T66/><D66/><U62/><E62/><V124/><F124/><W78/><G78/><T50/><D50/><U123/><E123/><V26/><F14/><W42/><G0/><T28/><D28/><U75/><E75/><V114/><F4/><W41/><G115/><T96/><D74/><U6/><E6/><V22/><F114/><W39/><G107/><T5/><D5/><U70/><E70/><V135/><F135/><W103/><G105/><T37/><D37/><U82/><E82/><V57/><F55/><W11/><G71/><T38/><D38/><U9/><E9/><V83/><F83/><W102/><G11/><T125/><D76/><U27/><E98/><V119/><F119/><W131/><G131/><T91/><D125/><N who="1" m="47627" /><E101/><N who="3" m="38410" /><G61/><N who="0" m="38311" /><D72/><U92/><AGARI ba="3,0" hai="7,8,12,13,18,21,25,27,92,99,100" m="47627" machi="92" ten="30,4000,0" yaku="18,1,52,2" doraHai="20" who="1" fromWho="1" sc="430,-23,205,49,205,-13,160,-13" /><INIT seed="1,0,0,3,1,125" ten="407,254,192,147" oya="1" hai0="46,112,1,38,28,89,15,20,18,58,111,36,108" hai1="53,85,41,51,0,127,64,67,123,129,10,90,2" hai2="31,37,66,61,33,113,71,6,35,8,84,60,23" hai3="126,93,101,26,57,96,45,73,79,17,25,48,130"/><U99/><E123/><V65/><F113/><W47/><G126/><T97/><D112/><U49/><E127/><V9/><F37/><W16/><G73/><T131/><D1/><U100/><E2/><V133/><F133/><W27/><G79/><T62/><D28/><U22/><E0/><V43/><F43/><W13/><G130/><T56/><D131/><U19/><E129/><V120/><F120/><W135/><G135/><T124/><D58/><N who="1" m="33071" /><E10/><V34/><F84/><W106/><G106/><T4/><D4/><U81/><E100/><V3/><F9/><W80/><G80/><T104/><D124/><U52/><E41/><V68/><REACH who="2" step="1"/><F23/><REACH who="2" ten="407,254,182,147" step="2"/><W119/><G119/><T70/><D38/><U95/><E85/><V54/><F54/><N who="3" m="31943" /><G17/><T5/><D36/><U98/><E81/><V122/><F122/><W87/><G87/><T91/><D20/><AGARI ba="0,1" hai="13,16,20,25,26,27,45,47,93,96,101" m="31943" machi="20" ten="30,2000,0" yaku="8,1,54,1" doraHai="125" who="3" fromWho="0" sc="407,-20,254,0,182,0,147,30" /><INIT seed="2,0,0,4,0,89" ten="387,254,182,177" oya="2" hai0="118,23,97,75,51,134,46,70,16,30,103,110,128" hai1="41,95,26,27,71,38,9,123,44,3,83,11,72" hai2="101,39,14,56,74,28,59,6,115,69,52,85,43" hai3="93,120,130,68,76,96,35,29,2,54,37,100,25"/><V1/><F74/><W135/><G2/><T66/><D75/><U117/><E117/><V45/><F115/><W24/><G135/><T62/><D118/><U107/><E107/><V131/><F69/><W81/><G37/><T0/><D134/><U122/><E71/><V64/><F1/><W133/><G133/><T20/><D0/><U112/><E112/><V19/><F131/><W10/><G120/><N who="1" m="46122" /><E11/><V98/><F28/><W55/><G10/><T33/><D128/><U48/><E48/><V67/><F59/><W94/><G25/><N who="0" m="18639" /><D110/><U60/><E60/><V13/><F85/><W34/><G34/><T50/><D23/><U42/><E42/><V111/><F6/><W91/><G68/><T8/><D8/><U78/><E95/><V113/><F111/><W102/><G102/><T18/><D20/><U132/><E132/><V80/><F113/><W31/><G31/><T61/><D61/><U114/><E114/><V84/><F19/><N who="0" m="7210" /><D46/><U104/><E104/><AGARI ba="0,0" hai="50,51,62,66,70,97,103,104" m="7210,18639" machi="104" ten="30,2000,0" yaku="25,1,54,1" doraHai="89" who="0" fromWho="1" sc="387,20,254,-20,182,0,177,0" /><INIT seed="3,0,0,4,0,104" ten="407,234,182,177" oya="3" hai0="59,122,128,125,113,84,70,79,48,108,119,123,65" hai1="47,34,25,44,18,46,118,126,32,100,36,89,73" hai2="42,91,117,37,97,17,77,28,64,98,92,60,11" hai3="8,52,83,74,49,10,53,116,35,58,22,124,1"/><W38/><G35/><T66/><D119/><U121/><E121/><V63/><F117/><W133/><G38/><T2/><D2/><U21/><E118/><V114/><F114/><W40/><G116/><T0/><D0/><U61/><E36/><V57/><F28/><W112/><G112/><T115/><D84/><U14/><E100/><V131/><F131/><W43/><G22/><T33/><D79/><U96/><E61/><V4/><F17/><W23/><G23/><T41/><D33/><U127/><E73/><V105/><F77/><W82/><G1/><T95/><D95/><U26/><E89/><V56/><F42/><W90/><G133/><T19/><D19/><U85/><E85/><V107/><F37/><W12/><G124/><N who="1" m="47658" /><E96/><V29/><F29/><W54/><G74/><T130/><D125/><U87/><E87/><V9/><F4/><N who="3" m="3079" /><G10/><T69/><D48/><U72/><E72/><V135/><F135/><W120/><G90/><T109/><D41/><N who="3" m="15945" /><G120/><T39/><D39/><U75/><E75/><V55/><F107/><W20/><G20/><T81/><D81/><AGARI ba="0,0" hai="49,52,53,54,58,81,82,83" m="15945,3079" machi="81" ten="30,2900,0" yaku="8,1,54,1" doraHai="104" who="3" fromWho="0" sc="407,-29,234,0,182,0,177,29" /><INIT seed="3,1,0,2,5,92" ten="378,234,182,206" oya="3" hai0="127,20,112,101,24,119,48,70,82,89,14,5,11" hai1="135,98,106,55,105,41,47,78,120,39,3,59,53" hai2="12,79,50,107,126,108,37,113,51,124,32,83,133" hai3="84,19,29,26,67,66,103,91,114,65,15,118,27"/><W99/><G114/><T44/><D112/><U115/><E120/><V40/><F113/><W10/><G118/><T132/><D119/><U129/><E115/><V7/><F32/><W77/><G77/><T28/><D127/><N who="2" m="48682" /><F107/><W2/><G2/><T57/><D132/><U58/><E3/><V60/><F108/><W88/><G84/><N who="0" m="50327" /><D70/><U21/><E78/><V1/><F12/><W97/><G103/><T87/><D57/><U93/><E135/><V46/><F60/><W38/><G38/><T30/><D101/><U25/><E129/><V110/><F110/><W75/><G75/><T68/><D68/><U94/><E94/><V76/><F76/><W85/><G29/><N who="0" m="17543" /><D87/><U69/><E69/><V56/><F56/><W18/><G18/><T116/><D116/><U125/><E125/><V122/><F122/><W9/><G9/><T111/><D111/><U16/><E58/><V131/><F131/><W104/><G104/><T102/><D102/><U117/><E117/><V74/><F133/><W100/><G100/><T22/><D22/><U62/><REACH who="1" step="1"/><E55/><AGARI ba="1,0" hai="5,11,14,28,30,44,48,55" m="17543,50327" machi="55" ten="30,1000,0" yaku="8,1" doraHai="92" who="0" fromWho="1" sc="378,13,234,-13,182,0,206,0" /><INIT seed="4,0,0,5,1,58" ten="391,221,182,206" oya="0" hai0="107,106,24,123,52,55,29,63,7,76,6,122,42" hai1="33,75,116,43,36,27,48,119,15,85,67,74,17" hai2="79,125,103,100,78,80,128,127,118,44,57,34,9" hai3="117,110,25,30,66,111,64,82,131,18,62,37,61"/><T72/><D42/><U120/><E120/><V93/><F34/><W0/><G37/><T81/><D123/><U77/><E36/><V83/><F44/><W84/><G0/><T13/><D122/><U112/><E116/><V23/><F23/><W60/><G18/><T28/><D28/><U56/><E119/><V90/><F57/><W104/><G104/><T94/><D107/><U46/><E75/><N who="2" m="43103" /><F9/><W19/><G19/><T124/><D106/><U40/><E74/><N who="2" m="43511" /><F128/><W50/><G50/><T129/><D129/><U73/><E73/><V31/><F31/><W92/><G92/><T5/><D94/><U109/><E109/><V11/><F11/><W135/><G131/><T47/><D13/><U3/><E3/><V97/><F118/><W134/><G117/><T16/><D47/><U113/><E33/><V20/><F20/><N who="3" m="15655" /><G111/><T130/><D130/><U45/><E27/><V54/><F54/><W115/><G110/><T10/><D55/><U21/><E67/><V53/><F53/><W51/><G51/><T105/><D105/><U12/><E56/><V4/><F4/><W114/><G66/><T8/><D29/><U26/><E15/><V108/><F108/><W22/><G22/><N who="0" m="13383" /><D10/><U39/><REACH who="1" step="1"/><E12/><REACH who="1" ten="391,211,182,206" step="2"/><V91/><F103/><W102/><G64/><T32/><D32/><U95/><E95/><V133/><F133/><N who="3" m="50699" /><G102/><T99/><D6/><U71/><E71/><V41/><F41/><W2/><G2/><T86/><D5/><U68/><E68/><V121/><F121/><W70/><G70/><T14/><D7/><U98/><E98/><V89/><AGARI ba="0,1" hai="89,90,91,93,97,100,125,127" m="43511,43103" machi="89" ten="30,4000,0" yaku="5,1,34,2" doraHai="58" who="2" fromWho="2" sc="391,-20,211,-10,182,50,206,-10" /><INIT seed="5,0,0,3,5,92" ten="371,201,232,196" oya="1" hai0="131,37,109,23,132,42,32,80,4,94,9,21,117" hai1="25,8,82,60,17,35,36,43,87,110,7,61,103" hai2="125,15,2,74,84,59,50,88,41,64,1,70,46" hai3="57,30,81,27,98,115,20,99,130,102,113,52,127"/><U93/><E110/><V118/><F74/><W69/><G69/><T51/><D109/><U19/><E36/><V71/><F118/><W40/><G40/><T104/><D32/><U10/><E43/><V66/><F125/><W76/><G102/><T26/><D104/><U100/><E35/><V14/><F2/><W12/><G130/><T44/><D117/><U67/><E60/><V3/><F3/><W16/><G127/><T86/><D131/><U135/><E135/><V114/><F1/><W68/><G68/><T129/><D129/><U24/><E24/><V85/><F114/><N who="3" m="43531" /><G81/><T107/><D107/><U120/><E120/><V95/><F71/><W75/><G76/><T45/><D132/><U47/><E47/><V78/><F70/><W121/><G75/><T73/><D73/><U134/><E134/><V106/><F106/><W89/><G89/><T97/><D26/><U18/><E25/><V63/><F66/><W31/><G121/><T65/><D65/><U11/><E7/><V33/><F33/><N who="3" m="20703" /><G31/><T133/><D133/><U28/><E28/><V108/><F108/><W6/><G6/><T79/><D45/><U91/><E103/><V90/><F78/><W116/><G116/><T58/><D58/><U49/><E49/><AGARI ba="0,0" hai="12,16,20,49,52,57,98,99" m="20703,43531" machi="49" ten="30,8000,1" yaku="15,1,52,2,54,2" doraHai="92" who="3" fromWho="1" sc="371,0,201,-80,232,0,196,80" /><INIT seed="6,0,0,1,4,7" ten="371,121,232,276" oya="2" hai0="29,72,120,61,59,19,25,46,91,34,15,87,14" hai1="64,110,75,44,42,95,100,125,10,74,8,77,58" hai2="21,68,116,24,5,41,83,27,66,94,38,86,127" hai3="4,128,12,118,113,96,80,78,40,9,51,81,54"/><V119/><F127/><W55/><G128/><T90/><D72/><U16/><E110/><V35/><F35/><W107/><G81/><T26/><D120/><U98/><E125/><V122/><F122/><W1/><G118/><T76/><D76/><U70/><E70/><V134/><F134/><W30/><G30/><T73/><D73/><U101/><E75/><V65/><F94/><W108/><G1/><T3/><D3/><U88/><E77/><V36/><F5/><W129/><G129/><T33/><D46/><U57/><E74/><V135/><F135/><W111/><G113/><T56/><D19/><U37/><E64/><V53/><F53/><W82/><G82/><T11/><D61/><U23/><E100/><V84/><F83/><W93/><G55/><T39/><D39/><U52/><E101/><V20/><REACH who="2" step="1"/><F41/><REACH who="2" ten="371,121,222,276" step="2"/><W124/><G124/><T97/><D34/><U71/><E71/><AGARI ba="0,1" hai="20,21,24,27,36,38,65,66,68,71,84,86,116,119" machi="71" ten="25,9600,0" yaku="1,1,2,1,22,2,53,0" doraHai="7" doraHaiUra="131" who="2" fromWho="1" sc="371,0,121,-96,222,106,276,0" /><INIT seed="6,1,0,3,0,112" ten="371,25,328,276" oya="2" hai0="78,86,39,0,82,58,118,77,109,61,103,72,83" hai1="50,52,46,120,47,80,51,115,26,87,93,122,119" hai2="11,7,124,64,133,131,66,21,56,59,24,35,116" hai3="34,29,22,65,88,92,63,38,75,10,43,125,30"/><V2/><F124/><W102/><G75/><T94/><D109/><U81/><E26/><V31/><F131/><W14/><G102/><T91/><D39/><U97/><E115/><V114/><F114/><W18/><G34/><T48/><D0/><U57/><E81/><V49/><F133/><W68/><G125/><T5/><D48/><U9/><E9/><V135/><F135/><W117/><G117/><T60/><D5/><U15/><E15/><V96/><F116/><W76/><G76/><T110/><D110/><U16/><E57/><V70/><F70/><W90/><G90/><T126/><D126/><U104/><E104/><V100/><F35/><W106/><G106/><T123/><D118/><U111/><E111/><V1/><F1/><W95/><G95/><T33/><D33/><U8/><E119/><V12/><F2/><W45/><REACH who="3" step="1"/><G10/><REACH who="3" ten="371,25,328,266" step="2"/><T40/><D103/><U37/><E37/><V19/><F7/><W99/><AGARI ba="1,1" hai="14,18,22,29,30,38,43,45,63,65,68,88,92,99" machi="99" ten="20,12000,2" yaku="1,1,2,1,0,1,7,1,54,1,53,1" doraHai="112" doraHaiUra="13" who="3" fromWho="3" sc="371,-31,25,-31,328,-61,266,133" owari="340,14.0,-6,-51.0,267,-13.0,399,50.0" /></mjloggm>