<mjloggm ver="2.3"><GO type="41" lobby="0"/><UN n0="%E2%93%9D%53%75%70%68%78" n1="%E7%B4%85%E5%AD%94%E9%9B%80%E5%90%8D%E4%BA%BA" n2="%E7%A5%9E%E5%91%AA%E9%AD%94%E5%A5%B3" n3="%E5%BC%B7%E3%81%8F%E3%81%AA%E3%82%8B" dan="18,14,14,14" rate="2097.02,1929.34,1980.98,1944.05" sx="M,M,F,M"/><TAIKYOKU oya="0"/><INIT seed="0,0,0,0,2,95" ten="250,250,250,250" oya="0" hai0="92,81,78,73,107,99,122,118,89,112,87,50,68" hai1="93,96,120,33,79,116,104,3,30,64,14,128,55" hai2="83,58,77,126,49,40,63,114,111,75,1,113,72" hai3="47,23,24,101,37,123,19,70,8,105,62,12,129"/><T13/><D68/><U88/><E120/><V32/><F32/><W100/><G123/><T44/><D122/><U103/><E116/><V82/><F1/><W52/><G129/><T42/><D118/><U133/><E3/><V22/><F111/><W2/><G2/><T80/><D112/><U67/><E79/><V57/><F126/><W110/><G110/><T54/><D13/><U91/><E133/><V45/><F57/><W56/><G70/><T6/><D6/><U71/><E128/><V53/><REACH who="2" step="1"/><F22/><REACH who="2" ten="250,250,240,250" step="2"/><W131/><G131/><T86/><D107/><N who="1" m="63975" /><E71/><V5/><F5/><W119/><G119/><T25/><D73/><U94/><E33/><V18/><F18/><W117/><G117/><T36/><D25/><U10/><E104/><V115/><F115/><W60/><G105/><T38/><REACH who="0" step="1"/><D54/><REACH who="0" ten="240,250,240,250" step="2"/><U108/><E55/><V59/><F59/><N who="3" m="34919" /><G47/><T102/><AGARI ba="0,2" hai="36,38,42,44,50,78,80,81,86,87,89,92,99,102" machi="102" ten="20,12000,1" yaku="1,1,0,1,7,1,52,1,53,1" doraHai="95" doraHaiUra="84" who="0" fromWho="0" sc="240,140,250,-40,240,-40,250,-40" /><INIT seed="0,1,0,2,5,20" ten="380,210,200,210" oya="0" hai0="67,128,80,58,6,120,127,72,115,121,39,16,66" hai1="82,68,85,59,44,84,113,35,53,133,86,126,12" hai2="109,96,108,43,132,90,37,124,5,42,76,122,56" hai3="63,65,88,54,28,103,111,61,119,105,31,51,131"/><T135/><D6/><U27/><E68/><V75/><F122/><W17/><G119/><T71/><D72/><U52/><E113/><V26/><F124/><W130/><G111/><T29/><D29/><U2/><E2/><V93/><F132/><W102/><G17/><T79/><D128/><N who="3" m="49193" /><G88/><T97/><D39/><U98/><E133/><V64/><F5/><W89/><G89/><T123/><D115/><U48/><E126/><V70/><F70/><N who="3" m="42287" /><G63/><T19/><D127/><U36/><E36/><V81/><F64/><W94/><G94/><T83/><D71/><U22/><E98/><V100/><F37/><W41/><G41/><T73/><D97/><U62/><E35/><V30/><F108/><W14/><G14/><T87/><D135/><U60/><E12/><V99/><F109/><W57/><G105/><T74/><D123/><U8/><E8/><V110/><F110/><W38/><G38/><T106/><D106/><U49/><E82/><V95/><REACH who="2" step="1"/><F56/><REACH who="2" ten="380,210,190,210" step="2"/><W92/><G92/><T77/><D58/><U47/><REACH who="1" step="1"/><E59/><REACH who="1" ten="380,200,190,210" step="2"/><V33/><AGARI ba="1,2" hai="26,30,33,42,43,75,76,81,90,93,95,96,99,100" machi="33" ten="20,12000,2" yaku="1,1,2,1,0,1,7,1,52,1,53,1" doraHai="20" doraHaiUra="25" who="2" fromWho="2" sc="380,-61,200,-31,190,143,210,-31" /><INIT seed="1,0,0,0,2,19" ten="319,169,333,179" oya="1" hai0="129,58,16,18,25,81,114,42,28,106,123,87,79" hai1="118,130,40,93,115,35,75,119,104,96,117,76,105" hai2="59,37,97,63,5,55,60,122,74,29,46,8,34" hai3="39,120,133,94,26,102,109,83,135,126,11,51,110"/><U73/><E35/><V31/><F122/><W23/><G39/><T77/><D114/><U85/><E115/><V21/><F74/><W0/><G120/><T82/><D106/><U43/><E130/><V128/><F128/><W89/><G83/><T1/><D1/><U3/><E3/><V49/><F34/><W30/><G102/><T111/><D111/><N who="3" m="42505" /><G51/><T9/><D42/><U57/><E57/><V15/><F37/><W22/><G126/><T53/><D9/><U54/><E54/><V65/><F97/><N who="3" m="57551" /><G11/><T36/><D36/><U6/><E6/><V69/><REACH who="2" step="1"/><F21/><REACH who="2" ten="319,169,323,179" step="2"/><N who="3" m="7691" /><G0/><T100/><D123/><U116/><E116/><V84/><F84/><W62/><G62/><T99/><D87/><U90/><E43/><AGARI ba="0,1" hai="5,8,15,29,31,43,46,49,55,59,60,63,65,69" machi="43" ten="30,2000,0" yaku="1,1,7,1,53,0" doraHai="19" doraHaiUra="107" who="2" fromWho="1" sc="319,0,169,-20,323,30,179,0" /><INIT seed="2,0,0,4,1,106" ten="319,149,353,179" oya="2" hai0="32,60,100,21,3,64,89,59,115,0,38,128,97" hai1="127,37,15,42,48,133,80,99,68,74,45,62,103" hai2="67,8,108,4,134,57,10,113,83,119,65,26,77" hai3="109,40,1,87,41,20,86,85,107,18,70,125,75"/><V50/><F113/><W49/><G70/><T112/><D32/><U27/><E15/><V101/><F119/><W116/><G116/><T9/><D38/><U110/><E27/><V72/><F134/><W131/><G1/><T5/><D128/><U16/><E16/><V31/><F101/><W91/><G107/><T33/><D33/><U14/><E14/><V111/><F50/><W2/><G2/><T6/><D89/><U55/><E133/><V24/><F4/><W117/><G117/><T51/><D21/><U29/><E29/><V23/><F24/><W92/><G131/><T54/><D6/><U47/><E127/><V30/><F30/><W7/><G7/><T17/><D17/><U69/><E80/><V90/><F90/><W126/><G75/><T130/><D130/><U95/><E110/><N who="2" m="42027" /><F65/><W122/><G122/><T78/><D3/><U39/><E39/><V96/><F96/><N who="3" m="57375" /><G49/><T35/><D35/><U114/><E114/><V118/><F118/><W121/><G121/><T104/><REACH who="0" step="1"/><D78/><REACH who="0" ten="309,149,353,179" step="2"/><U123/><E123/><V84/><F84/><W52/><G109/><T34/><D34/><U129/><E129/><V53/><F53/><W79/><G52/><T132/><D132/><U46/><E55/><V63/><AGARI ba="0,1" hai="8,10,23,26,31,57,63,67,72,77,83" m="42027" machi="63" ten="30,6000,0" yaku="14,1,10,1,52,1" doraHai="106" who="2" fromWho="2" sc="309,-20,149,-20,353,70,179,-20" /><INIT seed="2,1,0,5,0,102" ten="289,129,423,159" oya="2" hai0="12,112,98,50,16,118,3,75,20,4,65,119,18" hai1="134,132,128,76,122,0,22,90,44,70,39,95,67" hai2="14,52,38,84,106,23,41,24,43,79,36,124,13" hai3="108,46,89,10,110,87,94,127,77,57,31,45,60"/><V116/><F116/><N who="0" m="44586" /><D75/><U104/><E0/><V21/><F124/><W114/><G127/><T120/><D65/><U80/><E128/><V54/><F84/><W113/><G31/><T91/><D50/><U68/><E122/><V48/><F48/><W35/><G10/><N who="0" m="2335" /><D91/><U27/><E67/><V56/><F56/><W17/><G17/><N who="0" m="10279" /><D98/><U121/><E44/><N who="3" m="17002" /><G35/><T72/><D72/><U92/><E39/><V135/><F79/><W37/><G37/><T47/><D47/><U32/><E32/><V9/><F9/><W34/><G34/><T33/><D112/><N who="3" m="43113" /><G77/><T126/><D126/><U93/><E90/><V53/><F53/><AGARI ba="1,0" hai="53,57,60,87,89,94,108,110" m="43113,17002" machi="53" ten="30,1000,0" yaku="11,1" doraHai="102" who="3" fromWho="2" sc="289,0,129,0,423,-13,159,13" /><INIT seed="3,0,0,4,0,40" ten="289,129,410,172" oya="3" hai0="5,117,23,83,120,36,59,16,27,119,65,125,29" hai1="22,118,55,100,63,134,92,90,68,131,56,51,48" hai2="95,103,113,104,74,60,106,25,57,2,116,75,62" hai3="44,9,20,105,108,112,88,111,11,89,102,41,80"/><W8/><G112/><T82/><D120/><U15/><E118/><V133/><F116/><W115/><G115/><T99/><D36/><U42/><E68/><V14/><F113/><W24/><G102/><T39/><D125/><U123/><E123/><V114/><F114/><W47/><G105/><T71/><D39/><U31/><E100/><V84/><F2/><W130/><G130/><T3/><D71/><U7/><E134/><V70/><F133/><W58/><G58/><T78/><D83/><U98/><E131/><V87/><F70/><W93/><G80/><T33/><D99/><U45/><E31/><V135/><F135/><W0/><G0/><T96/><D96/><U30/><E30/><V122/><F122/><W91/><G93/><T97/><D97/><U54/><E22/><V121/><F103/><W6/><G6/><T81/><D81/><U64/><E51/><V1/><F1/><W61/><G61/><T50/><D50/><U126/><REACH who="1" step="1"/><E126/><REACH who="1" ten="289,119,410,172" step="2"/><V28/><F121/><W32/><G32/><T37/><D37/><U46/><E46/><V18/><F104/><W38/><REACH who="3" step="1"/><G47/><REACH who="3" ten="289,119,410,162" step="2"/><T128/><D128/><U77/><E77/><V73/><F106/><W66/><G66/><T17/><D119/><U129/><E129/><V94/><F57/><W101/><G101/><T26/><D117/><U12/><E12/><V10/><F14/><W67/><G67/><T86/><D65/><U19/><E19/><AGARI ba="0,2" hai="8,9,11,19,20,24,38,41,44,88,89,91,108,111" machi="19" ten="50,9600,0" yaku="1,1,52,1,54,1,53,0" doraHai="40" doraHaiUra="76" who="3" fromWho="1" sc="289,0,119,-96,410,0,162,116" /><INIT seed="3,1,0,3,3,112" ten="289,23,410,278" oya="3" hai0="40,62,86,131,80,9,73,78,48,116,31,4,124" hai1="91,20,134,72,21,79,100,127,125,118,106,35,119" hai2="81,57,16,109,12,99,65,98,10,55,1,87,46" hai3="36,49,53,120,133,14,19,95,17,70,54,122,27"/><W107/><G107/><T61/><D131/><U37/><E35/><V82/><F109/><W63/><G133/><T18/><D124/><N who="1" m="47691" /><E37/><V47/><F1/><W26/><G36/><T58/><D73/><U67/><E67/><V114/><F114/><W66/><G54/><T83/><D116/><N who="1" m="44587" /><E134/><V29/><F65/><W76/><G76/><T23/><D31/><U121/><E121/><V33/><F29/><W42/><G42/><T56/><D40/><U74/><E91/><V71/><F33/><W8/><G19/><T43/><D18/><U105/><E79/><V126/><F126/><W13/><G13/><T135/><D78/><U123/><E100/><V117/><F117/><W85/><G122/><T102/><D102/><U111/><E111/><V24/><F24/><W68/><G68/><T103/><D103/><U34/><E34/><V101/><F101/><W94/><G120/><T130/><D135/><U50/><E50/><V39/><F39/><W6/><G17/><T44/><D48/><U0/><E0/><V77/><F16/><W113/><G113/><T32/><D32/><U108/><E108/><V38/><F38/><W92/><REACH who="3" step="1"/><G85/><REACH who="3" ten="289,23,410,268" step="2"/><T84/><D84/><U64/><E123/><V41/><F77/><W89/><G89/><T129/><D129/><U28/><E64/><V30/><F12/><W93/><N who="3" m="23552" /><DORA hai="22" /><W45/><AGARI ba="1,1" hai="6,8,14,26,27,45,49,53,63,66,70" m="23552" machi="45" ten="40,12000,1" yaku="1,1,4,1,0,1,52,2,53,0" doraHai="112,22" doraHaiUra="110,52" who="3" fromWho="3" sc="289,-41,23,-41,410,-41,268,133" owari="248,-15.0,-18,-52.0,369,17.0,401,50.0" /></mjloggm>