<mjloggm ver="2.3"><GO type="41" lobby="0"/><UN n0="%E7%99%BA%E5%A3%B0%E3%81%8C%E5%A4%A7%E4%BA%8B" n1="%4E%61%74%72%75%6D%69%6C" n2="%6B%61%31%30%73" n3="%E2%93%9D%53%75%70%68%78" dan="15,15,17,17" rate="2011.76,1922.48,2155.15,2053.65" sx="M,M,M,M"/><TAIKYOKU oya="0"/><INIT seed="0,0,0,4,5,123" ten="250,250,250,250" oya="0" hai0="106,127,30,108,0,42,19,53,52,35,98,134,120" hai1="39,26,44,67,48,1,88,104,47,77,3,125,6" hai2="135,27,25,57,13,124,119,28,14,103,132,62,121" hai3="17,94,29,7,111,72,51,61,87,54,22,79,93"/><T10/><D120/><U32/><E104/><V74/><F74/><W49/><G72/><T4/><D127/><U37/><E77/><V5/><F103/><W65/><G7/><T116/><D116/><U107/><E107/><V81/><F81/><W91/><G29/><T122/><D122/><U41/><E67/><V126/><F57/><W12/><G111/><T114/><D114/><U105/><E105/><V92/><F92/><W115/><G115/><T90/><D134/><N who="2" m="51242" /><F62/><W11/><G79/><T78/><D78/><U8/><E125/><N who="2" m="48235" /><F121/><W128/><G128/><T59/><D42/><U101/><E101/><V55/><F55/><W83/><G22/><T84/><D53/><U70/><E70/><V66/><F66/><W129/><G129/><T33/><D30/><U100/><E100/><V109/><F109/><W56/><REACH who="3" step="1"/><G51/><REACH who="3" ten="250,250,250,240" step="2"/><T64/><D108/><U2/><E48/><V15/><F119/><W23/><G23/><T60/><D19/><U36/><E36/><V73/><F73/><W46/><AGARI ba="0,1" hai="11,12,17,46,49,54,56,61,65,83,87,91,93,94" machi="46" ten="20,12000,2" yaku="1,1,0,1,7,1,25,2,8,1,53,1" doraHai="123" doraHaiUra="82" who="3" fromWho="3" sc="250,-60,250,-30,250,-30,240,130" /><INIT seed="1,0,0,2,0,63" ten="190,220,220,370" oya="1" hai0="58,62,67,119,15,59,16,118,14,135,27,97,81" hai1="99,66,48,56,80,39,82,65,23,108,3,42,50" hai2="72,128,79,52,47,31,125,10,25,28,75,51,6" hai3="4,123,32,120,11,38,103,26,12,112,134,1,122"/><U60/><E3/><V24/><F125/><W70/><G103/><T21/><D135/><U18/><E108/><V121/><F128/><W93/><G93/><T101/><D81/><N who="1" m="31339" /><E39/><V86/><F121/><W92/><G92/><T34/><D58/><U53/><E99/><V83/><F25/><W84/><G112/><T73/><D73/><U78/><E78/><V114/><F114/><W43/><G70/><T35/><D15/><N who="1" m="9695" /><E42/><V5/><F5/><W133/><G84/><T110/><D110/><U37/><E37/><V129/><F129/><W131/><G131/><T8/><D119/><U111/><E111/><V17/><F17/><W90/><G43/><T87/><D87/><U116/><E116/><V7/><F7/><W98/><G38/><T41/><D41/><U91/><E91/><V74/><REACH who="2" step="1"/><F24/><REACH who="2" ten="190,220,210,370" step="2"/><W49/><G123/><T13/><D118/><U46/><E46/><V95/><F95/><W33/><G122/><T117/><D117/><U9/><E9/><V76/><F76/><W88/><G11/><T61/><D8/><U55/><E55/><V130/><F130/><W113/><G120/><T20/><D27/><U45/><E45/><V104/><F104/><W54/><G113/><T106/><D106/><U100/><E100/><V105/><F105/><W124/><G26/><T127/><D101/><U0/><E0/><AGARI ba="0,1" hai="0,6,10,28,31,47,51,52,72,74,75,79,83,86" machi="0" ten="40,2600,0" yaku="1,1,54,1,53,0" doraHai="63" doraHaiUra="29" who="2" fromWho="1" sc="190,0,220,-26,210,36,370,0" /><INIT seed="2,0,0,1,0,72" ten="190,194,246,370" oya="2" hai0="60,21,127,80,29,93,91,71,7,59,68,6,48" hai1="2,75,27,65,73,32,41,78,25,53,45,88,94" hai2="103,51,39,107,126,5,10,52,85,135,86,37,38" hai3="128,133,96,49,77,114,24,115,74,15,4,90,98"/><V92/><F107/><W1/><G1/><T95/><D127/><U28/><E65/><V70/><F70/><W122/><G24/><N who="0" m="16527" /><D71/><U23/><E2/><V3/><F126/><W97/><G128/><T120/><D68/><U46/><E53/><V113/><F135/><W104/><G122/><T26/><D26/><U79/><E73/><V13/><F3/><W34/><G34/><T106/><D106/><U123/><E75/><V101/><F113/><N who="3" m="43019" /><G49/><T11/><D48/><U110/><E110/><V20/><F20/><W87/><G15/><N who="0" m="5623" /><D7/><U69/><E69/><V50/><F50/><W12/><G12/><T89/><D120/><U8/><E123/><V54/><F54/><W17/><G17/><T99/><D80/><U14/><E27/><V83/><F92/><N who="0" m="35402" /><D99/><N who="1" m="57799" /><E32/><V66/><F66/><AGARI ba="0,0" hai="59,60,66,89,91" m="35402,5623,16527" machi="66" ten="30,1000,0" yaku="8,1" doraHai="72" who="0" fromWho="2" sc="190,10,194,0,246,-10,370,0" /><INIT seed="3,0,0,1,5,65" ten="200,194,236,370" oya="3" hai0="42,44,28,47,81,75,134,36,71,77,112,99,57" hai1="13,14,6,3,93,24,9,60,1,16,95,68,94" hai2="113,133,32,66,5,30,111,61,4,52,22,123,88" hai3="23,12,0,78,41,15,18,67,107,49,79,114,10"/><W19/><G114/><T51/><D112/><U85/><E24/><N who="2" m="16663" /><F32/><W110/><G107/><T25/><D134/><U101/><E101/><V103/><F113/><W109/><G0/><T126/><D126/><U106/><E106/><V80/><F111/><N who="3" m="42507" /><G67/><T62/><D99/><U132/><E132/><V74/><F74/><W135/><G135/><T35/><D71/><U34/><E34/><V86/><F133/><W104/><G104/><T72/><D72/><U29/><E29/><V40/><F40/><W46/><AGARI ba="0,0" hai="10,12,15,18,19,23,41,46,49,78,79" m="42507" machi="46" ten="30,3000,0" yaku="14,1,10,1" doraHai="65" who="3" fromWho="3" sc="200,-10,194,-10,236,-10,370,30" /><INIT seed="3,1,0,4,0,15" ten="190,184,226,400" oya="3" hai0="87,35,5,113,54,106,25,69,6,109,89,4,33" hai1="105,38,30,121,88,40,100,134,128,23,80,0,86" hai2="37,110,24,81,125,2,131,75,71,44,22,36,85" hai3="70,97,64,62,18,116,49,56,27,53,46,102,28"/><W119/><G18/><T52/><D109/><U29/><E121/><V21/><F125/><W67/><G67/><T104/><D113/><U61/><E0/><V66/><F131/><W115/><G115/><T7/><D69/><U132/><E128/><V93/><F2/><W129/><G129/><T16/><N who="0" m="1024" /><DORA hai="3" /><T120/><D120/><U107/><E61/><V112/><F112/><W57/><G119/><T65/><D65/><U31/><E100/><V26/><F75/><W133/><G133/><N who="1" m="51306" /><E23/><V42/><F36/><W50/><G50/><T13/><D106/><N who="1" m="40459" /><E40/><V59/><F71/><W103/><G116/><T99/><D99/><U20/><E20/><V63/><F21/><W8/><G97/><T77/><D104/><U90/><E38/><V122/><F110/><W74/><G70/><T84/><D77/><AGARI ba="1,0" hai="29,30,31,77,80,86,88,90" m="40459,51306" machi="77" ten="40,2600,0" yaku="20,1,54,1" doraHai="15,3" who="1" fromWho="0" sc="190,-29,184,29,226,0,400,0" /><INIT seed="4,0,0,2,1,115" ten="161,213,226,400" oya="0" hai0="48,10,56,118,21,80,107,44,19,28,117,96,131" hai1="9,111,130,94,81,46,112,29,43,1,58,12,83" hai2="47,23,98,120,133,24,38,4,126,71,121,69,84" hai3="41,52,5,100,104,31,110,50,42,57,14,103,22"/><T102/><D28/><U128/><E1/><V127/><F4/><W95/><G110/><T40/><D131/><N who="1" m="50219" /><E111/><V75/><F75/><W39/><G104/><T60/><D80/><U26/><E58/><V33/><F84/><W45/><G42/><T101/><D10/><U53/><E53/><V123/><F98/><W88/><G5/><T37/><D48/><N who="1" m="26719" /><E112/><V49/><F33/><W32/><G32/><T105/><D102/><U27/><E94/><V13/><F13/><W35/><G35/><T66/><REACH who="0" step="1"/><D107/><REACH who="0" ten="151,213,226,400" step="2"/><U78/><E29/><V64/><F49/><W17/><G31/><T91/><D91/><U25/><E78/><V70/><F121/><W55/><G55/><T61/><D61/><U113/><E113/><V89/><F123/><W106/><G106/><T59/><D59/><U116/><E116/><V99/><F120/><W2/><G2/><T72/><D72/><U11/><E11/><V129/><F89/><W82/><G82/><T97/><D97/><AGARI ba="0,1" hai="14,17,22,39,41,45,50,52,57,88,95,97,100,103" machi="97" ten="30,3900,0" yaku="7,1,54,2" doraHai="115" who="3" fromWho="0" sc="151,-39,213,0,226,0,400,49" /><INIT seed="5,0,0,4,1,105" ten="112,213,226,449" oya="1" hai0="21,0,39,18,46,61,20,45,51,122,120,9,64" hai1="76,85,75,5,89,42,16,54,19,90,110,7,25" hai2="28,87,69,101,38,31,132,134,2,71,52,92,121" hai3="8,117,104,17,37,125,1,10,86,49,80,43,3"/><U48/><E42/><V130/><F2/><W29/><G125/><T73/><D20/><U26/><E110/><V77/><F38/><W74/><G29/><T114/><D9/><U78/><E85/><V6/><F6/><W98/><G74/><T95/><D0/><U4/><E75/><V93/><F121/><W108/><G104/><T67/><D73/><U115/><E115/><V113/><F113/><W11/><G117/><T56/><D114/><U53/><E5/><V97/><F130/><W44/><G98/><T119/><D119/><U94/><E94/><V99/><F52/><W40/><G108/><T62/><D95/><U129/><REACH who="1" step="1"/><E48/><REACH who="1" ten="112,203,226,449" step="2"/><V79/><F87/><W109/><G109/><T70/><D39/><U106/><E106/><V88/><F101/><W102/><G102/><T84/><D84/><U116/><E116/><V14/><F88/><W68/><G43/><T47/><REACH who="0" step="1"/><D51/><REACH who="0" ten="102,203,226,449" step="2"/><U72/><E72/><V58/><F93/><W112/><G37/><T118/><D118/><U124/><E124/><V12/><F92/><W13/><G112/><T23/><D23/><U107/><E107/><V41/><F99/><W100/><G100/><T83/><D83/><U22/><E22/><V91/><F97/><W34/><G80/><T33/><D33/><U66/><E66/><V50/><F50/><W32/><G86/><T123/><D123/><U24/><E24/><AGARI ba="0,2" hai="18,21,24,45,46,47,56,61,62,64,67,70,120,122" machi="24" ten="40,1300,0" yaku="1,1,53,0" doraHai="105" doraHaiUra="111" who="0" fromWho="1" sc="102,33,203,-13,226,0,449,0" /><INIT seed="6,0,0,4,0,20" ten="135,190,226,449" oya="2" hai0="113,100,78,87,57,98,114,51,82,131,41,16,74" hai1="44,106,36,39,66,97,55,24,50,49,86,72,105" hai2="70,102,77,88,26,121,56,85,124,40,28,81,29" hai3="0,71,117,92,132,112,103,115,38,25,73,6,75"/><V111/><F70/><W2/><G117/><T13/><D131/><U14/><E72/><V128/><F111/><W31/><G132/><T15/><D15/><U52/><E66/><V99/><F121/><W12/><G38/><T90/><D41/><U96/><E14/><V62/><F128/><W79/><G92/><T46/><D57/><U9/><E9/><V68/><F68/><W109/><G103/><T122/><D122/><U94/><E86/><V126/><F40/><W67/><G79/><T7/><D7/><U23/><E106/><V64/><F77/><W58/><G109/><T19/><D51/><U17/><E105/><V80/><F80/><W60/><G12/><T35/><D46/><U84/><E84/><V91/><F91/><W107/><G58/><T108/><D35/><U3/><E3/><N who="3" m="1066" /><G6/><T69/><D69/><U95/><E95/><N who="2" m="58751" /><F28/><W53/><G107/><N who="0" m="63895" /><D13/><U48/><E48/><V104/><F104/><W11/><G11/><T123/><D123/><U37/><REACH who="1" step="1"/><E94/><REACH who="1" ten="135,180,226,449" step="2"/><V59/><F85/><W22/><G75/><T76/><D108/><U10/><E10/><V1/><F1/><W63/><G73/><T129/><D129/><U93/><E93/><V83/><F64/><W134/><G67/><T61/><D61/><U65/><E65/><V133/><F62/><W118/><G63/><T8/><D8/><U135/><E135/><V116/><F133/><W18/><G134/><T119/><D76/><U43/><E43/><V5/><F5/><W127/><G71/><T89/><D74/><U30/><E30/><V4/><F29/><W32/><G31/><RYUUKYOKU ba="0,1" sc="135,-10,180,30,226,-10,449,-10" hai1="17,23,24,36,37,39,44,49,50,52,55,96,97" /><INIT seed="7,1,1,5,0,122" ten="125,210,216,439" oya="3" hai0="12,113,46,10,41,94,65,53,83,93,8,38,56" hai1="134,9,44,107,74,112,73,102,116,36,125,114,99" hai2="120,1,82,55,28,78,31,77,129,62,98,91,126" hai3="71,100,72,80,32,15,5,95,81,59,61,14,89"/><W13/><G32/><T115/><D8/><U85/><E134/><V101/><F1/><W117/><G100/><T121/><D121/><U54/><E125/><V132/><F129/><W30/><G30/><T29/><D29/><U33/><E33/><V67/><F55/><W20/><G95/><T68/><D83/><U92/><E116/><V43/><F91/><W18/><G5/><T90/><D90/><N who="1" m="53327" /><E9/><V17/><F43/><W66/><G71/><T4/><D94/><U127/><E127/><V19/><F78/><W86/><G117/><T47/><D93/><U97/><E97/><V108/><F108/><W118/><G72/><T37/><D12/><U35/><E35/><V16/><F126/><W7/><G7/><T88/><D88/><U45/><E45/><N who="0" m="16905" /><D10/><U79/><E54/><V128/><F128/><W2/><G118/><T34/><D4/><U105/><E105/><N who="2" m="63671" /><F132/><W6/><G6/><T103/><D103/><U106/><E106/><V70/><F120/><W22/><G2/><T58/><D34/><U57/><E57/><N who="0" m="22121" /><D53/><U26/><E26/><V130/><F130/><W52/><G81/><T109/><D109/><U119/><E119/><V64/><F28/><W110/><G110/><T60/><D41/><N who="1" m="22567" /><E74/><N who="2" m="43319" /><F31/><W49/><G22/><T124/><D124/><U69/><E69/><V23/><F23/><W63/><G20/><T133/><D133/><U135/><E135/><V84/><F84/><W48/><G86/><T0/><D0/><U25/><E25/><V39/><F17/><W123/><G18/><T27/><D27/><U42/><E42/><V40/><F40/><RYUUKYOKU ba="1,1" sc="125,15,210,15,216,-15,439,-15" hai0="37,38,60,65,68,113,115" hai1="73,79,99,102,107,112,114" owari="140,-36.0,225,3.0,201,-20.0,434,53.0" /></mjloggm>