<mjloggm ver="2.3"><GO type="41" lobby="0"/><UN n0="%E5%86%8D%E3%81%B3%EF%BD%86" n1="%E2%93%9D%53%75%70%68%78" n2="%E3%83%8F%E3%83%8D%E3%82%B9%E3%83%AA%E3%83%BC" n3="%E3%81%93%E3%82%93%E3%81%91%E3%82%93" dan="14,18,15,14" rate="1974.79,2087.48,1979.99,1933.19" sx="M,M,M,M"/><TAIKYOKU oya="0"/><INIT seed="0,0,0,0,3,77" ten="250,250,250,250" oya="0" hai0="28,102,131,82,13,123,129,40,46,126,48,44,32" hai1="133,118,38,67,30,111,84,98,8,41,21,23,9" hai2="105,63,122,24,72,87,110,25,56,113,6,117,59" hai3="69,34,116,65,29,10,0,68,50,83,132,90,78"/><T12/><D123/><U134/><E67/><V92/><F105/><W135/><G116/><T33/><D126/><U57/><E57/><V43/><F72/><W114/><G114/><T2/><D2/><U17/><E41/><V74/><F74/><W86/><G65/><T1/><D1/><U106/><E84/><V35/><F117/><W27/><G50/><T112/><D112/><U81/><E98/><V53/><F110/><W42/><G42/><T61/><D102/><U52/><E38/><V75/><F75/><W80/><G10/><T55/><D61/><U96/><E96/><V49/><F6/><W15/><G15/><N who="0" m="5707" /><D28/><U73/><E30/><V99/><F35/><W7/><G7/><T76/><D33/><U66/><E111/><V18/><F18/><W79/><G0/><T101/><D32/><U130/><E118/><V36/><F113/><W85/><REACH who="3" step="1"/><G90/><REACH who="3" ten="250,250,250,240" step="2"/><T47/><D101/><U103/><E103/><V20/><F43/><W3/><G3/><T62/><D40/><U37/><E9/><V100/><F36/><W70/><AGARI ba="0,1" hai="27,29,34,68,69,70,78,79,80,83,85,86,132,135" machi="70" ten="40,8000,1" yaku="1,1,0,1,9,1,52,2,53,0" doraHai="77" doraHaiUra="124" who="3" fromWho="3" sc="250,-40,250,-20,250,-20,240,90" /><INIT seed="1,0,0,1,4,78" ten="210,230,230,330" oya="1" hai0="92,2,104,24,90,71,38,36,111,46,85,88,20" hai1="14,48,6,91,70,130,26,106,109,49,120,55,127" hai2="18,42,44,103,21,16,33,0,22,1,69,93,65" hai3="72,50,35,125,37,64,62,12,86,126,19,87,119"/><U121/><E106/><V29/><F65/><W123/><G123/><T94/><D111/><U7/><E70/><V67/><F29/><W59/><G37/><T135/><D104/><U84/><E130/><V105/><F33/><W56/><G35/><T28/><D2/><U129/><E127/><N who="3" m="48650" /><G119/><T54/><D135/><U45/><E129/><V60/><F105/><W82/><G56/><T77/><D71/><U110/><E26/><V124/><F124/><W40/><G40/><T97/><D77/><U15/><E91/><V25/><F93/><W34/><G50/><T117/><REACH who="0" step="1"/><D117/><REACH who="0" ten="200,230,230,330" step="2"/><U131/><E131/><V57/><F69/><W47/><G34/><T79/><D79/><U112/><E121/><V118/><F118/><W133/><G133/><T122/><D122/><U66/><E120/><V102/><F0/><W52/><G72/><T11/><D11/><U63/><E110/><V23/><F1/><W4/><G4/><T89/><D89/><U99/><E7/><V115/><F115/><W10/><G82/><T32/><D32/><U43/><E112/><V13/><F21/><W114/><G114/><T30/><D30/><U39/><E6/><V17/><REACH who="2" step="1"/><F17/><REACH who="2" ten="200,230,220,330" step="2"/><W128/><G128/><T107/><D107/><U51/><E109/><V41/><F41/><W113/><G113/><T58/><D58/><U83/><E43/><V5/><F5/><W134/><G19/><T75/><D75/><U96/><E45/><V108/><F108/><W95/><G47/><T80/><D80/><U8/><E83/><V9/><F9/><W61/><G59/><T116/><D116/><RYUUKYOKU ba="0,2" sc="200,15,230,-15,220,15,330,-15" hai0="20,24,28,36,38,46,54,85,88,90,92,94,97" hai2="13,16,18,22,23,25,42,44,57,60,67,102,103" /><INIT seed="2,1,2,1,4,134" ten="215,215,235,315" oya="2" hai0="76,81,110,60,97,80,44,55,30,15,72,62,109" hai1="123,28,124,48,3,115,59,66,71,85,65,121,20" hai2="7,52,129,63,114,10,107,98,86,50,82,58,105" hai3="102,4,90,37,1,104,5,2,64,100,126,92,17"/><V19/><F114/><W14/><G37/><T77/><D30/><U111/><E3/><V128/><F19/><W46/><G104/><T94/><D15/><U6/><E6/><V130/><F98/><W131/><G131/><T29/><D29/><U33/><E33/><V119/><F63/><W25/><G2/><T87/><D44/><U132/><E111/><N who="0" m="42505" /><D55/><U135/><E85/><V83/><F119/><W103/><G1/><T113/><D62/><U125/><E115/><V61/><F83/><W54/><G64/><N who="1" m="24682" /><E71/><V108/><F61/><W16/><G25/><T117/><D60/><U12/><E12/><N who="2" m="5215" /><F108/><W93/><G126/><N who="1" m="48746" /><E20/><V27/><F27/><W39/><G39/><T75/><D113/><U133/><E28/><V88/><AGARI ba="1,2" hai="50,52,58,82,86,88,105,107,128,129,130" m="5215" machi="88" ten="30,6000,0" yaku="19,1,54,2" doraHai="134" who="2" fromWho="2" sc="215,-21,215,-21,235,83,315,-21" /><INIT seed="2,2,0,3,0,1" ten="194,194,318,294" oya="2" hai0="122,7,57,118,117,19,106,131,50,109,15,38,88" hai1="27,12,94,49,21,133,99,58,125,81,2,80,24" hai2="126,91,110,127,86,104,108,103,129,121,54,29,66" hai3="93,47,67,78,60,64,37,35,26,14,18,44,95"/><V85/><F121/><W113/><G113/><T128/><D122/><U41/><E2/><V36/><F36/><W100/><G78/><T39/><D106/><U97/><E133/><V105/><F66/><W68/><G64/><T82/><D109/><N who="2" m="42090" /><F29/><W107/><G107/><N who="2" m="41033" /><F54/><W77/><G77/><T135/><D135/><U31/><E125/><N who="2" m="47627" /><F129/><N who="0" m="49738" /><D19/><U75/><E31/><V48/><F48/><W62/><G37/><N who="0" m="13835" /><D50/><U10/><E49/><V96/><F91/><W134/><G67/><T20/><D57/><U16/><E58/><V23/><F23/><W53/><G68/><T70/><D20/><U87/><E21/><V59/><F59/><W56/><G134/><T63/><D63/><U4/><E41/><V73/><F73/><W22/><G62/><T33/><D33/><U120/><E75/><V3/><F3/><W32/><G32/><T34/><D34/><U51/><E51/><V8/><F8/><W28/><G100/><T111/><D111/><U89/><E120/><V79/><F79/><W76/><G76/><T123/><D70/><U112/><E89/><V98/><F103/><W115/><G115/><T5/><D123/><U114/><E114/><V9/><F9/><N who="3" m="6479" /><G35/><T84/><D15/><U30/><E112/><V65/><F65/><W43/><G43/><T130/><N who="0" m="49746" /><T132/><DORA hai="69" /><D132/><U92/><E12/><V45/><F45/><AGARI ba="2,0" hai="22,26,28,44,45,47,53,56,60,93,95" m="6479" machi="45" ten="30,1000,0" yaku="8,1" doraHai="1,69" who="3" fromWho="2" sc="194,0,194,0,318,-16,294,16" /><INIT seed="3,0,0,2,3,43" ten="194,194,302,310" oya="3" hai0="124,132,84,49,41,106,56,125,55,57,72,4,76" hai1="8,87,79,45,80,92,6,10,108,48,89,33,88" hai2="12,78,113,112,22,99,129,86,128,77,120,30,3" hai3="123,66,21,28,52,23,16,67,117,114,69,42,35"/><W107/><G123/><T97/><D132/><U51/><E33/><V53/><F3/><W14/><G117/><T122/><D122/><U68/><E68/><V103/><F120/><W38/><G114/><T18/><D72/><U0/><E108/><V37/><F37/><W31/><G35/><T121/><D121/><U127/><E127/><N who="0" m="48713" /><D4/><U93/><E10/><V131/><F30/><W115/><G115/><T7/><D7/><U74/><REACH who="1" step="1"/><E45/><REACH who="1" ten="194,184,302,310" step="2"/><V15/><F112/><W27/><G69/><T133/><D133/><U70/><E70/><V111/><F113/><W105/><G38/><T104/><D57/><U63/><E63/><V82/><F111/><W2/><G42/><T109/><D109/><U60/><E60/><V75/><F53/><W5/><G52/><T50/><D41/><U126/><E126/><V91/><F22/><W46/><G46/><T32/><D50/><U24/><E24/><V83/><F12/><W100/><G66/><T135/><D32/><U110/><E110/><V11/><F15/><W54/><G67/><T118/><D135/><U34/><E34/><V13/><F13/><W62/><G54/><T29/><D55/><U98/><AGARI ba="0,1" hai="0,6,8,48,51,74,79,80,87,88,89,92,93,98" machi="98" ten="20,5200,0" yaku="1,1,0,1,7,1,54,1,53,0" doraHai="43" doraHaiUra="134" who="1" fromWho="1" sc="194,-13,184,62,302,-13,310,-26" /><INIT seed="4,0,0,1,3,50" ten="181,246,289,284" oya="0" hai0="72,108,10,46,105,87,128,78,39,36,37,122,69" hai1="16,80,79,34,75,51,98,106,45,19,114,131,70" hai2="93,71,32,104,123,94,89,84,67,54,53,103,88" hai3="117,95,18,57,41,29,5,77,21,23,44,133,126"/><T90/><D122/><U112/><E70/><V38/><F38/><W8/><G117/><T96/><D128/><U82/><E34/><V135/><F32/><W20/><G133/><T86/><D108/><U73/><E131/><V13/><F123/><W60/><G126/><T28/><D69/><U120/><E120/><V2/><F2/><W63/><G29/><T111/><D111/><U127/><E98/><V24/><F24/><W91/><G77/><T26/><D10/><U124/><E106/><V68/><F103/><W15/><G95/><T56/><D72/><U74/><E51/><V99/><F104/><W17/><G91/><T130/><D130/><U113/><E45/><V64/><F13/><W52/><REACH who="3" step="1"/><G63/><REACH who="3" ten="181,246,289,274" step="2"/><T66/><D78/><N who="1" m="44111" /><E75/><V4/><F135/><W58/><G58/><T43/><D105/><U55/><E55/><N who="2" m="21003" /><F71/><W62/><G62/><T22/><D96/><U48/><E48/><AGARI ba="0,1" hai="5,8,15,17,18,20,21,23,41,44,48,52,57,60" machi="48" ten="40,12000,2" yaku="1,1,8,1,52,1,54,1,53,2" doraHai="50" doraHaiUra="12" who="3" fromWho="1" sc="181,0,246,-120,289,0,274,130" /><INIT seed="5,0,0,3,3,86" ten="181,126,289,404" oya="1" hai0="78,98,56,60,58,65,99,25,100,54,113,123,32" hai1="42,23,50,128,38,97,36,68,34,125,43,16,7" hai2="28,9,44,73,112,64,59,5,33,3,101,22,77" hai3="130,57,71,15,37,75,81,11,106,31,1,119,70"/><U72/><E34/><V49/><F101/><W102/><G1/><T8/><D123/><U84/><E72/><V26/><F77/><W107/><G37/><T27/><D113/><U121/><E68/><V133/><F73/><W46/><G130/><T48/><D78/><U126/><E7/><V21/><F133/><W2/><G2/><T20/><D32/><U134/><E121/><V94/><F94/><W63/><G31/><T117/><D117/><U12/><E128/><V116/><F116/><W93/><G46/><T91/><D8/><U51/><E97/><V82/><F82/><W124/><G124/><N who="1" m="47722" /><E134/><V129/><F129/><W6/><G119/><T13/><D99/><U19/><E84/><V4/><F4/><W41/><G41/><N who="1" m="15370" /><E19/><V132/><F112/><W109/><G70/><T61/><D61/><U111/><E111/><V67/><F132/><W89/><G71/><T108/><D108/><U14/><E14/><V85/><F85/><W103/><G109/><T115/><D115/><U0/><E0/><V74/><F74/><W24/><G24/><T127/><D127/><U45/><E45/><V120/><F44/><W10/><G10/><T76/><D76/><U90/><E90/><V55/><F120/><W88/><G75/><T110/><D110/><U80/><E80/><V87/><F87/><N who="3" m="50415" /><G107/><T69/><D69/><U114/><E114/><V62/><F33/><W39/><G106/><T122/><D122/><U79/><E79/><V96/><F96/><N who="3" m="57383" /><G39/><AGARI ba="0,0" hai="12,16,23,36,38,39,50,51" m="15370,47722" machi="39" ten="30,2900,0" yaku="18,1,54,1" doraHai="86" who="1" fromWho="3" sc="181,0,126,29,289,0,404,-29" /><INIT seed="5,1,0,0,1,108" ten="181,155,289,375" oya="1" hai0="84,102,98,30,130,5,90,97,56,48,96,12,37" hai1="23,35,79,38,20,109,60,62,111,100,77,73,29" hai2="17,6,134,8,99,28,41,15,7,128,95,91,50" hai3="66,51,74,113,49,67,33,46,126,116,34,18,76"/><U94/><E38/><V47/><F128/><W70/><G126/><T123/><D37/><U131/><E35/><V42/><F134/><W4/><G4/><T25/><D130/><U11/><E131/><V78/><F78/><N who="1" m="29705" /><E11/><V132/><F132/><W68/><G76/><T129/><D123/><U54/><E54/><V104/><F104/><W19/><G46/><T13/><D129/><U2/><E29/><V63/><F28/><W22/><G22/><N who="1" m="8234" /><E2/><V39/><F39/><W125/><G125/><T122/><D122/><U118/><E73/><V53/><F42/><W9/><G9/><N who="0" m="4143" /><D102/><U72/><E72/><V127/><F127/><W117/><G74/><T103/><D103/><U21/><N who="1" m="8242" /><U65/><DORA hai="120" /><E65/><V3/><F3/><W87/><G87/><T36/><D36/><U71/><E71/><V24/><F24/><W40/><G40/><T81/><D25/><U119/><E94/><V45/><F47/><W93/><G93/><T92/><D30/><U57/><E100/><V32/><F32/><W86/><G86/><T69/><D69/><U80/><E80/><V85/><F85/><W59/><G59/><AGARI ba="1,0" hai="6,7,8,15,17,41,45,50,53,59,63,91,95,99" machi="59" ten="40,1300,0" yaku="8,1" doraHai="108,120" who="2" fromWho="3" sc="181,0,155,0,289,16,375,-16" /><INIT seed="6,0,0,2,1,33" ten="181,155,305,359" oya="2" hai0="72,30,55,106,45,59,70,1,88,27,61,4,78" hai1="132,19,107,43,9,130,66,82,94,53,16,31,97" hai2="114,91,13,0,125,5,131,118,14,64,42,75,96" hai3="85,63,111,28,86,69,73,50,25,12,135,103,81"/><V93/><F75/><W92/><G111/><T79/><D106/><U76/><E107/><V8/><F118/><W113/><G135/><T46/><D70/><U22/><E132/><V83/><F114/><W77/><G113/><T98/><D72/><U71/><E43/><V34/><F34/><W84/><G12/><T133/><D133/><U108/><E108/><V38/><F125/><W10/><G10/><T128/><D128/><U44/><E66/><V112/><F112/><W99/><G50/><T51/><D1/><U74/><E71/><V29/><F29/><W95/><G95/><N who="0" m="56679" /><D4/><U57/><E44/><N who="0" m="17001" /><D61/><U36/><E36/><V24/><F24/><W26/><G28/><T102/><D102/><U129/><E31/><V89/><F64/><W110/><G110/><T87/><D87/><U52/><E130/><V41/><F131/><W101/><G101/><T123/><D123/><U49/><E129/><V62/><F62/><W39/><G39/><T115/><D115/><U17/><E53/><V60/><F60/><W3/><G3/><T116/><D116/><U117/><E117/><V127/><F127/><W11/><G11/><T21/><AGARI ba="0,0" hai="21,27,30,51,55,59,78,79" m="17001,56679" machi="21" ten="30,2000,0" yaku="8,1,54,1" doraHai="33" who="0" fromWho="0" sc="181,20,155,-5,305,-10,359,-5" /><INIT seed="7,0,0,3,5,69" ten="201,150,295,354" oya="3" hai0="111,67,125,33,15,60,106,11,53,90,17,37,59" hai1="107,55,87,40,27,131,18,98,134,28,132,64,83" hai2="119,43,6,13,24,38,0,57,115,65,66,70,96" hai3="95,127,113,4,102,84,73,128,54,93,48,14,41"/><W88/><G73/><T23/><D111/><U77/><E55/><V26/><F0/><W114/><G41/><T68/><D106/><U80/><E18/><V72/><F72/><W29/><G29/><T71/><D33/><U25/><E64/><V91/><F70/><W7/><G128/><T100/><D125/><U8/><E8/><V121/><F119/><W123/><G123/><T101/><D37/><U79/><E40/><V58/><F96/><N who="3" m="59679" /><G14/><T39/><D39/><U112/><E112/><N who="3" m="43114" /><G127/><T49/><D71/><U63/><E63/><V97/><F121/><W78/><G78/><T120/><D120/><U99/><E28/><V133/><F133/><W50/><G50/><T130/><D130/><U45/><E131/><V61/><F115/><W82/><G82/><T20/><D90/><U108/><E107/><V47/><F13/><W52/><G54/><T86/><D86/><U118/><E87/><V3/><F6/><W104/><G104/><T44/><D68/><U19/><E19/><V36/><F3/><W122/><G122/><T62/><D62/><U46/><REACH who="1" step="1"/><E108/><REACH who="1" ten="201,140,295,354" step="2"/><V10/><F10/><W76/><G4/><T2/><D2/><U81/><E81/><V56/><F61/><W30/><G7/><T116/><D116/><AGARI ba="0,1" hai="25,27,45,46,77,79,80,83,98,99,116,118,132,134" machi="116" ten="25,3200,0" yaku="1,1,22,2,53,0" doraHai="69" doraHaiUra="110" who="1" fromWho="0" sc="201,-32,140,42,295,0,354,0" owari="169,-33.0,182,-22.0,295,10.0,354,45.0" /></mjloggm>