<mjloggm ver="2.3"><GO type="41" lobby="0"/><UN n0="%E3%81%B0%E3%81%B3%E3%81%B6%E3%81%B9%E3%81%84%E3%81%B3%E3%83%BC" n1="%E2%93%9D%53%75%70%68%78" n2="%67%6F%72%64%6F%6E%31%33" n3="%E8%AA%98%E3%81%86%E3%81%8D%E3%81%A4%E3%81%AD%E3%81%86%E3%81%A9%E3%82%93" dan="13,17,14,14" rate="1858.71,2057.93,1986.50,1916.01" sx="M,M,M,M"/><TAIKYOKU oya="0"/><INIT seed="0,0,0,1,0,69" ten="250,250,250,250" oya="0" hai0="81,34,83,80,20,6,66,48,45,19,111,91,70" hai1="101,35,36,115,59,133,102,129,9,11,44,82,72" hai2="99,123,47,97,128,42,25,71,1,16,54,30,60" hai3="79,112,74,134,89,22,27,40,2,104,56,103,93"/><T63/><D34/><U75/><E35/><V52/><F1/><W21/><G112/><T127/><D127/><U100/><E115/><V114/><F114/><W126/><G126/><T13/><D111/><U41/><E129/><V10/><F123/><W130/><G130/><T125/><D125/><U58/><E133/><V14/><F128/><W53/><G40/><T43/><D6/><U28/><E28/><V67/><F97/><W3/><G134/><T32/><D32/><U86/><E75/><V7/><F99/><W92/><G104/><T98/><REACH who="0" step="1"/><D98/><REACH who="0" ten="240,250,250,250" step="2"/><U73/><E73/><V62/><F7/><W64/><G2/><T33/><D33/><U57/><REACH who="1" step="1"/><E72/><REACH who="1" ten="240,240,250,250" step="2"/><V95/><F60/><W94/><G74/><T118/><D118/><U85/><E85/><AGARI ba="0,2" hai="13,19,20,43,45,48,63,66,70,80,81,83,85,91" machi="85" ten="40,2000,0" yaku="1,1,53,0" doraHai="69" doraHaiUra="124" who="0" fromWho="1" sc="240,40,240,-20,250,0,250,0" /><INIT seed="0,1,0,1,1,92" ten="280,220,250,250" oya="0" hai0="54,107,120,113,57,11,38,33,25,36,115,64,124" hai1="95,127,100,23,63,52,101,131,66,48,78,72,3" hai2="68,42,87,105,114,51,50,0,116,8,59,6,12" hai3="14,67,103,121,37,77,32,40,17,104,79,5,61"/><T81/><D120/><U56/><E3/><V122/><F68/><W76/><G121/><T31/><D64/><U130/><E127/><V24/><F122/><W97/><G5/><T117/><D117/><U65/><E65/><V135/><F114/><W132/><G132/><T99/><D124/><U73/><E23/><V39/><F105/><W18/><G32/><T2/><D81/><U98/><E101/><V82/><F135/><W123/><G123/><T93/><D107/><U111/><E111/><V133/><F133/><W75/><G18/><T10/><D38/><U4/><E4/><V86/><F116/><W47/><G75/><T58/><D36/><U106/><E106/><V90/><F0/><W74/><G74/><T30/><D30/><U84/><E84/><V88/><F24/><W69/><REACH who="3" step="1"/><G77/><REACH who="3" ten="280,220,250,240" step="2"/><T26/><D113/><U20/><E78/><V129/><F129/><N who="1" m="49161" /><E20/><AGARI ba="1,1" hai="14,17,20,37,40,47,61,67,69,76,79,97,103,104" machi="20" ten="30,3900,0" yaku="1,1,7,1,52,1,53,0" doraHai="92" doraHaiUra="55" who="3" fromWho="1" sc="280,0,220,-42,250,0,240,52" /><INIT seed="1,0,0,0,4,27" ten="280,178,250,292" oya="1" hai0="2,78,37,106,82,68,113,38,15,109,76,43,51" hai1="59,60,83,124,110,134,118,16,97,45,73,30,105" hai2="85,84,72,63,125,52,39,42,10,120,65,3,122" hai3="119,121,127,44,21,128,71,69,67,61,86,102,49"/><U95/><E118/><V62/><F72/><W114/><G102/><T91/><D68/><U53/><E105/><V70/><F125/><W5/><G5/><T66/><D2/><U26/><E124/><V41/><F3/><W11/><G11/><T33/><D109/><U89/><E134/><V48/><F10/><W64/><G86/><T94/><D33/><U117/><E117/><V17/><F17/><W96/><G96/><T14/><D66/><U8/><E110/><V112/><F112/><W4/><G4/><T7/><D106/><U100/><E45/><V25/><F25/><W34/><G34/><T131/><D131/><U28/><E73/><V88/><F62/><N who="3" m="40087" /><G21/><T47/><D78/><U57/><E57/><V31/><F31/><N who="1" m="11817" /><E83/><V9/><F9/><W130/><G127/><T104/><D104/><U56/><E56/><V111/><F111/><W115/><G119/><T40/><D113/><N who="3" m="43017" /><G121/><T24/><D24/><U1/><E1/><V18/><F85/><W54/><AGARI ba="0,0" hai="44,49,54,61,67,71,128,130" m="43017,40087" machi="54" ten="30,2000,0" yaku="34,2" doraHai="27" who="3" fromWho="3" sc="280,-5,178,-10,250,-5,292,20" /><INIT seed="2,0,0,4,2,135" ten="275,168,245,312" oya="2" hai0="28,47,130,58,46,49,29,20,89,88,8,54,21" hai1="26,64,52,85,81,73,67,68,104,133,16,10,107" hai2="45,50,62,113,128,92,71,122,6,120,131,61,96" hai3="124,59,1,5,35,79,40,125,74,27,132,14,18"/><V57/><F6/><W31/><G132/><T95/><D130/><N who="2" m="49706" /><F113/><W70/><G70/><T91/><D95/><U101/><E73/><V56/><F92/><W87/><G74/><T15/><D21/><U115/><E115/><V77/><F96/><W118/><G118/><T38/><D38/><U98/><E107/><V9/><F9/><N who="3" m="2223" /><G59/><N who="2" m="22601" /><F77/><W12/><G40/><T33/><D33/><U82/><E133/><V127/><F127/><N who="3" m="48715" /><G18/><T100/><D100/><U19/><E19/><V86/><F86/><W126/><G126/><T129/><D129/><U84/><E84/><V117/><F117/><W109/><G109/><T108/><D108/><U25/><E85/><V83/><F83/><AGARI ba="0,0" hai="12,14,27,31,35,79,83,87" m="48715,2223" machi="83" ten="30,7700,0" yaku="18,1,52,3" doraHai="135" who="3" fromWho="2" sc="275,0,168,0,245,-77,312,77" /><INIT seed="3,0,0,3,1,107" ten="275,168,168,389" oya="3" hai0="114,65,83,124,19,5,96,133,4,2,81,25,29" hai1="109,21,84,70,15,74,103,135,132,56,11,53,6" hai2="111,104,17,130,57,14,100,88,36,27,117,24,16" hai3="78,51,125,59,119,72,52,73,113,18,131,93,97"/><W39/><G113/><T108/><D108/><U120/><E70/><V69/><F69/><W35/><G119/><T94/><D133/><N who="1" m="51275" /><E120/><V110/><F36/><W54/><G131/><T134/><D124/><U40/><E40/><V79/><F117/><W122/><G122/><T63/><D134/><U101/><E84/><V12/><F79/><W126/><G35/><T22/><D114/><U128/><E109/><N who="2" m="41483" /><F130/><W42/><G18/><N who="2" m="7273" /><F100/><W127/><G78/><T61/><D2/><U66/><E66/><V92/><F104/><W8/><G8/><T9/><D29/><U48/><E128/><V41/><F57/><N who="3" m="32927" /><G42/><T80/><D9/><U10/><E10/><V91/><F41/><W87/><G87/><T68/><REACH who="0" step="1"/><D61/><REACH who="0" ten="265,168,168,389" step="2"/><U90/><E11/><V116/><F116/><W1/><G1/><T129/><D129/><U85/><E6/><V75/><F75/><W13/><G39/><T121/><D121/><U123/><E123/><V47/><F47/><W115/><G115/><T50/><D50/><U71/><E48/><V45/><F45/><W106/><G106/><T95/><D95/><U31/><E74/><V86/><F91/><AGARI ba="0,1" hai="4,5,19,22,25,63,65,68,80,81,83,91,94,96" machi="91" ten="40,2600,0" yaku="1,1,53,1" doraHai="107" doraHaiUra="67" who="0" fromWho="2" sc="265,36,168,0,168,-26,389,0" /><INIT seed="4,0,0,3,2,56" ten="301,168,142,389" oya="0" hai0="34,27,113,38,61,65,110,50,82,102,44,78,13" hai1="28,104,51,98,114,67,108,17,20,58,16,106,115" hai2="22,47,43,1,10,62,99,77,14,88,30,96,4" hai3="90,75,83,53,103,122,133,23,63,5,126,72,76"/><T100/><D113/><N who="1" m="43019" /><E108/><V8/><F77/><W101/><G133/><T109/><D38/><U45/><E28/><V85/><F30/><W120/><G5/><T32/><D13/><N who="1" m="9231" /><E17/><V97/><F22/><W21/><G126/><T70/><D100/><U116/><E98/><V11/><F1/><W111/><G111/><N who="0" m="42507" /><D27/><U89/><E89/><V81/><REACH who="2" step="1"/><F62/><REACH who="2" ten="301,168,132,389" step="2"/><W64/><G76/><T69/><D102/><U74/><E74/><V15/><F15/><W48/><G75/><N who="0" m="43359" /><D70/><U107/><E116/><V68/><F68/><W24/><G72/><T73/><D73/><U118/><E118/><V46/><F46/><W57/><G101/><T66/><D66/><U71/><E71/><V31/><F31/><W119/><G63/><T135/><D135/><U37/><E67/><V60/><F60/><W125/><G64/><T6/><D6/><U91/><E58/><V87/><F87/><W35/><G57/><T40/><AGARI ba="0,1" hai="32,34,40,44,50,61,65,69" m="43359,42507" machi="40" ten="30,3000,0" yaku="10,1,52,1" doraHai="56" who="0" fromWho="0" sc="301,40,168,-10,132,-10,389,-10" /><INIT seed="4,1,0,5,1,68" ten="341,158,122,379" oya="0" hai0="87,90,88,66,133,23,1,31,79,52,121,130,108" hai1="6,69,96,4,72,106,34,59,58,89,35,45,104" hai2="113,91,103,80,116,25,7,92,67,50,16,28,126" hai3="29,94,14,112,132,105,127,122,2,22,17,82,74"/><T36/><D121/><U11/><E69/><V20/><F113/><W55/><G105/><T42/><D1/><U95/><E72/><V48/><F126/><W15/><G127/><T76/><D66/><U128/><E128/><V123/><F123/><W75/><G2/><T62/><D130/><U8/><E45/><V13/><F116/><W107/><G112/><T86/><D133/><U102/><E89/><N who="0" m="34409" /><D36/><U73/><E73/><V81/><F7/><W37/><G37/><T32/><D42/><U5/><E95/><V33/><F67/><W61/><G132/><T93/><D32/><U46/><E46/><V12/><F12/><W125/><G14/><T9/><D9/><U3/><E3/><V30/><F30/><W41/><G29/><T120/><D120/><U53/><E35/><V101/><F81/><W10/><G82/><T118/><D118/><U71/><E71/><V85/><REACH who="2" step="1"/><F80/><REACH who="2" ten="341,158,112,379" step="2"/><W56/><G122/><T38/><D108/><U100/><E6/><V97/><F97/><W0/><G15/><T77/><D93/><U78/><E5/><V49/><AGARI ba="1,1" hai="13,16,20,25,28,33,48,49,50,85,91,92,101,103" machi="49" ten="30,4000,0" yaku="1,1,0,1,54,1,53,0" doraHai="68" doraHaiUra="115" who="2" fromWho="2" sc="341,-21,158,-11,112,53,379,-11" /><INIT seed="5,0,0,5,4,94" ten="320,147,165,368" oya="1" hai0="62,46,67,44,132,98,16,73,76,97,27,127,2" hai1="104,54,42,115,17,124,128,125,21,119,126,43,32" hai2="82,58,3,86,95,15,123,65,112,38,66,69,24" hai3="50,35,91,100,5,68,74,87,70,59,131,101,92"/><U1/><E119/><V31/><F3/><W55/><G74/><T64/><D2/><U39/><E32/><V61/><F38/><W88/><G35/><T89/><D132/><U33/><E33/><V19/><F123/><W52/><G5/><T25/><D127/><U93/><E104/><V37/><F37/><W60/><G131/><T7/><D7/><U116/><E116/><V45/><F112/><W49/><G60/><T117/><D117/><U103/><E39/><V84/><F69/><W71/><REACH who="3" step="1"/><G91/><REACH who="3" ten="320,147,165,358" step="2"/><T90/><D73/><U40/><E128/><V120/><F61/><W81/><G81/><T30/><D62/><U107/><E115/><V28/><F82/><W56/><AGARI ba="0,1" hai="49,50,52,55,56,59,68,70,71,87,88,92,100,101" machi="56" ten="30,8000,1" yaku="1,1,0,1,9,1,54,2,53,0" doraHai="94" doraHaiUra="10" who="3" fromWho="3" sc="320,-20,147,-40,165,-20,358,90" /><INIT seed="6,0,0,5,1,33" ten="300,107,145,448" oya="2" hai0="40,37,2,32,109,130,98,12,99,50,75,90,131" hai1="106,19,88,73,121,82,49,59,91,10,3,36,0" hai2="46,69,117,13,31,83,51,133,63,112,113,85,101" hai3="55,57,61,100,38,94,65,42,78,8,35,1,9"/><V47/><F117/><W43/><G78/><T7/><D32/><U103/><E36/><V62/><F133/><W79/><G79/><T77/><D109/><U60/><E121/><V134/><F134/><W48/><G35/><T71/><D71/><U11/><E49/><V126/><F126/><W70/><G42/><T14/><D50/><U125/><E125/><V28/><F101/><W72/><G72/><T18/><D40/><U15/><E103/><V86/><F13/><W76/><G76/><T66/><D66/><U74/><E106/><V54/><F69/><W108/><G108/><T84/><D37/><U5/><E3/><V56/><F47/><N who="3" m="24055" /><G1/><T44/><D44/><U92/><E82/><V6/><F6/><W97/><AGARI ba="0,0" hai="8,9,48,55,57,61,65,70,94,97,100" m="24055" machi="97" ten="30,1100,0" yaku="24,1" doraHai="33" who="3" fromWho="3" sc="300,-3,107,-3,145,-5,448,11" /><INIT seed="7,0,0,0,4,14" ten="297,104,140,459" oya="3" hai0="1,110,118,87,38,93,33,127,0,58,125,18,129" hai1="71,2,27,128,63,7,80,13,29,119,102,121,47" hai2="86,3,49,94,31,54,120,135,117,88,70,75,97" hai3="92,25,57,91,101,109,72,108,126,78,95,42,106"/><W111/><G106/><T73/><D73/><U89/><E121/><V61/><F117/><W43/><G126/><T39/><D33/><U107/><E119/><V90/><F75/><W105/><G105/><T53/><D118/><U131/><E47/><V64/><F3/><W6/><G6/><T123/><D110/><U114/><E89/><V69/><F120/><W5/><G5/><T51/><D123/><U66/><E80/><V16/><F31/><W44/><G101/><T11/><D129/><U62/><E62/><V104/><F135/><W23/><G57/><T50/><D87/><U9/><E13/><V85/><F70/><W34/><G34/><T100/><D93/><U81/><E81/><V35/><F35/><W96/><G95/><T99/><D99/><U83/><E83/><V19/><F104/><W74/><G78/><T77/><D100/><U122/><E114/><V22/><F22/><W68/><G68/><T41/><D41/><N who="3" m="15369" /><G44/><T15/><D77/><U124/><E122/><V84/><REACH who="2" step="1"/><F90/><REACH who="2" ten="297,104,130,459" step="2"/><W132/><G132/><T60/><D0/><U10/><E124/><N who="0" m="47689" /><D1/><U65/><E10/><V56/><AGARI ba="0,1" hai="16,19,49,54,56,61,64,69,84,85,86,88,94,97" machi="56" ten="30,12000,2" yaku="1,1,0,1,52,2,54,2,53,0" doraHai="14" doraHaiUra="133" who="2" fromWho="2" sc="297,-30,104,-30,130,130,459,-60" owari="267,7.0,74,-43.0,260,-14.0,399,50.0" /></mjloggm>