<mjloggm ver="2.3"><GO type="41" lobby="0"/><UN n0="%6C%6F%76%65%73%79%79" n1="%EF%BC%88%2E%5F%2E%EF%BC%89" n2="%E3%81%95%E3%81%8D%E3%81%A3%E3%81%A1%E3%82%87%E3%81%A0%E3%81%91" n3="%E2%93%9D%53%75%70%68%78" dan="15,14,15,18" rate="2072.60,1946.80,2073.24,2106.13" sx="F,F,M,M"/><TAIKYOKU oya="0"/><INIT seed="0,0,0,4,0,87" ten="250,250,250,250" oya="0" hai0="25,75,132,2,67,35,7,95,60,72,96,44,119" hai1="36,13,28,126,6,33,86,3,82,104,54,45,55" hai2="43,40,29,89,115,114,47,56,118,129,92,122,0" hai3="18,1,113,32,53,58,24,85,59,99,110,134,97"/><T105/><D119/><U71/><E104/><V15/><F0/><W107/><G110/><T11/><D132/><U68/><E3/><V106/><F106/><W63/><G113/><T38/><D38/><U39/><E126/><V19/><F122/><W21/><G134/><T103/><D95/><U100/><E100/><V46/><F129/><W108/><G108/><T117/><D44/><U78/><E28/><V65/><F29/><W70/><G70/><N who="0" m="42343" /><D117/><U42/><E33/><V79/><F79/><W124/><G32/><T73/><D73/><U116/><E36/><V23/><F118/><W83/><G1/><T10/><D10/><U90/><E116/><V20/><F23/><W34/><G34/><T12/><D12/><U14/><E68/><V94/><F92/><W62/><G124/><T88/><D88/><U50/><E71/><V66/><F115/><W31/><G107/><T133/><D133/><U16/><E39/><V17/><F19/><W77/><REACH who="3" step="1"/><G31/><AGARI ba="0,0" hai="2,7,11,25,31,35,72,75,96,103,105" m="42343" machi="31" ten="30,5800,0" yaku="25,1,33,2" doraHai="87" who="0" fromWho="3" sc="250,58,250,0,250,0,250,-58" /><INIT seed="0,1,0,4,0,81" ten="308,250,250,192" oya="0" hai0="57,8,100,89,99,43,7,92,5,101,14,16,54" hai1="128,112,104,109,123,66,24,61,46,114,51,131,111" hai2="44,53,21,96,88,0,97,118,33,36,18,56,40" hai3="120,87,135,115,12,55,1,22,122,77,25,50,63"/><T79/><D79/><U45/><E104/><V29/><F0/><W86/><G115/><N who="1" m="44074" /><E24/><V17/><F118/><W15/><G1/><T65/><D43/><N who="1" m="25023" /><E46/><V130/><F130/><N who="1" m="49705" /><E123/><N who="3" m="47146" /><G135/><T116/><D116/><U69/><AGARI ba="1,0" hai="61,66,69,109,111" m="49705,25023,44074" machi="69" ten="40,8000,1" yaku="11,1,19,1,34,2" doraHai="81" who="1" fromWho="1" sc="308,-41,250,83,250,-21,192,-21" /><INIT seed="1,0,0,1,1,70" ten="267,333,229,171" oya="1" hai0="78,1,53,28,74,102,63,126,3,79,11,47,20" hai1="76,130,117,21,33,9,95,32,29,43,109,92,2" hai2="121,120,135,6,50,75,60,91,22,71,16,85,5" hai3="58,54,8,49,18,38,110,46,26,125,37,81,123"/><U57/><E117/><V56/><F135/><W119/><G123/><T52/><D102/><U73/><E130/><V15/><F75/><W84/><G110/><T77/><D74/><U25/><E43/><V39/><F71/><W41/><G125/><T48/><D126/><U97/><E109/><V55/><F39/><W45/><G119/><T87/><D87/><U105/><E33/><V115/><F115/><W108/><G108/><T69/><D11/><U13/><E76/><V83/><F121/><W116/><G116/><T113/><D113/><U4/><E73/><V23/><F120/><W59/><G38/><T27/><REACH who="0" step="1"/><D53/><REACH who="0" ten="257,333,229,171" step="2"/><U106/><E106/><V42/><F23/><W40/><G54/><T82/><D82/><U100/><E105/><V24/><F24/><W134/><G134/><T86/><D86/><U88/><E21/><V90/><REACH who="2" step="1"/><F91/><REACH who="2" ten="257,333,219,171" step="2"/><W31/><G26/><T133/><D133/><U114/><E88/><V62/><F62/><W30/><G37/><T17/><D17/><U67/><E25/><V93/><F93/><W34/><G18/><T0/><D0/><U112/><E92/><V51/><F51/><W19/><G49/><T98/><D98/><U104/><E95/><V101/><F101/><W61/><G61/><T111/><D111/><U66/><E114/><V72/><F72/><W96/><G96/><T107/><D107/><U35/><E112/><V64/><F64/><AGARI ba="0,2" hai="1,3,20,27,28,47,48,52,63,64,69,77,78,79" machi="64" ten="40,5200,0" yaku="1,1,54,1,53,1" doraHai="70" doraHaiUra="65" who="0" fromWho="2" sc="257,72,333,0,219,-52,171,0" /><INIT seed="2,0,0,4,5,97" ten="329,333,167,171" oya="2" hai0="59,3,107,55,0,125,119,47,105,120,22,133,31" hai1="46,121,85,5,17,75,106,37,19,35,103,52,84" hai2="123,131,15,134,108,32,104,29,2,68,51,99,6" hai3="62,126,88,94,61,26,128,43,113,87,78,102,93"/><V110/><F123/><W73/><G128/><T77/><D120/><U39/><E121/><V74/><F74/><W49/><G126/><T91/><D125/><U58/><E75/><V82/><F131/><W41/><G113/><T76/><D91/><U129/><E35/><V60/><F134/><W115/><G115/><T48/><D133/><U63/><E129/><V18/><F82/><W135/><G135/><T80/><D119/><U90/><E5/><V9/><F51/><W53/><G26/><T89/><D0/><U40/><E39/><V114/><F114/><W54/><G78/><T36/><D3/><U72/><E72/><V71/><F18/><W67/><G73/><T122/><D122/><U1/><E1/><V92/><F15/><W20/><G20/><T112/><D22/><U23/><E23/><V42/><F42/><N who="3" m="15883" /><G67/><T45/><D76/><U117/><E84/><V14/><F2/><W109/><G109/><N who="2" m="42089" /><F60/><N who="3" m="23147" /><G49/><T12/><D48/><U21/><E21/><V130/><F104/><W95/><G95/><T98/><D105/><U69/><E117/><V132/><F132/><W13/><G13/><T79/><D112/><U10/><E10/><V16/><F6/><W7/><G7/><T4/><D4/><U86/><E106/><V127/><F127/><W101/><G94/><T38/><D38/><U96/><E37/><V11/><F11/><W28/><G28/><T64/><D31/><U56/><E40/><V57/><F130/><W50/><G54/><T27/><D36/><U24/><E52/><V66/><F29/><W8/><G8/><T25/><D107/><RYUUKYOKU ba="0,0" sc="329,-10,333,-10,167,-10,171,30" hai3="50,53,87,88,93,101,102" /><INIT seed="3,1,0,4,2,60" ten="319,323,157,201" oya="3" hai0="50,78,61,2,57,59,93,132,15,53,135,9,128" hai1="35,1,26,31,119,62,42,73,91,46,110,25,102" hai2="63,95,7,30,23,79,64,48,112,124,14,92,72" hai3="4,99,16,90,105,27,17,45,38,21,67,100,71"/><W77/><G77/><T114/><D2/><U8/><E110/><V88/><F112/><W66/><G71/><T134/><D114/><U37/><E119/><V94/><F124/><W19/><G4/><N who="0" m="3495" /><D78/><U13/><E102/><V125/><F125/><W74/><G74/><T52/><D93/><U41/><E41/><V56/><F72/><W69/><G69/><T131/><AGARI ba="1,0" hai="50,52,53,57,59,61,128,131,132,134,135" m="3495" machi="131" ten="40,2700,0" yaku="20,1,54,1" doraHai="60" who="0" fromWho="0" sc="319,30,323,-8,157,-8,201,-14" /><INIT seed="4,0,0,0,5,100" ten="349,315,149,187" oya="0" hai0="68,45,79,20,59,29,22,57,77,40,11,66,75" hai1="48,92,23,17,64,94,83,104,130,6,88,82,71" hai2="53,35,54,55,5,42,129,90,52,24,13,134,58" hai3="80,135,3,119,112,39,12,63,105,103,10,4,38"/><T86/><D75/><U114/><E6/><V51/><F134/><W132/><G119/><T50/><D68/><U72/><E64/><V73/><F129/><W30/><G12/><T0/><D0/><U19/><E71/><V93/><F73/><W15/><G15/><T18/><D11/><U14/><E130/><V89/><F42/><W118/><G112/><T69/><D69/><U95/><E72/><V21/><F35/><W106/><G118/><T128/><D128/><U117/><E117/><V47/><F90/><W108/><G108/><T74/><D74/><U67/><E67/><V25/><F47/><W43/><G80/><T44/><D66/><U27/><E104/><N who="3" m="40042" /><G103/><T102/><D102/><U115/><E48/><V111/><F111/><W98/><G98/><T34/><D50/><U87/><REACH who="1" step="1"/><E82/><REACH who="1" ten="349,305,149,187" step="2"/><V85/><REACH who="2" step="1"/><F5/><REACH who="2" ten="349,305,139,187" step="2"/><W133/><G133/><T65/><D40/><U123/><E123/><V2/><F2/><W70/><G43/><T60/><D65/><U99/><E99/><V84/><F84/><W31/><G135/><T7/><D7/><U41/><E41/><V120/><F120/><W36/><G132/><T97/><D97/><U46/><E46/><V26/><F26/><W9/><G70/><T62/><D44/><U109/><E109/><V49/><F49/><W101/><G3/><T8/><D86/><U16/><E16/><AGARI ba="0,2" hai="13,16,21,24,25,51,52,53,54,55,58,85,89,93" machi="16" ten="40,12000,2" yaku="1,1,25,2,8,1,54,2,53,0" doraHai="100" doraHaiUra="32" who="2" fromWho="1" sc="349,0,305,-120,139,140,187,0" /><INIT seed="5,0,0,0,0,85" ten="349,185,279,187" oya="1" hai0="114,31,69,16,64,123,41,99,29,83,1,58,129" hai1="106,44,14,117,20,15,27,59,0,21,40,112,104" hai2="62,125,57,100,32,122,132,3,10,71,54,73,120" hai3="78,48,12,38,90,126,94,72,103,74,43,28,79"/><U5/><E117/><V96/><F73/><W77/><G38/><T119/><D119/><U124/><E112/><V87/><F32/><W2/><G2/><T53/><D114/><U70/><E70/><V55/><F132/><W66/><G66/><T23/><D1/><U52/><E124/><V127/><F71/><W121/><G28/><T86/><D123/><U65/><E65/><V115/><F115/><W39/><G39/><T17/><D129/><U68/><E68/><V82/><F55/><W8/><G103/><T56/><D69/><U11/><E15/><V110/><F10/><W26/><G26/><N who="0" m="16607" /><D41/><U30/><E20/><V128/><F110/><W135/><G135/><T61/><D99/><U88/><E0/><V22/><F22/><W18/><G126/><N who="2" m="48137" /><F128/><W34/><G34/><T46/><D46/><U9/><E9/><V93/><F3/><W80/><G121/><T118/><D31/><U98/><E44/><V45/><F45/><N who="3" m="25663" /><G74/><T131/><D131/><U113/><E40/><V109/><F109/><W37/><G37/><T111/><D111/><U33/><E33/><V130/><F130/><W63/><G63/><N who="0" m="36239" /><D118/><U89/><E113/><V47/><F47/><W36/><G36/><T101/><D101/><N who="1" m="62519" /><E106/><V35/><F35/><W97/><G72/><T7/><D7/><U84/><E84/><V67/><F67/><W116/><G116/><T25/><D25/><U4/><E4/><V50/><F62/><W19/><G19/><T102/><D16/><U134/><E134/><V108/><F108/><W91/><G80/><T107/><D17/><U60/><AGARI ba="0,0" hai="5,11,14,21,27,30,52,59,60,88,89" m="62519" machi="60" ten="30,12000,1" yaku="5,1,52,2,54,2" doraHai="85" who="1" fromWho="1" sc="349,-40,185,120,279,-40,187,-40" /><INIT seed="5,1,0,4,3,101" ten="309,305,239,147" oya="1" hai0="26,83,109,100,60,45,98,89,129,54,16,68,62" hai1="92,114,116,59,90,18,77,49,93,78,9,44,55" hai2="79,48,33,39,46,112,96,5,53,130,120,84,124" hai3="32,80,75,134,1,126,110,10,58,113,61,11,21"/><U6/><E116/><V22/><F120/><W0/><G110/><T86/><D109/><U103/><E114/><V24/><F33/><W17/><G113/><T12/><D129/><U14/><E103/><V36/><F112/><W2/><G126/><T38/><D68/><U81/><E81/><V108/><F108/><W23/><G75/><T94/><D26/><U28/><E28/><V123/><F123/><W88/><G32/><T66/><D66/><U131/><E131/><V106/><F124/><W41/><G41/><T128/><D128/><U20/><E44/><V52/><F5/><W8/><G134/><T67/><D67/><U74/><E74/><V104/><F53/><W65/><REACH who="3" step="1"/><G17/><REACH who="3" ten="309,305,239,137" step="2"/><T133/><D133/><U37/><E37/><V105/><F130/><W115/><G115/><T25/><D38/><U72/><E72/><V71/><F39/><W13/><G13/><T56/><D25/><N who="1" m="14487" /><E93/><V43/><F36/><W57/><G57/><T107/><D45/><U15/><E14/><V76/><F71/><W87/><AGARI ba="1,1" hai="0,1,2,8,10,11,21,23,58,61,65,80,87,88" machi="87" ten="40,5200,0" yaku="1,1,0,1,54,1,53,0" doraHai="101" doraHaiUra="42" who="3" fromWho="3" sc="309,-14,305,-27,239,-14,137,65" /><INIT seed="6,0,0,1,3,89" ten="295,278,225,202" oya="2" hai0="29,119,18,41,30,35,81,11,115,8,98,61,33" hai1="68,39,132,100,21,19,50,67,48,60,28,6,62" hai2="80,63,25,49,108,125,34,128,113,44,110,4,0" hai3="118,114,95,96,2,14,17,135,64,26,37,127,16"/><V88/><F113/><W12/><G118/><T52/><D119/><U66/><E39/><V58/><F125/><W105/><G2/><T106/><D115/><U134/><E28/><V101/><F128/><W120/><G114/><T73/><D41/><U24/><E6/><V20/><F34/><W104/><G37/><T111/><D111/><N who="2" m="42538" /><F101/><W74/><G74/><T42/><D42/><U9/><E9/><N who="2" m="2183" /><F49/><W5/><G120/><T76/><D33/><U116/><E100/><V102/><F102/><W130/><G127/><T55/><D35/><U45/><E116/><V51/><F51/><W22/><G130/><T77/><D106/><U40/><E50/><V56/><F44/><W99/><G135/><T84/><D73/><U112/><E112/><V124/><F63/><W10/><G99/><T13/><D98/><U79/><E79/><V86/><F124/><W129/><G129/><T59/><D76/><U1/><E1/><V53/><F53/><N who="0" m="20554" /><D8/><U97/><E97/><V121/><F121/><W85/><G96/><T15/><D15/><U46/><E45/><V65/><F65/><AGARI ba="0,0" hai="11,13,18,29,30,59,61,65,77,81,84" m="20554" machi="65" ten="30,2000,0" yaku="8,1,54,1" doraHai="89" who="0" fromWho="2" sc="295,20,278,0,225,-20,202,0" /><INIT seed="7,0,0,1,0,64" ten="315,278,205,202" oya="3" hai0="67,63,121,48,100,1,20,15,93,99,52,39,8" hai1="130,125,127,70,2,32,69,135,62,16,78,47,12" hai2="66,9,118,61,102,86,35,57,90,117,49,131,5" hai3="71,42,21,89,128,7,83,28,80,107,51,97,24"/><W54/><G128/><T34/><D121/><U50/><E2/><V79/><F131/><W46/><G71/><T106/><D39/><U94/><E130/><V31/><F102/><W59/><G7/><T85/><D1/><U27/><E135/><V37/><F37/><W4/><G4/><N who="0" m="3463" /><D106/><U44/><E78/><V91/><F79/><W45/><G45/><T13/><D34/><U111/><E111/><V82/><F90/><W26/><G26/><T87/><D63/><U36/><E94/><V29/><F35/><W124/><G124/><N who="1" m="47690" /><E62/><V129/><F129/><W81/><G107/><T17/><D67/><U56/><E56/><AGARI ba="0,0" hai="13,17,20,48,52,56,85,87,93,99,100" m="3463" machi="56" ten="30,2000,0" yaku="8,1,54,1" doraHai="64" who="0" fromWho="1" sc="315,20,278,-20,205,0,202,0" owari="335,43.0,258,6.0,205,-19.0,202,-30.0" /></mjloggm>