<mjloggm ver="2.3"><GO type="41" lobby="0"/><UN n0="%6B%61%74%61%71%6E%61" n1="%E2%93%9D%53%75%70%68%78" n2="%E3%81%AF%E3%81%92%E3%81%97%E3%81%8F%E3%82%A6%E3%83%84" n3="%E3%8C%A7%E3%81%BE" dan="14,18,15,13" rate="1833.05,2093.02,1981.37,1874.93" sx="M,M,M,M"/><TAIKYOKU oya="0"/><INIT seed="0,0,0,3,0,68" ten="250,250,250,250" oya="0" hai0="41,80,8,96,78,11,49,48,63,36,123,54,55" hai1="105,87,3,85,72,33,67,102,120,38,81,5,91" hai2="17,118,2,47,37,76,125,50,59,83,21,15,90" hai3="27,115,66,57,60,28,84,100,61,44,31,106,39"/><T121/><D96/><U99/><E33/><V13/><F125/><W79/><G31/><T14/><D11/><U109/><E67/><V119/><F2/><W98/><G115/><T86/><D63/><U26/><E26/><V113/><F113/><W95/><G61/><T34/><D34/><U116/><E5/><V134/><F134/><W16/><G84/><T42/><D42/><U56/><E56/><V129/><F129/><W107/><G79/><T108/><D108/><U132/><E3/><V52/><F90/><W126/><G126/><T0/><D0/><U12/><E12/><V40/><REACH who="2" step="1"/><F13/><REACH who="2" ten="250,250,240,250" step="2"/><W62/><G107/><T22/><D123/><U65/><E132/><V32/><F32/><W35/><G106/><T127/><D127/><U58/><E120/><V19/><F19/><W71/><G16/><T4/><D121/><U64/><E91/><V43/><F43/><W9/><G71/><T110/><D110/><U92/><E105/><V18/><F18/><W122/><G122/><T97/><D22/><U135/><E135/><V133/><F133/><W73/><G35/><T46/><REACH who="0" step="1"/><D97/><REACH who="0" ten="240,250,240,250" step="2"/><U70/><E99/><V114/><F114/><W117/><G98/><T82/><D82/><U101/><E81/><V23/><F23/><W131/><G100/><T6/><D6/><U104/><E102/><V103/><F103/><W20/><G20/><T51/><AGARI ba="0,2" hai="4,8,14,36,41,46,48,49,51,54,55,78,80,86" machi="51" ten="30,11700,0" yaku="1,1,0,1,52,1,53,1" doraHai="68" doraHaiUra="75" who="0" fromWho="0" sc="240,137,250,-39,240,-39,250,-39" /><INIT seed="0,1,0,2,2,124" ten="377,211,201,211" oya="0" hai0="24,63,111,59,20,57,2,42,70,118,107,62,64" hai1="16,87,19,98,31,15,29,79,60,13,105,56,4" hai2="97,65,17,30,11,37,115,101,54,66,0,127,102" hai3="44,18,95,129,80,3,99,32,77,93,40,38,91"/><T110/><D2/><U39/><E39/><V131/><F115/><W53/><G129/><T46/><D107/><U49/><E4/><V36/><F127/><W86/><G32/><T61/><D20/><U125/><E125/><V51/><F30/><W135/><G135/><T103/><D103/><U81/><E49/><V34/><F34/><W35/><G35/><T106/><D106/><U83/><E98/><V45/><F131/><W113/><G113/><T52/><D24/><U132/><E105/><V119/><F119/><W126/><G126/><T130/><D118/><U41/><E41/><V94/><F102/><W92/><G3/><T114/><D130/><U121/><E121/><V22/><F37/><W47/><G18/><T69/><D114/><U84/><E132/><V72/><F72/><W89/><G77/><T71/><D64/><U116/><E116/><V96/><F96/><W75/><G75/><T120/><D120/><U55/><E15/><V23/><F36/><W82/><G80/><T88/><D88/><N who="1" m="51215" /><E19/><V67/><F0/><W58/><G44/><T76/><D76/><U33/><E33/><V133/><F133/><W12/><G12/><AGARI ba="1,0" hai="11,12,17,22,23,45,51,54,65,66,67,94,97,101" machi="12" ten="40,1300,0" yaku="8,1" doraHai="124" who="2" fromWho="3" sc="377,0,211,0,201,16,211,-16" /><INIT seed="1,0,0,3,3,54" ten="377,211,217,195" oya="1" hai0="109,13,80,96,34,122,130,125,131,43,97,32,26" hai1="47,82,118,14,88,35,46,74,19,111,25,63,104" hai2="81,48,132,0,21,90,114,73,72,57,117,36,103" hai3="30,15,71,52,70,37,22,98,127,95,112,128,8"/><U85/><E118/><V67/><F36/><W65/><G112/><T133/><D109/><U45/><E104/><V126/><F117/><W115/><G37/><T4/><D122/><U102/><E111/><V56/><F0/><W50/><G115/><T121/><D121/><U40/><E102/><V61/><F114/><W100/><G128/><N who="0" m="49195" /><D43/><U27/><E74/><V24/><F132/><W106/><G127/><T11/><D80/><U31/><E27/><V39/><F39/><W105/><G70/><T84/><D84/><U93/><E63/><V92/><F126/><W91/><G65/><T134/><D97/><U20/><REACH who="1" step="1"/><E93/><REACH who="1" ten="377,201,217,195" step="2"/><V68/><F103/><W18/><G106/><T120/><D120/><U1/><E1/><V51/><F73/><W64/><G105/><T58/><D125/><U101/><E101/><V123/><F123/><W76/><G100/><T60/><D26/><U116/><E116/><V12/><F72/><W83/><G76/><T129/><D129/><U42/><AGARI ba="0,1" hai="14,19,20,25,31,35,40,42,45,46,47,82,85,88" machi="42" ten="30,6000,0" yaku="1,1,0,1,54,1,53,0" doraHai="54" doraHaiUra="110" who="1" fromWho="1" sc="377,-20,201,70,217,-20,195,-20" /><INIT seed="1,1,0,1,0,47" ten="357,271,197,175" oya="1" hai0="63,111,19,113,21,109,96,77,10,45,39,32,134" hai1="17,60,82,26,7,23,71,3,65,34,4,62,67" hai2="40,0,15,124,30,79,131,25,69,1,101,122,5" hai3="64,127,11,75,91,125,28,83,92,61,95,103,100"/><U97/><E3/><V72/><F69/><W126/><G28/><T31/><D113/><U54/><E34/><V93/><F122/><W6/><G75/><T85/><D39/><U58/><E82/><V14/><F131/><W43/><G83/><T99/><D134/><U56/><REACH who="1" step="1"/><E97/><REACH who="1" ten="357,261,197,175" step="2"/><V133/><F0/><W130/><G130/><T94/><D99/><U59/><E59/><V66/><F1/><W78/><G127/><T114/><D114/><U18/><E18/><V121/><F124/><W36/><G126/><T88/><D32/><U49/><AGARI ba="1,1" hai="4,7,17,23,26,49,54,56,58,60,62,65,67,71" machi="49" ten="20,18000,2" yaku="1,1,0,1,7,1,52,1,53,2" doraHai="47" doraHaiUra="53" who="1" fromWho="1" sc="357,-61,261,193,197,-61,175,-61" /><INIT seed="1,2,0,1,2,20" ten="296,454,136,114" oya="1" hai0="99,29,5,8,108,54,83,35,33,32,107,131,126" hai1="127,120,46,52,42,7,82,30,64,72,59,11,129" hai2="1,66,45,89,25,101,74,91,93,31,26,97,123" hai3="111,61,105,6,75,39,22,115,79,4,70,28,114"/><U17/><E120/><V34/><F123/><W96/><G6/><T104/><D108/><U112/><E112/><V18/><F1/><W113/><G111/><T85/><D126/><U95/><E129/><V19/><F74/><W24/><G4/><T88/><D131/><U56/><E64/><V90/><F66/><W15/><G15/><T68/><D68/><U87/><E30/><V55/><F55/><W135/><G39/><T133/><D133/><U67/><E95/><V44/><F18/><W103/><G135/><T38/><D38/><U53/><E72/><V36/><F36/><W51/><G51/><T12/><D54/><U94/><E94/><V84/><REACH who="2" step="1"/><F84/><REACH who="2" ten="296,454,126,114" step="2"/><W71/><G61/><T41/><D41/><U50/><E17/><V134/><F134/><W76/><REACH who="3" step="1"/><G75/><REACH who="3" ten="296,454,126,104" step="2"/><T106/><REACH who="0" step="1"/><D99/><REACH who="0" ten="286,454,126,104" step="2"/><U102/><E42/><V13/><F13/><W40/><G40/><T23/><D23/><AGARI ba="2,3" hai="19,23,25,26,31,34,44,45,89,90,91,93,97,101" machi="23" ten="40,5200,0" yaku="1,1,52,2,53,0" doraHai="20" doraHaiUra="73" who="2" fromWho="0" sc="286,-58,454,0,126,88,104,0" /><INIT seed="2,0,0,4,2,47" ten="228,454,214,104" oya="2" hai0="50,102,62,40,55,59,122,60,94,26,119,52,53" hai1="57,17,38,67,35,126,87,70,66,82,125,23,101" hai2="105,64,103,95,106,61,37,39,45,84,7,8,18" hai3="1,10,131,79,0,2,30,69,9,107,118,33,13"/><V72/><F72/><W73/><G107/><T46/><D26/><U34/><E38/><V100/><F18/><W91/><G69/><T121/><D94/><U88/><E70/><V65/><F84/><W81/><G131/><T58/><D102/><U123/><E123/><N who="0" m="47113" /><D55/><U111/><E111/><V96/><F95/><W113/><G118/><AGARI ba="0,0" hai="40,46,50,52,53,58,59,60,62,118,119" m="47113" machi="118" ten="30,7700,0" yaku="34,2,52,1,54,1" doraHai="47" who="0" fromWho="3" sc="228,77,454,0,214,0,104,-77" /><INIT seed="3,0,0,5,1,99" ten="305,454,214,27" oya="3" hai0="106,125,77,70,123,3,91,6,10,76,79,129,133" hai1="25,82,115,78,112,98,69,37,124,74,9,39,2" hai2="89,11,109,59,41,46,116,73,101,93,27,24,19" hai3="33,64,72,45,49,75,90,23,47,96,63,42,40"/><W86/><G33/><T83/><D123/><U65/><E124/><V50/><F73/><W48/><G96/><T52/><D70/><U56/><E56/><V103/><F116/><W34/><G23/><T84/><D125/><U1/><E25/><N who="2" m="9803" /><F109/><W44/><G34/><T97/><D129/><U18/><E18/><V71/><F71/><W16/><G44/><T13/><D133/><U60/><E98/><N who="2" m="57647" /><F59/><W95/><REACH who="3" step="1"/><G16/><REACH who="3" ten="305,454,214,17" step="2"/><T12/><REACH who="0" step="1"/><D52/><REACH who="0" ten="295,454,214,17" step="2"/><U32/><E32/><V53/><F53/><W61/><G61/><T87/><D87/><U36/><E60/><V28/><F28/><W114/><G114/><T107/><D107/><U119/><E115/><V43/><F43/><W108/><G108/><T85/><D85/><U55/><E55/><V131/><F131/><W120/><G120/><T92/><D92/><U15/><E112/><V5/><F5/><W88/><G88/><T113/><D113/><U29/><E29/><V130/><F130/><W30/><G30/><T80/><D80/><U22/><E82/><V68/><F19/><W111/><G111/><T62/><D62/><U4/><E4/><V94/><F94/><W67/><G67/><T127/><D127/><U117/><E65/><V8/><F41/><W26/><G26/><T118/><D118/><U35/><E119/><V57/><F46/><W132/><G132/><T126/><D126/><U66/><E117/><V38/><F8/><W17/><G17/><T105/><D105/><U100/><E66/><V121/><F11/><W102/><G102/><AGARI ba="0,2" hai="3,6,10,12,13,76,77,79,83,84,91,97,102,106" machi="102" ten="40,2600,0" yaku="1,1,52,1,53,0" doraHai="99" doraHaiUra="134" who="0" fromWho="3" sc="295,46,454,0,214,0,17,-26" owari="341,14.0,454,56.0,214,-19.0,-9,-51.0" /></mjloggm>