<mjloggm ver="2.3"><GO type="41" lobby="0"/><UN n0="%4D%75%67%67" n1="%E3%83%89%E3%83%AD%E3%83%89%E3%83%AD" n2="%E2%93%9D%53%75%70%68%78" n3="%42%69%73%6F%6E" dan="13,14,18,14" rate="1879.35,1984.97,2114.89,1947.23" sx="M,M,M,M"/><TAIKYOKU oya="0"/><INIT seed="0,0,0,3,1,27" ten="250,250,250,250" oya="0" hai0="58,1,121,23,98,0,73,103,86,26,39,69,82" hai1="132,93,110,8,102,19,76,118,13,80,25,105,4" hai2="85,53,22,41,97,120,87,111,83,109,94,130,7" hai3="88,104,131,123,96,54,44,45,31,48,14,127,70"/><T134/><D69/><U24/><E118/><V57/><F120/><W2/><G2/><T3/><D121/><U10/><E110/><N who="2" m="41995" /><F41/><W15/><G123/><T112/><D112/><U30/><E132/><V59/><F7/><W101/><G131/><T124/><D134/><U12/><E105/><V43/><F43/><W67/><G127/><T79/><D124/><U16/><E4/><V114/><F59/><W100/><G100/><T55/><D39/><U91/><E102/><V71/><F71/><W122/><G122/><T42/><D42/><U89/><E93/><V126/><F83/><W84/><G44/><T108/><D73/><U21/><REACH who="1" step="1"/><E25/><REACH who="1" ten="250,240,250,250" step="2"/><V11/><F126/><W18/><G101/><T117/><D117/><U68/><E68/><V72/><F94/><W50/><G104/><T64/><D108/><U51/><E51/><V75/><F114/><W81/><G70/><T119/><D119/><U20/><E20/><V9/><F22/><W106/><G48/><T128/><D128/><U74/><AGARI ba="0,1" hai="8,10,12,13,16,19,21,24,30,74,76,80,89,91" machi="74" ten="20,12000,2" yaku="1,1,0,1,7,1,9,1,52,1,54,1,53,0" doraHai="27" doraHaiUra="46" who="1" fromWho="1" sc="250,-60,240,130,250,-30,250,-30" /><INIT seed="1,0,0,5,3,87" ten="190,370,220,220" oya="1" hai0="36,61,15,86,5,32,85,20,71,112,100,46,12" hai1="126,91,133,39,114,48,27,104,72,40,119,99,117" hai2="45,80,4,56,76,90,130,2,98,7,110,59,134" hai3="24,19,92,0,129,31,38,41,107,125,131,75,66"/><U63/><E39/><V81/><F110/><W53/><G107/><T16/><D112/><U102/><E114/><V103/><F130/><N who="3" m="49675" /><G125/><T77/><D32/><U18/><E126/><V51/><F134/><W10/><G75/><T109/><D109/><U6/><E133/><V52/><F2/><W64/><G53/><T95/><D77/><U93/><E72/><V67/><F103/><W29/><G92/><T57/><D71/><U68/><E6/><N who="2" m="2091" /><F76/><W49/><G38/><T108/><D108/><U79/><E79/><V106/><F106/><W9/><G0/><T116/><D116/><U84/><E68/><V55/><F67/><N who="3" m="25643" /><G19/><T54/><D36/><U127/><E127/><V1/><F1/><W123/><G123/><T3/><D3/><U43/><E63/><N who="2" m="36231" /><F59/><W11/><G24/><T124/><D124/><U42/><REACH who="1" step="1"/><E48/><REACH who="1" ten="190,360,220,220" step="2"/><V22/><F51/><W58/><G49/><T21/><D5/><U94/><E94/><V89/><F81/><W8/><G41/><T121/><D121/><U96/><E96/><V73/><F98/><W14/><G58/><T113/><D113/><U111/><E111/><V83/><F73/><W101/><G101/><T47/><D100/><U30/><E30/><V74/><F74/><W23/><G29/><T44/><D95/><U120/><E120/><V88/><F83/><W26/><G31/><T122/><D122/><U115/><E115/><V33/><F80/><W62/><G62/><T78/><D78/><U37/><E37/><V97/><F97/><W28/><G28/><T70/><D70/><U135/><E135/><V50/><F33/><RYUUKYOKU ba="0,1" sc="190,10,360,10,220,10,220,-30" hai0="12,15,16,20,21,44,46,47,54,57,61,85,86" hai1="18,27,40,42,43,84,91,93,99,102,104,117,119" hai2="22,45,50,55,88,89,90" /><INIT seed="1,1,1,4,4,88" ten="200,370,230,190" oya="1" hai0="1,97,78,43,17,82,3,125,75,83,101,108,14" hai1="91,76,74,98,7,53,23,132,123,42,21,18,90" hai2="27,121,133,25,56,134,62,79,111,48,119,4,12" hai3="81,120,2,73,77,128,36,110,24,63,22,135,95"/><U44/><E123/><V80/><F119/><W104/><G120/><T11/><D108/><U69/><E132/><N who="2" m="50795" /><F48/><W106/><G135/><T30/><D125/><U5/><E69/><V38/><F38/><W96/><G110/><T124/><D124/><U34/><E34/><V32/><F32/><W115/><G115/><T64/><D30/><U13/><E74/><N who="2" m="43127" /><F111/><W45/><G2/><T65/><D43/><U112/><E76/><V129/><F129/><W107/><G128/><T16/><D82/><U126/><E112/><V103/><F103/><W54/><G63/><T84/><D75/><U46/><E126/><V40/><F40/><W8/><G8/><T85/><D85/><U68/><E68/><V15/><F4/><W35/><G35/><T118/><D118/><U66/><E66/><N who="2" m="39239" /><F121/><W47/><G54/><T39/><D39/><U131/><E131/><V26/><AGARI ba="1,1" hai="12,15,25,26,27" m="39239,43127,50795" machi="26" ten="30,1100,0" yaku="20,1" doraHai="88" who="2" fromWho="2" sc="200,-4,370,-6,230,24,190,-4" /><INIT seed="2,0,0,5,5,103" ten="196,364,254,186" oya="2" hai0="33,76,22,2,56,16,66,97,134,94,60,108,0" hai1="50,12,17,78,40,83,7,41,26,80,111,115,52" hai2="9,74,92,72,81,29,39,87,15,127,98,3,65" hai3="70,42,79,107,128,106,45,122,34,84,96,63,48"/><V18/><F39/><W58/><G122/><T86/><D108/><U55/><E115/><V125/><F65/><W88/><G70/><T44/><D134/><U61/><E111/><V47/><F29/><W10/><G34/><T24/><D33/><U1/><E1/><V67/><F67/><W23/><G128/><T71/><D71/><U93/><E7/><V131/><F47/><W118/><G118/><T130/><D130/><U91/><E26/><V104/><F3/><W95/><G10/><T82/><REACH who="0" step="1"/><D44/><REACH who="0" ten="186,364,254,186" step="2"/><U53/><E61/><V51/><F131/><W109/><G109/><T14/><D14/><U133/><E133/><V49/><F127/><W89/><G79/><T37/><D37/><U43/><E78/><V46/><F125/><W102/><G23/><T77/><D77/><U135/><E50/><V11/><F51/><W123/><G123/><T85/><D85/><N who="1" m="52463" /><E135/><V100/><F11/><AGARI ba="0,1" hai="11,12,17,40,41,43,52,53,55,80,83" m="52463" machi="11" ten="30,2000,0" yaku="8,1,54,1" doraHai="103" who="1" fromWho="2" sc="186,0,364,30,254,-20,186,0" /><INIT seed="3,0,0,0,2,76" ten="186,394,234,186" oya="3" hai0="74,109,3,82,79,133,77,61,75,9,127,52,13" hai1="64,47,97,18,94,42,128,5,23,4,32,71,40" hai2="134,92,15,50,55,126,124,86,20,27,58,68,29" hai3="100,39,120,108,117,102,31,2,69,28,36,103,121"/><W123/><G2/><T45/><D3/><U89/><E32/><V72/><F72/><W62/><G117/><T66/><D109/><U11/><E128/><V67/><F134/><W8/><G8/><T84/><D133/><U115/><E115/><V57/><F68/><W35/><G108/><T125/><D77/><U41/><E71/><V26/><F26/><W53/><G35/><T17/><D66/><U118/><E64/><V78/><F15/><W1/><G1/><T81/><D61/><U132/><E118/><V114/><F114/><W6/><G6/><N who="1" m="2666" /><E11/><V98/><F67/><W21/><G69/><T116/><D116/><U106/><E106/><V93/><F58/><W14/><G14/><T0/><D0/><U73/><E73/><V51/><F51/><W16/><G53/><T122/><D122/><U80/><E80/><N who="2" m="47383" /><F98/><W90/><G90/><N who="0" m="51471" /><D74/><U59/><E59/><V38/><F38/><W22/><G62/><T25/><D25/><N who="1" m="14583" /><E132/><V104/><F104/><W83/><G83/><T46/><D46/><AGARI ba="0,0" hai="40,41,42,46,47,89,94,97" m="14583,2666" machi="46" ten="30,1000,0" yaku="8,1" doraHai="76" who="1" fromWho="0" sc="186,-10,394,10,234,0,186,0" /><INIT seed="4,0,0,5,3,80" ten="176,404,234,186" oya="0" hai0="76,21,5,135,2,55,117,100,112,118,91,62,43" hai1="104,13,9,99,0,26,41,23,28,107,31,87,69" hai2="73,75,19,8,102,121,103,61,60,119,110,36,35" hai3="58,124,109,30,108,47,114,25,22,12,98,53,71"/><T3/><D112/><U97/><E0/><V95/><F35/><W79/><G71/><T18/><D100/><U57/><E69/><V105/><F36/><W106/><G114/><T93/><D135/><U45/><E31/><V127/><F127/><W48/><G124/><T82/><D43/><U85/><E57/><V123/><F95/><W129/><G129/><T15/><D62/><U94/><E104/><V113/><F113/><W17/><G79/><T10/><D55/><U111/><E107/><V116/><F8/><W50/><G98/><T86/><REACH who="0" step="1"/><D2/><REACH who="0" ten="166,404,234,186" step="2"/><U33/><E41/><V16/><REACH who="2" step="1"/><F105/><REACH who="2" ten="166,404,224,186" step="2"/><W1/><G106/><T42/><D42/><U134/><E134/><V132/><F132/><W63/><G1/><T83/><D83/><U56/><E94/><V29/><F29/><W122/><G122/><T65/><D65/><U74/><E28/><V46/><F46/><W7/><G47/><T40/><D40/><U88/><E45/><V101/><F101/><W78/><G108/><AGARI ba="0,2" hai="16,19,60,61,73,75,102,103,108,110,116,119,121,123" machi="108" ten="25,12000,2" yaku="1,1,22,2,54,1,53,2" doraHai="80" doraHaiUra="115" who="2" fromWho="3" sc="166,0,404,0,224,140,186,-120" /><INIT seed="5,0,0,5,1,107" ten="166,404,364,66" oya="1" hai0="51,45,66,72,133,12,116,128,49,81,117,58,19" hai1="41,69,14,5,4,134,125,6,113,78,42,8,24" hai2="80,21,93,46,23,74,16,17,63,34,111,61,54" hai3="70,25,112,26,60,62,30,75,135,114,104,65,73"/><U109/><E69/><V130/><F34/><W102/><G135/><T56/><D133/><U101/><E134/><V7/><F111/><W52/><G26/><T10/><D128/><U11/><E109/><V71/><F7/><W53/><G60/><T0/><D0/><U44/><E113/><N who="3" m="43626" /><G53/><T32/><D32/><U121/><E121/><V132/><F93/><W88/><G88/><T35/><D35/><U55/><E125/><V48/><F130/><W15/><G15/><T86/><D66/><U76/><E101/><V1/><F1/><W85/><G85/><T29/><D29/><U131/><E24/><V40/><F71/><W89/><G89/><N who="0" m="51407" /><D51/><N who="1" m="29159" /><E131/><V84/><F132/><W83/><G70/><T22/><D22/><U106/><E106/><V127/><F23/><N who="3" m="15679" /><G83/><T79/><D58/><U119/><E119/><V28/><F28/><W68/><G52/><N who="0" m="29743" /><D56/><U64/><E64/><V50/><F21/><W87/><G87/><T94/><D94/><U100/><E100/><V122/><F84/><W123/><G123/><T33/><D33/><U110/><E110/><V90/><F122/><W92/><G104/><T118/><D79/><N who="1" m="30251" /><E14/><V67/><F67/><W120/><G120/><T43/><D43/><AGARI ba="0,0" hai="4,5,6,8,11,41,42,43" m="30251,29159" machi="43" ten="30,5800,0" yaku="26,2,8,1" doraHai="107" who="1" fromWho="0" sc="166,-58,404,58,364,0,66,0" /><INIT seed="5,1,0,5,5,33" ten="108,462,364,66" oya="1" hai0="70,44,100,95,101,30,92,128,118,108,110,125,51" hai1="122,26,96,16,106,84,52,74,37,57,13,21,17" hai2="9,56,18,22,41,20,124,120,36,116,2,31,87" hai3="7,58,23,1,91,131,19,82,90,46,54,69,76"/><U67/><E74/><V29/><F41/><W77/><G69/><T3/><D70/><U126/><E122/><V49/><F36/><W45/><G131/><T34/><D128/><U59/><E126/><V28/><F49/><W43/><G7/><T132/><D118/><U39/><E106/><V85/><F56/><W134/><G134/><T65/><D65/><U123/><E123/><V40/><F40/><W83/><G1/><T86/><D86/><U6/><E6/><N who="2" m="1239" /><F87/><W62/><G82/><T63/><D63/><N who="1" m="38399" /><E39/><V121/><F85/><W8/><G8/><T93/><D125/><U14/><E37/><V75/><F75/><W135/><G135/><T119/><D119/><U10/><E96/><V32/><F124/><W103/><G103/><T102/><D132/><U105/><E105/><V71/><F71/><W48/><G45/><T97/><D97/><U27/><E84/><V98/><F98/><W60/><G60/><AGARI ba="1,0" hai="10,13,14,16,17,21,26,27,52,57,60" m="38399" machi="60" ten="30,5800,0" yaku="8,1,54,2" doraHai="33" who="1" fromWho="3" sc="108,0,462,61,364,0,66,-61" /><INIT seed="5,2,0,0,2,16" ten="108,523,364,5" oya="1" hai0="22,106,102,4,30,121,105,24,135,99,59,73,113" hai1="132,61,129,47,84,58,100,94,2,12,98,37,123" hai2="27,86,74,103,49,82,46,71,53,97,122,23,60" hai3="0,8,104,109,69,11,127,50,66,128,35,101,34"/><U114/><E123/><V32/><F122/><W42/><G109/><T41/><D135/><U31/><E2/><V51/><F74/><W93/><G128/><T45/><D121/><U25/><E114/><V118/><F118/><W62/><G127/><T3/><D113/><U56/><E129/><V134/><F32/><W77/><G77/><T39/><D73/><U108/><E132/><V68/><F134/><W54/><G42/><T96/><D59/><U85/><E108/><V18/><F60/><W55/><G55/><T87/><D87/><U115/><E115/><V48/><F71/><W38/><G38/><T67/><D67/><U79/><E12/><V81/><F68/><W80/><G80/><T29/><D4/><U91/><E58/><V1/><F1/><W26/><G93/><T13/><D13/><U6/><E6/><V70/><F70/><W120/><G120/><T40/><D40/><U111/><E111/><V21/><F82/><W119/><G119/><T124/><D3/><U117/><E117/><V33/><F33/><W89/><G89/><T43/><D43/><U10/><E10/><V7/><F7/><W5/><G8/><T36/><D124/><U52/><E79/><N who="2" m="46399" /><F23/><W20/><G101/><N who="0" m="62631" /><D39/><U57/><E100/><V110/><F110/><W76/><G76/><T131/><D131/><U107/><E107/><V28/><F18/><N who="3" m="12567" /><G104/><T112/><D112/><U63/><E37/><V125/><F125/><W15/><G0/><T14/><D36/><U75/><E75/><V116/><F116/><W65/><G65/><T72/><D106/><U130/><E130/><RYUUKYOKU ba="2,0" sc="108,-15,523,-15,364,15,5,15" hai2="21,27,28,46,48,49,51,53,97,103" hai3="5,11,15,34,35,50,54,62,66,69" /><INIT seed="6,3,0,0,2,127" ten="93,508,379,20" oya="2" hai0="5,19,135,92,88,63,21,117,105,66,116,1,28" hai1="35,52,121,95,11,76,53,77,58,132,81,49,33" hai2="131,7,38,106,94,123,103,133,4,130,111,85,118" hai3="115,89,37,97,45,44,114,82,108,126,41,50,2"/><V71/><F118/><N who="0" m="45674" /><D105/><U42/><E42/><V109/><F123/><W98/><G108/><N who="2" m="41545" /><F133/><W36/><G2/><T119/><D135/><U74/><E132/><V62/><F38/><W134/><G134/><T54/><D54/><U124/><E124/><V61/><F106/><W113/><G126/><T64/><D28/><U6/><E121/><V34/><F34/><W13/><G13/><N who="0" m="9455" /><D119/><U75/><E95/><V78/><F78/><W57/><G57/><T0/><D5/><N who="2" m="2122" /><F71/><W15/><G15/><T8/><D8/><U125/><E125/><V26/><F26/><W70/><G70/><N who="0" m="42271" /><D66/><U16/><E76/><V80/><F80/><W29/><G29/><T93/><D93/><U3/><E75/><V12/><F12/><W60/><G60/><N who="2" m="23145" /><F85/><AGARI ba="3,0" hai="0,1,85,88,92" m="42271,9455,45674" machi="85" ten="30,2000,0" yaku="12,1,54,1" doraHai="127" who="0" fromWho="2" sc="93,29,508,0,379,-29,20,0" /><INIT seed="7,0,0,4,0,80" ten="122,508,350,20" oya="3" hai0="14,43,71,12,123,53,119,128,115,29,22,109,10" hai1="0,129,125,7,74,111,51,88,8,131,126,95,132" hai2="31,17,77,93,120,124,101,18,54,46,38,116,76" hai3="73,32,34,23,48,60,94,127,114,108,28,96,75"/><W5/><G114/><T92/><D71/><U62/><E111/><V39/><F116/><W100/><G127/><N who="1" m="48650" /><E132/><V78/><F124/><W47/><G108/><T83/><D43/><U99/><E74/><V61/><F120/><W97/><G5/><T24/><D92/><U87/><E62/><V1/><F31/><W89/><G60/><T59/><D83/><N who="1" m="49279" /><E51/><V15/><F1/><W40/><G23/><T9/><D14/><U66/><E66/><V134/><F134/><W102/><G89/><AGARI ba="0,0" hai="0,7,8,89,95,99,129,131" m="49279,48650" machi="89" ten="30,3900,0" yaku="18,1,52,1,54,1" doraHai="80" who="1" fromWho="3" sc="122,0,508,39,350,0,20,-39" owari="122,-28.0,547,65.0,350,15.0,-19,-52.0" /></mjloggm>