<mjloggm ver="2.3"><GO type="41" lobby="0"/><UN n0="%E2%93%9D%53%75%70%68%78" n1="%6D%61%77%69%6C%65" n2="%73%2E%66%2E" n3="%73%68%6F%75%2D%74%65%6E" dan="17,14,13,14" rate="2031.77,1896.33,1936.55,1910.33" sx="M,M,F,M"/><TAIKYOKU oya="0"/><INIT seed="0,0,0,0,4,93" ten="250,250,250,250" oya="0" hai0="59,91,84,56,9,7,71,64,96,8,15,32,132" hai1="46,105,22,124,125,24,92,108,95,53,130,40,33" hai2="90,112,13,86,133,72,81,29,30,106,1,102,113" hai3="26,28,76,88,70,120,2,17,65,51,87,123,34"/><T62/><D32/><U0/><E105/><V129/><F1/><W78/><G2/><T122/><D132/><U83/><E0/><V68/><F68/><W128/><G128/><T97/><D122/><N who="3" m="46633" /><G65/><T43/><D43/><U135/><E135/><V94/><F129/><W60/><G60/><T109/><D109/><U131/><E108/><V119/><F119/><W82/><G70/><T10/><D59/><U80/><E33/><V54/><F133/><W118/><G118/><T73/><D73/><U3/><E3/><V85/><F54/><W101/><G101/><T117/><D71/><U100/><E53/><V75/><F13/><W16/><G51/><T114/><D114/><N who="2" m="44138" /><F30/><W4/><G4/><T127/><D127/><N who="1" m="48715" /><E131/><V18/><F18/><AGARI ba="0,0" hai="16,17,18,26,28,34,76,78,82,87,88" m="46633" machi="18" ten="30,3900,0" yaku="13,1,54,2" doraHai="93" who="3" fromWho="2" sc="250,0,250,0,250,-39,250,39" /><INIT seed="1,0,0,4,0,23" ten="250,250,211,289" oya="1" hai0="41,127,115,61,35,11,101,54,4,120,32,77,76" hai1="31,129,20,81,7,82,116,60,5,69,103,8,9" hai2="64,36,53,67,112,93,126,49,46,131,98,111,30" hai3="15,55,84,18,48,66,125,92,29,22,28,17,100"/><U124/><E116/><V85/><F112/><W16/><G125/><T128/><D115/><U63/><E124/><V80/><F126/><W6/><G66/><T121/><D127/><U3/><E129/><V50/><F131/><W104/><G104/><T88/><D101/><U90/><E103/><V39/><F111/><W119/><G119/><T10/><D41/><U86/><E69/><V68/><F68/><W12/><G6/><T44/><D44/><U113/><E113/><V117/><F39/><W99/><G84/><T96/><D54/><U118/><E118/><V56/><F36/><W74/><G74/><T83/><D61/><U58/><E82/><V133/><F133/><W106/><G106/><T43/><D43/><U75/><E75/><V33/><F117/><W26/><REACH who="3" step="1"/><G29/><REACH who="3" ten="250,250,211,279" step="2"/><T42/><D128/><U57/><E31/><V108/><F30/><W134/><G134/><T47/><D4/><U87/><E87/><V70/><F70/><W72/><G72/><T65/><D65/><U123/><E5/><V27/><F67/><W34/><G34/><T37/><D35/><U94/><E7/><V97/><F33/><W114/><G114/><T52/><D32/><U78/><E86/><V2/><F64/><W40/><G40/><T21/><D42/><U105/><E105/><V79/><F85/><W130/><G130/><T135/><D37/><U62/><E3/><V109/><F109/><W19/><N who="3" m="4096" /><DORA hai="122" /><W95/><G95/><T102/><D135/><U38/><E94/><V91/><F108/><W73/><G73/><T13/><D121/><U1/><E123/><RYUUKYOKU ba="0,1" sc="250,-10,250,-10,211,-10,279,30" hai3="12,15,22,26,28,48,55,92,99,100" /><INIT seed="2,1,1,0,5,25" ten="240,240,201,309" oya="2" hai0="102,103,60,32,112,2,42,31,67,110,48,131,66" hai1="124,98,40,132,80,101,36,97,125,58,88,99,71" hai2="56,20,5,28,123,35,135,22,69,113,33,128,85" hai3="73,119,39,46,23,49,64,94,43,81,79,109,121"/><V21/><F69/><W51/><G121/><T86/><D2/><U12/><E71/><V107/><F107/><W122/><G122/><T115/><D110/><U108/><E108/><V10/><F123/><W111/><G119/><T130/><D86/><N who="1" m="50247" /><E132/><V96/><F96/><W45/><G39/><T52/><D31/><U77/><E77/><V76/><F113/><N who="0" m="43594" /><D32/><U18/><E58/><V133/><F56/><W29/><G64/><N who="0" m="24619" /><D103/><U87/><E87/><V16/><F128/><N who="0" m="49194" /><D102/><U127/><E101/><V38/><F38/><W118/><G94/><T41/><D60/><U74/><E74/><V14/><F85/><W26/><REACH who="3" step="1"/><G118/><REACH who="3" ten="240,240,201,299" step="2"/><T90/><D90/><U13/><E127/><V89/><F89/><W126/><G126/><T100/><D100/><U83/><E125/><V47/><F76/><W15/><G15/><T61/><D61/><U104/><E124/><V6/><F47/><AGARI ba="1,2" hai="41,42,47,48,52" m="49194,24619,43594" machi="47" ten="30,7700,0" yaku="19,1,34,2,54,1" doraHai="25" who="0" fromWho="2" sc="240,100,240,0,201,-80,299,0" /><INIT seed="3,0,0,0,1,65" ten="340,240,121,299" oya="3" hai0="56,13,87,116,27,38,1,104,34,60,107,77,41" hai1="99,59,101,78,6,132,131,71,18,85,102,75,135" hai2="106,105,50,96,81,2,46,128,10,134,12,21,67" hai3="124,37,93,11,0,113,114,58,4,94,74,33,72"/><W86/><G33/><T19/><D1/><U22/><E75/><V126/><F126/><W112/><G37/><T25/><D116/><U84/><E131/><V32/><F128/><W111/><G124/><T28/><D27/><U90/><E6/><V66/><F32/><W29/><G29/><T26/><D26/><U125/><E125/><V80/><F134/><W53/><G111/><T118/><D118/><U39/><E39/><V31/><F31/><W23/><G23/><T98/><D98/><U16/><E59/><V15/><F106/><W91/><REACH who="3" step="1"/><G94/><REACH who="3" ten="340,240,121,289" step="2"/><T115/><D107/><U108/><E108/><V95/><F105/><W82/><G82/><T48/><D38/><U110/><E22/><V83/><F21/><W47/><G47/><T121/><D104/><U54/><E110/><V109/><F109/><W79/><G79/><T20/><D34/><U55/><E78/><V68/><F95/><W9/><G9/><T3/><D28/><U57/><E135/><V130/><F10/><W119/><G119/><T43/><D25/><U122/><E132/><V51/><F81/><W24/><G24/><T14/><D77/><U17/><E122/><V8/><F8/><W120/><G120/><T45/><D121/><U103/><E18/><V36/><F46/><W117/><G117/><T133/><D133/><U127/><E17/><V76/><F80/><W100/><G100/><T69/><D19/><U7/><E16/><V73/><F83/><W40/><G40/><T30/><D43/><U123/><E127/><V89/><F76/><W129/><G129/><T49/><D41/><RYUUKYOKU ba="0,1" sc="340,-10,240,-10,121,-10,289,30" hai3="0,4,11,53,58,72,74,86,91,93,112,113,114" /><INIT seed="3,1,1,1,0,110" ten="330,230,111,319" oya="3" hai0="109,10,128,70,45,108,71,44,69,3,63,56,39" hai1="135,23,75,35,84,119,37,93,31,30,87,1,9" hai2="76,77,41,12,4,94,133,13,0,123,19,68,67" hai3="40,89,55,116,58,20,107,60,22,32,127,100,83"/><W111/><G32/><T88/><D3/><U33/><E37/><V117/><F117/><W50/><G116/><T59/><D10/><U115/><E119/><V53/><F123/><W97/><G127/><T103/><D103/><U96/><E75/><V98/><F0/><W28/><G111/><N who="0" m="42571" /><D88/><U125/><E125/><V11/><F41/><W57/><G28/><T49/><D128/><U131/><E131/><V7/><F68/><W86/><REACH who="3" step="1"/><G40/><REACH who="3" ten="330,230,111,309" step="2"/><N who="0" m="22559" /><D63/><U82/><E33/><V74/><F133/><W26/><G26/><T25/><D25/><U38/><E35/><V130/><F130/><W92/><G92/><T64/><D64/><AGARI ba="1,2" hai="20,22,50,55,57,58,60,64,83,86,89,97,100,107" machi="64" ten="30,2900,0" yaku="1,1,7,1,53,0" doraHai="110" doraHaiUra="36" who="3" fromWho="0" sc="330,-32,230,0,111,0,309,52" /><INIT seed="3,2,0,4,3,17" ten="298,230,111,361" oya="3" hai0="48,133,74,86,33,44,1,43,79,119,110,15,49" hai1="57,132,40,20,105,56,58,71,55,107,135,117,19" hai2="81,100,94,113,62,14,29,11,103,28,68,47,66" hai3="73,61,121,75,3,87,69,77,35,116,38,120,34"/><W126/><G3/><T92/><D119/><U51/><E71/><V37/><F113/><W45/><G116/><T26/><D1/><U102/><E117/><V82/><F103/><W31/><G87/><T72/><D110/><U84/><E40/><V70/><F70/><W88/><G88/><T10/><D49/><U53/><E84/><V24/><F29/><W21/><G126/><T12/><D12/><U0/><E0/><V109/><F109/><W85/><G85/><T54/><D133/><N who="1" m="51275" /><E102/><V8/><F8/><W76/><G76/><T46/><D33/><U122/><E122/><V80/><F37/><W95/><G95/><T25/><D74/><U123/><E123/><V59/><F47/><W83/><G75/><T13/><D13/><N who="1" m="9327" /><E51/><V125/><F125/><W93/><G35/><T101/><D72/><U39/><E39/><V32/><F68/><W78/><G78/><T108/><D108/><U27/><E27/><V118/><F118/><W23/><G121/><T115/><D26/><U111/><E111/><V124/><F124/><W128/><G120/><T7/><D25/><U42/><E42/><V127/><F127/><W67/><G93/><T130/><D92/><U97/><E97/><N who="2" m="59447" /><F11/><W50/><G38/><T60/><D101/><U99/><E99/><V96/><F96/><W131/><G34/><T16/><D79/><U90/><E90/><V5/><F82/><W64/><G31/><T2/><D86/><U18/><E18/><V106/><F106/><AGARI ba="2,0" hai="53,55,56,57,58,105,106,107" m="9327,51275" machi="106" ten="40,2600,0" yaku="20,1,52,1" doraHai="17" who="1" fromWho="2" sc="298,0,230,32,111,-32,361,0" /><INIT seed="4,0,0,5,2,126" ten="298,262,79,361" oya="0" hai0="77,34,42,19,108,100,63,83,15,51,12,54,62" hai1="129,28,127,25,116,67,38,52,3,13,91,114,84" hai2="101,85,80,14,9,73,47,50,49,115,118,31,135" hai3="122,20,71,121,18,26,22,74,64,36,128,82,90"/><T43/><D34/><U46/><E127/><V37/><F118/><W10/><G36/><T23/><D100/><U123/><E116/><V76/><F135/><W7/><G64/><T107/><D107/><U132/><E132/><V93/><F115/><W105/><G71/><T4/><D108/><U40/><E114/><V103/><F31/><W120/><G105/><T2/><D2/><U30/><E3/><V61/><F61/><W110/><G90/><T35/><D35/><U88/><E123/><V89/><F49/><W134/><G82/><T95/><D95/><U55/><E67/><V125/><F37/><W75/><G134/><T79/><D63/><U11/><E129/><V119/><F119/><W98/><G98/><T109/><D62/><U53/><E25/><V21/><F21/><W112/><G112/><T92/><D92/><U48/><E38/><V17/><REACH who="2" step="1"/><F125/><REACH who="2" ten="298,262,69,361" step="2"/><W70/><G70/><T97/><D51/><U131/><E131/><V104/><F104/><W5/><G128/><T124/><D124/><U33/><E33/><V60/><F60/><W29/><G110/><T24/><D109/><U16/><REACH who="1" step="1"/><E91/><REACH who="1" ten="298,252,69,361" step="2"/><V1/><F1/><N who="3" m="303" /><G7/><T65/><D4/><U39/><E39/><V133/><F133/><W78/><G78/><T58/><D79/><U99/><E99/><V106/><F106/><W94/><G122/><T27/><D97/><U102/><E102/><V41/><AGARI ba="0,2" hai="9,14,17,41,47,50,73,76,80,85,89,93,101,103" machi="41" ten="20,2700,0" yaku="1,1,0,1,7,1,53,0" doraHai="126" doraHaiUra="113" who="2" fromWho="2" sc="298,-13,252,-7,69,47,361,-7" /><INIT seed="5,0,0,4,1,9" ten="285,245,116,354" oya="1" hai0="51,13,56,55,17,111,104,78,66,14,88,16,94" hai1="59,75,127,129,4,97,30,32,45,60,101,62,89" hai2="96,37,10,42,120,57,135,67,79,11,125,77,50" hai3="44,8,41,27,122,48,84,26,35,33,132,76,7"/><U18/><E75/><V113/><F120/><W20/><G132/><T103/><D111/><U115/><E115/><V110/><F110/><W130/><G122/><T85/><D104/><U124/><E129/><V5/><F125/><W23/><G130/><T100/><D66/><U70/><E4/><V123/><F135/><W121/><G121/><T34/><D34/><U28/><E18/><N who="0" m="7273" /><D78/><U74/><E74/><V69/><F123/><W53/><G35/><T39/><D39/><U2/><E2/><V0/><F11/><W72/><G72/><T65/><D65/><N who="1" m="41255" /><E45/><N who="2" m="23759" /><F96/><W54/><G33/><T1/><D1/><U95/><E89/><V91/><F91/><W118/><G118/><T21/><D21/><U3/><E3/><V15/><F0/><W92/><G23/><T81/><D103/><U87/><E87/><V73/><F73/><W40/><G92/><T46/><D46/><U36/><E36/><V68/><F68/><W64/><G64/><T117/><D117/><U61/><E32/><V25/><F25/><W102/><G102/><T12/><D100/><U106/><E106/><V82/><F82/><AGARI ba="0,0" hai="12,13,14,51,55,56,81,82,85,88,94" m="7273" machi="82" ten="30,12000,2" yaku="8,1,52,3,54,2" doraHai="9" who="0" fromWho="2" sc="285,120,245,0,116,-120,354,0" owari="405,50.0,245,-15.0,-4,-50.0,354,15.0" /></mjloggm>