<mjloggm ver="2.3"><GO type="41" lobby="0"/><UN n0="%E2%93%9D%53%75%70%68%78" n1="%E3%81%B0%E3%83%BC%E3%82%93" n2="%E3%81%8D%E3%82%83%E3%83%BC%E3%82%8D%E3%82%93" n3="%E6%97%A5%E5%90%91%E5%B0%8F%E6%A1%A7%E5%B1%B1" dan="17,13,15,13" rate="2044.20,1908.62,2075.65,1946.06" sx="M,M,M,M"/><TAIKYOKU oya="0"/><INIT seed="0,0,0,1,5,114" ten="250,250,250,250" oya="0" hai0="66,135,8,51,122,10,11,97,69,74,45,22,71" hai1="20,130,56,16,80,133,93,120,31,126,43,106,76" hai2="1,68,52,47,62,14,3,28,44,94,46,19,109" hai3="2,0,26,127,77,36,58,30,54,96,53,85,7"/><T79/><D122/><U6/><E120/><V5/><F109/><W112/><G36/><T39/><D39/><U41/><E106/><V107/><F107/><W102/><G127/><T88/><D135/><U55/><E130/><V38/><F28/><W103/><G112/><T59/><D79/><U42/><E126/><V98/><F38/><W121/><G103/><T119/><D74/><U134/><E6/><V63/><F5/><W64/><G64/><T92/><D119/><U48/><E31/><V99/><F68/><W57/><G7/><T124/><D124/><U81/><E93/><V82/><F82/><W9/><G9/><T89/><D22/><U32/><E32/><V37/><F37/><W67/><G67/><T95/><D59/><U123/><E123/><V108/><F108/><W116/><G85/><T104/><D66/><U83/><REACH who="1" step="1"/><E76/><REACH who="1" ten="250,240,250,250" step="2"/><V132/><F94/><W118/><G77/><T115/><D104/><U70/><E70/><V73/><F132/><W91/><G121/><T15/><D115/><U78/><E78/><V12/><F73/><W60/><G30/><T13/><D71/><U40/><N who="1" m="10240" /><DORA hai="4" /><U75/><E75/><V18/><F3/><W65/><G0/><T90/><D69/><U61/><E61/><V29/><F1/><W25/><G2/><T27/><D95/><U110/><E110/><V50/><F29/><W34/><G60/><T23/><D90/><U111/><E111/><V100/><F63/><W35/><G35/><T105/><D89/><U21/><E21/><N who="2" m="11463" /><F62/><W72/><G91/><T17/><D105/><U113/><E113/><RYUUKYOKU ba="0,1" sc="250,15,240,15,250,-15,250,-15" hai0="8,10,11,13,15,17,23,27,45,51,88,92,97" hai1="16,20,48,55,56,80,81,83,133,134" /><INIT seed="0,1,1,2,4,101" ten="265,255,235,235" oya="0" hai0="68,3,27,28,32,73,102,97,121,109,61,31,5" hai1="91,25,78,135,72,106,125,1,21,110,111,41,115" hai2="8,118,15,35,56,112,26,49,117,9,29,20,53" hai3="67,81,124,66,129,55,87,47,114,6,18,13,93"/><T50/><D31/><U69/><E1/><V12/><F112/><W119/><G114/><T19/><D121/><U88/><E69/><V42/><F42/><W64/><G119/><T100/><D100/><U23/><E115/><V38/><F38/><W39/><G124/><T2/><D19/><U120/><E120/><V131/><F131/><W92/><G129/><T79/><D50/><U76/><E125/><V57/><F57/><W33/><G33/><T62/><D62/><U14/><E41/><V127/><F127/><W74/><G74/><T54/><D5/><U132/><E14/><V30/><F30/><W130/><G6/><T86/><D86/><U99/><E25/><V126/><F126/><W24/><G24/><T36/><D54/><U37/><E99/><V34/><F34/><W45/><G45/><T90/><D90/><U0/><E0/><V113/><F113/><W11/><G130/><T22/><D109/><U104/><E72/><V52/><F53/><W107/><G107/><N who="0" m="63951" /><D22/><U51/><E51/><V116/><REACH who="2" step="1"/><F20/><REACH who="2" ten="265,255,225,235" step="2"/><W105/><G39/><AGARI ba="1,2" hai="21,23,37,39,76,78,88,91,104,106,110,111,132,135" machi="39" ten="25,8000,1" yaku="22,2,52,2,54,1" doraHai="101" who="1" fromWho="3" sc="265,0,255,103,225,0,235,-83" /><INIT seed="1,0,0,3,5,1" ten="265,358,225,152" oya="1" hai0="95,123,62,111,102,54,67,14,120,41,31,11,36" hai1="113,33,133,127,57,75,118,100,48,9,5,25,44" hai2="39,101,106,119,53,131,42,43,116,83,27,88,90" hai3="87,103,37,10,20,28,122,112,7,71,51,65,18"/><U12/><E118/><V40/><F131/><W85/><G37/><T107/><D107/><U105/><E75/><V89/><F39/><W76/><G112/><T91/><D102/><U21/><E113/><V35/><F83/><W86/><G122/><T56/><D111/><U16/><E127/><V124/><F124/><W60/><G103/><T129/><D31/><U52/><E133/><V108/><F108/><W68/><G28/><T130/><D41/><U70/><E70/><V19/><F53/><W50/><G68/><T63/><D36/><U84/><E84/><V115/><F115/><W96/><G96/><T69/><D95/><U2/><E100/><V97/><F35/><W6/><G76/><T24/><D24/><U15/><E105/><V8/><F27/><W74/><G74/><T3/><D3/><U121/><E121/><N who="0" m="46665" /><D91/><U49/><E33/><V17/><REACH who="2" step="1"/><F8/><REACH who="2" ten="265,358,215,152" step="2"/><W38/><G38/><T98/><D130/><U81/><E81/><V66/><F66/><W0/><REACH who="3" step="1"/><G6/><REACH who="3" ten="265,358,215,142" step="2"/><N who="0" m="3447" /><D129/><U109/><REACH who="1" step="1"/><E109/><REACH who="1" ten="265,348,215,142" step="2"/><V47/><F47/><W4/><G4/><T73/><D73/><U114/><E114/><V61/><F61/><W26/><AGARI ba="0,3" hai="0,7,10,18,20,26,50,51,60,65,71,85,86,87" machi="26" ten="30,4000,0" yaku="1,1,0,1,52,1,53,0" doraHai="1" doraHaiUra="30" who="3" fromWho="3" sc="265,-10,348,-20,215,-10,142,70" /><INIT seed="2,0,0,4,2,132" ten="255,328,205,212" oya="2" hai0="106,83,51,41,98,70,130,3,0,118,102,23,4" hai1="74,133,65,79,127,42,25,6,75,107,20,104,29" hai2="67,85,39,32,49,54,95,105,113,121,125,27,122" hai3="11,57,7,117,56,72,68,1,36,63,12,10,84"/><V30/><F105/><W129/><G117/><T90/><D70/><U64/><E133/><V81/><F39/><W62/><G72/><T94/><D130/><U44/><E6/><V101/><F113/><W34/><G34/><T103/><D118/><U31/><E79/><V33/><F67/><W17/><G36/><T53/><D41/><U91/><E91/><V55/><F33/><W111/><G111/><T40/><D40/><U71/><E42/><V92/><F55/><W5/><G129/><T21/><D4/><U46/><E25/><V73/><F73/><W8/><G84/><T82/><D3/><U45/><E46/><V108/><F108/><W37/><G37/><T38/><D0/><U110/><E20/><N who="0" m="7753" /><D106/><U24/><E24/><V76/><F125/><W66/><REACH who="3" step="1"/><G62/><REACH who="3" ten="255,328,205,202" step="2"/><T9/><D38/><U14/><E110/><V15/><F15/><AGARI ba="0,1" hai="1,5,7,8,10,11,12,15,17,56,57,63,66,68" machi="15" ten="30,3900,0" yaku="1,1,2,1,7,1,53,0" doraHai="132" doraHaiUra="77" who="3" fromWho="2" sc="255,0,328,0,205,-39,202,49" /><INIT seed="3,0,0,1,0,124" ten="255,328,166,251" oya="3" hai0="21,79,115,129,3,120,53,15,20,101,64,99,128" hai1="78,109,125,54,111,73,114,93,66,60,122,68,135" hai2="83,90,72,70,106,119,110,47,67,44,37,23,88" hai3="77,62,91,32,131,48,74,49,55,112,130,132,113"/><W19/><G32/><T38/><D3/><U63/><E73/><V29/><F106/><W81/><G132/><T1/><D1/><U7/><E7/><V26/><F110/><N who="1" m="41993" /><E78/><V17/><F119/><W121/><G121/><T57/><D38/><U105/><E105/><V80/><F37/><W117/><G117/><T30/><D64/><U96/><E114/><V51/><F47/><W46/><G91/><T127/><D127/><U34/><E34/><V31/><F70/><W92/><G92/><T118/><D120/><U22/><E122/><V24/><F67/><W61/><G19/><T27/><D79/><U4/><E4/><V123/><F123/><W25/><G25/><T39/><D39/><U134/><E22/><V10/><F10/><W28/><G28/><N who="2" m="10825" /><F72/><W100/><G100/><T103/><D115/><N who="3" m="44105" /><G49/><N who="0" m="30895" /><D118/><U2/><E2/><V14/><F26/><W43/><G43/><T84/><D103/><N who="1" m="60815" /><E125/><V94/><F24/><W0/><G0/><T50/><D30/><U5/><E5/><V87/><F90/><W108/><G108/><T6/><D27/><U41/><E41/><AGARI ba="0,0" hai="14,17,23,41,44,51,80,83,87,88,94" m="10825" machi="41" ten="30,2000,0" yaku="8,1,54,1" doraHai="124" who="2" fromWho="1" sc="255,0,328,-20,166,20,251,0" /><INIT seed="4,0,0,4,3,26" ten="255,308,186,251" oya="0" hai0="90,114,99,30,124,37,24,83,109,29,89,78,131" hai1="15,135,85,14,52,10,115,101,31,5,66,84,61" hai2="81,132,45,22,51,7,53,125,33,104,49,121,42" hai3="17,82,105,111,120,126,76,92,98,64,123,119,65"/><T36/><D114/><U4/><E135/><V43/><F104/><W71/><G111/><T16/><D109/><U46/><E101/><V96/><F121/><W21/><G105/><T40/><D131/><U67/><E115/><V48/><F33/><W128/><G128/><T62/><D124/><U97/><E97/><V13/><F132/><W93/><G126/><T112/><D112/><U77/><E77/><V6/><F125/><W95/><G119/><T116/><D62/><U130/><E130/><V127/><F127/><W19/><G98/><T103/><D40/><U94/><E46/><V54/><F96/><W108/><G108/><T59/><D59/><N who="1" m="35047" /><E85/><V44/><F81/><W23/><G71/><T69/><D69/><U35/><E35/><V8/><F51/><W100/><G82/><T88/><D37/><U38/><E38/><V3/><F7/><W113/><G76/><T91/><D36/><U32/><E32/><V75/><F75/><W25/><G100/><T107/><D116/><U60/><E60/><V70/><F70/><W106/><G106/><T133/><D91/><N who="1" m="53607" /><E31/><V47/><F47/><W72/><G72/><T58/><D58/><U41/><E41/><V87/><F87/><W110/><G113/><T134/><D134/><U102/><E102/><V129/><F129/><W18/><G110/><T55/><D55/><U79/><E79/><V9/><F3/><W68/><G68/><T39/><D39/><U86/><E86/><V57/><F57/><W122/><G25/><T73/><D133/><U74/><E74/><V117/><F43/><W0/><G0/><RYUUKYOKU ba="0,0" sc="255,10,308,10,186,-30,251,10" hai0="16,24,29,30,73,78,83,88,89,90,99,103,107" hai1="4,5,10,14,15,66,67" hai3="17,18,19,21,23,64,65,92,93,95,120,122,123" /><INIT seed="4,1,0,4,0,83" ten="265,318,156,261" oya="0" hai0="1,84,112,76,52,42,70,39,117,46,110,53,126" hai1="69,88,24,66,128,10,111,59,6,134,85,74,5" hai2="19,132,14,49,82,125,64,17,18,105,54,77,35" hai3="135,130,99,27,106,119,79,87,89,31,23,41,37"/><T123/><D117/><U129/><E111/><V51/><F105/><W65/><G119/><T67/><D1/><U90/><E74/><V34/><F125/><W40/><G130/><N who="1" m="50282" /><E69/><V61/><F132/><W3/><G3/><T68/><D76/><U28/><E90/><V100/><F100/><W7/><G7/><T8/><D8/><U71/><E71/><N who="0" m="27177" /><D84/><U124/><E134/><V12/><F35/><W96/><G79/><T81/><D81/><N who="1" m="49199" /><E124/><V22/><F34/><W93/><G65/><T55/><D126/><U98/><E98/><V44/><F51/><W63/><G135/><T108/><D112/><U48/><E10/><V113/><F113/><W0/><G63/><T13/><D13/><U80/><E80/><V104/><F104/><W32/><G0/><T109/><D67/><U122/><E122/><AGARI ba="1,0" hai="39,42,46,52,53,55,108,109,110,122,123" m="27177" machi="122" ten="40,12000,1" yaku="10,1,34,2,54,1" doraHai="83" who="0" fromWho="1" sc="265,123,318,-123,156,0,261,0" /><INIT seed="4,2,0,5,5,58" ten="388,195,156,261" oya="0" hai0="39,80,128,130,22,64,49,19,55,67,54,96,11" hai1="122,63,1,91,5,31,33,0,28,86,78,134,45" hai2="106,43,38,127,44,109,104,52,7,111,88,113,100" hai3="79,129,69,77,70,57,112,35,123,47,101,66,125"/><T13/><D39/><U102/><E122/><V72/><F72/><W99/><G35/><T98/><D80/><U135/><E102/><V40/><F113/><W93/><G123/><T8/><D22/><U103/><E103/><V62/><F127/><W60/><G125/><T10/><D13/><U82/><E5/><V83/><F43/><W20/><G129/><N who="0" m="49771" /><D19/><U107/><E107/><V30/><F30/><N who="1" m="11305" /><E33/><V36/><F36/><W95/><G112/><T105/><D49/><U133/><E45/><V12/><F106/><W15/><G47/><T51/><D51/><U121/><E121/><V108/><F104/><W114/><G114/><T68/><D68/><U56/><E78/><V26/><F100/><W85/><G70/><T23/><D23/><U16/><E16/><V4/><F12/><W119/><G119/><T6/><D6/><U48/><E48/><V124/><F124/><W46/><G46/><T132/><D132/><N who="1" m="33795" /><U94/><DORA hai="97" /><E94/><V25/><F7/><W21/><G93/><T81/><D105/><U74/><E74/><V59/><REACH who="2" step="1"/><F4/><REACH who="2" ten="388,195,146,261" step="2"/><W90/><G101/><T42/><D42/><U87/><E87/><AGARI ba="2,1" hai="25,26,38,40,44,52,59,62,83,87,88,108,109,111" machi="87" ten="40,8000,1" yaku="1,1,2,1,52,1,54,2,53,0" doraHai="58,97" doraHaiUra="32,126" who="2" fromWho="1" sc="388,0,195,-86,146,96,261,0" /><INIT seed="5,0,0,4,4,134" ten="388,109,242,261" oya="1" hai0="7,129,4,101,14,90,103,127,43,104,124,5,52" hai1="119,122,70,23,77,64,13,28,85,116,80,22,47" hai2="81,12,107,44,84,69,93,109,118,102,82,6,113" hai3="87,89,65,135,21,40,27,78,0,83,98,25,20"/><U96/><E122/><V133/><F69/><W49/><G0/><T106/><D43/><U114/><E114/><V32/><F32/><W68/><G68/><T54/><D90/><U86/><E23/><V62/><F118/><W71/><G135/><T76/><D14/><U111/><E111/><V8/><F133/><W110/><G110/><T88/><D88/><U115/><E115/><V125/><F113/><W120/><G65/><T94/><D94/><U35/><E35/><V17/><F107/><N who="0" m="41002" /><D76/><U117/><E96/><N who="2" m="59663" /><F109/><W39/><G71/><T3/><D129/><U123/><E123/><V53/><F17/><W92/><G39/><T131/><D3/><U105/><E105/><V73/><F84/><W132/><G132/><T29/><D29/><U2/><E2/><V97/><F97/><W34/><G120/><T15/><D15/><U79/><E47/><V18/><F18/><W126/><G34/><T41/><D41/><U55/><E55/><N who="0" m="21033" /><D131/><U38/><E38/><V26/><F12/><W75/><G40/><T30/><D30/><U66/><E66/><V121/><F44/><W45/><G89/><T42/><D42/><U60/><E28/><V128/><F128/><W36/><G92/><T48/><D48/><U37/><E37/><V16/><F53/><W63/><G36/><T31/><D31/><U9/><E22/><V72/><F16/><W74/><G21/><T91/><D91/><N who="1" m="51623" /><E86/><V58/><F121/><W108/><G20/><T130/><D130/><U33/><E33/><V46/><F46/><W24/><G45/><T61/><D61/><U100/><E100/><AGARI ba="0,0" hai="4,5,7,100,101,103,124,127" m="21033,41002" machi="100" ten="40,12000,2" yaku="6,1,28,2,52,2,54,1" doraHai="134" who="0" fromWho="1" sc="388,120,109,-120,242,0,261,0" owari="508,61.0,-11,-51.0,242,-16.0,261,6.0" /></mjloggm>