<mjloggm ver="2.3"><GO type="41" lobby="0"/><UN n0="%6E%69%63%65%2D%66%69%74" n1="%65%74%61%6B%61%32%34" n2="%E3%83%95%E3%82%A7%E3%82%A4%E3%82%BF%E3%82%B9%5A%5A" n3="%E2%93%9D%53%75%70%68%78" dan="15,15,15,17" rate="1971.11,1966.20,1963.74,2050.35" sx="M,M,M,M"/><TAIKYOKU oya="0"/><INIT seed="0,0,0,0,1,74" ten="250,250,250,250" oya="0" hai0="101,40,31,91,123,132,8,2,76,87,121,9,52" hai1="43,68,118,23,60,10,22,133,114,86,105,93,104" hai2="38,77,5,17,57,67,35,126,56,61,59,24,131" hai3="100,13,39,3,69,125,63,18,70,4,129,102,112"/><T113/><D113/><U20/><E118/><V30/><F131/><W55/><G39/><T92/><D31/><U25/><E43/><V46/><F126/><W73/><G73/><T116/><D116/><U110/><E10/><V29/><F29/><W83/><G4/><T34/><D34/><U6/><E6/><V65/><F5/><W49/><G3/><T99/><D40/><U81/><E114/><V109/><F109/><W78/><G129/><T27/><D27/><U51/><E110/><V80/><F38/><W135/><G135/><T50/><D132/><U47/><E93/><V0/><F46/><W15/><G63/><T84/><D123/><U62/><E133/><V95/><F95/><W97/><G15/><T33/><D33/><U108/><E108/><V117/><F117/><W122/><G125/><T21/><D21/><U32/><E68/><V85/><F0/><W82/><G70/><T94/><D121/><U16/><E32/><V98/><F98/><W66/><G97/><T64/><D64/><U7/><E7/><V72/><F65/><W71/><G66/><T75/><D75/><U58/><E105/><V88/><REACH who="2" step="1"/><F17/><REACH who="2" ten="250,250,240,250" step="2"/><W28/><G18/><T45/><D2/><U48/><E104/><V42/><F42/><W90/><G28/><T120/><D120/><U128/><E128/><V37/><F37/><W96/><G122/><T119/><D119/><U115/><E115/><V127/><F127/><W36/><G36/><T106/><D106/><U54/><E47/><V111/><F111/><W26/><G112/><T124/><D124/><U53/><E81/><AGARI ba="0,1" hai="8,9,45,50,52,76,81,84,87,91,92,94,99,101" machi="81" ten="40,12000,1" yaku="6,1,8,1,52,1,54,1" doraHai="74" who="0" fromWho="1" sc="250,130,250,-120,240,0,250,0" /><INIT seed="0,1,0,2,3,35" ten="380,130,240,250" oya="0" hai0="97,5,41,58,89,98,65,104,78,14,30,119,87" hai1="131,45,16,82,7,38,115,17,42,90,128,11,133" hai2="106,34,111,93,85,88,53,13,33,122,52,2,20" hai3="102,95,32,71,74,12,100,108,21,80,40,37,69"/><T96/><D104/><U56/><E133/><V68/><F122/><W117/><G32/><T23/><D119/><U94/><E82/><V124/><F68/><W70/><G108/><T76/><D41/><U110/><E110/><V63/><F111/><W92/><G40/><T75/><D75/><U44/><E115/><V18/><F124/><W47/><G47/><T19/><D5/><U59/><E45/><V10/><F106/><W79/><G37/><T6/><D6/><U101/><E101/><V49/><F2/><W39/><G39/><T72/><D30/><U127/><E127/><V25/><F63/><W126/><G117/><T81/><D72/><U3/><E59/><V1/><F1/><W15/><G21/><T57/><D57/><U109/><E56/><V116/><F116/><W134/><G134/><T114/><D114/><U67/><E67/><V64/><F64/><W51/><G51/><T120/><REACH who="0" step="1"/><D120/><REACH who="0" ten="370,130,240,250" step="2"/><U26/><E109/><V125/><F125/><W135/><G126/><T107/><D107/><U66/><E66/><V130/><F130/><N who="1" m="49705" /><E26/><V4/><F53/><W48/><G135/><T123/><D123/><U28/><E28/><V121/><F121/><W55/><G55/><T22/><D22/><U73/><E73/><V83/><F34/><W99/><G48/><T105/><D105/><U29/><E29/><V86/><F33/><W27/><G27/><T8/><D8/><U77/><E77/><N who="2" m="46319" /><F52/><W31/><G31/><T112/><D112/><U103/><E103/><V60/><F49/><W132/><G132/><T91/><D91/><U46/><E46/><RYUUKYOKU ba="1,1" sc="370,0,130,0,240,0,250,0" hai0="14,19,23,58,65,76,78,81,87,89,96,97,98" hai1="3,7,11,16,17,38,42,44,90,94" hai2="4,10,13,18,20,25,60,86,88,93" hai3="12,15,69,70,71,74,79,80,92,95,99,100,102" /><INIT seed="0,2,1,5,2,86" ten="370,130,240,250" oya="0" hai0="30,116,72,124,33,120,67,85,34,55,2,77,51" hai1="95,74,31,92,100,131,65,38,12,80,46,68,23" hai2="135,16,40,78,27,73,60,91,63,123,119,9,64" hai3="58,126,118,75,49,102,22,56,43,112,94,52,14"/><T21/><D116/><U1/><E1/><V121/><F119/><W93/><G75/><T130/><D72/><U69/><E131/><V115/><F115/><W0/><G0/><T25/><D2/><U10/><E69/><V117/><F117/><W134/><G134/><T81/><D120/><U50/><E38/><V11/><F135/><W39/><G126/><T106/><D106/><U98/><E92/><V103/><F103/><W88/><G39/><T62/><D130/><U19/><E68/><V24/><F40/><W15/><G112/><T54/><D124/><U20/><E65/><V111/><F78/><W18/><G43/><T79/><D79/><U32/><E74/><V83/><F73/><W28/><G28/><T105/><D105/><U70/><E70/><V133/><F133/><W8/><G118/><T127/><D55/><U107/><E107/><V36/><F36/><W26/><G58/><T110/><D110/><U108/><E108/><V113/><F113/><W129/><G8/><T35/><D127/><U29/><E80/><V42/><F42/><W17/><G17/><T87/><D67/><U132/><E132/><V99/><F64/><W122/><G122/><T47/><D62/><U37/><E37/><V76/><F111/><W114/><G129/><T109/><D109/><U57/><E57/><V44/><F121/><W96/><G114/><T48/><D48/><U84/><E84/><AGARI ba="2,1" hai="14,15,18,22,26,49,52,56,84,88,93,94,96,102" machi="84" ten="30,8000,1" yaku="7,1,8,1,52,1,54,2" doraHai="86" who="3" fromWho="1" sc="370,0,130,-86,240,0,250,96" /><INIT seed="1,0,0,5,1,48" ten="370,44,240,346" oya="1" hai0="15,94,53,104,62,71,22,55,1,0,81,92,134" hai1="27,84,101,42,61,99,63,118,97,58,49,65,117" hai2="4,31,35,69,93,79,5,26,8,17,115,41,60" hai3="29,108,46,123,39,124,127,6,21,77,112,10,12"/><U128/><E128/><V116/><F41/><W50/><G112/><T106/><D81/><U23/><E99/><V18/><F79/><W78/><G39/><T82/><D82/><U33/><E33/><V7/><F93/><W114/><G108/><T32/><D32/><U66/><E84/><V56/><F69/><W129/><G123/><T43/><D43/><U64/><E42/><V102/><F102/><W51/><G51/><T36/><D15/><U19/><E49/><V9/><F56/><W13/><G114/><T47/><D22/><U59/><REACH who="1" step="1"/><E66/><REACH who="1" ten="370,34,240,346" step="2"/><V3/><F35/><W87/><G129/><T2/><D36/><U103/><E103/><V113/><F113/><W44/><G87/><T110/><D110/><U28/><E28/><V54/><F31/><W95/><G29/><T76/><D76/><U67/><E67/><V130/><F130/><W98/><G78/><T122/><D122/><U70/><E70/><V126/><F115/><W38/><G77/><T85/><D85/><U88/><E88/><V73/><F73/><W74/><G74/><T25/><D71/><U16/><E16/><V72/><F18/><N who="3" m="10439" /><G38/><T24/><D62/><U52/><E52/><N who="0" m="20041" /><D47/><U109/><E109/><V96/><F72/><W57/><G46/><T68/><D68/><U107/><AGARI ba="0,1" hai="19,23,27,58,59,61,63,64,65,97,101,107,117,118" machi="107" ten="20,12000,1" yaku="1,1,0,1,7,1,9,1,53,1" doraHai="48" doraHaiUra="20" who="1" fromWho="1" sc="370,-40,34,130,240,-40,346,-40" /><INIT seed="1,1,0,3,4,72" ten="330,164,200,306" oya="1" hai0="52,119,90,35,116,88,17,92,101,121,106,81,61" hai1="79,126,29,76,113,73,32,49,110,59,91,71,124" hai2="16,99,15,37,40,45,117,130,18,47,41,114,31" hai3="87,80,67,112,1,14,98,74,115,56,30,11,8"/><U26/><E113/><V38/><F130/><W25/><G74/><T128/><D35/><U0/><E71/><V100/><F114/><W125/><G125/><N who="1" m="48234" /><E0/><V55/><F117/><W120/><G120/><T118/><D128/><U19/><E73/><V108/><F108/><W69/><G69/><T12/><D106/><U7/><E7/><V70/><F70/><W46/><G1/><T3/><D3/><U83/><E110/><V94/><F31/><W89/><G46/><T109/><D109/><U4/><E4/><V48/><F15/><W129/><G129/><T28/><D28/><U65/><E19/><V23/><F23/><W133/><G115/><T63/><D63/><N who="1" m="38143" /><E49/><V54/><REACH who="2" step="1"/><F54/><REACH who="2" ten="330,164,190,306" step="2"/><W75/><G112/><T24/><D119/><U64/><E64/><V44/><AGARI ba="1,1" hai="16,18,37,38,40,41,44,45,47,48,55,94,99,100" machi="44" ten="20,16000,3" yaku="1,1,2,1,0,1,7,1,9,1,54,1,53,2" doraHai="72" doraHaiUra="39" who="2" fromWho="2" sc="330,-41,164,-81,190,173,306,-41" /><INIT seed="2,0,0,4,4,135" ten="289,83,363,265" oya="2" hai0="109,27,134,43,78,71,10,19,120,93,122,123,14" hai1="8,64,39,111,37,5,66,36,104,56,15,16,94" hai2="84,58,46,97,115,102,99,124,92,28,132,127,81" hai3="130,108,22,12,95,42,100,106,91,126,30,112,74"/><V38/><F115/><W11/><G108/><T83/><D71/><U133/><E104/><N who="2" m="63567" /><F28/><W117/><G130/><T18/><D109/><U23/><E111/><V68/><F58/><W33/><G74/><T59/><D134/><U65/><E133/><V24/><F24/><W20/><G42/><T29/><D43/><U113/><E113/><V6/><F6/><W96/><G117/><T72/><D93/><U53/><E94/><V76/><F132/><W62/><G112/><T77/><D77/><U63/><REACH who="1" step="1"/><E66/><REACH who="1" ten="289,73,363,265" step="2"/><V131/><F92/><W80/><G106/><T4/><REACH who="0" step="1"/><D59/><REACH who="0" ten="279,73,363,265" step="2"/><U82/><E82/><V51/><F81/><W35/><G80/><T88/><D88/><U86/><E86/><V54/><F84/><W70/><G95/><T1/><D1/><AGARI ba="0,2" hai="1,5,8,15,16,23,36,37,39,53,56,63,64,65" machi="1" ten="40,5200,0" yaku="1,1,54,1,53,1" doraHai="135" doraHaiUra="3" who="1" fromWho="0" sc="279,-52,73,72,363,0,265,0" /><INIT seed="3,0,0,5,2,131" ten="227,145,363,265" oya="3" hai0="93,0,52,55,35,61,58,71,79,90,13,124,44" hai1="113,92,31,50,6,42,78,112,40,91,110,109,60" hai2="43,9,88,68,14,82,115,72,103,70,36,33,7" hai3="24,2,64,77,107,29,34,53,133,21,89,100,108"/><W48/><G2/><T26/><D0/><U102/><E6/><V114/><F33/><W74/><G108/><N who="1" m="41578" /><E31/><V76/><F103/><W56/><G89/><T23/><D124/><U65/><E78/><V105/><F105/><W51/><G64/><T32/><D71/><N who="1" m="42407" /><E102/><V123/><F123/><W85/><G74/><T127/><D79/><U130/><E92/><V63/><F70/><W17/><G107/><T46/><D127/><U5/><E5/><V66/><F88/><W134/><G100/><T47/><D13/><U116/><E91/><V59/><F59/><W120/><G120/><T106/><D106/><U101/><E101/><V28/><F28/><W94/><G94/><T27/><D27/><U8/><E8/><V98/><F98/><W38/><G38/><T4/><D4/><U121/><E121/><V80/><F80/><W67/><G67/><N who="0" m="39351" /><D35/><U15/><E15/><V3/><F14/><W83/><G51/><T125/><D32/><U49/><E130/><V84/><F84/><W73/><G73/><T37/><D37/><U69/><E69/><V62/><F62/><W86/><G86/><N who="0" m="52439" /><D125/><U39/><E116/><V19/><F19/><AGARI ba="0,0" hai="19,23,26,44,46,47,52,55" m="52439,39351" machi="19" ten="30,2000,0" yaku="8,1,54,1" doraHai="131" who="0" fromWho="2" sc="227,20,145,0,363,-20,265,0" /><INIT seed="4,0,0,1,1,128" ten="247,145,343,265" oya="0" hai0="18,125,91,67,123,118,13,7,89,70,112,17,120" hai1="47,38,61,19,60,114,126,29,104,66,111,30,78" hai2="68,21,110,90,55,11,96,35,109,134,32,43,92" hai3="84,25,41,34,57,20,73,44,0,88,100,83,87"/><T71/><D118/><U101/><E111/><V64/><F43/><W49/><G0/><T36/><D7/><U9/><E61/><V46/><F32/><W62/><G34/><T113/><D67/><U2/><E126/><V5/><F35/><W48/><G73/><T98/><D98/><U63/><E63/><V74/><F74/><W80/><G100/><T72/><D72/><U93/><E104/><V107/><F21/><W75/><G75/><T79/><D79/><U24/><E114/><N who="0" m="44137" /><D36/><U94/><E78/><V51/><F64/><W82/><G49/><T39/><D39/><U103/><E30/><V69/><F107/><W52/><G87/><T133/><D125/><U135/><E103/><V65/><F65/><W97/><G97/><T28/><D28/><AGARI ba="0,0" hai="20,25,28,41,44,48,52,57,62,80,82,83,84,88" machi="28" ten="30,7700,0" yaku="7,1,8,1,54,2" doraHai="128" who="3" fromWho="0" sc="247,-77,145,0,343,0,265,77" /><INIT seed="5,0,0,0,4,58" ten="170,145,343,342" oya="1" hai0="38,6,117,41,90,46,84,14,111,17,10,68,97" hai1="120,82,121,56,35,109,34,11,112,30,40,2,110" hai2="102,3,9,91,62,74,21,101,44,75,127,12,26" hai3="130,55,77,63,65,71,13,18,5,94,69,128,22"/><U107/><E107/><V89/><F3/><W105/><G105/><T37/><D111/><N who="1" m="42507" /><E40/><V24/><F44/><W25/><G77/><T43/><D68/><U64/><E82/><V79/><F79/><W113/><G113/><T51/><D117/><U47/><E47/><V124/><F21/><W95/><G71/><T83/><D97/><U80/><E80/><V96/><F12/><W81/><G55/><T86/><D43/><U39/><E39/><V93/><F9/><N who="3" m="4271" /><G81/><T108/><D108/><U132/><E64/><V54/><F54/><W135/><G135/><T1/><REACH who="0" step="1"/><D86/><REACH who="0" ten="160,145,343,342" step="2"/><U28/><E56/><V76/><F96/><W100/><G100/><T72/><D72/><U78/><E132/><V104/><F75/><W119/><G119/><T103/><D103/><U106/><E106/><V125/><F104/><W129/><AGARI ba="0,1" hai="18,22,25,63,65,69,94,95,128,129,130" m="4271" machi="129" ten="30,2000,0" yaku="19,1,52,1" doraHai="58" who="3" fromWho="3" sc="160,-5,145,-10,343,-5,342,30" /><INIT seed="6,0,0,2,4,103" ten="155,135,338,372" oya="2" hai0="42,1,3,72,91,13,81,116,114,53,8,88,89" hai1="52,4,46,109,45,90,25,98,119,126,14,69,117" hai2="123,61,110,0,57,43,41,19,113,22,55,86,18" hai3="66,105,48,80,2,120,131,30,108,10,44,71,76"/><V27/><F123/><W32/><G108/><T49/><D114/><U115/><E109/><V23/><F110/><W85/><G131/><T40/><D116/><U77/><E69/><V133/><F113/><W35/><G105/><T130/><D130/><U67/><E115/><V37/><F133/><W62/><G30/><T74/><D3/><U127/><E77/><V106/><F0/><W39/><G39/><T54/><D1/><U65/><E25/><V83/><F106/><W96/><G96/><T6/><D54/><U9/><E67/><V38/><F38/><W33/><G120/><T50/><D50/><U134/><E65/><V99/><F99/><W101/><G101/><T97/><D97/><U60/><E134/><V36/><F36/><W56/><G71/><T118/><D118/><U78/><E78/><V107/><F107/><W132/><G132/><T93/><D93/><N who="1" m="56631" /><E45/><V135/><F37/><W68/><G68/><T102/><D102/><U64/><E64/><V84/><F135/><W7/><G35/><T24/><D24/><U5/><E5/><V59/><F59/><W95/><G95/><T63/><D63/><U104/><E104/><V100/><F100/><W112/><G112/><T21/><D21/><U11/><E11/><V31/><F31/><W51/><G51/><T87/><D72/><U128/><E128/><V121/><F121/><W75/><G75/><T16/><D74/><U70/><E70/><V92/><F92/><W15/><G2/><T122/><D122/><U129/><E129/><V94/><F94/><W34/><G34/><T12/><D81/><RYUUKYOKU ba="0,0" sc="155,-10,135,-10,338,-10,372,30" hai3="7,10,15,32,33,44,48,56,62,66,76,80,85" /><INIT seed="7,1,0,3,4,48" ten="145,125,328,402" oya="3" hai0="4,13,9,133,27,80,62,102,36,58,46,123,44" hai1="120,119,107,55,78,38,91,88,74,115,85,128,132" hai2="24,125,28,93,79,40,7,57,25,124,90,77,33" hai3="126,98,104,118,65,6,87,59,100,11,101,71,18"/><W37/><G118/><T14/><D123/><U26/><E120/><V19/><F7/><W42/><G71/><T131/><D102/><U39/><E107/><V89/><F40/><W60/><G126/><T97/><D97/><U10/><E119/><V35/><F124/><W75/><G75/><T23/><D36/><U50/><E74/><V31/><F19/><W56/><G56/><T86/><D133/><U5/><E78/><V41/><F41/><W127/><G127/><T81/><D14/><U16/><E91/><V105/><F105/><W67/><G67/><N who="0" m="39383" /><D131/><U68/><E68/><V130/><F90/><W84/><G18/><N who="0" m="12791" /><D80/><U64/><E64/><V20/><F20/><W95/><G101/><T34/><D34/><U114/><E128/><V43/><F43/><W76/><G104/><T106/><D106/><U129/><E129/><V29/><F29/><W61/><G42/><T15/><D13/><N who="1" m="7223" /><E5/><V83/><F83/><W8/><G6/><T45/><D45/><N who="1" m="28111" /><E26/><V1/><F1/><W54/><G100/><T3/><D3/><U51/><E51/><V69/><F69/><W0/><G0/><T121/><D121/><U49/><E49/><V112/><F130/><W134/><G37/><N who="1" m="13834" /><E132/><V109/><F125/><W66/><G134/><T47/><D47/><U82/><AGARI ba="1,0" hai="82,85,88,114,115" m="13834,28111,7223" machi="82" ten="30,7900,0" yaku="25,1,52,1,54,2" doraHai="48" who="1" fromWho="1" sc="145,-21,125,82,328,-21,402,-40" owari="124,-38.0,207,-19.0,307,11.0,362,46.0" /></mjloggm>