<mjloggm ver="2.3"><GO type="41" lobby="0"/><UN n0="%49%51%31%38%30%E7%9C%9F%E5%89%A3" n1="%E6%89%BF%E6%9C%8D%E4%BA%AD%E3%81%97%E3%81%8C%E3%81%9F%E3%81%84" n2="%E2%93%9D%53%75%70%68%78" n3="%E3%81%A1%E3%81%8B%E5%AD%90" dan="13,16,17,14" rate="1827.99,2132.95,2052.08,1925.61" sx="M,M,M,M"/><TAIKYOKU oya="0"/><INIT seed="0,0,0,3,5,114" ten="250,250,250,250" oya="0" hai0="51,15,17,28,108,131,117,104,48,34,120,106,87" hai1="53,11,78,105,20,132,27,54,97,70,93,124,43" hai2="81,67,118,100,75,49,56,1,30,111,84,113,2" hai3="33,9,94,115,50,8,60,14,69,63,39,99,109"/><T85/><D120/><U32/><E132/><V128/><F111/><W92/><G109/><T61/><D34/><U123/><E123/><V22/><F75/><W98/><G115/><T71/><D108/><U107/><E32/><V36/><F36/><W68/><G39/><T21/><D28/><U79/><E70/><V90/><F128/><W130/><G130/><T0/><D0/><U96/><E43/><V57/><F100/><W103/><G33/><T121/><D131/><U122/><E122/><V5/><F5/><W7/><G50/><T86/><D121/><U125/><E11/><V12/><F118/><W72/><G72/><T89/><D89/><U135/><E93/><V74/><F74/><W134/><G14/><T18/><D18/><U44/><E44/><V64/><F2/><W119/><G103/><T80/><D80/><U3/><E3/><V41/><F1/><W37/><G37/><T83/><D83/><U16/><E135/><V73/><F73/><W112/><G112/><T88/><D88/><U101/><E97/><V110/><F113/><W13/><G13/><T77/><D117/><U55/><REACH who="1" step="1"/><E107/><REACH who="1" ten="250,240,250,250" step="2"/><N who="0" m="41001" /><D77/><AGARI ba="0,1" hai="16,20,27,53,54,55,77,78,79,96,101,105,124,125" machi="77" ten="40,2600,0" yaku="1,1,54,1,53,0" doraHai="114" doraHaiUra="38" who="1" fromWho="0" sc="250,-26,240,36,250,0,250,0" /><INIT seed="1,0,0,2,3,3" ten="224,276,250,250" oya="1" hai0="126,29,30,28,60,22,68,13,128,87,43,47,64" hai1="115,111,42,98,84,86,17,27,95,45,5,71,49" hai2="57,2,132,1,46,65,67,93,124,135,102,113,37" hai3="96,51,23,31,63,19,33,129,34,0,78,58,48"/><U130/><E115/><V107/><F107/><W121/><G129/><T120/><D128/><U112/><E112/><V72/><F113/><W79/><G121/><T101/><D126/><U59/><E130/><V38/><F93/><W26/><G0/><N who="2" m="105" /><F57/><W20/><G96/><T82/><D120/><U118/><E71/><V40/><F102/><W50/><G34/><T119/><D101/><U32/><E118/><V6/><F72/><W21/><REACH who="3" step="1"/><G19/><REACH who="3" ten="224,276,250,240" step="2"/><T110/><D119/><U14/><E32/><V18/><F18/><W12/><G12/><T89/><D110/><U106/><E111/><V127/><F127/><W103/><G103/><T77/><D13/><U7/><E27/><V100/><F100/><W75/><G75/><T24/><REACH who="0" step="1"/><D77/><REACH who="0" ten="214,276,250,240" step="2"/><U91/><E14/><V36/><F124/><W41/><G41/><T8/><D8/><U55/><E42/><V104/><F40/><W90/><G90/><T131/><D131/><U70/><E91/><V62/><F104/><W76/><G76/><T125/><D125/><U25/><E106/><V16/><F135/><W123/><G123/><T44/><D44/><U66/><E45/><V94/><F46/><W9/><G9/><T80/><D80/><U73/><E25/><V39/><F132/><W116/><G116/><T122/><D122/><U61/><E73/><V97/><F94/><W4/><G4/><T69/><D69/><U85/><REACH who="1" step="1"/><E17/><REACH who="1" ten="214,266,250,240" step="2"/><V15/><F16/><W35/><G35/><T83/><D83/><U11/><E11/><V81/><F81/><W88/><G88/><T92/><D92/><U117/><E117/><RYUUKYOKU ba="0,3" sc="214,10,266,10,250,-30,240,10" hai0="22,24,28,29,30,43,47,60,64,68,82,87,89" hai1="5,7,49,55,59,61,66,70,84,85,86,95,98" hai3="20,21,23,26,31,33,48,50,51,58,63,78,79" /><INIT seed="1,1,3,5,4,24" ten="224,276,220,250" oya="1" hai0="122,2,34,7,112,110,32,19,80,106,46,52,69" hai1="25,107,72,126,41,53,55,5,12,16,64,87,1" hai2="37,118,58,0,104,13,14,30,109,43,33,117,127" hai3="96,95,85,105,86,83,71,59,51,11,28,89,66"/><U121/><E72/><V100/><F58/><W23/><G71/><T47/><D112/><U113/><E121/><V27/><F127/><W99/><G105/><T78/><D106/><U73/><E73/><V135/><F0/><W130/><G130/><T35/><D69/><U56/><E113/><V91/><F91/><W21/><G11/><T20/><D110/><U119/><E107/><V17/><F135/><W42/><G21/><T31/><D122/><U18/><E119/><V74/><F74/><W4/><G4/><T93/><D93/><U29/><E1/><V26/><F43/><W44/><G59/><T102/><D102/><U103/><E103/><V90/><F37/><W124/><G66/><T65/><D65/><U40/><E64/><V67/><F90/><W15/><G124/><T50/><D7/><U49/><E5/><V88/><F67/><W125/><G125/><T36/><D2/><U81/><E55/><V48/><F109/><W57/><G57/><T6/><D6/><U70/><E70/><V75/><F75/><W61/><G61/><T97/><D97/><U128/><E128/><V62/><F62/><W68/><G68/><T8/><D8/><N who="1" m="6151" /><E18/><V101/><F104/><W76/><G15/><N who="0" m="9343" /><D36/><U54/><E54/><V63/><F118/><W116/><G116/><T98/><D98/><U94/><E94/><V60/><F117/><W123/><G123/><T115/><D115/><U3/><E3/><V39/><F39/><W120/><G120/><T10/><D10/><U45/><E126/><V82/><F14/><W108/><G108/><T9/><D52/><RYUUKYOKU ba="1,3" sc="224,-10,276,-10,220,-10,250,30" hai3="23,28,42,44,51,76,83,85,86,89,95,96,99" /><INIT seed="2,2,3,2,2,48" ten="214,266,210,280" oya="2" hai0="61,2,10,104,113,18,134,96,45,81,99,129,56" hai1="92,111,31,50,83,133,120,114,40,65,24,66,26" hai2="17,46,135,93,77,95,122,105,9,97,42,55,74" hai3="15,121,116,80,78,87,98,69,36,30,82,90,23"/><V19/><F122/><W100/><G69/><T68/><D113/><U109/><E114/><V28/><F105/><W54/><G36/><T6/><D129/><U119/><E120/><V35/><F135/><W117/><G121/><T22/><D134/><U0/><E0/><V25/><F95/><W62/><G30/><T41/><D68/><U20/><E133/><V1/><F77/><W12/><G23/><T51/><D81/><U64/><E119/><V107/><F107/><W86/><G117/><T71/><D71/><U88/><E83/><V79/><F79/><W53/><G62/><T106/><D106/><U101/><E101/><V14/><F1/><W59/><G59/><T58/><D104/><U94/><E26/><V126/><F126/><W33/><G33/><T60/><D58/><U85/><REACH who="1" step="1"/><E94/><REACH who="1" ten="214,256,210,280" step="2"/><V7/><F74/><W4/><G116/><T108/><D108/><U63/><E63/><V132/><F132/><W52/><G4/><T67/><REACH who="0" step="1"/><D60/><REACH who="0" ten="204,256,210,280" step="2"/><U16/><E16/><V91/><F19/><W13/><G100/><T21/><D21/><U3/><E3/><V131/><F17/><W8/><G8/><T124/><D124/><U39/><E39/><V75/><F9/><W73/><G73/><T110/><D110/><U38/><E38/><V5/><F75/><W72/><G72/><T29/><D29/><U57/><E57/><V37/><F28/><W112/><G112/><T49/><D49/><U34/><E34/><V27/><F35/><W128/><G128/><T84/><D84/><U32/><E32/><V103/><F131/><W130/><G130/><RYUUKYOKU ba="2,5" sc="204,10,256,10,210,-30,280,10" hai0="2,6,10,18,22,41,45,51,56,61,67,96,99" hai1="20,24,31,40,50,64,65,66,85,88,92,109,111" hai3="12,13,15,52,53,54,78,80,82,86,87,90,98" /><INIT seed="3,3,5,5,2,8" ten="214,266,180,290" oya="3" hai0="75,69,135,85,48,117,109,63,36,14,10,57,114" hai1="66,102,45,73,17,127,35,47,21,129,96,5,60" hai2="64,23,51,116,18,133,98,43,0,76,80,115,107" hai3="101,93,29,83,134,81,11,38,37,54,124,113,58"/><W42/><G113/><T28/><D117/><U111/><E35/><V65/><F115/><W100/><G134/><T67/><D75/><U3/><E73/><V95/><F107/><W24/><G124/><T34/><D114/><U118/><E127/><V120/><F0/><W44/><G37/><T74/><D74/><U25/><E118/><V1/><F1/><W110/><G110/><T49/><D36/><U9/><E129/><V108/><F120/><W22/><G11/><T62/><D109/><U31/><E17/><V26/><F108/><W128/><G128/><T90/><D135/><U30/><E30/><V130/><F130/><W52/><G54/><T121/><D28/><U132/><E111/><V87/><F116/><W59/><G58/><T119/><D34/><U91/><E91/><N who="2" m="55679" /><F133/><W50/><G101/><T105/><D105/><U6/><E6/><V4/><F4/><W86/><G86/><T82/><D121/><U13/><E3/><V106/><F106/><W68/><REACH who="3" step="1"/><G68/><REACH who="3" ten="214,266,180,280" step="2"/><T55/><REACH who="0" step="1"/><D119/><REACH who="0" ten="204,266,180,280" step="2"/><U53/><E132/><V12/><F87/><W72/><G72/><T32/><D32/><U16/><E31/><V41/><F41/><W33/><G33/><T78/><D78/><U125/><E125/><V126/><F126/><W123/><G123/><T71/><D71/><U122/><E122/><V77/><F77/><W89/><G89/><T104/><D104/><U19/><E102/><V15/><F76/><W70/><G70/><T61/><D61/><U131/><E60/><V97/><F43/><W56/><G56/><T99/><D99/><AGARI ba="3,7" hai="22,24,29,38,42,44,50,52,59,81,83,93,99,100" machi="99" ten="40,7700,0" yaku="1,1,54,1,53,1" doraHai="8" doraHaiUra="39" who="3" fromWho="0" sc="204,-86,266,0,180,0,280,156" /><INIT seed="3,4,0,0,3,68" ten="118,266,180,436" oya="3" hai0="29,91,45,86,55,11,17,54,10,75,120,9,123" hai1="19,62,106,20,32,57,0,83,34,43,82,74,115" hai2="98,80,8,61,52,13,119,78,128,112,67,101,3" hai3="41,77,71,14,130,59,93,122,102,103,37,104,36"/><W84/><G122/><T1/><D75/><U90/><E106/><V38/><F128/><W105/><G71/><T25/><D1/><U40/><E0/><V72/><F112/><W6/><G130/><T107/><D107/><U116/><E115/><V118/><F3/><W64/><G105/><T4/><D4/><U95/><E34/><V100/><F38/><W56/><G104/><T111/><D17/><U51/><E32/><V39/><F39/><W50/><G59/><T96/><D96/><N who="1" m="57463" /><E74/><V114/><F114/><W89/><G77/><T18/><D18/><U2/><E2/><V69/><F98/><W48/><G50/><T70/><D70/><U131/><E116/><V49/><F119/><W27/><G27/><T79/><D79/><U124/><E124/><V125/><F125/><W109/><G103/><T66/><D66/><N who="1" m="39247" /><E51/><V81/><F81/><N who="1" m="30729" /><E131/><V15/><F118/><W132/><G102/><T24/><D111/><U5/><E5/><V87/><F72/><W133/><G109/><T33/><D45/><U44/><E44/><V65/><F65/><W12/><G6/><T22/><D123/><U94/><E94/><V135/><F101/><W92/><G93/><N who="0" m="54519" /><D120/><U30/><E30/><V108/><F100/><W121/><G121/><T97/><D97/><U26/><AGARI ba="4,0" hai="19,20,26,40,43" m="30729,39247,57463" machi="26" ten="30,1100,0" yaku="8,1" doraHai="68" who="1" fromWho="1" sc="118,-7,266,23,180,-7,436,-9" /><INIT seed="4,0,0,5,1,111" ten="111,289,173,427" oya="0" hai0="17,92,132,133,72,90,71,115,30,39,94,9,13" hai1="59,86,106,134,93,6,116,123,104,119,51,49,42" hai2="32,109,45,19,83,135,34,110,102,118,37,22,131" hai3="63,33,29,10,20,81,103,76,1,82,43,74,62"/><T38/><D71/><U5/><E59/><V75/><F102/><W16/><G103/><T105/><D105/><U87/><E93/><V44/><F131/><W31/><G43/><T121/><D121/><U96/><E96/><V117/><F135/><N who="0" m="51786" /><D72/><U26/><E134/><V11/><F11/><W40/><G40/><T78/><D78/><U108/><E42/><N who="2" m="22607" /><F22/><W79/><G31/><T85/><D30/><U70/><E26/><V24/><F19/><W8/><G10/><T80/><D115/><U12/><E12/><V15/><F15/><N who="3" m="9247" /><G82/><T14/><D14/><U64/><E108/><N who="2" m="41579" /><F24/><N who="3" m="18599" /><G79/><N who="0" m="46239" /><D94/><U35/><E104/><V56/><F83/><W47/><G47/><T107/><D107/><U23/><E106/><V55/><F45/><W28/><G28/><T88/><D90/><U0/><E35/><V98/><F34/><W53/><G53/><T69/><D69/><U57/><E70/><V46/><F32/><W126/><G81/><T127/><D127/><U54/><E123/><V65/><F75/><W89/><G76/><T48/><D48/><U113/><E51/><N who="2" m="29175" /><F98/><AGARI ba="0,0" hai="9,13,17,38,39,88,92,98" m="46239,51786" machi="98" ten="30,2900,0" yaku="20,1,54,1" doraHai="111" who="0" fromWho="2" sc="111,29,289,0,173,-29,427,0" /><INIT seed="4,1,0,4,2,14" ten="140,289,144,427" oya="0" hai0="59,84,34,44,7,65,127,22,28,1,83,73,50" hai1="100,52,109,61,122,107,16,25,21,33,38,4,32" hai2="69,118,134,74,5,41,90,121,66,24,17,63,53" hai3="96,105,13,81,113,129,58,43,2,108,117,70,106"/><T97/><D34/><U67/><E109/><V125/><F121/><W88/><G2/><T20/><D73/><U78/><E38/><V102/><F74/><W112/><G70/><T48/><D127/><U60/><E122/><V114/><F5/><W6/><G43/><N who="0" m="24607" /><D1/><U30/><E78/><V19/><F114/><N who="3" m="44139" /><G108/><T51/><D7/><U75/><E75/><V98/><F134/><W128/><G117/><T87/><D97/><U46/><E4/><V18/><F41/><W89/><G58/><T94/><D94/><U40/><E40/><V31/><F125/><W37/><G13/><T86/><D83/><U26/><E33/><V55/><F90/><W104/><G37/><T92/><D92/><U68/><E46/><V85/><F85/><N who="0" m="21762" /><T62/><DORA hai="99" /><D22/><U76/><E76/><V56/><F118/><W15/><G81/><T135/><D135/><U12/><E107/><N who="2" m="63959" /><F56/><W45/><G45/><T54/><D54/><U11/><E52/><V29/><F55/><W10/><G96/><T111/><D111/><U71/><E68/><V115/><F53/><W39/><G39/><T79/><D79/><U42/><E71/><V49/><F115/><W119/><G119/><T131/><D131/><AGARI ba="1,0" hai="6,10,15,88,89,104,105,106,128,129,131" m="44139" machi="131" ten="40,5200,0" yaku="19,1,15,1,54,1" doraHai="14,99" who="3" fromWho="0" sc="140,-55,289,0,144,0,427,55" /><INIT seed="5,0,0,0,3,123" ten="85,289,144,482" oya="1" hai0="81,5,40,89,35,114,126,75,39,77,134,79,9" hai1="32,73,115,119,133,118,7,61,71,99,42,54,38" hai2="27,100,108,65,94,62,93,92,11,3,66,105,21" hai3="84,14,49,103,125,128,20,48,41,33,85,12,131"/><U83/><E32/><V64/><F108/><W44/><G125/><T110/><D110/><U16/><E115/><V26/><F3/><W104/><G33/><T120/><D114/><U34/><E34/><V10/><F62/><W37/><G104/><T69/><D126/><U46/><E133/><V63/><F63/><W47/><G103/><T18/><D134/><U87/><E7/><V1/><F1/><W88/><G85/><T59/><D120/><U22/><E73/><V72/><F72/><W53/><G37/><T43/><D69/><U112/><E99/><V24/><F21/><W127/><G127/><T116/><D116/><U124/><E112/><V91/><F91/><W68/><G20/><T56/><D35/><U74/><E74/><V30/><F30/><W50/><G49/><T98/><D18/><U51/><E124/><V23/><F23/><W76/><G68/><T25/><D25/><N who="1" m="14535" /><E87/><V58/><F58/><N who="0" m="22058" /><D75/><U52/><E83/><V2/><F2/><W4/><G4/><T95/><D81/><U117/><E38/><V86/><F86/><W15/><REACH who="3" step="1"/><G76/><REACH who="3" ten="85,289,144,472" step="2"/><N who="0" m="29259" /><D39/><U8/><E71/><V132/><F132/><W78/><G78/><T31/><D31/><U36/><E36/><V67/><N who="2" m="16640" /><DORA hai="60" /><V107/><F100/><W135/><G135/><T82/><D82/><AGARI ba="0,1" hai="12,14,15,41,44,47,48,50,53,82,84,88,128,131" machi="82" ten="40,2600,0" yaku="1,1,54,1,53,0" doraHai="123,60" doraHaiUra="122,0" who="3" fromWho="0" sc="85,-26,289,0,144,0,472,36" /><INIT seed="6,0,0,0,1,121" ten="59,289,144,508" oya="2" hai0="49,73,78,33,89,106,120,55,129,97,21,134,113" hai1="69,101,126,24,115,133,31,82,12,54,10,114,52" hai2="58,63,93,100,0,8,95,40,79,39,42,50,38" hai3="116,1,26,66,132,87,5,16,41,130,36,81,67"/><V19/><F79/><W119/><G132/><T47/><D129/><U128/><E133/><V124/><F124/><W90/><G130/><T15/><D120/><U107/><E128/><V46/><F100/><W56/><G36/><T105/><D113/><N who="1" m="43019" /><E69/><V75/><F75/><W86/><G41/><T125/><D33/><U108/><E126/><V111/><F0/><W30/><G5/><T44/><D134/><U17/><E82/><V18/><F8/><W102/><G1/><T60/><D125/><U14/><E14/><V32/><F32/><W117/><G102/><T118/><D118/><U64/><E64/><V25/><F25/><W104/><G56/><T110/><D110/><U48/><E108/><V98/><F111/><W109/><G30/><T61/><D106/><U70/><E70/><V91/><F95/><W84/><G104/><T71/><D71/><U11/><E11/><V57/><F39/><W83/><G109/><T85/><D105/><U29/><E29/><V122/><F122/><W94/><G67/><T6/><D73/><U53/><E101/><V103/><F103/><W59/><G83/><T65/><D65/><U35/><E107/><V3/><F3/><W37/><G81/><N who="0" m="47287" /><D6/><U20/><E35/><V22/><F19/><W7/><G7/><T13/><D21/><U2/><E2/><V72/><F72/><W28/><G37/><T135/><D135/><U51/><AGARI ba="0,0" hai="10,12,17,20,24,31,48,51,52,53,54" m="43019" machi="51" ten="40,2700,0" yaku="15,1,54,1" doraHai="121" who="1" fromWho="1" sc="59,-7,289,27,144,-13,508,-7" /><INIT seed="7,0,0,0,1,123" ten="52,316,131,501" oya="3" hai0="84,47,31,70,83,85,21,127,14,53,38,95,34" hai1="33,122,49,18,65,90,104,128,63,125,103,24,27" hai2="130,78,51,92,55,67,17,109,72,0,80,9,60" hai3="50,20,43,106,87,88,44,76,11,32,118,66,108"/><W115/><G115/><T97/><D70/><U64/><E122/><V121/><F109/><W114/><G108/><T120/><D120/><U4/><E4/><V42/><F130/><W39/><G106/><T99/><D127/><U110/><E110/><V93/><F42/><W12/><G32/><T124/><D34/><U56/><E104/><V10/><F121/><W119/><G114/><T46/><D124/><U59/><E128/><V135/><F135/><W23/><G39/><T102/><D38/><U26/><E103/><V19/><F0/><W101/><G101/><T15/><D99/><U16/><E33/><V25/><F25/><W62/><G76/><T111/><D111/><U107/><E107/><V3/><F10/><W131/><G131/><T79/><D85/><U58/><E125/><V74/><F74/><W36/><G36/><T69/><D69/><U117/><E117/><V116/><F116/><W41/><G43/><T13/><REACH who="0" step="1"/><D53/><REACH who="0" ten="42,316,131,501" step="2"/><N who="1" m="31791" /><E64/><V45/><F67/><W132/><G119/><T91/><D91/><U54/><E90/><V75/><F75/><W37/><G132/><T5/><D5/><U6/><E6/><V86/><F72/><W30/><G118/><T28/><D28/><U35/><E35/><V81/><F86/><W134/><G30/><T48/><D48/><AGARI ba="0,1" hai="16,18,24,26,27,48,54,58,59,63,65" m="31791" machi="48" ten="30,2000,0" yaku="8,1,54,1" doraHai="123" who="1" fromWho="0" sc="42,-20,316,30,131,0,501,0" owari="22,-48.0,346,15.0,131,-27.0,501,60.0" /></mjloggm>