<mjloggm ver="2.3"><GO type="41" lobby="0"/><UN n0="%E3%83%9F%E3%82%BA%E3%83%8A%E3%83%A9" n1="%E6%82%B2%E9%81%8B%E3%81%AE%E6%B5%81%E6%98%9F" n2="%E3%81%B1%E3%81%A3%E3%81%9F%E3%82%93" n3="%E2%93%9D%53%75%70%68%78" dan="15,15,14,18" rate="1984.90,1994.06,1931.36,2142.50" sx="M,M,M,M"/><TAIKYOKU oya="0"/><INIT seed="0,0,0,2,5,87" ten="250,250,250,250" oya="0" hai0="125,69,113,92,62,66,82,116,46,65,50,77,36" hai1="4,80,101,0,105,54,93,6,78,44,51,12,15" hai2="89,47,119,122,11,103,7,114,109,94,72,111,127" hai3="31,19,76,70,2,133,58,41,3,117,95,98,99"/><T84/><D116/><U43/><E0/><V126/><F47/><W14/><G70/><T39/><D113/><U85/><E105/><V68/><F68/><W22/><G133/><T100/><D125/><N who="2" m="47626" /><F11/><W115/><G99/><T96/><REACH who="0" step="1"/><D65/><REACH who="0" ten="240,250,250,250" step="2"/><U75/><E75/><V52/><F72/><W34/><G115/><T32/><D32/><U18/><E43/><AGARI ba="0,1" hai="36,39,43,46,50,62,66,69,77,82,84,92,96,100" machi="43" ten="30,2900,0" yaku="1,1,7,1,53,0" doraHai="87" doraHaiUra="26" who="0" fromWho="1" sc="240,39,250,-29,250,0,250,0" /><INIT seed="0,1,0,0,5,125" ten="279,221,250,250" oya="0" hai0="127,72,106,27,121,28,64,12,65,3,91,74,6" hai1="113,13,14,126,78,57,5,33,16,134,1,99,68" hai2="19,17,48,52,90,128,58,0,18,59,34,75,110" hai3="42,84,54,51,119,15,20,39,97,70,49,24,50"/><T132/><D127/><U108/><E68/><V63/><F110/><W103/><G70/><T83/><D121/><U35/><E108/><V44/><F34/><N who="1" m="12809" /><E78/><V131/><F0/><W115/><G115/><T66/><D106/><U56/><E99/><V22/><F75/><W122/><G119/><T2/><D132/><U23/><E57/><V76/><F76/><W26/><G39/><T31/><D91/><U120/><E56/><V4/><F4/><W124/><G42/><T81/><D12/><N who="1" m="9607" /><E126/><V105/><F105/><W55/><G122/><T100/><D27/><U11/><E120/><V123/><F123/><W109/><G109/><T7/><REACH who="0" step="1"/><D66/><REACH who="0" ten="269,221,250,250" step="2"/><U69/><E69/><V80/><F90/><W117/><G124/><T82/><D82/><U30/><E113/><V43/><F80/><W96/><G117/><T114/><D114/><U101/><E101/><AGARI ba="1,1" hai="2,3,6,7,28,31,64,65,72,74,81,83,100,101" machi="101" ten="25,4800,0" yaku="1,1,22,2,53,0" doraHai="125" doraHaiUra="21" who="0" fromWho="1" sc="269,61,221,-51,250,0,250,0" /><INIT seed="0,2,0,3,2,89" ten="330,170,250,250" oya="0" hai0="12,26,99,108,24,109,27,43,98,113,114,25,130" hai1="104,33,112,2,119,126,102,60,110,20,123,70,6" hai2="107,82,105,72,7,132,44,135,85,22,56,8,87" hai3="92,28,66,124,57,97,134,84,65,17,19,81,3"/><T88/><D130/><U96/><RYUUKYOKU type="yao9" ba="2,0" sc="330,0,170,0,250,0,250,0" hai1="2,6,20,33,60,70,96,102,104,110,112,119,123,126" /><INIT seed="0,3,0,4,4,119" ten="330,170,250,250" oya="0" hai0="58,123,44,7,27,12,68,29,100,101,133,103,96" hai1="72,91,83,90,14,98,131,2,74,5,95,135,127" hai2="45,6,19,75,76,23,38,102,73,9,93,47,124" hai3="105,64,125,89,121,115,36,39,52,113,18,132,53"/><T31/><D68/><U8/><E131/><V35/><F35/><W56/><G105/><T118/><D118/><U50/><E135/><V114/><F114/><N who="3" m="43531" /><G18/><T34/><D133/><U108/><E127/><V120/><F124/><W109/><G89/><T63/><D44/><U106/><E108/><V79/><F102/><W42/><G125/><T65/><D29/><U78/><E106/><V33/><F33/><W46/><G132/><T67/><D67/><U84/><E72/><V59/><F93/><W62/><G109/><T55/><D65/><U126/><E126/><V80/><F59/><W94/><G94/><T117/><D117/><U51/><REACH who="1" step="1"/><E2/><REACH who="1" ten="330,160,250,250" step="2"/><V99/><F73/><W32/><G32/><T15/><D34/><U107/><E107/><V1/><F75/><W134/><G134/><T41/><D103/><U128/><E128/><V0/><F0/><W130/><G130/><T70/><D101/><U30/><E30/><V116/><F1/><W22/><G22/><T57/><D31/><U54/><E54/><N who="3" m="21098" /><G39/><T66/><D100/><U61/><E61/><V77/><F23/><W87/><G87/><T11/><D63/><U16/><E16/><V69/><F19/><W24/><G24/><T85/><D27/><U86/><E86/><V129/><F38/><W92/><G92/><AGARI ba="3,1" hai="5,8,14,50,51,74,78,83,84,90,91,92,95,98" machi="92" ten="30,2000,0" yaku="1,1,7,1,53,0" doraHai="119" doraHaiUra="112" who="1" fromWho="3" sc="330,0,160,39,250,0,250,-29" /><INIT seed="1,0,0,0,1,9" ten="330,199,250,221" oya="1" hai0="27,105,4,16,95,50,28,47,135,43,30,88,83" hai1="119,32,29,19,130,78,20,53,60,125,34,86,66" hai2="22,41,39,70,109,56,111,63,23,122,12,25,123" hai3="80,35,26,38,42,110,75,5,103,73,46,87,68"/><U18/><E119/><V76/><F70/><W72/><G110/><N who="2" m="41993" /><F76/><W133/><G133/><T77/><D105/><U84/><E125/><V106/><F106/><W96/><G68/><T7/><D135/><U85/><E130/><V98/><F98/><W90/><G5/><T52/><D43/><U131/><E131/><V82/><F82/><W44/><G44/><T10/><D7/><U24/><E78/><V97/><F97/><W99/><REACH who="3" step="1"/><G103/><REACH who="3" ten="330,199,250,211" step="2"/><T113/><D4/><U102/><E102/><V62/><F123/><W33/><G33/><T129/><D129/><U74/><E34/><V57/><F122/><W107/><G107/><T49/><D47/><U91/><E32/><V36/><F56/><W120/><G120/><T59/><D59/><N who="1" m="34927" /><E74/><V127/><F57/><W121/><G121/><T45/><D45/><U108/><E108/><V54/><F127/><W31/><AGARI ba="0,1" hai="26,31,35,38,42,46,72,73,75,80,87,90,96,99" machi="31" ten="40,5200,0" yaku="1,1,0,1,53,1" doraHai="9" doraHaiUra="81" who="3" fromWho="3" sc="330,-13,199,-26,250,-13,211,62" /><INIT seed="2,0,0,1,2,72" ten="317,173,237,273" oya="2" hai0="117,8,96,85,14,89,105,10,108,83,21,4,25" hai1="75,18,53,127,78,54,33,107,125,39,132,59,31" hai2="1,56,57,129,70,99,16,111,101,22,49,41,17" hai3="40,112,134,71,32,42,67,2,97,15,60,86,74"/><V13/><F70/><W135/><G74/><T110/><D117/><U19/><E39/><V46/><F1/><W30/><G2/><T123/><D123/><U114/><E114/><V93/><F129/><W79/><G15/><T5/><D105/><U92/><E107/><V95/><F95/><W128/><G128/><T7/><D96/><U84/><E75/><V3/><F3/><W87/><G112/><T116/><D116/><U77/><E132/><N who="3" m="50730" /><G97/><T29/><REACH who="0" step="1"/><D10/><REACH who="0" ten="307,173,237,273" step="2"/><U6/><E125/><V82/><F111/><AGARI ba="0,1" hai="4,5,7,8,14,21,25,29,83,85,89,108,110,111" machi="111" ten="40,8000,1" yaku="1,1,2,1,14,1,53,1" doraHai="72" doraHaiUra="23" who="0" fromWho="2" sc="307,90,173,0,237,-80,273,0" /><INIT seed="3,0,0,2,2,128" ten="397,173,157,273" oya="3" hai0="111,49,21,26,27,10,87,38,34,82,89,75,69" hai1="3,77,95,103,124,102,108,121,126,45,53,35,43" hai2="57,13,101,48,42,17,129,40,28,56,51,52,1" hai3="133,14,33,92,37,54,132,23,104,0,25,110,109"/><W79/><G104/><T2/><D38/><U64/><E121/><V73/><F73/><W11/><G37/><T72/><D69/><U85/><E3/><V32/><F129/><W84/><G54/><T130/><D130/><U90/><E35/><V8/><F1/><W123/><G79/><T9/><D111/><N who="3" m="42505" /><G92/><T134/><D75/><U7/><E108/><V31/><F101/><W59/><G59/><T50/><D2/><U135/><E77/><V68/><F68/><W86/><G123/><T94/><D34/><U19/><E7/><V67/><F32/><W107/><G107/><T6/><D6/><U76/><E76/><V46/><REACH who="2" step="1"/><F40/><REACH who="2" ten="397,173,147,273" step="2"/><W118/><G33/><T66/><D72/><U22/><E43/><V29/><F29/><N who="3" m="17599" /><G0/><T98/><D66/><U41/><E103/><V18/><F18/><N who="3" m="8543" /><G118/><T71/><D71/><U30/><E102/><V58/><F58/><W113/><G113/><T122/><D122/><U120/><E120/><V81/><F81/><W106/><G106/><T16/><D82/><U36/><E41/><V97/><F97/><W74/><G74/><T115/><D98/><U65/><E85/><AGARI ba="0,1" hai="84,85,86,132,133" m="8543,17599,42505" machi="85" ten="30,11600,0" yaku="14,1,10,1,52,2" doraHai="128" who="3" fromWho="1" sc="397,0,173,-116,147,0,273,126" /><INIT seed="3,1,0,4,0,63" ten="397,57,147,399" oya="3" hai0="19,79,60,14,113,78,125,11,25,71,111,20,82" hai1="126,90,110,72,98,80,105,70,114,118,21,69,108" hai2="59,66,106,24,93,88,99,57,18,64,54,74,45" hai3="40,61,92,94,48,123,22,109,122,55,30,67,12"/><W131/><G131/><T17/><D125/><U124/><E118/><V81/><F45/><W117/><G117/><T102/><D111/><N who="1" m="42539" /><E21/><N who="2" m="13367" /><F106/><W35/><G35/><T107/><D113/><U101/><E69/><V65/><F74/><W100/><G40/><T10/><D107/><U37/><E70/><V8/><F8/><W75/><G75/><T97/><D11/><U132/><E37/><V33/><F33/><W29/><G109/><T85/><D79/><N who="1" m="44135" /><E132/><V134/><F134/><W84/><G123/><T36/><D36/><U129/><E129/><V56/><F81/><W83/><G122/><T76/><D78/><U23/><E23/><V121/><F121/><W0/><G30/><T51/><D71/><U49/><E49/><AGARI ba="1,0" hai="49,54,56,57,59,64,65,66,88,93,99" m="13367" machi="49" ten="30,8000,1" yaku="8,1,52,3,54,1" doraHai="63" who="2" fromWho="1" sc="397,0,57,-83,147,83,399,0" owari="397,20.0,-26,-53.0,230,-17.0,399,50.0" /></mjloggm>