<mjloggm ver="2.3"><GO type="41" lobby="0"/><UN n0="%E3%82%B8%E3%83%A5%E3%83%B3%E3%81%AB%E3%82%83%E3%82%93%E6%A7%98%E3%81%82" n1="%E2%93%9D%53%75%70%68%78" n2="%E4%BB%A4%E5%92%8C%33%E5%B9%B4" n3="%E3%83%9D%E3%83%BC%E3%82%B8%E3%83%BC" dan="13,18,14,14" rate="1885.38,2169.70,1835.41,1888.04" sx="M,M,M,M"/><TAIKYOKU oya="0"/><INIT seed="0,0,0,3,4,26" ten="250,250,250,250" oya="0" hai0="84,37,76,33,56,22,123,49,48,14,125,102,41" hai1="69,11,13,31,95,78,98,55,109,35,97,82,91" hai2="89,1,70,8,36,134,127,101,94,39,129,73,113" hai3="24,72,108,7,32,47,2,25,28,65,21,83,46"/><T106/><D123/><U75/><E109/><V92/><F73/><W71/><G108/><T34/><D125/><U126/><E126/><V0/><F113/><W58/><G71/><T30/><D37/><U74/><E69/><V44/><F127/><W90/><G2/><T122/><D122/><U103/><E55/><V64/><F134/><W124/><G124/><T19/><D102/><U9/><E75/><V45/><F129/><W119/><G7/><T54/><D106/><U117/><E117/><V120/><F120/><W87/><G119/><T85/><D76/><U29/><E35/><V60/><F94/><W135/><G72/><T130/><D130/><U99/><E11/><V112/><F101/><W43/><G43/><T40/><D34/><U6/><REACH who="1" step="1"/><E99/><REACH who="1" ten="250,240,250,250" step="2"/><V133/><F8/><W57/><G135/><T62/><D41/><U121/><E121/><V50/><F133/><W23/><G32/><T131/><D131/><U61/><E61/><V63/><F63/><W81/><G65/><T88/><D40/><U118/><E118/><V5/><F60/><W132/><G132/><T53/><D85/><U93/><AGARI ba="0,1" hai="6,9,13,29,31,74,78,82,91,93,95,97,98,103" machi="93" ten="20,12000,2" yaku="1,1,0,1,7,1,52,2,53,1" doraHai="26" doraHaiUra="10" who="1" fromWho="1" sc="250,-60,240,130,250,-30,250,-30" /><INIT seed="1,0,0,0,1,128" ten="190,370,220,220" oya="1" hai0="113,96,40,1,66,77,67,98,104,12,55,78,99" hai1="53,81,122,85,106,36,110,102,90,32,76,73,22" hai2="5,30,72,7,48,57,46,95,109,34,134,86,87" hai3="44,25,63,114,2,17,105,37,130,62,31,68,92"/><U107/><E32/><V26/><F72/><W54/><G130/><T51/><D113/><U41/><E53/><V125/><F125/><W13/><G105/><T97/><D1/><U79/><E41/><V75/><F75/><W127/><G2/><T28/><D40/><U49/><E49/><V11/><F109/><W124/><G114/><T4/><D28/><U132/><E22/><V103/><F57/><W3/><G3/><T129/><D129/><U131/><E36/><V58/><F58/><W133/><G133/><T6/><D104/><N who="1" m="39979" /><E122/><V101/><F134/><W39/><G92/><T118/><D118/><U64/><E64/><V74/><F74/><W135/><G135/><T23/><N who="0" m="24576" /><DORA hai="117" /><T61/><D6/><U71/><E71/><V121/><F7/><W56/><G68/><T120/><D120/><U9/><E9/><V82/><F121/><W8/><G62/><T10/><D23/><U21/><E21/><V70/><F70/><W60/><G60/><T33/><D33/><U69/><E69/><V29/><F29/><W35/><REACH who="3" step="1"/><G44/><REACH who="3" ten="190,370,220,210" step="2"/><N who="0" m="28135" /><D61/><U84/><E132/><V19/><F95/><W15/><G15/><T38/><D38/><AGARI ba="0,1" hai="8,13,17,25,31,35,37,38,39,54,56,63,124,127" machi="38" ten="40,2600,0" yaku="1,1,53,1" doraHai="128,117" doraHaiUra="20,108" who="3" fromWho="0" sc="190,-26,370,0,220,0,210,36" /><INIT seed="2,0,0,2,3,56" ten="164,370,220,246" oya="2" hai0="105,117,69,18,104,60,44,0,119,71,29,2,88" hai1="122,107,15,30,11,129,10,134,113,50,52,19,92" hai2="85,58,66,81,120,116,20,121,103,86,72,130,35" hai3="61,80,39,110,21,125,28,25,114,123,57,75,124"/><V70/><F70/><N who="0" m="26634" /><D29/><U89/><E129/><V13/><F35/><W99/><G123/><T22/><D44/><U55/><E134/><V65/><F72/><W37/><G114/><T23/><D88/><U115/><E107/><N who="0" m="41033" /><D18/><U111/><E111/><V79/><F103/><W34/><G110/><T14/><D14/><U4/><E122/><V68/><F130/><W131/><G131/><T63/><D23/><U16/><E30/><V126/><F68/><W108/><G108/><T5/><D22/><U51/><E89/><V91/><F126/><N who="3" m="48747" /><G34/><T6/><D5/><U83/><E4/><V82/><F116/><N who="0" m="44618" /><D6/><U96/><E15/><V53/><F121/><W36/><G99/><T94/><D94/><U17/><E92/><V48/><F120/><W76/><G37/><T101/><D101/><U118/><E118/><V49/><F48/><W100/><G100/><T73/><D73/><U46/><E96/><V106/><F106/><W38/><G38/><T87/><D87/><U47/><E19/><AGARI ba="0,0" hai="13,19,20,49,53,58,65,66,79,81,82,85,86,91" machi="19" ten="40,2000,0" yaku="8,1" doraHai="56" who="2" fromWho="1" sc="164,0,370,-20,220,20,246,0" /><INIT seed="2,1,0,1,0,51" ten="164,350,240,246" oya="2" hai0="21,131,75,37,67,104,80,47,17,92,107,84,97" hai1="7,43,83,10,44,20,68,116,52,35,69,119,48" hai2="63,53,111,127,121,134,6,124,71,115,36,102,14" hai3="30,62,11,22,8,95,99,0,73,65,113,117,105"/><V1/><F102/><W86/><G117/><T61/><D131/><U118/><E35/><V89/><F121/><W64/><G73/><T54/><D75/><U19/><E83/><V96/><F115/><W33/><G113/><T26/><D37/><U31/><E31/><V109/><F36/><W2/><G33/><T38/><D38/><U4/><E43/><V120/><F1/><W93/><G105/><T100/><D67/><U24/><REACH who="1" step="1"/><E7/><REACH who="1" ten="164,340,240,246" step="2"/><V129/><F120/><W87/><G30/><T13/><D26/><U74/><E74/><V60/><F129/><W18/><G0/><AGARI ba="1,1" hai="0,4,10,19,20,24,44,48,52,68,69,116,118,119" machi="0" ten="40,8000,1" yaku="1,1,52,1,54,1,53,1" doraHai="51" doraHaiUra="40" who="1" fromWho="3" sc="164,0,340,93,240,0,246,-83" /><INIT seed="3,0,0,2,4,113" ten="164,433,240,163" oya="3" hai0="83,3,114,65,28,25,39,1,122,125,103,5,12" hai1="29,135,64,61,128,68,75,63,126,107,108,73,72" hai2="37,38,92,90,20,116,17,133,115,78,118,18,88" hai3="123,86,26,36,70,23,69,89,85,117,43,33,80"/><W66/><G123/><T35/><D39/><U98/><E128/><V0/><F0/><N who="0" m="74" /><D83/><U109/><E135/><V87/><F133/><W102/><G33/><T4/><D65/><N who="1" m="41007" /><E29/><V49/><F115/><W51/><G36/><T57/><D57/><U74/><E74/><V31/><F78/><W97/><G66/><T41/><D41/><U46/><E126/><V71/><F71/><W131/><G131/><T6/><D103/><N who="1" m="62967" /><E46/><V127/><F127/><W91/><G117/><T22/><D114/><U54/><E54/><V67/><F67/><W100/><G69/><AGARI ba="0,0" hai="63,64,69,72,73,75,108,109" m="62967,41007" machi="69" ten="30,1000,0" yaku="23,1" doraHai="113" who="1" fromWho="3" sc="164,0,433,10,240,0,163,-10" /><INIT seed="4,0,0,1,2,76" ten="164,443,240,153" oya="0" hai0="16,19,73,103,88,11,50,27,111,32,3,30,44" hai1="7,115,84,10,94,112,13,92,101,97,75,119,99" hai2="69,120,66,95,134,90,56,62,123,63,55,51,40" hai3="80,64,133,47,31,45,1,46,60,5,6,124,104"/><T20/><D73/><U35/><E119/><V72/><F72/><W130/><G133/><T57/><D111/><U93/><E35/><V87/><F134/><W118/><G130/><T102/><D57/><U108/><E108/><V81/><F95/><W22/><G124/><T74/><D74/><U21/><E75/><V24/><F24/><W4/><G118/><T53/><D19/><U83/><E21/><V41/><REACH who="2" step="1"/><F63/><REACH who="2" ten="164,443,230,153" step="2"/><W14/><G104/><T42/><D42/><AGARI ba="0,1" hai="40,41,42,51,55,56,62,66,69,81,87,90,120,123" machi="42" ten="40,5200,0" yaku="1,1,2,1,52,1,53,0" doraHai="76" doraHaiUra="96" who="2" fromWho="0" sc="164,-52,443,0,230,62,153,0" /><INIT seed="5,0,0,1,3,108" ten="112,443,292,153" oya="1" hai0="112,85,42,40,36,93,119,121,45,120,68,52,30" hai1="27,131,5,126,55,91,65,101,17,105,35,118,7" hai2="100,10,107,38,9,43,89,130,111,18,104,37,32" hai3="25,34,84,49,97,13,81,94,3,6,72,135,23"/><U56/><E126/><V127/><F111/><W24/><G135/><T51/><D93/><U114/><E131/><V26/><F127/><W58/><G72/><T74/><D85/><U70/><E65/><V103/><F130/><W48/><G34/><T0/><D74/><U106/><E106/><V69/><F89/><W19/><G3/><T16/><D16/><U79/><E118/><V54/><F54/><W129/><G129/><T80/><D80/><U12/><E70/><V31/><F69/><W62/><G6/><T61/><D30/><U67/><E67/><V122/><F122/><N who="0" m="47210" /><D0/><U33/><E17/><V47/><F38/><W92/><G92/><T77/><D77/><U60/><E7/><V102/><REACH who="2" step="1"/><F18/><REACH who="2" ten="112,443,282,153" step="2"/><W116/><G116/><T133/><D133/><U64/><E91/><V110/><F110/><W59/><G19/><T83/><D119/><U115/><E64/><V4/><F4/><W50/><G62/><T113/><D83/><U14/><E60/><V15/><F15/><W44/><G13/><T109/><D109/><U2/><E14/><V95/><F95/><W28/><G94/><T86/><D86/><U46/><E12/><V99/><F99/><W78/><G97/><T39/><D39/><U11/><E5/><V96/><F96/><W98/><G98/><T128/><D128/><U132/><E132/><V123/><F123/><W53/><G24/><T75/><D75/><U21/><E27/><V41/><F41/><N who="0" m="15978" /><D36/><U90/><E90/><V63/><F63/><W87/><G87/><T88/><D88/><U82/><E82/><V29/><F29/><RYUUKYOKU ba="0,1" sc="112,10,443,-30,282,10,153,10" hai0="45,51,52,61,68,112,113" hai2="9,10,26,31,32,37,43,47,100,102,103,104,107" hai3="23,25,28,44,48,49,50,53,58,59,78,81,84" /><INIT seed="6,1,1,0,5,77" ten="122,413,292,163" oya="2" hai0="70,11,108,78,2,51,10,135,125,13,88,113,71" hai1="84,19,127,24,33,28,123,18,92,50,22,49,52" hai2="132,128,8,85,89,0,104,59,72,32,21,48,96" hai3="42,111,133,97,35,45,116,101,67,60,65,87,93"/><V12/><F32/><W82/><G116/><T100/><D108/><U83/><E127/><V122/><F72/><W62/><G133/><T119/><D135/><U121/><E92/><V76/><F122/><N who="1" m="46601" /><E33/><V68/><F68/><W41/><G111/><T9/><D125/><U16/><E52/><V81/><F132/><W31/><G31/><T90/><D113/><U112/><E112/><V47/><F128/><W73/><G73/><T36/><D119/><U46/><E46/><V53/><F0/><W107/><G35/><T106/><D2/><U54/><E54/><V23/><F76/><AGARI ba="1,1" hai="16,18,19,22,24,28,49,50,76,83,84" m="46601" machi="76" ten="30,3900,0" yaku="13,1,52,1,54,1" doraHai="77" who="1" fromWho="2" sc="122,0,413,52,292,-42,163,0" /><INIT seed="7,0,0,2,1,130" ten="122,465,250,163" oya="3" hai0="106,67,63,23,37,128,104,55,119,116,33,34,39" hai1="25,135,49,79,77,11,105,97,42,131,91,87,59" hai2="66,6,44,60,19,100,35,127,40,115,52,122,84" hai3="129,28,48,83,22,13,123,3,108,86,45,9,31"/><W102/><G123/><T29/><D128/><U50/><E79/><V36/><F127/><W56/><G129/><T94/><D94/><U101/><E77/><V61/><F122/><W85/><G108/><T16/><D55/><U99/><E42/><V118/><F118/><W57/><G3/><T73/><D73/><U109/><E105/><V20/><F115/><W113/><G113/><T43/><D43/><U70/><E99/><V5/><F100/><W117/><G117/><T53/><D53/><U54/><E25/><V62/><F35/><W124/><G124/><T32/><D29/><N who="3" m="11337" /><G102/><T8/><D8/><U93/><E11/><V103/><F103/><W107/><G22/><T14/><D119/><U15/><E101/><V96/><F96/><W47/><G107/><T82/><D82/><U51/><E97/><V76/><F66/><W30/><G30/><T88/><D88/><U46/><E91/><V41/><F36/><W92/><G92/><T120/><D120/><U24/><E93/><V90/><F76/><N who="3" m="46311" /><G86/><T110/><D110/><U114/><E87/><V2/><F2/><W111/><G111/><T69/><REACH who="0" step="1"/><D116/><REACH who="0" ten="112,465,250,163" step="2"/><U0/><E109/><V81/><F41/><N who="3" m="24623" /><G47/><T80/><D80/><U10/><E46/><V1/><F40/><W78/><G78/><T71/><D71/><U98/><E70/><V7/><F44/><W21/><G9/><T133/><D133/><U75/><E135/><V65/><F65/><W126/><G126/><T4/><D4/><U132/><E132/><V27/><F1/><W12/><G21/><T72/><D72/><U26/><E75/><RYUUKYOKU ba="0,1" sc="112,10,465,-30,250,10,163,10" hai0="14,16,23,32,33,34,37,39,63,67,69,104,106" hai2="5,6,7,19,20,27,52,60,61,62,81,84,90" hai3="12,13,56,57" /><INIT seed="7,1,1,0,0,66" ten="122,435,260,173" oya="3" hai0="42,121,16,93,89,123,36,0,118,14,62,28,107" hai1="44,51,65,19,22,40,12,47,133,21,109,105,69" hai2="35,131,132,79,54,10,9,116,104,39,96,80,20" hai3="73,122,111,31,2,110,56,41,55,18,45,76,29"/><W64/><G122/><T58/><D118/><U117/><E109/><N who="3" m="41482" /><G2/><T113/><D107/><U97/><E133/><V33/><F132/><W103/><G64/><T6/><D28/><U128/><E128/><V112/><F131/><W34/><G103/><T61/><D6/><U98/><E69/><V84/><F116/><W25/><G18/><T77/><D0/><U48/><E105/><V49/><F112/><W86/><G73/><T52/><D77/><U106/><E106/><V4/><F39/><N who="3" m="21695" /><G31/><T108/><D108/><U92/><E65/><V26/><F104/><W100/><G100/><T37/><D113/><U81/><E117/><V130/><F96/><W74/><G74/><T135/><D62/><U38/><E98/><V11/><F130/><W88/><G76/><T72/><D72/><U119/><E19/><V8/><F4/><W78/><G78/><T27/><D27/><U30/><E30/><V63/><F63/><W23/><G34/><T102/><D102/><U68/><E119/><V82/><F33/><W114/><G114/><T87/><D135/><U46/><E97/><V60/><F60/><W50/><G86/><T7/><D7/><U129/><E129/><V126/><F35/><W91/><AGARI ba="1,1" hai="23,25,29,50,55,56,88,91" m="21695,41482" machi="91" ten="30,3000,0" yaku="10,1,54,1" doraHai="66" who="3" fromWho="3" sc="122,-11,435,-11,260,-11,173,43" /><INIT seed="7,2,0,1,4,2" ten="111,424,249,216" oya="3" hai0="12,42,47,69,25,123,93,94,66,124,84,73,37" hai1="23,77,71,63,18,30,119,104,24,49,110,134,29" hai2="129,43,132,41,88,96,81,101,130,53,74,60,114" hai3="91,35,11,109,65,10,126,75,0,125,90,87,78"/><W102/><G35/><T36/><D123/><U135/><E110/><V85/><F74/><W83/><G109/><T45/><D124/><N who="3" m="47721" /><G65/><T116/><D116/><U112/><E112/><V100/><F114/><W31/><G31/><T67/><D73/><U113/><E104/><V19/><F132/><N who="1" m="50729" /><E113/><V82/><F82/><N who="3" m="45407" /><G0/><T7/><D25/><U21/><E77/><V122/><F122/><W70/><G70/><T54/><D69/><U86/><E119/><V48/><F60/><W131/><G131/><N who="2" m="50185" /><F19/><W58/><G58/><T120/><D120/><U15/><E30/><V5/><F5/><W13/><G102/><N who="2" m="39529" /><F96/><W127/><N who="3" m="47729" /><W22/><DORA hai="115" /><G90/><T95/><D84/><U97/><E86/><V68/><F68/><W107/><G107/><T106/><D106/><U111/><E111/><V6/><F6/><W50/><G50/><T51/><REACH who="0" step="1"/><D37/><REACH who="0" ten="101,424,249,216" step="2"/><U103/><E71/><V28/><F28/><W9/><G22/><T64/><D64/><U61/><E23/><V108/><F108/><W89/><G87/><T34/><D34/><U40/><E29/><V20/><F20/><W46/><G9/><AGARI ba="2,1" hai="7,9,12,36,42,45,47,51,54,66,67,93,94,95" machi="9" ten="40,5200,0" yaku="1,1,52,1,53,1" doraHai="2,115" doraHaiUra="57,3" who="0" fromWho="3" sc="101,68,424,0,249,0,216,-58" owari="169,-23.0,424,52.0,249,5.0,158,-34.0" /></mjloggm>