<mjloggm ver="2.3"><GO type="41" lobby="0"/><UN n0="%E3%81%9F%E3%82%8D%E3%81%99%E3%81%91%36" n1="%E2%93%9D%53%75%70%68%78" n2="%E3%81%8A%E3%82%93%E3%81%A5%E3%81%8B" n3="%E9%9B%AA%E4%B8%B8" dan="13,18,15,14" rate="1857.63,2119.26,1967.66,1942.80" sx="M,M,M,M"/><TAIKYOKU oya="0"/><INIT seed="0,0,0,1,4,52" ten="250,250,250,250" oya="0" hai0="113,82,92,11,48,131,94,6,50,68,111,105,18" hai1="65,42,23,85,51,88,60,134,83,90,39,44,58" hai2="87,32,86,104,128,72,129,7,106,108,109,132,117" hai3="53,95,118,20,4,62,63,110,135,98,0,70,15"/><T126/><D113/><U27/><E134/><V124/><F32/><W121/><G118/><T9/><D105/><N who="2" m="40554" /><F7/><W116/><G0/><T120/><D120/><U29/><REACH who="1" step="1"/><E39/><REACH who="1" ten="250,240,250,250" step="2"/><V64/><F132/><W56/><G135/><T80/><D126/><U125/><E125/><V3/><F124/><W99/><G116/><T33/><D131/><U91/><AGARI ba="0,1" hai="23,27,29,42,44,51,58,60,65,83,85,88,90,91" machi="91" ten="20,12000,2" yaku="1,1,0,1,7,1,8,1,52,1,54,1,53,0" doraHai="52" doraHaiUra="127" who="1" fromWho="1" sc="250,-60,240,130,250,-30,250,-30" /><INIT seed="1,0,0,1,0,115" ten="190,370,220,220" oya="1" hai0="53,132,4,114,88,87,86,38,30,36,50,19,49" hai1="13,45,113,52,8,58,112,6,41,59,130,21,20" hai2="98,33,135,105,82,101,91,57,109,117,70,66,31" hai3="124,81,5,67,23,116,80,44,103,94,134,55,107"/><U84/><E59/><V126/><F117/><W96/><G134/><T106/><D114/><U63/><E130/><V47/><F47/><W46/><G124/><T75/><D75/><U17/><E21/><V121/><F57/><W89/><G5/><T99/><D132/><U122/><E84/><V16/><F135/><W65/><G116/><T104/><D30/><U29/><E29/><V0/><F0/><W110/><G110/><T11/><D19/><U100/><E100/><V76/><F91/><W102/><G102/><T74/><D74/><U73/><E73/><V3/><F3/><W93/><G107/><T10/><D4/><U22/><E22/><V39/><F39/><W64/><G23/><T77/><D53/><U129/><E122/><V7/><F7/><W42/><G55/><T14/><D14/><U92/><E92/><V12/><F126/><W133/><G133/><T2/><D77/><U56/><E56/><V43/><F43/><W111/><G111/><T62/><D62/><U28/><E28/><V72/><F109/><W119/><G119/><T18/><D18/><U118/><E129/><V83/><F83/><N who="3" m="31819" /><G42/><T37/><D99/><AGARI ba="0,0" hai="44,46,64,65,67,89,93,94,96,99,103" m="31819" machi="99" ten="30,1000,0" yaku="8,1" doraHai="115" who="3" fromWho="0" sc="190,-10,370,0,220,0,220,10" /><INIT seed="2,0,0,4,3,134" ten="180,370,220,230" oya="2" hai0="1,106,49,76,75,74,33,55,70,104,65,47,34" hai1="78,3,42,123,82,94,132,32,133,57,22,13,72" hai2="9,36,37,85,116,41,60,114,21,14,38,7,45" hai3="119,95,107,53,131,15,17,112,71,67,86,66,126"/><V99/><F116/><W18/><G107/><N who="0" m="41003" /><D76/><U129/><E129/><V63/><F99/><W84/><G119/><T25/><D55/><U124/><E3/><V111/><F114/><W121/><G121/><T135/><D49/><U120/><E32/><N who="0" m="12393" /><D25/><U52/><E42/><V68/><F85/><W50/><G86/><T16/><D16/><N who="1" m="10511" /><E124/><V113/><F113/><W6/><G131/><T109/><D47/><U62/><E94/><V44/><F111/><W39/><G126/><T117/><D135/><AGARI ba="0,0" hai="52,57,62,72,78,82,120,123,132,133,135" m="10511" machi="135" ten="30,3900,0" yaku="20,1,54,2" doraHai="134" who="1" fromWho="0" sc="180,-39,370,39,220,0,230,0" /><INIT seed="3,0,0,1,5,89" ten="141,409,220,230" oya="3" hai0="97,123,8,11,92,122,12,72,48,117,76,93,81" hai1="102,121,134,61,83,129,132,18,45,118,16,37,4" hai2="34,52,115,66,46,24,111,42,120,19,60,99,84" hai3="80,124,41,95,114,14,23,109,13,36,86,85,22"/><W62/><G114/><T70/><D70/><U107/><E129/><V25/><F115/><W68/><G124/><T100/><D117/><U54/><E121/><V91/><F99/><W82/><G36/><T103/><D123/><U17/><E4/><V20/><F111/><W21/><G41/><T75/><D75/><U113/><E113/><V112/><F112/><W35/><G35/><T63/><D122/><U0/><E0/><V40/><F40/><W56/><G68/><T130/><D130/><U78/><E102/><V28/><F120/><W49/><G49/><T53/><D63/><U94/><E94/><V74/><F74/><W88/><G109/><T32/><D32/><U33/><E107/><V44/><F42/><W47/><G47/><T128/><D128/><U106/><E106/><V131/><F131/><W108/><G108/><T98/><REACH who="0" step="1"/><D12/><REACH who="0" ten="131,409,220,230" step="2"/><N who="3" m="4713" /><G86/><T30/><D30/><U105/><E33/><V87/><F87/><W133/><G133/><T5/><D5/><U69/><E134/><V125/><F125/><W7/><G7/><T71/><D71/><U15/><E69/><V135/><F135/><W9/><G9/><T79/><D79/><U101/><E78/><V116/><F116/><W1/><G1/><T27/><D27/><U29/><E132/><V39/><F39/><W96/><G85/><T10/><D10/><U2/><E37/><V58/><REACH who="2" step="1"/><F66/><AGARI ba="0,1" hai="21,22,23,56,62,66,80,82,88,95,96" m="4713" machi="66" ten="30,5800,0" yaku="8,1,52,1,54,1" doraHai="89" who="3" fromWho="2" sc="131,0,409,0,220,-58,230,68" /><INIT seed="3,1,0,4,3,62" ten="131,409,162,298" oya="3" hai0="35,95,75,80,104,123,17,66,79,10,47,60,118" hai1="42,87,108,84,105,1,111,110,126,31,85,128,92" hai2="59,28,113,52,13,3,69,88,131,2,36,61,15" hai3="106,16,14,43,76,112,71,54,57,107,37,93,89"/><W86/><G71/><T109/><D118/><U30/><E105/><V53/><F36/><W0/><G0/><T135/><D123/><U45/><E128/><V46/><F131/><W97/><G112/><T25/><D104/><U51/><E1/><V7/><F3/><W4/><G4/><T82/><D135/><U78/><E126/><V115/><F28/><N who="1" m="10793" /><E92/><V38/><F2/><W129/><G129/><T70/><D109/><U98/><E98/><V72/><F72/><W124/><G124/><T22/><D82/><AGARI ba="1,0" hai="42,45,51,78,82,84,85,87,108,110,111" m="10793" machi="82" ten="40,1300,0" yaku="14,1" doraHai="62" who="1" fromWho="0" sc="131,-16,409,16,162,0,298,0" /><INIT seed="4,0,0,5,4,64" ten="115,425,162,298" oya="0" hai0="108,39,127,125,130,33,57,52,1,49,120,61,83" hai1="24,17,46,110,118,14,95,75,74,126,69,6,122" hai2="43,128,59,82,25,15,91,11,117,63,89,0,106" hai3="20,111,32,40,45,54,107,23,121,68,66,26,58"/><T47/><D120/><U99/><E110/><V56/><F117/><W90/><G107/><T65/><D1/><U114/><E114/><V35/><F0/><W133/><G111/><T50/><D33/><U60/><E126/><N who="0" m="48137" /><D83/><U70/><E6/><V79/><F43/><W97/><G121/><T71/><D130/><U104/><E75/><V19/><F106/><W115/><G115/><T55/><D108/><U13/><E74/><V18/><F59/><W80/><G32/><T112/><D112/><U124/><E118/><V37/><F37/><AGARI ba="0,0" hai="37,39,47,49,50,52,55,57,61,65,71" m="48137" machi="37" ten="30,12000,1" yaku="18,1,34,2,52,1,54,1" doraHai="64" who="0" fromWho="2" sc="115,120,425,0,162,-120,298,0" /><INIT seed="4,1,0,4,4,122" ten="235,425,42,298" oya="0" hai0="101,19,17,63,12,117,56,34,109,90,88,46,100" hai1="4,74,75,39,21,18,64,73,114,85,44,10,110" hai2="53,16,105,61,52,27,41,0,124,95,35,80,8" hai3="3,47,30,96,97,104,93,32,98,62,26,58,113"/><T42/><D117/><U1/><E110/><V68/><F105/><W11/><G113/><T126/><D34/><U87/><E114/><V76/><F41/><W54/><G104/><T115/><D115/><U99/><E64/><V69/><F124/><W116/><G116/><T13/><D126/><U70/><E70/><V108/><F108/><W107/><G107/><T86/><D109/><U125/><E99/><V38/><F38/><W48/><G11/><T66/><D90/><U59/><E59/><V94/><F0/><W132/><G3/><T5/><D5/><U112/><E112/><V71/><F35/><W82/><G82/><T130/><D130/><U121/><E121/><V31/><F31/><W6/><G6/><T9/><D42/><U128/><E128/><V111/><F111/><W81/><G81/><N who="0" m="49231" /><D46/><U72/><E72/><V65/><F65/><W83/><G83/><T20/><AGARI ba="1,0" hai="9,12,13,17,19,20,56,63,66,100,101" m="49231" machi="20" ten="30,3000,0" yaku="8,1,54,1" doraHai="122" who="0" fromWho="0" sc="235,33,425,-11,42,-11,298,-11" /><INIT seed="4,2,0,0,0,12" ten="268,414,31,287" oya="0" hai0="69,13,101,120,83,84,121,110,116,37,97,106,99" hai1="17,33,128,10,102,52,18,56,88,63,43,105,1" hai2="65,133,20,49,94,32,7,103,115,45,91,28,131" hai3="74,93,117,4,55,67,123,51,48,25,81,0,21"/><T53/><D116/><U34/><E128/><V38/><F115/><W114/><G123/><T15/><D69/><U73/><E73/><V104/><F38/><W44/><G117/><T75/><D37/><U89/><E43/><V16/><F133/><W64/><G114/><T109/><D75/><U80/><E105/><V11/><F32/><W72/><G72/><T6/><D53/><U82/><E102/><V5/><F28/><W42/><G0/><T29/><D29/><U126/><E126/><V124/><F131/><W79/><G4/><T2/><D2/><U98/><E34/><V118/><F65/><W40/><G93/><T134/><D134/><U59/><E33/><V3/><F124/><W22/><G22/><T132/><D132/><U60/><E1/><V41/><F7/><W66/><REACH who="3" step="1"/><G51/><REACH who="3" ten="268,414,31,277" step="2"/><T23/><D23/><U62/><E10/><V71/><F104/><W68/><G68/><T30/><D6/><U96/><E63/><V14/><F71/><W9/><G9/><T125/><D125/><U8/><E8/><V26/><F118/><W86/><G86/><T135/><D135/><U112/><E112/><V100/><REACH who="2" step="1"/><F3/><REACH who="2" ten="268,414,21,277" step="2"/><W77/><G77/><T39/><D121/><U24/><E62/><V130/><F130/><W19/><AGARI ba="2,2" hai="19,21,25,40,42,44,48,55,64,66,67,74,79,81" machi="19" ten="30,7900,0" yaku="1,1,0,1,52,1,53,1" doraHai="12" doraHaiUra="107" who="3" fromWho="3" sc="268,-41,414,-22,21,-22,277,105" owari="227,-17.0,392,49.0,-1,-50.0,382,18.0" /></mjloggm>