<mjloggm ver="2.3"><GO type="41" lobby="0"/><UN n0="%73%5F%6B%61%6E%7A%61" n1="%E2%93%9D%53%75%70%68%78" n2="%E9%9B%AA%E5%B9%B3%E5%AF%8C%E8%89%AF%E9%87%8E" n3="%E6%9D%B1%E4%BA%AC%E3%82%AC%E3%83%B3%E3%83%80%E3%83%A0" dan="13,19,14,15" rate="1891.85,2089.75,1937.34,2003.11" sx="M,M,F,M"/><TAIKYOKU oya="0"/><INIT seed="0,0,0,4,3,51" ten="250,250,250,250" oya="0" hai0="23,54,105,124,120,119,13,131,49,79,61,110,39" hai1="108,43,15,20,103,126,84,18,7,99,60,21,135" hai2="11,68,45,122,102,115,76,57,33,29,74,17,121" hai3="88,86,78,77,125,38,12,34,127,58,107,130,14"/><T9/><D119/><U62/><E108/><V81/><F102/><W83/><G34/><T65/><D120/><U59/><E126/><N who="3" m="48138" /><G38/><T87/><D105/><U101/><E135/><V113/><F68/><W109/><G109/><T93/><D131/><U73/><E73/><V10/><F45/><W72/><G107/><T6/><D39/><U116/><E7/><V0/><F0/><W85/><G130/><T22/><D110/><U66/><E43/><V32/><F57/><W114/><G58/><T111/><D111/><U31/><E62/><V24/><F33/><W16/><G114/><T47/><D124/><U53/><E116/><V123/><REACH who="2" step="1"/><F17/><REACH who="2" ten="250,250,240,250" step="2"/><W42/><G42/><T36/><D36/><U91/><E66/><V40/><F40/><W92/><G12/><T118/><D118/><U69/><E69/><V28/><F28/><W100/><G100/><T104/><D104/><U41/><E41/><V82/><F82/><N who="3" m="45351" /><G14/><T94/><D94/><U97/><E103/><V64/><F64/><W44/><G44/><T132/><D93/><N who="1" m="54503" /><E101/><V80/><F80/><N who="3" m="47255" /><G16/><T26/><D79/><U2/><E2/><V133/><F133/><W96/><G83/><T112/><D132/><U50/><E60/><V98/><F98/><AGARI ba="0,1" hai="86,88,92,96,98" m="47255,45351,48138" machi="98" ten="30,7700,0" yaku="18,1,34,2,54,1" doraHai="51" who="3" fromWho="2" sc="250,0,250,0,240,-77,250,87" /><INIT seed="1,0,0,3,3,68" ten="250,250,163,337" oya="1" hai0="131,118,85,72,18,82,42,101,21,102,17,24,100" hai1="45,49,106,19,88,75,130,89,77,96,20,61,34" hai2="122,111,124,0,76,13,16,50,95,11,39,5,10" hai3="47,65,26,83,2,113,52,64,48,98,69,7,46"/><U59/><E34/><V74/><F122/><W121/><G113/><T58/><D131/><U91/><E130/><V132/><F132/><W79/><G121/><T103/><D118/><U125/><E125/><V33/><F111/><W54/><G69/><T70/><D70/><U133/><E133/><V1/><F50/><W32/><G98/><T116/><D72/><U104/><E77/><V115/><F115/><W53/><G7/><T55/><D42/><U119/><E75/><V110/><F110/><W29/><G2/><T126/><D116/><U56/><E119/><V120/><F33/><W86/><REACH who="3" step="1"/><G46/><REACH who="3" ten="250,250,163,327" step="2"/><T129/><D129/><U4/><E4/><V90/><F0/><W15/><G15/><T73/><D126/><U78/><E96/><V57/><F120/><W12/><G12/><T84/><D73/><U9/><E106/><V37/><F124/><W81/><G81/><T97/><D82/><U66/><E104/><V51/><F74/><W36/><G36/><T87/><D97/><U134/><E134/><V40/><F1/><W71/><G71/><T80/><D80/><U35/><E45/><V38/><F11/><W62/><G62/><T92/><D92/><U3/><E9/><V30/><F5/><W31/><G31/><T6/><D6/><U41/><E3/><V109/><F30/><W117/><G117/><T43/><D24/><U128/><E128/><V135/><F109/><W27/><G27/><T63/><D18/><U99/><E19/><V8/><F135/><W127/><G127/><T108/><D108/><U60/><E60/><V67/><F8/><RYUUKYOKU ba="0,1" sc="250,-10,250,-10,163,-10,327,30" hai3="26,29,32,47,48,52,53,54,64,65,79,83,86" /><INIT seed="2,1,1,5,5,7" ten="240,240,153,357" oya="2" hai0="27,42,30,37,121,106,92,54,128,53,80,107,105" hai1="24,61,69,63,39,86,79,127,19,64,133,91,34" hai2="78,111,94,48,59,57,81,115,89,83,11,29,85" hai3="52,5,51,99,131,84,2,47,125,103,25,102,23"/><V77/><F115/><W87/><G131/><T6/><D121/><U119/><E39/><V43/><F29/><W130/><G130/><T0/><D128/><U18/><E79/><N who="2" m="30219" /><F111/><W46/><G125/><T124/><D80/><N who="2" m="30794" /><F11/><W1/><G103/><T28/><D124/><U15/><E119/><V4/><F4/><W12/><G46/><AGARI ba="1,1" hai="43,46,48,57,59,85,89,94" m="30794,30219" machi="46" ten="30,1500,0" yaku="8,1" doraHai="7" who="2" fromWho="3" sc="240,0,240,0,153,28,357,-18" /><INIT seed="2,2,0,3,5,73" ten="240,240,181,339" oya="2" hai0="69,105,91,19,123,22,90,2,50,93,72,110,38" hai1="21,121,48,16,28,108,79,10,126,103,102,14,52" hai2="76,86,26,5,80,64,99,120,106,62,117,51,8" hai3="45,0,47,30,109,11,57,13,100,1,71,44,42"/><V27/><F117/><W55/><G71/><T40/><D38/><U37/><E37/><V101/><F120/><W66/><G66/><T77/><D105/><U83/><E108/><V81/><F51/><W88/><G109/><T36/><D110/><U114/><E126/><V135/><F135/><W98/><G30/><T23/><D36/><U46/><E114/><V134/><F134/><W3/><G42/><T119/><D69/><U82/><E82/><V96/><F99/><W34/><G34/><T75/><D75/><U63/><E121/><V131/><F131/><W53/><G57/><T87/><D2/><U9/><E63/><V104/><F106/><W118/><G118/><T58/><D72/><U116/><E116/><V68/><REACH who="2" step="1"/><F80/><REACH who="2" ten="240,240,171,339" step="2"/><W59/><G100/><N who="1" m="38442" /><E28/><V111/><F111/><W35/><G98/><T33/><D119/><U113/><E113/><V89/><F89/><W65/><G88/><T74/><D91/><U122/><E122/><V49/><F49/><W107/><G107/><T24/><D50/><U92/><E92/><V133/><F133/><W94/><G94/><T84/><D93/><U12/><E12/><AGARI ba="2,1" hai="5,8,12,26,27,62,64,68,76,81,86,96,101,104" machi="12" ten="30,5800,0" yaku="1,1,7,1,52,1,53,0" doraHai="73" doraHaiUra="128" who="2" fromWho="1" sc="240,0,240,-64,171,74,339,0" /><INIT seed="2,3,0,3,0,39" ten="240,176,245,339" oya="2" hai0="102,25,109,135,30,47,106,48,121,41,89,108,114" hai1="17,128,60,59,69,13,103,31,105,92,49,33,34" hai2="26,126,125,62,86,50,42,112,80,14,53,52,119" hai3="3,37,61,74,67,95,113,96,111,124,104,19,20"/><V40/><F112/><W118/><G113/><T22/><D121/><U85/><E105/><V72/><F72/><W68/><G118/><T0/><D0/><U44/><E69/><V82/><F119/><W15/><G104/><T79/><D79/><U56/><E128/><V88/><F26/><W7/><G37/><T122/><D122/><U132/><E132/><V81/><F14/><W45/><G74/><T91/><D135/><U43/><E31/><V28/><F28/><W120/><G120/><T78/><D114/><U71/><E71/><V97/><F97/><W35/><G35/><T29/><D78/><U38/><E38/><V73/><F73/><W65/><G65/><T94/><D30/><U55/><E59/><N who="2" m="35183" /><F126/><W46/><G124/><T129/><D129/><U1/><E1/><V4/><F4/><W116/><G116/><T87/><REACH who="0" step="1"/><D91/><REACH who="0" ten="230,176,245,339" step="2"/><U117/><E117/><V54/><F125/><W83/><G3/><T76/><D76/><U90/><REACH who="1" step="1"/><E103/><REACH who="1" ten="230,166,245,339" step="2"/><V115/><F115/><W70/><G70/><T98/><AGARI ba="3,2" hai="22,25,29,41,47,48,87,89,94,98,102,106,108,109" machi="98" ten="30,4000,0" yaku="1,1,0,1,52,1,53,0" doraHai="39" doraHaiUra="127" who="0" fromWho="0" sc="230,69,166,-13,245,-23,339,-13" /><INIT seed="3,0,0,0,1,76" ten="299,153,222,326" oya="3" hai0="46,80,131,119,20,103,0,97,17,110,79,10,81" hai1="96,70,89,126,134,16,129,56,82,69,100,35,116" hai2="54,50,34,53,98,73,51,68,58,29,135,101,115" hai3="1,133,9,123,113,24,6,102,41,39,28,62,71"/><W36/><G123/><T67/><D119/><U8/><E35/><V48/><F73/><W4/><G4/><T21/><D67/><U86/><E116/><V30/><F115/><W109/><G113/><T121/><D121/><U106/><E129/><V44/><F135/><W130/><G130/><T60/><D60/><U87/><E126/><V42/><F68/><W85/><G133/><T64/><D64/><U83/><E56/><V65/><F65/><W95/><G62/><T93/><D79/><U90/><E134/><V14/><F14/><AGARI ba="0,0" hai="8,14,16,69,70,82,83,86,87,89,90,96,100,106" machi="14" ten="40,8000,1" yaku="9,1,52,2,54,1" doraHai="76" who="1" fromWho="2" sc="299,0,153,80,222,-80,326,0" /><INIT seed="4,0,0,5,1,134" ten="299,233,142,326" oya="0" hai0="31,55,23,129,41,45,84,6,57,54,65,99,51" hai1="96,62,58,119,69,0,52,85,39,118,104,3,113" hai2="72,59,124,12,34,111,25,126,87,9,109,61,100" hai3="75,121,90,131,94,125,5,35,2,30,24,46,4"/><T117/><D117/><U22/><E39/><V53/><F72/><W82/><G121/><T101/><D129/><U50/><E113/><V42/><F42/><W120/><G120/><T83/><D6/><U115/><E115/><V8/><F100/><W36/><G131/><T67/><D31/><U64/><E85/><V18/><F87/><W48/><G36/><T43/><D23/><U70/><E70/><V38/><F38/><W127/><G2/><T28/><D41/><U79/><E79/><V122/><F8/><W7/><G82/><T17/><D17/><U112/><E112/><V123/><F122/><W56/><G56/><T108/><D28/><U13/><E104/><V106/><F106/><W80/><G80/><T14/><D14/><U116/><REACH who="1" step="1"/><E96/><REACH who="1" ten="299,223,142,326" step="2"/><V105/><F105/><W128/><G75/><T63/><D99/><U1/><E1/><V20/><F123/><W27/><G128/><T91/><D84/><U103/><E103/><V74/><F74/><W92/><G24/><T66/><D101/><U97/><E97/><V81/><F81/><W33/><G33/><T107/><D83/><U110/><E110/><V26/><F34/><W68/><G68/><N who="0" m="42047" /><D108/><U49/><E49/><V132/><F26/><W71/><G71/><T29/><D107/><U21/><E21/><V135/><F111/><W77/><G77/><T114/><D114/><U133/><E133/><N who="2" m="51275" /><F109/><W16/><G35/><T93/><D51/><U73/><E73/><V86/><F86/><W32/><G48/><T44/><D91/><U11/><E11/><V19/><AGARI ba="0,1" hai="9,12,18,19,20,25,53,59,61,124,126" m="51275" machi="19" ten="30,4000,0" yaku="20,1,52,2" doraHai="134" who="2" fromWho="2" sc="299,-20,223,-10,142,50,326,-10" /><INIT seed="5,0,0,2,4,49" ten="279,213,192,316" oya="1" hai0="25,54,79,100,99,17,12,21,74,108,41,93,61" hai1="55,26,75,106,34,116,60,86,133,98,72,101,16" hai2="63,88,82,29,20,6,107,56,71,64,118,68,122" hai3="135,94,24,128,1,51,76,50,62,73,95,119,36"/><U37/><E116/><V123/><F118/><W18/><G1/><T19/><D41/><U59/><E37/><V31/><F107/><W131/><G36/><T5/><D5/><U46/><E133/><V124/><F124/><W39/><G39/><T67/><D108/><U58/><E46/><V112/><F6/><W78/><G135/><T38/><D79/><U104/><E104/><V113/><F68/><W44/><G62/><T92/><D92/><U40/><E40/><V9/><F9/><W89/><G119/><T4/><D4/><U91/><E59/><V105/><F105/><W3/><G3/><T27/><D74/><U77/><E77/><V111/><F111/><W115/><G89/><T83/><D83/><U129/><E129/><V10/><F10/><W35/><G35/><T13/><D67/><U110/><E110/><V8/><F8/><W125/><G44/><T28/><D28/><N who="2" m="10826" /><F20/><W132/><G132/><T14/><D38/><U32/><E32/><V84/><F71/><W65/><G73/><T57/><D21/><U52/><E34/><V130/><F130/><W87/><G125/><T42/><D42/><U30/><E30/><V90/><F90/><W102/><G78/><T81/><D81/><U109/><E109/><V70/><F70/><W23/><G76/><T114/><REACH who="0" step="1"/><D114/><AGARI ba="0,0" hai="56,63,64,82,84,88,112,113,114,122,123" m="10826" machi="114" ten="30,3900,0" yaku="15,1,11,1,54,1" doraHai="49" who="2" fromWho="0" sc="279,-39,213,0,192,39,316,0" /><INIT seed="6,0,0,1,1,6" ten="240,213,231,316" oya="2" hai0="5,72,13,112,17,41,74,57,96,95,120,130,87" hai1="16,135,132,100,3,80,75,68,50,25,134,124,125" hai2="60,47,104,28,88,2,18,90,32,85,93,113,81" hai3="54,73,34,76,49,48,10,55,43,36,30,19,56"/><V58/><F104/><W24/><G36/><T40/><D120/><U9/><E68/><V29/><F2/><W37/><G37/><T52/><D5/><N who="1" m="1215" /><E100/><V98/><F113/><W22/><G43/><T121/><D121/><U86/><E50/><V127/><F127/><N who="1" m="48713" /><E75/><V12/><F32/><W46/><G76/><T62/><D87/><U23/><E86/><V31/><F47/><W110/><G110/><T129/><D112/><U105/><E105/><V67/><F29/><W11/><REACH who="3" step="1"/><G73/><REACH who="3" ten="240,213,231,306" step="2"/><T61/><D74/><U91/><E91/><V115/><REACH who="2" step="1"/><F115/><REACH who="2" ten="240,213,221,306" step="2"/><W126/><G126/><T79/><D72/><U39/><E39/><V64/><F64/><W26/><AGARI ba="0,2" hai="10,11,19,22,24,26,30,34,46,48,49,54,55,56" machi="26" ten="20,8000,1" yaku="1,1,0,1,7,1,52,2,53,0" doraHai="6" doraHaiUra="33" who="3" fromWho="3" sc="240,-20,213,-20,221,-40,306,100" /><INIT seed="7,0,0,0,2,89" ten="220,193,181,406" oya="3" hai0="93,18,111,38,49,97,47,32,43,127,124,42,71" hai1="60,76,35,20,4,34,25,2,67,53,99,28,115" hai2="6,70,46,112,57,134,9,102,106,41,54,21,66" hai3="75,82,101,69,15,78,19,56,68,91,118,87,104"/><W10/><G118/><T114/><D111/><U123/><E123/><V61/><F134/><W129/><G129/><T58/><D71/><U80/><E115/><V65/><F112/><W98/><G56/><T37/><D32/><U105/><E53/><V79/><F79/><W100/><G100/><N who="0" m="60463" /><D18/><U7/><E2/><V109/><F109/><W107/><G107/><T77/><D77/><U8/><E7/><V29/><F106/><W5/><G5/><T90/><D90/><U62/><E62/><V86/><F86/><W52/><G52/><N who="0" m="32015" /><D47/><U64/><E35/><V85/><F85/><W39/><G39/><N who="0" m="14859" /><D114/><U125/><E34/><V48/><F102/><W72/><G72/><T23/><D23/><U121/><E76/><V133/><F133/><W81/><AGARI ba="0,0" hai="10,15,19,68,69,75,78,81,82,87,91,98,101,104" machi="81" ten="20,2100,0" yaku="0,1,7,1" doraHai="89" who="3" fromWho="3" sc="220,-7,193,-7,181,-7,406,21" owari="213,1.0,186,-21.0,174,-33.0,427,53.0" /></mjloggm>