<mjloggm ver="2.3"><GO type="41" lobby="0"/><UN n0="%E5%AD%A4%E7%8B%AC%E3%81%AE%E9%AC%B1%E3%81%AD" n1="%E3%83%9A%E3%83%B3%E3%82%AB%E3%83%B3%E3%82%B5%E3%83%B3%E3%83%AF%E3%83%B3" n2="%53%52%37%33%30%38" n3="%E2%93%9D%53%75%70%68%78" dan="13,15,14,18" rate="1892.52,1976.13,1912.22,2149.28" sx="M,M,M,M"/><TAIKYOKU oya="0"/><INIT seed="0,0,0,2,1,34" ten="250,250,250,250" oya="0" hai0="64,98,128,0,7,44,48,16,28,31,108,15,46" hai1="61,75,59,125,91,119,66,70,96,40,76,77,80" hai2="68,50,20,111,81,27,32,24,73,92,110,9,90" hai3="57,105,117,19,42,114,87,121,85,1,97,54,25"/><T93/><D128/><U6/><E119/><V30/><F68/><W56/><G114/><T29/><D64/><U88/><E125/><V22/><F9/><W60/><G117/><T49/><D108/><N who="2" m="41514" /><F50/><W131/><G42/><T129/><D129/><U26/><E77/><N who="2" m="44207" /><F24/><W120/><G57/><T35/><D35/><U100/><E70/><V33/><F20/><W39/><G39/><T65/><D65/><U67/><E67/><V4/><F4/><W18/><G25/><T86/><D86/><AGARI ba="0,0" hai="22,27,30,32,33,86,90,92" m="44207,41514" machi="86" ten="30,1000,0" yaku="14,1" doraHai="34" who="2" fromWho="0" sc="250,-10,250,0,250,10,250,0" /><INIT seed="1,0,0,1,2,107" ten="240,250,260,250" oya="1" hai0="1,41,55,101,77,10,19,65,36,113,135,90,89" hai1="23,120,56,59,71,62,2,100,87,53,97,63,115" hai2="39,78,51,20,98,106,114,131,61,73,38,109,123" hai3="69,68,96,44,119,48,31,9,60,17,102,66,32"/><U67/><E120/><V129/><F123/><W58/><G119/><T18/><D113/><U80/><E115/><V24/><F114/><W22/><G32/><T111/><D111/><U4/><E2/><V76/><F109/><W3/><G31/><T108/><D108/><U50/><E4/><V6/><F6/><W70/><G9/><T91/><D1/><U93/><E23/><V57/><F51/><W88/><G3/><T130/><D130/><N who="2" m="49674" /><F98/><W121/><G121/><T94/><D135/><U72/><E71/><V35/><F106/><W12/><G88/><T79/><D65/><U112/><E112/><V27/><F27/><W83/><G83/><T99/><D36/><N who="2" m="13866" /><F73/><W29/><G29/><T117/><D41/><U134/><E134/><V46/><F46/><W28/><G28/><T40/><D40/><U133/><E133/><V116/><F35/><W126/><G126/><T54/><D117/><U86/><REACH who="1" step="1"/><E62/><REACH who="1" ten="240,240,260,250" step="2"/><V33/><F33/><W21/><G70/><T110/><D110/><U25/><E25/><V118/><F118/><W75/><G69/><T49/><D10/><U104/><E104/><V11/><F116/><W64/><G68/><T132/><D132/><U7/><E7/><V92/><F11/><W8/><G8/><T5/><D5/><U13/><E13/><V16/><F92/><W43/><G22/><T85/><D94/><U125/><E125/><V81/><F81/><W127/><G127/><T128/><D128/><U74/><E74/><V122/><F122/><W95/><G75/><T34/><D34/><U26/><E26/><V37/><F37/><RYUUKYOKU ba="0,1" sc="240,-30,240,10,260,10,250,10" hai1="50,53,56,59,63,67,72,80,86,87,93,97,100" hai2="16,20,24,57,61,76,78" hai3="12,17,21,43,44,48,58,60,64,66,95,96,102" /><INIT seed="1,1,1,5,4,48" ten="210,250,270,260" oya="1" hai0="30,42,103,31,7,52,8,115,68,36,65,89,14" hai1="3,72,99,130,55,38,92,21,74,91,5,122,82" hai2="90,13,85,98,27,37,75,22,50,97,2,44,58" hai3="33,133,132,81,10,4,70,45,57,128,6,9,78"/><U93/><E122/><V80/><F2/><W77/><G70/><T32/><D115/><U66/><E130/><V51/><F75/><W54/><G45/><T20/><D32/><U101/><E38/><V73/><F73/><W35/><G128/><T121/><D36/><U102/><E66/><V15/><F37/><W118/><G81/><T95/><D42/><U63/><E3/><V34/><F34/><W47/><G47/><T94/><D68/><U117/><E117/><V24/><F24/><W96/><G96/><N who="2" m="36969" /><F58/><W53/><REACH who="3" step="1"/><G57/><REACH who="3" ten="210,250,270,250" step="2"/><T67/><D121/><U88/><E82/><V106/><F106/><W126/><G126/><T1/><D103/><U107/><E107/><V18/><F51/><W41/><G41/><AGARI ba="1,2" hai="13,15,18,22,27,41,44,50,80,85,90" m="36969" machi="41" ten="30,1000,0" yaku="8,1" doraHai="48" who="2" fromWho="3" sc="210,0,250,0,270,33,250,-13" /><INIT seed="2,0,0,5,2,114" ten="210,250,303,237" oya="2" hai0="101,62,128,48,10,127,103,9,12,84,57,4,68" hai1="56,87,110,107,122,111,95,83,78,108,72,105,47" hai2="50,6,92,53,19,82,44,76,67,1,106,52,0" hai3="35,88,135,116,43,61,130,129,3,104,32,41,65"/><V109/><F106/><N who="1" m="40457" /><E56/><V121/><F121/><W131/><G104/><T49/><D128/><U45/><E45/><V54/><F67/><W86/><G3/><T102/><D127/><U112/><E47/><V81/><F109/><W73/><G73/><T79/><D68/><U46/><E46/><V90/><F19/><W16/><G135/><T27/><D27/><U59/><E59/><V113/><F113/><W21/><G116/><T40/><D40/><N who="3" m="15433" /><G61/><T28/><D28/><U25/><E25/><V123/><F123/><W125/><G65/><T91/><D79/><U42/><E42/><V33/><F33/><W39/><G125/><T20/><D20/><U98/><E112/><V17/><F17/><W74/><G74/><T132/><D132/><U64/><E64/><V23/><F23/><W77/><G77/><T5/><D57/><U115/><E115/><V7/><F0/><W30/><G30/><T29/><D62/><U14/><E14/><V97/><F1/><W51/><G51/><T11/><D29/><U8/><E8/><N who="0" m="3177" /><D4/><N who="2" m="1578" /><F76/><W75/><G75/><T71/><D71/><U13/><E13/><V120/><F120/><W118/><G118/><T15/><D12/><U37/><E122/><V34/><F34/><W24/><G39/><T100/><N who="0" m="25600" /><DORA hai="134" /><T26/><D26/><U31/><E37/><V94/><F92/><AGARI ba="0,0" hai="16,21,24,32,35,86,88,92,129,130,131" m="15433" machi="92" ten="30,3900,0" yaku="19,1,54,2" doraHai="114,134" who="3" fromWho="2" sc="210,0,250,0,303,-39,237,39" /><AGARI ba="0,0" hai="5,11,15,48,49,84,91,92" m="25600,3177" machi="92" ten="40,1300,0" yaku="8,1" doraHai="114,134" who="0" fromWho="2" sc="210,13,250,0,264,-13,276,0" /><INIT seed="3,0,0,5,1,38" ten="223,250,251,276" oya="3" hai0="4,7,57,52,76,128,59,87,20,74,27,106,118" hai1="13,102,5,110,8,81,92,80,50,67,88,108,114" hai2="1,63,79,11,56,124,117,82,89,119,2,9,90" hai3="42,35,131,77,25,122,48,37,23,12,116,133,51"/><W94/><G116/><T36/><D74/><U75/><E114/><V115/><F115/><W0/><G0/><T97/><D128/><U107/><E67/><V61/><F56/><W64/><G122/><T19/><D59/><U85/><E50/><V69/><F82/><W100/><G35/><T121/><D121/><U96/><REACH who="1" step="1"/><E81/><REACH who="1" ten="223,240,251,276" step="2"/><V47/><F69/><W72/><G51/><T86/><D36/><U18/><E18/><V17/><F17/><W98/><G64/><T65/><D65/><U43/><E43/><V109/><F109/><W60/><G42/><T83/><D83/><U66/><E66/><V55/><F55/><W26/><G48/><T71/><D52/><U125/><E125/><V78/><F47/><W129/><G37/><T30/><D19/><U49/><E49/><V134/><F134/><W91/><G133/><T21/><D71/><U34/><E34/><V132/><F132/><W28/><G131/><T126/><D126/><AGARI ba="0,1" hai="1,2,9,11,61,63,78,79,89,90,117,119,124,126" machi="126" ten="25,1600,0" yaku="22,2" doraHai="38" who="2" fromWho="0" sc="223,-16,240,0,251,26,276,0" /><INIT seed="4,0,0,4,0,22" ten="207,240,277,276" oya="0" hai0="47,8,26,88,131,36,122,11,37,118,117,49,51" hai1="41,62,35,55,20,83,14,16,99,5,4,70,27" hai2="64,97,34,92,91,75,94,69,58,96,111,38,114" hai3="89,15,78,123,104,95,7,60,79,42,103,48,125"/><T23/><D122/><U50/><E41/><V72/><F69/><W33/><G33/><T110/><D131/><U25/><E35/><V30/><F111/><W0/><G0/><T31/><D110/><U13/><E70/><V133/><F38/><W82/><G104/><T65/><D65/><U84/><E62/><V56/><F114/><W61/><G103/><T126/><D126/><U119/><E99/><V17/><F17/><W3/><G3/><T127/><D127/><U121/><E121/><V128/><F133/><W130/><G130/><T135/><D135/><U85/><E119/><V106/><F106/><W39/><G39/><T52/><D36/><U2/><E2/><V129/><F34/><W116/><G116/><T59/><D37/><U74/><E74/><V108/><F108/><W113/><G113/><T43/><D118/><U6/><E13/><V68/><F68/><W46/><G79/><T115/><D115/><U100/><E100/><V98/><F98/><N who="3" m="57711" /><G125/><T9/><D117/><U45/><REACH who="1" step="1"/><E85/><REACH who="1" ten="207,230,277,276" step="2"/><V73/><F73/><W76/><G123/><T18/><REACH who="0" step="1"/><D88/><AGARI ba="0,1" hai="4,5,6,14,16,20,25,27,45,50,55,83,84,88" machi="88" ten="40,12000,2" yaku="1,1,2,1,8,1,52,2,54,2,53,0" doraHai="22" doraHaiUra="32" who="1" fromWho="0" sc="207,-120,230,130,277,0,276,0" /><INIT seed="5,0,0,3,5,125" ten="87,360,277,276" oya="1" hai0="71,96,47,49,105,39,81,33,106,133,80,25,41" hai1="15,74,1,120,62,37,126,60,21,100,69,2,51" hai2="117,4,23,128,0,116,20,64,31,22,88,131,83" hai3="113,29,104,119,55,59,30,58,111,43,8,79,123"/><U135/><E120/><V17/><F64/><W103/><G111/><T67/><D133/><U130/><E135/><V95/><F83/><W38/><G123/><T3/><D3/><U77/><E126/><V54/><F54/><W7/><G113/><T86/><D49/><U27/><E37/><V61/><F61/><W121/><G119/><N who="2" m="45641" /><F88/><W28/><G79/><T110/><D110/><U10/><E77/><V82/><F82/><W115/><G115/><T87/><D106/><U32/><E74/><V132/><F95/><W65/><G65/><T19/><D19/><U134/><E100/><V108/><F108/><W16/><G121/><T118/><D118/><U90/><E134/><V5/><F132/><W73/><G73/><T93/><D93/><U91/><E90/><V18/><F31/><W63/><G59/><T36/><D36/><U40/><E91/><V45/><F45/><W129/><G104/><T114/><D114/><U56/><E51/><V124/><F124/><W66/><G103/><T68/><D68/><U24/><E69/><V122/><F122/><W48/><G38/><T72/><D72/><U46/><E56/><V127/><F127/><W53/><G66/><T84/><D67/><U44/><E46/><V102/><F102/><W101/><G101/><T112/><D71/><U14/><E44/><V92/><F92/><W76/><G76/><T75/><D105/><U11/><E60/><V34/><F34/><W98/><G63/><T97/><D33/><U12/><E62/><V13/><F0/><W107/><G107/><T42/><D112/><U52/><E2/><RYUUKYOKU ba="0,0" sc="87,0,360,0,277,0,276,0" /><INIT seed="6,1,0,5,4,108" ten="87,360,277,276" oya="2" hai0="107,8,134,3,118,23,93,68,121,84,95,78,6" hai1="50,82,34,60,94,120,111,83,102,21,47,129,106" hai2="0,4,65,75,41,35,98,87,30,109,73,52,22" hai3="64,66,14,54,63,128,100,45,48,2,77,37,69"/><V53/><F35/><W15/><G2/><T126/><D134/><U114/><E34/><V96/><F109/><W33/><G33/><T105/><D126/><U49/><E106/><V59/><F41/><W122/><G122/><T130/><D121/><U131/><E120/><V12/><F0/><W88/><G100/><T80/><D130/><U132/><E60/><N who="2" m="38047" /><F73/><W119/><G77/><T42/><D68/><U43/><E114/><V56/><F75/><W9/><G119/><T61/><D61/><U55/><E111/><V81/><F30/><W7/><G128/><T62/><D62/><U11/><E132/><V125/><F125/><W110/><G37/><T89/><D95/><U25/><E11/><N who="2" m="4199" /><F22/><W85/><G110/><T116/><D23/><U19/><E131/><V18/><F18/><W27/><G66/><T92/><D92/><U76/><E129/><V46/><F46/><W26/><REACH who="3" step="1"/><G15/><REACH who="3" ten="87,360,277,266" step="2"/><T67/><D67/><U117/><E117/><V86/><F53/><W13/><G13/><T1/><D3/><U29/><E55/><V79/><F87/><W17/><G17/><T135/><D135/><U74/><E19/><V124/><F124/><W51/><G51/><AGARI ba="1,1" hai="51,52,56,79,81,86,96,98" m="4199,38047" machi="51" ten="30,2900,0" yaku="8,1,54,1" doraHai="108" who="2" fromWho="3" sc="87,0,360,0,277,42,266,-32" /><INIT seed="6,2,0,5,1,67" ten="87,360,319,234" oya="2" hai0="92,44,132,80,12,43,112,28,53,11,16,6,108" hai1="71,114,37,48,115,131,68,133,126,8,83,40,94" hai2="65,1,31,41,2,98,62,61,123,69,118,77,15" hai3="46,128,14,27,76,89,103,116,5,85,51,54,110"/><V64/><F118/><W0/><G110/><T93/><D112/><N who="1" m="43051" /><E83/><V9/><F123/><W17/><G128/><T22/><D132/><U55/><E94/><V72/><F31/><W30/><G116/><T19/><D108/><U106/><E106/><V56/><F41/><W120/><G0/><T81/><D53/><U25/><E25/><V20/><F20/><W113/><G5/><T109/><D109/><U79/><E79/><V24/><F24/><W39/><G39/><T86/><D80/><U60/><E8/><V35/><F35/><W3/><G3/><T96/><D28/><U38/><E133/><V52/><F65/><W26/><G120/><T91/><D96/><U29/><E29/><V97/><F97/><W59/><G76/><T4/><D19/><U87/><E87/><V70/><F69/><N who="1" m="26697" /><E131/><V58/><F58/><W95/><G113/><T45/><D6/><U78/><E78/><V105/><F77/><W13/><G27/><T57/><D57/><N who="1" m="34879" /><E126/><V66/><F72/><W125/><G125/><T84/><D84/><U34/><E34/><V73/><F73/><W135/><G135/><T88/><D91/><U104/><E104/><V21/><F21/><N who="3" m="13615" /><G30/><T33/><D33/><U10/><E10/><V129/><F129/><W124/><G124/><T42/><D43/><U23/><E23/><V117/><F117/><W63/><G103/><T49/><REACH who="0" step="1"/><D44/><AGARI ba="2,0" hai="37,38,40,44,48" m="34879,26697,43051" machi="44" ten="30,12000,2" yaku="15,1,34,2,52,3" doraHai="67" who="1" fromWho="0" sc="87,-126,360,126,319,0,234,0" owari="-39,-54.0,486,59.0,319,12.0,234,-17.0" /></mjloggm>