<mjloggm ver="2.3"><GO type="41" lobby="0"/><UN n0="%64%72%61%66%74%6C%61%6E" n1="%E9%9B%AA%E4%B8%B8" n2="%68%61%6A%69%6D%65%23%23" n3="%E2%93%9D%53%75%70%68%78" dan="14,15,15,18" rate="1927.70,2081.80,2015.79,2081.03" sx="M,M,M,M"/><TAIKYOKU oya="0"/><INIT seed="0,0,0,1,3,92" ten="250,250,250,250" oya="0" hai0="110,73,49,102,78,76,77,30,122,52,125,83,2" hai1="50,37,13,114,34,25,36,133,61,84,17,4,80" hai2="40,117,57,88,94,65,38,106,63,85,0,97,104" hai3="105,19,42,113,24,98,54,71,21,46,103,32,67"/><T28/><D122/><U64/><E133/><V35/><F35/><W131/><G131/><T56/><D2/><U123/><E123/><V129/><F129/><W22/><G113/><T39/><D39/><U48/><E50/><V81/><F0/><W70/><G54/><T128/><D125/><U29/><E4/><V41/><F117/><W130/><G130/><T68/><D68/><U47/><E114/><V107/><REACH who="2" step="1"/><F38/><REACH who="2" ten="250,250,240,250" step="2"/><W100/><G32/><T59/><D128/><U119/><E119/><V132/><F132/><W45/><G71/><T12/><D110/><U111/><E111/><V15/><F15/><W108/><G108/><T51/><D12/><U93/><E37/><V31/><F31/><W99/><G42/><T121/><D121/><U6/><E36/><V27/><F27/><W86/><G70/><T115/><D115/><U82/><E13/><V101/><AGARI ba="0,1" hai="40,41,57,63,65,81,85,88,94,97,101,104,106,107" machi="101" ten="30,7900,0" yaku="1,1,0,1,52,1,54,1,53,0" doraHai="92" doraHaiUra="20" who="2" fromWho="2" sc="250,-39,250,-20,240,89,250,-20" /><INIT seed="1,0,0,5,5,78" ten="211,230,329,230" oya="1" hai0="57,61,45,25,37,77,23,65,60,2,132,129,128" hai1="95,74,10,96,118,22,14,102,43,91,66,81,34" hai2="111,79,98,121,32,82,49,30,126,135,33,75,55" hai3="125,21,67,47,7,40,71,88,107,58,123,41,52"/><U87/><E118/><V119/><F121/><W24/><G107/><T15/><D2/><U72/><E34/><V9/><F119/><W94/><G125/><T64/><D132/><U59/><E22/><V0/><F111/><W106/><G106/><T16/><D77/><U127/><E127/><V86/><F126/><W44/><G7/><T122/><D122/><U73/><E43/><N who="3" m="16458" /><G71/><T110/><D45/><U109/><E109/><V42/><F42/><W17/><G67/><T48/><D48/><U80/><E66/><V131/><F135/><W29/><G29/><T114/><D37/><U36/><E59/><V31/><F32/><W70/><G70/><T99/><D114/><U51/><E51/><V35/><F35/><W53/><G123/><T83/><D99/><U124/><E36/><V115/><F115/><W6/><G6/><T18/><D83/><U39/><E39/><V46/><F33/><W5/><G5/><T108/><D108/><U26/><E26/><V54/><F98/><N who="3" m="57671" /><G53/><T93/><D110/><U12/><E124/><V113/><F55/><W117/><G117/><T11/><REACH who="0" step="1"/><D93/><REACH who="0" ten="201,230,329,230" step="2"/><U1/><E1/><V3/><F0/><W92/><G92/><T100/><D100/><U38/><E38/><V97/><F3/><W68/><G68/><AGARI ba="0,1" hai="11,15,16,18,23,25,57,60,61,64,65,68,128,129" machi="68" ten="40,5200,0" yaku="1,1,54,1,53,1" doraHai="78" doraHaiUra="19" who="0" fromWho="3" sc="201,62,230,0,329,0,230,-52" /><INIT seed="2,0,0,4,0,33" ten="263,230,329,178" oya="2" hai0="26,89,99,61,54,79,62,43,119,87,10,4,65" hai1="57,108,95,72,30,27,11,36,103,124,107,74,2" hai2="18,117,114,31,130,90,48,3,67,12,56,129,52" hai3="44,60,115,53,9,113,77,20,24,73,15,71,75"/><V0/><F117/><W22/><G77/><T109/><D109/><U39/><E107/><V131/><F114/><N who="3" m="43531" /><G44/><T38/><D79/><U81/><E81/><V69/><F31/><N who="3" m="17799" /><G22/><T101/><D43/><U84/><E36/><V28/><F28/><W96/><G96/><T110/><D38/><U51/><E39/><V70/><F90/><W34/><G34/><T37/><D37/><U133/><E74/><V120/><F120/><W126/><G126/><T47/><D26/><U41/><E72/><V5/><F5/><N who="3" m="3503" /><G53/><T86/><D99/><U83/><E124/><V19/><F19/><W128/><G128/><T85/><D47/><U25/><E25/><V78/><F78/><W13/><G13/><T105/><D54/><U49/><E27/><V102/><F102/><W17/><G17/><T14/><D101/><U46/><E30/><V111/><F111/><W16/><G16/><N who="0" m="8279" /><D105/><U63/><E108/><V93/><F93/><W122/><G122/><T58/><D119/><U88/><E103/><V68/><F67/><AGARI ba="0,0" hai="60,67,71,73,75" m="3503,17799,43531" machi="67" ten="30,1000,0" yaku="11,1" doraHai="33" who="3" fromWho="2" sc="263,0,230,0,329,-10,178,10" /><INIT seed="3,0,0,1,0,124" ten="263,230,319,188" oya="3" hai0="92,74,134,25,91,52,31,1,71,76,135,0,32" hai1="26,120,27,24,12,54,65,34,42,3,18,99,132" hai2="9,62,66,44,64,116,105,30,103,35,109,114,129" hai3="11,48,118,55,60,73,51,133,19,96,4,131,10"/><W126/><G118/><T82/><D71/><U28/><E120/><V20/><F114/><W107/><G73/><T57/><D134/><U112/><E112/><V49/><F116/><W111/><G126/><T102/><D102/><U97/><E132/><V40/><F66/><W101/><G133/><T86/><REACH who="0" step="1"/><D135/><REACH who="0" ten="253,230,319,188" step="2"/><U110/><E110/><V127/><F103/><W130/><G111/><T117/><D117/><U63/><E34/><V13/><F35/><W70/><G70/><T104/><D104/><U53/><E28/><V59/><F105/><W77/><G77/><T43/><D43/><U106/><E42/><V29/><F29/><W90/><G90/><T81/><D81/><U69/><E106/><V72/><F109/><W58/><G19/><T113/><D113/><U83/><E83/><V46/><F30/><W87/><G87/><T36/><D36/><U98/><REACH who="1" step="1"/><E3/><REACH who="1" ten="253,220,319,188" step="2"/><V8/><F127/><W95/><G107/><T78/><D78/><U122/><E122/><V125/><F40/><W7/><G7/><T93/><D93/><U119/><E119/><V75/><F125/><W15/><REACH who="3" step="1"/><G11/><AGARI ba="0,2" hai="11,12,18,24,26,27,53,54,63,65,69,97,98,99" machi="11" ten="40,1300,0" yaku="1,1,53,0" doraHai="124" doraHaiUra="33" who="1" fromWho="3" sc="253,0,220,33,319,0,188,-13" /><INIT seed="4,0,0,2,4,60" ten="253,253,319,175" oya="0" hai0="100,31,108,123,23,61,21,127,67,63,105,41,55" hai1="98,44,102,26,68,12,92,125,79,16,110,35,54" hai2="75,83,77,2,88,57,119,58,117,85,76,126,52" hai3="104,129,5,15,30,132,93,120,17,103,78,56,53"/><T29/><D123/><U36/><E110/><V86/><F2/><W112/><G104/><T18/><D108/><U115/><E125/><V122/><F122/><W96/><G120/><T50/><D127/><U45/><E79/><V22/><F126/><W62/><G132/><T1/><D1/><U65/><E36/><V38/><F38/><W48/><G129/><T33/><D33/><U40/><E40/><V46/><F75/><W114/><G5/><T101/><D41/><U27/><E27/><V34/><F34/><W64/><G78/><T20/><D18/><U134/><E54/><V14/><F46/><W91/><G30/><T73/><D73/><U89/><E26/><V37/><F57/><W72/><G103/><T66/><D105/><U118/><E35/><V28/><F37/><W131/><G72/><T70/><D101/><U59/><E68/><V43/><F43/><W25/><G25/><T9/><D9/><U128/><E118/><N who="2" m="45067" /><F85/><W71/><REACH who="3" step="1"/><G131/><REACH who="3" ten="253,253,319,165" step="2"/><T106/><D100/><U19/><E102/><V49/><F28/><W81/><G81/><T32/><D106/><U133/><E128/><V42/><F42/><W74/><G74/><T3/><D32/><U47/><E134/><V84/><F86/><W130/><G130/><T116/><D116/><U121/><E133/><V10/><F77/><W97/><G97/><T11/><D31/><U0/><E121/><V111/><F111/><W13/><G13/><T69/><D29/><U82/><E0/><V4/><F76/><W87/><G87/><T113/><D3/><U109/><E109/><V8/><F4/><RYUUKYOKU ba="0,1" sc="253,-15,253,-15,319,15,165,15" hai2="8,10,14,22,49,52,58,83,84,88" hai3="15,17,48,53,56,62,64,71,91,93,96,112,114" /><INIT seed="5,1,1,4,5,34" ten="238,238,334,180" oya="1" hai0="69,65,1,40,52,64,131,98,3,102,93,51,42" hai1="128,39,77,103,96,95,84,112,129,0,24,54,14" hai2="85,106,20,5,121,82,26,72,60,119,7,4,43" hai3="53,110,99,122,90,135,86,89,76,17,57,97,49"/><U37/><E24/><V83/><F119/><W9/><G135/><T6/><D131/><N who="1" m="50251" /><E14/><V23/><F121/><W10/><G110/><T75/><D6/><U117/><E117/><V70/><F106/><W62/><G122/><T19/><D75/><U101/><E112/><V111/><F111/><W30/><G30/><T104/><D40/><U125/><E125/><V48/><F72/><W116/><G76/><T87/><D42/><U109/><E103/><V100/><F100/><W32/><G32/><T45/><D19/><U50/><E0/><V55/><F82/><W28/><G28/><T108/><D108/><U27/><E27/><V91/><F43/><W67/><G116/><T88/><REACH who="0" step="1"/><D65/><REACH who="0" ten="228,238,334,180" step="2"/><U25/><E109/><V56/><F4/><W105/><G17/><T132/><D132/><U120/><E120/><V118/><F118/><W13/><G67/><T8/><D8/><U2/><E39/><V133/><F133/><W36/><G10/><T59/><D59/><U63/><E37/><V21/><F5/><W73/><G36/><T38/><D38/><U127/><E127/><V46/><F7/><W114/><G9/><T107/><D107/><U71/><E2/><V66/><F56/><W35/><G105/><T80/><D80/><U16/><E16/><AGARI ba="1,2" hai="16,20,21,23,26,46,48,55,60,66,70,83,85,91" machi="16" ten="30,2000,0" yaku="7,1,54,1" doraHai="34" who="2" fromWho="1" sc="228,0,238,-23,334,43,180,0" /><INIT seed="6,0,0,1,0,49" ten="228,215,377,180" oya="2" hai0="31,5,116,95,61,33,19,28,2,87,14,34,58" hai1="39,96,110,7,38,74,123,10,51,53,35,122,3" hai2="112,76,109,118,40,135,4,133,65,100,18,130,78" hai3="108,99,102,120,119,62,86,75,125,92,8,94,24"/><V121/><F118/><W30/><G125/><T55/><D116/><U63/><E74/><V66/><F121/><W42/><G119/><T54/><D33/><U15/><E110/><V20/><F112/><W132/><G132/><N who="2" m="50761" /><F4/><W27/><G75/><T48/><D34/><U17/><E35/><V32/><F32/><W83/><G120/><T45/><D5/><U25/><E25/><V46/><F100/><W50/><G62/><T97/><D87/><U124/><E63/><V117/><F130/><W105/><G108/><T26/><D26/><U88/><E124/><V37/><F109/><W104/><G104/><T16/><D19/><U113/><E113/><V93/><F93/><W43/><G94/><T21/><REACH who="0" step="1"/><D2/><REACH who="0" ten="218,215,377,180" step="2"/><U131/><E123/><V70/><F117/><W79/><G27/><T101/><AGARI ba="0,1" hai="14,16,21,28,31,45,48,54,55,58,61,95,97,101" machi="101" ten="20,16000,3" yaku="1,1,2,1,0,1,7,1,8,1,52,2,54,1,53,0" doraHai="49" doraHaiUra="23" who="0" fromWho="0" sc="218,170,215,-40,377,-80,180,-40" /><INIT seed="7,0,0,0,1,128" ten="388,175,297,140" oya="3" hai0="51,66,85,88,37,87,8,69,16,59,54,131,109" hai1="76,125,103,75,61,96,133,0,104,10,95,21,93" hai2="5,84,23,28,120,36,114,83,48,49,81,40,44" hai3="108,30,12,89,63,42,41,52,135,31,43,90,64"/><W46/><G108/><T24/><D37/><U22/><E125/><V105/><F105/><W94/><G135/><T121/><D109/><U71/><E133/><V117/><F117/><W7/><G64/><T58/><D69/><U33/><E95/><V73/><F114/><W35/><G35/><T3/><D3/><U4/><E33/><V15/><F73/><W68/><G68/><T77/><D131/><U99/><E71/><V45/><F36/><W119/><G119/><T13/><D121/><U55/><E61/><V112/><F112/><W9/><G90/><T18/><D77/><U39/><E39/><V91/><F83/><W57/><REACH who="3" step="1"/><G46/><REACH who="3" ten="388,175,297,130" step="2"/><N who="0" m="28023" /><D66/><U67/><E67/><V1/><F45/><W62/><G62/><T115/><D115/><U123/><E123/><V72/><F91/><W27/><G27/><T25/><D24/><U82/><E55/><V101/><F44/><W80/><G80/><N who="0" m="49191" /><D87/><AGARI ba="0,1" hai="7,9,12,30,31,41,42,43,52,57,63,87,89,94" machi="87" ten="40,7700,0" yaku="1,1,8,1,54,1,53,0" doraHai="128" doraHaiUra="127" who="3" fromWho="0" sc="388,-77,175,0,297,0,130,87" /><INIT seed="7,1,0,3,4,112" ten="311,175,297,217" oya="3" hai0="36,102,50,108,67,19,78,88,132,93,125,80,1" hai1="96,14,104,39,84,123,15,37,113,58,71,33,52" hai2="66,43,69,79,105,17,72,64,89,118,70,38,40" hai3="65,21,85,120,7,103,9,63,26,68,8,23,109"/><W131/><G120/><T133/><D36/><U20/><E123/><V114/><F118/><W28/><G131/><T99/><D1/><U4/><E33/><V116/><F116/><W111/><G103/><T91/><D108/><N who="3" m="41545" /><G85/><N who="0" m="48279" /><D125/><U42/><E113/><V100/><F100/><W121/><G121/><T77/><D77/><U34/><E34/><V30/><F105/><W6/><G23/><T86/><D67/><U134/><E71/><V95/><F38/><W98/><G98/><T2/><D2/><U0/><E0/><V32/><F114/><W75/><G75/><T5/><D5/><AGARI ba="1,0" hai="5,6,7,8,9,21,26,28,63,65,68" m="41545" machi="5" ten="30,1500,0" yaku="10,1" doraHai="112" who="3" fromWho="0" sc="311,-18,175,0,297,0,217,18" /><INIT seed="7,2,0,3,2,82" ten="293,175,297,235" oya="3" hai0="130,35,100,6,9,125,115,20,49,90,80,45,74" hai1="120,41,33,21,64,132,59,50,37,40,60,116,62" hai2="39,70,133,73,104,109,42,119,44,16,126,26,28" hai3="83,92,54,27,25,58,121,48,29,13,7,103,67"/><W4/><G121/><T63/><D35/><U87/><E33/><V15/><F109/><W51/><G67/><T43/><D125/><U65/><E120/><V112/><F119/><W8/><G7/><T11/><D130/><U85/><E37/><V38/><F126/><W131/><G131/><T94/><D115/><U24/><E132/><V110/><F110/><W114/><G114/><T127/><D127/><U0/><E0/><V17/><F112/><W61/><G83/><T79/><D100/><U53/><E116/><V111/><F111/><W108/><G108/><T36/><D63/><U91/><E62/><V134/><F104/><W23/><REACH who="3" step="1"/><G27/><REACH who="3" ten="293,175,297,225" step="2"/><T135/><D6/><U97/><E65/><V52/><F133/><W32/><G32/><T77/><D135/><U72/><E72/><V124/><F134/><W128/><G128/><T46/><D80/><U66/><E66/><V68/><F124/><W56/><G56/><T102/><D74/><U31/><E64/><V98/><F68/><W88/><G88/><T107/><D90/><U101/><E91/><V47/><F70/><W93/><G93/><T105/><D94/><N who="1" m="58551" /><E60/><V99/><F73/><W19/><G19/><T34/><D34/><U55/><E55/><V106/><F17/><W71/><G71/><T81/><D81/><U14/><E14/><V113/><F113/><W75/><G75/><T78/><D107/><U123/><E123/><V84/><F106/><W76/><G76/><T22/><D105/><U122/><E122/><V95/><F52/><W129/><G129/><T117/><D102/><U12/><E12/><RYUUKYOKU ba="2,1" sc="293,-15,175,15,297,-15,225,15" hai1="21,24,31,40,41,50,53,59,85,87" hai3="4,8,13,23,25,29,48,51,54,58,61,92,103" /><INIT seed="7,3,1,1,0,28" ten="278,190,282,240" oya="3" hai0="80,43,0,105,69,60,112,92,26,2,58,10,89" hai1="16,85,123,132,126,62,13,30,48,42,12,86,65" hai2="66,135,15,40,25,76,107,11,1,77,46,133,54" hai3="41,7,21,8,88,18,100,72,124,56,102,9,111"/><W122/><G122/><T20/><D105/><U103/><E123/><V51/><F1/><W109/><G72/><T33/><D69/><U36/><E36/><V121/><F107/><W95/><G41/><T4/><D0/><U50/><E132/><N who="2" m="50763" /><F121/><W90/><G56/><T32/><D112/><U47/><E126/><V61/><F25/><N who="3" m="14519" /><G90/><T117/><D43/><U99/><E30/><V3/><F3/><N who="3" m="127" /><G9/><T115/><D80/><U97/><E48/><V118/><F118/><W101/><G124/><T93/><D117/><U114/><E114/><V79/><F40/><W113/><G113/><T44/><D44/><U45/><E45/><V27/><F27/><W128/><G128/><T37/><D37/><U22/><E12/><V130/><F130/><W110/><G102/><T63/><D115/><U5/><E5/><N who="2" m="3567" /><F79/><W53/><G53/><T35/><D89/><U75/><E75/><V57/><AGARI ba="3,1" hai="46,51,54,57,61,66,76,77" m="3567,50763" machi="57" ten="30,1100,0" yaku="20,1" doraHai="28" who="2" fromWho="2" sc="278,-6,190,-6,282,30,240,-8" owari="272,7.0,184,-32.0,312,42.0,232,-17.0" /></mjloggm>