<mjloggm ver="2.3"><GO type="41" lobby="0"/><UN n0="%E2%93%9D%53%75%70%68%78" n1="%E3%82%A8%E3%83%AB%E3%83%B3%E3%82%B9%E3%83%88" n2="%4E%4F%42%55%30%37%32%30" n3="%E3%83%92%E3%83%A7%E3%82%A6%E5%85%AC%E5%B0%86%E8%BB%8D" dan="18,13,13,13" rate="2091.13,1869.44,2036.99,1838.90" sx="M,M,M,M"/><TAIKYOKU oya="0"/><INIT seed="0,0,0,4,1,77" ten="250,250,250,250" oya="0" hai0="127,105,39,81,130,119,72,83,84,23,75,1,4" hai1="18,37,109,90,11,15,115,118,128,22,113,45,102" hai2="51,10,27,96,91,76,95,48,26,33,54,32,97" hai3="120,104,68,8,36,108,64,93,80,100,3,85,30"/><T34/><D34/><U7/><E118/><V132/><F132/><W29/><G108/><T5/><D119/><U38/><E128/><V124/><F124/><W110/><G104/><T103/><D39/><U92/><E102/><V0/><F0/><W57/><G110/><T43/><D43/><U65/><E65/><V24/><F10/><W70/><G36/><T60/><D1/><U17/><E109/><V16/><F32/><W58/><G70/><T129/><D60/><U69/><E69/><V116/><F51/><W125/><G68/><T122/><D23/><U49/><E38/><V2/><F2/><W107/><G107/><T67/><D67/><U40/><E37/><V21/><F33/><W13/><G3/><T121/><D84/><U123/><E123/><V135/><F135/><W106/><G106/><T9/><D105/><U78/><E78/><V14/><F76/><W86/><G120/><T62/><D62/><U61/><E61/><V28/><F28/><W111/><G64/><T112/><D103/><U12/><REACH who="1" step="1"/><E7/><REACH who="1" ten="250,240,250,250" step="2"/><V71/><F71/><W46/><G111/><T114/><REACH who="0" step="1"/><D9/><REACH who="0" ten="240,240,250,250" step="2"/><U74/><E74/><V55/><F116/><W56/><G100/><T101/><D101/><U31/><E31/><V41/><F41/><W134/><G8/><T126/><AGARI ba="0,2" hai="4,5,72,75,81,83,112,114,121,122,126,127,129,130" machi="126" ten="25,18000,2" yaku="1,1,0,1,22,2,52,2,53,0" doraHai="77" doraHaiUra="20" who="0" fromWho="0" sc="240,200,240,-60,250,-60,250,-60" /><INIT seed="0,1,0,0,2,77" ten="440,180,190,190" oya="0" hai0="97,131,104,115,12,105,127,65,35,59,30,123,21" hai1="74,106,13,72,69,20,27,83,128,73,37,100,26" hai2="98,7,120,112,56,0,4,63,64,89,28,121,43" hai3="40,11,125,108,80,96,29,107,22,2,15,95,54"/><T3/><D127/><U17/><E128/><V25/><F112/><W103/><G108/><T33/><D3/><U81/><E69/><V110/><F110/><W9/><G107/><T133/><D133/><U51/><E37/><V53/><F43/><W91/><G40/><T58/><D123/><U124/><E124/><V76/><F76/><W55/><G2/><T88/><D97/><U87/><E87/><V99/><F121/><W71/><G71/><T62/><D115/><U16/><E51/><V75/><F75/><W79/><G125/><T130/><D12/><U84/><E84/><V93/><F99/><W34/><G34/><T101/><D21/><U92/><E106/><V129/><F129/><W46/><G46/><T132/><D132/><U114/><E114/><V70/><F0/><W19/><G11/><T10/><D10/><U39/><E39/><V102/><F89/><W122/><G122/><T109/><D109/><U116/><E116/><V50/><F120/><W78/><G79/><T44/><D88/><U126/><E126/><V49/><F49/><W18/><G29/><T85/><D30/><U14/><E100/><V60/><F50/><W135/><G103/><T118/><D101/><U66/><E92/><V42/><F42/><W117/><G135/><T90/><D118/><U86/><E86/><V32/><AGARI ba="1,0" hai="4,7,25,28,32,53,56,60,63,64,70,93,98,102" machi="32" ten="20,1500,0" yaku="0,1,7,1" doraHai="77" who="2" fromWho="2" sc="440,-8,180,-5,190,18,190,-5" /><INIT seed="1,0,0,5,4,31" ten="432,175,208,185" oya="1" hai0="3,104,41,5,121,60,78,77,0,90,33,81,16" hai1="92,22,110,131,83,70,49,116,124,129,109,101,125" hai2="32,80,24,61,120,97,42,94,12,89,19,95,17" hai3="38,47,59,34,127,132,119,87,118,23,107,84,103"/><U18/><E70/><V91/><F120/><W67/><G23/><T57/><D33/><U102/><E49/><V20/><F80/><W130/><G107/><T62/><D5/><U7/><E7/><V10/><F42/><W21/><G103/><N who="1" m="39434" /><E18/><V122/><F122/><W86/><G21/><T54/><D62/><U51/><E51/><V105/><F61/><W66/><G47/><T63/><D63/><U43/><E43/><V1/><F105/><W112/><G38/><T76/><D104/><U56/><E56/><V128/><F128/><N who="1" m="49225" /><E22/><V106/><F106/><W4/><G59/><T52/><D41/><U9/><E9/><V72/><F72/><W65/><G130/><T26/><D54/><U64/><E64/><V13/><F1/><W25/><G4/><T44/><D44/><U134/><E116/><V99/><F12/><W135/><G112/><T75/><D121/><U82/><E92/><V85/><REACH who="2" step="1"/><F32/><REACH who="2" ten="432,175,198,185" step="2"/><W108/><G119/><T11/><D3/><U55/><E55/><V29/><F29/><W133/><G118/><T111/><D52/><U50/><E50/><V69/><F69/><W45/><G34/><T115/><D60/><U100/><E100/><V14/><F14/><W93/><G25/><T15/><D26/><U68/><E68/><V98/><AGARI ba="0,1" hai="10,13,17,19,20,24,85,89,91,94,95,97,98,99" machi="98" ten="20,5200,0" yaku="1,1,0,1,7,1,8,1,53,0" doraHai="31" doraHaiUra="36" who="2" fromWho="2" sc="432,-13,175,-26,198,62,185,-13" /><INIT seed="2,0,0,4,4,38" ten="419,149,260,172" oya="2" hai0="99,59,32,40,70,8,133,14,21,69,33,66,91" hai1="93,104,9,53,98,79,51,54,75,102,41,0,49" hai2="16,30,19,15,46,130,89,94,88,55,81,112,3" hai3="57,119,56,6,26,28,20,123,44,80,48,87,37"/><V131/><F3/><W108/><G123/><T42/><D133/><U18/><E104/><V124/><F112/><W110/><G37/><T74/><D74/><U50/><E75/><V35/><F124/><W128/><G6/><T126/><D21/><U101/><E79/><V76/><F89/><W47/><G119/><T67/><D59/><U61/><E0/><V132/><F132/><W27/><G128/><N who="2" m="49193" /><F30/><W92/><G92/><T85/><D99/><U115/><E115/><V116/><F35/><W117/><G47/><T23/><D23/><U78/><E78/><V82/><F116/><W12/><G27/><T4/><D33/><U83/><E83/><N who="2" m="31755" /><F15/><W13/><G117/><T90/><D32/><U97/><E61/><V134/><F76/><W106/><G13/><T17/><D126/><U120/><E120/><V118/><F134/><W68/><G12/><T24/><D91/><U2/><E2/><V100/><F100/><W72/><G72/><T52/><D24/><U103/><E93/><V31/><F31/><W95/><G95/><T107/><D90/><U58/><E9/><V10/><F10/><W111/><G106/><T64/><D107/><U73/><E73/><V34/><F34/><W86/><G28/><T11/><D11/><U96/><E18/><V129/><F129/><W22/><G26/><T125/><D17/><U114/><E114/><V25/><F25/><W45/><G80/><T60/><D125/><U43/><E58/><V122/><F118/><W62/><G22/><T36/><D8/><U105/><E105/><V63/><F122/><W121/><G121/><RYUUKYOKU ba="0,0" sc="419,-10,149,30,260,-10,172,-10" hai1="41,43,49,50,51,53,54,96,97,98,101,102,103" /><INIT seed="3,1,0,1,5,70" ten="409,179,250,162" oya="3" hai0="124,78,19,12,77,42,118,94,125,76,87,38,54" hai1="89,25,4,58,65,133,102,14,86,61,90,2,37" hai2="30,31,16,64,46,129,43,116,119,51,63,79,92" hai3="112,52,67,126,135,27,9,10,28,62,21,45,104"/><W80/><G104/><T97/><D54/><U24/><E133/><V32/><F129/><W132/><G112/><T98/><D118/><U84/><E2/><V95/><F116/><W44/><G126/><N who="0" m="48747" /><D42/><U100/><E37/><V15/><F79/><W96/><G96/><N who="0" m="36971" /><D38/><U93/><E4/><V108/><F108/><W7/><G80/><N who="0" m="47495" /><D94/><U66/><E14/><V49/><F119/><W113/><G113/><T107/><D107/><U83/><REACH who="1" step="1"/><E65/><REACH who="1" ten="409,169,250,162" step="2"/><V123/><F64/><W110/><G67/><T17/><D12/><U29/><E29/><V20/><F31/><W6/><G110/><T48/><D19/><U131/><E131/><V91/><F30/><W120/><G132/><T8/><D17/><U26/><AGARI ba="1,1" hai="24,25,26,58,61,66,83,84,86,89,90,93,100,102" machi="26" ten="30,4000,0" yaku="1,1,0,1,8,1,53,0" doraHai="70" doraHaiUra="74" who="1" fromWho="1" sc="409,-11,169,53,250,-11,162,-21" /><INIT seed="4,0,0,2,3,107" ten="398,222,239,141" oya="0" hai0="128,16,115,100,87,36,22,60,53,25,1,7,62" hai1="14,67,118,11,58,48,101,38,69,42,83,54,71" hai2="41,105,81,2,102,84,109,35,106,98,26,82,133" hai3="55,51,37,45,125,31,99,63,21,66,61,113,40"/><T70/><D115/><U47/><E118/><V90/><F2/><W39/><G99/><T9/><D36/><N who="3" m="13897" /><G21/><T80/><D128/><U121/><E121/><V132/><F41/><W34/><G31/><T134/><D134/><U12/><E101/><V73/><F26/><W15/><G34/><T91/><D70/><U17/><E71/><V29/><F29/><W77/><G15/><T103/><REACH who="0" step="1"/><D53/><REACH who="0" ten="388,222,239,141" step="2"/><U119/><E119/><V44/><F109/><W18/><G113/><T96/><D96/><U68/><E67/><V72/><F35/><W49/><G66/><T5/><D5/><U86/><REACH who="1" step="1"/><E12/><REACH who="1" ten="388,212,239,141" step="2"/><V57/><F132/><W43/><G40/><T116/><D116/><U20/><E20/><V85/><F133/><W130/><G43/><T0/><D0/><U89/><AGARI ba="0,2" hai="11,14,17,38,42,47,48,54,58,68,69,83,86,89" machi="89" ten="20,2700,0" yaku="1,1,0,1,7,1,53,0" doraHai="107" doraHaiUra="120" who="1" fromWho="1" sc="388,-13,212,47,239,-7,141,-7" /><INIT seed="5,0,0,5,1,5" ten="375,259,232,134" oya="1" hai0="120,12,88,57,58,14,40,17,65,48,66,32,51" hai1="68,98,2,72,76,106,131,70,101,112,61,78,121" hai2="69,125,25,92,27,129,24,8,39,28,82,19,110" hai3="46,10,117,47,36,44,86,42,119,134,96,33,0"/><U100/><E121/><V43/><F69/><W85/><G33/><T91/><D32/><U15/><E2/><V103/><F110/><W16/><G0/><T127/><D127/><U6/><E131/><V52/><F43/><W95/><G134/><T81/><D40/><U26/><E112/><V90/><F103/><W97/><G36/><T53/><D81/><U59/><E101/><V122/><F39/><W79/><G42/><T115/><D115/><U21/><E70/><V7/><F129/><W34/><G34/><T111/><D17/><U105/><E68/><V11/><F82/><W77/><G95/><T20/><D20/><U62/><E106/><V73/><F73/><W74/><G74/><T113/><D113/><U1/><E1/><V9/><F19/><W99/><G16/><T89/><D120/><U60/><E72/><V118/><F118/><W87/><REACH who="3" step="1"/><G10/><REACH who="3" ten="375,259,232,124" step="2"/><T83/><D111/><U108/><E108/><V45/><F125/><W93/><G93/><T4/><D4/><U54/><E6/><V35/><F7/><W29/><G29/><T116/><D116/><AGARI ba="0,1" hai="44,46,47,77,79,85,86,87,96,97,99,116,117,119" machi="116" ten="50,12000,2" yaku="1,1,29,2,28,2,12,1,53,0" doraHai="5" doraHaiUra="22" who="3" fromWho="0" sc="375,-120,259,0,232,0,124,130" /><INIT seed="6,0,0,2,3,30" ten="255,259,232,254" oya="2" hai0="114,87,108,95,123,46,43,18,42,129,62,105,26" hai1="112,76,102,54,97,11,92,111,119,0,74,90,131" hai2="126,78,3,57,71,45,13,77,128,86,88,25,101" hai3="22,96,27,41,130,85,21,83,63,106,124,68,33"/><V117/><F71/><W49/><G124/><T20/><D108/><U67/><E119/><V81/><F3/><W40/><G130/><T38/><D105/><U35/><E111/><V6/><F117/><W100/><G41/><T53/><D123/><U80/><E131/><V8/><F126/><W94/><G94/><T65/><D114/><U17/><E35/><V44/><F128/><W5/><G5/><T61/><D129/><U107/><E112/><V115/><F115/><W55/><G40/><T37/><D53/><U32/><E32/><V14/><F101/><W110/><G110/><T118/><D118/><U103/><E67/><V39/><F57/><W24/><G24/><T23/><D23/><U56/><E0/><V132/><F132/><W36/><G36/><T91/><REACH who="0" step="1"/><D65/><REACH who="0" ten="245,259,232,254" step="2"/><U133/><E133/><V34/><F39/><W16/><G22/><T73/><D73/><U93/><E11/><V79/><REACH who="2" step="1"/><F14/><REACH who="2" ten="245,259,222,254" step="2"/><W109/><G109/><T29/><D29/><AGARI ba="0,2" hai="6,8,13,25,29,34,44,45,77,78,79,81,86,88" machi="29" ten="40,12000,1" yaku="1,1,2,1,52,1,54,1,53,0" doraHai="30" doraHaiUra="51" who="2" fromWho="0" sc="245,-120,259,0,222,140,254,0" /><INIT seed="6,1,0,1,4,118" ten="125,259,362,254" oya="2" hai0="58,16,86,100,116,7,27,36,30,69,95,129,103" hai1="29,42,18,127,35,87,97,59,24,28,14,104,130" hai2="40,32,4,60,25,91,96,79,107,68,38,6,55" hai3="111,50,81,47,133,112,85,122,13,114,124,106,83"/><V31/><F79/><W132/><G13/><T46/><D116/><U101/><E127/><V134/><F134/><N who="3" m="51819" /><G106/><T94/><D69/><U102/><E130/><V78/><F78/><W8/><G8/><T1/><D129/><U33/><E42/><V26/><F26/><W117/><G111/><T21/><D36/><U9/><E102/><V61/><F107/><W64/><G117/><T3/><D46/><U63/><E87/><V62/><F68/><W72/><G64/><T19/><D7/><U120/><E29/><V0/><F0/><W49/><G124/><T71/><D71/><U43/><E43/><V52/><F40/><N who="3" m="24935" /><G72/><T92/><D3/><U48/><E48/><V5/><F38/><W17/><G17/><T93/><D1/><U75/><E75/><V77/><F77/><N who="3" m="46255" /><G49/><T74/><D74/><U113/><E113/><N who="3" m="43626" /><G83/><T73/><D73/><U67/><REACH who="1" step="1"/><E33/><REACH who="1" ten="125,249,362,254" step="2"/><V135/><F135/><W121/><AGARI ba="1,1" hai="121,122" m="43626,46255,24935,51819" machi="121" ten="40,8000,1" yaku="20,1,15,1,11,1,52,2" doraHai="118" who="3" fromWho="3" sc="125,-21,249,-21,362,-41,254,93" /><INIT seed="7,0,0,5,0,67" ten="104,228,321,347" oya="3" hai0="68,123,13,134,20,77,81,65,135,53,98,11,111" hai1="5,17,126,66,29,49,6,63,103,36,46,19,100" hai2="4,92,21,97,38,129,55,120,64,87,73,42,130" hai3="83,75,72,12,79,131,101,18,62,50,24,43,70"/><W94/><G131/><T2/><D123/><U112/><E126/><V90/><F73/><W108/><G75/><T25/><D111/><U51/><E36/><V114/><F38/><W106/><G24/><T122/><D122/><U117/><E117/><V9/><F42/><W54/><G43/><T76/><D2/><U40/><E112/><V125/><F120/><W86/><G108/><T56/><D98/><U118/><E118/><V37/><F37/><W109/><G109/><T41/><D41/><U82/><E29/><V93/><F125/><W0/><G0/><T99/><D99/><U47/><E17/><V39/><F114/><W61/><G70/><T116/><D116/><U34/><E34/><V110/><F21/><N who="3" m="11463" /><G106/><T23/><D135/><U33/><E33/><V45/><F64/><W132/><G72/><T1/><D1/><U133/><E133/><V57/><F45/><N who="3" m="27983" /><G132/><T128/><D128/><U102/><E19/><V28/><F28/><W52/><G52/><T124/><D124/><U31/><E31/><V84/><F39/><W32/><G32/><T96/><D134/><U91/><E82/><V104/><F104/><W58/><G58/><T121/><D121/><U105/><E105/><V35/><F35/><W74/><G74/><T14/><D81/><U113/><E113/><V69/><F110/><W7/><G7/><T8/><D56/><U127/><E127/><V48/><F130/><W59/><G59/><T78/><D53/><U95/><E66/><V26/><F129/><W22/><G22/><T80/><D23/><U88/><E63/><V119/><F119/><RYUUKYOKU ba="0,0" sc="104,-10,228,-10,321,-10,347,30" hai3="61,62,79,83,86,94,101" owari="94,-41.0,218,-18.0,311,11.0,377,48.0" /></mjloggm>