<mjloggm ver="2.3"><GO type="41" lobby="0"/><UN n0="%E3%82%89%E3%81%A8%E3%82%8A" n1="%E2%93%9D%53%75%70%68%78" n2="%E6%8E%A5%E7%B7%9A%4C" n3="%73%69%73%69%6B%6F%74%6F" dan="15,18,15,15" rate="1984.03,2157.67,2010.83,2016.89" sx="M,M,M,M"/><TAIKYOKU oya="0"/><INIT seed="0,0,0,1,5,60" ten="250,250,250,250" oya="0" hai0="2,118,62,133,122,34,69,13,129,42,49,3,80" hai1="89,33,76,38,102,54,95,75,20,104,18,9,88" hai2="55,47,39,46,10,85,23,61,30,24,27,106,97" hai3="0,72,28,99,66,78,12,43,96,59,35,26,115"/><T109/><D118/><U1/><E33/><V121/><F121/><W16/><G0/><T135/><D34/><U124/><E38/><V8/><F27/><W41/><G115/><T103/><D122/><U68/><E68/><V79/><F106/><W11/><G72/><T94/><D129/><U32/><E124/><V98/><F39/><W90/><G78/><T51/><D80/><U22/><E32/><V53/><F79/><W132/><G132/><N who="0" m="50763" /><D13/><U21/><E104/><V57/><F85/><W36/><G36/><T25/><D25/><U48/><E76/><V131/><F131/><W120/><G120/><T5/><D5/><U73/><E73/><V64/><F55/><W14/><G14/><T125/><D125/><U63/><E75/><V45/><F53/><W123/><G123/><T130/><D109/><U82/><E82/><V50/><F50/><N who="0" m="18954" /><D42/><U105/><E1/><V71/><F71/><W113/><G43/><T67/><D130/><U84/><E105/><V128/><F128/><W134/><G41/><T116/><D116/><U107/><E107/><V70/><F70/><W93/><G134/><T4/><D4/><U65/><E18/><V108/><F108/><W74/><G74/><T111/><D111/><U119/><E119/><V83/><F83/><W126/><G126/><T77/><D77/><U92/><E48/><V40/><F40/><W7/><G7/><T58/><D69/><U91/><E54/><V112/><F112/><W114/><REACH who="3" step="1"/><G99/><AGARI ba="0,0" hai="2,3,58,62,67,94,99,103" m="18954,50763" machi="99" ten="30,2900,0" yaku="20,1,52,1" doraHai="60" who="0" fromWho="3" sc="250,29,250,0,250,0,250,-29" /><AGARI ba="0,0" hai="8,10,23,24,30,45,46,47,57,61,64,97,98,99" machi="99" ten="40,2600,0" yaku="8,1,52,1" doraHai="60" who="2" fromWho="3" sc="279,0,250,0,250,26,221,-26" /><INIT seed="0,1,0,1,2,46" ten="279,250,276,195" oya="0" hai0="130,79,128,20,64,92,102,37,11,27,1,89,80" hai1="41,88,67,113,91,95,69,81,44,9,116,101,59" hai2="3,120,115,129,54,127,78,52,53,93,99,19,31" hai3="13,121,47,60,24,76,17,15,50,85,70,90,22"/><T97/><D37/><U23/><E69/><V30/><F120/><W65/><G121/><T5/><D64/><U16/><E116/><V134/><F115/><W125/><G76/><T110/><D110/><U131/><E131/><V34/><F3/><W18/><G125/><T62/><D62/><U35/><E35/><V112/><F112/><W12/><G18/><T124/><D124/><U40/><E9/><V117/><F129/><N who="0" m="49770" /><D79/><U71/><E71/><V32/><F117/><W33/><G33/><T96/><D80/><U77/><E101/><V38/><F38/><W61/><G61/><T98/><D102/><U74/><E113/><V123/><F123/><W8/><G8/><T2/><D2/><U73/><E73/><V133/><F78/><W25/><G25/><T51/><D51/><U82/><E82/><V135/><F127/><W105/><G105/><T108/><D108/><U84/><E91/><V126/><F126/><W43/><REACH who="3" step="1"/><G24/><REACH who="3" ten="279,250,276,185" step="2"/><T56/><D56/><U86/><E74/><V48/><F19/><AGARI ba="1,1" hai="1,5,11,19,20,27,89,92,96,97,98" m="49770" machi="19" ten="30,1500,0" yaku="19,1" doraHai="46" who="0" fromWho="2" sc="279,28,250,0,276,-18,185,0" /><INIT seed="0,2,0,5,4,56" ten="307,250,258,185" oya="0" hai0="12,28,93,45,81,41,50,107,109,97,127,90,102" hai1="115,133,52,120,86,61,101,10,64,43,62,88,126" hai2="53,36,51,89,124,21,2,110,25,9,5,113,23" hai3="47,118,91,27,111,106,103,33,78,19,35,48,130"/><T129/><D129/><U114/><E120/><V79/><F110/><W31/><G118/><T80/><D127/><U117/><E117/><V30/><F113/><N who="1" m="43017" /><E43/><V116/><F36/><W70/><G111/><T58/><D109/><U121/><E121/><V46/><F124/><W0/><G0/><T122/><D122/><U29/><E133/><V85/><F116/><W44/><G78/><T55/><D28/><U96/><E29/><V98/><F79/><W16/><G70/><T49/><REACH who="0" step="1"/><D12/><REACH who="0" ten="297,250,258,185" step="2"/><U22/><E126/><V134/><F134/><W15/><G130/><T112/><D112/><U76/><E76/><V125/><F125/><W69/><G15/><T92/><D92/><U1/><E1/><V119/><F119/><W135/><G135/><T6/><D6/><U99/><E10/><V100/><F9/><W3/><G3/><T63/><D63/><U4/><E4/><V40/><F5/><W84/><G31/><T87/><AGARI ba="2,1" hai="41,45,49,50,55,58,80,81,87,90,93,97,102,107" machi="87" ten="20,7800,0" yaku="1,1,0,1,7,1,53,1" doraHai="56" doraHaiUra="38" who="0" fromWho="0" sc="297,94,250,-28,258,-28,185,-28" /><INIT seed="0,3,0,4,4,91" ten="391,222,230,157" oya="0" hai0="83,60,16,43,51,62,1,69,19,124,27,93,53" hai1="24,120,71,79,18,35,90,135,104,61,17,97,87" hai2="123,103,84,126,118,76,108,89,130,34,7,121,59" hai3="127,82,21,56,72,102,11,85,77,109,57,100,5"/><T128/><D128/><U46/><E120/><V101/><F34/><W26/><G127/><T48/><D1/><U30/><E79/><V33/><F33/><W116/><G116/><T74/><D124/><U95/><E135/><V44/><F7/><W23/><G109/><T38/><D38/><U14/><E46/><V86/><F59/><W92/><G23/><T65/><D74/><U42/><E42/><V52/><F44/><W36/><G36/><T115/><D115/><U132/><E132/><V98/><F52/><W117/><G117/><T15/><D83/><U106/><E14/><V70/><F70/><W119/><G119/><T32/><D43/><U113/><E113/><V31/><F31/><W0/><G102/><T8/><D93/><U67/><E106/><V49/><F49/><W105/><G105/><T2/><D2/><U110/><E110/><V55/><F55/><W75/><G75/><T112/><D112/><U13/><E13/><V29/><F29/><W107/><G107/><T50/><D60/><U125/><E125/><V66/><F118/><W58/><G72/><T122/><D122/><U131/><E131/><V40/><F40/><W133/><G133/><T99/><D99/><U54/><E54/><V37/><F37/><W129/><G129/><T45/><REACH who="0" step="1"/><D19/><REACH who="0" ten="381,222,230,157" step="2"/><U134/><E134/><V63/><F126/><W10/><G0/><T68/><D68/><U3/><E3/><V78/><F121/><W88/><G5/><T114/><D114/><U22/><E104/><V28/><F123/><W73/><G100/><T39/><D39/><U9/><E71/><RYUUKYOKU ba="3,1" sc="381,15,222,-15,230,-15,157,15" hai0="8,15,16,27,32,45,48,50,51,53,62,65,69" hai3="10,11,21,26,56,57,58,73,77,82,85,88,92" /><INIT seed="0,4,1,4,0,106" ten="396,207,215,172" oya="0" hai0="3,34,22,57,110,125,56,38,76,52,46,79,6" hai1="39,53,107,28,11,26,114,21,70,54,117,0,24" hai2="15,95,120,48,66,18,111,65,69,105,25,43,103" hai3="126,101,83,94,63,86,13,108,74,112,4,9,49"/><T113/><D113/><U40/><E107/><V85/><F120/><W82/><G112/><T16/><D34/><U80/><E70/><V27/><F105/><W127/><G108/><T20/><D125/><U51/><E39/><V42/><F69/><W5/><G63/><T2/><D6/><U58/><E40/><N who="2" m="15403" /><F48/><W122/><G122/><T45/><D38/><U93/><E117/><V131/><F131/><W67/><G67/><N who="2" m="25609" /><F111/><W129/><G129/><T61/><D110/><U23/><E114/><V50/><F50/><W78/><G49/><N who="0" m="30735" /><D3/><U130/><E130/><V29/><F29/><W14/><G101/><T8/><D2/><U77/><E54/><V123/><F123/><W92/><G5/><T64/><D46/><U109/><E109/><V81/><F95/><W134/><G134/><T89/><D45/><U100/><E0/><V7/><F103/><W84/><G14/><N who="0" m="7239" /><D89/><U96/><E100/><V133/><F133/><W37/><G37/><T75/><D75/><U44/><E44/><V118/><F7/><W60/><G74/><T119/><D119/><U91/><E91/><N who="2" m="51631" /><F118/><W97/><G127/><T116/><D116/><U62/><E51/><V115/><F115/><W99/><G126/><T47/><D47/><U104/><E104/><V10/><AGARI ba="4,1" hai="10,15,18,25,27" m="51631,25609,15403" machi="10" ten="30,1100,0" yaku="8,1" doraHai="106" who="2" fromWho="2" sc="396,-9,207,-7,215,33,172,-7" /><INIT seed="1,0,0,3,3,76" ten="387,200,248,165" oya="1" hai0="94,91,61,45,78,123,6,24,104,22,120,70,90" hai1="84,53,63,125,116,10,9,98,86,88,117,127,119" hai2="26,25,44,100,89,64,3,2,102,41,105,34,95" hai3="49,12,131,14,57,48,28,11,59,31,5,39,32"/><U81/><E98/><V18/><F64/><W13/><G39/><T118/><D104/><U124/><E86/><V55/><F55/><W52/><G131/><T19/><D118/><U111/><E111/><V21/><F3/><W60/><G32/><T4/><D78/><U7/><E7/><V97/><F2/><W101/><G101/><T103/><D45/><U33/><E33/><V56/><F56/><AGARI ba="0,0" hai="9,10,53,56,63,81,84,88,116,117,119,124,125,127" machi="56" ten="50,9600,0" yaku="18,1,52,1,54,1" doraHai="76" who="1" fromWho="2" sc="387,0,200,96,248,-96,165,0" /><INIT seed="1,1,0,4,2,31" ten="387,296,152,165" oya="1" hai0="29,90,12,52,130,97,21,83,57,58,1,113,96" hai1="67,78,26,64,92,62,15,131,65,60,2,71,106" hai2="132,66,17,84,22,81,56,47,36,109,121,28,120" hai3="74,124,135,93,0,34,4,105,86,51,40,101,85"/><U77/><E106/><V61/><F109/><W76/><G105/><T95/><D1/><U16/><E2/><V73/><F73/><W37/><G37/><T43/><D130/><U42/><E131/><V33/><F132/><W111/><G4/><T59/><D113/><U50/><E26/><V107/><F107/><W79/><G0/><T49/><D43/><U116/><E116/><V75/><F75/><W20/><G20/><T88/><D29/><U100/><E100/><V48/><F36/><W128/><G40/><T126/><D126/><U99/><E71/><V14/><F28/><W87/><G51/><T98/><D83/><U10/><E92/><V115/><F115/><W46/><G46/><T110/><D110/><U129/><E99/><V18/><F17/><W9/><G9/><T104/><D104/><U5/><E5/><V127/><F127/><W44/><G44/><T3/><D3/><U72/><E72/><V133/><F133/><W80/><G34/><T24/><D24/><U82/><E129/><V30/><F30/><W27/><G27/><T114/><D114/><U39/><E39/><V25/><F25/><W32/><G32/><T54/><D54/><U7/><E7/><V119/><F119/><W11/><G124/><T8/><D21/><U70/><E70/><V103/><F33/><W91/><G128/><T112/><D112/><U41/><E41/><N who="2" m="24687" /><F103/><W19/><G135/><T6/><D90/><U102/><E102/><V69/><F69/><W55/><G101/><T53/><D53/><U45/><E78/><N who="3" m="29738" /><G55/><T123/><D123/><U38/><E38/><RYUUKYOKU ba="1,0" sc="387,10,296,10,152,10,165,-30" hai0="6,8,12,49,52,57,58,59,88,95,96,97,98" hai1="10,15,16,42,45,50,60,62,64,65,67,77,82" hai2="14,18,22,56,61,66,81,84,120,121" /><INIT seed="1,2,0,2,2,107" ten="397,306,162,135" oya="1" hai0="84,97,38,111,0,116,45,73,28,4,22,18,15" hai1="82,134,79,43,49,66,85,101,68,31,112,44,12" hai2="95,78,108,103,13,48,70,67,2,42,117,8,20" hai3="46,11,110,26,92,127,71,55,132,91,9,41,37"/><U77/><E112/><V51/><F117/><W23/><G71/><T93/><D116/><U75/><E134/><V10/><F70/><W86/><G132/><T62/><D111/><U129/><E129/><V1/><F67/><W76/><G127/><T3/><D28/><U19/><E101/><V7/><F78/><W29/><G110/><T17/><D4/><U124/><E31/><V33/><F33/><W106/><G106/><T135/><D135/><U69/><E124/><V25/><F42/><W64/><G64/><T65/><D73/><U32/><E32/><V121/><F121/><W53/><G76/><T104/><D84/><U59/><E85/><V114/><F114/><W102/><G102/><T35/><D18/><U40/><E40/><V123/><F123/><W83/><G92/><T119/><D104/><U131/><E131/><V120/><F120/><W60/><G60/><T34/><D3/><U72/><E59/><V88/><F103/><W113/><G113/><T21/><D0/><U87/><E79/><V100/><F100/><W6/><G11/><T50/><D22/><U122/><E122/><V30/><F1/><AGARI ba="2,0" hai="1,6,9,23,26,29,37,41,46,53,55,83,86,91" machi="1" ten="30,1000,0" yaku="7,1" doraHai="107" who="3" fromWho="2" sc="397,0,306,0,162,-16,135,16" /><INIT seed="2,0,0,1,0,69" ten="397,306,146,151" oya="2" hai0="89,64,90,130,91,97,52,74,131,135,104,10,112" hai1="33,48,86,88,126,99,78,30,22,82,44,93,71" hai2="25,76,62,14,80,125,92,121,41,21,32,20,12" hai3="43,75,65,24,38,3,108,9,119,61,28,100,49"/><V118/><F118/><W68/><G119/><T66/><D112/><U127/><E33/><V50/><F121/><W134/><G134/><T77/><D135/><U17/><E71/><V35/><F125/><W109/><G49/><T45/><D10/><U39/><E30/><V73/><F62/><W7/><G100/><N who="0" m="62479" /><D77/><U0/><E0/><V53/><F41/><W123/><G123/><T84/><D84/><U1/><E1/><V31/><F92/><W11/><G11/><T116/><D74/><U4/><E4/><V67/><F67/><W128/><G128/><N who="0" m="49195" /><D116/><U107/><E107/><V120/><F120/><W83/><G83/><T111/><D111/><U58/><E58/><V56/><REACH who="2" step="1"/><F21/><REACH who="2" ten="397,306,136,151" step="2"/><W102/><G109/><T122/><D122/><U79/><E127/><V8/><F8/><W110/><G110/><T98/><D98/><U5/><E126/><V29/><F29/><W54/><G108/><T55/><D55/><U23/><E23/><V103/><F103/><W87/><G54/><T15/><D66/><U114/><E99/><V26/><F26/><W2/><G43/><T18/><D64/><U94/><E22/><V85/><F85/><W6/><G87/><T19/><D52/><U47/><E86/><V113/><F113/><W37/><G102/><T63/><D63/><U105/><E114/><V13/><AGARI ba="0,1" hai="12,13,14,20,25,31,32,35,50,53,56,73,76,80" machi="13" ten="30,3000,0" yaku="1,1,0,1,53,0" doraHai="69" doraHaiUra="60" who="2" fromWho="2" sc="397,-10,306,-10,136,40,151,-10" /><INIT seed="2,1,0,3,4,116" ten="387,296,176,141" oya="2" hai0="92,83,53,3,29,102,59,68,48,124,21,56,54" hai1="49,122,20,106,52,123,99,42,88,65,38,135,76" hai2="27,30,103,63,50,9,4,5,105,74,132,15,75" hai3="60,111,79,96,37,46,127,19,57,125,0,34,104"/><V25/><F132/><W84/><G34/><T72/><D124/><U113/><E113/><V44/><F4/><W11/><G111/><T90/><D68/><U134/><E76/><V8/><F8/><W62/><G104/><T12/><D3/><U119/><E65/><V16/><F5/><W94/><G62/><T85/><D102/><U86/><E42/><V69/><F27/><W107/><G107/><T39/><D39/><U43/><E43/><V31/><F31/><W36/><G46/><T81/><D72/><U70/><E70/><V17/><F17/><W33/><G33/><T108/><D108/><U121/><E119/><V98/><F50/><W1/><G19/><N who="0" m="10471" /><D29/><U10/><E38/><N who="3" m="14954" /><G11/><T82/><D82/><N who="1" m="49239" /><E20/><V64/><REACH who="2" step="1"/><F44/><REACH who="2" ten="387,296,166,141" step="2"/><W41/><G0/><T77/><D77/><U133/><E10/><V18/><F18/><W87/><G1/><T45/><D45/><N who="1" m="27695" /><E135/><V24/><F24/><W91/><G79/><T118/><D118/><U120/><E120/><V109/><F109/><W67/><G41/><T58/><D48/><U66/><E134/><V128/><F128/><W51/><G51/><T28/><D28/><U35/><E133/><V2/><F2/><W110/><G110/><T47/><D47/><U112/><E123/><V101/><F101/><W55/><G127/><T126/><D126/><U117/><E117/><V40/><F40/><W23/><G125/><T22/><D22/><AGARI ba="1,1" hai="9,15,16,22,25,30,63,64,69,74,75,98,103,105" machi="22" ten="30,11600,0" yaku="1,1,7,1,54,1,53,1" doraHai="116" doraHaiUra="61" who="2" fromWho="0" sc="387,-119,296,0,166,129,141,0" /><INIT seed="2,2,0,5,5,122" ten="268,296,295,141" oya="2" hai0="39,106,109,12,23,134,127,11,79,1,97,129,112" hai1="121,71,82,2,49,0,38,66,78,46,89,131,108" hai2="92,91,114,47,80,77,63,27,95,68,76,24,107" hai3="9,10,120,52,41,32,6,115,100,65,21,36,128"/><V25/><F107/><W16/><G32/><T40/><D23/><U45/><E131/><V116/><F114/><W31/><G120/><T14/><D97/><U56/><E121/><V59/><F68/><W3/><G31/><T26/><D79/><U105/><E89/><V37/><F116/><W17/><G10/><T13/><D40/><U124/><E124/><V57/><F77/><W93/><G65/><T44/><D44/><U58/><E105/><V133/><F133/><W64/><G64/><T60/><D60/><U103/><E103/><V96/><F95/><W51/><G115/><T104/><D26/><U20/><E38/><V98/><F96/><W90/><G100/><T85/><D11/><U34/><E34/><V54/><F59/><W62/><G62/><T67/><D67/><U94/><E58/><V55/><F37/><W53/><G36/><T111/><D14/><U22/><E2/><V118/><F118/><W33/><G33/><T4/><D4/><U119/><E0/><V125/><F125/><W123/><G17/><T83/><D1/><U130/><E71/><V86/><F47/><N who="3" m="26095" /><G123/><T69/><D39/><U8/><E66/><AGARI ba="2,0" hai="24,25,27,54,55,57,63,66,76,80,86,91,92,98" machi="66" ten="40,2000,0" yaku="8,1" doraHai="122" who="2" fromWho="1" sc="268,0,296,-26,295,26,141,0" /><INIT seed="2,3,0,2,3,51" ten="268,270,321,141" oya="2" hai0="39,108,2,107,48,103,64,93,87,79,0,9,14" hai1="30,34,7,117,26,118,66,42,49,90,65,52,43" hai2="88,131,60,25,36,134,75,120,46,63,98,3,72" hai3="54,10,127,58,135,37,33,96,38,45,6,11,129"/><V12/><F3/><W35/><G11/><T40/><D39/><U5/><E90/><V15/><F120/><W115/><G115/><T68/><D107/><U17/><E17/><V105/><F36/><W22/><G127/><T122/><D68/><U16/><E16/><V69/><F46/><W133/><G22/><T20/><D64/><U130/><E130/><V113/><F113/><W29/><G129/><T1/><D122/><U114/><E114/><V8/><F131/><W111/><G111/><T47/><D108/><U31/><E49/><V27/><F105/><W57/><G57/><T132/><D132/><N who="3" m="50761" /><G96/><T123/><D123/><U50/><E50/><V116/><F134/><W95/><G95/><T100/><D20/><U92/><E92/><V77/><F69/><W126/><G126/><T73/><D73/><U89/><E26/><V104/><F104/><W59/><G59/><T44/><D44/><U119/><E119/><V70/><F70/><W53/><G38/><T125/><D125/><U109/><E109/><V112/><F112/><W82/><G82/><T21/><D21/><U97/><E97/><V4/><F116/><W124/><G124/><T61/><D61/><U71/><E71/><V55/><F63/><N who="3" m="36303" /><G29/><T84/><D93/><U80/><E80/><N who="2" m="45095" /><F75/><W121/><G121/><T23/><D23/><U13/><E118/><V24/><F60/><W62/><G37/><T99/><D99/><U41/><E117/><V91/><F98/><W67/><G67/><T74/><D74/><U81/><E66/><V76/><F27/><W102/><G62/><T101/><D79/><RYUUKYOKU ba="3,0" sc="268,30,270,-10,321,-10,141,-10" hai0="0,1,2,9,14,40,47,48,84,87,100,101,103" /><INIT seed="3,4,0,3,4,74" ten="298,260,311,131" oya="3" hai0="93,54,28,134,101,105,29,32,43,118,131,5,126" hai1="122,100,104,80,23,135,57,78,106,64,27,17,117" hai2="52,88,119,82,53,21,107,8,10,41,46,111,35" hai3="84,68,22,49,127,13,113,71,55,114,99,56,96"/><W63/><G127/><T1/><D105/><U85/><E122/><V87/><F35/><W77/><G114/><T125/><D43/><U26/><E135/><V116/><F107/><W34/><G34/><T3/><D54/><U120/><E120/><V112/><F112/><W91/><G113/><T24/><D93/><U12/><E117/><V133/><F133/><W72/><G72/><T103/><D101/><U7/><E106/><V73/><F73/><W51/><G71/><T123/><D103/><U36/><E36/><V42/><F111/><W2/><G2/><N who="0" m="523" /><D134/><U128/><E128/><V66/><F66/><W50/><G68/><T108/><D123/><U31/><E7/><V20/><F87/><W90/><G90/><T76/><D76/><U129/><E129/><V30/><F30/><W11/><G22/><N who="0" m="15383" /><D131/><U59/><E64/><V40/><F82/><N who="3" m="47183" /><G91/><T89/><D89/><U79/><E79/><V121/><F88/><W15/><G15/><T62/><D108/><U58/><REACH who="1" step="1"/><E31/><REACH who="1" ten="298,250,311,131" step="2"/><V95/><F121/><W0/><G0/><T44/><D118/><U18/><E18/><AGARI ba="4,1" hai="11,13,18,49,50,51,55,56,63,96,99" m="47183" machi="18" ten="30,2900,0" yaku="8,1,52,1" doraHai="74" who="3" fromWho="1" sc="298,0,250,-41,311,0,131,51" /><INIT seed="3,5,0,3,5,131" ten="298,209,311,182" oya="3" hai0="109,27,52,12,95,69,93,80,1,65,67,68,114" hai1="66,46,96,122,39,75,10,44,81,15,23,86,99" hai2="123,100,0,101,33,22,11,54,55,47,70,117,63" hai3="111,116,7,45,74,104,8,2,57,78,29,50,58"/><W85/><G104/><T124/><D124/><U48/><E75/><V14/><F33/><W59/><G116/><T127/><D1/><U19/><E122/><V130/><F117/><W133/><G74/><T35/><D127/><U121/><E121/><V20/><F130/><W115/><G115/><T134/><D109/><U5/><E66/><V90/><F0/><W129/><G129/><T61/><D114/><U6/><E46/><V56/><F70/><W36/><G36/><T106/><D106/><U98/><E39/><V71/><F71/><W91/><G78/><T72/><D12/><U60/><E60/><V38/><F123/><W24/><G111/><T79/><D67/><U13/><E6/><V42/><F55/><W118/><G118/><T40/><D40/><U89/><REACH who="1" step="1"/><E99/><REACH who="1" ten="298,199,311,182" step="2"/><V25/><F47/><W64/><G64/><T125/><D69/><U17/><E17/><V102/><F38/><W18/><G18/><T84/><D72/><U37/><E37/><V82/><F63/><W103/><G45/><T128/><D128/><U83/><E83/><V108/><F82/><W73/><G50/><T87/><D68/><U132/><E132/><V53/><F108/><W110/><G73/><T76/><D134/><U113/><E113/><V4/><F4/><W28/><G110/><T26/><D125/><U21/><E21/><V43/><F22/><N who="3" m="15511" /><G133/><T97/><D65/><U51/><E51/><V30/><F20/><W3/><G28/><T105/><D97/><U135/><E135/><V120/><F30/><W88/><G7/><T9/><D61/><U62/><E62/><RYUUKYOKU ba="5,1" sc="298,-10,199,30,311,-10,182,-10" hai1="5,10,13,15,19,23,44,48,81,86,89,96,98" /><INIT seed="4,6,1,4,3,134" ten="288,229,301,172" oya="0" hai0="120,78,76,59,106,122,55,42,116,9,125,117,124" hai1="68,79,15,130,50,44,19,8,30,45,129,135,69" hai2="64,16,99,23,71,0,43,58,25,1,102,91,104" hai3="101,75,31,39,27,56,57,29,33,72,118,66,52"/><T13/><D106/><U94/><E135/><V87/><F71/><W22/><G39/><T77/><D42/><U32/><E79/><V107/><F107/><W24/><G118/><T35/><D35/><U132/><E132/><V115/><F115/><W14/><G101/><T63/><D117/><U80/><E80/><V74/><F74/><W5/><G66/><T93/><D93/><U6/><E45/><V70/><F70/><W131/><G131/><N who="1" m="50186" /><E94/><V111/><F111/><W28/><G57/><T12/><D116/><U10/><E30/><V60/><REACH who="2" step="1"/><F43/><REACH who="2" ten="288,229,291,172" step="2"/><W2/><G75/><T127/><REACH who="0" step="1"/><D13/><REACH who="0" ten="278,229,291,172" step="2"/><N who="1" m="7591" /><E32/><V81/><AGARI ba="6,3" hai="0,1,16,23,25,58,60,64,81,87,91,99,102,104" machi="81" ten="20,8000,1" yaku="1,1,0,1,7,1,54,1,53,1" doraHai="134" doraHaiUra="103" who="2" fromWho="2" sc="278,-46,229,-26,291,128,172,-26" /><INIT seed="5,0,0,4,0,7" ten="232,203,419,146" oya="1" hai0="117,84,90,124,1,29,80,106,2,36,85,88,107" hai1="25,39,55,91,5,105,109,79,27,130,31,115,13" hai2="75,65,114,14,58,76,82,127,128,59,123,20,60" hai3="10,57,97,51,17,34,46,99,131,120,93,134,121"/><U63/><E105/><V15/><F123/><W73/><G73/><T54/><D117/><U77/><E39/><V12/><F128/><W126/><G34/><T44/><D124/><U96/><E115/><V4/><F127/><W33/><G33/><T62/><D29/><U116/><E109/><V104/><F104/><W38/><G126/><T40/><D107/><U122/><E130/><V100/><F114/><W113/><G131/><T118/><D106/><U42/><E42/><V74/><F100/><W110/><G113/><T98/><D98/><U0/><E0/><V64/><F75/><W23/><G99/><T92/><REACH who="0" step="1"/><D118/><REACH who="0" ten="222,203,419,146" step="2"/><U50/><E31/><V71/><F4/><W86/><G121/><T87/><D87/><U45/><E122/><V89/><F74/><W32/><G86/><T49/><D49/><U3/><E116/><V30/><F30/><W101/><G120/><T112/><D112/><U67/><E96/><V70/><F60/><W78/><G38/><T9/><D9/><U19/><E5/><V18/><F18/><W61/><G10/><T102/><D102/><U22/><E63/><V53/><F20/><W68/><G61/><T35/><D35/><U16/><E19/><V103/><F103/><W52/><G97/><T119/><D119/><U94/><E22/><V69/><F70/><W6/><G23/><T37/><D37/><U132/><E16/><V47/><F69/><W129/><G32/><T41/><D41/><U28/><E28/><V108/><F71/><W125/><G101/><T135/><D135/><U83/><E132/><V133/><F133/><RYUUKYOKU ba="0,1" sc="222,30,203,-10,419,-10,146,-10" hai0="1,2,36,40,44,54,62,80,84,85,88,90,92" /><INIT seed="6,1,1,1,0,91" ten="252,193,409,136" oya="2" hai0="109,100,32,55,45,59,78,25,122,9,118,36,69" hai1="117,12,134,121,28,40,20,114,39,105,48,21,51" hai2="131,87,82,16,5,81,88,19,128,75,52,38,126" hai3="54,63,79,30,77,124,35,23,44,53,57,56,103"/><V84/><F75/><W83/><G124/><T108/><D122/><U110/><E105/><V43/><F5/><W125/><G125/><T133/><D69/><U130/><E110/><V94/><F126/><W132/><G132/><T104/><D78/><U4/><E117/><V11/><F82/><W73/><G35/><T50/><D9/><U98/><E130/><N who="2" m="49707" /><F11/><W65/><G79/><T72/><D72/><U111/><E114/><V64/><F64/><W60/><G103/><T97/><D118/><U66/><E66/><V49/><F43/><W67/><G44/><T27/><D133/><U90/><E40/><V92/><F38/><W26/><AGARI ba="1,1" hai="23,26,30,53,54,56,57,60,63,65,67,73,77,83" machi="26" ten="30,2000,0" yaku="0,1,9,1" doraHai="91" who="3" fromWho="3" sc="252,-6,193,-6,409,-11,136,33" /><INIT seed="7,0,0,3,5,84" ten="246,187,398,169" oya="3" hai0="16,61,123,126,56,125,102,130,57,12,41,128,94" hai1="114,66,113,10,122,87,89,51,18,83,99,67,44" hai2="4,3,26,93,43,62,65,115,127,54,0,86,118" hai3="100,119,64,79,59,15,82,19,107,25,73,135,103"/><W22/><G119/><T9/><D123/><U5/><E122/><V31/><F86/><W14/><G135/><T120/><D120/><U116/><E116/><V24/><F93/><W131/><G131/><N who="0" m="50219" /><D41/><N who="1" m="24975" /><E18/><V106/><F54/><W58/><G107/><T117/><D117/><U2/><E99/><V21/><F43/><W92/><G103/><T68/><D68/><U29/><E29/><V96/><F96/><W111/><G111/><T110/><D110/><U77/><E77/><V76/><F76/><W108/><G108/><T33/><D33/><U69/><E69/><V1/><F106/><W72/><G72/><T20/><D9/><U47/><E47/><V81/><F81/><W27/><G27/><T17/><D17/><U36/><E36/><V34/><F4/><W78/><G78/><T50/><D50/><U49/><E49/><V40/><F40/><W124/><G124/><N who="0" m="47723" /><D61/><U8/><E8/><V112/><F127/><W28/><G15/><T60/><D60/><U90/><E114/><V52/><F118/><W133/><G64/><N who="1" m="24618" /><E113/><V70/><F112/><W53/><G53/><T7/><D7/><U35/><E35/><V32/><F115/><W134/><G59/><T121/><D121/><U101/><E101/><V46/><F52/><W30/><G58/><T55/><D55/><U11/><E11/><V104/><F70/><W97/><REACH who="3" step="1"/><G30/><REACH who="3" ten="246,187,398,159" step="2"/><T85/><D102/><U45/><E45/><V75/><F46/><W129/><G129/><T95/><D57/><U63/><E63/><V48/><F62/><W80/><G80/><T71/><D56/><U23/><E23/><AGARI ba="0,1" hai="14,19,22,23,25,28,73,79,82,92,97,100,133,134" machi="23" ten="40,7700,0" yaku="1,1,6,1,53,1" doraHai="84" doraHaiUra="13" who="3" fromWho="1" sc="246,0,187,-77,398,0,159,87" /><INIT seed="7,1,0,4,5,99" ten="246,110,398,246" oya="3" hai0="51,83,62,114,24,64,96,33,118,25,43,53,40" hai1="58,86,54,37,56,81,79,6,82,21,110,41,9" hai2="117,65,55,10,47,122,68,85,1,59,87,2,60" hai3="61,94,67,123,126,104,111,109,101,12,38,72,91"/><W130/><G38/><T3/><D118/><U73/><E110/><N who="3" m="41994" /><G72/><T88/><D3/><U45/><E21/><V125/><F1/><W50/><G123/><T93/><D114/><U14/><E58/><V48/><F125/><W97/><G126/><T76/><D33/><U27/><E27/><N who="0" m="10313" /><D83/><U63/><E82/><V92/><F117/><W127/><G127/><T28/><D76/><U100/><REACH who="1" step="1"/><E86/><REACH who="1" ten="246,100,398,246" step="2"/><V39/><F87/><W116/><G116/><T69/><D28/><U7/><E7/><V105/><F85/><N who="3" m="52591" /><G130/><T42/><D69/><U129/><E129/><V46/><F46/><W18/><BYE who="2" /><G50/><UN n2="%E6%8E%A5%E7%B7%9A%4C" /><T131/><D131/><U134/><E134/><V84/><F48/><W31/><G31/><T70/><D70/><U135/><E135/><V35/><F68/><N who="3" m="42095" /><G12/><T120/><D51/><U66/><E66/><V103/><F65/><W113/><G113/><T29/><D64/><U106/><E106/><V115/><F105/><W95/><G18/><T90/><D120/><U0/><E0/><V44/><F2/><W74/><G74/><T119/><D119/><U34/><E34/><V26/><F35/><W22/><G22/><T75/><D75/><U16/><E16/><V52/><F122/><W77/><G77/><T32/><D32/><U20/><E20/><V23/><F23/><W80/><G80/><T13/><D29/><U15/><E15/><V132/><F115/><W36/><G36/><T49/><D13/><U108/><E108/><V89/><F39/><W19/><G19/><T5/><D5/><U4/><E4/><V124/><F124/><W78/><G78/><RYUUKYOKU ba="1,1" sc="246,-15,100,15,398,-15,246,15" hai1="6,9,14,37,41,45,54,56,63,73,79,81,100" hai3="95,97,101,104" /><INIT seed="7,2,1,5,1,15" ten="231,115,383,261" oya="3" hai0="55,127,62,98,19,11,23,78,89,59,29,16,48" hai1="97,5,0,54,116,117,36,20,94,70,120,125,33" hai2="21,46,92,112,107,129,41,39,134,53,18,93,22" hai3="111,84,115,106,96,130,12,31,77,10,47,105,8"/><W132/><G111/><T26/><D127/><U72/><E125/><V63/><F107/><W128/><G115/><T74/><D78/><U113/><E33/><V122/><F112/><W103/><G132/><T37/><D37/><U4/><E113/><V124/><F134/><W66/><G66/><N who="0" m="39263" /><D74/><U32/><E32/><V30/><F129/><N who="3" m="49771" /><G31/><T56/><D11/><U83/><E36/><V1/><F124/><W7/><G47/><T24/><D24/><U52/><E70/><V28/><F122/><W114/><G114/><T90/><D90/><U108/><E120/><V73/><F28/><W118/><G118/><T50/><D50/><U104/><E108/><V109/><F109/><W81/><G10/><T43/><D43/><U67/><E67/><V40/><F40/><W65/><G65/><T25/><D25/><U75/><E117/><V79/><F30/><W71/><G71/><T119/><D119/><U44/><E116/><V45/><F45/><W9/><G9/><T123/><D123/><U88/><E44/><V27/><F22/><W85/><G106/><T6/><D6/><U13/><E104/><V57/><F1/><W64/><G64/><T102/><D102/><U38/><E38/><V135/><F135/><W42/><G42/><T3/><D3/><U69/><E69/><V95/><F73/><AGARI ba="2,1" hai="7,8,12,73,77,81,84,85,96,103,105" m="49771" machi="73" ten="30,1500,0" yaku="19,1" doraHai="15" who="3" fromWho="2" sc="231,0,115,0,383,-21,261,31" /><INIT seed="7,3,0,0,3,75" ten="231,115,362,292" oya="3" hai0="77,82,60,117,113,45,98,103,19,107,44,85,104" hai1="72,106,62,88,124,29,66,129,38,31,25,42,11" hai2="128,68,33,86,115,67,36,15,109,110,111,18,1" hai3="100,101,50,14,123,95,30,127,133,79,37,41,32"/><W73/><G37/><T56/><D117/><U57/><E129/><V96/><F1/><W23/><G123/><T84/><D113/><U87/><E124/><V47/><F33/><W83/><G127/><T4/><D107/><U97/><E72/><V120/><F115/><W5/><G133/><T125/><D125/><U71/><E38/><V105/><F120/><W9/><G32/><T0/><D19/><U20/><E42/><V76/><F128/><W24/><REACH who="3" step="1"/><G95/><REACH who="3" ten="231,115,362,282" step="2"/><T6/><D104/><U65/><E106/><V78/><F36/><W26/><G26/><T58/><D82/><U63/><E97/><V64/><F96/><W34/><G34/><T70/><D98/><U17/><REACH who="1" step="1"/><E11/><REACH who="1" ten="231,105,362,282" step="2"/><V16/><F105/><W8/><G8/><T118/><D118/><U121/><E121/><V132/><F132/><W91/><G91/><T51/><D103/><U53/><E53/><V21/><F109/><W48/><G48/><T3/><D51/><U61/><E61/><V89/><F110/><W27/><G27/><T39/><D39/><U28/><E28/><V119/><F89/><W40/><G40/><T2/><D60/><U22/><E22/><V93/><F21/><W59/><G59/><T13/><D58/><U81/><AGARI ba="3,2" hai="17,20,25,29,31,57,62,63,65,66,71,81,87,88" machi="81" ten="20,8000,1" yaku="1,1,0,1,7,1,54,1,53,1" doraHai="75" doraHaiUra="52" who="1" fromWho="1" sc="231,-23,105,109,362,-23,282,-43" owari="208,-29.0,214,-19.0,339,44.0,239,4.0" /></mjloggm>