<mjloggm ver="2.3"><GO type="41" lobby="0"/><UN n0="%E2%93%9D%53%75%70%68%78" n1="%E3%83%AF%E3%82%A4%E3%83%AB%E3%83%89" n2="%E8%99%B9%E8%89%B2%E3%82%B8%E3%83%A7%E3%83%BC%E3%82%AB%E3%83%BC" n3="%E3%81%93%E3%83%BC%E3%81%99%E3%81%91%E3%83%BC" dan="16,15,15,13" rate="2035.20,2025.62,2028.68,1870.92" sx="M,M,M,M"/><TAIKYOKU oya="0"/><INIT seed="0,0,0,2,0,98" ten="250,250,250,250" oya="0" hai0="62,30,107,32,86,126,49,37,4,11,19,50,79" hai1="135,91,95,55,71,81,57,38,106,83,102,23,64" hai2="69,63,118,100,36,131,24,70,39,8,108,115,120" hai3="103,82,48,35,127,3,76,90,74,9,133,116,89"/><T20/><D37/><U122/><E122/><V22/><F120/><W10/><G35/><T88/><D107/><U12/><E38/><V18/><F115/><W134/><G3/><T6/><D126/><U5/><E135/><V7/><F108/><W105/><G127/><T0/><D79/><U67/><E71/><V56/><F70/><W123/><G123/><T17/><D62/><U114/><E114/><V27/><F69/><W113/><G48/><T110/><D110/><U78/><E106/><V61/><F61/><W15/><G10/><T2/><D32/><U43/><E43/><V111/><F111/><W25/><G25/><T75/><D75/><U132/><E132/><N who="3" m="50794" /><G113/><T129/><D129/><U51/><E83/><V66/><F131/><W60/><G60/><T73/><D73/><U85/><E102/><V44/><F100/><W47/><G47/><T128/><D128/><U130/><E130/><V112/><F112/><W99/><G116/><T29/><D11/><U40/><E40/><V121/><F118/><W53/><G53/><T84/><REACH who="0" step="1"/><D20/><REACH who="0" ten="240,250,250,250" step="2"/><U45/><E67/><V77/><F121/><W87/><G74/><T31/><D31/><U21/><E64/><V59/><F36/><W34/><G34/><T33/><D33/><U109/><E109/><V46/><F39/><W97/><G76/><T93/><D93/><U125/><E125/><V1/><F77/><W68/><G105/><T42/><D42/><N who="1" m="25015" /><E78/><V92/><F92/><W117/><G117/><T124/><D124/><U14/><E95/><V101/><F66/><W16/><G68/><T80/><D80/><RYUUKYOKU ba="0,1" sc="240,30,250,-10,250,-10,250,-10" hai0="0,2,4,6,17,19,29,30,49,50,84,86,88" /><INIT seed="0,1,1,2,5,80" ten="270,240,240,240" oya="0" hai0="38,46,102,52,100,73,106,47,32,62,85,43,134" hai1="131,96,55,0,74,71,103,114,133,132,128,64,41" hai2="49,124,9,1,25,91,83,44,5,28,22,10,93" hai3="81,110,12,19,94,109,66,56,116,77,42,88,45"/><T21/><D73/><U58/><E0/><V121/><F124/><W95/><G116/><T113/><D32/><U33/><E33/><V117/><F117/><W87/><G66/><T23/><D113/><U86/><E74/><V75/><F121/><W4/><G4/><T67/><D134/><N who="1" m="51819" /><E114/><V112/><F112/><W105/><G105/><T68/><D106/><N who="1" m="63847" /><E41/><V8/><F83/><W127/><G56/><T40/><D102/><U6/><E6/><V31/><F31/><W126/><G127/><T29/><D100/><U76/><E64/><V36/><F36/><W57/><G57/><T82/><D29/><U70/><E76/><V72/><F72/><W11/><G126/><T99/><D99/><U26/><E26/><V65/><F65/><W7/><G7/><T61/><D61/><N who="1" m="36063" /><E86/><V129/><F129/><AGARI ba="1,1" hai="70,71,128,129,131" m="36063,63847,51819" machi="129" ten="30,2000,0" yaku="19,1,20,1" doraHai="80" who="1" fromWho="2" sc="270,0,240,33,240,-23,240,0" /><INIT seed="1,0,0,3,3,65" ten="270,273,217,240" oya="1" hai0="68,63,16,30,135,82,88,54,120,3,112,80,40" hai1="91,69,99,116,24,28,102,58,47,2,123,15,84" hai2="43,131,98,39,77,23,46,93,75,108,76,81,4" hai3="133,85,110,101,97,6,96,25,48,130,26,73,104"/><U90/><E123/><V115/><F108/><W55/><G73/><T127/><D112/><U106/><E2/><V114/><F131/><W118/><G110/><T11/><D30/><U134/><E116/><V61/><F77/><W100/><G130/><T41/><D135/><U107/><E107/><V124/><F124/><W10/><G118/><T62/><D3/><U35/><E134/><V34/><F34/><W126/><G126/><T70/><D54/><U66/><E58/><V117/><F117/><W125/><G85/><T57/><D57/><U36/><E15/><V113/><F23/><W8/><G125/><T7/><D127/><U67/><E67/><V17/><F17/><W128/><G128/><T37/><D7/><U109/><E109/><V52/><F4/><W51/><G55/><T29/><D29/><U49/><E36/><V129/><F129/><W83/><G104/><T42/><D37/><U13/><E13/><V64/><F52/><W5/><G83/><T122/><D16/><U94/><E90/><V119/><F119/><W121/><REACH who="3" step="1"/><G133/><REACH who="3" ten="270,273,217,230" step="2"/><T9/><D42/><U31/><E31/><V38/><F43/><W79/><G79/><T19/><D19/><U103/><E106/><V72/><F72/><W78/><G78/><T45/><D45/><U105/><E84/><V56/><REACH who="2" step="1"/><F46/><REACH who="2" ten="270,273,207,230" step="2"/><W89/><G89/><AGARI ba="0,2" hai="9,11,40,41,62,63,68,70,80,82,88,89,120,122" machi="89" ten="25,8000,1" yaku="22,2,52,2,54,1" doraHai="65" who="0" fromWho="3" sc="270,100,273,0,207,0,230,-80" /><AGARI ba="0,0" hai="38,39,56,61,64,75,76,81,89,93,98,113,114,115" machi="89" ten="40,5200,0" yaku="1,1,2,1,11,1,53,0" doraHai="65" doraHaiUra="12" who="2" fromWho="3" sc="370,0,273,0,207,52,150,-52" /><INIT seed="2,0,0,0,4,114" ten="370,273,259,98" oya="2" hai0="46,111,36,56,120,9,131,80,38,107,44,61,93" hai1="96,37,27,125,48,53,17,127,105,66,55,0,42" hai2="16,1,11,20,85,73,121,108,90,83,54,62,123" hai3="59,128,70,103,6,81,50,74,112,29,10,35,134"/><V110/><F73/><W34/><G70/><T31/><D107/><U133/><E0/><V91/><F90/><W95/><G112/><T43/><D31/><U77/><E77/><V60/><F1/><W69/><G69/><T4/><D131/><U75/><E75/><V32/><F32/><W72/><G81/><T45/><D111/><N who="2" m="42538" /><F11/><W47/><G29/><T119/><D120/><N who="2" m="46154" /><F54/><W88/><G103/><T3/><D80/><U40/><E133/><V58/><F58/><W12/><G59/><T22/><D22/><U104/><E66/><V52/><F52/><W79/><G134/><T86/><D86/><U130/><E96/><V102/><F102/><W49/><G128/><T132/><D132/><U94/><E130/><V122/><N who="2" m="46162" /><V63/><DORA hai="82" /><F63/><W23/><G79/><T87/><D61/><U113/><E113/><V13/><AGARI ba="0,0" hai="13,16,20,60,62,83,85,91" m="46162,42538" machi="13" ten="50,12000,1" yaku="14,1,10,1,52,1,54,1" doraHai="114,82" who="2" fromWho="2" sc="370,-40,273,-40,259,120,98,-40" /><INIT seed="2,1,0,0,3,105" ten="330,233,379,58" oya="2" hai0="36,124,21,67,57,18,134,81,38,127,103,58,55" hai1="29,104,71,37,51,91,79,16,83,120,88,43,15" hai2="123,69,78,122,129,30,19,87,12,106,82,94,7" hai3="116,54,75,39,46,5,20,56,112,131,77,27,35"/><V40/><F69/><W11/><G116/><T52/><D103/><U114/><E104/><V45/><F106/><W24/><G131/><T28/><D28/><U1/><E120/><V101/><F129/><W17/><G112/><T42/><D81/><U23/><E114/><V48/><F30/><W14/><G39/><N who="0" m="14891" /><D18/><U111/><E111/><V70/><F70/><W97/><G97/><T60/><D21/><U64/><E1/><V128/><F128/><W2/><G46/><T22/><D22/><U8/><E37/><V13/><F13/><W72/><G77/><T74/><D74/><U0/><E0/><V117/><F117/><W62/><G24/><T99/><D99/><U93/><E64/><V121/><F19/><W96/><G96/><T92/><D92/><U53/><E71/><V130/><F130/><W31/><AGARI ba="1,0" hai="2,5,11,14,17,20,27,31,35,54,56,62,72,75" machi="31" ten="30,8000,1" yaku="0,1,24,2,52,2" doraHai="105" who="3" fromWho="3" sc="330,-21,233,-21,379,-41,58,83" /><INIT seed="3,0,0,4,5,0" ten="309,212,338,141" oya="3" hai0="81,21,15,14,54,58,67,48,112,116,73,72,113" hai1="57,19,64,26,84,77,106,80,31,43,39,87,133" hai2="49,93,60,12,102,2,10,135,121,41,100,47,36" hai3="114,130,27,55,124,97,9,83,24,118,5,7,13"/><W79/><G118/><T28/><D116/><U4/><E106/><V122/><F135/><W70/><G114/><N who="0" m="44139" /><D67/><U23/><E133/><V117/><F117/><W51/><G70/><T61/><D61/><U82/><E39/><V96/><F2/><W134/><G124/><T33/><D33/><U32/><E43/><V85/><F60/><W35/><G130/><T46/><D58/><U37/><E37/><V30/><F30/><W90/><G35/><T29/><D81/><U98/><E98/><V132/><F132/><W76/><G134/><T44/><D44/><U126/><E126/><V95/><F36/><W91/><G97/><T20/><D20/><U86/><E80/><V94/><F100/><W45/><G79/><T125/><D125/><U1/><E57/><V123/><REACH who="2" step="1"/><F85/><REACH who="2" ten="309,212,328,141" step="2"/><N who="3" m="48359" /><G5/><AGARI ba="0,1" hai="5,10,12,41,47,49,93,94,95,96,102,121,122,123" machi="5" ten="40,5200,0" yaku="1,1,13,1,52,1,53,0" doraHai="0" doraHaiUra="110" who="2" fromWho="3" sc="309,0,212,0,328,62,141,-52" /><INIT seed="4,0,0,3,2,22" ten="309,212,390,89" oya="0" hai0="17,101,50,128,129,23,84,117,91,52,68,16,76" hai1="70,98,0,73,12,112,15,71,57,85,25,18,92" hai2="56,103,122,134,116,125,106,36,65,126,13,80,67" hai3="121,35,55,62,64,20,120,115,45,66,90,114,104"/><T75/><D68/><U1/><E73/><V58/><F122/><N who="3" m="47211" /><G104/><T39/><D39/><U79/><E112/><N who="3" m="43050" /><G35/><T40/><D40/><U113/><E113/><V78/><F36/><W72/><G72/><T49/><D117/><U3/><E57/><V19/><F116/><W44/><G90/><T10/><D101/><U99/><E25/><V27/><F27/><W105/><G105/><T42/><D76/><U33/><E33/><V41/><F41/><W63/><G20/><T102/><D102/><U34/><E34/><V9/><F67/><N who="3" m="25643" /><G55/><T133/><D75/><U88/><E15/><V5/><F65/><W69/><G69/><T108/><D23/><U29/><E29/><V89/><F89/><W59/><G59/><T31/><D31/><U60/><E71/><V48/><F58/><W51/><G51/><T4/><D50/><U54/><E79/><V124/><F103/><W61/><AGARI ba="0,0" hai="44,45,61,62,63" m="25643,43050,47211" machi="61" ten="40,12000,2" yaku="28,2,13,1,15,1,34,2" doraHai="22" who="3" fromWho="3" sc="309,-60,212,-30,390,-30,89,120" /><INIT seed="5,0,0,5,5,39" ten="249,182,360,209" oya="1" hai0="111,14,124,58,1,69,76,24,93,79,122,85,113" hai1="61,86,23,84,105,17,21,33,30,133,88,10,46" hai2="129,102,32,89,26,128,6,7,49,40,96,110,127" hai3="87,0,109,19,135,115,75,80,94,8,52,3,68"/><U120/><E105/><V116/><F110/><W82/><G68/><T98/><D1/><U108/><E120/><V130/><F127/><W25/><G75/><T90/><D69/><U67/><E108/><V77/><F116/><W59/><G135/><T60/><D113/><U103/><E103/><V38/><F38/><W18/><G115/><T66/><D124/><U107/><E107/><V15/><F89/><W104/><G104/><T71/><D71/><U91/><E133/><V106/><F77/><W28/><G94/><T131/><D131/><U45/><E33/><V81/><F81/><W42/><G82/><T11/><D24/><U57/><E30/><N who="2" m="19543" /><F15/><W20/><G3/><T119/><D119/><U31/><E31/><V29/><F29/><W22/><G0/><T65/><D65/><U63/><E10/><V47/><AGARI ba="0,0" hai="6,7,40,47,49,96,102,106,128,129,130" m="19543" machi="47" ten="40,2700,0" yaku="19,1,52,1" doraHai="39" who="2" fromWho="2" sc="249,-7,182,-13,360,27,209,-7" /><INIT seed="6,0,0,0,5,1" ten="242,169,387,202" oya="2" hai0="115,87,65,19,92,94,116,60,126,50,51,0,59" hai1="11,24,88,82,79,58,90,52,67,33,27,84,41" hai2="14,37,97,35,101,10,108,18,99,2,34,17,80" hai3="22,13,75,134,121,135,21,7,68,85,48,62,105"/><V38/><F108/><W12/><G75/><T118/><D0/><U96/><E67/><V6/><F18/><W113/><G105/><T130/><D115/><U103/><E41/><V81/><F97/><W15/><G121/><T132/><D130/><U32/><E32/><V70/><F70/><W44/><G113/><T72/><D132/><U57/><E57/><V20/><F35/><W89/><G7/><T124/><D72/><U30/><E27/><V29/><F81/><W76/><G76/><T107/><D107/><U109/><E11/><V39/><F80/><W131/><G131/><T4/><D4/><U122/><E109/><V129/><F129/><W40/><G62/><T78/><D19/><U3/><E3/><V74/><F74/><W49/><G49/><N who="0" m="18443" /><D78/><U25/><E25/><N who="2" m="18735" /><F38/><W63/><G63/><T23/><D23/><U102/><E122/><V110/><F110/><W53/><G68/><T91/><D94/><AGARI ba="0,0" hai="2,6,10,14,17,20,37,39,94,99,101" m="18735" machi="94" ten="30,2900,0" yaku="24,1,52,1" doraHai="1" who="2" fromWho="0" sc="242,-29,169,0,387,29,202,0" /><INIT seed="6,1,0,3,1,23" ten="213,169,416,202" oya="2" hai0="28,108,20,117,112,82,125,76,81,48,115,21,97" hai1="130,134,38,99,33,77,50,31,35,75,37,120,103" hai2="39,4,127,58,56,104,57,68,25,95,12,52,44" hai3="9,14,94,34,13,10,91,71,109,16,41,116,32"/><V122/><F68/><W79/><G109/><T124/><D108/><U110/><E50/><V118/><F104/><W59/><G116/><T46/><D97/><U83/><E110/><V49/><F122/><W70/><G79/><T89/><D89/><U114/><E120/><V128/><F128/><W40/><G59/><T131/><D131/><U62/><E130/><V78/><F127/><N who="0" m="48714" /><D82/><U43/><E114/><N who="0" m="43561" /><D28/><U19/><E19/><V119/><F78/><W133/><G133/><T98/><D98/><U29/><E134/><V87/><F95/><W36/><G36/><T27/><D27/><N who="1" m="18623" /><E43/><V105/><F39/><W67/><G91/><T106/><D106/><N who="1" m="63871" /><E62/><V107/><F107/><W90/><G90/><T73/><D117/><U100/><E100/><V121/><F105/><W60/><G60/><T111/><D111/><U101/><E101/><V55/><F119/><W66/><G94/><T126/><D126/><U92/><E92/><V132/><F132/><W135/><G135/><T72/><D72/><U24/><AGARI ba="1,0" hai="24,31,35,37,38,75,77,83" m="63871,18623" machi="24" ten="30,7900,0" yaku="33,2,52,2" doraHai="23" who="1" fromWho="1" sc="213,-21,169,82,416,-40,202,-21" /><INIT seed="7,0,0,5,2,86" ten="192,251,376,181" oya="3" hai0="12,19,63,46,70,109,33,69,16,113,27,48,14" hai1="95,93,4,132,122,71,13,114,120,61,91,66,37" hai2="47,116,81,73,59,42,105,102,49,21,85,24,56" hai3="125,23,134,110,68,54,124,40,39,32,7,90,18"/><W89/><G32/><T3/><D3/><U43/><E114/><V98/><F73/><W76/><G110/><T103/><D109/><U123/><E132/><V45/><F45/><W44/><G134/><T130/><D103/><U50/><E37/><V135/><F116/><W75/><G7/><T126/><D126/><N who="3" m="48745" /><G68/><T111/><D130/><U20/><E95/><V11/><F11/><W55/><G76/><T0/><D0/><U29/><E4/><V1/><F1/><W52/><G75/><T80/><D111/><U74/><E74/><V82/><F82/><W84/><G84/><T15/><D113/><U101/><E101/><V60/><F135/><W53/><N who="3" m="13312" /><DORA hai="41" /><W128/><G128/><T62/><D80/><U30/><E13/><AGARI ba="0,0" hai="13,18,23,39,40,44,89,90" m="13312,48745" machi="13" ten="40,12000,1" yaku="18,1,52,3,54,1" doraHai="86,41" who="3" fromWho="1" sc="192,0,251,-120,376,0,181,120" /><INIT seed="7,1,0,4,1,27" ten="192,131,376,301" oya="3" hai0="21,32,5,134,59,74,42,119,20,75,87,25,2" hai1="56,54,60,63,101,93,95,9,84,121,45,123,124" hai2="1,0,85,29,7,76,13,28,36,110,89,103,40" hai3="38,35,14,39,77,8,41,108,105,80,3,62,33"/><W22/><G105/><T15/><D119/><U19/><E124/><V46/><F110/><W53/><G3/><T58/><D42/><U61/><E123/><V48/><F36/><W92/><G22/><T120/><D120/><U82/><E121/><V86/><F103/><W102/><G39/><T99/><D87/><U78/><E45/><V113/><F113/><W100/><G108/><T133/><D99/><U115/><E115/><V72/><F72/><W10/><G10/><T31/><D21/><U104/><E104/><V17/><F7/><W116/><G116/><T55/><D59/><U106/><E106/><V130/><F130/><W83/><G83/><T81/><D81/><U96/><E93/><N who="2" m="54447" /><F1/><W69/><G41/><T112/><D112/><U18/><REACH who="1" step="1"/><E9/><REACH who="1" ten="192,121,376,301" step="2"/><V34/><F46/><W125/><G8/><N who="0" m="4495" /><D2/><U44/><E44/><V37/><F0/><W64/><G92/><T118/><D118/><U135/><E135/><N who="0" m="51721" /><D20/><U51/><AGARI ba="1,1" hai="18,19,51,54,56,60,61,63,78,82,84,95,96,101" machi="51" ten="30,4000,0" yaku="1,1,0,1,8,1,53,0" doraHai="27" doraHaiUra="26" who="1" fromWho="1" sc="192,-11,121,53,376,-11,301,-21" owari="181,-22.0,174,-33.0,365,47.0,280,8.0" /></mjloggm>