<mjloggm ver="2.3"><GO type="41" lobby="0"/><UN n0="%E6%9E%9C%E5%87%8D" n1="%41%49%4F" n2="%E2%93%9D%53%75%70%68%78" n3="%E2%98%86%E8%A3%95%E5%AD%90%E2%98%86" dan="15,14,17,14" rate="1982.12,1894.24,2069.93,1980.53" sx="M,M,M,F"/><TAIKYOKU oya="0"/><INIT seed="0,0,0,0,0,29" ten="250,250,250,250" oya="0" hai0="132,31,112,93,7,103,64,119,69,87,123,71,47" hai1="62,48,94,0,92,102,51,6,101,37,23,95,135" hai2="116,11,117,106,115,8,61,128,20,111,56,82,120" hai3="127,58,49,124,84,12,26,18,45,83,52,80,118"/><T129/><D119/><N who="2" m="45642" /><F106/><W109/><G109/><T22/><D123/><U85/><E37/><V28/><F120/><W126/><G118/><T1/><D112/><U2/><E6/><V91/><F128/><W30/><G58/><T122/><D122/><U78/><E135/><V108/><F91/><W76/><G83/><T100/><D132/><U19/><E62/><V27/><F82/><W74/><G74/><T38/><D129/><U13/><E2/><V130/><F130/><W114/><G114/><T17/><D31/><U15/><E0/><V81/><F81/><W105/><G105/><T54/><D1/><U60/><E78/><V131/><F131/><W44/><G44/><T104/><D7/><U46/><E85/><V65/><F115/><W88/><G76/><T53/><D104/><U86/><E86/><V42/><F42/><W96/><G96/><T5/><D5/><U125/><E60/><V107/><F107/><W113/><G113/><T59/><D71/><U68/><E68/><V36/><F36/><W33/><REACH who="3" step="1"/><G126/><REACH who="3" ten="250,250,250,240" step="2"/><T73/><D73/><U99/><E125/><V43/><F43/><W16/><G16/><T55/><D69/><U72/><E72/><V25/><F111/><W79/><G79/><T3/><D47/><U110/><E110/><V121/><F108/><W67/><G67/><T24/><D64/><U10/><E99/><V4/><F121/><W50/><G50/><N who="1" m="18986" /><E46/><V97/><F97/><W133/><G133/><T98/><D59/><U40/><E40/><V39/><F39/><W57/><G57/><T90/><D38/><U34/><E19/><RYUUKYOKU ba="0,1" sc="250,-10,250,-10,250,-10,240,30" hai3="12,18,26,30,33,45,49,52,80,84,88,124,127" /><INIT seed="1,1,1,2,0,76" ten="240,240,240,270" oya="1" hai0="64,95,108,63,44,45,59,106,65,75,111,98,3" hai1="123,40,15,62,92,54,38,26,70,130,60,66,48" hai2="96,133,129,56,23,80,104,41,126,47,52,13,85" hai3="30,91,16,132,53,124,73,131,84,110,68,35,90"/><U100/><E100/><V121/><F121/><W11/><G110/><T6/><D75/><U89/><E123/><V99/><F133/><W125/><G132/><T113/><D106/><U93/><E130/><V61/><F126/><N who="3" m="48747" /><G73/><T5/><D113/><U128/><E128/><V22/><F104/><W87/><G131/><T28/><D28/><U55/><E55/><V105/><F105/><W103/><G68/><T127/><D127/><U43/><E62/><V31/><F129/><W69/><G69/><T46/><D65/><U102/><E38/><V81/><F85/><N who="3" m="32843" /><G103/><T0/><D6/><U134/><E93/><V78/><F78/><W4/><G16/><T34/><D34/><U72/><E102/><V115/><F115/><W107/><G53/><T36/><D36/><U8/><E72/><V18/><F96/><W86/><G86/><T83/><D5/><U27/><E89/><V101/><F99/><W109/><G109/><N who="0" m="42059" /><D83/><U116/><E92/><V39/><REACH who="2" step="1"/><F101/><AGARI ba="1,1" hai="0,3,44,45,46,59,63,64,95,98,101" m="42059" machi="101" ten="30,1000,0" yaku="14,1" doraHai="76" who="0" fromWho="2" sc="240,23,240,0,240,-13,270,0" /><INIT seed="2,0,0,0,0,108" ten="263,240,227,270" oya="2" hai0="58,47,42,119,118,99,0,96,135,75,9,131,10" hai1="11,84,106,65,100,112,55,39,133,104,19,49,43" hai2="52,92,36,46,126,101,24,1,109,98,15,71,25" hai3="37,12,32,40,115,94,23,90,113,91,4,61,28"/><V93/><F1/><W34/><G37/><T56/><D75/><U122/><E104/><V41/><F71/><W89/><G40/><T78/><D78/><U102/><E106/><V8/><F126/><W87/><G61/><T95/><D131/><U117/><E117/><N who="0" m="44553" /><D135/><U130/><E130/><V123/><F123/><W7/><G23/><T81/><D81/><U35/><E35/><V72/><F109/><W86/><G91/><T105/><D105/><U67/><E133/><V88/><F72/><W63/><G63/><T48/><D99/><U50/><E39/><V116/><F116/><W121/><G121/><T64/><D64/><N who="1" m="24651" /><E112/><N who="3" m="43082" /><G12/><T103/><D0/><U120/><E120/><V129/><F129/><W62/><G62/><T3/><D3/><U30/><E30/><V85/><REACH who="2" step="1"/><F52/><REACH who="2" ten="263,240,217,270" step="2"/><W27/><G32/><T76/><D76/><U38/><E122/><V128/><F128/><W17/><G17/><AGARI ba="0,1" hai="8,15,17,24,25,36,41,46,85,88,92,93,98,101" machi="17" ten="30,5800,0" yaku="1,1,7,1,54,1,53,0" doraHai="108" doraHaiUra="66" who="2" fromWho="3" sc="263,0,240,0,217,68,270,-58" /><INIT seed="2,1,0,3,0,20" ten="263,240,285,212" oya="2" hai0="0,11,80,99,82,131,75,125,57,54,110,25,17" hai1="18,39,32,5,83,46,123,31,127,74,69,77,9" hai2="119,72,105,50,60,135,112,81,52,132,122,3,100" hai3="55,96,94,53,90,47,41,108,111,106,48,4,68"/><V37/><F3/><W117/><G117/><T102/><D110/><N who="3" m="42025" /><G106/><T10/><D131/><U79/><E69/><V104/><F119/><W97/><G68/><T101/><D125/><U91/><E127/><V103/><F37/><W40/><G4/><T12/><D0/><N who="1" m="167" /><E79/><N who="2" m="44263" /><F60/><W13/><G13/><T51/><D75/><U22/><E91/><V33/><F33/><W62/><G97/><T116/><D116/><U88/><E32/><V86/><F122/><W2/><G2/><T49/><D49/><U73/><E31/><V15/><F15/><W113/><G113/><T43/><D43/><N who="3" m="16457" /><G55/><T45/><D45/><U21/><E74/><V93/><F52/><W8/><G8/><T65/><D65/><U38/><E38/><V56/><F112/><W76/><G62/><T26/><D11/><U87/><E18/><V66/><F66/><W23/><G23/><T114/><D114/><U14/><E14/><V124/><F124/><W29/><G29/><T58/><D58/><U64/><E64/><V78/><F56/><W30/><G30/><T44/><D44/><U7/><E7/><V134/><F50/><W71/><G71/><T120/><D120/><U126/><E126/><V118/><F118/><W128/><G76/><T89/><D82/><N who="1" m="49271" /><E123/><V36/><F36/><W85/><G128/><T133/><D133/><U61/><E61/><V130/><F130/><W28/><G28/><T129/><D129/><U84/><E73/><V70/><F70/><W92/><G96/><T1/><D1/><U16/><E16/><V63/><F63/><W98/><G98/><T59/><D99/><RYUUKYOKU ba="1,0" sc="263,-15,240,15,285,-15,212,15" hai1="21,22,39,46,77,83,84" hai3="47,48,53,85,90,92,94" /><INIT seed="3,2,0,3,2,15" ten="248,255,270,227" oya="3" hai0="5,60,102,127,123,76,54,101,79,17,0,86,73" hai1="133,49,119,105,74,4,21,36,134,28,108,103,83" hai2="23,62,43,55,113,77,12,31,128,35,30,109,24" hai3="94,84,89,75,111,57,82,98,61,117,104,42,46"/><W2/><G117/><T126/><D123/><U29/><E119/><V44/><F113/><W50/><G2/><T38/><D38/><U80/><E36/><V7/><F109/><W52/><G111/><T92/><D0/><U106/><E108/><V78/><F128/><W95/><G104/><T26/><D5/><U53/><E4/><V22/><F35/><W6/><G75/><T110/><D110/><U45/><E105/><V68/><F68/><W11/><REACH who="3" step="1"/><G98/><REACH who="3" ten="248,255,270,217" step="2"/><T122/><D73/><U59/><E74/><V9/><F31/><W65/><G65/><T37/><D122/><U116/><E29/><V32/><F30/><W14/><AGARI ba="2,1" hai="6,11,14,42,46,50,52,57,61,82,84,89,94,95" machi="14" ten="20,12000,1" yaku="1,1,0,1,7,1,8,1,54,1,53,0" doraHai="15" doraHaiUra="72" who="3" fromWho="3" sc="248,-42,255,-42,270,-42,217,136" /><INIT seed="3,3,0,4,4,124" ten="206,213,228,353" oya="3" hai0="64,117,38,22,59,104,123,112,52,131,11,58,97" hai1="15,27,19,54,26,135,109,106,20,3,12,72,100" hai2="79,84,110,4,107,70,24,78,49,10,77,2,120" hai3="16,44,47,125,80,113,96,94,83,30,43,63,76"/><W108/><G113/><T82/><D123/><U116/><E72/><V5/><F107/><W6/><G125/><T36/><D117/><U95/><E106/><V85/><F70/><W75/><G108/><T8/><D112/><U74/><E74/><V111/><F120/><W17/><G30/><T48/><D82/><U55/><E3/><V37/><F37/><W69/><G6/><T127/><D127/><U71/><E71/><V1/><F49/><W103/><G83/><T7/><D22/><U50/><E109/><N who="2" m="41483" /><F24/><W45/><REACH who="3" step="1"/><G43/><REACH who="3" ten="206,213,228,343" step="2"/><T73/><D7/><N who="2" m="2634" /><F10/><W86/><G86/><AGARI ba="3,1" hai="1,2,77,78,79,84,85,86" m="2634,41483" machi="86" ten="40,5200,0" yaku="28,2,14,1" doraHai="124" who="2" fromWho="3" sc="206,0,213,0,228,71,343,-61" /><INIT seed="4,0,0,5,2,118" ten="206,213,299,282" oya="0" hai0="89,102,75,78,107,134,2,41,113,59,37,120,132" hai1="131,104,73,60,13,55,46,5,96,27,10,66,121" hai2="101,91,29,83,31,129,99,86,105,133,90,18,23" hai3="93,92,38,47,32,17,11,77,111,48,80,106,20"/><T84/><D2/><U24/><E73/><V42/><F129/><W122/><G106/><T114/><D41/><U87/><E131/><V112/><F133/><N who="0" m="51306" /><D59/><U67/><E67/><V45/><F91/><W115/><G32/><T7/><D37/><U26/><E104/><V53/><F112/><N who="0" m="43114" /><D7/><U8/><E8/><V97/><F97/><W0/><G111/><T76/><D75/><U124/><E96/><V79/><F53/><W98/><G38/><T56/><D56/><U6/><E6/><V71/><F71/><W108/><G108/><T33/><D33/><U39/><E39/><V16/><F18/><W22/><G17/><T64/><D64/><U34/><E34/><V65/><F65/><W116/><G0/><T119/><D119/><U125/><E66/><V1/><F1/><W126/><G47/><T12/><D12/><U82/><E60/><V51/><REACH who="2" step="1"/><F79/><REACH who="2" ten="206,213,289,282" step="2"/><N who="0" m="30250" /><D107/><U61/><E55/><V68/><F68/><W72/><G72/><T52/><D52/><U95/><E46/><V128/><F128/><W30/><G115/><T135/><D135/><U3/><E3/><V43/><F43/><W88/><G116/><T62/><D102/><U100/><E100/><V94/><F94/><W44/><G93/><N who="0" m="54439" /><D62/><U9/><E61/><V54/><F54/><W21/><G44/><T70/><D70/><U69/><E69/><V49/><F49/><W110/><G48/><T4/><D4/><U58/><E5/><V103/><F103/><W35/><G77/><T130/><D130/><U127/><E95/><V25/><AGARI ba="0,1" hai="16,23,25,29,31,42,45,51,83,86,90,99,101,105" machi="25" ten="20,8000,1" yaku="1,1,0,1,7,1,54,1,53,1" doraHai="118" doraHaiUra="36" who="2" fromWho="2" sc="206,-40,213,-20,289,90,282,-20" /><INIT seed="5,0,0,5,0,17" ten="166,193,379,262" oya="1" hai0="16,110,63,47,89,85,26,44,126,108,7,65,122" hai1="43,23,19,21,94,4,36,128,51,88,52,15,80" hai2="24,18,132,102,90,121,116,84,106,31,10,42,28" hai3="98,14,27,56,13,41,45,82,50,46,70,40,119"/><U39/><E128/><V127/><F116/><W9/><G70/><T8/><D122/><U111/><E111/><V6/><F121/><W97/><G119/><T57/><D126/><U37/><E4/><V117/><F132/><W59/><G82/><T104/><D104/><U99/><E80/><V58/><F42/><W107/><G107/><T75/><D75/><U74/><E74/><V38/><F38/><W81/><G81/><T123/><D123/><U76/><E76/><V64/><F102/><W103/><G27/><T134/><D134/><U133/><E133/><V130/><F106/><W12/><G9/><T11/><D110/><U105/><E105/><V2/><F127/><W35/><G35/><T79/><D79/><U71/><E71/><V78/><F78/><W86/><G86/><T60/><D60/><U83/><E83/><V53/><F64/><W112/><G112/><T95/><D108/><U118/><E118/><V100/><F100/><W77/><G77/><T129/><D129/><U93/><E43/><N who="3" m="16458" /><G50/><T125/><D125/><U109/><E109/><V124/><F130/><W3/><G3/><T61/><D61/><U87/><E99/><N who="3" m="37898" /><G103/><T72/><D72/><U1/><E1/><V92/><F124/><W91/><G91/><T67/><D67/><U54/><E94/><V34/><F117/><W113/><G113/><T48/><D48/><U55/><REACH who="1" step="1"/><E51/><REACH who="1" ten="166,183,379,262" step="2"/><N who="2" m="31039" /><F2/><W120/><G120/><T131/><D131/><U33/><E33/><V25/><F34/><W62/><G62/><T135/><D135/><U20/><AGARI ba="0,1" hai="15,19,20,21,23,36,37,39,52,54,55,87,88,93" machi="20" ten="40,24000,3" yaku="1,1,0,1,52,3,54,2,53,3" doraHai="17" doraHaiUra="68" who="1" fromWho="1" sc="166,-80,183,250,379,-80,262,-80" /><INIT seed="5,1,0,5,0,107" ten="86,433,299,182" oya="1" hai0="57,40,13,31,115,66,44,98,33,53,58,65,89" hai1="102,45,41,34,93,9,72,42,48,56,30,118,83" hai2="81,122,127,23,52,25,21,77,78,71,97,90,32" hai3="119,129,74,96,43,22,124,111,2,75,49,59,128"/><U91/><E118/><V19/><F71/><W7/><G111/><T26/><D115/><U88/><E34/><V51/><F127/><W17/><G124/><T114/><D114/><U36/><E30/><V68/><F68/><W50/><G119/><T105/><D58/><U67/><E102/><V84/><F32/><W47/><G96/><T55/><D13/><U101/><E101/><V18/><F97/><W27/><G7/><T39/><D53/><U14/><E42/><V109/><F122/><W3/><G59/><T126/><D126/><U80/><E36/><V4/><F4/><W120/><G50/><T69/><D69/><U86/><E72/><N who="3" m="27690" /><G120/><T99/><D99/><U87/><E56/><N who="2" m="32799" /><F109/><W117/><G117/><T108/><D108/><U11/><E67/><V121/><F121/><W123/><G123/><T116/><D116/><U62/><E62/><V24/><AGARI ba="1,0" hai="18,19,21,23,24,25,77,78,81,84,90" m="32799" machi="24" ten="30,2000,0" yaku="8,1,54,1" doraHai="107" who="2" fromWho="2" sc="86,-6,433,-11,299,23,182,-6" /><INIT seed="6,0,0,5,0,103" ten="80,422,322,176" oya="2" hai0="121,13,6,71,134,66,95,88,48,41,11,128,122" hai1="32,96,129,56,57,3,109,18,42,29,117,60,100" hai2="124,45,64,26,83,81,125,97,8,104,98,36,94" hai3="28,72,20,2,132,7,130,120,24,116,107,68,93"/><V90/><F64/><W123/><G93/><T126/><D126/><N who="2" m="48746" /><F8/><W30/><G30/><T27/><D134/><U133/><E109/><V91/><F26/><W67/><G116/><T119/><D128/><U23/><E117/><V102/><F45/><W31/><G31/><T33/><D119/><U87/><E129/><V78/><F36/><W55/><G55/><T53/><D41/><U73/><E133/><V59/><F59/><W50/><G72/><T115/><D115/><U92/><BYE who="0" /><E3/><V4/><F4/><UN n0="%E6%9E%9C%E5%87%8D" /><W118/><G50/><T85/><D33/><U22/><E32/><V15/><F15/><W84/><G84/><T80/><D27/><U108/><E108/><V75/><F83/><W113/><G20/><T52/><D80/><U86/><E42/><V39/><F39/><W58/><G58/><T74/><D74/><U63/><E23/><V62/><F62/><W135/><G67/><T76/><D76/><U17/><E29/><V38/><F38/><W114/><G68/><T0/><D0/><U99/><E22/><V65/><F65/><W46/><G46/><T40/><D71/><U49/><E63/><V79/><F79/><W82/><G82/><T112/><D66/><U127/><E57/><V131/><F131/><W12/><G12/><T5/><D5/><U51/><E56/><V9/><F9/><N who="3" m="2295" /><G130/><T21/><D112/><N who="3" m="43113" /><G118/><T54/><D21/><U111/><E127/><V43/><F43/><W10/><G10/><T1/><D1/><U70/><E70/><V19/><F19/><W37/><G37/><T110/><D110/><U105/><E111/><RYUUKYOKU ba="0,0" sc="80,15,422,-15,322,15,176,-15" hai0="6,11,13,40,48,52,53,54,85,88,95,121,122" hai2="75,78,81,90,91,94,97,98,102,104" /><INIT seed="6,1,0,3,1,104" ten="95,407,337,161" oya="2" hai0="7,63,14,29,42,77,62,98,120,30,28,9,109" hai1="81,57,31,88,135,8,55,96,12,60,64,44,93" hai2="115,127,113,53,118,45,131,134,76,123,73,10,35" hai3="19,132,129,6,128,13,23,84,75,80,99,26,41"/><V126/><F35/><W112/><G112/><N who="2" m="43081" /><F10/><W48/><G132/><T1/><D120/><U105/><E105/><V101/><F123/><W87/><G99/><T114/><D109/><U133/><E31/><V11/><F11/><N who="3" m="4343" /><G41/><T0/><D114/><U125/><E81/><N who="2" m="45199" /><F134/><N who="1" m="51209" /><E44/><V46/><F118/><W72/><G48/><T54/><D42/><U15/><E125/><N who="2" m="47627" /><F131/><N who="3" m="50251" /><G87/><T24/><D98/><U36/><E36/><V56/><F101/><W79/><AGARI ba="1,0" hai="19,23,26,72,75,79,80,84" m="50251,4343" machi="79" ten="30,4000,0" yaku="19,1,52,2" doraHai="104" who="3" fromWho="3" sc="95,-11,407,-11,337,-21,161,43" /><INIT seed="7,0,0,4,2,79" ten="84,396,316,204" oya="3" hai0="111,58,133,20,25,35,72,96,21,99,37,95,100" hai1="135,27,68,134,33,23,85,116,48,83,91,1,60" hai2="117,101,110,109,2,0,115,41,3,89,118,129,46" hai3="108,63,34,30,50,31,28,122,106,39,94,10,52"/><W126/><G106/><T76/><D111/><N who="2" m="42506" /><F89/><W49/><G108/><T75/><D133/><N who="1" m="50699" /><E116/><N who="2" m="44651" /><F101/><W112/><G122/><T113/><D113/><U71/><E1/><V121/><F46/><W107/><G107/><T32/><D37/><U124/><E33/><V18/><F41/><W56/><G112/><T22/><D76/><U59/><E124/><V14/><F115/><W102/><G126/><T78/><D78/><U54/><E60/><V67/><F67/><W24/><G10/><T53/><D25/><U119/><E119/><V26/><F129/><W97/><G39/><T127/><D127/><U70/><E70/><V98/><F98/><W19/><G19/><AGARI ba="0,0" hai="19,23,27,48,54,59,68,71,83,85,91" m="50699" machi="19" ten="30,2000,0" yaku="20,1,52,1" doraHai="79" who="1" fromWho="3" sc="84,0,396,20,316,0,204,-20" owari="84,-42.0,416,52.0,316,12.0,184,-22.0" /></mjloggm>