<mjloggm ver="2.3"><GO type="41" lobby="0"/><UN n0="%E3%81%AA%E3%81%8E%E3%81%BC%E3%81%8F" n1="%E3%81%B7%E3%81%88%E3%81%AC" n2="%E2%93%9D%53%75%70%68%78" n3="%E9%AC%BC%E3%81%AE%E5%BC%9F%E5%AD%90" dan="15,14,18,14" rate="1988.57,1968.67,2096.26,1993.50" sx="M,M,M,M"/><TAIKYOKU oya="0"/><INIT seed="0,0,0,1,0,46" ten="250,250,250,250" oya="0" hai0="92,124,56,108,44,97,74,29,70,64,4,81,35" hai1="125,25,94,83,133,48,77,112,6,47,118,129,131" hai2="31,32,33,49,93,104,91,101,116,22,60,57,36" hai3="109,38,30,58,68,79,130,3,72,100,41,89,52"/><T7/><D124/><U135/><E118/><V18/><F36/><W122/><G3/><T128/><D70/><U117/><E117/><V84/><F116/><W19/><G100/><T80/><D128/><N who="1" m="49227" /><E25/><V95/><F104/><W23/><G68/><T71/><D71/><U90/><E6/><V87/><F31/><W1/><G1/><T63/><D108/><U15/><E15/><V14/><F60/><W132/><G109/><T105/><D105/><U2/><E2/><V9/><F9/><W45/><G30/><T34/><D34/><U5/><E5/><V126/><F126/><W11/><G11/><T0/><D35/><U99/><E112/><V17/><F17/><W103/><G103/><T20/><D29/><U51/><E47/><V113/><F113/><W12/><G130/><T86/><D20/><U40/><E40/><V134/><F134/><N who="1" m="51209" /><E125/><V106/><F106/><W98/><G132/><T8/><D7/><U107/><E107/><V55/><F101/><W123/><G123/><T10/><D8/><U43/><E43/><V66/><F66/><W96/><G122/><T13/><D0/><U67/><E67/><V65/><F65/><W21/><G21/><T39/><D44/><U121/><E121/><V78/><F33/><W75/><G45/><T37/><D13/><U114/><E114/><V88/><F32/><W115/><G41/><T26/><D26/><U61/><E61/><V50/><F50/><W85/><G38/><T120/><D63/><U82/><E82/><V59/><F59/><W24/><G115/><T16/><D120/><U28/><E28/><RYUUKYOKU ba="0,0" sc="250,-15,250,15,250,15,250,-15" hai1="48,51,77,83,90,94,99" hai2="14,18,22,49,55,57,78,84,87,88,91,93,95" /><INIT seed="1,1,0,5,1,117" ten="235,265,265,235" oya="1" hai0="131,79,31,96,129,125,5,66,44,74,60,82,123" hai1="45,95,42,55,11,120,36,13,102,80,72,50,43" hai2="15,91,9,134,47,70,26,111,110,4,94,71,130" hai3="2,40,54,128,84,34,127,57,41,48,56,19,18"/><U10/><E120/><V93/><F134/><W52/><G34/><T16/><D31/><U61/><E42/><V108/><F130/><N who="0" m="49674" /><D5/><U88/><E102/><V103/><F47/><W98/><G2/><T24/><D125/><U63/><E11/><V59/><F59/><W76/><G128/><T7/><D7/><U75/><E75/><V100/><F26/><W97/><G127/><T12/><D96/><U132/><E132/><V58/><F58/><W86/><REACH who="3" step="1"/><G76/><REACH who="3" ten="235,265,265,225" step="2"/><T133/><D133/><U99/><E72/><V64/><F111/><W106/><G106/><T126/><D126/><U27/><E27/><V78/><F78/><W115/><G115/><T69/><D24/><U46/><REACH who="1" step="1"/><E80/><REACH who="1" ten="235,255,265,225" step="2"/><V112/><F110/><W39/><G39/><T68/><D82/><U65/><E65/><V17/><F64/><W33/><G33/><T32/><D66/><U135/><E135/><V22/><F108/><W53/><G53/><T101/><D32/><U90/><E90/><V23/><F91/><W0/><G0/><T114/><D114/><U37/><E37/><V67/><F112/><W14/><G14/><T83/><D12/><U21/><E21/><V38/><F38/><W122/><G122/><T104/><D123/><U73/><E73/><V3/><F67/><W62/><G62/><T107/><D60/><U1/><E1/><V124/><F124/><W109/><G109/><T119/><D83/><U118/><E118/><V113/><F113/><W28/><G28/><T6/><D74/><U87/><E87/><V92/><F23/><W85/><G85/><T105/><D119/><RYUUKYOKU ba="1,2" sc="235,-30,255,10,265,10,225,10" hai1="10,13,36,43,45,46,50,55,61,63,88,95,99" hai2="3,4,9,15,17,22,70,71,92,93,94,100,103" hai3="18,19,40,41,48,52,54,56,57,84,86,97,98" /><INIT seed="1,2,2,2,0,15" ten="205,265,275,235" oya="1" hai0="106,53,30,34,127,41,2,115,120,12,60,67,17" hai1="79,135,16,66,119,3,70,90,52,28,101,62,49" hai2="47,4,13,128,19,10,73,132,9,121,99,111,46" hai3="110,126,98,95,93,55,88,37,129,123,87,45,57"/><U48/><E119/><V72/><F121/><W26/><G123/><T7/><D120/><U20/><E3/><V54/><F111/><W131/><G110/><T21/><D115/><U104/><E135/><V107/><F128/><W61/><G126/><T103/><D127/><U113/><E113/><V122/><F122/><W89/><G37/><T35/><D41/><U50/><E79/><V133/><F99/><W105/><G45/><N who="2" m="16905" /><F107/><W125/><G125/><T11/><D53/><U33/><E90/><V86/><F86/><W112/><G112/><T6/><D6/><U77/><E77/><V102/><F102/><W29/><REACH who="3" step="1"/><G105/><REACH who="3" ten="205,265,275,225" step="2"/><T0/><D106/><U25/><E104/><V63/><F133/><W1/><G1/><T23/><D2/><U64/><E101/><V38/><F132/><W18/><G18/><T43/><D103/><U14/><REACH who="1" step="1"/><E66/><REACH who="1" ten="205,255,275,225" step="2"/><V124/><F124/><W24/><G24/><T56/><D67/><U8/><E8/><V27/><F10/><W117/><G117/><T94/><D11/><U92/><E92/><V97/><F27/><W44/><G44/><AGARI ba="2,4" hai="14,16,20,25,28,33,44,48,49,50,52,62,64,70" machi="44" ten="30,12000,1" yaku="1,1,7,1,52,1,54,2,53,0" doraHai="15" doraHaiUra="36" who="1" fromWho="3" sc="205,0,255,166,275,0,225,-126" /><INIT seed="1,3,0,3,5,43" ten="205,421,275,99" oya="1" hai0="105,42,38,31,27,125,115,30,119,121,16,47,3" hai1="110,96,70,39,15,87,10,12,63,85,88,94,112" hai2="101,60,79,53,2,65,73,61,76,132,124,7,51" hai3="93,44,103,116,120,34,58,48,102,98,91,123,128"/><U122/><E112/><V78/><F132/><W83/><G34/><T25/><D115/><U50/><E39/><V22/><F124/><W0/><G0/><T72/><D119/><U24/><E122/><V33/><F33/><W90/><G116/><T77/><D105/><U52/><E110/><V118/><F73/><W49/><G120/><T9/><D125/><U133/><E133/><V46/><F118/><W11/><G123/><T62/><D62/><U74/><E74/><V106/><F22/><W82/><G11/><T26/><D121/><U86/><E24/><V97/><REACH who="2" step="1"/><F65/><REACH who="2" ten="205,421,265,99" step="2"/><W71/><G71/><T114/><D114/><U113/><E113/><V20/><F20/><W108/><G108/><T130/><D130/><U21/><E21/><V92/><F92/><W28/><G128/><T117/><D117/><U4/><E70/><V19/><F19/><W18/><G18/><T81/><REACH who="0" step="1"/><D16/><REACH who="0" ten="195,421,265,99" step="2"/><U68/><E68/><V107/><F107/><W13/><G28/><T95/><D95/><U59/><REACH who="1" step="1"/><E12/><REACH who="1" ten="195,411,265,99" step="2"/><V35/><F35/><W67/><G13/><T100/><D100/><U41/><E41/><V32/><F32/><W126/><G103/><T134/><D134/><U8/><E8/><AGARI ba="3,3" hai="2,7,8,46,51,53,60,61,76,78,79,97,101,106" machi="8" ten="40,2600,0" yaku="1,1,52,1,53,0" doraHai="43" doraHaiUra="89" who="2" fromWho="1" sc="195,0,411,-35,265,65,99,0" /><INIT seed="2,0,0,0,5,68" ten="195,376,330,99" oya="2" hai0="7,9,135,67,48,87,17,27,31,113,5,110,109" hai1="105,45,10,20,92,123,6,28,44,29,78,71,52" hai2="100,1,23,86,59,70,63,46,64,122,93,69,36" hai3="15,11,98,96,13,82,0,130,30,47,116,55,38"/><V40/><F1/><W133/><G116/><T89/><D113/><U88/><E105/><V57/><F122/><W3/><G30/><T39/><D135/><U119/><E119/><V37/><F23/><W131/><G82/><T43/><D67/><U94/><E71/><N who="2" m="27147" /><F93/><W14/><G11/><T16/><D48/><U26/><E123/><V74/><F86/><W132/><G55/><T75/><D75/><U65/><E65/><N who="2" m="39151" /><F100/><W103/><G103/><T84/><D84/><U35/><E78/><V95/><F95/><W54/><G54/><T76/><D76/><U33/><E94/><V25/><F25/><W77/><G77/><T112/><D112/><U79/><E79/><V62/><F74/><W21/><G21/><T41/><D41/><U2/><E29/><V18/><F18/><W127/><G15/><T73/><D73/><U97/><E35/><V49/><AGARI ba="0,0" hai="36,37,40,46,49,59,62,64" m="39151,27147" machi="49" ten="30,18000,2" yaku="35,5,52,2" doraHai="68" who="2" fromWho="2" sc="195,-60,376,-60,330,180,99,-60" /><INIT seed="2,1,0,4,3,19" ten="135,316,510,39" oya="2" hai0="100,112,114,87,73,53,65,81,45,1,126,40,7" hai1="124,2,11,42,75,83,121,27,79,68,43,91,62" hai2="69,12,128,64,133,130,22,107,132,86,3,135,63" hai3="105,59,118,61,110,129,99,18,0,115,117,89,78"/><V55/><F107/><W74/><G0/><T125/><D1/><U95/><E121/><V34/><F34/><W96/><G115/><N who="0" m="44075" /><D7/><U108/><E108/><V21/><F3/><W17/><G110/><T20/><D73/><U29/><E124/><N who="0" m="47721" /><D100/><U106/><E106/><V47/><F86/><W109/><G109/><T25/><D65/><U71/><E71/><V113/><F113/><W56/><G105/><T52/><D87/><U103/><E103/><V85/><F12/><W72/><G61/><T104/><D81/><U37/><E37/><V88/><F47/><W36/><G36/><N who="0" m="21639" /><D104/><U82/><E82/><N who="2" m="49207" /><F55/><W38/><G38/><T26/><D26/><U80/><E80/><V60/><F60/><W16/><G18/><AGARI ba="1,0" hai="18,20,25,52,53" m="21639,47721,44075" machi="18" ten="30,3900,0" yaku="18,1,52,1,54,1" doraHai="19" who="0" fromWho="3" sc="135,42,316,0,510,0,39,-42" owari="177,-22.0,316,12.0,510,60.0,-3,-50.0" /></mjloggm>