<mjloggm ver="2.3"><GO type="41" lobby="0"/><UN n0="%E2%93%9D%53%75%70%68%78" n1="%E3%83%8A%E3%82%AB%E3%81%AB%E3%81%97" n2="%53%68%6F%65%62%69%6C%6C" n3="%E3%82%B5%E3%83%A0%E3%82%B9%E3%83%B3%EF%BC%90%EF%BC%91" dan="18,15,13,14" rate="2082.76,2008.97,1858.01,1939.49" sx="M,M,F,M"/><TAIKYOKU oya="0"/><INIT seed="0,0,0,5,4,18" ten="250,250,250,250" oya="0" hai0="56,47,13,68,81,84,9,101,118,41,46,100,80" hai1="1,20,4,94,36,65,69,21,112,113,98,99,133" hai2="11,114,131,34,71,122,102,111,44,63,117,2,92" hai3="35,77,55,51,95,85,107,26,74,89,3,17,15"/><T78/><D68/><U116/><E116/><V127/><RYUUKYOKU type="yao9" ba="0,0" sc="250,0,250,0,250,0,250,0" hai2="2,11,34,44,63,71,92,102,111,114,117,122,127,131" /><INIT seed="0,1,0,5,1,38" ten="250,250,250,250" oya="0" hai0="15,96,117,41,91,77,51,50,47,121,100,37,5" hai1="63,56,118,52,86,40,3,88,79,133,114,113,119" hai2="125,32,124,42,29,1,92,66,74,0,8,68,17" hai3="94,18,54,49,6,80,76,59,70,33,129,89,44"/><T48/><D117/><U65/><E3/><V46/><F74/><W135/><G135/><T55/><D121/><U19/><E79/><V123/><F123/><W102/><G70/><T16/><D5/><U93/><E133/><V60/><F92/><W35/><G6/><T27/><D77/><U13/><E65/><V69/><F69/><W115/><G115/><N who="1" m="44042" /><E40/><V81/><F81/><W30/><G102/><T109/><D109/><U101/><E101/><V82/><F82/><W57/><G129/><T85/><D27/><U90/><E90/><V120/><F120/><W64/><G18/><T126/><D126/><N who="2" m="48746" /><F17/><W116/><G116/><T36/><D36/><U31/><E31/><V4/><F1/><W127/><G127/><T14/><D14/><U53/><E53/><V75/><F75/><W104/><G104/><T39/><D39/><U108/><E108/><V105/><F105/><W87/><G30/><T9/><D100/><U12/><E12/><V111/><F111/><W45/><G64/><T134/><D134/><U106/><E106/><V73/><F73/><W95/><G95/><T107/><D107/><U112/><N who="1" m="44050" /><U43/><DORA hai="71" /><E43/><V99/><F99/><W2/><G2/><T67/><D67/><U84/><E84/><V24/><F46/><W28/><G44/><N who="0" m="23599" /><D96/><U72/><E72/><V11/><F42/><N who="3" m="24759" /><G28/><T130/><D130/><U132/><E132/><V97/><F97/><N who="3" m="57551" /><G59/><T128/><D128/><U34/><E34/><V21/><F11/><AGARI ba="1,0" hai="11,13,19,52,56,63,86,88,93,118,119" m="44050" machi="11" ten="40,5200,0" yaku="11,1,54,2" doraHai="38,71" who="1" fromWho="2" sc="250,0,250,55,250,-55,250,0" /><INIT seed="1,0,0,1,2,94" ten="250,305,195,250" oya="1" hai0="49,23,88,78,64,111,135,33,51,13,65,55,120" hai1="70,104,103,7,107,29,59,9,39,56,42,40,66" hai2="2,133,75,112,54,67,108,114,44,18,3,6,26" hai3="115,73,53,32,14,30,130,36,117,15,61,25,85"/><U69/><E29/><V34/><F75/><W71/><G115/><T102/><D33/><U45/><E42/><V106/><F108/><W125/><G73/><T37/><D37/><U0/><E59/><V82/><F133/><W28/><G28/><T1/><D1/><U8/><E8/><V109/><F109/><W81/><G125/><T129/><D129/><U5/><E5/><V27/><F106/><W11/><G36/><T126/><D102/><U48/><E107/><V62/><F82/><W123/><G123/><T52/><D78/><U116/><E116/><V128/><F128/><W10/><G130/><T99/><D126/><U83/><E83/><V60/><F6/><W110/><G110/><T131/><D135/><U24/><E24/><V50/><F112/><W92/><G92/><N who="0" m="56711" /><D120/><U134/><E134/><V80/><F114/><W90/><G117/><T46/><D131/><U89/><E89/><V21/><F80/><W74/><G74/><T113/><D113/><U43/><E43/><V68/><REACH who="2" step="1"/><F62/><REACH who="2" ten="250,305,185,250" step="2"/><W12/><G61/><T77/><D111/><U124/><E124/><V97/><F97/><W41/><G81/><T95/><D77/><U38/><E104/><V35/><F35/><W76/><G32/><T105/><D105/><U119/><E119/><V118/><F118/><W4/><G76/><T58/><D95/><U93/><E93/><V87/><F87/><W96/><G85/><T127/><D127/><U16/><E7/><V98/><F98/><W17/><G96/><T100/><D100/><U31/><E103/><V86/><F86/><W63/><G4/><RYUUKYOKU ba="0,1" sc="250,15,305,-15,185,15,250,-15" hai0="13,23,46,49,51,52,55,58,64,65" hai2="2,3,18,21,26,27,34,44,50,54,60,67,68" /><INIT seed="2,1,1,4,0,62" ten="265,290,200,235" oya="2" hai0="67,49,86,56,25,89,115,133,113,114,59,3,79" hai1="21,12,83,14,119,11,23,4,77,88,27,81,124" hai2="91,32,64,90,38,20,50,87,5,75,57,128,80" hai3="76,55,39,74,104,26,30,47,72,45,70,2,131"/><V53/><F32/><W10/><G104/><T85/><D3/><U28/><E119/><V36/><F128/><W34/><G131/><T66/><D133/><U42/><E124/><V51/><F75/><W37/><G70/><T41/><D25/><U15/><E23/><V61/><F5/><W101/><G101/><T44/><D79/><U43/><E77/><V78/><F51/><W54/><G76/><T100/><D100/><U52/><E83/><V92/><F20/><W94/><G94/><T22/><D22/><U127/><E127/><V16/><F16/><W1/><G10/><T6/><D6/><U108/><E108/><V110/><F110/><W40/><G26/><T106/><D106/><U97/><E52/><V122/><F122/><W120/><G120/><T109/><D86/><N who="1" m="50255" /><E97/><V117/><F117/><W7/><G7/><T18/><D18/><U93/><E93/><V68/><REACH who="2" step="1"/><F78/><REACH who="2" ten="265,290,190,235" step="2"/><W73/><G73/><T31/><D109/><U123/><E123/><V58/><F58/><W135/><G135/><T0/><D59/><U103/><E4/><V35/><F35/><W99/><G34/><T98/><D56/><U69/><E11/><V19/><F19/><W105/><G72/><T9/><D9/><U102/><E69/><V17/><F17/><W130/><G130/><T96/><D115/><U121/><E121/><V125/><F125/><W134/><G74/><T13/><D114/><U65/><E65/><V95/><F95/><W126/><G134/><T107/><D67/><U129/><E129/><V60/><F60/><W71/><G126/><T116/><D113/><RYUUKYOKU ba="1,2" sc="265,-15,290,15,190,15,235,-15" hai1="12,14,15,21,27,28,42,43,102,103" hai2="36,38,50,53,57,61,64,68,80,87,90,91,92" /><INIT seed="2,2,2,0,1,92" ten="250,305,205,220" oya="2" hai0="134,39,5,73,48,71,133,34,32,52,0,132,41" hai1="62,113,78,42,90,55,60,95,30,28,103,36,76" hai2="94,40,51,37,130,25,114,45,122,109,87,7,18" hai3="104,59,1,66,88,61,68,63,75,125,70,81,57"/><V126/><F114/><W56/><G104/><T23/><D73/><U83/><E113/><V119/><F119/><W135/><G1/><T131/><D131/><U91/><E36/><V64/><F122/><W50/><G135/><T72/><D72/><U43/><E95/><V4/><F130/><W14/><G125/><T12/><D71/><U17/><E17/><V3/><F126/><W69/><G14/><T65/><D65/><U117/><E55/><V67/><F3/><W128/><G128/><T121/><D121/><U22/><E22/><V24/><F37/><W29/><G29/><T108/><D108/><U86/><E103/><V112/><F112/><W115/><G115/><T2/><D41/><U101/><E101/><V27/><F109/><W21/><G21/><T38/><D38/><U9/><E86/><V123/><F18/><W10/><G10/><N who="0" m="4175" /><D39/><U13/><E13/><V102/><F123/><W106/><G106/><T46/><D23/><U127/><E83/><V97/><REACH who="2" step="1"/><F87/><REACH who="2" ten="250,305,195,220" step="2"/><W6/><G75/><T79/><D2/><U20/><E127/><V116/><F116/><W47/><G6/><AGARI ba="2,3" hai="4,6,7,24,25,27,40,45,51,64,67,94,97,102" machi="6" ten="40,12000,1" yaku="1,1,8,1,52,1,53,1" doraHai="92" doraHaiUra="93" who="2" fromWho="3" sc="250,0,305,0,195,156,220,-126" /><INIT seed="2,3,0,0,4,29" ten="250,305,351,94" oya="2" hai0="13,117,33,57,30,93,41,34,25,124,98,66,55" hai1="121,75,135,112,6,56,123,128,69,44,88,80,109" hai2="91,24,59,28,73,86,65,133,114,20,76,85,81" hai3="87,36,32,22,78,17,118,9,130,90,71,94,58"/><V48/><F114/><W134/><G118/><T108/><D108/><U40/><E112/><V21/><F133/><W72/><G71/><T115/><D115/><U31/><E109/><V110/><F110/><W122/><G134/><T1/><D1/><U14/><E69/><V0/><F0/><W62/><G122/><N who="1" m="46602" /><E128/><V113/><F113/><W42/><G130/><T99/><D41/><U51/><E31/><V18/><F91/><W82/><G9/><T16/><D124/><U26/><E26/><V12/><REACH who="2" step="1"/><F48/><REACH who="2" ten="250,305,341,94" step="2"/><W83/><G36/><T126/><D126/><U38/><E88/><V100/><F100/><W106/><G106/><T97/><D117/><U68/><E51/><V101/><F101/><W46/><G42/><T129/><D129/><U10/><E135/><V27/><F27/><W105/><G105/><T84/><D25/><U111/><E111/><V103/><F103/><W35/><G46/><T5/><D13/><U53/><E40/><V45/><F45/><W60/><G60/><AGARI ba="3,1" hai="12,18,20,21,24,28,59,60,65,73,76,81,85,86" machi="60" ten="40,3900,0" yaku="1,1,53,1" doraHai="29" doraHaiUra="79" who="2" fromWho="3" sc="250,0,305,0,341,58,94,-48" /><INIT seed="2,4,0,3,4,103" ten="250,305,399,46" oya="2" hai0="67,31,83,5,89,96,130,6,109,29,60,123,85" hai1="101,61,112,129,69,75,99,131,47,33,80,2,122" hai2="62,79,120,81,15,135,104,102,114,16,19,128,51" hai3="40,3,42,68,23,18,63,48,54,37,36,49,70"/><V7/><F114/><W93/><G3/><T44/><D109/><U86/><E112/><V118/><F118/><W88/><G49/><T124/><D123/><U57/><E2/><V106/><F120/><W28/><G28/><T26/><D130/><U43/><E69/><V34/><F128/><N who="1" m="49225" /><E33/><V25/><F102/><W71/><G63/><T97/><D124/><U65/><E75/><V94/><F7/><W17/><G17/><T59/><D31/><U92/><E122/><V50/><F94/><W55/><G55/><T76/><D44/><U127/><E127/><V77/><F62/><W27/><G40/><T100/><D76/><N who="1" m="46343" /><E47/><V24/><F34/><W13/><G42/><AGARI ba="4,0" hai="42,43,57,61,65,92,99,101" m="46343,49225" machi="42" ten="30,1000,0" yaku="19,1" doraHai="103" who="1" fromWho="3" sc="250,0,305,22,399,0,46,-22" /><INIT seed="3,0,0,4,2,10" ten="250,327,399,24" oya="3" hai0="64,57,53,67,97,68,132,50,135,42,43,3,46" hai1="25,49,23,66,56,105,37,76,21,73,103,29,72" hai2="118,85,128,28,80,91,88,119,70,83,92,38,74" hai3="2,89,122,32,27,36,96,14,20,31,62,52,95"/><W4/><G122/><T22/><D22/><U125/><E37/><V19/><F38/><W12/><G36/><T30/><D30/><U113/><E113/><V54/><F70/><W101/><G32/><T123/><D3/><U51/><E76/><V78/><F128/><W77/><G77/><T108/><D97/><U109/><E109/><V11/><F28/><W17/><G2/><T47/><D108/><U9/><E125/><V126/><F126/><W55/><G4/><T24/><D24/><U39/><E103/><V69/><F69/><W107/><G31/><T127/><D127/><U93/><E105/><V16/><F19/><W90/><G90/><T134/><D123/><U33/><E23/><V121/><F121/><W124/><G124/><T40/><D68/><U15/><E21/><V60/><F60/><W48/><G62/><T71/><D71/><U81/><E93/><V100/><F54/><W41/><G41/><T94/><D94/><U1/><E1/><V117/><F16/><W79/><G79/><T65/><AGARI ba="0,0" hai="40,42,43,46,47,50,53,57,64,65,67,132,134,135" machi="65" ten="40,12000,2" yaku="0,1,29,2,20,1,34,3" doraHai="10" who="0" fromWho="0" sc="250,120,327,-30,399,-30,24,-60" owari="370,47.0,297,-10.0,369,17.0,-36,-54.0" /></mjloggm>