<mjloggm ver="2.3"><GO type="41" lobby="0"/><UN n0="%74%65%74%65%6B%75%32%31" n1="%E5%86%B7%E9%9D%99%E4%B8%80%E7%82%B9" n2="%E2%93%9D%53%75%70%68%78" n3="%E3%82%81%E3%81%88%E3%81%93" dan="15,13,18,13" rate="1963.62,2006.60,2147.88,1908.95" sx="M,M,M,F"/><TAIKYOKU oya="0"/><INIT seed="0,0,0,3,1,127" ten="250,250,250,250" oya="0" hai0="24,114,22,39,73,5,61,6,103,28,34,57,53" hai1="87,43,130,80,18,100,45,118,19,17,54,104,85" hai2="69,38,99,83,8,12,97,64,134,47,37,49,110" hai3="14,113,107,31,125,108,92,115,11,40,117,77,133"/><T82/><D114/><U116/><E54/><V96/><F110/><W20/><G107/><T75/><D39/><U84/><E80/><V81/><F134/><W86/><G117/><T88/><D103/><U68/><E68/><V32/><F32/><W46/><G108/><T65/><D34/><U2/><E2/><V25/><F25/><W89/><G125/><T98/><D75/><U111/><E111/><V1/><F1/><W29/><G133/><T105/><D105/><U123/><E123/><V67/><F38/><W121/><G121/><T15/><D73/><U112/><E112/><V55/><F37/><W78/><G115/><T0/><D0/><U131/><E45/><V102/><F102/><W70/><G70/><T4/><D98/><N who="1" m="61463" /><E43/><V135/><F135/><W36/><G113/><T13/><REACH who="0" step="1"/><D65/><REACH who="0" ten="240,250,250,250" step="2"/><N who="2" m="25162" /><F69/><W66/><G66/><T106/><D106/><U30/><E30/><V60/><F60/><W119/><G29/><T63/><D63/><U56/><E56/><V132/><F132/><W16/><REACH who="3" step="1"/><G119/><REACH who="3" ten="240,250,250,240" step="2"/><T124/><D124/><U26/><E26/><AGARI ba="0,2" hai="11,14,16,20,26,31,36,40,46,77,78,86,89,92" machi="26" ten="40,8000,1" yaku="1,1,2,1,54,1,53,2" doraHai="127" doraHaiUra="74" who="3" fromWho="1" sc="240,0,250,-80,250,0,240,100" /><INIT seed="1,0,0,4,1,46" ten="240,170,250,340" oya="1" hai0="3,77,15,101,114,0,52,103,50,87,66,93,106" hai1="109,129,135,8,90,131,130,102,105,14,61,32,89" hai2="110,40,10,86,54,91,26,55,6,39,123,58,98" hai3="68,34,30,94,112,72,16,71,36,104,132,22,42"/><U70/><E32/><V76/><F110/><W59/><G112/><T128/><D114/><U100/><E109/><V18/><F123/><W17/><G104/><T124/><D106/><U51/><E135/><V67/><F40/><W127/><G132/><T116/><D116/><U31/><E31/><V108/><F39/><W111/><G111/><T43/><D43/><U134/><E134/><V11/><F76/><W27/><G72/><T63/><D128/><U125/><E125/><V79/><F79/><W74/><G74/><T1/><D124/><U73/><E73/><V80/><F98/><W20/><G127/><T45/><D15/><U2/><E2/><V113/><F113/><W24/><G94/><T19/><D19/><N who="1" m="8647" /><E105/><V97/><F108/><W23/><G59/><T5/><D5/><U37/><E37/><V38/><F38/><W75/><G75/><T122/><D122/><U118/><E118/><V9/><F6/><W126/><G126/><T4/><D4/><U25/><E25/><V29/><F18/><W47/><REACH who="3" step="1"/><G23/><REACH who="3" ten="240,170,250,330" step="2"/><T107/><D107/><U28/><E70/><V53/><F58/><W133/><G133/><T99/><D103/><U92/><E100/><V64/><REACH who="2" step="1"/><F97/><REACH who="2" ten="240,170,240,330" step="2"/><W115/><G115/><T119/><D119/><U120/><E129/><V96/><F96/><W95/><G95/><T44/><D99/><U83/><E92/><V13/><F13/><AGARI ba="0,2" hai="13,16,17,20,22,24,27,30,34,36,42,47,68,71" machi="13" ten="30,8000,1" yaku="1,1,7,1,54,1,53,2" doraHai="46" doraHaiUra="21" who="3" fromWho="2" sc="240,0,170,0,240,-80,330,100" /><INIT seed="2,0,0,2,0,35" ten="240,170,160,430" oya="2" hai0="17,120,12,3,128,79,82,64,66,0,93,26,28" hai1="114,105,118,115,108,27,38,42,69,132,32,88,91" hai2="104,127,37,36,41,9,4,75,130,56,43,49,106" hai3="63,113,133,90,29,19,111,94,46,99,10,116,109"/><V92/><F75/><W47/><G116/><T24/><D120/><U6/><E118/><V78/><F78/><W13/><G133/><T52/><D128/><U102/><E132/><V76/><F76/><W65/><G29/><T25/><D28/><U1/><E108/><N who="3" m="41546" /><G113/><T57/><D93/><U18/><E69/><AGARI ba="0,0" hai="10,13,19,46,47,63,65,69,90,94,99" m="41546" machi="69" ten="30,1000,0" yaku="14,1" doraHai="35" who="3" fromWho="1" sc="240,0,170,-10,160,0,430,10" /><INIT seed="3,0,0,0,3,88" ten="240,160,160,440" oya="3" hai0="34,38,62,73,55,57,22,77,21,23,24,69,13" hai1="94,75,30,29,112,3,126,87,40,99,64,48,72" hai2="14,90,86,89,42,25,4,37,128,133,61,59,8" hai3="68,108,101,1,102,50,12,122,125,79,11,130,46"/><W97/><G122/><T7/><D38/><U76/><E112/><V81/><F133/><W39/><G1/><T54/><D69/><U120/><E3/><V35/><F128/><W0/><G0/><T28/><D73/><U74/><E120/><V98/><F37/><W103/><G39/><T107/><D77/><U111/><E111/><V71/><F71/><W65/><G130/><T78/><D78/><U127/><E64/><V67/><F42/><W96/><G108/><T52/><D107/><U63/><E63/><V6/><F35/><W53/><G79/><T91/><D7/><U100/><E40/><V92/><REACH who="2" step="1"/><F25/><REACH who="2" ten="240,160,150,440" step="2"/><W5/><REACH who="3" step="1"/><G125/><REACH who="3" ten="240,160,150,430" step="2"/><T123/><D123/><U49/><E126/><V31/><F31/><W135/><G135/><T51/><D13/><U124/><E127/><V114/><F114/><W121/><G121/><T104/><D104/><U119/><E124/><V83/><F83/><W15/><G15/><T116/><D116/><U106/><E119/><V134/><F134/><W118/><G118/><T84/><REACH who="0" step="1"/><D51/><REACH who="0" ten="230,160,150,430" step="2"/><U70/><E49/><V16/><AGARI ba="0,3" hai="4,6,8,14,16,59,61,67,81,86,89,90,92,98" machi="16" ten="20,12000,2" yaku="1,1,0,1,7,1,8,1,52,1,54,1,53,1" doraHai="88" doraHaiUra="80" who="2" fromWho="2" sc="230,-30,160,-30,150,150,430,-60" /><INIT seed="4,0,0,3,1,64" ten="200,130,300,370" oya="0" hai0="124,119,96,123,125,15,36,73,50,62,78,52,13" hai1="26,54,98,134,71,92,27,91,58,116,6,3,7" hai2="18,131,118,4,100,8,0,85,9,19,45,90,29" hai3="56,89,87,12,99,130,132,35,113,74,135,84,126"/><T59/><D119/><U37/><E116/><V39/><F131/><W117/><G117/><T122/><D36/><U66/><E37/><V69/><F29/><W95/><G35/><T101/><D78/><U94/><E134/><V48/><F100/><W21/><G56/><T102/><D73/><U88/><E3/><V49/><F69/><W68/><G68/><T112/><D112/><U40/><E40/><V108/><F108/><W105/><G21/><T2/><D2/><U1/><E1/><V79/><F79/><W81/><G12/><T72/><D72/><U110/><E110/><V42/><F118/><W34/><G34/><T129/><D129/><U28/><E66/><V31/><F31/><W20/><G20/><T93/><D102/><U83/><E83/><V133/><F133/><N who="3" m="51275" /><G130/><T41/><D13/><U25/><E28/><V5/><F5/><W80/><G113/><T65/><D15/><U76/><E76/><V60/><F9/><W114/><G114/><T82/><D82/><U106/><E106/><V107/><F107/><W10/><G10/><T57/><REACH who="0" step="1"/><D41/><REACH who="0" ten="190,130,300,370" step="2"/><U86/><REACH who="1" step="1"/><E71/><REACH who="1" ten="190,120,300,370" step="2"/><V75/><F42/><W70/><G70/><T22/><D22/><U16/><E16/><V14/><F19/><W17/><G17/><T97/><D97/><U55/><E55/><V61/><F18/><W128/><G128/><T43/><D43/><U53/><E53/><V104/><F39/><W24/><G99/><T67/><D67/><U51/><AGARI ba="0,2" hai="6,7,25,26,27,51,54,58,86,88,91,92,94,98" machi="51" ten="30,7900,0" yaku="1,1,0,1,8,1,54,1,53,0" doraHai="64" doraHaiUra="115" who="1" fromWho="1" sc="190,-39,120,99,300,-20,370,-20" /><INIT seed="5,0,0,4,2,106" ten="151,219,280,350" oya="1" hai0="134,10,69,123,34,96,39,3,1,11,2,112,49" hai1="68,47,41,42,81,132,0,67,133,53,74,82,58" hai2="8,135,36,83,44,43,116,76,109,45,89,70,32" hai3="118,31,113,122,60,64,51,103,65,23,129,115,9"/><U48/><E0/><V26/><F109/><W50/><G122/><T75/><D112/><U4/><E4/><V126/><F116/><W25/><G118/><T19/><D69/><U17/><E17/><V101/><F45/><W21/><G129/><T35/><D39/><N who="1" m="21951" /><E81/><V88/><F101/><W14/><G103/><T95/><D123/><U46/><E82/><V55/><F126/><W92/><G92/><T79/><D134/><N who="1" m="51819" /><E74/><V98/><F135/><W71/><G65/><T131/><D131/><U125/><E125/><V124/><F83/><W56/><G23/><T13/><D79/><U86/><E86/><V33/><F76/><W99/><G71/><T111/><D111/><U22/><E22/><V27/><F124/><W59/><G56/><T24/><D75/><U57/><E42/><V16/><F43/><W37/><G37/><T114/><D114/><N who="3" m="43529" /><G99/><T93/><D11/><U102/><E102/><V85/><F8/><W110/><G110/><T52/><D96/><U12/><E12/><V94/><F98/><W87/><G87/><T128/><D128/><U29/><E29/><V127/><F127/><W78/><G78/><T121/><D121/><U20/><E20/><V72/><F85/><W30/><G30/><T54/><D24/><U62/><AGARI ba="0,0" hai="46,48,53,57,58,62,67,68" m="51819,21951" machi="62" ten="30,6000,0" yaku="20,1,34,2" doraHai="106" who="1" fromWho="1" sc="151,-20,219,60,280,-20,350,-20" /><INIT seed="5,1,0,5,2,76" ten="131,279,260,330" oya="1" hai0="46,40,122,39,0,15,54,82,113,65,59,106,117" hai1="110,24,18,101,123,85,36,62,120,47,90,48,66" hai2="9,97,121,96,23,3,29,95,37,25,119,108,112" hai3="12,80,44,35,99,52,14,30,83,51,68,91,70"/><U56/><E101/><V5/><F108/><W6/><G70/><T31/><D0/><U128/><E36/><V104/><F119/><W103/><G68/><T109/><D106/><U41/><E128/><V125/><F121/><W93/><G91/><T1/><D1/><U89/><E90/><V38/><F125/><W127/><G127/><T86/><D109/><U16/><E110/><V11/><F112/><W94/><G93/><T71/><D113/><U102/><E102/><V21/><F104/><W105/><G105/><T32/><D32/><U67/><E66/><V34/><F97/><W20/><G35/><T98/><D98/><U7/><E7/><V63/><F11/><N who="3" m="4215" /><G14/><T17/><D31/><U116/><E116/><V79/><F79/><W115/><G115/><T74/><D74/><U92/><E120/><V10/><F10/><W124/><G124/><T78/><D122/><U107/><E107/><V43/><F38/><W58/><G58/><T61/><D117/><U57/><E123/><V131/><F131/><W81/><G81/><T22/><REACH who="0" step="1"/><D71/><REACH who="0" ten="121,279,260,330" step="2"/><U134/><E134/><V87/><F96/><W72/><G72/><T26/><D26/><AGARI ba="1,1" hai="20,26,30,44,51,52,80,83,94,99,103" m="4215" machi="26" ten="30,7700,0" yaku="8,1,52,2,54,1" doraHai="76" who="3" fromWho="0" sc="121,-80,279,0,260,0,330,90" /><INIT seed="6,0,0,1,3,9" ten="41,279,260,420" oya="2" hai0="128,54,8,130,107,105,48,86,33,90,10,110,29" hai1="126,25,32,31,55,11,111,42,104,21,28,118,106" hai2="109,17,43,112,62,81,47,66,93,13,20,89,75" hai3="71,119,36,15,72,64,34,114,39,103,91,83,49"/><V99/><F112/><W102/><G119/><T96/><D110/><U131/><E118/><V65/><F109/><W27/><G103/><T51/><D33/><U5/><E111/><V18/><F62/><W14/><G114/><T2/><D29/><U70/><E70/><V6/><F6/><W46/><G102/><T88/><D96/><U127/><E42/><V12/><F75/><W22/><G34/><T38/><D54/><U59/><E131/><V50/><F81/><W52/><G39/><T45/><D38/><U82/><E82/><V80/><F80/><W132/><G36/><T95/><D45/><U116/><E116/><V113/><F113/><W120/><G120/><T85/><D95/><U30/><E32/><V79/><F79/><W61/><G132/><T37/><D37/><U125/><E31/><V123/><F123/><W53/><G53/><T115/><D115/><U35/><E30/><V19/><F19/><W44/><G46/><T4/><D4/><U1/><E35/><V76/><F76/><W122/><G122/><T24/><REACH who="0" step="1"/><D24/><REACH who="0" ten="31,279,260,420" step="2"/><U92/><E92/><V60/><F60/><AGARI ba="0,1" hai="1,5,11,21,25,28,55,59,60,104,106,125,126,127" machi="60" ten="40,1300,0" yaku="18,1" doraHai="9" who="1" fromWho="2" sc="31,0,279,23,260,-13,420,0" /><INIT seed="7,0,0,2,2,38" ten="31,302,247,420" oya="3" hai0="3,120,33,109,21,9,6,18,52,96,130,67,105" hai1="49,68,41,20,70,5,7,30,1,113,56,45,69" hai2="84,11,131,122,112,25,54,53,125,107,82,115,126" hai3="94,101,118,135,36,29,100,121,34,57,88,99,89"/><W35/><G118/><T97/><D109/><U93/><E113/><N who="2" m="43595" /><F25/><W108/><G121/><T24/><D120/><U44/><E1/><V132/><F11/><W60/><G108/><T87/><D130/><U83/><E56/><V80/><F122/><W133/><G36/><T110/><D67/><U91/><E83/><N who="2" m="31787" /><F131/><W72/><G72/><T117/><D87/><U95/><E93/><V79/><F132/><N who="3" m="50763" /><G89/><T62/><D117/><U12/><E45/><V119/><F119/><W10/><G10/><T90/><D90/><U106/><E106/><V73/><F73/><W124/><G124/><N who="2" m="47721" /><F107/><W111/><G111/><T40/><D110/><U42/><E30/><V51/><F51/><W14/><G14/><T23/><D105/><U86/><REACH who="1" step="1"/><E41/><REACH who="1" ten="31,292,247,420" step="2"/><V76/><F84/><W17/><G17/><AGARI ba="0,1" hai="5,7,12,17,20,42,44,49,68,69,70,86,91,95" machi="17" ten="40,5200,0" yaku="1,1,2,1,52,1,53,0" doraHai="38" doraHaiUra="32" who="1" fromWho="3" sc="31,0,292,62,247,0,420,-52" owari="31,-47.0,354,15.0,247,-15.0,368,47.0" /></mjloggm>