<mjloggm ver="2.3"><GO type="41" lobby="0"/><UN n0="%E3%83%AA%E3%83%88%E3%83%AB%E8%8B%A5%E6%9E%97" n1="%62%61%62%65%72%75%74%68" n2="%E2%93%9D%53%75%70%68%78" n3="%E7%B5%B9%E5%B7%9D%E5%81%A5%E4%B8%80" dan="14,13,18,13" rate="1915.03,1842.79,2115.66,1964.06" sx="M,M,M,M"/><TAIKYOKU oya="0"/><INIT seed="0,0,0,0,3,15" ten="250,250,250,250" oya="0" hai0="90,37,22,104,48,126,75,6,135,81,49,42,58" hai1="24,89,10,73,41,118,14,80,88,31,131,9,52" hai2="13,133,130,120,98,97,36,82,114,45,109,100,101" hai3="92,8,78,96,132,28,34,79,107,110,111,71,40"/><T27/><D104/><U91/><E118/><V55/><F114/><W116/><G116/><T18/><D126/><U54/><E131/><V11/><F109/><N who="3" m="41483" /><G71/><T121/><D121/><U39/><E41/><V66/><F133/><W76/><G40/><T77/><D135/><U32/><E39/><V87/><F66/><W103/><G34/><T0/><D0/><U105/><E105/><V113/><F130/><W95/><G8/><T51/><D6/><U25/><E9/><V134/><F113/><W72/><G28/><T124/><D124/><U56/><E25/><V20/><F120/><W68/><G68/><T57/><REACH who="0" step="1"/><D90/><REACH who="0" ten="240,250,250,250" step="2"/><U21/><E32/><V16/><F134/><W99/><G132/><T127/><D127/><U46/><E73/><V125/><F125/><W53/><G53/><N who="1" m="20586" /><E56/><V7/><F55/><W128/><G128/><T84/><D84/><N who="1" m="50311" /><E46/><AGARI ba="0,1" hai="18,22,27,37,42,46,48,49,51,57,58,75,77,81" machi="46" ten="40,3900,0" yaku="1,1,52,1,53,0" doraHai="15" doraHaiUra="4" who="0" fromWho="1" sc="240,49,250,-39,250,0,250,0" /><INIT seed="0,1,0,2,1,32" ten="289,211,250,250" oya="0" hai0="87,69,50,34,109,22,104,81,52,45,66,40,6" hai1="2,107,98,129,73,61,29,28,3,37,58,30,115" hai2="11,9,102,111,8,38,68,82,60,106,4,31,7" hai3="18,134,77,131,120,94,59,33,133,127,51,79,53"/><T20/><D34/><U21/><E73/><V95/><F106/><W125/><G33/><T57/><D104/><U83/><E37/><V14/><F38/><W89/><G120/><T43/><D109/><U35/><E35/><V72/><F31/><W24/><G18/><T19/><D6/><U99/><E129/><V47/><F47/><W124/><G24/><T16/><D66/><U10/><E10/><V108/><F95/><W112/><G112/><T96/><D69/><U55/><E115/><V76/><F102/><W121/><G121/><T27/><D96/><U64/><E83/><V49/><F49/><W100/><G100/><T75/><D75/><U114/><E114/><V17/><F60/><W126/><N who="3" m="31744" /><DORA hai="105" /><W117/><G117/><T41/><D87/><U23/><E64/><V25/><F68/><W122/><G122/><T92/><D92/><U48/><E61/><V71/><F71/><W97/><REACH who="3" step="1"/><G131/><REACH who="3" ten="289,211,250,240" step="2"/><T63/><D81/><U123/><E123/><V5/><REACH who="2" step="1"/><F25/><AGARI ba="1,1" hai="16,19,20,22,25,27,40,41,43,45,50,52,57,63" machi="25" ten="30,12000,1" yaku="7,1,9,1,8,1,54,2" doraHai="32,105" who="0" fromWho="2" sc="289,133,211,0,250,-123,240,0" /><INIT seed="0,2,0,0,5,127" ten="422,211,127,240" oya="0" hai0="51,3,42,66,65,79,116,24,128,135,80,84,8" hai1="78,41,18,107,99,123,10,130,37,95,4,15,83" hai2="112,55,114,91,7,46,14,22,69,31,63,70,108" hai3="35,43,93,86,92,52,126,133,103,90,125,34,6"/><T100/><D116/><U118/><E118/><V40/><F7/><W85/><G133/><T73/><D128/><U105/><E130/><V47/><F14/><W39/><G6/><T87/><D100/><U104/><E123/><V2/><F22/><W57/><G39/><T26/><D135/><U33/><E33/><V1/><F91/><W134/><G43/><T132/><D132/><U120/><E120/><V67/><F31/><W77/><G134/><T109/><D109/><U62/><E62/><V131/><F2/><W49/><G77/><T117/><D117/><U82/><E37/><N who="2" m="21775" /><F1/><W59/><G103/><T12/><D3/><U81/><E41/><V45/><F108/><W115/><G115/><N who="2" m="44073" /><F55/><W121/><G121/><T60/><D73/><U129/><E129/><V102/><F102/><W122/><G122/><T50/><D79/><U9/><E9/><V19/><F19/><W20/><G20/><T5/><D80/><U36/><E36/><V97/><F97/><W30/><G30/><T38/><D38/><U17/><REACH who="1" step="1"/><E78/><REACH who="1" ten="422,201,127,240" step="2"/><V23/><F131/><W16/><G34/><T98/><D8/><U0/><E0/><V71/><F23/><W58/><G35/><T75/><D42/><U28/><E28/><V96/><F96/><W72/><G126/><T76/><D98/><U124/><E124/><V32/><F32/><W21/><G125/><T25/><D76/><U27/><E27/><V68/><AGARI ba="2,1" hai="45,47,63,67,68,69,70,71" m="44073,21775" machi="68" ten="40,2700,0" yaku="34,2" doraHai="127" who="2" fromWho="2" sc="422,-15,201,-9,127,43,240,-9" /><INIT seed="1,0,0,5,4,94" ten="407,192,170,231" oya="1" hai0="85,130,42,54,29,24,96,114,51,108,47,66,65" hai1="31,121,8,38,91,7,34,37,22,80,26,64,131" hai2="17,75,59,105,101,25,48,110,55,44,103,4,39" hai3="2,57,76,43,14,28,63,11,89,20,133,6,102"/><U50/><E121/><V23/><F110/><W93/><G133/><T61/><D108/><U27/><E64/><V122/><F122/><W95/><G76/><T81/><D130/><U0/><E131/><V128/><F128/><W100/><G43/><T67/><D114/><U92/><E80/><V73/><F4/><W135/><G135/><T104/><D104/><U15/><E50/><V33/><F33/><W82/><G82/><T83/><D96/><U107/><E107/><V112/><F112/><W120/><G120/><T5/><D5/><U19/><REACH who="1" step="1"/><E27/><REACH who="1" ten="407,182,170,231" step="2"/><V106/><F106/><W134/><G134/><T129/><D83/><U70/><E70/><V127/><F105/><W119/><G119/><T53/><D61/><U77/><E77/><V21/><F48/><W32/><G93/><T98/><D129/><U118/><E118/><V3/><F25/><W88/><G95/><T45/><D67/><U109/><E109/><V58/><F75/><W86/><G102/><T90/><D66/><U116/><E116/><V36/><F103/><W113/><G100/><T117/><D65/><U52/><E52/><N who="0" m="20073" /><D117/><U99/><AGARI ba="0,1" hai="0,7,8,15,19,22,26,31,34,37,38,91,92,99" machi="99" ten="20,18000,2" yaku="1,1,0,1,7,1,24,2,52,1,53,0" doraHai="94" doraHaiUra="46" who="1" fromWho="1" sc="407,-60,182,190,170,-60,231,-60" /><INIT seed="1,1,0,2,4,72" ten="347,372,110,171" oya="1" hai0="67,101,79,81,24,63,56,7,126,91,90,73,97" hai1="69,80,102,46,6,19,29,55,106,82,39,74,23" hai2="119,1,76,62,33,131,58,129,0,34,84,20,15" hai3="87,53,48,59,111,30,70,96,68,41,51,135,120"/><U93/><E69/><N who="3" m="26730" /><G96/><T128/><D126/><U31/><E106/><V86/><F119/><W92/><G87/><T49/><D128/><N who="2" m="49226" /><F20/><W4/><G92/><T38/><D38/><U134/><E134/><V45/><F15/><W133/><G30/><T104/><D49/><N who="1" m="29111" /><E74/><V107/><F45/><N who="3" m="25647" /><G4/><T47/><D47/><U12/><E39/><V54/><F86/><W66/><G120/><T3/><D3/><N who="2" m="1098" /><F107/><W42/><G111/><T2/><D2/><U75/><E75/><V94/><F94/><W100/><G100/><T114/><D114/><U18/><E6/><V109/><F109/><W122/><G122/><T13/><REACH who="0" step="1"/><D24/><REACH who="0" ten="337,372,110,171" step="2"/><U98/><E19/><V5/><F5/><W127/><G127/><T60/><D60/><U17/><E17/><V36/><F36/><W65/><G42/><T14/><D14/><U50/><E50/><V64/><F62/><W88/><G66/><T110/><D110/><U22/><E31/><V57/><F64/><W99/><G65/><T112/><D112/><U77/><E29/><V130/><F130/><W26/><G26/><T40/><D40/><U116/><E116/><V27/><F27/><W8/><G8/><AGARI ba="1,1" hai="7,8,13,56,63,67,73,79,81,90,91,97,101,104" machi="8" ten="40,2600,0" yaku="1,1,52,1,53,0" doraHai="72" doraHaiUra="125" who="0" fromWho="3" sc="337,39,372,0,110,0,171,-29" /><INIT seed="2,0,0,0,4,106" ten="376,372,110,142" oya="2" hai0="29,131,17,61,72,121,30,64,18,128,97,37,129" hai1="9,133,94,85,58,52,86,113,25,50,62,47,14" hai2="93,125,96,66,100,19,54,70,103,69,116,108,34" hai3="8,127,87,89,44,76,59,111,15,67,1,20,114"/><V92/><F116/><W38/><G111/><T45/><D121/><U78/><E133/><V105/><F34/><W26/><G127/><T40/><D97/><U36/><E36/><V4/><F4/><W16/><G114/><T135/><D135/><U102/><E113/><V65/><F54/><W42/><G76/><T79/><D17/><U46/><E46/><V115/><F115/><W28/><G1/><T104/><D18/><U80/><E25/><V63/><F125/><W117/><G117/><T49/><D49/><U75/><E102/><V118/><F118/><W81/><G59/><T53/><D53/><U24/><E24/><V83/><F108/><W13/><G15/><T130/><D104/><U11/><E11/><V82/><F19/><W109/><G109/><T68/><D130/><U98/><E98/><V22/><F22/><W23/><REACH who="3" step="1"/><G67/><REACH who="3" ten="376,372,110,132" step="2"/><T7/><D79/><U32/><E32/><AGARI ba="0,1" hai="8,13,16,20,23,26,28,32,38,42,44,81,87,89" machi="32" ten="30,7700,0" yaku="1,1,2,1,7,1,54,1,53,0" doraHai="106" doraHaiUra="99" who="3" fromWho="1" sc="376,0,372,-77,110,0,132,87" /><INIT seed="3,0,0,2,0,108" ten="376,295,110,219" oya="3" hai0="58,9,113,72,60,27,16,35,24,84,26,13,122" hai1="74,55,1,61,128,40,66,52,51,135,64,68,117" hai2="102,47,92,90,109,18,133,32,49,12,76,31,88" hai3="54,62,104,3,89,8,95,19,48,38,70,112,45"/><W65/><G104/><T17/><D72/><U0/><E74/><V7/><F109/><W79/><G79/><T4/><D84/><U71/><E1/><V5/><F133/><W37/><G112/><T114/><D122/><U81/><E81/><V126/><F126/><W130/><G130/><T118/><D118/><U110/><E0/><V80/><F31/><W87/><G19/><N who="0" m="7243" /><D58/><N who="1" m="33055" /><E117/><V14/><F32/><W75/><G75/><T69/><D60/><N who="1" m="39943" /><E110/><V57/><F57/><W33/><REACH who="3" step="1"/><G33/><REACH who="3" ten="376,295,110,209" step="2"/><T125/><D125/><U42/><E128/><V134/><F76/><W85/><G85/><T43/><D35/><U131/><E131/><V21/><F134/><W10/><G10/><T93/><D9/><U41/><E135/><V129/><F129/><W20/><G20/><T15/><D113/><U100/><E100/><V98/><F102/><W101/><G101/><T106/><D114/><U11/><E11/><V111/><F111/><W53/><G53/><AGARI ba="0,1" hai="40,41,42,53,55,61,66,71" m="39943,33055" machi="53" ten="30,12000,2" yaku="35,5,54,1" doraHai="108" who="1" fromWho="3" sc="376,0,295,130,110,0,209,-120" /><INIT seed="4,0,0,4,2,75" ten="376,425,110,89" oya="0" hai0="102,86,125,57,42,59,96,94,35,103,29,121,16" hai1="48,85,61,83,69,97,106,71,110,124,56,52,25" hai2="78,5,28,132,109,87,72,84,67,82,53,50,62" hai3="76,118,18,58,99,39,127,47,3,68,19,44,7"/><T10/><D121/><U119/><E110/><V95/><F109/><W112/><G118/><T104/><D35/><U123/><E123/><V54/><F132/><W66/><G127/><T17/><D29/><U14/><E124/><V27/><F5/><W101/><G112/><T77/><D103/><U122/><E122/><V8/><F8/><W129/><G129/><T1/><D104/><U80/><E119/><V116/><F116/><W34/><G34/><T126/><D126/><U73/><E73/><V31/><F31/><W131/><G131/><T46/><D1/><U108/><E108/><V43/><F43/><W21/><G68/><T107/><D107/><U15/><E25/><V91/><F50/><W128/><G128/><T134/><D134/><U98/><E83/><V63/><F72/><W111/><G111/><T51/><D125/><U37/><E37/><V45/><F45/><W6/><G39/><T24/><D10/><U32/><E32/><V89/><F89/><W114/><G114/><T23/><REACH who="0" step="1"/><D17/><REACH who="0" ten="366,425,110,89" step="2"/><U135/><E135/><V70/><REACH who="2" step="1"/><F63/><REACH who="2" ten="366,425,100,89" step="2"/><W4/><G3/><T9/><D9/><U117/><E117/><V88/><F88/><W92/><G19/><T55/><D55/><U30/><E30/><V79/><F79/><W113/><G76/><T36/><D36/><U60/><E61/><V130/><F130/><W0/><G0/><T38/><D38/><U11/><E11/><V13/><F13/><N who="3" m="9423" /><G113/><T12/><D12/><U133/><E133/><V22/><AGARI ba="0,2" hai="22,27,28,53,54,62,67,70,78,82,84,87,91,95" machi="22" ten="20,12000,2" yaku="1,1,0,1,7,1,52,1,53,2" doraHai="75" doraHaiUra="49" who="2" fromWho="2" sc="366,-60,425,-30,100,140,89,-30" /><INIT seed="5,0,0,2,3,120" ten="306,395,240,59" oya="1" hai0="34,122,51,108,125,16,54,128,50,106,43,133,18" hai1="58,44,76,101,56,59,69,89,27,15,90,98,12" hai2="86,45,48,113,97,87,119,36,28,83,116,124,8" hai3="26,1,107,112,2,61,96,17,92,94,82,72,39"/><U77/><E69/><V78/><F36/><W66/><G112/><T68/><D43/><U4/><E44/><V80/><F113/><W52/><G39/><T10/><D10/><U21/><E101/><V47/><F124/><W14/><G107/><T24/><D24/><U49/><E49/><V73/><F73/><W13/><G72/><T55/><D133/><U29/><E4/><V65/><F65/><W37/><G37/><T31/><D31/><U71/><E71/><V126/><F126/><W30/><G82/><T99/><D68/><U75/><E75/><V111/><F28/><W118/><G118/><T103/><D125/><U123/><E123/><V100/><F8/><W5/><G66/><T105/><D122/><U110/><E110/><V57/><F57/><N who="3" m="34983" /><G2/><T62/><D62/><U63/><E63/><V22/><F111/><W35/><G96/><T121/><D121/><U85/><E98/><V74/><F74/><W42/><G42/><T38/><D99/><U7/><E7/><V93/><F47/><W117/><G117/><T6/><D38/><U41/><E41/><V102/><F102/><W0/><G1/><T129/><D103/><U81/><E77/><V109/><F109/><W25/><G26/><T67/><D108/><U53/><E53/><N who="2" m="29839" /><F119/><W20/><G14/><AGARI ba="0,0" hai="12,14,15,21,27,29,56,58,59,76,81,85,89,90" machi="14" ten="40,2000,0" yaku="8,1" doraHai="120" who="1" fromWho="3" sc="306,0,395,20,240,0,59,-20" /><INIT seed="5,1,0,0,5,48" ten="306,415,240,39" oya="1" hai0="17,79,61,53,66,81,4,69,32,117,105,127,60" hai1="125,109,113,2,11,95,103,67,54,15,20,133,97" hai2="72,101,25,8,65,134,27,85,13,50,38,73,56" hai3="41,10,45,128,24,77,119,92,96,7,94,123,63"/><U76/><E109/><V112/><F38/><W26/><G123/><T47/><D105/><U3/><E125/><V16/><F134/><W80/><G128/><T68/><D32/><U107/><E113/><V130/><F130/><W82/><G119/><T132/><D117/><U52/><E67/><V116/><F116/><W9/><G63/><T21/><D4/><U122/><E122/><V121/><F121/><W78/><G96/><T44/><D132/><U90/><E133/><V99/><F85/><W49/><G7/><T14/><D127/><U12/><E76/><V104/><F112/><W86/><G49/><T5/><D5/><U6/><E20/><V23/><F27/><W30/><G45/><T34/><D34/><U1/><REACH who="1" step="1"/><E12/><REACH who="1" ten="306,405,240,39" step="2"/><V18/><REACH who="2" step="1"/><F65/><REACH who="2" ten="306,405,230,39" step="2"/><W124/><G124/><T88/><D66/><U70/><E70/><V28/><F28/><W74/><G30/><T36/><D69/><U91/><E91/><V58/><F58/><W35/><G35/><T62/><D68/><U0/><N who="1" m="0" /><DORA hai="93" /><U33/><E33/><V57/><F57/><W102/><G102/><T22/><D88/><U111/><E111/><V42/><F42/><W114/><G114/><T83/><D79/><U110/><E110/><V120/><F120/><W51/><G41/><T135/><D135/><U71/><E71/><V98/><F98/><AGARI ba="1,2" hai="6,11,15,52,54,90,95,97,98,103,107" m="0" machi="98" ten="70,18000,2" yaku="1,1,52,4,54,1,53,0" doraHai="48,93" doraHaiUra="37,46" who="1" fromWho="2" sc="306,0,405,203,230,-183,39,0" /><INIT seed="5,2,0,0,4,9" ten="306,608,47,39" oya="1" hai0="24,49,79,106,99,48,71,30,116,23,93,95,29" hai1="25,118,2,68,50,133,86,120,122,108,52,43,84" hai2="3,21,129,13,117,109,73,33,63,85,62,4,16" hai3="81,58,76,123,8,5,20,102,112,40,27,38,97"/><U101/><E2/><V46/><F73/><W88/><G123/><T18/><D71/><U17/><E118/><V131/><F109/><W87/><G112/><T28/><D116/><U39/><E68/><V77/><F33/><W132/><G132/><T80/><D106/><U92/><E108/><V19/><F117/><W54/><G38/><T66/><D66/><U104/><E133/><V130/><F19/><W134/><G40/><T60/><D60/><U14/><E25/><V41/><F4/><W61/><G134/><T59/><D59/><U82/><E43/><V124/><F3/><W57/><G76/><T67/><D67/><U22/><E39/><N who="2" m="21823" /><F124/><W115/><G115/><T94/><REACH who="0" step="1"/><D99/><REACH who="0" ten="296,608,47,39" step="2"/><U37/><E104/><V74/><F74/><AGARI ba="2,1" hai="18,23,24,28,29,30,48,49,74,79,80,93,94,95" machi="74" ten="40,8000,1" yaku="1,1,2,1,53,3" doraHai="9" doraHaiUra="90" who="0" fromWho="2" sc="296,96,608,0,47,-86,39,0" owari="392,19.0,608,71.0,-39,-54.0,39,-36.0" /></mjloggm>