<mjloggm ver="2.3"><GO type="41" lobby="0"/><UN n0="%E2%93%9D%53%75%70%68%78" n1="%E3%83%95%E3%83%83%E3%82%A3%E3%83%A5%E3%83%BC" n2="%E3%83%AA%E3%83%88%E3%83%AB%E8%8B%A5%E6%9E%97" n3="%6A%6F%69%68" dan="17,15,13,16" rate="2081.79,2038.69,1871.81,1994.09" sx="M,M,M,M"/><TAIKYOKU oya="0"/><INIT seed="0,0,0,3,1,65" ten="250,250,250,250" oya="0" hai0="120,67,106,43,83,8,18,46,62,51,45,115,101" hai1="39,104,77,81,57,113,22,38,133,17,134,4,90" hai2="109,41,118,82,1,10,78,20,66,107,60,112,5" hai3="69,68,125,80,25,117,94,70,99,91,21,132,93"/><T37/><D115/><U108/><E104/><V79/><F109/><W29/><G117/><T26/><D120/><U126/><E108/><V61/><F107/><W111/><G111/><T123/><D123/><U92/><E4/><V97/><F97/><W116/><G116/><T50/><D106/><U73/><E126/><V100/><F100/><W13/><G125/><T63/><D101/><U31/><E31/><V129/><F129/><W24/><G132/><N who="1" m="50794" /><E57/><V88/><F41/><W119/><G119/><T19/><D37/><U84/><E113/><V34/><F34/><W14/><G80/><T58/><D62/><U56/><E56/><V47/><F47/><W110/><G110/><T72/><D26/><AGARI ba="0,0" hai="17,22,26,38,39,73,77,81,84,90,92" m="50794" machi="26" ten="30,1000,0" yaku="20,1" doraHai="65" who="1" fromWho="0" sc="250,-10,250,10,250,0,250,0" /><INIT seed="1,0,0,5,3,30" ten="240,260,250,250" oya="1" hai0="92,75,106,117,68,32,127,78,56,96,93,41,124" hai1="107,121,111,98,39,58,67,23,7,2,66,10,114" hai2="60,42,134,14,104,59,0,74,82,79,83,118,119" hai3="102,19,29,95,36,49,94,130,108,120,27,57,90"/><U122/><E39/><V28/><F104/><W11/><G36/><T132/><D68/><U133/><E114/><V70/><F70/><W22/><G120/><T61/><D41/><U85/><E133/><V63/><F134/><W100/><G108/><T131/><D132/><U18/><E111/><V125/><F125/><N who="0" m="48202" /><D117/><U17/><E121/><V5/><F63/><W53/><G130/><T73/><D32/><U31/><E122/><V81/><F83/><W115/><G115/><T47/><D47/><U103/><E85/><V105/><F82/><W26/><G94/><N who="0" m="36459" /><D78/><U126/><E126/><V46/><F105/><W99/><REACH who="3" step="1"/><G11/><REACH who="3" ten="240,260,250,240" step="2"/><T86/><D131/><U44/><E44/><V21/><F118/><W123/><G123/><T25/><D106/><U35/><E58/><V110/><F110/><W101/><G101/><T16/><D96/><U24/><REACH who="1" step="1"/><E18/><REACH who="1" ten="240,250,250,240" step="2"/><V37/><F119/><W9/><G9/><T48/><D16/><U3/><E3/><V50/><F0/><W8/><G8/><T109/><D56/><U54/><E54/><V52/><F28/><W51/><G51/><T89/><D48/><U97/><E97/><V76/><F76/><W113/><G113/><T4/><D109/><U80/><E80/><V40/><F40/><W62/><G62/><T6/><D61/><U129/><E129/><V116/><F116/><W38/><G38/><T33/><D4/><U87/><E87/><V135/><F135/><W69/><G69/><T84/><D6/><U65/><E65/><V64/><F64/><W1/><G1/><T72/><D89/><U20/><E20/><AGARI ba="0,2" hai="19,20,22,26,27,29,49,53,57,90,95,99,100,102" machi="20" ten="30,7700,0" yaku="1,1,6,1,7,1,8,1,53,0" doraHai="30" doraHaiUra="71" who="3" fromWho="1" sc="240,0,250,-77,250,0,240,97" /><INIT seed="2,0,0,5,5,66" ten="240,173,250,337" oya="2" hai0="103,67,25,49,6,110,117,17,23,87,14,80,68" hai1="60,129,121,96,123,98,76,125,31,42,19,115,52" hai2="43,122,88,59,120,132,135,22,114,4,128,40,127" hai3="104,56,0,65,99,35,70,82,108,71,27,100,16"/><V20/><F4/><W47/><G0/><T124/><D110/><U18/><E115/><V54/><F114/><W94/><G108/><T86/><D124/><U9/><E125/><V93/><F127/><W51/><G82/><T95/><D117/><U107/><E76/><V5/><F5/><W36/><G36/><T24/><D49/><U105/><E42/><V131/><F59/><W134/><G134/><N who="2" m="51241" /><F54/><W130/><G130/><N who="2" m="49705" /><F88/><W57/><G57/><T101/><D6/><U72/><E129/><V62/><F93/><W74/><G94/><T64/><D95/><U21/><E72/><V97/><F62/><W79/><G56/><T55/><D55/><U13/><E60/><V29/><F97/><N who="1" m="37481" /><E52/><V26/><F22/><W28/><G99/><T73/><D23/><U116/><E105/><V90/><F90/><W113/><G104/><T12/><D73/><U77/><E107/><V46/><F40/><W30/><G74/><T92/><D92/><U45/><E77/><V126/><F126/><W48/><G79/><T89/><D89/><U102/><E102/><V7/><F7/><W3/><G113/><T118/><D103/><U50/><E116/><V32/><F32/><W1/><G35/><T58/><D118/><U38/><E21/><V53/><F53/><W83/><G3/><T10/><D101/><U8/><E45/><V61/><F61/><W75/><G47/><T85/><D58/><U63/><E63/><V119/><F119/><W106/><G1/><T11/><D87/><U39/><E121/><V44/><F44/><W34/><G100/><T112/><D112/><RYUUKYOKU ba="0,0" sc="240,-10,173,-10,250,30,337,-10" hai2="20,26,29,43,46,120,122" /><INIT seed="2,1,0,0,3,36" ten="230,163,280,327" oya="2" hai0="54,91,98,77,70,124,28,112,90,85,123,0,114" hai1="3,94,60,107,4,111,58,67,49,33,55,31,118" hai2="103,110,126,100,44,78,64,122,21,93,130,34,29" hai3="53,35,83,131,117,18,102,1,6,57,62,40,7"/><V68/><F122/><W51/><G117/><T80/><D70/><U17/><E118/><V15/><F126/><W13/><G35/><T104/><D0/><U96/><E107/><V128/><F34/><W30/><G30/><T129/><D54/><U106/><E106/><V88/><F78/><W20/><G131/><T120/><D28/><U46/><E111/><V22/><F64/><W127/><G127/><T74/><D124/><U116/><E116/><V59/><F68/><W115/><G115/><N who="0" m="44075" /><D129/><N who="2" m="49770" /><F59/><W76/><G102/><N who="2" m="38953" /><F110/><W121/><G1/><T26/><D104/><U109/><E109/><V97/><F15/><W101/><G121/><N who="0" m="46667" /><D26/><U89/><E33/><V52/><F29/><W50/><G62/><T119/><D119/><U81/><E31/><V63/><F63/><W66/><G66/><T8/><D8/><U9/><E81/><V2/><F2/><W105/><G105/><T135/><D135/><U99/><REACH who="1" step="1"/><E17/><REACH who="1" ten="230,153,280,327" step="2"/><V48/><AGARI ba="1,1" hai="21,22,44,48,52,88,93,97" m="38953,49770" machi="48" ten="30,6000,0" yaku="19,1,54,2" doraHai="36" who="2" fromWho="2" sc="230,-21,153,-21,280,73,327,-21" /><INIT seed="2,2,0,4,3,96" ten="209,132,353,306" oya="2" hai0="41,130,66,118,63,102,72,129,99,89,115,50,20" hai1="61,80,59,125,104,75,101,122,119,13,36,92,21" hai2="55,73,4,25,57,127,24,16,67,116,29,6,81" hai3="47,5,3,15,133,7,62,95,39,79,77,86,105"/><V134/><F116/><W106/><G3/><T123/><D115/><U112/><E119/><V38/><F38/><W64/><G133/><T69/><D118/><U83/><E112/><V40/><F40/><W108/><G108/><T60/><D72/><U45/><E104/><V114/><F127/><W0/><G0/><T22/><D89/><U9/><E125/><V34/><F67/><W113/><G113/><T94/><D63/><U12/><E75/><V111/><F134/><W49/><G39/><T126/><D123/><U37/><E37/><V88/><F73/><W132/><G106/><T93/><D93/><U78/><E36/><V2/><F2/><W68/><G105/><T58/><D126/><U23/><E45/><V135/><F135/><W117/><G117/><T27/><D20/><U54/><E122/><V82/><F82/><N who="1" m="31273" /><E78/><V70/><F70/><W84/><G79/><T18/><REACH who="0" step="1"/><D41/><REACH who="0" ten="199,132,353,306" step="2"/><U1/><E1/><V11/><F114/><W33/><G77/><T8/><D8/><U128/><E128/><V42/><F42/><W74/><G74/><T76/><D76/><U87/><E9/><V124/><F124/><W56/><G132/><T30/><D30/><U52/><E21/><V31/><F11/><W110/><G95/><T51/><D51/><N who="1" m="31135" /><E23/><N who="2" m="13415" /><F34/><W71/><G33/><T35/><D35/><U14/><E61/><V85/><F111/><W32/><G32/><T48/><D48/><U90/><E54/><AGARI ba="2,1" hai="18,22,27,50,54,58,60,66,69,94,99,102,129,130" machi="54" ten="40,2600,0" yaku="1,1,52,1,53,0" doraHai="96" doraHaiUra="109" who="0" fromWho="1" sc="199,42,132,-32,353,0,306,0" /><INIT seed="3,0,0,2,1,88" ten="241,100,353,306" oya="3" hai0="50,43,80,57,20,25,121,68,28,125,98,35,100" hai1="113,104,110,45,1,4,132,9,41,79,130,120,99" hai2="118,82,62,107,21,114,52,38,8,49,123,5,119" hai3="86,16,65,23,66,112,134,109,39,129,18,14,126"/><W85/><G39/><T31/><D125/><U73/><E113/><V76/><F123/><W42/><G112/><T97/><D68/><U103/><E120/><V29/><F38/><W11/><G126/><T56/><D121/><U53/><E53/><V101/><F107/><W63/><G129/><T108/><D108/><U24/><E110/><V30/><F101/><W64/><G134/><T3/><D3/><U81/><E130/><V7/><F114/><W15/><G109/><T122/><D98/><U111/><E24/><V70/><F7/><W94/><G42/><T55/><D43/><U60/><E60/><V61/><F61/><W22/><G11/><T128/><D128/><U44/><E44/><V0/><F21/><W91/><G85/><T69/><D69/><AGARI ba="0,0" hai="14,15,16,18,22,23,63,64,65,66,69,86,91,94" machi="69" ten="30,11600,0" yaku="7,1,9,1,52,1,54,1" doraHai="88" who="3" fromWho="0" sc="241,-116,100,0,353,0,306,116" /><INIT seed="3,1,0,0,3,63" ten="125,100,353,422" oya="3" hai0="93,50,38,39,103,83,41,126,71,36,90,1,28" hai1="120,58,57,73,3,75,123,125,99,109,53,30,130" hai2="119,132,48,127,133,87,20,33,97,115,0,26,49" hai3="121,77,27,64,70,111,104,43,31,69,25,135,86"/><W13/><G121/><T35/><D1/><U110/><E3/><V21/><F0/><W131/><G104/><T74/><D126/><U54/><E30/><V100/><F115/><W116/><G116/><T11/><D71/><U59/><E99/><V14/><F127/><W76/><G43/><T129/><D11/><U46/><E125/><V134/><F33/><W51/><G51/><T24/><D129/><U9/><E9/><V22/><F119/><W32/><G13/><T114/><D103/><U52/><E46/><V68/><F68/><W95/><G135/><T106/><D106/><U12/><E12/><V85/><F26/><W60/><G111/><N who="1" m="42506" /><E130/><V80/><F14/><W92/><G31/><T62/><D114/><U19/><E19/><V91/><REACH who="2" step="1"/><F85/><REACH who="2" ten="125,100,343,422" step="2"/><W17/><G86/><T29/><D24/><U55/><N who="1" m="13312" /><DORA hai="7" /><U67/><E67/><V40/><F40/><W118/><G64/><T66/><D41/><U2/><E2/><V128/><F128/><W23/><G27/><T124/><D124/><U16/><E16/><V101/><F101/><W117/><G25/><T37/><D28/><U44/><E44/><V72/><F72/><AGARI ba="1,1" hai="57,58,59,72,73,75,120,123" m="13312,42506" machi="72" ten="50,8000,1" yaku="28,2,14,1,54,1" doraHai="63,7" who="1" fromWho="2" sc="125,0,100,93,343,-83,422,0" /><INIT seed="4,0,0,0,2,17" ten="125,193,260,422" oya="0" hai0="106,123,11,12,97,75,77,27,18,42,93,52,14" hai1="90,54,74,36,63,39,109,116,9,46,13,100,72" hai2="129,117,24,124,40,114,128,103,91,127,5,65,84" hai3="111,23,130,56,22,28,0,98,4,71,1,60,132"/><T68/><D123/><U7/><E116/><V51/><F65/><W70/><G111/><T113/><D106/><U80/><E109/><V122/><F5/><W112/><G112/><T59/><D68/><U64/><E100/><V86/><F122/><W88/><G130/><N who="2" m="50281" /><F51/><W61/><G4/><T19/><D113/><U115/><E115/><V133/><F40/><W45/><G45/><T121/><D121/><U35/><E35/><V118/><F114/><W26/><G56/><T33/><D75/><U83/><E83/><N who="2" m="49567" /><F24/><W134/><G26/><T69/><D77/><U78/><E90/><V99/><F86/><W16/><G88/><N who="0" m="55463" /><D33/><U85/><E39/><V20/><F20/><W62/><G0/><T107/><D69/><U44/><E44/><V31/><F31/><W32/><G1/><T30/><D42/><U131/><E131/><V96/><F133/><W37/><G70/><T34/><D34/><U49/><E36/><V110/><F110/><W38/><G71/><AGARI ba="0,0" hai="7,9,13,46,49,54,63,64,71,72,74,78,80,85" machi="71" ten="30,1000,0" yaku="7,1" doraHai="17" who="1" fromWho="3" sc="125,0,193,10,260,0,422,-10" /><INIT seed="5,0,0,0,3,20" ten="125,203,260,412" oya="1" hai0="129,40,125,41,117,0,55,121,17,2,77,11,14" hai1="84,26,38,85,58,28,100,79,18,70,65,15,66" hai2="75,95,106,8,7,105,86,9,12,91,50,27,51" hai3="76,57,99,16,22,128,37,98,64,21,93,52,89"/><U3/><E70/><V130/><F130/><W74/><G128/><T88/><D129/><U36/><E3/><V45/><F75/><W25/><G37/><T33/><D117/><U134/><E134/><V42/><F51/><W94/><G64/><T122/><D77/><U72/><E72/><V10/><F105/><W83/><G22/><T80/><D125/><U112/><E112/><V108/><F106/><W107/><G107/><T31/><D55/><U34/><E100/><V113/><F108/><W71/><G71/><T116/><D116/><U69/><E69/><V60/><F113/><W30/><G30/><T35/><D40/><U5/><E5/><V102/><F102/><W54/><G57/><T109/><D41/><U73/><E73/><V63/><F63/><W120/><G120/><N who="0" m="46187" /><D109/><U132/><E132/><V103/><F103/><AGARI ba="0,0" hai="16,21,25,52,54,74,76,83,89,93,94,98,99,103" machi="103" ten="30,7700,0" yaku="7,1,52,1,54,2" doraHai="20" who="3" fromWho="2" sc="125,0,203,0,260,-77,412,77" /><INIT seed="6,0,0,1,0,93" ten="125,203,183,489" oya="2" hai0="32,81,121,129,89,28,20,67,87,44,120,4,107" hai1="79,64,117,109,71,66,33,68,31,41,105,30,83" hai2="122,78,75,27,95,130,127,115,91,6,85,90,102" hai3="50,112,58,7,94,47,5,53,1,24,84,42,35"/><V86/><F122/><W73/><G73/><T38/><D32/><U48/><E48/><V100/><F6/><W17/><G112/><T10/><D129/><U114/><E41/><V54/><F27/><W72/><G72/><T40/><D67/><U3/><E83/><N who="2" m="45535" /><F54/><W46/><G1/><T63/><D63/><U77/><E3/><V8/><F8/><W0/><G0/><T12/><REACH who="0" step="1"/><D107/><REACH who="0" ten="115,203,183,489" step="2"/><U56/><E33/><V111/><F130/><W99/><G35/><T98/><D98/><U80/><E66/><V37/><F115/><W118/><G99/><T116/><D116/><U106/><E64/><V119/><F119/><W110/><G118/><T60/><D60/><U36/><E117/><V103/><F37/><W45/><G42/><T92/><D92/><U39/><E114/><V13/><F111/><W101/><G110/><T18/><D18/><U11/><E109/><V57/><F127/><W128/><G128/><T70/><D70/><U21/><E68/><V113/><F113/><W82/><G94/><T2/><D2/><U59/><E71/><V22/><F95/><W134/><G17/><T88/><D88/><U133/><E80/><V97/><F91/><W76/><G82/><T9/><D9/><U74/><E11/><V25/><F90/><W49/><G7/><T126/><D126/><U23/><E74/><V108/><F108/><W16/><G16/><T125/><D125/><U26/><E26/><AGARI ba="0,1" hai="4,10,12,20,26,28,38,40,44,81,87,89,120,121" machi="26" ten="40,1300,0" yaku="1,1,53,0" doraHai="93" doraHaiUra="55" who="0" fromWho="1" sc="115,23,203,-13,183,0,489,0" /><INIT seed="7,0,0,1,0,81" ten="138,190,183,489" oya="3" hai0="2,33,15,25,124,117,115,72,5,16,80,24,27" hai1="61,70,52,84,83,110,45,75,108,13,85,30,29" hai2="64,8,118,122,89,99,63,41,51,49,21,131,105" hai3="17,127,26,10,87,50,88,74,59,123,109,134,48"/><W66/><G123/><T31/><D72/><U0/><E0/><V28/><F118/><W68/><G127/><T129/><D117/><U34/><E75/><V130/><F8/><W77/><G134/><T104/><D104/><U3/><E3/><V132/><F132/><W91/><G68/><T76/><D124/><U40/><E108/><V71/><F41/><W18/><G109/><T65/><D65/><U121/><E121/><V42/><F42/><W126/><G126/><T86/><D129/><N who="2" m="49162" /><F122/><W119/><G119/><T103/><D103/><U22/><E110/><V92/><F105/><W58/><G77/><T43/><D115/><U125/><E125/><V57/><F57/><W56/><G74/><T23/><REACH who="0" step="1"/><D43/><REACH who="0" ten="128,190,183,489" step="2"/><U98/><E40/><V47/><F47/><W128/><G66/><T133/><D133/><U67/><E67/><V9/><F9/><AGARI ba="0,1" hai="2,5,9,15,16,23,24,25,27,31,33,76,80,86" machi="9" ten="40,12000,2" yaku="1,1,24,2,52,1,54,1,53,1" doraHai="81" doraHaiUra="7" who="0" fromWho="2" sc="128,130,190,0,183,-120,489,0" owari="258,6.0,190,-21.0,63,-44.0,489,59.0" /></mjloggm>