<mjloggm ver="2.3"><GO type="41" lobby="0"/><UN n0="%E2%93%9D%53%75%70%68%78" n1="%43%76%69%74%61%6D%69%6E" n2="%E4%BD%90%E5%80%89%E9%9C%A7" n3="%E3%82%8F%E3%81%9B%E3%82%8A%E3%82%93%35%30" dan="18,14,15,15" rate="2082.76,2037.30,2013.39,2003.45" sx="M,M,M,M"/><TAIKYOKU oya="0"/><INIT seed="0,0,0,3,3,32" ten="250,250,250,250" oya="0" hai0="127,67,4,114,74,129,98,80,51,103,93,131,37" hai1="108,21,73,100,78,15,97,84,11,50,12,112,33" hai2="38,16,130,27,19,124,99,14,5,6,10,96,95" hai3="9,2,47,1,59,118,121,105,106,52,7,0,107"/><T61/><D37/><U18/><E108/><V122/><F38/><W77/><G118/><T79/><D114/><U65/><E33/><V13/><F122/><W133/><G77/><T29/><D51/><U87/><E73/><V39/><F39/><W85/><G85/><T123/><D127/><U111/><E111/><V20/><F124/><W31/><G31/><T43/><D43/><U26/><E65/><V115/><F115/><W68/><G68/><T58/><D123/><U60/><E60/><V92/><F130/><W30/><G121/><T110/><D110/><U53/><E15/><V66/><F66/><W119/><G119/><T34/><REACH who="0" step="1"/><D4/><REACH who="0" ten="240,250,250,250" step="2"/><N who="2" m="1642" /><F27/><AGARI ba="0,1" hai="27,29,34,58,61,67,74,79,80,93,98,103,129,131" machi="27" ten="40,2000,0" yaku="1,1,53,0" doraHai="32" doraHaiUra="102" who="0" fromWho="2" sc="240,30,250,0,250,-20,250,0" /><INIT seed="0,1,0,5,1,63" ten="270,250,230,250" oya="0" hai0="45,95,1,92,22,113,129,75,76,73,51,126,88" hai1="0,93,62,83,40,108,100,50,99,112,31,110,8" hai2="39,42,103,65,56,109,6,19,41,5,60,87,124" hai3="131,122,11,48,91,79,4,32,71,28,123,14,121"/><T104/><D104/><U82/><E31/><V36/><F109/><N who="1" m="42089" /><E112/><V55/><F124/><W49/><G131/><T64/><D1/><U116/><E116/><V68/><F103/><W70/><G79/><T43/><D113/><U37/><E37/><N who="2" m="14411" /><F19/><W57/><G91/><T27/><D95/><U38/><E38/><V29/><F87/><W132/><G132/><T66/><D129/><U80/><E62/><N who="2" m="39991" /><F29/><W72/><G72/><T135/><D135/><U114/><E114/><V130/><F5/><W94/><G94/><T89/><D126/><U17/><E17/><V133/><F6/><W111/><G111/><T120/><D120/><U125/><E125/><V18/><F18/><W69/><REACH who="3" step="1"/><G57/><REACH who="3" ten="270,250,230,240" step="2"/><T107/><D75/><U2/><E93/><V44/><F133/><W101/><G101/><T105/><D105/><U127/><E100/><V67/><F130/><W97/><G97/><T53/><D107/><U13/><E99/><V33/><F33/><W106/><G106/><T84/><D89/><U3/><E127/><V117/><F117/><W90/><G90/><T74/><D74/><U52/><E80/><V34/><F34/><W16/><G16/><N who="0" m="12743" /><D73/><U35/><E35/><V54/><F44/><W81/><G81/><N who="0" m="47143" /><D43/><AGARI ba="1,1" hai="41,42,43,54,55,56,60,67" m="39991,14411" machi="43" ten="30,12000,2" yaku="35,5,52,2" doraHai="63" who="2" fromWho="0" sc="270,-123,250,0,230,133,240,0" /><INIT seed="1,0,0,1,4,119" ten="147,250,363,240" oya="1" hai0="107,91,130,96,54,2,85,87,41,94,31,74,116" hai1="34,28,115,19,9,104,15,59,129,114,10,101,133" hai2="80,64,7,112,45,82,8,55,105,78,3,56,62" hai3="73,71,20,25,58,83,118,42,68,110,4,39,113"/><U127/><E104/><V66/><F105/><W6/><G113/><T46/><D116/><U14/><E101/><V132/><F132/><W47/><G118/><T21/><D2/><U76/><E76/><V117/><F117/><W90/><G58/><T72/><D130/><U75/><E75/><V92/><F112/><N who="1" m="43049" /><E59/><V60/><F92/><W63/><G63/><T44/><D74/><U23/><E133/><V102/><F102/><W29/><G90/><T0/><D0/><U98/><E98/><V84/><F80/><W86/><G86/><T65/><D65/><U100/><E100/><V33/><F33/><W69/><REACH who="3" step="1"/><G110/><REACH who="3" ten="147,250,363,230" step="2"/><T103/><D87/><U57/><E57/><V88/><F78/><AGARI ba="0,1" hai="4,6,20,25,29,39,42,47,68,69,71,73,78,83" machi="78" ten="40,2600,0" yaku="1,1,2,1,53,0" doraHai="119" doraHaiUra="128" who="3" fromWho="2" sc="147,0,250,0,363,-26,230,36" /><INIT seed="2,0,0,2,5,94" ten="147,250,337,266" oya="2" hai0="37,35,54,107,102,87,41,70,2,29,50,7,68" hai1="96,45,123,53,81,16,39,15,58,56,110,93,42" hai2="88,28,27,83,49,59,109,48,23,119,127,101,91" hai3="118,132,57,52,34,44,1,77,64,86,129,100,36"/><V117/><F127/><W19/><G118/><T60/><D87/><U116/><E110/><V4/><F109/><W74/><G34/><T89/><D89/><U11/><E116/><V8/><F117/><W31/><G31/><T76/><D50/><U124/><E124/><V33/><F119/><W126/><G126/><T12/><D12/><U79/><E53/><V82/><F101/><W122/><G122/><T98/><D54/><U131/><E131/><V14/><F33/><W26/><G74/><T99/><D76/><U75/><REACH who="1" step="1"/><E123/><REACH who="1" ten="147,240,337,266" step="2"/><V21/><F21/><N who="3" m="13631" /><G52/><T65/><D35/><U13/><E13/><V30/><F30/><W18/><G129/><T69/><D29/><U134/><E134/><V105/><F105/><W20/><G20/><T104/><D104/><U115/><E115/><V43/><F59/><W120/><G57/><T90/><D70/><U111/><E111/><V17/><F28/><W62/><G120/><T125/><D69/><U25/><E25/><V22/><F22/><W72/><G132/><T40/><D125/><U61/><E61/><V121/><F121/><W135/><G62/><T112/><D112/><U108/><E108/><V66/><F66/><W80/><G64/><T84/><D65/><U78/><E78/><V85/><REACH who="2" step="1"/><F43/><REACH who="2" ten="147,240,327,266" step="2"/><N who="3" m="22631" /><G135/><T73/><D41/><U97/><E97/><V51/><F51/><W0/><G77/><T3/><D99/><U128/><E128/><V133/><F133/><W55/><G55/><T113/><D98/><U38/><E38/><V114/><F114/><W63/><G63/><T92/><D60/><U9/><E9/><RYUUKYOKU ba="0,2" sc="147,-15,240,15,327,15,266,-15" hai1="11,15,16,39,42,45,56,58,75,79,81,93,96" hai2="4,8,14,17,23,27,48,49,82,83,85,88,91" /><INIT seed="2,1,2,3,2,101" ten="132,255,342,251" oya="2" hai0="42,1,39,97,45,69,11,43,67,125,56,120,121" hai1="122,82,98,0,81,28,132,25,51,12,15,16,21" hai2="22,5,76,109,99,110,86,96,54,37,10,65,78" hai3="128,18,41,4,104,44,79,19,103,87,90,133,52"/><V20/><F37/><W77/><G133/><T75/><D75/><U72/><E0/><V30/><F65/><W61/><G128/><T113/><D97/><U17/><E132/><V63/><F76/><W62/><G4/><T108/><D11/><U23/><E122/><V130/><F130/><W49/><G79/><T59/><D1/><U129/><E129/><V46/><F96/><W60/><G77/><T70/><D108/><N who="2" m="41578" /><F99/><W34/><G34/><T66/><D113/><U135/><E72/><V24/><F22/><W35/><G104/><T107/><D107/><U93/><E51/><N who="2" m="29047" /><F63/><W134/><G103/><T83/><D83/><U116/><E116/><V31/><F31/><W13/><G35/><T40/><D40/><U80/><E135/><V123/><F123/><W47/><G134/><T131/><D131/><U127/><E127/><V112/><F112/><W33/><G33/><T64/><D43/><U114/><E114/><V118/><F118/><W32/><G32/><T8/><D125/><U74/><E74/><V55/><F55/><W115/><G115/><T105/><D105/><U58/><E58/><N who="0" m="22057" /><D121/><U117/><E117/><V119/><F119/><W9/><G19/><N who="1" m="7242" /><E23/><V53/><F53/><W102/><G102/><AGARI ba="1,2" hai="12,15,21,25,28,80,81,82,93,98,102" m="7242" machi="102" ten="30,2000,0" yaku="8,1,54,1" doraHai="101" who="1" fromWho="3" sc="132,0,255,43,342,0,251,-23" /><INIT seed="3,0,0,4,1,10" ten="132,298,342,228" oya="3" hai0="9,22,110,116,21,112,20,56,93,132,52,59,102" hai1="109,37,86,126,34,48,5,105,106,119,26,91,78" hai2="117,28,60,53,42,82,111,38,85,11,90,61,123" hai3="43,125,77,130,36,129,2,45,84,98,81,14,131"/><W104/><G2/><T8/><D116/><U16/><E109/><V100/><F117/><W122/><G122/><T114/><D110/><U79/><E37/><V41/><F111/><W66/><G66/><T4/><D132/><U107/><E119/><V88/><F123/><W30/><G30/><T94/><D102/><U32/><E5/><V134/><F134/><W120/><G120/><T31/><D31/><U13/><E48/><V92/><F100/><W58/><G125/><T118/><D118/><U68/><E68/><V27/><F38/><W55/><G14/><N who="0" m="5383" /><D9/><U46/><E46/><V18/><F18/><W87/><G98/><T121/><D59/><U51/><E51/><V64/><F11/><W35/><G35/><T69/><D69/><U70/><E70/><V115/><F115/><N who="0" m="44074" /><D121/><U7/><E7/><V23/><F53/><W17/><G17/><T127/><D127/><U103/><E103/><V101/><F101/><W95/><G104/><T128/><D128/><U24/><E126/><V0/><F0/><W65/><G65/><T133/><D133/><U71/><E71/><V1/><F1/><W57/><REACH who="3" step="1"/><G55/><REACH who="3" ten="132,298,342,218" step="2"/><T83/><D52/><U39/><E34/><V75/><F64/><W124/><G124/><T74/><D56/><U89/><E32/><V76/><REACH who="2" step="1"/><F90/><AGARI ba="0,1" hai="36,43,45,57,58,77,81,84,87,90,95,129,130,131" machi="90" ten="40,12000,1" yaku="1,1,19,1,53,2" doraHai="10" doraHaiUra="80" who="3" fromWho="2" sc="132,0,298,0,342,-120,218,130" /><INIT seed="3,1,0,5,1,25" ten="132,298,222,348" oya="3" hai0="63,97,113,16,54,37,67,77,65,24,58,68,109" hai1="98,123,48,6,76,135,36,124,130,38,115,51,86" hai2="105,11,17,80,75,93,83,103,127,64,70,133,26" hai3="20,57,94,23,118,2,134,72,32,101,82,28,12"/><W61/><G118/><T71/><D77/><U89/><E123/><V74/><F133/><W128/><G2/><T121/><D97/><U0/><E115/><V78/><F127/><W9/><G32/><T88/><D121/><U85/><E130/><V99/><F70/><W79/><G134/><T108/><D88/><U92/><E6/><V33/><F64/><N who="0" m="24650" /><D24/><U10/><E10/><V91/><F11/><W66/><G128/><T53/><D16/><U132/><E92/><V44/><F44/><W106/><G106/><T13/><D13/><U100/><E76/><N who="2" m="44055" /><F17/><W14/><G9/><T114/><D37/><U7/><E7/><V81/><F26/><N who="3" m="16455" /><G23/><T8/><D8/><U59/><E89/><V39/><F39/><W50/><G12/><T29/><D29/><U55/><E100/><V60/><F60/><W117/><G14/><T102/><D102/><U131/><E131/><V22/><F22/><W62/><G62/><T35/><D35/><U125/><E0/><V27/><F27/><W90/><G101/><T40/><D71/><U18/><E38/><V47/><F33/><W104/><G104/><T73/><D68/><U56/><E36/><V5/><F5/><W1/><G1/><T119/><D119/><U42/><E18/><V110/><F105/><W120/><G117/><T34/><D34/><U84/><E132/><V87/><F103/><W45/><G120/><T15/><D15/><U96/><E135/><V112/><F75/><W31/><G31/><T126/><D73/><U111/><E124/><V95/><F112/><N who="0" m="43114" /><D126/><U43/><E125/><V21/><F21/><RYUUKYOKU ba="1,0" sc="132,0,298,0,222,0,348,0" /><INIT seed="4,2,0,0,5,60" ten="132,298,222,348" oya="0" hai0="30,50,79,62,80,69,58,9,87,81,27,6,115" hai1="42,128,25,12,41,48,85,123,46,135,83,23,1" hai2="21,129,19,24,44,54,108,109,10,16,111,20,66" hai3="97,82,49,130,32,14,101,113,75,59,40,77,100"/><T114/><D69/><U78/><E123/><V102/><F102/><W65/><G32/><T126/><D126/><U63/><E1/><V125/><F54/><W11/><G113/><T5/><D50/><U26/><E135/><V56/><F44/><W86/><G130/><T131/><D131/><U72/><E128/><V61/><F129/><W39/><G39/><T122/><D122/><U55/><E72/><V93/><F93/><W29/><G29/><T133/><D133/><U92/><E92/><V132/><F132/><W0/><G0/><T103/><D103/><U47/><E63/><V2/><F125/><W95/><G75/><T15/><D81/><U76/><E76/><V90/><F90/><W3/><G3/><T124/><D124/><U7/><E55/><V96/><F96/><W118/><G118/><T43/><D43/><U57/><E57/><V4/><REACH who="2" step="1"/><F109/><REACH who="2" ten="132,298,212,348" step="2"/><W84/><G101/><T64/><REACH who="0" step="1"/><D6/><REACH who="0" ten="122,298,212,348" step="2"/><U37/><E7/><V88/><F88/><W106/><G100/><T73/><D73/><U34/><E42/><V35/><F35/><AGARI ba="2,2" hai="5,9,15,27,30,35,58,62,64,79,80,87,114,115" machi="35" ten="40,3900,0" yaku="1,1,52,1,53,0" doraHai="60" doraHaiUra="99" who="0" fromWho="2" sc="122,65,298,0,212,-45,348,0" /><INIT seed="4,3,0,0,5,126" ten="187,298,167,348" oya="0" hai0="4,59,52,112,9,104,31,32,70,50,96,18,116" hai1="73,101,132,87,117,56,134,106,79,97,55,45,109" hai2="60,27,133,21,75,47,44,37,128,8,127,19,25" hai3="2,90,38,83,30,71,20,11,68,82,105,77,22"/><T0/><D116/><U39/><E109/><V13/><F127/><W88/><G38/><T114/><D70/><U63/><E117/><V6/><F75/><W121/><G105/><T99/><D18/><U111/><E111/><V119/><F119/><W65/><G65/><T98/><REACH who="0" step="1"/><D104/><REACH who="0" ten="177,298,167,348" step="2"/><U86/><E106/><V54/><F133/><W40/><G68/><T81/><D81/><U67/><E132/><V122/><F122/><W107/><G71/><T24/><AGARI ba="3,1" hai="0,4,9,24,31,32,50,52,59,96,98,99,112,114" machi="24" ten="30,11700,0" yaku="1,1,0,1,54,1,53,1" doraHai="126" doraHaiUra="7" who="0" fromWho="0" sc="177,136,298,-42,167,-42,348,-42" /><INIT seed="4,4,0,2,5,23" ten="313,256,125,306" oya="0" hai0="84,33,62,119,43,66,16,73,105,95,129,36,24" hai1="91,61,124,26,0,3,120,94,7,6,22,55,78" hai2="127,101,64,121,65,18,74,117,133,63,75,69,108" hai3="67,53,83,88,106,35,27,52,77,60,12,50,51"/><T5/><D119/><U110/><E110/><V19/><F108/><W56/><G106/><T48/><D73/><U98/><E120/><V41/><F121/><W130/><G130/><T118/><D118/><U103/><E78/><V2/><F117/><W96/><G12/><T128/><D5/><U70/><E103/><V20/><F101/><W11/><G11/><T42/><D48/><U132/><E132/><V71/><F20/><W115/><G115/><T116/><D36/><U99/><E99/><V54/><F54/><W102/><G50/><T109/><D105/><U90/><E91/><V21/><F21/><W45/><G35/><T59/><D116/><U10/><E124/><V40/><F63/><W72/><G27/><T92/><D16/><N who="1" m="12615" /><E70/><V93/><F93/><N who="0" m="35914" /><D84/><U89/><E89/><V79/><F79/><W87/><G96/><T123/><D123/><U86/><E86/><V34/><F34/><W25/><G25/><T134/><D134/><U57/><E10/><V49/><F49/><W37/><G102/><T46/><D109/><U47/><E47/><V1/><REACH who="2" step="1"/><F133/><REACH who="2" ten="313,256,115,306" step="2"/><W122/><G122/><T28/><D129/><U111/><E111/><V114/><F114/><W104/><G37/><T107/><D128/><U113/><E113/><V125/><AGARI ba="4,1" hai="1,2,18,19,40,41,64,65,69,71,74,75,125,127" machi="125" ten="25,6400,0" yaku="1,1,0,1,22,2,53,0" doraHai="23" doraHaiUra="8" who="2" fromWho="2" sc="313,-36,256,-20,115,86,306,-20" /><INIT seed="5,0,0,1,2,101" ten="277,236,201,286" oya="1" hai0="9,123,92,56,72,62,16,31,59,115,43,99,94" hai1="22,12,5,48,112,125,60,14,105,102,3,35,135" hai2="76,117,8,78,0,131,83,29,79,75,90,87,128" hai3="85,25,7,133,106,124,121,89,129,93,26,104,45"/><U58/><E112/><V130/><F29/><W10/><G121/><T119/><D119/><U2/><E35/><V28/><F28/><W103/><G103/><T95/><D72/><U41/><E14/><V64/><F64/><W38/><G133/><T32/><D115/><U63/><E135/><V80/><F8/><W109/><G109/><T86/><D43/><U97/><E125/><V52/><F0/><W57/><G57/><T42/><D42/><U91/><E91/><V49/><REACH who="2" step="1"/><F117/><REACH who="2" ten="277,236,191,286" step="2"/><W88/><G10/><T98/><D31/><U111/><E3/><V132/><F132/><W100/><G124/><T66/><D32/><U69/><E2/><V110/><F110/><W19/><G129/><T77/><D123/><U50/><E111/><V37/><F37/><W68/><G68/><T74/><D9/><U40/><E69/><V4/><F4/><W1/><G7/><T13/><D66/><U47/><E5/><V30/><F30/><W82/><G1/><T70/><D70/><U114/><E114/><V65/><F65/><W81/><G38/><T120/><D120/><U122/><E122/><V17/><F17/><W46/><G19/><T127/><D16/><U73/><E12/><V71/><F71/><W27/><G27/><T67/><D13/><U54/><E22/><V20/><F20/><W55/><G25/><T18/><D18/><U134/><E134/><V15/><F15/><W11/><G26/><T126/><D126/><U21/><E21/><V23/><F23/><W84/><G11/><T61/><D127/><U6/><E6/><V53/><F53/><RYUUKYOKU ba="0,1" sc="277,-10,236,-10,191,30,286,-10" hai2="49,52,75,76,78,79,80,83,87,90,128,130,131" /><INIT seed="6,1,1,3,1,29" ten="267,226,221,276" oya="2" hai0="33,58,70,64,127,81,23,78,108,65,57,72,118" hai1="88,119,60,134,86,37,62,83,3,115,24,111,112" hai2="53,49,32,25,48,50,36,116,121,1,26,129,122" hai3="89,28,126,94,13,105,8,99,67,7,125,103,76"/><V20/><F116/><W130/><G67/><T98/><D108/><U82/><E111/><V44/><F129/><W117/><G117/><T128/><D33/><U73/><E119/><V74/><F74/><W45/><G130/><T27/><D127/><N who="3" m="48649" /><G45/><T100/><D128/><U85/><E37/><V79/><F79/><W21/><G76/><T132/><D132/><U17/><E3/><V135/><F1/><W133/><G133/><T51/><D70/><U31/><E17/><V39/><F135/><W5/><G21/><T91/><D91/><N who="1" m="51639" /><E73/><V12/><F36/><W10/><G28/><T96/><D118/><U38/><E38/><V4/><F32/><W114/><G114/><N who="1" m="43562" /><E134/><V68/><F68/><W55/><G55/><T6/><D65/><U52/><E52/><N who="2" m="29703" /><F39/><W47/><G47/><T95/><D64/><U9/><E9/><N who="3" m="3690" /><G13/><T109/><D109/><U41/><E41/><V71/><F71/><W101/><G101/><T75/><D100/><U43/><E43/><V106/><F122/><W120/><G120/><T35/><D75/><U11/><E11/><N who="2" m="4199" /><F121/><W90/><G90/><T61/><D72/><U66/><E66/><V59/><F106/><W87/><AGARI ba="1,1" hai="5,7,87,89,94,99,103,105" m="3690,48649" machi="87" ten="30,1100,0" yaku="18,1" doraHai="29" who="3" fromWho="3" sc="267,-4,226,-4,221,-6,276,24" /><INIT seed="7,0,0,2,3,104" ten="263,222,215,300" oya="3" hai0="102,76,58,14,93,28,42,96,122,45,22,1,73" hai1="61,103,8,65,125,41,105,26,113,77,82,63,74" hai2="78,39,51,16,97,119,111,24,12,108,36,6,9" hai3="87,110,132,29,15,21,72,46,91,66,67,70,100"/><W5/><G72/><T19/><D1/><U48/><E113/><V57/><F119/><W38/><G100/><T2/><D2/><U18/><E125/><V135/><F135/><W116/><G116/><T33/><D122/><U89/><E89/><V120/><F120/><W124/><G110/><T40/><D33/><U50/><E63/><V69/><F69/><W79/><G79/><T94/><D28/><U112/><E41/><V86/><F97/><W31/><G70/><T92/><D58/><U49/><E112/><V3/><F24/><W47/><G38/><T54/><D54/><U11/><E103/><V85/><F111/><W68/><G68/><T62/><D62/><U90/><E90/><V71/><F71/><W130/><G130/><T133/><D42/><U13/><E105/><V23/><F108/><W118/><G118/><T52/><D52/><U99/><E99/><V55/><REACH who="2" step="1"/><F86/><REACH who="2" ten="263,222,205,300" step="2"/><W98/><G132/><T121/><D133/><U75/><E26/><V115/><F115/><W109/><G109/><T10/><D121/><U34/><E34/><V80/><AGARI ba="0,1" hai="3,6,9,12,16,23,36,39,51,55,57,78,80,85" machi="80" ten="30,4000,0" yaku="1,1,0,1,54,1,53,0" doraHai="104" doraHaiUra="114" who="2" fromWho="2" sc="263,-10,222,-10,205,50,300,-20" /><INIT seed="8,0,0,4,5,31" ten="253,212,255,280" oya="0" hai0="107,113,97,15,91,134,53,13,131,87,40,50,44" hai1="6,37,19,128,63,30,8,114,17,104,47,115,32" hai2="48,133,69,45,101,7,85,116,117,59,74,82,35" hai3="16,39,34,129,25,27,14,76,21,78,60,123,24"/><T11/><D113/><N who="1" m="43019" /><E104/><V102/><F133/><W68/><G39/><T98/><D131/><U86/><E37/><V77/><F69/><W4/><G34/><T130/><D130/><U118/><E86/><V46/><F7/><W99/><G129/><T36/><D134/><U119/><E47/><N who="2" m="17931" /><F74/><W2/><G99/><T108/><D108/><U65/><E63/><V81/><F81/><W125/><G4/><T124/><D124/><U33/><E65/><V71/><F71/><W29/><G2/><T95/><D107/><U55/><E55/><N who="2" m="32231" /><F35/><N who="1" m="13385" /><E30/><V67/><F67/><W120/><G29/><T109/><D109/><U58/><E58/><V20/><F20/><W43/><G68/><T5/><D36/><U88/><E88/><V66/><F66/><W93/><G60/><T41/><D41/><U56/><E56/><V42/><F42/><W26/><G43/><T111/><D111/><U52/><E52/><V100/><F100/><W49/><G125/><T122/><D40/><U92/><E128/><V12/><F101/><W61/><G61/><T3/><D98/><U64/><E64/><V112/><F102/><W135/><G135/><T0/><D97/><U127/><E127/><V110/><F112/><W90/><G49/><T18/><D122/><U9/><E92/><V73/><F73/><W54/><G54/><T89/><D89/><U51/><E51/><V38/><F38/><W22/><G123/><T105/><D105/><U75/><E75/><V28/><F110/><W121/><G121/><T126/><D126/><U80/><E80/><V70/><F70/><W83/><G120/><RYUUKYOKU ba="0,0" sc="253,30,212,-10,255,-10,280,-10" hai0="0,3,5,11,13,15,18,44,50,53,87,91,95" /><INIT seed="8,1,0,1,3,69" ten="283,202,245,270" oya="0" hai0="35,135,32,34,125,106,88,47,5,11,27,123,100" hai1="96,70,2,20,28,78,99,77,33,25,40,120,52" hai2="41,92,44,19,73,110,97,118,7,50,9,54,38" hai3="98,117,10,132,129,1,55,102,60,43,109,112,67"/><T122/><D88/><U86/><E120/><N who="0" m="46121" /><D47/><U107/><E2/><V51/><F110/><W3/><G112/><T72/><D72/><U23/><E70/><V108/><F108/><W75/><G132/><T17/><D100/><U16/><E40/><V104/><F104/><W101/><G129/><T95/><D95/><U48/><E33/><N who="0" m="12873" /><D106/><U64/><E64/><V94/><F19/><W79/><G10/><T90/><D90/><U37/><E37/><V31/><F31/><W59/><G1/><N who="0" m="431" /><D125/><U85/><E107/><V22/><F22/><W113/><G109/><T89/><D89/><U66/><E66/><V111/><F111/><W81/><G43/><T91/><D91/><U130/><E130/><V24/><F73/><W114/><G67/><T61/><D61/><U119/><E119/><V87/><F87/><N who="1" m="33289" /><E99/><V76/><F76/><W14/><G117/><T42/><D42/><U80/><E80/><V103/><F118/><W30/><G98/><T15/><D135/><U45/><E96/><V115/><F92/><W46/><G46/><T21/><D34/><U4/><E4/><V56/><F115/><N who="3" m="44043" /><G102/><T121/><D121/><U6/><E6/><V93/><F93/><W124/><G124/><T131/><D131/><U36/><E36/><V74/><F74/><W49/><G101/><T82/><D82/><U116/><E116/><V12/><F38/><W83/><G83/><T0/><D0/><U84/><N who="1" m="33297" /><U13/><AGARI ba="1,0" hai="13,16,20,23,25,28,45,48,52,77,78" m="33297" machi="13" ten="30,7900,0" yaku="4,1,8,1,54,2" doraHai="69" who="1" fromWho="1" sc="283,-40,202,82,245,-21,270,-21" /><INIT seed="9,0,0,2,3,48" ten="243,284,224,249" oya="1" hai0="5,17,29,11,86,75,12,101,74,78,91,26,105" hai1="116,33,7,76,115,126,59,16,41,28,4,79,97" hai2="122,31,19,106,73,118,92,50,39,6,18,52,10" hai3="107,42,44,62,130,72,38,47,99,0,113,8,23"/><U81/><E116/><V103/><F122/><W63/><G113/><T112/><D112/><U125/><E115/><V60/><F39/><W87/><G72/><T69/><D69/><U89/><E41/><V14/><F106/><W96/><G87/><T64/><D64/><U82/><E59/><N who="2" m="34919" /><F73/><W123/><G23/><T85/><D85/><U90/><E28/><V110/><F110/><W21/><G21/><T25/><D75/><U117/><E117/><V66/><F118/><W68/><G68/><T49/><D74/><U114/><E114/><V129/><F129/><W20/><G20/><T128/><D128/><U100/><E97/><N who="2" m="59815" /><F66/><W35/><G35/><T1/><D105/><U27/><E33/><V57/><F31/><W134/><G123/><T94/><D29/><U121/><E121/><V34/><F34/><W132/><G107/><T70/><D70/><U77/><E100/><V55/><AGARI ba="0,0" hai="6,10,14,18,19,50,55,57" m="59815,34919" machi="55" ten="30,7900,0" yaku="8,1,52,2,54,1" doraHai="48" who="2" fromWho="2" sc="243,-20,284,-39,224,79,249,-20" owari="223,-28.0,245,5.0,303,40.0,229,-17.0" /></mjloggm>