<mjloggm ver="2.3"><GO type="41" lobby="0"/><UN n0="%E3%83%92%E3%82%B2%E3%83%AD%E3%83%B3%E3%82%B0" n1="%61%6B%69%72%72" n2="%E2%93%9D%53%75%70%68%78" n3="%D0%9E%D1%82%D0%BF%D0%B0%D1%88%D0%B8%D0%BA%D0%BE" dan="15,13,18,13" rate="1997.92,1859.90,2153.52,1858.77" sx="M,M,M,M"/><TAIKYOKU oya="0"/><INIT seed="0,0,0,5,2,74" ten="250,250,250,250" oya="0" hai0="78,107,5,69,129,85,117,0,17,26,52,98,131" hai1="109,113,43,24,14,42,68,45,15,120,103,104,91" hai2="41,20,81,36,134,97,2,77,70,57,71,1,6" hai3="86,13,23,49,4,115,126,80,16,89,88,108,82"/><T72/><D69/><U67/><E120/><V25/><F134/><W7/><G115/><T130/><D72/><U11/><E91/><V27/><F57/><W38/><G38/><T92/><D117/><U47/><E24/><V32/><F97/><W94/><G108/><T101/><D0/><U19/><E68/><V75/><F27/><W125/><G49/><T76/><D5/><N who="3" m="2121" /><G89/><N who="0" m="53295" /><D52/><U128/><E67/><V55/><F55/><W48/><G48/><T37/><D37/><U59/><E59/><V56/><F56/><W116/><G116/><T122/><D122/><U124/><E103/><V64/><F32/><W87/><G87/><T18/><D26/><U127/><E104/><V100/><F100/><W119/><G119/><T12/><D18/><U79/><E19/><V93/><F2/><W114/><G114/><T106/><D107/><U8/><E113/><V34/><F34/><W99/><G99/><T22/><AGARI ba="0,0" hai="12,17,22,76,78,98,101,106,129,130,131" m="53295" machi="22" ten="30,6000,0" yaku="19,1,52,2" doraHai="74" who="0" fromWho="0" sc="250,60,250,-20,250,-20,250,-20" /><INIT seed="0,1,0,0,5,66" ten="310,230,230,230" oya="0" hai0="32,93,85,45,55,73,134,118,133,131,31,0,7" hai1="48,86,28,34,75,77,78,62,33,99,132,18,71" hai2="2,8,95,51,113,59,108,56,127,119,126,76,22" hai3="54,123,96,100,23,40,63,107,19,6,14,42,91"/><T11/><D73/><U116/><E116/><V97/><F113/><W25/><G123/><T9/><D118/><U21/><E132/><N who="0" m="50793" /><D131/><U5/><E5/><V10/><F108/><W65/><G54/><T38/><D11/><U111/><E111/><V16/><F76/><W30/><G91/><N who="0" m="53487" /><D55/><U13/><E75/><V101/><F119/><W117/><G6/><T27/><D45/><U57/><E34/><V47/><F10/><W81/><G81/><T61/><D61/><U98/><E33/><V130/><F8/><W129/><G129/><T89/><D89/><U135/><E48/><V90/><F130/><W128/><G128/><T46/><D46/><U39/><E78/><V29/><F90/><W72/><G72/><T121/><D38/><U4/><E77/><V50/><F50/><W94/><G117/><T20/><D32/><U74/><E39/><V36/><F36/><W60/><G60/><T105/><D105/><U44/><E62/><V58/><F2/><W104/><G104/><T103/><D103/><U106/><E44/><V83/><F83/><W3/><G3/><T120/><AGARI ba="1,0" hai="0,7,9,20,27,31,120,121" m="53487,50793" machi="120" ten="30,1500,0" yaku="20,1" doraHai="66" who="0" fromWho="0" sc="310,18,230,-6,230,-6,230,-6" /><INIT seed="0,2,0,4,2,120" ten="328,224,224,224" oya="0" hai0="43,63,127,94,33,88,90,65,29,110,6,4,51" hai1="98,47,99,11,13,106,1,116,115,87,74,9,92" hai2="134,72,95,45,49,131,121,126,36,58,125,19,73" hai3="55,53,28,81,122,78,97,118,112,50,14,56,21"/><T119/><D119/><U24/><E116/><V60/><F95/><W123/><G118/><T31/><D127/><N who="2" m="48650" /><F19/><N who="3" m="10487" /><G112/><T102/><D102/><U8/><E74/><V32/><F32/><W128/><G128/><T68/><D90/><U26/><E115/><V132/><F73/><W25/><G97/><N who="1" m="36874" /><E1/><V76/><F76/><W85/><G50/><T3/><D110/><U30/><E106/><V109/><F72/><W40/><G56/><T70/><D70/><U52/><E30/><V103/><F103/><W91/><G40/><T61/><D61/><U100/><E24/><V71/><F121/><N who="3" m="46091" /><G78/><T54/><D43/><U79/><E26/><V34/><F34/><AGARI ba="2,0" hai="25,28,34,53,55,81,85,91" m="46091,10487" machi="34" ten="30,1000,0" yaku="13,1" doraHai="120" who="3" fromWho="2" sc="328,0,224,0,224,-16,224,16" /><INIT seed="1,0,0,5,1,104" ten="328,224,208,240" oya="1" hai0="69,52,99,36,26,62,18,13,84,57,33,15,40" hai1="46,43,64,125,106,35,11,63,16,105,61,128,132" hai2="38,51,97,45,115,102,88,113,3,0,78,114,111" hai3="39,91,121,49,66,122,112,23,2,109,44,98,74"/><U68/><E106/><V93/><F38/><W56/><G112/><T5/><D5/><U65/><E105/><V14/><F111/><W80/><G109/><T86/><D99/><U127/><E35/><V77/><F14/><W124/><G124/><T27/><D13/><U25/><E128/><V19/><F19/><W7/><G23/><T60/><D40/><U21/><E11/><V70/><F70/><W28/><G28/><T58/><D36/><U47/><E132/><V90/><F78/><N who="3" m="44119" /><G91/><N who="2" m="34857" /><F77/><W37/><G98/><T9/><D69/><U72/><E72/><V55/><AGARI ba="0,0" hai="0,3,45,51,55,93,97,102,113,114,115" m="34857" machi="55" ten="40,2700,0" yaku="11,1,54,1" doraHai="104" who="2" fromWho="2" sc="328,-7,224,-13,208,27,240,-7" /><INIT seed="2,0,0,1,3,51" ten="321,211,235,233" oya="2" hai0="135,88,27,73,122,115,14,44,76,4,45,84,123" hai1="2,107,56,23,97,81,34,98,99,83,65,67,128" hai2="10,127,110,79,106,77,53,31,33,64,8,82,16" hai3="121,49,105,132,62,66,133,41,103,68,116,80,75"/><V58/><F106/><W11/><G121/><T71/><D71/><U129/><E2/><V38/><F38/><W78/><G116/><T70/><D70/><U120/><E34/><V7/><F127/><W20/><G20/><T52/><D115/><U29/><E107/><V12/><F110/><W85/><G11/><T47/><D135/><U42/><E42/><V59/><F33/><W61/><G61/><T28/><D76/><U50/><E120/><V114/><F31/><W6/><G6/><T112/><D73/><U18/><E29/><V13/><F114/><W102/><G85/><T30/><D112/><U3/><E3/><V36/><F36/><W108/><G108/><T57/><D27/><U92/><E92/><V124/><F124/><W5/><G5/><T48/><D123/><U46/><E128/><V74/><F64/><N who="1" m="24649" /><E56/><V40/><F40/><W126/><G126/><T54/><D54/><N who="1" m="30039" /><E129/><V0/><F0/><W72/><G72/><T24/><D24/><AGARI ba="0,0" hai="18,23,24,81,83,97,98,99" m="30039,24649" machi="24" ten="30,2000,0" yaku="8,1,52,1" doraHai="51" who="1" fromWho="0" sc="321,-20,211,20,235,0,233,0" /><INIT seed="3,0,0,2,4,56" ten="301,231,235,233" oya="3" hai0="103,64,132,133,9,23,82,70,110,96,99,68,7" hai1="21,55,33,25,1,125,52,104,26,73,88,76,51" hai2="108,20,101,135,16,10,123,15,107,42,100,129,32" hai3="131,2,47,117,92,94,118,0,65,69,39,83,49"/><W97/><G131/><T44/><D110/><U85/><E1/><V105/><F32/><W58/><G83/><T87/><D23/><U130/><E104/><V61/><F108/><W98/><G58/><T90/><D44/><U46/><E130/><V62/><F129/><W121/><G49/><T35/><D35/><U6/><E6/><V17/><F135/><N who="0" m="51786" /><D64/><U102/><E102/><N who="2" m="39531" /><F107/><W106/><G106/><N who="0" m="63847" /><D99/><U128/><E128/><V74/><F74/><W112/><G112/><T113/><D113/><U126/><E33/><V11/><F123/><W84/><G84/><T78/><D78/><U66/><E66/><V71/><F71/><W54/><G65/><T19/><D19/><U4/><E4/><N who="2" m="3527" /><F42/><W18/><G69/><T115/><D115/><U127/><E73/><V122/><F122/><W91/><G121/><T134/><N who="0" m="51794" /><T81/><DORA hai="13" /><D81/><U79/><E55/><V48/><F105/><W14/><G39/><T111/><D111/><U43/><E43/><V36/><F36/><W59/><G47/><T119/><D119/><U80/><REACH who="1" step="1"/><E26/><REACH who="1" ten="301,221,235,233" step="2"/><N who="2" m="14599" /><F48/><N who="3" m="31175" /><G118/><T40/><D40/><U89/><E89/><V27/><F27/><W45/><G45/><T67/><D67/><U5/><E5/><V120/><F120/><W38/><G117/><T77/><D90/><U30/><AGARI ba="0,1" hai="21,25,30,46,51,52,76,79,80,85,88,125,126,127" machi="30" ten="30,8000,1" yaku="1,1,0,1,18,1,54,2,53,0" doraHai="56,13" doraHaiUra="95,31" who="1" fromWho="1" sc="301,-20,221,90,235,-20,233,-40" /><INIT seed="4,0,0,4,5,82" ten="281,311,215,193" oya="0" hai0="34,62,20,27,93,128,98,0,28,115,87,30,104" hai1="97,15,108,103,42,111,102,73,12,83,22,11,53" hai2="99,127,129,5,72,130,55,8,132,32,43,36,134" hai3="31,135,76,14,124,113,68,23,33,75,7,25,105"/><T125/><D0/><U91/><E108/><V45/><F32/><W116/><G76/><T106/><D115/><U96/><E73/><V46/><F99/><N who="1" m="37961" /><E42/><V123/><F72/><W37/><G7/><T26/><D125/><U71/><E71/><V56/><F8/><W92/><G92/><T77/><D128/><N who="2" m="49258" /><F5/><W118/><G14/><T50/><D50/><U59/><E22/><V35/><F35/><W6/><G6/><T1/><D1/><U90/><E12/><V78/><F78/><W60/><G23/><T64/><D77/><U49/><E90/><V47/><F123/><W38/><G25/><T40/><D40/><U119/><E119/><V88/><F88/><W74/><G31/><T85/><D104/><U131/><E111/><V41/><F127/><W79/><G60/><T29/><D29/><U39/><E131/><V114/><F114/><W24/><G79/><T19/><D106/><U67/><E39/><N who="3" m="14858" /><G124/><T2/><D2/><U57/><E103/><V94/><F94/><W66/><G113/><T117/><D117/><N who="3" m="45161" /><G135/><N who="2" m="51753" /><F36/><W122/><G105/><T21/><D34/><U133/><E102/><V16/><F16/><W9/><G122/><T58/><D19/><U109/><E109/><V107/><F107/><W13/><G33/><T69/><D69/><U10/><E11/><V112/><F112/><W80/><G24/><T44/><D44/><U70/><E10/><V120/><F120/><W63/><G80/><T110/><D110/><U81/><E83/><V95/><F95/><W126/><G126/><T101/><AGARI ba="0,0" hai="20,21,26,27,28,30,58,62,64,85,87,93,98,101" machi="101" ten="20,24000,3" yaku="0,1,7,1,9,1,25,2,8,1,52,2" doraHai="82" who="0" fromWho="0" sc="281,240,311,-80,215,-80,193,-80" /><INIT seed="4,1,0,5,4,55" ten="521,231,135,113" oya="0" hai0="65,99,134,77,30,37,48,92,40,29,123,44,83" hai1="31,102,111,118,45,133,120,84,72,121,129,49,86" hai2="109,94,54,36,62,5,58,93,113,0,112,105,119" hai3="43,22,89,6,61,15,108,85,52,117,33,128,57"/><T130/><D123/><U95/><E31/><V100/><F109/><W16/><G33/><T104/><D104/><U51/><E72/><V74/><F74/><W11/><G108/><T78/><D130/><U116/><E129/><V59/><F36/><W67/><G128/><T50/><D134/><U4/><E4/><V20/><F119/><W91/><G117/><T41/><D65/><U79/><E95/><V39/><F39/><W110/><G110/><T13/><D13/><U127/><E111/><V87/><F20/><W64/><G43/><T73/><D78/><U124/><E79/><V56/><F105/><W46/><G46/><T25/><D41/><U8/><E45/><V63/><F100/><W21/><G91/><T98/><D98/><U23/><E23/><N who="3" m="8714" /><G6/><T96/><D96/><U9/><REACH who="1" step="1"/><E102/><REACH who="1" ten="521,221,135,113" step="2"/><V101/><F101/><W27/><G27/><T80/><D30/><U75/><E75/><V135/><F5/><W106/><G106/><T38/><D29/><U66/><E66/><V1/><F135/><AGARI ba="1,1" hai="8,9,49,51,84,86,116,118,120,121,124,127,133,135" machi="135" ten="25,3200,0" yaku="1,1,22,2,53,0" doraHai="55" doraHaiUra="97" who="1" fromWho="2" sc="521,0,221,45,135,-35,113,0" /><INIT seed="5,0,0,1,4,133" ten="521,266,100,113" oya="1" hai0="18,34,116,128,33,58,11,97,7,89,5,100,78" hai1="31,98,90,74,73,71,115,126,94,41,122,37,119" hai2="46,42,81,52,53,68,118,88,57,65,45,84,54" hai3="120,39,35,101,114,80,123,36,135,13,102,56,8"/><U103/><E71/><V93/><F118/><W83/><G135/><T111/><D116/><U26/><E119/><V92/><F68/><W29/><G114/><T95/><D111/><U117/><E117/><V66/><F46/><W87/><G56/><T47/><D128/><U62/><E122/><V104/><F104/><W82/><G87/><T17/><D78/><U130/><E37/><V23/><F23/><W59/><G59/><T51/><D58/><U109/><E41/><V96/><F93/><W44/><G44/><T25/><D100/><N who="3" m="38505" /><G29/><T3/><D5/><U79/><E115/><V70/><F70/><W12/><G8/><T60/><D60/><U43/><E43/><V30/><F30/><W127/><G35/><T121/><D121/><N who="3" m="46665" /><G127/><T50/><D50/><U1/><E62/><V14/><F57/><W38/><AGARI ba="0,0" hai="12,13,36,38,39,80,82,83" m="46665,38505" machi="38" ten="40,2700,0" yaku="28,2" doraHai="133" who="3" fromWho="3" sc="521,-7,266,-13,100,-7,113,27" /><INIT seed="6,0,0,5,5,2" ten="514,253,93,140" oya="2" hai0="48,13,107,81,49,42,47,104,26,35,14,129,124" hai1="78,29,112,127,52,123,25,105,53,85,62,27,63" hai2="68,79,75,64,93,71,30,120,44,126,115,77,59" hai3="43,82,70,40,22,83,121,74,65,5,32,6,24"/><V130/><F120/><W67/><G121/><T51/><D124/><U125/><E105/><V103/><F126/><N who="1" m="48137" /><E123/><V36/><F130/><W87/><G74/><T128/><D81/><N who="3" m="30729" /><G70/><T38/><D35/><U16/><E78/><V3/><F75/><W20/><G32/><T4/><D26/><N who="1" m="9739" /><E29/><V89/><F30/><W119/><G87/><T11/><REACH who="0" step="1"/><D13/><REACH who="0" ten="504,253,93,140" step="2"/><U111/><E111/><V12/><F12/><W98/><G119/><T106/><AGARI ba="0,1" hai="4,11,14,38,42,47,48,49,51,104,106,107,128,129" machi="106" ten="40,8000,1" yaku="1,1,2,1,0,1,52,1,53,0" doraHai="2" doraHaiUra="80" who="0" fromWho="0" sc="504,90,253,-20,93,-40,140,-20" /><INIT seed="7,0,0,5,2,53" ten="594,233,53,120" oya="3" hai0="109,101,38,129,6,110,93,61,83,19,11,78,120" hai1="35,29,84,73,22,68,118,71,89,80,72,34,119" hai2="67,37,117,59,135,25,14,39,106,56,60,58,47" hai3="33,108,94,77,21,103,96,81,79,99,24,55,49"/><W57/><G33/><T23/><D38/><N who="2" m="14346" /><F14/><W115/><G115/><T121/><D129/><U112/><E22/><V132/><F25/><W65/><G108/><T92/><D61/><U4/><E84/><V43/><F106/><W82/><G65/><T74/><D121/><U62/><E62/><V45/><F117/><W88/><G82/><T16/><D120/><U127/><E80/><V105/><F105/><W2/><G2/><T48/><D48/><U116/><E89/><V131/><F131/><W95/><G81/><T111/><D101/><U123/><E123/><V90/><F90/><W70/><REACH who="3" step="1"/><G70/><REACH who="3" ten="594,233,53,110" step="2"/><N who="1" m="26666" /><E112/><V17/><F17/><AGARI ba="0,1" hai="17,21,24,49,55,57,77,79,88,94,95,96,99,103" machi="17" ten="30,18000,2" yaku="1,1,7,1,8,1,52,1,54,1,53,1" doraHai="53" doraHaiUra="46" who="3" fromWho="2" sc="594,0,233,0,53,-180,110,190" owari="594,70.0,233,-17.0,-127,-63.0,300,10.0" /></mjloggm>