<mjloggm ver="2.3"><GO type="41" lobby="0"/><UN n0="%E3%82%8C%E3%81%8A%E3%81%97%E3%82%87%E3%81%86" n1="%E5%B7%A5%E3%83%87%E3%83%B3" n2="%73%61%6B%69%2D%E6%9E%97" n3="%E2%93%9D%53%75%70%68%78" dan="13,14,15,18" rate="1844.14,1943.66,2082.02,2116.82" sx="M,M,M,M"/><TAIKYOKU oya="0"/><INIT seed="0,0,0,2,1,27" ten="250,250,250,250" oya="0" hai0="10,41,108,40,129,115,43,65,16,28,94,117,62" hai1="3,48,45,7,83,20,47,1,126,18,103,24,68" hai2="85,2,74,61,67,76,112,110,42,114,0,99,101" hai3="135,13,122,26,51,111,19,14,54,107,37,124,86"/><T125/><D117/><U73/><E126/><V69/><F85/><W17/><G37/><T56/><D115/><N who="2" m="44074" /><F42/><W79/><G111/><T91/><D125/><U131/><E131/><V134/><F134/><W63/><G107/><T50/><D129/><U64/><E103/><V127/><F127/><W98/><G63/><T82/><D82/><U123/><E123/><V4/><F4/><W100/><G26/><T39/><D39/><U77/><E47/><V128/><F110/><W119/><G135/><T35/><D108/><U133/><E133/><V46/><F46/><W97/><G122/><T105/><D105/><U12/><E64/><V120/><F120/><W15/><G119/><T118/><D118/><U87/><E68/><V93/><F93/><W92/><G98/><T8/><D50/><U6/><E73/><V71/><F71/><W78/><G124/><T9/><D35/><U52/><REACH who="1" step="1"/><E24/><REACH who="1" ten="250,240,250,250" step="2"/><V66/><F128/><W72/><G72/><T81/><D43/><U30/><E30/><V31/><F31/><W58/><G19/><T113/><D28/><U132/><E132/><V25/><F25/><W5/><G17/><T29/><D29/><U34/><E34/><V96/><F66/><W38/><G38/><T75/><D113/><U32/><E32/><V33/><F33/><W21/><G21/><T90/><D16/><U109/><E109/><V57/><F69/><W70/><G70/><T84/><D75/><U60/><E60/><V55/><F67/><W102/><G102/><T88/><D91/><U104/><E104/><N who="2" m="63527" /><F99/><AGARI ba="0,1" hai="8,9,10,40,41,56,62,65,81,84,88,90,94,99" machi="99" ten="40,3900,0" yaku="8,1,54,1" doraHai="27" who="0" fromWho="2" sc="250,49,240,0,250,-39,250,0" /><INIT seed="0,1,0,5,2,82" ten="299,240,211,250" oya="0" hai0="83,24,130,91,50,86,106,94,125,134,66,56,79" hai1="8,105,60,124,92,78,64,77,135,119,53,19,4" hai2="20,97,110,33,85,98,37,132,74,26,68,104,89" hai3="116,103,1,27,34,120,13,133,88,121,0,127,84"/><T67/><D125/><U69/><E119/><V29/><F37/><W11/><G116/><T9/><D130/><U32/><E135/><V12/><F132/><W47/><G103/><T126/><D126/><U57/><E105/><V96/><F74/><W99/><G99/><T59/><D106/><U117/><E117/><V61/><F110/><W128/><G127/><T55/><D134/><U43/><E43/><V93/><F12/><W2/><G47/><T131/><D131/><U129/><E129/><V80/><F20/><W109/><G109/><T90/><D90/><U48/><E32/><V113/><F113/><W42/><G42/><T87/><D9/><U65/><E65/><V41/><F41/><W72/><G72/><T44/><D24/><U22/><E92/><V100/><REACH who="2" step="1"/><F93/><REACH who="2" ten="299,240,201,250" step="2"/><W45/><G128/><T112/><D112/><U18/><E124/><V39/><F39/><W38/><G133/><T81/><D94/><U6/><E22/><V36/><F36/><W76/><G38/><T62/><D56/><U111/><E111/><V10/><F10/><W30/><G45/><T31/><D31/><U122/><E8/><V123/><F123/><W21/><G21/><T3/><D3/><U35/><E122/><V51/><F51/><W108/><G108/><T16/><D16/><N who="1" m="6187" /><E35/><V15/><F15/><W40/><G40/><AGARI ba="1,1" hai="40,44,50,55,59,62,66,67,79,81,83,86,87,91" machi="40" ten="30,11600,0" yaku="7,1,8,1,52,2" doraHai="82" who="0" fromWho="3" sc="299,129,240,0,201,0,250,-119" /><INIT seed="0,2,0,3,5,64" ten="428,240,201,131" oya="0" hai0="34,16,120,21,68,57,30,133,104,93,110,74,76" hai1="58,18,129,17,26,5,128,85,111,127,19,126,130" hai2="40,96,65,38,54,118,117,59,81,121,134,97,115" hai3="52,123,90,131,4,63,122,88,14,37,55,41,66"/><T33/><D120/><N who="3" m="46121" /><G131/><T101/><D133/><U12/><E58/><V23/><F121/><W3/><G3/><T105/><D110/><U13/><E85/><V84/><F115/><W69/><G41/><T99/><D57/><U73/><E73/><V43/><F65/><W45/><G37/><T27/><D34/><U15/><E111/><V98/><F38/><W50/><G55/><T82/><D68/><U100/><E100/><V8/><F23/><W83/><G83/><T132/><D132/><U1/><E26/><AGARI ba="2,0" hai="16,21,26,27,30,33,74,76,82,93,99,101,104,105" machi="26" ten="30,2900,0" yaku="7,1,54,1" doraHai="64" who="0" fromWho="1" sc="428,35,240,-35,201,0,131,0" /><INIT seed="0,3,0,5,5,35" ten="463,205,201,131" oya="0" hai0="71,101,115,110,104,125,29,135,81,53,7,48,27" hai1="86,22,70,3,126,39,108,106,77,90,121,80,76" hai2="50,114,36,42,63,23,100,45,28,14,52,13,41" hai3="68,93,30,107,19,15,62,51,89,17,99,120,103"/><T69/><D115/><U85/><E108/><V97/><F114/><W38/><G38/><T92/><D125/><U94/><E126/><V118/><F118/><W20/><G120/><T117/><D117/><U31/><E70/><V46/><F41/><W21/><G30/><T32/><D135/><U34/><E39/><V67/><F28/><W16/><G51/><T111/><D104/><U105/><E34/><V43/><F23/><W98/><REACH who="3" step="1"/><G21/><REACH who="3" ten="463,205,201,121" step="2"/><T8/><D111/><U109/><E109/><V122/><F122/><W84/><G84/><T18/><D110/><U124/><E121/><V134/><F134/><W5/><G5/><T61/><D48/><U96/><E31/><V88/><F42/><W58/><G58/><T26/><D71/><U116/><E116/><V33/><F33/><W123/><G123/><T78/><D69/><U54/><E22/><V131/><F131/><W74/><G74/><T25/><D32/><U102/><E124/><V82/><F100/><W64/><AGARI ba="3,1" hai="15,16,17,19,20,62,64,68,89,93,98,99,103,107" machi="64" ten="30,4000,0" yaku="1,1,0,1,54,1,53,0" doraHai="35" doraHaiUra="83" who="3" fromWho="3" sc="463,-23,205,-13,201,-13,121,59" /><INIT seed="1,0,0,3,0,86" ten="440,192,188,180" oya="1" hai0="65,32,3,14,43,11,74,120,80,48,84,102,121" hai1="61,78,56,0,126,44,123,92,88,49,99,70,8" hai2="122,63,132,62,108,103,93,34,42,107,38,45,72" hai3="47,9,54,46,73,7,127,97,37,113,40,23,33"/><U29/><E123/><V87/><F122/><N who="0" m="47210" /><D32/><U13/><E126/><V76/><F34/><W5/><G33/><T22/><D3/><U1/><E70/><V31/><F132/><W41/><G113/><T2/><D2/><U35/><E35/><V133/><F133/><W16/><G73/><T68/><D102/><U82/><E29/><V101/><F31/><W24/><G127/><T69/><D22/><U104/><E104/><V83/><F108/><W90/><G54/><T128/><D128/><U116/><E116/><V115/><F103/><W28/><G28/><T125/><D74/><U36/><E36/><V25/><F25/><W130/><G9/><T18/><D65/><U134/><E134/><V118/><F115/><W20/><G20/><T4/><D125/><U57/><E1/><V112/><F118/><W71/><G71/><T109/><D109/><U117/><E61/><V51/><F38/><W75/><G75/><T91/><D4/><N who="3" m="1609" /><G37/><T67/><D67/><U89/><E0/><V135/><F112/><W10/><G10/><T60/><D60/><U110/><E78/><V98/><REACH who="2" step="1"/><F135/><REACH who="2" ten="440,192,178,180" step="2"/><W52/><G130/><T77/><D68/><U100/><E110/><V129/><F129/><W79/><G79/><T114/><D69/><U81/><E117/><V15/><F15/><W59/><G41/><T94/><D114/><U50/><E13/><V27/><F27/><W30/><G40/><T66/><D77/><U53/><E100/><V39/><F39/><W58/><G30/><T119/><D119/><U106/><E106/><V26/><F26/><W55/><G24/><RYUUKYOKU ba="0,1" sc="440,-10,192,-10,178,30,180,-10" hai2="42,45,51,62,63,72,76,83,87,93,98,101,107" /><INIT seed="2,1,1,2,1,81" ten="430,182,208,170" oya="2" hai0="99,108,65,14,15,128,44,12,124,102,9,37,86" hai1="90,33,4,91,130,31,70,20,56,93,11,60,29" hai2="88,126,114,55,0,34,24,47,68,28,85,71,18" hai3="84,8,83,120,74,96,10,27,64,22,19,13,107"/><V42/><F0/><W59/><G74/><T73/><D73/><U80/><E130/><V118/><F118/><W79/><G120/><T129/><D108/><U16/><E70/><V48/><F114/><W5/><G107/><T61/><D124/><U131/><E131/><V78/><F126/><W51/><G96/><T133/><D133/><U50/><E50/><V36/><F78/><W53/><G10/><T75/><D75/><U113/><E113/><V112/><F18/><W2/><REACH who="3" step="1"/><G64/><REACH who="3" ten="430,182,208,160" step="2"/><T92/><D9/><U35/><E11/><V23/><F112/><W54/><G54/><T121/><D121/><U101/><E33/><V67/><F67/><W98/><G98/><T115/><D115/><U17/><E35/><V39/><F34/><W105/><G105/><T63/><D129/><U134/><E134/><V132/><F132/><W66/><G66/><T100/><D128/><U135/><E135/><V7/><F7/><W97/><G97/><T82/><D65/><U25/><E4/><V30/><F30/><W117/><G117/><T104/><D104/><U41/><E31/><V45/><REACH who="2" step="1"/><F36/><REACH who="2" ten="430,182,198,160" step="2"/><W43/><G43/><T46/><D37/><U94/><E41/><V62/><F62/><W3/><AGARI ba="1,3" hai="2,3,5,8,13,19,22,27,51,53,59,79,83,84" machi="3" ten="30,4000,0" yaku="1,1,0,1,52,1,53,0" doraHai="81" doraHaiUra="123" who="3" fromWho="3" sc="430,-11,182,-11,198,-21,160,73" /><INIT seed="3,0,0,3,5,62" ten="419,171,177,233" oya="3" hai0="111,47,107,68,123,64,67,100,53,42,116,117,63" hai1="36,57,22,126,37,121,88,102,41,65,87,31,0" hai2="54,9,81,16,45,101,50,24,40,92,104,18,99" hai3="127,32,131,4,124,113,75,70,135,56,51,29,86"/><W73/><G113/><T120/><D100/><U74/><E126/><N who="3" m="48170" /><G70/><T21/><D107/><U80/><E121/><N who="0" m="46665" /><D21/><U11/><E102/><V133/><F133/><W118/><G118/><N who="0" m="45675" /><D68/><U94/><E41/><V85/><F104/><W26/><G131/><T7/><D7/><U105/><E105/><V112/><F112/><W5/><G135/><T61/><D111/><U60/><E0/><V69/><F69/><W82/><G5/><T3/><D3/><U44/><E44/><V46/><F24/><W109/><G4/><T2/><D2/><U114/><E114/><V34/><F34/><W12/><G12/><T71/><D71/><U17/><E31/><V128/><F128/><W122/><G122/><T89/><D89/><U76/><REACH who="1" step="1"/><E11/><REACH who="1" ten="419,161,177,233" step="2"/><V8/><F9/><W83/><G109/><T72/><D42/><U134/><E134/><V38/><REACH who="2" step="1"/><F8/><REACH who="2" ten="419,161,167,233" step="2"/><W96/><G32/><T66/><D47/><U23/><E23/><V14/><F14/><AGARI ba="0,2" hai="14,17,22,36,37,57,60,65,74,76,80,87,88,94" machi="14" ten="30,7700,0" yaku="1,1,7,1,52,1,54,1,53,0" doraHai="62" doraHaiUra="39" who="1" fromWho="2" sc="419,0,161,97,167,-77,233,0" /><INIT seed="4,0,0,0,5,106" ten="419,258,90,233" oya="0" hai0="9,105,86,83,57,99,34,30,116,42,75,24,113" hai1="110,20,79,81,27,103,118,74,63,125,33,100,114" hai2="58,54,52,3,130,28,10,76,135,17,78,85,73" hai3="51,4,122,11,92,133,50,61,60,89,126,70,22"/><T108/><D116/><U39/><E110/><V32/><F135/><W38/><G38/><T43/><D113/><U0/><E118/><V8/><F130/><W117/><G126/><T62/><D108/><U35/><E125/><V14/><F54/><W77/><G77/><T40/><D9/><U37/><E0/><V109/><F109/><W128/><G70/><T15/><D15/><U90/><E37/><V112/><F112/><W123/><G22/><T115/><D115/><U65/><E39/><V25/><F85/><W49/><G128/><T45/><D45/><U1/><E1/><V102/><F102/><W12/><G133/><T59/><D75/><U7/><E7/><V82/><F76/><W44/><G44/><T124/><D124/><U56/><E90/><V87/><F3/><W67/><G67/><T29/><D29/><U46/><E46/><V93/><F93/><W2/><G2/><T13/><D13/><U72/><E74/><V132/><F132/><W68/><G68/><T131/><D131/><U36/><E36/><V69/><F69/><W19/><G4/><T55/><D99/><U80/><E80/><V97/><F97/><N who="3" m="57487" /><G117/><T21/><D105/><U96/><E114/><V101/><F101/><W95/><G95/><T64/><D34/><U18/><E103/><V98/><F98/><W41/><G41/><T23/><D23/><U48/><E48/><V31/><F31/><W129/><G129/><T91/><D42/><U121/><E121/><AGARI ba="0,0" hai="11,12,19,49,50,51,60,61,121,122,123" m="57487" machi="121" ten="30,1000,0" yaku="13,1" doraHai="106" who="3" fromWho="1" sc="419,0,258,-10,90,0,233,10" /><INIT seed="5,0,0,2,5,43" ten="419,248,90,243" oya="1" hai0="88,62,31,51,122,129,3,73,19,98,60,91,13" hai1="125,1,57,71,9,48,120,90,28,44,14,107,84" hai2="21,6,109,67,124,39,114,16,4,72,101,55,23" hai3="41,45,33,25,30,26,80,100,24,126,113,123,119"/><U27/><E120/><V32/><F72/><W85/><G123/><T110/><D110/><U50/><E125/><V46/><F109/><W35/><G126/><T66/><D129/><U96/><E71/><V121/><F124/><W134/><G113/><T92/><D73/><U132/><E132/><V10/><F121/><W8/><G134/><T83/><D3/><U105/><E1/><V0/><F32/><W94/><G8/><T49/><D31/><U128/><E50/><V93/><F114/><W42/><G42/><T54/><D51/><U47/><E128/><V115/><F115/><W86/><G119/><T68/><D122/><U75/><E75/><V18/><F67/><W38/><G86/><N who="0" m="50271" /><D66/><U40/><E47/><V135/><F135/><W64/><G64/><T69/><D69/><U99/><E57/><V58/><F4/><W81/><G81/><T127/><D127/><U89/><E90/><V29/><F29/><W34/><G30/><T97/><D97/><U61/><E61/><V130/><F130/><W36/><G36/><T20/><D68/><U77/><E77/><V56/><F21/><W117/><G117/><T5/><D5/><N who="1" m="3375" /><E107/><V74/><F74/><W111/><G111/><T22/><D22/><N who="1" m="15479" /><E105/><V59/><F23/><W112/><G112/><T118/><D118/><U131/><E131/><V76/><F76/><N who="3" m="46215" /><G35/><T15/><D15/><U53/><E40/><N who="2" m="22815" /><F55/><W52/><G52/><T108/><D108/><U17/><E17/><V70/><F70/><W7/><G7/><T11/><D11/><U78/><E78/><V102/><F93/><AGARI ba="0,0" hai="44,48,53,84,89,93,96,99" m="15479,3375" machi="93" ten="30,2900,0" yaku="8,1,52,1" doraHai="43" who="1" fromWho="2" sc="419,0,248,29,90,-29,243,0" /><INIT seed="5,1,0,1,4,121" ten="419,277,61,243" oya="1" hai0="69,122,124,90,48,60,28,131,64,7,84,87,113" hai1="114,88,54,101,15,134,22,25,42,35,50,62,100" hai2="56,97,5,130,93,19,120,32,96,58,30,16,72" hai3="111,70,75,44,77,23,126,89,128,45,1,53,104"/><U10/><E114/><V51/><F72/><W49/><G104/><T86/><D113/><U135/><E35/><V4/><F120/><W123/><G1/><T24/><D122/><U66/><E42/><V82/><F32/><W98/><G70/><T85/><D124/><U118/><E118/><V36/><F36/><W102/><G128/><T127/><D127/><U116/><E116/><V17/><F130/><W76/><G111/><T125/><D125/><U95/><E134/><V18/><N who="2" m="4096" /><DORA hai="57" /><V129/><F129/><W33/><G33/><T59/><D131/><U110/><E110/><V29/><F82/><W12/><G75/><T55/><D7/><U27/><E15/><V34/><F34/><W80/><G12/><T73/><D73/><U67/><E10/><V9/><F51/><W108/><G108/><T52/><D55/><U78/><E78/><V112/><F112/><W38/><G77/><T83/><D86/><U65/><E135/><V133/><F133/><W105/><G76/><T91/><D91/><U68/><E68/><V79/><F79/><W14/><G123/><T107/><D107/><U94/><E94/><V117/><F117/><W41/><G126/><T119/><D119/><U132/><E50/><V37/><F37/><W43/><G38/><T3/><D3/><U61/><E54/><V81/><F81/><W63/><G80/><T99/><D99/><N who="2" m="37962" /><F93/><W11/><G105/><T8/><D8/><U39/><E39/><V20/><F9/><W6/><G11/><T115/><D115/><U0/><E132/><V103/><F103/><W109/><G109/><RYUUKYOKU ba="1,0" sc="419,30,277,-10,61,-10,243,-10" hai0="24,28,48,52,59,60,64,69,83,84,85,87,90" /><INIT seed="6,2,0,3,5,24" ten="449,267,51,233" oya="2" hai0="22,63,95,83,82,30,6,42,76,124,73,118,87" hai1="104,19,115,108,122,97,37,58,133,69,111,55,12" hai2="17,61,27,54,59,112,7,31,131,66,32,99,85" hai3="29,89,79,57,48,43,26,25,50,46,52,45,34"/><V49/><F112/><W18/><G79/><T117/><D124/><U125/><E115/><V0/><F131/><W92/><G26/><T9/><D95/><U103/><E133/><V110/><F110/><W70/><G70/><T1/><D63/><U109/><E125/><V81/><F99/><W78/><G78/><T23/><D42/><U38/><E69/><V88/><F17/><W64/><G18/><T13/><D1/><U127/><E127/><V107/><F107/><W10/><G10/><T94/><D94/><U135/><E135/><V14/><F14/><W36/><G64/><T80/><D80/><U130/><E130/><V56/><REACH who="2" step="1"/><F0/><REACH who="2" ten="449,267,41,233" step="2"/><W47/><REACH who="3" step="1"/><G36/><REACH who="3" ten="449,267,41,223" step="2"/><T16/><D16/><U15/><E38/><V120/><F120/><W123/><G123/><T11/><D11/><U5/><E37/><V4/><AGARI ba="2,2" hai="4,7,27,31,32,49,54,56,59,61,66,81,85,88" machi="4" ten="30,11700,0" yaku="1,1,0,1,52,1,54,1,53,0" doraHai="24" doraHaiUra="126" who="2" fromWho="2" sc="449,-41,267,-41,41,143,223,-41" /><INIT seed="6,3,0,1,1,44" ten="408,226,184,182" oya="2" hai0="28,33,78,135,86,94,111,68,104,80,10,99,17" hai1="16,130,128,7,49,11,0,15,133,25,9,46,91" hai2="126,79,120,48,100,71,1,12,31,30,83,39,18" hai3="43,97,132,117,84,122,4,82,26,22,110,20,5"/><V47/><F71/><W69/><G110/><T29/><D111/><U73/><E73/><V13/><F1/><W50/><G69/><T85/><D135/><U116/><E133/><V61/><F39/><W14/><G122/><T74/><D68/><U27/><E116/><V89/><F120/><W21/><G117/><T6/><D17/><U109/><E109/><V76/><F126/><W134/><G134/><T37/><D37/><U62/><E62/><V121/><F61/><W102/><G26/><T125/><D125/><U36/><E91/><V81/><F100/><W72/><G72/><T95/><D95/><U58/><E58/><V90/><F121/><W53/><G43/><T59/><D59/><U40/><REACH who="1" step="1"/><E36/><REACH who="1" ten="408,216,184,182" step="2"/><V105/><F105/><W77/><G132/><T60/><D104/><U63/><E63/><V129/><F129/><AGARI ba="3,1" hai="0,7,9,11,15,16,25,27,40,46,49,128,129,130" machi="129" ten="40,8000,1" yaku="1,1,19,1,52,1,54,1,53,0" doraHai="44" doraHaiUra="118" who="1" fromWho="2" sc="408,0,216,99,184,-89,182,0" /><INIT seed="7,0,0,1,1,91" ten="408,315,95,182" oya="3" hai0="119,63,92,56,68,70,52,108,0,82,55,89,88" hai1="34,125,129,35,73,2,33,87,120,116,130,93,134" hai2="32,66,75,11,40,76,64,103,42,117,113,128,97" hai3="37,30,60,18,126,50,81,57,77,46,135,21,118"/><W111/><G118/><T41/><D0/><U4/><E73/><V53/><F32/><W28/><G37/><T38/><D108/><U65/><E120/><V22/><F117/><W109/><G126/><T59/><D119/><U94/><E116/><V6/><F113/><W106/><G106/><T85/><D41/><U133/><E87/><V49/><F128/><N who="1" m="49257" /><E65/><V98/><F98/><W5/><G135/><N who="1" m="51722" /><E125/><V43/><F22/><W74/><G21/><T10/><D10/><AGARI ba="0,0" hai="2,4,10,33,34,35,93,94" m="51722,49257" machi="10" ten="40,8000,1" yaku="19,1,20,1,52,2" doraHai="91" who="1" fromWho="0" sc="408,-80,315,80,95,0,182,0" owari="328,13.0,395,49.0,95,-40.0,182,-22.0" /></mjloggm>