<mjloggm ver="2.3"><GO type="41" lobby="0"/><UN n0="%E3%82%AD%E3%82%BB%E3%82%AD%E3%81%AE%E3%83%8A%E3%83%8A%E3%83%9F" n1="%43%68%69%6C%6F" n2="%E5%A4%A7%E6%98%9F%E6%B7%A1%E3%80%82" n3="%E2%93%9D%53%75%70%68%78" dan="15,14,14,18" rate="1967.21,1839.05,1971.18,2128.48" sx="M,M,F,M"/><TAIKYOKU oya="0"/><INIT seed="0,0,0,5,4,134" ten="250,250,250,250" oya="0" hai0="128,111,122,0,56,88,85,38,47,130,25,94,34" hai1="82,23,10,75,126,99,80,45,19,84,69,20,51" hai2="86,93,73,108,125,107,76,70,121,1,8,60,119" hai3="37,83,3,113,15,90,17,50,104,115,43,98,39"/><T123/><D0/><U118/><E118/><V74/><F93/><W91/><G3/><T79/><D38/><U71/><E99/><V12/><F86/><W68/><G68/><T52/><D47/><U7/><E75/><V81/><F12/><W29/><G29/><N who="0" m="19759" /><D111/><U35/><E35/><V135/><F8/><W97/><G50/><N who="0" m="30743" /><D79/><U24/><E69/><V30/><F30/><W36/><G43/><T6/><D6/><U110/><E71/><V14/><F14/><W133/><G15/><T102/><D102/><U4/><E110/><V46/><F46/><W40/><G40/><T9/><D9/><U117/><E10/><V65/><F76/><W57/><G39/><T13/><D13/><N who="1" m="9327" /><E117/><V58/><F73/><W44/><G44/><T49/><D49/><U64/><E51/><V28/><F28/><W105/><G37/><T109/><D109/><U116/><E45/><V26/><F60/><W132/><G36/><T11/><D11/><U100/><E100/><V129/><F65/><W101/><G101/><T120/><D120/><U22/><E64/><V62/><F62/><W42/><G42/><T112/><D112/><U53/><E116/><V21/><F58/><W87/><G57/><T41/><D41/><U124/><E53/><V27/><F1/><W55/><G55/><T78/><D78/><U63/><E63/><V89/><F70/><W32/><G115/><T127/><D127/><N who="1" m="48683" /><E24/><V18/><F26/><W54/><G54/><T31/><D31/><U66/><E66/><V33/><F125/><W96/><G113/><T48/><D48/><U72/><E72/><RYUUKYOKU ba="0,0" sc="250,30,250,-10,250,-10,250,-10" hai0="85,88,94,122,123,128,130" /><INIT seed="0,1,0,2,0,124" ten="280,240,240,240" oya="0" hai0="42,13,125,129,132,0,55,32,39,78,6,118,48" hai1="65,77,73,94,27,4,5,81,113,38,61,11,92" hai2="37,66,22,87,10,127,76,8,72,112,59,95,9" hai3="36,100,51,19,34,126,54,46,30,12,14,102,2"/><T35/><D118/><U64/><E38/><V52/><F37/><W70/><G2/><T79/><D129/><U119/><E119/><V56/><F112/><W7/><G70/><T110/><D132/><U133/><E133/><V71/><F71/><W96/><G126/><T103/><D125/><U58/><E65/><V98/><F72/><W109/><G109/><T97/><D42/><U101/><E113/><V74/><F74/><W28/><G34/><T20/><D39/><U57/><E57/><V89/><F66/><W43/><G7/><T15/><D0/><U49/><E49/><V105/><F105/><W25/><G14/><T1/><D1/><U84/><E73/><V85/><F76/><W99/><G25/><T62/><D62/><U134/><E134/><V117/><F117/><W40/><G99/><T106/><D15/><N who="1" m="5607" /><E5/><V123/><F123/><W114/><G114/><T75/><D79/><U3/><E3/><V86/><F127/><W47/><G43/><T107/><D107/><U33/><E101/><V122/><F122/><W17/><G102/><T44/><D110/><U135/><E135/><V91/><F56/><W90/><G100/><T24/><D6/><U67/><E67/><V131/><F22/><W18/><REACH who="3" step="1"/><G12/><REACH who="3" ten="280,240,240,230" step="2"/><T128/><D13/><U29/><E33/><N who="0" m="12873" /><D24/><U104/><E27/><V111/><F111/><W31/><G31/><T88/><D20/><U116/><E29/><V60/><REACH who="2" step="1"/><F131/><REACH who="2" ten="280,240,230,230" step="2"/><W21/><G21/><T63/><D128/><U53/><E116/><V121/><F121/><W45/><G45/><T82/><D88/><AGARI ba="1,2" hai="8,9,10,52,59,60,85,86,87,88,89,91,95,98" machi="88" ten="40,8000,1" yaku="1,1,8,1,54,2,53,0" doraHai="124" doraHaiUra="69" who="2" fromWho="0" sc="280,-83,240,0,230,103,230,0" /><INIT seed="1,0,0,3,2,54" ten="197,240,333,230" oya="1" hai0="70,22,127,88,74,31,101,48,27,104,116,91,118" hai1="15,38,25,99,110,117,106,41,18,92,62,10,36" hai2="56,44,63,125,111,126,6,34,0,12,68,64,81" hai3="135,28,71,47,82,108,119,121,84,93,114,4,58"/><U124/><E117/><V103/><F34/><W87/><G71/><T105/><D74/><U46/><E106/><V77/><F0/><W73/><G121/><T43/><D70/><U123/><E123/><V11/><F103/><W96/><G108/><T83/><D127/><U112/><E124/><N who="2" m="47723" /><F111/><W75/><G135/><T20/><D48/><U57/><E112/><V51/><F68/><W60/><G4/><T33/><D43/><U89/><E110/><V109/><F109/><W67/><G87/><T134/><D134/><U100/><E25/><V122/><F122/><W24/><G47/><T3/><D3/><U26/><E26/><V131/><F131/><W42/><G42/><T66/><D66/><U94/><E94/><V90/><F90/><W35/><G119/><T37/><D37/><U86/><E86/><N who="2" m="48431" /><F51/><W1/><G1/><T50/><D50/><U129/><E129/><V59/><F59/><W8/><G114/><T16/><D33/><U29/><E29/><V76/><F76/><W130/><G130/><T40/><D101/><U97/><E100/><V72/><F72/><W128/><G128/><T85/><D91/><U113/><E113/><V39/><F39/><W30/><G30/><T120/><D120/><U49/><REACH who="1" step="1"/><E99/><REACH who="1" ten="197,230,333,230" step="2"/><V98/><F98/><W115/><G115/><T9/><D118/><U19/><E19/><V95/><F95/><W52/><G96/><T78/><D116/><U21/><E21/><V13/><F13/><W32/><G32/><T2/><D105/><U65/><AGARI ba="0,1" hai="10,15,18,36,38,41,46,49,57,62,65,89,92,97" machi="65" ten="20,7800,0" yaku="1,1,0,1,7,1,52,1,53,0" doraHai="54" doraHaiUra="80" who="1" fromWho="1" sc="197,-26,230,88,333,-26,230,-26" /><INIT seed="1,1,0,2,5,70" ten="171,318,307,204" oya="1" hai0="73,82,81,34,62,124,2,6,98,31,11,3,112" hai1="33,85,32,121,14,88,1,97,115,21,53,17,101" hai2="24,77,42,134,131,108,39,18,41,19,123,79,49" hai3="105,113,104,52,20,118,116,15,78,117,103,28,130"/><U68/><E115/><V83/><F108/><W120/><G113/><T37/><D82/><U5/><E68/><V4/><F131/><W89/><G120/><T45/><D112/><U9/><E53/><V64/><F134/><W48/><G130/><T56/><D124/><U50/><E50/><V133/><F133/><W128/><G128/><T30/><D98/><U44/><E44/><V7/><F24/><W43/><G78/><N who="2" m="29705" /><F64/><W106/><G43/><N who="2" m="16393" /><F83/><W132/><G132/><T67/><D2/><U57/><E57/><V126/><F49/><W8/><G28/><T96/><D34/><U58/><E58/><V27/><F27/><W95/><G20/><T47/><D73/><U54/><E54/><V65/><F65/><W74/><G74/><T13/><D81/><U38/><E38/><V51/><F51/><W59/><G103/><T90/><D3/><U114/><E114/><V80/><F80/><W46/><G59/><T127/><D37/><U72/><E72/><V10/><F10/><W76/><G76/><T94/><REACH who="0" step="1"/><D127/><REACH who="0" ten="161,318,307,204" step="2"/><U63/><E121/><V69/><F126/><W129/><G129/><T36/><D36/><U111/><E111/><V99/><F39/><W91/><REACH who="3" step="1"/><G95/><REACH who="3" ten="161,318,307,194" step="2"/><T110/><D110/><U23/><E33/><V84/><F123/><W60/><G60/><T107/><D107/><U26/><E32/><V125/><F125/><W119/><N who="3" m="30208" /><DORA hai="40" /><W100/><G100/><T122/><D122/><U135/><E135/><V0/><F0/><W87/><G87/><T66/><D66/><U86/><E101/><V12/><F84/><W102/><G102/><RYUUKYOKU ba="1,2" sc="161,15,318,-15,307,-15,194,15" hai0="6,11,13,30,31,45,47,56,62,67,90,94,96" hai3="8,15,46,48,52,89,91,104,105,106" /><INIT seed="2,2,2,1,1,111" ten="176,303,292,209" oya="2" hai0="114,61,120,115,103,21,126,108,20,66,124,45,34" hai1="35,2,11,118,110,8,40,132,130,55,23,53,19" hai2="50,72,128,79,27,69,113,16,125,58,42,116,59" hai3="62,29,18,65,12,14,31,84,112,109,3,26,76"/><V1/><F116/><W93/><G3/><T13/><D120/><U63/><E118/><V22/><F69/><W47/><G109/><T133/><D108/><U57/><E35/><V77/><F1/><W33/><G31/><T123/><D123/><U104/><E104/><V97/><F128/><W99/><G47/><T85/><D34/><U75/><E75/><V74/><F125/><W41/><G41/><T0/><D0/><U24/><E132/><V119/><F119/><W10/><G14/><T91/><D133/><U83/><E130/><V28/><F113/><N who="0" m="43018" /><D103/><U92/><E40/><V135/><F135/><W64/><G112/><T7/><D45/><U95/><E83/><V39/><F39/><W81/><REACH who="3" step="1"/><G62/><REACH who="3" ten="176,303,292,199" step="2"/><T46/><D46/><U37/><E63/><V106/><F28/><W105/><G105/><T17/><D7/><U86/><E2/><V129/><F129/><W121/><G121/><T78/><D13/><U101/><E110/><V9/><F42/><W96/><G96/><T80/><D17/><U87/><E19/><V25/><F97/><W70/><G70/><N who="0" m="42319" /><D91/><AGARI ba="2,3" hai="10,12,18,26,29,33,64,65,76,81,84,91,93,99" machi="91" ten="30,2000,0" yaku="1,1,7,1,53,0" doraHai="111" doraHaiUra="43" who="3" fromWho="0" sc="176,-26,303,0,292,0,199,56" /><INIT seed="3,0,0,0,2,22" ten="150,303,292,255" oya="3" hai0="35,69,10,94,23,80,60,5,98,43,70,26,95" hai1="4,97,54,114,41,42,6,52,57,21,89,16,86" hai2="3,15,131,121,0,107,93,111,84,17,125,24,13" hai3="83,127,55,104,48,11,74,66,7,101,25,112,123"/><W2/><G123/><T38/><D35/><U120/><E114/><V58/><F111/><W90/><G112/><T82/><D43/><N who="1" m="16395" /><E97/><V59/><F131/><W19/><G127/><T34/><D38/><U103/><E103/><V1/><F107/><W78/><G66/><T46/><D34/><U47/><E47/><V37/><F125/><W14/><G90/><T102/><D46/><U51/><E54/><V62/><F37/><W61/><G61/><T126/><D126/><U28/><E28/><V53/><F121/><W85/><G74/><T99/><D10/><U64/><E64/><V81/><F93/><W72/><G72/><T50/><D50/><U116/><E116/><V118/><F118/><W33/><G101/><T31/><D5/><U115/><E115/><V88/><REACH who="2" step="1"/><F58/><REACH who="2" ten="150,303,282,255" step="2"/><W100/><G104/><T68/><REACH who="0" step="1"/><D60/><REACH who="0" ten="140,303,282,255" step="2"/><U122/><E120/><V113/><F113/><W108/><G48/><T30/><D30/><U87/><E122/><V77/><F77/><W49/><G78/><T133/><D133/><U9/><E4/><V119/><F119/><W18/><G7/><T71/><N who="0" m="17408" /><DORA hai="117" /><T75/><D75/><U36/><E36/><V134/><F134/><W96/><G49/><T56/><D56/><U92/><E6/><V76/><F76/><W67/><G19/><T8/><D8/><U40/><E9/><V130/><F130/><W79/><G11/><T105/><D105/><U128/><E128/><V110/><F110/><W63/><G108/><T135/><D135/><U91/><E40/><V73/><F73/><W39/><G39/><T124/><D124/><RYUUKYOKU ba="0,2" sc="140,15,303,-15,282,15,255,-15" hai0="23,26,31,80,82,94,95,98,99,102" hai2="0,1,3,13,15,17,24,53,59,62,81,84,88" /><INIT seed="4,1,2,3,0,20" ten="155,288,297,240" oya="0" hai0="125,3,4,55,19,115,69,120,135,34,60,95,122" hai1="126,102,99,124,21,103,118,71,76,117,134,64,133" hai2="22,27,123,67,91,65,52,9,92,90,96,43,45" hai3="132,62,73,130,93,105,87,82,85,110,7,70,47"/><T128/><D34/><U18/><E76/><V101/><F123/><W89/><G110/><T24/><D24/><N who="1" m="14391" /><E64/><N who="2" m="24651" /><F9/><W109/><G130/><T108/><D4/><U11/><E71/><V111/><F43/><W10/><G132/><N who="1" m="50794" /><E11/><V72/><F72/><W28/><G105/><T88/><D135/><U66/><E66/><V0/><F0/><W59/><G109/><T114/><D108/><U116/><E103/><V37/><F37/><W39/><G73/><T119/><D3/><U113/><E113/><N who="0" m="43017" /><D125/><U51/><E51/><N who="2" m="28783" /><F111/><W53/><G70/><T131/><D19/><AGARI ba="1,2" hai="19,22,27,90,91,92,96,101" m="28783,24651" machi="19" ten="30,3900,0" yaku="8,1,52,1,54,1" doraHai="20" who="2" fromWho="0" sc="155,-42,288,0,297,62,240,0" /><INIT seed="5,0,0,2,3,97" ten="113,288,359,240" oya="1" hai0="119,127,68,20,51,7,16,98,80,106,26,83,55" hai1="2,18,49,82,11,24,22,9,8,117,125,43,113" hai2="109,85,31,38,59,33,71,28,15,45,79,135,112" hai3="66,101,35,86,36,30,62,34,118,129,53,122,23"/><U107/><E117/><V41/><F71/><W6/><G122/><T39/><D68/><U29/><E113/><V94/><F135/><W74/><G74/><T111/><D39/><U90/><E107/><V105/><F112/><W52/><G36/><T12/><D111/><U70/><E70/><V131/><F105/><W32/><G6/><T115/><D115/><U37/><E37/><V46/><F131/><W77/><G129/><T58/><D119/><U96/><E125/><V120/><F46/><W75/><G75/><T78/><D127/><U99/><E2/><V47/><F45/><W4/><G4/><T134/><D134/><U1/><E1/><V21/><F33/><W89/><G77/><T100/><REACH who="0" step="1"/><D78/><REACH who="0" ten="103,288,359,240" step="2"/><U126/><E126/><V10/><F109/><W102/><G118/><T44/><D44/><N who="1" m="25759" /><E29/><V48/><F31/><W116/><G116/><T65/><D65/><U61/><E61/><V133/><F28/><W50/><G35/><T56/><D56/><U69/><E69/><V0/><F59/><N who="3" m="35175" /><G34/><T17/><D17/><U104/><E104/><V60/><F60/><W13/><G66/><T92/><D92/><U64/><E64/><V40/><F94/><N who="3" m="54583" /><G32/><T42/><D42/><U63/><E63/><V88/><F41/><W76/><G76/><T25/><D25/><U57/><E57/><V128/><F133/><W73/><G30/><T114/><D114/><U67/><E67/><V81/><F128/><W54/><G54/><T19/><D19/><U3/><E3/><V87/><F0/><W95/><G53/><T121/><D121/><U93/><E93/><RYUUKYOKU ba="0,1" sc="103,15,288,15,359,-15,240,-15" hai0="7,12,16,20,26,51,55,58,80,83,98,100,106" hai1="8,9,11,18,22,24,82,90,96,99" /><INIT seed="5,1,1,1,1,5" ten="118,303,344,225" oya="1" hai0="54,111,82,50,41,128,95,119,10,46,87,80,39" hai1="4,76,92,133,34,114,27,30,98,44,83,48,135" hai2="32,134,94,14,120,103,31,63,85,97,124,130,1" hai3="132,12,79,53,43,49,81,38,109,55,13,129,21"/><U7/><E114/><V15/><F124/><W106/><G109/><T72/><D119/><U40/><E83/><V102/><F134/><N who="1" m="51209" /><E76/><V61/><F1/><W59/><G106/><T24/><D111/><U125/><E125/><V58/><F130/><W57/><G132/><T42/><D128/><U26/><E26/><V112/><F112/><W29/><G43/><T91/><D72/><U89/><AGARI ba="1,1" hai="4,7,27,30,34,40,44,48,89,92,98" m="51209" machi="89" ten="30,1500,0" yaku="20,1" doraHai="5" who="1" fromWho="1" sc="118,-6,303,28,344,-6,225,-6" /><INIT seed="5,2,0,2,4,76" ten="112,331,338,219" oya="1" hai0="32,37,39,80,61,54,52,22,108,13,96,18,107" hai1="129,10,95,106,116,72,100,23,70,3,40,46,126" hai2="49,36,21,59,74,90,42,44,34,12,131,81,27" hai3="60,91,31,130,87,14,68,64,67,133,109,103,62"/><U83/><E116/><V50/><F131/><W78/><G109/><T7/><D32/><U89/><E70/><V94/><F34/><W63/><G130/><T134/><D108/><U58/><E129/><V118/><F118/><W111/><G111/><T104/><D134/><U97/><E126/><V4/><F4/><W84/><G103/><T66/><D7/><U121/><E121/><V114/><F12/><W6/><G31/><T101/><D104/><U33/><E33/><V11/><F11/><N who="3" m="4471" /><G68/><T128/><D128/><U41/><E58/><V53/><F36/><W73/><G73/><T20/><D20/><U45/><E23/><V56/><F114/><W124/><G124/><T24/><D24/><U122/><E45/><V8/><F8/><W1/><G1/><T119/><D119/><U75/><E75/><V71/><F71/><W38/><G38/><T51/><D54/><U25/><E25/><V127/><F74/><W132/><G78/><T9/><D22/><U113/><E122/><V123/><F123/><W77/><G77/><T5/><D5/><N who="1" m="1343" /><E46/><V88/><F127/><W43/><G43/><T2/><D2/><U30/><E30/><V117/><F117/><W17/><G17/><T29/><D29/><U86/><E113/><V0/><F0/><W65/><G91/><T79/><D39/><U115/><E115/><V48/><F42/><W112/><G112/><T19/><D37/><U92/><E92/><V16/><F44/><W125/><G125/><T55/><D19/><U82/><E72/><V120/><F120/><W26/><G26/><T35/><D35/><RYUUKYOKU ba="2,0" sc="112,-15,331,15,338,-15,219,15" hai1="40,41,82,83,86,89,95,97,100,106" hai3="60,62,63,64,65,67,84,87,132,133" /><INIT seed="5,3,0,4,4,82" ten="97,346,323,234" oya="1" hai0="81,107,86,36,6,4,53,71,110,104,77,39,100" hai1="65,103,78,10,69,108,106,70,79,97,125,73,11" hai2="99,119,40,90,29,62,35,105,20,8,133,27,64" hai3="68,32,56,93,25,75,7,122,33,128,91,98,72"/><U22/><E125/><V24/><F133/><W94/><G68/><T63/><D110/><U66/><E108/><V14/><F40/><W17/><G122/><T3/><D53/><U28/><E70/><V135/><F135/><W46/><G7/><T26/><D26/><U112/><E78/><V87/><F105/><W114/><G114/><T67/><D6/><U58/><E69/><V129/><F99/><W13/><G128/><T117/><D117/><U95/><E106/><V113/><F113/><W45/><G56/><T130/><D130/><U83/><E112/><V134/><F134/><W37/><G37/><T44/><D100/><U120/><E120/><V74/><F74/><W12/><G25/><T85/><D104/><U88/><E103/><V48/><F119/><W19/><G91/><T111/><D107/><U30/><E58/><V101/><F101/><W49/><REACH who="3" step="1"/><G49/><REACH who="3" ten="97,346,323,224" step="2"/><T92/><D111/><U76/><E76/><V0/><F48/><W50/><G50/><T55/><D55/><U61/><E88/><V9/><F129/><W2/><G2/><T84/><D39/><U127/><E79/><V102/><F102/><W52/><G52/><T89/><D36/><U23/><E127/><V18/><F0/><W16/><G16/><T116/><D116/><U60/><E73/><V43/><F43/><W59/><G59/><T54/><D44/><U31/><E31/><V21/><F27/><W38/><G38/><T121/><D121/><U109/><E109/><V15/><F24/><W80/><G80/><T51/><D71/><U96/><E83/><V123/><F123/><RYUUKYOKU ba="3,1" sc="97,-15,346,15,323,-15,224,15" hai1="10,11,22,23,28,30,60,61,65,66,95,96,97" hai3="12,13,17,19,32,33,45,46,72,75,93,94,98" /><INIT seed="5,4,1,5,4,100" ten="82,361,308,239" oya="1" hai0="94,44,125,31,116,37,127,108,81,112,15,98,32" hai1="120,11,64,115,79,66,3,30,27,59,78,70,93" hai2="82,42,0,51,67,63,96,106,28,97,34,12,104" hai3="5,117,109,124,6,62,4,13,135,110,87,129,41"/><U56/><E120/><V29/><F0/><W1/><G41/><T134/><D108/><U49/><E70/><V122/><F122/><W69/><G87/><T40/><D116/><U17/><E115/><V99/><F34/><W131/><G62/><T45/><D134/><U119/><E119/><V118/><F118/><W126/><G69/><T111/><D111/><N who="3" m="42505" /><G117/><T77/><D112/><U22/><E93/><V26/><F82/><W89/><G89/><T65/><D65/><N who="1" m="25195" /><E3/><V2/><F2/><W47/><G47/><T21/><D45/><U38/><E38/><V95/><F42/><W75/><G75/><T23/><D15/><N who="1" m="7423" /><E49/><V91/><F12/><W80/><G80/><T92/><D32/><U33/><E33/><V24/><F51/><W84/><G1/><T88/><D94/><U86/><E86/><V18/><F95/><W36/><G84/><T57/><D57/><AGARI ba="4,1" hai="22,27,30,56,57,59,78,79" m="7423,25195" machi="57" ten="30,1500,0" yaku="8,1" doraHai="100" who="1" fromWho="0" sc="82,-27,361,37,308,0,239,0" /><INIT seed="5,5,0,0,3,44" ten="55,398,308,239" oya="1" hai0="112,40,123,48,20,2,6,102,19,103,52,126,75" hai1="10,30,132,55,42,15,109,66,11,124,133,78,122" hai2="29,51,111,49,34,73,7,117,135,62,21,118,28" hai3="108,114,130,86,121,129,31,45,26,36,85,8,27"/><U59/><E122/><V77/><F111/><W0/><G108/><T23/><D75/><U107/><E107/><V58/><F135/><N who="1" m="51785" /><E109/><V71/><F71/><W56/><G114/><T90/><D126/><U9/><E78/><V93/><F34/><W76/><G56/><T32/><D123/><U33/><E66/><V61/><F73/><W120/><G45/><T88/><D32/><U68/><E42/><V65/><F77/><W37/><G76/><T91/><D112/><U128/><E68/><V72/><F72/><W43/><G8/><T64/><D64/><U74/><E74/><V81/><F81/><W17/><G43/><T92/><D40/><U87/><E87/><V16/><F7/><W18/><REACH who="3" step="1"/><G31/><REACH who="3" ten="55,398,308,229" step="2"/><T50/><D6/><U5/><E124/><V24/><F29/><W110/><G110/><T60/><D2/><AGARI ba="5,1" hai="0,2,17,18,26,27,36,37,85,86,120,121,129,130" machi="2" ten="25,8000,1" yaku="1,1,22,2,53,2" doraHai="44" doraHaiUra="35" who="3" fromWho="0" sc="55,-95,398,0,308,0,229,105" owari="-40,-54.0,398,50.0,308,-9.0,334,13.0" /></mjloggm>