<mjloggm ver="2.3"><GO type="41" lobby="0"/><UN n0="%61%72%69%63%61%33" n1="%E3%82%8F%E3%82%8B%E3%81%A4" n2="%E2%93%9D%53%75%70%68%78" n3="%E3%81%8B%E3%81%9F%E3%81%A4%E3%82%82%E3%82%8A" dan="14,13,18,14" rate="1995.36,1843.22,2092.58,1890.72" sx="M,M,M,M"/><TAIKYOKU oya="0"/><INIT seed="0,0,0,3,3,52" ten="250,250,250,250" oya="0" hai0="100,35,112,98,126,25,96,55,18,48,99,89,115" hai1="39,76,72,121,83,75,64,107,92,61,43,119,81" hai2="118,88,28,97,49,40,54,125,109,32,63,12,8" hai3="87,73,27,34,79,3,108,134,1,102,84,70,6"/><T42/><D42/><U57/><E121/><V78/><F109/><W22/><G34/><T44/><D126/><U71/><E107/><V131/><F131/><W53/><G70/><T94/><D99/><U132/><E119/><V0/><F0/><W106/><G3/><T46/><D44/><U67/><E132/><V56/><F78/><W117/><G117/><T50/><D48/><U13/><E92/><V95/><F125/><W10/><G73/><T15/><D25/><U127/><E127/><V66/><F118/><W93/><G106/><T85/><D35/><U9/><E81/><V41/><F28/><W5/><G5/><T90/><D90/><U68/><E67/><V105/><F32/><W7/><G7/><T80/><REACH who="0" step="1"/><D96/><REACH who="0" ten="240,250,250,250" step="2"/><U91/><E91/><V17/><REACH who="2" step="1"/><F105/><REACH who="2" ten="240,250,240,250" step="2"/><W122/><G79/><T30/><D30/><U11/><E76/><V2/><F2/><W16/><G122/><T20/><AGARI ba="0,2" hai="15,18,20,46,50,55,80,85,89,94,98,100,112,115" machi="20" ten="20,7800,0" yaku="1,1,0,1,7,1,53,1" doraHai="52" doraHaiUra="14" who="0" fromWho="0" sc="240,98,250,-26,240,-26,250,-26" /><INIT seed="0,1,0,3,5,32" ten="338,224,214,224" oya="0" hai0="31,24,10,122,109,66,114,17,107,20,108,99,89" hai1="8,26,126,123,49,106,131,3,115,41,40,67,38" hai2="70,28,128,74,29,42,111,52,5,104,87,57,100" hai3="77,95,50,60,94,12,69,64,116,97,30,14,112"/><T35/><D114/><U124/><E106/><V71/><F74/><W82/><G112/><T102/><D122/><U72/><E72/><V22/><F42/><W135/><G116/><T110/><D66/><U63/><E26/><V121/><F111/><W83/><G135/><T6/><D89/><U43/><E8/><V23/><F128/><W47/><G30/><T18/><REACH who="0" step="1"/><D35/><REACH who="0" ten="328,224,214,224" step="2"/><U91/><E67/><V65/><F65/><W132/><G132/><T81/><D81/><U105/><E91/><V15/><F121/><W127/><G82/><T118/><D118/><U61/><E115/><V101/><F71/><W133/><G83/><T120/><D120/><U56/><E123/><V54/><F70/><W98/><G77/><T62/><D62/><U46/><E63/><V11/><F101/><W117/><G117/><T113/><D113/><U75/><E61/><V7/><F100/><W134/><G60/><T96/><D96/><U44/><E38/><V79/><F79/><W86/><G64/><T125/><D125/><U68/><E68/><V119/><F119/><W88/><G127/><T78/><D78/><U92/><E126/><V2/><F87/><N who="3" m="52511" /><G69/><T130/><D130/><U25/><E124/><V93/><F29/><W58/><G134/><T1/><AGARI ba="1,1" hai="1,6,10,17,18,20,24,31,99,102,107,108,109,110" machi="1" ten="30,18000,2" yaku="1,1,0,1,14,1,10,1,52,1,53,2" doraHai="32" doraHaiUra="13" who="0" fromWho="0" sc="328,193,224,-61,214,-61,224,-61" /><INIT seed="0,2,0,5,5,85" ten="521,163,153,163" oya="0" hai0="71,16,34,1,109,61,17,82,39,118,112,83,38" hai1="79,100,22,49,128,77,135,64,10,68,24,101,33" hai2="105,110,42,66,86,15,43,18,81,44,75,0,7" hai3="63,11,12,70,78,125,48,72,5,103,51,89,90"/><T115/><D118/><U108/><E108/><V116/><F105/><W104/><G51/><T60/><D34/><U54/><E135/><V93/><F75/><W40/><G72/><T30/><D30/><U36/><E36/><V96/><F0/><W57/><G78/><T65/><D65/><U21/><E128/><V45/><F7/><W129/><G129/><T50/><D50/><U121/><E121/><V55/><F66/><W56/><G70/><T74/><D74/><U59/><E10/><V111/><F55/><W102/><G125/><T25/><D25/><U23/><E33/><V122/><F122/><W91/><G104/><T134/><D109/><N who="2" m="41482" /><F116/><W133/><G133/><T99/><D99/><U4/><E4/><V130/><F130/><W98/><G98/><T62/><D1/><U52/><E64/><V113/><F113/><N who="0" m="43594" /><D71/><U76/><E68/><V28/><F28/><W132/><G132/><T126/><D126/><U9/><E24/><V131/><F131/><W20/><G20/><T46/><D46/><N who="2" m="18026" /><F15/><W127/><G127/><T37/><D134/><U123/><E123/><V32/><F32/><W13/><G13/><T19/><AGARI ba="2,0" hai="16,17,19,37,38,39,60,61,62,82,83" m="43594" machi="19" ten="50,12000,1" yaku="29,2,28,2,54,1" doraHai="85" who="0" fromWho="0" sc="521,126,163,-42,153,-42,163,-42" /><INIT seed="0,3,0,0,5,82" ten="647,121,111,121" oya="0" hai0="78,119,52,2,15,117,113,21,42,55,75,93,30" hai1="0,135,122,112,18,66,95,88,56,43,124,40,97" hai2="10,31,54,8,89,84,94,126,9,44,60,7,90" hai3="58,26,39,28,98,83,108,107,103,106,36,91,114"/><T53/><D2/><U111/><E0/><V101/><F126/><W80/><G114/><T37/><D113/><U104/><E111/><V96/><F31/><W50/><G107/><T35/><D35/><U71/><E71/><V48/><F60/><W74/><G83/><T33/><D33/><U13/><E124/><V128/><F128/><W133/><G108/><T34/><D34/><U69/><E69/><V64/><F64/><W116/><G116/><T109/><D109/><U20/><E135/><V105/><REACH who="2" step="1"/><F90/><REACH who="2" ten="647,121,101,121" step="2"/><W5/><G133/><T118/><D30/><U67/><E122/><V25/><F25/><W27/><G27/><T130/><D130/><U102/><E112/><V6/><AGARI ba="3,1" hai="6,7,8,9,10,44,48,54,84,89,94,96,101,105" machi="6" ten="30,4000,0" yaku="1,1,0,1,52,1,53,0" doraHai="82" doraHaiUra="68" who="2" fromWho="2" sc="647,-23,121,-13,101,59,121,-13" /><INIT seed="1,0,0,1,5,117" ten="624,108,160,108" oya="1" hai0="125,53,58,46,90,64,96,63,54,121,94,80,107" hai1="100,59,20,123,116,15,124,25,119,105,129,1,82" hai2="5,70,120,133,7,89,68,27,48,28,22,34,57" hai3="9,109,33,101,104,114,78,0,36,134,21,126,50"/><U127/><E1/><V47/><F120/><W35/><G50/><T31/><D125/><N who="1" m="48203" /><E129/><V67/><F133/><W84/><G78/><T37/><D121/><U23/><E82/><V93/><F34/><W16/><G84/><T135/><D135/><U8/><E59/><V103/><F70/><W10/><G101/><T51/><D37/><U45/><E45/><V18/><F68/><W73/><G16/><T61/><D31/><N who="1" m="17831" /><E100/><V97/><F18/><W62/><G21/><T122/><D122/><U106/><E23/><V86/><F57/><W2/><G62/><T44/><D107/><N who="1" m="40971" /><E123/><V71/><F71/><W19/><G104/><T128/><D128/><U32/><E32/><V43/><REACH who="2" step="1"/><F67/><REACH who="2" ten="624,108,150,108" step="2"/><W110/><G35/><T41/><D64/><U131/><E131/><V13/><F13/><W42/><G33/><T17/><D58/><U69/><E69/><V130/><F130/><W76/><G134/><T74/><D61/><U39/><E39/><V14/><F14/><W77/><G36/><T85/><D63/><U55/><E119/><V29/><F29/><W24/><G126/><T92/><D46/><U12/><E116/><V11/><F11/><W60/><G10/><T65/><D65/><U111/><E8/><V83/><AGARI ba="0,1" hai="5,7,22,27,28,43,47,48,83,86,89,93,97,103" machi="83" ten="20,5200,0" yaku="1,1,0,1,7,1,8,1,53,0" doraHai="117" doraHaiUra="115" who="2" fromWho="2" sc="624,-13,108,-26,150,62,108,-13" /><INIT seed="2,0,0,5,1,64" ten="611,82,212,95" oya="2" hai0="93,35,9,117,44,107,20,82,134,135,11,4,104" hai1="125,58,15,80,89,109,108,127,62,59,90,83,37" hai2="30,1,24,70,105,53,75,28,3,7,71,67,126" hai3="43,95,79,114,6,21,121,61,45,85,52,39,51"/><V47/><F30/><W41/><G121/><T57/><D35/><U112/><E37/><V46/><F53/><W13/><G114/><T103/><D82/><N who="1" m="31275" /><E15/><V49/><F126/><N who="1" m="48137" /><E62/><V111/><F105/><W87/><G79/><T77/><D104/><U132/><E132/><V68/><F67/><W55/><G39/><T92/><D93/><U120/><E120/><V97/><F75/><W54/><G95/><T56/><D77/><U130/><E130/><V110/><F97/><W91/><G43/><T86/><D86/><N who="3" m="32777" /><G91/><N who="1" m="34826" /><E112/><V116/><F116/><W10/><G21/><T19/><D44/><N who="2" m="16938" /><F49/><W124/><G124/><T14/><D107/><U22/><E22/><N who="2" m="15383" /><F7/><W123/><G123/><T84/><D84/><U133/><E133/><V27/><F27/><W29/><G29/><T33/><D117/><U73/><E73/><V72/><F72/><W38/><G38/><T81/><D81/><U48/><E48/><V17/><F17/><W74/><G74/><T36/><D19/><U102/><E102/><V2/><F2/><W18/><G18/><T119/><D4/><U34/><E34/><V99/><F99/><W8/><G8/><T115/><D9/><U50/><E50/><V101/><F101/><W96/><G96/><N who="0" m="59783" /><D36/><U128/><E128/><V100/><F100/><W98/><G98/><T94/><D33/><U131/><E131/><V0/><F0/><W76/><G76/><T31/><D115/><U23/><E23/><V26/><F26/><W25/><G25/><N who="0" m="16807" /><D119/><U16/><E16/><V63/><F63/><AGARI ba="0,0" hai="6,10,13,41,45,51,52,54,55,61,63" m="32777" machi="63" ten="30,2000,0" yaku="8,1,54,1" doraHai="64" who="3" fromWho="2" sc="611,0,82,0,212,-20,95,20" /><INIT seed="3,0,0,1,0,39" ten="611,82,192,115" oya="3" hai0="29,93,92,70,14,42,30,12,31,64,41,106,0" hai1="17,91,116,111,7,23,97,8,73,37,133,4,114" hai2="55,5,102,63,103,15,16,25,13,105,58,19,110" hai3="24,135,124,10,98,21,82,112,50,45,2,75,38"/><W90/><G112/><T78/><D78/><U118/><E73/><V96/><F110/><W68/><G38/><T101/><D101/><U6/><E37/><V108/><F108/><W113/><G113/><T32/><D0/><U18/><E97/><V3/><F3/><W44/><G68/><T99/><D99/><U94/><E94/><N who="0" m="36457" /><D70/><U120/><E91/><V132/><F132/><W126/><G135/><T36/><D36/><U117/><E111/><V66/><F5/><N who="1" m="2153" /><E114/><V54/><F25/><W128/><G98/><T88/><D88/><U62/><E62/><V65/><F105/><W129/><G10/><T22/><D22/><U34/><E133/><V119/><F119/><W115/><G2/><T60/><D60/><U77/><E77/><V35/><F35/><W52/><G45/><T125/><D106/><U56/><E56/><V9/><F96/><W122/><G115/><T57/><D57/><U26/><E120/><V51/><F103/><W100/><G100/><T84/><D84/><U121/><E121/><V104/><F104/><W134/><G122/><T1/><D1/><N who="1" m="111" /><E34/><V28/><F102/><W61/><G61/><T85/><D85/><U86/><E86/><V131/><F66/><W87/><G75/><T83/><D83/><U107/><E107/><V67/><F67/><W11/><G11/><T59/><D32/><U123/><E123/><V74/><F74/><W95/><G82/><T43/><D125/><N who="3" m="48233" /><G134/><T109/><D109/><U49/><E49/><V71/><F71/><W53/><G53/><T76/><D76/><U81/><E81/><V48/><F65/><RYUUKYOKU ba="0,0" sc="611,10,82,10,192,-30,115,10" hai0="12,14,29,30,31,41,42,43,59,64" hai1="17,18,23,26,116,117,118" hai3="21,24,44,50,52,87,90,95,128,129" /><INIT seed="3,1,0,4,0,1" ten="621,92,162,125" oya="3" hai0="14,46,23,88,69,83,107,42,96,121,34,76,93" hai1="25,92,109,84,124,104,53,131,113,117,18,44,54" hai2="9,5,78,70,100,27,97,119,72,99,89,61,68" hai3="2,67,87,132,15,110,105,81,116,24,74,77,13"/><W31/><G116/><T38/><D69/><U98/><E113/><V126/><F119/><W48/><G105/><T33/><D121/><U95/><E104/><V86/><F126/><W80/><G132/><T28/><D107/><U20/><E124/><V0/><F78/><W101/><G101/><T62/><D62/><U65/><E131/><V55/><F72/><W6/><G67/><T82/><D83/><U37/><E65/><V66/><F70/><W79/><G48/><T134/><D134/><U103/><E109/><V36/><F36/><W19/><G19/><T16/><D28/><U8/><E117/><V7/><F27/><W114/><G114/><T41/><D42/><U111/><E111/><V49/><F7/><W30/><G30/><T32/><D34/><U125/><E125/><V58/><REACH who="2" step="1"/><F100/><REACH who="2" ten="621,92,152,125" step="2"/><W10/><G110/><T115/><D115/><U127/><E127/><V85/><F85/><AGARI ba="1,1" hai="14,16,23,32,33,38,41,46,76,82,85,88,93,96" machi="85" ten="30,3900,0" yaku="7,1,54,2" doraHai="1" who="0" fromWho="2" sc="621,52,92,0,152,-42,125,0" /><INIT seed="4,0,0,4,3,106" ten="673,92,110,125" oya="0" hai0="104,30,48,77,103,118,45,7,11,61,35,96,32" hai1="47,3,76,57,58,79,93,92,44,53,82,55,89" hai2="68,9,72,108,26,28,22,50,19,65,134,25,70" hai3="91,62,90,41,34,95,10,112,16,109,67,38,83"/><T101/><D118/><U15/><E3/><V42/><F108/><W63/><G109/><T60/><D103/><U116/><E116/><V33/><F134/><W126/><G112/><T20/><D20/><U66/><E66/><V27/><F27/><W85/><G126/><T105/><D104/><U13/><E82/><V39/><F39/><W111/><G111/><T6/><D6/><U128/><E128/><V122/><F122/><W78/><G38/><T37/><D37/><U99/><E99/><V86/><F86/><W4/><G41/><T119/><D119/><U127/><E127/><V132/><F132/><W115/><G115/><T125/><D77/><U69/><REACH who="1" step="1"/><E69/><REACH who="1" ten="673,82,110,125" step="2"/><V94/><F70/><W14/><G34/><T36/><D35/><U131/><E131/><V81/><F68/><W24/><G67/><T98/><D32/><U43/><E43/><V18/><F65/><W1/><G24/><T59/><D98/><U120/><E120/><V84/><F26/><W117/><G117/><T74/><D96/><U97/><E97/><V135/><F135/><W107/><G107/><T29/><D105/><U2/><E2/><V75/><F33/><W40/><G40/><T21/><D125/><U113/><E113/><V5/><F94/><W64/><G64/><T0/><D0/><U121/><E121/><V46/><F84/><W54/><G54/><T51/><D101/><U52/><E52/><V110/><F110/><W73/><REACH who="3" step="1"/><G91/><AGARI ba="0,1" hai="13,15,44,47,53,55,57,58,76,79,89,91,92,93" machi="91" ten="25,6400,0" yaku="1,1,22,2,8,1,53,0" doraHai="106" doraHaiUra="71" who="1" fromWho="3" sc="673,0,82,74,110,0,125,-64" /><INIT seed="5,0,0,1,2,99" ten="673,156,110,61" oya="1" hai0="37,66,61,118,52,24,31,81,59,112,102,95,49" hai1="73,107,119,14,38,80,29,19,114,12,87,124,108" hai2="64,67,127,42,41,10,86,13,51,2,96,7,117" hai3="0,126,9,135,62,6,34,90,106,54,123,104,5"/><U35/><E38/><V111/><F111/><W25/><G123/><T11/><D112/><U97/><E73/><V17/><F117/><W84/><G126/><T55/><D37/><U68/><E68/><V101/><F127/><W58/><G6/><T72/><D118/><U47/><E119/><V75/><F75/><W103/><G135/><T132/><D132/><U18/><E124/><V48/><F86/><W74/><G74/><T20/><D11/><U26/><E114/><V110/><F110/><W71/><G71/><T125/><D125/><U70/><E47/><V28/><F28/><W50/><G34/><T92/><D55/><U78/><E70/><V15/><F2/><W115/><G115/><T3/><D3/><U93/><E107/><V63/><F42/><W53/><G25/><T77/><D102/><U39/><E39/><V21/><F41/><W88/><G90/><T45/><AGARI ba="0,0" hai="20,24,31,45,49,52,59,61,66,72,77,81,92,95" machi="45" ten="20,2700,0" yaku="0,1,7,1,54,1" doraHai="99" who="0" fromWho="0" sc="673,27,156,-13,110,-7,61,-7" /><INIT seed="6,0,0,0,0,109" ten="700,143,103,54" oya="2" hai0="126,28,50,116,88,118,40,21,104,36,11,128,105" hai1="76,4,60,29,69,33,52,127,67,97,93,6,15" hai2="59,74,44,35,58,89,12,111,72,80,37,124,108" hai3="17,70,77,19,20,9,16,91,65,130,14,123,81"/><V102/><F35/><W131/><G123/><T86/><D36/><U113/><E113/><V48/><F102/><W61/><G91/><T53/><D40/><U94/><E127/><V98/><F37/><W34/><G34/><T47/><D128/><U84/><E33/><V99/><F12/><W64/><G65/><T3/><D126/><U66/><E67/><V30/><F30/><W31/><G31/><T43/><D43/><U22/><E29/><V92/><F124/><W32/><G32/><T8/><D104/><U96/><E84/><V112/><F99/><W106/><G106/><T132/><D132/><U73/><E76/><N who="2" m="44039" /><F74/><W63/><G63/><T13/><D105/><U100/><E73/><V78/><F112/><W49/><G49/><T54/><D54/><U1/><E1/><V110/><F78/><W117/><G117/><N who="0" m="45163" /><D3/><U107/><E107/><V85/><F98/><W114/><G114/><T120/><D120/><U121/><E121/><V82/><F82/><W56/><G70/><T79/><D79/><U45/><E69/><V39/><F39/><W24/><REACH who="3" step="1"/><G17/><REACH who="3" ten="700,143,103,44" step="2"/><N who="0" m="10415" /><D28/><U90/><E4/><V51/><F51/><W95/><G95/><AGARI ba="0,1" hai="8,11,47,50,53,86,88,95" m="10415,45163" machi="95" ten="30,2000,0" yaku="12,1,54,1" doraHai="109" who="0" fromWho="3" sc="700,30,143,0,103,0,44,-20" /><INIT seed="7,0,0,0,4,13" ten="730,143,103,24" oya="3" hai0="100,38,42,117,102,8,36,113,59,22,106,75,134" hai1="119,72,84,0,89,79,27,90,28,61,32,45,85" hai2="70,65,92,109,48,131,74,46,122,30,15,64,129" hai3="69,94,135,3,103,118,123,83,91,19,71,125,43"/><W108/><G118/><T111/><D75/><U52/><E0/><V120/><F109/><W40/><G123/><N who="2" m="47145" /><F74/><W67/><G3/><T130/><D111/><U17/><E72/><V82/><F82/><W54/><G108/><T128/><D59/><U132/><E79/><V96/><F30/><W99/><G54/><T105/><D22/><U86/><E132/><V60/><F15/><W51/><G135/><T115/><D8/><U35/><E119/><V107/><F107/><W98/><G83/><T41/><D134/><U26/><E45/><V25/><F25/><W49/><G49/><T29/><D29/><U37/><E37/><V5/><F5/><W6/><G6/><T16/><D16/><U7/><E17/><V1/><F65/><W110/><G110/><T101/><D101/><U112/><E112/><V11/><F11/><W47/><G67/><T95/><D95/><U73/><E73/><V93/><F1/><W44/><G19/><T80/><D80/><U14/><E14/><V78/><F78/><W133/><G133/><T50/><D50/><U66/><E7/><V10/><F10/><W18/><G18/><T20/><D20/><U33/><E28/><V23/><F23/><W114/><G114/><T24/><D24/><U63/><E66/><V126/><F126/><W31/><G31/><T56/><D56/><U104/><E104/><V58/><F58/><W121/><G121/><T97/><D97/><U124/><E124/><V55/><F96/><W53/><G125/><T62/><D62/><U127/><E127/><V57/><F57/><W81/><G69/><RYUUKYOKU ba="0,0" sc="730,15,143,-15,103,15,24,-15" hai0="36,38,41,42,100,102,105,106,113,115,117,128,130" hai2="46,48,55,60,64,70,92,93,129,131" owari="745,84.0,128,-7.0,118,-28.0,9,-49.0" /></mjloggm>