<mjloggm ver="2.3"><GO type="41" lobby="0"/><UN n0="%E6%96%B0%E6%B5%B7%E8%AA%A0" n1="%E2%93%9D%53%75%70%68%78" n2="%E3%83%A9%E3%83%BB%E3%83%A0%E3%83%BC" n3="%68%69%74%74%69%65" dan="15,17,15,15" rate="2008.34,2048.30,2000.31,2045.61" sx="M,M,M,M"/><TAIKYOKU oya="0"/><INIT seed="0,0,0,5,0,25" ten="250,250,250,250" oya="0" hai0="6,63,77,83,60,48,108,27,114,121,47,122,28" hai1="44,37,57,95,45,12,18,93,50,87,52,99,76" hai2="94,92,11,9,53,41,116,0,20,26,81,1,124" hai3="125,43,35,133,7,105,72,33,56,132,32,117,128"/><T59/><D114/><U102/><E37/><V84/><F124/><W5/><G125/><T96/><D6/><N who="3" m="2057" /><G72/><T135/><D135/><N who="3" m="51785" /><G105/><T3/><D3/><U46/><E76/><N who="2" m="46119" /><F41/><W49/><G117/><T79/><D108/><U39/><E39/><V127/><F127/><W82/><G82/><T85/><D96/><U67/><E67/><V91/><F0/><W119/><G119/><T10/><D10/><N who="2" m="3594" /><F1/><W112/><G112/><T24/><D121/><U100/><E87/><V106/><F106/><W120/><G120/><T110/><D110/><U101/><REACH who="1" step="1"/><E99/><REACH who="1" ten="250,240,250,250" step="2"/><V8/><F116/><W14/><G128/><T78/><D85/><U29/><E29/><V97/><F97/><W75/><G75/><T73/><D28/><U58/><E58/><V36/><F36/><W19/><G56/><T134/><D59/><U13/><E13/><V123/><F123/><W51/><G14/><T89/><D134/><U40/><E40/><V55/><F55/><W22/><G43/><N who="0" m="24703" /><D73/><U74/><E74/><V118/><F53/><W23/><G19/><T107/><D122/><U70/><E70/><V115/><F115/><W62/><G62/><T126/><D78/><U42/><E42/><V69/><F118/><W104/><G104/><T30/><D107/><U131/><E131/><V80/><F69/><W111/><G111/><T68/><D79/><U4/><E4/><V31/><F8/><AGARI ba="0,1" hai="8,12,18,44,45,46,50,52,57,93,95,100,101,102" machi="8" ten="40,5200,0" yaku="1,1,8,1,54,1,53,0" doraHai="25" doraHaiUra="113" who="1" fromWho="2" sc="250,0,240,62,250,-52,250,0" /><INIT seed="1,0,0,1,1,28" ten="250,302,198,250" oya="1" hai0="76,126,102,37,16,4,34,45,6,58,61,36,115" hai1="20,51,113,42,122,98,0,11,53,91,63,112,123" hai2="24,96,5,85,72,134,127,73,75,60,33,40,67" hai3="59,54,46,22,107,7,44,12,104,14,86,117,119"/><U114/><E20/><V94/><F134/><W77/><G7/><T17/><D115/><U82/><E82/><V130/><F130/><W69/><G69/><T43/><D37/><U39/><E98/><V106/><F127/><W93/><G93/><T108/><D108/><U52/><E11/><V38/><F5/><W23/><G86/><T62/><D76/><U111/><E91/><V97/><F85/><W35/><G59/><T132/><D132/><U79/><E0/><V84/><F84/><W103/><G54/><N who="1" m="21098" /><E79/><V92/><F96/><W13/><G77/><T29/><D6/><U65/><E51/><V120/><F94/><W83/><G83/><T64/><D102/><U55/><E55/><V110/><F92/><W1/><G1/><T27/><D4/><U95/><E95/><V3/><F3/><W133/><G133/><T49/><D126/><U48/><E48/><V2/><F2/><W105/><G103/><T118/><D49/><U18/><E18/><V124/><F106/><W57/><G57/><T26/><D26/><U66/><E111/><V47/><F97/><W109/><G35/><T135/><D135/><U56/><E66/><V10/><F110/><W9/><G9/><T21/><D21/><N who="3" m="7689" /><G109/><T131/><D64/><U87/><E87/><V70/><F124/><W99/><G99/><T116/><D34/><U25/><E25/><V129/><F10/><W90/><G90/><T30/><D27/><U41/><E39/><V121/><F129/><W71/><G71/><T15/><D36/><U88/><E88/><V100/><F100/><W89/><G89/><RYUUKYOKU ba="0,0" sc="250,-30,302,10,198,10,250,10" hai1="41,42,56,63,65,112,113,114,122,123" hai2="24,33,38,40,47,60,67,70,72,73,75,120,121" hai3="12,13,14,44,46,104,105,107,117,119" /><INIT seed="1,1,0,3,4,94" ten="220,312,208,260" oya="1" hai0="86,115,88,62,4,61,112,56,34,28,21,25,129" hai1="33,3,45,27,76,105,134,121,99,57,11,69,77" hai2="1,72,101,135,126,111,108,113,130,29,19,100,79" hai3="38,41,116,93,64,32,48,59,2,26,54,123,66"/><U78/><E121/><V81/><F1/><W120/><G2/><T44/><D129/><U30/><E134/><V70/><F70/><W53/><G93/><T5/><D62/><U89/><E69/><V117/><F29/><W103/><G103/><T7/><D44/><U47/><E57/><V8/><F117/><W67/><G26/><T124/><D124/><U43/><E89/><V60/><F135/><W68/><G32/><T98/><D34/><U23/><E33/><V13/><F130/><W97/><G97/><T14/><D98/><U104/><E47/><V36/><F36/><W82/><G82/><T114/><D14/><U42/><E99/><V46/><F113/><W12/><G12/><T22/><D22/><U96/><E96/><V122/><F122/><N who="3" m="46635" /><G116/><T80/><REACH who="0" step="1"/><D112/><REACH who="0" ten="210,312,208,260" step="2"/><U106/><E45/><V58/><F126/><W128/><G128/><T90/><D90/><U109/><E3/><V74/><F46/><N who="3" m="23863" /><G53/><AGARI ba="1,1" hai="4,5,7,21,25,28,53,56,61,80,86,88,114,115" machi="53" ten="40,2600,0" yaku="1,1,54,1,53,0" doraHai="94" doraHaiUra="73" who="0" fromWho="3" sc="210,39,312,0,208,0,260,-29" /><INIT seed="2,0,0,1,2,114" ten="249,312,208,231" oya="2" hai0="72,69,71,64,79,62,101,134,65,40,23,25,49" hai1="80,104,67,51,91,58,39,73,121,38,130,27,35" hai2="89,43,95,88,11,77,30,19,20,22,98,70,94" hai3="31,34,127,56,128,122,107,131,63,93,83,132,133"/><V45/><F70/><W10/><G107/><T41/><D134/><N who="3" m="51817" /><G122/><T2/><D2/><U115/><E115/><V129/><F129/><N who="3" m="49739" /><G93/><T102/><D72/><U52/><E104/><V28/><F77/><W81/><G10/><T99/><D79/><U123/><E130/><V118/><F118/><W4/><G4/><T18/><D49/><U90/><E39/><V9/><F98/><W3/><G3/><T125/><D125/><U1/><E38/><V84/><F45/><W24/><G127/><T112/><D112/><U16/><E1/><V108/><F43/><W53/><AGARI ba="0,0" hai="24,31,34,53,56,63,81,83" m="49739,51817" machi="53" ten="30,2000,0" yaku="20,1,19,1" doraHai="114" who="3" fromWho="3" sc="249,-5,312,-5,208,-10,231,20" /><INIT seed="3,0,0,4,0,100" ten="244,307,198,251" oya="3" hai0="36,17,59,105,51,84,97,76,26,43,104,85,129" hai1="133,47,32,74,87,4,5,114,118,42,115,124,126" hai2="7,99,96,134,120,8,3,71,68,2,39,44,77" hai3="113,14,90,56,102,67,48,40,49,64,41,81,83"/><W110/><G113/><T94/><D36/><U57/><E74/><V35/><F134/><W53/><G102/><T54/><D43/><U18/><E32/><V45/><F120/><W101/><G101/><T88/><D129/><U73/><E73/><V52/><F35/><W22/><G110/><T60/><D51/><U123/><E123/><V13/><F77/><W12/><G22/><N who="0" m="13647" /><D76/><U132/><E57/><V135/><F135/><N who="1" m="51785" /><E87/><AGARI ba="0,0" hai="54,59,60,84,85,87,88,94,97,104,105" m="13647" machi="87" ten="30,7700,0" yaku="25,1,52,2,54,1" doraHai="100" who="0" fromWho="1" sc="244,77,307,-77,198,0,251,0" /><INIT seed="4,0,0,2,0,84" ten="321,230,198,251" oya="0" hai0="25,112,70,18,121,117,11,89,66,54,92,45,33" hai1="60,126,3,65,91,24,58,133,93,4,69,82,21" hai2="42,40,98,37,73,61,103,38,99,36,110,12,72" hai3="134,130,17,41,31,16,7,74,5,122,123,22,118"/><T26/><D117/><U59/><E133/><V119/><F110/><W46/><G74/><T23/><D121/><N who="3" m="46089" /><G118/><T113/><D66/><U28/><E126/><V2/><F2/><W80/><G134/><T88/><D92/><U50/><E82/><V135/><F119/><W90/><G31/><N who="0" m="19695" /><D70/><U0/><E4/><N who="3" m="1610" /><G130/><T47/><D11/><U77/><E77/><V116/><F135/><W124/><G124/><T96/><D96/><U49/><E69/><V85/><F116/><W56/><G56/><T86/><D86/><U81/><E59/><V87/><F61/><W1/><G1/><T68/><D68/><U125/><E125/><V29/><F38/><N who="3" m="21815" /><G22/><T76/><D76/><U15/><E3/><V131/><F131/><W97/><G80/><T71/><D71/><U19/><E81/><V109/><F109/><W78/><G78/><T114/><D47/><U132/><E132/><V51/><F51/><AGARI ba="0,0" hai="18,23,26,45,51,54,88,89,112,113,114" m="19695" machi="51" ten="30,11600,0" yaku="15,1,52,2,54,1" doraHai="84" who="0" fromWho="2" sc="321,116,230,0,198,-116,251,0" /><INIT seed="4,1,0,3,2,83" ten="437,230,82,251" oya="0" hai0="14,27,109,16,51,82,30,67,94,90,89,92,58" hai1="108,119,34,42,66,114,77,47,40,63,116,52,107" hai2="124,49,26,98,68,13,128,29,103,115,38,15,110" hai3="23,36,6,65,133,62,57,132,46,48,10,44,86"/><T2/><D2/><U121/><E77/><V118/><F110/><W12/><G36/><T35/><D109/><U9/><E34/><V125/><F38/><W45/><G23/><T106/><D106/><U56/><E107/><V21/><F68/><W80/><REACH who="3" step="1"/><G48/><REACH who="3" ten="437,230,82,241" step="2"/><T111/><D51/><U129/><E108/><V95/><F118/><W134/><G134/><T3/><D35/><U91/><E119/><V61/><F128/><W71/><G71/><T78/><D111/><U59/><E129/><V113/><F49/><W28/><G28/><T97/><D30/><U0/><E116/><V50/><F50/><W4/><G4/><T123/><D123/><U11/><E121/><V87/><F115/><W112/><G112/><T31/><D31/><U53/><E114/><V32/><F113/><W102/><G102/><T72/><D58/><U127/><E59/><V43/><F32/><W69/><G69/><T41/><D41/><U79/><E42/><V33/><F33/><W101/><G101/><T81/><D67/><U73/><E66/><V99/><F43/><W135/><G135/><T60/><D60/><U54/><E63/><V64/><F61/><W24/><G24/><T126/><D27/><U100/><E56/><V20/><F64/><W93/><G93/><T19/><D94/><U22/><E40/><V70/><F70/><W37/><G37/><T5/><D5/><U117/><E117/><V88/><F20/><W18/><G18/><T105/><D19/><U17/><E17/><V76/><F103/><W75/><G75/><T96/><D72/><U25/><E73/><RYUUKYOKU ba="1,1" sc="437,-10,230,-10,82,-10,241,30" hai3="6,10,12,44,45,46,57,62,65,80,86,132,133" /><INIT seed="5,2,1,5,4,8" ten="427,220,72,271" oya="1" hai0="73,96,34,24,72,43,19,75,76,39,59,134,81" hai1="69,31,7,111,26,61,13,46,130,11,14,40,119" hai2="91,9,132,95,86,10,80,49,122,29,129,45,23" hai3="2,107,126,22,27,28,108,121,38,51,114,20,67"/><U93/><E119/><V18/><F122/><W112/><G38/><T113/><D59/><U4/><E130/><V131/><F132/><W65/><G121/><T66/><D66/><N who="3" m="25097" /><G108/><T115/><D134/><U3/><E111/><V37/><F37/><W118/><G107/><T1/><D1/><U36/><E7/><V83/><F131/><W42/><G118/><T89/><D89/><U71/><E93/><V41/><F129/><W0/><G126/><T135/><D96/><U109/><E109/><V92/><F80/><W110/><G110/><T58/><D58/><U94/><E94/><V56/><F29/><W6/><G6/><T12/><D34/><U82/><E61/><V16/><F56/><W17/><G51/><T101/><D39/><U78/><E71/><V57/><F57/><W105/><G42/><T106/><D43/><U88/><E88/><V124/><F124/><W64/><G64/><T50/><D50/><U35/><REACH who="1" step="1"/><E69/><REACH who="1" ten="427,210,72,271" step="2"/><V97/><F92/><W25/><G105/><T127/><D106/><U120/><E120/><V125/><F125/><W104/><G104/><T85/><D127/><U133/><E133/><V100/><REACH who="2" step="1"/><F18/><REACH who="2" ten="427,210,62,271" step="2"/><W62/><G17/><T55/><D19/><U123/><E123/><V54/><F54/><W63/><G28/><T60/><D55/><U47/><E47/><V102/><F102/><W44/><G44/><T52/><D52/><U33/><E33/><V70/><F70/><W74/><G63/><T84/><D60/><U90/><E90/><V68/><F68/><W32/><G62/><T117/><D101/><U30/><E30/><RYUUKYOKU ba="2,3" sc="427,-15,210,15,62,15,271,-15" hai1="3,4,11,13,14,26,31,35,36,40,46,78,82" hai2="9,10,16,23,41,45,49,83,86,91,95,97,100" /><INIT seed="5,3,3,5,4,98" ten="412,225,77,256" oya="1" hai0="33,61,115,44,58,133,2,122,131,110,71,75,24" hai1="78,76,117,109,96,46,112,121,25,91,43,97,66" hai2="99,72,47,90,13,8,70,108,45,4,36,106,28" hai3="94,48,128,95,1,16,42,19,11,30,119,35,85"/><U52/><E117/><V89/><F108/><W56/><G119/><T53/><RYUUKYOKU type="yao9" ba="3,3" sc="412,0,225,0,77,0,256,0" hai0="2,24,33,44,53,58,61,71,75,110,115,122,131,133" /><INIT seed="5,4,3,5,2,101" ten="412,225,77,256" oya="1" hai0="131,124,50,125,53,32,48,38,97,123,23,74,66" hai1="87,78,25,127,29,11,77,6,46,80,67,108,9" hai2="62,59,85,122,41,86,129,3,118,104,56,120,17" hai3="105,39,98,52,31,76,60,107,57,21,7,99,12"/><U42/><E127/><N who="0" m="48713" /><D74/><U10/><E108/><V106/><F118/><W40/><G76/><T134/><D32/><U113/><E113/><V117/><F117/><W58/><G39/><T130/><D123/><U16/><E67/><V30/><F3/><W0/><G40/><T92/><D38/><U83/><E6/><V51/><F30/><W93/><G0/><T61/><D23/><N who="1" m="15551" /><E46/><V84/><F129/><N who="0" m="49162" /><D53/><U114/><E114/><V96/><F17/><W54/><G31/><T89/><D134/><U35/><E35/><V81/><F81/><W27/><G27/><T110/><D110/><U103/><E42/><V64/><F96/><W100/><G98/><T47/><D47/><U1/><E1/><V22/><F22/><W8/><G21/><T72/><D72/><U13/><E103/><V68/><F68/><AGARI ba="4,3" hai="48,50,61,66,68,89,92,97" m="49162,48713" machi="68" ten="30,2000,0" yaku="18,1,19,1" doraHai="101" who="0" fromWho="2" sc="412,62,225,0,77,-32,256,0" /><INIT seed="6,0,0,5,0,32" ten="474,225,45,256" oya="2" hai0="80,83,75,106,18,121,51,5,4,11,87,89,0" hai1="73,71,20,19,118,99,63,22,113,93,55,6,54" hai2="28,17,60,30,117,116,53,76,94,92,84,65,77" hai3="3,69,115,97,88,42,134,9,126,31,112,129,23"/><V45/><F117/><W59/><G69/><T101/><D101/><U105/><E73/><V110/><F116/><W8/><G126/><T111/><D5/><U124/><E105/><V40/><F110/><W131/><G42/><T56/><D106/><U34/><E113/><N who="3" m="43594" /><G134/><T109/><D121/><U24/><E34/><V21/><F53/><W70/><G70/><T36/><D36/><U62/><E6/><V13/><F30/><W120/><G120/><T104/><D104/><U47/><E124/><V91/><F28/><W79/><G79/><T86/><D18/><U114/><E71/><V103/><F94/><N who="3" m="56519" /><G59/><T46/><D56/><U119/><E114/><V16/><F103/><W125/><G125/><T132/><D132/><U107/><E107/><V98/><F98/><W15/><G3/><T90/><D75/><U67/><E119/><V81/><F81/><W1/><G1/><T78/><D78/><U66/><E118/><V35/><F17/><N who="3" m="10687" /><G31/><T26/><D26/><U135/><E135/><V43/><F35/><W52/><G52/><AGARI ba="0,0" hai="0,4,11,46,51,52,80,83,86,87,89,90,109,111" machi="52" ten="30,7700,0" yaku="7,1,9,1,52,1,54,1" doraHai="32" who="0" fromWho="3" sc="474,77,225,0,45,0,256,-77" /><INIT seed="7,0,0,2,4,66" ten="551,225,45,179" oya="3" hai0="61,49,46,59,15,77,71,48,62,111,125,22,13" hai1="42,67,33,120,94,103,69,68,96,14,65,118,52" hai2="115,119,76,78,20,1,91,70,44,6,24,12,117" hai3="64,131,37,0,31,87,84,26,116,99,135,27,35"/><W51/><G116/><T72/><D111/><U81/><E42/><V25/><F115/><W88/><G37/><T23/><D71/><U105/><E33/><V130/><F130/><W5/><G135/><T134/><D72/><U41/><E41/><V132/><F1/><W127/><G127/><T43/><D77/><U28/><E105/><V21/><F132/><W109/><G109/><T123/><D123/><U93/><E28/><V107/><F107/><W36/><G36/><T54/><D125/><U113/><E81/><V97/><F70/><W80/><G131/><T114/><D114/><U3/><E3/><V108/><F108/><W40/><G64/><T9/><D134/><U30/><E30/><V98/><F44/><W126/><G126/><T79/><D79/><U55/><E67/><V106/><F106/><W18/><G99/><T90/><D90/><U50/><E65/><V82/><F91/><W75/><G75/><T10/><D10/><U47/><E96/><V60/><F82/><W45/><G84/><T92/><D92/><U2/><E94/><V133/><F133/><W7/><G0/><T39/><D15/><U16/><E14/><V101/><F12/><W73/><G73/><T83/><D83/><U95/><E113/><V110/><F101/><W129/><G129/><T53/><D39/><U19/><E103/><V104/><F104/><W112/><G112/><T86/><D86/><U34/><E2/><V4/><REACH who="2" step="1"/><F60/><REACH who="2" ten="551,225,35,179" step="2"/><W56/><G45/><T128/><D46/><N who="1" m="27735" /><E69/><V85/><F85/><W38/><G87/><T63/><D128/><U29/><E68/><RYUUKYOKU ba="0,1" sc="551,-10,225,-10,35,30,179,-10" hai2="4,6,20,21,24,25,76,78,97,98,110,117,119" owari="551,64.0,215,2.0,65,-43.0,169,-23.0" /></mjloggm>