<mjloggm ver="2.3"><GO type="41" lobby="0"/><UN n0="%E3%81%BE%E3%82%82%E3%81%A3%E3%81%8F%E3%81%99" n1="%74%40%6D%61" n2="%E2%93%9D%53%75%70%68%78" n3="%52%65%63%61%6C%74%71" dan="14,15,18,14" rate="1942.02,1971.80,2132.78,1972.90" sx="M,M,M,M"/><TAIKYOKU oya="0"/><INIT seed="0,0,0,3,5,132" ten="250,250,250,250" oya="0" hai0="123,25,130,61,129,127,18,110,99,78,47,87,124" hai1="59,135,117,53,11,43,15,9,85,63,54,48,33" hai2="1,95,72,58,49,88,128,133,71,113,126,55,36" hai3="34,5,125,75,8,6,93,96,68,23,111,46,42"/><T84/><D123/><U14/><E33/><V77/><F113/><W65/><G75/><T26/><D110/><U16/><E135/><V103/><F133/><W62/><G34/><T2/><D2/><U121/><E121/><V94/><F36/><W50/><G111/><T28/><D99/><U21/><E117/><V4/><F71/><W108/><G108/><T20/><D61/><U114/><E43/><V45/><F128/><N who="0" m="49258" /><D47/><U100/><E100/><V29/><F95/><W112/><G112/><T40/><D40/><U76/><E114/><V24/><F103/><W12/><G23/><N who="0" m="15423" /><D84/><U134/><E134/><V82/><F45/><W105/><G105/><T56/><D56/><U32/><E32/><V83/><F58/><W92/><G125/><N who="0" m="48203" /><D87/><U41/><E41/><V102/><F126/><W120/><G120/><T73/><D78/><U97/><E97/><V89/><F77/><W64/><G64/><T38/><D73/><U13/><E85/><V31/><F72/><W70/><G70/><T122/><D122/><U22/><E76/><V3/><F3/><W101/><G93/><T80/><D80/><U51/><E63/><V90/><F83/><W69/><G69/><T0/><D0/><U27/><E22/><V37/><F82/><W74/><G74/><T35/><D35/><U67/><E67/><V17/><F94/><W98/><G98/><T118/><D118/><U116/><E116/><V115/><F115/><W44/><G44/><AGARI ba="0,0" hai="9,11,13,14,15,16,21,27,44,48,51,53,54,59" machi="44" ten="40,2600,0" yaku="8,1,54,1" doraHai="132" who="1" fromWho="3" sc="250,0,250,26,250,0,250,-26" /><INIT seed="1,0,0,1,2,121" ten="250,276,250,224" oya="1" hai0="50,74,95,70,67,135,66,22,8,86,103,4,32" hai1="19,6,41,90,47,116,18,57,94,46,21,129,78" hai2="34,99,17,118,55,97,29,1,120,45,5,96,52" hai3="124,102,60,49,27,128,122,127,40,76,112,2,33"/><U85/><E116/><V133/><F120/><W92/><G122/><T0/><D135/><U54/><E129/><V126/><F118/><W117/><G112/><T93/><D74/><U31/><E6/><V119/><F119/><W69/><G117/><T11/><D32/><U115/><E115/><V73/><F73/><W37/><G2/><T9/><D22/><U91/><E78/><V106/><F106/><W132/><G128/><T87/><D50/><U113/><E113/><V51/><F126/><W24/><G132/><T100/><D70/><U36/><E47/><V125/><F125/><W101/><G76/><T88/><D4/><U131/><E131/><V61/><F17/><W71/><G49/><T44/><D44/><U26/><REACH who="1" step="1"/><E90/><REACH who="1" ten="250,266,250,224" step="2"/><V15/><F133/><W72/><G127/><T98/><D0/><U82/><E82/><V56/><F1/><W10/><G124/><T48/><D103/><U23/><E23/><V79/><F79/><W42/><G72/><T134/><D134/><U64/><E64/><V107/><F34/><W3/><G3/><T84/><D48/><AGARI ba="0,1" hai="18,19,21,26,31,36,41,46,48,54,57,85,91,94" machi="48" ten="30,5800,0" yaku="1,1,7,1,53,1" doraHai="121" doraHaiUra="80" who="1" fromWho="0" sc="250,-58,266,68,250,0,224,0" /><INIT seed="1,1,0,4,2,74" ten="192,334,250,224" oya="1" hai0="69,35,83,73,23,105,135,109,112,133,44,38,9" hai1="68,19,93,115,30,0,98,42,59,110,102,32,87" hai2="64,89,12,95,27,66,6,22,20,80,49,75,101" hai3="46,119,52,48,82,26,104,72,5,33,39,107,21"/><U58/><E115/><V70/><F70/><W118/><G33/><T99/><D23/><U91/><E0/><V111/><F111/><W122/><G122/><T1/><D112/><U62/><E110/><V10/><F22/><W84/><G72/><T88/><D109/><U7/><E42/><V61/><F101/><W47/><G5/><N who="0" m="1199" /><D88/><U24/><E7/><V60/><F49/><W51/><G39/><T120/><D120/><U97/><E97/><V134/><F134/><W123/><G123/><T56/><D56/><U8/><E19/><V11/><F11/><W36/><G36/><T67/><D35/><U113/><E8/><V15/><F15/><W90/><G119/><T131/><D131/><U77/><E77/><V53/><F89/><W43/><REACH who="3" step="1"/><G118/><REACH who="3" ten="192,334,250,214" step="2"/><T125/><D135/><U28/><E113/><V94/><F75/><W81/><G81/><T103/><D133/><U121/><E121/><V96/><F80/><W55/><G55/><T54/><D54/><U2/><E2/><V106/><F53/><W86/><G86/><T71/><D125/><U126/><E126/><V45/><F6/><W41/><G41/><N who="0" m="22583" /><D67/><N who="1" m="41079" /><E30/><AGARI ba="1,1" hai="21,26,30,43,46,47,48,51,52,82,84,90,104,107" machi="30" ten="30,7700,0" yaku="1,1,7,1,54,1,53,1" doraHai="74" doraHaiUra="76" who="3" fromWho="1" sc="192,0,334,-80,250,0,214,90" /><INIT seed="2,0,0,5,5,104" ten="192,254,250,304" oya="2" hai0="9,135,86,6,110,26,123,119,118,39,43,35,16" hai1="19,131,76,2,115,73,66,24,121,120,127,57,105" hai2="14,22,114,87,101,107,29,99,133,23,51,50,130" hai3="34,55,112,72,67,82,41,21,81,116,7,111,40"/><V60/><F114/><W95/><G34/><T54/><D86/><U48/><E2/><V117/><F117/><N who="0" m="44554" /><D54/><U58/><E105/><V100/><F130/><W89/><G67/><T92/><D92/><U10/><E115/><V53/><F133/><W109/><G116/><T93/><D93/><U74/><E131/><V38/><F38/><W5/><G112/><T71/><D71/><U129/><E76/><V49/><F29/><W90/><G95/><T36/><D43/><U79/><E79/><V18/><F87/><W80/><G55/><T31/><D123/><N who="1" m="47179" /><E127/><V65/><F23/><W28/><G82/><T62/><D62/><N who="1" m="38223" /><E129/><V70/><REACH who="2" step="1"/><F101/><REACH who="2" ten="192,254,240,304" step="2"/><W103/><G21/><T25/><D135/><U45/><E24/><V88/><F88/><W42/><G103/><T3/><D110/><U4/><E19/><V122/><F122/><W94/><G90/><T78/><D78/><U52/><E10/><V11/><F11/><W56/><G89/><T102/><D102/><U61/><E4/><V134/><F134/><W33/><G7/><T30/><D39/><U108/><E108/><V32/><F32/><W13/><G33/><N who="0" m="20687" /><D36/><U84/><E84/><V113/><F113/><W17/><G111/><T20/><D35/><U12/><E12/><V96/><F96/><W126/><G13/><T85/><D85/><U124/><E124/><V69/><F69/><W75/><G126/><T77/><D77/><U91/><E91/><V132/><F132/><W125/><G125/><T63/><D63/><U8/><E8/><V27/><F27/><W46/><G109/><T37/><D37/><RYUUKYOKU ba="0,1" sc="192,10,254,10,240,10,304,-30" hai0="3,6,9,16,20,26,31" hai1="45,48,52,58,61,73,74" hai2="14,18,22,49,50,51,53,60,65,70,99,100,107" /><INIT seed="2,1,1,4,0,92" ten="202,264,250,274" oya="2" hai0="82,41,104,101,123,118,87,77,24,6,132,122,102" hai1="50,33,81,35,126,63,78,58,0,51,119,49,56" hai2="124,100,26,94,29,128,28,3,86,21,129,125,42" hai3="91,112,130,25,89,127,62,23,27,34,31,79,11"/><V75/><F42/><W66/><G112/><T52/><D132/><U47/><E0/><V117/><F75/><W99/><G130/><N who="2" m="50281" /><F117/><W32/><G127/><N who="2" m="48713" /><F3/><W12/><G79/><T98/><D118/><U107/><E107/><V120/><F120/><W59/><G99/><T36/><D36/><U54/><E119/><V133/><F100/><W115/><G34/><T48/><D41/><U5/><E5/><V60/><F60/><W67/><G67/><T90/><D6/><U64/><E126/><V57/><F57/><W93/><G93/><T84/><D102/><U83/><E83/><V7/><F7/><W113/><G115/><T20/><D87/><U45/><E45/><V43/><F43/><W73/><G73/><T71/><D71/><U37/><E37/><V103/><F103/><W69/><G69/><T22/><D77/><U72/><E51/><V46/><F46/><W38/><G113/><T18/><REACH who="0" step="1"/><D22/><REACH who="0" ten="192,264,250,274" step="2"/><U85/><E72/><V30/><F133/><W55/><G38/><T80/><D80/><U109/><E35/><V65/><F65/><W61/><G32/><T121/><D121/><U4/><E33/><V10/><F10/><W70/><G70/><T106/><D106/><U111/><REACH who="1" step="1"/><E4/><REACH who="1" ten="192,254,250,274" step="2"/><V40/><F40/><AGARI ba="1,3" hai="40,47,49,50,54,56,58,63,64,78,81,85,109,111" machi="40" ten="40,5200,0" yaku="1,1,2,1,53,1" doraHai="92" doraHaiUra="39" who="1" fromWho="2" sc="192,0,254,85,250,-55,274,0" /><INIT seed="3,0,0,3,0,107" ten="192,339,195,274" oya="3" hai0="45,42,33,4,39,118,49,103,21,13,100,75,59" hai1="14,22,106,58,46,120,80,121,126,64,73,134,122" hai2="116,105,123,47,71,101,115,127,12,93,66,56,91" hai3="99,79,0,125,132,50,51,72,24,130,128,102,112"/><W19/><G0/><T96/><D118/><U60/><E106/><V84/><F71/><W18/><G112/><T135/><D135/><U90/><E134/><V30/><F127/><W124/><G132/><T52/><D33/><U69/><E126/><N who="3" m="48746" /><G50/><T15/><D75/><U17/><E46/><V63/><F123/><W109/><G51/><T133/><D133/><U31/><E31/><V32/><F116/><W44/><G44/><T92/><D13/><U117/><E117/><V83/><F105/><N who="3" m="63711" /><G109/><T20/><REACH who="0" step="1"/><D100/><REACH who="0" ten="182,339,195,274" step="2"/><U68/><E73/><V35/><F101/><W2/><G2/><T38/><D38/><U27/><E14/><V113/><F12/><W3/><G3/><T87/><D87/><U36/><E36/><V7/><F115/><W65/><G65/><T108/><D108/><U37/><E37/><V9/><F66/><W82/><G24/><T6/><D6/><U55/><E122/><V94/><F7/><W95/><G95/><T57/><D57/><U28/><E69/><V8/><F94/><W10/><G10/><AGARI ba="0,1" hai="4,10,15,20,21,39,42,45,49,52,59,92,96,103" machi="10" ten="40,2600,0" yaku="1,1,54,1,53,0" doraHai="107" doraHaiUra="86" who="0" fromWho="3" sc="182,36,339,0,195,0,274,-26" /><INIT seed="4,0,0,0,5,11" ten="218,339,195,248" oya="0" hai0="101,104,81,103,75,38,87,49,16,70,131,115,3" hai1="28,51,63,83,93,124,74,102,76,80,100,58,66" hai2="125,109,32,128,19,48,27,42,120,14,53,25,35" hai3="105,5,64,84,23,108,79,106,85,1,18,94,90"/><T56/><D70/><U52/><E124/><V6/><F42/><W118/><G118/><T107/><D38/><U22/><E83/><V9/><F125/><W126/><G126/><T36/><D36/><U43/><E43/><V110/><F53/><W135/><G135/><T12/><D3/><U0/><E0/><V40/><F48/><W61/><G108/><N who="2" m="41577" /><F40/><W134/><G134/><T96/><D115/><U26/><REACH who="1" step="1"/><E93/><REACH who="1" ten="218,329,195,248" step="2"/><V4/><F120/><W77/><G1/><T132/><D132/><U44/><AGARI ba="0,1" hai="22,26,28,44,51,52,58,63,66,74,76,80,100,102" machi="44" ten="20,8000,1" yaku="1,1,2,1,0,1,7,1,54,1,53,0" doraHai="11" doraHaiUra="82" who="1" fromWho="1" sc="218,-40,329,90,195,-20,248,-20" /><INIT seed="5,0,0,2,4,56" ten="178,419,175,228" oya="1" hai0="48,86,80,57,83,33,11,42,52,36,101,85,118" hai1="77,74,46,104,32,70,95,69,115,37,23,113,94" hai2="15,49,7,88,61,106,114,28,50,126,100,105,64" hai3="132,79,128,2,19,71,91,120,25,4,73,87,31"/><U41/><E104/><V17/><F126/><W72/><G120/><T18/><D118/><U65/><E23/><V81/><F7/><W1/><G132/><T10/><D33/><U123/><E32/><V67/><F28/><W130/><G19/><T127/><D127/><U90/><BYE who="3" /><E123/><V58/><F114/><N who="1" m="43529" /><E77/><UN n3="%52%65%63%61%6C%74%71" /><V111/><F111/><W75/><G79/><N who="0" m="46239" /><D36/><U124/><E74/><V108/><F108/><W55/><G55/><T134/><D134/><U102/><E102/><V97/><F67/><W47/><G47/><N who="0" m="25719" /><D101/><U103/><E95/><V89/><F106/><W121/><G121/><T125/><D18/><U40/><E40/><V53/><F81/><W43/><G43/><T116/><D116/><U84/><E103/><V92/><F105/><W14/><G71/><T12/><D12/><U30/><E30/><V122/><F122/><W68/><G68/><T63/><D125/><U107/><E107/><V133/><F133/><W39/><G39/><T119/><D119/><U6/><E6/><V45/><F50/><W82/><G14/><T34/><D34/><U29/><E29/><V22/><AGARI ba="0,0" hai="15,17,22,45,49,53,58,61,64,88,89,92,97,100" machi="22" ten="20,8000,1" yaku="0,1,7,1,8,1,52,1,54,1" doraHai="56" who="2" fromWho="2" sc="178,-20,419,-40,175,80,228,-20" /><INIT seed="6,0,0,2,3,117" ten="158,379,255,208" oya="2" hai0="61,88,97,19,96,134,45,67,48,122,90,130,109" hai1="115,116,33,3,78,53,74,38,131,105,128,6,86" hai2="101,41,34,25,123,121,20,120,110,99,72,65,133" hai3="5,95,80,63,79,106,37,73,55,100,58,135,77"/><V51/><F72/><W94/><G135/><T107/><D109/><U85/><E115/><V76/><F76/><W4/><G37/><T124/><D134/><U112/><E33/><V75/><F75/><W2/><G79/><T92/><D124/><U30/><E38/><V10/><F34/><W14/><G2/><T11/><D130/><N who="1" m="49707" /><E30/><V7/><F65/><W36/><G36/><T89/><D122/><U111/><E105/><V87/><F87/><W57/><G57/><T23/><D11/><N who="1" m="2527" /><E112/><V98/><F110/><W103/><G103/><T91/><D107/><U46/><E116/><V71/><F71/><W49/><G63/><T68/><D92/><U39/><E53/><V24/><F133/><W132/><G132/><T113/><N who="0" m="22528" /><DORA hai="104" /><T125/><D125/><U70/><E70/><V1/><F101/><W114/><G114/><T27/><REACH who="0" step="1"/><D113/><REACH who="0" ten="148,379,255,208" step="2"/><U118/><E111/><V50/><F123/><W21/><G106/><T22/><D22/><U108/><E108/><V66/><F121/><W42/><G21/><T81/><D81/><N who="1" m="45271" /><E118/><V47/><F20/><W35/><G94/><T44/><D44/><U83/><E83/><V102/><F47/><W26/><G95/><T29/><D29/><U52/><E39/><V84/><F120/><W56/><G80/><T13/><D13/><U8/><E8/><V82/><F10/><W59/><G14/><T17/><D17/><U127/><E127/><V93/><F82/><W69/><G35/><T40/><AGARI ba="0,1" hai="19,23,27,40,45,48,61,67,68,96,97" m="22528" machi="40" ten="40,8000,1" yaku="1,1,0,1,54,1,53,1" doraHai="117,104" doraHaiUra="129,16" who="0" fromWho="0" sc="148,90,379,-20,255,-40,208,-20" /><INIT seed="7,0,0,2,4,55" ten="238,359,215,188" oya="3" hai0="95,90,109,37,98,110,93,87,26,20,65,45,7" hai1="24,134,101,64,112,100,23,52,72,80,69,127,43" hai2="121,113,56,51,38,120,10,0,11,1,118,70,108" hai3="66,83,122,9,73,57,92,28,15,34,63,54,44"/><W47/><G122/><N who="2" m="47209" /><F70/><W102/><G28/><T40/><D65/><U114/><E43/><V60/><F113/><W107/><G34/><T77/><D77/><U35/><E35/><V32/><F118/><W132/><G107/><T96/><D7/><U99/><E100/><V14/><F38/><W117/><G117/><T49/><D37/><U123/><E64/><N who="2" m="38919" /><F108/><W111/><G111/><T124/><D124/><U126/><E69/><V31/><F51/><W104/><G104/><T29/><D87/><U115/><E72/><V16/><F11/><W53/><G132/><T17/><D29/><U67/><E67/><V39/><F39/><W86/><G73/><T105/><D105/><U2/><E134/><V59/><F59/><N who="3" m="37247" /><G102/><AGARI ba="0,0" hai="17,20,26,40,45,49,90,93,95,96,98,102,109,110" machi="102" ten="30,1000,0" yaku="7,1" doraHai="55" who="0" fromWho="3" sc="238,10,359,0,215,0,188,-10" owari="248,5.0,359,45.0,215,-18.0,178,-32.0" /></mjloggm>