<mjloggm ver="2.3"><GO type="41" lobby="0"/><UN n0="%79%6D%7A%52%65%78" n1="%E3%81%B0%E3%81%AA%E3%81%AA%E3%81%BE%E3%82%8B%E3%81%BE%E3%82%8B" n2="%E2%93%9D%53%75%70%68%78" n3="%79%61%73%68%74%39%30%36" dan="13,14,18,13" rate="1879.74,1980.33,2103.71,1871.20" sx="M,M,M,M"/><TAIKYOKU oya="0"/><INIT seed="0,0,0,1,3,94" ten="250,250,250,250" oya="0" hai0="34,117,118,97,28,133,101,130,61,107,23,119,69" hai1="39,77,128,46,83,3,41,125,27,86,42,4,71" hai2="112,106,78,82,122,120,38,80,35,47,53,108,100" hai3="132,103,22,92,33,48,17,124,2,70,0,89,135"/><T84/><D133/><U98/><E128/><V16/><F35/><W85/><G70/><T75/><D23/><U95/><E71/><V79/><F53/><W99/><G33/><T1/><D84/><U90/><E125/><V11/><F47/><W32/><G32/><T31/><D130/><U50/><E27/><V12/><F38/><W52/><G124/><T127/><D127/><U29/><E29/><V44/><F44/><W114/><G114/><T81/><D1/><U87/><E42/><V18/><F108/><W21/><G22/><T24/><D31/><U49/><REACH who="1" step="1"/><E87/><REACH who="1" ten="250,240,250,250" step="2"/><V55/><F112/><W6/><G135/><T25/><D25/><U14/><E14/><V93/><F12/><W105/><G132/><T102/><D118/><U9/><AGARI ba="0,1" hai="3,4,9,39,41,46,49,50,77,83,86,90,95,98" machi="9" ten="30,4000,0" yaku="1,1,0,1,52,1,53,0" doraHai="94" doraHaiUra="66" who="1" fromWho="1" sc="250,-20,240,50,250,-10,250,-10" /><INIT seed="1,0,0,5,5,106" ten="230,290,240,240" oya="1" hai0="17,63,70,101,55,5,123,79,15,126,4,68,77" hai1="32,133,85,53,2,69,13,107,67,48,9,51,100" hai2="23,50,61,26,130,125,12,24,114,115,71,57,78" hai3="81,39,87,11,59,38,92,132,8,47,75,108,131"/><U42/><E32/><V6/><F71/><W95/><G132/><T120/><D101/><U34/><E34/><V127/><F50/><W60/><G131/><T103/><D103/><U1/><E85/><V27/><F78/><W83/><G47/><T37/><D37/><U31/><E31/><V21/><F57/><W58/><G87/><T72/><D126/><N who="2" m="48138" /><F61/><W40/><G40/><T33/><D33/><U98/><E51/><V30/><F130/><W16/><G60/><T29/><D29/><U7/><E42/><V28/><F27/><W112/><G108/><T89/><D63/><U22/><E67/><V134/><F134/><W135/><G112/><N who="2" m="43049" /><F12/><W118/><G135/><T46/><D15/><U109/><E109/><V113/><F113/><W66/><G66/><T116/><D46/><U54/><E69/><V86/><F86/><W80/><G118/><T102/><D116/><U45/><E133/><V94/><F94/><W41/><G41/><T20/><D102/><U3/><E54/><V76/><F76/><W121/><G121/><T99/><D99/><U49/><REACH who="1" step="1"/><E48/><REACH who="1" ten="230,280,240,240" step="2"/><V25/><F6/><W14/><G39/><T62/><D55/><U90/><E90/><V117/><F117/><W0/><G38/><T128/><D128/><U74/><E74/><V129/><F129/><W84/><G75/><T122/><D62/><U36/><E36/><V96/><F96/><W111/><G84/><T105/><D89/><U119/><E119/><V73/><F73/><W82/><G111/><T110/><D110/><U19/><AGARI ba="0,1" hai="1,2,3,7,9,13,19,22,45,49,53,98,100,107" machi="19" ten="30,3000,0" yaku="1,1,0,1,53,0" doraHai="106" doraHaiUra="124" who="1" fromWho="1" sc="230,-10,280,40,240,-10,240,-10" /><INIT seed="1,1,0,5,1,24" ten="220,320,230,230" oya="1" hai0="21,132,45,53,3,81,85,91,42,44,109,87,13" hai1="114,60,80,115,32,75,118,51,122,58,134,98,16" hai2="34,73,110,10,112,19,116,125,41,79,48,49,11" hai3="71,12,26,126,121,50,78,88,40,92,22,65,99"/><U62/><E118/><V6/><F116/><W89/><G121/><T123/><D3/><U128/><E122/><V107/><F107/><W38/><G38/><T68/><D109/><U117/><E117/><V105/><F105/><W135/><G78/><T59/><D68/><U14/><E128/><V52/><F34/><W113/><G113/><T90/><D132/><U96/><E134/><V104/><F104/><W27/><G135/><T93/><D123/><U61/><E32/><V103/><F103/><W7/><G71/><T82/><D42/><U56/><E80/><V35/><F125/><W39/><G65/><T46/><D21/><U106/><E75/><V131/><F35/><W18/><G39/><T66/><D13/><U28/><E28/><V15/><F110/><W124/><G7/><T43/><D66/><U37/><E37/><V95/><F131/><W127/><G89/><T29/><D29/><U70/><E106/><V69/><F69/><W57/><G57/><N who="1" m="22122" /><E70/><V54/><F112/><W64/><G64/><T76/><D43/><U23/><E114/><V8/><F41/><W17/><REACH who="3" step="1"/><G18/><REACH who="3" ten="220,320,230,220" step="2"/><T120/><D120/><U4/><E4/><V111/><F111/><W102/><G102/><T97/><REACH who="0" step="1"/><D59/><REACH who="0" ten="210,320,230,220" step="2"/><U2/><E115/><V100/><F6/><W72/><G72/><T0/><D0/><U47/><E2/><V133/><F133/><W31/><G31/><T83/><D83/><U67/><E67/><V101/><F73/><W86/><G86/><T63/><D63/><U33/><E33/><V84/><F84/><W55/><G55/><AGARI ba="1,2" hai="44,45,46,53,55,76,81,82,85,87,90,91,93,97" machi="55" ten="40,2600,0" yaku="1,1,8,1,53,0" doraHai="24" doraHaiUra="119" who="0" fromWho="3" sc="210,49,320,0,230,0,220,-29" /><AGARI ba="1,0" hai="14,16,23,47,51,55,60,61,62,96,98" m="22122" machi="55" ten="30,2900,0" yaku="8,1,54,1" doraHai="24" who="1" fromWho="3" sc="259,0,320,29,230,0,191,-29" /><INIT seed="1,2,0,1,2,117" ten="259,349,230,162" oya="1" hai0="96,39,84,18,93,91,23,97,41,112,8,70,101" hai1="123,86,80,124,35,65,6,54,122,126,0,22,37" hai2="30,16,69,26,27,87,61,100,90,52,81,107,57" hai3="67,1,7,119,114,85,59,58,68,113,94,77,4"/><U121/><E35/><V71/><F107/><W110/><G119/><T2/><D112/><U20/><E65/><V55/><F100/><W79/><G68/><T29/><D70/><U5/><E37/><V31/><F71/><W115/><G1/><T118/><D118/><U132/><E54/><V19/><F69/><W15/><G110/><T13/><D39/><U14/><E0/><V64/><F55/><W56/><G67/><T46/><D2/><U99/><E99/><V47/><F47/><W63/><G63/><T111/><D111/><U38/><E38/><V34/><REACH who="2" step="1"/><F64/><REACH who="2" ten="259,349,220,162" step="2"/><W106/><G106/><T128/><D128/><U120/><E120/><V66/><F66/><W62/><G62/><T78/><D78/><U3/><E123/><V42/><F42/><W40/><G40/><T130/><D130/><U49/><E122/><V72/><F72/><W127/><G77/><T24/><D41/><U125/><E121/><V129/><F129/><W83/><G115/><T92/><REACH who="0" step="1"/><D46/><REACH who="0" ten="249,349,220,162" step="2"/><U74/><E124/><V102/><F102/><W25/><G127/><T21/><D21/><AGARI ba="2,2" hai="16,19,21,26,27,30,31,34,52,57,61,81,87,90" machi="21" ten="30,7700,0" yaku="1,1,7,1,54,2,53,0" doraHai="117" doraHaiUra="134" who="2" fromWho="0" sc="249,-83,349,0,220,103,162,0" /><INIT seed="2,0,0,1,5,108" ten="166,349,323,162" oya="2" hai0="8,58,116,114,91,69,134,85,48,64,2,53,78" hai1="127,98,94,73,135,62,20,9,41,25,100,124,24" hai2="82,103,133,11,119,76,56,52,93,23,38,129,44" hai3="84,46,75,66,128,95,32,3,86,21,47,125,106"/><V29/><F119/><W37/><G32/><T80/><D116/><U107/><E135/><V45/><F129/><W72/><G66/><T88/><D134/><U77/><E9/><V105/><F105/><W81/><G3/><T16/><D2/><U121/><E41/><V117/><F38/><W102/><G21/><T111/><D111/><U87/><E121/><V12/><F117/><W49/><G37/><T115/><D64/><U92/><E62/><V90/><F103/><W30/><G30/><T39/><D69/><U74/><E24/><V31/><F82/><W55/><G86/><T14/><D39/><U57/><E57/><V13/><F76/><W19/><G106/><T131/><D131/><U34/><E34/><V43/><F43/><W61/><G128/><T35/><D35/><U17/><E17/><N who="2" m="10663" /><F31/><W110/><G110/><T7/><REACH who="0" step="1"/><D7/><REACH who="0" ten="156,349,323,162" step="2"/><U50/><E124/><V96/><F133/><W28/><G125/><T126/><D126/><U63/><E127/><V122/><F122/><W109/><G109/><T59/><D59/><U54/><E73/><V60/><F29/><W132/><G132/><T18/><D18/><AGARI ba="0,1" hai="11,13,18,44,45,52,56,60,90,93,96" m="10663" machi="18" ten="30,2900,0" yaku="8,1,54,1" doraHai="108" who="2" fromWho="0" sc="156,-29,349,0,323,39,162,0" /><INIT seed="2,1,0,0,2,121" ten="127,349,362,162" oya="2" hai0="53,55,12,98,52,20,32,116,129,30,50,38,76" hai1="61,47,37,75,11,67,72,78,70,21,60,133,113" hai2="62,44,31,99,71,134,68,101,106,2,43,19,115" hai3="82,18,107,112,3,54,94,23,132,128,109,108,16"/><V125/><F115/><W118/><G107/><T42/><D38/><U74/><E113/><V83/><F19/><W91/><G112/><T105/><D42/><U51/><E133/><V135/><F125/><W13/><G3/><T124/><D124/><U92/><E11/><V120/><F120/><W39/><G39/><T46/><D129/><U1/><E1/><V130/><F83/><W89/><G128/><T84/><D32/><U104/><E104/><V102/><F102/><W88/><G118/><T48/><D116/><U114/><E92/><V64/><F130/><W93/><G132/><N who="2" m="50729" /><F31/><W35/><G35/><T10/><D105/><U81/><E60/><V79/><F79/><W6/><G6/><T27/><D98/><U66/><E66/><V86/><F86/><W110/><G82/><T100/><D100/><U28/><E37/><N who="2" m="21615" /><F2/><W103/><G103/><T25/><D76/><U85/><E114/><V111/><F71/><W122/><G122/><T33/><D84/><U87/><E87/><V97/><F97/><W34/><G34/><T24/><D24/><U5/><E5/><V127/><F127/><W58/><G18/><T57/><D27/><N who="1" m="16495" /><E75/><V22/><F22/><W59/><G58/><T95/><D33/><U77/><E77/><V45/><F45/><W15/><G13/><T119/><D119/><U0/><E0/><V14/><F14/><W131/><G131/><T69/><D69/><U123/><E123/><V49/><F49/><AGARI ba="1,0" hai="15,16,23,49,54,59,88,89,91,93,94,108,109,110" machi="49" ten="50,12000,2" yaku="14,1,52,3,54,2" doraHai="121" who="3" fromWho="2" sc="127,0,349,0,362,-123,162,123" /><INIT seed="3,0,0,4,3,106" ten="127,349,239,285" oya="3" hai0="44,121,96,134,40,78,33,129,53,83,31,50,7" hai1="8,61,19,98,69,128,130,67,77,90,32,62,102" hai2="133,30,126,127,79,65,37,34,20,42,117,17,9" hai3="99,35,112,82,39,23,57,75,58,132,47,105,116"/><W54/><G116/><T2/><D121/><U91/><E32/><V81/><F117/><W16/><G35/><T59/><D134/><U46/><E46/><V45/><F65/><W26/><G132/><T89/><D129/><N who="1" m="49771" /><E77/><V10/><F133/><W110/><G112/><T135/><D31/><U107/><E62/><V114/><F114/><W84/><G105/><T97/><D89/><U38/><E38/><V85/><F30/><W80/><G99/><T66/><D66/><U101/><E102/><V123/><F34/><W43/><G110/><T48/><D33/><U6/><E19/><V100/><F100/><W95/><G95/><T24/><D24/><U25/><E25/><V1/><F123/><W63/><G75/><T92/><D92/><U56/><E69/><V49/><F37/><W103/><G103/><T21/><D21/><U73/><E73/><V72/><F85/><W4/><G4/><T41/><D41/><U76/><E76/><V94/><F94/><W109/><G109/><T115/><D135/><U124/><E124/><N who="2" m="47659" /><F1/><AGARI ba="0,0" hai="1,6,8,56,61,67,90,91,98,101,107" m="49771" machi="1" ten="30,1000,0" yaku="19,1" doraHai="106" who="1" fromWho="2" sc="127,0,349,10,239,-10,285,0" /><INIT seed="4,0,0,0,0,45" ten="127,359,229,285" oya="0" hai0="60,114,4,98,75,6,36,74,2,28,43,116,121" hai1="41,135,113,40,133,96,14,132,21,99,27,115,112" hai2="53,104,44,122,68,93,26,94,22,119,10,108,79" hai3="59,25,0,105,1,77,30,69,127,39,63,130,117"/><T70/><D116/><U134/><N who="1" m="33792" /><DORA hai="131" /><U61/><E14/><V20/><F104/><W24/><G117/><T58/><D2/><U118/><E61/><V81/><F122/><W17/><G39/><T92/><D36/><U123/><E118/><V88/><F108/><W54/><G130/><T57/><D60/><U11/><E11/><V52/><F94/><W23/><G127/><T49/><D92/><U9/><E9/><V128/><F68/><W8/><G105/><T34/><D70/><U18/><E123/><V46/><F22/><W47/><G77/><T76/><D76/><U62/><E62/><V72/><F10/><W13/><G69/><T84/><D121/><U101/><E99/><V87/><F128/><W82/><G82/><T66/><D98/><U120/><E120/><V31/><REACH who="2" step="1"/><F119/><REACH who="2" ten="127,359,219,285" step="2"/><W100/><G8/><T15/><D34/><U3/><E3/><V7/><F7/><W91/><G1/><T85/><D4/><U90/><E90/><V80/><F80/><W110/><G0/><T111/><D6/><U109/><E109/><V129/><F129/><W71/><G110/><T103/><D111/><U64/><E64/><V38/><F38/><W56/><G71/><T48/><D66/><U65/><E65/><V12/><F12/><W106/><G91/><T102/><D15/><U83/><E83/><V16/><F16/><W107/><G13/><T35/><D35/><U86/><E86/><V42/><F42/><W89/><G89/><T125/><D43/><U95/><AGARI ba="0,1" hai="18,21,27,40,41,95,96,101,112,113,115" m="33792" machi="95" ten="70,16000,3" yaku="0,1,15,1,11,1,20,1,52,4" doraHai="45,131" who="1" fromWho="1" sc="127,-80,359,170,219,-40,285,-40" /><INIT seed="5,0,0,1,3,18" ten="47,529,179,245" oya="1" hai0="116,74,133,95,114,27,56,60,79,31,54,25,91" hai1="14,94,42,108,135,0,35,129,20,55,30,48,96" hai2="77,37,22,39,103,53,111,128,24,17,16,106,57" hai3="131,69,58,45,3,8,123,6,70,119,87,118,105"/><U29/><E0/><V34/><F111/><W44/><G123/><T99/><D116/><U90/><E129/><V59/><F128/><W1/><G131/><T121/><D114/><U102/><E135/><V38/><F34/><W11/><G58/><T110/><D133/><U41/><E35/><V61/><F77/><W2/><G87/><T101/><D110/><U52/><E108/><V132/><F132/><W9/><G105/><T117/><D117/><N who="3" m="44553" /><G6/><T7/><D7/><U51/><E102/><V68/><F68/><AGARI ba="0,0" hai="1,2,3,8,9,11,44,45,68,69,70" m="44553" machi="68" ten="40,5200,0" yaku="28,2,12,1" doraHai="18" who="3" fromWho="2" sc="47,0,529,0,179,-52,245,52" /><INIT seed="6,0,0,0,4,129" ten="47,529,127,297" oya="2" hai0="41,72,37,1,118,65,22,10,88,21,46,67,71" hai1="84,35,105,103,63,50,29,31,66,11,102,25,3" hai2="54,45,83,122,74,48,70,26,100,134,23,14,113" hai3="86,91,111,9,98,61,95,51,8,0,4,49,30"/><V55/><F122/><W127/><G111/><T85/><D72/><U109/><E109/><V123/><F70/><W135/><G127/><T106/><D106/><U24/><E50/><V112/><F123/><W130/><G130/><T20/><D118/><U44/><E44/><V108/><F14/><W53/><G30/><T89/><D71/><U131/><E84/><V82/><F100/><W62/><G49/><T107/><D107/><U38/><E38/><V42/><F108/><W17/><G9/><T69/><D69/><U97/><E103/><V60/><F60/><W12/><G135/><T39/><D39/><U40/><E40/><V64/><F64/><W90/><G0/><T7/><REACH who="0" step="1"/><D89/><REACH who="0" ten="37,529,127,297" step="2"/><U2/><E131/><V16/><F74/><W92/><G91/><T36/><D36/><U75/><E75/><V34/><F134/><W28/><G90/><T6/><D6/><U126/><E126/><V27/><F113/><W101/><G4/><T43/><D43/><U110/><E110/><V77/><F112/><W125/><G125/><T13/><D13/><U96/><E105/><V94/><F42/><W128/><G128/><T99/><D99/><U124/><E97/><V18/><F77/><W115/><G98/><T114/><D114/><U15/><E96/><V120/><F120/><W58/><G115/><T76/><D76/><U132/><E132/><V19/><F45/><W68/><G68/><T117/><D117/><U73/><E73/><V57/><F57/><W33/><G12/><T47/><D47/><U79/><E124/><V121/><F121/><W104/><G104/><RYUUKYOKU ba="0,1" sc="37,30,529,-10,127,-10,297,-10" hai0="1,7,10,20,21,22,37,41,46,65,67,85,88" /><INIT seed="7,1,1,0,2,102" ten="67,519,117,287" oya="3" hai0="26,79,135,122,128,37,115,60,106,95,9,76,131" hai1="92,56,68,14,16,49,40,34,19,51,36,6,12" hai2="48,21,87,111,108,39,43,85,61,96,8,71,133" hai3="104,1,50,114,119,11,29,117,54,67,80,132,27"/><W59/><G114/><T78/><D37/><U112/><E68/><V130/><F8/><W72/><G132/><T81/><D122/><U84/><E34/><V101/><F48/><W17/><G67/><T126/><D60/><U57/><E36/><V121/><F130/><N who="0" m="49706" /><D9/><U13/><E6/><V52/><F133/><W24/><G1/><T73/><D26/><U10/><E10/><V109/><F121/><W110/><G110/><T129/><D135/><U83/><E92/><V33/><F33/><W28/><G28/><T100/><N who="0" m="49714" /><T0/><DORA hai="116" /><D0/><U20/><E112/><V97/><F71/><W86/><G72/><T38/><D38/><U75/><E75/><V45/><F21/><W44/><G59/><N who="1" m="22602" /><E20/><V125/><F111/><W4/><G4/><T69/><D69/><U64/><E64/><V113/><F113/><W74/><G74/><T94/><D115/><U22/><E22/><V2/><F109/><W90/><G119/><T47/><D47/><N who="1" m="25831" /><E51/><V32/><F32/><N who="3" m="20519" /><G117/><T77/><D126/><U3/><E3/><V103/><F125/><W107/><G27/><T35/><D35/><U93/><E93/><V55/><F108/><W7/><G7/><T91/><D91/><AGARI ba="1,1" hai="12,13,14,16,19,83,84,91" m="25831,22602" machi="91" ten="30,2000,0" yaku="8,1,54,1" doraHai="102,116" who="1" fromWho="0" sc="67,-23,519,33,117,0,287,0" owari="44,-46.0,552,65.0,117,-28.0,287,9.0" /></mjloggm>