<mjloggm ver="2.3"><GO type="41" lobby="0"/><UN n0="%6E%61%6B%65%69" n1="%E2%93%9D%53%75%70%68%78" n2="%62%6C%6F%77%69%6E" n3="%62%69%6F%73%74%61" dan="14,16,15,14" rate="1949.40,2058.28,2000.09,1965.30" sx="M,M,M,M"/><TAIKYOKU oya="0"/><INIT seed="0,0,0,1,1,33" ten="250,250,250,250" oya="0" hai0="11,2,30,96,85,129,7,44,13,90,124,28,121" hai1="106,103,135,29,111,71,59,84,15,43,130,132,116" hai2="74,56,81,38,93,107,75,123,50,1,36,14,102" hai3="68,4,52,86,45,23,27,92,98,105,19,125,9"/><T80/><D121/><U3/><E116/><V69/><F123/><W21/><G125/><T113/><D113/><U20/><E71/><V31/><F69/><W91/><G68/><T25/><D124/><U89/><E43/><V6/><F107/><W24/><G105/><T117/><D117/><U109/><E59/><V55/><F14/><W18/><G98/><T134/><D134/><N who="1" m="51243" /><E130/><V67/><F67/><W5/><G9/><T46/><D129/><U120/><E103/><V63/><F50/><AGARI ba="0,0" hai="4,5,18,19,21,23,24,27,45,50,52,86,91,92" machi="50" ten="40,5200,0" yaku="9,1,8,1,54,1" doraHai="33" who="3" fromWho="2" sc="250,0,250,0,250,-52,250,52" /><INIT seed="1,0,0,5,4,5" ten="250,250,198,302" oya="1" hai0="101,92,19,91,113,7,63,82,111,38,116,25,78" hai1="36,110,93,99,6,26,54,74,32,68,121,86,76" hai2="2,18,1,37,31,104,98,103,42,135,61,88,64" hai3="85,14,53,10,124,9,77,117,122,119,114,71,29"/><U23/><E121/><V35/><F135/><W46/><G71/><T83/><D113/><U0/><E32/><V55/><F55/><W102/><G122/><T57/><D116/><N who="3" m="44617" /><G114/><T96/><D111/><U44/><E74/><V132/><F132/><W49/><G102/><T8/><D38/><U107/><E107/><V56/><F18/><W24/><G14/><N who="0" m="5407" /><D78/><U89/><E68/><N who="2" m="41999" /><F88/><W118/><G124/><T39/><D39/><U3/><E110/><V52/><F42/><W126/><G126/><T43/><D43/><U90/><E76/><V106/><F106/><W84/><G118/><T125/><D125/><U129/><E90/><V81/><F81/><N who="3" m="47151" /><G85/><T67/><D101/><U30/><E86/><V69/><F37/><W15/><G15/><T20/><AGARI ba="0,0" hai="19,20,25,57,63,67,82,83,91,92,96" m="5407" machi="20" ten="30,2000,0" yaku="8,1,52,1" doraHai="5" who="0" fromWho="0" sc="250,20,250,-10,198,-5,302,-5" /><INIT seed="2,0,0,2,1,4" ten="270,240,193,297" oya="2" hai0="71,132,32,97,104,120,123,94,11,131,102,17,76" hai1="72,112,2,118,63,66,46,111,116,52,92,55,115" hai2="16,135,100,89,105,5,65,99,57,127,113,106,24" hai3="96,34,70,20,21,9,36,108,0,26,103,29,83"/><V110/><F113/><N who="1" m="43593" /><E92/><V125/><F135/><W58/><G70/><T44/><D71/><N who="1" m="42463" /><E2/><V61/><F5/><W22/><G108/><T48/><D132/><U128/><E72/><V133/><F133/><W74/><G36/><T56/><D32/><U86/><E86/><V54/><F110/><W79/><G58/><T85/><D131/><U75/><E75/><V40/><F40/><W109/><G109/><T30/><D30/><U122/><E111/><V121/><F121/><W7/><REACH who="3" step="1"/><G34/><REACH who="3" ten="270,240,193,287" step="2"/><T8/><D56/><U119/><E128/><V84/><F65/><W88/><G88/><T10/><D76/><U49/><E122/><V80/><REACH who="2" step="1"/><F106/><AGARI ba="0,1" hai="0,7,9,20,21,22,26,29,74,79,83,96,103,106" machi="106" ten="30,3900,0" yaku="1,1,7,1,52,1,53,0" doraHai="4" doraHaiUra="50" who="3" fromWho="2" sc="270,0,240,0,193,-39,287,49" /><INIT seed="3,0,0,2,0,111" ten="270,240,154,336" oya="3" hai0="69,94,71,4,51,42,11,6,7,14,9,126,25" hai1="116,22,64,68,10,1,91,130,43,93,120,37,101" hai2="0,96,44,113,2,75,58,55,105,98,49,19,45" hai3="134,133,77,48,124,78,87,83,127,114,104,132,74"/><W76/><G48/><T128/><D128/><U16/><E120/><V13/><F75/><W95/><G104/><T5/><D126/><N who="3" m="48169" /><G114/><T123/><D123/><U21/><E101/><V41/><F113/><W24/><G24/><T79/><D11/><U84/><E130/><V80/><F80/><N who="3" m="45079" /><G95/><T85/><D25/><U72/><E116/><V35/><F35/><W102/><G102/><T30/><D30/><U118/><E118/><V90/><F44/><W63/><G63/><T47/><REACH who="0" step="1"/><D94/><REACH who="0" ten="260,240,154,336" step="2"/><U82/><E93/><N who="2" m="56375" /><F105/><W108/><G108/><T33/><D33/><U66/><E22/><V15/><F98/><W129/><G129/><T121/><D121/><U46/><E21/><V17/><F0/><W20/><G20/><T119/><D119/><U103/><E1/><V12/><F2/><W31/><G31/><T109/><D109/><U112/><E112/><V8/><F8/><W86/><G77/><T67/><D67/><U56/><E66/><V29/><F29/><W110/><G110/><T131/><D131/><U23/><E23/><V99/><F99/><W39/><G39/><T60/><D60/><U61/><E37/><V106/><F106/><W89/><G89/><T38/><D38/><U107/><E107/><V50/><AGARI ba="0,1" hai="12,13,15,17,19,41,45,49,50,55,58" m="56375" machi="50" ten="30,1100,0" yaku="8,1" doraHai="111" who="2" fromWho="2" sc="260,-3,240,-3,154,21,336,-5" /><INIT seed="4,0,0,1,5,72" ten="257,237,175,331" oya="0" hai0="112,131,41,2,89,53,111,123,61,81,96,56,33" hai1="105,127,3,54,49,78,95,74,39,34,103,118,92" hai2="135,62,113,42,52,130,22,128,11,134,1,88,101" hai3="26,19,20,125,16,114,31,93,97,55,64,68,108"/><T87/><D123/><U73/><E39/><V133/><F101/><W37/><G37/><T85/><D2/><U23/><E34/><V99/><F42/><W48/><G108/><T94/><D111/><U70/><E70/><V82/><F113/><W104/><G104/><T35/><D112/><U45/><E3/><V12/><F22/><W57/><G125/><T25/><D131/><N who="2" m="50218" /><F1/><W71/><G114/><T109/><D109/><U67/><E118/><V115/><F115/><W121/><G121/><T21/><D41/><U59/><E74/><V106/><F106/><W84/><G84/><T51/><D51/><U9/><E127/><V100/><F100/><W13/><G64/><T75/><D75/><U66/><E66/><V80/><F99/><W7/><G7/><T69/><D69/><U102/><E102/><V30/><F30/><W110/><G110/><T50/><D50/><U6/><E103/><V18/><F88/><N who="3" m="55463" /><G71/><T44/><D44/><U117/><E105/><V63/><F63/><W5/><G68/><T65/><D65/><U17/><E67/><V8/><F11/><AGARI ba="0,0" hai="5,11,13,16,19,20,26,31,48,55,57" m="55463" machi="11" ten="30,3900,0" yaku="8,1,54,2" doraHai="72" who="3" fromWho="2" sc="257,0,237,0,175,-39,331,39" /><INIT seed="5,0,0,0,0,10" ten="257,237,136,370" oya="1" hai0="3,51,21,134,122,27,75,8,58,18,59,0,69" hai1="19,6,35,62,129,41,111,49,44,71,53,31,66" hai2="113,104,93,2,67,116,124,87,121,24,38,61,107" hai3="81,135,101,17,60,9,1,56,83,132,36,39,117"/><U34/><E129/><V92/><F2/><W97/><G117/><T43/><D69/><U42/><E6/><V12/><F38/><W114/><G114/><T130/><D75/><U30/><E111/><V33/><F116/><W80/><G1/><T70/><D70/><U78/><E78/><V99/><F113/><W16/><G39/><T48/><D130/><U4/><E4/><V54/><F121/><W7/><G7/><T90/><D134/><N who="3" m="51241" /><G36/><T126/><D126/><U28/><REACH who="1" step="1"/><E19/><REACH who="1" ten="257,227,136,370" step="2"/><V45/><F124/><W131/><G131/><T96/><D18/><U37/><E37/><V79/><F79/><W115/><G115/><T120/><D122/><U13/><E13/><V32/><F12/><W64/><G9/><T74/><D120/><U23/><E23/><V50/><F33/><AGARI ba="0,1" hai="28,30,31,33,34,35,41,42,44,49,53,62,66,71" machi="33" ten="40,2000,0" yaku="1,1,53,0" doraHai="10" doraHaiUra="109" who="1" fromWho="2" sc="257,0,227,30,136,-20,370,0" /><INIT seed="5,1,0,5,2,58" ten="257,257,116,370" oya="1" hai0="113,104,59,78,57,27,127,70,53,35,68,55,105" hai1="26,100,39,42,79,34,128,17,12,32,69,28,3" hai2="31,129,67,102,130,62,37,54,52,21,76,64,111" hai3="44,11,91,131,85,51,99,18,84,93,121,122,96"/><U118/><E118/><V75/><F111/><W63/><G131/><N who="2" m="50185" /><F102/><W88/><G11/><T89/><D89/><U60/><E128/><V120/><F76/><W56/><G18/><T49/><D78/><U46/><E3/><V41/><F75/><W10/><G10/><T94/><D94/><U98/><E79/><V83/><F83/><W115/><G115/><T0/><D0/><U4/><E4/><V72/><F72/><W135/><G135/><T16/><D127/><U47/><E47/><N who="2" m="23983" /><F31/><W43/><G122/><T73/><D73/><U92/><E34/><V97/><F97/><W2/><G2/><T125/><D125/><U110/><E110/><V123/><F21/><W48/><G48/><T33/><D49/><U95/><E95/><V40/><F40/><W103/><G121/><N who="2" m="46665" /><F67/><N who="3" m="39399" /><G103/><T65/><D27/><U126/><E126/><V82/><F82/><AGARI ba="1,0" hai="43,44,51,82,84,85,88,91,93,96,99" m="39399" machi="82" ten="30,3900,0" yaku="8,1,52,1,54,1" doraHai="58" who="3" fromWho="2" sc="257,0,257,0,116,-42,370,42" /><INIT seed="6,0,0,0,0,1" ten="257,257,74,412" oya="2" hai0="5,115,39,79,40,52,95,27,71,106,124,113,29" hai1="132,89,62,107,100,61,12,70,44,68,80,82,118" hai2="58,90,123,13,83,96,49,28,103,73,112,110,51" hai3="121,54,129,94,72,26,119,55,109,60,97,0,33"/><V98/><F123/><W81/><G109/><T88/><D106/><U41/><E107/><V75/><F112/><N who="0" m="43082" /><D71/><U128/><E100/><V11/><F110/><W16/><G119/><T22/><D124/><U64/><E132/><V87/><F28/><W32/><G129/><T101/><D101/><U3/><E3/><V114/><F114/><W14/><G121/><T85/><D79/><U76/><E89/><V59/><F75/><W78/><G0/><T38/><D40/><U8/><E128/><V130/><F73/><W131/><G131/><T20/><D20/><U15/><E118/><V2/><F2/><W127/><G127/><T10/><D52/><U69/><E15/><AGARI ba="0,0" hai="5,10,15,22,27,29,38,39,85,88,95" m="43082" machi="15" ten="30,3900,0" yaku="15,1,52,1,54,1" doraHai="1" who="0" fromWho="1" sc="257,39,257,-39,74,0,412,0" /><INIT seed="7,0,0,3,5,66" ten="296,218,74,412" oya="3" hai0="37,131,129,130,9,112,1,21,22,49,61,118,39" hai1="104,13,32,77,17,123,76,57,43,26,45,24,80" hai2="25,107,64,29,91,119,48,73,72,120,27,28,3" hai3="135,71,8,18,78,97,36,87,34,116,111,132,38"/><W23/><G116/><T63/><D118/><U109/><E109/><V84/><F119/><W90/><G34/><T121/><D121/><U92/><E104/><V128/><F107/><W93/><G8/><T114/><D49/><U54/><E123/><V106/><F106/><W75/><G71/><T58/><D61/><U52/><E92/><V46/><F64/><W99/><G111/><T85/><D85/><U31/><E26/><V6/><F120/><W95/><G18/><T30/><D30/><U41/><E41/><V56/><F128/><W40/><G23/><N who="0" m="8715" /><D9/><U33/><E33/><V79/><F56/><W100/><G40/><T82/><D82/><U96/><E96/><V47/><F84/><W117/><G117/><T59/><D1/><U101/><E101/><V67/><F67/><W126/><G38/><N who="0" m="14347" /><D63/><U14/><E80/><V122/><F122/><W70/><G70/><T108/><D108/><U50/><E43/><V105/><F105/><N who="3" m="63631" /><G36/><T74/><D74/><U69/><E69/><V20/><F79/><W53/><G53/><T125/><D125/><U60/><REACH who="1" step="1"/><E17/><REACH who="1" ten="296,208,74,412" step="2"/><V65/><F65/><W44/><G126/><T42/><D42/><U127/><E127/><V7/><F91/><N who="3" m="55807" /><G44/><T103/><D103/><U110/><E110/><V12/><F3/><W5/><G5/><T94/><D94/><U81/><E81/><AGARI ba="0,1" hai="75,78,81,87,90,93,132,135" m="55807,63631" machi="81" ten="30,5800,0" yaku="24,1,34,2" doraHai="66" who="3" fromWho="1" sc="296,0,208,-58,74,0,412,68" owari="296,10.0,150,-25.0,74,-43.0,480,58.0" /></mjloggm>