<mjloggm ver="2.3"><GO type="41" lobby="0"/><UN n0="%E2%93%9D%53%75%70%68%78" n1="%E6%9D%B1%E9%96%93%E5%AE%97%E5%9B%9B%E9%83%8E%E7%99%BB%E5%A0%B4" n2="%E3%81%8A%E3%81%90%E3%82%89%E3%82%86%E3%81%84" n3="%E3%81%82%E3%81%8A%E3%81%8D%E3%82%93%E3%81%90" dan="18,15,14,14" rate="2069.67,2028.91,1919.78,1930.19" sx="M,M,M,M"/><TAIKYOKU oya="0"/><INIT seed="0,0,0,2,5,125" ten="250,250,250,250" oya="0" hai0="19,135,59,73,55,11,56,8,127,5,18,134,29" hai1="78,0,38,70,26,95,46,22,52,69,32,126,34" hai2="129,20,21,30,47,102,118,54,65,122,100,40,15" hai3="2,111,91,119,48,112,39,43,82,79,35,87,92"/><T50/><D127/><U117/><E0/><V66/><F122/><W108/><G112/><T7/><D29/><U113/><E126/><V44/><F118/><W31/><G2/><T98/><D98/><U109/><E117/><V99/><F129/><W16/><G39/><T53/><REACH who="0" step="1"/><D50/><REACH who="0" ten="240,250,250,250" step="2"/><U80/><E113/><V63/><F30/><W57/><G48/><T61/><D61/><U96/><E38/><V13/><F99/><W24/><G119/><T49/><D49/><U27/><E34/><V124/><F63/><W106/><G31/><T107/><D107/><U23/><E32/><V128/><F124/><W120/><G106/><T62/><D62/><U110/><E109/><V130/><F54/><W14/><G35/><T133/><D133/><U132/><E110/><V64/><F64/><W4/><G111/><T1/><D1/><U90/><E132/><V67/><F67/><W104/><G104/><T103/><D103/><U83/><E96/><V72/><F72/><AGARI ba="0,1" hai="5,7,8,11,18,19,53,55,56,59,72,73,134,135" machi="72" ten="25,4800,0" yaku="1,1,22,2,53,0" doraHai="125" doraHaiUra="60" who="0" fromWho="2" sc="240,58,250,0,250,-48,250,0" /><INIT seed="0,1,0,4,2,43" ten="298,250,202,250" oya="0" hai0="85,72,30,112,121,23,107,90,33,4,58,131,111" hai1="26,124,6,133,29,59,93,81,125,74,40,49,129" hai2="11,0,105,18,102,28,54,130,96,24,51,48,83" hai3="60,135,117,57,73,101,115,95,34,120,119,116,79"/><T127/><D112/><U37/><E6/><V109/><F109/><W70/><G115/><T52/><D121/><U10/><E10/><V22/><F130/><W8/><G34/><T62/><D72/><U1/><E1/><V106/><F83/><W134/><G120/><T86/><D107/><U2/><E2/><V56/><F105/><W128/><G128/><T100/><D33/><U41/><E129/><V84/><F84/><W126/><G70/><T103/><D127/><N who="1" m="48715" /><E133/><V80/><F80/><W21/><G8/><T82/><D111/><U75/><E93/><V97/><F97/><W15/><G126/><T64/><D4/><U71/><E71/><V91/><F91/><W132/><G79/><T66/><D131/><U99/><E99/><V12/><F0/><W77/><G77/><T65/><REACH who="0" step="1"/><D86/><REACH who="0" ten="288,250,202,250" step="2"/><U114/><E114/><V113/><REACH who="2" step="1"/><F113/><REACH who="2" ten="288,250,192,250" step="2"/><W36/><G134/><T3/><D3/><U61/><E74/><V9/><F9/><W39/><G135/><T50/><D50/><AGARI ba="1,2" hai="11,12,18,22,24,28,48,50,51,54,56,96,102,106" machi="50" ten="30,2000,0" yaku="1,1,7,1,53,0" doraHai="43" doraHaiUra="31" who="2" fromWho="0" sc="288,-23,250,0,192,43,250,0" /><INIT seed="1,0,0,4,4,94" ten="265,250,235,250" oya="1" hai0="37,131,5,70,19,12,106,14,3,65,123,49,6" hai1="83,75,13,62,90,1,76,124,125,132,126,4,67" hai2="8,79,34,107,43,36,121,130,39,96,116,112,108" hai3="11,73,122,98,77,78,7,110,82,26,104,95,127"/><U18/><E132/><V119/><F8/><W45/><G110/><T2/><D70/><U53/><E4/><V105/><F121/><W97/><G127/><T40/><D65/><U88/><E53/><V101/><F108/><W24/><G122/><T133/><D106/><U29/><E29/><V128/><F79/><W44/><G104/><T89/><D89/><U87/><E1/><V25/><F107/><W71/><G71/><T129/><D49/><U20/><REACH who="1" step="1"/><E75/><REACH who="1" ten="265,240,235,250" step="2"/><V61/><F112/><W0/><G7/><T80/><D123/><U9/><E9/><V21/><F34/><W99/><G11/><T93/><D133/><U86/><E86/><V118/><F43/><W30/><G0/><T85/><D40/><U120/><E120/><V64/><F36/><W74/><G30/><T22/><D37/><U115/><E115/><V59/><REACH who="2" step="1"/><F39/><REACH who="2" ten="265,240,225,250" step="2"/><W56/><G74/><T55/><D3/><U33/><E33/><V134/><F134/><W41/><G73/><T84/><D2/><U103/><E103/><V23/><F23/><W47/><G41/><T28/><D22/><U69/><AGARI ba="0,2" hai="13,18,20,62,67,69,76,83,87,88,90,124,125,126" machi="69" ten="30,11700,0" yaku="1,1,0,1,18,1,54,1,53,0" doraHai="94" doraHaiUra="32" who="1" fromWho="1" sc="265,-39,240,137,225,-39,250,-39" /><INIT seed="1,1,0,4,2,15" ten="226,377,186,211" oya="1" hai0="94,105,33,78,46,27,3,43,1,38,53,24,45" hai1="71,121,122,56,49,70,20,22,0,76,99,112,54" hai2="83,106,74,95,50,16,127,101,72,63,80,65,110" hai3="66,126,92,84,69,79,47,88,102,123,51,17,73"/><U9/><E112/><V14/><F106/><W68/><G123/><T120/><D105/><U42/><E76/><V41/><F110/><W91/><G126/><T87/><D120/><U134/><E134/><V4/><F4/><W81/><G66/><T11/><D33/><U113/><E113/><V125/><F74/><W86/><G102/><T26/><D11/><U114/><E114/><V119/><F72/><W21/><G91/><T107/><D107/><U98/><E121/><V37/><F37/><W103/><G103/><T75/><D75/><U6/><E122/><V34/><F34/><W35/><G35/><T104/><D104/><U109/><E109/><V89/><F50/><W124/><G124/><N who="2" m="47689" /><F41/><W111/><G73/><T133/><D133/><U93/><E42/><V108/><F101/><W129/><G129/><T82/><D94/><U13/><E98/><N who="2" m="57711" /><F119/><W77/><G79/><T36/><D36/><U61/><E49/><V8/><F108/><W44/><G44/><T10/><D46/><U100/><REACH who="1" step="1"/><E0/><REACH who="1" ten="226,367,186,211" step="2"/><V67/><F67/><W40/><REACH who="3" step="1"/><G111/><REACH who="3" ten="226,367,186,201" step="2"/><T135/><D135/><U12/><E12/><AGARI ba="1,2" hai="12,17,21,40,47,51,68,69,77,81,84,86,88,92" machi="12" ten="30,8000,1" yaku="1,1,2,1,7,1,52,1,54,1,53,0" doraHai="15" doraHaiUra="130" who="3" fromWho="1" sc="226,0,367,-83,186,0,201,103" /><INIT seed="2,0,0,3,4,106" ten="226,284,186,304" oya="2" hai0="13,109,118,22,120,4,53,69,6,88,17,41,31" hai1="74,26,10,59,95,87,102,110,77,55,54,124,19" hai2="111,79,50,98,126,115,81,40,20,75,101,11,130" hai3="84,8,35,134,12,33,46,21,128,135,32,1,80"/><V122/><F115/><W123/><G123/><T108/><D41/><U56/><E110/><N who="0" m="42601" /><D69/><U49/><E124/><V100/><F111/><W63/><G128/><T37/><D37/><U112/><E112/><V131/><F122/><W7/><G46/><T67/><D67/><U121/><E121/><V116/><F116/><W16/><REACH who="3" step="1"/><G63/><REACH who="3" ten="226,284,186,294" step="2"/><T73/><D120/><U15/><E26/><V89/><F126/><W2/><G2/><T107/><D118/><U5/><E5/><V113/><F113/><W104/><G104/><T27/><D107/><U28/><E28/><V91/><F130/><W42/><G42/><T68/><D6/><U38/><E38/><V99/><F131/><W90/><AGARI ba="0,1" hai="1,7,8,12,16,21,32,33,35,80,84,90,134,135" machi="90" ten="40,5200,0" yaku="1,1,0,1,54,1,53,0" doraHai="106" doraHaiUra="97" who="3" fromWho="3" sc="226,-13,284,-13,186,-26,294,62" /><INIT seed="3,0,0,0,3,88" ten="213,271,160,356" oya="3" hai0="33,112,17,26,63,36,16,43,64,118,81,37,55" hai1="38,76,49,128,28,120,0,106,5,39,3,100,47" hai2="46,95,134,20,67,105,135,22,87,41,25,23,97" hai3="45,15,1,54,79,133,126,10,92,2,80,114,93"/><W8/><G114/><T51/><D118/><U90/><E120/><V104/><F67/><W24/><G126/><T86/><D112/><U60/><E76/><V65/><F65/><W19/><G133/><T30/><D43/><U72/><E72/><V125/><F125/><W127/><G127/><T40/><D40/><U35/><E90/><V59/><F59/><W57/><G45/><T44/><D37/><U29/><E128/><V78/><F25/><W70/><G70/><T89/><REACH who="0" step="1"/><D36/><REACH who="0" ten="203,271,160,356" step="2"/><U75/><E38/><V102/><F134/><W12/><G1/><T21/><D21/><U32/><E39/><V84/><F135/><W13/><G2/><T4/><D4/><U31/><E3/><V129/><F129/><W77/><G8/><T18/><D18/><U14/><E5/><V119/><F119/><W82/><G10/><T101/><D101/><U99/><E100/><V107/><REACH who="2" step="1"/><F78/><REACH who="2" ten="203,271,150,356" step="2"/><W66/><G79/><T109/><D109/><U116/><E116/><V50/><AGARI ba="0,2" hai="20,22,23,41,46,50,84,87,95,97,102,104,105,107" machi="50" ten="40,8000,1" yaku="1,1,2,1,0,1,52,1,53,0" doraHai="88" doraHaiUra="34" who="2" fromWho="2" sc="203,-20,271,-20,150,100,356,-40" /><INIT seed="4,0,0,1,3,31" ten="183,251,250,316" oya="0" hai0="39,87,67,73,124,56,120,8,126,105,95,127,72" hai1="6,85,109,99,32,80,51,16,54,44,42,9,92" hai2="53,88,5,91,45,112,3,113,7,48,71,83,84" hai3="96,4,14,13,117,103,77,12,98,63,104,27,37"/><T22/><D39/><U36/><E109/><V70/><F91/><W76/><G117/><T10/><D105/><U115/><E115/><N who="2" m="44107" /><F3/><W64/><G37/><T78/><D120/><U133/><E133/><V19/><F19/><W101/><G27/><T86/><D22/><U30/><E30/><V62/><F62/><W1/><G1/><T131/><D131/><U128/><E128/><V107/><F107/><W59/><REACH who="3" step="1"/><G4/><AGARI ba="0,0" hai="4,5,7,45,48,53,70,71,83,84,88" m="44107" machi="4" ten="30,2000,0" yaku="15,1,54,1" doraHai="31" who="2" fromWho="3" sc="183,0,251,0,250,20,316,-20" /><INIT seed="5,0,0,5,4,33" ten="183,251,270,296" oya="1" hai0="66,118,61,7,13,98,8,35,11,34,75,69,36" hai1="100,79,113,15,23,91,130,133,47,95,102,107,52" hai2="45,40,96,5,116,73,56,22,14,64,135,38,16" hai3="74,121,65,125,90,3,71,76,126,18,87,88,30"/><U68/><E68/><V37/><F135/><W67/><G121/><T93/><D118/><U57/><E133/><V104/><F116/><W110/><G110/><T51/><D75/><U44/><E79/><V129/><F129/><W78/><G3/><T42/><D36/><U89/><E130/><V94/><F104/><W122/><G122/><T55/><D42/><U6/><E113/><V83/><F83/><W26/><G18/><T128/><D128/><U80/><E107/><V108/><F108/><W31/><G26/><T48/><D48/><U49/><E80/><V120/><F120/><W92/><G87/><T131/><D11/><N who="1" m="4599" /><E91/><V46/><F5/><W86/><G86/><T59/><REACH who="0" step="1"/><D131/><REACH who="0" ten="173,251,270,296" step="2"/><U60/><E23/><V39/><F73/><W41/><G74/><T115/><D115/><U127/><E127/><V10/><F10/><W109/><G109/><T124/><D124/><U53/><E44/><V2/><F45/><W77/><G126/><T62/><D62/><U12/><E12/><V54/><F46/><W27/><G125/><T117/><D117/><U43/><E43/><V58/><F40/><W28/><G41/><T50/><D50/><U119/><E119/><V21/><F39/><W84/><G27/><T111/><D111/><U19/><E19/><V112/><F38/><W85/><REACH who="3" step="1"/><G71/><REACH who="3" ten="173,251,270,286" step="2"/><T132/><D132/><U1/><E1/><V99/><F2/><W97/><G97/><AGARI ba="0,2" hai="47,49,52,53,57,60,89,95,97,100,102" m="4599" machi="97" ten="30,2900,0" yaku="8,1,54,1" doraHai="33" who="1" fromWho="3" sc="173,0,251,49,270,0,286,-29" /><INIT seed="5,1,0,0,0,82" ten="173,300,270,257" oya="1" hai0="45,5,65,101,53,4,48,91,112,8,81,69,133" hai1="98,52,63,108,83,59,0,40,15,28,121,22,110" hai2="76,113,9,23,102,16,80,26,75,118,10,34,117" hai3="13,66,125,74,54,126,37,6,27,123,122,127,55"/><U99/><E0/><V24/><F113/><W87/><G74/><T95/><D112/><U41/><E121/><N who="3" m="46090" /><G37/><T71/><D133/><U1/><E1/><V18/><F102/><W50/><G66/><T78/><D101/><U73/><E73/><V129/><F129/><W17/><G6/><T11/><D65/><U120/><E120/><V135/><F135/><W62/><G62/><T132/><D132/><U32/><E32/><V67/><F67/><W39/><G39/><T68/><D5/><U97/><E83/><V19/><F34/><W46/><G27/><T72/><REACH who="0" step="1"/><D4/><REACH who="0" ten="163,300,270,257" step="2"/><U119/><E119/><V106/><F117/><W29/><G126/><T20/><D20/><U47/><E108/><V77/><F118/><W89/><G127/><T105/><D105/><U94/><E110/><V49/><F106/><W25/><G125/><T56/><D56/><U114/><E114/><V116/><F116/><W42/><G46/><T124/><D124/><U60/><E47/><V111/><F23/><W88/><G54/><T131/><D131/><U35/><E35/><V107/><F107/><W31/><G55/><T79/><D79/><U57/><E22/><V86/><F111/><W128/><G128/><T96/><AGARI ba="1,1" hai="8,11,45,48,53,68,69,71,72,78,81,91,95,96" machi="96" ten="30,2000,0" yaku="1,1,0,1,53,0" doraHai="82" doraHaiUra="134" who="0" fromWho="0" sc="163,33,300,-11,270,-6,257,-6" /><INIT seed="6,0,0,1,1,99" ten="196,289,264,251" oya="2" hai0="93,43,29,67,113,81,61,33,70,111,49,94,91" hai1="102,88,64,55,101,112,104,59,135,115,116,58,6" hai2="134,17,114,62,122,90,31,69,4,15,118,52,39" hai3="74,128,26,48,5,123,34,106,80,54,89,71,46"/><V35/><F118/><W1/><G123/><T41/><D111/><U13/><E116/><V10/><F122/><W119/><G71/><T47/><D113/><N who="1" m="43595" /><E104/><V28/><F114/><W125/><G106/><T133/><D133/><U85/><E135/><V40/><F134/><W12/><G12/><T79/><D33/><U84/><E84/><V0/><F40/><W78/><G89/><T108/><D108/><U32/><E32/><V30/><F39/><W2/><G5/><T72/><D29/><U3/><E3/><V56/><F90/><W7/><G7/><T60/><D43/><U105/><E105/><V36/><F36/><W126/><G119/><T98/><D61/><N who="1" m="37943" /><E13/><V96/><F96/><W117/><G117/><T75/><REACH who="0" step="1"/><D94/><REACH who="0" ten="186,289,264,251" step="2"/><N who="1" m="54543" /><E6/><V87/><F35/><W73/><G34/><T129/><D129/><U25/><E25/><V77/><F4/><W103/><G26/><T107/><D107/><U22/><E22/><V21/><F21/><W8/><G128/><T76/><D76/><U100/><E101/><V110/><F110/><W18/><G103/><T27/><D27/><U68/><E68/><V121/><F69/><W37/><G78/><T20/><D20/><U83/><E83/><N who="2" m="47599" /><F121/><W44/><G80/><T57/><D57/><U120/><E120/><V24/><F0/><W63/><G2/><T65/><D65/><U14/><E14/><V127/><F24/><W66/><G1/><T131/><D131/><U124/><E124/><V132/><F127/><W16/><G126/><T11/><D11/><U38/><E38/><V51/><F132/><W45/><G125/><RYUUKYOKU ba="0,1" sc="186,10,289,10,264,10,251,-30" hai0="41,47,49,60,67,70,72,75,79,81,91,93,98" hai1="55,59,100,102" hai2="10,15,17,28,30,31,51,52,56,62" /><INIT seed="6,1,1,3,0,81" ten="196,299,274,221" oya="2" hai0="49,126,95,129,54,112,1,134,72,96,80,120,11" hai1="93,48,21,0,115,43,82,90,101,67,87,111,45" hai2="31,84,51,73,23,17,89,71,22,27,63,88,50" hai3="104,69,20,119,59,102,108,47,62,2,105,35,33"/><V46/><F73/><W118/><G108/><T133/><D120/><U42/><E0/><V56/><F71/><W77/><G2/><T99/><D112/><U124/><E111/><V123/><F89/><W7/><G69/><T38/><D38/><U116/><E115/><V39/><F46/><W127/><G7/><T65/><D65/><U110/><E110/><V64/><F39/><W34/><G77/><T16/><D126/><U36/><E116/><V92/><F123/><W107/><G102/><T106/><D106/><U135/><E124/><V9/><F9/><W125/><G125/><T78/><D129/><U44/><E135/><N who="0" m="51721" /><D95/><U79/><E67/><V83/><REACH who="2" step="1"/><F92/><REACH who="2" ten="196,299,264,221" step="2"/><W14/><G127/><T103/><D103/><U26/><E101/><V52/><F52/><W41/><G118/><T97/><D1/><U130/><E130/><V76/><F76/><W98/><G119/><T61/><D11/><U55/><E36/><V132/><F132/><W8/><G8/><T6/><D72/><U18/><REACH who="1" step="1"/><E45/><REACH who="1" ten="196,289,264,221" step="2"/><V128/><F128/><W58/><G47/><T117/><D117/><U15/><E15/><AGARI ba="1,3" hai="15,17,22,23,27,31,50,51,56,63,64,83,84,88" machi="15" ten="30,12000,1" yaku="1,1,7,1,8,1,52,1,54,1,53,0" doraHai="81" doraHaiUra="131" who="2" fromWho="1" sc="196,0,289,-123,264,153,221,0" /><INIT seed="6,2,0,4,4,99" ten="196,166,417,221" oya="2" hai0="74,32,43,131,17,48,82,6,111,114,18,104,96" hai1="4,11,34,41,10,117,42,2,69,45,109,66,101" hai2="14,102,22,128,129,54,105,124,13,29,78,108,20" hai3="135,76,95,89,113,67,65,27,36,100,0,58,110"/><V112/><F112/><W79/><G36/><T3/><D111/><U77/><E109/><V73/><F108/><W88/><G0/><T132/><D32/><U122/><E34/><V57/><F124/><W84/><G110/><T70/><D70/><U126/><E117/><V98/><F78/><W30/><G113/><T75/><D131/><N who="2" m="50250" /><F73/><W16/><G135/><T35/><D35/><U87/><E126/><V80/><F80/><N who="3" m="49159" /><G100/><T49/><D75/><U119/><E119/><V51/><F29/><W47/><G47/><T33/><D74/><U52/><E122/><V68/><F68/><W62/><G67/><T93/><D132/><U38/><E41/><V133/><F133/><W53/><G65/><T28/><D43/><U55/><E11/><V97/><F98/><N who="3" m="57711" /><G30/><T12/><D28/><U56/><E101/><V24/><F24/><W31/><G31/><T72/><D114/><U86/><E77/><V39/><F39/><W50/><G50/><T107/><D49/><N who="1" m="30735" /><E55/><V37/><F37/><W21/><AGARI ba="2,0" hai="16,21,27,53,58,62,76,79" m="57711,49159" machi="21" ten="30,7900,0" yaku="25,1,8,1,54,2" doraHai="99" who="3" fromWho="3" sc="196,-22,166,-22,417,-41,221,85" /><INIT seed="7,0,0,3,0,7" ten="174,144,376,306" oya="3" hai0="100,128,45,75,50,88,82,46,118,98,31,109,119" hai1="61,107,49,64,112,135,34,79,54,2,40,89,90" hai2="68,133,96,108,62,66,94,53,58,117,97,78,28" hai3="17,4,33,15,21,111,99,101,56,23,134,11,18"/><W32/><G134/><T116/><D31/><U12/><E2/><V16/><F108/><W122/><G122/><T9/><D109/><U76/><E107/><V132/><F117/><W121/><G121/><T83/><D46/><U131/><E34/><V87/><F28/><W47/><G111/><T41/><D128/><U55/><E135/><N who="2" m="51787" /><F16/><W10/><G56/><T123/><D123/><U37/><E131/><V106/><F106/><W36/><G36/><T25/><D25/><U38/><E112/><V27/><F27/><N who="3" m="14767" /><G99/><T19/><D75/><U104/><E104/><V39/><F39/><W26/><G101/><T20/><D20/><U110/><E110/><V130/><F130/><W5/><G47/><T91/><D100/><U115/><E115/><V77/><F97/><W73/><G73/><T80/><D98/><U124/><E12/><AGARI ba="0,0" hai="4,5,10,11,12,15,18,23,26,32,33" m="14767" machi="12" ten="30,18000,2" yaku="35,5,52,2" doraHai="7" who="3" fromWho="1" sc="174,0,144,-180,376,0,306,180" owari="174,-23.0,-36,-54.0,376,18.0,486,59.0" /></mjloggm>