<mjloggm ver="2.3"><GO type="41" lobby="0"/><UN n0="%E3%83%9C%E3%83%96%E3%81%8F%E3%82%93" n1="%E2%93%9D%53%75%70%68%78" n2="%62%62%62%65%72%6B%69%79" n3="%E5%BC%B7%E3%81%8F%E3%81%AA%E3%82%8B" dan="13,18,14,14" rate="1902.70,2092.65,1888.92,1932.60" sx="M,M,M,M"/><TAIKYOKU oya="0"/><INIT seed="0,0,0,1,3,58" ten="250,250,250,250" oya="0" hai0="99,95,6,91,26,81,97,73,10,100,25,32,85" hai1="65,52,117,134,36,43,33,24,16,83,118,46,74" hai2="17,131,125,20,110,88,115,1,14,39,108,93,122" hai3="41,61,128,30,21,71,2,34,103,44,29,112,130"/><T23/><D32/><U79/><E134/><V5/><F122/><W12/><G2/><T127/><D127/><U101/><E101/><V107/><F115/><W90/><G112/><T123/><D123/><U92/><E92/><V102/><F39/><W62/><G71/><T60/><D97/><U104/><E104/><V86/><F131/><N who="3" m="50219" /><G34/><T3/><D23/><U13/><E65/><V57/><F102/><W82/><G103/><T111/><D111/><N who="2" m="42538" /><F107/><W37/><G12/><T19/><D19/><U15/><E15/><V70/><F70/><W18/><G18/><T48/><D48/><U116/><E33/><V119/><F5/><W105/><G105/><T50/><D50/><U45/><E24/><V27/><F1/><W9/><G9/><T78/><REACH who="0" step="1"/><D60/><REACH who="0" ten="240,250,250,250" step="2"/><N who="3" m="23145" /><G21/><T11/><D11/><U49/><REACH who="1" step="1"/><E118/><REACH who="1" ten="240,240,250,250" step="2"/><V106/><F119/><W40/><G40/><T4/><D4/><U69/><E69/><V132/><F106/><AGARI ba="0,2" hai="3,6,10,25,26,73,78,81,85,91,95,99,100,106" machi="106" ten="30,12000,1" yaku="1,1,7,1,24,2,53,1" doraHai="58" doraHaiUra="84" who="0" fromWho="2" sc="240,140,240,0,250,-120,250,0" /><INIT seed="0,1,0,4,4,20" ten="380,240,130,250" oya="0" hai0="66,44,46,134,17,94,1,48,98,118,78,103,85" hai1="35,8,30,26,43,79,41,89,67,68,125,132,124" hai2="114,52,13,102,23,59,60,18,64,54,5,22,65" hai3="55,87,99,24,82,121,31,95,3,12,73,42,72"/><T25/><D134/><U101/><E89/><V107/><F114/><W38/><G3/><T0/><D118/><U10/><E79/><V76/><F76/><W2/><G2/><T130/><D130/><U62/><E132/><V133/><F133/><W47/><G121/><T112/><D112/><U19/><E101/><V131/><F131/><W75/><G55/><T74/><D74/><U53/><E53/><V33/><F33/><W4/><G12/><T58/><D0/><U69/><E69/><V116/><F5/><W92/><G4/><T86/><D1/><U77/><E77/><V100/><F116/><W83/><G87/><T51/><D51/><U115/><E115/><V70/><F65/><W39/><G95/><T49/><D49/><U90/><E90/><V122/><F122/><W127/><G127/><N who="1" m="48714" /><E19/><V108/><F108/><W63/><G63/><N who="0" m="38263" /><D78/><U9/><AGARI ba="1,0" hai="8,9,10,26,30,35,41,43,62,67,68" m="48714" machi="9" ten="30,2000,0" yaku="18,1,52,1" doraHai="20" who="1" fromWho="1" sc="380,-11,240,23,130,-6,250,-6" /><INIT seed="1,0,0,0,5,112" ten="369,263,124,244" oya="1" hai0="12,85,53,96,66,81,63,1,98,29,33,0,82" hai1="135,7,16,132,52,107,70,90,125,20,3,42,5" hai2="109,68,75,130,47,101,88,10,34,94,44,31,133" hai3="124,87,111,13,134,64,119,37,95,21,15,80,35"/><U78/><E70/><V93/><F109/><W92/><G35/><T39/><D39/><U28/><E42/><V61/><F75/><W41/><G111/><T116/><D116/><U2/><E78/><V89/><F133/><N who="1" m="51273" /><E107/><V58/><F68/><W97/><G95/><T43/><D43/><U84/><E28/><V86/><F101/><W38/><G134/><T48/><D33/><U131/><E125/><V103/><F103/><W54/><G64/><T102/><D29/><U123/><E131/><V114/><F114/><W73/><G73/><T100/><D12/><N who="1" m="9223" /><E123/><V36/><F36/><W60/><G124/><T83/><D1/><N who="1" m="11" /><E52/><N who="2" m="33991" /><F31/><W91/><G38/><T118/><D0/><U105/><E105/><V74/><F74/><W69/><G69/><T26/><D118/><U30/><E30/><V76/><F34/><W108/><G119/><T99/><D26/><U104/><E104/><V50/><F76/><W122/><G122/><T115/><D115/><U56/><E56/><V27/><F27/><W19/><G108/><T57/><REACH who="0" step="1"/><D85/><REACH who="0" ten="359,263,124,244" step="2"/><U49/><E49/><V71/><F50/><W18/><G37/><T127/><D127/><U25/><E25/><V129/><F130/><W126/><G41/><T128/><D128/><U120/><E120/><V32/><F129/><W72/><G72/><T59/><AGARI ba="0,1" hai="48,53,57,59,63,66,81,82,83,96,98,99,100,102" machi="59" ten="30,4000,0" yaku="1,1,0,1,8,1,53,0" doraHai="112" doraHaiUra="106" who="0" fromWho="0" sc="359,50,263,-20,124,-10,244,-10" /><INIT seed="2,0,0,4,4,120" ten="409,243,114,234" oya="2" hai0="93,3,26,29,66,100,9,126,38,47,124,87,122" hai1="49,121,14,2,19,111,123,31,130,68,22,76,131" hai2="94,37,45,5,34,71,113,52,78,119,80,7,129" hai3="69,103,102,15,84,32,88,8,1,60,106,33,89"/><V12/><F119/><W0/><G106/><T28/><D66/><U24/><E76/><V4/><F113/><W110/><G110/><T81/><D122/><N who="1" m="46603" /><E49/><N who="2" m="28719" /><F34/><W97/><G33/><T30/><D100/><U125/><E68/><V70/><F71/><W63/><G32/><T16/><D93/><U101/><E101/><N who="3" m="38410" /><G69/><T127/><D3/><U58/><E58/><V108/><F37/><W51/><G0/><T107/><D107/><U41/><E41/><V105/><F129/><N who="1" m="49161" /><E2/><V57/><F105/><W90/><G1/><T43/><D9/><N who="1" m="6607" /><E125/><V35/><F35/><W56/><G97/><T104/><D104/><U116/><E116/><V75/><F70/><W86/><G51/><T114/><D114/><U44/><E44/><V27/><F57/><W85/><G56/><T61/><D61/><U79/><E79/><V13/><F7/><AGARI ba="0,0" hai="7,8,15,60,63,84,85,86,88,89,90" m="38410" machi="7" ten="30,2000,0" yaku="8,1,54,1" doraHai="120" who="3" fromWho="2" sc="409,0,243,0,114,-20,234,20" /><INIT seed="3,0,0,3,4,134" ten="409,243,94,254" oya="3" hai0="8,106,51,53,101,88,27,11,68,74,67,86,82" hai1="76,12,92,59,114,26,10,124,135,41,45,116,58" hai2="43,98,61,104,127,125,24,131,65,17,36,119,30" hai3="63,40,2,69,23,70,89,33,20,64,29,105,132"/><W60/><G2/><T129/><D74/><U28/><E114/><V85/><F119/><W133/><G40/><T56/><D129/><U52/><E135/><N who="3" m="51786" /><G105/><T46/><D68/><N who="3" m="26217" /><G89/><T103/><D27/><U93/><E59/><V25/><F17/><W83/><G83/><T122/><D122/><U94/><E76/><V35/><F25/><N who="3" m="18607" /><G60/><N who="0" m="38279" /><D106/><U102/><E102/><AGARI ba="0,0" hai="8,11,46,51,53,82,86,88,101,102,103" m="38279" machi="102" ten="30,2000,0" yaku="8,1,54,1" doraHai="134" who="0" fromWho="1" sc="409,20,243,-20,94,0,254,0" /><INIT seed="4,0,0,2,4,112" ten="429,223,94,254" oya="0" hai0="97,105,35,50,72,58,129,14,87,47,92,52,123" hai1="2,108,49,13,6,16,33,45,73,69,7,66,40" hai2="25,39,67,75,9,34,70,79,118,132,74,38,5" hai3="17,29,104,100,54,99,36,111,82,24,113,41,61"/><T11/><D123/><U27/><E73/><V8/><F132/><W114/><G111/><T134/><D134/><U1/><E108/><V96/><F96/><W126/><G17/><T10/><D129/><U124/><E124/><V125/><F125/><W130/><G126/><T12/><D35/><U68/><E66/><V30/><F9/><W42/><G82/><T20/><D72/><N who="2" m="27690" /><F79/><W83/><G83/><T78/><D105/><U102/><E102/><V76/><F76/><W120/><G130/><T3/><D3/><U23/><E2/><N who="2" m="55" /><F118/><W63/><G120/><T127/><D127/><U4/><REACH who="1" step="1"/><E1/><REACH who="1" ten="429,213,94,254" step="2"/><V119/><F119/><W59/><G114/><T115/><D115/><U0/><E0/><V55/><F67/><W135/><G113/><T91/><D78/><U95/><E95/><V94/><F94/><W80/><G135/><T107/><D107/><U22/><E22/><V133/><F133/><W60/><G80/><T88/><D20/><U93/><E93/><V53/><F70/><W48/><REACH who="3" step="1"/><G36/><REACH who="3" ten="429,213,94,244" step="2"/><T19/><D97/><U57/><E57/><V43/><F39/><W86/><G86/><T90/><REACH who="0" step="1"/><D58/><REACH who="0" ten="419,213,94,244" step="2"/><U51/><E51/><V77/><F38/><W62/><N who="3" m="15360" /><DORA hai="56" /><W71/><G71/><T98/><D98/><U64/><E64/><V106/><F77/><W44/><G44/><T18/><AGARI ba="0,3" hai="10,11,12,14,18,19,47,50,52,87,88,90,91,92" machi="18" ten="20,18000,2" yaku="1,1,0,1,7,1,9,1,8,1,54,2,53,0" doraHai="112,56" doraHaiUra="37,122" who="0" fromWho="0" sc="419,210,213,-60,94,-60,244,-60" /><INIT seed="4,1,0,3,0,1" ten="629,153,34,184" oya="0" hai0="67,3,71,52,31,55,83,100,125,62,107,96,76" hai1="89,117,44,48,42,27,50,2,114,37,51,8,54" hai2="93,108,97,41,70,21,121,13,134,122,72,32,15" hai3="74,105,19,57,99,20,68,24,111,118,123,6,113"/><T22/><D125/><U28/><E117/><V53/><F108/><W86/><G74/><T82/><D82/><U61/><E114/><V77/><F70/><W104/><G68/><T85/><D3/><U132/><E132/><V43/><F32/><W81/><G111/><T110/><D110/><U101/><E101/><V119/><F119/><W56/><G118/><T16/><REACH who="0" step="1"/><D31/><REACH who="0" ten="619,153,34,184" step="2"/><U14/><E2/><V128/><F134/><W102/><G123/><T5/><D5/><U73/><E28/><V87/><F122/><W94/><G113/><T12/><AGARI ba="1,1" hai="12,16,22,52,55,62,67,71,76,83,85,96,100,107" machi="12" ten="20,18000,2" yaku="1,1,0,1,7,1,54,2,53,1" doraHai="1" doraHaiUra="10" who="0" fromWho="0" sc="619,193,153,-61,34,-61,184,-61" owari="812,92.0,92,-31.0,-27,-53.0,123,-8.0" /></mjloggm>