<mjloggm ver="2.3"><GO type="41" lobby="0"/><UN n0="%E7%B5%90%E5%9F%8E%E5%A5%88%E7%B7%92" n1="%E2%93%9D%53%75%70%68%78" n2="%E3%83%AA%E3%83%88%E3%83%AB%E8%8B%A5%E6%9E%97" n3="%E3%81%8C%E3%83%BC%E3%81%99%E3%83%BC%EF%BC%95%EF%BC%91" dan="15,18,13,14" rate="2078.35,2086.26,1857.82,1986.48" sx="F,M,M,M"/><TAIKYOKU oya="0"/><INIT seed="0,0,0,5,0,60" ten="250,250,250,250" oya="0" hai0="118,17,109,14,104,12,100,40,44,46,9,82,114" hai1="11,42,24,124,121,69,101,85,6,8,94,61,95" hai2="106,22,123,87,35,4,62,78,16,2,112,117,116" hai3="23,26,55,75,132,45,65,76,119,126,91,128,49"/><T30/><D114/><U1/><E121/><V71/><F106/><W32/><G32/><T18/><D118/><U57/><E69/><V50/><F123/><W7/><G119/><T15/><D109/><U38/><E124/><V113/><F35/><W125/><G76/><T98/><D30/><U0/><E42/><V115/><F2/><W130/><G75/><T25/><D82/><U81/><E38/><V108/><F4/><W36/><G7/><T19/><D25/><U89/><E101/><V64/><F108/><W110/><G110/><T79/><D79/><U90/><E24/><V33/><F33/><W92/><G36/><T134/><D134/><U111/><E111/><V27/><REACH who="2" step="1"/><F50/><REACH who="2" ten="250,250,240,250" step="2"/><W73/><G126/><T63/><D40/><U29/><E1/><V51/><F51/><W74/><G125/><T59/><REACH who="0" step="1"/><D9/><REACH who="0" ten="240,250,240,250" step="2"/><U47/><E11/><V66/><F66/><AGARI ba="0,2" hai="12,14,15,17,18,19,44,46,59,63,66,98,100,104" machi="66" ten="40,12000,1" yaku="1,1,2,1,52,1,53,1" doraHai="60" doraHaiUra="52" who="0" fromWho="2" sc="240,140,250,0,240,-120,250,0" /><INIT seed="0,1,0,3,1,91" ten="380,250,120,250" oya="0" hai0="46,6,63,108,59,72,43,49,89,121,100,15,103" hai1="5,118,9,71,67,3,17,74,53,82,90,35,54" hai2="76,109,88,19,115,68,126,62,37,32,106,97,60" hai3="116,87,44,83,102,122,16,29,80,104,48,133,120"/><T22/><D121/><N who="3" m="46697" /><G29/><T66/><D72/><U13/><E118/><V75/><F37/><W128/><G116/><T134/><D134/><U23/><E71/><V34/><F109/><W130/><G133/><T123/><D123/><U20/><E67/><V127/><F76/><N who="3" m="46471" /><G83/><T131/><D108/><U47/><E23/><V42/><F42/><N who="3" m="24599" /><G16/><N who="0" m="10527" /><D6/><U101/><E74/><V132/><F75/><W30/><G30/><T94/><D131/><U64/><E35/><V12/><F132/><W107/><G102/><T70/><D70/><U28/><E101/><V117/><F117/><W50/><G50/><T86/><AGARI ba="1,0" hai="43,46,49,59,63,66,86,89,94,100,103" m="10527" machi="86" ten="30,6000,0" yaku="8,1,52,1,54,1" doraHai="91" who="0" fromWho="0" sc="380,63,250,-21,120,-21,250,-21" /><INIT seed="0,2,0,2,2,53" ten="443,229,99,229" oya="0" hai0="84,83,101,113,56,123,23,106,28,29,65,0,131" hai1="127,73,47,24,45,30,95,109,117,90,118,20,76" hai2="126,50,88,100,135,72,41,104,79,38,40,122,71" hai3="58,32,98,91,8,81,57,112,82,5,114,59,62"/><T78/><D113/><U4/><E109/><V26/><F71/><W86/><G32/><T2/><D123/><U13/><E127/><V70/><F70/><W132/><G132/><T75/><D131/><U60/><E73/><V37/><F26/><W133/><G133/><T31/><D23/><U120/><E76/><V74/><F50/><W66/><G98/><T103/><D75/><U1/><E1/><V15/><F15/><W3/><REACH who="3" step="1"/><G82/><REACH who="3" ten="443,229,99,219" step="2"/><T34/><D34/><U134/><E134/><V39/><F135/><W19/><G19/><T43/><D83/><U80/><E80/><V61/><F126/><W6/><G6/><T9/><D28/><U7/><E7/><V119/><F119/><W116/><G116/><T111/><D29/><U49/><E118/><V105/><F122/><W25/><G25/><T93/><D31/><U52/><E120/><V97/><F97/><W89/><G89/><T64/><D101/><U55/><E117/><V130/><F88/><W54/><G54/><T67/><D103/><U94/><E90/><V129/><F100/><W102/><G102/><T110/><D110/><U99/><E99/><V21/><F105/><W10/><G10/><T11/><D11/><N who="1" m="4327" /><E47/><V63/><F104/><W128/><G128/><T42/><D106/><U85/><E85/><V51/><F129/><W121/><G121/><T68/><D111/><U14/><E14/><V18/><F130/><W33/><G33/><T46/><D84/><U92/><E92/><V69/><F72/><W96/><G96/><T17/><D93/><U108/><E108/><V115/><F74/><RYUUKYOKU ba="2,1" sc="443,-15,229,15,99,-15,219,15" hai1="20,24,30,45,49,52,55,60,94,95" hai3="3,5,8,57,58,59,62,66,81,86,91,112,114" /><INIT seed="1,3,1,3,3,85" ten="428,244,84,234" oya="1" hai0="106,35,36,12,119,115,50,133,104,47,60,24,130" hai1="107,127,19,69,73,129,116,82,87,90,17,7,41" hai2="98,96,112,25,110,76,20,58,66,23,30,113,75" hai3="65,94,49,2,40,118,81,57,46,86,89,55,95"/><U37/><E116/><V8/><F110/><W3/><G118/><T131/><D119/><U44/><E69/><V135/><F135/><W54/><G65/><T28/><D133/><U4/><E107/><V51/><F76/><W16/><G54/><T6/><D115/><U78/><E129/><N who="0" m="49161" /><D36/><U29/><E127/><V100/><F75/><W67/><G67/><T134/><D60/><U97/><E97/><V13/><F98/><W93/><REACH who="3" step="1"/><G16/><REACH who="3" ten="428,244,84,224" step="2"/><T32/><D134/><U18/><REACH who="1" step="1"/><E29/><REACH who="1" ten="428,234,84,224" step="2"/><V109/><F30/><W22/><G22/><T34/><D34/><U79/><E79/><V125/><F23/><W103/><G103/><T101/><D101/><U102/><E102/><V123/><F20/><W117/><G117/><T21/><D32/><U128/><E128/><V48/><F100/><W31/><G31/><T39/><D35/><U9/><E9/><V88/><F8/><W52/><G52/><T0/><D28/><U45/><E45/><V42/><F66/><W105/><G105/><T114/><D104/><U14/><E14/><V43/><F13/><W10/><G10/><T132/><D47/><U33/><E33/><V59/><F113/><W11/><G11/><T56/><D12/><U121/><E121/><V61/><F112/><W53/><G53/><N who="0" m="31799" /><D114/><U64/><E64/><V72/><F123/><W15/><G15/><T71/><D106/><U38/><E38/><AGARI ba="3,3" hai="2,3,38,40,46,49,55,57,81,86,89,93,94,95" machi="38" ten="40,2600,0" yaku="1,1,52,1,53,0" doraHai="85" doraHaiUra="99" who="3" fromWho="1" sc="428,0,234,-35,84,0,224,65" /><INIT seed="2,0,0,3,1,53" ten="428,199,84,289" oya="2" hai0="125,1,5,105,41,84,89,23,3,59,42,56,124" hai1="28,12,34,71,60,19,72,82,128,131,52,39,49" hai2="73,135,114,66,78,35,98,104,58,32,44,30,29" hai3="17,43,103,91,88,107,6,92,50,14,48,21,62"/><V94/><F104/><W112/><G107/><T77/><D105/><U37/><E28/><V100/><F114/><W79/><G79/><T11/><D77/><N who="1" m="44327" /><E34/><V8/><F78/><W13/><G112/><T95/><D1/><U38/><E60/><V122/><F122/><W134/><G134/><T57/><REACH who="0" step="1"/><D23/><REACH who="0" ten="418,199,84,289" step="2"/><U20/><E20/><V63/><F135/><W80/><G21/><T111/><D111/><U113/><E113/><V115/><F115/><W132/><G132/><T126/><AGARI ba="0,1" hai="3,5,11,41,42,56,57,59,84,89,95,124,125,126" machi="126" ten="40,12000,2" yaku="1,1,0,1,18,1,52,3,53,1" doraHai="53" doraHaiUra="0" who="0" fromWho="0" sc="418,130,199,-30,84,-60,289,-30" /><INIT seed="3,0,0,4,2,121" ten="548,169,24,259" oya="3" hai0="122,109,123,106,72,40,21,89,18,53,15,67,59" hai1="62,105,23,22,61,9,104,107,54,94,80,81,131" hai2="132,101,120,13,38,42,87,99,70,46,14,88,65" hai3="126,128,103,76,10,49,79,133,2,125,57,73,0"/><W36/><G36/><T34/><D34/><U24/><E131/><V102/><F132/><W43/><G128/><T12/><D72/><U19/><E9/><V93/><F120/><W28/><G103/><T20/><D106/><U119/><E119/><V16/><F70/><W4/><G0/><T71/><D40/><U108/><E94/><V7/><F65/><W1/><G1/><T95/><D67/><U55/><E19/><V84/><F7/><W129/><G129/><T116/><D71/><U117/><E24/><V6/><F6/><W63/><G28/><T86/><D109/><U83/><E117/><V66/><F66/><W75/><G75/><T97/><D20/><N who="1" m="7723" /><E108/><V5/><F5/><W47/><G133/><T85/><D116/><U45/><E45/><V78/><F13/><W91/><G91/><T31/><D122/><U3/><E3/><V92/><F78/><W29/><G29/><T100/><D12/><U58/><E58/><V82/><F87/><W32/><G32/><T60/><D85/><U44/><E44/><V26/><F26/><W68/><G68/><T110/><D110/><U56/><E56/><V33/><F33/><W48/><G73/><T135/><D31/><U41/><E41/><V27/><F27/><W77/><REACH who="3" step="1"/><G48/><REACH who="3" ten="548,169,24,249" step="2"/><T96/><D135/><U17/><E17/><V11/><REACH who="2" step="1"/><F93/><REACH who="2" ten="548,169,14,249" step="2"/><W130/><G130/><T8/><D95/><U127/><E127/><V113/><F113/><W39/><G39/><T124/><D123/><U52/><AGARI ba="0,2" hai="52,54,55,61,62,80,81,83,104,105,107" m="7723" machi="52" ten="40,8000,1" yaku="29,2,28,2,54,1" doraHai="121" who="1" fromWho="1" sc="548,-20,169,100,14,-20,249,-40" owari="528,63.0,269,7.0,-6,-51.0,209,-19.0" /></mjloggm>