<mjloggm ver="2.3"><GO type="41" lobby="0"/><UN n0="%6E%65%6B%6F%73%61%7A%61" n1="%E3%83%81%E3%82%AD%E3%83%B3%E3%81%8B%E3%82%8C%E3%83%BC" n2="%E6%98%8E%E5%AE%98" n3="%E2%93%9D%53%75%70%68%78" dan="15,15,15,17" rate="1962.74,1977.07,1962.42,2048.44" sx="M,F,M,M"/><TAIKYOKU oya="0"/><INIT seed="0,0,0,3,5,57" ten="250,250,250,250" oya="0" hai0="6,91,90,52,32,18,107,20,42,13,114,1,99" hai1="0,84,98,54,105,82,56,75,24,61,126,40,63" hai2="25,27,17,38,43,76,79,104,30,19,23,46,9" hai3="102,109,33,50,10,31,123,35,74,128,59,73,67"/><T69/><D42/><U96/><E75/><V36/><F104/><W41/><G109/><T103/><D69/><U92/><E0/><V29/><F36/><W100/><G128/><T131/><D131/><U68/><E126/><V34/><REACH who="2" step="1"/><F9/><REACH who="2" ten="250,250,240,250" step="2"/><W16/><G10/><T86/><D114/><U85/><E105/><V117/><F117/><W101/><G123/><T134/><D134/><U45/><E68/><V88/><F88/><W58/><G102/><T72/><D91/><U8/><E8/><V7/><F7/><W130/><G130/><T135/><D135/><U81/><E24/><V122/><F122/><W120/><G120/><T94/><D6/><U44/><E92/><V48/><F48/><W106/><G50/><T39/><D39/><U119/><E119/><V87/><F87/><W15/><G106/><T71/><D72/><U14/><E40/><V64/><F64/><W12/><G41/><T2/><D71/><U93/><E93/><V53/><F53/><W125/><G67/><T115/><D115/><U118/><E118/><V22/><F22/><W11/><G11/><T113/><D113/><U4/><E4/><V97/><F97/><W66/><G66/><T111/><D32/><U89/><E89/><V62/><F62/><W77/><G35/><T55/><REACH who="0" step="1"/><D111/><REACH who="0" ten="240,250,240,250" step="2"/><U60/><E81/><V51/><F51/><W116/><G33/><T108/><D108/><U3/><E82/><V26/><F26/><W37/><G37/><T78/><D78/><AGARI ba="0,2" hai="17,19,23,25,27,29,30,34,38,43,46,76,78,79" machi="78" ten="40,1300,0" yaku="1,1,53,0" doraHai="57" doraHaiUra="83" who="2" fromWho="0" sc="240,-13,250,0,240,33,250,0" /><INIT seed="1,0,0,0,4,84" ten="227,250,273,250" oya="1" hai0="130,20,71,124,36,54,47,62,24,43,102,17,99" hai1="119,123,108,37,58,93,18,9,81,135,100,10,72" hai2="90,11,0,30,35,14,126,61,85,78,38,104,59" hai3="103,64,74,6,97,7,25,4,94,65,117,2,57"/><U95/><E119/><V121/><F104/><W63/><G117/><T128/><D124/><U122/><E37/><V45/><F126/><W12/><G74/><T51/><D71/><U8/><E135/><V27/><F0/><W127/><G2/><T46/><REACH who="0" step="1"/><D62/><REACH who="0" ten="217,250,273,250" step="2"/><U113/><E113/><V68/><F68/><W67/><G127/><T29/><D29/><U82/><E122/><V96/><F121/><W116/><G116/><T56/><D56/><U32/><E123/><V106/><F45/><W34/><G34/><T3/><D3/><U132/><E32/><V118/><F118/><W33/><G33/><T41/><D41/><U15/><E132/><V5/><F59/><W114/><G114/><T48/><D48/><U80/><E108/><V129/><F38/><W105/><G105/><AGARI ba="0,1" hai="17,20,24,36,43,46,47,51,54,99,102,105,128,130" machi="105" ten="40,1300,0" yaku="1,1,53,0" doraHai="84" doraHaiUra="79" who="0" fromWho="3" sc="217,23,250,0,273,0,250,-13" /><INIT seed="2,0,0,3,5,108" ten="240,250,273,237" oya="2" hai0="117,50,84,110,126,29,75,97,104,67,20,0,18" hai1="88,130,52,78,114,57,135,60,5,107,2,71,37" hai2="80,32,64,125,118,22,61,89,28,23,115,76,17" hai3="93,92,14,128,121,9,6,69,116,131,82,39,81"/><V70/><F125/><W98/><G116/><T56/><D0/><U7/><E37/><V16/><F118/><W43/><G69/><T101/><D75/><U119/><E119/><V90/><F32/><W59/><G121/><T1/><D117/><U13/><E2/><V111/><F28/><W102/><G59/><T120/><D1/><U35/><E35/><V72/><F111/><W19/><G93/><T96/><D120/><U4/><E107/><V62/><F61/><W41/><G6/><T122/><D110/><U113/><E130/><N who="3" m="49706" /><G39/><T26/><D122/><U68/><E135/><V85/><F115/><W124/><G124/><T99/><D126/><U112/><E78/><V34/><F34/><W48/><G48/><T86/><D104/><U103/><E103/><V58/><F70/><W46/><G46/><T53/><D101/><U79/><E79/><V49/><F49/><W36/><G36/><T74/><D74/><U129/><E129/><V133/><F72/><W11/><G11/><T8/><D67/><U33/><E33/><V24/><REACH who="2" step="1"/><F133/><REACH who="2" ten="240,250,263,237" step="2"/><W106/><G106/><T123/><D123/><U31/><E31/><V51/><F51/><W42/><AGARI ba="0,1" hai="9,14,19,41,42,43,81,82,92,98,102" m="49706" machi="42" ten="30,1100,0" yaku="19,1" doraHai="108" who="3" fromWho="3" sc="240,-3,250,-3,263,-5,237,21" /><INIT seed="3,0,0,4,1,37" ten="237,247,258,258" oya="3" hai0="89,113,71,18,17,27,118,50,93,72,9,135,7" hai1="36,28,98,44,52,133,35,81,99,53,23,69,123" hai2="39,128,34,85,21,64,106,82,67,110,46,38,29" hai3="92,134,2,102,119,62,107,95,33,83,124,31,63"/><W25/><G119/><T10/><D72/><U22/><E123/><V24/><F110/><W80/><G2/><T5/><D118/><U55/><E69/><V86/><F106/><W130/><G134/><T109/><D71/><U87/><E133/><V3/><F3/><W74/><G124/><T59/><D135/><U101/><E35/><V120/><F128/><W121/><G121/><T76/><D76/><U51/><E36/><V12/><F120/><W13/><G107/><T111/><D113/><U100/><E28/><V49/><F39/><W47/><G13/><N who="0" m="5295" /><D59/><U112/><E112/><V65/><F38/><W129/><G47/><T116/><D116/><U42/><E99/><V61/><F61/><N who="3" m="23051" /><G102/><N who="1" m="39530" /><E98/><V126/><F126/><W114/><G114/><T104/><D50/><U41/><E41/><V15/><F34/><W40/><G40/><T94/><D94/><N who="3" m="35881" /><G74/><T8/><D104/><U77/><AGARI ba="0,0" hai="22,23,42,44,51,52,53,55,77,81,87" m="39530" machi="77" ten="30,4000,0" yaku="8,1,52,1,54,1" doraHai="37" who="1" fromWho="1" sc="237,-10,247,40,258,-10,258,-20" /><INIT seed="4,0,0,2,0,41" ten="227,287,248,238" oya="0" hai0="74,23,60,66,119,135,95,10,70,69,102,30,33" hai1="0,45,77,16,120,68,106,32,51,13,105,39,63" hai2="113,18,53,116,118,37,128,55,20,80,64,101,75" hai3="133,88,131,31,34,132,12,61,40,2,4,72,93"/><T57/><D74/><U130/><E120/><V114/><F37/><W90/><G72/><T7/><D119/><N who="2" m="45610" /><F101/><W73/><G2/><T115/><D115/><N who="2" m="44042" /><F64/><W117/><G131/><T111/><D111/><U96/><E39/><V17/><F128/><W103/><G73/><T44/><D44/><U26/><E130/><V65/><F65/><W126/><G126/><T50/><D33/><U134/><E32/><V36/><F36/><W125/><G125/><T121/><D50/><U109/><E0/><V71/><F71/><W5/><G103/><T35/><D35/><U49/><E68/><V58/><F20/><W99/><G117/><T124/><D135/><U24/><E134/><V19/><F58/><W59/><G133/><T3/><D121/><U48/><E109/><V15/><F15/><W91/><G12/><T82/><D82/><U110/><E13/><V25/><F25/><W1/><G1/><T78/><D78/><AGARI ba="0,0" hai="17,18,19,53,55,75,78,80" m="44042,45610" machi="78" ten="40,2600,0" yaku="12,1,15,1" doraHai="41" who="2" fromWho="0" sc="227,-26,287,0,248,26,238,0" /><INIT seed="5,0,0,5,5,117" ten="201,287,274,238" oya="1" hai0="107,19,56,92,31,6,85,23,47,60,30,51,129" hai1="22,82,93,122,21,78,131,113,50,40,36,87,34" hai2="37,134,108,89,115,73,27,25,90,24,58,79,96" hai3="12,18,95,97,44,15,106,52,91,11,0,110,35"/><U119/><E119/><V7/><F108/><W130/><G110/><T121/><D107/><U71/><E34/><V109/><F37/><W14/><G130/><T48/><D129/><U105/><E131/><V114/><F7/><W99/><G35/><T126/><D6/><U101/><E71/><V46/><F46/><W111/><G111/><T88/><D126/><U81/><E36/><V39/><F39/><W43/><G0/><T70/><D70/><U75/><E113/><V124/><F124/><W4/><G43/><T8/><D121/><U76/><E122/><V112/><F58/><W5/><G106/><T57/><D8/><U86/><E40/><V118/><F118/><W54/><G99/><T69/><D51/><U68/><E50/><V102/><F109/><W17/><G44/><T26/><D69/><U41/><E41/><V49/><F49/><W127/><G127/><T133/><D133/><U116/><E68/><V63/><F63/><W55/><G15/><T9/><D9/><AGARI ba="0,0" hai="4,5,9,11,12,14,17,18,52,54,55,91,95,97" machi="9" ten="40,5200,0" yaku="9,1,8,1,54,1" doraHai="117" who="3" fromWho="0" sc="201,-52,287,0,274,0,238,52" /><INIT seed="6,0,0,4,5,64" ten="149,287,274,290" oya="2" hai0="3,28,122,48,114,45,119,121,73,106,42,101,132" hai1="62,49,2,20,0,10,67,8,14,76,27,5,93" hai2="111,33,66,4,29,134,81,50,26,96,123,128,51" hai3="80,108,13,83,90,71,86,130,87,105,78,53,37"/><V126/><F123/><W112/><G108/><T104/><D3/><U100/><E76/><V11/><F111/><W54/><G37/><T12/><D73/><U97/><E49/><V61/><F128/><W115/><G130/><T110/><D110/><U43/><E43/><V34/><F126/><W39/><G39/><T109/><D109/><U70/><REACH who="1" step="1"/><E10/><REACH who="1" ten="149,277,274,290" step="2"/><V117/><F50/><W1/><G78/><T77/><D119/><U47/><E47/><V52/><F117/><W30/><G115/><T74/><D114/><U95/><E95/><V25/><F81/><W57/><G83/><T82/><D132/><U24/><E24/><V127/><F26/><W56/><G80/><T91/><D28/><AGARI ba="0,1" hai="0,2,5,8,14,20,27,28,62,67,70,93,97,100" machi="28" ten="30,3900,0" yaku="1,1,7,1,52,1,53,0" doraHai="64" doraHaiUra="68" who="1" fromWho="0" sc="149,-39,277,49,274,0,290,0" /><INIT seed="7,0,0,5,5,38" ten="110,326,274,290" oya="3" hai0="66,25,126,27,32,89,51,47,86,97,99,119,3" hai1="21,113,112,69,43,73,125,122,91,60,118,103,70" hai2="114,110,130,4,74,93,36,82,83,45,35,19,71" hai3="98,29,95,53,17,49,48,134,111,87,56,18,108"/><W131/><G131/><T34/><D3/><U41/><E122/><V10/><F110/><N who="3" m="42027" /><G134/><T116/><D66/><U28/><E118/><V16/><F71/><N who="1" m="27145" /><E60/><V6/><F35/><W127/><G127/><T44/><D86/><U54/><E73/><V20/><F130/><W84/><G29/><T104/><D51/><U92/><E103/><V79/><F83/><W128/><G128/><T80/><D80/><U12/><E54/><V135/><F135/><W63/><G87/><T26/><D89/><U75/><E75/><V65/><F65/><W37/><G37/><T81/><D81/><U129/><E129/><V23/><F93/><W96/><G84/><T11/><D11/><U61/><E61/><V62/><F62/><W94/><G94/><T57/><D57/><U123/><E123/><V15/><F10/><W115/><G115/><N who="1" m="44106" /><E125/><V59/><F114/><W67/><G49/><T5/><D5/><U7/><E28/><V52/><F36/><W105/><G105/><T121/><D121/><U124/><E124/><V77/><F77/><W78/><G78/><T102/><D126/><U120/><E120/><V39/><F39/><W1/><G1/><T46/><D102/><U117/><E117/><V40/><F74/><W133/><G133/><T88/><D104/><U64/><E7/><V0/><F0/><W132/><G132/><T31/><D31/><U13/><E64/><V68/><F79/><W14/><G95/><T30/><D30/><U22/><E92/><V50/><F82/><W42/><G67/><T90/><D119/><U9/><E9/><V101/><F68/><RYUUKYOKU ba="0,0" sc="110,0,326,0,274,0,290,0" owari="110,-39.0,326,43.0,274,-13.0,290,9.0" /></mjloggm>