<mjloggm ver="2.3"><GO type="41" lobby="0"/><UN n0="%E3%83%89%E3%83%A9%E3%82%B4%E3%83%B3%48%49%44%45" n1="%E2%93%9D%53%75%70%68%78" n2="%E3%82%AB%E3%83%94%E3%83%90%E3%83%A9%E4%B8%89%E4%B8%96" n3="%E3%82%AC%E3%83%A0%E3%82%AC%E3%83%A0" dan="14,18,15,14" rate="1940.29,2069.98,2012.73,1877.95" sx="M,M,F,M"/><TAIKYOKU oya="0"/><INIT seed="0,0,0,3,3,92" ten="250,250,250,250" oya="0" hai0="95,96,133,97,18,45,114,28,43,109,122,30,16" hai1="3,127,10,7,99,64,17,65,128,85,104,22,101" hai2="13,88,76,111,5,2,80,46,8,81,48,129,38" hai3="73,25,49,94,110,125,62,15,86,98,130,131,87"/><T51/><D122/><U120/><E120/><V31/><F129/><W23/><G110/><T36/><D114/><U53/><E128/><N who="3" m="49194" /><G125/><T27/><D109/><U132/><E132/><V123/><F123/><W41/><G73/><T56/><D133/><U70/><E127/><V12/><F31/><N who="0" m="11818" /><D36/><U100/><E100/><V14/><F38/><W74/><G74/><T135/><D135/><U24/><E70/><V29/><F29/><N who="3" m="17599" /><G62/><T34/><D34/><U77/><REACH who="1" step="1"/><E53/><REACH who="1" ten="250,240,250,250" step="2"/><V115/><F111/><W39/><G39/><T71/><D71/><U116/><E116/><V40/><F115/><W78/><G78/><T82/><D82/><AGARI ba="0,1" hai="3,7,10,17,22,24,64,65,77,82,85,99,101,104" machi="82" ten="40,2600,0" yaku="1,1,52,1,53,0" doraHai="92" doraHaiUra="66" who="1" fromWho="0" sc="250,-26,240,36,250,0,250,0" /><INIT seed="1,0,0,4,4,130" ten="224,276,250,250" oya="1" hai0="15,22,134,68,90,18,45,119,59,28,14,62,85" hai1="116,1,17,35,75,13,16,115,84,88,93,72,21" hai2="79,26,12,52,89,102,123,95,6,30,92,81,56" hai3="44,133,104,120,125,7,38,105,87,127,65,77,32"/><U49/><E115/><V53/><F123/><W74/><G120/><T96/><D119/><U111/><E116/><V109/><F109/><W99/><G74/><T114/><D114/><U60/><E35/><V51/><F53/><W91/><G32/><T101/><D134/><U117/><E1/><V43/><F43/><W82/><G65/><T9/><D68/><U131/><E117/><V86/><F102/><W40/><G7/><T66/><D45/><U129/><E111/><V107/><F107/><W25/><G25/><T124/><D124/><N who="3" m="47689" /><G133/><T69/><D69/><U83/><E60/><V55/><F55/><W48/><G38/><T34/><D34/><U76/><E49/><V41/><F41/><W50/><G48/><T108/><D108/><U31/><E31/><V61/><F61/><W112/><G112/><T37/><D37/><U36/><E36/><V54/><F54/><W39/><G39/><T64/><D64/><U8/><REACH who="1" step="1"/><E75/><REACH who="1" ten="224,266,250,250" step="2"/><V122/><F122/><W135/><G135/><T78/><D28/><U20/><E20/><V23/><F79/><W10/><G10/><AGARI ba="0,1" hai="6,10,12,23,26,30,51,52,56,81,86,89,92,95" machi="10" ten="40,2600,0" yaku="8,1,54,1" doraHai="130" who="2" fromWho="3" sc="224,0,266,0,250,36,250,-26" /><INIT seed="2,0,0,3,5,123" ten="224,266,286,224" oya="2" hai0="82,127,62,119,78,120,3,27,70,76,122,69,29" hai1="18,110,111,95,101,92,116,74,104,52,115,90,108" hai2="11,21,35,81,41,39,38,4,114,6,109,129,12" hai3="48,85,61,96,7,46,80,67,53,73,26,102,51"/><V107/><F107/><W105/><G73/><T50/><D3/><U32/><E32/><V117/><F114/><W125/><G125/><T31/><D127/><U133/><E115/><V1/><F117/><W2/><G26/><T128/><D128/><U25/><E116/><V79/><F129/><W100/><G100/><T89/><D119/><U132/><E74/><V63/><F4/><W13/><G2/><T112/><D112/><U30/><E18/><V49/><F35/><W93/><G51/><T36/><D50/><U19/><E19/><V23/><F63/><W94/><G13/><T43/><D27/><U60/><E101/><V28/><F21/><W97/><G97/><T0/><D89/><U106/><E106/><V56/><F56/><W68/><REACH who="3" step="1"/><G7/><REACH who="3" ten="224,266,286,214" step="2"/><T44/><D0/><U98/><E104/><V126/><F126/><W77/><AGARI ba="0,1" hai="46,48,53,61,67,68,77,80,85,93,94,96,102,105" machi="77" ten="20,8000,1" yaku="1,1,2,1,0,1,7,1,53,1" doraHai="123" doraHaiUra="58" who="3" fromWho="3" sc="224,-20,266,-20,286,-40,214,90" /><INIT seed="3,0,0,2,3,110" ten="204,246,246,304" oya="3" hai0="4,10,99,21,5,45,30,71,84,124,89,109,132" hai1="35,125,17,87,131,34,63,61,37,14,104,66,54" hai2="114,24,12,49,32,20,36,3,127,128,121,134,100" hai3="41,28,111,88,115,73,80,0,33,135,91,39,59"/><W76/><G135/><T11/><D132/><U2/><E2/><V15/><F36/><W55/><G0/><T96/><D109/><U95/><E104/><V31/><F134/><W27/><G115/><T75/><D75/><U116/><E37/><V46/><F128/><W68/><G68/><T19/><D30/><U85/><E125/><V83/><F127/><W107/><G107/><T123/><D124/><U62/><E66/><V26/><F100/><W48/><REACH who="3" step="1"/><G111/><REACH who="3" ten="204,246,246,294" step="2"/><T38/><D123/><U117/><E117/><V105/><F3/><W18/><G18/><T98/><D71/><U82/><E116/><V90/><F105/><W103/><G103/><T81/><D38/><U106/><E106/><V23/><F114/><W129/><G129/><T126/><D126/><U43/><E131/><V22/><F121/><W133/><G133/><T53/><D4/><U29/><E17/><V97/><F26/><W130/><G130/><T16/><D5/><U57/><E14/><V94/><F83/><W65/><G65/><T101/><D101/><U9/><E82/><V93/><F94/><W78/><G78/><T77/><D77/><U50/><E95/><V70/><F70/><W118/><G118/><T108/><D108/><U1/><E1/><V47/><F12/><W25/><G25/><N who="0" m="14503" /><D19/><U13/><E13/><V58/><F15/><W6/><G6/><T8/><D8/><U122/><E9/><V56/><REACH who="2" step="1"/><F49/><AGARI ba="0,1" hai="10,11,45,49,53,81,84,89,96,98,99" m="14503" machi="49" ten="30,2000,0" yaku="8,1,54,1" doraHai="110" who="0" fromWho="2" sc="204,30,246,0,246,-20,294,0" /><INIT seed="4,0,0,0,0,12" ten="234,246,226,294" oya="0" hai0="66,13,107,131,48,81,111,8,115,117,6,110,83" hai1="58,130,9,109,40,125,106,102,34,28,71,104,86" hai2="108,54,23,114,59,116,0,2,49,120,100,91,57" hai3="112,1,62,47,94,65,129,72,87,37,122,20,17"/><T80/><D117/><U76/><E71/><V27/><F120/><W25/><G122/><T93/><D115/><U69/><E69/><V56/><F114/><W55/><G112/><T63/><D131/><U46/><E125/><V33/><F33/><W74/><G1/><T97/><D107/><U121/><E109/><N who="0" m="41481" /><D48/><U77/><E106/><V60/><F116/><W67/><G129/><T85/><D85/><U42/><E86/><V70/><F100/><W45/><G45/><T24/><D24/><U44/><E44/><V79/><F79/><W126/><G126/><T68/><D83/><U43/><E104/><V134/><F134/><W18/><G18/><T35/><D35/><U52/><E34/><V92/><F0/><W135/><G135/><T96/><D96/><U26/><E26/><V88/><F2/><W61/><G61/><T84/><D84/><U133/><E130/><V95/><F70/><W14/><G25/><T123/><D123/><U105/><E105/><V51/><F108/><W10/><G87/><T53/><D53/><U31/><E52/><N who="2" m="31759" /><F92/><W29/><G94/><T3/><D3/><U90/><E133/><V7/><F7/><W124/><G124/><T118/><D118/><U89/><E121/><V98/><F95/><W16/><G72/><T78/><D78/><U99/><E77/><V132/><F98/><W82/><G74/><T22/><D22/><U50/><E76/><V75/><F75/><W4/><G20/><T36/><D36/><U19/><E99/><V41/><F132/><W30/><G37/><T64/><D64/><U119/><E119/><RYUUKYOKU ba="0,0" sc="234,30,246,-10,226,-10,294,-10" hai0="6,8,13,63,66,68,80,81,93,97" /><INIT seed="4,1,0,3,5,119" ten="264,236,216,284" oya="0" hai0="109,68,92,66,128,103,75,20,106,134,56,77,94" hai1="7,85,70,40,48,135,14,133,17,118,127,111,83" hai2="52,8,35,15,60,89,31,0,87,57,82,101,59" hai3="129,34,37,78,69,124,120,132,1,21,104,27,80"/><T88/><D128/><U122/><E118/><V53/><F101/><W107/><RYUUKYOKU type="yao9" ba="1,0" sc="264,0,236,0,216,0,284,0" hai3="1,21,27,34,37,69,78,80,104,107,120,124,129,132" /><INIT seed="4,2,0,1,3,0" ten="264,236,216,284" oya="0" hai0="108,59,47,110,121,89,26,92,67,106,96,6,14" hai1="24,124,117,25,11,133,22,127,86,55,112,40,43" hai2="63,90,131,81,120,95,134,37,19,122,5,105,38" hai3="42,17,123,102,23,53,33,97,27,76,94,12,104"/><T111/><D121/><U99/><E117/><V88/><F105/><W16/><G123/><T77/><D77/><U114/><E133/><V8/><F134/><W87/><G42/><N who="1" m="15914" /><E86/><V126/><F126/><N who="1" m="48169" /><E22/><V128/><F19/><W39/><G39/><T125/><D125/><U50/><E99/><V9/><F81/><W46/><G33/><T71/><D71/><U29/><E11/><V30/><F63/><W98/><G76/><T64/><D47/><N who="1" m="28127" /><E29/><V44/><F30/><W93/><G87/><N who="0" m="52287" /><D26/><AGARI ba="2,0" hai="24,25,26,112,114" m="28127,48169,15914" machi="26" ten="40,1300,0" yaku="18,1" doraHai="0" who="1" fromWho="0" sc="264,-19,236,19,216,0,284,0" /><INIT seed="5,0,0,0,2,57" ten="245,255,216,284" oya="1" hai0="32,14,30,31,87,98,86,53,118,9,73,105,0" hai1="131,1,33,72,97,36,113,81,25,49,13,41,2" hai2="7,71,58,76,15,35,69,78,125,67,66,22,47" hai3="102,21,100,108,77,134,46,115,75,38,23,119,84"/><U83/><E113/><V85/><F35/><W110/><G46/><T18/><D118/><U79/><E49/><V6/><F47/><W107/><G84/><N who="0" m="32299" /><D32/><U34/><E13/><V133/><F85/><W122/><G77/><T120/><D120/><U4/><E131/><V3/><F58/><W26/><G26/><T99/><D73/><U65/><E97/><N who="0" m="36873" /><D105/><U121/><E121/><V63/><F22/><W10/><G122/><T24/><D0/><U106/><E106/><V95/><F15/><W61/><G107/><T111/><D111/><U64/><E25/><V8/><F95/><W29/><G75/><T20/><D53/><U80/><E72/><V90/><F90/><W93/><G110/><T124/><D124/><U28/><E79/><V88/><F125/><W54/><G54/><T50/><D50/><U60/><E36/><V45/><F45/><W52/><G38/><T42/><D42/><U17/><E41/><V40/><F40/><W123/><G52/><T48/><D48/><U130/><E34/><V62/><F88/><W96/><G108/><T27/><D27/><U16/><E33/><V103/><F103/><W12/><G100/><T59/><D59/><U55/><E55/><V37/><F37/><W126/><G119/><T70/><D70/><U101/><E101/><V39/><F39/><W68/><G102/><T91/><D91/><U19/><E2/><V51/><F51/><W56/><G126/><T43/><D43/><U135/><E1/><V104/><F104/><W114/><G123/><T132/><D132/><U109/><E109/><V117/><F133/><RYUUKYOKU ba="0,0" sc="245,30,255,-10,216,-10,284,-10" hai0="9,14,18,20,24,30,31" /><INIT seed="6,1,0,0,2,127" ten="275,245,206,274" oya="2" hai0="92,29,3,34,106,98,78,22,110,16,8,114,66" hai1="9,61,95,63,26,91,85,27,14,30,81,94,82" hai2="89,19,55,0,88,77,132,71,33,54,99,105,131" hai3="128,87,130,65,40,58,101,37,6,102,32,51,57"/><V121/><F121/><W28/><G37/><T84/><D110/><U118/><E118/><V75/><F71/><W69/><G6/><T86/><D114/><U43/><E43/><V17/><F33/><W41/><G87/><T56/><D34/><U103/><E82/><V44/><F0/><W124/><G124/><T72/><D72/><U5/><E27/><V42/><F75/><W83/><G83/><T46/><D106/><U15/><E15/><V64/><F64/><W59/><G69/><T129/><D129/><N who="3" m="49769" /><G65/><T76/><D46/><U74/><E74/><V79/><F105/><W38/><G38/><T73/><D73/><U24/><E81/><V109/><F132/><W45/><G41/><T119/><D119/><U134/><E134/><V67/><F67/><W93/><G93/><T49/><D3/><U115/><E115/><V25/><F131/><W123/><G123/><T62/><D49/><U20/><REACH who="1" step="1"/><E26/><AGARI ba="1,0" hai="26,28,32,40,45,51,57,58,59,101,102" m="49769" machi="26" ten="30,7700,0" yaku="19,1,52,3" doraHai="127" who="3" fromWho="1" sc="275,0,245,-80,206,0,274,80" /><INIT seed="7,0,0,5,4,13" ten="275,165,206,354" oya="3" hai0="108,36,78,9,91,89,12,128,77,6,127,3,24" hai1="23,116,10,96,7,131,2,34,93,86,82,35,46" hai2="51,48,50,126,87,68,100,90,0,39,110,17,19" hai3="45,129,109,117,65,124,66,69,30,121,4,21,95"/><W58/><G117/><T97/><D108/><U85/><E116/><V102/><F110/><W118/><G118/><T103/><D127/><U28/><E131/><V122/><F68/><W32/><G109/><T52/><D128/><U20/><E86/><V135/><F39/><W114/><G129/><T14/><D36/><U84/><E84/><V94/><F0/><W15/><G121/><T112/><D112/><U29/><E46/><V60/><F126/><W123/><G123/><T37/><D37/><U106/><E106/><V31/><F31/><W56/><G124/><T71/><D71/><U49/><E49/><N who="2" m="12547" /><V63/><DORA hai="75" /><F135/><W40/><G32/><T130/><D130/><U57/><E57/><V98/><F122/><W42/><G30/><T62/><D24/><U73/><E73/><V104/><F104/><W25/><G58/><N who="0" m="35143" /><D14/><U22/><E29/><V47/><F47/><W132/><G25/><T5/><D3/><U99/><E28/><V120/><F120/><W119/><G15/><N who="0" m="5551" /><D103/><N who="2" m="39466" /><F87/><W101/><G69/><T113/><D113/><U80/><E80/><V70/><F70/><W11/><G114/><T83/><D83/><U1/><E1/><V61/><AGARI ba="0,0" hai="17,19,60,61,63,90,94,98" m="39466,12547" machi="61" ten="40,5200,0" yaku="8,1,52,2" doraHai="13,75" who="2" fromWho="2" sc="275,-13,165,-13,206,52,354,-26" owari="262,6.0,152,-35.0,258,-14.0,328,43.0" /></mjloggm>