<mjloggm ver="2.3"><GO type="41" lobby="0"/><UN n0="%E3%82%8A%E3%82%85" n1="%75%72%75%7A%37" n2="%E3%81%93%E3%81%8F%E3%82%89%E3%81%82%E3%81%95%E3%81%B2" n3="%E2%93%9D%53%75%70%68%78" dan="14,14,13,18" rate="1890.63,1952.67,1863.67,2040.64" sx="F,M,F,M"/><TAIKYOKU oya="0"/><INIT seed="0,0,0,0,4,127" ten="250,250,250,250" oya="0" hai0="4,94,41,61,45,53,1,75,40,106,114,96,88" hai1="102,126,14,79,67,105,98,78,92,30,87,76,117" hai2="129,62,90,16,64,31,37,46,47,121,27,42,15" hai3="24,95,68,133,81,113,80,85,22,107,9,18,84"/><T26/><D114/><U21/><E117/><V48/><F121/><W43/><G107/><T115/><D115/><U128/><E126/><V72/><F72/><W28/><G133/><T111/><D111/><U25/><E67/><V12/><F129/><W97/><G68/><T51/><D75/><U69/><E69/><V19/><F90/><W122/><G43/><T49/><D106/><U130/><E14/><V7/><F12/><N who="3" m="7439" /><G122/><T119/><D119/><U13/><E105/><V66/><F7/><W99/><G113/><T134/><D134/><U29/><E29/><V131/><F131/><N who="1" m="50217" /><E13/><V8/><F19/><W55/><G55/><T23/><D4/><U0/><E0/><V91/><F62/><W103/><G99/><T36/><D1/><U50/><E50/><V120/><F120/><W11/><G11/><T44/><D36/><U109/><E109/><V54/><REACH who="2" step="1"/><F91/><REACH who="2" ten="250,250,240,250" step="2"/><W60/><G60/><T116/><D116/><U118/><E118/><V57/><F57/><W17/><G17/><N who="0" m="12655" /><D61/><U6/><E6/><V2/><F2/><W52/><G28/><T38/><D38/><U82/><AGARI ba="0,1" hai="21,25,30,76,78,79,82,87,92,98,102" m="50217" machi="82" ten="30,7900,0" yaku="19,1,52,3" doraHai="127" who="1" fromWho="1" sc="250,-39,250,89,240,-20,250,-20" /><INIT seed="1,0,0,3,3,43" ten="211,339,220,230" oya="1" hai0="15,77,11,78,134,49,58,0,52,81,16,99,117" hai1="47,48,105,36,84,127,57,17,6,32,102,40,91" hai2="9,106,104,69,101,38,95,23,28,50,74,7,118" hai3="82,55,62,135,126,22,114,18,110,94,128,35,29"/><U21/><E127/><V20/><F118/><W132/><G114/><T115/><D115/><U68/><E32/><V67/><F38/><W3/><G82/><T109/><D134/><U13/><E68/><V103/><F74/><W12/><G94/><T79/><D117/><U2/><E2/><V37/><F37/><W31/><G55/><T98/><D0/><U63/><E6/><V70/><F95/><W26/><G62/><T123/><D109/><U30/><E30/><V96/><F50/><W51/><G51/><T75/><D75/><U116/><E116/><V4/><F28/><W27/><G128/><T100/><D99/><U107/><E102/><V61/><F9/><W113/><G113/><T125/><D125/><U121/><E121/><V5/><REACH who="2" step="1"/><F69/><REACH who="2" ten="211,339,210,230" step="2"/><W64/><G126/><T133/><D123/><U71/><E71/><V92/><F92/><W65/><G110/><T44/><D133/><N who="3" m="51273" /><G3/><T56/><REACH who="0" step="1"/><D81/><REACH who="0" ten="201,339,210,230" step="2"/><U60/><E105/><AGARI ba="0,2" hai="11,15,16,44,49,52,56,58,77,78,79,98,100,105" machi="105" ten="40,8000,1" yaku="1,1,2,1,52,1,54,2,53,0" doraHai="43" doraHaiUra="88" who="0" fromWho="1" sc="201,100,339,-80,210,0,230,0" /><INIT seed="2,0,0,2,2,135" ten="301,259,210,230" oya="2" hai0="10,32,66,77,1,17,8,47,39,124,116,132,50" hai1="45,111,41,85,29,134,51,113,102,130,22,83,38" hai2="34,28,71,60,81,94,69,63,4,127,6,14,52" hai3="5,48,67,128,126,27,23,62,107,54,117,31,61"/><V125/><F81/><W33/><G117/><T97/><D132/><U59/><E113/><V42/><F42/><W91/><G107/><T96/><D32/><U16/><E134/><V13/><F34/><W101/><G128/><T129/><D129/><U75/><E130/><V92/><REACH who="2" step="1"/><F28/><REACH who="2" ten="301,259,200,230" step="2"/><W3/><G33/><T46/><D116/><U24/><E75/><V43/><F43/><W55/><G31/><T114/><D114/><U7/><E38/><V109/><F109/><W87/><G55/><AGARI ba="0,1" hai="4,6,13,14,52,55,60,63,69,71,92,94,125,127" machi="55" ten="25,18000,2" yaku="1,1,22,2,52,2,54,1,53,0" doraHai="135" doraHaiUra="100" who="2" fromWho="3" sc="301,0,259,0,200,190,230,-180" /><INIT seed="2,1,0,5,2,71" ten="301,259,390,50" oya="2" hai0="112,92,83,59,62,127,113,46,16,107,72,44,29" hai1="53,87,115,7,52,82,41,109,86,116,74,131,129" hai2="0,128,1,31,15,78,68,101,5,21,24,119,84" hai3="85,14,13,27,134,8,81,19,42,54,89,120,110"/><V33/><F119/><W30/><G110/><T37/><D107/><U49/><E115/><V124/><F68/><W34/><G134/><T64/><D29/><U38/><E116/><V20/><F124/><W123/><G42/><T63/><D127/><U135/><E7/><V95/><F128/><N who="1" m="49225" /><E109/><V118/><F118/><W94/><G14/><T65/><D92/><U102/><E102/><V76/><F20/><W105/><G105/><T106/><D106/><U97/><E97/><V130/><F130/><W93/><G123/><T45/><D72/><U67/><E67/><V104/><F104/><W125/><G125/><T23/><D83/><U133/><E74/><V111/><F111/><W58/><REACH who="3" step="1"/><G120/><REACH who="3" ten="301,259,390,40" step="2"/><T121/><D121/><U48/><E135/><V55/><F15/><W43/><G43/><T108/><D108/><U66/><E133/><V11/><F0/><W77/><G77/><T61/><D113/><U4/><E41/><V88/><F76/><W36/><G36/><T99/><D37/><U51/><E38/><V50/><F78/><W100/><G100/><T22/><D112/><U79/><E4/><V47/><F101/><W60/><AGARI ba="1,1" hai="8,13,19,27,30,34,54,58,60,81,85,89,93,94" machi="60" ten="20,2700,0" yaku="1,1,0,1,7,1,53,0" doraHai="71" doraHaiUra="117" who="3" fromWho="3" sc="301,-8,259,-8,390,-14,40,40" /><INIT seed="3,0,0,2,4,63" ten="293,251,376,80" oya="3" hai0="86,94,132,48,68,47,108,44,95,49,93,41,81" hai1="106,116,65,79,34,119,130,18,92,58,6,30,36" hai2="123,5,56,50,42,125,99,107,105,131,97,114,15" hai3="124,115,120,102,54,21,111,121,13,91,25,74,101"/><W1/><G115/><T90/><D68/><U24/><E106/><V127/><F114/><W14/><G1/><T104/><D104/><U12/><E36/><V46/><F123/><W78/><G74/><T83/><D132/><U64/><E130/><V38/><F131/><W19/><G78/><T37/><D108/><U117/><E6/><V33/><F33/><W35/><G124/><N who="2" m="47689" /><F105/><W80/><G111/><T55/><REACH who="0" step="1"/><D37/><REACH who="0" ten="283,251,376,80" step="2"/><U59/><E117/><V112/><F107/><W32/><G121/><T23/><D23/><U52/><E119/><V62/><F38/><W85/><G120/><T122/><D122/><U88/><E116/><V8/><F112/><W76/><G35/><T53/><D53/><AGARI ba="0,1" hai="5,8,15,42,46,50,53,56,62,97,99" m="47689" machi="53" ten="30,1000,0" yaku="18,1" doraHai="63" who="2" fromWho="0" sc="283,-10,251,0,376,20,80,0" /><INIT seed="4,0,0,0,2,91" ten="273,251,396,80" oya="0" hai0="109,13,113,56,40,80,63,105,66,97,26,107,5" hai1="4,93,32,38,71,65,60,8,19,108,79,44,119" hai2="31,103,73,75,74,11,114,92,29,67,117,48,25" hai3="122,62,111,39,34,30,131,104,64,106,112,17,123"/><T90/><D113/><U100/><E108/><V134/><F114/><W46/><G17/><T127/><D127/><U2/><E119/><V10/><F117/><W59/><G112/><T126/><D126/><U124/><E32/><V99/><F134/><W88/><G111/><T55/><D109/><U50/><E38/><V84/><F67/><W52/><G30/><T101/><D26/><U89/><E79/><V1/><F1/><W41/><G34/><T35/><D35/><U20/><E100/><V98/><F84/><W51/><G88/><T36/><D36/><U133/><E124/><V14/><F98/><W23/><G23/><T76/><D40/><U18/><E20/><V129/><F129/><W7/><G7/><T102/><D66/><U68/><E68/><V118/><F118/><W37/><G131/><T115/><D115/><U43/><REACH who="1" step="1"/><E133/><REACH who="1" ten="273,241,396,80" step="2"/><V12/><F103/><W16/><G39/><T130/><D130/><U42/><E42/><V120/><F73/><W121/><REACH who="3" step="1"/><G16/><REACH who="3" ten="273,241,396,70" step="2"/><T21/><D102/><U58/><E58/><AGARI ba="0,2" hai="37,41,46,51,52,58,59,62,64,104,106,121,122,123" machi="58" ten="40,8000,1" yaku="1,1,2,1,13,1,54,1,53,0" doraHai="91" doraHaiUra="81" who="3" fromWho="1" sc="273,0,241,-80,396,0,70,100" /><INIT seed="5,0,0,3,3,70" ten="273,161,396,170" oya="1" hai0="92,46,47,93,113,128,124,57,42,91,11,106,22" hai1="100,13,3,2,79,24,120,71,116,108,40,49,131" hai2="90,86,73,107,111,58,50,18,27,63,118,123,96" hai3="97,110,56,69,60,76,119,94,81,72,17,126,21"/><U26/><E116/><V114/><F118/><W31/><G119/><T59/><D106/><U16/><E120/><V53/><F123/><W52/><G126/><T88/><D113/><U84/><E71/><V0/><F111/><W132/><G132/><T135/><D124/><U23/><E100/><V1/><F114/><W55/><G69/><T134/><D128/><U20/><E131/><V15/><F27/><W87/><G72/><T95/><D22/><U25/><E108/><V77/><F63/><W82/><G82/><T67/><D67/><U43/><E23/><V35/><F35/><W101/><G110/><T112/><D112/><U12/><E12/><V85/><F73/><W6/><G6/><T41/><REACH who="0" step="1"/><D95/><REACH who="0" ten="263,161,396,170" step="2"/><U32/><E32/><V130/><F130/><W36/><G31/><T10/><AGARI ba="0,1" hai="10,11,41,42,46,47,57,59,88,91,92,93,134,135" machi="10" ten="25,12000,2" yaku="1,1,2,1,0,1,22,2,54,1,53,0" doraHai="70" doraHaiUra="33" who="0" fromWho="0" sc="263,130,161,-60,396,-30,170,-30" /><INIT seed="6,0,0,5,3,40" ten="393,101,366,140" oya="2" hai0="49,83,66,23,31,28,33,29,124,120,58,64,123" hai1="22,50,13,53,130,43,59,105,93,125,79,55,9" hai2="97,111,51,91,110,128,46,121,131,116,1,72,47" hai3="42,54,67,30,69,118,95,37,10,3,0,68,113"/><V109/><F116/><W98/><G118/><T61/><D33/><U102/><E105/><V56/><F121/><W27/><G54/><T7/><D7/><U106/><E106/><V108/><F108/><W76/><G76/><T81/><D124/><U11/><E125/><V6/><F72/><W134/><G134/><T73/><D73/><U26/><E130/><N who="2" m="49707" /><F56/><W57/><G113/><T77/><D77/><U18/><E79/><V82/><F51/><W16/><G57/><T75/><D75/><U65/><E65/><V38/><F38/><W94/><G67/><T87/><D120/><U71/><E71/><V12/><F1/><W17/><G69/><T5/><D5/><U90/><E43/><V60/><F60/><W62/><G62/><T104/><D104/><U89/><E55/><V35/><F35/><W20/><G68/><T135/><D135/><U2/><E2/><V115/><F115/><W19/><G3/><T15/><D66/><U100/><E9/><N who="2" m="4151" /><F82/><W112/><G112/><T114/><D114/><U92/><E11/><V101/><F91/><N who="1" m="34825" /><E13/><V122/><F122/><W85/><G0/><T132/><D132/><U84/><E26/><V96/><F96/><W107/><G98/><T36/><D36/><U4/><E4/><V48/><F48/><W127/><G127/><T117/><D117/><U25/><E84/><V41/><F41/><W78/><G42/><T119/><D119/><U52/><E53/><V133/><F133/><W39/><G39/><T34/><D34/><U129/><E129/><V88/><F101/><AGARI ba="0,0" hai="18,22,25,50,52,59,92,93,100,101,102" m="34825" machi="101" ten="30,2000,0" yaku="8,1,54,1" doraHai="40" who="1" fromWho="2" sc="393,0,101,20,366,-20,140,0" /><INIT seed="7,0,0,5,3,93" ten="393,121,346,140" oya="3" hai0="57,10,79,58,26,63,114,84,94,21,34,128,6" hai1="77,17,19,2,14,50,73,55,87,75,18,66,92" hai2="35,52,62,120,76,0,46,60,102,69,36,110,4" hai3="83,127,97,40,106,70,99,42,91,9,86,71,7"/><W131/><G131/><T5/><D128/><U45/><E2/><V85/><F110/><W61/><G127/><T109/><D109/><U88/><E66/><V54/><F35/><W80/><G106/><T11/><D34/><U125/><E125/><V8/><F120/><W32/><G32/><T43/><D43/><N who="3" m="16425" /><G71/><T129/><D129/><U41/><E77/><V123/><F123/><W29/><G70/><T100/><D79/><U115/><E115/><V108/><F108/><W133/><G133/><T78/><D78/><U117/><E117/><V121/><F121/><W112/><G29/><N who="0" m="17615" /><D58/><U39/><REACH who="1" step="1"/><E14/><REACH who="1" ten="393,111,346,140" step="2"/><V105/><F0/><W25/><G112/><T65/><D114/><U72/><E72/><V53/><F76/><W118/><G118/><T33/><D33/><U49/><E49/><V90/><F60/><W51/><G61/><T20/><D20/><U38/><E38/><V67/><F36/><W24/><G51/><T89/><D100/><U68/><E68/><V12/><F102/><W64/><G64/><T13/><D13/><U30/><E30/><V28/><F28/><W126/><G126/><T37/><D37/><U124/><E124/><V101/><F101/><W23/><G23/><T104/><D104/><U96/><E96/><N who="3" m="36938" /><G25/><T27/><D27/><U135/><E135/><V15/><F105/><W111/><G24/><T95/><D95/><U98/><E98/><V22/><F22/><W113/><G111/><T56/><D63/><U132/><E132/><V103/><F103/><W44/><G113/><T107/><D107/><U116/><E116/><V119/><F62/><RYUUKYOKU ba="0,1" sc="393,-10,111,30,346,-10,140,-10" hai1="17,18,19,39,41,45,50,55,73,75,87,88,92" owari="393,49.0,141,-26.0,336,14.0,130,-37.0" /></mjloggm>