<mjloggm ver="2.3"><GO type="41" lobby="0"/><UN n0="%E3%81%A8%E3%82%8A%E3%82%84%E3%81%BE%E3%81%A8%E3%82%8A%E3%81%8A" n1="%6F%67%61%32%34%38" n2="%E7%A5%9E%E6%88%B8%E5%B0%8F%E9%B3%A5%E9%86%A4" n3="%E2%93%9D%53%75%70%68%78" dan="13,15,14,19" rate="1818.92,1970.10,1946.29,2080.51" sx="M,M,F,M"/><TAIKYOKU oya="0"/><INIT seed="0,0,0,3,4,7" ten="250,250,250,250" oya="0" hai0="80,101,17,93,88,134,11,36,85,56,16,61,13" hai1="94,113,38,126,128,114,44,108,60,2,48,1,95" hai2="5,12,47,84,107,123,53,27,91,69,34,103,32" hai3="96,21,31,130,50,73,92,125,98,83,74,68,54"/><T100/><D36/><U135/><E38/><V23/><F69/><W129/><G68/><T0/><D0/><U112/><E108/><V121/><F32/><W64/><G64/><T65/><D134/><U131/><E60/><V26/><F34/><W43/><G43/><T77/><REACH who="0" step="1"/><D17/><REACH who="0" ten="240,250,250,250" step="2"/><U66/><E135/><V4/><F121/><W109/><G109/><T124/><D124/><U111/><E111/><V79/><F123/><W118/><G125/><T102/><D102/><U120/><E126/><V106/><F103/><W49/><G130/><T63/><D63/><U86/><E120/><V71/><F5/><W22/><G129/><T18/><D18/><U28/><E1/><V119/><F4/><W67/><G50/><T35/><D35/><U104/><E2/><V72/><F119/><W59/><G49/><T110/><D110/><U117/><E48/><V3/><F3/><W40/><G118/><T75/><AGARI ba="0,1" hai="11,13,16,56,61,65,75,77,80,85,88,93,100,101" machi="75" ten="20,18000,2" yaku="1,1,0,1,7,1,52,1,54,2,53,0" doraHai="7" doraHaiUra="46" who="0" fromWho="0" sc="240,190,250,-60,250,-60,250,-60" /><INIT seed="0,1,0,5,5,125" ten="430,190,190,190" oya="0" hai0="108,53,17,131,133,64,124,34,29,79,127,56,20" hai1="116,57,47,54,49,115,82,13,18,77,74,109,44" hai2="94,0,36,65,97,7,113,122,68,52,32,45,76" hai3="135,21,40,28,19,91,72,48,9,35,15,85,37"/><T92/><D79/><U99/><E109/><V117/><F122/><W43/><G37/><T4/><D4/><U112/><E116/><V27/><F113/><N who="1" m="43593" /><E99/><V80/><F117/><W120/><G135/><T25/><D108/><U26/><E26/><V55/><F65/><W1/><G72/><T62/><D133/><U8/><AGARI ba="1,0" hai="8,13,18,44,47,49,54,57,74,77,82" m="43593" machi="8" ten="30,1100,0" yaku="11,1" doraHai="125" who="1" fromWho="1" sc="430,-6,190,14,190,-4,190,-4" /><INIT seed="1,0,0,3,0,34" ten="424,204,186,186" oya="1" hai0="9,6,132,30,57,100,61,90,29,119,88,93,75" hai1="23,50,74,17,131,44,55,10,118,66,116,8,107" hai2="120,79,40,92,24,62,18,63,81,114,43,73,103" hai3="20,48,94,135,129,47,53,7,37,68,0,27,35"/><U65/><E107/><V125/><F120/><W115/><G115/><T89/><D119/><U128/><E74/><V111/><F114/><W2/><G35/><T67/><D75/><U121/><E121/><V14/><F125/><W126/><G7/><T56/><D132/><U31/><E31/><V123/><F111/><W122/><G129/><N who="1" m="49738" /><E8/><V127/><F127/><W15/><G68/><T71/><D100/><U91/><E91/><V108/><F108/><W21/><G37/><T39/><D39/><U54/><E10/><V84/><F123/><W134/><G126/><T42/><D42/><N who="2" m="15914" /><F73/><W58/><G122/><T52/><D93/><U77/><E77/><V83/><F24/><W51/><G94/><T1/><REACH who="0" step="1"/><D71/><REACH who="0" ten="414,204,186,186" step="2"/><U3/><E118/><V105/><F92/><W60/><G135/><T76/><D76/><U41/><E116/><V45/><F103/><W78/><G78/><T33/><D33/><U86/><E41/><V82/><F79/><W96/><G134/><T69/><D69/><U36/><E36/><V32/><F32/><W102/><G102/><T26/><D26/><U16/><E55/><V133/><F133/><W97/><G27/><T5/><D5/><U70/><E70/><V98/><F105/><W99/><G53/><T87/><D87/><U109/><E86/><V130/><F84/><W19/><G99/><T22/><D22/><U38/><E54/><V28/><F98/><W4/><G97/><T72/><D72/><U80/><E109/><V59/><F83/><W124/><G124/><T49/><AGARI ba="0,1" hai="1,6,9,29,30,49,52,56,57,61,67,88,89,90" machi="49" ten="30,12000,2" yaku="1,1,0,1,52,1,54,2,53,1" doraHai="34" doraHaiUra="46" who="0" fromWho="0" sc="414,130,204,-60,186,-30,186,-30" /><INIT seed="2,0,0,0,1,111" ten="544,144,156,156" oya="2" hai0="50,65,64,5,21,123,106,38,102,24,70,61,90" hai1="118,14,85,3,124,76,26,1,122,101,57,117,59" hai2="19,7,130,125,86,81,47,115,114,75,33,62,49" hai3="9,110,134,100,54,58,98,79,69,132,112,119,92"/><V60/><F75/><W27/><G119/><T15/><D38/><U0/><E124/><V126/><F33/><W4/><G110/><T37/><D37/><U109/><E109/><V53/><F7/><W22/><G79/><T74/><D65/><U39/><E39/><V66/><F130/><W80/><G80/><T67/><D67/><U73/><E73/><V17/><F62/><W78/><G78/><T133/><D133/><U91/><E76/><V131/><F131/><W93/><G69/><T35/><D50/><U18/><E101/><V116/><F116/><W29/><G93/><T51/><D51/><U30/><E122/><V13/><F19/><W16/><G112/><T11/><D90/><U83/><E117/><V48/><F48/><W121/><G121/><T68/><D74/><U52/><E52/><V113/><F17/><W135/><G29/><T97/><D123/><U99/><E99/><V87/><F13/><W2/><G54/><T20/><D70/><U88/><E91/><V42/><F42/><W95/><REACH who="3" step="1"/><G95/><REACH who="3" ten="544,144,156,146" step="2"/><T12/><D12/><U56/><E118/><V46/><F46/><W45/><G45/><T44/><D44/><U55/><E55/><V82/><F82/><W84/><G84/><T63/><D63/><U36/><E56/><AGARI ba="0,1" hai="2,4,9,16,22,27,56,58,92,98,100,132,134,135" machi="56" ten="40,5200,0" yaku="1,1,20,1,54,1,53,0" doraHai="111" doraHaiUra="108" who="3" fromWho="1" sc="544,0,144,-52,156,0,146,62" /><INIT seed="3,0,0,1,3,51" ten="544,92,156,208" oya="3" hai0="109,76,79,65,28,44,106,35,69,59,72,31,108" hai1="101,114,8,126,129,105,50,55,127,56,66,74,78" hai2="112,73,39,26,14,63,116,49,77,38,24,82,11" hai3="93,80,53,23,135,81,75,123,0,45,52,61,98"/><W125/><G123/><T57/><D106/><U121/><E121/><V13/><F116/><W132/><G0/><T92/><D92/><U100/><E114/><V12/><F112/><W71/><G125/><N who="1" m="47626" /><E105/><V130/><F130/><W89/><G23/><T5/><D5/><U85/><E74/><V102/><F102/><W54/><G45/><T58/><D44/><U2/><E66/><V60/><F11/><W47/><G47/><T25/><D31/><U103/><E129/><V7/><F7/><W43/><G43/><T3/><D3/><U107/><E107/><V42/><F39/><W15/><G15/><T33/><D33/><U84/><E78/><V19/><F38/><W21/><G21/><T124/><D124/><U117/><E117/><V96/><F42/><W22/><G22/><T18/><D18/><U40/><E40/><V99/><F49/><W122/><G122/><T46/><D46/><U64/><E64/><V17/><F73/><W32/><G32/><T94/><D94/><U111/><E111/><N who="0" m="42569" /><D72/><U10/><E10/><V88/><F77/><W86/><G75/><T36/><D36/><U70/><E70/><V1/><F1/><W90/><G81/><T83/><D83/><U34/><E34/><V134/><F82/><W97/><G97/><T131/><D131/><U119/><E119/><V67/><F99/><W120/><G120/><T110/><D110/><U133/><E133/><N who="3" m="51274" /><G71/><T87/><D87/><U48/><E48/><V9/><F134/><W4/><G4/><AGARI ba="0,0" hai="2,4,8,50,55,56,84,85,100,101,103" m="47626" machi="4" ten="30,2000,0" yaku="18,1,52,1" doraHai="51" who="1" fromWho="3" sc="544,0,92,20,156,0,208,-20" /><INIT seed="4,0,0,5,0,101" ten="544,112,156,188" oya="0" hai0="52,26,70,13,92,22,24,133,50,0,2,76,116" hai1="97,61,30,112,81,65,8,120,9,27,29,80,103" hai2="73,14,128,127,126,129,75,99,44,28,10,1,58" hai3="115,123,87,74,17,59,110,91,134,106,51,66,113"/><T79/><D70/><U37/><E120/><V5/><F28/><W6/><G74/><N who="2" m="28169" /><F14/><W135/><G110/><T4/><D116/><U117/><E37/><V118/><F58/><W31/><G6/><T109/><D133/><N who="3" m="50697" /><G31/><T100/><D2/><U98/><E112/><N who="3" m="43082" /><G17/><N who="0" m="12367" /><D0/><U86/><E30/><V40/><F99/><W45/><G123/><T119/><D26/><U7/><E117/><V88/><F88/><W102/><G66/><T32/><D32/><U122/><E98/><V83/><F83/><N who="3" m="49663" /><G59/><T46/><D109/><U96/><E9/><V56/><F56/><W93/><G93/><T95/><D92/><U38/><E8/><V53/><F53/><N who="3" m="29935" /><G102/><T89/><D100/><U54/><E7/><V47/><F118/><W69/><G69/><T33/><D33/><U85/><E96/><V55/><F55/><W108/><G108/><T48/><D48/><U67/><E54/><V131/><F47/><W12/><G12/><T41/><D41/><U18/><E65/><V104/><F44/><W16/><G16/><T84/><D119/><U42/><E18/><V19/><F19/><W49/><G49/><T125/><D125/><N who="2" m="47626" /><F40/><W15/><G15/><T130/><D130/><N who="2" m="33282" /><V124/><N who="2" m="47634" /><DORA hai="36" /><V121/><DORA hai="114" /><F121/><W39/><G39/><T94/><D94/><U21/><E122/><V20/><F20/><W63/><G63/><T25/><D25/><U43/><E38/><V77/><F77/><W71/><G71/><T11/><AGARI ba="0,0" hai="4,11,13,46,50,52,76,79,84,89,95" m="12367" machi="11" ten="30,3000,0" yaku="8,1,54,1" doraHai="101,36,114" who="0" fromWho="0" sc="544,30,112,-10,156,-10,188,-10" /><INIT seed="4,1,0,5,1,46" ten="574,102,146,178" oya="0" hai0="45,76,75,102,79,115,29,55,18,10,21,90,91" hai1="9,73,48,65,126,72,40,99,81,61,14,11,131" hai2="104,17,13,36,44,66,60,93,38,8,132,105,103" hai3="124,87,68,2,22,58,41,28,1,47,27,54,6"/><T20/><D75/><U117/><E117/><V100/><F132/><W56/><G68/><T70/><D70/><U50/><E73/><V35/><F35/><W116/><G116/><T95/><D102/><U80/><E131/><V125/><F125/><W128/><G58/><T85/><D115/><U133/><E133/><V129/><F129/><W108/><G108/><T3/><D3/><U109/><E109/><V49/><F103/><W111/><G111/><T127/><D10/><U71/><E9/><V77/><F77/><W0/><G124/><T43/><D55/><U57/><E126/><V135/><F135/><W64/><G64/><T31/><D21/><U114/><E114/><V39/><F93/><W53/><G53/><T23/><D23/><U59/><E59/><V101/><F104/><W74/><G74/><T88/><D79/><U110/><E72/><V30/><F30/><N who="0" m="11274" /><D76/><U32/><E32/><V4/><F4/><W62/><G128/><T97/><D97/><U15/><E40/><V94/><F105/><W16/><G28/><T19/><D19/><U119/><E119/><V112/><F112/><W7/><REACH who="3" step="1"/><G87/><REACH who="3" ten="574,102,146,168" step="2"/><T5/><D127/><U86/><E110/><V26/><F66/><W34/><G34/><T83/><D85/><U98/><E71/><V12/><F8/><W69/><G69/><T123/><D43/><U78/><E11/><V82/><F39/><AGARI ba="1,1" hai="0,1,2,6,7,16,22,27,39,41,47,54,56,62" machi="39" ten="40,2600,0" yaku="1,1,54,1,53,0" doraHai="46" doraHaiUra="122" who="3" fromWho="2" sc="574,0,102,0,146,-29,168,39" /><INIT seed="5,0,0,5,2,23" ten="574,102,117,207" oya="1" hai0="125,121,57,107,73,77,135,80,109,26,102,101,14" hai1="103,8,15,34,47,51,111,29,131,38,32,75,16" hai2="53,100,90,41,82,74,106,83,13,76,54,21,132" hai3="49,52,1,10,62,95,22,123,104,133,120,31,98"/><U9/><E75/><V39/><F132/><W97/><G133/><T117/><D57/><U50/><E38/><V6/><F100/><W116/><G116/><T19/><D125/><U94/><E131/><V25/><F106/><W91/><G62/><T28/><D109/><U128/><E128/><V134/><F134/><W63/><G63/><T58/><D58/><U129/><E129/><V84/><F41/><W81/><G81/><T30/><D30/><U61/><E61/><V85/><F39/><W99/><G10/><T72/><D121/><U7/><E34/><V126/><F74/><W92/><G1/><T0/><D0/><U67/><E67/><V69/><F69/><W24/><G104/><T11/><D117/><U5/><E50/><V40/><F40/><W36/><G36/><T27/><D28/><U112/><E112/><V48/><F126/><W119/><G119/><T130/><D135/><U18/><E94/><V56/><F54/><W37/><G37/><T78/><D107/><U17/><E103/><V105/><F105/><W4/><G4/><T118/><D118/><U71/><E71/><V70/><F70/><W108/><G108/><T93/><D130/><U124/><E111/><V114/><F114/><W113/><G113/><T2/><D2/><N who="1" m="55" /><E124/><V46/><F46/><N who="3" m="27703" /><G95/><T122/><D122/><U43/><E7/><V88/><F76/><W45/><G45/><T79/><D93/><U68/><E68/><V64/><F6/><W86/><G123/><T12/><D73/><U110/><E110/><V66/><F13/><N who="0" m="5226" /><D72/><U96/><E96/><N who="3" m="36970" /><G120/><T115/><D115/><RYUUKYOKU ba="0,0" sc="574,-30,102,10,117,10,207,10" hai1="9,15,16,17,18,29,32,43,47,51" hai2="21,25,48,53,56,64,66,82,83,84,85,88,90" hai3="22,24,31,86,91,92,99" /><INIT seed="5,1,0,2,0,93" ten="544,112,127,217" oya="1" hai0="18,31,42,9,23,83,105,79,85,125,62,14,73" hai1="26,135,29,32,40,8,124,58,104,100,5,117,119" hai2="50,86,35,24,49,103,1,82,96,120,63,121,95" hai3="114,134,36,98,45,53,99,81,3,0,56,52,87"/><U15/><E40/><V48/><F1/><W41/><G114/><T111/><D105/><U77/><E77/><V107/><F107/><W55/><G134/><T133/><D111/><U113/><E135/><V115/><F115/><W92/><G56/><T47/><D125/><U34/><E113/><V64/><F35/><W38/><G38/><T131/><D131/><U70/><E124/><V106/><F106/><W7/><G7/><T97/><D97/><U44/><E44/><V67/><F24/><W90/><REACH who="3" step="1"/><G99/><REACH who="3" ten="544,112,127,207" step="2"/><T94/><D133/><U76/><E70/><V65/><REACH who="2" step="1"/><F63/><REACH who="2" ten="544,112,117,207" step="2"/><W72/><G72/><T37/><D62/><U130/><E119/><V74/><F74/><W54/><N who="3" m="13568" /><DORA hai="39" /><W12/><G12/><T16/><D14/><U80/><E117/><V59/><F59/><W19/><G19/><T57/><D18/><U122/><E58/><V20/><F20/><W6/><G6/><T112/><D57/><U4/><E4/><V2/><F2/><W60/><G60/><T27/><D112/><U66/><E5/><V51/><N who="2" m="12288" /><DORA hai="13" /><V84/><F84/><W21/><G21/><T118/><D85/><U123/><E15/><V75/><F75/><W127/><G127/><T69/><D118/><U129/><E32/><V68/><F68/><W78/><AGARI ba="1,2" hai="0,3,36,41,45,78,81,87,90,92,98" m="13568" machi="78" ten="40,12000,2" yaku="1,1,0,1,52,2,54,1,53,1" doraHai="93,39,13" doraHaiUra="11,43,17" who="3" fromWho="3" sc="544,-31,112,-61,117,-31,207,143" /><INIT seed="6,0,0,3,0,122" ten="513,51,86,350" oya="2" hai0="67,4,17,27,36,85,133,56,123,76,95,66,62" hai1="79,54,7,24,106,126,31,73,117,88,96,13,15" hai2="48,77,61,118,119,41,18,89,92,81,80,74,28" hai3="5,103,87,100,59,14,47,113,39,108,82,134,43"/><V71/><F28/><W57/><G134/><T111/><D133/><U131/><E117/><V9/><F81/><W49/><G113/><T84/><D36/><U60/><E131/><V128/><F128/><W127/><G127/><T86/><D111/><U69/><E126/><V44/><F71/><W70/><G70/><T12/><D95/><U37/><E37/><V105/><F105/><W38/><G108/><T65/><D76/><U120/><E120/><V3/><F61/><W0/><G0/><T2/><D2/><U121/><E79/><V51/><F48/><W104/><G39/><T40/><D40/><U107/><E73/><V68/><F68/><W94/><G104/><T53/><D123/><U29/><E29/><V64/><F64/><W45/><G45/><T11/><D27/><U26/><E24/><V50/><F51/><W101/><G94/><T110/><D110/><U129/><E107/><V30/><F30/><W22/><G38/><T93/><D93/><U8/><E106/><V98/><REACH who="2" step="1"/><F18/><AGARI ba="0,0" hai="4,11,12,17,18,53,56,62,65,66,67,84,85,86" machi="18" ten="40,1300,0" yaku="8,1" doraHai="122" who="0" fromWho="2" sc="513,13,51,0,86,-13,350,0" /><INIT seed="7,0,0,4,1,113" ten="526,51,73,350" oya="3" hai0="84,105,27,47,119,86,62,93,71,102,101,103,114" hai1="16,23,37,65,57,3,14,48,121,91,29,82,42" hai2="95,51,43,81,117,98,104,2,108,13,100,0,130" hai3="92,132,96,76,20,17,125,9,94,7,60,80,116"/><W33/><G33/><T22/><D119/><U54/><E121/><V49/><F108/><W4/><G125/><T115/><D105/><U15/><E3/><V61/><F117/><W74/><G132/><T127/><D127/><U68/><E29/><V1/><F104/><W10/><G116/><T40/><D47/><U25/><E37/><V38/><F130/><W77/><G60/><T89/><D40/><U110/><E110/><V99/><F38/><W44/><G44/><T6/><D6/><U70/><E42/><V63/><F99/><W31/><G31/><N who="0" m="17911" /><D71/><U55/><E65/><V97/><F98/><W67/><G67/><T5/><D5/><U135/><E135/><V52/><F43/><W45/><G45/><T59/><D114/><U12/><REACH who="1" step="1"/><E54/><REACH who="1" ten="526,41,73,350" step="2"/><V53/><F53/><W78/><G74/><T72/><D72/><U50/><E50/><V32/><F51/><W19/><G80/><T126/><D126/><U87/><AGARI ba="0,1" hai="12,14,15,16,23,25,48,55,57,68,70,82,87,91" machi="87" ten="30,4000,0" yaku="1,1,0,1,54,1,53,0" doraHai="113" doraHaiUra="69" who="1" fromWho="1" sc="526,-10,41,50,73,-10,350,-20" owari="516,62.0,91,-31.0,63,-44.0,330,13.0" /></mjloggm>