<mjloggm ver="2.3"><GO type="41" lobby="0"/><UN n0="%68%61%79%61%74%6F%E2%98%86" n1="%E2%93%9D%53%75%70%68%78" n2="%63%6F%72%73%63%6F%72%70" n3="%6B%65%6E%6A%69%34%31%30" dan="15,18,14,13" rate="2018.59,2104.26,1901.72,1872.07" sx="M,M,M,M"/><TAIKYOKU oya="0"/><INIT seed="0,0,0,5,5,25" ten="250,250,250,250" oya="0" hai0="116,111,113,92,28,96,59,58,39,103,115,49,8" hai1="133,86,2,43,109,0,125,53,46,45,66,31,97" hai2="123,105,64,37,118,102,19,57,106,34,24,54,38" hai3="52,87,65,33,83,122,29,77,94,121,84,120,13"/><T23/><D39/><U63/><E109/><V100/><F64/><W48/><G65/><T127/><D116/><U16/><E125/><V62/><F118/><W26/><G13/><T4/><D127/><U90/><E97/><V99/><F123/><W35/><G94/><T30/><D111/><U73/><E73/><V132/><F132/><W27/><G27/><T32/><D32/><U55/><E133/><V56/><F19/><W1/><G1/><T104/><D104/><U82/><E31/><V108/><F108/><W135/><G135/><T41/><D23/><U114/><E114/><V3/><F3/><W68/><G68/><T74/><D74/><U44/><E43/><V101/><F57/><N who="0" m="21514" /><D115/><U98/><E2/><V117/><F117/><W50/><G50/><T51/><D113/><U89/><E0/><V119/><F119/><W21/><G87/><T67/><D67/><U126/><E126/><V95/><F106/><W15/><G15/><N who="0" m="5511" /><D51/><U70/><E70/><V85/><F38/><W9/><G9/><T88/><D103/><U124/><E124/><V61/><F61/><W17/><G17/><T60/><D60/><U69/><E16/><V75/><F37/><W20/><G35/><T72/><D72/><U110/><E110/><V22/><F34/><W47/><AGARI ba="0,0" hai="20,21,26,29,33,47,48,52,77,83,84,120,121,122" machi="47" ten="30,7900,0" yaku="0,1,13,1,52,1,54,1" doraHai="25" who="3" fromWho="3" sc="250,-39,250,-20,250,-20,250,79" /><INIT seed="1,0,0,2,0,81" ten="211,230,230,329" oya="1" hai0="19,86,118,127,0,132,124,90,51,53,125,54,38" hai1="4,61,88,102,107,129,35,63,2,103,9,60,110" hai2="28,126,5,56,12,11,119,106,131,68,29,14,32" hai3="26,44,130,98,17,66,120,112,62,15,6,122,77"/><U134/><E129/><V41/><F68/><W55/><G112/><T109/><D118/><U10/><E35/><V135/><F106/><W114/><G114/><T72/><D72/><U23/><E134/><V18/><F41/><W79/><G130/><T43/><D0/><U84/><E110/><V59/><F131/><W116/><G116/><T121/><D121/><U1/><E107/><V128/><F119/><W74/><G6/><T80/><D132/><U37/><E37/><V64/><F128/><W27/><G122/><T123/><D123/><U50/><E23/><V58/><F135/><W73/><G120/><T30/><D30/><N who="2" m="11882" /><F32/><W94/><G74/><T101/><D101/><U83/><E50/><V96/><F96/><W67/><G73/><T8/><D109/><U76/><E76/><N who="3" m="29258" /><G67/><T95/><D38/><U113/><E113/><V49/><F126/><W22/><G66/><T100/><D43/><U21/><E21/><N who="2" m="11463" /><F64/><W69/><G69/><T104/><D104/><U20/><E20/><V25/><F25/><W133/><G133/><T91/><D51/><AGARI ba="0,0" hai="5,11,14,49,51,56,58,59" m="11463,11882" machi="51" ten="30,1000,0" yaku="8,1" doraHai="81" who="2" fromWho="0" sc="211,-10,230,0,230,10,329,0" /><INIT seed="2,0,0,0,2,13" ten="201,230,240,329" oya="2" hai0="52,97,19,34,110,17,15,88,125,23,8,42,50" hai1="111,102,33,29,108,37,87,40,6,133,107,36,92" hai2="116,115,25,63,82,35,62,45,24,64,80,77,46" hai3="18,54,58,119,22,55,105,66,12,69,91,122,127"/><V112/><F35/><W99/><G119/><T100/><D125/><U118/><E118/><V98/><F116/><W48/><G122/><T11/><D34/><U103/><E6/><V129/><F77/><W32/><G32/><T113/><D113/><U132/><E40/><V93/><F64/><W27/><G127/><T76/><D76/><U10/><E10/><V72/><F72/><W104/><G69/><T83/><D110/><N who="1" m="42027" /><E107/><V31/><F93/><W73/><G73/><T59/><D42/><U2/><E2/><V95/><F95/><W75/><G75/><T21/><D100/><N who="1" m="38443" /><E29/><V38/><F38/><N who="1" m="14953" /><E33/><V128/><F98/><W39/><G39/><T47/><D59/><U5/><E5/><V7/><F7/><W94/><G66/><T114/><D114/><U67/><E67/><V79/><F79/><W89/><G89/><AGARI ba="0,0" hai="87,89,92,132,133" m="14953,38443,42027" machi="89" ten="40,1300,0" yaku="14,1" doraHai="13" who="1" fromWho="3" sc="201,0,230,13,240,0,329,-13" /><INIT seed="3,0,0,2,1,43" ten="201,243,240,316" oya="3" hai0="28,78,123,79,88,0,97,68,61,59,20,44,92" hai1="36,135,2,1,17,65,7,109,33,26,133,98,73" hai2="39,111,124,103,22,71,107,76,99,35,112,91,104" hai3="31,16,10,101,122,108,86,27,82,72,45,9,63"/><W60/><G122/><T40/><D123/><U19/><E65/><V29/><F22/><N who="3" m="13767" /><G72/><T30/><D0/><N who="1" m="107" /><E98/><V120/><F76/><W57/><G108/><T32/><D32/><U41/><E41/><V117/><F29/><W66/><G101/><T81/><D68/><U55/><E55/><V46/><F111/><W116/><G116/><T4/><D4/><U13/><E36/><V94/><F120/><W69/><G31/><T23/><D30/><N who="1" m="19671" /><E73/><V90/><F35/><W51/><G69/><T62/><D28/><U100/><E100/><V6/><F71/><W127/><G127/><T54/><D61/><U125/><E109/><V67/><F124/><W80/><G63/><T15/><D15/><U121/><E121/><V102/><F117/><W106/><G106/><T47/><D40/><U130/><E130/><V38/><F104/><W95/><G95/><T113/><D113/><U87/><E125/><V8/><F94/><W75/><G75/><T131/><D131/><U93/><E93/><V83/><F103/><W48/><G48/><T56/><D79/><U84/><E13/><N who="2" m="5271" /><F39/><W5/><G82/><T3/><D3/><U77/><E77/><V50/><F38/><W105/><G105/><T37/><D37/><U12/><E12/><V18/><F112/><W114/><G114/><T129/><D129/><U119/><E119/><V64/><F83/><W110/><G110/><T128/><D128/><U85/><E7/><V34/><F107/><W49/><G5/><T89/><D78/><U21/><E21/><N who="0" m="8265" /><D81/><U70/><E70/><V24/><F50/><W52/><G51/><RYUUKYOKU ba="0,0" sc="201,-15,243,15,240,-15,316,15" hai1="17,19,84,85,87,133,135" hai3="9,10,45,49,52,57,60,66,80,86" /><INIT seed="3,1,0,5,3,42" ten="186,258,225,331" oya="3" hai0="75,109,84,25,94,40,117,98,18,43,105,132,58" hai1="38,118,64,102,79,103,62,88,97,63,73,100,125" hai2="32,35,3,0,93,115,9,14,134,107,89,2,17" hai3="54,10,61,47,114,52,56,16,31,120,12,121,81"/><W76/><G114/><T30/><D75/><U53/><E38/><V44/><F107/><W119/><G119/><T37/><D117/><U41/><E41/><V83/><F115/><W60/><G31/><T51/><D109/><U19/><E125/><V6/><F134/><W116/><G116/><T45/><D132/><U34/><E34/><V124/><F83/><W36/><G61/><T8/><D105/><U26/><E79/><V71/><F71/><W96/><G96/><T127/><D84/><U13/><E26/><V128/><F128/><W122/><G122/><T33/><D127/><U112/><E73/><V74/><F74/><W82/><G82/><T106/><D106/><U15/><E15/><V29/><F124/><W24/><G24/><T108/><D108/><U1/><E1/><N who="2" m="619" /><F44/><W23/><G10/><T85/><D85/><U86/><E97/><V20/><F89/><W133/><G133/><T113/><D113/><U46/><E64/><V99/><F93/><W21/><G21/><T22/><D8/><N who="1" m="6567" /><E118/><V4/><F99/><W69/><G69/><T5/><D5/><N who="2" m="2154" /><F3/><W101/><G101/><T104/><D104/><U131/><E131/><V126/><F126/><W67/><G67/><T77/><D77/><U110/><E110/><V90/><F90/><W7/><G7/><T50/><D43/><U66/><E66/><V135/><F135/><W28/><G36/><T48/><D98/><U39/><E112/><V55/><F55/><W59/><G121/><T27/><REACH who="0" step="1"/><D94/><REACH who="0" ten="176,258,225,331" step="2"/><N who="1" m="54551" /><E39/><V49/><F49/><AGARI ba="1,1" hai="46,49,53,62,63,100,102,103" m="54551,6567" machi="49" ten="30,3900,0" yaku="8,1,52,1,54,1" doraHai="42" who="1" fromWho="2" sc="176,0,258,52,225,-42,331,0" /><INIT seed="4,0,0,3,4,135" ten="176,310,183,331" oya="0" hai0="10,15,17,74,132,133,59,62,71,99,121,106,125" hai1="54,81,102,49,95,109,16,80,103,134,82,27,67" hai2="84,23,47,79,117,96,1,101,108,73,128,26,85" hai3="123,29,91,107,60,100,33,7,12,30,41,19,112"/><T40/><D121/><U35/><E109/><V118/><F47/><W78/><G123/><T25/><D74/><U53/><E134/><N who="0" m="51817" /><D71/><U63/><E35/><V110/><F23/><W28/><G112/><T9/><D40/><U34/><E34/><V51/><F51/><W126/><G7/><T113/><D25/><U130/><E130/><V42/><F42/><W24/><G78/><T87/><D87/><N who="2" m="33354" /><F26/><W120/><G120/><T90/><D113/><U22/><E95/><N who="2" m="58527" /><F1/><W68/><G41/><T32/><D32/><U38/><E38/><V2/><F2/><W57/><G68/><T5/><D90/><U77/><E77/><V65/><F65/><W72/><G91/><T111/><D111/><N who="2" m="42538" /><F128/><W56/><G30/><T3/><D59/><N who="1" m="35311" /><E67/><V98/><F98/><W8/><G29/><T86/><D62/><U6/><E6/><V39/><F39/><W52/><G57/><AGARI ba="0,0" hai="16,22,27,49,54,57,80,81,82,102,103" m="35311" machi="57" ten="30,2000,0" yaku="8,1,54,1" doraHai="135" who="1" fromWho="3" sc="176,0,310,20,183,0,331,-20" /><INIT seed="5,0,0,2,5,132" ten="176,330,183,311" oya="1" hai0="6,43,117,126,51,31,28,5,113,45,133,25,34" hai1="42,71,15,80,48,121,9,124,90,102,52,120,106" hai2="53,1,36,24,41,64,118,86,127,93,131,50,85" hai3="94,11,91,20,76,134,123,99,63,37,10,56,26"/><U89/><E71/><V65/><F1/><W30/><G123/><T122/><D117/><U35/><E35/><V19/><F118/><W135/><G37/><T75/><D75/><U92/><E42/><V32/><F32/><W61/><G76/><T77/><D122/><U95/><E106/><V38/><F41/><W46/><G46/><T70/><D70/><U4/><E102/><V39/><F131/><W119/><G119/><T7/><D133/><N who="3" m="50697" /><G63/><T17/><D77/><U84/><E124/><V47/><F127/><W62/><G62/><T14/><D113/><U29/><E29/><V98/><F24/><W105/><G105/><T12/><D28/><U79/><E95/><V27/><F27/><W109/><G109/><T68/><D68/><U130/><E90/><V8/><F8/><W112/><G112/><T82/><D82/><U55/><E130/><V81/><F19/><W88/><G91/><T125/><REACH who="0" step="1"/><D12/><REACH who="0" ten="166,330,183,311" step="2"/><U58/><REACH who="1" step="1"/><E55/><AGARI ba="0,1" hai="10,11,20,26,30,55,56,61,88,94,99" m="50697" machi="55" ten="30,2000,0" yaku="20,1,54,1" doraHai="132" who="3" fromWho="1" sc="166,0,330,-20,183,0,311,30" /><INIT seed="6,0,0,4,4,71" ten="166,310,183,341" oya="2" hai0="4,31,103,46,29,81,119,63,77,74,48,131,83" hai1="10,36,52,49,25,70,100,50,62,82,85,127,80" hai2="125,104,129,67,23,42,114,38,132,5,24,51,78" hai3="54,61,15,56,112,89,124,87,20,96,7,22,64"/><V86/><F104/><W68/><G124/><T117/><D131/><U40/><E100/><V135/><F5/><W116/><G116/><N who="0" m="44619" /><D103/><U130/><E82/><N who="2" m="47447" /><F125/><W57/><G68/><T128/><D128/><U11/><E25/><V19/><F129/><W109/><G109/><T121/><D121/><U76/><E50/><V35/><F114/><W122/><G122/><T73/><D4/><U118/><E127/><V120/><F120/><W88/><G112/><T98/><D98/><U79/><E79/><V0/><F0/><W21/><G96/><T93/><D93/><U69/><E69/><V108/><F35/><W95/><G89/><T13/><D13/><U58/><E130/><V44/><F67/><W9/><G22/><T97/><D97/><U111/><E111/><V26/><F108/><W92/><G92/><T102/><D102/><U30/><E118/><V45/><F45/><W27/><G27/><T99/><D99/><U115/><E115/><V123/><F123/><W32/><G32/><T28/><D81/><U18/><E70/><V110/><F110/><W17/><G7/><T33/><D33/><U94/><E94/><V84/><F84/><W133/><G133/><N who="2" m="51273" /><F26/><W107/><G107/><T106/><D106/><U53/><E85/><V41/><F41/><W91/><G91/><T14/><D14/><U16/><E40/><V60/><F60/><AGARI ba="0,0" hai="9,15,17,20,21,54,56,57,60,61,64,87,88,95" machi="60" ten="30,3900,0" yaku="7,1,8,1,54,1" doraHai="71" who="3" fromWho="2" sc="166,0,310,0,183,-39,341,39" /><INIT seed="7,0,0,1,0,4" ten="166,310,144,380" oya="3" hai0="2,89,67,41,66,22,119,91,10,3,99,24,76" hai1="27,96,57,54,88,105,103,18,111,8,90,15,77" hai2="85,46,20,13,25,126,78,100,134,123,82,71,107" hai3="59,92,0,19,104,98,80,115,75,50,84,129,51"/><W68/><G0/><T36/><D119/><U44/><E111/><V64/><F123/><W118/><G118/><T7/><D2/><U62/><E77/><V93/><F126/><W124/><G68/><T29/><D76/><U17/><REACH who="1" step="1"/><E44/><REACH who="1" ten="166,300,144,380" step="2"/><V128/><F46/><W63/><G124/><T5/><D36/><U97/><E97/><N who="2" m="59439" /><F107/><W52/><G104/><T49/><D99/><U34/><E34/><V79/><F134/><W112/><G75/><T12/><D41/><U40/><E40/><V61/><F79/><W83/><G98/><T110/><D110/><U11/><E11/><V72/><F72/><W117/><G117/><T73/><D10/><U53/><E53/><V131/><F13/><W74/><G74/><T33/><D12/><U81/><E81/><V94/><F94/><W43/><G92/><T95/><D95/><U127/><E127/><V108/><F108/><W132/><G132/><T109/><D73/><U70/><E70/><V26/><F20/><AGARI ba="0,1" hai="8,15,17,18,20,27,54,57,62,88,90,96,103,105" machi="20" ten="40,5200,0" yaku="1,1,52,1,54,1,53,0" doraHai="4" doraHaiUra="60" who="1" fromWho="2" sc="166,0,300,62,144,-52,380,0" owari="166,-23.0,362,16.0,92,-41.0,380,48.0" /></mjloggm>