<mjloggm ver="2.3"><GO type="41" lobby="0"/><UN n0="%75%68%65%69%32" n1="%4D%41%43%4F%54%4F" n2="%4D%69%6F%48%6F%6E%64%61" n3="%E2%93%9D%53%75%70%68%78" dan="13,15,13,18" rate="1848.86,1974.93,1915.63,2130.26" sx="M,F,M,M"/><TAIKYOKU oya="0"/><INIT seed="0,0,0,5,0,98" ten="250,250,250,250" oya="0" hai0="74,117,112,38,2,48,25,79,60,44,103,36,21" hai1="34,94,128,54,111,121,124,77,7,56,27,37,95" hai2="15,49,118,134,41,11,6,14,47,10,40,12,133" hai3="43,132,106,30,82,101,20,31,123,68,84,122,88"/><T108/><D112/><U62/><E121/><N who="3" m="46090" /><G68/><T119/><D2/><U102/><E37/><V67/><F118/><W26/><G43/><T99/><D74/><U105/><E111/><V22/><F67/><W125/><G132/><N who="2" m="50793" /><F40/><W63/><G63/><T85/><D60/><U127/><E128/><V78/><F78/><W8/><G8/><N who="2" m="3113" /><F6/><W16/><G125/><N who="1" m="48202" /><E7/><V135/><N who="2" m="50801" /><V97/><DORA hai="75" /><F97/><AGARI ba="0,0" hai="16,20,26,30,31,82,84,88,97,101,106" m="46090" machi="97" ten="30,7700,0" yaku="13,1,52,1,54,2" doraHai="98,75" who="3" fromWho="2" sc="250,0,250,0,250,-77,250,77" /><INIT seed="1,0,0,2,5,56" ten="250,250,173,327" oya="1" hai0="90,40,9,132,60,80,51,119,95,117,59,123,107" hai1="75,67,111,42,68,21,96,100,35,20,37,54,97" hai2="52,10,5,108,23,43,109,39,74,77,11,12,93" hai3="3,129,64,88,18,84,38,24,14,1,70,91,133"/><U112/><E112/><V47/><F74/><W30/><G38/><T41/><D132/><U87/><E75/><V32/><F77/><W81/><G129/><T28/><D107/><U131/><E35/><V94/><F32/><W79/><G133/><T48/><D80/><U61/><E131/><V126/><F23/><W65/><G3/><T120/><D28/><U115/><E115/><V46/><F11/><W62/><G1/><T127/><D9/><U17/><E111/><N who="2" m="42571" /><F126/><W86/><G65/><N who="0" m="39071" /><D95/><U134/><E134/><V34/><F34/><W19/><G14/><T82/><D82/><U78/><E21/><V124/><F124/><W7/><G7/><T76/><D90/><U57/><E42/><N who="0" m="16489" /><D76/><U83/><E37/><V110/><F110/><W85/><G91/><T92/><D92/><U6/><E6/><V16/><F5/><W2/><G2/><T99/><D99/><U72/><E72/><V22/><F10/><W31/><G86/><T66/><D66/><U135/><E135/><V130/><F130/><W33/><G31/><T63/><D63/><U58/><E100/><V98/><F98/><W104/><G104/><T125/><D127/><U118/><E68/><V106/><F106/><W121/><REACH who="3" step="1"/><G121/><REACH who="3" ten="250,250,173,317" step="2"/><N who="0" m="46667" /><D125/><U44/><E96/><V122/><F122/><W4/><G4/><T73/><D73/><U29/><E97/><V25/><F25/><W113/><G113/><T69/><D69/><N who="1" m="42223" /><E29/><V71/><F71/><W50/><G50/><AGARI ba="0,1" hai="48,50,51,117,119" m="46667,16489,39071" machi="50" ten="30,7700,0" yaku="13,1,34,2,52,1" doraHai="56" who="0" fromWho="3" sc="250,87,250,0,173,0,317,-77" /><AGARI ba="0,0" hai="12,16,22,39,43,46,47,50,52,93,94" m="42571" machi="50" ten="30,3900,0" yaku="14,1,54,2" doraHai="56" who="2" fromWho="3" sc="337,0,250,0,173,39,240,-39" /><INIT seed="2,0,0,2,2,115" ten="337,250,212,201" oya="2" hai0="11,19,75,54,109,81,122,21,48,25,111,55,69" hai1="29,49,70,84,20,124,95,92,106,43,60,36,107" hai2="37,64,4,85,51,23,22,12,105,73,16,35,52" hai3="80,131,86,14,82,17,83,132,134,45,26,123,100"/><V90/><F73/><W42/><G123/><T8/><D69/><U102/><E36/><V57/><F35/><W59/><G100/><T76/><D55/><U118/><E118/><V126/><F105/><W78/><G131/><T50/><D50/><U3/><E3/><V79/><F37/><W1/><G1/><T112/><D112/><U67/><E124/><V128/><F128/><W110/><G110/><N who="0" m="41995" /><D122/><U56/><E84/><V9/><F126/><W10/><G59/><AGARI ba="0,0" hai="8,11,19,21,25,48,54,59,75,76,81" m="41995" machi="59" ten="30,1000,0" yaku="14,1" doraHai="115" who="0" fromWho="3" sc="337,10,250,0,212,0,201,-10" /><INIT seed="3,0,0,5,5,42" ten="347,250,212,191" oya="3" hai0="33,130,16,36,0,23,59,17,44,124,8,134,109" hai1="68,119,123,13,111,58,61,74,40,71,18,43,65" hai2="135,24,31,34,91,108,28,30,72,122,118,60,41" hai3="4,131,97,82,62,38,26,126,78,84,12,15,14"/><W39/><G131/><T46/><D109/><U3/><E123/><V67/><F118/><W99/><G126/><T117/><D117/><U113/><E119/><V56/><F108/><W51/><G4/><T57/><D33/><U129/><E111/><V110/><F135/><W79/><G62/><T121/><D121/><U94/><E3/><V19/><F72/><W104/><G26/><T98/><D130/><U48/><E129/><V81/><F122/><W25/><G25/><T85/><D36/><U20/><E74/><V75/><F19/><W128/><G128/><T92/><D85/><U105/><E105/><V120/><F120/><W107/><G51/><T45/><D134/><U63/><E113/><V86/><F75/><W103/><REACH who="3" step="1"/><G79/><REACH who="3" ten="347,250,212,181" step="2"/><T49/><D49/><U101/><E48/><V115/><F110/><W88/><G88/><T50/><D50/><U73/><E63/><V66/><F60/><W127/><G127/><T116/><D124/><U47/><E71/><V90/><F24/><W53/><G53/><T133/><D116/><U77/><E68/><V37/><F90/><W83/><G83/><T6/><D133/><U21/><E77/><V89/><F91/><W7/><G7/><T22/><D17/><U87/><E18/><V93/><F89/><W102/><AGARI ba="0,1" hai="12,14,15,38,39,78,82,84,97,99,102,103,104,107" machi="102" ten="30,11700,0" yaku="1,1,0,1,9,1,53,1" doraHai="42" doraHaiUra="76" who="3" fromWho="3" sc="347,-39,250,-39,212,-39,181,127" /><INIT seed="3,1,0,2,1,83" ten="308,211,173,308" oya="3" hai0="62,86,26,74,52,44,115,42,112,57,80,127,116" hai1="0,68,77,129,92,79,88,27,91,20,121,109,2" hai2="21,30,111,95,72,118,70,37,66,131,97,104,15" hai3="90,126,98,46,5,13,119,124,10,134,28,41,33"/><W132/><G119/><T63/><D116/><U76/><E121/><V19/><F37/><W100/><G90/><N who="0" m="51527" /><D74/><U85/><E109/><V133/><F104/><W34/><G28/><T38/><D26/><U4/><E68/><V32/><F72/><W56/><G56/><T16/><D127/><N who="3" m="48681" /><G46/><T125/><D125/><U40/><E40/><V75/><F75/><W81/><G81/><T73/><D73/><U67/><E67/><V59/><F70/><W78/><G78/><T123/><D16/><U84/><E129/><V23/><F32/><N who="3" m="12395" /><G41/><T6/><D6/><U35/><E4/><V114/><F59/><W36/><G36/><T94/><D94/><AGARI ba="1,0" hai="5,10,13,94,98,100,132,134" m="12395,48681" machi="94" ten="30,1500,0" yaku="18,1" doraHai="83" who="3" fromWho="0" sc="308,-18,211,0,173,0,308,18" /><INIT seed="3,2,0,1,4,80" ten="290,211,173,326" oya="3" hai0="22,91,14,107,124,90,99,95,120,83,27,37,74" hai1="21,127,100,111,31,23,0,33,49,53,68,12,15" hai2="61,125,71,45,105,44,8,114,85,134,40,112,113" hai3="123,70,20,77,75,18,11,13,47,1,64,34,108"/><W94/><G123/><T97/><D120/><U130/><E68/><V54/><F105/><W115/><G115/><T52/><D37/><U78/><E0/><V69/><F8/><W19/><G34/><T25/><D14/><U135/><E111/><V82/><F125/><W43/><G108/><T72/><D27/><U104/><E104/><V122/><F122/><W35/><G35/><T101/><D124/><U62/><E100/><V65/><F134/><W76/><G75/><T96/><D52/><U129/><E62/><V128/><F128/><N who="1" m="49257" /><E127/><V55/><F71/><W87/><G64/><T50/><D50/><U106/><E106/><V41/><F41/><W66/><G66/><T26/><D26/><N who="1" m="18679" /><E78/><V36/><REACH who="2" step="1"/><F45/><REACH who="2" ten="290,211,163,326" step="2"/><W73/><G70/><T59/><D107/><U29/><E135/><V131/><F131/><W60/><G47/><T2/><D2/><U67/><E67/><V17/><F17/><W3/><G19/><T102/><D102/><U51/><E29/><V103/><F103/><W119/><G3/><T133/><D101/><U81/><E53/><V30/><F30/><W86/><G1/><T39/><D133/><U56/><E56/><V28/><F28/><W89/><G18/><T93/><D59/><U84/><E23/><V32/><F32/><W16/><G20/><T121/><D22/><U4/><E21/><V109/><F109/><W63/><G43/><T9/><D121/><U48/><E4/><V98/><F98/><W7/><G16/><T24/><D9/><U10/><E10/><V118/><F118/><W110/><G110/><T57/><D99/><RYUUKYOKU ba="2,1" sc="290,-15,211,15,163,15,326,-15" hai1="12,15,48,49,51,81,84" hai2="36,40,44,54,55,61,65,69,82,85,112,113,114" /><INIT seed="4,3,1,0,3,127" ten="275,226,178,311" oya="0" hai0="132,46,103,99,53,92,12,100,102,123,86,130,47" hai1="36,4,79,81,32,7,122,19,116,77,124,31,114" hai2="60,90,26,2,56,1,118,9,22,28,29,24,121" hai3="84,101,11,45,73,13,42,23,18,61,85,128,135"/><T117/><D117/><U129/><E116/><V66/><F121/><W15/><G73/><T30/><D123/><U57/><E122/><V5/><F118/><W76/><G135/><T33/><D86/><U93/><E36/><V65/><F90/><W10/><G128/><T25/><D132/><U78/><E124/><V17/><F1/><W6/><G101/><T89/><D130/><U44/><E129/><V109/><F109/><W107/><G107/><T115/><D115/><U50/><E81/><V96/><F96/><W71/><G76/><T59/><D59/><U108/><BYE who="0" /><E108/><V58/><REACH who="2" step="1"/><F26/><REACH who="2" ten="275,226,168,311" step="2"/><UN n0="%75%68%65%69%32" /><W95/><G15/><T70/><D89/><U80/><E78/><V41/><F41/><W35/><G13/><T67/><D12/><U21/><E79/><V72/><F72/><W38/><G42/><T52/><D99/><U62/><E114/><V37/><F37/><W82/><G38/><T27/><D27/><U112/><E112/><V40/><F40/><W51/><G85/><T3/><D3/><U48/><E77/><V43/><F43/><W39/><G84/><T88/><D25/><U49/><E80/><V106/><F106/><W133/><G82/><T74/><D88/><U83/><E83/><V68/><F68/><W119/><G71/><T54/><D74/><U0/><E0/><V111/><F111/><W98/><G39/><T134/><D70/><U75/><E75/><V94/><F94/><W105/><G119/><T63/><D92/><U16/><E93/><V131/><F131/><W126/><G95/><T8/><D134/><U110/><E110/><RYUUKYOKU ba="3,2" sc="275,-10,226,-10,168,30,311,-10" hai2="2,5,9,17,22,24,28,29,56,58,60,65,66" /><INIT seed="5,4,2,1,0,76" ten="265,216,198,301" oya="1" hai0="14,66,101,43,130,25,68,90,85,119,21,51,108" hai1="74,64,29,8,53,127,95,0,46,69,59,93,113" hai2="94,133,16,31,22,82,122,84,73,109,105,98,39" hai3="134,81,116,124,131,49,114,104,2,7,34,79,129"/><U100/><E74/><V117/><F109/><W92/><G104/><T123/><D108/><U42/><E113/><V87/><F117/><W6/><G114/><T128/><D119/><U65/><E127/><V63/><F122/><W102/><G34/><T112/><D101/><U12/><E0/><V57/><F39/><W54/><G134/><T28/><D112/><U11/><E29/><V67/><F133/><W91/><G102/><T126/><D14/><U17/><E100/><N who="2" m="60503" /><F105/><W33/><G33/><T36/><D36/><U110/><E110/><V5/><F73/><W18/><G18/><T72/><D72/><U62/><E11/><V96/><F5/><W71/><G71/><T37/><D37/><U38/><REACH who="1" step="1"/><E65/><REACH who="1" ten="265,206,198,301" step="2"/><V50/><F31/><W24/><G124/><T52/><D66/><U60/><AGARI ba="4,3" hai="8,12,17,38,42,46,53,59,60,62,64,69,93,95" machi="60" ten="20,7800,0" yaku="1,1,2,1,0,1,7,1,53,0" doraHai="76" doraHaiUra="103" who="1" fromWho="1" sc="265,-30,206,120,198,-30,301,-30" /><INIT seed="5,5,0,5,0,101" ten="235,326,168,271" oya="1" hai0="102,125,90,77,51,2,69,15,53,11,41,112,129" hai1="29,103,48,57,128,33,58,31,84,65,117,60,44" hai2="0,3,100,115,50,32,59,114,83,106,107,9,64" hai3="81,43,47,99,124,42,67,109,76,135,68,4,104"/><U113/><E117/><V52/><F32/><W22/><G109/><T118/><D112/><N who="2" m="43050" /><F100/><W55/><G135/><T7/><D118/><U82/><E113/><V91/><F9/><W13/><G124/><T87/><D69/><U16/><E33/><V12/><F12/><W75/><G55/><T110/><D110/><U131/><E103/><V127/><F64/><W45/><G67/><T96/><D125/><U89/><E58/><V26/><F26/><W85/><G75/><T14/><D77/><U1/><E1/><N who="2" m="587" /><F127/><W18/><G68/><T94/><D41/><U71/><E71/><V34/><F34/><W88/><G4/><T36/><D36/><U93/><E82/><V123/><F123/><W40/><G104/><N who="2" m="39977" /><F83/><W20/><G20/><T130/><D129/><U56/><E131/><V46/><F91/><W116/><G116/><T54/><D130/><U86/><E128/><V133/><F133/><W39/><G39/><T37/><D37/><U70/><E70/><V126/><F126/><W23/><G23/><T134/><D134/><U61/><E89/><V27/><F27/><W10/><G22/><T78/><D54/><U38/><E65/><V73/><F73/><W6/><G6/><T35/><D35/><U98/><E38/><V72/><F72/><W80/><G80/><N who="0" m="47511" /><D15/><U21/><E21/><V49/><F49/><W8/><G8/><T5/><D14/><U63/><E48/><V19/><F19/><W92/><AGARI ba="5,0" hai="10,13,18,40,42,43,45,47,76,81,85,88,92,99" machi="92" ten="30,4000,0" yaku="0,1,8,1,54,1" doraHai="101" who="3" fromWho="3" sc="235,-15,326,-25,168,-15,271,55" /><INIT seed="6,0,0,2,4,52" ten="220,301,153,326" oya="2" hai0="98,80,53,42,78,87,24,43,70,26,11,97,37" hai1="76,106,44,100,116,6,105,19,92,45,135,65,48" hai2="67,86,41,77,56,54,120,107,27,112,74,93,31" hai3="73,75,50,18,88,60,89,12,131,0,123,99,82"/><V57/><F107/><W8/><G123/><T71/><D11/><U29/><E116/><V79/><F74/><W110/><G110/><T38/><D53/><U7/><E29/><V83/><F120/><W108/><G131/><T114/><D87/><U113/><E113/><V119/><F119/><W61/><G0/><T15/><D15/><U25/><E135/><V72/><F41/><W5/><G108/><T14/><D14/><U4/><E76/><N who="2" m="46439" /><F72/><W101/><G75/><T36/><D80/><U133/><E133/><V39/><F39/><W1/><G50/><T109/><D78/><N who="2" m="29706" /><F67/><W121/><G121/><T9/><D9/><U32/><E65/><V104/><F104/><W51/><G73/><T64/><D64/><U68/><E68/><N who="0" m="26153" /><D109/><U117/><E117/><V127/><F127/><W20/><G82/><T23/><D23/><N who="1" m="13567" /><E32/><V63/><F112/><W3/><G3/><T90/><D114/><U129/><E106/><V49/><F93/><W118/><G118/><T47/><D42/><U22/><E105/><V85/><F85/><W35/><G35/><T2/><D2/><U33/><E33/><V10/><F10/><W111/><G111/><T124/><D124/><U30/><E129/><V94/><F94/><N who="3" m="58615" /><G1/><T125/><D125/><U55/><E92/><V84/><F84/><W81/><G81/><T103/><D38/><U66/><E66/><N who="2" m="39271" /><F31/><W16/><G18/><T59/><D37/><U126/><E126/><V17/><F17/><W28/><G28/><T69/><N who="0" m="26161" /><T62/><DORA hai="58" /><D36/><U130/><E130/><V13/><F27/><N who="3" m="14727" /><G51/><N who="0" m="27135" /><D24/><N who="1" m="16663" /><E100/><V102/><F102/><RYUUKYOKU ba="0,0" sc="220,-30,301,10,153,10,326,10" hai1="4,6,7,44,45,48,55" hai2="13,49,54,57" hai3="5,8,12,60,61,88,89" /><INIT seed="6,1,0,2,4,124" ten="190,311,163,336" oya="2" hai0="59,123,72,66,109,47,62,28,95,114,61,54,131" hai1="86,32,106,65,11,84,12,0,31,100,29,60,74" hai2="39,80,24,55,43,129,127,52,9,88,30,134,93" hai3="25,58,23,132,18,108,101,99,75,70,110,120,2"/><V22/><F127/><W81/><G120/><T40/><D72/><U68/><E74/><V102/><F134/><W37/><G70/><T67/><D28/><U121/><E0/><V69/><F69/><W15/><G37/><T57/><D109/><U38/><E38/><V91/><F129/><W116/><G116/><T36/><D95/><U85/><E121/><V92/><F102/><W7/><G58/><N who="0" m="37175" /><D123/><U119/><E119/><V19/><F39/><W113/><G113/><T3/><D3/><U126/><E126/><V1/><F43/><W117/><G117/><T71/><D114/><U46/><E46/><V45/><F45/><W73/><G73/><T130/><D59/><U107/><E31/><V44/><F44/><W97/><G132/><T8/><D8/><U103/><E103/><V115/><F115/><W35/><G101/><T26/><D26/><N who="1" m="18487" /><E107/><V89/><F80/><W133/><G81/><T79/><D79/><U41/><E41/><V77/><F77/><W87/><G110/><T135/><D135/><U16/><E85/><V128/><F128/><N who="0" m="49194" /><D71/><U104/><E104/><V13/><F1/><W20/><G133/><T118/><D118/><U105/><E105/><V90/><REACH who="2" step="1"/><F92/><REACH who="2" ten="190,311,153,336" step="2"/><W42/><G108/><T76/><D76/><U53/><E106/><V56/><F56/><W50/><G2/><T17/><D17/><U27/><E68/><V94/><F94/><W82/><G18/><T34/><D34/><U21/><E16/><V112/><F112/><W125/><G125/><T51/><D36/><U78/><E78/><V63/><F63/><W10/><G75/><RYUUKYOKU ba="1,1" sc="190,15,311,-15,153,15,336,-15" hai0="40,47,51,54,57,62,67" hai2="9,13,19,22,24,30,52,55,88,89,90,91,93" /><INIT seed="6,2,1,2,3,12" ten="205,296,168,321" oya="2" hai0="54,63,30,66,65,102,114,100,118,76,57,52,35" hai1="46,106,74,129,36,0,55,18,111,128,19,79,112" hai2="72,104,70,86,83,16,21,44,22,9,10,34,45" hai3="80,40,5,84,77,82,116,101,107,28,85,103,92"/><V64/><F72/><W59/><G5/><T11/><D114/><U33/><E111/><V119/><F104/><W26/><G40/><T4/><D118/><U38/><E106/><V99/><F119/><W131/><G131/><N who="1" m="50250" /><E33/><V60/><F34/><W98/><G116/><T91/><D76/><U31/><E31/><V78/><F99/><W126/><G126/><T24/><D91/><U62/><E0/><V1/><F22/><N who="3" m="15447" /><G59/><T39/><D39/><N who="1" m="14891" /><E112/><V2/><F2/><W71/><G71/><T130/><D130/><U133/><E133/><V23/><F23/><W68/><G68/><T17/><D17/><N who="1" m="6155" /><E79/><V48/><F1/><W75/><G107/><T47/><D47/><U132/><E132/><V121/><F121/><W37/><G77/><T20/><D35/><U51/><E62/><V43/><REACH who="2" step="1"/><F45/><REACH who="2" ten="205,296,158,321" step="2"/><W61/><G75/><AGARI ba="2,2" hai="46,51,55,74,75" m="6155,14891,50250" machi="75" ten="40,8000,1" yaku="19,1,52,3" doraHai="12" who="1" fromWho="3" sc="205,0,296,106,158,0,321,-86" /><INIT seed="7,0,0,1,5,75" ten="205,402,158,235" oya="3" hai0="39,6,56,47,40,5,108,87,78,85,50,98,123" hai1="71,13,12,30,131,109,93,18,20,45,41,33,101" hai2="67,48,118,83,112,34,58,62,86,77,59,128,126" hai3="135,46,22,127,9,99,84,96,95,102,107,73,52"/><W24/><G73/><T68/><D123/><U111/><E71/><V54/><F118/><W129/><G129/><T38/><D68/><U35/><E131/><V105/><F128/><W21/><G135/><T89/><D108/><U49/><E35/><V4/><F112/><W55/><G127/><T100/><D39/><U26/><E101/><V61/><F126/><W66/><G66/><T7/><D38/><U110/><E93/><V88/><F34/><W27/><G9/><T79/><D56/><U3/><E3/><V130/><F130/><W82/><G46/><T0/><D0/><U119/><E119/><V90/><F105/><W122/><G122/><T19/><D19/><U106/><E106/><V97/><F4/><W2/><G2/><T121/><D121/><U103/><E103/><V117/><F117/><W51/><G51/><T94/><REACH who="0" step="1"/><D85/><REACH who="0" ten="195,402,158,235" step="2"/><U11/><E110/><V15/><F97/><W69/><G99/><T134/><D134/><U17/><AGARI ba="0,1" hai="11,12,13,17,18,20,26,30,33,41,45,49,109,111" machi="17" ten="20,1500,0" yaku="0,1,7,1" doraHai="75" who="1" fromWho="1" sc="195,-4,402,25,158,-4,235,-7" owari="191,-21.0,427,53.0,154,-35.0,228,3.0" /></mjloggm>