<mjloggm ver="2.3"><GO type="41" lobby="0"/><UN n0="%E2%93%9D%53%75%70%68%78" n1="%E3%83%AC%E3%83%84%E3%82%B7" n2="%E3%83%9C%E3%82%B3" n3="%6D%61%6A%75%6E%69%61" dan="18,14,15,14" rate="2119.05,1917.15,2015.95,1965.35" sx="M,M,M,M"/><TAIKYOKU oya="0"/><INIT seed="0,0,0,1,4,99" ten="250,250,250,250" oya="0" hai0="91,69,37,81,124,52,17,86,93,47,60,58,134" hai1="6,2,133,9,5,57,109,8,21,19,122,28,7" hai2="75,71,43,103,11,25,105,120,102,44,95,31,135" hai3="4,114,106,0,15,32,46,67,104,38,108,70,89"/><T111/><D134/><U94/><E122/><V34/><F120/><W74/><G108/><T127/><D111/><U33/><E133/><V126/><F135/><W129/><G129/><T41/><D17/><U79/><E79/><V83/><F105/><W85/><G114/><T62/><D69/><U121/><E121/><V123/><F123/><W77/><G32/><T84/><REACH who="0" step="1"/><D62/><REACH who="0" ten="240,250,250,250" step="2"/><U54/><E109/><V82/><F71/><W16/><G70/><T56/><D56/><U1/><E57/><V53/><F126/><W119/><G16/><T92/><D92/><U98/><E94/><V64/><F95/><W55/><G104/><T76/><AGARI ba="0,1" hai="37,41,47,52,58,60,76,81,84,86,91,93,124,127" machi="76" ten="30,6000,0" yaku="1,1,0,1,54,1,53,0" doraHai="99" doraHaiUra="65" who="0" fromWho="0" sc="240,70,250,-20,250,-20,250,-20" /><INIT seed="0,1,0,5,1,26" ten="310,230,230,230" oya="0" hai0="119,29,32,1,33,111,25,95,13,102,68,123,62" hai1="45,115,79,116,19,130,125,89,55,37,135,59,8" hai2="91,122,3,87,44,101,20,121,6,93,40,81,41" hai3="103,14,58,15,129,39,106,28,4,60,66,7,38"/><T5/><D119/><U120/><E120/><V51/><F41/><W73/><G129/><T0/><D123/><U30/><E116/><V82/><F82/><W99/><G73/><T65/><D33/><U67/><E115/><V10/><F20/><W131/><G131/><T71/><D71/><U118/><E118/><V109/><F109/><W48/><G48/><T114/><D114/><U113/><E113/><V104/><F104/><W100/><G100/><T11/><REACH who="0" step="1"/><D111/><REACH who="0" ten="300,230,230,230" step="2"/><U124/><E130/><V2/><F2/><W77/><G77/><T83/><D83/><U94/><E135/><V9/><F9/><W85/><G39/><T132/><D132/><U108/><E108/><V47/><F47/><W134/><G38/><T53/><D53/><U92/><E125/><V17/><F17/><W84/><G134/><T50/><D50/><U49/><E124/><V36/><F51/><W57/><G7/><T96/><AGARI ba="1,1" hai="0,1,5,11,13,25,29,32,62,65,68,95,96,102" machi="96" ten="30,6000,0" yaku="1,1,0,1,52,1,53,0" doraHai="26" doraHaiUra="110" who="0" fromWho="0" sc="300,73,230,-21,230,-21,230,-21" /><INIT seed="0,2,0,0,3,65" ten="373,209,209,209" oya="0" hai0="47,88,69,94,124,71,130,105,121,16,60,66,115" hai1="59,89,53,17,41,22,72,111,23,134,50,39,5" hai2="67,49,129,114,10,102,101,82,74,54,118,55,26" hai3="42,64,25,11,104,98,76,93,9,79,38,85,3"/><T77/><D121/><U96/><E72/><V57/><F118/><W78/><G38/><T107/><D115/><U27/><E134/><V14/><F114/><W75/><G42/><T4/><D4/><U28/><E111/><V120/><F120/><W95/><G64/><T2/><D77/><N who="3" m="29801" /><G25/><T127/><D2/><U58/><E5/><V15/><F129/><W133/><G11/><T0/><D47/><U103/><E89/><V45/><F67/><W33/><G33/><T32/><D0/><U97/><E39/><V110/><F110/><W112/><G9/><T7/><D7/><U108/><E41/><V91/><F74/><W61/><G61/><T37/><D32/><U48/><E108/><V21/><F15/><W36/><G36/><T117/><D117/><U135/><E135/><V100/><F21/><W24/><G24/><T80/><D80/><U70/><E70/><V123/><F26/><W92/><G3/><T132/><D37/><U43/><E43/><V6/><F123/><W119/><G112/><T73/><D73/><U1/><E1/><V56/><REACH who="2" step="1"/><F55/><REACH who="2" ten="373,209,199,209" step="2"/><W116/><G133/><T128/><D132/><U44/><E22/><V18/><F18/><W109/><G109/><T46/><D16/><U68/><E17/><V62/><F62/><W34/><G34/><T99/><D71/><U8/><E68/><V19/><F19/><W20/><G20/><T31/><D130/><U52/><E8/><V81/><F81/><N who="3" m="47295" /><G75/><T126/><D128/><U30/><E28/><V63/><F63/><W84/><G84/><AGARI ba="2,1" hai="6,10,14,45,49,54,56,57,82,84,91,100,101,102" machi="84" ten="40,5200,0" yaku="1,1,8,1,53,1" doraHai="65" doraHaiUra="87" who="2" fromWho="3" sc="373,0,209,0,199,68,209,-58" /><INIT seed="1,0,0,5,0,90" ten="373,209,267,151" oya="1" hai0="92,78,48,35,42,50,30,75,123,114,109,61,103" hai1="19,13,113,100,127,28,47,27,54,7,83,41,9" hai2="51,72,2,38,86,58,102,52,101,87,91,99,31" hai3="69,89,45,116,97,5,49,77,29,67,122,107,8"/><U43/><E113/><V66/><F72/><W111/><G111/><T81/><D114/><U53/><E127/><V119/><F119/><W80/><G122/><T121/><D109/><U14/><E100/><V24/><F2/><W16/><G116/><T21/><D35/><U11/><E83/><V124/><F124/><W0/><G29/><T105/><D105/><U134/><E134/><V59/><F38/><W15/><G69/><T74/><D61/><U37/><REACH who="1" step="1"/><E41/><REACH who="1" ten="373,199,267,151" step="2"/><V130/><F130/><W56/><G107/><T108/><D103/><U71/><E71/><V65/><F102/><W34/><G34/><AGARI ba="0,1" hai="7,9,11,13,14,19,27,28,34,37,43,47,53,54" machi="34" ten="30,11600,0" yaku="1,1,7,1,53,2" doraHai="90" doraHaiUra="10" who="1" fromWho="3" sc="373,0,199,126,267,0,151,-116" /><INIT seed="1,1,0,4,0,87" ten="373,325,267,35" oya="1" hai0="135,21,47,102,37,14,49,81,66,112,130,125,78" hai1="97,105,3,17,38,131,52,32,29,116,107,54,124" hai2="67,60,28,101,114,98,83,118,24,16,110,133,10" hai3="96,63,61,36,94,27,11,128,103,93,134,73,2"/><U7/><E38/><V117/><F110/><W13/><G128/><T70/><D37/><U109/><E116/><V72/><F114/><W31/><G134/><T48/><D70/><U86/><E109/><V22/><F133/><W19/><G73/><T68/><D68/><U100/><E131/><V71/><F72/><W120/><G120/><T5/><D125/><U26/><E124/><V106/><F83/><W88/><G36/><T41/><D66/><U59/><E7/><V79/><F79/><W44/><G44/><T58/><D102/><U53/><E3/><V123/><F123/><W40/><G40/><T111/><D112/><U129/><E129/><V4/><REACH who="2" step="1"/><F28/><REACH who="2" ten="373,325,257,35" step="2"/><W69/><G69/><T115/><D111/><U99/><E86/><V75/><F75/><W76/><G76/><T30/><D30/><U91/><E17/><V45/><F45/><W113/><G113/><T34/><D135/><U108/><E108/><V80/><F80/><W84/><REACH who="3" step="1"/><G2/><AGARI ba="1,1" hai="2,4,10,16,22,24,60,67,71,98,101,106,117,118" machi="2" ten="30,3900,0" yaku="1,1,7,1,54,1,53,0" doraHai="87" doraHaiUra="51" who="2" fromWho="3" sc="373,0,325,0,257,52,35,-42" owari="373,47.0,325,13.0,309,-9.0,-7,-51.0" /></mjloggm>