<mjloggm ver="2.3"><GO type="41" lobby="0"/><UN n0="%48%4F%4D%4F%E5%A5%B3" n1="%E2%93%9D%53%75%70%68%78" n2="%E3%81%BF%E3%81%BF%E3%81%A4%E3%81%8F%33%33%32%39" n3="%6C%65%67%61%63%79" dan="15,17,13,15" rate="2061.14,2070.25,1959.50,1930.49" sx="M,M,M,M"/><TAIKYOKU oya="0"/><INIT seed="0,0,0,0,1,8" ten="250,250,250,250" oya="0" hai0="63,60,66,96,130,115,110,12,128,19,89,13,28" hai1="21,134,64,72,69,84,35,75,73,46,98,103,74" hai2="107,125,2,112,93,88,131,65,70,90,56,0,81" hai3="133,76,78,7,31,54,105,16,23,87,91,53,44"/><T17/><D115/><U29/><E134/><V32/><F70/><W6/><G105/><T5/><D5/><U118/><E84/><V50/><F32/><W80/><G31/><T135/><D28/><U37/><E21/><V15/><F107/><W10/><G133/><T24/><D24/><N who="1" m="18855" /><E75/><V71/><F71/><W121/><G121/><T11/><D110/><U123/><E118/><V95/><F81/><W100/><G100/><T114/><D114/><U92/><E92/><V43/><F125/><W79/><G44/><T9/><D135/><U49/><E49/><V42/><F131/><W62/><G62/><T30/><D30/><U33/><E33/><V27/><F0/><W82/><G82/><T22/><D22/><U47/><E37/><V51/><F2/><W94/><G94/><N who="0" m="56399" /><D66/><U14/><E123/><V36/><F36/><W109/><G109/><T4/><D4/><N who="3" m="1577" /><G10/><T132/><D132/><U67/><E67/><V116/><F27/><AGARI ba="0,0" hai="16,23,27,53,54,76,78,79,80,87,91" m="1577" machi="27" ten="30,2000,0" yaku="8,1,54,1" doraHai="8" who="3" fromWho="2" sc="250,0,250,0,250,-20,250,20" /><INIT seed="1,0,0,1,4,100" ten="250,250,230,270" oya="1" hai0="51,39,75,89,56,98,135,76,113,103,12,69,28" hai1="42,134,47,59,23,41,67,94,33,8,66,118,0" hai2="93,50,120,48,78,91,45,6,80,117,70,57,116" hai3="22,5,35,11,29,14,25,127,72,124,65,63,44"/><U32/><E118/><V112/><F70/><W133/><G72/><T107/><D135/><U125/><E134/><V27/><F112/><W40/><G133/><T131/><D131/><U108/><E125/><V126/><F126/><W7/><G127/><T122/><D122/><U110/><E23/><V52/><F120/><W60/><G124/><T105/><D39/><U38/><E94/><V19/><F6/><W129/><G129/><T10/><D69/><U79/><E79/><V31/><F19/><W68/><G63/><T132/><D132/><U97/><E97/><V26/><F116/><W77/><G77/><T73/><D107/><U2/><E59/><V99/><F31/><W18/><REACH who="3" step="1"/><G35/><REACH who="3" ten="250,250,230,260" step="2"/><T90/><D76/><U101/><E33/><V13/><F117/><W9/><G9/><T61/><D10/><U71/><E32/><V46/><F13/><W88/><G88/><T49/><D90/><U16/><E8/><V54/><REACH who="2" step="1"/><F57/><REACH who="2" ten="250,250,220,260" step="2"/><W74/><G74/><AGARI ba="0,2" hai="26,27,45,46,48,50,52,54,74,78,80,91,93,99" machi="74" ten="30,8000,1" yaku="1,1,2,1,7,1,9,1,54,1,53,0" doraHai="100" doraHaiUra="1" who="2" fromWho="3" sc="250,0,250,0,220,100,260,-80" /><INIT seed="2,0,0,2,3,134" ten="250,250,320,180" oya="2" hai0="18,87,112,77,4,46,12,75,2,9,123,47,125" hai1="133,17,78,44,50,99,85,26,108,120,5,127,32" hai2="130,107,72,45,105,64,97,135,82,109,132,102,22" hai3="42,86,34,68,54,48,84,27,90,60,110,58,25"/><V70/><F22/><W129/><G110/><T113/><D123/><U19/><E108/><V52/><F109/><W16/><G129/><T0/><D75/><U117/><E117/><V104/><F64/><W31/><G68/><T51/><D125/><U93/><E5/><V3/><F70/><W118/><G118/><T92/><D47/><U103/><E133/><N who="2" m="51275" /><F3/><W56/><G86/><T131/><D131/><U95/><E32/><V24/><F24/><W59/><G42/><T43/><D92/><U57/><E127/><V101/><F52/><W8/><G60/><T121/><D121/><U119/><E26/><V35/><F45/><W71/><G71/><T62/><D62/><U91/><E120/><V39/><F35/><W65/><G65/><T13/><D0/><U81/><E57/><V74/><F39/><W63/><G63/><T28/><D2/><U10/><E10/><V41/><F41/><W1/><G1/><T40/><D40/><U122/><E119/><V55/><F55/><W126/><G126/><T100/><D43/><N who="1" m="24863" /><E122/><V116/><F116/><W61/><G61/><T83/><D9/><U98/><AGARI ba="0,0" hai="17,19,78,81,85,91,93,95,98,99,103" m="24863" machi="98" ten="30,1100,0" yaku="8,1" doraHai="134" who="1" fromWho="1" sc="250,-3,250,11,320,-5,180,-3" /><INIT seed="3,0,0,1,1,51" ten="247,261,315,177" oya="3" hai0="110,57,122,6,66,55,26,12,23,10,88,119,76" hai1="44,96,38,133,70,84,60,11,74,100,124,3,37" hai2="22,9,4,32,20,106,58,86,45,30,41,1,73" hai3="123,24,92,111,99,8,2,53,82,116,46,33,134"/><W27/><G116/><T118/><D122/><U85/><E74/><V95/><F73/><W83/><G123/><T108/><D76/><U104/><E133/><V49/><F106/><W68/><G134/><T31/><D66/><U93/><E124/><V79/><F32/><W21/><G68/><T59/><D59/><U56/><E70/><V120/><F120/><W126/><G126/><T80/><D110/><U94/><E104/><V114/><F114/><W87/><G33/><T13/><D108/><U121/><E44/><V19/><F30/><W50/><G111/><T7/><D13/><U14/><E3/><V47/><F47/><W36/><G36/><T15/><D15/><U61/><E61/><V128/><F128/><W40/><G40/><T127/><D127/><U107/><E107/><V135/><F135/><W54/><G87/><N who="0" m="50279" /><D119/><U102/><E38/><V16/><F58/><W98/><G98/><T25/><D25/><U65/><E37/><V97/><F79/><W117/><G117/><T63/><D118/><U105/><E121/><V89/><REACH who="2" step="1"/><F97/><REACH who="2" ten="247,261,305,177" step="2"/><W5/><G27/><T35/><D35/><U64/><E105/><V132/><F132/><W71/><G71/><T52/><D6/><U115/><E115/><V81/><F81/><W29/><REACH who="3" step="1"/><G54/><REACH who="3" ten="247,261,305,167" step="2"/><T109/><D109/><U130/><E96/><V18/><AGARI ba="0,2" hai="1,4,9,16,18,19,20,22,41,45,49,86,89,95" machi="18" ten="30,4000,0" yaku="1,1,0,1,54,1,53,0" doraHai="51" doraHaiUra="28" who="2" fromWho="2" sc="247,-10,261,-10,305,60,167,-20" /><INIT seed="4,0,0,4,1,118" ten="237,251,365,147" oya="0" hai0="133,69,113,73,64,0,61,131,28,21,67,42,115" hai1="24,4,56,38,36,84,1,104,70,31,62,95,86" hai2="2,39,111,119,82,122,17,13,132,26,41,14,50" hai3="135,112,114,130,92,98,18,27,60,93,19,103,63"/><T108/><D73/><U32/><E104/><V123/><F39/><W81/><G135/><T8/><D131/><U46/><E70/><V53/><F41/><W71/><G130/><T83/><D133/><U48/><E1/><V12/><F111/><W49/><G49/><T59/><D108/><U101/><E4/><V126/><F132/><W107/><G81/><T20/><D42/><U5/><E5/><V40/><F40/><W90/><G93/><T129/><D129/><U6/><E6/><V99/><F2/><W78/><G78/><T85/><D8/><U3/><E3/><V110/><F110/><W29/><G63/><T11/><D11/><U45/><E38/><V68/><F68/><W37/><G37/><T102/><D102/><U96/><E36/><V91/><F126/><W33/><G112/><N who="0" m="43083" /><D0/><U55/><REACH who="1" step="1"/><E46/><REACH who="1" ten="237,241,365,147" step="2"/><V100/><F119/><W127/><G114/><T58/><D69/><U7/><E7/><V121/><F82/><W72/><G127/><T57/><D83/><U134/><E134/><V77/><F77/><W97/><REACH who="3" step="1"/><G72/><REACH who="3" ten="237,241,365,137" step="2"/><T10/><D61/><U9/><E9/><V22/><F91/><W15/><G15/><T51/><D10/><U120/><E120/><V23/><F12/><W52/><G52/><AGARI ba="0,2" hai="24,31,32,45,48,52,55,56,62,84,86,95,96,101" machi="52" ten="30,8000,1" yaku="1,1,7,1,54,1,53,2" doraHai="118" doraHaiUra="80" who="1" fromWho="3" sc="237,0,241,100,365,0,137,-80" /><INIT seed="5,0,0,5,0,20" ten="237,341,365,57" oya="1" hai0="61,37,107,19,81,36,6,129,93,3,8,56,88" hai1="98,26,97,44,115,52,78,18,96,116,133,15,68" hai2="83,50,131,22,27,31,112,119,111,89,72,118,128" hai3="127,126,125,90,34,113,80,47,17,108,14,120,40"/><U100/><E116/><V99/><F50/><W55/><G108/><T86/><D107/><U132/><E68/><V16/><F111/><W2/><G2/><T28/><D129/><N who="2" m="49738" /><F112/><W76/><G120/><T82/><D28/><U123/><E123/><V4/><F4/><W92/><G113/><T25/><D82/><U135/><E78/><N who="2" m="44487" /><F31/><W24/><G55/><T48/><D48/><N who="1" m="28679" /><E115/><V95/><AGARI ba="0,0" hai="16,22,27,89,95,99,118,119" m="44487,49738" machi="95" ten="30,4000,0" yaku="19,1,52,1,54,1" doraHai="20" who="2" fromWho="2" sc="237,-10,341,-20,365,40,57,-10" /><INIT seed="6,0,0,2,1,72" ten="227,321,405,47" oya="2" hai0="108,3,30,40,66,118,126,113,129,44,56,7,49" hai1="91,17,130,59,122,41,75,74,51,5,103,82,86" hai2="84,48,71,53,0,110,85,27,105,98,67,6,34" hai3="70,131,99,127,15,19,60,63,76,89,109,68,39"/><V35/><F0/><W43/><G109/><T10/><D108/><U26/><E130/><V133/><F6/><W52/><G127/><T81/><D129/><U93/><E122/><V123/><F35/><W23/><G131/><T28/><D126/><U13/><E5/><V45/><F133/><W11/><G63/><T32/><D113/><U80/><E26/><V100/><F110/><W64/><G70/><T121/><D121/><U18/><E18/><V135/><F135/><W31/><G39/><T9/><D9/><U61/><E75/><V8/><F8/><W117/><G117/><T94/><D32/><U37/><E37/><V96/><F96/><W115/><G43/><T50/><D118/><U79/><E103/><V111/><F111/><W119/><G119/><T125/><D125/><U42/><E82/><V107/><F107/><W22/><G115/><T101/><D81/><U97/><E51/><V120/><F123/><W24/><G76/><T92/><D92/><U38/><E74/><V73/><F73/><W90/><G99/><T33/><D33/><U1/><E1/><V62/><F120/><W57/><REACH who="3" step="1"/><G23/><REACH who="3" ten="227,321,405,37" step="2"/><T112/><D112/><U83/><E38/><V87/><F84/><W116/><G116/><T47/><D40/><U16/><E42/><V36/><F36/><W128/><G128/><T2/><D3/><U134/><E41/><V65/><F65/><W25/><G25/><T124/><D2/><U20/><E134/><V95/><F27/><W132/><G132/><T29/><D124/><U14/><E86/><N who="2" m="32779" /><F34/><W104/><G104/><T78/><D78/><RYUUKYOKU ba="0,1" sc="227,-15,321,-15,405,15,37,15" hai2="45,48,53,62,67,71,95,98,100,105" hai3="11,15,19,22,24,31,52,57,60,64,68,89,90" /><INIT seed="6,1,1,1,2,72" ten="212,306,420,52" oya="2" hai0="129,111,130,31,82,119,134,32,109,97,50,115,28" hai1="116,47,75,16,87,26,18,3,68,121,41,5,20" hai2="88,133,9,57,45,55,10,1,39,92,37,74,40" hai3="105,128,70,84,51,29,54,104,46,62,114,65,126"/><V89/><F74/><W90/><G128/><N who="0" m="49259" /><D119/><U103/><E75/><V66/><F133/><W21/><G126/><T33/><D134/><U73/><E73/><V77/><F66/><W108/><G108/><N who="0" m="41547" /><D97/><U17/><E68/><V44/><F1/><W48/><G48/><T22/><D50/><U34/><E103/><V135/><F135/><W123/><G123/><T67/><D82/><U124/><E116/><V38/><F77/><W2/><G2/><T35/><D67/><U93/><E124/><V101/><F101/><W13/><G114/><T63/><D63/><U36/><E121/><V7/><F7/><W42/><G42/><T94/><D94/><U78/><E93/><V71/><F71/><W4/><G4/><T132/><D132/><U0/><E5/><V131/><F131/><W8/><G8/><T125/><D125/><U49/><E49/><V27/><F9/><W76/><G76/><T98/><D98/><U69/><E69/><V122/><F10/><W23/><G23/><T81/><D81/><U107/><E20/><V85/><F122/><W117/><G117/><T102/><D102/><U30/><REACH who="1" step="1"/><E107/><REACH who="1" ten="212,296,420,52" step="2"/><V24/><F38/><W113/><G113/><T60/><D115/><U59/><E59/><V64/><F37/><W86/><G86/><T99/><D22/><U95/><E95/><V96/><F85/><W12/><G104/><T61/><D99/><U11/><E11/><V91/><F57/><W15/><G105/><T52/><D61/><U58/><E58/><AGARI ba="1,2" hai="28,31,32,33,35,52,58,60" m="41547,49259" machi="58" ten="40,2600,0" yaku="19,1,54,1" doraHai="72" who="0" fromWho="1" sc="212,49,296,-29,420,0,52,0" /><INIT seed="7,0,0,2,0,92" ten="261,267,420,52" oya="3" hai0="35,7,25,102,127,21,33,9,90,107,106,94,36" hai1="75,50,69,29,22,101,28,133,31,96,99,88,41" hai2="34,32,15,48,53,110,67,128,44,18,105,24,60" hai3="131,17,57,4,62,58,104,78,132,80,111,74,81"/><W55/><G132/><T120/><D36/><U97/><E69/><V38/><F105/><W65/><G131/><T83/><D120/><U27/><E75/><V124/><F110/><W119/><G119/><T5/><D127/><U100/><E133/><V42/><F24/><W16/><G111/><T26/><D83/><U86/><E41/><V70/><F128/><W82/><G104/><T121/><D121/><U8/><E50/><V79/><F79/><W11/><G81/><T122/><D122/><U56/><E56/><N who="2" m="32807" /><F124/><W72/><G82/><T66/><D66/><U95/><REACH who="1" step="1"/><E8/><AGARI ba="0,0" hai="8,15,18,32,34,38,42,44,60,67,70" m="32807" machi="8" ten="30,1000,0" yaku="24,1" doraHai="92" who="2" fromWho="1" sc="261,0,267,-10,420,10,52,0" owari="261,6.0,257,-14.0,430,53.0,52,-45.0" /></mjloggm>