<mjloggm ver="2.3"><GO type="41" lobby="0"/><UN n0="%E3%81%84%E3%82%8F%E3%81%B6%E3%81%A1%E3%81%8F%E3%82%93" n1="%E2%98%86%41%47%4F%E2%98%86" n2="%E2%93%9D%53%75%70%68%78" n3="%E5%90%89%E7%A5%A5%2E%79%66" dan="13,13,17,15" rate="1861.30,1881.61,2023.40,2023.76" sx="M,M,M,M"/><TAIKYOKU oya="0"/><INIT seed="0,0,0,5,5,58" ten="250,250,250,250" oya="0" hai0="56,116,132,40,26,118,64,95,49,46,15,61,63" hai1="7,28,123,79,115,29,59,130,86,0,85,81,42" hai2="75,124,131,101,55,3,73,60,32,105,96,35,9" hai3="82,100,111,128,114,69,2,80,67,6,1,27,37"/><T134/><D26/><U117/><E123/><V38/><F131/><W31/><G114/><T19/><D95/><U50/><E117/><N who="0" m="45161" /><D15/><U72/><E130/><V113/><F124/><W14/><G128/><T48/><D19/><U52/><E115/><V21/><F113/><W25/><G37/><T24/><D24/><U5/><E42/><V76/><F21/><W34/><G14/><T41/><D63/><U47/><E0/><V23/><F23/><W39/><G39/><T126/><D126/><U110/><E110/><V4/><F38/><W66/><G111/><T90/><D90/><U119/><E119/><V103/><F103/><W70/><G100/><T10/><D10/><U89/><E72/><V83/><F75/><W84/><G84/><T17/><D17/><U98/><E98/><V16/><REACH who="2" step="1"/><F16/><REACH who="2" ten="250,250,240,250" step="2"/><W125/><G125/><T127/><D127/><U120/><E120/><V12/><F12/><W78/><G34/><T133/><D40/><U108/><E108/><V77/><F77/><W13/><G13/><T11/><D11/><U104/><E5/><V135/><F135/><W129/><G129/><T88/><D88/><U43/><E7/><V53/><F53/><W107/><G6/><T74/><D74/><U122/><E122/><V33/><F33/><W57/><G78/><T71/><D134/><U36/><E104/><V45/><F45/><W92/><G31/><T102/><D102/><U54/><E54/><AGARI ba="0,1" hai="41,46,48,49,54,56,61,64,71,132,133" m="45161" machi="54" ten="30,5800,0" yaku="34,2,52,1" doraHai="58" who="0" fromWho="1" sc="250,68,250,-58,240,0,250,0" /><INIT seed="0,1,0,3,1,91" ten="318,192,240,250" oya="0" hai0="22,28,126,134,105,7,60,49,30,57,38,61,53" hai1="110,130,17,97,111,4,113,11,122,79,92,44,132" hai2="76,45,50,128,69,117,80,54,35,115,119,24,66" hai3="121,21,62,58,109,29,40,39,14,75,87,46,71"/><T90/><D38/><U12/><E122/><V18/><F115/><W123/><G75/><T65/><D105/><U27/><E113/><V34/><F128/><W84/><G71/><T95/><D134/><U103/><E130/><V70/><F18/><W72/><G72/><T31/><D7/><U37/><E132/><V73/><F66/><W94/><G109/><N who="1" m="41482" /><E79/><V36/><F36/><W118/><G118/><N who="2" m="45065" /><F24/><W32/><G32/><AGARI ba="1,0" hai="32,34,35,45,50,54,69,70,73,76,80" m="45065" machi="32" ten="30,1000,0" yaku="12,1" doraHai="91" who="2" fromWho="3" sc="318,0,192,0,240,13,250,-13" /><INIT seed="1,0,0,3,0,37" ten="318,192,253,237" oya="1" hai0="126,11,85,13,77,132,23,124,134,79,78,15,69" hai1="0,113,109,9,14,108,112,24,2,31,53,29,101" hai2="1,118,121,76,130,80,48,41,63,57,123,44,52" hai3="84,81,95,8,64,50,92,72,30,131,51,86,20"/><U122/><E101/><V46/><F1/><N who="1" m="617" /><E53/><V105/><F105/><W106/><G131/><T5/><D69/><U60/><E60/><V58/><F118/><W99/><G106/><T45/><D23/><N who="1" m="15519" /><E31/><V43/><F130/><W6/><G64/><T127/><D15/><U67/><E67/><V3/><F3/><W96/><G72/><T28/><D28/><U88/><E88/><V111/><F111/><N who="1" m="42569" /><E122/><V94/><F58/><W75/><G75/><T47/><REACH who="0" step="1"/><D85/><REACH who="0" ten="308,192,253,237" step="2"/><U117/><E117/><V18/><F123/><W55/><G86/><T61/><D61/><U38/><E38/><V26/><F121/><W33/><G84/><T98/><D98/><U36/><E36/><V89/><F63/><W65/><G99/><T32/><D32/><U83/><E83/><V97/><F80/><W68/><G96/><T70/><D70/><U114/><E114/><V25/><F97/><W87/><G33/><T54/><D54/><U104/><E104/><V59/><F52/><W73/><G30/><T125/><D125/><U4/><AGARI ba="0,1" hai="4,9,14,112,113" m="42569,15519,617" machi="4" ten="30,11700,0" yaku="14,1,10,1,34,2" doraHai="37" who="1" fromWho="1" sc="308,-39,192,127,253,-39,237,-39" /><INIT seed="1,1,0,1,2,27" ten="269,319,214,198" oya="1" hai0="129,57,13,43,132,106,115,91,51,130,110,24,23" hai1="133,41,100,6,26,34,124,61,118,21,5,47,45" hai2="17,101,77,113,16,78,73,98,1,88,37,8,28" hai3="126,14,68,38,69,50,4,18,94,48,2,104,65"/><U46/><E118/><V108/><F37/><W40/><G104/><T83/><D115/><U121/><E121/><V75/><F113/><W103/><G38/><T117/><D106/><U35/><E100/><V105/><F108/><W44/><G126/><T128/><D117/><U97/><E97/><V70/><F70/><W112/><G112/><T119/><D119/><U127/><E61/><V0/><F28/><W79/><G79/><T52/><D110/><U82/><E41/><V76/><F88/><W107/><G107/><T116/><D116/><U9/><E82/><V95/><F105/><W53/><G65/><T131/><D13/><U54/><E54/><V19/><REACH who="2" step="1"/><F8/><REACH who="2" ten="269,319,204,198" step="2"/><W3/><G69/><T90/><D130/><U122/><E122/><V125/><F125/><N who="1" m="48201" /><E133/><V56/><F56/><N who="3" m="32807" /><G68/><T134/><D134/><U80/><E9/><V10/><F10/><N who="3" m="6487" /><G2/><AGARI ba="1,1" hai="0,1,2,16,17,19,73,75,76,77,78,95,98,101" machi="2" ten="50,3200,0" yaku="1,1,54,1,53,0" doraHai="27" doraHaiUra="64" who="2" fromWho="3" sc="269,0,319,0,204,45,198,-35" /><INIT seed="2,0,0,3,2,56" ten="269,319,249,163" oya="2" hai0="87,38,100,79,11,90,84,114,85,124,131,10,41" hai1="78,129,134,63,73,15,76,20,40,49,80,120,18" hai2="128,2,112,107,8,35,26,108,88,47,132,126,122" hai3="32,6,61,37,27,72,22,54,12,81,45,58,92"/><V16/><RYUUKYOKU type="yao9" ba="0,0" sc="269,0,319,0,249,0,163,0" hai2="2,8,16,26,35,47,88,107,108,112,122,126,128,132" /><INIT seed="2,1,0,0,1,96" ten="269,319,249,163" oya="2" hai0="47,30,49,9,109,77,61,72,93,60,135,1,79" hai1="111,0,35,70,19,3,33,121,63,39,31,117,126" hai2="131,45,102,59,108,14,88,119,74,10,36,110,12" hai3="87,86,101,99,124,71,127,32,133,112,115,113,38"/><V68/><F68/><W94/><G38/><T34/><D135/><U8/><E63/><V125/><F119/><W105/><G32/><T40/><D109/><N who="2" m="42090" /><F74/><W100/><G71/><T28/><D34/><U130/><E31/><N who="0" m="11817" /><D1/><U23/><E8/><V128/><F125/><N who="3" m="48203" /><G133/><T91/><D72/><U46/><E46/><V26/><F26/><W53/><G53/><T6/><D9/><U11/><E11/><V44/><F59/><W43/><G43/><T16/><D6/><U5/><E5/><V103/><F88/><N who="3" m="55751" /><G105/><T123/><D16/><U54/><E19/><N who="2" m="8599" /><F14/><W73/><G73/><T106/><D106/><U80/><E70/><V84/><F84/><AGARI ba="1,0" hai="84,86,87,100,101,112,113,115" m="55751,48203" machi="84" ten="40,12000,2" yaku="11,1,18,1,34,2,52,2,54,1" doraHai="96" who="3" fromWho="2" sc="269,0,319,0,249,-123,163,123" /><INIT seed="3,0,0,3,1,96" ten="269,319,126,286" oya="3" hai0="130,89,57,62,61,14,109,30,18,33,98,19,114" hai1="53,124,48,72,4,43,107,111,16,112,85,50,12" hai2="52,94,10,87,120,100,116,44,90,104,77,66,32" hai3="84,123,135,11,24,22,74,51,101,31,41,15,78"/><W102/><G123/><T38/><D38/><U129/><E112/><V35/><F116/><W21/><G74/><T69/><D114/><U5/><E72/><V20/><F66/><W8/><G135/><T39/><D39/><U82/><E107/><V9/><F120/><W29/><G8/><T54/><D130/><U122/><E122/><V42/><F35/><W23/><G41/><T126/><D126/><U97/><E129/><V1/><F32/><W47/><G47/><T63/><D69/><U127/><E97/><V73/><F20/><N who="3" m="7787" /><G51/><T76/><D76/><U34/><E34/><V95/><F1/><W26/><G26/><T83/><D33/><U17/><E111/><V65/><F65/><W67/><G67/><T121/><D30/><U131/><E131/><V49/><F42/><W0/><G0/><T88/><D109/><U56/><E17/><N who="0" m="6153" /><D14/><U118/><E118/><V134/><F134/><W115/><G31/><T3/><D3/><U25/><E25/><V55/><F55/><W64/><G64/><T133/><D121/><U6/><E43/><V108/><F108/><W125/><G125/><T113/><D113/><U13/><E127/><V75/><F75/><W103/><G115/><T58/><D133/><U45/><E124/><V37/><F37/><W81/><G11/><T7/><D7/><U93/><E4/><V128/><F128/><W86/><G86/><N who="0" m="50271" /><D58/><U40/><E5/><V99/><F104/><W59/><G59/><T119/><D119/><U28/><E56/><V132/><F132/><W60/><G15/><T27/><D27/><U71/><E12/><RYUUKYOKU ba="0,0" sc="269,10,319,-30,126,10,286,10" hai0="54,57,61,62,63,89,98" hai2="9,10,44,49,52,73,77,87,90,94,95,99,100" hai3="23,24,29,60,78,81,84,101,102,103" /><INIT seed="3,1,0,4,0,41" ten="279,289,136,296" oya="3" hai0="89,127,8,18,1,71,6,87,11,3,5,2,40" hai1="110,78,69,88,120,58,119,27,107,81,98,114,64" hai2="47,61,93,12,94,111,48,10,49,122,59,24,30" hai3="99,96,29,25,103,100,33,123,39,133,62,60,55"/><W66/><G133/><T20/><D71/><U121/><E114/><V28/><F111/><W91/><G123/><T77/><D77/><U135/><E69/><V79/><F49/><W0/><G0/><T63/><D63/><U74/><E135/><V56/><F79/><W126/><G126/><T44/><D127/><U95/><E27/><V117/><F117/><W102/><G39/><T82/><D1/><U53/><E64/><V97/><F94/><W130/><G130/><T36/><D20/><U42/><E110/><V67/><F59/><W52/><G62/><T84/><D18/><U128/><E128/><V118/><F122/><W19/><G19/><T134/><D84/><N who="1" m="52615" /><E42/><V92/><F92/><W112/><G112/><T51/><REACH who="0" step="1"/><D134/><REACH who="0" ten="269,289,136,296" step="2"/><U57/><E119/><V115/><F118/><W21/><G33/><T38/><AGARI ba="1,1" hai="2,3,5,6,8,11,36,38,40,44,51,82,87,89" machi="38" ten="30,8000,1" yaku="1,1,2,1,0,1,9,1,52,1,53,0" doraHai="41" doraHaiUra="15" who="0" fromWho="0" sc="269,93,289,-21,136,-21,296,-41" /><INIT seed="4,0,0,4,5,63" ten="362,268,115,255" oya="0" hai0="7,98,67,48,106,44,75,120,30,83,53,31,126" hai1="72,40,13,97,26,129,74,10,71,14,133,85,60" hai2="2,105,127,65,132,70,77,34,3,17,131,111,18" hai3="47,12,58,21,0,29,96,9,49,112,122,90,84"/><T24/><D120/><U20/><E133/><V8/><F77/><W91/><G122/><T107/><D126/><U35/><E35/><V42/><F42/><W103/><G0/><T121/><D121/><U73/><E40/><V11/><F105/><W45/><G112/><T86/><D75/><U134/><E134/><V19/><F70/><W28/><G58/><T92/><D7/><U104/><E85/><V95/><F95/><W94/><G91/><T59/><D106/><U99/><E129/><V36/><F36/><W88/><G90/><T22/><D107/><U78/><E78/><V130/><F65/><W81/><G21/><T123/><D31/><U6/><E14/><V89/><F89/><W27/><G27/><T50/><D123/><U32/><E32/><V87/><F87/><W43/><REACH who="3" step="1"/><G47/><REACH who="3" ten="362,268,115,245" step="2"/><T114/><D114/><U5/><E20/><V118/><F34/><W1/><G1/><N who="2" m="9" /><F132/><W33/><G33/><T4/><D44/><U16/><E26/><V57/><F57/><W39/><G39/><T80/><D59/><U41/><E71/><V110/><F127/><W119/><G119/><T113/><D24/><U79/><E79/><V135/><F118/><W54/><G54/><T124/><D53/><U115/><E115/><V108/><F135/><W38/><G38/><T117/><D113/><U51/><E41/><V100/><F100/><W102/><G102/><T69/><D117/><U25/><E72/><V66/><F66/><W76/><G76/><T128/><D69/><U56/><E73/><V46/><F46/><W93/><G93/><T68/><D124/><RYUUKYOKU ba="0,1" sc="362,-15,268,-15,115,15,245,15" hai2="8,11,17,18,19,108,110,111,130,131" hai3="9,12,28,29,43,45,49,81,84,88,94,96,103" /><INIT seed="5,1,1,4,5,84" ten="347,253,130,260" oya="1" hai0="59,48,106,16,11,100,98,4,42,57,77,60,61" hai1="134,129,50,108,95,97,26,90,31,67,46,51,94" hai2="30,23,109,75,102,63,135,86,68,113,44,85,76" hai3="133,74,87,47,124,83,79,72,69,115,15,58,130"/><U121/><E121/><V128/><F109/><W65/><G69/><T22/><D77/><U80/><E108/><V24/><F128/><W56/><G130/><T117/><D117/><U40/><E129/><V103/><F75/><W82/><G115/><T92/><D106/><U88/><E134/><V73/><F73/><W53/><G133/><T28/><D28/><U71/><E80/><V104/><F135/><W43/><G124/><T36/><D36/><U62/><E51/><V8/><F113/><W33/><G33/><T13/><D57/><U3/><E3/><V132/><F132/><W12/><G65/><T66/><D42/><U9/><E9/><V7/><F44/><W119/><G58/><T20/><D20/><U114/><E114/><V110/><F110/><W32/><G32/><T21/><D21/><U122/><E122/><V125/><F125/><W19/><G119/><T1/><D60/><U81/><E81/><V37/><F37/><W111/><G72/><T93/><D48/><U89/><E95/><V14/><F76/><W18/><G12/><T35/><D35/><AGARI ba="1,1" hai="26,31,35,40,46,50,62,67,71,88,89,90,94,97" machi="35" ten="30,12000,1" yaku="7,1,52,3,54,1" doraHai="84" who="1" fromWho="0" sc="347,-123,253,133,130,0,260,0" /><INIT seed="5,2,0,0,2,98" ten="224,386,130,260" oya="1" hai0="25,0,62,15,46,69,35,11,96,101,44,66,130" hai1="81,22,26,128,123,34,63,83,27,87,71,73,120" hai2="58,78,37,23,43,103,116,56,112,7,90,68,32" hai3="17,115,49,94,4,51,31,14,72,50,122,48,61"/><U30/><E128/><V9/><F116/><W12/><G72/><T65/><D0/><U38/><E38/><V89/><F32/><W105/><G105/><T118/><D65/><U77/><E71/><V126/><F68/><W82/><G122/><T59/><D130/><U124/><E124/><V86/><F126/><W60/><G31/><T3/><D3/><U114/><E63/><V29/><F112/><W132/><G132/><T74/><D74/><U41/><E41/><V88/><F37/><W45/><G115/><T16/><D118/><U100/><E114/><V119/><F43/><W5/><G82/><T39/><D39/><U111/><E111/><V104/><F119/><W129/><G129/><T107/><D59/><U131/><E131/><V19/><F29/><AGARI ba="2,0" hai="11,15,16,25,29,35,44,46,62,66,69,96,101,107" machi="29" ten="40,8000,1" yaku="25,2,52,1,54,1" doraHai="98" who="0" fromWho="2" sc="224,86,386,0,130,-86,260,0" /><INIT seed="6,0,0,4,5,104" ten="310,386,44,260" oya="2" hai0="81,123,5,100,108,31,14,51,94,32,45,24,48" hai1="25,75,36,128,23,84,64,97,72,79,10,50,102" hai2="9,66,91,34,41,77,20,26,111,129,92,118,121" hai3="62,0,105,2,56,29,7,88,82,28,4,55,93"/><V126/><F121/><W70/><G105/><T54/><D108/><U42/><E36/><V134/><F118/><W103/><G70/><T83/><D123/><U12/><E64/><V40/><F34/><W120/><G120/><T16/><D5/><N who="3" m="2121" /><G0/><T98/><REACH who="0" step="1"/><D51/><REACH who="0" ten="300,386,44,260" step="2"/><U80/><E50/><V21/><F111/><W90/><G2/><T33/><D33/><U113/><E113/><V125/><F129/><W109/><G109/><T1/><D1/><U60/><E128/><V47/><F134/><W69/><G69/><T49/><D49/><U85/><E60/><V43/><F47/><W110/><G110/><T6/><D6/><U61/><E61/><V73/><F9/><AGARI ba="0,1" hai="9,14,16,24,31,32,45,48,54,81,83,94,98,100" machi="9" ten="30,3900,0" yaku="1,1,7,1,54,1,53,0" doraHai="104" doraHaiUra="112" who="0" fromWho="2" sc="300,49,386,0,44,-39,260,0" /><INIT seed="7,0,0,4,2,13" ten="349,386,5,260" oya="3" hai0="65,9,33,36,15,94,128,124,18,108,69,97,17" hai1="102,8,47,21,0,41,125,104,88,11,45,58,70" hai2="74,100,87,111,23,24,99,121,29,42,46,131,112" hai3="110,39,26,114,119,56,16,2,50,73,67,133,132"/><W59/><G73/><T120/><D36/><U93/><E70/><V4/><F131/><W79/><G39/><T25/><D108/><U63/><E102/><V64/><F112/><W27/><G2/><T103/><D120/><U84/><E104/><V1/><F121/><W37/><G37/><T28/><D128/><U53/><E125/><V135/><F135/><N who="3" m="51787" /><G119/><T40/><D40/><U86/><E0/><V81/><F111/><W51/><G79/><T72/><D72/><U61/><E47/><V106/><F64/><W38/><G38/><T126/><D69/><U14/><E63/><V95/><F4/><W77/><G77/><T98/><D65/><U85/><E21/><V48/><F1/><W3/><G3/><T117/><D117/><U5/><E11/><V34/><F34/><W44/><G110/><T82/><D82/><U57/><E57/><N who="3" m="22090" /><G67/><T6/><D98/><N who="1" m="57639" /><E45/><V127/><F127/><AGARI ba="0,0" hai="6,9,15,17,18,25,28,33,94,97,103,124,126,127" machi="127" ten="40,5200,0" yaku="18,1,52,2" doraHai="13" who="0" fromWho="2" sc="349,52,386,0,5,-52,260,0" owari="401,50.0,386,19.0,-47,-55.0,260,-14.0" /></mjloggm>