<mjloggm ver="2.3"><GO type="41" lobby="0"/><UN n0="%E2%93%9D%53%75%70%68%78" n1="%47%75%6E%5F%CE%B2" n2="%E3%82%B1%E3%83%B3%E3%83%88%E3%83%AA" n3="%E3%82%86%E3%81%8D%E3%81%99%E3%81%B0%E3%82%89" dan="19,13,14,13" rate="2145.33,1807.91,1944.35,1872.84" sx="M,M,M,F"/><TAIKYOKU oya="0"/><INIT seed="0,0,0,1,3,91" ten="250,250,250,250" oya="0" hai0="32,125,106,17,72,132,94,55,134,23,52,34,41" hai1="46,109,38,28,1,108,124,50,69,86,37,99,128" hai2="80,93,67,89,101,19,58,127,12,6,43,76,64" hai3="77,31,18,2,105,13,79,53,129,47,88,122,10"/><T104/><D41/><U20/><E1/><V100/><F127/><W60/><G105/><N who="0" m="40555" /><D72/><U57/><E69/><V15/><F43/><W44/><G122/><T66/><D66/><U114/><E114/><V135/><F135/><N who="0" m="51754" /><D125/><U95/><E128/><V70/><F70/><W49/><G129/><T112/><D112/><U87/><E124/><V48/><F6/><W3/><G31/><T83/><D83/><U117/><E57/><V120/><F120/><W9/><G60/><T78/><D78/><U81/><E117/><V21/><F67/><W27/><G2/><T133/><N who="0" m="51762" /><T56/><DORA hai="30" /><D94/><U126/><E126/><V71/><F71/><W62/><G62/><N who="0" m="36103" /><D55/><U96/><E96/><V102/><F64/><W97/><G3/><T45/><D45/><U84/><E81/><V121/><F80/><W22/><G44/><T33/><D33/><U59/><E59/><V113/><F76/><N who="3" m="29259" /><G27/><AGARI ba="0,0" hai="17,23,27,32,34" m="36103,51762,40555" machi="27" ten="40,12000,1" yaku="20,1,52,2,54,1" doraHai="91,30" who="0" fromWho="3" sc="250,120,250,0,250,0,250,-120" /><INIT seed="0,1,0,0,4,124" ten="370,250,250,130" oya="0" hai0="91,45,95,101,116,43,7,93,128,103,50,18,65" hai1="52,31,49,28,32,10,86,134,82,110,29,102,63" hai2="34,132,118,47,108,115,20,1,113,83,126,119,68" hai3="64,120,16,121,75,70,67,39,107,54,35,76,24"/><T81/><D116/><U6/><E134/><V127/><F68/><W55/><G39/><T122/><D122/><N who="3" m="47209" /><G70/><T30/><D7/><U0/><E110/><V59/><F47/><W38/><G107/><T73/><D30/><U17/><E63/><V84/><F59/><W74/><G38/><T98/><D65/><N who="3" m="25161" /><G76/><T104/><D104/><U135/><E135/><V131/><F34/><W14/><G35/><T78/><D18/><U27/><E17/><V19/><F1/><W100/><G100/><T85/><D103/><U57/><REACH who="1" step="1"/><E102/><REACH who="1" ten="370,240,250,130" step="2"/><V21/><F132/><W5/><G5/><T125/><D125/><U94/><E94/><V72/><F19/><W8/><G24/><T9/><D9/><U36/><E36/><V87/><F126/><W15/><G15/><T26/><D26/><U96/><E96/><V46/><F127/><W77/><G77/><AGARI ba="1,1" hai="0,6,10,27,28,29,31,32,49,52,57,77,82,86" machi="77" ten="30,7700,0" yaku="1,1,7,1,54,1,53,1" doraHai="124" doraHaiUra="2" who="1" fromWho="3" sc="370,0,240,90,250,0,130,-80" /><INIT seed="1,0,0,2,1,58" ten="370,330,250,50" oya="1" hai0="46,18,113,123,80,36,50,77,116,53,17,106,51" hai1="60,105,92,127,95,124,98,54,114,39,82,88,7" hai2="22,10,122,41,49,37,119,68,107,121,32,103,102" hai3="129,134,1,57,83,29,78,33,63,71,28,21,11"/><U118/><E39/><V100/><F107/><W91/><G71/><T40/><D113/><U55/><E118/><V115/><F119/><W81/><G129/><T26/><D116/><U76/><E114/><V74/><F115/><W87/><G134/><T48/><D106/><U104/><E7/><V130/><F68/><W43/><G43/><T27/><D123/><U4/><E4/><V85/><F74/><W3/><G11/><T31/><D53/><U23/><E23/><V64/><F32/><W97/><G97/><T99/><D99/><N who="1" m="57735" /><E55/><V2/><F22/><W0/><G33/><T66/><D66/><U16/><E16/><V86/><F37/><W94/><G21/><T128/><D128/><U42/><E42/><V19/><F2/><W5/><G5/><T47/><D47/><U135/><E54/><V89/><F130/><W67/><REACH who="3" step="1"/><G94/><REACH who="3" ten="370,330,250,40" step="2"/><T101/><D40/><U126/><E135/><V79/><F41/><W20/><G20/><T25/><D36/><U44/><E44/><V112/><F112/><W96/><G96/><T69/><D46/><U24/><E24/><V15/><F122/><W65/><G65/><T35/><D27/><U133/><E133/><V73/><F64/><W12/><G12/><T72/><D26/><U131/><E131/><V13/><F15/><W30/><G30/><T8/><D8/><U9/><E9/><V34/><F13/><W52/><G52/><T132/><D132/><U38/><E38/><V6/><F10/><W111/><G111/><T90/><D25/><U61/><E104/><V84/><F121/><W110/><G110/><RYUUKYOKU ba="0,1" sc="370,-10,330,-10,250,-10,40,30" hai3="0,1,3,28,29,57,63,67,78,81,83,87,91" /><INIT seed="2,1,1,0,1,104" ten="360,320,240,70" oya="2" hai0="53,43,7,28,10,115,99,15,21,27,97,29,122" hai1="58,8,113,56,38,16,12,63,69,5,116,110,131" hai2="74,24,62,60,73,129,22,112,13,52,118,90,31" hai3="40,67,19,132,121,114,45,65,79,17,107,71,51"/><V80/><F118/><W91/><G79/><T23/><D43/><U124/><E38/><V85/><F112/><W50/><G107/><T119/><D122/><U130/><E116/><V103/><F129/><N who="1" m="49161" /><E113/><V64/><F103/><W2/><G114/><T32/><D115/><U128/><N who="1" m="49169" /><U83/><DORA hai="39" /><E124/><V54/><F13/><W98/><G2/><T101/><D99/><U86/><E110/><V66/><F54/><W106/><G121/><T126/><D126/><U20/><E69/><V77/><F77/><W6/><G132/><T1/><D53/><U95/><E95/><V96/><F96/><W3/><G71/><T89/><D89/><N who="1" m="51423" /><E63/><V70/><REACH who="2" step="1"/><F52/><REACH who="2" ten="360,320,230,70" step="2"/><W42/><G67/><T133/><D97/><U78/><E78/><V4/><F4/><W134/><G65/><T120/><D119/><U25/><AGARI ba="1,2" hai="5,8,12,16,20,25,56,58" m="51423,49169" machi="25" ten="40,2700,0" yaku="19,1,54,1" doraHai="104,39" who="1" fromWho="1" sc="360,-8,320,50,230,-14,70,-8" /><INIT seed="3,0,0,4,4,83" ten="352,370,216,62" oya="3" hai0="90,109,1,114,76,60,50,56,43,54,115,120,13" hai1="86,19,38,108,10,135,41,62,2,98,27,129,34" hai2="31,3,96,4,74,32,103,113,9,8,94,51,23" hai3="36,53,57,85,42,30,112,79,88,35,82,55,91"/><W68/><G68/><T18/><D1/><U64/><E129/><V125/><F125/><W99/><G112/><N who="0" m="43051" /><D76/><U106/><E135/><V44/><F74/><W119/><G119/><T28/><D28/><U11/><E108/><V78/><F78/><W67/><G36/><T14/><D120/><U59/><E2/><V80/><F80/><W100/><G35/><T29/><D29/><U81/><E41/><V65/><F113/><W52/><G42/><T71/><D109/><U89/><E38/><V124/><F124/><W61/><REACH who="3" step="1"/><G30/><REACH who="3" ten="352,370,216,52" step="2"/><T75/><D71/><U126/><E126/><V73/><F31/><W58/><G58/><T46/><D43/><U70/><E70/><V37/><F32/><W48/><G48/><T130/><D50/><U12/><E34/><V7/><F51/><W95/><AGARI ba="0,1" hai="52,53,55,57,61,67,79,82,85,88,91,95,99,100" machi="95" ten="30,18000,2" yaku="1,1,0,1,8,1,52,1,54,2,53,0" doraHai="83" doraHaiUra="26" who="3" fromWho="3" sc="352,-60,370,-60,216,-60,52,190" /><INIT seed="3,1,0,5,4,92" ten="292,310,156,242" oya="3" hai0="90,82,121,88,7,4,50,55,19,78,59,119,80" hai1="105,10,57,44,110,98,91,51,17,41,15,79,34" hai2="99,28,12,116,103,38,74,64,69,84,20,29,0" hai3="115,127,61,118,35,30,63,100,6,132,117,3,76"/><W134/><G76/><T87/><D121/><U42/><E110/><V73/><F116/><N who="3" m="44651" /><G100/><T33/><D33/><U125/><E34/><V23/><F0/><W96/><G96/><T71/><D71/><U56/><E125/><V94/><F38/><W133/><G115/><T129/><D129/><U65/><E42/><V46/><F46/><W93/><G93/><T43/><D119/><U106/><E79/><V75/><F84/><W21/><G63/><T9/><D43/><U36/><E65/><V113/><F113/><W40/><G61/><T25/><D90/><U77/><E77/><V128/><F128/><W11/><G40/><T8/><D25/><U70/><E70/><V109/><F109/><W24/><G21/><T47/><D59/><N who="1" m="22603" /><E36/><V111/><F111/><W16/><G16/><T72/><D9/><U123/><E105/><V107/><F107/><W45/><G45/><T60/><D60/><U52/><E106/><V13/><F64/><W5/><G5/><T135/><D135/><U130/><E130/><V86/><F69/><W112/><G112/><T32/><D32/><U37/><E37/><V1/><F86/><W101/><G101/><T124/><D124/><AGARI ba="1,0" hai="3,6,11,24,30,35,124,127,132,133,134" m="44651" machi="124" ten="40,12000,1" yaku="20,1,23,1,34,2" doraHai="92" who="3" fromWho="0" sc="292,-123,310,0,156,0,242,123" /><INIT seed="3,2,0,0,5,65" ten="169,310,156,365" oya="3" hai0="55,8,68,35,43,36,70,110,114,61,64,33,37" hai1="45,11,59,39,81,95,118,91,84,107,115,77,78" hai2="32,16,123,124,80,22,76,1,34,38,82,9,112" hai3="121,72,5,48,10,86,58,113,50,75,0,129,74"/><W7/><G113/><T21/><D21/><U111/><E59/><V105/><F105/><W12/><G129/><T2/><D55/><U96/><E11/><V44/><F112/><W23/><G121/><T69/><D114/><U127/><E39/><N who="0" m="14921" /><D43/><U126/><E45/><V128/><F128/><W28/><G7/><N who="0" m="1143" /><D110/><U47/><E47/><V14/><F123/><W6/><G86/><T19/><D19/><U51/><E51/><V92/><F124/><N who="1" m="47657" /><E115/><V25/><F1/><W100/><G100/><T93/><D93/><U27/><E27/><V106/><F106/><W71/><G71/><AGARI ba="2,0" hai="33,35,61,64,68,69,70,71" m="1143,14921" machi="71" ten="40,12000,2" yaku="33,2,52,4" doraHai="65" who="0" fromWho="3" sc="169,126,310,0,156,0,365,-126" /><INIT seed="4,0,0,1,1,42" ten="295,310,156,239" oya="0" hai0="95,133,116,15,72,127,112,50,82,62,90,74,120" hai1="45,32,75,40,107,9,92,124,119,54,122,96,64" hai2="28,48,35,36,13,71,115,11,93,79,101,135,86" hai3="88,121,34,85,118,103,8,46,29,87,102,67,98"/><T51/><D116/><U114/><E32/><V59/><F115/><W97/><G118/><T25/><D120/><U84/><E75/><V41/><F71/><W20/><G121/><T109/><D127/><U117/><E122/><V1/><F1/><W3/><G34/><T4/><D133/><U91/><E114/><V132/><F36/><W73/><G73/><T26/><D109/><U30/><E124/><V37/><F37/><W14/><G67/><T100/><D100/><U78/><E54/><V31/><F35/><W47/><G3/><T99/><D62/><U65/><E30/><V38/><F38/><W104/><G29/><T130/><D130/><U77/><E9/><V27/><F28/><W63/><G63/><T76/><D112/><U125/><E125/><V89/><F79/><W66/><G66/><T21/><D74/><U39/><E78/><V5/><F101/><W134/><G134/><T126/><D126/><U60/><E65/><V12/><F12/><W53/><G20/><T105/><D105/><U2/><E2/><V123/><F123/><W111/><G111/><T6/><D26/><U80/><REACH who="1" step="1"/><E107/><REACH who="1" ten="295,300,156,239" step="2"/><V55/><F41/><W128/><G104/><T44/><D72/><U56/><AGARI ba="0,1" hai="39,40,45,56,60,64,77,80,84,91,92,96,117,119" machi="56" ten="20,12000,2" yaku="1,1,2,1,0,1,7,1,52,1,53,1" doraHai="42" doraHaiUra="81" who="1" fromWho="1" sc="295,-60,300,130,156,-30,239,-30" /><INIT seed="5,0,0,2,4,58" ten="235,430,126,209" oya="1" hai0="28,74,112,31,116,117,60,5,47,123,26,98,0" hai1="34,39,109,30,134,78,35,2,68,118,50,57,64" hai2="127,90,42,130,51,92,128,43,56,23,125,84,29" hai3="114,91,8,82,18,21,110,135,100,3,106,89,38"/><U73/><E118/><V32/><F32/><W79/><G38/><T36/><D31/><U76/><E39/><V33/><F33/><W9/><G110/><T70/><D112/><U121/><E2/><V37/><F37/><W20/><G114/><T45/><D45/><U1/><E1/><V77/><F77/><W62/><G135/><T10/><D98/><U99/><E68/><V44/><F29/><W72/><G3/><T119/><D123/><U87/><E73/><V103/><F43/><W14/><G106/><T53/><D53/><U59/><E99/><V54/><F23/><W81/><G100/><T27/><D74/><U13/><E87/><V94/><F103/><W96/><G96/><T55/><D28/><U97/><E97/><V15/><F94/><W104/><G104/><T126/><D126/><N who="2" m="48138" /><F15/><W95/><G95/><T41/><REACH who="0" step="1"/><D55/><REACH who="0" ten="225,430,126,209" step="2"/><U65/><E30/><V7/><F42/><W19/><G72/><T12/><D12/><U124/><E13/><V63/><F44/><W132/><G132/><T111/><D111/><U11/><E124/><V88/><F128/><W49/><G14/><T25/><D25/><U71/><E109/><V40/><F40/><W83/><G79/><T129/><D129/><U61/><E121/><V6/><F130/><W67/><G67/><AGARI ba="0,1" hai="0,5,10,26,27,36,41,47,60,67,70,116,117,119" machi="67" ten="40,8000,1" yaku="1,1,52,1,53,3" doraHai="58" doraHaiUra="115" who="0" fromWho="3" sc="225,90,430,0,126,0,209,-80" /><INIT seed="6,0,0,1,1,8" ten="315,430,126,129" oya="2" hai0="122,51,41,15,43,107,21,40,128,85,62,118,7" hai1="61,66,71,58,28,100,63,101,14,50,81,69,56" hai2="75,35,0,54,49,78,17,132,111,130,4,127,124" hai3="38,70,99,27,1,31,60,30,126,12,16,93,96"/><V59/><F132/><W22/><G38/><T129/><D107/><U92/><E28/><V82/><F130/><N who="0" m="50282" /><D122/><U114/><E114/><V36/><F111/><W33/><G126/><N who="2" m="48169" /><F36/><W23/><G1/><T83/><D62/><U2/><E2/><V89/><F35/><W25/><G93/><T74/><D74/><U20/><E50/><V113/><F113/><W24/><G27/><T80/><D118/><U64/><E81/><N who="0" m="31305" /><D85/><U18/><E92/><V104/><F89/><W90/><REACH who="3" step="1"/><G90/><REACH who="3" ten="315,430,126,119" step="2"/><T117/><D117/><U133/><E133/><V44/><F104/><W9/><G9/><N who="0" m="4543" /><D21/><U39/><E39/><V121/><F121/><W46/><G46/><AGARI ba="0,1" hai="40,41,43,46,51" m="4543,31305,50282" machi="46" ten="30,2000,0" yaku="19,1,52,1" doraHai="8" who="0" fromWho="3" sc="315,30,430,0,126,0,119,-20" /><INIT seed="7,0,0,3,2,95" ten="345,430,126,99" oya="3" hai0="36,62,49,47,31,57,74,116,51,18,15,73,42" hai1="129,4,33,104,94,112,48,1,89,124,2,130,103" hai2="13,125,20,39,133,126,70,50,86,87,119,29,106" hai3="56,97,122,93,100,0,60,85,81,102,68,127,108"/><W24/><G122/><T23/><D116/><U101/><E33/><V8/><F133/><W115/><G115/><T61/><D31/><U117/><E117/><V123/><F39/><W63/><G0/><T90/><D74/><U52/><E112/><V76/><F70/><W67/><G127/><T26/><D73/><U113/><E113/><V58/><F106/><W66/><G108/><T98/><D62/><U69/><E124/><N who="2" m="47723" /><F119/><W34/><G34/><T53/><REACH who="0" step="1"/><D15/><REACH who="0" ten="335,430,126,99" step="2"/><U38/><E2/><V17/><F29/><W10/><G24/><T45/><D45/><U28/><E28/><V64/><F13/><W43/><G10/><T46/><D46/><U54/><E1/><V77/><F8/><W21/><G21/><T32/><D32/><U91/><E129/><V135/><F20/><W118/><G118/><T110/><D110/><U35/><E35/><V82/><F123/><W99/><G43/><T30/><D30/><U59/><E130/><V128/><F128/><W132/><G132/><T79/><D79/><U25/><E25/><V7/><F77/><W121/><G121/><T65/><D65/><U75/><E75/><V3/><F76/><W80/><G85/><T9/><D9/><U78/><E78/><V27/><F86/><W12/><REACH who="3" step="1"/><G12/><REACH who="3" ten="335,430,126,89" step="2"/><T11/><D11/><U72/><E72/><V109/><F87/><W41/><G41/><T22/><D22/><U84/><E84/><V40/><F135/><W19/><G19/><T55/><D55/><U88/><E54/><V83/><F17/><W71/><G71/><T96/><D96/><U92/><E69/><RYUUKYOKU ba="0,2" sc="335,15,430,-15,126,-15,89,15" hai0="18,23,26,36,42,47,49,51,53,57,61,90,98" hai3="56,60,63,66,67,68,80,81,93,97,99,100,102" /><INIT seed="7,1,2,5,0,112" ten="350,415,111,104" oya="3" hai0="15,38,14,130,69,85,4,2,47,73,9,43,132" hai1="11,59,97,19,72,124,111,121,21,96,118,78,24" hai2="12,120,80,115,1,134,91,71,42,70,10,55,113" hai3="35,103,20,34,66,39,131,48,54,83,31,7,45"/><W25/><G131/><T74/><D130/><U36/><E36/><V8/><F134/><W126/><G126/><T105/><D132/><U65/><E124/><V84/><F120/><W57/><G7/><T58/><D69/><U64/><E121/><V30/><F30/><W119/><G119/><T107/><D85/><U32/><E32/><V67/><F42/><W50/><G103/><T102/><D58/><U29/><E111/><V17/><F67/><W123/><G123/><T28/><D28/><U129/><E129/><V86/><F55/><W110/><G110/><T77/><D74/><U41/><E41/><V101/><F101/><W133/><G39/><T93/><D93/><U114/><E114/><N who="2" m="43531" /><F86/><W51/><G133/><T125/><D125/><U68/><E68/><V46/><F46/><W82/><G35/><T13/><REACH who="0" step="1"/><D102/><REACH who="0" ten="340,415,111,104" step="2"/><U98/><E72/><V60/><F70/><W44/><G34/><T79/><D79/><U94/><E78/><V108/><F71/><W88/><G66/><T122/><D122/><U89/><E65/><V116/><F108/><W128/><G128/><T56/><D56/><U95/><E95/><V22/><F84/><N who="3" m="50199" /><G83/><AGARI ba="1,3" hai="2,4,9,13,14,15,38,43,47,73,77,83,105,107" machi="83" ten="40,5200,0" yaku="1,1,25,2,53,0" doraHai="112" doraHaiUra="135" who="0" fromWho="3" sc="340,85,415,0,111,0,104,-55" owari="425,52.0,415,22.0,111,-29.0,49,-45.0" /></mjloggm>