<mjloggm ver="2.3"><GO type="41" lobby="0"/><UN n0="%E2%93%9D%53%75%70%68%78" n1="%4C%45%4E%41%55%4C%54" n2="%E3%83%AA%E3%83%BC%E3%83%85%E3%83%A2%E3%81%A8%E3%81%84%E3%81%A8%E3%81%84" n3="%E3%81%A6%E3%81%A4%E3%81%98%E3%82%93%EF%BC%98%E5%8F%B7" dan="18,13,15,14" rate="2075.35,1854.54,1974.19,1869.36" sx="M,M,M,M"/><TAIKYOKU oya="0"/><INIT seed="0,0,0,4,3,16" ten="250,250,250,250" oya="0" hai0="67,87,30,103,15,39,12,50,101,117,26,10,107" hai1="31,132,135,6,126,108,100,9,24,58,54,73,7" hai2="127,77,90,3,118,81,0,91,104,34,134,64,5" hai3="51,129,76,55,11,75,20,96,66,8,43,23,49"/><T131/><D117/><U130/><E73/><V116/><F34/><W86/><G75/><T112/><D112/><U14/><E100/><V111/><F111/><W47/><G66/><T79/><D39/><U72/><E72/><V46/><F104/><W35/><G35/><T113/><D131/><U78/><E78/><V59/><F46/><W114/><G114/><T110/><D110/><U69/><E69/><V123/><F127/><W74/><G74/><T28/><D67/><U125/><E108/><V115/><F59/><N who="3" m="33263" /><G96/><T40/><D15/><U99/><E99/><V41/><F41/><W37/><G37/><T98/><D113/><U71/><E71/><V63/><F115/><W120/><G120/><T33/><D30/><U19/><E54/><V106/><F106/><W82/><G129/><T92/><D107/><U93/><E93/><V94/><F94/><W21/><AGARI ba="0,0" hai="8,11,20,21,23,43,47,51,76,82,86" m="33263" machi="21" ten="30,7900,0" yaku="8,1,52,3" doraHai="16" who="3" fromWho="3" sc="250,-39,250,-20,250,-20,250,79" /><INIT seed="1,0,0,4,0,3" ten="211,230,230,329" oya="1" hai0="69,18,37,55,123,40,102,76,57,61,39,15,65" hai1="86,20,33,21,105,115,71,23,132,63,9,44,2" hai2="70,29,93,66,109,68,128,124,111,75,58,90,26" hai3="96,41,14,52,34,113,80,110,83,92,100,38,129"/><U0/><E115/><V43/><F75/><W35/><G113/><T119/><D119/><U107/><E44/><V125/><F43/><W30/><G110/><N who="2" m="41993" /><F58/><W117/><G129/><T31/><D31/><U114/><E114/><V95/><F66/><W82/><G117/><T85/><D102/><U10/><E86/><V17/><F90/><W131/><G131/><T97/><D97/><U22/><E71/><N who="2" m="27179" /><F17/><W134/><G34/><T126/><D40/><U77/><E77/><V46/><F46/><W53/><G30/><T42/><D76/><U27/><E63/><V118/><F118/><W99/><G35/><T62/><D42/><U12/><E105/><V60/><F60/><W4/><G41/><T116/><D116/><U74/><E74/><V67/><F67/><W6/><G38/><T101/><D39/><U130/><E130/><V48/><F48/><W98/><G100/><T94/><D101/><U72/><E107/><V73/><F73/><W47/><G47/><T16/><D37/><U7/><E72/><V56/><F56/><W19/><G92/><N who="2" m="35401" /><F128/><W103/><G103/><T87/><D69/><U28/><N who="1" m="5120" /><DORA hai="1" /><U89/><E89/><V133/><F133/><W104/><G104/><T78/><D65/><U84/><E84/><V81/><F81/><W127/><G80/><T121/><D94/><U54/><E54/><V25/><F29/><W135/><G83/><T106/><D106/><U112/><E112/><V49/><F49/><W8/><G82/><T50/><D78/><U91/><E91/><V120/><F120/><W11/><G53/><T122/><D55/><RYUUKYOKU ba="0,0" sc="211,-10,230,-10,230,30,329,-10" hai2="25,26,124,125" /><INIT seed="2,1,0,3,3,36" ten="201,220,260,319" oya="2" hai0="132,87,110,128,72,7,116,18,80,20,42,127,118" hai1="10,69,103,135,61,60,2,124,81,84,13,112,26" hai2="46,28,90,62,47,99,126,77,1,34,31,8,79" hai3="121,120,114,56,70,53,64,68,117,30,25,54,101"/><V89/><F126/><W75/><G75/><T14/><D72/><U6/><E112/><V104/><F62/><W11/><G101/><T40/><D110/><U108/><E108/><V94/><F104/><W105/><G105/><T113/><D113/><U32/><E61/><V27/><F31/><W39/><G11/><T49/><D128/><U23/><E124/><V15/><F1/><W109/><G25/><T96/><D132/><U44/><E135/><V50/><F89/><W41/><G30/><T16/><D7/><U92/><E32/><V100/><F90/><W91/><G91/><N who="0" m="51687" /><D127/><U55/><E69/><N who="3" m="26730" /><G109/><T59/><D18/><U5/><E5/><V66/><F66/><W115/><G117/><N who="0" m="45163" /><D96/><U63/><E2/><V123/><F47/><N who="3" m="23999" /><G64/><T38/><D38/><U85/><E85/><V65/><F65/><W88/><G88/><T83/><D83/><U133/><E133/><V51/><F79/><W43/><G43/><T78/><D78/><N who="1" m="46135" /><E103/><V67/><F77/><W35/><G35/><T129/><D129/><U86/><E86/><V102/><F67/><W130/><G130/><T131/><D131/><U111/><E111/><V74/><F74/><W119/><G119/><T125/><D125/><U33/><E33/><V93/><F102/><W57/><G115/><T73/><D73/><U76/><E76/><V29/><F100/><W58/><G114/><T3/><D3/><U12/><E92/><V122/><F93/><W71/><N who="3" m="26738" /><W82/><DORA hai="97" /><G82/><T52/><AGARI ba="1,0" hai="14,16,20,40,42,49,52,59" m="45163,51687" machi="52" ten="30,8000,1" yaku="12,1,52,2,54,2" doraHai="36,97" who="0" fromWho="0" sc="201,83,220,-21,260,-41,319,-21" /><INIT seed="3,0,0,2,0,124" ten="284,199,219,298" oya="3" hai0="31,97,76,10,21,60,37,107,92,133,42,123,1" hai1="33,4,73,2,80,135,23,91,9,49,46,30,89" hai2="127,78,32,11,95,66,105,94,65,59,121,3,109" hai3="52,130,63,22,61,53,57,108,67,134,29,106,47"/><W119/><G106/><T43/><D107/><U104/><E104/><V15/><F109/><W113/><G119/><T40/><D133/><U8/><E135/><V86/><F127/><W39/><G29/><T55/><D37/><U48/><E73/><V87/><F105/><W7/><G7/><T83/><D1/><U85/><E49/><V101/><F32/><W54/><G22/><T84/><D10/><U41/><E33/><V27/><F27/><W128/><G134/><T13/><D123/><U58/><E58/><V96/><F59/><N who="3" m="35055" /><G108/><T0/><D0/><U111/><E9/><V50/><F15/><W69/><G113/><T122/><D122/><U17/><E30/><V132/><F132/><W81/><G81/><T44/><D60/><U82/><E111/><V62/><F121/><W99/><G99/><T100/><D31/><U34/><E34/><V77/><F96/><W120/><G120/><T102/><D21/><U74/><E74/><V16/><F11/><W19/><G19/><T14/><REACH who="0" step="1"/><D102/><REACH who="0" ten="274,199,219,298" step="2"/><U71/><E23/><V35/><F62/><N who="3" m="40183" /><G39/><T114/><D114/><U110/><E110/><V18/><F101/><W68/><G68/><T129/><D129/><N who="3" m="49769" /><G47/><T12/><D12/><U28/><E71/><V79/><F3/><W118/><G118/><T125/><D125/><U115/><E28/><V116/><F116/><W20/><G20/><T5/><D5/><U72/><E72/><V38/><F38/><W25/><G25/><T36/><D36/><U117/><E117/><V126/><F126/><W98/><G98/><T64/><D64/><AGARI ba="0,1" hai="52,54,57,63,64" m="49769,40183,35055" machi="64" ten="30,18000,2" yaku="19,1,34,2,52,3,54,1" doraHai="124" who="3" fromWho="0" sc="274,-180,199,0,219,0,298,190" /><INIT seed="3,1,0,1,2,104" ten="94,199,219,488" oya="3" hai0="109,123,55,38,82,16,15,54,7,87,110,36,135" hai1="63,58,115,79,24,83,114,86,101,41,35,126,20" hai2="25,40,72,65,112,48,73,116,4,95,102,100,64" hai3="32,34,43,134,125,28,80,49,97,44,6,122,74"/><W29/><G122/><T42/><D7/><U39/><E35/><V96/><F112/><W60/><G97/><T128/><D123/><U8/><E126/><V68/><F116/><W13/><G125/><T53/><D135/><U18/><E39/><V113/><F113/><W47/><G134/><T121/><D128/><U10/><E41/><V69/><F4/><W130/><G130/><T85/><D121/><U57/><E57/><V78/><F78/><W119/><G119/><T22/><D87/><U66/><E114/><V21/><F40/><W117/><G117/><T84/><D84/><U17/><E115/><V81/><F81/><W94/><G94/><T62/><D62/><U107/><E107/><V33/><F48/><W71/><G47/><T129/><D129/><U12/><REACH who="1" step="1"/><E101/><REACH who="1" ten="94,189,219,488" step="2"/><V103/><F33/><W67/><G34/><T77/><REACH who="0" step="1"/><D42/><REACH who="0" ten="84,189,219,488" step="2"/><U118/><E118/><V45/><F69/><W52/><G71/><T5/><D5/><U98/><E98/><V108/><F68/><W106/><G6/><T120/><D120/><U88/><E88/><V46/><F100/><W70/><G70/><T131/><D131/><U90/><E90/><V1/><F102/><W14/><G43/><T26/><D26/><U111/><E111/><AGARI ba="1,2" hai="15,16,22,36,38,53,54,55,77,82,85,109,110,111" machi="111" ten="40,5200,0" yaku="1,1,14,1,54,1,53,0" doraHai="104" doraHaiUra="56" who="0" fromWho="1" sc="84,75,189,-55,219,0,488,0" /><INIT seed="4,0,0,5,1,32" ten="159,134,219,488" oya="0" hai0="1,72,125,40,10,25,129,28,104,79,24,122,115" hai1="9,29,111,131,103,58,73,39,77,90,7,59,108" hai2="18,81,67,52,50,45,55,27,84,96,46,116,106" hai3="11,117,114,88,113,21,135,71,83,60,107,99,15"/><T48/><D122/><U14/><E39/><V93/><F106/><W92/><G117/><T33/><D104/><U49/><E103/><V102/><F116/><W44/><G44/><T126/><D115/><N who="3" m="44041" /><G135/><T38/><D48/><U4/><E29/><V74/><F74/><W57/><G71/><T26/><D129/><U16/><E131/><V134/><F134/><W101/><G21/><T80/><D28/><U31/><E31/><V51/><F67/><N who="3" m="39311" /><G83/><T98/><D98/><U130/><E130/><V86/><F81/><W127/><G127/><T70/><D70/><U123/><E123/><V63/><F63/><W118/><G118/><T97/><D97/><U69/><E69/><V65/><F65/><W112/><G112/><T109/><D33/><U76/><E90/><V110/><F110/><W132/><G132/><T133/><D133/><U37/><E37/><V47/><F47/><W36/><G36/><T95/><D109/><U8/><E73/><V23/><AGARI ba="0,0" hai="18,23,27,45,46,50,51,52,55,84,86,93,96,102" machi="23" ten="30,7900,0" yaku="0,1,9,1,8,1,54,1" doraHai="32" who="2" fromWho="2" sc="159,-39,134,-20,219,79,488,-20" /><INIT seed="5,0,0,4,5,65" ten="120,114,298,468" oya="1" hai0="29,77,128,81,76,102,36,66,17,123,90,38,105" hai1="133,91,75,62,27,10,87,110,45,73,122,9,69" hai2="131,53,25,58,31,60,14,8,24,19,41,132,61" hai3="70,88,94,12,103,28,100,30,120,0,32,20,119"/><U37/><E122/><V115/><F131/><W68/><G120/><T57/><D123/><U113/><E113/><V127/><F127/><W104/><G104/><T43/><D29/><U134/><E110/><V42/><F132/><W18/><G0/><T7/><D7/><U5/><E27/><V108/><F108/><W40/><G40/><T46/><D38/><U117/><E10/><V89/><F115/><W118/><G100/><T79/><D128/><U26/><E26/><N who="2" m="10347" /><F31/><N who="3" m="11819" /><G103/><T63/><D17/><U78/><E117/><N who="3" m="44554" /><G32/><T93/><D102/><U72/><E78/><V35/><F35/><W39/><G39/><T59/><D105/><U1/><E91/><V54/><F89/><W33/><G33/><T80/><REACH who="0" step="1"/><D59/><AGARI ba="0,0" hai="8,14,19,41,42,53,54,58,59,60,61" m="10347" machi="59" ten="30,1000,0" yaku="8,1" doraHai="65" who="2" fromWho="0" sc="120,-10,114,0,298,10,468,0" /><INIT seed="6,0,0,4,2,65" ten="110,114,308,468" oya="2" hai0="0,32,108,103,3,110,127,78,25,122,13,76,53" hai1="52,48,114,40,121,93,21,105,51,7,113,75,123" hai2="45,71,10,41,90,27,95,92,97,20,58,33,9" hai3="54,24,44,49,104,87,119,98,77,19,135,73,28"/><V64/><F33/><W96/><G119/><T35/><D103/><U134/><E105/><V12/><F71/><W79/><G73/><T38/><D53/><U50/><E75/><V111/><F111/><W22/><G135/><T1/><D38/><U56/><E7/><V39/><F64/><W130/><G130/><T17/><D78/><N who="3" m="29705" /><G104/><T82/><D82/><U125/><E21/><V133/><F133/><W132/><G87/><T8/><D76/><U2/><E2/><V15/><F58/><W59/><G132/><T70/><D70/><U118/><E134/><V66/><F66/><W43/><G19/><T30/><D127/><U36/><E118/><V106/><F106/><W31/><G31/><T112/><D122/><N who="1" m="46603" /><E93/><V81/><F81/><W124/><G124/><T115/><REACH who="0" step="1"/><D35/><REACH who="0" ten="100,114,308,468" step="2"/><U61/><E125/><V131/><F39/><W74/><G74/><T68/><D68/><U26/><E26/><V129/><F129/><W102/><G102/><T29/><D29/><U14/><E14/><V46/><F131/><W42/><G43/><T34/><D34/><U37/><E36/><V67/><F41/><W72/><G72/><T47/><D47/><AGARI ba="0,1" hai="37,40,47,48,50,51,52,56,61,113,114" m="46603" machi="47" ten="40,8000,1" yaku="13,1,34,2,54,1" doraHai="65" who="1" fromWho="0" sc="100,-80,114,90,308,0,468,0" /><INIT seed="7,0,0,1,5,1" ten="20,204,308,468" oya="3" hai0="46,85,35,102,113,123,73,63,70,57,76,122,98" hai1="2,126,24,15,133,11,103,14,97,60,106,23,69" hai2="120,121,58,16,67,112,118,109,114,96,40,62,25" hai3="80,27,83,74,94,39,130,52,61,90,29,84,44"/><W43/><G130/><T28/><D57/><U22/><E126/><V110/><F96/><W78/><G52/><T26/><D85/><U45/><E133/><V105/><F105/><W77/><G61/><T4/><D46/><U41/><E2/><V64/><F25/><W107/><G107/><T19/><D19/><U50/><E22/><V0/><F0/><W92/><G90/><T3/><D113/><N who="2" m="43626" /><F16/><W131/><G131/><T132/><D132/><U18/><E14/><V33/><F33/><AGARI ba="0,0" hai="27,29,33,39,43,44,74,77,78,80,83,84,92,94" machi="33" ten="30,1500,0" yaku="7,1" doraHai="1" who="3" fromWho="2" sc="20,0,204,0,308,-15,468,15" owari="20,-48.0,204,-20.0,293,9.0,483,59.0" /></mjloggm>