<mjloggm ver="2.3"><GO type="41" lobby="0"/><UN n0="%E2%93%9D%53%75%70%68%78" n1="%E9%A2%A8%E6%B4%A5%E9%81%93" n2="%48%41%43%4F" n3="%6D%65%74%61%6C%6B%65%6E" dan="17,15,15,13" rate="2049.41,2012.11,2009.65,1888.78" sx="M,M,M,M"/><TAIKYOKU oya="0"/><INIT seed="0,0,0,3,2,98" ten="250,250,250,250" oya="0" hai0="88,84,48,52,38,134,22,85,44,11,135,31,42" hai1="73,55,28,127,78,111,75,18,124,81,15,119,102" hai2="91,90,49,23,17,130,94,96,66,93,6,45,105" hai3="13,71,95,54,120,47,56,19,0,50,43,62,59"/><T115/><D115/><U113/><E119/><V116/><F130/><W20/><G120/><T131/><D131/><U16/><E113/><V24/><F116/><W21/><G0/><T40/><D85/><U76/><E111/><V34/><F105/><W126/><G126/><N who="1" m="48170" /><E28/><V64/><F34/><W65/><G56/><T100/><D11/><U110/><E110/><V7/><F66/><W133/><G133/><N who="0" m="50699" /><D100/><U41/><E41/><V37/><F64/><W67/><G95/><N who="0" m="54663" /><D38/><U83/><E102/><V32/><F37/><N who="3" m="21999" /><G65/><T107/><D107/><U8/><E55/><V132/><F132/><W33/><G33/><T121/><D121/><U123/><E123/><V109/><F32/><W108/><G108/><T129/><D129/><U61/><E61/><V79/><F79/><W4/><G4/><AGARI ba="0,0" hai="4,8,15,16,18,73,75,76,78,81,83" m="48170" machi="4" ten="30,2000,0" yaku="18,1,54,1" doraHai="98" who="1" fromWho="3" sc="250,0,250,20,250,0,250,-20" /><INIT seed="1,0,0,2,4,93" ten="250,270,250,230" oya="1" hai0="45,4,3,52,103,1,57,33,62,79,84,75,0" hai1="22,135,9,127,16,20,44,51,104,118,108,14,10" hai2="92,34,60,23,107,5,89,115,38,54,69,27,21" hai3="31,81,129,49,63,130,64,7,28,36,76,35,112"/><U8/><E104/><V100/><F38/><W55/><G36/><T42/><D33/><U99/><E118/><V29/><F115/><W48/><G112/><T85/><D4/><U61/><E127/><V98/><F5/><W66/><G35/><T119/><D119/><U95/><E135/><V59/><REACH who="2" step="1"/><F69/><REACH who="2" ten="250,270,240,230" step="2"/><W97/><G7/><T13/><D3/><U11/><E108/><V86/><AGARI ba="0,1" hai="21,23,27,29,34,54,59,60,86,89,92,98,100,107" machi="86" ten="20,8000,1" yaku="1,1,2,1,0,1,7,1,52,1,53,0" doraHai="93" doraHaiUra="132" who="2" fromWho="2" sc="250,-20,270,-40,240,90,230,-20" /><INIT seed="2,0,0,0,3,73" ten="230,230,330,210" oya="2" hai0="11,119,132,99,68,72,91,28,82,38,44,106,131" hai1="37,100,62,29,34,94,74,5,102,10,95,27,109" hai2="83,93,41,79,98,121,18,32,17,86,111,78,33" hai3="128,65,107,81,115,123,113,39,90,31,61,112,12"/><V101/><F121/><W114/><N who="3" m="28672" /><DORA hai="85" /><W105/><G123/><T3/><D132/><U108/><E37/><V129/><F129/><W77/><G128/><T0/><D68/><U67/><E74/><V127/><F127/><W87/><G39/><T125/><D28/><U75/><E75/><V24/><F41/><W135/><G135/><T22/><D22/><U130/><E130/><V23/><F111/><N who="1" m="42569" /><E94/><V64/><F64/><W120/><G120/><T92/><D106/><U40/><E40/><V21/><REACH who="2" step="1"/><F79/><REACH who="2" ten="230,230,320,210" step="2"/><W20/><G77/><T97/><D125/><U7/><E67/><V71/><F71/><N who="3" m="42415" /><G31/><T43/><D131/><U122/><E122/><V80/><F80/><W88/><G90/><T16/><D91/><U6/><E29/><V8/><F8/><W4/><G20/><T58/><D11/><AGARI ba="0,1" hai="4,11,12,81,87,88,105,107" m="42415,28672" machi="11" ten="60,7700,0" yaku="11,1,52,1,54,1" doraHai="73,85" who="3" fromWho="0" sc="230,-77,230,0,320,0,210,87" /><INIT seed="3,0,0,5,1,114" ten="153,230,320,297" oya="3" hai0="107,126,49,75,76,14,28,59,90,86,41,40,71" hai1="19,42,29,85,119,57,116,63,100,62,110,117,109" hai2="23,58,77,84,60,1,44,79,37,45,3,65,17" hai3="53,106,74,80,13,115,26,10,93,88,9,83,27"/><W18/><G115/><T102/><D71/><U52/><E29/><V130/><F130/><W92/><G106/><T32/><D126/><U108/><E42/><V118/><F118/><W50/><G74/><T97/><D32/><U113/><E113/><V2/><F37/><W112/><G112/><T55/><D28/><U21/><E100/><V43/><F84/><W81/><G93/><T22/><D76/><U94/><E94/><V7/><F7/><W132/><G9/><T56/><D56/><N who="1" m="35079" /><E85/><V122/><F122/><W124/><G132/><T99/><D75/><U48/><E48/><V105/><F105/><W98/><REACH who="3" step="1"/><G124/><REACH who="3" ten="153,230,320,287" step="2"/><T16/><REACH who="0" step="1"/><D99/><REACH who="0" ten="143,230,320,287" step="2"/><U66/><E109/><V72/><F72/><W95/><G95/><AGARI ba="0,2" hai="14,16,22,40,41,49,55,59,86,90,95,97,102,107" machi="95" ten="30,12000,2" yaku="1,1,2,1,7,1,25,2,54,1,53,0" doraHai="114" doraHaiUra="135" who="0" fromWho="3" sc="143,140,230,0,320,0,287,-120" /><INIT seed="4,0,0,0,0,108" ten="283,230,320,167" oya="0" hai0="22,73,16,90,32,11,117,89,98,27,51,81,130" hai1="124,110,37,119,111,113,49,87,118,21,31,46,88" hai2="84,53,62,47,100,52,56,60,39,26,94,102,75" hai3="12,5,68,132,72,80,126,54,2,91,17,10,116"/><T58/><D117/><U36/><E124/><V134/><F75/><W23/><G132/><T30/><D130/><U97/><E113/><V55/><F134/><W120/><G126/><T45/><D58/><U48/><E97/><V7/><F7/><W115/><G68/><T74/><D11/><U4/><E4/><V123/><F123/><W18/><G120/><T96/><D96/><U92/><E119/><V106/><F106/><W86/><G116/><T125/><D125/><U99/><E118/><V34/><F39/><W101/><G101/><T127/><D127/><U128/><E128/><V121/><F121/><W1/><G72/><T112/><D112/><U20/><E99/><V13/><F13/><W135/><G135/><T109/><D109/><N who="1" m="41483" /><E48/><N who="2" m="28703" /><F34/><W57/><G115/><T83/><D74/><U78/><E78/><V42/><F26/><W61/><REACH who="3" step="1"/><G18/><REACH who="3" ten="283,230,320,157" step="2"/><T35/><D73/><U69/><E69/><V93/><F102/><W59/><G59/><T63/><D16/><U3/><E31/><V28/><F28/><W24/><AGARI ba="0,1" hai="1,2,5,10,12,17,23,24,54,57,61,80,86,91" machi="24" ten="20,2700,0" yaku="1,1,0,1,7,1,53,0" doraHai="108" doraHaiUra="41" who="3" fromWho="3" sc="283,-13,230,-7,320,-7,157,37" /><INIT seed="5,0,0,0,5,34" ten="270,223,313,194" oya="1" hai0="11,32,28,6,27,116,51,71,55,99,109,91,124" hai1="95,129,42,20,2,132,134,93,44,76,88,62,16" hai2="90,66,125,83,0,135,117,38,13,110,29,75,120" hai3="72,127,100,101,69,59,74,43,39,121,25,119,36"/><U68/><E129/><V130/><RYUUKYOKU type="yao9" ba="0,0" sc="270,0,223,0,313,0,194,0" hai2="0,13,29,38,66,75,83,90,110,117,120,125,130,135" /><INIT seed="5,1,0,4,0,122" ten="270,223,313,194" oya="1" hai0="69,87,7,132,128,46,124,94,27,16,81,135,45" hai1="115,62,68,89,28,79,23,5,48,9,17,84,13" hai2="39,15,102,129,90,88,25,35,99,40,111,12,100" hai3="44,19,42,107,30,60,0,97,103,4,8,130,74"/><U131/><E115/><V20/><F111/><W96/><G130/><T29/><D69/><U117/><E117/><V31/><F129/><W134/><G96/><T14/><D7/><U55/><E131/><V57/><F102/><W43/><G43/><T70/><D70/><U91/><E28/><V21/><F35/><W127/><G127/><T95/><D124/><U126/><E126/><V36/><F57/><W38/><G60/><T3/><D3/><U61/><E79/><V59/><F59/><W2/><G19/><T72/><D72/><U92/><E89/><V83/><F83/><W67/><G67/><T114/><D114/><U133/><E133/><N who="0" m="51273" /><D95/><U98/><E98/><V53/><F53/><W66/><G66/><T37/><D37/><U49/><E68/><V11/><F21/><W51/><G51/><T77/><D94/><U18/><E48/><V123/><F39/><W101/><G101/><T125/><D125/><U24/><REACH who="1" step="1"/><E5/><REACH who="1" ten="270,213,313,194" step="2"/><N who="2" m="3183" /><F90/><W65/><G134/><T112/><D112/><U120/><E120/><V80/><F123/><W22/><G30/><T54/><D128/><U76/><E76/><V58/><F99/><W56/><G97/><T64/><D77/><U113/><E113/><V32/><F100/><W75/><G103/><T110/><D29/><U34/><E34/><V121/><F32/><W82/><G38/><T73/><D16/><U116/><E116/><V109/><F121/><W78/><G78/><T1/><D73/><U106/><E106/><V85/><F88/><W6/><G107/><T105/><D105/><U63/><E63/><V50/><F36/><RYUUKYOKU ba="1,1" sc="270,-10,213,30,313,-10,194,-10" hai1="9,13,17,18,23,24,49,55,61,62,84,91,92" /><INIT seed="5,2,1,5,0,130" ten="260,243,303,184" oya="1" hai0="82,75,128,100,120,133,95,111,7,94,92,129,20" hai1="127,33,65,106,19,123,29,107,50,57,131,90,52" hai2="43,119,125,53,116,66,72,32,114,104,2,78,113" hai3="30,4,91,83,73,21,132,51,27,109,79,46,36"/><U99/><E123/><V76/><F2/><W68/><G109/><T13/><D7/><U45/><E131/><N who="0" m="50249" /><D13/><U11/><E127/><V118/><F32/><W49/><G68/><T103/><D20/><U40/><E65/><V71/><F43/><W59/><G91/><T108/><D133/><U9/><E29/><V26/><F26/><W10/><G59/><T38/><D38/><U0/><E33/><V80/><F125/><W88/><G88/><T105/><D120/><U24/><E24/><V35/><F35/><W42/><REACH who="3" step="1"/><G132/><REACH who="3" ten="260,243,303,174" step="2"/><T89/><D89/><U12/><E90/><V115/><F71/><W34/><G34/><T39/><D39/><U58/><E58/><V81/><F66/><W67/><G67/><T5/><D111/><U17/><E99/><V93/><F119/><W110/><G110/><T56/><D56/><U61/><REACH who="1" step="1"/><E19/><REACH who="1" ten="260,233,303,174" step="2"/><V8/><F118/><W60/><G60/><T124/><D108/><U44/><E44/><V41/><F116/><W74/><G74/><T98/><D124/><U47/><E47/><V135/><F72/><W23/><G23/><T22/><D22/><U1/><E1/><AGARI ba="2,3" hai="1,4,10,21,27,30,36,42,46,49,51,73,79,83" machi="1" ten="30,7700,0" yaku="1,1,7,1,25,2,53,0" doraHai="130" doraHaiUra="96" who="3" fromWho="1" sc="260,0,233,-83,303,0,174,113" /><INIT seed="6,0,0,0,1,79" ten="260,150,303,287" oya="2" hai0="6,109,36,128,1,110,124,90,34,112,75,11,12" hai1="24,17,96,103,86,62,3,92,126,42,82,50,70" hai2="13,131,38,55,95,31,29,7,71,15,18,27,80" hai3="8,114,91,120,57,59,68,25,97,19,22,78,85"/><V76/><F131/><W83/><G120/><T117/><RYUUKYOKU type="yao9" ba="0,0" sc="260,0,150,0,303,0,287,0" hai0="1,6,11,12,34,36,75,90,109,110,112,117,124,128" /><INIT seed="6,1,0,0,0,115" ten="260,150,303,287" oya="2" hai0="8,25,53,7,32,102,62,30,42,83,74,55,94" hai1="12,10,109,16,19,106,0,119,131,127,63,67,29" hai2="48,117,36,6,34,71,130,49,70,9,78,17,73" hai3="108,96,52,45,105,97,112,26,110,61,133,121,65"/><V100/><F36/><W128/><G121/><T22/><D42/><U134/><E109/><V98/><F34/><W64/><G128/><T89/><D32/><U92/><E106/><V59/><F130/><W124/><G133/><T88/><D102/><U69/><E131/><V82/><F117/><W101/><G112/><T51/><D62/><U50/><E134/><V3/><F17/><W47/><G124/><T31/><D31/><U107/><E107/><V116/><F116/><W76/><G76/><T27/><D27/><U113/><E113/><V24/><F24/><W114/><G96/><T54/><D74/><U39/><E39/><V95/><REACH who="2" step="1"/><F59/><REACH who="2" ten="260,150,293,287" step="2"/><N who="3" m="35047" /><G26/><T86/><D51/><AGARI ba="1,1" hai="3,6,9,48,49,51,70,71,73,78,82,95,98,100" machi="51" ten="40,2000,0" yaku="1,1,53,0" doraHai="115" doraHaiUra="18" who="2" fromWho="0" sc="260,-23,150,0,293,33,287,0" /><INIT seed="6,2,0,3,4,108" ten="237,150,326,287" oya="2" hai0="88,30,44,112,131,1,130,46,16,52,129,13,94" hai1="25,56,77,38,33,109,6,15,135,49,40,115,14" hai2="11,133,42,31,82,118,48,110,17,74,37,51,59" hai3="80,63,5,87,9,114,19,23,95,84,45,62,73"/><V116/><F133/><W29/><G73/><T8/><D112/><U39/><E109/><V91/><F110/><W81/><G114/><T57/><D30/><U99/><E115/><V105/><F105/><W96/><G45/><T2/><D46/><U27/><E135/><V125/><F125/><W90/><G29/><T122/><D44/><U18/><E40/><V47/><F31/><W119/><G119/><T79/><D79/><U71/><E71/><V86/><F74/><W66/><G84/><N who="0" m="52487" /><D122/><U98/><E77/><V93/><F59/><W64/><G80/><T102/><D102/><U85/><E33/><V104/><F104/><W35/><G66/><T3/><D3/><U124/><E124/><V117/><REACH who="2" step="1"/><F82/><REACH who="2" ten="237,150,316,287" step="2"/><W12/><G64/><T100/><D100/><U53/><E56/><V126/><F126/><W20/><G35/><T113/><D113/><U34/><E34/><V67/><F67/><W78/><REACH who="3" step="1"/><G23/><REACH who="3" ten="237,150,316,277" step="2"/><T101/><D101/><U69/><E69/><V121/><F121/><W60/><G60/><AGARI ba="2,2" hai="1,2,8,13,16,52,57,60,129,130,131" m="52487" machi="60" ten="30,7700,0" yaku="19,1,54,3" doraHai="108" who="0" fromWho="3" sc="237,103,150,0,316,0,277,-83" /><INIT seed="7,0,0,4,5,109" ten="340,150,316,194" oya="3" hai0="77,13,79,64,133,5,71,68,86,56,121,49,108" hai1="101,99,112,98,44,97,94,70,123,29,18,127,43" hai2="132,50,107,106,65,75,21,72,35,26,24,116,96" hai3="33,53,14,93,124,81,41,46,10,129,36,0,80"/><W122/><G0/><T15/><D108/><U103/><E123/><V84/><F116/><W7/><G129/><T57/><D133/><U92/><E127/><V59/><F96/><W4/><G124/><T22/><D121/><U104/><E70/><V88/><F132/><W135/><G122/><T117/><D117/><U78/><E29/><V95/><F75/><W60/><G33/><T83/><D71/><U76/><E18/><V74/><F74/><W111/><G111/><T61/><D68/><U89/><REACH who="1" step="1"/><E112/><REACH who="1" ten="340,140,316,194" step="2"/><V30/><F30/><W113/><G113/><T131/><D131/><U100/><E100/><V20/><F35/><W55/><G135/><T16/><D16/><U19/><E19/><V31/><F31/><W9/><G4/><T34/><D5/><U40/><E40/><V82/><F26/><W42/><G42/><T91/><D34/><U90/><E90/><V120/><F24/><W85/><G7/><T62/><D22/><U12/><E12/><V67/><F120/><W17/><G14/><T63/><D15/><U114/><E114/><V118/><F118/><W1/><G17/><T45/><D13/><U48/><AGARI ba="0,1" hai="43,44,48,76,78,89,92,94,97,98,99,101,103,104" machi="48" ten="20,2700,0" yaku="1,1,0,1,7,1,53,0" doraHai="109" doraHaiUra="27" who="1" fromWho="1" sc="340,-7,140,37,316,-7,194,-13" owari="333,43.0,177,-32.0,309,11.0,181,-22.0" /></mjloggm>