<mjloggm ver="2.3"><GO type="41" lobby="0"/><UN n0="%E3%83%96%E3%82%AB%E3%83%81%E3%82%A3" n1="%E8%97%A4%E5%92%8C%E3%82%A8%E3%83%AA%E3%82%AA" n2="%E2%93%9D%53%75%70%68%78" n3="%E7%BF%A0%E8%88%9F" dan="13,15,16,14" rate="1812.25,1986.36,2037.58,1861.71" sx="M,F,M,M"/><TAIKYOKU oya="0"/><INIT seed="0,0,0,4,2,8" ten="250,250,250,250" oya="0" hai0="72,93,79,96,67,21,60,45,43,44,47,6,85" hai1="75,104,57,39,76,78,121,101,29,77,89,103,110" hai2="15,38,4,107,126,70,84,36,105,35,87,127,32" hai3="73,124,49,46,14,90,102,80,0,17,30,69,42"/><T135/><D72/><U134/><E121/><V48/><F48/><W7/><G0/><T123/><D123/><U112/><E39/><N who="2" m="14891" /><F4/><W12/><G7/><T51/><D135/><U81/><E134/><V5/><F5/><W22/><G69/><T40/><D21/><U59/><E112/><V55/><F55/><W74/><G102/><T108/><D108/><U111/><E29/><V53/><F53/><W86/><G30/><T23/><D23/><U94/><E57/><V65/><F15/><W56/><G56/><N who="0" m="37255" /><D6/><U119/><E59/><V26/><F26/><W130/><G12/><T19/><D19/><U128/><E119/><V61/><F87/><W27/><G27/><T91/><D40/><U116/><E110/><V131/><F84/><W10/><G22/><T3/><D3/><U2/><E2/><V122/><F122/><W11/><G11/><T34/><D34/><N who="2" m="12842" /><F131/><W118/><G130/><T106/><D106/><AGARI ba="0,0" hai="61,65,70,105,106,107,126,127" m="12842,14891" machi="106" ten="40,1300,0" yaku="23,1" doraHai="8" who="2" fromWho="0" sc="250,-13,250,0,250,13,250,0" /><INIT seed="1,0,0,3,1,21" ten="237,250,263,250" oya="1" hai0="78,0,18,115,23,52,63,35,122,7,4,82,99" hai1="87,34,10,69,117,125,48,6,110,30,42,2,64" hai2="133,75,26,29,72,49,107,96,101,128,56,132,74" hai3="22,28,9,123,46,91,32,106,44,57,58,71,73"/><U1/><E117/><V68/><F128/><W83/><G106/><T41/><D115/><U11/><E87/><V134/><F68/><W84/><G71/><T126/><D126/><U114/><E114/><V16/><F16/><W120/><G32/><T8/><D122/><U124/><E48/><V130/><F130/><W43/><G73/><T70/><D41/><U66/><E42/><V97/><F97/><W54/><G9/><T108/><D108/><U116/><E116/><V13/><F13/><W79/><G79/><T98/><D35/><U94/><E110/><V24/><F29/><W103/><G103/><T27/><D7/><N who="1" m="1391" /><E94/><V88/><F88/><W77/><G77/><T60/><D60/><N who="1" m="40071" /><E66/><V62/><F49/><W12/><G43/><T15/><D0/><U85/><E85/><V80/><REACH who="2" step="1"/><F80/><REACH who="2" ten="237,250,253,250" step="2"/><W14/><G120/><T37/><D37/><U102/><E102/><V38/><F38/><W112/><G112/><T59/><D70/><U53/><E53/><AGARI ba="0,1" hai="24,26,53,56,62,72,74,75,96,101,107,132,133,134" machi="53" ten="50,8000,1" yaku="1,1,20,1,52,2,53,0" doraHai="21" doraHaiUra="113" who="2" fromWho="1" sc="237,0,250,-80,253,90,250,0" /><INIT seed="2,0,0,2,5,2" ten="237,170,343,250" oya="2" hai0="3,17,27,36,7,53,120,30,44,128,96,97,116" hai1="71,100,86,81,18,80,0,89,49,108,130,92,15" hai2="58,90,31,41,103,127,132,56,117,28,68,67,109" hai3="119,8,50,20,46,104,61,32,115,19,64,91,21"/><V51/><F117/><W47/><G32/><T10/><D120/><U40/><E108/><V23/><F103/><W43/><G104/><T122/><D122/><U16/><E0/><V106/><F106/><W82/><G115/><T38/><D128/><U112/><E112/><V62/><F132/><W107/><G107/><T25/><D116/><U66/><E130/><V94/><F127/><W95/><G82/><T35/><D36/><U33/><E33/><V12/><F68/><W59/><G47/><T26/><D38/><U42/><E71/><V57/><F109/><W125/><G125/><T102/><D44/><U83/><E66/><V110/><F41/><W134/><G134/><T99/><D53/><U73/><E73/><V74/><F74/><W9/><G21/><T129/><D129/><U14/><E100/><V5/><F110/><W11/><G9/><T121/><D121/><U24/><E24/><N who="2" m="16415" /><F31/><W22/><G22/><T76/><D76/><U69/><E69/><V101/><F101/><W37/><G37/><T65/><D65/><U1/><E1/><V79/><F79/><W93/><G119/><T63/><D63/><U72/><E72/><V135/><F51/><W123/><G123/><T113/><D113/><U39/><E39/><V88/><F135/><W13/><REACH who="3" step="1"/><G95/><REACH who="3" ten="237,170,343,240" step="2"/><T34/><D34/><U131/><E131/><V114/><F114/><W55/><G55/><T126/><D126/><U85/><E40/><V111/><F111/><W70/><G70/><T84/><D35/><U54/><E54/><V118/><F118/><W48/><G48/><T105/><D30/><RYUUKYOKU ba="0,1" sc="237,-10,170,-10,343,-10,240,30" hai3="8,11,13,19,20,43,46,50,59,61,64,91,93" /><INIT seed="3,1,1,3,1,122" ten="227,160,333,270" oya="3" hai0="26,21,51,107,52,65,90,56,129,11,24,88,98" hai1="47,54,85,8,28,43,17,40,79,22,121,110,127" hai2="97,131,104,46,35,106,66,115,53,23,18,118,73" hai3="3,133,124,99,61,4,95,2,58,12,75,78,7"/><W29/><G75/><T14/><D129/><U32/><E121/><V13/><F115/><W132/><G78/><T50/><D107/><U84/><E127/><V81/><F35/><W41/><G41/><T103/><D65/><U36/><E32/><V102/><F118/><W100/><G29/><T69/><D69/><U30/><E8/><V38/><F66/><W57/><G124/><T55/><D103/><U37/><E54/><V105/><F131/><W27/><G27/><N who="0" m="10283" /><D21/><U134/><E134/><N who="3" m="51818" /><G12/><T25/><N who="0" m="10291" /><T93/><DORA hai="94" /><D90/><U39/><E79/><V80/><F73/><W111/><G111/><T92/><D93/><U120/><E120/><V44/><F106/><W49/><G49/><N who="0" m="18443" /><D56/><N who="3" m="21609" /><G61/><T119/><D119/><U113/><E36/><V109/><F105/><W9/><G9/><T1/><D1/><AGARI ba="1,1" hai="1,2,3,4,7,95,99,100" m="21609,51818" machi="1" ten="30,2900,0" yaku="20,1,52,1" doraHai="122,94" who="3" fromWho="0" sc="227,-32,160,0,333,0,270,42" /><INIT seed="3,2,0,5,3,109" ten="195,160,333,312" oya="3" hai0="95,49,19,112,40,52,35,98,71,88,120,108,61" hai1="14,135,17,57,38,124,15,74,30,0,73,70,115" hai2="36,133,42,93,58,1,122,83,20,2,90,104,34" hai3="125,27,131,79,118,45,111,47,114,69,31,21,87"/><W51/><G111/><T4/><D35/><U43/><E70/><V132/><F104/><W89/><G69/><T82/><D108/><U127/><E0/><V94/><F34/><W99/><G118/><T84/><D120/><U105/><E105/><V101/><F42/><W56/><G125/><N who="1" m="48202" /><E135/><V55/><F36/><W16/><G131/><T67/><D4/><U76/><E30/><V6/><F83/><W53/><G114/><T110/><D110/><U39/><E115/><V3/><F6/><W59/><G56/><T8/><D40/><U41/><E41/><V91/><F101/><W7/><G7/><T116/><D116/><U119/><E119/><V121/><F20/><W81/><G31/><T18/><D112/><U10/><E76/><V72/><F72/><N who="1" m="27753" /><E43/><V23/><F3/><W113/><G113/><T50/><D50/><U44/><E44/><V117/><F117/><W78/><G79/><T86/><D8/><N who="1" m="6343" /><E57/><V64/><F58/><W32/><G32/><T62/><D62/><U106/><E106/><V126/><F126/><W37/><G37/><T80/><D18/><AGARI ba="2,0" hai="10,15,18,38,39" m="6343,27753,48202" machi="18" ten="30,1000,0" yaku="18,1" doraHai="109" who="1" fromWho="0" sc="195,-16,160,16,333,0,312,0" /><INIT seed="4,0,0,5,4,135" ten="179,176,333,312" oya="0" hai0="70,24,119,10,91,48,97,43,26,81,115,25,52" hai1="4,128,53,22,68,15,78,86,39,23,96,102,0" hai2="129,46,56,62,107,42,104,2,84,108,50,80,94" hai3="44,99,123,29,131,47,41,110,37,28,75,13,73"/><T130/><D119/><U49/><E39/><V45/><F108/><W9/><G110/><T88/><D130/><U64/><E0/><V114/><F2/><W32/><G123/><T118/><D118/><U105/><E128/><V17/><F114/><W35/><G131/><T122/><D122/><U121/><E121/><V93/><F46/><W60/><G60/><T67/><D115/><U30/><E68/><V89/><F129/><W33/><G99/><T79/><D43/><U34/><E64/><V18/><F107/><W116/><G116/><T83/><D70/><U8/><E34/><V74/><F104/><W132/><G132/><T5/><D67/><U101/><E30/><V90/><F74/><W55/><G28/><T71/><D71/><U11/><E101/><V133/><F80/><N who="0" m="30794" /><D97/><U21/><E8/><V57/><F133/><W87/><G87/><T40/><D40/><U66/><E86/><N who="2" m="52407" /><F57/><W51/><REACH who="3" step="1"/><G29/><REACH who="3" ten="179,176,333,302" step="2"/><T113/><D113/><U3/><E96/><V92/><F92/><W126/><G126/><T82/><N who="0" m="30802" /><T127/><DORA hai="38" /><D79/><U6/><E78/><V103/><F103/><W72/><G72/><T98/><D98/><U7/><E102/><V120/><F120/><W59/><G59/><N who="0" m="33159" /><D127/><U63/><E105/><V117/><F117/><W134/><G134/><T112/><D112/><U124/><E124/><V65/><AGARI ba="0,1" hai="17,18,42,45,50,56,62,65,84,90,94" m="52407" machi="65" ten="30,2000,0" yaku="8,1,52,1" doraHai="135,38" who="2" fromWho="2" sc="179,-10,176,-5,333,30,302,-5" /><INIT seed="5,0,0,1,5,30" ten="169,171,363,297" oya="1" hai0="133,106,46,114,37,70,40,3,111,104,87,36,124" hai1="121,122,64,4,123,16,98,23,58,128,74,29,56" hai2="80,2,130,53,18,50,7,78,110,5,92,66,127" hai3="109,38,134,79,11,14,88,15,9,62,57,68,10"/><U55/><E74/><V94/><F110/><W71/><G109/><T129/><D87/><U135/><E135/><V48/><F130/><W126/><G38/><T59/><D106/><U27/><E128/><V115/><F127/><W81/><G134/><T84/><D84/><U25/><E4/><V28/><F28/><W107/><G107/><T93/><D59/><U33/><E64/><V89/><F115/><W12/><G126/><T96/><D93/><U103/><REACH who="1" step="1"/><E55/><REACH who="1" ten="169,161,363,297" step="2"/><V102/><F7/><W67/><G79/><T75/><D96/><U97/><E97/><V43/><F53/><W118/><G118/><T131/><D40/><U26/><E26/><V32/><F43/><W41/><G41/><T113/><D129/><U76/><E76/><V42/><F5/><W60/><G67/><T117/><D113/><U69/><E69/><V91/><F66/><W44/><G68/><T17/><D17/><U108/><E108/><V22/><F18/><W95/><G71/><T85/><D85/><U116/><E116/><V35/><F78/><W54/><G54/><T132/><D132/><U8/><E8/><V31/><F42/><W1/><G1/><T45/><D45/><U13/><E13/><V83/><F2/><W119/><G44/><T86/><D46/><U24/><E24/><V6/><F6/><W100/><G119/><T90/><D86/><U73/><E73/><V49/><F83/><W72/><G72/><T105/><D37/><U99/><E99/><N who="2" m="59751" /><F80/><W63/><G81/><T112/><D114/><U120/><E120/><V0/><F0/><W51/><G95/><AGARI ba="0,1" hai="16,23,25,27,29,33,56,58,95,98,103,121,122,123" machi="95" ten="40,12000,1" yaku="1,1,6,1,52,1,54,1,53,0" doraHai="30" doraHaiUra="65" who="1" fromWho="3" sc="169,0,161,130,363,0,297,-120" /><INIT seed="5,1,0,4,4,85" ten="169,291,363,177" oya="1" hai0="122,90,87,49,30,32,126,42,34,23,111,89,78" hai1="79,22,40,109,46,9,120,101,63,71,68,110,19" hai2="44,20,35,67,5,39,41,95,133,17,98,12,54" hai3="127,73,47,117,83,28,59,55,82,75,72,38,103"/><U2/><E120/><V52/><F35/><W91/><G117/><T76/><D111/><N who="1" m="42507" /><E101/><V96/><F133/><W26/><G127/><T118/><D118/><U69/><E79/><N who="0" m="30249" /><D126/><U124/><E124/><V45/><F67/><W33/><G91/><N who="0" m="34827" /><D34/><U7/><E63/><V48/><F5/><W13/><G13/><T66/><D32/><U70/><E70/><V11/><F95/><W99/><G38/><T123/><D66/><U77/><E77/><V74/><F74/><W3/><G3/><T93/><D42/><U60/><E60/><V105/><F105/><W61/><REACH who="3" step="1"/><G47/><REACH who="3" ten="169,291,363,167" step="2"/><T132/><D132/><U58/><E46/><V100/><F45/><W6/><G6/><T56/><D122/><U128/><E2/><V115/><F39/><W15/><G15/><T31/><D123/><U135/><E135/><V92/><F41/><W125/><G125/><T62/><D49/><U64/><E40/><V88/><F48/><W134/><G134/><T116/><D116/><U57/><E7/><V106/><F44/><W37/><G37/><T84/><D93/><AGARI ba="1,1" hai="26,28,33,55,59,61,72,73,75,82,83,93,99,103" machi="93" ten="40,1300,0" yaku="1,1,53,0" doraHai="85" doraHaiUra="129" who="3" fromWho="0" sc="169,-16,291,0,363,0,167,26" /><INIT seed="6,0,0,5,3,97" ten="153,291,363,193" oya="2" hai0="93,117,133,58,64,72,36,62,21,2,17,110,130" hai1="14,45,114,105,39,24,98,47,102,54,126,67,65" hai2="35,9,109,91,37,26,53,128,120,16,88,83,115" hai3="135,90,51,106,116,132,81,121,44,34,57,38,63"/><V134/><F120/><W1/><G34/><T103/><D2/><U52/><E114/><V23/><F37/><W43/><G1/><T20/><D36/><U32/><E126/><V50/><F115/><W85/><G106/><T49/><D110/><U122/><E122/><V15/><F128/><W61/><G121/><T125/><D72/><U95/><E105/><V127/><F134/><N who="3" m="51243" /><G116/><T84/><D125/><U66/><E14/><V118/><F118/><W27/><G27/><T131/><D117/><U124/><E124/><V18/><F109/><W87/><G85/><T78/><D133/><U30/><REACH who="1" step="1"/><E45/><REACH who="1" ten="153,281,363,193" step="2"/><V129/><F127/><W77/><G44/><T41/><D130/><U13/><E13/><V10/><F129/><W25/><G25/><T82/><D131/><U28/><E28/><V55/><F15/><W3/><G3/><T68/><D17/><U76/><E76/><V112/><F18/><W104/><G77/><T8/><D8/><U94/><E94/><V74/><F10/><W73/><G104/><T80/><D80/><U56/><E56/><V89/><F9/><W0/><G0/><T5/><D5/><U19/><E19/><V70/><F112/><W111/><G111/><T96/><D68/><U99/><E99/><V12/><F70/><W108/><G108/><T48/><REACH who="0" step="1"/><D41/><AGARI ba="0,1" hai="24,30,32,39,41,47,52,54,65,66,67,95,98,102" machi="41" ten="40,5200,0" yaku="1,1,52,1,54,1,53,0" doraHai="97" doraHaiUra="79" who="1" fromWho="0" sc="153,-52,281,62,363,0,193,0" /><INIT seed="7,0,0,3,0,27" ten="101,343,363,193" oya="3" hai0="72,107,103,31,133,74,20,45,35,127,63,39,10" hai1="34,62,114,5,13,85,64,7,117,24,18,0,59" hai2="95,124,91,76,99,94,25,83,61,37,79,11,92" hai3="106,41,90,23,56,89,32,78,75,116,73,87,109"/><W101/><G116/><T43/><D20/><N who="1" m="11343" /><E117/><V51/><F37/><W16/><G32/><T55/><D127/><U120/><E120/><V96/><F124/><W70/><G70/><T58/><D133/><U49/><E114/><V22/><F61/><W125/><G41/><T77/><D55/><U112/><E112/><V38/><F38/><W66/><G125/><T42/><D58/><U119/><E119/><V28/><F11/><W88/><G75/><T57/><D57/><U40/><E85/><N who="2" m="50623" /><F51/><W50/><G73/><T82/><D10/><N who="1" m="2343" /><E7/><V126/><F126/><W69/><G109/><T17/><D17/><U9/><E9/><V19/><F19/><W98/><G69/><T100/><D42/><U104/><E40/><V105/><F105/><W130/><G78/><AGARI ba="0,0" hai="22,25,28,76,78,79,92,94,95,96,99" m="50623" machi="78" ten="30,2000,0" yaku="8,1,52,1" doraHai="27" who="2" fromWho="3" sc="101,0,343,0,363,20,193,-20" owari="101,-40.0,343,14.0,383,49.0,173,-23.0" /></mjloggm>