<mjloggm ver="2.3"><GO type="41" lobby="0"/><UN n0="%E3%82%B8%E3%83%9F%E3%83%BC" n1="%E3%81%97%E3%82%87%E3%81%86%E3%81%8F%E3%82%93" n2="%E2%93%9D%53%75%70%68%78" n3="%6A%6D%67%75%74%69" dan="14,13,18,15" rate="1934.25,1908.75,2100.21,2024.83" sx="M,M,M,M"/><TAIKYOKU oya="0"/><INIT seed="0,0,0,2,5,35" ten="250,250,250,250" oya="0" hai0="10,60,28,52,110,103,12,3,68,106,66,120,41" hai1="70,115,73,135,129,127,82,46,100,130,117,121,131" hai2="77,22,104,123,26,84,101,109,75,116,17,86,72" hai3="112,94,32,30,69,96,43,85,31,87,58,48,9"/><T36/><D120/><U65/><E121/><V134/><F123/><W42/><G69/><T102/><D28/><U119/><E65/><V34/><F109/><W13/><G112/><T111/><D106/><U4/><E70/><V44/><F134/><W98/><G32/><T81/><D81/><U38/><E115/><V40/><F116/><W23/><G96/><T67/><D67/><U51/><E38/><V74/><F77/><W124/><G43/><T93/><D93/><U2/><E100/><V6/><F6/><W88/><G124/><T0/><D103/><U45/><E127/><V11/><F11/><W55/><G42/><T56/><D102/><U37/><E135/><V54/><F54/><W25/><REACH who="3" step="1"/><G31/><REACH who="3" ten="250,250,250,240" step="2"/><T80/><D41/><N who="1" m="22703" /><E51/><V90/><F34/><W89/><G89/><T49/><D36/><U39/><E39/><V20/><F90/><W27/><G27/><T108/><REACH who="0" step="1"/><D80/><REACH who="0" ten="240,250,250,240" step="2"/><U62/><E119/><V99/><F40/><W125/><G125/><T76/><D76/><N who="1" m="44303" /><E117/><V128/><F104/><W63/><G63/><T14/><D14/><U71/><E62/><V33/><F101/><W29/><G29/><T59/><D59/><U16/><E71/><V78/><F78/><W113/><G113/><T107/><D107/><U105/><E46/><V64/><F44/><W122/><G122/><T5/><AGARI ba="0,2" hai="0,3,5,10,12,49,52,56,60,66,68,108,110,111" machi="5" ten="30,24000,3" yaku="1,1,0,1,14,1,10,1,52,2,54,1,53,1" doraHai="35" doraHaiUra="57" who="0" fromWho="0" sc="240,260,250,-80,250,-80,240,-80" /><INIT seed="0,1,0,4,0,96" ten="500,170,170,160" oya="0" hai0="47,71,27,46,70,104,115,16,91,1,63,49,112" hai1="92,2,126,135,22,19,109,31,32,80,82,60,57" hai2="11,130,110,133,40,83,29,37,15,45,39,0,4" hai3="14,67,103,84,79,41,102,25,94,87,117,121,86"/><T64/><D1/><U7/><E135/><V35/><F110/><W73/><G117/><T61/><D47/><U74/><E109/><V69/><F130/><W9/><G67/><T55/><D104/><U8/><E126/><V132/><F15/><W85/><G121/><T129/><D129/><U20/><E20/><V75/><F39/><W88/><G41/><T5/><D5/><U122/><E92/><V50/><F50/><W98/><G25/><T107/><D107/><U116/><E74/><V99/><F99/><W3/><G3/><T21/><D91/><U101/><E101/><V114/><F114/><W26/><G26/><T36/><REACH who="0" step="1"/><D36/><REACH who="0" ten="490,170,170,160" step="2"/><U18/><E116/><V17/><F133/><W48/><G48/><T51/><D51/><U12/><E122/><V119/><F132/><W123/><G123/><T59/><D59/><U124/><E124/><V44/><F44/><W23/><G23/><T127/><D127/><U77/><E18/><V108/><F17/><N who="3" m="8399" /><G73/><T52/><D52/><N who="1" m="33831" /><E77/><N who="2" m="44479" /><F108/><W81/><AGARI ba="1,1" hai="79,81,84,85,86,87,88,94,98,102,103" m="8399" machi="81" ten="30,7900,0" yaku="8,1,52,2,54,1" doraHai="96" who="3" fromWho="3" sc="490,-40,170,-21,170,-21,160,92" /><INIT seed="1,0,0,5,2,123" ten="450,149,149,252" oya="1" hai0="83,87,27,75,31,105,135,118,88,68,119,64,9" hai1="24,121,86,3,55,100,109,18,84,30,114,52,62" hai2="4,120,111,133,33,130,127,46,26,69,96,49,57" hai3="85,41,124,93,40,116,19,79,65,81,129,131,97"/><U132/><E121/><V23/><F120/><W53/><G124/><T126/><D126/><U110/><E114/><V32/><F127/><W1/><G65/><T80/><D135/><U0/><E132/><V42/><F133/><W103/><G116/><T2/><D105/><U45/><E100/><V95/><F69/><W67/><G1/><N who="1" m="586" /><E18/><V44/><F130/><N who="3" m="49675" /><G67/><T73/><D73/><U99/><E99/><V112/><F4/><W17/><G53/><N who="1" m="20554" /><E45/><V102/><F46/><W56/><G56/><T20/><D119/><U11/><E11/><V125/><F112/><W7/><G7/><T51/><D118/><U6/><E6/><V71/><F57/><W113/><G113/><T37/><D2/><U115/><E62/><V59/><F125/><W29/><G29/><T108/><D31/><U106/><E106/><V21/><F44/><W107/><G107/><T8/><D83/><U47/><E47/><V78/><F102/><W90/><G103/><T77/><D80/><U15/><E15/><V60/><F60/><W76/><G79/><T91/><D64/><U104/><E104/><V134/><F134/><W43/><AGARI ba="0,0" hai="17,19,40,41,43,76,81,85,90,93,97" m="49675" machi="43" ten="30,1100,0" yaku="19,1" doraHai="123" who="3" fromWho="3" sc="450,-3,149,-5,149,-3,252,11" /><INIT seed="2,0,0,1,0,75" ten="447,144,146,263" oya="2" hai0="108,57,63,123,94,78,15,69,45,37,29,105,12" hai1="66,34,100,52,24,121,109,118,54,27,59,91,25" hai2="135,3,1,0,103,36,48,73,51,14,104,115,41" hai3="60,131,13,72,112,17,56,106,113,7,117,42,82"/><V93/><F115/><W87/><G106/><T114/><D105/><U65/><E118/><V95/><F104/><W10/><G117/><T119/><D119/><U88/><E34/><V111/><F135/><W33/><G131/><T70/><D114/><N who="3" m="44137" /><G72/><T83/><D123/><U6/><E121/><V116/><F116/><W40/><G33/><T55/><D29/><U44/><E109/><V125/><F125/><W26/><G26/><T4/><D108/><U129/><E100/><V98/><F111/><W101/><G101/><T9/><D94/><U86/><E129/><V16/><F73/><W132/><G132/><T21/><D21/><U122/><E6/><V110/><F110/><W49/><G49/><T134/><D134/><U64/><E122/><V89/><F36/><W76/><G17/><T20/><D20/><U81/><E59/><V74/><F74/><W43/><G43/><T128/><D128/><U39/><E39/><V58/><F58/><W90/><G90/><N who="1" m="34346" /><E44/><V47/><F47/><W2/><G2/><T61/><D61/><U11/><E11/><V18/><F41/><W79/><G42/><T120/><D120/><U67/><N who="1" m="16384" /><DORA hai="38" /><U107/><E107/><V130/><F130/><W68/><G40/><N who="0" m="22671" /><D12/><U92/><E92/><V99/><REACH who="2" step="1"/><F14/><REACH who="2" ten="447,144,136,263" step="2"/><W19/><G13/><T85/><D15/><U31/><E31/><V84/><F84/><W77/><G87/><T5/><D9/><U35/><E35/><V53/><F53/><W124/><G56/><T8/><D8/><U23/><E23/><V133/><F133/><W62/><G10/><T97/><D97/><RYUUKYOKU ba="0,1" sc="447,10,144,10,136,10,263,-30" hai0="4,5,55,57,63,69,70,78,83,85" hai1="24,25,27,52,54,81,86" hai2="0,1,3,16,18,48,51,89,93,95,98,99,103" /><INIT seed="2,1,1,1,5,57" ten="457,154,146,233" oya="2" hai0="46,56,19,49,4,103,64,59,100,36,16,47,91" hai1="98,76,128,67,70,79,17,34,32,6,129,83,112" hai2="108,61,62,14,55,130,90,135,18,92,120,104,80" hai3="74,115,5,111,105,60,132,93,21,81,13,114,22"/><V51/><F120/><W1/><G105/><T88/><D4/><U40/><E112/><N who="3" m="43050" /><G111/><T125/><D125/><U118/><E118/><V31/><F104/><W50/><G50/><T86/><D36/><U109/><E109/><V8/><F130/><N who="1" m="50281" /><E79/><V71/><F71/><W124/><G93/><T66/><D86/><U11/><E17/><V127/><F135/><W30/><G81/><T85/><D85/><U117/><E98/><V23/><F127/><W102/><G102/><T39/><D39/><U68/><E40/><V41/><F41/><W113/><G74/><T78/><D78/><U35/><E67/><V58/><F80/><W28/><G124/><T37/><D37/><U106/><E106/><V52/><F55/><W38/><G38/><T20/><D20/><N who="3" m="7785" /><G1/><T43/><D43/><U116/><E116/><V2/><F108/><W65/><G132/><T27/><REACH who="0" step="1"/><D49/><REACH who="0" ten="447,154,146,233" step="2"/><U133/><E117/><V63/><F2/><W119/><G119/><T134/><D134/><U75/><E133/><V3/><F3/><AGARI ba="1,2" hai="3,6,11,32,34,35,68,70,75,76,83" m="50281" machi="3" ten="40,2600,0" yaku="19,1,23,1" doraHai="57" who="1" fromWho="2" sc="447,0,154,49,146,-29,233,0" /><INIT seed="3,0,0,3,5,6" ten="447,203,117,233" oya="3" hai0="5,95,103,30,107,112,25,124,45,48,105,64,46" hai1="66,86,16,74,125,51,100,99,77,101,135,82,20" hai2="0,24,133,53,57,127,26,55,123,132,134,113,50" hai3="129,9,60,15,7,13,97,35,102,130,34,33,40"/><W49/><G60/><T63/><D124/><U120/><E125/><V106/><F127/><W81/><G81/><T10/><D112/><U128/><E135/><V3/><F113/><W59/><G15/><T11/><D95/><U41/><E128/><V19/><F106/><W62/><G49/><T90/><D90/><U111/><E111/><V1/><F123/><W115/><G115/><T37/><D37/><U88/><E120/><V44/><REACH who="2" step="1"/><F19/><REACH who="2" ten="447,203,107,233" step="2"/><W119/><G119/><T52/><D46/><N who="1" m="26063" /><E74/><V85/><F85/><W91/><G40/><T56/><D103/><U78/><E66/><V121/><F121/><W94/><REACH who="3" step="1"/><G102/><REACH who="3" ten="447,203,107,223" step="2"/><N who="1" m="39530" /><E99/><V98/><F98/><W70/><G70/><T65/><D107/><U23/><E23/><V2/><N who="2" m="0" /><DORA hai="18" /><V110/><F110/><W22/><G22/><T96/><D96/><U80/><E80/><V38/><F38/><W68/><G68/><T31/><D105/><U36/><E36/><V76/><F76/><W12/><G12/><AGARI ba="0,2" hai="12,16,20,77,78,82,86,88" m="39530,26063" machi="12" ten="30,7700,0" yaku="8,1,52,1,54,2" doraHai="6,18" who="1" fromWho="3" sc="447,0,203,97,107,0,223,-77" /><INIT seed="4,0,0,0,5,7" ten="447,300,107,146" oya="0" hai0="17,13,21,113,94,85,28,124,105,32,112,22,11" hai1="79,57,41,110,63,47,36,82,91,60,14,67,126" hai2="131,90,53,54,33,111,58,5,119,115,27,98,125" hai3="23,37,8,20,75,10,133,135,128,18,107,95,83"/><T62/><D105/><U121/><E110/><V46/><F111/><W55/><G107/><T44/><D62/><U52/><E121/><V118/><F115/><N who="0" m="44106" /><D44/><U38/><E126/><V65/><F131/><W96/><G37/><T71/><D94/><U42/><E91/><V114/><F125/><W0/><G128/><T100/><D85/><U45/><E14/><V87/><F114/><W106/><G106/><T56/><D56/><N who="1" m="34823" /><E82/><V25/><F46/><N who="1" m="17417" /><E79/><V43/><F58/><W129/><G129/><T93/><D71/><U68/><E68/><V24/><F90/><W122/><G122/><T123/><D93/><U70/><E70/><V2/><F119/><W116/><G116/><T76/><D76/><U66/><E66/><V1/><F65/><W26/><G0/><T29/><D100/><U64/><E64/><V6/><F118/><W103/><G55/><T34/><D123/><U104/><E104/><V39/><F54/><W109/><G109/><T99/><D124/><U108/><E108/><V120/><F53/><W35/><G75/><T101/><D99/><U89/><E89/><V61/><F98/><W78/><G78/><T30/><D101/><U117/><E117/><V3/><F120/><W132/><G83/><T80/><D80/><U4/><E4/><V59/><F6/><W73/><G73/><T134/><D134/><U74/><E74/><V127/><F127/><W84/><G84/><T19/><D22/><N who="3" m="8233" /><G35/><T15/><AGARI ba="0,0" hai="11,13,15,17,19,21,28,29,30,32,34" m="44106" machi="15" ten="40,12000,1" yaku="15,1,34,2,52,1" doraHai="7" who="0" fromWho="0" sc="447,120,300,-40,107,-40,146,-40" /><INIT seed="4,1,0,5,3,96" ten="567,260,67,106" oya="0" hai0="111,93,44,101,47,122,132,63,121,53,10,133,20" hai1="19,31,118,4,94,77,72,108,67,46,86,65,104" hai2="16,61,28,114,48,33,128,131,117,115,32,49,3" hai3="95,40,21,103,92,56,78,62,107,7,73,29,66"/><T105/><D105/><U23/><E104/><V126/><F61/><W5/><G73/><T81/><D81/><U11/><E118/><V0/><F28/><W42/><G78/><T123/><D111/><U54/><E108/><V59/><F59/><W75/><G75/><T51/><D63/><U82/><E31/><V30/><F30/><W100/><G107/><T15/><D20/><U69/><E69/><V52/><F126/><W39/><G39/><T116/><D116/><U9/><E9/><V125/><F117/><W24/><G42/><T129/><D129/><N who="2" m="49738" /><F16/><N who="3" m="12327" /><G40/><T71/><D71/><U102/><E54/><V22/><F22/><W64/><G66/><T127/><D127/><U97/><E46/><N who="2" m="27671" /><F49/><W43/><G43/><T18/><D47/><U70/><E72/><V68/><F68/><W134/><G29/><T79/><D79/><U110/><E110/><V120/><F120/><W99/><G134/><T2/><D2/><N who="2" m="554" /><F125/><W119/><G119/><T109/><D109/><U84/><E70/><V90/><F90/><W41/><G41/><T60/><D60/><U55/><E55/><V91/><F91/><W34/><G34/><AGARI ba="1,0" hai="32,33,34,114,115" m="554,27671,49738" machi="34" ten="40,2600,0" yaku="19,1,54,1" doraHai="96" who="2" fromWho="3" sc="567,0,260,0,67,29,106,-29" /><INIT seed="5,0,0,2,4,3" ten="567,260,96,77" oya="1" hai0="43,81,26,13,34,36,120,65,11,37,88,84,113" hai1="78,69,18,103,39,19,8,2,41,53,116,57,22" hai2="30,123,15,51,24,131,72,25,4,121,7,134,23" hai3="79,74,17,106,1,97,56,99,87,102,112,94,91"/><U12/><E116/><V76/><F72/><W62/><G1/><T128/><D120/><N who="2" m="46154" /><F51/><W124/><G124/><T110/><D110/><U49/><E69/><V64/><F76/><W21/><G112/><T90/><D113/><U28/><E28/><N who="2" m="17439" /><F64/><W122/><G122/><T100/><D65/><U10/><E103/><V32/><F131/><W0/><G0/><T85/><D100/><U55/><E78/><V9/><F134/><W127/><G127/><T71/><D71/><U70/><E70/><V107/><F107/><W58/><G99/><T66/><D66/><U108/><E108/><V82/><F82/><W63/><G63/><T92/><D128/><U73/><E73/><V104/><F104/><W48/><G62/><T31/><REACH who="0" step="1"/><D43/><REACH who="0" ten="557,260,96,77" step="2"/><U125/><E125/><V95/><F95/><W109/><G109/><T96/><D96/><U114/><E114/><V16/><AGARI ba="0,1" hai="4,7,9,15,16,25,30,32" m="17439,46154" machi="16" ten="30,8000,1" yaku="34,2,52,2,54,1" doraHai="3" who="2" fromWho="2" sc="557,-20,260,-40,96,90,77,-20" /><INIT seed="6,0,0,4,3,17" ten="537,220,186,57" oya="2" hai0="89,129,6,134,100,45,109,21,54,31,40,88,72" hai1="119,53,60,66,5,27,20,34,131,96,75,83,74" hai2="65,80,35,126,91,33,10,48,87,108,118,11,102" hai3="50,13,0,19,110,111,103,42,124,70,107,26,127"/><V112/><F118/><W116/><G70/><T115/><D109/><N who="3" m="41481" /><G107/><T59/><D72/><U24/><E131/><V4/><F126/><N who="3" m="48171" /><G103/><T121/><D129/><U113/><E113/><V69/><F112/><W135/><G42/><T43/><D115/><U25/><E119/><V84/><F102/><W52/><G0/><T41/><D6/><U16/><E34/><V49/><F108/><W29/><G116/><T30/><D121/><U77/><E5/><V58/><F69/><W125/><N who="3" m="48179" /><W79/><DORA hai="120" /><G79/><T105/><D134/><U1/><E1/><V82/><F91/><N who="0" m="34890" /><D100/><U104/><E75/><V106/><F106/><W123/><G123/><T55/><D105/><U101/><E53/><N who="0" m="19977" /><D59/><AGARI ba="0,0" hai="16,20,24,25,27,59,60,66,74,77,83,96,101,104" machi="59" ten="30,3900,0" yaku="7,1,52,1,54,1" doraHai="17,120" who="1" fromWho="0" sc="537,-39,220,39,186,0,57,0" /><INIT seed="7,0,0,4,0,79" ten="498,259,186,57" oya="3" hai0="24,9,37,104,48,19,92,103,6,112,3,63,83" hai1="122,80,102,21,89,108,29,30,70,86,123,13,54" hai2="67,31,53,81,10,114,121,4,38,131,34,113,44" hai3="88,128,5,14,39,17,134,110,129,118,109,45,16"/><W59/><G118/><T95/><D37/><U41/><E108/><N who="3" m="41578" /><G59/><T87/><D112/><U65/><E41/><V119/><F119/><W42/><G134/><T33/><D103/><U111/><E111/><V76/><F131/><N who="3" m="50251" /><G5/><T64/><D104/><U25/><E102/><V49/><F121/><W40/><G40/><T22/><D33/><U20/><E54/><V72/><F67/><W11/><G17/><T71/><D48/><U74/><E74/><V132/><F132/><W91/><AGARI ba="0,0" hai="11,14,16,39,42,45,88,91" m="50251,41578" machi="91" ten="40,12000,1" yaku="10,1,19,1,54,2" doraHai="79" who="3" fromWho="3" sc="498,-40,259,-40,186,-40,57,120" /><INIT seed="7,1,0,2,3,23" ten="458,219,146,177" oya="3" hai0="59,19,89,75,17,107,8,90,79,64,117,125,68" hai1="105,130,124,69,134,81,111,73,36,85,31,101,18" hai2="66,60,103,126,47,35,116,33,46,74,24,3,27" hai3="92,129,97,51,56,98,104,25,61,65,28,10,53"/><W84/><G129/><T7/><D68/><U2/><E18/><V13/><F3/><W14/><G104/><T52/><D107/><U5/><E31/><V94/><F74/><W54/><G84/><T88/><D117/><U119/><E5/><V41/><F116/><W96/><G92/><T72/><D125/><U45/><E101/><V118/><F118/><W102/><G102/><T123/><D64/><U49/><E49/><V80/><F80/><W9/><G54/><T42/><D42/><U15/><E15/><V22/><F126/><W122/><G122/><T93/><D123/><U21/><E21/><V57/><F35/><W58/><REACH who="3" step="1"/><G14/><REACH who="3" ten="458,219,146,167" step="2"/><T70/><D93/><U128/><E85/><V37/><F13/><W76/><G76/><T71/><D79/><U113/><E81/><V106/><F106/><W99/><N who="3" m="24576" /><DORA hai="34" /><W48/><G48/><T86/><D75/><U29/><E45/><V67/><F47/><W135/><G135/><T43/><D72/><U4/><E4/><V91/><F103/><W0/><G0/><T40/><D86/><U11/><E128/><V114/><F94/><W132/><G132/><T63/><D90/><U127/><E124/><V131/><F131/><W83/><G83/><T133/><D89/><U26/><E127/><V12/><F91/><W121/><G121/><T32/><D88/><U1/><E130/><V115/><F12/><W82/><G82/><T108/><D133/><U112/><E134/><V62/><F33/><AGARI ba="1,1" hai="9,10,25,28,33,51,53,56,58,61,65" m="24576" machi="33" ten="50,4800,0" yaku="1,1,52,1,53,0" doraHai="23,34" doraHaiUra="100,87" who="3" fromWho="2" sc="458,0,219,0,146,-51,167,61" /><INIT seed="7,2,0,0,4,100" ten="458,219,95,228" oya="3" hai0="79,36,106,63,78,105,22,62,129,133,83,131,134" hai1="5,9,1,61,59,48,77,127,107,0,38,19,94" hai2="34,88,25,35,87,52,116,26,102,115,17,44,6" hai3="50,89,128,32,75,30,28,66,39,124,103,112,135"/><W67/><BYE who="0" /><G39/><T69/><D69/><U12/><E107/><V122/><F116/><W126/><G75/><T98/><D98/><U33/><E33/><V73/><F73/><W99/><G112/><T8/><D8/><U14/><E38/><V56/><F115/><W7/><G135/><T113/><D113/><U65/><E127/><N who="3" m="48682" /><G128/><T74/><D74/><U117/><E117/><V16/><F102/><W114/><G114/><T45/><D45/><U80/><E94/><V84/><F44/><W119/><G119/><T72/><D72/><U90/><E90/><V104/><F6/><W101/><G7/><T54/><D54/><U64/><E64/><N who="3" m="24618" /><G50/><T47/><D47/><U23/><E48/><V132/><F132/><W29/><G32/><T86/><D86/><AGARI ba="2,0" hai="0,1,5,9,12,14,19,23,59,61,65,77,80,86" machi="86" ten="30,1000,0" yaku="7,1" doraHai="100" who="1" fromWho="0" sc="458,-16,219,16,95,0,228,0" owari="442,53.0,235,4.0,95,-40.0,228,-17.0" /></mjloggm>