<mjloggm ver="2.3"><GO type="41" lobby="0"/><UN n0="%E2%93%9D%53%75%70%68%78" n1="%E5%8D%83%E8%8D%89%E5%8F%B0" n2="%E3%83%88%E3%83%A2%E3%83%AD%E3%83%BC%35%38" n3="%E3%81%AF%E3%82%80%E3%81%97" dan="18,15,13,15" rate="2079.32,2018.66,1895.19,2051.41" sx="M,M,M,M"/><TAIKYOKU oya="0"/><INIT seed="0,0,0,2,3,52" ten="250,250,250,250" oya="0" hai0="93,10,124,41,91,58,33,109,108,17,30,85,95" hai1="18,67,127,121,69,45,84,51,96,126,35,55,79" hai2="72,56,114,43,86,73,76,53,97,107,46,26,112" hai3="88,65,3,117,57,32,6,81,118,111,133,13,21"/><T132/><D132/><U101/><E121/><V128/><F128/><W22/><G111/><N who="0" m="42571" /><D41/><U49/><E35/><V2/><F2/><W75/><G133/><T63/><D124/><U8/><E69/><V27/><F112/><W24/><G32/><T105/><D105/><U77/><E67/><V115/><F73/><W134/><G134/><T38/><D38/><U66/><E66/><V12/><F72/><W39/><G39/><T64/><D33/><U70/><E70/><V62/><F12/><W71/><G71/><T74/><D74/><U5/><E51/><V29/><F26/><W19/><G3/><T129/><D30/><U31/><E31/><V99/><F99/><W103/><G103/><T90/><D129/><U106/><E18/><V78/><F78/><W94/><G81/><N who="0" m="49455" /><D91/><U40/><E40/><V80/><F107/><W11/><G75/><T131/><D131/><U15/><E84/><V59/><F97/><W123/><G123/><T14/><AGARI ba="0,0" hai="10,14,17,58,63,64,93,95" m="49455,42571" machi="14" ten="30,6000,0" yaku="14,1,10,1,52,1" doraHai="52" who="0" fromWho="0" sc="250,60,250,-20,250,-20,250,-20" /><INIT seed="0,1,0,5,5,70" ten="310,230,230,230" oya="0" hai0="125,122,102,13,33,119,108,91,80,0,134,7,104" hai1="15,129,56,130,109,73,58,35,38,113,101,86,69" hai2="65,89,79,12,20,105,114,98,26,99,25,46,45" hai3="23,82,67,1,121,68,116,115,95,59,72,85,123"/><T44/><D119/><U93/><E69/><V133/><F105/><W22/><G116/><T28/><D122/><N who="3" m="46601" /><G115/><T66/><D125/><U103/><E113/><V97/><F114/><W31/><G1/><T127/><D134/><U75/><E35/><V16/><F79/><N who="3" m="44391" /><G68/><T19/><D108/><U112/><E112/><V111/><F111/><W96/><G85/><T48/><D127/><U17/><E109/><V29/><F65/><W52/><G31/><T50/><D0/><U74/><E86/><V55/><F133/><W118/><G67/><T81/><D28/><U40/><E93/><V30/><F55/><W53/><G53/><T90/><D66/><U83/><E83/><V78/><F78/><W61/><G118/><T5/><D33/><U132/><E132/><V37/><F37/><W9/><G9/><T14/><D104/><U43/><E75/><V106/><F106/><W24/><G24/><N who="2" m="9321" /><F89/><AGARI ba="1,0" hai="22,23,52,59,61,89,95,96" m="44391,46601" machi="89" ten="30,2000,0" yaku="13,1,54,1" doraHai="70" who="3" fromWho="2" sc="310,0,230,0,230,-23,230,23" /><INIT seed="1,0,0,1,1,134" ten="310,230,207,253" oya="1" hai0="123,75,52,14,48,80,57,101,50,132,110,84,121" hai1="23,35,103,124,135,7,9,5,112,31,77,26,49" hai2="56,39,46,106,22,44,92,130,42,111,16,88,12" hai3="13,90,64,27,122,2,8,100,120,107,34,129,58"/><U36/><E36/><V55/><F106/><W32/><G2/><T131/><D110/><U72/><E135/><V116/><F111/><W63/><G129/><T45/><D132/><U33/><E103/><V78/><F130/><W61/><G107/><T117/><D131/><U11/><E72/><V87/><F116/><W94/><G100/><T20/><D75/><U0/><E77/><V24/><F44/><W1/><G1/><T126/><D126/><U128/><E128/><V40/><F78/><W67/><G27/><T79/><D117/><U85/><E85/><V18/><F46/><W21/><G21/><T73/><D101/><U28/><E49/><V54/><F54/><W82/><G82/><T118/><D73/><U119/><E119/><V43/><F39/><W10/><G10/><T86/><D86/><U91/><E91/><V102/><F102/><W15/><G15/><T65/><D118/><U62/><E62/><V76/><F76/><W4/><G120/><T109/><D109/><U74/><E74/><V19/><F24/><W93/><G93/><T29/><D123/><U133/><E133/><V96/><F96/><W125/><G125/><T6/><D121/><U66/><E66/><V115/><F115/><W70/><REACH who="3" step="1"/><G122/><REACH who="3" ten="310,230,207,243" step="2"/><T97/><D80/><U108/><E108/><V37/><F37/><W3/><G3/><T114/><D14/><N who="1" m="5423" /><E112/><V68/><F68/><W127/><G127/><T47/><D114/><U38/><E38/><V89/><F89/><W104/><G104/><T17/><D79/><U99/><E124/><V51/><AGARI ba="0,1" hai="12,16,18,19,22,40,42,43,51,55,56,87,88,92" machi="51" ten="30,12000,2" yaku="0,1,25,2,8,1,54,2" doraHai="134" who="2" fromWho="2" sc="310,-30,230,-60,207,130,243,-30" /><INIT seed="2,0,0,0,4,110" ten="280,170,337,213" oya="2" hai0="70,20,29,111,62,30,120,130,1,108,132,6,13" hai1="92,82,64,42,128,78,9,71,39,97,50,14,125" hai2="43,8,95,59,91,116,126,96,40,25,127,41,86" hai3="89,0,101,34,87,47,60,16,107,26,74,48,51"/><V11/><F116/><W124/><G74/><T113/><D62/><U17/><E125/><V24/><F96/><W103/><G124/><N who="2" m="47657" /><F59/><W66/><G0/><T28/><D70/><U122/><E128/><V76/><F76/><W53/><G107/><T93/><D93/><U79/><E122/><V2/><F2/><W49/><G101/><T22/><D132/><U58/><E71/><V56/><F56/><W52/><G103/><T72/><D72/><U68/><E68/><V83/><F83/><W129/><G129/><T84/><D84/><U23/><E39/><V5/><F5/><W99/><G99/><T100/><D100/><U57/><E82/><V134/><F134/><W36/><G36/><T98/><D98/><U10/><E58/><V77/><F77/><W21/><G34/><T46/><D120/><U114/><E114/><V119/><F119/><W27/><G27/><AGARI ba="0,0" hai="8,11,24,25,27,40,41,43,86,91,95" m="47657" machi="27" ten="30,1500,0" yaku="18,1" doraHai="110" who="2" fromWho="3" sc="280,0,170,0,337,15,213,-15" /><INIT seed="2,1,0,5,5,52" ten="280,170,352,198" oya="2" hai0="39,104,49,111,72,58,83,17,116,54,105,117,36" hai1="67,51,135,110,93,103,75,63,38,107,22,106,56" hai2="62,14,64,20,118,100,88,123,91,4,12,133,35" hai3="70,8,31,128,96,129,61,78,127,134,3,13,29"/><V60/><F123/><W77/><G3/><T121/><D121/><U41/><E75/><V102/><F35/><W114/><G114/><T40/><D17/><U32/><E32/><V125/><F125/><W23/><G127/><T59/><D111/><U19/><E110/><V47/><F133/><W131/><G134/><T82/><D40/><U37/><E135/><V81/><F47/><W71/><G96/><T33/><D33/><U92/><E37/><V69/><F60/><W74/><G74/><T99/><D99/><U21/><E38/><V68/><F68/><N who="3" m="26155" /><G61/><T26/><D26/><U7/><E7/><V73/><F118/><W98/><G98/><T94/><D72/><U0/><E0/><V126/><F14/><W2/><G2/><T122/><D122/><U79/><E79/><N who="3" m="30218" /><G23/><T30/><D117/><U24/><E22/><V80/><F73/><W89/><G89/><N who="2" m="34377" /><F126/><W113/><G113/><T25/><D116/><U108/><E108/><V55/><F69/><W95/><G95/><T90/><D94/><U115/><E92/><V1/><F1/><W15/><G8/><T85/><D105/><U57/><E115/><V34/><F34/><W18/><G18/><T86/><D104/><U132/><E107/><V45/><F64/><W119/><G119/><T76/><D39/><U120/><E132/><V5/><F20/><W66/><G66/><T9/><D36/><U16/><E106/><V46/><F12/><AGARI ba="1,0" hai="12,13,15,29,31,128,129,131" m="30218,26155" machi="12" ten="40,5200,0" yaku="28,2,19,1" doraHai="52" who="3" fromWho="2" sc="280,0,170,0,352,-55,198,55" /><INIT seed="3,0,0,3,2,45" ten="280,170,297,253" oya="3" hai0="8,115,127,75,34,102,105,15,103,22,25,123,0" hai1="92,18,57,72,50,111,4,117,1,21,114,133,91" hai2="98,79,51,130,124,134,120,67,93,43,80,59,41" hai3="6,89,55,14,131,20,54,90,3,53,135,82,2"/><W66/><G131/><T101/><D123/><U99/><E117/><V27/><F130/><W58/><G135/><T52/><D75/><U126/><E133/><V33/><F120/><W44/><G44/><T10/><D127/><U74/><E126/><V76/><F124/><W30/><G30/><T61/><D34/><U119/><E114/><V39/><F39/><W85/><G89/><T132/><D0/><U71/><E71/><V128/><F128/><W31/><G31/><T42/><D105/><U7/><E119/><V81/><F27/><W9/><REACH who="3" step="1"/><G20/><REACH who="3" ten="280,170,297,243" step="2"/><T129/><D129/><U13/><E111/><V46/><F33/><W104/><G104/><T125/><D125/><U63/><E1/><V24/><F134/><W86/><G86/><T95/><D132/><U60/><E72/><V73/><F24/><W40/><G40/><T36/><D42/><U16/><E74/><V19/><F41/><W17/><G17/><T77/><D25/><N who="1" m="14503" /><E7/><V26/><F26/><W107/><G107/><T5/><D5/><U37/><E4/><V116/><F19/><W112/><G112/><T70/><D115/><U56/><E37/><V118/><F116/><W88/><G88/><T68/><D36/><U48/><E18/><V113/><F113/><W65/><G65/><T49/><D22/><U64/><E13/><V84/><F118/><W38/><G38/><T110/><D15/><U87/><E87/><V12/><F12/><W94/><G94/><T100/><D95/><U47/><E47/><V28/><F67/><AGARI ba="0,1" hai="48,50,56,57,60,63,64,67,91,92,99" m="14503" machi="67" ten="30,7700,0" yaku="8,1,52,2,54,1" doraHai="45" who="1" fromWho="2" sc="280,0,170,87,297,-77,243,0" /><INIT seed="4,0,0,5,4,53" ten="280,257,220,243" oya="0" hai0="61,32,110,106,75,51,19,6,4,108,21,103,1" hai1="45,91,69,52,70,56,58,130,113,37,85,114,93" hai2="115,111,47,18,5,46,42,34,122,107,44,73,92" hai3="10,120,62,15,86,81,29,105,112,117,135,27,119"/><T48/><D32/><U20/><E130/><V65/><F107/><W26/><G112/><N who="1" m="43114" /><E20/><V67/><F73/><W133/><G105/><T43/><D75/><U84/><E84/><V80/><F34/><W87/><G120/><T131/><D131/><U127/><E127/><V38/><F122/><W132/><G62/><T28/><D28/><U74/><E74/><V121/><F111/><N who="0" m="42538" /><D43/><N who="1" m="22767" /><E58/><V54/><F115/><W66/><G66/><T82/><D82/><U102/><E102/><V0/><F80/><W60/><G60/><AGARI ba="0,0" hai="52,56,60,69,70,85,91,93" m="22767,43114" machi="60" ten="30,7700,0" yaku="15,1,11,1,52,1,54,1" doraHai="53" who="1" fromWho="3" sc="280,0,257,77,220,0,243,-77" /><INIT seed="5,0,0,5,5,12" ten="280,334,220,166" oya="1" hai0="47,58,32,26,120,65,28,59,14,23,121,3,30" hai1="129,102,80,114,68,83,2,130,4,118,100,134,98" hai2="96,16,67,97,36,7,115,1,31,95,104,128,57" hai3="43,56,39,38,49,117,109,74,94,64,79,20,44"/><U103/><E68/><V22/><F36/><W87/><G117/><T6/><D47/><U76/><E2/><V71/><F71/><W70/><G109/><T106/><D106/><U101/><E4/><V133/><F104/><W85/><G74/><T21/><D65/><U60/><E60/><V18/><F128/><N who="1" m="49257" /><E118/><V48/><F1/><W84/><G79/><T51/><D51/><U42/><E42/><V40/><F7/><W66/><G70/><T53/><D53/><U25/><E25/><N who="2" m="16823" /><F133/><W52/><G39/><T119/><D119/><U91/><E134/><V107/><F107/><W11/><G11/><N who="0" m="2527" /><D30/><U113/><E91/><N who="2" m="55423" /><F97/><W24/><REACH who="3" step="1"/><G94/><REACH who="3" ten="280,334,220,156" step="2"/><T73/><D73/><N who="1" m="43023" /><E83/><V116/><F116/><W86/><N who="3" m="21504" /><DORA hai="10" /><W63/><G63/><T131/><D131/><U126/><E126/><V82/><F115/><W55/><G55/><T132/><D132/><U37/><E37/><V15/><F82/><W41/><G41/><T29/><D121/><U135/><E135/><V17/><F40/><W0/><G0/><T13/><D120/><U27/><E114/><V99/><F99/><W46/><G46/><T122/><D122/><U50/><E113/><V77/><F77/><W45/><G45/><T33/><D59/><U62/><E62/><N who="2" m="38351" /><F48/><W5/><G5/><T54/><D58/><U78/><E50/><V75/><F75/><W108/><G108/><T35/><D54/><U123/><E123/><V88/><F88/><W89/><G89/><T125/><D125/><U105/><E78/><V34/><F34/><W81/><G81/><T92/><D92/><U90/><E90/><RYUUKYOKU ba="0,1" sc="280,0,334,0,220,0,156,0" hai0="13,14,21,23,26,28,29,32,33,35" hai1="27,98,100,101,102,103,105" hai2="15,16,17,18" hai3="20,24,38,43,44,49,52,56,64,66" /><INIT seed="5,1,1,0,4,134" ten="280,334,220,156" oya="1" hai0="126,40,22,119,100,72,54,85,63,117,104,60,114" hai1="10,92,37,127,110,20,66,76,123,56,96,95,46" hai2="133,65,44,62,12,77,71,21,135,88,45,107,35" hai3="87,78,83,93,94,17,33,86,128,42,97,99,109"/><U105/><E123/><V15/><F35/><W59/><G33/><T30/><D72/><U27/><E110/><V67/><F107/><W116/><G109/><T13/><D40/><U14/><E76/><V124/><F77/><W101/><G42/><T115/><D85/><U55/><E105/><V38/><F38/><W31/><G31/><T0/><D0/><U50/><E127/><V9/><F21/><W102/><G128/><T61/><D126/><U132/><E132/><N who="2" m="50763" /><F67/><W57/><G116/><T89/><D89/><U28/><E37/><V106/><F106/><W74/><G74/><T81/><D81/><U52/><E66/><V26/><F26/><W48/><G48/><T3/><D119/><U2/><E2/><V24/><F24/><W75/><G75/><T108/><D3/><U53/><E46/><N who="2" m="18027" /><F124/><W32/><G32/><T6/><D108/><U118/><E118/><V130/><F130/><W5/><G5/><T43/><D6/><N who="1" m="3415" /><E95/><V19/><F12/><W113/><G113/><T82/><D13/><U73/><E73/><V103/><F103/><AGARI ba="1,1" hai="20,27,28,50,52,53,55,56,92,96,103" m="3415" machi="103" ten="30,2900,0" yaku="8,1,54,1" doraHai="134" who="1" fromWho="2" sc="280,0,334,42,220,-32,156,0" /><INIT seed="5,2,0,0,5,47" ten="280,376,188,156" oya="1" hai0="44,8,43,54,87,31,34,99,69,6,116,26,9" hai1="112,13,18,2,129,52,30,33,74,77,134,103,110" hai2="108,1,35,125,0,50,96,10,122,56,36,60,117" hai3="41,85,93,86,37,126,124,73,21,22,127,3,89"/><U88/><E103/><V102/><F36/><W104/><G104/><T133/><D116/><U115/><E2/><V131/><F108/><W63/><G73/><T109/><D69/><U29/><E110/><V11/><F122/><W72/><G72/><T70/><D70/><U38/><E38/><V24/><F117/><W91/><G3/><T66/><D66/><U119/><E119/><V58/><F125/><W40/><G63/><T27/><D133/><U23/><E33/><V39/><F39/><W101/><G101/><T111/><D9/><U25/><E134/><V80/><F0/><W4/><G4/><T61/><D27/><U45/><E129/><V90/><F131/><W98/><G98/><T83/><D99/><U12/><E77/><V105/><F1/><W120/><G120/><T81/><D81/><U135/><E74/><V55/><F90/><W20/><REACH who="3" step="1"/><G37/><REACH who="3" ten="280,376,188,146" step="2"/><T53/><D111/><U128/><E135/><V5/><F5/><W59/><G59/><T94/><D6/><U28/><E128/><V46/><F80/><AGARI ba="2,1" hai="20,21,22,40,41,80,85,86,89,91,93,124,126,127" machi="80" ten="50,3200,0" yaku="1,1,18,1,53,0" doraHai="47" doraHaiUra="95" who="3" fromWho="2" sc="280,0,376,0,188,-38,146,48" /><INIT seed="6,0,0,5,4,7" ten="280,376,150,194" oya="2" hai0="93,122,86,74,14,90,47,77,29,132,82,128,135" hai1="8,83,72,101,31,44,119,12,32,115,65,109,45" hai2="9,103,94,79,5,116,87,46,22,131,111,114,21" hai3="85,28,54,91,124,52,106,84,39,55,97,27,105"/><V127/><F116/><W63/><G124/><T121/><D29/><U43/><E119/><V19/><F127/><W112/><G112/><T23/><D47/><U62/><E45/><V129/><F114/><W25/><G39/><T34/><D34/><U134/><E115/><V78/><F111/><W4/><G4/><T104/><D23/><U125/><E125/><V73/><F73/><W120/><G120/><N who="0" m="46187" /><D14/><U113/><E113/><V75/><F75/><W58/><G25/><T36/><D36/><U88/><E31/><V2/><F46/><W95/><G85/><T16/><D16/><U38/><E72/><V61/><F61/><W40/><G40/><T49/><D49/><U69/><E109/><V60/><F60/><W33/><REACH who="3" step="1"/><G84/><REACH who="3" ten="280,376,150,184" step="2"/><T70/><D86/><N who="1" m="50271" /><E38/><V53/><F87/><W102/><G102/><T10/><D74/><U118/><E101/><V42/><F42/><W126/><G126/><T18/><D90/><U50/><E118/><V66/><F66/><AGARI ba="0,1" hai="27,28,33,52,54,55,58,63,66,91,95,97,105,106" machi="66" ten="40,2600,0" yaku="1,1,54,1,53,0" doraHai="7" doraHaiUra="76" who="3" fromWho="2" sc="280,0,376,0,150,-26,184,36" /><INIT seed="7,0,0,5,4,20" ten="280,376,124,220" oya="3" hai0="109,42,11,80,125,118,25,123,119,66,64,47,79" hai1="72,39,128,77,101,85,122,5,16,45,117,51,35" hai2="40,37,1,98,43,7,111,99,107,22,110,24,88" hai3="126,4,14,46,127,87,70,60,21,53,100,2,23"/><W9/><G100/><T41/><D109/><U17/><E35/><V78/><F78/><W49/><G87/><T105/><D123/><U83/><E39/><V13/><F1/><W131/><G131/><T10/><D105/><U71/><E71/><V94/><F37/><W108/><G108/><T29/><D125/><N who="3" m="47625" /><G2/><T82/><D47/><U129/><E122/><V133/><F133/><W30/><G30/><T93/><D29/><U62/><E117/><V65/><F65/><AGARI ba="0,0" hai="4,9,14,21,23,46,49,53,60,65,70" m="47625" machi="65" ten="30,1500,0" yaku="18,1" doraHai="20" who="3" fromWho="2" sc="280,0,376,0,124,-15,220,15" /><INIT seed="7,1,0,3,2,32" ten="280,376,109,235" oya="3" hai0="43,109,60,87,97,88,49,31,5,77,116,16,56" hai1="129,19,22,94,119,3,112,72,50,99,90,33,45" hai2="96,11,111,69,131,125,133,124,95,40,100,108,103" hai3="74,0,68,48,47,132,42,134,104,61,65,18,73"/><W120/><G120/><T10/><D116/><U101/><E72/><V58/><F69/><W21/><G104/><T30/><D109/><U81/><E119/><V91/><F40/><W135/><REACH who="3" step="1"/><G0/><REACH who="3" ten="280,376,109,225" step="2"/><T44/><D77/><U67/><E3/><V26/><F26/><AGARI ba="1,1" hai="18,21,26,42,47,48,61,65,68,73,74,132,134,135" machi="26" ten="40,12000,1" yaku="1,1,2,1,20,1,53,2" doraHai="32" doraHaiUra="106" who="3" fromWho="2" sc="280,0,376,0,109,-123,225,133" owari="280,-12.0,376,47.0,-14,-51.0,358,16.0" /></mjloggm>