<mjloggm ver="2.3"><GO type="41" lobby="0"/><UN n0="%E2%93%9D%53%75%70%68%78" n1="%E3%81%94%E3%81%A3%E3%81%A1%E3%82%83%E3%82%93%40" n2="%E9%BB%92%E9%9B%BB%E8%A9%B1" n3="%E3%81%BE%E3%81%A4%E3%81%9F%E3%82%8D%E3%81%86" dan="18,13,15,15" rate="2139.04,1883.15,2085.55,2023.50" sx="M,M,M,M"/><TAIKYOKU oya="0"/><INIT seed="0,0,0,5,5,79" ten="250,250,250,250" oya="0" hai0="89,19,118,85,97,23,16,91,115,75,93,47,96" hai1="32,33,131,15,59,117,101,129,130,8,5,102,24" hai2="123,103,27,57,71,110,7,0,125,30,73,111,107" hai3="86,76,3,21,55,134,68,105,38,10,128,9,99"/><T108/><D115/><U11/><E59/><V124/><F57/><W50/><G68/><T44/><D118/><U60/><E60/><V133/><F103/><W100/><G38/><T84/><D75/><U58/><E58/><V132/><F71/><W74/><G134/><N who="2" m="51817" /><F107/><W72/><G128/><T28/><D28/><N who="1" m="19463" /><E102/><V29/><F73/><W70/><G70/><T43/><D108/><N who="2" m="41514" /><F123/><W26/><G86/><T51/><D47/><U92/><E92/><V54/><F54/><W41/><G41/><T18/><REACH who="0" step="1"/><D23/><REACH who="0" ten="240,250,250,250" step="2"/><U39/><E117/><V4/><F29/><W122/><G122/><T113/><D113/><U82/><E131/><V64/><F64/><W78/><G74/><T62/><D62/><U34/><E130/><V88/><F0/><W53/><G3/><T83/><AGARI ba="0,1" hai="16,18,19,43,44,51,83,84,85,89,91,93,96,97" machi="83" ten="30,12000,1" yaku="1,1,0,1,8,1,52,1,54,1,53,0" doraHai="79" doraHaiUra="65" who="0" fromWho="0" sc="240,130,250,-40,250,-40,250,-40" /><INIT seed="0,1,0,3,4,96" ten="370,210,210,210" oya="0" hai0="70,38,10,9,89,2,105,12,67,21,107,14,98" hai1="90,121,24,88,44,52,69,92,113,78,111,79,122" hai2="45,103,124,43,116,13,35,135,54,128,99,101,47" hai3="39,117,134,0,19,60,25,109,11,85,129,104,41"/><T49/><D2/><U94/><E69/><V50/><F124/><W108/><G104/><T86/><D38/><U120/><E24/><V5/><F128/><W64/><G117/><T33/><D33/><U125/><E44/><V71/><F71/><W42/><G129/><T31/><D67/><U8/><E8/><V15/><F135/><W132/><G85/><T46/><D70/><U97/><E52/><V34/><F116/><W23/><G0/><T77/><D77/><N who="1" m="29195" /><E125/><V72/><F72/><W57/><G11/><T26/><D98/><N who="1" m="57607" /><E111/><N who="3" m="42570" /><G39/><T68/><D68/><U66/><E66/><V133/><F133/><AGARI ba="1,0" hai="19,23,25,41,42,57,60,64,132,133,134" m="42570" machi="133" ten="30,2000,0" yaku="20,1,14,1" doraHai="96" who="3" fromWho="2" sc="370,0,210,0,210,-23,210,23" /><INIT seed="1,0,0,5,2,42" ten="370,210,187,233" oya="1" hai0="76,114,103,35,79,2,11,100,129,41,133,134,67" hai1="72,32,34,6,50,121,10,20,47,135,9,102,96" hai2="5,83,49,111,95,27,124,33,0,123,31,25,58" hai3="77,60,28,120,22,116,91,92,26,12,126,38,17"/><U21/><E121/><V7/><F123/><W115/><G126/><T23/><D114/><U13/><E72/><V87/><F111/><W48/><G120/><T1/><D41/><U63/><E135/><N who="0" m="51721" /><D35/><U65/><E10/><V104/><F104/><W61/><G38/><T74/><D129/><U43/><E34/><V80/><F124/><W85/><G116/><T97/><D67/><U57/><REACH who="1" step="1"/><E32/><REACH who="1" ten="370,200,187,233" step="2"/><V106/><F33/><W75/><G75/><T73/><D11/><U107/><AGARI ba="0,1" hai="6,9,13,20,21,43,47,50,57,63,65,96,102,107" machi="107" ten="20,12000,1" yaku="1,1,2,1,0,1,7,1,52,1,53,0" doraHai="42" doraHaiUra="84" who="1" fromWho="1" sc="370,-40,200,130,187,-40,233,-40" /><INIT seed="1,1,0,3,2,134" ten="330,330,147,193" oya="1" hai0="21,99,110,52,135,48,92,40,23,11,76,51,104" hai1="8,47,44,131,122,75,79,71,85,121,128,132,93" hai2="84,17,81,49,6,78,105,120,58,20,101,114,35" hai3="55,1,68,39,37,74,123,119,91,42,96,26,77"/><U3/><E71/><V129/><F120/><W46/><G1/><T87/><D110/><U59/><E75/><V15/><F129/><N who="1" m="49737" /><E132/><V133/><F114/><W118/><G26/><T2/><D104/><U127/><E59/><V24/><F133/><W112/><G77/><T70/><D70/><U66/><E66/><V103/><F105/><W130/><G74/><T69/><D69/><U67/><E67/><V53/><F35/><W100/><G68/><T95/><D2/><U13/><E3/><V5/><REACH who="2" step="1"/><F24/><REACH who="2" ten="330,330,137,193" step="2"/><W57/><G112/><T12/><D135/><U86/><E122/><V98/><F98/><W33/><G123/><T10/><D99/><U113/><E121/><V116/><F116/><W64/><G33/><T0/><D0/><U106/><E106/><V14/><F14/><W7/><G119/><T89/><D12/><U45/><E113/><V107/><F107/><W111/><G118/><T16/><D95/><U82/><E93/><V60/><F60/><W22/><G96/><T25/><D92/><U73/><E13/><V124/><F124/><W56/><G130/><T18/><D25/><U108/><E108/><V65/><F65/><W34/><G111/><T117/><D117/><U126/><E8/><V83/><F83/><W63/><G64/><T50/><D11/><U102/><E102/><AGARI ba="1,1" hai="5,6,15,17,20,49,53,58,78,81,84,101,102,103" machi="102" ten="40,2600,0" yaku="1,1,8,1,53,0" doraHai="134" doraHaiUra="38" who="2" fromWho="1" sc="330,0,330,-29,137,39,193,0" /><INIT seed="2,0,0,1,3,65" ten="330,301,176,193" oya="2" hai0="15,132,50,74,126,72,103,51,7,100,97,82,89" hai1="3,44,107,118,124,99,41,60,22,91,68,29,80" hai2="120,58,9,61,122,88,54,36,83,84,114,55,96" hai3="13,67,14,127,77,73,128,25,116,32,123,33,87"/><V8/><F36/><W94/><G73/><T52/><D132/><U134/><E3/><V56/><F114/><W21/><G116/><T131/><D131/><U104/><E118/><V98/><F120/><W70/><G123/><T2/><D2/><U38/><E124/><V46/><F122/><W102/><G128/><T1/><D1/><U63/><E63/><V135/><F135/><W4/><G127/><T117/><D51/><U6/><E6/><V75/><F46/><W113/><G113/><T0/><D103/><U81/><E81/><V111/><F111/><W121/><G121/><T53/><D53/><U5/><E5/><V93/><F75/><W71/><G67/><T26/><D0/><U92/><E80/><V108/><F98/><W34/><G102/><T40/><D40/><U31/><E31/><V43/><F43/><W125/><G125/><T76/><D74/><U115/><E115/><V23/><F23/><W90/><G77/><T79/><D117/><U106/><E60/><N who="2" m="35863" /><F108/><W78/><G78/><AGARI ba="0,0" hai="8,9,55,58,61,78,83,84,88,93,96" m="35863" machi="78" ten="30,2900,0" yaku="8,1,54,1" doraHai="65" who="2" fromWho="3" sc="330,0,301,0,176,29,193,-29" /><INIT seed="2,1,0,3,3,122" ten="330,301,205,164" oya="2" hai0="84,50,40,59,97,124,10,104,57,28,120,127,34" hai1="88,20,107,133,93,53,27,47,61,15,46,113,119" hai2="49,30,110,2,6,65,66,36,45,118,105,4,25" hai3="87,129,0,75,56,26,128,126,83,134,32,80,22"/><V41/><F118/><W78/><G32/><T29/><D120/><U73/><E113/><V17/><F105/><W55/><G0/><T71/><D71/><U125/><E73/><V90/><F110/><W132/><G126/><N who="0" m="48171" /><D84/><U43/><E125/><V89/><F36/><W115/><G115/><T9/><D40/><U135/><E107/><V100/><F100/><W106/><G106/><T69/><D69/><U52/><E15/><V95/><F17/><W123/><G123/><T63/><D50/><N who="1" m="26975" /><E47/><V21/><F89/><N who="3" m="51431" /><G56/><N who="0" m="21579" /><D63/><U81/><E61/><V91/><F91/><W33/><G55/><T111/><D111/><U60/><E60/><V130/><F130/><N who="3" m="50283" /><G33/><T44/><D44/><U101/><E119/><V42/><F42/><W96/><G96/><T48/><D34/><U79/><E101/><V58/><F2/><W121/><G121/><T112/><D112/><U98/><E79/><V86/><REACH who="2" step="1"/><F58/><REACH who="2" ten="330,301,195,164" step="2"/><W131/><N who="3" m="50291" /><W72/><DORA hai="103" /><G72/><T37/><D37/><U38/><E38/><V67/><AGARI ba="1,1" hai="4,6,21,25,30,41,45,49,65,66,67,86,90,95" machi="67" ten="30,11700,0" yaku="1,1,0,1,8,1,53,1" doraHai="122,103" doraHaiUra="18,117" who="2" fromWho="2" sc="330,-40,301,-40,195,130,164,-40" /><INIT seed="2,2,0,4,3,73" ten="290,261,325,124" oya="2" hai0="119,114,101,125,91,12,27,42,62,109,72,58,21" hai1="9,121,94,13,123,18,23,50,35,30,53,95,128" hai2="8,124,52,17,132,131,25,61,6,63,116,55,104" hai3="85,32,108,45,100,33,75,115,26,84,82,24,130"/><V93/><F116/><W0/><G115/><T76/><D109/><U66/><E128/><V96/><F131/><W7/><G130/><T71/><D71/><U74/><E35/><V117/><F117/><W118/><G118/><T80/><D125/><U120/><E66/><V37/><F37/><W122/><G122/><T134/><D134/><U83/><E30/><V105/><F132/><W11/><G108/><T129/><D101/><U19/><E74/><V49/><F124/><W97/><G33/><T60/><D42/><U2/><E83/><V3/><F104/><W79/><G32/><T22/><D62/><U28/><E28/><V16/><F105/><W69/><G69/><T10/><D114/><U99/><E99/><V29/><F61/><W102/><G102/><T48/><D48/><U54/><E53/><V68/><F55/><W44/><G44/><T107/><D107/><U113/><E113/><V56/><F29/><W127/><G127/><T14/><D129/><U64/><E64/><V43/><F25/><W4/><G4/><T111/><D27/><N who="1" m="14839" /><E2/><V40/><F40/><W88/><G45/><AGARI ba="2,0" hai="9,13,19,45,50,54,94,95,120,121,123" m="14839" machi="45" ten="30,1000,0" yaku="13,1" doraHai="73" who="1" fromWho="3" sc="290,0,261,16,325,0,124,-16" /><INIT seed="3,0,0,3,2,95" ten="290,277,325,108" oya="3" hai0="94,38,79,113,72,133,78,24,10,111,11,135,128" hai1="119,88,8,49,127,37,23,107,54,41,97,112,106" hai2="59,57,117,114,82,9,14,77,84,44,48,121,80" hai3="109,43,129,68,69,16,42,58,76,98,60,39,65"/><W74/><G129/><T87/><D38/><U31/><E112/><V124/><F117/><W64/><G74/><T20/><D111/><U99/><E37/><V53/><F124/><W1/><G1/><T126/><D126/><U18/><E107/><V125/><F121/><W17/><G76/><T4/><D72/><U83/><E106/><V130/><F130/><W19/><G109/><T81/><D128/><U30/><E41/><V36/><F114/><W123/><G123/><T93/><D113/><U47/><E127/><V21/><F21/><W29/><G29/><N who="1" m="10762" /><E8/><V96/><F36/><W73/><G73/><T134/><D79/><U75/><E75/><V40/><F80/><W102/><G39/><T70/><D70/><U28/><E28/><V45/><F45/><W101/><G101/><T90/><D11/><U35/><E35/><V120/><F53/><W50/><G69/><T12/><D78/><U15/><E119/><V33/><F33/><W32/><G32/><T34/><D34/><U110/><E110/><V66/><F66/><W52/><REACH who="3" step="1"/><G64/><REACH who="3" ten="290,277,325,98" step="2"/><T132/><D132/><U86/><AGARI ba="0,1" hai="15,18,23,47,49,54,83,86,88,97,99" m="10762" machi="86" ten="30,7900,0" yaku="8,1,52,2,54,1" doraHai="95" who="1" fromWho="1" sc="290,-20,277,89,325,-20,98,-39" /><INIT seed="4,0,0,4,4,48" ten="270,366,305,59" oya="0" hai0="118,79,132,134,33,17,94,19,66,63,90,89,29" hai1="14,60,112,45,44,81,52,100,91,101,59,87,40" hai2="31,53,9,8,126,92,61,27,23,56,32,93,127" hai3="135,54,106,116,28,98,21,41,22,20,75,73,70"/><T85/><D118/><U71/><E71/><V55/><F32/><W47/><G116/><T42/><D79/><U86/><E112/><V35/><F35/><W36/><G70/><T76/><D76/><N who="1" m="46375" /><E14/><V15/><F9/><W30/><G135/><N who="0" m="51755" /><D42/><U110/><E110/><V0/><F0/><W83/><G106/><T7/><D7/><U128/><E128/><V65/><F126/><W16/><G98/><T68/><D90/><U109/><E109/><V108/><F127/><W50/><G75/><T43/><D43/><U67/><E40/><V38/><F38/><W18/><G73/><T111/><D111/><U125/><E67/><V97/><F93/><W122/><G122/><T119/><D119/><U12/><E12/><V37/><F37/><W80/><G30/><T2/><D2/><U4/><E4/><N who="2" m="3463" /><F108/><W131/><G131/><T77/><D77/><U46/><E125/><V121/><F121/><W124/><G124/><T114/><D114/><U113/><E113/><V6/><F6/><W95/><G28/><T105/><D105/><U25/><E25/><AGARI ba="0,0" hai="17,19,25,29,33,63,66,68,85,89,94" m="51755" machi="25" ten="30,1500,0" yaku="20,1" doraHai="48" who="0" fromWho="1" sc="270,15,366,-15,305,0,59,0" /><INIT seed="4,1,0,4,0,72" ten="285,351,305,59" oya="0" hai0="84,70,128,96,56,129,111,80,88,117,10,8,101" hai1="62,4,104,32,43,15,21,97,127,113,125,86,85" hai2="33,82,50,7,92,35,40,83,112,77,26,103,64" hai3="93,121,108,79,126,47,24,114,12,42,54,53,131"/><T75/><D70/><U9/><E32/><V99/><F112/><W78/><G108/><T71/><D71/><U118/><E118/><V102/><F102/><W0/><G0/><T90/><D117/><U58/><E43/><V66/><F83/><W57/><G114/><T41/><D41/><U29/><E104/><V6/><F35/><W59/><G121/><T105/><D111/><U30/><E97/><V124/><F124/><N who="1" m="47689" /><E21/><V11/><F26/><W130/><G126/><T94/><D56/><N who="3" m="21577" /><G24/><T36/><D36/><U110/><E110/><V23/><F23/><W14/><G93/><T73/><D10/><U87/><E113/><V95/><F95/><W37/><G14/><T61/><D61/><U22/><E22/><V28/><F28/><W16/><G54/><AGARI ba="1,0" hai="4,9,15,29,30,54,58,62,85,86,87" m="47689" machi="54" ten="30,1000,0" yaku="18,1" doraHai="72" who="1" fromWho="3" sc="285,0,351,13,305,0,59,-13" /><INIT seed="5,0,0,0,0,119" ten="285,364,305,46" oya="1" hai0="133,73,7,17,43,132,42,46,80,38,22,102,83" hai1="34,76,70,100,63,106,92,35,51,8,135,56,90" hai2="122,3,62,127,32,111,84,120,109,64,61,13,47" hai3="77,130,48,85,116,40,65,110,36,21,91,52,28"/><U78/><E70/><V45/><F13/><W66/><G110/><T115/><D102/><U99/><E35/><V0/><F84/><W89/><G116/><T67/><D43/><U72/><E34/><V69/><F32/><W16/><G130/><T39/><D67/><U58/><E8/><V71/><F64/><W96/><G40/><T112/><D7/><U114/><E114/><N who="0" m="43561" /><D39/><U107/><E107/><V11/><F11/><W31/><G36/><T121/><D121/><U20/><E135/><N who="0" m="51785" /><D73/><U2/><E72/><V10/><F10/><W27/><G77/><T123/><D123/><U118/><E100/><V26/><F26/><AGARI ba="0,0" hai="17,22,26,38,42,46,80,83" m="51785,43561" machi="26" ten="30,2000,0" yaku="15,1,20,1" doraHai="119" who="0" fromWho="2" sc="285,20,364,0,305,-20,46,0" /><INIT seed="6,0,0,3,5,103" ten="305,364,285,46" oya="2" hai0="18,38,21,89,25,113,82,98,106,51,68,4,55" hai1="123,37,1,105,119,28,39,115,71,53,84,16,66" hai2="65,96,114,132,85,86,77,120,43,109,100,61,75" hai3="8,126,23,93,32,117,76,127,31,131,54,99,14"/><V48/><F120/><W41/><G41/><T130/><D38/><U17/><E119/><V22/><F114/><W0/><G76/><T15/><D130/><U46/><E1/><V3/><F3/><W50/><G117/><T33/><D68/><U72/><E72/><V30/><F132/><W69/><G69/><T7/><D113/><U133/><E115/><V125/><F125/><W29/><G131/><T57/><D33/><U74/><E74/><V44/><F75/><W49/><G49/><T94/><D106/><U47/><E71/><V12/><F109/><W63/><G63/><T40/><D40/><U35/><E35/><V59/><F77/><W10/><G32/><T83/><REACH who="0" step="1"/><D15/><REACH who="0" ten="295,364,285,46" step="2"/><U2/><E39/><V45/><F45/><W58/><G127/><T112/><D112/><U24/><E37/><V56/><F56/><W9/><G126/><T26/><D26/><U135/><E24/><V67/><F67/><W5/><G0/><T134/><D134/><U87/><E2/><V36/><F36/><W104/><G104/><T101/><D101/><U52/><E66/><V121/><F121/><W79/><G79/><T124/><D124/><U20/><E123/><V110/><F110/><W102/><REACH who="3" step="1"/><G5/><AGARI ba="0,1" hai="4,5,7,18,21,25,51,55,57,82,83,89,94,98" machi="5" ten="40,2600,0" yaku="1,1,8,1,53,0" doraHai="103" doraHaiUra="62" who="0" fromWho="3" sc="295,36,364,0,285,0,46,-26" /><INIT seed="7,0,0,0,4,50" ten="331,364,285,20" oya="3" hai0="93,10,90,57,131,21,91,79,118,33,95,32,113" hai1="45,92,39,105,77,81,55,99,73,106,28,96,104" hai2="86,58,68,117,65,97,6,62,18,129,123,74,31" hai3="103,76,88,122,82,64,3,127,78,71,133,46,8"/><W44/><G122/><T100/><D118/><U110/><E28/><V20/><F74/><W26/><G71/><T11/><D79/><N who="3" m="30249" /><G64/><T0/><D100/><N who="1" m="62471" /><E55/><V27/><F117/><W107/><G3/><T2/><D21/><U98/><E45/><N who="3" m="17514" /><G107/><N who="1" m="40970" /><E39/><V53/><F123/><W124/><G103/><T19/><D57/><U130/><E110/><V12/><F129/><W109/><G8/><T94/><D94/><U128/><E98/><V66/><F97/><W115/><G26/><T72/><D131/><U36/><E36/><V101/><F101/><AGARI ba="0,0" hai="73,77,81,92,99,101,128,130" m="40970,62471" machi="101" ten="30,2000,0" yaku="34,2" doraHai="50" who="1" fromWho="2" sc="331,0,364,20,285,-20,20,0" owari="331,13.0,384,48.0,265,-13.0,20,-48.0" /></mjloggm>