<mjloggm ver="2.3"><GO type="41" lobby="0"/><UN n0="%6D%6F%6E%69%6E%6F%6D%6F" n1="%E3%81%9F%E3%81%91%E3%81%A7%E3%82%93" n2="%E3%81%8F%E3%82%8D%E3%81%99%E3%81%91%38%38" n3="%E2%93%9D%53%75%70%68%78" dan="15,15,14,17" rate="2010.50,2016.88,1881.69,2065.08" sx="M,M,M,M"/><TAIKYOKU oya="0"/><INIT seed="0,0,0,2,1,87" ten="250,250,250,250" oya="0" hai0="118,86,67,105,18,80,12,37,135,27,33,56,17" hai1="5,133,134,104,2,6,88,97,51,31,110,100,68" hai2="44,78,121,52,60,111,75,101,21,74,79,130,7" hai3="116,108,90,102,46,119,28,123,114,96,38,115,39"/><T132/><D118/><U20/><E68/><V113/><F111/><W32/><G28/><T69/><D69/><U10/><E110/><V3/><F113/><W131/><G108/><T8/><D37/><U25/><E6/><V98/><F130/><W34/><G46/><T91/><D105/><U106/><E51/><V129/><F121/><W83/><G83/><T95/><D33/><U64/><E64/><V103/><F129/><W84/><G84/><T35/><D35/><U43/><E43/><V45/><F7/><W71/><G96/><T53/><D67/><U49/><E49/><V30/><F3/><W76/><G71/><T61/><D80/><U82/><REACH who="1" step="1"/><E106/><REACH who="1" ten="250,240,250,250" step="2"/><V48/><F60/><W81/><G131/><T59/><D56/><U124/><E124/><V57/><F75/><W99/><G39/><T125/><D125/><U40/><E40/><V89/><F74/><W41/><G41/><T23/><AGARI ba="0,1" hai="8,12,17,18,23,27,53,59,61,86,91,95,132,135" machi="23" ten="30,3000,0" yaku="0,1,52,1" doraHai="87" who="0" fromWho="0" sc="250,40,240,-10,250,-10,250,-10" /><INIT seed="0,1,0,4,2,22" ten="290,230,240,240" oya="0" hai0="132,17,101,45,69,31,119,35,10,63,121,26,111" hai1="82,85,70,28,92,21,128,8,78,59,129,64,108" hai2="134,24,43,25,65,6,57,50,54,102,104,11,97" hai3="27,95,80,120,29,55,113,75,131,130,89,36,106"/><T84/><D119/><U124/><E70/><V115/><F115/><W32/><G113/><T99/><D121/><U73/><E124/><V74/><F74/><W133/><G36/><T16/><D132/><U51/><E108/><V5/><F134/><W109/><G106/><N who="0" m="63807" /><D84/><U61/><E8/><V81/><F81/><W71/><G71/><T123/><D123/><U3/><E3/><V4/><F65/><W12/><G109/><T42/><D10/><U94/><E51/><V86/><F86/><W34/><G34/><T72/><D72/><U40/><E40/><V0/><F0/><W66/><G120/><T44/><D111/><U37/><E37/><V48/><REACH who="2" step="1"/><F11/><REACH who="2" ten="290,230,230,240" step="2"/><W88/><G133/><T53/><D53/><U118/><E73/><V126/><F126/><W122/><G55/><T52/><D52/><U33/><E118/><V87/><F87/><W107/><G122/><T18/><D42/><U112/><E112/><V114/><F114/><W60/><G75/><T47/><D44/><AGARI ba="1,1" hai="4,5,6,24,25,43,44,48,50,54,57,97,102,104" machi="44" ten="40,8000,1" yaku="1,1,52,2,53,2" doraHai="22" doraHaiUra="20" who="2" fromWho="0" sc="290,-83,230,0,230,93,240,0" /><INIT seed="1,0,0,0,5,75" ten="207,230,323,240" oya="1" hai0="107,19,1,111,64,135,35,9,77,37,7,61,89" hai1="17,115,110,70,79,132,92,29,99,97,33,121,116" hai2="39,50,94,103,78,109,90,43,106,124,102,13,51" hai3="96,74,0,46,54,12,45,104,120,49,42,117,134"/><U2/><E2/><V53/><F109/><W101/><G120/><T20/><D37/><U4/><E70/><V76/><F39/><W123/><G123/><T69/><D107/><U66/><E4/><V34/><F34/><W55/><G134/><T62/><D111/><U28/><E66/><V95/><F106/><W32/><G32/><T59/><D89/><U56/><E33/><V60/><F124/><W105/><G0/><T8/><D35/><U113/><E110/><V52/><F13/><W82/><G117/><T133/><D9/><U130/><E56/><V93/><F90/><W112/><G112/><T118/><D118/><U38/><E17/><V22/><F22/><W73/><G105/><T44/><D44/><U25/><E25/><V27/><F27/><W80/><G12/><T63/><D20/><U40/><E38/><V26/><F26/><W100/><G104/><T67/><D19/><U15/><E121/><V30/><F30/><W36/><G96/><T6/><D62/><U68/><E15/><V85/><F85/><W57/><G74/><T83/><REACH who="0" step="1"/><D7/><REACH who="0" ten="197,230,323,240" step="2"/><U108/><E116/><V127/><F60/><W126/><G36/><T128/><D128/><U81/><E130/><V58/><F127/><W129/><G129/><T87/><AGARI ba="0,1" hai="1,6,8,59,61,63,64,67,69,77,83,87,133,135" machi="87" ten="30,4000,0" yaku="1,1,0,1,52,1,53,0" doraHai="75" doraHaiUra="91" who="0" fromWho="0" sc="197,50,230,-20,323,-10,240,-10" /><INIT seed="2,0,0,3,1,60" ten="247,210,313,230" oya="2" hai0="61,57,9,22,54,111,25,63,56,42,82,4,104" hai1="10,15,17,81,33,30,7,62,127,39,96,122,44" hai2="95,52,48,40,45,134,101,16,34,66,49,8,99" hai3="135,114,47,105,88,23,121,18,37,2,67,117,102"/><V74/><F74/><W70/><G117/><T27/><D111/><U71/><E122/><V53/><F134/><W79/><G2/><T106/><D42/><U83/><E127/><V35/><F40/><W120/><G79/><T116/><D116/><U87/><E39/><V19/><F66/><W31/><G31/><T129/><D129/><U108/><E108/><V100/><F101/><W109/><G105/><T98/><D82/><U133/><E44/><V130/><F130/><W78/><G78/><T55/><D98/><U85/><E96/><V64/><F64/><W65/><G70/><T59/><D57/><U69/><E30/><V41/><F41/><W94/><G114/><T123/><D25/><U92/><E33/><V13/><F19/><W90/><G135/><T107/><D123/><U132/><E92/><V46/><AGARI ba="0,0" hai="8,13,16,34,35,45,46,48,49,52,53,95,99,100" machi="46" ten="20,12000,1" yaku="0,1,7,1,9,1,54,2" doraHai="60" who="2" fromWho="2" sc="247,-40,210,-40,313,120,230,-40" /><INIT seed="2,1,0,0,1,84" ten="207,170,433,190" oya="2" hai0="91,58,23,13,82,63,62,71,3,22,80,54,15" hai1="26,12,25,59,35,102,114,92,47,88,0,124,96" hai2="5,113,99,75,19,51,130,1,69,8,21,32,18" hai3="89,57,104,66,52,117,4,16,70,55,27,86,30"/><V77/><F69/><W45/><G104/><T64/><D3/><U126/><E0/><V17/><F130/><W119/><G70/><T135/><D135/><U101/><E114/><V118/><F118/><W123/><G123/><T2/><D2/><U37/><E12/><V11/><F113/><W98/><G98/><T20/><D80/><U125/><E59/><V105/><F77/><W81/><G4/><T56/><D71/><U39/><E47/><V42/><F75/><W40/><G119/><T109/><D109/><U95/><E35/><V68/><F68/><W103/><G103/><N who="1" m="39434" /><E95/><V90/><F105/><W67/><G30/><T115/><D115/><U85/><E85/><AGARI ba="1,0" hai="13,15,20,22,23,54,56,58,62,63,64,82,85,91" machi="85" ten="40,2600,0" yaku="8,1,52,1" doraHai="84" who="0" fromWho="1" sc="207,29,170,-29,433,0,190,0" /><INIT seed="3,0,0,3,4,22" ten="236,141,433,190" oya="3" hai0="88,111,123,58,8,104,9,5,89,55,122,91,57" hai1="27,82,45,74,33,106,116,112,32,16,18,120,95" hai2="29,118,81,90,63,71,10,59,43,53,76,78,52" hai3="86,107,124,87,13,40,60,131,11,133,70,129,39"/><W115/><G115/><T65/><D111/><U114/><E106/><V66/><F118/><W108/><G107/><T127/><D104/><U94/><E120/><V19/><F43/><W31/><G124/><T62/><D127/><U75/><E45/><V79/><F29/><W67/><G133/><T48/><REACH who="0" step="1"/><D9/><REACH who="0" ten="226,141,433,190" step="2"/><U56/><E82/><V4/><F71/><W26/><G108/><T96/><D96/><U1/><E1/><AGARI ba="0,1" hai="1,5,8,48,55,57,58,62,65,88,89,91,122,123" machi="1" ten="40,2600,0" yaku="1,1,54,1,53,0" doraHai="22" doraHaiUra="103" who="0" fromWho="1" sc="226,36,141,-26,433,0,190,0" /><INIT seed="4,0,0,2,1,104" ten="262,115,433,190" oya="0" hai0="124,123,129,121,60,16,94,36,20,22,88,6,4" hai1="93,2,132,69,119,19,106,11,118,89,55,42,24" hai2="46,70,53,113,50,41,28,51,82,103,10,133,100" hai3="38,47,67,14,98,68,23,31,96,122,128,99,33"/><T59/><D36/><U79/><E106/><V87/><F113/><W127/><G128/><T115/><D115/><U117/><E69/><V15/><F70/><W135/><G135/><T75/><D75/><U74/><E132/><V7/><F28/><W27/><G127/><T80/><D80/><U21/><E55/><V112/><F112/><W29/><G122/><T111/><D129/><U32/><E42/><V63/><F63/><W107/><G14/><T78/><D78/><U8/><E32/><V3/><F3/><W95/><G107/><T25/><D124/><U54/><E54/><V52/><F53/><W40/><G31/><T61/><D61/><U72/><E79/><N who="2" m="46559" /><F133/><W1/><G1/><T76/><D76/><U125/><E125/><V105/><F105/><W39/><G39/><T37/><D111/><U92/><E92/><V83/><F83/><W102/><G33/><T85/><D37/><U26/><E26/><V108/><F108/><W86/><G68/><T130/><D130/><U18/><E18/><V64/><F64/><W17/><G17/><N who="0" m="12431" /><D121/><U65/><E65/><V73/><F73/><W30/><G30/><T66/><D123/><U5/><REACH who="1" step="1"/><E11/><REACH who="1" ten="262,105,433,190" step="2"/><V114/><F114/><W116/><G67/><T71/><D71/><U126/><E126/><V44/><AGARI ba="0,1" hai="7,10,15,41,44,46,50,51,52,100,103" m="46559" machi="44" ten="30,4000,0" yaku="25,1,8,1,54,1" doraHai="104" who="2" fromWho="2" sc="262,-20,105,-10,433,50,190,-10" /><INIT seed="5,0,0,2,0,25" ten="242,95,483,180" oya="1" hai0="74,58,100,90,94,116,50,53,41,76,56,68,44" hai1="16,20,31,61,32,126,40,71,5,9,64,82,48" hai2="12,129,123,54,47,37,77,7,117,119,118,131,114" hai3="103,135,113,75,26,34,79,104,106,22,95,38,89"/><U62/><E126/><V134/><F77/><W1/><G1/><T121/><D116/><U52/><E40/><N who="2" m="22927" /><F12/><W107/><G34/><T2/><D2/><U27/><E62/><V42/><F7/><W80/><G38/><T36/><D100/><U122/><E82/><V112/><F42/><W63/><G113/><N who="2" m="43625" /><F54/><W29/><G135/><T85/><D68/><U78/><E78/><V133/><F123/><W111/><G111/><T99/><D74/><U65/><E122/><V17/><F17/><W130/><G130/><AGARI ba="0,0" hai="117,118,119,129,130,131,133,134" m="43625,22927" machi="130" ten="40,12000,2" yaku="19,1,15,1,11,1,23,1,34,2" doraHai="25" who="2" fromWho="3" sc="242,0,95,0,483,120,180,-120" /><INIT seed="6,0,0,2,1,66" ten="242,95,603,60" oya="2" hai0="99,32,72,68,17,24,75,61,46,107,53,78,33" hai1="18,65,109,97,9,121,134,122,82,22,6,73,123" hai2="39,98,104,74,43,50,110,42,128,35,54,90,38" hai3="95,48,25,19,56,69,112,111,94,88,83,51,62"/><V71/><F35/><W132/><G111/><T103/><D46/><U70/><E109/><V41/><F74/><W76/><G95/><T4/><D17/><U84/><E73/><V60/><F90/><W135/><G112/><T36/><D53/><U37/><E37/><N who="2" m="13835" /><F98/><W108/><G108/><T57/><D36/><U100/><E134/><N who="3" m="51242" /><G83/><T92/><D4/><U14/><E65/><N who="2" m="41383" /><F104/><W40/><G76/><T64/><D57/><U93/><E70/><V15/><F15/><W118/><G118/><T13/><D13/><U117/><E117/><V96/><F96/><N who="3" m="57415" /><G69/><T79/><D92/><U127/><E127/><V119/><F110/><W21/><G40/><T59/><D59/><U130/><E130/><V126/><F126/><W10/><G10/><T26/><D79/><U23/><REACH who="1" step="1"/><E6/><REACH who="1" ten="242,85,603,60" step="2"/><V7/><F7/><W12/><G12/><T45/><D75/><U86/><E86/><V8/><F119/><W106/><G106/><T87/><D87/><U3/><E3/><V52/><F8/><W49/><G49/><T29/><D72/><U77/><AGARI ba="0,1" hai="9,14,18,22,23,77,82,84,93,97,100,121,122,123" machi="77" ten="30,4000,0" yaku="1,1,0,1,13,1,53,0" doraHai="66" doraHaiUra="55" who="1" fromWho="1" sc="242,-10,85,50,603,-20,60,-10" /><INIT seed="7,0,0,5,2,12" ten="232,135,583,50" oya="3" hai0="16,5,15,74,63,82,106,114,100,54,35,122,28" hai1="38,70,125,87,43,109,66,111,80,36,30,41,133" hai2="95,37,134,131,67,124,117,73,75,58,57,49,115" hai3="1,94,110,72,97,103,25,47,121,14,8,33,39"/><W50/><G121/><T93/><D106/><U119/><E30/><V21/><F117/><W34/><G72/><T53/><D122/><U44/><E119/><V64/><F37/><W7/><G39/><T99/><D5/><U17/><E125/><V120/><F124/><W62/><G110/><T79/><D114/><U69/><E133/><V10/><F115/><W56/><G1/><T4/><D4/><U42/><E87/><V107/><F134/><W88/><G25/><T59/><D28/><U81/><E43/><V85/><F107/><W26/><G26/><T9/><D35/><U24/><E24/><V104/><F104/><W22/><G22/><T29/><D29/><U132/><E17/><V116/><F116/><W55/><REACH who="3" step="1"/><G103/><REACH who="3" ten="232,135,583,40" step="2"/><T27/><D27/><U108/><E132/><V135/><F120/><W101/><G101/><T20/><D20/><U91/><E91/><V96/><F75/><W105/><G105/><T19/><D9/><U46/><E66/><AGARI ba="0,1" hai="7,8,14,33,34,47,50,55,56,62,66,88,94,97" machi="66" ten="30,5800,0" yaku="1,1,7,1,54,1,53,0" doraHai="12" doraHaiUra="77" who="3" fromWho="1" sc="232,0,135,-58,583,0,40,68" /><INIT seed="7,1,0,3,0,78" ten="232,77,583,108" oya="3" hai0="21,6,74,107,120,26,25,42,103,27,55,114,121" hai1="110,98,17,1,28,63,13,20,128,92,126,106,94" hai2="4,62,132,93,70,95,41,91,39,44,5,12,67" hai3="90,47,2,99,46,86,118,52,36,133,84,101,135"/><W115/><G118/><T49/><D74/><U32/><E1/><V105/><F105/><W3/><G115/><T111/><D111/><U77/><E110/><V8/><F132/><N who="3" m="50763" /><G86/><T29/><D42/><U87/><E128/><V11/><F91/><W123/><G123/><T54/><D6/><U31/><E126/><V40/><F40/><N who="3" m="22791" /><G47/><T127/><D127/><U68/><E106/><V75/><F75/><W73/><G52/><T61/><D114/><U129/><E129/><V33/><F33/><W24/><G24/><T64/><D54/><U15/><E32/><V51/><F39/><W18/><G18/><T102/><D107/><U22/><E68/><V122/><F122/><W109/><G73/><T131/><D131/><U53/><E63/><V30/><F30/><W45/><G45/><T80/><D121/><U104/><E104/><V37/><F37/><W88/><G109/><T79/><D49/><U134/><E134/><V7/><F7/><W60/><G60/><T0/><D55/><U19/><E53/><V57/><F70/><W48/><G48/><T69/><D120/><U66/><E66/><V119/><F119/><W58/><G58/><T130/><D130/><U100/><E94/><V117/><F117/><W35/><G35/><T56/><D56/><U34/><E34/><V38/><F38/><W124/><G124/><T113/><D113/><U72/><E72/><V16/><F5/><W59/><G59/><T71/><D71/><U83/><AGARI ba="1,0" hai="13,15,17,19,20,22,28,31,77,83,87,92,98,100" machi="83" ten="30,7900,0" yaku="0,1,9,1,8,1,52,1" doraHai="78" who="1" fromWho="1" sc="232,-21,77,82,583,-21,108,-40" owari="211,1.0,159,-24.0,562,66.0,68,-43.0" /></mjloggm>