<mjloggm ver="2.3"><GO type="41" lobby="0"/><UN n0="%E3%83%A9%E3%82%AA%E3%82%B5%E3%83%90%E3%82%AA" n1="%E3%81%84%E3%81%84%E3%81%91%E3%82%93" n2="%79%61%6D%61%6D%65" n3="%E2%93%9D%53%75%70%68%78" dan="15,15,13,18" rate="1983.89,2060.63,1816.27,2073.18" sx="M,M,M,M"/><TAIKYOKU oya="0"/><INIT seed="0,0,0,5,1,5" ten="250,250,250,250" oya="0" hai0="42,47,19,75,88,91,119,122,115,92,31,130,133" hai1="37,101,8,52,58,3,110,80,60,54,30,127,87" hai2="128,41,28,10,78,89,129,73,125,93,84,17,7" hai3="102,90,38,35,25,134,34,33,65,105,20,120,27"/><T2/><D122/><U62/><E110/><V23/><F125/><W76/><G38/><T71/><D119/><U49/><E127/><V96/><F28/><W131/><G76/><T100/><D115/><U107/><E37/><V97/><F41/><W98/><G134/><T135/><D75/><U4/><E30/><V94/><F73/><W50/><G131/><N who="2" m="50249" /><F78/><W18/><G65/><T40/><D71/><U132/><E132/><N who="0" m="50761" /><D2/><U79/><REACH who="1" step="1"/><E54/><REACH who="1" ten="250,240,250,250" step="2"/><V56/><F94/><W109/><G109/><T117/><D31/><U70/><E70/><V1/><F56/><W12/><G120/><T24/><D117/><U26/><E26/><AGARI ba="0,1" hai="1,7,10,17,23,26,84,89,93,96,97" m="50249" machi="26" ten="30,2000,0" yaku="19,1,52,1" doraHai="5" who="2" fromWho="1" sc="250,0,240,-20,250,30,250,0" /><INIT seed="1,0,0,4,1,90" ten="250,220,280,250" oya="1" hai0="84,20,133,27,80,40,78,111,131,38,34,79,39" hai1="35,7,47,42,130,63,14,66,98,105,103,99,108" hai2="124,85,13,59,53,11,116,72,22,25,115,24,101" hai3="4,5,68,33,31,132,95,100,75,3,52,82,32"/><U12/><E35/><V118/><F72/><W48/><G68/><T49/><D34/><U71/><E130/><V65/><F124/><W120/><G120/><T128/><D111/><U28/><E108/><V17/><F115/><W43/><G43/><T29/><D133/><U104/><E28/><V121/><F121/><W74/><G132/><T107/><D107/><U46/><E7/><V56/><F25/><W123/><G123/><T69/><D69/><U60/><E47/><V62/><F101/><W6/><G3/><T23/><D78/><U129/><E63/><V30/><F85/><W93/><G100/><T81/><D20/><U58/><E129/><N who="0" m="49737" /><D81/><U134/><E134/><V126/><F126/><W21/><G33/><T88/><D79/><U37/><E105/><V114/><F114/><W70/><G70/><T94/><D80/><U54/><REACH who="1" step="1"/><E99/><REACH who="1" ten="250,210,280,250" step="2"/><V109/><F109/><W119/><G32/><T112/><D112/><U8/><E8/><V51/><AGARI ba="0,1" hai="11,13,17,22,24,30,51,53,56,59,62,65,116,118" machi="51" ten="20,1500,0" yaku="0,1,7,1" doraHai="90" who="2" fromWho="2" sc="250,-4,210,-7,280,25,250,-4" /><INIT seed="2,0,0,2,2,84" ten="246,203,305,246" oya="2" hai0="18,22,41,34,111,16,61,62,117,110,4,67,77" hai1="125,132,52,64,75,37,50,76,124,129,69,39,56" hai2="96,88,43,83,60,14,12,74,11,123,48,65,36" hai3="78,71,63,119,70,58,30,126,9,90,51,87,2"/><V59/><F123/><W131/><G119/><T122/><D122/><U103/><E103/><V89/><F36/><N who="1" m="13897" /><E76/><V32/><F32/><W107/><G131/><T104/><D34/><U55/><E75/><V0/><F0/><W93/><G126/><N who="1" m="48746" /><E132/><V1/><F1/><W130/><G130/><T127/><D104/><U128/><E55/><V66/><F74/><W26/><G107/><T102/><D117/><U115/><E115/><V23/><F83/><W6/><G51/><T112/><D112/><U8/><E8/><V114/><F114/><W72/><G78/><T106/><D4/><U49/><E49/><V85/><F85/><W113/><G72/><T38/><D77/><U80/><E80/><V29/><F96/><W20/><REACH who="3" step="1"/><G113/><REACH who="3" ten="246,203,305,236" step="2"/><T120/><D127/><U5/><E5/><N who="2" m="3183" /><F48/><W98/><G98/><T99/><D120/><U134/><E134/><V3/><F43/><W25/><G25/><T21/><D41/><U109/><E109/><V31/><F3/><W54/><AGARI ba="0,1" hai="2,6,9,20,26,30,54,58,63,70,71,87,90,93" machi="54" ten="20,5200,0" yaku="1,1,0,1,7,1,52,1,53,0" doraHai="84" doraHaiUra="95" who="3" fromWho="3" sc="246,-13,203,-13,305,-26,236,62" /><INIT seed="3,0,0,0,4,115" ten="233,190,279,298" oya="3" hai0="93,132,4,14,86,67,124,41,48,59,133,57,131" hai1="69,94,50,13,81,64,61,111,97,60,33,27,99" hai2="121,76,72,54,20,52,71,91,96,46,135,92,23" hai3="45,62,44,83,8,125,129,10,58,70,120,105,85"/><W37/><G120/><T100/><D131/><U89/><E111/><V32/><F32/><W87/><G105/><T42/><D124/><U7/><E50/><V109/><F71/><W107/><G107/><T116/><D59/><U30/><E61/><V123/><F109/><W34/><G70/><T80/><D100/><U16/><E7/><V28/><F135/><N who="0" m="51786" /><D93/><U9/><REACH who="1" step="1"/><E81/><REACH who="1" ten="233,180,279,298" step="2"/><N who="2" m="45191" /><F46/><W53/><G45/><T0/><D0/><U36/><E36/><V47/><F47/><W77/><G44/><T106/><D48/><U104/><E104/><V74/><F74/><W24/><G37/><T63/><D106/><U98/><AGARI ba="0,1" hai="9,13,16,27,30,33,60,64,69,89,94,97,98,99" machi="98" ten="20,5200,0" yaku="1,1,0,1,7,1,54,1,53,0" doraHai="115" doraHaiUra="1" who="1" fromWho="1" sc="233,-13,180,62,279,-13,298,-26" /><INIT seed="4,0,0,0,4,24" ten="220,242,266,272" oya="0" hai0="105,132,6,95,68,120,54,131,61,25,11,12,14" hai1="122,38,28,10,91,113,101,67,73,96,90,114,40" hai2="8,48,117,71,87,43,133,47,46,2,123,39,16" hai3="44,53,85,77,27,130,32,50,97,37,82,29,59"/><T17/><D120/><U94/><E73/><V69/><F123/><W45/><G130/><T106/><D131/><U118/><E122/><V104/><F104/><W100/><REACH who="3" step="1"/><G37/><REACH who="3" ten="220,242,266,262" step="2"/><T36/><D36/><U134/><E38/><V135/><F117/><W31/><G31/><T57/><D132/><U124/><E118/><V35/><F135/><W41/><G41/><T5/><D68/><U129/><E40/><V30/><F133/><W51/><G51/><T81/><D81/><U128/><E134/><V125/><F71/><W26/><G26/><T62/><D62/><U88/><E129/><V70/><F70/><W116/><G116/><T0/><D95/><AGARI ba="0,1" hai="27,29,32,44,45,50,53,59,77,82,85,95,97,100" machi="95" ten="30,7700,0" yaku="1,1,7,1,52,1,53,1" doraHai="24" doraHaiUra="75" who="3" fromWho="0" sc="220,-77,242,0,266,0,262,87" /><INIT seed="5,0,0,0,3,60" ten="143,242,266,349" oya="1" hai0="54,119,82,118,101,50,36,25,94,27,33,38,35" hai1="5,110,1,39,55,6,130,92,81,124,134,69,121" hai2="61,127,14,29,105,76,24,90,116,2,51,8,135" hai3="88,78,48,18,109,16,46,115,4,89,23,11,104"/><U59/><E69/><V131/><F116/><W107/><G109/><T3/><D3/><U15/><E121/><V87/><F105/><W98/><G115/><T63/><D63/><U21/><E39/><V132/><F2/><W74/><G78/><T0/><D0/><U22/><E1/><V79/><F127/><W117/><G74/><T75/><D75/><U128/><E134/><V114/><F131/><N who="1" m="50217" /><E124/><V70/><F114/><W80/><G107/><T68/><D68/><U53/><E81/><V120/><F120/><W126/><G117/><T102/><D82/><U86/><E55/><V112/><F112/><W26/><G4/><T72/><D72/><U9/><E5/><V34/><F51/><W93/><G104/><T113/><D50/><N who="1" m="31159" /><E110/><V43/><F43/><W58/><G126/><T17/><D54/><U12/><E12/><V47/><F47/><W65/><G46/><T13/><D113/><U123/><E123/><V77/><F135/><W30/><G48/><T52/><D13/><U103/><E103/><V32/><F32/><W129/><G129/><T67/><D52/><U62/><E62/><V111/><F111/><W20/><G80/><T49/><D49/><U83/><E92/><V7/><F132/><W71/><G71/><T57/><D94/><U66/><E66/><N who="2" m="41295" /><F76/><AGARI ba="0,0" hai="6,9,15,21,22,76,83,86" m="31159,50217" machi="76" ten="30,1500,0" yaku="19,1" doraHai="60" who="1" fromWho="2" sc="143,0,242,15,266,-15,349,0" /><INIT seed="5,1,0,0,1,117" ten="143,257,251,349" oya="1" hai0="87,48,131,121,35,38,118,31,116,40,133,60,113" hai1="70,16,78,63,21,95,1,8,41,36,43,27,99" hai2="119,37,125,96,19,15,24,85,34,94,100,11,124" hai3="54,92,104,0,56,102,127,7,90,10,77,5,74"/><U13/><E1/><V28/><F37/><W128/><G128/><T17/><D131/><U72/><E36/><V103/><F119/><W120/><G7/><T68/><D133/><U93/><E93/><V134/><F134/><W105/><G120/><T91/><D38/><U132/><E132/><V82/><REACH who="2" step="1"/><F103/><REACH who="2" ten="143,257,241,349" step="2"/><W39/><G102/><T129/><D129/><U44/><E44/><V58/><F58/><W123/><G56/><T101/><D116/><U29/><E70/><V51/><F51/><W20/><G39/><T114/><D118/><U84/><E63/><V18/><F18/><W3/><G5/><T53/><D17/><U59/><E59/><V25/><F25/><W126/><G126/><T62/><D101/><N who="1" m="60671" /><E72/><V22/><F22/><W52/><G20/><T65/><D60/><U122/><E122/><V67/><F67/><W75/><G75/><T45/><D35/><U23/><E23/><V83/><F83/><AGARI ba="1,1" hai="8,13,16,21,27,29,41,43,78,83,84" m="60671" machi="83" ten="30,2900,0" yaku="8,1,54,1" doraHai="117" who="1" fromWho="2" sc="143,0,257,42,241,-32,349,0" /><INIT seed="5,2,0,5,1,126" ten="143,299,209,349" oya="1" hai0="72,100,99,135,111,52,102,80,82,120,35,112,36" hai1="63,42,68,73,69,128,75,13,77,53,71,91,22" hai2="19,113,25,7,81,46,50,117,29,131,14,12,87" hai3="132,110,55,37,21,118,94,6,32,30,59,129,105"/><U95/><E42/><V116/><F113/><W60/><G110/><T123/><D36/><U26/><E13/><V67/><F67/><W28/><G105/><T65/><D35/><U44/><E77/><V98/><F131/><W57/><G129/><T103/><D65/><U0/><E0/><V27/><F27/><W16/><G132/><T66/><D66/><U24/><E24/><V11/><F98/><W39/><G6/><T17/><D17/><N who="1" m="12623" /><E44/><V96/><F96/><W89/><G118/><T45/><D111/><U92/><E92/><V97/><F97/><W10/><G39/><T134/><D52/><U43/><E43/><V130/><F130/><W18/><G32/><T64/><D64/><U23/><E23/><V127/><F127/><W85/><G37/><T70/><D45/><U101/><E101/><N who="0" m="39017" /><D70/><U121/><E121/><N who="0" m="46665" /><D112/><U4/><E128/><V78/><F14/><N who="3" m="7255" /><G59/><T109/><D109/><U90/><E4/><V107/><F19/><W114/><G114/><T125/><D125/><U1/><E1/><V20/><REACH who="2" step="1"/><F107/><REACH who="2" ten="143,299,199,349" step="2"/><W58/><G18/><T104/><D72/><U2/><E2/><V40/><AGARI ba="2,1" hai="7,11,12,20,25,29,40,46,50,78,81,87,116,117" machi="40" ten="20,16000,3" yaku="1,1,2,1,0,1,7,1,25,2,53,2" doraHai="126" doraHaiUra="115" who="2" fromWho="2" sc="143,-42,299,-82,199,176,349,-42" /><INIT seed="6,0,0,5,3,89" ten="101,217,375,307" oya="2" hai0="131,32,44,63,4,64,28,77,30,42,82,112,127" hai1="45,41,135,113,72,129,75,12,123,114,19,9,0" hai2="59,130,87,53,24,132,100,91,122,125,118,121,16" hai3="110,58,119,69,2,62,8,71,116,46,96,66,70"/><V34/><F118/><W33/><G33/><T105/><D131/><U65/><E129/><V90/><F130/><W25/><G25/><T101/><D127/><U60/><E135/><V68/><F68/><W31/><G31/><T3/><D112/><N who="1" m="43115" /><E0/><V61/><F125/><W93/><G110/><T133/><D133/><U21/><E21/><V49/><F132/><W55/><G46/><T15/><D30/><U29/><E29/><V50/><F100/><W128/><G128/><T76/><D15/><U54/><E54/><V106/><F106/><W67/><G119/><T111/><D111/><U134/><E123/><V124/><F124/><W115/><G116/><T22/><D22/><U84/><E84/><V36/><F36/><W94/><G115/><T43/><D77/><U95/><E95/><V86/><F34/><W92/><REACH who="3" step="1"/><G96/><REACH who="3" ten="101,217,375,297" step="2"/><T26/><D44/><U48/><E134/><V23/><F122/><W81/><G81/><T102/><D32/><U27/><E27/><V40/><F121/><W57/><G57/><AGARI ba="0,1" hai="9,12,19,41,45,48,57,60,65,72,75" m="43115" machi="57" ten="30,1000,0" yaku="15,1" doraHai="89" who="1" fromWho="3" sc="101,0,217,20,375,0,297,-10" /><INIT seed="7,0,0,4,3,80" ten="101,237,375,287" oya="3" hai0="10,106,108,15,34,57,93,128,52,5,46,35,37" hai1="60,91,48,123,120,19,8,99,45,73,6,0,61" hai2="126,89,115,79,26,22,77,43,94,104,86,13,39" hai3="20,29,92,31,28,58,121,7,133,132,111,125,71"/><W74/><G71/><T42/><D106/><U65/><E73/><V98/><F115/><W63/><G74/><T110/><D128/><U16/><E61/><V113/><F113/><W82/><G121/><T112/><D112/><U134/><E134/><N who="3" m="51818" /><G125/><T130/><D130/><U109/><E109/><V41/><F39/><W59/><G7/><T119/><D119/><U50/><E123/><V116/><F116/><W18/><G82/><T64/><D64/><U1/><E1/><V51/><F126/><W124/><G124/><T3/><D93/><U131/><E48/><V53/><F13/><N who="3" m="9295" /><G111/><T102/><D102/><U17/><E120/><V69/><F69/><W88/><G63/><T55/><D55/><U30/><E131/><V40/><F98/><AGARI ba="0,0" hai="28,29,31,58,59,88,92,98" m="9295,51818" machi="98" ten="30,2900,0" yaku="20,1,54,1" doraHai="80" who="3" fromWho="2" sc="101,0,237,0,375,-29,287,29" /><INIT seed="7,1,0,5,2,72" ten="101,237,346,316" oya="3" hai0="122,98,22,114,43,48,135,96,129,47,130,51,92" hai1="24,8,81,80,134,128,97,121,73,59,0,131,35" hai2="52,45,20,125,50,39,5,10,21,17,15,107,109" hai3="93,110,58,116,123,69,82,42,2,86,101,111,40"/><W61/><G2/><T30/><D122/><U62/><E121/><V14/><F109/><N who="3" m="41483" /><G123/><T27/><D135/><U26/><E134/><V13/><F107/><W7/><G7/><T71/><D71/><U112/><E112/><V36/><F125/><W85/><G69/><T90/><D51/><U127/><E127/><V66/><F66/><N who="3" m="39223" /><G116/><T126/><D126/><U31/><E26/><V102/><F102/><W89/><G101/><T53/><D98/><U132/><E97/><V44/><F44/><W1/><G1/><T56/><D114/><U37/><E37/><V28/><F28/><W33/><G33/><T38/><D129/><U32/><E32/><V19/><AGARI ba="1,0" hai="5,10,13,14,15,17,19,20,21,36,39,45,50,52" machi="19" ten="30,4000,0" yaku="0,1,9,1,54,1" doraHai="72" who="2" fromWho="2" sc="101,-11,237,-11,346,43,316,-21" owari="90,-41.0,226,-17.0,389,48.0,295,10.0" /></mjloggm>