<mjloggm ver="2.3"><GO type="41" lobby="0"/><UN n0="%6A%69%61%70%67%6F%61%6C" n1="%E6%BA%90%E5%A4%AA" n2="%E2%93%9D%53%75%70%68%78" n3="%74%61%6D%69%74%61%6D%69" dan="13,14,18,15" rate="1835.99,1916.51,2142.31,2044.70" sx="M,M,M,M"/><TAIKYOKU oya="0"/><INIT seed="0,0,0,2,2,90" ten="250,250,250,250" oya="0" hai0="77,29,100,81,95,123,87,83,9,115,110,105,127" hai1="108,47,88,2,122,11,40,73,60,134,26,132,92" hai2="75,56,93,8,48,70,62,43,6,130,34,23,59" hai3="16,112,61,31,109,128,5,38,39,113,50,14,21"/><T35/><D115/><U99/><E73/><V54/><F34/><W20/><G61/><T80/><D123/><U72/><E72/><V78/><F130/><W25/><G128/><T107/><D9/><U53/><E122/><V111/><F111/><W49/><G109/><T66/><D110/><U126/><E108/><V96/><F70/><W55/><G49/><T64/><D127/><U33/><E33/><V91/><F75/><W84/><G5/><T22/><D35/><U79/><E79/><V71/><F71/><W27/><G27/><T46/><D46/><U0/><E26/><V106/><F106/><N who="0" m="40458" /><D22/><U116/><E116/><V104/><F104/><W135/><G135/><N who="1" m="51754" /><E11/><V118/><F78/><W18/><G31/><T63/><D29/><U36/><E126/><V7/><F118/><W13/><G25/><T102/><D63/><U94/><E94/><V76/><F23/><W3/><G3/><T30/><D64/><U89/><E89/><V15/><F76/><W121/><G121/><T51/><D66/><U41/><E41/><V57/><REACH who="2" step="1"/><F7/><REACH who="2" ten="250,250,240,250" step="2"/><W52/><G112/><T133/><D133/><U114/><E114/><V44/><AGARI ba="0,1" hai="6,8,15,43,44,48,54,56,57,59,62,91,93,96" machi="44" ten="30,8000,1" yaku="1,1,2,1,0,1,8,1,52,1,53,0" doraHai="90" doraHaiUra="68" who="2" fromWho="2" sc="250,-40,250,-20,240,90,250,-20" /><INIT seed="1,0,0,1,4,88" ten="210,230,330,230" oya="1" hai0="46,65,81,95,31,115,19,42,40,113,116,43,33" hai1="18,3,71,106,87,124,102,127,34,82,69,5,47" hai2="76,73,22,29,16,9,45,63,25,121,10,48,41" hai3="104,107,103,64,112,133,36,75,98,78,66,94,125"/><U30/><E47/><V55/><F121/><W60/><G36/><T61/><D116/><U90/><E18/><V84/><F73/><W20/><G112/><T24/><D81/><U53/><E53/><V67/><F41/><W11/><G125/><N who="1" m="48202" /><E102/><V35/><F76/><W0/><G133/><T128/><D128/><U39/><E106/><V111/><F111/><W93/><G78/><T91/><D46/><U1/><E39/><V2/><F84/><W85/><G75/><T86/><REACH who="0" step="1"/><D19/><REACH who="0" ten="200,230,330,230" step="2"/><U135/><E135/><V4/><F16/><W105/><G105/><T110/><D110/><U108/><E108/><V97/><F45/><W118/><G118/><T100/><D100/><U77/><E5/><V13/><F4/><W109/><G109/><T126/><D126/><U27/><E77/><V15/><F10/><W92/><G107/><T58/><AGARI ba="0,1" hai="24,31,33,40,42,43,58,61,65,86,91,95,113,115" machi="58" ten="30,4000,0" yaku="1,1,0,1,52,1,53,0" doraHai="88" doraHaiUra="96" who="0" fromWho="0" sc="200,50,230,-20,330,-10,230,-10" /><INIT seed="2,0,0,4,0,67" ten="250,210,320,220" oya="2" hai0="77,6,115,31,73,34,57,131,53,3,65,11,116" hai1="51,14,21,102,60,50,76,127,37,101,117,94,47" hai2="89,106,42,122,66,25,125,28,118,39,0,78,20" hai3="95,1,38,88,49,135,83,68,92,4,112,98,8"/><V17/><F118/><W55/><G38/><T119/><D53/><U16/><E76/><V41/><F122/><W5/><G112/><T114/><D57/><U48/><E117/><N who="0" m="45129" /><D65/><U80/><E127/><V27/><F0/><W45/><G135/><T104/><D104/><U54/><E80/><V59/><F106/><W133/><G133/><T35/><D77/><U63/><E37/><V108/><F108/><W29/><G29/><T43/><D43/><U97/><E102/><V70/><F125/><W120/><G120/><T113/><D73/><U81/><E81/><V12/><F27/><W7/><G68/><T124/><D124/><U9/><E51/><V86/><F70/><W64/><G64/><T99/><D99/><U110/><E110/><V74/><F78/><W33/><G33/><N who="0" m="12299" /><D31/><U56/><REACH who="1" step="1"/><E9/><REACH who="1" ten="250,200,320,220" step="2"/><N who="2" m="6287" /><F39/><W100/><REACH who="3" step="1"/><G83/><REACH who="3" ten="250,200,320,210" step="2"/><T69/><D69/><U128/><E128/><AGARI ba="0,2" hai="3,6,11,113,114,115,128,131" m="12299,45129" machi="128" ten="40,8000,1" yaku="12,1,23,1,34,2" doraHai="67" who="0" fromWho="1" sc="250,100,200,-80,320,0,210,0" /><INIT seed="3,0,0,2,2,29" ten="350,120,320,210" oya="3" hai0="65,81,119,3,58,109,110,50,108,77,2,21,104" hai1="70,43,69,130,47,88,125,131,97,36,13,14,24" hai2="96,54,45,93,25,79,49,8,46,74,107,63,84" hai3="40,68,16,85,113,92,106,23,103,111,128,83,34"/><W0/><G0/><T5/><D104/><U22/><E125/><V53/><F74/><W129/><G113/><T6/><D119/><U18/><E13/><V37/><F107/><W115/><G115/><T89/><D21/><U56/><E56/><V78/><F37/><W27/><G68/><T86/><D65/><U7/><E7/><N who="0" m="2569" /><D58/><U57/><E57/><V122/><F122/><W75/><G111/><T51/><D77/><U42/><E42/><V126/><F8/><W10/><G10/><T30/><D30/><U9/><E131/><V38/><F38/><W32/><G40/><T4/><N who="0" m="2577" /><T20/><DORA hai="95" /><D20/><U127/><E130/><N who="3" m="50282" /><G106/><T39/><D39/><U121/><E121/><V87/><F126/><W12/><G75/><T55/><D55/><U1/><E1/><AGARI ba="0,0" hai="1,2,3,50,51,81,86,89,108,109,110" m="2577" machi="1" ten="40,1300,0" yaku="14,1" doraHai="29,95" who="0" fromWho="1" sc="350,13,120,-13,320,0,210,0" /><INIT seed="4,0,0,2,0,124" ten="363,107,320,210" oya="0" hai0="114,52,88,113,67,133,39,72,100,104,57,130,71" hai1="53,3,78,12,23,47,92,85,55,9,44,111,96" hai2="1,75,13,18,93,29,35,84,6,66,128,43,0" hai3="108,20,116,87,97,74,115,4,122,64,82,107,123"/><T91/><D72/><U109/><E3/><V131/><F75/><W94/><G20/><T68/><D133/><U37/><E37/><V106/><F106/><W110/><G4/><T98/><D39/><U16/><E111/><V7/><F66/><W26/><G26/><T95/><D130/><N who="2" m="49706" /><F43/><W69/><G64/><T77/><D77/><U11/><E109/><N who="3" m="42090" /><G69/><T105/><D67/><U59/><E78/><V83/><F93/><W30/><G30/><T10/><D10/><U119/><E119/><V34/><F29/><W129/><G129/><T61/><D71/><U56/><E85/><V117/><F117/><W81/><G116/><T45/><D68/><U17/><E9/><N who="2" m="6447" /><F7/><W46/><G74/><T49/><D105/><U41/><E53/><V25/><F25/><W42/><G107/><T127/><D127/><U8/><E8/><N who="2" m="2119" /><F1/><W58/><G82/><T48/><D104/><U120/><E41/><V125/><F125/><W33/><G94/><T112/><D45/><U63/><E120/><V65/><F65/><W89/><G46/><T132/><D132/><U60/><E92/><V90/><AGARI ba="0,0" hai="34,35,83,84,90" m="2119,6447,49706" machi="90" ten="30,7900,0" yaku="19,1,52,3" doraHai="124" who="2" fromWho="2" sc="363,-39,107,-20,320,79,210,-20" /><INIT seed="5,0,0,5,5,82" ten="324,87,399,190" oya="1" hai0="2,83,55,10,125,43,40,113,93,0,13,24,69" hai1="107,14,86,75,128,62,77,42,111,84,21,52,99" hai2="54,17,105,101,9,59,73,89,88,65,41,100,63" hai3="25,38,85,3,23,116,47,53,51,29,20,103,26"/><U114/><E114/><V7/><F73/><W56/><G3/><T120/><D69/><U106/><E42/><V33/><F33/><W134/><G116/><T6/><D125/><U71/><E128/><V129/><F105/><W46/><G134/><T91/><D120/><U130/><E130/><V121/><F121/><W76/><G103/><N who="2" m="39497" /><F7/><W124/><G124/><T117/><D117/><U44/><E71/><V57/><F41/><W94/><G38/><T18/><D113/><U131/><E131/><V96/><F96/><W15/><G15/><T109/><D109/><U16/><E107/><V110/><F110/><W61/><G61/><T36/><D36/><U119/><E119/><V92/><F92/><W112/><G112/><T126/><D126/><U80/><E111/><V67/><F129/><W102/><G102/><T118/><D118/><U31/><E106/><V4/><F4/><W50/><G50/><T115/><D115/><U22/><E99/><V11/><F17/><W135/><G135/><T39/><D39/><U35/><E35/><V28/><F28/><W45/><G94/><T122/><D122/><U98/><E98/><V8/><F67/><W87/><G76/><T12/><D0/><U132/><E132/><V108/><F108/><W79/><G79/><T123/><D2/><U30/><E31/><AGARI ba="0,0" hai="20,23,25,26,29,31,45,46,47,51,53,56,85,87" machi="31" ten="40,8000,1" yaku="9,1,8,1,52,2" doraHai="82" who="3" fromWho="1" sc="324,0,87,-80,399,0,190,80" /><INIT seed="6,0,0,4,4,19" ten="324,7,399,270" oya="2" hai0="132,127,71,92,36,134,29,6,62,91,57,28,83" hai1="102,112,98,2,49,10,65,5,12,47,86,79,59" hai2="61,60,38,37,105,115,56,4,16,75,54,14,44" hai3="51,131,22,77,64,18,128,50,21,93,32,0,95"/><V45/><F4/><W116/><G0/><T122/><D71/><U9/><E112/><V35/><F35/><W82/><G32/><T53/><D122/><U52/><E79/><V94/><F105/><W84/><G64/><T17/><D36/><U27/><E86/><V76/><F94/><W42/><G116/><T69/><D69/><U110/><E110/><V72/><F115/><W34/><G34/><T8/><D127/><U114/><E114/><V99/><F99/><W90/><G18/><T13/><D83/><U107/><E65/><V15/><F16/><W111/><G111/><T135/><REACH who="0" step="1"/><D6/><REACH who="0" ten="314,7,399,270" step="2"/><U43/><E2/><V23/><F38/><W101/><G101/><T97/><AGARI ba="0,1" hai="8,13,17,28,29,53,57,62,91,92,97,132,134,135" machi="97" ten="30,7900,0" yaku="1,1,2,1,0,1,20,1,53,0" doraHai="19" doraHaiUra="30" who="0" fromWho="0" sc="314,89,7,-20,399,-39,270,-20" owari="403,50.0,-13,-51.0,360,16.0,250,-15.0" /></mjloggm>