<mjloggm ver="2.3"><GO type="41" lobby="0"/><UN n0="%E3%82%B3%E3%82%A6%E3%82%B1%E3%83%B3%E3%83%86%E3%83%84" n1="%4E%69%6B%75%6D%61%72%75" n2="%E2%93%9D%53%75%70%68%78" n3="%E9%BB%92%E5%B2%A9%E5%9B%A3%E9%95%B7" dan="13,14,18,14" rate="1862.89,1890.91,2097.23,1962.85" sx="M,M,M,M"/><TAIKYOKU oya="0"/><INIT seed="0,0,0,5,5,33" ten="250,250,250,250" oya="0" hai0="116,61,125,106,77,132,75,123,15,5,134,34,69" hai1="129,9,91,128,38,63,56,47,90,28,100,120,126" hai2="1,6,85,25,92,7,114,29,45,99,8,74,40" hai3="30,55,22,118,80,27,48,66,37,88,87,42,35"/><T16/><D116/><U70/><E70/><V67/><F114/><W111/><G111/><T95/><D123/><U98/><E120/><V13/><F74/><W54/><G118/><T124/><D106/><U23/><E126/><N who="0" m="48745" /><D34/><U93/><E47/><V86/><F67/><W4/><G66/><N who="0" m="41167" /><D5/><U12/><E38/><V76/><F76/><W72/><G72/><T46/><D46/><U62/><E62/><V84/><F7/><W59/><G37/><T3/><D95/><U73/><E73/><V2/><F45/><W94/><G35/><T68/><D68/><U135/><E12/><V89/><REACH who="2" step="1"/><F40/><REACH who="2" ten="250,250,240,250" step="2"/><W58/><G4/><T19/><D77/><U130/><E135/><N who="0" m="51753" /><D75/><U104/><E104/><V17/><F17/><N who="0" m="6730" /><D15/><U113/><E9/><V71/><F71/><W108/><G108/><T51/><D51/><U107/><E107/><V115/><F115/><W57/><G94/><T127/><N who="0" m="48753" /><T36/><DORA hai="43" /><D36/><U79/><E79/><V10/><F10/><W50/><REACH who="3" step="1"/><G42/><REACH who="3" ten="250,250,240,240" step="2"/><T20/><D20/><AGARI ba="0,2" hai="1,2,6,8,13,20,25,29,84,85,86,89,92,99" machi="20" ten="40,12000,2" yaku="1,1,52,2,53,3" doraHai="33,43" doraHaiUra="83,131" who="2" fromWho="0" sc="250,-120,250,0,240,140,240,0" /><INIT seed="1,0,0,5,5,80" ten="130,250,380,240" oya="1" hai0="117,104,11,83,98,82,129,103,121,61,133,62,108" hai1="43,27,12,114,113,14,122,69,6,118,31,59,96" hai2="134,106,58,76,46,10,111,35,51,8,39,7,131" hai3="77,84,49,85,101,19,135,99,45,94,9,71,44"/><U97/><E118/><V57/><F106/><W100/><G71/><T42/><D108/><U93/><E122/><V110/><F35/><W21/><G135/><T78/><D117/><U52/><E69/><V60/><F76/><W123/><G123/><T3/><D133/><U29/><E43/><V16/><F39/><W65/><G65/><T127/><D129/><U112/><E6/><V72/><F72/><W73/><G101/><T90/><D127/><U79/><E79/><V68/><F131/><W28/><G73/><T102/><D102/><U125/><E125/><V20/><F68/><W55/><G77/><T120/><D42/><U75/><E75/><V30/><F30/><W89/><G9/><T87/><D121/><U95/><E27/><V17/><F134/><W92/><G28/><N who="1" m="10826" /><E52/><N who="2" m="29815" /><F111/><W50/><G50/><T86/><REACH who="0" step="1"/><D120/><REACH who="0" ten="120,250,380,240" step="2"/><U2/><E2/><V5/><F110/><W81/><G44/><T119/><D119/><U88/><E59/><V13/><F58/><W91/><G81/><T18/><D18/><U126/><E114/><V40/><F40/><W26/><G100/><T47/><D47/><U25/><E126/><V66/><F17/><W4/><G4/><AGARI ba="0,1" hai="3,4,11,61,62,78,82,83,86,87,90,98,103,104" machi="4" ten="40,8000,1" yaku="1,1,52,2,53,1" doraHai="80" doraHaiUra="34" who="0" fromWho="3" sc="120,90,250,0,380,0,240,-80" /><AGARI ba="0,0" hai="4,5,7,8,10,13,16,20,57,60,66" m="29815" machi="4" ten="30,3900,0" yaku="8,1,54,2" doraHai="80" who="2" fromWho="3" sc="210,0,250,0,380,39,160,-39" /><INIT seed="2,0,0,5,5,126" ten="210,250,419,121" oya="2" hai0="22,32,70,85,53,16,61,11,127,9,86,14,109" hai1="64,28,71,27,123,24,68,72,54,111,31,2,48" hai2="77,106,1,134,45,122,91,65,125,132,47,99,3" hai3="82,23,63,124,92,34,20,60,58,69,10,102,113"/><V104/><F77/><W40/><G124/><T95/><D127/><U6/><E72/><V15/><F125/><W29/><G34/><T90/><D109/><U93/><E111/><V55/><F65/><W49/><G113/><T129/><D32/><U62/><E123/><V115/><F15/><W0/><G69/><T119/><D129/><U43/><E6/><V101/><F91/><W76/><G63/><T37/><D37/><U44/><E2/><V4/><F115/><W42/><G0/><T112/><D119/><U50/><E93/><V51/><F106/><W103/><G10/><T83/><D112/><U38/><E24/><V26/><F122/><W19/><G29/><T7/><D7/><U80/><E80/><V25/><F47/><W35/><G35/><T94/><D70/><U135/><E135/><N who="2" m="51755" /><F3/><W108/><G108/><T100/><D100/><U67/><E27/><V121/><F121/><W87/><G20/><T89/><REACH who="0" step="1"/><D83/><REACH who="0" ten="200,250,419,121" step="2"/><U5/><E5/><V110/><F110/><W56/><G103/><T8/><D8/><AGARI ba="0,1" hai="1,4,8,25,26,45,51,55,99,101,104" m="51755" machi="8" ten="30,1500,0" yaku="20,1" doraHai="126" who="2" fromWho="0" sc="200,-15,250,0,419,25,121,0" /><INIT seed="2,1,0,4,3,9" ten="185,250,444,121" oya="2" hai0="27,132,73,110,4,63,5,75,117,71,16,121,26" hai1="49,21,119,46,107,91,59,36,39,55,131,11,86" hai2="13,1,112,35,58,88,24,94,123,111,53,74,54" hai3="115,42,38,95,118,124,32,120,113,66,79,68,30"/><V20/><F112/><W3/><G95/><T102/><D121/><U133/><E107/><V87/><F1/><W6/><G79/><T28/><D110/><U72/><E72/><V60/><F123/><W8/><G120/><T114/><D132/><U85/><E119/><V15/><F35/><W65/><G65/><T33/><D114/><U83/><E133/><V128/><F128/><W57/><G57/><T84/><D117/><U103/><E103/><V37/><F37/><W62/><G118/><T99/><D84/><U77/><E131/><V69/><F69/><W12/><G12/><N who="2" m="4681" /><F74/><W10/><G10/><T2/><D4/><U130/><E130/><V25/><F111/><W23/><G23/><T51/><D5/><U100/><E11/><V45/><F20/><W17/><G17/><T101/><D2/><U126/><E100/><V47/><F54/><W50/><G50/><T76/><D102/><U40/><E21/><V22/><F25/><W127/><G42/><T70/><D51/><U134/><E126/><N who="3" m="48170" /><G38/><T29/><D16/><AGARI ba="1,0" hai="16,22,24,45,47,53,58,60,87,88,94" m="4681" machi="16" ten="30,18000,2" yaku="8,1,52,3,54,2" doraHai="9" who="2" fromWho="0" sc="185,-183,250,0,444,183,121,0" /><INIT seed="2,2,0,1,4,41" ten="2,250,627,121" oya="2" hai0="88,76,77,75,90,114,45,113,89,108,50,86,52" hai1="57,47,19,120,13,59,32,134,132,97,133,33,111" hai2="109,62,119,63,81,87,82,135,123,1,125,126,2" hai3="42,103,21,60,96,9,49,130,25,85,79,128,121"/><V48/><F119/><W39/><G39/><T131/><D108/><U107/><E111/><V101/><F109/><W55/><G121/><T3/><D3/><U14/><E120/><V78/><F123/><W11/><G42/><T118/><D131/><N who="3" m="50217" /><G60/><T122/><D122/><U4/><E4/><V95/><F135/><W129/><N who="3" m="50225" /><W80/><DORA hai="53" /><G55/><T40/><D118/><U98/><E47/><V70/><F95/><N who="3" m="58783" /><G49/><N who="0" m="26791" /><D75/><U115/><E115/><N who="0" m="44041" /><D86/><U91/><E91/><N who="0" m="23297" /><T37/><DORA hai="68" /><D37/><U84/><E84/><V44/><F87/><W69/><G69/><T66/><D66/><U73/><E73/><V61/><F70/><W56/><G56/><N who="1" m="21578" /><E107/><V116/><F116/><W35/><G35/><N who="1" m="13386" /><E19/><AGARI ba="2,0" hai="9,11,19,21,25,79,80,85" m="58783,50225" machi="19" ten="40,1300,0" yaku="19,1" doraHai="41,53,68" who="3" fromWho="1" sc="2,0,250,-19,627,0,121,19" /><INIT seed="3,0,0,5,5,83" ten="2,231,627,140" oya="3" hai0="119,32,33,54,120,113,72,64,2,60,103,5,39" hai1="105,114,107,86,13,87,7,27,80,9,89,130,109" hai2="43,23,53,26,67,98,132,121,127,66,100,133,56" hai3="14,8,122,16,38,108,84,78,45,37,125,52,20"/><W59/><G122/><T135/><D54/><U131/><E114/><V94/><F127/><W57/><G125/><T51/><D51/><U35/><E109/><V99/><F43/><W46/><G108/><T116/><D120/><U49/><E49/><V128/><F128/><N who="1" m="49193" /><E27/><V69/><F99/><W44/><G37/><T75/><D135/><N who="2" m="51786" /><F69/><W29/><G38/><T10/><D103/><U24/><E24/><V15/><F15/><W22/><G57/><T41/><D113/><U70/><E70/><V12/><F12/><W50/><G29/><T42/><D60/><U77/><E35/><N who="0" m="13385" /><D42/><U63/><E63/><N who="2" m="36239" /><F121/><W110/><G110/><T112/><D64/><U118/><E118/><N who="0" m="45097" /><D112/><U92/><AGARI ba="0,0" hai="7,9,13,77,80,86,87,89,92,105,107" m="49193" machi="92" ten="30,4000,0" yaku="19,1,52,2" doraHai="83" who="1" fromWho="1" sc="2,-10,231,40,627,-10,140,-20" owari="-8,-51.0,271,7.0,617,72.0,120,-28.0" /></mjloggm>