<mjloggm ver="2.3"><GO type="41" lobby="0"/><UN n0="%E3%82%A2%E3%82%AD%E3%83%88%E3%82%AA%E3%83%AA%E3%82%AA%E3%83%B3" n1="%E2%93%9D%53%75%70%68%78" n2="%E5%84%84%E4%B8%87%E7%AC%91%E8%80%85" n3="%E3%82%81%E3%81%A3%E3%81%9F%E6%96%AC%E3%82%8A" dan="15,18,13,14" rate="1971.84,2132.25,1896.49,2012.28" sx="M,M,M,M"/><TAIKYOKU oya="0"/><INIT seed="0,0,0,0,4,16" ten="250,250,250,250" oya="0" hai0="85,1,21,82,116,8,83,74,106,19,60,64,9" hai1="72,48,132,40,63,55,108,111,99,91,109,56,52" hai2="14,95,129,92,134,75,71,61,68,125,34,29,22" hai3="107,81,65,26,4,66,24,13,128,69,51,47,20"/><T90/><D106/><U43/><E72/><V97/><F75/><W86/><G107/><T18/><D18/><U76/><E76/><V67/><F125/><W25/><G128/><T131/><D116/><U5/><E5/><V94/><F129/><W46/><G69/><T49/><D49/><U32/><E32/><V37/><F134/><W12/><G4/><T126/><D126/><U39/><E39/><V2/><F2/><W59/><G59/><T118/><D1/><U31/><E31/><V57/><F37/><W7/><G7/><T103/><D103/><U50/><E132/><V6/><F34/><W73/><G73/><T15/><D131/><U100/><E91/><V104/><F6/><W123/><G123/><T117/><D117/><U42/><REACH who="1" step="1"/><E55/><REACH who="1" ten="250,240,250,250" step="2"/><V93/><F29/><N who="3" m="17543" /><G66/><T10/><D118/><U35/><E35/><V110/><F67/><W44/><G65/><T115/><D115/><U3/><E3/><V98/><F97/><W96/><G96/><T11/><D74/><U62/><E62/><V78/><F98/><W119/><G51/><T27/><D60/><U127/><E127/><V30/><F61/><W101/><G119/><T120/><D64/><U89/><E89/><V84/><F78/><N who="3" m="46391" /><G101/><T17/><REACH who="0" step="1"/><D120/><REACH who="0" ten="240,240,250,250" step="2"/><U70/><E70/><V53/><F71/><W80/><G80/><AGARI ba="0,2" hai="8,9,10,11,15,17,19,21,27,80,82,83,85,90" machi="80" ten="40,12000,1" yaku="1,1,2,1,8,1,52,1,53,0" doraHai="16" doraHaiUra="102" who="0" fromWho="3" sc="240,140,240,0,250,0,250,-120" /><INIT seed="0,1,0,3,4,27" ten="380,240,250,130" oya="0" hai0="107,40,41,98,79,51,128,127,108,26,16,35,106" hai1="6,134,22,60,13,47,24,124,53,130,39,99,34" hai2="63,1,76,5,7,48,111,29,78,64,69,3,104" hai3="32,129,23,15,100,115,133,81,8,31,68,54,42"/><T125/><D79/><U49/><E130/><V37/><F37/><W20/><G115/><T105/><D128/><U135/><E39/><V12/><F104/><W17/><G129/><T112/><D112/><U30/><E124/><N who="0" m="47689" /><D98/><U120/><E120/><V86/><F111/><W57/><G68/><T66/><D66/><U14/><E6/><V93/><F48/><W102/><G133/><N who="1" m="50698" /><E34/><V82/><F82/><W38/><G81/><T110/><D51/><U28/><E99/><V0/><F29/><N who="1" m="11369" /><E60/><V132/><F7/><W59/><G42/><N who="0" m="16491" /><D35/><U25/><E25/><V85/><F1/><W90/><G38/><T73/><D73/><U97/><E97/><V126/><F3/><W2/><G2/><T9/><D26/><U58/><E47/><V19/><F0/><W84/><G32/><T94/><D94/><U89/><E89/><V131/><F126/><W88/><G90/><T74/><D74/><U91/><E91/><V95/><F132/><W44/><G102/><T123/><D123/><U96/><E96/><V65/><F63/><W114/><G100/><T67/><D67/><U10/><E10/><V116/><F65/><W46/><G114/><T72/><D72/><U50/><E50/><V55/><F64/><W117/><G117/><T21/><D9/><U70/><E70/><V52/><F69/><W36/><G8/><T101/><D101/><U122/><E122/><V119/><F116/><W87/><G36/><T77/><D77/><U92/><E92/><V18/><F119/><W103/><G103/><T61/><D61/><U62/><E62/><V43/><F93/><RYUUKYOKU ba="1,0" sc="380,15,240,15,250,-15,130,-15" hai0="16,21,105,106,107,108,110" hai1="13,14,22,24,49,53,58" /><INIT seed="0,2,0,0,5,24" ten="395,255,235,115" oya="0" hai0="114,46,90,20,44,64,100,111,110,108,124,43,96" hai1="98,131,49,10,102,27,11,92,65,9,25,85,23" hai2="69,50,57,56,125,129,67,59,134,39,36,133,21" hai3="2,122,128,119,106,31,58,62,66,130,116,88,34"/><T89/><D114/><U60/><E131/><N who="3" m="50218" /><G2/><T26/><D64/><U105/><E105/><V30/><F129/><W93/><G106/><T4/><D4/><U22/><E49/><V135/><F125/><W75/><G75/><T61/><D61/><U80/><E27/><N who="2" m="16751" /><F50/><W72/><G72/><T84/><D124/><U104/><E104/><V8/><F8/><W109/><G109/><T53/><D53/><U45/><E45/><N who="0" m="17513" /><D43/><U86/><E23/><V3/><F3/><W81/><G81/><T33/><D33/><U55/><E55/><V115/><F115/><W120/><G34/><T51/><D51/><U73/><E80/><V107/><F107/><W6/><G6/><T117/><D117/><N who="3" m="45129" /><G31/><N who="0" m="17863" /><D84/><AGARI ba="2,0" hai="58,62,66,84,88,93,120,122" m="45129,50218" machi="84" ten="30,2000,0" yaku="19,1,54,1" doraHai="24" who="3" fromWho="0" sc="395,-26,255,0,235,0,115,26" /><INIT seed="1,0,0,2,4,2" ten="369,255,235,141" oya="1" hai0="126,31,134,124,9,73,120,122,48,38,133,44,36" hai1="60,111,125,89,15,102,22,0,99,82,24,58,70" hai2="87,3,20,106,50,77,127,7,55,49,103,128,39" hai3="101,10,12,59,54,33,88,81,14,83,80,53,72"/><U135/><E0/><V19/><F39/><N who="0" m="14890" /><D73/><U42/><E135/><N who="0" m="51721" /><D9/><U37/><E125/><N who="0" m="48233" /><D31/><U11/><E70/><V130/><F127/><W92/><G33/><T129/><D129/><U119/><E111/><V105/><F77/><W90/><G72/><T91/><D91/><N who="3" m="34857" /><G14/><T25/><D25/><U108/><E108/><V116/><F87/><W117/><G117/><T1/><D1/><U63/><E119/><V113/><F116/><W43/><G43/><AGARI ba="0,0" hai="43,44,48,120,122" m="48233,51721,14890" machi="43" ten="40,8000,1" yaku="20,1,18,1,34,2" doraHai="2" who="0" fromWho="3" sc="369,80,255,0,235,0,141,-80" /><INIT seed="2,0,0,5,0,99" ten="449,255,235,61" oya="2" hai0="6,75,123,127,131,35,107,78,61,71,19,68,45" hai1="59,0,111,41,97,102,91,109,95,24,92,51,115" hai2="13,2,9,114,89,21,31,63,12,79,94,98,126" hai3="117,128,105,93,86,72,53,113,50,70,57,26,80"/><V16/><F114/><W64/><G117/><T83/><D19/><U60/><E0/><V125/><F2/><W119/><G105/><T124/><D45/><U40/><E115/><V88/><F79/><W96/><G119/><T38/><D6/><U33/><E33/><V84/><F63/><W130/><G113/><T135/><D61/><U65/><E24/><V5/><REACH who="2" step="1"/><F31/><REACH who="2" ten="449,255,225,61" step="2"/><W100/><G72/><T133/><D78/><U36/><E111/><V30/><F30/><W55/><G70/><T10/><D71/><U77/><E109/><V32/><F32/><W52/><G26/><T46/><D68/><U62/><E77/><V81/><AGARI ba="0,1" hai="5,9,12,13,16,21,81,84,88,89,94,98,125,126" machi="81" ten="30,12000,1" yaku="1,1,0,1,54,2,53,1" doraHai="99" doraHaiUra="4" who="2" fromWho="2" sc="449,-40,255,-40,225,130,61,-40" /><INIT seed="2,1,0,4,2,126" ten="409,215,355,21" oya="2" hai0="115,21,83,110,40,55,42,1,64,135,81,76,69" hai1="65,113,39,7,129,59,73,119,5,62,54,107,109" hai2="72,95,99,70,100,111,36,22,31,34,101,97,48" hai3="27,35,19,17,43,96,20,102,84,104,32,41,114"/><V4/><F36/><W6/><G114/><T71/><D1/><U74/><E107/><V86/><F72/><W56/><G6/><T58/><D81/><U68/><E113/><V49/><F70/><W26/><G84/><T8/><D8/><U18/><E119/><V122/><F122/><W121/><G121/><T92/><D92/><U37/><E109/><V118/><F118/><W45/><G43/><T108/><D135/><U123/><E18/><V78/><F34/><W23/><REACH who="3" step="1"/><G56/><REACH who="3" ten="409,215,355,11" step="2"/><T10/><D42/><U106/><E7/><V57/><F86/><W38/><AGARI ba="1,1" hai="17,19,20,23,26,27,32,35,38,41,45,96,102,104" machi="38" ten="20,8000,1" yaku="1,1,2,1,0,1,7,1,9,1,53,0" doraHai="126" doraHaiUra="79" who="3" fromWho="3" sc="409,-21,215,-21,355,-41,11,93" /><INIT seed="3,0,0,2,0,6" ten="388,194,314,104" oya="3" hai0="62,42,76,60,10,19,44,12,84,22,119,25,50" hai1="82,18,68,70,46,92,85,28,134,32,59,83,43" hai2="41,69,121,104,117,51,33,89,91,9,100,54,21" hai3="81,23,3,4,86,37,2,61,123,63,66,108,56"/><W102/><G123/><T79/><D119/><U130/><E130/><V116/><F69/><W24/><G37/><T128/><D128/><U105/><E105/><V127/><F33/><W34/><G108/><T39/><D39/><U11/><E134/><V99/><F127/><W5/><G34/><T38/><D38/><U96/><E59/><V90/><F121/><W115/><G115/><T120/><D120/><U29/><E70/><V98/><F41/><W101/><G3/><T132/><D132/><U58/><E58/><V113/><F113/><W87/><G2/><T0/><D0/><U26/><E68/><V77/><F77/><W88/><G87/><T107/><D107/><U48/><E29/><V57/><F99/><W27/><G63/><T52/><D79/><U114/><E85/><V133/><F133/><W74/><G74/><T65/><D65/><U31/><E31/><V125/><F125/><W109/><G109/><T72/><D72/><U103/><REACH who="1" step="1"/><E114/><REACH who="1" ten="388,184,314,104" step="2"/><V20/><F116/><W16/><REACH who="3" step="1"/><G27/><REACH who="3" ten="388,184,314,94" step="2"/><T64/><D25/><U80/><E80/><V71/><F117/><W13/><G13/><AGARI ba="0,2" hai="11,13,18,26,28,32,43,46,48,82,83,92,96,103" machi="13" ten="40,2600,0" yaku="1,1,52,1,53,0" doraHai="6" doraHaiUra="106" who="1" fromWho="3" sc="388,0,184,46,314,0,94,-26" /><INIT seed="4,0,0,3,5,17" ten="388,230,314,68" oya="0" hai0="130,111,113,15,108,50,64,133,59,102,91,80,105" hai1="38,72,33,129,131,90,127,37,78,89,3,6,119" hai2="124,92,32,25,49,5,125,84,69,10,58,2,128" hai3="63,61,88,95,20,9,93,135,39,104,19,101,29"/><T40/><D105/><U83/><E33/><V7/><F69/><W118/><G39/><T79/><D102/><U21/><E119/><V48/><F128/><N who="1" m="49225" /><E127/><N who="2" m="48715" /><F58/><W44/><G118/><T65/><D91/><N who="1" m="34827" /><E6/><V18/><F92/><W71/><G104/><T116/><D116/><U42/><E3/><N who="2" m="319" /><F84/><N who="3" m="52359" /><G71/><T70/><D70/><U112/><E42/><V23/><F48/><W0/><G0/><T114/><D50/><U4/><E4/><V94/><F94/><W27/><G135/><T53/><D133/><U1/><E1/><V51/><F32/><W11/><G44/><T54/><D130/><U132/><E132/><V46/><F46/><W22/><G11/><AGARI ba="0,0" hai="2,7,11,18,23,25,49,51" m="319,48715" machi="11" ten="30,2000,0" yaku="18,1,52,1" doraHai="17" who="2" fromWho="3" sc="388,0,230,0,314,20,68,-20" /><INIT seed="5,0,0,4,0,35" ten="388,230,334,48" oya="1" hai0="125,5,108,52,44,97,24,4,29,25,114,51,79" hai1="121,76,38,123,111,122,131,56,46,71,60,3,90" hai2="22,113,94,30,96,107,12,47,18,112,104,1,69" hai3="126,37,6,32,75,106,66,65,80,26,36,116,124"/><U91/><E76/><V67/><F30/><W86/><G75/><T20/><D108/><U19/><E111/><V83/><F83/><W109/><G106/><T99/><D114/><N who="2" m="44138" /><F47/><W10/><G109/><T110/><D110/><U135/><E131/><V93/><F1/><N who="3" m="335" /><G116/><T82/><D125/><N who="3" m="48233" /><G26/><T81/><D25/><U33/><E135/><V128/><F128/><W61/><G32/><T85/><D82/><U87/><E33/><V77/><F77/><N who="3" m="46351" /><G66/><T23/><D23/><U88/><E123/><V127/><F127/><W84/><G84/><T0/><D0/><U34/><E87/><V105/><F96/><AGARI ba="0,0" hai="4,5,20,24,29,44,51,52,79,81,85,96,97,99" machi="96" ten="40,2600,0" yaku="8,1,54,1" doraHai="35" who="0" fromWho="2" sc="388,26,230,0,334,-26,48,0" /><INIT seed="6,0,0,4,2,121" ten="414,230,308,48" oya="2" hai0="95,79,128,105,11,32,74,50,115,52,65,3,64" hai1="70,58,101,104,89,107,39,87,129,53,75,124,118" hai2="12,91,122,114,43,78,84,61,90,17,135,59,102" hai3="28,2,47,30,48,134,73,41,98,83,6,54,34"/><V117/><F122/><W97/><G134/><T66/><D105/><U77/><E70/><V100/><F117/><W94/><G98/><T93/><D32/><U56/><E39/><V0/><F0/><W132/><G132/><T120/><D120/><U116/><E58/><V82/><F135/><W86/><G73/><T15/><D3/><U42/><E42/><V36/><F43/><W29/><G34/><T80/><D115/><U85/><E56/><V110/><F36/><W45/><G2/><T96/><D96/><U21/><E21/><V18/><F114/><W20/><G6/><T27/><D27/><U99/><E53/><V26/><F26/><W31/><N who="3" m="7168" /><DORA hai="23" /><W112/><G112/><T44/><REACH who="0" step="1"/><D128/><REACH who="0" ten="404,230,308,48" step="2"/><U133/><E133/><V68/><F100/><W92/><G20/><T16/><AGARI ba="0,1" hai="11,15,16,44,50,52,64,65,66,74,79,80,93,95" machi="16" ten="30,12000,2" yaku="1,1,2,1,0,1,54,2,53,2" doraHai="121,23" doraHaiUra="13,9" who="0" fromWho="0" sc="404,130,230,-30,308,-60,48,-30" /><INIT seed="7,0,0,4,2,64" ten="534,200,248,18" oya="3" hai0="37,28,24,34,81,57,108,75,62,23,85,109,118" hai1="116,105,97,87,22,43,39,13,18,6,124,40,55" hai2="17,99,10,65,103,86,77,15,31,32,135,54,69" hai3="33,53,76,111,63,100,83,70,58,8,45,51,128"/><W130/><G33/><T67/><D37/><U66/><E124/><V127/><F127/><W106/><G8/><T35/><D75/><U68/><E116/><V134/><F54/><N who="3" m="30063" /><G100/><T41/><D41/><U61/><E6/><V96/><F77/><W46/><G106/><T9/><D118/><U93/><E39/><V94/><F96/><W11/><G11/><T56/><D9/><U92/><E105/><V42/><F86/><W78/><G83/><T47/><D47/><U0/><E0/><V102/><F102/><W20/><G20/><T50/><D35/><U19/><E55/><V44/><F31/><W30/><G30/><T38/><D23/><U16/><E19/><V60/><F32/><W98/><G98/><T122/><D85/><U4/><E4/><V25/><F25/><W12/><G12/><T21/><D81/><U119/><E119/><V117/><F117/><W132/><G78/><T73/><D21/><U79/><E18/><V71/><F71/><W95/><G95/><T89/><D73/><U7/><E7/><V2/><F2/><W52/><G76/><T115/><D89/><U72/><E72/><V121/><F121/><W36/><G132/><T104/><D104/><U82/><REACH who="1" step="1"/><E93/><REACH who="1" ten="534,190,248,18" step="2"/><V1/><REACH who="2" step="1"/><F1/><REACH who="2" ten="534,190,238,18" step="2"/><W90/><G90/><AGARI ba="0,2" hai="13,16,22,40,43,61,66,68,79,82,87,90,92,97" machi="90" ten="30,8000,1" yaku="1,1,2,1,7,1,52,1,54,1,53,0" doraHai="64" doraHaiUra="113" who="1" fromWho="3" sc="534,0,190,100,238,0,18,-80" owari="534,63.0,290,9.0,238,-16.0,-62,-56.0" /></mjloggm>