<mjloggm ver="2.3"><GO type="41" lobby="0"/><UN n0="%E2%93%9D%53%75%70%68%78" n1="%73%69%6B%6F%74%61%72%6F" n2="%E3%81%95%E3%82%86" n3="%61%72%6D%65%64" dan="17,13,15,15" rate="2049.87,1848.05,2040.24,2003.16" sx="M,M,F,M"/><TAIKYOKU oya="0"/><INIT seed="0,0,0,3,2,43" ten="250,250,250,250" oya="0" hai0="64,80,59,132,130,97,119,106,103,58,135,65,21" hai1="56,13,88,42,6,134,0,120,94,7,72,83,99" hai2="104,28,34,52,87,1,2,53,41,82,76,40,77" hai3="36,18,75,70,90,47,66,26,92,95,49,113,57"/><T37/><D119/><U45/><E0/><V107/><F87/><W8/><G113/><T38/><D21/><U9/><E56/><N who="0" m="21545" /><D80/><U4/><E134/><N who="0" m="51241" /><D130/><U86/><E72/><V84/><F84/><W39/><G75/><T117/><D117/><U14/><E14/><V55/><F82/><W46/><G70/><T78/><D78/><N who="2" m="30314" /><F28/><W100/><G36/><AGARI ba="0,0" hai="36,37,38,64,65,97,103,106" m="51241,21545" machi="36" ten="30,1500,0" yaku="20,1" doraHai="43" who="0" fromWho="3" sc="250,15,250,0,250,0,250,-15" /><INIT seed="0,1,0,5,1,16" ten="265,250,250,235" oya="0" hai0="45,56,13,30,134,95,78,41,108,14,90,1,94" hai1="113,100,40,98,74,75,20,115,125,34,132,87,29" hai2="47,21,123,93,121,52,15,79,88,36,57,99,106" hai3="110,12,73,72,7,82,37,89,5,32,61,135,91"/><T68/><D1/><U63/><E34/><V104/><F79/><W118/><G37/><T70/><D78/><U69/><E40/><V49/><F36/><W96/><G118/><T116/><D116/><U17/><E29/><V43/><F106/><W67/><G32/><T131/><D134/><U38/><E38/><V103/><F47/><W133/><G110/><T18/><D131/><U122/><E125/><V48/><F48/><W92/><G12/><T35/><D56/><U65/><E122/><V102/><F102/><W53/><G53/><T114/><D114/><N who="1" m="43531" /><E87/><N who="2" m="52383" /><F43/><W129/><G129/><T83/><D108/><U105/><E132/><V59/><F57/><W4/><G133/><T8/><D70/><U62/><E62/><V124/><F124/><W31/><G31/><T50/><D68/><U111/><E111/><V11/><F11/><W119/><G119/><T19/><D30/><U22/><E17/><AGARI ba="1,0" hai="15,17,21,49,52,59,99,103,104,121,123" m="52383" machi="17" ten="30,7700,0" yaku="25,1,52,1,54,2" doraHai="16" who="2" fromWho="1" sc="265,0,250,-80,250,80,235,0" /><INIT seed="1,0,0,1,5,22" ten="265,170,330,235" oya="1" hai0="109,1,135,112,5,23,36,131,69,92,35,101,42" hai1="70,110,82,59,100,108,132,77,95,16,40,68,123" hai2="75,27,9,24,76,50,38,98,49,56,62,102,12" hai3="96,11,71,103,8,79,14,105,116,51,26,122,133"/><U74/><E123/><V43/><F38/><W31/><G122/><T111/><D112/><U53/><E40/><V80/><F43/><W34/><G133/><T63/><D35/><U17/><E132/><V60/><F60/><W41/><G116/><T0/><D131/><U117/><E117/><V19/><F49/><W64/><G79/><T46/><D5/><U66/><E95/><V15/><F15/><W93/><G93/><T4/><D23/><U54/><E100/><V81/><F81/><W118/><G118/><T119/><D4/><U115/><E115/><V29/><F50/><W94/><G94/><T73/><D73/><U57/><E66/><V126/><F29/><W114/><G114/><T6/><D6/><U3/><E3/><V33/><F33/><W120/><G120/><T47/><D119/><U21/><E17/><V20/><F20/><W48/><G41/><T99/><D47/><U78/><E78/><V107/><F126/><W58/><G58/><N who="1" m="22026" /><E68/><V44/><REACH who="2" step="1"/><F44/><REACH who="2" ten="265,170,320,235" step="2"/><W128/><G128/><T87/><D135/><U113/><E113/><V89/><F89/><W88/><G88/><T106/><D1/><U39/><E39/><V55/><AGARI ba="0,1" hai="9,12,19,24,27,55,56,62,75,76,80,98,102,107" machi="55" ten="20,8000,1" yaku="1,1,0,1,7,1,52,2,53,0" doraHai="22" doraHaiUra="28" who="2" fromWho="2" sc="265,-20,170,-40,320,90,235,-20" /><INIT seed="2,0,0,5,5,52" ten="245,130,410,215" oya="2" hai0="129,62,95,77,83,3,126,103,44,55,99,5,90" hai1="56,63,107,71,2,73,10,79,117,32,100,11,18" hai2="31,40,25,124,119,104,89,68,38,1,88,135,17" hai3="20,42,45,121,97,41,72,36,51,67,134,6,59"/><V28/><F119/><W23/><G121/><T122/><D122/><U12/><E71/><V98/><F1/><W132/><G72/><T34/><D34/><U106/><E32/><V81/><F68/><W37/><G6/><T76/><D126/><U82/><E117/><V58/><F40/><N who="3" m="15467" /><G97/><T43/><D129/><U66/><REACH who="1" step="1"/><E100/><REACH who="1" ten="245,120,410,215" step="2"/><V16/><F124/><W27/><G20/><T35/><D103/><U69/><E69/><V0/><F38/><W9/><G23/><T115/><D35/><U47/><E47/><V123/><F123/><W120/><G120/><T80/><D44/><U91/><E91/><V7/><F89/><W112/><G112/><T21/><D21/><U8/><E8/><V22/><F22/><W101/><G101/><T118/><D115/><U85/><E85/><V86/><F28/><W75/><G75/><T54/><D118/><U50/><E50/><V24/><F31/><W65/><G9/><T131/><D90/><U15/><E15/><V125/><F125/><W94/><G27/><T13/><D13/><U87/><E87/><V128/><F25/><W30/><G30/><T84/><D84/><U46/><E46/><V29/><F24/><W49/><G36/><T61/><D3/><U14/><E14/><V114/><F29/><W93/><G37/><T53/><D77/><U116/><E116/><V33/><F0/><W113/><G113/><T60/><D76/><U130/><E130/><V111/><F128/><W92/><G45/><T4/><D131/><U133/><E133/><N who="3" m="51306" /><G49/><T96/><D43/><U48/><E48/><V109/><F114/><RYUUKYOKU ba="0,1" sc="245,-15,120,15,410,-15,215,15" hai1="2,10,11,12,18,56,63,66,73,79,82,106,107" hai3="51,59,65,67,92,93,94" /><INIT seed="3,1,1,1,2,14" ten="230,135,395,230" oya="3" hai0="22,102,69,120,64,56,8,129,100,84,0,24,133" hai1="81,16,2,5,47,35,53,41,48,111,105,49,75" hai2="108,63,72,130,89,87,106,71,134,65,30,77,3" hai3="43,1,103,98,29,32,124,11,18,128,76,86,109"/><W20/><G124/><T121/><D69/><U61/><E35/><V68/><F108/><W37/><G128/><T116/><D116/><U126/><E105/><V115/><F115/><W17/><G109/><T23/><D133/><U58/><E5/><V38/><F3/><W88/><G32/><T51/><D129/><U46/><E2/><V114/><F114/><W57/><G37/><T6/><D23/><U15/><E126/><V78/><F106/><W4/><G43/><T33/><D84/><U97/><E97/><V83/><F134/><W132/><G76/><T118/><D118/><U119/><E111/><V9/><F38/><W67/><G132/><T36/><D33/><U19/><E15/><V92/><F30/><W113/><G113/><T125/><D36/><U10/><E10/><V127/><F78/><W45/><G45/><T95/><D121/><U34/><E34/><V107/><F107/><W96/><G96/><T73/><D73/><U90/><E119/><V31/><F31/><W135/><G135/><T82/><D120/><U42/><REACH who="1" step="1"/><E75/><REACH who="1" ten="230,125,395,230" step="2"/><V13/><F127/><W85/><G85/><AGARI ba="1,2" hai="16,19,41,42,46,47,48,49,53,58,61,81,85,90" machi="85" ten="40,12000,2" yaku="1,1,2,1,9,1,8,1,52,2,54,1,53,0" doraHai="14" doraHaiUra="110" who="1" fromWho="3" sc="230,0,125,143,395,0,230,-123" /><INIT seed="4,0,0,1,3,49" ten="230,268,395,107" oya="0" hai0="42,104,98,96,99,65,28,105,112,53,7,113,102" hai1="32,128,67,117,30,21,63,124,88,110,10,46,5" hai2="123,86,0,125,114,62,83,22,131,36,15,126,95" hai3="60,43,69,50,41,101,66,129,108,103,51,87,55"/><T130/><D42/><N who="3" m="15881" /><G87/><T44/><D65/><U39/><E117/><V133/><F0/><W107/><G101/><T78/><D28/><U120/><E32/><V13/><F36/><W100/><G103/><T122/><D7/><U90/><E46/><V84/><F123/><W68/><G100/><T109/><D130/><U85/><E39/><V115/><F133/><W24/><G24/><T81/><D122/><U127/><E128/><V132/><F132/><W116/><G107/><T92/><D44/><U17/><E110/><V72/><F62/><N who="3" m="40023" /><G129/><T37/><D37/><U19/><E30/><V4/><F95/><W64/><G108/><T20/><D20/><U71/><E120/><V12/><F22/><W76/><G76/><T29/><D29/><U61/><E63/><V94/><F94/><W82/><G82/><T34/><D34/><U52/><E85/><N who="2" m="32875" /><F4/><W73/><G73/><N who="0" m="43215" /><D109/><U74/><E19/><V8/><F8/><W89/><G89/><T118/><D118/><U16/><E17/><V14/><F14/><W47/><G116/><T111/><D111/><U121/><E74/><V26/><F26/><W25/><G25/><T45/><D105/><U75/><E75/><V23/><F23/><W57/><G50/><N who="0" m="28879" /><D104/><U31/><E31/><V11/><F11/><W59/><AGARI ba="0,0" hai="47,51,55,57,59,60,64,69" m="40023,15881" machi="59" ten="30,12000,2" yaku="35,5,52,1" doraHai="49" who="3" fromWho="3" sc="230,-60,268,-30,395,-30,107,120" /><INIT seed="5,0,0,0,1,47" ten="170,238,365,227" oya="1" hai0="51,26,108,24,85,126,106,59,123,55,58,122,16" hai1="105,115,11,41,104,62,78,96,56,7,25,109,130" hai2="53,4,98,80,39,36,49,0,33,90,66,69,88" hai3="75,13,89,9,91,32,86,107,19,129,29,18,84"/><U125/><E115/><V6/><F33/><W28/><G75/><T97/><D108/><U93/><E109/><V72/><F69/><W111/><G111/><T45/><D126/><U119/><E125/><V43/><F66/><W73/><G73/><T83/><D106/><U31/><E78/><V112/><F112/><W65/><G107/><T54/><D97/><U50/><E130/><V14/><F0/><W127/><G129/><T8/><D26/><U116/><E50/><V103/><F80/><W30/><G32/><T77/><D45/><U5/><E5/><V1/><F1/><W15/><G127/><T95/><D95/><U12/><E41/><V46/><F72/><W117/><G117/><T135/><D135/><U120/><E120/><V82/><F39/><W42/><G65/><T23/><REACH who="0" step="1"/><D8/><REACH who="0" ten="160,238,365,227" step="2"/><U10/><E10/><V76/><F98/><W100/><G100/><T74/><D74/><U34/><E116/><V22/><F103/><W128/><G128/><T61/><AGARI ba="0,1" hai="16,23,24,51,54,55,58,59,61,77,83,85,122,123" machi="61" ten="30,7900,0" yaku="1,1,0,1,52,1,54,1,53,0" doraHai="47" doraHaiUra="134" who="0" fromWho="0" sc="160,89,238,-39,365,-20,227,-20" /><INIT seed="6,0,0,4,3,93" ten="249,199,345,207" oya="2" hai0="118,37,117,116,61,73,110,129,83,66,124,28,56" hai1="18,99,135,74,121,10,100,14,20,42,8,114,103" hai2="9,48,34,127,59,87,112,65,1,31,68,69,105" hai3="46,130,113,60,64,106,54,84,43,91,36,44,26"/><V125/><F105/><W88/><G130/><T3/><D110/><U101/><E74/><V78/><F34/><W0/><G0/><T104/><D124/><U94/><E114/><V132/><F112/><W7/><G113/><T107/><D129/><U70/><E135/><V53/><F31/><W29/><G106/><T72/><D37/><U131/><E131/><V80/><F132/><W2/><G2/><T67/><D3/><U95/><E70/><V50/><F50/><W58/><G7/><T79/><D73/><U23/><E121/><V11/><F1/><W123/><G123/><T40/><D40/><U92/><E42/><V86/><F87/><W134/><G134/><T109/><D109/><U63/><E63/><N who="2" m="39999" /><F69/><W12/><G12/><T33/><REACH who="0" step="1"/><D67/><REACH who="0" ten="239,199,345,207" step="2"/><U25/><REACH who="1" step="1"/><E99/><REACH who="1" ten="239,189,345,207" step="2"/><V5/><F127/><W27/><G43/><T32/><D32/><U98/><E98/><V35/><F35/><W15/><G36/><T119/><D119/><U4/><E4/><V49/><F5/><W52/><G84/><T126/><D126/><U24/><E24/><AGARI ba="0,2" hai="24,28,33,56,61,66,72,79,83,104,107,116,117,118" machi="24" ten="40,2600,0" yaku="1,1,12,1,53,0" doraHai="93" doraHaiUra="90" who="0" fromWho="1" sc="239,46,189,-26,345,0,207,0" /><INIT seed="7,0,0,1,0,98" ten="285,163,345,207" oya="3" hai0="52,38,88,105,5,85,89,103,96,109,120,35,19" hai1="11,39,100,20,46,24,51,99,128,113,71,129,65" hai2="8,93,123,119,21,36,64,116,102,57,86,22,84" hai3="95,131,106,4,7,58,14,75,83,134,55,108,32"/><W53/><G106/><T3/><D109/><U45/><E113/><V50/><F36/><W26/><G108/><T82/><D120/><U135/><E39/><V6/><F123/><W49/><G134/><T15/><D35/><U43/><E135/><V13/><F119/><W54/><G131/><T133/><D38/><U101/><E11/><V42/><F116/><W87/><G75/><T56/><D3/><U110/><E110/><V41/><F102/><N who="1" m="39529" /><E99/><V25/><F22/><W104/><G95/><T94/><D133/><U126/><E71/><V67/><F93/><W62/><G32/><T107/><D5/><N who="3" m="2121" /><G104/><T77/><D107/><U118/><E118/><V59/><F86/><W0/><G0/><T44/><D44/><U29/><E126/><V31/><F84/><W63/><G26/><T12/><D105/><U27/><E65/><N who="2" m="25163" /><F50/><W114/><G14/><N who="0" m="5163" /><D19/><U130/><E46/><V47/><F47/><W10/><G10/><T80/><D80/><U92/><E92/><V48/><F48/><AGARI ba="0,0" hai="48,52,56,77,82,85,88,89,94,96,103" m="5163" machi="48" ten="30,7700,0" yaku="8,1,52,1,54,2" doraHai="98" who="0" fromWho="2" sc="285,77,163,0,345,-77,207,0" owari="362,46.0,163,-34.0,268,7.0,207,-19.0" /></mjloggm>