<mjloggm ver="2.3"><GO type="41" lobby="0"/><UN n0="%77%75%66%65%6E%67" n1="%E3%81%8A%E3%81%97%E3%82%83%E3%82%82%E3%81%98" n2="%E2%93%9D%53%75%70%68%78" n3="%E3%81%82%E3%82%93%E3%81%93%E3%81%AE%E3%81%8A%E3%81%AA%E3%81%8B" dan="14,13,17,14" rate="1930.21,1845.18,2036.56,1980.22" sx="F,M,M,M"/><TAIKYOKU oya="0"/><INIT seed="0,0,0,5,5,124" ten="250,250,250,250" oya="0" hai0="71,125,107,85,56,134,45,10,132,69,6,115,47" hai1="62,32,60,54,25,114,31,26,77,44,89,67,19" hai2="133,94,76,105,91,98,72,79,87,27,81,135,121" hai3="106,126,119,100,4,43,66,34,108,75,84,102,49"/><T111/><D115/><U7/><E114/><V93/><F27/><W63/><G84/><T130/><D107/><U99/><E77/><V8/><F8/><W129/><G102/><T38/><D125/><U17/><E7/><V82/><F121/><W120/><G4/><T88/><D38/><U117/><E117/><V96/><REACH who="2" step="1"/><F105/><REACH who="2" ten="250,250,240,250" step="2"/><W109/><G106/><T104/><D104/><U21/><E32/><V37/><F37/><W61/><G120/><T78/><D132/><U80/><E25/><V83/><F83/><W1/><G119/><T95/><D134/><U65/><E80/><V110/><F110/><W86/><G108/><T128/><D111/><U41/><E26/><V70/><F70/><W68/><G68/><T90/><D71/><U2/><E21/><V123/><F123/><W29/><G109/><T92/><D69/><U36/><E36/><V30/><F30/><W74/><G29/><T15/><D78/><U113/><E31/><V0/><F0/><W73/><G1/><T50/><D56/><U122/><E2/><V97/><F97/><W22/><G22/><T12/><D15/><U112/><E99/><V51/><F51/><W5/><G49/><T58/><D58/><U18/><E122/><V59/><F59/><W14/><G14/><T35/><D35/><U3/><E3/><V64/><F64/><W127/><G66/><T116/><D116/><U20/><E67/><V9/><F9/><W55/><G34/><T46/><REACH who="0" step="1"/><D50/><REACH who="0" ten="240,250,240,250" step="2"/><U13/><E113/><V23/><F23/><W42/><G127/><T28/><D28/><U39/><E112/><RYUUKYOKU ba="0,2" sc="240,15,250,-15,240,15,250,-15" hai0="6,10,12,45,46,47,85,88,90,92,95,128,130" hai2="72,76,79,81,82,87,91,93,94,96,98,133,135" /><INIT seed="0,1,2,3,3,73" ten="255,235,255,235" oya="0" hai0="46,78,65,41,44,72,115,17,124,76,66,2,11" hai1="4,59,97,50,133,104,90,86,26,131,87,31,23" hai2="122,13,125,40,89,12,14,77,110,114,42,63,120" hai3="109,36,118,95,134,116,69,135,82,54,56,107,126"/><T25/><D115/><U84/><E131/><V53/><F114/><W119/><G107/><T19/><D72/><U38/><E38/><V91/><F110/><W35/><G35/><T21/><D124/><U70/><E70/><V64/><F53/><W106/><G106/><T88/><D2/><U34/><E133/><N who="3" m="50698" /><G95/><T7/><D7/><U129/><E129/><V30/><F30/><W39/><G82/><T98/><D41/><U47/><E4/><V130/><F130/><W111/><G69/><T79/><D46/><U6/><E6/><V117/><F117/><W71/><G71/><T75/><D44/><U67/><E34/><V58/><F125/><W85/><G85/><T5/><D75/><U27/><E104/><V48/><F122/><W113/><G113/><T16/><D5/><U49/><E97/><V10/><F10/><W68/><G68/><T61/><D61/><U127/><E127/><V1/><F1/><W24/><G24/><T128/><D128/><U102/><E102/><V0/><F0/><W99/><G99/><T123/><D123/><U105/><E105/><V45/><F120/><W3/><G3/><T103/><D103/><U29/><E90/><N who="2" m="34315" /><F42/><W18/><G18/><N who="0" m="12471" /><D11/><U15/><E15/><V62/><F62/><N who="3" m="36119" /><G126/><T55/><D55/><U100/><E100/><V132/><F132/><W83/><G83/><T60/><D60/><U20/><E47/><V8/><F8/><W32/><G32/><T43/><D43/><U33/><E33/><V92/><F92/><AGARI ba="1,2" hai="16,17,19,65,66,76,78,79,88,92,98" m="12471" machi="92" ten="30,18000,2" yaku="8,1,52,3,54,2" doraHai="73" who="0" fromWho="2" sc="255,203,235,0,255,-183,235,0" /><INIT seed="0,2,0,4,1,104" ten="458,235,72,235" oya="0" hai0="125,80,75,46,64,65,84,93,61,32,120,89,105" hai1="106,102,17,110,21,123,66,88,9,135,27,24,70" hai2="132,2,124,54,95,71,39,49,14,97,87,40,63" hai3="86,92,129,79,34,76,47,44,41,119,73,81,72"/><T11/><D120/><U8/><E110/><V53/><F2/><W28/><G119/><T57/><D32/><U48/><E135/><V108/><F87/><W31/><G92/><T36/><D125/><U98/><E123/><V20/><F108/><W94/><G94/><T90/><D105/><U43/><E70/><V122/><F132/><W26/><G129/><T58/><D11/><U109/><E66/><V82/><F39/><W25/><G79/><T38/><D46/><U131/><E131/><V29/><F82/><W12/><G12/><T30/><D30/><U115/><E115/><V3/><F3/><W6/><G6/><T91/><D91/><U85/><E27/><V37/><F37/><W126/><G126/><T52/><D65/><U13/><E109/><V130/><F122/><W114/><G114/><T74/><D38/><U99/><E99/><V103/><F130/><W59/><G59/><T100/><D100/><U113/><E113/><V69/><F69/><W67/><G67/><T35/><D35/><U62/><E62/><V33/><F63/><W23/><G47/><T112/><D36/><AGARI ba="2,0" hai="23,25,26,28,31,34,36,41,44,72,73,76,81,86" machi="36" ten="30,3900,0" yaku="7,1,52,2" doraHai="104" who="3" fromWho="0" sc="458,-45,235,0,72,0,235,45" /><INIT seed="1,0,0,4,0,55" ten="413,235,72,280" oya="1" hai0="131,72,60,14,96,38,1,89,17,121,77,135,128" hai1="118,99,97,8,119,122,95,112,133,23,100,2,94" hai2="102,21,83,68,79,24,37,92,6,87,25,75,5" hai3="111,31,117,34,52,62,45,115,120,4,85,53,67"/><U129/><E112/><V42/><F68/><W130/><G115/><T0/><D38/><U39/><E122/><V9/><F6/><W32/><G120/><T28/><D121/><U12/><E39/><V73/><F73/><W91/><G111/><T20/><D135/><U15/><E133/><V40/><F25/><W108/><G108/><T63/><D28/><U125/><E129/><N who="0" m="49737" /><D77/><U27/><E125/><V82/><F92/><W71/><G130/><T57/><D72/><U11/><E2/><N who="0" m="1129" /><D57/><U3/><E3/><V48/><F37/><W126/><G4/><T109/><D109/><U13/><E119/><V116/><F116/><W127/><G117/><T124/><D124/><N who="3" m="47657" /><G45/><T36/><D36/><U103/><REACH who="1" step="1"/><E118/><REACH who="1" ten="413,225,72,280" step="2"/><V44/><F75/><W19/><G34/><T41/><D41/><U56/><E56/><V69/><F42/><W22/><G32/><T88/><D96/><U123/><E123/><V84/><F40/><W81/><G31/><AGARI ba="0,1" hai="8,11,12,13,15,23,27,31,94,95,97,99,100,103" machi="31" ten="40,7700,0" yaku="1,1,9,1,8,1,53,0" doraHai="55" doraHaiUra="70" who="1" fromWho="3" sc="413,0,225,87,72,0,280,-77" /><INIT seed="1,1,0,5,4,25" ten="413,312,72,203" oya="1" hai0="70,107,14,22,133,82,74,84,122,88,3,92,34" hai1="111,37,24,118,67,16,46,73,17,41,5,94,7" hai2="48,120,10,44,42,43,27,114,40,128,98,131,72" hai3="33,100,55,80,23,61,12,60,116,28,68,87,13"/><U104/><E104/><V49/><F72/><W52/><G33/><T30/><D3/><U21/><E73/><V132/><F10/><W36/><G36/><T103/><D70/><U79/><E79/><V121/><F98/><W125/><G125/><T76/><D34/><U86/><E118/><V63/><F27/><N who="3" m="16511" /><G68/><T11/><D133/><U135/><E135/><V58/><F132/><W39/><G39/><T19/><D22/><U81/><E67/><N who="2" m="39415" /><F114/><W119/><G119/><T105/><D122/><N who="2" m="47210" /><F49/><W50/><G100/><T18/><D30/><U85/><E94/><V115/><F115/><W78/><G116/><T6/><D105/><U97/><E97/><AGARI ba="1,0" hai="6,11,14,18,19,74,76,82,84,88,92,97,103,107" machi="97" ten="40,5200,0" yaku="24,2,54,1" doraHai="25" who="0" fromWho="1" sc="413,55,312,-55,72,0,203,0" /><INIT seed="2,0,0,5,5,34" ten="468,257,72,203" oya="2" hai0="61,43,2,44,70,121,101,14,107,40,89,88,129" hai1="15,78,134,1,94,17,111,8,66,73,95,27,106" hai2="33,90,112,10,56,55,122,59,77,41,109,123,36" hai3="48,79,50,4,91,65,57,96,16,54,115,132,133"/><V26/><F77/><W19/><G79/><T97/><D121/><U128/><E111/><V81/><F112/><W71/><G115/><T3/><D43/><U46/><E106/><V38/><F81/><W69/><G50/><T11/><D129/><U51/><E134/><N who="3" m="51818" /><G4/><T99/><D61/><U80/><E128/><V63/><F90/><W87/><G96/><T104/><D70/><N who="3" m="26633" /><G65/><T37/><D104/><U67/><E95/><AGARI ba="0,0" hai="16,19,48,54,57,87,91,95" m="26633,51818" machi="95" ten="30,2000,0" yaku="20,1,54,1" doraHai="34" who="3" fromWho="1" sc="468,0,257,-20,72,0,203,20" /><INIT seed="3,0,0,5,2,59" ten="468,237,72,223" oya="3" hai0="18,44,50,25,26,41,110,121,61,42,47,40,68" hai1="89,55,99,100,109,69,130,36,24,93,80,82,131" hai2="123,0,48,14,124,22,5,134,35,127,95,7,84" hai3="60,62,66,103,29,11,53,76,8,77,67,9,106"/><W33/><G33/><T27/><D110/><U21/><E36/><V108/><F48/><W105/><G29/><T133/><D121/><U111/><E69/><V34/><F84/><W38/><G38/><T73/><D73/><U15/><E15/><V102/><F95/><W91/><G53/><T16/><D133/><U78/><E55/><V4/><F102/><W113/><G91/><T13/><D68/><U112/><E21/><V120/><F108/><N who="1" m="41545" /><E24/><V39/><F39/><W83/><G113/><T128/><D128/><N who="1" m="49195" /><E112/><V72/><F72/><W20/><G20/><N who="0" m="11279" /><D61/><N who="3" m="23657" /><G83/><N who="1" m="31786" /><E78/><N who="3" m="30314" /><G103/><AGARI ba="0,0" hai="89,93,99,100,103" m="31786,49195,41545" machi="103" ten="40,8000,1" yaku="14,1,19,1,34,2" doraHai="59" who="1" fromWho="3" sc="468,0,237,80,72,0,223,-80" /><INIT seed="4,0,0,0,0,39" ten="468,317,72,143" oya="0" hai0="49,127,110,43,18,48,41,40,69,72,6,97,19" hai1="88,81,108,121,74,42,30,58,25,113,24,22,130" hai2="26,0,80,134,36,106,100,98,131,16,59,76,111" hai3="82,87,63,9,102,75,29,105,47,135,133,107,78"/><T50/><D72/><U125/><E121/><V23/><F131/><W27/><G9/><T54/><D69/><U2/><E2/><V55/><F134/><N who="3" m="51211" /><G102/><T70/><D70/><U7/><E108/><V99/><F111/><W11/><G87/><T31/><D110/><U94/><E7/><V129/><F129/><W79/><G79/><T64/><D64/><U13/><E13/><V44/><F0/><W17/><G63/><T120/><D127/><U91/><E130/><V12/><F99/><W34/><G47/><N who="0" m="27935" /><D120/><U128/><E128/><V85/><F44/><W124/><G124/><T73/><D73/><U56/><E125/><V109/><F36/><W33/><G33/><T89/><D31/><U96/><E113/><V90/><F109/><W67/><G67/><T32/><D32/><U1/><E1/><V116/><F116/><W66/><G66/><T77/><D77/><U35/><E74/><V95/><F106/><N who="3" m="40459" /><G17/><N who="0" m="6155" /><D6/><U114/><E114/><V86/><F100/><W5/><G11/><T112/><D112/><U15/><E15/><V118/><F118/><W101/><G101/><T61/><D61/><U52/><E35/><V115/><F115/><W46/><G46/><T51/><D50/><U65/><E65/><V132/><F132/><W83/><G83/><T126/><D126/><U71/><E81/><V21/><F80/><W28/><G28/><T119/><D119/><U68/><E30/><N who="2" m="17743" /><F76/><W4/><AGARI ba="0,0" hai="4,5,27,29,34,75,78,82" m="40459,51211" machi="4" ten="40,1500,0" yaku="20,1" doraHai="39" who="3" fromWho="3" sc="468,-7,317,-4,72,-4,143,15" /><INIT seed="5,0,0,3,0,43" ten="461,313,68,158" oya="1" hai0="12,14,89,131,87,53,134,47,50,32,74,104,10" hai1="75,97,101,11,124,3,42,19,72,22,60,15,102" hai2="64,49,93,69,34,21,4,39,107,84,95,51,115" hai3="116,100,29,88,78,48,129,63,81,20,36,130,114"/><U66/><E124/><V94/><F107/><W127/><G127/><T96/><D32/><U40/><E102/><V27/><F39/><W135/><G36/><T56/><D74/><U126/><E126/><V9/><F34/><W112/><G100/><T99/><D104/><U91/><E91/><V67/><F69/><W6/><G6/><N who="0" m="3159" /><D134/><U103/><E103/><V73/><F73/><W118/><G63/><N who="0" m="36239" /><D14/><U13/><E3/><V110/><F110/><W113/><G48/><T45/><D45/><U41/><E15/><V119/><F119/><N who="3" m="45611" /><G20/><T70/><D70/><U35/><E35/><V111/><F115/><W16/><G29/><T109/><D131/><N who="3" m="50185" /><G16/><T58/><D58/><U0/><E0/><V71/><F111/><W37/><G37/><T30/><D30/><U77/><E77/><V1/><F71/><W65/><G65/><T120/><D120/><U33/><E33/><V128/><F128/><W24/><G24/><T108/><D108/><U57/><REACH who="1" step="1"/><E11/><REACH who="1" ten="461,303,68,158" step="2"/><V61/><F9/><W132/><G88/><T122/><D109/><U5/><E5/><V2/><F4/><W25/><G25/><T90/><D122/><U44/><E44/><V23/><F27/><W80/><G78/><T31/><D90/><U121/><E121/><V8/><F8/><W18/><G18/><T86/><D89/><U76/><E76/><V62/><REACH who="2" step="1"/><F95/><AGARI ba="0,1" hai="13,19,22,40,41,42,57,60,66,72,75,95,97,101" machi="95" ten="40,12000,1" yaku="1,1,53,3" doraHai="43" doraHaiUra="38" who="1" fromWho="2" sc="461,0,303,130,68,-120,158,0" owari="461,56.0,433,23.0,-52,-55.0,158,-24.0" /></mjloggm>