<mjloggm ver="2.3"><GO type="41" lobby="0"/><UN n0="%5A%61%6D" n1="%74%61%64%2D%6E%69%73%68" n2="%E2%93%9D%4E%41%47%41%32%35" n3="%E2%93%9D%53%75%70%68%78" dan="13,14,18,17" rate="1894.60,1963.47,2103.37,2058.34" sx="M,M,F,M"/><TAIKYOKU oya="0"/><INIT seed="0,0,0,5,0,102" ten="250,250,250,250" oya="0" hai0="44,110,66,14,69,42,126,1,4,15,129,100,113" hai1="48,11,67,46,93,34,26,35,16,18,49,39,76" hai2="85,88,8,120,82,24,32,27,80,29,99,105,86" hai3="122,83,45,127,6,135,59,71,134,124,31,132,104"/><T118/><D118/><U92/><E39/><V121/><F8/><W74/><G71/><T125/><D113/><U123/><E123/><V65/><F65/><W73/><G31/><T131/><D1/><U57/><E76/><V77/><REACH who="2" step="1"/><F27/><REACH who="2" ten="250,250,240,250" step="2"/><W128/><G135/><T111/><D15/><U114/><E11/><V47/><F47/><W58/><G45/><T75/><D14/><U79/><E26/><V96/><F96/><W112/><G134/><T22/><D4/><U78/><E46/><V38/><F38/><W116/><G132/><T115/><D22/><U70/><E67/><V25/><F25/><W19/><G6/><T37/><D115/><U3/><E114/><V89/><F89/><W98/><G98/><T56/><D100/><AGARI ba="0,1" hai="24,29,32,77,80,82,85,86,88,99,100,105,120,121" machi="100" ten="40,5200,0" yaku="1,1,52,1,54,1,53,0" doraHai="102" doraHaiUra="2" who="2" fromWho="0" sc="250,-52,250,0,240,62,250,0" /><INIT seed="1,0,0,4,0,24" ten="198,250,302,250" oya="1" hai0="18,2,21,113,97,28,123,22,120,6,80,34,95" hai1="79,68,11,41,117,35,71,125,27,5,38,60,112" hai2="110,16,135,78,66,99,25,115,33,96,76,63,81" hai3="13,48,40,73,102,85,47,14,133,32,94,98,91"/><U17/><E112/><V86/><F110/><W46/><G133/><T26/><D80/><U103/><E117/><V72/><F135/><W19/><G32/><T61/><D113/><U42/><E79/><V12/><F115/><W129/><G129/><T92/><D61/><U70/><E103/><V67/><F78/><W31/><G73/><T0/><D22/><U126/><E60/><V111/><F111/><W37/><G31/><T1/><D6/><U119/><E119/><V106/><F72/><W109/><G109/><T77/><D77/><U128/><E128/><V4/><F106/><W87/><G87/><T116/><D116/><U127/><E38/><V122/><F122/><N who="0" m="46634" /><D97/><U9/><E17/><V39/><F39/><W3/><G3/><N who="0" m="771" /><T100/><DORA hai="58" /><D100/><U44/><E44/><V83/><F83/><W59/><G59/><T118/><D118/><U108/><E108/><V55/><F4/><W23/><G14/><AGARI ba="0,0" hai="14,18,21,26,28,34,92,95" m="771,46634" machi="14" ten="40,2600,0" yaku="13,1,52,1" doraHai="24,58" who="0" fromWho="3" sc="198,26,250,0,302,0,250,-26" /><INIT seed="2,0,0,4,1,19" ten="224,250,302,224" oya="2" hai0="128,74,68,53,131,32,98,117,62,40,1,81,69" hai1="34,33,7,49,111,25,16,47,2,11,48,104,106" hai2="22,85,18,127,59,116,44,14,13,105,89,67,103" hai3="61,123,91,110,10,135,94,122,9,97,37,66,64"/><V30/><F116/><W55/><G37/><T99/><D1/><U100/><E111/><V101/><F127/><W31/><G110/><T115/><D115/><U52/><E49/><V77/><F77/><W35/><G135/><T58/><D32/><U39/><E39/><V95/><F105/><W108/><G108/><T80/><D40/><U29/><E34/><V8/><F44/><W130/><G130/><N who="0" m="49707" /><D117/><U23/><E100/><V107/><F107/><W63/><G55/><T26/><D26/><AGARI ba="0,0" hai="2,7,11,16,23,25,26,29,33,47,48,52,104,106" machi="26" ten="30,7700,0" yaku="7,1,52,1,54,2" doraHai="19" who="1" fromWho="0" sc="224,-77,250,77,302,0,224,0" /><INIT seed="3,0,0,1,4,76" ten="147,327,302,224" oya="3" hai0="27,63,68,50,98,94,124,112,39,118,37,91,62" hai1="99,114,126,106,28,128,51,123,67,100,119,66,134" hai2="111,70,72,40,75,105,8,22,61,65,110,130,52" hai3="108,115,129,83,113,59,16,54,9,121,13,41,45"/><W35/><G121/><T0/><D0/><U26/><E123/><V93/><F105/><W58/><G35/><T32/><D118/><U33/><E114/><V36/><F130/><W127/><G129/><T3/><D3/><U64/><E128/><V125/><F125/><W42/><G127/><T120/><D124/><U131/><E131/><V135/><F135/><W107/><G107/><T133/><D120/><U57/><E126/><V17/><F8/><W88/><G108/><N who="2" m="41513" /><F93/><W47/><G115/><T78/><D112/><U89/><E134/><V4/><F4/><W24/><G24/><T74/><D50/><U38/><E38/><V20/><F52/><W19/><G19/><T7/><D7/><U73/><E73/><N who="2" m="28235" /><F17/><W2/><G2/><T11/><D11/><U82/><E119/><V53/><F53/><W86/><G113/><T77/><D133/><U49/><REACH who="1" step="1"/><E57/><REACH who="1" ten="147,317,302,224" step="2"/><N who="3" m="21514" /><G47/><AGARI ba="0,1" hai="20,22,36,40,47,61,65,70" m="28235,41513" machi="47" ten="30,1000,0" yaku="14,1" doraHai="76" who="2" fromWho="3" sc="147,0,317,0,302,20,224,-10" /><INIT seed="4,0,0,3,3,125" ten="147,317,322,214" oya="0" hai0="70,21,93,20,29,134,131,19,72,18,96,67,17" hai1="8,24,42,77,74,110,50,16,112,10,25,123,108" hai2="113,38,63,66,14,53,27,43,59,6,106,73,46" hai3="116,0,118,7,89,88,111,56,31,114,1,128,98"/><T99/><D72/><U9/><E123/><V54/><F106/><W76/><G111/><T69/><D134/><U51/><E74/><V97/><F73/><W120/><G31/><T104/><D104/><U32/><E77/><V127/><F127/><W107/><G7/><T45/><D45/><U40/><E112/><V36/><F97/><N who="0" m="37450" /><D93/><U115/><E115/><V103/><F103/><W4/><G114/><T15/><D29/><U37/><E37/><N who="2" m="21871" /><F14/><W33/><G107/><T60/><D15/><U5/><E5/><V41/><F27/><W13/><G13/><T82/><D82/><U85/><E85/><V109/><F6/><W100/><G4/><T47/><D47/><U122/><E122/><V30/><F30/><W92/><G120/><T26/><D26/><N who="1" m="10347" /><E32/><V83/><F83/><W75/><G33/><T79/><D79/><U34/><E34/><V57/><F113/><W35/><G35/><T121/><D121/><U58/><E16/><N who="0" m="4097" /><T102/><DORA hai="87" /><D102/><U91/><E91/><N who="3" m="34890" /><G76/><T65/><D60/><U126/><E126/><V48/><F109/><N who="1" m="42089" /><E58/><N who="2" m="37239" /><F41/><AGARI ba="0,0" hai="8,9,10,40,41,42,50,51" m="42089,10347" machi="41" ten="40,2600,0" yaku="28,2" doraHai="125,87" who="1" fromWho="2" sc="147,0,317,26,322,-26,214,0" /><INIT seed="5,0,0,2,2,64" ten="147,343,296,214" oya="1" hai0="126,11,79,23,42,44,115,46,92,87,71,109,36" hai1="37,86,95,16,67,101,111,54,45,21,30,19,62" hai2="135,4,134,112,73,20,27,43,93,128,72,131,55" hai3="89,24,0,99,69,14,77,53,83,28,91,110,70"/><U1/><E1/><V132/><F43/><W58/><G0/><T26/><D109/><U94/><E111/><V8/><F55/><W105/><G14/><T32/><D32/><U2/><E2/><N who="2" m="23" /><F93/><W90/><G110/><T60/><D126/><U120/><E120/><V34/><F34/><W63/><G105/><T56/><D71/><U17/><E101/><V52/><F52/><W39/><G39/><T100/><D46/><U18/><E30/><N who="2" m="17767" /><F112/><W102/><G102/><T61/><D11/><U31/><E31/><V116/><F116/><W6/><G6/><T84/><D115/><U47/><E37/><V129/><AGARI ba="0,0" hai="72,73,128,129,131,132,134,135" m="17767,23" machi="129" ten="40,2700,0" yaku="19,1,20,1" doraHai="64" who="2" fromWho="2" sc="147,-7,343,-13,296,27,214,-7" /><INIT seed="6,0,0,2,1,135" ten="140,330,323,207" oya="2" hai0="100,80,33,53,113,37,96,16,127,40,63,101,90" hai1="107,48,95,84,55,109,130,105,26,76,129,116,52" hai2="68,115,50,71,36,28,11,17,1,13,86,2,61" hai3="123,134,73,30,9,89,117,81,58,34,111,126,75"/><V18/><F36/><W60/><G111/><T47/><D33/><U122/><E109/><V110/><F110/><W133/><G123/><T21/><D113/><U77/><E116/><V128/><F115/><W125/><G117/><T104/><D104/><U94/><E122/><V131/><F28/><W54/><G9/><T27/><D80/><U35/><E35/><V38/><F38/><W5/><G5/><T87/><D87/><U79/><E26/><V102/><F102/><W6/><G6/><T43/><D43/><U56/><E55/><V70/><F61/><W29/><G89/><T25/><D25/><U93/><REACH who="1" step="1"/><E84/><REACH who="1" ten="140,320,323,207" step="2"/><V108/><F108/><W118/><G118/><T20/><D20/><U10/><E10/><V97/><F86/><W15/><G34/><T83/><D83/><U51/><E51/><V124/><F50/><W14/><G81/><T82/><D82/><U91/><E91/><V3/><F11/><W57/><G60/><T114/><D114/><U64/><E64/><V88/><F88/><W19/><G54/><T132/><D132/><U120/><E120/><V4/><F131/><AGARI ba="0,1" hai="48,52,56,76,77,79,93,94,95,105,107,129,130,131" machi="131" ten="50,6400,0" yaku="1,1,19,1,54,1,53,0" doraHai="135" doraHaiUra="62" who="1" fromWho="2" sc="140,0,320,74,323,-64,207,0" /><INIT seed="7,0,0,4,4,110" ten="140,394,259,207" oya="3" hai0="43,8,102,108,57,71,105,112,32,42,79,96,130" hai1="18,129,85,41,36,24,76,35,134,45,72,87,12" hai2="69,92,111,64,113,116,48,90,38,11,1,13,54" hai3="23,109,65,93,70,119,114,5,120,47,78,135,0"/><W49/><G120/><T46/><D43/><U121/><E121/><V132/><F111/><W55/><G119/><T9/><D108/><U94/><E72/><V63/><F116/><W29/><G109/><T17/><D32/><U40/><E40/><V73/><F73/><W53/><G135/><T19/><D71/><U7/><E134/><V21/><F38/><W81/><G93/><T16/><D130/><U127/><E129/><V104/><F104/><W82/><G5/><T50/><D79/><U10/><E76/><V100/><F100/><W14/><G0/><T15/><D57/><U44/><E44/><V34/><F34/><W77/><G65/><T26/><D26/><U131/><E131/><V126/><F126/><W83/><G70/><T60/><D60/><U59/><E127/><V56/><F1/><W107/><G107/><T30/><D30/><U101/><E59/><V117/><F117/><W91/><G78/><T125/><D125/><U123/><E123/><V103/><F103/><W52/><G77/><T133/><D133/><U95/><E35/><V84/><F132/><W128/><G128/><T68/><D68/><U37/><E37/><V89/><F89/><W4/><G91/><T98/><D98/><N who="1" m="59607" /><E95/><V99/><F99/><W27/><G114/><T2/><D2/><U67/><E67/><V75/><F113/><W20/><G20/><T115/><D19/><U124/><E124/><V122/><F122/><W62/><G62/><T88/><D88/><U97/><E97/><V31/><F69/><W51/><G47/><T118/><D118/><U39/><E39/><RYUUKYOKU ba="0,0" sc="140,10,394,10,259,-30,207,10" hai0="8,9,15,16,17,42,46,50,96,102,105,112,115" hai1="7,10,12,18,24,36,41,45,85,87" hai3="4,14,23,27,29,49,51,52,53,55,81,82,83" /><INIT seed="7,1,0,3,5,66" ten="150,404,229,217" oya="3" hai0="77,22,80,39,107,122,0,54,55,120,108,81,102" hai1="133,18,79,72,73,100,20,65,32,40,124,56,58" hai2="121,68,88,117,85,128,24,37,51,74,71,63,46" hai3="49,6,60,31,69,99,38,132,135,43,101,115,111"/><W86/><G115/><T67/><D0/><U25/><E32/><V112/><F117/><W75/><G75/><T114/><D39/><U91/><E100/><V131/><F74/><W30/><G6/><T119/><D22/><U103/><E103/><V134/><F37/><W104/><G38/><T28/><D28/><U123/><E123/><V94/><F112/><W45/><G86/><T19/><D114/><U83/><E73/><V125/><F121/><W47/><G47/><T26/><D102/><U11/><E133/><N who="3" m="51274" /><G111/><T17/><D67/><AGARI ba="1,0" hai="30,31,43,45,49,60,67,69,99,101,104" m="51274" machi="67" ten="30,2900,0" yaku="20,1,52,1" doraHai="66" who="3" fromWho="0" sc="150,-32,404,0,229,0,217,32" /><INIT seed="7,2,0,2,2,77" ten="118,404,229,249" oya="3" hai0="80,128,1,37,116,89,92,69,82,0,113,18,68" hai1="131,84,100,94,67,122,39,13,51,36,22,34,20" hai2="129,40,53,73,62,46,61,44,10,72,50,26,71" hai3="55,105,8,24,35,79,30,88,49,104,17,38,76"/><W86/><G38/><T98/><D116/><U31/><E34/><V74/><F129/><W21/><G105/><T132/><D37/><U52/><E122/><V12/><F26/><W81/><G104/><T117/><D117/><U70/><E70/><V4/><REACH who="2" step="1"/><F71/><REACH who="2" ten="118,404,219,249" step="2"/><W16/><G35/><T15/><D69/><U48/><E131/><V108/><F108/><W126/><G126/><T111/><D68/><U83/><E67/><V106/><F106/><W19/><REACH who="3" step="1"/><G8/><REACH who="3" ten="118,404,219,239" step="2"/><T23/><D111/><U124/><E124/><V14/><F14/><W54/><G54/><T112/><D128/><U45/><E13/><V103/><F103/><W127/><G127/><T101/><D101/><U121/><E100/><V2/><F2/><N who="0" m="1130" /><D132/><U114/><E52/><V90/><F90/><W63/><G63/><T99/><D99/><U95/><E121/><V42/><F42/><W33/><G33/><T133/><D133/><U60/><E114/><AGARI ba="2,2" hai="15,18,23,80,82,89,92,98,112,113,114" m="1130" machi="114" ten="30,7700,0" yaku="15,1,11,1,52,2" doraHai="77" who="0" fromWho="1" sc="118,103,404,-83,219,0,239,0" owari="221,-18.0,321,42.0,219,-28.0,239,4.0" /></mjloggm>