<mjloggm ver="2.3"><GO type="41" lobby="0"/><UN n0="%E3%83%95%E3%83%AB%E3%83%8F%E3%82%A6%E3%82%B9%37%37%37" n1="%E3%82%B1%E3%82%A4%EF%BC%91%EF%BC%93" n2="%E2%93%9D%53%75%70%68%78" n3="%E3%81%86%E3%81%A9%E3%82%93%E3%81%93" dan="17,14,18,15" rate="1988.66,1911.92,2050.34,1982.01" sx="M,M,M,M"/><TAIKYOKU oya="0"/><INIT seed="0,0,0,1,2,8" ten="250,250,250,250" oya="0" hai0="22,67,59,76,109,111,32,99,101,65,17,105,89" hai1="124,130,132,19,121,20,52,108,38,56,50,49,10" hai2="3,35,125,79,133,0,97,25,82,100,54,96,98" hai3="81,85,86,1,127,106,102,73,9,64,74,23,26"/><T60/><D32/><U120/><E38/><V28/><F133/><W78/><G127/><T84/><D76/><U5/><E132/><V41/><F125/><W95/><G64/><T61/><D84/><U69/><E130/><V58/><F41/><W57/><G106/><T110/><D89/><U14/><E108/><V92/><F3/><W134/><G134/><T39/><D39/><U4/><E69/><V34/><F0/><W119/><G119/><T117/><D117/><U122/><E124/><V37/><F35/><W118/><G118/><T71/><D22/><U36/><E36/><V104/><F37/><W42/><G42/><T12/><D17/><U33/><E33/><V91/><F58/><W11/><G11/><T6/><D6/><U24/><REACH who="1" step="1"/><E4/><REACH who="1" ten="250,240,250,250" step="2"/><V47/><F34/><W51/><G74/><T44/><REACH who="0" step="1"/><D44/><REACH who="0" ten="240,240,250,250" step="2"/><U2/><E2/><V123/><F47/><W93/><G73/><T88/><D88/><U80/><E80/><V15/><F82/><W63/><G1/><T31/><D31/><U112/><E112/><V29/><F29/><W16/><G81/><T48/><D48/><AGARI ba="0,2" hai="5,10,14,19,20,24,48,49,50,52,56,120,121,122" machi="48" ten="40,5200,0" yaku="1,1,52,1,54,1,53,0" doraHai="8" doraHaiUra="114" who="1" fromWho="0" sc="240,-52,240,72,250,0,250,0" /><INIT seed="1,0,0,1,2,70" ten="188,312,250,250" oya="1" hai0="131,123,2,69,58,116,46,73,106,31,49,81,75" hai1="34,71,30,48,8,90,62,9,3,35,52,53,135" hai2="66,97,92,83,11,43,115,4,40,76,67,103,85" hai3="5,24,119,14,17,47,59,109,21,54,55,87,60"/><U19/><E135/><V37/><F115/><W16/><G119/><T26/><D116/><U111/><E111/><V102/><F102/><W74/><G74/><T108/><D106/><U7/><E30/><V36/><F43/><W105/><G105/><T28/><D69/><U91/><E90/><V118/><F118/><W77/><G5/><T63/><D123/><U129/><E129/><V101/><F101/><W130/><G130/><T96/><D2/><U38/><E38/><V82/><F40/><W89/><G77/><T42/><D131/><U95/><E71/><V23/><F23/><W33/><G33/><T39/><D108/><U44/><E9/><V99/><F99/><W125/><G125/><T120/><D120/><U51/><E62/><V107/><F83/><W65/><G47/><T124/><D124/><U117/><E19/><V61/><F107/><W79/><G79/><T29/><D26/><U110/><E110/><V98/><F98/><W113/><G113/><T25/><D25/><U80/><E80/><V88/><F103/><W126/><G109/><T22/><D22/><U72/><E72/><V133/><F133/><W0/><G0/><T121/><D121/><U132/><E132/><V100/><F100/><W57/><G57/><T18/><D18/><U27/><E27/><V68/><F67/><W13/><G126/><T84/><D96/><U64/><E64/><V94/><F94/><N who="3" m="54591" /><G24/><T86/><D39/><U1/><E1/><AGARI ba="0,0" hai="1,4,11,36,37,61,66,68,76,82,85,88,92,97" machi="1" ten="30,7700,0" yaku="7,1,52,2,54,1" doraHai="70" who="2" fromWho="1" sc="188,0,312,-77,250,77,250,0" /><INIT seed="2,0,0,3,5,49" ten="188,235,327,250" oya="2" hai0="19,9,95,106,97,28,79,54,76,27,60,113,4" hai1="94,124,92,100,99,64,58,90,83,114,82,43,75" hai2="73,10,126,18,61,109,63,21,0,108,115,107,121" hai3="24,12,80,57,53,22,123,118,71,35,5,127,133"/><V122/><F73/><W46/><G123/><N who="2" m="47113" /><F107/><W59/><G118/><T39/><D39/><U81/><E43/><V93/><F93/><W38/><G71/><T78/><D106/><U48/><E64/><V119/><F119/><W132/><G127/><T116/><D113/><U45/><E58/><V89/><F89/><W11/><G35/><T37/><D37/><U34/><E48/><V134/><F134/><N who="3" m="51819" /><G80/><N who="1" m="30762" /><E45/><V14/><F115/><W29/><G53/><T101/><D116/><U102/><E34/><V13/><F0/><W69/><G69/><T120/><D120/><U135/><E124/><V41/><F41/><AGARI ba="0,0" hai="5,11,12,22,24,29,38,41,46,57,59" m="51819" machi="41" ten="30,1000,0" yaku="20,1" doraHai="49" who="3" fromWho="2" sc="188,0,235,0,327,-10,250,10" /><INIT seed="3,0,0,0,1,23" ten="188,235,317,260" oya="3" hai0="126,41,38,104,64,112,129,10,124,22,36,17,111" hai1="115,19,42,76,117,11,46,63,52,59,127,81,96" hai2="87,62,4,18,24,75,134,94,31,79,86,122,9" hai3="67,120,44,60,47,56,74,33,102,72,8,29,68"/><W27/><G120/><T108/><D104/><U109/><E117/><V37/><F37/><N who="0" m="14442" /><D10/><U55/><E115/><V91/><F134/><W71/><G71/><T105/><D105/><U103/><E127/><N who="0" m="48681" /><D41/><U90/><E109/><N who="0" m="42057" /><D64/><U30/><E30/><V28/><F28/><W48/><G56/><T121/><D121/><U0/><E90/><V84/><F9/><W58/><G58/><T3/><D3/><U95/><E0/><V51/><F122/><W113/><G113/><T100/><D100/><U70/><E70/><V49/><F91/><W13/><G102/><T12/><D112/><U89/><E89/><V131/><F4/><W92/><G92/><T45/><D45/><U32/><E19/><V5/><F18/><W6/><G47/><T21/><D21/><U65/><E11/><V107/><F94/><W98/><G98/><T93/><D93/><U78/><E32/><V116/><F5/><W43/><AGARI ba="0,0" hai="6,8,13,27,29,33,43,44,48,60,67,68,72,74" machi="43" ten="20,3900,0" yaku="0,1,7,1,52,1" doraHai="23" who="3" fromWho="3" sc="188,-13,235,-13,317,-13,260,39" /><INIT seed="3,1,0,0,5,130" ten="175,222,304,299" oya="3" hai0="0,55,40,27,135,124,50,101,44,83,1,133,74" hai1="79,60,118,26,17,9,106,2,16,123,98,67,25" hai2="63,28,13,49,87,45,103,96,30,77,82,59,18" hai3="51,52,37,134,22,62,36,20,109,131,107,11,94"/><W127/><G107/><T113/><D101/><U71/><E79/><V91/><F77/><W21/><G131/><T53/><D124/><U128/><E128/><V110/><F110/><W66/><G127/><T75/><D113/><U93/><E106/><V65/><F96/><W122/><G122/><T105/><D105/><U117/><E123/><V42/><REACH who="2" step="1"/><F103/><REACH who="2" ten="175,222,294,299" step="2"/><W120/><G120/><T132/><D27/><U56/><E26/><V38/><F38/><W24/><G37/><N who="0" m="21519" /><D55/><U57/><E25/><V126/><F126/><W70/><G36/><T92/><D92/><U95/><E93/><V115/><F115/><W4/><G109/><T19/><D19/><U5/><E17/><V76/><F76/><W69/><G94/><T129/><D129/><U48/><E16/><V61/><F61/><W73/><G73/><N who="0" m="27659" /><D83/><U86/><E86/><V102/><F102/><W100/><G100/><T6/><D6/><U80/><E80/><V47/><F47/><AGARI ba="1,1" hai="0,1,47,50,53,132,133,135" m="27659,21519" machi="47" ten="40,8000,1" yaku="20,1,52,3" doraHai="130" who="0" fromWho="2" sc="175,93,222,0,294,-83,299,0" /><INIT seed="4,0,0,1,0,69" ten="268,222,211,299" oya="0" hai0="121,102,135,10,2,128,90,129,132,127,51,55,100" hai1="109,84,117,134,14,40,108,98,1,58,25,88,22" hai2="80,120,36,6,107,122,43,93,12,125,21,94,70" hai3="16,71,75,4,103,50,68,52,123,42,59,76,61"/><T5/><D121/><U29/><E1/><V18/><F107/><W131/><G131/><N who="0" m="50251" /><D90/><U99/><E117/><V95/><F70/><W57/><G4/><T91/><D91/><U45/><E134/><N who="0" m="51241" /><D100/><U79/><E58/><V65/><F65/><W38/><G103/><T23/><D102/><U8/><E79/><V19/><F6/><W67/><G76/><T7/><D23/><U62/><E62/><V26/><F125/><W96/><G75/><T97/><D7/><U112/><E112/><V83/><F122/><W31/><G31/><T20/><D20/><U56/><E56/><V116/><F116/><W32/><G32/><T15/><D97/><U82/><E99/><V81/><F120/><W39/><G96/><T130/><N who="0" m="50259" /><T24/><DORA hai="89" /><D24/><U13/><E98/><V47/><F19/><W114/><G123/><T85/><D85/><U133/><E133/><V0/><REACH who="2" step="1"/><F26/><REACH who="2" ten="268,222,201,299" step="2"/><W34/><G16/><T124/><D2/><AGARI ba="0,1" hai="0,2,12,18,21,36,43,47,80,81,83,93,94,95" machi="2" ten="40,12000,2" yaku="1,1,2,1,52,4,53,1" doraHai="69,89" doraHaiUra="115,37" who="2" fromWho="0" sc="268,-120,222,0,201,130,299,0" /><INIT seed="5,0,0,3,4,51" ten="148,222,331,299" oya="1" hai0="86,118,36,62,87,39,2,1,93,28,21,70,5" hai1="33,25,55,88,65,26,38,73,105,81,130,92,71" hai2="23,31,68,94,76,34,83,102,120,97,60,129,121" hai3="98,108,84,11,43,132,61,9,19,103,4,18,116"/><U134/><E38/><V123/><F129/><W126/><G108/><T48/><D118/><U7/><E105/><V100/><F34/><W52/><G132/><T96/><D39/><U114/><E134/><V8/><F8/><W20/><G43/><T35/><D36/><U50/><E7/><V128/><F128/><W112/><G112/><T111/><D111/><U27/><E130/><V109/><F109/><W77/><G126/><T127/><D127/><U49/><E49/><V16/><F31/><W119/><G84/><T124/><D124/><U63/><E114/><V115/><F115/><W64/><G77/><T37/><D37/><U57/><E81/><V67/><F102/><W74/><G74/><T46/><D35/><U0/><E73/><V82/><REACH who="2" step="1"/><F76/><REACH who="2" ten="148,222,321,299" step="2"/><W42/><G11/><T47/><D1/><U6/><E0/><V29/><F29/><W79/><G79/><T90/><D2/><U41/><E6/><V104/><F104/><W54/><G119/><T13/><D5/><U40/><REACH who="1" step="1"/><E33/><REACH who="1" ten="148,212,321,299" step="2"/><V133/><F133/><W53/><G116/><T72/><D72/><U44/><E44/><V12/><AGARI ba="0,2" hai="12,16,23,60,67,68,82,83,94,97,100,120,121,123" machi="12" ten="30,7900,0" yaku="1,1,0,1,54,1,53,1" doraHai="51" doraHaiUra="17" who="2" fromWho="2" sc="148,-20,212,-39,321,99,299,-20" /><INIT seed="6,0,0,1,0,6" ten="128,173,420,279" oya="2" hai0="38,50,94,49,112,107,124,117,28,54,133,62,90" hai1="61,65,127,60,21,104,96,33,20,114,122,70,27" hai2="75,84,77,51,53,3,40,132,1,43,14,19,106" hai3="66,2,110,102,123,118,74,47,121,42,8,98,100"/><V105/><F132/><W109/><G118/><T95/><D107/><U57/><E127/><V22/><F75/><W13/><G2/><T0/><D38/><U92/><E114/><V23/><F77/><W34/><G34/><T9/><D133/><U16/><E122/><V35/><F35/><W15/><G74/><T68/><D112/><U86/><E33/><V134/><F84/><W17/><G66/><T81/><D124/><U135/><E104/><V113/><F14/><W93/><G102/><T73/><D28/><U125/><E125/><V56/><F19/><W64/><G64/><N who="0" m="40983" /><D117/><U128/><E86/><V129/><F129/><W69/><G69/><T18/><D95/><U36/><E36/><V82/><F82/><W48/><G109/><T32/><D32/><U44/><E44/><V99/><F106/><W80/><G110/><T29/><D29/><U78/><E78/><V63/><F105/><W4/><G80/><T89/><D50/><U91/><E128/><V115/><F51/><W103/><G103/><T120/><D120/><U71/><E60/><V85/><F63/><W55/><G42/><T46/><D94/><U52/><E65/><V11/><F134/><W131/><G131/><T24/><D24/><U58/><E58/><V126/><F56/><W119/><G119/><T108/><D108/><U88/><E91/><N who="0" m="34825" /><D0/><U37/><E37/><V97/><F126/><W39/><G39/><T101/><D101/><U5/><E5/><V41/><F115/><W111/><G111/><T76/><D18/><N who="1" m="12695" /><E135/><V72/><F113/><W87/><G87/><T7/><D7/><RYUUKYOKU ba="0,0" sc="128,10,173,10,420,-30,279,10" hai0="9,46,49,54,73,76,81" hai1="16,21,52,57,61,70,71,88,92,96" hai3="4,8,13,15,17,47,48,55,93,98,100,121,123" /><INIT seed="7,1,0,2,1,94" ten="138,183,390,289" oya="3" hai0="96,76,51,128,57,130,38,42,110,1,13,52,120" hai1="60,78,86,65,81,33,16,93,25,64,7,10,70" hai2="69,131,91,103,123,12,3,85,66,95,17,46,126" hai3="22,45,63,8,62,35,15,118,74,30,53,106,27"/><W125/><G118/><T37/><D1/><U39/><E39/><V73/><F73/><W31/><G74/><T124/><D76/><U99/><E65/><V122/><F131/><N who="0" m="50218" /><D120/><N who="2" m="46122" /><F3/><W2/><G125/><T28/><D28/><U55/><E55/><V127/><F103/><W14/><G106/><T43/><D13/><U67/><E67/><V44/><F66/><W6/><G31/><T40/><D124/><N who="2" m="47658" /><F69/><W113/><G113/><T116/><D116/><U89/><E33/><V107/><F107/><W121/><G15/><T119/><D119/><U129/><E129/><V56/><F56/><W58/><G45/><T59/><D110/><U72/><E25/><V71/><F71/><W77/><G77/><T115/><D115/><U80/><E16/><V101/><F101/><W112/><G121/><T98/><D59/><U32/><E32/><V82/><F82/><W29/><G29/><T47/><D57/><U11/><E7/><V90/><F90/><AGARI ba="1,0" hai="10,11,60,64,70,72,78,80,81,86,89,90,93,99" machi="90" ten="30,2000,0" yaku="7,1,52,1" doraHai="94" who="1" fromWho="2" sc="138,0,183,23,390,-23,289,0" owari="138,-36.0,206,-19.0,367,46.0,289,9.0" /></mjloggm>