<mjloggm ver="2.3"><GO type="41" lobby="0"/><UN n0="%6E%75%75%38" n1="%E2%93%9D%53%75%70%68%78" n2="%E5%8F%B0%E5%8C%97%E7%9B%B4%E7%9B%B4%E5%8F%A3%E3%83%B3" n3="%53%65%63%68%61%6E" dan="13,18,14,14" rate="1894.27,2164.83,1966.42,1968.06" sx="M,M,M,M"/><TAIKYOKU oya="0"/><INIT seed="0,0,0,3,0,132" ten="250,250,250,250" oya="0" hai0="67,50,36,1,119,52,13,71,56,129,117,29,61" hai1="45,125,74,30,103,39,97,131,94,31,135,101,32" hai2="8,84,35,55,116,95,15,49,102,20,9,4,127" hai3="57,114,111,53,87,108,58,121,44,51,118,85,17"/><T18/><D1/><U33/><E74/><V68/><F116/><W16/><G118/><T5/><D5/><U91/><E131/><V73/><F35/><W96/><G114/><T42/><D29/><U64/><E135/><V38/><F38/><W104/><G121/><T109/><D129/><U59/><E39/><V112/><F73/><W80/><G96/><T21/><REACH who="0" step="1"/><D109/><REACH who="0" ten="240,250,250,250" step="2"/><U2/><E31/><V25/><F112/><W26/><G108/><T79/><D79/><U106/><E30/><V86/><F68/><W27/><G111/><T65/><D65/><U128/><E64/><V47/><F9/><W120/><G120/><T77/><D77/><U113/><E2/><V66/><F66/><W83/><G17/><T7/><D7/><U34/><E128/><V3/><F3/><W48/><G16/><T14/><D14/><U110/><E110/><V24/><F24/><W107/><G44/><AGARI ba="0,1" hai="13,18,21,36,42,44,50,52,56,61,67,71,117,119" machi="44" ten="40,12000,1" yaku="1,1,24,2,54,1,53,0" doraHai="132" doraHaiUra="28" who="0" fromWho="3" sc="240,130,250,0,250,0,250,-120" /><INIT seed="0,1,0,5,2,112" ten="370,250,250,130" oya="0" hai0="88,30,75,39,29,20,103,124,118,91,45,38,115" hai1="3,9,0,46,18,22,84,5,117,14,70,109,97" hai2="120,96,93,92,34,126,15,119,19,81,101,62,47" hai3="33,51,6,73,61,69,76,11,27,111,63,102,50"/><T1/><D115/><U54/><E70/><V60/><F120/><W110/><G73/><T129/><D75/><U4/><E97/><V52/><F34/><W77/><G102/><T82/><D1/><U135/><E54/><V24/><F126/><W13/><G33/><T98/><D124/><U122/><E46/><V74/><F24/><W79/><G27/><T58/><D58/><U56/><E84/><V123/><F123/><W53/><G69/><T78/><D129/><U134/><E56/><V105/><F119/><W72/><G72/><T31/><D20/><U59/><E59/><V80/><F74/><W42/><G42/><T10/><D10/><N who="1" m="2311" /><E109/><N who="3" m="41482" /><G51/><T64/><D64/><U36/><E36/><V55/><F105/><W116/><G116/><T95/><D118/><U48/><E48/><N who="2" m="28703" /><F92/><W23/><G23/><T114/><D114/><U49/><E49/><V131/><F131/><W26/><G26/><T121/><D121/><U106/><E106/><V89/><F101/><W94/><G94/><T100/><D78/><N who="3" m="19969" /><W133/><DORA hai="37" /><G133/><N who="1" m="50698" /><E122/><V7/><F7/><W90/><G90/><T43/><REACH who="0" step="1"/><D38/><REACH who="0" ten="360,250,250,130" step="2"/><U25/><E117/><V107/><F107/><W128/><G128/><T85/><AGARI ba="1,1" hai="29,30,31,39,43,45,82,85,88,91,95,98,100,103" machi="85" ten="30,12000,1" yaku="1,1,2,1,0,1,52,1,54,1,53,0" doraHai="112,37" doraHaiUra="65,67" who="0" fromWho="0" sc="360,133,250,-41,250,-41,130,-41" /><INIT seed="0,2,0,5,4,95" ten="493,209,209,89" oya="0" hai0="41,132,97,117,60,15,73,37,17,14,35,19,62" hai1="114,57,130,29,59,106,63,125,115,53,20,42,26" hai2="70,84,58,18,109,66,67,91,38,50,45,77,52" hai3="44,118,11,119,40,134,2,121,102,85,87,32,82"/><T126/><D73/><U43/><E130/><V9/><F109/><W39/><G32/><T80/><D117/><U4/><E125/><V51/><F38/><W89/><G121/><T3/><D3/><U133/><E133/><V56/><F70/><W72/><G134/><T69/><D35/><U49/><E106/><V135/><F135/><W13/><G72/><T61/><D132/><U28/><E4/><V23/><F9/><W123/><G2/><T54/><D69/><U74/><E29/><V83/><F58/><W5/><G123/><T122/><D122/><U8/><E8/><V105/><F105/><W86/><G86/><T99/><D80/><U1/><E74/><V78/><F66/><W30/><G30/><T31/><D31/><U90/><E90/><V100/><F100/><W103/><REACH who="3" step="1"/><G87/><REACH who="3" ten="493,209,209,79" step="2"/><T92/><D126/><U21/><E1/><V34/><F34/><W55/><G55/><T107/><D54/><U94/><E28/><V46/><F67/><W47/><G47/><N who="2" m="17929" /><F51/><W79/><G79/><T113/><D41/><U27/><E49/><V22/><F22/><W65/><G65/><T96/><D37/><U6/><E53/><V33/><F33/><W112/><G112/><T16/><D113/><U111/><E115/><V120/><F120/><W108/><G108/><T71/><D71/><U10/><E111/><V36/><F36/><W104/><G104/><T110/><D107/><U129/><E114/><V24/><AGARI ba="2,1" hai="18,23,24,50,52,56,77,78,83,84,91" m="17929" machi="24" ten="30,2000,0" yaku="8,1,54,1" doraHai="95" who="2" fromWho="2" sc="493,-12,209,-7,209,36,79,-7" /><INIT seed="1,0,0,2,5,102" ten="481,202,245,72" oya="1" hai0="98,18,2,126,13,105,6,43,122,62,84,8,30" hai1="41,94,99,113,37,20,64,73,71,32,80,11,40" hai2="15,120,60,100,7,29,34,44,82,103,131,22,89" hai3="54,101,92,88,36,55,127,33,46,108,118,93,39"/><U87/><E32/><V26/><F120/><W96/><G33/><T4/><D126/><U65/><E73/><V109/><F131/><W49/><G127/><T51/><D62/><U27/><E113/><V66/><F109/><W25/><G108/><T58/><D122/><U106/><E11/><V132/><F132/><W42/><G118/><T104/><D84/><U31/><E71/><V124/><F124/><W19/><G39/><T111/><D6/><U97/><E106/><V9/><F34/><W95/><G95/><T17/><D17/><U69/><E69/><V57/><F44/><W135/><G135/><T28/><D98/><N who="1" m="37387" /><E94/><V10/><F10/><W35/><G35/><T116/><D116/><U21/><E21/><V56/><F56/><W86/><REACH who="3" step="1"/><G36/><REACH who="3" ten="481,202,245,62" step="2"/><T59/><D111/><U0/><E37/><V121/><F121/><W114/><G114/><T75/><D105/><U85/><E0/><V52/><F66/><N who="1" m="25705" /><E87/><AGARI ba="0,1" hai="7,9,15,22,26,29,52,57,60,82,87,89,100,103" machi="87" ten="40,2600,0" yaku="8,1,54,1" doraHai="102" who="2" fromWho="1" sc="481,0,202,-26,245,36,62,0" /><INIT seed="2,0,0,3,4,57" ten="481,176,281,62" oya="2" hai0="36,68,97,64,75,5,43,7,112,89,33,124,20" hai1="90,18,0,93,17,100,119,26,73,78,111,19,94" hai2="30,65,58,63,110,98,38,40,31,53,62,135,85" hai3="130,72,129,13,10,107,8,46,99,39,16,102,133"/><V116/><F116/><W105/><G72/><T118/><D75/><U125/><E0/><V11/><F135/><W80/><G133/><T12/><D33/><U54/><E111/><V49/><F110/><W109/><G109/><T128/><D112/><U127/><E119/><V106/><F85/><W83/><G107/><T82/><D128/><U15/><E15/><V6/><F106/><W21/><G39/><T28/><D43/><U132/><E132/><V70/><F98/><W103/><G103/><T86/><D36/><U76/><E26/><V120/><F120/><W47/><G10/><T113/><D113/><U67/><E54/><V45/><F63/><W66/><G66/><T50/><D50/><U22/><E22/><V101/><F101/><W95/><G105/><T42/><D42/><U114/><E67/><V131/><F131/><N who="3" m="50187" /><G8/><T24/><D124/><N who="1" m="47691" /><E73/><V35/><F35/><W121/><G121/><T32/><D97/><N who="1" m="59439" /><E114/><V60/><REACH who="2" step="1"/><F62/><REACH who="2" ten="481,176,271,62" step="2"/><W88/><G80/><T117/><D118/><U52/><E94/><V123/><F123/><W91/><G102/><T27/><D117/><U44/><E90/><V81/><F81/><W79/><G79/><T55/><D89/><U77/><E77/><V74/><F74/><W48/><G48/><AGARI ba="0,1" hai="17,18,19,44,48,52,76,78" m="59439,47691" machi="48" ten="30,2000,0" yaku="18,1,54,1" doraHai="57" who="1" fromWho="3" sc="481,0,176,30,271,0,62,-20" /><INIT seed="3,0,0,0,5,129" ten="481,206,271,42" oya="3" hai0="88,48,31,43,14,132,64,25,38,113,3,82,21" hai1="1,94,114,126,127,83,58,47,79,133,0,124,20" hai2="84,18,23,61,122,125,70,65,49,36,6,30,98" hai3="76,50,73,104,22,54,32,40,51,72,44,15,46"/><W8/><G104/><T105/><D3/><U109/><E114/><V55/><F122/><W120/><G32/><T28/><D105/><U4/><E109/><V78/><F125/><W103/><G103/><T66/><D38/><U134/><E94/><V116/><F116/><W135/><G120/><T110/><D110/><U19/><E58/><V87/><F36/><W59/><G76/><T11/><D31/><U33/><E47/><V16/><F6/><W13/><G135/><N who="1" m="51722" /><E4/><V111/><F111/><W117/><G117/><T45/><D113/><U62/><E62/><V5/><F5/><W106/><G106/><T42/><D42/><U60/><E60/><V119/><F119/><W101/><G101/><T67/><D132/><U74/><E33/><V112/><F112/><W100/><G100/><T99/><D99/><U90/><E90/><V97/><F30/><W39/><G22/><T80/><D88/><U75/><E75/><V131/><F131/><W10/><G72/><T63/><D63/><U130/><E130/><V35/><F35/><W26/><G59/><T24/><D24/><AGARI ba="0,0" hai="0,1,19,20,24,74,79,83,124,126,127" m="51722" machi="24" ten="40,8000,1" yaku="18,1,20,1,52,3" doraHai="129" who="1" fromWho="0" sc="481,-80,206,80,271,0,42,0" /><INIT seed="4,0,0,5,1,11" ten="401,286,271,42" oya="0" hai0="79,73,30,80,19,89,31,62,9,103,92,122,44" hai1="0,95,38,131,26,46,29,102,90,106,99,39,127" hai2="56,100,118,34,109,13,69,15,42,6,108,2,111" hai3="115,67,86,101,37,72,84,71,48,28,113,5,112"/><T51/><D122/><U43/><E131/><V105/><F69/><W47/><G72/><T135/><D62/><U8/><E127/><V81/><F118/><W77/><G37/><T24/><D135/><U129/><E129/><V68/><F68/><W133/><G133/><T4/><D103/><U87/><E0/><V57/><F34/><W128/><G128/><T74/><D19/><U7/><E8/><V91/><F42/><W20/><G101/><T120/><D24/><U93/><E7/><V121/><F121/><W23/><G86/><T32/><D32/><U63/><E63/><V50/><F2/><W3/><G3/><T18/><D18/><U75/><E75/><V126/><F6/><W132/><G132/><T70/><D70/><U78/><E78/><V119/><F119/><W58/><G71/><T107/><D107/><U85/><E39/><V16/><F126/><W96/><G96/><T117/><D73/><U59/><E59/><V10/><F50/><W114/><G5/><T12/><D117/><U1/><E1/><V125/><F125/><W65/><N who="3" m="28672" /><DORA hai="53" /><W54/><G28/><T40/><REACH who="0" step="1"/><D120/><REACH who="0" ten="391,286,271,42" step="2"/><U82/><E106/><V55/><F100/><W64/><REACH who="3" step="1"/><G47/><REACH who="3" ten="391,286,271,32" step="2"/><T27/><D27/><U110/><E26/><V17/><F105/><W41/><G41/><T134/><D134/><U123/><E123/><V21/><REACH who="2" step="1"/><F55/><REACH who="2" ten="391,286,261,32" step="2"/><W36/><G36/><T104/><D104/><U61/><E38/><V88/><F88/><W116/><G116/><T60/><D60/><U49/><E61/><V130/><F130/><W97/><G97/><AGARI ba="0,3" hai="4,9,12,30,31,40,44,51,74,79,80,89,92,97" machi="97" ten="30,12000,1" yaku="1,1,7,1,52,1,53,2" doraHai="11,53" doraHaiUra="14,25" who="0" fromWho="3" sc="391,150,286,0,261,0,32,-120" owari="541,64.0,286,9.0,261,-14.0,-88,-59.0" /></mjloggm>