<mjloggm ver="2.3"><GO type="41" lobby="0"/><UN n0="%6F%70%74%60%39%38" n1="%E2%93%9D%53%75%70%68%78" n2="%41%6C%75%6D%69%4E%61" n3="%64%61%74%65%6E%61%6F%74" dan="13,18,14,14" rate="1919.74,2124.54,1907.49,1862.88" sx="F,M,M,M"/><TAIKYOKU oya="0"/><INIT seed="0,0,0,5,1,64" ten="250,250,250,250" oya="0" hai0="19,126,106,110,11,122,12,9,22,54,52,7,91" hai1="57,121,2,60,67,5,53,44,94,68,6,59,123" hai2="85,20,1,131,46,133,99,103,8,28,66,4,48" hai3="78,128,61,56,71,134,29,33,63,101,96,104,73"/><T34/><D106/><U112/><E6/><V108/><F133/><W89/><G134/><T69/><D122/><U93/><E93/><V55/><F131/><W58/><G128/><T119/><D119/><U10/><E112/><V42/><F108/><W135/><G135/><T23/><D110/><U129/><E129/><V120/><F120/><W36/><G36/><T82/><D126/><U115/><E59/><V74/><F74/><W0/><G0/><T86/><D34/><U25/><E115/><V45/><F66/><W51/><G73/><T24/><D69/><U109/><E109/><V32/><F32/><W39/><G39/><T18/><REACH who="0" step="1"/><D11/><REACH who="0" ten="240,250,250,250" step="2"/><U130/><E130/><V88/><F20/><W113/><G71/><T40/><D40/><U125/><E125/><V107/><F28/><W14/><G33/><T70/><D70/><U102/><E123/><V83/><F42/><W97/><G104/><T26/><AGARI ba="0,1" hai="7,9,12,18,19,22,23,24,26,52,54,82,86,91" machi="26" ten="20,18000,2" yaku="1,1,0,1,7,1,9,1,8,1,54,1,53,1" doraHai="64" doraHaiUra="87" who="0" fromWho="0" sc="240,190,250,-60,250,-60,250,-60" /><INIT seed="0,1,0,5,1,116" ten="430,190,190,190" oya="0" hai0="29,97,82,68,2,41,17,37,12,107,94,39,125" hai1="106,15,5,85,62,7,92,25,134,70,3,44,1" hai2="43,61,60,18,129,14,81,22,105,50,86,114,45" hai3="99,118,38,115,108,23,33,54,57,64,21,63,34"/><T84/><D2/><U90/><E106/><V100/><F114/><W47/><G118/><T46/><D107/><U56/><E70/><V89/><F129/><W0/><G115/><T112/><D112/><U124/><E134/><V96/><AGARI ba="1,0" hai="14,18,22,43,45,50,60,61,81,86,89,96,100,105" machi="96" ten="30,1100,0" yaku="0,1" doraHai="116" who="2" fromWho="2" sc="430,-6,190,-4,190,14,190,-4" /><INIT seed="1,0,0,3,5,109" ten="424,186,204,186" oya="1" hai0="11,115,124,87,64,119,45,86,46,113,0,26,41" hai1="1,101,73,55,105,107,35,117,12,18,126,132,66" hai2="130,75,122,6,82,43,120,62,129,63,116,84,111" hai3="135,40,114,93,104,21,68,15,112,16,134,9,125"/><U98/><E117/><V100/><F116/><W32/><G68/><T99/><D119/><U57/><E1/><V33/><F33/><W3/><G104/><T96/><D124/><U106/><E126/><V118/><F118/><W67/><G67/><T49/><D26/><U5/><E73/><V36/><F6/><N who="3" m="1247" /><G93/><T80/><D64/><U50/><E132/><N who="3" m="50730" /><G40/><T74/><D99/><U88/><E5/><V48/><F36/><W79/><G79/><N who="0" m="44151" /><D96/><U44/><E35/><V20/><F75/><W31/><G125/><T133/><D86/><U95/><E66/><V61/><F100/><W17/><G17/><T30/><D87/><U70/><E70/><V37/><F37/><W27/><AGARI ba="0,0" hai="15,16,21,27,31,32,112,114" m="50730,1247" machi="27" ten="30,12000,2" yaku="24,1,20,1,34,2,52,2,54,1" doraHai="109" who="3" fromWho="3" sc="424,-30,186,-60,204,-30,186,120" /><INIT seed="2,0,0,5,3,16" ten="394,126,174,306" oya="2" hai0="9,17,113,83,18,100,98,24,49,122,54,51,45" hai1="0,103,44,62,13,66,111,120,80,79,104,8,22" hai2="97,37,88,38,35,117,118,41,95,52,28,56,106" hai3="133,128,34,70,50,29,123,84,11,71,89,91,119"/><V60/><F106/><W36/><G123/><T15/><D122/><U81/><E120/><V19/><F35/><W43/><G119/><T65/><D65/><U76/><E111/><V112/><F28/><W20/><G34/><T55/><D83/><U12/><E0/><V58/><F112/><W47/><G128/><T96/><D113/><U48/><E103/><V116/><F41/><W94/><G133/><T26/><D18/><U68/><E104/><V33/><F33/><W107/><G107/><T5/><D5/><U63/><E8/><V7/><F7/><W30/><G11/><T130/><D130/><U87/><E63/><V105/><F105/><W90/><G36/><T86/><D86/><U25/><E48/><V102/><F102/><W74/><G74/><T31/><D100/><U73/><REACH who="1" step="1"/><E44/><REACH who="1" ten="394,116,174,306" step="2"/><V75/><F75/><W115/><G115/><T121/><D121/><U125/><E125/><V21/><REACH who="2" step="1"/><F58/><REACH who="2" ten="394,116,164,306" step="2"/><W131/><G131/><T27/><D31/><AGARI ba="0,2" hai="12,13,22,25,31,62,66,68,73,76,79,80,81,87" machi="31" ten="30,3900,0" yaku="1,1,7,1,52,1,53,0" doraHai="16" doraHaiUra="69" who="1" fromWho="0" sc="394,-39,116,59,164,0,306,0" /><INIT seed="3,0,0,5,0,96" ten="355,175,164,306" oya="3" hai0="74,33,48,41,90,75,26,102,97,17,107,58,49" hai1="131,66,21,129,81,2,3,43,13,28,88,46,72" hai2="111,91,42,79,45,50,68,67,78,123,87,62,24" hai3="27,7,71,51,60,120,92,76,47,70,8,83,44"/><W69/><G120/><T126/><D126/><U130/><E66/><V16/><F123/><W36/><G60/><T56/><D90/><U119/><E119/><V116/><F116/><W122/><G122/><T108/><D108/><U93/><E28/><V20/><REACH who="2" step="1"/><F111/><REACH who="2" ten="355,175,154,306" step="2"/><W77/><G71/><T101/><D107/><U121/><E121/><V10/><F10/><W94/><G70/><T35/><D41/><U63/><E43/><V118/><F118/><W30/><G69/><T55/><D26/><U52/><E131/><V12/><F12/><W86/><G27/><T53/><D17/><U1/><E130/><V15/><F15/><W89/><G8/><T133/><REACH who="0" step="1"/><D97/><REACH who="0" ten="345,175,154,306" step="2"/><U82/><E129/><V132/><F132/><AGARI ba="0,2" hai="33,35,48,49,53,55,56,58,74,75,101,102,132,133" machi="132" ten="25,16000,3" yaku="1,1,2,1,22,2,52,2,53,2" doraHai="96" doraHaiUra="98" who="0" fromWho="2" sc="345,180,175,0,154,-160,306,0" owari="525,62.0,175,-22.0,-6,-51.0,306,11.0" /></mjloggm>