<mjloggm ver="2.3"><GO type="41" lobby="0"/><UN n0="%69%74%69%6E%69%73%73%61" n1="%6B%75%62%6F%73%68%69" n2="%E3%82%AB%E3%83%AF%E3%83%9E%E3%82%B5%E3%83%81%E3%83%A3%E3%83%B3" n3="%E2%93%9D%53%75%70%68%78" dan="15,15,13,18" rate="2106.80,2074.85,1844.69,2108.88" sx="M,M,M,M"/><TAIKYOKU oya="0"/><INIT seed="0,0,0,3,4,107" ten="250,250,250,250" oya="0" hai0="97,100,15,95,66,109,33,16,5,12,41,44,13" hai1="131,70,104,9,65,4,37,93,75,84,25,38,10" hai2="116,91,30,127,123,125,17,78,108,49,133,47,72" hai3="121,90,57,6,101,99,76,81,43,98,51,77,24"/><T105/><D33/><U120/><E104/><V35/><F123/><W56/><G6/><T22/><D105/><U1/><E120/><V86/><F30/><W92/><G121/><T28/><D28/><U61/><E131/><V82/><F35/><W58/><G24/><T96/><D66/><U34/><E9/><V102/><F17/><W40/><G51/><T21/><D97/><U48/><E48/><V67/><F67/><W126/><G126/><N who="2" m="48137" /><F108/><W39/><G39/><T129/><D129/><U7/><E7/><V36/><F36/><W79/><REACH who="3" step="1"/><G81/><REACH who="3" ten="250,250,250,240" step="2"/><T11/><D109/><U73/><E25/><V103/><F49/><W117/><G117/><T0/><REACH who="0" step="1"/><D22/><REACH who="0" ten="240,250,250,240" step="2"/><U52/><E34/><V106/><F116/><W60/><G60/><T112/><D112/><U122/><E61/><V113/><F113/><W130/><G130/><T42/><D42/><U87/><E122/><V115/><F115/><W27/><G27/><T29/><D29/><U64/><E70/><V124/><F124/><W53/><G53/><T31/><D31/><U110/><E52/><V89/><F47/><W8/><G8/><T94/><D94/><AGARI ba="0,2" hai="40,43,56,57,58,76,77,79,90,92,94,98,99,101" machi="94" ten="40,2600,0" yaku="1,1,8,1,53,0" doraHai="107" doraHaiUra="135" who="3" fromWho="0" sc="240,-26,250,0,250,0,240,46" /><INIT seed="1,0,0,2,4,124" ten="214,250,250,286" oya="1" hai0="40,49,18,28,15,53,103,102,54,85,50,134,128" hai1="17,35,84,7,69,3,108,32,16,21,81,104,100" hai2="5,94,118,52,24,87,120,26,122,65,99,97,42" hai3="31,91,111,51,125,126,74,79,64,29,10,57,130"/><U77/><E69/><V72/><F118/><W25/><G111/><T101/><D134/><U9/><E108/><V95/><F42/><W105/><G105/><T55/><D28/><U30/><E100/><V133/><F133/><W78/><G10/><T73/><D73/><U58/><E104/><V19/><F72/><W129/><G91/><T89/><D128/><N who="3" m="49257" /><G31/><T39/><D39/><U112/><E112/><V12/><F65/><W6/><G6/><T23/><REACH who="0" step="1"/><D40/><REACH who="0" ten="204,250,250,286" step="2"/><U93/><E30/><V83/><F120/><W80/><G79/><T90/><D90/><U56/><E32/><V67/><F122/><W82/><G82/><AGARI ba="0,1" hai="15,18,23,49,50,53,54,55,82,85,89,101,102,103" machi="82" ten="40,2600,0" yaku="1,1,8,1,53,0" doraHai="124" doraHaiUra="61" who="0" fromWho="3" sc="204,36,250,0,250,0,286,-26" /><INIT seed="2,0,0,3,1,65" ten="240,250,250,260" oya="2" hai0="75,49,60,119,113,78,125,67,95,21,129,3,123" hai1="69,81,37,50,109,111,63,5,91,64,110,2,116" hai2="15,132,11,114,83,28,42,48,79,20,17,30,41" hai3="106,92,13,99,57,33,25,0,72,62,9,31,80"/><V87/><F114/><W131/><G131/><T34/><D95/><U118/><E91/><V27/><F132/><W6/><G106/><T128/><D78/><U16/><E81/><V101/><F101/><W56/><G72/><T54/><D75/><U135/><E5/><V32/><F30/><W61/><G80/><T84/><D84/><U108/><E2/><V127/><F127/><W53/><G0/><T130/><D34/><U39/><E16/><V100/><F100/><W96/><REACH who="3" step="1"/><G92/><REACH who="3" ten="240,250,250,250" step="2"/><T12/><D3/><U73/><E73/><V115/><F115/><W44/><G44/><T102/><D113/><U89/><E110/><V51/><REACH who="2" step="1"/><F32/><REACH who="2" ten="240,250,240,250" step="2"/><W85/><G85/><T10/><D129/><U52/><E135/><V112/><F112/><W122/><G122/><T120/><D130/><U47/><REACH who="1" step="1"/><E89/><REACH who="1" ten="240,240,240,250" step="2"/><V104/><F104/><W58/><G58/><T68/><D128/><U82/><E82/><V26/><F26/><W14/><G14/><T4/><D123/><U94/><E94/><V70/><F70/><W134/><G134/><T35/><D120/><U93/><E93/><V43/><AGARI ba="0,3" hai="11,15,17,20,27,28,41,42,43,48,51,79,83,87" machi="43" ten="30,6000,0" yaku="1,1,0,1,8,1,53,0" doraHai="65" doraHaiUra="59" who="2" fromWho="2" sc="240,-20,240,-20,240,90,250,-20" /><INIT seed="2,1,0,0,2,124" ten="220,220,330,230" oya="2" hai0="118,65,16,102,79,30,53,61,55,51,85,40,100" hai1="113,52,24,36,25,49,93,4,47,3,82,112,135" hai2="116,90,81,6,107,12,78,95,11,64,42,39,63" hai3="17,121,97,134,91,89,33,20,106,56,8,7,67"/><V92/><F116/><W29/><G121/><T131/><D118/><U21/><E36/><V59/><F107/><W96/><G134/><T77/><D30/><U15/><E135/><V114/><F114/><W120/><G120/><T43/><D85/><U57/><E3/><V50/><F39/><W94/><G33/><T70/><D16/><U76/><E93/><V75/><REACH who="2" step="1"/><F90/><REACH who="2" ten="220,220,320,230" step="2"/><W98/><G91/><T5/><D102/><U130/><E113/><V31/><F31/><W46/><G106/><T108/><D100/><U105/><E105/><V122/><F122/><W32/><G89/><T128/><D108/><U18/><E112/><V54/><F54/><W123/><G29/><T119/><D53/><U115/><E115/><V48/><F48/><W58/><G123/><T127/><D119/><U129/><E47/><AGARI ba="1,1" hai="6,11,12,42,47,50,59,63,64,75,78,81,92,95" machi="47" ten="40,2000,0" yaku="1,1,53,0" doraHai="124" doraHaiUra="111" who="2" fromWho="1" sc="220,0,220,-23,320,33,230,0" /><INIT seed="2,2,0,4,1,46" ten="220,197,353,230" oya="2" hai0="123,119,75,129,84,50,49,58,16,110,72,76,88" hai1="12,97,21,131,130,101,13,18,117,52,65,10,43" hai2="134,99,41,67,89,133,39,28,14,51,36,47,91" hai3="92,102,87,96,109,22,112,77,4,113,7,53,132"/><V106/><F67/><W60/><G109/><T125/><D110/><U30/><E117/><V17/><F28/><W93/><G132/><N who="2" m="50793" /><F106/><W80/><G22/><T44/><D123/><U0/><E43/><V70/><F70/><W24/><G24/><T94/><D119/><U69/><E65/><V31/><F31/><W81/><G60/><T127/><D129/><U68/><E0/><V3/><F3/><W5/><G53/><N who="0" m="32047" /><D76/><U45/><E69/><V124/><F124/><N who="0" m="47690" /><D16/><U20/><E68/><V62/><F62/><W64/><G64/><T59/><D59/><U23/><E30/><V66/><F66/><W1/><G1/><T83/><D94/><U27/><E27/><V79/><F79/><W73/><REACH who="3" step="1"/><G93/><REACH who="3" ten="220,197,353,220" step="2"/><T26/><D26/><U111/><E111/><V128/><F128/><W120/><G120/><T33/><D33/><U37/><E131/><V116/><F116/><W105/><G105/><T95/><D95/><N who="1" m="58559" /><E130/><V63/><F63/><W32/><G32/><T29/><D29/><U57/><E37/><N who="2" m="14411" /><F99/><W98/><G98/><T15/><D15/><N who="1" m="7543" /><E45/><V108/><F108/><W61/><G61/><AGARI ba="2,1" hai="12,13,20,21,23,52,57,61" m="7543,58559" machi="61" ten="30,2000,0" yaku="8,1,54,1" doraHai="46" who="1" fromWho="3" sc="220,0,197,36,353,0,220,-26" /><INIT seed="3,0,0,1,1,27" ten="220,233,353,194" oya="3" hai0="7,75,94,59,49,85,44,15,64,22,37,38,116" hai1="122,70,20,53,76,101,99,112,26,126,65,16,48" hai2="81,50,132,113,46,66,108,55,130,69,33,56,6" hai3="127,17,71,35,68,5,23,105,62,77,41,0,74"/><W133/><G105/><T42/><D75/><U51/><E122/><V92/><F33/><W103/><G103/><T67/><D116/><U21/><E112/><V88/><F113/><W36/><G127/><T78/><D7/><U121/><E126/><V14/><F108/><W1/><G133/><T104/><D104/><U87/><E65/><V61/><F132/><W19/><G35/><T117/><D117/><U120/><E70/><V12/><F130/><W11/><G1/><T97/><D38/><U63/><E63/><V110/><F81/><W84/><G84/><T86/><D37/><U54/><E87/><V123/><F123/><W18/><G23/><T125/><D125/><U102/><E76/><V135/><F135/><W29/><G29/><T3/><D3/><U89/><E89/><V58/><F110/><W47/><REACH who="3" step="1"/><G62/><REACH who="3" ten="220,233,353,184" step="2"/><T96/><D85/><U134/><E134/><V107/><F107/><W95/><G95/><T13/><D94/><N who="1" m="58615" /><E102/><V32/><F32/><W30/><G30/><T52/><D22/><N who="1" m="13639" /><E121/><V90/><F92/><W60/><G60/><T72/><D86/><U119/><E120/><V24/><F24/><W106/><G106/><T100/><D100/><U45/><E119/><V82/><F82/><AGARI ba="0,1" hai="0,5,11,17,18,19,36,41,47,68,71,74,77,82" machi="82" ten="40,7700,0" yaku="1,1,25,2,53,0" doraHai="27" doraHaiUra="111" who="3" fromWho="2" sc="220,0,233,0,353,-77,184,87" /><INIT seed="3,1,0,2,2,22" ten="220,233,276,271" oya="3" hai0="55,66,26,87,84,129,59,43,127,1,81,79,122" hai1="92,119,93,42,126,25,27,113,63,74,37,51,32" hai2="120,58,80,118,114,39,53,100,85,19,11,115,75" hai3="2,48,82,6,99,14,123,5,21,90,96,101,135"/><W78/><G123/><T124/><D1/><U60/><E113/><V105/><F39/><W34/><G34/><T10/><D10/><U36/><E32/><V31/><F118/><W64/><G135/><T8/><D8/><U69/><E74/><V40/><F75/><W112/><G2/><T111/><D111/><U47/><E126/><V76/><F120/><W54/><G64/><T116/><D116/><U65/><E119/><V52/><F53/><W24/><G14/><T83/><D129/><U38/><E93/><V110/><F40/><W45/><G90/><T3/><D3/><U18/><E18/><V49/><F110/><W62/><G62/><T77/><D43/><U125/><E125/><V20/><F31/><W117/><G112/><T50/><D122/><U44/><E92/><V68/><F68/><W106/><G99/><T88/><D66/><U97/><E97/><V107/><F11/><W130/><G130/><T35/><D88/><U56/><REACH who="1" step="1"/><E47/><REACH who="1" ten="220,223,276,271" step="2"/><V28/><F115/><W94/><G117/><T131/><D131/><U17/><E17/><V13/><F114/><W73/><REACH who="3" step="1"/><G94/><REACH who="3" ten="220,223,276,261" step="2"/><T33/><REACH who="0" step="1"/><D33/><REACH who="0" ten="210,223,276,261" step="2"/><U4/><E4/><V86/><F28/><AGARI ba="1,3" hai="5,6,21,24,28,45,48,54,73,78,82,96,101,106" machi="28" ten="30,11600,0" yaku="1,1,2,1,7,1,52,1,53,0" doraHai="22" doraHaiUra="71" who="3" fromWho="2" sc="210,0,223,0,276,-119,261,149" /><AGARI ba="1,0" hai="26,28,35,50,55,59,77,79,81,83,84,87,124,127" machi="28" ten="40,8000,1" yaku="1,1,2,1,9,1,52,1,53,0" doraHai="22" doraHaiUra="71" who="0" fromWho="2" sc="210,80,223,0,157,-80,410,0" /><INIT seed="3,2,0,4,3,22" ten="290,223,77,410" oya="3" hai0="135,61,64,71,25,3,51,72,6,81,30,34,101" hai1="0,129,5,52,40,44,23,8,93,63,70,1,125" hai2="46,85,4,16,47,92,65,13,28,14,108,56,75" hai3="122,36,123,39,29,35,37,60,41,131,53,132,111"/><W11/><G11/><T15/><D15/><U107/><E107/><V115/><F108/><W55/><G29/><T127/><D51/><U80/><E0/><V79/><F75/><W69/><G35/><T78/><D135/><U118/><E118/><V82/><F115/><W26/><G26/><T89/><D89/><U38/><E125/><V32/><F32/><W49/><G131/><T73/><D73/><U94/><E129/><V126/><F126/><W27/><G27/><T19/><D19/><U99/><E23/><V83/><F28/><W24/><G24/><T18/><D18/><U33/><E33/><V76/><F92/><W62/><G132/><T10/><D101/><U124/><E124/><AGARI ba="2,0" hai="3,6,10,25,30,34,61,64,71,72,78,81,124,127" machi="124" ten="40,5200,0" yaku="23,2,52,1" doraHai="22" who="0" fromWho="1" sc="290,58,223,-58,77,0,410,0" /><INIT seed="4,0,0,2,4,130" ten="348,165,77,410" oya="0" hai0="79,132,89,18,51,82,44,120,84,108,69,39,134" hai1="96,45,131,27,20,91,64,11,70,43,113,42,23" hai2="95,2,118,17,135,8,106,31,116,0,53,123,56" hai3="115,101,83,24,61,32,58,112,78,33,100,49,74"/><T109/><D69/><U88/><E131/><V14/><F123/><W57/><G49/><T81/><D39/><U7/><E64/><V41/><F106/><W67/><G58/><T66/><D66/><U63/><E63/><V117/><F41/><W65/><G65/><T54/><D18/><U22/><E70/><V38/><F38/><W126/><G126/><T35/><D35/><N who="3" m="13385" /><G24/><T9/><D9/><U124/><E113/><AGARI ba="0,0" hai="57,61,67,74,78,83,100,101,112,113,115" m="13385" machi="113" ten="30,1000,0" yaku="15,1" doraHai="130" who="3" fromWho="1" sc="348,0,165,-10,77,0,410,10" /><INIT seed="5,0,0,2,4,117" ten="348,155,77,420" oya="1" hai0="120,116,24,48,32,94,1,38,72,27,21,102,96" hai1="13,68,106,0,127,47,132,2,101,124,128,79,126" hai2="64,41,8,135,31,122,99,119,16,95,97,91,129" hai3="84,104,65,67,36,69,133,108,43,100,11,62,23"/><U19/><E68/><V81/><F41/><W118/><G108/><T55/><D72/><U30/><E79/><V113/><F119/><W60/><G133/><T111/><D1/><N who="1" m="619" /><E47/><V82/><F135/><W93/><G104/><T34/><D38/><U40/><E40/><V20/><F129/><W18/><G11/><T77/><D77/><U58/><E58/><V15/><F122/><W3/><G3/><T46/><D111/><U125/><E101/><V35/><F113/><W71/><G118/><T87/><D87/><U66/><E66/><V39/><F35/><W29/><G29/><T92/><D92/><U110/><E106/><V76/><F39/><W53/><G53/><T134/><D116/><U85/><E85/><V123/><F123/><W49/><G49/><T4/><D120/><U14/><E132/><V25/><F64/><W61/><G61/><T9/><D48/><U10/><E110/><V5/><F99/><W109/><G109/><T7/><D46/><U54/><E54/><V112/><F112/><W98/><G84/><T28/><D55/><U52/><E52/><V80/><REACH who="2" step="1"/><F31/><REACH who="2" ten="348,155,67,420" step="2"/><W50/><G36/><T44/><D96/><U42/><E42/><V17/><F17/><W103/><G43/><T107/><D28/><U89/><E126/><V57/><F57/><W78/><G50/><T115/><D115/><U59/><E59/><V74/><AGARI ba="0,1" hai="5,8,15,16,20,25,74,76,80,81,82,91,95,97" machi="74" ten="20,5200,0" yaku="1,1,0,1,7,1,54,1,53,0" doraHai="117" doraHaiUra="26" who="2" fromWho="2" sc="348,-13,155,-26,67,62,420,-13" /><INIT seed="6,0,0,3,0,80" ten="335,129,129,407" oya="2" hai0="10,59,128,89,115,111,21,93,65,104,8,43,56" hai1="106,112,97,87,64,130,98,96,124,68,129,48,42" hai2="133,118,81,125,127,135,83,30,57,114,50,117,126" hai3="63,22,49,73,5,119,47,69,103,12,0,82,60"/><V84/><F30/><W38/><G0/><T51/><D104/><U33/><E33/><V102/><F50/><W54/><G38/><T91/><D115/><U72/><E72/><V62/><F114/><W100/><G69/><T25/><D111/><U40/><E112/><V76/><F57/><W75/><G119/><N who="2" m="45577" /><F62/><W77/><G75/><T108/><D108/><U70/><E106/><V3/><F3/><W24/><G63/><T94/><D65/><U44/><E124/><V95/><F83/><W88/><G60/><T16/><D56/><U7/><E64/><V32/><F32/><W6/><G12/><T79/><D79/><U31/><E31/><V71/><F71/><N who="1" m="27177" /><E7/><V27/><F27/><W41/><G6/><T67/><D67/><U109/><E42/><V35/><F35/><W101/><G5/><T92/><D10/><U78/><E109/><V66/><F66/><W123/><G41/><T99/><D8/><U105/><E105/><V23/><F23/><W107/><G107/><T53/><D43/><U14/><E14/><V19/><F19/><W4/><G4/><T34/><D34/><U1/><E1/><V52/><F52/><W20/><G20/><T13/><D13/><U85/><E78/><V55/><F55/><W58/><G58/><T11/><D11/><U46/><E46/><V110/><F110/><W61/><G61/><T17/><D17/><U18/><E18/><V113/><F113/><W39/><G54/><T36/><D53/><U121/><E121/><V37/><F37/><W28/><G123/><T15/><D36/><U45/><E45/><RYUUKYOKU ba="0,0" sc="335,-15,129,15,129,15,407,-15" hai1="40,44,48,85,87,96,97,98,129,130" hai2="76,81,84,95,102,125,126,127,133,135" /><INIT seed="6,1,0,2,3,62" ten="320,144,144,392" oya="2" hai0="71,15,103,109,98,134,115,70,88,44,63,52,89" hai1="16,80,122,11,42,133,99,40,41,46,0,83,84" hai2="57,130,118,23,100,127,128,105,35,72,27,135,91" hai3="78,13,60,116,68,117,28,49,74,2,104,56,33"/><V126/><F35/><W39/><G2/><T8/><D109/><U85/><E133/><V76/><F118/><W51/><G39/><T45/><D134/><U4/><E122/><V86/><F57/><W81/><G104/><T90/><D115/><U7/><E46/><V111/><F135/><W121/><G68/><T119/><D119/><U17/><E99/><N who="2" m="61599" /><F23/><W108/><G108/><T101/><D101/><U113/><E113/><V79/><F27/><W129/><G129/><N who="2" m="49769" /><F111/><W10/><G121/><T125/><D71/><U82/><REACH who="1" step="1"/><E7/><REACH who="1" ten="320,134,144,392" step="2"/><V92/><F72/><W19/><G117/><T64/><D44/><U132/><E132/><V22/><F22/><W50/><G116/><T34/><D45/><U53/><E53/><V38/><F38/><W110/><G110/><T18/><D52/><U12/><E12/><V20/><F20/><W36/><G36/><T96/><D15/><U3/><E3/><V94/><F94/><W21/><G21/><T95/><D95/><U66/><E66/><V65/><F65/><W120/><G120/><T9/><D64/><U59/><E59/><V69/><F69/><W43/><G56/><T1/><D70/><U106/><E106/><V30/><F30/><W48/><G28/><T114/><D1/><U14/><E14/><V24/><F24/><W75/><G75/><T93/><D93/><U58/><E58/><V55/><F55/><W107/><G107/><T31/><D31/><U25/><E25/><V67/><F67/><W29/><G29/><T5/><D5/><U61/><E61/><V54/><F54/><W47/><G60/><RYUUKYOKU ba="1,1" sc="320,-30,134,10,144,10,392,10" hai1="0,4,11,16,17,40,41,42,80,82,83,84,85" hai2="76,79,86,91,92,126,127" hai3="10,13,19,33,43,47,48,49,50,51,74,78,81" /><INIT seed="6,2,1,3,3,70" ten="290,144,154,402" oya="2" hai0="116,66,49,7,35,67,86,90,52,76,84,135,88" hai1="114,119,2,99,95,1,78,50,26,0,130,83,97" hai2="110,127,8,57,33,9,48,87,62,25,68,125,102" hai3="104,53,41,98,43,111,56,34,69,128,24,94,77"/><V59/><F110/><W13/><G104/><T101/><D35/><U61/><E119/><V117/><F117/><W10/><G128/><T12/><D116/><U64/><E114/><V118/><F118/><W15/><G15/><T74/><D74/><U17/><E130/><V54/><F87/><N who="0" m="33322" /><D101/><U124/><E124/><N who="2" m="47691" /><F102/><W132/><G132/><T113/><D113/><U19/><E50/><V29/><F68/><W80/><G24/><T120/><D120/><U115/><E115/><V4/><F4/><W133/><G133/><T103/><D103/><U85/><E26/><V22/><F22/><W96/><G69/><T20/><D76/><U42/><E42/><V71/><F71/><W75/><G43/><T63/><D63/><U44/><E44/><V51/><F51/><W93/><G41/><T3/><D3/><U79/><E79/><V40/><F40/><W36/><G111/><T32/><D32/><U6/><E6/><V37/><F37/><W107/><G36/><T131/><D135/><U121/><E121/><V112/><F112/><W105/><G34/><T23/><D23/><U91/><REACH who="1" step="1"/><E99/><REACH who="1" ten="290,134,154,402" step="2"/><V38/><F38/><W39/><G98/><T16/><D7/><U58/><AGARI ba="2,2" hai="0,1,2,17,19,58,61,64,78,83,85,91,95,97" machi="58" ten="30,4000,0" yaku="1,1,2,1,0,1,53,0" doraHai="70" doraHaiUra="65" who="1" fromWho="1" sc="290,-12,134,66,154,-22,402,-12" /><INIT seed="7,0,0,5,2,95" ten="278,200,132,390" oya="3" hai0="5,21,96,127,116,3,60,42,45,12,17,50,93" hai1="20,29,62,53,135,68,64,103,76,40,43,69,87" hai2="119,51,114,72,118,46,71,14,33,100,120,123,32" hai3="78,111,105,81,115,15,70,91,59,54,7,73,128"/><W37/><G115/><T30/><D127/><U10/><E69/><V104/><F71/><W90/><G105/><T94/><D94/><U23/><E135/><V122/><F14/><W27/><G128/><T67/><D3/><U98/><E10/><V126/><F126/><W16/><G27/><T49/><D5/><U108/><E53/><V82/><F51/><W99/><G37/><T130/><D130/><U75/><E75/><V117/><F46/><W101/><G111/><T26/><D116/><U6/><E6/><V97/><REACH who="2" step="1"/><F114/><REACH who="2" ten="278,200,122,390" step="2"/><W65/><G15/><T34/><D45/><U80/><E108/><V0/><F0/><W84/><G70/><T102/><D42/><U36/><E36/><V131/><F131/><W47/><G47/><T63/><D60/><U57/><E68/><AGARI ba="0,1" hai="12,17,21,26,30,34,49,50,63,67,68,93,96,102" machi="68" ten="30,2000,0" yaku="7,1,52,1" doraHai="95" who="0" fromWho="1" sc="278,30,200,-20,122,0,390,0" owari="308,11.0,180,-22.0,122,-38.0,390,49.0" /></mjloggm>