<mjloggm ver="2.3"><GO type="41" lobby="0"/><UN n0="%74%6F%79%6F%40%E6%9F%8F" n1="%E3%82%B7%E3%83%A3%E3%83%AB%E3%83%AD%E3%83%83%E3%83%88%EF%BC%97" n2="%44%79%65%30%39%30%36" n3="%E2%93%9D%53%75%70%68%78" dan="16,15,14,18" rate="2081.53,2057.69,1830.28,2057.06" sx="M,M,M,M"/><TAIKYOKU oya="0"/><INIT seed="0,0,0,2,1,32" ten="250,250,250,250" oya="0" hai0="4,123,41,31,112,64,80,40,128,46,56,131,103" hai1="101,16,77,29,73,65,24,116,89,126,134,91,72" hai2="23,102,90,21,26,97,19,81,35,57,117,1,106" hai3="82,3,42,2,93,129,95,127,79,125,122,13,63"/><T94/><D123/><U62/><E116/><V119/><F35/><W71/><G42/><T27/><D112/><U9/><E134/><V45/><F45/><W88/><G95/><T5/><D80/><U107/><E126/><N who="3" m="48138" /><G13/><T135/><D135/><U114/><E114/><V51/><F23/><W74/><G129/><T50/><D41/><U120/><E120/><V17/><F17/><W43/><G43/><T12/><D12/><U53/><E53/><V10/><F81/><W18/><G18/><T49/><D49/><U34/><E91/><V22/><F22/><W52/><G122/><T67/><D67/><U75/><E89/><V69/><F69/><W59/><G71/><T20/><D131/><U30/><E30/><V28/><F28/><W113/><G113/><T84/><D84/><AGARI ba="0,0" hai="2,3,52,59,63,74,79,82,84,88,93" m="48138" machi="84" ten="30,8000,1" yaku="18,1,52,2,54,2" doraHai="32" who="3" fromWho="0" sc="250,-80,250,0,250,0,250,80" /><INIT seed="1,0,0,5,1,74" ten="170,250,250,330" oya="1" hai0="42,62,0,19,81,93,127,75,129,9,102,84,54" hai1="28,133,22,67,135,43,88,103,57,76,89,50,95" hai2="35,72,20,29,55,90,130,31,34,113,4,24,115" hai3="125,14,119,101,69,58,70,36,17,68,3,47,80"/><U61/><E103/><V60/><F72/><W94/><G3/><T45/><D129/><U98/><E89/><V96/><F4/><W51/><G36/><T71/><D127/><U18/><E28/><V87/><F96/><W131/><G58/><T11/><D54/><U114/><E114/><V27/><F20/><W33/><G33/><T83/><D71/><U63/><E63/><V132/><F132/><N who="1" m="50761" /><E43/><V25/><F25/><W41/><G119/><T86/><D62/><U121/><E121/><V21/><F21/><W100/><G100/><T10/><D19/><U116/><E50/><V52/><F130/><W126/><G131/><T110/><D93/><U73/><E73/><V78/><F78/><W23/><G94/><T64/><D102/><U128/><E128/><V48/><F60/><W82/><REACH who="3" step="1"/><G101/><REACH who="3" ten="170,250,250,320" step="2"/><T79/><D0/><U120/><E116/><V97/><F115/><W2/><G2/><T6/><D83/><AGARI ba="0,1" hai="14,17,23,41,47,51,68,69,70,80,82,83,125,126" machi="83" ten="50,1600,0" yaku="1,1,53,0" doraHai="74" doraHaiUra="107" who="3" fromWho="0" sc="170,-16,250,0,250,0,320,26" /><INIT seed="2,0,0,5,2,64" ten="154,250,250,346" oya="2" hai0="12,69,108,23,27,102,35,26,32,25,77,107,43" hai1="111,60,9,90,133,72,61,105,95,117,36,34,122" hai2="28,96,17,2,53,113,18,97,93,121,40,11,114" hai3="124,118,132,46,81,67,91,4,84,0,75,130,6"/><V1/><F121/><W94/><G118/><T131/><D108/><U68/><RYUUKYOKU type="yao9" ba="0,0" sc="154,0,250,0,250,0,346,0" hai1="9,34,36,60,61,68,72,90,95,105,111,117,122,133" /><INIT seed="2,1,0,1,3,126" ten="154,250,250,346" oya="2" hai0="0,42,32,38,51,110,82,89,102,73,15,92,100" hai1="74,36,30,41,98,125,91,22,133,116,135,12,124" hai2="109,25,75,130,43,77,96,18,72,127,132,6,33" hai3="17,9,85,78,35,44,79,65,88,104,122,64,14"/><V21/><F127/><N who="1" m="48713" /><E74/><V1/><F132/><N who="1" m="50761" /><E116/><V23/><F33/><W19/><G104/><T28/><D0/><U83/><E36/><V119/><F119/><W34/><G122/><T67/><D38/><U53/><E41/><V128/><F109/><W66/><G35/><T108/><D67/><U71/><E71/><V26/><F43/><W117/><G34/><T54/><D42/><U99/><E53/><V61/><F61/><W115/><G115/><T113/><D113/><U121/><E121/><V49/><F49/><W48/><G19/><T10/><D28/><U70/><E70/><V2/><F96/><W68/><G68/><T31/><D31/><U47/><E47/><V112/><F112/><W4/><G4/><T58/><D32/><U84/><E30/><N who="2" m="17711" /><F77/><W87/><G117/><T13/><D73/><N who="2" m="28234" /><F6/><W120/><G120/><T55/><D55/><U69/><E69/><V107/><F107/><W57/><G57/><T7/><D110/><U62/><E62/><V129/><AGARI ba="1,0" hai="1,2,18,23,26,128,129,130" m="28234,17711" machi="129" ten="40,12000,1" yaku="19,1,52,3" doraHai="126" who="2" fromWho="2" sc="154,-41,250,-41,250,123,346,-41" /><INIT seed="2,2,0,0,3,38" ten="113,209,373,305" oya="2" hai0="1,78,91,36,63,119,130,29,53,99,101,116,93" hai1="132,128,127,5,110,40,79,43,39,15,100,118,70" hai2="33,123,10,131,74,6,88,97,89,32,125,18,25" hai3="117,129,104,54,16,23,67,55,106,61,73,56,20"/><V126/><F123/><W77/><G117/><N who="0" m="45131" /><D1/><U2/><E118/><V50/><F74/><W124/><G129/><T13/><D36/><U111/><E2/><V113/><F113/><W57/><G124/><N who="2" m="47721" /><F131/><W76/><G73/><T65/><D53/><U82/><E39/><V92/><F50/><W133/><G67/><T87/><D29/><U95/><E132/><V35/><F89/><W122/><G133/><T31/><D31/><U58/><E70/><V86/><F86/><W24/><G122/><T42/><D13/><U12/><E15/><N who="2" m="5591" /><F18/><W103/><G103/><T98/><D78/><U26/><E12/><V85/><F97/><W22/><G77/><T41/><D130/><U90/><E5/><V48/><F48/><W108/><G76/><T105/><D99/><N who="1" m="59519" /><E90/><V51/><F51/><W60/><G108/><N who="1" m="41514" /><E128/><V120/><F120/><W62/><G62/><T83/><D83/><U75/><E127/><V0/><F0/><W44/><G61/><T109/><D109/><U17/><E58/><AGARI ba="2,0" hai="41,42,58,63,65,87,91,93,98,101,105" m="45131" machi="58" ten="30,3900,0" yaku="12,1,52,2" doraHai="38" who="0" fromWho="1" sc="113,45,209,-45,373,0,305,0" /><INIT seed="3,0,0,4,1,126" ten="158,164,373,305" oya="3" hai0="92,111,135,29,47,133,45,115,11,90,95,21,36" hai1="48,116,46,83,50,71,79,112,93,39,33,37,72" hai2="91,70,0,3,56,81,27,42,14,58,134,96,105" hai3="15,67,104,55,127,38,66,82,68,59,119,17,34"/><W98/><G119/><T113/><D11/><U125/><E112/><N who="0" m="43081" /><D21/><U84/><E125/><V63/><F42/><W76/><G68/><T2/><D29/><U60/><E33/><V9/><F134/><N who="0" m="51210" /><D2/><U23/><E116/><V121/><F121/><W107/><G38/><T26/><D26/><U12/><E72/><V106/><F27/><W122/><G122/><T53/><D90/><U52/><E93/><N who="0" m="35913" /><D53/><U109/><E109/><V65/><F3/><W44/><G55/><T69/><D69/><U41/><E71/><V31/><F0/><W64/><G15/><T13/><D13/><U32/><E32/><V61/><F31/><W5/><G34/><T130/><D130/><U110/><E110/><V18/><F70/><W97/><G67/><T8/><D8/><U19/><REACH who="1" step="1"/><E60/><REACH who="1" ten="158,154,373,305" step="2"/><V101/><F63/><W16/><G127/><T73/><D73/><U43/><E43/><V7/><F61/><W57/><G66/><T120/><D111/><U89/><E89/><V51/><F65/><W62/><G64/><T22/><D120/><U103/><E103/><V102/><F91/><W80/><G62/><T54/><D54/><U132/><E132/><V25/><F102/><W108/><G108/><T28/><D36/><U87/><E87/><V85/><F101/><W35/><G35/><T6/><D45/><AGARI ba="0,1" hai="12,19,23,37,39,41,45,46,48,50,52,79,83,84" machi="45" ten="30,3900,0" yaku="1,1,7,1,54,1,53,0" doraHai="126" doraHaiUra="117" who="1" fromWho="0" sc="158,-39,154,49,373,0,305,0" /><INIT seed="4,0,0,1,2,109" ten="119,203,373,305" oya="0" hai0="87,51,121,18,27,72,40,73,122,0,63,19,111" hai1="48,37,38,7,103,49,127,16,50,20,105,32,22" hai2="114,43,85,117,3,41,118,34,94,54,61,46,14" hai3="112,102,101,36,5,120,4,17,55,125,39,132,2"/><T62/><D111/><U128/><E32/><V71/><F3/><W47/><G132/><T28/><D0/><U83/><E128/><V31/><F14/><W81/><G125/><T33/><D73/><U86/><E127/><V26/><F114/><W24/><G120/><T107/><D72/><U115/><E7/><V35/><F35/><W96/><G102/><T60/><D107/><U75/><E75/><V42/><F85/><W12/><G24/><T76/><D40/><U66/><E22/><V80/><F80/><W129/><G112/><T1/><D51/><U119/><E119/><N who="2" m="45579" /><F94/><W29/><G81/><T58/><D58/><U92/><E66/><N who="2" m="41423" /><F54/><W126/><G55/><T69/><D1/><U88/><E105/><V104/><F104/><W56/><G5/><T133/><D69/><U99/><REACH who="1" step="1"/><E115/><REACH who="1" ten="119,193,373,305" step="2"/><V67/><F67/><W21/><G4/><T130/><D130/><U25/><AGARI ba="0,1" hai="16,20,25,37,38,48,49,50,83,86,88,92,99,103" machi="25" ten="30,8000,1" yaku="1,1,2,1,0,1,54,2,53,0" doraHai="109" doraHaiUra="116" who="1" fromWho="1" sc="119,-40,193,90,373,-20,305,-20" /><INIT seed="5,0,0,3,3,107" ten="79,283,353,285" oya="1" hai0="9,131,43,6,78,51,30,101,88,68,56,95,110" hai1="75,54,35,2,103,74,25,104,15,44,135,132,84" hai2="62,122,99,37,55,49,39,52,98,116,11,80,3" hai3="86,115,63,48,17,59,92,90,111,20,81,4,42"/><U38/><E2/><V97/><F116/><W36/><G115/><T100/><D68/><U128/><E128/><V13/><F122/><W32/><G32/><T41/><D110/><U21/><E84/><V28/><F3/><W64/><G36/><T22/><D78/><U58/><E35/><V67/><F28/><W12/><G111/><T50/><D131/><U72/><E15/><V113/><F80/><W82/><REACH who="3" step="1"/><G4/><REACH who="3" ten="79,283,353,275" step="2"/><T31/><D43/><N who="1" m="22647" /><E104/><V66/><F113/><W46/><AGARI ba="0,1" hai="12,17,20,42,46,48,59,63,64,81,82,86,90,92" machi="46" ten="30,7900,0" yaku="1,1,0,1,8,1,53,1" doraHai="107" doraHaiUra="53" who="3" fromWho="3" sc="79,-20,283,-39,353,-20,275,89" /><INIT seed="6,0,0,3,5,42" ten="59,244,333,364" oya="2" hai0="113,2,108,109,22,98,24,117,52,76,95,15,120" hai1="80,38,69,45,133,27,36,11,91,102,1,43,90" hai2="0,130,37,122,54,114,103,131,72,121,94,40,75" hai3="48,34,35,17,66,82,68,31,70,101,106,62,26"/><V97/><F0/><W29/><G17/><T49/><D120/><N who="2" m="46186" /><F37/><W9/><G9/><T53/><D117/><U78/><E69/><V67/><F67/><W87/><G48/><T12/><D2/><U73/><E133/><V18/><F40/><W8/><G8/><T124/><D124/><U84/><E36/><V71/><F71/><N who="3" m="42455" /><G87/><T134/><D134/><U132/><E84/><V60/><F18/><W112/><G82/><T50/><D76/><U104/><E132/><V32/><F32/><W89/><G89/><T125/><D125/><U3/><E3/><V123/><N who="2" m="46194" /><V33/><DORA hai="46" /><F33/><W79/><G79/><T51/><D113/><U47/><E47/><V28/><F28/><W115/><G31/><N who="0" m="17815" /><D109/><U105/><E27/><V41/><F41/><W44/><G44/><T85/><D85/><U23/><E23/><V127/><F127/><W77/><G35/><T119/><D108/><U57/><E57/><N who="2" m="34871" /><F114/><N who="3" m="43563" /><G77/><T10/><D119/><U135/><E135/><V64/><F64/><W129/><G129/><AGARI ba="0,0" hai="72,75,94,97,103,129,130,131" m="34871,46194" machi="129" ten="40,2000,0" yaku="19,1" doraHai="42,46" who="2" fromWho="3" sc="59,0,244,0,333,20,364,-20" /><INIT seed="6,1,0,5,2,21" ten="59,244,353,344" oya="2" hai0="6,44,54,76,96,71,66,101,5,127,69,75,122" hai1="8,45,29,11,15,12,87,86,77,95,36,128,102" hai2="109,88,98,50,125,112,119,94,62,124,68,56,118" hai3="99,131,23,13,34,42,57,97,28,116,31,3,130"/><V85/><F112/><W103/><G3/><T121/><D127/><N who="2" m="48714" /><F109/><W79/><G116/><T52/><D76/><U82/><E128/><N who="3" m="49194" /><G34/><T35/><D75/><U55/><E29/><V135/><F135/><W16/><G42/><T26/><D44/><U27/><E27/><V117/><F68/><W41/><G41/><T63/><D71/><U22/><E22/><V47/><F98/><N who="3" m="37387" /><G103/><T78/><D78/><U91/><E36/><V40/><F119/><W110/><G110/><T30/><D5/><U65/><E102/><V114/><F114/><W67/><G79/><T49/><D6/><U100/><E100/><V48/><F50/><W51/><G51/><T25/><D25/><U83/><E77/><V115/><F115/><W59/><G59/><T7/><D7/><U24/><E45/><V64/><AGARI ba="1,0" hai="40,47,48,56,62,64,85,88,94,117,118" m="48714" machi="64" ten="30,3000,0" yaku="18,1,54,1" doraHai="21" who="2" fromWho="2" sc="59,-11,244,-11,353,33,344,-11" /><INIT seed="6,2,0,1,0,15" ten="48,233,386,333" oya="2" hai0="22,60,128,101,45,64,123,103,5,59,76,126,114" hai1="7,94,66,119,52,61,56,113,73,100,9,88,115" hai2="85,133,121,28,97,124,109,93,118,12,90,58,63" hai3="10,13,106,20,21,18,40,62,34,79,110,38,65"/><V3/><F118/><W19/><G34/><T8/><D114/><N who="1" m="43531" /><E100/><V91/><F121/><W132/><G110/><T25/><D128/><U99/><E119/><V57/><F3/><W0/><G106/><T89/><D126/><U68/><E73/><V84/><F124/><W69/><G132/><T130/><D76/><U102/><E102/><V31/><F133/><W2/><G79/><T71/><D71/><U70/><E66/><V104/><F109/><W107/><G107/><T30/><D130/><U78/><E78/><V98/><F104/><W67/><G67/><T23/><D23/><U24/><E24/><V116/><F116/><W105/><G105/><T42/><D89/><U72/><E72/><V43/><F43/><W36/><G40/><T46/><D46/><U117/><E117/><V17/><F31/><W134/><G134/><T27/><D27/><U83/><E83/><V131/><F28/><W75/><G75/><T81/><D81/><U16/><E7/><V95/><F131/><W37/><REACH who="3" step="1"/><G10/><REACH who="3" ten="48,233,386,323" step="2"/><T135/><D135/><U127/><E127/><V125/><F125/><W26/><AGARI ba="2,1" hai="0,2,13,18,19,20,21,26,36,37,38,62,65,69" machi="26" ten="30,8000,1" yaku="1,1,2,1,0,1,52,2,53,0" doraHai="15" doraHaiUra="39" who="3" fromWho="3" sc="48,-22,233,-22,386,-42,323,96" /><INIT seed="7,0,0,2,2,11" ten="26,211,344,419" oya="3" hai0="86,57,87,37,106,13,93,14,105,130,104,68,8" hai1="66,12,111,102,98,75,135,84,70,43,3,20,119" hai2="126,31,5,79,23,60,26,16,120,132,28,44,32" hai3="6,17,22,127,88,108,2,90,117,35,55,7,81"/><W76/><G117/><T69/><D8/><U72/><E111/><V114/><F79/><W131/><G35/><T71/><D93/><U1/><E135/><V42/><F114/><W49/><G131/><T52/><D37/><U100/><E43/><V64/><F120/><W27/><G127/><T107/><N who="0" m="26624" /><DORA hai="96" /><T99/><D99/><U62/><E84/><V121/><F121/><W63/><G63/><T82/><D130/><U40/><E40/><V38/><F132/><W65/><G65/><T24/><D24/><U0/><E98/><V122/><F122/><W54/><G54/><T50/><D87/><U41/><E41/><V48/><F126/><W9/><G108/><T103/><REACH who="0" step="1"/><D103/><REACH who="0" ten="16,211,344,419" step="2"/><N who="1" m="39467" /><E119/><V109/><F109/><W29/><G27/><T33/><D33/><U125/><E125/><V10/><F32/><W77/><G9/><T124/><D124/><U80/><E0/><V21/><F38/><W116/><G2/><T30/><D30/><U95/><E1/><V123/><F123/><W85/><G29/><T51/><D51/><U39/><E3/><V59/><F23/><W101/><G22/><T92/><D92/><U112/><E95/><V4/><F4/><W61/><G7/><T58/><D58/><U89/><E39/><V34/><F34/><W134/><G6/><T19/><D19/><U74/><E20/><V45/><F45/><W36/><G36/><T47/><D47/><U113/><E113/><V15/><AGARI ba="0,1" hai="5,10,15,16,21,26,28,31,42,44,48,59,60,64" machi="15" ten="20,8000,1" yaku="0,1,7,1,8,1,52,1,54,1" doraHai="11,96" who="2" fromWho="2" sc="16,-20,211,-20,344,90,419,-40" owari="-4,-50.0,191,-21.0,434,53.0,379,18.0" /></mjloggm>