<mjloggm ver="2.3"><GO type="41" lobby="0"/><UN n0="%73%68%75%74%6C%6C%6C%6C" n1="%4E%6F%62%75%79%61%6D%61" n2="%E7%B7%8B" n3="%E2%93%9D%53%75%70%68%78" dan="13,14,14,18" rate="1859.01,1956.51,2040.13,2145.38" sx="M,M,F,M"/><TAIKYOKU oya="0"/><INIT seed="0,0,0,5,4,76" ten="250,250,250,250" oya="0" hai0="122,57,121,44,61,4,14,45,56,97,94,50,132" hai1="48,38,7,72,15,11,59,118,53,127,36,105,25" hai2="129,116,34,102,30,60,67,58,63,71,85,80,5" hai3="108,33,110,74,78,47,37,114,2,3,52,81,82"/><T17/><D132/><U55/><E105/><V32/><F116/><W24/><G114/><T16/><D121/><U123/><E118/><V65/><F129/><W112/><G112/><T9/><D122/><U101/><E72/><V95/><F5/><W111/><G82/><T83/><D61/><U29/><E101/><V100/><F95/><W19/><G19/><T64/><D64/><U46/><E127/><V98/><F30/><N who="3" m="19655" /><G52/><N who="0" m="29767" /><D83/><U135/><E135/><V126/><F126/><W90/><G90/><N who="0" m="55511" /><D45/><U99/><E99/><V107/><REACH who="2" step="1"/><F100/><REACH who="2" ten="250,250,240,250" step="2"/><W75/><G75/><T131/><D131/><U89/><E123/><V93/><F93/><W51/><G51/><T117/><D117/><U92/><E92/><V0/><F0/><W130/><G130/><T134/><D134/><U26/><E29/><V18/><F18/><AGARI ba="0,1" hai="4,9,14,16,17,18,56,57" m="55511,29767" machi="18" ten="30,5800,0" yaku="8,1,54,2" doraHai="76" who="0" fromWho="2" sc="250,68,250,0,240,-58,250,0" /><INIT seed="0,1,0,4,5,18" ten="318,250,182,250" oya="0" hai0="99,21,14,108,10,59,98,0,60,96,113,40,3" hai1="31,104,44,36,57,135,69,101,88,83,34,70,116" hai2="1,13,48,90,38,86,50,19,4,26,131,120,110" hai3="7,122,43,121,132,37,9,32,16,80,20,89,6"/><T56/><D113/><U54/><E116/><V23/><F120/><N who="3" m="46187" /><G32/><T42/><D108/><U55/><E135/><V95/><F110/><W78/><G132/><T103/><D103/><U87/><E34/><V97/><F131/><W125/><G125/><T33/><D33/><U71/><E31/><V41/><F1/><W133/><G133/><T49/><D49/><U24/><E24/><V76/><F38/><W93/><G9/><T129/><D129/><U114/><E114/><V68/><F68/><W85/><G43/><T67/><D56/><U130/><E130/><V127/><F127/><W66/><G66/><T124/><D124/><U91/><E36/><V102/><F76/><W53/><G53/><T111/><D111/><U81/><E44/><V45/><F48/><W107/><G107/><T112/><D112/><U35/><E35/><V117/><F117/><W63/><G63/><T134/><D134/><U27/><E27/><V46/><F46/><W105/><G105/><T58/><D58/><U29/><E29/><V126/><F126/><W128/><G37/><T8/><D0/><U61/><E54/><V64/><F64/><W22/><G128/><T17/><D3/><U65/><E55/><V119/><F119/><W123/><G123/><T30/><D30/><U109/><E109/><V2/><F2/><W115/><G115/><T73/><D73/><U12/><E12/><V47/><F47/><W82/><G78/><T52/><D67/><U75/><E75/><V15/><REACH who="2" step="1"/><F4/><REACH who="2" ten="318,250,172,250" step="2"/><N who="3" m="1579" /><G16/><T62/><D62/><U118/><E118/><V77/><F77/><W39/><G39/><RYUUKYOKU ba="1,1" sc="318,10,250,-30,172,10,250,10" hai0="8,10,14,17,21,40,42,52,59,60,96,98,99" hai2="13,15,19,23,26,41,45,50,86,90,95,97,102" hai3="20,22,80,82,85,89,93" /><INIT seed="0,2,1,4,1,50" ten="328,220,182,260" oya="0" hai0="31,44,7,36,78,53,113,119,38,93,85,122,80" hai1="101,57,24,83,116,69,131,47,109,79,125,5,42" hai2="16,127,82,92,96,84,13,75,105,103,133,115,135" hai3="28,60,90,9,49,95,63,18,35,65,41,106,0"/><T114/><D119/><U37/><E69/><V62/><F115/><W71/><G106/><T99/><D122/><U110/><E116/><V123/><F123/><W64/><G35/><T87/><D87/><U32/><E131/><V14/><F127/><W104/><G104/><T111/><D111/><N who="1" m="42507" /><E125/><V89/><F62/><W12/><G28/><T118/><D118/><U74/><E101/><V76/><REACH who="2" step="1"/><F13/><REACH who="2" ten="328,220,172,260" step="2"/><W126/><G126/><T26/><D113/><U27/><E32/><V112/><F112/><W58/><G0/><T132/><D114/><U17/><E17/><V121/><F121/><W66/><G71/><T33/><D7/><U81/><E5/><V67/><F67/><W22/><G63/><T20/><D33/><U130/><E130/><V46/><F46/><N who="3" m="25807" /><G9/><AGARI ba="2,2" hai="9,14,16,75,76,82,84,89,92,96,103,105,133,135" machi="9" ten="40,8000,1" yaku="1,1,24,2,54,1,53,1" doraHai="50" doraHaiUra="72" who="2" fromWho="3" sc="328,0,220,0,172,106,260,-86" /><INIT seed="1,0,0,2,5,7" ten="328,220,278,174" oya="1" hai0="123,48,11,18,88,116,31,83,36,50,51,4,132" hai1="27,86,131,130,119,106,32,80,85,128,74,78,38" hai2="23,2,90,69,94,93,59,115,13,133,82,103,75" hai3="40,81,57,1,100,95,21,65,99,101,10,47,43"/><U70/><E38/><V107/><F2/><W37/><G43/><T60/><D36/><U12/><E70/><V24/><F69/><W26/><G81/><T66/><D116/><U114/><E119/><V19/><F115/><W30/><G101/><T102/><D102/><U122/><E122/><V98/><F133/><W124/><G124/><T91/><D123/><U3/><E3/><V55/><F75/><W68/><G68/><T35/><D132/><U14/><E106/><V76/><F76/><W73/><G73/><T53/><D18/><U134/><E134/><V41/><F41/><W71/><G71/><T61/><D31/><U118/><E118/><V49/><F82/><W9/><REACH who="3" step="1"/><G1/><REACH who="3" ten="328,220,278,164" step="2"/><T109/><D83/><U0/><E114/><V17/><F90/><W89/><G89/><T33/><D88/><U67/><E0/><V25/><F25/><W110/><G110/><T58/><D91/><U22/><E67/><V5/><F5/><W127/><G127/><T104/><D109/><U63/><E32/><V16/><F17/><W92/><G92/><T79/><D104/><U6/><E6/><V15/><F24/><W129/><G129/><T87/><D79/><U121/><E121/><V105/><F105/><W42/><G42/><T34/><D87/><N who="1" m="33291" /><E63/><AGARI ba="0,1" hai="9,10,21,26,30,37,40,47,57,63,65,95,99,100" machi="63" ten="40,8000,1" yaku="1,1,25,2,52,2,53,0" doraHai="7" doraHaiUra="72" who="3" fromWho="1" sc="328,0,220,-80,278,0,164,90" /><INIT seed="2,0,0,5,1,28" ten="328,140,278,254" oya="2" hai0="5,116,19,40,77,92,24,12,8,1,51,68,103" hai1="67,18,99,49,34,43,85,110,90,42,91,105,3" hai2="35,81,47,61,17,41,55,6,58,32,33,25,62" hai3="26,48,82,2,113,104,133,98,14,74,71,23,54"/><V115/><F115/><W114/><G2/><T20/><D116/><U44/><E3/><V21/><F6/><W122/><G71/><T46/><D68/><U64/><E110/><V45/><F61/><W60/><G122/><T65/><D65/><U134/><E134/><V89/><F41/><W118/><G118/><T86/><D103/><U76/><E76/><V130/><F130/><W80/><G14/><T78/><D1/><U128/><E128/><V131/><F131/><W39/><G39/><T53/><D53/><U56/><E42/><V117/><F117/><W112/><G60/><T135/><D135/><U63/><E67/><V94/><REACH who="2" step="1"/><F81/><REACH who="2" ten="328,140,268,254" step="2"/><W95/><G82/><T120/><D120/><U93/><E105/><V107/><F107/><W31/><G104/><T125/><D125/><U97/><E18/><V123/><F123/><W15/><G133/><T73/><D73/><U13/><E63/><V59/><F59/><W75/><G80/><T37/><D37/><U66/><E56/><V10/><F10/><W109/><G75/><T50/><D50/><U102/><E49/><V132/><F132/><W7/><G74/><T124/><D124/><U83/><E64/><V9/><F9/><N who="3" m="4543" /><G109/><T101/><D77/><U119/><E66/><V30/><F30/><W16/><G31/><T96/><D78/><U126/><E119/><V22/><F22/><W127/><G127/><T72/><D72/><U11/><E126/><V4/><F4/><W57/><G114/><T70/><D70/><U36/><E83/><V27/><F27/><W79/><G79/><T69/><D69/><RYUUKYOKU ba="0,1" sc="328,10,140,-30,268,10,254,10" hai0="5,8,12,19,20,24,40,46,51,86,92,96,101" hai2="17,21,25,32,33,35,45,47,55,58,62,89,94" hai3="16,23,26,48,54,57,95,98,112,113" /><INIT seed="2,1,1,2,4,5" ten="338,110,278,264" oya="2" hai0="132,55,125,48,23,60,110,29,4,127,38,115,2" hai1="129,126,120,52,91,61,79,84,97,31,21,39,1" hai2="11,50,53,18,33,81,36,83,43,87,105,130,108" hai3="95,123,67,128,12,6,98,58,65,78,14,72,66"/><V92/><F105/><W54/><G128/><T111/><D38/><U17/><E39/><V15/><F130/><W104/><G104/><T27/><D60/><U101/><E120/><V124/><F33/><W59/><G123/><T7/><D48/><U62/><E129/><V42/><F124/><N who="0" m="47690" /><D55/><U25/><E1/><V56/><F108/><N who="0" m="41514" /><D115/><U68/><E68/><V134/><F134/><W10/><G72/><T121/><D121/><U13/><E79/><V26/><F26/><W80/><G14/><T119/><D119/><U94/><E126/><V74/><F74/><W82/><G78/><T133/><D4/><U112/><E112/><V30/><F36/><W34/><G34/><T19/><D29/><U89/><E89/><N who="2" m="53311" /><F30/><W75/><G75/><T3/><D7/><U77/><E77/><V107/><F107/><W28/><G28/><T116/><D116/><U93/><REACH who="1" step="1"/><E52/><REACH who="1" ten="338,100,278,264" step="2"/><V57/><F57/><N who="3" m="21515" /><G54/><T99/><D99/><U73/><E73/><V37/><F37/><W47/><G47/><T20/><D2/><U122/><E122/><V9/><F42/><W22/><G98/><T40/><D40/><U118/><E118/><V117/><F43/><W88/><G67/><T131/><D3/><U76/><E76/><V64/><F117/><W24/><G66/><T35/><D131/><U41/><E41/><V100/><F64/><W86/><G65/><T45/><D45/><U44/><E44/><V71/><F71/><W109/><G109/><T32/><D132/><U102/><E102/><V135/><F53/><W85/><G85/><T0/><D133/><U46/><E46/><RYUUKYOKU ba="1,2" sc="338,-15,100,15,278,-15,264,15" hai1="13,17,21,25,31,61,62,84,91,93,94,97,101" hai3="6,10,12,22,24,80,82,86,88,95" /><INIT seed="3,2,2,2,0,55" ten="323,115,263,279" oya="3" hai0="48,64,99,16,33,15,110,44,1,114,65,96,135" hai1="49,89,58,75,94,120,100,121,46,97,125,104,26" hai2="68,36,71,69,83,107,34,74,91,47,60,123,51" hai3="80,73,127,109,92,131,72,23,32,119,88,42,2"/><W3/><G119/><T11/><D110/><U54/><E75/><V133/><F34/><W90/><G32/><T113/><D135/><U95/><E125/><V56/><F133/><W124/><G42/><T7/><D33/><U66/><E104/><V79/><F107/><W29/><G131/><T35/><D35/><U30/><E66/><V98/><F36/><W57/><G109/><T5/><D64/><U41/><E30/><V0/><F0/><W129/><G129/><T6/><D65/><U84/><REACH who="1" step="1"/><E26/><REACH who="1" ten="323,105,263,279" step="2"/><V111/><F111/><W14/><G29/><T78/><D113/><U106/><E106/><V45/><F74/><W117/><G73/><T116/><D114/><U25/><E25/><V62/><F68/><W82/><G72/><T108/><D108/><U37/><AGARI ba="2,3" hai="37,41,46,49,54,58,84,89,94,95,97,100,120,121" machi="37" ten="20,5200,0" yaku="1,1,0,1,7,1,52,1,53,0" doraHai="55" doraHaiUra="4" who="1" fromWho="1" sc="323,-15,105,88,263,-15,279,-28" /><INIT seed="4,0,0,5,3,45" ten="308,193,248,251" oya="0" hai0="81,4,94,101,57,36,28,38,12,93,119,43,62" hai1="6,60,32,41,122,23,109,87,31,70,83,19,71" hai2="24,10,126,130,30,135,112,9,68,73,37,88,79" hai3="97,131,51,107,104,108,33,82,54,63,20,133,86"/><T102/><D119/><U3/><E122/><V117/><F117/><W39/><G33/><T5/><D36/><U66/><E109/><V124/><F37/><W13/><G39/><T89/><D38/><U132/><E41/><V18/><F68/><W21/><G133/><T78/><D28/><U106/><E106/><V120/><F120/><W72/><G72/><T1/><D1/><U34/><E132/><V55/><F135/><W74/><G74/><T65/><D43/><U59/><E31/><V2/><F112/><W110/><G63/><T90/><D78/><U61/><E71/><V15/><F55/><W115/><G131/><T11/><D81/><U75/><E75/><V95/><F130/><W92/><G107/><T50/><D4/><U69/><E69/><V76/><F9/><W26/><G104/><T128/><D128/><U134/><E134/><V29/><F2/><W80/><G115/><T7/><D7/><U129/><E6/><V27/><F29/><N who="3" m="17607" /><G110/><T17/><D5/><U42/><E3/><V44/><F44/><N who="3" m="28007" /><G86/><T96/><REACH who="0" step="1"/><D50/><REACH who="0" ten="298,193,248,251" step="2"/><U22/><E42/><V67/><F30/><W49/><G49/><T121/><D121/><U77/><E129/><V46/><F76/><W125/><G108/><T8/><D8/><U116/><E116/><V0/><F0/><W111/><G111/><T47/><D47/><U118/><E23/><V113/><F46/><W114/><G114/><T56/><D56/><U85/><E118/><V98/><F113/><W100/><G125/><N who="2" m="48233" /><F67/><W103/><G103/><T64/><D64/><U84/><E66/><V99/><F10/><RYUUKYOKU ba="0,1" sc="298,15,193,-15,248,-15,251,15" hai0="11,12,17,57,62,65,89,90,93,94,96,101,102" hai3="13,21,80,82,92,97,100" /><INIT seed="4,1,1,5,4,27" ten="313,178,233,266" oya="0" hai0="50,108,56,134,70,12,59,9,51,34,49,23,54" hai1="127,28,15,61,107,81,43,112,100,32,125,132,126" hai2="96,123,129,116,57,63,117,82,86,44,17,31,128" hai3="21,80,42,131,38,53,25,97,73,99,133,10,2"/><T110/><D34/><U4/><E43/><V33/><F123/><W92/><G133/><T64/><D23/><U87/><E132/><V84/><F44/><W16/><G131/><N who="2" m="50249" /><F17/><W66/><G66/><T18/><D134/><U130/><E130/><V85/><F96/><W88/><G53/><T83/><D83/><U115/><E61/><V90/><F90/><W45/><G99/><T104/><D104/><U95/><E107/><V55/><F82/><W67/><G67/><T101/><D101/><U113/><E100/><V103/><F103/><W119/><G119/><N who="2" m="45641" /><F33/><W93/><G93/><T29/><D29/><AGARI ba="1,1" hai="29,31,55,57,63,84,85,86" m="45641,50249" machi="29" ten="40,8000,1" yaku="19,1,12,1,52,2" doraHai="27" who="2" fromWho="0" sc="313,-83,178,0,233,93,266,0" /><INIT seed="5,0,0,2,3,84" ten="230,178,326,266" oya="1" hai0="134,133,7,90,6,120,10,16,118,102,28,97,127" hai1="23,24,13,3,25,111,101,48,117,105,96,124,74" hai2="132,36,121,17,67,80,86,108,45,15,69,44,103" hai3="18,55,37,63,129,4,51,82,66,83,135,11,78"/><U53/><E3/><V87/><F108/><W72/><G129/><T112/><D118/><U88/><E111/><V93/><F121/><W58/><G135/><T61/><D120/><U2/><E2/><V123/><F123/><W9/><G37/><T73/><D73/><U116/><E74/><V94/><F132/><N who="0" m="50794" /><D28/><U99/><E124/><V81/><F69/><W59/><G4/><T104/><D61/><U62/><E62/><V8/><F67/><W5/><G5/><T30/><D30/><U27/><E13/><V19/><F36/><W65/><G65/><T50/><D50/><U131/><E131/><V128/><F128/><W32/><G32/><T29/><D29/><U12/><E12/><V98/><F17/><W26/><REACH who="3" step="1"/><G83/><REACH who="3" ten="230,178,326,256" step="2"/><T60/><D127/><U107/><E23/><AGARI ba="0,1" hai="9,11,18,23,26,51,55,58,59,63,66,72,78,82" machi="23" ten="40,5200,0" yaku="1,1,2,1,53,1" doraHai="84" doraHaiUra="57" who="3" fromWho="1" sc="230,0,178,-52,326,0,256,62" /><INIT seed="6,0,0,1,3,1" ten="230,126,326,318" oya="2" hai0="45,66,74,98,111,15,25,0,108,64,78,38,18" hai1="61,101,6,35,131,29,20,82,134,4,36,43,105" hai2="92,109,122,125,8,135,47,121,65,133,120,130,27" hai3="129,32,52,86,77,40,128,48,3,106,84,70,31"/><V58/><F125/><W37/><G106/><T34/><D64/><U127/><E127/><V107/><F107/><W17/><G3/><T9/><D66/><U23/><E134/><N who="2" m="51211" /><F130/><N who="3" m="50283" /><G70/><T93/><D74/><U100/><E131/><V123/><F109/><W87/><G17/><T50/><D78/><U49/><E105/><V71/><F27/><N who="3" m="18559" /><G40/><T118/><D38/><U13/><E36/><V56/><F92/><W96/><G96/><T7/><D118/><U21/><E61/><N who="2" m="40367" /><F120/><W19/><G19/><T99/><D99/><U30/><E35/><V26/><F26/><W103/><G103/><N who="1" m="39498" /><E13/><V126/><F126/><W14/><G14/><T63/><D63/><U28/><E82/><V72/><F72/><W51/><G37/><T113/><D98/><U46/><AGARI ba="0,0" hai="4,6,20,21,23,28,29,30,43,46,49" m="39498" machi="46" ten="40,5200,0" yaku="8,1,52,2" doraHai="1" who="1" fromWho="1" sc="230,-13,126,52,326,-26,318,-13" /><INIT seed="7,0,0,5,5,47" ten="217,178,300,305" oya="3" hai0="6,50,29,14,46,39,107,4,10,37,57,121,132" hai1="118,85,87,131,59,31,7,89,45,112,95,115,77" hai2="5,34,16,42,104,81,111,62,92,23,108,65,79" hai3="101,44,43,88,76,56,106,36,17,78,99,20,86"/><W74/><G74/><T58/><D121/><U100/><E31/><V40/><F104/><W130/><G56/><T22/><D132/><U11/><E118/><V122/><F34/><W19/><G130/><T32/><D107/><U35/><E35/><V80/><F122/><W68/><G68/><T129/><D129/><U63/><E131/><V13/><F108/><W75/><G75/><T52/><D4/><U49/><E100/><V54/><F111/><W8/><G8/><T96/><D96/><U133/><E133/><V27/><F92/><W98/><G98/><T26/><D32/><U123/><E123/><V30/><F5/><W103/><G19/><T64/><D64/><U3/><E77/><V21/><F54/><W2/><G2/><T83/><D83/><N who="2" m="31818" /><F79/><W71/><G71/><T0/><REACH who="0" step="1"/><D0/><REACH who="0" ten="207,178,300,305" step="2"/><U25/><E25/><V28/><F28/><W117/><G106/><T109/><D109/><U125/><E85/><V134/><F134/><W90/><G86/><T120/><D120/><U18/><E18/><V41/><F65/><W84/><G84/><T102/><D102/><U116/><E116/><V55/><F27/><N who="3" m="14735" /><G103/><T94/><D94/><U70/><E70/><V82/><F82/><W72/><G117/><T51/><D51/><U97/><E87/><V105/><F105/><N who="3" m="63679" /><G72/><T128/><D128/><U110/><E110/><V126/><F30/><W113/><G78/><T61/><D61/><U60/><E60/><V1/><F1/><W91/><G76/><T9/><D9/><U93/><E93/><V73/><F16/><W38/><G38/><AGARI ba="0,1" hai="6,10,14,22,26,29,37,38,39,46,50,52,57,58" machi="38" ten="40,5200,0" yaku="1,1,52,1,54,1,53,0" doraHai="47" doraHaiUra="67" who="0" fromWho="3" sc="207,62,178,0,300,0,305,-52" owari="269,7.0,178,-32.0,300,40.0,253,-15.0" /></mjloggm>