<mjloggm ver="2.3"><GO type="41" lobby="0"/><UN n0="%50%45%43%4F" n1="%E2%93%9D%53%75%70%68%78" n2="%E3%81%8D%E3%82%80%E3%82%8A%E3%82%87%E3%81%86%E3%81%99" n3="%6B%75%6E%69%65%64%61" dan="15,17,15,14" rate="1990.59,2066.45,1950.76,1881.44" sx="M,M,M,M"/><TAIKYOKU oya="0"/><INIT seed="0,0,0,0,0,48" ten="250,250,250,250" oya="0" hai0="72,135,2,31,124,83,107,67,98,24,45,133,74" hai1="112,116,104,64,106,115,1,84,55,39,50,90,61" hai2="65,86,18,70,4,85,42,108,66,26,93,21,8" hai3="5,35,68,82,80,30,113,89,77,56,71,28,10"/><T29/><D2/><U78/><E39/><V101/><F108/><W22/><G113/><N who="1" m="43594" /><E78/><V15/><F70/><W129/><G129/><T14/><D67/><U94/><E1/><V44/><F86/><W127/><G127/><T57/><D57/><N who="1" m="33015" /><E116/><V33/><F33/><W111/><G111/><T19/><D124/><U51/><E51/><V54/><F42/><W91/><G22/><T88/><D45/><U109/><E109/><V27/><F44/><W12/><G56/><AGARI ba="0,0" hai="56,61,64,84,90,94,104,106" m="33015,43594" machi="56" ten="30,2000,0" yaku="11,1,52,1" doraHai="48" who="1" fromWho="3" sc="250,0,250,20,250,0,250,-20" /><INIT seed="1,0,0,1,3,3" ten="250,270,250,230" oya="1" hai0="51,118,6,102,54,4,67,119,59,87,132,24,1" hai1="56,103,57,27,26,117,29,31,128,63,79,75,92" hai2="109,77,127,98,34,86,131,72,100,73,84,125,121" hai3="13,113,135,52,21,10,43,76,45,35,15,58,101"/><U94/><E117/><V60/><F34/><W12/><G135/><T7/><D1/><U106/><E106/><V123/><F60/><W107/><G35/><T99/><D132/><U68/><E75/><N who="2" m="28747" /><F109/><W44/><G76/><T124/><D124/><N who="2" m="47690" /><F77/><W40/><G101/><T104/><D24/><U39/><E79/><V14/><F14/><N who="3" m="5739" /><G107/><T37/><D37/><U50/><E39/><V61/><F61/><N who="3" m="36039" /><G113/><T25/><D25/><U41/><E63/><V114/><F114/><W23/><N who="3" m="5747" /><W42/><DORA hai="70" /><G10/><T11/><D11/><U95/><E27/><V2/><F2/><W5/><G5/><T16/><D16/><U97/><E26/><V111/><F111/><W17/><G17/><T122/><D122/><N who="2" m="46602" /><F131/><W36/><G36/><T129/><D129/><U91/><E128/><V65/><F65/><W134/><G134/><T28/><D28/><U18/><E29/><V20/><F20/><AGARI ba="0,0" hai="20,21,23,40,42,43,44,45" m="36039,5747" machi="20" ten="40,2600,0" yaku="8,1,54,1" doraHai="3,70" who="3" fromWho="2" sc="250,0,270,0,250,-26,230,26" /><INIT seed="2,0,0,3,1,9" ten="250,270,224,256" oya="2" hai0="56,125,88,20,46,111,135,76,52,99,72,122,11" hai1="53,90,71,129,80,86,57,121,68,13,120,87,79" hai2="62,78,83,117,64,116,60,47,73,126,114,17,1" hai3="130,18,25,38,107,41,37,65,32,104,22,19,12"/><V35/><F114/><W24/><G130/><T26/><D122/><N who="1" m="47211" /><E129/><V110/><F126/><W61/><G32/><T34/><D125/><U4/><E4/><V30/><F1/><W108/><G108/><T84/><D34/><U69/><E13/><V95/><F110/><W54/><G54/><T42/><D111/><U115/><E115/><V27/><F95/><W51/><G51/><T128/><D128/><U89/><E86/><V49/><F62/><AGARI ba="0,0" hai="53,57,62,68,69,71,79,80,87,89,90" m="47211" machi="62" ten="40,1300,0" yaku="13,1" doraHai="9" who="1" fromWho="2" sc="250,0,270,13,224,-13,256,0" /><INIT seed="3,0,0,0,1,56" ten="250,283,211,256" oya="3" hai0="86,96,94,72,26,51,135,131,16,122,87,92,23" hai1="25,11,109,80,126,35,98,29,13,3,32,77,64" hai2="114,60,93,71,111,45,91,14,85,63,5,27,89" hai3="50,79,18,40,53,38,100,123,65,49,120,62,21"/><W128/><G100/><T57/><D135/><U115/><E109/><V17/><F114/><W83/><G128/><T70/><D131/><U88/><E126/><V67/><F111/><W52/><G50/><T73/><D70/><U58/><E3/><V82/><F45/><W48/><G49/><T34/><D122/><U76/><E35/><V130/><F130/><W6/><G6/><T121/><D121/><U133/><E133/><V127/><F127/><W7/><G7/><T102/><D34/><U2/><E2/><V22/><F71/><W125/><G125/><T1/><D1/><U69/><E69/><V118/><F118/><W68/><G40/><T61/><D51/><U44/><E44/><V112/><F67/><W36/><G53/><T81/><D94/><U19/><E115/><V101/><F101/><W46/><G36/><T75/><REACH who="0" step="1"/><D81/><REACH who="0" ten="240,283,211,256" step="2"/><U59/><E80/><V24/><F112/><W129/><G38/><T95/><D95/><U84/><E32/><V113/><F113/><W12/><REACH who="3" step="1"/><G129/><REACH who="3" ten="240,283,211,246" step="2"/><T20/><D20/><U107/><E64/><AGARI ba="0,2" hai="16,23,26,57,61,64,72,73,75,86,87,92,96,102" machi="64" ten="40,8000,1" yaku="1,1,52,1,54,1,53,1" doraHai="56" doraHaiUra="15" who="0" fromWho="1" sc="240,100,283,-80,211,0,246,0" /><INIT seed="4,0,0,1,2,6" ten="340,203,211,246" oya="0" hai0="113,62,11,57,125,14,30,74,45,59,19,0,89" hai1="26,65,86,100,22,81,85,13,50,4,104,97,52" hai2="47,12,129,117,127,66,87,111,123,92,80,27,88" hai3="18,133,51,131,55,105,112,96,78,67,102,16,32"/><T20/><D113/><U72/><E65/><V8/><F111/><W93/><G133/><T39/><D74/><U132/><E132/><V36/><F123/><W110/><G110/><T130/><D130/><U121/><E121/><V101/><F129/><W43/><G131/><T91/><D125/><U106/><E106/><V24/><F127/><W53/><G32/><T48/><D39/><U7/><E72/><V135/><F135/><W68/><G78/><T54/><D59/><U46/><E13/><V77/><F117/><W114/><G43/><T42/><D0/><U103/><E86/><V107/><F66/><W64/><G55/><T79/><D79/><U71/><E100/><V128/><F128/><W73/><G73/><T35/><D35/><U56/><E71/><V109/><F109/><W120/><G67/><T1/><D1/><U28/><REACH who="1" step="1"/><E56/><REACH who="1" ten="340,193,211,246" step="2"/><V83/><F107/><W116/><G105/><T34/><D34/><U60/><E60/><V134/><F134/><W5/><G68/><T70/><D70/><U126/><E126/><V115/><F101/><W94/><G120/><T41/><D41/><U10/><E10/><V49/><F115/><W69/><G69/><T25/><AGARI ba="0,1" hai="11,14,19,20,25,30,42,45,48,54,57,62,89,91" machi="25" ten="30,6000,0" yaku="0,1,8,1,52,1" doraHai="6" who="0" fromWho="0" sc="340,70,193,-20,211,-20,246,-20" /><INIT seed="4,1,0,0,2,111" ten="410,173,191,226" oya="0" hai0="33,122,94,115,47,54,104,88,0,65,61,32,50" hai1="66,45,89,107,40,42,85,93,79,118,129,23,97" hai2="13,124,1,56,53,123,7,38,24,102,58,62,52" hai3="21,26,135,64,114,44,128,99,110,108,113,63,106"/><T76/><D122/><U30/><E118/><V28/><F123/><W120/><G120/><T49/><D115/><N who="3" m="44041" /><G135/><T51/><D0/><U59/><E129/><V36/><F1/><W132/><G132/><T10/><D104/><U34/><E34/><V31/><F124/><W11/><G128/><T67/><D76/><U101/><E79/><V112/><F112/><W9/><G44/><T81/><D81/><U75/><E75/><V18/><F102/><N who="3" m="62815" /><G9/><T60/><D10/><U71/><E45/><V37/><F7/><W100/><G100/><T27/><D33/><U91/><E101/><V55/><F24/><W73/><G73/><T87/><D32/><U82/><E107/><V74/><F74/><W12/><G12/><T20/><D67/><U48/><E66/><V80/><F80/><W22/><G11/><T121/><D121/><U25/><E71/><V95/><F95/><W41/><G41/><T5/><D5/><U69/><E69/><V83/><F83/><W15/><G15/><T130/><D130/><U78/><E78/><V96/><F96/><W3/><G3/><T4/><D4/><U29/><E40/><V57/><F62/><N who="0" m="24170" /><D65/><U134/><E134/><V43/><F43/><W131/><G131/><T68/><D68/><U2/><E2/><V6/><F6/><W109/><G26/><T119/><D119/><U98/><E42/><V126/><F126/><W46/><G46/><T39/><D39/><U86/><E25/><V72/><F72/><W70/><AGARI ba="1,0" hai="21,22,63,64,70,108,109,110" m="62815,44041" machi="70" ten="40,8000,1" yaku="15,1,52,3" doraHai="111" who="3" fromWho="3" sc="410,-41,173,-21,191,-21,226,83" /><INIT seed="5,0,0,0,3,13" ten="369,152,170,309" oya="1" hai0="57,19,30,101,55,7,66,16,119,99,121,126,100" hai1="50,65,15,113,60,92,94,69,11,114,134,135,42" hai2="48,76,130,22,133,39,86,24,41,56,79,90,82" hai3="2,123,104,122,120,40,103,26,127,0,111,62,75"/><U25/><E25/><V53/><F133/><N who="1" m="50697" /><E42/><V64/><F130/><W70/><G111/><T37/><D119/><U117/><E50/><V84/><F64/><W83/><G127/><T6/><D37/><U109/><E117/><V28/><F39/><W10/><G10/><T118/><D118/><U116/><E116/><V73/><F73/><W125/><G125/><T78/><D126/><U115/><E109/><V129/><F129/><W1/><G26/><T8/><D121/><U49/><E49/><V72/><F72/><W3/><G1/><T34/><D34/><U128/><E128/><V4/><F4/><AGARI ba="0,0" hai="4,11,15,60,65,69,92,94,113,114,115" m="50697" machi="4" ten="40,3900,0" yaku="15,1,20,1" doraHai="13" who="1" fromWho="2" sc="369,0,152,39,170,-39,309,0" /><INIT seed="5,1,0,3,3,72" ten="369,191,131,309" oya="1" hai0="56,50,40,101,67,118,80,98,81,126,113,115,17" hai1="120,69,111,84,127,42,131,76,102,119,49,15,117" hai2="121,94,122,77,3,95,112,130,128,21,45,59,0" hai3="44,29,90,78,54,110,53,73,11,41,55,96,124"/><U10/><E120/><V12/><F112/><N who="0" m="43082" /><D118/><U32/><E69/><V99/><F59/><W2/><G110/><T30/><D30/><U18/><E111/><V8/><F21/><W13/><G2/><T6/><D6/><U97/><E127/><V5/><F122/><W28/><G124/><T22/><D126/><U107/><E131/><V25/><F121/><W104/><G78/><T52/><D40/><U85/><E32/><V35/><F0/><W48/><G73/><T91/><D91/><U129/><E129/><V88/><F3/><W38/><G104/><N who="0" m="63543" /><D67/><U75/><E119/><V20/><F35/><W26/><G26/><AGARI ba="1,0" hai="17,22,26,50,52,56,80,81" m="63543,43082" machi="26" ten="30,2000,0" yaku="15,1,54,1" doraHai="72" who="0" fromWho="3" sc="369,23,191,0,131,0,309,-23" /><INIT seed="6,0,0,5,1,107" ten="392,191,131,286" oya="2" hai0="0,63,44,56,26,110,91,8,70,5,29,102,33" hai1="53,85,135,71,51,106,34,108,93,58,47,22,115" hai2="20,75,113,59,35,36,55,17,61,64,87,6,92" hai3="120,114,103,76,97,24,81,74,18,25,48,65,66"/><V30/><F75/><W3/><G3/><T82/><D110/><U42/><E108/><V68/><F113/><W14/><G120/><T121/><D121/><U116/><E34/><V39/><F6/><W100/><G114/><T96/><D70/><U28/><E106/><V16/><F35/><W125/><G125/><T124/><D124/><U10/><E71/><V99/><F87/><W78/><G78/><T126/><D126/><U7/><E135/><V127/><F30/><W123/><G48/><T50/><D91/><U83/><E93/><V80/><F80/><W112/><G123/><T40/><D82/><U60/><E116/><V129/><F129/><W69/><G69/><T111/><D111/><U45/><E45/><V122/><F122/><W109/><G109/><T72/><D72/><U73/><E73/><V43/><F43/><W95/><G103/><T86/><D86/><U11/><E7/><V130/><F130/><W128/><G128/><T88/><D88/><N who="1" m="51263" /><E115/><V101/><F127/><W84/><G74/><T32/><D32/><U134/><E134/><V104/><F104/><W57/><G57/><T90/><D90/><U49/><E51/><V27/><REACH who="2" step="1"/><F17/><REACH who="2" ten="392,191,121,286" step="2"/><W131/><G131/><T52/><D96/><U62/><E42/><V117/><F117/><W9/><G112/><T37/><D40/><U2/><E2/><V31/><F31/><W15/><G84/><T23/><D33/><U94/><E94/><V38/><F38/><W4/><G81/><T133/><D37/><U98/><E98/><V21/><F21/><N who="3" m="11487" /><G76/><T105/><D29/><U118/><E118/><RYUUKYOKU ba="0,1" sc="392,-15,191,-15,121,15,286,15" hai2="16,20,27,36,39,55,59,61,64,68,92,99,101" hai3="4,9,14,24,25,65,66,95,97,100" /><INIT seed="6,1,1,4,1,124" ten="377,176,136,301" oya="2" hai0="57,28,75,41,111,126,32,40,74,52,25,5,130" hai1="87,115,9,45,16,62,94,85,96,13,6,77,30" hai2="0,92,95,34,27,128,20,3,110,43,135,69,72" hai3="116,58,108,131,18,46,78,86,10,118,121,119,84"/><V120/><F120/><W98/><G131/><T1/><D111/><U55/><E115/><V102/><F72/><W42/><G108/><T56/><D126/><U19/><E30/><V109/><F69/><W68/><G68/><T91/><D130/><U48/><E62/><V22/><F128/><W133/><G133/><T53/><D1/><U2/><E77/><V73/><F73/><W100/><G58/><T26/><D5/><U60/><E60/><V123/><F123/><W50/><G121/><T71/><D71/><U107/><E107/><V8/><F34/><W88/><G78/><T59/><D91/><U54/><E54/><V89/><F43/><W80/><G86/><N who="1" m="32778" /><E2/><V129/><F129/><W64/><G64/><T101/><D59/><U61/><E61/><V82/><F82/><W79/><G18/><T38/><D28/><U93/><E93/><V39/><F39/><W31/><G10/><T15/><D38/><U76/><E76/><V37/><F37/><W114/><G31/><T104/><D104/><U12/><E13/><V105/><F105/><W51/><G114/><T7/><D15/><U33/><E33/><V70/><F70/><W113/><G113/><T47/><D32/><U125/><E125/><V127/><F127/><W49/><REACH who="3" step="1"/><G79/><REACH who="3" ten="377,176,136,291" step="2"/><T90/><D57/><U36/><E36/><V35/><F110/><W63/><G63/><T29/><D56/><U24/><E24/><V66/><F109/><W23/><G23/><T122/><D26/><U21/><E21/><V14/><F22/><W97/><G97/><T106/><D25/><U67/><E67/><RYUUKYOKU ba="1,2" sc="377,-15,176,15,136,-15,291,15" hai1="6,9,12,16,19,45,48,55,94,96" hai3="42,46,49,50,51,80,84,88,98,100,116,118,119" /><INIT seed="7,2,2,1,2,82" ten="362,191,121,306" oya="3" hai0="5,63,124,11,68,107,98,111,64,120,34,45,69" hai1="32,86,93,38,108,109,51,131,55,62,122,97,106" hai2="31,60,104,41,53,37,35,23,14,81,115,95,132" hai3="72,18,70,66,75,100,16,61,19,99,22,3,26"/><W76/><G3/><N who="0" m="447" /><D111/><U54/><E32/><V101/><F104/><W80/><REACH who="3" step="1"/><G75/><REACH who="3" ten="362,191,121,296" step="2"/><T25/><D120/><U84/><E122/><V36/><F132/><W135/><G135/><T117/><D117/><U46/><E108/><V56/><F115/><W42/><G42/><T110/><D110/><U21/><E109/><V126/><F126/><W29/><G29/><N who="0" m="19759" /><D69/><U91/><E131/><V83/><F35/><W134/><G134/><T50/><D124/><U2/><E2/><V88/><F101/><W27/><G27/><T58/><D58/><U6/><E46/><V77/><F41/><W113/><G113/><T43/><D43/><U30/><E30/><V44/><F44/><W125/><G125/><T130/><D45/><U94/><E38/><V87/><F31/><W0/><G0/><T129/><D50/><U96/><E51/><V92/><F36/><W7/><G7/><T28/><D28/><U9/><E6/><V59/><F37/><W90/><G90/><T105/><D105/><AGARI ba="2,3" hai="16,18,19,22,26,61,66,70,72,76,80,99,100,105" machi="105" ten="30,5800,0" yaku="1,1,7,1,54,1,53,0" doraHai="82" doraHaiUra="39" who="3" fromWho="0" sc="362,-64,191,0,121,0,296,94" owari="298,10.0,191,-21.0,121,-38.0,390,49.0" /></mjloggm>