<mjloggm ver="2.3"><GO type="41" lobby="0"/><UN n0="%6A%69%61%70%67%6F%61%6C" n1="%E3%83%A2%E3%83%86%E3%82%A3" n2="%E2%93%9D%53%75%70%68%78" n3="%E3%82%A8%E3%83%AB%E3%83%B3%E3%82%B9%E3%83%88" dan="13,15,18,14" rate="1815.23,1998.91,2115.51,1967.35" sx="M,M,M,M"/><TAIKYOKU oya="0"/><INIT seed="0,0,0,3,5,118" ten="250,250,250,250" oya="0" hai0="79,109,55,89,98,70,104,114,115,92,120,124,14" hai1="112,48,58,35,82,113,56,15,46,0,131,132,57" hai2="127,31,62,68,75,44,94,25,91,41,134,33,66" hai3="6,11,102,21,135,133,100,67,106,72,54,43,9"/><T80/><D70/><U27/><E0/><V16/><F127/><W20/><G72/><T37/><D37/><U99/><E35/><V34/><F134/><W64/><G43/><T28/><D28/><U78/><E27/><V90/><F75/><W32/><G32/><T1/><D1/><U116/><E99/><V65/><F65/><W8/><G6/><T121/><D14/><U108/><E116/><V119/><F119/><W60/><G54/><T95/><D55/><U123/><E132/><N who="3" m="50762" /><G60/><T30/><D30/><U128/><E15/><V125/><F125/><W39/><G39/><T50/><D50/><U76/><E82/><V111/><F111/><W45/><G45/><T77/><D124/><U40/><E108/><V4/><F4/><W88/><G106/><T69/><D69/><U59/><E76/><N who="0" m="29257" /><D109/><U7/><E78/><V103/><F34/><W130/><G130/><N who="1" m="49706" /><E7/><V122/><F33/><W3/><G3/><T86/><D104/><U52/><E123/><N who="0" m="47177" /><D80/><U2/><E2/><V49/><F122/><W87/><G67/><T47/><D47/><U18/><E18/><V81/><F16/><W12/><G64/><T23/><D23/><N who="3" m="8777" /><G12/><T22/><D22/><U53/><E53/><V74/><F66/><W107/><G107/><T101/><AGARI ba="0,0" hai="86,89,92,95,98,101,114,115" m="47177,29257" machi="101" ten="30,12000,1" yaku="34,2,52,3" doraHai="118" who="0" fromWho="0" sc="250,120,250,-40,250,-40,250,-40" /><INIT seed="0,1,0,3,1,113" ten="370,210,210,210" oya="0" hai0="68,74,73,59,75,51,94,76,69,23,91,130,109" hai1="93,48,118,17,46,101,84,20,25,116,79,128,50" hai2="7,95,3,43,54,125,105,119,58,13,121,42,106" hai3="41,85,40,80,89,11,21,134,26,115,5,52,61"/><T63/><D130/><U14/><E128/><V47/><F3/><W19/><G115/><T9/><D76/><U70/><E70/><V100/><F121/><W107/><G107/><T129/><D129/><U133/><E133/><V62/><F125/><W96/><G134/><T37/><D37/><U31/><E101/><V55/><F106/><W27/><G27/><T6/><D51/><U81/><E93/><V38/><F105/><W28/><G28/><T0/><D23/><U131/><E48/><N who="2" m="28959" /><F119/><W16/><G19/><T39/><D39/><U10/><REACH who="1" step="1"/><E131/><REACH who="1" ten="370,200,210,210" step="2"/><V35/><F38/><W97/><G97/><T36/><D36/><U124/><E124/><V29/><F100/><W114/><G114/><T120/><D120/><U122/><E122/><V15/><F95/><W103/><G103/><T92/><D92/><U110/><E110/><V18/><F43/><AGARI ba="1,1" hai="10,14,17,20,25,31,43,46,50,79,81,84,116,118" machi="43" ten="30,7700,0" yaku="1,1,7,1,52,2,53,0" doraHai="113" doraHaiUra="88" who="1" fromWho="2" sc="370,0,200,90,210,-80,210,0" /><INIT seed="1,0,0,4,2,45" ten="370,290,130,210" oya="1" hai0="16,70,107,33,76,97,109,44,86,3,29,40,80" hai1="58,122,67,52,119,95,17,0,24,108,41,13,93" hai2="57,21,31,106,42,2,20,46,26,117,115,134,66" hai3="51,74,121,103,50,84,71,85,79,81,6,39,94"/><U32/><E119/><V123/><F117/><W91/><G39/><T98/><D70/><U28/><E122/><V48/><F123/><W62/><G121/><T116/><D116/><U114/><E114/><V35/><F115/><W19/><G6/><T113/><D113/><U63/><E108/><V83/><F2/><W96/><G19/><T10/><D109/><U53/><E41/><V68/><F134/><W7/><G7/><T129/><D129/><U101/><E0/><V60/><F83/><W88/><G71/><T30/><D33/><U59/><E101/><V90/><F90/><W18/><G62/><T54/><D54/><U55/><REACH who="1" step="1"/><E58/><REACH who="1" ten="370,280,130,210" step="2"/><V135/><F135/><W128/><G128/><T73/><D3/><U77/><E77/><V102/><REACH who="2" step="1"/><F57/><REACH who="2" ten="370,280,120,210" step="2"/><W25/><G74/><T37/><D73/><U124/><E124/><V69/><F69/><W23/><REACH who="3" step="1"/><G79/><REACH who="3" ten="370,280,120,200" step="2"/><T130/><D76/><U43/><E43/><V100/><F100/><W4/><G4/><T8/><D40/><U38/><E38/><V131/><F131/><W99/><G99/><AGARI ba="0,3" hai="20,21,26,31,35,42,46,48,60,66,68,99,102,106" machi="99" ten="40,8000,1" yaku="1,1,25,2,52,1,53,0" doraHai="45" doraHaiUra="126" who="2" fromWho="3" sc="370,0,280,0,120,110,200,-80" /><INIT seed="2,0,0,0,2,114" ten="370,280,230,120" oya="2" hai0="107,112,121,29,19,27,98,93,131,13,81,80,2" hai1="71,1,128,26,117,134,126,53,50,15,113,94,55" hai2="77,24,40,111,64,7,18,61,135,106,70,129,20" hai3="17,78,95,119,59,49,75,109,116,3,84,127,8"/><V33/><F129/><W42/><G127/><T32/><D112/><U58/><E26/><V66/><F135/><W16/><G75/><T41/><D121/><U100/><E1/><V56/><F106/><W30/><G30/><T102/><D131/><U124/><E100/><V82/><F111/><W39/><G39/><T37/><D2/><U83/><E94/><V125/><F125/><N who="1" m="48233" /><E83/><V21/><F33/><W28/><G28/><T54/><D37/><U132/><E15/><V110/><F110/><W91/><G109/><T79/><D41/><U85/><E85/><V90/><F7/><W6/><G78/><T123/><D123/><U88/><E88/><V76/><F40/><W25/><G25/><T47/><D107/><U45/><E113/><V35/><F35/><W63/><G42/><T122/><D122/><U67/><E128/><V105/><F105/><W14/><G49/><T34/><D34/><U60/><E117/><V97/><F70/><W120/><G120/><T65/><D65/><U72/><E72/><V115/><F66/><W10/><REACH who="3" step="1"/><G17/><REACH who="3" ten="370,280,230,110" step="2"/><T36/><D36/><U44/><E44/><V9/><F115/><W57/><G57/><T108/><D47/><U48/><AGARI ba="0,1" hai="45,48,50,53,55,58,60,67,71,132,134" m="48233" machi="48" ten="30,4000,0" yaku="18,1,34,2" doraHai="114" who="1" fromWho="1" sc="370,-10,280,50,230,-20,110,-10" /><INIT seed="3,0,0,4,3,82" ten="360,330,210,100" oya="3" hai0="120,131,103,126,128,85,8,121,19,58,14,69,39" hai1="71,23,105,111,68,5,16,89,27,57,56,24,135" hai2="42,32,81,130,11,38,65,87,50,9,72,20,15" hai3="7,2,45,44,67,25,88,92,91,76,63,75,3"/><W41/><G25/><T64/><D69/><U80/><E105/><V21/><F72/><W74/><G7/><T114/><D39/><U29/><E111/><V99/><F32/><W46/><G41/><T59/><D103/><U43/><E135/><V129/><F38/><W96/><G91/><T77/><D114/><U113/><E113/><V118/><F65/><W17/><G17/><T133/><D64/><U83/><E5/><V47/><F118/><W95/><G95/><T13/><D77/><U55/><E43/><V115/><F99/><W52/><G76/><T54/><D54/><U116/><E116/><V70/><F11/><W4/><G67/><T60/><D60/><U6/><E6/><N who="2" m="3511" /><F70/><W10/><REACH who="3" step="1"/><G2/><REACH who="3" ten="360,330,210,90" step="2"/><T26/><D26/><U107/><E24/><V51/><F115/><W36/><G36/><T109/><D14/><U31/><E16/><V28/><F28/><W110/><G110/><T132/><D109/><U117/><E29/><V104/><F104/><W123/><G123/><T119/><D119/><U102/><E117/><V97/><F42/><W66/><G66/><T48/><D19/><U94/><E107/><V108/><F108/><W53/><G53/><T98/><D13/><U122/><E122/><V124/><F130/><W112/><G112/><T35/><D121/><U12/><E31/><V86/><F129/><W22/><G22/><T40/><D120/><U34/><E55/><V0/><F21/><W93/><G93/><T33/><D128/><U90/><E89/><V18/><F20/><W73/><G73/><T84/><D131/><U125/><E23/><RYUUKYOKU ba="0,1" sc="360,-10,330,-10,210,-10,90,30" hai3="3,4,10,44,45,46,52,63,74,75,88,92,96" /><INIT seed="3,1,1,4,5,76" ten="350,320,200,120" oya="3" hai0="116,74,133,12,72,6,62,87,35,132,1,82,11" hai1="28,117,8,77,124,16,14,41,57,70,22,121,80" hai2="61,89,130,81,18,102,85,26,111,101,53,13,0" hai3="43,37,17,56,2,98,126,3,21,103,94,119,50"/><W75/><G119/><T38/><D116/><U45/><E124/><V84/><F111/><W4/><G126/><T66/><D35/><U125/><E70/><V55/><F0/><W49/><G75/><T60/><D38/><U9/><E121/><V58/><F130/><W42/><G37/><T79/><D1/><U109/><E109/><V36/><F26/><W65/><G3/><T95/><D95/><U33/><E125/><V107/><F107/><W7/><G2/><T59/><REACH who="0" step="1"/><D60/><REACH who="0" ten="340,320,200,120" step="2"/><U63/><E117/><V122/><F36/><W96/><G65/><T127/><D127/><U32/><E33/><V104/><F104/><W69/><G69/><T25/><D25/><U128/><E32/><V113/><F122/><W34/><G34/><T115/><D115/><U29/><E128/><V120/><F113/><W112/><G112/><T64/><D64/><U46/><E63/><V19/><F120/><W40/><G96/><T90/><D90/><U88/><E88/><V100/><F13/><W47/><G50/><T92/><D92/><U91/><E91/><V78/><REACH who="2" step="1"/><F55/><REACH who="2" ten="340,320,190,120" step="2"/><N who="3" m="31855" /><G47/><T73/><AGARI ba="1,3" hai="6,11,12,59,62,66,72,73,74,79,82,87,132,133" machi="73" ten="40,5200,0" yaku="1,1,0,1,52,1,53,0" doraHai="76" doraHaiUra="67" who="0" fromWho="0" sc="340,85,320,-14,190,-14,120,-27" /><INIT seed="4,0,0,2,4,9" ten="425,306,176,93" oya="0" hai0="84,107,23,92,96,91,49,89,55,2,111,30,5" hai1="131,31,109,33,116,119,7,40,76,114,24,104,22" hai2="42,125,72,124,71,32,1,8,132,120,106,13,85" hai3="83,122,82,19,51,126,21,128,63,108,67,50,97"/><T29/><D107/><U54/><E104/><V18/><F72/><W37/><G122/><T135/><D135/><U52/><E109/><V123/><F71/><W112/><G108/><T130/><D130/><U90/><E76/><V48/><F106/><W65/><G128/><T77/><D111/><U28/><E131/><V87/><F32/><W17/><G37/><T3/><D77/><U0/><E40/><V6/><F132/><W134/><G134/><T4/><D2/><U117/><E114/><V100/><F100/><W133/><G133/><T86/><D3/><U61/><E31/><N who="0" m="11785" /><D23/><U73/><E73/><V110/><F110/><W69/><G126/><N who="2" m="48745" /><F123/><W41/><G112/><T34/><D34/><U12/><E90/><V98/><F98/><W57/><G97/><T44/><D96/><U68/><E68/><V105/><F105/><W113/><G113/><T70/><D70/><U78/><E78/><V35/><F35/><W81/><G19/><T59/><D44/><U38/><E38/><V99/><F99/><W74/><G74/><T88/><D89/><U60/><E0/><V56/><F120/><W66/><G69/><T79/><D79/><U58/><E58/><V26/><F56/><W64/><REACH who="3" step="1"/><G41/><REACH who="3" ten="425,306,176,83" step="2"/><T15/><D4/><U101/><E7/><V115/><F115/><W80/><N who="3" m="20480" /><DORA hai="45" /><W46/><G46/><T11/><D91/><U94/><E117/><V39/><F39/><W47/><G47/><T53/><D86/><U25/><E116/><V43/><F43/><W127/><G127/><T20/><D20/><U103/><E119/><V36/><F36/><RYUUKYOKU ba="0,1" sc="425,15,306,-15,176,-15,83,15" hai0="5,11,15,49,53,55,59,84,88,92" hai3="17,21,50,51,57,63,64,65,66,67" /><INIT seed="4,1,1,1,1,0" ten="440,291,161,98" oya="0" hai0="66,97,94,3,126,15,100,42,72,64,39,128,24" hai1="9,11,7,48,81,91,113,103,62,127,74,86,124" hai2="6,87,104,4,26,23,101,61,132,22,130,37,10" hai3="109,34,68,115,98,114,21,92,12,118,19,134,102"/><T112/><D3/><U125/><E113/><V75/><F75/><W63/><G34/><T50/><D128/><U135/><E135/><V2/><F37/><W129/><G118/><T78/><D126/><U31/><E31/><V83/><F132/><W119/><G119/><T96/><D112/><N who="3" m="43049" /><G134/><T45/><D39/><U13/><E103/><V32/><F130/><W30/><G129/><T123/><D123/><U131/><E131/><V59/><F32/><W1/><G1/><T28/><D97/><U46/><E62/><V16/><F104/><W55/><G109/><T33/><D72/><U79/><E11/><V20/><F101/><W67/><G30/><T25/><D78/><U108/><E108/><V116/><F116/><W110/><G110/><T8/><D25/><U18/><E74/><V107/><F107/><W82/><G82/><T89/><D100/><U93/><E93/><V51/><F51/><W43/><G55/><T57/><D57/><U36/><E36/><V77/><REACH who="2" step="1"/><F6/><AGARI ba="1,1" hai="6,8,15,24,28,33,42,45,50,64,66,89,94,96" machi="6" ten="30,2900,0" yaku="7,1,52,1" doraHai="0" who="0" fromWho="2" sc="440,42,291,0,161,-32,98,0" /><INIT seed="4,2,0,1,0,71" ten="482,291,129,98" oya="0" hai0="66,49,67,54,113,90,87,44,60,33,69,23,72" hai1="28,8,125,27,104,68,48,118,38,63,130,122,107" hai2="41,82,135,12,56,14,102,117,89,52,53,95,7" hai3="59,133,101,79,110,100,62,22,58,16,116,39,80"/><T106/><D106/><U120/><E48/><V78/><F135/><W97/><G116/><T81/><D33/><U61/><E118/><V112/><F112/><W47/><G110/><T96/><D72/><U17/><E17/><V73/><F117/><W2/><G2/><T9/><D113/><U128/><E8/><V35/><F35/><W98/><G133/><T25/><D9/><U121/><E125/><V134/><F134/><W127/><G127/><T3/><D3/><U34/><E61/><V88/><F41/><W114/><G114/><T131/><D131/><N who="1" m="50219" /><E38/><V132/><F132/><W111/><G111/><T15/><D15/><U21/><E21/><V109/><F53/><W43/><G97/><T94/><D69/><U32/><E32/><V5/><F109/><W18/><G18/><T129/><D60/><U51/><E51/><V70/><F70/><W29/><G29/><T85/><D129/><U50/><E50/><V75/><F14/><W0/><G0/><T115/><D87/><U84/><E84/><V105/><F75/><W83/><G101/><T65/><D115/><U45/><E45/><V76/><F73/><W57/><G62/><T31/><REACH who="0" step="1"/><D66/><AGARI ba="2,0" hai="27,28,34,63,66,68,104,107,120,121,122" m="50219" machi="66" ten="40,2600,0" yaku="19,1,23,1" doraHai="71" who="1" fromWho="0" sc="482,-32,291,32,129,0,98,0" /><INIT seed="5,0,0,5,3,93" ten="450,323,129,98" oya="1" hai0="89,66,62,57,52,51,118,5,41,24,78,120,109" hai1="60,132,75,104,115,107,44,65,53,99,12,71,50" hai2="8,105,111,88,14,10,18,86,114,96,63,33,70" hai3="124,58,67,23,43,101,119,112,1,92,130,7,91"/><U4/><E115/><V35/><F111/><W0/><G112/><T45/><D118/><U123/><E123/><V28/><F114/><W135/><G119/><T110/><D120/><U131/><E75/><V64/><F10/><W32/><G32/><T106/><D106/><U117/><E117/><V74/><F74/><W133/><G101/><T21/><D5/><U30/><E132/><V47/><F47/><W59/><G43/><T9/><D9/><U31/><E131/><V46/><F46/><W54/><G67/><T94/><D78/><U77/><E77/><V16/><F18/><W42/><G42/><T56/><D110/><U40/><E12/><V129/><F28/><W25/><G130/><T15/><D15/><U20/><E4/><V22/><F22/><W69/><G69/><T116/><D116/><U3/><E3/><V134/><F134/><N who="3" m="51211" /><G124/><T90/><D94/><U100/><E20/><V95/><REACH who="2" step="1"/><F129/><REACH who="2" ten="450,323,119,98" step="2"/><W76/><G7/><T122/><D109/><U85/><E30/><V103/><AGARI ba="0,1" hai="8,14,16,33,35,63,64,70,86,88,95,96,103,105" machi="103" ten="30,12000,2" yaku="1,1,2,1,0,1,52,1,54,2,53,1" doraHai="93" doraHaiUra="6" who="2" fromWho="2" sc="450,-30,323,-60,119,130,98,-30" /><INIT seed="6,0,0,3,5,97" ten="420,263,249,68" oya="2" hai0="104,77,80,58,102,60,37,53,5,41,57,55,100" hai1="69,79,28,7,9,65,19,18,117,11,94,36,42" hai2="43,76,10,90,132,1,12,85,119,8,91,70,89" hai3="74,86,121,131,17,115,50,23,126,124,98,15,45"/><V110/><F119/><W66/><G121/><T35/><D35/><U81/><E28/><V21/><F70/><W38/><G74/><T73/><D104/><U133/><E133/><V34/><F34/><W32/><G38/><T114/><D114/><U128/><E69/><V22/><F132/><W123/><G123/><T61/><D5/><U120/><E65/><V20/><F110/><W62/><G32/><T72/><D72/><U44/><E128/><V27/><F1/><W130/><G86/><T64/><D64/><U52/><E9/><V63/><F43/><W101/><G115/><T68/><D68/><U83/><E83/><N who="2" m="47335" /><F63/><W109/><G109/><T13/><D13/><U87/><E117/><V71/><F71/><W3/><G3/><T16/><D16/><U59/><E94/><V75/><F75/><W51/><G51/><T99/><D99/><U92/><E92/><V47/><F47/><AGARI ba="0,0" hai="37,41,47,53,55,57,58,60,61,73,77,80,100,102" machi="47" ten="40,5200,0" yaku="9,1,52,2" doraHai="97" who="0" fromWho="2" sc="420,52,263,0,249,-52,68,0" /><INIT seed="7,0,0,0,5,118" ten="472,263,197,68" oya="3" hai0="23,75,19,128,48,68,33,4,73,127,12,3,36" hai1="32,54,89,43,97,44,69,47,119,71,103,41,83" hai2="102,111,82,17,100,13,10,63,11,29,8,101,114" hai3="87,106,124,21,122,76,129,109,117,52,30,77,116"/><W25/><G106/><T74/><D128/><U45/><E32/><V61/><F111/><W59/><G129/><T40/><D36/><U110/><E110/><V65/><F114/><W98/><G109/><T104/><D104/><U108/><E108/><V42/><F29/><W51/><G124/><T16/><D68/><U134/><E134/><V31/><F31/><W18/><G98/><T123/><D123/><U56/><E69/><V90/><F42/><W38/><G38/><T99/><D127/><U35/><E71/><V72/><F72/><W130/><G130/><T2/><D33/><U115/><E35/><V62/><REACH who="2" step="1"/><F65/><REACH who="2" ten="472,263,187,68" step="2"/><W131/><G131/><T93/><D73/><U27/><E115/><V70/><F70/><W78/><G122/><T7/><D75/><U28/><E119/><V135/><F135/><W79/><N who="3" m="19456" /><DORA hai="6" /><W57/><G30/><T64/><D74/><U39/><E41/><V9/><F9/><W80/><REACH who="3" step="1"/><G59/><REACH who="3" ten="472,263,187,58" step="2"/><T67/><D99/><U86/><E39/><V55/><F55/><W121/><G121/><T94/><D40/><U85/><E43/><V34/><F34/><W26/><G26/><T91/><D67/><U20/><E56/><V1/><F1/><W95/><G95/><T132/><D64/><U96/><E28/><V81/><F81/><W92/><G92/><T126/><D94/><U50/><E27/><V58/><F58/><W133/><G133/><T112/><D93/><U66/><E66/><V88/><F88/><AGARI ba="0,2" hai="18,21,25,51,52,57,80,87,88,116,117" m="19456" machi="88" ten="50,18000,2" yaku="1,1,54,2,53,3" doraHai="118,6" doraHaiUra="22,113" who="3" fromWho="2" sc="472,0,263,0,187,-180,58,200" /><INIT seed="7,1,0,2,1,63" ten="472,263,7,258" oya="3" hai0="78,122,33,44,85,26,18,55,112,69,65,110,120" hai1="90,28,13,11,131,53,0,125,73,14,126,64,1" hai2="61,19,93,52,92,132,101,72,31,97,129,118,106" hai3="96,79,7,102,99,5,35,103,2,104,36,134,135"/><W86/><G36/><T15/><D110/><U89/><E131/><V100/><F31/><W124/><G35/><T95/><D112/><U57/><E73/><V127/><F61/><W114/><G2/><T56/><D69/><U117/><E64/><V20/><F20/><W130/><G130/><T76/><D33/><U4/><E117/><V37/><F129/><W17/><G17/><T74/><D26/><U84/><E28/><V48/><F118/><W46/><G46/><T67/><D95/><U62/><E0/><V82/><F127/><N who="1" m="48649" /><E90/><V58/><F132/><N who="3" m="50731" /><G124/><T119/><D85/><U6/><E6/><V49/><F37/><W116/><G116/><T105/><D105/><U50/><E50/><V75/><F106/><N who="3" m="63815" /><G114/><T12/><D44/><U29/><E29/><V42/><F19/><W16/><G16/><T71/><D18/><U41/><E41/><V77/><F42/><W25/><G25/><T91/><D119/><U60/><E60/><V34/><F34/><W40/><G40/><T70/><D55/><U47/><E47/><V66/><F49/><W109/><G109/><T121/><D56/><U88/><E89/><V98/><F75/><W123/><G123/><T3/><D91/><U68/><E68/><V24/><F24/><W83/><AGARI ba="1,0" hai="5,7,79,83,86,99,103,104" m="63815,50731" machi="83" ten="30,1500,0" yaku="20,1" doraHai="63" who="3" fromWho="3" sc="472,-6,263,-6,7,-6,258,18" /><INIT seed="7,2,0,5,1,109" ten="466,257,1,276" oya="3" hai0="3,88,133,20,64,32,113,57,129,79,2,130,48" hai1="81,95,111,114,120,6,61,91,26,76,43,104,93" hai2="134,135,31,82,112,16,97,25,55,106,59,8,65" hai3="101,60,21,27,118,36,126,52,69,38,116,11,89"/><W0/><G126/><T100/><D32/><U56/><E111/><V71/><F71/><W87/><G101/><T51/><D79/><U107/><E43/><V1/><F65/><W92/><G118/><T123/><D100/><U39/><E39/><V115/><F82/><W19/><G116/><T35/><D35/><U66/><E120/><V50/><F97/><W10/><G69/><T14/><D64/><U94/><E114/><N who="2" m="43563" /><F106/><W40/><G40/><T7/><D88/><U75/><E6/><N who="2" m="1103" /><F16/><W67/><G67/><T90/><D90/><U33/><E91/><V45/><F59/><W30/><G0/><T85/><D57/><U58/><E58/><V15/><F15/><W80/><G38/><T22/><D14/><U46/><E46/><V44/><F44/><W24/><G36/><T13/><D13/><U63/><E63/><V99/><F99/><W4/><G4/><T49/><D113/><U5/><E5/><V86/><F86/><N who="3" m="52279" /><G30/><T73/><D73/><U102/><E102/><V41/><F41/><W72/><G72/><T127/><D127/><U117/><E117/><V77/><F77/><N who="3" m="46479" /><G27/><T28/><D2/><U42/><E42/><V9/><F9/><N who="3" m="3083" /><G60/><T68/><D68/><U119/><E119/><V105/><F105/><W131/><G131/><T121/><D3/><U108/><E108/><V29/><F29/><W17/><G17/><T37/><D28/><N who="1" m="19607" /><E107/><V54/><F54/><AGARI ba="2,0" hai="19,21,24,52,54" m="3083,46479,52279" machi="54" ten="30,2900,0" yaku="8,1,54,1" doraHai="109" who="3" fromWho="2" sc="466,0,257,0,1,-35,276,35" owari="466,56.0,257,-14.0,-34,-53.0,311,11.0" /></mjloggm>