<mjloggm ver="2.3"><GO type="41" lobby="0"/><UN n0="%E2%93%9D%53%75%70%68%78" n1="%E3%81%BE%E3%81%A1%E3%82%8B" n2="%E3%82%84%E3%81%BE%E3%81%97%50" n3="%6B%6C%6F%75%64" dan="17,13,13,13" rate="2060.17,1831.14,1897.47,1893.93" sx="M,M,M,F"/><TAIKYOKU oya="0"/><INIT seed="0,0,0,1,3,102" ten="250,250,250,250" oya="0" hai0="128,125,85,12,10,111,131,44,63,16,26,65,38" hai1="114,28,21,92,71,9,126,88,30,18,45,120,124" hai2="103,56,110,80,90,57,107,5,51,1,36,11,68" hai3="19,93,133,47,119,31,59,24,50,106,58,62,83"/><T108/><D125/><N who="1" m="48235" /><E71/><V100/><F110/><N who="0" m="42026" /><D85/><N who="1" m="52239" /><E120/><V87/><F36/><W116/><G133/><T84/><D84/><U98/><E9/><V123/><F68/><W35/><G83/><T89/><D89/><U49/><E114/><V8/><F123/><W117/><G93/><T4/><D26/><N who="1" m="14647" /><E98/><V115/><F115/><W29/><G19/><T14/><D14/><U69/><E69/><V91/><F11/><W77/><G77/><T64/><D4/><U40/><AGARI ba="0,0" hai="28,30,40,45,49" m="14647,52239,48235" machi="40" ten="30,2000,0" yaku="18,1,54,1" doraHai="102" who="1" fromWho="1" sc="250,-10,250,20,250,-5,250,-5" /><INIT seed="1,0,0,1,0,90" ten="240,270,245,245" oya="1" hai0="30,40,85,26,73,114,15,132,43,77,50,135,83" hai1="21,92,9,122,95,20,108,41,12,113,94,37,16" hai2="70,78,19,72,111,82,24,106,54,42,105,60,25" hai3="3,101,33,133,126,0,65,5,115,86,97,102,35"/><U116/><E122/><V36/><F111/><W58/><G86/><T57/><D114/><U13/><E116/><V18/><F25/><W99/><G115/><T8/><D73/><U53/><E113/><V84/><F42/><W47/><G58/><T98/><D98/><U127/><E127/><V128/><F36/><W23/><G47/><T66/><D66/><U59/><E108/><V123/><F123/><W1/><G23/><T71/><D71/><U61/><E37/><V75/><F128/><W110/><G133/><N who="0" m="51275" /><D57/><U121/><E121/><V100/><F100/><W14/><G110/><T69/><D50/><U31/><E41/><V62/><F75/><W45/><G45/><T49/><D49/><U67/><E31/><V6/><F72/><W51/><G51/><T79/><D79/><U29/><E29/><V131/><F131/><W46/><G46/><T55/><D55/><U27/><E67/><V89/><F78/><W120/><G126/><T11/><D69/><U80/><E80/><V64/><F82/><W88/><G65/><T96/><D43/><U52/><E53/><V28/><F64/><W93/><G120/><T117/><D40/><U22/><E13/><V34/><F70/><W39/><G39/><T63/><D15/><U44/><E44/><V125/><F125/><W48/><G48/><T32/><D117/><U2/><E2/><V119/><F119/><W103/><G14/><T91/><D63/><U4/><AGARI ba="0,0" hai="4,9,12,16,20,21,22,27,52,59,61,92,94,95" machi="4" ten="30,18000,2" yaku="0,1,8,1,52,3,54,2" doraHai="90" who="1" fromWho="1" sc="240,-60,270,180,245,-60,245,-60" /><INIT seed="1,1,0,3,2,112" ten="180,450,185,185" oya="1" hai0="43,35,37,107,89,132,94,40,135,76,4,88,18" hai1="115,72,13,32,116,3,131,90,98,93,31,84,14" hai2="65,68,86,52,104,97,61,16,63,19,121,60,0" hai3="81,6,71,85,114,8,20,78,50,17,25,73,129"/><U92/><E115/><V54/><F121/><W95/><G129/><T30/><D107/><U59/><E131/><V41/><F0/><W118/><G71/><T21/><D76/><U22/><E72/><V66/><F41/><W15/><G114/><T49/><D4/><U77/><E3/><V57/><F54/><W110/><G110/><T123/><D30/><U109/><E109/><V34/><F34/><W102/><G73/><T128/><D35/><U134/><E134/><N who="0" m="51241" /><D89/><N who="1" m="55567" /><E116/><V67/><F104/><W7/><G95/><T5/><D5/><U47/><E77/><V79/><F97/><W45/><G102/><T106/><D37/><U124/><E32/><V96/><F96/><W120/><G120/><T51/><D106/><U44/><E124/><V39/><F39/><W26/><G6/><T27/><D123/><U53/><E13/><V130/><F130/><W56/><G56/><T58/><D58/><U36/><E36/><V87/><F68/><W82/><G82/><T91/><D128/><U33/><E33/><V74/><F74/><W42/><G26/><T125/><D125/><U23/><E23/><V117/><F117/><AGARI ba="1,0" hai="7,8,15,17,20,25,42,45,50,78,81,85,117,118" machi="117" ten="40,8000,1" yaku="25,2,52,2" doraHai="112" who="3" fromWho="2" sc="180,0,450,0,185,-83,185,83" /><INIT seed="2,0,0,5,3,124" ten="180,450,102,268" oya="2" hai0="128,126,75,77,42,78,41,82,104,63,45,31,52" hai1="26,81,66,34,29,18,118,37,51,65,39,96,5" hai2="16,115,79,55,36,32,83,64,50,76,112,69,33" hai3="80,134,61,38,123,10,17,90,98,67,72,103,27"/><V13/><F36/><W2/><G134/><T87/><D104/><U105/><E118/><V12/><F64/><W71/><G17/><T129/><D126/><U130/><E18/><V70/><F50/><W47/><G90/><T133/><D133/><U99/><E5/><V46/><F16/><W7/><G27/><T57/><D31/><U19/><E19/><V94/><F94/><W106/><G47/><T101/><D101/><U20/><E51/><V0/><F46/><W73/><G123/><T121/><D121/><U23/><E105/><V48/><F48/><W100/><G80/><N who="0" m="47503" /><D45/><U93/><E81/><V6/><F83/><W111/><G103/><T135/><D135/><U120/><E130/><AGARI ba="0,0" hai="41,42,52,57,63,75,78,82,128,129,130" m="47503" machi="130" ten="30,8000,1" yaku="19,1,52,3,54,1" doraHai="124" who="0" fromWho="1" sc="180,80,450,-80,102,0,268,0" /><INIT seed="3,0,0,2,2,53" ten="260,370,102,268" oya="3" hai0="118,42,34,41,24,57,32,77,11,33,89,28,119" hai1="64,93,126,58,134,67,37,129,14,2,107,78,29" hai2="105,69,20,76,7,123,35,97,21,98,5,92,12" hai3="106,110,94,71,63,132,0,6,74,109,48,45,112"/><W104/><G74/><T40/><D77/><U65/><E2/><V72/><F123/><W26/><G112/><T95/><D11/><U51/><E134/><V111/><F111/><W55/><G132/><T113/><D113/><U80/><E129/><V99/><F35/><W9/><G94/><T17/><D17/><U102/><E107/><V19/><F69/><W43/><G26/><T27/><D57/><U125/><E37/><V91/><F105/><W128/><G128/><T62/><D62/><U108/><E108/><N who="3" m="41578" /><G55/><T23/><REACH who="0" step="1"/><D27/><REACH who="0" ten="250,370,102,268" step="2"/><U79/><E79/><V3/><F3/><W60/><G63/><T120/><D120/><U87/><E58/><V85/><F72/><W44/><G44/><T81/><D81/><U96/><E51/><V115/><F115/><W4/><G4/><N who="2" m="1609" /><F76/><W22/><G60/><T50/><D50/><U36/><E36/><V15/><F15/><W25/><G71/><T130/><D130/><U38/><E38/><V124/><F124/><N who="1" m="47721" /><E14/><V103/><F103/><W88/><G9/><AGARI ba="0,1" hai="9,12,19,20,21,85,91,92,97,98,99" m="1609" machi="9" ten="30,1000,0" yaku="8,1" doraHai="53" who="2" fromWho="3" sc="250,0,370,0,102,20,268,-10" /><INIT seed="4,0,0,1,0,103" ten="250,370,122,258" oya="0" hai0="102,17,52,53,3,82,9,51,68,77,109,97,124" hai1="0,112,60,8,105,119,42,50,41,29,125,85,56" hai2="30,71,87,121,94,22,23,14,26,101,62,35,63" hai3="7,39,24,44,55,123,13,78,79,120,80,100,115"/><T93/><D124/><U65/><E125/><V32/><F121/><W18/><G115/><T21/><D68/><U117/><E105/><V83/><F71/><W15/><G100/><T54/><D109/><U10/><E112/><V6/><F35/><W107/><G107/><T38/><D38/><U96/><E96/><N who="2" m="59543" /><F32/><W135/><G135/><T90/><D9/><U40/><E29/><V76/><F6/><W130/><G24/><T66/><D66/><U4/><E10/><V36/><F36/><W74/><G130/><T37/><D3/><U59/><E117/><V118/><F118/><W128/><G128/><T2/><D102/><U81/><E119/><V89/><F76/><W98/><G98/><T12/><D37/><U46/><E56/><V110/><F110/><W92/><G79/><AGARI ba="0,0" hai="0,4,8,40,41,42,46,50,59,60,65,79,81,85" machi="79" ten="30,1000,0" yaku="7,1" doraHai="103" who="1" fromWho="3" sc="250,0,370,10,122,0,258,-10" /><INIT seed="5,0,0,4,3,70" ten="250,380,122,248" oya="1" hai0="110,41,114,29,6,93,47,104,87,35,11,102,131" hai1="39,60,98,17,44,135,103,23,134,13,100,31,124" hai2="53,18,95,69,133,5,99,58,123,111,107,10,30" hai3="42,16,127,59,56,40,113,78,64,132,49,97,105"/><U72/><E72/><V61/><F111/><W20/><G113/><T79/><D110/><U25/><E124/><V84/><F123/><W19/><G127/><T68/><D68/><U77/><E77/><V106/><F133/><N who="1" m="50697" /><E98/><V3/><F30/><W129/><G132/><T4/><D4/><U94/><E60/><V63/><F84/><W118/><G129/><T81/><D104/><U66/><E66/><V89/><REACH who="2" step="1"/><F18/><REACH who="2" ten="250,380,112,248" step="2"/><W80/><G19/><T73/><D29/><U2/><E31/><V126/><F126/><W120/><G118/><T117/><D87/><U116/><E116/><V9/><F9/><W75/><G120/><T34/><D11/><U7/><E17/><V71/><F71/><W54/><G97/><T67/><D117/><U119/><E119/><V46/><F46/><W88/><G105/><T43/><D47/><U85/><E44/><V55/><F55/><W1/><G64/><AGARI ba="0,1" hai="3,5,10,53,58,61,63,64,69,89,95,99,106,107" machi="64" ten="40,2600,0" yaku="1,1,53,1" doraHai="70" doraHaiUra="62" who="2" fromWho="3" sc="250,0,380,0,112,36,248,-26" /><INIT seed="6,0,0,4,3,97" ten="250,380,148,222" oya="2" hai0="9,110,7,29,123,28,105,42,130,112,122,91,98" hai1="4,54,33,124,43,93,134,31,25,47,22,2,68" hai2="14,135,20,108,70,121,1,90,73,118,84,119,37" hai3="66,111,88,41,120,125,77,5,62,63,75,85,15"/><V103/><F37/><W18/><G111/><T52/><D42/><U78/><E68/><V35/><F70/><W83/><G125/><T106/><D110/><U80/><E124/><V113/><F35/><W60/><G5/><T74/><D74/><U81/><E134/><V86/><F1/><W40/><G120/><T6/><D98/><U36/><E54/><V21/><F108/><W50/><G50/><T38/><D91/><U69/><E69/><V44/><F121/><W59/><G75/><T102/><D9/><U13/><E93/><V67/><F73/><W11/><G77/><T34/><D34/><U45/><E78/><V58/><F113/><W71/><REACH who="3" step="1"/><G62/><REACH who="3" ten="250,380,148,212" step="2"/><T76/><D76/><U61/><E61/><N who="2" m="38327" /><F135/><W3/><G3/><T128/><D112/><U131/><E2/><V129/><F129/><W95/><G95/><T53/><D38/><U87/><E131/><V30/><F119/><W89/><G89/><T104/><D104/><U46/><E4/><V64/><F118/><W107/><G107/><T92/><D92/><U17/><E80/><N who="2" m="49415" /><F64/><AGARI ba="0,1" hai="11,15,18,40,41,59,60,63,64,66,71,83,85,88" machi="64" ten="30,7700,0" yaku="1,1,7,1,54,1,53,1" doraHai="97" doraHaiUra="79" who="3" fromWho="2" sc="250,0,380,0,148,-77,212,87" /><INIT seed="7,0,0,3,2,128" ten="250,380,71,299" oya="3" hai0="27,15,132,78,130,36,45,50,131,124,93,20,34" hai1="38,85,22,104,135,7,16,29,122,107,108,116,83" hai2="113,13,41,69,52,80,125,121,14,109,71,56,97" hai3="23,76,35,126,123,42,115,33,74,67,86,98,111"/><W68/><G123/><T105/><D105/><U120/><E108/><V5/><F109/><W90/><G111/><T54/><D34/><U44/><E29/><V10/><F125/><W65/><G42/><T102/><D78/><U70/><E70/><V134/><F121/><W0/><G23/><T75/><D75/><U103/><E7/><V88/><F113/><W25/><G35/><T64/><D36/><U101/><E116/><V110/><F110/><W57/><G67/><T119/><D119/><U8/><E8/><V82/><F41/><W32/><G32/><T114/><D15/><U99/><E38/><V89/><F71/><W81/><G57/><T43/><D64/><U2/><E44/><V100/><F69/><W46/><G46/><T4/><D4/><U87/><E2/><V48/><F14/><W51/><G51/><T63/><D124/><U60/><E60/><V58/><F134/><W129/><G126/><T49/><D63/><U12/><E135/><V37/><F37/><W30/><G129/><T127/><D114/><U117/><E117/><V24/><F24/><W73/><G0/><T61/><D61/><U17/><E22/><V118/><F118/><W133/><G133/><T6/><D127/><U84/><E12/><V18/><F5/><W28/><G115/><T59/><D6/><U11/><E11/><V53/><F82/><W96/><G65/><T66/><D66/><U39/><E83/><V77/><F80/><W3/><G68/><T94/><D132/><U31/><E39/><V1/><F77/><W72/><G76/><T26/><D131/><RYUUKYOKU ba="0,0" sc="250,0,380,0,71,0,299,0" owari="250,-15.0,380,48.0,71,-43.0,299,10.0" /></mjloggm>