<mjloggm ver="2.3"><GO type="41" lobby="0"/><UN n0="%31%38%30%E6%97%A5%E5%AF%BE%E6%88%A6%E3%81%9B%E3%81%9A" n1="%6E%62%6E%62" n2="%E3%83%AA%E3%83%BC%E3%83%81%E4%B8%80%E7%99%BA%36%E9%80%A3" n3="%E2%93%9D%53%75%70%68%78" dan="15,15,14,18" rate="1977.84,2003.26,1871.48,2105.02" sx="F,M,M,M"/><TAIKYOKU oya="0"/><INIT seed="0,0,0,1,1,27" ten="250,250,250,250" oya="0" hai0="79,35,104,60,15,89,70,98,107,121,133,125,57" hai1="117,75,58,94,44,126,96,112,113,14,84,37,85" hai2="120,32,29,64,63,102,56,83,5,73,124,105,20" hai3="23,119,47,88,45,22,71,99,59,97,52,28,123"/><T6/><D121/><U36/><E117/><V78/><F32/><W13/><G71/><T11/><D70/><U21/><E75/><V69/><F124/><W109/><G109/><T135/><D125/><U91/><E126/><V87/><F69/><W72/><G72/><T42/><D35/><U7/><E58/><V30/><F120/><W110/><G110/><T26/><D79/><U127/><E127/><V122/><F122/><W115/><G115/><T3/><D42/><U90/><E96/><V65/><F65/><W48/><G119/><T66/><D3/><U46/><E21/><V51/><F5/><W2/><G2/><T40/><D40/><U17/><E7/><V74/><F20/><W77/><G77/><T76/><D26/><U95/><REACH who="1" step="1"/><E14/><REACH who="1" ten="250,240,250,250" step="2"/><V50/><F74/><W54/><G13/><T100/><D107/><U53/><E53/><V128/><F73/><W34/><G123/><T0/><D0/><U114/><E114/><V10/><F10/><W92/><G99/><T116/><D116/><U130/><E130/><V43/><F128/><W134/><G54/><T81/><REACH who="0" step="1"/><D89/><REACH who="0" ten="240,240,250,250" step="2"/><U108/><E108/><V129/><F129/><W55/><G88/><T67/><D67/><U93/><E93/><V38/><F105/><W106/><G92/><T9/><D9/><U86/><E86/><AGARI ba="0,2" hai="6,11,15,57,60,66,76,81,86,98,100,104,133,135" machi="86" ten="40,2000,0" yaku="1,1,53,0" doraHai="27" doraHaiUra="39" who="0" fromWho="1" sc="240,40,240,-20,250,0,250,0" /><INIT seed="0,1,0,1,1,121" ten="280,220,250,250" oya="0" hai0="72,122,54,128,74,68,127,57,26,0,83,38,56" hai1="90,86,84,71,108,20,113,111,60,79,64,32,43" hai2="4,7,10,89,48,62,47,30,22,18,31,27,19" hai3="117,130,1,73,85,35,115,12,59,45,82,133,88"/><T98/><D122/><U34/><E43/><V100/><F100/><W78/><G115/><T77/><D68/><U93/><E113/><V61/><F89/><W65/><G1/><T24/><D0/><U55/><E55/><V49/><F47/><W75/><G35/><T23/><D38/><U114/><E114/><V125/><F125/><W91/><G130/><T119/><D119/><U129/><E129/><V135/><F135/><W66/><G117/><T94/><D128/><U2/><E2/><V15/><F49/><W63/><G133/><T58/><D127/><U25/><E86/><V14/><F48/><W81/><G45/><T99/><D74/><U105/><E79/><V67/><F61/><W132/><G132/><T123/><D123/><U116/><E105/><V17/><F62/><W76/><G12/><T70/><D70/><U95/><E95/><V42/><F67/><W101/><G101/><T107/><D107/><U21/><E116/><V40/><F40/><W112/><G112/><T6/><D54/><U29/><REACH who="1" step="1"/><E20/><REACH who="1" ten="280,210,250,250" step="2"/><V36/><F42/><W92/><G91/><T33/><D94/><U102/><E102/><V16/><F36/><W118/><G118/><T87/><D87/><U52/><E52/><AGARI ba="1,1" hai="52,59,63,65,66,73,75,76,78,81,82,85,88,92" machi="52" ten="30,7700,0" yaku="7,1,9,1,54,2" doraHai="121" who="3" fromWho="1" sc="280,0,210,-80,250,0,250,90" /><INIT seed="1,0,0,0,3,10" ten="280,130,250,340" oya="1" hai0="92,58,129,72,81,85,42,29,33,102,75,48,22" hai1="86,4,110,113,46,96,39,69,54,53,65,27,97" hai2="57,52,121,128,114,8,111,63,87,116,127,38,9" hai3="40,36,105,90,31,118,49,50,95,82,56,30,55"/><U73/><E113/><V124/><F116/><W14/><G36/><T11/><D129/><U64/><E73/><V70/><F121/><W79/><G105/><T34/><D33/><U17/><E4/><V62/><F38/><W106/><G106/><T89/><D34/><U99/><E110/><V130/><F111/><W122/><G122/><T24/><D11/><U47/><E69/><V35/><F87/><N who="3" m="48607" /><G14/><T125/><D125/><N who="2" m="48202" /><F35/><W19/><G19/><T15/><D15/><U74/><E74/><V80/><F80/><W32/><G32/><T5/><D5/><U126/><E126/><V0/><F0/><W7/><G7/><T59/><D75/><U100/><E100/><V117/><F117/><W78/><G78/><T134/><D134/><U71/><E71/><V23/><F23/><W67/><G118/><T103/><D72/><U28/><E17/><V37/><F37/><W25/><G25/><T68/><D68/><U43/><E86/><V20/><F20/><W13/><G13/><T61/><D103/><U12/><E12/><V45/><F45/><N who="3" m="25767" /><G67/><T44/><D61/><U2/><E2/><V131/><F114/><W41/><G41/><T107/><REACH who="0" step="1"/><D107/><REACH who="0" ten="270,130,250,340" step="2"/><U84/><E27/><V119/><F119/><W16/><G16/><T98/><AGARI ba="0,1" hai="22,24,29,42,44,48,58,59,81,85,89,92,98,102" machi="98" ten="30,7900,0" yaku="1,1,2,1,0,1,8,1,53,0" doraHai="10" doraHaiUra="115" who="0" fromWho="0" sc="270,89,130,-39,250,-20,340,-20" /><INIT seed="2,0,0,0,3,98" ten="359,91,230,320" oya="2" hai0="121,128,103,135,23,42,134,65,7,36,2,47,1" hai1="106,53,109,13,116,12,119,41,33,55,111,71,10" hai2="92,46,70,40,118,79,78,21,81,104,95,105,51" hai3="72,19,86,110,29,0,63,34,8,74,120,3,32"/><V124/><F70/><W4/><G86/><T108/><D121/><U85/><E71/><V73/><F118/><W114/><G63/><T117/><D117/><N who="1" m="45131" /><E33/><V76/><F124/><W30/><G74/><T82/><D108/><N who="1" m="41547" /><E106/><V58/><F73/><W48/><G48/><T126/><D128/><U80/><E41/><V129/><F129/><W44/><G72/><T127/><D65/><U68/><E68/><V61/><F105/><W16/><G44/><T93/><D23/><U84/><E84/><V123/><F104/><W130/><G110/><T100/><D126/><U112/><E112/><V54/><F81/><W57/><G130/><T39/><D82/><U52/><E10/><V15/><F123/><W56/><G8/><T87/><D127/><U91/><AGARI ba="0,0" hai="12,13,52,53,55,80,85,91" m="41547,45131" machi="91" ten="40,2700,0" yaku="14,1,54,1" doraHai="98" who="1" fromWho="1" sc="359,-7,91,27,230,-13,320,-7" /><INIT seed="3,0,0,1,5,100" ten="352,118,217,313" oya="3" hai0="98,129,94,6,67,62,125,27,21,89,51,42,92" hai1="107,65,16,115,90,54,119,57,12,5,75,113,23" hai2="99,85,88,0,46,78,15,72,103,110,2,61,114" hai3="131,34,66,134,101,44,4,133,50,116,59,64,30"/><W11/><G116/><T76/><D125/><U17/><E75/><V53/><F114/><W48/><G131/><T24/><D129/><U55/><E5/><V95/><F110/><W18/><G18/><T56/><D76/><U123/><E123/><V80/><F15/><W96/><G30/><T60/><D6/><U22/><E119/><V49/><REACH who="2" step="1"/><F61/><REACH who="2" ten="352,118,207,313" step="2"/><W14/><G134/><T77/><D62/><N who="1" m="38095" /><E115/><V86/><F86/><W33/><G133/><T29/><D60/><U10/><E113/><V8/><F8/><W35/><G59/><T39/><D56/><U106/><E106/><AGARI ba="0,1" hai="0,2,46,49,53,72,78,80,85,88,95,99,103,106" machi="106" ten="30,12000,2" yaku="1,1,7,1,24,2,52,1,54,1,53,0" doraHai="100" doraHaiUra="124" who="2" fromWho="1" sc="352,0,118,-120,207,130,313,0" owari="352,45.0,-2,-50.0,337,14.0,313,-9.0" /></mjloggm>