<mjloggm ver="2.3"><GO type="41" lobby="0"/><UN n0="%E7%90%B4%E5%AF%84%E6%96%87%E4%B9%83" n1="%E7%8C%AB%EF%BC%98%E5%8C%B9" n2="%6B%69%6B%6B%69%72%6F" n3="%E2%93%9D%53%75%70%68%78" dan="13,14,15,17" rate="1953.60,1897.64,1862.01,2048.85" sx="M,M,M,M"/><TAIKYOKU oya="0"/><INIT seed="0,0,0,1,1,5" ten="250,250,250,250" oya="0" hai0="84,49,0,33,125,12,57,90,115,102,75,36,135" hai1="9,85,133,10,71,42,68,22,3,23,119,98,61" hai2="56,96,77,89,64,86,17,81,130,123,54,29,124" hai3="129,7,15,16,120,11,72,50,62,78,104,93,34"/><T117/><D117/><U94/><E119/><V19/><F123/><W101/><G104/><T13/><D115/><U97/><E3/><V91/><F124/><W28/><G129/><T39/><D0/><U41/><E61/><V27/><F130/><W80/><G120/><T59/><D125/><U66/><E66/><V82/><F64/><W74/><G62/><T25/><D75/><U67/><E67/><V128/><F128/><W111/><G111/><T113/><D113/><U48/><E85/><V37/><F37/><W65/><G65/><T132/><D102/><U51/><REACH who="1" step="1"/><E94/><REACH who="1" ten="250,240,250,250" step="2"/><V35/><F86/><W103/><G74/><T18/><D84/><U108/><E108/><V60/><F60/><W2/><G93/><T95/><D95/><U83/><E83/><V1/><F82/><W114/><G114/><T30/><D132/><AGARI ba="0,1" hai="9,10,22,23,41,42,48,51,68,71,97,98,132,133" machi="132" ten="25,12000,2" yaku="1,1,22,2,52,2,53,2" doraHai="5" doraHaiUra="6" who="1" fromWho="0" sc="250,-120,240,130,250,0,250,0" /><INIT seed="1,0,0,5,1,26" ten="130,370,250,250" oya="1" hai0="65,128,35,77,124,91,122,115,43,108,76,78,86" hai1="117,15,19,54,75,39,130,109,112,99,37,90,134" hai2="131,46,73,126,123,89,45,38,48,34,81,33,100" hai3="79,87,40,74,28,11,105,101,60,55,106,1,110"/><U10/><E112/><V17/><F123/><W12/><G1/><T51/><D115/><U8/><E117/><V0/><F126/><W70/><G74/><T82/><D124/><U5/><E75/><V66/><F131/><W41/><G110/><T92/><D128/><U98/><E130/><V80/><F0/><W7/><G101/><T14/><D108/><U120/><E120/><V49/><F73/><W102/><G102/><T104/><D122/><U96/><E134/><V93/><F38/><W3/><G3/><T114/><D114/><U133/><E133/><V135/><F100/><W42/><G28/><T31/><D65/><U20/><E54/><V69/><F66/><W52/><G70/><T16/><D104/><U24/><E109/><V18/><F135/><W103/><G103/><T32/><D31/><U58/><E58/><V132/><F132/><W113/><G113/><T88/><D51/><U116/><E116/><V72/><F72/><W56/><REACH who="3" step="1"/><G55/><REACH who="3" ten="130,370,250,240" step="2"/><T30/><D30/><U23/><E90/><V119/><F69/><W36/><G36/><T129/><D129/><U94/><E39/><V53/><F119/><W95/><G95/><T6/><D91/><U64/><E37/><V118/><F118/><W68/><G68/><T13/><D92/><U22/><E94/><V121/><F121/><W127/><G127/><T125/><D125/><U29/><REACH who="1" step="1"/><E64/><REACH who="1" ten="130,360,250,240" step="2"/><V71/><F93/><W2/><G2/><AGARI ba="0,2" hai="2,5,8,10,15,19,20,22,23,24,29,96,98,99" machi="2" ten="40,7700,0" yaku="1,1,2,1,52,1,53,0" doraHai="26" doraHaiUra="84" who="1" fromWho="3" sc="130,0,360,97,250,0,240,-77" /><INIT seed="1,1,0,0,5,109" ten="130,457,250,163" oya="1" hai0="108,26,4,10,102,61,21,89,13,95,9,17,80" hai1="87,6,8,74,40,57,35,65,128,106,94,113,31" hai2="97,66,88,14,36,64,12,56,19,79,86,92,52" hai3="130,115,60,20,24,15,5,45,100,110,84,42,2"/><U37/><E74/><V25/><F36/><W98/><G110/><T90/><D108/><U107/><E37/><V63/><F79/><W70/><G2/><T123/><D123/><U129/><E40/><V48/><F86/><W105/><G130/><N who="1" m="50282" /><E31/><V59/><F66/><W82/><G70/><T73/><D61/><N who="1" m="38063" /><E35/><V58/><F58/><W125/><G125/><T7/><D73/><U117/><E87/><V43/><F43/><W32/><G32/><T131/><D131/><U1/><E94/><V124/><F124/><W127/><G127/><T30/><D80/><U11/><E11/><V77/><F77/><W133/><G82/><T29/><D102/><U67/><E67/><V120/><F120/><W116/><G100/><T85/><REACH who="0" step="1"/><D90/><REACH who="0" ten="120,457,250,163" step="2"/><U119/><E107/><V55/><F64/><W38/><G105/><T135/><D135/><U41/><E106/><V121/><F121/><W46/><G133/><T22/><D22/><AGARI ba="1,1" hai="12,14,19,22,25,48,52,55,56,59,63,88,92,97" machi="22" ten="40,8000,1" yaku="25,2,8,1,54,2" doraHai="109" who="2" fromWho="0" sc="120,-83,457,0,250,93,163,0" /><INIT seed="2,0,0,5,5,103" ten="37,457,343,163" oya="2" hai0="111,8,129,11,1,98,110,18,65,4,39,44,17" hai1="23,95,66,118,72,83,92,27,28,60,80,84,47" hai2="88,52,10,69,19,5,53,130,24,104,94,31,101" hai3="97,112,70,116,51,86,81,45,135,128,78,108,117"/><V126/><F69/><W106/><G70/><T71/><D129/><U133/><E133/><V32/><F126/><W87/><G51/><T15/><D98/><U82/><E118/><N who="3" m="45674" /><G45/><T134/><D134/><U131/><E131/><V49/><F130/><W99/><G108/><T127/><D127/><U73/><E47/><V123/><F19/><W41/><G41/><T33/><D33/><U46/><E46/><V12/><F123/><W109/><G109/><N who="0" m="41483" /><D44/><U40/><E40/><V38/><F38/><W14/><G14/><T114/><D39/><U68/><E84/><V74/><F74/><W105/><G128/><T37/><D37/><U26/><E26/><V64/><F64/><W7/><G7/><N who="0" m="3487" /><D114/><U67/><E67/><V54/><F101/><N who="3" m="62639" /><G135/><T55/><D55/><U57/><E68/><V63/><F63/><AGARI ba="0,0" hai="1,4,11,17,18,63,65,71" m="3487,41483" machi="63" ten="30,1000,0" yaku="14,1" doraHai="103" who="0" fromWho="2" sc="37,10,457,0,343,-10,163,0" /><INIT seed="3,0,0,2,4,52" ten="47,457,333,163" oya="3" hai0="39,56,102,98,53,79,31,67,89,61,51,105,72" hai1="8,33,14,38,58,116,85,12,28,123,19,62,3" hai2="34,96,135,37,9,76,23,88,54,118,71,40,10" hai3="84,128,48,17,77,125,134,82,115,119,1,6,86"/><W22/><G115/><T124/><D124/><U43/><E123/><V101/><F34/><W109/><G119/><T20/><D39/><U97/><E3/><V45/><F118/><W92/><G128/><T32/><D32/><U126/><E126/><V112/><F71/><W66/><G134/><T30/><D89/><U129/><E129/><V68/><F68/><W60/><G109/><T104/><D104/><U27/><E85/><V7/><F112/><W93/><G125/><T70/><D79/><U81/><E81/><V4/><F76/><W24/><G48/><T25/><REACH who="0" step="1"/><D72/><REACH who="0" ten="37,457,333,163" step="2"/><U21/><E38/><V91/><F37/><W18/><G86/><T108/><D108/><U107/><E107/><V69/><F135/><W113/><G113/><T13/><D13/><U44/><E97/><V57/><F96/><W74/><G74/><T117/><D117/><U78/><E78/><V94/><F91/><W121/><G121/><T130/><D130/><U47/><E116/><V64/><F88/><W11/><REACH who="3" step="1"/><G18/><AGARI ba="0,1" hai="18,20,25,30,31,51,53,56,61,67,70,98,102,105" machi="18" ten="30,7700,0" yaku="1,1,7,1,52,1,53,1" doraHai="52" doraHaiUra="15" who="0" fromWho="3" sc="37,87,457,0,333,0,163,-77" /><INIT seed="4,0,0,1,4,34" ten="124,457,333,86" oya="0" hai0="131,83,97,22,109,70,95,108,102,72,27,105,125" hai1="132,71,20,120,51,112,29,59,16,57,111,39,2" hai2="28,42,75,84,106,65,62,26,56,99,15,118,89" hai3="0,77,104,115,79,58,19,5,117,6,121,49,46"/><T128/><D70/><U86/><E39/><V80/><F118/><W67/><G104/><T30/><D125/><U91/><E71/><V32/><F75/><W90/><G115/><T8/><D8/><U126/><E111/><N who="0" m="42569" /><D95/><U134/><E120/><V47/><F15/><W116/><G121/><T127/><D127/><U41/><E29/><V123/><F123/><W103/><G103/><T85/><D72/><U87/><E126/><V114/><F114/><W100/><G100/><T119/><D119/><U135/><E41/><V81/><F99/><W24/><G117/><T25/><D25/><U21/><E112/><V23/><F32/><W35/><G24/><T9/><D9/><U53/><E59/><V88/><F106/><W7/><G35/><T93/><D93/><N who="1" m="54519" /><E87/><V18/><F81/><W3/><G116/><T52/><D52/><U17/><E21/><V129/><F129/><W40/><G67/><T68/><D68/><U110/><E110/><V96/><F28/><W122/><G122/><T31/><D30/><U133/><E133/><V98/><REACH who="2" step="1"/><F89/><AGARI ba="0,0" hai="22,27,31,83,85,89,97,102,105,128,131" m="42569" machi="89" ten="30,1500,0" yaku="10,1" doraHai="34" who="0" fromWho="2" sc="124,15,457,0,333,-15,86,0" /><INIT seed="4,1,0,0,0,34" ten="139,457,318,86" oya="0" hai0="70,124,105,9,29,30,12,111,6,52,35,25,58" hai1="18,130,0,31,73,48,27,40,21,46,11,86,56" hai2="44,42,47,128,74,39,98,66,59,26,69,49,5" hai3="119,114,95,14,126,99,100,118,62,22,82,110,87"/><T38/><D124/><U92/><E73/><V89/><F74/><W43/><G110/><T76/><D111/><U81/><E130/><V15/><F26/><W8/><G114/><T53/><D105/><U90/><E56/><V64/><F15/><W7/><G126/><T75/><D70/><U77/><E0/><V32/><F5/><W60/><G43/><T57/><D38/><U61/><E61/><N who="2" m="40143" /><F32/><W104/><G104/><T33/><D57/><U3/><E3/><V79/><F89/><W71/><G71/><T16/><D6/><U135/><E135/><V2/><F79/><W67/><G67/><T94/><D94/><U51/><E51/><V17/><F2/><W102/><G102/><T41/><D41/><U108/><E108/><V84/><F17/><W72/><G72/><T13/><D12/><N who="1" m="7455" /><E92/><V78/><F98/><W127/><G127/><T24/><D58/><U37/><E37/><V121/><F84/><W125/><G125/><T115/><D115/><U120/><E120/><V133/><F121/><W55/><G62/><T19/><D19/><U36/><E36/><V117/><F133/><W80/><G87/><T65/><D65/><U97/><E97/><V113/><F113/><W123/><G123/><T129/><D129/><U68/><E68/><V50/><F128/><W101/><G60/><T63/><D63/><U91/><AGARI ba="1,0" hai="21,27,31,40,46,48,77,81,86,90,91" m="7455" machi="91" ten="30,1100,0" yaku="8,1" doraHai="34" who="1" fromWho="1" sc="139,-6,457,14,318,-4,86,-4" /><INIT seed="5,0,0,1,3,80" ten="133,471,314,82" oya="1" hai0="131,78,128,83,116,72,8,81,102,73,87,67,68" hai1="82,132,36,23,4,94,92,101,52,119,58,79,41" hai2="12,97,108,127,75,29,135,7,10,115,106,130,107" hai3="44,26,109,38,122,105,61,129,46,59,11,15,74"/><U37/><E119/><V27/><F108/><W126/><G109/><T71/><D8/><U21/><E132/><V125/><F75/><N who="0" m="28746" /><D67/><U63/><E4/><V40/><F135/><W117/><G105/><T53/><D53/><U103/><E36/><V50/><F130/><N who="0" m="49706" /><D116/><U104/><E104/><V25/><F115/><W64/><G126/><N who="2" m="48137" /><F107/><W49/><G129/><T57/><D57/><U22/><E41/><V113/><F113/><W16/><G74/><N who="0" m="43223" /><D102/><U89/><E37/><V34/><F25/><W95/><G117/><T121/><D121/><U33/><E33/><V66/><F66/><W55/><G122/><T120/><D120/><U100/><E79/><AGARI ba="0,0" hai="68,71,79,83,87" m="43223,49706,28746" machi="79" ten="30,2000,0" yaku="19,1,52,1" doraHai="80" who="0" fromWho="1" sc="133,20,471,-20,314,0,82,0" /><INIT seed="6,0,0,2,5,84" ten="153,451,314,82" oya="2" hai0="65,42,101,24,121,25,108,129,9,44,66,1,3" hai1="57,2,96,60,35,77,92,59,49,118,89,113,29" hai2="5,94,93,20,134,99,55,37,127,30,133,12,53" hai3="79,91,38,64,58,104,43,109,8,18,34,75,32"/><V87/><F37/><W110/><G104/><T117/><D121/><U125/><E2/><V123/><F123/><W73/><G64/><T19/><D108/><U46/><E118/><V103/><F127/><W45/><G58/><T90/><D129/><U130/><E113/><V28/><F5/><W31/><G18/><T78/><D78/><U10/><E10/><V107/><F12/><W56/><G56/><T70/><D101/><U71/><E71/><V112/><F112/><W27/><G91/><T54/><D54/><N who="2" m="20490" /><F20/><W67/><G34/><T62/><D66/><U14/><E14/><V80/><F94/><W97/><G67/><T128/><D117/><U86/><E130/><V119/><F119/><W122/><G122/><T39/><D128/><U47/><E35/><V115/><F107/><W76/><G8/><T33/><D33/><U6/><E6/><V83/><F115/><W16/><G16/><T88/><D19/><U36/><E36/><V63/><F63/><W21/><G21/><T85/><D9/><U132/><E60/><V72/><F72/><W61/><G61/><T124/><D124/><U106/><E106/><V126/><F126/><W81/><G97/><T7/><D7/><U100/><E125/><V135/><F83/><AGARI ba="0,0" hai="27,31,32,38,43,45,73,75,76,79,81,83,109,110" machi="83" ten="40,5200,0" yaku="9,1,23,2" doraHai="84" who="3" fromWho="2" sc="153,0,451,0,314,-52,82,52" /><INIT seed="7,0,0,5,1,50" ten="153,451,262,134" oya="3" hai0="58,123,45,18,47,80,42,116,104,73,34,93,66" hai1="21,53,27,9,108,129,133,84,3,40,75,15,22" hai2="107,97,91,64,35,83,119,44,125,111,59,51,78" hai3="39,69,79,82,49,89,132,122,20,103,61,56,17"/><W113/><G122/><T114/><D123/><U131/><E75/><V19/><F35/><W0/><G39/><T81/><D116/><U10/><E3/><V86/><F119/><W14/><G0/><T130/><D104/><U101/><E101/><V25/><F111/><W109/><G109/><T77/><D34/><U71/><E71/><V90/><F125/><W124/><G124/><T5/><D130/><U88/><E40/><V43/><F97/><W70/><G103/><T74/><D114/><U48/><E133/><V2/><F107/><W60/><G113/><T96/><D5/><N who="1" m="3503" /><E10/><V117/><F2/><W128/><G128/><N who="1" m="49226" /><E27/><V72/><F72/><W120/><G132/><T46/><D42/><U28/><E28/><V54/><F117/><W118/><G120/><T6/><D74/><U135/><E135/><V68/><F68/><W36/><G118/><T126/><D73/><U11/><E11/><V112/><F112/><W29/><G70/><T99/><D126/><U37/><E37/><V41/><F41/><W110/><G36/><T1/><D1/><U33/><E33/><V87/><F43/><W121/><G121/><T38/><D38/><U13/><E13/><V31/><F31/><W65/><G110/><T52/><D6/><U92/><E108/><V12/><F25/><W62/><G29/><T94/><D18/><U115/><E115/><V7/><F7/><W8/><G8/><T134/><D134/><U102/><E102/><V105/><F105/><W95/><G69/><T100/><D100/><U26/><E26/><V4/><F4/><W24/><G24/><RYUUKYOKU ba="0,0" sc="153,-10,451,30,262,-10,134,-10" hai1="21,22,48,53,84,88,92" owari="143,-26.0,481,59.0,252,5.0,124,-38.0" /></mjloggm>