<mjloggm ver="2.3"><GO type="41" lobby="0"/><UN n0="%E3%81%BE%E3%81%95%EF%BC%97" n1="%E9%87%A3%E3%82%8A%E3%81%8A%E3%82%84%E3%81%98%EF%BC%B3%EF%BC%B4" n2="%6E%6F%74%67%69%67" n3="%E2%93%9D%53%75%70%68%78" dan="13,14,14,18" rate="1856.60,1876.02,1840.30,2124.48" sx="M,M,M,M"/><TAIKYOKU oya="0"/><INIT seed="0,0,0,3,5,120" ten="250,250,250,250" oya="0" hai0="23,113,90,11,25,99,105,76,95,82,31,42,19" hai1="79,123,1,74,6,121,24,15,103,132,65,59,41" hai2="27,7,77,49,118,38,18,69,119,68,87,117,30" hai3="57,8,52,13,97,131,128,89,3,26,96,17,114"/><T63/><D113/><U91/><E1/><V75/><F38/><W135/><G114/><T85/><D42/><U93/><E103/><V81/><F49/><W67/><G67/><T33/><D105/><U107/><E107/><V124/><F87/><W22/><G3/><T84/><D63/><U133/><E41/><V108/><F18/><W66/><G66/><T47/><D47/><U61/><E24/><V4/><F108/><W21/><G135/><N who="1" m="51786" /><E79/><V35/><F124/><W56/><G56/><T110/><D110/><U111/><E74/><V53/><REACH who="2" step="1"/><F53/><REACH who="2" ten="250,250,240,250" step="2"/><W129/><G129/><T40/><D40/><U116/><E111/><V70/><AGARI ba="0,1" hai="4,7,27,30,35,68,69,70,75,77,81,117,118,119" machi="70" ten="40,8000,1" yaku="1,1,2,1,0,1,12,1,53,0" doraHai="120" doraHaiUra="12" who="2" fromWho="2" sc="250,-40,250,-20,240,90,250,-20" /><INIT seed="1,0,0,3,2,19" ten="210,230,330,230" oya="1" hai0="65,36,114,9,39,125,25,85,6,98,31,111,18" hai1="77,63,93,35,87,50,3,81,103,12,101,120,21" hai2="57,2,134,8,78,27,66,73,24,116,47,64,16" hai3="95,109,30,53,34,105,54,69,106,113,33,38,72"/><U52/><E3/><V56/><F116/><W59/><G69/><T119/><D119/><U40/><E35/><V68/><F134/><W92/><G59/><T99/><D114/><U45/><E120/><V88/><F68/><W121/><G30/><T48/><D111/><U74/><E74/><V82/><F47/><W97/><G97/><T26/><D125/><U122/><E122/><V23/><F24/><W128/><G121/><T124/><D124/><U44/><E93/><V96/><F57/><W117/><G117/><T62/><D48/><U22/><E63/><V107/><F107/><W118/><G118/><T102/><D85/><U46/><E12/><V133/><F133/><W49/><G49/><T7/><D18/><U104/><E104/><V84/><F96/><W42/><G72/><T135/><D135/><U90/><E77/><V28/><F56/><W10/><G128/><T15/><D7/><U29/><E29/><V130/><F130/><W80/><G109/><T1/><D1/><U129/><E129/><V41/><F41/><W14/><G42/><T5/><D5/><U108/><E108/><V86/><F73/><W17/><G106/><N who="0" m="63831" /><D99/><U76/><E76/><V51/><F51/><W110/><G105/><T123/><D123/><U4/><E4/><V70/><F70/><W37/><G110/><T60/><D26/><U75/><E75/><V11/><F11/><W61/><G10/><T0/><D0/><U126/><E126/><V112/><F112/><W127/><G127/><T79/><D79/><U43/><E43/><V71/><F71/><W67/><G113/><RYUUKYOKU ba="0,0" sc="210,0,230,0,330,0,230,0" /><INIT seed="2,1,0,3,2,61" ten="210,230,330,230" oya="2" hai0="84,92,134,69,32,76,58,108,12,124,110,27,129" hai1="1,78,111,90,41,122,50,70,55,126,11,45,38" hai2="13,68,59,40,64,94,95,49,60,114,0,10,56" hai3="16,83,33,17,35,63,91,24,118,113,115,73,5"/><V116/><F116/><W75/><G5/><T104/><D104/><U3/><E111/><V130/><F0/><W119/><G63/><T103/><D69/><U47/><E78/><V71/><F130/><W100/><G100/><T67/><D129/><U133/><E3/><V81/><F114/><N who="3" m="43531" /><G91/><T26/><D124/><U29/><E29/><V125/><F125/><W65/><G83/><T101/><D134/><U18/><E133/><V85/><F71/><W23/><G65/><T31/><D101/><U89/><E122/><V98/><F68/><W30/><G75/><T2/><D103/><U93/><E70/><V87/><F87/><W77/><G77/><T131/><D67/><U99/><E126/><V15/><F98/><W62/><G62/><T97/><D84/><U48/><E38/><V36/><F36/><W107/><G73/><T121/><D76/><U135/><E135/><V22/><F22/><N who="3" m="15639" /><G107/><T123/><D97/><U51/><E51/><V117/><F117/><N who="3" m="44555" /><G17/><T44/><D131/><U6/><E18/><N who="2" m="8503" /><F15/><AGARI ba="1,0" hai="15,16,23,33,35" m="44555,15639,43531" machi="15" ten="30,7700,0" yaku="11,1,34,2,54,1" doraHai="61" who="3" fromWho="2" sc="210,0,230,0,330,-80,230,80" /><INIT seed="3,0,0,5,1,15" ten="210,230,250,310" oya="3" hai0="30,81,80,10,118,17,44,135,21,66,32,51,68" hai1="61,93,20,54,126,106,79,110,31,73,127,131,22" hai2="72,58,42,130,8,49,76,11,56,77,115,53,100" hai3="37,125,2,121,87,119,25,99,97,102,123,82,59"/><W98/><G2/><T7/><D118/><U120/><E106/><V84/><F115/><W14/><G37/><T85/><D135/><U94/><E120/><V103/><F130/><W23/><G119/><T64/><D30/><U62/><E131/><V128/><F128/><W74/><G74/><T12/><D32/><U4/><E4/><V90/><F72/><W50/><G125/><T86/><D86/><U111/><E79/><V132/><F132/><W113/><G113/><T116/><D116/><U57/><E73/><V34/><F34/><W0/><G0/><T26/><D68/><U133/><E133/><V24/><F24/><W69/><G69/><T45/><D45/><U112/><E112/><V96/><F103/><W78/><G14/><T107/><D107/><U60/><E31/><V122/><F122/><W27/><G27/><T104/><D104/><U19/><E22/><V5/><F11/><W1/><G1/><T41/><REACH who="0" step="1"/><D81/><REACH who="0" ten="200,230,250,310" step="2"/><U117/><E117/><V40/><F58/><W28/><G123/><T129/><D129/><U88/><E94/><V89/><F89/><AGARI ba="0,1" hai="7,10,12,17,21,26,41,44,51,64,66,80,85,89" machi="89" ten="30,7700,0" yaku="1,1,7,1,8,1,52,1,53,0" doraHai="15" doraHaiUra="95" who="0" fromWho="2" sc="200,87,230,0,250,-77,310,0" /><INIT seed="4,0,0,0,2,40" ten="287,230,173,310" oya="0" hai0="76,120,34,2,124,3,84,37,133,86,42,53,87" hai1="108,54,9,21,32,30,77,17,22,57,110,6,58" hai2="98,100,7,55,94,19,130,48,111,126,67,114,24" hai3="131,64,23,75,18,52,27,61,109,97,5,105,92"/><T88/><D120/><U26/><E77/><V95/><F114/><W20/><G109/><T49/><D34/><U33/><E58/><V71/><F111/><W14/><G105/><T82/><D133/><U66/><E66/><V43/><F130/><W80/><G131/><T38/><D124/><U89/><E89/><V134/><F134/><W115/><G115/><T60/><D60/><U70/><E70/><V68/><F126/><W128/><G75/><T28/><D28/><U106/><E106/><V90/><F7/><W51/><G80/><T8/><D87/><U78/><E78/><V62/><F71/><W81/><G81/><T73/><D73/><U4/><E4/><V96/><F43/><W45/><G128/><T25/><D25/><U135/><E135/><V44/><F24/><W1/><G1/><T107/><D107/><U79/><E79/><V112/><F112/><W102/><G5/><N who="0" m="1079" /><D3/><U99/><E99/><V113/><F113/><W132/><G132/><T127/><D42/><U118/><E118/><V35/><F19/><W65/><G61/><T10/><D10/><U56/><E56/><V91/><F35/><W121/><G121/><T117/><D117/><U74/><E74/><V101/><AGARI ba="0,0" hai="44,48,55,62,67,68,90,91,94,95,96,98,100,101" machi="101" ten="20,5200,0" yaku="0,1,7,1,9,1,52,1" doraHai="40" who="2" fromWho="2" sc="287,-26,230,-13,173,52,310,-13" /><INIT seed="5,0,0,0,1,53" ten="261,217,225,297" oya="1" hai0="121,0,112,7,97,75,124,44,27,49,42,43,3" hai1="45,134,82,77,78,81,101,58,79,87,113,1,71" hai2="10,52,86,55,25,19,63,26,32,83,23,123,41" hai3="21,122,116,6,5,66,24,33,69,74,89,15,36"/><U13/><E71/><V100/><F123/><W94/><G36/><T9/><D121/><U117/><E1/><V59/><F100/><W107/><G74/><T35/><D124/><U128/><E117/><V12/><F41/><W57/><G107/><T14/><D112/><U135/><E45/><V37/><F37/><W28/><G69/><T111/><D111/><U88/><E13/><V114/><F114/><W47/><G33/><T91/><D75/><U51/><E113/><V2/><F2/><W127/><G127/><T80/><D42/><U38/><E38/><V68/><F68/><W104/><G104/><T39/><D49/><U92/><E128/><V54/><F32/><W67/><G47/><T64/><D64/><U108/><E108/><V99/><F99/><W4/><G116/><T50/><D50/><U65/><E101/><V133/><F133/><N who="1" m="50697" /><E51/><V30/><REACH who="2" step="1"/><F25/><REACH who="2" ten="261,217,215,297" step="2"/><W103/><G103/><T132/><D27/><U22/><E79/><AGARI ba="0,1" hai="10,12,19,23,26,30,52,54,55,59,63,79,83,86" machi="79" ten="30,12000,2" yaku="1,1,2,1,7,1,8,1,52,1,54,1,53,1" doraHai="53" doraHaiUra="8" who="2" fromWho="1" sc="261,0,217,-120,215,130,297,0" /><INIT seed="6,0,0,1,5,102" ten="261,97,345,297" oya="2" hai0="93,60,35,53,17,110,22,21,78,99,29,115,46" hai1="0,43,62,111,79,118,63,7,64,98,82,101,104" hai2="74,15,90,65,129,18,68,45,27,105,24,131,55" hai3="96,94,81,49,32,19,34,3,6,5,80,54,31"/><V40/><F105/><W72/><G19/><T10/><D110/><U70/><E111/><V47/><F74/><W25/><G34/><T116/><D115/><U9/><E118/><V56/><F68/><W28/><G28/><T33/><D116/><U4/><E63/><V36/><F47/><W67/><G67/><T133/><D133/><U126/><E43/><V57/><F90/><W41/><G41/><T107/><D107/><U89/><E89/><V91/><F91/><W73/><G3/><T75/><D10/><U12/><E126/><V121/><F121/><W120/><G120/><T48/><D29/><U124/><E124/><V103/><F103/><W8/><G8/><T134/><D134/><U66/><E66/><V16/><F18/><W112/><G73/><T61/><D78/><U117/><E117/><V69/><F69/><W39/><G39/><T20/><D17/><U125/><E125/><V92/><F92/><W42/><G42/><T130/><D75/><U26/><E26/><V37/><F37/><W14/><G112/><T106/><D106/><U132/><E132/><V71/><F71/><W77/><G14/><T50/><D50/><U23/><E23/><N who="2" m="11679" /><F65/><W135/><G135/><T97/><D97/><U38/><E38/><V1/><F1/><W95/><G96/><T51/><D51/><U58/><E70/><V76/><F76/><W86/><G95/><T119/><D119/><U122/><E0/><V109/><F109/><W30/><G94/><T85/><D85/><N who="1" m="48351" /><E122/><V83/><F83/><W87/><G72/><T88/><D130/><N who="2" m="49674" /><F57/><N who="3" m="32975" /><G31/><T52/><D35/><RYUUKYOKU ba="0,0" sc="261,-30,97,10,345,10,297,10" hai1="4,7,9,12,58,62,64,98,101,104" hai2="24,27,36,40,45,55,56" hai3="5,6,25,30,32,77,80,81,86,87" /><INIT seed="6,1,0,4,5,63" ten="231,107,355,307" oya="2" hai0="23,24,114,47,103,78,126,83,111,96,39,134,8" hai1="14,120,30,18,43,21,97,32,15,86,62,9,49" hai2="82,42,59,20,64,16,33,85,95,77,19,41,90" hai3="55,73,121,45,109,22,72,81,125,25,10,50,51"/><V52/><F33/><W132/><G109/><T57/><D111/><U56/><E120/><V80/><F80/><W1/><G121/><T110/><D110/><U128/><E128/><V26/><F19/><W131/><G125/><T35/><D126/><U5/><E97/><N who="2" m="57591" /><F64/><W6/><G132/><T104/><D114/><U3/><E86/><V67/><F67/><W48/><G131/><T108/><D108/><U76/><E76/><V66/><F66/><W107/><G107/><T99/><D134/><U0/><E49/><AGARI ba="1,0" hai="16,20,26,41,42,49,52,59,77,82,85" m="57591" machi="49" ten="30,5800,0" yaku="8,1,54,2" doraHai="63" who="2" fromWho="1" sc="231,0,107,-61,355,61,307,0" /><INIT seed="6,2,0,0,5,39" ten="231,46,416,307" oya="2" hai0="79,48,115,36,114,13,38,49,27,125,126,86,116" hai1="75,106,130,32,31,12,18,55,57,95,62,47,100" hai2="7,46,94,26,112,84,22,19,93,69,131,14,52" hai3="60,76,5,9,8,2,90,101,98,43,134,110,74"/><V37/><F69/><W120/><G110/><T3/><D3/><U28/><E130/><V4/><F131/><W0/><G120/><T25/><D13/><U102/><E106/><V66/><F112/><N who="0" m="43050" /><D86/><U6/><E75/><V40/><F66/><W103/><G134/><T89/><D89/><U61/><E32/><V51/><F84/><W30/><G30/><T35/><D79/><U34/><E6/><V45/><F4/><W54/><G9/><T42/><D116/><U64/><E34/><V132/><F132/><W85/><G76/><T91/><D91/><U29/><E95/><V17/><F7/><W33/><G2/><T70/><D70/><U67/><E47/><V59/><REACH who="2" step="1"/><F45/><REACH who="2" ten="231,46,406,307" step="2"/><W15/><G85/><T121/><D121/><U135/><E135/><V96/><F96/><W68/><G98/><T99/><D99/><U41/><E64/><V23/><AGARI ba="2,1" hai="14,17,19,22,23,26,37,40,46,51,52,59,93,94" machi="23" ten="20,12000,1" yaku="1,1,0,1,7,1,52,1,54,1,53,0" doraHai="39" doraHaiUra="81" who="2" fromWho="2" sc="231,-42,46,-42,406,136,307,-42" /><INIT seed="6,3,0,3,3,120" ten="189,4,542,265" oya="2" hai0="38,66,83,91,57,42,72,16,113,121,94,55,47" hai1="69,71,49,19,132,76,126,21,70,115,11,78,60" hai2="82,106,54,56,35,31,90,12,77,110,59,32,98" hai3="43,36,88,84,93,8,123,7,58,102,4,97,117"/><V50/><F110/><W107/><G123/><T111/><D113/><U135/><E11/><V104/><F12/><W41/><G117/><T18/><D121/><U10/><E10/><V27/><F35/><W80/><G36/><T0/><D111/><U53/><E60/><V1/><F1/><W26/><G107/><T62/><D0/><U85/><E115/><V74/><REACH who="2" step="1"/><F59/><REACH who="2" ten="189,4,532,265" step="2"/><W28/><G58/><T65/><D57/><U29/><E126/><V101/><F101/><W112/><G112/><T5/><D65/><U96/><E29/><V9/><F9/><W39/><G7/><T23/><D66/><U24/><E96/><V129/><F129/><W6/><G6/><T17/><D5/><U133/><E85/><V99/><F99/><W34/><G39/><T25/><D38/><U114/><E114/><V37/><F37/><W3/><AGARI ba="3,1" hai="3,4,8,26,28,34,41,43,80,84,88,93,97,102" machi="3" ten="20,2700,0" yaku="0,1,7,1,54,1" doraHai="120" who="3" fromWho="3" sc="189,-10,4,-10,532,-16,265,46" owari="179,-22.0,-6,-51.0,516,62.0,311,11.0" /></mjloggm>