<mjloggm ver="2.3"><GO type="41" lobby="0"/><UN n0="%E3%82%8A%E3%82%87%E3%81%86%31%33%32%36" n1="%52%79%6F%74%61%2E%53%75" n2="%E2%93%9D%53%75%70%68%78" n3="%E3%83%94%E3%83%B3%E3%82%AF%E7%95%AA%E9%95%B7" dan="14,14,17,13" rate="1938.22,1902.98,2085.87,1935.90" sx="M,M,M,F"/><TAIKYOKU oya="0"/><INIT seed="0,0,0,2,4,28" ten="250,250,250,250" oya="0" hai0="4,119,35,93,135,34,23,95,100,125,57,101,68" hai1="72,114,18,11,13,98,59,112,88,89,103,2,106" hai2="26,51,66,80,42,113,129,81,60,128,130,33,54" hai3="124,133,97,104,41,111,118,8,82,102,75,48,36"/><T30/><D119/><U56/><E72/><V61/><F42/><W86/><G118/><T127/><D68/><U116/><E116/><V15/><F15/><W78/><G111/><T90/><D4/><U49/><E2/><V25/><F113/><N who="1" m="43625" /><E49/><V19/><F19/><W17/><G124/><N who="0" m="47691" /><D135/><U109/><E109/><V120/><F120/><W74/><G133/><T27/><D57/><AGARI ba="0,0" hai="11,13,18,56,57,59,88,89,98,103,106" m="43625" machi="57" ten="30,2000,0" yaku="11,1,54,1" doraHai="28" who="1" fromWho="0" sc="250,-20,250,20,250,0,250,0" /><INIT seed="1,0,0,4,4,80" ten="230,270,250,250" oya="1" hai0="22,75,30,50,15,46,66,29,132,1,12,37,9" hai1="104,101,8,10,38,49,60,42,79,33,77,63,100" hai2="82,3,56,129,61,32,115,131,134,7,122,36,128" hai3="86,31,2,125,94,26,59,109,90,17,20,25,24"/><U41/><E38/><V4/><F122/><W112/><G109/><T119/><D37/><U92/><E92/><V28/><F36/><W96/><G125/><T48/><D75/><U65/><E49/><V108/><F108/><W117/><G112/><T67/><D132/><U121/><E65/><V39/><F39/><W74/><G74/><T95/><D119/><U81/><E81/><V51/><F134/><W120/><G120/><T113/><D113/><U99/><E99/><V6/><F51/><W126/><G126/><T53/><D1/><U68/><E33/><V72/><F115/><W76/><G2/><T127/><D127/><U110/><E110/><V133/><F133/><W23/><G117/><T64/><D95/><U35/><E35/><V103/><F103/><W57/><G31/><T114/><D48/><U43/><E121/><V107/><F107/><W27/><G23/><T69/><D69/><U85/><E85/><V14/><F3/><W130/><G130/><T11/><D114/><U135/><E43/><V83/><F72/><W88/><G76/><T105/><D105/><U89/><E89/><V70/><F70/><W13/><N who="3" m="6144" /><DORA hai="124" /><W34/><REACH who="3" step="1"/><G34/><REACH who="3" ten="230,270,250,240" step="2"/><T5/><REACH who="0" step="1"/><D22/><REACH who="0" ten="220,270,250,240" step="2"/><U47/><E135/><V0/><F32/><W98/><G98/><T97/><D97/><U19/><E10/><N who="2" m="4447" /><F28/><W106/><G106/><T87/><D87/><U55/><E8/><N who="2" m="2119" /><F4/><AGARI ba="0,2" hai="4,5,9,11,12,15,29,30,46,50,53,64,66,67" machi="4" ten="40,5200,0" yaku="1,1,9,1,8,1,53,0" doraHai="80,124" doraHaiUra="18,111" who="0" fromWho="2" sc="220,72,270,0,250,-52,240,0" /><INIT seed="2,0,0,1,4,78" ten="292,270,198,240" oya="2" hai0="46,109,79,28,18,71,65,52,124,102,132,59,61" hai1="100,85,101,104,1,8,57,73,131,117,20,9,130" hai2="2,12,19,127,69,91,90,35,114,32,11,54,7" hai3="62,40,45,128,105,5,50,76,36,106,126,116,41"/><V135/><F114/><W31/><G116/><T87/><D109/><U112/><E112/><V4/><F69/><W63/><G31/><T123/><D123/><U25/><E117/><V67/><F67/><W29/><G29/><T72/><D72/><U120/><E73/><V14/><F54/><W93/><G128/><T119/><D119/><U0/><E120/><V99/><F99/><W82/><G126/><T84/><D124/><U80/><E57/><V3/><F127/><W129/><G129/><N who="1" m="49162" /><E8/><N who="2" m="2175" /><F91/><W21/><G21/><T115/><D28/><N who="1" m="17447" /><E9/><N who="2" m="2199" /><F90/><W66/><G36/><T121/><D115/><U125/><E125/><V17/><F135/><W60/><G40/><T133/><D121/><U39/><E39/><V81/><F81/><W22/><G22/><AGARI ba="0,0" hai="11,12,14,17,19,22,32,35" m="2199,2175" machi="22" ten="30,12000,1" yaku="35,5" doraHai="78" who="2" fromWho="3" sc="292,0,270,0,198,120,240,-120" /><INIT seed="2,1,0,2,4,53" ten="292,270,318,120" oya="2" hai0="65,108,66,13,32,99,29,80,39,113,25,83,69" hai1="72,18,126,34,26,46,79,1,118,85,49,104,61" hai2="96,45,74,94,111,55,131,8,11,30,44,135,23" hai3="73,59,20,90,114,43,17,14,128,5,22,4,127"/><V15/><F74/><W33/><G33/><T93/><D108/><U56/><E1/><V78/><F135/><W102/><G73/><T107/><D113/><U97/><E118/><V68/><F68/><W3/><G102/><T24/><D39/><U54/><E72/><V92/><F131/><W130/><G114/><T28/><D13/><U37/><E126/><V2/><F2/><W109/><G43/><T134/><D134/><U82/><E37/><V86/><F111/><W101/><G101/><T67/><D107/><U19/><E97/><V27/><F8/><W42/><G42/><T116/><D69/><U6/><E6/><V100/><F55/><W58/><G109/><T12/><D12/><U63/><E104/><V88/><REACH who="2" step="1"/><F78/><REACH who="2" ten="292,270,308,120" step="2"/><W38/><G3/><T84/><D116/><U98/><E79/><V7/><AGARI ba="1,1" hai="7,11,15,23,27,30,44,45,86,88,92,94,96,100" machi="7" ten="20,18000,2" yaku="1,1,2,1,0,1,7,1,8,1,54,1,53,0" doraHai="53" doraHaiUra="62" who="2" fromWho="2" sc="292,-61,270,-61,308,193,120,-61" /><INIT seed="2,2,0,0,3,64" ten="231,209,501,59" oya="2" hai0="124,52,48,108,44,123,110,50,55,21,2,57,115" hai1="80,101,116,27,10,47,71,3,34,122,119,66,87" hai2="131,126,43,120,65,76,78,46,39,100,9,95,105" hai3="81,98,133,89,111,90,94,103,102,31,83,107,128"/><V106/><F120/><W113/><G31/><T75/><D75/><U30/><E122/><V13/><F131/><W41/><G128/><T42/><D2/><U11/><E101/><V86/><F126/><W54/><G41/><T23/><D123/><U72/><E47/><V45/><F65/><W32/><G32/><T14/><D115/><U68/><E11/><V104/><F46/><W28/><G28/><T61/><D124/><U58/><E58/><V51/><F39/><W17/><G17/><T0/><D0/><U91/><E66/><V22/><F22/><W62/><G62/><T37/><D14/><U8/><E8/><V15/><F15/><W6/><G6/><T134/><D134/><U114/><E114/><V36/><F36/><W117/><G54/><N who="0" m="33975" /><D23/><U5/><REACH who="1" step="1"/><E72/><REACH who="1" ten="231,199,501,59" step="2"/><V19/><F100/><W12/><G113/><T67/><D67/><U112/><E112/><V118/><F9/><W26/><G103/><T82/><D21/><U88/><E88/><V18/><F45/><W53/><G89/><T7/><D82/><U96/><E96/><V63/><F105/><W69/><G90/><T35/><D7/><U56/><E56/><V16/><F106/><W127/><G81/><T29/><D35/><U1/><E1/><V38/><F104/><W60/><G83/><T25/><D37/><U99/><E99/><V130/><F38/><W109/><G98/><T59/><D42/><U73/><E73/><V40/><F43/><W85/><G107/><T129/><D129/><U132/><E132/><V77/><F130/><W24/><G133/><T125/><D125/><RYUUKYOKU ba="2,1" sc="231,15,199,15,501,-15,59,-15" hai0="25,29,44,48,50,52,55,59,108,110" hai1="3,5,10,27,30,34,68,71,80,87,91,116,119" /><INIT seed="3,3,1,1,4,72" ten="246,214,486,44" oya="3" hai0="2,32,76,65,94,134,20,41,4,71,117,16,5" hai1="135,12,92,52,10,91,15,108,129,64,59,132,36" hai2="70,58,88,11,101,67,19,8,60,31,78,47,56" hai3="119,26,68,111,125,42,6,28,63,109,131,85,133"/><W90/><G42/><T83/><D117/><U74/><E36/><V25/><F78/><W118/><G6/><T21/><D134/><N who="1" m="51243" /><E108/><N who="3" m="41546" /><G133/><T33/><D41/><U121/><E121/><V18/><F101/><W40/><G40/><T39/><D39/><U93/><E129/><V73/><F73/><W27/><G131/><T57/><D71/><U80/><E64/><V89/><F70/><W126/><G63/><T122/><D94/><N who="1" m="36459" /><E10/><V130/><F11/><W24/><G28/><T112/><D122/><U45/><E45/><V38/><F47/><W128/><G68/><T34/><D112/><U127/><E127/><N who="3" m="48650" /><G128/><T116/><D116/><U105/><E105/><V110/><F130/><W29/><G29/><T48/><D20/><U103/><E103/><V54/><F110/><W86/><G90/><T106/><D2/><U44/><E44/><V87/><F89/><W113/><G113/><T124/><D124/><U62/><E91/><V55/><F38/><W96/><G119/><T7/><D65/><U84/><E15/><V22/><F67/><W82/><G118/><T95/><D57/><U35/><E12/><V0/><F58/><W37/><G37/><T9/><D48/><U120/><E35/><V81/><F54/><W79/><G96/><T114/><D32/><U102/><E62/><V66/><F66/><W51/><G51/><T43/><D33/><U3/><E59/><V46/><F46/><W107/><G107/><T14/><D34/><U75/><E3/><V69/><F69/><W100/><G100/><T1/><D43/><U61/><E102/><V123/><F123/><RYUUKYOKU ba="3,1" sc="246,-15,214,-15,486,15,44,15" hai2="0,8,18,19,22,25,31,55,56,60,81,87,88" hai3="24,26,27,79,82,85,86" /><INIT seed="3,4,1,2,3,65" ten="231,199,501,59" oya="3" hai0="90,110,87,17,31,80,98,38,25,33,123,128,97" hai1="45,82,92,44,41,74,115,11,60,119,114,120,35" hai2="42,111,106,113,12,105,64,27,0,101,117,70,81" hai3="9,131,20,102,122,46,94,24,16,118,76,127,5"/><W75/><G122/><T39/><D110/><U133/><E120/><V135/><F12/><N who="3" m="5167" /><G118/><T121/><D128/><U130/><E35/><V79/><F0/><W7/><G75/><T30/><D30/><U112/><E119/><V93/><F135/><W22/><G131/><T58/><D123/><U99/><E130/><V107/><F113/><W62/><G127/><T50/><D121/><U8/><E133/><V26/><F42/><W83/><G7/><T77/><D17/><U3/><E45/><V34/><F111/><W72/><G72/><T36/><D50/><U116/><E60/><V56/><F34/><W10/><G46/><T109/><D58/><U129/><E129/><V66/><F56/><W91/><G62/><T96/><REACH who="0" step="1"/><D109/><REACH who="0" ten="221,199,501,59" step="2"/><U100/><E116/><V84/><F117/><W18/><G76/><AGARI ba="4,2" hai="25,31,33,36,38,39,76,77,80,87,90,96,97,98" machi="76" ten="50,3200,0" yaku="1,1,2,1,53,0" doraHai="65" doraHaiUra="1" who="0" fromWho="3" sc="221,64,199,0,501,0,59,-44" /><INIT seed="4,0,0,0,2,98" ten="285,199,501,15" oya="0" hai0="120,20,37,51,131,36,54,13,76,2,43,107,84" hai1="14,110,49,91,115,39,8,0,89,52,34,47,99" hai2="6,100,85,45,32,9,18,1,53,94,3,16,116" hai3="112,35,22,33,68,7,4,27,105,103,61,65,74"/><T17/><D120/><U128/><E110/><V118/><F32/><W21/><G112/><T48/><D131/><U127/><E128/><V87/><F1/><W71/><G74/><T55/><D107/><U57/><E127/><V19/><F53/><W88/><G35/><T62/><D2/><U10/><E34/><V78/><F45/><W70/><G22/><T12/><D62/><U31/><E31/><V101/><F78/><W80/><G33/><T66/><D66/><U90/><E115/><V46/><F46/><W93/><G105/><T67/><D67/><U77/><E77/><V82/><F94/><W119/><G119/><N who="2" m="45609" /><F82/><W122/><G122/><T42/><D76/><U58/><E0/><V30/><F30/><W129/><G129/><T86/><D20/><U121/><E121/><V113/><F113/><W50/><G50/><T25/><D17/><U59/><E39/><V83/><F83/><W15/><G80/><T60/><D60/><U28/><E28/><V109/><F109/><W24/><G103/><AGARI ba="0,0" hai="3,6,9,16,18,19,85,87,100,101,103" m="45609" machi="103" ten="30,8000,1" yaku="12,1,52,3,54,1" doraHai="98" who="2" fromWho="3" sc="285,0,199,0,501,80,15,-80" owari="285,9.0,199,-20.0,581,68.0,-65,-57.0" /></mjloggm>