<mjloggm ver="2.3"><GO type="41" lobby="0"/><UN n0="%E3%82%B1%E3%83%B3%E3%83%84" n1="%E2%93%9D%53%75%70%68%78" n2="%57%61%72%64%6E%61" n3="%E3%81%84%E3%83%BC%E3%81%A1%E3%82%83%E3%82%93%EF%BC%90%EF%BC%99" dan="13,18,15,13" rate="1903.62,2151.78,2051.24,1878.52" sx="M,M,M,M"/><TAIKYOKU oya="0"/><INIT seed="0,0,0,4,4,30" ten="250,250,250,250" oya="0" hai0="64,55,33,80,12,73,22,6,38,9,42,126,32" hai1="26,14,94,63,105,36,43,112,127,2,121,5,13" hai2="29,120,65,72,68,79,57,81,34,48,46,104,101" hai3="91,89,1,41,97,56,66,27,83,28,8,88,21"/><T125/><D64/><U92/><E121/><V82/><F120/><W40/><G1/><T67/><D67/><U90/><E105/><V39/><F82/><W122/><G122/><T70/><D70/><U87/><E127/><N who="0" m="48649" /><D55/><U75/><E112/><V84/><F84/><W128/><G128/><T77/><D22/><U96/><E75/><V10/><F10/><W54/><G66/><T100/><D100/><U15/><E36/><V93/><F93/><W119/><G119/><T106/><D106/><U47/><E63/><N who="2" m="39999" /><F57/><W113/><G113/><T99/><D99/><U85/><E94/><V17/><F48/><W129/><G129/><T135/><D135/><U132/><E132/><V131/><F131/><W53/><G83/><T95/><D95/><U20/><E96/><N who="2" m="61479" /><F17/><W44/><G97/><T37/><D37/><U59/><E59/><V86/><F86/><W58/><G8/><T116/><D116/><U114/><E87/><V111/><F39/><W25/><G56/><T62/><D62/><U49/><E114/><V74/><F46/><AGARI ba="0,0" hai="6,9,12,32,33,38,42,46,73,77,80" m="48649" machi="46" ten="30,5800,0" yaku="18,1,52,2" doraHai="30" who="0" fromWho="2" sc="250,58,250,0,250,-58,250,0" /><INIT seed="0,1,0,3,3,92" ten="308,250,192,250" oya="0" hai0="83,70,90,4,17,126,118,75,110,65,5,18,3" hai1="63,91,128,112,133,54,62,88,26,13,41,130,81" hai2="25,59,16,40,123,47,102,9,36,51,27,57,135" hai3="7,61,6,49,89,96,67,76,33,117,100,2,77"/><T21/><D118/><U84/><E41/><V82/><F123/><W119/><G33/><T30/><D126/><U115/><E13/><V94/><F135/><W95/><G49/><T42/><D30/><U131/><E133/><V108/><F108/><W97/><G2/><T121/><D121/><U46/><E26/><V71/><F71/><W48/><G48/><T111/><D42/><U31/><E31/><V68/><F68/><W101/><G61/><N who="1" m="23050" /><E91/><V39/><F39/><W56/><G56/><N who="2" m="21577" /><F36/><W109/><G67/><T11/><D65/><U122/><E122/><V98/><F82/><W105/><G109/><N who="0" m="41483" /><D70/><U132/><E132/><V129/><F129/><W120/><G120/><T66/><D66/><U79/><E54/><V8/><F27/><W127/><G127/><T78/><D5/><U103/><E46/><V72/><F72/><W34/><G34/><T32/><D32/><U86/><E103/><V43/><F40/><W87/><G7/><T29/><D90/><U116/><E116/><N who="3" m="44618" /><G6/><T58/><D58/><U85/><E88/><V44/><F47/><W80/><AGARI ba="1,0" hai="76,77,80,87,89,95,96,97,100,101,105" m="44618" machi="80" ten="30,7900,0" yaku="34,2,52,2" doraHai="92" who="3" fromWho="3" sc="308,-40,250,-21,192,-21,250,82" /><INIT seed="1,0,0,0,0,124" ten="268,229,171,332" oya="1" hai0="117,24,80,73,107,40,21,66,26,95,122,96,89" hai1="11,5,8,61,1,45,30,34,106,42,84,18,33" hai2="72,104,90,100,48,127,98,58,4,111,36,28,7" hai3="13,55,109,31,56,3,15,6,43,27,53,130,78"/><U121/><E106/><V68/><F72/><W69/><G69/><T125/><D117/><U93/><E121/><V51/><F68/><W101/><G109/><T99/><D125/><U115/><E115/><V120/><F111/><W92/><G3/><T88/><D40/><U35/><E61/><V77/><F120/><W39/><G39/><T70/><D26/><U119/><E119/><V82/><F36/><W108/><G108/><T123/><D66/><U62/><E62/><V32/><F90/><W75/><G43/><T103/><D70/><U102/><E30/><V97/><F98/><W59/><G75/><T86/><D21/><U2/><E18/><V47/><F58/><W16/><G78/><N who="0" m="44111" /><D24/><U63/><E63/><V52/><F28/><W50/><G6/><T118/><D118/><U71/><E71/><V37/><F37/><W85/><G130/><T91/><D91/><U116/><E116/><V22/><F32/><W60/><G31/><T64/><D64/><U9/><E5/><V76/><F127/><W44/><G44/><T17/><D17/><U25/><E25/><V67/><F76/><W23/><G85/><T134/><D134/><U105/><E84/><V133/><F67/><W74/><G74/><T135/><D135/><U132/><E132/><V128/><F133/><W38/><G38/><T126/><D126/><U0/><E42/><V10/><F51/><W14/><G27/><T131/><D131/><U129/><E129/><V49/><F128/><W94/><G101/><T41/><D41/><U81/><E35/><V29/><F49/><W113/><G113/><RYUUKYOKU ba="0,0" sc="268,15,229,-15,171,-15,332,15" hai0="86,88,89,95,96,99,103,107,122,123" hai3="13,14,15,16,23,50,53,55,56,59,60,92,94" /><INIT seed="2,1,0,1,1,127" ten="283,214,156,347" oya="2" hai0="37,114,5,2,14,119,121,41,85,56,87,27,31" hai1="8,115,57,23,32,51,125,9,71,65,120,34,25" hai2="49,29,124,135,132,0,75,98,40,77,70,110,88" hai3="20,64,38,103,94,7,108,116,109,54,128,1,30"/><V66/><F0/><W26/><G116/><T90/><D121/><U48/><E71/><V17/><F124/><W59/><G38/><T82/><D2/><U13/><E125/><V61/><F29/><W69/><G69/><T126/><D114/><U12/><E65/><V36/><F110/><W24/><G128/><T68/><D68/><U39/><E39/><V33/><F33/><W129/><G129/><T83/><D126/><U123/><E57/><V47/><F77/><W133/><G133/><N who="2" m="51273" /><F75/><W3/><G24/><T118/><D56/><U46/><E25/><V22/><F22/><W50/><G64/><T74/><D74/><U131/><E23/><V80/><F17/><W16/><G30/><T117/><D41/><U79/><E79/><V91/><F80/><W11/><REACH who="3" step="1"/><G3/><REACH who="3" ten="283,214,156,337" step="2"/><T18/><D37/><U28/><E28/><V101/><F36/><W6/><G6/><T89/><D5/><U112/><E46/><V100/><F100/><W58/><G58/><T134/><D134/><U10/><E10/><V45/><F47/><W35/><G35/><T19/><REACH who="0" step="1"/><D14/><REACH who="0" ten="273,214,156,337" step="2"/><U81/><E131/><V97/><F70/><W106/><G106/><T73/><D73/><U63/><E115/><V102/><F40/><W67/><G67/><T130/><D130/><U60/><E112/><V96/><F66/><W104/><G104/><T107/><D107/><U44/><E44/><V62/><F102/><W52/><G52/><T72/><D72/><U105/><E105/><V86/><F101/><W78/><G78/><T122/><D122/><U4/><E4/><V113/><F113/><RYUUKYOKU ba="1,2" sc="273,10,214,10,156,-30,337,10" hai0="18,19,27,31,82,83,85,87,89,90,117,118,119" hai1="8,9,12,13,32,34,48,51,60,63,81,120,123" hai3="1,7,11,16,20,26,50,54,59,94,103,108,109" /><INIT seed="3,2,2,1,3,97" ten="283,224,126,347" oya="3" hai0="64,118,2,65,56,20,54,90,85,112,83,89,132" hai1="34,92,16,14,61,91,17,120,75,129,37,23,53" hai2="48,62,45,35,126,3,82,101,30,124,60,24,58" hai3="38,99,113,115,100,36,127,67,102,105,29,10,46"/><W28/><G127/><T41/><D118/><U39/><E34/><V78/><F3/><W44/><G10/><T57/><D2/><U50/><E75/><V131/><F131/><W121/><G67/><T81/><D132/><U77/><E77/><V73/><F101/><W109/><G99/><T4/><D4/><U66/><E120/><V6/><F6/><W114/><G105/><T15/><D41/><U63/><E129/><V110/><F110/><W12/><G12/><T31/><D112/><U104/><E104/><V107/><F107/><W135/><G115/><T18/><D31/><U72/><E72/><V13/><F13/><W21/><G21/><T96/><D57/><N who="1" m="32951" /><E17/><V26/><F24/><W134/><G109/><T116/><D116/><U8/><E8/><V19/><F19/><W71/><G71/><T43/><D43/><U87/><E63/><V52/><REACH who="2" step="1"/><F62/><REACH who="2" ten="283,224,116,347" step="2"/><W94/><G94/><N who="0" m="56399" /><D81/><U69/><AGARI ba="2,3" hai="14,16,23,37,39,61,66,69,87,91,92" m="32951" machi="69" ten="30,2000,0" yaku="25,1,54,1" doraHai="97" who="1" fromWho="1" sc="283,-7,224,56,116,-7,347,-12" /><INIT seed="4,0,0,5,2,78" ten="276,280,109,335" oya="0" hai0="7,28,70,47,124,29,126,26,19,90,73,105,91" hai1="43,134,111,59,69,55,88,93,9,25,119,97,8" hai2="67,121,6,74,95,72,65,87,106,56,128,33,10" hai3="130,94,39,84,40,129,14,113,71,133,108,17,15"/><T41/><D105/><U4/><E111/><V75/><F121/><W12/><G108/><T54/><D70/><U117/><E69/><V24/><F106/><W51/><G71/><T13/><D73/><U110/><E110/><V30/><F128/><N who="3" m="49259" /><G39/><T57/><D7/><U92/><E134/><V31/><F31/><W66/><G66/><T22/><D29/><U112/><E43/><V68/><F68/><W35/><G35/><T48/><D124/><U85/><E112/><V80/><F95/><W96/><G84/><T53/><D126/><U63/><E25/><V103/><F103/><W3/><G3/><T101/><D101/><U86/><E9/><V132/><F56/><W118/><G118/><T5/><D5/><U81/><E86/><V36/><F36/><W109/><G109/><T127/><D127/><U62/><E62/><V123/><F123/><W50/><G113/><T89/><REACH who="0" step="1"/><D57/><REACH who="0" ten="266,280,109,335" step="2"/><U64/><E119/><V1/><REACH who="2" step="1"/><F132/><REACH who="2" ten="266,280,99,335" step="2"/><W37/><G133/><T99/><D99/><U115/><E97/><V0/><F0/><W107/><G107/><T45/><D45/><U98/><E98/><V11/><F11/><AGARI ba="0,2" hai="11,13,19,22,26,28,41,47,48,53,54,89,90,91" machi="11" ten="40,3900,0" yaku="1,1,8,1,53,0" doraHai="78" doraHaiUra="79" who="0" fromWho="2" sc="266,59,280,0,99,-39,335,0" /><INIT seed="4,1,0,3,1,13" ten="325,280,60,335" oya="0" hai0="111,84,21,119,24,123,48,104,91,103,53,1,35" hai1="6,17,131,130,72,69,15,10,101,68,93,61,42" hai2="114,55,9,16,37,22,124,67,31,96,128,46,94" hai3="64,76,98,133,58,108,122,39,20,56,49,77,73"/><T32/><D119/><U115/><E72/><V47/><F124/><W81/><G133/><T41/><D123/><U92/><E42/><V18/><F128/><N who="1" m="49193" /><E115/><V74/><F74/><W43/><G39/><T8/><D41/><U116/><E116/><V23/><F37/><W86/><G108/><T29/><D111/><U117/><E117/><V112/><F67/><W135/><G135/><T107/><D107/><U126/><E126/><V19/><F9/><W102/><G76/><T14/><D1/><N who="1" m="335" /><E101/><V113/><F31/><W100/><G73/><T97/><D53/><U120/><E120/><V83/><F83/><W3/><G3/><T127/><D48/><U99/><E61/><V71/><F55/><W27/><G100/><T0/><D0/><U90/><E93/><V11/><F11/><AGARI ba="1,0" hai="11,15,17,68,69,90,92,99" m="335,49193" machi="11" ten="30,2000,0" yaku="19,1,52,1" doraHai="13" who="1" fromWho="2" sc="325,0,280,23,60,-23,335,0" /><INIT seed="5,0,0,3,0,94" ten="325,303,37,335" oya="1" hai0="40,71,1,41,103,121,52,80,86,133,117,35,111" hai1="42,65,108,24,101,53,64,83,129,77,48,25,4" hai2="15,102,118,6,51,60,23,85,93,134,66,30,11" hai3="130,125,128,81,18,79,57,124,56,34,55,76,29"/><U91/><E129/><N who="3" m="49770" /><G18/><T70/><D117/><U26/><E108/><V75/><F118/><W7/><G7/><T92/><D111/><U54/><E101/><V28/><F75/><W37/><G37/><T95/><D35/><U99/><E4/><V32/><F32/><W69/><G69/><T3/><D133/><U104/><E42/><V120/><F134/><W115/><G115/><T116/><D116/><U5/><E5/><V0/><F120/><W109/><G109/><T14/><D14/><U62/><E62/><V46/><F23/><W114/><G114/><T131/><D131/><U98/><E104/><V127/><F0/><W58/><G55/><N who="1" m="21002" /><E77/><N who="3" m="29770" /><G81/><T132/><D52/><U12/><E48/><V27/><F51/><W113/><G113/><T2/><D132/><U59/><E12/><V33/><F15/><W38/><G38/><T17/><D1/><U73/><E73/><V88/><F46/><W63/><G63/><T22/><D103/><U82/><E59/><V87/><F102/><W106/><G106/><T90/><D3/><U16/><E16/><V74/><F60/><W10/><G10/><T13/><D2/><U31/><E31/><V89/><F30/><W110/><G110/><T135/><D135/><U50/><E50/><V43/><F43/><W8/><G8/><T39/><D41/><U9/><E9/><V19/><F6/><W105/><G105/><T107/><D107/><U78/><E78/><V21/><F11/><W36/><G36/><T100/><D39/><U112/><E112/><V45/><F19/><W61/><G61/><T67/><D17/><RYUUKYOKU ba="0,0" sc="325,-10,303,-10,37,-10,335,30" hai3="29,34,56,57,58,124,125" /><INIT seed="6,1,0,0,4,31" ten="315,293,27,365" oya="2" hai0="83,135,66,124,1,16,93,99,86,134,56,94,76" hai1="65,73,110,78,108,63,90,33,61,20,5,36,109" hai2="80,77,60,70,54,43,13,91,0,112,32,133,130" hai3="92,114,131,111,18,68,46,27,41,9,26,4,119"/><V58/><F0/><W22/><G68/><T79/><D1/><U25/><E36/><V39/><F133/><W121/><G131/><T120/><D120/><U29/><E5/><V53/><F130/><W98/><G111/><T97/><D124/><U103/><E90/><V117/><F117/><W72/><G72/><T38/><D38/><U37/><E37/><V126/><F126/><W101/><G114/><T15/><D79/><U35/><E103/><V45/><F112/><W87/><G87/><T12/><D12/><U88/><E88/><V95/><F32/><W49/><G121/><T19/><D19/><U48/><E48/><V2/><F2/><W62/><G62/><T69/><D69/><U55/><E55/><V85/><F70/><W74/><G74/><T128/><D128/><U115/><E115/><V14/><REACH who="2" step="1"/><F53/><REACH who="2" ten="315,293,17,365" step="2"/><W75/><G119/><T104/><D135/><U71/><REACH who="1" step="1"/><E63/><REACH who="1" ten="315,283,17,365" step="2"/><V127/><F127/><W11/><G4/><T21/><D134/><U52/><E52/><V24/><F24/><W44/><G27/><T7/><D66/><U105/><E105/><V106/><F106/><W17/><G41/><T51/><D104/><U82/><AGARI ba="1,2" hai="20,25,29,33,35,61,65,71,73,78,82,108,109,110" machi="82" ten="40,8000,1" yaku="1,1,0,1,52,2,53,0" doraHai="31" doraHaiUra="10" who="1" fromWho="1" sc="315,-21,283,103,17,-41,365,-21" owari="294,-11.0,386,49.0,-24,-52.0,344,14.0" /></mjloggm>