<mjloggm ver="2.3"><GO type="41" lobby="0"/><UN n0="%E7%99%BD%E7%99%BA%E4%B8%AD%E3%81%AE%E3%81%BF" n1="%6C%69%73%7A%74%31%37" n2="%6E%6D%75%6E%76%67" n3="%E2%93%9D%53%75%70%68%78" dan="13,15,13,17" rate="1856.34,2026.01,1846.44,2044.95" sx="M,M,M,M"/><TAIKYOKU oya="0"/><INIT seed="0,0,0,0,5,121" ten="250,250,250,250" oya="0" hai0="114,100,41,122,69,116,24,102,113,133,49,132,40" hai1="130,28,52,108,35,6,96,65,80,106,124,75,111" hai2="129,38,74,54,1,2,67,25,16,20,134,4,61" hai3="71,31,127,87,83,45,12,131,135,85,123,10,59"/><T44/><D122/><U101/><E65/><V3/><F74/><W105/><G105/><T27/><D116/><U79/><E130/><V125/><F38/><W77/><G135/><T73/><D73/><U26/><E124/><V86/><F134/><N who="0" m="51818" /><D69/><U63/><REACH who="1" step="1"/><E6/><REACH who="1" ten="250,240,250,250" step="2"/><V72/><F125/><W37/><G127/><T34/><D34/><U78/><E78/><V9/><F129/><W119/><G131/><T46/><D113/><U120/><E120/><V23/><F72/><W21/><G77/><T43/><D114/><U91/><E91/><V98/><F67/><W90/><G90/><T109/><D109/><U51/><E51/><V84/><F98/><W22/><G123/><T13/><D49/><U88/><E88/><V7/><F4/><W112/><G112/><T30/><D102/><U55/><E55/><V48/><F61/><W53/><G53/><T47/><D100/><U42/><E42/><V82/><F86/><W68/><G87/><T64/><D64/><U126/><E126/><V57/><REACH who="2" step="1"/><F23/><REACH who="2" ten="250,240,240,250" step="2"/><W17/><G22/><T117/><D117/><U60/><E60/><V99/><F99/><W14/><G21/><T18/><D30/><U5/><E5/><V50/><F50/><W33/><G31/><T0/><D0/><U58/><AGARI ba="0,2" hai="26,28,35,52,58,63,75,79,80,96,101,106,108,111" machi="58" ten="30,12000,2" yaku="1,1,0,1,52,2,54,1,53,1" doraHai="121" doraHaiUra="97" who="1" fromWho="1" sc="250,-60,240,140,240,-30,250,-30" /><INIT seed="1,0,0,2,3,17" ten="190,380,210,220" oya="1" hai0="24,41,67,75,44,11,10,29,88,89,128,19,22" hai1="14,50,58,130,105,65,91,68,48,3,4,2,112" hai2="38,129,45,92,13,59,54,0,30,108,125,114,7" hai3="100,90,53,97,40,119,46,120,26,102,86,43,57"/><U96/><E112/><V117/><F117/><W16/><G120/><T111/><D111/><U9/><E130/><V116/><F116/><W132/><G132/><T62/><D75/><U23/><E68/><V93/><F129/><W47/><G119/><T99/><D128/><U123/><E123/><V12/><F114/><W51/><G97/><T122/><D122/><U6/><E50/><V81/><F108/><W113/><G113/><T109/><D109/><U73/><E73/><V110/><F110/><W64/><G64/><T36/><D29/><U84/><E6/><V70/><F70/><W126/><G126/><T37/><D37/><U82/><E105/><V52/><F125/><W103/><G43/><T33/><D33/><U115/><E96/><V61/><F0/><W135/><G40/><T5/><D11/><U98/><E98/><V34/><F34/><W104/><G135/><T25/><D25/><U56/><E56/><V60/><F81/><N who="3" m="49487" /><G104/><T107/><D99/><U85/><E85/><V63/><F30/><W72/><G72/><T66/><D67/><U106/><E106/><V131/><F131/><W35/><G35/><T118/><D107/><U134/><E134/><V127/><F127/><W83/><G83/><T133/><D133/><U49/><E3/><V31/><F31/><W79/><G79/><T87/><D87/><U1/><E1/><V124/><F124/><W69/><G69/><N who="0" m="42199" /><D118/><U15/><E2/><V78/><F78/><W8/><G8/><T20/><D10/><U42/><E115/><V21/><F38/><W94/><G94/><T101/><D36/><RYUUKYOKU ba="0,0" sc="190,-10,380,-10,210,-10,220,30" hai3="16,26,46,47,51,53,57,100,102,103" /><INIT seed="2,1,0,1,4,17" ten="180,370,200,250" oya="2" hai0="101,109,104,117,64,93,129,57,19,106,4,10,91" hai1="133,30,58,92,38,48,41,15,62,7,108,110,120" hai2="34,39,115,50,100,65,86,72,131,14,24,54,85" hai3="73,107,119,69,71,90,22,16,25,46,88,66,56"/><V63/><F39/><W52/><G119/><T114/><D114/><U83/><E38/><V94/><F115/><W5/><G107/><T103/><D109/><N who="1" m="42091" /><E30/><V6/><F131/><W125/><G73/><T36/><D36/><U42/><E48/><V122/><F122/><W97/><G125/><T98/><D129/><U80/><E92/><V89/><F72/><W132/><G132/><T28/><D28/><U12/><E133/><V45/><F34/><W124/><G124/><T2/><D117/><U61/><E61/><V79/><F100/><W47/><G5/><T8/><D106/><U35/><E15/><V130/><F130/><W37/><G66/><T95/><D95/><U123/><E35/><V9/><F24/><W0/><G0/><T118/><D104/><U43/><E12/><V111/><F111/><W32/><G32/><T127/><D127/><U76/><E7/><V87/><REACH who="2" step="1"/><F79/><REACH who="2" ten="180,370,190,250" step="2"/><W59/><G37/><T31/><D103/><U44/><E76/><V135/><F135/><W75/><G75/><T99/><D118/><U126/><E126/><V33/><F33/><W121/><G121/><T68/><D101/><U67/><E123/><V26/><F26/><W20/><G25/><T13/><D31/><U116/><E120/><V40/><F40/><W70/><G90/><T23/><D91/><U53/><E116/><V60/><F60/><W18/><G88/><T82/><D2/><U49/><AGARI ba="1,1" hai="41,42,43,44,49,53,58,62,67,80,83" m="42091" machi="49" ten="40,1500,0" yaku="14,1" doraHai="17" who="1" fromWho="1" sc="180,-5,370,28,190,-8,250,-5" /><INIT seed="3,0,0,2,2,68" ten="175,398,182,245" oya="3" hai0="108,13,36,12,89,51,126,107,24,71,133,41,75" hai1="112,33,109,30,120,66,113,76,17,7,28,45,130" hai2="93,134,11,103,52,101,123,135,15,122,46,9,116" hai3="87,35,88,78,47,129,53,55,29,60,63,21,58"/><W127/><G35/><T5/><D108/><U73/><E120/><N who="2" m="46123" /><F116/><W102/><G129/><T65/><D107/><U57/><E109/><V56/><F46/><W48/><G127/><T64/><D133/><N who="2" m="50698" /><F93/><W100/><G78/><T39/><D75/><U132/><E45/><V97/><F97/><W115/><G115/><T3/><D126/><U54/><E73/><V80/><F80/><W95/><REACH who="3" step="1"/><G63/><REACH who="3" ten="175,398,182,235" step="2"/><T114/><D114/><U49/><E130/><V19/><F9/><W86/><G86/><T16/><D71/><U67/><E113/><V62/><AGARI ba="0,1" hai="11,15,19,52,56,62,101,103" m="50698,46123" machi="62" ten="30,4000,0" yaku="13,1,20,1,54,1" doraHai="68" who="2" fromWho="2" sc="175,-10,398,-10,182,50,235,-20" /><INIT seed="4,0,0,5,0,18" ten="165,388,232,215" oya="0" hai0="130,96,41,114,122,88,71,83,35,81,132,102,64" hai1="19,65,55,77,11,54,99,127,49,16,43,26,31" hai2="61,5,6,116,110,45,89,85,79,24,129,0,94" hai3="76,75,33,100,117,22,39,121,63,69,4,133,105"/><T57/><D122/><U107/><E127/><V23/><F110/><W118/><G33/><T101/><D71/><U98/><E65/><V91/><F129/><W109/><G39/><T60/><D35/><U95/><E107/><V51/><F116/><W80/><G4/><T42/><D130/><U56/><E43/><N who="0" m="16393" /><D132/><U128/><E128/><V46/><F79/><W12/><G109/><T38/><D38/><U21/><E77/><V47/><F0/><W84/><G133/><T10/><D10/><U103/><E11/><V74/><F74/><W108/><G108/><T124/><D124/><U9/><E9/><V104/><F104/><W1/><G1/><T25/><D114/><U123/><E123/><V58/><F91/><W87/><G121/><T90/><D25/><U70/><E70/><V15/><F51/><W37/><G37/><T111/><D111/><U92/><E55/><N who="2" m="34015" /><F15/><W120/><G120/><T3/><D3/><U113/><E113/><V32/><F32/><W62/><G118/><T30/><D30/><AGARI ba="0,0" hai="5,6,23,24,30,45,46,47,85,89,94" m="34015" machi="30" ten="30,2000,0" yaku="8,1,52,1" doraHai="18" who="2" fromWho="0" sc="165,-20,388,0,232,20,215,0" /><INIT seed="5,0,0,5,4,112" ten="145,388,252,215" oya="1" hai0="23,54,6,76,1,93,88,41,59,99,16,106,87" hai1="67,37,103,131,110,70,108,100,116,46,33,53,120" hai2="50,128,27,78,104,61,9,119,90,132,73,92,10" hai3="4,105,3,75,85,14,38,57,129,25,98,71,63"/><U134/><E33/><V66/><F104/><W118/><G75/><T15/><D106/><U32/><E32/><V114/><F114/><W91/><G38/><T43/><D1/><U125/><E103/><V36/><F36/><W40/><G40/><T65/><D65/><U20/><E20/><V124/><F124/><W18/><G129/><T135/><D135/><U31/><E31/><V39/><F39/><W72/><G72/><T30/><D6/><U111/><E100/><V5/><F132/><W17/><G71/><T121/><D121/><U45/><E134/><V44/><F128/><W68/><G68/><T86/><D30/><U34/><E34/><V19/><F119/><W2/><G98/><T123/><D123/><U122/><E131/><V35/><F35/><W13/><G25/><T77/><D77/><U11/><E11/><V56/><F78/><W102/><G4/><T117/><D117/><U62/><E125/><V81/><F81/><W79/><G79/><T42/><REACH who="0" step="1"/><D76/><REACH who="0" ten="135,388,252,215" step="2"/><U48/><E116/><V51/><F5/><W26/><G3/><T84/><D84/><U60/><E120/><V47/><F73/><W97/><G2/><T55/><D55/><U95/><E122/><V28/><F28/><W83/><G118/><T8/><D8/><U94/><E111/><V69/><F10/><W130/><G130/><T82/><D82/><U21/><E110/><V101/><F9/><W52/><REACH who="3" step="1"/><G18/><REACH who="3" ten="135,388,252,205" step="2"/><T64/><D64/><U12/><E67/><V133/><F66/><W109/><G109/><T0/><D0/><U113/><E108/><V22/><F133/><RYUUKYOKU ba="0,2" sc="135,15,388,-15,252,-15,205,15" hai0="15,16,23,41,42,43,54,59,86,87,88,93,99" hai3="13,14,17,26,52,57,63,83,85,91,97,102,105" /><INIT seed="6,1,2,4,2,16" ten="150,373,237,220" oya="2" hai0="26,9,21,75,123,125,108,35,59,104,119,128,2" hai1="94,49,4,91,101,107,5,18,132,131,68,72,12" hai2="57,34,81,31,73,116,27,55,118,7,67,95,120" hai3="77,130,62,28,97,100,80,8,47,41,135,85,84"/><V82/><F120/><W112/><G130/><T56/><RYUUKYOKU type="yao9" ba="1,2" sc="150,0,373,0,237,0,220,0" hai0="2,9,21,26,35,56,59,75,104,108,119,123,125,128" /><INIT seed="6,2,2,1,4,104" ten="150,373,237,220" oya="2" hai0="19,130,67,57,61,53,120,39,134,77,2,6,111" hai1="49,94,48,4,56,69,79,25,92,64,42,59,55" hai2="81,112,75,21,131,11,105,30,24,115,54,14,33" hai3="43,44,5,101,1,13,47,88,110,34,26,70,100"/><V37/><F105/><W22/><G70/><T28/><D111/><U15/><E79/><V38/><F131/><W32/><G110/><T126/><D120/><U71/><E25/><V107/><F107/><W87/><G1/><T82/><D130/><U18/><E4/><V60/><F60/><W113/><G113/><N who="2" m="43593" /><F54/><W123/><G34/><T8/><D39/><U109/><E109/><V0/><F0/><W65/><G65/><T129/><D129/><U41/><E64/><V36/><F33/><W119/><G119/><T46/><D28/><U89/><E69/><V9/><F14/><W35/><G35/><T91/><D126/><U114/><E71/><V62/><F62/><W83/><G32/><T10/><D134/><U124/><E124/><V95/><F95/><W128/><G123/><T45/><D67/><U23/><E92/><V76/><AGARI ba="2,2" hai="9,11,21,24,30,36,37,38,75,76,81" m="43593" machi="76" ten="40,3900,0" yaku="15,1,52,1" doraHai="104" who="2" fromWho="2" sc="150,-15,373,-15,237,65,220,-15" /><INIT seed="6,3,0,0,1,110" ten="135,358,302,205" oya="2" hai0="117,71,9,95,118,33,81,1,132,62,67,125,131" hai1="39,135,100,21,102,10,51,72,130,18,30,111,2" hai2="106,122,101,99,34,19,87,20,80,24,65,53,49" hai3="86,16,77,133,128,8,4,56,119,60,23,40,5"/><V59/><F122/><W89/><G119/><N who="0" m="45579" /><D95/><U107/><E39/><V68/><F68/><W22/><G128/><T108/><D108/><U134/><E72/><V116/><F116/><W42/><G77/><T92/><D92/><U115/><E115/><V45/><F65/><W52/><G133/><N who="1" m="50698" /><E107/><V28/><F45/><W41/><G23/><T27/><D81/><U70/><E30/><V54/><F54/><W55/><G8/><T104/><D132/><U0/><E70/><V120/><F120/><W84/><G55/><T114/><D104/><U44/><E130/><V25/><F25/><N who="3" m="14535" /><G86/><T6/><D125/><U103/><E10/><V36/><F36/><W13/><G13/><T113/><D131/><U38/><E38/><V93/><F106/><W79/><G79/><T47/><D47/><U85/><E85/><V11/><F11/><W57/><G57/><T73/><D73/><U105/><E105/><V26/><F26/><W126/><G126/><T50/><D50/><U69/><E69/><V75/><F75/><W3/><G3/><T43/><D43/><N who="1" m="24991" /><E111/><V29/><F34/><W94/><AGARI ba="3,0" hai="4,5,40,41,42,52,56,60,84,89,94" m="14535" machi="94" ten="30,4000,0" yaku="8,1,54,2" doraHai="110" who="3" fromWho="3" sc="135,-13,358,-13,302,-23,205,49" /><INIT seed="7,0,0,4,0,104" ten="122,345,279,254" oya="3" hai0="48,38,60,45,58,7,78,76,102,44,64,71,26" hai1="18,116,24,53,130,112,89,105,75,122,17,11,43" hai2="9,13,124,20,39,91,29,22,12,35,57,25,56" hai3="63,68,128,99,73,127,81,1,34,111,31,108,98"/><W72/><G1/><T67/><D102/><U96/><E122/><V61/><F39/><W47/><G128/><T87/><D26/><U80/><E43/><V123/><F123/><W133/><G133/><T120/><D7/><U8/><E130/><V100/><F100/><W50/><G81/><T119/><D87/><U27/><E53/><V40/><F40/><W107/><G127/><T135/><D78/><U51/><E51/><V109/><F109/><N who="3" m="42059" /><G31/><T129/><D76/><U84/><E75/><N who="3" m="28746" /><G34/><T92/><D92/><U10/><E112/><V94/><F124/><W49/><G107/><T95/><D95/><N who="1" m="56431" /><E105/><V19/><F35/><W88/><G88/><T125/><D129/><U41/><E41/><V132/><F132/><W2/><G2/><T131/><D131/><U21/><E116/><V54/><F54/><N who="3" m="30015" /><G50/><T66/><D125/><U90/><E27/><V115/><F115/><W42/><G42/><N who="0" m="22615" /><D120/><U97/><E97/><N who="2" m="57567" /><F61/><W65/><AGARI ba="0,0" hai="63,65,68,98,99" m="30015,28746,42059" machi="65" ten="40,12000,1" yaku="10,1,52,3" doraHai="104" who="3" fromWho="3" sc="122,-40,345,-40,279,-40,254,120" owari="82,-42.0,305,11.0,239,-16.0,374,47.0" /></mjloggm>