<mjloggm ver="2.3"><GO type="41" lobby="0"/><UN n0="%E7%AB%8B%E5%B7%9D%E7%BF%81" n1="%68%69%6E%6F%65%6D%61%6E" n2="%E2%93%9D%53%75%70%68%78" n3="%E3%81%95%E3%81%8F%E3%82%89%E3%82%81%E3%81%84" dan="13,15,18,14" rate="1961.81,1989.72,2118.07,1921.27" sx="M,M,M,M"/><TAIKYOKU oya="0"/><INIT seed="0,0,0,1,2,77" ten="250,250,250,250" oya="0" hai0="62,101,70,37,96,3,8,135,61,110,39,25,43" hai1="32,34,52,121,44,99,111,66,119,76,91,108,22" hai2="122,93,10,58,124,67,30,6,13,131,85,55,83" hai3="56,92,125,120,133,16,1,41,127,114,54,106,84"/><T49/><D135/><U14/><E119/><V103/><F131/><W102/><G114/><T36/><D110/><N who="1" m="42027" /><E121/><V98/><F124/><W126/><G1/><T130/><D130/><U11/><E66/><V31/><F67/><W132/><G41/><T75/><D70/><U21/><E76/><V9/><F9/><W87/><G120/><T27/><D75/><U129/><E129/><V65/><F65/><W5/><G5/><T51/><D43/><U47/><E99/><V115/><F115/><W35/><G35/><N who="1" m="13354" /><E91/><V12/><F12/><W79/><G106/><T60/><D96/><U94/><E94/><V0/><F0/><W50/><G102/><T64/><D64/><U74/><E74/><V73/><F73/><W90/><REACH who="3" step="1"/><G16/><REACH who="3" ten="250,250,250,240" step="2"/><T26/><REACH who="0" step="1"/><D101/><REACH who="0" ten="240,250,250,240" step="2"/><U18/><E47/><V104/><F122/><W63/><G63/><T53/><D53/><U116/><E116/><V2/><F103/><W81/><AGARI ba="0,2" hai="50,54,56,79,81,84,87,90,92,125,126,127,132,133" machi="81" ten="40,12000,2" yaku="1,1,0,1,18,1,52,1,53,3" doraHai="77" doraHaiUra="134" who="3" fromWho="3" sc="240,-60,250,-30,250,-30,240,140" /><INIT seed="1,0,0,5,2,61" ten="180,220,220,380" oya="1" hai0="103,124,7,93,31,52,78,13,59,71,130,110,27" hai1="42,102,95,111,129,9,100,40,94,133,2,92,73" hai2="1,104,56,99,63,86,38,125,79,55,20,116,85" hai3="82,127,65,39,96,70,77,80,81,25,12,112,46"/><U47/><E129/><V60/><F116/><W28/><G112/><T69/><D110/><U35/><E35/><V19/><F1/><W21/><G96/><T36/><D124/><U3/><E73/><V15/><F38/><W4/><G70/><T32/><D130/><U53/><E53/><V75/><F125/><W17/><G4/><T24/><D78/><U122/><E122/><V91/><F75/><W121/><G121/><T98/><D36/><U74/><E74/><V114/><F114/><W14/><G14/><T58/><D58/><U49/><E133/><V120/><F120/><W126/><G65/><T83/><D83/><U37/><E111/><V64/><F79/><W8/><G77/><T26/><D31/><U34/><E34/><V117/><F117/><W57/><G57/><T66/><D66/><U107/><E107/><V68/><REACH who="2" step="1"/><F91/><REACH who="2" ten="180,220,210,380" step="2"/><W76/><G76/><T54/><D32/><U101/><REACH who="1" step="1"/><E9/><REACH who="1" ten="180,210,210,380" step="2"/><V22/><F22/><W105/><G105/><T0/><D54/><U131/><E131/><V97/><F97/><W51/><G126/><T72/><D72/><U118/><E118/><V115/><F115/><W5/><G127/><T48/><REACH who="0" step="1"/><D0/><REACH who="0" ten="170,210,210,380" step="2"/><U16/><E16/><V106/><F106/><W108/><G108/><T84/><D84/><U123/><E123/><V62/><F62/><W89/><G17/><T30/><D30/><U87/><E87/><V33/><F33/><W88/><G39/><T11/><AGARI ba="0,3" hai="7,11,13,24,26,27,48,52,59,69,71,93,98,103" machi="11" ten="30,4000,0" yaku="1,1,0,1,54,1,53,0" doraHai="61" doraHaiUra="113" who="0" fromWho="0" sc="170,70,210,-20,210,-10,380,-10" /><INIT seed="2,0,0,0,4,100" ten="240,190,200,370" oya="2" hai0="82,43,80,109,94,77,6,40,54,52,121,118,127" hai1="86,72,99,36,115,12,10,46,95,22,105,56,63" hai2="133,55,24,45,48,64,134,2,58,130,59,1,51" hai3="15,44,70,83,123,113,85,106,98,33,66,37,88"/><V93/><F24/><W27/><G123/><T21/><D121/><U32/><E72/><V17/><F17/><W76/><G15/><T42/><D109/><U47/><E32/><V20/><F20/><W14/><G14/><T26/><D127/><U53/><E115/><V92/><F130/><W11/><G11/><T19/><D118/><U49/><E36/><V7/><F7/><W102/><G37/><T75/><D82/><U39/><E39/><V34/><F34/><W131/><G131/><T78/><D78/><U103/><E22/><V31/><F64/><W104/><G44/><T16/><D94/><U101/><E101/><V124/><F45/><W18/><G18/><T8/><REACH who="0" step="1"/><D19/><REACH who="0" ten="230,190,200,370" step="2"/><U126/><E126/><V91/><F124/><W67/><G113/><T116/><D116/><U122/><E122/><V128/><F128/><W108/><G108/><T28/><D28/><U97/><E97/><V25/><F31/><W107/><G76/><T74/><D74/><U23/><E86/><V9/><F93/><W119/><G119/><T111/><D111/><U125/><E125/><V3/><F134/><W68/><G68/><T65/><D65/><U38/><E95/><V4/><F133/><W62/><G67/><T35/><D35/><U61/><E99/><V135/><F135/><W13/><G13/><AGARI ba="0,1" hai="6,8,13,16,21,26,40,42,43,52,54,75,77,80" machi="13" ten="40,8000,1" yaku="1,1,54,2,53,1" doraHai="100" doraHaiUra="0" who="0" fromWho="3" sc="230,90,190,0,200,0,370,-80" /><INIT seed="3,0,0,0,4,26" ten="320,190,200,290" oya="3" hai0="16,129,74,116,18,98,82,45,88,132,80,106,1" hai1="126,35,99,100,103,33,59,111,95,63,83,107,36" hai2="89,113,11,104,61,42,79,13,20,108,125,25,72" hai3="43,5,75,128,12,105,101,57,91,47,27,6,102"/><W38/><G75/><T64/><D116/><U134/><E36/><V71/><F108/><W39/><G39/><T46/><D129/><U67/><E111/><V73/><F104/><W49/><G128/><T123/><D132/><U65/><E126/><V76/><F42/><W92/><G105/><T56/><D123/><U9/><E134/><V133/><F113/><W23/><G38/><T60/><D1/><U118/><E118/><V84/><F73/><W17/><G57/><T97/><D74/><U52/><E9/><V87/><F87/><W10/><REACH who="3" step="1"/><G5/><REACH who="3" ten="320,190,200,280" step="2"/><T117/><D117/><U50/><E107/><V19/><F72/><W68/><G68/><T135/><D135/><U77/><E103/><V70/><F133/><W130/><G130/><T55/><D106/><U15/><E15/><V93/><F125/><W0/><G0/><T115/><D115/><U2/><E2/><V66/><REACH who="2" step="1"/><F71/><REACH who="2" ten="320,190,190,280" step="2"/><W32/><G32/><T124/><D124/><U4/><E33/><V127/><F127/><W14/><G14/><T120/><D120/><U22/><E35/><V58/><F58/><W40/><G40/><T78/><D56/><U3/><E59/><V90/><F90/><W51/><G51/><T121/><D121/><U131/><E50/><V109/><F109/><W94/><G94/><T28/><D88/><U31/><E95/><V69/><F69/><W96/><AGARI ba="0,2" hai="6,10,12,17,23,27,43,47,49,91,92,96,101,102" machi="96" ten="20,7800,0" yaku="1,1,0,1,7,1,8,1,53,0" doraHai="26" doraHaiUra="29" who="3" fromWho="3" sc="320,-26,190,-26,190,-26,280,98" /><INIT seed="3,1,0,2,5,85" ten="294,164,164,378" oya="3" hai0="26,37,16,118,120,131,7,11,87,133,46,94,2" hai1="63,105,39,58,61,116,109,42,27,9,69,21,91" hai2="117,103,45,48,6,52,54,95,1,70,129,75,123" hai3="99,88,35,97,106,56,115,86,82,19,100,8,74"/><W78/><G35/><T72/><D118/><U34/><E109/><V124/><F117/><W3/><G115/><T18/><D120/><U132/><E132/><V73/><F70/><W107/><G56/><T57/><D131/><U79/><E116/><V104/><F104/><W51/><G51/><T12/><D133/><U81/><E105/><V96/><F124/><W90/><G3/><T68/><D68/><U24/><E34/><V49/><F129/><W55/><G55/><T98/><D87/><U14/><E69/><V119/><F119/><W122/><G122/><T76/><D57/><U60/><E58/><V28/><F28/><W40/><G40/><T71/><D71/><U64/><E64/><V25/><F25/><W66/><G66/><T92/><D92/><U23/><E42/><V38/><F38/><W108/><G108/><T62/><D62/><U50/><E50/><V30/><F30/><W65/><G65/><T101/><D26/><N who="1" m="9771" /><E79/><V17/><F123/><W67/><G67/><T113/><D12/><U135/><E39/><V32/><F32/><W112/><G112/><T15/><D15/><U4/><E135/><V134/><F134/><W128/><G128/><T10/><D10/><U84/><AGARI ba="1,0" hai="4,9,14,21,23,60,61,63,81,84,91" m="9771" machi="84" ten="30,2000,0" yaku="8,1,52,1" doraHai="85" who="1" fromWho="1" sc="294,-6,164,23,164,-6,378,-11" /><INIT seed="4,0,0,5,4,117" ten="288,187,158,367" oya="0" hai0="53,81,58,95,126,46,118,22,60,51,38,121,59" hai1="131,36,61,134,66,12,33,34,2,88,113,93,29" hai2="92,80,129,111,5,133,110,125,21,25,76,18,87" hai3="94,128,84,123,17,48,16,8,100,75,64,47,0"/><T50/><D121/><U56/><E131/><V20/><F129/><W116/><G75/><T15/><D118/><U10/><E134/><V63/><F133/><W68/><G116/><T69/><D126/><U112/><E36/><V105/><F105/><W1/><G128/><T122/><D81/><U97/><E2/><V30/><F125/><W107/><G107/><T52/><D122/><U28/><E28/><V3/><F5/><W99/><G123/><T114/><D95/><U23/><E29/><V90/><F3/><W79/><G64/><N who="0" m="41095" /><D22/><U83/><E83/><V71/><F63/><W40/><G68/><T96/><D96/><U106/><E106/><V98/><REACH who="2" step="1"/><F71/><REACH who="2" ten="288,187,148,367" step="2"/><W104/><G0/><T27/><D114/><N who="1" m="44139" /><E23/><V132/><F132/><W91/><REACH who="3" step="1"/><G79/><REACH who="3" ten="288,187,148,357" step="2"/><T57/><D27/><AGARI ba="0,2" hai="18,20,21,25,27,30,76,80,87,90,92,98,110,111" machi="27" ten="30,2000,0" yaku="1,1,7,1,53,0" doraHai="117" doraHaiUra="62" who="2" fromWho="0" sc="288,-20,187,0,148,40,357,0" /><INIT seed="5,0,0,5,3,4" ten="268,187,188,357" oya="1" hai0="130,97,122,2,26,11,124,23,10,36,45,59,8" hai1="15,131,33,73,28,49,46,83,16,115,93,47,126" hai2="25,65,78,41,121,18,91,123,90,68,77,67,44" hai3="29,21,118,85,7,38,69,53,128,17,101,42,0"/><U14/><E115/><V30/><F18/><W94/><G69/><T96/><D124/><U12/><E126/><V62/><F67/><W111/><G42/><T37/><D130/><U13/><E131/><V125/><F125/><W100/><G38/><T61/><D2/><U70/><E70/><V22/><F78/><W34/><G53/><T39/><D45/><U75/><E93/><V63/><F77/><W104/><G104/><T31/><REACH who="0" step="1"/><D122/><REACH who="0" ten="258,187,188,357" step="2"/><U9/><E47/><V114/><F123/><W127/><G128/><T40/><D40/><U84/><E33/><V117/><F121/><W32/><G32/><T52/><AGARI ba="0,1" hai="8,10,11,23,26,31,36,37,39,52,59,61,96,97" machi="52" ten="40,12000,2" yaku="1,1,0,1,52,3,54,1,53,0" doraHai="4" doraHaiUra="1" who="0" fromWho="0" sc="258,130,187,-60,188,-30,357,-30" /><INIT seed="6,0,0,1,0,106" ten="388,127,158,327" oya="2" hai0="5,59,43,65,45,19,122,115,62,117,78,102,4" hai1="54,98,97,30,63,24,15,44,73,67,112,35,7" hai2="66,48,95,103,31,82,12,92,87,107,69,41,100" hai3="13,17,46,76,64,27,39,70,55,89,56,91,32"/><V42/><F69/><W88/><G70/><T34/><D115/><U80/><E112/><V109/><F66/><W23/><G64/><T40/><D117/><U8/><E44/><V79/><F31/><W101/><G101/><N who="2" m="38985" /><F107/><W134/><G134/><T57/><D34/><U37/><E37/><V121/><F121/><W16/><G32/><T90/><D90/><U135/><E54/><V1/><F1/><W72/><G39/><T125/><D125/><U131/><E135/><V10/><F109/><W50/><G76/><T130/><D130/><U52/><E131/><V114/><F114/><W120/><G120/><T129/><D122/><U22/><E67/><V84/><F84/><W111/><G111/><T77/><D102/><U126/><E126/><V36/><F36/><W47/><G72/><T29/><D29/><U96/><E35/><V25/><F25/><W60/><REACH who="3" step="1"/><G60/><REACH who="3" ten="388,127,158,317" step="2"/><N who="0" m="38031" /><D129/><U21/><E63/><V118/><F118/><W6/><G6/><N who="0" m="2667" /><D19/><U119/><E119/><V14/><F48/><W0/><G0/><T11/><D11/><AGARI ba="0,1" hai="11,13,16,17,23,27,46,47,50,55,56,88,89,91" machi="11" ten="40,8000,1" yaku="1,1,8,1,54,2,53,0" doraHai="106" doraHaiUra="74" who="3" fromWho="0" sc="388,-80,127,0,158,0,317,90" /><INIT seed="7,0,0,0,4,40" ten="308,127,158,407" oya="3" hai0="29,37,117,15,17,13,32,84,8,69,127,119,35" hai1="108,97,81,62,92,21,55,51,42,53,107,7,133" hai2="76,96,3,58,45,78,121,48,14,113,129,75,103" hai3="132,135,99,89,28,25,83,124,27,1,118,38,0"/><W126/><G118/><T110/><D69/><U30/><E108/><V39/><F3/><N who="3" m="1099" /><G38/><T73/><D37/><U20/><E7/><V94/><F129/><W34/><G27/><N who="0" m="18495" /><D84/><U109/><E109/><V54/><F113/><W131/><G131/><T11/><D73/><U56/><E133/><N who="3" m="51274" /><G83/><T86/><D110/><U74/><E107/><V122/><F14/><N who="0" m="5130" /><D86/><U125/><E42/><N who="2" m="22751" /><F75/><W65/><G65/><T9/><D127/><U18/><E30/><V68/><F68/><W60/><G60/><T77/><D77/><U66/><E125/><V44/><F78/><W24/><G24/><T41/><D41/><U106/><E106/><V72/><F76/><W102/><G89/><T31/><D119/><U115/><E115/><V111/><F72/><W88/><G88/><T80/><D80/><U93/><E74/><V63/><F111/><W116/><G116/><T90/><D90/><U46/><E81/><V57/><F63/><W50/><G50/><T120/><D120/><AGARI ba="0,0" hai="44,48,54,57,58,94,96,103,120,121,122" m="22751" machi="120" ten="30,3900,0" yaku="13,1,52,2" doraHai="40" who="2" fromWho="0" sc="308,-39,127,0,158,39,407,0" owari="269,7.0,127,-37.0,197,-20.0,407,50.0" /></mjloggm>