<mjloggm ver="2.3"><GO type="41" lobby="0"/><UN n0="%E7%AB%8B%E5%8D%B3%E4%B8%83%E5%AF%BE%E8%A1%A8%E8%A1%A8%E8%A3%8F%E8%A3%8F" n1="%E3%83%94%E3%83%BC%E3%83%94%E3%83%BC%E3%82%AC%E3%82%A6%E3%83%87%E3%82%A3" n2="%E2%93%9D%53%75%70%68%78" n3="%74%75%74%6F%6D%75" dan="15,14,17,13" rate="1969.61,1886.10,2020.31,1880.04" sx="M,M,M,M"/><TAIKYOKU oya="0"/><INIT seed="0,0,0,0,1,103" ten="250,250,250,250" oya="0" hai0="73,8,45,87,108,20,85,41,67,0,52,63,133" hai1="131,97,47,106,76,26,98,89,84,100,112,4,80" hai2="57,130,23,24,95,66,119,122,22,54,10,32,101" hai3="2,91,6,27,37,65,42,56,5,96,29,16,55"/><T83/><D133/><U132/><E4/><V30/><F122/><W114/><G65/><T7/><D108/><U68/><E68/><V3/><F130/><W92/><G2/><T48/><D73/><N who="1" m="43023" /><E26/><V13/><F119/><W49/><G37/><T51/><D20/><U86/><E47/><V44/><F3/><W9/><G42/><T126/><D126/><U115/><E131/><V15/><F15/><N who="3" m="7279" /><G114/><N who="1" m="43562" /><E132/><V59/><F44/><W118/><G118/><T120/><D120/><U33/><E33/><V34/><F34/><W39/><G39/><T21/><D21/><AGARI ba="0,0" hai="5,6,21,27,29,49,55,56,91,92,96" m="7279" machi="21" ten="30,2000,0" yaku="8,1,54,1" doraHai="103" who="3" fromWho="0" sc="250,-20,250,0,250,0,250,20" /><INIT seed="1,0,0,1,3,6" ten="230,250,250,270" oya="1" hai0="15,63,98,11,73,1,55,27,134,93,19,106,7" hai1="89,49,111,54,109,114,123,77,87,50,53,52,67" hai2="117,57,28,102,13,80,21,48,9,85,69,110,31" hai3="65,66,103,34,5,38,97,22,92,10,12,86,62"/><U33/><E114/><V95/><F69/><W131/><G34/><T81/><D134/><U115/><E115/><V118/><F110/><N who="1" m="41993" /><E123/><V3/><F3/><W17/><G38/><T64/><D106/><U133/><E133/><V113/><F113/><W42/><G42/><T60/><D27/><U51/><E33/><V40/><F118/><W72/><G72/><T24/><D24/><U105/><E105/><V91/><F21/><W126/><G126/><T75/><D55/><N who="1" m="21003" /><E67/><V36/><F36/><W119/><G119/><T120/><D120/><U124/><E77/><V20/><F117/><W61/><G131/><T59/><D63/><N who="3" m="24073" /><G86/><T70/><D59/><N who="1" m="33167" /><E124/><V74/><F57/><W2/><G2/><T94/><D73/><U121/><E121/><V84/><F74/><W127/><G127/><T43/><D75/><U135/><E135/><V41/><F41/><W39/><G39/><T32/><D32/><U76/><E76/><V79/><F40/><W4/><G66/><T122/><D43/><U30/><E30/><V71/><F31/><W0/><G65/><T82/><D122/><U129/><E129/><V8/><F28/><W46/><G0/><T96/><D60/><U78/><E78/><V107/><F71/><W112/><G112/><T128/><D64/><U26/><E26/><V45/><F48/><W83/><G46/><T56/><D70/><U130/><E130/><V125/><F45/><W37/><G37/><T104/><D56/><U100/><E100/><V101/><F125/><W14/><G103/><N who="2" m="39433" /><F107/><W23/><G92/><AGARI ba="0,0" hai="50,51,87,89,92" m="33167,21003,41993" machi="92" ten="30,5800,0" yaku="14,1,10,1,54,1" doraHai="6" who="1" fromWho="3" sc="230,0,250,58,250,0,270,-58" /><INIT seed="1,1,0,5,3,41" ten="230,308,250,212" oya="1" hai0="88,47,35,133,26,25,135,33,22,123,19,66,45" hai1="76,49,42,62,85,20,21,97,9,43,7,94,114" hai2="93,134,28,61,72,5,0,132,75,124,73,90,27" hai3="64,54,117,130,68,98,38,18,32,12,78,112,125"/><U116/><E114/><V4/><F61/><W71/><G32/><T83/><D66/><U99/><E116/><V56/><F56/><W70/><G38/><T11/><D123/><U128/><E128/><V6/><F124/><W23/><G112/><T113/><D113/><U53/><E62/><V63/><F63/><W52/><G117/><T3/><D3/><U131/><E20/><V120/><F0/><W57/><G125/><T24/><D11/><U115/><E131/><V80/><F80/><W8/><G78/><T29/><D26/><U100/><E99/><V65/><F65/><W13/><G98/><T89/><D33/><U92/><E21/><V95/><F90/><N who="0" m="34922" /><D83/><N who="1" m="47335" /><E92/><V126/><F120/><W108/><G108/><T69/><D69/><U67/><E67/><V118/><F126/><W81/><G81/><T1/><D1/><U39/><E39/><V119/><F119/><W30/><G30/><T40/><D40/><U102/><E102/><V2/><F2/><W111/><G54/><T46/><D133/><N who="2" m="51306" /><F118/><W17/><G64/><T79/><D135/><U129/><E129/><V109/><F109/><W15/><G111/><T59/><D59/><N who="1" m="33199" /><E115/><V122/><F122/><W14/><REACH who="3" step="1"/><G130/><REACH who="3" ten="230,308,250,202" step="2"/><T91/><D79/><U127/><E127/><V110/><F110/><W82/><G82/><T103/><D103/><U121/><E121/><V50/><BYE who="1" /><F50/><AGARI ba="1,1" hai="8,12,13,14,15,17,18,23,50,52,57,68,70,71" machi="50" ten="40,2600,0" yaku="1,1,54,1,53,0" doraHai="41" doraHaiUra="96" who="3" fromWho="2" sc="230,0,308,0,250,-29,202,39" /><UN n1="%E3%83%94%E3%83%BC%E3%83%94%E3%83%BC%E3%82%AC%E3%82%A6%E3%83%87%E3%82%A3" /><INIT seed="2,0,0,1,1,106" ten="230,308,221,241" oya="2" hai0="1,135,31,83,132,80,101,85,99,131,8,109,112" hai1="81,110,120,60,10,49,23,48,119,129,54,56,41" hai2="19,63,14,100,122,69,7,57,123,111,82,77,96" hai3="121,68,134,105,33,47,9,74,24,42,67,52,53"/><V28/><F69/><W62/><G121/><T20/><D112/><U50/><E119/><V13/><F28/><W40/><G134/><T16/><D109/><U12/><E110/><V92/><F111/><W58/><G74/><T97/><D131/><U104/><E104/><V107/><F107/><W21/><G33/><T11/><D31/><U18/><E129/><V78/><F78/><W91/><G105/><T126/><D126/><U35/><E35/><V79/><F79/><W114/><G114/><T36/><D36/><U116/><E116/><V51/><F51/><N who="3" m="28927" /><G9/><T32/><D32/><U75/><E120/><V64/><F7/><W124/><G124/><T76/><D83/><U125/><E125/><V6/><F6/><W34/><G34/><T55/><D55/><U30/><E81/><V0/><F0/><W108/><G108/><T86/><D86/><U3/><E75/><V117/><F14/><W5/><G5/><N who="0" m="1071" /><D11/><U22/><E3/><V59/><F117/><W27/><G27/><N who="0" m="14727" /><D101/><U29/><E41/><N who="3" m="15978" /><G91/><T61/><D61/><U103/><E103/><V73/><REACH who="2" step="1"/><F59/><REACH who="2" ten="230,308,211,241" step="2"/><W102/><G68/><T72/><D72/><U133/><E29/><V44/><F44/><W128/><G128/><T130/><D130/><U113/><E113/><V71/><F71/><W38/><G38/><T95/><D95/><U2/><E2/><V118/><F118/><W43/><G58/><T37/><D37/><U70/><E70/><V90/><F90/><W39/><G102/><T115/><D115/><U65/><E30/><V89/><F89/><W127/><G127/><T45/><D45/><RYUUKYOKU ba="0,1" sc="230,15,308,-15,211,15,241,-15" hai0="76,80,85,97,99,132,135" hai2="13,19,57,63,64,73,77,82,92,96,100,122,123" /><INIT seed="2,1,1,4,4,96" ten="245,293,226,226" oya="2" hai0="70,43,115,129,6,125,98,124,19,78,63,2,122" hai1="83,99,123,24,15,90,22,87,45,68,100,48,107" hai2="28,41,133,47,39,5,126,62,10,128,26,105,112" hai3="9,44,66,16,101,81,117,127,91,40,71,30,114"/><V57/><F126/><W33/><G117/><T55/><D122/><U121/><E68/><V88/><F128/><W102/><G33/><T36/><D115/><U67/><E67/><V94/><F105/><W18/><G114/><T134/><D2/><U7/><E7/><V13/><F133/><W85/><G127/><T118/><D6/><U32/><E15/><V8/><F112/><W75/><G75/><T35/><D19/><U50/><E32/><V12/><F26/><W111/><G111/><T86/><D98/><U51/><REACH who="1" step="1"/><E45/><REACH who="1" ten="245,283,226,226" step="2"/><V116/><F13/><W23/><G71/><T106/><D70/><U27/><E27/><V1/><F12/><N who="3" m="7439" /><G66/><T0/><D35/><U110/><E110/><V65/><F5/><W21/><G44/><T79/><D0/><U64/><E64/><V4/><F4/><W93/><G30/><AGARI ba="1,2" hai="22,24,30,48,50,51,83,87,90,99,100,107,121,123" machi="30" ten="40,5200,0" yaku="1,1,52,1,53,1" doraHai="96" doraHaiUra="76" who="1" fromWho="3" sc="245,0,283,75,226,0,226,-55" /><INIT seed="3,0,0,5,0,2" ten="245,358,226,171" oya="3" hai0="130,7,69,123,41,37,20,23,44,91,114,27,19" hai1="55,70,95,116,84,81,133,5,4,100,53,89,58" hai2="21,127,63,129,103,86,13,42,120,106,117,50,67" hai3="8,99,121,126,14,94,12,131,65,32,38,80,113"/><W110/><G38/><T61/><D123/><U52/><E133/><V124/><F117/><W104/><G32/><T1/><D130/><U54/><E116/><V75/><F75/><W77/><G104/><T87/><D114/><U28/><E70/><V34/><F34/><W24/><G121/><T111/><D111/><U74/><E28/><V134/><F86/><W10/><G113/><T105/><D105/><U60/><E74/><V72/><F72/><W46/><G65/><T102/><D102/><U57/><E57/><V101/><F134/><W30/><G46/><T39/><D39/><U97/><AGARI ba="0,0" hai="4,5,52,53,54,55,58,60,81,84,89,95,97,100" machi="97" ten="30,8000,1" yaku="0,1,8,1,52,2,54,1" doraHai="2" who="1" fromWho="1" sc="245,-20,358,80,226,-20,171,-40" /><INIT seed="4,0,0,2,3,61" ten="225,438,206,131" oya="0" hai0="129,23,5,101,56,14,60,54,120,77,59,93,49" hai1="100,103,64,34,126,67,24,109,95,87,72,92,63" hai2="15,40,3,28,130,84,53,121,105,114,8,116,55" hai3="42,125,133,41,58,12,21,37,88,122,46,17,44"/><T10/><D120/><U90/><E109/><V79/><F3/><W52/><G125/><T108/><D129/><U69/><E126/><V86/><F105/><W128/><G133/><T91/><D108/><U35/><E72/><V111/><F114/><W68/><G68/><T94/><D77/><U124/><E124/><V119/><F28/><W71/><G71/><T74/><D74/><U106/><E95/><V39/><F121/><W115/><G115/><T98/><D23/><U22/><E64/><V123/><F130/><W13/><G122/><T27/><D27/><U89/><E89/><V127/><F111/><W110/><G110/><T107/><D107/><U32/><REACH who="1" step="1"/><E106/><REACH who="1" ten="225,428,206,131" step="2"/><V6/><F127/><W82/><G128/><T25/><D25/><U132/><E132/><V16/><F123/><W117/><G117/><T50/><REACH who="0" step="1"/><D56/><REACH who="0" ten="215,428,206,131" step="2"/><U7/><E7/><V57/><F57/><W112/><G112/><T1/><D1/><U47/><E47/><V43/><F119/><W31/><G46/><T62/><D62/><U66/><E66/><V104/><F116/><W97/><G44/><T102/><D102/><U45/><E45/><V20/><F6/><W51/><G37/><T9/><D9/><U113/><E113/><V118/><F8/><W134/><G134/><T131/><D131/><U4/><E4/><V29/><F118/><W36/><G36/><T73/><D73/><U76/><E76/><V75/><F75/><W85/><G42/><T135/><D135/><U48/><E48/><V38/><F38/><W80/><G41/><T65/><D65/><U2/><E2/><RYUUKYOKU ba="0,2" sc="215,15,428,15,206,-15,131,-15" hai0="5,10,14,49,50,54,59,60,91,93,94,98,101" hai1="22,24,32,34,35,63,67,69,87,90,92,100,103" /><INIT seed="4,1,2,0,0,7" ten="230,443,191,116" oya="0" hai0="55,54,63,87,76,79,104,9,29,113,125,85,38" hai1="23,82,128,68,92,59,36,32,43,135,62,30,2" hai2="25,42,100,101,132,112,116,11,73,133,66,50,35" hai3="70,16,96,37,91,77,86,89,94,90,67,123,106"/><T130/><D130/><U119/><E119/><V14/><F73/><W117/><G37/><T3/><D113/><U58/><E2/><V109/><F109/><W41/><G41/><T74/><D104/><U12/><E32/><V0/><F0/><W8/><G70/><T48/><D38/><U71/><E92/><V39/><F39/><W15/><G117/><T120/><D120/><U114/><E82/><V80/><F66/><W24/><G123/><T22/><D125/><U49/><E12/><V69/><F69/><W1/><G1/><T26/><D3/><U105/><E23/><V102/><F80/><N who="3" m="47375" /><G106/><T97/><D97/><U78/><E30/><V88/><F112/><W51/><G67/><T18/><D74/><U75/><E135/><N who="2" m="51787" /><F116/><W121/><G121/><T83/><D63/><U21/><E62/><V60/><F60/><W84/><G24/><T31/><D31/><U4/><E49/><V126/><F126/><W40/><G84/><N who="0" m="32331" /><D83/><U34/><E58/><V65/><F65/><W61/><G61/><T64/><D64/><U99/><E36/><V115/><F115/><W108/><G108/><T52/><D48/><U124/><E105/><V10/><F50/><W57/><G57/><T93/><D93/><U81/><E59/><V127/><F127/><W46/><AGARI ba="1,2" hai="8,15,16,40,46,51,89,90,91,94,96" m="47375" machi="46" ten="30,4000,0" yaku="8,1,52,1,54,1" doraHai="7" who="3" fromWho="3" sc="230,-21,443,-11,191,-11,116,63" /><INIT seed="5,0,0,3,2,80" ten="209,432,180,179" oya="1" hai0="96,35,130,103,122,102,8,125,52,69,92,97,36" hai1="47,99,41,128,59,121,133,40,100,134,119,107,76" hai2="120,57,81,89,111,72,17,88,114,3,34,49,105" hai3="28,77,66,116,101,127,91,22,90,94,37,24,25"/><U32/><E119/><V46/><F111/><W54/><G116/><T68/><D125/><U71/><E121/><V33/><F105/><W6/><G37/><T16/><D130/><U83/><E71/><V61/><F3/><W123/><G123/><T56/><D36/><U0/><E0/><V18/><F120/><W45/><G6/><T19/><D35/><U115/><E32/><V14/><F34/><W117/><G77/><T109/><D109/><U118/><E118/><V7/><F33/><W87/><G66/><T75/><D75/><U27/><E27/><V93/><F114/><W11/><G11/><T30/><D30/><U43/><E115/><V9/><F81/><W78/><G78/><T129/><D129/><U60/><E128/><V74/><F89/><N who="3" m="53567" /><G101/><T55/><D122/><U39/><E133/><V13/><F74/><W20/><G127/><T85/><D8/><U58/><E134/><V63/><F72/><W23/><G117/><T15/><D15/><U53/><E58/><V26/><F26/><N who="3" m="10347" /><G28/><T42/><D42/><U95/><E107/><V1/><F1/><W44/><G54/><T82/><D69/><U10/><E10/><N who="2" m="6327" /><F7/><W4/><G4/><T108/><D68/><U112/><E112/><V124/><F124/><W5/><G5/><T131/><D55/><U110/><E110/><V86/><F57/><W31/><G31/><T98/><D131/><U79/><E79/><V70/><F70/><W51/><G44/><T62/><D108/><U113/><E113/><V21/><F9/><W132/><G132/><T12/><D103/><U104/><E104/><RYUUKYOKU ba="0,0" sc="209,-30,432,10,180,10,179,10" hai1="39,40,41,43,47,53,59,60,76,83,95,99,100" hai2="14,18,21,46,49,61,63,86,88,93" hai3="20,22,23,45,51,90,91" /><INIT seed="5,1,0,1,4,116" ten="179,442,190,189" oya="1" hai0="2,110,12,99,74,39,59,61,63,113,9,105,35" hai1="130,18,51,23,30,37,25,89,45,5,70,73,26" hai2="104,123,22,28,87,48,84,78,52,3,20,117,111" hai3="56,132,135,47,16,14,126,13,1,6,115,49,124"/><U40/><E130/><V50/><F117/><W75/><G75/><T119/><D110/><U10/><E70/><V122/><F3/><W77/><G77/><T128/><D119/><U69/><E69/><V83/><F104/><W107/><G107/><T68/><D128/><U134/><E134/><N who="3" m="51242" /><G115/><T103/><D113/><U96/><E73/><V112/><F112/><W8/><G56/><T43/><D74/><U79/><E79/><V19/><F111/><W36/><G36/><T90/><D35/><U44/><E96/><V33/><F33/><W93/><G93/><T108/><D2/><U27/><E89/><V29/><F78/><W76/><G76/><T31/><D31/><U94/><E94/><V127/><F19/><W106/><G106/><T24/><D24/><U21/><E27/><V80/><REACH who="2" step="1"/><F52/><REACH who="2" ten="179,442,180,189" step="2"/><N who="3" m="29759" /><G1/><T120/><D105/><U88/><E18/><V131/><F131/><W54/><G54/><T4/><D108/><U34/><E34/><V86/><F86/><W85/><G85/><T129/><D129/><U133/><E133/><V0/><F0/><W42/><G42/><T55/><D55/><U41/><E40/><V46/><F46/><W58/><G58/><T102/><D43/><U92/><E44/><V81/><F81/><W15/><G6/><T109/><D59/><U82/><E82/><V11/><F11/><W125/><AGARI ba="1,1" hai="8,13,14,15,16,124,125,126" m="29759,51242" machi="125" ten="40,8000,1" yaku="18,1,20,1,54,2" doraHai="116" who="3" fromWho="3" sc="179,-21,442,-41,180,-21,189,93" /><INIT seed="6,0,0,0,5,30" ten="158,401,159,282" oya="2" hai0="131,123,58,87,133,24,11,25,109,79,95,1,90" hai1="56,7,74,17,50,115,62,63,97,114,113,134,121" hai2="98,5,88,64,54,66,86,82,6,101,33,80,60" hai3="117,106,100,19,51,78,49,132,119,135,13,57,48"/><V38/><F38/><W3/><G3/><T12/><D109/><U65/><E74/><V111/><F111/><W31/><G78/><T120/><D123/><U39/><E121/><V18/><F33/><W112/><G31/><T130/><D120/><U92/><E39/><V72/><F54/><W37/><G100/><T10/><D133/><N who="3" m="51273" /><G106/><T15/><D1/><U46/><E115/><V103/><F18/><W43/><G112/><T44/><D79/><U94/><E134/><V77/><F103/><W89/><G89/><T107/><D107/><U16/><E7/><V0/><F0/><W93/><G93/><T42/><D58/><U110/><E110/><V84/><F72/><W73/><G73/><T36/><D12/><U47/><E113/><V104/><REACH who="2" step="1"/><F66/><REACH who="2" ten="158,401,149,282" step="2"/><W70/><G37/><T102/><D102/><U105/><E65/><V4/><F4/><W85/><G43/><T35/><D35/><U29/><E114/><V126/><F126/><W23/><G70/><AGARI ba="0,1" hai="5,6,60,64,70,77,80,82,84,86,88,98,101,104" machi="70" ten="30,5800,0" yaku="1,1,7,1,54,1,53,0" doraHai="30" doraHaiUra="22" who="2" fromWho="3" sc="158,0,401,0,149,68,282,-58" /><INIT seed="6,1,0,3,0,44" ten="158,401,217,224" oya="2" hai0="4,99,113,5,77,20,48,106,55,29,111,132,21" hai1="96,54,74,42,10,133,66,109,76,31,80,98,32" hai2="97,15,23,89,101,47,100,82,110,45,16,107,12" hai3="9,8,60,93,52,68,127,129,131,134,13,115,50"/><V120/><F120/><W7/><G127/><T123/><D111/><U86/><E109/><V33/><F33/><W125/><G125/><T126/><D113/><U70/><E133/><V40/><F110/><W28/><G28/><T11/><D123/><U17/><E66/><V135/><F135/><W103/><G134/><T41/><D126/><U18/><E70/><V83/><F47/><W130/><G115/><T36/><D36/><U0/><E42/><V79/><F101/><W90/><G103/><T57/><D41/><U1/><E32/><V43/><F43/><W92/><G90/><T108/><D108/><U128/><E31/><V118/><F118/><W46/><G9/><T85/><D106/><U30/><E30/><V122/><F122/><W67/><AGARI ba="1,0" hai="7,8,13,46,50,52,60,67,68,92,93,129,130,131" machi="67" ten="40,8000,1" yaku="0,1,19,1,52,1,54,1" doraHai="44" who="3" fromWho="3" sc="158,-21,401,-21,217,-41,224,83" /><INIT seed="7,0,0,4,2,80" ten="137,380,176,307" oya="3" hai0="63,93,106,85,92,32,30,86,27,10,57,75,103" hai1="56,71,87,78,98,123,38,102,90,8,3,101,134" hai2="20,45,22,120,17,77,53,125,6,55,47,127,15" hai3="121,35,49,65,132,4,72,1,33,70,113,104,133"/><W84/><G121/><T39/><D75/><U66/><E38/><V31/><F77/><W109/><G72/><T12/><D39/><U129/><E71/><V25/><F120/><W61/><G49/><T135/><D135/><N who="3" m="51785" /><G113/><T79/><D79/><U34/><E129/><V81/><F81/><W9/><G104/><T62/><D93/><U44/><E34/><N who="3" m="12810" /><G84/><N who="0" m="32363" /><D106/><U2/><E56/><V95/><F95/><W105/><G105/><T126/><D32/><U118/><E44/><N who="2" m="16971" /><F6/><W7/><G7/><N who="0" m="3167" /><D126/><AGARI ba="0,0" hai="15,17,20,22,25,31,53,55,125,126,127" m="16971" machi="126" ten="30,1000,0" yaku="18,1" doraHai="80" who="2" fromWho="0" sc="137,-10,380,0,176,10,307,0" owari="127,-37.0,380,47.0,186,-21.0,307,11.0" /></mjloggm>