<mjloggm ver="2.3"><GO type="41" lobby="0"/><UN n0="%E3%82%AB%E3%83%B3%E3%82%BD%E3%83%A9" n1="%E2%93%9D%53%75%70%68%78" n2="%E3%83%AA%E3%83%A5%E3%82%A6%E3%82%AA%E3%82%A6" n3="%E7%90%86%E5%B7%A5%E3%83%95%E3%83%AA%E3%83%86%E3%83%B3%E5%A4%A7%E5%B8%AB" dan="14,17,13,15" rate="1921.99,1987.86,1817.86,2028.68" sx="F,M,M,M"/><TAIKYOKU oya="0"/><INIT seed="0,0,0,0,4,1" ten="250,250,250,250" oya="0" hai0="52,104,77,27,48,35,24,34,78,51,83,32,117" hai1="2,108,61,3,90,98,133,112,37,103,130,16,129" hai2="119,96,53,92,60,105,126,87,15,22,118,75,56" hai3="18,38,76,120,73,114,40,31,109,72,116,124,59"/><T132/><D104/><U121/><E121/><V30/><F126/><W45/><G114/><T74/><D117/><N who="2" m="44554" /><F75/><W41/><G109/><T101/><D101/><U123/><E123/><V65/><F87/><W99/><G41/><T36/><D36/><U127/><E133/><V125/><F105/><W23/><G124/><T10/><D132/><U67/><E90/><N who="2" m="55319" /><F125/><W9/><G31/><T21/><D78/><U0/><E37/><V14/><F65/><W7/><G120/><T58/><D10/><U66/><E66/><V28/><F22/><W55/><G116/><T8/><D8/><U46/><E108/><V106/><F106/><W97/><G73/><T5/><D5/><U89/><E112/><V62/><F60/><W100/><G72/><T88/><D88/><U79/><E89/><V102/><F102/><W11/><G76/><T69/><D69/><U82/><E127/><V110/><F110/><W113/><G100/><T57/><D21/><U19/><E98/><V42/><F42/><W17/><G113/><T85/><D74/><U54/><E103/><V131/><F131/><N who="1" m="50185" /><E79/><V94/><F94/><W107/><G107/><T135/><D135/><U70/><E82/><V128/><F128/><W6/><G23/><T122/><D122/><U29/><E29/><AGARI ba="0,0" hai="14,15,28,29,30,53,56,62" m="55319,44554" machi="29" ten="30,1000,0" yaku="12,1" doraHai="1" who="2" fromWho="1" sc="250,0,250,-10,250,10,250,0" /><INIT seed="1,0,0,5,0,24" ten="250,240,260,250" oya="1" hai0="67,85,8,29,71,66,99,106,100,2,38,119,54" hai1="78,40,35,56,57,74,53,20,98,95,65,75,122" hai2="105,32,103,69,82,116,21,73,90,42,72,111,115" hai3="12,64,94,117,134,7,70,39,121,93,59,109,101"/><U45/><E35/><V50/><F116/><W6/><G39/><T130/><D119/><U10/><E122/><V113/><F69/><W43/><G70/><T83/><D38/><U91/><E65/><V108/><F21/><W79/><G43/><T120/><D120/><U88/><E78/><V63/><F50/><W102/><G109/><N who="2" m="42057" /><F63/><N who="3" m="38015" /><G134/><T1/><D1/><U127/><E127/><V18/><F18/><W131/><G131/><T5/><D71/><U81/><E10/><V125/><F42/><W51/><G121/><T86/><D86/><U13/><E75/><V55/><F55/><W77/><G51/><T104/><D104/><U36/><E74/><V126/><F32/><W135/><G117/><T25/><D54/><U16/><REACH who="1" step="1"/><E53/><REACH who="1" ten="250,230,260,250" step="2"/><V0/><F73/><W87/><G79/><T49/><D130/><U3/><E3/><V17/><F0/><W92/><G135/><T4/><D4/><U112/><E112/><N who="2" m="43083" /><F72/><W34/><G34/><T68/><D68/><U19/><E19/><V132/><F17/><W9/><G6/><T80/><D49/><U114/><E114/><V46/><F132/><W129/><G129/><T48/><D48/><U58/><E58/><V89/><F46/><W96/><G7/><T41/><D66/><U22/><E22/><V33/><F33/><W15/><G9/><T124/><D67/><U14/><E14/><V62/><F62/><W97/><G12/><T60/><D60/><U30/><E30/><V26/><F126/><W44/><G15/><T133/><D124/><U31/><E31/><V110/><F110/><W128/><G44/><RYUUKYOKU ba="0,1" sc="250,-10,230,30,260,-10,250,-10" hai1="13,16,20,36,40,45,56,57,81,88,91,95,98" /><INIT seed="1,1,1,0,5,122" ten="240,260,250,240" oya="1" hai0="47,99,112,33,84,108,15,77,65,25,78,28,4" hai1="39,48,50,42,62,109,6,20,57,76,97,32,17" hai2="117,56,98,129,79,41,31,53,37,67,74,60,69" hai3="0,11,101,121,46,134,27,126,71,8,13,119,102"/><U83/><E32/><V36/><F117/><W103/><G121/><T51/><D112/><U18/><E39/><V21/><F129/><W133/><G71/><T1/><D1/><U40/><E6/><V68/><F98/><W29/><G0/><T16/><D4/><U9/><E109/><V75/><F21/><W127/><G46/><T61/><D99/><U124/><E124/><N who="3" m="47658" /><G119/><T10/><D84/><U96/><E9/><N who="3" m="3658" /><G13/><T80/><D80/><U49/><E97/><V85/><F31/><W44/><G44/><T123/><D123/><U58/><E96/><V113/><F113/><W120/><G120/><T14/><D14/><U130/><E130/><V2/><F2/><W91/><G91/><T59/><D108/><U115/><E115/><V63/><F85/><W72/><G72/><T95/><D95/><U94/><E94/><V30/><F30/><W105/><G105/><T24/><D25/><U73/><E58/><V90/><F90/><W66/><G66/><T45/><D45/><U125/><E125/><V82/><F74/><W70/><G70/><T118/><D118/><U34/><E73/><V92/><F92/><W107/><G107/><T12/><D15/><U38/><E83/><V86/><F75/><W88/><G88/><T22/><D33/><AGARI ba="1,1" hai="27,29,33,101,102,103,133,134" m="3658,47658" machi="33" ten="40,1300,0" yaku="18,1" doraHai="122" who="3" fromWho="0" sc="240,-16,260,0,250,0,240,26" /><INIT seed="2,0,0,4,3,116" ten="224,260,250,266" oya="2" hai0="51,129,47,133,53,71,106,4,41,17,93,126,113" hai1="84,120,79,83,97,19,61,128,56,18,81,135,94" hai2="54,114,80,21,115,14,52,91,86,8,7,27,37" hai3="36,10,3,32,40,132,57,28,69,70,46,9,11"/><V107/><F37/><W66/><G132/><T98/><D106/><U38/><E128/><V26/><F107/><W59/><G3/><T35/><D35/><U127/><E38/><V104/><F104/><W44/><G44/><T117/><D71/><U89/><E127/><V72/><F72/><W131/><G131/><T62/><D113/><U42/><E135/><V5/><F115/><W24/><REACH who="3" step="1"/><G70/><REACH who="3" ten="224,260,250,256" step="2"/><T1/><D1/><U22/><E42/><V101/><F114/><W68/><G68/><T50/><D133/><U74/><E120/><V33/><F101/><W39/><G39/><T65/><D129/><U100/><REACH who="1" step="1"/><E22/><REACH who="1" ten="224,250,250,256" step="2"/><V96/><F33/><W90/><G90/><T29/><D126/><U25/><E25/><V87/><F27/><W58/><G58/><T105/><D117/><U13/><E13/><V123/><F123/><W119/><G119/><T16/><D41/><U130/><E130/><V49/><F26/><W124/><G124/><T0/><D0/><U43/><E43/><V121/><F121/><W76/><G76/><T110/><D47/><U34/><E34/><V2/><F21/><W103/><G103/><T77/><D77/><U23/><E23/><V125/><F125/><W30/><G30/><T31/><D31/><U102/><E102/><V15/><F2/><W108/><G108/><T78/><D78/><U82/><E82/><V122/><F122/><W45/><G45/><T134/><D134/><U73/><E73/><V109/><F109/><W55/><G55/><AGARI ba="0,2" hai="18,19,55,56,61,74,79,81,83,84,89,94,97,100" machi="55" ten="30,2000,0" yaku="1,1,7,1,53,0" doraHai="116" doraHaiUra="111" who="1" fromWho="3" sc="224,0,250,40,250,0,256,-20" /><INIT seed="3,0,0,2,3,29" ten="224,290,250,236" oya="3" hai0="50,56,123,33,83,75,107,6,10,24,93,63,36" hai1="119,98,74,76,22,65,111,37,100,132,113,78,52" hai2="32,134,44,45,21,0,110,108,66,92,125,41,25" hai3="114,12,88,71,30,67,91,109,104,4,17,115,62"/><W116/><G116/><T128/><D107/><U13/><E113/><V19/><F0/><W55/><G109/><N who="2" m="42089" /><F134/><W64/><G104/><T131/><D36/><U2/><E65/><V28/><F125/><W40/><G40/><T8/><D123/><U112/><E74/><V106/><F106/><W14/><G64/><T82/><D50/><U105/><E2/><V59/><F92/><W39/><G39/><T102/><D93/><U95/><E112/><V77/><F77/><W38/><G38/><T126/><D75/><U133/><E119/><V87/><F87/><W80/><G4/><T54/><D126/><U86/><E111/><V49/><F45/><W69/><G69/><T127/><D127/><U57/><E37/><V99/><F99/><W1/><G1/><T103/><D10/><U118/><E118/><V130/><F130/><N who="0" m="49706" /><D103/><U35/><E133/><V9/><F9/><W51/><G114/><T90/><D102/><U61/><E132/><V68/><F68/><W16/><G115/><T60/><D90/><U48/><E105/><V11/><F11/><W42/><G42/><T135/><D63/><U85/><E61/><N who="2" m="38207" /><F19/><W5/><G5/><T72/><D72/><U58/><E100/><V94/><F94/><W70/><G70/><T96/><D96/><U89/><E98/><V101/><F101/><W84/><G91/><T7/><D7/><U15/><E89/><V18/><F18/><N who="3" m="7275" /><G30/><N who="0" m="19655" /><D135/><U121/><E95/><V120/><F120/><W53/><G51/><T46/><D46/><U34/><E121/><V97/><F97/><W27/><G27/><T129/><D129/><RYUUKYOKU ba="0,0" sc="224,10,290,-30,250,10,236,10" hai0="6,8,54,56,60,82,83" hai2="21,25,28,32,41,44,49" hai3="12,14,53,55,62,67,71,80,84,88" /><INIT seed="3,1,0,3,0,54" ten="234,260,260,246" oya="3" hai0="20,76,43,49,7,63,104,107,88,91,112,10,100" hai1="21,90,14,15,51,65,124,133,134,118,35,33,81" hai2="24,84,119,47,3,99,114,72,40,125,74,41,57" hai3="9,1,98,85,94,97,103,89,34,52,22,31,82"/><W19/><G34/><T55/><D76/><U64/><E124/><V11/><F125/><W86/><G31/><T73/><D73/><U62/><E51/><V95/><F119/><W30/><G30/><T130/><D130/><U70/><E118/><V69/><F69/><W120/><G120/><T67/><D43/><U71/><E90/><V126/><F114/><W132/><G132/><T32/><D32/><U66/><E81/><V102/><F24/><W115/><G115/><T27/><D49/><U117/><E117/><V108/><F108/><W131/><G131/><T59/><D67/><U26/><E21/><V127/><F41/><W50/><G9/><T13/><D112/><U116/><E116/><V83/><F74/><W123/><G123/><T42/><D42/><U56/><E26/><V122/><F72/><W8/><G8/><T16/><D107/><U129/><E129/><V77/><F122/><W45/><G1/><T6/><D6/><U25/><E25/><V101/><F127/><W61/><G61/><T92/><D104/><U28/><E28/><V17/><F126/><W23/><G19/><T53/><D53/><N who="1" m="34063" /><E35/><V36/><F57/><W121/><G121/><T2/><D2/><U75/><E75/><V44/><F44/><W93/><REACH who="3" step="1"/><G85/><REACH who="3" ten="234,260,260,236" step="2"/><T4/><D7/><U39/><E33/><V87/><F3/><W5/><G5/><T78/><REACH who="0" step="1"/><D78/><AGARI ba="1,1" hai="22,23,45,50,52,78,82,86,89,93,94,97,98,103" machi="78" ten="30,11600,0" yaku="1,1,7,1,8,1,54,1,53,0" doraHai="54" doraHaiUra="135" who="3" fromWho="0" sc="234,-119,260,0,260,0,236,129" /><INIT seed="3,2,0,1,5,108" ten="115,260,260,365" oya="3" hai0="95,104,91,121,27,12,135,81,114,31,111,115,67" hai1="15,42,69,106,3,134,101,94,79,120,125,97,41" hai2="57,127,113,9,64,87,128,49,123,36,4,103,124" hai3="129,116,86,34,62,51,74,55,0,39,52,99,133"/><W88/><G116/><T40/><D104/><U8/><E3/><V10/><F123/><W59/><G133/><T65/><D111/><U38/><E120/><V56/><F36/><W118/><G118/><T43/><D121/><U17/><E125/><N who="2" m="48203" /><F103/><W37/><G74/><T2/><D2/><U77/><E69/><V35/><F35/><W5/><G34/><T112/><D81/><U109/><E109/><V14/><F128/><W70/><G129/><T96/><D135/><U23/><E106/><V7/><F87/><W73/><G73/><T19/><D40/><N who="1" m="15467" /><E38/><V107/><F107/><W117/><G117/><T6/><D6/><N who="1" m="3479" /><E134/><V53/><F64/><W85/><G39/><T80/><D43/><U32/><E32/><V29/><F29/><W100/><G37/><T98/><D80/><U58/><E58/><N who="2" m="33071" /><F113/><W30/><G70/><T47/><D47/><U20/><E20/><V76/><F76/><W60/><G0/><AGARI ba="2,0" hai="0,4,7,9,10,14,56,57" m="33071,48203" machi="0" ten="30,1000,0" yaku="18,1" doraHai="108" who="2" fromWho="3" sc="115,0,260,0,260,16,365,-16" /><INIT seed="4,0,0,1,0,87" ten="115,260,276,349" oya="0" hai0="43,126,119,107,38,95,32,132,85,113,62,110,28" hai1="91,57,31,36,55,130,104,123,20,82,84,61,54" hai2="78,63,106,8,41,30,64,9,2,12,129,19,79" hai3="108,116,27,34,7,6,68,100,1,65,134,114,120"/><T80/><D107/><U35/><E123/><V86/><F106/><W89/><G114/><T98/><D119/><U73/><E130/><V10/><F129/><W59/><G68/><T69/><D113/><U46/><E35/><V109/><F109/><W122/><G108/><T24/><D110/><U13/><E73/><V5/><F41/><W60/><G134/><T88/><D132/><U115/><E104/><V37/><F30/><W77/><G77/><T42/><D126/><U4/><E36/><V135/><F37/><W39/><G39/><T48/><D38/><U112/><E4/><V94/><F10/><W29/><G100/><T18/><D18/><U111/><E111/><V3/><F3/><W92/><G116/><T26/><D26/><U23/><E115/><V96/><F86/><W50/><G50/><T103/><REACH who="0" step="1"/><D48/><REACH who="0" ten="105,260,276,349" step="2"/><N who="1" m="28951" /><E112/><V102/><REACH who="2" step="1"/><F135/><REACH who="2" ten="105,260,266,349" step="2"/><W81/><G120/><T101/><D101/><U128/><E128/><V97/><F97/><W131/><G122/><T90/><D90/><U125/><E125/><V83/><F83/><W14/><G81/><T21/><D21/><U70/><E23/><V17/><F17/><W45/><G131/><T105/><D105/><U127/><E127/><V93/><F93/><W121/><G121/><T15/><D15/><U49/><E13/><V71/><AGARI ba="0,2" hai="2,5,8,9,12,19,63,64,71,78,79,94,96,102" machi="71" ten="20,5200,0" yaku="1,1,0,1,7,1,53,1" doraHai="87" doraHaiUra="56" who="2" fromWho="2" sc="105,-26,260,-13,266,72,349,-13" /><INIT seed="5,0,0,1,5,59" ten="79,247,338,336" oya="1" hai0="5,118,104,2,53,63,17,58,114,105,44,22,83" hai1="38,14,79,49,98,134,27,51,39,117,89,68,9" hai2="46,130,109,82,47,74,54,135,123,3,97,24,87" hai3="7,66,85,94,73,64,31,70,65,1,67,92,19"/><U26/><E117/><V81/><F3/><W127/><G73/><T13/><D118/><U113/><E68/><V121/><F109/><W126/><G31/><T34/><D114/><U23/><E113/><V45/><F135/><W110/><G110/><T91/><D44/><U128/><E128/><V61/><F130/><W100/><G100/><T43/><D43/><U55/><E79/><V69/><F24/><W21/><G1/><T10/><D83/><U125/><E125/><N who="3" m="47626" /><G7/><T12/><D12/><U62/><E39/><V76/><F97/><W120/><G120/><T75/><D75/><U86/><E98/><V132/><F132/><W106/><G106/><T48/><D48/><N who="1" m="18507" /><E38/><V119/><F119/><W6/><G6/><T115/><D115/><U78/><E78/><V111/><F111/><W108/><G108/><T112/><D112/><U101/><E101/><V11/><F11/><W80/><N who="3" m="16384" /><DORA hai="88" /><W42/><G70/><T102/><D102/><U60/><E55/><V84/><F69/><W57/><G42/><T99/><REACH who="0" step="1"/><D34/><REACH who="0" ten="69,247,338,336" step="2"/><U25/><E134/><V122/><F82/><W28/><G80/><T32/><D32/><U124/><E124/><V56/><AGARI ba="0,1" hai="45,46,47,54,56,61,74,76,81,84,87,121,122,123" machi="56" ten="40,2700,0" yaku="0,1,52,1" doraHai="59,88" who="2" fromWho="2" sc="69,-7,247,-13,338,37,336,-7" /><INIT seed="6,0,0,3,3,91" ten="62,234,375,329" oya="2" hai0="59,56,0,78,30,101,106,71,115,51,112,65,11" hai1="38,31,94,83,134,127,87,2,132,67,46,98,135" hai2="110,125,104,129,123,37,66,57,55,33,75,58,70" hai3="100,12,121,69,109,53,23,63,8,27,97,105,88"/><V26/><RYUUKYOKU type="yao9" ba="0,0" sc="62,0,234,0,375,0,329,0" hai2="26,33,37,55,57,58,66,70,75,104,110,123,125,129" /><INIT seed="6,1,0,2,2,127" ten="62,234,375,329" oya="2" hai0="18,47,90,112,97,45,16,65,62,122,98,23,12" hai1="81,102,87,74,40,85,41,39,20,2,17,10,73" hai2="28,119,77,125,107,88,104,1,52,75,24,106,26" hai3="55,133,13,110,8,43,69,116,25,54,126,42,132"/><V135/><F119/><W108/><G25/><T44/><D122/><U130/><E102/><V38/><F1/><W49/><G13/><T94/><D112/><U92/><E92/><V58/><F38/><W48/><G8/><T99/><REACH who="0" step="1"/><D18/><REACH who="0" ten="52,234,375,329" step="2"/><U4/><E17/><V71/><F125/><W22/><G126/><T56/><AGARI ba="1,1" hai="12,16,23,44,45,47,56,62,65,90,94,97,98,99" machi="56" ten="30,8000,1" yaku="1,1,2,1,0,1,8,1,54,1,53,0" doraHai="127" doraHaiUra="114" who="0" fromWho="0" sc="52,93,234,-21,375,-41,329,-21" /><INIT seed="7,0,0,1,2,130" ten="145,213,334,308" oya="3" hai0="21,123,96,45,92,38,50,26,27,11,46,32,41" hai1="85,52,69,104,63,117,58,77,95,72,36,56,91" hai2="116,59,6,40,9,60,118,108,83,134,76,101,88" hai3="61,53,47,73,106,81,29,128,111,43,19,113,67"/><W103/><G128/><T121/><D32/><U5/><E36/><V62/><F108/><W89/><G113/><T82/><D82/><U64/><E117/><V86/><F101/><W90/><G29/><T93/><D93/><U44/><E104/><V2/><F40/><W54/><G111/><T135/><D135/><U75/><E5/><V15/><F134/><W126/><G126/><T94/><D94/><U107/><E107/><V100/><F62/><W57/><G106/><T23/><D11/><U105/><E105/><V1/><F100/><W33/><G33/><T114/><D114/><U125/><E125/><V84/><F118/><W4/><G4/><T102/><D23/><U71/><E44/><V97/><F97/><W127/><G127/><T17/><D27/><U42/><E42/><V12/><F2/><W112/><G112/><T0/><D0/><U24/><E24/><V87/><F87/><W14/><G103/><T37/><D38/><U30/><E30/><V119/><F119/><W16/><G73/><T3/><D3/><U20/><E20/><V78/><F78/><W80/><G80/><T122/><D121/><U65/><E77/><V132/><F132/><W110/><G110/><T109/><D109/><U34/><E34/><V39/><F39/><W48/><G19/><T49/><D37/><U10/><E10/><V66/><F116/><W115/><G115/><T133/><D133/><U28/><E28/><V13/><F1/><W129/><G129/><T8/><D8/><U99/><E75/><V74/><F74/><W131/><G131/><T18/><D18/><RYUUKYOKU ba="0,0" sc="145,15,213,-15,334,15,308,-15" hai0="17,21,26,41,45,46,49,50,92,96,102,122,123" hai2="6,9,12,13,15,59,60,66,76,83,84,86,88" owari="160,-34.0,198,-20.0,349,45.0,293,9.0" /></mjloggm>