<mjloggm ver="2.3"><GO type="41" lobby="0"/><UN n0="%E3%82%B9%E3%83%AF%E3%83%AD%E3%83%BC%E3%82%BA%E3%83%91%E3%83%BC%E3%82%AF" n1="%E2%93%9D%53%75%70%68%78" n2="%E8%8C%B6%E6%9C%A8%E5%85%88%E7%94%9F" n3="%E9%AD%94%E4%BA%BA%E3%81%A7%E3%82%89%E3%81%B7%5A" dan="13,17,15,13" rate="1970.76,2047.37,1955.05,1866.66" sx="M,M,M,M"/><TAIKYOKU oya="0"/><INIT seed="0,0,0,1,4,135" ten="250,250,250,250" oya="0" hai0="0,109,94,60,32,76,132,41,47,104,85,43,92" hai1="33,128,77,38,66,115,112,40,78,52,54,48,4" hai2="126,96,8,131,64,73,124,107,24,67,1,84,23" hai3="99,45,36,26,127,35,34,74,55,27,21,80,65"/><T59/><D0/><U81/><E33/><V49/><F73/><W87/><G74/><T56/><D32/><U119/><E119/><V113/><F113/><N who="1" m="43593" /><E128/><V83/><F131/><W28/><G127/><N who="2" m="48681" /><F49/><W7/><G65/><T134/><D104/><U13/><E66/><V19/><F107/><W70/><G70/><T30/><D30/><U111/><E111/><V3/><F96/><W9/><G99/><T16/><D109/><U61/><E38/><V46/><F46/><W90/><G27/><T98/><D85/><N who="1" m="48303" /><E61/><V103/><F103/><W101/><G101/><T117/><D117/><U11/><E78/><N who="2" m="46199" /><F1/><W106/><G106/><T6/><D132/><U121/><E121/><V120/><F120/><W63/><G63/><T108/><D60/><U105/><E105/><V44/><F44/><AGARI ba="0,0" hai="4,11,13,40,44,48,52,54" m="48303,43593" machi="44" ten="30,3900,0" yaku="25,1,11,1,54,1" doraHai="135" who="1" fromWho="2" sc="250,0,250,39,250,-39,250,0" /><INIT seed="1,0,0,0,0,59" ten="250,289,211,250" oya="1" hai0="97,96,8,98,116,77,34,126,10,103,130,121,120" hai1="20,13,44,12,11,22,54,35,125,19,100,123,38" hai2="131,52,99,90,45,55,41,56,82,74,135,85,101" hai3="88,46,111,108,128,104,91,67,75,71,21,107,36"/><U33/><E123/><N who="0" m="47177" /><D34/><U122/><E122/><V118/><F118/><W58/><G75/><T17/><D116/><U133/><E100/><V7/><F135/><W40/><G128/><T95/><D17/><U80/><E125/><V106/><F131/><W61/><G21/><T113/><D130/><U78/><E133/><V86/><F7/><W129/><G129/><T0/><D0/><U112/><E112/><V79/><F86/><W28/><G28/><T16/><D113/><U64/><E64/><V15/><F15/><W105/><REACH who="3" step="1"/><G71/><REACH who="3" ten="250,289,211,240" step="2"/><T70/><D70/><U93/><E22/><V115/><F115/><W48/><G48/><T68/><D68/><U94/><E35/><V89/><F89/><AGARI ba="0,1" hai="36,40,46,58,61,67,88,89,91,104,105,107,108,111" machi="89" ten="50,8000,1" yaku="1,1,52,1,54,1,53,1" doraHai="59" doraHaiUra="42" who="3" fromWho="2" sc="250,0,289,0,211,-80,240,90" /><INIT seed="2,0,0,4,2,46" ten="250,289,131,330" oya="2" hai0="73,99,23,10,48,12,118,22,17,106,105,66,51" hai1="42,95,40,44,112,111,110,26,15,60,109,101,85" hai2="16,84,97,129,76,59,135,71,57,123,39,67,9" hai3="79,120,134,93,87,54,133,74,127,58,5,61,36"/><V47/><F123/><W102/><G120/><T27/><D73/><U115/><E26/><V21/><F71/><W69/><G127/><T2/><D118/><U128/><E15/><V34/><F34/><W88/><G102/><T33/><D66/><U117/><E101/><V100/><F135/><N who="3" m="51723" /><G36/><T89/><D106/><U49/><E95/><V130/><F9/><W7/><G69/><T43/><D43/><U14/><E85/><V104/><F67/><W94/><G93/><N who="0" m="56751" /><D105/><U0/><E14/><V103/><F103/><W98/><G74/><T68/><D68/><U31/><E0/><V131/><F76/><W75/><G75/><T25/><D2/><U125/><E31/><V18/><F84/><W121/><G121/><T19/><D33/><U35/><E35/><V90/><F90/><W55/><G54/><T116/><D116/><U3/><E3/><V83/><F83/><AGARI ba="0,0" hai="5,7,55,58,61,79,83,87,88,94,98" m="51723" machi="83" ten="30,2000,0" yaku="20,1,54,1" doraHai="46" who="3" fromWho="2" sc="250,0,289,0,131,-20,330,20" /><INIT seed="3,0,0,0,2,23" ten="250,289,111,350" oya="3" hai0="93,1,49,79,14,108,91,64,34,112,103,99,81" hai1="135,62,13,68,43,55,22,82,121,7,19,8,52" hai2="78,117,104,124,30,59,54,116,2,133,86,73,60" hai3="61,95,39,11,74,27,48,106,41,45,67,105,132"/><W114/><G114/><T129/><D1/><U110/><E121/><V38/><F133/><W24/><G74/><T25/><D64/><U72/><E110/><V33/><F124/><W65/><G132/><T32/><D108/><U94/><E135/><V126/><F104/><W21/><G11/><T102/><D129/><U75/><E43/><V28/><F38/><W111/><G111/><T4/><D49/><U80/><E94/><V123/><F2/><W36/><G67/><T16/><D4/><U76/><E68/><V115/><F73/><W109/><G109/><T128/><D128/><U98/><E98/><V70/><F28/><W77/><G77/><T131/><D131/><U0/><E62/><V46/><F126/><W18/><G27/><T44/><D44/><U125/><E125/><V127/><F127/><W100/><G106/><T118/><D118/><U113/><E113/><V71/><F123/><W37/><G105/><T92/><D102/><U101/><E101/><V130/><F130/><W12/><G12/><T88/><D103/><U9/><E9/><V3/><F3/><W90/><G100/><T63/><D63/><U85/><REACH who="1" step="1"/><E75/><REACH who="1" ten="250,279,111,350" step="2"/><V6/><F115/><W97/><G39/><T20/><D112/><U122/><E122/><V58/><F71/><AGARI ba="0,1" hai="18,21,24,36,37,41,45,48,61,65,71,90,95,97" machi="71" ten="30,2900,0" yaku="7,1,52,1" doraHai="23" who="3" fromWho="2" sc="250,0,279,0,111,-29,350,39" /><INIT seed="3,1,0,5,3,11" ten="250,279,82,389" oya="3" hai0="96,37,87,1,110,44,86,40,18,79,94,83,112" hai1="65,102,80,24,130,69,50,70,42,117,27,125,105" hai2="54,46,49,33,88,127,30,35,123,34,100,72,95" hai3="108,104,0,52,7,12,81,28,115,56,122,121,73"/><W17/><G115/><T9/><D110/><U67/><E102/><V23/><F127/><W106/><G108/><T82/><D112/><U132/><E105/><V60/><F72/><W126/><G126/><T3/><D94/><U97/><E125/><V45/><F123/><W71/><G71/><T116/><D96/><U90/><E132/><V66/><F100/><W99/><G28/><T6/><D18/><U39/><E39/><V92/><F92/><W98/><G106/><T113/><D116/><U109/><E130/><V135/><F23/><W48/><G7/><T47/><D47/><U16/><E70/><V84/><F135/><W63/><G0/><T119/><D119/><U62/><E67/><V32/><F46/><W75/><G122/><T26/><D26/><U77/><E27/><V8/><F8/><W101/><G99/><T21/><D21/><U19/><E24/><V41/><F30/><W133/><G133/><T59/><D59/><U134/><E117/><V13/><N who="2" m="8192" /><DORA hai="74" /><V124/><F41/><W58/><G81/><T93/><D93/><N who="1" m="56503" /><E109/><V38/><F38/><W51/><G121/><T118/><D118/><U128/><E128/><V43/><F43/><W129/><G129/><T61/><D61/><U29/><E29/><V89/><F124/><W55/><G63/><T114/><D1/><U22/><E22/><AGARI ba="1,0" hai="12,17,22,48,51,52,55,56,58,73,75,98,101,104" machi="22" ten="30,11600,0" yaku="7,1,9,1,52,1,54,1" doraHai="11,74" who="3" fromWho="1" sc="250,0,279,-119,82,0,389,119" /><INIT seed="3,2,0,0,5,98" ten="250,160,82,508" oya="3" hai0="61,38,97,114,72,73,63,40,91,122,100,64,126" hai1="43,112,133,30,130,77,19,54,3,104,94,132,21" hai2="4,10,102,57,53,134,89,50,76,5,129,51,9" hai3="84,41,20,34,105,107,116,124,69,1,2,81,119"/><W32/><G69/><T70/><D91/><U92/><E112/><V31/><F129/><W110/><G124/><T0/><D122/><U65/><E3/><V42/><F134/><W6/><G110/><T52/><D114/><U22/><E43/><V127/><F127/><W56/><G20/><T86/><D86/><U44/><E104/><V35/><F76/><W33/><G41/><T17/><D17/><U66/><E77/><V115/><F115/><W68/><G68/><T113/><D113/><U36/><E54/><V125/><F125/><W18/><G18/><T60/><D0/><U27/><E44/><V80/><F31/><W37/><G37/><T131/><D131/><U23/><E36/><V117/><F35/><W101/><G56/><T14/><D14/><U29/><E19/><V78/><F89/><W28/><G28/><N who="1" m="10858" /><E27/><V48/><F42/><W45/><G45/><T128/><D128/><U13/><E13/><V16/><F10/><W109/><G109/><T108/><D108/><U99/><E99/><V59/><F59/><W58/><G58/><N who="0" m="34887" /><D40/><U121/><E121/><V79/><F57/><W71/><G71/><T96/><D38/><U120/><E120/><V106/><F53/><W62/><G62/><N who="0" m="23563" /><D96/><U74/><E130/><V111/><F111/><W11/><G2/><T135/><D126/><U87/><E87/><V93/><F106/><W12/><G1/><T123/><D123/><U75/><E133/><V95/><F79/><N who="3" m="46143" /><G107/><N who="0" m="63887" /><D135/><U26/><E132/><V85/><F78/><W39/><G39/><T88/><D70/><U8/><E26/><V15/><F85/><RYUUKYOKU ba="2,0" sc="250,-10,160,-10,82,-10,508,30" hai3="6,11,12,32,33,34,101,105,116,119" /><INIT seed="3,3,0,0,2,87" ten="240,150,72,538" oya="3" hai0="124,1,113,75,26,86,24,134,25,7,33,66,125" hai1="130,101,44,46,92,31,18,11,42,54,61,49,30" hai2="4,103,45,121,78,8,69,3,85,6,55,70,10" hai3="43,90,68,41,115,0,123,74,65,63,132,131,28"/><W15/><G123/><T17/><D75/><U59/><E130/><V100/><F121/><W108/><G115/><T110/><D66/><U29/><E46/><V67/><F55/><W76/><G0/><T62/><D62/><U32/><E32/><V118/><F118/><W51/><G131/><T9/><D86/><U105/><E105/><V38/><F67/><W64/><G108/><T107/><D107/><U109/><E109/><V72/><F103/><W119/><G119/><T95/><D95/><U97/><E18/><V57/><F100/><W98/><G132/><T96/><D96/><U47/><E11/><V88/><F57/><W104/><G65/><T35/><D110/><U60/><REACH who="1" step="1"/><E47/><REACH who="1" ten="240,140,72,538" step="2"/><V80/><F45/><W40/><G104/><T16/><D113/><U21/><E21/><V73/><F38/><AGARI ba="3,1" hai="29,30,31,38,42,44,49,54,59,60,61,92,97,101" machi="38" ten="40,2600,0" yaku="1,1,53,1" doraHai="87" doraHaiUra="50" who="1" fromWho="2" sc="240,0,140,45,72,-35,538,0" /><INIT seed="4,0,0,3,1,85" ten="240,185,37,538" oya="0" hai0="133,84,40,23,61,66,24,115,106,80,103,10,45" hai1="65,82,83,38,70,71,50,13,4,135,19,134,0" hai2="43,109,11,25,98,107,55,18,92,126,73,41,124" hai3="120,49,97,31,74,46,44,128,81,39,122,112,129"/><T64/><D115/><U17/><E38/><V114/><F109/><W9/><G112/><T58/><D133/><N who="1" m="50699" /><E50/><V3/><F107/><W6/><G31/><T8/><D106/><U12/><E4/><V94/><F73/><W121/><G97/><T123/><D103/><U90/><E65/><V86/><F114/><W78/><G39/><T30/><D66/><U35/><E0/><V88/><F55/><N who="3" m="30119" /><G46/><T117/><D117/><U110/><E35/><V26/><F3/><AGARI ba="0,0" hai="3,6,9,74,78,81,120,121,122,128,129" m="30119" machi="3" ten="30,1000,0" yaku="13,1" doraHai="85" who="3" fromWho="2" sc="240,0,185,0,37,-10,538,10" /><INIT seed="5,0,0,5,5,61" ten="240,185,27,548" oya="1" hai0="47,3,24,87,92,121,98,77,36,108,5,78,67" hai1="32,69,120,28,7,14,94,27,51,60,62,102,18" hai2="119,33,107,110,40,130,125,112,12,31,73,132,114" hai3="42,8,25,55,115,37,35,72,26,96,54,103,16"/><U65/><E120/><V38/><F40/><W6/><G72/><T0/><D0/><U49/><E7/><V68/><F12/><W46/><G115/><T41/><D5/><U95/><E62/><V83/><F31/><W116/><G116/><T99/><D3/><U80/><E80/><V88/><F88/><W81/><G81/><T106/><D106/><U52/><E51/><V118/><F83/><W57/><G35/><T100/><D108/><U79/><E102/><V117/><F114/><W9/><G16/><T97/><D24/><U82/><E14/><V19/><F19/><W93/><G54/><T48/><D36/><U135/><E135/><V101/><F101/><W22/><G22/><T56/><D87/><U45/><REACH who="1" step="1"/><E18/><REACH who="1" ten="240,175,27,548" step="2"/><V30/><F30/><W91/><G103/><T13/><D13/><U66/><E66/><V122/><F119/><W126/><G26/><T104/><D121/><U133/><E133/><V109/><F118/><W124/><G25/><T89/><D104/><U84/><AGARI ba="0,1" hai="27,28,32,45,49,52,60,65,69,79,82,84,94,95" machi="84" ten="20,12000,1" yaku="1,1,0,1,7,1,52,1,54,1,53,0" doraHai="61" doraHaiUra="11" who="1" fromWho="1" sc="240,-40,175,130,27,-40,548,-40" owari="200,-20.0,305,11.0,-13,-51.0,508,60.0" /></mjloggm>