<mjloggm ver="2.3"><GO type="41" lobby="0"/><UN n0="%E3%82%B3%E3%83%B3%E3%82%B5%E3%83%89%E3%83%BC%E3%83%AC" n1="%E2%93%9D%53%75%70%68%78" n2="%E3%81%B5%E3%81%95%E3%81%97%E4%B8%B8" n3="%E7%A5%9E%E5%91%AA%E9%AD%94%E5%A5%B3" dan="14,18,14,14" rate="1936.04,2128.17,2034.83,2006.29" sx="F,M,M,F"/><TAIKYOKU oya="0"/><INIT seed="0,0,0,5,4,21" ten="250,250,250,250" oya="0" hai0="120,1,62,33,88,35,9,19,27,64,128,113,17" hai1="32,39,10,96,78,22,103,108,2,118,131,63,102" hai2="125,57,85,100,121,104,132,106,133,65,38,87,116" hai3="84,5,101,41,48,72,68,122,20,31,34,70,90"/><T73/><D73/><U97/><E118/><V126/><F38/><W61/><G72/><T134/><D113/><U82/><E32/><V110/><F65/><W89/><G122/><T117/><D117/><U29/><E108/><V69/><F116/><W0/><G101/><T77/><D120/><U45/><E131/><V55/><F121/><W95/><G61/><T43/><D77/><U93/><E63/><V40/><F69/><W127/><G127/><N who="2" m="48649" /><F40/><W99/><G34/><T26/><D128/><U50/><E39/><V54/><F100/><W112/><G112/><T8/><D43/><U53/><E10/><V130/><F110/><W4/><G0/><T59/><D134/><N who="2" m="51818" /><F57/><W11/><G68/><T25/><D33/><U23/><E2/><V36/><F36/><W123/><G70/><T56/><D35/><U66/><E66/><V44/><F44/><N who="3" m="25615" /><G11/><N who="0" m="4171" /><D1/><U135/><E135/><V71/><F71/><W105/><G123/><T129/><D129/><U119/><E119/><V94/><F94/><N who="3" m="54567" /><G105/><N who="2" m="40553" /><F130/><W81/><G81/><T80/><D59/><U14/><E82/><V46/><F46/><W107/><G107/><T12/><D12/><U30/><E14/><V7/><F7/><W42/><G42/><T91/><D80/><U47/><E47/><V83/><F83/><W79/><G79/><T74/><D74/><U24/><E78/><V18/><F18/><AGARI ba="0,0" hai="17,18,19,25,26,27,56,62,64,88,91" m="4171" machi="18" ten="30,12000,1" yaku="8,1,52,3,54,1" doraHai="21" who="0" fromWho="2" sc="250,120,250,0,250,-120,250,0" /><INIT seed="0,1,0,4,4,22" ten="370,250,130,250" oya="0" hai0="89,49,71,121,35,90,83,82,34,56,31,114,33" hai1="28,119,115,55,86,54,13,102,48,39,75,3,87" hai2="20,0,127,29,2,51,12,30,46,42,78,131,47" hai3="93,57,15,10,80,117,123,58,38,76,6,125,95"/><T110/><D71/><U5/><E39/><V62/><F127/><W122/><G117/><T101/><D114/><U81/><E3/><V53/><F131/><W32/><G38/><T116/><D116/><U63/><E75/><V112/><F112/><W104/><G104/><T8/><D121/><N who="3" m="46089" /><G32/><T44/><D101/><U73/><E73/><V27/><F78/><W129/><G125/><T18/><D110/><U99/><E87/><V66/><F0/><W9/><G129/><T69/><D69/><U134/><E134/><V120/><F2/><W52/><G9/><T79/><D56/><N who="3" m="21609" /><G52/><T4/><D18/><U25/><E55/><V103/><F62/><W14/><G14/><T124/><D31/><U16/><E63/><V106/><F66/><W17/><G6/><T94/><D82/><U21/><E5/><V64/><F64/><W126/><G126/><T36/><D36/><U105/><E119/><V7/><F120/><W19/><G19/><T65/><D65/><U128/><E115/><V100/><F29/><W1/><G1/><T92/><D124/><U97/><E128/><V96/><F103/><W108/><G108/><T26/><D8/><N who="1" m="6183" /><E102/><V107/><F7/><W133/><G133/><T37/><D4/><U111/><E105/><V11/><F11/><W72/><AGARI ba="1,0" hai="10,15,17,72,76,80,93,95" m="21609,46089" machi="72" ten="30,1100,0" yaku="13,1" doraHai="22" who="3" fromWho="3" sc="370,-6,250,-4,130,-4,250,14" /><INIT seed="1,0,0,3,3,17" ten="364,246,126,264" oya="1" hai0="6,48,121,132,29,127,19,20,80,106,107,22,100" hai1="71,60,33,101,38,14,47,1,62,23,42,90,65" hai2="113,15,58,43,91,84,2,7,8,109,31,68,74" hai3="72,10,44,32,111,89,77,66,41,11,73,104,56"/><U36/><E33/><V3/><F109/><W57/><G32/><T18/><D132/><U75/><E1/><V24/><F68/><W128/><G111/><T112/><D112/><U61/><E75/><V5/><F74/><W70/><G104/><T46/><D127/><U25/><E38/><V67/><F113/><W103/><G103/><T35/><D121/><U69/><E101/><V13/><F43/><W133/><G133/><T26/><D6/><U9/><E90/><V110/><F110/><W129/><G89/><T54/><D80/><U122/><E122/><V87/><F87/><W119/><G119/><T53/><D53/><U115/><E115/><V40/><F40/><W49/><G70/><T78/><D78/><U123/><E123/><V39/><F39/><W86/><G66/><T21/><REACH who="0" step="1"/><D100/><REACH who="0" ten="354,246,126,264" step="2"/><U50/><E65/><V92/><F5/><W98/><G77/><T28/><D28/><U12/><E71/><V64/><F2/><W135/><G135/><T118/><D118/><U108/><E108/><V125/><F125/><W134/><G134/><T45/><D45/><U79/><E79/><V88/><F91/><W120/><G120/><T102/><D102/><U126/><E69/><V130/><F67/><W63/><G44/><T95/><D95/><U51/><E126/><V59/><F64/><W99/><G72/><T96/><D96/><U105/><E105/><AGARI ba="0,1" hai="18,19,20,21,22,26,29,35,46,48,54,105,106,107" machi="105" ten="40,8000,1" yaku="1,1,52,3,53,1" doraHai="17" doraHaiUra="30" who="0" fromWho="1" sc="354,90,246,-80,126,0,264,0" /><INIT seed="2,0,0,0,0,108" ten="444,166,126,264" oya="2" hai0="24,58,91,27,113,22,23,25,98,29,85,12,84" hai1="104,118,76,112,128,20,30,107,97,94,70,42,127" hai2="64,32,69,79,92,59,3,100,18,61,102,123,8" hai3="11,14,15,73,44,122,35,134,87,28,57,68,117"/><V10/><F123/><W0/><G122/><T1/><D113/><U133/><E42/><V56/><F32/><W96/><G117/><T86/><D1/><U116/><E70/><V72/><F3/><W110/><G110/><T31/><D58/><U81/><E30/><N who="0" m="11273" /><D12/><U121/><E20/><N who="0" m="7721" /><D98/><U103/><E121/><V36/><F36/><W93/><G68/><T16/><D16/><U19/><E19/><V53/><F18/><W46/><G28/><T34/><D34/><U131/><E127/><V62/><F69/><W48/><G35/><T67/><D67/><U65/><E65/><V125/><F125/><W120/><G120/><T135/><D135/><U63/><E63/><V43/><F43/><W51/><G134/><T119/><D119/><N who="1" m="45611" /><E112/><V130/><F130/><N who="1" m="49705" /><E133/><V89/><F79/><W80/><G44/><T54/><D54/><U66/><E66/><V109/><F72/><AGARI ba="0,0" hai="72,76,81,94,97,103,104,107" m="49705,45611" machi="72" ten="30,3900,0" yaku="19,1,34,2" doraHai="108" who="1" fromWho="2" sc="444,0,166,39,126,-39,264,0" /><INIT seed="3,0,0,5,5,58" ten="444,205,87,264" oya="3" hai0="33,11,3,32,63,23,114,88,97,16,129,42,35" hai1="9,31,104,4,30,50,80,121,123,36,69,17,65" hai2="106,134,85,119,84,81,67,124,46,105,14,10,89" hai3="92,107,61,130,73,12,86,127,43,70,34,48,93"/><W62/><G73/><T95/><D129/><U15/><E104/><V109/><F119/><W57/><G130/><T25/><D114/><U99/><E36/><V96/><F109/><W5/><G107/><T56/><D42/><U78/><E99/><V79/><F124/><W75/><G75/><T38/><D38/><U45/><E17/><V74/><F134/><W108/><G34/><T29/><D3/><U87/><E123/><V13/><F46/><N who="3" m="25695" /><G127/><T41/><D41/><N who="1" m="24879" /><E121/><V44/><F44/><W113/><G113/><T118/><D118/><U59/><E69/><V102/><F84/><W128/><G128/><T21/><D11/><U94/><E94/><N who="3" m="36458" /><G70/><T133/><D133/><U77/><E77/><V37/><F37/><W112/><G108/><T72/><D72/><U71/><E71/><V22/><F106/><W19/><G112/><T126/><D126/><U54/><E65/><V68/><F22/><N who="3" m="11623" /><G5/><T82/><D82/><U122/><E122/><V115/><F115/><W20/><G20/><T90/><D90/><U6/><E6/><V66/><F68/><W60/><G86/><T2/><D2/><U76/><E76/><V26/><F26/><W64/><AGARI ba="0,0" hai="57,60,61,62,64" m="11623,36458,25695" machi="64" ten="30,11700,0" yaku="8,1,52,3" doraHai="58" who="3" fromWho="3" sc="444,-39,205,-39,87,-39,264,117" /><INIT seed="3,1,0,0,3,69" ten="405,166,48,381" oya="3" hai0="76,74,70,102,23,38,53,68,72,131,39,126,96" hai1="82,12,29,52,119,133,106,98,94,127,73,100,134" hai2="93,120,19,13,92,0,9,37,35,87,21,18,118" hai3="107,57,43,44,113,81,123,111,50,26,7,65,64"/><W58/><G113/><T30/><D131/><U16/><E29/><V3/><F118/><W104/><G123/><T114/><D126/><U55/><E127/><V14/><F120/><W60/><G111/><T15/><D114/><U8/><E119/><V71/><F71/><W135/><G135/><N who="1" m="51722" /><E106/><V25/><F87/><W4/><G104/><T132/><D132/><U78/><AGARI ba="1,0" hai="8,12,16,52,55,73,78,82,94,98,100" m="51722" machi="78" ten="30,4000,0" yaku="20,1,54,2" doraHai="69" who="1" fromWho="1" sc="405,-11,166,43,48,-11,381,-21" /><INIT seed="4,0,0,1,2,105" ten="394,209,37,360" oya="0" hai0="27,34,49,112,93,44,6,36,127,71,9,97,116" hai1="106,57,41,122,96,56,26,84,72,131,75,59,132" hai2="95,103,109,2,78,43,45,15,19,117,8,3,74" hai3="18,125,10,104,58,130,101,1,70,61,65,67,12"/><T90/><D112/><U42/><E122/><V115/><F115/><W50/><G130/><T110/><D127/><U85/><E131/><V30/><F109/><W107/><G125/><T37/><D116/><U124/><E124/><V83/><F30/><W53/><G101/><T7/><D71/><U108/><E108/><V0/><F117/><W4/><REACH who="3" step="1"/><G65/><REACH who="3" ten="394,209,37,350" step="2"/><T76/><D110/><U133/><E106/><V54/><F103/><W40/><G40/><T88/><D37/><U48/><E42/><V20/><F43/><W86/><G86/><T29/><D36/><U35/><E85/><V114/><F114/><W16/><G16/><T119/><D119/><U23/><E84/><V51/><REACH who="2" step="1"/><F95/><REACH who="2" ten="394,209,27,350" step="2"/><W32/><G32/><T60/><D93/><U55/><E35/><V46/><F46/><W98/><G98/><T123/><D97/><U63/><E41/><V66/><F66/><W118/><G118/><T38/><D44/><U21/><E96/><V126/><F126/><W14/><G14/><T80/><D123/><U13/><E13/><V99/><F99/><W52/><G52/><T135/><D38/><U39/><E39/><V134/><F134/><W87/><G87/><T17/><D135/><U79/><E133/><V77/><F77/><W5/><G5/><AGARI ba="0,2" hai="0,2,3,5,8,15,19,20,45,51,54,74,78,83" machi="5" ten="40,2600,0" yaku="1,1,52,1,53,0" doraHai="105" doraHaiUra="69" who="2" fromWho="3" sc="394,0,209,0,27,46,350,-26" /><INIT seed="5,0,0,1,1,88" ten="394,209,73,324" oya="1" hai0="133,46,31,37,110,104,36,127,5,91,95,61,57" hai1="92,125,62,43,11,29,83,99,71,39,135,22,130" hai2="80,77,19,81,24,132,2,86,30,69,103,115,109" hai3="18,8,45,105,15,27,123,42,12,85,6,131,107"/><U51/><E39/><V89/><F2/><W49/><G123/><T67/><D133/><U48/><E130/><V128/><F109/><W121/><G121/><T134/><D127/><U7/><E125/><V9/><F69/><W111/><G111/><T35/><D134/><U122/><E122/><V102/><F132/><W74/><G131/><T96/><D110/><U58/><E71/><V38/><F38/><W75/><G27/><T1/><D104/><U10/><E83/><V126/><F126/><W13/><G105/><T4/><D1/><U28/><E135/><V117/><F117/><W63/><G107/><T119/><D119/><U113/><E113/><V21/><F128/><W120/><G120/><T78/><D78/><U98/><E98/><V16/><F115/><W41/><G41/><T40/><D36/><U17/><E7/><V97/><F9/><N who="1" m="3081" /><E43/><V94/><REACH who="2" step="1"/><F103/><REACH who="2" ten="394,209,63,324" step="2"/><W52/><G8/><T72/><D37/><U101/><E29/><V34/><F34/><W47/><G6/><T56/><D35/><U59/><E28/><V55/><F55/><W0/><G52/><T70/><D31/><U84/><E101/><V82/><F82/><W124/><G124/><T60/><D4/><U32/><E32/><V3/><F3/><W114/><G0/><T106/><D5/><U66/><E66/><V53/><F53/><W26/><G114/><T64/><D70/><U79/><E17/><V54/><F54/><W76/><G18/><T65/><D65/><U73/><E59/><V129/><F129/><W87/><G42/><T23/><D40/><U20/><E58/><RYUUKYOKU ba="0,1" sc="394,-10,209,-10,63,30,324,-10" hai2="16,19,21,24,30,77,80,81,86,89,94,97,102" /><INIT seed="6,1,1,3,4,37" ten="384,199,93,314" oya="2" hai0="60,92,65,61,29,40,132,121,130,54,15,131,126" hai1="47,84,98,79,101,38,111,49,75,85,89,52,8" hai2="124,127,102,119,112,26,67,22,0,87,45,28,128" hai3="90,44,42,110,23,133,116,32,91,125,73,77,31"/><V3/><F119/><W100/><G116/><T97/><D121/><U95/><E111/><V6/><F112/><W118/><G118/><T58/><D132/><U51/><E38/><V80/><F128/><W50/><G110/><T27/><D126/><N who="2" m="48170" /><F67/><W21/><G125/><T30/><D40/><N who="1" m="24807" /><E75/><V94/><F6/><W4/><G133/><T74/><D74/><U41/><E8/><V120/><F120/><W70/><G70/><T104/><D104/><U14/><E14/><V78/><F45/><W71/><G71/><T109/><D109/><U106/><E106/><V9/><F9/><W113/><G113/><T69/><D15/><U107/><E107/><V17/><F17/><W62/><G4/><T108/><D108/><U129/><E129/><N who="0" m="49161" /><D27/><U59/><E79/><V16/><F28/><W56/><G31/><T18/><D18/><U12/><E12/><V63/><F63/><W103/><G77/><T72/><D72/><U5/><E5/><V96/><AGARI ba="1,1" hai="0,3,16,22,26,78,80,87,94,96,102" m="48170" machi="96" ten="30,3000,0" yaku="18,1,54,1" doraHai="37" who="2" fromWho="2" sc="384,-11,199,-11,93,43,314,-11" /><INIT seed="6,2,0,5,5,79" ten="373,188,136,303" oya="2" hai0="28,60,134,51,123,31,88,93,113,10,120,52,97" hai1="114,50,69,30,78,95,66,94,33,22,25,4,81" hai2="19,92,38,128,23,6,129,64,85,7,65,18,27" hai3="0,74,82,41,108,119,26,125,133,76,118,104,62"/><V32/><F38/><W45/><G108/><T87/><D113/><U61/><E114/><V12/><F32/><W16/><G104/><T59/><D134/><U67/><E67/><N who="2" m="25675" /><F128/><W3/><G133/><T112/><D112/><U73/><E4/><V39/><F39/><W110/><G110/><T44/><D123/><U17/><REACH who="1" step="1"/><E50/><REACH who="1" ten="373,178,136,303" step="2"/><V103/><F129/><W127/><G118/><T117/><D117/><U90/><E90/><N who="2" m="53327" /><F103/><W105/><G119/><T122/><D122/><U63/><E63/><V8/><AGARI ba="2,1" hai="6,7,8,12,18,19,23,27" m="53327,25675" machi="8" ten="30,1500,0" yaku="8,1" doraHai="79" who="2" fromWho="2" sc="373,-7,178,-7,136,31,303,-7" /><INIT seed="6,3,0,4,0,107" ten="366,171,167,296" oya="2" hai0="126,94,63,128,13,78,129,95,99,79,86,93,28" hai1="11,3,110,127,60,88,62,2,71,5,22,51,29" hai2="48,36,132,104,100,42,109,61,113,23,97,6,115" hai3="31,77,41,120,133,130,1,75,131,135,55,37,81"/><V17/><F36/><W82/><G120/><T38/><D38/><U47/><E110/><V24/><F132/><N who="3" m="50763" /><G31/><T134/><D134/><U111/><E111/><V83/><F6/><W7/><G55/><T43/><D126/><U27/><E127/><V65/><F83/><W96/><G96/><T50/><D28/><U26/><E71/><V123/><F123/><W69/><G69/><T10/><D63/><U45/><E3/><V44/><REACH who="2" step="1"/><F109/><REACH who="2" ten="366,171,157,296" step="2"/><W49/><G37/><T39/><D39/><U68/><E5/><V106/><F106/><W46/><G81/><T59/><D128/><U16/><E2/><V91/><F91/><W32/><G32/><T70/><D129/><U76/><E88/><V35/><F35/><W0/><G0/><T117/><D70/><AGARI ba="3,1" hai="17,23,24,42,44,48,61,65,70,97,100,104,113,115" machi="70" ten="40,3900,0" yaku="1,1,53,1" doraHai="107" doraHaiUra="66" who="2" fromWho="0" sc="366,-48,171,0,157,58,296,0" /><INIT seed="6,4,0,1,0,78" ten="318,171,215,296" oya="2" hai0="46,76,17,10,3,100,62,102,109,50,113,103,93" hai1="87,49,123,65,96,80,63,38,15,37,44,90,132" hai2="98,30,119,135,74,52,83,34,41,75,118,40,110" hai3="1,133,13,125,106,91,131,73,116,23,122,28,88"/><V121/><F121/><W25/><G122/><T42/><D109/><U124/><E123/><V117/><F110/><W36/><G116/><T69/><D113/><U112/><E112/><V126/><F126/><W68/><G125/><T22/><D76/><U128/><E124/><V32/><F30/><W111/><G111/><T8/><D3/><U12/><E132/><V64/><F64/><W101/><G133/><T77/><D77/><U39/><E128/><V82/><F98/><W56/><G131/><T60/><D93/><U14/><E96/><V105/><F135/><W9/><G68/><T53/><D69/><U92/><E92/><V85/><F85/><W51/><G73/><N who="2" m="27657" /><F52/><W114/><G114/><T71/><D71/><U4/><E4/><V26/><F26/><W18/><G25/><N who="0" m="14543" /><D53/><U55/><REACH who="1" step="1"/><E65/><REACH who="1" ten="318,161,215,296" step="2"/><V0/><F105/><W43/><G106/><T130/><D130/><U79/><E79/><V129/><F129/><W120/><G120/><T70/><D102/><U81/><E81/><N who="2" m="30731" /><F0/><W29/><G1/><T27/><D103/><U104/><E104/><V94/><F94/><W11/><G101/><T86/><D100/><U89/><E89/><V20/><F20/><W5/><G88/><T24/><D86/><U72/><E72/><V31/><F31/><W21/><G28/><T61/><D70/><U2/><E2/><V84/><F84/><W33/><G91/><T54/><D54/><U47/><E47/><V108/><F108/><W97/><G29/><T99/><D99/><U16/><E16/><V66/><F66/><W6/><G18/><T48/><D46/><RYUUKYOKU ba="4,1" sc="318,-15,161,15,215,15,296,-15" hai1="12,14,15,37,38,39,44,49,55,63,80,87,90" hai2="32,34,40,41,117,118,119" /><INIT seed="6,5,1,5,3,77" ten="303,176,230,281" oya="2" hai0="29,3,90,48,52,51,79,8,1,42,82,18,78" hai1="34,98,46,15,120,4,115,30,61,111,22,100,110" hai2="68,55,91,130,45,35,38,69,117,59,97,41,14" hai3="16,80,47,23,74,32,53,10,81,83,73,127,65"/><V71/><F35/><W56/><G32/><T108/><D108/><U109/><E115/><V94/><F117/><W99/><G127/><T105/><D105/><U86/><E120/><V26/><F130/><W122/><G122/><T44/><D29/><U87/><E34/><V19/><F26/><W72/><G65/><T113/><D113/><U70/><E46/><V13/><REACH who="2" step="1"/><F19/><REACH who="2" ten="303,176,220,281" step="2"/><W49/><G16/><T31/><D31/><U93/><E30/><V107/><F107/><W57/><G23/><T7/><D18/><U89/><E22/><V92/><F92/><W5/><REACH who="3" step="1"/><G99/><REACH who="3" ten="303,176,220,271" step="2"/><T40/><D8/><U121/><E121/><V118/><F118/><W131/><G131/><T50/><D7/><U85/><E111/><V33/><F33/><W101/><G101/><T128/><D128/><U67/><REACH who="1" step="1"/><E100/><REACH who="1" ten="303,166,220,271" step="2"/><V103/><F103/><W75/><N who="3" m="19200" /><DORA hai="54" /><W114/><G114/><T76/><D44/><U134/><E134/><V2/><F2/><AGARI ba="5,4" hai="2,5,10,47,49,53,56,57,80,81,83" m="19200" machi="2" ten="70,12000,2" yaku="1,1,52,5,53,0" doraHai="77,54" doraHaiUra="116,25" who="3" fromWho="2" sc="303,0,166,0,220,-135,271,175" /><INIT seed="7,0,0,1,1,65" ten="303,166,85,446" oya="3" hai0="86,108,129,109,128,77,51,119,79,115,75,49,60" hai1="106,123,32,126,124,90,127,89,114,93,21,42,58" hai2="94,48,24,59,61,14,5,88,7,10,33,37,81" hai3="8,103,44,3,17,63,73,69,117,22,135,102,1"/><W6/><G117/><T100/><D60/><U96/><E32/><V112/><F112/><W120/><G120/><T56/><D56/><U13/><E123/><V116/><F116/><W132/><G1/><T27/><D27/><U105/><E42/><V12/><F37/><W80/><G44/><T97/><D51/><U64/><E114/><V41/><F33/><W29/><G63/><T40/><D49/><U9/><E21/><V15/><F24/><W83/><G69/><T118/><D40/><U67/><E90/><V38/><F38/><W23/><G29/><T71/><D71/><U84/><E58/><V28/><F28/><W72/><G132/><T47/><D47/><U107/><E96/><V104/><F104/><W125/><G125/><T110/><D115/><U130/><E130/><V92/><F81/><W20/><G80/><T55/><D55/><U134/><E134/><V0/><F92/><W46/><G135/><T121/><D110/><U57/><E57/><V39/><F39/><W54/><G46/><T26/><D26/><U113/><E113/><V87/><F0/><W82/><G3/><T45/><D45/><U74/><E74/><V91/><F5/><AGARI ba="0,0" hai="5,9,13,64,67,84,89,93,105,106,107,124,126,127" machi="5" ten="50,1600,0" yaku="18,1" doraHai="65" who="1" fromWho="2" sc="303,0,166,16,85,-16,446,0" owari="303,10.0,182,-22.0,69,-43.0,446,55.0" /></mjloggm>