<mjloggm ver="2.3"><GO type="41" lobby="0"/><UN n0="%E2%93%9D%53%75%70%68%78" n1="%E5%A4%A7%E5%A1%9A%E5%89%9B" n2="%47%2D%32" n3="%4B%4F%52%41%49%40%40%40" dan="18,15,15,15" rate="2110.75,1923.93,2033.00,1976.28" sx="M,F,M,M"/><TAIKYOKU oya="0"/><INIT seed="0,0,0,0,2,41" ten="250,250,250,250" oya="0" hai0="70,128,54,66,45,84,5,28,59,103,69,29,82" hai1="130,3,114,9,72,33,42,7,122,80,52,67,116" hai2="78,112,63,13,61,75,58,125,95,108,65,98,12" hai3="40,115,19,79,15,20,88,17,129,68,133,35,48"/><T38/><D128/><U120/><E116/><V21/><F112/><W85/><G115/><T87/><D5/><U90/><E114/><V60/><F108/><W53/><G133/><T97/><D87/><U102/><E130/><V31/><F78/><W86/><G68/><T10/><D10/><U124/><E124/><V34/><F75/><W50/><G35/><T94/><D70/><U4/><E102/><V57/><F34/><W89/><G129/><T47/><D66/><U16/><E33/><V77/><F77/><W24/><G40/><T39/><D39/><U6/><E67/><N who="2" m="39311" /><F63/><W22/><G50/><N who="0" m="31191" /><D38/><U123/><E42/><V18/><F31/><N who="0" m="11850" /><D69/><U132/><E132/><V121/><F125/><W32/><G32/><T51/><D51/><U110/><E110/><V118/><F121/><W55/><G79/><AGARI ba="0,0" hai="45,47,79,82,84,94,97,103" m="11850,31191" machi="79" ten="30,5800,0" yaku="8,1,52,2" doraHai="41" who="0" fromWho="3" sc="250,58,250,0,250,0,250,-58" /><INIT seed="0,1,0,5,1,102" ten="308,250,250,192" oya="0" hai0="87,9,47,79,12,3,35,94,27,99,90,15,113" hai1="18,22,83,110,133,92,8,58,46,81,98,1,42" hai2="62,105,65,71,103,121,57,21,28,4,25,24,37" hai3="2,85,82,40,53,128,70,61,117,34,91,107,6"/><T111/><D113/><U26/><E133/><V116/><F121/><W23/><G117/><T17/><D3/><U52/><E110/><V74/><F37/><W5/><G34/><T135/><D135/><U0/><E0/><V134/><F134/><W97/><G128/><T123/><D123/><U108/><E108/><V33/><F74/><W56/><G2/><T132/><D111/><U49/><E8/><V59/><F4/><W76/><G40/><T131/><D131/><U130/><E1/><V10/><F10/><W64/><G23/><T20/><D35/><U72/><E72/><V129/><F116/><W13/><G13/><T19/><D132/><U31/><E31/><V122/><F122/><W68/><G70/><T95/><D47/><U14/><E14/><V66/><F66/><W60/><REACH who="3" step="1"/><G76/><REACH who="3" ten="308,250,250,182" step="2"/><T88/><D15/><U84/><E130/><V36/><F129/><W115/><G115/><T112/><D112/><U45/><E45/><V80/><F36/><W100/><AGARI ba="1,1" hai="5,6,53,56,60,61,64,68,82,85,91,97,100,107" machi="100" ten="30,4000,0" yaku="1,1,0,1,52,1,53,0" doraHai="102" doraHaiUra="75" who="3" fromWho="3" sc="308,-21,250,-11,250,-11,182,53" /><INIT seed="1,0,0,5,4,104" ten="287,239,239,235" oya="1" hai0="62,124,112,4,72,64,10,83,51,60,96,18,132" hai1="7,84,39,2,90,17,99,15,133,74,55,121,97" hai2="57,23,77,49,1,113,32,66,78,6,135,41,35" hai3="31,91,50,45,36,125,30,34,71,52,3,115,131"/><U76/><E121/><V61/><F135/><W22/><G115/><T63/><D112/><U13/><E133/><V111/><F113/><W100/><G131/><T109/><D109/><U70/><E70/><V38/><F111/><W0/><G34/><T68/><D124/><U128/><E128/><V114/><F114/><W20/><G71/><T101/><D51/><U75/><E76/><V43/><F35/><W82/><G100/><T19/><D132/><U37/><E2/><V40/><F32/><W129/><G129/><T106/><D63/><U118/><E55/><V130/><F130/><W105/><G105/><T46/><D46/><U120/><E17/><V11/><F38/><N who="1" m="14345" /><E90/><V48/><F48/><W117/><G36/><T119/><D62/><U16/><E16/><V126/><F126/><W25/><G125/><T67/><D67/><U87/><E7/><V59/><F23/><W80/><G117/><T81/><D119/><U69/><E69/><V85/><F85/><N who="1" m="32841" /><E118/><V28/><F28/><W56/><G91/><T102/><D19/><U110/><E110/><V127/><F127/><W95/><G0/><T89/><D18/><U107/><E120/><V33/><F33/><W98/><G3/><N who="0" m="287" /><D89/><U42/><E42/><V94/><F78/><W88/><G45/><T54/><D54/><U26/><E26/><AGARI ba="0,0" hai="20,22,25,26,30,31,50,52,56,80,82,88,95,98" machi="26" ten="40,8000,1" yaku="9,1,8,1,54,2" doraHai="104" who="3" fromWho="1" sc="287,0,239,-80,239,0,235,80" /><INIT seed="2,0,0,4,4,83" ten="287,159,239,315" oya="2" hai0="123,112,45,80,93,11,121,125,62,48,59,70,20" hai1="44,81,96,126,116,71,34,82,15,43,10,69,88" hai2="87,33,133,73,37,90,103,51,54,4,72,95,127" hai3="122,102,120,49,104,99,25,94,39,50,111,75,2"/><V100/><F37/><W84/><G39/><T38/><D11/><U32/><E116/><V98/><F33/><W12/><G2/><T16/><D112/><U24/><E126/><V79/><F127/><W109/><G12/><T14/><D125/><U58/><E58/><V119/><F119/><W114/><G25/><T36/><D70/><U67/><E67/><V65/><F79/><W3/><G3/><T68/><D68/><U132/><E132/><V26/><F103/><W35/><G35/><T64/><D93/><U27/><E96/><V76/><F76/><W117/><G117/><T7/><D7/><U19/><E34/><V29/><F4/><W130/><G130/><T28/><D28/><U13/><E32/><V6/><F6/><W0/><G0/><T30/><D30/><U78/><E69/><V55/><F65/><W60/><G60/><T53/><REACH who="0" step="1"/><D80/><REACH who="0" ten="277,159,239,315" step="2"/><U135/><E71/><V134/><F134/><W97/><G114/><T9/><D9/><U115/><E135/><V42/><F133/><W31/><G31/><T128/><D128/><U77/><E115/><V124/><F124/><W46/><G94/><T89/><D89/><U105/><E81/><N who="2" m="49519" /><F73/><W61/><G75/><T56/><D56/><U22/><E82/><V41/><F72/><W1/><G120/><AGARI ba="0,1" hai="14,16,20,36,38,45,48,53,59,62,64,120,121,123" machi="120" ten="40,2600,0" yaku="1,1,54,1,53,0" doraHai="83" doraHaiUra="91" who="0" fromWho="3" sc="277,36,159,0,239,0,315,-26" /><INIT seed="3,0,0,2,5,41" ten="313,159,239,289" oya="3" hai0="58,131,97,20,79,101,88,12,44,45,11,34,125" hai1="115,32,6,72,23,30,63,82,2,104,103,124,116" hai2="132,29,9,62,77,37,42,48,78,118,47,83,13" hai3="61,111,7,1,121,96,107,67,46,120,4,117,87"/><W92/><G117/><T102/><D34/><U49/><E49/><V52/><F132/><W73/><G73/><T33/><D33/><U36/><E23/><V80/><F29/><W130/><G130/><T31/><D125/><U16/><E16/><V59/><F118/><W76/><G1/><T69/><D69/><U40/><E63/><V14/><F14/><W66/><G111/><T0/><D79/><N who="2" m="30218" /><F37/><W122/><G107/><T112/><D112/><U95/><E95/><V70/><F70/><W109/><G109/><T74/><D0/><U26/><E116/><V135/><F135/><W100/><G66/><T98/><D58/><U43/><E43/><V71/><F71/><W56/><REACH who="3" step="1"/><G46/><REACH who="3" ten="313,159,239,279" step="2"/><T55/><D45/><U28/><E124/><V113/><F113/><W93/><G93/><T8/><D44/><U119/><E119/><V86/><F86/><W129/><G129/><T75/><D75/><U106/><E115/><V19/><AGARI ba="0,1" hai="9,13,19,42,47,48,52,59,62,80,83" m="30218" machi="19" ten="30,4000,0" yaku="8,1,52,1,54,1" doraHai="41" who="2" fromWho="2" sc="313,-10,159,-10,239,50,279,-20" /><INIT seed="4,0,0,5,1,81" ten="303,149,289,259" oya="0" hai0="27,126,125,28,14,22,11,97,119,8,31,62,103" hai1="5,71,128,124,20,56,33,84,26,50,91,120,94" hai2="35,65,122,113,42,4,107,83,101,46,40,23,85" hai3="21,63,67,79,41,99,57,77,29,34,76,2,19"/><T102/><D119/><U74/><E74/><V106/><F35/><W87/><G2/><T78/><D78/><U135/><E120/><V37/><F122/><W3/><G3/><T130/><D130/><U10/><E71/><V134/><F101/><W13/><G41/><T61/><D14/><U115/><E115/><V64/><F134/><W89/><G34/><T59/><D59/><U18/><E135/><V96/><F96/><W49/><G29/><T38/><D97/><U39/><E39/><V92/><F92/><W6/><G6/><T45/><D45/><U17/><E33/><V44/><F4/><W110/><G110/><T82/><D82/><U88/><E128/><V98/><F23/><W52/><G99/><T0/><D0/><U36/><E36/><V60/><F98/><W127/><G127/><T12/><D38/><U72/><E72/><V112/><F65/><W25/><G25/><T105/><D12/><U7/><E124/><V80/><F80/><W48/><G67/><T55/><D22/><U108/><E108/><V116/><F116/><W47/><G47/><T90/><D27/><U118/><E118/><V16/><F46/><W68/><REACH who="3" step="1"/><G68/><REACH who="3" ten="303,149,289,249" step="2"/><T58/><D126/><U9/><E5/><V132/><F42/><W111/><G111/><T133/><D125/><U75/><E7/><V24/><F132/><W100/><G100/><T129/><D133/><U51/><E17/><V95/><F16/><W114/><G114/><N who="2" m="44137" /><F24/><W109/><G109/><T1/><D103/><U69/><E26/><V121/><F37/><W30/><G30/><T54/><D31/><RYUUKYOKU ba="0,1" sc="303,-10,149,-10,289,-10,249,30" hai3="13,19,21,48,49,52,57,63,76,77,79,87,89" /><INIT seed="5,1,1,5,3,74" ten="293,139,279,279" oya="1" hai0="86,62,16,89,47,106,65,90,26,3,48,31,99" hai1="30,52,11,39,7,50,60,77,1,38,71,125,37" hai2="84,131,132,83,110,21,6,112,20,114,45,66,72" hai3="135,40,8,63,32,56,67,122,13,107,102,25,2"/><U101/><E125/><V34/><F34/><W82/><G122/><T118/><D3/><U42/><E101/><V44/><F110/><W55/><G135/><T64/><D118/><U80/><E30/><V43/><F132/><W117/><G2/><T97/><D106/><U111/><E111/><V129/><F72/><W29/><G40/><T133/><D16/><U61/><E71/><V24/><F66/><W46/><G117/><T119/><D90/><U109/><E109/><V100/><F6/><W49/><G82/><T12/><D12/><U81/><E81/><V85/><F100/><W96/><G8/><T76/><D76/><U23/><E23/><V105/><F105/><W14/><REACH who="3" step="1"/><G46/><REACH who="3" ten="293,139,279,269" step="2"/><T68/><D47/><U17/><E42/><V95/><F45/><W73/><G73/><T123/><D123/><U98/><E98/><V27/><F44/><W91/><G91/><T108/><D119/><U33/><E33/><V75/><F43/><W59/><AGARI ba="1,2" hai="13,14,25,29,32,49,55,56,59,63,67,96,102,107" machi="59" ten="20,8000,1" yaku="1,1,0,1,7,1,53,2" doraHai="74" doraHaiUra="10" who="3" fromWho="3" sc="293,-21,139,-41,279,-21,269,103" /><INIT seed="6,0,0,1,5,43" ten="272,98,258,372" oya="2" hai0="52,44,47,108,61,48,65,86,75,20,128,45,19" hai1="73,13,26,78,82,123,114,30,60,41,95,85,103" hai2="111,59,104,120,76,127,101,17,46,54,87,130,112" hai3="79,14,118,89,80,62,94,96,32,121,2,31,125"/><V36/><F120/><W84/><G121/><T40/><D75/><U122/><E123/><V77/><F130/><W81/><G2/><T105/><D105/><U67/><E122/><V124/><F112/><W29/><G118/><T38/><D108/><U55/><E114/><V28/><F28/><W8/><G125/><N who="2" m="48201" /><F111/><W107/><G32/><T56/><D128/><U34/><E13/><V66/><F66/><W106/><G106/><T21/><D86/><U33/><E55/><V100/><F17/><W22/><G22/><T42/><D19/><U25/><E41/><N who="2" m="22823" /><F87/><N who="3" m="48543" /><G107/><T4/><D4/><U71/><E85/><V83/><F83/><W92/><G92/><T135/><D135/><U109/><E109/><V53/><F53/><W6/><G62/><T131/><D131/><U97/><E26/><V72/><F72/><W24/><G24/><T98/><D98/><U10/><E10/><V110/><F110/><W63/><G63/><T90/><D90/><AGARI ba="0,0" hai="6,8,14,29,31,81,84,89,90,94,96" m="48543" machi="90" ten="30,1000,0" yaku="8,1" doraHai="43" who="3" fromWho="0" sc="272,-10,98,0,258,0,372,10" /><INIT seed="7,0,0,1,1,48" ten="262,98,258,382" oya="3" hai0="95,101,63,107,73,100,68,134,19,38,37,20,29" hai1="57,86,67,49,43,53,121,45,14,104,25,102,35" hai2="112,61,103,22,77,84,65,41,9,119,30,122,108" hai3="26,5,78,97,98,75,44,2,81,106,62,109,117"/><W24/><G109/><T94/><D73/><U6/><E121/><V58/><F119/><W127/><G117/><T52/><D29/><U89/><E104/><V59/><F108/><W31/><G26/><T128/><D128/><U114/><E114/><V80/><F112/><W33/><G127/><T88/><D107/><U72/><E102/><V36/><F122/><W92/><G92/><T11/><D68/><U79/><E79/><V129/><F129/><W70/><G106/><T133/><D11/><U74/><E6/><V85/><F103/><N who="0" m="39498" /><D95/><U18/><E25/><V111/><F111/><W91/><G91/><T17/><D17/><U54/><E35/><V21/><F30/><W32/><G32/><T130/><D20/><U0/><E0/><V46/><F84/><W34/><G31/><T15/><D15/><U96/><E96/><V123/><F123/><W87/><G75/><T64/><D64/><U120/><E120/><V60/><F9/><W115/><G70/><T93/><D19/><U12/><E12/><V39/><F39/><N who="0" m="14858" /><D94/><U10/><E67/><AGARI ba="0,0" hai="21,22,36,41,46,58,59,60,61,65,67,77,80,85" machi="67" ten="30,2000,0" yaku="7,1,9,1" doraHai="48" who="2" fromWho="1" sc="262,0,98,-20,258,20,382,0" owari="262,-14.0,78,-42.0,278,8.0,382,48.0" /></mjloggm>