<mjloggm ver="2.3"><GO type="41" lobby="0"/><UN n0="%E5%86%AC%E5%9D%82%E4%BA%94%E7%99%BE%E9%87%8C" n1="%E2%93%9D%53%75%70%68%78" n2="%69%73%73%79%7A%6B%6B%61" n3="%64%61%69%32%32%31" dan="14,18,13,13" rate="1997.83,2108.99,1832.21,1885.80" sx="F,M,M,M"/><TAIKYOKU oya="0"/><INIT seed="0,0,0,3,1,47" ten="250,250,250,250" oya="0" hai0="12,2,8,102,15,115,48,39,118,70,17,35,67" hai1="65,126,98,87,1,113,69,50,99,72,53,56,89" hai2="80,54,120,57,32,122,116,104,91,108,105,24,61" hai3="58,71,33,93,19,129,82,81,4,62,130,9,38"/><T123/><D115/><U84/><E72/><V6/><F108/><W66/><G33/><T55/><D118/><U132/><E1/><V114/><F114/><W97/><G38/><T13/><D123/><U78/><E126/><V60/><F116/><W128/><G71/><T26/><D39/><U106/><E132/><V25/><F6/><W42/><G42/><T11/><D2/><U30/><E106/><V18/><F32/><W68/><G68/><T14/><D102/><U20/><E65/><V23/><F25/><W119/><G19/><T111/><D111/><U124/><E124/><V44/><F104/><W37/><G37/><T27/><D35/><U96/><E69/><V76/><F105/><W134/><G134/><T83/><D8/><U36/><E36/><V85/><F44/><W79/><G79/><T10/><D10/><U64/><E64/><V21/><F21/><W107/><G107/><T45/><REACH who="0" step="1"/><D83/><REACH who="0" ten="240,250,250,250" step="2"/><N who="1" m="47223" /><E113/><V121/><REACH who="2" step="1"/><F76/><REACH who="2" ten="240,250,240,250" step="2"/><W112/><G119/><T0/><D0/><U43/><E20/><V131/><F131/><W51/><G112/><T5/><D5/><U73/><E89/><V46/><F46/><W103/><G130/><T117/><D117/><U94/><E94/><V22/><F22/><W7/><G129/><T59/><D59/><U100/><E56/><V90/><F90/><W52/><G128/><T101/><D101/><U75/><E100/><V16/><F16/><W74/><G4/><T95/><D95/><U92/><E92/><V88/><F88/><W29/><G7/><T63/><AGARI ba="0,2" hai="11,12,13,14,15,17,26,27,45,48,55,63,67,70" machi="63" ten="30,6000,0" yaku="1,1,0,1,52,1,53,0" doraHai="47" doraHaiUra="31" who="0" fromWho="0" sc="240,80,250,-20,240,-20,250,-20" /><INIT seed="0,1,0,4,5,118" ten="320,230,220,230" oya="0" hai0="87,34,3,27,120,49,73,42,132,96,79,105,75" hai1="101,72,55,41,125,82,127,99,6,5,92,22,46" hai2="38,130,33,65,37,133,2,4,113,70,91,61,131" hai3="134,119,68,19,1,47,0,66,58,85,95,24,53"/><T89/><D3/><U78/><E55/><V93/><F113/><W45/><G119/><T77/><D42/><U14/><E22/><V88/><F33/><W51/><G134/><T10/><D49/><U35/><E35/><V124/><F133/><W7/><G85/><T67/><D10/><U54/><E54/><V56/><F124/><N who="1" m="47689" /><E14/><V32/><F32/><W129/><G129/><N who="2" m="49161" /><F70/><W39/><G7/><T64/><D132/><U104/><E92/><V122/><F122/><W15/><G95/><N who="0" m="54719" /><D120/><U121/><E121/><V60/><F60/><W114/><G114/><T112/><D112/><U102/><E102/><V18/><F18/><W17/><G45/><T31/><D34/><U36/><AGARI ba="1,0" hai="5,6,36,41,46,72,78,82,99,101,104" m="47689" machi="36" ten="30,1100,0" yaku="18,1" doraHai="118" who="1" fromWho="1" sc="320,-6,230,14,220,-4,230,-4" /><INIT seed="1,0,0,2,4,28" ten="314,244,216,226" oya="1" hai0="59,82,49,47,96,16,128,57,85,5,126,58,63" hai1="77,124,72,79,40,73,3,4,2,48,32,108,44" hai2="120,8,64,15,122,121,50,14,51,62,132,113,12" hai3="19,123,95,70,127,104,106,135,34,21,52,107,55"/><U22/><E124/><V119/><F119/><W23/><G123/><T33/><D126/><U45/><E22/><V42/><F132/><W39/><G127/><T68/><D128/><U98/><E98/><V117/><F117/><W89/><G70/><T7/><D33/><U84/><E84/><V38/><F113/><W26/><G39/><T80/><D68/><U11/><E108/><V116/><F116/><W110/><G110/><T1/><D1/><U105/><E105/><V10/><F38/><W13/><G135/><T86/><D96/><U65/><E65/><V115/><F115/><W25/><G13/><T93/><D63/><U101/><E101/><V56/><REACH who="2" step="1"/><F42/><REACH who="2" ten="314,244,206,226" step="2"/><W118/><G118/><T6/><D49/><AGARI ba="0,1" hai="8,10,12,14,15,49,50,51,56,62,64,120,121,122" machi="49" ten="50,3200,0" yaku="1,1,2,1,53,0" doraHai="28" doraHaiUra="78" who="2" fromWho="0" sc="314,-32,244,0,206,42,226,0" /><INIT seed="2,0,0,0,3,120" ten="282,244,248,226" oya="2" hai0="56,109,26,74,2,112,22,117,23,53,89,10,126" hai1="24,103,58,6,118,102,49,105,131,125,108,84,29" hai2="95,80,68,51,34,47,71,35,106,18,13,87,42" hai3="128,79,37,104,97,28,99,41,3,25,50,54,59"/><V72/><F106/><W43/><G3/><T129/><D112/><U70/><E70/><V67/><F72/><W63/><G128/><T44/><D129/><U66/><E118/><V90/><F35/><W78/><G37/><T21/><D117/><U39/><E125/><V19/><F34/><W119/><G119/><T107/><D126/><U101/><E6/><V92/><F18/><W60/><G104/><T94/><D74/><U40/><E39/><V38/><F38/><W65/><G63/><T16/><D107/><U132/><E132/><V98/><F67/><W45/><G41/><T33/><D33/><U86/><E105/><V46/><F46/><W85/><G43/><T88/><D44/><N who="1" m="25735" /><E108/><V134/><F134/><W96/><REACH who="3" step="1"/><G85/><REACH who="3" ten="282,244,248,216" step="2"/><T115/><D2/><U30/><E131/><V81/><F42/><W32/><AGARI ba="0,1" hai="25,28,32,45,50,54,59,60,65,78,79,96,97,99" machi="32" ten="30,4000,0" yaku="1,1,2,1,0,1,53,0" doraHai="120" doraHaiUra="11" who="3" fromWho="3" sc="282,-10,244,-10,248,-20,216,50" /><INIT seed="3,0,0,3,5,94" ten="272,234,228,266" oya="3" hai0="66,124,68,73,15,1,98,22,96,26,56,54,16" hai1="28,12,108,88,91,97,25,51,24,39,4,117,7" hai2="116,27,34,83,46,79,20,107,102,67,6,134,30" hai3="74,133,2,65,90,128,130,71,60,126,18,23,120"/><W109/><G74/><T19/><D1/><U131/><E39/><V129/><F116/><W10/><G120/><T48/><D73/><U72/><E72/><V135/><F129/><N who="3" m="49771" /><G90/><T5/><D124/><U82/><E108/><V78/><F67/><W50/><G126/><T112/><D112/><U132/><E132/><V14/><F46/><W63/><G133/><N who="2" m="50697" /><F83/><W64/><G109/><T80/><D5/><U29/><E131/><V0/><F0/><W103/><G103/><T42/><D42/><U57/><E82/><V21/><F6/><N who="3" m="1367" /><G50/><T114/><D114/><U31/><E117/><V59/><F59/><W87/><G87/><T3/><D3/><U84/><E57/><V89/><F89/><W119/><G119/><T105/><D80/><N who="1" m="49159" /><E51/><V113/><F113/><W99/><G99/><T95/><D68/><U49/><E49/><V61/><F61/><N who="3" m="23627" /><G71/><T125/><D125/><U115/><E115/><V118/><F118/><W35/><G35/><T13/><D66/><U104/><E91/><V58/><F58/><W85/><G85/><T9/><D105/><U77/><E104/><V40/><F40/><W127/><G127/><T70/><D95/><U52/><E97/><N who="0" m="37481" /><D70/><U75/><E75/><V110/><F110/><W44/><G44/><T121/><D121/><U47/><E47/><V69/><F69/><W81/><G81/><T62/><D62/><U55/><E7/><V37/><F37/><W122/><G122/><T93/><D93/><U33/><E33/><V17/><F34/><W111/><G111/><T11/><D11/><N who="1" m="4199" /><E77/><V32/><F32/><W106/><G106/><RYUUKYOKU ba="0,0" sc="272,0,234,0,228,0,266,0" hai0="9,13,15,16,19,22,26,48,54,56" hai1="24,25,28,29,31,52,55" hai2="14,17,20,21,27,30,78,79,102,107" hai3="18,23,64,65" /><INIT seed="3,1,0,1,5,103" ten="272,234,228,266" oya="3" hai0="75,61,41,132,117,3,63,93,92,118,126,16,98" hai1="125,119,24,67,59,106,0,26,38,15,69,134,21" hai2="50,39,85,9,62,116,123,35,17,96,78,12,54" hai3="108,40,88,58,7,83,5,76,29,25,129,121,114"/><W90/><G121/><T36/><D75/><U8/><E69/><V81/><F123/><W66/><G114/><T113/><D113/><U42/><E0/><V53/><F116/><W133/><G129/><T2/><D126/><U131/><E134/><V49/><F39/><W47/><G133/><T99/><D132/><U55/><E67/><V72/><F35/><W57/><G108/><T102/><D36/><U45/><E106/><V65/><F96/><W100/><G100/><T43/><REACH who="0" step="1"/><D102/><REACH who="0" ten="262,234,228,266" step="2"/><U74/><E125/><V48/><REACH who="2" step="1"/><F72/><REACH who="2" ten="262,234,218,266" step="2"/><W22/><G66/><T46/><D46/><U64/><E64/><V97/><F97/><W52/><G47/><T10/><D10/><U104/><E8/><V11/><F11/><W14/><G22/><T60/><D60/><U79/><E21/><V120/><F120/><W87/><G5/><T135/><D135/><U71/><E45/><V28/><F28/><W1/><G7/><T105/><D105/><U70/><E104/><V124/><F124/><W30/><G30/><T82/><D82/><U19/><E74/><V127/><F127/><W110/><G110/><T112/><D112/><U56/><E38/><V128/><F128/><W20/><G20/><T122/><D122/><U73/><E73/><V109/><F109/><W4/><G4/><T130/><D130/><U115/><E131/><V18/><F18/><AGARI ba="1,2" hai="2,3,16,18,41,43,61,63,92,93,98,99,117,118" machi="18" ten="25,6400,0" yaku="1,1,22,2,54,1,53,0" doraHai="103" doraHaiUra="6" who="0" fromWho="2" sc="262,87,234,0,218,-67,266,0" /><INIT seed="4,0,0,1,4,46" ten="349,234,151,266" oya="0" hai0="127,109,26,43,16,91,53,115,51,129,9,1,128" hai1="47,31,119,69,76,40,108,18,116,6,39,33,82" hai2="62,34,80,124,113,54,126,133,121,106,27,79,21" hai3="112,24,64,19,81,14,11,92,30,49,87,90,114"/><T7/><D115/><N who="3" m="44073" /><G64/><T120/><D120/><U10/><E18/><V3/><F113/><W83/><G49/><T22/><D109/><U118/><E108/><V67/><F121/><W94/><G94/><T13/><D43/><U73/><E69/><V98/><F3/><W66/><G66/><T70/><D70/><U23/><E23/><AGARI ba="0,0" hai="11,14,19,23,24,30,81,83,87,90,92" m="44073" machi="23" ten="30,1000,0" yaku="15,1" doraHai="46" who="3" fromWho="1" sc="349,0,234,-10,151,0,266,10" /><INIT seed="5,0,0,2,2,101" ten="349,224,151,276" oya="1" hai0="10,88,33,25,36,63,11,86,97,6,95,83,123" hai1="9,77,120,50,129,28,37,84,93,12,108,7,30" hai2="27,80,90,71,98,23,8,20,39,0,105,109,81" hai3="42,64,135,34,100,61,60,79,45,99,19,89,132"/><U76/><E120/><V111/><F39/><W44/><G34/><T103/><D36/><U5/><E37/><V125/><F71/><W69/><G79/><N who="1" m="30282" /><E129/><V56/><F125/><W128/><G128/><T46/><D123/><U74/><E74/><V134/><F134/><N who="3" m="51243" /><G89/><T35/><D46/><N who="3" m="18025" /><G19/><T70/><D10/><U67/><E108/><V133/><F133/><W117/><G117/><T114/><D114/><U13/><E67/><V68/><F68/><N who="3" m="41991" /><G100/><T106/><D83/><U131/><E131/><V104/><F0/><W122/><G99/><T65/><REACH who="0" step="1"/><D25/><REACH who="0" ten="339,224,151,276" step="2"/><U91/><E13/><AGARI ba="0,1" hai="6,11,13,33,35,63,65,70,86,88,95,97,103,106" machi="13" ten="30,12000,2" yaku="1,1,2,1,7,1,52,1,54,1,53,1" doraHai="101" doraHaiUra="1" who="0" fromWho="1" sc="339,130,224,-120,151,0,276,0" /><INIT seed="6,0,0,0,0,117" ten="469,104,151,276" oya="2" hai0="33,46,69,30,129,132,23,112,121,131,36,49,64" hai1="115,61,120,6,48,3,119,38,86,42,17,27,76" hai2="93,74,29,100,13,0,62,111,16,5,55,22,32" hai3="51,28,65,4,110,56,103,82,59,75,99,106,116"/><V41/><F111/><W107/><G116/><T39/><D33/><U122/><E119/><V109/><F109/><W18/><G110/><T104/><D104/><U123/><E115/><V26/><F74/><W25/><G4/><T114/><D132/><U45/><E61/><V8/><F41/><W47/><G75/><T135/><D135/><U67/><E67/><V54/><F62/><W113/><G113/><N who="0" m="43627" /><D121/><U127/><E127/><V24/><F24/><W134/><G134/><T92/><D64/><U91/><E76/><V102/><F93/><W9/><G82/><T1/><D1/><U11/><E27/><V58/><F58/><W70/><G70/><T85/><D69/><U128/><E17/><V63/><F63/><W66/><G107/><T52/><D23/><U73/><E73/><V94/><F94/><W126/><G126/><T97/><D30/><U14/><E128/><N who="0" m="49225" /><D85/><U34/><E34/><V10/><F10/><W108/><G108/><T105/><D105/><U79/><E79/><V57/><F57/><W133/><G133/><T7/><D7/><U60/><E60/><V37/><F37/><W12/><G66/><T84/><D84/><U80/><REACH who="1" step="1"/><E3/><REACH who="1" ten="469,94,151,276" step="2"/><V95/><F95/><W44/><G65/><T50/><D50/><AGARI ba="0,1" hai="6,11,14,38,42,45,48,50,80,86,91,120,122,123" machi="50" ten="40,12000,2" yaku="1,1,2,1,13,1,52,3,53,0" doraHai="117" doraHaiUra="21" who="1" fromWho="0" sc="469,-120,94,130,151,0,276,0" /><INIT seed="7,0,0,2,4,25" ten="349,224,151,276" oya="3" hai0="4,95,10,27,125,99,21,55,20,80,108,134,37" hai1="3,15,8,1,71,29,113,52,123,120,101,111,0" hai2="74,50,54,38,84,109,13,18,17,133,122,124,81" hai3="56,131,23,16,117,57,87,48,135,90,61,32,35"/><W9/><G117/><T59/><D108/><U7/><E71/><V93/><F109/><W30/><G135/><T107/><D134/><U28/><E101/><V70/><F133/><W40/><G131/><T105/><D37/><U115/><E52/><V72/><F124/><W89/><G35/><T63/><D125/><U73/><E73/><V69/><F38/><W78/><G32/><T100/><D80/><U103/><E103/><V31/><F122/><N who="1" m="46633" /><E111/><V126/><F126/><W102/><G102/><T129/><D129/><U43/><E43/><V97/><F72/><W116/><G116/><T118/><D20/><U86/><E86/><V62/><F74/><W26/><G78/><T79/><D79/><U12/><E12/><V33/><F62/><W39/><G39/><T106/><D118/><U83/><E83/><V5/><F5/><W85/><G40/><T82/><D82/><U51/><E51/><V53/><F69/><W47/><G47/><T128/><D128/><U65/><E65/><V127/><F70/><W24/><G24/><T46/><D46/><U110/><E110/><V104/><F104/><W94/><G9/><T76/><D76/><U2/><E2/><V130/><F130/><W22/><G48/><T19/><D105/><U36/><E36/><V44/><F127/><W96/><G61/><T41/><D41/><U6/><E6/><V121/><F121/><W67/><G67/><T91/><D100/><U98/><E98/><V42/><F42/><W114/><G114/><AGARI ba="0,0" hai="0,1,3,7,8,15,28,29,113,114,115" m="46633" machi="114" ten="40,8000,1" yaku="15,1,34,2,52,2" doraHai="25" who="1" fromWho="3" sc="349,0,224,80,151,0,276,-80" owari="349,45.0,304,10.0,151,-35.0,196,-20.0" /></mjloggm>