<mjloggm ver="2.3"><GO type="41" lobby="0"/><UN n0="%E3%83%AA%E3%83%A5%E3%82%A6%E3%82%AA%E3%82%A6" n1="%E3%80%8C%E8%BC%9D%E5%A4%9C%E3%80%8D" n2="%E2%93%9D%53%75%70%68%78" n3="%E3%83%88%E3%83%AA%E3%82%B9" dan="13,14,18,15" rate="1864.01,2034.64,2062.44,1973.06" sx="M,F,M,M"/><TAIKYOKU oya="0"/><INIT seed="0,0,0,3,1,34" ten="250,250,250,250" oya="0" hai0="27,109,63,106,31,42,117,39,35,95,130,3,13" hai1="50,93,113,40,5,129,26,9,38,66,65,4,46" hai2="96,28,53,15,87,7,32,30,90,68,60,48,33" hai3="110,67,122,119,124,36,23,82,81,55,58,11,29"/><T0/><D106/><U75/><E75/><V54/><F96/><W21/><G119/><T84/><D117/><U69/><E129/><V77/><F77/><W22/><G36/><T44/><D130/><U2/><E113/><V6/><F68/><W45/><G124/><T62/><D109/><U100/><E4/><V94/><F60/><W61/><G110/><T12/><D12/><U47/><E69/><V120/><F120/><W43/><G122/><T97/><D84/><U41/><E100/><V71/><F71/><W127/><G127/><T19/><D63/><U85/><REACH who="1" step="1"/><E26/><REACH who="1" ten="250,240,250,250" step="2"/><V79/><F7/><W24/><G81/><T20/><D62/><U115/><E115/><V8/><F6/><W17/><G82/><T91/><AGARI ba="0,1" hai="0,3,13,19,20,27,31,35,39,42,44,91,95,97" machi="91" ten="20,7800,0" yaku="0,1,7,1,52,2" doraHai="34" who="0" fromWho="0" sc="250,88,240,-26,250,-26,250,-26" /><INIT seed="0,1,0,1,5,82" ten="338,214,224,224" oya="0" hai0="23,57,67,120,108,10,61,34,118,93,59,32,77" hai1="64,122,69,37,104,38,73,1,133,27,125,113,40" hai2="130,22,18,58,109,6,94,105,91,121,90,106,52" hai3="56,30,70,3,96,132,85,98,39,110,124,31,60"/><T123/><D118/><U35/><RYUUKYOKU type="yao9" ba="1,0" sc="338,0,214,0,224,0,224,0" hai1="1,27,35,37,38,40,64,69,73,104,113,122,125,133" /><INIT seed="0,2,0,2,0,76" ten="338,214,224,224" oya="0" hai0="88,46,103,93,16,127,13,28,68,79,24,129,126" hai1="135,66,35,14,81,97,128,114,113,4,56,108,105" hai2="62,48,39,58,107,47,9,27,36,34,26,3,25" hai3="84,95,12,51,69,6,0,29,133,33,125,71,67"/><T134/><D68/><U7/><E35/><V124/><F107/><W21/><G51/><T59/><D46/><U40/><E108/><V78/><F34/><W104/><G104/><T2/><D2/><U50/><E135/><V116/><F124/><N who="0" m="47658" /><D134/><U86/><E128/><V1/><F116/><W91/><G0/><T75/><D103/><N who="1" m="62703" /><E14/><V57/><F78/><W119/><G69/><T32/><D129/><U17/><E17/><V42/><F58/><W94/><G71/><T77/><D59/><U72/><E72/><V30/><F30/><W96/><G119/><T102/><D102/><U11/><E11/><V63/><F9/><W15/><G133/><T19/><D19/><U41/><E66/><V37/><REACH who="2" step="1"/><F63/><REACH who="2" ten="338,214,214,224" step="2"/><W49/><G125/><T90/><D75/><U52/><E4/><V18/><F18/><W111/><G6/><T121/><D121/><U92/><E7/><V64/><AGARI ba="2,1" hai="1,3,25,26,27,36,37,39,42,47,48,57,62,64" machi="64" ten="40,2700,0" yaku="1,1,0,1,53,0" doraHai="76" doraHaiUra="74" who="2" fromWho="2" sc="338,-15,214,-9,214,43,224,-9" /><INIT seed="1,0,0,4,4,20" ten="323,205,257,215" oya="1" hai0="48,133,57,1,94,68,54,121,2,9,75,41,29" hai1="35,93,72,129,114,102,44,28,46,49,69,51,27" hai2="82,52,81,127,108,113,97,23,120,77,60,40,53" hai3="62,135,78,45,105,116,95,11,119,39,38,106,130"/><U55/><E129/><V8/><F120/><W37/><G78/><T71/><D75/><U0/><E72/><V104/><F108/><W88/><G130/><T117/><D117/><N who="3" m="45129" /><G62/><T134/><D121/><U115/><E69/><V19/><F127/><W36/><G11/><T128/><D128/><U18/><E0/><V67/><F40/><N who="3" m="22663" /><G135/><N who="0" m="51723" /><D94/><U98/><REACH who="1" step="1"/><E18/><REACH who="1" ten="323,195,257,215" step="2"/><V73/><F19/><W70/><G70/><T14/><D71/><U80/><E80/><V42/><F82/><W6/><G6/><T89/><D68/><U47/><E47/><V122/><F81/><W16/><G16/><N who="0" m="8271" /><D29/><U61/><E61/><V87/><F60/><W84/><AGARI ba="0,1" hai="37,38,39,84,88,95,105,106" m="22663,45129" machi="84" ten="40,2700,0" yaku="12,1,54,1" doraHai="20" who="3" fromWho="3" sc="323,-7,195,-13,257,-7,215,37" /><INIT seed="2,0,0,5,3,124" ten="316,182,250,252" oya="2" hai0="11,87,18,30,3,135,103,81,54,111,32,127,134" hai1="45,68,55,98,52,57,126,2,62,110,121,7,125" hai2="36,39,33,132,21,133,113,99,93,119,105,88,42" hai3="5,16,26,27,106,95,116,69,123,112,65,96,115"/><V37/><F113/><N who="3" m="43595" /><G116/><T73/><D111/><U117/><E117/><V51/><F33/><W49/><G106/><T22/><D73/><U78/><E110/><V84/><F119/><W58/><G5/><T77/><D127/><N who="1" m="48651" /><E78/><V12/><F42/><W100/><G69/><T90/><D103/><U122/><E98/><V89/><F51/><W82/><G82/><T97/><D54/><U56/><E2/><V72/><F72/><W25/><G123/><N who="1" m="47114" /><E7/><V44/><F44/><W102/><G102/><T108/><D108/><U40/><E68/><V31/><F105/><W53/><G65/><T114/><D114/><U74/><E74/><V80/><REACH who="2" step="1"/><F12/><REACH who="2" ten="316,182,240,252" step="2"/><W9/><G26/><AGARI ba="0,1" hai="21,26,31,36,37,39,80,84,88,89,93,99,132,133" machi="26" ten="50,18000,2" yaku="1,1,2,1,54,1,53,3" doraHai="124" doraHaiUra="70" who="2" fromWho="3" sc="316,0,182,0,240,190,252,-180" /><INIT seed="2,1,0,2,3,131" ten="316,182,430,72" oya="2" hai0="9,61,122,78,108,35,104,30,25,64,23,103,3" hai1="117,71,102,119,76,109,87,90,62,29,41,47,105" hai2="1,15,34,129,24,60,66,54,12,67,49,124,56" hai3="0,84,45,59,125,118,6,74,85,81,97,22,57"/><V89/><F1/><W65/><G118/><T94/><D108/><U92/><E109/><V46/><F124/><W18/><G125/><T107/><D122/><U50/><E29/><V20/><F34/><W19/><G0/><T91/><D78/><U31/><E31/><V7/><F129/><W123/><G74/><T72/><D72/><U4/><E4/><V10/><F15/><W13/><G84/><T48/><D48/><U111/><E111/><V114/><F114/><W110/><G110/><T113/><D113/><U63/><E76/><V44/><F89/><W101/><G123/><T100/><D100/><U40/><E40/><V96/><F96/><W79/><G45/><T32/><D9/><U42/><E42/><V73/><F73/><W14/><G65/><T69/><D3/><U28/><E71/><V36/><F36/><W37/><G6/><T58/><D69/><U70/><E70/><V53/><REACH who="2" step="1"/><F46/><REACH who="2" ten="316,182,420,72" step="2"/><W82/><G37/><T106/><REACH who="0" step="1"/><D103/><REACH who="0" ten="306,182,420,72" step="2"/><U88/><E102/><V126/><F126/><W27/><G101/><T26/><D26/><U116/><E116/><V75/><F75/><W130/><G27/><T68/><D68/><U55/><E117/><V52/><F52/><W95/><G130/><T120/><D120/><U8/><E119/><V43/><F43/><W11/><G13/><T83/><D83/><U132/><E41/><V93/><F93/><W77/><G82/><T16/><D16/><AGARI ba="1,2" hai="7,10,12,16,20,24,44,49,53,54,56,60,66,67" machi="16" ten="30,11600,0" yaku="1,1,7,1,8,1,54,1,53,0" doraHai="131" doraHaiUra="127" who="2" fromWho="0" sc="306,-119,182,0,420,139,72,0" /><INIT seed="2,2,0,5,5,74" ten="187,182,559,72" oya="2" hai0="38,97,131,114,55,83,59,78,36,45,124,3,103" hai1="106,32,7,57,130,110,16,34,58,64,50,88,19" hai2="8,29,123,30,47,77,49,23,72,67,37,100,68" hai3="73,31,56,120,0,48,15,51,60,89,66,101,133"/><V25/><F123/><W116/><G116/><T61/><D3/><U90/><E106/><V18/><F37/><W122/><G0/><T102/><D114/><U108/><E50/><V92/><F68/><W99/><G133/><T134/><D131/><U127/><E130/><V82/><F67/><W63/><G31/><T52/><D124/><U24/><E64/><V76/><F8/><W96/><G73/><T128/><D134/><U95/><E95/><V43/><REACH who="2" step="1"/><F77/><REACH who="2" ten="187,182,549,72" step="2"/><W84/><G120/><T132/><D132/><U53/><E127/><V115/><F115/><W20/><G122/><T86/><D128/><U5/><REACH who="1" step="1"/><E24/><REACH who="1" ten="187,172,549,72" step="2"/><V69/><F69/><W94/><G66/><T111/><D38/><U65/><E65/><V46/><F46/><W121/><G121/><T28/><D36/><U27/><E27/><V54/><F54/><AGARI ba="2,2" hai="5,7,16,19,32,34,53,54,57,58,88,90,108,110" machi="54" ten="25,8000,1" yaku="1,1,22,2,54,2,53,0" doraHai="74" doraHaiUra="42" who="1" fromWho="2" sc="187,0,172,106,549,-86,72,0" /><INIT seed="3,0,0,3,4,57" ten="187,278,463,72" oya="3" hai0="40,85,46,33,78,8,69,26,11,43,131,79,120" hai1="125,19,99,106,53,96,12,29,7,117,111,135,72" hai2="105,45,84,98,90,13,97,1,81,116,35,60,24" hai3="20,77,71,67,39,15,130,68,30,112,2,114,6"/><W107/><G107/><T56/><D69/><U49/><E72/><V59/><F1/><W66/><G39/><T63/><D120/><U47/><E111/><V119/><F13/><W121/><G121/><T89/><D131/><U4/><E125/><V74/><F45/><W133/><G2/><T36/><D43/><U75/><E75/><V80/><F35/><W3/><G3/><T14/><D26/><U122/><E122/><V70/><F70/><W28/><G15/><T27/><D27/><U94/><E135/><V109/><F109/><W103/><G103/><T50/><D8/><U110/><E110/><V100/><F98/><W101/><G20/><T58/><D58/><U134/><E134/><V95/><F24/><W104/><G101/><T0/><D36/><U37/><E29/><V62/><F62/><W82/><G82/><T10/><D10/><U102/><E117/><V113/><F113/><W91/><G104/><T83/><D33/><U25/><E37/><V18/><F18/><W51/><G133/><T128/><D0/><U54/><E25/><V23/><F23/><W22/><G22/><T93/><D93/><U48/><E19/><V92/><F92/><W5/><G51/><T73/><D73/><U34/><E34/><V87/><F74/><W86/><G86/><T129/><D129/><U61/><E12/><V31/><F31/><W9/><G9/><T108/><D128/><U64/><E96/><V76/><F105/><W118/><G130/><T127/><D108/><U42/><E106/><V38/><F38/><W65/><G118/><T16/><D127/><RYUUKYOKU ba="0,0" sc="187,15,278,-15,463,15,72,-15" hai0="11,14,16,40,46,50,56,63,78,79,83,85,89" hai2="59,60,76,80,81,84,87,90,95,97,100,116,119" /><INIT seed="4,1,0,3,2,49" ten="202,263,478,57" oya="0" hai0="45,59,88,80,128,108,117,61,5,122,135,9,73" hai1="77,69,98,30,121,102,74,34,26,111,64,24,112" hai2="40,116,105,119,79,91,123,76,8,54,52,68,43" hai3="132,21,66,4,41,62,134,56,94,44,22,110,36"/><T106/><D122/><U6/><E121/><V12/><F123/><W107/><G107/><T38/><D106/><N who="1" m="63831" /><E111/><V126/><F105/><W15/><G110/><T65/><D117/><N who="2" m="45130" /><F126/><W55/><G94/><T39/><D135/><U33/><E6/><N who="2" m="3095" /><F68/><W85/><G85/><T47/><D128/><U99/><E99/><V27/><F27/><W83/><G83/><T32/><D32/><N who="1" m="20551" /><E26/><V70/><F70/><W35/><G35/><T71/><D108/><U90/><E90/><V7/><F7/><W113/><G113/><T114/><D114/><U115/><E115/><V82/><F91/><W13/><G13/><N who="0" m="5295" /><D39/><U120/><E112/><V50/><F79/><W81/><G81/><T109/><D71/><U97/><E120/><V60/><F60/><W57/><G15/><T130/><D73/><U101/><E74/><N who="2" m="43287" /><F50/><N who="3" m="30839" /><G4/><T10/><D38/><U17/><E33/><V92/><F92/><W51/><G22/><T46/><D109/><U1/><E1/><V89/><F89/><W103/><G103/><T11/><D130/><U100/><E77/><V84/><F84/><AGARI ba="1,0" hai="10,11,45,46,47,59,61,65,80,84,88" m="5295" machi="84" ten="30,2900,0" yaku="8,1,54,1" doraHai="49" who="0" fromWho="2" sc="202,32,263,0,478,-32,57,0" /><INIT seed="4,2,0,0,1,100" ten="234,263,446,57" oya="0" hai0="115,14,36,116,90,91,76,53,52,135,21,27,106" hai1="30,93,71,16,22,68,65,97,104,88,24,8,0" hai2="107,26,63,64,129,132,87,117,92,9,55,81,46" hai3="42,7,45,118,74,37,101,72,82,120,20,121,99"/><T102/><D116/><U127/><E127/><V89/><F107/><W67/><G118/><T18/><D36/><U61/><E104/><V119/><F132/><W28/><G67/><T69/><D69/><U95/><E68/><V113/><F129/><W41/><G41/><T103/><D135/><U15/><E0/><V11/><F113/><W34/><G20/><T85/><D115/><U40/><E93/><V59/><F119/><W31/><G7/><T47/><D106/><U75/><E75/><V17/><F117/><W4/><G4/><T13/><D76/><U19/><REACH who="1" step="1"/><E40/><REACH who="1" ten="234,253,446,57" step="2"/><V29/><F92/><W126/><G126/><T43/><D43/><U109/><E109/><V70/><F70/><W5/><G82/><T44/><D85/><U123/><E123/><V96/><F87/><W80/><G74/><T56/><D56/><U35/><E35/><V128/><F59/><W51/><G34/><T114/><D114/><U49/><E49/><V79/><F81/><W78/><G51/><T54/><D47/><U33/><E33/><V23/><F46/><W39/><G37/><T77/><D44/><U131/><E131/><V112/><F128/><W2/><G120/><T111/><D111/><U10/><E10/><V73/><F11/><N who="3" m="2487" /><G121/><T6/><D77/><U32/><E32/><V105/><F112/><W38/><G38/><T108/><D108/><U66/><E66/><V125/><F64/><W3/><G3/><T25/><D6/><AGARI ba="2,1" hai="6,8,15,16,19,22,24,30,61,65,71,88,95,97" machi="6" ten="30,7700,0" yaku="1,1,7,1,54,2,53,0" doraHai="100" doraHaiUra="48" who="1" fromWho="0" sc="234,-83,253,93,446,0,57,0" /><INIT seed="5,0,0,1,4,102" ten="151,346,446,57" oya="1" hai0="30,98,80,134,112,57,71,5,59,8,133,25,119" hai1="127,18,13,103,72,83,32,75,135,82,93,85,117" hai2="28,58,17,56,115,125,40,73,19,97,14,15,24" hai3="66,50,106,60,61,90,113,49,11,77,120,36,47"/><U22/><E117/><V63/><F73/><W89/><G120/><T7/><D119/><U26/><E127/><V92/><F115/><W27/><G77/><T126/><D71/><U123/><E123/><V10/><F40/><W54/><G113/><T70/><D70/><U12/><E135/><N who="0" m="51721" /><D112/><U69/><E69/><V1/><F1/><W31/><G11/><T81/><D126/><U87/><E32/><V33/><F125/><W88/><G106/><T91/><D98/><N who="1" m="59855" /><E72/><V6/><F63/><W48/><G36/><T64/><D64/><U16/><E75/><V86/><F86/><N who="1" m="32777" /><E12/><V74/><F74/><W42/><G66/><T132/><N who="0" m="51729" /><T62/><DORA hai="108" /><D91/><U2/><E2/><V3/><F15/><W67/><G67/><N who="0" m="39375" /><D59/><U45/><E45/><V104/><F58/><W129/><G129/><T94/><D94/><U35/><E35/><V68/><F56/><N who="3" m="34839" /><G61/><T79/><D79/><U41/><E41/><V128/><F128/><W78/><G78/><T105/><D105/><U95/><E95/><V52/><F104/><W100/><G100/><T21/><D5/><U20/><AGARI ba="0,0" hai="13,16,18,20,22,26,82,83" m="32777,59855" machi="20" ten="30,3000,0" yaku="8,1,54,1" doraHai="102,108" who="1" fromWho="1" sc="151,-10,346,30,446,-10,57,-10" /><INIT seed="5,1,0,4,2,122" ten="141,376,436,47" oya="1" hai0="28,10,109,102,95,40,127,70,16,45,94,121,3" hai1="110,36,20,111,17,113,46,47,116,50,19,86,65" hai2="118,76,60,120,68,11,13,134,41,83,117,104,22" hai3="52,21,101,5,124,77,99,119,29,32,37,14,63"/><U88/><E116/><V61/><F104/><W73/><G119/><T51/><D70/><U67/><E36/><V34/><F34/><W96/><G37/><T123/><D127/><U115/><E65/><V8/><F134/><W100/><G32/><T129/><D28/><U133/><E133/><V6/><F120/><N who="0" m="46154" /><D129/><U132/><E132/><V71/><F41/><W112/><G73/><T12/><D3/><U15/><E17/><V108/><F83/><W31/><G77/><T114/><D114/><N who="1" m="43531" /><E67/><V2/><F76/><W103/><G112/><T89/><D102/><U97/><E97/><N who="3" m="37450" /><G124/><T24/><D24/><U90/><E46/><V62/><F71/><W1/><G1/><T54/><D54/><N who="1" m="30047" /><E90/><V105/><F118/><W72/><G72/><T80/><D80/><AGARI ba="1,0" hai="15,19,20,80,86,88,110,111" m="30047,43531" machi="80" ten="30,11600,0" yaku="15,1,52,2,54,1" doraHai="122" who="1" fromWho="0" sc="141,-119,376,119,436,0,47,0" /><INIT seed="5,2,0,1,3,108" ten="22,495,436,47" oya="1" hai0="17,15,95,43,109,69,62,51,72,126,135,21,103" hai1="94,121,120,10,134,73,91,33,36,133,55,41,128" hai2="47,85,61,60,64,106,45,104,63,48,80,3,5" hai3="44,31,38,71,87,124,18,98,119,78,12,57,42"/><U35/><E73/><V59/><F3/><W9/><G71/><T70/><D109/><U127/><E127/><V111/><F5/><W101/><G124/><T86/><D72/><U26/><E128/><V83/><F111/><W8/><G119/><T96/><D135/><N who="1" m="51723" /><E10/><V102/><F102/><W100/><G31/><T99/><D126/><U0/><E0/><V79/><F47/><W107/><G100/><T2/><D2/><U32/><E55/><V115/><F115/><W125/><G125/><T105/><D86/><N who="1" m="52599" /><E26/><V116/><F116/><W52/><G8/><T75/><D75/><U114/><E114/><V34/><F34/><W68/><G68/><T30/><D30/><U37/><E41/><V28/><F28/><W4/><G87/><T7/><D7/><U56/><E56/><V66/><F59/><W1/><G78/><T93/><D105/><U92/><E92/><V129/><F129/><W118/><G118/><T53/><D62/><U23/><E23/><V123/><F106/><W130/><G130/><T131/><D43/><U6/><E6/><V82/><F104/><W77/><G77/><T13/><D13/><U24/><E24/><V20/><F20/><W88/><G1/><T113/><D113/><U81/><E81/><N who="2" m="31307" /><F123/><AGARI ba="2,0" hai="32,33,35,36,37,120,121,123" m="52599,51723" machi="123" ten="40,2000,0" yaku="20,1" doraHai="108" who="1" fromWho="2" sc="22,0,495,26,436,-26,47,0" /><INIT seed="5,3,0,3,5,11" ten="22,521,410,47" oya="1" hai0="73,59,24,45,124,114,42,3,0,84,50,28,76" hai1="51,130,34,98,113,22,103,131,99,52,10,26,21" hai2="20,135,27,54,29,68,70,48,134,19,123,36,104" hai3="83,5,1,58,49,105,25,66,14,13,44,89,91"/><U117/><E117/><V112/><F36/><W87/><G105/><T7/><D114/><U12/><E34/><V71/><F104/><W23/><G1/><T2/><D124/><U35/><E35/><V97/><F123/><W95/><G5/><T39/><D73/><U33/><E33/><V56/><F97/><W77/><G91/><T101/><D101/><U72/><E72/><V88/><F112/><W40/><G58/><T116/><D116/><U18/><E113/><V37/><F37/><W15/><G66/><T133/><D133/><N who="2" m="50698" /><F88/><W122/><G122/><T64/><D7/><N who="1" m="3167" /><E103/><V62/><F29/><W82/><G77/><T53/><D84/><U67/><E67/><AGARI ba="3,0" hai="19,20,27,48,54,56,62,67,68,70,71" m="50698" machi="67" ten="30,1000,0" yaku="20,1" doraHai="11" who="2" fromWho="1" sc="22,0,521,-19,410,19,47,0" /><INIT seed="6,0,0,4,3,127" ten="22,502,429,47" oya="2" hai0="88,92,76,49,28,55,96,79,121,66,57,48,112" hai1="0,34,43,120,131,132,89,23,74,18,27,30,58" hai2="7,129,111,59,82,65,128,98,39,109,134,97,101" hai3="24,81,133,13,46,8,2,69,1,12,114,38,11"/><V61/><F134/><W3/><G69/><T41/><D112/><U45/><E132/><V15/><F39/><W62/><G133/><T71/><D121/><U26/><E120/><V91/><F7/><W37/><G62/><T130/><D130/><N who="2" m="50282" /><F15/><N who="3" m="5707" /><G46/><T106/><D106/><U75/><E131/><V10/><F10/><N who="3" m="3627" /><G81/><T118/><D28/><U52/><E89/><V70/><F70/><W67/><G67/><T36/><D36/><N who="3" m="13929" /><G24/><T14/><D118/><U93/><E30/><V123/><F123/><W42/><G42/><T21/><D71/><U47/><E47/><V22/><F22/><W51/><G51/><T35/><D35/><U100/><E26/><V16/><F16/><W17/><G17/><N who="0" m="10423" /><D66/><U54/><E93/><N who="2" m="56511" /><F82/><W104/><G104/><AGARI ba="0,0" hai="59,61,65,98,101,104,109,111" m="56511,50282" machi="104" ten="30,11600,0" yaku="19,1,52,3" doraHai="127" who="2" fromWho="3" sc="22,0,502,0,429,116,47,-116" owari="22,-38.0,502,30.0,545,65.0,-69,-57.0" /></mjloggm>