<mjloggm ver="2.3"><GO type="41" lobby="0"/><UN n0="%73%69%6E%65%6C" n1="%E2%93%9D%53%75%70%68%78" n2="%E8%AA%98%E5%AE%B5%E7%BE%8E%E4%B9%9D" n3="%E3%83%A8%E3%82%B3%E3%83%86%E3%82%A3%E3%83%B3%40" dan="14,18,15,14" rate="1916.70,2146.65,2017.61,1884.93" sx="M,M,F,M"/><TAIKYOKU oya="0"/><INIT seed="0,0,0,2,1,103" ten="250,250,250,250" oya="0" hai0="95,75,96,34,44,94,21,113,51,17,76,83,111" hai1="106,97,90,46,74,47,108,68,12,42,110,1,55" hai2="37,123,14,22,87,50,48,72,93,100,118,120,115" hai3="98,79,129,92,121,10,13,20,63,39,126,26,36"/><T119/><D113/><U33/><E1/><V124/><F115/><W59/><G129/><T66/><D119/><U43/><E33/><V131/><F131/><W77/><G126/><T130/><D130/><U109/><E74/><V135/><F124/><W65/><G121/><T53/><D34/><U49/><E12/><V80/><F37/><W45/><G36/><T85/><D111/><U40/><E90/><N who="2" m="53471" /><F118/><W9/><G45/><T29/><D29/><U62/><E97/><V116/><F116/><W125/><G125/><T132/><D132/><U19/><E19/><N who="2" m="10615" /><F48/><W133/><G39/><T88/><D66/><N who="1" m="41047" /><E106/><V52/><F100/><N who="3" m="60487" /><G133/><T128/><D128/><U86/><E86/><V23/><F23/><W4/><G9/><T27/><REACH who="0" step="1"/><D95/><REACH who="0" ten="240,250,250,250" step="2"/><U78/><E78/><N who="2" m="44103" /><F135/><W70/><G70/><T91/><D91/><U5/><E5/><V122/><F122/><W134/><G134/><T67/><D67/><U99/><E99/><AGARI ba="0,1" hai="17,21,27,44,51,53,75,76,83,85,88,94,96,99" machi="99" ten="40,3900,0" yaku="1,1,54,1,53,0" doraHai="103" doraHaiUra="127" who="0" fromWho="1" sc="240,49,250,-39,250,0,250,0" /><INIT seed="0,1,0,2,5,63" ten="289,211,250,250" oya="0" hai0="35,108,102,131,51,41,105,122,52,72,135,126,20" hai1="31,29,67,10,11,110,4,19,13,66,55,86,39" hai2="98,64,71,48,45,112,116,92,90,79,40,7,77" hai3="65,113,59,130,103,49,82,101,17,123,18,47,44"/><T5/><D122/><U25/><E110/><V60/><F112/><W46/><G113/><T133/><D35/><U115/><E39/><V118/><REACH who="2" step="1"/><F7/><REACH who="2" ten="289,211,240,250" step="2"/><W104/><G123/><T134/><D5/><U84/><E115/><V111/><F111/><W62/><G130/><T94/><D108/><U56/><E4/><V16/><F16/><N who="3" m="6251" /><G104/><T121/><D121/><U50/><E11/><V74/><F74/><W106/><G106/><T57/><D72/><U43/><E31/><V100/><F100/><N who="3" m="38475" /><G82/><T124/><D105/><U80/><E43/><AGARI ba="1,1" hai="43,44,46,47,49,59,62,65" m="38475,6251" machi="43" ten="30,3900,0" yaku="8,1,52,1,54,1" doraHai="63" who="3" fromWho="1" sc="289,0,211,-42,240,0,250,52" /><INIT seed="1,0,0,5,4,108" ten="289,169,240,302" oya="1" hai0="75,34,110,60,76,80,125,13,8,62,61,47,131" hai1="82,52,29,90,21,119,100,55,73,118,117,129,88" hai2="41,132,126,111,74,92,101,48,128,130,94,85,36" hai3="96,0,35,105,114,38,44,9,112,123,42,115,95"/><U98/><E129/><N who="2" m="49771" /><F111/><W33/><G123/><T3/><D110/><U86/><E73/><V28/><F74/><W107/><G95/><T31/><D131/><U70/><E70/><V84/><F36/><W57/><G57/><T30/><D3/><U124/><E124/><V89/><F126/><W37/><G37/><T2/><D2/><U46/><E90/><N who="2" m="53319" /><F28/><W134/><G134/><T81/><D81/><U45/><E29/><V50/><F132/><W93/><G93/><T69/><D125/><U54/><REACH who="1" step="1"/><E21/><REACH who="1" ten="289,159,240,302" step="2"/><V14/><F101/><N who="3" m="62631" /><G107/><AGARI ba="0,1" hai="45,46,52,54,55,82,86,88,98,100,107,117,118,119" machi="107" ten="50,9600,0" yaku="1,1,54,2,53,0" doraHai="108" doraHaiUra="1" who="1" fromWho="3" sc="289,0,159,106,240,0,302,-96" /><INIT seed="1,1,0,5,2,11" ten="289,265,240,206" oya="1" hai0="34,71,132,36,76,130,126,25,135,27,31,70,93" hai1="24,29,43,18,111,26,89,68,50,91,125,51,115" hai2="5,48,22,109,84,54,37,103,12,45,47,131,80" hai3="129,15,77,108,95,101,82,56,104,113,124,40,120"/><U55/><E115/><V4/><F109/><W2/><G2/><T9/><D36/><U122/><E122/><V92/><F131/><W46/><G108/><T110/><D110/><U116/><E111/><V112/><F112/><W49/><G113/><T90/><D130/><U63/><E125/><V64/><F64/><W74/><G120/><T114/><D114/><U21/><E116/><V33/><F33/><W32/><G32/><T44/><D76/><U30/><E68/><V62/><F62/><W6/><G129/><T117/><D117/><U52/><E63/><V23/><F37/><W107/><G124/><T16/><D44/><U10/><E10/><N who="2" m="4167" /><F5/><W88/><G101/><T85/><D126/><U133/><E133/><N who="0" m="51273" /><D27/><U69/><E69/><V119/><F45/><W100/><G100/><T60/><D60/><U14/><E43/><V0/><F0/><W123/><G123/><T53/><D53/><N who="1" m="20555" /><E26/><V118/><F118/><W1/><G56/><T96/><D96/><U87/><E24/><V134/><F119/><W20/><G1/><T19/><D19/><U3/><E3/><V41/><F134/><W72/><G72/><T83/><D93/><N who="1" m="54463" /><E91/><N who="2" m="51591" /><F41/><W67/><G67/><T98/><D98/><AGARI ba="1,0" hai="22,23,47,48,54,92,98,103" m="51591,4167" machi="98" ten="30,2000,0" yaku="8,1,52,1" doraHai="11" who="2" fromWho="0" sc="289,-23,265,0,240,23,206,0" /><INIT seed="2,0,0,0,1,47" ten="266,265,263,206" oya="2" hai0="60,76,119,3,116,21,118,46,14,4,19,115,129" hai1="70,65,68,45,24,37,130,132,0,106,97,113,90" hai2="22,50,86,88,108,16,48,41,66,1,61,126,120" hai3="40,123,111,67,69,33,77,75,124,12,39,114,8"/><V53/><F120/><W94/><G111/><T74/><D115/><U91/><E0/><V31/><F108/><W43/><G123/><T101/><D101/><U82/><E130/><V38/><F1/><W35/><G124/><T121/><D121/><U23/><E132/><V13/><F126/><W63/><G114/><T7/><D129/><U103/><E113/><V6/><F38/><W28/><G94/><T105/><D105/><U133/><E133/><V107/><F107/><W96/><G96/><T122/><D122/><U104/><E65/><V58/><F6/><W93/><G93/><T128/><D128/><U29/><E106/><V73/><F73/><W84/><G75/><T57/><D3/><U92/><E82/><N who="2" m="49239" /><F41/><W89/><G77/><T127/><D127/><U17/><E91/><V20/><F66/><W51/><G39/><T87/><D74/><U112/><E112/><V26/><AGARI ba="0,0" hai="13,16,20,22,26,31,48,50,53,58,61" m="49239" machi="26" ten="30,12000,1" yaku="8,1,52,2,54,2" doraHai="47" who="2" fromWho="2" sc="266,-40,265,-40,263,120,206,-40" /><INIT seed="2,1,0,4,5,91" ten="226,225,383,166" oya="2" hai0="79,92,13,113,122,27,23,42,135,82,15,5,39" hai1="41,19,1,32,77,88,120,36,105,2,78,123,9" hai2="74,20,34,72,95,46,111,54,28,108,83,26,119" hai3="117,80,121,37,51,81,133,6,76,56,58,14,114"/><V87/><F119/><W100/><G121/><N who="1" m="46666" /><E32/><V126/><F34/><W109/><G117/><T110/><D122/><U49/><E36/><V85/><F126/><W101/><G37/><T60/><D113/><U25/><E105/><V67/><F67/><W73/><G133/><T7/><D135/><U116/><E116/><V98/><F46/><W68/><G68/><T47/><D110/><N who="2" m="42026" /><F54/><W65/><G114/><T125/><D125/><U130/><E130/><V94/><F98/><W62/><G81/><T35/><D35/><U55/><E41/><V129/><F129/><W63/><G51/><T24/><D60/><U8/><E2/><V12/><F12/><W115/><G115/><T45/><D39/><U40/><E1/><V50/><F50/><W0/><G0/><T84/><D42/><U33/><E40/><V21/><F21/><W48/><G48/><T96/><D23/><N who="1" m="13567" /><E33/><V52/><F52/><W70/><G70/><T30/><D96/><U66/><E66/><V106/><F106/><W10/><REACH who="3" step="1"/><G109/><REACH who="3" ten="226,225,383,156" step="2"/><T124/><D124/><U131/><E131/><V75/><F83/><W102/><G102/><T99/><D82/><U132/><E132/><V64/><F64/><AGARI ba="1,1" hai="6,10,14,56,58,62,63,64,65,73,76,80,100,101" machi="64" ten="30,3900,0" yaku="1,1,7,1,9,1,53,0" doraHai="91" doraHaiUra="89" who="3" fromWho="2" sc="226,0,225,0,383,-42,156,52" /><INIT seed="3,0,0,5,2,85" ten="226,225,341,208" oya="3" hai0="67,102,19,54,135,76,59,17,46,97,41,115,5" hai1="126,111,60,121,70,101,133,37,88,73,11,91,28" hai2="53,81,49,82,84,106,56,26,92,62,127,13,120" hai3="122,105,89,78,64,43,63,15,68,3,14,118,107"/><W109/><G122/><T1/><D135/><U98/><E121/><V83/><F120/><W27/><G118/><T6/><D115/><U21/><E73/><V9/><F106/><W134/><G134/><T25/><D67/><U114/><E37/><V96/><F127/><W94/><G3/><T116/><D116/><U72/><E72/><V129/><F129/><W45/><G109/><T124/><D76/><U12/><E114/><V35/><F35/><W108/><G108/><T32/><D124/><U24/><E111/><V112/><F112/><W130/><G130/><T52/><D1/><U132/><E126/><V47/><F26/><W123/><G123/><T74/><D74/><U90/><E60/><V77/><F13/><W51/><G78/><T57/><D32/><U61/><E61/><V95/><F9/><W30/><G107/><T103/><D25/><U34/><E70/><V55/><REACH who="2" step="1"/><F92/><REACH who="2" ten="226,225,331,208" step="2"/><W113/><G105/><T86/><D6/><U117/><E117/><V58/><F58/><W22/><REACH who="3" step="1"/><G113/><REACH who="3" ten="226,225,331,198" step="2"/><T50/><D57/><U18/><REACH who="1" step="1"/><E34/><REACH who="1" ten="226,215,331,198" step="2"/><V87/><F87/><AGARI ba="0,3" hai="14,15,22,27,30,43,45,51,63,64,68,87,89,94" machi="87" ten="30,12000,1" yaku="1,1,2,1,7,1,52,1,53,1" doraHai="85" doraHaiUra="40" who="3" fromWho="2" sc="226,0,215,0,331,-120,198,150" /><INIT seed="3,1,0,0,5,63" ten="226,215,211,348" oya="3" hai0="28,73,68,112,117,15,70,90,9,35,118,110,99" hai1="56,43,101,113,119,84,131,6,134,26,109,50,125" hai2="44,135,45,115,122,102,76,31,100,94,5,111,30" hai3="93,25,3,130,88,27,92,47,127,120,74,29,17"/><W38/><G120/><T72/><D110/><U12/><E113/><V128/><F115/><W97/><G3/><T55/><D112/><U107/><E107/><V124/><F111/><W108/><G74/><T20/><D35/><U1/><E131/><V0/><F128/><W46/><G108/><T103/><D55/><U132/><E125/><V19/><F124/><W123/><G123/><T60/><D90/><U133/><E119/><V32/><F122/><W51/><G38/><T33/><D33/><U65/><E1/><V10/><F135/><W16/><G130/><T89/><D89/><U106/><E26/><N who="3" m="9738" /><G29/><T105/><D20/><U67/><E84/><V18/><F32/><W37/><G37/><T81/><D28/><U42/><E109/><V57/><F76/><W7/><G7/><T71/><D60/><U69/><E69/><V116/><F116/><W24/><N who="3" m="9746" /><W96/><DORA hai="61" /><G127/><T83/><D83/><U34/><E34/><V39/><F30/><W49/><G47/><T2/><D15/><U58/><E12/><V91/><F31/><W126/><G126/><T23/><D23/><U21/><E6/><V114/><F18/><N who="3" m="7275" /><G51/><T62/><D62/><N who="1" m="38087" /><E21/><V36/><F19/><W54/><G93/><T64/><D72/><U13/><E13/><V98/><F114/><W121/><G121/><T78/><REACH who="0" step="1"/><D64/><REACH who="0" ten="216,215,211,348" step="2"/><U48/><E67/><V40/><F0/><W95/><G95/><T86/><D86/><AGARI ba="1,1" hai="46,49,54,86,88,92,96,97" m="7275,9746" machi="86" ten="30,5800,0" yaku="8,1,54,2" doraHai="63,61" who="3" fromWho="0" sc="216,-61,215,0,211,0,348,71" /><INIT seed="3,2,0,2,3,37" ten="155,215,211,419" oya="3" hai0="106,101,64,46,88,124,135,132,11,41,30,5,10" hai1="27,48,109,129,91,72,15,86,85,7,28,56,52" hai2="44,113,26,100,105,121,68,94,74,104,103,92,75" hai3="22,96,116,1,57,118,21,63,23,70,134,69,133"/><W87/><G1/><T95/><D124/><U35/><E72/><N who="2" m="27691" /><F26/><W19/><G96/><T125/><D125/><U78/><E109/><V40/><F68/><N who="3" m="26219" /><G87/><T126/><D126/><U89/><E129/><V31/><F31/><W17/><G63/><T107/><D64/><U65/><E65/><V128/><F128/><W110/><G57/><T130/><D130/><U33/><E33/><V80/><F113/><W47/><G47/><T117/><D30/><U84/><REACH who="1" step="1"/><E78/><REACH who="1" ten="155,205,211,419" step="2"/><V45/><F121/><W108/><G108/><T16/><D117/><N who="3" m="45161" /><G110/><T36/><D101/><U83/><E83/><V112/><F80/><W97/><G97/><T123/><D123/><U99/><E99/><V58/><F100/><W6/><G6/><T49/><D5/><U2/><E2/><V71/><F103/><W60/><G60/><T93/><D93/><U38/><E38/><V73/><F73/><W51/><G51/><T13/><D36/><U120/><E120/><V9/><F92/><W14/><G14/><T54/><D106/><U25/><E25/><V12/><F104/><W82/><G82/><T20/><D107/><U50/><E50/><V3/><F94/><W8/><G8/><AGARI ba="2,1" hai="7,8,15,27,28,35,48,52,56,84,85,86,89,91" machi="8" ten="40,2600,0" yaku="1,1,54,1,53,0" doraHai="37" doraHaiUra="39" who="1" fromWho="3" sc="155,0,205,42,211,0,419,-32" /><INIT seed="4,0,0,1,5,123" ten="155,247,211,387" oya="0" hai0="72,71,76,96,125,6,21,27,101,70,100,10,37" hai1="133,119,62,117,11,135,51,60,85,115,86,113,81" hai2="102,134,28,43,90,4,55,66,32,109,94,121,116" hai3="5,75,8,77,36,98,111,106,24,129,22,91,105"/><T63/><D37/><U19/><E11/><V46/><F121/><W74/><G36/><T15/><D125/><U131/><E19/><V16/><F134/><N who="1" m="51209" /><E131/><V49/><F116/><N who="1" m="44617" /><E51/><V18/><F4/><W93/><G129/><T120/><D120/><U1/><E1/><V110/><F102/><W40/><G40/><T95/><D101/><U44/><E44/><V42/><F42/><W26/><G77/><T118/><D118/><U34/><E34/><V3/><F43/><W126/><G126/><T132/><D132/><U48/><E48/><V103/><F3/><W59/><G59/><T69/><D76/><N who="1" m="46247" /><E86/><V13/><F18/><W53/><G53/><T104/><D72/><U33/><E33/><V50/><F50/><W82/><G74/><T97/><D63/><AGARI ba="0,0" hai="60,62,63,113,115" m="46247,44617,51209" machi="63" ten="40,1300,0" yaku="20,1" doraHai="123" who="1" fromWho="0" sc="155,-13,247,13,211,0,387,0" /><INIT seed="5,0,0,5,2,28" ten="142,260,211,387" oya="1" hai0="83,122,17,84,103,21,133,11,135,100,73,79,89" hai1="51,134,60,124,65,109,15,37,123,106,38,58,44" hai2="66,14,22,95,108,20,1,67,50,116,54,72,24" hai3="29,118,64,43,129,26,45,71,47,115,94,35,19"/><U10/><E106/><V48/><F108/><W77/><G129/><T41/><D41/><U104/><E104/><V76/><F116/><W39/><G118/><T68/><D68/><U119/><E119/><V30/><F1/><W31/><G115/><T82/><D11/><U99/><E123/><V33/><F48/><W98/><G77/><T57/><D57/><U3/><E134/><N who="0" m="51209" /><D21/><U120/><E124/><V128/><F128/><W56/><G71/><T92/><D17/><U125/><E125/><V32/><F20/><W4/><G4/><T107/><D122/><U61/><E3/><V127/><F127/><W74/><G74/><T9/><D9/><U93/><E61/><V88/><F72/><W111/><G111/><T0/><D0/><U87/><E120/><V42/><F42/><W97/><G31/><T46/><D46/><U53/><E109/><V69/><F76/><W75/><G47/><T112/><D112/><U40/><E40/><V121/><F121/><W105/><G19/><T62/><D62/><U80/><E10/><V55/><F69/><W117/><G117/><T34/><D34/><U91/><REACH who="1" step="1"/><E15/><REACH who="1" ten="142,250,211,387" step="2"/><V25/><F14/><W90/><G105/><T96/><D103/><AGARI ba="0,1" hai="37,38,44,51,53,58,60,65,80,87,91,93,99,103" machi="103" ten="30,5800,0" yaku="1,1,2,1,7,1,53,0" doraHai="28" doraHaiUra="113" who="1" fromWho="0" sc="142,-58,250,68,211,0,387,0" /><INIT seed="5,1,0,0,3,6" ten="84,318,211,387" oya="1" hai0="4,71,15,29,5,31,44,80,91,93,131,59,120" hai1="27,20,129,86,85,10,34,56,37,55,35,73,78" hai2="53,36,110,16,63,114,25,77,40,95,45,17,74" hai3="133,30,14,1,11,123,97,112,23,115,96,33,41"/><U82/><E37/><V68/><F110/><W130/><G123/><T100/><D71/><U127/><E129/><V111/><F111/><W121/><G121/><T42/><D120/><U124/><E35/><V116/><F116/><W54/><G133/><T79/><D131/><U83/><E34/><V108/><F108/><W117/><G1/><T90/><D100/><U118/><E118/><V119/><F119/><W69/><G69/><T75/><D59/><U102/><E102/><V104/><F104/><W87/><G41/><T39/><D4/><U3/><E3/><V128/><F128/><W135/><G33/><T61/><D61/><U9/><E73/><V46/><F114/><N who="3" m="43563" /><G135/><T88/><REACH who="0" step="1"/><D93/><REACH who="0" ten="74,318,211,387" step="2"/><U7/><E7/><V28/><F68/><W22/><G130/><T24/><D24/><U18/><E127/><V26/><F63/><W57/><G117/><T106/><D106/><U132/><E124/><V48/><F25/><W49/><G30/><T84/><D84/><U21/><E132/><V70/><F95/><W98/><G87/><T105/><D105/><U50/><E21/><V52/><F28/><W122/><G122/><T89/><N who="0" m="22528" /><DORA hai="81" /><T2/><D2/><U126/><E126/><V103/><F26/><W107/><G107/><T32/><D32/><U62/><E62/><V12/><F70/><W94/><G94/><T43/><D43/><U47/><E56/><V76/><F103/><W109/><G109/><T67/><D67/><U66/><E66/><V65/><F65/><W101/><G101/><T92/><D92/><U38/><E86/><V13/><F40/><RYUUKYOKU ba="1,1" sc="74,15,318,-15,211,-15,387,15" hai0="5,15,29,31,39,42,44,75,79,80" hai3="11,14,22,23,49,54,57,96,97,98" /><INIT seed="6,2,1,5,2,124" ten="89,303,196,402" oya="2" hai0="132,64,69,126,57,4,79,46,116,93,85,113,44" hai1="104,42,8,97,75,76,55,123,50,0,3,67,119" hai2="56,61,86,63,2,77,51,27,45,131,107,101,11" hai3="115,84,88,95,39,26,110,89,117,49,70,14,133"/><V7/><F27/><W105/><G110/><T118/><D126/><U122/><E42/><V13/><F2/><W22/><G117/><T15/><D69/><U83/><E67/><V68/><F68/><W35/><G105/><T25/><D113/><U100/><E119/><V98/><F56/><W71/><G39/><T53/><D118/><U106/><E106/><V102/><F102/><W36/><G36/><T31/><D116/><U109/><E109/><V92/><F131/><W17/><G115/><T29/><D132/><U23/><E23/><V58/><F58/><W43/><G133/><T87/><D64/><U114/><E114/><V41/><F107/><W34/><G70/><T65/><D65/><U91/><E91/><V5/><F5/><W82/><G71/><T103/><D103/><U128/><E128/><V48/><F48/><W90/><G35/><T74/><D74/><U52/><E8/><V1/><F1/><N who="1" m="585" /><E50/><V129/><F129/><W10/><G34/><T38/><D38/><U134/><E134/><V59/><F59/><W60/><G60/><T28/><D25/><U121/><AGARI ba="2,1" hai="52,55,75,76,83,97,100,104,121,122,123" m="585" machi="121" ten="40,2700,0" yaku="13,1,54,1" doraHai="124" who="1" fromWho="1" sc="89,-9,303,43,196,-15,402,-9" /><INIT seed="7,0,0,3,2,25" ten="80,346,181,393" oya="3" hai0="95,92,27,67,76,56,103,18,57,30,132,3,94" hai1="111,106,101,72,135,91,4,28,1,5,74,17,121" hai2="96,32,40,66,29,117,45,2,43,131,134,11,64" hai3="22,126,23,6,110,38,83,53,37,118,35,129,105"/><W54/><G118/><T52/><D3/><U127/><E121/><V68/><F117/><W10/><G105/><T39/><D39/><U79/><E111/><V36/><F40/><W20/><G35/><T70/><D70/><U115/><E127/><V120/><F120/><W73/><G110/><T128/><D128/><U116/><E135/><V69/><F131/><W58/><G126/><T31/><D132/><U75/><E79/><V59/><F134/><W44/><G129/><T8/><D76/><U7/><E17/><V13/><F2/><W85/><G73/><T104/><D104/><U80/><E115/><V124/><F124/><W100/><G100/><T78/><D78/><U90/><E1/><V62/><F96/><W48/><G38/><T112/><D112/><U113/><E113/><V87/><F64/><W42/><G54/><T108/><D108/><U9/><E9/><V0/><F11/><W33/><G33/><T107/><D107/><U63/><E116/><V84/><F0/><W19/><G10/><T60/><D103/><U55/><E80/><V102/><F68/><W41/><G6/><T21/><D8/><U34/><E55/><V133/><F69/><W81/><G41/><T15/><D15/><U61/><E101/><V65/><F13/><W86/><G19/><T89/><D89/><N who="1" m="33803" /><E106/><V71/><F133/><W12/><G12/><T50/><REACH who="0" step="1"/><D50/><REACH who="0" ten="70,346,181,393" step="2"/><U47/><E75/><V123/><F102/><W46/><G37/><T24/><D24/><N who="1" m="18695" /><E74/><V98/><F71/><W26/><G26/><T77/><D77/><U82/><E72/><V51/><F36/><RYUUKYOKU ba="0,1" sc="70,30,346,-10,181,-10,393,-10" hai0="18,21,27,30,31,52,56,57,60,67,92,94,95" owari="100,-40.0,336,14.0,171,-23.0,393,49.0" /></mjloggm>