<mjloggm ver="2.3"><GO type="41" lobby="0"/><UN n0="%E7%A0%82%E7%B3%96%E7%BE%8A" n1="%E3%81%82%E3%81%8A%E3%81%8D%E3%82%93%E3%81%90" n2="%E2%93%9D%53%75%70%68%78" n3="%66%72%6F%67%6D%61%6E" dan="14,14,18,13" rate="1888.97,1935.25,2160.28,1881.43" sx="M,M,M,M"/><TAIKYOKU oya="0"/><INIT seed="0,0,0,0,3,73" ten="250,250,250,250" oya="0" hai0="34,112,58,44,23,62,113,121,117,54,61,76,91" hai1="92,19,87,129,95,10,13,133,77,21,105,30,4" hai2="126,15,93,32,65,27,107,1,101,120,106,69,130" hai3="127,108,36,75,7,71,97,45,48,29,0,128,83"/><T74/><D121/><U57/><E133/><V100/><F1/><W41/><G108/><T11/><D34/><U56/><E129/><V135/><F15/><W110/><G110/><T118/><D11/><U49/><E105/><V16/><F126/><W88/><G127/><T99/><D99/><U64/><E30/><V24/><F93/><W85/><G128/><T115/><D91/><U116/><E116/><V81/><F65/><W102/><G29/><T33/><D33/><U109/><E109/><V79/><F69/><W80/><G71/><T78/><D74/><U50/><E64/><V12/><F120/><W114/><G114/><T26/><D62/><U70/><E70/><V90/><F90/><W67/><G67/><T66/><D118/><U17/><E4/><V46/><F32/><W134/><G134/><T39/><D117/><U40/><E40/><V59/><F107/><W25/><G25/><T123/><D123/><U111/><E111/><V20/><F27/><W86/><G75/><T125/><D125/><U52/><E57/><V3/><F59/><W63/><G63/><T53/><D53/><U8/><E50/><V122/><F106/><W82/><G48/><T55/><D55/><U2/><E2/><V38/><F3/><W51/><G51/><T14/><D14/><N who="1" m="9463" /><E10/><V28/><F130/><W42/><G42/><N who="0" m="22623" /><D66/><U84/><E84/><N who="2" m="48191" /><F122/><W18/><G86/><T104/><D104/><U47/><E56/><V124/><F124/><W5/><G0/><T119/><D119/><U132/><E132/><V60/><F135/><W96/><G5/><T9/><D9/><RYUUKYOKU ba="0,0" sc="250,15,250,15,250,-15,250,-15" hai0="23,26,54,58,61,76,78,112,113,115" hai1="8,13,17,47,49,52,77,87,92,95" /><INIT seed="0,1,0,3,1,80" ten="265,265,235,235" oya="0" hai0="78,58,29,97,33,4,61,3,51,15,104,24,117" hai1="126,35,44,102,82,72,100,98,108,56,130,101,42" hai2="128,49,110,84,109,63,9,131,111,32,12,88,134" hai3="11,39,118,106,57,124,83,76,96,127,45,122,73"/><T74/><D117/><U22/><E35/><V75/><F75/><W48/><G118/><T65/><D3/><U123/><E123/><V59/><F32/><W17/><G122/><T105/><D74/><U50/><E108/><V135/><F49/><W41/><G106/><T40/><D78/><U85/><E72/><V77/><F77/><W67/><G96/><T16/><D4/><U6/><E126/><N who="3" m="48170" /><G67/><T7/><D7/><U21/><E6/><N who="2" m="3127" /><F59/><W43/><G57/><T125/><D97/><U30/><E98/><V69/><F63/><W8/><G17/><T23/><REACH who="0" step="1"/><D125/><REACH who="0" ten="255,265,235,235" step="2"/><U86/><E101/><V62/><F69/><W0/><G0/><T26/><D26/><U10/><E102/><V68/><F68/><W5/><G5/><T25/><D25/><U121/><E100/><V133/><F62/><W132/><G132/><T99/><D99/><U52/><E121/><V13/><F13/><W120/><G120/><T46/><AGARI ba="1,1" hai="15,16,23,24,29,33,40,46,51,58,61,65,104,105" machi="46" ten="30,6000,0" yaku="1,1,0,1,54,1,53,0" doraHai="80" doraHaiUra="93" who="0" fromWho="0" sc="255,73,265,-21,235,-21,235,-21" /><INIT seed="0,2,0,2,0,31" ten="328,244,214,214" oya="0" hai0="77,94,119,14,81,2,115,80,17,123,79,72,97" hai1="84,122,45,71,58,0,132,116,52,50,105,42,36" hai2="78,95,40,135,15,38,37,41,133,112,5,114,4" hai3="35,62,43,11,32,8,27,86,55,26,65,128,66"/><T120/><D115/><N who="2" m="44074" /><F95/><W16/><G43/><N who="2" m="16457" /><F15/><W3/><G128/><T48/><D48/><U33/><E105/><V100/><F78/><W67/><G86/><T34/><D2/><U83/><E122/><V39/><F100/><W108/><G108/><T88/><D34/><N who="3" m="12841" /><G55/><T74/><REACH who="0" step="1"/><D119/><REACH who="0" ten="318,244,214,214" step="2"/><U111/><E33/><V130/><F130/><W44/><G62/><T110/><D110/><U9/><E0/><V118/><F118/><W90/><G3/><T69/><D69/><U24/><E116/><V70/><F70/><W107/><G44/><T76/><D76/><U89/><E111/><V99/><F99/><W117/><G117/><T53/><D53/><U91/><E71/><V13/><F13/><W96/><G96/><T124/><D124/><U30/><E52/><V19/><F39/><W49/><G49/><T57/><D57/><U75/><E50/><V23/><F38/><W98/><G98/><T7/><D7/><U59/><E36/><V101/><F37/><W21/><G107/><T134/><D134/><U47/><E132/><V60/><F135/><W68/><G68/><T46/><D46/><U56/><E47/><V1/><F133/><W22/><G67/><T18/><D18/><U28/><E45/><V85/><F1/><W125/><G66/><T127/><D127/><U12/><E58/><V131/><F131/><W102/><G65/><T73/><D73/><U103/><E75/><V109/><F109/><W82/><G125/><T10/><AGARI ba="2,1" hai="10,14,17,72,74,77,79,80,81,88,94,97,120,123" machi="10" ten="20,18000,2" yaku="1,1,0,1,7,1,9,1,54,1,53,2" doraHai="31" doraHaiUra="104" who="0" fromWho="0" sc="318,196,244,-62,214,-62,214,-62" /><INIT seed="0,3,0,3,2,63" ten="514,182,152,152" oya="0" hai0="43,13,23,96,114,42,133,11,98,17,128,99,22" hai1="78,66,41,54,121,95,28,29,31,59,39,94,132" hai2="33,69,76,90,119,5,12,126,15,8,32,118,47" hai3="19,134,101,25,48,125,117,112,61,60,36,37,49"/><T9/><D133/><U106/><E121/><V111/><F76/><W0/><G0/><T10/><D128/><U104/><E132/><V7/><F47/><W46/><G117/><N who="2" m="44553" /><F69/><W74/><G74/><T83/><D83/><U108/><E108/><V6/><F90/><W65/><G134/><T130/><D130/><U105/><E78/><V40/><F40/><W44/><G112/><T115/><REACH who="0" step="1"/><D23/><REACH who="0" ten="504,182,152,152" step="2"/><U1/><E105/><V93/><F111/><W26/><G125/><T84/><D84/><U86/><E106/><V27/><F126/><W64/><REACH who="3" step="1"/><G101/><REACH who="3" ten="504,182,152,142" step="2"/><T71/><D71/><U81/><E104/><V91/><F33/><W70/><G70/><T82/><D82/><U122/><E81/><V45/><F32/><W92/><G92/><T18/><D18/><AGARI ba="3,2" hai="18,19,25,26,36,37,44,46,48,49,60,61,64,65" machi="18" ten="25,8000,1" yaku="1,1,22,2,52,2,53,0" doraHai="63" doraHaiUra="129" who="3" fromWho="0" sc="504,-89,182,0,152,0,142,109" /><INIT seed="1,0,0,1,0,118" ten="415,182,152,251" oya="1" hai0="110,135,37,96,60,130,65,101,111,40,99,63,64" hai1="58,56,109,114,124,26,7,106,22,95,17,10,104" hai2="19,117,32,48,127,69,97,45,116,50,66,4,3" hai3="86,82,9,78,23,33,43,38,0,30,1,5,31"/><U44/><E114/><V98/><F32/><W53/><G0/><T107/><D135/><U51/><E124/><V81/><F127/><W46/><G33/><T92/><D130/><U18/><E109/><V8/><F50/><W84/><G23/><T35/><D35/><U91/><E18/><V125/><F125/><W79/><G53/><T49/><D37/><U25/><E25/><V39/><F98/><W68/><G68/><T100/><D40/><U89/><E106/><V12/><F97/><W29/><REACH who="3" step="1"/><G79/><REACH who="3" ten="415,182,152,241" step="2"/><T34/><D34/><U42/><E22/><V126/><F126/><W93/><G93/><T15/><D92/><U76/><E95/><V113/><F117/><W6/><G6/><T41/><D107/><U131/><E76/><V85/><F116/><W112/><G112/><T16/><D41/><U121/><E7/><V102/><F113/><W120/><G120/><T2/><D2/><U62/><E42/><V83/><F4/><W105/><G105/><T133/><D110/><U123/><E104/><V59/><F3/><W132/><G132/><T134/><D111/><U21/><E21/><V11/><F69/><W28/><N who="3" m="7168" /><DORA hai="80" /><W52/><G52/><T20/><D134/><U90/><E123/><V87/><F11/><W77/><G77/><T75/><D133/><U27/><E121/><V88/><F8/><W119/><G119/><T61/><D20/><U14/><E10/><V128/><F19/><W73/><AGARI ba="0,1" hai="1,5,9,38,43,46,73,78,82,84,86" m="7168" machi="73" ten="40,12000,2" yaku="1,1,0,1,25,2,52,2,53,0" doraHai="118,80" doraHaiUra="47,13" who="3" fromWho="3" sc="415,-30,182,-60,152,-30,241,130" /><INIT seed="2,0,0,0,0,15" ten="385,122,122,371" oya="2" hai0="8,86,88,45,120,131,126,111,128,130,29,127,50" hai1="40,57,133,79,97,34,122,89,0,25,61,14,2" hai2="116,129,108,6,123,84,134,21,118,78,28,4,112" hai3="115,66,62,63,44,105,33,94,32,5,91,72,99"/><V35/><F78/><W58/><G72/><T26/><D120/><U100/><E79/><V70/><F70/><W11/><G105/><T92/><D8/><U59/><E40/><V107/><F107/><W53/><G115/><T22/><REACH who="0" step="1"/><D111/><REACH who="0" ten="375,122,122,371" step="2"/><U85/><E122/><V27/><F108/><W98/><G98/><T82/><D82/><U103/><E97/><V110/><F110/><W30/><G30/><T23/><D23/><U102/><E34/><V55/><F123/><W56/><REACH who="3" step="1"/><G44/><REACH who="3" ten="375,122,122,361" step="2"/><T31/><D31/><U69/><E133/><V48/><F134/><W16/><G16/><T12/><D12/><AGARI ba="0,2" hai="5,11,12,32,33,53,56,58,62,63,66,91,94,99" machi="12" ten="30,2000,0" yaku="1,1,7,1,53,0" doraHai="15" doraHaiUra="121" who="3" fromWho="0" sc="375,-20,122,0,122,0,361,40" /><INIT seed="3,0,0,1,3,11" ten="355,122,122,401" oya="3" hai0="128,69,56,79,117,127,33,5,133,78,53,86,73" hai1="83,123,96,103,4,45,13,99,0,51,105,67,68" hai2="43,85,29,2,121,9,111,108,59,84,40,132,64" hai3="27,15,81,62,113,110,19,122,77,3,16,87,112"/><W49/><G122/><T26/><D133/><U39/><E123/><V44/><F121/><W88/><G3/><T10/><D128/><U34/><E34/><V92/><F29/><W18/><G110/><N who="2" m="42025" /><F132/><W52/><G62/><T42/><D127/><U8/><E39/><V135/><F135/><W75/><G27/><T20/><D69/><U23/><E68/><V6/><F92/><W120/><G120/><T37/><D33/><U32/><E32/><V14/><F43/><W90/><G112/><T1/><D73/><U63/><E83/><V22/><F59/><W46/><G113/><T102/><D102/><U41/><E99/><V47/><F64/><W93/><G90/><T125/><D125/><U97/><E96/><V109/><F47/><W31/><G31/><T106/><D106/><U25/><E67/><V134/><F134/><W61/><G61/><T55/><D78/><U17/><REACH who="1" step="1"/><E63/><REACH who="1" ten="355,112,122,401" step="2"/><V66/><F66/><W82/><REACH who="3" step="1"/><G93/><REACH who="3" ten="355,112,122,391" step="2"/><T91/><D1/><AGARI ba="0,2" hai="0,1,4,8,13,17,23,25,41,45,51,97,103,105" machi="1" ten="40,5200,0" yaku="1,1,2,1,52,1,53,0" doraHai="11" doraHaiUra="50" who="1" fromWho="0" sc="355,-52,112,72,122,0,391,0" /><INIT seed="4,0,0,4,3,122" ten="303,184,122,391" oya="0" hai0="132,53,92,85,106,71,63,81,0,54,40,38,70" hai1="65,49,114,55,37,79,17,6,19,22,95,23,34" hai2="116,125,120,78,102,100,13,133,89,24,74,5,84" hai3="86,75,32,18,12,26,111,94,73,127,3,42,56"/><T58/><D132/><U20/><E34/><V87/><F5/><W124/><G3/><T30/><D106/><U67/><E37/><V39/><F39/><W115/><G115/><T8/><D30/><U35/><E35/><V36/><F36/><W1/><G1/><T46/><D92/><U96/><E6/><V98/><F13/><W80/><G42/><T9/><D0/><U57/><E79/><V107/><F24/><W11/><G94/><T61/><D8/><U109/><E109/><V69/><F69/><N who="0" m="26122" /><D9/><U25/><E114/><V16/><F16/><N who="1" m="6217" /><E25/><V108/><F133/><W66/><G111/><T51/><D85/><N who="2" m="32842" /><F120/><W131/><G131/><T64/><D81/><U123/><E123/><V48/><F108/><W41/><G26/><T90/><D90/><AGARI ba="0,0" hai="20,22,23,49,55,57,65,67,90,95,96" m="6217" machi="90" ten="30,2000,0" yaku="8,1,54,1" doraHai="122" who="1" fromWho="0" sc="303,-20,184,20,122,0,391,0" /><INIT seed="5,0,0,5,5,45" ten="283,204,122,391" oya="1" hai0="38,90,92,127,109,124,77,55,86,108,79,13,89" hai1="88,70,46,123,121,68,85,111,62,51,40,125,23" hai2="96,26,7,8,44,119,4,133,118,32,101,76,6" hai3="12,14,129,20,15,82,69,64,75,113,87,18,0"/><U56/><E125/><N who="0" m="48201" /><D55/><U104/><E104/><V29/><F76/><N who="0" m="29258" /><D38/><U120/><E23/><V134/><F44/><W83/><G0/><T135/><D13/><U122/><N who="1" m="30720" /><DORA hai="50" /><U27/><E27/><V35/><F96/><W52/><G75/><T117/><D135/><N who="2" m="51722" /><F101/><W74/><G74/><T66/><D66/><U91/><E111/><V2/><F35/><W17/><G64/><T31/><D31/><U84/><E84/><V5/><AGARI ba="0,0" hai="2,4,5,6,7,8,26,29,32,118,119" m="51722" machi="5" ten="40,5200,0" yaku="20,1,34,2" doraHai="45,50" who="2" fromWho="2" sc="283,-13,204,-26,122,52,391,-13" /><INIT seed="6,0,0,5,2,109" ten="270,178,174,378" oya="2" hai0="41,15,72,111,123,89,24,75,23,26,11,79,57" hai1="44,3,35,42,131,127,21,78,47,97,2,6,1" hai2="133,112,64,100,48,88,126,29,37,135,84,120,104" hai3="105,34,22,27,130,0,28,92,128,121,49,101,107"/><V14/><F37/><W69/><G69/><T76/><D111/><U93/><E35/><V9/><F120/><W82/><G0/><T53/><D123/><U103/><E127/><V94/><F126/><W90/><G121/><T119/><D41/><U108/><E108/><V113/><F29/><W118/><G118/><T110/><D110/><U66/><E66/><V30/><F30/><W36/><G36/><T87/><D72/><U12/><E78/><V124/><F124/><W56/><G82/><T54/><D54/><U116/><E116/><V85/><F64/><W43/><G101/><T102/><D102/><U4/><E47/><V70/><F70/><W46/><G56/><T80/><D119/><U20/><E131/><N who="3" m="50218" /><G34/><T39/><D39/><U68/><E68/><V83/><F48/><W117/><G117/><T62/><D75/><U7/><REACH who="1" step="1"/><E12/><REACH who="1" ten="270,168,174,378" step="2"/><V77/><F104/><W17/><G28/><N who="0" m="17439" /><D26/><U16/><E16/><AGARI ba="0,1" hai="11,15,16,53,57,62,76,79,80,87,89" m="17439" machi="16" ten="30,2000,0" yaku="8,1,54,1" doraHai="109" who="0" fromWho="1" sc="270,30,168,-20,174,0,378,0" /><INIT seed="7,0,0,3,0,132" ten="300,148,174,378" oya="3" hai0="23,119,29,120,91,124,131,76,57,135,101,97,4" hai1="70,3,90,56,123,35,6,113,43,48,111,82,110" hai2="32,134,105,133,30,129,38,17,81,109,52,125,37" hai3="62,2,79,54,99,114,93,28,11,34,108,65,95"/><W39/><G114/><T8/><D135/><N who="2" m="51722" /><F109/><W14/><G2/><T85/><D131/><U87/><E70/><V96/><F129/><W24/><G39/><T117/><D120/><U50/><E123/><V66/><F125/><W13/><G79/><T36/><D36/><U116/><E35/><V118/><F66/><W92/><G108/><T44/><D124/><U72/><E113/><V77/><F17/><W41/><G41/><T80/><D44/><U9/><E116/><V98/><F118/><W78/><G78/><T20/><D57/><U127/><E127/><V26/><F52/><W126/><G54/><T21/><D29/><U15/><E72/><N who="2" m="43175" /><F98/><W27/><G27/><T112/><D112/><U12/><E111/><V67/><F67/><W68/><G14/><T75/><D4/><U88/><E110/><V19/><F19/><W59/><G68/><T94/><REACH who="0" step="1"/><D8/><REACH who="0" ten="290,148,174,378" step="2"/><N who="1" m="4119" /><E3/><V130/><F130/><W33/><G126/><T115/><D115/><U53/><E43/><V83/><F38/><W107/><G28/><T71/><D71/><U102/><E102/><N who="2" m="62663" /><F37/><W86/><G59/><T46/><D46/><U47/><E47/><V121/><F121/><W61/><G11/><T103/><D103/><U22/><E22/><V69/><F69/><W106/><G34/><T100/><D100/><U128/><E128/><V64/><F64/><W42/><G65/><T58/><D58/><U0/><E0/><V74/><F74/><W31/><G31/><T10/><D10/><U45/><E45/><V5/><F5/><W60/><G33/><T7/><D7/><N who="1" m="3519" /><E48/><V73/><F73/><RYUUKYOKU ba="0,1" sc="290,10,148,10,174,10,378,-30" hai0="20,21,23,75,76,80,85,91,94,97,101,117,119" hai1="50,53,56,82,87,88,90" hai2="26,30,32,83" owari="300,10.0,158,-34.0,184,-22.0,358,46.0" /></mjloggm>