<mjloggm ver="2.3"><GO type="41" lobby="0"/><UN n0="%E3%82%AD%E3%82%B5%E3%83%A9%E3%82%AE%E4%B8%8A%E9%87%8E" n1="%53%68%6F%65%62%69%6C%6C" n2="%E5%8B%98%E5%86%B4%E3%81%88%E3%81%A6%E6%82%94%E3%81%97%E3%81%84%E3%82%8F" n3="%E2%93%9D%53%75%70%68%78" dan="14,13,13,18" rate="1892.57,1854.34,1965.43,2088.85" sx="M,F,F,M"/><TAIKYOKU oya="0"/><INIT seed="0,0,0,0,2,20" ten="250,250,250,250" oya="0" hai0="128,130,52,13,2,119,111,95,121,83,53,102,122" hai1="103,99,6,46,94,39,124,66,50,108,17,71,24" hai2="118,132,12,117,131,10,105,87,93,9,107,76,25" hai3="101,30,4,1,38,27,127,0,23,33,104,72,61"/><T90/><D2/><U80/><E108/><V77/><F132/><W97/><G127/><T89/><D119/><U19/><E39/><V47/><F131/><N who="0" m="50218" /><D111/><U45/><E6/><V135/><F135/><W126/><G126/><T91/><D13/><U32/><E46/><V63/><F47/><W41/><G72/><T110/><D110/><U114/><E114/><V49/><F49/><W43/><G38/><T26/><D83/><U123/><E123/><N who="0" m="47113" /><D26/><U65/><E71/><V44/><F44/><W88/><G1/><T35/><D35/><U98/><E80/><V81/><F76/><W79/><G79/><T92/><D102/><U109/><E109/><V3/><F25/><W15/><G0/><T84/><D84/><U62/><E99/><V60/><F93/><AGARI ba="0,0" hai="52,53,89,90,91,92,93,95" m="47113,50218" machi="93" ten="40,12000,1" yaku="28,2,19,1,54,1" doraHai="20" who="0" fromWho="2" sc="250,120,250,0,250,-120,250,0" /><INIT seed="0,1,0,4,4,135" ten="370,250,130,250" oya="0" hai0="38,36,86,133,122,79,23,46,64,37,87,67,10" hai1="118,123,102,80,119,34,76,110,59,107,98,68,89" hai2="24,113,70,40,4,49,105,106,32,103,31,96,120" hai3="108,93,27,52,130,18,109,58,95,56,92,117,48"/><T97/><D133/><U62/><E68/><V0/><F113/><W8/><G117/><T112/><D122/><U25/><E110/><N who="3" m="42602" /><G130/><T22/><D10/><U124/><E123/><V111/><F111/><W1/><G27/><T84/><D79/><U12/><E124/><V81/><F120/><W100/><G58/><T69/><D46/><U53/><E12/><V115/><F115/><W88/><G100/><T71/><D97/><U21/><E89/><V16/><F49/><W83/><G83/><T39/><N who="0" m="9216" /><DORA hai="60" /><T72/><D72/><U73/><REACH who="1" step="1"/><E34/><REACH who="1" ten="370,240,130,250" step="2"/><V101/><F103/><W54/><G1/><T43/><D112/><U41/><E41/><V127/><F127/><W9/><G88/><T50/><D43/><U66/><E66/><N who="0" m="25129" /><D50/><U82/><E82/><V90/><F40/><W17/><G54/><T57/><D57/><U63/><E63/><V19/><F90/><W104/><G56/><T20/><AGARI ba="1,1" hai="20,22,23,69,71,84,86,87" m="25129,9216" machi="20" ten="70,18000,2" yaku="29,2,28,2,52,3" doraHai="135,60" who="0" fromWho="0" sc="370,193,240,-61,130,-61,250,-61" /><INIT seed="0,2,0,1,0,34" ten="563,179,69,189" oya="0" hai0="43,25,15,52,98,33,81,126,90,97,120,23,68" hai1="128,11,13,76,105,4,14,70,88,75,96,94,85" hai2="57,115,123,18,2,55,119,89,38,8,9,73,133" hai3="26,51,60,101,91,64,7,37,48,78,109,40,20"/><T46/><D120/><U124/><E70/><V80/><F119/><W135/><G109/><T12/><D68/><U117/><E128/><V29/><F115/><W130/><G78/><T82/><D33/><U84/><E124/><V36/><F133/><W121/><G101/><T118/><D43/><U65/><E117/><V22/><F123/><W131/><G7/><T108/><D126/><U63/><E84/><V35/><F38/><W16/><G135/><T32/><D32/><U102/><E65/><V107/><F36/><W110/><G110/><T45/><D108/><U1/><REACH who="1" step="1"/><E63/><REACH who="1" ten="563,169,69,189" step="2"/><V58/><F73/><W59/><G121/><T42/><D118/><U112/><E112/><V71/><F71/><W127/><G127/><T74/><D74/><U56/><E56/><V79/><F57/><W10/><G131/><T31/><D97/><U106/><E106/><V83/><F58/><W17/><G130/><T5/><D98/><U47/><E47/><V30/><F55/><W21/><G64/><T87/><D46/><U27/><E27/><V125/><F107/><W39/><G60/><T3/><D45/><U67/><E67/><V24/><F125/><W111/><G111/><T86/><D87/><U92/><E92/><V77/><F35/><W134/><G134/><T114/><D86/><U49/><E49/><V72/><F89/><W0/><G39/><T95/><D95/><U54/><E54/><V103/><F103/><W69/><G37/><T62/><D62/><U129/><E129/><V6/><F9/><W28/><G69/><T41/><D114/><U100/><E100/><RYUUKYOKU ba="2,1" sc="563,-15,169,15,69,15,189,-15" hai1="1,4,11,13,14,75,76,85,88,94,96,102,105" hai2="2,6,8,18,22,24,29,30,72,77,79,80,83" /><INIT seed="1,3,1,2,2,35" ten="548,184,84,174" oya="1" hai0="79,111,127,112,134,59,9,40,98,31,3,117,122" hai1="39,53,62,89,110,65,43,72,54,55,18,96,22" hai2="99,82,41,66,47,52,123,107,103,102,8,26,84" hai3="97,100,34,27,38,68,74,10,101,60,109,45,48"/><U87/><E72/><V115/><F123/><W125/><G101/><T126/><D111/><U49/><E110/><V108/><F108/><W120/><G109/><T124/><D79/><U92/><E39/><V4/><F66/><W128/><G128/><T81/><D81/><U6/><E6/><V71/><F71/><W42/><G125/><T133/><D98/><U121/><E121/><V67/><F67/><W73/><G48/><T33/><D59/><U88/><E43/><V21/><F103/><W86/><G86/><T17/><D40/><U11/><E11/><V80/><F115/><W29/><G10/><T90/><D90/><U37/><E37/><V7/><F8/><W77/><G77/><T1/><D122/><U58/><E89/><V78/><F82/><W2/><G2/><N who="0" m="523" /><D112/><U16/><E18/><V46/><F52/><W93/><G120/><T116/><D9/><U105/><E105/><V19/><REACH who="2" step="1"/><F46/><REACH who="2" ten="548,184,74,174" step="2"/><W36/><G45/><T129/><D117/><U130/><E130/><V15/><F15/><W25/><G68/><T13/><D116/><U135/><E135/><V32/><F32/><W28/><G34/><T91/><D129/><U75/><E75/><V61/><F61/><W30/><G60/><T5/><D133/><U114/><E114/><V14/><F14/><W0/><G0/><T44/><D134/><U23/><E23/><V106/><F106/><W57/><G74/><T12/><D126/><U119/><E119/><V69/><F69/><W56/><G73/><T51/><D124/><U113/><E113/><V104/><F104/><W118/><G118/><RYUUKYOKU ba="3,2" sc="548,-10,184,-10,74,30,174,-10" hai2="4,7,19,21,26,41,47,78,80,84,99,102,107" /><INIT seed="2,4,2,4,5,105" ten="538,174,104,164" oya="2" hai0="10,24,12,73,116,62,6,55,98,16,110,91,39" hai1="5,37,32,129,44,89,13,78,31,122,104,130,29" hai2="7,0,61,77,19,103,15,66,74,36,75,106,60" hai3="8,51,102,63,67,53,84,107,124,123,72,95,43"/><V68/><F19/><W132/><G123/><T108/><D39/><U4/><E122/><V35/><F15/><W76/><G43/><T81/><D116/><U126/><E104/><V97/><F77/><W127/><G132/><T38/><D38/><U100/><E100/><V94/><F94/><W83/><G8/><T115/><D115/><U70/><E70/><V101/><F61/><W30/><G30/><N who="1" m="11274" /><E32/><V86/><F86/><W46/><G107/><T64/><D55/><U99/><E78/><V49/><F49/><W82/><G95/><T56/><D98/><U65/><E65/><V112/><F101/><W133/><G133/><T85/><D73/><N who="2" m="27658" /><F112/><W48/><G48/><T34/><D34/><U69/><E69/><V27/><F36/><W57/><G102/><T109/><D24/><U9/><E37/><V17/><F17/><AGARI ba="4,2" hai="6,10,12,16,17,56,62,64,81,85,91,108,109,110" machi="17" ten="40,2600,0" yaku="14,1,54,1" doraHai="105" who="0" fromWho="2" sc="538,58,174,0,104,-38,164,0" /><INIT seed="3,0,0,3,1,17" ten="596,174,66,164" oya="3" hai0="25,91,105,24,32,97,127,60,57,2,113,23,33" hai1="115,8,133,62,51,63,9,119,3,55,114,4,70" hai2="40,67,56,130,31,38,93,123,27,75,35,18,116" hai3="103,39,37,36,125,76,65,129,106,98,66,104,44"/><W22/><G129/><T109/><D109/><U78/><E133/><V16/><F123/><W132/><G132/><T118/><D2/><U19/><E119/><V121/><F116/><W53/><G125/><T20/><D118/><U72/><E63/><V6/><F75/><W5/><G5/><T99/><D127/><U92/><E92/><V88/><F130/><W131/><G131/><T30/><D91/><U54/><E9/><V45/><F121/><W1/><G76/><T61/><D113/><U134/><E134/><V52/><F6/><W81/><G81/><T110/><D110/><U96/><E96/><V107/><F107/><W120/><G1/><T124/><D124/><U90/><E90/><V73/><F73/><W46/><G120/><T59/><D30/><U14/><E62/><V15/><F15/><W117/><G117/><T108/><D108/><U77/><E70/><V11/><F67/><W49/><G106/><AGARI ba="0,0" hai="20,23,24,25,32,33,57,59,60,61,97,99,105,106" machi="106" ten="25,6400,0" yaku="22,2,52,2" doraHai="17" who="0" fromWho="3" sc="596,64,174,0,66,0,164,-64" /><INIT seed="4,0,0,4,4,129" ten="660,174,66,100" oya="0" hai0="78,51,17,28,59,29,13,96,114,131,0,102,18" hai1="73,11,16,107,89,26,27,113,85,82,45,49,46" hai2="5,50,101,67,71,53,127,112,70,23,121,124,39" hai3="54,35,31,119,99,109,100,4,34,25,97,130,125"/><T81/><D0/><U86/><E107/><V120/><F5/><W106/><G109/><T43/><D114/><U133/><E73/><V52/><F101/><W68/><G119/><T19/><D131/><U87/><E133/><V37/><F23/><W42/><G130/><T24/><D13/><N who="1" m="7231" /><E87/><V115/><REACH who="2" step="1"/><F50/><REACH who="2" ten="660,174,56,100" step="2"/><W95/><G4/><T123/><D51/><U69/><E113/><V9/><F9/><W110/><G100/><T62/><D123/><U105/><E49/><V135/><F135/><W128/><G128/><T33/><D62/><U47/><E105/><V104/><F104/><W92/><G106/><T66/><D33/><U80/><E69/><V122/><F122/><W84/><G68/><T65/><D43/><U83/><E89/><V90/><F90/><W56/><G35/><T32/><D32/><U98/><E98/><V40/><F40/><W79/><G42/><T14/><D96/><U20/><E20/><V6/><F6/><W30/><G99/><T75/><D102/><U108/><E108/><V3/><F3/><W72/><G110/><T126/><D14/><U117/><E117/><V44/><F44/><W93/><G97/><T118/><D118/><U36/><E36/><V1/><F1/><W63/><G34/><T48/><D78/><U10/><E10/><V57/><F57/><W134/><G56/><T77/><D59/><U61/><E47/><V103/><F103/><W132/><G132/><T111/><D111/><U55/><E45/><V2/><F2/><W58/><G134/><T74/><D77/><N who="1" m="46223" /><E46/><V12/><F12/><W22/><G58/><RYUUKYOKU ba="0,1" sc="660,-10,174,-10,56,30,100,-10" hai2="37,39,52,53,67,70,71,112,115,120,121,124,127" /><INIT seed="5,1,1,4,2,60" ten="650,164,86,90" oya="1" hai0="103,9,112,63,67,102,95,68,1,15,76,61,71" hai1="81,70,122,127,48,19,33,73,14,111,31,53,100" hai2="87,25,58,124,85,59,93,106,65,96,78,26,45" hai3="34,126,29,105,64,3,4,57,128,40,79,86,42"/><U119/><E122/><V115/><F106/><W113/><G105/><T10/><D112/><U125/><E119/><V104/><F104/><W43/><G113/><T117/><D76/><U114/><E70/><V32/><F32/><W92/><G128/><T21/><D1/><U37/><E37/><V6/><F6/><W47/><G126/><N who="1" m="48138" /><E114/><V41/><F115/><W27/><G4/><T134/><D21/><U72/><E100/><N who="2" m="60431" /><F124/><W133/><G133/><T94/><D15/><U108/><E81/><N who="2" m="47287" /><F87/><W116/><G3/><T62/><D134/><U129/><E31/><V7/><F7/><W39/><G116/><T55/><D55/><U2/><E2/><V99/><F99/><W132/><G132/><T91/><D91/><U38/><E38/><V18/><F18/><W66/><G79/><T82/><D82/><U8/><E33/><V22/><F22/><W130/><G130/><T69/><D117/><U118/><E129/><V20/><F20/><W75/><G34/><T121/><D121/><U135/><E135/><V88/><F88/><W101/><G39/><T17/><D17/><U98/><E98/><V13/><F13/><W5/><G5/><T36/><D36/><U80/><E118/><V50/><F58/><W123/><G57/><T109/><D9/><U49/><E80/><V131/><F131/><W23/><G123/><T52/><D10/><U11/><E11/><V56/><F56/><W110/><G23/><T28/><D69/><U35/><E35/><V89/><F89/><W44/><G101/><T77/><D71/><U83/><E8/><V16/><F16/><RYUUKYOKU ba="1,1" sc="650,-10,164,-10,86,30,90,-10" hai2="25,26,41,45,50,59,65" /><INIT seed="6,2,1,5,5,40" ten="640,154,116,80" oya="2" hai0="130,93,38,77,132,46,58,60,104,76,105,70,126" hai1="109,62,51,20,86,21,61,12,91,110,87,112,57" hai2="118,124,129,1,0,10,92,45,88,65,125,123,67" hai3="23,64,85,4,15,80,54,22,82,42,114,113,63"/><V19/><F118/><W35/><G35/><T26/><D126/><N who="2" m="48746" /><F123/><W74/><G54/><T41/><D130/><U28/><E112/><N who="3" m="43114" /><G42/><T30/><D70/><U133/><E133/><V127/><N who="2" m="48754" /><V11/><DORA hai="81" /><F129/><W106/><G106/><T119/><D132/><U2/><E2/><N who="2" m="1131" /><F45/><W27/><G82/><T128/><D128/><U79/><E109/><V116/><F116/><W90/><G74/><T83/><D77/><U13/><E110/><V18/><F18/><W72/><G72/><T47/><D93/><N who="1" m="54519" /><E28/><V122/><F122/><W17/><G4/><T53/><D46/><U69/><E69/><V36/><F36/><W66/><G63/><N who="1" m="24074" /><E57/><V3/><N who="2" m="1139" /><V95/><DORA hai="33" /><F95/><W5/><G5/><T9/><D119/><U111/><E51/><V103/><F103/><W89/><G89/><T37/><D37/><U121/><E111/><V25/><F25/><W100/><G100/><T50/><D38/><U29/><E121/><V68/><F68/><W32/><G32/><T31/><D47/><U49/><E49/><V78/><F78/><W134/><G134/><T56/><D76/><U108/><E108/><V14/><F11/><W7/><G7/><T99/><D9/><U135/><E135/><V102/><F102/><W44/><G44/><T97/><D104/><U55/><E79/><V96/><AGARI ba="2,1" hai="10,14,19,65,67,88,92,96" m="1139,48754" machi="96" ten="60,18000,2" yaku="18,1,52,4,54,1" doraHai="40,81,33" who="2" fromWho="2" sc="640,-62,154,-62,116,196,80,-62" /><INIT seed="6,3,0,1,1,92" ten="578,92,312,18" oya="2" hai0="28,126,8,41,11,44,15,86,118,134,88,50,65" hai1="20,5,79,36,2,6,3,51,62,103,130,29,80" hai2="21,93,45,75,31,60,13,68,71,115,47,96,82" hai3="42,106,135,32,24,49,27,70,121,90,104,81,63"/><V61/><F115/><W108/><G121/><T33/><D126/><U85/><E36/><V84/><F75/><W109/><G49/><T18/><D134/><U111/><E111/><V57/><F60/><W30/><G90/><T94/><D118/><U67/><E130/><V69/><F82/><W37/><G81/><T83/><D65/><U122/><E122/><V26/><F84/><W77/><G77/><T97/><D33/><U114/><E3/><V133/><F13/><W4/><G4/><T10/><D28/><U87/><E2/><V12/><F12/><W127/><G27/><T105/><D105/><N who="3" m="40553" /><G127/><T102/><AGARI ba="3,0" hai="8,10,11,15,18,41,44,50,83,86,88,94,97,102" machi="102" ten="20,8000,1" yaku="0,1,7,1,8,1,52,1,54,1" doraHai="92" who="0" fromWho="0" sc="578,89,92,-23,312,-43,18,-23" owari="667,77.0,69,-33.0,269,7.0,-5,-51.0" /></mjloggm>