<mjloggm ver="2.3"><GO type="41" lobby="0"/><UN n0="%E3%81%8B%E3%82%81%E3%81%A0%E3%82%84" n1="%E2%93%9D%53%75%70%68%78" n2="%6E%6F%62%75%73%61%74%6F" n3="%E6%9C%9D%E9%9C%A7%E6%82%A0%E7%90%86" dan="13,18,15,14" rate="1964.56,2105.11,1987.78,1967.55" sx="M,M,M,F"/><TAIKYOKU oya="0"/><INIT seed="0,0,0,4,1,61" ten="250,250,250,250" oya="0" hai0="122,104,64,5,60,19,22,65,86,120,89,124,98" hai1="43,80,129,108,14,97,36,102,2,91,34,35,53" hai2="134,84,47,55,135,94,33,111,1,16,58,123,40" hai3="88,25,18,63,4,42,38,3,56,11,131,48,68"/><T75/><D124/><U74/><E2/><V39/><F123/><W92/><G131/><T82/><D75/><U31/><E108/><V69/><F33/><W15/><G38/><T81/><D81/><U100/><E43/><V54/><F1/><W17/><G68/><T107/><D5/><U78/><E36/><V103/><F69/><W132/><G132/><T13/><D104/><U44/><E14/><V116/><F116/><W85/><G3/><T95/><D107/><U50/><E129/><V70/><F70/><W133/><G133/><N who="2" m="50697" /><F55/><W79/><G79/><T121/><REACH who="0" step="1"/><D60/><REACH who="0" ten="240,250,250,250" step="2"/><U49/><E74/><V20/><F111/><W76/><G76/><AGARI ba="0,1" hai="13,19,22,64,65,76,82,86,89,95,98,120,121,122" machi="76" ten="40,12000,1" yaku="1,1,2,1,52,2,53,0" doraHai="61" doraHaiUra="114" who="0" fromWho="3" sc="240,130,250,0,250,0,250,-120" /><INIT seed="0,1,0,0,0,119" ten="370,250,250,130" oya="0" hai0="124,104,86,93,12,107,36,22,6,52,84,0,80" hai1="91,68,32,34,88,21,44,24,72,23,41,30,67" hai2="63,131,49,101,14,122,70,53,108,27,11,128,28" hai3="82,112,89,123,25,99,38,54,60,116,117,42,109"/><T40/><D0/><U97/><E72/><V8/><F108/><W64/><G112/><T7/><D124/><U106/><E34/><V57/><F101/><W98/><G109/><T45/><D107/><U48/><E23/><V19/><F122/><W113/><G113/><T130/><D104/><U96/><E21/><V81/><F81/><W13/><G25/><T2/><D2/><U16/><E16/><V56/><F70/><W18/><G123/><T59/><D130/><N who="2" m="49706" /><F28/><W43/><G116/><T132/><D132/><U69/><E97/><V94/><F94/><W37/><G117/><T85/><D93/><U55/><E69/><V127/><F27/><W1/><G1/><T66/><D66/><U29/><E29/><V121/><F121/><W15/><G64/><T17/><REACH who="0" step="1"/><D80/><REACH who="0" ten="360,250,250,130" step="2"/><U47/><E67/><N who="2" m="39399" /><F127/><W71/><G82/><T33/><D33/><U26/><E32/><V3/><F3/><W77/><G71/><T79/><D79/><U129/><E129/><V4/><F11/><W58/><G77/><T10/><D10/><U114/><E114/><V102/><F102/><W50/><G89/><T74/><D74/><U103/><E68/><V46/><F4/><W135/><G135/><T126/><D126/><U51/><E30/><V90/><F90/><W5/><G5/><T134/><D134/><U105/><E91/><V62/><F62/><AGARI ba="1,1" hai="6,7,12,17,22,36,40,45,52,59,62,84,85,86" machi="62" ten="40,3900,0" yaku="1,1,54,1,53,0" doraHai="119" doraHaiUra="133" who="0" fromWho="2" sc="360,52,250,0,250,-42,130,0" /><INIT seed="0,2,0,3,2,122" ten="412,250,208,130" oya="0" hai0="14,0,15,40,6,67,127,19,65,41,18,85,75" hai1="114,69,106,16,100,71,26,99,101,2,63,47,39" hai2="32,70,29,31,68,53,115,73,43,54,109,11,20" hai3="107,24,123,126,105,135,12,128,33,112,84,130,90"/><T97/><D75/><U17/><E2/><V57/><F73/><W55/><G112/><T133/><D0/><U113/><E63/><V13/><F115/><N who="1" m="44041" /><E101/><V34/><F20/><W27/><G123/><T22/><D6/><U10/><E26/><V103/><F103/><W1/><G1/><T44/><D133/><U7/><E7/><V25/><F43/><W9/><G135/><T23/><D127/><U124/><E124/><V89/><F89/><W42/><G126/><T46/><D85/><U4/><E4/><V125/><F125/><W118/><G42/><T94/><D94/><U119/><E119/><V50/><F13/><W59/><G118/><T129/><D129/><N who="3" m="49769" /><G12/><T35/><D35/><U72/><E72/><V95/><F95/><N who="3" m="54727" /><G9/><T64/><D64/><U61/><E10/><V93/><F93/><W110/><G110/><T30/><REACH who="0" step="1"/><D30/><REACH who="0" ten="402,250,208,130" step="2"/><U62/><E17/><V74/><F74/><W80/><G33/><T134/><D134/><U49/><E16/><V88/><F88/><W104/><G80/><T117/><D117/><U92/><E92/><V52/><F11/><W86/><G86/><T132/><D132/><U60/><E71/><V8/><F8/><W37/><G37/><T38/><D38/><U108/><E39/><V45/><F31/><W77/><G77/><T98/><AGARI ba="2,1" hai="14,15,18,19,22,23,40,41,44,46,65,67,97,98" machi="98" ten="25,12000,1" yaku="1,1,0,1,22,2,8,1,53,0" doraHai="122" doraHaiUra="120" who="0" fromWho="0" sc="402,136,250,-42,208,-42,130,-42" /><INIT seed="0,3,0,4,5,24" ten="538,208,166,88" oya="0" hai0="102,124,33,60,45,44,46,110,29,105,83,122,67" hai1="114,112,106,100,99,95,129,47,72,53,66,79,26" hai2="7,63,10,8,38,18,39,111,2,64,0,37,75" hai3="131,104,94,9,1,132,23,113,30,82,80,88,13"/><T84/><D122/><U27/><E66/><V61/><F75/><W35/><G113/><N who="1" m="43626" /><E129/><V78/><F111/><W62/><G131/><T126/><D110/><U25/><E79/><V77/><F18/><N who="3" m="10703" /><G132/><T101/><D105/><U73/><E106/><V22/><F22/><W52/><G104/><T128/><D128/><U74/><E53/><V91/><F91/><W81/><G1/><T109/><D109/><U71/><E47/><V15/><F15/><W48/><G35/><T108/><D108/><U120/><E71/><V3/><F7/><W42/><G9/><N who="2" m="3689" /><F64/><W76/><G76/><AGARI ba="3,0" hai="0,2,3,37,38,39,61,63,76,77,78" m="3689" machi="76" ten="40,2600,0" yaku="28,2" doraHai="24" who="2" fromWho="3" sc="538,0,208,0,166,35,88,-35" /><INIT seed="1,0,0,5,3,27" ten="538,208,201,53" oya="1" hai0="94,113,75,23,109,64,31,45,115,56,53,36,85" hai1="86,0,111,112,128,122,101,135,98,40,107,76,42" hai2="78,3,95,134,108,32,60,1,2,80,17,43,65" hai3="21,102,126,66,58,99,121,68,74,22,96,89,24"/><U120/><E0/><V63/><F108/><W110/><G121/><T49/><D109/><U41/><E111/><V105/><F105/><W28/><G110/><T62/><D75/><U50/><E112/><V82/><F134/><W15/><G74/><T33/><D33/><U55/><E128/><V47/><F95/><W124/><G89/><T103/><D36/><U73/><E135/><V67/><F17/><N who="3" m="10431" /><G68/><T79/><D79/><U93/><E73/><V100/><F100/><W81/><G81/><T127/><D127/><N who="3" m="48681" /><G102/><T125/><D125/><U6/><E6/><V97/><F97/><W69/><G69/><T123/><D123/><U12/><E12/><V116/><F116/><W29/><G29/><T59/><D59/><U77/><E122/><V44/><F43/><W38/><G38/><T54/><D113/><U14/><E120/><V20/><F20/><W130/><G130/><T35/><D35/><U71/><E71/><V37/><F37/><W87/><G87/><T10/><D10/><U83/><E77/><V18/><F18/><W133/><G133/><T34/><D34/><U30/><E107/><V25/><F25/><W118/><G118/><T39/><D39/><U5/><E30/><V19/><F19/><W51/><G66/><N who="2" m="25097" /><F32/><W8/><G8/><T9/><D9/><N who="1" m="4399" /><E42/><V104/><F104/><W46/><G58/><AGARI ba="0,0" hai="40,41,50,55,58,76,83,86,93,98,101" m="4399" machi="58" ten="30,1500,0" yaku="8,1" doraHai="27" who="1" fromWho="3" sc="538,0,208,15,201,0,53,-15" /><INIT seed="1,1,0,4,5,99" ten="538,223,201,38" oya="1" hai0="54,126,98,120,29,101,6,58,33,100,24,134,0" hai1="59,15,122,67,102,77,52,35,94,3,63,119,8" hai2="82,51,112,55,7,11,107,131,110,16,5,128,12" hai3="49,86,117,60,89,65,34,105,125,23,2,133,124"/><U76/><E119/><V47/><F110/><W132/><G117/><T70/><D70/><U113/><E35/><V61/><F112/><W75/><G34/><T14/><D0/><U62/><E122/><V91/><F107/><W78/><G2/><T127/><D134/><N who="3" m="51817" /><G105/><T123/><D98/><N who="1" m="59735" /><E3/><V88/><F61/><W121/><G121/><N who="0" m="46667" /><D14/><U36/><E36/><V25/><F91/><W83/><G49/><N who="0" m="31055" /><D6/><N who="1" m="3479" /><E113/><V26/><F26/><W103/><G23/><T57/><D57/><AGARI ba="1,0" hai="52,57,59,62,63,67,76,77" m="3479,59735" machi="57" ten="30,5800,0" yaku="8,1,52,1,54,1" doraHai="99" who="1" fromWho="0" sc="538,-61,223,61,201,0,38,0" /><INIT seed="1,2,0,1,3,16" ten="477,284,201,38" oya="1" hai0="114,59,85,103,47,42,50,17,99,118,90,21,79" hai1="72,28,83,80,119,53,128,5,60,131,133,86,0" hai2="43,14,38,111,20,37,2,121,57,82,32,52,98" hai3="130,6,126,33,68,95,29,64,61,19,122,66,120"/><U40/><E119/><V69/><F121/><W107/><G107/><T93/><D114/><U4/><E40/><V123/><F123/><W134/><G126/><T117/><D79/><U89/><E133/><V108/><F69/><W22/><G134/><T63/><D118/><U8/><E5/><V18/><F32/><W71/><G130/><N who="1" m="49706" /><E28/><V135/><F2/><W44/><G6/><T46/><D117/><U76/><E53/><V84/><F135/><W9/><G9/><T74/><D74/><U26/><E26/><V39/><F98/><W78/><G29/><T112/><D112/><U67/><E60/><V109/><F43/><W92/><G33/><T12/><D50/><U124/><E67/><V116/><F116/><W132/><G132/><T13/><D13/><U49/><E49/><N who="2" m="30863" /><F37/><W24/><G120/><T125/><D125/><AGARI ba="2,0" hai="0,4,8,72,76,80,83,86,89,124,125" m="49706" machi="125" ten="30,1500,0" yaku="19,1" doraHai="16" who="1" fromWho="0" sc="477,-21,284,21,201,0,38,0" /><INIT seed="1,3,0,1,0,89" ten="456,305,201,38" oya="1" hai0="105,57,131,3,53,54,125,37,135,113,62,92,30" hai1="66,122,101,81,50,65,49,60,128,98,44,72,134" hai2="91,79,16,74,78,70,117,123,68,20,32,14,103" hai3="15,48,106,24,47,25,11,132,85,69,124,45,1"/><U130/><E122/><V41/><F123/><W127/><G69/><T112/><D105/><U52/><E134/><V31/><F117/><W6/><G106/><T2/><D37/><U75/><E81/><V13/><F103/><W39/><G132/><T64/><D135/><U43/><E98/><V9/><F41/><N who="3" m="22719" /><G85/><T99/><D131/><N who="1" m="50219" /><E101/><V116/><F116/><W109/><G1/><T80/><D125/><N who="3" m="48201" /><G109/><T118/><D118/><U84/><E84/><V17/><F74/><N who="1" m="28201" /><E60/><V27/><REACH who="2" step="1"/><F91/><REACH who="2" ten="456,305,191,38" step="2"/><W77/><G77/><AGARI ba="3,1" hai="9,13,14,16,17,20,27,31,32,68,70,77,78,79" machi="77" ten="40,5200,0" yaku="1,1,2,1,54,1,53,0" doraHai="89" doraHaiUra="59" who="2" fromWho="3" sc="456,0,305,0,191,71,38,-61" owari="456,55.0,305,11.0,262,-14.0,-23,-52.0" /></mjloggm>