<mjloggm ver="2.3"><GO type="41" lobby="0"/><UN n0="%E3%83%81%E3%83%A3%E3%82%A4%E3%83%A0%E3%81%8F%E3%82%93" n1="%E2%93%9D%53%75%70%68%78" n2="%61%63%68%74%61%63%68%EF%BD%94" n3="%6C%61%71%75%61" dan="15,18,14,13" rate="1966.40,2096.42,1840.63,1873.94" sx="M,M,M,F"/><TAIKYOKU oya="0"/><INIT seed="0,0,0,0,4,81" ten="250,250,250,250" oya="0" hai0="58,25,107,9,63,31,26,127,34,41,8,42,28" hai1="32,83,101,68,128,0,16,104,111,21,121,112,47" hai2="130,35,45,78,74,37,52,39,118,20,113,44,50" hai3="91,106,85,132,102,86,89,96,75,51,93,15,110"/><T77/><D107/><U54/><E121/><V55/><F35/><W40/><G15/><T114/><D114/><U10/><E68/><V108/><F113/><W46/><G110/><T38/><D127/><U99/><E128/><V126/><F108/><W115/><G115/><T95/><D38/><U131/><E131/><V1/><F1/><W88/><G132/><T49/><D77/><U70/><E70/><V84/><F74/><W87/><REACH who="3" step="1"/><G75/><REACH who="3" ten="250,250,250,240" step="2"/><T4/><D4/><U72/><E72/><V2/><F2/><W29/><G29/><T117/><D117/><U71/><E0/><V48/><F130/><W30/><G30/><T73/><D73/><U94/><E111/><V120/><F118/><W119/><G119/><T129/><D129/><U125/><E112/><V123/><F126/><W11/><G11/><T69/><D8/><U36/><E10/><V124/><F124/><W19/><G19/><T18/><D9/><U80/><E125/><V14/><F123/><W65/><G65/><T64/><D18/><U17/><E17/><V24/><F14/><W133/><G133/><T122/><D122/><U27/><E16/><V67/><F67/><W79/><G79/><T5/><D5/><U105/><E27/><V59/><F120/><W53/><G53/><N who="0" m="32047" /><D25/><U76/><E76/><V57/><F78/><W22/><G22/><T23/><D28/><U56/><E21/><V60/><F24/><W135/><G135/><T6/><D6/><U97/><E54/><V103/><F20/><W61/><G61/><T7/><D7/><U116/><E116/><V109/><F109/><RYUUKYOKU ba="0,1" sc="250,-10,250,-10,250,-10,240,30" hai3="40,46,51,85,86,87,88,89,91,93,96,102,106" /><INIT seed="1,1,1,4,5,73" ten="240,240,240,270" oya="1" hai0="111,32,2,98,19,8,4,44,123,37,110,134,125" hai1="25,57,122,95,55,108,63,89,101,30,16,88,105" hai2="48,41,79,69,58,131,93,129,23,91,9,82,65" hai3="68,133,62,11,114,80,102,0,113,83,12,85,121"/><U92/><E122/><V115/><F115/><W132/><G0/><T53/><D125/><U15/><E105/><V103/><F69/><W118/><G121/><T40/><D134/><N who="3" m="51817" /><G102/><T6/><D6/><U72/><E72/><V61/><F103/><W13/><G118/><T84/><D123/><U120/><E108/><N who="0" m="41513" /><D32/><U54/><E120/><V18/><F41/><W127/><G127/><T22/><D98/><U124/><E124/><V75/><F48/><W46/><G46/><T99/><D99/><U35/><E55/><V77/><F9/><W51/><G51/><T94/><D94/><U56/><E56/><V52/><F65/><N who="3" m="41015" /><G80/><T128/><D128/><N who="2" m="49226" /><F82/><W43/><G43/><T71/><D71/><U24/><E101/><V112/><F75/><W33/><G33/><T38/><D84/><U14/><E95/><V10/><F10/><W39/><G39/><N who="0" m="21535" /><D53/><U20/><E89/><V96/><F112/><N who="3" m="43115" /><G11/><T87/><D87/><AGARI ba="1,1" hai="14,15,16,20,24,25,30,35,54,57,63,87,88,92" machi="87" ten="30,5800,0" yaku="7,1,54,2" doraHai="73" who="1" fromWho="0" sc="240,-61,240,71,240,0,270,0" /><INIT seed="1,2,0,3,3,68" ten="179,311,240,270" oya="1" hai0="129,120,123,53,7,70,107,79,1,4,27,108,0" hai1="3,12,132,83,106,104,116,60,62,65,58,93,122" hai2="71,88,21,41,117,48,42,54,49,134,127,90,131" hai3="9,121,103,17,78,95,31,94,99,52,67,82,110"/><U33/><E3/><N who="0" m="1097" /><D107/><U77/><E122/><N who="0" m="46633" /><D70/><U10/><E33/><V15/><F71/><W102/><G121/><T84/><D108/><U96/><E132/><V109/><F109/><W37/><G110/><T40/><D129/><U6/><E62/><V101/><F101/><W111/><G67/><T61/><D79/><U130/><E116/><V56/><F117/><W69/><G69/><T18/><D84/><U39/><E39/><V14/><F131/><W73/><G31/><T19/><D40/><N who="2" m="15466" /><F134/><W74/><G111/><T24/><D53/><U87/><REACH who="1" step="1"/><E130/><REACH who="1" ten="179,301,240,270" step="2"/><V59/><F127/><W16/><G37/><T8/><D61/><U135/><E135/><V28/><F28/><W126/><G126/><T20/><D8/><U128/><E128/><V57/><F21/><AGARI ba="2,1" hai="4,7,18,19,20,21,24,27" m="46633,1097" machi="21" ten="30,3900,0" yaku="13,1,34,2" doraHai="68" who="0" fromWho="2" sc="179,55,301,0,240,-45,270,0" /><INIT seed="2,0,0,4,1,39" ten="234,301,195,270" oya="2" hai0="4,12,127,105,38,112,33,13,95,35,89,110,71" hai1="114,49,21,107,30,53,48,3,130,9,37,56,132" hai2="50,77,94,59,117,103,73,62,28,122,98,1,92" hai3="119,8,131,36,52,88,32,133,121,26,10,40,83"/><V100/><F122/><W14/><G119/><T18/><D38/><U27/><E37/><V57/><F1/><W51/><G121/><T44/><D105/><U47/><E107/><V25/><F117/><W126/><G126/><T93/><D71/><U118/><E118/><V113/><F113/><W67/><G67/><T2/><D95/><U125/><E130/><V123/><F73/><W43/><G36/><T60/><D60/><U76/><E132/><V87/><F57/><N who="3" m="32927" /><G131/><T81/><D81/><U124/><E76/><V72/><F72/><W134/><G32/><T19/><D93/><U80/><E80/><N who="2" m="47503" /><F50/><W22/><G133/><T54/><D89/><U34/><E114/><V64/><F94/><W17/><G134/><T0/><D54/><U24/><E3/><V82/><F82/><W5/><G8/><T31/><D127/><U15/><E34/><V70/><F70/><W61/><G61/><T20/><D112/><U108/><E125/><V29/><F123/><W7/><G7/><T79/><D79/><U96/><E124/><V90/><F25/><W66/><G66/><T99/><D99/><U109/><E27/><V41/><F29/><W68/><G68/><T106/><D106/><U16/><REACH who="1" step="1"/><E96/><REACH who="1" ten="234,291,195,270" step="2"/><V116/><F116/><W91/><G83/><T45/><D35/><U129/><E129/><V135/><F135/><W23/><G23/><T42/><D33/><U102/><E102/><N who="2" m="38955" /><F28/><W74/><G74/><T111/><D31/><U86/><E86/><V120/><F120/><W97/><G97/><T78/><D78/><U104/><E104/><V128/><F128/><RYUUKYOKU ba="0,1" sc="234,-30,291,10,195,10,270,10" hai1="9,15,16,21,24,30,47,48,49,53,56,108,109" hai2="41,59,62,64,90,92,98" hai3="5,10,14,17,22,26,40,43,88,91" /><INIT seed="2,1,1,3,4,20" ten="204,301,205,280" oya="2" hai0="1,84,116,124,130,14,85,95,63,80,87,102,69" hai1="24,74,82,0,33,44,122,7,40,37,39,126,12" hai2="19,134,21,96,118,6,68,90,67,106,38,61,57" hai3="76,114,121,91,58,105,98,93,3,100,86,115,50"/><V23/><F38/><W81/><G3/><T89/><D116/><U5/><E12/><V10/><F118/><W45/><G58/><T18/><D1/><U75/><E126/><V77/><F134/><W66/><G66/><T9/><D124/><U34/><E122/><V27/><F106/><W73/><REACH who="3" step="1"/><G121/><REACH who="3" ten="204,301,205,270" step="2"/><T107/><D69/><U113/><E0/><V56/><F68/><W131/><G131/><T103/><D130/><U53/><E44/><V28/><F67/><W26/><G26/><T54/><D107/><U123/><E24/><N who="2" m="16399" /><F61/><W22/><G22/><T101/><D80/><U79/><E82/><V120/><F120/><W92/><G92/><T127/><D127/><U31/><E123/><V78/><F10/><W60/><G60/><T97/><D63/><U25/><E34/><V94/><F6/><W108/><G108/><T104/><D104/><U119/><E7/><V11/><F11/><W15/><G15/><T71/><D71/><U55/><E5/><V109/><F109/><W51/><G51/><T36/><D36/><U83/><E39/><V30/><F30/><W42/><AGARI ba="1,2" hai="42,45,50,73,76,81,86,91,93,98,100,105,114,115" machi="42" ten="30,7900,0" yaku="1,1,0,1,24,2,53,0" doraHai="20" doraHaiUra="59" who="3" fromWho="3" sc="204,-21,301,-21,205,-40,270,102" /><INIT seed="3,0,0,5,2,119" ten="183,280,165,372" oya="3" hai0="107,22,109,96,42,13,33,74,32,14,118,105,75" hai1="83,123,120,133,36,130,104,46,79,23,1,116,21" hai2="62,39,51,0,53,108,99,85,127,24,135,98,40" hai3="112,50,115,81,100,8,71,48,88,34,10,38,76"/><W3/><G38/><T29/><D118/><U11/><E116/><V17/><F0/><W67/><G34/><T80/><D96/><U66/><E104/><N who="0" m="40009" /><D42/><U61/><E130/><V95/><F39/><W7/><G100/><T64/><D80/><U20/><E133/><V106/><F135/><W2/><G71/><T113/><D22/><U122/><E46/><V124/><F106/><W43/><G67/><T125/><D64/><U16/><E36/><V70/><F70/><W68/><G68/><T92/><D92/><U134/><E134/><V131/><F108/><W55/><G43/><T82/><D82/><U26/><E1/><V78/><F40/><W126/><G126/><N who="2" m="48169" /><F62/><W121/><G121/><T117/><D29/><U102/><E11/><V91/><F78/><W41/><G41/><T31/><D31/><U114/><E114/><V30/><F17/><W86/><G48/><T28/><D28/><U59/><REACH who="1" step="1"/><E102/><REACH who="1" ten="183,270,165,372" step="2"/><V84/><F131/><W56/><G76/><T58/><D117/><U49/><E49/><V37/><F37/><W101/><G101/><T4/><D113/><U94/><E94/><V77/><F77/><W18/><REACH who="3" step="1"/><G18/><REACH who="3" ten="183,270,165,362" step="2"/><T44/><D125/><U69/><E69/><V35/><F99/><W93/><G93/><T87/><D75/><AGARI ba="0,2" hai="16,20,21,23,26,59,61,66,75,79,83,120,122,123" machi="75" ten="40,12000,2" yaku="1,1,52,3,54,1,53,1" doraHai="119" doraHaiUra="57" who="1" fromWho="0" sc="183,-120,270,140,165,0,362,0" /><INIT seed="4,0,0,4,4,85" ten="63,410,165,362" oya="0" hai0="11,77,51,117,24,87,89,119,42,71,62,26,101" hai1="110,32,61,72,99,126,43,8,129,68,76,90,49" hai2="94,91,118,59,115,14,130,78,123,7,114,18,53" hai3="66,15,92,20,98,30,96,83,58,128,84,27,10"/><T4/><D77/><U127/><E110/><V29/><F123/><W40/><G128/><T69/><D101/><U34/><E129/><V80/><F29/><W16/><G40/><T108/><D108/><U121/><E121/><V57/><F130/><W133/><G133/><T47/><D117/><U36/><E49/><V45/><F45/><W25/><G92/><T63/><D119/><U86/><E8/><V120/><F7/><W55/><G66/><T65/><D63/><U12/><E12/><V5/><F5/><W93/><G93/><T56/><D69/><U44/><E99/><V23/><F120/><W28/><G55/><T37/><D37/><U105/><E105/><V54/><F118/><W38/><G58/><T33/><D71/><U60/><E76/><V106/><F80/><W81/><G38/><T39/><D33/><N who="1" m="12907" /><E72/><V21/><F106/><W75/><G75/><T41/><D41/><U131/><E68/><V79/><F94/><W17/><G17/><T102/><D102/><U124/><E131/><V103/><F103/><W35/><REACH who="3" step="1"/><G81/><AGARI ba="0,0" hai="36,43,44,60,61,81,86,90,124,126,127" m="12907" machi="81" ten="40,2600,0" yaku="18,1,52,1" doraHai="85" who="1" fromWho="3" sc="63,0,410,26,165,0,362,-26" /><INIT seed="5,0,0,2,4,26" ten="63,436,165,336" oya="1" hai0="128,78,114,72,107,53,11,134,34,111,13,46,25" hai1="65,89,84,21,55,48,101,54,41,9,63,51,1" hai2="92,124,8,42,112,133,94,120,88,32,18,49,71" hai3="110,39,132,24,82,121,22,115,28,2,33,14,0"/><U96/><E1/><N who="3" m="618" /><G82/><T104/><D111/><U98/><E41/><V58/><F71/><W36/><G36/><T38/><D114/><U131/><E131/><V135/><F120/><W29/><G39/><T43/><D128/><U56/><E9/><V23/><F8/><W73/><G73/><T95/><D134/><N who="2" m="51210" /><F112/><W47/><G47/><T61/><D95/><U123/><E21/><V4/><F4/><W30/><G110/><T12/><D78/><U50/><E123/><V79/><F94/><W6/><G132/><T100/><D72/><U16/><E16/><V10/><F10/><N who="3" m="4439" /><G115/><T17/><D13/><U106/><REACH who="1" step="1"/><E98/><REACH who="1" ten="63,426,165,336" step="2"/><N who="2" m="57607" /><F42/><W109/><G121/><T37/><D37/><U69/><E69/><V19/><F23/><W129/><G129/><T130/><D130/><U87/><E87/><V40/><F40/><W27/><G109/><T60/><D100/><U77/><E77/><V75/><F75/><W127/><G127/><T3/><D3/><U31/><E31/><AGARI ba="0,1" hai="22,24,27,28,29,30,31,33" m="4439,618" machi="31" ten="30,16000,3" yaku="35,5,52,4" doraHai="26" who="3" fromWho="1" sc="63,0,426,-160,165,0,336,170" /><INIT seed="6,0,0,4,4,68" ten="63,266,165,506" oya="2" hai0="14,23,27,20,44,7,30,54,33,52,22,37,38" hai1="46,17,72,61,71,65,122,107,114,119,77,51,41" hai2="106,4,100,60,123,130,108,76,55,67,129,89,109" hai3="43,111,79,66,78,126,10,9,94,49,69,63,59"/><V8/><F76/><W102/><G111/><N who="2" m="42569" /><F123/><W25/><G126/><T13/><D7/><U96/><E114/><V57/><F106/><W36/><G36/><N who="0" m="13931" /><D33/><U97/><E119/><V116/><F100/><W124/><G124/><T74/><D74/><U98/><E122/><V128/><F116/><W110/><G110/><T34/><D34/><U24/><E72/><V118/><F118/><W88/><G102/><T62/><D62/><U87/><E107/><V120/><F120/><W35/><G35/><T40/><D30/><U42/><E61/><V91/><F67/><W113/><G25/><T64/><D64/><U45/><E65/><V115/><F115/><W81/><G113/><T29/><D29/><U95/><E71/><V6/><F6/><W18/><G18/><T101/><D101/><U92/><E17/><V12/><AGARI ba="0,0" hai="4,8,12,55,57,60,89,91,128,129,130" m="42569" machi="12" ten="40,3900,0" yaku="19,1,10,1" doraHai="68" who="2" fromWho="2" sc="63,-13,266,-13,165,39,506,-13" /><INIT seed="6,1,0,3,2,50" ten="50,253,204,493" oya="2" hai0="101,16,75,68,3,98,47,48,43,44,112,13,2" hai1="73,79,110,119,89,37,124,30,53,94,121,67,131" hai2="54,74,83,93,8,123,56,61,6,29,26,117,7" hai3="106,95,24,40,71,111,134,126,81,88,22,69,133"/><V32/><F117/><W65/><G111/><T129/><D129/><U51/><E37/><V42/><F123/><W107/><G81/><T34/><D112/><U31/><E124/><V33/><F7/><W10/><G40/><T135/><D135/><N who="3" m="51721" /><G10/><T66/><D75/><U55/><E67/><V72/><F33/><W97/><G126/><T20/><D34/><U28/><E110/><V25/><F25/><W70/><G65/><T60/><REACH who="0" step="1"/><D47/><REACH who="0" ten="40,253,204,493" step="2"/><U12/><E131/><V78/><F74/><W91/><G91/><T114/><D114/><U52/><E73/><V87/><F72/><W96/><G96/><T36/><D36/><U127/><E127/><V1/><F42/><W122/><G122/><T115/><D115/><U58/><E121/><V132/><F132/><W102/><G102/><T46/><D46/><U62/><E119/><V80/><F80/><W11/><G11/><T118/><D118/><U125/><E125/><V108/><F108/><W120/><G120/><T109/><D109/><U64/><E79/><V105/><REACH who="2" step="1"/><F93/><AGARI ba="1,1" hai="2,3,13,16,20,43,44,48,60,66,68,93,98,101" machi="93" ten="30,3900,0" yaku="1,1,7,1,54,1,53,0" doraHai="50" doraHaiUra="77" who="0" fromWho="2" sc="40,52,253,0,204,-42,493,0" /><INIT seed="7,0,0,5,1,90" ten="92,253,162,493" oya="3" hai0="62,75,87,39,66,48,102,27,3,43,51,129,6" hai1="96,70,111,107,64,97,118,50,121,16,31,7,42" hai2="125,114,131,13,94,0,78,34,130,61,115,22,69" hai3="65,67,135,26,81,52,20,45,15,11,99,124,112"/><W108/><G112/><N who="2" m="43049" /><F0/><W2/><G2/><T85/><D75/><U117/><E97/><V60/><F34/><W72/><G124/><T104/><D6/><U105/><E105/><V38/><F38/><W92/><G72/><T74/><D3/><U58/><E121/><V10/><F22/><W30/><G81/><T89/><D74/><U113/><E111/><V101/><F78/><W73/><G73/><T110/><D110/><U57/><E57/><V122/><F69/><W79/><G79/><T59/><D129/><N who="2" m="49162" /><F122/><W123/><G135/><T25/><D39/><U9/><E70/><V14/><F125/><W28/><G28/><T132/><D132/><U76/><E76/><V56/><F56/><W32/><G32/><T46/><D87/><U17/><E58/><V53/><F53/><W100/><G108/><T128/><D128/><U109/><E109/><V21/><F21/><W18/><G123/><T84/><D84/><U40/><E113/><V127/><F127/><W36/><G36/><T1/><D1/><U5/><E31/><V98/><F14/><W4/><G4/><AGARI ba="0,0" hai="4,10,13,60,61,94,98,101" m="49162,43049" machi="4" ten="30,3900,0" yaku="15,1,19,1,52,1" doraHai="90" who="2" fromWho="3" sc="92,0,253,0,162,39,493,-39" owari="92,-41.0,253,5.0,201,-20.0,454,56.0" /></mjloggm>