<mjloggm ver="2.3"><GO type="41" lobby="0"/><UN n0="%E9%A3%AF%E7%94%B0%E6%A9%8B%E3%81%AE%E9%9B%80%E9%AC%BC" n1="%4D%61%74%59%75" n2="%E3%81%BD%E3%81%BD%E3%82%93%E5%A4%AA" n3="%E2%93%9D%53%75%70%68%78" dan="13,15,13,18" rate="1910.15,1996.10,1842.72,2088.25" sx="M,M,M,M"/><TAIKYOKU oya="0"/><INIT seed="0,0,0,2,0,122" ten="250,250,250,250" oya="0" hai0="7,126,1,20,101,3,48,95,121,83,93,128,107" hai1="92,57,51,112,41,6,65,134,108,109,50,13,96" hai2="105,43,115,127,30,5,37,9,64,25,10,59,66" hai3="77,68,29,22,45,36,111,46,86,133,26,131,73"/><T110/><D121/><U70/><E134/><V61/><F105/><W71/><G73/><T47/><D107/><U35/><E35/><V52/><F127/><W82/><G131/><T120/><D120/><U53/><E112/><V74/><F74/><W78/><G133/><T38/><D38/><U124/><E124/><V75/><F75/><W90/><G71/><T125/><D126/><U104/><E104/><V67/><F115/><W69/><G69/><T24/><D125/><U33/><E33/><V63/><F63/><W34/><G68/><T87/><D128/><U14/><E6/><V28/><F28/><W116/><G116/><T49/><D3/><U44/><E65/><V27/><F27/><W12/><G36/><T98/><D95/><U114/><E70/><V15/><F9/><W4/><G111/><N who="1" m="42570" /><E114/><V58/><F37/><W132/><G132/><T54/><D110/><U113/><E113/><V119/><F119/><W100/><G34/><T80/><D1/><U94/><E94/><V123/><F123/><W18/><G4/><T135/><D7/><U76/><E76/><V40/><F59/><W56/><G56/><N who="0" m="32839" /><D135/><U60/><E60/><V21/><AGARI ba="0,0" hai="5,10,15,21,25,30,40,43,52,58,61,64,66,67" machi="21" ten="30,4000,0" yaku="0,1,8,1,54,1" doraHai="122" who="2" fromWho="2" sc="250,-20,250,-10,250,40,250,-10" /><INIT seed="1,0,0,4,2,104" ten="230,240,290,240" oya="1" hai0="52,76,135,45,109,62,99,113,43,56,118,37,51" hai1="41,101,12,3,22,81,36,84,119,18,129,26,90" hai2="17,98,93,21,11,5,59,2,63,112,131,82,6" hai3="39,54,91,73,28,71,77,29,66,57,88,65,33"/><U96/><E119/><V85/><F131/><W50/><G39/><T106/><D118/><U13/><E3/><V94/><F5/><W58/><G71/><T89/><D113/><U15/><E129/><V120/><F120/><W53/><G77/><T123/><D123/><U60/><E36/><V25/><F98/><W8/><G8/><T78/><D135/><U103/><E41/><V116/><F116/><W75/><REACH who="3" step="1"/><G50/><REACH who="3" ten="230,240,290,230" step="2"/><T69/><D78/><U23/><E60/><V35/><F112/><W97/><G97/><T100/><D76/><U70/><E70/><V80/><F35/><AGARI ba="0,1" hai="28,29,33,35,53,54,57,58,65,66,73,75,88,91" machi="35" ten="25,12000,2" yaku="1,1,22,2,52,2,54,1,53,0" doraHai="104" doraHaiUra="74" who="3" fromWho="2" sc="230,0,240,0,290,-120,230,130" /><INIT seed="2,0,0,5,4,107" ten="230,240,170,360" oya="2" hai0="70,9,65,121,98,19,45,23,42,124,77,0,7" hai1="100,33,17,78,43,95,38,133,127,117,63,59,92" hai2="34,85,84,10,13,51,50,134,53,39,14,12,4" hai3="5,102,26,1,103,67,129,8,48,101,86,76,16"/><V87/><F39/><W75/><G129/><T94/><D121/><U68/><E33/><V32/><F134/><W66/><G86/><T41/><D124/><U49/><E100/><V118/><F118/><W40/><G40/><T74/><D42/><U37/><E78/><V54/><F10/><W35/><G48/><N who="2" m="18473" /><F4/><W125/><G125/><T105/><D105/><U79/><E79/><V106/><F106/><W116/><G116/><T15/><D77/><U96/><E95/><V111/><F111/><W18/><G35/><AGARI ba="0,0" hai="12,13,14,32,34,35,53,54,84,85,87" m="18473" machi="35" ten="40,12000,1" yaku="28,2,26,2" doraHai="107" who="2" fromWho="3" sc="230,0,240,0,170,120,360,-120" /><INIT seed="2,1,0,3,4,121" ten="230,240,290,240" oya="2" hai0="10,5,127,77,66,38,55,58,36,67,30,17,122" hai1="42,114,25,115,85,12,120,89,39,87,74,21,116" hai2="32,124,79,135,125,18,103,126,132,35,41,83,91" hai3="1,69,129,76,92,73,63,107,105,22,9,43,80"/><V52/><F103/><W60/><G129/><T45/><D122/><U72/><E120/><V13/><F41/><W84/><G22/><T8/><D127/><U46/><E116/><V117/><F117/><W40/><G40/><T59/><D30/><U109/><E12/><V47/><F91/><W57/><G69/><T113/><D113/><U65/><E65/><V20/><F83/><W33/><G63/><T99/><D77/><U100/><E100/><V49/><REACH who="2" step="1"/><F79/><REACH who="2" ten="230,240,280,240" step="2"/><W50/><G43/><T70/><D70/><U64/><E42/><V130/><F130/><W51/><G80/><T26/><D38/><U0/><E89/><V97/><F97/><W62/><G76/><T15/><D99/><U86/><E39/><V81/><F81/><W128/><G128/><T3/><D36/><U19/><E115/><V61/><F61/><W90/><G62/><T112/><D112/><U119/><E114/><V34/><AGARI ba="1,1" hai="13,18,20,32,34,35,47,49,52,124,125,126,132,135" machi="34" ten="40,12000,1" yaku="1,1,0,1,18,1,54,1,53,0" doraHai="121" doraHaiUra="96" who="2" fromWho="2" sc="230,-41,240,-41,280,133,240,-41" /><INIT seed="2,2,0,0,5,4" ten="189,199,413,199" oya="2" hai0="0,98,127,135,55,46,91,84,128,18,66,92,38" hai1="117,119,118,106,9,20,86,59,25,71,52,24,76" hai2="121,131,39,129,133,94,17,64,80,30,89,60,42" hai3="79,111,88,90,34,69,122,99,109,126,96,103,105"/><V120/><F30/><W21/><G34/><T40/><D0/><U68/><E106/><V14/><F133/><W28/><G69/><T22/><D135/><U6/><E76/><V107/><F107/><W35/><G35/><T113/><D113/><U102/><E102/><V63/><F80/><W83/><G21/><T33/><D33/><U132/><E132/><V29/><F29/><W125/><G28/><T54/><D127/><N who="3" m="48649" /><G122/><T81/><D66/><U67/><E67/><V65/><F42/><W26/><G26/><T134/><D128/><N who="2" m="49226" /><F39/><W116/><G116/><T114/><D114/><U16/><E86/><N who="2" m="52535" /><F64/><W2/><G2/><T44/><D44/><U74/><E25/><V45/><F45/><W10/><G99/><T115/><D115/><U41/><E74/><V12/><F12/><W101/><G101/><T56/><D56/><U27/><E27/><V82/><F65/><W77/><G77/><T43/><D43/><U49/><REACH who="1" step="1"/><E41/><REACH who="1" ten="189,189,413,199" step="2"/><V108/><F120/><W51/><G105/><T85/><D134/><U48/><E48/><V57/><F121/><W13/><G51/><T23/><D38/><U50/><E50/><V32/><F32/><W5/><G103/><T130/><D130/><U110/><E110/><N who="3" m="41994" /><G96/><T87/><D98/><U123/><E123/><V70/><F108/><W97/><G97/><T1/><D85/><AGARI ba="2,1" hai="5,10,13,79,83,85,88,90" m="41994,48649" machi="85" ten="30,7700,0" yaku="18,1,14,1,52,1,54,1" doraHai="4" who="3" fromWho="0" sc="189,-83,189,0,413,0,199,93" /><INIT seed="3,0,0,0,4,100" ten="106,189,413,292" oya="3" hai0="108,1,10,43,75,64,117,102,134,132,60,30,110" hai1="93,94,26,8,129,15,57,91,48,68,124,87,40" hai2="3,34,115,80,95,22,46,11,14,85,55,41,101" hai3="9,107,71,109,111,6,90,36,66,27,49,76,126"/><W88/><G36/><T77/><D30/><U119/><E124/><V37/><F34/><W73/><G126/><T52/><D117/><U17/><E129/><V123/><F115/><W53/><G27/><T23/><D43/><U128/><E128/><V61/><F3/><W81/><G66/><T130/><D130/><U86/><E68/><V69/><F22/><W16/><G107/><T122/><D122/><U31/><E119/><V45/><F69/><W7/><G71/><T54/><D102/><U79/><E79/><V92/><F101/><W65/><G65/><T19/><D10/><U125/><E125/><V106/><F106/><W13/><G7/><T47/><D1/><U62/><E40/><V56/><F46/><N who="3" m="27831" /><G6/><T5/><D77/><U63/><E48/><V42/><F42/><W2/><G2/><T98/><D75/><U78/><E57/><V120/><F120/><W67/><G67/><T82/><D82/><U96/><E78/><V12/><F123/><W99/><G99/><T104/><D5/><U70/><E70/><V51/><F37/><W0/><G0/><T133/><D47/><U21/><E96/><V32/><F32/><W33/><G33/><T103/><D64/><U18/><E31/><V20/><F45/><W83/><G83/><T24/><D60/><U135/><E135/><V121/><F61/><W116/><G116/><T131/><D131/><U50/><E50/><V39/><F121/><W105/><G105/><T89/><D89/><AGARI ba="0,0" hai="8,15,17,18,21,26,62,63,86,87,89,91,93,94" machi="89" ten="40,2600,0" yaku="9,1,8,1" doraHai="100" who="1" fromWho="0" sc="106,-26,189,26,413,0,292,0" /><INIT seed="4,0,0,2,2,95" ten="80,215,413,292" oya="0" hai0="57,86,52,66,65,22,63,78,9,61,48,135,114" hai1="90,129,40,117,64,3,53,116,11,79,4,1,113" hai2="56,111,94,76,10,41,130,128,102,6,110,7,8" hai3="91,37,18,15,0,71,55,84,30,54,132,126,125"/><T80/><D114/><U36/><E3/><V85/><F41/><W83/><G0/><T107/><D107/><U77/><E129/><N who="2" m="49771" /><F56/><W74/><G132/><T104/><D104/><U28/><E28/><V39/><F39/><W29/><G74/><T23/><D135/><U25/><E25/><V21/><F21/><W51/><G71/><T16/><D9/><N who="2" m="3690" /><F76/><W27/><G37/><T109/><D109/><U43/><E36/><V5/><F85/><W14/><G55/><T118/><D118/><U108/><E11/><V24/><F94/><W82/><G82/><T127/><D127/><N who="3" m="48649" /><G18/><T106/><D106/><U131/><E1/><V49/><F49/><W105/><G105/><T73/><D73/><U103/><E77/><V124/><F102/><W2/><G2/><T100/><D100/><U32/><E79/><V17/><F124/><W12/><G27/><N who="0" m="14791" /><D23/><U26/><E117/><V13/><F24/><W112/><G112/><T46/><D63/><U93/><E26/><V119/><F119/><W69/><G69/><T120/><D120/><U121/><E121/><V115/><F115/><W34/><G34/><T122/><D122/><U44/><E32/><V62/><F62/><W88/><G91/><T50/><D50/><U81/><E113/><V98/><F110/><W72/><G72/><T134/><D134/><U20/><E108/><V45/><F111/><W68/><G68/><T99/><D99/><U38/><E116/><V47/><F98/><W87/><G87/><T67/><AGARI ba="0,0" hai="46,48,52,57,61,65,66,67,78,80,86" m="14791" machi="67" ten="30,6000,0" yaku="8,1,54,2" doraHai="95" who="0" fromWho="0" sc="80,60,215,-20,413,-20,292,-20" /><INIT seed="4,1,0,0,4,53" ten="140,195,393,272" oya="0" hai0="62,47,0,121,113,33,1,131,43,100,103,118,77" hai1="36,80,126,101,44,98,14,81,96,51,112,68,20" hai2="91,67,57,116,34,61,115,4,107,95,82,65,88" hai3="123,89,85,27,11,24,29,8,37,46,128,41,6"/><T9/><D33/><U106/><E68/><V122/><F107/><W94/><G128/><T133/><D121/><U108/><E108/><V105/><F105/><W42/><G123/><T3/><D118/><U23/><E36/><V70/><F122/><W134/><G134/><T93/><D113/><U97/><E126/><V110/><F110/><W104/><G104/><T59/><D133/><U130/><E130/><V72/><F34/><W90/><G42/><T109/><D109/><U22/><E106/><V63/><F115/><W54/><G27/><T75/><D131/><U102/><E112/><V15/><F95/><W56/><G90/><T119/><D119/><U18/><E81/><V114/><F114/><W125/><G6/><T111/><D111/><U58/><E80/><V124/><F124/><W71/><G71/><T12/><D93/><U132/><E132/><V17/><F4/><W28/><G28/><T40/><D77/><U45/><E101/><N who="0" m="38985" /><D75/><U74/><E102/><V99/><F99/><W78/><G78/><T16/><D43/><U73/><E73/><V76/><F116/><W69/><G69/><T120/><D120/><U64/><E74/><V35/><F35/><W5/><G5/><T19/><D19/><U84/><E84/><V31/><F31/><W38/><G38/><N who="0" m="21911" /><D3/><U52/><E64/><V127/><F127/><W21/><G125/><T117/><D117/><U79/><E79/><V135/><F135/><W10/><G10/><AGARI ba="1,0" hai="10,14,18,20,22,23,44,45,51,52,58,96,97,98" machi="10" ten="40,5200,0" yaku="8,1,52,1,54,1" doraHai="53" who="1" fromWho="3" sc="140,0,195,55,393,0,272,-55" /><AGARI ba="1,0" hai="10,15,17,57,61,63,65,67,70,72,76,82,88,91" machi="10" ten="30,3900,0" yaku="7,1,52,1,54,1" doraHai="53" who="2" fromWho="3" sc="140,0,250,0,393,39,217,-39" /><INIT seed="5,0,0,2,0,70" ten="140,250,432,178" oya="1" hai0="42,5,116,64,2,57,88,107,123,16,54,97,43" hai1="19,34,83,100,52,14,15,78,117,106,59,81,6" hai2="8,63,118,50,115,23,132,89,126,91,48,40,75" hai3="135,12,22,17,35,121,87,127,77,30,27,45,38"/><U84/><E117/><V18/><F75/><W56/><G121/><T49/><D116/><U28/><E6/><V94/><F132/><W76/><G135/><T60/><D123/><U98/><E81/><V51/><F126/><W58/><G127/><T1/><D107/><U119/><E119/><V46/><F8/><W125/><G125/><T13/><D2/><U104/><E15/><V96/><F115/><W79/><REACH who="3" step="1"/><G87/><REACH who="3" ten="140,250,432,168" step="2"/><T36/><D97/><U133/><E133/><V113/><F118/><W25/><G25/><T71/><D1/><U62/><E34/><V37/><F113/><W68/><G68/><T95/><D5/><U65/><E28/><V44/><F37/><W9/><G9/><T32/><D32/><U129/><E129/><V124/><F124/><W0/><G0/><T73/><D36/><U130/><E130/><V39/><F39/><W3/><G3/><T24/><D24/><U29/><E29/><V134/><F134/><W109/><G109/><T55/><D73/><U20/><REACH who="1" step="1"/><E106/><REACH who="1" ten="140,240,432,168" step="2"/><V67/><F63/><W103/><G103/><T26/><D26/><U31/><E31/><V99/><F51/><W74/><G74/><T111/><D13/><U108/><E108/><V10/><F50/><W11/><G11/><T128/><D111/><U90/><E90/><V102/><F10/><W112/><G112/><T21/><D128/><U4/><E4/><V105/><F89/><W85/><G85/><T53/><D88/><U33/><E33/><V72/><F48/><W93/><G93/><T61/><D95/><U7/><E7/><V122/><F94/><RYUUKYOKU ba="0,2" sc="140,-15,240,15,432,-15,168,15" hai1="14,19,20,52,59,62,65,78,83,84,98,100,104" hai3="12,17,22,27,30,35,38,45,56,58,76,77,79" /><INIT seed="5,1,2,0,4,87" ten="125,255,417,183" oya="1" hai0="32,81,132,21,0,54,34,64,84,135,82,110,47" hai1="38,9,97,101,116,60,111,102,29,94,44,18,43" hai2="133,13,48,98,121,86,46,20,14,106,75,117,123" hai3="124,134,65,122,59,49,42,83,85,19,31,53,114"/><U35/><E116/><V79/><F75/><W23/><G122/><T131/><D110/><U105/><E111/><V71/><F71/><W73/><G73/><T11/><D131/><U108/><E108/><V93/><F106/><W24/><G134/><N who="0" m="51243" /><D64/><U52/><E35/><N who="0" m="13353" /><D21/><U40/><E29/><V39/><F117/><W2/><G2/><T63/><D84/><U80/><E80/><N who="0" m="30825" /><D0/><U128/><E128/><V10/><F133/><W4/><G65/><T72/><D72/><U92/><E105/><V107/><F107/><W99/><G31/><T66/><D11/><U56/><E40/><V7/><F123/><W50/><G42/><T67/><D63/><U27/><E27/><V3/><F3/><W130/><G130/><T57/><D57/><U76/><E76/><V70/><F70/><W89/><G24/><T22/><D22/><U68/><E68/><V12/><F20/><W17/><G23/><T100/><D100/><U120/><E120/><V95/><F121/><W109/><G109/><T16/><D16/><U90/><REACH who="1" step="1"/><E94/><REACH who="1" ten="125,245,417,183" step="2"/><V78/><F95/><W51/><G83/><T62/><D62/><U112/><E112/><V61/><F61/><W8/><G114/><T113/><D113/><U103/><E103/><V6/><F93/><W115/><G115/><T37/><D37/><U77/><E77/><V58/><F39/><W45/><G51/><AGARI ba="1,3" hai="47,51,54,66,67" m="30825,13353,51243" machi="51" ten="40,1300,0" yaku="20,1" doraHai="87" who="0" fromWho="3" sc="125,46,245,0,417,0,183,-16" /><INIT seed="6,0,0,3,2,60" ten="171,245,417,167" oya="2" hai0="51,28,56,35,107,17,32,25,5,126,124,87,0" hai1="114,1,73,47,111,95,41,52,58,90,65,55,53" hai2="31,12,78,79,125,101,128,9,116,75,110,134,38" hai3="24,4,106,135,20,15,33,62,132,88,120,84,66"/><V2/><F116/><W69/><G106/><T64/><D107/><U63/><E73/><V108/><F38/><W45/><G120/><T11/><D87/><U44/><E1/><V27/><F2/><W115/><G33/><T81/><D81/><U99/><E111/><N who="2" m="42539" /><F134/><N who="3" m="51243" /><G45/><T67/><D32/><U61/><E114/><V129/><F75/><W68/><G15/><T130/><D130/><N who="2" m="50282" /><F101/><W83/><G4/><T23/><D51/><U82/><E82/><V42/><F42/><W98/><G98/><T18/><D56/><N who="1" m="37031" /><E41/><V104/><F104/><W94/><G115/><T48/><D48/><U86/><E99/><V119/><F119/><W103/><G103/><T117/><D117/><U16/><E16/><N who="0" m="6249" /><D35/><U96/><E96/><V57/><F125/><AGARI ba="0,0" hai="0,5,11,23,25,28,64,67,124,125,126" m="6249" machi="125" ten="30,7700,0" yaku="18,1,52,2,54,1" doraHai="60" who="0" fromWho="2" sc="171,77,245,0,417,-77,167,0" /><INIT seed="7,0,0,5,1,113" ten="248,245,340,167" oya="3" hai0="40,53,21,127,106,35,11,31,100,102,12,56,29" hai1="76,61,58,115,71,89,33,123,116,5,97,69,59" hai2="3,48,25,135,77,126,39,105,41,30,114,0,60" hai3="32,43,98,10,64,63,83,80,15,23,81,117,7"/><W92/><G32/><T120/><D120/><U90/><E33/><V129/><F105/><W111/><G111/><T78/><D35/><U8/><E123/><V45/><F135/><W85/><G43/><T19/><D127/><U131/><E76/><V112/><F129/><W51/><G51/><T93/><D106/><U119/><E115/><N who="2" m="44075" /><F77/><W46/><G46/><T73/><D40/><U121/><E121/><V86/><F86/><W132/><G132/><T44/><D44/><U62/><E97/><V103/><F103/><W67/><G117/><N who="1" m="45130" /><E131/><V66/><F39/><W110/><G110/><T82/><D100/><U118/><N who="1" m="45138" /><U99/><DORA hai="17" /><E99/><V47/><F47/><W101/><G67/><T125/><D125/><U4/><E59/><N who="2" m="37151" /><F126/><W109/><G109/><T57/><D102/><U1/><E5/><V88/><F88/><N who="1" m="33897" /><E62/><V122/><F122/><W55/><G55/><AGARI ba="0,0" hai="1,4,8,55,58,61,69,71" m="33897,45138" machi="55" ten="40,12000,2" yaku="12,1,52,4,54,1" doraHai="113,17" who="1" fromWho="3" sc="248,0,245,120,340,0,167,-120" owari="248,-15.0,365,46.0,340,14.0,47,-45.0" /></mjloggm>