<mjloggm ver="2.3"><GO type="41" lobby="0"/><UN n0="%E2%93%9D%53%75%70%68%78" n1="%6D%6F%6F%6E" n2="%E3%81%A6%E3%81%8F%E3%81%AD" n3="%28%3D%5E%CF%89%5E%3D%29" dan="19,15,15,16" rate="2152.65,1981.50,2024.84,2065.41" sx="M,M,F,F"/><TAIKYOKU oya="0"/><INIT seed="0,0,0,3,4,133" ten="250,250,250,250" oya="0" hai0="28,51,55,34,76,48,52,121,64,126,129,127,84" hai1="36,112,66,11,81,32,117,2,18,46,130,109,22" hai2="29,23,4,99,65,85,6,53,69,83,8,93,77" hai3="120,87,123,9,124,95,80,82,86,30,131,42,41"/><T91/><D121/><N who="3" m="46665" /><G30/><T13/><D76/><U113/><E117/><V97/><F97/><W20/><G20/><T92/><D64/><U17/><E66/><V16/><F29/><W73/><G9/><T128/><D13/><U111/><E32/><V89/><F53/><N who="0" m="20554" /><D34/><U59/><E81/><N who="3" m="31338" /><G73/><T35/><D35/><U57/><E130/><N who="0" m="50281" /><D28/><U70/><E70/><V103/><F8/><W101/><G131/><T47/><D47/><U75/><E75/><V105/><F65/><W40/><G124/><AGARI ba="0,0" hai="48,51,84,91,92,124,126,127" m="50281,20554" machi="124" ten="30,18000,2" yaku="18,1,19,1,52,3,54,1" doraHai="133" who="0" fromWho="3" sc="250,180,250,0,250,0,250,-180" /><INIT seed="0,1,0,2,4,1" ten="430,250,250,70" oya="0" hai0="62,124,99,86,115,130,39,100,7,133,22,126,81" hai1="53,92,113,76,97,52,135,110,80,134,88,4,93" hai2="42,9,103,47,111,27,15,128,90,132,122,95,75" hai3="85,131,72,114,8,121,29,73,54,106,120,56,3"/><T25/><D115/><U10/><E113/><V28/><F122/><N who="3" m="47211" /><G114/><T43/><D133/><N who="1" m="50699" /><E93/><V60/><F132/><W127/><G106/><T70/><D130/><U101/><E101/><V23/><F128/><W64/><G131/><T30/><D43/><U87/><E110/><V55/><F111/><W108/><G108/><T6/><D39/><U38/><E38/><V14/><F75/><W65/><G29/><T50/><D50/><U68/><E68/><V77/><F77/><W104/><G104/><T36/><D36/><U46/><E46/><V116/><F103/><W117/><G117/><T19/><D62/><U45/><E45/><V2/><F116/><W16/><G85/><T48/><D48/><U125/><E125/><N who="0" m="48233" /><D70/><U107/><E107/><V21/><F42/><W91/><G91/><N who="0" m="51663" /><D30/><U105/><E105/><AGARI ba="1,0" hai="6,7,19,22,25,99,100,105" m="51663,48233" machi="105" ten="30,5800,0" yaku="18,1,52,2" doraHai="1" who="0" fromWho="1" sc="430,61,250,-61,250,0,70,0" /><INIT seed="0,2,0,3,1,58" ten="491,189,250,70" oya="0" hai0="71,125,14,0,36,87,21,30,111,127,64,25,114" hai1="20,43,35,94,57,83,76,122,31,101,77,130,109" hai2="108,103,27,54,93,47,123,59,42,133,102,7,119" hai3="100,115,78,89,9,28,79,11,52,86,17,51,129"/><T95/><D114/><U128/><E122/><V70/><F123/><W41/><G115/><T46/><D0/><U131/><E35/><V67/><F7/><W39/><G129/><T92/><D111/><U134/><E43/><V26/><F108/><W4/><G100/><T40/><D14/><U10/><E109/><V121/><F121/><W72/><G28/><T118/><D118/><U75/><E77/><V69/><F133/><W50/><G39/><T110/><D110/><U106/><E10/><V116/><F67/><W49/><G41/><T112/><D87/><U88/><E20/><V74/><F74/><W48/><G72/><T15/><D15/><U96/><E31/><V12/><F12/><N who="3" m="7327" /><G9/><T3/><D3/><U81/><E57/><V126/><F70/><W8/><G8/><T6/><D112/><U53/><E53/><V99/><F69/><W5/><G5/><T16/><D30/><U84/><REACH who="1" step="1"/><E134/><REACH who="1" ten="491,179,250,70" step="2"/><V97/><F116/><W61/><G4/><T29/><D29/><U13/><E13/><V132/><F119/><W104/><G104/><AGARI ba="2,1" hai="75,76,81,83,84,88,94,96,101,104,106,128,130,131" machi="104" ten="40,12000,2" yaku="1,1,19,1,34,3,54,1,53,0" doraHai="58" doraHaiUra="19" who="1" fromWho="3" sc="491,0,179,136,250,0,70,-126" owari="491,59.0,315,12.0,250,-15.0,-56,-56.0" /></mjloggm>