<mjloggm ver="2.3"><GO type="41" lobby="0"/><UN n0="%E2%93%9D%53%75%70%68%78" n1="%E3%81%BE%E3%81%98%E3%81%A7%E3%81%BE%E3%81%98%E3%81%AE%E5%8D%8D" n2="%E3%83%9F%E3%83%83%E3%82%AD%E3%83%BC%30%37%31%30" n3="%E3%81%91%E3%81%A0%E3%81%BE%E3%81%BE%E3%81%BE%E3%81%BE" dan="18,14,14,14" rate="2129.11,1962.45,1945.99,1949.83" sx="M,M,M,M"/><TAIKYOKU oya="0"/><INIT seed="0,0,0,2,5,25" ten="250,250,250,250" oya="0" hai0="112,99,8,101,48,63,35,41,98,68,79,124,131" hai1="53,26,104,77,69,100,33,9,36,82,120,72,17" hai2="19,107,93,92,6,60,94,125,114,50,61,67,128" hai3="62,123,22,108,80,91,96,4,57,113,66,15,43"/><T75/><D112/><U16/><E120/><V130/><F114/><W106/><G108/><T1/><D99/><U121/><E36/><V59/><F107/><W118/><G118/><T85/><D85/><U129/><E121/><V70/><F125/><W51/><G113/><T132/><D132/><U14/><E129/><N who="2" m="49771" /><F6/><W74/><G74/><T55/><D35/><U29/><E53/><N who="2" m="32183" /><F19/><N who="3" m="10623" /><G106/><T49/><D124/><U76/><E76/><V78/><F78/><W95/><G123/><T116/><D79/><U42/><E69/><V3/><F3/><W117/><G117/><T20/><D68/><U27/><E100/><V105/><F105/><W31/><G4/><T65/><D1/><U40/><E104/><V12/><F12/><W24/><G80/><T44/><D131/><U5/><E17/><V102/><F61/><W11/><G11/><T34/><D8/><U56/><E26/><V46/><F46/><N who="3" m="26079" /><G24/><T2/><D2/><U18/><REACH who="1" step="1"/><E56/><REACH who="1" ten="250,240,250,250" step="2"/><V52/><F70/><W71/><G71/><T13/><D116/><U81/><E81/><V73/><F73/><W28/><AGARI ba="0,1" hai="28,31,57,62,66,91,95,96" m="26079,10623" machi="28" ten="30,4000,0" yaku="8,1,52,2" doraHai="25" who="3" fromWho="3" sc="250,-20,240,-10,250,-10,250,50" /><INIT seed="1,0,0,0,4,39" ten="230,230,240,300" oya="1" hai0="110,59,81,45,9,95,114,2,127,76,126,24,85" hai1="10,43,5,73,36,113,65,56,80,90,4,124,61" hai2="60,3,0,86,125,31,19,129,133,25,64,135,105" hai3="130,88,44,75,103,91,21,47,58,101,116,132,55"/><U15/><E113/><V53/><F105/><W1/><G75/><T72/><D59/><U54/><E124/><N who="0" m="47657" /><D24/><U20/><E20/><V66/><F125/><W94/><G1/><T107/><D45/><U108/><E108/><V29/><F129/><W13/><G130/><T89/><D9/><U34/><E34/><V74/><F74/><W92/><G132/><T40/><D40/><U121/><E121/><V62/><F86/><W41/><G116/><T68/><D68/><U28/><E28/><V104/><F104/><W102/><G13/><T14/><D14/><U117/><E117/><V122/><F122/><W97/><G21/><T82/><D2/><U77/><E90/><V71/><F53/><W17/><G17/><T8/><D8/><U23/><E23/><V123/><F123/><W7/><G7/><T84/><D107/><U50/><E4/><V49/><F49/><W52/><G58/><T100/><D110/><U12/><E12/><V134/><F19/><W48/><REACH who="3" step="1"/><G47/><REACH who="3" ten="230,230,240,290" step="2"/><T67/><D72/><U96/><E5/><V109/><F109/><W131/><G131/><T51/><D114/><U99/><E15/><V57/><REACH who="2" step="1"/><F31/><REACH who="2" ten="230,230,230,290" step="2"/><W120/><G120/><T46/><D85/><AGARI ba="0,2" hai="41,44,48,52,55,85,88,91,92,94,97,101,102,103" machi="85" ten="40,8000,1" yaku="1,1,8,1,52,1,54,2,53,0" doraHai="39" doraHaiUra="11" who="3" fromWho="0" sc="230,-80,230,0,230,0,290,100" /><INIT seed="2,0,0,3,4,134" ten="150,230,230,390" oya="2" hai0="118,109,13,120,9,73,82,90,43,99,68,20,28" hai1="98,52,114,135,65,128,33,96,123,80,133,36,14" hai2="76,125,24,124,70,48,56,79,81,102,92,17,132" hai3="78,37,51,67,23,111,117,87,0,32,10,119,77"/><V47/><F70/><W5/><G32/><T1/><D120/><U16/><E114/><V105/><F105/><W53/><G37/><T97/><D109/><U100/><E36/><V107/><F107/><W45/><G111/><T58/><D1/><U91/><E33/><V7/><F132/><N who="1" m="50761" /><E100/><V108/><F108/><W95/><G67/><T93/><D43/><U6/><E6/><V84/><F7/><W34/><G34/><T30/><D68/><U42/><E42/><V12/><F56/><W49/><G23/><T4/><D118/><U74/><E65/><V59/><F59/><W101/><G51/><T62/><D99/><U71/><E71/><V126/><F24/><W69/><G69/><T112/><D112/><U41/><E41/><N who="2" m="24687" /><F92/><W29/><G29/><T46/><D46/><U72/><BYE who="2" /><E128/><UN n2="%E3%83%9F%E3%83%83%E3%82%AD%E3%83%BC%30%37%31%30" /><V19/><F19/><W127/><BYE who="2" /><G101/><UN n2="%E3%83%9F%E3%83%83%E3%82%AD%E3%83%BC%30%37%31%30" /><T115/><D115/><U57/><E123/><V130/><F130/><W26/><G26/><T86/><D73/><N who="1" m="28267" /><E80/><V35/><F35/><W106/><G106/><T8/><D30/><U25/><E91/><N who="2" m="51599" /><F102/><W18/><G18/><N who="0" m="10319" /><D28/><U60/><E25/><V85/><F85/><W55/><G87/><T22/><D4/><U66/><E66/><V129/><F129/><W54/><G78/><N who="0" m="46423" /><D22/><AGARI ba="0,0" hai="14,16,22,52,57,60,96,98" m="28267,50761" machi="22" ten="30,3900,0" yaku="20,1,54,2" doraHai="134" who="1" fromWho="0" sc="150,-39,230,39,230,0,390,0" /><AGARI ba="0,0" hai="12,17,22,76,79,124,125,126" m="51599,24687" machi="22" ten="30,11600,0" yaku="18,1,52,3" doraHai="134" who="2" fromWho="0" sc="111,-116,269,0,230,116,390,0" owari="-5,-51.0,269,-13.0,346,15.0,390,49.0" /></mjloggm>