<mjloggm ver="2.3"><GO type="41" lobby="0"/><UN n0="%E3%81%86%E3%81%AB%E3%81%AB%E3%82%93" n1="%E2%93%9D%53%75%70%68%78" n2="%E3%81%AF%E3%81%90%E3%82%8C%E3%83%9F%E3%83%B3%E3%83%88" n3="%61%6F%6D%6F%67%75" dan="14,18,15,14" rate="1950.99,2103.54,2048.31,1841.77" sx="M,M,F,M"/><TAIKYOKU oya="0"/><INIT seed="0,0,0,0,5,20" ten="250,250,250,250" oya="0" hai0="111,129,17,132,56,6,9,125,101,127,112,124,75" hai1="44,60,39,123,52,26,14,126,131,0,54,3,63" hai2="84,108,12,49,115,53,25,134,11,19,74,46,104" hai3="68,50,45,95,122,86,105,48,13,21,23,51,77"/><T99/><D112/><U107/><E107/><V130/><F74/><W41/><G68/><T128/><D75/><U61/><E123/><V34/><F115/><W102/><G122/><T79/><D56/><U65/><E14/><V78/><F108/><W8/><G105/><T98/><D17/><U58/><E3/><V91/><F134/><W2/><G2/><T94/><D79/><U80/><E80/><V24/><F104/><W62/><G62/><N who="1" m="23594" /><E26/><N who="2" m="10347" /><F34/><W38/><G102/><N who="0" m="60759" /><D9/><U7/><E7/><V15/><F130/><N who="0" m="50282" /><D6/><U33/><E33/><V32/><F32/><W110/><G110/><T88/><D111/><U71/><E0/><V117/><F117/><W31/><G95/><N who="0" m="56807" /><D101/><U81/><E131/><V85/><F78/><W113/><G113/><T120/><D120/><U87/><E71/><V1/><F1/><W30/><G30/><T121/><D121/><U18/><E18/><N who="2" m="8479" /><F91/><W83/><G31/><T36/><D36/><U76/><E39/><V42/><F42/><W66/><G66/><T10/><D10/><AGARI ba="0,0" hai="10,15,19,46,49,53,84,85" m="8479,10347" machi="10" ten="30,7700,0" yaku="8,1,52,3" doraHai="20" who="2" fromWho="0" sc="250,-77,250,0,250,77,250,0" /><INIT seed="1,0,0,3,1,24" ten="173,250,327,250" oya="1" hai0="71,84,93,25,119,30,63,76,102,39,113,22,7" hai1="129,92,40,20,26,117,80,56,125,105,57,122,65" hai2="88,52,14,100,86,98,12,114,101,51,73,36,55" hai3="23,82,28,49,83,1,50,17,121,21,94,77,43"/><U44/><E105/><V0/><F36/><W135/><G121/><T81/><D113/><U131/><E122/><V27/><F73/><W118/><G118/><T112/><D112/><U38/><E117/><V106/><F0/><W6/><G135/><T72/><D39/><U134/><E125/><V62/><F114/><W116/><G116/><T5/><D119/><U13/><E134/><V96/><F27/><W120/><G120/><T48/><D48/><U70/><E80/><V58/><F98/><W33/><G33/><T111/><D111/><U97/><E13/><V46/><REACH who="2" step="1"/><F101/><REACH who="2" ten="173,250,317,250" step="2"/><W75/><G1/><T2/><D2/><U78/><E131/><V45/><F45/><W64/><G75/><T29/><D29/><U126/><E129/><V124/><F124/><W95/><G28/><T110/><D110/><U19/><E126/><V115/><F115/><W108/><G108/><T32/><D32/><U104/><E38/><V9/><F9/><W4/><G77/><T109/><D109/><U130/><E78/><V41/><F41/><W47/><G47/><T128/><D128/><U11/><E11/><V79/><F79/><W133/><G133/><T54/><D102/><N who="1" m="60711" /><E130/><V67/><F67/><W85/><G43/><T37/><D37/><N who="1" m="21519" /><E104/><V127/><F127/><W60/><G64/><N who="0" m="41375" /><D54/><U103/><E103/><V69/><F69/><W68/><G68/><T18/><D30/><U15/><E26/><V10/><F10/><W53/><G53/><T99/><D72/><U35/><E35/><V34/><F34/><W66/><G66/><T61/><D61/><N who="1" m="38055" /><E70/><V132/><F132/><RYUUKYOKU ba="0,1" sc="173,10,250,10,317,10,250,-30" hai0="5,7,18,22,25,76,81,84,93,99" hai1="15,19,20,57" hai2="12,14,46,51,52,55,58,62,86,88,96,100,106" /><INIT seed="1,1,1,1,2,28" ten="183,260,327,220" oya="1" hai0="85,74,12,62,42,29,94,96,49,88,7,73,27" hai1="78,58,66,39,135,70,61,1,6,120,17,15,105" hai2="72,75,131,90,89,87,26,56,128,9,14,81,41" hai3="16,68,103,80,51,57,47,44,21,65,55,110,104"/><U83/><E120/><V4/><F41/><W132/><G110/><T24/><D62/><U113/><E113/><V129/><F56/><W35/><G35/><T23/><D7/><U40/><E135/><V36/><F36/><W43/><G80/><T0/><D0/><U2/><E105/><V100/><F100/><W54/><G103/><T97/><D12/><U11/><E70/><V25/><F90/><W130/><G104/><T76/><D76/><U71/><E71/><V84/><F84/><W115/><G115/><T3/><D3/><U22/><E40/><V82/><REACH who="2" step="1"/><F81/><REACH who="2" ten="183,260,317,220" step="2"/><W53/><G132/><T59/><D74/><AGARI ba="1,2" hai="4,9,14,25,26,72,74,75,82,87,89,128,129,131" machi="74" ten="50,6400,0" yaku="1,1,2,1,19,1,53,0" doraHai="28" doraHaiUra="13" who="2" fromWho="0" sc="183,-67,260,0,317,87,220,0" /><INIT seed="2,0,0,1,0,60" ten="116,260,404,220" oya="2" hai0="17,39,112,108,2,110,33,72,129,48,81,20,4" hai1="51,1,78,6,107,104,89,19,99,77,101,53,43" hai2="127,59,117,94,52,103,56,23,96,109,45,34,64" hai3="25,121,47,8,84,119,11,24,114,22,28,65,41"/><V135/><F34/><W5/><G119/><T42/><D112/><U97/><E43/><V7/><F117/><W16/><G121/><T92/><D129/><U116/><E116/><V63/><F109/><W30/><G84/><T49/><D33/><U126/><E19/><V67/><F135/><W91/><G91/><T13/><D92/><U88/><E6/><V80/><F127/><W40/><G47/><N who="0" m="24031" /><D49/><U95/><E1/><V31/><F7/><W86/><G86/><T105/><D48/><U102/><E51/><N who="2" m="30751" /><F80/><W76/><G76/><N who="1" m="29290" /><E53/><N who="2" m="34287" /><F45/><W12/><G65/><T3/><D105/><N who="1" m="40523" /><E126/><V100/><F103/><N who="1" m="39433" /><E89/><V74/><F74/><W9/><G114/><T15/><D3/><U118/><E118/><V90/><F90/><W69/><G69/><T57/><D2/><U10/><E10/><N who="3" m="4202" /><G41/><T122/><D4/><U82/><E82/><V54/><F54/><W44/><G44/><T58/><D81/><U83/><E83/><V55/><F55/><W130/><G130/><T73/><D72/><U120/><E120/><V61/><F61/><W26/><G40/><T18/><D73/><U0/><E0/><AGARI ba="0,0" hai="0,5,11,12,16,22,24,25,26,28,30" m="4202" machi="0" ten="30,12000,2" yaku="35,5,54,1" doraHai="60" who="3" fromWho="1" sc="116,0,260,-120,404,0,220,120" /><INIT seed="3,0,0,4,2,105" ten="116,140,404,340" oya="3" hai0="87,51,117,92,121,60,83,48,97,57,102,80,66" hai1="120,65,123,36,24,63,89,98,128,90,132,1,76" hai2="29,3,54,22,6,99,77,68,116,20,94,108,37" hai3="4,71,14,104,78,125,56,100,40,5,110,35,59"/><W23/><G35/><T133/><D121/><U2/><E36/><V58/><F116/><W0/><G71/><T42/><D133/><U49/><E132/><V10/><F68/><W79/><G125/><T134/><D117/><U55/><E128/><V107/><F108/><W41/><G23/><T43/><D134/><U17/><E76/><V7/><F107/><W88/><G100/><T69/><D83/><U9/><E65/><V25/><F37/><W8/><G104/><T52/><REACH who="0" step="1"/><D51/><REACH who="0" ten="106,140,404,340" step="2"/><U26/><E49/><V114/><F114/><W101/><G110/><T96/><D96/><U64/><E98/><V113/><F113/><W126/><G126/><T75/><D75/><U73/><E73/><V112/><F112/><W115/><G115/><T50/><D50/><U122/><E122/><V39/><F39/><W86/><G40/><T74/><D74/><U46/><E123/><V124/><F124/><W12/><G41/><T130/><D130/><U93/><E120/><V62/><F77/><AGARI ba="0,1" hai="42,43,48,52,57,60,66,69,77,80,87,92,97,102" machi="77" ten="30,3900,0" yaku="1,1,7,1,54,1,53,0" doraHai="105" doraHaiUra="30" who="0" fromWho="2" sc="106,49,140,0,404,-39,340,0" /><INIT seed="4,0,0,4,0,105" ten="155,140,365,340" oya="0" hai0="49,125,24,8,73,85,130,48,81,133,119,114,120" hai1="97,127,122,72,50,0,90,74,71,28,39,7,93" hai2="88,110,118,60,87,30,34,66,102,62,32,67,35" hai3="27,61,5,26,47,83,131,53,63,82,44,132,104"/><T111/><D120/><U121/><E39/><V1/><F110/><W29/><G104/><T99/><D119/><U54/><E71/><V42/><F118/><W17/><G5/><T77/><D114/><U25/><E127/><V129/><F1/><W91/><G131/><T55/><D130/><U43/><E43/><V70/><F129/><W57/><G63/><T109/><D125/><U107/><E107/><V56/><F102/><W40/><G132/><T13/><D24/><N who="3" m="9257" /><G29/><T21/><D21/><U126/><E126/><V106/><F106/><W51/><G47/><T38/><D38/><U124/><E124/><V135/><F135/><W69/><G69/><T92/><D85/><U45/><E7/><V46/><F30/><W101/><G101/><T14/><D133/><U116/><E0/><V89/><REACH who="2" step="1"/><F87/><REACH who="2" ten="155,140,355,340" step="2"/><N who="3" m="50679" /><G17/><T103/><D111/><U59/><E116/><V79/><F79/><W94/><G94/><T12/><D109/><U31/><E31/><V134/><F134/><W128/><G128/><T78/><D78/><U76/><E76/><V36/><AGARI ba="0,1" hai="32,34,35,36,42,46,56,60,62,66,67,70,88,89" machi="36" ten="30,4000,0" yaku="1,1,0,1,54,1,53,0" doraHai="105" doraHaiUra="100" who="2" fromWho="2" sc="155,-20,140,-10,355,50,340,-10" /><INIT seed="5,0,0,3,2,93" ten="135,130,405,330" oya="1" hai0="49,132,117,79,29,130,8,99,51,59,66,122,74" hai1="47,4,10,68,105,131,67,41,89,100,18,11,106" hai2="125,44,24,73,5,96,70,46,69,33,36,98,50" hai3="127,1,12,31,37,90,86,97,6,82,0,133,60"/><U40/><E131/><V2/><F73/><W115/><G37/><T71/><D117/><U120/><E120/><V61/><F125/><W135/><G127/><T64/><D132/><N who="3" m="50761" /><G31/><T56/><D8/><U22/><E68/><V54/><F5/><W124/><G124/><T104/><D79/><U102/><E67/><V48/><F2/><W85/><G85/><T114/><D114/><U80/><E89/><V15/><F36/><W128/><G128/><T94/><D94/><U55/><E55/><V9/><F24/><W118/><G118/><T123/><D29/><U78/><E106/><V119/><F33/><W35/><G35/><T58/><D74/><U111/><E111/><V134/><F134/><W113/><G60/><T83/><D83/><U7/><E105/><V103/><F119/><W63/><G63/><T32/><D104/><U30/><E30/><V62/><F103/><W23/><G23/><T75/><D75/><U87/><E102/><V91/><F91/><W19/><G19/><T109/><D109/><U39/><E100/><V129/><F129/><W28/><G28/><T72/><D72/><U88/><E78/><V65/><F62/><W57/><G57/><T45/><D32/><U20/><E18/><V27/><F69/><W13/><G6/><T43/><D71/><U95/><E80/><V14/><F70/><W25/><G113/><T34/><D34/><U84/><E84/><V92/><F65/><N who="0" m="25194" /><D130/><U38/><E7/><V16/><F61/><W110/><G110/><T42/><D99/><U3/><E11/><V81/><F9/><W108/><G108/><RYUUKYOKU ba="0,0" sc="135,15,130,15,405,-15,330,-15" hai0="42,43,45,49,51,56,58,59,122,123" hai1="3,4,10,20,22,38,39,40,41,47,87,88,95" /><INIT seed="5,1,0,4,5,38" ten="150,145,390,315" oya="1" hai0="35,32,94,55,129,1,117,108,24,76,115,46,25" hai1="110,114,130,81,62,103,83,49,104,116,85,99,26" hai2="66,39,78,56,13,96,124,127,30,22,33,69,53" hai3="72,52,118,28,100,75,9,20,61,8,105,2,17"/><U12/><E116/><V3/><F3/><W79/><G79/><T98/><D108/><U42/><E110/><V112/><F112/><W131/><G131/><T36/><D115/><U70/><E114/><V125/><F39/><W132/><G100/><T23/><D1/><U128/><E12/><V89/><F78/><W19/><G105/><T29/><D129/><N who="1" m="49771" /><E26/><V73/><F73/><W47/><G28/><T51/><D117/><U121/><E121/><V82/><F66/><W18/><G20/><T102/><D76/><U119/><E119/><V37/><F37/><W91/><G118/><T0/><D0/><U54/><E85/><N who="2" m="50359" /><F69/><W44/><G132/><T80/><D80/><U15/><E15/><V21/><F96/><W6/><G9/><T60/><D36/><U135/><E135/><V111/><F111/><W120/><G120/><T67/><REACH who="0" step="1"/><D25/><REACH who="0" ten="140,145,390,315" step="2"/><U5/><E83/><V41/><F124/><W48/><G72/><T31/><D31/><U106/><E81/><V93/><F30/><W7/><G75/><T34/><D34/><U134/><E134/><V97/><F33/><W16/><G2/><T68/><AGARI ba="1,1" hai="23,24,29,32,35,46,51,55,60,67,68,94,98,102" machi="68" ten="20,5200,0" yaku="1,1,0,1,7,1,53,1" doraHai="38" doraHaiUra="50" who="0" fromWho="0" sc="140,65,145,-27,390,-14,315,-14" /><INIT seed="6,0,0,3,5,96" ten="205,118,376,301" oya="2" hai0="61,89,86,2,41,111,15,135,115,127,63,6,116" hai1="12,28,88,106,131,95,105,4,129,101,70,14,92" hai2="91,23,130,40,29,103,76,73,113,24,31,51,30" hai3="55,44,85,82,104,36,71,109,87,78,69,52,123"/><V119/><F119/><W13/><G109/><T58/><D115/><U125/><E28/><V114/><F130/><N who="1" m="49673" /><E4/><V77/><F91/><W124/><G124/><T16/><D127/><U10/><E125/><V67/><F67/><W93/><G104/><N who="1" m="40042" /><E10/><V37/><F37/><W11/><G123/><T43/><D135/><U1/><E70/><V33/><F51/><W35/><G35/><T118/><D111/><U98/><E1/><V17/><F40/><W53/><G69/><T18/><D6/><U5/><E5/><V83/><F76/><W74/><G71/><T79/><D79/><U134/><E14/><V133/><F133/><W27/><G27/><T80/><D2/><U132/><E12/><V84/><F33/><W57/><G74/><T112/><D112/><N who="2" m="43114" /><F73/><W97/><G85/><AGARI ba="0,0" hai="85,88,92,95,98,101,132,134" m="40042,49673" machi="85" ten="30,8000,1" yaku="19,1,34,2,52,1,54,1" doraHai="96" who="1" fromWho="3" sc="205,0,118,80,376,0,301,-80" /><INIT seed="7,0,0,5,5,11" ten="205,198,376,221" oya="3" hai0="102,65,59,26,27,81,133,80,118,79,1,36,127" hai1="6,67,16,4,77,23,60,42,46,10,38,29,122" hai2="89,121,62,43,109,106,52,129,17,116,32,9,12" hai3="111,92,76,64,103,56,132,22,7,51,75,72,63"/><W108/><G76/><T113/><D118/><U30/><E122/><V40/><F106/><W13/><G132/><T8/><D127/><U86/><E6/><V100/><F32/><W31/><G51/><T126/><D126/><U114/><E114/><V47/><F100/><W93/><G93/><T87/><D36/><U130/><E130/><V134/><F116/><W44/><G44/><T112/><D102/><U58/><E77/><V24/><F109/><N who="3" m="42059" /><G7/><N who="0" m="1135" /><D133/><U83/><E86/><V125/><F134/><W71/><G71/><T39/><D39/><U0/><E83/><V124/><F47/><W70/><G70/><T78/><D59/><U45/><E45/><V99/><F43/><W73/><G13/><AGARI ba="0,0" hai="0,4,10,13,16,23,29,30,38,42,46,58,60,67" machi="13" ten="30,3900,0" yaku="7,1,52,1,54,1" doraHai="11" who="1" fromWho="3" sc="205,0,198,39,376,0,221,-39" owari="205,-19.0,237,4.0,376,47.0,182,-32.0" /></mjloggm>