<mjloggm ver="2.3"><GO type="41" lobby="0"/><UN n0="%E2%93%9D%53%75%70%68%78" n1="%E3%83%A4%E3%82%B2%E3%83%B3%E3%83%8A%E3%83%B3%E3%82%B3%E3%83%84" n2="%E3%81%B2%E3%82%88%E3%81%A3%E3%81%A1" n3="%E9%BA%BB%E5%80%89%E8%91%89" dan="18,14,13,13" rate="2070.00,1868.24,1887.74,1941.61" sx="M,M,M,M"/><TAIKYOKU oya="0"/><INIT seed="0,0,0,2,3,86" ten="250,250,250,250" oya="0" hai0="20,66,113,78,7,69,120,134,4,65,3,127,11" hai1="55,31,110,41,44,25,95,64,88,56,73,72,9" hai2="82,85,79,61,81,39,17,27,100,125,50,92,36" hai3="26,13,114,29,124,54,19,48,117,130,106,98,102"/><T35/><D113/><U132/><E110/><V109/><F109/><W34/><G124/><T87/><D120/><U0/><E132/><V12/><F125/><W42/><G130/><T18/><D127/><U67/><E73/><V104/><F27/><W8/><G117/><T112/><D35/><U133/><E133/><V45/><F61/><W118/><G118/><T38/><D38/><U94/><E94/><V116/><F116/><W24/><G42/><T21/><D112/><U119/><E72/><V131/><F131/><W90/><G26/><T129/><D69/><U101/><E101/><V53/><F104/><W60/><G60/><T76/><D134/><U6/><E119/><V80/><F81/><W128/><G128/><T108/><D129/><U33/><E56/><V115/><F115/><W126/><G126/><T46/><D46/><U59/><E59/><V74/><F92/><W123/><G123/><T68/><D68/><U32/><E55/><V121/><F100/><W96/><G114/><T135/><D135/><U70/><E70/><V111/><F121/><W77/><G77/><T52/><D108/><U30/><E31/><V71/><F71/><W2/><G2/><T10/><D18/><U40/><E32/><V105/><F105/><W1/><G1/><T63/><D3/><U83/><E83/><V75/><F111/><W84/><G102/><T57/><D63/><U58/><E41/><V37/><F80/><N who="3" m="49415" /><G106/><T122/><D122/><U47/><E40/><V107/><F107/><W62/><G62/><T93/><D93/><U91/><E33/><V51/><F51/><RYUUKYOKU ba="0,0" sc="250,-15,250,-15,250,15,250,15" hai2="12,17,36,37,39,45,50,53,74,75,79,82,85" hai3="8,13,19,24,29,34,48,54,96,98" /><INIT seed="1,1,0,3,1,53" ten="235,235,265,265" oya="1" hai0="34,68,25,67,66,61,87,30,57,65,75,21,18" hai1="117,116,115,97,7,92,42,125,24,134,101,135,110" hai2="17,71,46,3,90,93,45,2,126,111,47,51,107" hai3="58,128,121,62,54,123,79,15,64,86,10,43,44"/><U80/><E42/><V39/><F71/><W28/><G128/><T98/><D75/><U14/><E24/><V106/><F126/><W119/><G119/><N who="1" m="45642" /><E7/><V22/><F3/><W95/><G28/><T70/><D87/><U60/><E60/><V109/><F2/><W0/><G0/><T13/><REACH who="0" step="1"/><D98/><REACH who="0" ten="225,235,265,265" step="2"/><N who="1" m="59591" /><E115/><V41/><F106/><W50/><G123/><T118/><D118/><U11/><E125/><V69/><F107/><W16/><G121/><T9/><D9/><U114/><E114/><V36/><F39/><W52/><G95/><T20/><D20/><U96/><E110/><V82/><F111/><W88/><G79/><T99/><D99/><U74/><E11/><V122/><F22/><W131/><G131/><T37/><D37/><U81/><E14/><V105/><F36/><W129/><G129/><T78/><D78/><N who="1" m="44119" /><E81/><V108/><F109/><W19/><G19/><T83/><D83/><U35/><E35/><V55/><F108/><W84/><G88/><T27/><D27/><U23/><E23/><V77/><F82/><W26/><G26/><T103/><D103/><U127/><E127/><V40/><F90/><W72/><G72/><T73/><D73/><U112/><E112/><V6/><F122/><W31/><G31/><T56/><D56/><U29/><E29/><V76/><F41/><W4/><G4/><T102/><D102/><U48/><E48/><V38/><F40/><W133/><G84/><T100/><D100/><U63/><E63/><V12/><F38/><W132/><G86/><T33/><D33/><U89/><E89/><V124/><F6/><RYUUKYOKU ba="1,1" sc="225,10,235,10,265,-30,265,10" hai0="13,18,21,25,30,34,57,61,65,66,67,68,70" hai1="96,97,134,135" hai3="10,15,16,43,44,50,52,54,58,62,64,132,133" /><INIT seed="1,2,1,0,3,44" ten="235,245,235,275" oya="1" hai0="64,5,135,130,4,111,133,3,16,106,19,30,6" hai1="66,100,43,131,127,76,71,48,27,47,123,50,87" hai2="90,102,23,121,36,33,22,68,65,69,129,39,117" hai3="45,126,77,12,80,42,54,78,63,67,82,89,110"/><U101/><E123/><V125/><F117/><W28/><G126/><T62/><D106/><U52/><E131/><V35/><F121/><W134/><G110/><T88/><D130/><U25/><E127/><V120/><F129/><W55/><G134/><N who="0" m="51211" /><D30/><U104/><E71/><V128/><F128/><W32/><G28/><T91/><D3/><U37/><E66/><V95/><F125/><W0/><G32/><T116/><D116/><U61/><E61/><V86/><F65/><W92/><G0/><T112/><D112/><U41/><E37/><V114/><F102/><N who="1" m="39529" /><E41/><V122/><F95/><W15/><G78/><T94/><D111/><U97/><E104/><V75/><F86/><W107/><G107/><T46/><D46/><N who="1" m="25695" /><E97/><V99/><F99/><W109/><G109/><T21/><D94/><U60/><E60/><V17/><F90/><N who="0" m="34346" /><D21/><U13/><E13/><V9/><F114/><W57/><G77/><T72/><D72/><U105/><E105/><V2/><F2/><W98/><G80/><AGARI ba="2,1" hai="25,27,47,50,52,76,80,87" m="25695,39529" machi="80" ten="30,11600,0" yaku="8,1,52,2,54,1" doraHai="44" who="1" fromWho="3" sc="235,0,245,132,235,0,275,-122" /><INIT seed="1,3,0,3,4,33" ten="235,377,235,153" oya="1" hai0="38,23,133,17,7,0,67,134,124,92,114,1,75" hai1="87,61,107,100,83,132,47,14,71,72,73,113,26" hai2="28,18,82,8,68,97,10,63,16,104,74,99,6" hai3="98,119,21,40,121,4,126,48,85,90,86,77,42"/><U3/><E113/><V52/><F8/><W56/><G119/><T111/><D114/><U25/><E132/><N who="0" m="50793" /><D7/><U11/><E47/><V123/><F123/><W58/><G126/><T44/><D111/><U128/><E128/><V53/><F28/><W12/><G121/><T37/><D75/><U118/><E14/><V15/><F99/><W70/><G70/><T54/><D67/><U50/><E50/><V94/><F104/><W27/><G98/><T112/><D92/><U41/><E41/><V32/><F32/><W69/><G69/><T80/><D80/><U49/><E49/><V130/><F130/><W36/><G36/><N who="0" m="13931" /><D124/><U84/><E118/><V35/><F35/><W129/><G77/><T91/><D91/><U101/><E107/><V65/><F74/><W122/><G86/><T31/><D31/><U59/><E87/><V45/><F82/><W62/><G122/><T19/><D112/><U93/><E71/><V120/><F120/><W102/><G102/><T135/><D135/><U116/><E116/><V60/><F53/><N who="3" m="31783" /><G4/><T2/><D23/><U30/><E73/><V127/><F127/><W96/><G96/><T51/><AGARI ba="3,0" hai="0,1,2,17,19,44,51,54" m="13931,50793" machi="51" ten="40,8000,1" yaku="20,1,52,3" doraHai="33" who="0" fromWho="0" sc="235,89,377,-43,235,-23,153,-23" /><INIT seed="2,0,0,2,4,48" ten="324,334,212,130" oya="2" hai0="124,5,56,14,85,44,38,127,70,29,37,42,102" hai1="96,131,26,112,2,86,55,62,63,54,111,67,76" hai2="32,33,43,18,80,113,4,65,87,66,16,117,114" hai3="12,128,99,73,93,9,122,30,17,28,107,130,135"/><V105/><F117/><W19/><G107/><T121/><D29/><U45/><E112/><V10/><F105/><W110/><G73/><T72/><D72/><U47/><E111/><V91/><F33/><W81/><G122/><T120/><D85/><U3/><E131/><N who="3" m="50218" /><G110/><T118/><D14/><U11/><E26/><V100/><F32/><W103/><G135/><T23/><D23/><U53/><E96/><V71/><F100/><W59/><G81/><T78/><D5/><U8/><E86/><V101/><F101/><W24/><G24/><T22/><D102/><U13/><E76/><V108/><F108/><W69/><G69/><T1/><D70/><U126/><E13/><V41/><F66/><W79/><G79/><T92/><D78/><U52/><N who="1" m="13312" /><DORA hai="125" /><U89/><E89/><V36/><F71/><W116/><G59/><T90/><D56/><U25/><E25/><V82/><F65/><W35/><G35/><T51/><D121/><U57/><E126/><V104/><F104/><W20/><G116/><T75/><D118/><U106/><E106/><V27/><F27/><N who="3" m="16487" /><G30/><T68/><D127/><U129/><E129/><V58/><F58/><W61/><G61/><N who="1" m="23050" /><E57/><V84/><F82/><W46/><G46/><N who="1" m="17418" /><E67/><V39/><F80/><W34/><G34/><T21/><D124/><U31/><E31/><V60/><F84/><W49/><G49/><T132/><D51/><U40/><E40/><V6/><F41/><W88/><G103/><T119/><D119/><U98/><E98/><V77/><F43/><W0/><G19/><T50/><D42/><U95/><E95/><RYUUKYOKU ba="0,0" sc="324,-15,334,15,212,-15,130,15" hai1="2,3,8,11" hai3="0,9,12,17,88,93,99" /><INIT seed="3,1,0,2,5,86" ten="309,349,197,145" oya="3" hai0="30,102,130,100,65,91,94,13,108,56,131,69,113" hai1="101,67,0,44,26,121,66,93,81,9,76,63,72" hai2="35,41,31,106,68,135,64,127,16,77,88,110,15" hai3="24,33,19,103,43,58,22,105,85,84,133,126,129"/><W62/><G126/><T117/><D69/><U7/><E121/><V4/><F106/><W98/><G129/><N who="0" m="49163" /><D108/><U39/><E26/><V96/><F4/><W5/><G133/><T11/><D30/><U124/><E124/><V17/><F17/><W97/><G33/><T49/><D117/><U38/><E38/><V119/><F119/><W37/><G5/><N who="0" m="3311" /><D113/><U6/><E6/><V112/><F112/><W20/><G20/><T42/><D65/><U46/><E46/><V116/><F77/><W3/><G3/><T78/><D78/><U36/><E36/><V28/><F35/><W89/><G37/><T128/><D128/><U125/><E125/><V21/><F64/><W80/><G43/><T60/><D60/><U83/><E83/><V61/><F116/><W45/><G45/><N who="0" m="25783" /><D56/><U111/><E111/><V115/><F61/><W25/><G25/><T50/><D50/><U47/><E47/><V120/><F68/><W51/><G51/><T118/><D118/><U90/><E63/><V23/><F115/><W53/><G80/><T74/><D74/><U57/><E57/><V107/><F110/><W14/><G14/><T99/><AGARI ba="1,0" hai="91,94,99,100,102" m="25783,3311,49163" machi="99" ten="30,2000,0" yaku="19,1,52,1" doraHai="86" who="0" fromWho="0" sc="309,23,349,-6,197,-6,145,-11" /><INIT seed="4,0,0,4,5,17" ten="332,343,191,134" oya="0" hai0="66,35,73,10,129,38,21,42,116,6,94,14,134" hai1="102,82,50,33,63,65,88,69,100,126,30,43,123" hai2="90,16,99,26,125,92,70,115,54,3,105,78,8" hai3="55,112,96,57,72,83,60,59,7,132,25,45,5"/><T111/><D116/><U44/><E123/><V53/><F115/><W122/><G122/><T89/><D35/><U18/><E126/><V47/><F70/><W93/><G112/><T52/><D73/><U68/><E68/><V22/><F125/><W106/><G106/><T80/><D129/><U128/><E128/><V121/><F121/><W67/><G132/><T79/><D66/><U97/><E30/><V130/><F130/><W81/><G45/><T9/><D42/><U91/><E33/><V117/><F117/><W51/><G72/><T61/><D38/><U64/><E64/><V28/><F78/><W74/><G74/><T76/><D10/><U120/><E120/><V87/><F47/><W77/><G77/><T31/><D80/><U32/><E32/><V1/><F1/><W86/><G25/><N who="0" m="16815" /><D111/><U36/><E36/><V15/><F3/><W41/><G41/><T29/><D29/><U104/><E82/><V12/><F12/><W46/><G83/><T56/><D134/><U37/><E37/><V40/><REACH who="2" step="1"/><F40/><REACH who="2" ten="332,343,181,134" step="2"/><W49/><G46/><T58/><D58/><U4/><E43/><V0/><F0/><W95/><G59/><T98/><AGARI ba="0,1" hai="6,9,14,52,56,61,76,79,89,94,98" m="16815" machi="98" ten="30,6000,0" yaku="8,1,52,1,54,1" doraHai="17" who="0" fromWho="0" sc="332,70,343,-20,181,-20,134,-20" /><INIT seed="4,1,0,4,3,110" ten="402,323,161,114" oya="0" hai0="45,51,117,69,64,8,119,63,121,65,5,29,134" hai1="118,120,42,44,87,20,12,18,2,25,38,109,17" hai2="37,19,78,83,21,95,96,84,10,66,35,13,105" hai3="71,101,31,26,24,81,106,93,41,91,39,122,100"/><T59/><D29/><U36/><E109/><V4/><F37/><W113/><G122/><T15/><D121/><U99/><E120/><V43/><F43/><W112/><G71/><T126/><D126/><U16/><E2/><V56/><F35/><W67/><G67/><T79/><D134/><U86/><E118/><V52/><F66/><W58/><G106/><T28/><D28/><U46/><E99/><V116/><F116/><W22/><G81/><T135/><D135/><U115/><E115/><N who="3" m="44106" /><G58/><T80/><D65/><U114/><E114/><V61/><F105/><W0/><G26/><T98/><D69/><U1/><E1/><V102/><F4/><W62/><G62/><T129/><D59/><U48/><E17/><V90/><REACH who="2" step="1"/><F10/><REACH who="2" ten="402,323,151,114" step="2"/><W6/><G6/><T27/><D5/><U40/><E48/><V94/><F94/><W130/><G130/><T57/><D129/><U23/><AGARI ba="1,1" hai="12,16,18,20,23,25,36,38,40,42,44,46,86,87" machi="23" ten="20,5200,0" yaku="0,1,7,1,9,1,54,1" doraHai="110" who="1" fromWho="1" sc="402,-27,323,65,151,-14,114,-14" /><INIT seed="5,0,0,5,1,123" ten="375,388,137,100" oya="1" hai0="42,83,71,62,4,51,100,99,41,92,19,124,3" hai1="25,12,34,79,40,63,114,53,17,46,85,102,45" hai2="82,134,88,57,132,52,89,101,26,10,84,48,16" hai3="115,86,20,112,67,76,24,117,87,131,122,121,11"/><U104/><E114/><N who="3" m="43562" /><G67/><T93/><D124/><U7/><E104/><V77/><F101/><W73/><G11/><T125/><D125/><U66/><E102/><V14/><REACH who="2" step="1"/><F26/><REACH who="2" ten="375,388,127,100" step="2"/><W49/><G117/><T23/><D100/><U55/><E25/><V110/><F110/><W54/><G131/><T69/><D69/><U127/><E127/><V94/><F94/><W47/><G122/><T65/><D93/><U78/><E34/><V64/><F64/><W74/><G121/><T98/><D92/><U130/><E130/><V35/><F35/><W90/><G76/><N who="1" m="29226" /><E7/><V2/><F2/><W106/><G106/><T108/><D4/><U113/><E113/><V21/><F21/><W96/><G96/><T60/><D99/><U33/><E33/><V109/><F109/><W105/><G105/><T15/><D98/><U72/><E72/><N who="3" m="27754" /><G90/><AGARI ba="0,1" hai="10,14,16,48,52,57,77,82,84,88,89,90,132,134" machi="90" ten="40,8000,1" yaku="1,1,54,3,53,0" doraHai="123" doraHaiUra="39" who="2" fromWho="3" sc="375,0,388,0,127,90,100,-80" /><INIT seed="6,0,0,5,3,77" ten="375,388,217,20" oya="2" hai0="85,14,127,17,52,101,102,71,60,121,97,82,135" hai1="8,105,134,113,106,104,73,109,7,86,87,58,61" hai2="94,64,93,20,96,18,24,37,114,117,76,28,53" hai3="57,50,26,35,44,12,16,103,110,129,32,63,1"/><V133/><F117/><W25/><G110/><T47/><D121/><U132/><E109/><V11/><F37/><W67/><G1/><T70/><D135/><N who="1" m="51755" /><E73/><V131/><F133/><W78/><G129/><T68/><D127/><U69/><E69/><V19/><F131/><W48/><G103/><T66/><D102/><U100/><E100/><V31/><F94/><W38/><G38/><T22/><D47/><U39/><E39/><V15/><F114/><W75/><G50/><T118/><D52/><N who="1" m="33991" /><E113/><V62/><F53/><W124/><G124/><T59/><D118/><U83/><E83/><V34/><F34/><W29/><G78/><T125/><D125/><U74/><E74/><V30/><F76/><W99/><G75/><T13/><D13/><AGARI ba="0,0" hai="7,8,13,86,87,104,105,106" m="33991,51755" machi="13" ten="40,2600,0" yaku="20,1,54,1" doraHai="77" who="1" fromWho="0" sc="375,-26,388,26,217,0,20,0" /><INIT seed="7,0,0,1,3,72" ten="349,414,217,20" oya="3" hai0="0,9,4,110,58,78,118,121,1,63,37,44,119" hai1="34,35,101,61,52,31,125,96,109,50,49,13,47" hai2="126,26,56,32,19,135,80,131,107,38,60,22,100" hai3="12,117,122,76,30,15,133,116,24,7,128,85,103"/><W114/><G114/><T91/><D121/><U104/><E109/><V17/><F38/><W77/><G128/><T41/><D110/><U53/><E125/><V106/><F131/><W39/><G39/><T102/><D1/><U25/><E13/><V93/><F126/><W79/><G122/><T57/><D102/><U86/><E86/><V42/><F135/><W130/><G130/><T14/><D58/><U108/><E108/><V33/><F42/><W54/><G133/><T92/><D14/><N who="3" m="5161" /><G117/><T115/><D115/><U113/><E113/><V94/><F80/><W129/><G116/><T132/><D132/><U74/><E74/><V105/><F100/><W82/><G129/><T6/><D6/><U40/><E61/><V8/><F56/><W3/><G3/><T21/><D21/><U127/><E40/><V87/><F60/><W27/><G103/><T46/><D46/><U28/><E28/><V23/><F87/><W88/><G7/><T29/><D29/><U112/><E112/><V36/><F36/><W16/><G30/><T55/><D91/><U62/><E62/><V73/><F73/><W70/><G70/><T5/><D5/><U71/><E71/><V81/><F8/><W65/><G65/><T75/><D92/><N who="2" m="35434" /><F81/><AGARI ba="0,0" hai="0,4,9,37,41,44,55,57,63,75,78,81,118,119" machi="81" ten="40,5200,0" yaku="25,2,52,1" doraHai="72" who="0" fromWho="2" sc="349,52,414,0,217,-52,20,0" owari="401,20.0,414,51.0,165,-23.0,20,-48.0" /></mjloggm>