<mjloggm ver="2.3"><GO type="41" lobby="0"/><UN n0="%E8%96%84%E5%A2%A8%E5%88%9D%E7%BE%8E" n1="%74%65%74%75%6B%6F" n2="%E3%81%AA%E3%81%A3%E3%81%95%E3%82%93%E3%81%A7%E3%81%99%E3%82%88" n3="%E2%93%9D%53%75%70%68%78" dan="14,16,14,18" rate="2008.58,2034.18,1939.86,2082.86" sx="F,M,F,M"/><TAIKYOKU oya="0"/><INIT seed="0,0,0,5,4,85" ten="250,250,250,250" oya="0" hai0="116,55,130,65,91,1,131,62,125,66,74,13,135" hai1="80,114,27,41,21,118,89,17,5,36,99,86,120" hai2="44,94,11,35,57,123,15,129,101,79,53,100,14" hai3="48,45,16,109,119,40,110,43,132,32,105,88,30"/><T26/><D116/><U69/><E118/><V111/><F123/><W82/><G119/><T134/><D1/><U39/><E120/><V22/><F35/><W4/><G105/><T7/><D74/><U93/><E69/><V3/><F111/><N who="3" m="42507" /><G4/><T76/><D76/><U20/><E114/><V106/><F106/><W64/><G64/><N who="0" m="24683" /><D26/><U95/><E5/><V104/><F104/><W25/><G132/><N who="0" m="50731" /><D13/><U133/><E133/><V102/><F3/><W117/><G117/><T49/><D7/><U31/><E41/><V6/><F44/><W42/><G16/><T24/><D24/><U56/><E56/><V128/><F79/><W58/><G58/><N who="0" m="33135" /><D62/><U19/><E31/><V78/><F78/><W115/><G115/><T75/><D75/><U33/><E33/><V87/><F87/><AGARI ba="0,0" hai="25,30,32,40,42,43,45,48,82,87,88" m="42507" machi="87" ten="30,3900,0" yaku="14,1,52,1,54,1" doraHai="85" who="3" fromWho="2" sc="250,0,250,0,250,-39,250,39" /><INIT seed="1,0,0,4,5,78" ten="250,250,211,289" oya="1" hai0="25,124,35,1,40,108,59,109,99,114,84,47,34" hai1="14,101,98,23,31,93,62,125,56,66,71,9,81" hai2="45,95,111,112,27,32,17,65,15,120,135,119,104" hai3="36,37,16,76,24,88,29,19,64,131,28,41,92"/><U52/><E125/><V53/><F104/><W96/><G131/><T121/><D114/><U20/><E31/><V2/><F2/><W94/><G64/><T4/><D124/><U10/><E10/><V89/><F119/><W128/><G128/><T132/><D132/><U38/><E38/><V107/><F107/><W87/><G41/><T5/><D121/><U18/><REACH who="1" step="1"/><E81/><REACH who="1" ten="250,240,211,289" step="2"/><V100/><F120/><W30/><G37/><T51/><D108/><U26/><E26/><V68/><F111/><W83/><G36/><T33/><D109/><U103/><E103/><V86/><F27/><W74/><REACH who="3" step="1"/><G24/><REACH who="3" ten="250,240,211,279" step="2"/><T60/><D25/><U55/><E55/><V90/><F53/><W80/><G80/><T113/><D33/><U8/><E8/><V63/><F32/><W115/><G115/><T72/><D113/><U118/><E118/><V70/><F112/><W22/><G22/><T13/><D34/><U122/><E122/><V116/><F116/><W133/><G133/><T57/><D35/><U105/><E105/><V46/><F135/><W42/><G42/><T129/><D40/><U82/><E82/><V91/><F65/><W58/><G58/><T0/><D57/><U12/><E12/><V127/><F15/><W3/><G3/><T7/><D59/><U11/><E11/><V130/><F127/><W21/><G21/><T50/><D0/><U106/><E106/><V49/><F130/><W39/><G39/><T97/><D1/><U110/><E110/><V43/><F43/><W48/><G48/><AGARI ba="0,2" hai="9,14,18,20,23,48,52,56,62,66,71,93,98,101" machi="48" ten="30,5800,0" yaku="1,1,7,1,54,1,53,0" doraHai="78" doraHaiUra="79" who="1" fromWho="3" sc="250,0,240,78,211,0,279,-58" /><INIT seed="1,1,0,5,1,61" ten="250,318,211,221" oya="1" hai0="84,126,21,98,1,18,79,62,17,24,41,92,36" hai1="113,26,80,65,127,70,34,54,16,57,133,20,130" hai2="27,77,129,11,37,125,3,63,13,9,60,74,86" hai3="78,51,76,53,134,7,32,124,103,30,47,104,15"/><U38/><E113/><V97/><F74/><W5/><G134/><T29/><D1/><U10/><E133/><V109/><F37/><W100/><G124/><T107/><D126/><U39/><E127/><V120/><F125/><W128/><G128/><T88/><D36/><U52/><E130/><V50/><F120/><W105/><G30/><T23/><D41/><U68/><E39/><V46/><F109/><W112/><G32/><T72/><D72/><U0/><E38/><V99/><F27/><W58/><G112/><T95/><D107/><U119/><E119/><V22/><F3/><W96/><G58/><T117/><D117/><U123/><E123/><V115/><F22/><W40/><G40/><T8/><D8/><U116/><E116/><V64/><F9/><W66/><G66/><T71/><D79/><U81/><E34/><V94/><F115/><W82/><G78/><T67/><REACH who="0" step="1"/><D21/><REACH who="0" ten="240,318,211,221" step="2"/><U111/><E0/><V101/><F129/><W83/><G76/><T106/><D106/><U118/><E118/><V122/><F122/><W85/><G105/><T12/><D12/><U132/><E132/><V33/><F13/><W89/><G15/><T28/><D28/><U43/><E111/><V135/><F11/><W14/><G14/><T87/><D87/><U114/><E114/><V73/><F73/><W45/><G104/><T49/><D49/><U102/><E68/><V93/><F86/><W90/><G85/><T75/><D75/><U44/><E70/><N who="2" m="42247" /><F77/><W55/><G51/><T42/><D42/><U56/><E10/><V4/><F135/><W69/><G69/><RYUUKYOKU ba="1,1" sc="240,15,318,-15,211,-15,221,15" hai0="17,18,23,24,29,62,67,71,84,88,92,95,98" hai3="5,7,45,47,53,55,82,83,89,90,96,100,103" /><INIT seed="2,2,1,3,4,94" ten="255,303,196,236" oya="2" hai0="27,12,116,68,120,135,24,10,61,114,31,26,16" hai1="45,52,53,107,108,132,58,75,57,42,36,23,131" hai2="97,7,39,38,15,84,122,119,89,13,44,126,48" hai3="40,87,62,82,54,63,35,2,0,79,8,113,28"/><V123/><F119/><W71/><G113/><T133/><D114/><U50/><E75/><V76/><F126/><W102/><G40/><T29/><D116/><U17/><E108/><V118/><F118/><W83/><G35/><T77/><D77/><U127/><E132/><N who="0" m="50761" /><D120/><U124/><E107/><V5/><F76/><W64/><G28/><N who="0" m="10827" /><D61/><U11/><E11/><V74/><F74/><W66/><G54/><T98/><D68/><U47/><E131/><V110/><F110/><W85/><G102/><T93/><D93/><U112/><E112/><V55/><F39/><W18/><G18/><T117/><D117/><U51/><REACH who="1" step="1"/><E45/><REACH who="1" ten="255,293,196,236" step="2"/><V43/><F122/><W1/><G8/><T129/><D129/><U49/><E49/><V130/><F123/><W56/><REACH who="3" step="1"/><G2/><REACH who="3" ten="255,293,196,226" step="2"/><T86/><D86/><U14/><AGARI ba="2,3" hai="14,17,23,36,42,47,50,51,52,53,57,58,124,127" machi="14" ten="30,7900,0" yaku="1,1,0,1,9,1,54,1,53,0" doraHai="94" doraHaiUra="115" who="1" fromWho="1" sc="255,-22,293,115,196,-41,226,-22" /><INIT seed="3,0,0,2,0,75" ten="233,408,155,204" oya="3" hai0="107,83,110,24,92,7,118,82,103,49,109,51,119" hai1="31,44,43,95,28,16,54,77,74,96,63,88,45" hai2="0,133,134,15,58,86,52,59,125,56,40,91,4" hai3="42,11,2,26,106,131,70,50,65,94,41,87,112"/><W130/><G106/><T47/><D7/><U113/><E113/><V61/><F0/><W27/><G112/><T123/><D24/><N who="3" m="9257" /><G50/><T29/><D29/><U46/><E43/><V67/><F40/><W55/><G55/><T37/><D37/><U9/><E77/><V128/><F128/><N who="3" m="49195" /><G65/><T111/><D107/><U127/><E74/><V114/><F114/><W116/><G70/><T132/><D123/><U97/><E127/><V100/><F100/><W76/><G116/><N who="0" m="44587" /><D132/><N who="2" m="50794" /><F125/><W124/><G124/><T80/><D47/><U135/><E96/><AGARI ba="0,0" hai="49,51,80,82,83,92,96,103,109,110,111" m="44587" machi="96" ten="40,1300,0" yaku="14,1" doraHai="75" who="0" fromWho="1" sc="233,13,408,-13,155,0,204,0" /><INIT seed="4,0,0,1,2,77" ten="246,395,155,204" oya="0" hai0="62,15,6,106,65,28,43,81,66,134,85,60,51" hai1="68,52,30,98,50,58,94,113,71,5,127,64,14" hai2="100,83,131,35,108,102,80,105,84,31,118,34,75" hai3="103,46,49,92,79,57,109,78,63,70,87,74,25"/><T17/><D106/><U38/><E38/><V29/><F108/><W135/><G70/><T95/><D134/><U11/><E127/><V69/><F69/><W130/><G74/><T123/><D123/><U7/><E30/><N who="2" m="11275" /><F75/><W59/><G130/><T104/><D104/><U90/><E113/><V36/><F36/><W122/><G25/><T55/><D28/><U45/><REACH who="1" step="1"/><E5/><REACH who="1" ten="246,385,155,204" step="2"/><V93/><F131/><W114/><G114/><T4/><D4/><U89/><E89/><V26/><F35/><W41/><G135/><T48/><D6/><U72/><E72/><V12/><F34/><W120/><G120/><T86/><D17/><U67/><E67/><V133/><F133/><W1/><G122/><T76/><D65/><U129/><E129/><V37/><F37/><W132/><G132/><T3/><D66/><U33/><E33/><V96/><F102/><W126/><G103/><T116/><D116/><U18/><E18/><V97/><F118/><W88/><G126/><T23/><D76/><U121/><E121/><V16/><F26/><W44/><G79/><T115/><D115/><U56/><E56/><V0/><F100/><W91/><G59/><T101/><D101/><U32/><E32/><V20/><F16/><W112/><G112/><T53/><D23/><U61/><AGARI ba="0,1" hai="7,11,14,45,50,52,58,61,64,68,71,90,94,98" machi="61" ten="30,7900,0" yaku="1,1,0,1,54,1,53,1" doraHai="77" doraHaiUra="9" who="1" fromWho="1" sc="246,-39,385,89,155,-20,204,-20" /><INIT seed="5,0,0,1,0,3" ten="207,474,135,184" oya="1" hai0="0,87,38,46,25,114,15,59,53,135,124,76,12" hai1="22,98,127,51,122,21,103,111,120,64,105,9,39" hai2="75,129,28,118,17,63,108,128,97,86,4,35,119" hai3="110,125,27,30,6,19,115,40,18,70,11,102,49"/><U82/><E39/><V71/><F75/><W62/><G110/><T69/><D69/><U10/><E111/><V132/><F108/><W83/><G115/><T89/><D114/><U77/><E127/><V72/><F72/><W36/><G36/><T109/><D109/><U55/><E64/><V56/><F71/><W45/><G102/><T95/><D124/><U113/><E113/><V93/><F132/><W16/><G125/><T78/><D0/><U2/><E22/><V100/><F17/><W101/><G101/><T29/><D135/><U42/><E42/><V65/><F86/><W43/><G83/><T44/><D38/><U33/><E33/><V107/><F107/><W20/><G43/><T37/><D37/><U47/><E21/><V14/><F28/><W52/><G70/><T7/><D25/><U91/><E91/><V57/><F57/><N who="3" m="35111" /><G30/><T61/><D12/><AGARI ba="0,0" hai="6,11,12,16,18,19,20,27,40,45,49" m="35111" machi="12" ten="30,7700,0" yaku="8,1,52,1,54,2" doraHai="3" who="3" fromWho="0" sc="207,-77,474,0,135,0,184,77" /><INIT seed="6,0,0,3,0,119" ten="130,474,135,261" oya="2" hai0="122,62,8,71,28,46,48,85,108,132,128,124,70" hai1="135,110,40,49,61,107,80,56,6,120,17,12,88" hai2="76,106,89,9,97,33,86,25,81,38,51,18,57" hai3="95,134,68,74,78,29,23,133,96,39,130,60,7"/><V123/><F38/><W36/><G130/><T111/><D128/><U83/><E110/><V1/><F123/><W43/><G7/><T26/><D124/><U37/><E37/><V104/><F1/><W34/><G34/><T14/><D132/><N who="3" m="50793" /><G43/><T55/><D122/><U69/><E107/><V66/><F9/><W92/><G92/><T19/><D108/><U41/><E135/><V58/><F58/><W73/><G78/><T47/><D111/><U126/><E126/><V3/><F3/><W20/><G20/><T99/><D46/><U15/><E69/><V100/><F66/><N who="3" m="41031" /><G39/><T87/><D99/><U50/><E6/><V65/><F65/><W4/><G4/><T0/><D0/><U131/><E80/><V82/><F57/><W22/><G29/><T75/><D75/><N who="3" m="28681" /><G36/><T63/><D70/><U121/><E131/><V103/><F51/><W35/><G35/><T101/><D71/><U44/><E41/><V10/><F10/><W94/><G94/><T2/><D2/><U77/><E77/><V53/><F53/><W72/><G72/><T113/><D113/><U112/><E49/><V45/><F45/><W117/><G117/><T5/><D5/><U115/><E120/><V31/><F18/><W13/><G13/><N who="1" m="5194" /><E17/><V42/><F42/><W52/><G52/><T116/><D116/><U105/><E121/><V24/><F24/><W21/><G95/><T102/><D62/><U32/><E32/><V11/><F11/><W30/><G30/><T54/><D63/><U91/><E40/><V16/><F16/><W79/><G79/><T67/><D8/><RYUUKYOKU ba="0,0" sc="130,-10,474,-10,135,-10,261,30" hai3="21,22,23,96" /><INIT seed="7,1,0,1,5,6" ten="120,464,125,291" oya="3" hai0="62,51,35,105,11,47,74,111,37,134,116,126,90" hai1="88,112,133,56,92,89,39,53,28,66,48,110,70" hai2="15,64,16,87,73,20,65,131,77,114,125,84,124" hai3="113,95,4,75,41,42,72,129,118,120,55,97,49"/><W12/><G118/><T46/><D116/><U31/><E110/><V91/><F114/><W23/><G120/><T106/><D111/><U5/><E39/><V22/><F131/><W93/><G113/><T68/><D35/><U119/><E112/><V38/><F38/><W82/><G129/><T60/><D74/><U19/><E119/><V26/><F73/><W102/><G75/><T1/><D134/><U54/><E133/><V69/><F69/><W18/><G4/><N who="0" m="1423" /><D90/><U85/><E5/><V3/><F3/><W43/><G72/><T9/><D9/><U86/><E53/><V103/><F103/><W32/><G32/><T24/><D24/><U67/><E70/><V132/><F132/><W96/><G82/><T100/><D100/><U0/><E19/><N who="2" m="10367" /><F124/><W130/><G130/><T58/><D126/><U63/><E0/><V98/><F125/><W57/><REACH who="3" step="1"/><G43/><REACH who="3" ten="120,464,125,281" step="2"/><T115/><D115/><U34/><E34/><V80/><F98/><W107/><G107/><T21/><D105/><U7/><E7/><V13/><F26/><W135/><G135/><T25/><D25/><U29/><E63/><V27/><F27/><W44/><G44/><T78/><D60/><U99/><E99/><V14/><F14/><W76/><G76/><T40/><D78/><U117/><E117/><V79/><F77/><W10/><G10/><T94/><D106/><U52/><E54/><V50/><F50/><W109/><G109/><T8/><D51/><U123/><E123/><V81/><AGARI ba="1,1" hai="13,16,22,64,65,79,80,81,84,87,91" m="10367" machi="81" ten="30,2000,0" yaku="8,1,54,1" doraHai="6" who="2" fromWho="2" sc="120,-6,464,-6,125,33,281,-11" owari="114,-39.0,458,56.0,158,-24.0,270,7.0" /></mjloggm>