<mjloggm ver="2.3"><GO type="41" lobby="0"/><UN n0="%E2%93%9D%53%75%70%68%78" n1="%79%35%72%69%61%6E" n2="%E9%9B%80%E9%AD%94%E7%A5%9E%31%48%E5%85%AD%E7%99%BE%E5%86%86" n3="%E3%81%BE%E3%82%8C%E3%83%BC%E3%81%B0%E3%81%8F" dan="18,14,14,15" rate="2076.16,1896.65,1937.40,1931.47" sx="M,M,M,M"/><TAIKYOKU oya="0"/><INIT seed="0,0,0,2,0,75" ten="250,250,250,250" oya="0" hai0="55,51,20,129,92,99,8,47,91,62,43,121,110" hai1="90,28,48,77,133,126,130,53,9,38,98,63,40" hai2="125,74,34,128,66,58,64,120,39,113,1,29,100" hai3="97,114,111,32,60,14,101,131,37,86,73,49,85"/><T31/><D129/><U0/><E130/><V96/><F113/><W71/><G131/><T72/><D121/><U44/><E133/><V84/><F74/><W78/><G37/><T67/><D72/><U27/><E126/><V59/><F125/><W18/><G32/><T3/><D110/><U23/><E63/><V76/><F39/><W68/><G49/><T21/><D31/><U5/><E90/><V79/><F1/><W54/><G111/><T135/><D135/><U80/><E98/><V46/><F46/><W10/><G85/><T13/><D3/><U93/><E93/><V36/><F36/><W127/><G86/><T70/><REACH who="0" step="1"/><D43/><REACH who="0" ten="240,250,250,250" step="2"/><U119/><E119/><V50/><F128/><W102/><G127/><T112/><D112/><U106/><E106/><V132/><F29/><W87/><G114/><T25/><D25/><U116/><E116/><V103/><F120/><W11/><G73/><T122/><D122/><U81/><REACH who="1" step="1"/><E77/><REACH who="1" ten="240,240,250,250" step="2"/><V35/><F132/><W134/><G78/><T4/><AGARI ba="0,2" hai="4,8,13,20,21,47,51,55,62,67,70,91,92,99" machi="4" ten="20,12000,1" yaku="1,1,0,1,7,1,53,2" doraHai="75" doraHaiUra="16" who="0" fromWho="0" sc="240,140,240,-40,250,-40,250,-40" /><INIT seed="0,1,0,3,3,120" ten="380,200,210,210" oya="0" hai0="62,77,13,48,131,125,108,128,90,69,34,25,46" hai1="88,100,121,75,50,111,22,40,59,122,124,55,110" hai2="6,74,102,135,83,84,101,18,49,51,35,105,39" hai3="65,14,80,116,89,64,33,93,133,98,119,118,115"/><T31/><D77/><U82/><E100/><V53/><F74/><W54/><G115/><T21/><D125/><U36/><E124/><V109/><F39/><W10/><G133/><T27/><D13/><U2/><E2/><V127/><F127/><W112/><G33/><T132/><D90/><U123/><E22/><V96/><F35/><W57/><G80/><T42/><D132/><U44/><E75/><V117/><F117/><W38/><G38/><T63/><D69/><U70/><E70/><V8/><F102/><W66/><G112/><T81/><D81/><U91/><E82/><V60/><F18/><W67/><N who="3" m="16384" /><DORA hai="72" /><W7/><REACH who="3" step="1"/><G119/><REACH who="3" ten="380,200,210,200" step="2"/><T85/><D34/><U47/><REACH who="1" step="1"/><E47/><REACH who="1" ten="380,190,210,200" step="2"/><V26/><F135/><W29/><G29/><T134/><D31/><U76/><E76/><V113/><F113/><W73/><G73/><T61/><D134/><U28/><E28/><V5/><F105/><W9/><G9/><T12/><D46/><U19/><E19/><V92/><F8/><W24/><G24/><T107/><D27/><U95/><E95/><V68/><F26/><W45/><G45/><T17/><D25/><U43/><E43/><V104/><F92/><W71/><G71/><T4/><D107/><U129/><E129/><V52/><F68/><W3/><G3/><T103/><D131/><U114/><E114/><V15/><F104/><W20/><G20/><T87/><D128/><U78/><E78/><V99/><F5/><W11/><G11/><T0/><D4/><U32/><E32/><V16/><F6/><W94/><G94/><T58/><D21/><RYUUKYOKU ba="1,2" sc="380,-15,190,15,210,-15,200,15" hai1="36,40,44,50,55,59,88,91,110,111,121,122,123" hai3="7,10,14,54,57,89,93,98,116,118" /><INIT seed="1,2,2,1,2,67" ten="365,205,195,215" oya="1" hai0="18,74,44,124,19,20,39,21,115,45,69,112,122" hai1="29,17,104,95,31,52,37,72,47,98,16,30,78" hai2="118,123,127,27,0,41,55,68,82,121,3,97,100" hai3="70,25,4,101,113,86,62,5,57,73,133,79,15"/><U77/><E104/><V131/><F118/><W99/><G113/><T130/><D74/><U12/><E72/><V110/><F68/><W13/><G73/><T33/><D33/><U128/><E128/><V38/><F131/><W114/><G114/><T84/><D130/><U75/><E75/><V107/><F110/><W53/><G133/><T132/><D84/><U126/><E126/><V43/><F127/><W61/><G25/><T103/><D124/><U96/><E37/><V14/><F14/><W32/><G32/><T1/><D103/><U54/><E17/><V66/><F66/><W129/><G129/><T119/><D39/><U65/><E65/><V125/><F125/><W49/><G70/><T50/><D50/><N who="1" m="28767" /><E54/><V56/><F82/><N who="3" m="47455" /><G99/><N who="1" m="37930" /><E95/><V59/><F38/><W106/><G101/><T71/><D132/><U28/><N who="1" m="7168" /><DORA hai="36" /><U40/><E40/><V135/><F135/><W9/><G106/><T92/><D92/><U7/><E7/><V93/><F107/><W63/><G4/><T23/><D115/><U42/><E42/><V24/><F97/><W85/><G15/><T116/><D112/><U58/><E58/><V76/><F55/><W102/><G102/><T64/><D64/><U46/><E46/><V10/><F100/><W134/><G134/><T34/><D34/><U6/><E6/><V117/><F117/><W60/><G63/><T80/><D119/><U88/><E88/><V35/><F35/><W120/><G120/><T90/><D116/><U94/><E94/><V22/><F93/><W83/><G62/><T11/><D71/><U48/><E48/><RYUUKYOKU ba="2,2" sc="365,-15,205,15,195,-15,215,15" hai1="12,16,77,78" hai3="5,9,13,49,53,57,60,61,83,85" /><INIT seed="1,3,2,0,3,16" ten="350,220,180,230" oya="1" hai0="18,47,14,102,89,71,54,45,106,1,6,33,128" hai1="64,86,67,73,70,110,113,7,130,122,121,0,81" hai2="92,21,87,105,76,12,39,124,53,68,97,107,38" hai3="91,41,20,96,85,8,24,75,125,28,88,9,98"/><U42/><E113/><V29/><F124/><W78/><G125/><T100/><D33/><U63/><E73/><V80/><F68/><W103/><G41/><T34/><D34/><U129/><E64/><V37/><F53/><W11/><G75/><T62/><D1/><U115/><E115/><V55/><F55/><W66/><G66/><T112/><D6/><U19/><E42/><V43/><F43/><W40/><G40/><T132/><D128/><N who="1" m="49259" /><E110/><V30/><F30/><W74/><G74/><T4/><D4/><U60/><E63/><V123/><F123/><W117/><G117/><T83/><D62/><U127/><E127/><V26/><REACH who="2" step="1"/><F12/><REACH who="2" ten="350,220,170,230" step="2"/><W116/><G116/><T69/><D14/><U82/><E19/><V15/><F15/><W111/><G111/><T118/><D18/><U94/><E7/><V134/><F134/><W79/><G91/><AGARI ba="3,3" hai="21,26,29,37,38,39,76,80,87,91,92,97,105,107" machi="91" ten="40,5200,0" yaku="1,1,52,1,53,1" doraHai="16" doraHaiUra="84" who="2" fromWho="3" sc="350,0,220,0,170,91,230,-61" /><INIT seed="2,0,0,5,0,107" ten="350,220,261,169" oya="2" hai0="61,33,30,3,94,58,7,69,78,99,74,128,98" hai1="43,80,4,84,39,41,45,101,87,111,48,81,122" hai2="77,32,8,67,97,57,130,17,102,89,27,86,38" hai3="134,13,51,120,65,112,133,36,92,71,23,21,90"/><V29/><F38/><W116/><G36/><T10/><D128/><U125/><E122/><V121/><F130/><W131/><G131/><T68/><D99/><U75/><E125/><V66/><F77/><W19/><G116/><T91/><D30/><U79/><E111/><V59/><F121/><W100/><G100/><T123/><D33/><U127/><E127/><V103/><F103/><W40/><G120/><T119/><D119/><U1/><E101/><V118/><F118/><W73/><G65/><T18/><D18/><U115/><E115/><V105/><F8/><W83/><G71/><T72/><D78/><U108/><E108/><V52/><F59/><W132/><G112/><T96/><D96/><U31/><E31/><V34/><F17/><W60/><G60/><T135/><D135/><U93/><E93/><V2/><F2/><W114/><G114/><T47/><D47/><N who="1" m="23999" /><E80/><V95/><REACH who="2" step="1"/><F34/><REACH who="2" ten="350,220,251,169" step="2"/><W124/><G133/><T110/><D123/><U0/><E0/><V11/><F11/><AGARI ba="0,1" hai="1,4,11,43,45,48,75,79,81,84,87" m="23999" machi="11" ten="30,2000,0" yaku="25,1,52,1" doraHai="107" who="1" fromWho="2" sc="350,0,220,30,251,-20,169,0" /><INIT seed="3,0,0,1,3,130" ten="350,250,231,169" oya="3" hai0="87,103,66,36,21,117,39,90,121,63,82,6,119" hai1="86,27,26,49,92,104,4,83,58,11,40,106,22" hai2="107,71,12,43,24,28,15,67,120,17,44,72,74" hai3="59,5,99,34,77,47,111,94,31,78,126,64,38"/><W73/><G126/><T33/><D121/><U20/><E92/><V29/><F120/><W42/><G5/><T102/><D33/><U50/><E104/><V129/><F107/><W124/><G124/><T18/><D6/><U98/><E98/><V127/><F129/><W91/><G73/><T41/><D41/><U105/><E106/><V115/><F115/><W113/><G113/><T52/><D39/><U9/><E105/><V97/><F97/><W114/><G114/><T57/><D36/><U30/><E40/><V62/><F28/><W135/><G135/><T108/><D108/><U134/><E134/><V93/><F93/><W118/><G118/><T23/><D23/><U55/><E50/><V81/><F81/><W7/><G7/><T84/><D66/><U110/><E4/><V109/><F15/><W54/><G64/><T68/><D68/><U123/><E110/><V96/><F96/><W14/><G14/><T70/><D70/><U75/><E75/><V3/><F3/><W25/><REACH who="3" step="1"/><G111/><REACH who="3" ten="350,250,231,159" step="2"/><T116/><D116/><U85/><E123/><V132/><F132/><W133/><G133/><T88/><D119/><U65/><E65/><V69/><F69/><W13/><G13/><N who="0" m="9423" /><D117/><U112/><E112/><V60/><F109/><W79/><G79/><T80/><AGARI ba="0,1" hai="52,57,63,80,82,84,87,88,90,102,103" m="9423" machi="80" ten="30,4000,0" yaku="8,1,54,2" doraHai="130" who="0" fromWho="0" sc="350,50,250,-10,231,-10,159,-20" /><INIT seed="4,0,0,2,0,102" ten="400,240,221,139" oya="0" hai0="104,26,70,88,122,40,60,31,100,19,130,112,84" hai1="124,25,51,68,76,66,99,47,35,43,106,0,3" hai2="7,96,55,93,54,8,75,17,4,107,34,39,81" hai3="59,23,87,121,41,65,108,133,80,114,135,18,113"/><T117/><D112/><U129/><E129/><V89/><F39/><W30/><G41/><T115/><D122/><U69/><E124/><V53/><F34/><W38/><G38/><T12/><D117/><U27/><E76/><V126/><F126/><W33/><G65/><T132/><D132/><N who="3" m="50761" /><G59/><T56/><D115/><N who="3" m="44041" /><G87/><T119/><D70/><U11/><E11/><V72/><F107/><W103/><G103/><T36/><D104/><U74/><E27/><V16/><F7/><W134/><G80/><T127/><D100/><N who="1" m="62751" /><E74/><V91/><F75/><W131/><N who="3" m="50769" /><W58/><DORA hai="22" /><G58/><T62/><D56/><U90/><E90/><V83/><F72/><W101/><G101/><T86/><D88/><U6/><E6/><V105/><F105/><W64/><G64/><T5/><D5/><U120/><E120/><V20/><F89/><W45/><G45/><T79/><D127/><U48/><E48/><V110/><F83/><W111/><G121/><T52/><D36/><U125/><E69/><V61/><F81/><W116/><G116/><T67/><D119/><U10/><E10/><V21/><F61/><W37/><G37/><T77/><D62/><N who="1" m="40023" /><E125/><V128/><F91/><W63/><G63/><T82/><D60/><U118/><E118/><V92/><F92/><W42/><G42/><T32/><D40/><U1/><E1/><V73/><F93/><W123/><G123/><T98/><D67/><U14/><E14/><V13/><F73/><W95/><G95/><T15/><D15/><U78/><E78/><V85/><F85/><W97/><G131/><T109/><D130/><RYUUKYOKU ba="0,0" sc="400,-10,240,30,221,-10,139,-10" hai1="0,3,25,35,43,47,51" /><INIT seed="5,1,0,5,5,135" ten="390,270,211,129" oya="1" hai0="19,86,132,109,40,55,90,42,39,112,108,79,8" hai1="29,35,133,73,59,25,110,80,77,1,31,36,96" hai2="129,91,83,32,134,60,84,95,72,127,82,9,67" hai3="4,103,89,98,14,92,3,68,49,76,7,18,17"/><U124/><E133/><V27/><F134/><W102/><G68/><T51/><D112/><U38/><E124/><V64/><F129/><W5/><G3/><T54/><D39/><U56/><E1/><V122/><F122/><W37/><G37/><T43/><D79/><U117/><E117/><V97/><F127/><W15/><G76/><T63/><D63/><U88/><E110/><V66/><F9/><W26/><G26/><T128/><D55/><U118/><E118/><V12/><F12/><W123/><G123/><T24/><D128/><U87/><E31/><V131/><F82/><W2/><G2/><T11/><D132/><U106/><E38/><V107/><F27/><W16/><REACH who="3" step="1"/><G49/><REACH who="3" ten="390,270,211,119" step="2"/><T111/><D24/><U44/><E36/><V104/><F131/><W61/><G61/><T125/><D125/><U93/><REACH who="1" step="1"/><E44/><REACH who="1" ten="390,260,211,119" step="2"/><V65/><F32/><W52/><G52/><T34/><D34/><U69/><E69/><V81/><F66/><W57/><G57/><T75/><D54/><U105/><E105/><V46/><F107/><W22/><G22/><T126/><D111/><U30/><E30/><V13/><F104/><W114/><G114/><T78/><D109/><U23/><E23/><V47/><F65/><W74/><G74/><T116/><D126/><U58/><E58/><V50/><F67/><W21/><G21/><T120/><D108/><U119/><E119/><V121/><F64/><W62/><G62/><T130/><D116/><U101/><AGARI ba="1,2" hai="25,29,35,56,59,73,77,80,87,88,93,96,101,106" machi="101" ten="30,18000,2" yaku="1,1,0,1,24,2,54,1,53,1" doraHai="135" doraHaiUra="100" who="1" fromWho="1" sc="390,-61,260,203,211,-61,119,-61" /><INIT seed="5,2,0,5,2,60" ten="329,463,150,58" oya="1" hai0="50,96,40,59,6,95,92,37,94,8,101,32,71" hai1="1,72,73,9,28,75,46,22,105,23,93,12,7" hai2="108,17,68,63,112,131,107,100,88,82,43,57,2" hai3="51,89,27,122,78,3,110,79,120,62,26,130,126"/><U36/><E105/><V19/><F108/><W14/><G110/><T67/><D32/><U102/><E28/><V80/><F2/><W33/><G3/><T16/><D37/><U39/><E46/><V21/><F68/><W99/><G62/><N who="0" m="38367" /><D6/><U41/><E41/><V29/><F43/><W133/><G99/><T58/><D71/><U20/><E102/><V128/><F112/><W81/><G81/><T18/><D8/><U97/><REACH who="1" step="1"/><E1/><REACH who="1" ten="329,453,150,58" step="2"/><V90/><F100/><W64/><G120/><T134/><D40/><U44/><E44/><V125/><F107/><W86/><G122/><T49/><D101/><U123/><E123/><V87/><F29/><W66/><G33/><T42/><D42/><U103/><AGARI ba="2,1" hai="7,9,12,20,22,23,36,39,72,73,75,93,97,103" machi="103" ten="40,3900,0" yaku="1,1,0,1,53,0" doraHai="60" doraHaiUra="35" who="1" fromWho="1" sc="329,-15,453,55,150,-15,58,-15" /><INIT seed="5,3,0,4,0,61" ten="314,508,135,43" oya="1" hai0="8,31,52,135,81,82,32,102,55,64,46,112,105" hai1="116,25,60,75,111,41,2,16,72,1,44,130,118" hai2="113,90,11,53,121,83,88,110,125,119,0,68,36" hai3="77,4,114,5,47,40,101,3,27,79,14,106,84"/><U92/><E130/><V124/><F119/><W127/><G127/><N who="2" m="48713" /><F110/><W120/><G120/><T7/><D135/><U73/><E111/><V54/><F68/><W74/><G114/><T43/><D31/><U70/><E92/><V15/><F0/><W6/><G79/><T49/><D32/><U48/><E1/><V22/><F36/><W21/><G101/><T86/><D82/><U99/><E2/><V132/><F121/><W122/><G106/><T129/><D129/><U58/><E99/><V26/><F132/><W17/><G122/><T13/><D112/><U42/><E41/><V29/><F113/><W67/><G74/><T66/><D102/><U71/><E70/><V123/><F123/><W126/><G3/><T33/><D33/><U50/><E48/><V91/><F83/><N who="3" m="47215" /><G126/><T80/><D80/><U103/><E71/><V19/><AGARI ba="3,0" hai="11,15,19,22,26,29,53,54,88,90,91" m="48713" machi="19" ten="30,2000,0" yaku="18,1,54,1" doraHai="61" who="2" fromWho="2" sc="314,-8,508,-13,135,29,43,-8" /><INIT seed="6,0,0,3,5,41" ten="306,495,164,35" oya="2" hai0="22,27,127,51,13,8,115,73,34,3,55,62,46" hai1="86,122,72,36,16,107,108,113,63,87,83,77,9" hai2="79,125,38,124,43,65,18,7,44,30,112,90,117" hai3="64,134,135,92,60,103,33,23,66,123,49,102,4"/><V119/><F112/><W67/><G33/><T94/><D127/><N who="2" m="48714" /><F30/><W78/><G123/><T54/><D73/><U24/><E113/><V53/><F65/><W111/><G111/><T68/><D3/><U39/><E107/><V104/><F104/><W93/><G78/><T0/><D0/><U88/><E108/><V106/><F7/><W116/><G116/><T56/><D34/><U82/><E122/><V2/><F2/><W50/><G4/><T70/><D115/><U95/><E63/><V99/><F79/><W96/><G23/><T118/><D118/><U26/><E39/><V1/><F1/><W91/><G60/><T15/><D70/><U32/><E36/><V29/><F29/><W58/><G58/><T35/><D35/><U45/><E32/><V52/><F18/><W59/><G59/><T69/><D69/><U10/><E72/><V85/><F99/><W47/><G50/><T89/><D68/><U14/><E9/><V80/><F106/><W84/><REACH who="3" step="1"/><G103/><REACH who="3" ten="306,495,164,25" step="2"/><T130/><D62/><U6/><E6/><V42/><F119/><W126/><G126/><T129/><D56/><U132/><E10/><V48/><F117/><W71/><G71/><T98/><D8/><U131/><E77/><V20/><F20/><W128/><G128/><T75/><D130/><U133/><E131/><V57/><F57/><W17/><G17/><T109/><D129/><U76/><E16/><V100/><F100/><W19/><G19/><T97/><D109/><U101/><E76/><V12/><F12/><W120/><G120/><T61/><D15/><U105/><E14/><RYUUKYOKU ba="0,1" sc="306,-15,495,-15,164,15,25,15" hai2="38,42,43,44,48,52,53,80,85,90" hai3="47,49,64,66,67,84,91,92,93,96,102,134,135" /><INIT seed="6,1,1,1,2,111" ten="291,480,179,40" oya="2" hai0="26,75,53,69,25,131,119,98,2,93,21,5,135" hai1="17,88,85,109,49,19,127,130,14,28,103,40,124" hai2="108,39,23,116,113,133,76,30,97,100,34,3,86" hai3="110,31,42,8,9,11,27,46,58,79,112,55,59"/><V33/><F116/><W36/><G110/><T52/><D75/><U90/><E109/><V67/><F108/><W129/><G129/><T12/><D2/><U20/><E130/><V57/><F39/><W89/><G79/><T43/><D69/><U70/><E103/><V37/><F37/><W61/><G89/><T6/><D135/><U71/><E28/><V126/><F3/><W62/><G112/><T117/><D43/><U1/><E1/><V82/><F126/><N who="1" m="48169" /><E19/><V63/><F113/><W72/><G72/><T118/><D131/><U114/><E114/><V0/><F0/><W64/><REACH who="3" step="1"/><G8/><REACH who="3" ten="291,480,179,30" step="2"/><T47/><D119/><U35/><E90/><V125/><F125/><W80/><G80/><T41/><D118/><U54/><E35/><AGARI ba="1,2" hai="9,11,27,31,35,36,42,46,55,58,59,61,62,64" machi="35" ten="30,2000,0" yaku="1,1,7,1,53,0" doraHai="111" doraHaiUra="16" who="3" fromWho="1" sc="291,0,480,-23,179,0,30,43" /><INIT seed="7,0,0,3,4,95" ten="291,457,179,73" oya="3" hai0="25,29,8,71,103,125,107,35,44,69,119,66,123" hai1="131,52,80,124,21,73,49,64,77,51,31,120,86" hai2="36,76,10,130,93,33,40,121,91,70,58,111,129" hai3="39,6,9,4,85,82,100,24,72,45,116,23,94"/><W115/><G116/><T135/><D119/><U26/><E120/><V106/><F111/><W117/><G117/><T34/><D125/><U112/><E124/><V105/><F70/><W41/><G115/><T78/><D135/><U43/><E131/><N who="2" m="50187" /><F33/><W118/><G118/><T89/><D89/><U75/><E64/><V60/><F76/><W32/><G32/><T96/><D123/><U67/><E21/><V88/><F121/><W79/><G9/><T11/><D44/><U132/><E26/><V83/><F10/><W2/><G2/><T108/><D108/><U17/><E31/><V92/><F83/><W22/><G22/><T84/><D35/><U102/><E51/><V68/><F68/><W99/><REACH who="3" step="1"/><G72/><REACH who="3" ten="291,457,179,63" step="2"/><T19/><D11/><U20/><E73/><V90/><F36/><W97/><G97/><T59/><D8/><U74/><E75/><V27/><F27/><W18/><AGARI ba="0,1" hai="4,6,18,23,24,39,41,45,79,82,85,94,99,100" machi="18" ten="20,7800,0" yaku="1,1,0,1,7,1,52,1,53,0" doraHai="95" doraHaiUra="63" who="3" fromWho="3" sc="291,-26,457,-26,179,-26,63,88" /><INIT seed="7,1,0,3,3,116" ten="265,431,153,151" oya="3" hai0="58,50,64,102,39,11,36,135,6,67,69,98,103" hai1="23,5,4,131,118,134,26,7,77,90,124,38,18" hai2="27,125,94,111,44,101,40,100,91,99,97,17,108" hai3="16,68,66,133,42,86,1,10,46,115,130,49,73"/><W114/><G73/><T65/><D69/><U0/><E90/><V107/><F125/><W29/><G29/><T70/><D135/><U2/><E77/><V45/><F91/><W80/><G133/><T55/><D70/><U109/><E38/><V57/><F57/><W59/><G68/><T105/><REACH who="0" step="1"/><D103/><REACH who="0" ten="255,431,153,151" step="2"/><U81/><E134/><V15/><F101/><W48/><G130/><T92/><D92/><U129/><E124/><V132/><F94/><W128/><G128/><N who="1" m="49226" /><E118/><V89/><F132/><W112/><G1/><AGARI ba="1,1" hai="1,6,11,36,39,50,55,58,64,65,67,98,102,105" machi="1" ten="40,1300,0" yaku="1,1,53,0" doraHai="116" doraHaiUra="30" who="0" fromWho="3" sc="255,26,431,0,153,0,151,-16" owari="281,8.0,431,53.0,153,-25.0,135,-36.0" /></mjloggm>