<mjloggm ver="2.3"><GO type="41" lobby="0"/><UN n0="%E3%82%BF%E3%83%9E%E3%81%9F%E3%81%BE%E3%81%93" n1="%E2%93%9D%53%75%70%68%78" n2="%E3%83%A6%E3%82%BF%E6%A7%98" n3="%53%70%57%65%65%6B" dan="14,18,14,13" rate="1920.78,2090.50,1939.98,1899.09" sx="F,M,M,M"/><TAIKYOKU oya="0"/><INIT seed="0,0,0,0,5,64" ten="250,250,250,250" oya="0" hai0="89,61,91,122,27,39,48,13,19,113,66,26,16" hai1="38,80,100,20,110,47,62,3,92,101,124,126,51" hai2="82,135,24,111,121,63,105,5,74,119,25,34,116" hai3="46,84,99,17,86,68,11,44,83,59,117,77,118"/><T114/><D122/><U127/><E110/><V31/><F121/><W112/><G112/><T87/><D39/><U29/><E3/><V69/><F111/><W45/><G59/><N who="0" m="37183" /><D114/><U108/><E108/><V15/><F135/><W102/><G68/><T109/><D109/><U40/><E80/><V1/><F24/><N who="0" m="9258" /><D113/><U97/><E20/><V103/><F15/><W72/><G17/><N who="0" m="6731" /><D13/><U28/><E38/><V133/><F133/><W94/><REACH who="3" step="1"/><G11/><REACH who="3" ten="250,250,250,240" step="2"/><T58/><D87/><AGARI ba="0,1" hai="44,45,46,72,77,83,84,86,87,94,99,102,117,118" machi="87" ten="40,2600,0" yaku="1,1,2,1,53,0" doraHai="64" doraHaiUra="55" who="3" fromWho="0" sc="250,-26,250,0,250,0,240,36" /><INIT seed="1,0,0,5,1,77" ten="224,250,250,276" oya="1" hai0="67,90,100,58,55,95,115,112,96,62,123,42,8" hai1="43,18,83,129,81,56,10,12,33,124,119,82,128" hai2="114,65,130,132,19,68,134,23,34,14,1,0,53" hai3="41,118,101,17,117,52,30,44,91,63,93,85,105"/><U131/><E119/><N who="3" m="45578" /><G30/><T126/><D126/><U6/><E124/><V70/><F34/><W87/><G101/><T4/><D123/><U116/><E116/><V104/><F104/><W98/><G105/><T99/><D42/><U15/><E43/><V107/><F107/><W133/><G133/><T22/><D99/><U45/><E45/><V76/><F76/><W28/><G28/><T21/><D100/><U26/><E56/><V7/><F130/><W113/><G113/><T38/><D38/><U35/><E26/><V40/><F40/><W121/><G121/><T61/><D21/><AGARI ba="0,0" hai="6,10,12,15,18,21,33,35,81,82,83,128,129,131" machi="21" ten="50,12000,1" yaku="19,1,52,3" doraHai="77" who="1" fromWho="0" sc="224,-120,250,120,250,0,276,0" /><INIT seed="1,1,0,3,2,124" ten="104,370,250,276" oya="1" hai0="76,106,31,30,88,50,78,8,60,64,102,51,130" hai1="108,114,83,1,96,115,28,73,85,49,62,44,119" hai2="34,121,98,72,58,109,95,15,33,135,99,2,82" hai3="97,12,3,42,131,116,129,46,11,75,53,17,45"/><U56/><E73/><V0/><F121/><W120/><G75/><T20/><D106/><U13/><E1/><V10/><F109/><W125/><G120/><T55/><D102/><U39/><E39/><V111/><F111/><W22/><G125/><T36/><D36/><U43/><E119/><V65/><F135/><W113/><G113/><T54/><D130/><N who="3" m="49673" /><G116/><T57/><D8/><U71/><E71/><V6/><F98/><W118/><G118/><T122/><D122/><U94/><E28/><V93/><F93/><W128/><G53/><T110/><D110/><U38/><E38/><V79/><F0/><W37/><G46/><T70/><D30/><U5/><E108/><V61/><REACH who="2" step="1"/><F2/><REACH who="2" ten="104,370,240,276" step="2"/><W52/><G3/><T86/><D31/><U90/><E115/><V132/><F132/><W103/><G128/><T126/><D126/><U107/><E114/><V29/><F29/><W80/><G80/><T92/><REACH who="0" step="1"/><D20/><REACH who="0" ten="94,370,240,276" step="2"/><U59/><E107/><V84/><F84/><W123/><G123/><T133/><D133/><U66/><E85/><V18/><F18/><W87/><G87/><T35/><D35/><U23/><E23/><V105/><F105/><N who="3" m="63727" /><G22/><T112/><D112/><U7/><E96/><V14/><F14/><W21/><G21/><T68/><D68/><U127/><E13/><V77/><F77/><W25/><G25/><T4/><D4/><U40/><E7/><V67/><F67/><W104/><G104/><T100/><D100/><AGARI ba="1,2" hai="6,10,15,33,34,58,61,65,72,79,82,95,99,100" machi="100" ten="30,2000,0" yaku="1,1,7,1,53,0" doraHai="124" doraHaiUra="41" who="2" fromWho="0" sc="94,-23,370,0,240,43,276,0" /><INIT seed="2,0,0,0,2,100" ten="71,370,283,276" oya="2" hai0="134,29,83,85,67,71,70,88,18,61,36,110,73" hai1="111,104,55,8,77,119,90,96,135,125,3,50,51" hai2="98,126,75,123,118,121,47,40,130,45,46,57,58" hai3="120,9,35,28,20,66,131,103,12,86,115,107,27"/><V84/><F75/><W56/><G120/><T133/><D36/><U64/><E119/><V53/><F98/><W38/><G131/><T122/><D122/><N who="2" m="46602" /><F84/><W32/><G38/><T49/><D110/><U30/><E135/><N who="0" m="51721" /><D29/><U44/><E125/><V13/><F13/><W43/><G43/><T114/><D114/><U37/><E111/><V6/><F6/><W1/><G115/><T116/><D116/><U106/><E96/><V14/><F14/><W25/><G1/><T74/><D71/><U117/><E3/><V80/><F80/><W11/><G86/><T22/><D49/><U16/><E117/><V112/><F118/><W102/><G32/><T4/><D4/><U60/><E77/><V5/><F5/><W99/><G103/><T124/><D124/><U0/><E90/><V42/><F112/><W129/><G129/><T54/><D54/><U92/><E55/><V62/><F126/><W79/><G79/><T91/><D91/><U108/><E108/><V132/><F132/><W82/><G82/><T26/><AGARI ba="0,0" hai="18,22,26,61,67,70,73,74,83,85,88" m="51721" machi="26" ten="30,2000,0" yaku="20,1,54,1" doraHai="100" who="0" fromWho="0" sc="71,20,370,-5,283,-10,276,-5" /><INIT seed="3,0,0,5,2,6" ten="91,365,273,271" oya="3" hai0="29,110,39,96,131,109,85,49,36,115,89,82,84" hai1="126,38,11,1,135,95,12,53,68,23,57,8,51" hai2="113,117,42,121,28,118,74,35,132,34,48,127,128" hai3="133,45,76,65,120,130,58,59,37,52,111,106,9"/><W88/><G120/><T15/><D29/><U123/><E68/><V61/><F61/><W10/><G106/><T70/><D70/><U93/><E38/><V71/><F42/><W114/><G114/><T33/><D33/><U32/><E135/><V90/><F48/><N who="3" m="28687" /><G133/><T86/><D36/><U129/><E126/><V30/><F90/><W27/><G130/><T91/><D39/><U41/><E1/><V7/><F117/><W64/><G37/><T105/><D15/><U20/><E32/><V134/><F71/><W16/><G76/><T25/><D25/><U5/><E129/><V99/><F74/><W26/><G111/><T101/><D49/><U24/><E123/><V112/><F118/><W92/><G59/><T40/><D40/><U54/><E41/><V63/><F121/><W62/><G64/><T108/><D131/><U116/><E116/><V14/><F128/><W119/><G119/><T2/><D2/><U69/><E69/><V46/><F127/><W56/><G56/><T47/><D47/><U75/><E75/><V124/><F46/><W43/><G43/><T22/><D22/><N who="1" m="8235" /><E54/><V125/><F63/><W19/><G26/><T31/><D31/><U122/><E24/><V4/><F99/><N who="3" m="57735" /><G27/><T66/><D66/><U3/><E122/><V13/><AGARI ba="0,0" hai="4,7,13,14,28,30,34,35,112,113,124,125,132,134" machi="13" ten="25,12000,2" yaku="0,1,22,2,34,3" doraHai="6" who="2" fromWho="2" sc="91,-30,365,-30,273,120,271,-60" /><INIT seed="4,0,0,5,3,27" ten="61,335,393,211" oya="0" hai0="71,55,11,125,9,100,53,88,19,97,134,52,46" hai1="2,8,36,93,54,118,111,102,3,78,113,47,57" hai2="73,106,129,63,30,60,6,17,18,70,15,75,28" hai3="116,32,109,48,74,12,82,123,101,39,130,119,84"/><T13/><D71/><U67/><E111/><V26/><F106/><W49/><G109/><T64/><D64/><U81/><E118/><V117/><F117/><W87/><G39/><T92/><D134/><U37/><E67/><V104/><F104/><W50/><G130/><T121/><D125/><U1/><E113/><V14/><F6/><W44/><G123/><T77/><D121/><U76/><E8/><V132/><F26/><W4/><G101/><T59/><D77/><U68/><E68/><V110/><F70/><W120/><G120/><T79/><D79/><U40/><E37/><V23/><F110/><W31/><G44/><T126/><D126/><U33/><E33/><V128/><REACH who="2" step="1"/><F23/><REACH who="2" ten="61,335,383,211" step="2"/><W80/><G4/><T94/><D46/><U107/><E107/><V7/><F7/><W124/><G124/><T105/><D105/><U122/><E122/><V21/><F21/><W114/><G114/><T90/><D9/><U85/><E3/><V108/><F108/><W127/><G127/><T5/><D5/><U10/><E10/><V135/><AGARI ba="0,1" hai="14,15,17,18,28,30,60,63,73,75,128,129,132,135" machi="135" ten="25,12000,2" yaku="1,1,0,1,22,2,52,2,53,0" doraHai="27" doraHaiUra="66" who="2" fromWho="2" sc="61,-60,335,-30,383,130,211,-30" /><INIT seed="5,0,0,4,5,77" ten="1,305,513,181" oya="1" hai0="74,13,128,51,50,4,12,75,59,48,118,126,110" hai1="123,76,89,97,100,5,60,85,88,115,37,132,86" hai2="103,107,79,69,0,35,99,93,43,30,8,2,133" hai3="96,66,36,72,11,23,135,134,98,52,119,53,44"/><U10/><E37/><V129/><F43/><W121/><G72/><T41/><D59/><U18/><E123/><V65/><F79/><W55/><G121/><T58/><D58/><U14/><E115/><V17/><F133/><N who="3" m="50699" /><G66/><T45/><D126/><U130/><E130/><V28/><F129/><W40/><G119/><T73/><D128/><U1/><E132/><V78/><F78/><W15/><G23/><T109/><D4/><U113/><E113/><V24/><F28/><W112/><G112/><T46/><D41/><U125/><E125/><V106/><F106/><W87/><G87/><T117/><D117/><U47/><E47/><V25/><F93/><W116/><G116/><T26/><D26/><U21/><E60/><N who="2" m="40103" /><F24/><W64/><G64/><T83/><D83/><U104/><REACH who="1" step="1"/><E86/><REACH who="1" ten="1,295,513,181" step="2"/><V62/><F62/><W27/><G27/><T127/><D127/><U67/><E67/><V108/><F108/><N who="0" m="41578" /><D118/><U63/><E63/><V33/><F33/><W95/><G98/><T131/><D131/><U42/><E42/><V68/><F68/><W6/><G55/><T81/><D81/><AGARI ba="0,1" hai="1,5,10,14,18,21,76,81,85,88,89,97,100,104" machi="81" ten="40,7700,0" yaku="1,1,52,1,54,1,53,0" doraHai="77" doraHaiUra="54" who="1" fromWho="0" sc="1,-77,295,87,513,0,181,0" owari="-76,-58.0,382,18.0,513,62.0,181,-22.0" /></mjloggm>