<mjloggm ver="2.3"><GO type="41" lobby="0"/><UN n0="%E5%BF%83%E6%BB%85%E7%8D%A3%E8%BA%AB" n1="%E3%81%B0%E3%83%BC%E3%82%93" n2="%E2%93%9D%53%75%70%68%78" n3="%30%37%31%33%32%39%34" dan="15,13,18,15" rate="2024.00,2018.92,2150.25,2027.88" sx="M,M,M,M"/><TAIKYOKU oya="0"/><INIT seed="0,0,0,1,3,97" ten="250,250,250,250" oya="0" hai0="12,110,86,107,6,109,38,101,122,123,92,14,66" hai1="90,10,105,132,42,78,64,83,87,58,62,112,44" hai2="36,79,119,77,53,60,15,30,70,35,94,128,71" hai3="40,27,65,114,28,98,11,126,45,135,24,59,3"/><T34/><D38/><U16/><E112/><V5/><F36/><W100/><G114/><T8/><D34/><U104/><E132/><V84/><F128/><W69/><G126/><T131/><D131/><U49/><E78/><V81/><F119/><W108/><G24/><T13/><D66/><U46/><REACH who="1" step="1"/><E46/><REACH who="1" ten="250,240,250,250" step="2"/><V88/><F79/><W73/><G135/><T17/><D122/><U67/><E67/><V18/><F77/><W29/><G59/><T50/><D123/><U111/><E111/><N who="0" m="42505" /><D107/><U72/><E72/><V31/><F71/><W52/><G73/><T80/><D50/><U4/><E4/><V39/><F5/><W102/><G65/><T1/><D1/><U33/><E33/><V21/><F35/><W91/><G69/><T0/><D0/><U56/><E56/><N who="2" m="34831" /><F39/><W25/><G108/><T48/><D48/><U2/><E2/><V121/><F70/><W118/><G3/><T55/><D6/><U61/><E61/><V75/><F121/><W117/><G45/><T89/><D55/><U99/><E99/><AGARI ba="0,1" hai="8,12,13,14,17,80,86,89,92,99,101" m="42505" machi="99" ten="30,5800,0" yaku="14,1,10,1,52,1" doraHai="97" who="0" fromWho="1" sc="250,68,240,-58,250,0,250,0" /><INIT seed="0,1,0,1,0,55" ten="318,182,250,250" oya="0" hai0="132,80,126,32,53,64,97,120,8,59,118,18,103" hai1="61,78,14,46,114,122,58,108,99,119,104,86,43" hai2="23,5,20,117,107,131,30,98,124,95,66,133,63" hai3="90,79,74,60,76,93,2,56,65,71,7,15,39"/><T36/><D118/><U75/><E119/><V0/><F117/><W67/><G2/><T27/><D120/><U49/><E114/><V35/><F131/><W3/><G3/><T127/><D36/><U24/><E122/><V115/><F133/><W135/><G135/><T45/><D132/><U62/><E75/><V70/><F124/><N who="0" m="47658" /><D64/><U69/><E69/><V31/><F115/><W112/><G39/><T91/><D45/><U110/><E104/><V16/><F23/><W94/><G74/><T28/><D91/><U92/><E62/><V6/><F107/><W101/><G67/><T96/><D80/><U44/><E46/><V116/><F35/><W4/><G71/><T12/><D103/><U41/><E24/><V40/><F40/><W77/><G112/><T100/><D100/><U106/><E106/><V42/><F42/><W84/><G15/><T52/><D53/><U33/><E33/><V17/><F0/><W129/><G129/><T125/><N who="0" m="47666" /><T68/><DORA hai="50" /><D68/><U9/><E43/><V26/><F116/><W109/><G109/><N who="1" m="42090" /><E86/><V105/><F105/><W38/><REACH who="3" step="1"/><G38/><REACH who="3" ten="318,182,250,240" step="2"/><T11/><D11/><U48/><E9/><V82/><F70/><W111/><G111/><T19/><D19/><U51/><E14/><V25/><F17/><W1/><G1/><T113/><D113/><U13/><E13/><V73/><F16/><W34/><G34/><T89/><D89/><N who="1" m="55695" /><E78/><N who="2" m="44367" /><F66/><AGARI ba="1,1" hai="41,44,48,49,51,58,61,66" m="55695,42090" machi="66" ten="30,2000,0" yaku="14,1,52,1" doraHai="55,50" who="1" fromWho="2" sc="318,0,182,33,250,-23,240,0" /><INIT seed="1,0,0,2,0,64" ten="318,215,227,240" oya="1" hai0="120,49,3,131,41,95,13,23,51,53,129,9,15" hai1="113,38,104,69,126,44,25,82,54,7,90,124,111" hai2="10,106,130,121,119,102,1,78,20,11,62,67,29" hai3="133,75,94,63,57,97,76,96,105,99,19,35,112"/><U80/><E113/><V24/><F119/><W16/><G112/><T4/><D120/><U33/><E104/><V72/><F121/><W73/><G105/><T6/><D41/><U27/><E7/><V81/><F130/><W26/><G133/><T74/><D74/><U85/><E38/><V48/><F1/><W108/><G108/><T84/><D3/><U86/><E111/><V61/><F61/><W2/><G2/><T103/><D51/><U77/><E33/><V31/><F31/><W14/><G76/><T101/><D129/><U83/><E83/><V37/><F37/><W110/><G110/><T123/><D123/><U56/><E44/><V87/><F72/><W65/><G73/><T132/><D132/><U91/><E77/><V5/><F5/><W116/><G75/><T22/><D131/><U30/><E30/><V43/><F102/><W8/><G116/><T17/><D23/><U60/><E69/><V45/><REACH who="2" step="1"/><F106/><REACH who="2" ten="318,215,217,240" step="2"/><W70/><G35/><T71/><D4/><U88/><REACH who="1" step="1"/><E90/><REACH who="1" ten="318,205,217,240" step="2"/><V42/><F42/><W40/><G40/><T109/><D109/><U135/><E135/><V118/><F118/><W127/><G19/><T59/><D71/><AGARI ba="0,2" hai="10,11,20,24,29,43,45,48,62,67,71,78,81,87" machi="71" ten="30,7700,0" yaku="1,1,7,1,52,1,53,1" doraHai="64" doraHaiUra="47" who="2" fromWho="0" sc="318,-77,205,0,217,97,240,0" /><INIT seed="2,0,0,4,5,116" ten="241,205,314,240" oya="2" hai0="76,12,58,96,79,109,134,77,78,101,132,66,103" hai1="3,71,102,133,8,87,62,44,50,52,27,129,118" hai2="124,120,19,135,61,2,70,48,83,112,104,80,121" hai3="29,86,107,90,25,11,128,33,39,36,22,98,9"/><V42/><F2/><W106/><G128/><T126/><D12/><U24/><E129/><V125/><F112/><W1/><G9/><T45/><D45/><U35/><E118/><V59/><F104/><W69/><G69/><T64/><D109/><U130/><E130/><V55/><F19/><W97/><G39/><T26/><D126/><N who="2" m="48746" /><F135/><N who="0" m="51754" /><D26/><U67/><E133/><V85/><F83/><W49/><G36/><T88/><N who="0" m="19456" /><DORA hai="41" /><T115/><D115/><U40/><E35/><V34/><F34/><W57/><G106/><T81/><D58/><U68/><E68/><V91/><F42/><W20/><G107/><N who="0" m="63911" /><D103/><U23/><E102/><V13/><F13/><W5/><G33/><T111/><D111/><U119/><E119/><V89/><F89/><W123/><G22/><T73/><D73/><U47/><E23/><V0/><F0/><W4/><G4/><T72/><D72/><U94/><E3/><V93/><F80/><W38/><G38/><T56/><D56/><U14/><E14/><V95/><F95/><W65/><G97/><T30/><D30/><U37/><REACH who="1" step="1"/><E8/><REACH who="1" ten="241,195,314,240" step="2"/><V53/><F70/><W31/><G11/><T110/><D110/><U127/><E127/><V32/><F32/><W28/><G1/><T60/><D60/><U113/><E113/><V10/><F10/><W74/><G20/><T43/><D43/><U7/><E7/><V46/><AGARI ba="0,1" hai="46,48,53,55,59,61,85,91,93,120,121" m="48746" machi="46" ten="30,11700,0" yaku="18,1,52,3" doraHai="116,41" who="2" fromWho="2" sc="241,-39,195,-39,314,127,240,-39" /><INIT seed="2,1,0,2,2,113" ten="202,156,441,201" oya="2" hai0="18,88,10,68,65,47,75,119,58,105,9,94,97" hai1="7,28,69,122,33,77,87,4,53,76,61,85,23" hai2="52,8,15,71,12,131,132,34,37,60,13,31,30" hai3="134,116,35,25,72,44,63,130,90,14,17,102,43"/><V40/><F131/><W16/><G72/><T70/><D75/><U78/><E33/><V109/><F132/><W99/><G116/><T79/><D105/><U92/><E122/><V118/><F118/><W126/><G134/><T91/><D79/><U100/><E69/><V80/><F40/><W89/><G126/><T22/><D119/><U108/><E108/><V2/><F37/><W82/><G63/><N who="0" m="38135" /><D70/><U67/><E67/><V36/><F2/><W51/><G82/><T81/><D68/><U103/><E61/><V83/><F8/><W24/><G130/><T115/><D47/><U128/><E128/><V127/><F36/><W3/><G3/><T21/><D21/><U11/><E53/><V54/><F34/><W121/><G121/><T64/><D64/><U95/><E11/><V5/><F127/><W27/><G35/><T49/><D49/><U86/><E23/><V110/><F71/><W32/><G32/><T96/><D115/><U46/><E28/><N who="2" m="10795" /><F5/><W48/><G48/><T106/><D106/><U84/><E46/><V112/><F112/><W124/><G124/><T101/><D101/><N who="1" m="38987" /><E86/><V0/><F0/><W19/><REACH who="3" step="1"/><G14/><REACH who="3" ten="202,156,441,191" step="2"/><N who="0" m="9559" /><D81/><N who="2" m="31306" /><F60/><W74/><G74/><T135/><D135/><U6/><AGARI ba="1,1" hai="4,6,7,76,77,78,84,85,87,92,95" m="38987" machi="6" ten="40,8000,1" yaku="29,2,28,2,8,1" doraHai="113" who="1" fromWho="1" sc="202,-21,156,93,441,-41,191,-21" /><INIT seed="3,0,0,1,1,57" ten="181,249,400,170" oya="3" hai0="78,19,89,23,133,32,132,35,82,61,131,126,120" hai1="11,93,94,66,85,100,40,123,86,7,21,12,90" hai2="110,6,36,16,119,63,88,77,51,14,70,113,5" hai3="102,107,81,56,25,125,37,18,27,105,3,47,26"/><W15/><G3/><T58/><D120/><U31/><E123/><V62/><F70/><W69/><G69/><T91/><D131/><U50/><E66/><V1/><F36/><W24/><G125/><T112/><D112/><U130/><E130/><V122/><F110/><W92/><G81/><T53/><D126/><U101/><E40/><V48/><F119/><W22/><N who="3" m="6144" /><DORA hai="95" /><W30/><G30/><T76/><D76/><U121/><E121/><V59/><F113/><W104/><G92/><T38/><D38/><U9/><E31/><V83/><F1/><W108/><G108/><T84/><D19/><U127/><E21/><V115/><F77/><W73/><G73/><T20/><D20/><U2/><E127/><V71/><F71/><W10/><G10/><T44/><D44/><U128/><E128/><V117/><F117/><W49/><G37/><T46/><D46/><U114/><E50/><N who="2" m="18987" /><F115/><W124/><G56/><T74/><D23/><U64/><E64/><N who="2" m="39007" /><F122/><W55/><REACH who="3" step="1"/><G124/><REACH who="3" ten="181,249,400,160" step="2"/><T111/><D111/><U87/><E114/><V34/><F83/><W39/><G39/><T13/><D74/><U41/><E2/><V28/><F28/><W72/><G72/><T96/><D13/><N who="1" m="5311" /><E11/><V67/><F14/><W98/><AGARI ba="0,1" hai="15,18,22,47,49,55,98,102,104,105,107" m="6144" machi="98" ten="40,7800,0" yaku="1,1,0,1,52,1,53,0" doraHai="57,95" doraHaiUra="29,54" who="3" fromWho="3" sc="181,-26,249,-26,400,-26,160,88" /><INIT seed="3,1,0,4,4,43" ten="155,223,374,248" oya="3" hai0="5,13,11,19,82,26,7,124,79,52,123,90,23" hai1="60,126,24,68,66,114,72,117,112,122,50,121,2" hai2="15,107,127,130,38,135,35,120,49,98,85,63,47" hai3="84,45,46,92,0,48,32,41,106,134,10,25,88"/><W6/><G134/><T115/><D124/><U71/><E2/><V20/><F38/><W104/><G32/><T96/><D115/><N who="1" m="44075" /><E72/><V18/><F130/><W86/><G25/><T57/><D123/><N who="1" m="47115" /><E24/><V99/><F107/><W133/><G133/><T73/><D96/><U109/><E109/><V16/><F127/><W87/><REACH who="3" step="1"/><G46/><REACH who="3" ten="155,223,374,238" step="2"/><T51/><REACH who="0" step="1"/><D90/><REACH who="0" ten="145,223,374,238" step="2"/><U110/><E110/><V64/><F135/><W97/><AGARI ba="1,2" hai="0,6,10,41,45,48,84,86,87,88,92,97,104,106" machi="97" ten="30,12000,1" yaku="1,1,2,1,0,1,52,1,54,1,53,0" doraHai="43" doraHaiUra="119" who="3" fromWho="3" sc="145,-41,223,-41,374,-41,238,143" /><INIT seed="3,2,0,2,2,100" ten="104,182,333,381" oya="3" hai0="36,81,94,88,108,55,131,79,135,26,128,84,110" hai1="62,54,7,105,132,17,73,0,97,10,21,2,63" hai2="43,96,92,39,112,90,124,25,109,44,5,49,64" hai3="22,71,104,20,72,32,121,82,101,69,106,83,45"/><W80/><G101/><T28/><D55/><U18/><E73/><V66/><F109/><N who="0" m="42090" /><D36/><U134/><E2/><V57/><F124/><W37/><G45/><T89/><D26/><U91/><E18/><V113/><F5/><W102/><G102/><T87/><D28/><U11/><E11/><V41/><F41/><W56/><G56/><T19/><D19/><U8/><E8/><V75/><F75/><W133/><G37/><T38/><D38/><U129/><E129/><N who="0" m="49737" /><D135/><U6/><E6/><V103/><F25/><W40/><G72/><T99/><D89/><U59/><E63/><V34/><F34/><W122/><G32/><T30/><D30/><U15/><E105/><N who="3" m="40554" /><G40/><T115/><D115/><U114/><E114/><V130/><F130/><W95/><G95/><T23/><D23/><N who="3" m="8745" /><G133/><N who="1" m="51306" /><E91/><V24/><F113/><W51/><G51/><T127/><D127/><U118/><E97/><AGARI ba="2,0" hai="79,81,84,87,88,94,97,99" m="49737,42090" machi="97" ten="30,8000,1" yaku="14,1,19,1,34,2,54,1" doraHai="100" who="0" fromWho="1" sc="104,86,182,-86,333,0,381,0" /><INIT seed="4,0,0,3,1,128" ten="190,96,333,381" oya="0" hai0="1,9,77,5,37,124,112,133,47,74,8,100,34" hai1="103,65,96,23,18,64,26,73,67,57,86,31,81" hai2="43,70,99,50,117,42,116,95,28,62,108,105,66" hai3="91,82,51,129,41,113,101,135,38,53,80,32,79"/><T119/><D119/><N who="2" m="45642" /><F105/><W93/><G32/><T98/><D112/><U30/><E73/><V24/><F50/><W120/><G113/><T110/><D124/><U45/><E45/><V16/><F108/><W25/><G41/><T111/><D9/><U123/><E123/><V69/><F69/><W3/><G3/><T90/><D90/><U104/><REACH who="1" step="1"/><E57/><REACH who="1" ten="190,86,333,381" step="2"/><V33/><F43/><W22/><G120/><T29/><D47/><U58/><E58/><V102/><F42/><W36/><G129/><T126/><D37/><U27/><E27/><V13/><F70/><W132/><G25/><N who="0" m="18735" /><D126/><U71/><E71/><V114/><F114/><W106/><G36/><T6/><D111/><U39/><E39/><V87/><F66/><W19/><G38/><T61/><D110/><U35/><E35/><V75/><F75/><W21/><G53/><T20/><D74/><U54/><E54/><V2/><F33/><W83/><G51/><T134/><D61/><U84/><E84/><V109/><F62/><W10/><G79/><AGARI ba="0,1" hai="18,23,26,30,31,64,65,67,79,81,86,96,103,104" machi="79" ten="40,2600,0" yaku="1,1,53,1" doraHai="128" doraHaiUra="12" who="1" fromWho="3" sc="190,0,86,36,333,0,381,-26" /><INIT seed="5,0,0,2,5,39" ten="190,122,333,355" oya="1" hai0="125,4,80,32,105,67,116,18,55,69,29,102,56" hai1="54,78,96,109,45,88,117,108,23,11,121,14,79" hai2="27,74,59,73,62,97,47,68,28,63,130,7,12" hai3="30,21,43,20,10,3,44,82,53,132,5,85,133"/><U1/><E117/><V120/><F120/><W91/><G53/><T58/><D116/><U24/><E121/><V71/><F130/><W95/><G82/><T99/><D125/><U110/><E1/><V103/><F12/><W119/><G119/><T49/><D4/><N who="1" m="3431" /><E54/><V16/><F7/><W22/><REACH who="3" step="1"/><G30/><REACH who="3" ten="190,122,333,345" step="2"/><T41/><D29/><N who="1" m="17567" /><E45/><V112/><F47/><W104/><G104/><T60/><D55/><U51/><E51/><AGARI ba="0,1" hai="3,5,10,20,21,22,43,44,51,85,91,95,132,133" machi="51" ten="40,5200,0" yaku="1,1,52,1,53,1" doraHai="39" doraHaiUra="81" who="3" fromWho="1" sc="190,0,122,-52,333,0,345,62" /><INIT seed="6,0,0,2,3,99" ten="190,70,333,407" oya="2" hai0="127,7,25,46,108,67,111,35,121,129,51,106,72" hai1="19,123,44,21,28,5,81,120,83,135,39,41,12" hai2="45,13,38,90,60,31,74,85,3,133,88,56,2" hai3="1,40,64,33,70,87,58,43,134,131,23,15,34"/><V97/><F74/><W126/><G1/><T4/><D67/><U128/><E135/><V0/><F133/><W9/><G70/><T132/><D51/><U130/><E81/><V26/><F13/><W55/><G131/><T20/><D46/><U62/><E62/><V93/><F38/><W91/><G64/><T17/><D106/><U53/><E53/><V117/><F117/><W54/><G54/><T115/><D72/><U24/><E83/><V22/><F45/><W50/><G126/><T80/><D80/><U109/><E109/><V75/><F75/><W47/><G33/><T10/><D132/><U122/><REACH who="1" step="1"/><E5/><REACH who="1" ten="190,60,333,407" step="2"/><V104/><F104/><W6/><G134/><T77/><D4/><U101/><E101/><N who="2" m="60591" /><F85/><W78/><G78/><T103/><D7/><U30/><E30/><V92/><F92/><W110/><G40/><T73/><D111/><U42/><E42/><V79/><F79/><W113/><G110/><T96/><D77/><U16/><E16/><V37/><F37/><W36/><G113/><T86/><D17/><U116/><E116/><V57/><F57/><W95/><G58/><T68/><D108/><U98/><E98/><V59/><F59/><W61/><G36/><T48/><D96/><U84/><E84/><V8/><F8/><AGARI ba="0,1" hai="8,12,19,21,24,28,39,41,44,120,122,123,128,130" machi="8" ten="40,2600,0" yaku="1,1,13,1,53,0" doraHai="99" doraHaiUra="102" who="1" fromWho="2" sc="190,0,60,36,333,-26,407,0" /><INIT seed="7,0,0,0,0,85" ten="190,96,307,407" oya="3" hai0="64,15,97,21,134,23,4,73,37,67,10,49,132" hai1="63,90,8,126,131,13,32,68,78,80,31,20,108" hai2="0,103,17,96,122,65,76,127,104,70,86,74,88" hai3="112,98,121,83,6,16,27,36,106,54,47,48,45"/><W61/><G121/><T22/><D73/><U34/><E68/><V26/><F0/><W102/><G6/><T82/><D37/><U58/><E108/><V125/><F65/><W113/><G61/><T75/><D49/><U43/><E43/><V100/><F26/><W33/><G83/><T91/><D97/><U92/><E126/><N who="2" m="48139" /><F17/><W25/><G33/><T93/><D93/><U55/><E131/><V120/><F70/><W12/><G45/><T44/><D44/><U109/><E109/><V59/><F59/><W66/><G66/><T41/><D41/><U51/><E31/><V114/><F103/><W72/><G72/><T30/><D30/><U117/><E117/><V129/><F114/><N who="3" m="44139" /><G36/><T118/><D118/><U46/><E20/><AGARI ba="0,0" hai="12,16,20,25,27,47,48,54,98,102,106" m="44139" machi="20" ten="30,2900,0" yaku="15,1,54,1" doraHai="85" who="3" fromWho="1" sc="190,0,96,-29,307,0,407,29" owari="190,-21.0,67,-43.0,307,11.0,436,53.0" /></mjloggm>