<mjloggm ver="2.3"><GO type="41" lobby="0"/><UN n0="%E6%B0%B8%E9%81%A0%E3%80%81%32%30%32%31" n1="%32%30%63%30%38" n2="%74%61%64%2D%6E%69%73%68" n3="%E2%93%9D%53%75%70%68%78" dan="14,14,14,17" rate="1977.16,1918.21,1984.96,2083.17" sx="M,M,M,M"/><TAIKYOKU oya="0"/><INIT seed="0,0,0,4,1,70" ten="250,250,250,250" oya="0" hai0="31,102,129,115,0,8,124,112,79,93,62,34,94" hai1="91,114,21,72,87,17,48,32,133,71,61,103,29" hai2="128,126,101,84,108,98,81,50,58,119,125,131,54" hai3="95,113,47,22,117,96,100,107,11,55,18,16,52"/><T38/><D79/><U109/><E72/><V64/><F108/><W23/><G113/><T74/><D74/><U122/><E122/><V110/><F110/><W20/><G117/><T78/><D78/><U2/><E109/><V42/><F64/><W69/><G69/><T59/><D124/><U106/><E2/><V9/><F42/><W83/><G107/><T86/><D129/><U4/><E4/><V60/><F119/><W28/><G28/><T123/><D123/><U5/><E5/><V37/><F37/><W90/><G11/><T3/><D94/><U120/><E120/><V25/><F60/><W56/><G47/><T92/><D92/><U127/><E127/><N who="2" m="48651" /><F25/><W12/><G55/><T66/><D8/><U27/><E133/><V44/><F9/><W130/><G130/><T105/><D38/><U63/><E48/><V135/><F58/><W75/><G18/><T36/><D36/><U85/><E85/><V7/><F7/><W1/><G1/><T97/><D86/><U134/><E134/><V40/><F54/><W89/><G75/><T132/><D132/><U13/><E71/><V104/><F135/><W26/><G26/><N who="0" m="18807" /><D93/><U76/><E76/><AGARI ba="0,0" hai="40,44,50,76,81,84,98,101,104,128,131" m="48651" machi="76" ten="30,1000,0" yaku="18,1" doraHai="70" who="2" fromWho="1" sc="250,0,250,-10,250,10,250,0" /><INIT seed="1,0,0,5,5,54" ten="250,240,260,250" oya="1" hai0="103,83,62,130,37,99,9,93,33,77,109,135,0" hai1="48,40,94,15,30,7,69,11,108,14,58,28,19" hai2="89,85,35,107,84,127,129,27,132,128,98,126,66" hai3="42,97,25,31,101,75,43,32,16,2,55,64,88"/><U91/><E69/><V95/><F66/><W104/><G2/><T115/><D33/><U51/><E108/><V41/><F41/><W29/><G75/><T122/><D115/><U50/><E40/><V120/><F35/><W6/><G6/><T52/><D37/><U96/><E58/><V18/><F120/><W49/><G31/><T13/><D0/><U123/><REACH who="1" step="1"/><E123/><REACH who="1" ten="250,230,260,250" step="2"/><V100/><F132/><W133/><G133/><T80/><D135/><U24/><E24/><V72/><F27/><W125/><G43/><T65/><D109/><U87/><E87/><N who="2" m="52671" /><F72/><W71/><G42/><T111/><D111/><U3/><E3/><V76/><F18/><W1/><G16/><N who="0" m="8239" /><D122/><U68/><E68/><V46/><F46/><W44/><G1/><T131/><D65/><U117/><E117/><V106/><F106/><W12/><G64/><T53/><D53/><U121/><E121/><V17/><F17/><W10/><G71/><T74/><D74/><U110/><E110/><V34/><F34/><W124/><G32/><T57/><D77/><U26/><E26/><V102/><F76/><W67/><G67/><T22/><D22/><AGARI ba="0,1" hai="7,11,14,15,19,22,28,30,48,50,51,91,94,96" machi="22" ten="40,7700,0" yaku="1,1,8,1,53,1" doraHai="54" doraHaiUra="86" who="1" fromWho="0" sc="250,-77,230,87,260,0,250,0" /><INIT seed="1,1,0,2,3,121" ten="173,317,260,250" oya="1" hai0="69,131,71,88,8,41,100,1,98,30,17,45,21" hai1="111,47,91,110,2,38,51,84,6,122,9,74,117" hai2="34,32,94,57,59,33,120,127,129,96,89,78,93" hai3="22,0,13,16,104,60,3,87,15,106,28,86,107"/><U132/><E122/><V90/><F120/><W125/><G125/><T27/><D131/><U77/><E117/><V115/><F78/><W39/><G39/><T133/><D133/><U49/><E132/><V68/><F68/><W55/><G28/><T85/><D1/><U114/><E114/><V73/><F73/><W92/><G15/><T7/><D7/><U95/><E38/><V76/><F76/><W10/><G22/><T53/><D30/><U135/><E135/><V50/><F129/><W108/><G108/><N who="1" m="41514" /><E47/><V99/><F115/><W42/><G42/><T80/><D8/><U37/><E37/><V113/><F113/><W61/><G3/><T18/><D18/><U109/><N who="1" m="41522" /><U31/><DORA hai="63" /><E31/><V118/><F118/><W75/><G0/><T14/><D27/><U20/><E20/><V44/><REACH who="2" step="1"/><F127/><REACH who="2" ten="173,317,250,250" step="2"/><W11/><G75/><T62/><D71/><U116/><E116/><V5/><F5/><W64/><G11/><T119/><D119/><U36/><E36/><V24/><F24/><W12/><G10/><T112/><D112/><U46/><E46/><V23/><F23/><W4/><G4/><T81/><D69/><U35/><E35/><V124/><F124/><W79/><G13/><T103/><D14/><U58/><E58/><V123/><F123/><W25/><G12/><T54/><D45/><U52/><E52/><AGARI ba="1,1" hai="32,33,34,44,50,52,57,59,89,90,93,94,96,99" machi="52" ten="40,12000,2" yaku="1,1,9,1,54,1,53,3" doraHai="121,63" doraHaiUra="67,29" who="2" fromWho="1" sc="173,0,317,-123,250,133,250,0" /><INIT seed="2,0,0,3,3,63" ten="173,194,383,250" oya="2" hai0="133,130,124,76,103,28,17,54,55,6,52,29,71" hai1="37,109,47,82,59,117,46,99,67,62,33,69,21" hai2="72,129,85,87,7,14,25,56,64,10,43,70,35" hai3="66,94,127,88,116,22,123,84,51,120,134,132,118"/><V50/><F72/><W114/><G51/><T112/><D112/><U9/><E117/><N who="3" m="45162" /><G22/><T11/><D76/><U41/><E33/><V53/><F43/><W77/><G66/><T92/><D71/><U30/><E9/><V135/><F135/><N who="3" m="51755" /><G127/><T115/><D115/><U128/><E109/><V101/><F101/><W65/><G65/><T119/><D133/><U97/><E128/><V96/><F96/><N who="3" m="57415" /><G114/><T89/><D130/><U126/><E126/><V2/><F35/><W48/><G48/><T58/><D124/><U8/><E8/><V38/><F25/><W23/><G23/><T121/><D119/><U42/><E69/><V15/><F129/><W32/><G32/><T125/><D125/><U102/><E82/><AGARI ba="0,0" hai="77,82,84,120,123" m="57415,51755,45162" machi="82" ten="30,7700,0" yaku="20,1,34,2,54,1" doraHai="63" who="3" fromWho="1" sc="173,0,194,-77,383,0,250,77" /><INIT seed="3,0,0,5,1,99" ten="173,117,383,327" oya="3" hai0="132,77,29,27,28,25,105,50,76,40,102,107,79" hai1="8,54,22,44,123,57,10,52,133,71,1,122,92" hai2="38,95,121,65,36,82,69,135,17,84,12,104,11" hai3="111,46,47,67,6,131,5,110,48,116,75,9,94"/><W7/><G116/><T81/><D132/><U125/><E71/><V134/><F104/><W4/><G75/><T60/><D60/><U41/><E133/><N who="2" m="50699" /><F69/><W130/><G67/><T117/><D117/><U32/><E125/><V86/><F65/><W23/><G94/><T78/><D107/><U119/><E119/><V74/><F121/><W24/><G48/><T98/><D40/><U83/><E32/><V58/><F58/><W45/><G23/><T16/><D50/><N who="1" m="26895" /><E1/><V118/><F118/><W97/><G97/><T53/><D53/><N who="1" m="20587" /><E123/><V56/><F56/><W63/><G24/><T35/><D16/><U108/><E108/><N who="3" m="41514" /><G63/><T113/><D113/><U42/><E122/><V124/><F124/><W106/><G106/><T127/><D127/><U70/><E70/><V43/><F74/><W59/><G59/><T3/><D3/><AGARI ba="0,0" hai="3,4,5,6,7,9,45,46,47,130,131" m="41514" machi="3" ten="40,3900,0" yaku="14,1,10,1" doraHai="99" who="3" fromWho="0" sc="173,-39,117,0,383,0,327,39" /><INIT seed="3,1,0,5,2,37" ten="134,117,383,366" oya="3" hai0="129,128,97,49,125,29,82,10,19,86,121,124,75" hai1="51,8,99,61,74,112,28,30,46,91,134,14,20" hai2="76,3,67,4,6,70,110,21,111,32,119,105,102" hai3="69,62,15,79,106,94,95,133,98,12,126,59,56"/><W132/><G79/><T117/><D117/><U47/><E112/><V131/><F32/><W83/><G83/><T88/><D75/><U27/><E74/><V31/><F119/><W71/><G98/><T100/><D121/><U114/><E114/><V42/><F76/><W89/><G62/><T60/><D60/><U81/><E134/><V113/><F113/><W87/><G87/><T50/><D29/><U78/><E30/><V41/><F70/><W0/><G89/><T44/><D10/><U5/><E78/><V45/><F67/><W38/><G38/><T2/><D2/><U63/><E47/><V36/><F105/><W101/><G106/><T68/><D68/><U116/><E116/><V120/><F102/><W52/><G101/><T64/><D64/><U103/><E91/><V93/><F93/><W17/><G17/><T84/><D19/><U53/><REACH who="1" step="1"/><E81/><REACH who="1" ten="134,107,383,366" step="2"/><V43/><F45/><W13/><G133/><T26/><D44/><U123/><E123/><V118/><F120/><W104/><G132/><T57/><D57/><U1/><E1/><V55/><F118/><W130/><G71/><T7/><D82/><U135/><E135/><V96/><F3/><W108/><G69/><T65/><D88/><U22/><E22/><V115/><F115/><W16/><G59/><T107/><D107/><AGARI ba="1,1" hai="5,8,14,20,27,28,46,51,53,61,63,99,103,107" machi="107" ten="30,2000,0" yaku="1,1,7,1,53,0" doraHai="37" doraHaiUra="90" who="1" fromWho="0" sc="134,-23,107,33,383,0,366,0" /><INIT seed="4,0,0,5,5,18" ten="111,140,383,366" oya="0" hai0="42,74,48,86,45,98,11,4,131,16,41,3,25" hai1="1,32,127,69,30,103,10,36,104,47,119,19,114" hai2="68,124,63,77,94,39,51,83,110,100,123,66,128" hai3="130,44,135,70,64,55,84,106,38,96,132,59,113"/><T6/><D131/><U99/><E119/><V37/><F110/><W116/><G106/><T13/><D74/><U112/><E19/><V50/><F123/><W57/><G96/><T7/><D42/><N who="1" m="22983" /><E127/><V40/><F128/><W111/><G84/><T22/><D98/><U105/><E105/><V53/><F124/><W65/><G113/><N who="1" m="43626" /><E69/><V14/><F14/><W129/><G111/><T21/><D86/><U34/><E30/><AGARI ba="0,0" hai="3,4,6,7,11,13,16,21,22,25,30,41,45,48" machi="30" ten="30,11600,0" yaku="7,1,52,2,54,1" doraHai="18" who="0" fromWho="1" sc="111,116,140,-116,383,0,366,0" /><INIT seed="4,1,0,0,2,100" ten="227,24,383,366" oya="0" hai0="8,99,87,128,33,0,86,107,65,32,130,62,3" hai1="27,91,70,134,18,116,120,63,58,67,102,127,88" hai2="19,122,26,96,131,135,117,111,60,56,125,109,29" hai3="69,2,64,51,59,21,114,36,108,39,46,12,22"/><T9/><D65/><U50/><E120/><V82/><F122/><W15/><G2/><T1/><D62/><U35/><E116/><V57/><F117/><W75/><G75/><T133/><D133/><U14/><E134/><V119/><F135/><W73/><G73/><T23/><D23/><U61/><E127/><V89/><F119/><W85/><G108/><T71/><D71/><U83/><E50/><V126/><F131/><N who="0" m="50218" /><D99/><U123/><E123/><V78/><F19/><W45/><G69/><T98/><D98/><U113/><E113/><V124/><F89/><W54/><G64/><T93/><D107/><U72/><E102/><V52/><F57/><W47/><G114/><T31/><D31/><U10/><E72/><N who="2" m="43335" /><F96/><W95/><G22/><AGARI ba="1,0" hai="22,26,29,52,56,60,109,111,124,125,126" m="43335" machi="22" ten="30,2000,0" yaku="18,1,54,1" doraHai="100" who="2" fromWho="3" sc="227,0,24,0,383,23,366,-23" /><INIT seed="5,0,0,0,2,108" ten="227,24,406,343" oya="1" hai0="60,35,4,38,90,44,43,9,95,85,5,63,26" hai1="25,76,115,1,119,116,123,69,68,8,19,131,99" hai2="52,16,40,47,71,18,7,57,79,53,129,89,75" hai3="31,110,98,48,134,73,117,81,112,36,21,65,78"/><U93/><E123/><V107/><F107/><W100/><G36/><T15/><REACH who="0" step="1"/><D4/><REACH who="0" ten="217,24,406,343" step="2"/><U37/><E119/><V94/><F7/><W17/><G117/><T130/><D130/><U103/><E116/><V39/><F129/><W84/><G110/><T58/><D58/><U86/><E131/><V74/><F57/><W22/><G134/><T80/><D80/><U102/><E69/><V24/><F71/><W61/><G81/><T50/><D50/><U77/><E68/><V12/><F39/><W42/><G48/><T0/><D0/><U59/><E37/><V113/><F47/><W30/><G61/><T3/><D3/><U83/><E59/><V46/><F46/><W105/><G65/><T135/><D135/><U118/><E118/><V97/><F113/><W124/><G112/><T49/><D49/><U67/><E115/><V82/><F82/><W109/><G109/><T106/><D106/><U132/><E132/><V125/><F94/><W133/><G105/><T11/><D11/><U111/><E111/><V20/><F125/><W92/><G92/><T64/><D64/><U88/><E1/><V27/><F75/><W91/><G124/><T55/><D55/><U101/><E67/><V128/><F52/><W34/><G133/><T87/><D87/><U10/><E76/><V51/><F79/><W127/><G78/><T45/><D45/><U13/><E25/><V121/><F27/><W33/><G127/><T96/><D96/><U2/><E2/><V120/><F97/><W56/><G98/><T70/><D70/><U28/><E28/><AGARI ba="0,1" hai="5,9,15,26,28,35,38,43,44,60,63,85,90,95" machi="28" ten="40,5200,0" yaku="21,2,53,1" doraHai="108" doraHaiUra="23" who="0" fromWho="1" sc="217,62,24,-52,406,0,343,0" owari="279,-12.0,-28,-53.0,406,51.0,343,14.0" /></mjloggm>