<mjloggm ver="2.3"><GO type="41" lobby="0"/><UN n0="%6E%75%75%38" n1="%E3%81%A6%E3%81%BE%E3%81%A1" n2="%E2%93%9D%53%75%70%68%78" n3="%4C%6E%69%6B%69" dan="13,14,18,13" rate="1867.17,1904.93,2115.71,1941.30" sx="M,M,M,M"/><TAIKYOKU oya="0"/><INIT seed="0,0,0,0,0,33" ten="250,250,250,250" oya="0" hai0="53,120,34,89,133,8,117,95,84,76,127,7,18" hai1="65,118,110,4,64,119,31,96,128,125,85,82,21" hai2="77,41,48,45,29,79,54,111,121,62,114,23,24" hai3="116,98,104,19,126,43,22,58,113,63,38,13,6"/><T87/><D120/><U42/><E110/><V2/><F114/><W1/><G126/><T30/><D117/><U71/><E128/><V5/><F121/><W15/><G113/><T108/><D127/><U90/><E125/><V129/><F129/><W14/><G116/><T35/><D18/><U67/><E71/><V55/><F111/><W80/><G38/><T25/><D108/><U68/><E68/><V83/><F79/><W66/><G43/><T100/><D100/><U46/><E4/><V91/><F91/><W112/><G112/><T75/><D53/><U52/><E96/><V0/><F5/><W92/><G104/><T10/><D133/><U9/><E9/><V3/><REACH who="2" step="1"/><F62/><REACH who="2" ten="250,250,240,250" step="2"/><W109/><G109/><T115/><D115/><U102/><E102/><V47/><F47/><W39/><G39/><T107/><D7/><U12/><E119/><V51/><F51/><W37/><G37/><T73/><D76/><U105/><E118/><V132/><F132/><W11/><REACH who="3" step="1"/><G80/><REACH who="3" ten="250,250,240,240" step="2"/><T130/><D130/><U56/><E82/><V28/><F28/><W123/><G123/><T134/><D134/><U36/><E31/><V17/><F17/><W32/><G32/><T106/><D34/><U93/><E36/><V86/><AGARI ba="0,2" hai="0,2,3,23,24,29,41,45,48,54,55,77,83,86" machi="86" ten="30,12000,2" yaku="1,1,0,1,52,3,53,1" doraHai="33" doraHaiUra="72" who="2" fromWho="2" sc="250,-60,250,-30,240,140,240,-30" /><INIT seed="1,0,0,5,1,115" ten="190,220,380,210" oya="1" hai0="64,110,55,100,125,24,132,23,71,25,29,44,46" hai1="47,7,18,83,106,66,87,76,28,108,8,53,90" hai2="68,126,77,105,17,52,85,67,45,131,59,11,88" hai3="31,35,14,12,122,120,101,107,27,54,93,127,95"/><U26/><E106/><V74/><F105/><W56/><G127/><T133/><D125/><U79/><E18/><V58/><F126/><W86/><G107/><T34/><D110/><U60/><E53/><V42/><F131/><W103/><G86/><T16/><D100/><U128/><E47/><V116/><F116/><W81/><G81/><T69/><D55/><U111/><E128/><V41/><F68/><W123/><G103/><T0/><D0/><U113/><E113/><V112/><F74/><W63/><REACH who="3" step="1"/><G101/><REACH who="3" ten="190,220,380,200" step="2"/><T22/><D133/><U5/><E111/><V92/><F112/><W39/><G39/><T78/><D132/><U9/><E108/><V80/><F80/><W19/><G19/><T75/><D75/><U62/><E7/><V61/><F17/><W50/><G50/><T109/><D109/><U73/><E73/><V4/><F77/><W70/><G70/><T89/><D78/><N who="1" m="29739" /><E5/><V82/><F82/><W20/><G20/><T43/><D71/><U104/><E104/><V119/><F4/><W30/><G30/><T124/><D124/><U94/><E83/><V3/><F85/><W13/><AGARI ba="0,1" hai="12,13,14,27,31,35,54,56,63,93,95,120,122,123" machi="13" ten="40,2700,0" yaku="1,1,0,1,53,0" doraHai="115" doraHaiUra="33" who="3" fromWho="3" sc="190,-7,220,-13,380,-7,200,37" /><INIT seed="2,0,0,5,4,124" ten="183,207,373,237" oya="2" hai0="101,20,113,91,69,37,70,135,29,76,61,130,79" hai1="71,96,10,40,41,49,47,93,126,12,123,62,84" hai2="56,107,27,106,63,111,50,103,57,74,125,13,35" hai3="26,117,90,82,121,54,46,28,45,114,78,36,112"/><V119/><F119/><W25/><G117/><T80/><D113/><N who="3" m="43625" /><G121/><T66/><D37/><U131/><E126/><V33/><F74/><N who="3" m="43351" /><G90/><T32/><D135/><U129/><E84/><V53/><F111/><W86/><G86/><T48/><D32/><U51/><E123/><V115/><F125/><W7/><G7/><T97/><D48/><U17/><E49/><V118/><F35/><W21/><G36/><T67/><D91/><U104/><E104/><V4/><F118/><W105/><G105/><T55/><D55/><U110/><E110/><V120/><F115/><W58/><G26/><T34/><D20/><U43/><E71/><V1/><F27/><W133/><G133/><T132/><D132/><U94/><E62/><AGARI ba="0,0" hai="21,25,28,45,46,54,58,62" m="43351,43625" machi="62" ten="30,1000,0" yaku="11,1" doraHai="124" who="3" fromWho="1" sc="183,0,207,-10,373,0,237,10" /><INIT seed="3,0,0,3,0,45" ten="183,197,373,247" oya="3" hai0="73,25,104,90,107,41,19,123,106,76,9,120,12" hai1="119,35,83,81,33,52,51,82,40,31,89,63,80" hai2="56,10,49,64,5,30,55,88,97,110,118,2,112" hai3="65,44,11,48,126,18,122,23,13,125,98,34,94"/><W53/><G34/><T135/><D135/><U59/><E119/><V86/><F110/><W117/><G117/><T15/><D41/><U0/><E0/><V24/><F118/><W58/><G122/><T72/><D25/><U77/><E89/><V131/><F131/><W38/><G38/><T26/><D26/><U87/><REACH who="1" step="1"/><E31/><REACH who="1" ten="183,187,373,247" step="2"/><V71/><F88/><N who="3" m="55623" /><G126/><T57/><D90/><U62/><E62/><V14/><F2/><W100/><G125/><T133/><D133/><U32/><E32/><V20/><F30/><W114/><G114/><T132/><D132/><U28/><E28/><V99/><F112/><W130/><G130/><T102/><D123/><U113/><E113/><V70/><F99/><W95/><G100/><T21/><D120/><U37/><E37/><V22/><F97/><W127/><G127/><T129/><D102/><U85/><E85/><V109/><F86/><W74/><G74/><T121/><D121/><U69/><E69/><V124/><F71/><W36/><G36/><T79/><D129/><U60/><E60/><V27/><F124/><W39/><G39/><T115/><D115/><U96/><E96/><V66/><F70/><W108/><G108/><T105/><D72/><U43/><E43/><V6/><F109/><W47/><G95/><T7/><D73/><U50/><E50/><V116/><F116/><W42/><G42/><T111/><D111/><U128/><E128/><V92/><F92/><W16/><G65/><T67/><N who="0" m="26624" /><DORA hai="4" /><T103/><REACH who="0" step="1"/><D103/><REACH who="0" ten="173,187,373,247" step="2"/><U29/><E29/><N who="2" m="17543" /><F66/><W101/><G101/><T75/><D75/><U1/><E1/><RYUUKYOKU ba="0,2" sc="173,10,187,10,373,-30,247,10" hai0="7,9,12,15,19,21,57,67,76,79" hai1="33,35,40,51,52,59,63,77,80,81,82,83,87" hai3="11,13,16,18,23,44,47,48,53,58" /><INIT seed="3,1,2,5,2,40" ten="183,197,343,257" oya="3" hai0="84,19,116,56,5,73,78,122,26,113,9,99,81" hai1="80,33,79,28,133,125,90,100,17,135,86,126,31" hai2="102,41,38,134,10,65,85,119,4,54,130,22,46" hai3="14,29,43,111,1,3,108,89,16,18,44,42,74"/><W35/><G74/><T121/><D116/><U82/><E33/><V123/><F119/><W70/><G70/><T23/><D113/><U106/><E17/><V13/><F130/><W50/><G18/><T76/><D99/><N who="1" m="61727" /><E31/><V112/><F134/><N who="1" m="51209" /><E28/><V45/><F123/><W124/><G124/><N who="1" m="47722" /><E82/><V120/><F120/><W131/><G131/><T83/><D56/><U97/><E97/><V128/><F128/><W34/><G89/><AGARI ba="1,2" hai="79,80,86,89,90" m="47722,51209,61727" machi="89" ten="30,7700,0" yaku="20,1,18,1,34,2" doraHai="40" who="1" fromWho="3" sc="183,0,197,100,343,0,257,-80" /><INIT seed="4,0,0,2,3,7" ten="183,297,343,177" oya="0" hai0="110,12,40,21,32,63,106,96,19,98,38,26,20" hai1="101,117,114,67,51,78,86,59,102,88,36,5,6" hai2="91,53,11,93,48,58,41,80,9,69,75,33,29" hai3="107,28,115,31,120,65,30,56,24,70,76,4,116"/><T60/><D32/><U121/><E36/><V35/><F69/><W17/><G120/><T50/><D38/><U89/><E117/><V10/><F29/><W100/><G115/><T22/><D110/><U68/><E68/><V64/><F64/><W61/><G116/><T62/><D106/><U122/><E114/><V105/><F105/><W13/><G76/><T87/><D87/><U83/><E122/><V73/><F41/><W45/><G45/><T37/><D37/><U95/><E89/><V44/><F44/><W0/><G56/><T90/><D90/><U2/><E2/><V109/><F109/><W3/><G4/><N who="1" m="1642" /><E121/><V54/><F54/><W82/><G82/><T132/><D132/><U72/><E72/><V18/><F18/><W97/><REACH who="3" step="1"/><G24/><REACH who="3" ten="183,297,343,167" step="2"/><T130/><D130/><U34/><E83/><V108/><F108/><W71/><G71/><T81/><D81/><U129/><E78/><V104/><F75/><W127/><G127/><T113/><D113/><U135/><E59/><V14/><F73/><W16/><G16/><N who="0" m="12551" /><D40/><U124/><E124/><V43/><F43/><W55/><G55/><T123/><D123/><U128/><E129/><V79/><F79/><W131/><G131/><T57/><D22/><AGARI ba="0,1" hai="0,3,13,17,22,28,30,31,61,65,70,97,100,107" machi="22" ten="40,1300,0" yaku="1,1,53,0" doraHai="7" doraHaiUra="84" who="3" fromWho="0" sc="183,-13,297,0,343,0,167,23" /><INIT seed="5,0,0,2,3,46" ten="170,297,343,190" oya="1" hai0="61,79,4,93,36,52,5,21,8,50,27,120,109" hai1="111,60,54,117,69,1,86,115,53,9,101,99,106" hai2="76,121,105,102,14,116,89,97,49,95,11,68,118" hai3="100,80,22,18,131,28,110,10,70,85,81,13,66"/><U123/><E123/><V88/><F68/><W72/><G131/><T134/><D109/><U20/><E117/><V107/><F121/><W12/><G110/><T41/><D120/><U75/><E75/><V130/><F130/><W37/><G37/><T55/><D79/><U47/><E115/><V39/><F39/><W132/><G100/><T91/><D134/><U96/><E96/><V112/><F112/><W51/><G72/><T26/><D36/><U32/><E32/><V16/><F76/><W135/><G70/><T127/><D41/><U103/><E103/><V44/><F89/><W48/><G66/><T128/><D128/><U92/><E20/><V38/><F38/><W56/><G56/><N who="0" m="34951" /><D8/><U82/><E106/><V24/><F24/><N who="0" m="9258" /><D21/><U31/><E9/><V57/><F57/><W67/><G28/><T63/><D63/><U78/><E1/><V71/><F71/><W3/><G3/><T35/><D35/><U15/><E78/><V65/><F65/><W73/><G67/><T87/><D127/><U133/><E69/><V30/><F30/><W33/><G33/><T6/><D6/><U74/><E31/><V113/><F113/><W104/><G104/><T0/><D0/><U114/><E74/><V98/><F107/><W42/><G73/><T45/><AGARI ba="0,0" hai="4,5,45,50,55,87,91,93" m="9258,34951" machi="45" ten="30,4000,0" yaku="8,1,52,1,54,1" doraHai="46" who="0" fromWho="0" sc="170,40,297,-20,343,-10,190,-10" /><INIT seed="6,0,0,5,1,28" ten="210,277,333,180" oya="2" hai0="99,12,108,119,93,67,127,21,54,72,64,96,92" hai1="70,57,9,6,110,106,8,43,79,26,66,102,121" hai2="19,65,71,117,89,111,45,114,128,40,56,38,15" hai3="23,131,48,63,36,129,30,29,32,58,17,107,41"/><V5/><F114/><W126/><G107/><T76/><D108/><U87/><E70/><V116/><F5/><W103/><G103/><T25/><D119/><U10/><E121/><V134/><F89/><W86/><G126/><T88/><D54/><U11/><E43/><V69/><F19/><W51/><G36/><T7/><D76/><U34/><E106/><V75/><F15/><W1/><G1/><T68/><D68/><N who="2" m="26186" /><F128/><W16/><G86/><T105/><D105/><U135/><E102/><V42/><F134/><W84/><G84/><T122/><D72/><U59/><E110/><V49/><F75/><W133/><G133/><T37/><D37/><U91/><E79/><V81/><F81/><W123/><G123/><T120/><D127/><U118/><E118/><V78/><F78/><W125/><G125/><T18/><D122/><U97/><E97/><V104/><F104/><W90/><G90/><N who="0" m="55319" /><D120/><U24/><E6/><V3/><F3/><W50/><G131/><T62/><D62/><U44/><E8/><AGARI ba="0,0" hai="7,8,12,18,21,25,64,67,88,93,99" m="55319" machi="8" ten="30,2000,0" yaku="8,1,54,1" doraHai="28" who="0" fromWho="1" sc="210,20,277,-20,333,0,180,0" /><INIT seed="7,0,0,2,0,81" ten="230,257,333,180" oya="3" hai0="22,118,93,53,113,62,34,43,109,27,75,68,54" hai1="103,42,33,115,26,91,45,52,110,88,8,80,18" hai2="66,84,46,127,94,74,38,104,71,17,129,0,32" hai3="35,36,28,4,63,90,117,96,57,95,78,44,72"/><W2/><G117/><T50/><D109/><U86/><E115/><V51/><F74/><W20/><G35/><T47/><D34/><U134/><E134/><V23/><F0/><W106/><G106/><T132/><D118/><U14/><E103/><V112/><F127/><W41/><G28/><T92/><D75/><U107/><E107/><V128/><F38/><W40/><G20/><T15/><D132/><U6/><E110/><V69/><F66/><W39/><G40/><T83/><D15/><U133/><E133/><V135/><F112/><W85/><G72/><T48/><D83/><U111/><E111/><V24/><F104/><W59/><G39/><T79/><D79/><U67/><E67/><V21/><F21/><W101/><G78/><T29/><D68/><U119/><E119/><V9/><F71/><W7/><G2/><T87/><D62/><U30/><E18/><V114/><F69/><W16/><G16/><N who="0" m="12743" /><D93/><U60/><E60/><V97/><F32/><W58/><REACH who="3" step="1"/><G63/><REACH who="3" ten="230,257,333,170" step="2"/><T130/><D43/><U98/><E42/><V56/><F135/><W76/><G76/><T19/><D19/><U122/><E33/><V89/><F114/><W82/><AGARI ba="0,1" hai="4,7,36,41,44,57,58,59,82,85,90,95,96,101" machi="82" ten="30,6000,0" yaku="1,1,0,1,52,1,53,0" doraHai="81" doraHaiUra="12" who="3" fromWho="3" sc="230,-20,257,-20,333,-20,170,70" /><INIT seed="7,1,0,5,0,116" ten="210,237,313,240" oya="3" hai0="89,81,52,112,128,28,40,55,68,35,64,78,69" hai1="36,15,82,111,59,62,24,56,83,80,91,37,25" hai2="16,54,106,102,17,74,14,47,100,77,99,63,0" hai3="12,1,97,108,101,75,131,33,79,50,86,121,113"/><W51/><G1/><T126/><D128/><U13/><E111/><V21/><F0/><W73/><G33/><T94/><D40/><U57/><E62/><V70/><F102/><W117/><G117/><T85/><D126/><U127/><E91/><V124/><F124/><W72/><G131/><T110/><D110/><U123/><E127/><V92/><F106/><W30/><G30/><T44/><D112/><U31/><E123/><V71/><F74/><W9/><G113/><T49/><D64/><U38/><E31/><V29/><F77/><W43/><G108/><T120/><D120/><U129/><E129/><V122/><F29/><W48/><G121/><T53/><D69/><U3/><E3/><V133/><F133/><W10/><G43/><T5/><D68/><U95/><E95/><V11/><F122/><W119/><G119/><T8/><D35/><U26/><AGARI ba="1,0" hai="13,15,24,25,26,36,37,38,56,57,59,80,82,83" machi="26" ten="50,32000,5" yakuman="40" doraHai="116" who="1" fromWho="1" sc="210,-81,237,323,313,-81,240,-161" owari="129,-27.0,560,66.0,232,3.0,79,-42.0" /></mjloggm>