<mjloggm ver="2.3"><GO type="41" lobby="0"/><UN n0="%E3%81%82%E3%81%B5%E3%82%8D%E3%81%84%E3%81%A1%32" n1="%41%6F" n2="%E9%98%BF%E6%96%97%E9%87%8C" n3="%E2%93%9D%53%75%70%68%78" dan="13,13,14,18" rate="1905.77,1910.79,1911.87,2102.28" sx="M,M,M,M"/><TAIKYOKU oya="0"/><INIT seed="0,0,0,5,4,2" ten="250,250,250,250" oya="0" hai0="81,106,97,38,67,66,91,99,125,130,63,55,128" hai1="76,61,24,28,78,7,41,69,52,123,32,5,133" hai2="26,45,40,116,19,46,14,105,17,80,42,120,4" hai3="135,60,15,31,124,88,71,6,56,101,22,114,29"/><T100/><D38/><U87/><E123/><V51/><F120/><W92/><G71/><T94/><D125/><U93/><E41/><V3/><F105/><W89/><G135/><T129/><D81/><U109/><E133/><V1/><F116/><W96/><G114/><T108/><D108/><U21/><E32/><V44/><F26/><N who="3" m="16599" /><G31/><T33/><D33/><U117/><E117/><V90/><F46/><W122/><G124/><T25/><D25/><U98/><E69/><V95/><F80/><W48/><G48/><T53/><REACH who="0" step="1"/><D67/><REACH who="0" ten="240,250,250,250" step="2"/><U118/><E118/><V34/><F34/><W111/><G111/><T23/><D23/><U102/><E109/><V49/><F3/><W113/><G113/><T70/><AGARI ba="0,1" hai="53,55,63,66,70,91,94,97,99,100,106,128,129,130" machi="70" ten="30,6000,0" yaku="1,1,0,1,19,1,53,0" doraHai="2" doraHaiUra="132" who="0" fromWho="0" sc="240,70,250,-20,250,-20,250,-20" /><INIT seed="0,1,0,1,3,78" ten="310,230,230,230" oya="0" hai0="36,23,65,76,131,85,53,128,112,73,93,8,94" hai1="19,120,49,50,44,126,30,10,95,127,16,99,12" hai2="1,21,57,33,56,97,115,22,105,101,108,114,11" hai3="122,59,98,17,119,90,82,69,102,74,46,18,109"/><T34/><D34/><U0/><E0/><V42/><F33/><W2/><G119/><T77/><D36/><U75/><E120/><V64/><F108/><W26/><G69/><T81/><D65/><U51/><E30/><V3/><F42/><W41/><G2/><T123/><D8/><U70/><E70/><V6/><F3/><W62/><G109/><T52/><D123/><U72/><E44/><V35/><F35/><W132/><G132/><T84/><D23/><U79/><E19/><V121/><F121/><W113/><G113/><T40/><D40/><U104/><E104/><V129/><F129/><N who="0" m="49738" /><D112/><U25/><E25/><V92/><F105/><W83/><G74/><T24/><D24/><U29/><E29/><V100/><F100/><W20/><G102/><T116/><D116/><U14/><E14/><V130/><F130/><W47/><G18/><T37/><D37/><U39/><E39/><V118/><F118/><W88/><G122/><T117/><D117/><U107/><E107/><V133/><F133/><W68/><G68/><T96/><D96/><U13/><E13/><V111/><F111/><W80/><G98/><T5/><D5/><U71/><E71/><V4/><F4/><W91/><G41/><T43/><D43/><U87/><E99/><V124/><F64/><AGARI ba="1,0" hai="17,20,26,46,47,59,62,64,80,82,83,88,90,91" machi="64" ten="40,8000,1" yaku="8,1,52,3,54,1" doraHai="78" who="3" fromWho="2" sc="310,0,230,0,230,-83,230,83" /><INIT seed="1,0,0,0,3,97" ten="310,230,147,313" oya="1" hai0="23,74,70,58,82,127,121,73,17,108,125,77,22" hai1="76,48,110,90,123,52,113,135,104,40,24,93,53" hai2="95,130,35,126,131,50,54,27,45,67,33,91,117" hai3="115,2,39,49,112,69,100,116,13,89,132,34,101"/><U107/><E123/><V29/><F117/><W109/><G39/><T64/><D70/><U14/><E113/><V4/><F126/><N who="0" m="48138" /><D108/><U44/><E76/><V92/><F4/><W5/><G34/><T20/><D121/><U26/><E110/><V124/><F124/><W59/><G109/><T120/><D120/><U88/><E135/><V57/><F35/><W60/><G2/><T6/><D6/><U68/><E68/><V85/><F67/><W80/><G69/><T3/><D3/><U10/><E107/><V19/><F19/><W43/><G116/><T66/><D73/><U98/><E104/><V55/><REACH who="2" step="1"/><F95/><REACH who="2" ten="310,230,137,313" step="2"/><W71/><G115/><T63/><D17/><N who="1" m="8407" /><E90/><V75/><F75/><W9/><G89/><T7/><D7/><U25/><AGARI ba="0,1" hai="24,25,26,40,44,48,52,53,88,93,98" m="8407" machi="25" ten="30,6000,0" yaku="8,1,54,2" doraHai="97" who="1" fromWho="1" sc="310,-20,230,70,137,-20,313,-20" /><INIT seed="1,1,0,5,5,27" ten="290,300,117,293" oya="1" hai0="46,95,70,40,76,124,72,86,41,21,1,8,109" hai1="121,37,0,111,69,90,6,117,13,87,51,112,44" hai2="127,83,98,81,5,28,50,60,91,104,31,34,119" hai3="110,82,71,22,39,120,125,14,26,129,53,123,122"/><U2/><E117/><V29/><F34/><W131/><G71/><T18/><D70/><U36/><E112/><V80/><F119/><W92/><G39/><T10/><D109/><U135/><E69/><V49/><F104/><W58/><G110/><T64/><D64/><U97/><E121/><V102/><F127/><W45/><G45/><T74/><D124/><U77/><E37/><V62/><F5/><W23/><G125/><T79/><D95/><U59/><E36/><V7/><F7/><W16/><G82/><T107/><D86/><U113/><E113/><V93/><F102/><W101/><G92/><T89/><D21/><U94/><E59/><V57/><REACH who="2" step="1"/><F62/><REACH who="2" ten="290,300,107,293" step="2"/><W134/><G101/><T42/><D107/><U68/><E111/><V103/><F103/><W85/><G123/><T126/><D126/><U75/><E0/><V54/><AGARI ba="1,1" hai="28,29,31,49,50,54,57,60,80,81,83,91,93,98" machi="54" ten="30,12000,2" yaku="1,1,0,1,8,1,52,3,53,0" doraHai="27" doraHaiUra="73" who="2" fromWho="2" sc="290,-31,300,-61,107,133,293,-31" /><INIT seed="2,0,0,4,0,22" ten="259,239,240,262" oya="2" hai0="3,100,9,117,86,87,19,131,65,28,122,56,85" hai1="107,83,20,127,7,98,41,108,96,23,43,26,123" hai2="110,54,105,109,49,45,29,1,79,34,72,17,71" hai3="6,52,25,10,12,106,0,94,128,4,114,30,59"/><V5/><F71/><W91/><G128/><T58/><D122/><U51/><E7/><V64/><F105/><W115/><G106/><T35/><D131/><U36/><E36/><V13/><F64/><W134/><G134/><T102/><D117/><U46/><E127/><V57/><F1/><W70/><G70/><T14/><D3/><U32/><E32/><V42/><F5/><W69/><G69/><T53/><D65/><U84/><E108/><N who="2" m="41579" /><F79/><W73/><G73/><T44/><D44/><U132/><E132/><V31/><F72/><W90/><G0/><T61/><REACH who="0" step="1"/><D56/><REACH who="0" ten="249,239,240,262" step="2"/><U55/><E123/><V75/><F75/><W76/><G115/><T48/><D48/><U37/><E37/><N who="2" m="21711" /><F34/><W120/><G114/><T113/><D113/><U126/><E126/><V15/><F15/><W81/><G12/><T62/><D62/><U24/><E41/><V99/><F99/><W11/><G120/><T16/><D16/><N who="1" m="12295" /><E43/><V82/><F17/><W119/><G6/><T125/><D125/><U101/><E107/><V2/><F13/><W40/><G4/><T67/><D67/><U50/><E51/><V60/><F2/><W47/><G40/><T27/><AGARI ba="0,1" hai="9,14,19,27,28,35,53,58,61,85,86,87,100,102" machi="27" ten="30,4000,0" yaku="1,1,0,1,52,1,53,0" doraHai="22" doraHaiUra="121" who="0" fromWho="0" sc="249,50,239,-10,240,-20,262,-10" /><INIT seed="3,0,0,1,4,31" ten="299,229,220,252" oya="3" hai0="40,130,0,111,12,57,56,68,33,92,4,73,80" hai1="29,123,15,20,65,133,26,117,72,62,25,1,118" hai2="94,14,64,90,49,107,39,9,52,19,17,127,63" hai3="3,67,70,54,30,124,106,120,132,2,10,109,84"/><W59/><G120/><T91/><D68/><U61/><E72/><V116/><F127/><W43/><G106/><T18/><D0/><U112/><E1/><V129/><F129/><W41/><G124/><T122/><D4/><U28/><E112/><V58/><F116/><N who="1" m="44649" /><E133/><V24/><F107/><W32/><G67/><T50/><D73/><U125/><E125/><V69/><F39/><W110/><G84/><T11/><D80/><U79/><E79/><V114/><F114/><W97/><G97/><T35/><D111/><N who="3" m="42505" /><G70/><T115/><D130/><U48/><E15/><V13/><F24/><N who="3" m="18503" /><G132/><T47/><D115/><U82/><E82/><V85/><F14/><W77/><G77/><T22/><D11/><U95/><E95/><V27/><F27/><W34/><G34/><T5/><D5/><AGARI ba="0,0" hai="5,9,13,17,19,49,52,58,63,64,69,85,90,94" machi="5" ten="30,2000,0" yaku="7,1,54,1" doraHai="31" who="2" fromWho="0" sc="299,-20,229,0,220,20,252,0" /><INIT seed="4,0,0,3,4,23" ten="279,229,240,252" oya="0" hai0="98,24,51,114,110,106,10,57,79,125,13,50,129" hai1="61,45,96,83,126,43,0,97,101,62,76,55,87" hai2="11,6,131,67,59,135,3,25,66,85,63,95,30" hai3="86,103,70,80,91,28,82,122,123,18,134,124,12"/><T58/><D114/><U75/><E126/><V2/><F135/><W94/><G70/><T41/><D125/><U5/><E55/><V132/><F131/><W17/><G124/><T113/><D113/><U32/><E32/><V34/><F132/><W121/><G134/><T29/><D129/><U104/><E96/><V109/><F109/><W128/><G128/><T127/><D110/><U47/><E47/><V93/><F3/><W1/><G1/><T36/><D36/><U68/><E68/><V69/><F85/><W120/><G28/><T37/><D37/><U40/><E40/><V14/><F67/><W19/><G123/><T27/><D79/><U111/><E111/><V46/><F46/><W39/><G39/><T44/><D106/><U49/><E5/><V53/><REACH who="2" step="1"/><F2/><REACH who="2" ten="279,229,230,252" step="2"/><W118/><G118/><T38/><D127/><U112/><E0/><V133/><F133/><W81/><REACH who="3" step="1"/><G103/><REACH who="3" ten="279,229,230,242" step="2"/><T31/><D38/><U4/><E112/><V116/><F116/><W20/><AGARI ba="0,2" hai="12,17,18,19,20,80,81,82,86,91,94,120,121,122" machi="20" ten="40,12000,2" yaku="1,1,2,1,0,1,13,1,53,3" doraHai="23" doraHaiUra="119" who="3" fromWho="3" sc="279,-60,229,-30,230,-30,242,140" /><INIT seed="5,0,0,4,3,121" ten="219,199,200,382" oya="1" hai0="68,38,134,83,40,89,45,72,10,103,116,110,18" hai1="30,54,12,0,42,88,32,119,62,78,35,4,53" hai2="7,49,57,47,124,117,113,81,52,77,23,14,75" hai3="8,25,94,96,106,84,73,60,58,43,67,108,135"/><U66/><E0/><V33/><F117/><W27/><G108/><T17/><D134/><U5/><E78/><V34/><F124/><W44/><G73/><T128/><D68/><U120/><E119/><V102/><F113/><W129/><G129/><T6/><D116/><U16/><E42/><V118/><F118/><W70/><G106/><T9/><D128/><U46/><E32/><V50/><F102/><W63/><G8/><T114/><D103/><U39/><E30/><V82/><F7/><W21/><G84/><T87/><D114/><U131/><E35/><V132/><F132/><W105/><G105/><T26/><D110/><U13/><E13/><V65/><F65/><W11/><G11/><T41/><D26/><U125/><E39/><V95/><F95/><W29/><G27/><T74/><D41/><U126/><E120/><V31/><F82/><W100/><G135/><T130/><D130/><U76/><E76/><V56/><F56/><W20/><G70/><T64/><D64/><U2/><E2/><V133/><F31/><W69/><G69/><T80/><D10/><N who="1" m="6167" /><E88/><V19/><F133/><W86/><G21/><T15/><REACH who="0" step="1"/><D72/><REACH who="0" ten="209,199,200,382" step="2"/><U93/><E131/><V37/><F37/><W61/><G86/><T97/><D97/><U127/><E93/><V115/><F115/><W1/><G1/><T71/><D71/><N who="1" m="42455" /><E53/><AGARI ba="0,1" hai="14,19,23,33,34,47,49,50,52,53,57,75,77,81" machi="53" ten="30,2000,0" yaku="7,1,54,1" doraHai="121" who="2" fromWho="1" sc="209,0,199,-20,200,30,382,0" /><INIT seed="6,0,0,5,1,77" ten="209,179,230,382" oya="2" hai0="37,106,67,27,102,55,87,24,48,71,17,15,64" hai1="88,73,83,22,10,57,59,49,18,90,8,66,34" hai2="11,133,69,70,107,23,19,38,0,101,68,4,135" hai3="132,42,94,6,92,105,2,84,130,40,122,124,51"/><V43/><F38/><W7/><G130/><T76/><D37/><U121/><E34/><V13/><F107/><W85/><G132/><T79/><D106/><U47/><E121/><V16/><F43/><W129/><G124/><T9/><D102/><U89/><E10/><V127/><F101/><W58/><G2/><T21/><D71/><U93/><E93/><V80/><F127/><W118/><G118/><T54/><D27/><U110/><E8/><V126/><F126/><W117/><G129/><T32/><D55/><U131/><E110/><V41/><F41/><W120/><G105/><T50/><D32/><U65/><E65/><V108/><F108/><W3/><G3/><T60/><D79/><U14/><E131/><V123/><F123/><W72/><G117/><T99/><D99/><U35/><E35/><V39/><F39/><W62/><G72/><T28/><D60/><U56/><E73/><V97/><F97/><W30/><G62/><T31/><D48/><U61/><REACH who="1" step="1"/><E83/><REACH who="1" ten="209,169,230,382" step="2"/><V100/><F100/><W12/><G122/><T1/><D1/><U63/><E63/><V20/><REACH who="2" step="1"/><F80/><REACH who="2" ten="209,169,220,382" step="2"/><W44/><G120/><T82/><REACH who="0" step="1"/><D31/><REACH who="0" ten="199,169,220,382" step="2"/><U113/><E113/><V52/><F52/><AGARI ba="0,3" hai="14,18,22,47,49,52,56,57,59,61,66,88,89,90" machi="52" ten="40,8000,1" yaku="1,1,8,1,54,2,53,1" doraHai="77" doraHaiUra="46" who="1" fromWho="2" sc="199,0,169,110,220,-80,382,0" /><INIT seed="7,0,0,4,4,122" ten="199,279,140,382" oya="3" hai0="43,18,6,24,51,2,30,34,64,71,14,83,1" hai1="46,131,13,76,135,39,82,67,124,89,123,111,104" hai2="86,7,41,88,20,98,90,27,72,21,59,73,23" hai3="66,63,115,31,9,84,102,103,62,57,12,8,26"/><W78/><G115/><T69/><D64/><U36/><E104/><V5/><F73/><W114/><G9/><T112/><D112/><U65/><E123/><V58/><F72/><W45/><G45/><N who="0" m="26047" /><D83/><U107/><E107/><V37/><F37/><W77/><G26/><T53/><D53/><U101/><E101/><V132/><F132/><W106/><G31/><T120/><D120/><U93/><E124/><V79/><F41/><W130/><G130/><T56/><D56/><U19/><E135/><V42/><F42/><W48/><G12/><T133/><D2/><U85/><E131/><V116/><F116/><W95/><G95/><T35/><D35/><U68/><E46/><V11/><F27/><W70/><G84/><T44/><D44/><U113/><E113/><V74/><F74/><W29/><G103/><T110/><D133/><U61/><E67/><V55/><F79/><W129/><G8/><N who="0" m="2127" /><D110/><U10/><E39/><V50/><F59/><W25/><G102/><T119/><D119/><U4/><E36/><V16/><F98/><W92/><G78/><T99/><D99/><U52/><E4/><V117/><F117/><W40/><G77/><T100/><D100/><U105/><E105/><V54/><F54/><W91/><G106/><T125/><D125/><U60/><E60/><V0/><F0/><W118/><G63/><T134/><D134/><U49/><E49/><V126/><F126/><W87/><G48/><T75/><D75/><U15/><E52/><V97/><F97/><W22/><G114/><T32/><D32/><U121/><E121/><V109/><F109/><RYUUKYOKU ba="0,0" sc="199,30,279,-10,140,-10,382,-10" hai0="14,18,24,30,34,69,71" owari="229,-17.0,269,7.0,130,-37.0,372,47.0" /></mjloggm>