<mjloggm ver="2.3"><GO type="41" lobby="0"/><UN n0="%E3%83%95%E3%82%A7%E3%82%A4%E3%82%BF%E3%82%B9%5A%5A" n1="%E2%93%9D%53%75%70%68%78" n2="%E5%A5%88%E7%BE%8E" n3="%E5%A4%A7%E8%A6%9A%E3%82%A2%E3%82%AD%E3%83%A9%E6%A7%98" dan="15,17,14,14" rate="1967.72,2051.17,2030.84,1873.39" sx="M,M,F,M"/><TAIKYOKU oya="0"/><INIT seed="0,0,0,0,2,88" ten="250,250,250,250" oya="0" hai0="50,4,12,85,95,0,45,3,18,33,67,41,113" hai1="21,81,36,116,115,100,108,10,51,111,110,128,133" hai2="114,86,105,60,58,91,27,30,70,127,77,37,31" hai3="22,2,40,42,75,132,119,76,97,126,73,46,53"/><T79/><D113/><U84/><E36/><V74/><F114/><W112/><G119/><T80/><D33/><U59/><E115/><V62/><F37/><W39/><G112/><T5/><D0/><U117/><E10/><V104/><F127/><W109/><G2/><T26/><D67/><U1/><E1/><V89/><F74/><W83/><G109/><T11/><D26/><U129/><E21/><V134/><F134/><W71/><G71/><T48/><D3/><U102/><E59/><V64/><F77/><W29/><G132/><T34/><D34/><U101/><E51/><V130/><F130/><N who="1" m="50281" /><E133/><V35/><F30/><W32/><G126/><T63/><D63/><U49/><E49/><V13/><F89/><AGARI ba="0,0" hai="81,84,89,100,101,102,108,110,111,116,117" m="50281" machi="89" ten="40,8000,1" yaku="14,1,19,1,34,2" doraHai="88" who="1" fromWho="2" sc="250,0,250,80,250,-80,250,0" /><INIT seed="1,0,0,4,5,47" ten="250,330,170,250" oya="1" hai0="24,46,19,53,77,118,124,44,7,67,126,1,50" hai1="16,20,55,2,82,27,115,73,72,42,97,119,11" hai2="85,90,93,96,15,114,39,33,43,94,133,45,22" hai3="132,5,68,122,75,17,134,74,70,64,113,89,13"/><U6/><E115/><V18/><F114/><W63/><G122/><T120/><D118/><U14/><E119/><V37/><F133/><N who="3" m="51307" /><G113/><T56/><D120/><U29/><E42/><V91/><REACH who="2" step="1"/><F33/><REACH who="2" ten="250,330,160,250" step="2"/><W107/><G107/><T0/><D124/><U3/><E3/><V31/><F31/><W83/><G5/><T81/><D126/><U127/><E127/><V8/><F8/><N who="3" m="6311" /><G70/><T48/><D7/><U87/><E97/><V130/><F130/><W54/><G54/><T86/><D0/><U32/><REACH who="1" step="1"/><E55/><REACH who="1" ten="250,320,160,250" step="2"/><V4/><F4/><W69/><G64/><T66/><D1/><U28/><E28/><V88/><F88/><AGARI ba="0,2" hai="2,6,11,14,16,20,27,29,32,72,73,82,87,88" machi="88" ten="30,18000,2" yaku="1,1,7,1,24,2,54,2,53,0" doraHai="47" doraHaiUra="108" who="1" fromWho="2" sc="250,0,320,200,160,-180,250,0" owari="250,5.0,520,62.0,-20,-52.0,250,-15.0" /></mjloggm>