<mjloggm ver="2.3"><GO type="41" lobby="0"/><UN n0="%E3%81%82%E3%81%8A%E3%81%92%E3%82%93" n1="%E3%81%82%E3%81%8A%E3%81%8D%E3%82%93%E3%81%90" n2="%E8%8C%B6%E5%BA%A6" n3="%E2%93%9D%53%75%70%68%78" dan="14,14,15,18" rate="1930.73,1933.20,2005.98,2069.23" sx="M,M,M,M"/><TAIKYOKU oya="0"/><INIT seed="0,0,0,5,3,81" ten="250,250,250,250" oya="0" hai0="14,59,119,123,75,46,89,67,19,4,83,94,39" hai1="52,56,60,9,16,103,120,17,65,42,61,0,49" hai2="47,48,70,73,108,13,26,91,117,125,37,58,20" hai3="115,100,135,106,84,53,54,129,10,50,12,7,22"/><T133/><D119/><U21/><E120/><V128/><F73/><W35/><G35/><T77/><D123/><U23/><E103/><V34/><F70/><W116/><G129/><T66/><D133/><U93/><E93/><V1/><F1/><W110/><G110/><T130/><D4/><U99/><E99/><V2/><F2/><W40/><G115/><T41/><D59/><U76/><E76/><V51/><F108/><W97/><G116/><T111/><D130/><U127/><E127/><V88/><F125/><W109/><G135/><T105/><D105/><U6/><E42/><V55/><F37/><W36/><G36/><T71/><D71/><U96/><E96/><V134/><F128/><W25/><G109/><T74/><D74/><U95/><E95/><V45/><F134/><W118/><G118/><T24/><D24/><U121/><E121/><V101/><F101/><W80/><G50/><T68/><D68/><U90/><E90/><V69/><F69/><W132/><G40/><T38/><D39/><U43/><E43/><V63/><F13/><W5/><G5/><T92/><D92/><U124/><E124/><V72/><F72/><W86/><G132/><T131/><D131/><U33/><E33/><V87/><F34/><W78/><REACH who="3" step="1"/><G86/><REACH who="3" ten="250,250,250,240" step="2"/><T32/><D32/><U126/><E126/><V113/><F87/><W11/><G11/><N who="0" m="6623" /><D111/><U102/><E6/><V15/><F117/><W85/><G85/><N who="0" m="52527" /><D38/><U112/><E112/><V28/><F113/><W57/><G57/><T44/><D41/><U98/><E56/><V29/><F58/><W18/><AGARI ba="0,1" hai="7,10,12,18,22,25,53,54,78,80,84,97,100,106" machi="18" ten="20,12000,2" yaku="1,1,5,1,0,1,7,1,52,1,53,1" doraHai="81" doraHaiUra="82" who="3" fromWho="3" sc="250,-60,250,-30,250,-30,240,130" /><INIT seed="1,0,0,1,3,19" ten="190,220,220,370" oya="1" hai0="53,95,24,98,56,11,52,132,87,116,49,93,61" hai1="86,109,94,51,125,73,123,100,3,18,127,33,88" hai2="105,34,38,134,129,77,117,111,42,2,30,85,80" hai3="58,110,43,7,90,106,20,50,71,104,48,130,59"/><U108/><E123/><V26/><F117/><W62/><G7/><T54/><D132/><U60/><E33/><V75/><F111/><N who="1" m="42569" /><E3/><V66/><F85/><W13/><G130/><T22/><D116/><U89/><E73/><V31/><F31/><W124/><G124/><N who="1" m="47690" /><E51/><V83/><F83/><W70/><G110/><T67/><D11/><U57/><E18/><V72/><F72/><W63/><G43/><T35/><D35/><U64/><E89/><V114/><F2/><W15/><REACH who="3" step="1"/><G90/><REACH who="3" ten="190,220,220,360" step="2"/><T27/><D49/><U28/><E28/><V84/><F30/><W82/><G82/><T92/><D87/><U112/><E112/><V41/><F80/><W131/><G131/><T119/><D119/><U133/><E133/><V81/><F134/><W107/><G107/><T65/><D98/><U36/><E36/><V126/><F105/><W122/><G122/><T121/><D121/><U14/><E100/><V5/><F38/><W16/><G16/><N who="0" m="12359" /><D27/><U113/><E113/><V12/><F26/><W8/><G8/><T69/><D69/><U0/><E0/><V68/><F68/><W17/><G17/><T21/><D21/><AGARI ba="0,1" hai="13,15,20,21,48,50,58,59,62,63,70,71,104,106" machi="21" ten="25,8000,1" yaku="1,1,22,2,52,2,53,0" doraHai="19" doraHaiUra="79" who="3" fromWho="0" sc="190,-80,220,0,220,0,360,90" /><INIT seed="2,0,0,2,5,80" ten="110,220,220,450" oya="2" hai0="105,20,96,21,120,90,48,66,25,19,97,101,128" hai1="111,39,127,42,76,24,23,108,126,69,121,11,7" hai2="28,30,99,119,55,12,104,102,79,130,135,107,37" hai3="92,117,71,5,68,131,8,132,118,85,31,40,115"/><V116/><F37/><W1/><G115/><T16/><D120/><U62/><E76/><V81/><F107/><W67/><G132/><T4/><D128/><U84/><E42/><V18/><F130/><W112/><G112/><T74/><D74/><U10/><E39/><V106/><F106/><W109/><G109/><N who="1" m="42058" /><E121/><V88/><F135/><W58/><G31/><T98/><D4/><U13/><E62/><V27/><F55/><W103/><G71/><T45/><D66/><U134/><E69/><V61/><F61/><W125/><G125/><N who="1" m="47626" /><E84/><V82/><F119/><W73/><G73/><T133/><D90/><U53/><E53/><V78/><F82/><W100/><G68/><T72/><D72/><U17/><E11/><V89/><F79/><W15/><G40/><T59/><D59/><U33/><E134/><V83/><F83/><W70/><G67/><T43/><REACH who="0" step="1"/><D133/><REACH who="0" ten="100,220,220,450" step="2"/><U86/><E86/><V47/><F89/><W65/><G131/><T87/><D87/><U95/><E95/><V22/><F88/><W14/><G92/><T54/><D54/><U49/><E49/><V114/><F78/><W91/><G65/><T9/><D9/><U29/><E10/><V93/><F114/><W52/><G70/><T41/><D41/><U124/><E124/><V2/><F116/><W129/><G129/><T63/><D63/><U56/><E56/><V64/><F64/><W51/><G118/><T50/><D50/><U38/><E38/><V57/><F57/><W60/><G117/><T35/><D35/><N who="1" m="20903" /><E7/><V3/><F102/><N who="3" m="38955" /><G60/><T36/><D36/><U6/><E33/><RYUUKYOKU ba="0,1" sc="100,10,220,10,220,-30,450,10" hai0="16,19,20,21,25,43,45,48,96,97,98,101,105" hai1="6,13,17,23" hai3="1,5,8,14,15,51,52,58,85,91" /><INIT seed="3,1,1,4,3,128" ten="110,230,190,460" oya="3" hai0="134,90,76,121,3,81,35,51,8,24,26,54,103" hai1="50,34,22,37,83,1,31,116,68,114,86,111,109" hai2="19,59,47,70,94,131,25,48,74,113,20,77,102" hai3="62,69,110,61,95,75,115,129,15,9,100,80,73"/><W72/><G115/><T42/><D121/><U135/><E37/><V66/><F70/><W92/><G129/><T43/><D103/><U6/><E34/><V84/><F131/><W106/><G106/><T126/><D126/><U63/><E114/><V124/><F113/><W38/><G80/><T39/><D90/><U41/><E50/><V33/><F33/><W104/><G110/><T93/><D93/><U36/><E22/><V7/><F74/><W0/><G0/><T89/><D89/><U14/><E14/><V53/><F124/><W133/><G104/><T58/><D35/><U28/><E6/><V78/><F7/><W11/><G69/><T17/><D43/><U12/><E31/><V122/><F122/><W120/><G38/><T65/><D65/><U55/><E28/><V130/><F130/><W98/><G95/><T108/><D108/><U60/><E41/><V5/><F5/><W44/><G120/><T101/><D101/><U64/><E64/><V4/><F4/><W21/><G100/><T57/><D57/><U85/><E1/><V127/><F127/><W2/><G92/><T16/><D3/><U45/><E36/><V123/><F123/><W49/><G2/><T112/><D112/><U118/><E68/><V87/><F102/><W97/><G97/><T105/><D105/><U29/><E111/><V107/><F107/><W117/><G98/><T88/><D39/><U32/><E32/><V91/><REACH who="2" step="1"/><F87/><REACH who="2" ten="110,230,180,460" step="2"/><W18/><G75/><T71/><D71/><U125/><E125/><V46/><F46/><W82/><G73/><T119/><D58/><RYUUKYOKU ba="1,2" sc="110,-10,230,-10,180,30,460,-10" hai2="19,20,25,47,48,53,59,66,77,78,84,91,94" /><INIT seed="4,2,2,3,0,20" ten="100,220,210,450" oya="0" hai0="103,119,109,13,26,117,34,125,25,92,91,74,43" hai1="17,135,42,85,132,61,71,23,93,78,68,22,46" hai2="122,100,104,99,124,101,94,105,3,72,49,18,87" hai3="30,8,51,82,62,111,131,36,29,69,47,55,28"/><T19/><D74/><U64/><E71/><V6/><F3/><W133/><G111/><T115/><D103/><U120/><E120/><V106/><F6/><W35/><G36/><T21/><D109/><U48/><E23/><V89/><F122/><W40/><G133/><T60/><D115/><U129/><E129/><V56/><F124/><W97/><G35/><T4/><D125/><U70/><E68/><V98/><F18/><W11/><G69/><T2/><D60/><U39/><E39/><V44/><F56/><N who="3" m="35103" /><G131/><T86/><D43/><U108/><E108/><V12/><F12/><W113/><G113/><T31/><REACH who="0" step="1"/><D25/><REACH who="0" ten="90,220,210,450" step="2"/><U118/><E42/><V88/><F72/><W10/><G40/><T45/><D45/><U59/><E46/><V112/><F112/><W130/><G130/><T73/><D73/><U41/><E41/><V50/><F44/><W110/><G110/><T14/><D14/><U75/><E75/><V16/><F49/><W27/><G27/><T114/><D114/><U32/><E48/><V38/><F50/><W76/><G51/><T57/><D57/><U67/><E59/><V0/><F38/><W52/><G47/><T96/><D96/><N who="2" m="36906" /><F0/><W102/><G97/><T80/><D80/><U134/><E70/><V58/><F58/><W83/><G102/><T65/><D65/><N who="1" m="25163" /><E134/><V84/><F16/><W81/><G76/><T5/><D5/><U7/><E17/><V1/><F1/><W9/><N who="3" m="2048" /><DORA hai="63" /><W15/><G15/><T107/><D107/><U24/><E135/><V126/><F126/><W54/><AGARI ba="2,3" hai="28,29,30,52,54,81,82,83" m="2048,35103" machi="54" ten="50,8000,1" yaku="29,2,8,1,54,1" doraHai="20,63" who="3" fromWho="3" sc="90,-42,220,-22,210,-22,450,116" /><INIT seed="5,0,0,4,0,12" ten="48,198,188,566" oya="1" hai0="73,2,60,45,106,7,63,107,129,67,39,52,42" hai1="35,57,23,38,16,13,15,69,84,104,26,126,68" hai2="5,115,93,132,1,0,17,24,41,8,76,48,18" hai3="125,99,114,101,9,113,102,130,72,32,100,134,86"/><U58/><E104/><V20/><F132/><W94/><G32/><T90/><D129/><U71/><E38/><V21/><F76/><W116/><G9/><T109/><D109/><U111/><E111/><V22/><F41/><W49/><G125/><T37/><D37/><U51/><E126/><V96/><F48/><W105/><G116/><T121/><D121/><U133/><E133/><V89/><F115/><N who="3" m="44043" /><G130/><T36/><D36/><U87/><E35/><V14/><REACH who="2" step="1"/><F21/><REACH who="2" ten="48,198,178,566" step="2"/><W43/><G134/><T64/><D42/><U25/><E51/><V75/><F75/><W110/><G72/><T47/><D73/><U80/><E23/><V4/><F4/><W10/><G110/><T70/><D39/><U122/><E122/><V85/><F85/><W123/><G123/><T27/><D7/><U112/><E112/><V33/><F33/><W61/><G49/><T91/><D2/><AGARI ba="0,1" hai="0,1,2,5,8,14,17,18,20,22,24,89,93,96" machi="2" ten="30,7700,0" yaku="1,1,7,1,52,2,53,0" doraHai="12" doraHaiUra="54" who="2" fromWho="0" sc="48,-77,198,0,178,87,566,0" owari="-29,-53.0,198,-20.0,265,7.0,566,66.0" /></mjloggm>