<mjloggm ver="2.3"><GO type="41" lobby="0"/><UN n0="%4B%56%4E%5A%5A%5A" n1="%E2%93%9D%53%75%70%68%78" n2="%59%61%6D%61%41" n3="%E6%89%8B%E3%81%94%E3%81%AD%E9%BA%BB%E9%9B%80" dan="14,18,13,13" rate="1902.12,2124.53,1919.00,1846.38" sx="F,M,M,M"/><TAIKYOKU oya="0"/><INIT seed="0,0,0,1,0,32" ten="250,250,250,250" oya="0" hai0="90,97,116,98,129,13,82,35,58,40,110,124,53" hai1="0,55,125,86,109,84,132,25,66,123,11,64,70" hai2="50,49,27,130,7,60,56,122,10,15,14,33,2" hai3="87,112,61,107,54,12,85,81,69,131,46,106,93"/><T72/><D116/><U31/><E123/><V74/><F122/><W30/><G112/><T75/><D35/><U89/><E125/><V104/><F74/><W105/><G131/><T39/><D124/><U71/><E132/><V111/><F104/><W63/><G30/><T3/><D3/><U21/><E109/><V117/><F111/><W108/><G108/><T6/><D110/><U16/><E86/><V28/><F130/><W34/><G34/><T79/><D129/><U36/><E36/><V43/><F117/><W133/><G133/><T48/><D75/><U37/><E37/><V96/><F96/><W92/><G69/><T78/><D78/><U47/><E71/><V41/><F50/><W51/><G12/><T9/><REACH who="0" step="1"/><D90/><REACH who="0" ten="240,250,250,250" step="2"/><U115/><E0/><V80/><F2/><W45/><G107/><T17/><D17/><U73/><E73/><V77/><F33/><W68/><G106/><T20/><D20/><U8/><E115/><V42/><F28/><W29/><G105/><T62/><D62/><U44/><E31/><V120/><F120/><W18/><G29/><T134/><D134/><U83/><E21/><V119/><F77/><W23/><G61/><T38/><D38/><U91/><E91/><V52/><F119/><W65/><G18/><T22/><D22/><U88/><E16/><V94/><F60/><W26/><G23/><T101/><D101/><U135/><E135/><V102/><F27/><W127/><G26/><T126/><D126/><U67/><E25/><V95/><F102/><W76/><G127/><T128/><D128/><U19/><E19/><RYUUKYOKU ba="0,1" sc="240,30,250,-10,250,-10,250,-10" hai0="6,9,13,39,40,48,53,58,72,79,82,97,98" /><INIT seed="0,1,1,3,0,23" ten="270,240,240,240" oya="0" hai0="75,120,117,50,127,21,8,58,115,45,22,53,4" hai1="52,9,27,37,97,71,130,81,39,33,54,43,85" hai2="125,107,17,91,123,109,3,121,12,15,119,86,20" hai3="65,64,38,36,88,73,61,101,5,40,131,66,135"/><T31/><D75/><U111/><E71/><V105/><F3/><W133/><G73/><T78/><D117/><U90/><E111/><V29/><F109/><W62/><G5/><T48/><D120/><U80/><E130/><V24/><F119/><W69/><G101/><T124/><D115/><U93/><E81/><V49/><F125/><N who="0" m="48202" /><D31/><U57/><E54/><V47/><F15/><W18/><G18/><T2/><D78/><U92/><E43/><AGARI ba="1,1" hai="2,4,8,21,22,43,45,48,50,53,58" m="48202" machi="43" ten="30,1500,0" yaku="18,1" doraHai="23" who="0" fromWho="1" sc="270,28,240,-18,240,0,240,0" /><INIT seed="0,2,0,1,3,7" ten="298,222,240,240" oya="0" hai0="62,29,39,6,41,110,44,91,134,131,63,105,130" hai1="58,103,38,135,108,37,115,74,2,56,116,82,127" hai2="24,119,121,50,49,86,57,84,125,81,18,53,89" hai3="96,111,61,114,11,85,31,124,43,54,80,0,97"/><T90/><D105/><U122/><RYUUKYOKU type="yao9" ba="2,0" sc="298,0,222,0,240,0,240,0" hai1="2,37,38,56,58,74,82,103,108,115,116,122,127,135" /><INIT seed="0,3,0,4,4,102" ten="298,222,240,240" oya="0" hai0="38,120,8,34,127,56,115,45,57,53,78,89,90" hai1="13,79,126,88,84,77,76,94,87,74,123,31,114" hai2="63,14,59,81,5,82,97,23,134,93,98,26,70" hai3="106,75,124,11,85,104,99,69,51,65,61,44,117"/><T132/><D120/><U40/><E123/><V6/><F70/><W30/><G75/><T55/><D34/><U72/><E31/><V103/><F98/><W131/><G117/><T105/><D115/><U46/><E126/><V101/><F101/><W4/><G124/><T73/><D127/><U68/><E68/><V109/><F109/><W20/><G131/><T96/><D132/><U119/><E13/><V100/><F100/><W121/><G99/><T95/><D38/><U33/><E33/><V50/><F50/><W118/><G118/><T1/><D1/><U128/><E119/><V37/><F37/><W3/><G85/><T116/><D116/><U122/><E122/><V42/><F42/><W28/><G121/><T108/><D108/><U71/><E71/><V62/><F62/><W86/><G86/><T39/><D39/><U60/><E60/><V16/><F134/><W129/><G129/><T21/><D73/><U66/><E66/><V112/><F112/><W24/><REACH who="3" step="1"/><G30/><REACH who="3" ten="298,222,240,230" step="2"/><T125/><D125/><U15/><E128/><V29/><F82/><W130/><G130/><T91/><D96/><U111/><E111/><V36/><F81/><W58/><G58/><T47/><D56/><U135/><E114/><V41/><F41/><AGARI ba="3,1" hai="3,4,11,20,24,28,41,44,51,61,65,69,104,106" machi="41" ten="30,8000,1" yaku="1,1,7,1,52,2,53,1" doraHai="102" doraHaiUra="22" who="3" fromWho="2" sc="298,0,222,0,240,-89,230,99" /><INIT seed="1,0,0,4,1,63" ten="298,222,151,329" oya="1" hai0="98,19,118,86,71,11,126,105,115,121,49,66,128" hai1="31,129,65,9,59,54,56,90,5,100,106,99,44" hai2="110,94,22,77,122,75,57,119,69,88,2,32,104" hai3="36,26,97,81,73,78,41,18,68,74,111,46,43"/><U4/><E129/><V20/><F119/><W80/><G111/><T47/><D121/><U87/><E31/><V127/><F69/><W16/><G68/><T85/><D118/><U50/><E5/><V101/><F32/><W39/><G97/><T95/><D115/><U33/><E33/><V29/><F122/><W92/><G92/><T84/><D128/><U130/><E130/><V21/><F2/><W123/><G26/><T27/><D126/><U52/><E54/><V30/><F110/><W23/><G23/><N who="0" m="13823" /><D71/><U108/><E65/><V6/><F6/><W93/><G93/><T0/><D0/><U134/><E134/><V14/><F14/><W25/><G25/><T116/><D116/><U124/><E124/><V24/><F127/><W45/><G123/><T79/><D105/><U40/><E108/><V64/><F75/><W15/><G15/><T3/><D3/><U70/><E70/><V102/><F77/><AGARI ba="0,0" hai="16,18,36,39,41,43,45,46,73,74,77,78,80,81" machi="77" ten="40,8000,1" yaku="32,3,54,1" doraHai="63" who="3" fromWho="2" sc="298,0,222,0,151,-80,329,80" /><INIT seed="2,0,0,5,4,2" ten="298,222,71,409" oya="2" hai0="46,69,105,108,118,70,37,6,50,26,64,96,83" hai1="65,97,73,3,28,117,5,135,49,7,106,10,14" hai2="67,44,93,19,75,59,17,80,40,33,60,39,31" hai3="13,66,102,43,42,85,77,103,121,9,113,128,86"/><V126/><F126/><W29/><G121/><T68/><D108/><U120/><E73/><V58/><F33/><W110/><G128/><T84/><D118/><U112/><E117/><V32/><F32/><W131/><G131/><T132/><D132/><U41/><E112/><V16/><F31/><W88/><G29/><T4/><D37/><U92/><E106/><V79/><F93/><W11/><G110/><T82/><D105/><U18/><E3/><V123/><F123/><W104/><G104/><T100/><D64/><U30/><E65/><V116/><REACH who="2" step="1"/><F116/><REACH who="2" ten="298,222,61,409" step="2"/><W78/><G113/><T124/><D124/><U74/><E30/><V23/><F23/><W34/><G34/><T127/><D127/><U111/><E111/><V24/><F24/><W72/><G72/><T114/><D26/><U122/><E74/><V0/><F0/><W115/><G115/><T109/><D114/><U36/><E28/><V51/><F51/><W87/><G77/><T134/><D109/><U129/><E129/><V89/><F89/><W125/><G78/><T47/><D134/><U20/><E135/><V57/><AGARI ba="0,1" hai="16,17,19,39,40,44,57,58,59,60,67,75,79,80" machi="57" ten="30,6000,0" yaku="1,1,0,1,54,1,53,0" doraHai="2" doraHaiUra="8" who="2" fromWho="2" sc="298,-20,222,-20,61,70,409,-20" /><INIT seed="2,1,0,5,0,58" ten="278,202,131,389" oya="2" hai0="3,62,55,87,43,26,54,108,4,111,29,86,121" hai1="47,134,68,78,113,85,9,132,83,99,94,24,40" hai2="0,34,122,129,42,82,96,101,117,1,114,17,21" hai3="97,73,84,32,50,56,25,89,110,35,118,131,120"/><V128/><F114/><W91/><G120/><T116/><D121/><U2/><E113/><V125/><F122/><W74/><G118/><T66/><D116/><U126/><E68/><V28/><F117/><W107/><G110/><N who="0" m="42027" /><D43/><U51/><E126/><V10/><F82/><W100/><G131/><N who="2" m="50249" /><F42/><W81/><G91/><T69/><D4/><U90/><E2/><V60/><F34/><W72/><G25/><T38/><D38/><U49/><E24/><N who="2" m="16399" /><F125/><W30/><G30/><T93/><D3/><U41/><E9/><V103/><F103/><W19/><G19/><T67/><D67/><U39/><REACH who="1" step="1"/><E41/><REACH who="1" ten="278,192,131,389" step="2"/><V14/><F1/><W106/><G32/><T77/><D26/><U27/><E27/><V12/><F12/><W92/><G35/><T22/><D29/><U123/><E123/><V98/><F0/><W127/><G127/><T112/><D112/><U15/><E15/><V16/><F17/><W18/><G18/><T79/><D22/><U130/><E130/><V33/><F33/><W88/><G100/><T59/><D69/><U53/><E53/><V46/><F101/><W95/><G107/><T7/><D55/><U11/><E11/><V13/><F13/><W70/><G106/><T115/><D54/><U31/><E31/><V63/><F46/><W119/><G70/><T37/><D115/><U105/><E105/><V104/><F104/><W61/><G119/><T5/><D5/><U20/><E20/><V133/><F133/><AGARI ba="1,1" hai="39,40,47,49,51,78,83,85,90,94,99,132,133,134" machi="133" ten="40,8000,1" yaku="1,1,20,1,53,2" doraHai="58" doraHaiUra="44" who="1" fromWho="2" sc="278,0,192,93,131,-83,389,0" /><INIT seed="3,0,0,5,0,131" ten="278,285,48,389" oya="3" hai0="72,37,4,132,31,30,73,10,93,133,75,14,116" hai1="51,85,120,12,56,130,58,32,39,91,1,67,41" hai2="27,70,128,80,3,33,94,5,125,22,103,11,100" hai3="2,97,111,99,8,60,47,25,86,121,79,112,46"/><W24/><G121/><T49/><D116/><U35/><E1/><V55/><F128/><W36/><G112/><T88/><D37/><U68/><E130/><V118/><F118/><W84/><G111/><T77/><D77/><U98/><E98/><V101/><F70/><W114/><G114/><T96/><REACH who="0" step="1"/><D49/><REACH who="0" ten="268,285,48,389" step="2"/><U50/><E50/><V53/><F125/><W62/><G36/><T110/><D110/><U26/><E51/><V19/><F94/><W89/><G79/><T64/><D64/><U61/><E67/><V7/><F80/><W126/><G126/><T63/><D63/><U20/><E61/><V134/><F134/><AGARI ba="0,1" hai="4,10,14,30,31,72,73,75,88,93,96,132,133,134" machi="134" ten="50,16000,3" yaku="1,1,20,1,52,3,54,1,53,3" doraHai="131" doraHaiUra="105" who="0" fromWho="2" sc="268,170,285,0,48,-160,389,0" owari="438,53.0,285,-11.0,-112,-61.0,389,19.0" /></mjloggm>