<mjloggm ver="2.3"><GO type="41" lobby="0"/><UN n0="%E5%A4%96%E5%B7%9D%E7%AB%9C%E6%88%90" n1="%E2%93%9D%53%75%70%68%78" n2="%43%55%52%52%59%4D%41%4E" n3="%E3%81%82%E3%82%93%E3%81%AE%E3%81%95%E3%81%A8%E3%81%97" dan="15,18,15,15" rate="2013.41,2161.67,1969.99,2145.90" sx="M,M,M,M"/><TAIKYOKU oya="0"/><INIT seed="0,0,0,4,3,60" ten="250,250,250,250" oya="0" hai0="9,81,51,134,132,90,6,111,59,10,54,3,53" hai1="75,25,119,13,35,130,98,45,14,96,74,37,82" hai2="95,121,71,49,67,38,36,31,115,102,22,17,99" hai3="64,15,28,61,29,21,30,128,76,24,97,48,122"/><T129/><D129/><U19/><E119/><V108/><F108/><W44/><G128/><T135/><D111/><U47/><E130/><V125/><F125/><W88/><G76/><T41/><D10/><U7/><E7/><V123/><F115/><W79/><G79/><T39/><D39/><U4/><E4/><V110/><F31/><W109/><G15/><T80/><D41/><U50/><E50/><V46/><F110/><W52/><G122/><T11/><D90/><U117/><E25/><V107/><F107/><W83/><G109/><T42/><D42/><U116/><E19/><V0/><F0/><W43/><G43/><T86/><D86/><U133/><E82/><V92/><F92/><N who="3" m="56455" /><G83/><T62/><REACH who="0" step="1"/><D9/><REACH who="0" ten="240,250,250,250" step="2"/><U16/><E37/><V104/><F38/><W55/><G55/><T8/><D8/><U101/><E117/><V120/><F36/><W106/><G106/><T91/><D91/><U63/><E116/><V58/><F104/><W73/><G73/><T5/><D5/><U100/><E75/><V57/><F123/><W87/><G87/><T27/><D27/><U32/><E74/><V65/><F121/><W124/><G124/><T84/><D84/><U113/><E113/><V131/><F131/><W112/><G112/><T93/><D93/><U40/><E40/><N who="2" m="24775" /><F120/><W68/><G24/><T12/><D12/><U89/><E14/><N who="2" m="9527" /><F71/><W56/><G68/><T2/><D2/><U78/><E13/><V103/><F103/><W23/><AGARI ba="0,1" hai="21,23,28,29,30,44,48,52,56,61,64" m="56455" machi="23" ten="30,7900,0" yaku="8,1,52,1,54,2" doraHai="60" who="3" fromWho="3" sc="240,-39,250,-20,250,-20,250,89" /><INIT seed="1,0,0,2,1,82" ten="201,230,230,339" oya="1" hai0="51,29,88,43,75,2,38,27,90,52,87,127,25" hai1="5,123,10,115,121,95,17,68,58,99,23,9,94" hai2="80,53,65,112,124,15,107,3,126,6,62,76,1" hai3="30,102,66,33,32,118,74,4,47,128,26,120,49"/><U41/><E68/><V93/><F107/><W96/><G120/><T86/><D75/><U113/><E41/><V39/><F39/><W60/><G128/><T85/><D2/><U89/><E58/><V119/><F112/><W106/><G4/><T122/><D127/><U16/><E5/><V135/><F135/><W111/><G111/><T19/><D122/><U54/><E54/><V46/><F119/><W61/><G118/><T117/><D117/><U81/><E81/><V8/><F124/><W73/><G60/><T109/><D109/><U70/><E70/><V48/><F126/><W108/><G33/><T101/><D101/><U18/><E23/><V21/><F21/><W104/><G104/><T134/><D134/><U37/><E37/><V71/><REACH who="2" step="1"/><F93/><REACH who="2" ten="201,230,220,339" step="2"/><W36/><G36/><T42/><D38/><U91/><E18/><V133/><F133/><W57/><G108/><T69/><D69/><U67/><REACH who="1" step="1"/><E99/><REACH who="1" ten="201,220,220,339" step="2"/><V11/><F11/><W98/><G96/><T110/><D110/><U125/><E125/><V100/><F100/><W103/><G102/><T24/><D19/><U28/><E28/><V13/><F13/><W45/><G45/><N who="0" m="27759" /><D29/><U130/><E130/><V132/><F132/><W129/><G129/><T97/><D97/><U35/><E35/><V78/><F78/><W79/><G79/><T7/><D7/><U131/><E131/><V83/><F83/><W77/><G77/><T44/><D44/><U40/><E40/><AGARI ba="0,2" hai="26,30,32,40,47,49,57,61,66,73,74,98,103,106" machi="40" ten="30,1000,0" yaku="7,1" doraHai="82" who="3" fromWho="1" sc="201,0,220,-10,220,0,339,30" /><AGARI ba="0,0" hai="24,25,27,40,42,43,85,86,87,88,90" m="27759" machi="40" ten="30,12000,2" yaku="8,1,52,3,54,2" doraHai="82" who="0" fromWho="1" sc="201,120,210,-120,220,0,369,0" /><INIT seed="2,0,0,2,1,95" ten="321,90,220,369" oya="2" hai0="124,42,76,102,120,26,90,19,54,63,114,1,93" hai1="105,113,94,133,39,6,128,58,56,82,96,2,66" hai2="112,21,32,50,89,85,15,111,5,64,48,52,98" hai3="78,17,30,37,80,86,70,18,11,25,16,22,121"/><V13/><F32/><W65/><G37/><T81/><D120/><U88/><E113/><V71/><F111/><W83/><G121/><T20/><D124/><U4/><E39/><V33/><F33/><W129/><G129/><T55/><D1/><U91/><E105/><V45/><F64/><W106/><G106/><T74/><D114/><U130/><E133/><V117/><F71/><W31/><G31/><T27/><D42/><U24/><E24/><V8/><F112/><W53/><G53/><T3/><D3/><U77/><E91/><V110/><F110/><W38/><G38/><T75/><D102/><U84/><E2/><V87/><F117/><W61/><G83/><T9/><D9/><U57/><REACH who="1" step="1"/><E66/><REACH who="1" ten="321,80,220,369" step="2"/><V127/><F127/><W68/><G70/><T118/><D118/><U100/><E100/><V134/><F134/><W23/><REACH who="3" step="1"/><G11/><REACH who="3" ten="321,80,220,359" step="2"/><T79/><D81/><U107/><E107/><V10/><F8/><W119/><G119/><T29/><D29/><U51/><E51/><V108/><F50/><W131/><G131/><AGARI ba="0,2" hai="4,6,56,57,58,77,82,84,88,94,96,128,130,131" machi="131" ten="40,12000,2" yaku="1,1,19,1,52,1,54,1,53,3" doraHai="95" doraHaiUra="125" who="1" fromWho="3" sc="321,0,80,140,220,0,359,-120" /><INIT seed="3,0,0,0,1,11" ten="321,220,220,239" oya="3" hai0="68,125,87,58,90,64,74,124,51,46,88,9,71" hai1="35,134,111,114,19,31,39,25,79,89,116,23,73" hai2="14,119,10,60,77,62,135,3,95,26,56,32,120" hai3="40,20,97,21,101,126,59,13,48,16,55,86,66"/><W92/><G126/><N who="0" m="48747" /><D74/><U41/><E114/><V45/><F135/><W15/><G66/><T47/><D47/><U18/><E111/><V105/><F105/><W53/><G40/><N who="0" m="25031" /><D9/><U131/><E131/><V112/><F112/><W7/><G7/><T49/><D49/><U69/><E116/><V107/><F107/><W12/><G21/><T100/><D100/><U76/><E73/><V34/><F3/><W82/><G55/><T132/><D132/><U0/><E23/><V24/><F77/><AGARI ba="0,0" hai="12,13,15,16,20,48,53,59,77,82,86,92,97,101" machi="77" ten="30,18000,2" yaku="7,1,8,1,52,3,54,1" doraHai="11" who="3" fromWho="2" sc="321,0,220,0,220,-180,239,180" /><INIT seed="3,1,0,1,0,13" ten="321,220,40,419" oya="3" hai0="135,86,21,129,31,35,63,24,131,5,130,92,65" hai1="105,103,11,38,46,28,124,40,17,122,112,104,128" hai2="69,43,121,39,71,56,3,73,78,22,27,10,53" hai3="67,107,60,88,116,66,102,115,19,64,48,94,47"/><W50/><G116/><T125/><D5/><U99/><E122/><V132/><F132/><W108/><G115/><T75/><D75/><U114/><E124/><V134/><F134/><W16/><G107/><T77/><D135/><U15/><E128/><V91/><F121/><W79/><G102/><T4/><D4/><U7/><E105/><V74/><F10/><W8/><G79/><T44/><D44/><U61/><E28/><V101/><F101/><W109/><G60/><T84/><D125/><U37/><E37/><V49/><F3/><W126/><G8/><T45/><D45/><U52/><REACH who="1" step="1"/><E7/><REACH who="1" ten="321,210,40,419" step="2"/><V82/><F74/><W36/><G36/><T32/><D92/><U57/><AGARI ba="1,1" hai="11,15,17,38,40,46,52,57,61,99,103,104,112,114" machi="57" ten="30,8000,1" yaku="1,1,2,1,0,1,52,1,54,1,53,0" doraHai="13" doraHaiUra="30" who="1" fromWho="1" sc="321,-21,210,93,40,-21,419,-41" /><INIT seed="4,0,0,2,1,89" ten="300,303,19,378" oya="0" hai0="32,105,37,102,87,63,135,116,10,112,11,7,45" hai1="17,64,114,99,118,48,124,127,76,54,131,70,34" hai2="50,33,20,126,42,71,67,133,111,22,96,101,83" hai3="91,104,80,30,24,134,25,95,100,72,82,56,28"/><T107/><D116/><U123/><E34/><V65/><F33/><W108/><G108/><T88/><D135/><U21/><E118/><V98/><F126/><N who="1" m="48169" /><E76/><V119/><F119/><W40/><G104/><T41/><D112/><U59/><E123/><V120/><F120/><W38/><G100/><T0/><D32/><U47/><E99/><V23/><F133/><W128/><G128/><T62/><D11/><U69/><E17/><V81/><F71/><N who="1" m="27145" /><E21/><V68/><F68/><W53/><G72/><T73/><D73/><U110/><E110/><V94/><F98/><W113/><G113/><T35/><D35/><U16/><E16/><V92/><F111/><W5/><G5/><T60/><REACH who="0" step="1"/><D102/><REACH who="0" ten="290,303,19,378" step="2"/><U6/><E114/><V74/><F74/><W57/><G134/><T130/><D130/><U125/><E125/><V19/><F101/><W43/><G28/><T26/><D26/><U78/><E6/><V117/><F19/><W27/><G30/><T79/><D79/><U122/><E78/><V13/><F13/><W49/><G24/><T1/><D1/><U8/><E8/><V106/><F117/><W77/><G25/><T51/><D51/><U109/><E109/><V84/><F96/><W75/><G77/><T86/><D86/><U85/><E85/><V31/><F84/><N who="3" m="52711" /><G27/><T36/><D36/><U115/><E115/><V129/><F31/><W66/><G75/><T58/><D58/><U97/><E122/><V61/><F129/><W14/><G38/><T103/><D103/><U12/><E131/><V39/><F39/><W2/><G2/><T29/><D29/><RYUUKYOKU ba="0,1" sc="290,30,303,-10,19,-10,378,-10" hai0="0,7,10,37,41,45,60,62,63,87,88,105,107" /><INIT seed="4,1,1,1,5,37" ten="320,293,9,368" oya="0" hai0="10,67,81,77,119,107,2,1,15,85,9,44,83" hai1="35,109,135,31,16,24,63,52,60,89,25,0,65" hai2="115,127,110,126,12,106,40,4,47,17,3,86,128" hai3="70,101,21,23,68,61,125,76,20,82,96,117,66"/><T42/><D119/><U99/><E0/><V18/><F106/><W97/><G117/><T43/><D107/><U79/><E109/><V34/><F34/><W62/><G125/><N who="2" m="47625" /><F3/><W94/><G97/><T104/><D104/><U39/><E39/><N who="2" m="21919" /><F110/><W8/><G8/><T29/><D29/><U36/><E36/><V7/><F128/><W75/><G62/><T58/><D1/><U123/><E123/><V48/><F115/><W95/><REACH who="3" step="1"/><G94/><REACH who="3" ten="320,293,9,358" step="2"/><T11/><D2/><U103/><E63/><V113/><F113/><W92/><G92/><T90/><D15/><U98/><E60/><V93/><F93/><W71/><AGARI ba="1,2" hai="20,21,23,61,66,68,70,71,75,76,82,95,96,101" machi="71" ten="30,2000,0" yaku="1,1,0,1,53,0" doraHai="37" doraHaiUra="112" who="3" fromWho="3" sc="320,-11,293,-6,9,-6,358,43" /><INIT seed="5,0,0,3,5,3" ten="309,287,3,401" oya="1" hai0="130,63,69,58,119,71,99,77,50,1,79,81,120" hai1="105,104,128,41,22,101,129,74,89,6,94,57,133" hai2="11,73,123,47,60,95,88,125,51,46,131,2,113" hai3="121,26,98,17,5,12,44,31,115,45,118,8,59"/><U122/><E41/><V90/><F73/><W28/><G121/><T91/><D119/><U68/><E68/><V53/><F123/><W55/><G115/><T102/><D120/><U56/><E122/><V48/><F131/><N who="1" m="50249" /><E101/><V34/><F34/><W65/><G65/><T85/><D1/><U135/><E22/><V127/><F60/><N who="3" m="35967" /><G98/><T61/><D130/><U37/><E37/><V36/><F36/><W84/><G84/><T40/><D61/><U107/><E6/><N who="2" m="1495" /><F113/><W38/><G38/><T21/><D21/><U52/><E74/><V7/><F7/><W67/><G67/><T116/><D116/><U64/><E64/><V49/><F95/><W4/><G118/><T126/><D126/><N who="2" m="48138" /><F49/><W110/><G110/><T27/><D50/><N who="1" m="30743" /><E57/><V93/><F93/><W76/><G4/><T117/><D58/><U124/><E124/><V75/><F75/><W106/><G5/><T20/><D117/><U100/><E100/><V114/><F114/><W83/><G106/><N who="1" m="27138" /><U82/><DORA hai="25" /><E82/><V35/><F35/><W132/><G83/><T54/><D69/><U43/><E43/><AGARI ba="0,0" hai="43,46,47,48,51,53,88,90" m="48138,1495" machi="43" ten="30,3900,0" yaku="18,1,52,1,54,1" doraHai="3,25" who="2" fromWho="1" sc="309,0,287,-39,3,39,401,0" /><INIT seed="6,0,0,5,4,51" ten="309,248,42,401" oya="2" hai0="27,97,1,11,2,49,87,91,95,118,89,98,32" hai1="13,71,125,50,45,129,99,16,102,31,12,107,8" hai2="14,6,55,3,105,96,70,26,79,82,28,69,81" hai3="126,130,42,112,38,72,67,78,75,93,66,58,10"/><V17/><F3/><W123/><G93/><T73/><D73/><U15/><E129/><V119/><F6/><W25/><G58/><T83/><D118/><U39/><E125/><V85/><F119/><W9/><G42/><T5/><D1/><U88/><E71/><V80/><F70/><W110/><G25/><T134/><D134/><U124/><E39/><V22/><F69/><W21/><G21/><T84/><REACH who="0" step="1"/><D49/><REACH who="0" ten="299,248,42,401" step="2"/><U60/><E124/><V4/><F4/><W29/><G126/><T48/><D48/><U101/><E60/><V113/><F113/><W56/><G112/><T37/><D37/><U104/><E31/><AGARI ba="0,1" hai="2,5,11,27,31,32,83,84,87,89,91,95,97,98" machi="31" ten="40,1300,0" yaku="1,1,53,0" doraHai="51" doraHaiUra="100" who="0" fromWho="1" sc="299,23,248,-13,42,0,401,0" /><INIT seed="7,0,0,3,4,79" ten="322,235,42,401" oya="3" hai0="59,114,8,92,69,73,74,77,53,106,33,47,37" hai1="90,87,11,19,38,86,125,36,55,123,23,45,104" hai2="124,27,29,91,35,89,26,93,130,3,44,101,42" hai3="15,57,2,12,80,30,10,82,117,78,108,67,120"/><W60/><G117/><T128/><D106/><U133/><E104/><V31/><F3/><W131/><G120/><T28/><D69/><U39/><E125/><V50/><F130/><W32/><G131/><T96/><D128/><U17/><E133/><V52/><F124/><W76/><G32/><T5/><D28/><U112/><E112/><V105/><F105/><W95/><G30/><T7/><D7/><U119/><E119/><V14/><F101/><W111/><G95/><T103/><D33/><U22/><E11/><V94/><F29/><W16/><G2/><T6/><D114/><U9/><E9/><V118/><F31/><W135/><G135/><T25/><D25/><U127/><E127/><V51/><F35/><W102/><G102/><T4/><D8/><U68/><E68/><V66/><F66/><W126/><G126/><T20/><D20/><U109/><E109/><V122/><F14/><W65/><G67/><T85/><D47/><U81/><E123/><V0/><F0/><W49/><G49/><T24/><D24/><U21/><E45/><V83/><F83/><N who="3" m="31787" /><G15/><T61/><D37/><U121/><E121/><V70/><F70/><W97/><G97/><T41/><D74/><U1/><E1/><V116/><F122/><W71/><G71/><T132/><D73/><U88/><REACH who="1" step="1"/><E55/><REACH who="1" ten="322,225,42,401" step="2"/><V34/><F34/><W40/><G108/><T43/><D132/><U13/><E13/><V56/><F118/><W107/><G111/><T115/><D115/><U54/><E54/><V129/><F116/><W99/><G107/><T84/><D53/><U64/><E64/><RYUUKYOKU ba="0,1" sc="322,-10,225,30,42,-10,401,-10" hai1="17,19,21,22,23,36,38,39,81,86,87,88,90" owari="312,11.0,255,-14.0,32,-47.0,401,50.0" /></mjloggm>