<mjloggm ver="2.3"><GO type="41" lobby="0"/><UN n0="%74%77%69%74%63%68" n1="%E7%A5%9E%E5%91%AA%E9%AD%94%E5%A5%B3" n2="%E3%82%AA%E3%83%AB%E3%82%AB%E3%82%BC" n3="%E2%93%9D%53%75%70%68%78" dan="14,14,15,18" rate="1938.69,2020.95,2027.31,2126.66" sx="M,F,M,M"/><TAIKYOKU oya="0"/><INIT seed="0,0,0,3,5,7" ten="250,250,250,250" oya="0" hai0="112,1,21,82,25,115,90,17,39,97,31,30,11" hai1="0,68,36,19,121,120,69,58,127,108,47,86,14" hai2="134,57,104,55,106,130,54,20,8,32,41,111,59" hai3="113,6,27,81,102,5,124,49,23,75,66,125,92"/><T123/><D123/><U133/><E0/><V126/><F32/><W15/><G113/><T91/><D39/><U24/><E108/><V43/><F111/><W101/><G66/><T70/><D70/><U100/><E127/><N who="3" m="48714" /><G49/><T64/><D64/><U118/><E118/><V79/><F126/><W87/><G75/><T132/><D132/><U88/><E133/><V10/><F20/><W62/><G62/><T45/><D45/><U83/><E58/><V48/><F48/><W65/><G92/><T129/><D129/><U122/><E24/><V107/><F134/><W33/><G65/><T26/><D91/><U61/><E61/><V9/><F79/><N who="3" m="46527" /><G33/><T93/><D82/><U53/><E100/><N who="3" m="38506" /><G15/><T117/><D117/><U56/><E56/><N who="2" m="21579" /><F130/><W50/><G50/><T52/><D52/><AGARI ba="0,0" hai="8,9,10,41,43,52,54,55,104,106,107" m="21579" machi="52" ten="40,12000,2" yaku="28,2,52,3,54,1" doraHai="7" who="2" fromWho="0" sc="250,-120,250,0,250,120,250,0" /><INIT seed="1,0,0,5,5,70" ten="130,250,370,250" oya="1" hai0="79,42,39,49,126,91,22,84,107,103,68,110,76" hai1="41,77,65,74,34,94,120,3,6,131,32,100,8" hai2="75,35,95,20,93,12,29,16,62,125,63,121,48" hai3="4,73,135,5,25,1,71,72,80,88,23,82,51"/><U57/><E120/><V127/><F121/><W17/><G71/><T118/><D118/><U130/><E57/><V122/><F122/><W14/><G135/><T109/><D68/><U116/><E65/><V98/><F75/><W66/><G66/><T129/><D49/><U113/><E116/><V59/><F48/><W123/><G1/><T132/><D22/><U117/><E117/><V28/><F93/><W2/><G2/><T96/><D42/><U18/><E113/><V90/><F35/><W19/><G123/><T115/><D115/><U38/><E18/><V61/><REACH who="2" step="1"/><F59/><REACH who="2" ten="130,250,360,250" step="2"/><W124/><G73/><T21/><D132/><U105/><E94/><V50/><F50/><W69/><G72/><T11/><D109/><U99/><E130/><V31/><AGARI ba="0,1" hai="12,16,20,28,29,31,61,62,63,90,95,98,125,127" machi="31" ten="40,8000,1" yaku="1,1,0,1,54,1,53,1" doraHai="70" doraHaiUra="10" who="2" fromWho="2" sc="130,-20,250,-40,360,90,250,-20" /><INIT seed="2,0,0,4,0,42" ten="110,210,450,230" oya="2" hai0="74,133,84,72,8,47,13,12,98,10,56,132,26" hai1="130,111,49,91,96,68,113,63,14,35,50,125,88" hai2="122,62,134,124,7,37,61,77,80,0,126,90,9" hai3="46,114,30,117,31,55,59,25,3,76,120,87,51"/><V45/><F122/><W53/><G117/><T41/><D56/><U67/><E113/><V81/><F90/><W52/><G3/><T86/><D98/><U40/><E35/><V27/><F27/><W64/><G120/><T17/><D26/><U116/><E116/><V119/><F119/><W20/><G114/><T32/><D32/><U123/><E123/><V36/><F134/><W121/><G121/><T107/><D107/><U48/><E111/><V104/><F104/><W115/><G115/><T5/><D41/><U79/><E125/><N who="2" m="48235" /><F80/><N who="3" m="47495" /><G31/><T129/><D129/><U15/><E130/><V112/><F112/><W6/><G6/><T89/><D89/><U95/><E79/><V22/><F22/><W106/><G106/><T34/><D34/><U39/><REACH who="1" step="1"/><E91/><REACH who="1" ten="110,200,450,230" step="2"/><V60/><F77/><W18/><G30/><T73/><D132/><U66/><E66/><V24/><F37/><W103/><G103/><T57/><D133/><U85/><E85/><V54/><F36/><W127/><G127/><T92/><D84/><U82/><E82/><V44/><F81/><W69/><G69/><T2/><D86/><U97/><E97/><V29/><F54/><N who="3" m="30071" /><G64/><T131/><D131/><U21/><E21/><V70/><F70/><W58/><AGARI ba="0,1" hai="18,20,25,52,53,55,58,59" m="30071,47495" machi="58" ten="30,4000,0" yaku="8,1,52,1,54,1" doraHai="42" who="3" fromWho="3" sc="110,-10,200,-10,450,-20,230,50" /><INIT seed="3,0,0,0,4,41" ten="100,190,430,280" oya="3" hai0="65,89,110,20,57,74,129,134,50,38,87,127,77" hai1="75,5,34,107,55,8,40,70,21,61,73,23,62" hai2="19,35,81,126,13,6,98,100,63,131,25,121,116" hai3="17,104,60,96,78,49,29,106,92,30,88,67,105"/><W132/><G132/><T101/><D134/><U15/><E34/><V10/><F116/><W45/><G78/><T93/><D38/><U66/><E107/><V123/><F126/><W95/><G17/><T112/><D127/><U125/><E125/><V1/><F131/><W109/><G95/><T68/><D129/><U86/><E86/><V72/><F63/><W32/><G32/><T124/><D124/><U16/><E40/><V22/><F81/><W43/><REACH who="3" step="1"/><G109/><REACH who="3" ten="100,190,430,270" step="2"/><T39/><D110/><U28/><E16/><V115/><F115/><W135/><G135/><T117/><D112/><U111/><E111/><V14/><F72/><W3/><G3/><T51/><D77/><U120/><E73/><V54/><F35/><W4/><G4/><T128/><D74/><U52/><E75/><V114/><F114/><W2/><G2/><T9/><D128/><U99/><E5/><V82/><F121/><W46/><G46/><T36/><D93/><U85/><E120/><V47/><F123/><W48/><G48/><T118/><D51/><U91/><E28/><V24/><F47/><W79/><G79/><T69/><D50/><U27/><E61/><V102/><F1/><W113/><G113/><T94/><D94/><U56/><E62/><V11/><F6/><W18/><G18/><T53/><D39/><U122/><E122/><V133/><F19/><W84/><G84/><T59/><D36/><U0/><E0/><V44/><F44/><W90/><G90/><T83/><D89/><U80/><E91/><V130/><F133/><W64/><G64/><T71/><D65/><RYUUKYOKU ba="0,1" sc="100,-10,190,-10,430,-10,270,30" hai3="29,30,43,45,49,60,67,88,92,96,104,105,106" /><INIT seed="3,1,1,3,4,59" ten="90,180,420,300" oya="3" hai0="95,115,45,63,76,135,113,24,33,120,26,114,78" hai1="30,123,105,51,57,4,22,8,67,54,19,96,124" hai2="72,48,93,127,2,41,92,106,133,109,1,20,130" hai3="89,83,73,27,129,6,79,18,117,116,85,52,88"/><W101/><G6/><T119/><D120/><U94/><E123/><V132/><F106/><W43/><G43/><T10/><D119/><U3/><E124/><V112/><F112/><W38/><G38/><T68/><D135/><U131/><E131/><V49/><F130/><W42/><G42/><T5/><D45/><U77/><E105/><V12/><F41/><W39/><G39/><T50/><D50/><U91/><E77/><V32/><F127/><W100/><G129/><T31/><D26/><U44/><E30/><V17/><F72/><W125/><G125/><T126/><D95/><U29/><E29/><V47/><F47/><W99/><G18/><T55/><D55/><U82/><E82/><V53/><F32/><W36/><G27/><T13/><REACH who="0" step="1"/><D126/><REACH who="0" ten="80,180,420,300" step="2"/><U0/><E44/><V128/><F53/><W25/><G36/><T37/><D37/><U46/><E46/><V111/><F128/><W56/><G25/><T87/><D87/><U7/><E54/><V103/><F132/><W11/><G117/><T15/><D15/><U108/><E51/><V9/><F48/><W69/><G116/><T34/><D34/><U61/><E108/><V66/><F49/><W23/><G85/><T40/><D40/><U97/><E97/><N who="2" m="59815" /><F133/><W98/><G98/><T28/><D28/><U81/><E94/><V90/><F93/><W104/><G99/><T86/><D86/><U80/><E96/><V35/><F109/><W122/><G122/><T70/><D70/><U107/><E107/><V75/><F111/><W71/><G104/><T16/><D16/><U14/><E91/><RYUUKYOKU ba="1,2" sc="80,15,180,15,420,-15,300,-15" hai0="5,10,13,24,31,33,63,68,76,78,113,114,115" hai1="0,3,4,7,8,14,19,22,57,61,67,80,81" /><INIT seed="4,2,2,4,3,131" ten="95,195,405,285" oya="0" hai0="6,12,99,8,11,13,110,33,93,133,26,134,118" hai1="24,68,3,104,70,7,2,76,112,122,22,1,111" hai2="87,38,116,81,49,80,44,117,46,84,54,47,113" hai3="78,106,63,119,58,135,120,69,19,17,98,36,0"/><T100/><D118/><N who="2" m="45674" /><F113/><W132/><G119/><T108/><D33/><U59/><E111/><N who="0" m="42537" /><D26/><U34/><E122/><V15/><F15/><W94/><G0/><T128/><D128/><U73/><E112/><V95/><F95/><W129/><G36/><T75/><D75/><U45/><E7/><AGARI ba="2,2" hai="6,7,8,11,12,13,93,99,100,133,134" m="42537" machi="7" ten="30,5800,0" yaku="10,1,52,2" doraHai="131" who="0" fromWho="1" sc="95,84,195,-64,405,0,285,0" /><INIT seed="4,3,0,4,4,113" ten="179,131,405,285" oya="0" hai0="75,25,64,29,44,128,78,40,119,85,82,7,110" hai1="37,135,38,84,13,52,55,18,42,36,8,98,46" hai2="2,10,48,123,9,92,87,24,71,50,101,56,35" hai3="68,67,120,117,99,19,54,62,43,57,127,125,131"/><T118/><D128/><U4/><E135/><V1/><F71/><W33/><G33/><N who="0" m="20655" /><D85/><U89/><E98/><V74/><F74/><W11/><G131/><T39/><D64/><U14/><E36/><V69/><F69/><W80/><G120/><T16/><D16/><U133/><E37/><V105/><F105/><W65/><G65/><T124/><D124/><U70/><E70/><V88/><F123/><W59/><G80/><T91/><D91/><U112/><E133/><V103/><F2/><W115/><G68/><T106/><D7/><U26/><E26/><V23/><F35/><W60/><G19/><T86/><D86/><U49/><E38/><V108/><F1/><W21/><G67/><T12/><D12/><U30/><E30/><V15/><F9/><W28/><G11/><T109/><D106/><U63/><E112/><V114/><F114/><W22/><G28/><T5/><D5/><U111/><E63/><V121/><F121/><W122/><G115/><T104/><D104/><U53/><E111/><AGARI ba="3,0" hai="39,40,44,75,78,82,109,110,111,118,119" m="20655" machi="111" ten="30,11600,0" yaku="10,1,23,1,52,2" doraHai="113" who="0" fromWho="1" sc="179,125,131,-125,405,0,285,0" /><INIT seed="4,4,0,2,2,108" ten="304,6,405,285" oya="0" hai0="128,93,133,4,8,12,121,52,19,31,69,14,104" hai1="47,117,25,97,18,94,56,16,17,46,132,7,44" hai2="99,89,72,81,135,130,34,115,54,63,75,106,103" hai3="26,9,76,36,60,92,85,112,65,78,125,118,74"/><T113/><D104/><U70/><E117/><V22/><F34/><W15/><G36/><T98/><D121/><U41/><E70/><V51/><F115/><W101/><G74/><T10/><D128/><U105/><E105/><V87/><F135/><W33/><G125/><T77/><D133/><U73/><E132/><V30/><F130/><W42/><G42/><T124/><D124/><U0/><E73/><V21/><F63/><W131/><G112/><T27/><D69/><U13/><E0/><V90/><F90/><W114/><G114/><T110/><D113/><U61/><E41/><V96/><F96/><W67/><G118/><T123/><D77/><U1/><E1/><V109/><F109/><W29/><G67/><T86/><D86/><U49/><E49/><V39/><F39/><W129/><G129/><T3/><D123/><U38/><E7/><V55/><F55/><W82/><G131/><T37/><D37/><U58/><E38/><V100/><F100/><W59/><G101/><T95/><D110/><U107/><E107/><V48/><F48/><W6/><REACH who="3" step="1"/><G92/><REACH who="3" ten="304,6,405,275" step="2"/><T64/><D64/><N who="1" m="38951" /><E58/><N who="2" m="33119" /><F75/><W43/><G43/><T45/><D3/><U79/><E79/><AGARI ba="4,1" hai="6,9,15,26,29,33,59,60,65,76,78,79,82,85" machi="79" ten="30,2000,0" yaku="1,1,7,1,53,0" doraHai="108" doraHaiUra="50" who="3" fromWho="1" sc="304,0,6,-32,405,0,275,42" owari="304,-10.0,-26,-53.0,405,51.0,317,12.0" /></mjloggm>