<mjloggm ver="2.3"><GO type="41" lobby="0"/><UN n0="%54%72%75%6D%70" n1="%E2%93%9D%53%75%70%68%78" n2="%73%68%6F%6B%61%74%77%6F" n3="%E3%82%8A%E3%82%85%E3%83%BC%E3%81%92" dan="13,18,14,15" rate="1869.74,2084.98,1906.01,2086.35" sx="M,M,M,M"/><TAIKYOKU oya="0"/><INIT seed="0,0,0,1,2,110" ten="250,250,250,250" oya="0" hai0="84,70,109,104,38,63,117,52,54,119,0,58,27" hai1="133,131,126,34,71,50,19,32,37,97,29,30,67" hai2="127,106,45,41,134,80,93,77,6,13,14,26,73" hai3="115,28,89,57,10,46,92,111,1,43,81,39,95"/><T107/><D0/><U42/><E37/><V120/><F106/><W62/><G111/><T79/><D109/><U65/><E131/><V15/><F120/><W55/><G28/><T51/><D38/><U113/><E133/><V49/><F127/><W75/><G115/><T8/><D8/><U4/><E4/><V108/><F108/><W36/><G36/><T16/><D107/><U47/><E71/><V53/><F93/><W85/><G75/><T76/><D104/><U21/><E126/><V114/><F134/><W105/><G105/><T72/><D72/><U74/><E74/><V83/><F83/><W96/><G1/><T25/><D25/><U99/><E113/><V102/><F102/><W61/><G10/><T132/><D132/><U78/><E78/><V101/><F101/><W91/><REACH who="3" step="1"/><G81/><REACH who="3" ten="250,250,250,240" step="2"/><T2/><D2/><U121/><E30/><V118/><F6/><W66/><G66/><T9/><D119/><U3/><E67/><V48/><F118/><W17/><G17/><T103/><D117/><U94/><E65/><V87/><F73/><W122/><G122/><T68/><D9/><U59/><E29/><V7/><F7/><W11/><G11/><T82/><D16/><U116/><E3/><V100/><F100/><W12/><G12/><T69/><D103/><U123/><E116/><V35/><F114/><W20/><G20/><T24/><REACH who="0" step="1"/><D79/><REACH who="0" ten="240,250,250,240" step="2"/><U5/><E123/><V23/><F35/><W124/><G124/><T56/><AGARI ba="0,2" hai="24,27,51,52,54,56,58,63,68,69,70,76,82,84" machi="56" ten="40,12000,1" yaku="1,1,2,1,0,1,54,1,53,0" doraHai="110" doraHaiUra="98" who="0" fromWho="0" sc="240,140,250,-40,250,-40,240,-40" /><INIT seed="0,1,0,3,5,80" ten="380,210,210,200" oya="0" hai0="4,17,85,44,112,18,124,28,57,101,79,109,13" hai1="77,76,22,115,84,134,47,97,117,14,89,51,73" hai2="25,40,34,1,119,96,123,114,103,125,75,132,5" hai3="102,12,88,2,32,23,31,41,30,71,50,133,61"/><T63/><D112/><U87/><E117/><V11/><F123/><W67/><G2/><T74/><D74/><U118/><E73/><V105/><F114/><W38/><G38/><T46/><D124/><U122/><E134/><V59/><F125/><W68/><G68/><T39/><D109/><U66/><E122/><V104/><F59/><W60/><G133/><T116/><D116/><U8/><E66/><V9/><F9/><W36/><G36/><T81/><D28/><U111/><E111/><V55/><F55/><W94/><G102/><T7/><D101/><U78/><E22/><V110/><F110/><W42/><G32/><T128/><D128/><U53/><E118/><V16/><F40/><W91/><G91/><T106/><D106/><U82/><E97/><V70/><F70/><W20/><G61/><T72/><D72/><U98/><E98/><V49/><F49/><W33/><G33/><T15/><D39/><U6/><REACH who="1" step="1"/><E115/><REACH who="1" ten="380,200,210,200" step="2"/><V27/><F96/><W126/><G126/><T45/><D4/><U26/><E26/><V24/><F34/><W65/><G65/><N who="0" m="39151" /><D7/><U35/><E35/><V95/><F75/><W100/><G23/><T21/><D21/><U56/><E56/><V58/><F58/><W113/><G113/><T62/><D62/><U54/><E54/><V93/><F132/><W37/><G20/><T127/><D127/><U10/><E10/><V99/><F119/><W107/><G67/><T92/><D85/><AGARI ba="1,1" hai="6,8,14,47,51,53,76,77,78,82,84,85,87,89" machi="85" ten="40,8000,1" yaku="1,1,8,1,52,3,53,0" doraHai="80" doraHaiUra="108" who="1" fromWho="0" sc="380,-83,200,93,210,0,200,0" /><INIT seed="1,0,0,2,4,19" ten="297,293,210,200" oya="1" hai0="56,54,0,11,59,120,1,24,34,67,94,3,134" hai1="101,92,111,114,124,41,43,32,40,44,76,80,42" hai2="106,62,21,29,33,16,75,116,22,79,135,132,9" hai3="55,78,68,126,46,7,63,10,88,66,121,20,18"/><U99/><E114/><V58/><F106/><W48/><G121/><T39/><D39/><U31/><E124/><V81/><F33/><W13/><G126/><T70/><D120/><U6/><E111/><V97/><F97/><W15/><G78/><T60/><D134/><N who="2" m="51242" /><F29/><W72/><G72/><T64/><D64/><U93/><E6/><V89/><F89/><W25/><REACH who="3" step="1"/><G88/><REACH who="3" ten="297,293,210,190" step="2"/><T36/><D36/><U38/><E38/><V77/><F77/><W104/><G104/><T125/><D125/><U128/><E76/><V103/><F103/><W52/><G52/><T14/><D94/><U112/><E93/><V47/><F47/><W50/><G50/><T96/><D54/><U85/><E92/><V131/><F131/><W2/><AGARI ba="0,1" hai="2,7,10,13,15,18,20,25,46,48,55,63,66,68" machi="2" ten="20,5200,0" yaku="1,1,0,1,7,1,52,1,53,0" doraHai="19" doraHaiUra="73" who="3" fromWho="3" sc="297,-13,293,-26,210,-13,190,62" /><INIT seed="2,0,0,2,4,100" ten="284,267,197,252" oya="2" hai0="11,134,10,121,36,25,44,40,95,89,2,131,125" hai1="91,64,126,88,41,38,116,39,93,107,68,37,114" hai2="129,31,109,46,115,3,47,30,130,81,72,83,70" hai3="85,87,60,78,112,28,92,77,75,26,5,104,9"/><V62/><F115/><W123/><G123/><T69/><D121/><U32/><E114/><V74/><F62/><W49/><G112/><T61/><D131/><U96/><E116/><V6/><F6/><W101/><G75/><T119/><D119/><U127/><E32/><V22/><F22/><W128/><G128/><T23/><D134/><U29/><E29/><V20/><F20/><W90/><G87/><T42/><D125/><N who="1" m="47627" /><E91/><V7/><F7/><W19/><G19/><T80/><D42/><U110/><E110/><V35/><F70/><W105/><G101/><T135/><D135/><U34/><E34/><V12/><F12/><W4/><G4/><T65/><D80/><U84/><E41/><V132/><F132/><W58/><G49/><T13/><D13/><U21/><E21/><V56/><F35/><W53/><G78/><T8/><D2/><U51/><E51/><V82/><F83/><W18/><G77/><T66/><D66/><U99/><E107/><V16/><F3/><W118/><G18/><T67/><D67/><U76/><E76/><V102/><F16/><W120/><G120/><T15/><D15/><U59/><E68/><V73/><F102/><W45/><G45/><T86/><REACH who="0" step="1"/><D10/><REACH who="0" ten="274,267,197,252" step="2"/><U108/><E108/><V117/><F117/><W98/><G118/><T27/><D27/><U48/><E64/><V55/><F129/><W111/><G111/><T43/><D43/><U71/><E71/><V52/><F130/><W57/><G9/><T106/><D106/><U124/><E124/><V133/><F133/><W63/><G105/><T1/><D1/><RYUUKYOKU ba="0,1" sc="274,15,267,15,197,-15,252,-15" hai0="8,11,23,25,36,40,44,61,65,69,86,89,95" hai1="37,38,39,48,59,84,88,93,96,99" /><INIT seed="3,1,1,0,2,74" ten="289,282,182,237" oya="3" hai0="83,42,97,61,20,80,78,105,45,4,118,47,84" hai1="116,134,100,34,119,107,124,21,98,93,57,18,95" hai2="120,49,67,73,82,96,24,64,3,9,128,111,102" hai3="113,126,63,123,71,62,72,54,5,129,106,6,28"/><W77/><G123/><T76/><D118/><N who="1" m="45099" /><E34/><V32/><F111/><W55/><G113/><T117/><D117/><U103/><E134/><V70/><F128/><W112/><G112/><T79/><D4/><U135/><E135/><V101/><F49/><W25/><G126/><T89/><D45/><U88/><E124/><V122/><F101/><W14/><G129/><T7/><D7/><U133/><E133/><V121/><F70/><W16/><G106/><T130/><D130/><U132/><E132/><V19/><F82/><W131/><G131/><T30/><D61/><U104/><E57/><V50/><F50/><W36/><G36/><T92/><D105/><N who="1" m="40523" /><E95/><N who="2" m="58655" /><F73/><W2/><G2/><T15/><D83/><U1/><E1/><V114/><F114/><W58/><G72/><T110/><D110/><U69/><E69/><V35/><F3/><W0/><G0/><T90/><D30/><U99/><E99/><V52/><F52/><W39/><G39/><T109/><D109/><U37/><E37/><V81/><F81/><W91/><G91/><T41/><D47/><U22/><E22/><N who="2" m="13407" /><F9/><N who="3" m="6223" /><G77/><T8/><D20/><U29/><E29/><V60/><F60/><W26/><G71/><T56/><D56/><U10/><E10/><V125/><F125/><W87/><G87/><T38/><D38/><U31/><E31/><V94/><F94/><W13/><G13/><AGARI ba="1,1" hai="13,18,21,88,93,98,100,103" m="40523,45099" machi="13" ten="30,2000,0" yaku="12,1,54,1" doraHai="74" who="1" fromWho="3" sc="289,0,282,33,182,0,237,-23" /><INIT seed="4,0,0,4,3,80" ten="289,315,182,214" oya="0" hai0="71,105,129,128,18,116,120,12,31,48,55,20,69" hai1="14,121,35,134,7,89,110,72,100,97,53,124,44" hai2="81,95,33,127,4,60,93,10,8,87,13,113,70" hai3="27,104,22,82,103,75,54,122,117,41,68,92,23"/><T107/><D116/><U16/><E110/><V83/><F127/><W119/><G68/><N who="0" m="26187" /><D31/><U37/><E72/><V52/><F113/><W63/><G122/><T43/><D43/><U3/><E134/><V77/><F33/><W49/><G104/><T17/><D17/><U106/><E124/><V11/><F70/><W64/><G119/><T39/><D39/><U30/><E121/><V91/><F93/><W57/><G117/><T135/><D120/><U58/><E30/><V5/><F11/><W29/><G75/><T66/><D66/><U38/><E35/><V125/><F125/><W101/><G92/><T85/><D135/><U111/><E111/><V62/><F52/><W67/><G82/><N who="2" m="31241" /><F77/><W24/><G41/><T114/><D114/><U0/><E38/><V19/><F19/><W36/><G36/><T45/><D85/><U42/><E7/><V99/><F99/><W133/><G133/><T131/><AGARI ba="0,0" hai="12,18,20,45,48,55,105,107,128,129,131" m="26187" machi="131" ten="40,2100,0" yaku="19,1" doraHai="80" who="0" fromWho="0" sc="289,21,315,-7,182,-7,214,-7" /><INIT seed="4,1,0,2,0,86" ten="310,308,175,207" oya="0" hai0="29,54,3,61,43,68,109,42,39,83,32,76,37" hai1="59,44,77,31,16,53,52,70,87,50,13,107,80" hai2="11,130,2,47,92,99,38,35,63,103,98,55,128" hai3="28,88,93,95,101,73,117,12,36,85,46,69,5"/><T110/><D3/><U127/><E127/><V121/><F121/><W71/><G117/><T116/><D116/><U21/><E70/><V7/><F35/><W74/><G28/><T122/><D122/><U126/><E126/><V84/><F63/><W4/><G36/><N who="0" m="13899" /><D29/><U125/><E125/><V124/><F84/><W120/><G120/><T26/><D26/><U90/><E107/><V119/><F119/><W60/><G46/><T48/><D32/><U64/><E31/><V104/><F55/><W96/><G5/><T34/><D34/><U94/><E64/><V9/><F9/><W66/><REACH who="3" step="1"/><G71/><REACH who="3" ten="310,308,175,197" step="2"/><T49/><D68/><U129/><E129/><N who="2" m="49771" /><F47/><W111/><G111/><N who="0" m="42507" /><D61/><N who="1" m="36071" /><E77/><V118/><F38/><W112/><G112/><T24/><D24/><U131/><E131/><V56/><F118/><W27/><G27/><T57/><D49/><U91/><E91/><N who="2" m="55583" /><F124/><W33/><G33/><T133/><D133/><U134/><E134/><V82/><F56/><W97/><G97/><T17/><D17/><U102/><E102/><V89/><F89/><W58/><G58/><T6/><D6/><U18/><E18/><V62/><F62/><W25/><G25/><T79/><D79/><U23/><E23/><V115/><F115/><W75/><G75/><AGARI ba="1,1" hai="42,43,48,54,57,75,76,83" m="42507,13899" machi="75" ten="30,1500,0" yaku="10,1" doraHai="86" who="0" fromWho="3" sc="310,28,308,0,175,0,197,-18" /><INIT seed="4,2,0,0,5,16" ten="338,308,175,179" oya="0" hai0="38,24,135,14,125,109,58,110,10,81,63,82,133" hai1="104,92,28,93,55,126,74,17,41,68,118,64,121" hai2="77,56,33,9,52,107,46,44,7,39,4,59,69" hai3="131,8,70,15,2,18,91,116,22,80,97,83,37"/><T100/><D38/><U86/><E121/><V117/><F69/><W129/><G70/><T113/><D100/><U31/><E104/><V71/><F71/><W67/><G37/><T72/><D113/><U5/><E5/><V73/><F33/><W20/><G116/><T61/><D125/><U66/><E74/><V47/><F107/><W87/><G67/><T6/><D24/><U75/><E75/><V119/><F56/><W51/><G2/><T3/><D3/><U45/><E55/><V115/><F39/><W84/><G97/><T134/><D61/><U34/><E34/><V35/><F35/><W79/><REACH who="3" step="1"/><G51/><REACH who="3" ten="338,308,175,169" step="2"/><T12/><D12/><U54/><E66/><V120/><F115/><W50/><G50/><T19/><D6/><U48/><E64/><V13/><F7/><W122/><G122/><T114/><D114/><U57/><E118/><N who="2" m="45067" /><F120/><W127/><G127/><T49/><D49/><U36/><E126/><V65/><F65/><W90/><G90/><T96/><D96/><U30/><E68/><V25/><F77/><W105/><G105/><T0/><D0/><U95/><E36/><V88/><F88/><W40/><G40/><T132/><D132/><U94/><E41/><V62/><F25/><W112/><G112/><T21/><D135/><U53/><E53/><V26/><F26/><W123/><G123/><T23/><D134/><U89/><E57/><V111/><F73/><W1/><G1/><T29/><D133/><U106/><E106/><V78/><F78/><W42/><G42/><T101/><D72/><U102/><E102/><V11/><F111/><RYUUKYOKU ba="2,1" sc="338,-30,308,10,175,10,169,10" hai1="17,28,30,31,45,48,54,86,89,92,93,94,95" hai2="4,9,11,13,44,46,47,52,59,62" hai3="8,15,18,20,22,79,80,83,84,87,91,129,131" /><INIT seed="5,3,1,3,1,75" ten="308,318,185,179" oya="1" hai0="103,50,25,26,8,82,80,122,4,109,83,86,66" hai1="24,84,18,85,69,125,117,128,42,68,91,16,38" hai2="45,10,89,105,3,92,15,99,119,20,30,58,70" hai3="63,131,129,64,71,97,95,111,100,51,55,0,52"/><U9/><E117/><V127/><F119/><W31/><G0/><T35/><D109/><U134/><E128/><V61/><F127/><W21/><G111/><T124/><D124/><U39/><E125/><V57/><F3/><W106/><G106/><T65/><D122/><U93/><E134/><V104/><F45/><W72/><G72/><T41/><D103/><U40/><E24/><N who="0" m="9321" /><D35/><U113/><E9/><V29/><F58/><W67/><G31/><T11/><D86/><U94/><REACH who="1" step="1"/><E91/><REACH who="1" ten="308,308,185,179" step="2"/><V130/><F130/><N who="3" m="49675" /><G21/><T120/><D120/><U23/><E23/><V115/><F20/><W32/><G32/><T108/><D108/><U126/><E126/><V96/><F10/><N who="0" m="3626" /><D4/><U1/><E1/><V5/><F5/><W76/><G67/><N who="0" m="25611" /><D41/><U2/><E2/><V33/><F33/><W62/><G76/><T88/><D88/><U81/><E81/><V43/><F89/><W90/><G90/><T7/><D7/><U74/><E74/><V12/><F43/><W98/><G98/><T47/><D83/><U36/><E36/><V19/><F96/><W121/><G121/><T110/><D110/><U48/><E48/><V46/><F99/><W132/><G132/><T116/><D116/><U102/><E102/><V112/><F29/><W54/><G62/><T17/><D82/><U114/><AGARI ba="3,2" hai="16,18,38,39,40,42,68,69,84,85,93,94,113,114" machi="114" ten="25,12000,1" yaku="1,1,0,1,22,2,54,1,53,0" doraHai="75" doraHaiUra="34" who="1" fromWho="1" sc="308,-43,308,149,185,-43,179,-43" /><INIT seed="5,4,0,3,5,15" ten="265,457,142,136" oya="1" hai0="19,20,22,13,58,61,92,125,108,39,93,51,121" hai1="32,87,34,68,66,128,47,44,72,33,50,132,119" hai2="117,54,86,9,69,67,25,95,75,120,104,43,127" hai3="107,11,7,14,71,106,4,76,99,74,91,134,49"/><U94/><E119/><V29/><F120/><W56/><G134/><T42/><D108/><U89/><E72/><V17/><F117/><W5/><G71/><T82/><D39/><U103/><E128/><V45/><F104/><W0/><G74/><T53/><D121/><U8/><E66/><V6/><F67/><W130/><G130/><T3/><D3/><U41/><E103/><V126/><F54/><W96/><G76/><T27/><D125/><U10/><E68/><V100/><F69/><W122/><G122/><T97/><D82/><U37/><REACH who="1" step="1"/><E132/><REACH who="1" ten="265,447,142,136" step="2"/><V48/><F126/><W116/><G116/><T129/><D129/><U83/><E83/><V70/><F75/><W40/><G107/><T78/><D78/><U79/><E79/><V112/><F70/><W105/><G106/><T60/><D93/><U77/><E77/><V36/><F95/><W114/><G105/><T31/><D42/><AGARI ba="4,1" hai="8,10,32,33,34,37,41,42,44,47,50,87,89,94" machi="42" ten="40,2000,0" yaku="1,1,53,0" doraHai="15" doraHaiUra="1" who="1" fromWho="0" sc="265,-32,447,42,142,0,136,0" /><INIT seed="5,5,0,4,3,31" ten="233,489,142,136" oya="1" hai0="41,20,117,128,29,51,132,130,68,121,2,88,105" hai1="116,27,18,81,109,3,86,115,24,104,54,118,131" hai2="133,63,53,19,16,61,90,10,101,123,80,92,26" hai3="114,84,71,32,36,22,44,113,129,125,103,35,45"/><U89/><E115/><N who="3" m="44042" /><G71/><T93/><D105/><U5/><E131/><N who="0" m="50217" /><D117/><U12/><E109/><V56/><F123/><W65/><G129/><T14/><D2/><U120/><E120/><V33/><F133/><W0/><G65/><T43/><D121/><U78/><E5/><V13/><F80/><W30/><G125/><T107/><D107/><U7/><E54/><V79/><F79/><W134/><G134/><T23/><D68/><U9/><E104/><V39/><F39/><W11/><G103/><T42/><D132/><U62/><E62/><N who="2" m="36111" /><F33/><N who="3" m="12875" /><G36/><T95/><D51/><U28/><E118/><V135/><F101/><W98/><G98/><N who="0" m="57639" /><D29/><U1/><E28/><V34/><F34/><W106/><G106/><T73/><D73/><U111/><E116/><V124/><F124/><W127/><G127/><T96/><D14/><U72/><E3/><V15/><F26/><N who="3" m="16727" /><G84/><T97/><D96/><U6/><E72/><V66/><F66/><W38/><G38/><T122/><D122/><U69/><E69/><V100/><F100/><AGARI ba="5,0" hai="20,23,41,42,43,95,97,100" m="57639,50217" machi="100" ten="30,2000,0" yaku="19,1,54,1" doraHai="31" who="0" fromWho="2" sc="233,35,489,0,142,-35,136,0" /><INIT seed="6,0,0,0,5,41" ten="268,489,107,136" oya="2" hai0="119,28,96,45,127,98,43,72,115,130,14,120,13" hai1="66,88,29,51,1,34,74,12,52,42,93,92,80" hai2="85,95,91,73,36,9,24,132,101,102,0,22,59" hai3="47,27,106,126,32,23,133,75,125,116,128,118,97"/><V19/><F132/><W99/><G32/><T121/><D72/><U56/><E1/><V68/><F68/><W64/><G64/><T17/><D28/><U103/><E42/><V50/><F36/><W65/><G65/><T21/><D115/><U2/><E2/><V20/><F73/><W104/><G75/><T100/><D127/><N who="3" m="48649" /><G133/><T89/><D130/><U15/><E93/><V35/><F35/><W39/><G128/><T55/><D55/><U79/><E103/><V60/><F50/><W25/><G39/><T107/><D119/><N who="3" m="45609" /><G47/><T129/><D129/><U110/><E110/><V114/><F22/><W53/><G53/><T7/><D45/><U30/><E66/><V63/><F63/><W105/><G23/><T8/><D43/><U123/><E30/><V87/><F87/><W84/><G84/><T40/><D40/><U58/><E58/><V117/><F117/><W122/><G122/><T70/><D70/><U48/><E123/><V18/><F114/><W37/><G37/><T90/><D121/><U69/><E69/><V62/><F62/><W112/><G112/><T33/><D33/><U57/><E57/><V11/><F0/><W124/><N who="3" m="48657" /><W76/><DORA hai="5" /><G76/><T61/><D61/><U86/><E51/><V78/><F78/><W4/><G4/><T113/><D120/><U134/><E134/><V131/><F131/><W109/><G109/><T46/><D113/><U135/><E135/><V49/><F49/><W54/><G54/><T31/><D46/><U3/><E3/><V77/><F77/><W108/><G108/><T38/><D38/><RYUUKYOKU ba="0,0" sc="268,-15,489,15,107,-15,136,15" hai1="12,15,29,34,48,52,56,74,79,80,86,88,92" hai3="25,27,97,99,104,105,106" /><INIT seed="7,1,0,0,3,23" ten="253,504,92,151" oya="3" hai0="65,66,57,41,4,24,107,123,63,115,3,79,69" hai1="86,103,31,99,105,28,135,15,127,12,124,85,55" hai2="95,35,70,114,48,37,112,101,54,132,58,44,21" hai3="10,98,81,125,129,20,77,90,92,61,94,134,33"/><W56/><G129/><T30/><D123/><U68/><E135/><V128/><F35/><W93/><G134/><T40/><D107/><U38/><E68/><V108/><F108/><W13/><G33/><T96/><D115/><U26/><E55/><V67/><F132/><W7/><G125/><N who="1" m="48202" /><E38/><V42/><F128/><W16/><G61/><T82/><D96/><U43/><E43/><V89/><F101/><W1/><REACH who="3" step="1"/><G56/><REACH who="3" ten="253,504,92,141" step="2"/><T5/><D57/><U91/><E105/><V50/><F50/><W113/><G113/><T117/><D63/><U71/><E71/><V6/><F112/><W17/><G17/><T126/><D69/><U87/><E31/><V53/><F53/><W34/><G34/><T36/><D126/><U83/><E28/><V0/><F114/><W22/><G22/><T51/><D30/><U130/><E130/><V84/><F21/><W72/><AGARI ba="1,1" hai="1,7,10,13,16,20,72,77,81,90,92,93,94,98" machi="72" ten="20,7800,0" yaku="1,1,0,1,7,1,54,1,53,0" doraHai="23" doraHaiUra="29" who="3" fromWho="3" sc="253,-27,504,-27,92,-27,141,91" /><INIT seed="7,2,0,3,0,66" ten="226,477,65,232" oya="3" hai0="135,89,10,29,132,129,110,82,61,28,47,74,93" hai1="19,119,16,44,106,65,109,49,83,121,96,100,113" hai2="127,60,54,108,58,70,13,125,134,95,133,68,36" hai3="122,33,92,34,22,88,51,111,17,12,4,3,69"/><W20/><G122/><T128/><D110/><U38/><E113/><V120/><F95/><W26/><G111/><T8/><D61/><U99/><E119/><V21/><F21/><W117/><G117/><T31/><D47/><U105/><E65/><V112/><F13/><W115/><G115/><T46/><D46/><U25/><E109/><V79/><F79/><W90/><G69/><N who="2" m="26729" /><F36/><W9/><G51/><T62/><D62/><U63/><E99/><V78/><F78/><W87/><REACH who="3" step="1"/><G90/><REACH who="3" ten="226,477,65,222" step="2"/><T131/><D135/><N who="2" m="51722" /><F108/><W18/><AGARI ba="2,1" hai="3,4,9,12,17,18,20,22,26,33,34,87,88,92" machi="18" ten="20,7800,0" yaku="1,1,0,1,7,1,54,1,53,0" doraHai="66" doraHaiUra="67" who="3" fromWho="3" sc="226,-28,477,-28,65,-28,222,94" /><INIT seed="7,3,0,0,2,15" ten="198,449,37,316" oya="3" hai0="101,41,123,23,51,119,78,130,105,69,47,128,127" hai1="56,11,65,60,30,126,29,98,117,129,75,12,52" hai2="83,116,31,0,132,59,93,95,49,79,88,43,55" hai3="37,77,36,104,10,8,18,107,9,85,1,90,28"/><W39/><G28/><T94/><D119/><U22/><E126/><V114/><F0/><W84/><G1/><T13/><D123/><U16/><E75/><V61/><F116/><W42/><G42/><T111/><D111/><U54/><E129/><V45/><F132/><W67/><G67/><T33/><D33/><U109/><E109/><V115/><F115/><W122/><G122/><T135/><D69/><U133/><E133/><V80/><F31/><N who="1" m="11785" /><E117/><V26/><F26/><W82/><REACH who="3" step="1"/><G18/><REACH who="3" ten="198,449,37,306" step="2"/><T131/><D135/><U6/><E98/><V38/><F114/><W74/><G74/><T71/><D127/><U17/><E17/><V103/><F38/><W134/><G134/><T63/><D130/><U92/><E92/><AGARI ba="3,1" hai="8,9,10,36,37,39,77,82,84,85,90,92,104,107" machi="92" ten="50,2400,0" yaku="1,1,53,0" doraHai="15" doraHaiUra="118" who="3" fromWho="1" sc="198,0,449,-33,37,0,306,43" /><INIT seed="7,4,0,2,0,128" ten="198,416,37,349" oya="3" hai0="60,8,26,50,107,16,116,103,84,80,126,83,57" hai1="47,37,65,3,18,113,4,96,69,109,95,46,64" hai2="108,34,120,123,75,124,32,15,40,19,9,49,35" hai3="99,10,104,114,130,31,94,39,71,56,135,78,89"/><W62/><G71/><T127/><D116/><U92/><E109/><V134/><F49/><W36/><G130/><T43/><D107/><U72/><E72/><V27/><F40/><W118/><G118/><T52/><D103/><U102/><E113/><V97/><F97/><W58/><G114/><T73/><D73/><U132/><E3/><V12/><F75/><W11/><G78/><T81/><D127/><U25/><E4/><V79/><F79/><W38/><G135/><T76/><D126/><U131/><E132/><V5/><F124/><W42/><G104/><T68/><D68/><U61/><E37/><V90/><F90/><W119/><G119/><T121/><D121/><N who="2" m="46666" /><F108/><W93/><G42/><T48/><D48/><U129/><E129/><V110/><F110/><W41/><G41/><T0/><D0/><U122/><E122/><V33/><N who="2" m="8192" /><DORA hai="24" /><V29/><F29/><W86/><G31/><T85/><D76/><U14/><E131/><V22/><F134/><W105/><G105/><T23/><D8/><U51/><E51/><V13/><AGARI ba="4,0" hai="5,9,12,13,15,19,22,27" m="8192,46666" machi="13" ten="60,7900,0" yaku="13,1,34,2" doraHai="128,24" who="2" fromWho="2" sc="198,-24,416,-24,37,91,349,-43" owari="174,-23.0,392,49.0,128,-37.0,306,11.0" /></mjloggm>