<mjloggm ver="2.3"><GO type="41" lobby="0"/><UN n0="%E2%93%9D%53%75%70%68%78" n1="%42%72%61%76%65%72%79%E2%85%A1" n2="%E3%81%B1%E3%81%A3%E3%81%9F%E3%82%93" n3="%52%79%75%30%38%31%32" dan="18,16,14,13" rate="2115.94,2007.64,1938.28,1868.56" sx="M,M,M,M"/><TAIKYOKU oya="0"/><INIT seed="0,0,0,0,0,38" ten="250,250,250,250" oya="0" hai0="107,30,19,20,21,126,86,130,89,26,70,18,102" hai1="44,25,22,49,127,24,93,98,48,116,77,113,12" hai2="135,80,10,52,132,106,4,6,101,28,40,108,57" hai3="54,97,73,82,16,104,1,45,105,5,55,39,75"/><T91/><D70/><U121/><E116/><V15/><F28/><W96/><G1/><T114/><D114/><U72/><E113/><V34/><F34/><W115/><G5/><T31/><D130/><U35/><E121/><V81/><F108/><W134/><G134/><N who="2" m="51241" /><F4/><W42/><G115/><T124/><D102/><U63/><E127/><N who="0" m="48681" /><D107/><U88/><E72/><V36/><F101/><W110/><G110/><T99/><D99/><U111/><E77/><V78/><F106/><W74/><G82/><N who="0" m="49367" /><D91/><U27/><E111/><V17/><F6/><W29/><G104/><T3/><D3/><U32/><E63/><N who="2" m="36263" /><F78/><W9/><G105/><T59/><D59/><U51/><REACH who="1" step="1"/><E44/><AGARI ba="0,0" hai="10,15,17,36,40,44,80,81" m="36263,51241" machi="44" ten="30,3900,0" yaku="20,1,52,1,54,1" doraHai="38" who="2" fromWho="1" sc="250,0,250,-39,250,39,250,0" /><INIT seed="1,0,0,0,4,30" ten="250,211,289,250" oya="1" hai0="102,124,135,25,44,70,126,49,64,63,21,133,71" hai1="83,20,82,101,125,40,130,42,103,104,97,50,69" hai2="7,75,127,18,65,56,117,73,132,121,129,87,84" hai3="16,85,60,99,89,131,90,91,81,32,34,93,88"/><U43/><E69/><V11/><F121/><W37/><G131/><T47/><D21/><U76/><E130/><V10/><F117/><W6/><G37/><T29/><D102/><U98/><E125/><N who="0" m="48233" /><D25/><U0/><E0/><V31/><F129/><W3/><G6/><T51/><D29/><U39/><E39/><V24/><F18/><W4/><G4/><T52/><D71/><U41/><E20/><V45/><F132/><W23/><G3/><T13/><D13/><U17/><E17/><V8/><F45/><W80/><G60/><T122/><D122/><U112/><E112/><V53/><F65/><W5/><G5/><T48/><D48/><U59/><E76/><V38/><F38/><W61/><G61/><T66/><D66/><U116/><E116/><V12/><F12/><W128/><G128/><T28/><D28/><U22/><E22/><V120/><F7/><W118/><G118/><T113/><D113/><U58/><E58/><V35/><F120/><W95/><G80/><T77/><D77/><U114/><E114/><V14/><F14/><W105/><G105/><T62/><D62/><U78/><E78/><V19/><F19/><W55/><G55/><AGARI ba="0,0" hai="44,47,49,51,52,55,63,64,70,133,135" m="48233" machi="55" ten="30,7700,0" yaku="18,1,34,2,54,1" doraHai="30" who="0" fromWho="3" sc="250,77,211,0,289,0,250,-77" /><INIT seed="2,0,0,4,3,54" ten="327,211,289,173" oya="2" hai0="18,101,112,91,122,79,39,75,100,82,85,16,66" hai1="115,104,17,2,107,27,53,21,10,109,116,14,0" hai2="52,55,105,65,96,33,12,40,129,46,95,30,64" hai3="84,134,25,57,9,114,110,58,60,20,76,121,127"/><V45/><F105/><W8/><G121/><T117/><D112/><U7/><E109/><V38/><F129/><W80/><G110/><T71/><D39/><U73/><E115/><V6/><F33/><W106/><G106/><T93/><D122/><U126/><E126/><V26/><F46/><W4/><G127/><T77/><D117/><U59/><E73/><V63/><F64/><W132/><G114/><T13/><D18/><U50/><E116/><V29/><F29/><W97/><G97/><T108/><D108/><U23/><REACH who="1" step="1"/><E2/><REACH who="1" ten="327,201,289,173" step="2"/><V62/><F30/><AGARI ba="0,1" hai="0,7,10,14,17,21,23,27,30,50,53,59,104,107" machi="30" ten="30,12000,2" yaku="1,1,2,1,7,1,52,1,53,2" doraHai="54" doraHaiUra="103" who="1" fromWho="2" sc="327,0,201,130,289,-120,173,0" /><INIT seed="3,0,0,1,2,14" ten="327,331,169,173" oya="3" hai0="39,102,54,4,119,6,79,38,73,76,92,89,98" hai1="111,122,9,75,128,24,30,45,28,109,71,48,100" hai2="116,61,16,27,80,114,18,31,115,55,56,129,127" hai3="58,44,130,77,46,21,70,120,85,62,20,68,72"/><W29/><G120/><T23/><D119/><U105/><E75/><V108/><F116/><W117/><G72/><T103/><D39/><U123/><E71/><V13/><F108/><N who="1" m="41545" /><E128/><V7/><F129/><W26/><G117/><T10/><D38/><U81/><E81/><V106/><F106/><W8/><G130/><T99/><D54/><U124/><E124/><V64/><F127/><W47/><G8/><T17/><D73/><U40/><E9/><N who="2" m="4287" /><F115/><W107/><G107/><T95/><D89/><U96/><E30/><V118/><F114/><W78/><G20/><AGARI ba="0,0" hai="20,24,28,40,45,48,96,100,105,122,123" m="41545" machi="20" ten="30,1000,0" yaku="14,1" doraHai="14" who="1" fromWho="3" sc="327,0,331,10,169,0,173,-10" /><INIT seed="4,0,0,4,2,1" ten="327,341,169,163" oya="0" hai0="0,43,55,47,3,99,105,97,76,58,4,102,92" hai1="94,65,28,69,32,118,109,115,93,119,48,22,9" hai2="39,95,74,36,135,45,64,34,83,111,59,51,113" hai3="11,72,62,60,8,73,121,37,19,20,81,61,79"/><T85/><D76/><U7/><E109/><V124/><F111/><W44/><G121/><T123/><D85/><U25/><E115/><V27/><F113/><W120/><G120/><T82/><D82/><U122/><E122/><V52/><F124/><W24/><G72/><T91/><D123/><U90/><E93/><V96/><F135/><W131/><G131/><T23/><D23/><U104/><E104/><V68/><F68/><W38/><G44/><T40/><D4/><U88/><E90/><V126/><F126/><W31/><G31/><T56/><D56/><U33/><E48/><V67/><F74/><W86/><REACH who="3" step="1"/><G73/><REACH who="3" ten="327,341,169,153" step="2"/><T114/><D114/><U100/><E118/><V84/><F45/><W30/><G30/><T35/><D43/><U116/><E119/><V80/><F36/><AGARI ba="0,1" hai="8,11,19,20,24,36,37,38,60,61,62,79,81,86" machi="36" ten="40,1300,0" yaku="1,1,53,0" doraHai="1" doraHaiUra="117" who="3" fromWho="2" sc="327,0,341,0,169,-13,153,23" /><INIT seed="5,0,0,0,0,69" ten="327,341,156,176" oya="1" hai0="18,101,2,77,1,38,49,135,107,134,82,93,99" hai1="28,35,124,60,114,50,6,106,67,83,91,72,30" hai2="5,88,125,31,109,47,81,95,17,75,3,9,48" hai3="92,23,94,10,29,120,80,87,4,12,123,46,56"/><U58/><E106/><V63/><F109/><W110/><G110/><T39/><D49/><U44/><E35/><V103/><F125/><W132/><G132/><N who="0" m="50731" /><D18/><U78/><E124/><V97/><F31/><W20/><G120/><T98/><D93/><U25/><E114/><V53/><F63/><W118/><G123/><T11/><D99/><U100/><E100/><V41/><F17/><W86/><G118/><T129/><D129/><U26/><E6/><V62/><F75/><W36/><G29/><T117/><D117/><U61/><E30/><V33/><F33/><W112/><G112/><T130/><D130/><U108/><E108/><V8/><F5/><W115/><G115/><T102/><D102/><U126/><E126/><V45/><F3/><N who="0" m="1034" /><D11/><U79/><E28/><V14/><F14/><W73/><G73/><AGARI ba="0,0" hai="38,39,73,77,82,98,101,107" m="1034,50731" machi="73" ten="30,7700,0" yaku="20,1,23,1,52,2" doraHai="69" who="0" fromWho="3" sc="327,77,341,0,156,0,176,-77" /><INIT seed="6,0,0,2,1,135" ten="404,341,156,99" oya="2" hai0="106,4,11,46,81,12,71,31,54,79,1,90,86" hai1="16,104,99,43,110,116,15,55,112,39,10,80,101" hai2="64,88,102,113,76,23,83,67,27,5,68,25,33" hai3="77,62,38,58,96,40,124,103,132,50,66,118,72"/><V44/><F113/><W59/><G118/><T128/><D106/><U48/><E112/><V82/><F102/><W8/><G132/><T126/><D71/><U119/><E110/><V47/><F5/><W93/><G77/><T51/><D128/><U111/><E111/><V92/><F68/><W109/><G72/><T100/><D126/><U65/><E65/><N who="2" m="25163" /><F33/><W6/><G109/><T45/><D1/><U56/><REACH who="1" step="1"/><E80/><REACH who="1" ten="404,331,156,99" step="2"/><V29/><F82/><W19/><G38/><T105/><D81/><U91/><E91/><V87/><F27/><W98/><G124/><T89/><D89/><U37/><E37/><V115/><F115/><W84/><G84/><AGARI ba="0,1" hai="23,25,29,44,47,76,83,84,87,88,92" m="25163" machi="84" ten="30,2900,0" yaku="8,1,54,1" doraHai="135" who="2" fromWho="3" sc="404,0,331,0,156,39,99,-29" /><INIT seed="6,1,0,0,0,25" ten="404,331,195,70" oya="2" hai0="79,16,54,0,122,119,135,96,126,94,95,58,33" hai1="35,56,55,111,39,102,15,38,5,44,84,45,132" hai2="93,86,114,70,123,8,113,53,120,9,28,66,77" hai3="78,89,36,91,90,115,50,125,88,13,103,11,31"/><V10/><F70/><W34/><G36/><T106/><D122/><U110/><E35/><V37/><F66/><W75/><G103/><T76/><D0/><U29/><E102/><V100/><F100/><W118/><G118/><T51/><D135/><U22/><E132/><V109/><F37/><W47/><G125/><T19/><D106/><U6/><E84/><V127/><F53/><W63/><G63/><T61/><D33/><U108/><E44/><V43/><F43/><W69/><G69/><T62/><D126/><U21/><E39/><V99/><F127/><W128/><G128/><T42/><D95/><U129/><E129/><V17/><F17/><N who="0" m="6730" /><D119/><U41/><E21/><V2/><F2/><W83/><G115/><N who="2" m="44041" /><F109/><W101/><G101/><N who="0" m="60567" /><D62/><U98/><E108/><V112/><F112/><W133/><G133/><T80/><D80/><U81/><E110/><V18/><F18/><W46/><N who="3" m="22528" /><DORA hai="71" /><W72/><G72/><T24/><D61/><U104/><E41/><V26/><F93/><W23/><G34/><T121/><D42/><U92/><E92/><V85/><F99/><W134/><G134/><T48/><D48/><U116/><E98/><V60/><F60/><W59/><G11/><T20/><D121/><N who="2" m="46666" /><F77/><W74/><G74/><T64/><D64/><U73/><E38/><V117/><F117/><W30/><G13/><T7/><D79/><U105/><E73/><V97/><F97/><W57/><G23/><AGARI ba="1,0" hai="8,9,10,23,26,28,85,86" m="46666,44041" machi="23" ten="40,3900,0" yaku="15,1,52,1" doraHai="25,71" who="2" fromWho="3" sc="404,0,331,0,195,42,70,-42" /><INIT seed="6,2,0,4,5,93" ten="404,331,237,28" oya="2" hai0="68,52,61,10,43,82,62,130,112,9,88,51,47" hai1="39,30,55,31,50,117,36,105,86,104,132,5,67" hai2="19,54,3,98,6,14,120,135,131,42,100,24,28" hai3="22,58,101,74,85,118,109,17,111,124,113,45,94"/><V69/><F120/><W49/><G74/><T121/><D121/><U4/><E117/><V99/><F69/><W25/><G118/><T66/><D112/><U115/><E67/><V73/><F73/><W97/><G113/><T80/><D130/><U35/><E115/><V96/><F42/><W40/><G124/><T87/><D62/><U1/><E86/><V60/><F135/><W33/><G33/><T56/><D82/><U126/><E35/><V89/><F89/><W106/><G106/><T107/><D107/><U75/><E75/><V129/><F3/><W81/><REACH who="3" step="1"/><G58/><REACH who="3" ten="404,331,237,18" step="2"/><T108/><D108/><U72/><E105/><V12/><F129/><W76/><AGARI ba="2,1" hai="17,22,25,40,45,49,76,81,85,94,97,101,109,111" machi="76" ten="20,12000,2" yaku="1,1,2,1,0,1,7,1,52,1,53,1" doraHai="93" doraHaiUra="16" who="3" fromWho="3" sc="404,-32,331,-32,237,-62,18,136" /><INIT seed="7,0,0,5,4,98" ten="372,299,175,154" oya="3" hai0="1,78,5,100,85,113,94,129,18,26,116,16,127" hai1="105,33,111,45,121,91,135,38,86,75,31,58,81" hai2="35,62,101,8,11,80,59,29,96,30,118,88,25" hai3="0,92,46,131,47,19,37,130,132,65,89,66,54"/><W134/><G0/><T40/><D116/><U61/><E111/><V133/><F118/><W49/><G19/><T7/><D129/><N who="3" m="49161" /><G89/><T41/><D127/><U43/><E121/><V93/><F133/><N who="3" m="51307" /><G92/><T21/><D113/><U126/><E126/><V76/><F30/><W68/><G68/><T97/><D18/><U84/><E135/><V6/><F6/><N who="0" m="2058" /><D1/><U83/><E31/><V109/><F109/><W87/><G87/><T120/><D120/><U117/><E86/><V70/><F70/><W123/><G123/><T56/><D56/><U79/><E117/><V90/><F90/><W22/><G22/><T67/><D67/><N who="3" m="25609" /><G37/><T32/><D32/><U28/><E91/><V42/><F88/><W125/><G46/><T103/><D85/><U108/><E84/><N who="2" m="48135" /><F35/><W82/><G82/><T60/><D21/><U57/><E45/><V44/><F29/><W53/><G125/><T77/><D94/><U27/><E81/><V36/><F36/><W64/><N who="3" m="25617" /><W63/><DORA hai="106" /><G63/><T12/><D60/><U14/><E61/><V74/><F25/><W69/><G69/><T104/><D26/><U99/><E27/><V128/><F128/><W102/><G102/><T122/><D103/><U72/><E28/><V110/><F110/><W39/><G39/><T119/><D119/><U112/><E83/><V24/><F24/><W17/><G17/><T23/><D122/><U4/><E108/><V2/><F2/><W50/><G50/><T115/><D100/><U52/><E38/><N who="2" m="21591" /><F74/><W71/><G71/><T34/><D34/><U15/><E75/><V10/><F62/><RYUUKYOKU ba="0,0" sc="372,-15,299,-15,175,15,154,15" hai2="8,10,11,59,93,96,101" hai3="47,49,53,54" /><INIT seed="7,1,0,1,5,20" ten="357,284,190,169" oya="3" hai0="17,66,91,77,93,2,13,98,0,37,76,30,133" hai1="49,117,97,70,99,8,110,40,81,73,131,75,22" hai2="29,41,108,68,124,102,36,45,21,34,53,5,116" hai3="6,69,42,14,80,130,78,26,38,87,100,105,135"/><W79/><G69/><T33/><D37/><U64/><E110/><V55/><F108/><W56/><G135/><T84/><D33/><U65/><E8/><V86/><F116/><W119/><G130/><T104/><D30/><U96/><E131/><V44/><F124/><W113/><G119/><T59/><D104/><U61/><E65/><V88/><F68/><W95/><G105/><T106/><D2/><U112/><E112/><V134/><F134/><W82/><G113/><T67/><D0/><U54/><E40/><V111/><F111/><W92/><G100/><T94/><D106/><U32/><E32/><V72/><F72/><W23/><G42/><T58/><D58/><U10/><E10/><V60/><F102/><W101/><G38/><T52/><D67/><U15/><E81/><V16/><F34/><W129/><G101/><N who="0" m="60623" /><D66/><U123/><E123/><V121/><F121/><W24/><G129/><T12/><D12/><U18/><REACH who="1" step="1"/><E117/><REACH who="1" ten="357,274,190,169" step="2"/><V50/><F41/><W109/><G109/><T83/><D83/><U31/><E31/><V27/><F29/><W39/><G39/><T90/><D133/><U57/><AGARI ba="1,1" hai="15,18,22,49,54,57,61,64,70,73,75,96,97,99" machi="57" ten="30,4000,0" yaku="1,1,0,1,53,1" doraHai="20" doraHaiUra="11" who="1" fromWho="1" sc="357,-11,274,53,190,-11,169,-21" owari="346,44.0,327,13.0,179,-22.0,148,-35.0" /></mjloggm>