<mjloggm ver="2.3"><GO type="41" lobby="0"/><UN n0="%E3%81%AE%E3%81%A9%E3%81%8B%39%32%35" n1="%E3%82%AA%E3%83%A9%E3%82%AF%E3%83%AB" n2="%E2%93%9D%53%75%70%68%78" n3="%E3%82%A4%E3%83%97%E3%82%B3%E3%83%BC%E3%83%88" dan="14,15,18,15" rate="1975.60,1952.53,2106.65,1998.32" sx="M,M,M,M"/><TAIKYOKU oya="0"/><INIT seed="0,0,0,2,1,117" ten="250,250,250,250" oya="0" hai0="124,60,62,135,96,133,113,55,68,132,42,94,16" hai1="107,129,81,73,33,98,47,101,104,112,93,30,20" hai2="24,84,57,66,2,56,46,39,43,6,34,116,12" hai3="21,87,5,51,18,92,9,106,32,86,118,52,125"/><T74/><D74/><U71/><E129/><V123/><F2/><W1/><G106/><T80/><D113/><U36/><E112/><V77/><F116/><W65/><G118/><T105/><D105/><U64/><E33/><V79/><F66/><W61/><G32/><T88/><D42/><U103/><E103/><V122/><F6/><W69/><G125/><T134/><D124/><U41/><E30/><V53/><F57/><W127/><G92/><T83/><N who="0" m="33792" /><DORA hai="10" /><T72/><D72/><U4/><E20/><V15/><F24/><W126/><G126/><T14/><D62/><U0/><E64/><V8/><F8/><W58/><REACH who="3" step="1"/><G127/><REACH who="3" ten="250,250,250,240" step="2"/><T85/><D68/><U17/><E71/><V45/><F34/><W63/><G63/><T115/><D115/><U7/><E104/><V38/><F84/><W40/><G40/><T120/><D120/><U100/><E107/><V44/><F43/><W28/><G28/><T31/><D31/><U48/><E41/><V82/><F39/><W11/><G11/><N who="0" m="6239" /><D85/><U114/><E73/><V76/><F38/><W3/><G3/><T35/><D35/><U59/><E36/><V54/><F123/><W27/><AGARI ba="0,1" hai="1,5,9,18,21,27,51,52,58,61,65,69,86,87" machi="27" ten="20,5200,0" yaku="1,1,0,1,7,1,54,1,53,0" doraHai="117,10" doraHaiUra="90,97" who="3" fromWho="3" sc="250,-26,250,-13,250,-13,240,62" /><INIT seed="1,0,0,0,1,11" ten="224,237,237,302" oya="1" hai0="73,70,123,129,69,132,106,64,103,112,109,8,126" hai1="90,32,101,35,102,7,28,119,95,122,72,49,40" hai2="91,67,27,62,19,57,10,41,107,97,76,135,47" hai3="60,44,36,94,59,23,38,83,13,74,93,121,22"/><U58/><E119/><V21/><F135/><W117/><G121/><T78/><D64/><U113/><E113/><V25/><F76/><W127/><G117/><T61/><D8/><U104/><E122/><V29/><F107/><W12/><G127/><T18/><D18/><U89/><E104/><V15/><F97/><W16/><G74/><T65/><D61/><U3/><E72/><V75/><F75/><W39/><G83/><T77/><D65/><U37/><E37/><V128/><F128/><W52/><G44/><T105/><D70/><U118/><E118/><V84/><F27/><W99/><G99/><T131/><D131/><U85/><E89/><V0/><F0/><W14/><REACH who="3" step="1"/><G23/><REACH who="3" ten="224,237,237,292" step="2"/><T6/><D73/><U26/><E32/><V82/><F47/><W66/><G66/><T55/><D123/><U79/><E35/><V130/><F130/><W108/><G108/><T48/><D109/><U100/><E100/><V115/><F115/><W133/><G133/><T42/><D103/><U1/><E101/><V124/><F124/><W88/><G88/><T63/><D112/><U92/><E79/><V80/><REACH who="2" step="1"/><F41/><REACH who="2" ten="224,237,227,292" step="2"/><W111/><G111/><T34/><D42/><U68/><E40/><V53/><F53/><W24/><AGARI ba="0,2" hai="12,13,14,16,22,24,36,38,39,52,59,60,93,94" machi="24" ten="40,16000,3" yaku="1,1,0,1,52,3,54,2,53,1" doraHai="11" doraHaiUra="56" who="3" fromWho="3" sc="224,-40,237,-80,227,-40,292,180" /><INIT seed="2,0,0,4,2,30" ten="184,157,187,472" oya="2" hai0="132,35,36,7,0,117,6,64,44,25,94,8,127" hai1="108,124,135,38,126,11,46,69,19,65,80,23,31" hai2="103,87,54,83,45,53,16,27,3,21,56,12,115" hai3="41,100,107,59,125,2,98,63,101,77,13,133,89"/><V86/><F115/><W58/><G2/><T96/><D64/><U43/><E108/><V22/><F3/><W47/><G77/><T134/><D127/><N who="1" m="48683" /><E135/><N who="0" m="51753" /><D117/><U28/><E11/><V122/><F122/><W71/><G71/><T37/><D44/><U62/><E80/><V95/><F45/><W32/><G89/><N who="0" m="55375" /><D7/><U131/><E131/><V85/><F83/><W78/><G13/><AGARI ba="0,0" hai="13,19,23,28,31,38,43,46,62,65,69" m="48683" machi="13" ten="30,1000,0" yaku="18,1" doraHai="30" who="1" fromWho="3" sc="184,0,157,10,187,0,472,-10" /><INIT seed="3,0,0,0,2,135" ten="184,167,187,462" oya="3" hai0="104,110,107,112,60,78,125,79,12,22,67,31,124" hai1="61,117,41,43,4,115,29,65,101,118,133,96,52" hai2="80,32,108,13,93,11,84,88,8,94,16,120,73" hai3="113,49,36,45,6,130,76,99,111,64,10,55,122"/><W33/><G33/><T87/><D110/><U109/><E115/><V44/><F108/><W128/><G99/><T34/><D34/><U42/><E109/><V56/><F120/><W74/><G111/><T66/><D112/><U75/><E75/><V126/><F126/><N who="0" m="48746" /><D67/><U83/><E133/><V89/><F32/><W58/><G10/><T0/><D0/><U1/><E83/><V62/><F73/><W39/><G6/><T3/><D3/><U134/><E134/><V114/><F44/><W69/><G76/><N who="0" m="29227" /><D87/><U51/><E29/><V21/><F114/><W90/><G74/><T85/><D85/><U46/><E4/><V54/><F80/><W95/><G113/><T23/><D12/><U123/><E1/><V92/><F92/><W19/><G95/><T91/><D91/><U2/><E2/><V57/><F57/><W9/><G90/><T59/><D31/><U15/><E15/><V102/><F102/><W77/><G77/><T129/><D129/><U131/><E131/><V106/><F106/><AGARI ba="0,0" hai="22,23,59,60,66,104,106,107" m="29227,48746" machi="106" ten="30,7700,0" yaku="18,1,52,3" doraHai="135" who="0" fromWho="2" sc="184,77,167,0,187,-77,462,0" /><INIT seed="4,0,0,0,4,81" ten="261,167,110,462" oya="0" hai0="83,56,18,34,4,107,20,91,30,15,45,28,67" hai1="32,113,131,128,120,114,78,123,119,70,40,116,17" hai2="101,55,9,111,44,105,41,27,38,72,69,77,76" hai3="58,74,93,42,24,95,135,132,127,65,6,94,33"/><T7/><D107/><U26/><E70/><V75/><F111/><W60/><G127/><T106/><D106/><U130/><E78/><V134/><F55/><W121/><G74/><T19/><D34/><U110/><E40/><V86/><F134/><N who="3" m="51243" /><G121/><N who="1" m="46666" /><E17/><V118/><F27/><W64/><G42/><T82/><D45/><U0/><E0/><V50/><F118/><N who="1" m="45097" /><E26/><V96/><F69/><W8/><G24/><N who="0" m="14359" /><D67/><U53/><E53/><V25/><F25/><W80/><G80/><N who="0" m="30763" /><D56/><U31/><E31/><N who="0" m="11817" /><D91/><U79/><E79/><V122/><F77/><W109/><G33/><T103/><D103/><U37/><E37/><V129/><F122/><W35/><G35/><T84/><D84/><U112/><E32/><V90/><F76/><W54/><G109/><AGARI ba="0,0" hai="109,110,112,113,114,128,130,131" m="45097,46666" machi="109" ten="50,64000,5" yakuman="50,42" doraHai="81" who="1" fromWho="3" sc="261,0,167,640,110,0,462,-640" owari="261,6.0,807,91.0,110,-29.0,-178,-68.0" /></mjloggm>