<mjloggm ver="2.3"><GO type="41" lobby="0"/><UN n0="%E6%9C%80%E9%81%85%E6%9C%80%E5%BC%B1%E5%B0%91%E4%BA%95%E9%9A%86%E6%99%B4" n1="%E2%93%9D%53%75%70%68%78" n2="%6D%6F%6F%6E%66%69%73%68" n3="%54%61%62%72%69%53%53%53" dan="15,18,14,14" rate="1957.31,2094.87,1863.46,1995.79" sx="M,M,M,M"/><TAIKYOKU oya="0"/><INIT seed="0,0,0,1,2,79" ten="250,250,250,250" oya="0" hai0="128,97,90,7,37,63,134,131,60,99,14,49,50" hai1="30,21,8,113,102,0,10,13,69,127,45,1,77" hai2="121,61,34,57,93,31,51,87,78,48,4,66,107" hai3="22,9,96,55,56,58,95,115,83,35,59,73,132"/><T42/><D37/><U54/><E69/><V24/><F121/><W111/><G35/><T75/><D75/><U94/><E127/><V129/><F129/><N who="0" m="49738" /><D134/><U3/><E77/><V84/><F107/><W71/><G115/><T86/><D7/><U68/><E68/><V104/><F104/><W20/><G111/><T88/><D14/><U80/><E94/><V133/><F133/><W28/><G132/><T123/><D90/><U106/><E102/><V117/><F117/><W27/><G71/><T122/><D97/><U5/><E113/><V126/><F126/><W100/><G9/><T62/><D99/><U114/><E10/><V25/><F4/><W108/><G108/><T98/><D98/><U43/><E3/><V116/><F116/><W17/><G73/><T6/><D6/><U47/><E1/><V135/><F135/><W16/><G55/><T2/><D2/><U23/><E54/><V64/><F93/><W29/><REACH who="3" step="1"/><G83/><REACH who="3" ten="250,250,250,240" step="2"/><N who="0" m="49247" /><D42/><U103/><E43/><V19/><F78/><W12/><AGARI ba="0,1" hai="12,16,17,20,22,27,28,29,56,58,59,95,96,100" machi="12" ten="30,7900,0" yaku="1,1,0,1,8,1,54,1,53,0" doraHai="79" doraHaiUra="81" who="3" fromWho="3" sc="250,-39,250,-20,250,-20,240,89" /><INIT seed="1,0,0,3,3,101" ten="211,230,230,329" oya="1" hai0="80,102,3,50,74,35,124,16,73,106,13,17,123" hai1="128,54,107,112,130,1,25,129,30,22,23,57,103" hai2="31,63,96,95,110,4,120,5,114,76,56,52,62" hai3="36,100,134,115,78,79,33,88,59,18,85,117,60"/><U45/><E112/><V94/><F110/><W10/><G115/><T87/><D3/><U20/><E45/><V83/><F120/><W53/><G33/><T27/><D50/><U65/><E65/><V119/><F119/><W89/><G36/><T113/><D123/><U118/><E1/><V39/><F39/><W41/><G117/><T127/><D17/><U48/><REACH who="1" step="1"/><E118/><REACH who="1" ten="211,220,230,329" step="2"/><V99/><F114/><W69/><G134/><T97/><D113/><U8/><E8/><V75/><F31/><W29/><G29/><T51/><D35/><U135/><E135/><V90/><F62/><W43/><G69/><T93/><D127/><U28/><E28/><V24/><F24/><W38/><G38/><T132/><D27/><U0/><E0/><V98/><F98/><AGARI ba="0,1" hai="20,22,23,25,30,48,54,57,98,103,107,128,129,130" machi="98" ten="40,7700,0" yaku="1,1,19,1,52,1,53,0" doraHai="101" doraHaiUra="111" who="1" fromWho="2" sc="211,0,220,87,230,-77,329,0" /><INIT seed="1,1,0,0,5,113" ten="211,307,153,329" oya="1" hai0="31,32,47,63,39,72,56,46,34,92,71,33,12" hai1="75,10,96,40,60,27,73,53,30,8,24,25,122" hai2="84,42,107,77,38,59,108,52,127,80,118,86,13" hai3="76,18,83,126,120,15,20,28,21,41,110,81,106"/><U6/><E122/><V104/><F13/><W111/><G106/><T9/><D72/><U94/><E40/><V91/><F38/><W36/><G120/><T135/><D71/><U4/><E30/><V93/><F42/><W50/><G36/><T74/><D74/><U48/><E60/><V134/><F52/><W66/><G66/><T82/><D31/><U95/><E53/><V121/><F59/><W0/><G0/><T119/><D82/><U45/><E48/><V90/><F121/><W1/><G1/><T98/><D39/><U43/><E43/><V22/><F22/><W58/><G126/><T88/><D119/><U23/><E23/><V68/><F68/><W17/><G28/><T16/><REACH who="0" step="1"/><D135/><REACH who="0" ten="201,307,153,329" step="2"/><U14/><E75/><N who="2" m="43071" /><F134/><W55/><G111/><T123/><D123/><U65/><E73/><V44/><F108/><W69/><G110/><T112/><D112/><U99/><E65/><AGARI ba="1,1" hai="9,12,16,32,33,34,46,47,56,63,65,88,92,98" machi="65" ten="40,5200,0" yaku="1,1,54,2,53,0" doraHai="113" doraHaiUra="115" who="0" fromWho="1" sc="201,65,307,-55,153,0,329,0" /><INIT seed="2,0,0,0,0,27" ten="266,252,153,329" oya="2" hai0="106,77,124,105,42,91,90,41,122,0,74,70,29" hai1="98,65,93,135,81,22,120,38,6,112,37,113,82" hai2="103,45,131,40,117,127,59,68,17,60,31,76,72" hai3="51,126,119,8,95,134,128,57,78,116,55,30,4"/><V43/><F117/><W18/><G126/><T62/><D0/><U58/><E6/><V132/><F103/><W28/><G128/><T2/><D2/><U35/><E35/><V32/><F17/><W39/><G39/><T104/><D124/><U71/><E71/><V129/><F127/><W73/><G134/><T92/><D91/><U3/><E3/><V88/><F132/><W25/><G73/><T114/><D114/><U99/><E58/><V19/><F19/><W69/><G69/><T53/><D77/><U61/><E61/><V14/><F14/><W108/><G78/><T111/><D74/><U125/><E125/><V46/><F76/><W26/><G108/><T89/><D89/><U66/><E22/><V33/><F68/><W130/><G130/><N who="2" m="49673" /><F72/><W121/><G121/><T36/><D122/><U48/><E135/><V7/><F7/><W20/><G116/><T109/><D36/><U96/><E120/><V49/><F88/><W118/><G118/><T85/><D70/><U83/><E93/><V52/><F31/><N who="3" m="11819" /><G95/><T64/><D111/><U47/><E38/><AGARI ba="0,0" hai="32,33,38,40,43,45,46,49,52,59,60" m="49673" machi="38" ten="30,2900,0" yaku="19,1,54,1" doraHai="27" who="2" fromWho="1" sc="266,0,252,-29,153,29,329,0" /><INIT seed="2,1,0,1,2,95" ten="266,223,182,329" oya="2" hai0="126,69,14,86,100,16,87,66,96,64,80,78,130" hai1="32,91,53,12,79,4,25,104,107,7,90,48,38" hai2="99,5,76,127,40,59,105,108,33,43,94,42,73" hai3="89,124,1,50,26,111,75,128,113,13,24,68,52"/><V77/><F33/><W109/><G1/><T60/><D130/><U122/><E38/><V93/><F5/><W103/><G68/><T117/><D117/><U92/><E79/><V118/><F118/><W84/><G128/><T46/><D126/><U125/><E125/><V110/><F127/><W97/><G124/><T3/><D64/><U54/><E25/><V44/><F44/><W37/><G37/><T39/><D3/><U21/><E92/><N who="2" m="35435" /><F59/><N who="3" m="33175" /><G75/><T131/><D131/><U34/><E48/><V6/><F6/><W18/><G113/><T106/><D46/><U2/><E2/><V15/><F15/><W114/><G114/><T129/><D129/><U85/><E12/><V49/><F49/><W119/><G119/><T67/><D67/><U56/><E56/><V134/><F134/><W17/><G17/><T63/><D63/><U20/><REACH who="1" step="1"/><E85/><REACH who="1" ten="266,213,182,329" step="2"/><V0/><F0/><W81/><G13/><T31/><D39/><U83/><E83/><V36/><F36/><W88/><G18/><T41/><D87/><U71/><E71/><V51/><F51/><W47/><G47/><T30/><REACH who="0" step="1"/><D41/><REACH who="0" ten="256,213,182,329" step="2"/><N who="2" m="10498" /><V82/><DORA hai="57" /><F110/><N who="3" m="41995" /><G89/><T116/><D116/><U8/><E8/><AGARI ba="1,2" hai="8,14,16,30,31,60,66,69,78,80,86,96,100,106" machi="8" ten="30,12000,2" yaku="1,1,7,1,52,2,54,1,53,1" doraHai="95,57" doraHaiUra="19,102" who="0" fromWho="1" sc="256,143,213,-123,182,0,329,0" /><INIT seed="3,0,0,1,5,69" ten="399,90,182,329" oya="3" hai0="107,72,31,129,16,89,5,13,92,106,70,36,65" hai1="52,71,49,63,104,21,51,132,11,20,38,86,103" hai2="50,117,35,23,41,82,44,18,62,118,97,110,84" hai3="68,79,55,33,17,120,6,76,95,1,3,114,60"/><W93/><G120/><T130/><D72/><U0/><E132/><V101/><F110/><W57/><G114/><T43/><D31/><U8/><E104/><V30/><F35/><W122/><G122/><T7/><D65/><U123/><E123/><V27/><F18/><W131/><G33/><T105/><D70/><U66/><E51/><V56/><F84/><W42/><G68/><T45/><D130/><U127/><E103/><V14/><F14/><W81/><G131/><T46/><D46/><U73/><E73/><V121/><F82/><W87/><G42/><T74/><D74/><U102/><E102/><V91/><F91/><W75/><G3/><T28/><D28/><U134/><E127/><V90/><F90/><W40/><G40/><T133/><D133/><U115/><E115/><V58/><F58/><W10/><G75/><T99/><REACH who="0" step="1"/><D129/><REACH who="0" ten="389,90,182,329" step="2"/><U119/><E134/><V24/><F121/><W85/><G76/><T37/><D37/><U48/><E38/><V80/><F118/><W9/><G79/><T100/><D100/><U15/><E119/><V61/><F117/><W94/><G81/><T116/><D116/><U54/><E71/><V26/><F80/><W77/><G77/><T135/><D135/><U98/><E66/><V128/><F128/><W125/><G125/><T96/><D96/><U39/><E98/><V67/><F62/><W59/><G57/><T22/><AGARI ba="0,1" hai="5,7,13,16,22,36,43,45,89,92,99,105,106,107" machi="22" ten="30,7900,0" yaku="1,1,0,1,52,1,54,1,53,0" doraHai="69" doraHaiUra="25" who="0" fromWho="0" sc="389,89,90,-20,182,-20,329,-39" /><INIT seed="4,0,0,1,5,6" ten="478,70,162,290" oya="0" hai0="85,44,33,135,131,42,126,118,97,120,78,90,59" hai1="81,72,91,46,19,99,127,114,39,31,98,8,107" hai2="68,45,47,29,106,121,50,38,115,52,15,87,96" hai3="9,60,67,86,116,30,102,79,92,32,18,112,14"/><T69/><D69/><U132/><E132/><V83/><F121/><W95/><G112/><T71/><D71/><U117/><E117/><V24/><F115/><W2/><G116/><T62/><D33/><U65/><E127/><V64/><F15/><W101/><G2/><T51/><D78/><U28/><E114/><V124/><F124/><W37/><G37/><T113/><D97/><U20/><E65/><V122/><F122/><W75/><G75/><T41/><D41/><U133/><E133/><V5/><F5/><W21/><G32/><T88/><D90/><U57/><E57/><V53/><F38/><W128/><G128/><T49/><D49/><U105/><E39/><V134/><F134/><W109/><G109/><T40/><D40/><U16/><E46/><V100/><F68/><W10/><G30/><T13/><D13/><U48/><E48/><V89/><F64/><W123/><G123/><T82/><D113/><U104/><E72/><V108/><F108/><W4/><G4/><T25/><D118/><U56/><E56/><V35/><F45/><W129/><G129/><T93/><D120/><U26/><E99/><V73/><F73/><W119/><G119/><T17/><D126/><U12/><REACH who="1" step="1"/><E98/><REACH who="1" ten="478,60,162,290" step="2"/><V36/><F36/><W110/><G110/><T77/><D135/><U125/><E125/><V103/><F103/><W61/><G101/><T3/><D131/><U84/><AGARI ba="0,1" hai="8,12,16,19,20,26,28,31,81,84,91,104,105,107" machi="84" ten="40,8000,1" yaku="1,1,0,1,52,1,54,1,53,0" doraHai="6" doraHaiUra="111" who="1" fromWho="1" sc="478,-40,60,90,162,-20,290,-20" /><INIT seed="5,0,0,0,0,81" ten="438,150,142,270" oya="1" hai0="101,24,132,50,130,31,18,122,117,94,58,111,97" hai1="113,108,96,68,112,128,84,47,93,99,28,45,44" hai2="38,124,59,95,92,36,107,60,110,35,70,17,37" hai3="53,126,34,90,76,125,79,39,1,106,133,109,72"/><U78/><E68/><V13/><F35/><W134/><G1/><T104/><D18/><U102/><E128/><V25/><F70/><W105/><G39/><N who="2" m="9985" /><V119/><DORA hai="71" /><F119/><W3/><G34/><T73/><D94/><N who="2" m="35882" /><F107/><W89/><G3/><T32/><D58/><U63/><E108/><V55/><F110/><W49/><G109/><T41/><D50/><U62/><E28/><V40/><F40/><W74/><G49/><T33/><D97/><U131/><E131/><V127/><F25/><W11/><G11/><T46/><D24/><U115/><E99/><V48/><F48/><W64/><G64/><T118/><D41/><U121/><E121/><V67/><F67/><W66/><G66/><T21/><D104/><U43/><E43/><V56/><F56/><W10/><G10/><T83/><D130/><U87/><E78/><V52/><F55/><AGARI ba="0,0" hai="53,55,72,74,76,79,89,90,105,106,125,126,133,134" machi="55" ten="25,1600,0" yaku="22,2" doraHai="81,71" who="3" fromWho="2" sc="438,0,150,0,142,-16,270,16" /><INIT seed="6,0,0,4,4,27" ten="438,150,126,286" oya="2" hai0="59,51,37,9,54,81,87,117,111,86,41,115,50" hai1="105,39,113,134,66,131,45,11,20,70,99,5,110" hai2="7,29,13,121,67,83,31,133,36,98,8,15,126" hai3="21,68,119,100,103,82,32,73,107,93,97,128,74"/><V10/><F36/><W56/><G32/><T33/><D87/><U60/><E110/><V114/><F98/><N who="3" m="61847" /><G68/><T18/><D86/><U85/><E113/><V116/><F83/><W42/><G42/><T135/><D81/><U55/><E131/><V3/><F67/><W89/><G21/><T6/><D51/><U96/><E134/><V79/><F79/><W80/><G56/><T1/><D50/><U26/><E105/><V77/><F77/><W118/><G128/><T28/><D59/><U58/><E85/><V65/><F65/><W61/><G61/><T120/><D54/><U40/><E11/><N who="2" m="4139" /><F133/><W75/><G118/><T57/><D57/><U43/><E5/><V17/><F116/><W76/><G119/><T102/><D6/><U106/><E106/><V25/><F121/><W22/><G22/><T130/><D33/><U64/><E64/><V125/><F114/><W112/><G112/><T132/><D115/><U127/><E43/><V104/><F104/><N who="3" m="63599" /><G76/><T62/><D41/><U24/><E70/><V16/><F125/><W101/><G101/><T48/><D102/><U122/><E127/><V92/><F92/><W129/><G129/><T78/><D130/><U88/><E66/><V123/><F126/><W14/><G14/><N who="2" m="5129" /><F123/><W0/><G0/><T72/><D1/><U12/><E122/><V91/><F91/><W69/><G69/><T34/><D120/><U19/><E99/><AGARI ba="0,0" hai="73,74,75,80,82,89,93,99" m="63599,61847" machi="99" ten="30,8000,1" yaku="35,5" doraHai="27" who="3" fromWho="1" sc="438,0,150,-80,126,0,286,80" /><INIT seed="7,0,0,3,3,9" ten="438,70,126,366" oya="3" hai0="7,87,32,20,88,10,52,116,43,41,30,90,80" hai1="119,133,125,58,8,120,39,53,131,59,79,27,21" hai2="51,40,99,111,13,34,106,95,76,57,81,96,26" hai3="4,113,110,24,16,115,2,5,85,105,64,66,104"/><W55/><G110/><T42/><D116/><U11/><E120/><V73/><F13/><W68/><G68/><T93/><D32/><U12/><E119/><V44/><F111/><W63/><G2/><T100/><D100/><U118/><E118/><V114/><F114/><N who="3" m="43531" /><G85/><N who="0" m="50215" /><D52/><U123/><E131/><V71/><F71/><N who="3" m="42399" /><G55/><T61/><D61/><U33/><E123/><V23/><F57/><W25/><G66/><T3/><D3/><U47/><E125/><V38/><F51/><W112/><N who="3" m="43539" /><W14/><DORA hai="22" /><G25/><N who="0" m="16679" /><D10/><U89/><E11/><V56/><F44/><W6/><G24/><T45/><D45/><U98/><E47/><V1/><F26/><W74/><G74/><T18/><D18/><U84/><E53/><V117/><F1/><W15/><G16/><T86/><D86/><U94/><E33/><V91/><F34/><W60/><G60/><T49/><D49/><U17/><E39/><V72/><F38/><W54/><G54/><T69/><D69/><U65/><E65/><V103/><F117/><W75/><G75/><T36/><D36/><U62/><E62/><V102/><F72/><W126/><G126/><T29/><D29/><U130/><E130/><V122/><F73/><W46/><G46/><T121/><D121/><U77/><E84/><V70/><F70/><W109/><G109/><T28/><D28/><U134/><E59/><V127/><F56/><W128/><G128/><T50/><D50/><U97/><E58/><V19/><F127/><W101/><G101/><N who="2" m="38409" /><F122/><W82/><G82/><T132/><D7/><N who="1" m="3103" /><E98/><N who="2" m="57727" /><F81/><W108/><G108/><T129/><D129/><RYUUKYOKU ba="0,0" sc="438,10,70,10,126,-30,366,10" hai0="41,42,43,87,90,93,132" hai1="17,21,27,77,79,89,94,97,133,134" hai3="4,5,6,14,15,104,105" /><INIT seed="7,1,0,3,5,55" ten="448,80,96,376" oya="3" hai0="11,14,78,22,13,82,94,54,107,73,36,67,105" hai1="92,35,122,15,62,20,40,64,119,37,87,128,111" hai2="97,66,1,121,31,6,88,60,93,125,25,102,70" hai3="2,52,127,104,100,80,130,132,133,114,46,91,77"/><W38/><G114/><T47/><D67/><U112/><E35/><V113/><F125/><W116/><G116/><T4/><D94/><U53/><E111/><V9/><F113/><W126/><G2/><T8/><D22/><U118/><E112/><V74/><F121/><W17/><G130/><T90/><D90/><N who="1" m="53343" /><E53/><V109/><F109/><W10/><G100/><T42/><D54/><U123/><E40/><V24/><F74/><W41/><G104/><T71/><D71/><N who="1" m="42391" /><E37/><V28/><F102/><W79/><G10/><T48/><D36/><U21/><E128/><V108/><F108/><W19/><G91/><T32/><D32/><U33/><E33/><V61/><F61/><W135/><G52/><T50/><D48/><U12/><E21/><V117/><F117/><N who="1" m="44553" /><E20/><V95/><F95/><W27/><G27/><T99/><D99/><U43/><E43/><V51/><F51/><W3/><G3/><T110/><D110/><U103/><E103/><V96/><F96/><W81/><G81/><T86/><D73/><U63/><E63/><V57/><F70/><W134/><N who="3" m="33792" /><DORA hai="49" /><W0/><G0/><T45/><D47/><U56/><E56/><V72/><F72/><N who="3" m="43047" /><G79/><T129/><D129/><U29/><E29/><V115/><F115/><W23/><G23/><T68/><D68/><U44/><E44/><V58/><F58/><W30/><G30/><T89/><D89/><U5/><E15/><V120/><F120/><W26/><G26/><T106/><D107/><U101/><E101/><V59/><F59/><W83/><G83/><T75/><D75/><U131/><E131/><RYUUKYOKU ba="1,0" sc="448,0,80,0,96,0,376,0" hai0="4,8,11,13,14,42,45,50,78,82,86,105,106" hai1="5,12,122,123" hai2="1,6,9,24,25,28,31,57,60,66,88,93,97" hai3="17,19,38,41,46,126,127" /><INIT seed="7,2,0,1,3,115" ten="448,80,96,376" oya="3" hai0="7,80,0,58,9,20,101,71,25,123,76,13,124" hai1="81,135,32,100,98,61,28,111,29,1,60,106,47" hai2="37,79,54,107,96,45,94,131,10,31,17,33,42" hai3="119,41,11,6,43,44,87,59,30,114,50,14,83"/><W116/><G114/><T40/><D71/><U70/><E111/><V69/><F69/><W128/><G128/><T62/><D101/><U27/><E135/><V4/><F17/><W129/><G129/><T118/><D40/><U132/><E132/><V104/><F131/><W88/><G30/><T26/><D123/><U51/><E1/><V23/><F54/><W75/><G43/><T57/><D118/><U78/><E29/><V15/><F79/><W112/><G112/><T95/><D95/><U89/><E89/><V134/><F33/><W64/><G75/><T39/><D39/><U19/><E19/><V66/><F66/><W110/><REACH who="3" step="1"/><G110/><REACH who="3" ten="448,80,96,366" step="2"/><T53/><D124/><U126/><E126/><V99/><F134/><W12/><G12/><T105/><D105/><U55/><REACH who="1" step="1"/><E70/><REACH who="1" ten="448,70,96,366" step="2"/><V65/><F107/><W3/><G3/><T109/><D109/><U36/><E36/><V67/><F104/><W102/><G102/><T21/><D0/><U97/><E97/><V22/><F99/><W122/><G122/><T24/><D26/><U86/><AGARI ba="2,2" hai="27,28,32,47,51,55,60,61,78,81,86,98,100,106" machi="86" ten="20,2700,0" yaku="1,1,0,1,7,1,53,0" doraHai="115" doraHaiUra="85" who="1" fromWho="1" sc="448,-9,70,53,96,-9,366,-15" owari="439,54.0,123,-28.0,87,-41.0,351,15.0" /></mjloggm>