<mjloggm ver="2.3"><GO type="41" lobby="0"/><UN n0="%67%61%72%75%63%69%61" n1="%E3%82%B7%E3%82%B9%E3%82%A4" n2="%E3%81%91%E3%81%84%E3%81%84%E3%81%A1%E3%82%86%E3%81%BF%E3%81%93" n3="%E2%93%9D%53%75%70%68%78" dan="15,15,17,18" rate="2040.56,1970.72,2021.98,2103.04" sx="M,M,M,M"/><TAIKYOKU oya="0"/><INIT seed="0,0,0,2,1,44" ten="250,250,250,250" oya="0" hai0="3,62,22,132,56,14,92,117,118,60,37,73,113" hai1="106,23,32,59,20,108,126,12,91,82,16,42,116" hai2="111,100,101,47,64,36,74,123,85,119,15,90,25" hai3="103,88,18,39,38,65,33,83,115,35,112,13,61"/><T120/><D3/><U8/><E116/><V98/><F123/><W84/><G103/><T102/><D73/><U19/><E32/><V34/><F119/><W1/><G1/><T135/><D37/><U10/><E106/><V48/><F74/><W6/><G6/><T51/><D120/><U5/><E126/><V40/><F111/><W105/><G105/><T55/><D113/><U45/><E59/><V95/><F15/><W121/><G121/><T7/><D117/><U110/><E91/><V72/><F72/><W76/><G35/><T50/><D118/><U63/><E63/><V29/><F64/><W99/><G33/><T31/><D62/><U27/><E82/><V70/><F70/><W0/><G0/><T54/><D54/><U77/><E77/><V78/><F36/><W133/><G133/><N who="0" m="51275" /><D7/><U26/><REACH who="1" step="1"/><E10/><REACH who="1" ten="250,240,250,250" step="2"/><V28/><F78/><W49/><G115/><T94/><D102/><U107/><E107/><V128/><F101/><W87/><G112/><T41/><D41/><U53/><E53/><V79/><F79/><W17/><G76/><T125/><D125/><U127/><E127/><V43/><F40/><W69/><G61/><T75/><D75/><U81/><E81/><V57/><F100/><W11/><G83/><T30/><D94/><U134/><E134/><V9/><F95/><W122/><G122/><T114/><D114/><U104/><E104/><V46/><F43/><W71/><G88/><T130/><D92/><U86/><E86/><V58/><F85/><W93/><G93/><T2/><D60/><U21/><E21/><V109/><F90/><RYUUKYOKU ba="0,1" sc="250,-10,240,30,250,-10,250,-10" hai1="5,8,12,16,19,20,23,26,27,42,45,108,110" /><INIT seed="1,1,1,3,1,89" ten="240,270,240,240" oya="1" hai0="59,74,84,13,53,126,67,79,104,132,61,44,123" hai1="6,47,81,109,111,26,85,56,99,39,22,102,107" hai2="17,2,19,52,43,127,110,31,95,101,92,45,18" hai3="21,72,66,8,50,63,83,75,103,91,40,130,0"/><U68/><E68/><V82/><F2/><W62/><G130/><T120/><D104/><U71/><E71/><V10/><F110/><N who="1" m="41993" /><E6/><V133/><F133/><W135/><G103/><T131/><D132/><U9/><E9/><V124/><F101/><W7/><G135/><T3/><D3/><U76/><E56/><V96/><F96/><W36/><G50/><T97/><D74/><U87/><E87/><V106/><F106/><W30/><G75/><T112/><D112/><U86/><E86/><V100/><F100/><W117/><G66/><T64/><D97/><U78/><E78/><V41/><F31/><W70/><G30/><T54/><D126/><N who="2" m="48170" /><F82/><W129/><G83/><N who="0" m="47231" /><D131/><U60/><E60/><V121/><F10/><W94/><G63/><T69/><D69/><U33/><E33/><V128/><F128/><W55/><G62/><T113/><D113/><U65/><E65/><V73/><F73/><W51/><G72/><T12/><D123/><U80/><E80/><V38/><F121/><W32/><G70/><T98/><D120/><U108/><N who="1" m="42001" /><U1/><DORA hai="37" /><E1/><V42/><F38/><W105/><G36/><T119/><D119/><U116/><E116/><V49/><AGARI ba="1,1" hai="17,18,19,41,42,43,45,49,52,92,95" m="48170" machi="49" ten="40,12000,2" yaku="18,1,52,5,54,1" doraHai="89,37" who="2" fromWho="2" sc="240,-31,270,-61,240,133,240,-31" /><INIT seed="2,0,0,4,4,63" ten="209,209,373,209" oya="2" hai0="42,69,9,55,92,11,84,76,120,121,71,43,129" hai1="30,12,110,67,32,1,50,132,111,74,99,125,94" hai2="54,26,77,104,122,38,13,114,5,133,62,36,28" hai3="80,61,56,105,22,96,101,21,91,109,100,66,18"/><V90/><F122/><W8/><G109/><T31/><D31/><U17/><E1/><V45/><F104/><W70/><G101/><T7/><D129/><U113/><E74/><V0/><F114/><W123/><G123/><T103/><D103/><U25/><E113/><V131/><F131/><W118/><G118/><T29/><D29/><U73/><E73/><V58/><F133/><W52/><G8/><T87/><D92/><U24/><E125/><V6/><F77/><W119/><G119/><T97/><D97/><U15/><E132/><V40/><F0/><W116/><G116/><T88/><D55/><U47/><E24/><V46/><F90/><W82/><G91/><T72/><D72/><U98/><E67/><V48/><F13/><W135/><G22/><T117/><D117/><U44/><E12/><V86/><F86/><W37/><G37/><T81/><D120/><U89/><E99/><V51/><F36/><W130/><G130/><T4/><D121/><U124/><E124/><V107/><F38/><W64/><G135/><T35/><D35/><U102/><E102/><V10/><F107/><W59/><G70/><T3/><D71/><U126/><E126/><V33/><REACH who="2" step="1"/><F10/><REACH who="2" ten="209,209,363,209" step="2"/><W49/><REACH who="3" step="1"/><G66/><AGARI ba="0,1" hai="5,6,26,28,33,40,45,46,48,51,54,58,62,66" machi="66" ten="30,11600,0" yaku="1,1,2,1,7,1,52,1,53,0" doraHai="63" doraHaiUra="95" who="2" fromWho="3" sc="209,0,209,0,363,126,209,-116" /><INIT seed="2,1,0,2,3,59" ten="209,209,489,93" oya="2" hai0="58,97,55,89,108,68,52,16,94,31,84,0,27" hai1="91,77,93,111,44,24,18,72,25,79,133,40,36" hai2="32,125,3,98,63,1,29,60,14,67,56,107,124" hai3="106,7,110,82,4,135,21,13,86,126,69,20,70"/><V23/><F32/><W88/><G106/><T35/><D68/><U120/><E120/><V62/><F1/><W9/><G110/><T96/><D0/><U38/><E111/><V101/><F3/><W74/><G135/><T87/><D108/><U64/><E133/><V50/><F50/><W34/><G34/><T100/><D55/><U99/><E38/><V121/><F121/><W118/><G118/><T76/><D16/><U132/><E132/><V103/><F101/><W8/><G126/><N who="2" m="48745" /><F14/><W116/><G74/><T66/><D66/><U65/><E72/><V114/><F114/><W112/><G116/><T53/><D53/><U19/><E64/><V122/><F122/><W123/><G112/><T127/><D127/><U17/><REACH who="1" step="1"/><E65/><REACH who="1" ten="209,199,489,93" step="2"/><V26/><AGARI ba="1,1" hai="23,26,29,56,60,62,63,67,98,103,107" m="48745" machi="26" ten="30,11700,0" yaku="18,1,52,3" doraHai="59" who="2" fromWho="2" sc="209,-40,199,-40,489,130,93,-40" /><INIT seed="2,2,0,2,2,34" ten="169,159,619,53" oya="2" hai0="23,26,110,82,134,42,17,114,41,97,68,65,103" hai1="60,94,62,89,33,83,124,9,67,74,133,59,128" hai2="130,85,135,15,116,107,90,31,4,115,87,93,105" hai3="12,21,3,63,66,40,102,86,19,58,122,25,79"/><V13/><F115/><W24/><G122/><T95/><D114/><U111/><E33/><V109/><F116/><W32/><G102/><T72/><D110/><U70/><E111/><V14/><F109/><W8/><G40/><T126/><D126/><U1/><E124/><V84/><F130/><W27/><G32/><T120/><D120/><U55/><E128/><V18/><F31/><W44/><G44/><T46/><D134/><U7/><E133/><V125/><F135/><W96/><G96/><T54/><D68/><U69/><E69/><V29/><F29/><W11/><REACH who="3" step="1"/><G3/><REACH who="3" ten="169,159,619,43" step="2"/><T16/><D42/><U118/><E118/><V2/><F125/><W0/><G0/><T88/><D41/><U10/><E10/><V22/><F107/><W131/><G131/><T39/><D46/><U36/><E36/><V47/><F105/><W61/><G61/><T99/><D39/><U51/><E62/><V57/><F47/><W81/><AGARI ba="2,1" hai="8,11,12,19,21,24,25,27,58,63,66,79,81,86" machi="81" ten="30,4000,0" yaku="1,1,0,1,8,1,53,0" doraHai="34" doraHaiUra="100" who="3" fromWho="3" sc="169,-12,159,-12,619,-22,43,56" /><INIT seed="3,0,0,3,4,12" ten="157,147,597,99" oya="3" hai0="102,26,92,27,108,87,62,98,41,48,83,17,64" hai1="90,21,22,38,6,34,124,1,88,128,94,86,121" hai2="43,97,73,32,72,77,24,70,119,110,5,85,113" hai3="111,122,78,44,80,35,96,29,40,58,89,117,106"/><W103/><G117/><T9/><D108/><U4/><E38/><V118/><F70/><W33/><G122/><T99/><D99/><U2/><E34/><V107/><F43/><W14/><G111/><T25/><D41/><U49/><E121/><V67/><F110/><W100/><G100/><T47/><D47/><U71/><E71/><V23/><F32/><W81/><G58/><N who="0" m="36951" /><D48/><U79/><E79/><V84/><F67/><W53/><G53/><T101/><D101/><U54/><E124/><V125/><F97/><W127/><G127/><T7/><D7/><N who="1" m="2603" /><E128/><V91/><F107/><W57/><G57/><T36/><D36/><U19/><E2/><V135/><F5/><W69/><G69/><T61/><D61/><U51/><E1/><V56/><F56/><W31/><G35/><T68/><D68/><U130/><E130/><V109/><F72/><W60/><G60/><T131/><D131/><U95/><E22/><V93/><F73/><W55/><G33/><T104/><D104/><U133/><E54/><V13/><F23/><W28/><G55/><T65/><D65/><U42/><E42/><V3/><F3/><W76/><G40/><T52/><D52/><U39/><E39/><V112/><F125/><W59/><G59/><T105/><D105/><U129/><E129/><V15/><F109/><W115/><G106/><T120/><D120/><U10/><E133/><V45/><F135/><W74/><G44/><T134/><D134/><U75/><E75/><V20/><F45/><W63/><G63/><T66/><D66/><U123/><E123/><V50/><F50/><RYUUKYOKU ba="0,0" sc="157,0,147,0,597,0,99,0" /><INIT seed="4,1,0,5,4,53" ten="157,147,597,99" oya="0" hai0="117,74,131,103,1,122,125,108,28,112,134,73,18" hai1="12,126,121,63,24,0,36,119,47,2,85,124,26" hai2="52,43,101,120,67,123,9,27,93,95,128,33,75" hai3="17,6,79,10,41,19,32,58,20,16,30,65,94"/><T110/><RYUUKYOKU type="yao9" ba="1,0" sc="157,0,147,0,597,0,99,0" hai0="1,18,28,73,74,103,108,110,112,117,122,125,131,134" /><INIT seed="4,2,0,3,5,50" ten="157,147,597,99" oya="0" hai0="86,17,37,102,18,111,123,85,101,16,116,60,57" hai1="112,89,47,117,104,24,3,131,82,93,12,26,103" hai2="121,77,115,81,66,107,72,79,100,63,84,99,74" hai3="41,87,0,4,120,32,48,8,23,125,119,33,30"/><T1/><D123/><U31/><E3/><V11/><F115/><W90/><G119/><T29/><D116/><U54/><E117/><V96/><F121/><W58/><G125/><T133/><D37/><U94/><E112/><V59/><F77/><W105/><G105/><T53/><D1/><U124/><E104/><V14/><F99/><W98/><G98/><T108/><D133/><U19/><E103/><N who="0" m="39433" /><D29/><U40/><E124/><V55/><F66/><W27/><G120/><T13/><D111/><U5/><E5/><AGARI ba="2,0" hai="5,11,14,55,59,63,72,74,79,81,84,96,100,107" machi="5" ten="30,2000,0" yaku="7,1,52,1" doraHai="50" who="2" fromWho="1" sc="157,0,147,-26,597,26,99,0" /><INIT seed="5,0,0,1,0,95" ten="157,121,623,99" oya="1" hai0="61,25,130,83,125,15,92,100,17,98,104,52,124" hai1="129,32,132,39,81,88,44,117,43,38,18,37,27" hai2="112,131,36,1,31,66,65,127,53,134,121,115,33" hai3="77,4,12,29,109,113,118,108,64,116,0,114,119"/><U22/><E117/><V122/><F1/><W40/><G40/><T45/><D130/><U62/><E129/><V42/><F31/><W69/><G77/><T106/><D83/><U105/><E105/><V96/><F33/><W24/><G64/><T49/><D25/><U10/><E132/><V54/><F131/><W48/><G48/><T135/><D135/><U59/><E32/><V16/><F134/><W126/><G69/><T85/><D61/><U7/><E81/><V72/><F72/><W78/><G78/><T46/><D46/><U41/><E41/><V51/><F96/><W6/><G126/><N who="0" m="48747" /><D85/><U73/><E73/><V50/><F127/><W23/><G0/><T79/><D79/><U133/><E88/><V82/><F82/><W84/><G84/><T120/><D120/><U47/><E47/><V58/><F42/><W128/><G128/><T111/><D111/><N who="3" m="42569" /><G12/><T80/><D80/><U70/><E133/><V26/><F26/><W55/><G55/><T30/><D30/><U34/><E70/><V56/><F36/><W67/><G67/><T9/><AGARI ba="0,0" hai="9,15,17,45,49,52,92,98,100,104,106" m="48747" machi="9" ten="30,4000,0" yaku="18,1,52,1,54,1" doraHai="95" who="0" fromWho="0" sc="157,40,121,-20,623,-10,99,-10" /><INIT seed="6,0,0,2,2,134" ten="197,101,613,89" oya="2" hai0="106,21,54,94,135,39,29,115,13,101,18,50,97" hai1="112,81,123,38,33,117,130,66,99,52,48,107,76" hai2="40,37,63,59,120,116,16,109,126,7,3,93,83" hai3="73,10,6,75,19,125,27,74,55,53,82,114,51"/><V91/><F116/><W111/><G111/><T127/><D39/><U131/><E38/><V69/><F69/><W12/><G114/><T85/><D135/><U46/><E112/><V58/><F3/><W0/><G27/><T24/><D115/><U65/><E117/><V28/><F7/><W72/><G125/><T129/><D129/><N who="1" m="49163" /><E33/><V17/><F126/><W14/><G0/><T103/><D127/><U22/><E22/><V121/><F28/><W41/><G41/><T45/><D85/><N who="1" m="48295" /><E123/><V100/><F40/><W96/><G96/><T34/><D106/><U87/><E87/><V64/><F37/><W32/><G32/><T92/><D92/><U67/><E99/><V128/><F109/><W132/><G132/><T78/><D78/><U57/><E107/><V23/><F83/><W98/><G98/><T133/><D133/><U104/><E104/><V88/><F100/><AGARI ba="0,0" hai="13,18,21,24,29,34,45,50,54,94,97,100,101,103" machi="100" ten="30,1000,0" yaku="7,1" doraHai="134" who="0" fromWho="2" sc="197,10,101,0,613,-10,89,0" /><INIT seed="7,0,0,1,0,99" ten="207,101,603,89" oya="3" hai0="11,114,6,108,3,39,19,107,74,79,15,4,93" hai1="89,50,69,127,71,20,117,125,34,119,1,77,128" hai2="36,45,14,132,31,95,92,83,110,37,59,40,64" hai3="41,29,94,101,2,44,54,104,105,103,109,56,12"/><W16/><G2/><T126/><D107/><U8/><E34/><V98/><F110/><W120/><G120/><T68/><D108/><U91/><E128/><V106/><F132/><W75/><G75/><T48/><D39/><U72/><E50/><V78/><F36/><W49/><G109/><T100/><D68/><N who="1" m="26187" /><E77/><V57/><F106/><W113/><G105/><T53/><D126/><N who="1" m="48139" /><E72/><V115/><F92/><W18/><G104/><T82/><D114/><U60/><E60/><V133/><F64/><W84/><G29/><T17/><D17/><N who="3" m="6761" /><G113/><T76/><D76/><U32/><E32/><V62/><F115/><W13/><G84/><N who="0" m="48223" /><D3/><U134/><E20/><V67/><F31/><W90/><G90/><N who="1" m="34314" /><E134/><V87/><F133/><W135/><G135/><T63/><D63/><U96/><E96/><V88/><F14/><N who="3" m="5739" /><G94/><T22/><D74/><U25/><E25/><V73/><F73/><W129/><G129/><T123/><D123/><U97/><E97/><V81/><F83/><W26/><G26/><T61/><D61/><AGARI ba="0,0" hai="41,44,49,54,56,61,101,103" m="5739,6761" machi="61" ten="30,11600,0" yaku="8,1,52,2,54,1" doraHai="99" who="3" fromWho="0" sc="207,-116,101,0,603,0,89,116" /><INIT seed="7,1,0,2,1,61" ten="91,101,603,205" oya="3" hai0="28,70,101,121,126,123,19,106,32,17,125,94,27" hai1="13,87,78,81,36,2,98,14,128,55,79,74,45" hai2="58,1,52,64,127,40,21,35,50,60,113,90,103" hai3="72,38,43,7,56,31,41,59,9,18,66,105,39"/><W134/><G31/><T51/><D51/><U116/><E2/><V3/><F35/><W42/><G105/><T96/><D70/><U104/><E128/><V25/><F113/><W63/><G18/><T122/><REACH who="0" step="1"/><D106/><REACH who="0" ten="81,101,603,205" step="2"/><U95/><E104/><V119/><F127/><AGARI ba="1,1" hai="17,19,27,28,32,94,96,101,121,122,123,125,126,127" machi="127" ten="50,8000,1" yaku="1,1,2,1,18,1,53,1" doraHai="61" doraHaiUra="92" who="0" fromWho="2" sc="81,93,101,0,603,-83,205,0" owari="174,-23.0,101,-40.0,520,62.0,205,1.0" /></mjloggm>