<mjloggm ver="2.3"><GO type="41" lobby="0"/><UN n0="%E3%83%8F%E3%83%8D%E3%82%B9%E3%83%AA%E3%83%BC" n1="%E3%83%91%E3%83%AF%E3%83%BC%E3%82%AA%E3%83%96%E3%83%A9%E3%83%96" n2="%28%E6%A0%97%E7%94%B0%E6%81%AD%E5%AE%8F%29" n3="%E2%93%9D%53%75%70%68%78" dan="15,13,16,18" rate="1960.10,1889.27,2101.36,2101.91" sx="M,M,M,M"/><TAIKYOKU oya="0"/><INIT seed="0,0,0,3,1,108" ten="250,250,250,250" oya="0" hai0="103,19,64,60,97,78,43,4,116,30,102,113,122" hai1="74,12,128,91,72,55,98,76,70,47,95,8,27" hai2="25,67,85,32,50,117,21,100,134,82,94,33,79" hai3="46,87,41,2,62,99,51,31,59,69,54,14,119"/><T75/><D116/><U107/><E128/><V125/><F125/><W124/><G2/><T42/><D113/><U29/><E70/><V56/><F134/><W109/><G109/><T96/><D4/><U114/><E107/><V20/><F117/><W10/><G124/><T133/><D133/><U17/><E76/><V86/><F20/><W37/><G31/><T81/><D122/><U84/><E114/><V92/><F92/><W135/><G119/><T13/><D30/><U101/><E55/><V6/><F6/><W38/><G99/><T90/><D90/><U105/><REACH who="1" step="1"/><E47/><REACH who="1" ten="250,240,250,250" step="2"/><V45/><F45/><W9/><G69/><T36/><D36/><U0/><E0/><V23/><F79/><W53/><G38/><T89/><D43/><U5/><E5/><V63/><F67/><W130/><G130/><T88/><D42/><U3/><E3/><V52/><F52/><W73/><G135/><T57/><D97/><U58/><E58/><V131/><F56/><W118/><G118/><T26/><D102/><U93/><E93/><V39/><F94/><W83/><G37/><T126/><D126/><U61/><E61/><V129/><F63/><W132/><G132/><T24/><D89/><U80/><E80/><V66/><F82/><W44/><G44/><T106/><D88/><U111/><E111/><V28/><F39/><W115/><G115/><T104/><D104/><U112/><E112/><V16/><F129/><W65/><G41/><T1/><D1/><U121/><E121/><V71/><F131/><W127/><G127/><T120/><D120/><U110/><E110/><RYUUKYOKU ba="0,1" sc="250,15,240,15,250,-15,250,-15" hai0="13,19,24,26,57,60,64,75,78,81,96,103,106" hai1="8,12,17,27,29,72,74,84,91,95,98,101,105" /><INIT seed="0,1,1,2,4,99" ten="265,255,235,235" oya="0" hai0="17,91,18,22,69,62,59,15,86,120,50,104,79" hai1="71,101,70,98,128,109,34,119,6,31,30,33,49" hai2="11,54,103,44,7,116,75,58,43,9,47,83,131" hai3="88,77,36,125,19,124,20,126,46,129,108,51,13"/><T26/><D104/><U106/><E119/><V74/><F131/><W92/><G129/><T84/><D69/><U53/><E128/><V135/><F135/><W52/><G77/><T73/><D50/><U90/><E109/><V122/><F122/><W110/><REACH who="3" step="1"/><G36/><REACH who="3" ten="265,255,235,225" step="2"/><T57/><D79/><U134/><E134/><V117/><F117/><W40/><G40/><T29/><D120/><U93/><E6/><V56/><F116/><W41/><G41/><T67/><D73/><U23/><E34/><V60/><F74/><W82/><G82/><T65/><D91/><U105/><E33/><V85/><F75/><W102/><G102/><T1/><D1/><U42/><E42/><V66/><F103/><W21/><G21/><T12/><D22/><U100/><E23/><V113/><F43/><W3/><G3/><T107/><D107/><U37/><E37/><V0/><F113/><W24/><G24/><T2/><D2/><U114/><E114/><V14/><F0/><W39/><G39/><T97/><D26/><U28/><E106/><V64/><F11/><W123/><G123/><T127/><D15/><U94/><E105/><V78/><REACH who="2" step="1"/><F66/><REACH who="2" ten="265,255,225,225" step="2"/><W96/><AGARI ba="1,3" hai="13,19,20,46,51,52,88,92,96,108,110,124,125,126" machi="96" ten="40,8000,1" yaku="1,1,0,1,18,1,54,2,53,0" doraHai="99" doraHaiUra="35" who="3" fromWho="3" sc="265,-41,255,-21,225,-21,225,113" /><INIT seed="1,0,0,0,0,104" ten="224,234,204,338" oya="1" hai0="50,62,116,15,60,6,100,108,44,12,67,109,72" hai1="92,27,48,47,103,54,58,105,79,110,85,33,70" hai2="128,130,53,1,68,87,124,123,135,99,3,86,45" hai3="17,64,18,16,65,78,7,24,52,13,2,55,26"/><U106/><E70/><V9/><F123/><W34/><G2/><T113/><D113/><U76/><E110/><V90/><F68/><W28/><G78/><T120/><D116/><U51/><E106/><V81/><F124/><W19/><G7/><T35/><D35/><U46/><E105/><V77/><F99/><W39/><G39/><T88/><D100/><U10/><E10/><V11/><F135/><W111/><G111/><T20/><D120/><U95/><E103/><V93/><F3/><W31/><G65/><T122/><D122/><U0/><E0/><V96/><F1/><W74/><G74/><T42/><D20/><U91/><E95/><V115/><F115/><W59/><G64/><T118/><D118/><U133/><E58/><V5/><F5/><W21/><REACH who="3" step="1"/><G59/><REACH who="3" ten="224,234,204,328" step="2"/><T82/><D6/><U89/><E133/><V112/><F112/><W22/><AGARI ba="0,1" hai="13,16,17,18,19,21,22,24,26,28,31,34,52,55" machi="22" ten="30,8000,1" yaku="1,1,2,1,0,1,54,2,53,0" doraHai="104" doraHaiUra="84" who="3" fromWho="3" sc="224,-20,234,-40,204,-20,328,90" /><INIT seed="2,0,0,4,2,21" ten="204,194,184,418" oya="2" hai0="97,127,132,111,122,62,55,77,0,27,46,57,52" hai1="26,60,56,23,119,51,123,25,39,9,24,91,108" hai2="129,22,3,90,130,131,75,114,124,120,38,110,116" hai3="115,79,19,100,92,43,112,53,82,106,76,45,93"/><V54/><RYUUKYOKU type="yao9" ba="0,0" sc="204,0,194,0,184,0,418,0" hai2="3,22,38,54,75,90,110,114,116,120,124,129,130,131" /><INIT seed="2,1,0,2,3,0" ten="204,194,184,418" oya="2" hai0="81,79,29,21,23,97,69,122,123,87,55,66,65" hai1="78,135,26,105,104,109,14,60,128,114,15,3,75" hai2="49,89,125,31,57,20,46,8,92,70,51,88,34" hai3="86,45,50,36,6,84,99,82,132,77,93,72,116"/><V115/><F70/><W13/><G36/><T83/><D69/><U22/><E114/><V118/><F118/><W126/><G132/><T48/><D122/><U9/><E135/><V127/><F115/><W131/><G126/><N who="2" m="48137" /><F34/><W42/><G131/><T121/><D121/><U110/><E78/><V102/><F57/><W35/><G35/><T62/><D62/><U38/><E75/><V107/><F107/><W124/><G116/><T54/><D97/><U12/><E38/><V30/><F8/><W108/><G108/><N who="1" m="41578" /><E60/><V117/><F117/><W10/><REACH who="3" step="1"/><G124/><REACH who="3" ten="204,194,184,408" step="2"/><T44/><D123/><U32/><E128/><V59/><F30/><W33/><G33/><T106/><D29/><N who="1" m="17623" /><E32/><V100/><F31/><W111/><G111/><T39/><D39/><U19/><E105/><V129/><F129/><W120/><G120/><T24/><D106/><U11/><E104/><V37/><F37/><W63/><G63/><T2/><D66/><U25/><E25/><V96/><F49/><W71/><G71/><T5/><D65/><U17/><E3/><V28/><F28/><W130/><G130/><T27/><D2/><U1/><E1/><V40/><F20/><W101/><AGARI ba="1,1" hai="6,10,13,42,45,50,72,77,82,84,86,93,99,101" machi="101" ten="20,5200,0" yaku="1,1,0,1,7,1,52,1,53,0" doraHai="0" doraHaiUra="52" who="3" fromWho="3" sc="204,-14,194,-14,184,-27,408,65" /><INIT seed="3,0,0,1,1,100" ten="190,180,157,473" oya="3" hai0="26,90,124,12,102,67,29,112,39,109,82,2,104" hai1="132,48,13,91,53,43,75,69,42,51,126,20,4" hai2="122,127,10,19,1,116,30,14,7,56,78,96,54" hai3="40,73,74,99,62,44,108,3,107,92,21,37,117"/><W103/><G117/><T58/><D2/><U0/><E75/><V128/><F116/><W36/><G92/><T5/><D39/><U35/><E35/><V17/><F127/><W88/><G88/><T120/><D120/><U86/><E0/><V9/><F128/><W50/><G21/><T27/><D109/><U135/><E69/><V60/><F122/><W115/><G115/><T85/><D124/><U87/><E126/><V16/><F30/><W45/><G50/><T113/><D26/><U57/><E51/><V89/><REACH who="2" step="1"/><F78/><REACH who="2" ten="190,180,147,473" step="2"/><W33/><G108/><T70/><D29/><U68/><E135/><V15/><F15/><W32/><G3/><T119/><D27/><U25/><E132/><V23/><F23/><W31/><G31/><T98/><D119/><U123/><E123/><V65/><F65/><W121/><G121/><T18/><D5/><U63/><E4/><V97/><F97/><W110/><G110/><T84/><D112/><U93/><E13/><V81/><F81/><W77/><G77/><T131/><D113/><U133/><E133/><V59/><F59/><W105/><G99/><T61/><D58/><U83/><E68/><V94/><AGARI ba="0,1" hai="1,7,9,10,14,16,17,19,54,56,60,89,94,96" machi="94" ten="30,7900,0" yaku="1,1,0,1,54,1,53,1" doraHai="100" doraHaiUra="52" who="2" fromWho="2" sc="190,-20,180,-20,147,89,473,-39" /><INIT seed="4,0,0,0,0,19" ten="170,160,236,434" oya="0" hai0="118,36,52,34,56,110,53,99,127,74,98,48,60" hai1="100,81,95,91,51,21,67,8,46,1,96,77,93" hai2="104,66,2,103,121,107,125,117,85,86,47,116,6" hai3="39,87,112,84,42,132,89,128,57,82,129,24,90"/><T65/><D74/><U97/><E1/><V40/><F125/><W124/><G112/><T79/><D36/><U4/><E67/><V49/><F121/><W88/><G132/><T83/><D118/><N who="2" m="45674" /><F66/><W123/><G124/><T130/><D34/><U73/><E4/><V78/><F78/><W41/><G57/><T126/><D110/><U20/><REACH who="1" step="1"/><E8/><REACH who="1" ten="170,150,236,434" step="2"/><N who="2" m="2135" /><F103/><W43/><G123/><T105/><D126/><U72/><E72/><V18/><F18/><W50/><G129/><T3/><D127/><U75/><E75/><V22/><F22/><W54/><G128/><T80/><D3/><U28/><E28/><V17/><F17/><W32/><G32/><T92/><D130/><U44/><E44/><V29/><F29/><W134/><G134/><T71/><D71/><U59/><E59/><V119/><F119/><W10/><G10/><T11/><D65/><U70/><E70/><V122/><F122/><W61/><G87/><AGARI ba="0,1" hai="40,47,49,85,86,87,104,107" m="2135,45674" machi="87" ten="30,1000,0" yaku="12,1" doraHai="19" who="2" fromWho="3" sc="170,0,150,0,236,20,434,-10" /><INIT seed="5,0,0,3,2,52" ten="170,150,256,424" oya="1" hai0="11,18,5,6,83,43,135,99,76,90,112,58,118" hai1="48,37,68,28,23,57,92,88,101,62,42,124,69" hai2="56,44,0,122,106,33,131,110,10,102,108,8,73" hai3="95,82,74,103,87,30,128,111,119,63,123,27,115"/><U19/><E124/><V60/><F122/><W66/><G111/><T97/><D118/><U25/><E37/><V34/><F73/><W86/><G115/><T105/><D112/><U77/><E77/><V129/><F44/><W107/><G128/><N who="2" m="49225" /><F102/><W20/><G107/><T9/><D43/><U133/><E133/><V21/><F106/><W1/><G1/><T71/><D71/><U41/><E101/><V35/><F21/><W51/><G51/><T53/><D105/><U94/><E94/><V98/><F98/><W132/><G74/><T72/><D97/><U67/><E42/><V4/><F10/><W61/><G123/><T114/><D9/><U14/><E48/><V38/><F38/><W64/><G132/><T22/><D6/><U80/><E80/><V121/><F121/><W54/><G82/><T7/><D7/><U85/><REACH who="1" step="1"/><E41/><REACH who="1" ten="170,140,256,424" step="2"/><V89/><F89/><W120/><G120/><T91/><D135/><U125/><E125/><V130/><F130/><W59/><G103/><T29/><D114/><U39/><E39/><V100/><F100/><W65/><G95/><T49/><D90/><U3/><E3/><V113/><F113/><W47/><G119/><T12/><D91/><U78/><E78/><V15/><F0/><W104/><G104/><T116/><D116/><U127/><E127/><V36/><F36/><W40/><G40/><T70/><D76/><U75/><E75/><V13/><F110/><W2/><G2/><T32/><D72/><U117/><E117/><V84/><F108/><W109/><G109/><T81/><D83/><U96/><E96/><RYUUKYOKU ba="0,1" sc="170,-10,140,30,256,-10,424,-10" hai1="14,19,23,25,28,57,62,67,68,69,85,88,92" /><INIT seed="5,1,1,4,1,70" ten="160,170,246,414" oya="1" hai0="135,87,101,90,89,131,116,50,44,124,111,107,71" hai1="115,1,39,128,14,37,108,85,36,127,13,20,40" hai2="120,79,55,58,16,68,25,80,47,54,130,103,34" hai3="61,21,28,23,121,102,117,113,81,8,9,73,75"/><U5/><E115/><V49/><F68/><W15/><G121/><T12/><D111/><U83/><E108/><V46/><F120/><W38/><G38/><T69/><D116/><U43/><E128/><V62/><F130/><W41/><G41/><T48/><D131/><U94/><E127/><V82/><F103/><W7/><G61/><T3/><D3/><U6/><E1/><V35/><F46/><W91/><G102/><T57/><D90/><U95/><E95/><V122/><F122/><W51/><G51/><T64/><D135/><U97/><E43/><V30/><F16/><W22/><G28/><T11/><D101/><U33/><E33/><V96/><F96/><W92/><G81/><T106/><D106/><U17/><E13/><V29/><REACH who="2" step="1"/><F79/><REACH who="2" ten="160,170,236,414" step="2"/><W72/><G117/><T59/><D71/><U88/><REACH who="1" step="1"/><E40/><REACH who="1" ten="160,160,236,414" step="2"/><V123/><F123/><W99/><G113/><T2/><D124/><U63/><E63/><V133/><F133/><W56/><G15/><T129/><D129/><U45/><E45/><V110/><F110/><W105/><G105/><T93/><D107/><U10/><E10/><V60/><F60/><W98/><G9/><T27/><D44/><U67/><E67/><V18/><F18/><W125/><G125/><T0/><D11/><U84/><E84/><V78/><F78/><AGARI ba="1,3" hai="5,6,14,17,20,36,37,39,78,83,85,88,94,97" machi="78" ten="40,12000,1" yaku="1,1,52,3,54,1,53,0" doraHai="70" doraHaiUra="119" who="1" fromWho="2" sc="160,0,160,153,236,-123,414,0" /><INIT seed="5,2,0,5,2,43" ten="160,313,113,414" oya="1" hai0="4,99,21,126,68,69,23,122,120,125,86,19,7" hai1="109,110,29,24,84,128,92,94,124,40,81,130,95" hai2="135,71,63,59,111,51,61,89,12,49,93,112,37" hai3="80,119,17,77,39,133,131,31,75,78,70,18,13"/><U91/><E40/><V87/><F111/><N who="1" m="42505" /><E24/><V44/><F135/><W50/><G131/><N who="1" m="50218" /><E29/><V58/><F112/><W73/><G70/><N who="0" m="27243" /><D99/><N who="1" m="57759" /><E124/><N who="0" m="47721" /><D86/><U56/><E56/><V117/><F117/><W5/><G31/><T100/><D100/><U57/><E57/><V105/><F105/><W52/><G119/><T62/><D62/><U72/><E72/><V88/><F71/><W30/><G75/><T97/><D97/><U103/><E103/><V10/><F37/><W106/><G39/><T45/><D45/><U8/><E8/><V28/><F28/><W83/><G30/><T35/><D35/><U121/><E121/><N who="0" m="46697" /><D4/><U113/><E113/><V6/><F51/><W116/><G50/><T42/><D42/><U123/><E123/><V85/><F61/><W66/><G5/><T41/><D41/><U9/><E9/><V108/><F108/><W47/><G73/><T15/><D7/><U104/><E104/><V2/><F2/><W79/><G106/><T60/><D60/><U3/><E3/><V16/><F6/><W90/><G47/><T32/><D32/><U114/><E114/><V76/><F63/><W107/><G107/><T65/><D65/><U67/><E67/><V1/><F1/><W55/><G66/><T0/><D0/><U46/><E46/><V101/><F101/><W34/><G34/><T54/><D54/><U96/><E96/><V53/><F76/><AGARI ba="2,0" hai="76,81,84,94,95" m="57759,50218,42505" machi="76" ten="30,11600,0" yaku="10,1,19,1,34,2" doraHai="43" who="1" fromWho="2" sc="160,0,313,122,113,-122,414,0" owari="160,-24.0,435,54.0,-9,-51.0,414,21.0" /></mjloggm>