<mjloggm ver="2.3"><GO type="41" lobby="0"/><UN n0="%33%E6%9C%88%E3%81%AE%E3%82%B7%E3%83%A7%E3%82%A6%E3%82%BF" n1="%E5%A4%A9%E7%A5%9E%E9%B3%B3%E4%BD%8D" n2="%66%75%6B%61%74%61%6B%75" n3="%E2%93%9D%53%75%70%68%78" dan="13,14,14,16" rate="1910.65,1997.88,1920.11,2085.94" sx="M,M,M,M"/><TAIKYOKU oya="0"/><INIT seed="0,0,0,0,0,129" ten="250,250,250,250" oya="0" hai0="68,126,14,109,15,119,12,120,3,72,116,96,117" hai1="63,113,9,112,47,124,108,85,48,62,93,111,6" hai2="81,102,7,17,70,88,30,53,56,59,22,8,34" hai3="42,58,31,94,51,89,13,21,98,45,41,61,52"/><T33/><D72/><U80/><E93/><V114/><F114/><N who="1" m="44137" /><E9/><V75/><F70/><W127/><G127/><T32/><D96/><U49/><E6/><V128/><F102/><W44/><G31/><T23/><D68/><U71/><E85/><V86/><F128/><W73/><G73/><T69/><D69/><U99/><E80/><V110/><F110/><N who="1" m="42025" /><E99/><V37/><F37/><W35/><G35/><N who="0" m="13387" /><D109/><U5/><E5/><V125/><F125/><W50/><G21/><T26/><D126/><U118/><E124/><V28/><F34/><W106/><G106/><T134/><D3/><U101/><E101/><V131/><F131/><W20/><G20/><T90/><D90/><U67/><E118/><V54/><F59/><W135/><G13/><T1/><D1/><U16/><E16/><V121/><F121/><W39/><REACH who="3" step="1"/><G39/><REACH who="3" ten="250,250,250,240" step="2"/><T66/><D120/><U132/><E63/><V103/><F75/><W36/><G36/><T18/><D66/><U24/><E24/><V76/><F22/><W4/><G4/><T83/><D83/><U97/><E62/><V84/><F30/><W27/><G27/><T57/><D57/><U40/><E67/><V95/><F28/><W60/><G60/><T55/><D55/><U91/><E71/><V0/><F54/><W104/><G104/><T19/><D19/><U2/><E2/><V78/><F17/><W43/><G43/><T65/><D65/><U100/><E40/><V79/><F53/><W64/><G64/><T82/><D26/><U115/><E115/><V10/><F56/><W25/><G25/><T29/><D18/><RYUUKYOKU ba="0,1" sc="250,-10,250,-10,250,-10,240,30" hai3="41,42,44,45,50,51,52,58,61,89,94,98,135" /><INIT seed="1,1,1,5,4,108" ten="240,240,240,270" oya="1" hai0="130,13,22,44,78,112,16,85,45,24,129,102,81" hai1="71,53,14,8,63,76,122,47,31,50,95,99,30" hai2="38,128,117,66,65,82,93,21,123,75,35,88,104" hai3="111,56,33,120,92,39,105,77,61,3,0,12,25"/><U100/><E122/><V1/><F35/><W34/><G105/><T18/><D102/><U27/><E76/><V48/><F104/><W107/><G107/><T51/><D112/><U70/><E63/><V126/><F38/><W87/><G39/><T6/><D6/><U49/><E49/><V103/><F103/><W41/><G41/><T127/><D127/><U40/><E40/><V86/><F1/><W55/><G111/><T57/><D57/><U11/><E31/><V89/><F128/><N who="0" m="49258" /><D51/><U72/><E72/><V110/><F75/><W91/><G120/><T96/><D96/><U36/><E36/><V32/><F32/><W10/><G34/><T58/><D58/><U90/><E100/><V2/><F2/><W54/><G54/><T98/><D98/><U118/><E118/><V26/><F110/><W42/><G42/><T125/><D125/><U109/><E109/><V52/><F117/><W113/><G113/><T20/><AGARI ba="1,1" hai="13,16,18,20,22,24,44,45,78,81,85" m="49258" machi="20" ten="30,2000,0" yaku="19,1,54,1" doraHai="108" who="0" fromWho="0" sc="240,33,240,-11,240,-6,270,-6" /><INIT seed="2,0,0,4,0,64" ten="273,229,234,264" oya="2" hai0="74,48,83,88,80,53,133,79,87,61,21,49,121" hai1="114,34,92,91,107,57,134,105,76,100,18,28,29" hai2="110,25,104,75,131,44,55,66,11,54,33,126,3" hai3="108,78,42,123,90,112,51,6,67,32,116,119,82"/><V69/><F104/><W109/><G32/><T106/><D133/><U84/><E134/><V85/><F75/><W14/><G6/><T12/><D121/><U59/><E114/><V56/><F126/><W71/><G14/><T89/><D106/><U45/><E76/><V7/><F131/><W35/><G35/><T31/><D89/><U62/><E45/><V10/><F110/><N who="3" m="42603" /><G90/><T58/><D12/><U40/><E40/><V30/><F11/><W81/><G81/><T113/><REACH who="0" step="1"/><D113/><REACH who="0" ten="263,229,234,264" step="2"/><U128/><E105/><V26/><F26/><AGARI ba="0,1" hai="21,26,31,48,49,53,58,61,74,79,80,83,87,88" machi="26" ten="40,8000,1" yaku="1,1,2,1,54,1,53,1" doraHai="64" doraHaiUra="86" who="0" fromWho="2" sc="263,90,229,0,234,-80,264,0" /><INIT seed="3,0,0,2,0,52" ten="353,229,154,264" oya="3" hai0="41,65,48,130,116,93,104,100,56,114,8,51,61" hai1="26,125,110,96,33,30,69,83,88,3,44,28,77" hai2="31,43,64,45,112,55,101,58,85,71,0,7,17" hai3="99,131,132,27,68,126,123,11,34,75,60,22,120"/><W5/><G75/><T73/><D116/><U117/><E3/><V97/><F112/><W37/><G37/><T121/><D121/><U4/><E4/><V133/><F133/><W82/><G82/><T118/><D104/><U80/><E117/><V76/><F31/><W38/><G38/><T108/><D108/><U105/><E110/><V42/><F64/><W72/><G72/><T128/><D118/><U107/><E125/><V13/><F71/><W134/><G99/><N who="0" m="59503" /><D41/><U95/><E69/><V122/><F0/><W91/><G91/><T40/><D40/><U92/><E28/><V81/><F122/><N who="3" m="46635" /><G60/><T36/><D36/><U111/><E111/><V18/><F7/><W29/><G68/><T98/><D98/><U89/><E44/><V32/><F32/><W87/><G87/><T9/><D73/><U47/><E47/><V66/><F66/><W25/><G126/><T15/><D9/><U19/><E19/><V49/><F13/><N who="3" m="5359" /><G131/><N who="0" m="50219" /><D114/><U2/><E2/><V94/><REACH who="2" step="1"/><F43/><REACH who="2" ten="353,229,144,264" step="2"/><W23/><G34/><T6/><AGARI ba="0,1" hai="6,8,15,48,51,56,61,65" m="50219,59503" machi="6" ten="30,2000,0" yaku="19,1,52,1" doraHai="52" who="0" fromWho="0" sc="353,30,229,-5,144,-5,264,-10" /><INIT seed="4,0,0,1,4,52" ten="383,224,139,254" oya="0" hai0="27,100,3,88,106,111,53,68,55,92,76,90,89" hai1="77,73,38,56,99,5,54,101,39,11,91,132,37" hai2="4,127,80,48,50,87,13,110,49,19,112,8,15" hai3="125,41,61,0,124,109,105,31,16,81,135,35,7"/><T98/><D3/><U33/><E33/><V93/><F127/><N who="3" m="48715" /><G105/><T114/><D68/><U17/><E132/><V63/><F112/><W62/><G109/><T9/><D9/><U134/><E134/><V45/><F110/><W107/><G107/><T18/><D76/><U120/><E120/><V115/><F115/><W25/><G41/><T6/><D6/><U75/><E91/><V10/><F93/><W104/><G104/><T24/><D114/><U29/><E29/><V64/><F45/><W117/><G117/><T23/><D111/><U20/><E77/><V42/><F42/><W30/><G30/><T96/><REACH who="0" step="1"/><D27/><REACH who="0" ten="373,224,139,254" step="2"/><U59/><E11/><V94/><F94/><W82/><G135/><T34/><D34/><U133/><E5/><V57/><REACH who="2" step="1"/><F48/><REACH who="2" ten="373,224,129,254" step="2"/><W86/><G0/><T130/><D130/><U46/><E133/><V128/><F128/><W72/><G35/><T84/><D84/><U123/><E38/><V66/><F66/><W108/><G86/><T102/><AGARI ba="0,2" hai="18,23,24,53,55,88,89,90,92,96,98,100,102,106" machi="102" ten="30,18000,2" yaku="1,1,0,1,54,1,53,3" doraHai="52" doraHaiUra="85" who="0" fromWho="0" sc="373,200,224,-60,129,-60,254,-60" /><INIT seed="4,1,0,0,2,82" ten="573,164,69,194" oya="0" hai0="50,127,20,102,17,6,110,83,27,39,57,19,71" hai1="70,29,14,35,104,134,25,30,109,8,78,130,119" hai2="125,87,59,89,58,116,120,93,46,40,84,85,95" hai3="121,115,73,126,135,9,76,64,79,1,4,52,55"/><T53/><D71/><U45/><E109/><V24/><F120/><W101/><G115/><T113/><D113/><U22/><E119/><V5/><F116/><W41/><G135/><T75/><D39/><U3/><E104/><V133/><F133/><W23/><G126/><T131/><D131/><U54/><E70/><V108/><F108/><W51/><G64/><T106/><D6/><U128/><E78/><V122/><F122/><W92/><G41/><T34/><D34/><N who="1" m="20783" /><E54/><V47/><F125/><W98/><G55/><T99/><D110/><U28/><E45/><V86/><F5/><W44/><G73/><T31/><D127/><U15/><E35/><V69/><F69/><W38/><G121/><T36/><D36/><U13/><E134/><V67/><F24/><W32/><G32/><T132/><D132/><U124/><E124/><V107/><F107/><W123/><G123/><T26/><D26/><N who="1" m="16471" /><E30/><V33/><F33/><W65/><G38/><T100/><D100/><U62/><E62/><N who="2" m="38359" /><F40/><W66/><G66/><T91/><D75/><U48/><E48/><V72/><F72/><W112/><G112/><T0/><D50/><U74/><E74/><V90/><F59/><W88/><G65/><T18/><D57/><U56/><E56/><V63/><F63/><W117/><G117/><T10/><D106/><U7/><AGARI ba="1,0" hai="3,7,8,13,14,15,128,130" m="16471,20783" machi="7" ten="30,2000,0" yaku="34,2" doraHai="82" who="1" fromWho="1" sc="573,-11,164,23,69,-6,194,-6" /><INIT seed="5,0,0,1,4,98" ten="562,187,63,188" oya="1" hai0="107,19,70,134,121,61,79,127,85,20,11,28,76" hai1="101,26,52,29,128,104,133,74,108,35,120,67,94" hai2="36,131,86,68,105,39,106,102,49,8,95,97,3" hai3="114,117,99,54,25,88,87,129,53,122,14,64,6"/><U123/><E104/><V91/><F68/><W80/><G122/><T1/><D28/><U113/><E74/><V57/><F131/><W42/><G114/><T10/><D127/><U32/><E67/><V118/><F118/><W44/><G129/><T119/><D134/><U24/><E128/><V40/><F3/><W126/><G126/><T47/><D47/><U41/><E41/><V4/><F106/><W50/><G117/><T37/><D37/><U132/><E113/><V65/><F4/><W34/><G64/><T100/><D85/><U84/><E84/><V111/><F8/><N who="3" m="4375" /><G34/><T90/><D90/><U109/><E29/><V83/><F111/><W27/><G99/><T48/><D107/><U23/><E23/><V69/><F69/><W18/><G18/><T58/><D19/><U45/><E45/><V77/><F40/><W7/><G7/><T110/><D20/><U31/><E31/><V0/><F0/><W130/><G130/><T51/><D11/><U21/><E21/><V82/><F82/><W33/><G33/><T124/><D124/><U96/><E96/><V66/><F66/><W22/><G22/><T62/><D119/><U55/><E94/><V17/><F17/><W12/><G12/><T2/><D2/><U116/><E116/><V13/><F13/><W93/><G93/><T5/><D1/><U56/><E56/><V112/><F112/><W59/><G42/><T75/><D121/><U63/><E63/><AGARI ba="0,0" hai="25,27,44,50,53,54,59,63,80,87,88" m="4375" machi="63" ten="30,2000,0" yaku="8,1,54,1" doraHai="98" who="3" fromWho="1" sc="562,0,187,-20,63,0,188,20" /><INIT seed="6,0,0,4,5,42" ten="562,167,63,208" oya="2" hai0="56,109,33,7,132,52,83,97,45,120,62,122,68" hai1="63,73,30,8,24,2,91,93,20,60,13,130,53" hai2="47,49,22,105,72,112,17,113,9,103,102,79,124" hai3="23,96,31,55,82,129,110,19,89,21,6,38,64"/><V5/><F124/><W107/><G110/><T29/><D109/><U59/><E2/><V133/><F105/><W34/><G38/><T0/><D132/><U28/><E73/><V88/><F79/><W69/><G6/><T44/><D97/><U57/><E130/><V111/><F72/><W12/><G55/><T90/><D33/><U15/><E30/><V3/><F111/><W81/><G23/><T1/><D68/><U51/><E8/><V67/><F67/><W86/><G129/><T26/><D83/><U61/><REACH who="1" step="1"/><E57/><REACH who="1" ten="562,157,63,208" step="2"/><V119/><F119/><W135/><G31/><T27/><D56/><U128/><E128/><V76/><F133/><W32/><G135/><T65/><D29/><U18/><E18/><V4/><F76/><W99/><G19/><T11/><D11/><U125/><E125/><V58/><F58/><W94/><G69/><T101/><D1/><U40/><E40/><V50/><F5/><W117/><G117/><T78/><D7/><U87/><AGARI ba="0,1" hai="13,15,20,24,28,51,53,59,60,61,63,87,91,93" machi="87" ten="30,4000,0" yaku="1,1,0,1,8,1,53,0" doraHai="42" doraHaiUra="108" who="1" fromWho="1" sc="562,-10,157,50,63,-20,208,-10" /><INIT seed="7,0,0,4,0,108" ten="552,207,43,198" oya="3" hai0="35,40,24,105,91,112,5,101,46,30,125,3,20" hai1="38,128,73,41,104,18,115,87,17,131,135,67,111" hai2="10,75,23,120,77,134,49,58,92,64,27,50,129" hai3="1,43,13,0,83,42,106,28,86,53,132,66,100"/><W124/><G66/><T122/><D112/><U69/><E73/><V78/><F78/><BYE who="2" /><W85/><G28/><T88/><D125/><U110/><E104/><V103/><F103/><W76/><G124/><T63/><D122/><U98/><E115/><V11/><F11/><W90/><G132/><T25/><D63/><N who="1" m="40191" /><E98/><V8/><F8/><W119/><G119/><T32/><D46/><N who="1" m="23863" /><E87/><V7/><F7/><W57/><G1/><T109/><D40/><U44/><E44/><V52/><F52/><W61/><G0/><T72/><D109/><U130/><E135/><V21/><F21/><W22/><G106/><T2/><D91/><U15/><E17/><V114/><F114/><W37/><G37/><T123/><D88/><U95/><E95/><V99/><F99/><W107/><G107/><T48/><D24/><U55/><E55/><V89/><F89/><W62/><G100/><T54/><D54/><U133/><E133/><V14/><F14/><W56/><G43/><T9/><D9/><AGARI ba="0,0" hai="9,15,18,110,111,128,130,131" m="23863,40191" machi="9" ten="30,1000,0" yaku="19,1" doraHai="108" who="1" fromWho="0" sc="552,-10,207,10,43,0,198,0" owari="542,64.0,217,2.0,43,-46.0,198,-20.0" /></mjloggm>