<mjloggm ver="2.3"><GO type="41" lobby="0"/><UN n0="%E3%83%AB%E3%83%98%E3%82%A4%E3%83%B3" n1="%E3%83%AC%E3%83%A2%E3%83%B3%E5%A4%AA" n2="%E3%83%AA%E3%82%BD%E3%83%83%E3%83%89" n3="%E2%93%9D%53%75%70%68%78" dan="14,13,14,18" rate="1885.90,1805.92,2011.21,2107.79" sx="M,M,M,M"/><TAIKYOKU oya="0"/><INIT seed="0,0,0,1,5,64" ten="250,250,250,250" oya="0" hai0="127,2,30,102,58,135,120,94,22,103,45,6,109" hai1="19,107,85,83,31,27,28,69,55,11,106,16,25" hai2="41,97,9,90,52,13,17,78,42,112,44,73,86" hai3="10,53,57,132,37,23,71,61,101,81,1,15,20"/><T65/><D120/><U130/><E69/><V3/><F112/><W48/><G1/><T91/><D135/><U51/><E130/><V126/><F73/><W59/><G37/><T117/><D117/><U87/><E11/><N who="2" m="6335" /><F78/><W121/><G132/><T129/><D129/><U125/><E55/><V54/><F54/><W84/><G101/><T63/><D127/><U36/><E51/><N who="2" m="28775" /><F97/><W49/><G71/><T99/><D109/><U39/><REACH who="1" step="1"/><E83/><REACH who="1" ten="250,240,250,250" step="2"/><N who="2" m="49503" /><F126/><AGARI ba="0,1" hai="16,19,25,27,28,31,36,39,85,87,106,107,125,126" machi="126" ten="25,6400,0" yaku="1,1,22,2,54,1,53,0" doraHai="64" doraHaiUra="119" who="1" fromWho="2" sc="250,0,240,74,250,-64,250,0" /><INIT seed="1,0,0,5,4,51" ten="250,314,186,250" oya="1" hai0="48,76,19,42,81,87,29,82,68,47,80,113,104" hai1="73,130,24,85,122,106,121,25,15,59,94,109,3" hai2="14,9,112,5,133,34,95,56,26,128,124,126,1" hai3="60,21,111,131,66,12,83,129,0,105,134,99,127"/><U17/><E106/><V97/><F56/><W90/><G0/><T45/><D113/><U18/><E73/><V107/><F107/><W108/><G12/><T93/><D104/><U117/><E3/><V55/><F97/><W44/><G21/><T65/><D29/><U52/><E117/><V75/><F95/><W46/><G83/><T11/><D68/><U125/><E130/><N who="3" m="49674" /><G90/><T89/><D65/><U32/><E125/><N who="2" m="48235" /><F75/><W63/><G134/><T118/><D118/><U77/><E32/><V72/><F72/><W36/><G99/><N who="0" m="57775" /><D47/><N who="3" m="17961" /><G105/><T119/><D119/><U16/><E109/><N who="3" m="42058" /><G127/><T84/><D76/><U6/><E121/><V135/><F128/><W62/><G36/><T71/><D71/><AGARI ba="0,0" hai="60,62,63,66,71" m="42058,17961,49674" machi="71" ten="30,7700,0" yaku="19,1,14,1,34,2" doraHai="51" who="3" fromWho="0" sc="250,-77,314,0,186,0,250,77" /><INIT seed="2,0,0,0,1,49" ten="173,314,186,327" oya="2" hai0="103,73,25,48,69,54,46,39,15,85,58,52,110" hai1="131,98,2,31,113,125,35,106,124,94,47,51,84" hai2="72,79,82,67,127,92,45,12,68,102,123,83,129" hai3="130,109,40,29,104,5,26,7,32,56,43,88,0"/><V115/><F115/><W118/><G118/><T38/><D73/><U4/><E113/><V50/><F123/><W10/><G104/><T119/><D119/><U18/><E106/><V14/><F127/><N who="1" m="48713" /><E131/><V41/><F129/><W114/><G114/><T80/><D69/><U74/><E74/><V65/><F68/><W91/><G109/><T71/><D71/><U87/><E35/><V70/><F70/><W19/><G7/><T36/><D110/><U120/><E31/><V20/><F102/><W112/><G112/><T63/><D103/><N who="1" m="60887" /><E120/><V99/><F83/><W53/><G130/><T128/><D128/><U13/><E4/><V132/><F132/><W64/><G64/><T100/><D100/><U21/><E2/><V75/><F75/><W17/><G17/><T11/><D25/><U9/><E9/><V107/><F107/><W22/><G43/><AGARI ba="0,0" hai="13,18,21,43,47,51,84,87" m="60887,48713" machi="43" ten="30,1000,0" yaku="18,1" doraHai="49" who="1" fromWho="3" sc="173,0,314,10,186,0,327,-10" /><INIT seed="3,0,0,1,2,93" ten="173,324,186,317" oya="3" hai0="108,96,77,120,134,33,32,34,41,62,126,87,118" hai1="40,82,36,102,107,21,100,11,12,1,50,128,18" hai2="13,39,111,3,74,83,97,125,106,124,42,49,116" hai3="73,127,56,60,70,88,35,29,25,20,104,24,95"/><W23/><G127/><N who="2" m="48713" /><F49/><W10/><G104/><T76/><D126/><U47/><E128/><V26/><F13/><W63/><G73/><T7/><D120/><U15/><E107/><V9/><F26/><W66/><G10/><T105/><D118/><U48/><E1/><V112/><F111/><W37/><G37/><T113/><D113/><U65/><E65/><V131/><F116/><W43/><G43/><T81/><D41/><U53/><E36/><V110/><F110/><W132/><G132/><T99/><D108/><U0/><E82/><V6/><F112/><W79/><G79/><T30/><D134/><U135/><E135/><V67/><F67/><W57/><G63/><T69/><D7/><N who="1" m="3199" /><E0/><V17/><F17/><W44/><G44/><AGARI ba="0,0" hai="15,18,21,40,44,47,48,50,53,100,102" m="3199" machi="44" ten="30,1000,0" yaku="8,1" doraHai="93" who="1" fromWho="3" sc="173,0,324,10,186,0,317,-10" /><INIT seed="4,0,0,3,4,119" ten="173,334,186,307" oya="0" hai0="107,92,17,43,61,115,36,2,65,85,67,1,89" hai1="74,32,26,15,23,105,111,70,100,7,109,0,20" hai2="75,51,80,19,87,131,128,56,93,28,35,84,16" hai3="135,59,114,47,91,63,39,81,88,118,101,9,71"/><T11/><D107/><U86/><E74/><V79/><F75/><W5/><G71/><T46/><D115/><U66/><E32/><V134/><F134/><W116/><G101/><T50/><D67/><U68/><E0/><V44/><F56/><W94/><G114/><T99/><D36/><U34/><E34/><V64/><F64/><W125/><G125/><T97/><D17/><U18/><E70/><V62/><F62/><W37/><G135/><T8/><D1/><U72/><E72/><V38/><F38/><W52/><G81/><T14/><D2/><U27/><E68/><V60/><F60/><W77/><G91/><T78/><D78/><U103/><E66/><V124/><F124/><W110/><G110/><T127/><D127/><U113/><E105/><V33/><F33/><W108/><G77/><T57/><REACH who="0" step="1"/><D8/><REACH who="0" ten="163,334,186,307" step="2"/><N who="1" m="4511" /><E113/><V45/><F79/><W54/><G39/><T21/><D21/><U40/><E111/><V120/><F35/><W29/><G108/><T49/><D49/><U24/><E109/><V96/><F51/><W25/><G37/><T10/><D10/><U90/><E23/><V83/><F28/><W6/><G9/><T42/><D42/><U69/><E40/><V130/><F130/><W13/><G118/><T104/><D104/><U3/><E3/><V129/><F129/><W53/><G116/><T12/><D12/><N who="1" m="9287" /><E69/><V41/><F41/><W73/><G13/><T31/><D31/><U76/><E76/><V126/><F126/><W98/><G73/><T106/><D106/><U4/><E4/><N who="3" m="1642" /><G29/><T117/><D117/><U123/><E123/><RYUUKYOKU ba="0,1" sc="163,15,334,15,186,-15,307,-15" hai0="11,14,43,46,50,57,61,65,85,89,92,97,99" hai1="24,26,27,86,90,100,103" /><INIT seed="4,1,1,3,5,1" ten="178,349,171,292" oya="0" hai0="0,111,19,56,101,32,69,128,16,49,122,107,41" hai1="67,94,58,73,9,36,59,113,54,62,100,124,51" hai2="65,48,30,3,96,64,6,46,21,29,132,121,78" hai3="28,13,23,88,2,12,72,89,17,133,70,97,99"/><T14/><D122/><U82/><E36/><V98/><F132/><W114/><G2/><T44/><D69/><U79/><E124/><V47/><F121/><W80/><G70/><T61/><D32/><U87/><E113/><V45/><F48/><W24/><G114/><T50/><D0/><U105/><E105/><V119/><F119/><W127/><G127/><T131/><D111/><U125/><E125/><V85/><F78/><W57/><G72/><T40/><D101/><U11/><REACH who="1" step="1"/><E73/><REACH who="1" ten="178,339,171,292" step="2"/><V110/><F110/><W103/><G133/><T102/><D107/><U26/><E26/><V63/><F85/><W90/><G80/><T42/><D102/><U4/><E4/><V116/><F6/><W75/><G75/><T55/><D131/><U20/><E20/><V95/><F21/><W22/><G103/><T25/><D25/><U112/><E112/><V120/><F116/><W76/><G23/><N who="0" m="11671" /><D128/><U43/><E43/><N who="0" m="16457" /><D19/><U66/><E66/><V52/><F65/><W84/><G17/><T118/><D118/><U15/><E15/><V74/><F64/><W53/><G13/><T77/><D77/><U35/><E35/><V91/><F3/><W8/><G12/><T7/><D7/><U104/><E104/><V117/><F74/><W129/><G129/><T106/><D106/><U130/><E130/><V10/><F117/><W135/><G135/><T123/><D123/><U92/><E92/><N who="2" m="56351" /><F120/><W86/><G76/><T39/><D39/><U38/><E38/><V60/><F95/><W33/><G33/><T5/><D5/><U68/><E68/><V27/><F27/><RYUUKYOKU ba="1,2" sc="178,15,339,15,171,-15,292,-15" hai0="42,44,49,50,55,56,61" hai1="9,11,51,54,58,59,62,67,79,82,87,94,100" /><INIT seed="4,2,2,5,3,78" ten="193,354,156,277" oya="0" hai0="113,69,96,30,28,18,25,17,23,85,88,53,27" hai1="106,41,58,67,51,131,1,11,111,125,14,71,9" hai2="21,3,45,4,13,84,112,120,99,92,59,97,93" hai3="91,19,61,124,10,40,103,83,39,89,29,2,8"/><T47/><D69/><U56/><E106/><V26/><F3/><W31/><G39/><T79/><D113/><U123/><E123/><V44/><F120/><W104/><G40/><T62/><D79/><U95/><E131/><V87/><F112/><W101/><G104/><T133/><D133/><U6/><E125/><V130/><F130/><W24/><G61/><T134/><D134/><U34/><E111/><V32/><F32/><W121/><G2/><T5/><D5/><U0/><E34/><V82/><F4/><W116/><G116/><T38/><D96/><U108/><E108/><V72/><F72/><W98/><G98/><T64/><D38/><U86/><E0/><V65/><F13/><W94/><G94/><T70/><D53/><U100/><E41/><V54/><F65/><W122/><G24/><T33/><REACH who="0" step="1"/><D47/><REACH who="0" ten="183,354,156,277" step="2"/><U114/><E114/><V46/><F46/><W76/><G122/><T118/><D118/><U66/><E71/><V110/><F110/><W20/><G121/><T132/><D132/><U37/><E37/><V77/><F54/><W57/><G76/><T42/><D42/><U36/><E36/><V109/><F77/><W74/><G74/><T63/><D63/><U75/><E67/><V126/><F109/><W35/><G57/><T102/><D102/><U55/><E66/><V60/><F59/><W128/><G103/><T135/><D135/><U7/><E58/><V119/><F60/><W68/><G101/><T105/><D105/><U80/><E100/><V49/><F119/><W73/><G73/><T52/><D52/><U81/><E75/><RYUUKYOKU ba="2,3" sc="183,15,354,15,156,-15,277,-15" hai0="17,18,23,25,27,28,30,33,62,64,70,85,88" hai1="1,6,7,9,11,14,51,55,56,80,81,86,95" /><INIT seed="4,3,3,4,5,130" ten="198,369,141,262" oya="0" hai0="112,98,61,90,53,12,132,128,59,48,69,26,86" hai1="33,127,64,54,120,129,97,7,93,108,125,15,44" hai2="22,62,94,68,113,55,133,84,2,134,91,65,60" hai3="58,0,81,36,121,89,74,24,116,111,39,38,63"/><T100/><D128/><U80/><E129/><V27/><F2/><W19/><G0/><T79/><D112/><U25/><E120/><V105/><F105/><W6/><G6/><T83/><D12/><U67/><E108/><V23/><F113/><W75/><G116/><T102/><D26/><U107/><E107/><V57/><REACH who="2" step="1"/><F23/><REACH who="2" ten="198,369,131,262" step="2"/><W9/><G111/><T95/><REACH who="0" step="1"/><D132/><REACH who="0" ten="188,369,131,262" step="2"/><U32/><E32/><V13/><F13/><W70/><G121/><T50/><D50/><N who="1" m="28999" /><E33/><V82/><F82/><W21/><G81/><T104/><D104/><U126/><E80/><V72/><F72/><W43/><G75/><T42/><D42/><U114/><E114/><V35/><F35/><W109/><G74/><T49/><D49/><U124/><E25/><V18/><AGARI ba="3,5" hai="18,22,27,55,57,60,62,65,68,84,91,94,133,134" machi="18" ten="30,7900,0" yaku="1,1,0,1,52,2,53,0" doraHai="130" doraHaiUra="4" who="2" fromWho="2" sc="188,-42,369,-23,131,138,262,-23" /><INIT seed="5,0,0,1,2,99" ten="146,346,269,239" oya="1" hai0="69,74,13,60,46,66,125,117,70,59,91,104,78" hai1="135,110,82,64,17,29,42,123,83,132,37,50,100" hai2="114,81,113,57,44,127,49,39,4,30,124,79,121" hai3="97,43,106,10,119,40,53,51,128,55,63,95,71"/><U7/><E37/><V2/><F30/><W1/><G106/><T73/><D117/><U122/><E110/><V75/><F49/><W108/><G108/><T14/><D104/><U101/><E64/><V107/><F57/><W77/><G128/><T5/><D125/><N who="2" m="48202" /><F107/><W112/><G112/><N who="2" m="43113" /><F44/><W90/><G71/><T130/><D130/><U26/><E17/><V94/><F94/><W41/><G63/><T48/><D91/><U18/><E18/><V9/><F39/><W116/><G55/><T84/><D70/><U105/><E105/><V28/><F28/><W3/><G53/><T38/><D38/><U34/><E7/><V21/><F21/><W61/><G51/><T27/><D69/><U88/><E50/><V54/><F54/><W109/><G109/><T118/><D118/><U36/><E42/><V62/><F62/><W120/><G61/><T58/><D58/><U85/><E82/><V12/><F12/><W11/><G119/><T133/><D14/><U76/><E36/><V134/><F134/><N who="1" m="51241" /><E76/><V96/><F96/><W92/><G77/><T67/><D133/><U8/><E8/><V25/><F25/><W35/><G11/><N who="0" m="4335" /><D27/><U32/><E32/><V22/><F22/><W6/><G35/><T33/><D33/><U47/><E47/><V0/><F0/><W93/><G116/><T23/><D23/><U24/><E24/><V31/><F31/><W45/><G45/><T20/><D20/><U115/><E115/><V52/><F52/><W87/><G3/><T56/><D67/><U129/><E129/><V19/><F19/><W68/><G1/><RYUUKYOKU ba="0,0" sc="146,-15,346,15,269,15,239,-15" hai1="26,29,34,83,85,88,100,101,122,123" hai2="2,4,9,75,79,81,121" /><INIT seed="5,1,0,2,0,127" ten="131,361,284,224" oya="1" hai0="106,82,122,58,34,108,9,121,37,30,85,132,13" hai1="10,0,42,52,131,65,55,115,27,134,51,102,18" hai2="45,19,101,120,50,8,114,91,110,86,105,77,75" hai3="25,123,84,21,12,60,29,48,118,32,14,6,93"/><U39/><E39/><V36/><F110/><W53/><G123/><N who="0" m="47115" /><D37/><U74/><E74/><V3/><F120/><W23/><G118/><T33/><D106/><U20/><E0/><V83/><F114/><W49/><G32/><N who="0" m="12395" /><D58/><U43/><E134/><V41/><F105/><W46/><G60/><T35/><D85/><U11/><E115/><V73/><F101/><W95/><G6/><N who="0" m="3255" /><D82/><U22/><E102/><V81/><F75/><W72/><G72/><T64/><D64/><U87/><E65/><V5/><F19/><W47/><G84/><T130/><D108/><U76/><E55/><V66/><F66/><W67/><G67/><T124/><D132/><U97/><E97/><V56/><F56/><W80/><G80/><T113/><D113/><U71/><E71/><V28/><F28/><W79/><G79/><T15/><D124/><U109/><E109/><V117/><F117/><W7/><G95/><T31/><D15/><N who="1" m="9311" /><E87/><V38/><AGARI ba="1,0" hai="3,5,8,36,38,41,45,50,73,77,81,83,86,91" machi="38" ten="30,1100,0" yaku="0,1" doraHai="127" who="2" fromWho="2" sc="131,-4,361,-6,284,14,224,-4" /><INIT seed="6,0,0,2,3,17" ten="127,355,298,220" oya="2" hai0="52,105,132,88,78,7,109,66,76,98,112,48,95" hai1="135,85,1,115,73,106,24,57,45,114,19,93,5" hai2="47,107,27,12,94,123,39,74,62,79,41,11,29" hai3="31,65,103,64,4,16,113,72,6,121,120,40,118"/><V18/><F123/><W46/><G31/><T116/><D109/><U37/><E135/><V119/><F119/><W90/><G72/><T100/><D132/><U51/><E73/><V122/><F122/><W117/><G103/><T83/><D116/><U130/><E106/><V42/><F107/><W33/><G33/><T68/><D112/><N who="1" m="43051" /><E130/><V87/><F74/><W91/><G113/><T108/><D108/><U3/><E37/><V61/><F42/><W10/><G40/><T35/><D35/><U63/><E5/><V71/><F71/><W58/><G58/><T102/><D102/><U96/><E85/><V34/><F79/><W13/><G46/><T49/><D49/><U67/><E19/><V133/><F133/><W110/><G16/><T69/><D7/><U82/><E24/><V80/><REACH who="2" step="1"/><F94/><REACH who="2" ten="127,355,288,220" step="2"/><W86/><G110/><T15/><D78/><U111/><E82/><V131/><F131/><W126/><G118/><T23/><D66/><U128/><E128/><V44/><F44/><W2/><G117/><T25/><D76/><U84/><E111/><V30/><F30/><W54/><G121/><T70/><D83/><U26/><E84/><V0/><F0/><W53/><G120/><T36/><D36/><U101/><E26/><V32/><F32/><W28/><G86/><T14/><D105/><U50/><E45/><V89/><AGARI ba="0,1" hai="11,12,18,27,29,34,39,41,47,61,62,80,87,89" machi="89" ten="20,3900,0" yaku="1,1,0,1,7,1,53,0" doraHai="17" doraHaiUra="99" who="2" fromWho="2" sc="127,-13,355,-13,288,49,220,-13" /><INIT seed="6,1,0,2,3,0" ten="114,342,337,207" oya="2" hai0="117,78,128,107,68,5,41,40,14,69,49,52,100" hai1="124,15,79,7,30,8,122,67,115,98,80,116,119" hai2="91,121,32,131,35,110,31,76,20,48,65,28,71" hai3="29,82,51,9,37,66,114,81,58,89,92,74,108"/><V113/><F121/><W39/><G108/><T27/><D117/><U106/><E122/><V19/><F110/><W53/><G29/><T61/><D128/><U47/><E124/><V85/><F131/><W86/><G114/><T127/><D127/><U105/><E115/><V50/><F113/><W38/><G74/><T75/><D75/><U11/><E30/><V26/><F76/><W96/><G66/><T18/><D78/><U45/><E116/><V99/><F99/><W112/><G112/><T36/><D36/><U44/><E119/><V22/><F65/><W70/><G70/><T87/><D87/><U109/><E109/><V12/><F71/><W60/><G9/><T129/><D129/><U3/><E98/><V33/><REACH who="2" step="1"/><F28/><REACH who="2" ten="114,342,327,207" step="2"/><W21/><G96/><T25/><D69/><U90/><E67/><V2/><F2/><W125/><G125/><T73/><D68/><U97/><E97/><V84/><F84/><W42/><G86/><T104/><D73/><U88/><E106/><V123/><F123/><W130/><G130/><T13/><D107/><U62/><E105/><V93/><AGARI ba="1,1" hai="12,19,20,22,26,31,32,33,35,48,50,85,91,93" machi="93" ten="30,3000,0" yaku="1,1,0,1,53,0" doraHai="0" doraHaiUra="132" who="2" fromWho="2" sc="114,-11,342,-11,327,43,207,-11" /><INIT seed="6,2,0,4,1,46" ten="103,331,370,196" oya="2" hai0="75,67,125,118,11,103,44,70,71,43,12,116,68" hai1="80,126,47,63,86,78,89,1,5,124,8,132,61" hai2="107,76,106,15,60,23,130,101,73,13,55,3,117" hai3="52,48,111,6,17,26,131,21,96,100,19,127,94"/><V97/><F130/><W29/><G127/><N who="1" m="48682" /><E132/><V41/><F3/><W25/><G131/><T66/><D75/><U40/><E89/><V109/><F117/><N who="0" m="45162" /><D125/><U104/><E104/><V30/><F41/><W87/><G111/><T7/><D103/><U37/><AGARI ba="2,0" hai="1,5,8,37,40,47,61,63,78,80,86" m="48682" machi="37" ten="30,1100,0" yaku="18,1" doraHai="46" who="1" fromWho="1" sc="103,-5,331,17,370,-7,196,-5" /><INIT seed="7,0,0,2,1,73" ten="98,348,363,191" oya="3" hai0="20,36,19,119,24,9,121,3,126,26,7,125,10" hai1="114,116,5,4,124,29,47,112,103,74,22,57,77" hai2="106,56,44,39,130,61,37,127,0,21,128,54,79" hai3="94,70,134,78,33,59,129,86,93,51,90,71,75"/><W34/><G129/><N who="2" m="49769" /><F79/><W48/><G134/><T82/><D36/><U109/><E109/><V89/><F106/><W133/><G133/><T49/><D49/><U2/><E116/><V97/><F0/><W50/><G59/><T31/><D82/><N who="1" m="45367" /><E124/><V99/><F127/><W13/><G13/><T98/><D98/><N who="2" m="37386" /><F89/><W12/><G12/><T23/><D119/><U38/><E2/><V67/><F21/><W84/><G75/><T60/><D60/><U53/><E103/><V92/><F92/><W16/><G16/><T95/><D95/><U27/><E47/><V63/><F44/><W87/><G78/><T62/><D62/><N who="1" m="36143" /><E38/><V30/><F30/><W117/><G117/><T123/><REACH who="0" step="1"/><D10/><REACH who="0" ten="88,348,363,191" step="2"/><U28/><E28/><V88/><F39/><W113/><G94/><T85/><D85/><U110/><E110/><V118/><F37/><W100/><G93/><T11/><D11/><U107/><E107/><V111/><F118/><W8/><G8/><T83/><D83/><U1/><E1/><V32/><F111/><W40/><G87/><T105/><D105/><U115/><AGARI ba="0,1" hai="4,5,22,27,29,112,114,115" m="36143,45367" machi="115" ten="30,2000,0" yaku="15,1,52,1" doraHai="73" who="1" fromWho="1" sc="88,-5,348,30,363,-5,191,-10" owari="83,-42.0,378,48.0,358,16.0,181,-22.0" /></mjloggm>