<mjloggm ver="2.3"><GO type="41" lobby="0"/><UN n0="%E3%82%80%E3%83%BC%E3%82%93%E3%80%82" n1="%50%53%33%E5%8F%B7" n2="%E2%93%9D%53%75%70%68%78" n3="%30%34%36%6A%61%70%61%6E" dan="13,13,18,16" rate="1981.89,1912.33,2116.47,2079.10" sx="M,M,M,M"/><TAIKYOKU oya="0"/><INIT seed="0,0,0,3,4,103" ten="250,250,250,250" oya="0" hai0="116,76,33,126,75,119,11,46,41,104,31,28,89" hai1="87,110,91,29,72,114,58,49,30,14,18,65,42" hai2="20,22,27,36,117,134,54,131,24,40,35,105,120" hai3="73,77,84,53,121,62,32,2,23,86,70,64,0"/><T55/><D33/><U44/><E72/><V12/><F40/><W135/><G32/><T123/><D123/><U106/><E106/><V78/><F78/><W16/><G135/><T108/><D126/><U115/><E110/><V10/><F54/><W48/><G121/><T124/><D55/><U101/><E101/><V67/><F67/><W9/><G73/><T97/><D89/><U21/><E114/><V13/><F36/><W94/><G84/><T45/><D124/><U112/><E115/><V128/><F105/><W3/><G77/><T60/><D60/><U133/><E133/><V63/><F63/><W127/><G86/><T4/><D108/><U107/><E107/><V25/><F120/><W43/><G94/><T50/><D46/><U66/><E65/><V83/><F83/><W90/><G90/><T5/><D5/><U132/><E132/><V80/><F80/><W81/><G81/><N who="0" m="45215" /><D31/><U37/><E37/><V85/><F85/><W59/><G127/><T125/><D28/><U68/><E68/><V61/><F61/><W15/><REACH who="3" step="1"/><G43/><REACH who="3" ten="250,250,250,240" step="2"/><T26/><D125/><U113/><E112/><V69/><F134/><W95/><G95/><T118/><D97/><U51/><E113/><V6/><F35/><W74/><G74/><T109/><D109/><U17/><E91/><V102/><F102/><W92/><G92/><T52/><D41/><U47/><E87/><V38/><F131/><W129/><G129/><T96/><D96/><U7/><E42/><V100/><F38/><W88/><G88/><T79/><D79/><U56/><E7/><AGARI ba="0,1" hai="0,2,3,7,9,15,16,23,48,53,59,62,64,70" machi="7" ten="40,2600,0" yaku="1,1,54,1,53,0" doraHai="103" doraHaiUra="130" who="3" fromWho="1" sc="250,0,250,-26,250,0,240,36" /><INIT seed="1,0,0,5,1,37" ten="250,224,250,276" oya="1" hai0="110,67,102,126,119,82,77,46,27,41,106,116,25" hai1="35,12,80,34,59,7,0,89,49,125,24,28,118" hai2="3,95,131,66,86,101,63,120,4,19,62,79,29" hai3="14,128,87,60,129,90,20,18,13,94,21,121,10"/><U111/><E118/><V32/><F131/><N who="3" m="50251" /><G121/><T57/><D110/><U55/><E125/><V104/><F63/><W93/><G60/><T1/><D126/><U33/><E111/><V11/><F120/><W45/><G45/><T52/><D67/><U56/><E0/><V115/><F19/><N who="3" m="8631" /><G93/><T133/><D1/><U74/><E59/><V22/><F115/><W50/><G50/><T48/><D133/><U38/><E38/><V81/><F104/><W16/><G18/><T92/><D106/><U91/><E89/><V109/><F109/><W71/><G71/><T30/><D27/><U75/><E75/><V9/><F62/><W64/><G64/><T107/><D107/><U53/><E53/><V39/><F66/><W72/><G72/><T124/><D124/><U127/><E127/><V31/><F39/><W65/><G65/><T69/><D69/><U98/><E98/><V113/><F113/><W76/><G76/><T122/><D122/><U108/><E108/><V112/><F79/><W83/><G94/><T85/><D92/><U103/><E103/><V132/><F101/><W43/><G43/><T8/><D102/><U117/><E117/><V15/><F95/><W130/><N who="3" m="50259" /><W96/><DORA hai="78" /><G96/><T23/><REACH who="0" step="1"/><D8/><AGARI ba="0,0" hai="8,14,16,20,21,83,87,90" m="8631,50259" machi="8" ten="40,5200,0" yaku="19,1,52,1,54,1" doraHai="37,78" who="3" fromWho="0" sc="250,-52,224,0,250,0,276,52" /><INIT seed="2,0,0,3,3,18" ten="198,224,250,328" oya="2" hai0="37,78,42,109,118,62,14,19,36,50,84,124,75" hai1="91,41,46,129,80,112,128,117,122,52,96,76,116" hai2="111,101,102,120,5,16,27,49,107,59,0,15,11" hai3="58,40,31,1,70,83,100,77,113,6,63,86,60"/><V133/><F120/><W13/><G1/><T4/><D4/><U97/><E112/><V12/><F133/><W132/><G132/><T87/><D109/><U22/><E122/><V7/><F111/><W57/><G70/><T64/><D124/><U34/><E34/><V3/><F107/><W85/><G40/><T110/><D110/><U51/><E41/><V25/><F59/><W121/><G113/><T54/><D75/><U10/><E10/><V123/><F123/><W30/><G100/><T135/><D135/><U39/><E39/><V53/><F53/><W29/><G121/><T66/><D118/><U26/><E91/><V68/><F68/><W108/><G108/><T8/><D66/><U9/><E9/><V65/><F11/><N who="3" m="4343" /><G85/><T92/><D84/><N who="1" m="48135" /><E117/><V88/><F65/><N who="3" m="39055" /><G29/><T131/><D42/><U99/><E116/><V119/><F119/><W130/><G130/><N who="1" m="50282" /><E99/><V127/><F127/><W17/><G17/><AGARI ba="0,0" hai="17,22,26,46,51,52,96,97" m="50282,48135" machi="17" ten="30,3900,0" yaku="19,1,52,1,54,1" doraHai="18" who="1" fromWho="3" sc="198,0,224,39,250,0,328,-39" /><INIT seed="3,0,0,0,0,111" ten="198,263,250,289" oya="3" hai0="56,54,117,72,44,99,47,14,112,52,60,113,68" hai1="55,43,76,70,84,46,21,48,91,122,31,74,7" hai2="87,58,5,26,57,135,8,100,88,85,95,66,107" hai3="10,106,3,29,97,73,125,130,1,110,86,67,51"/><W109/><G73/><T92/><D72/><U119/><E122/><V36/><F36/><W13/><G67/><T71/><D117/><U4/><E119/><V69/><F135/><W59/><G29/><T89/><D14/><U105/><E105/><V103/><F69/><W118/><G118/><T15/><D15/><U6/><E70/><V115/><F115/><N who="0" m="44106" /><D47/><U24/><E74/><V121/><F107/><W120/><G130/><T83/><D83/><U127/><E127/><V37/><F121/><W126/><G120/><T2/><D2/><U90/><E43/><V123/><F123/><W17/><G3/><T53/><D54/><U129/><E129/><V64/><F64/><W114/><G1/><T28/><D28/><U82/><AGARI ba="0,0" hai="4,6,7,21,24,31,46,48,55,76,82,84,90,91" machi="82" ten="30,2000,0" yaku="0,1,8,1" doraHai="111" who="1" fromWho="1" sc="198,-5,263,20,250,-5,289,-10" /><INIT seed="4,0,0,3,4,5" ten="193,283,245,279" oya="0" hai0="22,125,133,29,85,104,28,129,94,62,89,37,57" hai1="73,13,127,23,124,76,39,86,14,44,109,17,88" hai2="122,54,105,116,117,118,113,114,47,45,131,6,100" hai3="72,120,77,102,132,97,56,58,59,111,70,128,80"/><T92/><D104/><U2/><E2/><V69/><F105/><W25/><G111/><T43/><D125/><U48/><E39/><V90/><F100/><W134/><G70/><T36/><D133/><N who="3" m="51305" /><G128/><T78/><D129/><U46/><E109/><V33/><F33/><W95/><G25/><T0/><D0/><U27/><E73/><V71/><F90/><W60/><G120/><T1/><D1/><U49/><E76/><V7/><F131/><W12/><G12/><T11/><D78/><U20/><E127/><V115/><F54/><AGARI ba="0,0" hai="54,56,58,59,60,72,77,80,95,97,102" m="51305" machi="54" ten="30,1000,0" yaku="20,1" doraHai="5" who="3" fromWho="2" sc="193,0,283,0,245,-10,279,10" /><INIT seed="5,0,0,0,1,5" ten="193,283,235,289" oya="1" hai0="111,89,13,83,90,110,62,50,69,40,11,41,99" hai1="9,3,22,59,29,33,133,42,39,112,82,6,8" hai2="115,4,109,56,74,10,67,80,54,87,121,92,65" hai3="96,26,28,76,128,20,0,63,36,70,117,118,45"/><U108/><E133/><V127/><F109/><W107/><G0/><T37/><D37/><U49/><E108/><V19/><F121/><W72/><G128/><T57/><D69/><U23/><E112/><V85/><F74/><W15/><G76/><T130/><D130/><U93/><E39/><V17/><F127/><W18/><G72/><T114/><D114/><U16/><E82/><V95/><F115/><W66/><G107/><T75/><D75/><U35/><E93/><V24/><F24/><W61/><G96/><T98/><D50/><U55/><E42/><N who="0" m="16489" /><D83/><U105/><E105/><V113/><F113/><W58/><G45/><T14/><D14/><U84/><E84/><V38/><F38/><W104/><G104/><T86/><D111/><U25/><E35/><V119/><F119/><N who="3" m="45579" /><G36/><T132/><D132/><U122/><E122/><V102/><F87/><W1/><G1/><T79/><D79/><U43/><REACH who="1" step="1"/><E43/><REACH who="1" ten="193,273,235,289" step="2"/><V47/><F80/><W123/><G123/><T120/><D86/><U60/><E60/><V73/><F73/><W52/><G61/><T78/><D110/><U135/><E135/><V44/><F85/><W68/><G66/><N who="0" m="39247" /><D78/><U126/><E126/><V124/><F124/><W94/><G94/><T7/><D120/><U77/><E77/><V129/><F129/><W125/><G125/><T30/><D99/><U116/><E116/><V21/><F95/><W103/><G103/><T12/><D98/><U134/><E134/><V31/><F92/><W48/><G63/><T131/><D131/><U53/><E53/><V81/><F81/><W71/><G71/><RYUUKYOKU ba="0,1" sc="193,-15,273,15,235,-15,289,15" hai1="3,6,8,9,16,22,23,25,29,33,49,55,59" hai3="15,18,20,26,28,48,52,58,68,70" /><INIT seed="5,1,1,5,0,105" ten="178,288,220,304" oya="1" hai0="13,122,117,27,11,19,36,51,121,58,85,134,125" hai1="67,119,55,99,107,88,83,82,48,118,9,37,80" hai2="68,21,30,131,3,23,39,101,41,35,123,81,45" hai3="46,31,59,53,73,28,38,75,42,94,60,6,32"/><U71/><E37/><V77/><F123/><N who="0" m="47114" /><D36/><U72/><E72/><V92/><F131/><W5/><G31/><T16/><D85/><U24/><E24/><V63/><F3/><W62/><G32/><T109/><D58/><U110/><E110/><V98/><F35/><W132/><G132/><T133/><D51/><U22/><E22/><V25/><F23/><W4/><G28/><T106/><D106/><U78/><E78/><V40/><F40/><W103/><REACH who="3" step="1"/><G60/><REACH who="3" ten="178,288,220,294" step="2"/><T93/><D109/><U114/><E119/><V128/><F128/><W104/><G104/><T108/><D108/><U113/><E118/><V89/><F63/><W15/><G15/><N who="0" m="7679" /><D117/><U1/><E107/><V95/><F30/><W57/><G57/><T90/><D27/><U10/><E71/><V20/><F68/><W84/><G84/><N who="0" m="52423" /><D125/><U33/><E33/><V87/><REACH who="2" step="1"/><F25/><REACH who="2" ten="178,288,210,294" step="2"/><W129/><G129/><T52/><D134/><U76/><E1/><V120/><F120/><W130/><G130/><T70/><D70/><U102/><E113/><V135/><F135/><W65/><G65/><T66/><D66/><U127/><E67/><V49/><F49/><W14/><G14/><T112/><D133/><U34/><E114/><V86/><AGARI ba="1,3" hai="20,21,39,41,45,77,81,86,87,89,92,95,98,101" machi="86" ten="20,8000,1" yaku="1,1,0,1,7,1,53,2" doraHai="105" doraHaiUra="17" who="2" fromWho="2" sc="178,-21,288,-41,210,113,294,-21" /><INIT seed="6,0,0,5,3,110" ten="157,247,323,273" oya="2" hai0="108,17,20,35,10,60,53,68,9,8,104,50,96" hai1="58,2,83,88,64,0,113,103,51,125,61,47,71" hai2="3,25,4,29,52,70,100,92,56,121,42,76,78" hai3="106,119,89,21,109,24,115,116,45,126,87,36,93"/><V127/><BYE who="3" /><F121/><UN n3="%30%34%36%6A%61%70%61%6E" /><W133/><G109/><T31/><D108/><U46/><E125/><V40/><F70/><W37/><G106/><T19/><D68/><U69/><E103/><V63/><F3/><W131/><G131/><T102/><D60/><U84/><E113/><V95/><F4/><W27/><G115/><T72/><D72/><U18/><E71/><V65/><F65/><W122/><G133/><T6/><D19/><U85/><E69/><V129/><F127/><W59/><G27/><T57/><D31/><U7/><E7/><V15/><F15/><W130/><G130/><T30/><D30/><U23/><E84/><V48/><F129/><W117/><G122/><T94/><D104/><U98/><E98/><V38/><F38/><W12/><G12/><T26/><REACH who="0" step="1"/><D35/><REACH who="0" ten="147,247,323,273" step="2"/><U75/><E75/><V5/><F63/><W11/><G126/><T134/><D134/><U81/><E2/><AGARI ba="0,1" hai="2,6,8,9,10,17,20,26,50,53,57,94,96,102" machi="2" ten="30,2000,0" yaku="1,1,7,1,53,0" doraHai="110" doraHaiUra="43" who="0" fromWho="1" sc="147,30,247,-20,323,0,273,0" /><INIT seed="7,0,0,0,5,134" ten="177,227,323,273" oya="3" hai0="48,30,34,3,37,89,39,55,47,42,32,57,100" hai1="5,23,1,129,130,96,11,61,56,92,98,10,124" hai2="18,90,111,7,116,17,117,106,85,108,113,133,20" hai3="29,35,97,125,86,88,24,9,58,26,120,132,131"/><W50/><G120/><T28/><D3/><U66/><E23/><V81/><F7/><W40/><G132/><T60/><D100/><U6/><E124/><V12/><F133/><W99/><G131/><T73/><D73/><U115/><E115/><V80/><F106/><W70/><G70/><T8/><D8/><U119/><E119/><V49/><F113/><W21/><G125/><T79/><D79/><U128/><REACH who="1" step="1"/><E92/><REACH who="1" ten="177,217,323,273" step="2"/><V105/><F117/><W69/><G9/><T68/><D39/><U77/><E77/><V53/><F116/><W87/><G21/><T91/><D34/><U118/><E118/><V101/><F20/><W64/><G35/><T76/><D76/><U0/><AGARI ba="0,1" hai="0,1,5,6,10,11,56,61,66,96,98,128,129,130" machi="0" ten="30,7900,0" yaku="1,1,0,1,9,1,19,1,53,0" doraHai="134" doraHaiUra="67" who="1" fromWho="1" sc="177,-20,217,89,323,-20,273,-39" owari="157,-34.0,306,41.0,303,10.0,234,-17.0" /></mjloggm>