<mjloggm ver="2.3"><GO type="41" lobby="0"/><UN n0="%E3%82%AC%E3%82%B9%E3%81%AE%E7%85%AE%E6%B5%B8%E3%81%97" n1="%E3%83%9A%E3%83%AB%E3%82%B7%E3%83%A3%E6%B9%BE%E5%AF%82%E8%81%B4" n2="%E2%93%9D%53%75%70%68%78" n3="%4B%41%56%55" dan="13,13,18,14" rate="1910.99,1854.41,2075.13,1978.18" sx="M,M,M,M"/><TAIKYOKU oya="0"/><INIT seed="0,0,0,2,4,133" ten="250,250,250,250" oya="0" hai0="28,95,36,123,43,110,103,111,73,126,106,35,72" hai1="77,68,131,59,100,23,33,64,135,108,120,89,115" hai2="5,26,40,0,14,109,20,65,104,84,76,67,69" hai3="42,48,1,21,30,87,125,134,54,51,53,55,8"/><T116/><D123/><U49/><E33/><V56/><F109/><N who="0" m="41482" /><D116/><U96/><E108/><V63/><F0/><W88/><G134/><T71/><D95/><U66/><E120/><V83/><F104/><W19/><G42/><T81/><D71/><U52/><E135/><V128/><F128/><W24/><G125/><T91/><D91/><U18/><E131/><V107/><F107/><W74/><G74/><N who="0" m="28779" /><D81/><U122/><E122/><V78/><F40/><W99/><G99/><N who="0" m="61823" /><D28/><U93/><E115/><V60/><F78/><W34/><G8/><T79/><D79/><U3/><E77/><V31/><F76/><W47/><G1/><T12/><D12/><U32/><E3/><V129/><F129/><W6/><G6/><T121/><D121/><U44/><E32/><V117/><F83/><W2/><G2/><T132/><D35/><U45/><E68/><V15/><F5/><W46/><G55/><T127/><D132/><U70/><E70/><V10/><F117/><W25/><G34/><T11/><D11/><U16/><E66/><V61/><F10/><W22/><G87/><T105/><D105/><U119/><E119/><V112/><F84/><W101/><G101/><T4/><D4/><U82/><E64/><V90/><F90/><AGARI ba="0,0" hai="19,21,22,24,25,30,46,47,48,51,53,54,88,90" machi="90" ten="40,5200,0" yaku="9,1,8,1,54,1" doraHai="133" who="3" fromWho="2" sc="250,0,250,0,250,-52,250,52" /><INIT seed="1,0,0,1,3,47" ten="250,250,198,302" oya="1" hai0="32,39,130,109,111,20,89,95,87,92,75,110,127" hai1="114,41,96,69,66,97,12,118,90,56,63,76,14" hai2="129,46,19,53,122,36,77,60,85,42,105,83,134" hai3="33,104,44,99,50,49,91,135,88,9,73,101,10"/><U16/><E114/><V108/><F122/><W121/><G135/><T98/><D32/><U124/><E118/><V112/><F108/><W22/><G121/><T64/><D39/><U2/><E2/><V30/><F129/><W40/><G33/><T43/><D64/><U70/><E124/><V72/><F105/><W81/><G22/><T107/><D20/><U31/><E31/><V119/><F134/><W13/><G10/><T29/><D29/><U62/><E76/><V116/><F112/><W37/><G73/><T23/><D23/><U34/><E34/><V26/><F19/><W79/><G79/><T57/><D75/><U78/><E78/><V45/><F72/><W61/><G61/><T74/><D74/><U7/><E41/><V58/><F46/><W80/><G80/><T68/><D68/><U48/><E7/><V5/><F5/><W51/><REACH who="3" step="1"/><G81/><REACH who="3" ten="250,250,198,292" step="2"/><N who="0" m="49391" /><D109/><U84/><E63/><V21/><AGARI ba="0,1" hai="21,26,30,36,42,45,53,58,60,77,83,85,116,119" machi="21" ten="20,1500,0" yaku="0,1,7,1" doraHai="47" who="2" fromWho="2" sc="250,-4,250,-7,198,25,292,-4" /><INIT seed="2,0,0,0,3,132" ten="246,243,223,288" oya="2" hai0="40,51,29,82,92,13,67,77,23,64,114,103,90" hai1="93,117,18,83,42,118,111,100,56,27,11,109,127" hai2="121,110,113,50,63,84,53,124,16,32,131,78,22" hai3="47,70,14,72,48,3,105,69,123,45,26,80,130"/><V20/><F113/><W65/><G130/><T0/><D0/><U106/><E42/><V99/><F121/><W97/><G123/><T4/><D103/><U49/><E106/><V59/><F32/><W128/><G128/><T8/><D114/><U115/><E115/><V119/><F119/><W133/><G133/><T68/><D68/><U66/><E83/><V116/><F116/><W58/><G3/><T102/><D102/><U85/><E85/><V74/><F74/><W1/><G1/><T81/><D82/><U129/><E129/><V120/><F22/><W86/><G105/><T15/><D29/><U73/><E73/><V41/><F110/><N who="1" m="41993" /><E100/><V107/><F120/><W88/><G97/><T12/><D12/><N who="1" m="7455" /><E93/><V39/><F131/><W34/><G72/><T30/><D30/><U44/><E27/><V75/><F75/><W25/><G25/><T55/><D40/><U33/><E33/><V101/><F78/><W46/><G34/><T98/><D81/><U60/><E127/><V125/><F39/><W54/><G26/><T126/><D77/><U2/><E2/><V87/><F87/><W76/><G76/><T17/><REACH who="0" step="1"/><D126/><REACH who="0" ten="236,243,223,288" step="2"/><N who="2" m="48746" /><F41/><W31/><G31/><T28/><D28/><U5/><E5/><V134/><F134/><W9/><REACH who="3" step="1"/><G65/><REACH who="3" ten="236,243,223,278" step="2"/><T135/><D135/><U104/><E104/><V6/><F107/><W38/><G38/><T19/><D19/><AGARI ba="0,2" hai="9,14,19,45,46,47,48,54,58,69,70,80,86,88" machi="19" ten="40,5200,0" yaku="1,1,54,1,53,1" doraHai="132" doraHaiUra="79" who="3" fromWho="0" sc="236,-52,243,0,223,0,278,72" /><INIT seed="3,0,0,4,3,37" ten="184,243,223,350" oya="3" hai0="1,64,3,33,59,4,40,82,119,135,5,132,60" hai1="41,47,105,23,102,31,8,88,90,79,70,65,17" hai2="13,22,116,130,50,25,66,35,27,72,89,81,68" hai3="104,20,0,21,98,30,28,71,16,44,123,110,49"/><W52/><G123/><T74/><D33/><U29/><E79/><V120/><F116/><W101/><G71/><T126/><D119/><U32/><E32/><V108/><F108/><W92/><G0/><T9/><D126/><U26/><E105/><V129/><F66/><W18/><G104/><T56/><D74/><U121/><E121/><V133/><F133/><W109/><G21/><T122/><D122/><U87/><E102/><V39/><F39/><W113/><G113/><T128/><D82/><U48/><E70/><V57/><F68/><W112/><G18/><T51/><D64/><U75/><E75/><V95/><F35/><W42/><G112/><T80/><D80/><U55/><E65/><V115/><F115/><W100/><G101/><T94/><D94/><U78/><E8/><V61/><F61/><W134/><G134/><T97/><D3/><U99/><E78/><V62/><F62/><W93/><G92/><T11/><D1/><U2/><E2/><V106/><F106/><W83/><G83/><T43/><D132/><U46/><E99/><V124/><F124/><W53/><G110/><T10/><D135/><U114/><E114/><V63/><F81/><W76/><G76/><T24/><D97/><U54/><E54/><N who="3" m="21098" /><G109/><T67/><D5/><U125/><E125/><V7/><F72/><W118/><G118/><T12/><D4/><U117/><E117/><V77/><F77/><W91/><G100/><T69/><D69/><U107/><E107/><V38/><F120/><W36/><G36/><T34/><D34/><U111/><E111/><V14/><F38/><RYUUKYOKU ba="0,0" sc="184,-10,243,-10,223,-10,350,30" hai3="16,20,28,30,42,44,49,91,93,98" /><INIT seed="3,1,0,4,1,56" ten="174,233,213,380" oya="3" hai0="43,8,94,83,54,88,91,55,3,70,4,89,116" hai1="64,119,110,46,62,131,45,135,78,66,65,39,103" hai2="109,95,41,76,69,60,132,79,35,25,68,125,114" hai3="9,47,118,102,20,6,130,117,96,44,16,33,115"/><W2/><G130/><T34/><D116/><U32/><E32/><V134/><F114/><W71/><G115/><T40/><D34/><U74/><E103/><V85/><F41/><W81/><G71/><T120/><D120/><U112/><E74/><V49/><F49/><W86/><G118/><T52/><D70/><U80/><E112/><V67/><F125/><W7/><G7/><T77/><REACH who="0" step="1"/><D94/><REACH who="0" ten="164,233,213,380" step="2"/><U72/><E119/><V104/><F69/><W99/><G33/><T82/><D82/><U113/><E113/><V59/><F68/><W36/><G117/><T106/><D106/><U92/><E131/><V15/><F104/><W73/><G81/><T122/><D122/><U5/><E92/><V50/><F95/><W51/><G47/><T107/><D107/><U23/><E135/><V27/><F134/><W111/><G44/><T21/><D21/><U121/><E121/><V129/><F35/><W108/><G20/><T24/><D24/><U31/><E110/><V13/><F109/><W127/><G111/><T101/><D101/><U42/><E46/><V19/><F27/><W48/><G102/><T123/><D123/><U128/><E128/><V22/><F132/><W14/><G108/><T100/><D100/><U38/><E38/><V93/><F129/><W37/><G37/><T1/><D1/><U0/><E0/><V98/><F98/><W30/><G36/><T97/><D97/><U90/><E90/><N who="2" m="53455" /><F50/><W29/><G51/><T75/><AGARI ba="1,1" hai="3,4,8,40,43,52,54,55,75,77,83,88,89,91" machi="75" ten="30,7900,0" yaku="1,1,0,1,54,2,53,0" doraHai="56" doraHaiUra="10" who="0" fromWho="0" sc="164,92,233,-21,213,-21,380,-40" /><INIT seed="4,0,0,2,1,112" ten="256,212,192,340" oya="0" hai0="20,50,10,62,69,77,25,67,4,16,48,80,75" hai1="11,71,31,106,101,5,45,60,117,55,29,130,104" hai2="18,129,123,95,122,24,0,58,40,54,51,1,17" hai3="133,81,79,74,108,41,22,113,134,34,103,36,109"/><T131/><REACH who="0" step="1"/><D131/><REACH who="0" ten="246,212,192,340" step="2"/><U89/><E130/><V6/><F129/><W119/><G133/><T84/><D84/><U127/><E127/><V82/><F123/><W70/><G134/><T83/><D83/><U91/><E117/><V7/><F122/><W132/><G132/><T44/><D44/><U28/><E45/><V128/><F82/><W37/><G119/><T23/><D23/><U135/><E135/><V27/><F128/><W47/><G22/><T32/><D32/><U59/><E71/><V56/><F56/><W90/><G34/><T42/><D42/><U121/><E121/><V76/><F40/><W99/><G70/><T115/><D115/><U100/><E106/><V65/><F58/><W15/><G113/><T98/><D98/><U9/><E104/><V3/><F95/><W21/><G41/><T30/><D30/><U35/><E35/><V52/><F3/><AGARI ba="0,1" hai="3,4,10,16,20,25,48,50,62,67,69,75,77,80" machi="3" ten="30,11600,0" yaku="21,2,7,1,54,1,53,0" doraHai="112" doraHaiUra="92" who="0" fromWho="2" sc="246,126,212,0,192,-116,340,0" /><INIT seed="4,1,0,3,0,42" ten="372,212,76,340" oya="0" hai0="89,128,109,111,129,123,71,106,102,45,95,34,35" hai1="120,68,33,49,122,86,96,98,16,44,104,82,78" hai2="91,130,80,112,7,81,41,54,94,134,18,25,73" hai3="135,64,32,60,61,11,117,47,5,66,21,57,114"/><T107/><D71/><U48/><E33/><N who="0" m="12297" /><D123/><U127/><E68/><V87/><F130/><N who="0" m="50282" /><D102/><U58/><E127/><V76/><F134/><W31/><G114/><T8/><D8/><U17/><E104/><N who="0" m="39977" /><D45/><U2/><E2/><V90/><F112/><W132/><G135/><T55/><D55/><U105/><E105/><V124/><F54/><W103/><G132/><T121/><D121/><U6/><E6/><V43/><F7/><W29/><G103/><T51/><D51/><U26/><E58/><V99/><F124/><W116/><G32/><T63/><D63/><U1/><E1/><V77/><F43/><W113/><G113/><T15/><D15/><U0/><E0/><V84/><F41/><W97/><G47/><T74/><D74/><U110/><E122/><V119/><F119/><W23/><G57/><T62/><D62/><U100/><E120/><V67/><F67/><W101/><G101/><T3/><D3/><U75/><E100/><N who="2" m="60535" /><F73/><W20/><G11/><T93/><D89/><U46/><E75/><V30/><F91/><W36/><G21/><T52/><D52/><U118/><E118/><V59/><F59/><W83/><G5/><T125/><D125/><U115/><E115/><V40/><F90/><W12/><G12/><T70/><D70/><U69/><E69/><V65/><F65/><W85/><G117/><T53/><D53/><U79/><E49/><V50/><F50/><W27/><G116/><T38/><D38/><U22/><E48/><V88/><F40/><W19/><G36/><T28/><D28/><U37/><E37/><V126/><F126/><RYUUKYOKU ba="1,0" sc="372,30,212,-10,76,-10,340,-10" hai0="93,95,109,111" /><INIT seed="4,2,0,3,2,62" ten="402,202,66,330" oya="0" hai0="109,20,11,88,131,129,8,70,74,16,134,68,119" hai1="115,130,71,53,124,86,93,31,4,2,36,32,121" hai2="59,87,24,103,60,26,63,69,97,96,92,77,95" hai3="114,98,79,128,61,125,50,29,55,127,90,0,46"/><T51/><D119/><U6/><E121/><V57/><F69/><N who="0" m="26730" /><D74/><U73/><E73/><V17/><F87/><W107/><G0/><T22/><D22/><U35/><E36/><V19/><REACH who="2" step="1"/><F103/><REACH who="2" ten="402,202,56,330" step="2"/><N who="3" m="62967" /><G127/><T78/><D109/><U100/><E124/><V9/><F9/><W85/><G125/><T89/><D11/><U52/><E100/><V105/><F105/><W33/><G85/><T48/><D8/><U27/><E130/><V110/><F110/><W38/><G128/><T13/><D131/><U83/><E2/><V75/><F75/><W14/><G114/><T132/><D129/><U106/><E106/><V47/><F47/><W94/><G46/><T104/><D104/><U39/><E39/><V113/><F113/><W102/><G102/><T12/><D132/><U118/><E115/><V23/><F23/><W112/><G112/><T135/><D20/><U84/><E71/><V82/><F82/><W81/><G38/><T99/><D135/><U41/><E35/><V116/><F116/><W58/><G33/><T117/><D134/><U67/><E118/><V111/><F111/><W64/><G81/><T120/><D117/><U44/><E86/><V66/><F66/><W56/><G64/><T54/><D120/><U49/><E67/><V18/><F18/><W123/><G123/><T37/><D16/><U15/><E93/><V101/><F101/><W10/><G94/><T126/><D37/><U1/><E1/><V34/><F34/><W45/><G10/><T5/><D126/><U7/><E15/><V42/><F42/><W43/><G14/><T133/><D13/><RYUUKYOKU ba="2,1" sc="402,-15,202,15,56,15,330,-15" hai1="4,6,7,27,31,32,41,44,49,52,53,83,84" hai2="17,19,24,26,57,59,60,63,77,92,95,96,97" /><INIT seed="5,3,1,5,5,97" ten="387,217,71,315" oya="1" hai0="56,90,132,94,89,51,38,91,18,46,60,19,85" hai1="5,109,73,66,1,15,69,36,75,106,58,104,16" hai2="47,37,77,98,82,33,41,78,59,12,129,123,44" hai3="100,63,29,122,125,49,81,45,126,115,10,55,68"/><U6/><E36/><V57/><F123/><W87/><G122/><T53/><D38/><U17/><E69/><V8/><F33/><W79/><G29/><T113/><D113/><U4/><E1/><V76/><F129/><W52/><G115/><T14/><D132/><U23/><E109/><V35/><F35/><W133/><G133/><T103/><D18/><U99/><E17/><V54/><F47/><W31/><G31/><T84/><D84/><U96/><E75/><V34/><F34/><W21/><G21/><N who="0" m="11511" /><D103/><U50/><E73/><V20/><F20/><W118/><G118/><T61/><D61/><U3/><E99/><V62/><F59/><W25/><G25/><T32/><D32/><U101/><E3/><V111/><F111/><W114/><G114/><T7/><D7/><U121/><E121/><V124/><F98/><W22/><G22/><T42/><AGARI ba="3,1" hai="42,46,51,53,56,60,85,89,90,91,94" m="11511" machi="42" ten="30,1100,0" yaku="8,1" doraHai="97" who="0" fromWho="0" sc="387,30,217,-8,71,-6,315,-6" /><INIT seed="6,0,0,3,1,18" ten="417,209,65,309" oya="2" hai0="8,97,108,92,107,74,98,7,32,24,1,133,27" hai1="104,61,103,19,76,119,54,86,117,94,5,29,22" hai2="56,59,77,89,87,79,40,118,85,120,78,4,34" hai3="9,33,25,45,102,51,31,128,39,93,50,130,122"/><V110/><F118/><W135/><G122/><T41/><D41/><U37/><E37/><V134/><F120/><W72/><G72/><T30/><D74/><U115/><E104/><V23/><F34/><W106/><G106/><T124/><D27/><U101/><E115/><V112/><F112/><W38/><G135/><T16/><D107/><U90/><E5/><V68/><F68/><W6/><G39/><T83/><D83/><U20/><E117/><V88/><F4/><W52/><G38/><T57/><D57/><N who="2" m="22090" /><F40/><W99/><REACH who="3" step="1"/><G51/><REACH who="3" ten="417,209,65,299" step="2"/><T42/><D133/><U11/><E119/><V10/><F134/><W80/><G80/><T58/><D108/><U75/><E75/><V26/><F110/><W91/><G91/><N who="2" m="34889" /><F10/><W121/><G121/><T95/><D8/><U129/><E76/><N who="2" m="19459" /><V28/><AGARI ba="0,1" hai="23,26,28,85,87" m="19459,34889,22090" machi="28" ten="40,12000,1" yaku="4,1,8,1,52,1,54,1" doraHai="18" who="2" fromWho="2" sc="417,-40,209,-40,65,130,299,-40" /><INIT seed="6,1,0,4,4,12" ten="377,169,195,259" oya="2" hai0="107,47,68,87,24,128,124,2,95,22,118,55,135" hai1="34,10,98,50,78,65,42,122,116,90,115,23,5" hai2="31,96,28,56,21,106,74,27,71,41,53,75,49" hai3="129,89,91,7,61,48,37,134,72,101,113,77,83"/><V111/><F71/><W62/><G37/><T112/><D107/><U13/><E116/><V86/><F111/><W63/><G129/><T20/><D2/><U44/><E34/><V54/><F41/><W93/><G134/><T1/><D1/><U99/><E115/><V66/><F66/><W32/><G32/><T76/><D47/><U19/><E122/><V108/><F108/><W45/><G7/><T117/><D76/><U126/><E126/><V59/><F86/><W30/><G30/><T40/><D87/><U36/><E78/><V131/><F131/><W119/><G119/><T39/><D68/><U130/><E130/><V73/><F106/><W88/><G113/><T46/><D39/><U84/><E65/><V70/><F70/><W123/><G123/><T8/><D112/><U102/><E102/><V9/><F9/><W79/><G77/><T127/><D124/><U104/><E104/><V4/><F4/><W120/><G120/><T6/><D118/><U85/><E36/><V110/><F110/><W38/><G38/><T57/><D128/><U80/><REACH who="1" step="1"/><E84/><REACH who="1" ten="377,159,195,259" step="2"/><V14/><F96/><W67/><G101/><T26/><D117/><U125/><E125/><V58/><F75/><W100/><G100/><T3/><D127/><U51/><E51/><V29/><F74/><W64/><REACH who="3" step="1"/><G93/><REACH who="3" ten="377,159,195,249" step="2"/><T97/><D95/><U35/><E35/><N who="2" m="20895" /><F73/><W92/><G92/><T60/><D135/><U114/><E114/><V16/><F49/><W43/><AGARI ba="1,2" hai="43,45,48,61,62,63,64,67,72,79,83,88,89,91" machi="43" ten="30,4000,0" yaku="1,1,0,1,54,1,53,0" doraHai="12" doraHaiUra="17" who="3" fromWho="3" sc="377,-11,159,-11,195,-21,249,63" /><INIT seed="7,0,0,0,4,105" ten="366,148,174,312" oya="3" hai0="113,79,15,107,45,85,53,21,124,125,59,60,54" hai1="65,63,61,118,42,115,13,88,71,43,134,108,7" hai2="110,72,69,132,127,30,117,68,114,50,116,89,84" hai3="24,74,102,112,76,122,37,6,52,106,121,67,19"/><W77/><G37/><T100/><D107/><U29/><E108/><V38/><F30/><W98/><G67/><T93/><D100/><U70/><E115/><V135/><F38/><W94/><G6/><T90/><D79/><U44/><E134/><N who="2" m="51243" /><F127/><N who="0" m="48714" /><D113/><U35/><E118/><N who="2" m="45675" /><F114/><W5/><G112/><T87/><D45/><U62/><E35/><V39/><F39/><W2/><G77/><T103/><D103/><U22/><E71/><V129/><F129/><W96/><G5/><T51/><D54/><U55/><E42/><V0/><F0/><W33/><G2/><T23/><D51/><U73/><E55/><V104/><F104/><W78/><G78/><T95/><D15/><U3/><E3/><V91/><F110/><W18/><G122/><T46/><D46/><U8/><E29/><V119/><F119/><W11/><G121/><T34/><D34/><U49/><E22/><V25/><F50/><W14/><G52/><T97/><D97/><U32/><E32/><V111/><F111/><W40/><G40/><T48/><D48/><U27/><E27/><V58/><F25/><W20/><G33/><T64/><D53/><U56/><E70/><V109/><F109/><W47/><G47/><T66/><D66/><U128/><E128/><V28/><F69/><W57/><G57/><T31/><D31/><U92/><REACH who="1" step="1"/><E73/><REACH who="1" ten="366,138,174,312" step="2"/><V86/><F72/><W75/><G76/><T83/><D21/><U101/><E101/><AGARI ba="0,1" hai="11,14,18,19,20,24,74,75,94,96,98,101,102,106" machi="101" ten="30,5800,0" yaku="7,1,52,2" doraHai="105" who="3" fromWho="1" sc="366,0,138,-58,174,0,312,68" owari="366,17.0,80,-42.0,174,-23.0,380,48.0" /></mjloggm>