<mjloggm ver="2.3"><GO type="41" lobby="0"/><UN n0="%E3%81%82%E3%81%A9" n1="%E3%82%B8%E3%83%A3%E3%83%B3%E3%82%AD%E3%83%BC%E6%B5%81" n2="%E2%93%9D%53%75%70%68%78" n3="%E3%81%82%E3%83%BC%E3%82%8B%E3%81%97%E3%81%A6%E3%83%BC" dan="15,14,17,15" rate="1941.10,1895.55,2021.74,2028.74" sx="M,M,M,M"/><TAIKYOKU oya="0"/><INIT seed="0,0,0,0,5,127" ten="250,250,250,250" oya="0" hai0="73,51,65,59,118,76,79,0,42,126,24,19,93" hai1="77,34,123,21,3,7,97,135,64,1,38,105,48" hai2="108,87,112,6,46,36,60,25,111,70,63,72,86" hai3="99,128,102,81,68,101,80,120,100,35,90,56,22"/><T54/><D118/><U122/><E135/><V18/><F72/><W53/><G35/><T62/><D126/><U52/><E34/><V83/><F6/><W103/><G68/><T132/><D132/><U71/><E38/><V30/><F18/><W104/><G120/><T98/><D0/><U9/><E77/><N who="0" m="29769" /><D73/><U28/><E3/><V116/><F112/><W2/><G2/><T39/><D39/><U84/><E84/><V58/><F70/><W117/><G117/><T50/><D42/><U106/><E64/><V91/><F87/><W85/><G81/><T96/><D65/><U40/><E40/><N who="2" m="22791" /><F58/><W94/><G22/><N who="0" m="13407" /><D96/><U133/><E133/><V110/><F116/><W29/><G29/><T131/><D131/><U13/><E71/><V95/><F83/><W89/><G128/><T134/><D134/><U43/><E43/><V37/><F37/><W41/><G41/><T74/><D74/><U33/><E33/><AGARI ba="0,0" hai="25,30,33,60,63,86,91,95,108,110,111" m="22791" machi="33" ten="30,1000,0" yaku="14,1" doraHai="127" who="2" fromWho="1" sc="250,0,250,-10,250,10,250,0" /><INIT seed="1,0,0,2,3,114" ten="250,240,260,250" oya="1" hai0="1,73,63,50,35,25,55,98,135,82,79,3,103" hai1="130,125,70,123,47,87,69,100,48,80,97,120,93" hai2="91,128,42,74,6,111,71,15,4,76,24,105,89" hai3="77,129,7,118,21,14,13,2,68,83,134,23,30"/><U16/><E125/><V107/><F71/><W10/><G68/><T106/><D135/><U34/><E130/><V12/><F76/><W113/><G113/><T115/><D115/><U20/><E34/><V96/><F24/><W27/><G129/><T121/><D121/><U85/><E123/><V5/><F128/><W86/><G134/><T124/><D124/><U41/><E120/><V92/><F42/><W101/><G101/><T18/><D63/><U108/><E108/><V127/><F74/><W66/><G66/><T88/><D88/><U104/><E104/><V64/><F64/><W56/><G56/><T0/><D18/><U75/><E75/><V11/><F127/><W9/><G118/><T78/><D78/><U61/><E61/><V117/><F111/><W133/><G133/><T94/><D94/><U54/><E87/><V90/><F117/><W39/><G39/><T31/><REACH who="0" step="1"/><D0/><REACH who="0" ten="240,240,260,250" step="2"/><U28/><E28/><V119/><F119/><W131/><G131/><T40/><D40/><U8/><E41/><V53/><F107/><W17/><G2/><T29/><D29/><U52/><E93/><V84/><F105/><W126/><REACH who="3" step="1"/><G126/><REACH who="3" ten="240,240,260,240" step="2"/><T57/><AGARI ba="0,2" hai="1,3,25,31,35,50,55,57,73,79,82,98,103,106" machi="57" ten="20,5200,0" yaku="1,1,0,1,7,1,53,1" doraHai="114" doraHaiUra="49" who="0" fromWho="0" sc="240,72,240,-26,260,-13,240,-13" /><INIT seed="2,0,0,1,0,74" ten="312,214,247,227" oya="2" hai0="126,25,129,92,36,119,111,96,56,52,7,115,24" hai1="83,130,75,33,15,44,72,37,131,76,105,26,114" hai2="55,28,18,13,79,14,122,8,91,113,4,125,78" hai3="124,9,99,12,88,17,112,51,11,81,47,57,23"/><V27/><F122/><W61/><G124/><T104/><D115/><U41/><E15/><V134/><F113/><W38/><G38/><T135/><D104/><U66/><E114/><V16/><F134/><W93/><G112/><T71/><D71/><U86/><E66/><V5/><F125/><W118/><G81/><T53/><D126/><U106/><E86/><V30/><F55/><W85/><G99/><T50/><D36/><U65/><E65/><V29/><F91/><W77/><G77/><N who="2" m="29193" /><F27/><W110/><G110/><T108/><D135/><U3/><E3/><V6/><F30/><W40/><REACH who="3" step="1"/><G118/><REACH who="3" ten="312,214,247,217" step="2"/><T34/><D119/><U21/><E75/><V120/><F120/><W89/><G89/><T80/><D80/><U128/><REACH who="1" step="1"/><E33/><REACH who="1" ten="312,204,247,217" step="2"/><V39/><F39/><W63/><G63/><N who="0" m="36239" /><D34/><U31/><AGARI ba="0,2" hai="21,26,31,37,41,44,72,76,83,105,106,128,130,131" machi="31" ten="30,7900,0" yaku="1,1,0,1,19,1,52,1,53,0" doraHai="74" doraHaiUra="59" who="1" fromWho="1" sc="312,-20,204,99,247,-39,217,-20" /><INIT seed="3,0,0,3,0,66" ten="292,303,208,197" oya="3" hai0="94,34,31,23,17,54,122,89,37,41,110,1,82" hai1="75,5,103,35,88,45,106,14,52,129,124,116,99" hai2="111,113,20,56,24,63,125,25,127,65,71,48,39" hai3="8,46,79,12,7,77,72,92,74,118,57,95,19"/><W3/><G118/><T90/><D122/><U42/><E124/><N who="2" m="47691" /><F113/><W0/><G46/><T98/><D110/><U6/><E129/><V119/><F119/><W68/><G68/><T9/><D54/><U60/><E116/><V133/><F111/><W123/><G123/><T50/><D37/><U83/><E35/><V115/><F133/><W91/><G92/><T96/><D34/><U15/><E15/><V85/><F115/><W135/><G135/><T104/><D104/><U80/><E80/><V81/><F39/><W62/><G74/><T112/><D31/><U36/><E14/><V22/><F48/><W107/><G107/><T120/><D1/><U78/><REACH who="1" step="1"/><E88/><REACH who="1" ten="292,293,208,197" step="2"/><N who="2" m="51247" /><F25/><W114/><G0/><T43/><D120/><U13/><E13/><V49/><F24/><W84/><G114/><T108/><D112/><U109/><E109/><V38/><F38/><W55/><REACH who="3" step="1"/><G72/><REACH who="3" ten="292,293,208,187" step="2"/><T69/><D108/><U121/><E121/><V73/><F73/><W47/><G47/><T51/><D82/><U53/><E53/><AGARI ba="0,2" hai="20,22,49,53,56,63,65,71" m="51247,47691" machi="53" ten="30,3900,0" yaku="18,1,52,1,54,1" doraHai="66" who="2" fromWho="1" sc="292,0,293,-39,208,59,187,0" /><INIT seed="4,0,0,4,1,120" ten="292,254,267,187" oya="0" hai0="30,92,132,133,119,54,34,95,109,81,130,121,58" hai1="31,101,59,50,64,126,45,39,14,24,125,15,90" hai2="44,11,115,66,75,88,17,102,77,73,117,25,97" hai3="38,108,51,84,47,7,33,107,22,127,114,3,113"/><T55/><D119/><U63/><E39/><V103/><F66/><W68/><G107/><T87/><D121/><U79/><E79/><V116/><F44/><W86/><G38/><T4/><D130/><U1/><E1/><V12/><F115/><N who="3" m="44043" /><G127/><N who="1" m="48650" /><E90/><V131/><F131/><W26/><G68/><T74/><D74/><U83/><E83/><V135/><F135/><N who="0" m="51786" /><D4/><U2/><E101/><V62/><F103/><W118/><G33/><T60/><D54/><N who="1" m="30031" /><E2/><V19/><F75/><W8/><G118/><T123/><D123/><U71/><E71/><V76/><F73/><W16/><G108/><T18/><D18/><U21/><AGARI ba="0,0" hai="14,15,21,24,31,59,63,64" m="30031,48650" machi="21" ten="30,1100,0" yaku="18,1" doraHai="120" who="1" fromWho="1" sc="292,-5,254,11,267,-3,187,-3" /><INIT seed="5,0,0,2,2,116" ten="287,265,264,184" oya="1" hai0="57,89,118,72,9,54,48,46,112,41,33,119,47" hai1="64,117,20,132,2,69,7,78,50,17,35,23,13" hai2="128,82,110,79,62,39,103,36,87,126,95,97,133" hai3="52,70,123,130,32,26,51,127,131,55,66,40,59"/><U125/><E125/><V6/><F110/><W84/><G127/><T42/><D112/><U14/><E132/><V18/><F126/><W102/><G40/><T12/><D33/><U104/><E117/><V135/><F6/><W22/><G32/><T65/><D72/><U15/><E104/><V101/><F128/><N who="3" m="49195" /><G102/><T81/><D81/><U124/><E124/><V74/><F103/><W16/><G123/><T63/><D89/><U75/><E50/><V1/><F1/><W85/><G55/><T37/><D9/><U94/><E35/><V113/><F113/><W76/><G76/><T92/><D12/><U60/><E94/><V91/><F18/><W30/><G30/><T19/><D19/><U56/><E69/><V27/><F27/><W43/><G43/><N who="0" m="22895" /><D92/><U86/><E75/><V111/><F111/><W34/><G34/><T44/><D44/><U11/><REACH who="1" step="1"/><E17/><REACH who="1" ten="287,255,264,184" step="2"/><V108/><F108/><W24/><G24/><T99/><D119/><U109/><E109/><V90/><F135/><W29/><G29/><T98/><D118/><U121/><E121/><V107/><F133/><W129/><N who="3" m="49203" /><W67/><DORA hai="96" /><G70/><T58/><D48/><U93/><E93/><V106/><F106/><W45/><G45/><T83/><D47/><U77/><E77/><V4/><F91/><W5/><G5/><T115/><D115/><U10/><E10/><V134/><F134/><W49/><G49/><T122/><D122/><U31/><E31/><V61/><F4/><W53/><G53/><T68/><D54/><U0/><E0/><V71/><F71/><W105/><G105/><RYUUKYOKU ba="0,1" sc="287,-30,255,10,264,10,184,10" hai1="2,7,11,13,14,15,20,23,56,60,64,78,86" hai2="36,39,61,62,74,79,82,87,90,95,97,101,107" hai3="16,22,26,51,52,59,66,67,84,85" /><INIT seed="5,1,1,3,5,18" ten="257,265,274,194" oya="1" hai0="85,62,4,68,114,86,99,53,75,25,63,109,37" hai1="58,89,106,48,44,73,108,30,66,21,14,101,83" hai2="8,2,121,128,125,13,115,110,132,32,0,84,3" hai3="65,94,7,70,57,96,16,43,76,61,47,27,49"/><U129/><E129/><V113/><F110/><W17/><G7/><T120/><D109/><U87/><E108/><V78/><F121/><W23/><G76/><T28/><D120/><U131/><E131/><V91/><F128/><W35/><G35/><T81/><D114/><N who="2" m="43530" /><F132/><W80/><G80/><T36/><D75/><U90/><E73/><V9/><F125/><W10/><G10/><N who="2" m="4201" /><F13/><W97/><G97/><T34/><D4/><U130/><E130/><V95/><F32/><W45/><G45/><T92/><D68/><U33/><E33/><V31/><F31/><N who="3" m="17919" /><G70/><T127/><D127/><U55/><E101/><AGARI ba="1,1" hai="16,17,43,47,49,57,61,65,94,96,101" m="17919" machi="101" ten="30,7700,0" yaku="25,1,8,1,52,1,54,1" doraHai="18" who="3" fromWho="1" sc="257,0,265,-80,274,0,194,90" /><INIT seed="6,0,0,3,4,86" ten="257,185,274,284" oya="2" hai0="43,16,44,82,84,50,100,105,32,88,92,9,62" hai1="129,4,113,48,114,53,91,67,60,89,5,41,40" hai2="118,78,71,123,19,38,73,27,111,22,54,65,49" hai3="46,109,34,116,42,56,21,131,51,20,39,76,1"/><V11/><F118/><W23/><G116/><T24/><D105/><U17/><E17/><V61/><F123/><W55/><G109/><T125/><D125/><U8/><E129/><V31/><F38/><W101/><G34/><T29/><D62/><U102/><E102/><V59/><F111/><W134/><G1/><T120/><D120/><U3/><E5/><V25/><F78/><W58/><G131/><T26/><D32/><U107/><E107/><V124/><F73/><W47/><G134/><T28/><D24/><U98/><E98/><V126/><REACH who="2" step="1"/><F11/><REACH who="2" ten="257,185,264,284" step="2"/><W2/><G76/><T52/><D9/><U108/><E108/><V119/><F119/><W33/><G39/><T7/><D7/><U133/><E133/><V80/><F80/><W45/><G42/><T66/><D43/><U96/><E41/><V94/><F94/><W0/><G33/><AGARI ba="0,1" hai="19,22,25,27,31,33,49,54,59,61,65,71,124,126" machi="33" ten="40,3900,0" yaku="1,1,53,1" doraHai="86" doraHaiUra="13" who="2" fromWho="3" sc="257,0,185,0,264,49,284,-39" /><INIT seed="6,1,0,1,0,114" ten="257,185,313,245" oya="2" hai0="120,93,27,78,26,34,111,117,39,104,95,96,6" hai1="16,28,101,126,69,127,86,31,54,0,23,63,35" hai2="83,41,52,105,75,77,19,70,121,135,113,90,42" hai3="24,48,62,106,122,4,57,84,88,98,44,36,112"/><V130/><F121/><W109/><G122/><T15/><D120/><U7/><E35/><V68/><F105/><W79/><G36/><T29/><D117/><U94/><E7/><V38/><F130/><W58/><G109/><T20/><D39/><U99/><E0/><V14/><F135/><W87/><G106/><T110/><D104/><U132/><E132/><V60/><F90/><W50/><G4/><T97/><D78/><U22/><E86/><N who="3" m="32810" /><G79/><T49/><D49/><N who="3" m="19049" /><G112/><T30/><D95/><U134/><E134/><V1/><F1/><W5/><G5/><T107/><D107/><U9/><E9/><V67/><F113/><W11/><G11/><T131/><D131/><U129/><E129/><V12/><F38/><W18/><G44/><T85/><D85/><U74/><E74/><V116/><F75/><W108/><G108/><T53/><D53/><U13/><E23/><V55/><F55/><W102/><G102/><T82/><D82/><U115/><E115/><V64/><F52/><N who="3" m="34087" /><G24/><T51/><D51/><U32/><E32/><V10/><F77/><W66/><G18/><T47/><D47/><U65/><REACH who="1" step="1"/><E54/><REACH who="1" ten="257,175,313,245" step="2"/><V21/><F10/><W43/><G43/><T119/><D34/><U100/><E100/><V81/><F42/><W73/><G73/><T40/><D40/><U33/><E33/><V89/><F41/><W2/><G2/><T133/><D133/><U72/><E72/><V125/><F21/><W123/><G123/><T25/><D20/><U128/><E128/><V56/><F83/><W37/><G37/><T8/><D8/><U80/><E80/><RYUUKYOKU ba="1,1" sc="257,-10,175,30,313,-10,245,-10" hai1="13,16,22,28,31,63,65,69,94,99,101,126,127" /><INIT seed="7,2,1,1,0,112" ten="247,205,303,235" oya="3" hai0="14,68,32,59,31,64,131,6,43,116,128,98,13" hai1="129,47,63,2,23,88,46,36,121,118,71,78,77" hai2="5,61,1,110,29,34,122,57,124,82,25,49,83" hai3="41,75,74,92,73,111,115,95,37,69,132,85,81"/><W12/><G69/><T50/><D68/><U100/><E121/><V18/><F110/><W133/><G111/><T135/><D135/><N who="3" m="51785" /><G12/><T11/><D98/><U33/><E33/><V107/><F107/><W127/><G37/><T45/><D32/><U66/><E129/><N who="0" m="49737" /><D31/><U52/><E2/><V70/><F1/><W97/><G41/><T130/><D130/><U38/><E100/><V99/><F70/><W91/><G127/><T94/><D94/><N who="3" m="35881" /><G115/><T120/><D120/><U126/><E126/><V21/><F124/><W48/><G48/><T26/><D26/><U72/><E38/><V117/><F49/><W4/><G4/><T20/><D20/><U114/><E114/><V125/><F5/><W15/><G15/><T106/><D106/><U58/><E36/><V10/><F125/><W80/><G97/><T22/><D13/><U86/><E72/><V76/><F99/><W84/><G84/><T134/><D134/><U51/><E23/><V62/><F21/><W113/><G113/><T55/><D22/><U90/><E86/><V30/><F34/><W44/><G44/><T9/><D9/><U0/><E0/><V40/><F10/><W24/><G24/><T109/><D109/><U67/><E71/><V65/><F25/><W123/><G123/><T8/><D8/><U108/><E108/><V39/><F122/><W96/><G96/><T104/><D104/><U19/><E46/><V56/><F39/><W103/><G103/><T35/><D35/><U87/><E87/><V60/><F30/><W28/><G28/><T89/><D45/><U3/><E47/><RYUUKYOKU ba="2,1" sc="247,-10,205,-10,303,-10,235,30" hai3="73,74,75,80,81,85,91" /><INIT seed="7,3,1,2,3,116" ten="237,195,293,265" oya="3" hai0="7,1,5,109,128,117,132,70,86,103,91,72,38" hai1="88,10,60,33,108,44,83,102,29,31,2,51,42" hai2="135,52,43,73,8,32,121,101,78,12,85,89,16" hai3="3,22,127,68,14,118,0,61,64,6,48,41,106"/><W55/><G118/><T46/><D109/><U28/><E108/><V56/><F32/><W111/><G106/><T113/><D117/><U77/><E102/><V19/><F121/><W87/><G111/><T76/><D70/><U50/><E60/><V67/><F73/><W65/><G65/><T25/><D128/><U122/><E122/><V57/><F135/><W105/><G105/><T49/><D132/><U74/><E51/><V11/><F43/><W123/><G123/><T58/><D113/><U40/><E40/><V30/><F30/><W15/><G127/><T95/><D103/><U126/><E126/><V130/><F78/><W37/><G87/><T75/><D38/><U133/><E133/><V9/><F101/><W129/><G129/><T62/><D25/><U63/><E63/><N who="2" m="38375" /><F12/><N who="3" m="4651" /><G22/><T114/><D114/><U23/><E23/><V112/><F130/><W66/><G66/><T69/><D69/><U94/><E10/><V104/><F104/><W96/><G6/><N who="0" m="2059" /><D1/><U18/><E18/><V93/><F112/><W80/><G80/><T45/><D76/><U92/><E2/><V100/><F100/><W98/><G3/><T27/><D27/><U35/><REACH who="1" step="1"/><E94/><REACH who="1" ten="237,185,293,265" step="2"/><V124/><F124/><W34/><G0/><T81/><D95/><U24/><E24/><V4/><F4/><W71/><G34/><T119/><D119/><U20/><E20/><V21/><F21/><W125/><G125/><T131/><D131/><U26/><E26/><V53/><F19/><W79/><G71/><T47/><D62/><U107/><E107/><V59/><F16/><W99/><G68/><RYUUKYOKU ba="3,2" sc="237,10,185,10,293,10,265,-30" hai0="45,46,47,49,58,72,75,81,86,91" hai1="28,29,31,33,35,42,44,50,74,77,83,88,92" hai2="8,9,11,52,53,57,59,85,89,93" owari="247,5.0,195,-30.0,323,41.0,235,-16.0" /></mjloggm>