<mjloggm ver="2.3"><GO type="41" lobby="0"/><UN n0="%E2%93%9D%53%75%70%68%78" n1="%E3%81%82%E3%81%8A%E3%81%A1%E3%82%83%E3%82%93" n2="%EF%BD%9E%E5%89%A3%E7%9B%BE%EF%BD%9E" n3="%E8%80%95%E3%81%99%E3%83%9E%E3%82%B7%E3%83%B3" dan="18,13,13,15" rate="2085.39,1854.43,1852.61,2002.81" sx="M,F,M,M"/><TAIKYOKU oya="0"/><INIT seed="0,0,0,2,4,8" ten="250,250,250,250" oya="0" hai0="29,31,6,70,49,93,10,108,68,124,26,22,33" hai1="9,103,40,78,25,121,127,42,115,119,20,106,131" hai2="111,48,102,37,28,57,23,45,64,47,125,59,11" hai3="95,53,73,80,133,30,117,120,92,71,15,72,110"/><T97/><D124/><U35/><E127/><V114/><F125/><W99/><G117/><T118/><D118/><U101/><E119/><V79/><F114/><W76/><G71/><T90/><D108/><U5/><E20/><V123/><F123/><W41/><G41/><T86/><D49/><U52/><E103/><V74/><F111/><W94/><G30/><T2/><D31/><U89/><E89/><V109/><F109/><W128/><G53/><T61/><D61/><U44/><E78/><V1/><F102/><W27/><G27/><T54/><D54/><U58/><E25/><V130/><F130/><W12/><G110/><T51/><D51/><U69/><E35/><V36/><F28/><W17/><G128/><T39/><D39/><U32/><E32/><V75/><F23/><W104/><G133/><T66/><D66/><U129/><E69/><V4/><F64/><W14/><G120/><T135/><D135/><U3/><E42/><N who="2" m="22735" /><F36/><W7/><G7/><T24/><REACH who="0" step="1"/><D97/><REACH who="0" ten="240,250,250,250" step="2"/><U77/><E131/><V34/><F48/><W112/><G112/><T113/><D113/><U55/><E115/><V65/><F65/><W122/><G122/><T105/><D105/><U43/><E121/><V85/><F34/><W83/><G104/><T100/><D100/><U98/><E106/><V88/><F47/><W107/><G107/><T132/><D132/><U19/><E44/><V0/><F59/><W62/><G62/><T38/><D38/><U50/><E58/><V46/><F57/><W67/><G67/><T63/><D63/><U126/><E129/><V81/><F46/><RYUUKYOKU ba="0,1" sc="240,30,250,-10,250,-10,250,-10" hai0="2,6,10,22,24,26,29,33,68,70,86,90,93" /><INIT seed="0,1,1,4,1,31" ten="270,240,240,240" oya="0" hai0="4,19,82,114,29,56,105,58,83,46,11,126,107" hai1="85,61,70,135,50,69,122,10,73,49,40,62,84" hai2="78,119,51,123,18,27,59,54,21,116,72,132,47" hai3="66,95,13,36,67,33,106,63,3,109,124,108,104"/><T22/><D114/><U75/><E135/><V5/><F123/><W26/><G36/><T128/><D29/><U53/><E10/><V8/><F132/><W89/><G3/><T23/><D46/><U92/><E92/><V87/><F72/><W81/><G81/><T55/><D126/><U118/><E40/><V86/><F78/><W2/><G13/><T52/><D11/><U129/><E53/><V102/><F102/><W112/><G2/><T16/><REACH who="0" step="1"/><D4/><REACH who="0" ten="260,240,240,240" step="2"/><U42/><E42/><V9/><F5/><W71/><G124/><T43/><D43/><U6/><E6/><V94/><F47/><W74/><G112/><T65/><D65/><U76/><E122/><V44/><F44/><W115/><G66/><T91/><D91/><U14/><E76/><V134/><F134/><W130/><G115/><T79/><D79/><U96/><E118/><V64/><F119/><W7/><G7/><T131/><AGARI ba="1,2" hai="16,19,22,23,52,55,56,58,82,83,105,107,128,131" machi="131" ten="25,24000,3" yaku="1,1,0,1,22,2,54,2,53,2" doraHai="31" doraHaiUra="48" who="0" fromWho="0" sc="260,263,240,-81,240,-81,240,-81" /><INIT seed="0,2,0,1,1,0" ten="523,159,159,159" oya="0" hai0="44,99,17,80,72,84,19,13,21,76,32,112,102" hai1="50,69,16,117,55,127,97,30,77,118,108,11,45" hai2="36,74,75,43,15,40,107,111,95,81,114,20,46" hai3="41,113,34,131,53,2,57,121,71,63,89,8,134"/><T101/><D112/><U125/><E69/><V62/><F114/><W60/><G121/><T18/><D32/><U110/><E77/><V31/><F107/><W59/><G113/><T94/><D102/><U96/><E30/><V39/><F111/><N who="1" m="42537" /><E97/><V109/><F109/><W68/><G34/><T104/><REACH who="0" step="1"/><D44/><REACH who="0" ten="513,159,159,159" step="2"/><U135/><E135/><V92/><F46/><W132/><G134/><T122/><D122/><U78/><E78/><V47/><F47/><W6/><G132/><T14/><D14/><N who="1" m="7263" /><E96/><V67/><F15/><W85/><G131/><T133/><D133/><U90/><E90/><AGARI ba="2,1" hai="13,17,18,19,21,72,76,80,84,90,94,99,101,104" machi="90" ten="40,12000,1" yaku="1,1,24,2,53,1" doraHai="0" doraHaiUra="9" who="0" fromWho="1" sc="513,136,159,-126,159,0,159,0" /><INIT seed="0,3,0,2,4,59" ten="649,33,159,159" oya="0" hai0="124,92,3,78,45,130,120,104,111,71,103,47,53" hai1="96,64,37,129,17,60,20,125,69,91,90,12,131" hai2="73,38,117,61,109,4,107,55,54,128,116,34,65" hai3="132,22,106,50,49,51,6,79,133,48,13,80,123"/><T98/><D120/><U39/><E125/><V27/><F107/><W15/><G106/><T58/><D3/><U14/><E14/><V114/><F73/><W87/><G123/><T110/><D130/><N who="1" m="49675" /><E96/><V41/><F128/><W57/><G6/><T94/><D71/><U99/><E99/><V121/><F121/><W35/><G35/><T70/><D78/><U2/><E2/><V29/><F4/><W18/><G13/><T119/><D119/><U101/><E101/><V30/><F30/><W11/><G11/><T83/><D70/><U42/><E42/><V85/><F109/><N who="0" m="41482" /><D83/><U0/><E0/><V102/><F102/><W77/><G77/><T127/><D94/><U5/><E5/><V40/><F85/><W126/><G126/><N who="0" m="48171" /><D104/><U89/><AGARI ba="3,0" hai="12,17,20,37,39,60,64,69,89,90,91" m="49675" machi="89" ten="30,2000,0" yaku="19,1,52,1" doraHai="59" who="1" fromWho="1" sc="649,-13,33,29,159,-8,159,-8" /><INIT seed="1,0,0,1,4,54" ten="636,62,151,151" oya="1" hai0="128,32,18,34,28,33,60,30,106,53,27,88,99" hai1="50,102,73,67,4,5,9,82,49,126,15,93,26" hai2="121,52,48,132,56,104,103,85,87,25,19,51,21" hai3="100,6,47,3,61,84,29,116,65,46,39,115,109"/><U72/><E126/><V23/><F121/><W69/><G109/><T7/><D7/><U134/><E134/><V127/><F127/><W70/><G116/><T129/><D18/><U133/><E133/><V98/><F132/><W68/><G115/><T108/><D108/><U1/><E26/><V78/><F78/><W74/><G74/><T119/><D119/><U38/><E38/><V35/><F35/><W24/><G100/><T101/><D88/><U16/><E67/><V92/><F104/><W124/><G124/><T58/><REACH who="0" step="1"/><D30/><REACH who="0" ten="626,62,151,151" step="2"/><U81/><E5/><V95/><F19/><W71/><G6/><T62/><D62/><U91/><E102/><V41/><F103/><W22/><G3/><T122/><D122/><U111/><E111/><V130/><F130/><AGARI ba="0,1" hai="27,28,32,33,34,53,58,60,99,101,106,128,129,130" machi="130" ten="40,8000,1" yaku="1,1,19,1,52,1,53,1" doraHai="54" doraHaiUra="94" who="0" fromWho="2" sc="626,90,62,0,151,-80,151,0" /><INIT seed="2,0,0,0,3,132" ten="716,62,71,151" oya="2" hai0="80,74,93,113,94,128,61,90,96,21,91,87,9" hai1="48,36,131,121,118,89,78,55,24,17,82,37,18" hai2="64,46,85,95,13,11,63,126,98,1,120,108,122" hai3="81,0,97,2,133,33,4,77,75,65,50,129,101"/><V70/><F108/><W47/><G133/><T58/><D128/><U29/><E131/><V62/><F1/><W76/><G33/><T42/><D74/><U41/><E118/><V23/><F126/><W104/><G4/><T51/><D113/><U114/><E89/><V119/><F119/><W69/><G77/><T130/><D9/><U107/><E107/><V32/><F32/><W20/><G129/><T84/><D21/><U102/><E102/><V54/><F23/><W7/><G7/><T53/><D130/><U45/><E37/><V105/><F105/><W49/><G49/><T135/><D135/><U83/><E83/><V117/><F117/><W12/><G65/><T3/><D3/><U106/><E106/><V66/><F54/><W59/><G59/><T22/><D22/><U52/><E55/><V38/><F46/><W19/><G69/><T39/><D39/><U43/><E43/><AGARI ba="0,0" hai="0,2,12,19,20,43,47,50,75,76,81,97,101,104" machi="43" ten="30,1000,0" yaku="7,1" doraHai="132" who="3" fromWho="1" sc="716,0,62,-10,71,0,151,10" /><INIT seed="3,0,0,3,0,52" ten="716,52,71,161" oya="3" hai0="134,27,110,67,8,35,2,84,124,79,42,7,96" hai1="133,16,108,38,61,32,128,121,119,47,100,129,86" hai2="64,135,12,41,28,66,13,98,71,126,39,57,68" hai3="53,23,91,40,17,76,85,106,37,74,75,43,80"/><W33/><G33/><T113/><D134/><U105/><E86/><V26/><F126/><W104/><G75/><T36/><D110/><U46/><E100/><V65/><F135/><W107/><G37/><T31/><D113/><U101/><E101/><V93/><F39/><W45/><G45/><T123/><D123/><U82/><E105/><V11/><F41/><W0/><G0/><T87/><D67/><U60/><E32/><V111/><F111/><W115/><G115/><T48/><D48/><U9/><E38/><V18/><F12/><W117/><G117/><T1/><D96/><U56/><E108/><V109/><F109/><W127/><G53/><T6/><D79/><U34/><E34/><V120/><F120/><W59/><G127/><T15/><D124/><U10/><E133/><V94/><F94/><W131/><G131/><T89/><D87/><U112/><E121/><V24/><F71/><W25/><REACH who="3" step="1"/><G59/><REACH who="3" ten="716,52,71,151" step="2"/><T81/><D36/><U51/><E119/><V95/><F68/><W90/><G90/><T102/><D2/><U78/><E112/><V99/><F57/><W63/><G63/><T50/><D1/><U69/><E69/><V92/><REACH who="2" step="1"/><F28/><REACH who="2" ten="716,52,61,151" step="2"/><W44/><G44/><T58/><D58/><U72/><E47/><V14/><F14/><W122/><G122/><T4/><D15/><N who="1" m="7279" /><E56/><V49/><F49/><W20/><G20/><T88/><D35/><U130/><E51/><V70/><F70/><W103/><G103/><T118/><D102/><U54/><E46/><V116/><F116/><W114/><G114/><T83/><D118/><U21/><E130/><RYUUKYOKU ba="0,2" sc="716,-15,52,-15,61,15,151,15" hai2="11,13,18,24,26,64,65,66,92,93,95,98,99" hai3="17,23,25,40,43,74,76,80,85,91,104,106,107" /><INIT seed="3,1,2,1,2,121" ten="701,37,76,166" oya="3" hai0="92,19,52,125,134,51,14,66,18,42,35,68,6" hai1="21,88,108,115,20,97,17,32,127,31,60,34,27" hai2="104,118,111,85,54,57,67,43,22,9,128,7,62" hai3="46,89,113,16,56,5,76,53,26,12,119,63,94"/><W39/><G119/><T123/><D125/><U87/><E115/><V29/><F118/><W47/><G113/><T91/><D134/><U81/><E127/><V106/><F111/><W110/><G110/><T15/><D42/><U116/><E116/><V132/><F132/><W30/><G76/><T82/><D35/><U25/><E108/><V130/><F43/><W135/><G5/><T107/><D107/><U37/><E37/><V73/><F73/><W58/><G58/><T93/><D66/><U96/><E60/><V99/><F99/><N who="3" m="57807" /><G39/><T100/><D68/><U11/><E11/><V114/><F114/><W77/><G77/><T13/><D123/><U79/><E97/><V83/><F22/><N who="3" m="15703" /><G135/><T3/><D3/><U41/><E41/><V102/><F29/><W109/><G109/><T70/><D70/><U8/><E8/><AGARI ba="1,2" hai="8,12,16,46,47,53,56,63" m="15703,57807" machi="8" ten="30,2900,0" yaku="8,1,54,1" doraHai="121" who="3" fromWho="1" sc="701,0,37,-32,76,0,166,52" /><INIT seed="3,2,0,2,2,44" ten="701,5,76,218" oya="3" hai0="131,83,91,21,27,99,7,28,79,110,33,2,39" hai1="127,25,6,128,101,32,65,123,38,26,106,77,14" hai2="12,61,35,130,133,116,60,24,118,126,67,16,3" hai3="42,48,98,1,102,19,121,114,64,9,41,78,8"/><W54/><G114/><T62/><D131/><U80/><E123/><V68/><F130/><W124/><G124/><T59/><D110/><U73/><E127/><V56/><F126/><W111/><G78/><T5/><D39/><U129/><E65/><V51/><F3/><W36/><G36/><T58/><D33/><U85/><E14/><V50/><F133/><W47/><G111/><T125/><D59/><U119/><E26/><V90/><F118/><W82/><G82/><T46/><D46/><U30/><E119/><V43/><F43/><W81/><G81/><T57/><D57/><U23/><E23/><V112/><F112/><W92/><G64/><T89/><D99/><U22/><E22/><V69/><F69/><W66/><G66/><T103/><D103/><U108/><E108/><V29/><F90/><W100/><G8/><T97/><D97/><N who="1" m="61743" /><E6/><V63/><F63/><W87/><G102/><T53/><D2/><U107/><E107/><V13/><F13/><N who="3" m="7599" /><G121/><T10/><D10/><U105/><E105/><V95/><F95/><N who="3" m="58463" /><G1/><T11/><D11/><U117/><E117/><V93/><F93/><W72/><G42/><T113/><D113/><U86/><E38/><V17/><F116/><W45/><G92/><T88/><REACH who="0" step="1"/><D125/><REACH who="0" ten="691,5,76,218" step="2"/><U0/><E0/><V18/><REACH who="2" step="1"/><F12/><REACH who="2" ten="691,5,66,218" step="2"/><W94/><G41/><T84/><AGARI ba="2,2" hai="5,7,21,27,28,53,58,62,79,83,84,88,89,91" machi="84" ten="30,8000,1" yaku="1,1,2,1,0,1,8,1,54,1,53,0" doraHai="44" doraHaiUra="104" who="0" fromWho="0" sc="691,106,5,-22,66,-22,218,-42" owari="797,90.0,-17,-52.0,44,-36.0,176,-2.0" /></mjloggm>