<mjloggm ver="2.3"><GO type="41" lobby="0"/><UN n0="%E3%83%A4%E3%83%9E%E3%82%BF%E3%83%84" n1="%61%63%61%64%65%6D%69%61" n2="%E2%93%9D%53%75%70%68%78" n3="%73%6A%6E%6D%70%30%30%31" dan="13,15,18,15" rate="1867.66,2004.09,2058.73,2024.01" sx="M,M,M,M"/><TAIKYOKU oya="0"/><INIT seed="0,0,0,4,1,13" ten="250,250,250,250" oya="0" hai0="105,39,41,56,76,90,36,34,35,109,7,43,9" hai1="97,75,95,98,124,103,113,17,119,42,61,87,2" hai2="78,135,115,128,85,16,50,25,38,46,0,11,59" hai3="84,20,30,96,40,83,130,129,102,67,122,89,101"/><T125/><D105/><U19/><E2/><V65/><F115/><W48/><G122/><T131/><D131/><U1/><E1/><V99/><F38/><W93/><G67/><T21/><D125/><U62/><E119/><V52/><F135/><W53/><G40/><T8/><D76/><U70/><E75/><V28/><F99/><W54/><G54/><T6/><D56/><U45/><E124/><V114/><F114/><W18/><G30/><T44/><D21/><U49/><E113/><V77/><F128/><W117/><G117/><T100/><D100/><U51/><E51/><V66/><F0/><W132/><G132/><T80/><D109/><U12/><E12/><N who="2" m="7199" /><F85/><W81/><G130/><T127/><D127/><U86/><E70/><V72/><F72/><W71/><G71/><T29/><D29/><U47/><E98/><V126/><F126/><W94/><G101/><T112/><D112/><U22/><E22/><N who="2" m="15415" /><F66/><W73/><G73/><T88/><D80/><U58/><E87/><V23/><F23/><W5/><G5/><T118/><D118/><U26/><E86/><V15/><F15/><N who="3" m="9311" /><G129/><T64/><D64/><U104/><E26/><V110/><F110/><W108/><G108/><T121/><REACH who="0" step="1"/><D44/><AGARI ba="0,0" hai="44,48,53,81,83,84,89,93,94,96,102" m="9311" machi="44" ten="30,2000,0" yaku="8,1,52,1" doraHai="13" who="3" fromWho="0" sc="250,-20,250,0,250,0,250,20" /><INIT seed="1,0,0,2,1,102" ten="230,250,250,270" oya="1" hai0="13,10,25,85,105,55,86,17,83,122,39,87,76" hai1="12,135,70,124,50,81,74,52,120,126,7,134,125" hai2="117,49,101,51,79,77,60,61,131,89,14,96,63" hai3="116,35,36,78,119,0,4,38,129,53,94,90,98"/><U1/><E1/><V31/><F117/><W108/><G108/><T69/><D39/><U15/><E120/><V54/><F131/><W104/><G129/><T128/><D128/><U88/><E70/><V100/><F31/><W103/><G35/><T21/><D69/><U64/><E64/><V97/><F89/><W72/><G4/><T24/><D122/><U3/><E3/><V42/><F14/><W95/><G0/><T32/><D32/><U112/><E112/><V59/><F42/><W8/><G8/><T75/><D105/><U46/><E7/><V18/><F18/><W20/><G20/><T30/><D25/><U113/><E113/><V56/><F63/><W58/><G94/><T107/><D107/><U41/><E41/><V115/><F115/><W109/><G109/><T37/><D37/><U44/><E44/><V2/><F2/><W66/><G66/><T27/><D27/><U130/><E130/><V92/><F92/><W99/><G78/><T33/><D33/><U5/><E5/><V132/><REACH who="2" step="1"/><F54/><REACH who="2" ten="230,250,240,270" step="2"/><W47/><G72/><T123/><D123/><U45/><E74/><V19/><F19/><W57/><G116/><T71/><D71/><U106/><E106/><V133/><AGARI ba="0,1" hai="49,51,56,59,60,61,77,79,96,97,100,101,132,133" machi="133" ten="25,6400,0" yaku="1,1,0,1,22,2,53,0" doraHai="102" doraHaiUra="65" who="2" fromWho="2" sc="230,-16,250,-32,240,74,270,-16" /><INIT seed="2,0,0,0,0,128" ten="214,218,314,254" oya="2" hai0="82,126,124,106,8,28,30,45,10,91,44,49,81" hai1="60,14,117,59,27,79,131,78,41,98,77,122,57" hai2="25,17,116,22,18,32,35,95,115,72,13,113,109" hai3="39,66,80,1,51,123,103,56,99,89,5,3,133"/><V121/><F72/><W102/><G123/><T55/><D106/><U16/><E131/><V61/><F61/><W9/><G39/><T129/><D129/><U65/><E117/><V97/><F95/><W68/><G68/><T64/><D64/><U37/><E37/><V33/><F97/><W24/><G3/><T127/><D44/><U104/><E41/><V107/><F107/><W63/><G133/><T132/><D132/><U53/><E27/><V47/><F47/><W105/><G102/><T111/><D111/><U92/><E104/><V90/><F90/><W96/><G96/><T40/><D40/><U62/><E122/><V46/><F46/><W11/><G11/><T74/><D82/><U120/><E120/><V21/><F121/><W130/><G130/><T108/><D108/><U71/><E71/><V112/><REACH who="2" step="1"/><F109/><REACH who="2" ten="214,218,304,254" step="2"/><W23/><G89/><T134/><D134/><U84/><E98/><V73/><F73/><W87/><G87/><N who="0" m="50671" /><D74/><U94/><E84/><V119/><AGARI ba="0,1" hai="13,17,18,21,22,25,32,33,35,112,113,115,116,119" machi="119" ten="40,18000,2" yaku="1,1,0,1,34,3,53,1" doraHai="128" doraHaiUra="20" who="2" fromWho="2" sc="214,-60,218,-60,304,190,254,-60" /><INIT seed="2,1,0,4,1,129" ten="154,158,494,194" oya="2" hai0="96,38,57,41,68,19,40,23,31,27,124,107,113" hai1="119,13,75,6,69,61,98,97,51,73,89,110,81" hai2="14,11,112,78,21,82,106,45,88,87,77,0,12" hai3="34,49,4,86,7,114,56,60,70,42,39,64,94"/><V100/><F112/><W122/><G122/><T135/><D113/><U17/><E119/><V79/><F0/><W80/><G34/><T58/><D68/><U85/><E110/><V32/><F32/><W20/><G114/><T123/><D123/><U83/><E6/><V52/><F106/><W131/><G131/><T71/><D71/><U115/><E51/><N who="2" m="28783" /><F100/><W5/><G94/><T18/><D124/><U15/><E69/><V101/><F101/><W37/><G20/><T36/><D107/><U8/><E61/><V22/><F14/><W127/><G127/><T91/><D96/><U16/><E115/><V44/><F44/><W30/><G30/><T46/><D91/><U128/><E128/><V67/><F67/><W26/><G26/><T50/><D135/><U103/><E103/><V130/><F130/><W24/><G24/><T93/><D93/><U62/><E62/><V25/><F25/><W48/><G49/><T74/><D74/><U117/><E117/><V133/><F133/><W2/><G2/><T1/><D1/><U10/><E75/><V116/><F116/><W120/><G120/><T28/><D46/><U53/><E53/><V95/><F95/><W108/><G108/><T84/><D84/><U3/><E3/><V109/><F109/><W54/><REACH who="3" step="1"/><G42/><REACH who="3" ten="154,158,494,184" step="2"/><T102/><D50/><U126/><E126/><V99/><F99/><W111/><G111/><T65/><D27/><U90/><E98/><V104/><F104/><W63/><G63/><T35/><D35/><U9/><E97/><V92/><F92/><W121/><G121/><T47/><D40/><RYUUKYOKU ba="1,1" sc="154,-15,158,-15,494,15,184,15" hai2="11,12,21,22,77,78,79,82,87,88" hai3="4,5,7,37,39,48,54,56,60,64,70,80,86" /><INIT seed="2,2,1,4,0,11" ten="139,143,509,199" oya="2" hai0="31,0,67,34,21,15,81,131,88,86,8,74,95" hai1="44,90,54,82,122,115,123,16,40,62,134,119,80" hai2="70,59,33,32,109,13,45,60,73,51,64,25,108" hai3="89,37,38,36,23,53,42,79,93,103,92,58,91"/><V107/><F73/><W55/><G79/><T9/><D131/><U135/><E115/><V78/><F78/><W7/><G7/><T111/><D111/><N who="2" m="42570" /><F107/><W116/><G116/><T20/><D67/><U26/><E119/><V84/><F25/><W6/><G6/><T117/><D117/><U28/><E90/><V101/><F101/><W48/><G103/><T128/><D128/><U17/><E82/><V127/><F127/><W3/><G3/><T57/><D0/><U52/><E80/><V110/><F84/><W77/><G77/><T124/><D124/><U132/><E62/><N who="2" m="40215" /><F13/><W43/><G23/><T71/><D71/><U118/><E118/><V4/><F4/><W1/><G1/><T85/><D74/><U75/><E75/><V2/><F2/><W5/><G5/><T133/><D133/><U12/><E12/><V100/><F100/><W120/><G120/><T105/><D105/><U14/><E14/><V112/><F112/><W106/><G106/><T130/><D130/><U29/><E123/><V30/><F30/><N who="1" m="11881" /><E122/><V61/><F110/><W114/><G114/><T96/><D34/><N who="2" m="13418" /><F59/><W126/><G126/><T46/><D57/><U87/><E87/><V94/><F94/><W129/><G129/><T72/><D72/><U39/><E26/><V18/><F18/><AGARI ba="2,1" hai="16,17,18,39,40,44,52,54,132,134,135" m="11881" machi="18" ten="40,5200,0" yaku="20,1,54,2" doraHai="11" who="1" fromWho="2" sc="139,0,143,68,509,-58,199,0" /><INIT seed="3,0,0,1,5,116" ten="139,211,451,199" oya="3" hai0="96,47,135,118,54,131,38,14,65,8,132,107,103" hai1="115,27,77,127,74,123,91,119,23,11,35,113,78" hai2="30,95,90,70,129,62,117,13,130,24,112,56,22" hai3="99,83,68,33,49,73,79,57,20,104,105,121,63"/><W85/><G33/><T48/><D118/><U122/><E35/><V17/><F112/><W124/><G124/><T125/><D125/><U128/><E127/><V82/><F70/><W10/><G68/><T55/><D131/><N who="2" m="50186" /><F82/><W67/><G121/><T43/><D65/><U50/><E50/><V114/><F114/><W102/><G10/><T15/><D15/><U40/><E40/><V64/><F117/><W52/><G20/><T44/><REACH who="0" step="1"/><D55/><REACH who="0" ten="129,211,451,199" step="2"/><U37/><E128/><V0/><F0/><W89/><G104/><T42/><D42/><U36/><E119/><V2/><F2/><W29/><G29/><T28/><D28/><U16/><E115/><V46/><F30/><W80/><REACH who="3" step="1"/><G67/><REACH who="3" ten="129,211,451,189" step="2"/><T71/><D71/><U34/><E113/><V3/><F64/><W111/><G111/><T6/><AGARI ba="0,2" hai="6,8,14,38,43,44,47,48,54,96,103,107,132,135" machi="6" ten="30,2000,0" yaku="1,1,0,1,53,0" doraHai="116" doraHaiUra="32" who="0" fromWho="0" sc="129,40,211,-5,451,-5,189,-10" /><INIT seed="4,0,0,1,5,15" ten="169,206,446,179" oya="0" hai0="41,123,127,66,107,75,130,134,116,124,117,11,84" hai1="63,83,5,112,25,126,72,102,33,80,53,32,114" hai2="48,59,36,132,73,35,7,100,122,78,71,40,13" hai3="34,81,118,49,42,90,93,62,2,38,120,29,22"/><T92/><D66/><U3/><E102/><V28/><F132/><W85/><G118/><N who="0" m="45675" /><D41/><U55/><E3/><V44/><F122/><W131/><G120/><T1/><D123/><U47/><E5/><V109/><F109/><W52/><G131/><T6/><D130/><U89/><E63/><V104/><F78/><W26/><G2/><T43/><D134/><U39/><E89/><V95/><F73/><W24/><G38/><T69/><D43/><U113/><E39/><V0/><F104/><W14/><G42/><T111/><D111/><U65/><E65/><V91/><F71/><W46/><G62/><T129/><D129/><U125/><E47/><V58/><F0/><W16/><G24/><T8/><D69/><U23/><E23/><V121/><F35/><N who="1" m="13385" /><E72/><V67/><F67/><W17/><G17/><T45/><D75/><U20/><E20/><V9/><F121/><W60/><G60/><T56/><D107/><U37/><E37/><V135/><F135/><W98/><G98/><T115/><D115/><U103/><E103/><V110/><F100/><W108/><G93/><T54/><D11/><U27/><E83/><V97/><F110/><W106/><G108/><T94/><D45/><U61/><E80/><V128/><F128/><W74/><G74/><T57/><D84/><U68/><E68/><V12/><F36/><W19/><G19/><T30/><D30/><U101/><E101/><V105/><F28/><W21/><G106/><T96/><D96/><U87/><E87/><V64/><F105/><W79/><G34/><T86/><D86/><U51/><E113/><RYUUKYOKU ba="0,0" sc="169,-10,206,-10,446,-10,179,30" hai3="14,16,21,22,26,29,46,49,52,79,81,85,90" /><INIT seed="5,1,0,3,3,52" ten="159,196,436,209" oya="1" hai0="76,0,67,87,135,131,91,9,59,116,110,83,108" hai1="18,42,6,130,12,20,7,133,58,13,54,102,15" hai2="103,11,56,72,74,111,40,64,53,3,104,31,92" hai3="24,117,101,19,126,113,10,127,29,36,66,118,128"/><U62/><E130/><V132/><F111/><W50/><G36/><T8/><D131/><U21/><E133/><V14/><F3/><W112/><G128/><T69/><D135/><U81/><E102/><V2/><F2/><W23/><G101/><T55/><D116/><N who="3" m="44649" /><G66/><T98/><D69/><U124/><E124/><N who="3" m="47658" /><G50/><T34/><D34/><U93/><E42/><V33/><F14/><AGARI ba="1,0" hai="10,14,19,23,24,29,112,113" m="47658,44649" machi="14" ten="40,8000,1" yaku="12,1,18,1,34,2" doraHai="52" who="3" fromWho="2" sc="159,0,196,0,436,-83,209,83" /><INIT seed="6,0,0,4,4,80" ten="159,196,353,292" oya="2" hai0="85,87,133,106,132,114,118,42,62,131,61,51,101" hai1="41,60,9,46,26,50,49,6,40,65,35,45,78" hai2="31,121,4,39,55,135,38,119,58,74,122,7,12" hai3="10,128,34,115,68,18,52,44,23,120,88,8,113"/><V107/><F107/><W19/><G120/><T47/><D131/><U83/><E35/><V112/><F31/><W48/><G128/><T125/><D114/><N who="3" m="43529" /><G68/><T77/><D77/><U92/><E92/><V102/><F119/><W24/><G34/><T100/><D118/><U32/><E32/><V43/><F135/><N who="0" m="51786" /><D125/><U91/><E91/><V63/><F74/><W116/><G116/><T2/><D2/><U93/><E93/><V109/><F39/><W134/><G134/><T25/><D25/><U64/><E26/><V33/><F38/><W97/><G19/><T75/><D75/><U111/><E60/><N who="0" m="23145" /><D106/><U79/><E79/><V73/><F73/><W124/><G124/><T11/><D11/><U20/><E20/><V104/><F104/><W76/><G76/><T15/><D15/><U99/><E99/><V110/><F12/><W86/><G97/><T72/><D72/><U90/><E90/><V126/><F112/><W130/><G130/><T95/><D95/><AGARI ba="0,0" hai="8,10,18,23,24,44,48,52,86,88,95" m="43529" machi="95" ten="30,8000,1" yaku="15,1,11,1,52,1,54,2" doraHai="80" who="3" fromWho="0" sc="159,-80,196,0,353,0,292,80" /><INIT seed="7,0,0,2,2,19" ten="79,196,353,372" oya="3" hai0="4,28,9,106,86,133,60,68,74,66,35,57,70" hai1="94,46,129,124,107,126,79,38,53,30,41,33,56" hai2="52,76,98,1,97,135,99,73,95,90,58,45,26" hai3="31,131,125,108,65,93,119,121,114,67,134,5,20"/><W2/><G121/><T122/><D122/><U11/><E107/><V62/><F1/><W78/><G119/><T89/><D133/><U88/><E79/><V112/><F135/><W49/><G134/><T102/><D74/><U115/><E33/><V3/><F3/><W15/><G2/><T27/><D106/><U130/><E30/><V101/><F112/><W37/><G37/><T96/><D102/><U29/><E29/><V50/><F26/><W8/><G114/><T18/><D96/><N who="1" m="57415" /><E11/><V59/><F59/><W72/><G108/><T55/><D18/><U118/><E118/><V103/><F76/><W104/><G104/><T63/><D63/><N who="1" m="36239" /><E115/><V51/><F73/><W84/><G72/><T6/><D66/><U17/><E17/><V71/><F71/><W44/><G131/><AGARI ba="0,0" hai="38,41,46,124,126,129,130,131" m="36239,57415" machi="131" ten="30,2000,0" yaku="19,1,54,1" doraHai="19" who="1" fromWho="3" sc="79,0,196,20,353,0,372,-20" owari="79,-42.0,216,-18.0,353,45.0,352,15.0" /></mjloggm>