<mjloggm ver="2.3"><GO type="41" lobby="0"/><UN n0="%E2%91%A3%E9%81%BF%E9%81%8A%E6%88%AF%E3%80%90%E6%9D%B1%E5%8D%97%E3%80%91" n1="%E2%93%9D%53%75%70%68%78" n2="%E7%99%BD%E7%99%BD%E7%99%BD%E7%99%BD" n3="%74%6F%63%68%69%6D" dan="14,17,15,13" rate="1987.61,2039.87,2004.20,1924.58" sx="M,M,M,M"/><TAIKYOKU oya="0"/><INIT seed="0,0,0,0,0,33" ten="250,250,250,250" oya="0" hai0="70,111,124,12,133,0,44,75,95,79,34,121,77" hai1="76,29,109,116,114,65,120,48,1,8,128,103,92" hai2="129,97,5,19,3,96,40,110,88,67,127,6,66" hai3="113,51,4,85,55,83,53,35,11,60,57,49,64"/><T68/><D68/><U84/><E116/><V119/><F119/><W47/><G35/><T59/><D70/><U87/><E120/><V82/><F110/><W56/><G113/><T108/><D75/><U7/><E128/><V32/><F127/><W122/><G122/><T105/><D105/><U28/><E65/><V15/><F32/><W17/><G17/><T45/><D34/><U13/><E109/><V107/><F40/><W36/><G36/><T135/><D121/><U43/><E1/><V90/><F19/><W93/><G93/><T78/><D0/><U132/><E132/><V39/><F3/><W130/><G130/><T131/><D124/><U52/><E43/><V117/><F15/><W10/><REACH who="3" step="1"/><G4/><REACH who="3" ten="250,250,250,240" step="2"/><T26/><D131/><U24/><E114/><V38/><F5/><W71/><G71/><T101/><D135/><U89/><E24/><V31/><F6/><W72/><G72/><T94/><D133/><U23/><E23/><V62/><F39/><W37/><G37/><T99/><D111/><U125/><E125/><V41/><F38/><W112/><G112/><T54/><D108/><U58/><E103/><V100/><F100/><W86/><G86/><T22/><D94/><U18/><E7/><V2/><F129/><W69/><G69/><T91/><D101/><U9/><E9/><V106/><F107/><W104/><G104/><T50/><REACH who="0" step="1"/><D12/><REACH who="0" ten="240,250,250,240" step="2"/><U81/><AGARI ba="0,2" hai="8,13,18,28,29,48,52,58,76,81,84,87,89,92" machi="81" ten="30,4000,0" yaku="0,1,8,1,54,1" doraHai="33" who="1" fromWho="1" sc="240,-20,250,60,250,-10,240,-10" /><INIT seed="1,0,0,5,5,63" ten="220,310,240,230" oya="1" hai0="122,76,34,19,110,16,104,134,35,81,119,70,60" hai1="43,66,20,83,22,23,48,42,25,86,32,47,93" hai2="124,52,54,92,116,85,6,94,128,102,9,57,71" hai3="127,58,1,30,38,3,17,121,101,29,90,27,82"/><U2/><E2/><V120/><F116/><W64/><G121/><T53/><D119/><U105/><E105/><V84/><F120/><W4/><G38/><T55/><D104/><U98/><E32/><V132/><F71/><W7/><G127/><T130/><D122/><U108/><E108/><V73/><F73/><W50/><G101/><T118/><D110/><U8/><E8/><V106/><F124/><W24/><G50/><T126/><D118/><U5/><E5/><N who="3" m="2122" /><G82/><T68/><D126/><U114/><E114/><V100/><F6/><W117/><G117/><T51/><D70/><U107/><E107/><V109/><F106/><W18/><G90/><T39/><D39/><U28/><E43/><V36/><F36/><W131/><G64/><T103/><D35/><U113/><E66/><V89/><F89/><W74/><G58/><T72/><D34/><U78/><REACH who="1" step="1"/><E113/><REACH who="1" ten="220,300,240,230" step="2"/><V95/><F9/><W31/><G74/><T88/><D130/><U10/><E10/><V115/><F128/><W12/><G131/><T75/><D75/><U79/><E79/><V96/><F115/><W111/><G111/><T26/><D72/><U37/><E37/><V59/><F109/><W15/><G3/><T62/><D68/><U99/><E99/><V97/><F92/><W44/><G1/><T49/><D76/><U40/><E40/><V61/><F61/><W87/><G87/><T41/><D62/><U13/><E13/><N who="3" m="5194" /><G44/><T33/><D60/><U69/><E69/><V91/><F91/><AGARI ba="0,1" hai="20,22,23,25,28,42,47,48,78,83,86,91,93,98" machi="91" ten="30,5800,0" yaku="1,1,7,1,8,1,53,0" doraHai="63" doraHaiUra="0" who="1" fromWho="2" sc="220,0,300,68,240,-58,230,0" /><INIT seed="1,1,0,2,5,122" ten="220,368,182,230" oya="1" hai0="74,132,102,112,40,135,73,35,68,89,63,58,117" hai1="11,50,48,56,23,15,25,37,60,5,26,16,88" hai2="30,24,130,19,17,62,57,123,106,46,6,87,22" hai3="18,110,92,45,119,8,4,129,115,81,114,113,3"/><U93/><E37/><V14/><F106/><W103/><G129/><T41/><D117/><U32/><E26/><V39/><F123/><W104/><G119/><T97/><D68/><U80/><E80/><V21/><F130/><W75/><G18/><T27/><D112/><U7/><E32/><V36/><F6/><W109/><G45/><T107/><D74/><U124/><E124/><V126/><F126/><W28/><G28/><T59/><D73/><U55/><E7/><V101/><F101/><W76/><G92/><T78/><D78/><U111/><E111/><V90/><F46/><W86/><G86/><AGARI ba="1,0" hai="5,11,15,16,23,25,48,50,55,56,60,86,88,93" machi="86" ten="30,11600,0" yaku="7,1,8,1,54,2" doraHai="122" who="1" fromWho="3" sc="220,0,368,119,182,0,230,-119" /><INIT seed="1,2,0,3,1,81" ten="220,487,182,111" oya="1" hai0="103,91,93,11,43,105,52,110,78,4,57,117,62" hai1="101,19,20,109,126,13,40,61,30,135,116,72,120" hai2="94,0,68,96,92,12,106,119,60,104,58,121,51" hai3="25,132,39,63,9,46,125,98,115,75,35,34,45"/><U24/><E116/><V28/><F0/><W77/><G115/><T95/><D117/><U133/><E120/><V65/><F119/><W31/><G125/><T36/><D105/><U88/><E72/><V66/><F121/><W76/><G132/><N who="1" m="50762" /><E40/><V100/><F12/><W41/><G35/><T48/><D36/><U79/><E79/><V16/><F16/><W22/><G46/><T6/><D78/><U80/><E101/><V2/><F2/><W3/><G98/><N who="0" m="59871" /><D11/><U123/><E109/><V10/><F10/><W86/><G63/><T67/><D43/><U74/><E74/><V97/><F28/><W33/><G75/><T37/><D37/><U111/><E111/><V14/><F14/><W114/><G114/><T42/><D42/><U89/><E126/><V47/><F66/><W102/><G102/><T108/><D110/><U21/><E123/><V56/><F106/><W84/><G77/><T122/><D122/><U38/><E38/><V129/><F104/><W127/><G127/><T99/><D108/><U90/><E61/><V87/><F100/><W55/><G55/><T71/><D71/><U113/><E113/><V107/><F107/><W124/><G124/><T54/><D67/><U131/><E131/><V118/><F129/><W134/><G134/><T130/><D130/><U27/><E13/><V59/><F118/><W128/><G128/><T69/><D69/><U17/><E30/><V73/><F73/><W85/><G76/><T64/><D64/><U29/><E29/><V112/><F112/><W32/><G32/><T44/><AGARI ba="2,0" hai="4,6,44,48,52,54,57,62,91,93,99" m="59871" machi="44" ten="30,2000,0" yaku="8,1,54,1" doraHai="81" who="0" fromWho="0" sc="220,26,487,-12,182,-7,111,-7" /><INIT seed="2,0,0,3,2,119" ten="246,475,175,104" oya="2" hai0="59,55,80,135,102,75,126,121,81,98,24,106,110" hai1="48,7,10,131,132,15,52,34,78,66,86,72,109" hai2="21,116,11,103,122,32,14,90,41,46,91,95,134" hai3="123,39,85,108,100,28,37,118,99,61,20,50,73"/><V23/><F32/><W76/><G118/><T17/><D110/><U42/><E131/><V45/><F116/><W63/><G108/><T2/><D2/><U5/><E132/><V112/><F112/><W70/><G73/><T104/><D104/><U51/><E66/><V111/><F111/><W97/><G70/><T96/><D135/><U16/><E72/><V101/><F134/><W18/><G28/><T67/><D75/><U8/><E34/><V117/><F117/><W88/><G76/><T0/><D0/><U33/><E33/><V62/><F62/><N who="3" m="23563" /><G123/><T64/><D96/><N who="3" m="36937" /><G39/><T77/><D77/><U128/><E128/><V57/><F57/><W125/><G37/><T25/><D121/><U113/><E113/><V69/><F69/><W89/><G125/><T93/><D106/><U60/><E42/><V127/><F41/><W1/><G1/><T30/><D30/><U44/><E60/><V4/><F127/><W49/><G100/><N who="2" m="38473" /><F122/><W92/><G89/><N who="2" m="33801" /><F95/><W36/><G36/><T114/><D114/><U56/><E109/><V29/><F29/><W9/><G9/><T31/><D31/><U105/><E10/><V120/><F120/><W79/><G79/><T74/><D74/><U53/><E105/><V27/><F27/><AGARI ba="0,0" hai="18,20,27,49,50,85,88,92" m="36937,23563" machi="27" ten="30,2000,0" yaku="8,1,54,1" doraHai="119" who="3" fromWho="2" sc="246,0,475,0,175,-20,104,20" /><INIT seed="3,0,0,0,4,114" ten="246,475,155,124" oya="3" hai0="48,94,102,69,32,99,53,108,67,123,20,122,9" hai1="4,16,84,66,56,41,128,34,12,22,24,33,134" hai2="54,76,104,98,68,21,115,80,49,101,58,77,42" hai3="132,127,10,47,82,25,103,133,61,105,73,38,40"/><W72/><G127/><T107/><D108/><U95/><E134/><N who="3" m="51818" /><G61/><T63/><D32/><U118/><E118/><V113/><F68/><W36/><G25/><T131/><D131/><U46/><E128/><V7/><F76/><N who="3" m="44295" /><G73/><T30/><D107/><U15/><E34/><V1/><F42/><N who="3" m="22983" /><G10/><T88/><D102/><U121/><E33/><V11/><F21/><W78/><G78/><T81/><D81/><U120/><E24/><V124/><REACH who="2" step="1"/><F124/><REACH who="2" ten="246,475,145,124" step="2"/><W90/><G90/><T79/><D20/><U35/><E35/><V28/><F28/><W27/><G27/><T135/><D30/><U117/><E22/><V85/><AGARI ba="0,1" hai="1,7,11,49,54,58,77,80,85,98,101,104,113,115" machi="85" ten="20,2700,0" yaku="1,1,0,1,7,1,53,0" doraHai="114" doraHaiUra="8" who="2" fromWho="2" sc="246,-7,475,-7,145,37,124,-13" /><INIT seed="4,0,0,3,2,94" ten="239,468,182,111" oya="0" hai0="109,61,36,134,60,98,76,32,9,83,56,23,47" hai1="81,124,0,133,126,70,66,3,100,112,58,22,26" hai2="93,40,24,125,130,43,108,34,123,127,80,19,88" hai3="92,71,35,122,42,17,13,111,20,91,72,96,78"/><T12/><D109/><U39/><E112/><V48/><F108/><W27/><G111/><T104/><D32/><U110/><E133/><V5/><F123/><W54/><G71/><T74/><D134/><U15/><E100/><V86/><F5/><W107/><G122/><T8/><D61/><U73/><E15/><V128/><F34/><W14/><G107/><T45/><D36/><U49/><E81/><V120/><F120/><W38/><G35/><T7/><D23/><U64/><E73/><V1/><F1/><W44/><G78/><T4/><D104/><U103/><E103/><V132/><F19/><W30/><G72/><T28/><D98/><U117/><E117/><V118/><F24/><W37/><G37/><T135/><D28/><U89/><E70/><V119/><F132/><W101/><G101/><T31/><D31/><U46/><E39/><V87/><F48/><W69/><G69/><T2/><REACH who="0" step="1"/><D135/><REACH who="0" ten="229,468,182,111" step="2"/><U65/><E22/><V53/><F119/><W51/><REACH who="3" step="1"/><G30/><REACH who="3" ten="229,468,182,101" step="2"/><T29/><D29/><U6/><E110/><V105/><F118/><W79/><G79/><T90/><D90/><U68/><E89/><V59/><F105/><W106/><G106/><T102/><D102/><U67/><E68/><V131/><F125/><W99/><G99/><T62/><D62/><U16/><E126/><V95/><F127/><W82/><G82/><T25/><D25/><U129/><E26/><V50/><F95/><W41/><G41/><T97/><D97/><U10/><E124/><V114/><F80/><W121/><G121/><T18/><D18/><U84/><E16/><RYUUKYOKU ba="0,2" sc="229,15,468,-15,182,-15,101,15" hai0="2,4,7,8,9,12,45,47,56,60,74,76,83" hai3="13,14,17,20,27,38,42,44,51,54,91,92,96" /><INIT seed="4,1,2,2,3,19" ten="244,453,167,116" oya="0" hai0="61,49,20,124,36,118,65,91,78,86,54,27,79" hai1="130,52,7,115,127,121,69,1,62,119,12,126,6" hai2="9,125,45,15,93,129,44,102,32,28,11,112,120" hai3="101,81,59,26,4,70,84,110,58,85,60,96,42"/><T133/><D118/><U21/><E130/><V17/><F129/><W122/><G110/><T29/><D36/><U2/><E115/><V23/><F120/><W74/><G122/><T41/><D41/><U123/><E119/><V67/><F112/><W5/><G42/><T57/><D133/><U13/><E62/><V30/><F67/><W40/><G40/><T113/><D124/><U24/><E24/><V66/><F66/><W88/><G74/><T73/><D73/><U71/><E21/><V75/><F75/><W108/><G108/><T34/><D34/><U39/><E52/><V106/><F106/><W103/><G70/><T37/><D37/><AGARI ba="1,2" hai="1,2,6,7,12,13,37,39,69,71,121,123,126,127" machi="37" ten="25,1600,0" yaku="22,2" doraHai="19" who="1" fromWho="0" sc="244,-19,453,39,167,0,116,0" /><INIT seed="5,0,0,2,1,97" ten="225,492,167,116" oya="1" hai0="18,76,77,81,90,46,70,89,33,61,131,67,86" hai1="65,108,43,5,9,113,31,130,132,23,100,7,66" hai2="28,58,37,13,26,118,119,42,82,57,17,80,55" hai3="11,117,84,38,110,56,59,25,107,0,49,15,125"/><U99/><E113/><V94/><F37/><W87/><G110/><T29/><D131/><U95/><E132/><V112/><F42/><W34/><G38/><T68/><D70/><U123/><E123/><V12/><F112/><W40/><G0/><T129/><D129/><U6/><E9/><V127/><F127/><W53/><G125/><T52/><D33/><U35/><E35/><V21/><F94/><W114/><G114/><T14/><D29/><U128/><E108/><V116/><F13/><W20/><G34/><T111/><D90/><U103/><E43/><V54/><F54/><N who="3" m="31823" /><G107/><T101/><D101/><N who="1" m="38987" /><E130/><V122/><F122/><W93/><G40/><T92/><D111/><U30/><E128/><V36/><F36/><W102/><G117/><T16/><D18/><U45/><E45/><V74/><F74/><W50/><G11/><N who="0" m="6239" /><D92/><U135/><E135/><V133/><F133/><W24/><G15/><T85/><D86/><N who="3" m="32809" /><G20/><T98/><D98/><AGARI ba="0,0" hai="24,25,50,53,59,93,98,102" m="32809,31823" machi="98" ten="30,2000,0" yaku="8,1,52,1" doraHai="97" who="3" fromWho="0" sc="225,-20,492,0,167,0,116,20" /><INIT seed="6,0,0,5,0,47" ten="205,492,167,136" oya="2" hai0="45,123,26,87,88,38,85,2,23,3,129,30,62" hai1="56,4,128,118,105,6,121,48,108,22,63,84,117" hai2="7,104,72,40,94,0,79,11,126,5,103,37,25" hai3="19,67,119,9,102,125,13,32,66,68,113,33,57"/><V20/><F126/><W99/><G119/><T59/><D123/><U124/><E108/><V106/><F7/><W86/><G125/><T107/><D87/><U92/><E128/><V93/><F94/><W81/><G68/><T114/><D107/><U131/><E48/><V96/><F40/><W71/><G71/><T46/><D129/><U95/><E121/><V12/><F37/><W31/><G113/><T132/><D114/><U133/><E133/><V83/><REACH who="2" step="1"/><F0/><REACH who="2" ten="205,492,157,136" step="2"/><W28/><G33/><T53/><D132/><U44/><E95/><V58/><F58/><W120/><G32/><T42/><D46/><U127/><E44/><V65/><F65/><W36/><G36/><T75/><D75/><U54/><E127/><V109/><F109/><W78/><G120/><T18/><D30/><AGARI ba="0,1" hai="5,11,12,20,25,30,72,79,83,93,96,103,104,106" machi="30" ten="30,5800,0" yaku="1,1,7,1,53,1" doraHai="47" doraHaiUra="1" who="2" fromWho="0" sc="205,-58,492,0,157,68,136,0" /><INIT seed="6,1,0,1,1,84" ten="147,492,225,136" oya="2" hai0="125,49,64,122,27,33,98,100,68,93,37,34,43" hai1="56,123,46,54,2,82,14,74,7,41,94,66,101" hai2="85,29,133,60,117,39,91,69,12,65,42,50,70" hai3="108,10,47,130,8,23,89,72,128,112,26,67,97"/><V132/><F29/><W92/><G108/><T78/><D122/><U0/><E66/><V104/><F104/><W121/><G121/><T127/><D37/><U106/><E94/><V81/><F117/><W119/><G119/><T21/><D78/><U120/><E14/><V11/><F39/><W90/><G72/><T131/><D131/><N who="3" m="50217" /><G112/><T113/><D113/><U57/><E7/><V53/><F42/><W9/><G67/><T109/><D109/><U102/><E82/><V22/><F22/><W103/><G47/><N who="0" m="25855" /><D64/><U31/><E46/><N who="2" m="27863" /><F70/><W3/><G3/><T88/><D100/><U71/><E2/><V95/><F95/><W114/><G114/><T124/><D68/><U32/><E0/><V99/><F99/><W129/><N who="3" m="50225" /><W15/><DORA hai="59" /><G15/><T17/><AGARI ba="1,0" hai="17,21,27,33,34,88,93,98,124,125,127" m="25855" machi="17" ten="30,4000,0" yaku="18,1,52,1,54,1" doraHai="84,59" who="0" fromWho="0" sc="147,43,492,-11,225,-21,136,-11" /><INIT seed="7,0,0,3,2,68" ten="190,481,204,125" oya="3" hai0="45,125,4,44,110,111,129,75,134,35,2,99,12" hai1="93,86,51,133,11,131,27,19,104,24,32,33,52" hai2="14,9,40,59,65,81,57,38,102,109,1,74,120" hai3="62,117,97,91,58,26,115,96,21,60,101,71,82"/><W130/><G117/><T0/><D75/><U121/><E131/><V76/><F109/><W64/><G130/><T132/><D129/><U15/><E133/><V72/><F120/><W54/><G115/><T6/><D35/><U124/><E124/><V78/><F102/><W42/><G42/><T61/><D125/><U73/><E104/><V55/><F65/><W49/><G62/><T63/><D99/><U119/><E27/><V106/><F106/><W36/><G36/><T98/><D98/><U118/><E24/><V83/><F55/><W100/><G82/><T123/><D12/><U7/><E19/><V84/><F84/><W113/><G113/><T43/><D43/><U88/><E121/><AGARI ba="0,0" hai="0,2,4,6,44,45,61,63,110,111,121,123,132,134" machi="121" ten="25,1600,0" yaku="22,2" doraHai="68" who="0" fromWho="1" sc="190,16,481,-16,204,0,125,0" owari="206,1.0,465,56.0,204,-20.0,125,-37.0" /></mjloggm>