<mjloggm ver="2.3"><GO type="41" lobby="0"/><UN n0="%E2%93%9D%53%75%70%68%78" n1="%E3%83%92%E3%83%A8%E3%83%83%E3%81%B4%E3%83%BC%E2%88%9E" n2="%62%6C%6F%77%69%6E" n3="%E3%81%9F%E3%81%9F%E3%81%8B%E3%81%86%E4%B8%AD%E5%8D%92" dan="18,13,15,15" rate="2143.02,1903.40,1957.18,1992.01" sx="M,M,M,M"/><TAIKYOKU oya="0"/><INIT seed="0,0,0,4,1,28" ten="250,250,250,250" oya="0" hai0="74,80,76,127,125,14,27,62,68,84,41,19,30" hai1="47,126,79,134,45,105,73,26,58,54,113,55,123" hai2="60,15,13,82,65,63,121,44,77,32,49,99,133" hai3="69,66,36,5,131,114,29,3,78,94,102,110,128"/><T95/><D41/><U103/><E123/><V56/><F121/><W57/><G36/><T85/><D68/><U124/><E134/><V38/><F133/><W25/><G114/><T9/><D62/><U75/><E26/><V111/><F38/><W116/><G78/><T52/><D95/><U34/><E113/><V40/><F111/><W81/><G81/><T42/><D42/><U67/><E67/><V83/><F32/><N who="3" m="20527" /><G69/><T70/><D70/><U96/><E79/><V86/><F99/><N who="3" m="59767" /><G5/><T108/><D108/><U7/><E7/><V107/><F107/><W51/><G110/><T101/><D101/><U21/><E21/><V17/><F17/><W39/><G39/><T122/><D122/><U98/><E103/><V18/><F18/><W46/><G116/><T11/><D11/><U8/><E8/><V16/><F15/><W43/><G57/><T135/><D135/><U10/><E10/><N who="2" m="6199" /><F83/><W12/><G12/><T132/><D132/><U120/><E120/><V130/><F130/><N who="3" m="49707" /><G66/><T31/><D31/><U88/><E58/><V89/><F60/><W50/><G50/><T20/><D74/><U119/><E119/><V6/><F6/><W0/><AGARI ba="0,0" hai="0,3,43,46,51" m="49707,59767,20527" machi="0" ten="30,2000,0" yaku="19,1,52,1" doraHai="28" who="3" fromWho="3" sc="250,-10,250,-5,250,-5,250,20" /><INIT seed="1,0,0,4,3,56" ten="240,245,245,270" oya="1" hai0="25,61,35,92,95,93,17,53,98,20,16,106,55" hai1="131,31,105,37,33,21,116,111,60,109,8,96,59" hai2="40,6,90,27,84,7,87,48,83,122,5,103,79" hai3="132,72,117,68,88,29,1,26,130,135,126,118,128"/><U2/><E116/><N who="3" m="44650" /><G68/><T77/><D35/><U97/><E37/><V19/><F122/><W78/><G78/><T82/><D17/><U22/><E33/><V101/><F40/><W36/><G36/><T51/><D106/><U70/><E70/><V67/><F48/><W115/><G72/><T89/><D55/><U50/><E50/><V129/><F129/><N who="3" m="49771" /><G1/><T18/><D18/><U30/><E131/><V43/><F43/><W63/><G63/><T102/><D102/><U124/><E124/><V107/><F107/><W47/><G47/><T12/><D12/><U100/><E97/><V73/><F67/><W44/><G44/><T94/><D51/><U119/><E119/><V52/><F52/><W80/><G115/><T134/><D134/><N who="3" m="51241" /><G80/><T75/><D53/><N who="1" m="33903" /><E31/><V58/><F58/><W110/><G110/><N who="1" m="41994" /><E30/><V38/><F38/><W23/><G88/><T74/><D61/><U91/><E91/><V46/><F46/><W13/><G13/><T32/><REACH who="0" step="1"/><D32/><REACH who="0" ten="230,245,245,270" step="2"/><U39/><E39/><V120/><F27/><W125/><AGARI ba="0,1" hai="23,26,29,125,126" m="51241,49771,44650" machi="125" ten="40,12000,2" yaku="30,2,12,1,19,1,20,1,34,2" doraHai="56" who="3" fromWho="3" sc="230,-30,245,-60,245,-30,270,130" /><INIT seed="2,0,0,1,5,72" ten="200,185,215,400" oya="2" hai0="87,100,116,98,110,1,89,31,134,71,126,121,23" hai1="133,73,12,37,60,29,85,119,64,61,125,36,101" hai2="11,7,120,27,84,88,97,45,80,129,104,47,25" hai3="75,105,49,92,117,96,108,26,10,50,48,33,53"/><V0/><F120/><W6/><G117/><T56/><D1/><U106/><E61/><V28/><F129/><W99/><G75/><T9/><D71/><U132/><E85/><V66/><F66/><W42/><G42/><T102/><D110/><U91/><E91/><V40/><F28/><W107/><G108/><T77/><D134/><U18/><E18/><V62/><F62/><W109/><G109/><T113/><D126/><U63/><E63/><V112/><F112/><W43/><G43/><T82/><D9/><U46/><E12/><V55/><F55/><W41/><G41/><T81/><D116/><U123/><E46/><V118/><F118/><W76/><G26/><T124/><D124/><U65/><E65/><V4/><F7/><W69/><G33/><T13/><D121/><U83/><E29/><V24/><REACH who="2" step="1"/><F40/><REACH who="2" ten="200,185,205,400" step="2"/><W22/><G53/><T30/><D30/><U58/><E123/><V17/><F17/><W128/><G6/><T2/><D31/><U67/><E119/><V122/><F122/><W114/><G114/><T78/><D113/><U70/><E67/><V16/><F16/><W44/><G128/><T5/><D5/><U8/><E125/><V21/><F21/><W127/><G22/><T74/><D23/><U19/><E19/><V59/><F59/><W86/><G69/><T111/><D111/><U57/><E57/><V130/><F130/><W93/><G127/><T35/><D56/><U54/><E58/><V38/><F38/><N who="1" m="14953" /><E54/><V20/><F20/><W39/><G39/><T135/><D35/><U79/><E8/><V32/><F32/><RYUUKYOKU ba="0,1" sc="200,-15,185,15,205,15,400,-15" hai1="60,64,70,73,79,83,101,106,132,133" hai2="0,4,11,24,25,27,45,47,80,84,88,97,104" /><INIT seed="2,1,1,2,4,26" ten="185,200,220,385" oya="2" hai0="53,0,50,128,64,14,10,130,25,114,80,13,66" hai1="7,57,124,4,74,113,90,116,15,20,40,115,56" hai2="2,65,63,17,129,127,85,135,105,12,94,43,60" hai3="68,42,28,31,133,109,117,73,102,118,27,107,48"/><V82/><F105/><W123/><G123/><T87/><D0/><U36/><E116/><V98/><F2/><W70/><G73/><T75/><D75/><U89/><E74/><V122/><F122/><W112/><G117/><T134/><D114/><U84/><E84/><V91/><F135/><W93/><G118/><T67/><D25/><U78/><E20/><N who="2" m="11303" /><F127/><W38/><G38/><T18/><D14/><U46/><E15/><V35/><F35/><W52/><G109/><T126/><D134/><U5/><E78/><N who="2" m="46295" /><F129/><W24/><G133/><T120/><D126/><U97/><E124/><V6/><F6/><W92/><G112/><T32/><D32/><U58/><E113/><V51/><F65/><W1/><G1/><T86/><D120/><U72/><E72/><V44/><AGARI ba="1,1" hai="43,44,51,60,63,91,94,98" m="46295,11303" machi="44" ten="30,1500,0" yaku="8,1" doraHai="26" who="2" fromWho="2" sc="185,-6,200,-6,220,28,385,-6" /><INIT seed="2,2,0,5,5,52" ten="179,194,248,379" oya="2" hai0="56,26,68,127,48,54,5,123,85,86,13,135,74" hai1="90,7,47,2,22,61,131,122,134,31,118,76,72" hai2="132,83,102,116,63,84,67,129,93,107,75,82,80" hai3="46,57,92,14,106,108,115,55,30,36,6,89,20"/><V64/><F116/><W60/><G108/><T34/><D123/><U43/><E131/><V42/><F129/><W96/><G106/><T126/><D74/><U11/><E134/><V91/><F132/><W88/><G115/><T40/><D68/><U87/><E122/><V105/><F42/><W97/><G36/><T39/><D135/><U104/><E104/><N who="2" m="40011" /><F63/><W28/><G46/><N who="0" m="23839" /><D13/><U50/><E31/><V77/><F64/><W73/><G73/><T27/><D5/><U128/><E22/><V95/><F67/><W112/><G112/><T16/><D27/><U44/><E128/><V124/><F124/><N who="0" m="47658" /><D34/><U21/><E21/><AGARI ba="2,0" hai="16,21,26,48,54,56,85,86" m="47658,23839" machi="21" ten="30,3900,0" yaku="18,1,52,1,54,1" doraHai="52" who="0" fromWho="1" sc="179,45,194,-45,248,0,379,0" /><INIT seed="3,0,0,1,1,27" ten="224,149,248,379" oya="3" hai0="14,95,74,6,26,132,59,130,99,40,76,28,105" hai1="19,88,80,89,37,30,1,56,108,24,91,67,110" hai2="22,83,92,62,79,78,122,11,128,82,31,96,107" hai3="115,77,9,57,7,133,129,118,49,35,33,8,5"/><W109/><G115/><T120/><D120/><U39/><E1/><V25/><F122/><W44/><G118/><T52/><D105/><U21/><E80/><N who="2" m="30763" /><F107/><W17/><G133/><T87/><D130/><U106/><E106/><V117/><F117/><W55/><G129/><T98/><D40/><U134/><E134/><V16/><F128/><W42/><G17/><T58/><D58/><U4/><E4/><V71/><F71/><W32/><G109/><N who="1" m="42090" /><E67/><V2/><F2/><W119/><G119/><T85/><D74/><U121/><E121/><V23/><F62/><W97/><G97/><T116/><D99/><U100/><E100/><N who="2" m="60423" /><F11/><W66/><G66/><T61/><D76/><U63/><E63/><V72/><F72/><W81/><G9/><N who="0" m="4407" /><D132/><U3/><E3/><V46/><F46/><W53/><G53/><T123/><D123/><U13/><E56/><V112/><F112/><W50/><REACH who="3" step="1"/><G8/><AGARI ba="0,0" hai="8,13,19,21,24,30,37,39,88,89,91" m="42090" machi="8" ten="30,3900,0" yaku="14,1,52,1,54,1" doraHai="27" who="1" fromWho="3" sc="224,0,149,39,248,0,379,-39" /><INIT seed="4,0,0,3,0,48" ten="224,188,248,340" oya="0" hai0="135,72,58,40,126,10,45,128,80,125,56,71,12" hai1="120,127,23,108,121,81,47,52,68,60,124,14,1" hai2="6,43,42,90,46,70,24,118,39,63,55,105,132" hai3="91,62,133,98,9,2,106,18,30,86,130,74,44"/><T84/><D72/><U3/><E108/><V25/><F105/><W33/><G74/><T76/><D71/><U131/><E68/><V95/><F132/><W92/><G130/><T111/><D135/><U51/><E131/><V97/><F118/><W123/><G133/><T77/><D77/><U38/><E38/><V22/><F43/><W114/><G114/><T103/><D103/><U0/><E81/><V93/><F6/><W115/><G115/><T82/><D82/><U11/><E23/><V67/><F22/><W101/><G44/><T57/><D128/><U5/><REACH who="1" step="1"/><E60/><REACH who="1" ten="224,178,248,340" step="2"/><V37/><F37/><W109/><G62/><T104/><D111/><U96/><E96/><V88/><REACH who="2" step="1"/><F55/><REACH who="2" ten="224,178,238,340" step="2"/><W28/><G109/><T110/><D110/><U27/><E27/><V13/><F13/><W73/><G123/><AGARI ba="0,2" hai="0,1,3,5,11,14,47,51,52,120,121,123,124,127" machi="123" ten="50,6400,0" yaku="1,1,52,1,54,1,53,0" doraHai="48" doraHaiUra="99" who="1" fromWho="3" sc="224,0,178,84,238,0,340,-64" /><INIT seed="5,0,0,3,3,117" ten="224,262,238,276" oya="1" hai0="134,66,39,123,86,130,2,101,64,116,111,25,90" hai1="13,19,62,68,28,23,1,60,17,79,0,119,87" hai2="112,30,72,124,15,55,49,56,24,6,67,70,127" hai3="7,85,100,83,126,41,84,48,103,31,131,42,109"/><U12/><E119/><V91/><F72/><W115/><G109/><T69/><D116/><U57/><E68/><V20/><F112/><W82/><G115/><T88/><D111/><U52/><E28/><V65/><F91/><W92/><G31/><T61/><D2/><U99/><E99/><V5/><F70/><W58/><G126/><N who="2" m="48169" /><F15/><W22/><G22/><T54/><D39/><U77/><E62/><V96/><F96/><W47/><G7/><AGARI ba="0,0" hai="5,6,7,20,24,30,49,55,56,65,67" m="48169" machi="7" ten="30,1000,0" yaku="18,1" doraHai="117" who="2" fromWho="3" sc="224,0,262,0,238,10,276,-10" /><INIT seed="6,0,0,1,4,34" ten="224,262,248,266" oya="2" hai0="70,54,50,13,30,52,69,102,87,100,128,22,12" hai1="16,64,28,56,29,46,123,61,60,80,14,134,122" hai2="125,53,2,8,6,11,45,67,0,76,19,92,129" hai3="48,31,17,79,86,119,39,49,121,27,3,44,107"/><V26/><F129/><W21/><G121/><T38/><D38/><U9/><E134/><V135/><F135/><W90/><G107/><T42/><D128/><U82/><E46/><V105/><F105/><W124/><G124/><T93/><D42/><U57/><E123/><V78/><F125/><W75/><G119/><T18/><D30/><U95/><E95/><V133/><F133/><W83/><G39/><T33/><D33/><U99/><E99/><V132/><F132/><W74/><G74/><T126/><D126/><U84/><E122/><V77/><F67/><W41/><G48/><T130/><D130/><U94/><E94/><V47/><F92/><W106/><G106/><T120/><D120/><U32/><E32/><V24/><F53/><W110/><G110/><T115/><D115/><U1/><E1/><N who="2" m="619" /><F19/><W37/><G3/><T108/><D108/><U98/><E98/><V55/><F55/><W5/><G5/><T96/><D54/><U113/><E113/><V62/><F62/><W23/><G37/><T91/><D96/><U51/><E51/><V36/><F6/><W81/><REACH who="3" step="1"/><G23/><REACH who="3" ten="224,262,248,256" step="2"/><T58/><REACH who="0" step="1"/><D13/><REACH who="0" ten="214,262,248,256" step="2"/><U114/><E114/><V104/><F36/><W68/><G68/><AGARI ba="0,2" hai="12,18,22,50,52,58,68,69,70,87,91,93,100,102" machi="68" ten="40,12000,2" yaku="1,1,2,1,25,2,54,1,53,1" doraHai="34" doraHaiUra="88" who="0" fromWho="3" sc="214,140,262,0,248,0,256,-120" /><INIT seed="7,0,0,5,1,43" ten="354,262,248,136" oya="3" hai0="35,129,134,102,38,30,31,131,126,63,108,90,84" hai1="54,119,52,113,61,22,101,40,73,8,133,111,99" hai2="13,130,71,26,132,28,135,64,50,92,56,118,37" hai3="41,107,83,80,77,7,46,69,12,104,45,20,11"/><W6/><G69/><T75/><D126/><U70/><E111/><V86/><F37/><W27/><G104/><T23/><D134/><U115/><E73/><V10/><F118/><W65/><G65/><T2/><D2/><U94/><E119/><V17/><F130/><N who="0" m="49674" /><D35/><U67/><E133/><V57/><F71/><W93/><G107/><T100/><D108/><U105/><E8/><V121/><F121/><W127/><G127/><T48/><D48/><U78/><E78/><V72/><F72/><W114/><G114/><T36/><D63/><U44/><E22/><V74/><F74/><W29/><G41/><T87/><D87/><U0/><E0/><V124/><F124/><W98/><G7/><T117/><D23/><U33/><E33/><V19/><F135/><W55/><G55/><T47/><D75/><U88/><E101/><N who="0" m="39017" /><D117/><U34/><E34/><V97/><F86/><N who="3" m="48399" /><G83/><N who="0" m="49439" /><D38/><N who="1" m="21527" /><E105/><V16/><F132/><W96/><G93/><T32/><D32/><U14/><E14/><V24/><F50/><W60/><G60/><T3/><D3/><U123/><E123/><V112/><F112/><AGARI ba="0,0" hai="52,54,61,67,70,88,94,99,112,113,115" m="21527" machi="112" ten="30,7700,0" yaku="15,1,52,1,54,2" doraHai="43" who="1" fromWho="2" sc="354,0,262,77,248,-77,136,0" owari="354,45.0,339,14.0,171,-23.0,136,-36.0" /></mjloggm>