<mjloggm ver="2.3"><GO type="41" lobby="0"/><UN n0="%E2%93%9D%53%75%70%68%78" n1="%E3%81%91%E3%82%8C%E3%81%91%E3%82%8C" n2="%E3%81%A1%E3%81%8B%E5%AD%90" n3="%E3%81%BE%E3%81%95%E3%81%B2%E3%82%8D%33%33%33" dan="18,13,14,14" rate="2163.15,1850.86,1906.79,1975.96" sx="M,M,M,M"/><TAIKYOKU oya="0"/><INIT seed="0,0,0,1,1,89" ten="250,250,250,250" oya="0" hai0="109,73,102,117,14,32,46,135,5,52,101,115,69" hai1="2,40,131,98,10,72,129,93,55,76,43,82,23" hai2="22,124,134,29,95,65,108,67,94,58,27,68,125" hai3="66,90,54,126,38,11,92,20,53,106,39,16,86"/><T107/><D115/><U70/><E70/><V130/><F108/><W60/><G106/><T83/><D117/><U15/><E23/><V74/><F74/><W85/><G126/><N who="2" m="48745" /><F134/><W13/><G39/><T25/><D69/><U120/><E2/><V0/><F0/><W118/><G38/><T110/><D107/><U97/><E97/><V42/><F130/><N who="1" m="49673" /><E55/><V30/><F42/><W3/><G118/><T116/><D116/><U37/><E37/><V24/><F68/><W133/><G133/><T21/><D32/><U132/><E120/><V50/><F67/><W112/><G112/><T88/><D73/><U56/><E56/><V44/><F44/><W64/><G85/><N who="0" m="50239" /><D135/><U63/><E63/><N who="2" m="38135" /><F50/><W105/><G105/><T111/><D46/><U12/><E132/><V127/><N who="2" m="48753" /><V121/><DORA hai="9" /><F121/><W45/><G45/><T128/><D128/><U49/><E49/><V75/><F75/><W80/><G64/><T96/><D52/><N who="3" m="20073" /><G66/><T51/><D51/><U114/><E114/><V81/><F81/><W99/><G60/><T33/><D111/><U31/><E40/><V1/><F1/><W77/><G3/><T84/><D110/><U71/><E71/><V47/><F47/><W119/><G119/><T19/><D109/><U7/><E43/><V59/><F59/><W8/><AGARI ba="0,0" hai="8,11,13,16,20,77,80,86,90,92,99" m="20073" machi="8" ten="30,8000,1" yaku="8,1,52,2,54,2" doraHai="89,9" who="3" fromWho="3" sc="250,-40,250,-20,250,-20,250,80" /><INIT seed="1,0,0,5,3,86" ten="210,230,230,330" oya="1" hai0="132,134,21,110,69,65,52,66,34,81,1,115,82" hai1="124,42,102,75,107,49,38,91,44,24,10,61,125" hai2="76,53,22,117,112,121,108,2,16,104,32,68,9" hai3="103,62,97,90,113,135,50,123,79,56,85,7,92"/><U93/><E75/><V78/><F53/><W72/><G123/><T63/><D34/><U14/><E107/><V114/><F76/><W73/><G113/><N who="2" m="43625" /><F78/><W95/><G135/><N who="0" m="51755" /><D1/><U11/><E102/><V41/><F108/><W6/><G50/><T118/><D115/><U40/><E61/><V80/><F80/><W74/><REACH who="3" step="1"/><G79/><REACH who="3" ten="210,230,230,320" step="2"/><T33/><D110/><U119/><E49/><V57/><F121/><W111/><G111/><T4/><D118/><U54/><E119/><V58/><F117/><W43/><G43/><T27/><D63/><U87/><E40/><V120/><F41/><W84/><G84/><T109/><D109/><U25/><E87/><V18/><F120/><W60/><G60/><T3/><D66/><AGARI ba="0,1" hai="6,7,56,62,66,72,73,74,85,90,92,95,97,103" machi="66" ten="40,2600,0" yaku="1,1,52,1,53,0" doraHai="86" doraHaiUra="29" who="3" fromWho="0" sc="210,-26,230,0,230,0,320,36" /><INIT seed="2,0,0,1,4,10" ten="184,230,230,356" oya="2" hai0="77,125,3,30,91,60,84,64,78,69,97,45,61" hai1="67,79,39,25,96,108,22,41,48,131,36,102,35" hai2="132,122,14,20,59,50,26,23,104,63,115,111,85" hai3="73,37,46,54,55,43,66,98,103,93,71,31,117"/><V133/><F104/><W8/><G117/><T9/><D125/><U16/><E108/><V49/><F122/><W110/><G110/><T7/><D30/><U62/><E131/><V52/><F115/><W0/><G31/><T11/><D97/><U38/><E35/><V135/><F111/><W56/><G73/><T105/><D105/><U57/><E79/><V116/><F116/><W17/><G0/><T89/><D45/><U76/><E76/><V81/><F23/><W94/><G94/><T47/><D47/><U124/><E48/><V101/><F101/><W72/><G72/><T65/><D91/><U74/><E74/><V128/><F128/><W70/><G66/><T2/><D89/><U130/><E130/><V87/><F85/><W118/><G118/><T127/><D127/><U75/><E75/><V6/><F26/><W123/><G123/><T113/><D84/><U86/><E86/><V32/><F32/><W33/><G33/><T19/><D113/><U106/><REACH who="1" step="1"/><E41/><REACH who="1" ten="184,220,230,356" step="2"/><V100/><F100/><W107/><G43/><T119/><D119/><U88/><E88/><N who="2" m="51311" /><F20/><W80/><G37/><T53/><D78/><U15/><E15/><V1/><F1/><W58/><G8/><AGARI ba="0,1" hai="6,8,14,49,50,52,59,63,132,133,135" m="51311" machi="8" ten="30,11600,0" yaku="20,1,52,1,54,2" doraHai="10" who="2" fromWho="3" sc="184,0,220,0,230,126,356,-116" /><INIT seed="2,1,0,4,4,122" ten="184,220,356,240" oya="2" hai0="111,14,75,39,102,44,77,85,17,27,50,108,119" hai1="32,28,12,70,34,47,99,5,65,116,104,98,48" hai2="68,7,97,110,106,87,134,95,78,36,89,63,90" hai3="93,103,133,21,125,96,123,30,131,55,6,59,94"/><V13/><F36/><W45/><G123/><T107/><D39/><U58/><E116/><V92/><F68/><W72/><G72/><T26/><D75/><U84/><E70/><V52/><F134/><W18/><G133/><T127/><D127/><U112/><E104/><V64/><F106/><W24/><G125/><T120/><D120/><U126/><E112/><V20/><F110/><N who="0" m="42026" /><D119/><U15/><E84/><V115/><F78/><W29/><G131/><T19/><D102/><U42/><E98/><V1/><F1/><W82/><G82/><N who="0" m="47311" /><D107/><U10/><E126/><V41/><F41/><W38/><G6/><T46/><D46/><U57/><E42/><V113/><F115/><W81/><G81/><T61/><D61/><U8/><E47/><V67/><F113/><W100/><G45/><T114/><D114/><U117/><E5/><V2/><F7/><W25/><G38/><T80/><D80/><U124/><E117/><V128/><F2/><W91/><G93/><T0/><D0/><U51/><E124/><V71/><F128/><W43/><G43/><N who="0" m="24863" /><D19/><U56/><E51/><V31/><F95/><W83/><G83/><T60/><D60/><U88/><E48/><V130/><F130/><W121/><G121/><T35/><D35/><U53/><E32/><V54/><F63/><N who="3" m="36351" /><G30/><T23/><AGARI ba="1,0" hai="14,17,23,26,27" m="24863,47311,42026" machi="23" ten="30,7900,0" yaku="14,1,52,3" doraHai="122" who="0" fromWho="0" sc="184,82,220,-21,356,-40,240,-21" /><INIT seed="3,0,0,0,3,41" ten="266,199,316,219" oya="3" hai0="115,36,104,67,47,75,28,107,97,128,116,91,31" hai1="119,84,70,51,102,14,24,29,22,19,117,125,87" hai2="33,79,32,30,100,52,48,38,26,114,1,108,85" hai3="20,35,112,39,81,74,59,76,105,6,86,109,129"/><W43/><G112/><T13/><D75/><U110/><E70/><V7/><F108/><W99/><G35/><T82/><D67/><U12/><E12/><V88/><F114/><W73/><G109/><T77/><D128/><U15/><E15/><V55/><F38/><W69/><G69/><T16/><D116/><N who="1" m="44619" /><E110/><V132/><F100/><W54/><G129/><T44/><D36/><U66/><E66/><V11/><F33/><W10/><G20/><T103/><D107/><U72/><E72/><V42/><F132/><W9/><G9/><T127/><D127/><U62/><E62/><V3/><F79/><W27/><G27/><T2/><D2/><U46/><E102/><V106/><F106/><W135/><G135/><T65/><D65/><U34/><E125/><V101/><F101/><W93/><G105/><T90/><D115/><U80/><E80/><V121/><F121/><W57/><G43/><AGARI ba="0,0" hai="14,19,22,24,29,34,43,46,51,84,87" m="44619" machi="43" ten="30,2000,0" yaku="12,1,52,1" doraHai="41" who="1" fromWho="3" sc="266,0,199,20,316,0,219,-20" /><INIT seed="4,0,0,1,3,55" ten="266,219,316,199" oya="0" hai0="76,116,59,130,101,46,34,15,32,131,60,82,69" hai1="51,0,48,11,9,110,44,47,91,41,13,77,62" hai2="83,104,37,73,105,23,81,63,22,84,102,109,39" hai3="90,100,33,38,106,43,121,2,127,52,108,103,4"/><T6/><D69/><U93/><E110/><V5/><F109/><W3/><G121/><T70/><D70/><U88/><E77/><V30/><F5/><W99/><G108/><T95/><D46/><U115/><E115/><V68/><F22/><W31/><G127/><T42/><D42/><U49/><E62/><V14/><F14/><W113/><G113/><T7/><D116/><U66/><E66/><V133/><F23/><W35/><G103/><T21/><D95/><U89/><E0/><V58/><F30/><W71/><G71/><T27/><D101/><U111/><E111/><V132/><F68/><W114/><G114/><T64/><D34/><U120/><E120/><V78/><F37/><W80/><G43/><T54/><D64/><U87/><E51/><V85/><F39/><W72/><G38/><T94/><D94/><U112/><E11/><V129/><F58/><W75/><G3/><T124/><D32/><U45/><E45/><V65/><F63/><W134/><G33/><T122/><D124/><U56/><E56/><V18/><F65/><W107/><G107/><T12/><D122/><U20/><E20/><V16/><F102/><W128/><G128/><N who="0" m="49195" /><D15/><U96/><E96/><V25/><F129/><W125/><G125/><T98/><D98/><U74/><E74/><V28/><F73/><W8/><G75/><N who="0" m="43295" /><D12/><U29/><E29/><AGARI ba="0,0" hai="6,7,21,27,29,54,59,60" m="43295,49195" machi="29" ten="30,2900,0" yaku="19,1,52,1" doraHai="55" who="0" fromWho="1" sc="266,29,219,-29,316,0,199,0" /><INIT seed="4,1,0,4,3,132" ten="295,190,316,199" oya="0" hai0="48,128,113,11,116,86,70,16,127,104,18,117,9" hai1="84,53,122,30,60,12,32,15,0,98,44,28,7" hai2="23,66,24,40,17,101,57,59,106,4,112,91,94" hai3="74,99,21,124,82,107,19,80,50,114,39,31,45"/><T42/><D104/><U58/><E122/><V34/><F112/><W33/><G114/><T111/><D113/><U67/><E0/><V95/><F34/><W71/><G71/><T135/><D70/><U130/><E130/><V119/><F40/><W79/><G80/><T26/><D86/><U105/><E7/><V2/><F119/><W55/><G39/><T125/><D48/><U52/><E32/><V83/><F106/><W87/><G33/><T100/><D100/><U78/><E105/><V64/><F101/><W90/><G31/><N who="1" m="11818" /><E98/><V22/><F4/><W36/><G36/><T27/><D42/><U85/><E85/><N who="2" m="50623" /><F2/><W13/><G107/><T41/><D41/><U61/><E61/><N who="2" m="37935" /><F22/><W96/><REACH who="3" step="1"/><G124/><REACH who="3" ten="295,190,316,189" step="2"/><T68/><D68/><U115/><E115/><V46/><F46/><W25/><G25/><T8/><D27/><U81/><E44/><V103/><F94/><W126/><G126/><T92/><D92/><U38/><E38/><V93/><F95/><W56/><G56/><T1/><D127/><U47/><E47/><V97/><F59/><W69/><G69/><T14/><D125/><U133/><E133/><V75/><F93/><W43/><G43/><T20/><D135/><U63/><E63/><V72/><F103/><W65/><G65/><T89/><D117/><U118/><E118/><V54/><F66/><W109/><G109/><T123/><D111/><U49/><E49/><V6/><F24/><W51/><G51/><T110/><D110/><U77/><E77/><V134/><F134/><W62/><G62/><T5/><D116/><U76/><E76/><RYUUKYOKU ba="1,1" sc="295,-15,190,15,316,-15,189,15" hai1="12,15,52,53,58,60,67,78,81,84" hai3="13,19,21,45,50,55,74,79,82,87,90,96,99" /><INIT seed="5,2,1,4,4,87" ten="280,205,301,204" oya="1" hai0="36,28,9,32,47,10,48,125,22,93,31,79,57" hai1="19,62,45,69,29,24,130,80,83,134,111,23,52" hai2="55,75,109,66,84,13,38,120,15,128,74,72,5" hai3="43,6,90,100,88,68,39,4,50,91,122,12,126"/><U133/><E130/><V81/><F109/><W132/><G68/><T21/><D36/><U46/><E111/><V49/><F128/><W59/><G122/><T7/><D79/><U129/><E129/><V67/><F120/><W27/><G126/><T131/><D32/><U119/><E119/><V112/><F112/><W117/><G117/><T104/><D104/><U16/><E19/><V20/><F38/><W118/><G118/><T56/><D93/><U61/><E69/><V113/><F113/><W18/><G100/><T135/><D135/><N who="1" m="51723" /><E83/><V115/><F115/><W34/><G39/><T8/><D7/><U99/><E80/><V54/><F55/><N who="3" m="32247" /><G34/><T110/><D125/><U123/><E123/><V33/><F33/><W17/><G43/><N who="0" m="24703" /><D131/><U51/><E45/><N who="2" m="27951" /><F72/><W85/><G132/><T70/><D70/><U107/><E29/><N who="0" m="11337" /><D110/><U37/><E37/><V95/><F74/><W2/><G2/><T101/><D101/><AGARI ba="2,1" hai="16,23,24,46,51,52,61,62,99,101,107" m="51723" machi="101" ten="30,5800,0" yaku="20,1,54,2" doraHai="87" who="1" fromWho="0" sc="280,-64,205,74,301,0,204,0" /><INIT seed="5,3,0,3,2,72" ten="216,279,301,204" oya="1" hai0="17,121,100,134,6,88,83,94,38,109,97,93,35" hai1="123,116,85,133,56,18,60,19,79,61,95,104,42" hai2="33,126,76,113,10,31,40,75,90,71,117,131,106" hai3="108,39,73,12,59,101,127,44,99,30,120,115,26"/><U7/><E104/><V28/><F90/><W110/><G120/><T67/><D109/><U80/><E116/><V24/><F40/><W15/><G127/><T21/><D35/><U82/><E133/><V0/><F126/><W48/><G73/><T34/><D34/><U27/><E123/><V51/><F51/><W1/><G1/><T135/><D38/><U63/><E56/><V84/><F31/><W114/><G59/><T78/><D6/><U13/><E7/><V68/><F84/><W118/><G39/><T46/><D67/><U98/><E42/><V112/><F131/><W91/><G91/><T107/><D46/><U132/><E132/><N who="0" m="50729" /><D121/><U50/><E50/><V66/><F106/><W16/><G118/><T111/><D111/><U23/><E82/><N who="2" m="45343" /><F117/><W105/><G108/><T128/><D128/><U92/><REACH who="1" step="1"/><E98/><REACH who="1" ten="216,269,301,204" step="2"/><V53/><F71/><W74/><G110/><T89/><D107/><U4/><E4/><N who="2" m="1287" /><F53/><W22/><G74/><N who="0" m="43479" /><D94/><U102/><E102/><V65/><F65/><W14/><REACH who="3" step="1"/><G30/><REACH who="3" ten="216,269,301,194" step="2"/><T8/><D93/><U129/><E129/><V36/><F36/><W3/><G3/><T52/><D97/><U57/><E57/><V20/><F68/><W11/><G11/><AGARI ba="3,2" hai="11,13,18,19,23,27,60,61,63,79,80,85,92,95" machi="11" ten="40,7700,0" yaku="1,1,8,1,52,1,53,0" doraHai="72" doraHaiUra="43" who="1" fromWho="3" sc="216,0,269,106,301,0,194,-86" /><INIT seed="5,4,0,2,5,30" ten="216,375,301,108" oya="1" hai0="119,49,38,73,68,9,122,21,102,13,14,77,107" hai1="92,65,114,78,28,93,105,89,112,44,64,45,42" hai2="7,83,130,2,27,108,43,76,51,135,15,118,8" hai3="99,131,48,61,17,29,109,90,58,110,3,25,59"/><U96/><E105/><V120/><F108/><W66/><G3/><T31/><D119/><U32/><E78/><V46/><F135/><W1/><G1/><T87/><D38/><U55/><E55/><V26/><F130/><W134/><G134/><T86/><D68/><U53/><E53/><V72/><F120/><W63/><G131/><T101/><D73/><U126/><E126/><V95/><F118/><W62/><G17/><T18/><D107/><U19/><E19/><V133/><F133/><W0/><G0/><T125/><D125/><U20/><E20/><V10/><F95/><W39/><G39/><T70/><D70/><U117/><E89/><V132/><F132/><W52/><G109/><T106/><D106/><U12/><E12/><V56/><F56/><W88/><G110/><T16/><D122/><U24/><E42/><V84/><F72/><W79/><G79/><T6/><D31/><U81/><E28/><V74/><F74/><W94/><REACH who="3" step="1"/><G90/><REACH who="3" ten="216,375,301,98" step="2"/><T97/><D77/><U34/><E117/><V57/><REACH who="2" step="1"/><F57/><REACH who="2" ten="216,375,291,98" step="2"/><W54/><G54/><T127/><D127/><U47/><E65/><V98/><F98/><W129/><G129/><T40/><D97/><U23/><E96/><V41/><F41/><W116/><G116/><T67/><D67/><U37/><E64/><V124/><F124/><W111/><G111/><T71/><D71/><U60/><E47/><V128/><F128/><W113/><G113/><T4/><D40/><U22/><E45/><V11/><F11/><W100/><G100/><T123/><D123/><U121/><E121/><V85/><F85/><RYUUKYOKU ba="4,2" sc="216,-15,375,-15,291,15,98,15" hai2="2,7,8,10,15,26,27,43,46,51,76,83,84" hai3="25,29,48,52,58,59,61,62,63,66,88,94,99" /><INIT seed="6,5,2,0,1,68" ten="201,360,306,113" oya="2" hai0="44,48,35,66,76,134,20,135,15,106,54,78,130" hai1="72,91,33,98,18,32,110,19,71,61,26,96,73" hai2="40,28,3,95,120,30,131,92,9,25,124,83,52" hai3="58,90,128,125,79,62,84,22,53,99,36,63,12"/><V105/><F120/><W34/><G34/><T23/><D35/><U11/><E91/><V50/><F105/><W121/><G121/><T41/><D106/><U80/><E26/><V13/><F124/><W119/><G119/><T101/><D101/><U47/><E47/><V88/><F40/><W7/><G125/><T60/><D130/><U115/><E11/><V122/><F131/><W113/><G128/><T55/><D78/><U107/><E80/><V93/><F3/><W118/><G118/><T69/><D76/><U70/><E61/><V127/><F127/><W82/><G36/><T14/><D23/><U1/><E107/><V27/><F122/><W109/><G109/><T117/><D117/><U43/><E43/><V8/><F9/><N who="3" m="4159" /><G22/><T89/><D89/><U112/><E1/><V2/><F2/><W116/><G116/><T129/><D129/><U94/><E94/><V108/><F108/><AGARI ba="5,2" hai="18,19,32,33,70,71,72,73,96,98,108,110,112,115" machi="108" ten="25,1600,0" yaku="22,2" doraHai="68" who="1" fromWho="2" sc="201,0,360,51,306,-31,113,0" /><INIT seed="7,0,0,1,4,58" ten="201,411,275,113" oya="3" hai0="24,66,127,113,9,68,100,11,67,83,2,39,27" hai1="15,116,57,0,115,120,107,23,117,90,34,44,122" hai2="64,33,25,94,82,19,7,62,42,84,108,92,38" hai3="35,18,3,13,80,73,51,79,125,8,95,98,10"/><W81/><G125/><T91/><D39/><U21/><E0/><V77/><F108/><W132/><G132/><T28/><D100/><U59/><E34/><V49/><F38/><W5/><G35/><T48/><D48/><U55/><E44/><V22/><F33/><W30/><G30/><T26/><D113/><U36/><E90/><V104/><F104/><W76/><G51/><T70/><D2/><U109/><E55/><V45/><F7/><W119/><G119/><T74/><D74/><U43/><E15/><V65/><F65/><N who="0" m="24586" /><D83/><U46/><E57/><AGARI ba="0,0" hai="19,22,25,42,45,49,57,62,64,77,82,84,92,94" machi="57" ten="30,3900,0" yaku="7,1,8,1,52,1" doraHai="58" who="2" fromWho="1" sc="201,0,411,-39,275,39,113,0" owari="201,-20.0,372,48.0,314,11.0,113,-39.0" /></mjloggm>