<mjloggm ver="2.3"><GO type="41" lobby="0"/><UN n0="%E3%83%88%E3%82%A4%E3%83%AC%E8%A1%8C%E3%81%A3%E3%81%9F%E3%81%8B%EF%BC%9F" n1="%E2%93%9D%53%75%70%68%78" n2="%54%61%61" n3="%E8%99%B9%E8%89%B2%E3%81%B1%E3%82%93%E3%81%A4" dan="15,17,15,13" rate="1969.42,2069.30,2018.06,1902.65" sx="M,M,M,F"/><TAIKYOKU oya="0"/><INIT seed="0,0,0,3,2,90" ten="250,250,250,250" oya="0" hai0="15,134,17,31,76,85,89,110,37,86,10,18,58" hai1="49,24,130,82,80,115,27,5,133,129,13,109,69" hai2="77,111,121,28,60,87,126,102,64,105,34,52,116" hai3="99,72,57,59,81,21,45,122,46,94,41,84,16"/><T38/><D31/><U4/><E69/><V26/><F121/><W118/><G72/><T70/><D70/><U44/><E109/><V8/><F111/><W104/><G104/><T42/><D110/><U62/><E62/><V1/><F126/><W123/><G118/><T75/><D134/><U132/><E49/><V12/><F1/><W96/><G96/><T120/><D120/><N who="3" m="46121" /><G84/><T6/><D75/><U11/><E44/><N who="3" m="17002" /><G81/><T68/><D68/><U33/><E82/><V131/><F131/><N who="1" m="50185" /><E80/><V78/><F87/><W36/><G36/><T113/><D85/><U2/><E115/><V93/><F116/><W107/><G107/><T51/><D113/><U79/><E79/><V7/><F52/><W71/><G71/><T92/><D76/><U97/><E97/><V20/><F34/><W54/><G54/><N who="0" m="32095" /><D37/><U95/><E33/><V125/><F105/><W50/><G50/><T127/><D127/><U74/><E74/><V83/><F125/><W108/><G41/><T32/><D32/><U135/><E95/><V101/><F83/><W124/><G124/><T61/><D61/><U22/><E5/><V43/><F43/><W67/><G67/><T39/><D39/><U106/><E106/><V40/><F40/><W30/><G108/><T47/><D38/><U9/><E9/><V14/><F101/><N who="3" m="60663" /><G30/><T128/><D128/><U112/><E112/><V25/><F102/><W114/><G114/><T63/><D63/><U0/><E24/><AGARI ba="0,0" hai="16,21,24,57,59" m="60663,17002,46121" machi="24" ten="30,3900,0" yaku="13,1,52,1,54,1" doraHai="90" who="3" fromWho="1" sc="250,0,250,-39,250,0,250,39" /><INIT seed="1,0,0,4,3,109" ten="250,211,250,289" oya="1" hai0="108,128,114,132,102,40,23,119,28,96,36,29,62" hai1="12,104,56,131,93,58,106,86,92,5,122,120,116" hai2="127,49,85,126,13,46,110,88,61,117,2,41,35" hai3="89,123,54,30,11,7,75,130,111,38,135,22,55"/><U27/><E12/><V24/><F2/><W21/><G123/><T91/><D119/><U16/><E86/><V83/><F117/><W31/><G38/><T84/><D108/><U25/><E116/><V125/><F110/><W33/><G75/><T8/><D36/><U9/><E9/><V105/><F105/><W44/><G111/><T115/><D40/><U90/><E90/><V72/><F72/><W129/><G89/><T53/><D8/><U78/><E78/><V4/><F61/><W70/><G70/><T73/><D73/><U118/><E118/><V99/><F99/><W82/><G82/><T80/><D128/><N who="3" m="49257" /><G44/><T67/><D53/><N who="3" m="19977" /><G135/><T68/><D132/><U37/><E37/><V39/><F39/><W134/><G134/><T0/><D0/><U98/><E131/><V59/><F59/><W20/><G33/><T121/><D121/><U101/><E98/><V50/><F50/><W87/><G87/><T107/><REACH who="0" step="1"/><D23/><REACH who="0" ten="240,211,250,289" step="2"/><U64/><E122/><V3/><F3/><AGARI ba="0,1" hai="3,7,11,20,21,22,30,31" m="19977,49257" machi="3" ten="30,1000,0" yaku="19,1" doraHai="109" who="3" fromWho="2" sc="240,0,211,0,250,-10,289,20" /><INIT seed="2,0,0,1,4,67" ten="240,211,240,309" oya="2" hai0="31,77,88,114,26,75,19,104,76,9,21,87,72" hai1="74,3,10,38,7,16,116,113,70,124,61,0,80" hai2="28,13,103,79,14,6,60,90,1,105,94,125,8" hai3="20,85,49,30,50,42,44,2,34,25,23,68,56"/><V115/><F115/><W99/><G2/><T27/><D114/><U59/><E113/><V110/><F125/><W24/><G85/><T71/><D104/><U120/><E116/><V37/><F37/><W91/><G68/><T69/><D9/><U5/><E124/><V43/><F43/><W53/><G91/><T126/><D126/><U130/><E130/><V122/><F122/><W32/><G99/><T33/><D75/><U35/><E35/><V102/><F79/><W73/><REACH who="3" step="1"/><G73/><REACH who="3" ten="240,211,240,299" step="2"/><T22/><D33/><U101/><E3/><V95/><F110/><W12/><G12/><T29/><D76/><U54/><E0/><V66/><F1/><W84/><G84/><T15/><D15/><U78/><E70/><V100/><F14/><W108/><G108/><T92/><REACH who="0" step="1"/><D19/><AGARI ba="0,1" hai="19,20,23,24,25,30,32,34,42,44,49,50,53,56" machi="19" ten="30,2000,0" yaku="1,1,7,1,53,0" doraHai="67" doraHaiUra="82" who="3" fromWho="0" sc="240,-20,211,0,240,0,299,30" /><INIT seed="3,0,0,1,5,53" ten="220,211,240,329" oya="3" hai0="77,58,132,16,72,39,80,81,44,98,7,69,70" hai1="51,102,83,97,85,104,35,26,111,124,99,116,17" hai2="10,32,36,21,123,60,33,42,18,135,93,2,48" hai3="113,122,118,23,120,9,71,12,27,65,89,109,43"/><W117/><G43/><T50/><D132/><U24/><E111/><V84/><F36/><W106/><G106/><T52/><D7/><U56/><E124/><V3/><F135/><W14/><G89/><T47/><D81/><U126/><E126/><V134/><F123/><N who="3" m="47147" /><G65/><T130/><D130/><U28/><E116/><N who="3" m="44650" /><G71/><T131/><D131/><U67/><E97/><V19/><F60/><W90/><G90/><T29/><D29/><U82/><E85/><V22/><F42/><W96/><G96/><T6/><D6/><U88/><E88/><V74/><F48/><W125/><G125/><T133/><D133/><U62/><REACH who="1" step="1"/><E51/><REACH who="1" ten="220,201,240,329" step="2"/><V68/><F84/><W34/><G109/><T8/><D98/><U31/><E31/><V103/><F134/><W95/><G113/><T75/><D75/><U114/><E114/><V45/><F74/><W20/><G95/><T1/><D72/><U55/><E55/><V46/><F93/><W128/><G128/><T76/><D39/><U57/><E57/><V108/><F108/><W115/><G115/><T49/><D69/><U87/><E87/><V0/><F68/><W64/><G64/><T92/><D70/><U121/><E121/><V13/><F103/><W78/><G78/><T91/><D77/><U66/><E66/><V110/><F110/><W5/><G12/><N who="0" m="7175" /><D49/><U11/><E11/><V94/><F94/><W79/><G79/><T129/><D129/><U107/><E107/><V73/><F73/><W63/><G63/><T59/><D50/><U41/><E41/><V105/><F105/><W101/><G101/><T86/><D76/><RYUUKYOKU ba="0,1" sc="220,-15,201,15,240,-15,329,15" hai1="17,24,26,28,35,56,62,67,82,83,99,102,104" hai3="5,9,14,20,23,27,34" /><INIT seed="3,1,1,4,3,72" ten="205,216,225,344" oya="3" hai0="20,22,2,34,41,28,64,129,101,15,42,127,116" hai1="93,65,111,84,70,12,74,37,82,80,44,121,77" hai2="35,103,59,3,26,55,108,122,107,13,29,132,106" hai3="10,5,120,73,36,27,123,25,71,54,60,50,48"/><W67/><G73/><T32/><D2/><U21/><E121/><V66/><F122/><W7/><G36/><T92/><D116/><U118/><E111/><V81/><F3/><W6/><G48/><T56/><D129/><U31/><E93/><V8/><F108/><W17/><G25/><N who="0" m="16423" /><D34/><U58/><E70/><V79/><F66/><W14/><REACH who="3" step="1"/><G27/><REACH who="3" ten="205,216,225,334" step="2"/><T49/><D49/><U1/><E37/><V89/><F132/><W117/><G117/><T98/><D32/><U124/><E118/><V78/><F103/><W23/><G23/><T0/><D22/><U69/><E21/><V85/><F106/><W33/><G33/><T95/><D101/><U86/><E74/><V63/><REACH who="2" step="1"/><F107/><REACH who="2" ten="205,216,215,334" step="2"/><W91/><G91/><T46/><D0/><U83/><E1/><V45/><F45/><AGARI ba="1,3" hai="5,6,7,10,14,17,45,50,54,60,67,71,120,123" machi="45" ten="40,2000,0" yaku="1,1,53,0" doraHai="72" doraHaiUra="110" who="3" fromWho="2" sc="205,0,216,0,215,-23,334,53" /><INIT seed="3,2,0,3,3,37" ten="205,216,192,387" oya="3" hai0="128,110,133,131,49,106,93,114,76,104,29,87,90" hai1="31,38,45,10,21,105,43,94,107,18,125,119,22" hai2="34,72,101,70,20,63,12,75,8,52,68,132,16" hai3="115,83,82,11,30,1,41,42,92,127,46,55,56"/><W4/><G115/><T78/><D29/><U66/><E125/><V28/><F132/><W57/><G127/><T130/><D49/><U109/><E109/><V51/><F101/><W26/><G92/><T79/><D110/><U50/><E119/><V71/><F63/><W85/><G46/><T65/><D65/><U35/><E35/><V7/><F28/><W96/><G96/><T33/><D33/><U13/><E66/><V118/><F34/><W100/><G100/><T95/><D133/><U81/><E94/><V60/><F60/><W99/><G99/><T126/><D126/><U88/><E38/><V67/><F67/><W61/><G57/><T32/><D32/><U77/><E88/><V2/><REACH who="2" step="1"/><F118/><REACH who="2" ten="205,216,182,387" step="2"/><W111/><G111/><T24/><D114/><U122/><E31/><V102/><F102/><W54/><G54/><T0/><D0/><U98/><E122/><V135/><F135/><W116/><G116/><T89/><REACH who="0" step="1"/><D24/><REACH who="0" ten="195,216,182,387" step="2"/><U47/><E105/><V86/><F86/><AGARI ba="2,2" hai="76,78,79,86,87,89,90,93,95,104,106,128,130,131" machi="86" ten="50,12000,2" yaku="1,1,2,1,9,1,19,1,34,3,53,0" doraHai="37" doraHaiUra="27" who="0" fromWho="2" sc="195,146,216,0,182,-126,387,0" /><INIT seed="4,0,0,5,1,127" ten="341,216,56,387" oya="0" hai0="99,134,48,91,59,85,53,7,17,47,18,66,36" hai1="26,2,116,49,97,44,13,74,128,58,132,38,118" hai2="111,90,133,15,27,19,25,80,77,122,50,52,102" hai3="62,93,135,72,110,124,28,83,126,78,115,23,42"/><T35/><D35/><U56/><E2/><V79/><F111/><W46/><G110/><T33/><D33/><U12/><E74/><V86/><F133/><W51/><G115/><T100/><D7/><U4/><E38/><V54/><F122/><W11/><G135/><T14/><D134/><U107/><E132/><V101/><F54/><W125/><G93/><T32/><D32/><U60/><E26/><V1/><F1/><W40/><G62/><T75/><D75/><U29/><E29/><V106/><F27/><N who="3" m="16511" /><G11/><T130/><D36/><U24/><E24/><V16/><F106/><W9/><G9/><N who="0" m="6351" /><D18/><U41/><E4/><V10/><F25/><W76/><G76/><T123/><D123/><U82/><E116/><V98/><F19/><W89/><G89/><T37/><D37/><U109/><E118/><V57/><REACH who="2" step="1"/><F101/><REACH who="2" ten="341,216,46,387" step="2"/><W65/><G65/><T21/><D66/><U64/><E64/><V31/><F31/><W43/><AGARI ba="0,1" hai="40,42,43,46,51,72,78,83,124,125,126" m="16511" machi="43" ten="40,1500,0" yaku="18,1" doraHai="127" who="3" fromWho="3" sc="341,-7,216,-4,46,-4,387,25" /><INIT seed="5,0,0,1,2,51" ten="334,212,42,412" oya="1" hai0="76,104,100,131,34,70,98,32,115,30,91,86,81" hai1="19,87,129,2,124,107,118,65,12,45,48,37,60" hai2="31,102,93,120,7,25,58,56,20,41,50,36,77" hai3="40,128,73,9,35,108,22,33,123,62,14,116,16"/><U101/><E118/><V54/><F120/><W26/><G108/><T82/><D70/><U13/><E2/><V29/><F77/><W57/><G73/><T39/><D39/><U49/><E124/><V110/><F110/><W105/><G105/><T10/><D10/><U85/><E37/><V38/><F29/><W42/><G123/><T127/><D127/><U111/><E129/><V68/><F7/><W92/><G128/><T88/><D131/><U112/><E112/><V79/><F68/><W18/><G116/><T134/><D115/><U1/><E1/><V80/><F41/><W130/><G130/><T24/><D134/><U96/><E48/><V43/><F43/><W89/><G33/><T72/><D91/><U66/><E12/><V121/><F121/><W69/><G69/><T90/><D90/><U53/><E111/><V106/><F106/><W11/><G35/><AGARI ba="0,0" hai="24,30,32,34,35,72,76,81,82,86,88,98,100,104" machi="35" ten="30,2000,0" yaku="7,1,54,1" doraHai="51" who="0" fromWho="3" sc="334,20,212,0,42,0,412,-20" /><INIT seed="6,0,0,1,0,124" ten="354,212,42,392" oya="2" hai0="48,78,96,60,41,21,66,47,74,30,125,18,56" hai1="81,129,126,88,46,16,38,107,87,108,105,82,8" hai2="73,32,40,106,13,84,35,122,111,100,36,37,15" hai3="54,110,67,19,113,115,28,104,90,45,55,85,17"/><V42/><F73/><W25/><G104/><T134/><D134/><U62/><E108/><V116/><F106/><W72/><G110/><T130/><D125/><U20/><E126/><V97/><F111/><W69/><G67/><T57/><D96/><U118/><E118/><V33/><F116/><W0/><G69/><T58/><D30/><U79/><E129/><V9/><F84/><W119/><G119/><T6/><D6/><U31/><E31/><V11/><F97/><W89/><G0/><T10/><D10/><U65/><E46/><V95/><F95/><W77/><G77/><T43/><D43/><U117/><E38/><V29/><F29/><W92/><G90/><T50/><D50/><U52/><E8/><V133/><F33/><W91/><G91/><T103/><D103/><U59/><E65/><V22/><F22/><N who="3" m="15415" /><G45/><T4/><D4/><U93/><E117/><V71/><F71/><W112/><G72/><T114/><D114/><U2/><E2/><V121/><REACH who="2" step="1"/><F100/><REACH who="2" ten="354,212,32,392" step="2"/><W75/><G75/><T24/><D74/><U51/><E107/><V44/><F44/><W98/><G85/><T39/><D78/><U76/><E105/><V131/><F131/><W70/><G70/><N who="0" m="42311" /><D130/><U80/><E79/><V127/><F127/><W99/><G98/><T63/><D47/><U34/><E34/><V12/><F12/><W7/><G99/><T86/><D86/><N who="1" m="52375" /><E76/><V135/><AGARI ba="0,1" hai="9,11,13,15,32,35,36,37,40,42,121,122,133,135" machi="135" ten="25,9600,0" yaku="1,1,0,1,22,2,53,0" doraHai="124" doraHaiUra="53" who="2" fromWho="2" sc="354,-32,212,-32,32,106,392,-32" /><INIT seed="6,1,0,0,5,29" ten="322,180,138,360" oya="2" hai0="81,42,133,37,11,103,75,10,41,49,57,6,62" hai1="116,130,36,134,119,79,94,104,108,58,31,2,124" hai2="14,43,92,21,9,118,33,61,30,55,24,63,34" hai3="74,48,70,60,132,113,95,47,17,40,27,123,32"/><V128/><F118/><W73/><G123/><T3/><D133/><U111/><E2/><V51/><F43/><W0/><G0/><T20/><D103/><U13/><E36/><V129/><F92/><W89/><G132/><T84/><D10/><U39/><E39/><V76/><F76/><W8/><G113/><T77/><D20/><U65/><E134/><V86/><F86/><W83/><G83/><T68/><D68/><U115/><E104/><V97/><F97/><W99/><G8/><T52/><D37/><U88/><E79/><V101/><F101/><W80/><G80/><T38/><D38/><U4/><E115/><V120/><F120/><W1/><G1/><T85/><D85/><U64/><E116/><V106/><F106/><W16/><G73/><T126/><D126/><U114/><E124/><V78/><F78/><W25/><G74/><T50/><D75/><U110/><E119/><V122/><F122/><W98/><G99/><T131/><D131/><N who="2" m="50250" /><F61/><W82/><G82/><T53/><REACH who="0" step="1"/><D62/><REACH who="0" ten="312,180,138,360" step="2"/><U125/><E130/><V54/><F63/><W91/><G60/><T66/><D66/><U45/><E125/><V19/><F55/><W59/><G70/><T5/><D5/><U72/><E72/><V26/><F26/><W127/><G25/><T121/><D121/><U18/><E114/><V87/><F87/><W93/><G127/><T46/><AGARI ba="1,1" hai="3,6,11,41,42,46,49,50,52,53,57,77,81,84" machi="46" ten="20,12000,2" yaku="1,1,0,1,7,1,54,1,53,2" doraHai="29" doraHaiUra="44" who="0" fromWho="0" sc="312,133,180,-31,138,-61,360,-31" /><INIT seed="7,0,0,2,5,52" ten="445,149,77,329" oya="3" hai0="83,100,46,73,114,72,126,43,125,49,132,27,5" hai1="109,89,111,9,93,103,66,2,44,80,96,77,35" hai2="107,18,33,102,0,54,40,71,20,115,48,117,1" hai3="113,129,11,135,57,108,14,123,118,8,24,51,22"/><W21/><G123/><T47/><D132/><U81/><E35/><V85/><F117/><W53/><G135/><T59/><D114/><U37/><E66/><V97/><F115/><W101/><G118/><T106/><D5/><U30/><E30/><V82/><F33/><W119/><G119/><T105/><D27/><U65/><E65/><V38/><F71/><W31/><G113/><T60/><D46/><U10/><E80/><V55/><F38/><W134/><G134/><T19/><D19/><U42/><E9/><V15/><F55/><W84/><G129/><T56/><D56/><U127/><E127/><N who="0" m="48649" /><D100/><U16/><E103/><V28/><F40/><W122/><G122/><T34/><D34/><U63/><E16/><V95/><F107/><N who="0" m="40970" /><D83/><U58/><E81/><V116/><F116/><W92/><G108/><T91/><D91/><U130/><E89/><V99/><F99/><N who="3" m="59623" /><G84/><T112/><D112/><U25/><E109/><V70/><F70/><W120/><G120/><T79/><D79/><U61/><E77/><V68/><F68/><W64/><G64/><AGARI ba="0,0" hai="43,47,49,59,60,64,72,73" m="40970,48649" machi="64" ten="30,2000,0" yaku="18,1,52,1" doraHai="52" who="0" fromWho="3" sc="445,20,149,0,77,0,329,-20" owari="465,56.0,149,-25.0,77,-42.0,309,11.0" /></mjloggm>