<mjloggm ver="2.3"><GO type="41" lobby="0"/><UN n0="%6B%69%6D%63%68%6F%77" n1="%E3%81%AF%E3%81%BE%E3%83%81%E3%83%A3%E3%83%B3" n2="%E4%B8%8E%E7%A5%9E%E3%81%B2%E3%82%88" n3="%E2%93%9D%53%75%70%68%78" dan="14,14,15,18" rate="1822.60,1906.84,1993.12,2093.83" sx="M,M,F,M"/><TAIKYOKU oya="0"/><INIT seed="0,0,0,0,1,132" ten="250,250,250,250" oya="0" hai0="84,99,120,44,92,95,12,14,63,106,91,61,1" hai1="15,117,134,5,43,51,126,98,26,113,4,115,116" hai2="83,70,97,25,47,17,49,54,67,37,69,82,118" hai3="135,119,41,123,59,104,42,130,85,35,93,77,27"/><T65/><D120/><U72/><E72/><V2/><F2/><W108/><G119/><N who="1" m="45642" /><E51/><V58/><F118/><W0/><G130/><T73/><D1/><U64/><E98/><V128/><F128/><W111/><G104/><T6/><D106/><U86/><E64/><V57/><F97/><W89/><G135/><T7/><D73/><U78/><E43/><N who="2" m="23023" /><F57/><W39/><G77/><T122/><D44/><U75/><E86/><V79/><F69/><W90/><G123/><T8/><D122/><U55/><E134/><V23/><F79/><W131/><G0/><T109/><D109/><U31/><E55/><V96/><F96/><W29/><G131/><T127/><D65/><U53/><E53/><V80/><F80/><W129/><G129/><T3/><D3/><U52/><E52/><V103/><F103/><W10/><G42/><T60/><D99/><U81/><E15/><V36/><F36/><W32/><G39/><T24/><D24/><U40/><E40/><V34/><F34/><W114/><G35/><T28/><D28/><U74/><E74/><V88/><F88/><W20/><G90/><T101/><D101/><U102/><E102/><V38/><F38/><W87/><G41/><T13/><D95/><U11/><E11/><V125/><F125/><W121/><G10/><T62/><D127/><U76/><E126/><V110/><F110/><W94/><G121/><T48/><D48/><U112/><E76/><V124/><F124/><W30/><G111/><T68/><D6/><U33/><AGARI ba="0,0" hai="4,5,26,31,33,75,78,81,112,113,115" m="45642" machi="33" ten="40,1500,0" yaku="11,1" doraHai="132" who="1" fromWho="1" sc="250,-7,250,15,250,-4,250,-4" /><INIT seed="1,0,0,2,5,107" ten="243,265,246,246" oya="1" hai0="9,76,134,100,85,18,69,73,80,105,110,58,103" hai1="135,99,33,74,39,106,46,12,1,52,16,19,50" hai2="94,5,42,77,112,78,90,95,116,26,119,83,88" hai3="132,131,55,37,70,108,63,34,113,29,104,23,126"/><U36/><E33/><V56/><F5/><W30/><RYUUKYOKU type="yao9" ba="0,0" sc="243,0,265,0,246,0,246,0" hai3="23,29,30,34,37,55,63,70,104,108,113,126,131,132" /><INIT seed="1,1,0,0,3,134" ten="243,265,246,246" oya="1" hai0="113,135,57,89,124,32,9,63,42,33,45,103,12" hai1="46,107,73,82,98,70,59,121,40,126,105,14,50" hai2="41,110,84,75,30,99,111,31,104,65,133,86,87" hai3="15,51,60,67,68,78,62,19,58,81,4,97,16"/><U80/><E121/><V10/><F133/><W22/><G51/><T44/><D135/><U49/><E70/><V93/><F41/><W131/><G131/><T23/><D113/><U83/><E73/><V3/><F75/><W39/><G39/><T90/><D103/><U123/><E123/><V21/><F104/><W118/><G118/><T61/><D23/><U125/><E14/><V64/><F3/><W72/><G97/><T34/><D124/><N who="1" m="47723" /><E98/><V128/><F128/><W117/><G117/><T2/><D2/><U100/><E100/><V43/><F43/><W66/><REACH who="3" step="1"/><G22/><REACH who="3" ten="243,265,246,236" step="2"/><T71/><D71/><U11/><E11/><AGARI ba="1,1" hai="4,11,15,16,19,58,60,62,66,67,68,72,78,81" machi="11" ten="40,5200,0" yaku="1,1,2,1,54,1,53,0" doraHai="134" doraHaiUra="116" who="3" fromWho="1" sc="243,0,265,-55,246,0,236,65" /><INIT seed="2,0,0,4,3,110" ten="243,210,246,301" oya="2" hai0="91,53,80,47,40,51,13,125,118,68,103,48,3" hai1="135,29,87,134,14,16,65,54,112,26,18,105,52" hai2="73,85,20,36,44,69,4,126,33,19,2,131,74" hai3="107,1,109,127,111,59,23,96,130,22,120,25,123"/><V17/><F33/><W124/><G59/><T9/><D118/><U7/><E105/><V70/><F85/><W101/><G1/><T82/><D3/><U12/><E7/><V37/><F131/><W88/><G23/><T129/><D125/><N who="3" m="48201" /><G22/><T35/><D129/><U84/><E65/><V62/><F126/><W6/><G25/><T24/><D68/><U102/><E102/><V58/><F2/><W66/><G6/><T31/><D103/><U32/><E26/><V8/><F4/><W39/><G39/><T99/><D99/><U79/><E29/><V15/><F69/><W11/><G11/><T81/><D91/><U117/><E79/><V5/><F70/><W113/><G66/><T97/><D97/><U78/><E78/><V57/><F57/><W75/><G75/><T46/><REACH who="0" step="1"/><D81/><REACH who="0" ten="233,210,246,301" step="2"/><U106/><E117/><V55/><F5/><AGARI ba="0,1" hai="5,9,13,24,31,35,40,46,47,48,51,53,80,82" machi="5" ten="30,3900,0" yaku="1,1,2,1,7,1,53,0" doraHai="110" doraHaiUra="63" who="0" fromWho="2" sc="233,49,210,0,246,-39,301,0" /><INIT seed="3,0,0,2,5,74" ten="282,210,207,301" oya="3" hai0="109,72,114,122,76,43,81,62,128,1,133,93,65" hai1="91,24,27,19,87,48,47,61,39,11,58,15,56" hai2="71,101,95,80,111,83,108,124,50,67,59,97,23" hai3="88,119,70,86,120,49,96,90,30,63,92,37,29"/><W105/><G37/><T54/><D122/><U25/><E39/><V42/><F124/><W106/><G119/><T51/><D1/><U20/><E61/><V102/><F71/><W14/><G120/><T127/><D127/><U84/><E84/><V89/><F23/><W98/><G49/><T117/><D117/><U110/><E110/><N who="2" m="42027" /><F67/><W8/><G70/><T107/><D107/><U53/><REACH who="1" step="1"/><E20/><REACH who="1" ten="282,200,207,301" step="2"/><V32/><F32/><W99/><G63/><T104/><D109/><U75/><E75/><V4/><F4/><W45/><G106/><T132/><D114/><U5/><E5/><V131/><F131/><W0/><G105/><T82/><D128/><U73/><E73/><V2/><F2/><W57/><G0/><T21/><D104/><U66/><E66/><V64/><F64/><W123/><G123/><T28/><D132/><U46/><E46/><N who="2" m="25943" /><F59/><W52/><G45/><T38/><D133/><U78/><E78/><V85/><F80/><AGARI ba="0,1" hai="11,15,19,24,25,27,47,48,53,56,58,80,87,91" machi="80" ten="40,8000,1" yaku="1,1,25,2,8,1,53,0" doraHai="74" doraHaiUra="26" who="1" fromWho="2" sc="282,0,200,90,207,-80,301,0" /><INIT seed="4,0,0,2,0,95" ten="282,290,127,301" oya="0" hai0="3,2,36,127,11,66,96,94,79,72,125,113,9" hai1="92,31,90,83,35,60,7,109,76,39,133,1,22" hai2="21,29,65,122,40,53,55,117,8,49,68,61,73" hai3="54,0,93,126,105,16,130,45,67,32,46,119,124"/><T118/><D118/><U81/><E109/><V58/><F73/><W91/><G105/><T50/><D36/><U80/><E133/><V27/><F117/><W101/><G0/><T38/><D38/><U88/><E39/><V52/><F122/><W84/><G32/><T123/><D123/><U120/><E35/><V71/><F71/><W85/><G130/><T121/><D121/><U59/><E120/><V10/><REACH who="2" step="1"/><F68/><REACH who="2" ten="282,290,117,301" step="2"/><W18/><G119/><T37/><D37/><U107/><E76/><V129/><F129/><W15/><G126/><T63/><D125/><U116/><E116/><V106/><F106/><W75/><G75/><T4/><D127/><U69/><E107/><V30/><F30/><W19/><G124/><T78/><D72/><U17/><E31/><V43/><F43/><W34/><G85/><T28/><D28/><U89/><E69/><V87/><F87/><W48/><G84/><T97/><D113/><U56/><E92/><V114/><F114/><W74/><G93/><T25/><D94/><U20/><E81/><V132/><F132/><W77/><G74/><T26/><D78/><U14/><E80/><V82/><F82/><W62/><G77/><T57/><D79/><U70/><E83/><V134/><F134/><W24/><G91/><T23/><D96/><U110/><E70/><V135/><F135/><W108/><G108/><T42/><D97/><U12/><E110/><V44/><AGARI ba="0,1" hai="8,10,21,27,29,40,44,49,52,53,55,58,61,65" machi="44" ten="30,7900,0" yaku="1,1,0,1,8,1,54,1,53,0" doraHai="95" doraHaiUra="86" who="2" fromWho="2" sc="282,-39,290,-20,117,89,301,-20" /><INIT seed="5,0,0,5,2,57" ten="243,270,206,281" oya="1" hai0="6,87,7,73,83,14,31,121,40,120,41,76,118" hai1="27,22,19,81,17,21,32,88,130,68,63,101,102" hai2="90,30,123,11,48,69,12,29,74,49,115,78,125" hai3="15,36,52,124,70,135,103,96,129,111,23,99,25"/><U24/><E130/><V75/><F123/><N who="0" m="47178" /><D118/><U38/><E32/><V106/><F106/><W92/><G111/><T85/><D31/><U93/><E38/><V89/><F69/><W65/><G135/><T133/><D133/><U104/><E104/><V71/><F71/><W44/><G124/><T122/><N who="0" m="47186" /><T2/><DORA hai="98" /><D2/><U86/><E68/><V66/><F125/><W0/><G0/><T18/><D73/><U97/><E63/><V94/><F115/><W116/><G15/><T4/><D87/><U72/><E72/><V107/><F107/><W16/><G129/><T62/><D62/><U79/><AGARI ba="0,0" hai="17,19,21,22,24,27,79,81,86,88,93,97,101,102" machi="79" ten="20,18000,2" yaku="0,1,7,1,9,1,8,1,52,2,54,1" doraHai="57,98" who="1" fromWho="1" sc="243,-60,270,180,206,-60,281,-60" /><INIT seed="5,1,0,1,5,29" ten="183,450,146,221" oya="1" hai0="110,4,63,9,76,28,20,114,92,22,57,31,64" hai1="127,74,24,19,101,45,34,106,66,128,79,15,43" hai2="39,134,54,49,82,81,55,30,96,6,93,40,53" hai3="14,37,5,0,41,23,27,2,124,50,131,12,38"/><U58/><E127/><V48/><F39/><W52/><G124/><T62/><D114/><U86/><E128/><V119/><F119/><W65/><G65/><T107/><D110/><U32/><E86/><V126/><F126/><W44/><G131/><T72/><D72/><U78/><E106/><V135/><F30/><N who="0" m="11306" /><D107/><U7/><E101/><V35/><F6/><W36/><G41/><T89/><D76/><U17/><E7/><V95/><F40/><W42/><G42/><T109/><D109/><U104/><E24/><V116/><F116/><W130/><G130/><T83/><D83/><N who="2" m="31754" /><F96/><W73/><G73/><T80/><D80/><U90/><E90/><V132/><F35/><W103/><G103/><T75/><D75/><U123/><E15/><V8/><F8/><W56/><G14/><N who="0" m="5415" /><D62/><U98/><E104/><V67/><F67/><W16/><REACH who="3" step="1"/><G44/><REACH who="3" ten="183,450,146,211" step="2"/><T85/><AGARI ba="1,1" hai="20,22,57,63,64,85,89,92" m="5415,11306" machi="85" ten="30,1100,0" yaku="8,1" doraHai="29" who="0" fromWho="0" sc="183,24,450,-6,146,-4,211,-4" /><INIT seed="6,0,0,4,2,37" ten="207,444,142,207" oya="2" hai0="38,78,14,103,84,29,99,98,80,130,105,133,124" hai1="117,115,0,120,31,36,113,35,86,34,53,57,107" hai2="71,122,2,110,1,92,87,75,114,125,42,104,88" hai3="62,51,90,8,24,6,43,15,69,96,61,100,97"/><V60/><F122/><W63/><G69/><T94/><D38/><U4/><E107/><V27/><F75/><W67/><G67/><T11/><D29/><U49/><E117/><V44/><F104/><W58/><G100/><T83/><D133/><U21/><E36/><V101/><F110/><W121/><G121/><T41/><D130/><U77/><E120/><V59/><F71/><W129/><G129/><T119/><D119/><U7/><E0/><V82/><F114/><W19/><G90/><T47/><D124/><U18/><E31/><V55/><F125/><W123/><G123/><T17/><D83/><U16/><E21/><V81/><F27/><W108/><G108/><T9/><D11/><U118/><E118/><V106/><F106/><W65/><G65/><T46/><REACH who="0" step="1"/><D41/><REACH who="0" ten="197,444,142,207" step="2"/><U20/><E113/><V74/><F81/><W89/><G43/><T3/><D3/><U13/><E115/><V131/><F131/><W85/><G8/><T126/><D126/><U127/><E127/><V128/><F128/><W22/><G6/><T28/><D28/><U76/><E4/><V72/><F72/><W135/><G135/><T64/><D64/><U56/><E7/><V93/><F74/><W134/><G134/><T40/><D40/><U26/><E35/><V30/><F30/><W10/><G10/><T112/><D112/><U52/><E34/><V132/><F132/><W95/><G24/><T79/><D79/><U5/><E76/><V54/><F54/><AGARI ba="0,1" hai="15,19,22,51,54,58,61,62,63,85,89,95,96,97" machi="54" ten="40,5200,0" yaku="25,2,8,1" doraHai="37" who="3" fromWho="2" sc="197,0,444,0,142,-52,207,62" /><INIT seed="7,0,0,2,5,16" ten="197,444,90,269" oya="3" hai0="3,129,75,127,11,64,113,115,30,85,45,7,5" hai1="111,114,123,26,135,116,29,0,72,89,34,108,120" hai2="128,43,84,99,21,47,121,48,68,102,87,117,74" hai3="59,28,130,22,40,125,96,88,118,44,62,110,107"/><W53/><G118/><T24/><D75/><U94/><E0/><V65/><F117/><W1/><G1/><T49/><D129/><U69/><E72/><V133/><F128/><W56/><G125/><T78/><D127/><U15/><E69/><V38/><F74/><W23/><G110/><T54/><D64/><U132/><E116/><V60/><F121/><N who="1" m="46665" /><E114/><N who="0" m="43529" /><D78/><U73/><E73/><V8/><F8/><W35/><G107/><T42/><D85/><U19/><E89/><V124/><F124/><W92/><G130/><T93/><D93/><U63/><E94/><V58/><F133/><N who="1" m="51273" /><E63/><V37/><F37/><W126/><G126/><T20/><D7/><U13/><E13/><V31/><F38/><W134/><G134/><T86/><D86/><U14/><E14/><V25/><REACH who="2" step="1"/><F68/><REACH who="2" ten="197,444,80,269" step="2"/><W83/><G62/><T50/><D50/><U9/><AGARI ba="0,1" hai="9,15,19,26,29,34,108,111" m="51273,46665" machi="9" ten="30,4000,0" yaku="20,1,34,2" doraHai="16" who="1" fromWho="1" sc="197,-10,444,50,80,-10,269,-20" owari="187,-21.0,494,59.0,70,-43.0,249,5.0" /></mjloggm>