<mjloggm ver="2.3"><GO type="41" lobby="0"/><UN n0="%E2%93%9D%53%75%70%68%78" n1="%E3%81%A1%E3%82%87%E3%81%84%E3%81%A1%E3%82%87%E3%81%84" n2="%6E%69%63%6B%6C%6F%77" n3="%4C%6E%69%6B%69" dan="19,15,15,15" rate="2156.80,2033.21,1964.08,2085.16" sx="M,F,M,M"/><TAIKYOKU oya="0"/><INIT seed="0,0,0,4,2,101" ten="250,250,250,250" oya="0" hai0="100,37,1,48,27,85,72,128,8,80,75,12,135" hai1="106,31,119,99,9,104,94,61,67,77,117,52,78" hai2="108,74,73,26,130,109,127,124,118,112,132,92,49" hai3="97,60,17,41,56,68,53,32,23,19,88,55,28"/><T103/><D37/><U125/><E125/><N who="2" m="48203" /><F49/><W21/><G41/><T62/><D1/><U10/><E31/><V76/><F26/><W24/><G68/><T82/><D128/><U116/><E94/><V113/><F92/><N who="3" m="56455" /><G32/><T131/><D135/><U105/><E99/><V115/><F132/><W39/><G39/><T34/><D62/><U114/><E114/><V45/><F45/><W20/><G55/><T129/><D27/><U64/><E52/><V89/><F89/><W42/><G42/><T18/><D34/><U91/><E61/><V98/><F98/><W81/><G81/><T44/><D82/><U13/><E91/><V33/><F33/><W5/><G5/><T87/><D131/><U57/><E57/><V122/><F130/><W7/><G7/><T11/><D129/><U22/><E22/><N who="3" m="8810" /><G28/><T79/><D75/><N who="2" m="28682" /><F76/><N who="1" m="29289" /><E13/><V69/><F69/><W30/><AGARI ba="0,0" hai="17,19,23,24,30,53,56,60" m="8810,56455" machi="30" ten="30,2000,0" yaku="8,1,54,1" doraHai="101" who="3" fromWho="3" sc="250,-10,250,-5,250,-5,250,20" /><INIT seed="1,0,0,5,3,108" ten="240,245,245,270" oya="1" hai0="33,2,77,6,29,73,41,94,66,120,102,93,70" hai1="18,135,118,1,103,60,43,12,47,123,109,111,125" hai2="49,9,92,76,114,68,105,4,28,78,48,25,133" hai3="50,11,113,27,39,112,121,46,24,134,15,97,62"/><U34/><E34/><V21/><F68/><W99/><G121/><T84/><D120/><U69/><E123/><V90/><F105/><W55/><G39/><T10/><D84/><U53/><E118/><V64/><F133/><W132/><G62/><T100/><D41/><U115/><E1/><V52/><F64/><W95/><G27/><T88/><D94/><U67/><E135/><N who="3" m="51754" /><G24/><T61/><D29/><U22/><E125/><V26/><F48/><W106/><G106/><T71/><D33/><U124/><E124/><V17/><F114/><N who="3" m="44139" /><G95/><T91/><D93/><U3/><E115/><V56/><F25/><W96/><G96/><T40/><D71/><U5/><E103/><V107/><F28/><W87/><G87/><T122/><D122/><U128/><E128/><V101/><F101/><W83/><G83/><T59/><D102/><U127/><E127/><V0/><REACH who="2" step="1"/><F107/><REACH who="2" ten="240,245,235,270" step="2"/><W119/><G119/><T44/><D100/><U14/><E67/><V63/><F63/><W75/><G75/><T131/><D70/><U79/><E69/><V19/><F19/><AGARI ba="0,1" hai="11,15,19,46,50,55,97,99" m="44139,51754" machi="19" ten="30,7700,0" yaku="20,1,52,3" doraHai="108" who="3" fromWho="2" sc="240,0,245,0,235,-77,270,87" /><INIT seed="2,0,0,1,2,97" ten="240,245,158,357" oya="2" hai0="52,48,124,64,67,96,125,123,84,126,109,42,73" hai1="18,5,133,25,112,26,43,22,107,114,120,28,63" hai2="101,68,24,44,53,87,46,11,129,80,111,8,12" hai3="127,98,31,32,74,50,79,36,37,16,45,62,65"/><V92/><F68/><W58/><G127/><T23/><D73/><U13/><E107/><V93/><F129/><W104/><G74/><T30/><D123/><U82/><E82/><V76/><F111/><W39/><G79/><T51/><D84/><U132/><E43/><V103/><F24/><W35/><G31/><T77/><D77/><U9/><E63/><V56/><F92/><W6/><G6/><T122/><D122/><U106/><E106/><V27/><F27/><W57/><G57/><T49/><D23/><N who="1" m="15423" /><E120/><V34/><F93/><W20/><G104/><T66/><D30/><U7/><E7/><V88/><F76/><W29/><G29/><T113/><D96/><U38/><E38/><V100/><F34/><W116/><G98/><T14/><D14/><U3/><E3/><V60/><F8/><W105/><G105/><T40/><D113/><AGARI ba="0,0" hai="5,9,13,18,22,26,112,113,114,132,133" m="15423" machi="113" ten="30,2000,0" yaku="34,2" doraHai="97" who="1" fromWho="0" sc="240,-20,245,20,158,0,357,0" /><INIT seed="3,0,0,3,0,109" ten="220,265,158,357" oya="3" hai0="21,63,10,29,112,129,41,42,46,111,56,120,54" hai1="36,12,45,38,13,50,1,6,25,27,28,108,19" hai2="96,72,85,62,113,44,78,24,26,124,86,131,74" hai3="23,75,83,7,67,119,73,101,71,116,104,91,94"/><W37/><G37/><T4/><D120/><U92/><E1/><V70/><F124/><W122/><G122/><T31/><D111/><U15/><E6/><V30/><F131/><W98/><G7/><T118/><D118/><U105/><E105/><V40/><F24/><W49/><G49/><T123/><D123/><U0/><E0/><V47/><F47/><W117/><G23/><T58/><D129/><U114/><E108/><V66/><F113/><W51/><G51/><T132/><D132/><U90/><E114/><V64/><F64/><W53/><G53/><T9/><D112/><U14/><E38/><V110/><F110/><W52/><G52/><T48/><D21/><N who="1" m="11495" /><E28/><V126/><F126/><W107/><G67/><T130/><D130/><U102/><E102/><V133/><F133/><W135/><G71/><T61/><D42/><N who="1" m="24887" /><E36/><V60/><F60/><W18/><G18/><T43/><D43/><U103/><E103/><V93/><F44/><W55/><G55/><T77/><D4/><U35/><E35/><V82/><F40/><W80/><G135/><T11/><D77/><U88/><E90/><V81/><F93/><W5/><G5/><T100/><D100/><U3/><E3/><V97/><F72/><N who="3" m="27723" /><G107/><T79/><D79/><U16/><E16/><V95/><F74/><W99/><AGARI ba="0,0" hai="80,83,91,94,98,99,101,104,116,117,119" m="27723" machi="99" ten="40,3900,0" yaku="34,2" doraHai="109" who="3" fromWho="3" sc="220,-13,265,-13,158,-13,357,39" /><INIT seed="3,1,0,5,4,46" ten="207,252,145,396" oya="3" hai0="107,99,47,71,58,56,114,110,44,63,126,4,103" hai1="0,50,35,79,61,40,45,30,111,77,80,39,11" hai2="97,8,131,73,121,100,60,104,48,41,132,59,113" hai3="28,37,93,127,102,7,2,27,130,96,42,9,101"/><W32/><G127/><T95/><D110/><U70/><E111/><V94/><F113/><W72/><G130/><T119/><D119/><U21/><E35/><V78/><F131/><W43/><G72/><T105/><D71/><U19/><E79/><V36/><F36/><W68/><G68/><T53/><D126/><U57/><E30/><V65/><F132/><W87/><G37/><T106/><D114/><U98/><E98/><V120/><F78/><W6/><G6/><T55/><REACH who="0" step="1"/><D4/><REACH who="0" ten="197,252,145,396" step="2"/><U3/><E70/><V12/><F73/><W38/><G38/><T20/><D20/><U15/><E39/><V135/><F135/><W51/><G102/><T69/><D69/><U134/><E21/><V54/><F104/><W24/><G24/><T82/><D82/><U16/><E19/><V74/><F74/><W5/><G5/><T85/><D85/><U13/><E134/><V89/><F100/><W112/><G112/><T64/><D64/><U67/><E15/><V109/><F109/><W92/><G87/><AGARI ba="1,1" hai="0,3,11,13,16,40,45,50,57,61,67,77,80,87" machi="87" ten="30,3900,0" yaku="7,1,52,1,54,1" doraHai="46" who="1" fromWho="3" sc="197,0,252,52,145,0,396,-42" /><INIT seed="4,0,0,4,3,107" ten="197,304,145,354" oya="0" hai0="17,38,6,94,39,115,133,36,32,102,58,35,74" hai1="135,93,82,9,131,89,68,116,81,42,121,37,52" hai2="122,128,18,124,33,79,132,43,86,109,78,71,29" hai3="126,130,53,119,112,113,51,0,23,31,108,72,34"/><T80/><D115/><N who="3" m="44105" /><G108/><T7/><D133/><U76/><E121/><V84/><F71/><W56/><G119/><T40/><D40/><U134/><E68/><V61/><F122/><W117/><G117/><T110/><D17/><U118/><E82/><V92/><F109/><W127/><G130/><T41/><D41/><U87/><E9/><V105/><F105/><W99/><G0/><T62/><D110/><U46/><E52/><V106/><F106/><W2/><G2/><T13/><D94/><U26/><E26/><V12/><F128/><W104/><G72/><T8/><D102/><U21/><E21/><V50/><F132/><N who="1" m="50729" /><E131/><V4/><F124/><W24/><G23/><T57/><D7/><U28/><E28/><V25/><F4/><W91/><G104/><T30/><D30/><U85/><AGARI ba="0,0" hai="37,42,46,76,81,85,87,89,93,116,118" m="50729" machi="85" ten="30,1100,0" yaku="20,1" doraHai="107" who="1" fromWho="1" sc="197,-5,304,11,145,-3,354,-3" /><INIT seed="5,0,0,3,0,2" ten="192,315,142,351" oya="1" hai0="82,86,123,67,54,73,119,94,43,104,42,109,78" hai1="128,92,71,57,55,74,130,68,111,37,53,62,36" hai2="127,117,125,18,29,97,22,21,39,15,66,6,101" hai3="5,10,103,20,115,84,1,24,41,113,85,90,32"/><U8/><E74/><V79/><F39/><N who="1" m="14921" /><E92/><V91/><F66/><W33/><G41/><T52/><D119/><U60/><E8/><N who="2" m="4503" /><F79/><W98/><G33/><T76/><D109/><U102/><E102/><V27/><F91/><W106/><G32/><T13/><D123/><U132/><E132/><V12/><F97/><W80/><REACH who="3" step="1"/><G85/><REACH who="3" ten="192,315,142,341" step="2"/><T58/><D43/><U28/><E111/><V63/><F101/><W59/><G59/><T3/><D42/><U122/><E122/><V70/><F70/><N who="1" m="26665" /><E28/><AGARI ba="0,1" hai="1,5,10,20,24,28,80,84,90,98,103,106,113,115" machi="28" ten="40,5200,0" yaku="1,1,52,1,53,1" doraHai="2" doraHaiUra="0" who="3" fromWho="1" sc="192,0,315,-52,142,0,341,62" /><INIT seed="6,0,0,4,0,25" ten="192,263,142,403" oya="2" hai0="79,32,131,52,16,87,84,98,76,64,126,60,42" hai1="31,113,9,129,23,93,69,104,83,100,26,70,75" hai2="24,17,94,105,81,112,85,99,97,30,14,48,46" hai3="103,115,3,45,2,40,121,74,29,43,12,61,91"/><V77/><F112/><W50/><G121/><T47/><D32/><U35/><E113/><V6/><F105/><W28/><G74/><T68/><D131/><U107/><E129/><V111/><F111/><W7/><G115/><T133/><D133/><U118/><E118/><V33/><F94/><W59/><G103/><T27/><D126/><U67/><E9/><V80/><F80/><W58/><G43/><T134/><D98/><N who="1" m="61463" /><E23/><V38/><F38/><W96/><G2/><T130/><D134/><U132/><E93/><V5/><F5/><W19/><G7/><T34/><D130/><U120/><E120/><V0/><F0/><W72/><G72/><T66/><D66/><U128/><E128/><V15/><F6/><W127/><G127/><T102/><D102/><U78/><E132/><V21/><REACH who="2" step="1"/><F14/><REACH who="2" ten="192,263,132,403" step="2"/><W71/><G3/><T57/><D79/><U114/><E114/><V109/><F109/><W124/><G124/><T18/><D76/><U119/><E119/><V49/><F49/><W53/><G12/><T11/><D87/><U51/><E51/><V20/><F20/><W125/><G50/><N who="0" m="30871" /><D84/><U82/><E83/><V22/><F22/><W62/><G125/><T123/><D123/><U8/><E107/><V36/><F36/><W86/><G86/><T110/><D110/><U41/><E8/><V106/><F106/><W63/><G63/><T37/><D11/><U88/><E82/><V92/><F92/><W122/><G62/><T4/><D4/><U90/><E78/><V65/><F65/><W95/><G122/><T56/><D68/><U55/><E69/><RYUUKYOKU ba="0,1" sc="192,15,263,-15,132,15,403,-15" hai0="16,18,27,34,37,42,47,56,60,64" hai2="15,17,21,24,30,33,46,48,77,81,85,97,99" /><INIT seed="6,1,1,2,4,45" ten="207,248,147,388" oya="2" hai0="96,123,122,124,104,94,61,95,59,105,135,110,72" hai1="67,125,127,2,49,16,128,0,75,63,101,5,77" hai2="55,19,68,112,65,52,28,97,102,25,29,60,32" hai3="27,73,134,1,117,35,103,10,99,107,92,120,106"/><V56/><F112/><W24/><G117/><T129/><D61/><U90/><E101/><V66/><F28/><W130/><G120/><T51/><D51/><U46/><E128/><V40/><F65/><W20/><G73/><T70/><D59/><N who="1" m="37375" /><E5/><V12/><F40/><W18/><G134/><T42/><D42/><N who="1" m="24791" /><E77/><V69/><F56/><W43/><G43/><T85/><D70/><U34/><E75/><V91/><F91/><W133/><G133/><T57/><D72/><U44/><E34/><V38/><F38/><W100/><G130/><T37/><D37/><U83/><E44/><V108/><F108/><W33/><G24/><T121/><D110/><U71/><E71/><V50/><F50/><W87/><G87/><T79/><D85/><N who="1" m="50495" /><E16/><V89/><F89/><W131/><G131/><T62/><D129/><U126/><AGARI ba="1,1" hai="0,2,125,126,127" m="50495,24791,37375" machi="126" ten="30,2000,0" yaku="18,1,52,1" doraHai="45" who="1" fromWho="1" sc="207,-6,248,33,147,-11,388,-6" /><INIT seed="7,0,0,4,5,96" ten="201,281,136,382" oya="3" hai0="63,15,29,46,103,121,116,104,109,90,31,24,72" hai1="111,66,10,61,59,25,69,55,79,128,127,2,110" hai2="82,37,129,11,86,43,60,84,26,51,13,108,22" hai3="101,98,118,123,7,134,56,105,117,23,132,74,9"/><W65/><G123/><T27/><D109/><U124/><E79/><V85/><F37/><W75/><G23/><T120/><D72/><N who="3" m="27689" /><G56/><T68/><D116/><U71/><E25/><V76/><F129/><W42/><G42/><T107/><D15/><U97/><E10/><V49/><F108/><N who="1" m="41513" /><E2/><V32/><F32/><W4/><G65/><T99/><D46/><U40/><E97/><V88/><F60/><W48/><G48/><T87/><D63/><U28/><E28/><V1/><F1/><N who="3" m="143" /><G7/><T91/><D31/><U50/><E128/><V95/><F84/><W19/><G19/><T130/><D87/><U78/><E78/><V38/><F38/><W16/><G16/><T115/><D29/><U93/><E93/><V80/><F95/><W5/><G5/><T106/><D130/><U114/><E40/><V18/><REACH who="2" step="1"/><F43/><REACH who="2" ten="201,281,126,382" step="2"/><W8/><G8/><T67/><D107/><U45/><E61/><V112/><F112/><W89/><G89/><T6/><D91/><U14/><E114/><V122/><F122/><W0/><G0/><T3/><D115/><U30/><E66/><V52/><F52/><W44/><G44/><T94/><D121/><U135/><E45/><V83/><F83/><W131/><G131/><T81/><D120/><U70/><E55/><V34/><F34/><W41/><G41/><T54/><D54/><U57/><E50/><V119/><F119/><AGARI ba="0,1" hai="98,101,105,117,118,119,132,134" m="143,27689" machi="119" ten="30,2900,0" yaku="23,1,52,1" doraHai="96" who="3" fromWho="2" sc="201,0,281,0,126,-29,382,39" owari="201,-20.0,281,8.0,97,-40.0,421,52.0" /></mjloggm>