<mjloggm ver="2.3"><GO type="41" lobby="0"/><UN n0="%E6%88%91%E5%B0%B1%E5%98%B4%E8%87%AD" n1="%67%61%6B%6B%69%69%38%30" n2="%E2%93%9D%53%75%70%68%78" n3="%4C%6F%75%69%73%36%31%38" dan="15,16,16,13" rate="2029.54,2101.16,2044.81,1831.37" sx="M,M,M,M"/><TAIKYOKU oya="0"/><INIT seed="0,0,0,2,5,17" ten="250,250,250,250" oya="0" hai0="88,118,63,41,25,106,2,59,57,90,82,125,13" hai1="65,34,79,30,53,31,83,14,42,58,87,108,71" hai2="78,91,44,77,101,124,67,43,69,115,35,7,12" hai3="110,46,23,68,50,99,127,6,133,9,61,130,97"/><T27/><D2/><U104/><E104/><V72/><F35/><W26/><G110/><T39/><D106/><U114/><E108/><V33/><F33/><W22/><G127/><T100/><D118/><U128/><E71/><V122/><F122/><W16/><G130/><T103/><D39/><U94/><E65/><V51/><F72/><W81/><G81/><T62/><D125/><U116/><E128/><V113/><F101/><W121/><G133/><T24/><D41/><U120/><E120/><V92/><F124/><W112/><G112/><T28/><D28/><U109/><E109/><V36/><F36/><W5/><G23/><T0/><D0/><U20/><E116/><V76/><F67/><W21/><G21/><T3/><D3/><U8/><E34/><V47/><F47/><W10/><G61/><T129/><D129/><U95/><E114/><V98/><REACH who="2" step="1"/><F69/><REACH who="2" ten="250,250,240,250" step="2"/><W18/><G68/><T102/><D82/><U19/><E42/><V126/><F126/><W135/><G121/><T86/><D86/><U70/><E70/><V15/><F15/><W48/><G46/><T75/><D13/><U11/><E11/><AGARI ba="0,1" hai="7,11,12,43,44,51,76,77,78,91,92,98,113,115" machi="11" ten="40,1300,0" yaku="1,1,53,0" doraHai="17" doraHaiUra="55" who="2" fromWho="1" sc="250,0,250,-13,240,23,250,0" /><INIT seed="1,0,0,5,3,24" ten="250,237,263,250" oya="1" hai0="125,53,85,87,132,9,63,55,34,71,134,12,33" hai1="46,22,5,67,124,121,0,49,95,30,27,77,130" hai2="11,8,14,81,86,101,78,57,133,100,10,91,19" hai3="119,38,23,42,3,98,28,39,35,59,126,114,16"/><U82/><E121/><V93/><F133/><N who="0" m="51306" /><D125/><U40/><E124/><V31/><F31/><W6/><G126/><T7/><D71/><U113/><E113/><V109/><F109/><W43/><G114/><T115/><D115/><U84/><E130/><V37/><F37/><W15/><G119/><T60/><D60/><U21/><E67/><V50/><F101/><W79/><G59/><N who="0" m="35311" /><D55/><U110/><E110/><V103/><F103/><W17/><G79/><T18/><D7/><U47/><E95/><V108/><F100/><W129/><G129/><T56/><D56/><U44/><REACH who="1" step="1"/><E22/><REACH who="1" ten="250,227,263,250" step="2"/><V29/><F108/><W48/><G35/><AGARI ba="0,1" hai="9,12,18,33,34,35,85,87" m="35311,51306" machi="35" ten="30,1000,0" yaku="20,1" doraHai="24" who="0" fromWho="3" sc="250,20,227,0,263,0,250,-10" /><INIT seed="2,0,0,2,0,7" ten="270,227,263,240" oya="2" hai0="25,12,30,79,29,36,108,121,60,69,107,40,57" hai1="123,93,65,14,47,134,106,132,32,119,117,41,74" hai2="18,73,23,15,67,68,8,89,20,129,3,125,54" hai3="100,19,33,4,24,13,103,94,124,45,5,56,83"/><V48/><F73/><W63/><G124/><T1/><D1/><U51/><E106/><V75/><F75/><W21/><G45/><T37/><D107/><U43/><E74/><V42/><F129/><W53/><G83/><T78/><D69/><U76/><E76/><V71/><F42/><W49/><G63/><T34/><D121/><U46/><E32/><V114/><F114/><W113/><G113/><T104/><D104/><U31/><E31/><V44/><F125/><W112/><G112/><T11/><D30/><U10/><E93/><V38/><F38/><W128/><G128/><T55/><D108/><U131/><E131/><V28/><F67/><W2/><G2/><T27/><D27/><U122/><E10/><V87/><F3/><W52/><G53/><T26/><D26/><U91/><E91/><V0/><F0/><W84/><G33/><T80/><D79/><U109/><E14/><V22/><REACH who="2" step="1"/><F28/><REACH who="2" ten="270,227,253,240" step="2"/><W16/><G19/><T81/><D40/><U64/><E109/><V96/><F96/><W58/><G4/><T62/><D37/><U130/><REACH who="1" step="1"/><E130/><REACH who="1" ten="270,217,253,240" step="2"/><V101/><F101/><W17/><G5/><T72/><D72/><U110/><E110/><V82/><AGARI ba="0,2" hai="8,15,18,20,22,23,44,48,54,68,71,82,87,89" machi="82" ten="30,12000,1" yaku="1,1,0,1,25,2,52,1,53,0" doraHai="7" doraHaiUra="120" who="2" fromWho="2" sc="270,-40,217,-40,253,140,240,-40" /><INIT seed="2,1,0,2,5,71" ten="230,177,393,200" oya="2" hai0="119,116,49,94,130,80,84,30,14,11,77,72,13" hai1="50,95,92,29,52,93,8,91,87,58,44,127,19" hai2="134,135,125,102,12,60,28,110,33,109,45,38,106" hai3="26,35,4,47,104,75,88,46,7,67,78,36,107"/><V113/><F113/><W57/><G75/><T61/><D30/><U132/><E127/><V59/><F12/><W41/><G78/><T126/><D130/><U112/><E112/><V69/><F125/><W21/><G35/><T85/><D126/><U98/><E132/><N who="2" m="50731" /><F102/><W51/><G107/><T2/><D61/><U62/><E29/><V111/><F106/><W76/><G76/><T79/><D2/><U22/><E8/><V34/><F69/><W89/><G104/><T121/><D121/><U16/><E19/><V48/><F28/><W101/><G101/><T70/><D70/><U64/><E87/><V23/><F23/><W122/><G122/><T97/><D49/><U105/><E105/><V6/><F6/><W9/><G57/><T128/><D128/><U54/><E64/><N who="2" m="38943" /><F38/><W1/><G67/><T15/><D11/><U43/><REACH who="1" step="1"/><E43/><AGARI ba="1,0" hai="33,34,43,45,48,109,110,111" m="38943,50731" machi="43" ten="40,7700,0" yaku="14,1,10,1,20,1" doraHai="71" who="2" fromWho="1" sc="230,0,177,-80,393,80,200,0" /><INIT seed="2,2,0,2,4,35" ten="230,97,473,200" oya="2" hai0="79,78,42,135,32,72,125,116,47,104,75,49,7" hai1="114,106,15,18,2,51,5,58,37,132,88,29,105" hai2="98,31,4,60,83,127,73,126,124,30,99,129,43" hai3="23,94,67,97,109,95,28,100,91,66,21,63,81"/><V22/><F129/><W92/><G109/><T128/><D32/><U55/><E37/><V8/><F43/><W80/><G28/><N who="2" m="10793" /><F22/><N who="3" m="8203" /><G63/><T59/><D104/><U74/><E74/><V130/><F130/><W20/><N who="3" m="8211" /><W86/><DORA hai="64" /><G94/><T123/><D128/><U45/><E114/><V48/><F48/><W36/><G36/><T44/><D123/><U112/><E112/><V19/><F19/><W57/><G57/><T84/><D7/><U14/><E132/><V87/><F60/><W38/><G38/><T27/><D27/><U62/><E29/><V56/><F56/><W16/><G16/><T103/><D59/><U41/><E15/><N who="2" m="5511" /><F73/><W89/><G80/><T50/><D135/><U82/><E18/><V33/><F33/><W101/><G101/><T54/><D125/><U113/><E113/><V40/><F40/><W70/><G70/><T107/><D116/><U11/><REACH who="1" step="1"/><E14/><REACH who="1" ten="230,87,473,200" step="2"/><V134/><F134/><W122/><G122/><T6/><D75/><U9/><E9/><V71/><F127/><W17/><G17/><T13/><D72/><U34/><E34/><V68/><F126/><W121/><G121/><T61/><D13/><U110/><E110/><V3/><F124/><W1/><G1/><T69/><D6/><U77/><E77/><N who="2" m="46575" /><F3/><W118/><G118/><T133/><D79/><U111/><E111/><V108/><F108/><W46/><G46/><T85/><D47/><U26/><E26/><V93/><F99/><AGARI ba="2,1" hai="66,67,81,86,89,91,92,95,97,99,100" m="8211" machi="99" ten="30,1000,0" yaku="8,1" doraHai="35,64" who="3" fromWho="2" sc="230,0,87,0,473,-16,200,26" /><INIT seed="3,0,0,2,4,40" ten="230,87,457,226" oya="3" hai0="16,60,30,31,18,51,27,57,128,79,132,29,103" hai1="118,105,113,9,17,38,99,39,56,83,124,45,53" hai2="14,37,121,44,130,42,62,91,85,41,111,22,84" hai3="15,74,135,54,6,106,21,123,48,126,116,47,70"/><W108/><G106/><T26/><D128/><U25/><E124/><V88/><F111/><W50/><G74/><T68/><D68/><U65/><E65/><V59/><F130/><W109/><G126/><T102/><D132/><U82/><E113/><V75/><F75/><W10/><G70/><T117/><D79/><U107/><E118/><V61/><F121/><W24/><G116/><T11/><D117/><U12/><E25/><N who="0" m="9225" /><D51/><U122/><E122/><V32/><F32/><W101/><G123/><T112/><D112/><U36/><E107/><V120/><F42/><W46/><G101/><N who="0" m="38411" /><D11/><U131/><E131/><V119/><F62/><W77/><G77/><T0/><D0/><U76/><E105/><V67/><F120/><W52/><REACH who="3" step="1"/><G135/><REACH who="3" ten="230,87,457,216" step="2"/><T64/><AGARI ba="0,1" hai="16,18,29,30,31,57,60,64" m="38411,9225" machi="64" ten="30,2000,0" yaku="8,1,54,1" doraHai="40" who="0" fromWho="0" sc="230,30,87,-5,457,-5,216,-10" /><INIT seed="4,0,0,2,0,33" ten="260,82,452,206" oya="0" hai0="22,65,36,45,84,79,29,117,32,52,127,70,116" hai1="82,41,53,19,43,128,67,129,30,21,132,42,37" hai2="134,10,7,108,107,124,97,20,115,109,100,89,5" hai3="104,61,105,0,83,26,38,6,44,46,122,57,101"/><T120/><D32/><U66/><E132/><V49/><F115/><W54/><G122/><T47/><D120/><U95/><E30/><V74/><F74/><W73/><G46/><T114/><D127/><U59/><E82/><V51/><F20/><W72/><G101/><T77/><D114/><U98/><E37/><V25/><F25/><W9/><G26/><T50/><D22/><U64/><E98/><V15/><F89/><W75/><REACH who="3" step="1"/><G83/><REACH who="3" ten="260,82,452,196" step="2"/><T110/><D110/><U87/><E128/><V133/><F109/><W93/><G93/><T135/><D135/><U34/><E129/><V94/><F108/><W3/><G3/><T1/><D1/><U113/><E113/><V90/><F134/><W68/><G68/><T131/><D131/><U80/><E95/><V58/><F133/><W40/><AGARI ba="0,1" hai="0,6,9,38,40,44,54,57,61,72,73,75,104,105" machi="40" ten="40,5200,0" yaku="1,1,0,1,52,1,53,0" doraHai="33" doraHaiUra="14" who="3" fromWho="3" sc="260,-26,82,-13,452,-13,196,62" /><INIT seed="5,0,0,3,0,74" ten="234,69,439,258" oya="1" hai0="70,49,90,76,72,55,66,133,31,83,42,40,115" hai1="108,100,101,48,29,84,80,39,58,14,91,114,96" hai2="52,132,28,47,89,87,86,127,111,34,59,7,126" hai3="120,20,65,18,98,26,106,11,109,71,123,103,10"/><U13/><E39/><V32/><F111/><W15/><G109/><T78/><D115/><U19/><E114/><V102/><F132/><W93/><G106/><T0/><D0/><U94/><E108/><V81/><F102/><W62/><REACH who="3" step="1"/><G10/><REACH who="3" ten="234,69,439,248" step="2"/><T134/><D133/><U12/><E29/><AGARI ba="0,1" hai="11,15,18,20,26,29,62,65,71,93,98,103,120,123" machi="29" ten="30,3900,0" yaku="1,1,2,1,7,1,53,0" doraHai="74" doraHaiUra="53" who="3" fromWho="1" sc="234,0,69,-39,439,0,248,49" /><INIT seed="6,0,0,0,5,57" ten="234,30,439,297" oya="2" hai0="62,31,60,34,78,17,134,68,106,64,108,105,126" hai1="84,110,120,47,39,101,26,10,86,55,11,56,125" hai2="44,45,100,2,129,93,4,89,20,90,40,63,59" hai3="13,123,121,95,0,135,71,42,88,28,66,73,114"/><V96/><F129/><W94/><G73/><T69/><D108/><U128/><E110/><V41/><F2/><W118/><G0/><T77/><D17/><U38/><E128/><V32/><F32/><W111/><G111/><T75/><D126/><U87/><E125/><V49/><F4/><W23/><G118/><T117/><D78/><U104/><E120/><V124/><F20/><W76/><G135/><T50/><D50/><U102/><E26/><V113/><F113/><W46/><G114/><T103/><D103/><U52/><E104/><V112/><F112/><W91/><G76/><T119/><D134/><U132/><E132/><V33/><F33/><W109/><G109/><T115/><D115/><U37/><E47/><V18/><F18/><W7/><G66/><N who="0" m="41031" /><D117/><U30/><E30/><V58/><F124/><W98/><G71/><T70/><D70/><U97/><E97/><V116/><F59/><W92/><G92/><T3/><D3/><U12/><E12/><V14/><F14/><W29/><G29/><T35/><D119/><U21/><E21/><V107/><F107/><N who="0" m="40970" /><D31/><U54/><REACH who="1" step="1"/><E56/><REACH who="1" ten="234,20,439,297" step="2"/><V53/><F116/><W24/><G13/><T43/><D43/><U16/><E16/><V8/><F41/><W6/><G123/><T25/><D25/><U15/><E15/><V80/><F40/><W19/><G19/><T79/><D79/><U5/><E5/><V27/><F27/><W83/><G121/><T65/><D65/><U74/><E74/><V122/><F122/><W67/><G23/><T61/><D77/><U131/><E131/><V99/><F53/><RYUUKYOKU ba="0,1" sc="234,-10,20,30,439,-10,297,-10" hai1="10,11,37,38,39,52,54,55,84,86,87,101,102" /><INIT seed="7,1,1,3,1,89" ten="224,50,429,287" oya="3" hai0="19,106,60,11,81,13,97,43,104,55,37,33,49" hai1="112,116,39,96,47,8,7,124,131,30,24,70,15" hai2="128,35,48,92,72,59,40,93,130,4,31,84,54" hai3="62,135,109,111,103,64,32,3,69,113,51,45,5"/><W76/><G32/><T6/><D33/><U86/><E70/><V118/><F118/><W134/><G76/><T61/><D37/><U46/><E116/><V65/><F72/><W75/><G103/><T117/><D117/><U29/><E124/><V129/><F4/><W1/><G75/><T122/><D122/><U114/><E131/><V22/><F40/><N who="3" m="24999" /><G5/><T110/><D110/><N who="3" m="41993" /><G113/><T107/><D43/><U87/><E114/><V44/><F35/><W121/><G121/><T68/><D68/><U21/><E112/><V28/><F130/><W0/><AGARI ba="1,1" hai="0,1,3,62,64,69,134,135" m="41993,24999" machi="0" ten="40,2100,0" yaku="10,1" doraHai="89" who="3" fromWho="3" sc="224,-8,50,-8,429,-8,287,34" /><INIT seed="7,2,0,0,2,14" ten="216,42,421,321" oya="3" hai0="81,39,63,46,73,41,55,94,123,26,30,69,7" hai1="74,67,86,44,1,130,80,101,31,113,79,29,23" hai2="20,76,68,107,78,6,21,98,127,28,111,108,12" hai3="83,124,90,27,84,18,45,15,121,57,62,35,70"/><W8/><G121/><T97/><D123/><U58/><E1/><V102/><F68/><W0/><G70/><T52/><D7/><U72/><E130/><V51/><F127/><W116/><G116/><T25/><D25/><U3/><E113/><V110/><F51/><W112/><G112/><T131/><D131/><U4/><E101/><V122/><F122/><W33/><G124/><T96/><D96/><U43/><E74/><V17/><F6/><W106/><G106/><T117/><D117/><U34/><E72/><V89/><F89/><W37/><G0/><T103/><D69/><U75/><E34/><V115/><F115/><W92/><G27/><T104/><D94/><U9/><E75/><V133/><F133/><W5/><G5/><T56/><D81/><U10/><E10/><V49/><F49/><W38/><G83/><T71/><D73/><U65/><E65/><V42/><F42/><W2/><G2/><T77/><D77/><U120/><E120/><V66/><F66/><W114/><G114/><T54/><REACH who="0" step="1"/><D71/><REACH who="0" ten="206,42,421,321" step="2"/><U11/><E11/><V13/><F78/><W16/><G18/><T109/><D109/><U134/><E134/><V93/><F76/><W132/><G132/><T129/><D129/><U125/><E125/><V24/><F111/><W85/><G85/><T32/><AGARI ba="2,1" hai="26,30,32,39,41,46,52,54,55,56,63,97,103,104" machi="32" ten="20,5200,0" yaku="1,1,0,1,7,1,54,1,53,0" doraHai="14" doraHaiUra="61" who="0" fromWho="0" sc="206,68,42,-15,421,-15,321,-28" owari="274,-13.0,27,-47.0,406,51.0,293,9.0" /></mjloggm>