<mjloggm ver="2.3"><GO type="41" lobby="0"/><UN n0="%6C%69%76%65%64%65%73%75" n1="%41%47%4F" n2="%E2%93%9D%53%75%70%68%78" n3="%6D%69%7A%37%32" dan="15,15,18,15" rate="2068.20,1879.43,2080.17,2045.24" sx="M,M,M,M"/><TAIKYOKU oya="0"/><INIT seed="0,0,0,4,3,9" ten="250,250,250,250" oya="0" hai0="114,44,62,109,124,11,133,35,36,56,50,8,112" hai1="100,91,83,58,81,13,6,121,14,18,95,3,68" hai2="104,64,105,98,49,117,101,102,94,67,60,122,63" hai3="71,108,25,21,45,42,29,7,135,97,73,125,115"/><T92/><D124/><U116/><E116/><V78/><F122/><W79/><G115/><T26/><D133/><U27/><E68/><V106/><F117/><W110/><G125/><T96/><D36/><U34/><E3/><V131/><F78/><W28/><G135/><T111/><D112/><U40/><E6/><V129/><F49/><W80/><G71/><T57/><D114/><U51/><E100/><V43/><F43/><W16/><G97/><T19/><D35/><U77/><E83/><V132/><F132/><W120/><G7/><T31/><D31/><U22/><E34/><V126/><F126/><W123/><G29/><T53/><D57/><U46/><E58/><V23/><F23/><W90/><G90/><T15/><D26/><U103/><E103/><V119/><F119/><W12/><G120/><T89/><REACH who="0" step="1"/><D11/><REACH who="0" ten="240,250,250,250" step="2"/><U55/><E121/><V99/><F106/><W74/><G123/><T47/><D47/><U59/><E77/><V41/><F105/><W5/><G74/><T66/><AGARI ba="0,1" hai="8,15,19,44,50,53,56,62,66,89,92,96,109,111" machi="66" ten="30,6000,0" yaku="1,1,0,1,52,1,53,0" doraHai="9" doraHaiUra="69" who="0" fromWho="0" sc="240,70,250,-20,250,-20,250,-20" /><INIT seed="0,1,0,3,0,42" ten="310,230,230,230" oya="0" hai0="26,119,69,81,90,35,27,50,103,51,13,11,131" hai1="80,59,64,18,126,48,8,128,83,61,94,68,46" hai2="118,98,104,132,3,22,82,60,75,7,100,54,117" hai3="93,44,72,79,133,77,124,129,105,115,109,92,4"/><T95/><D119/><N who="2" m="45578" /><F22/><W66/><G115/><T41/><D69/><U73/><E128/><V21/><F21/><W15/><G129/><T55/><D131/><U39/><E126/><V10/><F54/><W30/><G124/><T25/><D35/><U58/><E94/><V123/><F60/><W5/><G105/><T0/><D0/><U96/><E96/><V37/><F132/><W52/><G66/><T45/><D81/><U76/><E83/><V101/><F101/><W33/><G133/><T102/><D11/><U87/><E73/><V20/><F20/><W71/><G71/><T88/><D13/><U29/><E29/><V32/><F37/><W28/><G33/><T91/><REACH who="0" step="1"/><D95/><REACH who="0" ten="300,230,230,230" step="2"/><U70/><E70/><V121/><F32/><W99/><G15/><T53/><D53/><U78/><E68/><V40/><F40/><W65/><G93/><T89/><N who="0" m="22528" /><DORA hai="63" /><T9/><D9/><U114/><E8/><V85/><F10/><W74/><G92/><T122/><D122/><U16/><E80/><V113/><F3/><W12/><G12/><T17/><D17/><U86/><E16/><V108/><F123/><W111/><G65/><T49/><D49/><U120/><E18/><V19/><F19/><W107/><G107/><T84/><D84/><U24/><E87/><V38/><F85/><W34/><G34/><T127/><D127/><U67/><E86/><V125/><F125/><W106/><G106/><T6/><D6/><U31/><E120/><V57/><F121/><W116/><G5/><T134/><D134/><U135/><E135/><V23/><F104/><RYUUKYOKU ba="1,1" sc="300,30,230,-10,230,-10,230,-10" hai0="25,26,27,41,45,50,51,55,102,103" /><INIT seed="0,2,1,1,4,83" ten="330,220,220,220" oya="0" hai0="89,10,71,78,100,16,20,90,8,97,15,11,134" hai1="49,66,17,35,12,119,45,31,58,26,27,5,25" hai2="106,95,43,122,57,114,105,23,70,65,79,14,51" hai3="133,124,116,1,54,21,22,55,62,88,47,24,53"/><T72/><D134/><U99/><E119/><V82/><F122/><W131/><G116/><T76/><D71/><U109/><E109/><V7/><F70/><W128/><G133/><T110/><D110/><U126/><E126/><V112/><F95/><W0/><G124/><T91/><REACH who="0" step="1"/><D72/><REACH who="0" ten="320,220,220,220" step="2"/><U129/><E129/><V80/><F114/><W50/><G131/><T84/><D84/><U73/><E73/><V61/><F112/><W4/><G128/><T108/><D108/><U36/><E99/><V69/><F69/><W3/><G62/><T107/><AGARI ba="2,2" hai="8,10,11,15,16,20,76,78,89,90,91,97,100,107" machi="107" ten="30,6000,0" yaku="1,1,0,1,54,1,53,0" doraHai="83" doraHaiUra="67" who="0" fromWho="0" sc="320,86,220,-22,220,-22,220,-22" /><INIT seed="0,3,0,0,3,34" ten="406,198,198,198" oya="0" hai0="43,59,90,31,68,25,41,58,98,46,87,26,74" hai1="96,72,88,69,50,6,64,23,24,107,51,19,37" hai2="33,22,3,52,11,118,5,123,117,17,128,1,54" hai3="73,109,91,67,47,110,70,92,15,133,95,53,130"/><T63/><D74/><U119/><E119/><N who="2" m="45579" /><F128/><W42/><G73/><T106/><D68/><U9/><E37/><V111/><F123/><W124/><G130/><T97/><D106/><U71/><E72/><V7/><F33/><W2/><G124/><T44/><D63/><U66/><E71/><V77/><F77/><W38/><G133/><T62/><D62/><U114/><E69/><V10/><F111/><W82/><G67/><T29/><D87/><U121/><E121/><V80/><F80/><W30/><G70/><T76/><D90/><U108/><E108/><N who="3" m="41578" /><G2/><T105/><REACH who="0" step="1"/><D105/><REACH who="0" ten="396,198,198,198" step="2"/><U48/><E107/><V125/><F125/><W61/><G91/><T45/><D45/><U81/><E114/><V57/><F57/><W93/><G61/><T78/><AGARI ba="3,1" hai="25,26,29,31,41,43,44,46,58,59,76,78,97,98" machi="78" ten="25,12000,1" yaku="1,1,0,1,22,2,8,1,53,0" doraHai="34" doraHaiUra="60" who="0" fromWho="0" sc="396,139,198,-43,198,-43,198,-43" /><INIT seed="0,4,0,0,1,77" ten="535,155,155,155" oya="0" hai0="55,93,20,62,29,95,1,14,108,104,12,132,21" hai1="52,39,24,10,6,112,43,84,28,7,25,47,98" hai2="130,4,92,16,49,35,126,127,122,57,105,75,59" hai3="88,85,56,103,50,26,135,101,64,34,76,30,119"/><T99/><D1/><U81/><E112/><V91/><F105/><W69/><G119/><T107/><D132/><U46/><E98/><V38/><F38/><W96/><G135/><T72/><D72/><U106/><E106/><V44/><F4/><W63/><G76/><T79/><D79/><U89/><E7/><V0/><F35/><W73/><G73/><T78/><D78/><U129/><E129/><V109/><F0/><W23/><G103/><T22/><D29/><U5/><E5/><V97/><F109/><W134/><G134/><T118/><D118/><U13/><E28/><V71/><F71/><W102/><G23/><T87/><D108/><U66/><E66/><V100/><F122/><W115/><G115/><T48/><D62/><U90/><E90/><V2/><F2/><W83/><G101/><T15/><D87/><U111/><E111/><V8/><F100/><W113/><G113/><T68/><D68/><U80/><E80/><V51/><F51/><W54/><G50/><T9/><D9/><U131/><E131/><V27/><F130/><W11/><G11/><T36/><D36/><U40/><E52/><N who="2" m="29735" /><F75/><W116/><G116/><T67/><D67/><U70/><E70/><V58/><F8/><W86/><G86/><T125/><D125/><N who="2" m="47626" /><F59/><W31/><G31/><T17/><D17/><U45/><E39/><V82/><F82/><W61/><G102/><N who="0" m="62559" /><D107/><U120/><E120/><V74/><F74/><W65/><G65/><T37/><D37/><U110/><E110/><V3/><F3/><W19/><G19/><T94/><D48/><U123/><E123/><RYUUKYOKU ba="4,0" sc="535,0,155,0,155,0,155,0" hai0="12,14,15,20,21,22,55,93,94,95" hai1="6,10,13,24,25,40,43,45,46,47,81,84,89" hai2="16,27,57,58,91,92,97" hai3="26,30,34,54,56,61,63,64,69,83,85,88,96" /><INIT seed="0,5,0,5,1,81" ten="535,155,155,155" oya="0" hai0="22,41,97,7,27,103,63,104,43,57,76,96,120" hai1="73,135,14,31,106,131,122,15,23,67,98,129,113" hai2="121,94,101,46,16,86,87,34,66,134,48,20,3" hai3="80,38,11,124,110,71,78,40,112,21,128,25,74"/><T54/><D120/><U83/><E122/><V72/><F72/><W61/><G112/><T55/><D76/><U60/><E113/><V42/><F34/><W84/><G110/><T2/><D96/><U95/><E106/><V17/><F3/><W28/><G128/><T123/><D123/><U69/><E135/><V56/><F134/><W4/><G124/><T111/><D111/><U102/><E73/><V93/><F17/><W51/><G61/><T37/><D37/><U65/><E65/><V30/><F30/><W8/><G71/><T100/><D100/><U79/><E79/><V68/><F68/><W32/><G11/><T130/><D130/><N who="1" m="49675" /><E83/><V92/><F101/><W88/><G51/><T58/><D7/><U9/><E9/><V107/><F107/><W125/><G125/><T50/><REACH who="0" step="1"/><D2/><REACH who="0" ten="525,155,155,155" step="2"/><U52/><E102/><V6/><F6/><W47/><G78/><T109/><D109/><U18/><E98/><V44/><F121/><W62/><G74/><T12/><D12/><U19/><E14/><N who="2" m="9239" /><F46/><W39/><G38/><T26/><D26/><U99/><E15/><V133/><F133/><W36/><G39/><T114/><D114/><U0/><E0/><V64/><F56/><W53/><G4/><T35/><D35/><U77/><E69/><V119/><F119/><W108/><G108/><T82/><D82/><U127/><E127/><V126/><F126/><W45/><G32/><T75/><D75/><U117/><E117/><V118/><F118/><W33/><G33/><T29/><AGARI ba="5,1" hai="22,27,29,41,43,50,54,55,57,58,63,97,103,104" machi="29" ten="20,3900,0" yaku="1,1,0,1,7,1,53,0" doraHai="81" doraHaiUra="105" who="0" fromWho="0" sc="525,64,155,-18,155,-18,155,-18" /><INIT seed="0,6,0,3,0,95" ten="589,137,137,137" oya="0" hai0="42,115,6,100,45,89,119,39,41,31,19,7,67" hai1="35,63,97,133,83,130,131,116,121,0,51,37,47" hai2="43,73,117,74,70,12,98,112,44,58,126,53,92" hai3="132,21,134,127,23,62,16,59,40,71,68,87,78"/><T17/><D115/><U86/><E121/><V105/><F70/><W34/><G34/><T123/><D123/><U55/><E35/><V99/><F112/><W77/><G127/><T84/><D119/><U120/><E0/><V28/><F28/><W102/><G23/><T1/><D67/><U9/><E116/><V3/><F3/><W125/><G125/><T61/><D61/><U108/><E120/><V11/><F105/><W104/><G40/><T124/><D124/><U56/><E133/><N who="3" m="51306" /><G102/><T15/><D31/><U18/><E108/><V111/><F111/><W13/><G104/><T75/><D75/><U25/><E37/><V79/><F79/><N who="3" m="30219" /><G87/><T109/><D109/><U22/><E9/><V20/><F20/><W50/><G50/><T33/><D33/><U8/><E8/><V122/><F74/><W27/><G27/><T113/><D100/><U48/><E97/><N who="2" m="36875" /><F73/><W49/><G49/><T114/><D1/><U60/><E48/><N who="2" m="26655" /><F126/><W14/><G14/><T93/><D15/><U135/><E135/><V129/><F117/><W72/><G72/><T4/><D113/><U29/><E29/><V106/><F106/><W26/><G13/><T101/><D114/><U94/><E94/><V96/><F122/><W88/><G88/><T82/><D39/><U10/><E10/><V36/><F36/><W81/><G81/><T110/><D110/><U32/><E32/><V2/><F2/><W80/><G80/><T64/><D82/><U66/><E60/><N who="2" m="35919" /><F92/><W65/><AGARI ba="6,0" hai="16,21,26,59,62,65,68,71" m="30219,51306" machi="65" ten="30,2000,0" yaku="20,1,54,1" doraHai="95" who="3" fromWho="3" sc="589,-16,137,-11,137,-11,137,38" /><INIT seed="1,0,0,3,3,86" ten="573,126,126,175" oya="1" hai0="133,38,48,113,24,135,75,91,16,21,52,105,118" hai1="114,98,55,60,117,125,0,74,93,77,95,99,106" hai2="30,15,76,124,10,89,2,25,6,71,92,20,73" hai3="18,101,7,44,39,111,68,58,109,119,4,63,53"/><U102/><E0/><V112/><F71/><W127/><G101/><T83/><D118/><U94/><E117/><V35/><F124/><W32/><G119/><T11/><D113/><U67/><E114/><V96/><F112/><W28/><G127/><T100/><D38/><U131/><E125/><V103/><F76/><W123/><G123/><T54/><D105/><U87/><E55/><V66/><F66/><W88/><G68/><T84/><D100/><U23/><E131/><V45/><F45/><W57/><G28/><T121/><D121/><U90/><E23/><V22/><F73/><W78/><G78/><T50/><D11/><U82/><E60/><V8/><REACH who="2" step="1"/><F103/><REACH who="2" ten="573,126,116,175" step="2"/><W5/><G44/><T97/><D75/><U27/><E67/><V130/><F130/><W17/><G58/><N who="0" m="33031" /><D135/><U85/><E27/><V46/><F46/><W34/><G39/><T122/><D133/><U65/><E65/><V110/><F110/><N who="3" m="41995" /><G34/><T107/><D122/><U59/><E59/><V70/><F70/><W72/><G72/><T49/><D107/><U64/><E64/><V132/><F132/><W129/><G32/><T104/><D104/><U108/><E108/><V37/><F37/><W62/><G129/><T19/><D54/><U13/><E13/><V126/><F126/><W79/><G79/><T115/><D115/><U120/><E120/><V80/><F80/><W3/><G63/><T69/><D69/><U14/><E14/><V47/><F47/><W41/><G3/><T43/><D50/><U33/><E33/><V31/><F31/><W40/><G40/><T134/><D43/><RYUUKYOKU ba="0,1" sc="573,-15,126,15,116,15,175,-15" hai1="74,77,82,85,87,90,93,94,95,98,99,102,106" hai2="2,6,8,10,15,20,22,25,30,35,89,92,96" /><INIT seed="1,1,1,1,1,57" ten="558,141,131,160" oya="1" hai0="121,80,115,87,15,130,54,79,73,26,62,103,51" hai1="44,64,52,96,30,93,6,9,105,82,114,63,70" hai2="13,21,40,42,0,60,55,71,106,3,117,56,108" hai3="31,99,8,39,109,123,122,36,34,102,111,50,28"/><U25/><E114/><V83/><F117/><W41/><G8/><T74/><D115/><U85/><E105/><V20/><F106/><W18/><G18/><T48/><D130/><U125/><E125/><V65/><F108/><N who="3" m="41547" /><G50/><T16/><D121/><N who="3" m="46089" /><G41/><T88/><D103/><U81/><E85/><V45/><F42/><W132/><G132/><T75/><D26/><U37/><E37/><N who="3" m="14410" /><G34/><T78/><D78/><U27/><E27/><V22/><F13/><W29/><G99/><T61/><D51/><U1/><E44/><V58/><F45/><W91/><G91/><T135/><D79/><U124/><E124/><V11/><F40/><W94/><G94/><T127/><D127/><U47/><E47/><V119/><F11/><W43/><G43/><T95/><D95/><U113/><E113/><V77/><F77/><W35/><G35/><T110/><D110/><U76/><E76/><V112/><F112/><W69/><G69/><T46/><REACH who="0" step="1"/><D135/><REACH who="0" ten="548,141,131,160" step="2"/><U84/><E82/><V86/><F83/><W49/><G49/><T10/><AGARI ba="1,2" hai="10,15,16,46,48,54,61,62,73,74,75,80,87,88" machi="10" ten="30,16000,3" yaku="1,1,2,1,0,1,25,2,52,2,54,2,53,0" doraHai="57" doraHaiUra="19" who="0" fromWho="0" sc="548,183,141,-81,131,-41,160,-41" /><INIT seed="2,0,0,3,0,79" ten="731,60,90,119" oya="2" hai0="28,56,94,97,70,127,20,126,0,24,18,52,30" hai1="113,87,22,48,122,2,32,10,72,134,73,125,65" hai2="76,4,78,53,123,102,12,15,112,103,130,38,133" hai3="124,40,59,16,131,43,62,95,89,86,58,26,105"/><V106/><F123/><W120/><G120/><T75/><D70/><U119/><E65/><V25/><F112/><W100/><G131/><T98/><D75/><U74/><E48/><V109/><F38/><W11/><G124/><N who="0" m="47659" /><D0/><U7/><E122/><V6/><F25/><W129/><G129/><T68/><D68/><U33/><E125/><V55/><F130/><W82/><G59/><T114/><D114/><U19/><E113/><V108/><REACH who="2" step="1"/><F106/><REACH who="2" ten="731,60,80,119" step="2"/><W93/><G105/><T57/><D24/><U107/><E107/><V80/><F80/><W83/><G26/><T35/><D35/><U99/><E33/><V36/><F36/><W117/><G117/><T135/><D135/><AGARI ba="0,1" hai="4,6,12,15,53,55,76,78,102,103,108,109,133,135" machi="135" ten="25,4800,0" yaku="1,1,22,2,53,0" doraHai="79" doraHaiUra="88" who="2" fromWho="0" sc="731,-48,60,0,80,58,119,0" /><INIT seed="2,1,0,0,5,19" ten="683,60,138,119" oya="2" hai0="63,127,55,88,80,62,23,40,87,96,41,108,75" hai1="26,91,48,52,2,14,4,118,134,7,107,38,66" hai2="57,113,119,25,67,112,101,44,135,13,73,74,16" hai3="128,37,76,71,56,18,83,89,8,43,15,45,78"/><V100/><F119/><W104/><G128/><T70/><D108/><U72/><E118/><V120/><F120/><W105/><G71/><T5/><D127/><U3/><E107/><V22/><F135/><W68/><G68/><T53/><D5/><U21/><E38/><V36/><F67/><W59/><G78/><T28/><D75/><U99/><E72/><V54/><F74/><W82/><G59/><T86/><D70/><U31/><E66/><V20/><F73/><W49/><G76/><T124/><D96/><U111/><E111/><V64/><F113/><W34/><G34/><T61/><D124/><U12/><E2/><V17/><F112/><W29/><G29/><T42/><D86/><U114/><E134/><V121/><F121/><W11/><G83/><T35/><D35/><U129/><E129/><V90/><F90/><W95/><G82/><T93/><D80/><U123/><E123/><V115/><F115/><W126/><G126/><T51/><D51/><U27/><E27/><AGARI ba="1,0" hai="23,27,28,40,41,42,53,55,61,62,63,87,88,93" machi="27" ten="40,5200,0" yaku="8,1,52,1,54,1" doraHai="19" who="0" fromWho="1" sc="683,55,60,-55,138,0,119,0" /><INIT seed="3,0,0,3,1,0" ten="738,5,138,119" oya="3" hai0="48,122,3,5,134,55,35,79,89,40,84,81,121" hai1="19,29,74,113,1,108,45,76,64,38,46,118,104" hai2="14,32,33,42,116,58,4,41,17,69,135,132,98" hai3="103,99,105,101,50,8,25,124,22,49,126,68,26"/><W27/><G68/><T16/><D35/><N who="2" m="13386" /><F69/><W11/><G22/><T10/><D134/><N who="2" m="51242" /><F116/><W94/><G105/><T127/><D127/><N who="3" m="48681" /><G103/><T36/><D36/><U44/><E38/><V9/><F58/><W95/><G95/><T107/><D107/><U120/><E104/><V85/><F98/><W13/><G11/><T90/><D40/><N who="2" m="15466" /><F85/><W70/><G70/><T6/><D122/><U91/><E120/><V111/><F111/><W66/><G66/><T73/><D121/><U119/><E108/><V129/><F129/><W93/><G93/><T51/><D73/><U131/><E131/><V62/><F62/><W28/><G28/><T12/><D51/><U54/><E119/><V80/><F80/><W88/><G101/><T125/><D125/><U7/><E118/><V72/><F72/><W61/><G61/><T112/><D112/><U133/><E74/><V43/><F43/><W20/><G20/><T106/><D106/><U110/><E110/><V82/><F82/><W67/><G67/><T100/><D100/><U102/><E133/><V71/><F71/><W97/><G97/><T60/><D60/><U92/><E64/><V37/><F37/><W39/><G39/><T21/><D81/><U78/><E102/><V23/><F23/><W63/><G63/><T57/><D21/><U117/><E117/><V87/><F87/><W31/><G31/><T123/><D84/><U2/><E113/><V77/><F77/><N who="1" m="29801" /><E54/><V18/><AGARI ba="0,0" hai="4,9,14,17,18" m="15466,51242,13386" machi="18" ten="40,2700,0" yaku="20,1,52,1" doraHai="0" who="2" fromWho="2" sc="738,-7,5,-7,138,27,119,-13" owari="731,82.0,-2,-50.0,165,-3.0,106,-29.0" /></mjloggm>