<mjloggm ver="2.3"><GO type="41" lobby="0"/><UN n0="%E3%81%BE%E3%81%82%EF%BC%99" n1="%E9%BB%84%E9%BE%8D%E7%8E%8B%E3%81%97%E3%81%92%35%37" n2="%57%61%73%73%65" n3="%E2%93%9D%53%75%70%68%78" dan="14,15,14,18" rate="1839.99,1982.64,1886.91,2133.78" sx="M,M,F,M"/><TAIKYOKU oya="0"/><INIT seed="0,0,0,1,0,73" ten="250,250,250,250" oya="0" hai0="17,3,27,96,71,36,121,110,79,131,114,8,21" hai1="92,51,6,61,1,101,126,117,113,125,31,67,35" hai2="86,102,69,124,94,107,70,50,23,11,99,7,111" hai3="40,104,84,100,26,64,24,98,12,112,122,4,58"/><T76/><D114/><U63/><E113/><V74/><F111/><W97/><G112/><T80/><D121/><U34/><E117/><V19/><F124/><W81/><G122/><T60/><D36/><U54/><E1/><V2/><F74/><W87/><G40/><T135/><D96/><U39/><E39/><V105/><F105/><W115/><G87/><T30/><D135/><U29/><E6/><V90/><REACH who="2" step="1"/><F50/><REACH who="2" ten="250,250,240,250" step="2"/><W45/><G104/><T5/><D110/><U32/><E51/><V134/><F134/><W42/><G115/><T56/><D131/><U46/><E46/><V88/><F88/><W0/><G45/><T52/><D71/><U48/><E126/><V33/><F33/><W72/><G72/><T78/><REACH who="0" step="1"/><D30/><REACH who="0" ten="240,250,240,250" step="2"/><U18/><E31/><V57/><F57/><W37/><G58/><T25/><D25/><AGARI ba="0,2" hai="2,7,11,19,23,25,69,70,86,90,94,99,102,107" machi="25" ten="30,2000,0" yaku="1,1,7,1,53,0" doraHai="73" doraHaiUra="38" who="2" fromWho="0" sc="240,-20,250,0,240,40,250,0" /><INIT seed="1,0,0,2,5,43" ten="220,250,280,250" oya="1" hai0="90,85,47,115,83,104,7,52,68,132,122,70,8" hai1="97,34,119,98,50,44,112,46,78,29,51,30,45" hai2="109,113,62,61,102,58,39,33,40,108,57,53,35" hai3="101,125,121,38,131,71,56,60,134,54,27,76,100"/><U1/><E1/><V129/><F102/><W89/><G121/><T6/><D115/><U86/><E112/><V17/><F113/><W66/><G131/><T128/><D132/><U75/><E75/><V110/><F129/><W69/><G76/><T36/><D128/><U67/><E119/><V81/><F81/><W123/><G125/><T95/><D122/><U0/><E0/><V106/><F106/><W42/><G89/><T9/><D104/><U18/><E67/><N who="2" m="39343" /><F17/><W31/><G71/><T127/><D127/><U3/><E3/><V65/><F35/><W73/><G73/><T5/><D70/><U111/><E34/><V12/><F12/><W48/><G134/><T82/><D68/><U120/><E120/><V130/><F33/><W41/><G41/><T92/><D36/><U114/><E114/><V116/><F130/><W55/><G55/><T126/><D126/><U99/><E111/><V4/><F4/><W26/><G123/><T13/><D82/><N who="1" m="47447" /><E18/><V133/><F116/><W21/><G27/><T20/><D20/><U91/><E91/><V96/><F96/><N who="1" m="24577" /><U59/><DORA hai="63" /><E59/><V93/><F133/><W16/><G31/><AGARI ba="0,0" hai="29,30,31,44,45,46,50,51" m="24577,47447" machi="31" ten="40,12000,1" yaku="8,1,52,3" doraHai="43,63" who="1" fromWho="3" sc="220,0,250,120,280,0,250,-120" /><INIT seed="1,1,0,4,1,80" ten="220,370,280,130" oya="1" hai0="110,132,76,14,89,91,36,60,83,0,57,56,17" hai1="27,2,74,45,103,72,115,37,35,64,18,81,75" hai2="22,114,44,42,119,124,121,13,47,51,40,34,106" hai3="68,96,105,48,116,24,54,39,67,130,109,99,100"/><U33/><E115/><V43/><F34/><W112/><G112/><T38/><D0/><U120/><E120/><V50/><F106/><W127/><G39/><T88/><D110/><U31/><E35/><V108/><F114/><W129/><G109/><T93/><D132/><U126/><E126/><V30/><F124/><W101/><G127/><T92/><D38/><U26/><E64/><V128/><F119/><W90/><G24/><T82/><D36/><U71/><E71/><V65/><F128/><W23/><G23/><T49/><D49/><U131/><E131/><V5/><F65/><W104/><G116/><T86/><D57/><U122/><E122/><V46/><F121/><W111/><G111/><T97/><D56/><U20/><E103/><V95/><F5/><W62/><REACH who="3" step="1"/><G90/><REACH who="3" ten="220,370,280,120" step="2"/><N who="0" m="51543" /><D60/><U94/><E37/><V6/><F108/><W79/><G79/><T10/><D93/><U134/><E94/><V125/><F95/><W78/><G78/><T7/><D7/><U58/><E134/><V63/><F63/><W12/><G12/><T15/><D15/><U9/><E2/><V73/><F125/><W29/><G29/><T25/><D25/><U133/><E133/><V21/><F30/><W11/><G11/><T32/><D32/><U66/><E9/><V87/><F13/><W85/><G85/><AGARI ba="1,1" hai="10,14,17,76,83,85,88,89,91,92,97" m="51543" machi="85" ten="30,7700,0" yaku="8,1,52,2,54,1" doraHai="80" who="0" fromWho="3" sc="220,90,370,0,280,0,120,-80" /><INIT seed="2,0,0,2,3,55" ten="310,370,280,40" oya="2" hai0="5,77,116,70,1,78,80,64,19,92,9,114,120" hai1="15,119,123,10,20,25,97,81,11,129,0,100,59" hai2="66,113,101,26,121,74,37,46,122,128,107,57,132" hai3="34,96,118,17,58,110,21,12,69,76,94,98,56"/><V103/><F74/><W47/><G118/><T13/><D114/><U39/><E119/><V131/><F132/><W89/><G34/><T23/><D120/><N who="2" m="46186" /><F26/><W44/><G69/><T71/><D78/><U91/><E123/><V48/><F107/><W75/><G110/><T87/><D116/><U102/><E0/><V32/><F32/><W27/><G75/><T105/><D105/><U60/><E11/><V124/><F37/><W28/><G76/><T6/><D5/><U22/><E39/><V65/><F113/><W63/><G98/><T38/><D38/><U88/><E81/><V42/><F103/><W4/><G58/><T45/><D45/><U83/><E83/><V84/><F84/><W86/><G86/><T106/><D106/><U29/><E22/><V117/><F101/><N who="1" m="39017" /><E97/><V109/><F117/><W51/><G51/><T93/><D64/><N who="2" m="24682" /><F109/><W30/><G30/><T115/><D115/><U18/><E129/><N who="2" m="49739" /><F124/><W125/><G125/><T49/><D70/><U108/><E108/><V41/><F57/><W35/><REACH who="3" step="1"/><G4/><REACH who="3" ten="310,370,280,30" step="2"/><T82/><D71/><U68/><E68/><V2/><F2/><W53/><AGARI ba="0,1" hai="12,17,21,27,28,35,44,47,53,56,63,89,94,96" machi="53" ten="20,12000,2" yaku="1,1,2,1,0,1,7,1,52,1,53,1" doraHai="55" doraHaiUra="95" who="3" fromWho="3" sc="310,-30,370,-30,280,-60,30,130" /><INIT seed="3,0,0,1,5,88" ten="280,340,220,160" oya="3" hai0="18,134,24,77,33,80,126,38,53,58,81,22,39" hai1="101,124,96,72,13,67,105,14,6,61,131,48,87" hai2="106,129,44,10,30,78,66,64,21,125,50,25,70" hai3="60,83,76,85,98,23,127,115,79,120,99,112,73"/><W3/><G3/><T100/><D134/><U63/><E72/><V118/><F129/><W65/><G23/><T19/><D126/><U4/><E124/><V89/><F106/><W122/><G60/><T68/><D68/><U62/><E131/><V107/><F107/><W17/><G17/><T20/><D33/><U123/><E123/><N who="3" m="47146" /><G65/><T35/><D35/><U26/><E67/><V113/><F70/><W32/><G32/><T74/><D100/><U31/><E48/><V111/><F118/><W7/><G7/><T116/><D81/><U97/><E87/><V59/><F113/><N who="3" m="43595" /><G127/><T117/><D38/><U8/><E97/><N who="3" m="36874" /><G73/><T5/><D39/><U56/><E56/><V29/><F125/><W1/><G1/><T34/><D5/><U36/><E36/><V52/><F10/><W103/><G103/><T71/><D34/><U41/><E41/><V84/><F30/><W46/><G46/><T42/><D42/><U110/><E14/><V15/><F15/><W108/><G108/><T119/><D71/><U69/><E6/><V92/><F111/><W47/><G47/><T133/><D18/><U57/><E69/><V45/><F44/><W91/><AGARI ba="0,0" hai="76,79,83,85,91" m="36874,43595,47146" machi="91" ten="40,3900,0" yaku="34,2" doraHai="88" who="3" fromWho="3" sc="280,-13,340,-13,220,-13,160,39" /><INIT seed="3,1,0,5,2,71" ten="267,327,207,199" oya="3" hai0="39,97,8,42,47,46,31,118,56,43,17,4,117" hai1="80,124,126,90,99,25,59,94,14,107,125,84,44" hai2="133,108,83,10,26,45,51,1,122,3,34,113,92" hai3="9,6,114,60,76,74,102,85,24,127,65,58,38"/><W64/><G114/><T55/><D31/><U70/><E70/><V109/><F113/><W116/><G116/><T21/><D97/><U110/><E59/><V120/><F133/><W36/><G74/><T23/><D23/><U5/><E25/><V129/><F83/><W93/><G127/><T35/><D35/><U89/><E110/><N who="2" m="42603" /><F92/><W54/><G24/><T0/><D43/><U7/><E107/><V15/><F129/><W91/><G76/><T121/><D47/><U101/><E44/><V119/><F51/><W128/><G128/><T13/><D121/><N who="2" m="46698" /><F45/><W112/><G112/><T28/><D28/><U123/><E123/><V96/><F96/><W66/><REACH who="3" step="1"/><G102/><REACH who="3" ten="267,327,207,189" step="2"/><T49/><AGARI ba="1,1" hai="0,4,8,13,17,21,39,42,46,49,55,56,117,118" machi="49" ten="20,2700,0" yaku="0,1,7,1,52,1" doraHai="71" who="0" fromWho="0" sc="267,40,327,-8,207,-8,189,-14" /><INIT seed="4,0,0,4,0,22" ten="307,319,199,175" oya="0" hai0="110,76,0,18,45,67,55,52,123,24,19,32,128" hai1="119,10,118,77,115,75,71,82,3,114,4,95,31" hai2="29,14,84,1,37,74,34,51,50,63,48,61,6" hai3="11,73,101,129,72,103,85,113,56,117,126,42,60"/><T97/><D123/><U43/><E95/><V125/><F74/><W86/><G42/><T87/><D128/><U8/><E71/><V120/><F37/><W112/><G11/><T96/><D0/><U105/><E105/><V66/><F125/><W91/><G56/><T53/><D67/><U26/><E10/><V98/><F1/><W5/><G60/><T104/><D104/><U46/><E26/><V79/><F120/><W15/><G15/><T121/><D121/><U7/><E31/><V88/><F29/><W2/><G2/><T131/><D131/><U39/><REACH who="1" step="1"/><E7/><REACH who="1" ten="307,309,199,175" step="2"/><V102/><F34/><W47/><G129/><T44/><D110/><U30/><E30/><V69/><F6/><W132/><G5/><T36/><D18/><U9/><E9/><V81/><F14/><W57/><G126/><T106/><D106/><U111/><E111/><V58/><F102/><W80/><G103/><T99/><D36/><U93/><E93/><V127/><F127/><W13/><G13/><T65/><D65/><U62/><E62/><V12/><F12/><W54/><G101/><T41/><D41/><U107/><E107/><V109/><F109/><W133/><G113/><AGARI ba="0,1" hai="3,4,8,39,43,46,75,77,82,113,114,115,118,119" machi="113" ten="40,12000,2" yaku="1,1,25,2,15,1,11,1,23,2,53,0" doraHai="22" doraHaiUra="130" who="1" fromWho="3" sc="307,0,309,130,199,0,175,-120" /><INIT seed="5,0,0,3,4,58" ten="307,439,199,55" oya="1" hai0="129,76,68,9,108,114,59,14,12,104,81,62,20" hai1="87,95,110,8,82,109,70,135,11,7,94,102,71" hai2="132,54,22,28,53,26,97,64,60,35,122,17,24" hai3="51,16,100,133,32,118,88,128,134,15,66,79,101"/><U78/><E135/><N who="3" m="51722" /><G32/><T34/><D108/><N who="1" m="41579" /><E102/><N who="3" m="39530" /><G79/><T38/><D114/><U56/><E56/><V117/><F132/><W57/><G128/><T5/><D68/><N who="1" m="26155" /><E11/><V40/><F122/><W124/><G124/><T74/><D104/><U113/><E113/><V84/><F97/><W41/><G118/><T72/><D34/><U107/><E107/><V89/><F117/><W36/><G36/><T27/><D129/><U116/><E116/><V55/><F40/><W69/><G69/><T43/><D14/><AGARI ba="0,0" hai="7,8,14,78,82,87,94,95" m="26155,41579" machi="14" ten="30,1500,0" yaku="10,1" doraHai="58" who="1" fromWho="0" sc="307,-15,439,15,199,0,55,0" /><INIT seed="5,1,0,5,1,31" ten="292,454,199,55" oya="1" hai0="94,68,97,47,22,75,34,42,40,12,125,95,53" hai1="0,35,4,10,65,72,33,69,30,100,13,41,135" hai2="129,111,87,3,82,106,119,51,59,113,18,8,32" hai3="103,66,128,23,49,120,105,84,117,80,112,127,29"/><U60/><E135/><V9/><F111/><W5/><G120/><T79/><D68/><U64/><E41/><V93/><F106/><W77/><G128/><T11/><D34/><N who="1" m="12811" /><E13/><V96/><F119/><W6/><G112/><T63/><D63/><N who="1" m="40095" /><E30/><V122/><F32/><W15/><G127/><T86/><D53/><U76/><E100/><V83/><F122/><W85/><G103/><T114/><D125/><U107/><E60/><V126/><F126/><W17/><G29/><T36/><D94/><U104/><E65/><V46/><F129/><W131/><G131/><T98/><D22/><U45/><E45/><V37/><F37/><W89/><G66/><T88/><D42/><U57/><E57/><V39/><F39/><W121/><G121/><T38/><D38/><U24/><E24/><V2/><F59/><W115/><G105/><T92/><D95/><U14/><E14/><V108/><F18/><W16/><G17/><T90/><D90/><U74/><E74/><V25/><F25/><W102/><G102/><T78/><D75/><U109/><E109/><V123/><F123/><W133/><G133/><T44/><D47/><U71/><E71/><V61/><F61/><W73/><G73/><T19/><D44/><U101/><E101/><V124/><F108/><W21/><G21/><T27/><D40/><U67/><E67/><V91/><F46/><W55/><G115/><T28/><D36/><U118/><E118/><V20/><F124/><W48/><G117/><T132/><D114/><U62/><E62/><V52/><F20/><W116/><G116/><T81/><D132/><RYUUKYOKU ba="1,0" sc="292,-10,454,30,199,-10,55,-10" hai1="0,4,10,72,76,104,107" /><INIT seed="5,2,0,3,3,44" ten="282,484,189,45" oya="1" hai0="129,132,41,12,107,98,91,8,122,114,62,39,94" hai1="52,124,30,15,84,115,70,110,93,57,54,60,21" hai2="61,127,36,73,42,105,50,119,68,25,28,86,19" hai3="64,92,76,38,0,103,65,77,131,16,71,121,27"/><U6/><E124/><V85/><F73/><W106/><G121/><T63/><D114/><U22/><E70/><V32/><F105/><W80/><G38/><T82/><D129/><U20/><E115/><V123/><F119/><W17/><G0/><T88/><D132/><U130/><E110/><V99/><F99/><W133/><G106/><T11/><D107/><U116/><E130/><V78/><F123/><W134/><G131/><T111/><D8/><U128/><E116/><V95/><F78/><W120/><G120/><T3/><D3/><U74/><E74/><V47/><F95/><W45/><G45/><T13/><D13/><U126/><E128/><V81/><F81/><W97/><G71/><T79/><D111/><U69/><E69/><V96/><F96/><W48/><G48/><T59/><D62/><U33/><E33/><V29/><F19/><W100/><G97/><T112/><D112/><U5/><E126/><V53/><F28/><W46/><G46/><T31/><D31/><U51/><E30/><V135/><F135/><W89/><G92/><T104/><D104/><U75/><E75/><V90/><F90/><W14/><G89/><T117/><D91/><N who="1" m="53479" /><E15/><V67/><REACH who="2" step="1"/><F127/><REACH who="2" ten="282,484,179,45" step="2"/><W101/><G101/><T66/><D88/><U2/><E2/><V125/><F125/><W102/><G102/><T58/><D117/><U4/><E4/><V113/><F113/><W56/><G80/><T87/><D82/><U1/><E1/><V26/><F26/><W109/><G109/><T7/><D122/><U43/><E6/><V18/><F18/><W24/><G14/><RYUUKYOKU ba="2,1" sc="282,-15,484,-15,179,15,45,15" hai2="25,29,32,36,42,47,50,53,61,67,68,85,86" hai3="16,17,24,27,56,64,65,76,77,100,103,133,134" /><INIT seed="6,3,1,2,3,125" ten="267,469,194,60" oya="2" hai0="82,68,5,113,111,91,124,83,22,34,1,40,121" hai1="57,77,56,81,106,35,43,92,116,60,38,93,50" hai2="32,76,95,128,97,129,55,42,72,6,2,18,7" hai3="109,11,103,110,131,36,71,12,45,4,46,64,119"/><V17/><F32/><W13/><G103/><T94/><D68/><U69/><E106/><V66/><F66/><W134/><G119/><T37/><D121/><U120/><E120/><V90/><F42/><W20/><G134/><T104/><D124/><U3/><E35/><V79/><F2/><W41/><G46/><T108/><D104/><U51/><E3/><V27/><F72/><W117/><G117/><T70/><D70/><U114/><E116/><V87/><F27/><W8/><G20/><T9/><D22/><U107/><E107/><V63/><F87/><W48/><G36/><T89/><D34/><U84/><E69/><V132/><F132/><W10/><G10/><T16/><D113/><U39/><E114/><V53/><F63/><W74/><G74/><T28/><D16/><N who="2" m="6250" /><F76/><W118/><G118/><T102/><D102/><U123/><E123/><V54/><F79/><W133/><G133/><T101/><D28/><U26/><E38/><V98/><F97/><W49/><G49/><T75/><D101/><U14/><E39/><V47/><F47/><W52/><G41/><T73/><D94/><U59/><E43/><V15/><F15/><W24/><G24/><T31/><D31/><U58/><E26/><V65/><F65/><W23/><G23/><T112/><D112/><U130/><E14/><V126/><F126/><W21/><G21/><T85/><D40/><U78/><E77/><V96/><F96/><W25/><G25/><T88/><D37/><U29/><E60/><V122/><F122/><W30/><G30/><T19/><D75/><U99/><E78/><RYUUKYOKU ba="3,1" sc="267,-10,469,-10,194,30,60,-10" hai2="6,7,53,54,55,90,95,98,128,129" /><INIT seed="6,4,1,5,3,33" ten="257,459,224,50" oya="2" hai0="3,13,128,28,112,42,127,38,74,130,111,96,48" hai1="66,104,115,99,24,17,113,34,55,131,64,19,103" hai2="27,94,22,78,8,65,67,133,63,97,40,26,119" hai3="82,14,91,1,11,116,110,121,93,100,31,9,12"/><V35/><F119/><W84/><G116/><T118/><D74/><U89/><E55/><V92/><F78/><W86/><G121/><T59/><D28/><U101/><E89/><V68/><F40/><W95/><G110/><T36/><D96/><U43/><E43/><V54/><F8/><W79/><G31/><T2/><D118/><U15/><E103/><V107/><F133/><W73/><G11/><T5/><D111/><U126/><E19/><V81/><F81/><W114/><G114/><N who="1" m="43530" /><E131/><N who="0" m="50217" /><D127/><U23/><E126/><V87/><F87/><W134/><G134/><T70/><D112/><U50/><E50/><V7/><F7/><W106/><G86/><T29/><D29/><AGARI ba="4,1" hai="15,17,23,24,29,34,64,66,99,101,104" m="43530" machi="29" ten="30,1000,0" yaku="15,1" doraHai="33" who="1" fromWho="0" sc="257,-22,459,32,224,0,50,0" /><INIT seed="7,0,0,2,2,0" ten="235,491,224,50" oya="3" hai0="36,127,3,10,133,15,48,45,89,116,12,43,99" hai1="31,56,130,118,1,72,25,76,66,46,123,5,71" hai2="61,16,33,55,37,98,6,50,77,30,7,9,81" hai3="69,64,115,131,114,104,79,84,27,94,65,19,129"/><W17/><G104/><T18/><D116/><U108/><E118/><V100/><F37/><W14/><G27/><T96/><D127/><U83/><E56/><V24/><F61/><W121/><G121/><T38/><D3/><U28/><E123/><V51/><F51/><W8/><G19/><T39/><D133/><U70/><E31/><V21/><F9/><W86/><G94/><T95/><D99/><U85/><E85/><N who="3" m="32874" /><G79/><T119/><D119/><U113/><E66/><N who="3" m="25706" /><G69/><T23/><D36/><U112/><E130/><AGARI ba="0,0" hai="8,14,17,114,115,129,130,131" m="25706,32874" machi="130" ten="30,1500,0" yaku="19,1" doraHai="0" who="3" fromWho="1" sc="235,0,491,-15,224,0,50,15" /><INIT seed="7,1,0,2,2,32" ten="235,476,224,65" oya="3" hai0="122,75,98,31,15,53,63,133,115,99,134,100,81" hai1="35,20,119,117,70,110,85,79,26,3,120,89,27" hai2="125,69,104,46,76,47,123,57,64,59,34,93,80" hai3="16,97,132,11,62,83,135,8,54,130,96,106,87"/><W116/><G116/><N who="1" m="44618" /><E79/><V51/><F104/><W61/><G130/><T41/><D122/><U1/><E70/><V94/><F34/><W126/><G126/><T71/><D31/><N who="1" m="19967" /><E120/><V10/><F125/><W6/><G54/><T7/><D41/><U92/><E110/><V131/><F123/><W109/><G109/><T21/><D99/><N who="3" m="37961" /><G106/><T118/><D118/><U2/><E20/><V72/><F69/><W49/><G49/><T19/><D7/><U52/><E26/><V114/><F131/><W33/><G33/><T14/><D115/><U38/><E52/><V42/><F10/><N who="3" m="3627" /><G6/><T44/><D63/><N who="3" m="24073" /><G87/><T18/><D44/><U113/><E38/><V105/><F105/><W112/><G83/><T29/><D53/><U58/><E58/><V55/><F64/><W65/><G65/><T111/><D71/><U23/><E23/><V82/><F80/><W124/><G124/><T13/><D111/><U68/><E68/><V101/><F47/><W128/><G128/><T40/><D21/><U108/><E108/><V12/><F59/><W129/><G129/><T84/><D81/><U73/><E113/><V107/><F57/><W86/><G86/><T37/><D37/><U25/><E25/><V43/><F55/><W66/><G66/><T78/><D78/><U9/><E73/><V121/><F121/><W60/><N who="3" m="24081" /><W77/><DORA hai="74" /><G77/><T36/><D75/><U39/><E39/><V28/><F43/><W45/><G112/><T0/><D40/><U30/><E30/><V95/><F72/><W5/><G45/><T102/><D36/><U127/><E127/><RYUUKYOKU ba="1,0" sc="235,-10,476,30,224,-10,65,-10" hai1="1,2,3,9,85,89,92" owari="225,3.0,506,60.0,214,-19.0,55,-44.0" /></mjloggm>