<mjloggm ver="2.3"><GO type="41" lobby="0"/><UN n0="%E2%93%9D%53%75%70%68%78" n1="%47%4D%4B" n2="%49%4B%41%4D%49" n3="%E8%BF%91%E8%97%A4%E3%82%A2%E3%83%8D%E3%83%B3%E3%82%B3%E3%83%95" dan="18,14,14,15" rate="2119.08,1852.81,1876.66,2003.52" sx="M,M,F,M"/><TAIKYOKU oya="0"/><INIT seed="0,0,0,0,0,123" ten="250,250,250,250" oya="0" hai0="77,2,33,21,45,125,29,128,13,55,8,106,27" hai1="28,49,3,129,92,135,6,22,79,54,20,16,70" hai2="38,130,48,61,115,98,12,78,24,34,15,112,95" hai3="86,50,75,127,94,101,103,31,88,14,102,134,42"/><T133/><D106/><U110/><E70/><V87/><F130/><W91/><G134/><T100/><D100/><U82/><E135/><V53/><F38/><W9/><G127/><T80/><D133/><U104/><E104/><V52/><F115/><W66/><G75/><T44/><D128/><U47/><E129/><V57/><F112/><W73/><G73/><T89/><D89/><U30/><E110/><V118/><F118/><W39/><G39/><T105/><D105/><U107/><E107/><V108/><F108/><W19/><G31/><T72/><D125/><U11/><E92/><V0/><F0/><W84/><G66/><T99/><D99/><U1/><E1/><V68/><F24/><W69/><G69/><T56/><D33/><U121/><E22/><V122/><F34/><W35/><G35/><T63/><REACH who="0" step="1"/><D2/><REACH who="0" ten="240,250,250,250" step="2"/><U5/><E121/><V64/><F122/><W51/><REACH who="3" step="1"/><G42/><REACH who="3" ten="240,250,250,240" step="2"/><T32/><D32/><U37/><E3/><V7/><F78/><W74/><G74/><T114/><D114/><U76/><E76/><V131/><F131/><W58/><G58/><T132/><D132/><U18/><E79/><V41/><F41/><W113/><G113/><T25/><D25/><U97/><E47/><V10/><F57/><W67/><G67/><T111/><D111/><U43/><E43/><V71/><F71/><W65/><G65/><T17/><AGARI ba="0,2" hai="8,13,17,21,27,29,44,45,55,56,63,72,77,80" machi="17" ten="20,3900,0" yaku="1,1,0,1,7,1,53,0" doraHai="123" doraHaiUra="120" who="0" fromWho="0" sc="240,59,250,-13,250,-13,240,-13" /><INIT seed="0,1,0,0,4,61" ten="299,237,237,227" oya="0" hai0="5,28,132,69,120,14,37,39,79,118,70,24,27" hai1="58,59,94,84,66,91,105,2,43,135,55,32,11" hai2="114,74,57,103,26,15,49,101,72,56,126,80,119" hai3="16,115,21,45,10,86,3,77,25,6,67,87,90"/><T41/><D118/><U127/><E105/><V106/><F126/><W46/><G115/><T7/><D79/><U113/><E32/><V121/><F121/><W89/><G77/><T12/><D41/><U30/><E113/><V52/><F114/><W68/><G68/><T123/><REACH who="0" step="1"/><D28/><REACH who="0" ten="289,237,237,227" step="2"/><U104/><E30/><V116/><F116/><W47/><G67/><T75/><D75/><U60/><E66/><V54/><F74/><W22/><G47/><T93/><D93/><U133/><E94/><V83/><F119/><W109/><G46/><T82/><D82/><U48/><E43/><V9/><F72/><W124/><G45/><T36/><D36/><U71/><E104/><V44/><F80/><W112/><G112/><T111/><D111/><U64/><E64/><V62/><F44/><W23/><G109/><T76/><D76/><U131/><E55/><V78/><F106/><W18/><G124/><T117/><D117/><U35/><E127/><V17/><F78/><W108/><G108/><T128/><D128/><U31/><E131/><V122/><F83/><W38/><G38/><T100/><D100/><U134/><E31/><V96/><F122/><W99/><G25/><T4/><D4/><U98/><E133/><AGARI ba="1,1" hai="5,7,12,14,24,27,37,39,69,70,120,123,132,133" machi="133" ten="25,4800,0" yaku="1,1,22,2,53,0" doraHai="61" doraHaiUra="125" who="0" fromWho="1" sc="289,61,237,-51,237,0,227,0" /><INIT seed="0,2,0,1,5,43" ten="350,186,237,227" oya="0" hai0="134,124,129,1,57,75,73,128,62,49,94,111,121" hai1="82,90,85,27,114,42,56,117,23,103,88,46,50" hai2="101,107,99,30,61,4,47,21,97,76,123,44,31" hai3="127,32,15,59,132,102,51,131,87,12,86,135,122"/><T26/><D121/><U55/><E114/><V9/><F123/><W36/><G122/><T67/><D1/><U96/><E117/><V39/><F76/><W126/><G36/><T6/><D6/><U71/><E71/><V63/><F97/><W2/><G32/><T93/><D124/><N who="3" m="47657" /><G2/><T5/><D5/><U8/><E8/><V60/><F39/><W16/><G102/><T20/><D134/><N who="3" m="51241" /><G131/><N who="0" m="50251" /><D111/><U22/><E90/><V104/><F104/><W100/><G100/><T84/><D49/><U79/><E79/><V64/><F64/><W105/><G105/><T13/><D13/><N who="3" m="5193" /><G16/><N who="0" m="12551" /><D84/><N who="3" m="32297" /><G51/><T35/><D35/><U113/><E113/><V38/><F38/><W40/><G40/><T110/><D110/><U106/><REACH who="1" step="1"/><E27/><REACH who="1" ten="350,176,237,227" step="2"/><V83/><F9/><W37/><G37/><AGARI ba="2,1" hai="22,23,37,42,46,50,55,56,82,85,88,96,103,106" machi="37" ten="30,12000,2" yaku="1,1,2,1,7,1,52,1,54,1,53,1" doraHai="43" doraHaiUra="45" who="1" fromWho="3" sc="350,0,176,136,237,0,227,-126" /><INIT seed="1,0,0,2,4,107" ten="350,312,237,101" oya="1" hai0="31,110,1,59,51,54,79,29,81,13,106,102,76" hai1="5,122,89,105,130,126,7,33,26,58,28,12,15" hai2="34,25,3,48,70,117,46,120,100,44,20,132,71" hai3="11,61,36,0,109,43,56,42,90,72,99,18,38"/><U82/><E122/><V118/><F120/><W60/><G109/><T94/><D106/><U104/><E104/><V113/><F3/><W86/><G99/><T83/><D1/><U14/><E105/><V114/><F34/><W65/><G36/><T53/><D110/><U21/><E130/><V6/><F6/><W135/><G135/><T64/><D64/><U35/><E126/><V57/><F100/><W111/><G111/><T134/><D13/><U37/><E37/><V98/><F98/><W10/><G18/><T19/><D19/><U27/><E58/><V22/><F57/><W95/><G72/><T108/><D94/><U69/><E89/><V92/><F92/><W17/><G11/><T32/><D32/><N who="1" m="12363" /><E82/><V47/><F48/><W87/><G38/><T112/><D108/><U96/><E69/><N who="2" m="26123" /><F132/><W62/><G86/><T52/><D112/><N who="2" m="43114" /><F25/><N who="1" m="9225" /><E96/><V23/><AGARI ba="0,0" hai="20,22,23,44,46,47,117,118" m="43114,26123" machi="23" ten="40,5200,0" yaku="28,2,11,1" doraHai="107" who="2" fromWho="2" sc="350,-13,312,-26,237,52,101,-13" /><INIT seed="2,0,0,3,4,46" ten="337,286,289,88" oya="2" hai0="69,93,52,97,102,65,57,32,20,14,54,17,103" hai1="47,33,21,85,78,25,95,50,87,112,2,134,81" hai2="91,44,135,39,73,96,98,115,121,26,68,13,41" hai3="72,105,9,101,16,63,104,74,22,124,59,107,70"/><V79/><F121/><W86/><G124/><T108/><D108/><U94/><E33/><V113/><F135/><W5/><G101/><T28/><D69/><U76/><E134/><V58/><F68/><W38/><G70/><T100/><D65/><U90/><E2/><V51/><F26/><W119/><G119/><T132/><D54/><U37/><E37/><V3/><F3/><W89/><G38/><T125/><D125/><U18/><E112/><V83/><F13/><W62/><G9/><T123/><D123/><U60/><E60/><V109/><F109/><W106/><G5/><T1/><D1/><U114/><E114/><V92/><REACH who="2" step="1"/><F96/><REACH who="2" ten="337,286,279,88" step="2"/><W48/><G48/><T7/><D132/><U67/><E50/><V15/><F15/><W80/><N who="3" m="26624" /><DORA hai="4" /><W19/><G63/><T64/><D14/><U75/><E25/><V128/><F128/><W45/><G45/><T99/><D99/><U35/><E47/><V66/><F66/><W42/><G42/><T71/><D64/><U6/><E67/><V129/><F129/><W11/><G11/><T84/><D71/><U131/><E131/><V88/><F88/><W126/><G126/><T53/><D103/><U122/><E90/><V23/><F23/><W127/><G127/><T82/><D102/><U30/><E21/><V120/><F120/><W0/><G0/><T8/><D8/><U116/><E122/><V111/><F111/><W61/><G61/><T27/><D20/><U118/><E35/><V31/><F31/><W55/><G22/><T43/><D32/><U29/><E30/><V49/><F49/><RYUUKYOKU ba="0,1" sc="337,-15,286,-15,279,15,88,15" hai2="39,41,44,51,58,73,79,83,91,92,98,113,115" hai3="16,19,55,59,62,72,74,80,86,89" /><INIT seed="2,1,1,4,5,34" ten="322,271,294,103" oya="2" hai0="54,70,60,79,42,104,78,28,80,11,119,24,25" hai1="18,31,64,68,94,130,19,102,16,27,107,41,114" hai2="58,12,74,83,98,95,63,122,128,48,76,56,29" hai3="115,13,73,26,92,127,51,69,4,7,117,1,103"/><V10/><F128/><W113/><G117/><T131/><D104/><U20/><E130/><V120/><F29/><W126/><G69/><T82/><D131/><U32/><E114/><N who="3" m="43530" /><G73/><T72/><D42/><U110/><E110/><V35/><F35/><W121/><G121/><T88/><D11/><U66/><E41/><V57/><F48/><W21/><G51/><T116/><D88/><U55/><E107/><V0/><F0/><W49/><G49/><T15/><D15/><U97/><E68/><V93/><F93/><W81/><G81/><T135/><D135/><U9/><E9/><V123/><F63/><W6/><G13/><T101/><D101/><U87/><E55/><V133/><F133/><W86/><G86/><T30/><D70/><U2/><E2/><V85/><F74/><W124/><G92/><T91/><D72/><U50/><E50/><V65/><F65/><W62/><G103/><T39/><D60/><U71/><E71/><V53/><F53/><W33/><G33/><T44/><D54/><U67/><REACH who="1" step="1"/><E87/><REACH who="1" ten="322,261,294,103" step="2"/><V118/><F118/><W59/><G62/><T111/><D119/><U89/><E89/><V129/><F129/><W22/><G59/><T40/><D116/><U36/><E36/><V108/><F108/><W23/><G1/><T3/><D111/><U96/><E96/><V125/><F123/><W17/><AGARI ba="1,2" hai="4,6,7,17,21,22,23,26,124,126,127" m="43530" machi="17" ten="40,8000,1" yaku="18,1,11,1,34,2" doraHai="34" who="3" fromWho="3" sc="322,-21,261,-21,294,-41,103,103" /><INIT seed="3,0,0,4,5,17" ten="301,240,253,206" oya="3" hai0="79,35,29,21,120,51,104,28,82,102,8,19,25" hai1="99,76,38,97,68,88,66,116,57,32,65,60,89" hai2="129,111,107,74,39,93,10,56,9,75,46,105,31" hai3="135,113,12,71,43,133,131,13,61,16,92,63,36"/><W85/><G113/><T90/><D120/><U95/><E38/><V50/><F111/><W34/><G34/><T4/><D90/><U20/><E32/><V62/><F129/><W98/><G131/><T106/><D51/><U11/><E116/><V109/><F109/><W108/><G108/><T100/><D100/><U128/><E128/><V1/><F39/><W81/><G12/><N who="0" m="9447" /><D29/><U130/><E130/><V86/><F31/><W91/><G43/><T67/><D67/><U15/><E68/><V0/><F0/><W72/><G72/><N who="0" m="43367" /><D102/><U42/><E42/><V118/><F75/><W54/><G36/><T49/><D49/><U115/><E66/><V2/><F74/><W117/><G117/><T24/><D24/><U78/><E115/><V40/><F118/><W77/><G71/><T52/><D52/><N who="1" m="33831" /><E11/><V5/><F10/><N who="3" m="6199" /><G54/><T7/><D7/><U18/><E65/><V64/><F1/><AGARI ba="0,0" hai="1,4,8,25,28,35,104,106" m="43367,9447" machi="1" ten="30,2000,0" yaku="24,1,52,1" doraHai="17" who="0" fromWho="2" sc="301,20,240,0,253,-20,206,0" /><INIT seed="4,0,0,5,5,80" ten="321,240,233,206" oya="0" hai0="116,114,97,103,17,49,92,27,15,32,24,95,56" hai1="89,9,57,87,18,130,123,12,31,120,75,131,104" hai2="101,88,108,81,13,62,91,47,118,122,124,98,2" hai3="61,73,78,117,58,28,63,66,51,90,109,128,39"/><T102/><D114/><U84/><E75/><V60/><F122/><W54/><G117/><T21/><D32/><U93/><E104/><V1/><F108/><W135/><G109/><T10/><D116/><U7/><E31/><V72/><F124/><W115/><G115/><T74/><D74/><U121/><E57/><V105/><F118/><W30/><G128/><T5/><D49/><U100/><E100/><V76/><F13/><W68/><G135/><T107/><D56/><U111/><E111/><V53/><F2/><W48/><G39/><T77/><D77/><U129/><E18/><V33/><F33/><W22/><G73/><T132/><D132/><U42/><E42/><V46/><F1/><W85/><G78/><T25/><REACH who="0" step="1"/><D103/><REACH who="0" ten="311,240,233,206" step="2"/><U0/><E0/><AGARI ba="0,1" hai="0,5,10,15,17,21,24,25,27,92,95,97,102,107" machi="0" ten="40,3900,0" yaku="1,1,2,1,53,0" doraHai="80" doraHaiUra="82" who="0" fromWho="1" sc="311,49,240,-39,233,0,206,0" /><INIT seed="4,1,0,5,0,49" ten="360,201,233,206" oya="0" hai0="129,0,104,11,108,112,118,109,119,2,127,30,89" hai1="34,57,130,111,86,6,60,48,105,1,45,53,23" hai2="97,67,50,77,82,27,66,85,115,126,41,75,25" hai3="47,38,46,74,100,13,117,33,90,32,18,44,8"/><T113/><D104/><U72/><E111/><N who="0" m="42569" /><D127/><U92/><E34/><V79/><F126/><W56/><G117/><N who="0" m="44555" /><D89/><U17/><E130/><V14/><F115/><N who="0" m="44106" /><D129/><U9/><E72/><V71/><F75/><W73/><G38/><T69/><D69/><U54/><E105/><V58/><F77/><W122/><G100/><T20/><D11/><U76/><E92/><V84/><F71/><W114/><G114/><T22/><D30/><U128/><E128/><V87/><F97/><W26/><G90/><T43/><D43/><U39/><E39/><V99/><F99/><W120/><G56/><T42/><D42/><U16/><E76/><V61/><F79/><W4/><G73/><T123/><D123/><U15/><E86/><N who="2" m="33387" /><F14/><W55/><G74/><T12/><D12/><U62/><E62/><V63/><F41/><W35/><G120/><T3/><AGARI ba="1,0" hai="0,2,3,20,22" m="44106,44555,42569" machi="3" ten="50,18000,2" yaku="28,2,10,1,15,1,34,2" doraHai="49" who="0" fromWho="0" sc="360,183,201,-61,233,-61,206,-61" /><INIT seed="4,2,0,3,1,41" ten="543,140,172,145" oya="0" hai0="30,118,62,81,102,37,50,36,39,66,111,124,51" hai1="87,57,68,60,3,92,70,129,82,132,98,18,17" hai2="7,32,116,63,106,12,119,2,88,65,126,120,113" hai3="38,6,54,47,27,35,85,31,48,99,43,67,101"/><T128/><D30/><U93/><E3/><V127/><F106/><W55/><G6/><T104/><D102/><U134/><E129/><V110/><F32/><W19/><G67/><T21/><D21/><U86/><E82/><V56/><F2/><W72/><G72/><T117/><D124/><N who="2" m="47658" /><F110/><W74/><G74/><T61/><D104/><U91/><E60/><V33/><F33/><W5/><G5/><T131/><D81/><U1/><E57/><V22/><F113/><W20/><G85/><T40/><D40/><U90/><E1/><V73/><F73/><W28/><G28/><T24/><D24/><U14/><E14/><V114/><F114/><W9/><G9/><T84/><D84/><U11/><E11/><N who="2" m="4223" /><F22/><W95/><REACH who="3" step="1"/><G38/><REACH who="3" ten="543,140,172,135" step="2"/><T78/><D39/><U59/><E98/><V96/><F120/><W49/><G49/><T115/><D115/><U0/><E0/><V89/><F96/><W76/><G76/><T121/><D78/><U122/><E122/><V97/><F97/><W64/><G64/><T45/><D66/><U15/><E86/><V58/><F58/><W133/><G133/><T100/><D121/><U75/><E87/><V80/><F80/><W107/><G107/><T8/><D8/><U4/><E75/><V130/><F130/><W26/><AGARI ba="2,1" hai="19,20,26,27,31,35,43,47,48,54,55,95,99,101" machi="26" ten="20,8000,1" yaku="1,1,0,1,7,1,52,1,53,1" doraHai="41" doraHaiUra="94" who="3" fromWho="3" sc="543,-42,140,-22,172,-22,135,96" /><INIT seed="5,0,0,0,4,63" ten="501,118,150,231" oya="1" hai0="85,96,102,67,103,70,134,14,128,55,112,23,119" hai1="61,130,8,21,43,132,42,1,91,108,71,81,89" hai2="19,88,116,0,35,20,104,117,3,54,127,62,60" hai3="27,118,94,45,58,133,53,46,4,41,122,107,28"/><U87/><E132/><V13/><F127/><W15/><G122/><T115/><D128/><U9/><E130/><V97/><F35/><W77/><G107/><T22/><D119/><U65/><E108/><V51/><F117/><W99/><G118/><T26/><D67/><U48/><E21/><V80/><F116/><W86/><G77/><T76/><D55/><U34/><E34/><V82/><F0/><W84/><G15/><T2/><D103/><U123/><E123/><V11/><F104/><W92/><G4/><T126/><D70/><U113/><E113/><V29/><F97/><W131/><G92/><T109/><D85/><U25/><E25/><N who="2" m="16551" /><F3/><W33/><G133/><T129/><D76/><U18/><E91/><V74/><F74/><W106/><G106/><T57/><D109/><U31/><E31/><V16/><F19/><W73/><G73/><T69/><D126/><U95/><E81/><N who="2" m="31339" /><F88/><W121/><G121/><T111/><D2/><U79/><E79/><V5/><F5/><W98/><G98/><T110/><D129/><U68/><E68/><V37/><F37/><W10/><G131/><T90/><D69/><U32/><E32/><V38/><F38/><W124/><G124/><T7/><D134/><U40/><E1/><V12/><F12/><W75/><G75/><T50/><D111/><U44/><E18/><V100/><F100/><W64/><G99/><T72/><D110/><U17/><REACH who="1" step="1"/><E17/><REACH who="1" ten="501,108,150,231" step="2"/><V83/><F83/><W30/><G33/><T59/><D115/><U6/><E6/><V47/><AGARI ba="0,1" hai="11,13,16,47,51,54,60,62" m="31339,16551" machi="47" ten="30,2000,0" yaku="8,1,54,1" doraHai="63" who="2" fromWho="2" sc="501,-5,108,-10,150,30,231,-5" /><INIT seed="6,0,0,0,5,109" ten="496,98,180,226" oya="2" hai0="57,23,5,53,84,116,127,19,11,120,3,75,73" hai1="55,107,86,25,135,79,125,78,113,58,133,124,36" hai2="20,39,43,103,74,27,102,115,65,90,131,126,114" hai3="56,64,45,95,68,99,77,89,12,47,91,34,129"/><V0/><F0/><W66/><G68/><T10/><D127/><N who="1" m="48715" /><E25/><V123/><F126/><W29/><G34/><T93/><D116/><U35/><E35/><V33/><F123/><W60/><G29/><T54/><D93/><U59/><E36/><V85/><F33/><W92/><G77/><N who="1" m="29194" /><E86/><V16/><F74/><W105/><G105/><T134/><D134/><N who="1" m="51211" /><E107/><V106/><F106/><W42/><G92/><T88/><D54/><U2/><E2/><V52/><F52/><W46/><G95/><T111/><D75/><U51/><E58/><V98/><F65/><W121/><G66/><T22/><D11/><U67/><E67/><V83/><F39/><W49/><G64/><T17/><D17/><U37/><E37/><V128/><F43/><W31/><G56/><T104/><D23/><U4/><E4/><V130/><F103/><W132/><G42/><T118/><D73/><U9/><E9/><V44/><F44/><W101/><G45/><T8/><D8/><U110/><E110/><V1/><F1/><W38/><G38/><T21/><D111/><U62/><E62/><V87/><F87/><W61/><G61/><T122/><D84/><U69/><E69/><V63/><F63/><W18/><G60/><T96/><D104/><U15/><E15/><V100/><F100/><W48/><G101/><T26/><D22/><U71/><E71/><V13/><F13/><W32/><G12/><T14/><D14/><U119/><E119/><V24/><F27/><W94/><G47/><T6/><D118/><U7/><E7/><V117/><F117/><W81/><G132/><RYUUKYOKU ba="0,0" sc="496,-15,98,15,180,15,226,-15" hai1="51,55,59,113" hai2="16,20,24,83,85,90,98,102,114,115,128,130,131" /><INIT seed="6,1,0,0,1,68" ten="481,113,195,211" oya="2" hai0="55,108,41,42,130,64,69,2,31,52,37,5,9" hai1="58,36,24,125,38,115,39,15,81,46,4,60,77" hai2="90,83,86,12,78,132,102,76,129,116,94,135,59" hai3="88,0,112,45,14,7,25,82,53,30,128,113,89"/><V28/><F28/><W21/><G128/><T107/><D108/><U6/><E46/><V48/><F12/><W126/><G126/><T84/><D107/><U122/><E125/><V101/><F59/><W73/><G0/><T97/><D97/><U124/><E124/><V17/><F17/><W66/><G66/><T54/><D84/><U93/><E115/><N who="3" m="44106" /><G82/><T99/><D42/><U34/><E93/><N who="2" m="54487" /><F48/><N who="3" m="28815" /><G73/><T118/><D118/><U16/><E122/><V105/><F116/><W95/><G95/><T49/><D64/><U92/><E92/><V56/><F56/><W51/><G51/><T33/><D49/><U91/><E91/><V87/><F129/><W13/><G13/><T72/><D2/><U26/><E81/><N who="2" m="47527" /><F105/><W62/><G62/><T121/><D130/><U104/><E77/><V67/><F67/><W40/><G40/><T100/><D41/><U44/><E44/><V103/><F94/><W22/><G22/><T11/><D55/><U96/><E34/><V18/><F18/><W75/><G14/><T106/><D54/><U19/><E19/><V23/><F23/><W70/><G70/><T127/><D69/><U123/><E123/><V29/><F29/><W61/><G61/><T117/><D31/><U71/><E71/><V120/><F120/><W74/><G7/><T79/><D121/><U50/><E50/><V133/><F133/><W3/><G3/><T65/><D127/><U57/><E6/><V20/><F20/><W134/><G134/><T109/><D5/><U119/><E4/><V8/><F8/><W35/><G21/><T110/><D11/><RYUUKYOKU ba="1,0" sc="481,-15,113,-15,195,15,211,15" hai2="78,83,101,102,103,132,135" hai3="25,30,35,74,75,88,89" /><INIT seed="6,2,0,2,3,84" ten="466,98,210,226" oya="2" hai0="77,62,21,42,22,81,106,69,24,88,38,70,51" hai1="117,73,129,55,10,120,115,40,87,133,95,67,61" hai2="71,39,114,108,72,97,119,32,127,79,63,123,96" hai3="23,33,36,98,125,11,107,7,100,85,99,132,109"/><V134/><RYUUKYOKU type="yao9" ba="2,0" sc="466,0,98,0,210,0,226,0" hai2="32,39,63,71,72,79,96,97,108,114,119,123,127,134" /><INIT seed="6,3,0,0,2,121" ten="466,98,210,226" oya="2" hai0="5,83,12,133,74,54,31,48,58,4,36,6,95" hai1="68,14,35,88,2,96,111,105,30,59,89,22,86" hai2="72,104,110,132,106,114,123,7,102,135,76,53,21" hai3="33,56,117,115,107,91,82,100,38,8,79,49,112"/><V65/><F7/><W122/><G122/><T42/><D133/><N who="2" m="51274" /><F21/><W60/><G38/><T127/><D127/><U120/><E120/><V109/><F65/><W40/><G33/><T19/><D31/><U69/><E2/><V93/><F123/><W13/><G91/><T90/><D36/><U129/><E129/><V18/><F18/><W80/><G100/><T47/><D74/><U0/><E0/><V75/><F53/><W94/><G94/><T85/><D83/><U66/><E35/><V52/><F52/><W27/><G27/><T130/><D130/><U9/><E69/><V43/><F43/><W29/><G29/><T55/><D58/><U125/><E125/><V10/><F10/><AGARI ba="3,0" hai="4,5,6,10,12,19,42,47,48,54,55,85,90,95" machi="10" ten="40,1300,0" yaku="8,1" doraHai="121" who="0" fromWho="2" sc="466,22,98,0,210,-22,226,0" /><INIT seed="7,0,0,3,1,18" ten="488,98,188,226" oya="3" hai0="98,2,111,122,21,23,116,70,133,85,72,81,135" hai1="62,49,117,34,126,12,16,11,100,28,26,121,52" hai2="69,1,108,59,75,20,47,118,123,54,80,13,91" hai3="96,55,32,53,94,112,56,7,5,67,17,6,110"/><W38/><G38/><T130/><D130/><U71/><E126/><V90/><F108/><W83/><G110/><T68/><D116/><U58/><E117/><V22/><F118/><W27/><G112/><T76/><D2/><U92/><E121/><V46/><F1/><W3/><G3/><T115/><D98/><U127/><E127/><V45/><F123/><W60/><G83/><T97/><D97/><U24/><E71/><V114/><F69/><W74/><G74/><T89/><D115/><U131/><E131/><V93/><F75/><W36/><G36/><T50/><D50/><U84/><E26/><V0/><F0/><W109/><G109/><T105/><D105/><U8/><E100/><V134/><F134/><N who="0" m="51210" /><D122/><U4/><E62/><N who="2" m="36215" /><F13/><W51/><G51/><T66/><D111/><U119/><E119/><V106/><F114/><W129/><G129/><T78/><D66/><U19/><REACH who="1" step="1"/><E11/><REACH who="1" ten="488,88,188,226" step="2"/><V132/><F132/><W64/><G27/><T107/><D70/><U40/><E40/><V33/><F106/><W39/><G60/><T103/><D68/><U73/><E73/><V61/><F33/><W124/><G32/><T128/><D128/><U43/><E43/><V104/><F104/><W35/><G35/><T63/><D63/><U79/><E79/><V99/><F61/><W31/><G124/><T113/><D113/><U125/><E125/><V25/><F25/><W65/><G65/><T29/><D78/><U44/><E44/><V86/><AGARI ba="0,1" hai="20,22,45,46,47,80,86,90,91,93,99" m="36215" machi="86" ten="30,4000,0" yaku="8,1,52,2" doraHai="18" who="2" fromWho="2" sc="488,-10,88,-10,188,50,226,-20" owari="478,57.0,78,-42.0,238,4.0,206,-19.0" /></mjloggm>