<mjloggm ver="2.3"><GO type="41" lobby="0"/><UN n0="%69%74%6E%6F%68%69%74%6F" n1="%E3%81%A1%E3%81%BF%E3%81%A1%E3%81%BF" n2="%E2%93%9D%53%75%70%68%78" n3="%E3%81%99%E3%83%BC%E3%81%82%E3%82%93%E3%81%93" dan="13,14,18,15" rate="1868.19,1999.06,2077.96,1954.25" sx="M,M,M,M"/><TAIKYOKU oya="0"/><INIT seed="0,0,0,4,5,125" ten="250,250,250,250" oya="0" hai0="128,79,53,10,118,38,81,78,0,99,56,77,116" hai1="119,131,102,88,39,12,68,2,94,108,24,97,64" hai2="62,73,120,55,61,34,15,44,130,109,47,52,121" hai3="9,87,63,26,20,4,110,70,107,113,5,84,42"/><T16/><D38/><U27/><E119/><V41/><F15/><W98/><G113/><T90/><D0/><U105/><E108/><V46/><F73/><W30/><G110/><T45/><D116/><U134/><E2/><V3/><F34/><W93/><G107/><T82/><D118/><U67/><E134/><V35/><F35/><W133/><G42/><T51/><D56/><U117/><E117/><V17/><F17/><W106/><G106/><T1/><D1/><U50/><E39/><V13/><F13/><W36/><G36/><T75/><D75/><U54/><E12/><V80/><F80/><W59/><G70/><T83/><D10/><U91/><E91/><V8/><F8/><W37/><G37/><T114/><D114/><U48/><E48/><V57/><F3/><W122/><G122/><N who="2" m="47209" /><F109/><W135/><G9/><T58/><D58/><U86/><E131/><V43/><F130/><W96/><G96/><T92/><D128/><U28/><E68/><V69/><F55/><W100/><G4/><T132/><REACH who="0" step="1"/><D132/><REACH who="0" ten="240,250,250,250" step="2"/><N who="3" m="50761" /><G5/><T23/><D23/><U104/><E104/><V18/><F18/><AGARI ba="0,1" hai="16,18,45,51,53,77,78,79,81,82,83,90,92,99" machi="18" ten="40,7700,0" yaku="1,1,8,1,54,1,53,0" doraHai="125" doraHaiUra="21" who="0" fromWho="2" sc="240,87,250,0,250,-77,250,0" /><INIT seed="0,1,0,1,1,128" ten="327,250,173,250" oya="0" hai0="100,14,42,111,44,102,35,90,80,11,33,135,97" hai1="51,54,17,29,131,5,108,18,118,125,53,86,30" hai2="43,67,99,112,74,37,40,59,116,22,94,76,134" hai3="10,122,20,63,73,31,84,0,13,24,39,132,119"/><T96/><D111/><U98/><E118/><V130/><F112/><W57/><G73/><T114/><D114/><U7/><E125/><V126/><F130/><W82/><G0/><T23/><D23/><U133/><E131/><V8/><F126/><W38/><G119/><T21/><D21/><U48/><E86/><V36/><F116/><W41/><G41/><T25/><D135/><U52/><E98/><V58/><F8/><W34/><G34/><T32/><D80/><U45/><E108/><V70/><F70/><W6/><G122/><T93/><D25/><U68/><E68/><V71/><F71/><W120/><G132/><T85/><D100/><U103/><E103/><V110/><F110/><W113/><G120/><T1/><D1/><U47/><REACH who="1" step="1"/><E54/><REACH who="1" ten="327,240,173,250" step="2"/><V28/><F99/><W69/><G69/><T15/><D97/><U105/><E105/><V65/><F74/><W91/><G113/><T88/><D102/><U19/><E19/><V83/><F134/><AGARI ba="1,1" hai="5,7,17,18,29,30,45,47,48,51,52,53,133,134" machi="134" ten="25,12000,2" yaku="1,1,22,2,52,2,54,1,53,0" doraHai="128" doraHaiUra="107" who="1" fromWho="2" sc="327,0,240,133,173,-123,250,0" /><INIT seed="1,0,0,2,2,12" ten="327,373,50,250" oya="1" hai0="98,72,119,81,115,42,103,46,71,117,21,43,67" hai1="100,47,73,34,3,14,1,61,53,13,50,48,111" hai2="10,58,108,17,31,62,56,49,60,29,124,28,95" hai3="94,96,23,122,74,129,131,39,90,45,104,35,19"/><U38/><E38/><V89/><F108/><W25/><G122/><T83/><D115/><U85/><E73/><V112/><F124/><W120/><G120/><T30/><D42/><U15/><E111/><V106/><F106/><W68/><G68/><T93/><D71/><U11/><E34/><V24/><F112/><W6/><G74/><T88/><D67/><U99/><E61/><V7/><F7/><W36/><G6/><T22/><D72/><U102/><E11/><V126/><F126/><W107/><G36/><T109/><D109/><U5/><E5/><V33/><F49/><W76/><G76/><T2/><D2/><U77/><E50/><V114/><F33/><W40/><REACH who="3" step="1"/><G35/><REACH who="3" ten="327,373,50,240" step="2"/><T32/><D32/><U80/><REACH who="1" step="1"/><E102/><REACH who="1" ten="327,363,50,240" step="2"/><V66/><F114/><W133/><G133/><T101/><D119/><U9/><E9/><V37/><F37/><W123/><G123/><T87/><D117/><U52/><E52/><V132/><F10/><W26/><G26/><T121/><D121/><U54/><E54/><V18/><F24/><W125/><G125/><T135/><D135/><U8/><E8/><V55/><REACH who="2" step="1"/><F132/><REACH who="2" ten="327,363,40,240" step="2"/><W57/><G57/><T82/><D46/><U63/><E63/><V110/><F110/><W65/><G65/><T78/><D22/><U91/><E91/><V127/><F127/><W86/><G86/><AGARI ba="0,3" hai="17,18,28,29,31,55,56,58,60,62,66,86,89,95" machi="86" ten="40,8000,1" yaku="1,1,8,1,52,2,53,0" doraHai="12" doraHaiUra="64" who="2" fromWho="3" sc="327,0,363,0,40,110,240,-80" /><INIT seed="2,0,0,1,0,33" ten="327,363,150,160" oya="2" hai0="72,87,5,29,103,92,22,116,43,44,15,47,45" hai1="121,37,112,0,35,57,123,1,117,134,18,8,64" hai2="66,3,108,110,128,28,133,2,88,122,52,119,132" hai3="111,94,71,50,55,95,115,125,36,17,100,32,81"/><V90/><F122/><N who="1" m="46601" /><E117/><V67/><F28/><W68/><G32/><T20/><D72/><U56/><E112/><V42/><F42/><W59/><G36/><T104/><D104/><U6/><E134/><N who="2" m="51819" /><F128/><W40/><G115/><T38/><D116/><U13/><E35/><V73/><F73/><W49/><G111/><N who="2" m="42537" /><F52/><W93/><G100/><T9/><D43/><U21/><E37/><V114/><F114/><W14/><G81/><T126/><D38/><U76/><E76/><V69/><F119/><W107/><G107/><T106/><D106/><U98/><E98/><V80/><F69/><W83/><G125/><T26/><D126/><U4/><E64/><N who="2" m="24619" /><F80/><W85/><G49/><T135/><D135/><U51/><E51/><V12/><F12/><W10/><REACH who="3" step="1"/><G40/><REACH who="3" ten="327,363,150,150" step="2"/><T82/><D103/><U77/><E77/><AGARI ba="0,1" hai="10,14,17,50,55,59,68,71,77,83,85,93,94,95" machi="77" ten="40,2600,0" yaku="1,1,2,1,53,0" doraHai="33" doraHaiUra="129" who="3" fromWho="1" sc="327,0,363,-26,150,0,150,36" /><INIT seed="3,0,0,0,1,63" ten="327,337,150,186" oya="3" hai0="15,78,110,71,86,87,26,82,114,132,6,46,22" hai1="126,76,90,97,70,14,37,51,85,29,112,1,94" hai2="36,103,49,121,34,105,89,99,111,120,88,117,104" hai3="61,57,41,58,7,134,95,116,59,101,9,43,20"/><W107/><G107/><T62/><D110/><U65/><E112/><V98/><F36/><W53/><G116/><T60/><D114/><U50/><E1/><V93/><F34/><W130/><G134/><T38/><D132/><U119/><E37/><V33/><F33/><W44/><G130/><T4/><D38/><U0/><E0/><V115/><F49/><W92/><G20/><T64/><D46/><U106/><E126/><V19/><F19/><W128/><G128/><T45/><D45/><U135/><E135/><V27/><F27/><W21/><G21/><T24/><D24/><U10/><E29/><V12/><F12/><W40/><G101/><T129/><D15/><U47/><E119/><V23/><F23/><W77/><G77/><T3/><D3/><U30/><E30/><V72/><F117/><W96/><G44/><T75/><D129/><U66/><E70/><V8/><F8/><W80/><G80/><T68/><D87/><U42/><E51/><V122/><F115/><W74/><G74/><T102/><D102/><U84/><E106/><N who="2" m="41067" /><F111/><W109/><G109/><T32/><D32/><U113/><E113/><V133/><F133/><W69/><G69/><T125/><D125/><U73/><E73/><V91/><F72/><W124/><G124/><T18/><D75/><U17/><E85/><V81/><F99/><W108/><G108/><T2/><D2/><U127/><E127/><V83/><AGARI ba="0,0" hai="81,83,88,89,91,93,98,103,120,121,122" m="41067" machi="83" ten="40,8000,1" yaku="13,1,34,2,54,1" doraHai="63" who="2" fromWho="2" sc="327,-20,337,-20,150,80,186,-40" /><INIT seed="4,0,0,4,0,20" ten="307,317,230,146" oya="0" hai0="102,111,38,87,60,68,40,61,80,12,119,19,42" hai1="22,92,3,132,103,2,73,8,71,78,121,65,49" hai2="91,62,126,14,124,9,120,11,50,4,118,5,107" hai3="104,88,100,127,66,18,37,115,74,133,93,95,79"/><T125/><D119/><U128/><E121/><V86/><F120/><W21/><G37/><T105/><D125/><N who="2" m="48234" /><F107/><W54/><G127/><T113/><D113/><U63/><E128/><V39/><F39/><W55/><G115/><T75/><D75/><U29/><E132/><V17/><F62/><W67/><G95/><T48/><D111/><U134/><E134/><V28/><F28/><W57/><G55/><T26/><D38/><U131/><E131/><V98/><F98/><W69/><G69/><T47/><D68/><U77/><E49/><V83/><F118/><W52/><G54/><T129/><D129/><U34/><E34/><V110/><F110/><W58/><G58/><T82/><D105/><U56/><E71/><V41/><F11/><W43/><G43/><T70/><D70/><U99/><E8/><V90/><F90/><W112/><G112/><T116/><D102/><U53/><E53/><V89/><F89/><W25/><G100/><T46/><D116/><U23/><E23/><V76/><F91/><W59/><G59/><T106/><D106/><U96/><E96/><V30/><F30/><W122/><G104/><T10/><D26/><N who="1" m="16599" /><E73/><V45/><AGARI ba="0,0" hai="4,5,9,14,17,41,45,50,76,83,86" m="48234" machi="45" ten="30,1100,0" yaku="18,1" doraHai="20" who="2" fromWho="2" sc="307,-5,317,-3,230,11,146,-3" /><INIT seed="5,0,0,4,3,79" ten="302,314,241,143" oya="1" hai0="53,36,44,42,119,135,121,51,10,33,131,130,110" hai1="92,29,8,47,43,62,0,7,90,16,55,122,70" hai2="101,39,102,67,9,49,34,120,71,54,65,23,97" hai3="26,76,14,60,114,27,6,113,83,46,38,123,125"/><U105/><E122/><V40/><F34/><W86/><G125/><T59/><D33/><U25/><E105/><V57/><F120/><W84/><G123/><T56/><D10/><U20/><E55/><V35/><F35/><W41/><G60/><T88/><D121/><U12/><E62/><V24/><F9/><W109/><G109/><T94/><D110/><U17/><E70/><V72/><F72/><W15/><G15/><T85/><D119/><U63/><E63/><N who="2" m="40383" /><F97/><W95/><G6/><T132/><REACH who="0" step="1"/><D59/><REACH who="0" ten="292,314,241,143" step="2"/><U37/><REACH who="1" step="1"/><E0/><REACH who="1" ten="292,304,241,143" step="2"/><V115/><F67/><W5/><G113/><T58/><D58/><U124/><E124/><V100/><F115/><W69/><G114/><T112/><D112/><U118/><E118/><V103/><F57/><W107/><G69/><T98/><D98/><AGARI ba="0,2" hai="7,8,12,16,17,20,25,29,37,43,47,90,92,98" machi="98" ten="30,5800,0" yaku="1,1,7,1,54,1,53,0" doraHai="79" doraHaiUra="48" who="1" fromWho="0" sc="292,-58,304,78,241,0,143,0" /><INIT seed="5,1,0,0,5,19" ten="234,382,241,143" oya="1" hai0="64,30,73,99,85,77,111,66,24,88,28,3,67" hai1="75,13,61,83,117,127,125,31,97,74,20,17,16" hai2="43,123,108,42,84,18,93,6,58,80,119,132,8" hai3="112,68,79,54,37,50,69,41,106,126,47,49,86"/><U7/><E117/><V55/><F108/><W113/><G106/><T56/><D3/><U4/><E31/><V90/><F123/><W89/><G79/><T87/><D111/><U118/><E118/><V131/><F131/><W62/><G89/><T44/><D73/><N who="1" m="27659" /><E83/><V10/><F132/><W51/><G86/><T104/><D104/><U129/><E129/><V26/><F119/><W38/><G126/><N who="1" m="48138" /><E61/><V34/><F34/><W134/><G134/><T114/><D114/><N who="3" m="44137" /><G37/><T11/><D11/><N who="1" m="6335" /><E97/><V25/><F80/><W105/><G105/><T33/><D77/><U36/><E36/><V124/><F124/><W65/><G69/><T59/><D99/><U9/><E9/><V63/><F10/><W81/><G81/><T102/><D85/><U78/><E78/><V52/><F8/><W76/><G76/><T91/><D102/><U98/><E98/><V120/><F84/><W103/><G103/><T15/><D15/><AGARI ba="1,0" hai="4,7,15,16,20" m="6335,48138,27659" machi="15" ten="30,5800,0" yaku="18,1,52,1,54,1" doraHai="19" who="1" fromWho="0" sc="234,-61,382,61,241,0,143,0" /><INIT seed="5,2,0,2,3,39" ten="173,443,241,143" oya="1" hai0="59,36,117,77,66,114,100,107,49,40,96,20,15" hai1="18,46,135,4,21,109,76,60,22,42,95,33,14" hai2="16,82,67,64,116,47,102,94,85,105,3,19,31" hai3="81,78,50,9,61,93,113,130,115,23,73,110,8"/><U68/><E33/><V57/><F105/><W56/><G110/><T131/><D117/><U121/><E121/><V17/><F3/><W134/><G134/><T70/><D131/><U10/><E135/><V79/><F116/><W54/><G130/><T34/><D114/><U92/><E109/><V30/><F47/><W106/><G106/><T86/><D34/><U52/><E76/><V27/><F57/><W87/><G113/><T32/><D32/><U118/><E22/><N who="2" m="15735" /><F31/><W51/><G51/><T123/><D123/><U43/><E118/><V65/><F94/><N who="1" m="35881" /><E68/><V108/><F108/><W5/><G115/><T97/><D70/><U0/><E0/><V111/><F111/><W126/><G126/><T128/><D36/><U89/><E89/><V127/><F127/><W28/><G5/><T74/><D128/><U112/><E112/><V90/><F102/><W120/><G120/><T58/><D74/><U44/><E44/><V129/><F129/><W1/><G1/><T72/><D107/><U11/><E46/><V125/><F125/><W84/><G61/><T25/><D72/><U75/><E75/><V62/><F62/><W101/><G73/><T29/><D77/><AGARI ba="2,0" hai="16,17,19,64,65,67,77,79,82,85,90" m="15735" machi="77" ten="30,2000,0" yaku="8,1,54,1" doraHai="39" who="2" fromWho="0" sc="173,-26,443,0,241,26,143,0" /><INIT seed="6,0,0,0,3,131" ten="147,443,267,143" oya="2" hai0="93,3,2,74,60,104,35,14,89,5,111,88,79" hai1="0,103,22,67,91,34,114,69,135,101,100,61,21" hai2="99,20,123,98,53,128,107,113,87,29,25,133,134" hai3="48,129,32,51,1,12,57,62,16,85,42,7,130"/><V18/><F123/><W71/><G71/><T64/><D35/><U73/><E34/><V119/><F119/><W78/><G32/><T15/><D104/><U97/><E0/><V127/><F113/><W132/><G1/><T28/><D111/><U4/><E4/><V55/><F127/><W76/><G7/><T95/><D79/><N who="3" m="30249" /><G85/><T41/><D74/><U106/><E73/><V70/><F128/><N who="3" m="49259" /><G42/><T110/><D28/><U92/><E114/><V23/><F70/><W105/><G105/><T40/><D110/><U96/><E135/><N who="2" m="51723" /><F87/><W13/><G13/><T39/><D39/><U54/><E106/><V56/><F107/><W26/><G26/><T33/><D33/><U46/><E97/><N who="2" m="36875" /><F56/><W125/><G125/><T80/><D80/><U118/><E118/><V68/><F68/><W121/><G121/><T82/><D82/><U84/><E84/><V27/><AGARI ba="0,0" hai="18,20,23,25,27,29,53,55" m="36875,51723" machi="27" ten="30,11700,0" yaku="20,1,52,3" doraHai="131" who="2" fromWho="2" sc="147,-39,443,-39,267,117,143,-39" /><INIT seed="6,1,0,2,0,24" ten="108,404,384,104" oya="2" hai0="9,57,77,64,92,38,93,52,112,23,47,32,110" hai1="20,41,71,4,44,56,88,133,134,49,18,5,16" hai2="97,107,84,91,105,0,53,39,99,22,74,126,79" hai3="26,28,119,21,121,7,81,42,12,6,1,96,101"/><V82/><F39/><W29/><G119/><T67/><D32/><U13/><E71/><V14/><F0/><W10/><G121/><T37/><D110/><U116/><E116/><V104/><F53/><W106/><G42/><T103/><D77/><U128/><E128/><V129/><F14/><W94/><G106/><N who="2" m="40457" /><F22/><W34/><G1/><T50/><D9/><N who="1" m="6447" /><E56/><V43/><F43/><W61/><G61/><T89/><D23/><U109/><E109/><V69/><F69/><W48/><G81/><T130/><D130/><U124/><E124/><V123/><F129/><W102/><G6/><T33/><D33/><U8/><E8/><V45/><F45/><W17/><G48/><T54/><D103/><U75/><E4/><V11/><F11/><W131/><G131/><T2/><D2/><U78/><E20/><V36/><F36/><W51/><G102/><T83/><D83/><U70/><E16/><V118/><F118/><W117/><G117/><T76/><D76/><U31/><E70/><V100/><F126/><W62/><G34/><T46/><D57/><U19/><E5/><V15/><F15/><W73/><G73/><T86/><D50/><U122/><E49/><V68/><F68/><W60/><G51/><T66/><D66/><U59/><E19/><V90/><F123/><W127/><G127/><T58/><D58/><U132/><E122/><V135/><F135/><W80/><G80/><T111/><D111/><U40/><E133/><V113/><F74/><W114/><G114/><T87/><D89/><N who="2" m="33802" /><F113/><AGARI ba="1,0" hai="37,38,46,47,52,54,64,67,86,87,92,93,112,113" machi="113" ten="25,3200,0" yaku="22,2,54,1" doraHai="24" who="0" fromWho="2" sc="108,35,404,0,384,-35,104,0" /><INIT seed="7,0,0,1,2,84" ten="143,404,349,104" oya="3" hai0="100,22,85,113,82,17,2,118,18,83,46,126,124" hai1="10,25,66,32,64,128,31,81,54,88,76,75,21" hai2="133,15,30,123,68,20,104,117,80,102,49,55,115" hai3="106,7,16,112,44,11,24,56,119,71,8,13,45"/><W19/><G71/><T111/><D2/><U129/><E10/><V53/><F117/><W57/><G119/><T48/><D118/><U108/><E108/><V1/><F115/><W107/><G112/><T33/><D33/><U121/><E121/><V0/><F133/><W37/><G37/><T91/><D113/><U92/><E54/><V70/><F104/><W127/><G127/><N who="0" m="48683" /><D100/><U73/><E32/><V36/><F102/><W38/><G38/><T50/><D111/><U14/><E14/><V109/><F109/><W12/><REACH who="3" step="1"/><G24/><REACH who="3" ten="143,404,349,94" step="2"/><N who="0" m="14415" /><D48/><U130/><E75/><V120/><F36/><W35/><G35/><T98/><D98/><AGARI ba="0,1" hai="21,25,31,64,66,73,76,81,88,92,98,128,129,130" machi="98" ten="40,5200,0" yaku="19,1,52,1,54,1" doraHai="84" who="1" fromWho="0" sc="143,-52,404,62,349,0,94,0" owari="91,-41.0,466,57.0,349,15.0,94,-31.0" /></mjloggm>