<mjloggm ver="2.3"><GO type="41" lobby="0"/><UN n0="%E3%81%94%E3%82%8A%E3%82%89%E3%81%8F%E3%82%93" n1="%61%62%2D%61%62%2D%61%62" n2="%6C%72%63%6C%6D%67%63%6C" n3="%E2%93%9D%53%75%70%68%78" dan="13,13,14,18" rate="1857.82,1895.22,1913.54,2104.64" sx="M,F,M,M"/><TAIKYOKU oya="0"/><INIT seed="0,0,0,1,3,84" ten="250,250,250,250" oya="0" hai0="125,15,35,82,31,56,90,7,81,126,19,52,129" hai1="20,51,103,1,43,39,120,62,122,38,54,40,123" hai2="98,93,55,32,92,91,109,2,72,21,48,116,8" hai3="78,6,11,101,25,28,69,49,42,65,112,60,128"/><T57/><D7/><U53/><E1/><V131/><F116/><W23/><G128/><T133/><D129/><U115/><E20/><V88/><F72/><W87/><G112/><T97/><D133/><U61/><E103/><V3/><F32/><W105/><G105/><T5/><D5/><U29/><E29/><V47/><F131/><W46/><G101/><T95/><D31/><U0/><E0/><V100/><F109/><W113/><G113/><T26/><D26/><U73/><E73/><V67/><F100/><W33/><G78/><T117/><D57/><U79/><E79/><V22/><F67/><W127/><G87/><T4/><D4/><U34/><E34/><V132/><F132/><W24/><G127/><N who="0" m="48651" /><D35/><U110/><E115/><V106/><F106/><W59/><G25/><T102/><D102/><U130/><E130/><V77/><F77/><W16/><G33/><T74/><D74/><U71/><E110/><V18/><F8/><W10/><G28/><T36/><D36/><N who="1" m="13867" /><E71/><V76/><F76/><W119/><G119/><T80/><D117/><U124/><E124/><V111/><F22/><W94/><G69/><T114/><D114/><U86/><E86/><V135/><F135/><W75/><G75/><T9/><D81/><U121/><E121/><V50/><F111/><W68/><G68/><T41/><D41/><N who="1" m="15947" /><E51/><AGARI ba="0,0" hai="9,15,19,51,52,56,80,82,90,95,97" m="48651" machi="51" ten="30,5800,0" yaku="18,1,52,1,54,1" doraHai="84" who="0" fromWho="1" sc="250,58,250,-58,250,0,250,0" /><INIT seed="0,1,0,0,4,46" ten="308,192,250,250" oya="0" hai0="106,35,61,37,48,89,110,80,4,27,67,58,92" hai1="18,5,100,60,112,1,43,105,52,75,45,50,119" hai2="101,133,32,91,74,125,41,31,57,22,66,95,122" hai3="118,39,111,81,69,98,97,42,33,104,126,72,78"/><T34/><D106/><U0/><E119/><V82/><F125/><W25/><G98/><T23/><D37/><U115/><E75/><V120/><F133/><W19/><G19/><T108/><D80/><U79/><E79/><V20/><F32/><W135/><G111/><N who="0" m="42539" /><D48/><U131/><E131/><V56/><F101/><W12/><G42/><T10/><D89/><U64/><E5/><V21/><F41/><W84/><G135/><T127/><D92/><U132/><E132/><V11/><F11/><W76/><G76/><T117/><D127/><U26/><E100/><V30/><F82/><W96/><G39/><T90/><D90/><U130/><E105/><V124/><F124/><W102/><G102/><T83/><D83/><U70/><E130/><V68/><F74/><W88/><G72/><T44/><D44/><U94/><E94/><V59/><F66/><W54/><G78/><T13/><D117/><U87/><E87/><V2/><F2/><W86/><G86/><T16/><AGARI ba="1,0" hai="4,10,13,16,23,27,34,35,58,61,67" m="42539" machi="16" ten="30,6000,0" yaku="14,1,10,1,54,1" doraHai="46" who="0" fromWho="0" sc="308,63,192,-21,250,-21,250,-21" /><INIT seed="0,2,0,0,2,25" ten="371,171,229,229" oya="0" hai0="68,32,63,8,133,73,56,50,134,19,99,87,80" hai1="47,126,96,119,40,2,45,14,128,52,104,101,65" hai2="70,46,9,16,117,130,43,95,51,121,41,28,27" hai3="84,13,135,78,55,125,115,12,114,94,86,82,18"/><T29/><D73/><U48/><E119/><V35/><F121/><W1/><G1/><T38/><D38/><U83/><E126/><V76/><F117/><W81/><G125/><T132/><D68/><U113/><E2/><V127/><F127/><W17/><G94/><T66/><D99/><U93/><E128/><V0/><F130/><W59/><G135/><T122/><D122/><U123/><E113/><V102/><F70/><W30/><G59/><T124/><D124/><U60/><E123/><V26/><F76/><W77/><REACH who="3" step="1"/><G55/><REACH who="3" ten="371,171,229,219" step="2"/><T90/><D132/><U61/><E104/><V106/><F106/><W92/><G92/><T6/><D133/><U75/><E83/><V62/><F0/><W10/><G10/><T7/><D8/><U20/><E93/><V120/><F120/><W33/><G33/><T24/><D134/><U49/><E40/><V31/><F43/><W69/><G69/><T103/><D103/><U131/><E131/><V107/><F107/><W98/><G98/><T21/><D50/><U100/><E96/><N who="2" m="59679" /><F62/><W109/><G109/><T22/><REACH who="0" step="1"/><D32/><REACH who="0" ten="361,171,229,219" step="2"/><U4/><E101/><V116/><F35/><W108/><G108/><T88/><D88/><U3/><E100/><V74/><F116/><W42/><G42/><T112/><D112/><U72/><E61/><V5/><F74/><W91/><G91/><T57/><D57/><U64/><E60/><V89/><F89/><W39/><G39/><T71/><D71/><U110/><E72/><V15/><F5/><W85/><G85/><T129/><D129/><U79/><E75/><V36/><F36/><RYUUKYOKU ba="2,2" sc="361,10,171,-30,229,10,219,10" hai0="6,7,19,21,22,24,29,56,63,66,80,87,90" hai2="9,15,16,26,27,28,31,41,46,51" hai3="12,13,17,18,30,77,78,81,82,84,86,114,115" /><INIT seed="0,3,2,3,3,65" ten="371,141,239,229" oya="0" hai0="52,132,59,35,60,82,93,94,86,103,45,43,0" hai1="58,29,121,18,50,62,76,56,12,131,88,38,95" hai2="102,72,20,80,101,123,89,106,46,21,47,78,116" hai3="63,75,114,87,127,79,55,28,57,96,37,130,112"/><T9/><D35/><U108/><E38/><V24/><F123/><W97/><G75/><T124/><D103/><U81/><E121/><V67/><F116/><W2/><G2/><T4/><D132/><U118/><E118/><V109/><F109/><W99/><G37/><T19/><D19/><U10/><E108/><V25/><F67/><W129/><G28/><T100/><D100/><U120/><E131/><N who="3" m="50186" /><G127/><T69/><D69/><U51/><E29/><V5/><F5/><W71/><G71/><T33/><D33/><U42/><E120/><V110/><F110/><W70/><G70/><T48/><REACH who="0" step="1"/><D124/><REACH who="0" ten="361,141,239,229" step="2"/><U44/><E51/><V26/><F106/><W117/><G117/><T84/><D84/><N who="1" m="48167" /><E62/><V125/><F125/><W8/><G8/><T7/><D7/><U14/><E14/><V34/><F34/><W68/><G68/><T23/><D23/><U54/><E42/><V115/><F20/><W17/><G17/><T85/><D85/><AGARI ba="3,3" hai="10,12,18,44,50,54,56,58,85,88,95" m="48167" machi="85" ten="30,2000,0" yaku="8,1,54,1" doraHai="65" who="1" fromWho="0" sc="361,-29,141,59,239,0,229,0" /><INIT seed="1,0,0,5,3,8" ten="332,200,239,229" oya="1" hai0="124,5,60,133,15,71,44,62,97,52,17,45,28" hai1="29,64,113,100,66,110,4,130,49,63,87,108,127" hai2="83,23,116,36,69,70,115,90,12,104,18,20,41" hai3="107,118,89,78,92,106,9,72,46,125,16,135,126"/><U27/><E113/><V31/><F116/><W35/><G35/><T26/><D133/><U56/><E127/><N who="3" m="48650" /><G46/><T105/><D5/><U80/><E130/><V19/><F104/><N who="3" m="39979" /><G9/><T111/><D111/><N who="1" m="42539" /><E100/><V3/><F115/><W121/><G16/><T24/><D71/><U68/><E4/><V112/><F3/><W59/><G59/><N who="0" m="34919" /><D105/><U86/><E49/><V96/><F31/><W119/><G121/><T53/><D28/><U54/><E80/><V95/><F83/><N who="3" m="45511" /><G135/><T61/><D97/><AGARI ba="0,0" hai="89,92,97,118,119" m="45511,39979,48650" machi="97" ten="30,3900,0" yaku="18,1,34,2" doraHai="8" who="3" fromWho="0" sc="332,-39,200,0,239,0,229,39" /><INIT seed="2,0,0,3,1,30" ten="293,200,239,268" oya="2" hai0="83,61,65,66,92,53,103,133,3,79,95,74,2" hai1="23,99,29,39,1,117,123,78,118,128,9,122,135" hai2="28,24,112,88,60,63,69,57,52,6,72,10,22" hai3="108,68,132,59,50,11,35,110,47,38,12,134,96"/><V33/><F112/><W97/><G59/><T94/><D103/><U4/><E39/><V31/><F72/><W20/><G38/><T37/><D37/><U101/><E78/><V109/><F109/><N who="3" m="42091" /><G20/><T48/><D133/><N who="3" m="51305" /><G68/><T76/><D76/><U89/><E89/><V85/><F31/><W18/><G35/><T90/><D90/><U100/><E135/><V55/><F69/><W111/><N who="3" m="42099" /><W70/><DORA hai="41" /><G70/><T5/><D5/><U87/><E128/><V54/><F33/><W102/><G102/><T34/><D34/><U82/><E101/><V7/><F63/><W119/><G119/><T113/><D113/><U126/><E23/><V71/><F71/><W51/><G51/><T73/><D61/><U58/><E58/><V106/><F106/><W67/><G67/><T32/><D32/><U124/><E29/><V75/><F75/><W44/><G44/><T15/><D79/><N who="1" m="46559" /><E117/><V77/><F77/><W8/><G8/><T64/><D83/><U17/><E118/><V45/><F45/><W98/><G98/><T27/><D74/><U46/><E46/><V43/><F43/><AGARI ba="0,0" hai="11,12,18,43,47,50,96,97" m="51305,42099" machi="43" ten="40,5200,0" yaku="14,1,20,1,52,1" doraHai="30,41" who="3" fromWho="2" sc="293,0,200,0,239,-52,268,52" /><INIT seed="3,0,0,3,2,100" ten="293,200,187,320" oya="3" hai0="76,20,109,74,128,112,33,42,6,32,90,3,131" hai1="70,72,89,62,79,86,108,116,50,81,133,31,95" hai2="57,48,122,35,5,94,65,13,7,41,134,38,40" hai3="10,46,102,56,18,58,127,15,118,67,68,29,85"/><W71/><G118/><T26/><D74/><U130/><E108/><V105/><F105/><W36/><G127/><T43/><D76/><U96/><E130/><N who="0" m="49705" /><D90/><U73/><E133/><V124/><F122/><W64/><G29/><T44/><D43/><U49/><E116/><V129/><F129/><W135/><G102/><T123/><D123/><U119/><E119/><V30/><F124/><W23/><G85/><T51/><D109/><U47/><E31/><V111/><F35/><W61/><G135/><T55/><D112/><U54/><E70/><V2/><F2/><W126/><G126/><T117/><D117/><U82/><E73/><V84/><F38/><W39/><G39/><N who="0" m="21599" /><D6/><U132/><E132/><V101/><F134/><W87/><G87/><T8/><D8/><U75/><E75/><V24/><F111/><W21/><G36/><T88/><D88/><U107/><E82/><V0/><F0/><W60/><G46/><T66/><D66/><U115/><E115/><V1/><F1/><W22/><AGARI ba="0,0" hai="10,15,18,21,22,23,56,58,60,61,64,67,68,71" machi="22" ten="30,3000,0" yaku="0,1,9,1" doraHai="100" who="3" fromWho="3" sc="293,-10,200,-10,187,-10,320,30" /><INIT seed="3,1,0,0,3,76" ten="283,190,177,350" oya="3" hai0="73,109,87,22,56,41,95,75,4,133,112,61,36" hai1="92,114,122,94,121,89,69,27,81,110,99,33,117" hai2="51,52,35,77,79,16,54,80,24,10,8,38,134" hai3="131,72,120,104,125,40,5,29,108,19,116,39,20"/><W14/><G104/><T3/><D109/><U118/><E69/><V93/><F38/><W7/><G72/><T13/><D133/><U74/><E33/><V63/><F134/><W129/><G40/><T28/><D3/><U135/><E27/><V85/><F79/><W17/><G39/><T102/><D112/><U44/><E44/><V67/><F93/><W115/><G115/><T66/><D41/><U43/><E43/><V103/><F103/><W37/><G37/><T12/><D36/><U100/><E135/><V84/><F85/><W11/><G120/><T26/><D75/><U98/><E110/><V88/><F77/><W15/><G108/><T70/><D4/><N who="3" m="1609" /><G125/><T57/><D73/><U30/><E30/><V55/><F35/><W71/><G71/><T49/><D70/><U0/><E0/><V31/><F31/><W25/><G116/><N who="1" m="44650" /><E114/><V132/><F132/><W59/><G59/><T1/><D1/><U90/><E74/><V18/><F51/><W50/><G50/><T101/><D87/><AGARI ba="1,0" hai="81,87,89,90,92,94,98,99,100,121,122" m="44650" machi="87" ten="30,7700,0" yaku="12,1,34,2,52,1" doraHai="76" who="1" fromWho="0" sc="283,-80,190,80,177,0,350,0" /><INIT seed="4,0,0,3,1,27" ten="203,270,177,350" oya="0" hai0="10,135,48,85,100,54,104,50,28,42,53,79,77" hai1="21,126,133,71,114,110,7,2,106,86,4,63,80" hai2="34,30,0,39,65,26,3,73,105,103,58,17,32" hai3="119,129,84,56,107,43,127,33,12,81,87,47,8"/><T46/><D135/><U92/><E110/><V59/><F73/><W20/><G33/><T97/><D54/><U51/><E106/><V130/><F130/><W61/><G127/><T22/><D10/><U98/><E126/><V75/><F75/><W76/><G119/><T5/><D5/><U36/><E36/><V15/><F39/><W112/><G112/><T115/><D85/><U13/><E114/><V90/><F34/><W24/><G107/><T117/><D117/><U108/><E108/><V23/><F59/><W131/><G87/><T96/><D96/><U123/><E51/><V111/><F111/><W70/><G70/><T18/><D115/><U14/><E2/><V52/><F65/><W89/><G47/><T31/><D79/><U66/><E123/><V72/><F72/><W41/><G76/><T16/><D77/><U69/><E69/><V102/><F90/><W78/><G89/><T57/><D18/><U64/><E64/><V9/><F105/><W29/><G131/><T95/><D104/><U38/><E38/><V82/><F82/><W132/><G132/><T45/><D45/><U88/><E133/><V49/><F0/><W124/><G124/><T6/><D6/><AGARI ba="0,0" hai="3,6,9,15,17,23,26,30,32,49,52,58,102,103" machi="6" ten="40,8000,1" yaku="24,2,52,1,54,1" doraHai="27" who="2" fromWho="0" sc="203,-80,270,0,177,80,350,0" /><INIT seed="5,0,0,3,5,131" ten="123,270,257,350" oya="1" hai0="58,73,14,111,49,34,72,21,20,106,47,122,68" hai1="130,29,4,118,135,24,86,117,3,9,39,0,112" hai2="103,133,100,23,77,61,35,63,56,107,13,94,97" hai3="128,25,10,57,76,121,32,31,26,109,43,7,67"/><U64/><E39/><V45/><F35/><W37/><G109/><T1/><D68/><U60/><E130/><V69/><F69/><W127/><G127/><T50/><D1/><N who="1" m="143" /><E86/><V98/><F77/><W75/><G121/><T17/><D34/><N who="1" m="20775" /><E112/><V81/><F81/><W82/><G26/><T15/><D58/><U96/><E96/><V88/><F45/><W38/><G128/><T115/><D47/><U41/><E41/><V71/><F71/><W42/><G42/><T91/><D91/><U105/><E105/><V53/><F103/><W83/><G83/><T93/><D93/><U66/><E66/><V124/><F124/><W113/><G113/><T80/><D80/><U59/><E117/><V123/><F123/><W102/><G102/><T134/><D115/><U116/><E118/><V120/><F120/><W62/><G43/><T27/><D122/><U19/><E19/><V5/><F5/><W46/><G46/><T11/><D106/><U22/><E22/><V119/><F119/><W55/><G67/><T65/><D65/><U52/><E64/><V54/><F23/><W129/><G129/><T110/><D11/><U51/><E60/><V2/><F2/><AGARI ba="0,0" hai="2,7,10,25,31,32,37,38,55,57,62,75,76,82" machi="2" ten="30,1000,0" yaku="7,1" doraHai="131" who="3" fromWho="2" sc="123,0,270,0,257,-10,350,10" /><INIT seed="6,0,0,2,0,58" ten="123,270,247,360" oya="2" hai0="105,8,22,122,135,133,131,77,0,96,33,37,114" hai1="98,101,61,63,1,95,54,64,134,112,126,100,41" hai2="45,82,76,57,80,89,132,85,113,59,14,86,55" hai3="129,11,119,15,60,127,4,62,51,30,38,117,116"/><V3/><F3/><W27/><G38/><T128/><D77/><U99/><E112/><V10/><F132/><N who="0" m="50762" /><D37/><U19/><E134/><V94/><F113/><W97/><G127/><T17/><D105/><U109/><E109/><V53/><F94/><W103/><G129/><N who="0" m="49739" /><D96/><U110/><E126/><V29/><F29/><W32/><REACH who="3" step="1"/><G51/><REACH who="3" ten="123,270,247,350" step="2"/><T90/><D90/><U73/><E110/><V69/><F69/><W36/><G36/><T92/><D92/><AGARI ba="0,1" hai="4,11,15,27,30,32,60,62,92,97,103,116,117,119" machi="92" ten="40,8000,1" yaku="1,1,52,2,53,1" doraHai="58" doraHaiUra="20" who="3" fromWho="0" sc="123,-80,270,0,247,0,350,90" /><INIT seed="7,0,0,4,3,19" ten="43,270,247,440" oya="3" hai0="66,48,114,46,116,74,42,63,90,8,131,98,32" hai1="76,103,4,64,40,108,45,101,50,2,102,72,121" hai2="70,21,39,33,117,89,87,126,51,73,23,115,18" hai3="79,105,94,69,113,97,10,47,119,135,30,27,35"/><W134/><G113/><T88/><D74/><U99/><E108/><V62/><F39/><W110/><G119/><T85/><D32/><U56/><E121/><V112/><F33/><W86/><G105/><T106/><D116/><U77/><E72/><V95/><F73/><W65/><G65/><T127/><D131/><U24/><E2/><V57/><F117/><W58/><G58/><T54/><D127/><U133/><E4/><V100/><F126/><W44/><G86/><T36/><D114/><N who="2" m="43562" /><F18/><W52/><G94/><T81/><D8/><U37/><E37/><V49/><F100/><W6/><G27/><T13/><D13/><U125/><E125/><V22/><F70/><W34/><G30/><T12/><D12/><U80/><E24/><V122/><F122/><W3/><G69/><T38/><D54/><AGARI ba="0,0" hai="21,22,23,49,51,54,57,62,87,89,95" m="43562" machi="54" ten="30,7700,0" yaku="15,1,52,3" doraHai="19" who="2" fromWho="0" sc="43,-77,270,0,247,77,440,0" owari="-34,-53.0,270,-13.0,324,12.0,440,54.0" /></mjloggm>