<mjloggm ver="2.3"><GO type="41" lobby="0"/><UN n0="%E3%81%AF%E3%81%98%E3%82%81%E3%81%AE%EF%BC%93%E6%AD%A9" n1="%E2%93%9D%4E%41%47%41%32%35" n2="%E2%93%9D%53%75%70%68%78" n3="%E3%81%A4%E3%81%89%E3%82%93%E3%81%8C" dan="13,16,17,14" rate="1946.02,2007.99,2083.91,1947.20" sx="M,F,M,M"/><TAIKYOKU oya="0"/><INIT seed="0,0,0,3,3,126" ten="250,250,250,250" oya="0" hai0="93,107,105,44,31,134,117,18,35,92,51,46,14" hai1="0,113,120,42,64,76,23,75,79,69,118,100,84" hai2="20,130,86,43,98,49,22,27,82,81,104,5,19" hai3="96,13,127,61,63,48,77,33,12,122,9,60,3"/><T10/><D117/><U53/><E118/><V109/><F109/><W11/><G127/><T41/><D134/><U112/><E120/><V95/><F104/><W6/><G122/><T85/><D93/><U110/><E0/><V67/><F5/><W54/><G33/><T37/><D35/><U28/><E75/><V59/><F130/><W78/><G3/><T125/><D31/><U94/><E42/><V101/><F86/><W36/><G36/><T124/><D85/><U88/><E110/><V129/><F129/><W25/><G25/><T71/><D71/><U111/><E111/><V15/><F43/><W114/><G96/><T68/><D68/><U8/><E8/><V70/><F70/><W66/><G66/><T57/><D124/><U65/><E53/><N who="2" m="32175" /><F67/><N who="1" m="25673" /><E100/><V74/><F74/><W83/><G114/><N who="1" m="44138" /><E69/><V133/><F133/><W16/><REACH who="3" step="1"/><G83/><REACH who="3" ten="250,250,250,240" step="2"/><T108/><D125/><U30/><E30/><AGARI ba="0,1" hai="15,19,20,22,27,30,81,82,95,98,101" m="32175" machi="30" ten="30,1000,0" yaku="8,1" doraHai="126" who="2" fromWho="1" sc="250,0,250,-10,250,20,240,0" /><INIT seed="1,0,0,1,1,104" ten="250,240,270,240" oya="1" hai0="84,76,80,122,123,42,17,115,114,24,82,112,9" hai1="106,31,134,121,34,0,130,108,51,58,97,20,60" hai2="48,28,78,12,70,10,86,125,22,96,47,93,118" hai3="113,83,100,37,33,119,35,99,54,79,71,16,101"/><U19/><E121/><V103/><F70/><W85/><G113/><T98/><D42/><U43/><E0/><V4/><F125/><W56/><G71/><T23/><D9/><U129/><E134/><V72/><F118/><W53/><G37/><T95/><REACH who="0" step="1"/><D82/><REACH who="0" ten="240,240,270,240" step="2"/><U36/><E43/><V41/><F10/><W59/><G119/><T90/><AGARI ba="0,1" hai="17,23,24,76,80,84,90,95,98,112,114,115,122,123" machi="90" ten="40,5200,0" yaku="1,1,2,1,0,1,53,0" doraHai="104" doraHaiUra="120" who="0" fromWho="0" sc="240,62,240,-26,270,-13,240,-13" /><INIT seed="2,0,0,2,0,130" ten="302,214,257,227" oya="2" hai0="113,83,77,105,135,21,100,44,107,15,5,81,63" hai1="20,68,0,50,88,46,86,94,121,17,29,66,55" hai2="104,73,114,93,16,41,98,89,110,120,103,87,26" hai3="12,92,101,31,62,126,19,28,64,7,131,116,8"/><V117/><F114/><W10/><G116/><T72/><D113/><U118/><E118/><V84/><F117/><W13/><G131/><T82/><D63/><U74/><E121/><V37/><F120/><W57/><REACH who="3" step="1"/><G126/><REACH who="3" ten="302,214,257,217" step="2"/><T76/><D44/><U61/><E74/><V33/><F73/><W6/><G6/><T54/><D5/><U18/><REACH who="1" step="1"/><E0/><REACH who="1" ten="302,204,257,217" step="2"/><V23/><F110/><W40/><G40/><T47/><D72/><U48/><E48/><V43/><F37/><W106/><G106/><T32/><D105/><U75/><E75/><V58/><F33/><W90/><G90/><T36/><D107/><U4/><E4/><V122/><F122/><W119/><G119/><T123/><D32/><U59/><E59/><V38/><F38/><W49/><G49/><T1/><D123/><U53/><E53/><V99/><REACH who="2" step="1"/><F58/><REACH who="2" ten="302,204,247,217" step="2"/><W124/><G124/><T56/><D36/><U115/><E115/><V132/><F132/><W97/><AGARI ba="0,3" hai="7,8,10,12,13,19,28,31,57,62,64,92,97,101" machi="97" ten="30,8000,1" yaku="1,1,0,1,8,1,53,2" doraHai="130" doraHaiUra="27" who="3" fromWho="3" sc="302,-20,204,-20,247,-40,217,110" /><INIT seed="3,0,0,3,1,102" ten="282,184,207,327" oya="3" hai0="113,101,77,71,92,48,110,130,93,107,9,58,54" hai1="20,91,112,116,72,119,75,127,38,21,64,0,14" hai2="89,121,90,46,78,42,105,51,34,83,63,106,88" hai3="67,108,76,61,22,87,66,13,97,95,120,125,104"/><W60/><G120/><T29/><D71/><U52/><E0/><V15/><F121/><W31/><G125/><T40/><D110/><U10/><E112/><V5/><F34/><W49/><G49/><T59/><D113/><U19/><E38/><V103/><F103/><W69/><G108/><T18/><D130/><U33/><E33/><V8/><REACH who="2" step="1"/><F63/><REACH who="2" ten="282,184,197,327" step="2"/><W70/><G76/><T16/><D101/><U133/><E127/><V27/><F27/><W84/><G104/><T135/><D107/><U3/><E119/><V124/><F124/><W44/><G44/><T41/><D77/><U4/><E116/><V74/><AGARI ba="0,1" hai="5,8,15,42,46,51,74,78,83,88,89,90,105,106" machi="74" ten="30,8000,1" yaku="1,1,0,1,52,2,54,1,53,0" doraHai="102" doraHaiUra="118" who="2" fromWho="2" sc="282,-20,184,-20,197,90,327,-40" /><INIT seed="4,0,0,2,5,24" ten="262,164,287,287" oya="0" hai0="18,77,104,122,11,91,86,30,52,88,41,71,31" hai1="113,36,123,42,47,35,127,0,119,50,82,15,81" hai2="100,73,99,72,129,4,59,33,67,26,94,54,32" hai3="55,87,16,70,69,89,56,112,61,109,66,28,97"/><T21/><D122/><U51/><E123/><V68/><F129/><W1/><G109/><T34/><D71/><U13/><E119/><V60/><F4/><W37/><G112/><T25/><D104/><U76/><E127/><V115/><F115/><W114/><G114/><T75/><D75/><U9/><E113/><V93/><F93/><W5/><G37/><T101/><D41/><U44/><E35/><V128/><F128/><W22/><G1/><T62/><D101/><U131/><E131/><V17/><F33/><W83/><G5/><T103/><D103/><U111/><E111/><V10/><F10/><W120/><G120/><T20/><D34/><U46/><E0/><V106/><F94/><W12/><G97/><T39/><D39/><U102/><E102/><V96/><F96/><W74/><G74/><T40/><D40/><U108/><E108/><V118/><F17/><W80/><G80/><N who="0" m="47375" /><D11/><U53/><E9/><V49/><REACH who="2" step="1"/><F118/><REACH who="2" ten="262,164,277,287" step="2"/><W85/><G16/><T134/><D134/><U92/><E92/><V63/><F63/><W43/><G61/><T135/><D135/><U3/><E3/><V64/><F64/><W98/><G66/><T45/><D18/><U38/><E82/><V2/><F2/><W14/><G98/><T116/><D116/><U117/><E117/><V84/><F84/><W48/><G87/><T65/><D65/><U133/><E133/><V90/><F90/><N who="0" m="34346" /><D62/><U58/><E81/><V19/><F19/><W124/><G83/><T78/><D25/><U29/><E15/><V110/><F110/><W126/><G85/><T6/><D6/><RYUUKYOKU ba="0,1" sc="262,-10,164,-10,277,30,287,-10" hai2="26,32,49,54,59,60,67,68,72,73,99,100,106" /><INIT seed="5,1,1,2,5,80" ten="252,154,307,277" oya="1" hai0="16,42,120,33,70,23,85,116,72,90,35,54,75" hai1="62,109,11,73,129,65,46,15,94,24,48,132,99" hai2="128,106,124,82,97,7,56,83,126,44,110,86,41" hai3="51,37,111,104,49,91,12,103,123,105,32,96,60"/><U68/><E129/><V53/><F110/><W50/><G111/><T121/><D116/><U59/><E132/><V3/><F128/><W76/><G123/><N who="0" m="47179" /><D70/><U40/><E109/><V61/><F7/><W74/><G37/><T47/><D54/><U10/><E73/><N who="0" m="28233" /><D47/><U25/><E68/><V107/><F82/><W22/><G32/><T117/><D42/><U87/><E87/><V57/><F97/><W43/><G105/><T112/><D117/><U20/><E15/><V119/><F56/><W115/><G115/><T5/><D5/><U130/><E25/><V0/><F119/><W18/><G60/><T125/><D125/><N who="2" m="48234" /><F3/><W93/><G43/><T14/><D112/><U58/><E58/><V79/><F0/><W66/><G66/><T133/><D133/><U78/><E78/><V36/><AGARI ba="1,1" hai="36,41,44,53,57,61,79,83,86,106,107" m="48234" machi="36" ten="30,2000,0" yaku="18,1,52,1" doraHai="80" who="2" fromWho="2" sc="252,-6,154,-11,307,33,277,-6" /><INIT seed="6,0,0,1,2,85" ten="246,143,340,271" oya="2" hai0="11,101,37,5,34,110,22,47,112,76,79,25,18" hai1="134,36,97,68,44,42,49,69,126,4,52,24,16" hai2="63,131,130,56,66,105,46,99,17,41,82,73,124" hai3="122,77,108,115,21,3,12,71,104,80,9,55,119"/><V120/><F120/><W39/><G122/><T96/><D110/><U128/><E128/><N who="2" m="49195" /><F124/><W84/><G119/><T67/><D112/><U62/><E126/><V27/><F73/><W29/><G108/><T103/><D67/><U15/><E134/><V123/><F82/><W14/><G3/><T90/><D103/><U38/><E4/><V86/><F86/><W117/><G117/><T19/><D34/><U100/><E24/><V65/><F123/><W1/><G1/><T89/><D19/><U114/><E114/><V58/><F99/><W94/><G104/><T70/><D70/><U92/><E62/><N who="2" m="38231" /><F17/><W91/><G71/><T88/><D37/><U20/><REACH who="1" step="1"/><E38/><REACH who="1" ten="246,133,340,271" step="2"/><N who="2" m="21815" /><F27/><N who="3" m="16623" /><G39/><T116/><D116/><U78/><E78/><V129/><F129/><W30/><G115/><T109/><D109/><U48/><E48/><V32/><F32/><W64/><G77/><T75/><D75/><U106/><E106/><AGARI ba="0,1" hai="56,63,65,105,106" m="21815,38231,49195" machi="106" ten="30,1500,0" yaku="19,1" doraHai="85" who="2" fromWho="1" sc="246,0,133,-15,340,25,271,0" /><INIT seed="6,1,0,5,4,26" ten="246,118,365,271" oya="2" hai0="1,134,51,110,133,126,121,91,93,10,24,39,49" hai1="111,47,76,52,45,119,20,25,81,46,72,135,92" hai2="41,113,60,30,34,85,86,65,21,3,58,127,23" hai3="50,96,33,67,104,62,98,79,53,61,9,6,13"/><V82/><F3/><W99/><G104/><T48/><D121/><U59/><E111/><V22/><F113/><W128/><G128/><T123/><D123/><U80/><E119/><V95/><F127/><W7/><G33/><T15/><D110/><U0/><E0/><V114/><F114/><W129/><G129/><T112/><D39/><U32/><E135/><N who="0" m="51721" /><D112/><U125/><E125/><V4/><F4/><W68/><G62/><T75/><D126/><U101/><E32/><V37/><F37/><W78/><REACH who="3" step="1"/><G6/><REACH who="3" ten="246,118,365,261" step="2"/><N who="0" m="3543" /><D1/><U89/><E101/><V84/><F34/><W116/><G116/><T131/><D131/><U117/><E117/><V100/><F100/><W11/><G11/><T31/><D75/><U36/><E36/><V122/><F122/><W74/><G74/><T42/><D42/><U12/><E72/><V106/><F41/><W132/><G132/><T38/><D38/><U83/><E76/><V88/><F106/><W115/><G115/><T8/><D8/><U5/><E5/><V19/><F21/><W28/><G28/><T124/><D124/><U14/><E20/><V57/><F23/><W77/><G77/><T71/><D71/><U90/><E25/><V94/><F30/><W16/><G16/><T120/><D120/><U108/><E108/><V29/><F29/><W97/><N who="3" m="24576" /><DORA hai="73" /><W55/><G55/><T18/><D18/><U109/><E109/><V103/><F19/><W17/><G17/><T43/><D43/><U44/><N who="1" m="11264" /><DORA hai="130" /><U63/><REACH who="1" step="1"/><E90/><REACH who="1" ten="246,108,365,261" step="2"/><V40/><F88/><W107/><G107/><T54/><D91/><U87/><AGARI ba="1,2" hai="12,14,52,59,63,80,81,83,87,89,92" m="11264" machi="87" ten="50,12000,2" yaku="1,1,2,1,5,1,0,1,8,1,54,1,53,0" doraHai="26,73,130" doraHaiUra="64,27,118" who="1" fromWho="1" sc="246,-31,108,143,365,-61,261,-31" /><INIT seed="7,0,0,4,1,20" ten="215,251,304,230" oya="3" hai0="64,104,55,6,40,42,50,67,22,114,52,113,107" hai1="0,78,28,32,23,93,135,112,101,70,130,74,77" hai2="97,44,100,98,132,94,99,19,58,85,27,124,80" hai3="110,127,72,45,16,48,86,88,92,43,12,13,14"/><W102/><G72/><T82/><D6/><U53/><E0/><V105/><F132/><W18/><G110/><T38/><D82/><U115/><E70/><V2/><F2/><W122/><G122/><T71/><D22/><U90/><E32/><V79/><F124/><W54/><G127/><T76/><D76/><U10/><E10/><V131/><F131/><W35/><G35/><T7/><D7/><U8/><E8/><V133/><F133/><W15/><G102/><T56/><D104/><U11/><E11/><V89/><F44/><W59/><N who="3" m="3072" /><DORA hai="29" /><W96/><REACH who="3" step="1"/><G96/><REACH who="3" ten="215,251,304,220" step="2"/><T75/><D75/><U61/><E101/><V17/><F97/><W60/><AGARI ba="0,1" hai="16,18,43,45,48,54,59,60,86,88,92" m="3072" machi="60" ten="40,18000,2" yaku="1,1,2,1,0,1,8,1,54,2,53,0" doraHai="20,29" doraHaiUra="119,103" who="3" fromWho="3" sc="215,-60,251,-60,304,-60,220,190" owari="155,-34.0,191,-21.0,244,4.0,410,51.0" /></mjloggm>