<mjloggm ver="2.3"><GO type="41" lobby="0"/><UN n0="%68%61%72%64" n1="%73%68%61%79%65" n2="%E2%93%9D%53%75%70%68%78" n3="%46%4D" dan="14,15,17,14" rate="2017.46,2067.35,2043.65,1940.78" sx="F,M,M,M"/><TAIKYOKU oya="0"/><INIT seed="0,0,0,4,3,26" ten="250,250,250,250" oya="0" hai0="135,94,114,54,13,123,89,119,102,118,74,22,68" hai1="124,85,25,9,117,60,75,122,81,0,50,106,5" hai2="77,35,104,127,107,47,52,8,113,45,4,80,64" hai3="110,88,63,97,126,98,40,29,101,37,91,17,70"/><T129/><D114/><U90/><E122/><V86/><F113/><W134/><G110/><T18/><D123/><U116/><E106/><V71/><F35/><W21/><G134/><T32/><D135/><U78/><E124/><V87/><F127/><W36/><G126/><T28/><D74/><U65/><E25/><V39/><F64/><W73/><G73/><T23/><D32/><U69/><REACH who="1" step="1"/><E50/><REACH who="1" ten="250,240,250,250" step="2"/><V131/><F107/><W20/><G36/><T19/><D118/><U67/><E67/><V57/><F104/><W96/><G37/><T2/><D119/><U44/><E44/><V100/><F47/><W93/><G70/><T49/><D68/><U111/><E111/><V6/><F45/><W30/><G63/><T1/><D49/><U55/><E55/><V125/><F71/><W132/><G40/><T41/><D41/><U120/><E120/><V7/><F39/><W34/><G132/><T14/><D54/><U130/><E130/><V43/><F131/><W16/><G34/><T3/><D129/><U56/><E56/><V76/><F43/><W31/><G101/><T11/><D102/><U48/><E48/><N who="2" m="30855" /><F100/><W115/><G115/><T128/><D128/><U84/><E84/><V99/><F125/><W62/><G62/><T15/><D15/><U27/><E27/><V59/><F59/><W33/><G33/><T53/><D53/><U58/><E58/><V10/><F99/><W121/><G121/><T95/><D89/><N who="3" m="34377" /><G93/><AGARI ba="0,1" hai="0,5,9,60,65,69,75,78,81,85,90,93,116,117" machi="93" ten="30,2000,0" yaku="1,1,7,1,53,0" doraHai="26" doraHaiUra="103" who="1" fromWho="3" sc="250,0,240,30,250,0,250,-20" /><INIT seed="1,0,0,1,3,102" ten="250,270,250,230" oya="1" hai0="92,12,13,34,128,58,30,130,131,105,88,50,106" hai1="135,112,2,57,56,36,100,22,94,39,122,107,101" hai2="121,31,6,125,79,63,120,60,7,118,85,134,80" hai3="25,82,8,71,18,84,43,126,5,98,75,114,96"/><U14/><E112/><V90/><F118/><W29/><G71/><T32/><D58/><U1/><E94/><V89/><F31/><W52/><G114/><T40/><D40/><U59/><E122/><V33/><F33/><N who="0" m="12906" /><D50/><U110/><E135/><V129/><F129/><W78/><G126/><T77/><D77/><U97/><E110/><V87/><F79/><W24/><G43/><T55/><D55/><U37/><E22/><V76/><F76/><W47/><G75/><T103/><D103/><U9/><REACH who="1" step="1"/><E101/><REACH who="1" ten="250,260,250,230" step="2"/><V46/><F134/><W133/><G133/><T53/><D30/><U66/><E66/><V127/><F80/><W72/><G29/><T4/><D53/><U27/><E27/><V73/><F73/><W11/><G72/><T51/><D51/><U38/><N who="1" m="9216" /><DORA hai="17" /><U48/><E48/><V16/><F121/><W113/><G113/><T115/><D115/><U74/><E74/><V111/><F120/><W109/><G109/><T93/><D93/><U119/><E119/><V15/><F111/><W49/><G25/><T104/><D4/><AGARI ba="0,1" hai="1,2,4,9,14,56,57,59,97,100,107" m="9216" machi="4" ten="70,12000,1" yaku="1,1,52,1,53,2" doraHai="102,17" doraHaiUra="65,35" who="1" fromWho="0" sc="250,-120,260,130,250,0,230,0" /><INIT seed="1,1,0,3,4,133" ten="130,390,250,230" oya="1" hai0="41,70,32,14,21,89,42,72,84,107,51,111,12" hai1="63,130,28,109,40,116,0,17,105,8,5,135,66" hai2="2,73,101,114,128,16,69,131,44,54,96,39,104" hai3="60,74,26,45,30,75,38,95,108,123,100,10,36"/><U93/><E116/><V23/><F2/><W125/><G123/><T71/><D72/><U50/><E105/><V103/><F103/><W119/><G108/><T80/><D107/><U82/><E135/><V126/><F69/><W76/><G125/><T7/><D111/><U124/><E124/><V56/><F73/><W102/><G119/><T115/><D115/><U129/><E28/><V92/><F126/><W112/><G112/><T117/><D117/><U58/><E109/><V110/><F110/><W33/><G60/><T67/><D32/><U22/><E82/><V61/><F114/><W122/><G122/><T43/><D67/><U49/><E93/><V99/><F44/><W113/><G113/><T24/><D70/><U79/><E79/><V98/><F39/><W127/><G127/><T85/><D71/><U37/><E37/><V118/><F118/><W77/><G10/><T11/><D84/><U48/><REACH who="1" step="1"/><E40/><REACH who="1" ten="130,380,250,230" step="2"/><V34/><F104/><W57/><G38/><T91/><D91/><U90/><E90/><V64/><F34/><W106/><G76/><T62/><D89/><U86/><E86/><V132/><F132/><W25/><G95/><T81/><D81/><U46/><E46/><V3/><F92/><W31/><G77/><T6/><D80/><U9/><E9/><V20/><F101/><W53/><G102/><T47/><D85/><U120/><E120/><V88/><F88/><W55/><G100/><T4/><D11/><U134/><E134/><V18/><F99/><W97/><G106/><T35/><D35/><U121/><E121/><V59/><F98/><RYUUKYOKU ba="1,1" sc="130,-10,380,30,250,-10,230,-10" hai1="0,5,8,17,22,48,49,50,58,63,66,129,130" /><INIT seed="1,2,1,4,2,88" ten="120,410,240,220" oya="1" hai0="77,101,5,16,61,71,76,68,131,94,114,105,13" hai1="22,89,108,62,37,115,102,19,46,0,30,95,73" hai2="75,92,98,129,90,57,120,26,4,65,1,60,2" hai3="99,113,8,82,20,28,69,33,91,63,100,40,21"/><U121/><E115/><V128/><F120/><W116/><G113/><T49/><D114/><U41/><E73/><V104/><F75/><W70/><G116/><T27/><D105/><U15/><E0/><V119/><F119/><W124/><G124/><T109/><D109/><U58/><E121/><V54/><F104/><W79/><G40/><T56/><D131/><N who="2" m="50250" /><F4/><W6/><G91/><T126/><D126/><U132/><E132/><V44/><F26/><W3/><G21/><N who="0" m="13735" /><D68/><U48/><E108/><V72/><F72/><N who="3" m="43367" /><G20/><T107/><D71/><N who="3" m="27145" /><G63/><T25/><D49/><AGARI ba="2,1" hai="1,2,44,49,54,57,60,65,90,92,98" m="50250" machi="49" ten="30,2000,0" yaku="19,1,52,1" doraHai="88" who="2" fromWho="0" sc="120,-26,410,0,240,36,220,0" /><INIT seed="2,0,0,3,1,40" ten="94,410,276,220" oya="2" hai0="31,123,133,10,100,2,25,122,42,132,6,30,11" hai1="61,43,112,106,56,109,101,124,55,20,90,129,3" hai2="113,23,117,5,99,52,89,78,81,70,79,41,135" hai3="105,111,27,103,94,72,116,12,127,44,51,54,16"/><V35/><F35/><W83/><G116/><T67/><D67/><U86/><E3/><V98/><F113/><W119/><G119/><T46/><D100/><U84/><E112/><V74/><F117/><W1/><G1/><T104/><D104/><U107/><E129/><V62/><F41/><W134/><G111/><T47/><D42/><U22/><E109/><V21/><F135/><N who="0" m="51786" /><D10/><U60/><E124/><V66/><F5/><W57/><G134/><T125/><D125/><U93/><E43/><V34/><F34/><W118/><G118/><T128/><D128/><U45/><E101/><V4/><F4/><W59/><G127/><T115/><D115/><U8/><E8/><V0/><F79/><W88/><G27/><T26/><D26/><U24/><E24/><V48/><F0/><W33/><G33/><N who="0" m="20687" /><D31/><U32/><E32/><V91/><F23/><W97/><G72/><T120/><AGARI ba="0,0" hai="2,6,11,46,47,120,122,123" m="20687,51786" machi="120" ten="40,5200,0" yaku="20,1,52,2" doraHai="40" who="0" fromWho="0" sc="94,52,410,-13,276,-26,220,-13" /><INIT seed="3,0,0,4,0,21" ten="146,397,250,207" oya="3" hai0="102,29,131,55,62,38,81,66,51,129,7,18,93" hai1="108,80,49,17,82,113,115,114,44,122,107,126,125" hai2="9,12,57,39,54,75,76,128,92,42,53,89,91" hai3="67,99,26,11,132,60,94,118,110,3,87,86,83"/><W98/><G118/><T25/><D38/><U72/><E107/><V19/><F128/><W34/><G132/><T58/><D18/><U20/><E72/><V13/><F75/><W59/><G110/><T133/><D133/><U120/><E108/><V48/><F76/><W61/><G99/><T4/><D81/><U106/><E106/><V45/><F92/><W10/><G3/><T79/><D79/><U64/><E64/><V85/><F85/><W121/><G121/><T90/><D129/><U63/><E63/><V123/><F123/><W0/><G0/><T104/><D131/><U52/><E120/><V117/><F117/><W73/><G73/><T70/><D102/><U2/><E2/><V41/><F41/><W88/><G87/><T135/><D104/><U37/><E37/><V71/><F71/><W74/><G74/><T105/><D105/><U40/><E40/><V124/><F124/><N who="1" m="47721" /><E122/><V35/><F35/><W46/><G46/><T8/><D8/><U69/><E69/><V84/><F84/><W112/><G112/><T32/><REACH who="0" step="1"/><D135/><REACH who="0" ten="136,397,250,207" step="2"/><U65/><E65/><V16/><REACH who="2" step="1"/><F54/><REACH who="2" ten="136,397,240,207" step="2"/><W116/><G116/><T119/><D119/><U30/><E115/><V134/><F134/><W1/><G1/><T77/><D77/><U27/><E114/><V97/><F97/><AGARI ba="0,2" hai="4,7,25,29,32,51,55,58,62,66,70,90,93,97" machi="97" ten="30,3900,0" yaku="1,1,7,1,52,1,53,0" doraHai="21" doraHaiUra="78" who="0" fromWho="2" sc="136,59,397,0,240,-39,207,0" /><INIT seed="4,0,0,5,3,70" ten="195,397,201,207" oya="0" hai0="120,133,26,9,27,10,81,48,30,107,61,39,41" hai1="90,88,59,99,51,97,79,123,21,58,84,23,49" hai2="12,11,117,24,29,25,86,80,72,68,3,93,92" hai3="110,43,112,33,52,13,111,85,109,60,129,38,100"/><T101/><D120/><U69/><E69/><V44/><F72/><W6/><G33/><T63/><D133/><U124/><E123/><V114/><F3/><W7/><G100/><T19/><D107/><U87/><REACH who="1" step="1"/><E79/><REACH who="1" ten="195,387,201,207" step="2"/><V89/><F68/><W105/><G110/><T8/><D30/><U118/><E118/><V35/><F117/><W95/><G109/><T45/><D19/><U127/><AGARI ba="0,1" hai="21,23,49,51,58,59,84,87,88,90,97,99,124,127" machi="127" ten="25,8000,1" yaku="1,1,0,1,22,2,54,1,53,0" doraHai="70" doraHaiUra="98" who="1" fromWho="1" sc="195,-40,387,90,201,-20,207,-20" /><INIT seed="5,0,0,3,4,112" ten="155,477,181,187" oya="1" hai0="27,5,25,9,121,76,81,47,102,35,111,135,104" hai1="85,0,94,13,117,41,123,1,88,24,79,44,87" hai2="72,128,56,57,127,31,68,53,119,134,43,70,115" hai3="75,22,2,129,120,86,15,49,80,26,96,100,133"/><U8/><E123/><V130/><F72/><W33/><G2/><T89/><D111/><U67/><E67/><V23/><F31/><W50/><G120/><T92/><D121/><U131/><E24/><V62/><F23/><W59/><G133/><T66/><D135/><U17/><E131/><N who="2" m="50219" /><F134/><W106/><G129/><T52/><D104/><U48/><E117/><V65/><F115/><W91/><G33/><T54/><D102/><U45/><E79/><V32/><F32/><W99/><G99/><T46/><D35/><U36/><REACH who="1" step="1"/><E87/><REACH who="1" ten="155,467,181,187" step="2"/><V84/><F84/><W73/><G75/><T108/><D76/><U11/><E11/><V109/><F119/><W95/><G73/><T90/><D9/><U38/><E38/><V110/><F110/><W98/><G98/><T82/><D108/><U4/><E4/><V30/><F109/><W20/><G26/><T42/><D5/><U39/><E39/><V18/><F65/><W14/><G86/><T78/><D66/><U63/><E63/><V21/><F62/><W34/><G96/><T101/><D78/><U116/><E116/><V37/><F37/><W126/><G49/><T58/><D25/><U113/><E113/><V97/><F97/><W132/><G50/><T103/><D27/><U61/><E61/><V28/><F28/><W114/><G114/><T19/><D101/><U122/><E122/><V77/><F30/><W118/><G132/><T74/><D74/><U69/><E69/><V55/><F70/><W124/><G118/><T83/><D103/><U3/><E3/><V64/><F68/><W107/><G100/><RYUUKYOKU ba="0,1" sc="155,-10,467,30,181,-10,187,-10" hai1="0,1,8,13,17,36,41,44,45,48,85,88,94" /><INIT seed="5,1,1,5,3,74" ten="145,497,171,177" oya="1" hai0="92,24,75,85,119,37,51,2,111,122,134,95,71" hai1="94,116,42,73,128,43,79,87,0,121,108,91,61" hai2="30,127,9,126,135,99,32,64,29,49,69,72,34" hai3="12,25,59,76,1,57,105,123,46,100,19,83,80"/><U125/><E116/><V15/><F72/><W56/><G123/><T107/><RYUUKYOKU type="yao9" ba="1,1" sc="145,0,497,0,171,0,177,0" hai0="2,24,37,51,71,75,85,92,95,107,111,119,122,134" /><INIT seed="5,2,1,0,4,14" ten="145,497,171,177" oya="1" hai0="41,70,80,127,94,66,114,21,19,38,49,22,95" hai1="52,28,115,81,110,69,98,42,51,57,34,27,105" hai2="1,10,33,106,129,54,31,86,56,2,15,78,11" hai3="47,90,4,73,79,44,122,50,102,20,84,121,62"/><U59/><E69/><V100/><F129/><W29/><G121/><T36/><D80/><U6/><E110/><V125/><F125/><W113/><G113/><T124/><D114/><U13/><E115/><V118/><F118/><W117/><G122/><T130/><D130/><U91/><E105/><V76/><F31/><W64/><G117/><T72/><D72/><U43/><E59/><V128/><F33/><W55/><G102/><T32/><D32/><U60/><E51/><V109/><F109/><W123/><G123/><T58/><D70/><U17/><E6/><V85/><F128/><W135/><G135/><T82/><D82/><U9/><REACH who="1" step="1"/><E98/><REACH who="1" ten="145,487,171,177" step="2"/><V63/><F106/><W107/><G4/><T0/><D49/><U35/><E35/><V119/><F119/><W83/><G107/><T68/><D68/><U61/><E61/><V26/><F63/><W39/><G39/><T18/><D58/><U75/><E75/><V40/><F56/><W53/><G73/><T30/><D36/><U108/><E108/><V104/><F104/><W12/><G62/><T74/><D74/><U132/><E132/><V8/><F86/><AGARI ba="2,2" hai="9,13,17,27,28,34,42,43,52,57,60,81,86,91" machi="86" ten="40,12000,1" yaku="1,1,52,1,54,1,53,1" doraHai="14" doraHaiUra="23" who="1" fromWho="2" sc="145,0,487,146,171,-126,177,0" /><INIT seed="5,3,0,3,2,16" ten="145,633,45,177" oya="1" hai0="93,20,123,36,96,78,18,47,49,81,82,1,128" hai1="61,26,113,95,91,28,64,4,65,112,133,8,92" hai2="132,127,11,104,44,130,88,86,69,58,40,60,109" hai3="70,103,66,53,115,89,107,74,57,2,94,24,59"/><U77/><E133/><V62/><F109/><W41/><G2/><T102/><D1/><U99/><E77/><V85/><F104/><W17/><G74/><T10/><D36/><U30/><E30/><V116/><F116/><W98/><G115/><N who="1" m="44106" /><E61/><V46/><F130/><W119/><G119/><T43/><D128/><U68/><E68/><V34/><F127/><W125/><G125/><T27/><D123/><U122/><E92/><V117/><F34/><W126/><G126/><T121/><D121/><U51/><E51/><V42/><F117/><W120/><G120/><T15/><REACH who="0" step="1"/><D78/><REACH who="0" ten="135,633,45,177" step="2"/><U101/><E122/><V48/><F132/><W6/><G70/><T14/><D14/><N who="1" m="5383" /><E101/><V50/><F69/><W129/><G103/><T7/><AGARI ba="3,1" hai="7,10,15,18,20,27,43,47,49,81,82,93,96,102" machi="7" ten="20,12000,2" yaku="1,1,0,1,7,1,8,1,52,1,53,1" doraHai="16" doraHaiUra="37" who="0" fromWho="0" sc="135,139,633,-63,45,-33,177,-33" /><INIT seed="6,0,0,0,3,61" ten="274,570,12,144" oya="2" hai0="93,55,52,3,75,27,127,57,135,100,119,13,20" hai1="19,26,90,71,6,120,123,133,30,94,122,72,53" hai2="118,17,79,131,74,62,35,115,42,121,91,117,112" hai3="87,80,104,16,47,33,132,54,0,40,1,82,9"/><V44/><F35/><W66/><G104/><T43/><D3/><U59/><E72/><V67/><F91/><W58/><G33/><T63/><D75/><U125/><E71/><N who="2" m="42487" /><F17/><W83/><G132/><T85/><D135/><U109/><E133/><V111/><F79/><W107/><G107/><T77/><D119/><N who="2" m="45578" /><F74/><W70/><G87/><T46/><D85/><U25/><E19/><V81/><F81/><W32/><G32/><T96/><D77/><U29/><E90/><V116/><N who="2" m="45586" /><V11/><DORA hai="15" /><F11/><W113/><G113/><N who="2" m="43593" /><F131/><W134/><G134/><T89/><D89/><U130/><E130/><V51/><F111/><W2/><G16/><T86/><D13/><U110/><E110/><V38/><F121/><W124/><G124/><T22/><D127/><U7/><E125/><V99/><F99/><W105/><G105/><T103/><D103/><U95/><E109/><V12/><F12/><W69/><G9/><T60/><D27/><N who="1" m="10251" /><E7/><V28/><F28/><N who="1" m="10857" /><E6/><V14/><F14/><W76/><G76/><T8/><D86/><U23/><E23/><V102/><F102/><W126/><G126/><T128/><D8/><U24/><E24/><V68/><F68/><W84/><G70/><T65/><D128/><U10/><E10/><V36/><AGARI ba="0,0" hai="36,38,42,44,51" m="43593,45586,42487" machi="36" ten="50,12000,1" yaku="15,1,34,2,52,1" doraHai="61,15" who="2" fromWho="2" sc="274,-40,570,-40,12,120,144,-40" /><INIT seed="6,1,0,5,4,75" ten="234,530,132,104" oya="2" hai0="83,59,19,133,111,81,84,78,134,40,56,18,61" hai1="119,55,73,106,60,68,7,80,35,17,74,16,2" hai2="99,115,0,102,116,71,9,95,114,123,124,42,82" hai3="46,14,21,110,100,120,10,1,91,77,135,104,128"/><V105/><F71/><W85/><G110/><T127/><D111/><U8/><E35/><V49/><F116/><W57/><G120/><T93/><D127/><U45/><E106/><V79/><F123/><W52/><G135/><N who="0" m="51723" /><D40/><U65/><E119/><V39/><F49/><W113/><G128/><T92/><D81/><U86/><E74/><N who="2" m="43383" /><F95/><N who="0" m="36426" /><D56/><U4/><E73/><V58/><F58/><W130/><G130/><T97/><D97/><U47/><E4/><N who="2" m="1159" /><F124/><W30/><G113/><T38/><D38/><U108/><E108/><V69/><F69/><W50/><G1/><T27/><D27/><U48/><E47/><AGARI ba="1,0" hai="39,42,47,99,102,105,114,115" m="1159,43383" machi="47" ten="30,5800,0" yaku="25,1,23,1,52,1" doraHai="75" who="2" fromWho="1" sc="234,0,530,-61,132,61,104,0" /><INIT seed="6,2,0,1,3,4" ten="234,469,193,104" oya="2" hai0="101,36,105,89,35,39,44,75,47,130,17,88,82" hai1="125,55,33,28,70,19,62,109,52,18,54,57,116" hai2="43,59,30,94,71,91,14,120,2,83,67,38,48" hai3="102,127,115,42,66,97,25,41,111,77,112,27,7"/><V45/><F2/><W79/><G66/><T113/><D35/><U13/><E116/><V90/><F120/><W21/><G111/><T85/><D113/><N who="3" m="43593" /><G7/><T9/><D89/><U87/><E109/><V72/><F30/><W121/><G121/><T37/><D130/><U114/><E125/><V24/><F24/><N who="3" m="9291" /><G21/><T132/><D75/><U12/><E70/><V60/><F14/><W129/><G127/><T104/><D104/><U49/><E114/><V128/><F128/><W122/><G122/><T92/><D105/><U100/><E33/><V10/><F10/><W84/><G84/><T81/><D9/><N who="1" m="6415" /><E28/><V124/><F124/><W5/><G5/><T96/><D85/><U50/><E87/><V117/><F117/><W31/><G31/><T8/><D8/><N who="1" m="6567" /><E100/><V46/><F71/><W74/><G74/><T86/><D86/><U123/><E123/><V63/><F72/><W34/><G34/><T23/><D23/><U3/><E3/><V15/><F91/><W22/><G22/><T76/><D88/><U0/><E0/><V61/><F15/><W106/><G129/><T16/><D17/><U134/><E134/><V131/><F131/><W26/><N who="3" m="9299" /><W56/><DORA hai="107" /><G56/><T78/><D132/><U53/><AGARI ba="2,0" hai="49,50,52,53,54,55,57,62" m="6567,6415" machi="53" ten="30,7900,0" yaku="8,1,52,2,54,1" doraHai="4,107" who="1" fromWho="1" sc="234,-22,469,85,193,-41,104,-22" /><INIT seed="7,0,0,1,4,49" ten="212,554,152,82" oya="3" hai0="3,70,42,23,81,116,82,38,124,102,122,131,17" hai1="84,97,106,52,63,111,25,108,48,28,120,11,78" hai2="80,109,126,119,1,134,133,58,67,12,96,100,36" hai3="64,72,16,110,40,13,32,88,0,5,62,132,94"/><W135/><G72/><T99/><D116/><U112/><E120/><V31/><F109/><W14/><G32/><T75/><D122/><U22/><E112/><V30/><F1/><W95/><G0/><T98/><D3/><U41/><E106/><V35/><F36/><W37/><G110/><T2/><D2/><U54/><E97/><V19/><F126/><W115/><G115/><T117/><D117/><U39/><E39/><V107/><F80/><W93/><G37/><T4/><D124/><U15/><E63/><N who="2" m="38391" /><F35/><W89/><G40/><T118/><D118/><U27/><E27/><V105/><F105/><W55/><G55/><N who="1" m="21034" /><E111/><V121/><F121/><W57/><G5/><T69/><D98/><U101/><E101/><V59/><F59/><W128/><G128/><T65/><D4/><N who="1" m="3559" /><E108/><V9/><F119/><W92/><N who="3" m="23552" /><DORA hai="130" /><W76/><G76/><T103/><D38/><U61/><E61/><V90/><F90/><W73/><G73/><T68/><D75/><U91/><E78/><V74/><F74/><W129/><G129/><T87/><D131/><U125/><E125/><V123/><F123/><W47/><G47/><T77/><D77/><U79/><E79/><V33/><F33/><W21/><REACH who="3" step="1"/><G13/><REACH who="3" ten="212,554,152,72" step="2"/><T56/><D42/><U26/><E41/><V53/><F53/><W10/><G10/><T104/><D99/><U66/><E66/><V43/><F43/><W6/><G6/><T24/><D65/><U83/><E48/><V44/><F44/><W114/><G114/><T50/><D50/><U45/><E45/><V51/><F51/><W86/><G86/><RYUUKYOKU ba="0,1" sc="212,-30,554,10,152,10,72,10" hai1="22,25,26,28,83,84,91" hai2="9,12,19,30,31,96,100,107,133,134" hai3="14,16,21,57,62,64,88,89,132,135" /><INIT seed="7,1,1,2,5,115" ten="182,564,162,82" oya="3" hai0="63,37,79,94,96,101,65,62,64,112,52,20,6" hai1="35,43,53,119,89,48,50,23,98,88,118,41,15" hai2="84,93,29,124,4,122,12,76,104,26,110,127,0" hai3="108,129,87,95,85,74,25,42,106,91,59,107,70"/><W68/><G74/><T60/><D112/><U3/><E35/><V66/><F104/><W38/><G70/><T121/><D121/><U134/><E3/><V81/><F110/><W114/><G68/><T130/><D37/><U86/><E134/><V14/><F122/><W22/><G114/><T13/><D130/><U33/><E33/><N who="2" m="20663" /><F66/><N who="0" m="25706" /><D79/><U105/><E105/><V49/><F49/><W133/><G108/><T132/><D132/><U102/><E102/><V16/><F93/><W116/><G133/><T45/><D45/><U80/><E98/><V47/><F47/><W11/><G129/><T58/><D6/><U17/><E89/><V34/><F34/><W100/><G116/><N who="1" m="44586" /><E50/><V54/><F0/><W40/><G100/><T28/><D28/><U9/><E23/><V5/><F5/><W73/><G73/><T90/><D101/><U31/><E31/><V103/><F103/><W2/><G85/><T51/><D51/><U46/><AGARI ba="1,1" hai="9,15,17,41,43,46,48,53,80,86,88" m="44586" machi="46" ten="30,12000,2" yaku="25,1,12,1,52,3,54,1" doraHai="115" who="1" fromWho="1" sc="182,-31,564,133,162,-31,82,-61" owari="151,-5.0,697,80.0,131,-27.0,21,-48.0" /></mjloggm>