<mjloggm ver="2.3"><GO type="41" lobby="0"/><UN n0="%E3%81%B2%E3%81%BE%E3%82%8F%E3%82%8A%E7%95%91%E3%81%A7" n1="%E2%93%9D%53%75%70%68%78" n2="%74%61%63%68%79%6F%6E%30" n3="%EF%BC%B4%EF%BC%AD%EF%BC%B2" dan="13,18,13,15" rate="1852.24,2083.51,1849.36,2000.86" sx="M,M,M,M"/><TAIKYOKU oya="0"/><INIT seed="0,0,0,2,5,35" ten="250,250,250,250" oya="0" hai0="72,25,61,28,33,14,110,18,45,76,44,63,125" hai1="49,129,36,2,37,114,103,47,121,4,124,98,27" hai2="94,31,19,26,15,56,93,134,122,30,62,128,133" hai3="111,86,55,97,70,22,60,59,17,6,23,24,84"/><T0/><D125/><U109/><E121/><V81/><F122/><W64/><G111/><T85/><D72/><U69/><E129/><V127/><F127/><W68/><G68/><T123/><D123/><U101/><E101/><V100/><F128/><W42/><G42/><T53/><D110/><U112/><E27/><V113/><F113/><N who="1" m="43625" /><E69/><V117/><F117/><W90/><G6/><T116/><D116/><U71/><E71/><V10/><F81/><W34/><G34/><T130/><D130/><U40/><E109/><V91/><F100/><W88/><G23/><T50/><D45/><U73/><E73/><V106/><F106/><W57/><G70/><T21/><D76/><U48/><E48/><V39/><F39/><W16/><G17/><T83/><REACH who="0" step="1"/><D0/><REACH who="0" ten="240,250,250,250" step="2"/><U126/><E126/><V1/><F1/><W8/><G8/><T3/><D3/><U29/><E124/><V7/><F10/><W12/><G12/><T52/><D52/><U78/><E78/><V80/><F15/><W54/><G54/><T75/><D75/><U89/><E2/><V118/><F26/><W107/><G107/><T74/><D74/><U105/><E105/><V108/><F108/><W104/><G104/><T131/><D131/><U13/><E13/><V132/><F118/><W95/><REACH who="3" step="1"/><G90/><REACH who="3" ten="240,250,250,240" step="2"/><T46/><D46/><U82/><E89/><V32/><F91/><W102/><G102/><T38/><D38/><U9/><E37/><V115/><F115/><W51/><AGARI ba="0,2" hai="16,22,24,51,55,57,59,60,64,84,86,88,95,97" machi="51" ten="20,12000,2" yaku="1,1,0,1,7,1,8,1,54,2,53,0" doraHai="35" doraHaiUra="79" who="3" fromWho="3" sc="240,-60,250,-30,250,-30,240,140" /><INIT seed="1,0,0,5,3,24" ten="180,220,220,380" oya="1" hai0="34,107,89,22,131,14,116,58,87,62,28,88,128" hai1="85,64,20,27,108,80,117,32,60,56,15,83,5" hai2="110,79,41,86,99,49,78,35,94,25,52,113,102" hai3="59,103,97,50,127,76,129,91,7,111,133,71,81"/><U6/><E117/><V54/><F113/><W74/><G71/><T125/><D116/><U69/><E32/><V46/><F110/><W95/><G7/><T30/><D107/><U17/><E108/><V77/><F35/><W11/><G11/><T134/><D34/><U1/><E1/><V101/><F102/><W65/><G111/><T98/><D125/><U42/><E69/><V66/><F66/><W10/><G10/><T33/><D33/><U2/><E2/><V119/><F119/><W3/><G50/><T73/><D73/><U19/><E42/><V93/><F25/><W100/><G3/><T90/><D134/><U109/><E83/><V61/><F61/><W13/><G13/><T82/><D128/><U135/><E135/><V21/><F21/><W9/><G9/><T36/><D36/><U104/><E104/><V45/><F46/><W72/><G65/><N who="0" m="39127" /><D131/><U37/><E37/><V38/><F38/><W51/><G129/><T92/><D90/><AGARI ba="0,0" hai="41,45,49,52,54,77,78,79,86,90,93,94,99,101" machi="90" ten="40,2600,0" yaku="8,1,54,1" doraHai="24" who="2" fromWho="0" sc="180,-26,220,0,220,26,380,0" /><INIT seed="2,0,0,0,1,31" ten="154,220,246,380" oya="2" hai0="5,71,119,15,134,87,91,75,123,18,7,11,81" hai1="55,72,1,82,4,105,133,37,103,65,21,14,104" hai2="19,70,102,23,66,60,114,113,53,95,78,20,26" hai3="84,116,56,121,40,69,33,80,44,62,108,16,68"/><V63/><F78/><W48/><G33/><T112/><D123/><U38/><E55/><V61/><F23/><W96/><G116/><T49/><D112/><U35/><E21/><V127/><F127/><W22/><G96/><T76/><D71/><U125/><E14/><V129/><F129/><W97/><G97/><T51/><D119/><U54/><E54/><V10/><F10/><W57/><G57/><T12/><D134/><U101/><E65/><V124/><F124/><W59/><G59/><T43/><D43/><U36/><E125/><V92/><F95/><W90/><G108/><T25/><D25/><U58/><E58/><V17/><F19/><W122/><G69/><T107/><D107/><U9/><E133/><V46/><F113/><W50/><G48/><T41/><D41/><U106/><REACH who="1" step="1"/><E35/><REACH who="1" ten="154,210,246,380" step="2"/><V94/><F114/><W126/><G68/><T47/><D47/><U88/><E88/><V77/><F77/><AGARI ba="0,1" hai="1,4,9,36,37,38,72,77,82,101,103,104,105,106" machi="77" ten="50,1600,0" yaku="1,1,53,0" doraHai="31" doraHaiUra="130" who="1" fromWho="2" sc="154,0,210,26,246,-16,380,0" /><INIT seed="3,0,0,5,1,59" ten="154,236,230,380" oya="3" hai0="70,77,52,21,41,0,134,57,132,112,71,10,81" hai1="37,63,24,131,29,3,119,104,69,83,92,9,124" hai2="28,45,4,5,129,135,68,35,120,130,40,96,114" hai3="31,94,67,65,27,39,99,50,72,43,95,54,13"/><W26/><G72/><T123/><D123/><U82/><E104/><V47/><F68/><W115/><G43/><T32/><D32/><U110/><E110/><V133/><F120/><W15/><G95/><T64/><D112/><U42/><E131/><V91/><F91/><W18/><G15/><T62/><D41/><U76/><E124/><V101/><F114/><W6/><G6/><N who="2" m="2665" /><F40/><W87/><G87/><T125/><D125/><U8/><E83/><V38/><F38/><W53/><G53/><T22/><D0/><U55/><E119/><V30/><F35/><W61/><G39/><T111/><D10/><U88/><E3/><V116/><F96/><W74/><G74/><T106/><D106/><U11/><E42/><V1/><F101/><W75/><G31/><N who="2" m="11817" /><F1/><W14/><G75/><T84/><D111/><U51/><E37/><V89/><F89/><N who="3" m="55759" /><G65/><T44/><D44/><N who="2" m="16970" /><F116/><W128/><G128/><AGARI ba="0,0" hai="128,129,130,133,135" m="16970,11817,2665" machi="128" ten="40,5200,0" yaku="28,2,19,1" doraHai="59" who="2" fromWho="3" sc="154,0,236,0,230,52,380,-52" /><INIT seed="4,0,0,1,1,6" ten="154,236,282,328" oya="0" hai0="77,63,124,0,87,25,40,12,39,44,51,17,16" hai1="29,116,38,31,80,41,14,75,108,50,65,134,135" hai2="59,79,130,13,26,62,69,91,126,28,117,98,74" hai3="128,123,72,18,10,49,9,97,100,131,19,34,27"/><T22/><D0/><U94/><E108/><V58/><F117/><W8/><G72/><T114/><D114/><U54/><E65/><V43/><F43/><W82/><G82/><T121/><D121/><U4/><E41/><V52/><F130/><N who="3" m="49707" /><G123/><T32/><D124/><U30/><E38/><V110/><F126/><W105/><G49/><T70/><D39/><U84/><E94/><V85/><F110/><W88/><G88/><T99/><D99/><U57/><E75/><V104/><F104/><W37/><G37/><T20/><D32/><U120/><E116/><V101/><F69/><W46/><G46/><T53/><D70/><U96/><E96/><V89/><F74/><W5/><G5/><T7/><D7/><U109/><E109/><V42/><F42/><W11/><N who="3" m="2048" /><DORA hai="36" /><W68/><G68/><T24/><D12/><U61/><E14/><V132/><F91/><W15/><G15/><T55/><REACH who="0" step="1"/><D63/><REACH who="0" ten="144,236,282,328" step="2"/><U122/><E61/><V129/><F13/><W83/><G83/><AGARI ba="0,1" hai="16,17,20,22,24,25,40,44,51,53,55,77,83,87" machi="83" ten="40,18000,2" yaku="1,1,2,1,9,1,8,1,52,1,54,1,53,0" doraHai="6,36" doraHaiUra="56,60" who="0" fromWho="3" sc="144,190,236,0,282,0,328,-180" /><INIT seed="4,1,0,0,5,126" ten="334,236,282,148" oya="0" hai0="129,2,65,84,21,20,109,57,133,30,0,67,92" hai1="61,123,117,70,40,27,99,97,132,118,114,28,107" hai2="60,13,108,119,3,15,32,63,47,46,36,112,1" hai3="66,50,74,85,89,42,88,5,113,26,44,55,12"/><T87/><D133/><U86/><E123/><V9/><F9/><W134/><G74/><T79/><D129/><U121/><E121/><V69/><F69/><W8/><G113/><T75/><D75/><U125/><E99/><V18/><F112/><W64/><G134/><T91/><D109/><U104/><E86/><V56/><F36/><W38/><G89/><T101/><D101/><U29/><E29/><V53/><F32/><W95/><REACH who="3" step="1"/><G26/><REACH who="3" ten="334,236,282,138" step="2"/><T10/><D91/><U122/><E27/><V48/><F119/><W120/><G120/><T80/><D79/><U106/><E122/><V90/><F108/><W4/><G4/><T45/><D0/><U100/><E114/><V7/><F7/><W127/><G127/><T52/><D2/><U23/><E125/><V102/><F90/><W81/><G81/><T58/><D80/><U14/><E132/><V93/><F1/><W22/><G22/><T31/><D21/><U115/><E115/><V24/><F24/><W41/><G41/><T35/><D20/><U96/><E40/><V19/><F3/><W37/><G37/><T11/><D35/><U94/><E118/><V78/><F78/><W49/><G49/><T130/><D10/><U110/><E110/><V105/><F13/><W83/><G83/><T68/><D11/><U111/><E111/><V17/><F15/><W16/><G16/><T43/><D43/><U98/><E117/><V34/><F34/><W124/><G124/><T76/><D76/><U25/><E14/><V6/><F6/><W103/><G103/><T51/><D51/><U73/><E73/><RYUUKYOKU ba="1,1" sc="334,-15,236,15,282,-15,138,15" hai1="23,25,28,61,70,94,96,97,98,100,104,106,107" hai3="5,8,12,38,42,44,50,55,64,66,85,88,95" /><INIT seed="5,2,1,1,0,57" ten="319,251,267,153" oya="1" hai0="89,126,91,69,32,94,54,59,41,70,110,88,104" hai1="52,98,66,48,8,108,14,96,38,78,28,56,19" hai2="103,101,55,9,61,72,74,27,121,22,86,21,105" hai3="30,11,92,42,132,84,99,12,29,102,46,135,4"/><U79/><E38/><V119/><F121/><W37/><REACH who="3" step="1"/><G84/><REACH who="3" ten="319,251,267,143" step="2"/><T44/><D110/><U5/><E108/><V67/><F86/><W73/><G73/><T75/><D75/><U115/><E115/><V100/><F74/><W33/><G33/><T31/><D32/><U120/><E120/><V125/><F72/><W71/><G71/><T6/><D70/><U128/><E128/><V34/><F34/><W77/><G77/><T68/><D69/><U127/><E127/><V47/><F125/><W122/><G122/><T0/><D68/><U23/><E28/><AGARI ba="2,2" hai="4,11,12,28,29,30,37,42,46,92,99,102,132,135" machi="28" ten="40,2600,0" yaku="21,2,53,0" doraHai="57" doraHaiUra="49" who="3" fromWho="1" sc="319,0,251,-32,267,0,143,52" /><INIT seed="6,0,0,1,3,71" ten="319,219,267,195" oya="2" hai0="76,25,135,99,26,102,53,39,45,101,79,131,57" hai1="91,78,35,17,104,89,121,129,3,114,109,55,47" hai2="95,61,18,130,42,96,126,44,58,12,8,43,13" hai3="69,106,60,65,123,19,54,30,34,31,9,72,0"/><V16/><F130/><W1/><G72/><T98/><D131/><U103/><E35/><V80/><F126/><W29/><G123/><T84/><D135/><U82/><E3/><V5/><F80/><W56/><G106/><T59/><D45/><U74/><E17/><V36/><F43/><W33/><G19/><T27/><D39/><U52/><E109/><V115/><F13/><W2/><REACH who="3" step="1"/><G9/><REACH who="3" ten="319,219,267,185" step="2"/><T51/><D59/><U94/><E121/><V92/><F115/><W28/><N who="3" m="7168" /><DORA hai="40" /><W132/><G132/><T83/><D79/><U63/><E129/><V68/><F68/><W22/><G22/><T85/><REACH who="0" step="1"/><D84/><REACH who="0" ten="309,219,267,185" step="2"/><U24/><E78/><V116/><F116/><W127/><G127/><T100/><AGARI ba="0,2" hai="25,26,27,51,53,57,76,83,85,98,99,100,101,102" machi="100" ten="30,7900,0" yaku="1,1,2,1,0,1,8,1,53,0" doraHai="71,40" doraHaiUra="133,110" who="0" fromWho="0" sc="309,99,219,-20,267,-39,185,-20" /><INIT seed="7,0,0,0,2,102" ten="408,199,228,165" oya="3" hai0="79,124,119,89,12,8,32,55,61,46,2,135,76" hai1="97,67,112,105,82,24,44,85,3,37,99,56,31" hai2="68,13,87,48,45,70,131,94,120,50,91,5,19" hai3="47,64,115,4,29,41,36,18,114,25,133,54,62"/><W69/><G4/><T86/><D119/><U72/><E72/><V121/><F5/><W104/><G18/><T58/><D32/><U38/><E3/><V43/><F50/><W51/><G104/><T20/><D2/><U109/><E109/><V122/><F131/><W95/><G95/><N who="0" m="54711" /><D124/><U128/><E112/><V57/><F57/><N who="3" m="32991" /><G29/><T63/><D135/><U106/><E128/><V96/><F96/><W27/><G27/><T26/><D63/><U75/><E99/><V1/><F1/><W52/><G25/><T17/><D46/><U113/><E44/><V10/><AGARI ba="0,0" hai="10,13,19,43,45,48,68,70,87,91,94,120,121,122" machi="10" ten="30,2000,0" yaku="0,1,13,1" doraHai="102" who="2" fromWho="2" sc="408,-5,199,-5,228,20,165,-10" owari="403,50.0,194,-21.0,248,5.0,155,-34.0" /></mjloggm>