<mjloggm ver="2.3"><GO type="41" lobby="0"/><UN n0="%E2%93%9D%53%75%70%68%78" n1="%E3%82%84%E3%81%88%E3%82%80%E3%81%90%E3%82%89" n2="%77%6A%31%32%33%34%35" n3="%E3%81%95%E3%81%8B%E3%81%8D%E3%81%B0%E3%82%89%E3%81%97%E3%82%93%E3%82%84" dan="18,13,13,15" rate="2110.48,1942.75,1911.91,1988.31" sx="M,M,M,M"/><TAIKYOKU oya="0"/><INIT seed="0,0,0,0,1,13" ten="250,250,250,250" oya="0" hai0="7,20,71,43,74,49,29,131,130,4,116,109,33" hai1="101,85,108,129,50,67,88,77,92,2,95,125,31" hai2="17,69,52,41,37,79,135,94,105,98,9,21,0" hai3="76,54,30,89,14,107,24,63,119,70,45,106,86"/><T39/><D74/><U26/><E2/><V62/><F105/><W123/><G119/><T11/><D49/><U80/><E108/><V113/><F113/><W22/><G123/><T114/><D71/><U134/><E125/><V58/><F135/><W127/><G127/><T97/><D43/><U12/><E134/><V68/><F79/><W42/><G76/><T1/><D97/><U82/><E129/><N who="0" m="49161" /><D39/><U133/><E67/><V66/><F9/><W36/><G14/><T27/><D114/><U100/><E12/><V72/><F0/><W121/><G121/><T3/><D116/><U60/><E60/><V34/><F34/><W57/><REACH who="3" step="1"/><G70/><REACH who="3" ten="250,250,250,240" step="2"/><T44/><D109/><U124/><E124/><V112/><F68/><W47/><G47/><T99/><D44/><U111/><E111/><V104/><F69/><W102/><G102/><T16/><D99/><U15/><E101/><V117/><F98/><W110/><G110/><T126/><D126/><U93/><E100/><V132/><F117/><W19/><G19/><T35/><D29/><U118/><E118/><V128/><F17/><W65/><G65/><T84/><D84/><U90/><E85/><V18/><F18/><W87/><G87/><T23/><D23/><U8/><E133/><V73/><F21/><W5/><G5/><T122/><D122/><U56/><E31/><V96/><F132/><W51/><G51/><T55/><D55/><U59/><E77/><V25/><F52/><W32/><G32/><T120/><D120/><U103/><E103/><V75/><F75/><W10/><G10/><AGARI ba="0,1" hai="1,3,4,7,10,11,16,20,27,33,35" m="49161" machi="10" ten="30,12000,1" yaku="19,1,34,2,52,1,54,1" doraHai="13" who="0" fromWho="3" sc="250,130,250,0,250,0,240,-120" /><INIT seed="0,1,0,4,5,35" ten="380,250,250,120" oya="0" hai0="55,118,89,90,105,135,116,128,85,34,100,3,93" hai1="78,48,60,16,13,20,134,14,75,0,71,103,54" hai2="64,42,109,33,77,47,115,110,87,49,53,66,97" hai3="1,23,12,123,67,120,84,83,114,102,2,51,61"/><T56/><D34/><U17/><E134/><V37/><F33/><W4/><G114/><T26/><D128/><U46/><E103/><V130/><F97/><W44/><G102/><T76/><D26/><U91/><E91/><V88/><F77/><W63/><G23/><T94/><D3/><N who="3" m="1033" /><G67/><T81/><D55/><U43/><E0/><V117/><F115/><W131/><G131/><T98/><D56/><U92/><E92/><N who="0" m="35433" /><D135/><U22/><E78/><V108/><F117/><AGARI ba="1,0" hai="76,81,85,89,90,98,100,105,116,117,118" m="35433" machi="117" ten="30,2900,0" yaku="34,2" doraHai="35" who="0" fromWho="2" sc="380,32,250,0,250,-32,120,0" /><INIT seed="0,2,0,4,5,44" ten="412,250,218,120" oya="0" hai0="122,92,13,50,35,117,10,26,21,83,89,59,28" hai1="82,17,90,56,14,91,100,121,6,119,120,73,129" hai2="23,123,0,99,47,126,87,24,65,39,49,22,34" hai3="78,102,15,66,7,81,57,5,41,93,124,27,30"/><T106/><D117/><U101/><E119/><V118/><F0/><W84/><G124/><T12/><D106/><U74/><E6/><V131/><F126/><W31/><G41/><T4/><D122/><N who="1" m="47211" /><E56/><V105/><F39/><W95/><G31/><T86/><D35/><U8/><E17/><V79/><F123/><W135/><G135/><T60/><D50/><U108/><E14/><V80/><F118/><W9/><G7/><T1/><REACH who="0" step="1"/><D92/><REACH who="0" ten="402,250,218,120" step="2"/><U127/><E127/><V32/><F32/><W55/><G95/><T111/><D111/><U25/><E108/><V114/><F105/><W113/><G113/><T88/><D88/><U107/><E91/><V67/><F114/><W42/><G93/><T43/><D43/><U110/><E90/><V61/><F34/><W132/><G42/><T19/><D19/><U53/><E110/><V52/><F131/><W85/><G132/><T76/><D76/><U130/><E129/><V69/><F67/><AGARI ba="2,1" hai="1,4,10,12,13,21,26,28,59,60,67,83,86,89" machi="67" ten="30,2900,0" yaku="1,1,7,1,53,0" doraHai="44" doraHaiUra="96" who="0" fromWho="2" sc="402,45,250,0,218,-35,120,0" /><INIT seed="0,3,0,1,3,86" ten="447,250,183,120" oya="0" hai0="67,70,77,11,9,35,112,12,60,98,73,125,23" hai1="4,2,122,37,7,58,135,119,110,99,129,130,48" hai2="87,76,3,51,96,36,32,131,8,117,10,40,15" hai3="17,22,50,109,25,93,33,5,90,71,6,120,29"/><T21/><D112/><U61/><E119/><V127/><F32/><W114/><G114/><T31/><D125/><U123/><E37/><V113/><F36/><W81/><G120/><T66/><D73/><U89/><E48/><V49/><F117/><W14/><G109/><T74/><D77/><U134/><E110/><V0/><F113/><W83/><G71/><T106/><D67/><U100/><E123/><V38/><F127/><W16/><G17/><T1/><D74/><U56/><E122/><V27/><F131/><N who="1" m="50185" /><E58/><V75/><F38/><W42/><G81/><T128/><D1/><U18/><E18/><V63/><F75/><W80/><G83/><T116/><D11/><U72/><E72/><V107/><F107/><W111/><G111/><T108/><D108/><U47/><E47/><V105/><F0/><W26/><G80/><T44/><D44/><U65/><E89/><V88/><F3/><W30/><G50/><T84/><D116/><U103/><E103/><V55/><F49/><W19/><G42/><T28/><D70/><U54/><E65/><V53/><F40/><W102/><G102/><T79/><D66/><U45/><E45/><V24/><F51/><W57/><G57/><T121/><D121/><U97/><E97/><V124/><F96/><W82/><G82/><T59/><D98/><U41/><E41/><V68/><F124/><W126/><G126/><T118/><D128/><U101/><E101/><V115/><F115/><W62/><G19/><T85/><D118/><U78/><E78/><V91/><F76/><W104/><G104/><T20/><D79/><RYUUKYOKU ba="3,0" sc="447,0,250,0,183,0,120,0" /><INIT seed="1,4,0,3,3,28" ten="447,250,183,120" oya="1" hai0="116,130,39,43,49,62,16,103,67,7,128,32,113" hai1="35,134,30,60,12,24,3,90,41,4,121,108,45" hai2="53,82,122,6,88,65,42,84,101,66,99,120,96" hai3="57,86,75,10,80,56,11,126,51,112,102,52,117"/><U15/><E121/><V2/><F42/><W107/><G112/><T81/><D116/><U59/><E134/><V8/><F96/><W44/><G126/><T92/><D7/><U58/><E90/><V76/><F76/><W97/><G117/><T129/><D113/><U114/><E114/><V119/><F119/><W26/><G75/><T46/><D81/><U27/><E108/><V132/><F132/><W106/><G106/><T18/><D32/><U110/><E110/><V0/><F0/><W118/><G118/><T77/><D39/><U54/><E59/><V33/><F53/><W105/><G105/><T21/><D77/><U98/><E98/><V94/><REACH who="2" step="1"/><F33/><REACH who="2" ten="447,250,173,120" step="2"/><W13/><G107/><T72/><D43/><U87/><E35/><V125/><F125/><W20/><G97/><T29/><D130/><U34/><E34/><V23/><F23/><W111/><G111/><T95/><D21/><U1/><E3/><V71/><F71/><W37/><G37/><T74/><D129/><U19/><E1/><V133/><F133/><W91/><G11/><T48/><D128/><U40/><E54/><V50/><F50/><W47/><G102/><T5/><D49/><U115/><E41/><V89/><F89/><W14/><G44/><T63/><D48/><U100/><E40/><V64/><AGARI ba="4,1" hai="2,6,8,64,65,66,82,84,88,94,99,101,120,122" machi="64" ten="30,7900,0" yaku="1,1,0,1,54,1,53,1" doraHai="28" doraHaiUra="85" who="2" fromWho="2" sc="447,-24,250,-43,173,101,120,-24" /><INIT seed="2,0,0,4,0,8" ten="423,207,274,96" oya="2" hai0="132,19,35,62,133,12,75,87,44,105,20,117,111" hai1="64,109,108,10,121,69,1,63,116,33,14,67,131" hai2="47,100,97,36,34,13,119,56,74,118,82,128,78" hai3="129,53,110,115,46,102,57,23,99,124,59,27,58"/><V135/><F34/><W104/><G110/><N who="1" m="42602" /><E116/><V88/><F128/><W52/><G129/><T77/><D105/><U22/><E131/><V123/><F123/><W81/><G124/><T89/><D77/><U6/><E33/><V26/><F135/><W7/><G115/><T25/><D75/><U61/><E121/><V2/><F2/><W107/><G107/><T76/><D62/><N who="1" m="23563" /><E69/><V127/><F127/><W125/><G125/><T49/><D76/><U101/><E101/><V94/><F26/><W43/><G7/><T29/><D117/><U45/><E45/><V28/><F28/><W50/><REACH who="3" step="1"/><G81/><REACH who="3" ten="423,207,274,86" step="2"/><T113/><D113/><U51/><E51/><V16/><F56/><W86/><G86/><T54/><D111/><U106/><E106/><V3/><F118/><W31/><AGARI ba="0,1" hai="23,27,31,43,46,50,52,53,57,58,59,99,102,104" machi="31" ten="30,4000,0" yaku="1,1,0,1,54,1,53,0" doraHai="8" doraHaiUra="91" who="3" fromWho="3" sc="423,-10,207,-10,274,-20,86,50" /><INIT seed="3,0,0,3,0,71" ten="413,197,254,136" oya="3" hai0="104,49,113,23,89,84,62,22,60,61,4,131,88" hai1="16,121,3,77,59,41,6,93,34,40,125,9,80" hai2="31,63,19,39,107,122,135,57,27,18,116,117,87" hai3="42,48,103,124,108,115,51,46,68,7,52,76,114"/><W83/><G68/><T2/><D104/><U0/><E121/><V102/><F122/><W53/><G124/><T123/><D123/><U66/><E125/><V73/><F73/><W70/><G70/><T15/><D2/><U128/><E34/><V28/><F135/><W118/><G118/><T85/><D131/><U58/><E128/><V24/><F87/><N who="0" m="33354" /><D113/><U35/><E35/><V64/><F107/><W72/><G108/><T95/><D49/><U29/><E29/><V134/><F102/><W110/><G110/><T74/><D74/><U126/><E93/><V25/><F134/><W11/><G103/><T98/><D89/><U45/><E3/><V106/><F106/><W33/><G33/><T96/><D96/><U109/><E66/><V21/><F39/><W20/><G20/><T32/><D32/><U69/><E69/><V36/><F36/><W43/><G114/><T86/><D98/><U120/><E120/><V65/><F21/><W38/><G115/><T81/><D95/><U119/><E0/><V1/><F1/><W67/><G67/><T10/><AGARI ba="0,0" hai="4,10,15,22,23,60,61,62,81,86,88" m="33354" machi="10" ten="30,2000,0" yaku="8,1,54,1" doraHai="71" who="0" fromWho="0" sc="413,20,197,-5,254,-5,136,-10" /><INIT seed="4,0,0,0,5,130" ten="433,192,249,126" oya="0" hai0="76,62,110,106,86,25,92,98,58,115,97,85,3" hai1="7,17,14,16,78,32,70,44,15,100,19,67,57" hai2="74,31,20,111,53,112,46,75,108,55,120,96,38" hai3="114,134,30,84,35,61,47,72,107,63,125,73,135"/><T59/><D115/><U64/><E32/><V24/><F120/><W123/><G114/><T54/><D106/><U90/><E100/><V37/><F112/><W5/><G125/><T10/><D3/><U27/><E70/><V34/><F34/><W1/><G107/><T36/><D10/><U45/><E78/><V95/><F75/><N who="3" m="28747" /><G84/><T21/><D36/><U56/><E90/><V127/><F74/><W26/><G47/><N who="1" m="17994" /><E27/><V102/><F127/><W109/><G109/><T113/><D59/><N who="1" m="22603" /><E7/><V88/><F38/><W52/><G123/><T8/><D110/><U43/><E43/><V132/><F132/><N who="3" m="50731" /><G52/><T6/><D86/><U118/><E118/><V94/><F53/><W89/><G89/><T128/><D85/><U42/><E42/><V50/><F37/><W83/><G83/><T131/><D113/><U9/><E9/><AGARI ba="0,0" hai="1,5,9,26,30,35,61,63" m="50731,28747" machi="9" ten="30,7700,0" yaku="20,1,52,3" doraHai="130" who="3" fromWho="1" sc="433,0,192,-77,249,0,126,77" /><INIT seed="5,0,0,2,3,71" ten="433,115,249,203" oya="1" hai0="95,50,57,70,84,102,92,34,53,61,124,112,2" hai1="103,6,94,28,22,10,115,100,18,107,133,8,21" hai2="0,7,40,96,129,125,87,113,120,80,20,43,121" hai3="131,123,114,67,3,46,97,41,105,98,90,29,110"/><U64/><E115/><V12/><F129/><W65/><G123/><T108/><D108/><U45/><E107/><V55/><F113/><W16/><G114/><T56/><D2/><U31/><E133/><V54/><F125/><W82/><G3/><T17/><D70/><U126/><E126/><V127/><F127/><W13/><G110/><T104/><D34/><U32/><E32/><V119/><F0/><W44/><G29/><T26/><D102/><U60/><E45/><V73/><F119/><W59/><G131/><T52/><D104/><U47/><E47/><V25/><F73/><W78/><G46/><T69/><D69/><U23/><E6/><V14/><F120/><W72/><G59/><T79/><D112/><U27/><E31/><N who="2" m="17831" /><F96/><W1/><G1/><T63/><D50/><U19/><E60/><V38/><F38/><W11/><G97/><T58/><D58/><U48/><E48/><V93/><F93/><W89/><G90/><T74/><D74/><U30/><E64/><V86/><F86/><W75/><G75/><T39/><D39/><U33/><E28/><V128/><F121/><W66/><G66/><T109/><D109/><U76/><E76/><N who="2" m="46471" /><F128/><W68/><G68/><T81/><D124/><U24/><E33/><V116/><F116/><W15/><G105/><T49/><D49/><U77/><E77/><V4/><F40/><W91/><G98/><T106/><D106/><U85/><E103/><V118/><F43/><W122/><G122/><T83/><D83/><U135/><E135/><V5/><F118/><W99/><G99/><T117/><D117/><RYUUKYOKU ba="0,0" sc="433,15,115,-15,249,15,203,-15" hai0="17,26,52,53,56,57,61,63,79,81,84,92,95" hai2="4,5,7,12,14,54,55" /><INIT seed="6,1,0,4,5,61" ten="448,100,264,188" oya="2" hai0="121,29,70,17,67,125,80,49,116,62,68,12,93" hai1="44,134,117,39,77,32,119,88,87,126,53,86,133" hai2="11,85,37,16,122,71,21,22,113,0,123,111,115" hai3="43,56,81,66,20,7,27,99,102,54,118,130,33"/><V26/><F37/><W131/><G118/><T30/><D125/><U19/><E126/><V64/><F71/><W15/><G33/><T31/><D121/><N who="2" m="46090" /><F64/><W51/><G43/><T55/><D116/><U95/><E32/><V109/><F85/><W38/><G38/><T63/><D93/><U90/><E77/><V92/><F92/><W72/><G72/><T8/><D80/><U35/><E35/><V83/><F83/><W52/><G81/><T105/><D105/><U24/><E24/><N who="2" m="14375" /><F11/><N who="3" m="4607" /><G51/><T4/><D63/><U108/><E108/><N who="2" m="41547" /><F0/><W34/><G56/><T124/><D124/><U45/><E39/><V46/><F46/><W82/><G34/><T97/><D70/><U107/><E95/><V40/><F40/><W69/><G66/><T76/><D67/><U112/><E107/><V89/><F89/><W6/><G69/><T132/><D68/><U25/><E25/><V114/><F114/><W129/><G82/><T18/><D76/><U96/><E96/><V73/><F73/><W58/><G58/><T36/><D97/><U57/><E57/><V91/><F91/><W104/><G54/><T110/><D55/><U5/><E53/><V23/><F23/><W41/><G52/><T2/><D110/><U135/><E134/><V84/><F84/><W50/><G41/><T103/><D36/><U120/><E120/><V74/><F74/><W59/><G50/><T94/><D49/><U3/><E3/><V106/><F106/><W100/><G59/><T9/><D94/><U42/><E42/><V98/><F98/><W127/><G102/><T47/><D103/><RYUUKYOKU ba="1,0" sc="448,-10,100,-10,264,30,188,-10" hai2="22,26,113,115" /><INIT seed="6,2,0,0,2,46" ten="438,90,294,178" oya="2" hai0="105,43,87,86,120,2,51,59,116,25,84,133,85" hai1="66,35,134,1,30,29,6,67,81,22,32,23,92" hai2="34,26,0,49,68,94,58,4,96,13,15,75,62" hai3="103,5,70,98,56,36,69,28,12,50,76,52,14"/><V88/><F75/><W9/><G36/><T112/><D112/><U54/><E134/><V128/><F128/><W78/><G28/><T37/><D2/><U57/><E1/><V126/><F126/><W119/><G119/><T73/><D105/><U40/><E6/><V53/><F0/><W65/><G14/><T93/><D120/><U47/><E35/><V100/><F68/><W121/><G121/><T24/><D93/><U45/><E32/><V79/><F79/><W129/><G129/><T77/><D87/><U31/><E81/><V132/><F132/><W42/><G42/><T125/><D37/><U38/><E47/><N who="2" m="27839" /><F34/><W39/><G39/><T74/><D116/><U109/><E109/><V122/><F122/><W20/><G20/><T108/><D108/><U8/><E8/><N who="2" m="4231" /><F15/><W131/><G131/><T55/><D125/><U114/><E114/><V16/><F16/><W19/><G19/><T91/><D74/><U63/><REACH who="1" step="1"/><E92/><REACH who="1" ten="438,80,294,178" step="2"/><V101/><F26/><W127/><G127/><T80/><D133/><U82/><E82/><V107/><F107/><W115/><G115/><T102/><D25/><U21/><AGARI ba="2,1" hai="21,22,23,29,30,31,38,40,45,54,57,63,66,67" machi="21" ten="30,2000,0" yaku="1,1,0,1,53,0" doraHai="46" doraHaiUra="7" who="1" fromWho="1" sc="438,-7,80,36,294,-12,178,-7" /><INIT seed="7,0,0,3,0,37" ten="431,116,282,171" oya="3" hai0="132,105,44,22,115,10,74,54,83,8,41,116,61" hai1="73,87,5,9,66,103,94,51,100,36,46,99,76" hai2="123,55,12,25,53,91,134,70,1,56,30,124,135" hai3="38,64,0,78,121,24,63,90,117,49,58,47,48"/><W21/><G121/><T59/><D132/><N who="2" m="50730" /><F1/><W65/><G117/><T126/><D126/><U19/><E19/><V7/><F70/><W85/><G0/><T15/><D115/><U119/><E119/><V39/><F39/><W97/><G78/><T6/><D105/><U110/><E110/><V11/><F124/><W32/><G32/><T40/><D74/><U118/><E118/><V60/><F123/><W2/><G2/><T109/><D109/><U72/><E66/><N who="2" m="39175" /><F91/><W33/><G33/><AGARI ba="0,0" hai="7,11,12,25,30,33,53,55" m="39175,50730" machi="33" ten="30,1000,0" yaku="20,1" doraHai="37" who="2" fromWho="3" sc="431,0,116,0,282,10,171,-10" owari="431,53.0,116,-38.0,292,9.0,161,-24.0" /></mjloggm>