<mjloggm ver="2.3"><GO type="41" lobby="0"/><UN n0="%E3%81%8A%E3%81%8B%E3%82%82%E3%82%8D%E3%82%93" n1="%4B%6F%45%6E%74%73" n2="%6F%6B%61%73%69%34%31" n3="%E2%93%9D%53%75%70%68%78" dan="15,15,15,18" rate="1994.15,1983.49,1991.00,2123.75" sx="M,F,M,M"/><TAIKYOKU oya="0"/><INIT seed="0,0,0,1,5,87" ten="250,250,250,250" oya="0" hai0="94,11,39,32,60,106,83,77,40,111,85,6,2" hai1="34,23,30,97,50,66,9,0,29,7,119,102,69" hai2="67,58,78,130,48,121,61,1,127,115,81,25,132" hai3="43,90,5,47,110,101,46,96,14,12,21,128,51"/><T41/><D106/><U108/><E119/><V55/><F121/><W122/><G110/><T109/><D32/><U118/><E118/><V37/><F115/><W10/><G128/><T44/><D41/><U89/><E108/><N who="0" m="41545" /><D60/><U123/><E123/><V113/><F1/><W104/><G122/><T126/><D94/><U64/><E34/><V24/><F113/><W15/><G21/><T49/><D126/><U116/><E116/><V62/><F37/><AGARI ba="0,0" hai="2,6,11,37,39,40,44,49,77,83,85" m="41545" machi="37" ten="30,2900,0" yaku="14,1,10,1" doraHai="87" who="0" fromWho="2" sc="250,29,250,0,250,-29,250,0" /><INIT seed="0,1,0,0,1,12" ten="279,250,221,250" oya="0" hai0="104,128,9,14,113,125,127,111,92,85,31,102,90" hai1="10,117,51,119,22,91,2,129,26,114,8,89,13" hai2="132,134,124,82,79,27,41,101,67,87,24,47,96" hai3="72,83,4,55,74,45,40,110,43,61,93,36,48"/><T64/><D113/><U112/><E129/><V42/><F67/><W35/><G35/><T1/><D1/><U120/><E51/><N who="2" m="27119" /><F124/><N who="0" m="47690" /><D128/><U29/><E89/><V38/><F42/><W46/><G110/><T84/><D111/><U69/><E69/><V59/><F59/><W60/><G4/><N who="0" m="3367" /><D31/><U126/><E91/><V68/><F68/><W7/><G7/><T121/><D121/><U70/><E70/><V108/><F38/><W56/><G93/><T123/><D123/><U116/><E120/><V106/><F108/><W77/><REACH who="3" step="1"/><G74/><REACH who="3" ten="279,250,221,240" step="2"/><T105/><D105/><U53/><E126/><V131/><F131/><W94/><G94/><T103/><D104/><U78/><E2/><V115/><F115/><W99/><G99/><T28/><D85/><U133/><E112/><V62/><F62/><AGARI ba="1,1" hai="36,40,43,45,46,48,55,56,60,61,62,72,77,83" machi="62" ten="30,2000,0" yaku="1,1,7,1,53,0" doraHai="12" doraHaiUra="23" who="3" fromWho="2" sc="279,0,250,0,221,-23,240,33" /><INIT seed="1,0,0,0,1,116" ten="279,250,198,273" oya="1" hai0="84,21,100,83,27,113,87,86,33,79,20,44,106" hai1="10,47,66,49,23,76,120,26,1,101,41,81,91" hai2="82,125,36,126,28,75,105,34,37,13,58,134,61" hai3="128,25,135,7,93,111,108,124,78,2,68,0,63"/><U24/><E101/><V40/><F134/><W12/><G78/><T122/><D113/><U90/><E66/><V85/><F75/><W9/><G93/><T133/><D133/><U77/><E77/><V98/><F34/><W121/><G135/><T99/><D99/><U8/><E120/><V42/><F28/><W62/><G128/><T130/><D130/><U56/><E56/><V43/><F105/><W35/><G124/><N who="2" m="47721" /><F98/><W102/><G102/><T48/><D122/><U118/><E118/><V67/><F13/><W59/><G121/><T103/><D106/><U19/><E24/><V50/><F85/><W11/><G68/><T60/><D33/><U80/><E80/><V88/><F88/><N who="1" m="33833" /><E1/><V73/><F73/><W72/><G72/><T38/><D38/><N who="2" m="14954" /><F82/><W4/><G12/><T29/><D20/><U131/><E131/><V95/><F95/><W129/><G129/><T45/><D60/><U3/><E3/><V57/><F57/><W71/><G71/><T127/><D127/><U6/><E6/><V132/><F132/><W64/><G63/><T104/><D104/><U110/><E110/><V18/><F18/><W112/><REACH who="3" step="1"/><G112/><REACH who="3" ten="279,250,198,263" step="2"/><T14/><D14/><U117/><E117/><V89/><F89/><W115/><G115/><T31/><D103/><U55/><E41/><V5/><F5/><W74/><G74/><T97/><D100/><U123/><E123/><V107/><F107/><W53/><G53/><N who="0" m="29831" /><D97/><U114/><E114/><V54/><F54/><W30/><AGARI ba="0,1" hai="0,2,4,7,9,11,25,30,35,59,62,64,108,111" machi="30" ten="30,4000,0" yaku="1,1,0,1,9,1,53,0" doraHai="116" doraHaiUra="96" who="3" fromWho="3" sc="279,-10,250,-20,198,-10,263,50" /><INIT seed="2,0,0,3,5,71" ten="269,230,188,313" oya="2" hai0="112,13,103,127,48,14,73,16,54,24,47,110,114" hai1="8,46,76,72,21,38,27,34,2,109,39,36,88" hai2="105,28,82,4,74,58,42,68,98,93,129,45,52" hai3="15,134,22,119,17,106,84,19,120,111,100,69,12"/><V37/><F105/><W99/><G119/><T117/><D117/><U1/><E109/><V113/><F113/><W87/><G120/><T53/><D110/><U122/><E122/><V51/><F129/><W70/><G111/><T44/><D73/><U91/><E34/><V79/><F28/><W94/><G134/><T123/><D123/><U10/><E10/><V92/><F98/><W57/><G106/><T63/><D127/><U86/><E1/><V77/><F77/><W35/><G35/><T62/><D24/><U95/><E91/><V23/><F23/><W124/><G124/><T108/><D108/><U50/><E2/><V11/><F68/><W81/><G57/><T78/><D78/><U20/><E8/><V83/><F82/><W66/><G66/><T3/><D3/><AGARI ba="0,0" hai="3,4,11,37,42,45,51,52,58,74,79,83,92,93" machi="3" ten="30,12000,1" yaku="7,1,25,2,52,1,54,1" doraHai="71" who="2" fromWho="0" sc="269,-120,230,0,188,120,313,0" /><INIT seed="2,1,0,0,1,62" ten="149,230,308,313" oya="2" hai0="38,75,40,16,29,39,112,42,125,123,65,14,129" hai1="97,114,26,63,54,80,45,22,2,83,37,9,84" hai2="12,79,98,17,95,133,47,135,35,106,85,119,77" hai3="86,6,61,3,31,52,18,15,51,117,32,41,1"/><V118/><F35/><W43/><G117/><N who="2" m="44553" /><F47/><W44/><G6/><T96/><D112/><U50/><E114/><V82/><F17/><W56/><G32/><T70/><D123/><U127/><E127/><V103/><F12/><W73/><G73/><T66/><D75/><U71/><E97/><V23/><F23/><W28/><G3/><T36/><D125/><U55/><E37/><V89/><F77/><W69/><G69/><T113/><D113/><U48/><E2/><V59/><F59/><W111/><G111/><T78/><D129/><U67/><E9/><V94/><F94/><W10/><G1/><T90/><D78/><U128/><E84/><AGARI ba="1,0" hai="79,82,84,85,89,95,98,103,106,133,135" m="44553" machi="84" ten="30,2900,0" yaku="34,2" doraHai="62" who="2" fromWho="1" sc="149,0,230,-32,308,32,313,0" /><INIT seed="2,2,0,3,1,37" ten="149,198,340,313" oya="2" hai0="75,40,118,43,111,55,42,6,76,34,93,77,19" hai1="22,94,4,8,132,89,23,11,81,109,36,129,57" hai2="113,105,133,35,71,86,68,25,39,128,135,88,115" hai3="99,114,16,121,95,1,106,82,102,119,45,97,14"/><V3/><F105/><W41/><G1/><T46/><D34/><U120/><E36/><V87/><F3/><W117/><G121/><T107/><D107/><U49/><E120/><V79/><F79/><W70/><G70/><T53/><D6/><U69/><E69/><V58/><F128/><W51/><G114/><T123/><D123/><U26/><E129/><V125/><F125/><W101/><REACH who="3" step="1"/><G82/><REACH who="3" ten="149,198,340,303" step="2"/><T24/><D118/><U130/><E130/><V59/><F71/><W78/><G78/><T28/><D111/><U38/><E81/><V50/><F68/><W108/><G108/><T80/><D77/><U110/><E110/><V96/><F115/><W9/><AGARI ba="2,1" hai="9,14,16,41,45,51,95,97,99,101,102,106,117,119" machi="9" ten="20,12000,2" yaku="1,1,0,1,7,1,52,1,54,1,53,1" doraHai="37" doraHaiUra="90" who="3" fromWho="3" sc="149,-32,198,-32,340,-62,303,136" /><INIT seed="3,0,0,4,2,61" ten="117,166,278,439" oya="3" hai0="8,91,48,64,120,66,110,95,10,126,70,47,0" hai1="113,69,111,107,84,42,134,56,3,57,30,116,51" hai2="98,82,2,68,63,22,25,55,97,28,80,90,105" hai3="13,130,117,72,39,29,21,45,93,60,19,59,127"/><W124/><G117/><T122/><D110/><U15/><E3/><V50/><F105/><W49/><G72/><T103/><D103/><U58/><E107/><V36/><F36/><W73/><G73/><T9/><D70/><U6/><E113/><V87/><F2/><W20/><G39/><T37/><D37/><U121/><E121/><V118/><F118/><W129/><G93/><T106/><D106/><U75/><E75/><V77/><F68/><W52/><G21/><T131/><D131/><N who="3" m="50185" /><G29/><T133/><D133/><U79/><E116/><V89/><F63/><W109/><G109/><T81/><D126/><U1/><E1/><V128/><F128/><W16/><G19/><T12/><D81/><N who="1" m="47167" /><E69/><V27/><F27/><W18/><G18/><T62/><D62/><U78/><E134/><V65/><F90/><W74/><G74/><T100/><D100/><U31/><E78/><V112/><F112/><W46/><G46/><T108/><D0/><U23/><E111/><V132/><F132/><W102/><G102/><T53/><D108/><U96/><E96/><N who="2" m="36971" /><F82/><W104/><G104/><T11/><D122/><U86/><E30/><V4/><F4/><W5/><G5/><T92/><D120/><U17/><E31/><V123/><F77/><W7/><G7/><N who="0" m="3103" /><D95/><U33/><E6/><V24/><F123/><W115/><G115/><T85/><AGARI ba="0,0" hai="9,10,11,47,48,53,64,66,85,91,92" m="3103" machi="85" ten="30,4000,0" yaku="8,1,52,2" doraHai="61" who="0" fromWho="0" sc="117,40,166,-10,278,-10,439,-20" /><INIT seed="4,0,0,0,4,97" ten="157,156,268,419" oya="0" hai0="31,15,48,99,23,86,49,37,89,13,80,36,4" hai1="135,2,8,64,77,34,98,59,53,85,14,117,3" hai2="38,27,113,93,107,82,11,128,133,91,9,71,126" hai3="78,90,69,60,68,127,101,70,124,43,118,26,84"/><T100/><D37/><U56/><E117/><V5/><F107/><W104/><G78/><T119/><D119/><U76/><E34/><V10/><F38/><W72/><G43/><T21/><D36/><U111/><E111/><V122/><F71/><W1/><G1/><T129/><D129/><U67/><E135/><V22/><F133/><W51/><G72/><T52/><D48/><U123/><E123/><V50/><F128/><W66/><G51/><T54/><D54/><U110/><E110/><V74/><F126/><N who="3" m="48171" /><G26/><N who="0" m="16847" /><D4/><N who="1" m="3335" /><E2/><V61/><F113/><W6/><G6/><T131/><D131/><U92/><E3/><V44/><F61/><W96/><G118/><T40/><D40/><U20/><E20/><V47/><F122/><W62/><G62/><T134/><D134/><U112/><E112/><V41/><F44/><W0/><G0/><T125/><D125/><U29/><E29/><N who="2" m="17655" /><F74/><W132/><G132/><T94/><D23/><U33/><E33/><V83/><F5/><W42/><G42/><T25/><D25/><U88/><E76/><V63/><F63/><W58/><G70/><T109/><D109/><U121/><E121/><V87/><AGARI ba="0,0" hai="9,10,11,41,47,50,82,83,87,91,93" m="17655" machi="87" ten="30,1100,0" yaku="8,1" doraHai="97" who="2" fromWho="2" sc="157,-5,156,-3,268,11,419,-3" /><INIT seed="5,0,0,4,1,134" ten="152,153,279,416" oya="1" hai0="133,76,18,118,108,75,97,71,5,23,2,107,44" hai1="79,53,13,94,32,33,128,122,4,54,115,120,114" hai2="14,41,26,121,25,135,92,70,116,86,72,49,38" hai3="91,12,101,15,22,30,83,51,19,63,28,58,112"/><U55/><E128/><V7/><F72/><W111/><G112/><N who="1" m="43050" /><E79/><V10/><F121/><N who="1" m="46697" /><E94/><V61/><F116/><W45/><G111/><T126/><D108/><U35/><E13/><V29/><F135/><W60/><G101/><T20/><D118/><U17/><E17/><V132/><F38/><W123/><G15/><T93/><D133/><U106/><E4/><V48/><F132/><W65/><G123/><T27/><D27/><BYE who="0" /><U119/><E119/><V62/><F70/><W31/><G83/><T131/><D131/><U127/><E127/><V0/><F0/><W100/><G100/><T50/><D50/><N who="2" m="19562" /><F41/><N who="3" m="25007" /><G91/><T3/><D3/><U82/><E82/><V110/><F110/><W80/><G80/><T87/><D87/><U81/><E81/><V1/><F1/><W57/><G31/><T52/><D52/><AGARI ba="0,0" hai="12,19,22,28,30,52,57,58,60,63,65" m="25007" machi="52" ten="30,2000,0" yaku="8,1,54,1" doraHai="134" who="3" fromWho="0" sc="152,-20,153,0,279,0,416,20" /><INIT seed="6,0,0,1,2,28" ten="132,153,279,436" oya="2" hai0="6,114,71,31,20,93,135,117,39,82,47,25,10" hai1="48,63,87,64,81,15,61,62,36,118,58,91,132" hai2="40,80,49,11,46,119,17,131,51,38,134,9,101" hai3="100,115,23,7,8,94,109,90,30,122,95,22,21"/><V69/><F119/><W99/><G109/><T56/><D56/><UN n0="%E3%81%8A%E3%81%8B%E3%82%82%E3%82%8D%E3%82%93" /><U128/><E36/><V85/><F69/><W125/><G122/><T89/><D117/><U70/><E118/><V108/><F134/><W52/><G115/><T129/><D114/><U54/><E132/><V130/><F108/><W105/><G105/><T29/><D135/><U102/><E128/><N who="2" m="49195" /><F101/><W112/><G125/><T44/><D129/><U107/><E107/><V124/><F124/><W133/><G112/><T50/><D71/><U19/><REACH who="1" step="1"/><E102/><REACH who="1" ten="132,143,279,436" step="2"/><V16/><F38/><W0/><G133/><T35/><D39/><U68/><E68/><V121/><F121/><W88/><G100/><T60/><D82/><U12/><E12/><V53/><F9/><AGARI ba="0,1" hai="9,15,19,48,54,58,61,62,63,64,70,81,87,91" machi="9" ten="30,3900,0" yaku="1,1,7,1,53,1" doraHai="28" doraHaiUra="83" who="1" fromWho="2" sc="132,0,143,49,279,-39,436,0" /><INIT seed="7,0,0,2,4,134" ten="132,192,240,436" oya="3" hai0="75,60,20,87,47,98,117,112,127,12,105,69,23" hai1="70,13,90,81,68,109,133,2,131,118,125,122,91" hai2="74,30,115,59,97,38,62,64,119,1,65,43,27" hai3="92,110,25,71,24,61,44,34,73,10,76,57,51"/><W66/><G110/><T11/><D117/><U123/><E2/><V31/><F74/><W3/><G34/><T39/><D75/><U101/><E109/><V55/><F31/><W48/><G92/><T108/><D108/><U94/><E13/><V111/><F115/><W106/><G106/><T5/><D112/><U103/><E118/><V96/><F1/><W54/><G76/><T50/><D39/><U41/><E41/><V83/><F43/><W128/><G128/><T58/><D69/><U100/><E131/><V40/><F40/><W21/><G21/><T86/><D105/><U121/><E70/><V130/><F38/><W17/><G17/><T104/><D104/><U107/><E68/><V16/><F16/><W19/><G51/><T124/><D98/><N who="1" m="61847" /><E133/><V49/><F97/><W53/><G73/><T67/><D50/><U93/><E81/><V135/><F96/><W9/><G3/><T14/><D47/><U88/><E125/><N who="0" m="48201" /><D14/><U80/><E80/><V26/><F111/><W89/><G71/><T28/><D20/><U77/><E77/><V36/><F119/><W46/><G48/><T42/><D42/><U82/><E82/><V129/><F129/><W35/><G46/><T132/><D132/><U85/><E85/><V79/><F135/><W32/><G44/><T120/><D120/><U18/><E18/><V84/><F49/><W0/><G0/><T15/><D15/><U95/><AGARI ba="0,0" hai="88,90,91,93,94,95,101,103,121,122,123" m="61847" machi="95" ten="40,8000,1" yaku="29,2,34,2,54,1" doraHai="134" who="1" fromWho="1" sc="132,-20,192,80,240,-20,436,-40" owari="112,-39.0,272,7.0,220,-18.0,396,50.0" /></mjloggm>