<mjloggm ver="2.3"><GO type="41" lobby="0"/><UN n0="%70%74%2B%2B" n1="%4B%61%6E%2D%4E%79%61" n2="%54%53%4D%2D%30%37" n3="%E2%93%9D%53%75%70%68%78" dan="15,14,14,18" rate="2157.96,1984.45,1920.76,2090.07" sx="F,M,M,M"/><TAIKYOKU oya="0"/><INIT seed="0,0,0,1,0,64" ten="250,250,250,250" oya="0" hai0="128,39,26,102,68,11,112,69,133,119,54,22,108" hai1="56,37,16,2,117,114,17,94,32,9,20,46,44" hai2="124,122,121,81,106,43,38,67,96,75,4,132,79" hai3="118,134,48,34,15,49,100,110,51,98,5,14,123"/><T88/><D112/><U58/><E114/><V80/><F132/><W135/><G118/><T50/><D119/><U87/><E117/><V57/><F124/><W116/><G116/><T131/><D133/><N who="3" m="50697" /><G34/><T83/><D39/><U73/><E32/><V33/><F33/><W65/><G110/><T6/><D102/><U0/><E73/><V30/><F30/><W18/><G65/><T109/><D26/><U78/><E37/><V42/><F4/><W99/><G123/><T40/><D22/><U29/><E29/><V101/><F80/><W41/><G41/><T95/><D40/><U77/><E9/><V89/><F42/><W3/><G18/><T55/><D83/><U90/><E20/><V8/><F8/><N who="3" m="2111" /><G99/><N who="0" m="57831" /><D54/><U127/><E127/><V35/><F35/><W19/><G19/><T63/><D63/><U97/><E97/><V53/><F67/><W36/><G36/><T111/><D11/><U120/><E120/><V59/><F121/><W82/><G82/><T104/><D104/><AGARI ba="0,0" hai="14,15,48,49,51,98,100,104" m="2111,50697" machi="104" ten="30,1000,0" yaku="20,1" doraHai="64" who="3" fromWho="0" sc="250,-10,250,0,250,0,250,10" /><INIT seed="1,0,0,4,4,25" ten="240,250,250,260" oya="1" hai0="72,93,94,77,50,5,26,41,15,68,84,4,31" hai1="24,74,62,117,59,47,75,66,92,108,102,99,19" hai2="60,105,6,129,1,132,42,53,71,18,88,134,70" hai3="44,83,36,11,16,9,8,57,123,40,112,86,34"/><U30/><E117/><V45/><F105/><W56/><G123/><T111/><D68/><U90/><E108/><V133/><F129/><W116/><G112/><T100/><D111/><U119/><E59/><V2/><F18/><W114/><G114/><T118/><D118/><U131/><E47/><V128/><F128/><W49/><G34/><T113/><D113/><U61/><E119/><V80/><F53/><W73/><G73/><T126/><D72/><U101/><E131/><V97/><F6/><W13/><G36/><T107/><D126/><U27/><E74/><V109/><F109/><W0/><G0/><N who="2" m="105" /><F60/><N who="1" m="23145" /><E75/><V82/><F82/><W135/><G135/><T104/><D104/><U48/><E66/><V3/><N who="2" m="113" /><V14/><DORA hai="69" /><F14/><W87/><G87/><T22/><D107/><U20/><E48/><N who="2" m="26679" /><F80/><W127/><G127/><T55/><D41/><U122/><E122/><V28/><F70/><W38/><G116/><T32/><D32/><U89/><E102/><V35/><F71/><W58/><REACH who="3" step="1"/><G49/><REACH who="3" ten="240,250,250,250" step="2"/><T17/><D50/><U29/><E27/><V10/><F134/><W21/><G21/><T115/><D115/><U7/><E7/><V46/><F133/><W78/><AGARI ba="0,1" hai="8,9,11,13,16,38,40,44,56,57,58,78,83,86" machi="78" ten="30,12000,2" yaku="1,1,0,1,52,1,54,1,53,3" doraHai="25,69" doraHaiUra="98,52" who="3" fromWho="3" sc="240,-30,250,-60,250,-30,250,130" /><INIT seed="2,0,0,2,4,48" ten="210,190,220,380" oya="2" hai0="43,104,90,86,124,21,17,34,52,126,87,82,42" hai1="20,4,123,5,50,113,109,25,118,33,97,108,111" hai2="106,117,3,110,130,128,24,56,54,74,57,63,91" hai3="122,78,134,121,131,98,125,77,105,120,133,28,37"/><V19/><F117/><W58/><G37/><T1/><D34/><U100/><E50/><V127/><F3/><W40/><G40/><T13/><D1/><U119/><E97/><V36/><F36/><W81/><G28/><T46/><D104/><U129/><E100/><V23/><F106/><W49/><G131/><N who="2" m="50217" /><F74/><W11/><G125/><N who="0" m="48235" /><D86/><U39/><E39/><V112/><F127/><W35/><G11/><T69/><D69/><U80/><E80/><V22/><F112/><W115/><G115/><T61/><D46/><U45/><E45/><V9/><F110/><W60/><G105/><T7/><D7/><N who="1" m="2635" /><E129/><V68/><F68/><W135/><G122/><T0/><D0/><U93/><E93/><V83/><F57/><AGARI ba="0,0" hai="13,17,21,42,43,52,57,61,82,87,90" m="48235" machi="57" ten="30,3900,0" yaku="18,1,52,1,54,1" doraHai="48" who="0" fromWho="2" sc="210,39,190,0,220,-39,380,0" /><INIT seed="3,0,0,4,5,90" ten="249,190,181,380" oya="3" hai0="129,77,4,106,116,23,30,75,48,68,109,42,52" hai1="6,66,88,9,86,71,103,120,11,63,100,74,93" hai2="87,76,92,34,119,39,60,135,96,83,102,104,38" hai3="59,21,26,132,80,111,24,114,73,33,25,62,89"/><W64/><G114/><T91/><D116/><U16/><E120/><V53/><F119/><W22/><G132/><T28/><D68/><U32/><E74/><V131/><F34/><W47/><G33/><T31/><D106/><U0/><REACH who="1" step="1"/><E32/><REACH who="1" ten="249,180,181,380" step="2"/><V78/><F135/><W14/><G73/><T50/><D75/><U95/><E95/><V117/><F117/><W72/><G72/><T37/><D109/><U44/><E44/><V105/><F131/><W58/><G47/><T56/><D129/><U13/><AGARI ba="0,1" hai="0,6,9,11,13,16,63,66,71,86,88,93,100,103" machi="13" ten="30,12000,2" yaku="1,1,0,1,52,1,54,2,53,1" doraHai="90" doraHaiUra="65" who="1" fromWho="1" sc="249,-30,180,130,181,-30,380,-60" /><INIT seed="4,0,0,1,5,67" ten="219,310,151,320" oya="0" hai0="91,119,13,27,101,117,17,26,106,115,5,128,129" hai1="22,127,57,69,93,42,120,0,63,65,124,10,49" hai2="3,97,125,108,123,126,47,35,109,40,11,50,37" hai3="8,130,81,23,113,48,135,112,66,55,96,19,34"/><T107/><D91/><U14/><E120/><V60/><F123/><W36/><G34/><T32/><D101/><U29/><E0/><V64/><F97/><W21/><G36/><T31/><D106/><U134/><E93/><V105/><F105/><W80/><G66/><T9/><D107/><U122/><E122/><V103/><F103/><W7/><G135/><T132/><D132/><U83/><E134/><V79/><F79/><W68/><G68/><T73/><D73/><U39/><E83/><V44/><F35/><W58/><G23/><N who="0" m="13679" /><D115/><N who="3" m="44105" /><G130/><AGARI ba="0,0" hai="5,9,13,27,31,32,117,119,128,129,130" m="13679" machi="130" ten="30,5800,0" yaku="19,1,34,2" doraHai="67" who="0" fromWho="3" sc="219,58,310,0,151,0,320,-58" /><INIT seed="4,1,0,3,5,105" ten="277,310,151,262" oya="0" hai0="93,92,127,86,104,58,56,38,108,52,78,25,8" hai1="64,73,96,89,113,21,122,59,66,34,109,88,61" hai2="33,26,9,134,35,11,36,18,97,115,83,107,48" hai3="60,106,120,50,55,44,68,85,95,133,121,128,17"/><T90/><D38/><U32/><E109/><V81/><F36/><W123/><G106/><T110/><D104/><U103/><E122/><V101/><F115/><W74/><G128/><T10/><D127/><U6/><E113/><V49/><F134/><W20/><G133/><T91/><D78/><U125/><E125/><V117/><F117/><W131/><G131/><T72/><D25/><U3/><E73/><V98/><F107/><W40/><G74/><T111/><D72/><U45/><E45/><V112/><F112/><W54/><G95/><T77/><D77/><U63/><E21/><V67/><F26/><N who="3" m="14607" /><G85/><N who="0" m="52303" /><D56/><U94/><E103/><V135/><F135/><W69/><G60/><AGARI ba="1,0" hai="8,10,52,58,60,86,91,93,108,110,111" m="52303" machi="60" ten="30,2900,0" yaku="10,1,54,1" doraHai="105" who="0" fromWho="3" sc="277,32,310,0,151,0,262,-32" /><INIT seed="4,2,0,5,2,81" ten="309,310,151,230" oya="0" hai0="24,5,21,47,54,131,122,126,127,73,14,89,51" hai1="52,59,13,46,118,38,36,95,31,76,43,102,125" hai2="53,68,56,32,111,121,135,133,10,39,103,0,27" hai3="128,58,66,35,64,41,20,108,23,92,75,114,110"/><T18/><D122/><U77/><E118/><V119/><F121/><W105/><G105/><T49/><D73/><U33/><E125/><N who="0" m="47625" /><D131/><U117/><E117/><V69/><F111/><W80/><G35/><T86/><D49/><U7/><E36/><V98/><F39/><W1/><G1/><T62/><D62/><U134/><E134/><N who="2" m="51211" /><F0/><W74/><G74/><T11/><D89/><U15/><E7/><V83/><F83/><W8/><G80/><T34/><D34/><U120/><E120/><V3/><F3/><W48/><G75/><T79/><D79/><U37/><E38/><V88/><F10/><W90/><G8/><T82/><D82/><U2/><E2/><V109/><F109/><W45/><G110/><T130/><D130/><U129/><E129/><V42/><F42/><W97/><G108/><T16/><D5/><U61/><E31/><N who="2" m="19583" /><F103/><W87/><G128/><T6/><D6/><U67/><E33/><V101/><F101/><W50/><G41/><T84/><AGARI ba="2,0" hai="11,14,16,18,21,24,47,51,54,84,86" m="47625" machi="84" ten="30,11700,0" yaku="18,1,52,2,54,1" doraHai="81" who="0" fromWho="0" sc="309,123,310,-41,151,-41,230,-41" /><INIT seed="4,3,0,2,3,53" ten="432,269,110,189" oya="0" hai0="19,93,58,72,134,135,50,85,68,87,115,40,51" hai1="21,30,27,62,99,113,96,44,122,120,28,52,46" hai2="86,63,24,89,73,15,78,76,3,33,66,97,98" hai3="123,26,65,5,69,111,92,34,119,49,2,13,41"/><T74/><D68/><U57/><E113/><V107/><F3/><W109/><G119/><T70/><D70/><U22/><E122/><V95/><F15/><W10/><G92/><T12/><D115/><U121/><E120/><V125/><F125/><W45/><G123/><T106/><D106/><U47/><E121/><V23/><F33/><W64/><G69/><T127/><D127/><U0/><E0/><V36/><F36/><W59/><G65/><T67/><D40/><U56/><E56/><V81/><F76/><W11/><G26/><AGARI ba="3,0" hai="21,22,26,27,28,30,44,46,47,52,57,62,96,99" machi="26" ten="40,8000,1" yaku="9,1,8,1,52,1,54,1" doraHai="53" who="1" fromWho="3" sc="432,0,269,89,110,0,189,-89" /><INIT seed="5,0,0,0,1,109" ten="432,358,110,100" oya="1" hai0="100,73,89,135,65,26,101,126,58,40,19,96,43" hai1="74,23,128,54,7,133,83,38,14,111,2,42,59" hai2="11,87,86,30,35,49,95,10,60,16,102,91,62" hai3="71,9,8,33,118,41,75,90,88,127,51,15,98"/><U13/><E128/><V37/><F37/><W25/><G75/><T29/><D73/><U92/><E111/><V1/><F102/><N who="0" m="39530" /><D135/><U119/><E133/><V106/><F106/><W79/><G71/><T81/><D126/><U105/><E119/><V69/><F69/><W39/><G79/><T113/><D113/><U21/><E105/><V57/><F1/><W12/><G39/><T120/><D120/><U22/><E92/><V78/><F30/><W132/><G33/><T47/><D47/><N who="1" m="24023" /><E54/><N who="2" m="31951" /><F35/><W99/><G127/><T107/><D107/><U0/><E59/><V6/><F6/><W80/><G118/><T134/><D134/><U122/><E122/><V112/><F78/><W24/><G132/><T18/><D40/><U53/><E53/><V84/><F112/><W32/><G32/><T93/><D43/><U117/><E117/><V64/><F64/><W17/><G41/><T130/><D130/><U46/><E46/><V116/><F116/><W103/><G103/><T31/><D26/><U129/><E129/><V77/><F77/><W61/><G25/><T27/><D27/><U131/><E131/><V125/><F125/><W66/><G24/><T50/><D50/><U45/><E45/><V104/><F104/><W85/><G51/><T56/><D56/><U121/><E121/><V124/><F124/><W3/><G3/><N who="1" m="1066" /><E7/><V82/><F82/><W20/><G80/><T70/><D81/><U28/><E28/><N who="0" m="10825" /><D70/><U72/><E72/><V4/><F4/><W110/><G110/><T48/><D48/><U68/><E68/><V36/><F36/><W34/><G34/><RYUUKYOKU ba="0,0" sc="432,15,358,15,110,-15,100,-15" hai0="18,19,58,65,89,93,96" hai1="13,14,21,22,23,74,83" /><INIT seed="5,1,0,0,5,119" ten="447,373,95,85" oya="1" hai0="93,16,30,120,13,12,37,107,67,127,98,104,123" hai1="133,56,25,89,57,75,97,29,33,34,106,51,53" hai2="17,54,20,15,124,28,23,83,49,8,130,72,50" hai3="63,43,92,118,19,22,27,69,109,39,32,88,77"/><U78/><E133/><V74/><F130/><W117/><G109/><T35/><D37/><U112/><E112/><V41/><F124/><W101/><G77/><T60/><D127/><U94/><E106/><V108/><F108/><W90/><G32/><T58/><D12/><U48/><E34/><V111/><F111/><W7/><G7/><T0/><D0/><U95/><E95/><V100/><F100/><W26/><G26/><N who="0" m="18903" /><D93/><U103/><E103/><V99/><F99/><N who="3" m="59623" /><G43/><T55/><D55/><U18/><E18/><V11/><F41/><W134/><G39/><T114/><D98/><U21/><E33/><V9/><F50/><W131/><G131/><T135/><D135/><U125/><E125/><V76/><F72/><W66/><G134/><T115/><D104/><U59/><REACH who="1" step="1"/><E53/><REACH who="1" ten="447,363,95,85" step="2"/><V42/><F28/><W4/><G4/><T102/><D102/><U64/><E64/><V85/><F17/><W68/><G118/><T52/><D67/><U14/><E14/><V128/><F15/><W5/><G5/><T36/><D107/><U3/><E3/><V6/><F54/><W70/><G117/><T46/><D16/><U79/><E79/><V73/><F128/><W122/><G90/><T45/><D13/><U132/><E132/><V86/><F6/><W84/><G66/><T80/><D114/><U121/><E121/><V24/><F24/><W81/><G122/><N who="0" m="46635" /><D115/><U31/><E31/><V1/><F1/><W47/><G47/><N who="0" m="17931" /><D36/><U91/><E91/><V129/><F129/><W82/><G82/><AGARI ba="1,1" hai="52,58,60,80,82" m="17931,46635,18903" machi="82" ten="30,8000,1" yaku="13,1,52,3,54,1" doraHai="119" who="0" fromWho="3" sc="447,93,363,0,95,0,85,-83" /><AGARI ba="1,0" hai="21,25,29,48,51,56,57,59,75,78,82,89,94,97" machi="82" ten="40,2000,0" yaku="1,1,53,0" doraHai="119" doraHaiUra="61" who="1" fromWho="3" sc="540,0,363,20,95,0,2,-20" owari="540,64.0,383,18.0,95,-30.0,-18,-52.0" /></mjloggm>