<mjloggm ver="2.3"><GO type="41" lobby="0"/><UN n0="%E3%83%8A%E3%82%B0%E3%83%A2" n1="%44%72%65%61%6D%50%6F%70" n2="%E2%93%9D%53%75%70%68%78" n3="%E3%81%94%E3%82%8A%E3%82%89%E3%81%8F%E3%82%93" dan="13,14,18,14" rate="1827.62,1952.24,2130.66,1904.37" sx="M,M,M,M"/><TAIKYOKU oya="0"/><INIT seed="0,0,0,4,1,95" ten="250,250,250,250" oya="0" hai0="3,117,85,126,13,127,42,30,52,123,88,19,12" hai1="129,75,55,77,27,69,73,17,38,56,6,41,122" hai2="14,18,25,36,103,54,116,115,86,112,74,39,64" hai3="90,84,22,21,50,80,81,59,114,104,20,91,124"/><T70/><D70/><U10/><E122/><V5/><F74/><W40/><G104/><T105/><D105/><U101/><E129/><V45/><F5/><W31/><G114/><T7/><D42/><U71/><E75/><V51/><F25/><W57/><G31/><T107/><D107/><U118/><E101/><V113/><F116/><W32/><G32/><T67/><D67/><U48/><E118/><V60/><F86/><W111/><G111/><T119/><D30/><U130/><E27/><V61/><F103/><W110/><G110/><T68/><D68/><U1/><E17/><V78/><F78/><W109/><G109/><T92/><D3/><U132/><E132/><V9/><REACH who="2" step="1"/><F61/><REACH who="2" ten="250,250,240,250" step="2"/><W63/><G63/><T29/><D123/><U94/><E130/><V28/><F28/><W33/><G33/><T135/><D29/><U83/><REACH who="1" step="1"/><E94/><REACH who="1" ten="250,240,240,250" step="2"/><V87/><F87/><W76/><G84/><T93/><D93/><U35/><E35/><V99/><F99/><W58/><G76/><T49/><D135/><U98/><E98/><V72/><F72/><W37/><G37/><T128/><D128/><U34/><E34/><V26/><F26/><W131/><G131/><T15/><D7/><U65/><E65/><V106/><F106/><W96/><G96/><T2/><D2/><U89/><E89/><V133/><F133/><W79/><G79/><T23/><D117/><U16/><E16/><V8/><F8/><W97/><G97/><T62/><D119/><U108/><E108/><V134/><F134/><W100/><G100/><T4/><D4/><U24/><E24/><RYUUKYOKU ba="0,2" sc="250,-15,240,15,240,15,250,-15" hai1="1,6,10,38,41,48,55,56,69,71,73,77,83" hai2="9,14,18,36,39,45,51,54,60,64,112,113,115" /><INIT seed="1,1,2,2,1,32" ten="235,255,255,235" oya="1" hai0="115,125,80,31,126,14,116,119,122,77,85,82,99" hai1="102,81,55,114,63,133,5,95,76,42,22,127,109" hai2="79,74,44,13,39,98,47,87,72,130,86,123,121" hai3="34,113,26,93,131,62,100,58,88,30,73,23,101"/><U51/><E114/><V124/><F13/><W48/><G131/><T78/><D31/><U20/><E133/><V15/><F15/><W129/><G129/><T135/><D14/><U4/><E127/><N who="0" m="48649" /><D115/><U68/><E109/><V17/><F124/><W43/><G73/><T111/><D111/><U52/><E68/><V45/><F39/><W8/><G34/><T38/><D38/><U103/><E42/><V90/><F17/><W19/><G8/><T41/><D41/><U107/><E107/><V132/><F130/><W10/><G10/><T27/><D27/><U2/><E63/><V33/><F33/><W46/><G30/><T67/><D67/><U28/><E28/><V18/><F18/><W97/><REACH who="3" step="1"/><G113/><REACH who="3" ten="235,255,255,225" step="2"/><T83/><D135/><U69/><E22/><V120/><F132/><W16/><G16/><T106/><D122/><U92/><E20/><V117/><F74/><W94/><G94/><T24/><D24/><U96/><E95/><V108/><F108/><W29/><G29/><T50/><D106/><U49/><E92/><N who="2" m="56599" /><F117/><W134/><G134/><T3/><D119/><U1/><E81/><V21/><F21/><W60/><G60/><T91/><D116/><U12/><E12/><V75/><F75/><W56/><G56/><T61/><D61/><U112/><E112/><V110/><F110/><W84/><G84/><N who="2" m="32297" /><F72/><W65/><AGARI ba="1,3" hai="19,23,26,43,46,48,58,62,65,88,93,97,100,101" machi="65" ten="20,12000,2" yaku="1,1,0,1,7,1,8,1,54,1,53,1" doraHai="32" doraHaiUra="53" who="3" fromWho="3" sc="235,-31,255,-61,255,-31,225,153" /><INIT seed="2,0,0,5,3,28" ten="204,194,224,378" oya="2" hai0="30,50,33,41,135,71,53,16,86,108,18,36,110" hai1="125,129,130,101,61,63,4,133,120,94,89,75,114" hai2="81,109,126,128,9,73,38,2,116,93,56,20,26" hai3="83,25,132,123,72,96,43,11,98,1,106,97,117"/><V24/><F116/><W12/><G1/><T77/><D71/><U122/><E4/><V80/><F38/><W91/><G123/><T39/><D135/><U59/><E114/><V104/><F104/><W10/><G132/><T115/><D115/><U57/><E133/><V5/><F128/><N who="1" m="49257" /><E75/><V85/><F126/><W49/><G11/><T48/><D77/><U69/><E101/><V46/><F46/><W107/><G25/><T95/><D95/><U29/><E29/><V47/><F47/><W78/><G117/><T52/><D30/><U87/><E125/><V134/><F109/><W15/><G15/><T74/><D86/><U3/><E3/><V23/><F73/><W66/><G43/><T65/><D74/><U14/><E14/><V37/><F134/><W45/><G66/><T31/><D31/><U113/><E113/><V121/><F121/><N who="1" m="46697" /><E69/><V64/><F26/><W105/><G45/><T82/><D33/><U58/><AGARI ba="0,0" hai="57,58,59,61,63,87,89,94" m="46697,49257" machi="58" ten="40,2700,0" yaku="19,1,13,1" doraHai="28" who="1" fromWho="1" sc="204,-7,194,27,224,-13,378,-7" /><INIT seed="3,0,0,1,3,119" ten="197,221,211,371" oya="3" hai0="55,118,8,103,125,123,75,114,130,45,30,48,18" hai1="25,28,36,77,50,85,82,21,65,121,117,38,70" hai2="76,42,80,90,34,131,84,93,62,78,41,46,59" hai3="134,2,49,109,37,31,108,13,19,47,40,127,39"/><W102/><G2/><T14/><D75/><U68/><E117/><V53/><F34/><W115/><G115/><T35/><D114/><U60/><E70/><V74/><F131/><W129/><G129/><T101/><D118/><U43/><E121/><V51/><REACH who="2" step="1"/><F78/><REACH who="2" ten="197,221,201,371" step="2"/><W54/><G109/><T107/><D130/><U96/><E96/><V100/><F100/><W97/><G108/><T64/><D125/><U89/><E77/><V132/><F132/><W120/><G127/><T33/><D103/><U32/><E32/><V23/><F23/><W124/><G134/><T67/><D123/><U3/><E3/><V0/><F0/><W71/><G120/><T133/><D133/><U83/><E83/><V15/><F15/><W6/><G124/><T9/><D101/><U98/><E98/><V63/><F63/><W99/><G97/><T27/><D107/><U92/><E82/><V17/><F17/><W110/><G110/><T29/><D9/><U72/><E72/><V69/><F69/><W135/><G71/><T26/><AGARI ba="0,1" hai="8,14,18,26,27,29,30,33,35,45,48,55,64,67" machi="26" ten="30,2000,0" yaku="0,1,9,1" doraHai="119" who="0" fromWho="0" sc="197,30,221,-5,201,-5,371,-10" /><INIT seed="4,0,0,0,0,82" ten="227,216,196,361" oya="0" hai0="77,102,13,49,87,132,133,20,44,68,122,23,14" hai1="15,135,78,96,62,117,36,2,9,90,33,73,95" hai2="91,29,127,66,71,115,31,109,99,42,118,1,50" hai3="79,114,125,27,16,97,100,22,134,38,63,83,126"/><T47/><D68/><U92/><E117/><V67/><F1/><W89/><G38/><T6/><D122/><U52/><E33/><V72/><F72/><W37/><G37/><T86/><D102/><U131/><E36/><V26/><F115/><W45/><G45/><N who="0" m="17483" /><D77/><U35/><E35/><V56/><F127/><N who="3" m="48651" /><G134/><N who="0" m="51819" /><D49/><U11/><E131/><V81/><F71/><W58/><G89/><T124/><D124/><U51/><E2/><V28/><F118/><W113/><G83/><T43/><D43/><U18/><E78/><V111/><F111/><W76/><G79/><T69/><D69/><U123/><E73/><V116/><F109/><W106/><G76/><T7/><D14/><U120/><E135/><V21/><F116/><W108/><G108/><T8/><D7/><U39/><E39/><V104/><F42/><W54/><AGARI ba="0,0" hai="16,22,27,54,58,63,97,100,106,113,114" m="48651" machi="54" ten="30,2000,0" yaku="18,1,54,1" doraHai="82" who="3" fromWho="3" sc="227,-10,216,-5,196,-5,361,20" /><INIT seed="5,0,0,2,1,91" ten="217,211,191,381" oya="1" hai0="57,114,24,10,23,77,36,53,86,80,29,43,69" hai1="13,60,8,9,119,15,71,46,87,49,17,28,1" hai2="103,67,35,129,42,25,121,21,106,40,3,96,5" hai3="123,83,16,4,26,99,108,48,134,111,58,94,120"/><U22/><E119/><V45/><F121/><W11/><G134/><T125/><D69/><U88/><E71/><V82/><F129/><W115/><G115/><T37/><D125/><U12/><E60/><V113/><F113/><W92/><G83/><T85/><D114/><U101/><E101/><V66/><F35/><W73/><G73/><T124/><D124/><U39/><E28/><V127/><F42/><W34/><G34/><T64/><D64/><U54/><E39/><V50/><F127/><W117/><G117/><T19/><D86/><U7/><REACH who="1" step="1"/><E9/><REACH who="1" ten="217,201,191,381" step="2"/><V61/><F61/><W118/><G118/><T75/><D75/><U109/><E109/><V130/><F130/><W72/><G72/><T31/><D37/><U59/><E59/><V44/><F103/><W104/><G58/><T84/><D10/><U100/><E100/><V89/><F67/><W105/><G11/><T133/><D133/><U30/><E30/><V98/><F66/><W102/><G102/><T27/><D36/><U63/><E63/><V33/><F106/><W6/><G48/><T128/><D128/><U55/><E55/><V95/><F50/><W135/><G135/><T70/><D43/><U56/><E56/><V132/><F40/><W32/><G111/><T18/><D70/><U107/><E107/><V110/><F132/><W97/><G108/><T0/><D0/><U112/><E112/><V14/><F3/><W62/><G62/><N who="0" m="36143" /><D85/><U122/><E122/><V65/><F110/><W116/><G116/><T74/><D74/><U2/><E2/><V41/><F65/><W76/><G123/><RYUUKYOKU ba="0,1" sc="217,15,201,15,191,-15,381,-15" hai0="18,19,23,24,27,29,31,77,80,84" hai1="1,7,8,12,13,15,17,22,46,49,54,87,88" /><INIT seed="5,1,1,1,5,120" ten="232,216,176,366" oya="1" hai0="113,126,106,48,77,6,134,79,45,122,83,10,36" hai1="121,92,1,9,53,64,18,26,31,81,99,88,107" hai2="128,16,20,12,35,93,11,15,46,19,51,24,58" hai3="65,131,7,104,34,17,25,119,2,66,38,102,108"/><U27/><E121/><V132/><F128/><W41/><G17/><T22/><D122/><U69/><E27/><V0/><F132/><W127/><G66/><T100/><D134/><U101/><E53/><V62/><F0/><W32/><G65/><T55/><D113/><U76/><E1/><V59/><F35/><W28/><G131/><T115/><D115/><U42/><E42/><V103/><F62/><W29/><G127/><T14/><D126/><U109/><E109/><V13/><F103/><W67/><G67/><T124/><D36/><U54/><E54/><V118/><F118/><W56/><G56/><T8/><D22/><U61/><E9/><V72/><F72/><W91/><G91/><T116/><D116/><U80/><E18/><V85/><F15/><W105/><G102/><T130/><D130/><U52/><E52/><N who="2" m="29815" /><F13/><W39/><G108/><T75/><D79/><U71/><E71/><V68/><F68/><W23/><G23/><T90/><D124/><U30/><E30/><V4/><F19/><W63/><G63/><T112/><D112/><U73/><E81/><V5/><F5/><W98/><G98/><T74/><D106/><N who="3" m="41065" /><G41/><T50/><D100/><U96/><E31/><V40/><F40/><W33/><G29/><T84/><D90/><AGARI ba="1,1" hai="4,11,12,16,20,24,58,59,85,90,93" m="29815" machi="90" ten="30,3900,0" yaku="8,1,54,2" doraHai="120" who="2" fromWho="0" sc="232,-42,216,0,176,52,366,0" /><INIT seed="6,0,0,0,2,11" ten="190,216,228,366" oya="2" hai0="92,71,8,13,119,5,53,95,101,32,49,89,84" hai1="110,30,132,115,55,86,75,51,19,76,82,79,98" hai2="21,6,73,104,36,128,58,31,38,62,16,105,33" hai3="126,25,77,83,107,66,129,64,117,9,44,99,113"/><V28/><F73/><W120/><G107/><T26/><D71/><U43/><E110/><V122/><F122/><W134/><G117/><T4/><D119/><U39/><E132/><V56/><F6/><W103/><G134/><T116/><D116/><U68/><E68/><V74/><F74/><W65/><G129/><T87/><D32/><U63/><E30/><V17/><F21/><W100/><G126/><T0/><D26/><U59/><E115/><V106/><F62/><W133/><G133/><T37/><D37/><N who="2" m="14442" /><F33/><W45/><G120/><T34/><D34/><U27/><E39/><V35/><F35/><W2/><G2/><T81/><D0/><U40/><E75/><V18/><F128/><W54/><G99/><T91/><D101/><U15/><E27/><V96/><F96/><W67/><G113/><T123/><D123/><U108/><E98/><V41/><F41/><W93/><G93/><T88/><D4/><U80/><E108/><V70/><F70/><W10/><G25/><T78/><D92/><U46/><E43/><V130/><F130/><W22/><G22/><T24/><D24/><U124/><E124/><V29/><AGARI ba="0,0" hai="16,17,18,28,29,31,56,58,104,105,106" m="14442" machi="29" ten="50,12000,1" yaku="29,2,28,2,54,1" doraHai="11" who="2" fromWho="2" sc="190,-40,216,-40,228,120,366,-40" /><INIT seed="6,1,0,2,1,78" ten="150,176,348,326" oya="2" hai0="47,11,88,13,83,30,81,75,115,109,3,61,132" hai1="57,108,94,82,69,15,43,40,124,127,28,116,2" hai2="114,112,87,135,10,123,117,105,104,102,86,32,20" hai3="98,1,118,35,95,63,133,56,96,77,62,70,51"/><V7/><F32/><W24/><G1/><T27/><D109/><U72/><E108/><V44/><F123/><W93/><G77/><T8/><D3/><U4/><E116/><V79/><F20/><W97/><G118/><T128/><D75/><U90/><E69/><V66/><F135/><W0/><G0/><T54/><D132/><U119/><E2/><V37/><F66/><W12/><G70/><T110/><D110/><U76/><E28/><V73/><F117/><W25/><G35/><T122/><D115/><N who="2" m="44074" /><F102/><W113/><G12/><T85/><D128/><U55/><E119/><V121/><F121/><W107/><G107/><N who="2" m="41033" /><F10/><N who="0" m="3626" /><D13/><U71/><E15/><V59/><F59/><W33/><G33/><T111/><D111/><U34/><E4/><V29/><F29/><W80/><G113/><T31/><D122/><U19/><E19/><V103/><F103/><W5/><G5/><T131/><D131/><U18/><E18/><V67/><F67/><W41/><G56/><N who="0" m="34967" /><D47/><U21/><E21/><V68/><F7/><W120/><G120/><T42/><D42/><U52/><E34/><V36/><F44/><W101/><G101/><T6/><D6/><U129/><E129/><V125/><F68/><W126/><G41/><N who="1" m="15946" /><E71/><V58/><F58/><W84/><G133/><T53/><D53/><N who="1" m="20555" /><E57/><V91/><F73/><W38/><G25/><T106/><D106/><U16/><E16/><V130/><F130/><W92/><G24/><T74/><D27/><U22/><E22/><V60/><F37/><W9/><G38/><T39/><D39/><U23/><E23/><V48/><F36/><RYUUKYOKU ba="1,0" sc="150,15,176,15,348,-15,326,-15" hai0="30,31,74,81,83,85,88" hai1="72,76,82,90,94,124,127" /><INIT seed="7,2,0,1,2,90" ten="165,191,333,311" oya="3" hai0="84,14,77,2,17,93,48,55,13,118,91,62,102" hai1="87,130,109,82,127,10,120,75,104,30,117,60,123" hai2="57,5,135,106,9,18,129,16,47,37,85,128,131" hai3="12,115,99,83,38,78,98,61,63,86,34,76,88"/><W96/><G38/><T70/><D2/><U125/><E30/><V11/><F135/><W97/><G34/><T29/><D29/><U65/><E109/><V54/><F106/><W25/><G25/><T92/><D118/><U68/><E117/><V59/><F85/><W124/><G115/><T26/><D77/><U40/><E104/><V21/><F18/><W53/><G124/><N who="1" m="47690" /><E75/><V58/><F5/><W31/><G31/><T116/><D116/><U24/><E24/><N who="2" m="14375" /><F54/><W114/><G114/><T23/><D62/><N who="3" m="23561" /><G53/><T42/><D42/><AGARI ba="2,0" hai="9,11,37,42,47,57,58,59,128,129,131" m="14375" machi="42" ten="40,2600,0" yaku="19,1,54,1" doraHai="90" who="2" fromWho="0" sc="165,-32,191,0,333,32,311,0" owari="133,-37.0,191,-21.0,365,47.0,311,11.0" /></mjloggm>