<mjloggm ver="2.3"><GO type="41" lobby="0"/><UN n0="%E3%83%91%E3%83%B3%E3%80%82" n1="%E2%93%9D%53%75%70%68%78" n2="%E5%91%82%E6%9C%9B%E7%94%9F%32" n3="%E3%82%B7%E3%83%AB%E3%82%AF" dan="15,19,13,15" rate="2004.44,2150.14,1837.33,1951.60" sx="M,M,M,M"/><TAIKYOKU oya="0"/><INIT seed="0,0,0,1,2,74" ten="250,250,250,250" oya="0" hai0="13,122,46,52,72,40,129,107,89,121,91,126,20" hai1="5,111,76,2,109,0,77,57,98,100,85,9,106" hai2="132,95,34,93,62,22,131,81,49,48,124,25,63" hai3="38,130,71,115,112,80,55,56,113,8,116,50,60"/><T36/><D107/><U92/><E2/><V11/><F34/><W58/><G8/><T117/><D117/><U70/><E70/><V135/><F124/><W54/><G80/><T128/><D72/><U17/><E17/><V96/><F131/><N who="0" m="50250" /><D91/><N who="1" m="53359" /><E57/><V59/><F11/><W118/><G130/><T26/><D13/><U42/><E42/><V66/><F63/><W133/><G133/><N who="2" m="51273" /><F81/><W29/><G29/><T94/><D126/><U134/><E134/><V6/><F6/><W68/><G38/><T61/><D61/><U110/><AGARI ba="0,0" hai="0,5,9,76,77,98,100,106,109,110,111" m="53359" machi="110" ten="30,4000,0" yaku="14,1,52,2" doraHai="74" who="1" fromWho="1" sc="250,-20,250,40,250,-10,250,-10" /><INIT seed="1,0,0,1,1,48" ten="230,290,240,240" oya="1" hai0="97,79,100,22,117,74,76,105,30,107,102,64,18" hai1="43,99,25,108,12,16,83,41,130,58,89,119,15" hai2="52,124,34,46,113,0,62,33,21,51,26,4,127" hai3="11,87,85,10,78,29,61,126,9,129,14,55,84"/><U86/><E119/><V44/><F113/><W69/><G126/><N who="2" m="48169" /><F4/><W93/><G129/><T111/><D30/><U125/><E125/><V98/><F0/><W94/><G29/><T71/><D64/><U104/><E130/><V77/><F77/><W38/><G38/><T39/><D39/><U53/><E108/><V70/><F98/><W5/><G69/><T133/><D71/><U92/><E104/><V17/><F44/><W59/><G78/><T118/><D22/><N who="1" m="13511" /><E43/><V103/><F103/><W35/><G35/><T66/><D18/><U49/><E41/><V73/><F73/><W23/><G23/><T115/><D66/><AGARI ba="0,0" hai="17,21,26,33,34,46,51,52,62,66,70" m="48169" machi="66" ten="30,3900,0" yaku="18,1,52,1,54,1" doraHai="48" who="2" fromWho="0" sc="230,-39,290,0,240,39,240,0" /><INIT seed="2,0,0,4,2,86" ten="191,290,279,240" oya="2" hai0="45,38,103,24,56,72,109,71,77,54,110,94,65" hai1="98,62,5,11,1,80,53,124,28,66,8,51,39" hai2="128,2,114,84,59,118,126,99,76,57,91,7,6" hai3="46,30,12,122,108,3,112,25,90,60,68,115,58"/><V21/><F114/><W101/><G3/><T78/><D72/><U37/><E124/><V31/><F118/><W16/><G122/><T4/><D4/><U52/><E28/><V97/><F126/><W100/><G68/><T70/><D103/><U117/><E117/><V132/><F132/><W29/><G46/><T9/><D9/><U48/><E98/><V96/><F128/><W27/><G108/><T64/><D24/><N who="3" m="9289" /><G112/><T93/><D56/><U22/><E22/><V50/><F31/><W32/><G32/><T116/><D45/><U17/><E39/><V89/><F21/><W133/><G133/><T106/><D116/><U127/><E37/><V69/><F69/><W63/><G63/><T85/><D85/><U121/><E62/><V61/><F2/><W41/><G41/><T44/><D44/><U119/><E121/><V82/><F57/><W113/><G113/><T15/><D15/><U73/><E127/><V135/><F50/><W20/><G115/><T125/><D125/><U102/><E51/><V105/><F105/><W26/><G30/><T111/><D111/><U14/><E48/><V92/><F135/><W134/><G134/><T18/><D38/><U79/><E119/><V81/><F6/><W34/><G34/><T75/><D106/><U10/><E66/><N who="2" m="39231" /><F7/><W36/><G36/><T130/><D75/><U123/><E123/><V88/><F76/><W0/><G0/><T107/><D107/><U131/><E1/><V83/><AGARI ba="0,0" hai="81,82,83,84,88,89,91,92,96,97,99" m="39231" machi="83" ten="30,12000,1" yaku="8,1,52,3,54,1" doraHai="86" who="2" fromWho="2" sc="191,-40,290,-40,279,120,240,-40" /><INIT seed="2,1,0,2,4,58" ten="151,250,399,200" oya="2" hai0="61,86,49,22,68,23,130,109,78,117,124,62,69" hai1="131,9,73,112,24,36,103,53,116,101,92,88,1" hai2="115,14,99,44,52,98,72,120,106,6,57,18,132" hai3="87,46,83,96,34,60,43,19,128,82,105,67,111"/><V31/><F72/><W76/><G111/><T121/><D121/><U81/><E36/><V94/><F120/><W75/><G128/><T25/><D109/><U55/><E112/><V48/><F115/><W38/><G34/><T7/><D130/><U70/><E70/><V63/><F132/><W42/><G19/><T40/><D69/><U107/><E107/><V2/><F106/><W100/><G43/><T79/><D68/><U11/><E116/><V27/><F6/><W51/><G38/><T129/><D129/><U50/><E1/><V29/><F2/><W118/><G118/><T5/><D124/><U13/><E24/><V125/><F125/><W0/><G0/><T80/><D79/><U114/><E11/><V66/><F27/><W10/><G10/><T37/><D37/><U84/><E114/><V54/><F66/><W47/><G47/><N who="0" m="25831" /><D23/><U93/><E55/><V16/><F18/><W123/><G123/><T104/><D104/><U97/><E73/><V110/><F110/><W135/><G135/><T41/><D41/><U126/><E126/><V127/><F127/><W30/><G30/><N who="2" m="11273" /><F94/><W102/><G102/><T3/><D3/><U113/><E113/><V91/><F91/><W71/><REACH who="3" step="1"/><G83/><REACH who="3" ten="151,250,399,190" step="2"/><T8/><D117/><U89/><E131/><V95/><F95/><W74/><AGARI ba="1,1" hai="42,46,51,60,67,71,74,75,76,82,87,96,100,105" machi="74" ten="30,8000,1" yaku="1,1,2,1,0,1,52,1,53,1" doraHai="58" doraHaiUra="56" who="3" fromWho="3" sc="151,-21,250,-21,399,-41,190,93" /><INIT seed="3,0,0,3,4,53" ten="130,229,358,283" oya="3" hai0="132,34,32,64,114,129,35,100,39,9,13,124,71" hai1="89,119,95,40,86,82,12,120,90,92,36,105,67" hai2="84,54,51,4,21,61,23,73,87,128,134,135,118" hai3="117,1,97,76,7,69,94,26,80,14,75,17,123"/><W96/><G117/><T15/><D39/><U102/><E36/><V104/><F118/><W20/><G123/><T30/><D100/><U31/><E40/><V6/><F73/><W42/><G69/><T57/><D71/><U8/><E31/><V112/><F104/><W91/><G42/><T5/><D64/><U41/><E41/><V28/><F112/><W79/><G79/><T59/><D114/><U62/><E120/><V130/><F54/><W46/><G46/><T121/><D121/><U22/><E22/><N who="2" m="8203" /><F61/><W72/><G1/><T0/><D129/><N who="2" m="49770" /><F51/><W37/><G37/><T83/><D124/><U103/><E105/><V63/><F63/><W50/><G50/><T45/><D45/><U93/><E119/><V98/><F98/><W113/><G97/><T101/><D132/><N who="2" m="50730" /><F28/><W47/><G47/><T108/><D30/><U127/><E127/><V77/><F77/><W66/><G66/><T60/><D60/><U131/><E131/><V70/><F70/><W126/><G126/><T38/><D38/><U44/><E44/><V109/><F109/><W74/><G113/><T68/><D68/><U122/><E122/><V107/><F107/><W3/><G75/><T81/><D108/><U85/><E67/><V11/><F11/><W125/><G125/><T18/><D101/><N who="1" m="38411" /><E62/><V25/><F25/><W133/><G133/><T78/><D78/><U10/><E10/><V99/><F99/><W43/><G43/><T27/><D27/><U58/><E58/><V19/><F19/><AGARI ba="0,0" hai="8,12,19,82,85,86,89,90,92,93,95" m="38411" machi="19" ten="30,1000,0" yaku="8,1" doraHai="53" who="1" fromWho="2" sc="130,0,229,10,358,-10,283,0" /><INIT seed="4,0,0,3,4,38" ten="130,239,348,283" oya="0" hai0="116,20,100,79,8,13,73,114,37,56,18,40,34" hai1="129,92,118,32,48,85,52,68,98,30,0,15,70" hai2="36,120,122,69,41,10,123,74,6,125,72,78,33" hai3="55,77,91,22,121,113,42,71,131,94,49,66,89"/><T17/><D116/><U50/><E0/><N who="2" m="327" /><F125/><W107/><G107/><T11/><D34/><U127/><E129/><V130/><F130/><W24/><G131/><T86/><D73/><N who="2" m="28266" /><F78/><W46/><G77/><T108/><D108/><U3/><E3/><V31/><F69/><W111/><G113/><T16/><D114/><U75/><E118/><V19/><F19/><W45/><G121/><T119/><D119/><U97/><E75/><V128/><F128/><W58/><G111/><T134/><D100/><U80/><E70/><V87/><F87/><W9/><G9/><T25/><D56/><U29/><E68/><V4/><F4/><W99/><G71/><T104/><D104/><U102/><E98/><V90/><F90/><W54/><G89/><T112/><D112/><U124/><E124/><V5/><F5/><W67/><G55/><T62/><D62/><U1/><E1/><V7/><F7/><W93/><G93/><T14/><D86/><U21/><E127/><V12/><F12/><W47/><G67/><T2/><D2/><U59/><E32/><V63/><F63/><N who="3" m="36311" /><G66/><T115/><D79/><N who="1" m="46239" /><E15/><V96/><F96/><W132/><G132/><T106/><D106/><U39/><E97/><V60/><F60/><W105/><G105/><T44/><REACH who="0" step="1"/><D115/><REACH who="0" ten="120,239,348,283" step="2"/><U84/><E84/><V103/><F103/><W51/><G51/><T27/><D27/><N who="1" m="16623" /><E50/><V64/><F64/><W57/><G57/><T109/><D109/><U28/><E39/><V61/><F61/><W81/><G81/><T83/><D83/><U133/><E133/><AGARI ba="0,1" hai="8,11,13,14,16,17,18,20,25,37,40,44,133,134" machi="133" ten="40,12000,1" yaku="1,1,9,1,52,1,54,1,53,0" doraHai="38" doraHaiUra="117" who="0" fromWho="1" sc="120,130,239,-120,348,0,283,0" /><INIT seed="4,1,0,1,2,117" ten="250,119,348,283" oya="0" hai0="111,55,121,20,52,101,60,126,35,103,128,102,83" hai1="104,33,75,30,90,73,92,61,32,87,99,129,108" hai2="63,25,5,118,23,135,91,67,131,1,7,42,94" hai3="51,31,34,71,39,49,26,112,95,88,45,106,44"/><T68/><D35/><U109/><E61/><V89/><F118/><W29/><G106/><T97/><D111/><U85/><E30/><V66/><F131/><W72/><G72/><N who="1" m="27722" /><E33/><V127/><F135/><W22/><G71/><T84/><D128/><U79/><E32/><V19/><F127/><W24/><G112/><T27/><D126/><U15/><E15/><V3/><F42/><W110/><G110/><N who="1" m="42602" /><E129/><V36/><F36/><W21/><G34/><T124/><D124/><U82/><E104/><V100/><F100/><W86/><G39/><T76/><D55/><U107/><E107/><V54/><F54/><W120/><G51/><T12/><D12/><U58/><E58/><V123/><F123/><W125/><G120/><T48/><D121/><U50/><E50/><V8/><F63/><W9/><G125/><T16/><D68/><U38/><E38/><V105/><F105/><W59/><G9/><T119/><D60/><U37/><E37/><V114/><F114/><W57/><G45/><T6/><D6/><U93/><E93/><V4/><F8/><W13/><G13/><T28/><D28/><U74/><AGARI ba="1,0" hai="74,79,82,85,87,90,92,99" m="42602,27722" machi="74" ten="30,2000,0" yaku="34,2" doraHai="117" who="1" fromWho="1" sc="250,-11,119,23,348,-6,283,-6" /><INIT seed="5,0,0,1,5,101" ten="239,142,342,277" oya="1" hai0="12,84,37,103,10,47,67,23,36,62,132,3,114" hai1="7,59,55,33,13,54,129,68,30,5,112,2,89" hai2="120,126,133,21,41,56,35,80,60,57,16,97,65" hai3="6,87,8,109,46,24,85,76,32,39,110,1,95"/><U78/><E68/><V15/><F35/><W73/><G87/><T93/><D114/><U34/><E112/><V82/><F120/><W91/><G24/><T108/><D132/><U58/><E78/><V127/><F41/><W131/><G131/><T81/><D3/><U28/><E13/><V104/><F56/><W77/><G32/><T135/><D108/><U52/><E89/><V17/><F133/><W105/><G77/><T100/><D23/><U111/><E55/><V4/><F4/><W116/><G116/><T106/><D106/><U117/><E2/><V125/><F17/><W123/><G123/><T66/><D66/><U94/><E94/><V27/><F15/><W64/><G64/><T102/><D93/><U130/><REACH who="1" step="1"/><E111/><REACH who="1" ten="239,132,342,277" step="2"/><V50/><F126/><W74/><G109/><T19/><D135/><U44/><E44/><V51/><F127/><W124/><G124/><T134/><D47/><U88/><E88/><V98/><F125/><W69/><G69/><T25/><D134/><U20/><E20/><V22/><F21/><W122/><G110/><T42/><D12/><U121/><E121/><V14/><F22/><W61/><G122/><T40/><D67/><U90/><E90/><V9/><F65/><W0/><G0/><T70/><D70/><U128/><E128/><V63/><F14/><W96/><G76/><T43/><D37/><U31/><E31/><V38/><F9/><W72/><G39/><T11/><D11/><U86/><E86/><V118/><F118/><AGARI ba="0,1" hai="5,7,28,30,33,34,52,54,58,59,117,118,129,130" machi="118" ten="25,9600,0" yaku="1,1,22,2,54,1,53,0" doraHai="101" doraHaiUra="18" who="1" fromWho="2" sc="239,0,132,106,342,-96,277,0" /><BYE who="2" /><UN n2="%E5%91%82%E6%9C%9B%E7%94%9F%32" /><INIT seed="5,1,0,3,5,69" ten="239,238,246,277" oya="1" hai0="48,75,64,117,80,124,35,50,123,33,72,41,34" hai1="134,71,31,66,11,101,107,13,47,8,91,62,102" hai2="9,135,37,38,115,82,25,42,79,55,57,4,61" hai3="20,51,121,40,122,88,32,19,52,94,12,133,92"/><U128/><E128/><V18/><F42/><W83/><G32/><T119/><D41/><U16/><E134/><V17/><F135/><W125/><G133/><T131/><D80/><U26/><E107/><V43/><F43/><W10/><BYE who="2" /><G125/><T22/><D22/><U21/><E47/><V104/><F104/><W63/><G63/><T15/><D15/><U2/><REACH who="1" step="1"/><E91/><REACH who="1" ten="239,228,246,277" step="2"/><V74/><F74/><W54/><G121/><T29/><D123/><U14/><E14/><V95/><F95/><UN n2="%E5%91%82%E6%9C%9B%E7%94%9F%32" /><W30/><G122/><T68/><D131/><U109/><E109/><V112/><F79/><W127/><G127/><T110/><D75/><U116/><E116/><V120/><F120/><W49/><G94/><T105/><D72/><U118/><E118/><V60/><F25/><N who="3" m="16679" /><G83/><T76/><D105/><U84/><E84/><V89/><F82/><W93/><G93/><T81/><D81/><U70/><E70/><V45/><F89/><W114/><G114/><N who="2" m="43561" /><F45/><N who="3" m="25767" /><G51/><T98/><D50/><U53/><E53/><V129/><F129/><W23/><G92/><T99/><D48/><U132/><E132/><V3/><F61/><W28/><G88/><T100/><D117/><U65/><E65/><V44/><F44/><W56/><G56/><T67/><D64/><U59/><E59/><V108/><F108/><W106/><G106/><T39/><D67/><U85/><E85/><V0/><F0/><W126/><G126/><T27/><D124/><U87/><E87/><V97/><F97/><W7/><G54/><T111/><D110/><U36/><E36/><AGARI ba="1,1" hai="3,4,9,17,18,36,37,38,55,57,60" m="43561" machi="36" ten="30,8000,1" yaku="15,1,11,1,52,3" doraHai="69" who="2" fromWho="1" sc="239,0,228,-83,246,93,277,0" /><INIT seed="6,0,0,3,5,74" ten="239,145,339,277" oya="2" hai0="32,115,73,112,66,70,113,114,93,54,71,89,90" hai1="96,68,134,51,100,79,25,10,80,13,95,34,86" hai2="41,20,30,49,12,27,130,67,124,92,16,65,91" hai3="72,46,103,42,105,59,126,29,122,26,21,94,53"/><V63/><F124/><W38/><G122/><T106/><D106/><U109/><E134/><V119/><F119/><W88/><G126/><T77/><D32/><U61/><E109/><V0/><F130/><W81/><G105/><T24/><D114/><U97/><E34/><V110/><F110/><W128/><G128/><T101/><D66/><U84/><E68/><V55/><F0/><W47/><G47/><T44/><D24/><U5/><E61/><V43/><F63/><W15/><G15/><T57/><D44/><U56/><E25/><V135/><F65/><W1/><G1/><T8/><D8/><U17/><E97/><V129/><F67/><W104/><G104/><T131/><D131/><U132/><E132/><V7/><F129/><W23/><G103/><T52/><D54/><U133/><E133/><V83/><F7/><W4/><G72/><T78/><D73/><U82/><E56/><V14/><F83/><W35/><G81/><T87/><D90/><U33/><E33/><V108/><F12/><W99/><REACH who="3" step="1"/><G4/><REACH who="3" ten="239,145,339,267" step="2"/><T98/><D101/><U18/><REACH who="1" step="1"/><E51/><AGARI ba="0,1" hai="21,23,26,29,35,38,42,46,51,53,59,88,94,99" machi="51" ten="30,7700,0" yaku="1,1,2,1,7,1,54,1,53,0" doraHai="74" doraHaiUra="58" who="3" fromWho="1" sc="239,0,145,-77,339,0,267,87" /><INIT seed="7,0,0,2,0,116" ten="239,68,339,354" oya="3" hai0="53,121,92,123,50,25,31,11,58,38,28,86,79" hai1="36,52,47,62,61,43,120,49,74,35,127,96,119" hai2="14,81,135,130,100,59,39,65,30,124,99,29,32" hai3="131,5,9,10,118,102,106,129,37,132,13,72,87"/><W134/><G72/><T90/><D38/><U112/><E96/><V88/><F39/><W22/><G118/><T122/><D79/><U51/><E35/><V19/><F130/><N who="3" m="49675" /><G37/><T66/><D66/><U34/><E34/><V97/><F124/><W109/><G109/><T113/><D113/><U55/><E74/><V103/><F135/><W45/><G45/><T68/><D68/><U60/><E119/><V64/><F32/><W12/><G22/><T63/><D25/><U117/><E117/><V76/><F59/><W15/><G87/><T7/><REACH who="0" step="1"/><D63/><REACH who="0" ten="229,68,339,354" step="2"/><U69/><E112/><V126/><F65/><W44/><G132/><T125/><D125/><U57/><E127/><V26/><F64/><W54/><G134/><T111/><D111/><U91/><E91/><V56/><F126/><W77/><G77/><T107/><D107/><U95/><E95/><V8/><F76/><W98/><G5/><T67/><D67/><U4/><E4/><V94/><F26/><W73/><G73/><T93/><D93/><U20/><E20/><V83/><F81/><W48/><AGARI ba="0,1" hai="9,10,12,13,15,44,48,54,98,102,106" m="49675" machi="48" ten="40,2100,0" yaku="19,1" doraHai="116" who="3" fromWho="3" sc="229,-7,68,-7,339,-7,354,31" owari="222,-18.0,61,-44.0,332,13.0,385,49.0" /></mjloggm>