<mjloggm ver="2.3"><GO type="41" lobby="0"/><UN n0="%6E%69%67%61%74%6F%6D%61" n1="%4A%2D%48%4F%50%45" n2="%E2%93%9D%53%75%70%68%78" n3="%E3%81%B2%E3%82%8D%E3%82%8D%E3%82%93%E3%82%8D" dan="14,15,17,14" rate="1923.36,1982.51,2061.13,1912.55" sx="M,F,M,M"/><TAIKYOKU oya="0"/><INIT seed="0,0,0,5,2,81" ten="250,250,250,250" oya="0" hai0="28,43,119,27,47,13,63,88,45,10,50,84,46" hai1="58,82,110,67,131,60,17,39,90,133,23,80,25" hai2="36,65,93,29,125,112,108,5,33,34,40,73,118" hai3="64,49,71,11,117,52,89,66,127,68,7,77,86"/><T94/><D119/><U62/><E110/><V57/><F112/><W129/><G117/><T106/><D106/><U4/><E133/><V69/><F5/><W21/><G127/><T48/><D63/><U111/><E111/><V91/><F73/><W76/><G129/><T122/><D122/><U9/><E131/><V32/><F69/><W59/><G21/><N who="0" m="15471" /><D43/><U134/><E39/><V123/><F29/><W3/><G68/><T98/><D98/><U12/><E134/><V132/><F125/><W79/><REACH who="3" step="1"/><G71/><REACH who="3" ten="250,250,250,240" step="2"/><T51/><D51/><U31/><E62/><V35/><F35/><W87/><G87/><T53/><D50/><U113/><E113/><V130/><F34/><W14/><G14/><T24/><D24/><U19/><E80/><AGARI ba="0,1" hai="3,7,11,49,52,59,64,66,76,77,79,80,86,89" machi="80" ten="40,8000,1" yaku="1,1,52,1,54,1,53,1" doraHai="81" doraHaiUra="54" who="3" fromWho="1" sc="250,0,250,-80,250,0,240,90" /><INIT seed="1,0,0,1,2,130" ten="250,170,250,330" oya="1" hai0="124,114,73,41,106,135,118,32,128,133,11,28,46" hai1="49,6,111,112,15,129,96,35,116,21,97,134,63" hai2="121,99,104,85,33,122,115,2,90,0,60,7,53" hai3="16,58,109,83,74,19,125,43,37,25,24,54,117"/><U52/><E116/><V13/><F33/><W3/><G117/><T77/><D118/><U84/><E112/><V87/><F13/><W38/><G3/><T68/><D106/><U75/><E75/><V64/><F53/><W36/><G109/><T72/><D68/><U67/><E35/><V48/><F48/><W132/><G125/><T86/><D114/><U45/><E111/><V71/><F87/><W103/><G103/><T44/><D128/><U5/><E129/><V131/><F7/><W92/><G43/><T14/><D124/><U81/><E134/><N who="0" m="51209" /><D32/><U10/><E21/><V94/><F115/><W30/><G92/><T56/><D56/><N who="1" m="37351" /><E5/><V34/><F34/><W26/><G132/><T51/><D28/><U59/><E59/><V39/><F131/><W100/><G100/><T12/><D46/><U31/><E31/><V50/><F71/><W62/><G30/><T126/><D126/><U93/><E93/><V98/><F94/><W66/><G66/><T61/><D61/><U108/><E108/><V78/><F60/><W17/><G83/><N who="0" m="47471" /><D14/><U107/><E107/><V127/><F104/><W22/><REACH who="3" step="1"/><G74/><REACH who="3" ten="250,170,250,320" step="2"/><T119/><D119/><U4/><E4/><AGARI ba="0,1" hai="4,11,12,41,44,51,72,73" m="47471,51209" machi="4" ten="30,8000,1" yaku="25,1,20,1,52,3" doraHai="130" who="0" fromWho="1" sc="250,90,170,-80,250,0,320,0" /><INIT seed="2,0,0,0,1,27" ten="340,90,250,320" oya="2" hai0="130,112,74,61,80,96,81,53,87,85,132,88,48" hai1="49,70,6,134,82,71,133,62,123,17,67,39,38" hai2="91,113,114,10,99,15,52,64,32,2,29,121,66" hai3="104,5,9,128,90,124,46,11,54,1,108,41,75"/><V125/><F121/><W76/><G108/><T47/><D112/><U129/><E6/><V109/><F2/><W35/><G104/><T59/><D132/><N who="1" m="50795" /><E17/><V8/><F125/><W4/><G128/><T84/><D74/><U73/><E82/><V98/><F32/><W22/><G35/><T111/><D111/><U103/><E103/><V12/><F109/><W65/><G65/><N who="0" m="39103" /><D130/><U28/><E28/><V25/><F25/><W18/><G54/><T79/><D79/><U37/><E73/><V118/><F52/><W36/><G90/><T127/><D127/><U0/><E0/><V106/><F91/><W116/><G116/><T83/><D96/><U117/><E117/><V21/><F21/><W56/><G56/><T122/><D122/><U102/><E102/><V26/><F26/><W55/><G55/><T14/><D14/><U101/><E101/><V30/><REACH who="2" step="1"/><F118/><REACH who="2" ten="340,90,240,320" step="2"/><W57/><G124/><T100/><D100/><U20/><E123/><V94/><F94/><AGARI ba="0,1" hai="47,48,53,80,81,83,84,85,87,88,94" m="39103" machi="94" ten="30,2000,0" yaku="8,1,54,1" doraHai="27" who="0" fromWho="2" sc="340,30,90,0,240,-20,320,0" /><INIT seed="3,0,0,0,0,119" ten="370,90,220,320" oya="3" hai0="82,126,52,63,1,123,80,120,92,16,115,38,100" hai1="91,0,23,48,104,96,34,93,125,86,109,59,9" hai2="99,47,3,46,19,131,7,26,65,42,88,106,27" hai3="135,114,111,8,30,73,110,40,2,25,69,90,18"/><W84/><G114/><T102/><D38/><U35/><E109/><N who="3" m="41482" /><G73/><T87/><D1/><U56/><E125/><V117/><F131/><W54/><G135/><T81/><D126/><U58/><E48/><V101/><F117/><W72/><G72/><T124/><D115/><U103/><REACH who="1" step="1"/><E23/><REACH who="1" ten="370,80,220,320" step="2"/><V17/><F47/><W12/><G40/><T76/><D124/><U129/><E129/><V60/><F46/><W133/><G133/><T89/><D63/><U10/><E10/><V127/><F60/><W33/><G2/><T98/><D102/><U116/><E116/><V130/><F101/><W113/><G113/><T24/><D100/><U128/><E128/><V51/><F127/><W29/><G33/><T4/><D76/><U28/><E28/><V11/><F130/><W62/><G30/><T43/><D89/><U67/><E67/><V71/><F65/><W95/><G29/><T79/><D43/><U75/><E75/><V66/><F66/><N who="3" m="41175" /><G54/><T121/><D52/><U64/><E64/><V22/><F42/><W70/><G70/><T50/><D123/><U55/><E55/><V105/><F71/><W97/><G25/><T107/><D24/><U57/><N who="1" m="14336" /><DORA hai="118" /><U134/><E134/><V132/><F132/><W49/><G49/><T68/><D50/><U14/><E14/><V112/><F112/><W53/><G53/><T41/><D68/><U37/><E37/><V39/><F39/><W77/><G77/><T32/><D41/><U6/><AGARI ba="0,1" hai="0,6,9,34,35,86,91,93,96,103,104" m="14336" machi="6" ten="40,2700,0" yaku="1,1,0,1,53,0" doraHai="119,118" doraHaiUra="21,44" who="1" fromWho="1" sc="370,-7,80,37,220,-7,320,-13" /><INIT seed="4,0,0,2,5,53" ten="363,117,213,307" oya="0" hai0="42,62,67,46,94,7,72,124,98,95,106,117,89" hai1="85,78,123,91,11,97,92,114,116,15,131,93,99" hai2="54,37,49,40,86,9,22,69,38,113,20,129,133" hai3="57,5,70,80,32,35,84,18,63,14,73,75,10"/><T120/><D72/><U8/><E123/><V0/><F69/><W135/><G70/><T26/><D120/><U28/><E116/><V19/><F113/><W83/><G135/><T61/><D124/><U52/><E131/><V21/><F40/><W12/><G35/><T132/><D106/><U6/><E114/><V87/><F129/><W82/><G32/><T130/><D130/><U104/><E28/><V134/><F19/><W47/><G47/><T90/><D132/><N who="2" m="50794" /><F9/><W2/><G2/><T128/><D128/><U109/><E109/><V55/><F0/><W36/><G36/><N who="2" m="13929" /><F49/><W101/><G101/><T43/><D67/><U23/><E11/><V3/><F3/><W58/><G84/><AGARI ba="0,0" hai="20,21,22,54,55,84,86,87" m="13929,50794" machi="84" ten="40,5200,0" yaku="28,2,20,1" doraHai="53" who="2" fromWho="3" sc="363,0,117,0,213,52,307,-52" /><INIT seed="5,0,0,3,4,61" ten="363,117,265,255" oya="1" hai0="108,15,7,28,80,20,76,56,74,2,75,71,73" hai1="62,39,63,82,6,40,68,104,91,123,98,95,69" hai2="125,79,97,109,37,92,111,105,129,25,64,67,30" hai3="101,122,90,47,53,78,70,77,17,134,35,133,126"/><U117/><E117/><V34/><F37/><W42/><G122/><T27/><D71/><U113/><E123/><V112/><F105/><W41/><G35/><T94/><D108/><U119/><E119/><V118/><F118/><W0/><G0/><T12/><D2/><U65/><E113/><V3/><F3/><W60/><G101/><T106/><D106/><U72/><E6/><V26/><F125/><W33/><G33/><T16/><D94/><U51/><E39/><V87/><F129/><W114/><G126/><T84/><D7/><U128/><E128/><V88/><F112/><W13/><G90/><T93/><D93/><U36/><E36/><V10/><F10/><W8/><G114/><T102/><D102/><U52/><E40/><V100/><F26/><W66/><G53/><T54/><REACH who="0" step="1"/><D28/><REACH who="0" ten="353,117,265,255" step="2"/><U110/><E110/><V57/><F111/><W124/><G124/><T81/><D81/><U132/><E104/><V130/><F130/><W23/><G133/><T120/><D120/><U127/><E132/><V99/><F109/><W86/><G134/><T11/><D11/><U19/><E127/><V18/><F100/><W50/><G8/><T59/><D59/><N who="1" m="33183" /><E19/><V116/><F18/><W14/><G17/><T48/><AGARI ba="0,1" hai="12,15,16,20,27,48,54,56,73,74,75,76,80,84" machi="48" ten="30,4000,0" yaku="1,1,0,1,54,1,53,0" doraHai="61" doraHaiUra="31" who="0" fromWho="0" sc="353,50,117,-20,265,-10,255,-10" /><INIT seed="6,0,0,0,3,124" ten="403,97,255,245" oya="2" hai0="54,102,76,4,69,73,6,77,47,65,19,26,96" hai1="0,95,36,16,43,122,13,34,53,86,21,81,130" hai2="123,87,128,100,61,75,30,113,60,31,58,55,56" hai3="104,108,82,120,72,111,46,131,14,133,32,11,88"/><V27/><F75/><W9/><G120/><T105/><D69/><U115/><E122/><V29/><F123/><W20/><G32/><T117/><D65/><U64/><E115/><V66/><F113/><W62/><G104/><T1/><D117/><U23/><E34/><V42/><F128/><W71/><G11/><T107/><D107/><U109/><E0/><V118/><F118/><W97/><G20/><T84/><D73/><U79/><E109/><V25/><F100/><W50/><G72/><T12/><D1/><U80/><E64/><V116/><F116/><W33/><G33/><T112/><D26/><U40/><E36/><V92/><REACH who="2" step="1"/><F42/><REACH who="2" ten="403,97,245,245" step="2"/><W89/><G131/><T94/><D102/><U129/><E40/><V132/><F132/><W93/><G133/><T24/><D112/><U7/><E43/><V28/><N who="2" m="7680" /><DORA hai="63" /><V85/><F85/><W22/><G111/><T45/><D84/><U103/><E130/><V134/><F134/><W127/><G108/><T17/><D96/><N who="1" m="59807" /><E129/><V57/><F57/><W110/><G110/><T98/><D98/><U37/><E37/><V5/><F5/><W39/><G97/><T126/><D6/><U90/><E7/><V48/><F48/><W70/><G39/><T74/><D4/><U106/><E106/><V15/><F15/><W49/><G14/><T44/><D12/><U8/><E53/><V35/><F35/><W101/><G71/><T3/><D54/><U38/><E38/><V83/><F83/><W52/><G82/><T121/><D105/><U51/><E51/><N who="3" m="19466" /><G52/><T2/><D74/><N who="1" m="43127" /><E81/><V114/><F114/><RYUUKYOKU ba="0,1" sc="403,-15,97,15,245,15,245,-15" hai1="8,13,16,21,23,86,90" hai2="25,27,55,56,58,60,61,66,87,92" /><INIT seed="6,1,1,2,1,133" ten="388,112,260,230" oya="2" hai0="39,5,44,55,110,46,21,31,93,82,135,105,88" hai1="115,25,131,108,33,100,47,125,26,122,52,50,13" hai2="64,27,17,71,107,37,0,86,76,59,83,75,57" hai3="116,81,96,16,134,41,10,85,72,29,18,111,1"/><V15/><F0/><W42/><G111/><T99/><D110/><U104/><E108/><V74/><F37/><W20/><G116/><T65/><D39/><U109/><E109/><V4/><F107/><W106/><G72/><T129/><D129/><U12/><E131/><V123/><F123/><W118/><G118/><T3/><D3/><U8/><E122/><V101/><F71/><W6/><G134/><T126/><D5/><U54/><E115/><V35/><F101/><W91/><G106/><T61/><D105/><U119/><E119/><V19/><F4/><W98/><G98/><T36/><D36/><U56/><E12/><V127/><F64/><W97/><G97/><T22/><D82/><U114/><E114/><V32/><F27/><W48/><G96/><T51/><D135/><U11/><E11/><V120/><F15/><W34/><G48/><T2/><D2/><U24/><E33/><V70/><F70/><W77/><G91/><T92/><D92/><U87/><E87/><V45/><F86/><W84/><G18/><T69/><D126/><U28/><E125/><V89/><F127/><W78/><G78/><T9/><D9/><U113/><E113/><V132/><F76/><W73/><G85/><T124/><D31/><U121/><E121/><V49/><F75/><W62/><G73/><T103/><D103/><U23/><E100/><V7/><F74/><W43/><G62/><T30/><D30/><U40/><E104/><V117/><F117/><W63/><G63/><T112/><D112/><U94/><E28/><V90/><F120/><W79/><G29/><RYUUKYOKU ba="1,1" sc="388,0,112,0,260,0,230,0" /><INIT seed="7,2,1,5,3,102" ten="388,112,260,230" oya="3" hai0="39,119,3,91,2,99,4,31,66,26,125,80,15" hai1="124,13,114,135,12,110,50,54,128,25,96,72,78" hai2="42,75,19,130,112,36,120,71,105,100,20,27,63" hai3="83,87,84,90,58,51,76,134,88,92,41,40,106"/><W68/><G68/><T60/><D39/><U129/><E72/><V32/><F75/><W89/><G134/><T47/><D125/><U121/><E78/><V55/><F112/><W98/><G58/><T107/><D47/><U113/><E96/><V126/><F130/><N who="1" m="50281" /><E25/><V21/><F120/><W46/><REACH who="3" step="1"/><G41/><REACH who="3" ten="388,112,260,220" step="2"/><T34/><D119/><U82/><E135/><V18/><F42/><W23/><G23/><T64/><D34/><U67/><E121/><V48/><F32/><W57/><G57/><T104/><D3/><U14/><E67/><V127/><F127/><W116/><G116/><T61/><D2/><U38/><E124/><V56/><F126/><W44/><G44/><T0/><D0/><U45/><E38/><V123/><F123/><W109/><G109/><T115/><D66/><U6/><E110/><V117/><F117/><W132/><G132/><T30/><D64/><U69/><E69/><V29/><F36/><W131/><G131/><T43/><D43/><U22/><E22/><V93/><F21/><W101/><AGARI ba="2,2" hai="40,46,51,76,83,84,87,88,89,90,92,98,101,106" machi="101" ten="30,11700,0" yaku="1,1,0,1,52,1,54,1,53,0" doraHai="102" doraHaiUra="108" who="3" fromWho="3" sc="388,-41,112,-41,260,-41,220,143" owari="347,15.0,71,-43.0,219,-18.0,363,46.0" /></mjloggm>