<mjloggm ver="2.3"><GO type="41" lobby="0"/><UN n0="%E4%BA%80%E7%94%B0%E4%B8%80%E5%B3%B0" n1="%47%75%74%73" n2="%E2%93%9D%53%75%70%68%78" n3="%E3%81%B5%E3%81%8F%E3%82%8D%E3%81%86%31%30%39" dan="13,13,18,14" rate="1815.41,1889.34,2103.65,1879.55" sx="M,M,M,M"/><TAIKYOKU oya="0"/><INIT seed="0,0,0,0,5,24" ten="250,250,250,250" oya="0" hai0="110,54,40,36,119,125,94,49,135,62,3,78,114" hai1="16,48,118,74,61,79,101,68,8,30,15,109,83" hai2="57,50,121,70,134,105,88,111,67,96,25,71,43" hai3="90,126,106,107,5,84,87,59,76,32,39,29,91"/><T26/><D3/><U102/><E118/><V38/><F105/><W21/><G126/><T63/><D114/><U120/><E120/><V92/><F121/><W56/><G32/><T133/><D119/><U97/><E109/><V28/><F111/><W12/><G39/><T64/><D110/><U132/><E132/><N who="0" m="50761" /><D78/><U22/><E48/><V2/><F2/><W6/><G76/><T45/><D94/><U131/><E131/><V14/><F38/><W19/><G29/><T51/><D125/><U7/><E97/><V52/><F43/><W77/><G77/><T123/><D123/><U73/><E74/><V37/><F37/><W11/><G107/><T0/><D0/><U124/><E124/><V93/><F134/><W18/><G106/><T129/><D129/><U95/><E95/><V128/><F128/><W108/><G108/><T65/><D26/><U33/><E61/><N who="0" m="23049" /><D36/><U34/><E68/><V81/><F81/><N who="3" m="49423" /><G5/><T85/><D85/><U31/><E34/><V58/><F93/><N who="3" m="54527" /><G6/><T82/><D82/><U60/><E60/><V112/><F112/><W117/><G117/><T1/><D1/><N who="1" m="111" /><E31/><V99/><F71/><W9/><G9/><T127/><D127/><U80/><E83/><V46/><F70/><W116/><G116/><T72/><D72/><U66/><E66/><V23/><F67/><W10/><G10/><T53/><D40/><U55/><E55/><V100/><F14/><AGARI ba="0,0" hai="11,12,14,18,19,21,56,59" m="54527,49423" machi="14" ten="30,1000,0" yaku="8,1" doraHai="24" who="3" fromWho="2" sc="250,0,250,0,250,-10,250,10" /><INIT seed="1,0,0,5,3,60" ten="250,250,240,260" oya="1" hai0="3,7,113,21,63,65,16,101,49,19,77,119,124" hai1="92,33,127,96,85,52,35,67,23,51,13,134,57" hai2="129,54,133,78,100,81,116,121,4,1,107,0,32" hai3="72,27,131,12,6,68,25,102,112,17,84,43,94"/><U95/><E134/><V45/><F116/><W22/><G112/><T5/><D113/><U74/><E74/><V39/><F54/><W120/><G120/><T103/><D119/><U89/><E127/><V50/><F50/><W30/><G131/><T90/><D77/><U69/><E69/><V64/><F121/><W24/><G72/><T46/><D124/><U59/><E13/><V44/><F44/><W83/><G68/><T91/><D3/><U130/><E130/><V117/><F32/><W86/><G43/><T80/><D80/><U14/><E59/><V58/><F133/><W47/><G47/><T18/><D21/><U71/><E71/><V109/><F109/><W15/><G15/><T106/><D106/><U34/><E67/><V108/><F108/><W56/><G56/><N who="0" m="37095" /><D90/><U125/><E125/><V61/><F129/><W26/><G6/><N who="0" m="2059" /><D91/><U31/><E31/><V29/><F29/><W97/><REACH who="3" step="1"/><G83/><REACH who="3" ten="250,250,240,250" step="2"/><T135/><D135/><U48/><E14/><V66/><F117/><W9/><AGARI ba="0,1" hai="9,12,17,22,24,25,26,27,30,84,86,94,97,102" machi="9" ten="30,8000,1" yaku="1,1,2,1,0,1,8,1,53,1" doraHai="60" doraHaiUra="10" who="3" fromWho="3" sc="250,-20,250,-40,240,-20,250,90" /><INIT seed="2,0,0,5,2,12" ten="230,210,220,340" oya="2" hai0="40,111,123,19,10,11,102,75,64,91,50,108,55" hai1="23,88,83,46,57,92,53,78,7,18,58,17,35" hai2="132,56,128,71,72,125,80,135,38,66,34,73,4" hai3="94,20,15,47,93,101,3,126,115,121,99,59,65"/><V28/><F56/><W68/><G121/><T41/><D123/><U96/><E35/><V60/><F125/><W45/><G68/><T120/><D120/><U106/><E106/><V2/><F128/><W98/><G3/><T110/><D75/><U114/><E114/><V84/><F84/><W54/><G126/><T9/><D64/><U0/><E7/><V76/><F73/><W6/><G115/><T63/><D63/><U130/><E0/><V127/><F127/><W133/><G133/><T51/><D102/><U27/><E130/><V79/><F79/><W97/><G65/><T104/><D104/><U16/><E46/><V85/><F85/><W42/><G99/><T109/><D91/><U22/><E22/><V21/><F21/><W52/><G54/><T122/><D122/><U1/><E1/><V61/><F61/><W29/><G42/><T32/><D32/><U24/><E24/><N who="2" m="18695" /><F38/><W33/><G33/><T31/><D31/><U39/><E39/><V82/><F82/><W86/><G86/><T116/><D116/><U14/><E14/><V100/><F100/><N who="3" m="60463" /><G6/><T90/><D90/><U113/><E113/><V36/><F36/><W49/><G29/><T69/><D69/><U44/><E44/><V107/><F107/><W37/><G37/><T48/><D55/><U118/><E118/><V30/><F30/><W43/><G43/><N who="0" m="16459" /><D111/><U8/><E8/><AGARI ba="0,0" hai="2,4,8,60,66,71,72,76,80,132,135" m="18695" machi="8" ten="30,1500,0" yaku="23,1" doraHai="12" who="2" fromWho="1" sc="230,0,210,-15,220,15,340,0" /><INIT seed="2,1,0,1,3,115" ten="230,195,235,340" oya="2" hai0="64,100,121,62,77,23,0,14,73,101,128,16,5" hai1="39,21,46,90,96,80,111,27,35,68,29,67,93" hai2="98,11,13,43,37,113,72,71,40,15,33,22,118" hai3="25,19,4,85,44,92,66,116,125,70,75,94,54"/><V123/><F113/><W129/><G129/><T52/><D128/><U126/><E111/><V26/><F72/><W120/><G120/><T127/><D121/><U130/><E130/><V38/><F123/><W6/><G75/><T48/><D127/><U117/><E117/><V107/><F33/><W28/><G125/><T30/><D73/><U108/><E108/><V36/><F71/><W47/><G116/><T91/><D77/><U31/><E126/><V20/><F118/><W2/><G19/><T49/><D49/><U69/><E67/><V24/><F98/><W55/><G70/><T84/><D30/><U109/><E109/><V76/><F76/><W12/><G66/><T56/><D5/><U122/><E122/><V105/><REACH who="2" step="1"/><F38/><REACH who="2" ten="230,195,225,340" step="2"/><W17/><G2/><T42/><D42/><U99/><E69/><V102/><F102/><W74/><G74/><T131/><D131/><U87/><E68/><V103/><F103/><W79/><G79/><T112/><D112/><U63/><E39/><V81/><F81/><W132/><G85/><T50/><D0/><U133/><E80/><V58/><F58/><W119/><G119/><T61/><D101/><U41/><E35/><V8/><AGARI ba="1,1" hai="8,11,13,15,20,22,24,26,36,37,40,43,105,107" machi="8" ten="25,9600,0" yaku="1,1,0,1,22,2,53,0" doraHai="115" doraHaiUra="51" who="2" fromWho="2" sc="230,-33,195,-33,225,109,340,-33" /><INIT seed="2,2,0,5,1,14" ten="197,162,334,307" oya="2" hai0="63,133,61,29,120,20,128,26,71,28,103,123,10" hai1="93,57,62,17,1,127,66,44,116,100,91,115,5" hai2="24,82,132,9,122,83,112,50,126,48,18,73,77" hai3="124,75,15,6,96,36,25,111,90,16,49,108,53"/><V41/><F122/><W65/><G36/><T21/><D128/><U23/><E116/><V104/><F112/><W113/><G75/><T13/><D133/><U97/><E115/><V2/><F104/><W98/><G113/><T70/><D103/><U134/><E134/><V19/><F126/><W80/><G124/><T81/><D81/><U92/><E127/><V101/><F101/><W31/><G6/><T84/><D84/><U117/><E117/><V102/><F102/><W39/><G65/><T106/><D106/><U129/><E129/><V37/><F24/><W79/><G39/><T12/><D26/><U35/><E35/><V52/><F50/><W34/><G90/><T118/><REACH who="0" step="1"/><D10/><REACH who="0" ten="187,162,334,307" step="2"/><U78/><E78/><V55/><F83/><W38/><G111/><T86/><D86/><U33/><E100/><V109/><F109/><W107/><G108/><T135/><D135/><U51/><E93/><V27/><F27/><W4/><G107/><T110/><D110/><U60/><E92/><V42/><F132/><W94/><G80/><T69/><D69/><U7/><E97/><V58/><F9/><W11/><G79/><T121/><D121/><U68/><E91/><V30/><F82/><W87/><G87/><T64/><D64/><U47/><E68/><V72/><F77/><W56/><G94/><T3/><D3/><U95/><E1/><V8/><F2/><N who="3" m="407" /><G38/><T119/><AGARI ba="2,1" hai="12,13,20,21,28,29,61,63,70,71,118,119,120,123" machi="119" ten="25,6400,0" yaku="1,1,0,1,22,2,53,0" doraHai="14" doraHaiUra="46" who="0" fromWho="0" sc="187,80,162,-18,334,-34,307,-18" /><INIT seed="3,0,0,4,4,130" ten="267,144,300,289" oya="3" hai0="8,42,37,114,116,100,12,86,90,17,63,73,121" hai1="67,106,27,77,119,93,58,1,81,133,112,111,52" hai2="132,108,28,69,0,47,54,35,124,16,68,14,23" hai3="50,41,79,19,4,33,9,48,72,66,43,87,65"/><W20/><G33/><T46/><D116/><U110/><E106/><V7/><F108/><N who="1" m="41513" /><E119/><V101/><F101/><W51/><G72/><T39/><D121/><U6/><E112/><V103/><F103/><W126/><G126/><T135/><D114/><U61/><E27/><N who="2" m="18847" /><F132/><W128/><G128/><T59/><D37/><U74/><E93/><V25/><F25/><W113/><G113/><T26/><D73/><U49/><E6/><V134/><F134/><W118/><G118/><T129/><D129/><U64/><E1/><V94/><F94/><W105/><G105/><T15/><D100/><U89/><E133/><V98/><F98/><W120/><G120/><T5/><D135/><U88/><E67/><N who="3" m="25610" /><G9/><T36/><D36/><U56/><AGARI ba="0,0" hai="49,52,56,58,61,64,74,77,81,88,89" m="41513" machi="56" ten="30,4000,0" yaku="14,1,54,2" doraHai="130" who="1" fromWho="1" sc="267,-10,144,40,300,-10,289,-20" /><INIT seed="4,0,0,5,1,60" ten="257,184,290,269" oya="0" hai0="1,113,55,10,3,12,29,90,25,87,68,81,128" hai1="17,22,135,48,34,124,27,75,7,101,77,57,73" hai2="33,83,127,111,56,52,112,129,66,103,45,13,133" hai3="32,82,105,76,0,126,80,86,123,40,26,118,64"/><T108/><D128/><U131/><E135/><V59/><F33/><W110/><G110/><T38/><D38/><U107/><E131/><V109/><F103/><W65/><G123/><T97/><D108/><U122/><E122/><V43/><F83/><W121/><G121/><T93/><D113/><U115/><E124/><V130/><F13/><W79/><G126/><T19/><D55/><U114/><E34/><V67/><F127/><W61/><G118/><T30/><D68/><U58/><E77/><V94/><F94/><W47/><G105/><T120/><D120/><U5/><E101/><V92/><F92/><W119/><G119/><T28/><REACH who="0" step="1"/><D25/><REACH who="0" ten="247,184,290,269" step="2"/><U96/><E115/><V9/><F112/><W11/><G26/><T78/><AGARI ba="0,1" hai="1,3,10,12,19,28,29,30,78,81,87,90,93,97" machi="78" ten="30,6000,0" yaku="1,1,2,1,0,1,53,0" doraHai="60" doraHaiUra="20" who="0" fromWho="0" sc="247,70,184,-20,290,-20,269,-20" /><INIT seed="4,1,0,2,4,45" ten="317,164,270,249" oya="0" hai0="38,20,33,11,69,135,131,17,3,34,46,129,12" hai1="80,30,114,49,124,133,37,104,56,86,120,2,125" hai2="36,82,95,106,14,91,81,26,130,115,19,25,5" hai3="0,50,1,31,60,93,88,64,83,87,102,116,8"/><T134/><D69/><U21/><E37/><V63/><F36/><W44/><G116/><T94/><D38/><U112/><E104/><V127/><F106/><W27/><G102/><T15/><D94/><U13/><E2/><V85/><F130/><N who="0" m="49674" /><D46/><U111/><E120/><V43/><F115/><N who="1" m="44073" /><E111/><V67/><F5/><W101/><G101/><T24/><D3/><U4/><E133/><N who="0" m="50697" /><D15/><U98/><E98/><V75/><F14/><W65/><G65/><T6/><AGARI ba="1,0" hai="6,11,12,17,20,24,33,34" m="50697,49674" machi="6" ten="30,11700,0" yaku="19,1,20,1,34,2" doraHai="45" who="0" fromWho="0" sc="317,120,164,-40,270,-40,249,-40" /><INIT seed="4,2,0,3,2,0" ten="437,124,230,209" oya="0" hai0="98,22,10,44,6,35,36,115,71,107,30,82,55" hai1="124,127,14,49,74,31,8,94,87,3,109,92,78" hai2="11,41,95,104,121,73,60,89,110,62,133,50,131" hai3="37,65,16,118,29,69,2,20,72,134,54,58,9"/><T81/><D71/><U88/><E109/><V126/><F104/><W67/><G118/><T12/><D35/><U103/><E3/><V5/><F73/><W119/><G119/><T25/><D115/><U106/><E31/><V59/><F131/><W105/><G134/><T33/><D36/><U130/><E94/><V39/><F126/><N who="1" m="48169" /><E130/><V4/><F121/><W46/><G105/><T70/><D70/><U84/><E49/><V108/><F39/><W111/><G111/><T48/><D107/><U52/><E52/><V101/><F101/><W113/><G113/><T7/><D7/><N who="2" m="2634" /><F133/><W27/><G72/><T93/><REACH who="0" step="1"/><D33/><REACH who="0" ten="427,124,230,209" step="2"/><U91/><E106/><V123/><F110/><W114/><G69/><T57/><D57/><U1/><E1/><V28/><F59/><W77/><G114/><T85/><D85/><U75/><E87/><V68/><F68/><W66/><G58/><T83/><D83/><U132/><E84/><V122/><F108/><W21/><G77/><T47/><D47/><U53/><E78/><V129/><F129/><W79/><G79/><T116/><D116/><U40/><E132/><V128/><F128/><W19/><G37/><T17/><D17/><U24/><E75/><V13/><F123/><W102/><G46/><T61/><D61/><U86/><E74/><V100/><F62/><W56/><G19/><T97/><D97/><U38/><E38/><V120/><F120/><W64/><G16/><T135/><D135/><U125/><E125/><V80/><F60/><W99/><N who="3" m="16384" /><DORA hai="15" /><W112/><G99/><T26/><D26/><U117/><E24/><RYUUKYOKU ba="2,1" sc="427,30,124,-10,230,-10,209,-10" hai0="6,10,12,22,25,30,44,48,55,81,82,93,98" /><INIT seed="4,3,1,4,3,15" ten="457,114,220,199" oya="0" hai0="112,95,66,60,75,33,100,24,119,27,4,2,28" hai1="19,127,61,110,37,79,84,135,47,70,46,26,80" hai2="7,83,16,14,56,76,91,0,67,22,44,97,52" hai3="120,69,32,6,20,114,39,71,116,128,5,124,31"/><T131/><D75/><U58/><E110/><V78/><F0/><W121/><G116/><T36/><D36/><U62/><E135/><V115/><F115/><W105/><G114/><T41/><D112/><U92/><E127/><V63/><F7/><W132/><G132/><T101/><D119/><U81/><E37/><V13/><F13/><W42/><G128/><T65/><D131/><U90/><E70/><V23/><F23/><W30/><G32/><T88/><D41/><U111/><E111/><V59/><F44/><W106/><G39/><T43/><D43/><U1/><E1/><V45/><F45/><W35/><G35/><T134/><D134/><U129/><E81/><V64/><F64/><W107/><G124/><T125/><D66/><U96/><E62/><N who="2" m="36103" /><F83/><W104/><N who="3" m="26624" /><DORA hai="11" /><W89/><G121/><T17/><D2/><U29/><E129/><V73/><F73/><W53/><G120/><T34/><D4/><U109/><E109/><V21/><F21/><W103/><G103/><T123/><D123/><U12/><E29/><V117/><F117/><W38/><G38/><T102/><D125/><U98/><E26/><V126/><F126/><W18/><G89/><T122/><D122/><U77/><E77/><V82/><F82/><W40/><G71/><T74/><D74/><U118/><E118/><V51/><F51/><W3/><G3/><T99/><D102/><U55/><E98/><V87/><F87/><W68/><G5/><T108/><D34/><U130/><E130/><V10/><F22/><AGARI ba="3,1" hai="12,19,22,46,47,55,58,61,79,80,84,90,92,96" machi="22" ten="30,7700,0" yaku="7,1,8,1,52,2" doraHai="15,11" who="1" fromWho="2" sc="457,0,114,96,220,-86,199,0" /><INIT seed="5,0,0,5,2,33" ten="457,210,134,199" oya="1" hai0="22,1,55,19,58,9,115,57,109,127,18,64,80" hai1="76,61,90,116,114,29,36,49,93,117,113,118,106" hai2="10,128,69,31,87,68,112,28,130,97,21,71,50" hai3="108,4,34,121,119,8,48,111,125,131,23,89,105"/><U126/><E106/><V67/><F67/><W102/><G119/><T51/><D109/><U39/><E126/><V20/><F97/><W30/><G131/><N who="2" m="50217" /><F50/><W13/><G125/><T98/><D127/><U63/><E76/><V73/><F87/><W94/><G121/><T32/><D32/><U107/><E29/><N who="2" m="11339" /><F10/><W35/><G48/><T124/><D115/><N who="1" m="44043" /><E107/><V134/><F112/><W5/><G5/><T82/><D124/><U15/><E15/><V2/><F73/><W6/><G6/><T14/><D98/><N who="1" m="57655" /><E49/><V52/><F134/><W37/><G37/><AGARI ba="0,0" hai="36,37,39,61,63,116,117,118" m="57655,44043" machi="37" ten="40,2000,0" yaku="15,1" doraHai="33" who="1" fromWho="3" sc="457,0,210,20,134,0,199,-20" /><INIT seed="5,1,0,2,3,6" ten="457,230,134,179" oya="1" hai0="79,31,37,25,93,116,62,100,103,88,48,128,109" hai1="89,27,78,117,20,1,50,126,21,29,114,105,30" hai2="74,131,3,28,49,64,11,42,97,80,94,111,99" hai3="92,69,66,108,77,125,73,110,22,26,124,56,4"/><U118/><E105/><V45/><F111/><W36/><G36/><T43/><D109/><U10/><E114/><V65/><F131/><W67/><G69/><T76/><D37/><U134/><E134/><V81/><F28/><W90/><G77/><T39/><D128/><U9/><E1/><V135/><F99/><W72/><G4/><T46/><D39/><U52/><E126/><V44/><F135/><W2/><G2/><T82/><D116/><U15/><E78/><V104/><F104/><W14/><G14/><T7/><D76/><U33/><E118/><V83/><F74/><W23/><G92/><T38/><D38/><U51/><E117/><V107/><F107/><W41/><G41/><T123/><D62/><U98/><E51/><V132/><F45/><W122/><G122/><T91/><D91/><U63/><E63/><V96/><F96/><W68/><G68/><T70/><D70/><U59/><E33/><V106/><F106/><W127/><G90/><T61/><D61/><U86/><E98/><V102/><REACH who="2" step="1"/><F132/><REACH who="2" ten="457,230,124,179" step="2"/><W34/><G110/><T57/><D46/><U47/><E47/><V84/><F84/><W113/><G108/><T0/><D31/><U18/><REACH who="1" step="1"/><E30/><REACH who="1" ten="457,220,124,179" step="2"/><V133/><F133/><W115/><G127/><T13/><D79/><U58/><E58/><V53/><F53/><W8/><G56/><T101/><D57/><U32/><E32/><V5/><AGARI ba="1,2" hai="3,5,11,42,44,49,64,65,80,81,83,94,97,102" machi="5" ten="30,4000,0" yaku="1,1,0,1,52,1,53,0" doraHai="6" doraHaiUra="17" who="2" fromWho="2" sc="457,-11,220,-21,124,63,179,-11" /><INIT seed="6,0,0,3,4,25" ten="446,199,187,168" oya="2" hai0="134,128,27,29,46,20,36,76,115,74,18,39,10" hai1="117,75,72,97,42,7,16,1,67,79,85,119,56" hai2="87,55,120,113,60,26,89,110,135,100,121,11,6" hai3="116,118,44,62,122,127,53,63,57,59,105,77,83"/><V66/><F113/><W45/><G122/><T23/><D115/><U21/><E42/><V14/><F135/><W80/><G105/><T73/><D134/><U132/><E132/><V41/><F110/><W15/><G15/><T70/><D70/><U28/><E7/><V123/><F41/><W4/><G4/><T22/><D46/><U88/><E1/><V129/><F100/><W43/><G127/><T50/><D50/><U99/><E75/><V65/><F129/><W69/><G69/><T108/><D108/><U125/><E79/><V49/><F26/><W104/><G104/><T17/><D76/><U102/><E72/><V58/><REACH who="2" step="1"/><F60/><REACH who="2" ten="446,199,177,168" step="2"/><W3/><G43/><T92/><D27/><N who="1" m="16495" /><E119/><V98/><F98/><W84/><G3/><T47/><D128/><U35/><E117/><V112/><F112/><W78/><G118/><T90/><D36/><U107/><E99/><V19/><F19/><W95/><G116/><T96/><D17/><U5/><E16/><V68/><F68/><W12/><G12/><T114/><D18/><U126/><E126/><V13/><F13/><W34/><G34/><T71/><D39/><U106/><E35/><V33/><F33/><W103/><G103/><T31/><D114/><U93/><E125/><V131/><F131/><W61/><G61/><T9/><D71/><U52/><E107/><V32/><F32/><W124/><G124/><T54/><D96/><U2/><E2/><V51/><F51/><W109/><G109/><T91/><D73/><U101/><E101/><V130/><F130/><W48/><G48/><N who="0" m="28959" /><D74/><U0/><E97/><RYUUKYOKU ba="0,1" sc="446,-10,199,-10,177,30,168,-10" hai2="6,11,14,49,55,58,65,66,87,89,120,121,123" /><INIT seed="6,1,1,4,2,107" ten="436,189,207,158" oya="2" hai0="49,65,120,1,56,62,44,20,80,11,76,47,33" hai1="36,26,106,98,46,53,38,40,110,30,113,88,16" hai2="75,100,31,58,55,48,83,71,122,112,89,34,8" hai3="51,39,105,63,73,59,114,84,87,21,108,67,29"/><V79/><F122/><W77/><G108/><T86/><D120/><U45/><E110/><V57/><F71/><W19/><G114/><T125/><D33/><U42/><E113/><V131/><F112/><W117/><G117/><T116/><D116/><U85/><E53/><V3/><F100/><W72/><G39/><T118/><D118/><U61/><E61/><V104/><F104/><W101/><G29/><T130/><D125/><U109/><E109/><V123/><F131/><W134/><G134/><T132/><D132/><U18/><E98/><V96/><F123/><W10/><G10/><T92/><D130/><U128/><E106/><V12/><F3/><W69/><G105/><T22/><D44/><U124/><E128/><V60/><F31/><W99/><G72/><T9/><D92/><U121/><E121/><V15/><F34/><W115/><G115/><T37/><D37/><U119/><E124/><V90/><F96/><W7/><G7/><T25/><D1/><U135/><E135/><V111/><F15/><W102/><G102/><T28/><D20/><U97/><E97/><V14/><F14/><W82/><G51/><T23/><D22/><U127/><E127/><V5/><REACH who="2" step="1"/><F111/><REACH who="2" ten="436,189,197,158" step="2"/><W35/><G35/><T66/><D66/><AGARI ba="1,2" hai="5,8,12,48,55,57,58,60,66,75,79,83,89,90" machi="66" ten="30,11600,0" yaku="1,1,2,1,7,1,52,1,53,0" doraHai="107" doraHaiUra="126" who="2" fromWho="0" sc="436,-119,189,0,197,139,158,0" /><INIT seed="6,2,0,4,2,54" ten="317,189,336,158" oya="2" hai0="21,81,95,58,48,10,55,15,38,46,49,117,6" hai1="36,89,67,76,115,18,87,42,128,131,104,64,56" hai2="17,130,60,99,107,105,16,40,126,45,78,14,69" hai3="129,71,110,61,52,27,53,119,91,50,11,112,41"/><V3/><F3/><W103/><G119/><T34/><D117/><U86/><E104/><V63/><F78/><W30/><G103/><T68/><D34/><U133/><E115/><V80/><F80/><W118/><G118/><T97/><D68/><U114/><E114/><V66/><F126/><W77/><G112/><T12/><D38/><U32/><E32/><V122/><F130/><N who="1" m="49705" /><E133/><V96/><F122/><W19/><G77/><T72/><D72/><U22/><E42/><V79/><F79/><W31/><G129/><T1/><D81/><N who="1" m="47399" /><E36/><V37/><F107/><W20/><G41/><T75/><D75/><U94/><E56/><V132/><F132/><W116/><G116/><T113/><D113/><U134/><E134/><V92/><F105/><W4/><G110/><T26/><D48/><U23/><E23/><V62/><F99/><W98/><G98/><T0/><D46/><U109/><E109/><V24/><F69/><W101/><G101/><T100/><REACH who="0" step="1"/><D0/><REACH who="0" ten="307,189,336,158" step="2"/><U59/><E59/><V33/><F45/><W85/><G71/><T88/><D88/><U13/><AGARI ba="2,1" hai="13,18,22,64,67,87,89,94" m="47399,49705" machi="13" ten="30,1100,0" yaku="19,1" doraHai="54" who="1" fromWho="1" sc="307,-5,189,27,336,-7,158,-5" /><INIT seed="7,0,0,3,1,84" ten="302,216,329,153" oya="3" hai0="1,4,94,87,39,131,16,121,99,110,64,122,9" hai1="0,31,103,85,17,23,40,14,21,32,102,75,5" hai2="57,24,34,109,13,79,98,73,97,83,69,74,93" hai3="117,105,133,22,25,86,2,42,128,120,19,53,33"/><W68/><G117/><T132/><D110/><U37/><E75/><V88/><F69/><W28/><G68/><T20/><D39/><U91/><E40/><V7/><F109/><W108/><G120/><T77/><D64/><U125/><E37/><V130/><F130/><W63/><G108/><T107/><D131/><U61/><E125/><V118/><F118/><W11/><G128/><T15/><D107/><U101/><E61/><V90/><F74/><W50/><G105/><T135/><D77/><U76/><E76/><V38/><F38/><W111/><G111/><T126/><D87/><U55/><E55/><V12/><F7/><W82/><G133/><N who="0" m="51275" /><D126/><U119/><E119/><V66/><F66/><W51/><G42/><T123/><D123/><U6/><E32/><V72/><F72/><W134/><G134/><T3/><D3/><U30/><E0/><V112/><F34/><W124/><G124/><T8/><D8/><U49/><E49/><V104/><F104/><W129/><G129/><T114/><D114/><U44/><E44/><V41/><F112/><W58/><G2/><T89/><AGARI ba="0,0" hai="1,4,9,15,16,20,89,94,99,121,122" m="51275" machi="89" ten="30,4000,0" yaku="20,1,52,1,54,1" doraHai="84" who="0" fromWho="0" sc="302,40,216,-10,329,-10,153,-20" owari="342,44.0,206,-19.0,319,12.0,133,-37.0" /></mjloggm>