<mjloggm ver="2.3"><GO type="41" lobby="0"/><UN n0="%6F%6B%61%73%69%34%31" n1="%61%79%61%6B%61%69" n2="%E3%82%A6%E3%83%8A%E3%82%AE%E3%83%8D%E3%82%B3" n3="%E2%93%9D%53%75%70%68%78" dan="15,14,14,18" rate="1996.72,1907.32,1961.19,2033.27" sx="M,M,M,M"/><TAIKYOKU oya="0"/><INIT seed="0,0,0,1,5,73" ten="250,250,250,250" oya="0" hai0="38,133,68,101,116,80,18,45,5,29,79,85,96" hai1="16,7,10,13,59,46,75,122,128,26,78,114,56" hai2="8,102,118,2,86,69,49,66,25,84,108,27,117" hai3="131,43,94,93,51,115,67,64,103,113,100,62,121"/><T98/><D116/><N who="2" m="44650" /><F102/><W22/><G131/><T36/><D68/><U17/><E122/><V125/><F49/><W39/><G22/><T104/><D133/><U3/><E114/><V109/><F125/><W47/><G94/><T23/><D29/><U33/><E128/><V48/><F48/><W74/><G93/><T105/><D5/><U81/><E46/><V89/><F8/><W99/><G74/><T21/><D21/><U55/><E55/><V107/><F107/><W19/><G103/><T15/><D105/><U119/><E119/><V40/><F40/><W88/><G100/><T112/><D112/><U95/><E95/><N who="2" m="54695" /><F2/><W41/><G41/><T111/><D111/><N who="2" m="42570" /><F86/><W92/><G115/><T28/><D96/><U87/><E75/><V72/><F72/><W24/><G113/><T127/><D127/><U6/><E6/><V83/><F83/><W63/><G99/><T97/><D97/><U124/><E124/><V1/><F1/><W30/><G92/><T32/><REACH who="0" step="1"/><D45/><REACH who="0" ten="240,250,250,250" step="2"/><U77/><E33/><V82/><F69/><W37/><G47/><T11/><D11/><U54/><E59/><V70/><F70/><W4/><G4/><T126/><D126/><U76/><E26/><AGARI ba="0,1" hai="15,18,23,26,28,32,36,38,79,80,85,98,101,104" machi="26" ten="40,3900,0" yaku="1,1,52,1,53,0" doraHai="73" doraHaiUra="42" who="0" fromWho="1" sc="240,49,250,-39,250,0,250,0" /><INIT seed="0,1,0,3,1,19" ten="289,211,250,250" oya="0" hai0="103,83,75,13,55,98,106,96,133,76,102,104,86" hai1="91,12,50,43,121,84,6,124,7,130,25,36,8" hai2="38,68,44,26,14,10,57,81,116,70,101,65,21" hai3="128,72,125,22,100,135,61,127,120,49,17,33,40"/><T118/><D118/><U87/><E121/><V62/><F116/><W115/><G115/><T0/><D0/><U5/><E124/><N who="3" m="47690" /><G33/><T37/><D37/><U99/><E36/><V112/><F112/><W34/><G34/><T73/><D133/><U39/><E39/><V58/><F58/><W126/><G72/><N who="0" m="27723" /><D13/><U109/><E109/><V107/><F81/><W53/><G128/><T132/><D55/><U122/><E122/><V54/><F101/><N who="0" m="38410" /><D132/><U28/><E130/><V95/><F107/><AGARI ba="1,0" hai="76,83,86,96,98,104,106,107" m="38410,27723" machi="107" ten="30,12000,1" yaku="35,5" doraHai="19" who="0" fromWho="2" sc="289,123,211,0,250,-123,250,0" /><INIT seed="0,2,0,2,4,50" ten="412,211,127,250" oya="0" hai0="117,112,114,72,128,78,40,96,86,6,8,102,92" hai1="11,63,39,70,55,48,132,59,41,33,62,51,29" hai2="119,77,31,135,125,110,34,99,38,37,26,81,115" hai3="4,90,69,85,12,134,122,58,97,93,105,67,25"/><T20/><D117/><U73/><E73/><V45/><F119/><W83/><G69/><T80/><D128/><U47/><E11/><V23/><F115/><W7/><G134/><T68/><D68/><U36/><E29/><V116/><F110/><W60/><G105/><T104/><D40/><U121/><E33/><V56/><F135/><W113/><G122/><T79/><D20/><U14/><E14/><V103/><F125/><W28/><G12/><T64/><D64/><N who="1" m="41247" /><E121/><V131/><F131/><W21/><REACH who="3" step="1"/><G113/><REACH who="3" ten="412,211,127,240" step="2"/><T94/><D6/><U16/><E132/><V10/><F116/><W49/><G49/><T126/><D126/><U74/><E74/><V65/><F38/><N who="1" m="14377" /><E16/><V2/><F37/><AGARI ba="2,1" hai="37,41,47,48,51,55,59,62" m="14377,41247" machi="37" ten="30,12000,2" yaku="35,5,52,1" doraHai="50" who="1" fromWho="2" sc="412,0,211,136,127,-126,240,0" /><INIT seed="1,0,0,0,5,13" ten="412,347,1,240" oya="1" hai0="12,48,91,101,72,130,89,30,97,56,1,11,84" hai1="60,39,14,125,24,121,93,134,37,18,81,111,73" hai2="63,28,20,80,51,126,116,69,3,122,124,50,62" hai3="45,86,100,43,42,131,33,106,32,123,103,114,5"/><U135/><E121/><V41/><F3/><W82/><G123/><T26/><D1/><U23/><E111/><V46/><F116/><W99/><G114/><T102/><D72/><U92/><E125/><N who="2" m="48235" /><F122/><W57/><G131/><T107/><D130/><U129/><E129/><V29/><F80/><W77/><G43/><T7/><D102/><U105/><E105/><V25/><F69/><W117/><G103/><T35/><D84/><U127/><E127/><V118/><F118/><W19/><G5/><T95/><D107/><U34/><E60/><N who="2" m="23083" /><F28/><W76/><G76/><T133/><D133/><N who="1" m="50699" /><E39/><AGARI ba="0,0" hai="20,25,29,39,41,46,50,51" m="23083,48235" machi="39" ten="30,1000,0" yaku="18,1" doraHai="13" who="2" fromWho="1" sc="412,0,347,-10,1,10,240,0" /><INIT seed="2,0,0,0,0,13" ten="412,337,11,240" oya="2" hai0="121,106,80,8,32,88,120,70,126,122,6,64,4" hai1="94,108,82,44,54,125,71,22,56,16,46,129,103" hai2="72,25,111,86,79,73,113,55,102,65,68,28,24" hai3="112,78,99,21,130,69,60,45,15,100,63,67,131"/><V81/><F113/><W61/><G78/><T36/><D106/><U11/><E71/><V3/><F3/><W42/><G112/><T2/><D36/><U84/><E108/><V31/><F102/><W29/><G29/><T53/><D126/><U77/><E125/><V105/><F105/><W123/><G21/><T5/><D32/><U40/><E129/><N who="3" m="49162" /><G15/><T66/><D53/><U132/><E132/><V98/><F98/><W9/><G9/><T128/><D128/><U74/><E11/><V19/><F111/><W85/><G85/><T58/><D70/><U118/><E118/><V83/><F72/><W97/><G97/><T134/><D134/><U38/><E44/><V133/><F133/><W12/><G12/><T93/><D80/><U91/><E103/><V119/><F119/><W101/><G101/><T124/><D124/><U43/><E43/><V87/><F73/><W1/><G1/><T49/><D49/><U33/><E33/><V26/><F68/><W135/><G123/><T17/><D2/><U27/><E56/><V37/><F65/><W10/><G10/><T115/><D58/><U0/><E0/><V62/><F37/><N who="3" m="21711" /><G135/><T48/><D115/><U41/><E41/><V52/><F62/><W47/><G47/><T95/><D95/><AGARI ba="0,0" hai="60,61,63,67,69,95,99,100" m="21711,49162" machi="95" ten="30,1000,0" yaku="19,1" doraHai="13" who="3" fromWho="0" sc="412,-10,337,0,11,0,240,10" /><INIT seed="3,0,0,3,3,19" ten="402,337,11,250" oya="3" hai0="100,28,7,39,106,80,59,123,55,81,27,8,29" hai1="15,61,47,78,71,121,98,53,88,132,103,105,33" hai2="43,115,54,20,40,18,9,133,85,134,91,22,37" hai3="79,77,99,110,3,52,32,46,23,89,49,125,58"/><W72/><G32/><T74/><D123/><U122/><E132/><N who="2" m="50795" /><F115/><W70/><G70/><T66/><D39/><U38/><E33/><V30/><F54/><W111/><G3/><T73/><D66/><U4/><E78/><V83/><F37/><W21/><G125/><T36/><D36/><U35/><E35/><V82/><F82/><W42/><G89/><T130/><D130/><U118/><E118/><V119/><F119/><W117/><G99/><T65/><D65/><U95/><E71/><V92/><F83/><N who="3" m="45479" /><G79/><T126/><D126/><U104/><E104/><V57/><F57/><W93/><G93/><T26/><D106/><U13/><E61/><V12/><F30/><W64/><G64/><T41/><D100/><U101/><E101/><V56/><F56/><W76/><G76/><T129/><D41/><AGARI ba="0,0" hai="9,12,18,20,22,40,41,43,85,91,92" m="50795" machi="41" ten="30,3900,0" yaku="20,1,52,2" doraHai="19" who="2" fromWho="0" sc="402,-39,337,0,11,39,250,0" /><INIT seed="4,0,0,1,4,34" ten="363,337,50,250" oya="0" hai0="68,42,116,27,32,72,59,102,108,36,82,6,79" hai1="78,65,55,39,89,74,67,87,86,8,9,11,28" hai2="25,41,77,95,71,54,91,80,37,92,62,124,120" hai3="4,125,52,97,46,100,33,22,96,44,60,26,107"/><T135/><D116/><U18/><E39/><V35/><F120/><W76/><G125/><T53/><D108/><U90/><E74/><V31/><F124/><W19/><G33/><T121/><D121/><U110/><E110/><V64/><F92/><W104/><G76/><T16/><D135/><U50/><E78/><V66/><F66/><W126/><G126/><T132/><D68/><U2/><E2/><V98/><F54/><W47/><G4/><T94/><D132/><U99/><E99/><V21/><F41/><W88/><G107/><T7/><D36/><U3/><E3/><V24/><F24/><W83/><G104/><T73/><D42/><U15/><E28/><V81/><F81/><W114/><G114/><T134/><D134/><U10/><E86/><V5/><F5/><W128/><G128/><T63/><D73/><U30/><E30/><V123/><F123/><W12/><G100/><T111/><D111/><U70/><E70/><V119/><F119/><W130/><G12/><T127/><D127/><U109/><E109/><V61/><F61/><W48/><G60/><T13/><D32/><U112/><E112/><V38/><REACH who="2" step="1"/><F35/><REACH who="2" ten="363,337,40,250" step="2"/><W20/><G130/><T23/><REACH who="0" step="1"/><D27/><REACH who="0" ten="353,337,40,250" step="2"/><U131/><E131/><V0/><F0/><W51/><G26/><T93/><D93/><N who="1" m="54463" /><E90/><V56/><F56/><AGARI ba="0,2" hai="8,9,10,11,15,18,50,55,56,65,67" m="54463" machi="56" ten="30,1000,0" yaku="8,1" doraHai="34" who="1" fromWho="2" sc="353,0,337,30,40,-10,250,0" /><INIT seed="5,0,0,0,0,46" ten="353,367,30,250" oya="1" hai0="72,69,81,123,5,73,113,94,96,78,44,92,57" hai1="74,130,67,16,100,88,103,60,91,128,102,75,90" hai2="34,132,127,29,99,79,13,48,23,14,7,125,118" hai3="12,70,21,126,111,68,89,56,62,86,4,27,36"/><U87/><E87/><V45/><F118/><W25/><G111/><T116/><D69/><U1/><E1/><V17/><F132/><W15/><G36/><T77/><D116/><U6/><E6/><V131/><F131/><N who="1" m="50217" /><E16/><V38/><F38/><W53/><G126/><T9/><D123/><U80/><E80/><V50/><F45/><W11/><G70/><AGARI ba="0,0" hai="60,67,70,74,75,88,90,91,100,102,103" m="50217" machi="70" ten="40,3900,0" yaku="19,1,54,1" doraHai="46" who="1" fromWho="3" sc="353,0,367,39,30,0,250,-39" /><INIT seed="5,1,0,3,3,101" ten="353,406,30,211" oya="1" hai0="46,63,59,130,10,117,65,82,88,41,87,42,67" hai1="131,80,50,0,49,55,113,26,45,121,57,37,132" hai2="2,96,16,52,20,31,73,133,38,1,27,114,99" hai3="94,34,9,30,126,69,111,119,116,115,75,62,122"/><U22/><E0/><V102/><F38/><W70/><G111/><T93/><D117/><U23/><E121/><V51/><F73/><W86/><G122/><T47/><D130/><U68/><E68/><V134/><F99/><W8/><G115/><T128/><D128/><U5/><E5/><V76/><F76/><W58/><G126/><T100/><D67/><U124/><E124/><V83/><F83/><W84/><G30/><T15/><D41/><U81/><E131/><V106/><F31/><W66/><G34/><T72/><D72/><U56/><E113/><V125/><F125/><W104/><G104/><T40/><D40/><U120/><E120/><V135/><REACH who="2" step="1"/><F114/><REACH who="2" ten="353,406,20,211" step="2"/><W29/><G29/><T12/><D100/><U18/><E37/><V54/><F54/><W127/><G127/><T60/><D42/><U32/><E32/><V98/><F98/><W74/><G74/><T17/><D82/><U61/><E132/><V91/><F91/><W53/><G75/><T89/><D89/><U21/><E80/><V64/><F64/><W48/><G66/><T71/><D71/><U112/><E112/><V110/><F110/><W28/><G28/><T105/><D105/><U85/><E81/><V33/><F33/><W24/><G70/><T108/><D108/><U25/><E85/><V129/><F129/><W97/><G86/><T3/><D3/><U90/><E90/><V13/><F13/><W107/><G84/><T4/><REACH who="0" step="1"/><D63/><REACH who="0" ten="343,406,20,211" step="2"/><U35/><E61/><V79/><F79/><W92/><G62/><T43/><D43/><U95/><E35/><V39/><F39/><RYUUKYOKU ba="1,2" sc="343,15,406,-15,20,15,211,-15" hai0="4,10,12,15,17,46,47,59,60,65,87,88,93" hai2="1,2,16,20,27,51,52,96,102,106,133,134,135" /><INIT seed="6,2,2,0,2,10" ten="358,391,35,196" oya="2" hai0="88,123,84,47,90,12,86,69,105,21,38,63,99" hai1="112,13,65,102,98,130,56,75,34,97,109,106,80" hai2="9,85,103,83,33,25,42,104,52,107,14,27,62" hai3="91,37,55,101,128,92,76,3,116,122,67,57,51"/><V78/><F33/><W117/><G122/><T73/><D73/><U119/><E119/><V61/><F42/><W22/><G3/><T134/><D123/><U118/><E118/><V19/><F103/><W100/><G128/><T94/><D134/><U1/><E1/><V66/><F66/><W110/><G110/><T126/><D126/><U121/><E109/><V39/><F39/><W15/><G37/><T53/><D105/><U31/><E112/><V82/><F82/><W114/><G114/><T35/><D35/><U115/><E115/><V71/><F71/><W111/><G76/><T26/><D69/><U0/><E0/><V77/><F77/><W120/><G120/><T81/><D38/><U50/><E121/><V5/><F5/><W43/><G111/><T58/><D47/><U135/><E135/><V4/><F4/><W41/><G67/><T89/><D12/><U129/><E98/><V29/><F29/><W32/><G32/><T7/><D7/><U87/><E75/><V127/><F127/><W2/><G117/><T44/><D44/><U70/><E70/><V36/><F36/><W24/><G2/><T124/><D124/><U46/><E13/><V95/><F95/><W40/><G15/><T64/><D64/><U79/><E56/><N who="2" m="34951" /><F62/><W23/><G116/><T17/><D86/><U16/><E65/><V20/><F27/><W131/><G24/><T113/><D113/><U74/><E74/><V96/><F96/><N who="3" m="57375" /><G131/><T11/><D11/><U132/><E132/><V60/><F60/><W93/><G93/><T28/><D28/><U59/><E129/><RYUUKYOKU ba="2,2" sc="358,10,391,-30,35,10,196,10" hai0="17,21,26,53,58,63,81,84,88,89,90,94,99" hai2="9,14,19,20,25,78,83,85,104,107" hai3="22,23,40,41,43,51,55,57,100,101" /><INIT seed="6,3,2,5,4,8" ten="368,361,45,206" oya="2" hai0="110,50,3,88,116,23,115,123,97,22,102,16,33" hai1="6,117,94,101,56,120,29,60,36,79,133,20,121" hai2="57,63,75,114,12,35,46,15,11,38,47,17,26" hai3="31,1,2,122,62,41,51,111,107,27,42,76,132"/><V25/><F75/><W109/><G107/><T86/><D123/><U128/><E117/><V45/><F35/><W78/><G62/><T134/><D33/><U112/><E112/><V55/><F38/><W14/><G51/><T66/><D116/><U108/><E108/><V74/><F74/><W30/><G27/><T103/><D110/><U59/><E36/><V98/><F98/><W32/><G32/><T77/><D3/><U53/><E133/><V69/><F69/><W54/><G54/><T96/><D134/><U65/><E79/><V90/><F90/><W113/><G132/><T93/><D77/><U39/><E39/><V18/><F114/><W13/><REACH who="3" step="1"/><G113/><REACH who="3" ten="368,361,45,196" step="2"/><T72/><D115/><U34/><E34/><V135/><REACH who="2" step="1"/><F135/><REACH who="2" ten="368,361,35,196" step="2"/><W52/><G52/><T7/><D66/><U82/><E120/><AGARI ba="3,4" hai="1,2,13,14,30,31,41,42,76,78,109,111,120,122" machi="120" ten="25,12000,2" yaku="1,1,22,2,52,2,53,2" doraHai="8" doraHaiUra="24" who="3" fromWho="1" sc="368,0,361,-129,35,0,196,169" /><INIT seed="7,0,0,5,4,25" ten="368,232,35,365" oya="3" hai0="93,59,75,80,40,31,77,112,49,50,108,106,44" hai1="22,45,81,9,124,117,37,104,52,16,66,133,28" hai2="43,14,24,36,62,130,94,109,84,74,8,92,33" hai3="87,20,30,55,79,13,103,134,89,118,54,10,12"/><W71/><G118/><T5/><D108/><U72/><E104/><V18/><F74/><W64/><G134/><T99/><D106/><U98/><E117/><V135/><F109/><W113/><G113/><T60/><D112/><U114/><E124/><V70/><F135/><W47/><G103/><T61/><D5/><U6/><E114/><V76/><F130/><W105/><G105/><T121/><D121/><U97/><E133/><V38/><F70/><W96/><G71/><T115/><D115/><U107/><E66/><V41/><F62/><W126/><G64/><T125/><D125/><U129/><E129/><V53/><F53/><N who="3" m="19979" /><G126/><T78/><D78/><U0/><E107/><V132/><F132/><W58/><G47/><T95/><D31/><U46/><E28/><V100/><F100/><W82/><G58/><T69/><D69/><U73/><E46/><V83/><F33/><W32/><G32/><T128/><D128/><U39/><E39/><V1/><F1/><W91/><G96/><T88/><D59/><U11/><E11/><V48/><F38/><W17/><G30/><T34/><D34/><U27/><E52/><V101/><F101/><W35/><G35/><T63/><D95/><U65/><E65/><V67/><F36/><W131/><G131/><T110/><D110/><U123/><E123/><V120/><F120/><W122/><G122/><T116/><D116/><U102/><E102/><V4/><F67/><W51/><G51/><T3/><D3/><U42/><REACH who="1" step="1"/><E73/><REACH who="1" ten="368,222,35,365" step="2"/><V68/><F68/><W7/><AGARI ba="0,1" hai="7,10,12,13,17,20,79,82,87,89,91" m="19979" machi="7" ten="30,1500,0" yaku="8,1" doraHai="25" who="3" fromWho="3" sc="368,-5,222,-5,35,-5,365,25" owari="363,16.0,217,-18.0,30,-47.0,390,49.0" /></mjloggm>