<mjloggm ver="2.3"><GO type="41" lobby="0"/><UN n0="%52%42%31%30" n1="%E3%82%B8%E3%83%A7%E3%83%B3%E3%83%AC%E3%83%8E%E3%83%B3" n2="%E2%93%9D%53%75%70%68%78" n3="%E4%B8%A1%E6%B4%A5" dan="15,15,17,13" rate="2010.74,1946.92,2034.87,1825.59" sx="M,M,M,M"/><TAIKYOKU oya="0"/><INIT seed="0,0,0,5,0,60" ten="250,250,250,250" oya="0" hai0="76,67,92,17,130,9,96,81,80,93,79,35,116" hai1="38,97,65,32,30,20,107,95,105,22,85,48,122" hai2="108,66,118,62,24,100,11,132,44,86,99,69,78" hai3="56,55,50,131,88,104,19,63,6,111,114,18,29"/><T121/><D116/><U135/><E38/><V10/><F108/><W124/><G114/><T58/><D35/><U89/><E122/><V12/><F132/><W8/><G111/><T37/><D37/><U87/><E135/><V106/><F118/><W15/><G131/><T36/><D36/><U33/><E107/><V109/><F109/><W73/><G73/><T127/><D121/><U4/><E4/><V43/><F12/><W26/><G104/><T128/><D17/><U54/><E33/><V82/><REACH who="2" step="1"/><F24/><REACH who="2" ten="250,250,240,250" step="2"/><W119/><G119/><T112/><D128/><U57/><E105/><V52/><F52/><W16/><G124/><T41/><D130/><U46/><E32/><V71/><F71/><W129/><G129/><T123/><D127/><U70/><E70/><V21/><F21/><N who="1" m="8297" /><E30/><V45/><F45/><W77/><G29/><T64/><D123/><U34/><E34/><V102/><F102/><W61/><G26/><T110/><D110/><U1/><E1/><V125/><F125/><W51/><G51/><AGARI ba="0,1" hai="10,11,43,44,51,62,66,69,78,82,86,99,100,106" machi="51" ten="30,3900,0" yaku="1,1,7,1,52,1,53,0" doraHai="60" doraHaiUra="133" who="2" fromWho="3" sc="250,0,250,0,240,49,250,-39" /><INIT seed="1,0,0,4,5,32" ten="250,250,289,211" oya="1" hai0="109,9,37,94,74,92,119,120,30,27,17,25,126" hai1="133,70,77,28,132,96,59,5,60,66,53,118,42" hai2="56,128,82,125,12,61,35,39,115,114,6,117,38" hai3="104,36,90,67,18,80,85,2,86,135,68,52,84"/><U16/><E118/><V46/><F35/><W102/><G36/><T95/><D119/><U110/><E5/><V50/><F82/><W49/><G135/><T4/><D74/><U88/><E28/><V64/><F12/><W34/><G34/><T76/><D37/><N who="2" m="13834" /><F6/><W21/><G2/><T129/><D109/><U14/><E77/><V62/><F125/><W75/><G75/><T54/><D76/><U97/><E110/><V1/><F1/><W123/><G123/><T93/><D129/><U111/><E111/><V57/><F128/><W31/><G31/><T20/><D120/><U19/><E42/><N who="2" m="24919" /><F117/><W101/><G104/><T89/><D126/><U65/><E70/><V45/><F45/><W23/><G90/><T134/><D134/><N who="1" m="51819" /><E97/><V7/><F7/><W41/><G68/><T79/><D79/><U105/><E105/><V26/><F26/><W48/><G41/><T87/><D27/><U15/><E15/><V98/><F98/><W10/><G102/><T22/><D30/><U124/><E124/><V130/><F130/><W106/><G101/><T43/><D4/><U127/><E127/><V0/><F0/><W3/><G3/><T44/><D25/><U83/><E19/><V40/><F40/><W113/><G18/><T72/><D43/><U131/><E131/><V122/><F122/><W69/><G106/><T47/><D72/><U58/><E58/><V103/><F103/><W107/><G107/><T108/><D108/><U55/><E96/><V100/><F100/><W78/><G78/><T121/><D121/><U81/><E81/><V11/><F11/><RYUUKYOKU ba="0,0" sc="250,-10,250,-10,289,30,211,-10" hai2="56,57,61,62,64,114,115" /><INIT seed="2,1,0,5,1,74" ten="240,240,319,201" oya="2" hai0="129,94,27,120,50,13,33,91,118,5,121,102,28" hai1="78,103,25,123,19,3,64,22,68,133,34,96,51" hai2="65,16,80,113,99,104,114,88,7,58,117,67,76" hai3="12,56,98,101,66,38,132,62,72,100,81,14,84"/><V32/><F117/><W26/><G132/><T31/><D118/><U87/><E3/><V89/><F32/><W71/><G72/><T83/><D129/><U61/><E133/><V126/><F7/><W95/><G38/><T29/><D102/><U4/><E4/><V115/><F126/><W49/><G100/><T70/><D70/><U39/><E39/><V55/><F104/><W37/><G37/><T135/><D135/><U111/><E111/><V47/><F47/><W73/><G73/><T105/><D105/><U53/><E123/><V77/><F99/><W57/><G71/><T1/><D1/><U18/><E34/><V54/><F16/><W46/><G26/><T40/><D83/><U107/><E19/><V106/><F106/><W44/><G57/><T0/><D0/><U122/><E122/><V119/><F119/><W45/><REACH who="3" step="1"/><G49/><REACH who="3" ten="240,240,319,191" step="2"/><T2/><D27/><U127/><E127/><V15/><F115/><W24/><G24/><T85/><D120/><U23/><E68/><V35/><F58/><W130/><G130/><T79/><D50/><U92/><E25/><V75/><F75/><W108/><G108/><T131/><D121/><U59/><E107/><V52/><F35/><W86/><G86/><N who="0" m="52599" /><D33/><U112/><E87/><V17/><F114/><W10/><G10/><N who="0" m="4303" /><D131/><U11/><E112/><V93/><F113/><W69/><G69/><T60/><D29/><U109/><E109/><V134/><F134/><W110/><G110/><T36/><D85/><U8/><E59/><V43/><F93/><W42/><G42/><T97/><D31/><U21/><E92/><RYUUKYOKU ba="1,1" sc="240,-10,240,-10,319,-10,191,30" hai3="12,14,44,45,46,56,62,66,81,84,95,98,101" /><INIT seed="3,2,1,0,3,75" ten="230,230,309,221" oya="3" hai0="28,106,69,132,68,99,104,10,116,27,98,134,110" hai1="25,31,97,44,39,118,73,5,81,93,60,2,88" hai2="117,114,47,29,0,109,133,46,48,94,32,127,1" hai3="26,105,65,22,92,124,121,56,95,91,58,52,33"/><W115/><G121/><T45/><D116/><U112/><E112/><V54/><F114/><W55/><G105/><N who="0" m="40555" /><D45/><U130/><E130/><V122/><F133/><N who="0" m="51306" /><D10/><U128/><E128/><V42/><F109/><W76/><G33/><T78/><D110/><U41/><E118/><V24/><F127/><W18/><G124/><T19/><D19/><U30/><E60/><V16/><F117/><W35/><G35/><N who="0" m="20895" /><D78/><N who="1" m="44239" /><E25/><V37/><F122/><W36/><G36/><T123/><D123/><U62/><E62/><V111/><F111/><W89/><G115/><T107/><D98/><U11/><AGARI ba="2,1" hai="2,5,11,30,31,39,41,44,88,93,97" m="44239" machi="11" ten="30,4000,0" yaku="25,1,52,1,54,1" doraHai="75" who="1" fromWho="1" sc="230,-12,230,56,309,-12,221,-22" /><INIT seed="4,0,0,4,1,67" ten="218,286,297,199" oya="0" hai0="25,22,102,43,28,118,119,128,74,89,27,8,47" hai1="0,48,23,46,73,52,65,61,99,133,90,21,55" hai2="14,63,2,37,103,76,35,116,12,72,108,44,122" hai3="93,129,64,33,105,100,70,31,88,40,53,77,109"/><T131/><D74/><U56/><E73/><V66/><F122/><W38/><G109/><T126/><D102/><U134/><E0/><V7/><F35/><W114/><G114/><T94/><D89/><U9/><E9/><N who="2" m="2295" /><F116/><W107/><G77/><T84/><D84/><U96/><E55/><V92/><F92/><W123/><G129/><N who="0" m="49739" /><D94/><U121/><E121/><V82/><F103/><W135/><G33/><T104/><D104/><U60/><E60/><V120/><F108/><W91/><G31/><T15/><D126/><U112/><E112/><V13/><F120/><W111/><G123/><T75/><D75/><U24/><E90/><V101/><F101/><W78/><G78/><T59/><D59/><U42/><E21/><V79/><F79/><W41/><G100/><T20/><D47/><U68/><E134/><V51/><F76/><W17/><G93/><T30/><D43/><U4/><E4/><AGARI ba="0,0" hai="4,8,15,20,22,25,27,28,30,118,119" m="49739" machi="4" ten="30,5800,0" yaku="19,1,34,2" doraHai="67" who="0" fromWho="1" sc="218,58,286,-58,297,0,199,0" /><INIT seed="4,1,0,5,1,22" ten="276,228,297,199" oya="0" hai0="36,4,0,72,56,52,49,65,78,118,98,54,25" hai1="62,33,115,124,100,101,5,133,19,61,105,91,127" hai2="93,109,122,103,112,2,14,77,120,81,125,80,87" hai3="66,9,29,75,17,58,131,67,11,110,42,86,3"/><T97/><D118/><U71/><E5/><V121/><F14/><W37/><G75/><T27/><D36/><U95/><E33/><V108/><F2/><W89/><G110/><N who="2" m="42601" /><F112/><W102/><G131/><T104/><D72/><U34/><E34/><V16/><F16/><W13/><G102/><T68/><D68/><U21/><E71/><V30/><F30/><W128/><G29/><T32/><D32/><U107/><E19/><V96/><F81/><W41/><G128/><T129/><D104/><U23/><E95/><V50/><F50/><W15/><G3/><T119/><D65/><U51/><E51/><V38/><F38/><W59/><G37/><T6/><D119/><U26/><E26/><N who="0" m="9737" /><D0/><U64/><E64/><V82/><F82/><N who="3" m="49367" /><G66/><T10/><D78/><U84/><E84/><V40/><F40/><N who="3" m="15467" /><G67/><T63/><D129/><U8/><E8/><V76/><F76/><W18/><AGARI ba="1,0" hai="9,11,13,15,17,18,58,59" m="15467,49367" machi="18" ten="30,1100,0" yaku="8,1" doraHai="22" who="3" fromWho="3" sc="276,-6,228,-4,297,-4,199,14" /><INIT seed="5,0,0,4,2,10" ten="270,224,293,213" oya="1" hai0="110,105,35,112,108,29,27,113,23,18,7,74,75" hai1="65,26,36,114,63,67,54,115,20,60,56,34,103" hai2="95,119,120,1,83,2,6,40,109,121,72,123,42" hai3="135,16,12,47,57,43,122,82,76,116,30,89,117"/><U128/><E34/><V61/><F95/><W127/><G122/><T5/><D105/><U15/><E103/><V17/><F17/><W126/><G135/><T50/><D75/><U0/><E0/><V11/><F109/><N who="0" m="42090" /><D50/><U37/><E26/><V132/><F119/><N who="3" m="45643" /><G89/><T107/><D74/><U98/><E98/><V84/><F61/><W80/><G30/><T124/><D124/><N who="3" m="47657" /><G57/><T86/><D86/><U77/><E77/><V9/><F132/><W38/><G76/><T91/><D91/><U69/><E128/><V51/><F72/><W64/><G64/><T39/><D39/><U79/><E79/><V8/><F6/><N who="0" m="2058" /><D107/><U45/><E15/><AGARI ba="0,0" hai="15,18,23,27,29,35,112,113" m="2058,42090" machi="15" ten="30,3900,0" yaku="34,2,52,1" doraHai="10" who="0" fromWho="1" sc="270,39,224,-39,293,0,213,0" /><INIT seed="6,0,0,0,4,71" ten="309,185,293,213" oya="2" hai0="132,73,91,53,0,8,87,24,40,127,22,81,25" hai1="7,37,61,14,99,133,42,31,119,62,80,55,58" hai2="20,89,118,49,4,70,125,75,120,64,128,6,34" hai3="9,106,115,2,48,97,95,92,36,83,100,78,39"/><V11/><F118/><W18/><G115/><T16/><D132/><U35/><E119/><V104/><F120/><W77/><G48/><T26/><D127/><U1/><E1/><V10/><F75/><W129/><G129/><T21/><D73/><U85/><E133/><V63/><F104/><W86/><G77/><T130/><D130/><U79/><E62/><V30/><F34/><W59/><G59/><T105/><D105/><U110/><E110/><V13/><F125/><W3/><G18/><T43/><D53/><U29/><E35/><V19/><F30/><W103/><G103/><T114/><D0/><U101/><E7/><V134/><F128/><W107/><G92/><T109/><D114/><U52/><E14/><V15/><F134/><W93/><G93/><T94/><D94/><U45/><E55/><V96/><F96/><W131/><G131/><T46/><D46/><U84/><E84/><V108/><F108/><W65/><G65/><T44/><D44/><U135/><E135/><V116/><F116/><W27/><G27/><T117/><D117/><U124/><E124/><V47/><F47/><W74/><G107/><AGARI ba="0,0" hai="29,31,37,42,45,52,58,61,79,80,85,99,101,107" machi="107" ten="30,3900,0" yaku="7,1,52,1,54,1" doraHai="71" who="1" fromWho="3" sc="309,0,185,39,293,0,213,-39" /><INIT seed="7,0,0,3,3,66" ten="309,224,293,174" oya="3" hai0="67,31,53,87,27,108,73,44,21,68,81,98,92" hai1="65,101,127,71,75,50,11,9,91,51,79,35,36" hai2="124,49,103,47,97,116,123,104,32,83,30,10,112" hai3="121,119,135,55,56,23,82,109,131,46,3,6,17"/><W76/><G121/><T0/><D108/><U106/><E36/><V63/><F116/><W25/><G119/><T18/><D0/><U16/><E35/><V20/><F32/><W111/><G135/><T130/><D130/><U61/><E127/><V19/><F112/><W14/><G131/><T62/><D73/><U13/><E9/><V29/><F10/><W115/><G115/><T72/><D72/><U84/><E79/><V48/><F48/><W77/><G46/><T7/><D7/><U88/><E75/><V125/><F83/><W15/><G3/><T120/><D53/><U78/><E78/><N who="3" m="30314" /><G82/><T105/><D105/><U96/><REACH who="1" step="1"/><E91/><REACH who="1" ten="309,214,293,174" step="2"/><V113/><F125/><W99/><G6/><T58/><D120/><U33/><E33/><V126/><F123/><W45/><G45/><T85/><D44/><U4/><E4/><V34/><F34/><W70/><G70/><T89/><D68/><U60/><E60/><V122/><F63/><N who="3" m="36255" /><G99/><T38/><D38/><U94/><AGARI ba="0,1" hai="11,13,16,50,51,61,65,71,84,88,94,96,101,106" machi="94" ten="20,12000,2" yaku="1,1,0,1,7,1,52,1,54,2,53,0" doraHai="66" doraHaiUra="54" who="1" fromWho="1" sc="309,-30,214,130,293,-30,174,-60" owari="279,8.0,344,45.0,263,-14.0,114,-39.0" /></mjloggm>