<mjloggm ver="2.3"><GO type="41" lobby="0"/><UN n0="%E2%93%9D%53%75%70%68%78" n1="%4D%74%6F" n2="%E3%81%A1%E3%82%87%E3%81%84%E3%81%A1%E3%82%87%E3%81%84" n3="%4F%72%61%6E%67%65%78" dan="19,15,15,14" rate="2167.74,1987.18,2021.43,1958.61" sx="M,F,F,M"/><TAIKYOKU oya="0"/><INIT seed="0,0,0,4,5,86" ten="250,250,250,250" oya="0" hai0="7,76,89,36,101,128,82,19,55,18,103,25,48" hai1="96,59,134,3,80,50,110,40,83,0,61,99,6" hai2="2,125,73,106,124,109,62,24,74,8,39,97,84" hai3="58,116,70,33,13,68,43,1,107,133,31,64,108"/><T42/><D128/><U10/><E110/><V95/><F109/><W120/><G108/><T87/><D36/><U17/><E134/><V15/><F39/><W67/><G116/><T88/><D42/><U23/><E0/><V29/><F2/><W126/><G1/><T90/><D7/><U32/><E32/><V72/><F62/><W51/><G133/><T114/><D114/><U60/><E60/><V121/><F84/><W28/><G33/><T41/><D41/><U63/><E63/><V16/><F106/><W44/><G120/><T91/><D76/><U111/><E111/><V102/><REACH who="2" step="1"/><F121/><REACH who="2" ten="250,250,240,250" step="2"/><W9/><G107/><T104/><D104/><U94/><E61/><V37/><F37/><W12/><G126/><T14/><D25/><U122/><E3/><V132/><F132/><W85/><G67/><T21/><REACH who="0" step="1"/><D19/><REACH who="0" ten="240,250,240,250" step="2"/><U105/><E17/><V26/><F26/><W4/><G64/><T131/><D131/><U93/><E105/><V22/><AGARI ba="0,2" hai="8,15,16,22,24,29,72,73,74,95,97,102,124,125" machi="22" ten="40,8000,1" yaku="1,1,0,1,54,1,53,1" doraHai="86" doraHaiUra="27" who="2" fromWho="2" sc="240,-40,250,-20,240,100,250,-20" /><INIT seed="1,0,0,1,1,131" ten="200,230,340,230" oya="1" hai0="80,105,54,126,121,102,6,72,96,107,25,67,70" hai1="91,52,16,109,18,29,38,11,118,42,60,122,81" hai2="135,19,32,115,21,2,85,23,47,9,34,134,83" hai3="69,110,46,84,98,101,79,76,78,108,90,43,120"/><U0/><E118/><V66/><F115/><W132/><G69/><T93/><D6/><U50/><E122/><V53/><F66/><W17/><G17/><T68/><D54/><U133/><E133/><N who="2" m="50699" /><F47/><W10/><G10/><T51/><D126/><U113/><E113/><V57/><F2/><W92/><G132/><T40/><D67/><U123/><E109/><N who="3" m="42090" /><G43/><T104/><D121/><U127/><E127/><V64/><F64/><W88/><G46/><T62/><D40/><U73/><E123/><V89/><F9/><W117/><G120/><T28/><D70/><U31/><E0/><V1/><F1/><W22/><G22/><N who="2" m="8201" /><F19/><W36/><G36/><T26/><D68/><U86/><E38/><V111/><F111/><W24/><G24/><T82/><D26/><U63/><E11/><V100/><F100/><W56/><G56/><T112/><D102/><U124/><E124/><V130/><F130/><W65/><G65/><T55/><D112/><U49/><E18/><V48/><AGARI ba="0,0" hai="32,34,48,53,57,83,85,89" m="8201,50699" machi="48" ten="30,7900,0" yaku="20,1,52,3" doraHai="131" who="2" fromWho="2" sc="200,-20,230,-39,340,79,230,-20" /><INIT seed="2,0,0,2,5,116" ten="180,191,419,210" oya="2" hai0="88,12,73,8,44,126,2,75,128,9,101,83,110" hai1="63,42,55,40,26,15,41,57,67,99,107,34,91" hai2="64,18,115,130,120,103,39,74,30,82,71,133,66" hai3="134,72,112,5,1,87,78,89,102,77,31,127,61"/><V104/><F18/><W111/><G111/><T35/><D35/><U100/><E91/><V38/><F66/><W46/><G112/><T85/><D110/><U86/><E86/><V124/><F30/><W3/><G134/><T98/><D128/><U94/><E107/><V81/><F82/><W122/><G127/><T50/><D2/><U49/><E15/><V95/><F95/><W43/><G102/><T45/><D45/><U23/><E34/><V14/><F14/><W36/><G31/><T131/><D131/><U62/><REACH who="1" step="1"/><E67/><REACH who="1" ten="180,181,419,210" step="2"/><V114/><F64/><W135/><G135/><T106/><D126/><U70/><E70/><V59/><F71/><W32/><G32/><T123/><D9/><U28/><AGARI ba="0,1" hai="23,26,28,40,41,42,49,55,57,62,63,94,99,100" machi="28" ten="30,4000,0" yaku="1,1,0,1,8,1,53,0" doraHai="116" doraHaiUra="105" who="1" fromWho="1" sc="180,-10,181,50,419,-20,210,-10" /><INIT seed="3,0,0,1,4,34" ten="170,231,399,200" oya="3" hai0="135,71,103,54,125,27,19,60,53,68,13,84,76" hai1="129,81,87,122,119,72,61,16,45,1,69,51,94" hai2="109,101,123,112,37,6,31,79,64,111,47,80,67" hai3="77,25,88,11,100,18,58,14,70,36,83,65,12"/><W48/><G36/><T118/><D118/><U98/><E122/><V121/><F31/><W114/><G114/><T82/><D135/><U3/><E72/><N who="2" m="43111" /><F101/><W10/><G70/><T105/><D125/><U9/><E129/><V62/><F112/><W117/><G117/><T0/><D27/><U127/><E127/><V95/><F95/><W39/><G39/><T43/><D43/><U56/><E69/><N who="2" m="42135" /><F67/><W50/><G100/><T20/><D71/><U120/><E120/><N who="2" m="46155" /><F6/><W33/><G33/><T28/><D28/><U52/><E119/><V110/><F47/><W74/><G25/><T90/><D103/><U115/><E115/><V41/><F41/><W23/><G23/><T86/><D105/><U106/><E106/><V57/><F57/><W96/><G65/><T116/><D116/><U124/><E124/><V2/><F37/><W63/><G63/><T35/><D35/><U29/><E29/><V132/><F132/><W92/><REACH who="3" step="1"/><G58/><REACH who="3" ten="170,231,399,190" step="2"/><T107/><D68/><U30/><E61/><V8/><F111/><W104/><G104/><T85/><D107/><U42/><E56/><V5/><AGARI ba="0,1" hai="2,5,8,109,110" m="46155,42135,43111" machi="5" ten="30,4000,0" yaku="13,1,23,1,52,1" doraHai="34" who="2" fromWho="2" sc="170,-10,231,-10,399,50,190,-20" /><INIT seed="4,0,0,4,1,59" ten="160,221,449,170" oya="0" hai0="28,79,27,121,126,134,10,18,36,68,14,29,115" hai1="118,17,109,25,125,110,107,122,119,91,102,38,127" hai2="47,111,108,105,84,26,58,23,21,93,3,6,95" hai3="45,64,103,66,96,113,90,114,12,61,42,70,31"/><T104/><D104/><U20/><E38/><V16/><F105/><W120/><G31/><T132/><D36/><U106/><E91/><V123/><F123/><W89/><G120/><T0/><D79/><U13/><E122/><V124/><F124/><N who="1" m="47689" /><E107/><V85/><F47/><W52/><G12/><T22/><D68/><U78/><E78/><V128/><F6/><W87/><G66/><T49/><D49/><U4/><E102/><V131/><F3/><W11/><G11/><T5/><D126/><U24/><E106/><V9/><F9/><W50/><G87/><N who="2" m="33353" /><F58/><W72/><G72/><T76/><D76/><U40/><E40/><V117/><F23/><W60/><G103/><T80/><D80/><U81/><E81/><V77/><F77/><W53/><G96/><T15/><D121/><U62/><E4/><V32/><F32/><W71/><G90/><T97/><D97/><U63/><E110/><N who="2" m="42027" /><F117/><N who="1" m="44553" /><E109/><V67/><F67/><N who="3" m="41327" /><G89/><T86/><D86/><U65/><E65/><V46/><F46/><W82/><G82/><T73/><D73/><U112/><E112/><AGARI ba="0,0" hai="42,45,50,52,53,60,64,71,112,113,114" m="41327" machi="112" ten="30,12000,2" yaku="15,1,34,2,52,2,54,1" doraHai="59" who="3" fromWho="1" sc="160,0,221,-120,449,0,170,120" /><INIT seed="5,0,0,2,5,71" ten="160,101,449,290" oya="1" hai0="67,124,17,82,68,3,61,102,18,42,65,79,41" hai1="38,111,48,31,39,56,106,10,25,133,2,64,94" hai2="132,121,120,66,87,16,84,96,63,78,98,101,43" hai3="74,45,69,52,107,83,30,72,75,22,59,108,12"/><U130/><E106/><V19/><F132/><W127/><G108/><T116/><D3/><U93/><E133/><V26/><F43/><W86/><G107/><T88/><D102/><U57/><E111/><V80/><F87/><W33/><G69/><T1/><D1/><U58/><E130/><V4/><F4/><W50/><G127/><T8/><D116/><U91/><E64/><V7/><F7/><W103/><G33/><T128/><D124/><U36/><E48/><V77/><F77/><W109/><G109/><T104/><D104/><U113/><E113/><V28/><F120/><W95/><G103/><T114/><D67/><U37/><N who="1" m="9216" /><DORA hai="117" /><U115/><E115/><V81/><F81/><W85/><G45/><T14/><D128/><U70/><E70/><V29/><F98/><W119/><G119/><T131/><D131/><U99/><E94/><N who="2" m="58519" /><F19/><W89/><G72/><T49/><D114/><U40/><E40/><V15/><F26/><W60/><G60/><T123/><D42/><U24/><REACH who="1" step="1"/><E31/><REACH who="1" ten="160,91,449,290" step="2"/><V35/><F29/><W44/><G30/><T90/><D41/><U6/><AGARI ba="0,1" hai="2,6,10,24,25,56,57,58,91,93,99" m="9216" machi="6" ten="60,24000,3" yaku="1,1,2,1,0,1,52,4,53,1" doraHai="71,117" doraHaiUra="46,32" who="1" fromWho="1" sc="160,-80,91,250,449,-80,290,-80" /><INIT seed="5,1,0,5,1,123" ten="80,341,369,210" oya="1" hai0="50,127,5,76,35,52,100,19,96,75,10,134,67" hai1="51,31,83,37,82,7,32,57,85,62,124,28,21" hai2="16,25,26,60,78,87,58,130,103,114,9,129,121" hai3="36,6,43,46,113,102,108,92,84,11,132,72,110"/><U24/><E37/><V115/><F121/><W98/><G132/><T13/><D134/><U65/><E124/><V14/><F103/><W17/><G113/><N who="2" m="43017" /><F78/><W133/><G133/><T29/><D127/><U95/><E7/><V99/><F99/><W80/><G17/><T8/><D67/><U48/><E32/><V4/><F87/><W3/><REACH who="3" step="1"/><G72/><REACH who="3" ten="80,341,369,200" step="2"/><T109/><D75/><U34/><E28/><V18/><F18/><W79/><AGARI ba="1,1" hai="3,6,11,36,43,46,79,80,84,92,98,102,108,110" machi="79" ten="20,12000,2" yaku="1,1,2,1,0,1,7,1,52,2,53,1" doraHai="123" doraHaiUra="97" who="3" fromWho="3" sc="80,-31,341,-61,369,-31,200,133" /><INIT seed="6,0,0,0,0,3" ten="49,280,338,333" oya="2" hai0="67,134,66,69,123,10,133,104,99,87,42,51,100" hai1="58,12,2,59,44,111,128,21,112,54,127,9,64" hai2="105,90,1,92,16,23,45,81,18,60,36,43,95" hai3="6,101,135,46,109,74,25,55,50,24,52,77,37"/><V70/><F105/><W27/><G109/><T49/><D87/><U84/><E111/><V120/><F1/><W82/><G135/><T73/><D73/><U89/><E112/><V29/><F120/><W48/><G37/><T131/><D99/><U57/><E128/><V132/><F132/><W4/><G101/><T110/><D10/><U40/><E127/><V32/><F32/><W93/><REACH who="3" step="1"/><G93/><REACH who="3" ten="49,280,338,323" step="2"/><T107/><D100/><U31/><E2/><V79/><F95/><W35/><G35/><T108/><D131/><U85/><E64/><V53/><F92/><W119/><G119/><T61/><D123/><U41/><E85/><V122/><F122/><W11/><G11/><T114/><D114/><U22/><E22/><V13/><F90/><W72/><G72/><T33/><D33/><U5/><E84/><V15/><F79/><W121/><G121/><T26/><D69/><U94/><E94/><V78/><F70/><W65/><G65/><T47/><D134/><U97/><E89/><V115/><F115/><W75/><G75/><T68/><D133/><U8/><E8/><V28/><F78/><W0/><G0/><T20/><D67/><U102/><E102/><V103/><F103/><W125/><G125/><T34/><D34/><U118/><E118/><V88/><F88/><W116/><G116/><T14/><D110/><U19/><E97/><V7/><F36/><W17/><G17/><N who="0" m="10295" /><D108/><U80/><E80/><V113/><F81/><W124/><G124/><T39/><D26/><N who="1" m="16847" /><E19/><V126/><F18/><W130/><G130/><T91/><D91/><U129/><E129/><RYUUKYOKU ba="0,1" sc="49,10,280,10,338,-30,323,10" hai0="39,42,47,49,51,61,66,68,104,107" hai1="5,9,12,40,41,44,54,57,58,59" hai3="4,6,24,25,27,46,48,50,52,55,74,77,82" /><INIT seed="7,1,1,5,4,92" ten="59,290,308,333" oya="3" hai0="26,72,21,40,61,18,31,82,4,28,0,44,85" hai1="132,103,126,75,50,79,104,76,117,20,45,120,53" hai2="42,125,52,10,111,16,19,33,2,34,124,22,129" hai3="29,110,59,98,114,118,127,8,5,105,63,97,38"/><W32/><G38/><T112/><D112/><U102/><E120/><V123/><F111/><W49/><G118/><T51/><D72/><U108/><E108/><V88/><F123/><W122/><G122/><T9/><D61/><U134/><E117/><V17/><F42/><W71/><G110/><T36/><D36/><U54/><E126/><N who="2" m="48747" /><F129/><W96/><G127/><T24/><D31/><U83/><E79/><V70/><F70/><W99/><G114/><T121/><D121/><U23/><E53/><V58/><F88/><W30/><G71/><T68/><D68/><U80/><E80/><V100/><F22/><N who="1" m="8233" /><E104/><V73/><F100/><W131/><G32/><N who="2" m="12393" /><F73/><W116/><G116/><T43/><D43/><U6/><E6/><N who="2" m="1367" /><F19/><W115/><G131/><T94/><D26/><U87/><E75/><V67/><F67/><N who="3" m="39423" /><G115/><T13/><D0/><U95/><E95/><V109/><F109/><W47/><G105/><T77/><D94/><U106/><E106/><V39/><F39/><W78/><G78/><T101/><D101/><U60/><E60/><AGARI ba="1,1" hai="16,17,52,58,60" m="1367,12393,48747" machi="60" ten="30,3900,0" yaku="18,1,54,2" doraHai="92" who="2" fromWho="1" sc="59,0,290,-42,308,52,333,0" owari="59,-44.0,248,-15.0,360,46.0,333,13.0" /></mjloggm>