<mjloggm ver="2.3"><GO type="41" lobby="0"/><UN n0="%E3%81%84%E3%81%8C%E3%81%95%E3%82%93" n1="%E3%83%88%E3%83%A2%E3%83%AD%E3%83%BC%35%38" n2="%73%68%6F%64%61%74%68%69" n3="%E2%93%9D%53%75%70%68%78" dan="15,14,15,18" rate="2019.86,1963.67,1988.80,2130.19" sx="M,M,M,M"/><TAIKYOKU oya="0"/><INIT seed="0,0,0,2,1,9" ten="250,250,250,250" oya="0" hai0="134,123,55,95,10,82,126,34,20,58,54,81,111" hai1="135,122,69,32,102,49,83,108,85,105,35,88,43" hai2="56,75,23,77,39,47,22,115,50,80,59,66,38" hai3="1,48,78,36,57,89,51,101,128,91,40,2,18"/><T6/><D123/><U8/><E69/><V11/><F115/><W4/><G128/><T114/><D114/><U90/><E122/><V30/><F11/><W7/><G101/><T72/><D34/><U60/><E60/><V15/><F30/><W33/><G78/><T117/><D126/><U116/><E116/><V46/><F46/><W76/><G76/><T31/><D134/><U130/><E130/><V129/><F129/><W97/><G97/><T94/><D111/><U28/><E28/><V19/><F23/><W0/><G18/><T45/><D45/><U64/><E64/><V107/><F107/><W41/><G57/><T53/><D58/><U71/><E71/><V42/><REACH who="2" step="1"/><F59/><REACH who="2" ten="250,250,240,250" step="2"/><W63/><G33/><T5/><D20/><U112/><E105/><V62/><AGARI ba="0,1" hai="15,19,22,38,39,42,47,50,56,62,66,75,77,80" machi="62" ten="30,7900,0" yaku="1,1,2,1,0,1,52,1,53,0" doraHai="9" doraHaiUra="113" who="2" fromWho="2" sc="250,-39,250,-20,240,89,250,-20" /><INIT seed="1,0,0,1,0,70" ten="211,230,329,230" oya="1" hai0="125,0,7,115,14,129,11,131,15,59,126,10,45" hai1="106,97,132,65,112,89,40,99,122,77,79,100,104" hai2="4,72,60,29,17,43,88,111,98,41,24,103,47" hai3="18,64,76,105,121,63,75,119,27,55,28,84,81"/><U21/><E112/><V108/><F72/><W83/><G121/><T114/><D59/><U73/><E40/><V30/><F4/><W3/><G3/><T54/><D54/><U113/><E65/><V37/><F43/><W36/><G105/><T20/><D45/><U96/><E21/><V44/><F44/><W85/><G18/><T95/><D95/><N who="1" m="56431" /><E113/><V9/><F60/><W2/><G2/><T22/><D0/><U49/><E49/><V35/><F30/><W117/><G55/><T69/><D69/><U52/><E52/><V66/><F66/><W25/><G75/><T56/><D56/><U58/><E58/><V57/><F57/><W133/><G28/><T107/><D107/><N who="1" m="41003" /><E122/><V19/><F9/><W8/><G8/><T31/><D31/><U135/><E73/><V78/><F19/><W91/><G64/><T48/><D48/><U5/><E5/><AGARI ba="0,0" hai="5,7,10,11,14,15,20,22,114,115,125,126,129,131" machi="5" ten="25,8000,1" yaku="22,2,34,3" doraHai="70" who="0" fromWho="1" sc="211,80,230,-80,329,0,230,0" /><INIT seed="2,0,0,5,0,50" ten="291,150,329,230" oya="2" hai0="91,53,130,43,11,114,60,108,30,69,134,6,65" hai1="125,122,13,8,67,61,56,83,38,4,3,98,26" hai2="89,106,18,32,27,29,15,20,49,68,36,88,28" hai3="117,73,14,129,115,119,59,22,64,86,41,105,135"/><V9/><F36/><W92/><G105/><T46/><D114/><U75/><E125/><V34/><F68/><W107/><G107/><T102/><D108/><U21/><E98/><V5/><F106/><W112/><G73/><T57/><D130/><U120/><E38/><V48/><F34/><W116/><G135/><T95/><D102/><U37/><E37/><V124/><F124/><W40/><G14/><T100/><D100/><U99/><E99/><V78/><F78/><W127/><G22/><T58/><D134/><U77/><REACH who="1" step="1"/><E3/><REACH who="1" ten="291,140,329,230" step="2"/><V23/><F32/><W54/><G127/><T52/><D69/><U131/><E131/><V33/><F33/><W7/><G129/><T113/><D113/><U76/><E76/><V16/><F29/><AGARI ba="0,1" hai="4,8,13,21,26,29,56,61,67,75,77,83,120,122" machi="29" ten="40,2600,0" yaku="1,1,53,1" doraHai="50" doraHaiUra="63" who="1" fromWho="2" sc="291,0,140,36,329,-26,230,0" /><INIT seed="3,0,0,3,5,72" ten="291,176,303,230" oya="3" hai0="2,82,9,122,20,57,5,124,24,0,83,111,41" hai1="1,64,121,80,54,135,109,33,81,118,40,61,13" hai2="101,97,110,87,86,3,107,88,32,28,26,133,129" hai3="63,19,39,130,42,70,11,113,126,48,46,37,131"/><W75/><G75/><T90/><D111/><U58/><E1/><V79/><F110/><W27/><G11/><T47/><D124/><U134/><E109/><V120/><F129/><N who="3" m="49163" /><G19/><T10/><D122/><U30/><E121/><V23/><F133/><N who="1" m="50697" /><E118/><V34/><F120/><W22/><G27/><T68/><D68/><U31/><E40/><V114/><F114/><W25/><G22/><T62/><D90/><U12/><E33/><V55/><F3/><W66/><G25/><T18/><D57/><U127/><E64/><V105/><F105/><W50/><G113/><T96/><D62/><U6/><E127/><V35/><F79/><W128/><G128/><T71/><D96/><U8/><E12/><V103/><F103/><W92/><G92/><T21/><D71/><U17/><E17/><V95/><REACH who="2" step="1"/><F55/><REACH who="2" ten="291,176,293,230" step="2"/><N who="3" m="30103" /><G126/><T15/><D0/><U104/><E104/><V44/><F44/><AGARI ba="0,1" hai="37,39,42,44,50,63,66,70" m="30103,49163" machi="44" ten="30,5800,0" yaku="19,1,34,2" doraHai="72" who="3" fromWho="2" sc="291,0,176,0,293,-58,230,68" /><INIT seed="3,1,0,5,0,21" ten="291,176,235,298" oya="3" hai0="15,28,118,58,5,132,93,9,63,103,94,113,11" hai1="106,55,16,68,90,121,43,51,72,42,75,39,0" hai2="134,95,131,37,120,109,41,112,12,86,105,60,89" hai3="18,91,85,100,6,25,119,122,108,22,2,71,69"/><W53/><G119/><T101/><D118/><U23/><E0/><V107/><F112/><W31/><G122/><T33/><D113/><U115/><E68/><V77/><F109/><W45/><G100/><T50/><D132/><U49/><E121/><V61/><F134/><W130/><G130/><T17/><D50/><U57/><E106/><V73/><F131/><W7/><G108/><T40/><D40/><U102/><E102/><V36/><F120/><W47/><G71/><T84/><D84/><U52/><E39/><V111/><F111/><W83/><G69/><T129/><D103/><U10/><E10/><V123/><F37/><W4/><G2/><T92/><D101/><U97/><E115/><V114/><F114/><W116/><G116/><T74/><D74/><U66/><E66/><V48/><F36/><W99/><G99/><T128/><D129/><U44/><E75/><V110/><F110/><W3/><G3/><T88/><D9/><U59/><E44/><N who="3" m="16970" /><G53/><T79/><D79/><U20/><E20/><V81/><F123/><W104/><G104/><T125/><D125/><U35/><E72/><V124/><F124/><W54/><G54/><T13/><D128/><U19/><E35/><V78/><F105/><W70/><G70/><T117/><D117/><U30/><E90/><V135/><F107/><W34/><G34/><T27/><D13/><U76/><E97/><V8/><F135/><W46/><G46/><T56/><D5/><U62/><E76/><V82/><F78/><W26/><G7/><T98/><D58/><U126/><E126/><V67/><F77/><RYUUKYOKU ba="1,0" sc="291,15,176,-15,235,-15,298,15" hai0="11,15,17,27,28,33,56,63,88,92,93,94,98" hai3="4,6,18,22,25,26,31,83,85,91" /><INIT seed="3,2,0,2,3,90" ten="306,161,220,313" oya="3" hai0="101,53,77,130,132,50,41,15,70,43,104,46,32" hai1="52,20,131,72,58,92,83,21,65,112,76,88,98" hai2="56,97,102,107,2,126,57,114,135,47,0,7,108" hai3="93,25,16,51,3,24,87,29,59,11,115,110,128"/><W71/><G115/><T81/><D130/><U23/><E112/><V105/><F114/><W134/><G71/><T42/><D132/><U54/><E131/><V45/><F135/><W109/><G128/><T61/><D32/><U113/><E113/><V39/><F108/><N who="3" m="41579" /><G134/><T36/><D15/><U80/><E80/><V121/><F126/><W94/><G87/><T22/><D22/><U73/><E73/><V5/><F97/><W118/><G118/><T63/><D101/><U89/><E89/><V17/><F102/><W117/><G117/><T40/><D104/><U35/><E35/><V31/><F31/><W106/><G106/><T67/><D81/><U1/><E1/><V27/><F17/><W122/><G122/><T85/><D85/><U84/><E72/><V18/><F18/><W116/><G116/><T82/><D82/><U38/><E38/><V64/><F121/><W13/><G3/><T14/><D14/><U62/><AGARI ba="2,0" hai="20,21,23,52,54,58,62,65,76,83,84,88,92,98" machi="62" ten="30,8000,1" yaku="0,1,8,1,52,1,54,2" doraHai="90" who="1" fromWho="1" sc="306,-22,161,86,220,-22,313,-42" /><INIT seed="4,0,0,2,0,116" ten="284,247,198,271" oya="0" hai0="128,6,96,50,134,29,73,65,106,18,132,20,11" hai1="57,54,93,47,88,77,59,5,119,46,104,123,122" hai2="10,17,82,42,94,9,32,83,45,16,23,70,84" hai3="101,24,7,37,36,33,0,75,4,13,30,40,131"/><T61/><D73/><U56/><E77/><V71/><F32/><W124/><G131/><T27/><D128/><U118/><E104/><V129/><F129/><W14/><G101/><N who="0" m="62759" /><D50/><U64/><E5/><V117/><F117/><N who="1" m="44553" /><E88/><N who="2" m="53511" /><F71/><W2/><G40/><T92/><D92/><U68/><E93/><V85/><F70/><W97/><G97/><T60/><D65/><U19/><E19/><N who="2" m="7243" /><F23/><W67/><G33/><T39/><D39/><U26/><E26/><V48/><F83/><W98/><G37/><T90/><D90/><AGARI ba="0,0" hai="9,10,42,45,48,82,85,90" m="7243,53511" machi="90" ten="30,3900,0" yaku="8,1,54,2" doraHai="116" who="2" fromWho="0" sc="284,-39,247,0,198,39,271,0" /><INIT seed="5,0,0,2,5,107" ten="245,247,237,271" oya="1" hai0="51,29,131,14,57,120,2,73,95,132,118,55,116" hai1="12,9,44,135,115,130,39,86,3,88,122,85,123" hai2="43,58,63,133,117,5,97,41,71,53,49,19,124" hai3="68,74,0,62,40,67,100,7,121,18,47,75,56"/><U26/><E3/><V126/><F5/><W59/><G121/><T21/><D120/><U8/><E115/><V37/><F117/><W109/><G109/><T110/><D2/><U134/><E26/><V101/><F133/><N who="1" m="50697" /><E130/><V94/><F19/><W34/><G59/><T113/><D110/><U4/><E86/><V16/><F43/><W81/><G56/><T79/><D131/><U32/><E9/><V90/><F101/><W24/><G81/><T129/><D113/><U106/><E106/><V66/><REACH who="2" step="1"/><F16/><REACH who="2" ten="245,247,227,271" step="2"/><W80/><G18/><T78/><D129/><U102/><E102/><V6/><F6/><W64/><G7/><T36/><D132/><U83/><E32/><V30/><F30/><W89/><G100/><T50/><D118/><U48/><E39/><V28/><F28/><W91/><G34/><T103/><D36/><U22/><E22/><V10/><F10/><W87/><G40/><AGARI ba="0,1" hai="4,8,12,40,44,48,83,85,88,122,123" m="50697" machi="40" ten="30,2900,0" yaku="20,1,54,1" doraHai="107" who="1" fromWho="3" sc="245,0,247,39,227,0,271,-29" /><INIT seed="5,1,0,1,3,15" ten="245,286,227,242" oya="1" hai0="87,103,24,92,35,75,128,6,2,4,104,108,39" hai1="62,41,25,8,109,10,86,78,131,53,84,71,40" hai2="90,49,126,132,82,36,127,47,32,21,88,68,56" hai3="37,111,94,89,27,1,114,0,133,52,102,93,130"/><U73/><E73/><V96/><F32/><W80/><G111/><T76/><D108/><U34/><E109/><V134/><F68/><W117/><G37/><T124/><D39/><U77/><E131/><V85/><F36/><W70/><G70/><T45/><D128/><U110/><E110/><V118/><F56/><W20/><G114/><T29/><D124/><N who="2" m="47658" /><F118/><W106/><G106/><T100/><D45/><U58/><E71/><V79/><F21/><W54/><G133/><N who="2" m="51305" /><F96/><W69/><G69/><T61/><D61/><U135/><E135/><V26/><F26/><W55/><G130/><T125/><D125/><U13/><E34/><V33/><F33/><W9/><G117/><T12/><D2/><U7/><E25/><V22/><F22/><W99/><G9/><T72/><D12/><U63/><E8/><V17/><F17/><W48/><G48/><T91/><D4/><U74/><E63/><V95/><F95/><W18/><REACH who="3" step="1"/><G80/><REACH who="3" ten="245,286,227,232" step="2"/><T42/><D104/><U44/><E40/><AGARI ba="1,1" hai="40,47,49,79,82,85,88,90" m="51305,47658" machi="40" ten="30,3900,0" yaku="18,1,20,1,54,1" doraHai="15" who="2" fromWho="1" sc="245,0,286,-42,227,52,232,0" /><INIT seed="6,0,0,4,0,91" ten="245,244,279,232" oya="2" hai0="28,53,48,23,84,40,98,59,52,101,89,1,43" hai1="15,38,106,70,62,73,2,123,77,51,97,88,81" hai2="26,79,110,4,114,104,76,75,17,121,134,67,29" hai3="82,54,93,95,32,55,87,24,21,107,90,0,37"/><V42/><F121/><W72/><G107/><T74/><D74/><U131/><E2/><V127/><F104/><W78/><G32/><T25/><D1/><U30/><E38/><V10/><F114/><W117/><G117/><T61/><D101/><U58/><E70/><V22/><F127/><W57/><G37/><T39/><D39/><U68/><E68/><V18/><F42/><W94/><G0/><T128/><D128/><U112/><E112/><V135/><F67/><W11/><G11/><T46/><D98/><U132/><E30/><V129/><F129/><W20/><G20/><T44/><REACH who="0" step="1"/><D46/><REACH who="0" ten="235,244,279,232" step="2"/><U60/><E131/><V130/><F130/><W103/><G103/><T6/><D6/><U56/><E123/><V9/><F75/><W19/><REACH who="3" step="1"/><G55/><REACH who="3" ten="235,244,279,222" step="2"/><T111/><D111/><U31/><E106/><V27/><F110/><W109/><G109/><T105/><D105/><U14/><E132/><V92/><F134/><W102/><G102/><T69/><D69/><U63/><E73/><V35/><F135/><W41/><G41/><T108/><D108/><U116/><E116/><V34/><F35/><W83/><G83/><AGARI ba="0,2" hai="23,25,28,40,43,44,48,52,53,59,61,83,84,89" machi="83" ten="30,7700,0" yaku="1,1,7,1,8,1,54,1,53,0" doraHai="91" doraHaiUra="124" who="0" fromWho="3" sc="235,97,244,0,279,0,222,-77" /><INIT seed="7,0,0,0,3,33" ten="332,244,279,145" oya="3" hai0="31,130,119,45,41,42,99,0,79,64,115,123,103" hai1="105,84,87,66,122,25,50,68,23,4,43,118,63" hai2="74,17,20,40,54,70,108,39,107,117,88,94,128" hai3="67,131,106,127,104,85,53,129,19,38,18,112,90"/><W78/><G67/><T98/><D115/><U69/><E105/><N who="3" m="40554" /><G38/><T132/><D119/><U34/><E34/><V73/><F108/><W14/><G78/><T101/><D123/><U58/><E4/><V89/><F107/><W62/><G112/><T55/><D79/><U29/><E122/><V109/><F109/><W5/><G62/><T116/><D130/><N who="3" m="49673" /><G53/><T113/><D132/><U111/><E111/><V26/><F128/><W32/><G32/><T7/><D64/><U83/><E118/><V135/><F135/><W102/><G102/><T35/><D35/><U52/><E43/><V36/><F70/><W28/><G28/><T80/><D31/><U48/><E48/><V11/><F117/><W100/><G100/><T86/><D101/><U15/><E15/><V61/><F39/><W1/><G14/><T16/><D103/><U76/><REACH who="1" step="1"/><E87/><REACH who="1" ten="332,234,279,145" step="2"/><V9/><F40/><W24/><G127/><T72/><D86/><U134/><E134/><V51/><F36/><W2/><G5/><T77/><D7/><U47/><AGARI ba="0,1" hai="23,25,29,47,50,52,58,63,66,68,69,76,83,84" machi="47" ten="20,5200,0" yaku="1,1,0,1,7,1,54,1,53,0" doraHai="33" doraHaiUra="126" who="1" fromWho="1" sc="332,-13,234,62,279,-13,145,-26" owari="319,41.0,296,10.0,266,-13.0,119,-38.0" /></mjloggm>