<mjloggm ver="2.3"><GO type="41" lobby="0"/><UN n0="%E2%93%9D%53%75%70%68%78" n1="%E8%BB%BD%E3%81%8F%E7%AC%91%E3%81%86" n2="%64%72%61%65%74%63" n3="%E7%A6%8F%E8%B7%AF%E3%81%BF%E3%81%BB%E3%81%93" dan="18,14,15,13" rate="2084.62,1953.68,2073.17,1854.20" sx="M,M,M,F"/><TAIKYOKU oya="0"/><INIT seed="0,0,0,1,4,51" ten="250,250,250,250" oya="0" hai0="102,24,53,39,31,78,62,131,124,50,84,20,54" hai1="65,40,70,9,110,33,120,28,29,95,134,18,83" hai2="32,1,3,12,15,92,73,66,103,100,5,58,42" hai3="49,96,122,76,61,0,129,87,37,45,108,67,77"/><T30/><D39/><U38/><E120/><V111/><F73/><W2/><G108/><T36/><D36/><U97/><E110/><V116/><F111/><W127/><G127/><T25/><D131/><U82/><E134/><V121/><F32/><W17/><G37/><T132/><D132/><U46/><E65/><V59/><F92/><W107/><G129/><T99/><D124/><U23/><E70/><V104/><F42/><W57/><G122/><T135/><D135/><U35/><E9/><V13/><F5/><W26/><G76/><T55/><D62/><U19/><E33/><V60/><F121/><W4/><G4/><T113/><D113/><U68/><E68/><V6/><F6/><W10/><G87/><T43/><D43/><U90/><E19/><V71/><F116/><W91/><G77/><T93/><D78/><U133/><E133/><V72/><F72/><W130/><G130/><T114/><D114/><U109/><E109/><V128/><F128/><W11/><G11/><T16/><D84/><U118/><E118/><V22/><F104/><W64/><G64/><T14/><D50/><N who="1" m="26951" /><E35/><V52/><F22/><W75/><G75/><T34/><D34/><U56/><E56/><V63/><REACH who="2" step="1"/><F71/><REACH who="2" ten="250,250,240,250" step="2"/><N who="3" m="42479" /><G107/><T85/><D85/><U94/><E38/><V119/><F119/><W21/><G21/><T105/><D105/><U86/><E95/><V98/><F98/><W41/><G96/><T125/><D125/><U8/><E8/><V44/><F44/><W123/><G45/><T106/><D106/><U101/><E83/><V112/><F112/><W27/><G123/><RYUUKYOKU ba="0,1" sc="250,10,250,10,240,10,250,-30" hai0="14,16,20,24,25,30,31,53,54,55,93,99,102" hai1="18,23,28,29,82,86,90,94,97,101" hai2="1,3,12,13,15,52,58,59,60,63,66,100,103" /><INIT seed="0,1,1,0,3,131" ten="260,260,250,220" oya="0" hai0="72,95,93,124,45,108,7,90,87,37,8,79,134" hai1="35,10,121,107,54,85,19,51,14,75,129,41,63" hai2="123,83,86,118,3,127,68,70,40,122,73,114,36" hai3="46,59,48,47,80,5,71,97,49,65,42,33,64"/><T50/><D124/><U66/><E129/><V133/><RYUUKYOKU type="yao9" ba="1,1" sc="260,0,260,0,250,0,220,0" hai2="3,36,40,68,70,73,83,86,114,118,122,123,127,133" /><INIT seed="0,2,1,5,0,129" ten="260,260,250,220" oya="0" hai0="47,114,59,124,104,44,121,55,101,68,135,69,9" hai1="43,4,28,72,33,12,120,18,107,25,1,50,122" hai2="7,35,94,90,13,27,34,26,74,0,125,19,75" hai3="89,117,52,88,71,127,83,20,36,113,85,17,73"/><T3/><D104/><U115/><E107/><V77/><F77/><W6/><G113/><T81/><D101/><U106/><E106/><V15/><F94/><W76/><G117/><T16/><D114/><U70/><E72/><V118/><F90/><W54/><G36/><T32/><D32/><U132/><E70/><V39/><F39/><W93/><G127/><T84/><D121/><U92/><E115/><V86/><F86/><W53/><G71/><T11/><D3/><U119/><E119/><V10/><F75/><W38/><G38/><T58/><D55/><U49/><E132/><V80/><F80/><W61/><G6/><T24/><D24/><N who="2" m="9258" /><F74/><W99/><G73/><T2/><D2/><U67/><E67/><V41/><F41/><W5/><G5/><T102/><D102/><U51/><E43/><V87/><F87/><W100/><REACH who="3" step="1"/><G61/><REACH who="3" ten="260,260,250,210" step="2"/><T57/><D124/><U63/><E63/><V31/><F125/><W21/><G21/><T46/><D69/><U79/><E122/><V134/><F118/><W112/><G112/><T64/><D68/><U29/><E120/><V37/><F37/><W66/><G66/><T48/><D64/><U130/><E4/><V111/><F35/><W123/><G123/><T105/><D48/><U23/><E49/><V97/><F7/><W126/><G126/><T116/><D116/><U91/><E50/><V42/><F34/><W95/><G95/><T96/><D105/><U14/><E51/><V65/><F65/><W109/><G109/><T103/><D47/><U131/><E33/><V56/><F111/><W78/><G78/><RYUUKYOKU ba="2,2" sc="260,-10,260,-10,250,-10,210,30" hai3="17,20,52,53,54,76,83,85,88,89,93,99,100" /><INIT seed="1,3,2,3,5,64" ten="250,250,240,240" oya="1" hai0="117,23,56,82,35,52,115,34,77,98,101,126,112" hai1="15,28,11,24,86,1,87,44,13,122,128,41,10" hai2="21,57,19,89,66,111,80,12,90,103,0,71,30" hai3="131,9,16,40,55,69,100,79,74,81,63,61,20"/><U50/><E122/><V96/><F111/><W129/><G40/><T127/><D23/><U53/><E1/><V108/><F108/><W59/><G100/><T91/><D117/><U7/><E41/><V43/><F0/><W14/><G9/><T113/><D91/><U65/><E65/><V124/><F124/><N who="0" m="47658" /><D82/><U46/><E46/><V104/><F43/><W27/><REACH who="3" step="1"/><G14/><REACH who="3" ten="250,250,240,230" step="2"/><T8/><D8/><U114/><E114/><V121/><F12/><W88/><G88/><T92/><D77/><U32/><REACH who="1" step="1"/><E128/><REACH who="1" ten="250,240,240,230" step="2"/><V29/><F121/><W31/><G31/><T73/><D115/><U134/><E134/><V94/><F30/><W58/><G58/><T130/><D130/><U76/><E76/><V62/><F29/><W4/><G4/><AGARI ba="3,4" hai="4,7,10,11,13,15,24,28,32,44,50,53,86,87" machi="4" ten="30,5800,0" yaku="1,1,7,1,9,1,53,0" doraHai="64" doraHaiUra="68" who="1" fromWho="3" sc="250,0,240,107,240,0,230,-67" /><INIT seed="1,4,0,5,5,36" ten="250,347,240,163" oya="1" hai0="120,102,55,43,47,60,79,95,41,38,132,122,100" hai1="112,135,27,34,84,133,35,90,115,69,119,104,24" hai2="0,118,68,37,5,18,14,134,46,30,123,105,7" hai3="128,97,99,124,6,12,76,28,29,88,89,116,9"/><U10/><E104/><V19/><F46/><W103/><G124/><T20/><D79/><U61/><E119/><V93/><F93/><W71/><G71/><T75/><D75/><U31/><E10/><V32/><F18/><W22/><G128/><T21/><D132/><N who="1" m="50763" /><E61/><V77/><F19/><W49/><G116/><T13/><D13/><U48/><E48/><V98/><F14/><W70/><G70/><T111/><D111/><U2/><E2/><V126/><F7/><W39/><G39/><T125/><D125/><U96/><E96/><N who="3" m="36938" /><G103/><N who="0" m="39467" /><D38/><U3/><E3/><V85/><F37/><W40/><G76/><T51/><D60/><U64/><E64/><V66/><F66/><W129/><G129/><T108/><D108/><U50/><E50/><V86/><F77/><W131/><G131/><T65/><D65/><U114/><E69/><V92/><F68/><W59/><G59/><T82/><D122/><U23/><E27/><V25/><F0/><W94/><G94/><AGARI ba="4,0" hai="23,24,31,34,35,84,90,94,112,114,115" m="50763" machi="94" ten="40,2000,0" yaku="20,1" doraHai="36" who="1" fromWho="3" sc="250,0,347,32,240,0,163,-32" /><INIT seed="1,5,0,1,0,13" ten="250,379,240,131" oya="1" hai0="118,76,78,8,67,72,101,113,14,122,89,2,77" hai1="46,134,58,35,107,37,81,80,29,92,53,132,88" hai2="75,36,104,112,111,98,121,39,133,73,86,129,135" hai3="18,124,100,109,59,20,123,34,45,114,15,25,131"/><U21/><E107/><V125/><RYUUKYOKU type="yao9" ba="5,0" sc="250,0,379,0,240,0,131,0" hai2="36,39,73,75,86,98,104,111,112,121,125,129,133,135" /><INIT seed="1,6,0,5,4,108" ten="250,379,240,131" oya="1" hai0="56,113,9,52,47,27,4,80,3,65,23,16,42" hai1="13,122,40,95,64,62,12,11,2,58,114,123,34" hai2="49,130,46,109,28,87,19,100,90,104,22,35,41" hai3="6,8,5,81,24,59,120,78,134,26,31,53,39"/><U106/><E114/><V88/><F109/><W82/><G120/><T99/><D65/><U43/><E106/><V45/><F130/><W91/><G39/><T77/><D99/><U20/><E34/><V93/><F35/><W92/><G134/><T51/><D113/><U57/><E2/><V33/><F33/><W76/><G31/><T132/><D132/><U84/><E20/><V21/><F104/><W72/><G5/><T127/><D127/><U121/><E58/><V85/><F93/><W60/><G6/><T54/><REACH who="0" step="1"/><D56/><REACH who="0" ten="240,379,240,131" step="2"/><U124/><E124/><V68/><F68/><W70/><G70/><T48/><D48/><U119/><E121/><V32/><F49/><W118/><G118/><T38/><D38/><U61/><E119/><V83/><F100/><W116/><G116/><T63/><D63/><U111/><E62/><V17/><F32/><W105/><G105/><T129/><D129/><U71/><E71/><V133/><F133/><W7/><G7/><T67/><D67/><U18/><E122/><V74/><F74/><AGARI ba="6,1" hai="3,4,9,16,23,27,42,47,51,52,54,74,77,80" machi="74" ten="30,7700,0" yaku="1,1,7,1,54,2,53,0" doraHai="108" doraHaiUra="98" who="0" fromWho="2" sc="240,105,379,0,240,-95,131,0" /><INIT seed="2,0,0,3,1,46" ten="345,379,145,131" oya="2" hai0="39,80,59,47,75,70,117,57,94,7,45,109,1" hai1="69,61,91,125,96,116,66,63,122,127,37,115,21" hai2="62,102,44,98,135,85,31,51,55,124,28,111,60" hai3="126,74,0,20,68,105,99,73,100,88,49,22,78"/><V83/><F124/><N who="1" m="47689" /><E116/><V33/><F135/><W108/><G108/><T35/><D35/><U4/><E37/><V82/><F111/><W8/><G126/><T93/><D109/><U58/><E115/><V112/><F112/><W40/><G68/><T9/><D47/><U72/><E72/><V30/><F33/><W123/><G123/><T134/><D70/><U129/><E4/><V110/><F110/><W79/><G0/><T23/><D23/><U50/><E122/><V64/><F64/><W120/><G8/><T90/><D94/><N who="1" m="56415" /><E21/><V114/><F114/><W97/><G120/><T32/><D32/><U34/><E34/><V131/><F131/><W101/><G49/><T3/><D3/><U10/><E10/><V41/><F41/><W56/><G56/><T16/><D59/><U107/><E107/><V48/><F48/><W29/><G29/><T87/><D57/><U25/><E25/><V104/><REACH who="2" step="1"/><F83/><REACH who="2" ten="345,379,135,131" step="2"/><W132/><G132/><T36/><D80/><U77/><E50/><V11/><F11/><W14/><G40/><T54/><D134/><U24/><E129/><V89/><AGARI ba="0,1" hai="28,30,31,44,51,55,60,62,82,85,89,98,102,104" machi="89" ten="30,11700,0" yaku="1,1,0,1,52,1,53,1" doraHai="46" doraHaiUra="103" who="2" fromWho="2" sc="345,-39,379,-39,135,127,131,-39" /><INIT seed="2,1,0,3,3,63" ten="306,340,262,92" oya="2" hai0="24,95,44,96,129,8,51,100,0,47,134,130,66" hai1="27,79,78,62,40,23,127,80,75,26,108,16,41" hai2="82,90,58,124,92,65,13,48,38,56,74,53,25" hai3="61,119,94,112,20,14,17,106,49,54,102,97,123"/><V50/><F38/><W11/><G112/><T81/><D134/><U76/><E108/><V99/><F124/><W21/><G119/><T45/><D24/><U19/><E127/><V46/><F74/><W131/><G123/><T34/><D34/><U103/><E103/><V89/><F25/><W39/><G39/><T91/><D66/><U121/><E121/><V32/><F32/><W128/><G61/><T37/><D37/><U5/><E5/><V87/><F65/><W133/><G133/><T105/><D81/><U107/><E107/><V2/><F2/><W69/><G69/><T115/><D115/><U111/><E111/><V114/><F114/><W1/><G1/><T12/><D0/><U10/><E62/><V83/><F83/><W3/><G3/><T60/><D60/><U126/><E126/><V101/><F13/><W35/><G35/><T29/><D29/><U6/><E41/><V117/><F117/><W72/><G72/><T36/><D51/><U55/><E40/><V110/><F110/><W43/><G43/><T18/><REACH who="0" step="1"/><D36/><REACH who="0" ten="296,340,262,92" step="2"/><U59/><E80/><V73/><F73/><W118/><G118/><T68/><D68/><U30/><E75/><V7/><F7/><W71/><G71/><T15/><D15/><N who="1" m="5591" /><E27/><V84/><F50/><W4/><G131/><T33/><D33/><U113/><E113/><V109/><F109/><W31/><G128/><T88/><D88/><U57/><E30/><V120/><F120/><W22/><G31/><T135/><D135/><U52/><E19/><V42/><F42/><W125/><G125/><T98/><AGARI ba="1,1" hai="8,12,18,44,45,47,91,95,96,98,100,105,129,130" machi="98" ten="30,4000,0" yaku="1,1,5,1,0,1,53,0" doraHai="63" doraHaiUra="64" who="0" fromWho="0" sc="296,53,340,-11,262,-21,92,-11" /><INIT seed="3,0,0,1,5,15" ten="349,329,241,81" oya="3" hai0="116,21,12,97,56,27,95,123,29,34,41,108,124" hai1="3,96,18,49,100,131,59,118,14,86,112,67,106" hai2="35,44,38,99,119,33,22,93,98,2,11,23,128" hai3="63,70,50,115,87,90,54,46,102,40,6,127,125"/><W68/><G115/><T110/><D116/><U92/><E118/><V66/><F119/><W16/><G6/><T28/><D123/><U42/><E3/><V47/><F93/><W61/><G102/><T79/><D41/><U31/><E112/><V107/><F66/><W13/><G70/><T120/><D120/><U48/><E31/><V103/><F11/><N who="3" m="6207" /><G68/><T113/><D124/><N who="3" m="47689" /><G40/><T88/><D113/><U55/><E131/><V109/><F2/><W43/><G43/><T65/><D110/><U60/><E42/><V69/><F69/><W5/><G5/><T122/><D108/><U39/><E39/><V58/><F38/><W20/><G20/><T45/><D122/><U105/><E86/><V130/><F103/><W83/><AGARI ba="0,0" hai="46,50,54,61,63,83,87,90" m="47689,6207" machi="83" ten="30,11700,0" yaku="25,1,18,1,52,1,54,1" doraHai="15" who="3" fromWho="3" sc="349,-39,329,-39,241,-39,81,117" /><INIT seed="3,1,0,2,3,50" ten="310,290,202,198" oya="3" hai0="24,94,110,5,35,60,14,17,58,126,88,116,82" hai1="114,59,19,74,129,127,134,4,69,27,21,65,103" hai2="108,41,46,81,30,44,80,98,66,57,112,42,78" hai3="70,11,90,16,95,33,54,91,38,55,135,113,37"/><W63/><G113/><T47/><D116/><U48/><E114/><V100/><F112/><W123/><G123/><T79/><D110/><U2/><E127/><V128/><F108/><W1/><G33/><T71/><D71/><U12/><E129/><V107/><F128/><W23/><G135/><T109/><D47/><U52/><E134/><V36/><F30/><W73/><G73/><T6/><D126/><U84/><E74/><V0/><F0/><W130/><G130/><T8/><D35/><U62/><E103/><V118/><F118/><W105/><G105/><T25/><D82/><U96/><E96/><V111/><F111/><W34/><G34/><T97/><D79/><U67/><E84/><V106/><F78/><W93/><G1/><T133/><D109/><U13/><REACH who="1" step="1"/><E67/><REACH who="1" ten="310,280,202,198" step="2"/><V45/><F98/><W119/><G119/><T72/><D72/><U29/><E29/><V87/><F100/><W22/><G38/><T51/><D133/><U56/><E56/><V53/><F66/><W15/><G37/><T122/><D122/><U125/><E125/><V75/><F87/><N who="3" m="52447" /><G70/><T28/><D28/><U121/><E121/><V32/><F75/><W132/><G132/><T117/><D117/><U86/><E86/><V20/><F36/><W68/><G68/><T3/><D97/><U131/><E131/><V104/><F104/><W7/><G7/><T77/><D6/><U40/><E40/><V43/><F107/><W92/><G92/><T49/><D94/><U124/><E124/><V31/><F106/><W85/><G63/><T64/><D60/><U9/><AGARI ba="1,1" hai="2,4,9,12,13,19,21,27,48,52,59,62,65,69" machi="9" ten="30,8000,1" yaku="1,1,5,1,0,1,52,1,54,1,53,0" doraHai="50" doraHaiUra="89" who="1" fromWho="1" sc="310,-21,280,93,202,-21,198,-41" /><INIT seed="4,0,0,3,2,63" ten="289,373,181,157" oya="0" hai0="60,116,109,9,20,110,97,124,129,58,22,85,57" hai1="64,111,26,90,78,123,95,120,49,59,68,24,75" hai2="36,0,80,127,50,34,52,103,104,65,53,8,37" hai3="84,119,4,66,93,70,13,82,134,125,2,69,117"/><T89/><D116/><U47/><E111/><N who="0" m="42505" /><D129/><U107/><E107/><V62/><F34/><W108/><G108/><T114/><D114/><U5/><E68/><V133/><F127/><W40/><G125/><T88/><D124/><U56/><E5/><V41/><F133/><W98/><G134/><T51/><D9/><U45/><E78/><V33/><F33/><W71/><G40/><T96/><D51/><U25/><E75/><V30/><F30/><W11/><G119/><T61/><D85/><U131/><E131/><V12/><F0/><W128/><G117/><T77/><D77/><U15/><E15/><V91/><F41/><W42/><G42/><T106/><D106/><U17/><E17/><V105/><F37/><W55/><G55/><N who="0" m="33855" /><D97/><U115/><E115/><V19/><F36/><W46/><G128/><T135/><D135/><U99/><E49/><V74/><F53/><W130/><G130/><T18/><D96/><U39/><E39/><V14/><F105/><W83/><G98/><T48/><D48/><U67/><E123/><V101/><F104/><W23/><G46/><N who="1" m="17418" /><E120/><V54/><F54/><W79/><G93/><T1/><D1/><U122/><E122/><V29/><F74/><W86/><G2/><T92/><D92/><U44/><N who="1" m="17426" /><U27/><N who="1" m="6144" /><DORA hai="100" /><DORA hai="7" /><U32/><E32/><V6/><F50/><W38/><G38/><T87/><D87/><U76/><E76/><V81/><F8/><W94/><G79/><T118/><D118/><U102/><E102/><V43/><F103/><W16/><G94/><T121/><D121/><U3/><E3/><RYUUKYOKU ba="0,0" sc="289,-10,373,30,181,-10,157,-10" hai1="56,59,64,67,90,95,99" /><INIT seed="5,1,0,3,4,77" ten="279,403,171,147" oya="1" hai0="129,43,83,122,39,89,13,74,107,75,44,6,87" hai1="18,127,36,85,100,2,115,81,37,111,105,121,65" hai2="8,101,17,40,128,130,55,117,116,33,71,10,29" hai3="113,1,0,32,20,5,60,103,59,7,106,66,88"/><U27/><E121/><V16/><F71/><W135/><G32/><T61/><D107/><U120/><E120/><V67/><F67/><W24/><G113/><T45/><D122/><U56/><E115/><V84/><F40/><W99/><G135/><T112/><D129/><N who="2" m="49770" /><F55/><W108/><G108/><T4/><D112/><U35/><E2/><V38/><F84/><W53/><G1/><T80/><D61/><U48/><E127/><V93/><F93/><W126/><G126/><T68/><D68/><U124/><E124/><V96/><F96/><W95/><G0/><T21/><D45/><U9/><E111/><V50/><F50/><W14/><G14/><T3/><D3/><U97/><E35/><V118/><F101/><W110/><G110/><T82/><D75/><U47/><E65/><V132/><F38/><W63/><G63/><T31/><D74/><U57/><E37/><V51/><F51/><W133/><G133/><T119/><D119/><U64/><E36/><V79/><F79/><W78/><G78/><T46/><D46/><U125/><E64/><V30/><F132/><W52/><G53/><T23/><D39/><U62/><E62/><V98/><F98/><N who="3" m="57703" /><G66/><T73/><D73/><U69/><E69/><V109/><F109/><W26/><G26/><N who="0" m="16847" /><D43/><N who="1" m="24703" /><E125/><V42/><F42/><W34/><G34/><T134/><D134/><U104/><E105/><V58/><F33/><W28/><G106/><T91/><D44/><U22/><E9/><N who="2" m="3691" /><F58/><W25/><G25/><T114/><D114/><U49/><E49/><V11/><F11/><W102/><G99/><T72/><D72/><RYUUKYOKU ba="1,0" sc="279,-30,403,10,171,10,147,10" hai1="18,22,27,56,57,81,85,97,100,104" hai2="16,17,29,30,116,117,118" hai3="5,7,20,24,28,52,59,60,102,103" /><INIT seed="5,2,0,5,4,69" ten="249,413,181,157" oya="1" hai0="59,67,56,84,109,46,124,0,3,77,130,71,68" hai1="76,110,45,117,16,86,10,12,123,43,49,99,11" hai2="20,35,57,113,78,107,74,70,9,103,41,29,133" hai3="62,94,50,106,27,37,132,90,134,135,97,52,19"/><U26/><E117/><V63/><F20/><N who="3" m="13727" /><G106/><T92/><D109/><U5/><E110/><V33/><F57/><N who="3" m="32919" /><G62/><T102/><D130/><U95/><E123/><V4/><F133/><W47/><G47/><T55/><D124/><U72/><E72/><V65/><F113/><W66/><G66/><T85/><D46/><U83/><E26/><V126/><F126/><W93/><G93/><T119/><D92/><U80/><E83/><N who="2" m="45527" /><F41/><W129/><G129/><T116/><D67/><U91/><E5/><V75/><F75/><W88/><G37/><T118/><D118/><U82/><E82/><V34/><F29/><W64/><G64/><T44/><D44/><U121/><E121/><V40/><F40/><W96/><G96/><T6/><D55/><U39/><E39/><V104/><F103/><AGARI ba="2,0" hai="88,90,94,97,103,132,134,135" m="32919,13727" machi="103" ten="30,3900,0" yaku="20,1,54,2" doraHai="69" who="3" fromWho="2" sc="249,0,413,0,181,-45,157,45" /><INIT seed="6,0,0,2,5,47" ten="249,413,136,202" oya="2" hai0="111,0,68,50,100,62,4,116,25,53,23,124,34" hai1="109,118,66,85,36,18,54,121,44,69,32,7,77" hai2="105,84,73,97,43,22,76,10,24,63,29,113,49" hai3="55,99,115,38,65,120,130,64,1,3,75,40,19"/><V16/><F113/><W122/><G75/><T92/><D111/><U35/><E109/><V87/><F73/><W126/><G130/><T125/><D34/><U103/><E118/><V52/><F105/><W98/><G115/><T17/><D116/><U107/><E121/><V72/><F97/><W26/><G126/><N who="0" m="48747" /><D4/><U45/><E7/><V108/><F108/><W8/><G55/><T15/><D0/><U104/><E103/><V12/><F72/><W123/><G40/><T14/><D92/><U95/><E18/><V58/><F76/><W13/><G38/><T21/><D21/><U133/><E133/><V28/><F28/><W80/><G80/><T129/><D100/><U67/><E54/><N who="2" m="34263" /><F43/><W78/><G78/><T94/><D94/><U79/><E36/><V89/><F89/><W117/><G117/><T5/><D129/><U46/><E95/><V90/><F90/><W33/><G3/><T60/><D68/><U61/><E104/><V74/><F74/><W51/><G1/><T71/><D71/><U114/><E107/><V88/><F88/><W39/><G39/><T127/><D127/><U101/><E35/><V110/><F110/><W56/><G65/><T31/><D31/><U93/><E32/><V119/><F119/><W70/><G70/><T30/><D30/><U11/><E93/><V134/><F134/><W81/><G81/><T91/><D91/><U48/><E69/><V106/><F106/><W57/><G64/><T86/><D86/><U41/><E85/><V102/><F102/><W27/><G33/><T112/><D112/><U6/><E114/><RYUUKYOKU ba="0,0" sc="249,-10,413,-10,136,30,202,-10" hai2="10,12,16,22,24,29,49,52,84,87" /><INIT seed="6,1,0,4,3,43" ten="239,403,166,192" oya="2" hai0="49,131,134,80,44,52,67,9,70,115,135,105,94" hai1="132,53,79,120,121,128,92,4,74,38,84,36,59" hai2="76,27,108,72,28,106,54,71,97,24,103,112,93" hai3="23,60,73,102,15,48,117,55,116,123,26,34,133"/><V63/><F112/><W41/><G123/><N who="1" m="47178" /><E128/><V130/><F130/><W3/><G73/><T101/><D105/><U14/><E74/><V1/><F1/><W19/><G133/><N who="0" m="50699" /><D80/><N who="1" m="47135" /><E132/><V22/><F108/><W47/><G102/><T124/><D124/><U78/><E78/><V18/><F76/><W125/><G3/><T6/><D115/><U89/><E14/><V21/><F72/><W109/><G109/><T104/><D104/><U83/><E83/><V96/><F71/><W13/><G125/><T12/><D131/><U90/><E4/><V129/><F129/><W56/><REACH who="3" step="1"/><G34/><REACH who="3" ten="239,403,166,182" step="2"/><T25/><D101/><U64/><E64/><V98/><F106/><W37/><G37/><T107/><D107/><U61/><E36/><V39/><F39/><W51/><G51/><T10/><D49/><U127/><E38/><V33/><F33/><W69/><G69/><T95/><D70/><U88/><E127/><V45/><F63/><W0/><G0/><T86/><D67/><U42/><E42/><V58/><F58/><W81/><G81/><T40/><D40/><U91/><E91/><V35/><F35/><W32/><G32/><T29/><D95/><AGARI ba="1,1" hai="53,59,61,88,89,90,92,95" m="47135,47178" machi="95" ten="30,2000,0" yaku="13,1,54,1" doraHai="43" who="1" fromWho="0" sc="239,-23,403,33,166,0,182,0" /><INIT seed="7,0,0,3,2,103" ten="216,436,166,182" oya="3" hai0="12,35,13,68,93,88,72,15,48,124,108,126,96" hai1="46,53,50,110,135,112,82,40,26,8,31,21,98" hai2="33,114,5,83,129,43,25,62,67,58,99,118,80" hai3="76,115,0,101,17,56,119,30,47,41,84,59,121"/><W54/><G119/><T36/><D108/><U87/><E110/><V52/><F118/><W95/><G121/><T70/><D36/><U74/><E74/><V37/><F114/><W92/><G115/><T23/><D35/><U85/><E112/><V32/><F129/><W22/><G0/><T122/><D72/><U19/><E135/><V63/><F5/><W75/><G75/><T49/><D23/><N who="1" m="15839" /><E8/><V66/><F99/><W34/><G34/><T57/><D122/><U45/><E98/><V29/><F33/><W105/><G30/><T79/><D79/><U69/><E69/><N who="0" m="26729" /><D57/><U78/><E85/><V130/><F130/><W10/><G10/><T11/><D11/><U55/><E45/><V127/><F127/><AGARI ba="0,0" hai="12,13,15,48,49,88,93,96,124,126,127" m="26729" machi="127" ten="40,2600,0" yaku="18,1,54,1" doraHai="103" who="0" fromWho="2" sc="216,26,436,0,166,-26,182,0" owari="242,4.0,436,54.0,140,-36.0,182,-22.0" /></mjloggm>