<mjloggm ver="2.3"><GO type="41" lobby="0"/><UN n0="%68%72%79%6D" n1="%74%73%75%6E%61" n2="%E2%93%9D%53%75%70%68%78" n3="%E3%81%99%E3%81%AE%E3%81%A4%E3%81%8F%E4%BA%BA" dan="15,14,18,15" rate="2010.26,1897.48,2106.93,2062.00" sx="M,M,M,M"/><TAIKYOKU oya="0"/><INIT seed="0,0,0,3,0,85" ten="250,250,250,250" oya="0" hai0="14,122,58,47,83,32,110,50,65,9,93,111,130" hai1="41,46,80,13,62,35,89,20,74,120,52,39,90" hai2="24,48,129,59,96,132,15,53,117,98,64,18,104" hai3="71,88,119,0,42,19,54,127,45,77,40,17,43"/><T49/><D32/><U55/><E35/><V128/><F132/><W51/><G71/><T131/><D122/><U63/><E120/><V28/><F117/><W10/><G77/><T135/><D135/><U68/><E74/><V22/><F64/><W108/><G119/><T124/><D124/><U60/><E80/><V87/><F104/><W34/><G34/><T79/><D93/><U75/><E75/><V125/><F125/><W109/><G127/><T70/><D70/><U69/><E20/><V73/><F73/><W44/><G0/><T118/><D118/><U2/><E2/><V81/><F129/><N who="0" m="49162" /><D65/><U11/><E68/><V113/><F113/><W134/><G45/><T29/><D29/><U101/><E101/><V121/><F121/><W116/><G10/><T126/><D58/><U94/><E69/><V67/><F67/><W107/><G107/><T16/><D126/><U112/><E112/><V97/><F128/><W76/><G76/><T105/><D105/><U106/><E106/><V66/><F66/><W95/><G134/><T26/><D26/><U12/><E12/><V102/><F102/><W5/><G5/><T114/><D114/><U23/><E23/><V78/><REACH who="2" step="1"/><F15/><REACH who="2" ten="250,250,240,250" step="2"/><W31/><G116/><T27/><D27/><U7/><REACH who="1" step="1"/><E90/><REACH who="1" ten="250,240,240,250" step="2"/><V37/><F37/><W56/><G88/><T1/><D1/><U72/><E72/><V36/><F36/><W38/><G38/><T33/><D33/><U6/><E6/><V30/><AGARI ba="0,2" hai="18,22,24,28,30,48,53,59,78,81,87,96,97,98" machi="30" ten="30,4000,0" yaku="1,1,0,1,8,1,53,0" doraHai="85" doraHaiUra="103" who="2" fromWho="2" sc="250,-20,240,-10,240,60,250,-10" /><INIT seed="1,0,0,5,3,23" ten="230,230,300,240" oya="1" hai0="60,43,131,57,20,62,18,73,113,29,101,61,8" hai1="91,12,88,97,79,109,9,68,39,123,75,130,129" hai2="67,33,121,30,110,41,27,64,50,31,49,112,38" hai3="90,34,71,45,13,81,118,111,72,48,99,16,86"/><U83/><E39/><V127/><F121/><W59/><G71/><T124/><D113/><U120/><E68/><V128/><F112/><W70/><G70/><T53/><D124/><U24/><E12/><V107/><F107/><W1/><G1/><T40/><D73/><U92/><E9/><V105/><F105/><W44/><G111/><T133/><D133/><U134/><E134/><V122/><F128/><N who="1" m="49257" /><E24/><V52/><F122/><N who="1" m="46633" /><E109/><V55/><F110/><W102/><G34/><T6/><D101/><AGARI ba="0,0" hai="75,79,83,88,91,92,97,101" m="46633,49257" machi="101" ten="30,11600,0" yaku="19,1,34,2,54,1" doraHai="23" who="1" fromWho="0" sc="230,-116,230,116,300,0,240,0" /><INIT seed="1,1,0,0,4,1" ten="114,346,300,240" oya="1" hai0="87,108,52,84,128,120,27,19,73,3,65,90,58" hai1="119,32,127,10,92,101,41,68,96,126,21,114,24" hai2="113,37,103,117,118,131,50,20,2,91,129,48,51" hai3="104,11,59,7,47,36,115,55,66,97,98,110,28"/><U18/><E68/><V60/><F103/><W17/><G110/><T133/><D3/><U78/><E119/><N who="2" m="45579" /><F91/><W57/><G28/><T45/><D73/><U49/><E114/><V23/><F2/><W76/><G76/><T43/><D120/><U22/><E78/><V25/><F37/><W53/><G104/><T82/><D108/><U44/><E32/><V34/><F60/><W6/><G36/><T4/><D128/><N who="2" m="49226" /><F113/><W95/><G115/><T85/><D133/><U12/><REACH who="1" step="1"/><E22/><REACH who="1" ten="114,336,300,240" step="2"/><N who="2" m="8235" /><F25/><W99/><G66/><T70/><D27/><U54/><E54/><V102/><F102/><W40/><G55/><T135/><D65/><U8/><E8/><V64/><F64/><W80/><G53/><T15/><D70/><U42/><E42/><V79/><F79/><W72/><G40/><T61/><D135/><U111/><E111/><V77/><F77/><W112/><G112/><T132/><D132/><U38/><E38/><V123/><F123/><W5/><G72/><T75/><D75/><U29/><AGARI ba="1,1" hai="10,12,18,21,24,29,41,44,49,92,96,101,126,127" machi="29" ten="30,3000,0" yaku="1,1,0,1,53,0" doraHai="1" doraHaiUra="130" who="1" fromWho="1" sc="114,-11,336,43,300,-11,240,-11" /><INIT seed="1,2,0,4,0,131" ten="103,379,289,229" oya="1" hai0="0,117,54,58,85,24,100,120,28,2,106,13,84" hai1="87,127,66,60,14,35,114,95,73,110,72,32,11" hai2="78,9,3,88,39,38,4,92,126,125,50,116,33" hai3="68,108,77,31,61,16,41,80,82,40,36,27,22"/><U55/><E114/><V44/><F33/><W21/><G108/><T63/><D117/><U105/><E105/><V112/><F78/><W30/><G80/><T123/><D106/><U65/><E110/><V20/><F20/><W111/><G111/><T74/><D100/><U101/><E127/><N who="2" m="48651" /><F116/><W98/><G98/><T135/><D74/><U52/><E101/><V53/><F112/><W6/><G6/><T90/><D13/><U25/><E25/><V56/><F56/><W15/><G36/><T104/><D104/><U8/><E14/><V121/><F121/><W67/><REACH who="3" step="1"/><G31/><REACH who="3" ten="103,379,289,219" step="2"/><T102/><D120/><U81/><E81/><V45/><F45/><W91/><G91/><T57/><D123/><U42/><E72/><AGARI ba="2,1" hai="15,16,21,22,27,30,40,41,61,67,68,72,77,82" machi="72" ten="30,3900,0" yaku="1,1,7,1,54,1,53,0" doraHai="131" doraHaiUra="118" who="3" fromWho="1" sc="103,0,379,-45,289,0,219,55" /><INIT seed="2,0,0,4,5,41" ten="103,334,289,274" oya="2" hai0="129,111,86,68,60,128,132,7,30,104,105,8,6" hai1="10,74,0,45,29,78,55,63,96,107,84,40,71" hai2="38,66,49,133,87,35,25,77,1,24,135,16,100" hai3="3,93,97,92,108,124,119,5,46,2,51,90,32"/><V4/><F38/><W98/><G119/><T115/><D115/><U82/><E29/><V20/><F100/><W22/><G32/><T42/><D111/><U21/><E21/><V26/><F66/><W48/><G124/><T72/><D132/><N who="2" m="50762" /><F49/><W15/><G51/><T54/><D72/><U116/><E116/><V123/><F77/><W91/><G108/><T127/><D127/><U88/><E55/><V103/><F87/><W27/><G5/><T36/><D86/><U11/><E63/><V19/><F103/><W52/><REACH who="3" step="1"/><G15/><REACH who="3" ten="103,334,289,264" step="2"/><T80/><D6/><U13/><E13/><N who="2" m="9231" /><F123/><W130/><G130/><T112/><D7/><U125/><E125/><V43/><F43/><W73/><G73/><T114/><D42/><U61/><E0/><V117/><F117/><W102/><G102/><T53/><D36/><U50/><E74/><V33/><F19/><AGARI ba="0,1" hai="2,3,19,22,27,46,48,52,90,91,92,93,97,98" machi="19" ten="30,8000,1" yaku="1,1,7,1,9,1,52,1,54,1,53,0" doraHai="41" doraHaiUra="70" who="3" fromWho="2" sc="103,0,334,0,289,-80,264,90" /><INIT seed="3,0,0,1,4,16" ten="103,334,209,354" oya="3" hai0="64,121,116,60,88,101,18,119,77,132,4,96,125" hai1="36,122,54,13,69,27,41,55,17,102,112,37,109" hai2="32,76,33,58,92,15,97,104,70,71,117,57,30" hai3="99,66,114,120,42,111,124,127,5,59,134,52,35"/><W67/><G35/><T8/><D121/><U48/><E112/><V82/><F104/><W56/><G5/><T61/><D132/><U43/><E102/><V22/><F117/><W9/><G9/><T72/><D125/><N who="3" m="48201" /><G99/><T14/><D61/><U123/><E27/><V93/><F82/><W86/><G86/><T45/><D45/><U34/><E34/><V126/><F126/><W81/><G81/><T49/><D49/><U53/><E17/><V115/><F97/><W1/><G1/><T39/><D39/><N who="1" m="14923" /><E13/><V20/><F15/><W73/><G73/><T131/><D131/><U44/><E109/><V63/><F63/><N who="3" m="36231" /><G120/><T113/><D113/><U103/><E103/><V21/><F115/><W38/><G114/><T83/><D4/><U107/><E107/><V29/><REACH who="2" step="1"/><F22/><REACH who="2" ten="103,334,199,354" step="2"/><W23/><G23/><T6/><D6/><U118/><E118/><V128/><F128/><W110/><G134/><T80/><D80/><U100/><E122/><V105/><F105/><W46/><G59/><T24/><D101/><U2/><E2/><V94/><F94/><W98/><G98/><T7/><D7/><U135/><E135/><V26/><F26/><W12/><G12/><T106/><D24/><U130/><E130/><V90/><F90/><W79/><G79/><AGARI ba="0,1" hai="20,21,29,30,32,33,57,58,70,71,76,79,92,93" machi="79" ten="25,8000,1" yaku="1,1,22,2,52,2,53,0" doraHai="16" doraHaiUra="108" who="2" fromWho="3" sc="103,0,334,0,199,90,354,-80" /><INIT seed="4,0,0,5,4,44" ten="103,334,289,274" oya="0" hai0="105,113,60,14,26,114,68,59,13,54,95,30,125" hai1="116,3,25,98,10,15,56,128,32,11,103,89,104" hai2="64,90,75,70,131,123,83,87,23,93,106,45,12" hai3="0,63,38,96,2,65,53,119,94,109,48,69,79"/><T34/><D105/><U99/><E116/><V6/><F131/><W120/><G119/><T50/><D125/><U40/><E128/><V9/><F123/><W111/><G38/><T85/><D68/><U88/><E3/><V4/><F106/><W20/><G79/><T129/><D129/><U80/><E40/><V77/><F70/><W28/><G120/><T118/><D118/><U72/><E32/><V7/><F64/><W117/><G117/><T74/><D74/><U67/><E25/><V124/><F124/><W110/><G20/><T43/><D43/><U27/><E27/><V47/><REACH who="2" step="1"/><F23/><REACH who="2" ten="103,334,279,274" step="2"/><W42/><G42/><T17/><D60/><U91/><E67/><V61/><F61/><W92/><G28/><T55/><D55/><U107/><E11/><V102/><F102/><W130/><G130/><T133/><D133/><U84/><E10/><V58/><F58/><W1/><REACH who="3" step="1"/><G96/><REACH who="3" ten="103,334,279,264" step="2"/><T19/><D113/><U8/><E98/><V24/><F24/><W78/><G78/><T51/><D114/><U33/><E33/><V62/><F62/><W108/><N who="3" m="27648" /><DORA hai="21" /><W5/><G5/><AGARI ba="0,2" hai="4,5,6,7,9,12,45,47,75,77,83,87,90,93" machi="5" ten="40,2600,0" yaku="1,1,53,1" doraHai="44,21" doraHaiUra="29,82" who="2" fromWho="3" sc="103,0,334,0,279,46,264,-26" /><INIT seed="5,0,0,2,0,117" ten="103,334,325,238" oya="1" hai0="2,109,100,65,13,4,120,16,112,73,30,25,76" hai1="50,27,44,97,14,0,9,95,11,19,48,7,41" hai2="23,106,119,21,78,131,28,38,1,10,93,89,107" hai3="12,102,134,32,66,69,59,135,5,60,62,17,133"/><U40/><E27/><V104/><F119/><W94/><G32/><N who="0" m="20559" /><D100/><U77/><E77/><V105/><F131/><W63/><G5/><T22/><D65/><U98/><REACH who="1" step="1"/><E95/><REACH who="1" ten="103,324,325,238" step="2"/><V115/><F107/><W124/><G124/><T84/><D76/><U55/><E55/><V129/><F106/><W57/><G94/><T49/><D109/><U118/><E118/><V33/><F105/><W85/><G102/><T80/><D112/><U101/><E101/><V56/><F104/><W18/><G85/><T45/><D73/><U110/><E110/><V128/><F115/><W8/><G18/><T61/><D4/><U43/><E43/><V126/><F126/><W75/><G75/><T39/><D16/><U82/><E82/><V3/><F78/><W42/><G42/><T29/><D80/><U52/><E52/><V6/><F129/><W81/><G81/><T26/><D26/><U37/><E37/><V132/><F38/><W79/><G79/><T53/><D39/><U70/><E70/><V47/><F128/><W91/><G91/><T96/><D53/><U108/><E108/><V90/><F90/><W71/><G66/><T130/><D130/><U123/><E123/><V92/><F89/><W114/><G114/><T31/><D120/><U87/><E87/><V24/><F93/><W83/><G83/><T35/><D84/><U51/><E51/><V116/><F116/><W99/><G71/><T113/><D49/><U72/><E72/><V20/><F92/><W15/><G69/><T74/><D74/><U46/><AGARI ba="0,1" hai="0,7,9,11,14,19,40,41,44,46,48,50,97,98" machi="46" ten="30,6000,0" yaku="1,1,0,1,9,1,53,0" doraHai="117" doraHaiUra="54" who="1" fromWho="1" sc="103,-20,324,70,325,-20,238,-20" /><INIT seed="5,1,0,5,5,27" ten="83,394,305,218" oya="1" hai0="110,81,9,72,78,98,96,131,26,21,3,58,105" hai1="14,57,108,92,43,33,53,85,55,10,83,30,4" hai2="114,47,51,75,0,24,52,39,118,8,106,84,77" hai3="88,7,115,73,103,80,90,11,1,61,95,67,87"/><U46/><E108/><V31/><F118/><W71/><G115/><T93/><D110/><U134/><E134/><V116/><F116/><W29/><G73/><T129/><D3/><U97/><E33/><V66/><F106/><W65/><G65/><T125/><D125/><U59/><E30/><V36/><F75/><W41/><G41/><T54/><D9/><U2/><E2/><V48/><F66/><W127/><G127/><T16/><BYE who="3" /><D105/><U44/><E97/><V112/><F51/><W89/><G89/><T62/><REACH who="0" step="1"/><D98/><REACH who="0" ten="73,394,305,218" step="2"/><U107/><E107/><V76/><F8/><W28/><G28/><T126/><D126/><U60/><E92/><V104/><F0/><W99/><G99/><T100/><AGARI ba="1,1" hai="16,21,26,54,58,62,72,78,81,93,96,100,129,131" machi="100" ten="30,4000,0" yaku="1,1,0,1,54,1,53,0" doraHai="27" doraHaiUra="123" who="0" fromWho="0" sc="73,53,394,-21,305,-11,218,-11" /><INIT seed="6,0,0,0,3,25" ten="126,373,294,207" oya="2" hai0="77,24,98,91,99,86,80,135,126,132,40,95,79" hai1="81,130,87,51,53,49,93,82,114,102,41,45,75" hai2="113,58,108,73,23,85,97,76,74,16,103,22,13" hai3="27,68,18,50,19,8,101,88,66,31,12,119,3"/><V110/><F113/><W63/><G63/><T129/><D40/><U43/><E114/><V30/><F85/><W21/><G21/><T83/><D24/><U62/><E130/><V92/><F76/><N who="0" m="29258" /><D129/><U90/><E75/><UN n3="%E3%81%99%E3%81%AE%E3%81%A4%E3%81%8F%E4%BA%BA" /><V14/><F58/><W118/><G68/><T38/><D38/><U54/><E102/><V111/><F30/><W33/><G66/><T72/><D126/><U134/><E134/><N who="0" m="51241" /><D72/><U122/><E122/><V71/><F71/><W104/><G50/><T4/><D4/><U59/><E43/><V6/><F6/><W120/><G120/><T96/><AGARI ba="0,0" hai="80,83,86,91,95,96,98,99" m="51241,29258" machi="96" ten="40,5200,0" yaku="20,1,34,2" doraHai="25" who="0" fromWho="0" sc="126,52,373,-13,294,-26,207,-13" /><INIT seed="7,0,0,5,2,31" ten="178,360,268,194" oya="3" hai0="30,111,113,9,79,132,17,72,33,109,0,116,58" hai1="68,19,133,129,53,135,108,123,86,110,52,70,117" hai2="91,124,54,66,126,128,107,95,22,67,42,57,127" hai3="101,48,41,80,131,1,63,14,39,122,73,26,23"/><W46/><G122/><T114/><D116/><U59/><E86/><V60/><F107/><W6/><G131/><T82/><D132/><U84/><E84/><V97/><F128/><W74/><G101/><T35/><D58/><U27/><E27/><V47/><REACH who="2" step="1"/><F22/><REACH who="2" ten="178,360,258,194" step="2"/><W16/><G63/><T119/><D119/><U104/><E104/><V83/><F83/><W21/><G80/><T12/><D0/><U125/><E129/><V118/><F118/><W4/><G39/><AGARI ba="0,1" hai="39,42,47,54,57,60,66,67,91,95,97,124,126,127" machi="39" ten="40,5200,0" yaku="1,1,18,1,53,1" doraHai="31" doraHaiUra="93" who="2" fromWho="3" sc="178,0,360,0,258,62,194,-52" owari="178,-22.0,360,46.0,320,12.0,142,-36.0" /></mjloggm>