<mjloggm ver="2.3"><GO type="41" lobby="0"/><UN n0="%E2%93%9D%53%75%70%68%78" n1="%E3%83%97%E3%83%A9%E3%83%88%E3%83%B3" n2="%E3%82%82%E3%82%93%E3%81%A1%E3%81%A3%E3%81%A1" n3="%55%47%41%4E%44%41%2D%32" dan="18,15,14,13" rate="2079.45,1986.69,1921.87,1874.27" sx="M,M,M,M"/><TAIKYOKU oya="0"/><INIT seed="0,0,0,3,4,94" ten="250,250,250,250" oya="0" hai0="135,22,53,3,97,121,127,44,59,65,112,92,106" hai1="134,47,33,19,90,96,84,72,38,108,117,86,27" hai2="5,83,120,56,118,113,80,6,45,0,111,25,132" hai3="9,61,20,36,26,104,82,119,100,76,16,58,14"/><T89/><D121/><U81/><E117/><V129/><F111/><W23/><G119/><T116/><D116/><U77/><E108/><V99/><F120/><W128/><G36/><T51/><D3/><U57/><E134/><V48/><F113/><W37/><G37/><T15/><D127/><U71/><E71/><V98/><F132/><W66/><G128/><T85/><D135/><U21/><E33/><V55/><F129/><W29/><G104/><T79/><D112/><U8/><E8/><V28/><F118/><W10/><REACH who="3" step="1"/><G100/><REACH who="3" ten="250,250,250,240" step="2"/><T60/><D106/><U32/><E38/><V64/><F83/><W130/><G130/><T125/><D125/><U7/><E81/><V124/><F80/><W126/><G126/><T30/><D79/><U1/><E77/><V4/><F124/><W52/><G52/><T12/><D85/><AGARI ba="0,1" hai="9,10,14,16,20,23,26,29,58,61,66,76,82,85" machi="85" ten="30,7700,0" yaku="1,1,7,1,8,1,54,1,53,0" doraHai="94" doraHaiUra="43" who="3" fromWho="0" sc="250,-77,250,0,250,0,240,87" /><INIT seed="1,0,0,5,2,24" ten="173,250,250,327" oya="1" hai0="111,19,38,92,62,7,0,131,43,61,12,29,110" hai1="91,10,4,78,74,87,25,64,48,128,106,135,101" hai2="105,100,9,63,14,59,117,107,123,73,130,72,1" hai3="86,82,41,18,88,2,46,65,71,6,77,57,11"/><U34/><E135/><V121/><F130/><W36/><G71/><T33/><D131/><U103/><E128/><V125/><F125/><W56/><G65/><T104/><D104/><U99/><E103/><V119/><F1/><W76/><G77/><T133/><D92/><U113/><E113/><V96/><F107/><W45/><G46/><T81/><D81/><U67/><E48/><V42/><F42/><W35/><G35/><T20/><D43/><U122/><E122/><V23/><F73/><W60/><G60/><T49/><D38/><U118/><E118/><V112/><F72/><W93/><G18/><T114/><D49/><U5/><E5/><V116/><F23/><W21/><G21/><T98/><D98/><AGARI ba="0,0" hai="2,6,11,36,41,45,56,57,76,82,86,88,93,98" machi="98" ten="30,2000,0" yaku="7,1,54,1" doraHai="24" who="3" fromWho="0" sc="173,-20,250,0,250,0,327,20" /><INIT seed="2,0,0,2,3,76" ten="153,250,250,347" oya="2" hai0="6,109,42,24,98,125,135,55,22,89,133,87,95" hai1="63,128,59,75,57,54,13,41,52,86,121,11,10" hai2="126,110,1,65,122,15,104,72,49,9,80,38,64" hai3="19,53,115,60,107,67,81,45,30,3,66,127,58"/><V132/><F122/><W21/><G107/><T5/><D109/><U14/><E128/><V40/><F126/><W78/><G3/><T102/><D42/><U68/><E75/><V120/><F132/><N who="0" m="50762" /><D55/><U31/><E68/><V2/><F110/><W12/><G127/><T73/><D73/><U77/><E31/><V27/><F104/><W23/><G45/><T88/><D89/><U4/><E41/><V50/><F120/><W101/><G101/><T35/><D35/><U0/><E121/><V25/><F38/><W29/><G115/><T124/><D124/><U36/><E36/><V97/><F97/><W131/><G131/><T105/><D125/><U71/><E71/><V93/><F93/><W18/><G67/><N who="2" m="25673" /><F1/><W112/><G66/><T28/><AGARI ba="0,0" hai="5,6,22,24,28,87,88,95,98,102,105" m="50762" machi="28" ten="30,2000,0" yaku="20,1,54,1" doraHai="76" who="0" fromWho="0" sc="153,20,250,-5,250,-10,347,-5" /><INIT seed="3,0,0,5,5,55" ten="173,245,240,342" oya="3" hai0="100,128,123,125,120,53,119,56,2,32,63,90,9" hai1="30,82,57,92,71,48,37,20,85,122,105,6,21" hai2="112,121,42,61,62,47,16,80,68,104,3,109,83" hai3="28,8,11,17,59,24,72,134,127,35,50,95,132"/><W77/><G127/><T23/><D119/><U15/><E105/><V54/><F109/><W108/><G17/><T130/><D32/><U131/><E71/><V114/><F121/><W87/><G72/><T113/><D100/><U38/><E122/><V78/><F104/><W89/><G77/><T118/><D118/><U43/><E131/><N who="0" m="50217" /><D125/><U36/><E92/><V29/><F3/><W116/><G116/><T52/><D113/><U4/><E21/><V94/><F29/><W111/><G8/><T102/><D102/><U44/><E57/><N who="2" m="34999" /><F68/><W19/><G19/><T18/><D53/><U79/><REACH who="1" step="1"/><E15/><REACH who="1" ten="173,235,240,342" step="2"/><V27/><F112/><W7/><G111/><T117/><D117/><U101/><E101/><V67/><F114/><W81/><G108/><T65/><D65/><U40/><E40/><V60/><F67/><W12/><G95/><T41/><D41/><U51/><E51/><N who="2" m="27127" /><F94/><W64/><REACH who="3" step="1"/><G50/><REACH who="3" ten="173,235,240,332" step="2"/><T46/><D123/><U14/><E14/><V69/><F83/><W135/><G135/><T129/><D120/><U96/><E96/><V34/><F80/><W74/><G74/><T98/><D129/><U91/><E91/><V39/><F78/><W13/><G13/><N who="0" m="9679" /><D98/><U70/><E70/><V49/><F69/><W0/><G0/><T66/><D90/><U5/><E5/><V25/><F49/><W99/><G99/><T110/><D110/><U76/><E76/><V31/><F39/><W33/><G33/><T84/><D2/><U106/><E106/><V58/><F34/><W133/><G133/><T26/><D56/><U93/><E93/><V86/><F58/><RYUUKYOKU ba="0,2" sc="173,-15,235,15,240,-15,332,15" hai1="4,6,20,30,36,37,38,43,44,48,79,82,85" hai3="7,11,12,24,28,35,59,64,81,87,89,132,134" /><INIT seed="3,1,2,3,0,35" ten="158,250,225,347" oya="3" hai0="87,102,85,130,6,33,128,16,91,134,52,10,112" hai1="51,110,117,124,97,135,74,101,23,84,107,71,15" hai2="106,48,92,90,77,126,67,99,20,81,31,94,53" hai3="100,12,118,133,25,96,36,5,62,9,82,4,129"/><W125/><G36/><T80/><D33/><U127/><E71/><V114/><F126/><N who="1" m="48169" /><E74/><V7/><F114/><W104/><G118/><T76/><D112/><U89/><E110/><V93/><F106/><W63/><G129/><N who="0" m="49771" /><D102/><U24/><E51/><V75/><F67/><W132/><G125/><T61/><D134/><N who="3" m="51817" /><G25/><T41/><D41/><U111/><E135/><V1/><F31/><W17/><G82/><N who="0" m="47303" /><D61/><AGARI ba="1,2" hai="4,5,9,12,17,61,62,63,96,100,104" m="51817" machi="61" ten="30,1500,0" yaku="20,1" doraHai="35" who="3" fromWho="0" sc="158,-18,250,0,225,0,347,38" /><INIT seed="3,2,0,3,4,28" ten="140,250,225,385" oya="3" hai0="34,121,69,77,104,67,44,54,114,86,8,124,115" hai1="66,42,7,84,50,81,88,33,133,82,0,95,102" hai2="97,16,24,55,61,32,103,94,49,41,105,58,76" hai3="70,18,39,98,92,37,110,111,80,108,19,132,48"/><W83/><G70/><T11/><D104/><U127/><E127/><V52/><F76/><W71/><G71/><T78/><D69/><U96/><E133/><V113/><F113/><N who="0" m="43018" /><D67/><U112/><E112/><V45/><F105/><W85/><G132/><T130/><D121/><U134/><E134/><V12/><F24/><W87/><G48/><N who="0" m="28935" /><D130/><U29/><E66/><N who="2" m="39223" /><F32/><W30/><G30/><T63/><D63/><U38/><E38/><V65/><F65/><W131/><G131/><T53/><D53/><U120/><E120/><V109/><F109/><W59/><G59/><T62/><D62/><U100/><E33/><V129/><F129/><W10/><G37/><T6/><D34/><U60/><E29/><V21/><AGARI ba="2,0" hai="12,16,21,41,45,49,52,55,94,97,103" m="39223" machi="21" ten="30,4000,0" yaku="8,1,54,2" doraHai="28" who="2" fromWho="2" sc="140,-12,250,-12,225,46,385,-22" /><INIT seed="4,0,0,2,0,85" ten="128,238,271,363" oya="0" hai0="9,111,134,6,91,125,48,15,21,49,101,117,115" hai1="47,110,81,118,131,56,119,94,135,20,52,61,113" hai2="31,116,2,99,90,24,129,34,106,26,1,128,109" hai3="73,13,33,18,45,66,93,132,86,126,77,43,39"/><T59/><D117/><U8/><E110/><V50/><F109/><W70/><G33/><T92/><D111/><U3/><E135/><V53/><F116/><W4/><G126/><T22/><D134/><U44/><E131/><N who="2" m="50251" /><F26/><W40/><G40/><T32/><D32/><U103/><E119/><V74/><F74/><W35/><G35/><T71/><D71/><U123/><E123/><V27/><F27/><W41/><G41/><T10/><D115/><U112/><E118/><V11/><F11/><W14/><G132/><T120/><D101/><U107/><E107/><V60/><F60/><W83/><G66/><T63/><D125/><U105/><E105/><V28/><F28/><W17/><G70/><T67/><D120/><U37/><E20/><N who="0" m="7785" /><D10/><U29/><E29/><V95/><F106/><W127/><G127/><T0/><D0/><U42/><E81/><V124/><F124/><W97/><G73/><T12/><D12/><U30/><E30/><V62/><F62/><W36/><G13/><T7/><D7/><U82/><E82/><V133/><F133/><W55/><G4/><T89/><D92/><U72/><E72/><V64/><F64/><W57/><G14/><T100/><D100/><U25/><E25/><V96/><F1/><W51/><G36/><T78/><D78/><U80/><E3/><V38/><F38/><W16/><G39/><T46/><D49/><N who="1" m="28711" /><E8/><V23/><F2/><W114/><G114/><T58/><D58/><U76/><E113/><V68/><F68/><W5/><G5/><T69/><D69/><U102/><E112/><V54/><F34/><RYUUKYOKU ba="0,0" sc="128,30,238,-10,271,-10,363,-10" hai0="6,9,15,46,48,59,63,67,89,91" /><INIT seed="4,1,0,1,2,92" ten="158,228,261,353" oya="0" hai0="129,65,73,81,71,2,7,51,43,4,60,93,34" hai1="45,10,117,64,17,69,50,108,52,67,13,29,42" hai2="6,122,99,110,88,63,26,96,112,48,118,84,37" hai3="72,30,57,41,100,86,104,114,66,135,24,127,95"/><T101/><D34/><U134/><E108/><V16/><F110/><W0/><G114/><T68/><D129/><U22/><E117/><V23/><F122/><W126/><G0/><T106/><D106/><U76/><E134/><V70/><F37/><W47/><G72/><T35/><D35/><U27/><E69/><V124/><F112/><W1/><G1/><T80/><D71/><U121/><E121/><V115/><F115/><W123/><G135/><T62/><D62/><U89/><E76/><V59/><F118/><W102/><G123/><T36/><D36/><U21/><E42/><V83/><F124/><W28/><G104/><T15/><D2/><U25/><REACH who="1" step="1"/><E89/><REACH who="1" ten="158,218,261,353" step="2"/><V132/><F132/><W58/><G127/><T8/><D73/><U12/><E12/><V116/><F116/><W128/><G126/><T87/><D7/><AGARI ba="1,1" hai="7,10,13,17,21,22,25,27,29,45,50,52,64,67" machi="7" ten="30,8000,1" yaku="1,1,7,1,8,1,54,1,53,1" doraHai="92" doraHaiUra="5" who="1" fromWho="0" sc="158,-83,218,93,261,0,353,0" /><INIT seed="5,0,0,1,5,131" ten="75,311,261,353" oya="1" hai0="114,20,124,119,29,102,82,81,58,93,111,83,70" hai1="135,24,110,46,8,62,54,85,73,44,120,28,88" hai2="5,32,36,103,25,27,91,77,94,2,12,107,117" hai3="106,128,89,9,65,16,53,109,15,122,52,113,108"/><U97/><E120/><V115/><F117/><W26/><G122/><T101/><D70/><U42/><E73/><V47/><F115/><W134/><G113/><T19/><D114/><U4/><E110/><V51/><F36/><W129/><G106/><T49/><D124/><U37/><E97/><V90/><F77/><W45/><G65/><T80/><D29/><U61/><E54/><V39/><F39/><W121/><G121/><T72/><D119/><U87/><E87/><V123/><F2/><W17/><G89/><N who="2" m="33801" /><F32/><W133/><G108/><T33/><D33/><U50/><E46/><V34/><F34/><W40/><G26/><T66/><D72/><U41/><E41/><N who="2" m="25071" /><F107/><W13/><G40/><T84/><D111/><U57/><E37/><V75/><F75/><W99/><G99/><T1/><D1/><U7/><E7/><V43/><F43/><W125/><G125/><T35/><D35/><U100/><E44/><V132/><F132/><N who="3" m="50795" /><G109/><T86/><D86/><U60/><E135/><V11/><F123/><W30/><G45/><T10/><D84/><U92/><E42/><V56/><F56/><W67/><G67/><T22/><D66/><U14/><E57/><V38/><F38/><W69/><G69/><T95/><D83/><U78/><E85/><V76/><F76/><W18/><G30/><T105/><D105/><U31/><E31/><V104/><F104/><W74/><G74/><T23/><D95/><U0/><E28/><V3/><F3/><W118/><G118/><T96/><D93/><U98/><E0/><V79/><F79/><W126/><G126/><RYUUKYOKU ba="0,0" sc="75,-10,311,-10,261,30,353,-10" hai2="5,11,12,25,27,94,103" /><INIT seed="6,1,0,0,2,19" ten="65,301,291,343" oya="2" hai0="124,103,27,8,32,16,5,10,59,133,108,52,30" hai1="39,94,58,79,0,93,110,122,104,134,132,121,81" hai2="64,61,31,87,85,54,125,13,92,71,73,45,69" hai3="113,116,88,18,77,109,130,118,43,50,26,37,101"/><V46/><F125/><W120/><G120/><N who="1" m="46186" /><E39/><V102/><F73/><W40/><G109/><T51/><D124/><U9/><E58/><V2/><F2/><W41/><G37/><T96/><D133/><N who="1" m="51307" /><E9/><V74/><F74/><W128/><G101/><T114/><D114/><U106/><E0/><V20/><F71/><W112/><G77/><T107/><D108/><U29/><E29/><V60/><F46/><N who="3" m="25927" /><G88/><T126/><D126/><U90/><E110/><V62/><F69/><W7/><G7/><T35/><D35/><U80/><E94/><V34/><F34/><W70/><G70/><T91/><D5/><U21/><E21/><V89/><F64/><W28/><G18/><T12/><REACH who="0" step="1"/><D91/><REACH who="0" ten="55,301,291,343" step="2"/><U78/><E78/><V67/><F89/><W47/><G116/><T66/><D66/><U63/><E63/><V53/><F67/><W56/><G118/><T84/><D84/><N who="1" m="48159" /><E81/><V44/><F62/><W24/><G112/><T117/><D117/><U4/><E4/><V14/><F61/><W129/><G113/><T111/><D111/><U1/><E1/><V65/><F60/><W72/><G72/><T97/><D97/><AGARI ba="1,1" hai="90,93,97,104,106" m="48159,51307,46186" machi="97" ten="30,7700,0" yaku="13,1,20,1,34,2" doraHai="19" who="1" fromWho="0" sc="55,-80,301,90,291,0,343,0" owari="-25,-53.0,391,50.0,291,-11.0,343,14.0" /></mjloggm>