<mjloggm ver="2.3"><GO type="41" lobby="0"/><UN n0="%55%36%31%39" n1="%E2%93%9D%53%75%70%68%78" n2="%E3%83%81%E3%83%A7%E3%82%B3%E5%B2%A1%E7%94%B0" n3="%32%33%73%70%61%63%65" dan="15,18,15,14" rate="1995.96,2122.98,1977.13,1862.98" sx="M,M,M,M"/><TAIKYOKU oya="0"/><INIT seed="0,0,0,5,1,4" ten="250,250,250,250" oya="0" hai0="43,15,1,71,108,17,13,92,8,132,38,117,102" hai1="36,29,9,112,123,16,33,64,118,37,31,27,49" hai2="40,133,109,89,122,104,121,77,134,85,79,83,91" hai3="131,50,99,101,113,0,52,107,35,75,105,120,25"/><T74/><D117/><U61/><E118/><V51/><F51/><W93/><G0/><T12/><D71/><U23/><E123/><V10/><F10/><W54/><G75/><T62/><D132/><N who="2" m="50794" /><F40/><W2/><G2/><T98/><D74/><U126/><E126/><V69/><F69/><W42/><G113/><T78/><D78/><N who="2" m="29706" /><F104/><W56/><G131/><T55/><D108/><U63/><E112/><V58/><F58/><W3/><G3/><T67/><D55/><U87/><E37/><V114/><F114/><W111/><G111/><T60/><D60/><U103/><E36/><V19/><F19/><W82/><G42/><T94/><D1/><U116/><E63/><V32/><F32/><W48/><G120/><N who="2" m="46185" /><F109/><W45/><REACH who="3" step="1"/><G82/><REACH who="3" ten="250,250,250,240" step="2"/><T124/><D124/><U44/><E116/><V76/><AGARI ba="0,1" hai="76,83,85,89,91" m="46185,29706,50794" machi="76" ten="40,5200,0" yaku="20,1,34,2" doraHai="4" who="2" fromWho="2" sc="250,-26,250,-13,250,62,240,-13" /><INIT seed="1,0,0,5,3,114" ten="224,237,312,227" oya="1" hai0="94,97,125,15,135,5,55,40,19,88,105,101,2" hai1="61,104,46,25,115,77,60,111,42,90,1,127,99" hai2="26,126,59,51,6,83,116,39,48,63,43,87,133" hai3="123,34,107,17,58,103,50,78,73,112,36,91,67"/><U41/><E115/><V108/><F108/><W12/><G34/><T16/><D125/><U7/><E127/><V66/><F126/><W121/><G36/><T24/><D135/><U47/><E77/><V45/><F133/><W93/><G112/><T28/><D40/><U38/><E111/><V53/><F116/><W129/><G129/><T64/><D2/><U29/><E7/><V95/><F6/><W96/><G67/><T89/><D64/><U92/><E104/><V130/><F130/><W72/><G72/><T23/><D55/><U14/><E14/><V21/><F95/><W124/><G124/><T18/><REACH who="0" step="1"/><D105/><REACH who="0" ten="214,237,312,227" step="2"/><U128/><E1/><V84/><F39/><W69/><G107/><T49/><D49/><U79/><E128/><V132/><F132/><W113/><G50/><T22/><D22/><U134/><E134/><V68/><REACH who="2" step="1"/><F83/><REACH who="2" ten="214,237,302,227" step="2"/><W86/><G113/><T80/><D80/><U20/><E38/><V35/><F35/><W117/><G121/><T44/><D44/><U118/><E47/><V119/><F119/><W52/><G117/><T3/><D3/><U81/><E118/><V100/><F100/><W4/><G103/><T65/><D65/><U110/><E110/><V13/><F13/><W75/><G12/><T74/><D74/><N who="1" m="43255" /><E46/><V122/><F122/><W33/><G75/><T106/><D106/><U9/><E9/><AGARI ba="0,2" hai="5,9,15,16,18,19,23,24,28,88,89,94,97,101" machi="9" ten="40,8000,1" yaku="1,1,8,1,54,2,53,0" doraHai="114" doraHaiUra="120" who="0" fromWho="1" sc="214,100,237,-80,302,0,227,0" /><INIT seed="2,0,0,5,0,117" ten="314,157,302,227" oya="2" hai0="127,8,15,125,80,71,69,44,20,89,62,27,109" hai1="59,52,65,91,99,96,121,126,33,11,63,107,32" hai2="57,22,116,68,112,42,64,95,53,83,85,76,9" hai3="82,79,66,74,16,0,113,120,70,129,106,26,7"/><V36/><F116/><W67/><G106/><T4/><D109/><U90/><E126/><V102/><F112/><W37/><G37/><T30/><D44/><U24/><E11/><V60/><F22/><W23/><G129/><T86/><REACH who="0" step="1"/><D62/><REACH who="0" ten="304,157,302,227" step="2"/><U93/><E65/><V14/><F36/><W41/><G66/><T55/><D55/><U35/><E107/><V58/><F42/><W31/><G67/><T2/><D2/><U110/><E110/><V75/><F53/><W61/><G61/><T133/><D133/><U18/><E121/><V38/><F38/><W124/><G120/><T130/><D130/><U40/><E40/><V34/><F34/><W49/><G0/><T104/><D104/><U123/><E123/><V29/><F68/><AGARI ba="0,1" hai="4,8,15,20,27,30,68,69,71,80,86,89,125,127" machi="68" ten="40,5200,0" yaku="1,1,53,2" doraHai="117" doraHaiUra="135" who="0" fromWho="2" sc="304,62,157,0,302,-52,227,0" /><INIT seed="3,0,0,4,0,131" ten="366,157,250,227" oya="3" hai0="114,58,13,9,42,48,24,134,125,126,89,15,130" hai1="85,82,4,38,83,1,20,11,50,37,31,133,71" hai2="117,28,84,111,88,47,81,64,10,113,23,45,33" hai3="7,132,62,93,67,56,22,96,95,100,99,109,90"/><W49/><G132/><T97/><D130/><U77/><E71/><V55/><F113/><W118/><G109/><T12/><D114/><U27/><E50/><V115/><F115/><W30/><G118/><T43/><D9/><U128/><E128/><V59/><F33/><W73/><G73/><T98/><D24/><U2/><E2/><V101/><F117/><W106/><G106/><T26/><D26/><U72/><REACH who="1" step="1"/><E133/><REACH who="1" ten="366,147,250,227" step="2"/><V110/><F110/><W66/><G49/><T44/><D134/><U52/><E52/><V87/><F111/><W25/><REACH who="3" step="1"/><G7/><REACH who="3" ten="366,147,250,217" step="2"/><T53/><D48/><U36/><E36/><V76/><F47/><W35/><G35/><T124/><D44/><U41/><E41/><V16/><F45/><W17/><G17/><T80/><D43/><U19/><E19/><V135/><F135/><W116/><G116/><T3/><D42/><U121/><E121/><V69/><F16/><W14/><G14/><T34/><D13/><U123/><E123/><V120/><F120/><W78/><G78/><AGARI ba="0,2" hai="1,4,11,20,27,31,37,38,72,77,78,82,83,85" machi="78" ten="30,2000,0" yaku="1,1,7,1,53,0" doraHai="131" doraHaiUra="40" who="1" fromWho="3" sc="366,0,147,40,250,0,217,-20" /><INIT seed="4,0,0,4,4,70" ten="366,187,250,197" oya="0" hai0="114,102,42,25,63,68,134,108,74,111,64,117,75" hai1="89,110,127,57,3,92,93,18,122,77,106,90,80" hai2="36,12,135,95,83,40,104,39,132,97,124,118,11" hai3="121,79,47,30,123,99,128,6,55,23,46,67,49"/><T72/><D114/><U73/><E3/><V107/><F124/><W54/><G6/><T13/><D117/><U116/><E18/><V81/><F118/><W126/><G79/><T100/><D134/><N who="2" m="51242" /><F40/><W103/><G126/><T41/><D13/><U20/><E20/><V50/><F50/><W32/><G32/><T26/><D41/><U58/><E58/><V112/><F112/><W96/><G67/><T28/><D25/><U31/><E57/><V94/><F83/><W60/><G128/><T16/><D16/><U48/><E48/><V44/><F44/><W56/><G47/><T51/><D51/><U43/><E43/><V66/><F81/><W5/><G5/><T61/><D61/><U29/><E116/><V109/><F109/><N who="0" m="42058" /><D42/><U52/><E127/><V14/><F66/><W17/><G30/><T71/><D71/><U115/><E31/><V69/><F69/><W53/><G53/><T35/><AGARI ba="0,0" hai="26,28,35,63,64,68,72,74,75,100,102" m="42058" machi="35" ten="40,2100,0" yaku="10,1" doraHai="70" who="0" fromWho="0" sc="366,21,187,-7,250,-7,197,-7" /><INIT seed="4,1,0,0,5,45" ten="387,180,243,190" oya="0" hai0="25,42,13,4,52,92,131,28,76,73,75,67,130" hai1="80,20,59,21,100,39,33,135,63,7,84,121,37" hai2="132,103,109,116,12,72,105,22,57,95,68,128,51" hai3="70,62,1,88,46,87,106,108,133,110,26,40,32"/><T97/><D67/><U19/><E33/><V66/><F109/><W29/><G106/><T114/><D42/><U10/><E121/><V79/><F105/><W14/><G1/><T122/><D122/><U23/><E135/><V111/><F111/><W60/><G14/><T9/><D114/><U31/><E31/><V65/><F132/><W58/><G70/><T38/><D38/><U49/><E100/><V0/><F0/><W55/><G60/><T115/><D115/><U113/><E113/><V96/><F128/><W125/><G125/><T8/><D9/><U98/><E98/><V134/><F134/><W102/><G102/><T127/><D127/><U81/><E81/><V89/><F103/><W94/><REACH who="3" step="1"/><G133/><REACH who="3" ten="387,180,243,180" step="2"/><T17/><D131/><U47/><E7/><V74/><F12/><W30/><G30/><T54/><D4/><U123/><E123/><V41/><F68/><W82/><G82/><T34/><D130/><U43/><E19/><V119/><F119/><W48/><AGARI ba="1,1" hai="26,29,32,40,46,48,55,58,62,87,88,94,108,110" machi="48" ten="20,8000,1" yaku="1,1,0,1,7,1,52,1,54,1,53,0" doraHai="45" doraHaiUra="35" who="3" fromWho="3" sc="387,-41,180,-21,243,-21,180,93" /><INIT seed="5,0,0,0,3,42" ten="346,159,222,273" oya="1" hai0="102,38,115,108,79,54,86,126,64,92,32,37,96" hai1="40,47,88,25,93,48,23,107,109,18,94,98,114" hai2="12,67,61,63,19,20,70,36,62,97,132,50,90" hai3="57,44,72,21,80,131,13,122,133,85,119,120,55"/><U66/><E114/><V128/><F36/><W16/><G131/><T75/><D108/><U9/><E109/><V51/><F128/><W24/><G133/><T8/><D115/><U110/><E110/><V73/><F73/><W0/><G0/><T130/><D130/><U134/><E107/><V59/><F132/><W7/><G72/><T33/><D38/><U27/><E134/><V87/><F70/><W113/><G113/><T17/><D37/><U106/><E106/><V31/><F97/><W118/><G44/><T99/><D64/><U91/><E66/><V58/><F31/><W14/><G120/><T89/><D99/><U95/><E27/><V116/><F116/><N who="3" m="44587" /><G7/><T125/><D54/><U53/><E91/><V41/><F41/><W49/><G122/><T65/><D65/><U129/><E129/><V78/><F78/><AGARI ba="0,0" hai="13,14,16,21,24,49,55,57,78,80,85" m="44587" machi="78" ten="30,2000,0" yaku="12,1,54,1" doraHai="42" who="3" fromWho="2" sc="346,0,159,0,222,-20,273,20" /><INIT seed="6,0,0,3,5,100" ten="346,159,202,293" oya="2" hai0="49,11,134,6,22,119,24,131,31,89,35,55,64" hai1="124,66,115,58,36,20,81,40,91,19,117,70,77" hai2="103,42,78,43,106,85,98,132,86,118,3,72,69" hai3="105,104,76,47,94,23,0,2,129,39,111,99,34"/><V126/><F69/><W73/><G34/><T61/><D134/><U18/><E117/><V30/><F3/><W56/><G111/><T107/><D131/><U52/><E115/><V83/><F118/><W80/><G23/><T13/><D119/><U28/><E124/><V122/><F122/><W12/><G12/><T7/><D7/><U29/><E66/><V87/><F30/><W127/><G129/><T116/><D116/><U9/><E70/><V125/><REACH who="2" step="1"/><F132/><REACH who="2" ten="346,159,192,293" step="2"/><W75/><G2/><T67/><D31/><U16/><E29/><V97/><F97/><W33/><G99/><T44/><D35/><U10/><E28/><V121/><F121/><W123/><G0/><T32/><D32/><U54/><E20/><V79/><F79/><W25/><G76/><T71/><D22/><U8/><E91/><V5/><F5/><W38/><G33/><T133/><D89/><U63/><E36/><V102/><F102/><W48/><G39/><T82/><D6/><U90/><E90/><V14/><F14/><W114/><G38/><T45/><D13/><U108/><E108/><V96/><F96/><W51/><G123/><T41/><D71/><U92/><E40/><AGARI ba="0,1" hai="40,42,43,72,78,83,85,86,87,98,103,106,125,126" machi="40" ten="40,3900,0" yaku="1,1,52,1,53,0" doraHai="100" doraHaiUra="120" who="2" fromWho="1" sc="346,0,159,-39,192,49,293,0" /><INIT seed="6,1,0,4,4,23" ten="346,120,241,293" oya="2" hai0="121,37,128,118,60,5,19,65,123,64,115,77,16" hai1="100,48,85,46,82,45,92,78,96,49,81,117,9" hai2="69,17,86,67,93,135,73,133,53,62,112,43,13" hai3="134,76,40,116,30,110,74,47,113,14,50,79,20"/><V11/><F73/><W36/><G110/><T12/><D37/><U84/><E117/><V2/><F112/><W80/><G116/><T44/><D115/><U109/><E109/><V8/><F43/><W41/><G113/><T3/><D3/><U108/><E108/><V27/><F53/><W120/><G120/><T39/><D118/><U55/><E9/><V4/><F93/><W102/><G102/><T75/><D5/><U56/><REACH who="1" step="1"/><E49/><REACH who="1" ten="346,110,241,293" step="2"/><V101/><F133/><W33/><G50/><T105/><D123/><U104/><E104/><V119/><F119/><W87/><G134/><T21/><D105/><U10/><E10/><V28/><F135/><W114/><G114/><T89/><D121/><U35/><E35/><V59/><F8/><W34/><G33/><T131/><D39/><U68/><E68/><V106/><F69/><W24/><G34/><T97/><D21/><U122/><E122/><V26/><F106/><W129/><G20/><T88/><D131/><U29/><E29/><V25/><F28/><W127/><G30/><T125/><D128/><U130/><E130/><V132/><F132/><W54/><G129/><T70/><D70/><U90/><AGARI ba="1,1" hai="45,46,48,55,56,78,81,82,84,85,90,92,96,100" machi="90" ten="20,5200,0" yaku="1,1,0,1,7,1,8,1,53,0" doraHai="23" doraHaiUra="107" who="1" fromWho="1" sc="346,-14,110,65,241,-27,293,-14" /><INIT seed="7,0,0,5,4,105" ten="332,175,214,279" oya="3" hai0="13,96,100,28,127,93,103,104,34,24,126,86,84" hai1="5,99,97,61,45,130,135,53,30,37,51,1,32" hai2="124,71,11,79,92,121,117,33,16,132,81,48,23" hai3="6,122,49,25,134,62,107,80,64,19,31,68,50"/><W58/><G122/><T41/><D41/><U44/><E130/><V133/><F117/><W106/><G6/><T129/><D129/><U128/><E128/><V111/><F124/><N who="0" m="47658" /><D13/><U67/><E135/><N who="2" m="51787" /><F111/><W43/><G68/><T38/><D38/><U10/><E32/><V18/><F121/><W90/><G134/><T14/><D14/><U35/><E35/><V63/><F33/><W70/><G70/><T75/><D75/><U57/><E30/><V76/><F76/><W59/><G19/><N who="2" m="7209" /><F23/><W40/><G106/><T125/><D125/><U56/><REACH who="1" step="1"/><E37/><REACH who="1" ten="332,165,214,279" step="2"/><V69/><F11/><W88/><G31/><T0/><D0/><U7/><E7/><V17/><N who="2" m="7217" /><V22/><DORA hai="83" /><F22/><W118/><G118/><T91/><D104/><U101/><E101/><AGARI ba="0,1" hai="24,28,34,84,86,91,93,96,100,101,103" m="47658" machi="101" ten="30,3900,0" yaku="18,1,52,2" doraHai="105,83" who="0" fromWho="1" sc="332,49,165,-39,214,0,279,0" owari="381,48.0,126,-37.0,214,-19.0,279,8.0" /></mjloggm>