<mjloggm ver="2.3"><GO type="41" lobby="0"/><UN n0="%E3%81%A8%E3%81%BF%E3%82%84%E3%82%93" n1="%E3%82%B9%E3%83%88%E3%83%B3%E3%82%B3" n2="%E4%BC%B4%E3%81%82%E3%81%8D%E3%82%89" n3="%E2%93%9D%53%75%70%68%78" dan="13,15,13,18" rate="1883.06,1982.11,1882.67,2095.96" sx="M,M,M,M"/><TAIKYOKU oya="0"/><INIT seed="0,0,0,3,4,96" ten="250,250,250,250" oya="0" hai0="88,102,15,118,97,123,39,86,20,101,1,13,64" hai1="129,130,0,60,115,26,116,122,70,94,31,45,91" hai2="105,38,78,124,80,53,128,57,95,99,36,3,35" hai3="23,66,109,33,49,46,30,59,111,12,76,19,25"/><T77/><D118/><U72/><E122/><V51/><F128/><W81/><G66/><T40/><D1/><U134/><E116/><V5/><F124/><W21/><G59/><T117/><D123/><U32/><E72/><V9/><F35/><W54/><REACH who="3" step="1"/><G33/><REACH who="3" ten="250,250,250,240" step="2"/><T4/><D117/><U22/><E32/><V92/><F105/><W135/><G135/><T113/><D64/><U43/><E134/><V71/><F71/><W48/><G48/><T55/><D39/><U121/><E121/><V65/><F65/><W2/><G2/><T89/><D40/><U114/><E0/><V16/><F95/><W104/><G104/><T112/><D55/><U131/><E70/><V29/><F38/><W108/><G108/><T90/><D112/><U18/><E114/><V56/><F36/><W27/><G27/><T52/><D113/><U8/><E115/><V17/><F56/><W106/><G106/><T83/><D52/><U110/><E110/><V93/><F93/><W125/><G125/><T44/><D44/><U87/><E43/><V74/><REACH who="2" step="1"/><F29/><REACH who="2" ten="250,250,240,240" step="2"/><W82/><G82/><T34/><D34/><U103/><E31/><V11/><F11/><W58/><G58/><T7/><D97/><N who="1" m="59831" /><E8/><V100/><AGARI ba="0,2" hai="3,5,9,16,17,51,53,57,74,78,80,92,99,100" machi="100" ten="20,8000,1" yaku="1,1,0,1,7,1,52,1,54,1,53,0" doraHai="96" doraHaiUra="133" who="2" fromWho="2" sc="250,-40,250,-20,240,100,240,-20" /><INIT seed="1,0,0,2,4,50" ten="210,230,340,220" oya="1" hai0="51,117,36,35,88,13,72,121,9,129,110,104,134" hai1="87,78,45,84,125,92,61,16,135,44,4,119,55" hai2="28,74,111,6,46,24,2,1,82,93,70,65,57" hai3="67,25,37,69,127,100,54,10,30,99,33,12,106"/><U19/><E119/><V113/><F111/><W75/><G127/><T34/><D51/><U96/><E125/><V76/><F113/><W123/><G123/><T101/><D88/><N who="1" m="55303" /><E4/><V7/><F70/><W49/><G37/><T68/><D101/><U52/><E135/><V126/><F126/><W22/><G75/><T56/><D56/><N who="1" m="34951" /><E78/><V59/><F59/><W107/><G107/><T105/><D104/><U79/><E55/><V131/><F46/><N who="1" m="18025" /><E87/><V94/><F131/><W85/><G85/><T48/><D48/><U14/><E14/><V98/><F6/><W43/><G54/><T132/><D13/><U71/><E71/><V86/><F74/><W77/><G49/><T11/><D132/><U60/><E60/><V103/><F7/><W64/><G77/><T63/><D63/><U118/><E118/><V21/><F93/><W73/><G73/><T58/><D134/><U128/><E128/><V40/><F40/><W29/><G43/><T122/><D129/><U0/><E0/><V53/><F65/><W17/><G69/><T116/><D117/><U23/><E23/><V62/><AGARI ba="0,0" hai="1,2,21,24,28,53,57,62,76,82,86,94,98,103" machi="62" ten="20,2700,0" yaku="0,1,7,1,52,1" doraHai="50" who="2" fromWho="2" sc="210,-7,230,-13,340,27,220,-7" /><INIT seed="2,0,0,0,1,122" ten="203,217,367,213" oya="2" hai0="51,124,5,80,21,17,135,4,53,132,43,73,93" hai1="94,13,7,22,116,103,9,30,32,56,0,2,111" hai2="62,8,28,101,57,102,81,11,128,77,106,60,41" hai3="98,105,95,82,130,88,52,20,55,114,91,29,72"/><V34/><F128/><W92/><G130/><T99/><D43/><U35/><E116/><V64/><F41/><W59/><G105/><T65/><D65/><U15/><E56/><V108/><F108/><W54/><G114/><T31/><D31/><U134/><E94/><V90/><F90/><W119/><G119/><T118/><D124/><U47/><E47/><V24/><F101/><W83/><G72/><T45/><D80/><U66/><E66/><V10/><F102/><W46/><G46/><T6/><D73/><U100/><E103/><V126/><F106/><W1/><G1/><N who="1" m="618" /><E100/><V23/><F126/><W67/><G20/><T104/><D104/><U61/><E61/><V44/><F44/><W125/><G29/><T121/><D121/><U25/><E134/><V96/><F96/><N who="3" m="57351" /><G125/><T74/><D74/><U84/><E84/><V42/><F42/><W115/><G115/><T129/><D129/><U39/><E39/><V12/><F60/><AGARI ba="0,0" hai="52,54,55,59,60,67,82,83,91,95,98" m="57351" machi="60" ten="30,3900,0" yaku="8,1,54,2" doraHai="122" who="3" fromWho="2" sc="203,0,217,0,367,-39,213,39" /><INIT seed="3,0,0,5,4,12" ten="203,217,328,252" oya="3" hai0="116,135,133,104,38,125,41,2,50,80,20,121,108" hai1="78,33,28,100,81,123,68,66,61,70,99,73,7" hai2="86,83,85,65,14,113,4,62,27,53,82,117,134" hai3="115,72,93,23,13,101,10,1,19,111,89,126,37"/><W110/><G115/><T92/><D2/><U107/><E7/><V57/><F113/><W40/><G72/><T131/><D20/><U119/><E119/><V18/><F117/><W120/><G120/><T79/><D50/><U8/><E8/><V67/><F134/><N who="0" m="51210" /><D41/><U34/><E123/><V106/><F106/><W16/><G126/><T97/><D38/><U49/><E49/><V5/><F27/><W102/><G40/><T105/><D116/><U87/><E70/><V59/><F85/><N who="3" m="52399" /><G37/><T9/><D9/><U129/><E129/><V63/><F53/><W21/><G21/><T118/><D121/><U122/><E122/><V103/><F103/><W84/><G84/><N who="0" m="48159" /><D118/><U88/><REACH who="1" step="1"/><E28/><REACH who="1" ten="203,207,328,252" step="2"/><V75/><F75/><W42/><G1/><T36/><D36/><U112/><E112/><V48/><F48/><W22/><G10/><T30/><D30/><U58/><E58/><V130/><F130/><W32/><G42/><T55/><D131/><U17/><E17/><V56/><F59/><W46/><G46/><T95/><D55/><U24/><E24/><V132/><F132/><W54/><G54/><T60/><D60/><U64/><E64/><V44/><F44/><W26/><G32/><T51/><D51/><U47/><E47/><V15/><F18/><W114/><G114/><T11/><D11/><U127/><E127/><V77/><F65/><W69/><G69/><T43/><D43/><U71/><E71/><V35/><F67/><W25/><G25/><T94/><D125/><U76/><E76/><V128/><F77/><W90/><G90/><N who="0" m="55447" /><D108/><AGARI ba="0,1" hai="13,16,19,22,23,26,101,102,108,110,111" m="52399" machi="108" ten="30,12000,1" yaku="14,1,10,1,52,2,54,1" doraHai="12" who="3" fromWho="0" sc="203,-120,207,0,328,0,252,130" /><INIT seed="3,1,0,3,4,41" ten="83,207,328,382" oya="3" hai0="9,119,126,85,102,128,28,86,98,114,31,20,109" hai1="82,132,2,18,66,130,47,64,78,69,135,92,87" hai2="21,22,89,106,59,134,122,43,11,127,76,108,40" hai3="101,112,50,6,84,68,24,32,15,124,105,133,61"/><W16/><G112/><T30/><D119/><U36/><E130/><V57/><F106/><W131/><G124/><T26/><D109/><U8/><E69/><V34/><F34/><W65/><G133/><T91/><D126/><U63/><E63/><V74/><F127/><W125/><G125/><T70/><D70/><U73/><E18/><V107/><F107/><W115/><G115/><T72/><D72/><U29/><E29/><V10/><F76/><W13/><G6/><T95/><D128/><U56/><E56/><V90/><F74/><W116/><G84/><T71/><D71/><U54/><E92/><V94/><F94/><W77/><G77/><T38/><D38/><U19/><E19/><V81/><F81/><W129/><G116/><T97/><D9/><U37/><E37/><V45/><F108/><W3/><G3/><T88/><D114/><U123/><E87/><V103/><F103/><W99/><G50/><T104/><REACH who="0" step="1"/><D98/><REACH who="0" ten="73,207,328,382" step="2"/><U33/><E73/><V17/><F134/><W48/><G131/><T79/><D79/><U96/><E96/><V52/><F122/><W80/><G129/><T117/><D117/><U120/><E36/><V7/><F7/><W62/><G99/><T113/><D113/><U46/><E78/><V23/><F10/><W121/><G68/><T44/><D44/><U4/><E8/><V110/><F110/><W118/><G121/><T55/><D55/><U53/><E4/><V49/><F11/><W60/><G118/><T35/><D35/><U39/><E33/><V75/><F75/><W83/><G32/><T5/><D5/><RYUUKYOKU ba="1,1" sc="73,30,207,-10,328,-10,382,-10" hai0="20,26,28,30,31,85,86,88,91,95,97,102,104" /><INIT seed="4,2,1,0,3,102" ten="103,197,318,372" oya="0" hai0="45,4,40,93,22,113,124,18,27,130,84,104,71" hai1="69,135,32,120,0,132,75,129,52,72,97,122,43" hai2="19,21,105,108,80,64,62,41,103,117,2,91,116" hai3="54,12,24,98,17,20,56,86,99,23,87,96,31"/><T9/><D113/><U42/><E32/><V66/><F2/><W107/><REACH who="3" step="1"/><G107/><REACH who="3" ten="103,197,318,362" step="2"/><T30/><D130/><U33/><E129/><V25/><F116/><W55/><G55/><T65/><D124/><U8/><E52/><V125/><F117/><W79/><G79/><T82/><D65/><U118/><E118/><V94/><F125/><W61/><AGARI ba="2,2" hai="12,17,20,23,24,31,54,56,61,86,87,96,98,99" machi="61" ten="30,7900,0" yaku="21,2,0,1,8,1,53,0" doraHai="102" doraHaiUra="76" who="3" fromWho="3" sc="103,-41,197,-22,318,-22,362,105" /><INIT seed="5,0,0,5,5,36" ten="62,175,296,467" oya="1" hai0="84,3,92,0,43,41,110,101,98,121,125,32,114" hai1="7,123,19,24,107,35,119,91,8,48,78,93,108" hai2="57,109,15,6,132,13,12,1,66,100,88,65,116" hai3="87,54,117,118,70,68,33,113,111,40,17,128,82"/><U131/><E119/><N who="3" m="45578" /><G113/><T135/><D110/><U52/><E123/><V103/><F116/><W22/><G33/><T39/><D39/><U106/><E78/><V72/><F109/><W73/><G40/><T89/><D114/><U61/><E131/><V62/><F72/><W97/><G73/><T75/><D121/><U99/><E108/><V38/><F38/><W29/><G29/><T26/><D125/><U105/><E61/><V67/><F132/><W27/><G128/><T120/><D75/><U34/><E19/><V47/><F47/><W44/><G97/><T49/><D135/><U11/><E11/><V64/><F1/><W127/><G127/><T76/><D76/><U20/><E20/><V124/><F6/><W18/><G18/><T129/><D129/><U122/><E24/><V79/><F79/><N who="3" m="46559" /><G111/><T96/><D98/><U74/><E74/><V81/><REACH who="2" step="1"/><F124/><REACH who="2" ten="62,175,286,467" step="2"/><W102/><G44/><T90/><D90/><U51/><E122/><V5/><F5/><W30/><G102/><T23/><D120/><U133/><E133/><V45/><F45/><W37/><G37/><T59/><D0/><U83/><E7/><V104/><F104/><W134/><G134/><T55/><D3/><U77/><E107/><V126/><F126/><W46/><G46/><T60/><D32/><U9/><E34/><V58/><F58/><W31/><G70/><T42/><D60/><U50/><E35/><V16/><F16/><W85/><G68/><T25/><D23/><U112/><E112/><V63/><F63/><W69/><G69/><T53/><D53/><U21/><E52/><RYUUKYOKU ba="0,1" sc="62,15,175,-15,286,15,467,-15" hai0="25,26,41,42,43,49,55,59,84,89,92,96,101" hai2="12,13,15,57,62,64,65,66,67,81,88,100,103" /><INIT seed="6,1,1,1,1,14" ten="77,160,301,452" oya="2" hai0="43,12,90,48,86,133,119,100,70,18,44,123,110" hai1="117,83,8,2,75,37,131,77,109,60,85,30,25" hai2="132,1,21,22,64,56,39,114,62,108,101,135,16" hai3="107,41,58,27,106,55,104,36,96,7,32,76,89"/><V127/><F39/><W128/><G128/><T28/><D110/><U53/><E109/><V47/><F108/><W84/><G7/><T134/><D123/><U15/><E117/><V122/><F122/><W6/><G6/><T29/><D70/><U79/><E37/><V87/><F1/><W50/><G76/><T26/><D100/><U24/><E2/><V51/><F114/><W33/><G96/><T19/><D119/><U98/><E131/><V68/><F68/><W88/><G89/><T71/><D71/><U35/><E24/><V94/><F22/><W92/><REACH who="3" step="1"/><G27/><REACH who="3" ten="77,160,301,442" step="2"/><T61/><D61/><U105/><E79/><V72/><F72/><W126/><G126/><T82/><D133/><N who="2" m="51274" /><F127/><W97/><G97/><T73/><D134/><U11/><E98/><N who="2" m="59607" /><F87/><W118/><G118/><T52/><D73/><U99/><E99/><V81/><F81/><W65/><G65/><T111/><D111/><U120/><E85/><V103/><F103/><W46/><AGARI ba="1,2" hai="32,33,36,41,46,50,55,58,84,88,92,104,106,107" machi="46" ten="40,5200,0" yaku="1,1,0,1,54,1,53,0" doraHai="14" doraHaiUra="121" who="3" fromWho="3" sc="77,-14,160,-14,301,-27,442,75" /><INIT seed="7,0,0,0,0,10" ten="63,146,274,517" oya="3" hai0="96,88,117,112,37,130,79,92,59,116,21,104,97" hai1="25,8,69,68,61,94,51,9,13,110,27,44,81" hai2="6,91,102,89,106,124,29,2,134,58,67,70,31" hai3="36,87,65,72,107,90,38,123,32,49,121,101,98"/><W78/><G65/><T135/><D59/><U16/><E110/><V47/><F58/><W66/><G66/><T131/><D37/><U24/><E61/><V28/><F134/><W108/><G32/><T77/><D21/><U73/><E94/><V86/><F124/><W113/><G113/><T120/><D120/><U17/><E73/><V57/><F70/><W46/><G90/><T133/><D112/><U34/><E81/><V93/><F47/><W19/><G19/><T39/><D39/><U43/><E34/><V119/><F119/><N who="0" m="45642" /><D104/><U40/><E40/><V4/><F2/><W127/><G101/><T114/><D97/><U109/><E109/><V52/><F67/><W26/><G26/><T95/><D95/><U20/><E8/><V64/><F64/><W132/><G107/><T100/><D114/><U12/><AGARI ba="0,0" hai="9,12,13,16,17,20,24,25,27,43,44,51,68,69" machi="12" ten="30,7900,0" yaku="0,1,52,2,54,1" doraHai="10" who="1" fromWho="1" sc="63,-20,146,79,274,-20,517,-39" owari="43,-46.0,225,-17.0,254,5.0,478,58.0" /></mjloggm>