<mjloggm ver="2.3"><GO type="41" lobby="0"/><UN n0="%6F%70%70%61%70%79" n1="%78%61%62%69%38" n2="%E9%BB%92%E3%83%80%E3%83%B3%E3%83%87%E3%82%A3" n3="%E2%93%9D%53%75%70%68%78" dan="14,15,14,17" rate="1938.45,2044.64,1905.63,2081.31" sx="M,M,M,M"/><TAIKYOKU oya="0"/><INIT seed="0,0,0,0,2,18" ten="250,250,250,250" oya="0" hai0="14,45,108,5,13,129,24,51,50,43,115,107,36" hai1="52,41,103,30,56,73,110,109,130,111,96,9,46" hai2="39,114,105,82,34,101,59,76,121,113,75,8,65" hai3="4,69,7,29,25,85,134,10,79,70,3,22,16"/><T120/><D107/><U117/><E73/><V17/><F17/><W2/><G134/><T55/><D120/><U37/><E9/><V99/><F99/><W42/><G42/><T67/><D115/><U21/><E117/><V126/><F126/><W119/><G119/><T62/><D129/><U125/><E125/><V90/><F90/><W77/><G4/><T20/><D108/><U94/><E130/><V124/><F124/><W132/><G3/><T97/><D97/><U68/><E68/><V88/><F88/><W112/><G132/><T92/><D92/><U44/><E41/><V63/><F63/><W131/><G112/><T38/><D38/><U104/><E94/><V15/><F34/><W57/><G131/><T89/><D89/><U118/><E37/><V53/><F65/><W11/><G57/><T71/><D5/><U93/><E93/><V87/><F75/><W0/><G0/><T32/><D32/><U48/><E118/><V128/><F39/><W127/><G127/><T47/><REACH who="0" step="1"/><D51/><REACH who="0" ten="240,250,250,250" step="2"/><U58/><E46/><V83/><F121/><W91/><G91/><T100/><D100/><U6/><E6/><V116/><F101/><W31/><G7/><T1/><D1/><U40/><E40/><V122/><F116/><W95/><G2/><T98/><D98/><U72/><E72/><V61/><F105/><W102/><G102/><T74/><D74/><U33/><E33/><V64/><F128/><W26/><G95/><T84/><D84/><U23/><E30/><AGARI ba="0,1" hai="13,14,20,24,30,36,43,45,47,50,55,62,67,71" machi="30" ten="30,5800,0" yaku="1,1,7,1,52,1,53,0" doraHai="18" doraHaiUra="78" who="0" fromWho="1" sc="240,68,250,-58,250,0,250,0" /><INIT seed="0,1,0,2,4,101" ten="308,192,250,250" oya="0" hai0="60,121,31,122,29,128,15,27,34,89,88,21,47" hai1="55,38,66,58,70,69,0,118,54,59,91,57,86" hai2="132,81,50,129,80,90,83,84,130,124,97,2,26" hai3="109,63,42,93,13,19,115,73,3,105,117,133,107"/><T111/><D128/><N who="2" m="49258" /><F2/><W44/><G115/><T68/><D31/><U65/><E0/><V127/><F26/><W40/><G117/><T6/><D111/><U17/><E118/><V134/><F97/><W119/><G119/><T1/><D47/><U30/><E30/><V98/><F98/><W87/><G73/><T45/><D45/><U4/><E4/><V12/><F12/><W61/><G3/><T100/><D100/><U76/><E76/><V11/><F50/><W49/><G133/><N who="2" m="51305" /><F11/><W120/><G109/><T46/><D46/><U79/><E79/><V5/><F5/><W103/><G103/><T126/><D122/><U77/><E77/><V51/><F51/><W10/><G120/><T28/><D121/><U43/><E17/><V64/><F64/><N who="1" m="24681" /><E86/><V112/><F112/><W72/><G72/><T7/><D68/><N who="1" m="26219" /><E91/><V56/><F56/><W35/><G87/><T96/><D88/><U82/><E82/><AGARI ba="1,0" hai="80,81,82,83,84,90,124,127" m="51305,49258" machi="82" ten="40,12000,2" yaku="30,2,19,1,20,1,34,2" doraHai="101" who="2" fromWho="1" sc="308,0,192,-123,250,123,250,0" /><INIT seed="1,0,0,1,4,44" ten="308,69,373,250" oya="1" hai0="14,100,117,74,111,76,67,123,94,110,75,3,107" hai1="34,116,70,84,119,17,31,91,21,97,113,90,63" hai2="41,20,9,25,124,96,10,99,5,121,24,135,125" hai3="58,40,19,15,132,79,8,118,101,73,50,2,109"/><U104/><E113/><V86/><F121/><W55/><G109/><N who="0" m="41483" /><D3/><U26/><E116/><V59/><F135/><W33/><G132/><T126/><D67/><U56/><E119/><V22/><F41/><W93/><G33/><T30/><D30/><U47/><E47/><V98/><F86/><W11/><G118/><T54/><D54/><U72/><E72/><V36/><F59/><W102/><G40/><T65/><D14/><U89/><E70/><V0/><F36/><W27/><G27/><N who="2" m="10313" /><F5/><W18/><G2/><T1/><D65/><U28/><E34/><V103/><F0/><W115/><G115/><T61/><D61/><U43/><E43/><V133/><F103/><W82/><G93/><T68/><D68/><U4/><E4/><V46/><F46/><W114/><G114/><T88/><D1/><U35/><E35/><V29/><F29/><N who="1" m="11337" /><E97/><V131/><F133/><W16/><REACH who="3" step="1"/><G8/><REACH who="3" ten="308,69,373,240" step="2"/><N who="2" m="3177" /><F131/><W57/><G57/><T6/><D117/><U42/><E42/><V85/><F85/><W64/><G64/><T45/><D123/><U87/><E104/><V37/><F37/><W130/><G130/><T12/><D107/><U92/><E92/><V39/><F39/><W38/><G38/><T83/><D94/><U129/><E129/><V23/><AGARI ba="0,1" hai="20,22,23,96,98,99,124,125" m="3177,10313" machi="23" ten="40,2700,0" yaku="28,2" doraHai="44" who="2" fromWho="2" sc="308,-7,69,-13,373,37,240,-7" /><INIT seed="2,0,0,4,0,113" ten="301,56,410,233" oya="2" hai0="0,121,135,67,97,48,51,79,4,125,68,44,1" hai1="103,75,102,2,13,21,14,116,89,22,41,93,127" hai2="17,69,71,59,28,73,18,123,45,3,55,50,20" hai3="77,37,62,105,134,65,47,63,117,31,111,101,118"/><V5/><F73/><W70/><G77/><T53/><D121/><U124/><E2/><V82/><F123/><W133/><G31/><T54/><D125/><U112/><E75/><V35/><F3/><W99/><G111/><T107/><D135/><N who="3" m="51721" /><G62/><T98/><D79/><U96/><E41/><AGARI ba="0,0" hai="37,41,47,63,65,70,99,101,105,117,118" m="51721" machi="41" ten="30,7700,0" yaku="20,1,23,1,52,2" doraHai="113" who="3" fromWho="1" sc="301,0,56,-77,410,0,233,77" owari="301,-10.0,-21,-52.0,410,51.0,310,11.0" /></mjloggm>