<mjloggm ver="2.3"><GO type="41" lobby="0"/><UN n0="%E3%81%84%E3%81%91%E3%81%B4%E3%83%BC%EF%BC%9F" n1="%E3%82%B3%E3%83%AA%E3%82%B3%E3%83%AA%E3%81%95%E3%82%93" n2="%48%41%4C%4C%55%58" n3="%E2%93%9D%53%75%70%68%78" dan="15,14,14,18" rate="1974.78,1963.69,1985.80,2055.04" sx="M,M,M,M"/><TAIKYOKU oya="0"/><INIT seed="0,0,0,2,4,134" ten="250,250,250,250" oya="0" hai0="96,76,114,70,62,59,28,36,128,63,5,71,50" hai1="104,100,65,51,78,2,10,46,16,95,124,23,39" hai2="122,73,38,41,32,21,27,45,47,89,49,93,58" hai3="127,19,68,9,53,81,4,33,67,24,55,8,14"/><T13/><D114/><U7/><E104/><V119/><F122/><W61/><G81/><T97/><D36/><U84/><E39/><V130/><F130/><W25/><G127/><T37/><D37/><U126/><E65/><V60/><F73/><W91/><G91/><T135/><D135/><U101/><E78/><V85/><F119/><W87/><G87/><T22/><D76/><U108/><E108/><V112/><F112/><W92/><G92/><T113/><D113/><U66/><E66/><V54/><F32/><W118/><G118/><T48/><D128/><U12/><E84/><V90/><F90/><W31/><REACH who="3" step="1"/><G25/><REACH who="3" ten="250,250,250,240" step="2"/><N who="0" m="16439" /><D71/><U44/><E95/><V98/><F85/><W42/><G42/><T6/><D70/><U3/><E101/><V72/><F72/><W115/><G115/><T15/><D97/><U106/><E100/><V133/><F133/><W103/><G103/><T111/><D96/><U129/><E129/><V116/><F116/><W74/><G74/><T11/><D111/><U131/><E131/><V77/><F77/><W82/><G82/><T94/><D94/><U17/><E106/><V80/><F80/><W57/><G57/><T69/><D69/><U83/><E83/><V110/><F110/><W102/><G102/><T107/><D107/><U109/><E109/><V20/><REACH who="2" step="1"/><F27/><REACH who="2" ten="250,250,240,240" step="2"/><W52/><G52/><AGARI ba="0,2" hai="20,21,38,41,45,47,49,52,54,58,60,89,93,98" machi="52" ten="30,12000,2" yaku="1,1,2,1,7,1,54,1,53,2" doraHai="134" doraHaiUra="40" who="2" fromWho="3" sc="250,0,250,0,240,140,240,-120" /><INIT seed="1,0,0,0,3,16" ten="250,250,380,120" oya="1" hai0="119,107,104,34,53,94,109,117,56,30,17,134,58" hai1="4,111,106,112,114,60,18,25,98,84,10,13,69" hai2="99,80,59,46,12,93,124,129,89,118,113,55,0" hai3="131,123,120,74,128,132,64,21,7,100,116,97,45"/><U32/><E111/><V48/><F118/><W42/><G7/><T70/><D109/><U72/><E72/><V6/><F129/><N who="3" m="49739" /><G74/><T49/><D70/><U83/><E106/><V5/><F124/><W108/><G108/><T101/><D134/><U125/><E98/><V96/><F0/><W29/><G64/><T28/><D17/><U31/><E125/><V20/><F113/><W82/><G82/><T90/><D107/><U67/><REACH who="1" step="1"/><E4/><REACH who="1" ten="250,240,380,120" step="2"/><V103/><F6/><W65/><G97/><T88/><D119/><U135/><E135/><V68/><F5/><W1/><G116/><T133/><D104/><U87/><E87/><V9/><F99/><W47/><G132/><T71/><D133/><U8/><E8/><V115/><F9/><W41/><G1/><T79/><D117/><U19/><E19/><N who="2" m="10343" /><F115/><W24/><G100/><T130/><D101/><U122/><E122/><V63/><F68/><W26/><G123/><T11/><D71/><U75/><E75/><V77/><F77/><AGARI ba="0,1" hai="10,13,18,25,31,32,60,67,69,77,83,84,112,114" machi="77" ten="30,2900,0" yaku="1,1,7,1,53,0" doraHai="16" doraHaiUra="2" who="1" fromWho="2" sc="250,0,240,39,380,-29,120,0" /><INIT seed="1,1,0,4,2,108" ten="250,279,351,120" oya="1" hai0="17,24,133,34,75,127,128,95,13,130,33,31,48" hai1="114,123,67,55,83,106,51,111,7,94,101,85,57" hai2="41,110,118,19,27,8,79,98,103,112,107,49,71" hai3="11,90,42,10,120,100,126,70,53,81,20,97,66"/><U99/><E114/><V32/><F118/><W68/><G126/><T12/><D75/><U1/><E111/><V131/><F110/><W9/><G120/><T91/><D127/><U87/><E123/><V47/><F71/><W62/><G42/><T96/><D34/><U18/><E1/><V65/><F131/><W135/><G135/><T102/><D133/><U3/><E3/><V59/><F79/><W125/><G125/><T29/><D29/><U23/><E7/><V43/><F32/><W124/><G124/><T77/><D77/><U93/><E67/><V5/><F27/><W35/><G35/><T69/><D69/><U45/><E85/><V86/><F19/><W72/><G53/><T63/><D63/><U109/><E109/><V46/><F86/><W61/><G20/><T50/><D102/><U84/><E84/><V115/><F65/><W38/><G38/><T39/><D39/><U56/><E94/><V14/><REACH who="2" step="1"/><F59/><REACH who="2" ten="250,279,341,120" step="2"/><W16/><G70/><T78/><D78/><N who="1" m="46583" /><E106/><V82/><F82/><W121/><G121/><T0/><D0/><U117/><E117/><V104/><F104/><W21/><G81/><T60/><D12/><AGARI ba="1,1" hai="12,18,23,45,51,55,56,57,93,99,101" m="46583" machi="12" ten="30,1500,0" yaku="8,1" doraHai="108" who="1" fromWho="0" sc="250,-18,279,28,341,0,120,0" /><INIT seed="1,2,0,2,1,79" ten="232,307,341,120" oya="1" hai0="61,107,104,44,122,3,7,18,75,12,86,25,121" hai1="82,47,76,133,38,9,37,41,96,4,88,59,114" hai2="66,110,87,70,95,78,108,113,64,17,132,49,57" hai3="22,105,116,69,46,131,72,100,83,73,135,130,99"/><U118/><E114/><V128/><F113/><W119/><G46/><T42/><D75/><N who="3" m="28745" /><G22/><T8/><D86/><U74/><E118/><N who="3" m="45098" /><G69/><T1/><D61/><U54/><E133/><V5/><F132/><W102/><G135/><T14/><D25/><U109/><E109/><V35/><F35/><W0/><G0/><T129/><D129/><N who="3" m="49161" /><G102/><T55/><D55/><U6/><E38/><V29/><F29/><W112/><G112/><T101/><D101/><U52/><E6/><V90/><F70/><W71/><G71/><T45/><D45/><U34/><E34/><V85/><F5/><W80/><AGARI ba="2,0" hai="80,83,99,100,105" m="49161,45098,28745" machi="80" ten="40,12000,2" yaku="12,1,19,1,34,2,52,2" doraHai="79" who="3" fromWho="3" sc="232,-32,307,-62,341,-32,120,126" /><INIT seed="2,0,0,0,4,54" ten="200,245,309,246" oya="2" hai0="8,120,62,13,16,37,90,93,12,75,88,34,125" hai1="2,113,17,79,67,99,5,112,32,49,29,36,80" hai2="40,45,126,60,87,48,33,19,41,102,122,26,74" hai3="30,134,58,128,135,28,24,92,57,78,56,68,115"/><V6/><F122/><W70/><G128/><T11/><D37/><U71/><E36/><V123/><F123/><W104/><G104/><T53/><D120/><U117/><E117/><V133/><F74/><W18/><G115/><T25/><D75/><U63/><E5/><V69/><F133/><N who="3" m="50699" /><G78/><T110/><D125/><U64/><E2/><V105/><F126/><W22/><G92/><T15/><D110/><U4/><E64/><V124/><F124/><W72/><G72/><T100/><D34/><U89/><E4/><V119/><F119/><W23/><G30/><T73/><D73/><U83/><E83/><V81/><F6/><W0/><G0/><T20/><D100/><U84/><E99/><V116/><F116/><W130/><G130/><T52/><D90/><U98/><E98/><V108/><F102/><W65/><G65/><T51/><D53/><U31/><E89/><V86/><F105/><W44/><G44/><N who="0" m="27751" /><D62/><U76/><E76/><V27/><F60/><W85/><G85/><AGARI ba="0,0" hai="8,11,12,13,15,16,20,25,85,88,93" m="27751" machi="85" ten="30,7700,0" yaku="8,1,54,3" doraHai="54" who="0" fromWho="3" sc="200,77,245,0,309,0,246,-77" /><INIT seed="3,0,0,0,2,20" ten="277,245,309,169" oya="3" hai0="102,48,19,108,101,119,106,130,30,128,2,39,21" hai1="7,1,26,71,24,43,41,10,134,104,22,93,44" hai2="57,60,56,32,67,54,114,53,98,11,100,122,64" hai3="28,37,124,69,61,107,83,126,105,68,15,14,58"/><W47/><G83/><T103/><D39/><U73/><E134/><V46/><F114/><W94/><G94/><T17/><D2/><U29/><E104/><N who="3" m="40010" /><G58/><T129/><D119/><U40/><E73/><V25/><F122/><W66/><G28/><T27/><D106/><U52/><E71/><N who="3" m="27210" /><G61/><T81/><D48/><U6/><E6/><V88/><F11/><W5/><G66/><T112/><D112/><U3/><E3/><V34/><F46/><W96/><G96/><T63/><D63/><U87/><E87/><V55/><F25/><W135/><G5/><T36/><D36/><U120/><E93/><V80/><F100/><W78/><G78/><T72/><D108/><U113/><E120/><V118/><F118/><W95/><G95/><T121/><D121/><U132/><E113/><V110/><F98/><W125/><G135/><T91/><D91/><U31/><E132/><V38/><F110/><W23/><G23/><T79/><AGARI ba="0,0" hai="17,19,21,27,30,72,79,81,101,102,103,128,129,130" machi="79" ten="40,5200,0" yaku="0,1,19,1,52,1" doraHai="20" who="0" fromWho="0" sc="277,52,245,-13,309,-13,169,-26" /><INIT seed="4,0,0,3,3,43" ten="329,232,296,143" oya="0" hai0="24,12,132,90,53,8,92,29,130,18,3,77,14" hai1="1,118,104,70,30,21,69,31,20,50,48,63,112" hai2="10,0,110,128,37,126,98,61,33,16,134,113,58" hai3="125,79,120,46,80,116,78,133,52,56,38,122,102"/><T127/><D132/><U2/><E104/><V91/><F33/><W101/><G116/><T75/><D130/><U72/><E72/><V57/><F37/><W36/><G133/><T68/><D127/><U39/><E39/><V22/><F110/><W47/><G56/><T26/><D3/><U83/><E83/><V109/><F109/><W23/><G23/><T111/><D111/><U86/><E86/><V115/><F134/><W5/><G80/><T27/><D68/><U73/><E73/><V62/><F128/><W13/><G13/><T11/><D77/><U54/><E63/><V119/><F126/><W7/><G52/><T84/><D75/><U60/><E60/><N who="2" m="23147" /><F10/><W59/><REACH who="3" step="1"/><G59/><REACH who="3" ten="329,232,296,133" step="2"/><T45/><D29/><U129/><E54/><V65/><F0/><W114/><G114/><T93/><D92/><U42/><E112/><N who="2" m="43083" /><F119/><W103/><G103/><T97/><D53/><U87/><E118/><V100/><F65/><W66/><G66/><T107/><D107/><U44/><E129/><V67/><F67/><W106/><G106/><T81/><D81/><U74/><E2/><V124/><F124/><AGARI ba="0,1" hai="5,7,36,38,46,47,78,79,101,102,120,122,124,125" machi="124" ten="25,8000,1" yaku="1,1,22,2,52,2,53,0" doraHai="43" doraHaiUra="64" who="3" fromWho="2" sc="329,0,232,0,296,-80,133,90" /><INIT seed="5,0,0,5,1,99" ten="329,232,216,223" oya="1" hai0="105,88,16,41,7,86,71,134,81,67,135,56,70" hai1="127,15,114,6,44,121,92,97,94,17,9,80,120" hai2="25,83,85,66,132,12,23,79,31,1,82,33,122" hai3="115,75,52,91,128,61,78,2,64,43,27,104,69"/><U19/><E114/><V40/><F122/><W111/><G111/><T101/><D41/><U84/><E127/><V110/><F110/><W119/><G2/><T124/><D124/><U129/><E129/><V20/><F1/><W36/><G104/><T109/><D109/><U130/><E130/><V73/><F132/><N who="0" m="50730" /><D7/><U53/><E94/><V107/><F107/><W5/><G5/><T62/><D16/><U58/><E44/><V76/><F66/><W28/><G91/><T55/><D55/><U68/><E68/><V22/><REACH who="2" step="1"/><F40/><REACH who="2" ten="329,232,206,223" step="2"/><W113/><G128/><T34/><D34/><U21/><E120/><V39/><F39/><W133/><G133/><T131/><D131/><U103/><E121/><V30/><F30/><W8/><G43/><T89/><D89/><N who="1" m="51335" /><E21/><V35/><F35/><W38/><G38/><T96/><AGARI ba="0,1" hai="56,62,67,70,71,81,86,88,96,101,105" m="50730" machi="96" ten="30,4000,0" yaku="20,1,52,1,54,1" doraHai="99" who="0" fromWho="0" sc="329,50,232,-20,206,-10,223,-10" /><INIT seed="6,0,0,4,5,83" ten="379,212,196,213" oya="2" hai0="43,91,30,39,129,9,24,77,14,103,116,133,132" hai1="70,51,37,54,119,2,7,56,47,42,97,44,90" hai2="27,98,31,16,101,66,127,59,72,126,41,29,26" hai3="107,0,46,81,110,130,124,22,17,11,20,87,53"/><V58/><F72/><W36/><G110/><T50/><D39/><U12/><E119/><V40/><F98/><W33/><G33/><T21/><D116/><U84/><E2/><V80/><F80/><W67/><G107/><T18/><D103/><U57/><E70/><V5/><F101/><W76/><G130/><T35/><D129/><U96/><E96/><V68/><F66/><W92/><G124/><T78/><D91/><U28/><E28/><V25/><F5/><W122/><G122/><T3/><D50/><U108/><E108/><V45/><F45/><W131/><G67/><T94/><D94/><U106/><E97/><V60/><F60/><W62/><G131/><T89/><D89/><U121/><E121/><V118/><F118/><W49/><G36/><T109/><D43/><N who="2" m="16458" /><F16/><W32/><G62/><T111/><D111/><U6/><E6/><V125/><F68/><W123/><G123/><T10/><D10/><U128/><E128/><V134/><F134/><N who="0" m="51818" /><D109/><U115/><E106/><V15/><F15/><N who="3" m="7423" /><G0/><T1/><D1/><U52/><E7/><AGARI ba="0,0" hai="3,7,9,14,18,21,24,30,35,77,78" m="51818" machi="7" ten="30,2000,0" yaku="24,1,20,1" doraHai="83" who="0" fromWho="1" sc="379,20,212,-20,196,0,213,0" /><INIT seed="7,0,0,0,1,90" ten="399,192,196,213" oya="3" hai0="45,89,32,109,46,92,50,52,120,36,124,41,117" hai1="95,97,7,119,31,37,24,129,134,72,78,73,29" hai2="98,33,74,111,122,3,10,96,114,113,133,84,101" hai3="67,48,115,123,131,20,21,23,68,0,39,106,2"/><W25/><G123/><T77/><D32/><U107/><E37/><V130/><F111/><W61/><G39/><T128/><D120/><U100/><E134/><V62/><F122/><W64/><G106/><T85/><D109/><U47/><E129/><V22/><F33/><W44/><G115/><N who="2" m="44041" /><F74/><W71/><G131/><T105/><D128/><U75/><E119/><V8/><F130/><W53/><G25/><T55/><D105/><U82/><E7/><N who="2" m="1151" /><F133/><W15/><G15/><T34/><D34/><U132/><E132/><V13/><F22/><W9/><G9/><T99/><D117/><U110/><E110/><V14/><F84/><W27/><G27/><T83/><D124/><U88/><E47/><V118/><F118/><W4/><G4/><T35/><D35/><N who="1" m="20903" /><E31/><V91/><F91/><W12/><G12/><N who="2" m="4713" /><F101/><W57/><G2/><T51/><D36/><U87/><AGARI ba="0,0" hai="72,73,75,78,82,87,88,95,97,100,107" m="20903" machi="87" ten="30,4000,0" yaku="24,1,52,1,54,1" doraHai="90" who="1" fromWho="1" sc="399,-10,192,40,196,-10,213,-20" owari="389,49.0,232,3.0,186,-31.0,193,-21.0" /></mjloggm>