<mjloggm ver="2.3"><GO type="41" lobby="0"/><UN n0="%E3%81%98%E3%82%87%E3%83%BC%E3%81%9F%E3%81%8F" n1="%E3%82%AB%E3%83%AC%E3%83%BC%E3%81%AE%E3%81%95%E3%81%A8%E3%81%A6%E3%81%A4" n2="%E2%93%9D%53%75%70%68%78" n3="%E3%81%8C%E3%82%89%E3%81%8F%E3%81%9F" dan="15,14,18,15" rate="2010.78,1910.99,2145.18,1964.63" sx="M,M,M,M"/><TAIKYOKU oya="0"/><INIT seed="0,0,0,5,1,66" ten="250,250,250,250" oya="0" hai0="121,47,1,41,54,3,29,135,99,112,111,101,134" hai1="130,78,23,73,102,49,31,27,98,55,21,48,2" hai2="52,9,0,11,82,64,93,22,30,6,120,109,51" hai3="100,104,25,122,119,80,84,14,126,118,65,90,10"/><T87/><D112/><U17/><E130/><V37/><F37/><W75/><G126/><T24/><D121/><U26/><E2/><V38/><F38/><W62/><G122/><T131/><D131/><U70/><E70/><V71/><F109/><W107/><G75/><T42/><D54/><U5/><E5/><V77/><F93/><W35/><G118/><T12/><D12/><U113/><E113/><V50/><F50/><W123/><G123/><T76/><D76/><U117/><E117/><V19/><F30/><W116/><G116/><T106/><D87/><U133/><E133/><N who="0" m="50697" /><D111/><U128/><E128/><V33/><F33/><W114/><G114/><T46/><D46/><U91/><E91/><V108/><F108/><W125/><G125/><T96/><D99/><U20/><E78/><V34/><F77/><W72/><G72/><T32/><D42/><U95/><E73/><V40/><F40/><W97/><G107/><T63/><D63/><U103/><E103/><V61/><F120/><W18/><G119/><T13/><D13/><N who="1" m="9263" /><E55/><V58/><F0/><W92/><G35/><T69/><D69/><U94/><E94/><V7/><F34/><W16/><G104/><T115/><D115/><U39/><E39/><AGARI ba="0,0" hai="1,3,24,29,32,39,41,47,96,101,106" m="50697" machi="39" ten="30,2900,0" yaku="20,1,23,1" doraHai="66" who="0" fromWho="1" sc="250,29,250,-29,250,0,250,0" /><INIT seed="0,1,0,5,1,119" ten="279,221,250,250" oya="0" hai0="16,63,114,66,30,76,73,96,23,121,133,25,51" hai1="48,107,52,61,101,78,115,98,39,49,22,0,131" hai2="74,46,126,88,53,80,4,129,86,17,57,5,45" hai3="11,10,112,91,41,19,128,71,83,35,9,108,12"/><T20/><D114/><U15/><E0/><V92/><F129/><W94/><G71/><T27/><D133/><U29/><E39/><V36/><F126/><W7/><G112/><T132/><D132/><U72/><E131/><V110/><F110/><W6/><G128/><T120/><D73/><U118/><E118/><V77/><F17/><W117/><G117/><T90/><D76/><U95/><E107/><V38/><F38/><W43/><G108/><T99/><D51/><U113/><E78/><V79/><F79/><W97/><G35/><T123/><REACH who="0" step="1"/><D90/><REACH who="0" ten="269,221,250,250" step="2"/><U109/><E72/><V116/><F116/><W70/><G6/><T93/><D93/><U124/><E109/><V13/><F36/><W84/><G7/><T87/><D87/><U32/><E115/><V37/><F37/><W44/><G70/><AGARI ba="1,1" hai="16,20,23,25,27,30,63,66,70,96,99,120,121,123" machi="70" ten="40,12000,1" yaku="1,1,52,3,54,1,53,0" doraHai="119" doraHaiUra="42" who="0" fromWho="3" sc="269,133,221,0,250,0,250,-123" /><INIT seed="0,2,0,2,1,96" ten="402,221,250,127" oya="0" hai0="23,115,56,51,101,17,81,42,103,134,117,26,58" hai1="69,45,43,6,88,74,13,38,120,35,122,20,14" hai2="107,123,83,82,18,128,3,131,94,57,32,80,78" hai3="135,91,27,111,47,85,132,105,16,86,124,53,31"/><T100/><D134/><N who="3" m="51241" /><G105/><T25/><D117/><U114/><E74/><V39/><F39/><W2/><G2/><T50/><D115/><U7/><E35/><V63/><F107/><W89/><G111/><T70/><D70/><U9/><E69/><V15/><F32/><N who="3" m="20607" /><G124/><T106/><D106/><U113/><E88/><N who="3" m="33866" /><G16/><T44/><D81/><U99/><E99/><V121/><F3/><W59/><G47/><N who="0" m="25975" /><D26/><U116/><E116/><V21/><F123/><W108/><G108/><T95/><D95/><U68/><E20/><V49/><F94/><W5/><G5/><T133/><D133/><U1/><E1/><V36/><F121/><W30/><G30/><T61/><D61/><AGARI ba="2,0" hai="53,59,61,85,86" m="33866,20607,51241" machi="61" ten="30,2000,0" yaku="20,1,54,1" doraHai="96" who="3" fromWho="0" sc="402,-26,221,0,250,0,127,26" /><INIT seed="1,0,0,0,0,122" ten="376,221,250,153" oya="1" hai0="123,24,6,93,72,78,8,109,124,50,18,22,131" hai1="38,4,44,119,40,75,55,112,20,90,19,105,74" hai2="27,49,86,106,132,135,76,102,53,84,71,11,91" hai3="10,13,23,83,66,134,25,54,116,100,110,33,5"/><U126/><E119/><V85/><F71/><W89/><G100/><T121/><D78/><U81/><E112/><V9/><F76/><W46/><G116/><T36/><D72/><U95/><E105/><V73/><F73/><W101/><G134/><N who="2" m="51241" /><F27/><W87/><G101/><T64/><D36/><U1/><E126/><V2/><F2/><W68/><G33/><T48/><D64/><U52/><E81/><V113/><F91/><W7/><G7/><T34/><D48/><U88/><E75/><V29/><F29/><W45/><G66/><T117/><D50/><U62/><E74/><V67/><F67/><W57/><G68/><T94/><D93/><U133/><E62/><V39/><F39/><W56/><G56/><T63/><D94/><U61/><E61/><V12/><F12/><W107/><G107/><T60/><D63/><U98/><E90/><V111/><F113/><W103/><G103/><T128/><D60/><U3/><E133/><V130/><F130/><N who="0" m="49706" /><D34/><U125/><E125/><V35/><F35/><W97/><G97/><T80/><D124/><U129/><E129/><V127/><F127/><W108/><G46/><T96/><D80/><U26/><REACH who="1" step="1"/><E1/><REACH who="1" ten="376,211,250,153" step="2"/><V104/><F104/><W77/><G89/><T37/><D117/><U92/><E92/><V14/><F106/><W115/><G115/><T118/><D118/><U47/><E47/><N who="2" m="27839" /><F102/><W59/><G45/><T43/><D121/><U82/><E82/><V120/><F120/><W32/><G59/><T15/><D123/><U69/><E69/><V42/><F86/><W0/><G87/><T16/><D96/><RYUUKYOKU ba="0,1" sc="376,-10,211,30,250,-10,153,-10" hai1="3,4,19,20,26,38,40,44,52,55,88,95,98" /><INIT seed="1,1,1,1,4,31" ten="366,241,240,143" oya="1" hai0="7,104,52,16,129,34,26,77,87,11,121,1,96" hai1="123,84,110,131,59,58,21,62,9,92,105,68,66" hai2="42,69,70,38,57,3,15,55,23,107,108,18,60" hai3="41,25,65,126,24,8,27,32,49,128,20,95,61"/><U125/><E123/><V73/><F107/><W120/><G120/><T14/><D129/><U85/><E105/><V35/><F3/><W113/><G113/><T5/><D121/><U116/><E116/><V119/><F119/><W50/><G128/><T64/><D64/><U100/><E131/><V6/><F73/><W37/><G126/><T103/><D77/><U33/><E33/><V51/><F108/><W28/><G8/><T72/><D72/><U53/><E125/><V83/><F6/><W29/><G27/><T127/><D87/><U44/><E9/><V93/><F83/><W2/><G2/><T74/><D74/><U82/><E44/><V106/><F106/><W39/><G39/><T89/><D89/><N who="1" m="53295" /><E68/><V54/><F35/><W46/><REACH who="3" step="1"/><G95/><REACH who="3" ten="366,241,240,133" step="2"/><T86/><D127/><U10/><E10/><V0/><F93/><W80/><G80/><T97/><D1/><U117/><E117/><V134/><F0/><W91/><G91/><T13/><D26/><U109/><E100/><V88/><F88/><W115/><G115/><T71/><D103/><U19/><E110/><V81/><F81/><W75/><G75/><T102/><D102/><U132/><E109/><V101/><F101/><W124/><G124/><T43/><D104/><U130/><E130/><V45/><F134/><W114/><G114/><T48/><D11/><U36/><E36/><V67/><F38/><W133/><G133/><T99/><D5/><U76/><E132/><V30/><F30/><W135/><G135/><T47/><D7/><U111/><E111/><V94/><F94/><W17/><G17/><RYUUKYOKU ba="1,2" sc="366,-15,241,-15,240,15,133,15" hai2="15,18,23,42,45,51,54,55,57,60,67,69,70" hai3="20,24,25,28,29,32,37,41,46,49,50,61,65" /><INIT seed="2,2,2,0,1,40" ten="351,226,255,148" oya="2" hai0="34,29,111,87,106,82,51,105,97,61,123,59,3" hai1="18,114,5,62,26,31,45,128,58,94,10,127,35" hai2="124,24,9,115,70,131,110,50,75,8,7,65,67" hai3="23,104,1,6,68,133,12,32,55,37,81,60,53"/><V30/><F115/><W47/><G104/><T20/><D111/><U132/><E114/><V135/><F75/><W121/><G32/><T126/><D3/><U84/><E128/><V76/><F76/><W48/><G121/><T122/><D34/><U44/><E132/><V56/><F70/><W43/><G133/><T85/><D126/><U89/><E18/><V125/><F135/><W107/><G107/><T96/><D51/><U120/><E127/><N who="2" m="48715" /><F131/><W73/><G1/><T69/><D69/><U2/><REACH who="1" step="1"/><E120/><REACH who="1" ten="351,216,255,148" step="2"/><V109/><F109/><W14/><G6/><T79/><D123/><U129/><E129/><V49/><F110/><W13/><G23/><T74/><D122/><U86/><E86/><V42/><F9/><W77/><REACH who="3" step="1"/><G37/><REACH who="3" ten="351,216,255,138" step="2"/><T41/><D106/><U38/><E38/><V46/><F7/><W88/><G88/><T101/><D105/><U103/><E103/><V21/><F8/><W36/><G36/><T90/><D101/><U95/><E95/><V63/><F21/><W134/><G134/><T117/><D20/><U71/><E71/><V92/><F92/><W66/><AGARI ba="2,4" hai="12,13,14,43,47,48,53,55,60,66,68,73,77,81" machi="66" ten="30,7900,0" yaku="1,1,0,1,52,1,53,1" doraHai="40" doraHaiUra="64" who="3" fromWho="3" sc="351,-22,216,-22,255,-41,138,125" /><INIT seed="3,0,0,4,5,82" ten="329,194,214,263" oya="3" hai0="3,8,32,80,126,7,134,81,24,66,40,79,60" hai1="23,90,73,129,101,125,71,50,119,132,105,95,10" hai2="130,76,5,55,96,89,131,35,91,120,86,77,106" hai3="33,51,117,61,123,16,53,42,114,26,17,65,62"/><W31/><G114/><T21/><D134/><U111/><E10/><V54/><F35/><W109/><G117/><T108/><D108/><U124/><E50/><V115/><F5/><W103/><G123/><T1/><D126/><U94/><E23/><V57/><F57/><W12/><G109/><T49/><D32/><U102/><E71/><V6/><F6/><W78/><G103/><T87/><D80/><U104/><E111/><V72/><F72/><W88/><G42/><T46/><D60/><U133/><E73/><V83/><F55/><W97/><G78/><N who="2" m="30313" /><F54/><W39/><G39/><T27/><D66/><U92/><E90/><N who="2" m="51551" /><F115/><W69/><G62/><T18/><D27/><U110/><E110/><V38/><F38/><W9/><G17/><T107/><REACH who="0" step="1"/><D107/><REACH who="0" ten="319,194,214,263" step="2"/><N who="1" m="41035" /><E119/><V15/><F120/><W135/><G135/><N who="1" m="51786" /><E129/><N who="2" m="49163" /><F15/><AGARI ba="0,1" hai="1,3,7,8,15,18,21,24,40,46,49,79,81,87" machi="15" ten="30,8000,1" yaku="1,1,7,1,25,2,52,1,53,0" doraHai="82" doraHaiUra="56" who="0" fromWho="2" sc="319,90,194,0,214,-80,263,0" /><INIT seed="4,0,0,2,5,34" ten="409,194,134,263" oya="0" hai0="128,43,125,98,58,26,42,92,29,41,30,19,104" hai1="11,124,122,61,90,10,111,95,79,67,114,54,46" hai2="48,31,130,3,135,107,91,15,96,99,44,0,75" hai3="88,23,129,123,24,22,83,38,65,94,77,68,45"/><T105/><D128/><U14/><E111/><V70/><F75/><W18/><G129/><T85/><D125/><U119/><E119/><V78/><F78/><W6/><G123/><T100/><D19/><U73/><E122/><V106/><F70/><W7/><G68/><T4/><D30/><U121/><E121/><V82/><F130/><W89/><G65/><T132/><D132/><U33/><E33/><V133/><F15/><N who="3" m="9567" /><G38/><T103/><D4/><N who="3" m="1577" /><G45/><T9/><D9/><U120/><E11/><V108/><F31/><N who="3" m="17823" /><G94/><T131/><D131/><U118/><E79/><V81/><F108/><W20/><G20/><N who="0" m="15559" /><D104/><U51/><E73/><V5/><F5/><W102/><G102/><N who="0" m="60743" /><D105/><U134/><E120/><V97/><F107/><W101/><G101/><N who="0" m="38987" /><D85/><AGARI ba="0,0" hai="77,83,85,88,89" m="17823,1577,9567" machi="85" ten="30,2000,0" yaku="8,1,54,1" doraHai="34" who="3" fromWho="0" sc="409,-20,194,0,134,0,263,20" /><INIT seed="5,0,0,4,2,83" ten="389,194,134,283" oya="1" hai0="40,58,41,130,129,66,80,134,125,86,82,20,91" hai1="67,71,131,79,96,32,124,4,115,85,133,109,63" hai2="57,102,114,107,30,74,72,65,122,26,27,15,7" hai3="9,10,42,25,110,90,99,28,116,11,92,2,59"/><U14/><E115/><V44/><F122/><W21/><G110/><T60/><D125/><U31/><E131/><N who="0" m="50185" /><D134/><U39/><E39/><V95/><F107/><W68/><G116/><T69/><D69/><U24/><E133/><V56/><F44/><W100/><G68/><T108/><D108/><U5/><E124/><V35/><F27/><W6/><G42/><T29/><D80/><U89/><E14/><V43/><F43/><W33/><G33/><T132/><D132/><U51/><E109/><V73/><F65/><W38/><G38/><T118/><D118/><U76/><E51/><V77/><F77/><W101/><G101/><T55/><D55/><U70/><E70/><V18/><F114/><W17/><G28/><T1/><D1/><U34/><E34/><V121/><F121/><W47/><G47/><T106/><D106/><U120/><E120/><V97/><REACH who="2" step="1"/><F7/><REACH who="2" ten="389,194,124,283" step="2"/><W23/><G59/><T87/><D40/><U78/><REACH who="1" step="1"/><E96/><REACH who="1" ten="389,184,124,283" step="2"/><V22/><AGARI ba="0,2" hai="15,18,22,26,30,35,56,57,72,73,74,95,97,102" machi="22" ten="30,4000,0" yaku="1,1,2,1,0,1,53,0" doraHai="83" doraHaiUra="113" who="2" fromWho="2" sc="389,-10,184,-20,124,60,283,-10" /><INIT seed="6,0,0,0,1,74" ten="379,164,184,273" oya="2" hai0="36,12,15,128,41,30,129,121,119,85,124,34,108" hai1="16,23,89,33,96,100,70,75,134,135,0,29,103" hai2="11,97,118,79,4,3,106,83,44,39,111,81,56" hai3="102,60,62,68,115,101,84,52,112,78,80,92,95"/><V19/><F118/><W117/><G117/><T125/><D41/><U31/><E70/><V107/><F83/><W54/><G68/><T110/><D36/><U59/><E0/><V123/><F123/><W28/><G28/><N who="1" m="10826" /><E33/><V91/><F111/><N who="0" m="42538" /><D85/><U27/><E75/><N who="2" m="43263" /><F19/><W50/><G95/><T120/><D119/><U53/><E135/><V71/><F56/><N who="3" m="32791" /><G92/><T42/><D42/><U105/><E105/><V20/><F20/><W65/><G65/><T126/><D30/><U43/><E43/><N who="2" m="22655" /><F71/><W130/><G54/><T72/><D72/><U5/><E5/><V99/><F91/><W90/><G90/><T87/><D34/><U26/><E26/><V67/><F67/><W133/><G133/><T88/><D12/><U76/><E76/><V22/><F22/><W98/><G60/><T47/><D15/><U66/><E66/><V77/><F77/><W55/><G55/><T73/><D47/><U14/><E14/><V116/><F116/><W109/><G62/><T113/><D73/><U10/><E10/><V32/><F32/><W122/><G109/><T18/><D18/><U61/><E134/><V7/><F7/><W51/><G51/><T82/><D113/><N who="3" m="43593" /><G122/><AGARI ba="0,0" hai="82,87,88,120,121,122,124,125,126,128,129" m="42538" machi="122" ten="40,8000,1" yaku="18,1,34,2,54,1" doraHai="74" who="0" fromWho="3" sc="379,80,164,0,184,0,273,-80" /><INIT seed="7,0,0,2,4,12" ten="459,164,184,193" oya="3" hai0="40,22,47,49,86,85,38,102,105,69,134,15,82" hai1="129,123,100,80,66,46,112,56,111,57,89,84,79" hai2="68,25,125,29,110,91,131,36,41,126,78,16,10" hai3="0,113,9,1,27,53,96,21,121,5,35,58,127"/><W54/><G113/><T106/><D86/><U130/><E111/><V20/><F110/><W87/><G121/><T94/><D69/><U61/><E123/><V132/><F68/><W72/><G72/><T63/><D38/><U77/><E112/><V42/><F131/><W95/><G35/><T97/><D63/><U101/><E46/><V8/><F78/><W55/><G127/><N who="2" m="48649" /><F132/><W31/><G87/><T11/><D22/><U30/><E30/><V13/><F36/><W81/><G81/><T19/><D134/><U2/><E2/><V64/><F64/><W50/><REACH who="3" step="1"/><G0/><REACH who="3" ten="459,164,184,183" step="2"/><T70/><D70/><U116/><E116/><V14/><F91/><AGARI ba="0,1" hai="1,5,9,21,27,31,50,53,54,55,58,91,95,96" machi="91" ten="30,11600,0" yaku="1,1,2,1,7,1,53,1" doraHai="12" doraHaiUra="26" who="3" fromWho="2" sc="459,0,164,0,184,-116,183,126" /><AGARI ba="0,0" hai="11,15,19,40,47,49,82,85,91,94,97,102,105,106" machi="91" ten="30,2000,0" yaku="7,1,52,1" doraHai="12" who="0" fromWho="2" sc="459,20,164,0,68,-20,309,0" /><INIT seed="7,1,0,0,1,87" ten="479,164,48,309" oya="3" hai0="104,120,93,36,4,51,95,23,37,41,114,10,66" hai1="124,65,90,103,105,77,5,25,61,33,60,86,110" hai2="89,126,94,38,35,34,131,68,19,63,98,129,75" hai3="1,130,57,54,2,118,111,3,81,12,47,70,39"/><W101/><G118/><T44/><D104/><U92/><E110/><V52/><F38/><W85/><G70/><T67/><D36/><U71/><E124/><V26/><F75/><W117/><G117/><T119/><D120/><U76/><E60/><V30/><F126/><W99/><G111/><T106/><D106/><U43/><E5/><V24/><F68/><W116/><G130/><T128/><D37/><U28/><REACH who="1" step="1"/><E43/><REACH who="1" ten="479,154,48,309" step="2"/><V14/><F35/><W134/><G116/><T55/><D41/><U8/><E8/><V42/><F42/><W40/><G134/><T97/><D10/><U6/><E6/><V59/><REACH who="2" step="1"/><F26/><REACH who="2" ten="479,154,38,309" step="2"/><W62/><G12/><T79/><D4/><U9/><E9/><AGARI ba="1,2" hai="9,14,19,24,30,34,52,59,63,89,94,98,129,131" machi="9" ten="40,8000,1" yaku="1,1,2,1,52,1,54,1,53,0" doraHai="87" doraHaiUra="72" who="2" fromWho="1" sc="479,0,154,-83,38,103,309,0" owari="479,58.0,71,-43.0,141,-26.0,309,11.0" /></mjloggm>