<mjloggm ver="2.3"><GO type="41" lobby="0"/><UN n0="%E3%81%86%E3%81%AB%E3%81%AB%E3%82%93" n1="%E2%93%9D%53%75%70%68%78" n2="%E3%82%A2%E3%83%AC%E3%82%B9%E3%83%86%E3%83%AD" n3="%E3%82%B8%E3%83%A3%E3%83%91%E3%83%B3%E3%82%AB%E3%83%83%E3%83%97" dan="15,18,13,14" rate="1955.78,2097.13,1857.13,1980.67" sx="M,M,M,M"/><TAIKYOKU oya="0"/><INIT seed="0,0,0,4,4,91" ten="250,250,250,250" oya="0" hai0="33,39,21,127,5,90,96,130,30,118,97,31,95" hai1="36,58,48,128,66,131,1,22,44,61,83,129,6" hai2="134,107,112,59,106,70,8,121,102,17,99,82,73" hai3="25,114,32,41,29,27,94,43,34,13,80,4,117"/><T71/><D118/><U98/><E22/><V88/><F112/><W92/><G117/><T74/><D71/><U64/><E83/><V65/><F121/><W42/><G114/><T46/><D130/><U38/><E98/><V14/><F70/><W20/><G80/><T9/><D33/><U2/><E6/><V133/><F107/><W100/><G100/><T26/><D74/><U10/><E10/><V108/><F108/><W51/><G51/><T132/><D132/><U55/><REACH who="1" step="1"/><E66/><REACH who="1" ten="250,240,250,250" step="2"/><V113/><F113/><W68/><G34/><T54/><D9/><U11/><E11/><V69/><F69/><W18/><G68/><T89/><D5/><U126/><E126/><V37/><F133/><W75/><REACH who="3" step="1"/><G75/><REACH who="3" ten="250,240,250,240" step="2"/><T47/><D127/><U76/><E76/><V12/><F73/><W45/><G45/><T120/><D47/><U111/><E111/><V15/><F134/><W57/><G57/><T119/><D119/><U124/><E124/><V103/><F103/><W24/><G24/><T23/><D26/><U81/><E81/><V78/><F78/><W86/><G86/><T72/><D72/><U63/><E63/><V123/><F59/><W110/><G110/><T56/><D46/><U93/><E93/><V19/><F106/><W84/><G84/><T40/><D95/><U105/><E105/><V52/><F65/><W60/><G60/><T85/><D56/><U35/><E35/><V50/><F82/><W135/><G135/><T79/><D85/><U7/><E7/><V116/><F116/><W53/><G53/><T28/><D54/><U125/><E125/><RYUUKYOKU ba="0,2" sc="250,-15,240,15,250,-15,240,15" hai1="1,2,36,38,44,48,55,58,61,64,128,129,131" hai3="4,13,18,20,25,27,29,32,41,42,43,92,94" /><INIT seed="1,1,2,5,0,16" ten="235,255,235,255" oya="1" hai0="18,10,6,2,121,57,98,51,134,20,106,66,31" hai1="84,94,104,62,88,128,83,8,19,43,44,1,108" hai2="90,76,13,114,35,77,93,125,102,4,109,34,15" hai3="32,92,96,5,117,89,25,11,55,41,24,103,9"/><U80/><E104/><V52/><F102/><W122/><G122/><T110/><D110/><U61/><E128/><V79/><F109/><W49/><G32/><T132/><D121/><U7/><E108/><V42/><F42/><W75/><G75/><T54/><D31/><U69/><E19/><V0/><F0/><W119/><G41/><T30/><D30/><U65/><REACH who="1" step="1"/><E62/><REACH who="1" ten="235,245,235,255" step="2"/><V26/><F4/><W21/><G119/><T14/><REACH who="0" step="1"/><D66/><REACH who="0" ten="225,245,235,255" step="2"/><U120/><E120/><V27/><F114/><W87/><G117/><T68/><D68/><U115/><E115/><V99/><F35/><W95/><G5/><T23/><D23/><U130/><E130/><V64/><F34/><W45/><REACH who="3" step="1"/><G25/><REACH who="3" ten="225,245,235,245" step="2"/><T37/><D37/><AGARI ba="1,5" hai="1,7,8,37,43,44,61,65,69,80,83,84,88,94" machi="37" ten="30,11600,0" yaku="1,1,7,1,54,1,53,1" doraHai="16" doraHaiUra="85" who="1" fromWho="0" sc="225,-119,245,169,235,0,245,0" /><INIT seed="1,2,0,0,4,81" ten="106,414,235,245" oya="1" hai0="85,16,77,72,60,43,115,107,114,68,45,66,17" hai1="67,34,111,33,110,41,49,19,118,123,8,5,92" hai2="74,94,57,93,22,10,59,46,29,109,116,73,88" hai3="63,9,112,100,104,18,47,14,56,30,78,62,3"/><U26/><E67/><V52/><F116/><W103/><G112/><T133/><D133/><U71/><E71/><V134/><F134/><W70/><G30/><T54/><D72/><U51/><E41/><V124/><F10/><W36/><G104/><T119/><D107/><U98/><E123/><V86/><F124/><W53/><G78/><T127/><D127/><U12/><E118/><V40/><F109/><N who="1" m="41481" /><E19/><V25/><F94/><W1/><G1/><T24/><D119/><U117/><E117/><V83/><F83/><W89/><G3/><T15/><D24/><U31/><E34/><V135/><F135/><W38/><G38/><T101/><D101/><AGARI ba="2,0" hai="5,8,12,26,31,33,49,51,92,98,101" m="41481" machi="101" ten="30,2900,0" yaku="14,1,10,1" doraHai="81" who="1" fromWho="0" sc="106,-35,414,35,235,0,245,0" /><INIT seed="1,3,0,5,3,77" ten="71,449,235,245" oya="1" hai0="80,90,100,58,105,59,106,19,79,81,131,116,12" hai1="127,96,25,42,18,132,14,98,32,40,39,46,8" hai2="62,68,103,83,72,84,130,29,21,9,122,50,69" hai3="41,78,60,74,10,17,129,66,16,48,133,38,54"/><U113/><E113/><V43/><F122/><W36/><G129/><T82/><D116/><U27/><E132/><V70/><F130/><W6/><G133/><T109/><D131/><U126/><E42/><V125/><F125/><N who="1" m="47625" /><E32/><V75/><F103/><W31/><G31/><T20/><D109/><U35/><E35/><V85/><F9/><W64/><G64/><T121/><D79/><U61/><E61/><V114/><F114/><W3/><G38/><T23/><D121/><U73/><E73/><V97/><F97/><AGARI ba="3,0" hai="8,14,18,25,27,39,40,46,96,97,98" m="47625" machi="97" ten="30,1500,0" yaku="18,1" doraHai="77" who="1" fromWho="2" sc="71,0,449,24,235,-24,245,0" /><INIT seed="1,4,0,4,5,23" ten="71,473,211,245" oya="1" hai0="58,88,129,18,27,51,11,128,30,102,49,20,80" hai1="47,54,44,10,119,86,45,34,81,64,36,15,95" hai2="33,104,96,85,101,74,29,37,65,17,83,32,92" hai3="105,31,110,40,19,113,43,94,109,115,124,55,123"/><U60/><E34/><V14/><F37/><W12/><G105/><T22/><D102/><U53/><E119/><V111/><F111/><N who="3" m="42507" /><G123/><T90/><D11/><U3/><E3/><V8/><F65/><W67/><G67/><T7/><D7/><U118/><E95/><V5/><F5/><W130/><G31/><T25/><D80/><U68/><E118/><V38/><F38/><W117/><G117/><T78/><D78/><U48/><E36/><V84/><F84/><W82/><G124/><T114/><D114/><N who="3" m="43529" /><G82/><T131/><REACH who="0" step="1"/><D58/><REACH who="0" ten="61,473,211,245" step="2"/><U75/><E81/><V66/><F83/><W26/><G130/><T87/><D87/><U9/><E86/><V2/><F85/><W98/><G55/><T107/><D107/><U4/><E54/><V121/><F104/><W1/><G1/><T122/><D122/><U56/><E10/><V134/><F2/><W21/><G12/><T42/><D42/><U99/><E15/><V91/><F14/><W52/><G52/><T70/><D70/><U132/><E68/><V0/><F0/><W116/><G116/><T62/><D62/><U127/><E60/><V112/><F112/><W89/><AGARI ba="4,1" hai="19,21,26,40,43,89,94,98" m="43529,42507" machi="89" ten="30,2000,0" yaku="14,1,52,1" doraHai="23" who="3" fromWho="3" sc="61,-9,473,-14,211,-9,245,42" /><INIT seed="2,0,0,0,1,108" ten="52,459,202,287" oya="2" hai0="75,54,71,106,122,42,35,101,40,4,33,43,9" hai1="123,132,8,63,128,93,94,62,90,130,22,7,0" hai2="109,2,25,45,39,13,37,134,69,126,41,98,60" hai3="73,115,18,79,32,87,53,61,76,72,47,19,83"/><V67/><BYE who="3" /><F2/><W97/><G97/><T113/><D122/><U44/><E132/><V100/><F109/><W91/><G91/><T107/><D75/><U58/><E123/><V56/><F134/><W104/><G104/><T68/><D54/><U49/><E22/><V57/><F126/><UN n3="%E3%82%B8%E3%83%A3%E3%83%91%E3%83%B3%E3%82%AB%E3%83%83%E3%83%97" /><W124/><G32/><N who="0" m="12363" /><D101/><U59/><E49/><V120/><F120/><W92/><G124/><T38/><D9/><U82/><E44/><V118/><F118/><W89/><G61/><T26/><D26/><U74/><E82/><V66/><F25/><W125/><G125/><T81/><D81/><U112/><E74/><V6/><F37/><W116/><G116/><T36/><D4/><U131/><E90/><V103/><F67/><W99/><G79/><T78/><D78/><U17/><E17/><V129/><F129/><W50/><REACH who="3" step="1"/><G115/><REACH who="3" ten="52,459,202,277" step="2"/><T48/><D113/><U64/><E112/><V31/><F100/><W3/><G3/><T119/><D119/><U135/><E135/><V14/><F31/><W10/><G10/><T24/><D24/><U55/><AGARI ba="0,1" hai="0,7,8,55,58,59,62,63,64,93,94,128,130,131" machi="55" ten="30,2000,0" yaku="0,1,19,1" doraHai="108" who="1" fromWho="1" sc="52,-5,459,30,202,-10,277,-5" /><INIT seed="3,0,0,5,4,61" ten="47,489,192,272" oya="3" hai0="130,107,91,100,105,42,67,133,121,1,101,63,95" hai1="28,14,40,64,119,69,30,93,111,113,10,60,88" hai2="120,6,84,24,22,123,27,79,76,2,89,16,52" hai3="118,108,132,117,73,47,48,102,46,59,29,17,4"/><W112/><G73/><T11/><D121/><N who="2" m="46666" /><F27/><W122/><G112/><T135/><D130/><U129/><E111/><V15/><F2/><W21/><G108/><T70/><D42/><U8/><E119/><V115/><F115/><W35/><G122/><T7/><D101/><U83/><E10/><N who="2" m="4567" /><F52/><W55/><G102/><T66/><D100/><U110/><E129/><V82/><AGARI ba="0,0" hai="16,22,24,76,79,82,84,89" m="4567,46666" machi="82" ten="30,2000,0" yaku="13,1,54,1" doraHai="61" who="2" fromWho="2" sc="47,-5,489,-5,192,20,272,-10" /><INIT seed="4,0,0,3,5,43" ten="42,484,212,262" oya="0" hai0="114,38,10,5,119,113,116,7,92,127,53,62,44" hai1="111,129,118,89,9,83,42,135,41,97,23,93,16" hai2="61,11,52,47,122,79,130,115,95,0,107,45,18" hai3="81,46,86,57,25,58,68,50,65,48,77,39,29"/><T84/><D127/><U82/><E111/><V85/><F122/><W132/><G132/><T4/><D84/><U13/><E129/><V75/><F75/><W66/><G68/><T98/><D10/><U69/><E118/><V133/><F107/><W49/><G39/><T124/><D124/><U67/><E135/><V1/><F133/><W70/><G70/><T17/><D38/><U131/><E131/><V30/><F30/><W26/><G29/><T128/><D128/><U14/><E67/><N who="3" m="25610" /><G58/><T3/><D17/><N who="1" m="8367" /><E69/><V2/><F130/><W54/><G50/><N who="0" m="28871" /><D62/><U35/><E35/><V117/><F117/><W72/><G72/><T22/><D22/><U96/><E96/><V90/><F79/><W120/><G120/><T64/><D64/><U121/><E121/><V60/><F115/><N who="0" m="44042" /><D3/><U125/><E125/><V32/><F32/><W31/><G31/><T108/><D108/><U55/><E23/><V101/><F101/><AGARI ba="0,0" hai="4,5,7,92,98,101,116,119" m="44042,28871" machi="101" ten="30,2900,0" yaku="15,1,52,1" doraHai="43" who="0" fromWho="2" sc="42,29,484,0,212,-29,262,0" /><INIT seed="4,1,0,1,5,56" ten="71,484,183,262" oya="0" hai0="87,57,98,69,121,7,115,117,99,6,70,24,110" hai1="61,38,39,96,1,17,111,15,92,3,123,21,132" hai2="73,118,65,62,44,33,9,103,133,34,74,46,78" hai3="116,8,67,102,71,40,12,49,14,112,81,114,37"/><T43/><D117/><U2/><E111/><V86/><F118/><W29/><G116/><T108/><D121/><U45/><E132/><V41/><F133/><W97/><G37/><T20/><D43/><U30/><E30/><V107/><F9/><W130/><G29/><T128/><D87/><U85/><E61/><V122/><F122/><W100/><G81/><T16/><D115/><U4/><E4/><N who="0" m="1577" /><D128/><U106/><E106/><V77/><F77/><W23/><G23/><T18/><D18/><U13/><E85/><V91/><F46/><W113/><G8/><T79/><D79/><U124/><E45/><V25/><F107/><W59/><G130/><T125/><D125/><U27/><E124/><V53/><F53/><N who="3" m="32175" /><G40/><T88/><D57/><U109/><E123/><V63/><F103/><N who="3" m="39467" /><G97/><N who="0" m="36875" /><D88/><U60/><E39/><V135/><F135/><W83/><G83/><T93/><D93/><U19/><E92/><V120/><F120/><W35/><G35/><T5/><N who="0" m="1585" /><T82/><DORA hai="127" /><D82/><U32/><E38/><V11/><F34/><W95/><G95/><T48/><D48/><U94/><E32/><V75/><F75/><W80/><G80/><T76/><D76/><U47/><E94/><V134/><F78/><W66/><G71/><T84/><D84/><U51/><E96/><V119/><F119/><W31/><G31/><T36/><D36/><U72/><E51/><V129/><F129/><W28/><G28/><T105/><D105/><U104/><E104/><V90/><F134/><W55/><G55/><T64/><D70/><U52/><E52/><V89/><F41/><RYUUKYOKU ba="1,0" sc="71,15,484,-15,183,-15,262,15" hai0="16,20,24,64,69,108,110" hai3="12,14,66,67,112,113,114" /><INIT seed="4,2,0,3,1,6" ten="86,469,168,277" oya="0" hai0="119,22,11,107,8,120,118,10,126,131,41,47,54" hai1="90,37,91,43,35,84,60,115,76,83,1,116,110" hai2="71,112,31,87,17,135,128,64,5,9,80,18,24" hai3="99,36,94,70,4,117,104,113,97,69,27,68,62"/><T33/><D107/><U114/><E110/><V105/><F105/><W86/><G117/><N who="0" m="44555" /><D54/><U3/><E35/><V95/><F112/><N who="1" m="43049" /><E116/><V46/><F128/><W42/><G113/><T78/><D78/><U124/><E124/><V30/><F135/><W49/><G86/><T26/><D47/><N who="1" m="24047" /><E60/><V15/><F95/><W61/><G36/><T88/><D41/><U66/><E66/><V77/><F46/><W75/><G75/><T32/><D88/><AGARI ba="2,0" hai="1,3,76,83,84,88,90,91" m="24047,43049" machi="88" ten="30,3900,0" yaku="15,1,11,1,54,1" doraHai="6" who="1" fromWho="0" sc="86,-45,469,45,168,0,277,0" /><INIT seed="5,0,0,5,0,49" ten="41,514,168,277" oya="1" hai0="27,60,68,92,134,34,125,95,76,80,101,23,30" hai1="10,8,72,118,14,21,1,51,81,66,11,17,5" hai2="99,74,56,122,131,16,73,128,115,33,119,78,135" hai3="123,6,25,91,18,87,3,86,77,38,7,42,113"/><U63/><E118/><V97/><F119/><W103/><G123/><T71/><D125/><U41/><E72/><V69/><F69/><W107/><G113/><T108/><D108/><U82/><E41/><V110/><F110/><W62/><G87/><T116/><D116/><U2/><E51/><V65/><F122/><W121/><G77/><T102/><D134/><U85/><E82/><V133/><F33/><W109/><G109/><T24/><D95/><U40/><E40/><V93/><F65/><W75/><G75/><T26/><D26/><U70/><REACH who="1" step="1"/><E5/><REACH who="1" ten="41,504,168,277" step="2"/><V12/><F73/><W50/><G50/><T117/><D117/><U48/><E48/><V129/><F115/><W100/><G121/><T112/><D112/><U105/><E105/><V64/><F74/><W57/><G42/><T36/><D36/><U4/><E4/><V9/><F78/><AGARI ba="0,1" hai="1,2,8,10,11,14,17,21,63,66,70,78,81,85" machi="78" ten="40,2000,0" yaku="1,1,53,0" doraHai="49" doraHaiUra="126" who="1" fromWho="2" sc="41,0,504,30,168,-20,277,0" /><INIT seed="5,1,0,5,0,83" ten="41,534,148,277" oya="1" hai0="15,25,3,111,107,40,84,4,131,75,118,79,90" hai1="2,133,86,76,31,26,89,132,125,21,128,80,88" hai2="73,29,69,63,105,99,49,117,27,127,18,57,22" hai3="129,50,108,70,7,46,121,43,85,58,77,106,55"/><U38/><E125/><V42/><F117/><W60/><G121/><T113/><D111/><U134/><E128/><V37/><F127/><W122/><G122/><T51/><D131/><U135/><E135/><V130/><F130/><W47/><G129/><T109/><D109/><U45/><E2/><V10/><F73/><W74/><G106/><T30/><D118/><U65/><E65/><V64/><F10/><W48/><G74/><T98/><D3/><U119/><E119/><V67/><F67/><W71/><G7/><T41/><D113/><U126/><E126/><V39/><F69/><N who="3" m="26123" /><G85/><T97/><D75/><U56/><E56/><V96/><F96/><W36/><G77/><T6/><D79/><U120/><E120/><V11/><F11/><W35/><G35/><T19/><D107/><U124/><E124/><V110/><F110/><W116/><G116/><T12/><D98/><U100/><E100/><V5/><F5/><W32/><G32/><T94/><D15/><U1/><E1/><V16/><F37/><W66/><G108/><T13/><D97/><U92/><E92/><V8/><F39/><AGARI ba="1,0" hai="36,39,43,46,47,48,50,55,58,60,66" m="26123" machi="39" ten="30,8000,1" yaku="35,5" doraHai="83" who="3" fromWho="2" sc="41,0,534,0,148,-83,277,83" /><INIT seed="6,0,0,4,3,12" ten="41,534,65,360" oya="2" hai0="35,106,90,19,129,128,86,134,105,57,125,82,74" hai1="22,20,100,34,8,62,16,65,78,1,42,59,17" hai2="10,107,92,89,39,28,67,98,54,80,116,118,45" hai3="40,47,37,81,122,66,11,72,3,15,102,25,112"/><V32/><F67/><W38/><G122/><T4/><D35/><U75/><E34/><V127/><F10/><W61/><G112/><T114/><D4/><U76/><E75/><V110/><F110/><W108/><G102/><T131/><D114/><U95/><E42/><V104/><F127/><W6/><G108/><T7/><D7/><U27/><E1/><V60/><F39/><W9/><G25/><T23/><D125/><U77/><E8/><V87/><F32/><W71/><G38/><T13/><D134/><U56/><E56/><V48/><F28/><W109/><G109/><T18/><D74/><U97/><E78/><V14/><F60/><W30/><G30/><T123/><D123/><U53/><E53/><V73/><F73/><W63/><G63/><T33/><D33/><U96/><E96/><V50/><F50/><W94/><G94/><T132/><D132/><U93/><E93/><V36/><F36/><W69/><G11/><T55/><REACH who="0" step="1"/><D19/><REACH who="0" ten="31,534,65,360" step="2"/><U44/><E44/><V0/><F0/><W117/><G72/><T119/><D119/><U29/><E29/><V111/><F111/><W21/><G117/><T41/><D41/><U120/><E120/><V52/><F116/><W91/><G3/><T101/><D101/><U85/><E85/><V51/><F118/><W103/><G103/><T2/><D2/><U121/><E121/><V43/><F43/><W31/><G31/><T46/><D46/><U70/><E70/><V135/><F135/><W113/><G71/><T99/><D99/><U83/><E97/><V5/><F5/><W133/><G133/><RYUUKYOKU ba="0,1" sc="31,30,534,-10,65,-10,360,-10" hai0="13,18,23,55,57,82,86,90,105,106,128,129,131" /><INIT seed="7,1,1,5,0,9" ten="61,524,55,350" oya="3" hai0="0,133,11,100,124,131,90,115,70,84,68,79,54" hai1="18,129,58,21,108,65,74,69,66,55,56,41,36" hai2="89,28,111,6,85,60,117,110,98,22,25,101,19" hai3="132,5,13,135,123,67,35,97,40,94,99,7,128"/><W125/><G35/><T103/><D124/><U31/><E31/><V77/><F117/><W112/><G123/><T43/><D131/><U14/><E74/><V50/><F6/><W75/><G75/><T93/><D133/><N who="3" m="51273" /><G125/><T46/><D54/><U134/><E108/><V114/><F114/><W127/><G127/><T73/><D115/><U20/><E20/><V42/><F77/><W32/><G32/><T8/><D103/><U109/><E109/><V80/><F60/><W104/><G112/><T39/><D100/><U12/><E69/><V15/><F42/><W45/><G104/><T82/><D11/><U34/><E34/><V59/><F59/><W113/><G113/><T10/><D10/><U24/><E58/><V72/><F72/><W17/><G67/><T37/><D39/><U57/><E129/><V95/><F50/><N who="3" m="26919" /><G128/><T87/><D87/><U81/><E134/><V3/><F3/><W63/><G63/><T1/><D1/><U106/><E106/><V119/><F119/><W126/><G126/><T33/><D33/><AGARI ba="1,1" hai="15,19,22,25,28,33,80,85,89,95,98,101,110,111" machi="33" ten="30,2000,0" yaku="7,1,52,1" doraHai="9" who="2" fromWho="0" sc="61,-23,524,0,55,33,350,0" owari="38,-46.0,524,62.0,88,-31.0,350,15.0" /></mjloggm>