<mjloggm ver="2.3"><GO type="41" lobby="0"/><UN n0="%E3%81%B5%E3%81%A2%E3%82%B3%E3%83%AD%E3%83%83%E3%82%B1" n1="%E3%81%AD%E3%81%93%E3%81%B1%E3%82%93%E3%81%A1" n2="%E2%93%9D%53%75%70%68%78" n3="%E3%82%BC%E3%83%B3%E3%82%B6%E3%83%B3" dan="13,14,16,15" rate="1867.54,1883.01,2076.44,1967.47" sx="F,M,M,M"/><TAIKYOKU oya="0"/><INIT seed="0,0,0,5,3,78" ten="250,250,250,250" oya="0" hai0="58,32,128,4,96,49,27,66,116,135,122,48,71" hai1="15,28,97,19,29,26,60,42,56,99,59,70,105" hai2="73,16,1,21,83,76,39,13,12,82,123,110,126" hai3="75,50,121,100,47,17,34,54,14,74,51,65,36"/><T2/><D122/><U120/><E42/><V41/><F123/><W62/><G121/><T109/><D116/><U37/><E37/><V57/><F1/><W118/><G34/><T31/><D135/><U24/><E120/><V55/><F110/><W11/><G118/><T8/><D128/><U133/><E133/><V18/><F126/><W95/><G36/><T84/><D71/><U38/><E38/><V61/><F73/><W53/><G100/><T131/><D131/><U124/><E124/><V94/><F76/><W92/><G75/><T72/><D72/><U90/><E105/><V104/><F104/><W10/><G74/><T130/><D130/><U101/><E70/><V3/><F3/><W106/><G10/><T23/><D32/><U108/><E108/><V7/><F7/><W77/><G77/><T102/><D84/><U127/><E127/><V64/><F94/><W52/><G54/><T33/><D33/><U129/><E129/><V30/><F30/><W107/><G107/><T67/><D109/><U89/><E19/><V86/><F86/><W111/><G106/><T98/><D102/><U88/><E15/><V114/><F114/><W87/><G87/><T125/><D125/><U119/><E119/><V68/><F41/><W93/><G111/><T35/><D35/><U44/><E101/><V80/><F39/><W117/><G117/><T115/><D115/><U69/><E69/><V20/><F68/><N who="3" m="42039" /><G47/><T22/><D22/><U43/><E44/><V5/><F5/><W112/><G112/><T85/><D85/><U103/><E43/><V63/><F64/><RYUUKYOKU ba="0,0" sc="250,-15,250,-15,250,15,250,15" hai2="12,13,16,18,20,21,55,57,61,63,80,82,83" hai3="11,14,17,50,51,52,53,92,93,95" /><INIT seed="1,1,0,0,0,54" ten="235,235,265,265" oya="1" hai0="10,85,18,46,71,86,84,40,38,45,31,122,83" hai1="112,78,50,89,19,87,0,59,7,65,131,93,126" hai2="82,60,73,49,134,105,111,117,33,110,116,101,124" hai3="69,125,106,1,128,132,17,88,98,74,32,120,130"/><U127/><E112/><V63/><F33/><W102/><G69/><T123/><D71/><U3/><E7/><V16/><F134/><W15/><G32/><T119/><D119/><U108/><E78/><V113/><F124/><W68/><G68/><T90/><D31/><U118/><E118/><V92/><F105/><W62/><G1/><T61/><D46/><U37/><E37/><V67/><F49/><W43/><G120/><N who="0" m="46123" /><D61/><U52/><E65/><V30/><F30/><W135/><G43/><T22/><D10/><U107/><E107/><V103/><F113/><W133/><G62/><T26/><AGARI ba="1,0" hai="18,22,26,38,40,45,83,84,85,86,90" m="46123" machi="26" ten="30,1100,0" yaku="13,1" doraHai="54" who="0" fromWho="0" sc="235,14,235,-6,265,-4,265,-4" /><INIT seed="2,0,0,4,2,127" ten="249,229,261,261" oya="2" hai0="85,99,51,97,33,132,37,26,29,87,61,105,126" hai1="21,101,19,59,32,4,98,39,91,31,77,104,102" hai2="46,22,122,76,130,116,131,96,82,112,28,79,9" hai3="15,119,41,10,95,43,70,64,108,115,44,103,23"/><V89/><F112/><W60/><G119/><T135/><D37/><U129/><E39/><V2/><F116/><W50/><G115/><T63/><D126/><U20/><E77/><V80/><F122/><W110/><G41/><T8/><D8/><U74/><E74/><V45/><F28/><W17/><G103/><N who="0" m="62703" /><D99/><U88/><E4/><V18/><F9/><W13/><REACH who="3" step="1"/><G95/><REACH who="3" ten="249,229,261,251" step="2"/><T62/><D51/><U5/><E102/><V42/><F42/><W106/><G106/><T35/><D35/><U81/><E101/><V7/><F82/><W125/><G125/><T113/><D113/><U133/><E104/><V128/><F80/><W84/><G84/><T49/><D49/><U24/><E81/><V40/><F40/><W72/><G72/><T68/><D68/><U123/><E123/><V75/><F75/><W0/><G0/><T90/><D61/><U107/><E107/><V34/><F34/><W134/><G134/><N who="0" m="51243" /><D87/><U56/><E32/><V121/><F121/><W86/><G86/><T30/><D62/><U83/><E83/><V12/><F2/><W94/><G94/><T47/><D63/><U118/><E118/><V1/><F1/><W57/><G57/><T38/><D47/><N who="2" m="17930" /><F7/><AGARI ba="0,1" hai="7,10,13,15,17,23,43,44,50,60,64,70,108,110" machi="7" ten="40,2600,0" yaku="1,1,53,1" doraHai="127" doraHaiUra="36" who="3" fromWho="2" sc="249,0,229,0,261,-26,251,36" /><INIT seed="3,0,0,1,4,83" ten="249,229,235,287" oya="3" hai0="71,131,126,124,69,101,102,20,16,53,39,67,41" hai1="29,23,51,128,98,80,125,114,36,57,86,108,28" hai2="60,40,17,81,92,18,76,42,44,112,68,105,2" hai3="61,63,8,135,103,90,37,26,22,106,0,120,35"/><W133/><G120/><T74/><D74/><U91/><E36/><V14/><F105/><W117/><G37/><T78/><D131/><U13/><E128/><V93/><F2/><W72/><G117/><T127/><D53/><N who="1" m="31935" /><E114/><V62/><F112/><W6/><G72/><T95/><D78/><U1/><E1/><V100/><F68/><N who="0" m="26186" /><D67/><U59/><E125/><V122/><F100/><W104/><G35/><T33/><D33/><U50/><E98/><V7/><F7/><W56/><G90/><T119/><D119/><U15/><E108/><V25/><F42/><W77/><G77/><T30/><D30/><N who="1" m="11883" /><E23/><V73/><F122/><W118/><G118/><T134/><D134/><N who="3" m="51209" /><G103/><T34/><D34/><U97/><E97/><V85/><F73/><W65/><G63/><T111/><D111/><U87/><E50/><N who="2" m="26887" /><F62/><W43/><G43/><T116/><D116/><U79/><E59/><V109/><F109/><W46/><G46/><N who="0" m="23871" /><D95/><AGARI ba="0,0" hai="13,15,79,80,86,87,91,95" m="11883,31935" machi="95" ten="30,3900,0" yaku="8,1,52,2" doraHai="83" who="1" fromWho="0" sc="249,-39,229,39,235,0,287,0" /><INIT seed="4,0,0,2,0,48" ten="210,268,235,287" oya="0" hai0="121,86,49,43,58,83,111,60,62,130,93,105,79" hai1="8,88,14,66,126,54,63,120,135,25,53,123,109" hai2="13,61,128,116,31,39,46,9,113,38,77,50,95" hai3="70,110,73,36,100,15,42,122,35,98,101,67,68"/><T127/><D130/><U56/><E109/><V59/><F128/><W84/><G110/><T75/><D127/><U64/><E126/><V74/><F113/><W5/><G73/><T26/><D105/><U102/><E102/><V1/><F1/><W7/><G35/><T125/><D121/><U47/><E25/><V52/><F31/><W117/><G84/><T45/><D125/><U30/><E30/><V134/><F134/><W108/><G67/><T114/><D114/><U41/><E41/><V132/><F132/><W32/><G32/><T17/><D111/><U20/><E20/><V129/><F116/><W57/><G57/><T99/><D75/><U10/><E135/><V51/><F51/><W29/><G42/><T97/><D93/><U96/><E10/><V65/><F129/><W21/><G108/><T76/><D76/><U124/><E124/><V107/><F107/><W44/><G117/><T103/><D103/><U6/><E123/><V34/><F34/><W72/><G101/><T78/><D78/><U94/><E120/><V2/><F2/><W19/><G72/><T33/><D33/><U118/><E118/><V133/><F95/><N who="3" m="58463" /><G29/><T80/><D80/><U27/><E27/><V24/><F24/><W28/><G28/><T4/><D4/><N who="3" m="1609" /><G122/><T85/><D85/><U40/><REACH who="1" step="1"/><E66/><REACH who="1" ten="210,258,235,287" step="2"/><V106/><F133/><W55/><G36/><AGARI ba="0,1" hai="6,8,14,36,40,47,53,54,56,63,64,88,94,96" machi="36" ten="30,12000,2" yaku="1,1,2,1,7,1,52,2,54,1,53,1" doraHai="48" doraHaiUra="87" who="1" fromWho="3" sc="210,0,258,130,235,0,287,-120" /><INIT seed="5,0,0,2,5,16" ten="210,388,235,167" oya="1" hai0="12,85,61,80,106,33,87,47,125,116,81,133,10" hai1="117,76,49,134,129,65,39,103,0,111,78,41,9" hai2="92,83,20,115,46,19,93,40,24,25,100,52,32" hai3="118,5,97,64,59,98,7,6,128,127,55,131,79"/><U71/><E103/><V135/><F135/><W22/><G118/><T73/><D73/><U4/><E78/><V82/><F115/><W95/><G64/><T88/><D133/><U108/><E134/><V56/><F32/><W35/><G35/><T91/><D125/><U62/><E117/><V121/><F25/><W50/><G79/><T112/><D116/><U58/><E76/><V124/><F121/><W107/><G127/><T89/><D89/><U23/><E129/><N who="3" m="49738" /><G107/><T104/><D33/><U68/><E68/><V53/><F53/><W15/><G95/><N who="2" m="36425" /><F100/><W45/><G45/><T90/><D90/><U67/><E67/><V66/><F66/><W44/><G44/><T42/><D61/><U51/><E39/><V105/><F105/><W114/><G114/><T13/><D112/><U43/><E71/><V94/><F94/><W96/><G15/><T2/><D13/><U132/><E132/><V48/><F124/><W109/><G109/><T126/><D2/><U18/><E43/><V99/><F99/><W120/><G120/><T110/><D110/><N who="1" m="42027" /><E41/><V122/><F122/><W31/><G31/><T60/><D126/><U72/><E72/><V54/><F40/><W113/><G113/><T30/><D30/><U130/><E130/><V8/><F54/><W84/><G84/><T21/><D60/><U63/><E62/><V1/><F46/><W102/><G102/><T86/><D86/><U28/><E28/><N who="2" m="17415" /><F1/><W101/><G101/><T69/><D69/><U123/><E123/><V77/><F77/><W70/><G70/><T3/><D3/><U34/><E34/><RYUUKYOKU ba="0,0" sc="210,-30,388,10,235,10,167,10" hai1="0,4,9,18,23,49,51,58,63,65" hai2="8,19,48,52,56,82,83" hai3="5,6,7,22,50,55,59,96,97,98" /><INIT seed="5,1,0,5,4,89" ten="180,398,245,177" oya="1" hai0="105,17,15,1,118,0,48,92,83,108,21,129,32" hai1="25,110,2,86,98,11,7,66,124,112,29,53,97" hai2="31,65,14,43,132,134,51,22,79,26,84,99,27" hai3="54,58,56,133,49,64,37,90,128,38,126,6,68"/><U63/><E53/><V24/><F65/><W88/><G6/><T69/><D105/><U8/><E8/><V59/><F99/><W101/><G133/><N who="2" m="51305" /><F14/><W77/><G128/><T30/><D108/><U52/><E98/><V36/><F36/><W20/><G126/><T5/><D118/><U114/><E124/><V10/><F10/><W55/><G77/><T16/><D129/><U73/><E73/><V120/><F120/><W96/><G20/><T44/><D69/><U80/><E110/><V33/><F33/><W47/><G68/><T111/><D111/><U103/><E86/><V34/><F34/><W70/><G70/><T35/><D30/><U93/><E80/><N who="2" m="47135" /><F59/><W45/><G64/><T78/><D17/><U121/><E121/><V67/><F67/><W74/><G74/><T130/><D130/><U117/><E117/><V135/><F135/><W95/><G38/><T60/><D32/><U104/><E104/><V102/><F102/><W19/><G19/><T41/><D35/><U13/><E2/><V76/><F76/><W9/><G9/><T75/><D5/><U116/><E116/><V18/><F31/><W46/><G37/><T12/><D12/><U94/><E66/><V122/><F122/><W40/><G40/><T4/><D4/><U107/><E13/><V87/><F87/><W82/><G82/><T123/><D123/><U28/><E11/><V62/><F62/><AGARI ba="1,0" hai="45,46,47,49,54,55,56,58,62,88,90,95,96,101" machi="62" ten="40,5200,0" yaku="8,1,52,1,54,1" doraHai="89" who="3" fromWho="2" sc="180,0,398,0,245,-55,177,55" /><INIT seed="6,0,0,1,1,24" ten="180,398,190,232" oya="2" hai0="82,108,122,29,56,55,128,8,85,32,18,10,30" hai1="65,47,83,106,91,17,45,105,20,27,131,11,13" hai2="63,92,132,28,6,75,96,37,39,4,38,115,62" hai3="76,58,22,78,54,46,125,109,134,101,70,66,135"/><V51/><F75/><W129/><G109/><T88/><D108/><U93/><E106/><V127/><F132/><N who="3" m="50731" /><G101/><T19/><D122/><U72/><E105/><V64/><F127/><W40/><G125/><T23/><D128/><U116/><E131/><V74/><F74/><W7/><G7/><T99/><D99/><U68/><E116/><V112/><F51/><N who="3" m="31071" /><G129/><T89/><D89/><U94/><E68/><V113/><F28/><N who="0" m="10858" /><D32/><U61/><E72/><V80/><F80/><W42/><G22/><T44/><D44/><U84/><E47/><V5/><F64/><W77/><G46/><T34/><D34/><U14/><E45/><V126/><F126/><W102/><G102/><AGARI ba="0,0" hai="4,5,6,37,38,39,62,63,92,96,102,112,113,115" machi="102" ten="50,9600,0" yaku="29,2,15,1" doraHai="24" who="2" fromWho="3" sc="180,0,398,0,190,96,232,-96" /><INIT seed="6,1,0,3,0,111" ten="180,398,286,136" oya="2" hai0="37,47,84,63,16,109,107,0,12,14,57,46,93" hai1="97,76,98,86,30,49,87,88,54,27,25,89,36" hai2="123,10,124,1,113,69,56,8,110,92,128,67,18" hai3="72,99,20,121,41,130,43,3,9,103,65,4,104"/><V114/><F123/><W59/><G121/><T7/><D107/><U22/><E36/><V70/><F110/><W68/><G130/><T95/><D0/><U17/><E76/><V75/><F75/><W122/><G122/><T13/><D109/><U24/><E87/><V96/><F124/><W116/><G116/><T38/><D38/><U78/><E78/><V48/><F128/><W119/><G119/><T33/><D33/><U31/><E89/><V82/><F82/><W29/><G72/><T2/><D2/><U5/><E5/><V77/><F77/><W62/><G68/><T81/><D7/><U115/><E31/><V74/><F74/><W21/><G21/><N who="0" m="11399" /><D37/><U55/><E55/><V91/><F1/><W101/><G101/><T125/><D46/><U51/><E51/><V112/><F18/><W40/><G40/><T117/><D47/><U39/><E39/><V32/><F32/><W129/><G129/><T126/><D14/><U120/><E120/><V66/><F48/><W42/><G42/><T71/><D13/><U11/><E11/><N who="2" m="4139" /><F56/><W135/><G135/><T26/><D26/><U134/><E134/><V131/><F131/><W6/><G6/><T19/><D19/><U105/><E105/><V61/><F61/><W127/><G127/><N who="0" m="48651" /><D71/><AGARI ba="1,0" hai="66,67,69,70,71,91,92,96,112,113,114" m="4139" machi="71" ten="40,12000,1" yaku="15,1,52,3" doraHai="111" who="2" fromWho="0" sc="180,-123,398,0,286,123,136,0" /><INIT seed="6,2,0,4,2,34" ten="57,398,409,136" oya="2" hai0="84,110,120,76,134,9,1,46,0,58,57,3,125" hai1="71,118,133,24,82,23,44,115,78,27,126,104,128" hai2="29,11,72,15,112,119,107,42,30,19,122,36,18" hai3="33,135,35,22,117,60,83,86,113,17,79,127,67"/><V129/><F107/><W114/><G117/><T130/><D110/><U105/><E71/><V108/><F72/><W68/><G135/><T96/><D130/><U93/><E118/><V49/><F36/><W124/><G33/><T12/><D120/><U85/><E27/><V66/><F112/><W100/><G35/><T97/><D134/><U87/><E133/><V90/><F66/><W54/><G54/><T40/><D125/><U6/><E126/><N who="3" m="48170" /><G100/><T102/><D84/><U55/><E128/><V103/><F19/><W13/><AGARI ba="2,0" hai="13,17,22,60,67,68,79,83,86,113,114" m="48170" machi="13" ten="30,1100,0" yaku="18,1" doraHai="34" who="3" fromWho="3" sc="57,-5,398,-5,409,-7,136,17" /><INIT seed="7,0,0,4,3,60" ten="52,393,402,153" oya="3" hai0="10,95,13,124,89,72,17,7,106,16,1,132,68" hai1="25,45,102,34,107,36,88,20,114,11,27,53,58" hai2="33,57,119,75,4,99,2,62,120,97,18,104,65" hai3="98,35,54,55,44,30,41,15,131,40,82,61,85"/><W59/><G131/><T24/><D132/><U26/><E34/><V77/><F119/><W39/><G41/><T46/><D124/><U100/><E107/><V108/><F108/><W37/><G37/><T0/><D106/><U121/><E36/><V71/><F18/><W52/><G98/><T109/><D109/><U123/><E123/><V110/><F110/><W128/><G128/><T5/><D72/><U49/><E114/><V83/><F57/><W23/><G35/><T47/><D68/><U32/><E32/><V12/><F12/><W111/><G111/><T115/><D115/><U22/><E11/><N who="2" m="2455" /><F99/><W79/><G30/><T48/><D1/><U3/><E3/><V105/><F97/><W66/><REACH who="3" step="1"/><G55/><REACH who="3" ten="52,393,402,143" step="2"/><T9/><D24/><U63/><E121/><V29/><F120/><W117/><G117/><T129/><D129/><U86/><E102/><V134/><F134/><W78/><G78/><T126/><D126/><U101/><E101/><V84/><F33/><W56/><G56/><T80/><D80/><N who="1" m="49223" /><E100/><V6/><F29/><W135/><G135/><T42/><REACH who="0" step="1"/><D47/><REACH who="0" ten="42,393,402,143" step="2"/><U112/><E112/><V51/><F83/><W50/><G50/><T103/><D103/><U73/><E73/><V38/><F38/><W70/><G70/><T21/><D21/><U14/><E14/><V118/><F51/><W31/><G31/><T91/><D91/><U76/><E76/><V67/><F77/><W92/><G92/><T130/><D130/><U87/><E87/><V94/><F84/><W74/><G74/><T133/><D133/><U69/><E69/><V122/><F71/><RYUUKYOKU ba="0,2" sc="42,10,393,10,402,-30,143,10" hai0="0,5,7,9,10,13,16,17,42,46,48,89,95" hai1="20,22,25,26,27,45,49,53,58,63" hai3="15,23,39,40,44,52,54,59,61,66,79,82,85" /><INIT seed="7,1,2,2,2,34" ten="52,403,372,153" oya="3" hai0="97,8,54,133,130,89,62,88,56,70,67,78,93" hai1="43,68,77,125,113,107,63,80,47,110,14,105,96" hai2="17,102,111,28,9,134,16,40,58,108,71,30,35" hai3="55,92,126,115,127,2,109,116,59,73,51,23,114"/><W6/><G73/><T53/><D130/><U131/><E14/><V90/><F102/><W41/><G116/><T24/><D133/><U87/><E68/><V100/><F100/><W7/><G109/><T76/><D70/><U64/><E110/><V29/><F71/><W22/><G92/><T48/><D67/><U4/><E63/><V132/><F40/><W66/><G41/><T39/><D39/><U103/><E64/><V74/><F35/><W3/><G66/><T52/><D24/><U11/><E131/><V84/><F74/><W82/><G82/><T31/><D31/><U36/><E125/><N who="3" m="47626" /><G7/><T60/><D8/><U45/><E45/><V25/><F111/><W83/><G83/><T121/><D121/><U32/><E32/><V101/><F101/><W85/><G85/><T27/><D27/><U120/><E120/><V72/><F72/><W81/><G81/><T49/><D89/><U15/><E113/><N who="3" m="43018" /><G6/><T118/><D118/><U5/><E5/><V33/><F108/><W21/><AGARI ba="1,2" hai="2,3,21,22,23,51,55,59" m="43018,47626" machi="21" ten="40,12000,1" yaku="18,1,15,1,52,2" doraHai="34" who="3" fromWho="3" sc="52,-41,403,-41,372,-41,153,143" /><INIT seed="7,2,0,3,1,120" ten="11,362,331,296" oya="3" hai0="14,118,76,130,121,90,69,11,134,66,97,127,112" hai1="10,78,110,105,17,81,71,45,35,88,67,85,122" hai2="21,84,18,9,48,33,123,4,74,101,132,113,109" hai3="93,94,115,75,15,38,56,49,77,34,5,53,0"/><W72/><G38/><T83/><D66/><U86/><E105/><V117/><F74/><W37/><G37/><T114/><D69/><U57/><E35/><V128/><F117/><W3/><G34/><T65/><D65/><U40/><E71/><V95/><F33/><W133/><G133/><T16/><D90/><U30/><E30/><V28/><F128/><W39/><G39/><T111/><D97/><U107/><E107/><V70/><F70/><W60/><G115/><N who="0" m="44075" /><D83/><U7/><E17/><V89/><F113/><W100/><G15/><T50/><D50/><U44/><E40/><V20/><F123/><W41/><G75/><T135/><D76/><U32/><E32/><V64/><F132/><N who="0" m="50730" /><D121/><U126/><E45/><V73/><F73/><W36/><G36/><T119/><D111/><U46/><E110/><V22/><F109/><W26/><G77/><T62/><D62/><U106/><E106/><V103/><F64/><N who="3" m="38919" /><G41/><T68/><D68/><U96/><E96/><V29/><F48/><W104/><G72/><T124/><D119/><U116/><E116/><V13/><REACH who="2" step="1"/><F18/><REACH who="2" ten="11,362,321,296" step="2"/><W23/><G5/><T55/><D118/><U8/><E122/><V52/><F52/><W92/><G100/><AGARI ba="2,1" hai="4,9,13,20,21,22,28,29,84,89,95,100,101,103" machi="100" ten="40,2600,0" yaku="1,1,8,1,53,0" doraHai="120" doraHaiUra="31" who="2" fromWho="3" sc="11,0,362,0,321,42,296,-32" owari="11,-49.0,362,16.0,363,47.0,264,-14.0" /></mjloggm>