<mjloggm ver="2.3"><GO type="41" lobby="0"/><UN n0="%6B%61%74%65%72" n1="%6A%79%75%72%69%35%37" n2="%E2%93%9D%53%75%70%68%78" n3="%E3%81%A9%E3%82%93%E3%81%98%E3%82%83%E3%82%89" dan="15,14,17,14" rate="1959.11,1917.79,2041.52,1938.06" sx="M,M,M,M"/><TAIKYOKU oya="0"/><INIT seed="0,0,0,3,5,116" ten="250,250,250,250" oya="0" hai0="10,96,105,32,97,49,16,93,118,21,13,74,29" hai1="48,22,131,33,12,63,56,133,17,75,54,2,101" hai2="83,14,129,98,1,90,87,43,106,79,30,69,112" hai3="121,37,84,132,25,62,40,119,72,125,58,88,19"/><T109/><D118/><U100/><E75/><V34/><F1/><W92/><G119/><T124/><D74/><U66/><E2/><V64/><F43/><W82/><G132/><T114/><D114/><U71/><E133/><V59/><F59/><W111/><G111/><T46/><D109/><U134/><E134/><V51/><F51/><W107/><G125/><T6/><D124/><U123/><E33/><V86/><F14/><W28/><G107/><T0/><D105/><U76/><E76/><V126/><F129/><W77/><G19/><T57/><D57/><U11/><E131/><V113/><F30/><W55/><G40/><T103/><D96/><U45/><E123/><V85/><F34/><W23/><REACH who="3" step="1"/><G37/><REACH who="3" ten="250,250,250,240" step="2"/><T50/><REACH who="0" step="1"/><D46/><REACH who="0" ten="240,250,250,240" step="2"/><U15/><REACH who="1" step="1"/><E71/><REACH who="1" ten="240,240,250,240" step="2"/><V81/><F126/><W38/><G38/><T130/><D130/><U115/><E115/><V128/><F128/><W80/><G80/><T60/><D60/><U24/><E24/><AGARI ba="0,3" hai="0,6,10,13,16,21,24,29,32,49,50,93,97,103" machi="24" ten="40,12000,1" yaku="1,1,24,2,54,1,53,1" doraHai="116" doraHaiUra="18" who="0" fromWho="1" sc="240,150,240,-120,250,0,240,0" /><INIT seed="0,1,0,0,2,42" ten="390,120,250,240" oya="0" hai0="20,90,126,43,111,33,80,115,16,13,24,36,78" hai1="60,82,5,76,31,9,84,75,0,74,54,57,98" hai2="35,125,53,77,132,67,70,119,92,121,22,8,69" hai3="87,85,49,19,106,117,58,79,100,62,38,46,72"/><T94/><D115/><U39/><E39/><V129/><F35/><W103/><G117/><T68/><D68/><U135/><E135/><V56/><F77/><W95/><G38/><T37/><D126/><U108/><E108/><V44/><F8/><W14/><G106/><T47/><D111/><U96/><E31/><V127/><F92/><W101/><G72/><T91/><D37/><U4/><E4/><V65/><F22/><N who="3" m="11639" /><G95/><T128/><D128/><U134/><E134/><V123/><F132/><W2/><G2/><T71/><D71/><N who="2" m="27146" /><F129/><W25/><G25/><T97/><D33/><U34/><E34/><V130/><F119/><W81/><G87/><T124/><D124/><N who="2" m="47690" /><F44/><W27/><G27/><T17/><D17/><U93/><E98/><V50/><F130/><W118/><G118/><T112/><D112/><U10/><E10/><V40/><F40/><N who="3" m="24775" /><G103/><AGARI ba="1,0" hai="0,5,9,54,57,60,74,75,76,82,84,93,96,103" machi="103" ten="30,1000,0" yaku="7,1" doraHai="42" who="1" fromWho="3" sc="390,0,120,13,250,0,240,-13" /><INIT seed="1,0,0,2,4,95" ten="390,133,250,227" oya="1" hai0="132,106,11,2,82,66,10,15,46,70,3,60,68" hai1="48,85,96,78,93,119,75,117,103,38,33,124,80" hai2="31,125,42,57,131,0,59,126,7,130,6,92,51" hai3="135,74,17,12,18,115,55,105,28,45,65,120,121"/><U89/><E33/><V22/><F92/><W16/><G105/><T127/><D70/><U91/><E38/><V25/><F42/><W63/><G115/><T49/><D127/><N who="2" m="48650" /><F51/><W77/><G28/><T100/><D82/><U34/><E34/><V53/><F53/><W114/><G114/><T99/><D132/><U27/><E124/><V36/><F36/><W13/><G135/><T128/><D128/><N who="2" m="49194" /><F0/><W83/><G120/><T88/><D88/><N who="1" m="51239" /><E48/><V76/><F76/><W107/><G107/><T26/><D26/><U54/><E54/><V71/><F71/><W81/><G121/><T122/><D122/><U35/><E35/><V129/><F129/><W19/><N who="3" m="4096" /><DORA hai="39" /><W134/><G134/><T56/><D68/><U116/><E27/><V133/><F133/><W30/><G30/><T98/><D15/><U86/><E75/><V79/><F79/><W94/><G94/><T21/><D2/><U9/><E9/><V43/><F43/><W20/><G20/><T109/><D3/><U97/><E97/><V101/><F22/><W32/><G32/><T4/><D98/><U23/><E23/><V123/><F123/><W40/><G55/><T108/><D21/><U64/><E64/><V52/><F52/><W37/><REACH who="3" step="1"/><G83/><AGARI ba="0,0" hai="78,83,86,89,91,93,96,103,116,117,119" m="51239" machi="83" ten="30,11600,0" yaku="34,2,52,1,54,1" doraHai="95,39" who="1" fromWho="3" sc="390,0,133,116,250,0,227,-116" /><INIT seed="1,1,0,1,1,40" ten="390,249,250,111" oya="1" hai0="102,96,75,14,37,106,53,118,7,100,49,94,34" hai1="44,89,48,55,19,10,127,59,62,88,122,113,67" hai2="115,92,76,54,121,23,0,32,108,33,72,91,79" hai3="16,123,4,73,26,38,114,61,11,98,13,78,119"/><U36/><E113/><V99/><F121/><W112/><G123/><T66/><D118/><U28/><E122/><V9/><F108/><W50/><G38/><T42/><D34/><U103/><E103/><V129/><F129/><W52/><G119/><T22/><D75/><U128/><E128/><V39/><F23/><W74/><G61/><T12/><D66/><U93/><E28/><V43/><F54/><W64/><G64/><T29/><D42/><N who="1" m="22599" /><E93/><V60/><F115/><W134/><G134/><T56/><D37/><U70/><E127/><V58/><F33/><W18/><G74/><T77/><D77/><U130/><E130/><V125/><F79/><W5/><G5/><T27/><D7/><U124/><E124/><V47/><F32/><W131/><G131/><T116/><D116/><U95/><E95/><V65/><F125/><W126/><G98/><T85/><D102/><U69/><E69/><V117/><F117/><W109/><G109/><T35/><D35/><U1/><E1/><V132/><F132/><W63/><G63/><T101/><D101/><U21/><E10/><V15/><F0/><W135/><G135/><T82/><D106/><U17/><E17/><N who="3" m="6762" /><G126/><T111/><D111/><U110/><E110/><V25/><F9/><W80/><G26/><AGARI ba="1,0" hai="19,21,26,48,55,59,62,67,70,88,89" m="22599" machi="26" ten="30,5800,0" yaku="24,1,52,1,54,1" doraHai="40" who="1" fromWho="3" sc="390,0,249,61,250,0,111,-61" /><INIT seed="1,2,0,5,5,73" ten="390,310,250,50" oya="1" hai0="126,41,104,4,128,94,36,49,98,132,78,48,85" hai1="81,131,95,135,110,15,106,79,127,2,133,1,10" hai2="123,39,57,44,45,22,102,37,53,107,117,62,65" hai3="112,105,19,5,59,40,90,84,28,17,68,96,92"/><U50/><E106/><V70/><F102/><W42/><G112/><T27/><D104/><U69/><E69/><V82/><F107/><W74/><G68/><T99/><D126/><U7/><E127/><V80/><F80/><W51/><G28/><T26/><D128/><U9/><E95/><V124/><F22/><W24/><G5/><T97/><D132/><N who="1" m="50763" /><E131/><V13/><F13/><W55/><G74/><T108/><D108/><U29/><E29/><V21/><F21/><W35/><G35/><T122/><D122/><U91/><E91/><V52/><F82/><W89/><G105/><T61/><D4/><N who="1" m="3495" /><E50/><N who="2" m="28743" /><F117/><W88/><G24/><T46/><D61/><U63/><E63/><N who="2" m="40255" /><F124/><W120/><G120/><T116/><D116/><U8/><E110/><V12/><F12/><W134/><G134/><T72/><D72/><N who="1" m="43239" /><E10/><V43/><F123/><W16/><REACH who="3" step="1"/><G89/><REACH who="3" ten="390,310,250,40" step="2"/><T0/><D27/><U64/><E64/><V60/><F60/><W121/><G121/><T125/><D26/><U23/><E23/><V25/><F25/><W109/><G109/><T47/><D125/><U119/><E119/><V38/><AGARI ba="2,1" hai="37,38,39,43,45,53,57,62" m="40255,28743" machi="38" ten="30,12000,2" yaku="35,5,54,1" doraHai="73" who="2" fromWho="2" sc="390,-32,310,-62,250,136,40,-32" /><INIT seed="2,0,0,4,0,92" ten="358,248,386,8" oya="2" hai0="26,103,37,82,101,118,129,66,93,49,43,75,36" hai1="41,97,121,76,128,72,95,67,134,112,38,87,0" hai2="24,90,130,81,127,60,4,105,104,16,113,71,108" hai3="28,10,94,68,135,80,13,70,125,115,48,25,21"/><V19/><F113/><W88/><G115/><T34/><D129/><U42/><E0/><V98/><F4/><W107/><G135/><T39/><D118/><U8/><E112/><V12/><F127/><W52/><G125/><T23/><D34/><U3/><E121/><V29/><F108/><W15/><G107/><T110/><D110/><U58/><E128/><V78/><F130/><W126/><G126/><T5/><D5/><U57/><E134/><V85/><F71/><W11/><G80/><T114/><D114/><U53/><E87/><V20/><F60/><W116/><G116/><T40/><D66/><U56/><E67/><V35/><REACH who="2" step="1"/><F19/><REACH who="2" ten="358,248,376,8" step="2"/><W131/><G131/><T83/><D49/><U102/><E38/><V106/><F106/><W45/><G70/><T111/><D111/><U7/><REACH who="1" step="1"/><E53/><REACH who="1" ten="358,238,376,8" step="2"/><V59/><F59/><W31/><G68/><T50/><D39/><U77/><E77/><V1/><F1/><W6/><G31/><T119/><D37/><U91/><E91/><V117/><F117/><W62/><G62/><T133/><D36/><U73/><E73/><V89/><F89/><W124/><G124/><T61/><D75/><U9/><E9/><N who="3" m="3082" /><G6/><T63/><D119/><U2/><E2/><V17/><F17/><W123/><G123/><T55/><D55/><U46/><E46/><V120/><F120/><W132/><G132/><T51/><D133/><U84/><E84/><AGARI ba="0,2" hai="13,15,21,25,28,45,48,52,84,88,94" m="3082" machi="84" ten="30,3900,0" yaku="8,1,54,2" doraHai="92" who="3" fromWho="1" sc="358,0,238,-39,376,0,8,59" /><INIT seed="3,0,0,2,0,96" ten="358,199,376,67" oya="3" hai0="10,123,28,13,69,14,0,9,121,102,62,37,18" hai1="53,46,20,81,17,36,24,112,76,77,58,83,130" hai2="72,129,29,106,109,2,39,61,3,128,79,118,95" hai3="70,30,87,125,135,50,66,48,101,99,6,104,23"/><W78/><G135/><T45/><D0/><U16/><E112/><V120/><F118/><W74/><G125/><T108/><D28/><U52/><E130/><V134/><F109/><W49/><G6/><T71/><D108/><U21/><E36/><V119/><F120/><W115/><G115/><T7/><D62/><U35/><E35/><V8/><F95/><W12/><G74/><T105/><D37/><U89/><E89/><V94/><F94/><W63/><G12/><T51/><D121/><U26/><E58/><V43/><F106/><W44/><G87/><T107/><D107/><U98/><E98/><V59/><F119/><W117/><G117/><T131/><D131/><U88/><E88/><V1/><F134/><W116/><G116/><T93/><D93/><U126/><E126/><V80/><F29/><W100/><G78/><T75/><D75/><U32/><E32/><V65/><REACH who="2" step="1"/><F8/><REACH who="2" ten="358,199,366,67" step="2"/><W47/><REACH who="3" step="1"/><G100/><REACH who="3" ten="358,199,366,57" step="2"/><T103/><D123/><U110/><E110/><V40/><F40/><W84/><G84/><T133/><D133/><U56/><E56/><V64/><F64/><W19/><G19/><T132/><D132/><U25/><REACH who="1" step="1"/><E25/><AGARI ba="0,2" hai="23,25,30,44,47,48,49,50,63,66,70,99,101,104" machi="25" ten="40,3900,0" yaku="1,1,52,1,53,0" doraHai="96" doraHaiUra="86" who="3" fromWho="1" sc="358,0,199,-39,366,0,57,59" /><INIT seed="3,1,0,2,4,27" ten="358,160,366,116" oya="3" hai0="40,96,93,102,46,110,16,97,87,61,66,127,57" hai1="82,68,60,33,25,31,125,18,0,135,30,4,129" hai2="100,32,94,44,39,52,38,115,48,89,130,70,80" hai3="73,24,10,78,26,22,105,95,121,12,29,2,45"/><W58/><G121/><T83/><BYE who="1" /><D110/><U118/><E118/><V131/><F115/><W9/><G105/><T19/><D97/><U86/><E86/><N who="2" m="50375" /><F70/><W11/><G73/><T109/><D127/><U3/><E3/><V69/><F69/><W13/><G78/><T126/><D126/><U5/><E5/><V28/><F100/><W108/><G108/><T8/><D8/><N who="3" m="3177" /><G95/><T84/><D84/><U119/><E119/><V85/><F85/><W50/><G58/><T59/><D57/><U124/><E124/><V132/><F132/><W133/><G133/><T62/><D62/><U35/><E35/><V67/><F94/><W64/><G64/><T20/><D20/><U79/><E79/><V113/><F67/><W99/><G99/><T88/><REACH who="0" step="1"/><D109/><REACH who="0" ten="348,160,366,116" step="2"/><U1/><E1/><V6/><F113/><W15/><G50/><AGARI ba="1,1" hai="16,19,40,46,50,59,61,66,83,87,88,93,96,102" machi="50" ten="30,16000,3" yaku="1,1,2,1,7,1,8,1,54,2,53,2" doraHai="27" doraHaiUra="14" who="0" fromWho="3" sc="348,173,160,0,366,0,116,-163" owari="521,62.0,160,-24.0,366,17.0,-47,-55.0" /></mjloggm>