<mjloggm ver="2.3"><GO type="41" lobby="0"/><UN n0="%E2%93%9D%53%75%70%68%78" n1="%48%33%31" n2="%E3%83%8B%E3%83%A9%E3%83%83%E3%82%AF%E3%82%B9%32" n3="%E4%BC%8A%E4%BB%8B" dan="18,13,15,15" rate="2150.37,1903.44,1998.71,2038.74" sx="M,M,M,M"/><TAIKYOKU oya="0"/><INIT seed="0,0,0,5,4,126" ten="250,250,250,250" oya="0" hai0="13,78,8,62,11,12,9,17,106,108,90,89,123" hai1="112,88,127,43,67,118,119,94,80,55,129,79,33" hai2="101,97,74,107,0,31,48,40,99,4,39,24,66" hai3="32,91,120,63,124,113,16,7,30,23,3,117,35"/><T84/><D123/><U6/><E33/><V72/><F48/><W21/><G63/><T73/><D106/><U46/><E67/><V44/><F97/><W36/><G36/><T25/><D73/><U2/><E127/><V75/><F66/><W45/><G124/><T69/><D108/><U20/><E55/><V103/><F103/><W83/><G45/><T96/><D69/><U42/><E43/><V38/><F38/><W104/><G104/><T93/><D78/><U105/><E105/><V60/><F60/><W51/><G51/><T81/><REACH who="0" step="1"/><D62/><REACH who="0" ten="240,250,250,250" step="2"/><U18/><E79/><V134/><F134/><W131/><G120/><T50/><D50/><U29/><E119/><V10/><F72/><W49/><G117/><T57/><D57/><U76/><E76/><V82/><F82/><W128/><G49/><T77/><D77/><U92/><E80/><V98/><F98/><W5/><G113/><T87/><D87/><U61/><E112/><V19/><F74/><W110/><G110/><T37/><D37/><U41/><E61/><V109/><F75/><W86/><G30/><T115/><D115/><U54/><E29/><V59/><F109/><W26/><G23/><AGARI ba="0,1" hai="8,9,11,12,13,17,23,25,81,84,89,90,93,96" machi="23" ten="40,3900,0" yaku="1,1,8,1,53,0" doraHai="126" doraHaiUra="27" who="0" fromWho="3" sc="240,49,250,0,250,0,250,-39" /><INIT seed="0,1,0,3,0,70" ten="289,250,250,211" oya="0" hai0="97,35,92,17,85,14,131,88,7,89,71,60,81" hai1="113,108,27,107,23,3,121,125,79,51,96,105,77" hai2="128,24,31,61,22,37,122,12,44,25,119,114,5" hai3="53,9,93,30,68,129,42,98,106,43,99,134,59"/><T80/><D35/><U33/><E33/><V76/><F114/><W73/><G73/><T52/><D131/><U36/><E3/><V123/><F128/><W20/><G68/><T26/><D7/><U118/><E51/><V40/><F119/><W6/><G134/><T66/><D26/><U115/><E96/><V101/><F101/><W67/><G67/><T4/><D4/><U50/><E50/><V8/><F76/><W111/><G106/><T82/><REACH who="0" step="1"/><D52/><REACH who="0" ten="279,250,250,211" step="2"/><U34/><E27/><V1/><F1/><W55/><G53/><T32/><D32/><U91/><E34/><V90/><F24/><N who="3" m="16647" /><G129/><T135/><D135/><U2/><E2/><V87/><REACH who="2" step="1"/><F61/><REACH who="2" ten="279,250,240,211" step="2"/><N who="3" m="36095" /><G111/><T28/><D28/><U0/><E108/><V19/><F19/><W100/><G99/><T11/><AGARI ba="1,2" hai="11,14,17,60,66,71,80,81,82,85,88,89,92,97" machi="11" ten="20,7800,0" yaku="1,1,0,1,7,1,54,1,53,0" doraHai="70" doraHaiUra="41" who="0" fromWho="0" sc="279,101,250,-27,240,-27,211,-27" /><INIT seed="0,2,0,0,3,36" ten="380,223,213,184" oya="0" hai0="73,51,58,14,62,9,90,117,4,16,42,112,102" hai1="83,74,19,81,93,85,6,122,54,119,107,7,39" hai2="124,105,38,10,79,63,68,120,44,133,100,128,134" hai3="5,95,65,109,0,80,129,115,53,110,59,25,55"/><T48/><D112/><U26/><E39/><V135/><F79/><W104/><G104/><T17/><D117/><U31/><E107/><V29/><F120/><W52/><G115/><T84/><D102/><U21/><E74/><V64/><F10/><N who="3" m="2343" /><G25/><T67/><D73/><U20/><E83/><V96/><F29/><W88/><G80/><N who="0" m="49415" /><D51/><U82/><E81/><V41/><F128/><W123/><G129/><T78/><D78/><U33/><E33/><V43/><REACH who="2" step="1"/><F43/><REACH who="2" ten="380,223,203,184" step="2"/><W18/><G123/><T125/><D125/><AGARI ba="2,1" hai="38,41,44,63,64,68,96,100,105,124,125,133,134,135" machi="125" ten="50,12000,2" yaku="1,1,2,1,20,1,23,2,52,1,53,0" doraHai="36" doraHaiUra="35" who="2" fromWho="0" sc="380,-126,223,0,203,136,184,0" /><INIT seed="1,0,0,5,2,33" ten="254,223,339,184" oya="1" hai0="83,75,107,57,98,53,56,9,14,109,29,130,63" hai1="37,72,0,71,34,38,19,15,5,50,105,123,108" hai2="82,60,99,67,126,133,77,3,90,31,41,101,114" hai3="113,64,25,7,118,88,36,122,89,22,26,51,8"/><U59/><E71/><V69/><F126/><W66/><G122/><T94/><D109/><U68/><E68/><V103/><F133/><W46/><G36/><T95/><D130/><U20/><E72/><V111/><F111/><W87/><G113/><T96/><D107/><U16/><E105/><V52/><F41/><W135/><G118/><T58/><D29/><U91/><E34/><V39/><F39/><W119/><G119/><T117/><D83/><U1/><E5/><V48/><F31/><W54/><G135/><T65/><D75/><U121/><E38/><V84/><F114/><W49/><G49/><T70/><D117/><U134/><E37/><V127/><F3/><W76/><G76/><T125/><D125/><U73/><E73/><V44/><F127/><W24/><G22/><T13/><D53/><U85/><E134/><V110/><F110/><W115/><G115/><T18/><REACH who="0" step="1"/><D14/><REACH who="0" ten="244,223,339,184" step="2"/><U47/><E108/><V61/><F77/><W10/><G89/><T35/><D35/><U100/><E100/><V43/><F103/><W86/><G86/><T132/><D132/><U27/><E123/><V129/><F129/><W124/><G124/><T28/><D28/><U131/><E121/><V80/><F80/><W12/><REACH who="3" step="1"/><G10/><REACH who="3" ten="244,223,339,174" step="2"/><T2/><D2/><U45/><E131/><V32/><F32/><W93/><AGARI ba="0,2" hai="7,8,12,24,25,26,46,51,54,64,66,87,88,93" machi="93" ten="30,12000,2" yaku="1,1,2,1,0,1,8,1,54,1,53,1" doraHai="33" doraHaiUra="40" who="3" fromWho="3" sc="244,-30,223,-60,339,-30,174,140" /><INIT seed="2,0,0,3,3,14" ten="214,163,309,314" oya="2" hai0="111,76,134,51,87,21,25,115,36,102,47,83,15" hai1="29,120,101,94,12,113,42,19,5,71,22,91,10" hai2="8,16,20,59,80,24,82,103,68,23,86,133,28" hai3="114,62,49,74,73,39,90,0,26,89,55,84,108"/><V37/><F133/><W125/><G108/><T57/><D115/><U27/><E71/><V63/><F68/><W38/><G0/><T97/><D111/><U44/><E113/><V13/><F37/><W72/><G114/><T35/><D35/><U50/><E101/><V128/><F128/><W130/><G62/><T7/><D36/><U81/><E81/><V99/><F8/><W116/><G116/><T46/><D134/><U135/><E135/><V109/><F86/><W77/><G77/><T98/><D57/><U30/><E120/><V118/><F118/><W66/><G66/><T117/><D47/><U56/><E56/><V100/><F100/><W1/><G1/><T129/><D129/><U105/><E105/><V32/><F32/><W17/><G125/><T79/><D79/><U48/><REACH who="1" step="1"/><E50/><REACH who="1" ten="214,153,309,314" step="2"/><V131/><F109/><W2/><G49/><T64/><D102/><U65/><E65/><V75/><F131/><W124/><G130/><T40/><D64/><U9/><E9/><V61/><F75/><W123/><G72/><T70/><D70/><U67/><E67/><N who="2" m="39359" /><F63/><W132/><G73/><T95/><D117/><U43/><E43/><V121/><F121/><W85/><G74/><T60/><D60/><U53/><E53/><V4/><F82/><W106/><G39/><T110/><D110/><U127/><E127/><V122/><F80/><W119/><G38/><T112/><D112/><U92/><E92/><N who="2" m="58855" /><F122/><W34/><G123/><T104/><D95/><U52/><E52/><V41/><F41/><W107/><G55/><T58/><D104/><N who="3" m="39977" /><G132/><T126/><D126/><RYUUKYOKU ba="0,1" sc="214,-15,153,15,309,15,314,-15" hai1="5,10,12,19,22,27,29,30,42,44,48,91,94" hai2="4,13,16,20,23,24,28" /><INIT seed="2,1,1,4,1,126" ten="199,168,324,299" oya="2" hai0="55,119,68,127,81,75,47,13,113,41,77,12,79" hai1="65,3,84,133,85,1,7,46,26,122,72,112,115" hai2="90,53,60,118,117,134,94,95,20,101,83,71,88" hai3="34,110,42,6,106,120,56,116,97,67,131,28,80"/><V18/><F134/><W5/><G116/><T114/><D127/><U16/><E72/><V0/><F0/><W54/><G42/><T29/><D68/><U35/><E133/><V2/><F2/><W22/><G34/><T107/><D107/><U130/><E122/><V104/><F104/><W69/><G80/><T24/><D55/><U76/><E76/><V98/><F117/><W125/><G120/><T93/><D77/><U78/><E65/><V52/><F118/><W39/><G39/><T70/><D70/><U73/><E73/><V50/><F83/><W38/><G38/><T129/><D93/><U10/><E1/><V30/><F30/><W132/><G110/><T99/><D99/><U64/><E64/><V19/><F19/><W89/><G125/><T135/><D119/><U102/><E102/><V111/><F111/><W63/><G132/><T27/><D135/><U82/><E84/><N who="2" m="52487" /><F71/><W33/><G28/><T43/><D29/><U4/><E4/><V96/><F60/><W66/><G63/><T17/><D17/><U23/><E35/><V87/><F101/><N who="3" m="62767" /><G33/><T123/><D123/><U15/><E3/><V100/><F100/><W61/><G61/><T36/><D75/><U11/><E11/><V62/><F62/><W45/><G67/><T108/><D108/><U51/><REACH who="1" step="1"/><E130/><REACH who="1" ten="199,158,324,299" step="2"/><V40/><F87/><W44/><G66/><T109/><D109/><U124/><E124/><V92/><F98/><W57/><G69/><T21/><D79/><U14/><E14/><N who="2" m="9303" /><F95/><W8/><G131/><T59/><D129/><U128/><E128/><V103/><F103/><RYUUKYOKU ba="1,2" sc="199,-15,158,15,324,15,299,-15" hai1="7,10,15,16,23,26,46,51,78,82,85,112,115" hai2="40,50,52,53,90,92,96" /><INIT seed="2,2,2,5,0,130" ten="184,173,339,284" oya="2" hai0="69,58,82,103,118,30,15,47,7,13,34,11,22" hai1="54,132,75,107,133,79,50,119,24,96,128,67,28" hai2="42,94,1,105,85,40,3,37,17,33,125,102,127" hai3="10,14,41,36,16,101,78,95,62,25,116,88,57"/><V104/><F33/><W26/><G116/><T81/><D69/><U134/><E119/><V29/><F29/><W120/><G120/><T60/><D34/><U89/><E67/><V20/><F37/><W98/><G78/><T90/><D103/><U45/><E128/><V49/><F94/><W126/><G126/><N who="2" m="48137" /><F85/><W112/><G112/><T0/><D0/><N who="2" m="74" /><F49/><W65/><REACH who="3" step="1"/><G101/><REACH who="3" ten="184,173,339,274" step="2"/><T46/><D118/><U5/><E79/><V55/><F102/><W129/><G129/><T48/><D90/><U83/><E107/><N who="2" m="41035" /><F55/><W66/><G66/><T18/><D30/><U70/><E70/><V53/><F53/><W114/><G114/><T68/><D68/><U135/><E135/><V38/><F38/><W21/><G21/><T51/><D22/><U23/><E5/><V91/><F91/><W92/><G92/><T44/><D7/><U74/><E83/><V93/><F93/><AGARI ba="2,3" hai="23,24,28,45,50,54,74,75,89,93,96,132,133,134" machi="93" ten="40,8000,1" yaku="20,1,52,3" doraHai="130" who="1" fromWho="2" sc="184,0,173,116,339,-86,274,0" /><INIT seed="3,0,0,2,3,9" ten="184,289,253,274" oya="3" hai0="122,7,36,104,30,132,33,112,117,18,62,60,24" hai1="32,15,121,49,40,72,102,12,128,91,77,68,100" hai2="44,106,94,75,116,55,61,70,89,123,59,76,46" hai3="48,103,56,90,3,45,50,47,35,125,99,79,63"/><W14/><G125/><T16/><D117/><U23/><E68/><V41/><F106/><W2/><G35/><T93/><D122/><U5/><E32/><V38/><F116/><W51/><G79/><T124/><D104/><U69/><E69/><V101/><F101/><W114/><G114/><T119/><D119/><U0/><E0/><V87/><F123/><W4/><G90/><T25/><D36/><U20/><E72/><V131/><F131/><W37/><G2/><T118/><D118/><U113/><E77/><V19/><F70/><W111/><G3/><T29/><D7/><U98/><E5/><V129/><F129/><W97/><G37/><T130/><D130/><U64/><E64/><V78/><F75/><W65/><G111/><T28/><D132/><U83/><E113/><V11/><REACH who="2" step="1"/><F46/><REACH who="2" ten="184,289,243,274" step="2"/><N who="3" m="17419" /><G103/><T43/><D112/><U86/><E102/><V22/><F22/><W1/><G1/><T31/><D33/><U80/><E23/><V6/><F6/><W57/><G57/><T26/><D124/><U58/><E20/><V85/><F85/><W110/><G110/><T71/><D71/><U74/><E128/><V67/><F67/><W115/><G115/><T126/><D126/><U127/><E127/><V81/><F81/><W109/><G109/><T13/><D30/><U8/><E121/><V82/><F82/><W17/><G4/><T84/><D29/><U135/><E80/><V133/><F133/><W108/><G108/><T52/><D28/><U54/><E135/><V27/><F27/><W107/><G107/><T66/><D31/><U42/><E74/><RYUUKYOKU ba="0,1" sc="184,-15,289,-15,243,15,274,15" hai2="11,19,38,41,44,55,59,61,76,78,87,89,94" hai3="14,17,48,50,51,56,63,65,97,99" /><INIT seed="3,1,1,1,1,63" ten="169,274,258,289" oya="3" hai0="98,27,30,9,46,89,40,49,5,111,116,32,84" hai1="66,69,23,92,54,107,80,11,81,24,52,19,12" hai2="41,6,112,100,85,58,109,13,123,110,105,127,16" hai3="57,76,7,48,53,121,51,96,18,93,60,42,133"/><W129/><G121/><T91/><D111/><N who="2" m="42506" /><F112/><W106/><G106/><T75/><D75/><U21/><E107/><V108/><F123/><W59/><G129/><T4/><D116/><U82/><E92/><V1/><F1/><W83/><G133/><T64/><D98/><U34/><E34/><V15/><F41/><W87/><G7/><T45/><D5/><U37/><E37/><V47/><F47/><W36/><G36/><T43/><D84/><U61/><REACH who="1" step="1"/><E23/><REACH who="1" ten="169,264,258,289" step="2"/><V130/><F105/><W128/><G128/><T125/><D125/><U31/><AGARI ba="1,2" hai="11,12,19,21,24,31,52,54,61,66,69,80,81,82" machi="31" ten="30,12000,2" yaku="1,1,2,1,0,1,52,1,54,1,53,1" doraHai="63" doraHaiUra="14" who="1" fromWho="1" sc="169,-31,264,143,258,-31,289,-61" /><INIT seed="4,0,0,1,3,61" ten="138,407,227,228" oya="0" hai0="75,74,17,104,113,24,19,64,98,121,90,47,29" hai1="122,85,3,0,84,101,28,66,43,117,70,67,133" hai2="108,25,102,63,39,87,42,119,95,93,46,132,1" hai3="89,62,88,116,58,99,51,12,6,91,94,125,129"/><T33/><D121/><U11/><E28/><V72/><F108/><W77/><G116/><T55/><D113/><U21/><E70/><V8/><F72/><W114/><G114/><T97/><D75/><U4/><E0/><V128/><F132/><W68/><G125/><T20/><D74/><U9/><E11/><V44/><F128/><W109/><G109/><T80/><D104/><U40/><E101/><V106/><F106/><W78/><G68/><T115/><D115/><U23/><E133/><V107/><F25/><W53/><G129/><T54/><D33/><U32/><E32/><V118/><F46/><W65/><G6/><T49/><D55/><U37/><E117/><N who="2" m="44555" /><F63/><W52/><G12/><T16/><REACH who="0" step="1"/><D64/><REACH who="0" ten="128,407,227,228" step="2"/><U30/><E122/><V92/><F107/><W134/><G134/><T100/><D100/><U13/><E66/><V27/><F102/><N who="3" m="60791" /><G65/><T60/><D60/><U69/><E67/><V123/><F123/><W110/><G110/><T103/><D103/><U7/><E69/><V131/><F131/><W5/><G5/><T50/><D50/><U41/><E37/><V86/><F86/><AGARI ba="0,1" hai="16,17,19,20,24,29,47,49,54,80,86,90,97,98" machi="86" ten="40,7700,0" yaku="1,1,8,1,54,1,53,0" doraHai="61" doraHaiUra="71" who="0" fromWho="2" sc="128,87,407,0,227,-77,228,0" /><INIT seed="4,1,0,4,3,129" ten="215,407,150,228" oya="0" hai0="55,82,76,68,48,4,112,104,116,12,115,15,107" hai1="46,35,125,25,69,75,87,122,7,41,27,89,100" hai2="135,3,33,73,32,0,24,5,34,88,111,123,45" hai3="60,132,62,14,133,26,98,23,52,77,47,37,95"/><T105/><D68/><U97/><E69/><V31/><F73/><W40/><G77/><T2/><D2/><N who="2" m="554" /><F45/><W30/><G14/><T108/><D116/><U118/><E75/><V36/><F88/><W9/><G9/><T18/><D4/><U127/><E7/><V99/><F99/><W121/><G121/><T91/><D108/><U38/><E122/><V58/><F58/><W131/><G131/><T66/><D66/><U59/><E59/><V86/><F86/><W90/><REACH who="3" step="1"/><G52/><REACH who="3" ten="215,407,150,218" step="2"/><T28/><D55/><U74/><E118/><V50/><F123/><W117/><G117/><T80/><D76/><U119/><E119/><V67/><F111/><W51/><G51/><T65/><D48/><U120/><E120/><V114/><F50/><W61/><AGARI ba="1,1" hai="23,26,30,37,40,47,60,61,62,90,95,98,132,133" machi="61" ten="30,7900,0" yaku="1,1,0,1,52,2,53,0" doraHai="129" doraHaiUra="134" who="3" fromWho="3" sc="215,-40,407,-21,150,-21,218,92" /><INIT seed="5,0,0,0,3,29" ten="175,386,129,310" oya="1" hai0="25,52,135,81,101,48,78,59,64,6,126,43,87" hai1="5,14,7,42,56,123,32,24,127,107,41,89,19" hai2="115,85,117,30,96,2,100,8,53,49,119,110,121" hai3="98,36,45,3,131,39,86,11,15,27,26,71,17"/><U134/><E107/><V63/><F110/><W97/><G71/><T82/><D135/><U102/><E102/><V74/><F74/><W112/><G112/><T114/><D114/><U40/><E134/><V99/><F115/><W124/><G124/><T91/><D126/><U58/><E127/><V77/><F121/><W44/><G3/><T47/><D101/><U95/><E123/><V18/><F96/><W116/><G86/><T38/><D6/><U1/><E1/><V23/><F30/><W67/><G67/><T132/><D132/><U28/><E7/><V54/><F63/><W55/><G55/><T68/><D25/><U22/><REACH who="1" step="1"/><E5/><REACH who="1" ten="175,376,129,310" step="2"/><V80/><F2/><W66/><G116/><T94/><D78/><U70/><E70/><V13/><F119/><W62/><G131/><T109/><D109/><U90/><E90/><V122/><F117/><W76/><G76/><T130/><D130/><U104/><E104/><V20/><F122/><W35/><G17/><T16/><D16/><U111/><E111/><V105/><REACH who="2" step="1"/><F54/><REACH who="2" ten="175,376,119,310" step="2"/><W60/><G66/><T93/><D64/><U84/><AGARI ba="0,2" hai="14,19,22,24,28,32,40,41,42,56,58,84,89,95" machi="84" ten="30,6000,0" yaku="1,1,0,1,52,1,53,0" doraHai="29" doraHaiUra="61" who="1" fromWho="1" sc="175,-20,376,80,119,-20,310,-20" /><INIT seed="5,1,0,1,2,105" ten="155,456,99,290" oya="1" hai0="7,110,97,101,62,113,134,125,129,94,132,24,51" hai1="123,107,40,77,72,81,68,30,9,36,33,47,104" hai2="92,31,83,124,102,5,16,127,12,61,122,131,112" hai3="58,95,43,6,25,121,59,70,67,103,42,27,0"/><U135/><E135/><N who="0" m="51753" /><D110/><U130/><E130/><V38/><F122/><W50/><G70/><T53/><D113/><U80/><E123/><V32/><F38/><W88/><G0/><T66/><D7/><U56/><E56/><N who="3" m="21546" /><G6/><T133/><N who="0" m="51761" /><T91/><DORA hai="100" /><D24/><N who="3" m="9289" /><G121/><T87/><D125/><N who="2" m="48202" /><F61/><W2/><G2/><T106/><D129/><U111/><E111/><V29/><F32/><W44/><G103/><T96/><D62/><U10/><E81/><V20/><F131/><W13/><G13/><T93/><D66/><U99/><E99/><N who="0" m="37961" /><D101/><U22/><E22/><V98/><F112/><W86/><G67/><T45/><D106/><U11/><E68/><V84/><F5/><W108/><G108/><T75/><D94/><U52/><E30/><V85/><F85/><W35/><G35/><T71/><D71/><U3/><E3/><V126/><N who="2" m="48210" /><V17/><DORA hai="34" /><F17/><W116/><G116/><T37/><D37/><U118/><E118/><V21/><F21/><W49/><G49/><T76/><D76/><AGARI ba="1,0" hai="12,16,20,29,31,76,83,84,92,98,102" m="48210" machi="76" ten="40,2600,0" yaku="18,1,54,1" doraHai="105,100,34" who="2" fromWho="0" sc="155,-29,456,0,99,29,290,0" /><INIT seed="6,0,0,0,0,15" ten="126,456,128,290" oya="2" hai0="102,5,76,87,57,70,61,75,93,92,30,83,129" hai1="18,65,130,119,96,27,62,51,97,114,43,40,44" hai2="89,79,21,10,112,107,132,29,100,77,50,80,84" hai3="123,88,60,55,4,98,49,127,28,24,12,64,7"/><V23/><F112/><W20/><G123/><T14/><D70/><U103/><E130/><V35/><F132/><W58/><G127/><T6/><D129/><U133/><E133/><V13/><F35/><W33/><G33/><T118/><D118/><U36/><E36/><V101/><F107/><W32/><G32/><T22/><D75/><U131/><E131/><V134/><F134/><W16/><G28/><T66/><D93/><U34/><E114/><V81/><F89/><W59/><G12/><T2/><D2/><U117/><E97/><V82/><F50/><W38/><G38/><T135/><D135/><U72/><E43/><V1/><F1/><W42/><G42/><T74/><D74/><U3/><E72/><V53/><F53/><W45/><G45/><T111/><D111/><U48/><E51/><V0/><F0/><W39/><G39/><T90/><D102/><N who="2" m="39530" /><F84/><W122/><G122/><T85/><REACH who="0" step="1"/><D14/><REACH who="0" ten="116,456,128,290" step="2"/><U52/><E3/><V94/><F94/><AGARI ba="0,1" hai="4,7,16,20,24,49,55,58,59,60,64,88,94,98" machi="94" ten="40,8000,1" yaku="8,1,52,1,54,2" doraHai="15" who="3" fromWho="2" sc="116,0,456,0,128,-80,290,90" /><INIT seed="7,0,0,1,4,27" ten="116,456,48,380" oya="3" hai0="126,31,45,117,28,37,32,34,38,24,108,44,65" hai1="120,73,67,68,100,63,66,30,40,76,16,96,105" hai2="90,111,93,102,58,10,135,99,72,130,123,83,35" hai3="86,121,43,95,122,29,98,0,64,22,77,13,11"/><W97/><G0/><T103/><D24/><U75/><E120/><V91/><F111/><W51/><G121/><T129/><D65/><U107/><E107/><V131/><F123/><W106/><G122/><T36/><D103/><U8/><E76/><V132/><F35/><N who="0" m="13354" /><D126/><U33/><E67/><V79/><F58/><W21/><G106/><T128/><D117/><U115/><E40/><V84/><F10/><W127/><G127/><T125/><D125/><U112/><E8/><V71/><F71/><W134/><G134/><N who="2" m="51241" /><F72/><N who="1" m="27721" /><E16/><V92/><F92/><W74/><G74/><T20/><D20/><N who="3" m="7785" /><G64/><T53/><D108/><U70/><E68/><V124/><F124/><W39/><G39/><T15/><D37/><U19/><E19/><V116/><F116/><W114/><G114/><T119/><D38/><U62/><E63/><V55/><F55/><W3/><G3/><T5/><D53/><U6/><E6/><V41/><F41/><W110/><G110/><T89/><D36/><U59/><E59/><V133/><N who="2" m="51249" /><V60/><DORA hai="81" /><F60/><W9/><G29/><T26/><D31/><U104/><E104/><V12/><F12/><W47/><G9/><T42/><D15/><U1/><E1/><V61/><F61/><W80/><G95/><T78/><D119/><U94/><E94/><V18/><F18/><AGARI ba="0,0" hai="11,13,18,43,47,51,77,80,86,97,98" m="7785" machi="18" ten="30,2900,0" yaku="8,1,52,1" doraHai="27,81" who="3" fromWho="2" sc="116,0,456,0,48,-29,380,29" /><INIT seed="7,1,0,2,5,35" ten="116,456,19,409" oya="3" hai0="134,17,93,101,58,30,100,21,111,130,37,106,118" hai1="46,43,92,15,94,83,12,112,57,86,73,5,84" hai2="50,49,104,9,122,103,54,113,41,126,79,99,3" hai3="117,22,82,135,127,6,132,25,52,19,60,95,47"/><W123/><G117/><T16/><D111/><U125/><E73/><V121/><F113/><W97/><G123/><T107/><D37/><U115/><E125/><V69/><F126/><W23/><G127/><T36/><D36/><U67/><E67/><V53/><F69/><W80/><G23/><T59/><D93/><U75/><E75/><V131/><F131/><W98/><G6/><T40/><D21/><U70/><E57/><V90/><F79/><W4/><G98/><T109/><D40/><U102/><E70/><V48/><F41/><W76/><G4/><T71/><D71/><U33/><E33/><V39/><F39/><W27/><G27/><T114/><D134/><N who="3" m="51241" /><G76/><T38/><D130/><U28/><E28/><V91/><F9/><W128/><G128/><T63/><D30/><U7/><E102/><V88/><REACH who="2" step="1"/><F3/><REACH who="2" ten="116,456,9,409" step="2"/><W45/><G45/><T96/><D114/><U42/><E115/><V20/><F20/><W77/><G77/><T24/><D38/><U14/><E112/><V56/><F56/><N who="3" m="34823" /><G47/><T68/><D68/><U133/><E133/><V8/><F8/><W108/><G108/><T44/><D109/><U124/><E124/><V61/><F61/><W119/><G119/><T129/><D118/><U2/><E2/><V65/><F65/><W31/><G31/><T29/><D129/><U32/><E32/><V81/><F81/><W116/><G116/><T13/><D29/><U34/><E34/><V74/><F74/><W72/><G72/><T1/><D1/><U87/><E83/><V51/><N who="2" m="12288" /><DORA hai="11" /><V26/><F26/><W110/><G110/><RYUUKYOKU ba="1,1" sc="116,-15,456,-15,9,15,409,15" hai2="53,54,88,90,91,99,103,104,121,122" hai3="19,22,25,80,82,95,97" /><INIT seed="7,2,1,0,0,58" ten="101,441,24,424" oya="3" hai0="113,122,64,69,101,132,12,77,73,40,106,115,124" hai1="125,1,16,41,10,129,99,66,5,8,67,56,14" hai2="65,102,114,11,127,38,30,31,9,103,135,80,110" hai3="63,134,59,88,111,119,32,29,21,24,62,20,68"/><W61/><G119/><T26/><D124/><U97/><E125/><V116/><F110/><W33/><G68/><T75/><D132/><U36/><E129/><V76/><F114/><N who="0" m="43530" /><D77/><U2/><E2/><V53/><F135/><W27/><G134/><T17/><D26/><U84/><E36/><V121/><F127/><W47/><G111/><T57/><D40/><U86/><E41/><V91/><F116/><W15/><G15/><T85/><D85/><U54/><E67/><V108/><F108/><W34/><G47/><T35/><D35/><U94/><E66/><V92/><F121/><W74/><G74/><T60/><D122/><U49/><E99/><V6/><F38/><W46/><G46/><T133/><D133/><U19/><E19/><V43/><F43/><W93/><G24/><T81/><D81/><U82/><E82/><V112/><F11/><W109/><G109/><T71/><D101/><AGARI ba="2,1" hai="1,5,8,10,14,16,49,54,56,84,86,94,97,101" machi="101" ten="30,2000,0" yaku="7,1,54,1" doraHai="58" who="1" fromWho="0" sc="101,-26,441,36,24,0,424,0" owari="75,-32.0,477,58.0,24,-48.0,424,22.0" /></mjloggm>