<mjloggm ver="2.3"><GO type="41" lobby="0"/><UN n0="%E2%93%9D%53%75%70%68%78" n1="%4E%41%53%54%59" n2="%E7%9C%9F%E3%81%AE%E5%A4%A9%E3%83%91" n3="%E3%82%84%E3%81%BE%E3%81%90%E3%81%A1%E3%81%8B%E3%81%9A%E3%81%8D" dan="17,14,14,13" rate="2048.82,1924.07,1922.00,1882.78" sx="M,M,M,M"/><TAIKYOKU oya="0"/><INIT seed="0,0,0,3,3,105" ten="250,250,250,250" oya="0" hai0="58,82,102,133,31,93,132,14,46,134,71,56,12" hai1="107,108,89,0,63,96,69,41,78,84,87,117,112" hai2="28,111,70,118,23,50,106,80,7,128,92,130,73" hai3="52,122,34,48,10,126,40,19,51,79,131,5,3"/><T119/><D71/><U123/><E123/><V53/><F70/><W49/><G34/><T60/><D119/><U97/><E108/><V109/><F106/><W67/><G122/><T90/><D102/><U22/><E117/><V32/><F7/><W29/><G29/><T47/><D82/><U120/><E0/><V121/><F121/><W72/><G131/><N who="2" m="50217" /><F32/><W83/><G126/><T66/><D31/><U101/><E97/><V42/><F42/><W20/><G67/><T124/><D58/><U24/><E41/><V30/><F118/><W55/><REACH who="3" step="1"/><G40/><REACH who="3" ten="250,250,250,240" step="2"/><T76/><D124/><U86/><E120/><V99/><F30/><W13/><AGARI ba="0,1" hai="3,5,10,13,19,20,48,49,51,52,55,72,79,83" machi="13" ten="30,8000,1" yaku="1,1,2,1,0,1,52,1,54,1,53,0" doraHai="105" doraHaiUra="25" who="3" fromWho="3" sc="250,-40,250,-20,250,-20,240,90" /><INIT seed="1,0,0,2,5,43" ten="210,230,230,330" oya="1" hai0="17,89,63,117,26,93,79,80,84,58,47,48,25" hai1="9,98,51,105,109,85,23,54,90,97,65,7,56" hai2="15,132,38,19,128,96,68,3,83,108,16,44,4" hai3="76,116,110,130,2,31,131,12,52,72,45,77,28"/><U125/><E125/><V102/><F68/><W121/><G2/><T103/><D117/><U41/><E65/><V94/><F108/><W8/><G121/><T57/><D103/><U115/><E115/><V78/><F132/><W82/><G116/><T92/><D92/><U60/><E23/><V42/><F128/><W87/><G110/><T67/><D58/><U53/><E41/><V34/><F34/><W66/><G66/><T113/><D17/><U22/><E22/><V6/><F6/><W46/><G72/><T40/><REACH who="0" step="1"/><D113/><REACH who="0" ten="200,230,230,330" step="2"/><U71/><E109/><V18/><F3/><W5/><G131/><T118/><D118/><U104/><E104/><V62/><F62/><W126/><G130/><T32/><D32/><U75/><E105/><V13/><REACH who="2" step="1"/><F4/><REACH who="2" ten="200,230,220,330" step="2"/><W29/><G126/><T39/><D39/><U55/><E7/><V101/><F101/><W99/><G5/><T1/><D1/><U74/><E60/><V14/><F14/><W120/><G12/><T106/><D106/><U107/><E107/><V70/><F70/><W119/><G119/><T133/><D133/><U123/><E123/><V24/><F24/><W135/><G135/><T127/><D127/><U69/><E69/><V61/><F61/><W88/><G120/><T95/><D95/><U33/><E33/><V112/><F112/><W64/><G82/><T0/><D0/><U81/><E71/><V122/><F122/><W86/><G99/><AGARI ba="0,2" hai="25,26,40,47,48,57,63,67,79,80,84,89,93,99" machi="99" ten="30,7700,0" yaku="1,1,7,1,8,1,52,1,53,0" doraHai="43" doraHaiUra="124" who="0" fromWho="3" sc="200,97,230,0,220,0,330,-77" /><INIT seed="2,0,0,4,4,112" ten="297,230,220,253" oya="2" hai0="2,119,24,95,101,7,128,83,127,92,31,48,131" hai1="105,123,133,129,108,98,27,45,15,114,72,124,14" hai2="8,47,40,71,85,56,102,93,132,63,90,87,68" hai3="115,116,10,16,61,42,107,77,22,74,67,97,75"/><V29/><F132/><W18/><G77/><T94/><D127/><U89/><E27/><V38/><F8/><W21/><G115/><T39/><D39/><U1/><E14/><V6/><F6/><W64/><G42/><T36/><D36/><U91/><E15/><V88/><F102/><W76/><G76/><T66/><D66/><U11/><E89/><V23/><F23/><W53/><G53/><T37/><D37/><U41/><E91/><V3/><F29/><W70/><G10/><T103/><D83/><U57/><E57/><V46/><F46/><W60/><G97/><T73/><D73/><U58/><E58/><V4/><F4/><W0/><G107/><T51/><D119/><U126/><E45/><V35/><F35/><W117/><G70/><T30/><D7/><U111/><E41/><V113/><F3/><AGARI ba="0,0" hai="0,3,16,18,21,22,60,61,64,67,74,75,116,117" machi="3" ten="25,8000,1" yaku="22,2,52,2,54,1" doraHai="112" who="3" fromWho="2" sc="297,0,230,0,220,-80,253,80" /><INIT seed="3,0,0,4,5,93" ten="297,230,140,333" oya="3" hai0="90,47,134,99,19,42,114,43,123,77,96,63,7" hai1="58,122,91,51,87,86,17,128,67,48,34,56,24" hai2="32,9,105,20,132,102,11,46,108,97,59,80,85" hai3="109,78,52,15,95,26,88,74,64,104,5,83,12"/><W98/><G104/><T72/><D123/><U129/><E122/><V81/><F32/><W30/><G64/><T121/><D121/><U100/><E34/><V3/><F108/><W119/><G119/><T0/><D43/><U54/><E100/><V79/><F3/><W62/><G5/><T107/><D90/><U13/><E24/><V76/><F132/><W112/><G112/><T135/><D19/><U40/><E91/><V71/><F71/><W110/><G15/><T75/><D63/><U116/><E116/><V101/><F101/><W106/><G12/><T33/><D107/><U22/><E67/><V28/><F46/><W124/><G124/><T44/><D44/><U39/><E40/><V73/><F59/><W66/><G106/><T82/><D75/><U125/><E39/><V4/><REACH who="2" step="1"/><F4/><REACH who="2" ten="297,230,130,333" step="2"/><W36/><G36/><N who="0" m="21959" /><D33/><U133/><E133/><N who="0" m="50697" /><D114/><U37/><E125/><V103/><F103/><W31/><G110/><T127/><D127/><U115/><E37/><V49/><F49/><W41/><G109/><T60/><D60/><U113/><E113/><V69/><F69/><W84/><G62/><T29/><D29/><U8/><E115/><V45/><F45/><W68/><G68/><T35/><D35/><U131/><E58/><V70/><F70/><W1/><G31/><T55/><D55/><U57/><E57/><V10/><F10/><AGARI ba="0,1" hai="0,7,10,72,77,82,96,99" m="50697,21959" machi="10" ten="30,7700,0" yaku="25,1,20,1,52,2" doraHai="93" who="0" fromWho="2" sc="297,87,230,0,130,-77,333,0" /><INIT seed="4,0,0,0,3,10" ten="384,230,53,333" oya="0" hai0="59,86,18,135,37,0,129,82,98,43,105,47,80" hai1="56,17,77,64,65,53,21,134,19,35,15,102,63" hai2="109,33,104,112,76,93,75,81,38,52,106,31,60" hai3="49,28,66,126,107,74,73,114,119,27,57,61,117"/><T79/><D0/><U83/><E35/><V127/><F109/><W132/><G107/><T97/><D135/><U44/><E102/><V39/><F112/><W92/><G114/><T20/><D129/><U103/><E103/><V36/><F127/><W50/><G126/><T24/><D105/><U123/><E123/><V58/><REACH who="2" step="1"/><F93/><REACH who="2" ten="384,230,43,333" step="2"/><W90/><G119/><T42/><D82/><U40/><E134/><V78/><F78/><W23/><G117/><T95/><D95/><U94/><E94/><V69/><F69/><W29/><G132/><T41/><D98/><U111/><E83/><V11/><F11/><W6/><G92/><T22/><D97/><U116/><E77/><V7/><F7/><W124/><G124/><T122/><D122/><U121/><E111/><V70/><F70/><W133/><G133/><T85/><D85/><U5/><E5/><V101/><F101/><W89/><G74/><T96/><D96/><U55/><E121/><V12/><F12/><W25/><G73/><T88/><D79/><U91/><E91/><V30/><F30/><W115/><G115/><T54/><REACH who="0" step="1"/><D22/><REACH who="0" ten="374,230,43,333" step="2"/><U51/><E116/><V32/><F32/><W9/><G90/><T2/><D2/><U125/><E125/><V26/><AGARI ba="0,2" hai="26,31,33,36,38,39,52,58,60,75,76,81,104,106" machi="26" ten="40,5200,0" yaku="1,1,0,1,54,1,53,0" doraHai="10" doraHaiUra="34" who="2" fromWho="2" sc="374,-26,230,-13,43,72,333,-13" /><INIT seed="5,0,0,5,5,51" ten="348,217,115,320" oya="1" hai0="5,65,40,104,20,42,109,116,98,6,93,22,28" hai1="95,39,128,29,125,34,33,36,123,117,46,97,82" hai2="0,87,56,83,132,41,57,14,31,1,68,11,32" hai3="78,62,131,91,16,63,3,84,108,47,52,120,100"/><U89/><E117/><V4/><F68/><W18/><G108/><T44/><D104/><U9/><E123/><V43/><F132/><W53/><G120/><T73/><D73/><U25/><E125/><V92/><F32/><W80/><G3/><T60/><D109/><U110/><E110/><V15/><F31/><W24/><G131/><T121/><D116/><U54/><E34/><V79/><F92/><W35/><G100/><T101/><D22/><U77/><E9/><V105/><F105/><W49/><G35/><T12/><D121/><U72/><E128/><V74/><F74/><W85/><G24/><T94/><D94/><U67/><E67/><V66/><F66/><W27/><G27/><T96/><D96/><U64/><REACH who="1" step="1"/><E64/><REACH who="1" ten="348,207,115,320" step="2"/><V119/><F119/><W59/><G63/><T30/><D65/><U133/><E133/><V58/><F0/><W106/><G106/><T19/><D60/><U135/><E135/><V107/><F107/><W61/><G62/><T10/><D6/><U50/><AGARI ba="0,1" hai="25,29,33,36,39,46,50,54,72,77,82,89,95,97" machi="50" ten="30,6000,0" yaku="1,1,0,1,52,1,53,0" doraHai="51" doraHaiUra="37" who="1" fromWho="1" sc="348,-20,207,70,115,-20,320,-20" /><INIT seed="5,1,0,3,0,29" ten="328,277,95,300" oya="1" hai0="53,94,52,123,22,26,89,17,93,118,20,34,102" hai1="63,60,131,25,11,134,56,111,44,86,133,109,126" hai2="85,117,6,65,13,115,104,45,110,30,113,31,38" hai3="55,81,5,7,43,42,88,36,58,10,96,12,103"/><U99/><E126/><V66/><F110/><N who="1" m="41993" /><E131/><V35/><F104/><W95/><G36/><T130/><D34/><U128/><E128/><V124/><F117/><W47/><G47/><T91/><D130/><U132/><E44/><V57/><F124/><W16/><G103/><T40/><D118/><U21/><E11/><V59/><F85/><W80/><G80/><T71/><D71/><U125/><E125/><V9/><F31/><W79/><G43/><T49/><D123/><U135/><E99/><V127/><F127/><W68/><G42/><T19/><D40/><U67/><E135/><V54/><F38/><W73/><REACH who="3" step="1"/><G68/><REACH who="3" ten="328,277,95,290" step="2"/><T74/><D102/><U87/><E63/><AGARI ba="1,1" hai="5,7,10,12,16,55,58,63,73,79,81,88,95,96" machi="63" ten="30,12000,2" yaku="1,1,2,1,7,1,54,2,53,1" doraHai="29" doraHaiUra="90" who="3" fromWho="1" sc="328,0,277,-123,95,0,290,133" /><INIT seed="6,0,0,4,4,121" ten="328,154,95,423" oya="2" hai0="89,119,83,47,94,38,71,102,80,92,51,9,114" hai1="6,81,22,59,110,103,5,112,115,35,49,129,95" hai2="17,62,123,25,104,69,98,33,99,41,8,54,135" hai3="73,1,28,75,130,20,113,43,117,87,4,132,79"/><V82/><F123/><W15/><G117/><T29/><D38/><U111/><E35/><V120/><F120/><W2/><G132/><T60/><D114/><N who="1" m="43563" /><E129/><V21/><F41/><W56/><G130/><T88/><D102/><U37/><E37/><V70/><F135/><W19/><G43/><T74/><D74/><U66/><E22/><V44/><F33/><W32/><G75/><T125/><D125/><U91/><E81/><V134/><F134/><W133/><G73/><T40/><D29/><U105/><E66/><V126/><F8/><W16/><G133/><T57/><D71/><U0/><E0/><V77/><F126/><W78/><G2/><T124/><D119/><U24/><E24/><V3/><F3/><W26/><G4/><T96/><D9/><U68/><E68/><V100/><F98/><W12/><G1/><T63/><D124/><U10/><E10/><V84/><REACH who="2" step="1"/><F62/><REACH who="2" ten="328,154,85,423" step="2"/><W42/><G42/><T64/><D63/><U39/><E39/><V76/><F76/><W116/><G79/><T46/><D46/><U45/><E45/><V50/><AGARI ba="0,1" hai="17,21,25,44,50,54,69,70,77,82,84,99,100,104" machi="50" ten="30,11700,0" yaku="1,1,0,1,53,2" doraHai="121" doraHaiUra="65" who="2" fromWho="2" sc="328,-39,154,-39,85,127,423,-39" /><INIT seed="6,1,0,0,5,52" ten="289,115,212,384" oya="2" hai0="6,45,110,92,20,18,123,32,50,57,42,103,21" hai1="65,83,94,66,4,63,68,107,43,71,19,128,25" hai2="118,99,41,81,121,9,46,49,33,23,134,125,97" hai3="34,64,119,104,85,112,131,14,12,100,61,35,87"/><V72/><F121/><W96/><G119/><T115/><D110/><U30/><E128/><V79/><F33/><W135/><G131/><T17/><D32/><U54/><E43/><V114/><F118/><W77/><G35/><T51/><D115/><U37/><E4/><V111/><F134/><W62/><G135/><T36/><D6/><U76/><E37/><V105/><F125/><W16/><G34/><T129/><D123/><U132/><E107/><V91/><F114/><W28/><G28/><T102/><D36/><U10/><E132/><V116/><F116/><W70/><G77/><T58/><D92/><U130/><E130/><V55/><F9/><W48/><G48/><T73/><D73/><U106/><E106/><V22/><F111/><W113/><G62/><T29/><D29/><U67/><E94/><V133/><F133/><W95/><G113/><T53/><D129/><U101/><E101/><V59/><F99/><W75/><G75/><T122/><D122/><U88/><E30/><V74/><F74/><W24/><G112/><T0/><D0/><U109/><E76/><V11/><F11/><W108/><G108/><T90/><D90/><U7/><E10/><V39/><REACH who="2" step="1"/><F91/><REACH who="2" ten="289,115,202,384" step="2"/><W80/><G96/><T117/><D117/><U82/><E88/><V56/><F56/><W98/><G70/><T89/><D89/><U31/><E71/><V8/><F8/><W84/><G98/><T78/><D78/><U44/><E68/><V3/><F3/><W86/><G80/><T26/><D58/><U15/><E109/><V2/><F2/><W38/><G100/><AGARI ba="1,1" hai="22,23,39,41,46,49,55,59,72,79,81,97,100,105" machi="100" ten="40,7700,0" yaku="1,1,6,1,52,1,53,0" doraHai="52" doraHaiUra="1" who="2" fromWho="3" sc="289,0,115,0,202,90,384,-80" /><INIT seed="6,2,0,1,2,86" ten="289,115,292,304" oya="2" hai0="110,23,21,51,39,27,66,111,28,100,133,119,91" hai1="46,11,7,25,57,3,19,88,84,35,62,45,95" hai2="22,134,33,50,56,80,63,98,106,8,53,64,115" hai3="59,122,114,76,30,16,132,65,87,34,17,38,81"/><V55/><F33/><W112/><G122/><T73/><D73/><U129/><E129/><V0/><F115/><N who="3" m="44075" /><G132/><T94/><D39/><U14/><E25/><V116/><F116/><W69/><G38/><T118/><D100/><U44/><E35/><V6/><F134/><W58/><G69/><T74/><D74/><U20/><REACH who="1" step="1"/><E44/><REACH who="1" ten="289,105,292,304" step="2"/><V85/><F106/><W12/><G34/><T96/><D133/><U121/><E121/><V120/><F120/><W107/><G107/><T90/><D119/><U77/><E77/><V117/><F117/><W26/><G26/><T67/><D118/><U48/><E48/><V61/><F61/><W108/><G108/><T31/><D51/><U104/><E104/><V83/><F50/><W9/><G65/><AGARI ba="2,1" hai="3,7,11,14,19,20,45,46,57,62,65,84,88,95" machi="65" ten="30,7700,0" yaku="1,1,7,1,52,1,54,1,53,0" doraHai="86" doraHaiUra="131" who="1" fromWho="3" sc="289,0,105,93,292,0,304,-83" /><INIT seed="7,0,0,0,1,92" ten="289,198,292,221" oya="3" hai0="32,57,113,80,19,77,123,106,59,96,14,98,90" hai1="124,76,30,50,109,97,120,107,1,112,34,37,24" hai2="72,75,73,135,55,17,119,102,5,121,49,110,53" hai3="126,79,56,130,116,66,88,46,128,84,28,82,31"/><W2/><G116/><T108/><D108/><U3/><E76/><V71/><F119/><W8/><G126/><T101/><D32/><U63/><E109/><V95/><F110/><W54/><G66/><T131/><D123/><U36/><E124/><V133/><F5/><W43/><G2/><T65/><D131/><N who="3" m="50217" /><G8/><T83/><D113/><U27/><E50/><V44/><F71/><W115/><G115/><T99/><D101/><U60/><E112/><V22/><F55/><W15/><G15/><T134/><D106/><U45/><E120/><V38/><F38/><N who="3" m="21879" /><G79/><T39/><D39/><U52/><E36/><V86/><F121/><W40/><G40/><T13/><D134/><N who="2" m="51210" /><F102/><W67/><G67/><T94/><D14/><U105/><E105/><V23/><F17/><W41/><G41/><T125/><D125/><U21/><E37/><V118/><F118/><W111/><G111/><T61/><D77/><U18/><E1/><V47/><F47/><W48/><AGARI ba="0,0" hai="28,31,48,54,56,82,84,88" m="21879,50217" machi="48" ten="30,3000,0" yaku="19,1,54,1" doraHai="92" who="3" fromWho="3" sc="289,-10,198,-10,292,-10,221,30" /><INIT seed="7,1,0,4,4,2" ten="279,188,282,251" oya="3" hai0="50,55,127,22,104,98,5,70,108,53,89,125,87" hai1="49,20,1,106,116,40,76,82,112,57,58,26,33" hai2="14,44,4,134,24,80,75,21,93,63,85,97,11" hai3="78,121,19,13,96,110,51,27,114,46,43,7,130"/><W45/><G121/><T100/><D108/><U107/><E33/><V71/><F75/><W35/><G110/><T105/><D70/><U132/><E132/><V109/><F109/><W122/><G122/><T88/><D5/><U133/><E133/><V3/><F3/><W31/><G130/><T61/><D105/><U135/><E1/><V39/><F134/><W6/><G114/><T42/><D22/><U65/><E112/><V23/><F39/><W99/><G78/><T69/><D42/><U92/><E92/><V131/><F44/><W29/><G29/><T48/><D61/><U36/><E36/><V90/><F131/><W83/><G83/><T47/><D69/><U74/><E116/><V52/><F71/><W118/><G46/><T72/><D72/><U126/><E126/><N who="0" m="48137" /><D87/><U10/><E10/><V37/><F24/><W32/><G32/><T8/><D8/><U103/><E65/><V79/><F37/><W101/><G118/><T94/><D104/><U95/><E107/><V56/><AGARI ba="1,0" hai="4,11,14,21,23,52,56,63,79,80,85,90,93,97" machi="56" ten="30,7900,0" yaku="0,1,8,1,52,1,54,1" doraHai="2" who="2" fromWho="2" sc="279,-21,188,-21,282,82,251,-40" owari="258,6.0,167,-33.0,364,46.0,211,-19.0" /></mjloggm>