<mjloggm ver="2.3"><GO type="41" lobby="0"/><UN n0="%E2%93%9D%53%75%70%68%78" n1="%34%4E%41%54%4D" n2="%70%6F%69%73%75%2D" n3="%E3%82%81%E3%81%90%E3%81%A3%E3%81%A1" dan="18,13,16,14" rate="2089.47,1923.14,2073.64,1957.10" sx="M,M,M,M"/><TAIKYOKU oya="0"/><INIT seed="0,0,0,4,5,135" ten="250,250,250,250" oya="0" hai0="85,15,113,28,82,69,9,79,57,44,75,53,4" hai1="42,114,0,73,65,52,103,121,71,1,94,76,55" hai2="88,74,29,124,39,81,126,110,128,38,93,68,43" hai3="105,90,62,72,111,33,45,34,119,67,123,97,84"/><T61/><D113/><U3/><E121/><V66/><F29/><W64/><G72/><T13/><D69/><U2/><E42/><V37/><F43/><W12/><G111/><T134/><D134/><U91/><E103/><V17/><F110/><W63/><G119/><T77/><D28/><U24/><E71/><V20/><F66/><W16/><G45/><T127/><D75/><U40/><E65/><V23/><F68/><W30/><G97/><T116/><D116/><U41/><E114/><V83/><F128/><W78/><G78/><T109/><D109/><U51/><E55/><V102/><F102/><W130/><G105/><T46/><D127/><N who="2" m="48682" /><F74/><W48/><G48/><T108/><D108/><U133/><E24/><N who="2" m="14351" /><F23/><W11/><G30/><T112/><D112/><U120/><E133/><V95/><F95/><W92/><G123/><T129/><D129/><U50/><E120/><V49/><F49/><W107/><G107/><T70/><D70/><U27/><E51/><V98/><AGARI ba="0,0" hai="37,38,39,81,83,88,93,98" m="14351,48682" machi="98" ten="40,8000,1" yaku="18,1,52,3,54,1" doraHai="135" who="2" fromWho="2" sc="250,-40,250,-20,250,80,250,-20" /><INIT seed="1,0,0,0,5,67" ten="210,230,330,230" oya="1" hai0="124,135,90,101,12,133,72,17,20,24,18,10,15" hai1="71,5,60,116,121,65,85,21,86,79,128,68,126" hai2="120,77,37,23,97,103,93,82,64,91,14,130,42" hai3="53,105,95,98,54,107,47,1,61,41,62,40,0"/><U84/><E121/><V100/><F120/><W123/><G47/><T27/><D72/><U127/><E116/><V104/><F130/><W29/><G123/><T111/><D101/><U51/><E128/><V59/><F37/><W66/><G29/><T4/><D90/><U69/><E5/><V114/><F42/><W83/><G83/><T118/><D118/><U106/><E106/><V11/><F114/><W26/><G26/><T132/><D111/><U28/><E51/><V87/><F23/><W113/><G66/><T33/><D124/><N who="1" m="47659" /><E79/><V2/><F2/><W52/><G113/><T96/><D96/><U55/><E55/><V115/><F115/><W39/><G53/><T81/><D81/><U110/><E110/><V80/><F80/><W75/><G95/><T112/><D112/><U43/><E43/><V32/><F32/><W78/><G98/><T88/><D88/><U94/><E94/><V117/><F117/><W19/><G19/><T58/><D58/><U63/><E63/><N who="2" m="38015" /><F104/><W108/><G108/><T48/><D48/><U30/><E21/><V49/><F49/><W9/><G78/><T6/><D33/><U76/><E76/><V109/><F109/><W99/><G99/><T119/><D119/><U125/><N who="1" m="47667" /><U50/><DORA hai="70" /><E50/><V122/><F122/><W44/><G44/><T22/><D6/><AGARI ba="0,0" hai="6,11,14,77,82,87,91,93,97,100,103" m="38015" machi="6" ten="30,1000,0" yaku="8,1" doraHai="67,70" who="2" fromWho="0" sc="210,-10,230,0,330,10,230,0" /><INIT seed="2,0,0,0,3,33" ten="200,230,340,230" oya="2" hai0="31,44,9,81,116,113,13,36,120,93,48,106,39" hai1="124,28,55,90,21,121,42,47,25,68,18,26,43" hai2="101,132,41,79,56,80,77,73,2,3,60,82,29" hai3="61,127,22,107,16,65,11,38,131,27,62,129,119"/><V4/><F132/><W57/><G38/><T125/><D106/><U67/><E124/><V6/><F101/><W8/><G107/><T96/><D120/><U78/><E78/><V7/><F29/><W110/><G119/><T32/><D113/><U115/><E115/><V94/><F94/><W58/><G110/><T91/><D125/><U1/><E1/><V104/><F41/><W118/><G127/><T35/><D116/><U15/><E68/><V12/><F12/><W24/><G118/><T37/><D31/><U109/><E67/><V59/><F104/><W111/><G111/><T75/><D75/><U49/><E26/><V70/><F70/><W34/><G34/><T69/><D69/><U30/><E30/><V72/><F59/><W0/><G0/><T54/><REACH who="0" step="1"/><D81/><REACH who="0" ten="190,230,340,230" step="2"/><U85/><E121/><V20/><REACH who="2" step="1"/><F20/><REACH who="2" ten="190,230,330,230" step="2"/><W66/><G22/><T17/><AGARI ba="0,2" hai="9,13,17,32,35,36,37,39,44,48,54,91,93,96" machi="17" ten="30,7900,0" yaku="1,1,2,1,0,1,53,1" doraHai="33" doraHaiUra="89" who="0" fromWho="0" sc="190,99,230,-20,330,-39,230,-20" /><INIT seed="3,0,0,0,0,49" ten="289,210,291,210" oya="3" hai0="133,107,64,69,87,75,38,34,0,88,32,3,131" hai1="46,104,108,56,30,132,62,33,82,57,86,79,4" hai2="96,65,125,35,72,18,9,25,43,123,63,13,119" hai3="58,29,116,21,83,2,94,23,93,67,117,91,37"/><W52/><G37/><T17/><D75/><U78/><E104/><V90/><F72/><W39/><G39/><T127/><D107/><U134/><E108/><V135/><F43/><W31/><G2/><T48/><D131/><U115/><E115/><V45/><F45/><W15/><G67/><T66/><D133/><U14/><E46/><V74/><F135/><N who="1" m="51753" /><E57/><V51/><F74/><W124/><G124/><T84/><D38/><U109/><E109/><V120/><F51/><N who="3" m="31007" /><G15/><T130/><D48/><U110/><E110/><V1/><F125/><W128/><G128/><T36/><D36/><U42/><E42/><V55/><F119/><W81/><G117/><T60/><D130/><U8/><E30/><N who="3" m="11274" /><G116/><T41/><D127/><U20/><E33/><V95/><F1/><W105/><G105/><T129/><D34/><U27/><E27/><V118/><F25/><W71/><G71/><T112/><D32/><U16/><E20/><N who="3" m="7754" /><G94/><T53/><D129/><U76/><E4/><V22/><F35/><W99/><AGARI ba="0,0" hai="81,83,91,93,99" m="7754,11274,31007" machi="99" ten="30,6000,0" yaku="8,1,52,1,54,1" doraHai="49" who="3" fromWho="3" sc="289,-20,210,-20,291,-20,210,60" /><INIT seed="3,1,0,0,5,43" ten="269,190,271,270" oya="3" hai0="56,20,75,85,45,126,83,127,23,97,82,42,2" hai1="69,117,24,112,99,47,111,54,40,68,46,84,130" hai2="65,66,57,18,17,39,108,76,78,101,131,73,4" hai3="134,59,104,106,3,15,79,100,61,109,33,32,41"/><W94/><G3/><T22/><D2/><U58/><E99/><V8/><F108/><W1/><G1/><T26/><D56/><U114/><E84/><V110/><F110/><W6/><G109/><T128/><D128/><U71/><E111/><V50/><F39/><W36/><G134/><T44/><D42/><U14/><E14/><V132/><F101/><W123/><G123/><T62/><D62/><U30/><E130/><V122/><F57/><W98/><G79/><N who="0" m="44415" /><D26/><U105/><E105/><V92/><F92/><W118/><G118/><T89/><D97/><U9/><E9/><V19/><F73/><W72/><G72/><T55/><D55/><U120/><E120/><V60/><F132/><W119/><G119/><T63/><D63/><U38/><E117/><V12/><F60/><W67/><G41/><T70/><D70/><U29/><E46/><V88/><F122/><W49/><G49/><T103/><D103/><U125/><E125/><AGARI ba="1,0" hai="20,22,23,44,45,83,85,89,125,126,127" m="44415" machi="125" ten="30,3900,0" yaku="18,1,52,2" doraHai="43" who="0" fromWho="1" sc="269,42,190,-42,271,0,270,0" /><INIT seed="4,0,0,2,0,97" ten="311,148,271,270" oya="0" hai0="126,67,118,107,4,85,35,21,24,2,47,94,26" hai1="103,81,93,119,59,60,66,31,36,113,72,73,92" hai2="75,45,61,70,86,63,0,25,123,14,20,84,11" hai3="110,80,77,42,43,13,105,128,46,117,108,83,41"/><T39/><D107/><U22/><E119/><V52/><F75/><W109/><G117/><T91/><D126/><U101/><E36/><V127/><F0/><W111/><G128/><T98/><D35/><U27/><E113/><V50/><F123/><W65/><G65/><T16/><D118/><U57/><E81/><V125/><F70/><W87/><G105/><T64/><D26/><U120/><E120/><V9/><F9/><W78/><N who="3" m="27648" /><DORA hai="95" /><W135/><G135/><T53/><D2/><U3/><E3/><V74/><F74/><W48/><REACH who="3" step="1"/><G13/><REACH who="3" ten="311,148,271,260" step="2"/><T34/><D67/><U54/><E73/><AGARI ba="0,1" hai="41,42,43,46,48,73,77,78,80,83,87" m="27648" machi="73" ten="70,4500,0" yaku="1,1,2,1,53,0" doraHai="97,95" doraHaiUra="102,49" who="3" fromWho="1" sc="311,0,148,-45,271,0,260,55" /><INIT seed="5,0,0,5,1,51" ten="311,103,271,315" oya="1" hai0="121,119,20,19,90,132,110,100,25,55,73,67,48" hai1="95,104,36,113,96,26,23,31,107,82,2,14,91" hai2="32,83,21,61,40,53,102,11,92,120,123,130,98" hai3="89,59,60,103,58,45,106,54,88,77,17,29,117"/><U134/><E36/><V4/><F32/><W93/><G106/><T42/><D110/><U66/><E113/><V16/><F40/><W68/><G68/><T122/><D119/><U49/><E134/><V65/><F83/><W124/><G124/><T72/><D42/><U44/><E2/><V15/><F130/><W75/><G75/><T12/><D67/><U125/><E125/><V109/><F109/><W1/><G1/><T97/><D90/><N who="3" m="34921" /><G77/><T78/><D25/><U133/><E133/><V131/><F131/><W81/><G81/><T63/><D63/><U46/><E66/><V128/><F128/><W80/><G80/><T10/><D20/><U38/><E82/><V9/><F9/><W69/><G69/><T71/><D71/><U57/><E38/><V127/><F65/><W47/><G29/><T85/><D85/><U39/><E39/><V27/><REACH who="2" step="1"/><F127/><REACH who="2" ten="311,103,261,315" step="2"/><W115/><G117/><T64/><D64/><U86/><E107/><V56/><AGARI ba="0,1" hai="4,11,15,16,21,27,53,56,61,92,98,102,120,123" machi="56" ten="30,8000,1" yaku="1,1,2,1,0,1,52,1,54,1,53,0" doraHai="51" doraHaiUra="105" who="2" fromWho="2" sc="311,-20,103,-40,261,90,315,-20" /><INIT seed="6,0,0,1,3,99" ten="291,63,351,295" oya="2" hai0="75,51,102,89,73,108,11,134,2,78,34,8,114" hai1="41,128,79,31,83,111,13,68,121,50,87,53,103" hai2="70,120,39,5,90,96,54,118,94,72,3,35,132" hai3="67,10,30,80,24,110,49,43,9,93,66,95,7"/><V29/><F70/><W122/><G110/><T57/><D108/><U124/><E13/><V116/><F39/><W74/><G122/><T64/><D34/><U59/><E111/><V62/><F72/><W14/><G74/><T104/><D114/><U115/><E121/><V6/><F120/><W23/><G80/><T58/><D134/><U20/><E68/><V18/><F132/><W113/><G113/><T15/><D89/><U47/><E124/><V82/><F29/><W107/><G107/><T40/><D2/><U126/><E128/><V117/><F35/><W42/><G10/><T46/><D11/><U55/><E126/><V109/><F3/><W77/><G77/><T106/><D106/><U98/><E115/><V17/><F82/><W76/><G76/><T123/><D123/><U127/><E127/><V60/><F109/><W25/><G25/><T112/><D112/><U33/><E33/><V44/><F44/><N who="3" m="25751" /><G43/><T19/><D78/><U0/><E0/><V101/><F90/><W92/><AGARI ba="0,0" hai="7,9,14,23,24,30,66,67,92,93,95" m="25751" machi="92" ten="30,1100,0" yaku="8,1" doraHai="99" who="3" fromWho="3" sc="291,-3,63,-3,351,-5,295,11" /><INIT seed="7,0,0,4,0,58" ten="288,60,346,306" oya="3" hai0="97,129,6,115,33,40,126,88,93,49,68,15,36" hai1="54,114,79,95,3,60,71,35,28,63,42,56,125" hai2="22,46,37,53,102,32,29,26,67,109,133,0,119" hai3="84,69,92,73,128,61,66,131,17,107,41,31,25"/><W65/><G107/><T13/><D33/><U76/><E3/><V19/><F109/><W57/><G73/><T47/><D129/><N who="3" m="49737" /><G41/><T11/><D126/><U75/><E75/><V2/><F119/><W135/><G17/><T45/><D68/><U27/><E125/><V100/><F67/><W62/><G135/><T123/><D115/><U82/><E114/><V7/><F133/><W23/><G92/><T87/><D123/><U89/><E42/><V99/><F37/><W121/><G84/><T48/><D15/><U98/><E82/><V72/><F72/><W34/><G121/><T50/><REACH who="0" step="1"/><D97/><REACH who="0" ten="278,60,346,306" step="2"/><U38/><E38/><V44/><F99/><W24/><G25/><T12/><D12/><U85/><E98/><V112/><F112/><W110/><G110/><T10/><D10/><U30/><E30/><V127/><F127/><W39/><G39/><T101/><D101/><U16/><E76/><V4/><F100/><W106/><G106/><T105/><D105/><U59/><E71/><V132/><F102/><W21/><AGARI ba="0,1" hai="21,23,24,31,34,57,61,62,65,66,69" m="49737" machi="21" ten="30,6000,0" yaku="19,1,52,2" doraHai="58" who="3" fromWho="3" sc="278,-20,60,-20,346,-20,306,70" owari="258,-14.0,40,-46.0,326,13.0,376,47.0" /></mjloggm>