<mjloggm ver="2.3"><GO type="41" lobby="0"/><UN n0="%E3%82%88%E3%82%8F%E3%81%8D%E3%81%AE%E3%83%93%E3%82%A4%E3%83%8A%E3%82%B9" n1="%E2%93%9D%53%75%70%68%78" n2="%E3%81%A6%E3%81%BE%E3%81%A1" n3="%E3%81%94%E3%82%8A%E3%82%89%E3%81%8F%E3%82%93" dan="15,18,15,13" rate="2070.91,2142.33,1975.14,1853.73" sx="M,M,M,M"/><TAIKYOKU oya="0"/><INIT seed="0,0,0,5,4,112" ten="250,250,250,250" oya="0" hai0="54,92,66,129,82,12,16,84,24,100,95,6,8" hai1="111,60,59,2,89,18,49,41,113,57,61,119,20" hai2="81,28,63,58,127,37,102,68,130,53,72,29,51" hai3="65,131,0,64,73,4,78,123,13,104,10,96,70"/><T19/><D129/><U71/><E2/><V7/><F127/><W33/><G131/><T14/><D66/><U91/><E71/><V31/><F130/><W67/><G13/><T69/><D69/><U85/><E111/><V105/><F37/><W5/><G5/><T126/><D126/><U76/><E119/><V101/><F105/><W121/><G33/><T22/><D100/><U42/><E76/><V134/><F134/><W52/><G52/><T46/><D46/><U36/><E36/><V77/><REACH who="2" step="1"/><F7/><REACH who="2" ten="250,250,240,250" step="2"/><W45/><G70/><T86/><D54/><U88/><E113/><V43/><F43/><W17/><G123/><T124/><D124/><U26/><E42/><V32/><F32/><W90/><G121/><T99/><D99/><U62/><REACH who="1" step="1"/><E85/><REACH who="1" ten="250,240,240,250" step="2"/><V25/><F25/><W74/><G73/><T9/><REACH who="0" step="1"/><D86/><REACH who="0" ten="240,240,240,250" step="2"/><U110/><E110/><V128/><F128/><W79/><G74/><T133/><D133/><U125/><E125/><V108/><F108/><W116/><G104/><T15/><D15/><U122/><E122/><V34/><F34/><W83/><G0/><T30/><D30/><U38/><E38/><V106/><F106/><W93/><G4/><T98/><D98/><U55/><E55/><V35/><F35/><W132/><G132/><T47/><D47/><AGARI ba="0,3" hai="18,20,26,41,47,49,57,59,60,61,62,88,89,91" machi="47" ten="40,5200,0" yaku="1,1,8,1,54,1,53,0" doraHai="112" doraHaiUra="107" who="1" fromWho="0" sc="240,-52,240,82,240,0,250,0" /><INIT seed="1,0,0,1,2,125" ten="188,322,240,250" oya="1" hai0="96,126,31,110,26,65,134,0,8,33,58,3,29" hai1="81,101,117,131,7,95,82,97,59,70,119,34,102" hai2="80,85,37,93,67,50,129,78,21,14,36,111,91" hai3="90,133,20,2,105,114,89,24,127,13,98,51,32"/><U107/><E7/><V57/><F111/><W122/><G2/><T6/><D65/><U30/><E59/><V94/><F94/><W64/><G32/><T130/><D96/><N who="1" m="61863" /><E30/><V44/><F129/><W23/><G64/><T77/><D58/><U43/><E43/><V120/><F120/><W38/><G38/><T4/><D130/><U27/><E27/><V42/><F14/><W10/><G23/><T123/><D110/><U72/><E34/><V48/><F21/><W104/><G114/><T100/><D123/><U115/><E70/><V39/><F50/><W113/><G113/><T15/><D100/><U17/><E17/><V79/><REACH who="2" step="1"/><F80/><REACH who="2" ten="188,322,230,250" step="2"/><N who="1" m="30825" /><E115/><V132/><F132/><W55/><G133/><T19/><D134/><U69/><E131/><V108/><F108/><W99/><G105/><T40/><D126/><U75/><E69/><V16/><F16/><N who="3" m="8247" /><G104/><T112/><D112/><U47/><E47/><V61/><AGARI ba="0,1" hai="36,37,39,42,44,48,57,61,67,78,79,85,91,93" machi="61" ten="40,2700,0" yaku="1,1,0,1,53,0" doraHai="125" doraHaiUra="5" who="2" fromWho="2" sc="188,-7,322,-13,230,37,250,-7" /><INIT seed="2,0,0,5,4,120" ten="181,309,267,243" oya="2" hai0="23,117,59,90,74,132,22,64,8,9,49,18,97" hai1="35,62,105,83,70,61,15,5,47,103,116,80,66" hai2="56,106,113,37,12,43,1,92,88,68,110,28,98" hai3="119,19,36,48,46,55,76,33,52,95,50,71,102"/><V6/><F1/><W58/><G33/><T75/><D132/><U17/><E5/><V27/><F113/><W10/><G76/><T114/><D114/><U101/><E35/><V118/><F118/><W7/><G19/><T44/><D117/><U65/><E116/><V130/><F68/><W30/><G30/><T87/><D97/><U107/><E47/><V85/><F130/><W21/><G21/><T67/><D59/><U123/><E17/><V124/><F124/><W99/><G119/><T45/><D49/><U82/><E15/><V126/><F56/><W42/><G71/><T14/><D14/><U134/><E134/><V31/><F31/><W16/><G7/><T128/><D18/><U96/><E123/><V94/><F106/><W135/><G135/><T13/><D13/><U25/><E25/><V79/><F79/><W122/><G122/><T38/><D90/><U69/><E103/><V72/><F72/><W111/><G16/><T84/><REACH who="0" step="1"/><D128/><REACH who="0" ten="171,309,267,243" step="2"/><U89/><E89/><V112/><F88/><W41/><G10/><T54/><D54/><U2/><E2/><V100/><F12/><W131/><G131/><T11/><D11/><U20/><E107/><V77/><F98/><W104/><G104/><T133/><D133/><U109/><E20/><V121/><F112/><W81/><G42/><T57/><D57/><U0/><E0/><V26/><F43/><W34/><G36/><AGARI ba="0,1" hai="8,9,22,23,36,38,44,45,64,67,74,75,84,87" machi="36" ten="25,3200,0" yaku="1,1,22,2,53,0" doraHai="120" doraHaiUra="115" who="0" fromWho="3" sc="171,42,309,0,267,0,243,-32" /><INIT seed="3,0,0,0,2,38" ten="213,309,267,211" oya="3" hai0="116,34,127,112,3,81,100,21,76,24,2,22,4" hai1="6,123,68,42,58,57,122,15,121,90,1,92,77" hai2="5,129,86,105,30,61,48,96,109,130,108,12,65" hai3="32,114,19,89,72,106,125,134,64,9,28,63,27"/><W59/><G114/><T37/><D112/><U7/><E68/><V0/><F0/><W131/><G131/><N who="2" m="50185" /><F30/><W93/><G106/><T18/><D37/><U135/><E77/><V46/><F86/><W120/><G120/><T75/><D116/><U84/><E135/><V111/><F105/><W16/><G134/><T91/><D127/><U82/><E1/><V14/><F5/><W33/><G125/><T97/><D34/><U35/><E35/><V101/><F101/><W55/><G72/><T99/><D4/><U10/><E7/><V51/><F96/><W98/><G33/><T132/><D132/><U73/><E73/><V23/><F23/><W45/><REACH who="3" step="1"/><G9/><REACH who="3" ten="213,309,267,201" step="2"/><T85/><D22/><U26/><E123/><V47/><F111/><W124/><G124/><T11/><D11/><U119/><E122/><V107/><F109/><W78/><G78/><T44/><D75/><U110/><E110/><V71/><F107/><W88/><G88/><T54/><D76/><U29/><E121/><V128/><F108/><W102/><G102/><T62/><D100/><U67/><E90/><V87/><F128/><W94/><G94/><T40/><D91/><U17/><E92/><V80/><F80/><W41/><G41/><T133/><D81/><U20/><E42/><N who="2" m="24663" /><F87/><W36/><G36/><T69/><D85/><U79/><E84/><V31/><F31/><W113/><G113/><T13/><D133/><U118/><E29/><V74/><F74/><W83/><G83/><T39/><D21/><U43/><E82/><V50/><F47/><W53/><G53/><T117/><D54/><RYUUKYOKU ba="0,1" sc="213,-15,309,-15,267,15,201,15" hai2="12,14,50,51,61,65,71" hai3="16,19,27,28,32,45,55,59,63,64,89,93,98" /><INIT seed="3,1,1,0,0,58" ten="198,294,282,216" oya="3" hai0="103,100,9,27,135,8,121,119,43,25,32,10,18" hai1="70,6,22,73,74,47,57,77,4,52,7,125,56" hai2="17,80,97,127,81,75,49,65,118,124,48,76,113" hai3="129,87,91,78,61,117,72,79,15,123,98,111,89"/><W112/><G15/><T59/><D121/><U21/><E70/><V114/><F17/><W105/><G61/><T109/><D119/><U86/><E125/><N who="2" m="48203" /><F65/><W95/><G123/><T37/><D135/><U31/><E47/><V134/><F118/><W133/><G117/><T106/><D106/><U116/><E116/><V88/><F134/><W28/><G28/><T55/><D109/><U42/><E42/><V23/><F23/><W33/><G33/><T36/><D43/><U11/><E57/><V44/><F49/><W90/><G133/><T84/><D84/><U120/><E11/><V5/><F5/><W122/><G122/><T82/><D82/><U99/><E74/><V69/><F69/><W46/><G46/><T94/><D94/><U38/><E73/><V131/><F131/><W85/><G129/><T107/><D107/><U126/><E120/><V128/><F128/><W93/><G112/><T20/><D27/><U108/><E126/><V14/><F14/><W96/><G111/><T24/><D24/><U101/><E108/><V64/><F64/><W13/><G13/><T51/><REACH who="0" step="1"/><D32/><REACH who="0" ten="188,294,282,216" step="2"/><U50/><E86/><N who="3" m="32778" /><G105/><T104/><D104/><U40/><E40/><N who="2" m="24583" /><F81/><N who="3" m="45255" /><G79/><T132/><D132/><U1/><E77/><V41/><F41/><W19/><G19/><T68/><D68/><U26/><E26/><V63/><F76/><W16/><G16/><T30/><D30/><U45/><E31/><V39/><F114/><W54/><G54/><T62/><D62/><U60/><E60/><V34/><F63/><W115/><G115/><T53/><D53/><U0/><E52/><RYUUKYOKU ba="1,2" sc="188,15,294,-15,282,-15,216,15" hai0="8,9,10,18,20,25,36,37,51,55,59,100,103" hai3="89,90,91,93,95,96,98" /><INIT seed="3,2,2,3,3,58" ten="203,279,267,231" oya="3" hai0="18,99,94,93,29,113,23,46,15,72,39,103,67" hai1="6,131,8,20,97,87,123,48,71,55,129,111,41" hai2="69,59,65,49,66,74,130,117,101,83,2,31,122" hai3="61,64,70,0,50,79,53,1,88,34,114,26,127"/><W120/><G120/><T3/><D72/><U90/><E123/><V57/><F117/><W84/><G114/><T60/><D3/><U4/><E41/><V22/><F130/><N who="1" m="49673" /><E111/><V126/><F126/><W105/><G105/><T89/><D113/><U35/><E35/><V32/><F32/><W91/><G127/><T73/><D73/><U17/><E97/><V30/><F74/><W100/><G100/><T56/><D29/><U96/><E71/><V102/><F49/><W19/><G79/><T28/><D28/><U104/><E8/><V12/><F22/><W44/><G91/><T27/><D39/><U47/><E96/><V124/><F12/><W115/><G115/><T38/><D38/><U51/><E51/><V21/><F21/><W135/><G135/><T54/><D46/><U134/><E104/><V16/><F69/><W118/><G118/><T119/><D119/><U108/><E108/><V45/><F45/><W25/><G34/><T98/><D15/><N who="1" m="9279" /><E134/><V5/><F2/><W10/><G1/><T24/><D24/><U82/><AGARI ba="2,2" hai="4,6,47,48,55,82,87,90" m="9279,49673" machi="82" ten="30,1100,0" yaku="19,1" doraHai="58" who="1" fromWho="1" sc="203,-5,279,37,267,-5,231,-7" /><INIT seed="4,0,0,4,4,4" ten="198,316,262,224" oya="0" hai0="33,63,45,42,27,106,46,7,49,39,134,32,95" hai1="55,34,37,91,94,31,60,66,56,114,62,113,18" hai2="100,72,57,54,53,116,35,76,132,30,110,111,81" hai3="64,41,87,48,21,86,67,135,5,88,20,40,89"/><T90/><D106/><U82/><E37/><V74/><F132/><W3/><G3/><T11/><D134/><U85/><E31/><V125/><F125/><W24/><G135/><T28/><D63/><U127/><E34/><V101/><F116/><W126/><G5/><T0/><D33/><U121/><E121/><V107/><F35/><W19/><G126/><T9/><D7/><U22/><E127/><V15/><F30/><W51/><G19/><T102/><D102/><U61/><E82/><V117/><F117/><W58/><G58/><T108/><D0/><U14/><REACH who="1" step="1"/><E66/><REACH who="1" ten="198,306,262,224" step="2"/><V16/><F81/><W92/><G92/><T13/><D108/><U77/><E77/><V129/><F76/><W10/><REACH who="3" step="1"/><G24/><REACH who="3" ten="198,306,262,214" step="2"/><T131/><D131/><U6/><E6/><V43/><F129/><W44/><G44/><T93/><D93/><U2/><E2/><V133/><F133/><W80/><G80/><T124/><D13/><U25/><E25/><V104/><F15/><W8/><AGARI ba="0,2" hai="8,10,20,21,40,41,48,51,64,67,86,87,88,89" machi="8" ten="25,16000,3" yaku="1,1,0,1,22,2,8,1,52,2,54,1,53,0" doraHai="4" doraHaiUra="70" who="3" fromWho="3" sc="198,-80,306,-40,262,-40,214,180" /><INIT seed="5,0,0,0,3,37" ten="118,266,222,394" oya="1" hai0="88,91,112,50,110,28,89,87,102,8,32,27,31" hai1="134,123,36,125,30,55,60,33,107,19,61,98,25" hai2="68,121,106,126,130,9,58,13,109,64,100,92,49" hai3="119,124,40,7,67,97,26,69,21,77,39,15,120"/><U129/><E123/><V35/><F106/><W11/><G120/><T105/><D110/><U5/><E129/><V53/><F35/><W56/><G69/><T63/><D112/><U108/><E125/><V29/><F130/><W94/><G124/><T82/><D31/><U45/><E5/><V3/><F3/><W86/><G119/><T133/><D133/><U59/><E134/><V116/><F116/><W132/><G132/><T42/><D8/><U14/><E108/><V10/><F10/><W47/><G77/><T103/><D63/><U1/><E1/><V46/><F68/><W51/><G86/><T65/><D65/><U17/><E61/><V44/><F64/><W34/><G34/><T57/><D105/><U118/><E118/><V18/><F109/><W70/><G70/><T104/><D104/><U96/><E107/><V6/><F29/><W90/><G67/><T127/><D127/><U38/><E19/><V111/><F111/><W54/><G39/><T101/><REACH who="0" step="1"/><D57/><REACH who="0" ten="108,266,222,394" step="2"/><U41/><REACH who="1" step="1"/><E38/><REACH who="1" ten="108,256,222,394" step="2"/><V80/><F126/><W79/><G56/><T20/><D20/><AGARI ba="0,2" hai="14,17,20,25,30,33,36,41,45,55,59,60,96,98" machi="20" ten="30,11600,0" yaku="1,1,2,1,7,1,52,1,53,0" doraHai="37" doraHaiUra="73" who="1" fromWho="0" sc="108,-116,256,136,222,0,394,0" owari="-8,-51.0,392,19.0,222,-18.0,394,50.0" /></mjloggm>