<mjloggm ver="2.3"><GO type="41" lobby="0"/><UN n0="%E6%AF%94%E8%89%AF%E5%9D%82" n1="%E6%B2%BB%E9%83%A8%E5%B0%91%E8%BC%94" n2="%E2%93%9D%53%75%70%68%78" n3="%73%65%61%73%74%6F%72%79" dan="15,15,18,15" rate="1898.94,2008.54,2076.74,2021.17" sx="M,M,M,M"/><TAIKYOKU oya="0"/><INIT seed="0,0,0,0,2,132" ten="250,250,250,250" oya="0" hai0="58,115,78,52,82,119,31,133,18,134,93,5,80" hai1="71,56,79,85,135,36,23,131,90,19,49,30,7" hai2="101,63,6,10,65,111,61,112,84,37,28,74,13" hai3="69,59,91,106,121,2,103,21,24,32,55,104,50"/><T100/><D115/><U126/><E36/><V123/><F123/><W1/><G121/><T97/><D119/><U96/><E135/><N who="0" m="51721" /><D78/><U25/><E71/><V118/><F111/><W67/><G104/><T89/><D5/><U92/><E7/><V81/><F74/><W86/><G32/><T34/><D18/><U60/><E131/><V8/><F37/><W125/><G103/><T33/><D100/><U94/><E49/><V41/><F10/><W113/><G106/><T40/><D40/><U122/><E122/><V46/><F101/><W48/><G113/><T98/><D98/><U38/><E38/><V109/><F109/><W87/><G87/><T29/><D29/><U35/><E35/><N who="0" m="13321" /><D31/><U105/><E105/><V107/><F28/><W53/><G24/><T116/><D116/><U15/><E79/><V83/><F118/><W47/><G21/><T75/><D75/><U66/><E15/><V17/><F112/><W68/><G1/><T14/><D14/><U12/><E12/><V76/><F107/><W99/><G2/><T117/><D117/><U130/><E130/><V128/><F128/><W51/><G99/><T95/><D93/><U20/><E20/><V3/><F83/><W11/><G11/><T124/><D124/><U108/><E126/><V102/><F102/><W72/><G125/><T45/><D45/><U42/><E108/><V39/><F3/><W44/><G72/><T0/><D0/><U70/><E42/><V57/><F6/><W64/><G86/><T9/><D9/><U77/><E77/><V27/><F27/><W127/><G127/><RYUUKYOKU ba="0,0" sc="250,15,250,-15,250,15,250,-15" hai0="52,58,80,82,89,95,97" hai2="8,13,17,39,41,46,57,61,63,65,76,81,84" /><INIT seed="0,1,0,2,5,35" ten="265,235,265,235" oya="0" hai0="93,97,92,122,32,2,101,62,16,26,11,5,106" hai1="65,88,112,61,17,135,20,70,31,1,64,126,130" hai2="133,73,55,4,45,13,129,132,27,124,60,42,59" hai3="79,80,14,0,44,77,103,53,24,48,68,99,113"/><T75/><D122/><U74/><E74/><V56/><F73/><W23/><G113/><T9/><D75/><U54/><E130/><V72/><F72/><W116/><G116/><T100/><D100/><U86/><E135/><N who="2" m="51787" /><F27/><W90/><G68/><T67/><D11/><U41/><E41/><V91/><F91/><W36/><G14/><T81/><D81/><U21/><E126/><V96/><F96/><W12/><G12/><T50/><D50/><U19/><E65/><V125/><F4/><W76/><G36/><T128/><D128/><U110/><E112/><V52/><F13/><W57/><G90/><T127/><D127/><N who="2" m="48714" /><F129/><W95/><G80/><T29/><REACH who="0" step="1"/><D16/><REACH who="0" ten="255,235,265,235" step="2"/><U37/><E19/><V131/><F131/><W15/><G103/><T84/><D84/><U10/><E17/><V134/><F134/><W87/><G87/><T94/><D94/><U69/><E86/><V121/><F121/><W49/><G95/><T98/><D98/><U107/><E10/><V33/><F33/><W108/><G99/><T120/><D120/><U6/><E21/><V40/><F45/><W34/><G23/><T8/><D8/><U51/><E20/><V109/><F109/><W85/><G108/><T104/><D104/><U25/><E107/><V3/><F3/><W118/><G0/><T39/><D39/><U89/><E1/><V83/><F83/><W102/><G15/><T119/><D119/><U46/><E37/><V111/><F111/><W22/><G118/><T66/><D66/><U58/><E110/><V7/><F7/><W82/><G34/><T78/><D78/><RYUUKYOKU ba="1,1" sc="255,15,235,-15,265,15,235,-15" hai0="2,5,9,26,29,32,62,67,92,93,97,101,106" hai2="40,42,52,55,56,59,60" /><INIT seed="0,2,1,5,4,134" ten="270,220,280,220" oya="0" hai0="135,95,77,69,94,34,46,97,47,17,108,74,58" hai1="124,62,83,26,98,122,8,75,0,128,99,60,72" hai2="54,104,96,32,50,37,33,66,78,5,80,126,31" hai3="89,13,91,63,106,88,11,86,3,121,64,10,92"/><T52/><D69/><U23/><E122/><V28/><F37/><W133/><G106/><T103/><D34/><U59/><E128/><V119/><F66/><W116/><G133/><T43/><D135/><U55/><E0/><V45/><F5/><W129/><G116/><T125/><D95/><U22/><E8/><V107/><F126/><W131/><G3/><T48/><D125/><U110/><E110/><V90/><F119/><W39/><G39/><T56/><D108/><U4/><E4/><V87/><F107/><W127/><G127/><T21/><D74/><U70/><E124/><V85/><F33/><W111/><G111/><T49/><REACH who="0" step="1"/><D77/><REACH who="0" ten="260,220,280,220" step="2"/><U101/><E70/><V1/><F32/><W16/><G121/><T61/><D61/><U115/><E62/><V57/><F104/><W68/><G131/><T82/><D82/><U93/><E75/><V35/><F35/><W73/><G73/><T102/><D102/><U14/><E83/><V79/><F79/><W24/><G129/><T76/><D76/><U117/><E72/><V41/><F78/><W9/><G92/><T51/><D51/><U29/><E117/><V53/><F80/><W19/><G86/><T113/><D113/><U36/><E115/><V65/><F87/><W67/><G67/><T105/><D105/><U30/><E36/><V130/><F65/><W71/><G71/><T123/><D123/><U12/><E99/><V7/><F96/><W84/><G84/><T18/><D18/><U81/><E81/><N who="2" m="49455" /><F130/><W118/><G118/><T20/><D20/><U6/><E6/><V15/><F7/><RYUUKYOKU ba="2,2" sc="260,10,220,10,280,-30,220,10" hai0="17,21,43,46,47,48,49,52,56,58,94,97,103" hai1="12,14,22,23,26,29,30,55,59,60,93,98,101" hai3="9,10,11,13,16,19,24,63,64,68,88,89,91" /><INIT seed="0,3,2,0,5,31" ten="270,230,250,230" oya="0" hai0="22,67,20,45,121,58,15,51,44,37,0,38,80" hai1="124,21,72,83,29,28,109,8,92,84,65,36,55" hai2="75,61,70,89,56,98,32,74,102,134,13,9,73" hai3="10,111,47,79,86,82,33,24,130,77,125,4,23"/><T131/><D121/><U93/><E72/><V53/><F134/><W104/><G104/><T52/><D0/><U87/><E36/><V30/><F89/><W99/><G130/><T96/><D131/><U116/><E116/><V3/><F3/><W94/><G125/><T135/><D135/><U91/><E109/><V112/><F112/><W14/><G111/><T133/><D133/><U68/><E124/><V54/><F70/><W42/><G33/><T71/><D71/><U19/><E65/><V110/><F110/><W123/><G123/><T63/><D80/><N who="1" m="49543" /><E8/><V90/><F90/><W57/><G57/><N who="0" m="37359" /><D38/><U26/><E68/><V127/><F127/><W88/><G77/><T108/><D37/><U85/><E85/><V78/><F78/><W27/><G23/><N who="0" m="8747" /><D108/><U16/><E55/><V66/><F54/><W12/><G12/><T115/><D115/><U1/><E1/><V49/><F66/><W25/><G25/><T35/><D35/><U113/><E113/><V41/><F75/><W62/><G62/><T34/><D34/><U76/><E29/><V2/><F2/><W120/><G120/><T114/><D114/><U95/><AGARI ba="3,2" hai="16,19,21,26,28,76,83,87,92,93,95" m="49543" machi="95" ten="30,2000,0" yaku="8,1,54,1" doraHai="31" who="1" fromWho="1" sc="270,-13,230,49,250,-8,230,-8" /><INIT seed="1,0,0,0,5,26" ten="257,279,242,222" oya="1" hai0="25,36,72,102,133,11,16,10,66,84,88,134,44" hai1="53,116,105,49,34,78,74,109,3,27,108,86,55" hai2="48,9,65,68,120,95,127,17,79,126,83,100,81" hai3="93,28,99,111,23,32,24,20,45,33,122,107,70"/><U114/><E116/><V92/><F48/><W18/><G122/><T117/><D72/><U15/><E3/><V60/><F120/><W131/><G70/><T104/><D117/><U59/><E74/><V57/><F68/><W51/><G107/><T87/><D87/><U132/><E105/><V64/><F17/><W62/><G62/><T1/><D66/><U38/><E38/><V47/><F47/><W101/><G131/><T98/><D1/><U121/><E121/><V124/><F9/><W22/><G111/><N who="1" m="42570" /><E114/><V35/><F35/><W112/><G112/><T71/><D71/><U123/><E123/><V58/><F100/><W21/><G33/><T110/><D110/><U19/><E55/><V0/><F0/><W128/><G128/><T118/><D118/><U50/><E50/><V4/><F4/><W75/><G75/><T31/><D36/><U69/><E69/><V94/><F79/><W29/><REACH who="3" step="1"/><G32/><REACH who="3" ten="257,279,242,212" step="2"/><T82/><D104/><U106/><E106/><V73/><F73/><W103/><G103/><T42/><D102/><U125/><E34/><V135/><F135/><W14/><G14/><T43/><D134/><U61/><E132/><V13/><F13/><W115/><G115/><T12/><D133/><U8/><E61/><AGARI ba="0,1" hai="57,58,60,61,64,65,81,83,92,94,95,124,126,127" machi="61" ten="50,3200,0" yaku="9,1,18,1" doraHai="26" who="2" fromWho="1" sc="257,0,279,-32,242,42,212,0" /><INIT seed="2,0,0,3,5,78" ten="257,247,284,212" oya="2" hai0="69,50,66,108,4,100,91,2,94,31,23,110,9" hai1="0,84,46,123,62,53,14,63,97,130,122,107,129" hai2="58,71,101,28,43,32,114,27,38,73,77,125,12" hai3="117,115,54,112,25,68,104,90,116,85,48,34,5"/><V35/><F114/><N who="3" m="43563" /><G68/><T113/><D113/><U74/><E0/><V24/><F125/><W119/><G104/><T124/><D124/><U70/><E74/><V65/><F58/><W64/><G64/><T133/><D133/><U57/><E84/><V33/><F12/><W49/><G5/><T26/><D100/><U89/><E14/><V96/><F27/><W52/><G25/><T75/><D75/><U83/><E107/><N who="2" m="63911" /><F43/><W11/><G11/><T13/><D2/><U67/><E97/><V40/><F40/><W8/><G8/><T22/><D50/><N who="3" m="19561" /><G34/><T21/><D66/><U30/><E30/><V126/><F38/><W15/><G15/><T45/><D45/><U105/><E105/><V80/><F126/><W81/><AGARI ba="0,0" hai="52,54,81,85,90,116,117,119" m="19561,43563" machi="81" ten="40,5200,0" yaku="11,1,52,1,54,1" doraHai="78" who="3" fromWho="3" sc="257,-13,247,-13,284,-26,212,52" /><INIT seed="3,0,0,4,3,94" ten="244,234,258,264" oya="3" hai0="35,32,78,5,109,3,9,15,133,111,7,90,38" hai1="93,30,24,85,99,84,91,55,88,41,61,104,31" hai2="13,22,19,53,28,57,123,29,70,134,47,105,0" hai3="1,18,118,33,129,113,10,102,79,75,45,49,59"/><W65/><G118/><T80/><D38/><U97/><E104/><V48/><F70/><W69/><G33/><T62/><D62/><U8/><E41/><V60/><F134/><W101/><G113/><T124/><D133/><U68/><E8/><V103/><F0/><W52/><G129/><T112/><D112/><U4/><E4/><V110/><F110/><N who="0" m="41994" /><D124/><U115/><E115/><V108/><F123/><W25/><G1/><T37/><D37/><U6/><E6/><V89/><F108/><W71/><G71/><T86/><D78/><U26/><E68/><V54/><REACH who="2" step="1"/><F89/><REACH who="2" ten="244,234,248,264" step="2"/><W92/><G69/><T34/><D3/><U132/><E132/><V76/><F76/><W135/><G79/><T67/><D90/><U43/><E93/><V17/><F17/><W107/><G18/><T120/><D120/><U98/><E43/><V12/><F12/><W82/><G92/><T64/><D5/><U2/><E2/><V72/><F72/><W36/><G75/><T81/><D81/><N who="1" m="49167" /><E91/><V58/><F58/><W50/><G82/><T42/><D42/><U74/><E74/><V27/><F27/><N who="1" m="10281" /><E85/><V131/><F131/><W23/><G135/><T128/><D128/><U20/><E20/><V46/><F46/><W117/><G45/><T73/><D73/><U63/><E63/><V16/><F16/><W44/><G44/><T121/><D121/><U21/><E21/><V114/><F114/><W11/><G23/><T40/><D40/><U119/><E119/><V122/><F122/><W77/><G77/><T116/><D116/><U14/><E14/><V125/><F125/><RYUUKYOKU ba="0,1" sc="244,10,234,10,248,10,264,-30" hai0="7,9,15,32,34,35,64,67,80,86" hai1="30,31,55,61,97,98,99" hai2="13,19,22,28,29,47,48,53,54,57,60,103,105" /><INIT seed="4,1,1,0,2,131" ten="254,244,258,234" oya="0" hai0="27,12,73,74,93,55,70,127,110,86,90,61,42" hai1="72,135,22,108,36,132,52,105,57,58,2,76,123" hai2="18,64,59,104,134,113,133,129,43,81,26,46,109" hai3="3,77,47,78,11,84,24,120,23,66,41,115,95"/><T87/><D127/><U68/><E123/><V50/><F104/><W83/><G120/><T33/><D42/><U63/><E108/><V39/><F109/><W126/><G126/><T112/><D110/><U118/><E118/><V75/><F129/><W16/><G115/><T1/><D112/><U128/><E105/><V20/><F113/><W111/><G111/><T121/><D1/><U116/><E116/><V15/><F26/><W40/><G66/><T28/><D121/><U30/><E36/><V60/><REACH who="2" step="1"/><F39/><REACH who="2" ten="254,244,248,234" step="2"/><W48/><G3/><T85/><D12/><U106/><E106/><V124/><F124/><W122/><G122/><T119/><D119/><U79/><E2/><V5/><F5/><W21/><G24/><T130/><D130/><U53/><E128/><V0/><F0/><W102/><G41/><T10/><D10/><U98/><E68/><V34/><F34/><W97/><G78/><AGARI ba="1,2" hai="15,18,20,43,46,50,59,60,64,75,78,81,133,134" machi="78" ten="40,5200,0" yaku="1,1,52,2,53,0" doraHai="131" doraHaiUra="125" who="2" fromWho="3" sc="254,0,244,0,248,75,234,-55" /><INIT seed="5,0,0,5,3,29" ten="254,244,323,179" oya="1" hai0="68,30,81,38,64,118,104,116,55,130,75,98,44" hai1="101,135,95,100,115,46,4,0,8,125,15,120,91" hai2="89,86,111,51,22,131,1,6,27,129,93,103,106" hai3="3,124,77,67,36,52,47,105,112,54,2,23,19"/><U18/><E120/><V107/><F111/><W21/><G105/><T80/><D55/><U69/><E135/><V94/><F51/><W25/><G124/><T132/><D80/><U42/><E69/><V102/><F6/><W72/><G67/><T65/><D65/><U20/><E125/><V24/><F22/><W39/><G112/><T28/><D28/><U57/><E115/><V49/><F49/><W97/><G97/><T58/><D58/><U87/><REACH who="1" step="1"/><E57/><REACH who="1" ten="254,234,323,179" step="2"/><V53/><F131/><W90/><G47/><T128/><D132/><U110/><E110/><V108/><F108/><W60/><G36/><AGARI ba="0,1" hai="0,4,8,15,18,20,36,42,46,87,91,95,100,101" machi="36" ten="30,5800,0" yaku="1,1,7,1,53,1" doraHai="29" doraHaiUra="9" who="1" fromWho="3" sc="254,0,234,68,323,0,179,-58" /><INIT seed="5,1,0,4,1,76" ten="254,302,323,121" oya="1" hai0="41,91,134,100,10,33,6,2,94,121,64,7,131" hai1="135,87,112,119,109,102,12,59,108,67,66,22,74" hai2="16,13,122,19,72,85,9,98,92,105,127,53,58" hai3="15,42,37,89,84,103,106,86,68,129,8,80,126"/><U61/><E119/><V29/><F72/><W27/><G68/><T18/><D33/><U115/><E74/><V79/><F127/><W90/><G126/><T117/><D117/><U83/><E102/><V30/><F105/><W101/><G129/><T116/><D116/><U32/><E32/><V133/><F133/><W5/><G106/><T26/><D131/><U77/><E135/><V128/><F122/><W97/><G97/><T3/><D134/><U48/><E67/><V120/><F19/><W38/><G27/><T45/><D64/><U96/><E96/><V73/><F73/><W1/><G1/><T50/><D121/><U25/><E12/><V49/><F128/><W95/><G42/><T51/><D100/><U118/><E48/><V44/><F120/><W75/><G75/><T46/><D26/><U71/><E71/><V35/><F35/><W31/><REACH who="3" step="1"/><G31/><REACH who="3" ten="254,302,323,111" step="2"/><T47/><D41/><U62/><E118/><V11/><F30/><W52/><G52/><T21/><D3/><U69/><E69/><V17/><F29/><W36/><AGARI ba="1,1" hai="5,8,15,36,37,38,80,84,86,89,90,95,101,103" machi="36" ten="30,4000,0" yaku="1,1,0,1,52,1,53,0" doraHai="76" doraHaiUra="107" who="3" fromWho="3" sc="254,-11,302,-21,323,-11,111,53" /><INIT seed="6,0,0,5,2,76" ten="243,281,312,164" oya="2" hai0="16,82,98,2,101,131,41,1,97,48,119,49,33" hai1="79,107,18,132,127,4,69,85,99,19,55,77,87" hai2="47,116,105,0,114,113,96,133,34,74,135,50,122" hai3="124,20,75,80,31,3,121,14,92,11,73,43,46"/><V25/><F0/><W30/><G121/><T106/><D33/><U109/><E69/><V103/><F74/><W51/><G3/><T86/><D98/><U29/><E55/><N who="2" m="30175" /><F116/><W13/><G124/><T45/><D131/><U39/><E127/><V54/><F54/><W71/><G71/><T118/><D49/><U10/><E29/><N who="2" m="19759" /><F122/><W60/><G60/><T112/><D112/><AGARI ba="0,0" hai="96,103,105,112,113,114,133,135" m="19759,30175" machi="112" ten="30,1500,0" yaku="15,1" doraHai="76" who="2" fromWho="0" sc="243,-15,281,0,312,15,164,0" /><INIT seed="6,1,0,4,0,9" ten="228,281,327,164" oya="2" hai0="28,11,113,61,41,50,48,117,65,64,23,69,13" hai1="102,107,55,22,17,135,6,73,94,25,20,1,42" hai2="91,112,53,8,45,30,125,83,33,87,114,7,32" hai3="67,84,47,12,38,44,37,121,26,81,57,60,78"/><V105/><F105/><W128/><G121/><T46/><D113/><N who="2" m="43626" /><F30/><W99/><G128/><T76/><D117/><U36/><E107/><V133/><F125/><W16/><G26/><T75/><D65/><U101/><E73/><V86/><F133/><W108/><G108/><T63/><D63/><U52/><E135/><V129/><F87/><W66/><G66/><T4/><D76/><U98/><E1/><N who="2" m="111" /><F129/><W88/><G38/><T29/><D75/><U72/><E72/><V35/><F53/><N who="1" m="20553" /><E36/><V82/><F45/><W116/><G37/><T124/><D124/><U18/><E6/><V111/><F83/><W126/><G126/><T56/><D69/><U58/><E58/><V131/><F131/><W120/><G120/><T95/><D50/><U115/><E115/><V127/><F127/><W106/><G116/><T40/><D40/><U59/><E59/><V70/><F111/><W103/><G78/><T31/><REACH who="0" step="1"/><D95/><REACH who="0" ten="218,281,327,164" step="2"/><U100/><E42/><V68/><AGARI ba="1,1" hai="32,33,35,68,70,82,86,91" m="111,43626" machi="68" ten="40,2100,0" yaku="15,1" doraHai="9" who="2" fromWho="2" sc="218,-8,281,-8,327,34,164,-8" /><INIT seed="6,2,0,5,0,88" ten="210,273,361,156" oya="2" hai0="35,32,45,81,87,7,115,101,84,100,27,121,111" hai1="18,128,104,78,57,118,126,62,50,19,90,92,134" hai2="95,48,13,37,1,135,105,96,77,73,58,53,25" hai3="20,132,83,49,89,110,36,21,43,74,70,65,85"/><V28/><F1/><W72/><G110/><T46/><D111/><U56/><E118/><V94/><F37/><W6/><G132/><T80/><D7/><U2/><E2/><V52/><F135/><W68/><G36/><T61/><D61/><U127/><E104/><V26/><F73/><W114/><G6/><T66/><D66/><U4/><E4/><V22/><F77/><W55/><G43/><T40/><D27/><U129/><E78/><V64/><F105/><W103/><G103/><T11/><D11/><U33/><E33/><V125/><F125/><N who="1" m="47625" /><E50/><V107/><F64/><W102/><G102/><T116/><D40/><U30/><E30/><V79/><F79/><W5/><G5/><T123/><REACH who="0" step="1"/><D115/><REACH who="0" ten="200,273,361,156" step="2"/><U10/><E10/><V15/><F26/><W130/><G114/><T133/><D133/><U76/><E134/><V63/><F63/><W0/><G65/><T39/><D39/><U75/><E62/><V91/><F53/><W12/><G0/><T119/><AGARI ba="2,1" hai="32,35,45,46,80,81,84,87,100,101,116,119,121,123" machi="119" ten="25,12000,2" yaku="1,1,0,1,22,2,53,2" doraHai="88" doraHaiUra="41" who="0" fromWho="0" sc="200,136,273,-32,361,-62,156,-32" /><INIT seed="7,0,0,0,1,62" ten="336,241,299,124" oya="3" hai0="11,49,47,5,15,98,13,2,67,50,132,45,75" hai1="127,133,120,90,130,38,97,113,96,40,115,26,78" hai2="135,17,129,58,85,86,88,29,108,128,48,131,66" hai3="31,81,32,74,76,63,100,10,6,104,125,121,42"/><W25/><G121/><T12/><D75/><U83/><E38/><V95/><F108/><W4/><G125/><T27/><D132/><U110/><E26/><V111/><F111/><W106/><G4/><T118/><D118/><U24/><E24/><V30/><F135/><W19/><G19/><T116/><D116/><U124/><E133/><V92/><F17/><W35/><G35/><T112/><D112/><N who="1" m="43083" /><E110/><V77/><F77/><W89/><G89/><T56/><D98/><N who="1" m="37995" /><E40/><V1/><F1/><W20/><G100/><T18/><D27/><U8/><E8/><V126/><F126/><N who="1" m="48169" /><E90/><N who="2" m="53327" /><F48/><W37/><G20/><T68/><D49/><U28/><E28/><V107/><F107/><W34/><G63/><AGARI ba="0,0" hai="29,30,58,63,66,86,88,95,128,129,131" m="53327" machi="63" ten="30,3900,0" yaku="19,1,52,1,54,1" doraHai="62" who="2" fromWho="3" sc="336,0,241,0,299,39,124,-39" owari="336,14.0,241,-16.0,338,43.0,85,-41.0" /></mjloggm>