<mjloggm ver="2.3"><GO type="41" lobby="0"/><UN n0="%E3%83%97%E3%83%A9%E3%83%88%E3%83%B3" n1="%E6%B8%A9%E5%86%B7%E4%B8%A1%E7%94%A8" n2="%E2%93%9D%53%75%70%68%78" n3="%68%65%6E%72%79%32%6E%64" dan="15,13,18,14" rate="1998.16,1868.46,2088.84,1951.58" sx="M,M,M,M"/><TAIKYOKU oya="0"/><INIT seed="0,0,0,1,2,0" ten="250,250,250,250" oya="0" hai0="82,41,13,81,12,79,36,115,60,33,5,106,72" hai1="34,58,19,71,74,132,59,118,80,42,51,73,121" hai2="26,88,104,66,9,90,31,64,45,25,32,99,131" hai3="107,63,20,123,16,27,78,44,125,54,119,130,61"/><T15/><D115/><U91/><E121/><V95/><F131/><W129/><G119/><T84/><D106/><U56/><E118/><V93/><F104/><W70/><G123/><T127/><D33/><U28/><E71/><V116/><F116/><W47/><G107/><T128/><D128/><N who="3" m="49257" /><G125/><T46/><D127/><U135/><E28/><V102/><F102/><W94/><G78/><T48/><D60/><N who="3" m="23113" /><G70/><T87/><D48/><U6/><E34/><V68/><F68/><W101/><G54/><T7/><REACH who="0" step="1"/><D72/><REACH who="0" ten="240,250,250,250" step="2"/><U92/><E74/><V55/><F32/><W49/><G49/><T50/><D50/><U134/><E51/><V120/><F120/><W29/><G29/><T69/><D69/><U1/><E42/><V110/><F31/><W133/><G133/><T83/><D83/><U96/><E80/><V65/><F45/><W24/><G47/><T53/><D53/><U39/><E39/><V10/><F55/><W114/><G44/><T111/><D111/><U3/><E73/><V98/><F66/><W40/><G114/><T109/><D109/><AGARI ba="0,1" hai="9,10,25,26,64,65,88,90,93,95,98,99,109,110" machi="109" ten="25,3200,0" yaku="22,2,54,1" doraHai="0" who="2" fromWho="0" sc="240,-32,250,0,250,42,250,0" /><INIT seed="1,0,0,5,0,135" ten="208,250,292,250" oya="1" hai0="33,38,85,13,124,50,71,98,80,90,102,74,94" hai1="118,91,133,22,0,63,127,1,114,47,132,113,2" hai2="25,52,20,27,44,96,110,18,61,7,53,65,84" hai3="111,122,31,21,57,59,112,48,129,93,34,125,123"/><U6/><E47/><V40/><F110/><W73/><G112/><N who="1" m="43114" /><E63/><V16/><F7/><W87/><G111/><T66/><D38/><U116/><E91/><V23/><F96/><W83/><G34/><T69/><D33/><U99/><E99/><V43/><F84/><W36/><G36/><T5/><D74/><U24/><E6/><V92/><F92/><W29/><G73/><T8/><D50/><U32/><E32/><V68/><F43/><W130/><G93/><T26/><D66/><U103/><E103/><V51/><AGARI ba="0,0" hai="16,18,20,23,25,27,40,44,51,52,53,61,65,68" machi="51" ten="20,8000,1" yaku="0,1,7,1,9,1,54,2" doraHai="135" who="2" fromWho="2" sc="208,-20,250,-40,292,80,250,-20" /><INIT seed="2,0,0,2,1,104" ten="188,210,372,230" oya="2" hai0="18,25,10,29,49,35,90,36,42,46,39,122,30" hai1="0,54,55,95,62,33,81,70,98,28,16,19,15" hai2="74,63,130,87,40,5,93,118,88,64,32,47,106" hai3="117,135,128,59,14,23,44,126,89,77,6,73,45"/><V57/><F118/><W94/><G117/><T34/><D122/><U108/><E108/><V17/><F106/><W26/><G135/><T127/><D127/><U20/><E0/><V53/><F32/><W97/><G128/><T121/><D121/><U83/><E33/><V8/><F130/><W129/><G129/><T124/><D124/><U52/><E28/><V43/><F74/><W119/><G119/><T125/><D125/><U69/><E19/><V51/><REACH who="2" step="1"/><F17/><REACH who="2" ten="188,210,362,230" step="2"/><N who="3" m="10679" /><G126/><T86/><D18/><U131/><E131/><V61/><F61/><W96/><G73/><T116/><D116/><U78/><E62/><V133/><F133/><W71/><G6/><T79/><D35/><U4/><E4/><V109/><F109/><W66/><G77/><T82/><D79/><U60/><E60/><V112/><F112/><W102/><G71/><T100/><D34/><U120/><E120/><V67/><F67/><W101/><G66/><T11/><D30/><U85/><REACH who="1" step="1"/><E83/><REACH who="1" ten="188,200,362,230" step="2"/><V37/><F37/><W68/><G68/><T21/><D36/><U75/><E75/><V84/><F84/><W38/><G38/><T56/><D39/><U123/><E123/><V41/><F41/><W2/><G97/><T92/><D82/><U13/><E13/><AGARI ba="0,2" hai="5,8,13,40,43,47,51,53,57,63,64,87,88,93" machi="13" ten="30,12000,1" yaku="1,1,7,1,8,1,54,1,53,1" doraHai="104" doraHaiUra="91" who="2" fromWho="1" sc="188,0,200,-120,362,140,230,0" /><INIT seed="2,1,0,4,4,70" ten="188,80,502,230" oya="2" hai0="15,42,29,80,100,110,54,34,36,122,60,12,102" hai1="97,75,52,128,30,131,17,23,65,111,118,24,77" hai2="135,123,11,76,18,93,89,47,121,26,20,72,27" hai3="40,69,53,116,50,92,32,90,48,14,57,21,99"/><V134/><F47/><W3/><G69/><T0/><D122/><U28/><E65/><V41/><F41/><W73/><G32/><T113/><D0/><U106/><E118/><V63/><F76/><W43/><G3/><T114/><D110/><U108/><E77/><V132/><F63/><W25/><G73/><T49/><D34/><U120/><E75/><V81/><F81/><W125/><G125/><T33/><D33/><U82/><E82/><V38/><F38/><W66/><G116/><T8/><D29/><N who="1" m="11371" /><E97/><V112/><F112/><W88/><G14/><T2/><D80/><U9/><E52/><V51/><F51/><W103/><G66/><T130/><D2/><U37/><E37/><V74/><F74/><W91/><REACH who="3" step="1"/><G48/><REACH who="3" ten="188,80,502,220" step="2"/><T71/><D15/><N who="1" m="7407" /><E120/><V58/><F123/><W85/><G85/><T119/><D49/><U7/><E106/><V96/><F121/><W16/><AGARI ba="1,1" hai="16,21,25,40,43,50,53,57,88,90,91,92,99,103" machi="16" ten="30,12000,2" yaku="1,1,0,1,8,1,54,2,53,1" doraHai="70" doraHaiUra="98" who="3" fromWho="3" sc="188,-31,80,-31,502,-61,220,133" /><INIT seed="3,0,0,0,4,78" ten="157,49,441,353" oya="3" hai0="92,125,15,31,53,1,134,28,122,132,104,56,18" hai1="64,93,58,74,65,100,110,117,87,19,16,42,41" hai2="14,51,81,91,8,118,68,84,7,129,83,72,23" hai3="123,89,133,67,130,124,10,73,38,121,20,75,40"/><W76/><G67/><T80/><D104/><U57/><E74/><V70/><F118/><W2/><G20/><T96/><D1/><U11/><E117/><V69/><F129/><W97/><G130/><T27/><D122/><U3/><E3/><V39/><F39/><W94/><G133/><N who="0" m="51307" /><D27/><U0/><E0/><V44/><F23/><W98/><G98/><T120/><D125/><U6/><E110/><V108/><F108/><W105/><G124/><T126/><D80/><U102/><E87/><V115/><F115/><W9/><G9/><N who="0" m="6511" /><D120/><U66/><E93/><V95/><REACH who="2" step="1"/><F72/><REACH who="2" ten="157,49,431,353" step="2"/><W12/><G75/><T128/><D128/><U106/><E106/><V107/><F107/><W116/><G105/><T37/><D37/><U114/><E114/><V47/><F47/><W50/><G116/><T111/><D111/><U34/><E34/><V61/><F61/><W35/><G38/><T33/><D33/><U24/><E24/><V79/><F79/><W30/><G76/><T49/><D126/><U62/><E62/><V131/><F131/><W109/><G73/><T5/><D5/><U60/><E60/><V52/><AGARI ba="0,1" hai="7,8,14,44,51,52,68,69,70,81,83,84,91,95" machi="52" ten="30,8000,1" yaku="1,1,0,1,52,2,54,1,53,0" doraHai="78" doraHaiUra="101" who="2" fromWho="2" sc="157,-20,49,-20,431,90,353,-40" /><INIT seed="4,0,0,5,5,2" ten="137,29,521,313" oya="0" hai0="18,123,73,42,72,133,81,119,100,50,131,128,118" hai1="25,75,53,41,113,74,9,8,132,68,40,112,65" hai2="93,97,98,38,61,24,130,31,7,28,54,44,96" hai3="79,55,88,102,101,57,85,46,103,66,15,78,95"/><T99/><D18/><U35/><E53/><V62/><F130/><N who="0" m="49706" /><D42/><N who="1" m="16491" /><E25/><V117/><F117/><N who="0" m="44554" /><D50/><U43/><N who="1" m="16499" /><U84/><DORA hai="12" /><E84/><V121/><F121/><W115/><G115/><N who="1" m="44106" /><E35/><V94/><F38/><W34/><G34/><T91/><D133/><U105/><E105/><V17/><F17/><W104/><G104/><N who="0" m="63519" /><D123/><U32/><E32/><V20/><F31/><W135/><G135/><T11/><D11/><N who="1" m="4171" /><E132/><V64/><F28/><W69/><G69/><T60/><D60/><AGARI ba="0,0" hai="60,65,68,74,75" m="4171,44106,16499" machi="60" ten="40,2600,0" yaku="15,1,11,1" doraHai="2,12" who="1" fromWho="0" sc="137,-26,29,26,521,0,313,0" /><INIT seed="5,0,0,3,4,10" ten="111,55,521,313" oya="1" hai0="112,109,134,74,130,54,41,76,86,88,51,79,32" hai1="78,65,64,50,46,43,35,48,63,111,52,105,104" hai2="12,124,60,97,0,127,11,72,91,49,83,89,47" hai3="42,95,103,38,5,106,58,70,107,93,68,28,110"/><U4/><E35/><V55/><F0/><W66/><G28/><T132/><D109/><U92/><E111/><V121/><F121/><W84/><G110/><T82/><D112/><U94/><E78/><N who="2" m="44487" /><F97/><W18/><G5/><T126/><D126/><N who="2" m="48170" /><F60/><W21/><G93/><T61/><D32/><U26/><E26/><V122/><F122/><W27/><G38/><T71/><D41/><U9/><E105/><V119/><F119/><W135/><G135/><N who="0" m="51755" /><D130/><U101/><E104/><V33/><F33/><W22/><G42/><T13/><D13/><N who="1" m="5287" /><E101/><V31/><F31/><W69/><G22/><T75/><D79/><U125/><E125/><V113/><F113/><W29/><G18/><AGARI ba="0,0" hai="11,12,18,47,49,55,89,91" m="48170,44487" machi="18" ten="30,2000,0" yaku="18,1,52,1" doraHai="10" who="2" fromWho="3" sc="111,0,55,0,521,20,313,-20" /><INIT seed="6,0,0,2,3,48" ten="111,55,541,293" oya="2" hai0="18,108,50,113,34,87,23,67,117,121,127,75,35" hai1="58,26,24,99,109,45,119,62,105,43,25,14,77" hai2="38,124,81,40,100,102,11,16,49,36,74,15,84" hai3="69,116,120,133,83,54,85,3,115,4,79,32,97"/><V28/><F124/><W86/><G69/><T107/><D75/><U0/><E0/><V95/><F28/><W101/><G120/><T122/><D107/><U41/><E119/><V68/><F68/><W126/><G116/><T89/><D108/><U5/><E109/><V76/><F40/><W27/><G126/><T80/><D67/><U114/><E114/><V6/><F49/><W65/><G65/><T56/><D113/><U130/><E130/><V55/><F6/><W22/><G115/><T10/><D10/><U70/><E70/><V42/><F42/><W118/><G118/><T21/><D117/><U91/><E77/><V129/><F129/><W53/><G32/><T125/><D50/><U30/><E105/><V123/><F123/><W90/><G133/><T2/><D87/><U135/><E135/><V20/><F20/><W12/><G3/><T112/><D80/><U13/><E5/><V111/><F111/><W82/><G12/><T78/><D56/><U46/><E30/><V104/><F102/><W96/><G4/><T98/><D112/><U57/><E26/><V33/><F33/><W132/><G132/><T59/><D59/><U29/><E29/><V66/><F66/><W134/><G134/><T61/><D2/><U73/><E73/><V19/><F19/><N who="3" m="12767" /><G101/><T106/><D127/><U72/><E72/><V63/><F100/><W37/><G37/><T71/><D125/><U51/><E51/><V52/><F38/><W110/><G110/><T103/><D122/><U31/><E31/><V94/><F36/><W9/><G9/><T7/><D121/><RYUUKYOKU ba="0,0" sc="111,-10,55,-10,541,-10,293,30" hai3="53,54,79,82,83,85,86,90,96,97" /><INIT seed="7,1,0,2,5,19" ten="101,45,531,323" oya="3" hai0="20,64,60,65,104,126,26,114,78,10,22,38,17" hai1="12,77,34,90,128,92,83,88,37,89,75,33,85" hai2="79,56,40,32,99,115,31,23,41,93,46,63,7" hai3="76,69,97,42,132,70,5,21,61,127,103,71,133"/><W6/><G76/><T94/><D104/><U18/><E37/><V57/><F115/><W2/><G127/><T74/><D38/><U84/><E128/><V27/><F32/><W13/><G42/><T50/><D114/><U120/><E120/><V109/><F109/><W53/><G2/><T105/><D105/><U29/><E29/><V30/><F57/><W98/><G98/><T39/><D39/><U107/><E107/><V25/><F7/><W123/><G123/><T100/><D74/><U16/><E18/><V117/><F117/><W54/><G54/><T51/><D78/><U135/><E135/><N who="3" m="51786" /><G53/><T36/><D36/><U62/><E62/><V8/><F41/><W49/><G49/><T14/><D126/><U66/><E66/><V87/><F99/><W59/><G59/><T48/><D60/><U124/><E124/><V106/><F106/><N who="3" m="63855" /><G61/><T15/><D65/><U134/><E134/><V58/><F40/><W35/><G35/><T96/><D64/><U108/><E108/><V113/><F113/><W111/><G111/><T131/><D131/><U82/><REACH who="1" step="1"/><E90/><REACH who="1" ten="101,35,531,323" step="2"/><V4/><F63/><W129/><G129/><T91/><D91/><U80/><E80/><V28/><F79/><W24/><G13/><T121/><D121/><U68/><E68/><V44/><F58/><W55/><G55/><T119/><D51/><U102/><E102/><V9/><F56/><W72/><G72/><T11/><D15/><U43/><E43/><V112/><F112/><W81/><G81/><T67/><D48/><U130/><E130/><V45/><F45/><W116/><G116/><RYUUKYOKU ba="1,1" sc="101,-15,35,15,531,-15,323,15" hai1="12,16,33,34,75,77,82,83,84,85,88,89,92" hai3="5,6,21,24,69,70,71" /><INIT seed="7,2,1,4,4,49" ten="86,50,516,338" oya="3" hai0="51,87,16,80,118,30,94,121,56,9,2,61,19" hai1="18,54,96,6,123,127,124,75,129,62,52,60,99" hai2="95,100,119,97,55,107,79,70,84,106,73,53,22" hai3="39,14,81,12,111,92,130,77,120,26,28,103,114"/><W10/><G120/><T93/><D118/><U122/><E6/><V31/><F70/><W64/><G39/><T126/><D121/><U45/><E18/><V27/><F119/><W67/><G114/><T113/><D113/><U112/><E112/><V32/><F32/><W21/><G130/><T90/><D126/><U42/><E42/><V108/><F108/><W5/><G111/><T109/><D109/><U43/><E43/><V86/><F86/><N who="3" m="48431" /><G14/><N who="0" m="7247" /><D2/><U72/><REACH who="1" step="1"/><E45/><REACH who="1" ten="86,40,516,338" step="2"/><V71/><F107/><W4/><G4/><T47/><D19/><U59/><E59/><V34/><F106/><W29/><G29/><T88/><D30/><U132/><E132/><V11/><F31/><W104/><G104/><T83/><D47/><U25/><E25/><V1/><F27/><W101/><G101/><T98/><D51/><U36/><E36/><V46/><F100/><W125/><G125/><T131/><D131/><AGARI ba="2,2" hai="52,54,60,62,72,75,96,99,122,123,124,127,129,131" machi="131" ten="25,12000,2" yaku="1,1,22,2,52,2,54,1,53,0" doraHai="49" doraHaiUra="74" who="1" fromWho="0" sc="86,-126,40,146,516,0,338,0" owari="-40,-54.0,186,-21.0,516,61.0,338,14.0" /></mjloggm>