<mjloggm ver="2.3"><GO type="41" lobby="0"/><UN n0="%69%79%6F%37%37%35" n1="%E2%93%9D%53%75%70%68%78" n2="%E6%9C%80%E9%80%9F%E3%81%AE%E9%B3%B4%E3%81%8D" n3="%E5%8C%A0%40" dan="13,18,14,14" rate="1902.99,2075.39,1908.22,1887.93" sx="M,M,M,M"/><TAIKYOKU oya="0"/><INIT seed="0,0,0,2,4,90" ten="250,250,250,250" oya="0" hai0="25,94,111,115,59,135,43,44,27,112,127,0,102" hai1="37,95,50,100,70,24,41,134,31,97,68,38,39" hai2="72,61,58,67,4,64,130,1,45,66,16,28,13" hai3="120,63,30,87,18,131,57,103,52,65,123,33,48"/><T7/><D127/><U91/><E134/><V69/><F130/><W54/><G131/><T14/><D0/><U5/><E5/><V80/><F28/><W98/><G18/><T56/><D135/><U12/><E12/><V32/><F32/><W75/><G75/><T132/><D132/><U22/><REACH who="1" step="1"/><E100/><REACH who="1" ten="250,240,250,250" step="2"/><V55/><F4/><W113/><G113/><T47/><D7/><U35/><E35/><V21/><F1/><W109/><G33/><T42/><D14/><U92/><E92/><V89/><F69/><W60/><G123/><T117/><D102/><U9/><E9/><V114/><F114/><W99/><G120/><T107/><D107/><U74/><E74/><V124/><F72/><W10/><G10/><T51/><D117/><U118/><E118/><V26/><F13/><W77/><G103/><T129/><D129/><U76/><E76/><V88/><F124/><W3/><G3/><T83/><D83/><U79/><E79/><V8/><F8/><W29/><G77/><T133/><D133/><U106/><E106/><V36/><REACH who="2" step="1"/><F80/><REACH who="2" ten="250,240,240,250" step="2"/><W23/><G29/><T108/><REACH who="0" step="1"/><D51/><REACH who="0" ten="240,240,240,250" step="2"/><U119/><E119/><V105/><F105/><W122/><G48/><T125/><D125/><U62/><E62/><V116/><F116/><W96/><G60/><T6/><D6/><U126/><E126/><V46/><F46/><AGARI ba="0,3" hai="22,24,31,37,38,39,41,46,50,68,70,91,95,97" machi="46" ten="40,2600,0" yaku="1,1,52,1,53,0" doraHai="90" doraHaiUra="15" who="1" fromWho="2" sc="240,0,240,56,240,-26,250,0" /><INIT seed="1,0,0,5,2,134" ten="240,296,214,250" oya="1" hai0="122,127,16,72,67,96,102,3,100,93,71,33,8" hai1="110,27,124,52,95,106,121,131,5,32,105,2,107" hai2="55,23,37,108,87,26,85,51,10,98,38,11,59" hai3="76,28,91,12,80,22,46,113,56,49,81,24,0"/><U34/><E121/><V35/><F108/><W39/><G0/><T111/><D33/><U75/><E75/><V48/><F35/><W69/><G39/><T45/><D72/><U14/><E2/><V58/><F98/><W89/><G69/><T43/><D111/><U79/><E79/><V42/><F55/><W135/><G135/><T99/><D122/><U129/><E110/><V103/><F23/><W120/><G113/><T116/><D116/><U92/><E14/><V97/><F97/><W117/><G117/><T123/><D123/><U30/><E5/><V88/><F26/><W84/><G12/><T126/><D3/><U20/><E124/><N who="0" m="47657" /><D71/><U18/><E34/><V7/><F103/><W19/><G120/><T15/><D67/><U119/><E119/><V36/><F36/><W133/><G56/><T29/><D29/><U132/><E132/><V21/><F21/><W68/><G68/><T112/><D112/><U78/><E30/><V65/><F65/><W25/><G133/><T70/><D70/><U115/><E32/><V83/><F7/><W77/><G28/><T47/><D43/><U128/><E115/><V13/><F42/><W57/><G57/><T86/><D86/><U53/><E78/><V73/><F73/><W104/><G77/><T6/><D6/><U44/><E53/><V90/><F83/><W54/><G81/><T66/><D66/><U17/><E17/><V118/><F118/><W125/><G125/><T61/><D61/><U9/><E52/><V4/><F4/><W50/><G54/><T41/><D41/><U64/><E64/><RYUUKYOKU ba="0,0" sc="240,15,296,-15,214,15,250,-15" hai0="8,15,16,45,47,93,96,99,100,102" hai2="10,11,13,37,38,48,51,58,59,85,87,88,90" /><INIT seed="2,1,0,5,0,6" ten="255,281,229,235" oya="2" hai0="108,70,72,13,62,43,18,79,51,93,24,16,22" hai1="126,38,31,131,34,61,25,23,113,49,129,99,111" hai2="26,96,57,64,53,85,81,74,14,89,132,123,71" hai3="33,107,101,87,69,21,12,117,91,106,112,104,47"/><V90/><F132/><W75/><G69/><T17/><D108/><U116/><E38/><V2/><F123/><W4/><G33/><T97/><D72/><U120/><E113/><V1/><F74/><W35/><G35/><T37/><D37/><U8/><E126/><V77/><F26/><W82/><G47/><T66/><D79/><U80/><E116/><V68/><F68/><W118/><G21/><T19/><D43/><U50/><E111/><V41/><F41/><W130/><G12/><T52/><D13/><U3/><E80/><V134/><F134/><W100/><G4/><T36/><D36/><U11/><E3/><V67/><F67/><W110/><G110/><T119/><D119/><N who="3" m="45577" /><G112/><T78/><D78/><U135/><E34/><V42/><F42/><W20/><G20/><T115/><D115/><U40/><E120/><V15/><F64/><W83/><G130/><N who="1" m="49674" /><E135/><V65/><F65/><W60/><G60/><T10/><D10/><N who="1" m="3627" /><E40/><V46/><F1/><W28/><G28/><T7/><D7/><U30/><E61/><V0/><F0/><W98/><G75/><T44/><D19/><N who="1" m="12543" /><E99/><V121/><F96/><W55/><G98/><T39/><D39/><U84/><E84/><V109/><F85/><W76/><G76/><T73/><D73/><U95/><E95/><V127/><F2/><W94/><G82/><T63/><D63/><U92/><E92/><V54/><F81/><W27/><G83/><T59/><D70/><U86/><E86/><V88/><F71/><W124/><G87/><T114/><D114/><U5/><E5/><V102/><F109/><RYUUKYOKU ba="1,0" sc="255,15,281,15,229,-15,235,-15" hai0="16,17,18,22,24,44,51,52,59,62,66,93,97" hai1="30,31,49,50" /><INIT seed="3,2,0,4,3,124" ten="270,296,214,220" oya="3" hai0="111,84,114,26,23,3,33,17,89,52,104,45,42" hai1="94,95,121,16,11,8,34,31,129,123,72,55,110" hai2="134,20,78,91,40,102,58,6,79,117,53,132,46" hai3="97,27,128,109,28,107,71,7,122,90,70,63,74"/><W29/><G122/><T73/><D73/><U66/><E66/><V126/><F117/><W81/><G7/><T135/><D3/><U119/><E72/><V75/><F126/><W115/><G115/><T32/><D114/><U50/><E31/><V101/><F6/><W69/><G28/><T10/><D111/><U30/><E30/><V5/><F5/><W108/><G107/><T59/><D104/><U68/><E68/><V127/><F91/><W21/><G74/><T38/><D135/><U131/><E34/><V37/><F20/><W2/><G2/><T44/><D44/><U125/><E110/><N who="3" m="42602" /><G128/><N who="1" m="49226" /><E119/><V54/><F127/><W87/><G97/><T13/><D26/><U116/><E116/><V100/><F75/><W36/><G36/><T82/><D10/><N who="1" m="3627" /><E16/><V118/><F118/><W1/><G1/><T19/><D19/><U9/><E125/><V86/><F134/><W64/><AGARI ba="2,0" hai="21,27,29,63,64,69,70,71,81,87,90" m="42602" machi="64" ten="30,3000,0" yaku="14,1,10,1" doraHai="124" who="3" fromWho="3" sc="270,-12,296,-12,214,-12,220,36" /><INIT seed="3,3,0,4,5,69" ten="258,284,202,256" oya="3" hai0="65,72,7,2,134,24,53,129,112,64,106,6,121" hai1="95,15,120,103,5,80,100,90,49,12,66,70,127" hai2="94,125,85,75,101,117,86,97,44,79,62,33,74" hai3="92,48,59,123,57,91,3,89,122,76,28,45,115"/><W63/><G115/><T30/><D64/><U1/><E1/><V126/><F33/><W43/><G3/><T107/><D53/><U68/><E120/><V108/><F44/><W16/><G28/><T124/><D65/><U27/><E127/><N who="2" m="48651" /><F62/><W37/><G76/><T99/><D99/><U34/><E70/><V4/><F4/><W23/><G91/><T113/><D72/><N who="2" m="27690" /><F117/><W35/><G57/><T77/><D77/><U83/><E5/><N who="0" m="1545" /><D107/><U71/><E71/><V131/><F108/><W38/><G35/><N who="0" m="20935" /><D106/><U132/><E68/><V96/><F79/><W42/><G42/><T25/><D2/><U118/><E66/><V51/><F51/><W41/><G41/><T36/><D36/><U14/><E49/><V93/><F131/><W84/><G122/><T58/><D58/><U17/><E118/><V98/><F101/><W20/><G123/><T78/><D78/><U22/><E103/><V29/><F29/><W119/><G119/><T114/><D121/><U55/><E100/><V102/><F102/><W40/><G43/><T54/><D54/><U105/><E55/><V130/><F130/><W133/><G63/><T13/><D124/><U0/><E105/><V11/><F11/><W73/><G59/><T135/><D129/><U10/><E10/><V104/><F104/><W111/><G73/><T56/><D56/><U50/><E0/><V109/><F109/><W32/><G111/><T81/><D114/><U26/><E50/><V61/><F61/><W52/><G48/><T47/><D113/><U19/><E34/><V9/><F9/><W67/><G32/><RYUUKYOKU ba="3,0" sc="258,-10,284,-10,202,30,256,-10" hai2="85,86,93,94,96,97,98" /><INIT seed="4,4,0,5,0,64" ten="248,274,232,246" oya="0" hai0="135,122,31,68,90,12,17,95,119,89,60,46,96" hai1="84,127,82,54,37,48,22,125,115,7,120,19,126" hai2="51,109,76,9,36,23,92,102,128,38,99,116,123" hai3="58,30,28,50,66,32,131,5,26,33,40,45,25"/><T14/><D122/><U72/><E120/><V121/><F109/><W16/><G131/><T41/><D119/><U11/><E37/><V97/><F128/><W49/><G5/><T118/><D118/><U42/><E42/><V110/><F110/><W62/><REACH who="3" step="1"/><G16/><REACH who="3" ten="248,274,232,236" step="2"/><T3/><D3/><U91/><E7/><V39/><F123/><W77/><G77/><T134/><D31/><U79/><E11/><V87/><F76/><W27/><G27/><T8/><D12/><U10/><E10/><V78/><F78/><W104/><G104/><T133/><D17/><U69/><E79/><V71/><F9/><W2/><G2/><T117/><D14/><U75/><E115/><V113/><F113/><W83/><G83/><T105/><D8/><U111/><E111/><V70/><F116/><W88/><G88/><N who="0" m="55399" /><D105/><U107/><E107/><V93/><F121/><W67/><G67/><N who="0" m="41063" /><D117/><U129/><E129/><V101/><F23/><W81/><G81/><T59/><D59/><N who="1" m="33223" /><E69/><V103/><F70/><W15/><G15/><AGARI ba="4,1" hai="15,19,22,72,75,82,84,91,125,126,127" m="33223" machi="15" ten="30,1000,0" yaku="18,1" doraHai="64" who="1" fromWho="3" sc="248,0,274,32,232,0,236,-22" /><INIT seed="5,0,0,1,2,133" ten="248,306,232,214" oya="1" hai0="13,89,14,26,39,120,57,48,67,83,61,5,116" hai1="75,79,122,84,70,109,19,23,11,124,94,51,12" hai2="28,85,126,98,135,9,80,55,18,59,95,68,49" hai3="25,8,118,90,7,20,104,58,82,69,132,45,27"/><U128/><E70/><V88/><F135/><W119/><G104/><T86/><D116/><U117/><E128/><V35/><F68/><W72/><G69/><T108/><D39/><U60/><E75/><V103/><F35/><W1/><G58/><T36/><D36/><U134/><E122/><V96/><F126/><W92/><G132/><T32/><D120/><U107/><E109/><V115/><F115/><W65/><G65/><T112/><D112/><U42/><E107/><V63/><F28/><W3/><G3/><T91/><D108/><U31/><E60/><V17/><F9/><W123/><G123/><T41/><D32/><U50/><E124/><V81/><F81/><W111/><G111/><T77/><D26/><U113/><E117/><V22/><F22/><W130/><G25/><T66/><D66/><U38/><E38/><V34/><F34/><W99/><G130/><T24/><D24/><U43/><E113/><V71/><F98/><W97/><G97/><T114/><D114/><U62/><E62/><V4/><F4/><W37/><G27/><T47/><D14/><U64/><E64/><V15/><F15/><W54/><G20/><T125/><D125/><U127/><E23/><V87/><F87/><W73/><G73/><T105/><D105/><U131/><E131/><V30/><F30/><W100/><G100/><T6/><D5/><U2/><E127/><V110/><F110/><W56/><G119/><T10/><AGARI ba="0,0" hai="6,10,13,41,47,48,57,61,67,77,83,86,89,91" machi="10" ten="30,7900,0" yaku="0,1,25,2,8,1" doraHai="133" who="0" fromWho="0" sc="248,79,306,-39,232,-20,214,-20" /><INIT seed="6,0,0,3,5,124" ten="327,267,212,194" oya="2" hai0="58,45,101,76,38,74,2,98,53,51,14,56,59" hai1="40,65,91,107,18,118,89,132,135,52,82,64,78" hai2="3,42,26,0,127,66,85,68,70,93,129,69,29" hai3="71,57,131,39,23,96,48,43,73,84,67,111,32"/><V134/><F127/><W125/><G32/><T47/><D2/><U126/><E40/><V16/><F42/><W11/><G125/><T117/><D117/><U27/><E107/><V123/><F123/><W1/><G73/><T102/><D74/><U28/><E18/><V6/><F134/><N who="1" m="51241" /><E118/><V83/><F93/><W119/><G119/><T20/><D76/><U44/><E126/><V79/><F129/><W21/><G111/><T90/><D38/><U36/><E36/><V105/><F105/><W88/><G131/><T30/><D47/><U116/><E65/><V104/><F104/><W75/><G75/><T92/><D30/><U121/><E64/><V50/><F66/><W86/><G71/><T46/><D46/><U108/><E108/><V100/><F100/><W41/><G39/><T15/><D15/><U97/><E97/><V55/><F6/><W9/><G1/><T61/><D61/><U63/><E121/><V33/><REACH who="2" step="1"/><F16/><AGARI ba="0,0" hai="14,16,20,45,51,53,56,58,59,90,92,98,101,102" machi="16" ten="40,2600,0" yaku="8,1,54,1" doraHai="124" who="0" fromWho="2" sc="327,26,267,0,212,-26,194,0" /><INIT seed="7,0,0,0,5,65" ten="353,267,186,194" oya="3" hai0="132,126,57,123,45,81,4,117,5,21,125,0,112" hai1="18,106,30,6,39,59,77,53,107,115,75,63,19" hai2="40,119,129,64,25,103,102,1,130,128,93,56,133" hai3="69,70,71,27,98,94,86,36,7,41,79,48,62"/><W17/><G7/><T127/><D123/><U92/><E115/><V31/><F119/><W96/><G36/><T52/><D117/><U101/><E30/><V76/><F133/><W110/><G110/><T28/><D132/><U105/><E6/><V80/><F1/><W24/><G62/><T29/><D112/><U37/><E77/><V66/><F40/><W13/><G98/><T95/><D45/><U82/><E82/><V23/><F56/><W72/><G72/><T113/><D81/><U42/><E75/><N who="2" m="43039" /><F102/><W8/><G86/><T116/><D95/><U89/><E101/><V120/><F120/><W49/><G79/><T35/><D35/><U12/><E42/><V109/><F109/><W34/><G41/><T38/><D38/><U16/><REACH who="1" step="1"/><E12/><REACH who="1" ten="353,257,186,194" step="2"/><V3/><F3/><W61/><G61/><T104/><D113/><U90/><E90/><V122/><F122/><W9/><G34/><T88/><D116/><U84/><AGARI ba="0,1" hai="16,18,19,37,39,53,59,63,84,89,92,105,106,107" machi="84" ten="40,5200,0" yaku="1,1,0,1,54,1,53,0" doraHai="65" doraHaiUra="124" who="1" fromWho="1" sc="353,-13,257,62,186,-13,194,-26" owari="340,44.0,319,12.0,173,-23.0,168,-33.0" /></mjloggm>