<mjloggm ver="2.3"><GO type="41" lobby="0"/><UN n0="%E3%81%99%E3%81%8F%E3%81%BF%E8%B6%B3" n1="%E3%83%AA%E3%83%BC%E3%83%81%E4%B8%80%E7%99%BA%36%E9%80%A3" n2="%E2%93%9D%53%75%70%68%78" n3="%E2%98%86%E5%A4%A9%E5%85%83%E7%AA%81%E7%A0%B4%E2%98%86" dan="13,14,17,14" rate="1860.67,1885.42,2036.60,1913.46" sx="M,M,M,M"/><TAIKYOKU oya="0"/><INIT seed="0,0,0,1,2,87" ten="250,250,250,250" oya="0" hai0="65,36,77,41,74,30,134,70,111,54,84,108,73" hai1="2,80,69,6,99,119,9,83,61,72,28,24,93" hai2="63,60,47,85,121,133,51,31,89,53,56,107,104" hai3="102,97,16,46,45,42,86,29,123,101,113,35,120"/><T23/><D134/><U91/><E119/><V40/><F121/><N who="3" m="46667" /><G113/><T88/><D77/><U33/><REACH who="1" step="1"/><E72/><REACH who="1" ten="250,240,250,250" step="2"/><V59/><F133/><W130/><G130/><T81/><D74/><U82/><E82/><V37/><F31/><W15/><G29/><T62/><D73/><U14/><E14/><V109/><F109/><N who="0" m="42058" /><D36/><U38/><E38/><V10/><F37/><W114/><G114/><T52/><D41/><U126/><E126/><V17/><F17/><W98/><G35/><T48/><D48/><U18/><E18/><V105/><F40/><W55/><G42/><T95/><D81/><U19/><E19/><V92/><F10/><N who="3" m="6263" /><G55/><T90/><D30/><U131/><E131/><V67/><REACH who="2" step="1"/><F63/><REACH who="2" ten="250,240,240,250" step="2"/><W100/><G86/><N who="0" m="52631" /><D23/><U43/><E43/><V106/><N who="2" m="27392" /><DORA hai="78" /><V58/><AGARI ba="0,2" hai="47,51,53,56,58,59,60,67,85,89,92" m="27392" machi="58" ten="60,8000,1" yaku="1,1,4,1,0,1,52,1,53,0" doraHai="87,78" doraHaiUra="8,27" who="2" fromWho="2" sc="250,-40,240,-20,240,100,250,-20" /><INIT seed="1,0,0,5,3,50" ten="210,220,340,230" oya="1" hai0="28,54,11,10,13,77,41,35,99,46,95,59,117" hai1="17,93,75,24,16,42,130,30,82,63,34,31,32" hai2="108,85,125,113,14,66,47,124,2,23,52,120,100" hai3="7,90,116,33,112,57,98,111,121,60,107,94,27"/><U45/><E130/><V96/><F120/><W21/><G112/><T109/><D117/><U6/><E6/><V127/><F108/><W49/><G121/><T68/><D109/><U61/><E93/><V67/><F2/><W48/><G33/><T20/><D68/><U36/><E75/><V58/><F47/><W39/><G39/><T102/><D35/><U78/><E82/><V135/><F135/><W62/><G111/><T26/><D77/><U53/><E63/><N who="2" m="36295" /><F85/><W134/><G116/><T101/><D101/><U132/><E78/><V1/><F1/><W22/><G134/><T8/><D46/><U119/><E132/><V18/><F113/><W123/><G107/><AGARI ba="0,0" hai="14,18,23,66,67,96,100,107,124,125,127" m="36295" machi="107" ten="30,3900,0" yaku="18,1,52,1,54,1" doraHai="50" who="2" fromWho="3" sc="210,0,220,0,340,39,230,-39" /><INIT seed="2,0,0,1,3,13" ten="210,220,379,191" oya="2" hai0="116,34,0,8,109,6,79,90,94,2,121,63,112" hai1="75,70,107,30,72,103,95,41,120,85,127,15,32" hai2="80,100,9,81,128,133,50,39,36,61,49,73,93" hai3="131,14,12,117,10,23,25,101,40,77,22,55,86"/><V28/><F28/><W91/><G117/><T114/><D121/><U52/><E70/><V1/><F128/><W62/><G131/><T7/><D109/><U11/><E41/><V113/><F133/><W76/><G101/><T98/><D34/><U134/><E107/><V26/><F26/><W84/><G40/><T24/><D79/><N who="3" m="30281" /><G55/><T58/><D24/><U102/><E134/><V27/><F27/><W122/><G62/><T78/><D78/><U60/><E30/><V29/><F61/><W43/><G43/><T31/><D31/><U19/><E32/><V110/><F100/><W42/><G42/><T44/><D44/><U83/><E127/><V99/><F39/><W33/><G33/><T21/><D116/><U97/><E120/><V5/><F36/><W126/><G126/><T68/><D21/><N who="3" m="7689" /><G25/><T89/><D68/><U56/><REACH who="1" step="1"/><E102/><REACH who="1" ten="210,210,379,191" step="2"/><V18/><F29/><W20/><G122/><T118/><D118/><U54/><E54/><V96/><F110/><W92/><N who="3" m="7697" /><W16/><DORA hai="67" /><G14/><T104/><D104/><U64/><E64/><V46/><F1/><W59/><G59/><T82/><D2/><U123/><E123/><V87/><F46/><W88/><G91/><AGARI ba="0,1" hai="11,15,19,52,56,60,72,75,83,85,91,95,97,103" machi="91" ten="30,12000,2" yaku="1,1,7,1,52,1,54,1,53,2" doraHai="13,67" doraHaiUra="74,106" who="1" fromWho="3" sc="210,0,210,130,379,0,191,-120" /><INIT seed="3,0,0,2,5,89" ten="210,340,379,71" oya="3" hai0="19,58,49,129,94,34,80,85,63,126,130,60,81" hai1="10,87,117,38,1,99,7,65,17,114,36,55,45" hai2="88,96,91,15,83,69,42,41,0,119,52,122,124" hai3="73,39,40,24,113,47,67,3,50,112,125,53,90"/><W93/><G73/><T23/><D34/><U28/><E114/><V26/><F0/><W46/><G3/><T105/><D105/><U18/><E28/><V27/><F69/><W68/><G24/><T8/><D8/><U25/><E65/><V5/><F124/><W59/><G90/><T66/><D126/><U14/><E87/><N who="2" m="50303" /><F119/><W37/><G93/><T101/><D63/><U6/><E117/><V78/><F78/><W86/><G86/><T70/><D81/><U75/><E75/><V108/><F108/><W35/><G35/><T132/><D132/><U134/><E25/><N who="2" m="9227" /><F122/><W54/><G125/><T22/><D70/><U57/><E134/><V123/><F52/><N who="3" m="29791" /><G39/><T115/><D115/><N who="3" m="44105" /><G68/><T100/><D100/><U11/><E36/><V97/><F123/><W29/><G29/><T64/><D22/><U111/><E45/><V72/><F72/><W44/><G44/><T118/><D23/><U98/><E38/><V16/><F91/><W51/><G37/><T31/><D31/><U77/><E77/><V2/><F2/><W107/><G107/><T133/><D19/><U131/><E18/><V9/><F5/><W74/><G74/><T43/><D101/><U48/><E17/><V79/><F79/><W82/><G82/><T120/><D80/><U135/><E135/><V61/><F97/><W92/><G92/><T127/><D94/><U20/><E99/><V95/><F96/><W109/><G109/><T106/><D127/><U56/><E98/><V128/><F95/><W76/><G76/><T62/><D133/><U110/><E111/><V104/><F104/><RYUUKYOKU ba="0,0" sc="210,-10,340,-10,379,-10,71,30" hai3="40,46,51,53,54,59,67" /><INIT seed="3,1,0,4,5,27" ten="200,330,369,101" oya="3" hai0="85,58,119,39,11,66,115,83,17,38,30,103,100" hai1="73,15,120,26,134,130,128,62,113,94,41,33,77" hai2="132,108,43,97,96,84,68,69,56,60,31,95,122" hai3="24,74,37,12,82,71,117,42,106,102,67,8,118"/><W13/><G42/><T129/><D119/><U23/><E120/><V101/><F108/><W125/><G37/><T21/><D129/><U54/><E113/><V0/><F0/><W2/><G2/><T7/><D39/><U99/><E33/><V104/><F132/><W72/><G72/><T20/><D38/><U87/><E73/><V34/><F84/><W49/><G71/><T45/><D45/><U4/><E41/><V18/><F18/><W111/><G67/><T1/><D21/><U75/><E75/><V9/><F9/><W65/><G65/><T6/><D6/><U112/><E112/><V78/><F78/><W131/><G49/><T22/><D22/><U91/><E134/><V133/><F122/><W59/><G59/><T86/><D86/><U44/><E128/><V110/><F110/><W81/><G131/><T36/><D36/><U126/><E126/><V35/><F35/><W127/><G74/><T76/><D17/><U50/><E62/><V5/><F5/><W46/><G46/><T92/><D92/><U53/><E53/><N who="2" m="33807" /><F43/><W28/><G81/><T63/><REACH who="0" step="1"/><D115/><REACH who="0" ten="190,330,369,101" step="2"/><U105/><E130/><V123/><F123/><W70/><G70/><T135/><D135/><U55/><E4/><V19/><F19/><N who="3" m="8583" /><G102/><T64/><D64/><U121/><E121/><V80/><F133/><W124/><G106/><T61/><D61/><U3/><E105/><V98/><F104/><W79/><G111/><T89/><D89/><U116/><E91/><V48/><F69/><W57/><G57/><T107/><D107/><U10/><E44/><V52/><F68/><RYUUKYOKU ba="1,1" sc="190,30,330,-10,369,-10,101,-10" hai0="1,7,11,20,30,58,63,66,76,83,85,100,103" /><INIT seed="4,2,1,2,4,63" ten="220,320,359,91" oya="0" hai0="3,7,30,59,74,133,61,110,6,125,99,9,20" hai1="46,115,112,23,17,75,81,33,67,123,109,97,100" hai2="108,21,53,65,48,43,8,14,41,128,19,18,87" hai3="47,127,129,12,113,120,27,55,118,68,80,91,31"/><T50/><D74/><U36/><E123/><V106/><F108/><W60/><G118/><T89/><D110/><U79/><E33/><V72/><F72/><W116/><G116/><T134/><D7/><U119/><E109/><V90/><F65/><W24/><G120/><T107/><D50/><U34/><E34/><V124/><F106/><W102/><G102/><T29/><D125/><U130/><E46/><N who="2" m="27799" /><F128/><W122/><G122/><T49/><D49/><U56/><E36/><V5/><F124/><W92/><G47/><T1/><D1/><U84/><E75/><V103/><F103/><W121/><G127/><T95/><D107/><U101/><E97/><V104/><F104/><W78/><G121/><T16/><D30/><U94/><E94/><N who="2" m="54623" /><F5/><W83/><G129/><T131/><D29/><U4/><E4/><V66/><F66/><W57/><G68/><T54/><REACH who="0" step="1"/><D131/><REACH who="0" ten="210,320,359,91" step="2"/><U93/><E130/><V58/><F43/><W105/><G105/><T10/><D10/><U69/><E119/><V64/><F41/><W82/><G31/><T52/><D52/><U71/><E71/><V98/><F8/><W13/><G78/><T117/><D117/><U51/><E69/><V70/><F70/><W96/><REACH who="3" step="1"/><G113/><REACH who="3" ten="210,320,359,81" step="2"/><T35/><D35/><U85/><E115/><V0/><F58/><W25/><AGARI ba="2,3" hai="12,13,24,25,27,55,57,60,80,82,83,91,92,96" machi="25" ten="30,7900,0" yaku="1,1,2,1,0,1,8,1,53,0" doraHai="63" doraHaiUra="40" who="3" fromWho="3" sc="210,-41,320,-22,359,-22,81,115" /><INIT seed="5,0,0,2,5,28" ten="169,298,337,196" oya="1" hai0="91,117,130,59,20,78,131,95,118,102,109,27,134" hai1="61,69,23,132,22,4,108,11,70,49,0,126,42" hai2="16,2,106,32,64,83,30,8,73,12,127,13,72" hai3="88,114,116,63,26,57,85,44,107,101,18,66,58"/><U111/><E132/><V79/><F106/><W52/><G114/><T41/><D109/><N who="1" m="42059" /><E126/><V45/><F127/><W87/><G44/><T19/><D134/><U74/><E74/><V71/><F2/><W98/><G116/><T36/><D102/><U68/><E61/><V51/><F13/><W54/><G66/><T33/><D78/><U55/><E42/><V97/><F97/><W93/><G107/><T6/><D41/><U96/><E96/><V25/><F64/><W129/><G101/><T133/><D36/><U75/><E75/><V99/><F99/><W119/><G129/><N who="0" m="49163" /><D133/><U121/><E121/><V48/><F71/><N who="1" m="18177" /><U7/><DORA hai="123" /><E7/><V35/><F73/><W1/><G1/><T14/><D59/><AGARI ba="0,0" hai="0,4,11,22,23,49,55,59" m="18177,42059" machi="59" ten="40,12000,1" yaku="10,1,52,3" doraHai="28,123" who="1" fromWho="0" sc="169,-120,298,120,337,0,196,0" /><INIT seed="5,1,0,5,4,88" ten="49,418,337,196" oya="1" hai0="68,83,85,101,115,50,77,49,27,41,16,61,17" hai1="116,64,11,121,55,0,19,20,47,127,131,99,117" hai2="28,9,65,93,62,18,90,69,71,87,124,125,34" hai3="36,1,58,56,111,66,23,67,6,44,57,43,104"/><U32/><E32/><V52/><F71/><W76/><G111/><T59/><D115/><U98/><E121/><V105/><F105/><W126/><G104/><T132/><D132/><U37/><E64/><V51/><F28/><W63/><G126/><N who="2" m="48745" /><F34/><W24/><G76/><T38/><D68/><U8/><E127/><V39/><F39/><W118/><G118/><T4/><D4/><U103/><E99/><V106/><F106/><W94/><G6/><T75/><D38/><U129/><E55/><V74/><F74/><W3/><G67/><T22/><D75/><U35/><E35/><V113/><F18/><W60/><G60/><T130/><D130/><N who="1" m="49675" /><E47/><N who="2" m="27775" /><F9/><N who="1" m="3657" /><E37/><V48/><F48/><W114/><G114/><AGARI ba="1,0" hai="62,65,69,87,90,93,113,114" m="27775,48745" machi="114" ten="30,3900,0" yaku="18,1,52,1,54,1" doraHai="88" who="2" fromWho="3" sc="49,0,418,0,337,42,196,-42" /><INIT seed="6,0,0,4,2,78" ten="49,418,379,154" oya="2" hai0="16,69,80,54,98,19,55,50,9,64,3,97,70" hai1="53,65,10,1,59,92,132,15,111,67,23,33,60" hai2="94,105,81,38,61,71,85,119,5,0,84,99,82" hai3="74,77,83,37,106,8,7,56,62,27,40,88,20"/><V134/><F38/><W12/><G106/><T122/><D122/><U68/><E33/><V28/><F119/><W129/><G129/><T86/><D3/><U31/><E111/><V117/><F117/><W4/><G40/><T124/><D124/><U75/><E75/><V126/><F105/><W90/><G37/><T2/><D2/><U110/><E1/><V6/><F134/><W133/><G7/><N who="2" m="2569" /><F71/><W89/><G133/><T32/><D32/><U113/><E113/><V36/><F36/><W35/><G35/><T49/><D9/><U125/><E125/><V44/><F0/><W41/><G41/><T79/><D64/><U47/><E110/><V66/><F28/><W26/><REACH who="3" step="1"/><G20/><REACH who="3" ten="49,418,379,144" step="2"/><T45/><D70/><U57/><E68/><V22/><F126/><W30/><G30/><T18/><REACH who="0" step="1"/><D69/><REACH who="0" ten="39,418,379,144" step="2"/><U108/><E132/><V43/><F22/><W58/><G58/><AGARI ba="0,2" hai="16,18,19,45,49,50,54,55,58,79,80,86,97,98" machi="58" ten="40,8000,1" yaku="1,1,2,1,8,1,52,1,54,1,53,0" doraHai="78" doraHaiUra="112" who="0" fromWho="3" sc="39,100,418,0,379,0,144,-80" /><INIT seed="7,0,0,1,4,40" ten="139,418,379,64" oya="3" hai0="63,16,17,29,6,14,72,98,121,61,67,93,38" hai1="3,116,84,21,52,8,111,105,68,64,20,56,15" hai2="79,45,101,86,115,107,69,129,25,124,90,42,24" hai3="122,119,71,2,103,62,23,32,53,1,112,12,11"/><W41/><G122/><T74/><D121/><U47/><E3/><V5/><F69/><W91/><G119/><T59/><D38/><U75/><E75/><V117/><F129/><W49/><G32/><T73/><D29/><U58/><E105/><V76/><F124/><W55/><G103/><T51/><D6/><U27/><E111/><V54/><F115/><W125/><G125/><T131/><D131/><U128/><E68/><V110/><F110/><W104/><G104/><T88/><D63/><U120/><E116/><V65/><F117/><W31/><G41/><T96/><D96/><U36/><E21/><V18/><F65/><W19/><G112/><T82/><D51/><N who="1" m="28799" /><E36/><V87/><F5/><W70/><G91/><T130/><D130/><U28/><E128/><V109/><F109/><W78/><G78/><T37/><D37/><U133/><E64/><V123/><F123/><W135/><G135/><T33/><D33/><U39/><E39/><V102/><F42/><W99/><G99/><T57/><D57/><U77/><E133/><V134/><F134/><W22/><G70/><T106/><D106/><U50/><E50/><N who="2" m="29007" /><F107/><W95/><G71/><T127/><D74/><U85/><E120/><V43/><F43/><W44/><G95/><T7/><D73/><U113/><E113/><V94/><F18/><W81/><G81/><T100/><D127/><U114/><E114/><V4/><F4/><W97/><G97/><T118/><D118/><U83/><E85/><V89/><F102/><W26/><G22/><T108/><D108/><U9/><E9/><V66/><F101/><RYUUKYOKU ba="0,0" sc="139,-15,418,15,379,-15,64,15" hai1="8,15,20,27,28,56,58,77,83,84" hai3="1,2,11,12,19,23,26,31,44,49,53,55,62" /><INIT seed="7,1,0,3,5,115" ten="124,433,364,79" oya="3" hai0="14,69,76,68,103,71,126,73,15,47,63,6,8" hai1="121,55,96,59,48,42,74,58,9,105,45,22,10" hai2="88,29,51,81,78,56,93,130,3,23,64,135,44" hai3="85,28,20,24,127,123,2,80,91,128,1,133,94"/><W120/><G133/><T32/><D126/><U132/><E74/><V39/><F130/><W53/><G127/><T60/><D32/><U110/><E121/><V77/><F3/><W108/><G128/><T62/><D103/><U26/><E110/><V67/><F39/><W43/><G108/><T90/><D47/><U92/><E105/><V118/><F118/><W112/><G112/><T97/><D97/><U57/><E42/><V35/><F35/><W54/><G43/><T21/><D90/><N who="1" m="55319" /><E132/><V41/><F135/><W61/><G120/><T119/><D119/><U109/><E109/><V89/><F89/><W34/><G123/><T114/><D114/><U7/><E7/><V50/><F81/><W101/><G34/><T17/><D76/><U65/><E65/><V82/><F82/><W31/><G31/><AGARI ba="1,0" hai="9,10,22,26,31,45,48,55,57,58,59" m="55319" machi="31" ten="30,1000,0" yaku="8,1" doraHai="115" who="1" fromWho="3" sc="124,0,433,13,364,0,79,-13" owari="124,-28.0,446,55.0,364,16.0,66,-43.0" /></mjloggm>