<mjloggm ver="2.3"><GO type="41" lobby="0"/><UN n0="%E2%93%9D%53%75%70%68%78" n1="%E6%89%93%E9%9B%80%E6%96%B0%E6%89%8B" n2="%6B%2E%6B%62%65%6E" n3="%52%45%44%53%54%41%52" dan="17,13,15,14" rate="2043.14,1898.85,2042.64,2120.19" sx="M,M,M,M"/><TAIKYOKU oya="0"/><INIT seed="0,0,0,5,2,20" ten="250,250,250,250" oya="0" hai0="47,2,18,25,63,35,12,108,78,60,111,58,80" hai1="9,1,34,46,43,121,122,110,124,16,125,28,36" hai2="81,59,90,3,93,134,83,109,112,23,10,61,92" hai3="89,32,72,29,82,129,24,100,42,57,132,79,26"/><T33/><D2/><U19/><E110/><N who="0" m="42025" /><D47/><U56/><E56/><V70/><F70/><W5/><G129/><T4/><D4/><N who="1" m="1167" /><E122/><V49/><F134/><W126/><G126/><N who="1" m="48746" /><E121/><V128/><F128/><W113/><G132/><T86/><D12/><U65/><E65/><V105/><F112/><W21/><G5/><T71/><D71/><U84/><E84/><V68/><F105/><W55/><G113/><T69/><D69/><U53/><E53/><V37/><F23/><W130/><G130/><T8/><D8/><U102/><E102/><V133/><F10/><W95/><G100/><T15/><D15/><U97/><E97/><V64/><F3/><W0/><G0/><T13/><D13/><U17/><E17/><V27/><F37/><W67/><G42/><T7/><D7/><U52/><E52/><V131/><F133/><W116/><G116/><T14/><D14/><U54/><E54/><V76/><F64/><W39/><G39/><T103/><D103/><U51/><E36/><V85/><F68/><W77/><G67/><N who="0" m="39319" /><D63/><U115/><E115/><V40/><F61/><W96/><G77/><T106/><D106/><U30/><E30/><V117/><F76/><W135/><G135/><T123/><D123/><U114/><E114/><V98/><F109/><W45/><G45/><T87/><D87/><U41/><E41/><V31/><F40/><W118/><G118/><T99/><D99/><U73/><E73/><V107/><F85/><W94/><G96/><T62/><D62/><U44/><E44/><V75/><F117/><W22/><G57/><T6/><D6/><RYUUKYOKU ba="0,0" sc="250,15,250,15,250,-15,250,-15" hai0="18,25,33,35,78,80,86" hai1="16,19,28,34,43,46,51" /><INIT seed="0,1,0,4,4,100" ten="265,265,235,235" oya="0" hai0="6,123,130,131,48,43,83,39,73,78,41,50,79" hai1="24,34,77,11,68,37,22,31,115,109,15,117,23" hai2="29,121,110,42,119,125,32,56,47,95,75,114,97" hai3="57,104,106,96,30,21,71,2,90,132,1,111,91"/><T38/><D6/><U13/><E68/><V127/><F75/><W26/><G71/><T126/><D83/><U122/><E37/><N who="0" m="13833" /><D73/><U65/><E65/><V99/><F114/><W0/><G111/><T53/><D126/><N who="2" m="48138" /><F110/><W133/><G57/><T27/><D27/><U70/><E70/><V69/><F69/><W81/><G81/><T8/><D8/><U89/><E77/><N who="0" m="29193" /><D123/><U93/><E117/><V98/><F121/><W64/><G64/><T134/><D134/><N who="3" m="51817" /><G96/><T84/><D84/><U20/><E122/><V129/><F129/><N who="0" m="49162" /><D53/><U36/><E109/><V59/><F29/><W33/><G33/><T10/><D10/><U54/><E54/><V63/><F32/><W116/><G116/><T17/><D17/><U118/><E118/><V18/><F18/><W67/><G67/><T88/><D88/><AGARI ba="1,0" hai="0,1,2,21,26,30,88,90,91,104,106" m="51817" machi="88" ten="40,8000,1" yaku="20,1,52,2,54,1" doraHai="100" who="3" fromWho="0" sc="265,-83,265,0,235,0,235,83" /><INIT seed="1,0,0,3,0,52" ten="182,265,235,318" oya="1" hai0="53,90,31,129,47,38,45,51,23,62,98,33,100" hai1="13,131,46,122,17,134,120,27,101,70,84,102,44" hai2="41,75,63,4,74,78,91,92,0,119,117,18,112" hai3="1,58,22,60,54,88,2,11,116,67,12,64,8"/><U94/><E70/><V106/><F106/><W35/><G35/><T10/><D129/><U43/><E134/><V123/><F123/><W57/><G116/><T30/><D33/><U121/><E27/><V20/><F41/><W19/><G2/><T87/><D10/><N who="3" m="3625" /><G1/><T42/><D23/><U125/><E125/><V77/><F4/><W49/><G64/><T66/><D90/><AGARI ba="0,0" hai="12,19,22,49,54,57,58,60,67,88,90" m="3625" machi="90" ten="30,7700,0" yaku="8,1,52,2,54,1" doraHai="52" who="3" fromWho="0" sc="182,-77,265,0,235,0,318,77" /><INIT seed="2,0,0,1,4,112" ten="105,265,235,395" oya="2" hai0="46,58,76,87,72,29,54,52,111,74,126,84,107" hai1="56,97,11,125,67,80,62,26,69,127,130,103,122" hai2="39,16,42,27,73,17,8,55,101,75,44,12,102" hai3="71,60,124,53,9,129,92,24,68,79,133,135,85"/><V22/><REACH who="2" step="1"/><F55/><REACH who="2" ten="105,265,225,395" step="2"/><W51/><G53/><T10/><D54/><U95/><E122/><V45/><F45/><W93/><G133/><T78/><D46/><U59/><E130/><V88/><F88/><W20/><G135/><T48/><D52/><U30/><E59/><V31/><F31/><W77/><G129/><T65/><D29/><U66/><E66/><V115/><F115/><W41/><G60/><T25/><D65/><U19/><E69/><V1/><F1/><W109/><G68/><T34/><D58/><U40/><E40/><V38/><F38/><W82/><G71/><T70/><D70/><U120/><E120/><V116/><F116/><W49/><G41/><T63/><D63/><U33/><REACH who="1" step="1"/><E80/><REACH who="1" ten="105,255,225,395" step="2"/><V4/><F4/><W50/><G82/><T128/><D128/><U132/><E132/><V83/><F83/><W94/><G50/><T134/><D134/><U118/><E118/><V89/><F89/><W36/><G51/><T15/><D48/><U6/><E6/><V119/><F119/><W123/><G49/><T2/><D78/><U98/><E98/><V113/><F113/><W5/><G77/><T37/><D76/><U28/><E28/><V14/><F14/><AGARI ba="0,2" hai="11,14,19,26,30,33,56,62,67,95,97,103,125,127" machi="14" ten="40,2600,0" yaku="1,1,53,1" doraHai="112" doraHaiUra="57" who="1" fromWho="2" sc="105,0,255,46,225,-26,395,0" /><INIT seed="3,0,0,3,2,100" ten="105,301,199,395" oya="3" hai0="125,14,56,112,38,69,68,74,16,72,18,11,53" hai1="13,46,121,0,115,89,131,106,64,124,9,32,25" hai2="23,120,47,117,31,6,81,42,101,110,130,105,39" hai3="60,37,2,78,33,99,134,65,133,83,36,88,95"/><W19/><G2/><T29/><D38/><U80/><E121/><V50/><F117/><W93/><G33/><T21/><D125/><U62/><E115/><V10/><F110/><W96/><G19/><T94/><D29/><U84/><E131/><V70/><F70/><W49/><G49/><T122/><D122/><U48/><E0/><V30/><F130/><W118/><G118/><T87/><D112/><U66/><E124/><V22/><F120/><W79/><G60/><T5/><D18/><U4/><E106/><V76/><F30/><W104/><G65/><T55/><D55/><U28/><REACH who="1" step="1"/><E62/><REACH who="1" ten="105,291,199,395" step="2"/><V111/><F111/><W86/><G104/><T3/><D69/><U92/><E92/><N who="3" m="35402" /><G37/><T67/><D68/><U24/><E24/><V102/><F31/><W108/><G36/><T61/><REACH who="0" step="1"/><D67/><REACH who="0" ten="95,291,199,395" step="2"/><U82/><E82/><V132/><F132/><N who="3" m="50795" /><G108/><T17/><D17/><U114/><E114/><V113/><F113/><W107/><G107/><T123/><D123/><U58/><E58/><V15/><F39/><W44/><G44/><T103/><D103/><N who="2" m="39434" /><F105/><W52/><G52/><AGARI ba="0,2" hai="4,9,13,25,28,32,46,48,52,64,66,80,84,89" machi="52" ten="30,3900,0" yaku="1,1,7,1,54,1,53,0" doraHai="100" doraHaiUra="73" who="1" fromWho="3" sc="95,0,291,59,199,0,395,-39" /><INIT seed="4,0,0,0,3,100" ten="95,350,199,356" oya="0" hai0="9,118,79,125,117,29,126,135,0,124,64,12,60" hai1="110,115,86,87,99,77,114,43,109,58,54,72,122" hai2="112,3,52,40,88,50,94,61,49,34,6,78,62" hai3="37,119,15,19,76,39,107,11,116,67,30,123,5"/><T26/><D79/><U91/><E43/><V46/><F34/><W95/><G107/><T41/><D41/><U23/><E23/><V74/><F112/><N who="1" m="43049" /><E58/><V71/><F71/><W83/><G123/><T38/><D38/><U4/><E4/><V32/><F32/><W80/><G67/><T56/><D0/><U130/><E54/><V35/><F35/><W57/><G95/><T70/><D135/><U66/><E66/><V101/><F101/><W132/><G57/><T92/><D92/><N who="1" m="56735" /><E122/><V14/><F78/><W90/><G132/><T84/><D84/><N who="1" m="32299" /><E130/><V1/><F74/><W75/><G39/><T81/><D70/><U89/><E89/><V85/><F3/><W45/><G37/><T129/><D129/><U20/><E20/><V53/><F1/><W13/><G30/><T27/><D29/><U31/><E31/><V102/><F40/><W24/><G45/><T69/><D69/><U21/><E21/><V2/><F2/><W63/><G63/><T25/><REACH who="0" step="1"/><D81/><AGARI ba="0,0" hai="72,77,81,109,110" m="32299,56735,43049" machi="81" ten="30,7700,0" yaku="15,1,11,1,34,2" doraHai="100" who="1" fromWho="0" sc="95,-77,350,77,199,0,356,0" /><INIT seed="5,0,0,4,4,122" ten="18,427,199,356" oya="1" hai0="102,51,60,82,127,58,119,45,15,125,83,79,26" hai1="86,30,134,41,55,116,42,12,115,0,37,31,13" hai2="110,29,3,48,53,128,18,33,39,130,84,95,113" hai3="4,17,68,74,24,40,67,85,78,70,133,49,88"/><U57/><E116/><V108/><F39/><W80/><G133/><T43/><D119/><U20/><E0/><V16/><F3/><W100/><G4/><T56/><D102/><U64/><E134/><V10/><F95/><W89/><G100/><T93/><D93/><U21/><E64/><V101/><F101/><W75/><G75/><T38/><D26/><U14/><E37/><V124/><F84/><W19/><G68/><T103/><D103/><U44/><E115/><V94/><F94/><W118/><G118/><T111/><D15/><U35/><E35/><V77/><F77/><W52/><G40/><N who="1" m="15466" /><E44/><V107/><F107/><W106/><G106/><T120/><D83/><U36/><E36/><V9/><F113/><W112/><G112/><T72/><D120/><U46/><E46/><V28/><F48/><W5/><G67/><T11/><D11/><N who="2" m="4106" /><F53/><W62/><G5/><T6/><D6/><U54/><E86/><V63/><F63/><W23/><G62/><T76/><D76/><U132/><E132/><V65/><F65/><W59/><G70/><T2/><D2/><U105/><E105/><V92/><F92/><W121/><G121/><T99/><D99/><U22/><E57/><N who="0" m="22121" /><D38/><U8/><E8/><V91/><F91/><N who="3" m="34891" /><G74/><T131/><D60/><U81/><E81/><V47/><F33/><W69/><G69/><T50/><D50/><U90/><E90/><V73/><F73/><W135/><G135/><T1/><D1/><U25/><E25/><V34/><F34/><W97/><G97/><T27/><D27/><U126/><E14/><V32/><F32/><RYUUKYOKU ba="0,0" sc="18,-10,427,-10,199,-10,356,30" hai3="17,19,23,24,49,52,59,78,80,85" /><INIT seed="6,1,0,0,3,4" ten="8,417,189,386" oya="2" hai0="6,11,3,87,26,57,108,135,96,44,1,79,30" hai1="61,134,24,21,117,128,109,16,64,76,101,133,110" hai2="13,18,94,56,90,126,10,124,111,74,47,121,38" hai3="32,15,45,62,51,132,22,29,72,33,78,68,103"/><V125/><F121/><W129/><G129/><T39/><D108/><U105/><E117/><V69/><F69/><W123/><G123/><T66/><D135/><N who="1" m="51723" /><E128/><V120/><F74/><W52/><G132/><T43/><D96/><N who="1" m="61607" /><E76/><V106/><F106/><W17/><G103/><T93/><D66/><U81/><E81/><V107/><F107/><W36/><G36/><T28/><D57/><AGARI ba="1,0" hai="16,21,24,57,61,64,109,110" m="61607,51723" machi="57" ten="30,2000,0" yaku="20,1,54,1" doraHai="4" who="1" fromWho="0" sc="8,-23,417,23,189,0,386,0" owari="-15,-52.0,440,54.0,189,-21.0,386,19.0" /></mjloggm>