<mjloggm ver="2.3"><GO type="41" lobby="0"/><UN n0="%50%6C%6F%6F%6D" n1="%E2%93%9D%53%75%70%68%78" n2="%E3%81%A7%E3%82%8B%E3%81%B4%E3%81%88%E9%83%8E" n3="%73%65%6C%6C" dan="14,18,14,16" rate="1944.39,2144.32,1929.07,2052.87" sx="M,M,M,F"/><TAIKYOKU oya="0"/><INIT seed="0,0,0,2,3,92" ten="250,250,250,250" oya="0" hai0="99,26,61,110,122,9,109,125,0,96,12,50,13" hai1="97,20,5,19,88,39,115,43,41,123,76,1,91" hai2="14,8,49,51,69,4,36,65,118,21,67,84,45" hai3="31,82,113,126,59,95,90,32,89,2,27,60,22"/><T17/><D122/><U70/><E70/><V29/><F36/><W11/><G113/><T108/><D125/><U28/><E123/><V80/><F69/><W58/><G126/><T6/><D61/><U46/><E28/><V133/><F133/><W102/><G2/><T74/><D74/><U57/><E76/><V63/><F63/><W66/><G11/><N who="0" m="2503" /><D26/><U64/><E43/><N who="2" m="24767" /><F51/><W3/><G3/><T30/><D30/><U78/><E78/><N who="2" m="46103" /><F118/><W72/><G59/><T7/><D50/><U42/><E42/><V131/><F131/><W129/><G129/><T34/><D34/><U119/><E119/><V83/><F83/><W79/><REACH who="3" step="1"/><G32/><REACH who="3" ten="250,250,250,240" step="2"/><T114/><D114/><U98/><E115/><V38/><F38/><W107/><G107/><T135/><D135/><U71/><E39/><V130/><F130/><W68/><G68/><T18/><D7/><U56/><E5/><V35/><F35/><W75/><G75/><T81/><D81/><U100/><E71/><V121/><F121/><W40/><G40/><T73/><D73/><U127/><E41/><V101/><F4/><W104/><G104/><T106/><D106/><U24/><E127/><V117/><F117/><W15/><G15/><T10/><AGARI ba="0,1" hai="9,10,12,13,17,18,96,99,108,109,110" m="2503" machi="10" ten="30,11700,0" yaku="14,1,10,1,52,2" doraHai="92" who="0" fromWho="0" sc="250,127,250,-39,250,-39,240,-39" /><INIT seed="0,1,0,0,5,50" ten="377,211,211,201" oya="0" hai0="33,117,16,98,69,100,25,57,74,115,109,97,24" hai1="131,134,43,130,83,77,4,86,127,129,9,81,38" hai2="56,51,64,6,107,39,44,118,114,70,62,116,102" hai3="29,11,72,123,10,45,26,106,40,0,113,20,15"/><T8/><D115/><U96/><E127/><V133/><F107/><W76/><G113/><T47/><D117/><N who="2" m="45162" /><F102/><W122/><G106/><T124/><D124/><U73/><E134/><V68/><F6/><W19/><G76/><T99/><D109/><U53/><E96/><V111/><F114/><W132/><G72/><T128/><D69/><U23/><E23/><V65/><F111/><W2/><G45/><T87/><D74/><U34/><E34/><V55/><F39/><W75/><G40/><T84/><D128/><U59/><E43/><N who="2" m="24991" /><F133/><W91/><G75/><T80/><D100/><U78/><E38/><V108/><F108/><W89/><G132/><T18/><D33/><U79/><E79/><V52/><F55/><W121/><REACH who="3" step="1"/><G10/><REACH who="3" ten="377,211,211,191" step="2"/><T110/><D47/><U90/><E78/><V125/><F125/><W54/><G54/><T48/><D110/><U95/><E77/><V63/><F65/><W60/><G60/><T3/><D8/><U31/><E73/><V27/><F27/><N who="0" m="10314" /><D3/><AGARI ba="1,1" hai="0,2,3,11,15,19,20,26,29,89,91,121,122,123" machi="3" ten="50,8000,1" yaku="1,1,13,1,53,3" doraHai="50" doraHaiUra="32" who="3" fromWho="0" sc="377,-83,211,0,211,0,191,93" /><INIT seed="1,0,0,3,3,3" ten="294,211,211,284" oya="1" hai0="85,82,74,99,95,47,90,56,69,119,112,118,92" hai1="54,130,14,63,87,113,58,72,70,33,30,44,28" hai2="104,93,91,8,1,34,37,79,120,20,62,94,46" hai3="73,4,10,13,107,15,55,66,42,40,126,125,36"/><U129/><E72/><V23/><F104/><W53/><G107/><T76/><D69/><U41/><E113/><V59/><F120/><W22/><G66/><T39/><D56/><U121/><E121/><V27/><F94/><W117/><G73/><T49/><D39/><U96/><E96/><V124/><F124/><N who="3" m="47723" /><G117/><T64/><D64/><U35/><E87/><V81/><F34/><N who="1" m="12809" /><E14/><V21/><F79/><W32/><G32/><T31/><D31/><U83/><E83/><V131/><F81/><W86/><G86/><T132/><D132/><U133/><E133/><V78/><F131/><N who="1" m="50185" /><E70/><V7/><F78/><W6/><G22/><T116/><D49/><AGARI ba="0,0" hai="28,30,41,44,49,54,58,63" m="50185,12809" machi="49" ten="30,1500,0" yaku="19,1" doraHai="3" who="1" fromWho="0" sc="294,-15,211,15,211,0,284,0" /><INIT seed="1,1,0,3,5,114" ten="279,226,211,284" oya="1" hai0="25,125,78,32,60,62,39,6,33,123,84,34,26" hai1="81,133,131,116,113,21,108,20,124,4,101,37,71" hai2="56,92,11,8,135,57,91,30,127,14,9,47,100" hai3="0,96,67,44,58,50,88,73,29,35,63,129,119"/><U128/><E113/><V79/><F127/><W99/><G0/><T1/><D125/><U112/><E112/><V117/><F135/><W65/><G73/><T27/><D39/><U43/><E124/><V130/><F130/><N who="1" m="49705" /><E71/><V24/><F100/><W93/><G129/><T23/><D123/><U53/><E53/><V75/><F117/><W89/><G119/><T126/><D126/><U19/><E4/><V122/><F122/><W82/><G35/><T16/><D84/><U12/><E101/><V49/><F79/><W13/><G29/><T132/><D78/><U28/><E81/><V87/><F14/><W5/><G67/><T59/><D62/><U51/><E51/><V97/><F75/><W120/><G82/><T69/><D69/><U94/><E94/><V70/><F97/><W134/><G134/><T15/><D60/><U83/><E108/><V46/><F46/><W42/><G120/><T40/><D59/><U103/><E103/><V68/><F68/><W36/><G36/><T3/><D40/><U90/><E116/><V77/><F77/><W110/><G110/><T105/><D105/><U31/><E133/><V61/><F61/><W48/><G48/><T17/><D132/><U85/><E21/><N who="2" m="15631" /><F70/><W55/><G65/><T107/><D107/><U86/><E86/><V22/><F22/><W2/><G2/><N who="0" m="523" /><D6/><U10/><E20/><AGARI ba="1,0" hai="15,16,17,20,23,25,26,27,32,33,34" m="523" machi="20" ten="40,12000,2" yaku="35,5,54,1" doraHai="114" who="0" fromWho="1" sc="279,123,226,-123,211,0,284,0" /><INIT seed="2,0,0,1,2,49" ten="402,103,211,284" oya="2" hai0="32,112,120,121,33,80,17,47,13,19,84,28,16" hai1="125,89,123,56,10,39,7,71,44,24,135,61,57" hai2="9,102,65,68,108,94,36,27,37,126,11,64,18" hai3="104,78,2,122,8,131,100,106,60,5,113,66,69"/><V31/><F68/><W92/><G122/><T99/><D112/><U115/><E115/><V85/><F37/><W109/><G113/><T59/><D99/><U35/><E135/><V58/><F36/><W82/><G109/><T6/><D47/><U72/><E125/><V14/><F126/><W3/><G131/><T118/><D59/><U4/><E72/><V93/><F9/><W26/><G26/><N who="0" m="18455" /><D84/><U12/><E71/><V76/><F108/><W129/><G129/><T107/><D80/><U23/><E35/><V22/><F102/><W114/><G114/><T50/><D50/><U48/><E39/><V86/><F76/><W111/><G111/><T105/><D107/><U87/><E7/><V41/><F41/><W67/><G67/><N who="2" m="25673" /><F58/><W119/><G104/><T20/><D105/><U81/><E123/><N who="0" m="47177" /><D118/><U116/><E116/><V97/><F97/><W96/><G119/><T73/><D73/><U43/><REACH who="1" step="1"/><E61/><REACH who="1" ten="402,93,211,284" step="2"/><V63/><F63/><W53/><G69/><T103/><D33/><U34/><E34/><V29/><F29/><AGARI ba="0,1" hai="4,10,12,23,24,29,43,44,48,56,57,81,87,89" machi="29" ten="30,3900,0" yaku="1,1,7,1,8,1,53,0" doraHai="49" doraHaiUra="62" who="1" fromWho="2" sc="402,0,93,49,211,-39,284,0" /><INIT seed="3,0,0,3,1,64" ten="402,142,172,284" oya="3" hai0="135,27,38,104,91,48,129,28,97,17,75,35,6" hai1="119,44,14,112,117,83,105,16,9,120,57,65,33" hai2="59,90,69,45,123,11,21,84,134,71,8,19,47" hai3="26,122,36,23,3,60,42,132,29,111,126,68,67"/><W79/><G122/><T88/><D38/><U15/><E105/><V61/><F134/><W18/><G132/><T103/><D75/><U70/><E33/><V77/><F77/><W13/><G126/><T106/><D129/><U76/><E112/><V41/><F123/><W25/><G3/><T102/><D135/><U128/><E120/><V72/><F72/><W121/><G121/><T85/><D6/><U131/><E57/><V40/><F11/><W101/><G79/><T82/><D48/><U4/><E44/><V96/><F96/><W12/><G111/><T30/><D17/><U110/><E110/><V125/><F8/><W89/><G89/><T22/><D30/><U43/><E43/><V78/><F78/><W31/><G18/><T49/><D49/><U5/><E83/><V66/><F125/><W93/><G93/><T51/><D51/><U73/><E76/><V0/><F0/><W62/><G62/><T80/><D35/><U115/><E73/><V98/><F98/><W56/><G56/><T95/><D103/><U109/><E115/><V58/><F58/><W55/><G55/><T94/><D94/><U37/><E109/><V86/><F86/><AGARI ba="0,0" hai="22,27,28,80,82,85,86,88,91,95,97,102,104,106" machi="86" ten="40,2600,0" yaku="9,1,54,1" doraHai="64" who="0" fromWho="2" sc="402,26,142,0,172,-26,284,0" /><INIT seed="4,0,0,4,1,21" ten="428,142,146,284" oya="0" hai0="40,54,20,74,48,0,7,97,26,58,68,111,50" hai1="101,39,133,84,44,85,13,113,56,120,107,29,65" hai2="16,73,117,17,128,112,33,125,9,89,127,19,132" hai3="62,87,15,70,53,100,38,43,69,2,27,80,37"/><T104/><D68/><U18/><E120/><V134/><F73/><W25/><G2/><T28/><D74/><U78/><E133/><N who="2" m="51307" /><F89/><W116/><G116/><T114/><D114/><U4/><E4/><V96/><F96/><W30/><G100/><T51/><D111/><U102/><E29/><V109/><F109/><W24/><G30/><T63/><D40/><U129/><E129/><V77/><F77/><W88/><G15/><T108/><D108/><U3/><E3/><V105/><F105/><W76/><G43/><T64/><D64/><U75/><E107/><V1/><F117/><W66/><G69/><T83/><D83/><U98/><E113/><V8/><F112/><W121/><G121/><T46/><D46/><U103/><E98/><V36/><F36/><W22/><G22/><T82/><D82/><U11/><E75/><V86/><F86/><W92/><REACH who="3" step="1"/><G53/><REACH who="3" ten="428,142,146,274" step="2"/><T67/><D54/><U59/><E103/><V32/><F128/><W41/><G41/><T61/><D0/><U95/><E102/><V14/><F1/><W31/><G31/><T130/><D28/><U45/><E101/><V12/><F125/><W122/><G122/><T110/><D20/><U47/><E39/><V124/><F124/><W119/><G119/><T123/><D110/><U90/><E65/><V135/><N who="2" m="51315" /><V42/><DORA hai="55" /><F42/><W71/><G71/><T115/><D67/><U52/><E52/><V57/><F127/><W34/><G34/><N who="2" m="13417" /><F57/><W60/><G60/><T99/><D58/><U10/><E10/><AGARI ba="0,1" hai="8,9,10,12,14,16,17,19" m="13417,51315" machi="10" ten="50,12000,2" yaku="28,2,20,1,34,2,54,1" doraHai="21,55" who="2" fromWho="1" sc="428,0,142,-120,146,130,274,0" /><INIT seed="5,0,0,2,2,55" ten="428,22,276,274" oya="1" hai0="75,85,29,26,57,111,81,65,34,23,6,22,70" hai1="105,116,108,96,8,132,78,114,45,131,113,53,10" hai2="94,115,41,118,56,51,130,110,92,98,62,91,99" hai3="106,79,54,109,48,12,74,14,123,24,40,46,86"/><U68/><E116/><V27/><F110/><W89/><G123/><T125/><D75/><U13/><E108/><V16/><F118/><W25/><G109/><T77/><D111/><U4/><E68/><V107/><F107/><W119/><G106/><T100/><D125/><U127/><E127/><V82/><F130/><W50/><G79/><T90/><D70/><U38/><E131/><V128/><F128/><W69/><G74/><T93/><D6/><U21/><E78/><V120/><F115/><N who="1" m="44041" /><E132/><V71/><F71/><W11/><G69/><T49/><D100/><N who="1" m="62599" /><E21/><N who="2" m="13735" /><F82/><N who="3" m="49367" /><G119/><T87/><REACH who="0" step="1"/><D49/><REACH who="0" ten="418,22,276,274" step="2"/><N who="1" m="28847" /><E10/><V66/><F51/><W135/><G135/><T124/><D124/><U42/><E38/><V30/><F120/><W80/><G11/><T95/><D95/><U112/><N who="1" m="44049" /><U83/><DORA hai="63" /><E83/><V59/><F94/><W129/><G80/><T60/><AGARI ba="0,1" hai="22,23,26,29,34,57,60,65,77,81,85,87,90,93" machi="60" ten="30,7900,0" yaku="1,1,0,1,52,2,53,0" doraHai="55,63" doraHaiUra="67,36" who="0" fromWho="0" sc="418,89,22,-39,276,-20,274,-20" owari="507,61.0,-17,-52.0,256,6.0,254,-15.0" /></mjloggm>