<mjloggm ver="2.3"><GO type="41" lobby="0"/><UN n0="%E3%81%A8%E3%82%89%E3%81%8A%E3%82%84%E3%81%98" n1="%53%61%79%6F" n2="%4D%61%78%62%65%74" n3="%E2%93%9D%53%75%70%68%78" dan="15,14,14,16" rate="1998.97,1876.49,1887.68,2055.19" sx="M,F,M,M"/><TAIKYOKU oya="0"/><INIT seed="0,0,0,1,1,123" ten="250,250,250,250" oya="0" hai0="24,114,78,98,106,44,110,84,96,42,133,71,53" hai1="13,86,5,47,79,131,23,122,89,68,132,54,108" hai2="102,62,69,95,17,64,3,87,12,43,112,29,22" hai3="116,7,59,85,2,49,83,128,117,36,50,100,37"/><T127/><D114/><U14/><E122/><V41/><F3/><W134/><G100/><T63/><D106/><U104/><E104/><V125/><F125/><W97/><G97/><T135/><D127/><U65/><E79/><V40/><F112/><W90/><G128/><T19/><D78/><U107/><E107/><V120/><F120/><W27/><G134/><N who="0" m="51211" /><D84/><U73/><E73/><V34/><F34/><W57/><G7/><T45/><D24/><U75/><E75/><V0/><F0/><W72/><G27/><T46/><D19/><U92/><E131/><V35/><F35/><W80/><G2/><T70/><D42/><U48/><E132/><V15/><F29/><W31/><G72/><T129/><D129/><U1/><E1/><V76/><F76/><W119/><G31/><T103/><D103/><U21/><E68/><N who="0" m="26153" /><D110/><U30/><E108/><V38/><F43/><W99/><G99/><N who="0" m="37931" /><D63/><U91/><E91/><V61/><F41/><W105/><G105/><T28/><D28/><U16/><E30/><V67/><F40/><W115/><G115/><T74/><D74/><U51/><E51/><AGARI ba="0,0" hai="44,45,46,51,53" m="37931,26153,51211" machi="51" ten="40,2000,0" yaku="20,1" doraHai="123" who="0" fromWho="1" sc="250,20,250,-20,250,0,250,0" /><INIT seed="0,1,0,1,2,118" ten="270,230,250,250" oya="0" hai0="35,81,72,42,116,47,124,8,40,119,54,67,126" hai1="31,123,56,83,128,89,1,87,65,2,34,121,85" hai2="120,115,114,78,102,37,39,107,101,51,52,29,134" hai3="30,129,71,111,64,122,26,21,49,58,104,94,98"/><T110/><D35/><U103/><E103/><V6/><F78/><W9/><G111/><T38/><D72/><U48/><E128/><V99/><F102/><W20/><G129/><T25/><D25/><U95/><E31/><V93/><F6/><W50/><G71/><T46/><D8/><U82/><E34/><V59/><F29/><W33/><G104/><T135/><D81/><U15/><E15/><V74/><F74/><W125/><G125/><N who="0" m="48235" /><D135/><U41/><E95/><V5/><F5/><W32/><G21/><T76/><D76/><U44/><E65/><V4/><F4/><W127/><G33/><T18/><D18/><U113/><E113/><V63/><F134/><W80/><G9/><T73/><D73/><U22/><E22/><V60/><F107/><W70/><G70/><T88/><D67/><U11/><E11/><V132/><F132/><W66/><G66/><T27/><D27/><U3/><REACH who="1" step="1"/><E56/><REACH who="1" ten="270,220,250,250" step="2"/><V86/><F114/><W10/><G127/><T112/><D112/><U12/><E12/><V14/><F14/><W36/><G10/><T55/><D110/><U96/><E96/><V77/><F99/><W84/><G32/><T7/><D7/><U43/><E43/><V68/><F59/><W0/><G58/><T108/><D108/><U106/><E106/><V23/><F23/><W75/><G20/><T62/><D119/><U79/><AGARI ba="1,1" hai="1,2,3,41,44,48,79,82,83,85,87,89,121,123" machi="79" ten="30,7900,0" yaku="1,1,0,1,52,2,53,0" doraHai="118" doraHaiUra="100" who="1" fromWho="1" sc="270,-40,220,92,250,-21,250,-21" /><INIT seed="1,0,0,5,4,60" ten="230,312,229,229" oya="1" hai0="54,14,59,124,125,57,110,78,92,67,23,105,32" hai1="58,103,10,6,81,98,117,26,119,2,42,21,121" hai2="115,70,22,48,28,55,17,93,90,41,82,13,36" hai3="31,108,75,111,95,109,112,53,129,132,69,49,16"/><U20/><E121/><V63/><F115/><W35/><G112/><T96/><D105/><U15/><E81/><V113/><F113/><W77/><G129/><T100/><D32/><U104/><E42/><V91/><F36/><W65/><G132/><T89/><D78/><U101/><E101/><V50/><F28/><W61/><G95/><T80/><D110/><U116/><E58/><V0/><F0/><W9/><G31/><T27/><D14/><U8/><REACH who="1" step="1"/><E26/><REACH who="1" ten="230,302,229,229" step="2"/><V51/><F41/><W45/><G77/><T86/><D59/><U79/><E79/><V133/><F82/><W99/><G75/><T127/><D54/><U130/><E130/><V94/><F133/><W38/><G111/><T131/><D131/><U18/><AGARI ba="0,1" hai="2,6,8,10,15,18,20,21,98,103,104,116,117,119" machi="18" ten="30,3000,0" yaku="1,1,0,1,53,0" doraHai="60" doraHaiUra="47" who="1" fromWho="1" sc="230,-10,302,40,229,-10,229,-10" /><INIT seed="1,1,0,3,5,99" ten="220,342,219,219" oya="1" hai0="98,71,115,37,94,33,96,130,64,73,127,93,21" hai1="118,36,128,39,57,41,30,7,24,134,23,18,119" hai2="50,16,70,120,114,59,92,102,109,14,3,17,35" hai3="74,22,42,6,32,78,69,19,0,8,9,20,132"/><U131/><E134/><V52/><F3/><W28/><G69/><T103/><D33/><U90/><E41/><V88/><F70/><W38/><G78/><T117/><D37/><U26/><E90/><V86/><F35/><W51/><G74/><T68/><D73/><U111/><E111/><V101/><F120/><W4/><G51/><T46/><D117/><N who="1" m="44555" /><E57/><V60/><F109/><W53/><G53/><T112/><D46/><U126/><E126/><V12/><F114/><W49/><G49/><T110/><D127/><U56/><E56/><V106/><F106/><W10/><G42/><T125/><D125/><U72/><E72/><V5/><F5/><W133/><G38/><T135/><D135/><N who="3" m="51785" /><G32/><T107/><D110/><U65/><E65/><V40/><F14/><N who="3" m="9335" /><G0/><T82/><D64/><U129/><E7/><V123/><F123/><W31/><G31/><T54/><D54/><U27/><E27/><AGARI ba="1,0" hai="4,6,8,9,10,22,27,28" m="9335,51785" machi="27" ten="30,3900,0" yaku="20,1,34,2" doraHai="99" who="3" fromWho="1" sc="220,0,342,-42,219,0,219,42" /><INIT seed="2,0,0,3,0,72" ten="220,300,219,261" oya="2" hai0="66,75,91,114,27,95,117,98,125,46,15,106,13" hai1="108,20,134,74,126,30,120,67,12,63,60,79,6" hai2="21,99,38,51,82,41,22,58,77,69,104,56,113" hai3="90,68,54,4,48,87,123,26,45,121,5,18,130"/><V94/><F104/><W29/><G68/><T49/><D114/><U84/><E74/><V86/><F69/><W11/><G130/><T34/><D75/><U116/><E116/><V24/><F113/><W61/><G61/><T32/><D66/><U80/><E120/><V100/><F38/><W133/><G133/><T33/><D117/><U1/><E134/><V9/><F9/><W59/><G59/><T92/><D106/><U16/><E126/><V64/><F22/><W81/><G123/><T17/><D125/><U109/><E30/><V131/><F131/><W62/><G62/><T70/><D70/><U93/><E93/><V10/><F10/><W47/><G47/><T96/><D27/><U39/><E39/><V78/><F64/><W42/><G42/><T23/><D15/><U52/><E52/><N who="2" m="31775" /><F58/><W19/><G121/><T83/><D83/><U127/><E127/><V2/><F41/><W115/><G115/><T89/><REACH who="0" step="1"/><D33/><REACH who="0" ten="210,300,219,261" step="2"/><U35/><E35/><V105/><F2/><W124/><G124/><T25/><D25/><U14/><E1/><V129/><F105/><W107/><G107/><T50/><D50/><U112/><E112/><V57/><F129/><W31/><G26/><T44/><D44/><U110/><E67/><V43/><F57/><W88/><G45/><T71/><D71/><U40/><E40/><AGARI ba="0,1" hai="13,17,23,32,34,40,46,49,89,91,92,95,96,98" machi="40" ten="30,7700,0" yaku="1,1,7,1,9,1,53,1" doraHai="72" doraHaiUra="8" who="0" fromWho="1" sc="210,87,300,-77,219,0,261,0" /><INIT seed="3,0,0,5,2,35" ten="297,223,219,261" oya="3" hai0="118,93,33,91,40,22,106,45,12,59,130,62,111" hai1="61,0,72,85,96,66,92,63,4,113,17,11,120" hai2="83,100,3,16,20,57,135,101,5,39,6,114,47" hai3="112,127,82,110,109,81,134,84,76,116,54,27,71"/><W102/><G71/><T9/><D33/><U32/><E32/><V88/><F135/><W8/><G112/><T10/><D106/><U51/><E120/><V124/><F114/><W21/><G116/><T43/><D118/><U64/><E113/><V128/><F128/><W38/><G38/><T98/><D111/><N who="3" m="42505" /><G127/><T31/><D130/><U77/><E72/><V25/><F124/><W131/><G131/><T19/><D31/><U115/><E115/><V99/><F57/><W107/><G54/><T103/><D103/><U75/><E75/><V73/><F73/><W104/><G102/><T132/><D132/><U126/><E51/><V34/><F34/><W125/><G125/><T24/><D12/><U26/><E126/><V79/><F79/><N who="3" m="46143" /><G8/><N who="0" m="3179" /><D45/><U94/><E17/><V69/><F47/><W14/><G14/><T53/><AGARI ba="0,0" hai="19,22,24,40,43,53,59,62,91,93,98" m="3179" machi="53" ten="30,2000,0" yaku="25,1,8,1" doraHai="35" who="0" fromWho="0" sc="297,20,223,-5,219,-5,261,-10" /><INIT seed="4,0,0,1,3,79" ten="317,218,214,251" oya="0" hai0="99,34,126,9,105,121,55,51,29,133,72,32,129" hai1="27,76,19,82,54,16,43,134,77,37,48,120,46" hai2="67,111,8,78,101,14,69,49,22,87,122,50,131" hai3="7,127,104,63,4,24,95,102,20,103,59,6,57"/><T86/><D72/><U26/><E120/><V68/><F101/><W108/><G108/><T45/><D121/><U83/><E134/><V109/><F22/><W36/><G36/><T106/><D133/><U53/><E37/><V47/><F14/><W128/><G104/><T31/><D126/><U115/><E115/><V92/><F92/><W11/><G128/><T132/><D129/><U117/><E117/><V81/><F8/><W60/><G11/><T70/><D70/><U64/><E64/><V125/><F125/><W30/><G127/><T15/><D132/><U40/><E48/><V62/><F131/><W17/><G30/><T107/><D99/><U93/><E93/><V42/><F122/><W38/><G38/><T80/><D32/><U1/><E1/><V97/><F69/><W56/><REACH who="3" step="1"/><G95/><REACH who="3" ten="317,218,214,241" step="2"/><T113/><D113/><U114/><E114/><V66/><F109/><W2/><G2/><T58/><D34/><U124/><E124/><V116/><F111/><W35/><G35/><T94/><D94/><U12/><E12/><V98/><F116/><W25/><G25/><T41/><D9/><U119/><E119/><V91/><F68/><W5/><N who="3" m="1792" /><DORA hai="96" /><W44/><G44/><AGARI ba="0,1" hai="16,19,26,27,40,43,44,46,53,54,76,77,82,83" machi="44" ten="25,12000,2" yaku="22,2,8,1,52,2,54,1" doraHai="79,96" who="1" fromWho="3" sc="317,0,218,130,214,0,241,-120" /><INIT seed="5,0,0,0,0,107" ten="317,348,214,121" oya="1" hai0="102,55,15,118,0,12,30,90,112,16,9,65,64" hai1="23,87,131,28,128,8,135,50,13,114,47,1,76" hai2="60,84,81,27,99,117,113,39,34,59,110,127,20" hai3="36,49,78,10,6,85,83,68,88,116,11,33,44"/><U35/><E114/><V82/><F39/><W100/><G116/><T54/><D112/><U32/><E76/><V58/><F34/><N who="1" m="12841" /><E87/><V69/><F69/><W130/><G130/><N who="1" m="49706" /><E135/><V122/><F127/><W91/><G68/><T21/><D0/><U37/><E37/><V52/><F110/><W29/><G36/><T22/><D102/><U103/><E103/><V126/><F126/><W115/><G115/><T95/><D30/><U125/><E125/><V71/><F71/><W89/><G100/><T40/><D40/><U18/><E50/><V129/><F122/><W41/><REACH who="3" step="1"/><G6/><REACH who="3" ten="317,348,214,111" step="2"/><N who="0" m="3127" /><D118/><U67/><E67/><N who="0" m="25673" /><D22/><U124/><E124/><V104/><F117/><W14/><G14/><T119/><D119/><U92/><E1/><V80/><F113/><W86/><G86/><AGARI ba="0,1" hai="15,16,21,54,55,86,90,95" m="25673,3127" machi="86" ten="30,2000,0" yaku="8,1,54,1" doraHai="107" who="0" fromWho="3" sc="317,30,348,0,214,0,111,-20" /><INIT seed="6,0,0,4,2,26" ten="347,348,214,91" oya="2" hai0="71,122,83,41,97,91,87,13,84,10,70,92,51" hai1="53,76,37,30,100,120,123,31,96,72,42,6,89" hai2="12,135,21,128,82,65,101,35,1,19,103,99,9" hai3="46,63,48,121,52,44,124,108,34,56,39,17,130"/><V88/><F128/><W28/><G130/><T32/><D122/><N who="1" m="46635" /><E6/><V61/><F35/><W86/><G121/><T129/><D32/><U85/><E37/><V23/><F135/><W112/><G108/><T79/><D129/><U20/><E42/><V15/><F1/><W8/><G124/><T22/><D22/><U59/><E20/><V133/><F133/><W73/><G73/><T114/><D114/><U110/><E110/><V66/><F23/><W109/><G109/><T106/><D106/><N who="1" m="63751" /><E76/><V78/><F66/><W127/><G127/><T38/><D38/><U24/><E24/><V16/><F99/><W64/><G112/><T80/><D71/><U49/><E72/><V77/><F77/><W74/><G74/><T126/><D70/><U45/><E59/><N who="2" m="37055" /><F78/><W134/><G134/><T113/><D113/><U55/><E55/><V40/><F40/><W67/><G67/><T33/><D33/><U36/><E36/><V75/><F75/><W47/><G39/><T90/><D126/><U81/><AGARI ba="0,0" hai="30,31,45,49,53,81,85,89" m="63751,46635" machi="81" ten="30,4000,0" yaku="13,1,52,2" doraHai="26" who="1" fromWho="1" sc="347,-10,348,40,214,-20,91,-10" /><INIT seed="7,0,0,1,0,64" ten="337,388,194,81" oya="3" hai0="73,117,76,106,72,123,59,77,57,94,133,115,40" hai1="30,10,7,32,48,134,16,102,41,128,126,61,100" hai2="130,78,118,113,4,5,11,17,86,74,15,60,95" hai3="28,66,135,107,110,104,131,55,120,56,52,101,96"/><W50/><G120/><T21/><D123/><U12/><E126/><V46/><F118/><W132/><G131/><T18/><D106/><U125/><E125/><V2/><F74/><W20/><G110/><T35/><D35/><U3/><E128/><V85/><F130/><W0/><G0/><T84/><D117/><U6/><E134/><N who="3" m="51242" /><G66/><T114/><D40/><U25/><E61/><V53/><F113/><N who="0" m="43018" /><D133/><U8/><E41/><V22/><F5/><W99/><G55/><T54/><D59/><U36/><E36/><V49/><F78/><W42/><G42/><T29/><D29/><U19/><E48/><V88/><F60/><W44/><G56/><T129/><D129/><U47/><E47/><V109/><F109/><W62/><G62/><T93/><D73/><U81/><E81/><V82/><F82/><W91/><G91/><N who="0" m="53479" /><D94/><U75/><E75/><V97/><AGARI ba="0,0" hai="2,4,11,15,17,22,46,49,53,85,86,88,95,97" machi="97" ten="20,2700,0" yaku="0,1,7,1,54,1" doraHai="64" who="2" fromWho="2" sc="337,-7,388,-7,194,27,81,-13" owari="330,13.0,381,48.0,221,-18.0,68,-43.0" /></mjloggm>