<mjloggm ver="2.3"><GO type="41" lobby="0"/><UN n0="%79%69%65%72%73%65%6E" n1="%72%61%69%6E%79%64%61%79" n2="%E2%93%9D%53%75%70%68%78" n3="%E9%B4%A8%E7%A5%9E%E3%81%AB%E3%82%85%E3%81%86" dan="15,14,18,15" rate="2044.76,1975.48,2091.58,2047.04" sx="M,M,M,F"/><TAIKYOKU oya="0"/><INIT seed="0,0,0,1,5,50" ten="250,250,250,250" oya="0" hai0="28,115,94,40,55,1,91,35,32,107,42,81,98" hai1="129,20,82,92,117,37,59,90,15,46,119,2,44" hai2="25,84,64,130,10,75,11,88,95,65,96,30,23" hai3="36,19,67,69,3,57,132,31,12,33,22,34,86"/><T74/><D115/><U62/><E129/><V109/><F75/><W70/><G36/><T125/><D1/><U77/><E2/><V100/><F109/><W38/><G38/><T114/><D114/><U111/><E111/><V13/><F130/><W79/><G132/><T16/><D125/><U83/><E83/><V97/><F11/><W127/><G127/><T49/><D107/><U99/><E119/><V76/><F76/><W63/><G3/><T66/><D66/><U134/><E117/><V73/><F73/><W106/><G106/><T131/><D131/><U103/><E134/><V54/><F54/><W9/><G31/><T39/><D39/><U72/><E37/><V118/><F97/><W78/><G34/><T24/><D35/><U17/><REACH who="1" step="1"/><E103/><REACH who="1" ten="250,240,250,250" step="2"/><V128/><F128/><W29/><G79/><T93/><D81/><U135/><E135/><V123/><F118/><W8/><G78/><T116/><D116/><U68/><E68/><V89/><F123/><W61/><G70/><T41/><D74/><U14/><E14/><V126/><F126/><W133/><G133/><T122/><D122/><U5/><E5/><N who="2" m="3279" /><F100/><W112/><G69/><T104/><D104/><U27/><E27/><V48/><F48/><W21/><G12/><T6/><D94/><AGARI ba="0,1" hai="23,25,30,64,65,84,88,89,94,95,96" m="3279" machi="94" ten="30,2000,0" yaku="8,1,54,1" doraHai="50" who="2" fromWho="0" sc="250,-20,240,0,250,30,250,0" /><INIT seed="1,0,0,0,0,57" ten="230,240,280,250" oya="1" hai0="45,100,67,15,116,64,1,29,30,93,9,68,98" hai1="97,128,3,81,2,60,126,51,50,42,5,28,90" hai2="49,89,54,103,77,72,83,94,130,62,105,6,61" hai3="96,24,43,47,122,65,35,34,44,87,41,112,135"/><U11/><E128/><V131/><F6/><W119/><G122/><T75/><D116/><U108/><E126/><V117/><F117/><W25/><G119/><T23/><D75/><U114/><E114/><V7/><F7/><W8/><G112/><T31/><D1/><U39/><E108/><V56/><F103/><W58/><G135/><T33/><D33/><U17/><E28/><V26/><F105/><W21/><G8/><T88/><D68/><U99/><E2/><V129/><REACH who="2" step="1"/><F26/><REACH who="2" ten="230,240,270,250" step="2"/><W48/><G25/><T46/><D100/><U84/><E39/><V63/><F63/><W79/><G24/><T14/><D14/><U76/><E60/><V125/><F125/><W69/><G35/><T52/><D15/><U107/><E107/><V109/><F109/><W27/><G27/><T74/><D30/><U127/><E127/><V22/><F22/><W0/><G21/><T118/><D31/><U115/><E115/><V55/><F55/><W121/><G34/><T82/><D29/><U91/><E17/><V106/><F106/><W73/><G0/><T86/><D23/><U133/><E133/><V85/><AGARI ba="0,1" hai="49,54,56,61,62,72,77,83,85,89,94,129,130,131" machi="85" ten="30,8000,1" yaku="1,1,0,1,19,1,52,2,53,0" doraHai="57" doraHaiUra="40" who="2" fromWho="2" sc="230,-20,240,-40,270,90,250,-20" /><INIT seed="2,0,0,1,4,117" ten="210,200,360,230" oya="2" hai0="89,83,106,71,133,3,119,108,44,49,43,20,21" hai1="23,126,57,46,105,66,109,103,53,34,96,129,12" hai2="116,19,14,95,16,94,60,121,67,130,99,135,90" hai3="42,41,100,17,47,29,80,39,13,8,22,88,72"/><V68/><F116/><W76/><G100/><T30/><D108/><U75/><E109/><V59/><F130/><W10/><G29/><T102/><D119/><U111/><E111/><V81/><F135/><W1/><G1/><T32/><D133/><U45/><E129/><V15/><F121/><W79/><G79/><T98/><D71/><U26/><E126/><V73/><F68/><W125/><G125/><T24/><D3/><U27/><E75/><V51/><F73/><W38/><REACH who="3" step="1"/><G88/><REACH who="3" ten="210,200,360,220" step="2"/><T54/><D89/><U86/><E34/><V64/><F90/><W74/><G74/><T97/><D97/><U124/><E124/><V65/><F99/><W114/><G114/><T5/><D83/><U2/><E2/><V91/><F81/><W58/><G58/><T128/><D128/><U123/><E123/><V62/><F91/><W107/><G107/><T78/><D78/><U56/><E86/><V92/><F59/><W93/><G93/><T61/><D106/><U104/><E104/><V127/><F127/><W52/><G52/><T37/><D102/><U69/><E57/><V122/><F122/><W35/><G35/><T118/><D98/><U31/><E56/><V55/><F55/><W0/><G0/><T40/><D54/><U87/><E87/><V131/><F131/><W36/><G36/><T132/><D118/><U28/><E53/><V25/><F51/><W48/><G48/><T85/><D37/><U33/><E105/><V18/><F25/><W7/><G7/><T134/><D134/><U120/><E103/><V82/><F82/><W112/><G112/><RYUUKYOKU ba="0,1" sc="210,-15,200,-15,360,15,220,15" hai2="14,15,16,18,19,60,62,64,65,67,92,94,95" hai3="8,10,13,17,22,38,39,41,42,47,72,76,80" /><INIT seed="2,1,1,4,2,29" ten="195,185,375,235" oya="2" hai0="58,112,95,44,63,117,5,127,115,79,0,134,6" hai1="60,37,128,53,34,124,91,47,133,82,11,17,98" hai2="119,8,22,129,21,36,75,35,107,15,49,88,24" hai3="26,13,104,28,45,39,108,114,14,85,125,126,52"/><V46/><F119/><W40/><G104/><T110/><D110/><U51/><E128/><V130/><F75/><W105/><G108/><T56/><D127/><N who="3" m="48649" /><G105/><T3/><D134/><U106/><E124/><V12/><F36/><W92/><G114/><T80/><D117/><U43/><E133/><V2/><F107/><W7/><G7/><T131/><D131/><N who="2" m="50186" /><F2/><W27/><G27/><T9/><D44/><U97/><E34/><V103/><F103/><W25/><G26/><T71/><D71/><U59/><E106/><V54/><F15/><W65/><G65/><T87/><D95/><U18/><E82/><V20/><F88/><N who="3" m="53263" /><G52/><T31/><D31/><U123/><E123/><V50/><F24/><W70/><G70/><T77/><D77/><U55/><E11/><V41/><F35/><AGARI ba="1,1" hai="13,14,25,28,35,39,40,45" m="53263,48649" machi="35" ten="30,3900,0" yaku="18,1,52,1,54,1" doraHai="29" who="3" fromWho="2" sc="195,0,185,0,375,-42,235,52" /><INIT seed="3,0,0,5,5,122" ten="195,185,333,287" oya="3" hai0="1,51,21,117,100,106,7,58,8,123,124,109,110" hai1="37,86,119,99,111,127,102,33,62,131,108,73,55" hai2="16,85,96,29,42,129,69,112,3,9,135,0,38" hai3="97,43,76,32,83,103,22,67,57,116,41,70,126"/><W15/><G116/><T30/><D123/><U17/><E119/><V4/><F69/><W36/><G32/><T92/><D117/><U25/><E131/><V125/><F112/><W107/><G36/><T27/><D124/><U54/><E127/><V2/><F96/><W47/><G70/><T50/><D106/><U14/><E73/><V87/><F135/><W10/><G22/><T23/><D23/><U66/><E37/><V80/><F87/><W39/><G126/><T28/><D28/><U64/><E86/><V132/><F132/><W105/><G43/><T60/><D100/><U71/><E64/><V13/><F129/><W79/><G105/><T120/><D92/><U90/><E90/><V133/><F133/><W134/><G134/><T89/><D89/><U24/><E54/><V101/><F101/><W19/><REACH who="3" step="1"/><G83/><REACH who="3" ten="195,185,333,277" step="2"/><T91/><D120/><U34/><E33/><V74/><F125/><W12/><G12/><T128/><D128/><U114/><E34/><V75/><F42/><W26/><G26/><T104/><D104/><U82/><E82/><V81/><F38/><W130/><G130/><T11/><D11/><U72/><E24/><V31/><F81/><W35/><G35/><T5/><D27/><U56/><E25/><V77/><F31/><W95/><G95/><T88/><D30/><U68/><E68/><V44/><F29/><W46/><G46/><T121/><D121/><U63/><E71/><V6/><F44/><W52/><G52/><N who="0" m="33863" /><D21/><U84/><E55/><V78/><F78/><W98/><G98/><T48/><D7/><U49/><E99/><RYUUKYOKU ba="0,1" sc="195,10,185,-30,333,10,277,10" hai0="1,5,8,48,50,51,88,91,109,110" hai2="0,2,3,4,6,9,13,16,74,75,77,80,85" hai3="10,15,19,39,41,47,57,67,76,79,97,103,107" /><INIT seed="3,1,1,1,0,38" ten="205,155,343,287" oya="3" hai0="35,42,113,61,116,25,112,88,3,54,76,122,19" hai1="36,107,96,23,29,69,83,100,128,47,28,106,85" hai2="110,68,103,27,124,131,97,108,50,81,123,51,75" hai3="89,10,60,31,71,30,44,7,118,52,80,72,41"/><W91/><G118/><T87/><D116/><U70/><E128/><V129/><F68/><W12/><G72/><T45/><D122/><U4/><E106/><V101/><F27/><W48/><G71/><T130/><D3/><U114/><E114/><N who="0" m="44137" /><D130/><N who="2" m="49674" /><F124/><W93/><G80/><T79/><D35/><U49/><E36/><V133/><F133/><W109/><G109/><N who="2" m="42089" /><F123/><W43/><G91/><T121/><D121/><U64/><E4/><V94/><F103/><W40/><G60/><T21/><D54/><U39/><E39/><V46/><F46/><W9/><REACH who="3" step="1"/><G10/><REACH who="3" ten="205,155,343,277" step="2"/><T120/><D61/><U105/><E69/><V56/><F56/><W74/><G74/><T119/><D119/><U135/><E70/><V67/><F67/><W102/><G102/><T82/><D120/><U15/><E64/><V37/><F75/><W117/><G117/><T86/><D86/><AGARI ba="1,2" hai="7,9,12,30,31,40,41,43,44,48,52,86,89,93" machi="86" ten="40,18000,2" yaku="1,1,8,1,52,3,54,1,53,1" doraHai="38" doraHaiUra="6" who="3" fromWho="0" sc="205,-183,155,0,343,0,277,203" /><INIT seed="3,2,0,0,2,4" ten="22,155,343,480" oya="3" hai0="116,80,16,128,65,111,91,15,132,99,17,50,22" hai1="2,120,77,105,98,84,72,24,12,69,41,31,87" hai2="25,36,1,107,49,126,62,9,112,7,44,100,70" hai3="133,48,13,37,39,83,94,52,135,45,0,56,26"/><W102/><G0/><T20/><D116/><U109/><E120/><V21/><F112/><W51/><G26/><T106/><D111/><U5/><E109/><V73/><F73/><W93/><G83/><T131/><D132/><N who="3" m="50761" /><G13/><T54/><D65/><U40/><E2/><V43/><F126/><W108/><G108/><T119/><D119/><U97/><E69/><V121/><F121/><W29/><G29/><T130/><D106/><U61/><E72/><V3/><F3/><W75/><G75/><T115/><D115/><U76/><E61/><V42/><F107/><W28/><G28/><T18/><D20/><U55/><E55/><V74/><F74/><W85/><G85/><N who="0" m="50599" /><D99/><U95/><E105/><V66/><F21/><W59/><G59/><AGARI ba="2,0" hai="15,16,17,18,22,50,54,59,128,130,131" m="50599" machi="59" ten="30,2000,0" yaku="19,1,54,1" doraHai="4" who="0" fromWho="3" sc="22,26,155,0,343,0,480,-26" /><INIT seed="4,0,0,1,2,55" ten="48,155,343,454" oya="0" hai0="19,122,112,17,37,85,39,133,32,106,70,56,101" hai1="33,50,25,95,18,86,82,105,118,51,97,38,14" hai2="103,132,116,128,60,61,84,65,58,72,115,26,34" hai3="35,90,28,43,78,66,117,92,12,0,3,81,23"/><T64/><D122/><U127/><E118/><V5/><F72/><W107/><G107/><T125/><D70/><U87/><E127/><V10/><F115/><W22/><G117/><T42/><D32/><U6/><E105/><V11/><F128/><W9/><G35/><T15/><D125/><U91/><E38/><V57/><F132/><W114/><G114/><T111/><D112/><U113/><E113/><V89/><F116/><W135/><G135/><T104/><D133/><U48/><E33/><V62/><F103/><W131/><G43/><T63/><D111/><U96/><E25/><V46/><F46/><W47/><G47/><T40/><D104/><U27/><E6/><V13/><F11/><W80/><G66/><T79/><D106/><U88/><REACH who="1" step="1"/><E27/><REACH who="1" ten="48,145,343,454" step="2"/><V4/><F4/><W73/><G131/><T68/><D39/><U126/><E126/><V94/><F34/><W98/><G28/><T130/><D37/><U67/><E67/><V52/><F26/><W110/><G110/><T74/><D130/><U31/><E31/><V108/><F108/><W75/><G0/><T123/><D123/><U29/><E29/><V45/><F65/><W44/><G3/><T36/><D36/><U2/><E2/><V20/><F20/><AGARI ba="0,1" hai="14,18,20,48,50,51,82,86,87,88,91,95,96,97" machi="20" ten="40,5200,0" yaku="1,1,8,1,54,1,53,0" doraHai="55" doraHaiUra="24" who="1" fromWho="2" sc="48,0,145,62,343,-52,454,0" /><INIT seed="5,0,0,0,0,66" ten="48,207,291,454" oya="1" hai0="42,109,124,56,122,74,130,113,1,19,51,58,20" hai1="127,107,123,17,61,86,34,82,40,134,6,8,116" hai2="11,135,77,60,32,100,115,98,92,78,111,12,80" hai3="45,49,35,29,31,53,62,114,41,22,68,121,105"/><U83/><E116/><V43/><F111/><W24/><G114/><T7/><D109/><U37/><E123/><V69/><F32/><W73/><G121/><T96/><D74/><U54/><E134/><V131/><F131/><W125/><G105/><T89/><D122/><U26/><E127/><V133/><F43/><W110/><G73/><T106/><D124/><U16/><E107/><V59/><F115/><W55/><G110/><T21/><D113/><U76/><E37/><V120/><F69/><W36/><G55/><T25/><D130/><U84/><E40/><V95/><F95/><W70/><G125/><T5/><D106/><U38/><E38/><V97/><F97/><W132/><G132/><N who="2" m="50761" /><F80/><W52/><G31/><T128/><D128/><U18/><E34/><V79/><F120/><W117/><G117/><T65/><D1/><U27/><E54/><N who="2" m="33911" /><F79/><W93/><G93/><T28/><D42/><U2/><REACH who="1" step="1"/><E61/><REACH who="1" ten="48,197,291,454" step="2"/><V44/><F44/><W15/><G62/><T23/><D65/><U88/><AGARI ba="0,1" hai="2,6,8,16,17,18,26,27,76,82,83,84,86,88" machi="88" ten="30,12000,1" yaku="1,1,2,1,0,1,54,2,53,0" doraHai="66" doraHaiUra="64" who="1" fromWho="1" sc="48,-40,197,130,291,-40,454,-40" /><INIT seed="5,1,0,3,1,102" ten="8,327,251,414" oya="1" hai0="40,52,5,65,10,109,48,23,84,91,21,8,129" hai1="62,82,110,26,4,133,108,6,58,39,98,12,101" hai2="134,47,32,20,118,85,131,125,113,19,7,24,27" hai3="132,54,126,112,25,80,17,128,97,50,72,75,119"/><U76/><E133/><V122/><F47/><W37/><G37/><T123/><D109/><N who="1" m="42091" /><E39/><V46/><F46/><W1/><G1/><T16/><D129/><U71/><E71/><V68/><F68/><W94/><G132/><T41/><D123/><U51/><E51/><V63/><F63/><W2/><G2/><T42/><D65/><N who="1" m="39127" /><E26/><V81/><F118/><W3/><G25/><T114/><D114/><U99/><E12/><V89/><F125/><W79/><G3/><T74/><D74/><N who="1" m="43287" /><E98/><V67/><F134/><W73/><G112/><T11/><D5/><U124/><E124/><V111/><F7/><W93/><G126/><T69/><D69/><U117/><E117/><V45/><F111/><W15/><G128/><T59/><D23/><U60/><E60/><V55/><F131/><W116/><G97/><T135/><D135/><U115/><E115/><V120/><F113/><W77/><G119/><T9/><N who="0" m="2048" /><DORA hai="107" /><T28/><D28/><U49/><E49/><V53/><F122/><W14/><G14/><N who="0" m="9367" /><D42/><U83/><E83/><AGARI ba="1,0" hai="40,41,48,52,59,83,84,91" m="9367,2048" machi="83" ten="40,5200,0" yaku="8,1,54,2" doraHai="102,107" who="0" fromWho="1" sc="8,55,327,-55,251,0,414,0" /><INIT seed="6,0,0,1,5,65" ten="63,272,251,414" oya="2" hai0="46,70,30,1,3,69,33,101,91,132,11,105,26" hai1="119,134,100,59,109,28,72,88,80,87,73,22,75" hai2="118,94,121,63,125,20,99,15,55,84,62,82,49" hai3="42,113,77,10,41,44,5,6,93,98,58,50,95"/><V107/><F107/><W129/><G129/><T96/><D132/><U9/><E109/><V51/><F125/><W83/><G113/><T13/><D91/><U36/><E119/><V122/><F118/><W116/><G116/><T0/><REACH who="0" step="1"/><D46/><REACH who="0" ten="53,272,251,414" step="2"/><U108/><E134/><V86/><F122/><W104/><G44/><T38/><D38/><U79/><E36/><V14/><F121/><W45/><G45/><T123/><D123/><U124/><E88/><V66/><F51/><W52/><G77/><T19/><AGARI ba="0,1" hai="0,1,3,11,13,19,26,30,33,69,70,96,101,105" machi="19" ten="30,7900,0" yaku="1,1,0,1,52,2,53,0" doraHai="65" doraHaiUra="40" who="0" fromWho="0" sc="53,89,272,-20,251,-39,414,-20" /><INIT seed="7,0,0,4,3,52" ten="142,252,212,394" oya="3" hai0="11,112,94,16,75,106,68,132,18,3,38,104,4" hai1="86,27,20,113,128,14,73,32,29,100,131,117,125" hai2="78,118,80,85,98,127,56,90,7,72,34,61,35" hai3="122,39,99,134,87,135,133,25,66,124,109,17,121"/><W19/><G39/><T76/><D132/><U40/><E73/><V41/><F118/><W69/><G109/><T24/><D68/><U5/><E100/><V57/><F127/><W107/><G124/><T51/><D112/><U47/><E125/><V97/><F41/><W115/><G115/><T33/><D38/><U89/><E113/><V62/><F7/><W81/><G66/><T108/><D108/><U31/><E117/><V120/><F120/><W28/><G69/><T123/><D123/><N who="3" m="47113" /><G99/><T46/><D75/><U10/><E32/><V2/><F2/><W71/><G107/><T23/><D76/><U63/><E31/><V77/><F72/><W110/><G71/><T67/><D67/><U42/><E42/><V15/><F15/><W65/><G65/><T111/><D111/><U114/><E114/><V88/><F85/><W43/><G43/><T102/><D18/><U96/><E96/><V44/><F44/><W105/><G105/><T59/><D33/><U82/><E63/><V1/><F1/><W9/><G9/><T21/><D21/><U126/><E126/><V37/><F37/><W74/><G74/><T103/><D103/><U50/><E50/><V6/><F6/><W22/><G110/><T58/><D94/><U60/><E60/><V119/><F119/><W79/><AGARI ba="0,0" hai="17,19,22,25,28,79,81,87,133,134,135" m="47113" machi="79" ten="40,2100,0" yaku="20,1" doraHai="52" who="3" fromWho="3" sc="142,-7,252,-7,212,-7,394,21" owari="135,-36.0,245,5.0,205,-19.0,415,50.0" /></mjloggm>