<mjloggm ver="2.3"><GO type="41" lobby="0"/><UN n0="%52%31%39%35%39" n1="%E5%A4%A9%E7%A9%BA%E7%9A%84%E5%AD%A4%E6%98%9F" n2="%74%61%6B%69%67%75%33%34" n3="%E2%93%9D%53%75%70%68%78" dan="14,13,13,18" rate="1952.73,1896.76,1893.21,2163.86" sx="M,M,M,M"/><TAIKYOKU oya="0"/><INIT seed="0,0,0,1,1,22" ten="250,250,250,250" oya="0" hai0="50,74,130,108,128,29,30,102,63,36,13,70,37" hai1="10,48,84,78,38,34,46,57,9,121,15,123,43" hai2="28,31,40,7,97,42,106,81,66,8,117,51,111" hai3="67,69,45,39,61,4,71,5,82,1,54,68,127"/><T65/><D74/><U24/><E10/><V120/><F111/><W16/><G127/><T58/><D108/><U75/><E75/><V116/><F66/><W53/><G82/><T92/><D30/><U101/><E101/><V77/><F120/><W6/><G1/><T33/><D13/><U99/><E99/><V62/><F62/><W91/><G91/><T85/><D85/><U18/><E38/><V56/><F106/><W12/><G39/><T21/><D33/><U80/><E57/><V135/><F97/><W44/><G67/><T23/><D23/><N who="1" m="13431" /><E34/><V2/><F135/><W49/><G61/><T14/><D14/><U72/><E72/><V32/><F32/><W35/><G35/><T47/><D70/><U119/><E119/><V93/><F93/><W126/><G126/><T25/><D128/><U129/><E129/><V55/><F117/><W118/><G118/><T89/><D89/><U94/><E94/><V79/><F116/><W26/><G26/><T64/><D64/><U27/><E27/><V103/><F103/><W133/><G133/><T114/><D114/><U100/><E100/><V19/><F19/><W11/><REACH who="3" step="1"/><G45/><REACH who="3" ten="250,250,250,240" step="2"/><T124/><D124/><U115/><E115/><V88/><F88/><W87/><G87/><T107/><D130/><U110/><E110/><V125/><F125/><W17/><G17/><T95/><D107/><U112/><E112/><V134/><F134/><W0/><G0/><T83/><D83/><U52/><E121/><V96/><F81/><W104/><G104/><T76/><D36/><U20/><E123/><V122/><F122/><RYUUKYOKU ba="0,1" sc="250,-10,250,-10,250,-10,240,30" hai3="4,5,6,11,12,16,44,49,53,54,68,69,71" /><INIT seed="1,1,1,0,2,83" ten="240,240,240,270" oya="1" hai0="123,46,56,87,79,78,113,0,36,45,84,49,104" hai1="38,52,39,131,4,33,26,18,1,61,129,90,57" hai2="119,40,133,37,69,65,98,16,10,9,103,41,27" hai3="102,48,92,28,99,35,106,14,82,76,8,125,130"/><U95/><E4/><V105/><F133/><W22/><G130/><N who="1" m="49674" /><E1/><V64/><F119/><W127/><G35/><T86/><D113/><U118/><E118/><V80/><F80/><W74/><G48/><T29/><D104/><U94/><E94/><V85/><F85/><W23/><G28/><T55/><D0/><U75/><E75/><V3/><F3/><W51/><G51/><T126/><D36/><U70/><E70/><V77/><F77/><N who="0" m="29194" /><D123/><U58/><E58/><V53/><F53/><W120/><G120/><T88/><D126/><N who="3" m="48137" /><G106/><T32/><D32/><U134/><E134/><V11/><F37/><W115/><G115/><T121/><D29/><N who="1" m="19639" /><E18/><AGARI ba="1,1" hai="8,14,18,22,23,74,76,82,92,99,102" m="48137" machi="18" ten="30,1000,0" yaku="18,1" doraHai="83" who="3" fromWho="1" sc="240,0,240,-13,240,0,270,23" /><INIT seed="2,0,0,2,2,50" ten="240,227,240,293" oya="2" hai0="79,105,30,2,13,76,82,64,37,93,51,58,98" hai1="22,123,55,84,11,83,6,45,60,18,59,41,12" hai2="77,88,120,33,28,129,85,49,125,10,65,95,15" hai3="119,35,66,124,94,26,52,128,126,4,63,89,20"/><V17/><F120/><W134/><G119/><T23/><D2/><U107/><E107/><V1/><F129/><W36/><G36/><T47/><D105/><U31/><E31/><V87/><F125/><N who="3" m="48235" /><G4/><T112/><D112/><U57/><E57/><V40/><F65/><W91/><G35/><T130/><D130/><U131/><E131/><V32/><F1/><W104/><G134/><T99/><D37/><U110/><E110/><V5/><F28/><W0/><G0/><T106/><D106/><U96/><E96/><V102/><F102/><W3/><G3/><T118/><D118/><U62/><E62/><V42/><F5/><W34/><G34/><T46/><D99/><U117/><E117/><V81/><REACH who="2" step="1"/><F40/><REACH who="2" ten="240,227,230,293" step="2"/><W21/><G66/><T92/><D30/><U9/><E123/><V121/><F121/><W109/><G128/><T135/><D135/><U24/><E6/><V108/><F108/><W127/><G109/><T16/><D64/><U133/><E133/><V53/><F53/><W80/><G127/><T86/><D98/><U38/><REACH who="1" step="1"/><E12/><REACH who="1" ten="240,217,230,293" step="2"/><V132/><F132/><W100/><G104/><T8/><D13/><U115/><E115/><V48/><F48/><W74/><G63/><T90/><D51/><U29/><E29/><V97/><F97/><W75/><G100/><T116/><D116/><U54/><E54/><V19/><F19/><W25/><G52/><T114/><D16/><U103/><E103/><V14/><F14/><W67/><G67/><T27/><D114/><U122/><E122/><V39/><F39/><W72/><G26/><T43/><D27/><RYUUKYOKU ba="0,2" sc="240,-15,217,15,230,15,293,-15" hai1="9,11,18,22,24,38,41,45,55,59,60,83,84" hai2="10,15,17,32,33,42,49,77,81,85,87,88,95" /><INIT seed="2,1,2,1,5,21" ten="225,232,245,278" oya="2" hai0="112,96,82,44,117,29,89,99,70,72,87,2,58" hai1="30,43,76,15,36,128,83,126,93,75,110,67,9" hai2="45,53,16,13,18,91,35,132,37,25,68,98,47" hai3="122,95,31,28,62,111,60,23,71,55,77,39,116"/><V105/><F132/><W4/><G39/><T7/><D112/><U121/><E121/><V134/><F68/><W50/><G116/><T85/><D70/><U135/><E128/><V120/><F120/><W56/><G111/><T114/><D114/><U11/><E110/><V124/><F124/><W17/><G4/><T81/><D117/><U6/><E135/><V46/><F134/><W127/><G127/><T129/><D72/><U22/><E67/><V101/><F91/><W63/><G122/><T108/><D129/><U88/><E126/><V10/><F53/><W118/><G118/><T106/><D108/><U66/><E66/><V102/><F101/><W107/><G107/><T74/><D74/><U69/><E69/><V59/><F59/><W20/><G20/><T103/><D29/><U1/><E30/><V38/><REACH who="2" step="1"/><F18/><REACH who="2" ten="225,232,235,278" step="2"/><W97/><G71/><T130/><D130/><U19/><E43/><V52/><F52/><W90/><REACH who="3" step="1"/><G77/><REACH who="3" ten="225,232,235,268" step="2"/><T133/><D133/><U65/><E36/><V12/><F12/><AGARI ba="1,4" hai="12,17,23,28,31,50,55,56,60,62,63,90,95,97" machi="12" ten="40,5200,0" yaku="1,1,2,1,8,1,53,0" doraHai="21" doraHaiUra="113" who="3" fromWho="2" sc="225,0,232,0,235,-55,268,95" /><INIT seed="3,0,0,0,0,117" ten="225,232,180,363" oya="3" hai0="108,129,91,58,5,0,119,2,15,85,90,78,22" hai1="77,59,30,20,127,64,16,82,120,124,50,128,101" hai2="3,49,83,27,113,123,132,12,95,14,104,105,7" hai3="126,34,110,52,103,106,72,94,44,25,87,133,92"/><W76/><G126/><N who="1" m="48170" /><E30/><V43/><F132/><W70/><G110/><T112/><D119/><U47/><E101/><V28/><F113/><W55/><G70/><T6/><D108/><U39/><E39/><V131/><F131/><W37/><G72/><T121/><D129/><U46/><E128/><V38/><F38/><W66/><G66/><T69/><D69/><U118/><E64/><V135/><F135/><W11/><G106/><T51/><D78/><U86/><E59/><V93/><F83/><W17/><G34/><T81/><D112/><U122/><E118/><V60/><F60/><W53/><G103/><T74/><D74/><U8/><E8/><V10/><F49/><W111/><G11/><T21/><D58/><U42/><E47/><V109/><F43/><W18/><G44/><T134/><D134/><U114/><E114/><V57/><F57/><W88/><G37/><T98/><D98/><U31/><E31/><V36/><F36/><W56/><G111/><T100/><D51/><U19/><E20/><V68/><F68/><W73/><G56/><T23/><D15/><N who="2" m="5674" /><F109/><W102/><G133/><T33/><D33/><U29/><E29/><V130/><F130/><W96/><REACH who="3" step="1"/><G25/><REACH who="3" ten="225,232,180,353" step="2"/><T99/><D100/><U48/><E48/><V54/><F105/><W9/><G9/><T65/><D65/><U26/><E26/><V35/><F104/><W62/><G62/><T125/><D125/><U107/><E107/><V115/><F115/><W32/><G32/><T75/><D75/><U13/><E13/><V24/><F24/><W71/><G71/><T45/><D45/><RYUUKYOKU ba="0,1" sc="225,-15,232,15,180,-15,353,15" hai1="16,19,42,46,50,77,82,86,120,122" hai3="17,18,52,53,55,73,76,87,88,92,94,96,102" /><INIT seed="3,1,1,4,5,52" ten="210,247,165,368" oya="3" hai0="132,75,88,25,118,95,43,114,30,70,92,46,20" hai1="17,9,50,36,120,44,29,94,15,126,28,12,38" hai2="47,129,98,66,18,131,130,13,45,115,93,133,112" hai3="91,86,123,122,31,72,125,127,51,35,14,54,55"/><W117/><G72/><T68/><D118/><U64/><E120/><V42/><F66/><W39/><G39/><T135/><D75/><U113/><E113/><V34/><F34/><W40/><G40/><T67/><D114/><U63/><E126/><N who="3" m="48138" /><G55/><T102/><D102/><U53/><E94/><V78/><F78/><W87/><G14/><T90/><D67/><U6/><E36/><V26/><F26/><N who="3" m="18935" /><G117/><T21/><D21/><U8/><REACH who="1" step="1"/><E38/><REACH who="1" ten="210,237,165,368" step="2"/><V23/><F133/><W27/><G123/><T41/><D132/><U96/><E96/><V19/><F115/><W107/><G122/><T16/><D135/><U134/><E134/><V111/><F112/><W128/><G107/><T62/><D92/><U10/><E10/><V77/><F93/><W7/><G128/><T33/><D95/><U99/><E99/><V5/><F98/><W22/><G91/><T57/><D90/><U69/><AGARI ba="1,2" hai="6,8,9,12,15,17,28,29,44,50,53,63,64,69" machi="69" ten="20,2700,0" yaku="1,1,0,1,7,1,53,0" doraHai="52" doraHaiUra="76" who="1" fromWho="1" sc="210,-8,237,50,165,-8,368,-14" /><INIT seed="4,0,0,5,1,40" ten="202,287,157,354" oya="0" hai0="130,87,52,129,68,47,72,119,23,17,61,4,28" hai1="80,57,67,100,122,74,37,65,113,131,48,3,112" hai2="85,109,123,125,22,24,43,18,115,7,75,26,91" hai3="8,35,117,120,50,98,64,104,19,81,126,77,108"/><T110/><D119/><U12/><E122/><V78/><F109/><W6/><G35/><T38/><D72/><U134/><E3/><V11/><F125/><W1/><G64/><T0/><D110/><U9/><E134/><V49/><F123/><W41/><G126/><T103/><D28/><U83/><E37/><V121/><F115/><N who="1" m="44105" /><E100/><V63/><F121/><W36/><G50/><T14/><D103/><U44/><E131/><N who="0" m="50185" /><D0/><U127/><E127/><V70/><F75/><W21/><G117/><T114/><D114/><U13/><E13/><V107/><F107/><W20/><G104/><T128/><N who="0" m="50193" /><T79/><DORA hai="60" /><D4/><N who="1" m="3111" /><E57/><V92/><F78/><W118/><G77/><T89/><D79/><N who="1" m="44151" /><E83/><V10/><F26/><W97/><G81/><N who="0" m="49391" /><D38/><U45/><E45/><V5/><F5/><W96/><G118/><T71/><D61/><U82/><E82/><V66/><REACH who="2" step="1"/><F7/><REACH who="2" ten="202,287,147,354" step="2"/><W73/><G120/><T105/><D105/><U69/><E69/><V42/><F42/><AGARI ba="0,1" hai="42,44,48,65,67" m="44151,3111,44105" machi="42" ten="30,8000,1" yaku="15,1,11,1,52,3" doraHai="40,60" who="1" fromWho="2" sc="202,0,287,90,147,-80,354,0" /><INIT seed="5,0,0,5,3,30" ten="202,377,67,354" oya="1" hai0="126,128,103,48,74,49,125,33,76,91,115,12,111" hai1="83,58,55,132,98,57,65,16,90,87,109,77,46" hai2="106,26,44,131,29,134,37,68,28,40,69,63,5" hai3="35,101,66,24,32,89,102,51,86,18,95,2,113"/><U39/><E132/><V61/><F131/><W64/><G2/><T94/><D111/><U127/><E127/><N who="0" m="48649" /><D128/><U47/><E109/><V20/><F134/><W7/><G7/><T36/><D36/><U79/><E39/><V119/><F119/><W80/><G113/><T114/><D103/><U92/><E77/><V93/><F93/><W19/><G51/><N who="0" m="19531" /><D12/><U72/><E65/><V41/><F41/><W129/><G129/><T17/><D17/><U118/><E118/><V133/><F133/><W84/><G24/><T88/><D33/><U110/><E110/><V31/><F106/><W70/><G70/><T121/><D121/><U122/><E122/><V71/><REACH who="2" step="1"/><F5/><REACH who="2" ten="202,377,57,354" step="2"/><W53/><G95/><T62/><D94/><U11/><E98/><V23/><F23/><W59/><G35/><T96/><D96/><U124/><E124/><V27/><F27/><W75/><G32/><T45/><D45/><U99/><E99/><V60/><AGARI ba="0,1" hai="20,26,28,29,31,37,40,44,60,61,63,68,69,71" machi="60" ten="40,8000,1" yaku="1,1,0,1,53,3" doraHai="30" doraHaiUra="67" who="2" fromWho="2" sc="202,-20,377,-40,57,90,354,-20" /><INIT seed="6,0,0,0,0,6" ten="182,337,147,334" oya="2" hai0="53,51,105,20,19,40,91,80,17,37,98,115,14" hai1="109,129,5,45,60,122,135,42,70,21,93,13,92" hai2="26,77,32,10,11,59,28,112,69,128,43,100,119" hai3="50,8,12,108,83,121,68,4,1,125,58,3,39"/><V95/><F119/><W88/><G108/><T111/><D111/><U94/><E109/><V34/><F69/><W49/><G39/><T113/><D37/><U134/><E129/><V102/><F128/><W118/><G68/><T99/><D40/><U23/><E122/><V106/><F106/><W87/><G125/><T101/><D19/><U66/><E5/><V24/><F112/><W90/><G121/><T86/><D98/><U82/><E82/><V81/><F43/><W36/><G36/><T61/><D61/><U0/><E0/><V41/><F41/><W85/><G118/><T67/><D67/><U15/><E21/><V52/><F26/><W74/><G74/><T9/><REACH who="0" step="1"/><D20/><REACH who="0" ten="172,337,147,334" step="2"/><U71/><E23/><V48/><F34/><W29/><G50/><T7/><D7/><U116/><E116/><V131/><F131/><W114/><G114/><T89/><D89/><U2/><E60/><V107/><F107/><W47/><G3/><T73/><D73/><U18/><E66/><V124/><F124/><W84/><G1/><T46/><AGARI ba="0,1" hai="9,14,17,46,51,53,80,86,91,99,101,105,113,115" machi="46" ten="30,8000,1" yaku="1,1,0,1,25,2,52,1,53,0" doraHai="6" doraHaiUra="63" who="0" fromWho="0" sc="172,90,337,-20,147,-40,334,-20" /><INIT seed="7,0,0,1,3,74" ten="262,317,107,314" oya="3" hai0="33,77,110,62,60,118,23,73,26,2,99,106,130" hai1="124,21,43,29,68,63,38,46,65,86,116,81,42" hai2="79,102,20,4,109,120,14,31,69,44,83,56,39" hai3="8,9,112,104,28,94,103,92,97,96,123,72,55"/><W108/><G123/><T95/><D110/><U78/><E124/><V51/><F109/><W45/><G108/><T19/><D118/><U6/><E6/><V49/><F69/><W16/><G72/><T117/><D117/><U37/><E116/><V87/><F39/><W47/><G104/><T91/><D2/><U17/><E29/><V25/><F120/><W101/><G112/><T22/><D33/><U90/><E90/><V41/><F51/><W70/><G70/><T18/><D106/><U133/><E133/><V71/><F71/><W98/><G28/><T35/><D35/><U67/><E67/><V57/><REACH who="2" step="1"/><F102/><REACH who="2" ten="262,317,97,314" step="2"/><W12/><G103/><T114/><D114/><U15/><E38/><V85/><F85/><W111/><G111/><T89/><D130/><U32/><E37/><V66/><F66/><W58/><G101/><T48/><D48/><U132/><E132/><V127/><F127/><W5/><G98/><T7/><D7/><U131/><E131/><V52/><F52/><W105/><G97/><T10/><D10/><AGARI ba="0,1" hai="4,10,14,20,25,31,41,44,49,56,57,79,83,87" machi="10" ten="40,8000,1" yaku="1,1,25,2,8,1,52,1,53,0" doraHai="74" doraHaiUra="61" who="2" fromWho="0" sc="262,-80,317,0,97,90,314,0" owari="182,-32.0,317,42.0,187,-21.0,314,11.0" /></mjloggm>