<mjloggm ver="2.3"><GO type="41" lobby="0"/><UN n0="%74%65%77%65%69" n1="%52%E3%83%BB%EF%BC%B4%E3%83%BB%EF%BC%A4" n2="%E2%93%9D%53%75%70%68%78" n3="%E6%96%B0%E6%B5%B7%E8%AA%A0" dan="14,13,18,15" rate="1921.75,1918.49,2103.93,2029.21" sx="M,M,M,M"/><TAIKYOKU oya="0"/><INIT seed="0,0,0,1,5,103" ten="250,250,250,250" oya="0" hai0="29,78,81,33,107,22,46,34,9,52,20,119,102" hai1="116,79,128,12,64,70,27,123,44,21,66,94,124" hai2="47,75,69,95,108,57,7,131,98,38,84,91,96" hai3="41,14,25,62,100,132,135,39,13,1,125,19,77"/><T60/><D119/><U129/><E124/><V24/><F69/><W106/><G1/><T17/><D9/><U104/><E123/><V59/><F75/><W53/><G77/><T23/><D17/><U99/><E79/><V87/><F108/><W51/><G39/><T89/><D89/><U37/><E12/><V93/><F131/><W86/><G86/><T113/><D113/><U45/><E45/><V10/><F47/><W120/><G120/><T85/><D29/><U101/><E116/><V31/><F38/><W55/><G41/><T67/><D67/><U49/><E37/><V32/><F87/><W11/><G62/><T114/><D114/><U15/><E15/><V121/><F121/><W65/><G25/><T76/><D76/><U112/><E112/><V40/><F40/><W92/><G92/><T42/><D42/><U4/><E94/><V56/><REACH who="2" step="1"/><F95/><REACH who="2" ten="250,250,240,250" step="2"/><W73/><G73/><T105/><D46/><U48/><E70/><V58/><N who="2" m="14592" /><DORA hai="88" /><V61/><F61/><W80/><G132/><T3/><D60/><U63/><E63/><V122/><F122/><W110/><G110/><T134/><D134/><U71/><E71/><V83/><F83/><W109/><G80/><T133/><D133/><U118/><E44/><V36/><F36/><W115/><G109/><T68/><D68/><U90/><E129/><V97/><F97/><W16/><G135/><T6/><D85/><U0/><E99/><V28/><F28/><W5/><G115/><T26/><D81/><U82/><E82/><V111/><F111/><W54/><G125/><T30/><D30/><RYUUKYOKU ba="0,1" sc="250,-10,250,-10,240,30,250,-10" hai2="7,10,24,31,32,84,91,93,96,98" /><INIT seed="1,1,1,1,1,3" ten="240,240,270,240" oya="1" hai0="33,4,21,11,86,8,46,91,27,103,108,75,126" hai1="22,101,130,19,42,65,106,0,1,24,123,124,90" hai2="93,119,10,29,133,35,102,118,98,18,110,96,48" hai3="88,73,95,5,34,6,114,59,97,129,117,58,84"/><U104/><E123/><V116/><F110/><W79/><G129/><T105/><D108/><U62/><E130/><V72/><F72/><W109/><G114/><T89/><D126/><U87/><E124/><V12/><F133/><W7/><G34/><T70/><D70/><U14/><E42/><V49/><REACH who="2" step="1"/><F98/><REACH who="2" ten="240,240,260,240" step="2"/><W67/><G73/><T68/><D75/><U127/><E127/><V76/><F76/><W122/><G109/><T121/><D121/><U63/><E106/><V17/><F17/><W57/><G122/><T64/><D105/><U47/><E104/><V132/><F132/><W39/><G117/><T25/><D33/><U66/><E101/><V134/><F134/><W69/><G79/><T15/><D103/><U112/><E112/><V74/><F74/><W28/><G28/><T56/><D89/><U131/><E131/><V52/><F52/><W60/><REACH who="3" step="1"/><G39/><REACH who="3" ten="240,240,260,230" step="2"/><T61/><D91/><U54/><E90/><V78/><F78/><W16/><G16/><T51/><D86/><AGARI ba="1,3" hai="5,6,7,57,58,59,60,67,69,84,86,88,95,97" machi="86" ten="40,8000,1" yaku="1,1,52,3,54,1,53,0" doraHai="3" doraHaiUra="38" who="3" fromWho="0" sc="240,-83,240,0,260,0,230,113" /><INIT seed="2,0,0,4,1,133" ten="157,240,260,343" oya="2" hai0="117,57,72,90,98,92,38,20,53,120,47,85,122" hai1="28,9,81,74,93,64,97,119,134,71,3,27,58" hai2="82,41,88,113,69,1,112,60,25,84,135,21,78" hai3="18,10,91,55,130,6,24,125,102,4,46,5,23"/><V114/><F135/><W15/><G130/><T54/><D117/><U83/><E71/><V96/><F1/><W26/><G102/><T17/><D72/><U79/><E119/><V124/><F41/><W103/><G103/><T44/><D44/><U14/><E3/><V94/><F69/><W2/><G91/><T7/><D7/><N who="3" m="2633" /><G55/><T128/><D128/><U100/><E134/><V39/><F39/><W51/><G51/><T31/><D31/><U105/><E105/><V106/><F60/><W75/><G46/><T99/><D120/><U16/><E81/><V107/><REACH who="2" step="1"/><F124/><REACH who="2" ten="157,240,250,343" step="2"/><W131/><G125/><T45/><D122/><U63/><E63/><V110/><F110/><W30/><G131/><T121/><D38/><U42/><E42/><V86/><F86/><W40/><G75/><T89/><D121/><U111/><E111/><V87/><F87/><W22/><G40/><T77/><D85/><U56/><REACH who="1" step="1"/><E64/><REACH who="1" ten="157,230,250,343" step="2"/><V67/><F67/><W52/><G52/><T68/><D53/><U48/><E48/><V95/><F95/><W34/><G34/><AGARI ba="0,2" hai="9,14,16,27,28,34,56,58,74,79,83,93,97,100" machi="34" ten="30,3900,0" yaku="1,1,7,1,54,1,53,0" doraHai="133" doraHaiUra="19" who="1" fromWho="3" sc="157,0,230,59,250,0,343,-39" /><INIT seed="3,0,0,2,1,119" ten="157,289,250,304" oya="3" hai0="122,94,35,20,6,46,113,128,120,23,4,17,58" hai1="90,78,110,89,14,21,68,16,99,8,77,9,82" hai2="88,29,115,102,57,28,61,45,71,66,132,30,64" hai3="25,114,40,72,73,87,83,121,125,107,86,108,111"/><W62/><G114/><T49/><D128/><U76/><E68/><V37/><F115/><W96/><G62/><T1/><D113/><U54/><E110/><N who="3" m="42026" /><G25/><T47/><D1/><U69/><E69/><V33/><F132/><W97/><G40/><T19/><D35/><U39/><E39/><V55/><F102/><N who="3" m="62919" /><G125/><T22/><D94/><U50/><E99/><V7/><F33/><W53/><G53/><T112/><D112/><U103/><E103/><V12/><F71/><W11/><G11/><N who="1" m="4170" /><E82/><V43/><F66/><W15/><G15/><T91/><D91/><U116/><E116/><V134/><F64/><W51/><G51/><T59/><D22/><U106/><E106/><V130/><F37/><W133/><G133/><T98/><D98/><U38/><E38/><V129/><F134/><W80/><G121/><T5/><D5/><U131/><E131/><V36/><F130/><W60/><G60/><T81/><D81/><N who="3" m="31305" /><G97/><T52/><REACH who="0" step="1"/><D49/><REACH who="0" ten="147,289,250,304" step="2"/><U84/><E50/><V92/><F129/><W56/><G56/><T75/><D75/><AGARI ba="0,1" hai="72,73,75,86,87" m="31305,62919,42026" machi="75" ten="30,11600,0" yaku="14,1,10,1,34,2" doraHai="119" who="3" fromWho="0" sc="147,-116,289,0,250,0,304,126" /><INIT seed="3,1,0,4,5,52" ten="31,289,250,430" oya="3" hai0="104,108,99,128,45,16,76,0,24,130,3,44,22" hai1="121,134,48,122,109,114,100,6,105,65,40,70,118" hai2="80,85,78,131,60,38,135,91,57,77,39,97,1" hai3="87,28,47,92,36,75,120,123,59,115,54,32,117"/><W66/><G115/><T98/><D108/><U69/><E109/><V95/><F1/><W96/><G117/><T116/><D116/><U33/><E33/><V71/><F71/><W81/><G75/><T62/><D62/><U111/><E111/><V42/><F135/><W132/><G132/><T26/><D76/><U25/><E6/><V127/><F131/><W7/><G7/><T67/><D67/><U74/><E25/><V102/><F127/><W51/><G28/><T49/><D49/><U10/><E10/><V82/><F42/><W15/><G15/><T112/><D112/><U19/><E19/><V90/><F39/><W64/><G32/><T73/><D73/><U68/><E100/><V101/><F38/><W14/><G14/><T89/><D89/><U106/><E106/><V103/><REACH who="2" step="1"/><F82/><REACH who="2" ten="31,289,240,430" step="2"/><W29/><G36/><T93/><D104/><U119/><E105/><V113/><F113/><W83/><G81/><T56/><D93/><U129/><E69/><V84/><F84/><W43/><G92/><T72/><D72/><U79/><E74/><V41/><F41/><W61/><G87/><T53/><D128/><U55/><E129/><V17/><F17/><W23/><G83/><T88/><D130/><U21/><E114/><V20/><F20/><W31/><G23/><T63/><D0/><U9/><E21/><V58/><F58/><W11/><G11/><T50/><D3/><U30/><E9/><V2/><F2/><W34/><G34/><T110/><D110/><U125/><E118/><V5/><F5/><W94/><G43/><T126/><D22/><RYUUKYOKU ba="1,1" sc="31,-10,289,-10,240,30,430,-10" hai2="57,60,77,78,80,85,90,91,95,97,101,102,103" /><INIT seed="4,2,1,4,2,78" ten="21,279,270,420" oya="0" hai0="131,126,26,46,33,21,66,75,84,90,23,114,68" hai1="91,61,102,110,107,100,18,60,1,9,124,127,115" hai2="52,55,3,51,80,135,12,93,13,7,20,10,63" hai3="70,122,81,40,29,57,97,128,38,11,71,39,112"/><T118/><D118/><U64/><E110/><V32/><F32/><W30/><G112/><T87/><D114/><U117/><E117/><V8/><F135/><W132/><G128/><T123/><D123/><U59/><E115/><V89/><F3/><W101/><G57/><T98/><D131/><U116/><E107/><V25/><F63/><W15/><G39/><T56/><D75/><U28/><E28/><N who="2" m="17447" /><F51/><W95/><G40/><T37/><D126/><U36/><E1/><V108/><F80/><W4/><G38/><T50/><D98/><U42/><E36/><V16/><F108/><W76/><G132/><T45/><D45/><U47/><E47/><V14/><F14/><W2/><G2/><T120/><D120/><U106/><E106/><V43/><F43/><W5/><G122/><T24/><D33/><U41/><E41/><V62/><F62/><W69/><REACH who="3" step="1"/><G5/><REACH who="3" ten="21,279,270,410" step="2"/><T94/><D37/><U105/><E42/><V72/><F72/><AGARI ba="2,2" hai="4,11,15,29,30,69,70,71,72,76,81,95,97,101" machi="72" ten="40,5200,0" yaku="1,1,2,1,52,1,53,0" doraHai="78" doraHaiUra="85" who="3" fromWho="2" sc="21,0,279,0,270,-58,410,78" /><INIT seed="5,0,0,5,2,94" ten="21,279,212,488" oya="1" hai0="8,43,89,101,111,105,49,45,32,82,36,74,61" hai1="96,102,46,83,18,2,4,92,34,116,104,70,54" hai2="130,65,87,124,77,66,51,63,6,1,16,131,47" hai3="112,5,42,91,24,134,55,26,127,132,121,123,7"/><U59/><E70/><V29/><F29/><W118/><G55/><T107/><D111/><U115/><E34/><V37/><F6/><N who="3" m="2059" /><G42/><T75/><D8/><U64/><E64/><V135/><F1/><W80/><G91/><T84/><D32/><U88/><E46/><V108/><F124/><W57/><G57/><T53/><D105/><U90/><E116/><V33/><F135/><N who="3" m="51755" /><G80/><T119/><D119/><U128/><E128/><V79/><F108/><W9/><G118/><T106/><D106/><U67/><E67/><V113/><F66/><W103/><G103/><T44/><REACH who="0" step="1"/><D61/><REACH who="0" ten="11,279,212,488" step="2"/><U17/><E104/><V41/><F63/><W27/><G112/><T73/><D73/><U86/><E115/><V76/><F33/><W39/><G127/><T20/><D20/><U60/><E2/><V28/><F113/><W95/><G9/><T23/><D23/><U48/><E4/><V81/><F131/><W15/><G123/><T78/><D78/><U0/><E0/><V12/><F79/><W98/><G121/><T120/><D120/><U13/><E60/><V25/><F77/><W62/><G62/><T93/><D93/><N who="1" m="58639" /><E13/><V71/><F12/><W52/><G15/><T38/><D38/><U85/><AGARI ba="0,1" hai="17,18,48,54,59,83,85,86,88,90,92" m="58639" machi="85" ten="30,6000,0" yaku="8,1,52,1,54,1" doraHai="94" who="1" fromWho="1" sc="11,-20,279,70,212,-20,488,-20" owari="-9,-51.0,349,15.0,192,-21.0,468,57.0" /></mjloggm>