<mjloggm ver="2.3"><GO type="41" lobby="0"/><UN n0="%72%65%2E" n1="%61%6E%64%6F%35%35" n2="%E3%82%81%E3%81%97%E3%81%84%E3%81%9A%E3%81%BF" n3="%E2%93%9D%53%75%70%68%78" dan="14,15,14,18" rate="1918.26,2036.50,1831.17,2114.92" sx="M,M,M,M"/><TAIKYOKU oya="0"/><INIT seed="0,0,0,3,5,82" ten="250,250,250,250" oya="0" hai0="47,99,65,38,35,129,116,127,114,131,113,20,120" hai1="29,25,15,83,45,6,33,128,119,98,60,42,51" hai2="46,17,27,100,79,63,109,53,111,66,43,36,10" hai3="134,39,68,94,122,50,110,55,8,48,64,132,118"/><T52/><D35/><U41/><E119/><V30/><F100/><W70/><G8/><T84/><D116/><U12/><E128/><N who="0" m="49225" /><D120/><U58/><E6/><V5/><F79/><W26/><G26/><T72/><D72/><U24/><E24/><V90/><F53/><W133/><G94/><T32/><D32/><U123/><E123/><V95/><F17/><W85/><G118/><T135/><D135/><U121/><E121/><V73/><F73/><W13/><G122/><T101/><D127/><U16/><E42/><V130/><F130/><W2/><G2/><T22/><D65/><U14/><E98/><V0/><F90/><W18/><G64/><T96/><D84/><U11/><REACH who="1" step="1"/><E83/><REACH who="1" ten="250,240,250,250" step="2"/><V71/><REACH who="2" step="1"/><F95/><REACH who="2" ten="250,240,240,250" step="2"/><W103/><G134/><T124/><D113/><U97/><E97/><V67/><F67/><AGARI ba="0,2" hai="11,12,14,15,16,25,29,33,41,45,51,58,60,67" machi="67" ten="30,3900,0" yaku="1,1,7,1,54,1,53,0" doraHai="82" doraHaiUra="80" who="1" fromWho="2" sc="250,0,240,59,240,-39,250,0" /><INIT seed="1,0,0,4,5,82" ten="250,299,201,250" oya="1" hai0="5,33,7,22,19,41,121,131,1,86,30,111,20" hai1="39,42,77,69,101,135,98,25,62,110,53,80,35" hai2="109,88,52,74,64,66,105,61,26,78,72,18,85" hai3="58,75,81,11,124,118,92,49,34,129,55,15,130"/><U106/><E135/><V127/><F105/><W120/><G120/><T23/><D41/><U91/><E91/><V56/><F127/><W63/><G34/><T123/><D86/><U126/><E126/><V99/><F109/><W37/><G37/><T103/><D103/><U114/><E114/><V4/><F4/><N who="0" m="1610" /><D111/><U60/><E110/><V76/><F74/><W133/><G133/><T107/><D107/><U3/><E3/><V112/><F72/><W71/><G92/><T44/><D44/><U79/><E79/><N who="2" m="30251" /><F99/><W9/><G118/><T132/><D132/><U102/><E102/><V27/><F112/><W89/><G75/><T104/><D104/><U28/><E53/><V96/><F96/><W100/><G100/><T8/><D131/><U84/><REACH who="1" step="1"/><E69/><REACH who="1" ten="250,289,201,250" step="2"/><V10/><F66/><W46/><G124/><T83/><D1/><U65/><E65/><V45/><F64/><W93/><G71/><T16/><D83/><U97/><E97/><V73/><F73/><W116/><G81/><T54/><D54/><U134/><E134/><V12/><F45/><AGARI ba="0,1" hai="25,28,35,39,42,45,60,62,77,80,84,98,101,106" machi="45" ten="40,7700,0" yaku="1,1,52,1,53,1" doraHai="82" doraHaiUra="29" who="1" fromWho="2" sc="250,0,289,87,201,-77,250,0" /><INIT seed="1,1,0,3,5,79" ten="250,376,124,250" oya="1" hai0="25,12,70,99,43,44,52,61,20,11,87,96,35" hai1="26,115,47,62,33,71,108,116,68,124,63,53,106" hai2="134,16,98,112,82,135,9,110,91,51,55,127,84" hai3="7,86,72,123,104,60,120,83,31,10,65,78,111"/><U128/><E115/><V32/><F32/><W13/><G111/><T15/><D35/><U97/><E116/><V89/><F127/><W45/><G104/><T37/><D87/><U58/><E124/><V109/><F112/><W27/><G72/><T92/><D70/><U49/><E128/><V102/><F91/><W126/><G126/><T29/><D12/><U75/><E75/><V19/><F98/><W81/><G45/><T117/><D117/><U38/><E108/><N who="2" m="41579" /><F102/><W122/><G78/><T69/><D69/><U57/><E106/><V85/><F85/><W28/><G86/><T101/><D96/><U93/><E38/><V132/><F9/><W80/><REACH who="3" step="1"/><G27/><REACH who="3" ten="250,376,124,240" step="2"/><T41/><D44/><AGARI ba="1,1" hai="16,19,44,51,55,82,84,89,132,134,135" m="41579" machi="44" ten="40,8000,1" yaku="20,1,14,1,52,1,54,1" doraHai="79" who="2" fromWho="0" sc="250,-83,376,0,124,93,240,0" /><INIT seed="2,0,0,1,2,37" ten="167,376,217,240" oya="2" hai0="30,135,126,97,82,83,62,116,26,85,78,17,134" hai1="69,57,11,4,15,64,105,128,118,25,98,2,77" hai2="70,3,81,86,106,27,6,19,65,18,63,7,60" hai3="0,90,46,91,119,112,39,33,66,131,108,49,55"/><V74/><F106/><W71/><G33/><T22/><D126/><U54/><E118/><V113/><F74/><W14/><G0/><T1/><D1/><U121/><E128/><V45/><F113/><W16/><G119/><T5/><D116/><U94/><E105/><V115/><F115/><W28/><G28/><T43/><D5/><U59/><E121/><V95/><F95/><W24/><G24/><T107/><D62/><U132/><E132/><V38/><F3/><W80/><G108/><T89/><D107/><U9/><E69/><V109/><F63/><W127/><G39/><T53/><D97/><U23/><E64/><V125/><F125/><W48/><G131/><T40/><D53/><U47/><E77/><V34/><F109/><W130/><G130/><T133/><D30/><U58/><E47/><V79/><F19/><W122/><G122/><T120/><REACH who="0" step="1"/><D120/><REACH who="0" ten="157,376,217,240" step="2"/><U36/><E54/><V20/><REACH who="2" step="1"/><F34/><REACH who="2" ten="157,376,207,240" step="2"/><W100/><G127/><T84/><AGARI ba="0,2" hai="17,22,26,40,43,78,82,83,84,85,89,133,134,135" machi="84" ten="40,12000,2" yaku="1,1,2,1,0,1,20,1,52,2,53,0" doraHai="37" doraHaiUra="31" who="0" fromWho="0" sc="157,140,376,-30,207,-60,240,-30" /><INIT seed="3,0,0,0,4,74" ten="297,346,147,210" oya="3" hai0="89,88,21,81,2,40,18,16,102,115,14,101,72" hai1="33,133,5,7,83,87,129,65,68,124,70,69,20" hai2="51,86,100,76,120,126,67,131,98,107,97,105,19" hai3="46,85,12,63,42,4,66,3,84,60,119,93,56"/><W17/><G119/><T127/><D2/><U37/><E33/><V22/><F67/><W92/><G3/><T61/><D127/><U13/><E124/><V43/><F126/><W109/><G4/><T44/><D115/><U50/><E37/><V114/><F120/><W24/><G24/><T39/><D61/><U110/><E110/><V106/><F114/><W113/><G109/><T135/><D135/><U30/><E133/><V134/><F134/><W29/><G29/><T130/><D130/><U54/><E129/><V48/><F131/><W1/><G1/><T78/><REACH who="0" step="1"/><D18/><REACH who="0" ten="287,346,147,210" step="2"/><U112/><E112/><V35/><F35/><W9/><G63/><T122/><D122/><U111/><E111/><V15/><F43/><W99/><G113/><T47/><D47/><U32/><E32/><V73/><F73/><W71/><G71/><T58/><D58/><U55/><E70/><V26/><F76/><W116/><G116/><T104/><D104/><U38/><E69/><V0/><F107/><W36/><REACH who="3" step="1"/><G93/><REACH who="3" ten="287,346,147,200" step="2"/><T79/><D79/><U11/><E68/><V128/><F0/><W118/><G118/><T25/><D25/><U6/><E7/><V82/><F128/><W108/><G108/><T123/><D123/><U117/><E6/><V64/><F106/><W53/><G53/><T8/><D8/><U28/><E117/><V77/><F64/><W96/><G96/><T27/><D27/><N who="1" m="16487" /><E65/><V10/><REACH who="2" step="1"/><F98/><REACH who="2" ten="287,346,137,200" step="2"/><W52/><G52/><T59/><D59/><U75/><E55/><V34/><F34/><W125/><G125/><T94/><D94/><U90/><E54/><RYUUKYOKU ba="0,3" sc="287,10,346,-30,137,10,200,10" hai0="14,16,21,39,40,44,72,78,81,88,89,101,102" hai2="10,15,19,22,26,48,51,77,82,86,97,100,105" hai3="9,12,17,36,42,46,56,60,66,84,85,92,99" /><INIT seed="3,1,3,1,5,86" ten="297,316,147,210" oya="3" hai0="129,113,65,59,121,70,90,116,71,108,122,126,99" hai1="125,85,91,30,128,87,35,77,101,46,24,106,69" hai2="31,92,104,68,34,133,124,13,79,112,21,18,11" hai3="76,3,47,29,23,88,56,57,49,78,53,10,7"/><W60/><G57/><T48/><D99/><U67/><E125/><V54/><F68/><W22/><G29/><T81/><D126/><U61/><E128/><V72/><F104/><W84/><G23/><T83/><D129/><U5/><E77/><V123/><F124/><W40/><REACH who="3" step="1"/><G22/><REACH who="3" ten="297,316,147,200" step="2"/><T25/><D121/><U110/><E110/><V117/><F123/><W107/><G107/><T63/><D122/><U62/><E106/><V114/><F114/><W50/><G50/><T119/><D108/><U105/><E62/><V36/><F112/><W82/><AGARI ba="1,4" hai="3,7,10,40,47,49,53,56,60,76,78,82,84,88" machi="82" ten="20,12000,1" yaku="1,1,0,1,7,1,52,1,54,1,53,0" doraHai="86" doraHaiUra="9" who="3" fromWho="3" sc="297,-41,316,-41,147,-41,200,163" /><INIT seed="3,2,0,4,0,64" ten="256,275,106,363" oya="3" hai0="0,36,25,69,117,44,102,74,41,26,127,55,75" hai1="120,85,113,18,2,119,65,105,58,100,124,112,10" hai2="88,93,104,42,80,40,47,107,32,128,15,20,16" hai3="27,130,48,96,35,9,34,118,62,131,123,11,7"/><W30/><G48/><T87/><D117/><U17/><E120/><V110/><F32/><W8/><G96/><T19/><D0/><U125/><E119/><V61/><F42/><W116/><G62/><T12/><D102/><U94/><E105/><V97/><F128/><N who="3" m="49195" /><G123/><T111/><D111/><U103/><E65/><V84/><F110/><W3/><G35/><T22/><D127/><N who="1" m="48715" /><E58/><V43/><F61/><W90/><G90/><T1/><D1/><U33/><E33/><V57/><F57/><W21/><G34/><T38/><D38/><U67/><E67/><V68/><F43/><W134/><G134/><T72/><D69/><U99/><E100/><V106/><F68/><W49/><G49/><T76/><D76/><U133/><E85/><V5/><F5/><W132/><G132/><T52/><D87/><U89/><E103/><V45/><REACH who="2" step="1"/><F40/><REACH who="2" ten="256,275,96,363" step="2"/><W66/><G66/><T13/><D55/><U95/><E133/><V51/><F51/><W60/><G60/><T91/><D52/><U23/><E113/><V6/><F6/><W82/><G118/><T126/><D126/><U121/><E112/><V29/><F29/><W53/><G116/><T24/><D41/><U56/><E56/><V39/><F39/><W122/><G53/><T92/><D36/><U73/><E121/><V81/><F81/><W115/><G122/><T108/><D108/><U109/><E109/><V46/><F46/><W101/><G115/><T78/><D44/><U70/><E70/><V129/><F129/><W4/><G3/><T135/><D135/><U114/><E114/><V31/><F31/><RYUUKYOKU ba="2,1" sc="256,-10,275,-10,96,30,363,-10" hai2="15,16,20,45,47,80,84,88,93,97,104,106,107" /><INIT seed="4,3,1,4,2,107" ten="246,265,126,353" oya="0" hai0="128,87,96,118,69,1,38,101,7,73,82,28,113" hai1="117,102,22,32,34,111,23,41,97,40,75,57,43" hai2="18,114,47,35,125,49,133,4,104,95,132,33,92" hai3="20,116,67,56,12,78,76,60,54,86,134,130,77"/><T70/><D118/><U80/><E111/><V124/><F104/><W36/><G36/><T129/><D113/><U50/><E117/><V6/><F114/><W39/><G39/><T55/><D38/><U13/><E34/><N who="2" m="12811" /><F49/><W64/><G130/><N who="0" m="50283" /><D28/><U74/><E32/><V81/><F47/><W68/><G134/><N who="2" m="51817" /><F81/><W88/><G68/><T84/><D55/><U26/><E80/><V123/><F18/><N who="3" m="10311" /><G116/><T17/><D17/><U65/><E13/><V11/><F11/><W91/><G91/><T37/><D37/><U8/><E8/><V126/><F123/><W72/><G72/><T122/><D122/><U59/><E23/><V19/><F19/><W71/><G71/><N who="0" m="27147" /><D7/><AGARI ba="3,1" hai="4,6,7,92,95,124,125,126" m="51817,12811" machi="7" ten="40,8000,1" yaku="28,2,18,1,20,1" doraHai="107" who="2" fromWho="0" sc="246,-89,265,0,126,99,353,0" /><INIT seed="5,0,0,3,1,37" ten="157,265,225,353" oya="1" hai0="30,83,100,80,12,46,67,17,55,27,120,0,123" hai1="32,78,92,76,93,131,112,116,35,4,59,64,25" hai2="129,96,87,23,26,21,20,54,103,111,107,79,66" hai3="51,130,7,11,15,39,73,58,135,101,5,2,77"/><U88/><E112/><V106/><F129/><W81/><G135/><T128/><D128/><U47/><E116/><V13/><F111/><W45/><G130/><T63/><D0/><U85/><E131/><V8/><F66/><W89/><G101/><T49/><D100/><U122/><E122/><V52/><F107/><W94/><G58/><T124/><D124/><U98/><E35/><V33/><F33/><W40/><G51/><T14/><D120/><U110/><E110/><V97/><F97/><W9/><G94/><T50/><D50/><U10/><E32/><V118/><F118/><W65/><G65/><T57/><D123/><U71/><E71/><V74/><F74/><W68/><G89/><T127/><D127/><U132/><E132/><V16/><REACH who="2" step="1"/><F26/><REACH who="2" ten="157,265,215,353" step="2"/><W34/><G34/><T119/><D119/><U22/><E64/><V121/><F121/><W95/><G95/><T69/><D69/><AGARI ba="0,1" hai="2,5,7,9,11,15,39,40,45,68,69,73,77,81" machi="69" ten="40,5200,0" yaku="25,2,52,1" doraHai="37" who="3" fromWho="0" sc="157,-52,265,0,215,0,353,62" /><INIT seed="6,0,0,2,4,89" ten="105,265,215,415" oya="2" hai0="127,54,87,91,110,105,99,31,115,92,63,30,50" hai1="66,103,23,133,3,124,80,134,109,17,11,116,44" hai2="49,58,59,28,20,96,55,104,38,108,95,15,19" hai3="119,47,86,82,24,75,41,18,120,57,111,123,71"/><V73/><F73/><W35/><G111/><T27/><D115/><U131/><E109/><V121/><F38/><W101/><G119/><T84/><D127/><U93/><E116/><V13/><F104/><W78/><G71/><T117/><D117/><U43/><E66/><V70/><F70/><W77/><G101/><T0/><D0/><U8/><E80/><V114/><F121/><W107/><G57/><T79/><D110/><U129/><E44/><V22/><F114/><W126/><G107/><T106/><D63/><U68/><E43/><V34/><F34/><W69/><G18/><T29/><D27/><N who="1" m="14831" /><E68/><V5/><F5/><W130/><G130/><N who="1" m="49674" /><E3/><V60/><F108/><W100/><G78/><T9/><D9/><N who="1" m="3659" /><E103/><V128/><F128/><W53/><G100/><T52/><D54/><U122/><E122/><V33/><F33/><W7/><G53/><T135/><D135/><N who="1" m="51723" /><E93/><V65/><F28/><W4/><G69/><T76/><D76/><U48/><E48/><V74/><F74/><W40/><G75/><T10/><D10/><U83/><E83/><V46/><F46/><W88/><G47/><T98/><D79/><U113/><E113/><V37/><F37/><W36/><G36/><T132/><D132/><U62/><E62/><V61/><F61/><W94/><G123/><T67/><D67/><U12/><E12/><V90/><F22/><W118/><G118/><T14/><D14/><AGARI ba="0,0" hai="13,14,15,19,20,49,55,58,59,60,65,90,95,96" machi="14" ten="30,5800,0" yaku="7,1,8,1,52,1" doraHai="89" who="2" fromWho="0" sc="105,-58,265,0,215,58,415,0" /><INIT seed="6,1,0,1,0,32" ten="47,265,273,415" oya="2" hai0="6,114,85,51,59,30,89,66,12,54,127,56,13" hai1="131,126,112,132,45,52,23,40,15,22,80,100,10" hai2="91,125,113,74,106,122,57,121,53,20,115,11,130" hai3="42,87,90,128,63,35,117,69,62,76,129,77,0"/><V48/><F74/><W34/><G0/><T97/><D114/><N who="2" m="43530" /><F106/><W101/><G42/><T96/><D127/><U84/><E112/><V49/><F91/><W105/><G117/><T67/><D30/><U58/><E126/><V21/><F125/><W29/><G101/><T133/><D133/><U2/><E100/><V7/><F130/><N who="3" m="50283" /><G105/><T68/><D68/><U14/><E132/><V93/><F93/><N who="3" m="54495" /><G29/><T25/><D25/><U27/><E131/><V81/><F81/><W24/><G24/><T41/><D41/><U134/><E134/><V36/><F36/><W104/><G104/><T5/><D89/><U71/><E71/><V17/><F49/><W46/><G77/><T19/><D85/><U18/><E23/><N who="2" m="8779" /><F17/><W4/><G76/><T111/><D51/><U44/><E40/><V26/><F26/><W78/><G78/><T61/><D111/><U83/><E2/><AGARI ba="1,0" hai="2,7,11,48,53,57,121,122" m="8779,43530" machi="2" ten="30,2900,0" yaku="15,1,52,1" doraHai="32" who="2" fromWho="1" sc="47,0,265,-32,273,32,415,0" /><INIT seed="6,2,0,4,0,103" ten="47,233,305,415" oya="2" hai0="89,66,95,22,129,131,134,51,62,53,64,44,114" hai1="124,63,35,104,96,55,57,102,71,49,98,17,59" hai2="40,10,8,105,80,123,113,130,67,2,120,111,45" hai3="78,125,94,11,90,26,92,72,86,24,107,87,33"/><V54/><F105/><W42/><G107/><T37/><D114/><U79/><E35/><V12/><F113/><W52/><G42/><T27/><D134/><U126/><E71/><V70/><F130/><W5/><G72/><T81/><D81/><U122/><E122/><V83/><F2/><W28/><G125/><T68/><D64/><U101/><E79/><V127/><F127/><W19/><G52/><T38/><D89/><U91/><E91/><V109/><F54/><W84/><G78/><T46/><D95/><U110/><E17/><V29/><F29/><W135/><G135/><T77/><D77/><U34/><E34/><V99/><F99/><W4/><G4/><T32/><D32/><U20/><E20/><V50/><F10/><W116/><G116/><T16/><REACH who="0" step="1"/><D46/><REACH who="0" ten="37,233,305,415" step="2"/><U97/><E110/><N who="2" m="41995" /><F123/><W9/><G90/><T41/><D41/><U21/><E126/><V3/><F3/><W36/><G33/><T76/><D76/><U85/><E124/><V65/><F120/><W82/><G82/><N who="2" m="31273" /><F70/><W1/><G1/><T14/><D14/><U23/><E104/><V88/><F88/><W118/><G94/><T56/><D56/><U93/><E93/><V13/><F13/><W128/><G92/><T112/><D112/><U74/><E102/><V31/><F31/><W15/><G28/><T60/><D60/><U132/><E101/><V58/><F58/><W100/><G100/><T48/><D48/><U106/><E106/><V108/><N who="2" m="42003" /><V30/><DORA hai="121" /><F30/><W0/><G0/><T61/><D61/><U39/><E59/><V117/><F117/><RYUUKYOKU ba="2,1" sc="37,15,233,-15,305,15,415,-15" hai0="16,22,27,37,38,44,51,53,62,66,68,129,131" hai2="8,12,40,45,50,65,67" /><INIT seed="6,3,1,2,0,75" ten="52,218,320,400" oya="2" hai0="23,0,77,119,15,88,91,25,45,78,38,7,24" hai1="120,16,130,22,58,21,89,14,94,82,115,6,65" hai2="90,60,59,10,117,100,48,1,126,67,123,71,95" hai3="70,135,101,99,114,92,104,36,29,62,8,76,39"/><V11/><F123/><W4/><G135/><T37/><D0/><U96/><E115/><V118/><F126/><W26/><G76/><N who="0" m="29291" /><D45/><U72/><E130/><V112/><F100/><W66/><G92/><T20/><D15/><U129/><E129/><V109/><F109/><W40/><G40/><T111/><D7/><U2/><E120/><V44/><F112/><W50/><G50/><T83/><D83/><U32/><E32/><V3/><F3/><N who="3" m="31" /><G114/><T121/><D121/><U31/><E72/><V51/><F1/><W134/><G134/><T53/><D53/><U80/><E2/><V9/><F71/><W41/><G41/><T102/><D102/><U127/><E127/><V35/><F35/><AGARI ba="3,1" hai="26,29,35,36,39,62,66,70,99,101,104" m="31" machi="35" ten="30,3900,0" yaku="25,1,33,2" doraHai="75" who="3" fromWho="2" sc="52,0,218,0,320,-48,400,58" /><INIT seed="7,0,0,3,2,99" ten="52,218,272,458" oya="3" hai0="57,36,42,55,7,75,66,64,59,107,29,35,52" hai1="97,72,105,45,33,87,120,128,118,37,32,71,89" hai2="96,46,132,9,12,2,83,125,26,68,91,81,69" hai3="119,114,40,24,113,76,108,73,88,85,60,127,82"/><W5/><G127/><T121/><D75/><U84/><E45/><V19/><F2/><W70/><G108/><T86/><D107/><U28/><E28/><V78/><F125/><W10/><G119/><T124/><D124/><U39/><E39/><V20/><F132/><W53/><G70/><T116/><D116/><U34/><E34/><V100/><F69/><W1/><G24/><T109/><D109/><U110/><E87/><V134/><F68/><W56/><G40/><T43/><D7/><U11/><E97/><V135/><F135/><W77/><G73/><T18/><D18/><U98/><E98/><V25/><F25/><W104/><G104/><T15/><D15/><U93/><E93/><V129/><F129/><W62/><G62/><T23/><D23/><U38/><E89/><V102/><F134/><W94/><G94/><T123/><D29/><U4/><E84/><V54/><F78/><W101/><G77/><T79/><D86/><U92/><E92/><V8/><F8/><W41/><G76/><T49/><D79/><U21/><E21/><V6/><F83/><W111/><G111/><T47/><D35/><U74/><E11/><V90/><F90/><W115/><G41/><T67/><REACH who="0" step="1"/><D43/><REACH who="0" ten="42,218,272,458" step="2"/><U126/><E72/><V131/><F131/><W30/><G30/><T13/><D13/><U17/><E33/><V122/><F12/><W27/><G27/><T0/><D0/><U117/><E17/><V106/><F26/><W16/><G16/><T61/><AGARI ba="0,1" hai="36,42,47,49,52,55,57,59,61,64,66,67,121,123" machi="61" ten="30,12000,2" yaku="1,1,0,1,34,3,54,1,53,0" doraHai="99" doraHaiUra="14" who="0" fromWho="0" sc="42,130,218,-30,272,-30,458,-60" owari="172,-33.0,188,-21.0,242,4.0,398,50.0" /></mjloggm>