<mjloggm ver="2.3"><GO type="41" lobby="0"/><UN n0="%E3%83%84%E3%82%A4%E3%82%B9%E4%B8%8B" n1="%E6%BF%80%E3%82%AB%E3%83%A9%E3%83%A0%E3%83%BC%E3%83%81%E3%83%A7" n2="%E2%93%9D%53%75%70%68%78" n3="%E3%81%97%E3%81%93%E3%81%8D%E3%82%93%54%56" dan="14,15,17,13" rate="1929.40,2038.50,2035.52,1863.69" sx="M,M,M,M"/><TAIKYOKU oya="0"/><INIT seed="0,0,0,3,5,117" ten="250,250,250,250" oya="0" hai0="71,106,129,48,130,14,33,34,15,110,75,57,86" hai1="125,12,127,69,122,81,6,72,78,67,88,85,25" hai2="53,116,36,87,112,26,133,18,113,73,103,90,3" hai3="101,4,56,120,62,49,135,99,55,24,8,21,77"/><T134/><D106/><U39/><E39/><V96/><F3/><W105/><G135/><T70/><D75/><U63/><E25/><V98/><F36/><W111/><G111/><T131/><D134/><U107/><E107/><V20/><F73/><W128/><G128/><T37/><D37/><U17/><E6/><V32/><F32/><N who="0" m="12394" /><D86/><U54/><E54/><V65/><F65/><W22/><G77/><T16/><D110/><U94/><REACH who="1" step="1"/><E122/><REACH who="1" ten="250,240,250,250" step="2"/><V10/><F133/><W89/><G24/><T30/><D30/><U95/><E95/><V1/><F26/><W84/><G120/><T93/><D93/><U23/><AGARI ba="0,1" hai="12,17,23,63,67,69,72,78,81,85,88,94,125,127" machi="23" ten="30,4000,0" yaku="1,1,0,1,54,1,53,0" doraHai="117" doraHaiUra="126" who="1" fromWho="1" sc="250,-20,240,50,250,-10,250,-10" /><INIT seed="1,0,0,2,0,105" ten="230,290,240,240" oya="1" hai0="126,32,121,117,52,18,100,79,119,73,7,69,133" hai1="9,53,76,64,14,60,39,94,127,82,116,71,62" hai2="108,74,67,55,0,107,31,37,114,50,66,84,63" hai3="43,123,80,29,23,125,129,44,122,34,51,20,128"/><U12/><E116/><V68/><F0/><W77/><G34/><T54/><D69/><U36/><E127/><V86/><F107/><W17/><G29/><T58/><D32/><U40/><E40/><V11/><F108/><W102/><G102/><T35/><D35/><U33/><E33/><V41/><F67/><W5/><G5/><T15/><D126/><U59/><E94/><V56/><F31/><W78/><G125/><T96/><D121/><U104/><E104/><V26/><F26/><W16/><G80/><T49/><D7/><U92/><E92/><V28/><F11/><W65/><G65/><T13/><D13/><U101/><E101/><V10/><F10/><W112/><G112/><T132/><D54/><U93/><E93/><V134/><F134/><N who="0" m="51818" /><D79/><N who="3" m="30217" /><G51/><T4/><D73/><U72/><REACH who="1" step="1"/><E14/><REACH who="1" ten="230,280,240,240" step="2"/><V106/><F106/><W124/><G43/><T118/><D100/><U42/><E42/><V81/><F41/><W88/><G124/><T45/><D15/><U110/><E110/><V47/><F114/><W6/><G122/><T30/><D119/><U87/><E87/><V48/><F86/><W113/><G123/><T1/><D118/><U115/><E115/><V97/><F84/><W3/><G113/><T24/><D117/><U83/><E83/><V19/><F81/><W130/><G3/><T75/><D1/><U131/><E131/><V89/><F97/><W27/><G129/><T109/><D96/><U99/><E99/><V91/><F37/><W111/><G130/><T46/><D109/><U95/><E95/><V21/><F91/><W22/><G128/><RYUUKYOKU ba="0,1" sc="230,-10,280,30,240,-10,240,-10" hai1="9,12,36,39,53,59,60,62,64,71,72,76,82" /><INIT seed="1,1,1,4,5,96" ten="220,310,230,230" oya="1" hai0="125,40,45,38,119,50,64,36,81,22,28,108,129" hai1="89,14,91,29,25,131,30,18,53,106,135,95,24" hai2="127,0,75,79,6,122,84,101,76,43,102,60,47" hai3="33,87,5,10,8,77,65,117,13,35,124,78,67"/><U31/><E106/><V15/><F122/><W55/><G124/><T2/><D119/><U23/><E131/><V83/><F127/><W12/><G117/><T62/><D129/><U99/><E135/><V111/><F111/><W107/><G107/><T16/><D108/><U132/><E132/><V103/><F60/><W17/><G55/><T133/><D2/><U66/><E66/><V97/><F0/><W80/><G78/><T1/><D1/><U123/><E123/><V48/><F79/><W92/><REACH who="3" step="1"/><G92/><REACH who="3" ten="220,310,230,220" step="2"/><T85/><D125/><U37/><E53/><V134/><F134/><W9/><G9/><T69/><D133/><U63/><E37/><V115/><F115/><W41/><G41/><T54/><D54/><U105/><E105/><N who="2" m="63663" /><F75/><W61/><G61/><T49/><D36/><U86/><REACH who="1" step="1"/><E63/><REACH who="1" ten="220,300,230,220" step="2"/><V72/><F72/><W57/><G57/><T110/><D110/><U88/><E88/><V26/><F76/><W46/><G46/><T3/><D62/><U128/><E128/><V113/><F113/><W126/><G126/><T7/><D45/><U120/><E120/><V11/><F47/><W73/><G73/><T56/><D38/><U32/><E32/><AGARI ba="1,3" hai="5,8,10,12,13,17,32,33,35,65,67,77,80,87" machi="32" ten="40,1300,0" yaku="1,1,53,0" doraHai="96" doraHaiUra="109" who="3" fromWho="1" sc="220,0,300,-16,230,0,220,46" /><INIT seed="2,0,0,0,1,113" ten="220,284,230,266" oya="2" hai0="2,47,53,64,10,23,126,35,41,99,86,56,61" hai1="133,76,54,89,55,114,4,33,52,59,102,14,22" hai2="71,104,118,125,107,65,101,27,116,106,46,39,45" hai3="74,110,3,85,92,93,5,75,6,111,130,63,73"/><V81/><F101/><W103/><G63/><T48/><D35/><U68/><E114/><V31/><F125/><W49/><G49/><T105/><D126/><U7/><E33/><N who="2" m="20735" /><F81/><W12/><G12/><T77/><D105/><U72/><E68/><V87/><F87/><W78/><G130/><T115/><D115/><U96/><E72/><V8/><F46/><W30/><G30/><T13/><D2/><U69/><E69/><V98/><F8/><W90/><G3/><T40/><D99/><U134/><E76/><V66/><F66/><W100/><G6/><N who="1" m="2090" /><E89/><V19/><F19/><W26/><G26/><T131/><D131/><U97/><E14/><V135/><F98/><N who="1" m="37993" /><E22/><V1/><F135/><N who="1" m="51721" /><E102/><N who="3" m="38954" /><G5/><N who="0" m="3279" /><D23/><U29/><E29/><V58/><F1/><W80/><G111/><T82/><AGARI ba="0,0" hai="40,41,47,48,53,56,61,64,77,82,86" m="3279" machi="82" ten="30,1100,0" yaku="8,1" doraHai="113" who="0" fromWho="0" sc="220,11,284,-3,230,-5,266,-3" /><INIT seed="3,0,0,2,5,27" ten="231,281,225,263" oya="3" hai0="21,29,37,77,65,43,105,18,126,103,99,38,133" hai1="98,59,17,112,134,96,120,57,53,84,10,82,131" hai2="67,75,22,106,91,61,31,119,13,30,104,40,79" hai3="2,35,74,123,6,39,97,76,20,68,51,121,116"/><W128/><G128/><T28/><D133/><U64/><E120/><V8/><F119/><W89/><G116/><T110/><D110/><U49/><E112/><V78/><F40/><W90/><G51/><T16/><D126/><U66/><E131/><V32/><F32/><W132/><G20/><T130/><D130/><U124/><E124/><V14/><F91/><W24/><G89/><T47/><D38/><U127/><E127/><V58/><F75/><W117/><G90/><T25/><D77/><N who="2" m="29194" /><F106/><W80/><G97/><N who="1" m="37482" /><E59/><V45/><F104/><W70/><G132/><T55/><D65/><U122/><E134/><V114/><F114/><W50/><G50/><T36/><D36/><U11/><E122/><V73/><F73/><W3/><G117/><T93/><D55/><U42/><E42/><V48/><F22/><W118/><G39/><T62/><D105/><U54/><E54/><N who="2" m="29967" /><F14/><W85/><G118/><T88/><D103/><U115/><E115/><V60/><F60/><W135/><G85/><T0/><D62/><U129/><E129/><V63/><F63/><W46/><G135/><T5/><REACH who="0" step="1"/><D18/><AGARI ba="0,0" hai="8,13,18,30,31,58,61,67" m="29967,29194" machi="18" ten="30,3900,0" yaku="8,1,52,2" doraHai="27" who="2" fromWho="0" sc="231,-39,281,0,225,39,263,0" /><INIT seed="4,0,0,2,0,24" ten="192,281,264,263" oya="0" hai0="67,88,31,135,14,60,38,21,87,9,78,84,81" hai1="45,64,34,132,12,32,19,68,35,40,53,15,110" hai2="41,7,89,18,122,126,120,49,62,5,4,29,90" hai3="101,113,128,69,109,111,70,1,0,114,95,51,118"/><T6/><D38/><U25/><E110/><N who="3" m="41994" /><G51/><T112/><D112/><N who="3" m="43113" /><G95/><T72/><D135/><U73/><E73/><V99/><F126/><W20/><G20/><T98/><D98/><U124/><E124/><V59/><F122/><W3/><G101/><T8/><D8/><U85/><E132/><V11/><F49/><W17/><G17/><T39/><D39/><U107/><E107/><V91/><F41/><W123/><G118/><T104/><D104/><U133/><E133/><V76/><F18/><W47/><G47/><T13/><D72/><U82/><E12/><V100/><F120/><W61/><G61/><T30/><D21/><U26/><E53/><V127/><F100/><W36/><G36/><T43/><D43/><U94/><E94/><V75/><F127/><W129/><G123/><T102/><D102/><U86/><E64/><V79/><F99/><W63/><G63/><T22/><D22/><U42/><E42/><V71/><F62/><W97/><G97/><T115/><D14/><U108/><E108/><V55/><F55/><W80/><G80/><N who="0" m="49159" /><D115/><U83/><E83/><V27/><F75/><W16/><G16/><T74/><D74/><U93/><E93/><V77/><F11/><W134/><G134/><T28/><D60/><U2/><E82/><V52/><F52/><W116/><G116/><T106/><D106/><U46/><E40/><V131/><F7/><W54/><G54/><T23/><D23/><U66/><E66/><AGARI ba="0,0" hai="6,9,13,28,30,31,66,67,78,81,87" m="49159" machi="66" ten="30,12000,1" yaku="8,1,52,3,54,1" doraHai="24" who="0" fromWho="1" sc="192,120,281,-120,264,0,263,0" /><INIT seed="4,1,0,3,0,62" ten="312,161,264,263" oya="0" hai0="64,36,84,54,121,12,106,85,46,95,123,74,63" hai1="79,117,42,113,112,49,26,72,45,37,73,91,120" hai2="125,58,30,109,38,17,15,93,105,47,60,86,69" hai3="8,21,34,94,4,29,27,83,40,78,33,114,56"/><T82/><D106/><U61/><E120/><V22/><F109/><W88/><G114/><N who="1" m="44138" /><E117/><V96/><F69/><W71/><G71/><T13/><D123/><U51/><E26/><V134/><F134/><W53/><G40/><T2/><D2/><U44/><E91/><V99/><F125/><W133/><G133/><T3/><D3/><U24/><E24/><V43/><F105/><W7/><G83/><T0/><D0/><U14/><E14/><V119/><F119/><W35/><G78/><T126/><D121/><U39/><E79/><V111/><F111/><W16/><G7/><T11/><D126/><U23/><E23/><V81/><F93/><W102/><G102/><T41/><D12/><U75/><E61/><V92/><F30/><W19/><G53/><AGARI ba="1,0" hai="37,39,42,44,45,49,51,53,72,73,75" m="44138" machi="53" ten="40,2600,0" yaku="15,1,11,1" doraHai="62" who="1" fromWho="3" sc="312,0,161,29,264,0,263,-29" /><INIT seed="5,0,0,1,0,99" ten="312,190,264,234" oya="1" hai0="13,4,23,40,104,17,134,120,33,47,69,36,60" hai1="11,103,42,94,41,57,63,55,48,106,19,123,10" hai2="44,128,29,124,100,101,68,80,46,38,21,129,117" hai3="133,135,131,91,45,50,59,22,20,74,67,98,95"/><U18/><E123/><V64/><F117/><W16/><G74/><T79/><D33/><U35/><E35/><V110/><F110/><W1/><G131/><N who="2" m="50249" /><F124/><W105/><G105/><T75/><D104/><U86/><E106/><V27/><F80/><W118/><G1/><T7/><D120/><U113/><E113/><V62/><F46/><W49/><G118/><T96/><D96/><N who="1" m="59799" /><E86/><V87/><F87/><W88/><G91/><T77/><D134/><N who="3" m="51209" /><G45/><T93/><D93/><U53/><E42/><AGARI ba="0,0" hai="21,27,29,38,42,44,62,64,68,100,101" m="50249" machi="42" ten="30,3900,0" yaku="19,1,52,2" doraHai="99" who="2" fromWho="1" sc="312,0,190,-39,264,39,234,0" /><INIT seed="6,0,0,3,3,123" ten="312,151,303,234" oya="2" hai0="29,83,77,68,24,99,40,66,133,74,134,104,13" hai1="45,124,28,131,39,36,33,112,106,103,59,116,62" hai2="43,57,11,49,27,70,32,81,88,4,79,65,121" hai3="18,50,118,35,91,2,76,3,120,16,23,132,71"/><V84/><F121/><W98/><G132/><N who="0" m="50795" /><D40/><U115/><E28/><V67/><F70/><W1/><G71/><T14/><D99/><U130/><E33/><V19/><F32/><W69/><G69/><T48/><D48/><U122/><E103/><V9/><F79/><W87/><G76/><T117/><D104/><U52/><E106/><V26/><F4/><W25/><G98/><T107/><D107/><U113/><E122/><V22/><F27/><W31/><G50/><T64/><D117/><U5/><E5/><V126/><F126/><W44/><G44/><T61/><D64/><N who="2" m="24650" /><F57/><W128/><G128/><N who="1" m="49194" /><E116/><V127/><F127/><W78/><G78/><T75/><D75/><U94/><E94/><V72/><F72/><W96/><G96/><T102/><D102/><U129/><N who="1" m="49202" /><U89/><DORA hai="111" /><E89/><V135/><F135/><W7/><G118/><T95/><D95/><U92/><E92/><V58/><F58/><W42/><G120/><T38/><D38/><N who="1" m="14379" /><E124/><V30/><F30/><W110/><G31/><T20/><AGARI ba="0,0" hai="13,14,20,24,29,61,66,68,74,77,83" m="50795" machi="20" ten="30,1100,0" yaku="20,1" doraHai="123,111" who="0" fromWho="0" sc="312,11,151,-3,303,-5,234,-3" /><INIT seed="7,0,0,2,4,40" ten="323,148,298,231" oya="3" hai0="50,2,20,134,132,9,58,62,51,44,19,94,110" hai1="17,34,122,83,18,118,92,119,14,3,127,29,128" hai2="28,68,33,24,87,120,27,109,71,133,75,125,72" hai3="61,46,43,7,45,25,64,88,112,12,5,31,93"/><W95/><G112/><T115/><D110/><U15/><E83/><V78/><F109/><W90/><G43/><T102/><D115/><U80/><E80/><V39/><F87/><N who="3" m="52383" /><G31/><T60/><D44/><N who="3" m="17001" /><G25/><T114/><D114/><U107/><E107/><V70/><F125/><W113/><G113/><T74/><D74/><U99/><E127/><V11/><F27/><W59/><G12/><N who="0" m="7567" /><D2/><U111/><E92/><V82/><F24/><W135/><G135/><N who="0" m="51755" /><D20/><N who="1" m="11319" /><E99/><AGARI ba="0,0" hai="5,7,59,61,64,90,95,99" m="17001,52383" machi="99" ten="30,12000,1" yaku="8,1,52,3,54,1" doraHai="40" who="3" fromWho="1" sc="323,0,148,-120,298,0,231,120" owari="323,12.0,28,-47.0,298,-10.0,351,45.0" /></mjloggm>