<mjloggm ver="2.3"><GO type="41" lobby="0"/><UN n0="%5A%65%61%6C" n1="%E2%93%9D%53%75%70%68%78" n2="%E3%82%B3%E3%83%AD%E3%83%8A%EF%BC%92%EF%BC%90%EF%BC%92%EF%BC%90" n3="%E5%A4%AA%E9%99%BD%E3%81%AE%E3%83%88%E3%83%83%E3%83%88" dan="14,18,14,13" rate="1952.85,2117.82,1915.53,1857.64" sx="M,M,M,M"/><TAIKYOKU oya="0"/><INIT seed="0,0,0,4,1,3" ten="250,250,250,250" oya="0" hai0="110,46,133,30,5,18,21,90,92,75,74,108,32" hai1="38,40,119,72,88,52,79,116,76,47,68,102,56" hai2="78,117,124,107,50,87,125,31,120,48,0,67,26" hai3="42,35,23,6,80,8,114,10,22,130,122,12,129"/><T27/><D133/><U59/><E102/><V100/><F120/><W109/><G80/><T77/><D46/><U58/><E72/><V53/><F67/><W69/><G42/><T44/><D44/><U17/><E17/><V82/><F117/><W1/><G69/><T103/><D103/><U4/><E4/><V64/><F64/><W36/><G36/><T83/><D5/><U54/><E88/><V104/><F0/><W101/><G101/><T99/><REACH who="0" step="1"/><D75/><REACH who="0" ten="240,250,250,250" step="2"/><U105/><E105/><V135/><F100/><W51/><G122/><T45/><D45/><U115/><E119/><V113/><F135/><W66/><G114/><T39/><D39/><U7/><E7/><V34/><F113/><W123/><G123/><T16/><D16/><U13/><E116/><V85/><F107/><W43/><G109/><T63/><D63/><U98/><E115/><V20/><F104/><W95/><G6/><T33/><D33/><U60/><E38/><V112/><F112/><W132/><G35/><T14/><AGARI ba="0,1" hai="14,18,21,27,30,32,74,77,83,90,92,99,108,110" machi="14" ten="30,6000,0" yaku="1,1,0,1,53,1" doraHai="3" doraHaiUra="86" who="0" fromWho="0" sc="240,70,250,-20,250,-20,250,-20" /><INIT seed="0,1,0,0,1,120" ten="310,230,230,230" oya="0" hai0="108,135,15,97,81,117,22,24,35,16,104,8,101" hai1="26,127,38,106,124,9,68,75,80,10,98,118,42" hai2="12,7,40,11,14,103,4,88,125,84,129,131,61" hai3="23,33,63,105,121,25,47,53,65,52,111,100,49"/><T30/><D117/><U45/><E118/><V113/><F113/><W39/><G121/><T86/><D135/><U82/><E68/><V6/><F125/><N who="1" m="48201" /><E26/><V83/><F103/><W29/><G39/><T115/><D115/><U109/><E109/><V128/><F40/><W96/><G111/><T94/><D108/><U89/><E89/><V27/><F27/><W70/><G23/><T114/><D114/><U77/><E82/><V112/><F112/><W54/><AGARI ba="1,0" hai="25,29,33,47,49,52,53,54,63,65,70,96,100,105" machi="54" ten="20,8000,1" yaku="0,1,7,1,25,2,54,1" doraHai="120" who="3" fromWho="3" sc="310,-41,230,-21,230,-21,230,83" /><INIT seed="1,0,0,1,0,39" ten="269,209,209,313" oya="1" hai0="134,130,59,67,118,46,103,32,106,129,23,25,36" hai1="80,76,44,9,92,127,114,101,77,86,14,27,69" hai2="88,93,41,33,91,95,26,111,19,126,72,132,54" hai3="66,12,43,45,21,62,135,113,28,37,3,29,97"/><U90/><E127/><V48/><F72/><W17/><G113/><T104/><D118/><U16/><E114/><V15/><F111/><W52/><G3/><T35/><D67/><U34/><E69/><V61/><F126/><W83/><G135/><T65/><D65/><U123/><E123/><V131/><F132/><W57/><G97/><T1/><D1/><U133/><E133/><V53/><F131/><W47/><G83/><T89/><D89/><U120/><E120/><V10/><F26/><W50/><AGARI ba="0,0" hai="12,17,21,28,29,37,43,45,47,50,52,57,62,66" machi="50" ten="30,4000,0" yaku="0,1,52,1,54,1" doraHai="39" who="3" fromWho="3" sc="269,-10,209,-20,209,-10,313,40" /><INIT seed="2,0,0,1,4,110" ten="259,189,199,353" oya="2" hai0="65,107,76,118,109,6,103,59,50,101,111,69,13" hai1="113,90,112,24,40,46,63,52,0,15,4,11,7" hai2="81,9,17,31,80,26,130,126,114,25,125,29,35" hai3="132,86,28,2,84,117,73,49,34,85,43,89,121"/><V129/><F81/><W75/><G117/><T41/><D76/><U122/><E122/><V20/><F80/><W60/><G2/><T74/><D74/><U106/><E106/><V53/><F53/><W105/><G105/><T68/><D118/><U102/><E102/><V124/><F114/><W97/><G60/><T14/><D107/><U67/><E24/><V100/><F100/><W127/><G127/><T22/><D22/><U1/><E90/><V96/><F96/><W131/><G131/><N who="2" m="50185" /><F9/><W33/><G28/><AGARI ba="0,0" hai="17,20,25,26,28,29,31,35,124,125,126" m="50185" machi="28" ten="40,12000,1" yaku="18,1,19,1,34,2" doraHai="110" who="2" fromWho="3" sc="259,0,189,0,199,120,353,-120" /><INIT seed="2,1,0,2,1,119" ten="259,189,319,233" oya="2" hai0="75,35,36,81,14,82,118,67,111,131,6,44,102" hai1="72,10,109,115,18,39,52,95,2,41,135,92,58" hai2="126,28,78,46,103,56,129,117,4,64,5,53,108" hai3="19,0,57,100,66,16,124,60,123,21,112,134,59"/><V69/><F117/><W107/><G123/><T32/><D118/><U13/><E115/><V71/><F78/><W43/><G112/><T101/><D111/><U86/><E72/><V116/><F116/><W22/><G43/><T65/><D131/><U54/><E109/><V20/><F108/><W87/><G0/><T104/><D104/><U45/><E135/><V74/><F74/><W85/><G134/><T68/><D68/><U70/><E70/><V62/><F129/><W33/><G33/><T80/><D36/><U24/><E54/><V12/><F126/><W27/><G124/><T132/><D132/><U133/><E2/><V125/><F125/><W50/><G107/><T76/><D44/><U31/><E86/><V84/><F103/><W26/><G100/><T61/><D6/><U29/><E29/><V83/><F69/><W79/><G79/><T49/><D49/><U120/><E120/><V128/><F128/><W34/><G34/><T89/><D14/><U121/><E121/><V105/><F105/><W55/><AGARI ba="1,0" hai="16,19,21,22,26,27,50,55,57,59,60,66,85,87" machi="55" ten="30,7900,0" yaku="0,1,9,1,8,1,54,1" doraHai="119" who="3" fromWho="3" sc="259,-21,189,-21,319,-40,233,82" /><INIT seed="3,0,0,1,5,38" ten="238,168,279,315" oya="3" hai0="81,13,124,11,88,45,128,8,19,40,46,91,39" hai1="3,132,92,16,112,32,67,74,79,135,54,58,127" hai2="120,113,56,126,60,51,131,35,52,95,14,48,6" hai3="71,70,53,119,121,77,96,72,86,30,25,82,78"/><W129/><G119/><T9/><D128/><U123/><E123/><V57/><F113/><W23/><G121/><T87/><D124/><U105/><E105/><V106/><F106/><W41/><G129/><T20/><REACH who="0" step="1"/><D46/><REACH who="0" ten="228,168,279,315" step="2"/><U114/><E127/><V47/><F131/><W93/><G71/><T102/><D102/><U83/><E114/><V115/><F126/><W110/><G70/><T122/><D122/><U107/><E112/><V28/><F115/><W65/><G110/><T73/><D73/><U62/><E135/><V103/><F120/><W80/><G65/><T27/><D27/><U49/><E132/><V69/><F69/><W109/><G109/><T125/><D125/><U133/><E133/><V37/><F47/><W7/><G7/><T5/><D5/><U12/><E67/><V85/><F6/><W118/><G118/><T97/><D97/><U94/><E74/><V100/><F103/><W0/><G0/><T43/><D43/><U17/><E3/><V84/><F100/><W50/><G41/><T134/><D134/><U61/><E54/><V76/><F52/><W22/><G96/><T42/><D42/><U55/><E55/><V33/><F56/><W15/><G53/><T101/><D101/><U10/><E107/><V75/><F57/><W111/><G111/><T29/><D29/><U90/><E58/><V104/><F28/><W36/><G72/><T1/><D1/><U4/><E4/><V98/><F75/><W68/><G30/><T117/><D117/><U59/><E59/><V18/><F98/><W116/><G116/><T31/><D31/><RYUUKYOKU ba="0,1" sc="228,30,168,-10,279,-10,315,-10" hai0="8,9,11,13,19,20,39,40,45,81,87,88,91" /><INIT seed="4,1,1,5,5,99" ten="258,158,269,305" oya="0" hai0="103,105,13,104,59,7,5,51,100,116,61,94,70" hai1="107,25,128,14,41,12,23,44,8,81,26,73,50" hai2="108,4,18,67,132,93,43,22,117,40,17,21,134" hai3="6,90,126,2,118,63,9,130,131,57,101,37,35"/><T78/><D116/><U133/><E128/><N who="3" m="49194" /><G37/><T62/><D70/><U30/><E133/><V115/><F117/><W84/><G118/><T69/><D69/><U19/><E107/><V121/><F108/><W76/><G76/><T86/><D105/><U55/><E73/><V110/><F110/><W54/><G35/><T125/><D125/><U75/><E75/><V119/><F119/><W114/><G114/><T65/><D104/><U122/><E122/><V33/><F33/><W71/><G71/><T79/><D62/><U16/><E81/><V0/><F115/><W32/><G32/><T77/><D51/><U129/><E129/><V52/><F67/><W3/><G101/><N who="0" m="38987" /><D13/><U15/><REACH who="1" step="1"/><E41/><REACH who="1" ten="258,148,269,305" step="2"/><V66/><F43/><W47/><G126/><T72/><D72/><U68/><E68/><V98/><F40/><W123/><G123/><T46/><D46/><U89/><E89/><AGARI ba="1,2" hai="5,7,59,61,65,77,78,79,86,89,94" m="38987" machi="89" ten="30,11600,0" yaku="8,1,52,3" doraHai="99" who="0" fromWho="1" sc="258,139,148,-119,269,0,305,0" /><INIT seed="4,2,0,4,0,81" ten="397,29,269,305" oya="0" hai0="82,73,87,39,68,93,107,117,135,29,105,92,71" hai1="16,104,56,128,108,48,103,115,20,32,79,18,84" hai2="110,113,99,72,45,85,35,37,0,67,78,86,129" hai3="34,19,125,133,101,55,42,112,54,2,50,118,10"/><T22/><D117/><U100/><E108/><V14/><F110/><W80/><G118/><T111/><D111/><U6/><E32/><V66/><F35/><W109/><G112/><T127/><D39/><U90/><E128/><V47/><F0/><W31/><G101/><T83/><D29/><U57/><E79/><V3/><F3/><W119/><G119/><T98/><D22/><U12/><E115/><V4/><F113/><W96/><G96/><T26/><D26/><U7/><E104/><V77/><F72/><W126/><G133/><T74/><D127/><U11/><E103/><V63/><F99/><W53/><G80/><T38/><D38/><U102/><E102/><V91/><F91/><W21/><G31/><T120/><D120/><U65/><E100/><V8/><F37/><W123/><G34/><T95/><D135/><U24/><E65/><N who="2" m="24587" /><F63/><W62/><G62/><T51/><D51/><U5/><REACH who="1" step="1"/><E48/><REACH who="1" ten="397,19,269,305" step="2"/><V44/><F129/><W23/><G109/><T131/><D131/><U134/><E134/><V27/><F27/><W15/><G123/><T60/><D107/><U43/><E43/><V124/><F124/><N who="3" m="47723" /><G50/><T59/><D105/><U64/><E64/><V76/><AGARI ba="2,1" hai="4,8,14,44,45,47,76,77,78,85,86" m="24587" machi="76" ten="40,5200,0" yaku="8,1,52,2" doraHai="81" who="2" fromWho="2" sc="397,-28,19,-15,269,68,305,-15" /><INIT seed="5,0,0,2,4,13" ten="369,4,337,290" oya="1" hai0="107,95,78,38,63,16,36,102,110,74,128,116,97" hai1="71,31,25,96,100,72,30,52,0,79,22,46,14" hai2="130,67,129,26,53,27,4,90,58,94,37,91,24" hai3="84,115,34,85,41,19,8,118,125,18,120,47,33"/><U11/><E71/><V62/><F37/><W111/><G120/><T69/><D110/><U29/><E0/><V133/><F133/><W124/><G111/><T109/><D109/><U70/><E70/><V114/><F4/><W32/><G118/><T39/><D116/><U64/><E64/><V66/><F114/><W83/><G8/><T2/><D128/><N who="2" m="49258" /><F91/><N who="3" m="51615" /><G85/><AGARI ba="0,0" hai="24,26,27,53,58,62,66,67,85,90,94" m="49258" machi="85" ten="30,1000,0" yaku="19,1" doraHai="13" who="2" fromWho="3" sc="369,0,4,0,337,10,290,-10" /><INIT seed="6,0,0,5,5,107" ten="369,4,347,280" oya="2" hai0="27,12,91,54,77,125,102,97,116,123,80,108,100" hai1="9,70,57,71,32,25,5,132,41,109,11,39,20" hai2="67,84,127,101,98,55,130,7,45,35,50,128,47" hai3="23,113,104,36,110,65,99,95,16,82,89,60,135"/><V76/><F35/><W78/><G110/><T56/><D108/><U1/><E57/><V126/><F7/><W120/><G120/><T46/><D125/><N who="2" m="47626" /><F67/><W52/><G36/><T72/><D123/><U105/><E109/><V114/><F114/><W26/><G113/><T117/><D46/><U75/><E132/><V51/><F84/><W121/><G121/><T28/><D12/><U19/><E11/><V96/><F76/><W33/><G33/><T129/><D129/><N who="2" m="49770" /><F101/><W59/><G135/><T66/><D66/><U79/><E105/><V42/><AGARI ba="0,0" hai="42,45,47,50,51,55,96,98" m="49770,47626" machi="42" ten="30,3000,0" yaku="18,1,19,1" doraHai="107" who="2" fromWho="2" sc="369,-10,4,-10,347,30,280,-10" owari="359,16.0,-6,-51.0,377,48.0,270,-13.0" /></mjloggm>