<mjloggm ver="2.3"><GO type="41" lobby="0"/><UN n0="%E2%93%9D%53%75%70%68%78" n1="%E3%82%8C%E3%81%99%E3%81%93" n2="%E6%9C%AA%E6%9D%A5%E3%81%AE%E9%BA%BB%E9%9B%80%E3%83%97%E3%83%AD" n3="%E5%85%85" dan="18,15,13,14" rate="2079.39,2074.74,1822.93,1807.01" sx="M,F,M,M"/><TAIKYOKU oya="0"/><INIT seed="0,0,0,4,2,83" ten="250,250,250,250" oya="0" hai0="41,24,12,54,28,57,48,33,79,0,111,100,16" hai1="70,72,86,87,96,68,133,35,25,59,32,81,110" hai2="78,102,53,112,55,98,20,51,130,13,77,19,74" hai3="119,126,124,93,36,61,94,113,21,85,38,91,18"/><T67/><D0/><U118/><E118/><V128/><F112/><W27/><G119/><T131/><D131/><N who="2" m="50218" /><F74/><W15/><G113/><T40/><D111/><U60/><E110/><V108/><F108/><W80/><G61/><T17/><D17/><U95/><E133/><V5/><F5/><W114/><G114/><T50/><D67/><U8/><E8/><V42/><F42/><W52/><G52/><N who="2" m="20041" /><F51/><W31/><G94/><AGARI ba="0,0" hai="13,19,20,77,78,94,98,102" m="20041,50218" machi="94" ten="30,2000,0" yaku="19,1,54,1" doraHai="83" who="2" fromWho="3" sc="250,0,250,0,250,20,250,-20" /><INIT seed="1,0,0,5,2,85" ten="250,250,270,230" oya="1" hai0="30,104,60,5,19,86,113,65,128,114,72,8,100" hai1="81,32,48,50,130,10,124,14,2,102,75,54,112" hai2="57,121,88,21,51,82,3,83,69,40,37,92,22" hai3="45,18,122,74,44,41,7,33,80,63,95,135,134"/><U23/><E112/><V0/><F121/><W90/><G122/><T4/><D72/><U115/><E115/><V127/><F127/><W76/><G33/><T17/><D128/><U118/><E32/><V13/><F69/><W25/><G7/><T36/><D36/><U107/><E118/><V91/><F92/><W131/><G131/><T38/><D38/><U73/><E2/><V126/><F37/><W84/><G63/><T99/><D5/><U35/><E35/><V67/><F67/><W133/><G41/><T79/><D30/><U103/><E23/><AGARI ba="0,0" hai="18,23,25,44,45,74,76,80,84,90,95,133,134,135" machi="23" ten="40,2600,0" yaku="20,1,52,1" doraHai="85" who="3" fromWho="1" sc="250,0,250,-26,270,0,230,26" /><INIT seed="2,0,0,1,0,71" ten="250,224,270,256" oya="2" hai0="97,12,131,122,87,129,36,114,42,48,66,7,79" hai1="135,47,112,85,123,29,2,83,19,65,67,109,53" hai2="105,91,41,103,11,104,55,102,60,15,59,5,70" hai3="119,13,106,80,31,110,132,125,86,96,52,43,62"/><V116/><F116/><W46/><G119/><T57/><D97/><U113/><E2/><V73/><F73/><W16/><G132/><T61/><D7/><U27/><E109/><V115/><F115/><W94/><G106/><T117/><D12/><U128/><E135/><V88/><F70/><W39/><G125/><T4/><D4/><U120/><E19/><V133/><F133/><W14/><G31/><T63/><D87/><U40/><E53/><V121/><F121/><N who="1" m="46665" /><E128/><N who="0" m="49225" /><D79/><N who="1" m="46335" /><E113/><V28/><F41/><W111/><G13/><T18/><D18/><U108/><E108/><V118/><F118/><W56/><G16/><T81/><D81/><U58/><E58/><V44/><F28/><W26/><G14/><T32/><D122/><U130/><E112/><V37/><F105/><W10/><G10/><T23/><D23/><N who="1" m="15615" /><E130/><V9/><F104/><W68/><G68/><N who="0" m="42063" /><D32/><U98/><E98/><V93/><F9/><W74/><G26/><T24/><D24/><U34/><E34/><V84/><REACH who="2" step="1"/><F91/><REACH who="2" ten="250,224,260,256" step="2"/><W1/><G74/><T3/><D114/><U89/><E89/><V30/><F30/><W38/><G111/><T90/><D90/><U6/><E6/><V76/><F76/><W35/><G110/><T0/><D117/><U95/><E95/><V17/><F17/><W8/><G94/><T22/><D22/><U33/><E33/><V50/><F50/><AGARI ba="0,1" hai="40,47,50,65,67" m="15615,46335,46665" machi="50" ten="30,1000,0" yaku="13,1" doraHai="71" who="1" fromWho="2" sc="250,0,224,20,260,-10,256,0" /><INIT seed="3,0,0,4,5,92" ten="250,244,250,256" oya="3" hai0="8,125,1,91,21,118,13,40,129,119,78,56,123" hai1="41,50,109,69,95,7,70,111,89,28,63,120,19" hai2="126,18,90,36,44,38,22,31,79,27,103,75,3" hai3="30,20,104,98,39,93,32,47,112,86,116,97,128"/><W127/><G128/><T42/><D123/><U61/><E120/><V17/><F126/><W57/><G116/><T33/><D33/><U68/><E28/><V114/><F114/><W54/><G112/><T117/><D78/><U23/><E7/><V84/><F3/><W59/><G32/><T66/><D1/><U16/><E41/><V96/><F38/><W74/><G74/><T4/><D125/><U43/><E43/><V108/><F108/><N who="1" m="41545" /><E50/><V37/><F37/><W51/><G39/><T9/><D129/><U71/><N who="1" m="17408" /><DORA hai="88" /><U12/><E19/><V99/><F44/><W10/><G127/><T130/><D130/><U64/><E64/><V77/><F36/><W133/><G104/><T122/><D66/><U85/><AGARI ba="0,0" hai="12,16,23,61,63,85,89,95" m="17408,41545" machi="85" ten="60,7900,0" yaku="14,1,52,1,54,1" doraHai="92,88" who="1" fromWho="1" sc="250,-20,244,79,250,-20,256,-39" /><INIT seed="4,0,0,3,2,60" ten="230,323,230,217" oya="0" hai0="55,76,119,36,108,41,122,128,75,57,86,5,93" hai1="8,45,12,22,129,14,80,89,73,24,53,120,34" hai2="109,27,91,78,103,63,32,37,7,6,96,31,65" hai3="107,94,56,21,15,131,101,105,84,43,11,116,47"/><T35/><D119/><U72/><E120/><V40/><F109/><W49/><G131/><T110/><D122/><U127/><E34/><V1/><F91/><W23/><G116/><T25/><D5/><U85/><E127/><V98/><F98/><W33/><G33/><T77/><D75/><U66/><E129/><V115/><F78/><W97/><G84/><T50/><D128/><U42/><E53/><V79/><F79/><W95/><G107/><T125/><D125/><U117/><E66/><V106/><F115/><W74/><G74/><T16/><D41/><U19/><E14/><V29/><F29/><W20/><REACH who="3" step="1"/><G56/><REACH who="3" ten="230,323,230,207" step="2"/><T130/><D130/><U58/><E58/><V61/><F1/><W52/><G52/><T0/><D0/><U100/><E117/><V30/><F32/><W62/><G62/><T83/><D110/><U81/><E73/><V126/><F63/><W112/><G112/><T114/><D108/><U69/><E72/><V44/><F126/><W111/><G111/><T68/><D114/><U113/><E113/><V82/><F82/><W10/><G10/><T46/><D35/><U133/><E81/><V3/><F3/><W67/><G67/><T18/><D83/><U71/><E80/><V28/><REACH who="2" step="1"/><F27/><REACH who="2" ten="230,323,220,207" step="2"/><W132/><G132/><T48/><D25/><U13/><E133/><V123/><F123/><W26/><G26/><T2/><D77/><U17/><E24/><V118/><F118/><W134/><G134/><T64/><D76/><U70/><E85/><V87/><F87/><W99/><G99/><T102/><D86/><U9/><E13/><RYUUKYOKU ba="0,2" sc="230,-15,323,-15,220,15,207,15" hai2="6,7,28,30,31,37,40,44,61,65,96,103,106" hai3="11,15,20,21,23,43,47,49,94,95,97,101,105" /><INIT seed="5,1,2,1,2,32" ten="215,308,235,222" oya="1" hai0="16,59,33,129,55,61,67,30,50,101,10,82,76" hai1="106,64,66,78,96,86,123,36,130,112,1,133,103" hai2="99,116,43,37,21,58,83,69,41,109,128,108,47" hai3="44,39,2,124,34,42,93,105,73,131,74,94,19"/><U126/><E123/><V24/><F116/><W114/><G105/><T68/><D129/><U26/><E36/><V11/><F69/><W28/><G131/><T31/><D33/><U5/><E130/><V111/><F128/><W25/><G124/><T65/><D101/><U77/><E112/><V135/><F135/><W71/><G71/><T49/><D49/><U54/><E126/><V91/><F11/><W85/><G2/><T102/><D102/><U119/><E119/><V35/><F35/><W70/><G70/><T9/><D67/><U134/><E26/><V38/><F58/><W29/><G29/><T100/><D100/><U8/><E54/><V84/><F99/><W87/><G114/><T57/><D68/><U46/><E46/><V115/><F115/><W15/><G87/><N who="0" m="48583" /><D10/><U117/><E117/><V27/><REACH who="2" step="1"/><F21/><REACH who="2" ten="215,308,225,222" step="2"/><W14/><G34/><T60/><D60/><U12/><E134/><V51/><F51/><W48/><G48/><T118/><D118/><U98/><E133/><V90/><F90/><W20/><G20/><T18/><D9/><U40/><E8/><V89/><F89/><W127/><G127/><T72/><D72/><U97/><E103/><V79/><F79/><W80/><G74/><T17/><AGARI ba="1,3" hai="16,17,18,30,31,50,55,57,59,61,65" m="48583" machi="17" ten="30,2000,0" yaku="8,1,54,1" doraHai="32" who="0" fromWho="0" sc="215,53,308,-11,225,-6,222,-6" /><INIT seed="6,0,0,3,1,72" ten="268,297,219,216" oya="2" hai0="39,52,84,5,1,69,35,25,63,30,117,100,122" hai1="131,99,33,50,42,36,87,11,116,124,41,8,4" hai2="106,18,65,75,24,12,29,121,76,44,125,7,129" hai3="68,97,79,6,48,21,19,95,22,91,118,56,119"/><V59/><F121/><W89/><G68/><T78/><D39/><U109/><E109/><V66/><F129/><W113/><G6/><T93/><D122/><U135/><E116/><V112/><F106/><W86/><G113/><T38/><D38/><U45/><E33/><V57/><F7/><W126/><G126/><T92/><D100/><U105/><E124/><V51/><F112/><W98/><G22/><T3/><D117/><U71/><E71/><V70/><F70/><W111/><G111/><T13/><D13/><U40/><E135/><V133/><F133/><W115/><G115/><T73/><D73/><U94/><E131/><V0/><F0/><W23/><G23/><T110/><D110/><U103/><E36/><V88/><F76/><W80/><G56/><N who="2" m="21577" /><F75/><W62/><G62/><T10/><D3/><U96/><E87/><V132/><F132/><W61/><G61/><T64/><REACH who="0" step="1"/><D52/><REACH who="0" ten="258,297,219,216" step="2"/><U60/><E103/><V55/><F125/><W77/><G118/><T15/><D15/><U27/><E41/><V85/><F65/><W74/><G119/><T128/><D128/><U104/><E42/><V67/><F66/><W83/><G48/><T43/><D43/><U20/><E50/><V26/><F67/><W54/><G54/><T14/><D14/><U32/><E40/><V107/><F107/><W82/><G74/><T47/><D47/><U90/><E45/><V31/><F26/><N who="3" m="14655" /><G98/><T28/><D28/><U16/><E99/><V34/><F24/><W49/><G49/><T101/><D101/><U37/><E105/><V108/><F108/><W114/><G114/><RYUUKYOKU ba="0,1" sc="258,15,297,-15,219,-15,216,15" hai0="1,5,10,25,30,35,63,64,69,78,84,92,93" hai3="77,79,80,82,83,86,89,91,95,97" /><INIT seed="7,1,1,2,4,86" ten="273,282,204,231" oya="3" hai0="33,58,84,37,15,14,68,93,104,67,48,65,54" hai1="0,85,45,109,13,36,16,20,27,19,9,11,95" hai2="90,6,47,40,134,43,82,42,133,32,35,77,129" hai3="17,74,130,34,12,115,60,30,51,10,24,97,70"/><W46/><G74/><T88/><D104/><U91/><E109/><V121/><F129/><W101/><G130/><T64/><D33/><U100/><E0/><V57/><F6/><W52/><G115/><T71/><REACH who="0" step="1"/><D37/><REACH who="0" ten="263,282,204,231" step="2"/><U50/><E36/><V132/><F121/><W94/><G70/><AGARI ba="1,2" hai="14,15,48,54,58,64,65,67,68,70,71,84,88,93" machi="70" ten="40,8000,1" yaku="1,1,2,1,52,1,54,1,53,1" doraHai="86" doraHaiUra="83" who="0" fromWho="3" sc="263,103,282,0,204,0,231,-83" owari="366,47.0,282,8.0,204,-20.0,148,-35.0" /></mjloggm>