<mjloggm ver="2.3"><GO type="41" lobby="0"/><UN n0="%4D%E6%9C%AC" n1="%E7%A5%9E%E6%88%B8%E5%B0%8F%E9%B3%A5%E9%86%A4" n2="%E5%B9%B3%E5%B1%B1%28%4D%4A%29" n3="%E2%93%9D%53%75%70%68%78" dan="16,14,14,17" rate="2098.78,1976.53,1848.54,2050.45" sx="M,F,M,M"/><TAIKYOKU oya="0"/><INIT seed="0,0,0,0,0,85" ten="250,250,250,250" oya="0" hai0="8,89,104,14,131,48,126,88,44,6,60,81,114" hai1="51,9,118,78,1,128,115,91,79,107,49,39,103" hai2="21,105,63,108,73,110,19,80,66,129,77,11,56" hai3="38,93,71,130,67,76,64,32,54,33,4,101,119"/><T45/><D114/><U12/><E118/><V68/><F105/><W69/><G4/><T116/><D116/><U15/><E115/><V37/><F37/><W102/><G119/><T111/><D104/><U74/><E128/><V18/><F129/><W109/><G130/><T117/><D117/><U47/><E79/><V40/><F40/><W120/><G93/><T84/><D131/><U98/><E39/><V132/><F132/><W13/><G13/><T134/><D134/><U5/><E51/><V22/><F11/><W59/><G76/><N who="0" m="46119" /><D126/><U50/><E49/><V95/><F68/><W92/><G92/><T127/><D127/><U30/><E30/><V61/><F61/><W28/><G28/><T29/><D111/><N who="2" m="42538" /><F95/><W135/><G38/><T10/><D29/><U83/><REACH who="1" step="1"/><E91/><REACH who="1" ten="250,240,250,250" step="2"/><N who="0" m="34889" /><D60/><U75/><E75/><V42/><F73/><W34/><G109/><T65/><D65/><U23/><E23/><V133/><F133/><W16/><G67/><T122/><D122/><U94/><E94/><V20/><F77/><W55/><G135/><T46/><D10/><U123/><E123/><V58/><F80/><W35/><G64/><T3/><D3/><U52/><AGARI ba="0,1" hai="1,5,9,12,15,47,50,52,74,78,83,98,103,107" machi="52" ten="20,8000,1" yaku="1,1,0,1,7,1,54,1,53,1" doraHai="85" doraHaiUra="100" who="1" fromWho="1" sc="250,-40,240,90,250,-20,250,-20" /><INIT seed="1,0,0,4,0,25" ten="210,330,230,230" oya="1" hai0="40,50,68,67,81,109,39,72,47,93,132,107,112" hai1="94,20,32,92,36,9,37,2,56,6,55,90,43" hai2="129,111,48,45,100,24,97,101,86,83,120,115,74" hai3="117,53,134,78,51,4,126,71,46,65,98,42,38"/><U35/><E37/><V41/><F74/><W110/><G78/><T96/><D112/><U89/><E20/><V113/><F120/><W5/><G98/><T28/><D109/><U82/><E82/><V114/><F111/><W8/><G110/><T34/><D132/><U102/><E102/><V44/><F129/><W59/><G126/><T57/><D81/><U123/><E123/><V131/><F131/><W58/><G5/><T10/><D10/><U54/><E54/><V99/><F97/><W15/><G59/><T3/><D93/><U119/><E119/><V61/><F61/><N who="3" m="40367" /><G15/><T135/><D135/><U88/><E43/><V70/><F70/><W21/><G21/><T64/><D64/><U127/><E36/><V60/><F60/><W76/><G76/><T30/><D72/><U66/><E66/><V133/><F45/><W52/><G53/><N who="0" m="31927" /><D3/><U121/><E121/><V118/><F99/><W17/><G17/><T63/><D34/><U128/><E128/><V122/><F133/><W84/><G84/><T125/><D125/><U79/><E79/><V18/><F122/><W73/><G73/><T130/><D130/><U77/><E77/><V103/><F103/><AGARI ba="0,0" hai="28,30,39,40,47,63,67,68,96,103,107" m="31927" machi="103" ten="30,3900,0" yaku="24,1,52,2" doraHai="25" who="0" fromWho="2" sc="210,39,330,0,230,-39,230,0" /><INIT seed="2,0,0,5,1,94" ten="249,330,191,230" oya="2" hai0="55,6,93,26,11,25,103,31,29,56,105,21,87" hai1="108,123,118,34,112,114,95,83,48,49,121,131,20" hai2="45,80,84,39,130,15,44,68,85,119,92,101,106" hai3="14,30,117,2,17,74,54,122,62,1,12,90,133"/><V107/><F119/><W57/><G74/><T96/><D87/><U9/><E34/><V98/><F68/><W47/><G122/><N who="1" m="46602" /><E9/><V113/><F113/><N who="1" m="43625" /><E20/><V110/><F130/><W99/><G133/><T38/><D38/><U8/><E8/><V78/><F85/><W116/><G30/><T77/><D77/><U32/><E32/><V53/><F15/><W7/><G14/><N who="0" m="5495" /><D105/><U66/><E118/><V67/><F67/><W132/><G132/><T65/><D65/><U89/><E66/><V91/><F53/><W27/><G117/><T59/><D55/><U134/><E134/><V69/><F69/><W100/><G7/><T120/><D120/><U61/><E61/><V124/><F39/><W71/><G71/><T43/><D43/><U82/><E49/><V72/><F45/><W37/><G47/><T13/><D13/><U88/><E48/><V104/><F44/><W102/><G37/><T36/><D36/><U28/><E28/><N who="0" m="10825" /><D21/><U115/><E131/><V19/><F19/><W125/><G17/><T64/><D64/><U0/><E0/><V97/><F124/><W46/><G125/><T24/><AGARI ba="0,0" hai="24,25,26,56,59,93,96,103" m="10825,5495" machi="24" ten="30,2000,0" yaku="8,1,52,1" doraHai="94" who="0" fromWho="0" sc="249,20,330,-5,191,-10,230,-5" /><INIT seed="3,0,0,4,3,61" ten="269,325,181,225" oya="3" hai0="108,20,117,102,22,25,11,35,127,133,87,3,16" hai1="28,41,104,99,14,1,36,57,129,29,83,63,8" hai2="119,30,48,73,124,51,74,105,90,2,132,24,123" hai3="131,68,70,62,10,40,5,95,17,76,85,64,109"/><W77/><G131/><T23/><D102/><U122/><E122/><V32/><F119/><W82/><G109/><T114/><D87/><U44/><E1/><V121/><F105/><W7/><G70/><T92/><D92/><U101/><E129/><V55/><F2/><W27/><G40/><T15/><D117/><U37/><E37/><V88/><F124/><W110/><G110/><T31/><D108/><U135/><E83/><V33/><F33/><W71/><G71/><T112/><D127/><U125/><E135/><V118/><F132/><W111/><G77/><T116/><D116/><U34/><E34/><V79/><F51/><W38/><G38/><T93/><D93/><U69/><E69/><V65/><F65/><W42/><G42/><T75/><D75/><U98/><E98/><V113/><F113/><N who="0" m="43626" /><D133/><U21/><E21/><V59/><F118/><W45/><G111/><T134/><D134/><U13/><E125/><V19/><F19/><W0/><G95/><T84/><D84/><U86/><E86/><V9/><F9/><W52/><G0/><AGARI ba="0,0" hai="0,3,11,15,16,20,22,23,25,31,35" m="43626" machi="0" ten="30,7700,0" yaku="11,1,34,2,54,1" doraHai="61" who="0" fromWho="3" sc="269,77,325,0,181,0,225,-77" /><INIT seed="4,0,0,4,5,60" ten="346,325,181,148" oya="0" hai0="32,133,85,79,48,45,23,121,18,30,114,106,19" hai1="84,100,73,1,10,113,78,103,112,46,99,118,12" hai2="3,42,81,120,44,33,110,43,83,17,70,89,102" hai3="47,53,134,37,127,108,27,24,93,16,86,49,77"/><T130/><D121/><U125/><E118/><V5/><F120/><W59/><G108/><T50/><D106/><U107/><E103/><V34/><F110/><W74/><G134/><T35/><D133/><U63/><E125/><V75/><F102/><W104/><G127/><T21/><D79/><U105/><E105/><V101/><F101/><W2/><G2/><T109/><D85/><U91/><E1/><V95/><F3/><W80/><G104/><T14/><D114/><N who="1" m="44139" /><E46/><V26/><F5/><W135/><G135/><T58/><D130/><U28/><E28/><V128/><F128/><W64/><G37/><T68/><D68/><U41/><E41/><V82/><F75/><W87/><G74/><T65/><D30/><U62/><E78/><V66/><F17/><W92/><G87/><T20/><D109/><U0/><E0/><V115/><F26/><N who="3" m="9771" /><G16/><N who="0" m="6187" /><D35/><U13/><E73/><V52/><F115/><W129/><G129/><T67/><D32/><U69/><E69/><V116/><F116/><W90/><G77/><T7/><D58/><U119/><E119/><V72/><F72/><W123/><G123/><T88/><D88/><U39/><E39/><V36/><F34/><W6/><G6/><T124/><D124/><U22/><E22/><V8/><F33/><W31/><G31/><T38/><D38/><U54/><E54/><V51/><F36/><W71/><G71/><T132/><D132/><U4/><E13/><V131/><F131/><W40/><G40/><N who="2" m="15401" /><F70/><W96/><G96/><T55/><D50/><U122/><E122/><V126/><F126/><W15/><G15/><RYUUKYOKU ba="0,0" sc="346,10,325,10,181,-30,148,10" hai0="7,14,20,21,23,45,48,55,65,67" hai1="4,10,12,62,63,84,91,99,100,107" hai3="47,49,53,59,64,80,86,90,92,93" /><INIT seed="4,1,0,3,5,90" ten="356,335,151,158" oya="0" hai0="96,22,69,62,123,135,49,125,51,29,110,134,12" hai1="130,115,111,19,14,121,31,17,117,13,100,48,126" hai2="73,67,25,101,114,37,79,119,68,89,54,120,53" hai3="8,47,107,56,63,116,83,92,39,95,75,64,27"/><T18/><D123/><U102/><E121/><V127/><F120/><W109/><G107/><T3/><D3/><U26/><E117/><V129/><F37/><W71/><G109/><T33/><D125/><U59/><E126/><V105/><F127/><W24/><G116/><T4/><D4/><U133/><E133/><N who="0" m="50697" /><D110/><U34/><E130/><V43/><F43/><W2/><G71/><T85/><D85/><U106/><E115/><V20/><F119/><W21/><G27/><N who="0" m="18623" /><D96/><U82/><E111/><V23/><F114/><W81/><G75/><T41/><D41/><U58/><E82/><N who="3" m="31242" /><G2/><T94/><D94/><N who="3" m="35881" /><G39/><T112/><D112/><U6/><E106/><V122/><F79/><W65/><G8/><T108/><D108/><U88/><E6/><V72/><F129/><W98/><G98/><T15/><D15/><U118/><E118/><V131/><F25/><W0/><G0/><T87/><D87/><U80/><E14/><V78/><F131/><W16/><G47/><T61/><D69/><U46/><E26/><V128/><F68/><W60/><G60/><AGARI ba="1,0" hai="12,18,22,49,51,60,61,62" m="18623,50697" machi="60" ten="30,1500,0" yaku="20,1" doraHai="90" who="0" fromWho="3" sc="356,18,335,0,151,0,158,-18" /><INIT seed="4,2,0,5,0,74" ten="374,335,151,140" oya="0" hai0="56,135,75,132,110,26,7,42,89,79,123,8,112" hai1="38,9,1,34,115,99,108,126,53,59,24,130,31" hai2="116,98,118,90,10,101,103,85,84,23,11,77,13" hai3="86,111,28,63,113,120,4,20,66,36,100,87,62"/><T21/><D123/><U15/><E108/><V70/><F70/><W69/><G111/><T60/><D110/><U18/><E38/><V131/><F23/><W93/><G36/><T12/><D112/><U95/><E130/><V32/><F32/><W92/><G4/><T125/><D125/><U124/><E115/><V22/><F22/><W61/><G113/><T52/><D42/><U67/><E67/><V47/><F47/><W41/><G41/><T30/><REACH who="0" step="1"/><D89/><REACH who="0" ten="364,335,151,140" step="2"/><U80/><E124/><V134/><F116/><W3/><G120/><T71/><D71/><U97/><E126/><V29/><F118/><W2/><G69/><T114/><D114/><U105/><E105/><V49/><F90/><W37/><G66/><T57/><D57/><U117/><E117/><V51/><F131/><W76/><G37/><T58/><D58/><U45/><E45/><V48/><F134/><W128/><G128/><T96/><D96/><U0/><E99/><V119/><F98/><W121/><G121/><T83/><AGARI ba="2,1" hai="7,8,12,21,26,30,52,56,60,75,79,83,132,135" machi="83" ten="30,11700,0" yaku="1,1,0,1,52,1,54,1,53,0" doraHai="74" doraHaiUra="102" who="0" fromWho="0" sc="364,133,335,-41,151,-41,140,-41" /><INIT seed="4,3,0,5,2,48" ten="497,294,110,99" oya="0" hai0="18,43,60,114,97,27,35,81,3,1,103,2,116" hai1="118,59,39,69,52,83,12,28,115,72,117,13,125" hai2="77,55,135,79,14,38,31,91,107,74,5,108,34" hai3="80,104,26,15,19,30,102,131,100,82,121,134,53"/><T76/><D116/><U10/><E69/><V49/><F38/><W87/><G134/><T44/><D114/><U47/><E115/><V109/><F135/><W24/><G131/><T126/><D126/><U41/><E125/><V37/><F37/><W78/><G121/><T105/><D60/><U16/><E28/><V132/><F132/><W88/><G104/><T106/><D18/><U6/><E83/><V56/><F107/><W4/><G4/><T58/><D58/><U112/><E112/><V90/><F31/><W9/><G53/><T66/><D66/><U70/><E70/><V65/><F34/><W7/><G7/><T42/><D106/><U110/><E72/><V11/><F65/><W50/><G50/><T85/><REACH who="0" step="1"/><D44/><REACH who="0" ten="487,294,110,99" step="2"/><U33/><E110/><V123/><F123/><W62/><G62/><T128/><D128/><U75/><E75/><V127/><F127/><W120/><G120/><T94/><D94/><U111/><E111/><V119/><F119/><W124/><G124/><T122/><D122/><U133/><E133/><V22/><F108/><W67/><G67/><T64/><D64/><U17/><E17/><N who="2" m="10551" /><F109/><W25/><REACH who="3" step="1"/><G30/><AGARI ba="3,1" hai="1,2,3,27,30,35,42,43,76,81,85,97,103,105" machi="30" ten="40,2000,0" yaku="1,1,53,0" doraHai="48" doraHaiUra="8" who="0" fromWho="3" sc="487,39,294,0,110,0,99,-29" /><INIT seed="4,4,0,5,2,88" ten="526,294,110,70" oya="0" hai0="58,27,25,59,100,128,55,21,103,52,62,66,133" hai1="109,61,79,114,80,75,121,54,127,135,102,40,125" hai2="85,2,129,26,44,18,45,64,99,74,1,47,4" hai3="65,19,101,53,41,126,70,30,36,123,14,90,98"/><T28/><D128/><U46/><E121/><V9/><F74/><W24/><G126/><N who="1" m="48138" /><E109/><V5/><F129/><W120/><G53/><T43/><D133/><U112/><E135/><V56/><F85/><W38/><G90/><T94/><D43/><U92/><E61/><V3/><F5/><W42/><G42/><T29/><D66/><U37/><E54/><V91/><F64/><W16/><G41/><T131/><D131/><U86/><E86/><V20/><F56/><W34/><G19/><T17/><D17/><U119/><E119/><V107/><REACH who="2" step="1"/><F91/><REACH who="2" ten="526,294,100,70" step="2"/><W104/><G123/><T68/><D68/><U83/><E83/><V73/><F73/><W39/><G120/><T87/><D87/><U122/><E122/><V69/><F69/><W84/><G84/><T32/><D59/><U118/><E118/><V10/><F10/><W51/><G70/><T132/><D132/><U106/><E114/><V93/><F93/><W48/><REACH who="3" step="1"/><G65/><REACH who="3" ten="526,294,100,60" step="2"/><N who="0" m="39127" /><D103/><AGARI ba="4,2" hai="1,2,3,4,9,18,20,26,44,45,47,99,103,107" machi="103" ten="40,1300,0" yaku="1,1,53,0" doraHai="88" doraHaiUra="11" who="2" fromWho="0" sc="526,-25,294,0,100,45,60,0" /><INIT seed="5,0,0,1,4,81" ten="501,294,145,60" oya="1" hai0="1,23,73,4,116,54,5,31,49,14,44,108,22" hai1="18,114,107,131,64,58,29,13,70,7,115,20,132" hai2="87,113,123,106,101,90,15,65,82,103,33,68,93" hai3="38,37,57,72,125,60,48,56,53,97,21,76,61"/><U24/><E70/><V133/><F33/><W94/><G72/><T105/><D73/><U28/><E107/><V39/><F39/><W26/><G125/><T0/><D105/><U91/><E132/><V62/><F123/><W74/><G74/><T126/><D44/><U118/><E118/><V135/><F106/><W67/><G76/><T134/><D54/><U129/><E91/><V83/><F15/><W10/><G10/><T43/><D49/><U9/><E58/><V30/><F30/><N who="1" m="11881" /><E64/><V66/><F66/><W63/><G38/><T36/><D36/><U45/><E45/><V2/><F2/><W3/><G3/><T25/><D134/><N who="2" m="51210" /><F113/><AGARI ba="0,0" hai="7,9,13,18,20,24,113,114,115,129,131" m="11881" machi="113" ten="30,5800,0" yaku="15,1,34,2" doraHai="81" who="1" fromWho="2" sc="501,0,294,58,145,-58,60,0" /><INIT seed="5,1,0,0,0,55" ten="501,352,87,60" oya="1" hai0="50,41,99,112,69,106,46,26,87,79,115,15,9" hai1="54,131,78,13,51,68,75,124,110,104,132,80,98" hai2="128,17,133,14,91,82,101,97,57,70,11,35,114" hai3="63,18,36,45,39,123,10,42,61,105,2,3,37"/><U66/><E132/><V58/><F70/><W64/><G105/><T81/><D69/><U1/><E1/><V31/><F133/><W126/><G123/><T22/><D106/><U107/><E131/><V25/><F128/><W28/><G28/><N who="0" m="17495" /><D99/><U94/><E124/><V109/><F109/><W134/><G134/><T118/><D118/><U130/><E130/><V113/><F91/><W76/><G126/><T67/><D67/><U93/><E110/><V102/><F82/><W116/><G116/><T40/><D40/><U59/><E13/><V56/><REACH who="2" step="1"/><F97/><REACH who="2" ten="501,352,77,60" step="2"/><W43/><G76/><T7/><AGARI ba="1,1" hai="7,9,15,41,46,50,79,81,87,112,115" m="17495" machi="7" ten="30,1100,0" yaku="25,1" doraHai="55" who="0" fromWho="0" sc="501,24,352,-6,77,-4,60,-4" /><INIT seed="6,0,0,5,5,48" ten="525,346,73,56" oya="2" hai0="65,62,23,104,124,36,19,114,102,16,89,39,70" hai1="77,7,59,135,66,100,81,84,14,101,87,47,127" hai2="32,96,121,30,33,15,12,120,4,99,55,22,86" hai3="0,134,2,10,18,52,45,79,111,95,119,112,68"/><V28/><F86/><W88/><G111/><T57/><D114/><U76/><E135/><V132/><F55/><W122/><G68/><T34/><D124/><U91/><E127/><V105/><F105/><W69/><G69/><T11/><D34/><N who="2" m="13418" /><F132/><W25/><G119/><T38/><D89/><U24/><E47/><V51/><F51/><N who="3" m="28783" /><G122/><N who="2" m="47209" /><F4/><W42/><G2/><T6/><D70/><U93/><E77/><V21/><F96/><N who="3" m="57447" /><G0/><T130/><D104/><U40/><E40/><V113/><F99/><W63/><G134/><T82/><D39/><U117/><E117/><V43/><F43/><W54/><G112/><T29/><D38/><U50/><E24/><N who="2" m="16399" /><F113/><W13/><G42/><T9/><D36/><U5/><E5/><V98/><F98/><W92/><G79/><T72/><D6/><U126/><E126/><V27/><AGARI ba="0,0" hai="12,15,22,27,30" m="16399,47209,13418" machi="27" ten="40,3900,0" yaku="34,2" doraHai="48" who="2" fromWho="2" sc="525,-13,346,-13,73,39,56,-13" /><INIT seed="6,1,0,2,0,130" ten="512,333,112,43" oya="2" hai0="106,116,115,59,15,32,128,69,72,94,118,129,37" hai1="120,131,44,71,77,132,34,7,56,29,123,75,40" hai2="102,1,124,97,48,114,62,45,31,119,55,50,2" hai3="13,92,126,42,122,90,125,3,110,63,26,89,74"/><V81/><F119/><N who="0" m="45610" /><D106/><U93/><E71/><V6/><F114/><W109/><G42/><T24/><D69/><U70/><E70/><V101/><F124/><N who="3" m="47723" /><G13/><T39/><D115/><U61/><E131/><V16/><F31/><W105/><G63/><T33/><D72/><U20/><E34/><N who="0" m="13417" /><D24/><U25/><E7/><V84/><F62/><W103/><G26/><T54/><D15/><U0/><E0/><V21/><F50/><W65/><G65/><T85/><D85/><U133/><E93/><V108/><F108/><N who="3" m="41579" /><G3/><T88/><D39/><N who="1" m="21535" /><E77/><V100/><F97/><N who="3" m="61679" /><G122/><N who="1" m="46634" /><E75/><V86/><F1/><W4/><G4/><T99/><D37/><U46/><E46/><V112/><F6/><W80/><G92/><T76/><D76/><AGARI ba="1,0" hai="74,76,80,89,90" m="61679,41579,47723" machi="76" ten="30,3900,0" yaku="18,1,34,2" doraHai="130" who="3" fromWho="0" sc="512,-42,333,0,112,0,43,42" /><INIT seed="7,0,0,0,1,76" ten="470,333,112,85" oya="3" hai0="73,100,99,88,121,134,66,104,101,57,31,36,84" hai1="93,23,7,12,2,45,38,87,131,86,98,85,51" hai2="32,34,106,116,60,10,112,96,132,115,26,90,54" hai3="1,48,50,19,4,49,0,103,9,61,33,124,97"/><W22/><G124/><T5/><D36/><U59/><E131/><V133/><F116/><W44/><G33/><T13/><D121/><U110/><E110/><V63/><F10/><W109/><G109/><T39/><D39/><U89/><E2/><V16/><F34/><W42/><G61/><T15/><D101/><U70/><E70/><V111/><F111/><W80/><G1/><T58/><D73/><U81/><E38/><V135/><F54/><W126/><G126/><T8/><D134/><U107/><E107/><V72/><F72/><W77/><G22/><T105/><D105/><U25/><E59/><V3/><F3/><W20/><G20/><T117/><D117/><U14/><E7/><V113/><F16/><W120/><G19/><T69/><D31/><N who="1" m="17855" /><E81/><V118/><F118/><W46/><G120/><T47/><D15/><U67/><E67/><V43/><F43/><AGARI ba="0,0" hai="12,14,43,45,51,85,86,87,89,93,98" m="17855" machi="43" ten="30,1000,0" yaku="8,1" doraHai="76" who="1" fromWho="2" sc="470,0,333,10,112,-10,85,0" owari="470,57.0,343,14.0,102,-30.0,85,-41.0" /></mjloggm>