<mjloggm ver="2.3"><GO type="41" lobby="0"/><UN n0="%E2%93%9D%53%75%70%68%78" n1="%E3%81%B5%E3%81%9F%E3%81%B0%E3%81%AE%E3%81%B0%E3%81%9F%E3%81%B5" n2="%E3%81%8F%E3%81%95%E3%81%BF%E3%82%84%E3%81%A1%E3%82%84%E3%81%8B" n3="%E5%A4%A9%E5%AE%89%E9%96%80%E5%BF%98%E5%8D%B4" dan="17,14,13,14" rate="2029.32,1904.06,1805.66,1922.42" sx="M,M,M,M"/><TAIKYOKU oya="0"/><INIT seed="0,0,0,3,0,107" ten="250,250,250,250" oya="0" hai0="132,37,91,12,98,60,113,93,14,122,1,109,92" hai1="73,46,103,16,108,110,6,120,47,116,90,52,131" hai2="34,33,134,86,123,66,58,32,76,78,133,71,84" hai3="56,3,43,126,104,51,26,128,41,130,55,112,127"/><T75/><D113/><U21/><E120/><V94/><F71/><W89/><G104/><T29/><D1/><U99/><E6/><V63/><F123/><W42/><G3/><T17/><D122/><U64/><E64/><V135/><REACH who="2" step="1"/><F94/><REACH who="2" ten="250,250,240,250" step="2"/><W38/><G112/><T20/><D93/><N who="1" m="56759" /><E116/><V118/><F118/><W83/><G26/><T61/><D92/><U49/><E131/><N who="3" m="50218" /><G89/><T40/><D91/><U23/><E103/><V13/><F13/><W70/><G83/><T79/><D14/><N who="1" m="9367" /><E23/><V105/><F105/><W4/><G4/><T54/><D20/><U30/><E30/><V7/><F7/><W65/><G70/><T102/><D29/><U101/><E101/><V67/><F67/><W35/><G35/><T119/><D102/><U96/><E96/><V39/><F39/><W106/><G106/><T0/><D98/><U82/><E82/><V57/><F57/><N who="3" m="33023" /><G38/><T15/><D37/><U31/><E31/><V72/><F72/><W88/><G88/><T28/><D75/><U111/><E73/><V62/><F62/><AGARI ba="0,1" hai="41,42,43,56,62,65,126,127" m="33023,50218" machi="62" ten="40,5200,0" yaku="19,1,34,2" doraHai="107" who="3" fromWho="2" sc="250,0,250,0,240,-52,250,62" /><INIT seed="1,0,0,0,0,57" ten="250,250,188,312" oya="1" hai0="107,117,72,101,97,53,104,66,28,96,106,32,108" hai1="133,15,78,1,54,95,29,91,4,59,120,114,52" hai2="122,102,5,16,83,93,99,26,119,8,63,14,50" hai3="92,121,109,123,87,30,34,84,70,116,9,18,88"/><U38/><E120/><V42/><F122/><W134/><G70/><T79/><D53/><U17/><E38/><V125/><F125/><W23/><G34/><T69/><D108/><U10/><E114/><V98/><F98/><W58/><G109/><T85/><D85/><U11/><E133/><V100/><F100/><W6/><G134/><T62/><D97/><U36/><E36/><V128/><F128/><W90/><G116/><T45/><D45/><U22/><E78/><V19/><F83/><W21/><G30/><T0/><D0/><U60/><E11/><V41/><F119/><W12/><G58/><T115/><D115/><U40/><E29/><V110/><F110/><W80/><REACH who="3" step="1"/><G21/><REACH who="3" ten="250,250,188,302" step="2"/><T105/><D117/><U86/><E40/><V112/><F41/><W13/><AGARI ba="0,1" hai="6,9,12,13,18,23,80,84,87,88,90,92,121,123" machi="13" ten="20,8000,1" yaku="1,1,2,1,0,1,7,1,54,1,53,0" doraHai="57" doraHaiUra="113" who="3" fromWho="3" sc="250,-20,250,-40,188,-20,302,90" /><INIT seed="2,0,0,4,4,105" ten="230,210,168,392" oya="2" hai0="118,132,22,41,64,42,61,91,46,7,108,23,51" hai1="15,20,62,25,103,69,29,12,92,127,18,27,19" hai2="81,31,130,102,117,104,1,38,57,63,123,28,5" hai3="112,24,2,33,53,49,122,125,99,67,119,39,110"/><V16/><F130/><W84/><G119/><T133/><D7/><U79/><E127/><V68/><F117/><W60/><G122/><T10/><D10/><U65/><E79/><V21/><F68/><W59/><G2/><T6/><D6/><U101/><E92/><V95/><F104/><W87/><G39/><T111/><D91/><U78/><E78/><V107/><F107/><W72/><G110/><N who="0" m="42027" /><D23/><U106/><E106/><V85/><F38/><W48/><G125/><T58/><D22/><U11/><REACH who="1" step="1"/><E27/><REACH who="1" ten="230,200,168,392" step="2"/><V43/><F123/><W35/><G24/><T128/><D118/><U45/><E45/><V124/><F124/><W55/><G84/><T70/><D128/><U115/><E115/><V9/><F95/><W90/><G87/><T109/><D109/><U98/><E98/><V80/><F102/><W113/><G113/><T66/><D42/><U76/><E76/><V131/><F43/><W97/><G97/><T114/><D114/><U14/><E14/><V77/><F81/><W56/><G112/><T135/><D70/><U129/><E129/><V50/><F131/><W0/><G0/><T17/><D17/><U126/><E126/><V37/><F37/><W100/><G100/><T52/><AGARI ba="0,1" hai="41,46,51,52,58,61,64,66,132,133,135" m="42027" machi="52" ten="40,8000,1" yaku="20,1,14,1,34,2,54,1" doraHai="105" who="0" fromWho="0" sc="230,90,200,-20,168,-40,392,-20" /><INIT seed="3,0,0,1,2,73" ten="320,180,128,372" oya="3" hai0="43,60,48,99,107,81,29,50,80,33,45,88,18" hai1="34,42,41,62,35,85,100,135,119,20,130,56,0" hai2="91,3,101,77,84,93,40,63,32,131,5,106,124" hai3="26,111,129,39,127,64,7,8,59,86,28,115,103"/><W2/><G115/><T47/><D33/><U49/><E0/><V118/><F118/><W92/><G39/><T114/><D29/><U102/><E119/><V12/><F3/><W94/><G127/><T6/><D114/><U53/><E135/><V51/><F32/><W19/><G129/><T14/><D6/><U126/><E130/><V125/><F131/><W117/><G117/><T58/><D107/><U79/><E34/><V95/><F63/><W21/><G111/><T55/><D99/><U1/><E1/><V69/><F69/><W122/><G122/><T123/><D88/><U61/><E61/><V78/><F106/><W66/><G59/><T24/><D24/><U9/><E9/><N who="2" m="4143" /><F101/><W75/><G75/><T87/><D87/><U97/><E97/><V27/><F27/><W13/><G103/><T83/><D123/><U46/><E35/><V57/><F95/><W98/><G86/><T133/><D133/><U68/><E68/><V38/><F38/><W109/><G109/><T65/><REACH who="0" step="1"/><D83/><REACH who="0" ten="310,180,128,372" step="2"/><N who="1" m="47359" /><E100/><V31/><F31/><W30/><G94/><T74/><D74/><U22/><E126/><N who="2" m="48747" /><F93/><W104/><G104/><T52/><D52/><N who="1" m="29751" /><E102/><V105/><F91/><N who="3" m="55583" /><G2/><T132/><D132/><U71/><E71/><V17/><F84/><W76/><G76/><N who="2" m="29289" /><F105/><W121/><G121/><T36/><D36/><U120/><E120/><V90/><F90/><W82/><G82/><T70/><D70/><U54/><E54/><N who="2" m="31967" /><F40/><AGARI ba="0,1" hai="20,22,40,41,42,53,56,62" m="29751,47359" machi="40" ten="30,3900,0" yaku="8,1,52,1,54,1" doraHai="73" who="1" fromWho="2" sc="310,0,180,49,128,-39,372,0" /><INIT seed="4,0,0,5,0,108" ten="310,229,89,372" oya="0" hai0="98,67,20,33,74,135,73,72,91,30,81,86,41" hai1="38,79,132,133,83,62,15,113,129,110,87,71,19" hai2="44,107,112,97,39,26,43,0,121,126,32,117,120" hai3="45,53,77,82,69,21,58,75,37,16,85,99,36"/><T24/><D135/><N who="1" m="51787" /><E110/><V78/><F117/><W124/><G69/><T5/><D41/><U111/><E38/><V52/><F126/><W90/><G124/><T88/><D5/><U14/><E111/><V127/><F127/><W95/><G45/><T4/><D4/><U17/><E129/><V122/><F78/><W60/><REACH who="3" step="1"/><G75/><REACH who="3" ten="310,229,89,362" step="2"/><T76/><D67/><N who="1" m="41463" /><E15/><AGARI ba="0,1" hai="15,16,21,36,37,53,58,60,77,82,85,90,95,99" machi="15" ten="30,3900,0" yaku="1,1,7,1,54,1,53,0" doraHai="108" doraHaiUra="65" who="3" fromWho="1" sc="310,0,229,-39,89,0,362,49" /><INIT seed="5,0,0,4,3,41" ten="310,190,89,411" oya="1" hai0="39,100,20,77,13,128,16,63,121,36,24,98,74" hai1="64,34,105,101,5,135,14,80,4,52,102,7,110" hai2="32,88,123,45,107,10,60,94,109,47,11,92,54" hai3="19,99,49,8,131,116,72,55,112,53,33,69,134"/><U117/><E34/><V106/><F109/><W71/><G33/><T38/><D128/><U1/><E1/><V68/><F32/><W75/><G131/><T67/><D121/><U114/><E117/><V78/><F123/><W124/><G99/><T85/><D74/><U42/><E64/><V62/><F78/><W50/><G19/><T97/><D77/><U130/><E130/><V30/><F30/><W70/><G8/><T81/><D100/><N who="1" m="38507" /><E135/><V84/><F54/><N who="3" m="20491" /><G134/><T119/><D119/><U21/><E110/><V28/><F28/><W87/><G87/><T23/><D85/><U103/><E105/><V3/><F84/><W58/><G58/><T51/><D81/><U115/><E42/><V125/><F125/><W66/><G116/><T40/><D40/><U18/><N who="1" m="38515" /><U82/><DORA hai="35" /><E52/><V90/><REACH who="2" step="1"/><F68/><REACH who="2" ten="310,190,79,411" step="2"/><W76/><G70/><T29/><REACH who="0" step="1"/><D51/><REACH who="0" ten="300,190,79,411" step="2"/><U0/><E0/><AGARI ba="0,2" hai="0,3,10,11,45,47,60,62,88,90,92,94,106,107" machi="0" ten="25,16000,3" yaku="1,1,2,1,22,2,52,4,54,1,53,0" doraHai="41,35" doraHaiUra="95,22" who="2" fromWho="1" sc="300,0,190,-160,79,180,411,0" /><INIT seed="6,0,0,4,2,51" ten="300,30,259,411" oya="2" hai0="36,13,5,115,126,8,59,17,72,43,45,29,98" hai1="28,20,90,34,12,58,60,73,99,84,122,4,64" hai2="31,7,120,133,19,116,134,101,92,65,80,37,26" hai3="63,2,94,117,87,44,46,23,55,53,74,16,79"/><V49/><F37/><W69/><G117/><T96/><D115/><U112/><E73/><V24/><F116/><W114/><G74/><T9/><D126/><U132/><E122/><V52/><F120/><W111/><G111/><T109/><D109/><U93/><E112/><V113/><F113/><W41/><G2/><T1/><D29/><U89/><E34/><V127/><F127/><W15/><G114/><T71/><D71/><U66/><E132/><N who="2" m="50795" /><F7/><W18/><G69/><T78/><REACH who="0" step="1"/><D59/><REACH who="0" ten="290,30,259,411" step="2"/><U118/><E118/><V48/><F48/><W81/><G44/><T3/><D3/><U47/><E47/><N who="2" m="27711" /><F65/><W85/><G46/><T40/><D40/><U21/><E66/><V56/><F56/><W39/><G41/><T123/><D123/><U50/><E50/><V125/><F125/><W107/><G39/><T88/><D88/><U119/><E119/><V129/><F129/><W95/><G18/><T77/><D77/><U35/><E28/><V11/><F80/><AGARI ba="0,1" hai="1,5,8,9,13,17,36,43,45,72,78,80,96,98" machi="80" ten="40,8000,1" yaku="1,1,25,2,53,1" doraHai="51" doraHaiUra="33" who="0" fromWho="2" sc="290,90,30,0,259,-80,411,0" /><INIT seed="7,0,0,3,3,53" ten="380,30,179,411" oya="3" hai0="45,93,21,4,83,89,23,40,2,24,60,6,62" hai1="90,85,101,123,74,33,79,68,18,46,59,108,0" hai2="87,28,96,116,27,107,16,31,35,114,82,26,11" hai3="133,67,8,25,131,1,103,30,111,98,117,134,77"/><W38/><G117/><T52/><D83/><U39/><E18/><V91/><F116/><W94/><G131/><T64/><D2/><U70/><E108/><V19/><F114/><W12/><G38/><T100/><D100/><U113/><E113/><V14/><F107/><W129/><G129/><T118/><D118/><U47/><E123/><V130/><F130/><W49/><G77/><T32/><D32/><U44/><E33/><V125/><F125/><W17/><G111/><T72/><D72/><U84/><E101/><V34/><F96/><W66/><G49/><T57/><D23/><U5/><E47/><V42/><F42/><W115/><G1/><T128/><D128/><U58/><E0/><V106/><F106/><W29/><G29/><T75/><D75/><U36/><E74/><V104/><F104/><W9/><G9/><T80/><D80/><U10/><E10/><V126/><F126/><W99/><G98/><N who="0" m="57647" /><D40/><U51/><E90/><V110/><F110/><W48/><G115/><T63/><D45/><U73/><E73/><V88/><REACH who="2" step="1"/><F91/><REACH who="2" ten="380,30,169,411" step="2"/><W124/><G124/><T15/><D64/><U109/><E109/><V3/><F3/><W132/><G66/><T95/><D95/><U37/><E37/><V20/><F20/><N who="3" m="15655" /><G67/><T120/><D120/><U71/><E71/><V121/><F121/><W54/><G133/><T61/><D15/><U97/><E97/><V69/><F69/><W55/><G132/><T112/><D112/><U86/><E70/><V81/><F81/><W122/><G134/><T7/><D21/><U76/><E68/><V22/><F22/><RYUUKYOKU ba="0,1" sc="380,15,30,-15,169,15,411,-15" hai0="4,6,7,24,52,57,60,61,62,63" hai2="11,14,16,19,26,27,28,31,34,35,82,87,88" owari="395,20.0,15,-48.0,184,-22.0,406,50.0" /></mjloggm>