<mjloggm ver="2.3"><GO type="41" lobby="0"/><UN n0="%E6%8B%B3%E9%A3%9B" n1="%E2%93%9D%53%75%70%68%78" n2="%E3%83%AA%E3%83%A7%E3%83%BC%E3%82%B9%E3%82%B1%39%31%34" n3="%E9%B3%B4%E6%B5%B7" dan="14,18,14,14" rate="1921.82,2056.01,1931.43,1950.60" sx="M,M,M,M"/><TAIKYOKU oya="0"/><INIT seed="0,0,0,2,5,112" ten="250,250,250,250" oya="0" hai0="98,37,54,33,100,120,85,27,44,36,13,5,62" hai1="35,113,4,134,81,69,0,77,78,58,70,91,21" hai2="105,64,29,72,121,99,80,7,42,49,88,45,11" hai3="67,34,90,125,102,93,1,123,8,3,92,66,96"/><T128/><D120/><U75/><E35/><V124/><F124/><W25/><G123/><T52/><D128/><U17/><E113/><V28/><F64/><W56/><G125/><T119/><D85/><U126/><E134/><V86/><F121/><W9/><G1/><T14/><D33/><U6/><E126/><V74/><F74/><W2/><G2/><T115/><D115/><U51/><E91/><V79/><F99/><W65/><G3/><T59/><D27/><U71/><E78/><V76/><F105/><W23/><G34/><T24/><D24/><U47/><E58/><V133/><F76/><W106/><G106/><T46/><D5/><U53/><REACH who="1" step="1"/><E0/><REACH who="1" ten="250,240,250,250" step="2"/><V61/><F133/><W18/><REACH who="3" step="1"/><G56/><REACH who="3" ten="250,240,250,240" step="2"/><T83/><D59/><U135/><E135/><V20/><F72/><W82/><G82/><T131/><D83/><U118/><E118/><V19/><F80/><W41/><G41/><T60/><D131/><U16/><E16/><V84/><F19/><W87/><AGARI ba="0,2" hai="8,9,18,23,25,65,66,67,87,90,92,93,96,102" machi="87" ten="30,4000,0" yaku="1,1,0,1,8,1,53,0" doraHai="112" doraHaiUra="57" who="3" fromWho="3" sc="250,-20,240,-10,250,-10,240,60" /><INIT seed="1,0,0,0,5,27" ten="230,230,240,300" oya="1" hai0="23,48,13,53,57,59,86,52,42,102,125,2,34" hai1="72,62,16,32,18,63,96,76,132,17,98,117,65" hai2="5,105,109,19,39,15,88,22,37,25,67,9,78" hai3="103,123,133,82,71,64,26,91,119,87,24,106,118"/><U40/><E117/><N who="3" m="44554" /><G123/><T58/><D34/><U45/><E132/><V70/><F109/><W111/><G111/><T135/><D2/><U95/><E32/><V1/><F105/><W35/><G133/><T68/><D68/><U79/><E72/><V4/><F4/><W80/><G80/><T12/><D135/><U85/><E98/><V6/><F6/><W77/><G91/><T92/><D125/><U100/><E85/><V127/><F127/><W121/><G121/><T130/><D130/><U29/><E29/><V112/><F78/><W20/><G35/><T115/><D115/><U75/><E75/><V110/><F110/><W116/><G26/><T54/><D23/><U94/><E94/><V108/><F112/><W89/><G89/><T101/><D86/><U46/><E63/><V0/><F108/><W114/><G114/><T56/><D92/><U50/><REACH who="1" step="1"/><E46/><REACH who="1" ten="230,220,240,300" step="2"/><V11/><F0/><W3/><G3/><T84/><D84/><U73/><E73/><V126/><F126/><W60/><G106/><T128/><D128/><U93/><E93/><V38/><F88/><W8/><G103/><T131/><D131/><U7/><E7/><V81/><F81/><W129/><G129/><T44/><N who="0" m="14336" /><DORA hai="83" /><T14/><AGARI ba="0,1" hai="12,13,14,42,44,48,52,53,54,101,102" m="14336" machi="14" ten="50,12000,2" yaku="4,1,0,1,29,2,8,1,54,1" doraHai="27,83" who="0" fromWho="0" sc="230,130,220,-60,240,-30,300,-30" /><INIT seed="2,0,0,2,4,32" ten="360,160,210,270" oya="2" hai0="52,114,95,2,39,97,45,82,98,20,84,4,75" hai1="14,134,40,71,135,119,26,72,130,96,65,107,103" hai2="63,30,35,108,121,93,49,41,10,54,31,67,42" hai3="0,78,58,51,33,80,21,79,59,48,90,94,99"/><V23/><F121/><W132/><G33/><T34/><D34/><U25/><E119/><V29/><F35/><W62/><G0/><T3/><D114/><U86/><E72/><V61/><F108/><W37/><G37/><T27/><D75/><U92/><E40/><V19/><F10/><W133/><G21/><T18/><D4/><U69/><E130/><V87/><F93/><W70/><G70/><T6/><D6/><U129/><E129/><V50/><F87/><N who="3" m="48535" /><G59/><T22/><D22/><U125/><E125/><V66/><F23/><W101/><G79/><T123/><D123/><U5/><E71/><V43/><F19/><W117/><G117/><T83/><D97/><U110/><E110/><V122/><F122/><W102/><G133/><N who="1" m="50698" /><E69/><V74/><F74/><W85/><G132/><T88/><D83/><U131/><E131/><V100/><F100/><N who="3" m="38507" /><G99/><T115/><D115/><U9/><E65/><AGARI ba="0,0" hai="48,51,58,62,65,85,90,94" m="38507,48535" machi="65" ten="30,1000,0" yaku="8,1" doraHai="32" who="3" fromWho="1" sc="360,0,160,-10,210,0,270,10" /><INIT seed="3,0,0,0,4,100" ten="360,150,210,280" oya="3" hai0="134,87,58,107,68,0,123,77,73,124,131,127,19" hai1="32,91,74,94,29,44,122,4,50,6,49,46,92" hai2="47,25,75,110,84,86,59,51,118,36,111,33,53" hai3="85,62,79,89,9,117,102,71,114,24,17,40,16"/><W13/><G114/><T57/><D0/><U60/><E74/><V109/><F75/><W41/><G79/><T27/><D123/><U30/><E32/><V69/><F118/><W93/><G117/><T82/><D68/><U31/><E60/><V34/><F34/><W133/><G133/><T121/><D121/><U105/><E122/><V112/><F112/><W45/><G102/><T120/><D120/><U119/><E119/><V96/><F96/><W70/><G40/><T22/><D134/><U80/><E80/><V76/><F76/><W128/><G62/><T23/><D131/><U66/><E66/><V26/><F69/><W106/><G106/><T15/><D73/><U97/><E105/><V52/><F36/><W28/><G17/><T54/><D107/><U126/><E126/><N who="0" m="48169" /><D54/><U38/><E38/><V108/><F109/><W3/><G3/><T35/><D35/><U5/><REACH who="1" step="1"/><E94/><REACH who="1" ten="360,140,210,280" step="2"/><V130/><F130/><W12/><G128/><T113/><D113/><U101/><E101/><V72/><F72/><W125/><G125/><T42/><D82/><U39/><E39/><V135/><F135/><W56/><G71/><T78/><D78/><U8/><E8/><V37/><F37/><W43/><G9/><T64/><D77/><U61/><E61/><N who="2" m="36071" /><F33/><W116/><G70/><T1/><D64/><U67/><E67/><V104/><F104/><W115/><G116/><T18/><D23/><U10/><E10/><V88/><F88/><W132/><G89/><T129/><D22/><U48/><AGARI ba="0,1" hai="4,5,6,29,30,31,44,46,48,49,50,91,92,97" machi="48" ten="40,8000,1" yaku="1,1,0,1,29,2,8,1,53,0" doraHai="100" doraHaiUra="11" who="1" fromWho="1" sc="360,-20,140,90,210,-20,280,-40" /><INIT seed="4,0,0,5,1,29" ten="340,230,190,240" oya="0" hai0="88,3,123,95,41,38,132,57,67,133,43,46,127" hai1="89,59,107,27,116,117,47,69,25,64,65,13,74" hai2="96,12,62,58,106,130,28,53,86,131,72,63,21" hai3="10,5,11,23,51,110,2,54,71,90,60,112,82"/><T37/><D3/><U16/><E107/><V44/><F72/><W61/><G110/><T45/><D123/><U26/><E74/><V92/><F106/><W80/><G112/><T75/><D75/><U103/><E69/><V94/><F44/><W19/><G11/><T8/><D8/><U99/><E47/><V33/><F33/><W34/><G34/><T91/><D127/><U24/><E24/><V39/><F39/><W22/><G22/><T124/><D124/><U56/><E103/><V14/><F63/><W40/><G40/><T9/><D9/><U0/><E0/><V1/><F1/><W7/><G7/><T118/><D118/><U129/><E129/><N who="2" m="49163" /><F86/><W85/><G80/><T101/><D101/><U121/><E121/><V109/><F109/><W17/><G17/><T31/><D31/><U6/><E6/><V126/><F92/><W104/><G104/><T115/><D115/><U128/><E128/><V93/><F94/><W105/><G105/><T36/><D36/><U122/><E122/><V87/><F87/><W50/><G50/><T108/><D108/><U97/><E117/><V113/><F113/><W15/><REACH who="3" step="1"/><G71/><REACH who="3" ten="340,230,190,230" step="2"/><T32/><D32/><U134/><E116/><V49/><F49/><W125/><G125/><T84/><D91/><U18/><E89/><N who="2" m="55343" /><F126/><W111/><G111/><T120/><D120/><U79/><E18/><V30/><F30/><W102/><G102/><T135/><D135/><U48/><E134/><V83/><F83/><W114/><G114/><T73/><D73/><U77/><E48/><V76/><F76/><W98/><G98/><RYUUKYOKU ba="0,1" sc="340,10,230,-30,190,10,230,10" hai0="37,38,41,43,45,46,57,67,84,88,95,132,133" hai2="12,14,21,28,53,58,62" hai3="2,5,10,15,19,23,51,54,60,61,82,85,90" /><INIT seed="4,1,1,4,4,74" ten="350,200,200,240" oya="0" hai0="85,50,78,104,99,117,46,55,69,126,122,30,115" hai1="88,61,57,47,134,111,82,36,11,131,64,123,118" hai2="127,29,20,89,48,113,112,62,59,2,16,14,8" hai3="17,26,23,35,58,124,53,73,25,102,105,70,84"/><T75/><D69/><U1/><E111/><V28/><F127/><W128/><G73/><T95/><D122/><U92/><E123/><V116/><F116/><W130/><G70/><T67/><D67/><U60/><E118/><V132/><F132/><W32/><G124/><T83/><D117/><U7/><E131/><N who="3" m="50218" /><G84/><T44/><D30/><U96/><E134/><V120/><F48/><N who="3" m="31015" /><G25/><T31/><D31/><U65/><E82/><V87/><F120/><W33/><G102/><T39/><D126/><U133/><E133/><V81/><F2/><W71/><G71/><T90/><D115/><N who="2" m="44106" /><F8/><W13/><G105/><T19/><D19/><U135/><E135/><V98/><F98/><W37/><G37/><T45/><REACH who="0" step="1"/><D39/><REACH who="0" ten="340,200,200,240" step="2"/><U42/><REACH who="1" step="1"/><E61/><REACH who="1" ten="340,190,200,240" step="2"/><V34/><F62/><W106/><G106/><T51/><D51/><U76/><E76/><V41/><F34/><W40/><G35/><T22/><D22/><U80/><E80/><V109/><F20/><N who="3" m="11311" /><G32/><T93/><D93/><U91/><E91/><V100/><F89/><W56/><G33/><T43/><D43/><U101/><E101/><AGARI ba="1,3" hai="44,45,46,50,55,75,78,83,85,90,95,99,101,104" machi="101" ten="40,12000,1" yaku="1,1,24,2,52,1,53,1" doraHai="74" doraHaiUra="72" who="0" fromWho="1" sc="340,153,190,-123,200,0,240,0" /><INIT seed="4,2,0,4,4,45" ten="493,67,200,240" oya="0" hai0="96,30,9,41,68,13,117,104,62,135,74,10,65" hai1="52,75,43,35,86,118,105,14,60,77,79,15,61" hai2="97,95,1,82,23,27,18,19,99,6,83,17,33" hai3="106,98,100,93,20,67,22,111,36,3,48,129,94"/><T46/><D117/><U116/><E43/><V122/><F122/><W92/><G36/><T70/><D74/><U114/><E75/><V110/><F110/><W21/><G111/><T131/><D131/><U126/><E35/><V123/><F123/><W73/><G73/><T47/><D47/><U72/><E72/><V34/><F1/><W49/><G3/><T42/><D42/><U69/><E86/><V112/><F112/><W54/><G67/><T132/><D70/><U76/><E105/><V120/><F6/><W7/><G7/><T55/><D55/><U130/><E126/><V81/><F120/><W37/><G37/><T125/><D125/><U16/><E130/><V134/><F134/><W38/><G38/><T88/><D30/><U108/><E108/><V4/><F4/><W66/><G66/><T50/><D104/><U58/><E15/><V31/><REACH who="2" step="1"/><F97/><REACH who="2" ten="493,67,190,240" step="2"/><W0/><G0/><T12/><D135/><U121/><E121/><V133/><F133/><W56/><REACH who="3" step="1"/><G129/><REACH who="3" ten="493,67,190,230" step="2"/><T101/><D132/><U71/><E114/><V124/><F124/><W32/><G32/><T11/><REACH who="0" step="1"/><D101/><AGARI ba="2,2" hai="17,18,19,23,27,31,33,34,81,82,83,95,99,101" machi="101" ten="40,2600,0" yaku="1,1,53,1" doraHai="45" doraHaiUra="91" who="2" fromWho="0" sc="493,-32,67,0,190,52,230,0" /><INIT seed="5,0,0,0,1,35" ten="461,67,242,230" oya="1" hai0="51,62,106,18,124,13,88,132,63,97,99,20,49" hai1="28,75,133,68,57,121,69,8,87,41,135,43,71" hai2="91,50,74,3,0,72,32,116,21,7,30,58,42" hai3="48,6,129,14,98,94,16,40,86,100,9,101,128"/><U65/><E28/><V38/><F32/><W25/><G86/><T115/><D106/><U53/><E87/><V37/><F7/><W102/><G25/><T15/><D115/><U66/><E8/><V11/><F11/><W61/><G61/><T46/><D132/><N who="1" m="50763" /><E75/><N who="2" m="28715" /><F91/><W27/><G27/><T108/><D108/><U93/><E93/><V95/><F95/><W60/><G60/><T67/><D20/><U126/><E126/><V114/><F116/><W118/><G118/><T85/><D18/><U119/><E121/><V39/><F21/><W122/><G122/><T78/><D78/><U96/><E96/><V64/><F114/><W83/><G83/><T36/><D85/><U2/><E2/><N who="2" m="555" /><F30/><W19/><G19/><T82/><D82/><U79/><E79/><V113/><F113/><W59/><G6/><T123/><D88/><U55/><E119/><V80/><F80/><W23/><G9/><T73/><D73/><U33/><E33/><V4/><F4/><W134/><G134/><T81/><D81/><U131/><E131/><N who="3" m="50250" /><G40/><N who="1" m="15434" /><E55/><AGARI ba="0,0" hai="14,16,23,48,55,59,94,98,100,101,102" m="50250" machi="55" ten="30,2000,0" yaku="19,1,54,1" doraHai="35" who="3" fromWho="1" sc="461,0,67,-20,242,0,230,20" /><INIT seed="6,0,0,3,0,19" ten="461,47,242,250" oya="2" hai0="64,70,99,23,76,61,102,110,101,50,40,115,21" hai1="35,73,121,31,130,97,7,71,114,6,44,119,111" hai2="65,106,51,52,107,2,129,77,46,4,74,79,104" hai3="132,83,90,100,57,89,27,63,17,24,125,47,60"/><V109/><F129/><W20/><G125/><T120/><D110/><U86/><E97/><V72/><F65/><W54/><G132/><T134/><D120/><U42/><E44/><V9/><REACH who="2" step="1"/><F109/><REACH who="2" ten="461,47,232,250" step="2"/><W68/><G68/><T3/><D70/><U55/><E111/><V28/><F28/><W85/><G100/><T103/><D64/><U133/><E130/><V127/><F127/><W94/><G47/><T87/><D102/><U118/><E31/><V131/><F131/><W10/><G10/><T38/><D101/><U128/><E128/><V108/><F108/><W33/><G33/><T123/><D103/><U32/><E71/><V58/><F58/><W30/><G30/><T18/><D134/><U29/><E29/><V22/><F22/><W81/><G81/><T84/><D23/><U14/><E133/><V75/><AGARI ba="0,1" hai="2,4,9,46,51,52,72,74,75,77,79,104,106,107" machi="75" ten="40,7800,0" yaku="1,1,0,1,54,1,53,0" doraHai="19" doraHaiUra="69" who="2" fromWho="2" sc="461,-26,47,-26,232,88,250,-26" /><INIT seed="6,1,0,0,4,59" ten="435,21,320,224" oya="2" hai0="29,112,80,18,27,53,68,79,87,1,47,82,89" hai1="11,25,69,16,12,130,125,71,133,6,124,78,85" hai2="13,43,99,118,20,33,61,76,97,24,60,101,121" hai3="135,73,90,26,119,15,134,14,3,108,62,102,36"/><V40/><F118/><W132/><G119/><T28/><D68/><U52/><E78/><V95/><F121/><W8/><G36/><T72/><D1/><U94/><E130/><V2/><F2/><W21/><G73/><T128/><D128/><U50/><E133/><V96/><F33/><W44/><G44/><T0/><D0/><U88/><E25/><V81/><F13/><N who="3" m="4619" /><G90/><T103/><D103/><U91/><E6/><V56/><F56/><W120/><G102/><T75/><D112/><U110/><E110/><V17/><F95/><W48/><G48/><T100/><D100/><U49/><E49/><V70/><F70/><W19/><G62/><N who="2" m="24169" /><F101/><W131/><G131/><T122/><D75/><U51/><E51/><V86/><AGARI ba="1,0" hai="17,20,24,40,43,76,81,86,96,97,99" m="24169" machi="86" ten="30,11700,0" yaku="8,1,52,3" doraHai="59" who="2" fromWho="2" sc="435,-40,21,-40,320,120,224,-40" owari="395,20.0,-19,-52.0,440,54.0,184,-22.0" /></mjloggm>