<mjloggm ver="2.3"><GO type="41" lobby="0"/><UN n0="%E3%83%A9%E3%82%A8%E9%A3%9B%E8%A1%8C%E9%9A%8A" n1="%E9%87%8E%E7%94%9F%E5%B0%8F%E7%99%BD%E8%8A%B1" n2="%E2%93%9D%53%75%70%68%78" n3="%68%69%72%61%74%61%6B%61" dan="13,14,18,13" rate="1818.20,1955.06,2156.90,1886.83" sx="F,M,M,F"/><TAIKYOKU oya="0"/><INIT seed="0,0,0,5,4,97" ten="250,250,250,250" oya="0" hai0="131,12,103,53,86,47,112,74,16,127,135,69,73" hai1="62,80,21,130,13,95,1,50,124,84,113,111,126" hai2="52,82,31,32,43,5,110,22,10,109,65,33,7" hai3="25,102,106,93,35,72,85,55,121,59,114,83,54"/><T56/><D112/><U20/><E1/><V122/><F65/><W44/><G114/><T134/><D69/><U24/><E111/><N who="2" m="42507" /><F43/><W118/><G118/><T63/><D127/><N who="1" m="48683" /><E113/><V64/><F64/><W75/><G106/><T23/><D131/><U19/><E130/><V133/><F82/><W92/><G121/><T67/><D86/><U37/><E62/><V3/><F52/><W116/><G116/><T128/><D128/><U78/><E50/><V120/><F133/><N who="0" m="50698" /><D47/><U51/><E51/><V123/><F7/><W76/><G35/><T104/><D67/><U14/><E95/><V17/><F31/><W70/><G70/><T36/><D36/><U98/><E98/><AGARI ba="0,0" hai="12,16,23,53,56,63,73,74,98,103,104" m="50698" machi="98" ten="30,5800,0" yaku="20,1,52,1,54,1" doraHai="97" who="0" fromWho="1" sc="250,58,250,-58,250,0,250,0" /><INIT seed="0,1,0,1,4,68" ten="308,192,250,250" oya="0" hai0="41,113,118,93,76,36,123,60,26,91,86,43,92" hai1="75,108,58,84,131,64,120,128,111,22,25,102,98" hai2="79,122,133,77,69,32,112,16,78,24,71,18,53" hai3="14,96,70,4,0,87,130,51,52,85,33,8,49"/><T116/><D123/><U50/><E75/><V46/><F122/><W109/><G70/><T9/><D113/><U27/><E120/><V12/><F112/><W31/><G109/><N who="1" m="42058" /><E84/><V67/><F133/><W121/><G121/><T115/><D115/><U100/><E50/><V94/><F67/><W124/><G124/><T44/><D43/><U39/><E39/><V40/><F53/><W132/><G132/><T42/><D42/><U56/><E64/><V38/><F94/><W57/><G130/><N who="1" m="49706" /><E22/><V20/><REACH who="2" step="1"/><F32/><REACH who="2" ten="308,192,240,250" step="2"/><W21/><G33/><T105/><D93/><U103/><E98/><V73/><F73/><W37/><G96/><T62/><D105/><U5/><E5/><V55/><F55/><W97/><G97/><T135/><D135/><U117/><E117/><V48/><F48/><W30/><G37/><T74/><D118/><U63/><E63/><V6/><F6/><W7/><G7/><T72/><D116/><U106/><E106/><V99/><F99/><W83/><G0/><T15/><D74/><U90/><E90/><V66/><F66/><W95/><G95/><T29/><D72/><U129/><E129/><V17/><F17/><W34/><G34/><T104/><D104/><U127/><E127/><V59/><F59/><AGARI ba="1,1" hai="25,27,56,58,59,100,102,103" m="49706,42058" machi="59" ten="40,8000,1" yaku="28,2,14,1,19,1" doraHai="68" who="1" fromWho="2" sc="308,0,192,93,240,-83,250,0" /><INIT seed="1,0,0,0,3,77" ten="308,285,157,250" oya="1" hai0="42,96,112,52,66,127,99,30,103,8,106,122,72" hai1="117,55,15,37,17,9,81,49,73,54,121,12,21" hai2="92,61,28,91,84,111,35,67,82,133,11,76,58" hai3="135,100,132,16,120,87,80,38,18,93,116,95,97"/><U86/><E73/><V85/><F111/><W33/><G33/><T90/><D112/><U79/><E117/><V89/><F133/><N who="3" m="51275" /><G38/><T39/><D122/><U65/><E121/><V41/><F35/><W57/><G57/><T13/><D72/><U43/><E65/><V68/><F28/><W53/><G53/><T131/><D131/><U5/><E37/><V62/><F41/><W36/><G36/><T124/><D30/><U10/><E21/><V48/><F48/><W47/><G47/><AGARI ba="0,0" hai="5,9,10,12,15,17,43,47,49,54,55,79,81,86" machi="47" ten="40,12000,1" yaku="25,2,8,1,52,1" doraHai="77" who="1" fromWho="3" sc="308,0,285,120,157,0,250,-120" /><INIT seed="1,1,0,4,3,4" ten="308,405,157,130" oya="1" hai0="124,130,65,74,30,90,1,14,126,98,55,36,48" hai1="15,87,111,84,118,43,12,59,103,53,11,34,131" hai2="31,100,106,99,28,44,117,82,132,122,121,125,23" hai3="105,133,52,42,6,29,9,75,97,70,54,10,33"/><U63/><E118/><V26/><F117/><W21/><G75/><T83/><D36/><U49/><E34/><V19/><F132/><W2/><G70/><T94/><D1/><U79/><E111/><V104/><F104/><W129/><G129/><T38/><D38/><U8/><E131/><V78/><F125/><W134/><G42/><T73/><D65/><U93/><E79/><V108/><F108/><W45/><G33/><T112/><D30/><U39/><E39/><V115/><F115/><W71/><G71/><T41/><D41/><U66/><E43/><V17/><F44/><W91/><G29/><T67/><D67/><U25/><E25/><V22/><F122/><W128/><G128/><T56/><D112/><U46/><E103/><V123/><F123/><W61/><G21/><T35/><D35/><U95/><E93/><V50/><F50/><N who="3" m="28751" /><G6/><T80/><D130/><U116/><E95/><V37/><F37/><W85/><G2/><T86/><D83/><U120/><E116/><V40/><F40/><W3/><G3/><T7/><D7/><N who="1" m="3103" /><E120/><V58/><F121/><W127/><G127/><N who="0" m="48683" /><D14/><U72/><E72/><V101/><F106/><W76/><G76/><AGARI ba="1,0" hai="48,55,56,73,74,76,80,86,90,94,98" m="48683" machi="76" ten="30,1000,0" yaku="18,1" doraHai="4" who="0" fromWho="3" sc="308,13,405,0,157,0,130,-13" /><INIT seed="2,0,0,2,5,78" ten="321,405,157,117" oya="2" hai0="59,73,100,30,15,102,22,129,115,120,89,34,72" hai1="35,134,108,40,32,58,103,77,98,17,7,75,130" hai2="79,55,83,14,65,61,93,105,112,101,50,91,12" hai3="70,37,23,99,33,132,46,25,56,90,1,66,43"/><V36/><F36/><W5/><G33/><T109/><D34/><U131/><E108/><V11/><F112/><W20/><G132/><T94/><D115/><U127/><E134/><V26/><F101/><W9/><G70/><T31/><D109/><U18/><E127/><V10/><F105/><W57/><G66/><T24/><D120/><U133/><E133/><V29/><F26/><W122/><G122/><T135/><D129/><N who="1" m="49163" /><E7/><V8/><F29/><W63/><G63/><T28/><D135/><U42/><E58/><V74/><F50/><W68/><G68/><T6/><D73/><U92/><E35/><V47/><F55/><W51/><G37/><T41/><D41/><N who="1" m="15979" /><E32/><V62/><F47/><W48/><G48/><T69/><D72/><U45/><E45/><V16/><F65/><W128/><G128/><T110/><D69/><U13/><E13/><V88/><F91/><W84/><G99/><T119/><D110/><U121/><E121/><V19/><F11/><W67/><G67/><T113/><D113/><U44/><E44/><V52/><F52/><W71/><G71/><T125/><D125/><U85/><E75/><V87/><AGARI ba="0,0" hai="8,10,12,14,16,19,61,62,74,79,83,87,88,93" machi="87" ten="20,18000,2" yaku="0,1,7,1,9,1,52,1,54,2" doraHai="78" who="2" fromWho="2" sc="321,-60,405,-60,157,180,117,-60" /><INIT seed="2,1,0,1,5,116" ten="261,345,337,57" oya="2" hai0="41,59,70,130,61,53,99,50,114,94,1,18,98" hai1="54,81,56,4,12,115,10,17,19,74,43,89,6" hai2="49,69,67,71,63,95,93,77,112,65,87,129,51" hai3="131,127,46,34,60,72,64,105,23,102,118,104,88"/><V27/><F112/><W119/><G72/><T108/><D114/><U101/><E115/><V36/><F36/><W32/><G127/><T45/><D1/><U14/><E74/><V85/><F27/><W134/><G134/><T90/><D108/><U125/><E125/><V79/><REACH who="2" step="1"/><F63/><REACH who="2" ten="261,345,327,57" step="2"/><W15/><G60/><T120/><D120/><U33/><E33/><V37/><F37/><W68/><G34/><T117/><D117/><U126/><E126/><V135/><F135/><W5/><G32/><T3/><D130/><AGARI ba="1,1" hai="49,51,65,67,69,71,77,79,85,87,93,95,129,130" machi="130" ten="25,4800,0" yaku="1,1,22,2,53,0" doraHai="116" doraHaiUra="122" who="2" fromWho="0" sc="261,-51,345,0,327,61,57,0" /><INIT seed="2,2,0,4,1,42" ten="210,345,388,57" oya="2" hai0="43,46,29,96,44,47,8,60,40,121,126,76,87" hai1="52,68,23,33,115,55,111,90,21,104,17,25,128" hai2="0,71,82,74,58,101,39,77,9,80,106,13,105" hai3="120,26,88,18,65,49,125,107,97,108,50,127,109"/><V103/><F71/><W6/><G120/><T22/><D121/><U7/><E104/><V30/><F30/><W93/><G107/><T95/><D126/><N who="3" m="48137" /><G6/><T117/><D117/><U37/><E37/><V32/><F32/><W134/><G134/><T51/><D8/><U41/><E7/><V12/><F39/><W34/><G65/><T86/><D60/><U1/><E1/><V123/><F123/><W112/><G112/><T45/><D40/><U110/><E115/><V129/><F129/><W78/><G78/><T38/><D38/><U19/><E41/><V113/><F0/><W20/><G34/><T14/><D76/><U70/><E90/><V124/><F77/><W133/><G133/><T62/><D62/><U91/><E91/><V69/><F124/><W72/><G72/><T66/><D66/><U5/><E5/><V3/><F3/><W59/><G59/><T135/><D135/><U102/><E33/><V98/><F58/><W81/><G81/><T100/><REACH who="0" step="1"/><D14/><REACH who="0" ten="200,345,388,57" step="2"/><U64/><E64/><V56/><F13/><W131/><G131/><T116/><D116/><U2/><E128/><V119/><F12/><W36/><G36/><T67/><D67/><U48/><E2/><V15/><F15/><W10/><G10/><T130/><D130/><U83/><E25/><AGARI ba="2,1" hai="22,25,29,43,44,45,46,47,51,86,87,95,96,100" machi="25" ten="40,12000,2" yaku="1,1,8,1,52,4,53,0" doraHai="42" doraHaiUra="57" who="0" fromWho="1" sc="200,136,345,-126,388,0,57,0" /><INIT seed="3,0,0,4,4,118" ten="336,219,388,57" oya="3" hai0="84,75,8,104,92,40,0,95,24,124,33,65,73" hai1="107,103,14,25,100,30,106,71,1,108,46,105,67" hai2="132,69,115,96,48,22,54,80,16,102,90,52,4" hai3="79,39,72,37,114,129,27,6,11,125,101,122,76"/><W5/><G114/><T117/><D104/><U18/><E1/><V3/><F69/><W12/><G125/><T135/><D117/><U29/><E108/><V58/><F132/><W119/><G119/><T32/><D135/><U130/><E130/><V15/><F115/><W64/><G129/><T42/><D124/><U93/><E46/><V83/><F90/><W133/><G133/><T9/><D65/><U112/><E112/><V121/><F121/><W2/><G101/><T41/><D41/><U99/><E103/><V116/><F116/><W82/><G76/><T59/><D59/><U120/><E120/><V87/><F87/><W123/><G64/><T26/><D84/><U66/><E71/><V50/><F4/><W45/><G27/><T85/><D85/><U47/><E47/><N who="2" m="27679" /><F3/><AGARI ba="0,0" hai="0,3,8,9,24,26,32,33,40,42,73,75,92,95" machi="3" ten="25,1600,0" yaku="22,2" doraHai="118" who="0" fromWho="2" sc="336,16,219,0,388,-16,57,0" /><INIT seed="4,0,0,2,3,20" ten="352,219,372,57" oya="0" hai0="123,111,1,112,128,64,130,39,113,49,19,125,99" hai1="42,78,132,92,21,89,60,107,68,106,90,124,4" hai2="18,13,102,40,117,70,35,131,91,37,9,34,69" hai3="96,121,72,104,105,74,133,86,93,71,6,118,110"/><T3/><D39/><U122/><E122/><V52/><F102/><N who="3" m="60687" /><G6/><T77/><D77/><U84/><E42/><V98/><F131/><N who="0" m="50218" /><D99/><U30/><E4/><V66/><F117/><W63/><G63/><T54/><D64/><U135/><E124/><V75/><F75/><N who="3" m="28715" /><G71/><T10/><D54/><U44/><E44/><V17/><F40/><W108/><G118/><T55/><D55/><U25/><E60/><V67/><F37/><W73/><N who="3" m="28723" /><W33/><DORA hai="116" /><G33/><T85/><D85/><N who="1" m="52271" /><E78/><V61/><F35/><W2/><G2/><N who="0" m="523" /><D49/><U87/><E68/><V22/><F34/><W26/><G26/><T24/><D125/><U82/><E84/><V46/><F70/><W53/><G53/><T47/><D47/><U88/><E90/><V12/><F69/><W38/><G38/><T45/><D45/><U134/><AGARI ba="0,0" hai="21,25,30,82,87,88,106,107,132,134,135" m="52271" machi="134" ten="30,4000,0" yaku="20,1,52,1,54,1" doraHai="20,116" who="1" fromWho="1" sc="352,-20,219,40,372,-10,57,-10" /><INIT seed="5,0,0,3,5,85" ten="332,259,362,47" oya="1" hai0="115,58,21,13,66,25,109,80,53,14,69,26,43" hai1="84,89,3,49,116,31,118,93,28,79,125,17,6" hai2="11,107,121,52,112,35,106,55,64,135,120,65,44" hai3="20,73,91,33,110,5,67,74,71,24,7,38,83"/><U59/><E125/><V34/><F11/><W63/><G38/><T99/><D109/><U104/><E104/><V126/><F44/><W103/><G110/><T48/><D115/><U132/><E132/><V86/><F86/><W82/><G33/><T95/><D26/><U100/><E3/><V72/><F72/><W127/><G127/><T108/><D108/><U62/><E6/><V129/><F126/><W0/><G103/><T77/><D43/><U36/><E36/><V4/><F4/><W111/><G111/><T56/><D69/><U50/><E100/><V10/><F10/><W32/><G32/><T70/><D70/><U18/><E79/><V113/><REACH who="2" step="1"/><F129/><REACH who="2" ten="332,259,352,47" step="2"/><W101/><G7/><T124/><D124/><U119/><E17/><V15/><F15/><W2/><G5/><T40/><D14/><U131/><E18/><V128/><F128/><W30/><G73/><T75/><D13/><U117/><E131/><V23/><F23/><W61/><G74/><T97/><D21/><U133/><E133/><AGARI ba="0,1" hai="34,35,52,55,64,65,106,107,112,113,120,121,133,135" machi="133" ten="25,6400,0" yaku="1,1,22,2,54,1,53,0" doraHai="85" doraHaiUra="114" who="2" fromWho="1" sc="332,0,259,-64,352,74,47,0" /><INIT seed="6,0,0,3,4,12" ten="332,195,426,47" oya="2" hai0="55,34,69,7,76,8,70,27,134,17,92,97,129" hai1="3,54,110,122,59,61,116,109,64,46,123,20,101" hai2="51,107,13,4,41,0,128,36,83,44,88,25,39" hai3="71,91,132,37,79,45,103,86,80,57,49,127,65"/><V62/><F0/><W11/><G37/><T15/><D129/><U67/><E101/><V68/><F107/><W126/><G71/><T18/><D76/><U19/><E3/><V114/><F114/><W118/><G118/><T16/><D134/><U111/><E19/><V35/><F35/><W52/><G132/><T89/><REACH who="0" step="1"/><D55/><REACH who="0" ten="322,195,426,47" step="2"/><U40/><E116/><V21/><F128/><W56/><G79/><T120/><D120/><N who="1" m="46123" /><E20/><V73/><F21/><W115/><G115/><T135/><D135/><U104/><E104/><V26/><F41/><W32/><G32/><T102/><D102/><U84/><E84/><V85/><F85/><W93/><G103/><T47/><D47/><U53/><E53/><V81/><F44/><W33/><G33/><T38/><D38/><AGARI ba="0,1" hai="38,40,46,54,59,61,64,67,109,110,111" m="46123" machi="38" ten="40,5200,0" yaku="13,1,34,2" doraHai="12" who="1" fromWho="0" sc="322,-52,195,62,426,0,47,0" /><INIT seed="7,0,0,5,3,10" ten="270,257,426,47" oya="3" hai0="14,82,90,74,67,50,36,132,6,102,81,131,88" hai1="97,21,69,9,94,41,8,134,113,57,83,95,63" hai2="64,22,61,17,75,54,120,66,71,25,32,49,35" hai3="98,105,13,123,108,89,72,46,106,40,24,110,73"/><W115/><G123/><T30/><D131/><U68/><E41/><V58/><F75/><W19/><G115/><T96/><D74/><U5/><E134/><V23/><F120/><W124/><G124/><T80/><D132/><U78/><E113/><V48/><F66/><W0/><G0/><T127/><D36/><U93/><E21/><V121/><F121/><W133/><G133/><T112/><D127/><U37/><E97/><V62/><F23/><W43/><G24/><T20/><D67/><U1/><E37/><V2/><F2/><W79/><G43/><T16/><D112/><U60/><E8/><V109/><REACH who="2" step="1"/><F109/><REACH who="2" ten="270,257,416,47" step="2"/><N who="3" m="42091" /><G79/><T45/><D30/><U39/><E39/><V100/><F100/><N who="3" m="62615" /><G89/><T15/><D102/><U27/><E27/><V84/><F84/><W119/><G119/><T31/><D96/><U116/><E116/><V92/><F92/><W28/><G106/><T70/><D70/><U44/><E44/><V18/><F18/><W38/><G28/><T111/><D31/><U65/><REACH who="1" step="1"/><E60/><REACH who="1" ten="270,247,416,47" step="2"/><V126/><F126/><W42/><G42/><N who="0" m="24887" /><D111/><U118/><E118/><V91/><F91/><W33/><G33/><AGARI ba="0,2" hai="17,22,25,32,33,35,48,49,54,58,61,62,64,71" machi="33" ten="40,1300,0" yaku="1,1,53,0" doraHai="10" doraHaiUra="99" who="2" fromWho="3" sc="270,0,247,0,416,33,47,-13" owari="270,7.0,247,-15.0,449,55.0,34,-47.0" /></mjloggm>