<mjloggm ver="2.3"><GO type="41" lobby="0"/><UN n0="%31%30%30%30%E7%82%B9%E3%81%AF%E6%8A%BC%E3%81%97" n1="%50%53%33%E5%8F%B7" n2="%E3%83%A4%E3%83%89%E3%83%B3%E3%83%91%E3%83%A9%E3%83%80%E3%82%A4%E3%82%B9" n3="%E2%93%9D%53%75%70%68%78" dan="14,14,14,18" rate="1887.81,1947.74,1962.25,2124.41" sx="M,M,M,M"/><TAIKYOKU oya="0"/><INIT seed="0,0,0,1,0,65" ten="250,250,250,250" oya="0" hai0="133,121,18,6,39,51,105,10,13,16,96,14,12" hai1="35,9,89,1,32,126,125,120,57,37,113,98,55" hai2="24,20,94,38,122,78,104,56,117,5,70,132,29" hai3="99,21,2,100,34,61,72,116,71,49,124,54,66"/><T3/><D39/><U128/><E120/><V111/><F104/><W11/><G72/><T131/><D121/><U62/><E37/><V46/><F122/><W26/><G124/><N who="1" m="47722" /><E113/><V67/><F56/><W123/><G123/><T43/><D131/><U68/><E68/><V93/><F78/><W86/><G86/><T63/><D133/><U115/><E115/><V48/><F5/><W90/><G90/><T52/><D63/><U85/><E98/><V114/><F70/><W84/><G84/><T27/><D43/><U23/><E23/><V106/><F20/><W50/><G116/><T79/><D79/><U64/><E64/><V33/><F67/><W77/><G77/><T36/><D36/><U73/><E73/><V30/><F38/><W108/><G54/><T109/><D109/><U31/><E31/><V53/><F30/><N who="3" m="19799" /><G21/><T80/><D80/><N who="1" m="49319" /><E128/><V110/><F117/><W107/><G108/><T101/><REACH who="0" step="1"/><D27/><REACH who="0" ten="240,250,250,250" step="2"/><U4/><AGARI ba="0,1" hai="1,4,9,32,35,55,57,62" m="49319,47722" machi="4" ten="30,1100,0" yaku="18,1" doraHai="65" who="1" fromWho="1" sc="240,-5,250,21,250,-3,250,-3" /><INIT seed="1,0,0,1,3,31" ten="235,271,247,247" oya="1" hai0="32,67,47,78,56,132,26,110,126,41,43,49,74" hai1="24,89,115,15,133,2,87,85,120,9,5,23,96" hai2="50,57,8,39,60,116,69,93,18,44,130,71,135" hai3="73,48,22,62,111,90,46,28,121,0,17,10,1"/><U61/><E120/><V99/><F130/><W68/><G73/><T106/><D106/><U80/><E133/><V117/><F135/><W101/><G111/><T27/><D132/><U66/><E115/><V72/><F72/><W25/><G101/><T30/><D110/><U11/><E96/><V33/><F39/><W36/><G36/><T3/><D3/><U29/><E87/><V55/><F69/><W13/><G121/><T51/><D126/><U108/><E108/><V105/><F71/><W112/><G112/><T124/><D124/><U129/><E129/><V12/><F105/><W95/><G62/><T54/><D27/><U34/><E11/><V63/><F33/><W109/><G68/><T53/><REACH who="0" step="1"/><D67/><REACH who="0" ten="225,271,247,247" step="2"/><U45/><E66/><V127/><F127/><W6/><G109/><T86/><D86/><U58/><E61/><V134/><F134/><W79/><G1/><T104/><D104/><U38/><E38/><V94/><F60/><W37/><G37/><T65/><D65/><U76/><E58/><V4/><F57/><W114/><G114/><T7/><D7/><U75/><E45/><V98/><F63/><W35/><G46/><T83/><AGARI ba="0,1" hai="26,30,32,41,43,47,49,51,53,54,56,74,78,83" machi="83" ten="30,4000,0" yaku="1,1,0,1,52,1,53,0" doraHai="31" doraHaiUra="113" who="0" fromWho="0" sc="225,50,271,-20,247,-10,247,-10" /><INIT seed="2,0,0,4,1,59" ten="275,251,237,237" oya="2" hai0="36,76,14,58,110,105,72,37,87,13,6,74,18" hai1="80,69,84,89,122,9,81,32,10,31,28,67,112" hai2="119,96,11,104,19,39,118,132,2,33,116,62,38" hai3="40,133,48,43,125,16,12,126,91,128,56,106,82"/><V24/><F132/><W71/><G71/><T111/><D105/><U46/><E112/><V17/><F17/><W99/><G128/><T51/><D6/><U47/><E122/><V57/><F104/><W53/><G133/><T70/><D70/><U73/><E31/><V64/><F96/><W54/><G54/><T42/><D87/><U79/><E28/><V109/><F109/><N who="0" m="41482" /><D58/><U131/><E32/><V100/><F100/><W26/><G26/><T127/><D51/><U22/><E22/><V7/><REACH who="2" step="1"/><F33/><REACH who="2" ten="275,251,227,237" step="2"/><W27/><G106/><T86/><D18/><U94/><E131/><V68/><F68/><W113/><G99/><T90/><D127/><U95/><E69/><V5/><F5/><W60/><G126/><T85/><D37/><U135/><E135/><V117/><N who="2" m="29696" /><DORA hai="124" /><V55/><F55/><W114/><G125/><T4/><D4/><U52/><E67/><V123/><F123/><W98/><G114/><T93/><D36/><U20/><E52/><V103/><F103/><W29/><G113/><T115/><D115/><U101/><E101/><V130/><F130/><W23/><G48/><T92/><D42/><U1/><E20/><AGARI ba="0,1" hai="2,7,11,19,20,24,38,39,57,62,64" m="29696" machi="20" ten="70,6800,0" yaku="1,1,52,1,53,0" doraHai="59,124" doraHaiUra="83,44" who="2" fromWho="1" sc="275,0,251,-68,227,78,237,0" /><INIT seed="2,1,0,2,1,130" ten="275,183,305,237" oya="2" hai0="122,18,36,80,85,13,58,65,94,81,110,119,15" hai1="8,31,41,134,86,39,16,73,23,131,44,28,128" hai2="68,17,33,60,10,113,116,72,27,126,29,101,38" hai3="120,66,100,76,63,24,104,7,19,93,105,32,5"/><V106/><F113/><W90/><G76/><T25/><D122/><U127/><E73/><V34/><F116/><W1/><G120/><T40/><D119/><U52/><E127/><V46/><F126/><W62/><G62/><T107/><D107/><U61/><E8/><V87/><F34/><W77/><G77/><T84/><D40/><U3/><E3/><V83/><F87/><W0/><G100/><T20/><D36/><U71/><E71/><V97/><F17/><W11/><G19/><T69/><D69/><U133/><E86/><N who="0" m="33385" /><D94/><U121/><E121/><V112/><F10/><W50/><G93/><T98/><D98/><U91/><E91/><V74/><F83/><N who="0" m="31818" /><D110/><U53/><E61/><AGARI ba="1,0" hai="13,15,18,20,25,58,61,65" m="31818,33385" machi="61" ten="30,1000,0" yaku="8,1" doraHai="130" who="0" fromWho="1" sc="275,13,183,-13,305,0,237,0" /><INIT seed="3,0,0,0,2,32" ten="288,170,305,237" oya="3" hai0="122,134,9,22,7,2,29,64,30,25,45,27,38" hai1="12,83,43,5,98,57,103,60,28,107,131,48,33" hai2="121,35,86,112,56,19,59,99,118,77,44,67,113" hai3="34,37,80,92,53,123,18,42,84,135,104,58,70"/><W20/><G123/><T91/><D122/><U23/><E23/><V71/><F35/><W10/><G104/><T125/><D64/><U126/><E126/><V73/><F73/><W8/><G70/><T105/><D105/><U21/><E21/><V96/><F19/><W82/><G135/><T55/><D134/><U115/><E115/><V13/><F13/><W108/><G34/><T3/><D125/><U109/><E109/><V46/><F86/><W117/><G117/><T130/><D130/><U85/><E131/><V81/><F81/><W111/><G42/><T65/><D65/><U95/><E33/><V102/><F67/><W129/><G37/><T1/><D27/><U87/><E28/><V127/><F127/><W128/><G92/><T106/><D30/><U54/><E107/><V97/><F97/><W49/><G82/><T11/><D106/><U31/><E31/><V76/><F121/><W52/><G53/><T14/><D91/><U0/><E0/><V119/><REACH who="2" step="1"/><F102/><REACH who="2" ten="288,170,295,237" step="2"/><W66/><G66/><T79/><D79/><U120/><E120/><V78/><F78/><N who="3" m="46103" /><G129/><T61/><D38/><U41/><E85/><V101/><F101/><W100/><G100/><T110/><D110/><N who="3" m="42025" /><G128/><T132/><D132/><U88/><REACH who="1" step="1"/><E60/><REACH who="1" ten="288,160,295,237" step="2"/><V6/><F6/><W75/><G75/><T40/><D61/><U15/><E15/><AGARI ba="0,2" hai="8,10,15,18,20,49,52,58" m="42025,46103" machi="15" ten="30,5800,0" yaku="14,1,10,1,54,1" doraHai="32" who="3" fromWho="1" sc="288,0,160,-58,295,0,237,78" /><INIT seed="3,1,0,4,3,44" ten="288,102,295,315" oya="3" hai0="101,69,108,41,60,121,85,16,30,102,2,130,80" hai1="114,82,29,32,77,95,0,97,124,40,126,129,25" hai2="17,93,3,21,70,8,48,45,51,116,88,15,134" hai3="31,99,76,11,75,54,112,96,4,107,104,122,12"/><W123/><G31/><T55/><D121/><U47/><E114/><V43/><F134/><W131/><G112/><T42/><D2/><U91/><E0/><V119/><F70/><W19/><G131/><T61/><D69/><U64/><E129/><V127/><F127/><W133/><G76/><T106/><D30/><U109/><E109/><V125/><F125/><W63/><G75/><T28/><D28/><U100/><E124/><V52/><F3/><W67/><G54/><T5/><D5/><U33/><E126/><V68/><F68/><W74/><G74/><T7/><D7/><U23/><E64/><V105/><F105/><W79/><G79/><T36/><D130/><U118/><E118/><V18/><F18/><W72/><G72/><T78/><D36/><U57/><E57/><N who="2" m="32903" /><F8/><W94/><G133/><T50/><D16/><U135/><E100/><N who="0" m="38505" /><D106/><U10/><E10/><V66/><F66/><W20/><G107/><T73/><D73/><U115/><E115/><V71/><F71/><W1/><G104/><T62/><D108/><U111/><E111/><V113/><F113/><W39/><G123/><T56/><AGARI ba="1,0" hai="41,42,50,55,56,60,61,62,78,80,85" m="38505" machi="56" ten="30,2000,0" yaku="8,1,52,1" doraHai="44" who="0" fromWho="0" sc="288,23,102,-6,295,-6,315,-11" /><INIT seed="4,0,0,5,5,124" ten="311,96,289,304" oya="0" hai0="54,127,94,7,23,31,61,2,1,89,49,11,107" hai1="111,133,92,123,81,52,55,28,115,77,93,105,71" hai2="131,14,25,34,3,65,41,10,106,68,101,20,102" hai3="4,47,113,110,70,33,0,82,130,99,17,46,35"/><T88/><D127/><U121/><E111/><V90/><F106/><W39/><G17/><T116/><D107/><U73/><E105/><V95/><F41/><W43/><G110/><T91/><D2/><U114/><E71/><V56/><F68/><W132/><G47/><T37/><D37/><U51/><E28/><N who="2" m="19727" /><F56/><W76/><G132/><T44/><D116/><U45/><E133/><V62/><F62/><W42/><G42/><T58/><D23/><U27/><E27/><V6/><F65/><W119/><G113/><N who="1" m="43018" /><E55/><V84/><F131/><W9/><G130/><T74/><D31/><U53/><E53/><V117/><F117/><W129/><G129/><T18/><D18/><AGARI ba="0,0" hai="3,6,10,14,18,20,84,90,95,101,102" m="19727" machi="18" ten="30,1000,0" yaku="24,1" doraHai="124" who="2" fromWho="0" sc="311,-10,96,0,289,10,304,0" /><INIT seed="5,0,0,3,0,33" ten="301,96,299,304" oya="1" hai0="134,40,80,114,105,79,112,99,20,55,64,17,54" hai1="52,116,133,14,1,130,89,9,34,32,25,76,117" hai2="88,102,124,120,108,15,131,121,42,118,78,41,61" hai3="111,122,8,83,16,4,109,62,100,5,132,101,92"/><U86/><E133/><V93/><F118/><W46/><G122/><T75/><D134/><U26/><E130/><V51/><F108/><W103/><G132/><T95/><D64/><U127/><E76/><V44/><F131/><W7/><G111/><T13/><D40/><U6/><E127/><V129/><F129/><W31/><G31/><T110/><D105/><U69/><E69/><V126/><F78/><W85/><G62/><T37/><D37/><U38/><E38/><V49/><F102/><W87/><G46/><T57/><D57/><U96/><E96/><N who="2" m="57383" /><F61/><W68/><G68/><T12/><D12/><U104/><E104/><V71/><F71/><W39/><G39/><T58/><D58/><U48/><E117/><V30/><F30/><W22/><G109/><T90/><D110/><U21/><E116/><V24/><F24/><N who="3" m="14407" /><G92/><T18/><D17/><U123/><E123/><V36/><F15/><N who="3" m="5511" /><G87/><T56/><REACH who="0" step="1"/><D54/><REACH who="0" ten="291,96,299,304" step="2"/><U66/><E66/><V70/><F70/><W2/><G2/><T72/><D72/><U84/><E1/><V43/><F121/><W0/><G0/><T50/><AGARI ba="0,1" hai="13,18,20,50,55,56,75,79,80,90,95,99,112,114" machi="50" ten="30,2000,0" yaku="1,1,0,1,53,0" doraHai="33" doraHaiUra="3" who="0" fromWho="0" sc="291,30,96,-10,299,-5,304,-5" /><INIT seed="6,0,0,0,1,121" ten="321,86,294,299" oya="2" hai0="59,114,112,63,39,131,27,111,60,19,91,106,50" hai1="35,75,107,115,58,54,47,123,82,51,36,133,45" hai2="1,134,95,83,46,77,3,98,13,0,128,87,25" hai3="94,104,74,15,64,76,12,31,20,71,103,44,61"/><V105/><F128/><W89/><G104/><T108/><D39/><U90/><E123/><V62/><F134/><W53/><G103/><T86/><D106/><U4/><E133/><V65/><F105/><W38/><G76/><T22/><D131/><U127/><E127/><V67/><F13/><W96/><G74/><T32/><D50/><U8/><E115/><N who="0" m="44073" /><D32/><U17/><E107/><V37/><F25/><W126/><G126/><T10/><D10/><U72/><E35/><V49/><F37/><W2/><G2/><T81/><D60/><U40/><E17/><V97/><F97/><W118/><G118/><T28/><D28/><U43/><E90/><V57/><F67/><AGARI ba="0,0" hai="19,22,27,59,63,67,81,86,91,108,111" m="44073" machi="67" ten="30,3900,0" yaku="15,1,52,2" doraHai="121" who="0" fromWho="2" sc="321,39,86,0,294,-39,299,0" /><INIT seed="7,0,0,0,2,20" ten="360,86,255,299" oya="3" hai0="14,42,109,114,81,46,74,22,73,78,49,123,68" hai1="98,79,94,65,53,23,31,41,0,83,133,117,37" hai2="10,27,71,105,43,60,82,128,119,118,70,124,120" hai3="125,39,35,13,84,57,58,9,29,36,18,103,52"/><W87/><G125/><T62/><D109/><U15/><E117/><V134/><F105/><W91/><G103/><T76/><D123/><U113/><E133/><V88/><F124/><W93/><G58/><T104/><D104/><U132/><E113/><V48/><F128/><W69/><G69/><T77/><D74/><U2/><E132/><V101/><F134/><W89/><G35/><T16/><REACH who="0" step="1"/><D114/><REACH who="0" ten="350,86,255,299" step="2"/><U112/><E112/><V64/><F120/><W4/><G29/><T127/><D127/><U38/><E65/><AGARI ba="0,1" hai="14,16,22,42,46,49,62,65,68,73,76,77,78,81" machi="65" ten="40,2600,0" yaku="1,1,54,1,53,0" doraHai="20" doraHaiUra="122" who="0" fromWho="1" sc="350,36,86,-26,255,0,299,0" owari="386,48.0,60,-44.0,255,-14.0,299,10.0" /></mjloggm>