<mjloggm ver="2.3"><GO type="41" lobby="0"/><UN n0="%E3%83%84%E3%83%B3%E2%98%86%E3%83%89%E3%83%A9%E3%82%AD%E3%83%BC" n1="%E5%86%AC%E7%9C%A0%E3%81%B2%E3%81%90%E3%81%BE" n2="%E2%93%9D%53%75%70%68%78" n3="%E3%82%84%E3%81%99%E3%81%BE%E3%83%BC%E3%81%95" dan="14,14,18,14" rate="1943.80,1862.41,2089.80,1947.31" sx="M,M,M,M"/><TAIKYOKU oya="0"/><INIT seed="0,0,0,5,3,107" ten="250,250,250,250" oya="0" hai0="27,31,119,90,89,14,113,47,8,1,22,91,92" hai1="79,56,115,118,26,13,124,132,77,100,50,15,29" hai2="28,85,9,73,3,86,36,18,45,126,69,5,88" hai3="62,40,20,74,96,39,52,21,121,72,60,12,19"/><T6/><D119/><U33/><E118/><V71/><F86/><W95/><G121/><T94/><D113/><U66/><E115/><V83/><F126/><W125/><G125/><T81/><D47/><U61/><E124/><V70/><F28/><W80/><G80/><T16/><REACH who="0" step="1"/><D81/><REACH who="0" ten="240,250,250,250" step="2"/><U82/><E132/><V67/><F45/><W53/><G39/><T117/><D117/><U93/><E77/><V10/><F36/><W38/><G38/><T123/><D123/><U55/><E100/><V68/><F68/><W99/><G95/><T104/><D104/><U110/><E93/><V65/><REACH who="2" step="1"/><F73/><REACH who="2" ten="240,250,240,250" step="2"/><W11/><G40/><T133/><D133/><U30/><E110/><V109/><F109/><W41/><G41/><T42/><D42/><U46/><REACH who="1" step="1"/><E29/><REACH who="1" ten="240,240,240,250" step="2"/><V102/><F102/><W98/><G74/><AGARI ba="0,3" hai="13,15,26,30,33,46,50,55,56,61,66,74,79,82" machi="74" ten="30,8000,1" yaku="1,1,2,1,7,1,52,1,53,1" doraHai="107" doraHaiUra="57" who="1" fromWho="3" sc="240,0,240,110,240,0,250,-80" /><INIT seed="1,0,0,0,0,15" ten="240,350,240,170" oya="1" hai0="29,122,65,76,87,119,54,22,23,88,11,26,5" hai1="45,69,3,84,42,129,24,4,83,6,105,33,85" hai2="100,123,8,81,110,72,35,109,30,51,108,9,130" hai3="67,98,70,80,14,79,93,97,38,77,101,134,36"/><U37/><E129/><V55/><F123/><W116/><G116/><T56/><D119/><U121/><E121/><V68/><F68/><W107/><G134/><T52/><D76/><U131/><E131/><V90/><F130/><W95/><G70/><T21/><D65/><U53/><E69/><V124/><F100/><W78/><G67/><T46/><D46/><U115/><E115/><V92/><F124/><W94/><G14/><N who="0" m="5487" /><D122/><U66/><E66/><V31/><F81/><W99/><G38/><T75/><D75/><U27/><E105/><V63/><F63/><W111/><G36/><T57/><D57/><U25/><E33/><V0/><F72/><W64/><G64/><T133/><D133/><U49/><E3/><V117/><F117/><W86/><G111/><T118/><D118/><U120/><E120/><V103/><F103/><W61/><G61/><N who="0" m="35991" /><D52/><U104/><E104/><V44/><F35/><W102/><G107/><T12/><D12/><U91/><REACH who="1" step="1"/><E84/><REACH who="1" ten="240,340,240,170" step="2"/><V2/><F2/><W43/><G43/><T114/><D114/><U127/><E127/><V7/><REACH who="2" step="1"/><F9/><REACH who="2" ten="240,340,230,170" step="2"/><W32/><G32/><T82/><AGARI ba="0,2" hai="21,22,23,26,29,82,87,88" m="35991,5487" machi="82" ten="30,2000,0" yaku="8,1,54,1" doraHai="15" who="0" fromWho="0" sc="240,40,340,-10,230,-5,170,-5" /><INIT seed="2,0,0,5,2,46" ten="280,330,225,165" oya="2" hai0="48,39,97,85,86,15,123,64,132,127,40,94,77" hai1="68,92,116,73,117,58,70,2,69,113,33,111,47" hai2="54,109,104,59,112,79,43,119,128,76,96,108,55" hai3="0,62,75,129,41,52,83,28,50,93,105,63,101"/><V72/><F112/><W118/><G118/><T5/><D39/><U14/><E2/><V107/><F43/><W42/><G0/><T89/><D123/><U100/><E113/><V120/><F120/><W24/><G105/><N who="2" m="40521" /><F72/><W87/><G75/><T32/><D32/><U126/><E73/><V17/><F96/><N who="3" m="59535" /><G129/><T71/><D71/><U23/><E33/><V37/><F37/><W35/><G35/><T67/><D132/><U106/><E106/><V53/><F119/><W16/><G28/><T51/><D127/><U122/><E126/><V57/><F17/><W134/><G134/><T27/><D27/><U110/><E122/><V84/><F84/><N who="0" m="32362" /><D40/><U82/><E82/><V29/><F29/><W91/><G42/><T81/><D81/><U21/><E116/><V99/><F99/><W121/><G41/><T66/><D77/><N who="2" m="29770" /><F128/><W10/><G121/><T124/><D124/><U25/><E117/><V19/><F19/><W38/><G38/><T74/><D74/><U130/><E130/><V98/><F98/><W31/><G31/><T34/><D34/><U125/><E125/><V22/><F22/><N who="3" m="13383" /><G10/><AGARI ba="0,0" hai="5,10,15,48,51,64,66,67,89,94,97" m="32362" machi="10" ten="30,3900,0" yaku="8,1,52,2" doraHai="46" who="0" fromWho="3" sc="280,39,330,0,225,0,165,-39" /><INIT seed="3,0,0,0,1,110" ten="319,330,225,126" oya="3" hai0="50,53,74,100,42,23,134,39,37,12,46,30,16" hai1="28,81,18,56,117,38,107,80,104,59,20,108,93" hai2="0,8,11,119,72,4,14,98,124,87,113,75,61" hai3="123,77,105,1,26,88,111,96,128,7,102,91,13"/><W5/><G123/><T99/><D134/><U33/><E108/><V85/><F119/><W120/><G120/><T32/><D74/><U116/><E38/><V6/><F124/><W27/><G111/><T19/><D32/><U10/><E33/><V3/><F98/><W35/><G77/><T79/><D79/><U82/><E28/><V65/><F14/><W45/><G128/><T78/><D78/><U31/><E31/><V15/><F15/><W95/><G35/><T112/><D30/><U54/><E10/><V109/><F109/><W44/><G1/><T115/><D19/><U2/><E2/><V71/><REACH who="2" step="1"/><F113/><REACH who="2" ten="319,330,215,126" step="2"/><N who="0" m="43594" /><D42/><U43/><E43/><V129/><F129/><W34/><G34/><T122/><D122/><U130/><E130/><V51/><F51/><W114/><G13/><T63/><D63/><U24/><E116/><V49/><F49/><W133/><G133/><T103/><D103/><U125/><E117/><V55/><F55/><W76/><G105/><AGARI ba="0,1" hai="12,16,23,37,39,46,50,53,99,100,105" m="43594" machi="105" ten="30,8000,1" yaku="11,1,52,3,54,1" doraHai="110" who="0" fromWho="3" sc="319,90,330,0,215,0,126,-80" /><INIT seed="4,0,0,0,2,8" ten="409,330,215,46" oya="0" hai0="43,75,53,19,115,63,97,61,105,99,129,23,5" hai1="6,42,38,25,70,32,40,46,13,73,86,1,108" hai2="52,16,62,12,113,96,21,51,125,91,57,78,9" hai3="124,35,132,14,87,126,121,122,31,44,93,112,29"/><T128/><D115/><U85/><E70/><V26/><F125/><N who="3" m="48235" /><G44/><T34/><D34/><U89/><E108/><V27/><F113/><W36/><G36/><T134/><D134/><U120/><E120/><N who="3" m="46186" /><G93/><T111/><D111/><U54/><E73/><V92/><F78/><W4/><G87/><T3/><D75/><U41/><E1/><V104/><F104/><W67/><G67/><T117/><D117/><U65/><E85/><V69/><F69/><W82/><G82/><T130/><D43/><U72/><E65/><V100/><F100/><W18/><G112/><T133/><D133/><U2/><E2/><V64/><REACH who="2" step="1"/><F21/><REACH who="2" ten="409,330,205,46" step="2"/><N who="3" m="11479" /><G132/><T80/><D105/><U45/><E38/><V83/><F83/><W107/><G107/><T37/><D80/><U106/><E106/><V135/><F135/><W81/><G81/><T33/><D37/><U74/><E89/><V66/><F66/><W0/><G35/><T48/><D33/><U56/><E32/><V95/><F95/><W98/><G98/><T17/><D99/><U11/><E74/><V50/><F50/><W84/><G84/><T123/><D97/><U68/><E86/><V77/><F77/><W15/><G0/><T109/><D123/><U103/><E68/><V49/><F49/><W102/><G102/><T88/><D48/><N who="1" m="30791" /><E103/><V24/><F24/><W116/><G116/><T118/><D88/><U119/><E72/><V10/><F10/><AGARI ba="0,1" hai="4,10,15,29,31" m="11479,46186,48235" machi="10" ten="30,12000,2" yaku="18,1,13,1,34,2,52,2" doraHai="8" who="3" fromWho="2" sc="409,0,330,0,205,-120,46,130" /><INIT seed="5,0,0,0,0,53" ten="409,330,85,176" oya="1" hai0="24,81,107,5,118,69,36,4,134,57,108,16,109" hai1="98,44,50,88,2,40,111,67,75,48,45,39,110" hai2="82,121,1,85,130,104,74,23,135,25,37,95,35" hai3="9,11,86,32,62,51,100,29,120,61,66,33,78"/><U128/><E2/><V64/><F121/><W73/><G73/><T94/><D69/><U90/><E75/><V71/><F130/><W79/><G120/><T80/><D107/><U116/><E116/><V127/><F135/><W12/><G100/><T14/><D36/><U63/><E128/><V42/><F127/><W96/><G96/><T59/><D134/><U77/><E77/><V38/><F35/><W26/><G33/><T126/><D126/><U47/><E98/><V115/><F1/><W113/><G113/><T15/><D24/><U91/><E39/><V17/><F104/><W102/><G102/><T105/><D105/><U119/><E119/><V87/><F74/><W125/><G125/><T19/><D94/><U103/><E103/><V114/><F42/><W112/><G112/><N who="2" m="43049" /><F95/><W124/><G124/><T6/><D6/><U72/><E72/><V122/><F87/><W93/><G93/><T70/><D70/><U13/><E13/><V22/><F122/><W99/><G99/><T49/><D49/><U10/><E10/><V46/><F38/><W65/><G51/><T131/><D131/><U84/><E84/><V129/><F129/><W54/><G86/><T89/><D89/><U27/><E27/><V123/><F123/><W52/><G79/><T92/><D92/><U55/><REACH who="1" step="1"/><E47/><REACH who="1" ten="409,320,85,176" step="2"/><V3/><F3/><W30/><G78/><T28/><D28/><U41/><E41/><N who="2" m="22831" /><F85/><W83/><G30/><T60/><D118/><U58/><AGARI ba="0,1" hai="40,44,45,48,50,55,58,63,67,88,90,91,110,111" machi="58" ten="30,11700,0" yaku="1,1,0,1,52,1,54,1,53,0" doraHai="53" doraHaiUra="101" who="1" fromWho="1" sc="409,-39,320,127,85,-39,176,-39" /><INIT seed="5,1,0,0,3,73" ten="370,447,46,137" oya="1" hai0="101,125,23,78,131,127,25,80,107,82,34,31,48" hai1="71,74,65,58,86,121,88,30,98,67,83,72,133" hai2="3,105,1,75,28,115,95,49,9,15,84,118,17" hai3="35,89,116,93,69,0,46,29,38,4,128,33,56"/><U52/><E121/><V21/><F105/><W122/><G69/><T109/><D109/><U36/><E71/><V10/><F75/><W108/><G122/><T12/><D131/><U57/><E72/><V68/><F68/><W111/><G128/><T103/><D107/><U113/><E36/><V70/><F70/><W81/><G56/><T32/><D48/><U114/><E74/><V50/><F118/><W61/><G61/><T92/><D92/><N who="1" m="56583" /><E58/><V59/><F115/><N who="1" m="44041" /><E30/><V94/><F28/><W8/><G116/><T66/><D66/><U6/><E6/><V26/><F3/><W2/><G2/><T76/><D31/><U40/><E40/><V16/><F1/><W77/><G29/><T119/><D119/><U13/><E13/><V22/><F50/><W112/><G112/><T120/><D12/><U135/><E67/><V41/><F41/><W47/><G38/><T132/><D120/><U87/><E65/><V85/><F49/><W110/><G35/><T62/><D62/><N who="1" m="36135" /><E83/><V53/><F59/><W126/><G33/><T7/><D7/><U19/><E19/><V102/><F53/><W20/><G111/><T55/><D55/><U60/><E60/><V5/><F5/><W100/><G4/><T129/><D129/><U51/><E51/><V24/><REACH who="2" step="1"/><F15/><REACH who="2" ten="370,447,36,137" step="2"/><W91/><G0/><T37/><D37/><U64/><E64/><V79/><F79/><W43/><G43/><T90/><D78/><U45/><E45/><V124/><F124/><W97/><G126/><T130/><D76/><U39/><E39/><V42/><F42/><W44/><G110/><RYUUKYOKU ba="1,1" sc="370,-15,447,15,36,15,137,-15" hai1="86,87,133,135" hai2="9,10,16,17,21,22,24,26,84,85,94,95,102" /><INIT seed="5,2,1,3,0,10" ten="355,462,51,122" oya="1" hai0="23,34,104,78,82,122,74,131,46,108,20,71,53" hai1="59,30,31,116,69,106,39,19,60,132,62,101,55" hai2="45,119,112,41,127,54,107,134,135,12,1,98,93" hai3="113,50,61,11,128,77,25,99,86,102,97,43,22"/><U35/><E116/><V73/><F119/><W37/><G37/><T88/><D71/><U115/><E39/><V92/><F1/><W17/><G113/><T90/><D34/><U28/><E115/><V126/><F54/><W114/><G114/><T83/><D108/><U48/><E132/><N who="2" m="50731" /><F73/><W121/><G128/><T76/><D131/><U36/><E36/><N who="2" m="21671" /><F112/><W123/><G61/><T109/><D109/><U57/><E69/><V79/><F79/><W117/><G117/><T75/><D104/><U15/><E35/><V9/><F107/><W133/><G133/><T56/><D46/><U91/><E106/><V38/><F38/><W130/><G130/><T4/><D4/><U67/><E101/><N who="2" m="60615" /><F93/><W80/><G123/><T42/><D42/><U58/><E67/><V124/><F9/><W66/><G66/><T100/><D100/><U6/><E6/><V110/><F110/><W118/><G121/><T32/><D32/><U89/><E62/><V120/><F120/><W111/><G111/><T14/><D122/><U63/><E63/><V52/><F52/><W13/><G102/><T24/><D24/><U27/><E27/><V94/><F94/><W95/><G95/><T70/><D70/><U8/><E60/><V3/><F3/><W105/><G105/><T21/><D53/><U129/><E129/><V81/><F81/><W51/><G118/><T47/><D47/><AGARI ba="2,1" hai="8,15,19,28,30,31,47,48,55,57,58,59,89,91" machi="47" ten="40,3900,0" yaku="8,1,52,1" doraHai="10" who="1" fromWho="0" sc="355,-45,462,55,51,0,122,0" /><INIT seed="5,3,0,5,3,108" ten="310,517,51,122" oya="1" hai0="133,110,76,50,52,99,120,22,116,84,65,45,107" hai1="69,119,97,39,47,114,1,95,103,88,18,53,71" hai2="118,126,89,46,86,21,10,24,40,13,78,130,64" hai3="17,123,5,44,127,131,100,31,27,7,19,51,29"/><U74/><E119/><V72/><F118/><W14/><G123/><T91/><D116/><U3/><E74/><V16/><F130/><W34/><G100/><T124/><D124/><U105/><E69/><V77/><F72/><W82/><G127/><T80/><D110/><U112/><E71/><V94/><F64/><W125/><G125/><T60/><D133/><U15/><E1/><V79/><F126/><W96/><G96/><T83/><D120/><U85/><E3/><V11/><REACH who="2" step="1"/><F24/><REACH who="2" ten="310,517,41,122" step="2"/><W98/><G131/><T129/><D129/><U8/><REACH who="1" step="1"/><E53/><REACH who="1" ten="310,507,41,122" step="2"/><V104/><F104/><W0/><G0/><T132/><D107/><U28/><E28/><V56/><F56/><W23/><G31/><T57/><D132/><U122/><E122/><V63/><F63/><W41/><G29/><T20/><REACH who="0" step="1"/><D99/><REACH who="0" ten="300,507,41,122" step="2"/><U121/><E121/><V42/><F42/><AGARI ba="3,3" hai="8,15,18,39,42,47,85,88,95,97,103,105,112,114" machi="42" ten="40,12000,1" yaku="1,1,52,2,54,1,53,1" doraHai="108" doraHaiUra="4" who="1" fromWho="2" sc="300,0,507,159,41,-129,122,0" owari="300,10.0,666,77.0,-88,-59.0,122,-28.0" /></mjloggm>