<mjloggm ver="2.3"><GO type="41" lobby="0"/><UN n0="%E2%93%9D%53%75%70%68%78" n1="%77%61%6C%64%6E%65%72" n2="%5A%61%6D" n3="%28%7E%5F%7E%29" dan="18,14,14,15" rate="2082.22,1931.05,1938.01,1995.88" sx="M,M,M,M"/><TAIKYOKU oya="0"/><INIT seed="0,0,0,5,5,13" ten="250,250,250,250" oya="0" hai0="133,104,39,99,69,121,80,100,66,126,59,43,92" hai1="76,86,125,21,79,96,102,9,60,26,10,18,32" hai2="101,81,38,19,46,135,118,93,127,113,33,110,7" hai3="87,73,62,117,31,42,50,72,48,53,49,0,8"/><T71/><D121/><U20/><E125/><V112/><F81/><W88/><G117/><T111/><D126/><U82/><E32/><V105/><F93/><W24/><G42/><T77/><D133/><U14/><E79/><V52/><F7/><W6/><G62/><T1/><D59/><U51/><E51/><V17/><F127/><W55/><G72/><T22/><D1/><U28/><REACH who="1" step="1"/><E60/><REACH who="1" ten="250,240,250,250" step="2"/><V123/><F33/><W115/><G115/><T70/><D77/><U34/><E34/><V37/><F113/><W84/><G73/><T98/><D39/><U57/><E57/><V30/><F112/><W61/><G61/><T25/><D71/><U78/><E78/><V47/><F38/><W132/><G132/><T64/><D70/><U67/><E67/><V85/><F37/><W108/><G108/><T74/><D111/><U58/><E58/><V63/><F110/><W131/><G131/><T44/><D69/><U15/><E15/><V35/><F135/><W95/><REACH who="3" step="1"/><G84/><REACH who="3" ten="250,240,250,240" step="2"/><T129/><D74/><U134/><E134/><V65/><F85/><W56/><G56/><T11/><D129/><U41/><E41/><V109/><F109/><W5/><G5/><T68/><D68/><U90/><E90/><V103/><F65/><W89/><G89/><T4/><D66/><U130/><E130/><V122/><F63/><W36/><G36/><T45/><D64/><U106/><AGARI ba="0,2" hai="9,10,14,18,20,21,26,28,76,82,86,96,102,106" machi="106" ten="20,12000,2" yaku="1,1,0,1,7,1,52,1,53,2" doraHai="13" doraHaiUra="16" who="1" fromWho="1" sc="250,-60,240,140,250,-30,240,-30" /><INIT seed="1,0,0,3,1,1" ten="190,380,220,210" oya="1" hai0="40,69,30,57,24,84,8,27,25,10,133,134,74" hai1="66,22,103,33,5,43,129,13,17,70,87,125,19" hai2="71,94,81,3,63,41,127,119,32,77,46,65,110" hai3="56,20,114,90,112,95,123,59,131,118,108,76,83"/><U101/><E33/><V53/><F119/><W93/><G123/><T109/><D74/><U45/><E129/><V49/><F32/><W36/><G36/><T80/><D69/><U126/><E66/><V62/><F94/><W9/><G108/><T6/><D40/><U2/><E70/><V58/><F110/><W29/><G118/><T37/><D37/><U75/><E75/><V16/><F3/><W67/><G131/><T92/><D10/><U113/><E113/><V98/><F98/><W78/><G9/><T128/><D92/><U61/><E61/><V12/><F127/><N who="1" m="48649" /><E2/><V11/><F77/><W86/><G76/><T79/><D109/><U38/><E87/><V73/><F73/><W18/><G29/><T85/><D85/><U21/><E5/><V39/><REACH who="2" step="1"/><F81/><REACH who="2" ten="190,380,210,210" step="2"/><W117/><G95/><T54/><D128/><U122/><E122/><V121/><F121/><W132/><G117/><T60/><REACH who="0" step="1"/><D30/><REACH who="0" ten="180,380,210,210" step="2"/><U52/><E38/><AGARI ba="0,2" hai="11,12,16,38,39,41,46,49,53,58,62,63,65,71" machi="38" ten="40,5200,0" yaku="1,1,54,1,53,1" doraHai="1" doraHaiUra="55" who="2" fromWho="1" sc="180,0,380,-52,210,72,210,0" /><INIT seed="2,0,0,3,4,5" ten="180,328,282,210" oya="2" hai0="45,69,107,124,11,63,115,9,62,135,50,74,94" hai1="134,41,47,99,28,56,53,44,70,91,55,81,75" hai2="87,33,96,19,97,128,31,111,72,20,125,132,80" hai3="131,90,110,67,61,16,40,89,123,24,60,121,100"/><V43/><F72/><W112/><G110/><T35/><D107/><U38/><E70/><V12/><F132/><W114/><G131/><T77/><D35/><U10/><E134/><V58/><F128/><W88/><G100/><T126/><D115/><N who="3" m="44073" /><G40/><T27/><D27/><U29/><E47/><V86/><F125/><N who="0" m="48234" /><D135/><U108/><E108/><V84/><F111/><W82/><G82/><N who="0" m="45367" /><D94/><U102/><E53/><V92/><F43/><W117/><G117/><T119/><D119/><U64/><E64/><V51/><F33/><W7/><G7/><T48/><D48/><U65/><E65/><V1/><F1/><W104/><G104/><T113/><D113/><U18/><E91/><V127/><F127/><W129/><G129/><T105/><D105/><U66/><E66/><V15/><F31/><W46/><G46/><T34/><D34/><U30/><E81/><V17/><F80/><W49/><G49/><T42/><D69/><U76/><E76/><V13/><F92/><W120/><G67/><T103/><D103/><U23/><E75/><V59/><F51/><W109/><G109/><T14/><D14/><U98/><E55/><V2/><F2/><W116/><G116/><T130/><D130/><U4/><E56/><V57/><F20/><AGARI ba="0,0" hai="16,20,24,60,61,88,89,90,120,121,123" m="44073" machi="20" ten="40,5200,0" yaku="11,1,54,2" doraHai="5" who="3" fromWho="2" sc="180,0,328,0,282,-52,210,52" /><INIT seed="3,0,0,5,0,4" ten="180,328,230,262" oya="3" hai0="40,86,131,46,99,117,11,101,80,88,77,123,52" hai1="14,47,66,102,114,128,21,120,109,76,57,71,130" hai2="104,111,13,110,6,69,59,43,133,54,72,53,62" hai3="61,115,124,24,30,81,17,16,34,31,35,119,63"/><W7/><G115/><T50/><D131/><U84/><E114/><V100/><F72/><W12/><G81/><T8/><D117/><U1/><E1/><V19/><F6/><W44/><G44/><T2/><D123/><U10/><E109/><V32/><F32/><W48/><G48/><T65/><D65/><U41/><E71/><V96/><F43/><W3/><G63/><T67/><D67/><U56/><E102/><V112/><F112/><W85/><G85/><T91/><D2/><U68/><E68/><V113/><F113/><W78/><G78/><T33/><D33/><N who="3" m="12297" /><G61/><T9/><REACH who="0" step="1"/><D40/><REACH who="0" ten="170,328,230,262" step="2"/><U107/><E120/><V70/><F54/><W20/><G119/><T121/><D121/><U82/><E66/><V118/><F118/><W23/><G124/><T129/><D129/><U64/><E64/><V97/><F70/><W106/><G106/><AGARI ba="0,1" hai="8,9,11,46,50,52,77,80,86,88,91,99,101,106" machi="106" ten="40,12000,2" yaku="1,1,52,3,54,2,53,0" doraHai="4" doraHaiUra="25" who="0" fromWho="3" sc="170,130,328,0,230,0,262,-120" /><INIT seed="4,0,0,4,1,22" ten="300,328,230,142" oya="0" hai0="89,51,109,125,31,65,98,110,93,111,128,33,72" hai1="134,62,6,96,34,78,102,41,67,84,63,53,44" hai2="25,127,35,116,106,101,135,112,80,29,132,16,52" hai3="126,49,97,60,70,20,37,77,48,113,121,1,73"/><T42/><D128/><U91/><E78/><V11/><F116/><W129/><G49/><T27/><D72/><U19/><E134/><N who="2" m="51243" /><F127/><W119/><G48/><T122/><D125/><U13/><E6/><V133/><N who="2" m="51251" /><V7/><DORA hai="68" /><F80/><W81/><G20/><T14/><D65/><U107/><E34/><V57/><F101/><W28/><G119/><T18/><D122/><U115/><E115/><V83/><F83/><W71/><G113/><T46/><REACH who="0" step="1"/><D14/><REACH who="0" ten="290,328,230,142" step="2"/><U47/><E67/><V32/><F112/><W15/><G121/><T21/><D21/><U54/><E62/><N who="2" m="36135" /><F106/><W95/><G15/><T74/><D74/><U130/><E130/><V24/><F24/><W50/><G60/><T75/><D75/><U79/><E63/><V103/><F103/><W82/><G126/><T4/><D4/><U105/><E105/><V118/><F118/><W90/><G73/><T36/><D36/><U124/><E124/><V86/><F35/><W9/><G37/><T0/><D0/><U104/><E107/><V114/><F114/><W92/><G1/><T12/><D12/><U23/><E79/><V59/><F7/><W108/><G9/><T58/><D58/><U45/><E45/><V100/><F100/><W38/><G38/><T56/><D56/><U61/><E44/><V55/><F11/><W88/><G129/><T120/><D120/><U40/><E61/><N who="2" m="36095" /><F86/><W99/><G71/><T5/><D5/><U8/><E8/><V3/><F3/><W64/><G70/><T85/><D85/><U87/><E104/><V17/><AGARI ba="0,1" hai="16,17,25,29,32" m="36095,36135,51251" machi="17" ten="40,8000,1" yaku="20,1,52,1,54,2" doraHai="22,68" who="2" fromWho="2" sc="290,-40,328,-20,230,90,142,-20" /><INIT seed="5,0,0,1,3,67" ten="250,308,320,122" oya="1" hai0="28,15,24,119,78,72,42,64,32,84,19,99,111" hai1="93,102,2,65,95,18,61,79,80,47,33,17,91" hai2="129,107,37,0,55,75,34,132,43,66,86,105,53" hai3="13,92,23,103,38,12,69,124,106,128,27,1,6"/><U63/><E2/><V94/><F0/><W73/><G106/><T48/><D119/><U120/><E120/><V135/><F75/><W131/><G73/><T89/><D111/><U71/><E33/><V68/><F34/><W74/><G74/><T114/><D114/><U36/><E36/><V56/><F129/><N who="3" m="49739" /><G38/><T10/><D64/><U44/><E102/><V82/><F94/><W134/><G103/><T81/><D99/><U90/><E65/><V4/><F107/><W62/><G92/><T50/><REACH who="0" step="1"/><D42/><REACH who="0" ten="240,308,320,122" step="2"/><U113/><E113/><V3/><F66/><N who="3" m="41175" /><G134/><T26/><D26/><U112/><E112/><V127/><F135/><W41/><G41/><T30/><D30/><U5/><E80/><AGARI ba="0,1" hai="10,15,19,24,28,32,48,50,72,78,80,81,84,89" machi="80" ten="30,3900,0" yaku="1,1,7,1,53,1" doraHai="67" doraHaiUra="22" who="0" fromWho="1" sc="240,49,308,-39,320,0,122,0" /><INIT seed="6,0,0,4,0,91" ten="289,269,320,122" oya="2" hai0="100,44,17,112,93,94,12,106,120,63,42,55,69" hai1="101,28,135,33,113,108,60,3,18,5,71,96,58" hai2="111,8,20,72,109,107,134,70,10,30,66,49,39" hai3="35,43,34,125,47,52,46,36,114,115,87,23,37"/><V41/><F72/><W59/><G125/><T9/><D120/><U67/><E108/><N who="2" m="41547" /><F107/><W80/><G23/><T85/><D112/><N who="3" m="43049" /><G80/><T90/><D106/><U129/><E113/><V117/><F117/><W50/><G87/><T21/><D69/><U32/><E135/><V97/><F134/><W76/><G76/><T7/><D63/><U131/><E3/><V74/><F74/><W2/><G2/><T65/><D55/><U88/><E5/><V31/><F39/><W51/><G35/><T92/><D65/><U1/><E1/><V53/><F41/><N who="3" m="22823" /><G34/><T26/><D100/><U54/><E32/><V4/><F20/><W116/><G116/><T86/><D86/><U77/><E18/><V24/><F24/><W103/><G103/><T81/><D81/><U98/><E77/><V45/><F4/><W79/><G79/><T119/><D119/><U57/><E71/><V105/><F105/><W38/><AGARI ba="0,0" hai="37,38,43,47,50,51,52,59" m="22823,43049" machi="38" ten="30,8000,1" yaku="15,1,11,1,34,2,54,1" doraHai="91" who="3" fromWho="3" sc="289,-20,269,-20,320,-40,122,80" /><INIT seed="7,0,0,2,2,107" ten="269,249,280,202" oya="3" hai0="51,134,101,128,95,85,33,52,10,0,49,24,86" hai1="115,62,74,130,98,90,76,109,79,41,65,64,94" hai2="20,73,112,43,102,68,7,48,104,54,2,106,135" hai3="17,81,88,80,63,32,14,58,18,9,30,123,69"/><W83/><G123/><T39/><D39/><U4/><E109/><V71/><F43/><W31/><G69/><T105/><D105/><U22/><E4/><V45/><F106/><W50/><G32/><T93/><D128/><U100/><E130/><V59/><F45/><W127/><G127/><T96/><D134/><U70/><E115/><V121/><F20/><W8/><G50/><T40/><D0/><U21/><E65/><V124/><F102/><W34/><G34/><T92/><D10/><U75/><E79/><V67/><F104/><W37/><G37/><T77/><D24/><U114/><E76/><V38/><F38/><W57/><G57/><N who="0" m="32911" /><D33/><U15/><E114/><V47/><F112/><W82/><N who="3" m="20480" /><DORA hai="23" /><W97/><G97/><T113/><D113/><U131/><E131/><V19/><F124/><W84/><G18/><T56/><D77/><U108/><E108/><V111/><F111/><W120/><G120/><T13/><D56/><U132/><E41/><V28/><F19/><W26/><G9/><T11/><D96/><U87/><E132/><V29/><F135/><W125/><G125/><T66/><D101/><U60/><E60/><V118/><F118/><W117/><G117/><T46/><D66/><U129/><E129/><V122/><F71/><W12/><G12/><T110/><D110/><U25/><E15/><V36/><F36/><W116/><G116/><T103/><D103/><U126/><E126/><V27/><F68/><W5/><G5/><AGARI ba="0,0" hai="5,11,13,40,46,51,85,86,92,93,95" m="32911" machi="5" ten="30,2000,0" yaku="8,1,54,1" doraHai="107,23" who="0" fromWho="3" sc="269,20,249,0,280,0,202,-20" /><INIT seed="8,0,0,3,1,90" ten="289,249,280,182" oya="0" hai0="11,62,51,57,122,54,23,5,76,91,66,96,94" hai1="15,82,25,80,53,44,81,112,7,77,30,27,34" hai2="132,9,59,36,111,70,100,43,85,118,46,68,119" hai3="121,117,115,101,105,58,24,108,84,125,72,79,47"/><T98/><D122/><U126/><E126/><V45/><F111/><W63/><G115/><T35/><D35/><U64/><E112/><V71/><F100/><W50/><G108/><T87/><D23/><U6/><E64/><V134/><F85/><W41/><G121/><T99/><D76/><U2/><E2/><V86/><F86/><W21/><G125/><T55/><D51/><U73/><E7/><V83/><F83/><W135/><G135/><N who="2" m="51753" /><F9/><W74/><G117/><N who="2" m="44553" /><F46/><W39/><G105/><T56/><D56/><AGARI ba="0,0" hai="36,43,45,56,59,68,70,71" m="44553,51753" machi="56" ten="40,8000,1" yaku="20,1,16,1,12,1,34,2" doraHai="90" who="2" fromWho="0" sc="289,-80,249,0,280,80,182,0" owari="209,-19.0,249,5.0,360,46.0,182,-32.0" /></mjloggm>