<mjloggm ver="2.3"><GO type="41" lobby="0"/><UN n0="%E4%B8%AD%E6%9D%91%E7%A7%81%E9%81%93" n1="%73%73%73%78%34" n2="%E2%93%9D%53%75%70%68%78" n3="%E3%83%9E%E3%82%B5%E3%83%A2%32%34" dan="13,14,16,13" rate="1899.59,1997.05,2071.44,1860.93" sx="M,M,M,M"/><TAIKYOKU oya="0"/><INIT seed="0,0,0,1,3,68" ten="250,250,250,250" oya="0" hai0="127,34,25,102,1,95,114,106,86,89,73,113,27" hai1="65,7,40,82,85,92,116,67,119,81,5,17,45" hai2="104,83,4,117,41,44,6,107,75,23,35,108,64" hai3="134,26,39,124,57,111,48,109,55,30,37,78,13"/><T9/><D127/><U46/><E92/><V50/><F35/><W10/><G134/><T118/><D73/><U20/><E119/><V51/><F108/><N who="3" m="41547" /><G78/><T74/><D74/><U29/><E29/><V84/><F75/><W52/><G55/><T128/><D128/><U80/><E85/><V12/><F64/><W72/><G72/><T16/><D118/><U120/><E120/><V2/><F2/><W31/><G124/><T105/><D105/><U54/><E116/><V0/><F0/><W18/><G31/><T110/><D27/><U112/><E112/><V91/><F107/><W28/><G28/><T99/><D110/><U122/><E122/><V132/><F132/><W79/><G79/><T69/><D69/><U88/><E88/><V76/><F104/><W59/><G57/><T58/><D34/><AGARI ba="0,0" hai="10,13,18,26,30,34,37,39,48,52,59" m="41547" machi="34" ten="30,7700,0" yaku="14,1,52,2,54,1" doraHai="68" who="3" fromWho="0" sc="250,-77,250,0,250,0,250,77" /><INIT seed="1,0,0,5,4,42" ten="173,250,250,327" oya="1" hai0="21,96,26,50,52,60,115,24,100,77,121,67,0" hai1="59,64,39,69,92,108,41,90,79,126,6,113,85" hai2="36,38,73,91,1,75,61,54,16,34,63,129,14" hai3="28,118,4,135,33,22,120,83,70,55,89,2,68"/><U7/><E113/><V125/><F1/><W18/><G135/><T127/><D0/><U119/><E119/><V48/><F34/><W87/><G120/><T29/><D115/><U23/><E69/><V31/><F31/><W117/><G55/><T66/><D127/><U65/><E126/><V74/><F129/><W53/><G53/><T9/><D121/><U17/><E108/><V86/><F125/><W124/><G124/><T47/><D77/><U13/><E79/><V40/><F40/><W12/><G117/><T134/><D134/><U15/><E59/><V10/><F63/><W20/><G20/><T46/><D26/><U123/><E123/><V57/><REACH who="2" step="1"/><F61/><REACH who="2" ten="173,250,240,327" step="2"/><W19/><G118/><T51/><D60/><U133/><E133/><V94/><AGARI ba="0,1" hai="10,14,16,36,38,48,54,57,73,74,75,86,91,94" machi="94" ten="30,12000,2" yaku="1,1,2,1,0,1,54,1,53,3" doraHai="42" doraHaiUra="104" who="2" fromWho="2" sc="173,-30,250,-60,240,130,327,-30" /><INIT seed="2,0,0,5,5,10" ten="143,190,370,297" oya="2" hai0="31,22,23,102,130,54,4,51,98,61,112,93,114" hai1="75,44,120,17,64,42,3,126,108,50,129,109,26" hai2="16,80,84,39,25,113,134,77,0,9,118,43,47" hai3="73,53,36,96,32,57,27,121,89,2,5,88,40"/><V83/><F113/><W33/><G73/><T105/><D130/><U133/><E3/><V74/><F134/><W91/><G36/><T87/><D61/><U12/><E75/><V103/><F118/><W94/><G40/><T65/><D65/><U97/><E129/><V100/><F25/><W8/><G121/><T125/><D4/><U1/><E1/><V34/><F34/><W20/><G33/><T67/><D67/><U116/><E120/><V46/><F46/><W115/><G32/><T101/><D23/><U24/><E133/><V6/><REACH who="2" step="1"/><F16/><REACH who="2" ten="143,190,360,297" step="2"/><W63/><REACH who="3" step="1"/><G115/><REACH who="3" ten="143,190,360,287" step="2"/><T76/><D114/><U11/><E116/><V29/><F29/><AGARI ba="0,2" hai="2,5,8,20,27,29,53,57,63,88,89,91,94,96" machi="29" ten="30,8000,1" yaku="1,1,2,1,7,1,54,1,53,1" doraHai="10" doraHaiUra="18" who="3" fromWho="2" sc="143,0,190,0,360,-80,287,100" /><INIT seed="3,0,0,0,0,132" ten="143,190,280,387" oya="3" hai0="48,120,80,111,79,6,19,1,61,51,58,53,88" hai1="18,5,118,135,41,38,104,63,78,30,65,110,54" hai2="50,75,69,39,10,124,28,9,96,94,11,2,73" hai3="17,32,95,93,33,131,35,98,8,77,103,116,70"/><W57/><G70/><T67/><D111/><U113/><E113/><V12/><F39/><W52/><G116/><T26/><D120/><U3/><E18/><V37/><F37/><W114/><G114/><T25/><D51/><U127/><E54/><V29/><F2/><W47/><G47/><T76/><D1/><U102/><E30/><V117/><F69/><W21/><G77/><T7/><D79/><U13/><E13/><V83/><F83/><W27/><G8/><T90/><D7/><U81/><E63/><V20/><F117/><W24/><G131/><T64/><D6/><U23/><E23/><V82/><F82/><W115/><G115/><T71/><D64/><U45/><E65/><V43/><F75/><W34/><G34/><T15/><D25/><U91/><E110/><V105/><F105/><W134/><G134/><T128/><D26/><U60/><E60/><V40/><F73/><W4/><G4/><T22/><REACH who="0" step="1"/><D128/><REACH who="0" ten="133,190,280,387" step="2"/><U92/><E5/><V86/><F50/><W99/><G27/><T85/><AGARI ba="0,1" hai="15,19,22,48,53,58,61,67,71,76,80,85,88,90" machi="85" ten="20,8000,1" yaku="1,1,2,1,0,1,7,1,54,1,53,0" doraHai="132" doraHaiUra="130" who="0" fromWho="0" sc="133,90,190,-20,280,-20,387,-40" /><INIT seed="4,0,0,2,1,62" ten="223,170,260,347" oya="0" hai0="100,16,44,96,15,12,38,69,84,24,11,26,60" hai1="49,43,32,61,30,80,125,33,47,111,56,112,31" hai2="18,0,65,67,2,121,45,133,131,88,27,5,35" hai3="93,8,79,103,73,92,122,14,6,110,118,70,108"/><T75/><D75/><U107/><E111/><V39/><F121/><W97/><G118/><T46/><D84/><U95/><E107/><V64/><F131/><W48/><G122/><T94/><D15/><U74/><E125/><V113/><F113/><W4/><G70/><T20/><D20/><U53/><E112/><V78/><F133/><W104/><G73/><T116/><D116/><U77/><E32/><V129/><F129/><W63/><G79/><T82/><D82/><U76/><E76/><V101/><F101/><W21/><G4/><T132/><D132/><U23/><E33/><V87/><F78/><W106/><G106/><T68/><D68/><U119/><E119/><V9/><F2/><W59/><G48/><T90/><D100/><U36/><E95/><V34/><F18/><W85/><G21/><T72/><D72/><U52/><REACH who="1" step="1"/><E23/><REACH who="1" ten="223,160,260,347" step="2"/><V1/><F35/><W57/><G104/><T89/><D89/><U10/><E10/><V42/><F34/><W135/><G110/><T41/><REACH who="0" step="1"/><D46/><AGARI ba="0,1" hai="30,31,36,43,46,47,49,52,53,56,61,74,77,80" machi="46" ten="30,3900,0" yaku="1,1,7,1,54,1,53,0" doraHai="62" doraHaiUra="126" who="1" fromWho="0" sc="223,-39,160,49,260,0,347,0" /><INIT seed="5,0,0,2,2,65" ten="184,209,260,347" oya="1" hai0="116,66,30,1,42,129,49,102,98,44,63,51,110" hai1="4,25,74,106,18,108,54,57,111,124,87,104,130" hai2="41,93,82,80,70,37,15,26,48,100,78,118,88" hai3="39,114,117,17,64,94,115,32,52,133,9,123,5"/><U73/><E4/><V107/><F37/><W13/><G123/><T11/><D110/><N who="1" m="42027" /><E130/><V75/><F118/><W12/><G133/><T95/><D129/><U24/><E87/><V105/><F26/><N who="1" m="10345" /><E18/><V90/><F48/><W86/><G32/><T20/><D116/><U132/><E132/><V3/><F41/><W131/><G131/><T119/><D119/><U72/><E124/><V0/><F15/><W47/><G64/><T84/><D1/><U45/><E45/><V96/><F3/><W56/><G39/><T58/><D11/><U62/><AGARI ba="0,0" hai="54,57,62,72,73,74,104,106" m="10345,42027" machi="62" ten="40,2100,0" yaku="10,1" doraHai="65" who="1" fromWho="1" sc="184,-7,209,21,260,-7,347,-7" /><INIT seed="5,1,0,5,5,80" ten="177,230,253,340" oya="1" hai0="9,129,24,21,73,54,98,44,36,87,114,118,26" hai1="85,113,88,127,92,120,71,84,102,62,6,0,101" hai2="23,97,78,75,13,119,11,90,74,60,70,126,1" hai3="2,27,61,28,22,105,128,132,72,48,110,124,40"/><U31/><E120/><V79/><F1/><W66/><G110/><T3/><D118/><U19/><E31/><V35/><F35/><W76/><G128/><T52/><D114/><U134/><E113/><V77/><F23/><W56/><G132/><T10/><D129/><U20/><E134/><V55/><F126/><W50/><G105/><T89/><D98/><U91/><E127/><V93/><F119/><W106/><G106/><T42/><D24/><N who="1" m="14367" /><E0/><V46/><F46/><W57/><G2/><T100/><D73/><U5/><E62/><V25/><F25/><W49/><G124/><T17/><D100/><N who="1" m="38507" /><E71/><V86/><F97/><W99/><G99/><T82/><REACH who="0" step="1"/><D10/><REACH who="0" ten="167,230,253,340" step="2"/><U112/><E112/><V8/><F8/><W125/><G125/><T63/><D63/><U115/><E115/><V64/><F75/><W96/><G96/><T81/><D81/><AGARI ba="1,1" hai="5,6,81,84,85,88,91,92" m="38507,14367" machi="81" ten="30,11600,0" yaku="8,1,52,2,54,1" doraHai="80" who="1" fromWho="0" sc="167,-119,230,129,253,0,340,0" /><INIT seed="5,2,0,5,4,95" ten="48,359,253,340" oya="1" hai0="76,85,18,24,9,20,90,122,82,113,120,38,79" hai1="101,83,92,0,73,125,4,45,2,29,64,42,39" hai2="87,1,102,98,22,119,60,74,17,103,109,71,89" hai3="35,104,34,43,63,65,66,16,94,8,3,10,52"/><U51/><E125/><V32/><F109/><W77/><G104/><T88/><D38/><U135/><E135/><V61/><F74/><W5/><G43/><T130/><D9/><U57/><E29/><V116/><F1/><W78/><G66/><T131/><D18/><U70/><E4/><V48/><F32/><W56/><G94/><T134/><D24/><U27/><E27/><V107/><F48/><W129/><G129/><T128/><D20/><U58/><E58/><V49/><F49/><W12/><G77/><T111/><D111/><U47/><E73/><V118/><F103/><W106/><G106/><T69/><D69/><U86/><E57/><V126/><F126/><W23/><G78/><N who="0" m="29739" /><D134/><U50/><E64/><V97/><F71/><W62/><REACH who="3" step="1"/><G10/><REACH who="3" ten="48,359,253,330" step="2"/><T14/><D14/><U15/><E15/><V28/><F107/><W108/><G108/><T105/><D105/><U112/><E39/><V100/><F119/><W127/><G127/><T31/><D31/><U67/><E70/><AGARI ba="2,1" hai="3,5,8,12,16,23,34,35,52,56,62,63,65,70" machi="70" ten="30,8000,1" yaku="1,1,7,1,54,2,53,1" doraHai="95" doraHaiUra="6" who="3" fromWho="1" sc="48,0,359,-86,253,0,330,96" /><INIT seed="6,0,0,5,0,116" ten="48,273,253,426" oya="2" hai0="64,135,48,112,49,7,128,105,21,13,22,78,109" hai1="82,103,39,54,113,88,57,121,86,102,5,122,83" hai2="84,12,19,59,124,99,117,20,126,95,77,58,44" hai3="42,50,32,75,25,119,61,31,28,108,41,33,79"/><V55/><F117/><W97/><G108/><T53/><D78/><U91/><E39/><V85/><F44/><W23/><G75/><T0/><D64/><U34/><E34/><V92/><F59/><W94/><G79/><T27/><D53/><U101/><E5/><V4/><F4/><W72/><G72/><T6/><D105/><U16/><E16/><V11/><F95/><W30/><G50/><T51/><D49/><U93/><E113/><V68/><F68/><W2/><G2/><T89/><D89/><U47/><E47/><V67/><F67/><W127/><G127/><N who="2" m="48681" /><F11/><W87/><G33/><T9/><D51/><U10/><E10/><V15/><F15/><W129/><G32/><T132/><D48/><U66/><E66/><V3/><F77/><W90/><G61/><T123/><D112/><U98/><E54/><V81/><F81/><N who="1" m="30729" /><E57/><V76/><F3/><W71/><G71/><T36/><D36/><U52/><E52/><V74/><F76/><W134/><G42/><T38/><D38/><U106/><E106/><V133/><F74/><W17/><G41/><T26/><D128/><U62/><E62/><N who="2" m="36191" /><F133/><W96/><G134/><N who="0" m="51243" /><D109/><U130/><E130/><V56/><F56/><W35/><G129/><T115/><D115/><U46/><E46/><V100/><AGARI ba="0,0" hai="12,19,20,84,85,92,99,100" m="36191,48681" machi="100" ten="30,1500,0" yaku="18,1" doraHai="116" who="2" fromWho="2" sc="48,-5,273,-5,253,15,426,-5" /><INIT seed="6,1,0,1,5,4" ten="43,268,268,421" oya="2" hai0="89,14,66,81,85,122,59,56,115,24,65,47,18" hai1="135,73,125,117,80,106,32,37,63,0,86,70,130" hai2="84,9,44,16,1,127,60,43,121,93,83,110,113" hai3="108,53,107,103,120,91,97,101,49,34,132,72,119"/><V36/><F121/><W38/><G119/><T94/><D115/><U77/><RYUUKYOKU type="yao9" ba="1,0" sc="43,0,268,0,268,0,421,0" hai1="0,32,37,63,70,73,77,80,86,106,117,125,130,135" /><INIT seed="6,2,0,3,3,56" ten="43,268,268,421" oya="2" hai0="45,1,39,3,109,123,28,6,79,131,46,128,84" hai1="12,110,50,115,126,87,89,54,33,111,130,125,116" hai2="16,23,121,101,129,92,21,120,4,74,40,117,47" hai3="118,75,135,107,41,76,85,64,44,52,17,108,94"/><V68/><F117/><W29/><G108/><T19/><D84/><U112/><E33/><V51/><F74/><W60/><G75/><T2/><D109/><N who="1" m="41483" /><E12/><V25/><F129/><W10/><G107/><T132/><D79/><U78/><E78/><V38/><F68/><W105/><G105/><T100/><D100/><U134/><E116/><V22/><F4/><W42/><G118/><T26/><D39/><U93/><E130/><V24/><F38/><W57/><G29/><T62/><D2/><U73/><E73/><V70/><F70/><W69/><G135/><T83/><D132/><U58/><E134/><V53/><F40/><W13/><G44/><T96/><D83/><U32/><E32/><V7/><F7/><W9/><G9/><T67/><D6/><U63/><E50/><V14/><F121/><W18/><G18/><T11/><D11/><U0/><E0/><V55/><F120/><W106/><G106/><T43/><D123/><U77/><E77/><V31/><F55/><W133/><G133/><T119/><D119/><U71/><E71/><V88/><F101/><W124/><G124/><AGARI ba="2,0" hai="54,58,63,87,89,93,112,115,124,125,126" m="41483" machi="124" ten="30,2000,0" yaku="18,1,52,1" doraHai="56" who="1" fromWho="3" sc="43,0,268,26,268,0,421,-26" /><INIT seed="7,0,0,2,0,60" ten="43,294,268,395" oya="3" hai0="57,70,117,97,65,92,59,33,39,109,74,94,46" hai1="98,76,6,90,114,133,41,104,132,20,31,85,16" hai2="91,43,38,42,124,36,1,75,120,96,28,55,105" hai3="115,12,101,21,23,112,103,49,24,71,27,3,0"/><W25/><G71/><T131/><D94/><U67/><E114/><N who="3" m="43562" /><G49/><T64/><D92/><U129/><E129/><V111/><F28/><N who="3" m="17423" /><G12/><T106/><D97/><U32/><E6/><V135/><F124/><W87/><G87/><T113/><D59/><U44/><E76/><V99/><F135/><W14/><G14/><T4/><D57/><U51/><E31/><V13/><F13/><W93/><G93/><T58/><D58/><U110/><E32/><V79/><F79/><W61/><G61/><T56/><D64/><U29/><E29/><V48/><F48/><W80/><G80/><T128/><D65/><U18/><E133/><V107/><F55/><W102/><G23/><T88/><D56/><U100/><E132/><V35/><F35/><W26/><AGARI ba="0,0" hai="0,3,25,26,27,101,102,103" m="17423,43562" machi="26" ten="40,2100,0" yaku="15,1" doraHai="60" who="3" fromWho="3" sc="43,-7,294,-7,268,-7,395,21" owari="36,-46.0,287,9.0,261,-14.0,416,51.0" /></mjloggm>