<mjloggm ver="2.3"><GO type="41" lobby="0"/><UN n0="%E3%81%A1%E3%82%87%E3%81%93%E3%81%93%E3%82%8D%E3%81%AD" n1="%E2%93%9D%53%75%70%68%78" n2="%50%61%69%67%6F%77" n3="%E3%81%82%E3%82%93%E3%81%AE%E3%81%95%E3%81%A8%E3%81%97" dan="13,17,13,15" rate="1917.32,2043.81,1883.78,2122.12" sx="F,M,F,M"/><TAIKYOKU oya="0"/><INIT seed="0,0,0,5,1,92" ten="250,250,250,250" oya="0" hai0="124,4,88,48,63,97,114,23,8,83,94,76,96" hai1="61,101,25,75,54,78,1,130,113,126,43,93,74" hai2="28,35,133,82,81,99,32,58,116,62,119,22,51" hai3="123,131,84,15,50,117,90,91,87,55,13,79,49"/><T80/><D114/><U12/><E1/><V56/><F133/><W118/><G131/><T100/><D124/><U18/><E43/><V33/><F51/><W115/><G115/><T11/><D63/><U98/><E113/><V10/><F10/><N who="0" m="3626" /><D4/><U26/><E130/><V65/><F56/><W40/><G40/><T57/><D23/><U37/><E37/><V9/><F9/><W60/><G60/><T68/><D68/><U59/><E126/><V41/><F41/><W132/><G79/><T66/><D76/><U31/><E78/><V6/><F6/><W106/><G106/><T19/><D19/><U46/><E12/><V73/><F73/><W3/><G55/><N who="0" m="31975" /><D66/><U30/><E18/><V44/><F44/><W5/><G5/><T45/><D45/><U17/><E46/><V95/><F22/><W64/><G64/><T36/><D36/><U122/><E17/><V34/><F28/><W14/><G14/><T121/><D121/><U120/><E120/><V89/><N who="2" m="8192" /><DORA hai="125" /><V27/><REACH who="2" step="1"/><F27/><REACH who="2" ten="250,250,240,250" step="2"/><W53/><G123/><T129/><D129/><U112/><E112/><V72/><F72/><W127/><G132/><T135/><D135/><U85/><E122/><V103/><F103/><W111/><G127/><T21/><D21/><N who="1" m="15663" /><E75/><V110/><F110/><W0/><G111/><T108/><D108/><U104/><E74/><V71/><F71/><W42/><G42/><T86/><D100/><U77/><E31/><V128/><F128/><W107/><G53/><T69/><D69/><U38/><E38/><V24/><F24/><W105/><AGARI ba="0,1" hai="0,3,13,15,49,50,84,87,90,91,105,107,117,118" machi="105" ten="25,3200,0" yaku="0,1,22,2" doraHai="92,125" who="3" fromWho="3" sc="250,-16,250,-8,240,-8,250,42" /><INIT seed="1,0,0,3,5,80" ten="234,242,232,292" oya="1" hai0="19,67,0,86,7,131,6,5,77,89,129,65,55" hai1="111,125,32,33,83,50,94,122,60,18,118,110,69" hai2="26,128,108,21,134,124,44,8,34,3,71,1,62" hai3="47,42,91,20,31,105,99,30,52,103,37,68,46"/><U90/><E122/><V43/><F108/><N who="1" m="41513" /><E118/><V51/><F124/><W119/><G119/><T109/><D77/><U95/><E125/><V104/><F134/><W49/><G68/><T74/><D74/><U76/><E50/><V135/><F135/><W54/><G20/><T16/><D0/><U130/><E18/><N who="0" m="6697" /><D55/><U24/><E130/><N who="0" m="49673" /><D109/><U45/><E45/><V15/><F104/><W107/><G105/><T70/><D70/><U56/><E69/><V23/><F128/><W87/><REACH who="3" step="1"/><G54/><REACH who="3" ten="234,242,232,282" step="2"/><T10/><D10/><U88/><E33/><V66/><F21/><W57/><G57/><T75/><D75/><N who="1" m="43423" /><E32/><V63/><F23/><W59/><G59/><T79/><D79/><U120/><E120/><V17/><REACH who="2" step="1"/><F62/><REACH who="2" ten="234,242,222,282" step="2"/><W72/><G72/><T73/><D73/><U85/><E60/><V117/><F117/><W64/><G64/><T81/><AGARI ba="0,2" hai="5,6,7,65,67,81,86,89" m="49673,6697" machi="81" ten="40,5200,0" yaku="19,1,52,1,54,1" doraHai="80" who="0" fromWho="0" sc="234,72,242,-26,222,-13,282,-13" /><INIT seed="2,0,0,3,5,46" ten="306,216,209,269" oya="2" hai0="23,51,55,12,27,29,115,133,75,57,50,130,81" hai1="108,97,68,118,11,66,52,16,86,91,125,114,82" hai2="131,36,129,53,73,59,72,116,19,14,98,69,122" hai3="109,110,61,132,22,93,45,58,65,89,38,26,56"/><V34/><F116/><W87/><G132/><T104/><D133/><U111/><E114/><V0/><F122/><W4/><G4/><T119/><D104/><U8/><E118/><V112/><F112/><W33/><G33/><T100/><D115/><U90/><E66/><V30/><F0/><W42/><REACH who="3" step="1"/><G58/><REACH who="3" ten="306,216,209,259" step="2"/><T35/><D119/><U79/><E111/><V76/><F34/><W43/><G43/><T77/><D35/><U84/><E108/><V102/><F59/><W5/><G5/><T80/><D130/><U64/><E68/><V107/><F129/><W18/><AGARI ba="0,1" hai="18,22,26,38,42,45,56,61,65,87,89,93,109,110" machi="18" ten="30,2000,0" yaku="1,1,0,1,53,0" doraHai="46" doraHaiUra="92" who="3" fromWho="3" sc="306,-5,216,-5,209,-10,259,30" /><INIT seed="3,0,0,5,2,52" ten="301,211,199,289" oya="3" hai0="129,118,5,128,78,114,110,109,133,58,26,51,31" hai1="112,74,35,56,16,131,39,46,53,98,85,34,22" hai2="70,93,122,68,124,11,69,32,119,113,45,64,95" hai3="12,105,62,72,49,116,0,19,89,127,25,130,20"/><W94/><G116/><T65/><D118/><U81/><E74/><V67/><F119/><W100/><G0/><T50/><D78/><U40/><E131/><N who="0" m="50249" /><D5/><U92/><E112/><V103/><F113/><W135/><G72/><T117/><D117/><U104/><E104/><V36/><F32/><W37/><G37/><T9/><D9/><U33/><E85/><V8/><F124/><W90/><G130/><T83/><D83/><U2/><E81/><V28/><F28/><W14/><G127/><T48/><D114/><U108/><E108/><N who="0" m="41577" /><D133/><U18/><E2/><V82/><F82/><W123/><G135/><T7/><D7/><U106/><E106/><V13/><F122/><W43/><G105/><T42/><D42/><U111/><E111/><V24/><F24/><W120/><G123/><T80/><D80/><U1/><E1/><V47/><F13/><N who="3" m="5227" /><G120/><T41/><D41/><U54/><E54/><V15/><F15/><W87/><G100/><T115/><D115/><U91/><REACH who="1" step="1"/><E22/><REACH who="1" ten="301,201,199,289" step="2"/><V71/><F36/><W10/><G87/><T79/><D79/><U125/><E125/><V134/><F8/><W29/><G10/><T73/><D73/><U96/><E96/><V57/><F11/><W75/><G75/><T84/><D84/><U17/><E17/><V3/><F3/><W86/><G19/><T132/><D132/><U77/><E77/><V107/><F107/><W63/><G90/><T121/><D121/><U60/><AGARI ba="0,1" hai="16,18,33,34,35,39,40,46,53,56,60,91,92,98" machi="60" ten="30,7900,0" yaku="1,1,0,1,52,1,54,1,53,0" doraHai="52" doraHaiUra="27" who="1" fromWho="1" sc="301,-20,201,89,199,-20,289,-39" /><INIT seed="4,0,0,3,3,116" ten="281,290,179,250" oya="0" hai0="64,41,23,94,105,97,11,110,120,47,28,25,68" hai1="44,16,115,45,104,20,82,77,83,34,76,106,109" hai2="89,24,43,53,35,56,46,93,61,101,42,6,67" hai3="57,114,29,100,92,9,22,96,131,13,102,124,84"/><T107/><D110/><U54/><E34/><V111/><F111/><W10/><G114/><T123/><D11/><U91/><E109/><V52/><F6/><W18/><G124/><T121/><D64/><U85/><E115/><V65/><F101/><W129/><G102/><T130/><D68/><U5/><E5/><V17/><F35/><W81/><G57/><T108/><D108/><U39/><E91/><V87/><F24/><W112/><G112/><T126/><D126/><U19/><E54/><V79/><F17/><W49/><G49/><T128/><D94/><U55/><E55/><V26/><F26/><W134/><G134/><T21/><D21/><U12/><E39/><V103/><F103/><W132/><G132/><T37/><REACH who="0" step="1"/><D97/><REACH who="0" ten="271,290,179,250" step="2"/><U0/><E20/><V48/><REACH who="2" step="1"/><F79/><REACH who="2" ten="271,290,169,250" step="2"/><N who="3" m="46143" /><G131/><AGARI ba="0,2" hai="23,25,28,37,41,47,105,107,120,121,123,128,130,131" machi="131" ten="50,12000,1" yaku="1,1,19,1,52,3,53,0" doraHai="116" doraHaiUra="74" who="0" fromWho="3" sc="271,140,290,0,169,0,250,-120" /><INIT seed="4,1,0,1,0,71" ten="411,290,169,130" oya="0" hai0="99,117,40,6,130,125,35,105,20,3,14,45,61" hai1="4,69,98,64,32,41,24,112,132,36,104,57,134" hai2="96,1,135,23,31,15,103,131,73,74,116,46,119" hai3="120,56,121,26,27,33,8,52,51,124,77,133,53"/><T109/><D117/><N who="2" m="45130" /><F1/><W108/><G108/><T82/><D130/><U21/><E57/><V62/><F131/><W66/><G33/><T38/><D109/><U111/><E4/><V25/><F135/><W29/><G133/><T13/><D3/><U37/><E41/><V54/><F15/><W30/><G124/><T28/><D35/><U48/><E48/><N who="2" m="28951" /><F62/><N who="3" m="38215" /><G77/><T95/><D105/><AGARI ba="1,0" hai="23,25,31,73,74,96,103,105" m="28951,45130" machi="105" ten="30,1000,0" yaku="12,1" doraHai="71" who="2" fromWho="0" sc="411,-13,290,0,169,13,130,0" /><INIT seed="5,0,0,5,1,42" ten="398,290,182,130" oya="1" hai0="21,44,126,95,121,15,106,113,133,34,4,127,112" hai1="33,7,35,40,55,114,77,54,8,74,85,103,43" hai2="130,116,98,109,29,135,14,124,18,89,63,39,73" hai3="6,3,23,71,91,96,64,50,86,66,120,117,51"/><U83/><E114/><N who="0" m="44137" /><D106/><U16/><E103/><V62/><F116/><W26/><G120/><T129/><D121/><U10/><E74/><V123/><F123/><W104/><G117/><T107/><D107/><U80/><E7/><V110/><F73/><W38/><G38/><T5/><D34/><U24/><E24/><V1/><F1/><W48/><G71/><T131/><D95/><U134/><E85/><V72/><F72/><W60/><G60/><T41/><D21/><U79/><REACH who="1" step="1"/><E16/><REACH who="1" ten="398,280,182,130" step="2"/><V56/><F18/><N who="3" m="12663" /><G6/><T19/><D4/><U13/><E13/><V31/><F14/><W132/><G3/><T70/><D5/><U22/><E22/><V75/><F75/><W46/><G132/><AGARI ba="0,1" hai="8,10,33,35,40,43,54,55,77,79,80,83,132,134" machi="132" ten="25,4800,0" yaku="1,1,22,2,53,0" doraHai="42" doraHaiUra="82" who="1" fromWho="3" sc="398,0,280,58,182,0,130,-48" /><INIT seed="5,1,0,3,5,121" ten="398,338,182,82" oya="1" hai0="40,134,102,10,101,99,59,111,37,25,115,1,24" hai1="104,84,60,120,43,129,108,33,51,130,109,63,67" hai2="20,107,73,110,135,112,32,127,19,30,128,44,119" hai3="27,21,8,61,9,131,133,77,18,49,103,11,91"/><U117/><E104/><V89/><RYUUKYOKU type="yao9" ba="1,0" sc="398,0,338,0,182,0,82,0" hai2="19,20,30,32,44,73,89,107,110,112,119,127,128,135" /><INIT seed="5,2,0,1,4,132" ten="398,338,182,82" oya="1" hai0="59,91,34,49,52,104,46,20,107,64,23,22,8" hai1="82,70,86,117,51,44,98,90,13,87,27,37,50" hai2="26,14,47,128,35,93,99,12,54,109,125,77,103" hai3="130,112,79,63,28,105,53,41,57,83,58,32,129"/><U65/><E117/><V131/><F109/><W6/><G105/><T18/><D34/><U10/><E37/><V134/><F134/><W81/><G112/><T115/><D115/><U71/><E65/><V72/><F125/><W0/><G0/><T114/><D114/><U9/><E98/><V21/><F35/><W120/><G120/><T69/><D69/><U2/><E27/><V97/><F97/><W88/><G41/><T94/><D104/><U124/><E2/><V121/><F121/><W110/><G110/><T133/><D107/><U85/><E124/><V119/><F119/><W5/><G32/><T127/><D127/><U67/><E67/><V122/><F122/><W101/><G28/><T106/><D106/><U102/><E102/><V39/><F39/><W1/><G101/><T84/><D133/><U38/><E38/><V95/><F95/><W4/><G1/><T45/><D64/><U48/><E10/><V113/><F113/><W74/><REACH who="3" step="1"/><G58/><REACH who="3" ten="398,338,182,72" step="2"/><T29/><D29/><U31/><E31/><V24/><F24/><W126/><G126/><T11/><D18/><N who="1" m="8495" /><E71/><V36/><F103/><W78/><G78/><T62/><D45/><U92/><E70/><V73/><F77/><W56/><G56/><T89/><D91/><N who="1" m="51639" /><E44/><V16/><F47/><W80/><G80/><T123/><D123/><U15/><E15/><V33/><F33/><W30/><G30/><T60/><D46/><U68/><E68/><V135/><F135/><W42/><G42/><T7/><D7/><U17/><E17/><V61/><F36/><W96/><G96/><T108/><D108/><RYUUKYOKU ba="2,1" sc="398,10,338,10,182,-30,72,10" hai0="8,11,20,22,23,49,52,59,60,62,84,89,94" hai1="48,50,51,86,87,90,92" hai3="4,5,6,53,57,63,74,79,81,83,88,129,130" /><INIT seed="5,3,1,3,5,129" ten="408,348,152,82" oya="1" hai0="68,40,35,16,51,38,87,64,135,77,10,118,72" hai1="31,120,119,4,112,73,70,32,42,107,50,11,81" hai2="126,128,48,82,33,47,13,103,131,67,99,59,133" hai3="127,5,17,53,66,36,37,60,80,74,132,108,2"/><U15/><E119/><V123/><F33/><W6/><G108/><T134/><D118/><U88/><E120/><V63/><F123/><W89/><G53/><T124/><D35/><U19/><E107/><V86/><F126/><W69/><G127/><T111/><D124/><U61/><E112/><V106/><F13/><W115/><G115/><T41/><D38/><N who="3" m="14953" /><G17/><T96/><D72/><U116/><E116/><V94/><F106/><W113/><G89/><T21/><D10/><U30/><E32/><V79/><REACH who="2" step="1"/><F133/><REACH who="2" ten="408,348,142,82" step="2"/><N who="0" m="50698" /><D111/><U27/><E15/><V8/><F8/><W0/><G0/><T97/><D68/><U117/><E70/><V102/><F102/><W25/><G2/><T100/><D64/><U122/><E122/><V49/><F49/><W75/><G113/><T26/><D51/><U52/><E50/><V45/><F45/><W44/><G44/><T76/><D100/><U62/><E117/><V57/><F57/><W71/><G71/><T39/><D39/><U1/><E1/><V83/><F83/><W34/><G132/><T14/><D14/><U56/><E56/><V12/><F12/><W28/><G80/><N who="0" m="47495" /><D77/><U104/><E11/><V105/><F105/><W65/><G65/><T92/><D92/><U9/><E104/><V24/><F24/><W90/><G90/><T93/><D93/><U18/><E88/><V110/><F110/><W46/><G46/><T29/><D26/><U114/><E27/><V7/><F7/><W55/><G6/><T3/><D3/><U98/><E114/><V91/><F91/><W23/><G5/><T58/><D58/><RYUUKYOKU ba="3,2" sc="408,-10,348,-10,142,30,82,-10" hai2="47,48,59,63,67,79,82,86,94,99,103,128,131" /><INIT seed="6,4,2,4,1,39" ten="398,338,172,72" oya="2" hai0="83,57,53,88,124,135,75,2,15,115,50,116,61" hai1="111,104,131,110,46,94,77,103,73,37,14,55,12" hai2="122,18,133,21,118,119,91,8,92,76,16,134,6" hai3="63,113,3,13,125,93,0,84,100,72,40,101,107"/><V69/><F69/><W121/><G121/><T64/><D115/><U19/><E104/><V5/><F122/><W42/><G113/><T28/><D124/><U52/><E131/><V96/><F76/><W82/><G125/><T48/><D2/><U78/><E103/><V74/><F74/><W67/><G101/><T29/><D116/><U65/><E65/><V23/><F8/><W33/><G33/><T129/><D129/><U126/><E126/><V47/><F47/><W36/><G36/><T87/><D75/><U4/><E94/><V45/><F45/><W31/><G31/><N who="0" m="11851" /><D135/><N who="2" m="51722" /><F18/><W34/><G34/><T30/><N who="0" m="11859" /><T59/><DORA hai="127" /><D15/><U7/><E46/><V108/><F108/><W98/><G13/><T89/><D48/><U81/><E37/><V20/><F16/><W123/><G123/><T71/><D71/><U102/><E19/><V35/><F35/><W62/><G62/><T58/><D58/><U68/><E68/><V25/><F25/><W95/><G3/><T128/><D128/><U56/><E73/><V43/><F43/><N who="3" m="16427" /><G0/><T90/><AGARI ba="4,2" hai="50,53,57,59,61,64,83,87,88,89,90" m="11859" machi="90" ten="40,2700,0" yaku="8,1,54,1" doraHai="39,127" who="0" fromWho="0" sc="398,59,338,-11,172,-17,72,-11" /><INIT seed="7,0,0,1,1,87" ten="457,327,155,61" oya="3" hai0="78,34,54,88,40,31,123,66,135,24,101,118,79" hai1="68,112,55,86,19,2,44,69,20,41,93,71,72" hai2="107,133,100,106,120,95,23,119,38,29,129,26,65" hai3="85,76,17,5,10,111,70,127,97,12,102,117,114"/><W32/><G117/><T128/><D123/><U74/><E2/><V60/><F119/><W116/><G116/><T14/><D118/><U18/><E112/><V57/><F38/><W75/><G114/><T36/><D101/><U91/><E55/><V67/><F120/><W35/><G75/><T3/><D3/><U81/><E19/><V82/><F133/><W28/><G111/><T43/><D66/><U62/><E62/><V16/><F129/><W27/><G127/><T96/><D128/><U53/><E53/><V37/><F37/><W89/><G76/><T13/><D54/><U105/><E105/><V122/><F122/><W77/><G77/><T49/><D36/><U61/><E61/><V59/><F82/><W94/><G70/><T6/><D13/><U124/><E124/><V90/><F100/><W25/><G25/><T4/><D4/><U1/><E1/><V30/><F106/><W80/><REACH who="3" step="1"/><G5/><REACH who="3" ten="457,327,155,51" step="2"/><T121/><D78/><U99/><E71/><V64/><F107/><W21/><AGARI ba="0,1" hai="10,12,17,21,27,28,32,35,80,85,89,94,97,102" machi="21" ten="20,12000,1" yaku="1,1,2,1,0,1,7,1,52,1,53,0" doraHai="87" doraHaiUra="47" who="3" fromWho="3" sc="457,-40,327,-40,155,-40,51,130" /><INIT seed="7,1,0,5,2,8" ten="417,287,115,181" oya="3" hai0="109,93,91,101,128,76,127,131,106,13,102,68,50" hai1="53,119,40,92,63,111,80,71,25,36,1,124,12" hai2="86,89,117,7,5,21,52,55,67,95,129,9,30" hai3="94,115,28,113,118,23,72,58,11,97,54,49,37"/><W82/><G37/><T20/><D109/><U62/><E1/><V123/><F117/><W78/><G118/><T26/><D13/><U16/><E124/><V31/><F129/><N who="0" m="49738" /><D68/><U81/><E111/><V0/><F123/><W87/><G11/><T108/><D108/><U85/><E40/><V66/><F5/><W122/><G122/><T110/><D110/><U105/><E105/><V107/><F107/><W103/><G28/><T10/><D10/><U22/><E71/><V65/><REACH who="2" step="1"/><F30/><REACH who="2" ten="417,287,105,181" step="2"/><W57/><G23/><T24/><D106/><U130/><E130/><V46/><F46/><W2/><G2/><T73/><D26/><AGARI ba="1,1" hai="0,7,9,21,26,31,52,55,65,66,67,86,89,95" machi="26" ten="40,5200,0" yaku="1,1,54,1,53,1" doraHai="8" doraHaiUra="3" who="2" fromWho="0" sc="417,-55,287,0,105,65,181,0" owari="362,46.0,287,9.0,170,-33.0,181,-22.0" /></mjloggm>