<mjloggm ver="2.3"><GO type="41" lobby="0"/><UN n0="%E6%A3%AE%E6%9E%97%E6%B5%B4" n1="%EF%BC%88%C2%B4%EF%BC%88%E3%82%A7%EF%BC%89%60%EF%BC%89" n2="%E3%81%AE%E3%81%9A%E3%82%88%E3%81%84" n3="%E2%93%9D%53%75%70%68%78" dan="14,15,13,18" rate="1907.75,2024.12,1895.20,2120.95" sx="M,M,M,M"/><TAIKYOKU oya="0"/><INIT seed="0,0,0,3,2,112" ten="250,250,250,250" oya="0" hai0="88,101,42,14,49,22,35,108,82,130,102,27,6" hai1="107,1,124,121,84,5,29,80,36,125,3,40,127" hai2="97,28,17,8,63,46,69,61,114,119,96,47,129" hai3="39,52,131,67,59,57,105,44,128,104,0,115,86"/><T16/><D130/><N who="3" m="49705" /><G0/><T64/><D64/><U30/><E121/><V10/><F129/><W89/><G115/><T126/><D126/><U55/><E107/><N who="3" m="41034" /><G67/><T43/><D108/><U123/><E123/><V70/><F114/><W18/><G18/><T98/><D35/><U68/><E68/><V76/><F17/><W71/><G71/><T109/><D109/><U92/><E92/><V110/><F28/><N who="1" m="10857" /><E5/><V120/><F120/><W91/><G86/><N who="0" m="50263" /><D98/><U7/><E7/><V25/><F110/><W93/><G93/><T37/><D37/><U85/><E55/><V13/><F13/><W66/><G66/><T19/><D6/><U62/><E62/><V24/><REACH who="2" step="1"/><F76/><REACH who="2" ten="250,250,240,250" step="2"/><W122/><G122/><T60/><D60/><U103/><E1/><V58/><F58/><N who="3" m="22027" /><G39/><T135/><D19/><U48/><E3/><V95/><F95/><W73/><G73/><T53/><D14/><U54/><E36/><V12/><F12/><W20/><G20/><T113/><D113/><U133/><E125/><V2/><F2/><W118/><G91/><T90/><D90/><U9/><E127/><V31/><F31/><W117/><G89/><T111/><D111/><U21/><E124/><V79/><F79/><W11/><G11/><T34/><D34/><U77/><E77/><V4/><F4/><W32/><G32/><T38/><D38/><U26/><E80/><V33/><F33/><W75/><G75/><T83/><D83/><U100/><E84/><V72/><F72/><W106/><G106/><T87/><D87/><U56/><E85/><V78/><F78/><W51/><AGARI ba="0,1" hai="44,51,52,117,118" m="22027,41034,49705" machi="51" ten="40,8000,1" yaku="5,1,19,1,52,2,54,1" doraHai="112" who="3" fromWho="3" sc="250,-40,250,-20,240,-20,250,90" /><INIT seed="1,0,0,2,5,75" ten="210,230,220,340" oya="1" hai0="79,112,54,47,70,127,19,10,119,120,111,14,30" hai1="80,99,0,123,12,72,37,41,117,45,109,82,7" hai2="35,69,128,101,60,73,93,78,5,15,53,67,130" hai3="59,94,89,18,26,33,81,27,49,32,28,58,21"/><U102/><E117/><V6/><F35/><W100/><G100/><T74/><D119/><U88/><E123/><V129/><F53/><W114/><G114/><T91/><D112/><U56/><E109/><V55/><F55/><W115/><G115/><T8/><D120/><U133/><E133/><V118/><F118/><W34/><G81/><T16/><D111/><U64/><E0/><V43/><F43/><W113/><G113/><T104/><D70/><U11/><E72/><V125/><F125/><W13/><G49/><T95/><D104/><U98/><E98/><N who="2" m="59599" /><F15/><W40/><G40/><T83/><D127/><U92/><REACH who="1" step="1"/><E102/><REACH who="1" ten="210,220,220,340" step="2"/><V44/><F44/><W77/><G34/><T132/><D132/><U20/><E20/><V3/><F3/><W48/><G33/><T38/><D47/><U42/><E42/><V71/><F71/><W22/><G32/><T103/><D103/><U131/><E131/><V51/><F128/><W134/><G22/><T4/><D74/><U23/><E23/><V52/><F129/><W29/><G134/><T86/><D38/><U9/><E9/><V2/><F2/><W62/><G21/><T25/><D10/><U46/><E46/><N who="2" m="27767" /><F130/><W61/><G27/><T1/><D1/><U17/><E17/><V124/><F124/><W105/><G18/><T31/><D19/><U126/><E126/><V57/><F69/><W110/><G110/><T63/><D16/><U96/><E96/><V65/><F67/><W50/><G26/><T106/><D25/><U108/><E108/><V87/><F73/><W121/><G121/><T84/><D106/><RYUUKYOKU ba="0,1" sc="210,10,220,10,220,10,340,-30" hai0="4,8,14,30,31,54,63,79,83,84,86,91,95" hai1="7,11,12,37,41,45,56,64,80,82,88,92,99" hai2="5,6,57,60,65,78,87" /><INIT seed="1,1,1,5,3,51" ten="220,230,230,310" oya="1" hai0="101,11,128,1,109,26,118,86,46,134,54,129,14" hai1="103,15,98,3,69,130,38,53,95,67,77,34,105" hai2="4,126,49,104,113,2,127,40,48,106,13,76,114" hai3="93,75,39,73,19,87,61,9,79,102,88,68,89"/><U131/><E3/><V72/><F2/><W80/><G39/><T41/><D118/><U132/><E38/><V24/><F49/><W55/><G68/><T59/><D109/><U82/><E34/><V107/><F48/><W58/><G102/><T64/><D64/><U6/><E132/><V32/><F40/><W18/><G75/><T23/><D1/><U57/><E105/><V31/><F13/><W121/><G121/><T125/><D134/><U133/><E133/><V5/><F76/><W90/><G9/><T122/><D125/><N who="2" m="47626" /><F72/><W0/><G0/><T21/><D101/><U84/><E67/><V22/><F32/><W71/><G71/><T65/><D65/><U10/><REACH who="1" step="1"/><E69/><REACH who="1" ten="220,220,230,310" step="2"/><V74/><F74/><W43/><G43/><T30/><D41/><U37/><E37/><V111/><F111/><W92/><G73/><T12/><D122/><U117/><E117/><V110/><F110/><W8/><G8/><T94/><D11/><U116/><E116/><V60/><F60/><AGARI ba="1,2" hai="6,10,15,53,57,60,77,82,84,95,98,103,130,131" machi="60" ten="40,3900,0" yaku="1,1,52,1,53,0" doraHai="51" doraHaiUra="135" who="1" fromWho="2" sc="220,0,220,62,230,-42,310,0" /><INIT seed="1,2,0,5,4,32" ten="220,282,188,310" oya="1" hai0="61,86,98,111,80,37,92,19,130,78,85,97,65" hai1="127,38,79,21,13,57,93,121,18,34,135,96,132" hai2="12,15,56,71,45,77,124,63,115,113,52,134,110" hai3="105,2,36,91,49,20,27,66,30,74,60,9,87"/><U28/><E121/><V59/><F77/><W118/><G36/><T24/><D37/><U23/><E127/><V64/><F124/><W107/><G74/><T82/><D111/><U116/><E116/><V11/><F12/><W26/><G49/><T39/><D39/><U54/><E38/><V22/><F22/><W43/><G43/><T102/><D130/><U109/><E79/><V131/><F110/><W41/><G41/><T46/><D46/><U14/><E34/><V35/><F35/><W99/><G27/><T126/><D98/><U51/><E109/><V133/><F15/><W103/><G118/><T0/><D0/><U69/><E69/><V84/><F84/><W125/><G125/><T76/><D126/><U120/><E120/><V70/><F45/><W58/><G9/><T100/><D24/><U44/><E44/><V7/><F7/><W3/><REACH who="3" step="1"/><G107/><REACH who="3" ten="220,282,188,300" step="2"/><T88/><REACH who="0" step="1"/><D19/><REACH who="0" ten="210,282,188,300" step="2"/><U53/><E18/><V129/><F131/><W10/><G10/><T112/><D112/><N who="2" m="43082" /><F11/><W83/><AGARI ba="2,2" hai="2,3,20,26,30,58,60,66,83,87,91,99,103,105" machi="83" ten="20,8000,1" yaku="1,1,0,1,7,1,52,2,53,0" doraHai="32" doraHaiUra="42" who="3" fromWho="3" sc="210,-22,282,-42,188,-22,300,106" /><INIT seed="2,0,0,1,0,19" ten="188,240,166,406" oya="2" hai0="122,61,35,56,20,9,129,133,17,24,115,92,93" hai1="127,135,48,36,132,81,4,128,89,87,94,114,79" hai2="75,44,3,74,96,111,66,0,7,64,18,120,112" hai3="52,77,22,71,108,38,110,116,91,101,65,47,8"/><V131/><F112/><W118/><G77/><T30/><D115/><U98/><E36/><V27/><F120/><W57/><G8/><T58/><D122/><U13/><E114/><V125/><F96/><W95/><G101/><T21/><D129/><U85/><E128/><V11/><F131/><W26/><G65/><T29/><D133/><U6/><E127/><V105/><F105/><W1/><G1/><T16/><D9/><U84/><E48/><V70/><F3/><W32/><G32/><T113/><D113/><U42/><E42/><V123/><F123/><W82/><G82/><T31/><D35/><U12/><E12/><V107/><F64/><W103/><G71/><T34/><D34/><U126/><E13/><V10/><F10/><W76/><G76/><T97/><D61/><U41/><E41/><V33/><F18/><W37/><G103/><N who="0" m="60839" /><D93/><U28/><E28/><N who="2" m="19615" /><F125/><W68/><G68/><T50/><D50/><U78/><E126/><V59/><F59/><W54/><G57/><T130/><D130/><U104/><E104/><V51/><F51/><W63/><G38/><T62/><D62/><U102/><E79/><V73/><F44/><W40/><G47/><T60/><D60/><U69/><E69/><V83/><F107/><W100/><G37/><T45/><D45/><U55/><E55/><V124/><F124/><W134/><G54/><T46/><D46/><U25/><E78/><N who="2" m="44495" /><F111/><W49/><G110/><T72/><D72/><U106/><E106/><V99/><F99/><W86/><G108/><T90/><D90/><U119/><E89/><V53/><F53/><RYUUKYOKU ba="0,0" sc="188,15,240,-15,166,15,406,-15" hai0="16,17,20,21,24,29,30,31,56,58" hai2="0,7,11,66,70,74,75" /><INIT seed="2,1,0,3,2,34" ten="203,225,181,391" oya="2" hai0="135,31,43,68,125,29,27,127,131,128,75,115,23" hai1="88,11,42,83,19,41,25,56,133,21,47,114,122" hai2="35,55,108,8,107,7,96,18,22,9,13,123,77" hai3="4,17,38,90,65,74,79,50,16,54,63,110,36"/><V70/><F123/><W64/><G110/><T86/><D75/><U37/><E114/><V3/><F70/><W91/><G4/><T67/><D115/><U10/><E133/><V99/><F77/><W89/><G74/><T12/><D43/><U20/><E122/><V112/><F112/><W72/><G72/><T132/><D31/><U85/><E42/><V2/><F55/><W100/><G100/><T1/><D1/><N who="2" m="10" /><F96/><W78/><G54/><T57/><D68/><U62/><REACH who="1" step="1"/><E21/><REACH who="1" ten="203,215,181,391" step="2"/><N who="2" m="11471" /><F107/><W82/><G79/><T60/><D12/><U39/><E39/><V134/><F35/><W103/><G78/><T95/><D135/><U49/><E49/><V40/><F40/><W92/><G50/><T111/><D132/><U30/><E30/><V28/><F134/><W26/><G38/><T80/><D111/><U15/><E15/><N who="2" m="5535" /><F99/><W117/><G36/><T94/><D131/><U53/><AGARI ba="1,1" hai="10,11,19,20,25,37,41,47,53,56,62,83,85,88" machi="53" ten="20,5200,0" yaku="1,1,0,1,7,1,54,1,53,0" doraHai="34" doraHaiUra="61" who="1" fromWho="1" sc="203,-14,215,65,181,-27,391,-14" /><INIT seed="3,0,0,0,1,55" ten="189,280,154,377" oya="3" hai0="117,54,75,18,47,32,84,1,115,93,73,119,80" hai1="110,58,44,89,113,2,11,60,112,57,12,53,45" hai2="61,39,36,107,120,83,56,49,101,26,24,128,42" hai3="78,109,77,14,125,105,25,40,66,51,17,92,22"/><W63/><G105/><T104/><D104/><U134/><E2/><V123/><F128/><W116/><G116/><T52/><D115/><U9/><E110/><V96/><F83/><W15/><G125/><T124/><D124/><U86/><E134/><V20/><F49/><W64/><G109/><T114/><D114/><U43/><E113/><V85/><F85/><W4/><G92/><T33/><D1/><U28/><E28/><V132/><F26/><W6/><G51/><T68/><D93/><N who="1" m="54455" /><E43/><V121/><F42/><W106/><G106/><T130/><D84/><U91/><E91/><V118/><F118/><W108/><G40/><T62/><D62/><N who="1" m="36143" /><E9/><V38/><F132/><W88/><G88/><T103/><D68/><U27/><E27/><V0/><F0/><W59/><G108/><T19/><D103/><U98/><E98/><V23/><REACH who="2" step="1"/><F24/><REACH who="2" ten="189,280,144,377" step="2"/><W21/><G25/><T48/><D48/><U8/><E112/><V35/><F35/><W72/><G72/><T67/><D80/><U79/><E79/><V31/><F31/><W34/><G34/><T29/><D29/><U37/><E37/><V126/><F126/><W102/><G78/><T30/><D30/><U71/><E45/><V81/><F81/><W129/><G77/><T111/><D111/><U13/><E44/><V5/><F5/><W41/><G6/><T7/><D7/><U95/><E12/><V10/><F10/><W82/><G15/><T3/><D3/><U97/><E13/><V131/><F131/><W133/><G129/><T90/><D130/><U127/><E127/><V46/><F46/><RYUUKYOKU ba="0,1" sc="189,-10,280,-10,144,30,377,-10" hai2="20,23,36,38,39,56,61,96,101,107,120,121,123" /><INIT seed="4,1,1,0,0,79" ten="179,270,174,367" oya="0" hai0="54,66,9,80,67,115,91,64,102,28,83,63,119" hai1="128,61,124,6,17,65,47,20,111,58,35,33,77" hai2="26,75,21,40,134,48,132,2,8,121,46,3,76" hai3="69,22,95,44,31,97,10,11,25,57,84,109,51"/><T23/><D119/><U98/><E111/><V94/><F121/><W13/><G69/><T14/><D115/><U29/><E128/><V88/><F8/><W68/><G68/><T1/><D102/><U71/><E124/><V92/><F92/><W129/><G129/><T100/><D100/><U103/><E6/><V37/><F37/><W101/><G109/><T0/><D0/><U39/><E29/><V116/><F116/><W135/><G135/><N who="2" m="51753" /><F76/><W19/><G57/><N who="0" m="35255" /><D91/><U86/><E77/><V106/><F75/><W45/><G84/><T123/><D1/><U85/><E71/><V90/><F90/><W130/><G130/><T89/><D89/><U32/><E47/><V43/><F43/><W49/><G45/><T120/><D120/><U55/><E39/><V87/><F106/><W5/><G44/><T38/><D38/><U117/><E117/><V7/><F7/><W118/><G118/><T105/><D105/><U16/><E65/><V30/><AGARI ba="1,1" hai="2,3,21,26,30,40,46,48,87,88,94" m="51753" machi="30" ten="30,2000,0" yaku="20,1,54,1" doraHai="79" who="2" fromWho="2" sc="179,-11,270,-6,174,33,367,-6" /><INIT seed="5,0,0,1,5,52" ten="168,264,207,361" oya="1" hai0="99,32,134,82,30,129,81,132,91,4,114,43,127" hai1="86,83,21,79,35,76,57,62,123,60,125,90,9" hai2="59,54,51,42,118,120,74,37,69,104,55,25,50" hai3="71,108,119,31,80,16,116,97,14,1,2,124,131"/><U109/><E123/><V46/><F104/><W128/><G71/><T22/><D114/><U7/><E125/><V133/><F74/><W0/><G108/><T135/><D127/><U92/><E35/><V10/><F120/><W33/><G97/><T112/><D112/><U85/><E109/><V70/><F118/><N who="3" m="45099" /><G124/><T88/><D129/><N who="3" m="49737" /><G80/><N who="0" m="30827" /><D32/><U68/><E68/><N who="2" m="26219" /><F25/><N who="3" m="18671" /><G2/><T95/><D4/><U64/><E21/><AGARI ba="0,0" hai="0,1,14,16,21" m="18671,49737,45099" machi="21" ten="30,8000,1" yaku="12,1,19,1,34,2,54,1" doraHai="52" who="3" fromWho="1" sc="168,0,264,-80,207,0,361,80" /><INIT seed="6,0,0,2,3,41" ten="168,184,207,441" oya="2" hai0="2,29,19,46,94,36,7,102,106,83,99,77,12" hai1="69,56,8,45,59,81,134,73,109,26,110,27,33" hai2="129,68,126,85,0,47,34,14,114,88,95,82,57" hai3="90,103,75,38,118,10,6,3,21,133,37,58,65"/><V89/><F0/><W67/><G133/><T17/><D29/><U9/><E69/><V13/><F34/><W122/><G118/><T44/><D106/><U30/><E134/><V24/><F68/><W92/><G103/><T1/><D19/><U127/><E127/><V61/><F126/><W76/><G122/><T31/><D31/><U91/><E91/><V20/><F114/><W124/><G58/><T104/><D104/><U66/><E81/><V53/><F47/><W111/><G111/><T87/><D36/><U40/><E73/><V86/><F129/><W117/><G117/><T22/><REACH who="0" step="1"/><D1/><REACH who="0" ten="158,184,207,441" step="2"/><U54/><E30/><AGARI ba="0,1" hai="13,14,20,24,30,53,57,61,82,85,86,88,89,95" machi="30" ten="30,5800,0" yaku="7,1,8,1,54,1" doraHai="41" who="2" fromWho="1" sc="158,0,184,-58,207,68,441,0" /><INIT seed="6,1,0,3,5,47" ten="158,126,275,441" oya="2" hai0="108,6,116,121,102,16,72,58,45,92,51,129,8" hai1="65,36,43,62,64,131,81,119,117,73,25,55,125" hai2="78,70,28,22,91,101,66,35,104,27,60,85,10" hai3="41,68,39,5,80,99,59,17,123,26,120,107,54"/><V111/><F78/><W98/><G98/><T30/><D121/><U133/><E25/><V53/><F22/><W29/><G41/><T19/><D108/><U20/><E20/><V32/><F35/><W61/><G5/><T118/><D129/><U93/><E93/><V18/><F53/><W34/><G39/><T88/><D72/><U128/><E81/><V57/><F57/><W87/><G17/><T127/><D58/><N who="1" m="35167" /><E73/><V37/><F37/><W84/><G84/><N who="0" m="52231" /><D102/><U75/><E75/><V100/><F111/><W12/><G12/><N who="0" m="5143" /><D127/><U90/><E90/><V113/><F113/><W63/><G87/><T23/><D23/><U114/><E133/><V132/><F132/><W21/><G80/><T135/><D30/><U52/><E114/><V112/><F112/><W3/><G123/><T124/><D124/><U15/><E15/><V2/><F18/><W48/><G120/><T1/><D1/><U110/><E110/><V94/><REACH who="2" step="1"/><F104/><REACH who="2" ten="158,126,265,441" step="2"/><W134/><G107/><T86/><D135/><U56/><E125/><V38/><F38/><W74/><G134/><T82/><D118/><N who="1" m="45067" /><E36/><V95/><F95/><W83/><G21/><T7/><D116/><U40/><E40/><V13/><F13/><W79/><G79/><N who="0" m="46431" /><D7/><AGARI ba="1,1" hai="2,7,10,27,28,32,60,66,70,85,91,94,100,101" machi="7" ten="40,2000,0" yaku="1,1,53,0" doraHai="47" doraHaiUra="103" who="2" fromWho="0" sc="158,-23,126,0,265,33,441,0" /><INIT seed="6,2,0,0,0,9" ten="135,126,298,441" oya="2" hai0="28,74,81,3,32,52,49,65,33,14,46,113,4" hai1="126,119,76,1,80,106,59,18,127,34,61,82,92" hai2="111,55,72,39,25,68,96,131,95,94,31,24,135" hai3="98,86,26,121,43,62,67,29,53,109,57,104,115"/><V11/><F72/><W134/><G109/><T50/><D113/><U107/><E119/><V40/><F68/><W105/><G121/><T130/><D130/><U73/><E34/><V44/><F131/><W41/><G134/><T75/><D3/><U97/><E1/><V83/><F135/><W124/><G124/><N who="1" m="47658" /><E18/><V71/><F71/><W112/><G86/><T69/><D28/><U23/><E23/><V120/><F120/><W100/><G105/><T8/><D49/><U19/><E19/><V13/><F83/><W88/><G88/><T16/><D4/><U128/><E128/><V66/><F66/><W48/><G115/><T133/><D133/><U89/><E82/><V21/><F25/><W118/><G118/><T45/><D45/><U54/><AGARI ba="2,0" hai="54,59,61,73,76,80,89,92,97,106,107" m="47658" machi="54" ten="30,1100,0" yaku="18,1" doraHai="9" who="1" fromWho="1" sc="135,-5,126,17,298,-7,441,-5" /><INIT seed="7,0,0,3,5,124" ten="130,143,291,436" oya="3" hai0="29,57,54,104,135,132,74,86,2,112,60,123,45" hai1="19,17,20,99,116,94,126,64,44,101,110,52,9" hai2="50,80,36,122,42,93,107,58,25,63,37,55,5" hai3="108,106,76,10,105,120,113,59,100,127,14,91,118"/><W103/><G113/><T23/><D123/><U30/><E110/><V46/><F93/><W130/><G103/><T67/><D74/><U134/><E134/><N who="0" m="51241" /><D104/><U83/><E126/><V18/><F80/><W89/><G14/><T49/><D2/><U71/><E116/><V16/><F5/><W65/><G59/><N who="0" m="37279" /><D29/><U102/><E71/><V35/><F107/><W28/><G91/><T6/><D6/><U32/><E64/><V12/><F122/><W3/><G65/><T70/><D70/><U13/><E32/><V66/><F36/><W21/><G21/><T24/><D112/><U27/><E83/><V131/><F131/><W41/><G130/><T96/><D86/><U0/><E0/><V125/><F125/><W69/><G118/><T48/><D96/><U90/><E30/><V34/><F25/><W85/><G106/><T119/><D119/><U31/><E31/><V33/><REACH who="2" step="1"/><F12/><REACH who="2" ten="130,143,281,436" step="2"/><W73/><G105/><T92/><D92/><U62/><E62/><V111/><F111/><W8/><G108/><T117/><D117/><U128/><E128/><V68/><AGARI ba="0,1" hai="16,18,33,34,35,37,42,46,50,55,58,63,66,68" machi="68" ten="30,8000,1" yaku="1,1,0,1,24,2,54,1,53,0" doraHai="124" doraHaiUra="4" who="2" fromWho="2" sc="130,-20,143,-20,281,90,436,-40" owari="110,-39.0,123,-28.0,371,17.0,396,50.0" /></mjloggm>