<mjloggm ver="2.3"><GO type="41" lobby="0"/><UN n0="%EF%BC%B4%EF%BC%AD%EF%BC%B2" n1="%E3%82%B8%E3%83%A7%E3%83%B3%E3%81%AE%E9%AD%82" n2="%E2%93%9D%53%75%70%68%78" n3="%E5%AD%A4%E7%8B%AC%E3%81%AE%E9%AC%B1%E3%81%AD" dan="15,13,17,14" rate="1962.01,1952.68,2038.99,1884.20" sx="M,M,M,M"/><TAIKYOKU oya="0"/><INIT seed="0,0,0,2,5,65" ten="250,250,250,250" oya="0" hai0="30,15,82,83,52,8,70,41,39,99,129,13,45" hai1="90,128,9,85,10,38,36,5,21,60,72,68,54" hai2="53,118,97,96,33,81,7,31,77,47,114,135,28" hai3="2,16,122,127,112,43,105,79,29,14,89,57,124"/><T3/><D30/><U106/><E106/><V0/><F114/><W34/><G112/><T35/><D35/><U76/><E76/><V58/><F135/><W132/><G132/><T19/><D3/><U131/><E72/><V91/><F47/><W4/><G79/><T18/><D129/><N who="1" m="49739" /><E21/><V133/><F118/><W24/><G105/><T61/><D99/><U115/><E54/><V111/><F111/><W1/><G43/><T108/><D108/><U73/><E73/><V92/><F97/><W67/><G122/><T94/><D94/><N who="1" m="54607" /><E115/><V42/><F133/><W113/><G113/><T125/><D125/><N who="3" m="48201" /><G89/><T27/><D27/><U74/><E74/><V120/><F91/><W22/><G57/><T130/><D130/><U55/><E55/><V69/><F53/><W12/><G67/><T80/><D70/><U88/><E88/><V123/><F69/><W107/><G107/><T98/><D98/><U116/><E116/><V17/><F96/><W95/><G95/><T71/><D71/><U103/><E103/><V63/><F92/><W59/><G59/><T20/><REACH who="0" step="1"/><D80/><REACH who="0" ten="240,250,250,250" step="2"/><U121/><E121/><V119/><F123/><W6/><G12/><T26/><D26/><U50/><E68/><V93/><F120/><W87/><G87/><T11/><D11/><U51/><E10/><V40/><F93/><W62/><G62/><T86/><D86/><U37/><E60/><V84/><F63/><W109/><G109/><T126/><D126/><U78/><E78/><V49/><F77/><W104/><G104/><T66/><D66/><U110/><E110/><V32/><F84/><RYUUKYOKU ba="0,1" sc="240,10,250,10,250,-30,250,10" hai0="8,13,15,18,19,20,39,41,45,52,61,82,83" hai1="5,9,36,37,38,50,51" hai3="1,2,4,6,14,16,22,24,29,34" /><INIT seed="0,1,1,2,1,50" ten="250,260,220,260" oya="0" hai0="85,18,46,69,101,106,47,44,42,66,56,77,108" hai1="84,51,38,62,89,58,86,80,40,110,113,23,74" hai2="21,72,1,102,115,114,28,64,99,65,67,111,26" hai3="83,29,17,117,121,4,76,45,126,31,0,130,12"/><T97/><D69/><U119/><E74/><V109/><F1/><W52/><G117/><T125/><D125/><U9/><E38/><V54/><F72/><W105/><G126/><T92/><D108/><N who="2" m="41546" /><F54/><W118/><G118/><T25/><D106/><AGARI ba="1,1" hai="21,26,28,64,65,67,99,102,106,114,115" m="41546" machi="106" ten="30,1000,0" yaku="14,1" doraHai="50" who="2" fromWho="0" sc="250,-13,260,0,220,23,260,0" /><INIT seed="1,0,0,2,4,36" ten="237,260,243,260" oya="1" hai0="130,21,9,95,100,80,93,54,116,81,28,37,101" hai1="87,132,25,90,68,16,59,92,2,65,117,102,4" hai2="128,56,106,27,31,73,114,19,107,20,76,74,121" hai3="45,112,89,7,42,26,0,69,99,30,5,123,104"/><U67/><E132/><V133/><F121/><W135/><G123/><T24/><D130/><U44/><E117/><V41/><F128/><W77/><G112/><T122/><D116/><U14/><E68/><V53/><F133/><W111/><G111/><T52/><D37/><U88/><E102/><V127/><F127/><W51/><G0/><T120/><D120/><U110/><E25/><V15/><F114/><W94/><G104/><T85/><D81/><U79/><E79/><V11/><F76/><W34/><G135/><T49/><D54/><U97/><E4/><V18/><F107/><W47/><G69/><T64/><D64/><U125/><E2/><V55/><F55/><W22/><G77/><N who="0" m="46223" /><D9/><U8/><E125/><V50/><F106/><W115/><G115/><T60/><D60/><U134/><E134/><V131/><F131/><W46/><G46/><N who="0" m="27703" /><D122/><U39/><E59/><V29/><F74/><W70/><G70/><T96/><D93/><U40/><E110/><V66/><F73/><W17/><REACH who="3" step="1"/><G47/><REACH who="3" ten="237,260,243,250" step="2"/><T48/><D48/><U109/><E109/><V63/><REACH who="2" step="1"/><F41/><REACH who="2" ten="237,260,233,250" step="2"/><W32/><G32/><T108/><D108/><U61/><REACH who="1" step="1"/><E61/><REACH who="1" ten="237,250,233,250" step="2"/><V129/><F129/><W38/><G38/><T118/><D118/><U3/><E3/><V23/><F23/><W91/><G91/><AGARI ba="0,3" hai="21,24,28,91,95,96,100,101" m="27703,46223" machi="91" ten="30,2000,0" yaku="8,1,54,1" doraHai="36" who="0" fromWho="3" sc="237,50,250,0,233,0,250,-20" /><INIT seed="2,0,0,0,0,63" ten="287,250,233,230" oya="2" hai0="19,8,44,105,60,61,97,5,34,39,13,45,62" hai1="78,135,101,30,118,10,110,55,27,84,73,128,107" hai2="20,69,89,57,42,67,122,59,35,125,6,9,106" hai3="51,77,53,80,25,85,58,4,104,65,1,81,72"/><V41/><F35/><W68/><G104/><T40/><D34/><U102/><E135/><V64/><F106/><W28/><G4/><T15/><D45/><U49/><E110/><V18/><F69/><W127/><G1/><T0/><REACH who="0" step="1"/><D19/><REACH who="0" ten="277,250,233,230" step="2"/><U87/><E118/><V23/><F18/><W31/><G127/><T123/><D123/><U92/><E107/><V100/><F122/><W99/><G99/><T129/><D129/><U71/><E128/><V111/><F125/><W133/><G133/><T126/><D126/><U109/><E109/><V86/><F111/><W11/><G11/><T120/><D120/><U94/><E71/><V2/><F23/><W70/><G70/><T26/><D26/><U91/><E10/><V113/><F20/><W56/><G68/><T22/><D22/><U29/><E27/><V93/><F113/><W132/><G132/><T3/><D3/><U74/><E29/><V47/><F42/><W130/><G130/><T7/><D7/><U108/><E30/><V21/><F21/><W76/><REACH who="3" step="1"/><G25/><REACH who="3" ten="277,250,233,220" step="2"/><T52/><D52/><U119/><E55/><V115/><F115/><W36/><G36/><T124/><D124/><U14/><E119/><V38/><REACH who="2" step="1"/><F100/><AGARI ba="0,2" hai="0,5,8,13,15,39,40,44,60,61,62,97,100,105" machi="100" ten="40,2600,0" yaku="1,1,53,1" doraHai="63" doraHaiUra="33" who="0" fromWho="2" sc="277,46,250,0,233,-26,220,0" /><INIT seed="3,0,0,4,2,15" ten="323,250,207,220" oya="3" hai0="94,12,19,28,110,73,47,135,130,41,123,95,11" hai1="103,55,21,36,64,4,125,2,63,65,23,78,53" hai2="59,40,121,24,134,133,126,120,88,127,20,122,69" hai3="43,108,61,131,79,91,66,18,93,22,115,99,112"/><W104/><G131/><T68/><D110/><U6/><E125/><N who="2" m="47627" /><F69/><W56/><G108/><T117/><D68/><U113/><E36/><V74/><F74/><W49/><G79/><T86/><D117/><U76/><E113/><V105/><F105/><W75/><G75/><T85/><D73/><U107/><E107/><V62/><F88/><W10/><G104/><T31/><D135/><N who="2" m="51722" /><F40/><W92/><G10/><T70/><D123/><U84/><E2/><V54/><F20/><W100/><G49/><N who="0" m="26863" /><D130/><U77/><E77/><V37/><F24/><W44/><G44/><T3/><D70/><U58/><E58/><V90/><F90/><W25/><REACH who="3" step="1"/><G43/><REACH who="3" ten="323,250,207,210" step="2"/><T45/><D45/><U8/><E8/><V14/><F14/><W7/><G7/><T13/><D13/><U17/><E6/><V132/><F132/><W5/><G5/><T116/><D3/><U34/><E4/><V101/><F101/><W67/><G67/><T89/><D11/><U0/><E65/><V46/><F46/><W124/><G124/><T1/><D1/><U72/><E64/><V81/><F81/><W82/><G82/><T128/><D12/><U96/><E0/><V39/><AGARI ba="0,1" hai="37,39,54,59,62,120,121,122" m="51722,47627" machi="39" ten="40,8000,1" yaku="13,1,18,1,20,1,34,2" doraHai="15" who="2" fromWho="2" sc="323,-20,250,-20,207,90,210,-40" /><INIT seed="4,0,0,4,0,113" ten="303,230,297,170" oya="0" hai0="121,66,39,62,17,95,56,117,67,14,2,81,33" hai1="102,25,29,128,16,21,32,76,40,11,87,125,49" hai2="123,31,106,97,30,100,47,52,18,80,28,96,61" hai3="112,9,12,135,116,115,127,94,92,63,13,110,44"/><T35/><D39/><U78/><E128/><V34/><F123/><W15/><G110/><T93/><D2/><U37/><E125/><V99/><F34/><W20/><G127/><T26/><D121/><U107/><E37/><V19/><F106/><W72/><G72/><T57/><D81/><U10/><E102/><V4/><F4/><W90/><G135/><T58/><D117/><U41/><E107/><V64/><F100/><W75/><G116/><T89/><D95/><U23/><E32/><V83/><F64/><W3/><G75/><T108/><D108/><U119/><E119/><V22/><F19/><W65/><G20/><T91/><D91/><U131/><E131/><V79/><F79/><N who="1" m="30249" /><E87/><V36/><F36/><W134/><G134/><T5/><D5/><U59/><E59/><N who="2" m="35047" /><F47/><W103/><G3/><T55/><D35/><U24/><E41/><V50/><F50/><W133/><G9/><N who="0" m="6351" /><D33/><U130/><E130/><V105/><F105/><W71/><G133/><T73/><D73/><U98/><E98/><V74/><F74/><W8/><G8/><T1/><D1/><U111/><E111/><V38/><F38/><W0/><G0/><T54/><D26/><AGARI ba="0,0" hai="18,22,26,28,30,31,80,83,96,97,99" m="35047" machi="26" ten="30,2000,0" yaku="8,1,54,1" doraHai="113" who="2" fromWho="0" sc="303,-20,230,0,297,20,170,0" /><INIT seed="5,0,0,4,2,7" ten="283,230,317,170" oya="1" hai0="52,12,133,116,64,74,30,71,96,114,80,2,109" hai1="94,67,17,113,0,26,48,32,39,29,50,78,129" hai2="126,122,62,91,107,31,92,84,1,28,101,76,132" hai3="83,35,44,106,51,45,125,8,61,120,42,111,93"/><U56/><E129/><V130/><F1/><W88/><G111/><T75/><D114/><U124/><E113/><V128/><F122/><W11/><G120/><T82/><D30/><U79/><E39/><V98/><F126/><W23/><G125/><T25/><D25/><U95/><E0/><V36/><F36/><W99/><G35/><T43/><D43/><U118/><E118/><V54/><F132/><W46/><G106/><T16/><D109/><U24/><E124/><V85/><F54/><N who="3" m="30055" /><G23/><T68/><D133/><U121/><E121/><V72/><F85/><N who="3" m="50239" /><G61/><T134/><D134/><U4/><E4/><V131/><F62/><W112/><G112/><T97/><D2/><U55/><E67/><V41/><F41/><W81/><G81/><AGARI ba="0,0" hai="28,31,72,76,81,84,91,92,98,101,107,128,130,131" machi="81" ten="40,5200,0" yaku="24,2,19,1" doraHai="7" who="2" fromWho="3" sc="283,0,230,0,317,52,170,-52" /><INIT seed="6,0,0,0,3,43" ten="283,230,369,118" oya="2" hai0="39,69,44,61,93,9,88,30,14,76,62,131,65" hai1="28,108,125,95,29,90,122,82,77,59,4,100,16" hai2="134,83,74,45,13,104,36,118,120,24,48,123,101" hai3="85,84,111,75,66,106,19,73,107,12,72,41,105"/><V112/><F118/><W89/><G111/><T5/><D131/><U11/><E125/><V121/><F112/><W3/><G3/><T135/><D135/><U33/><E33/><V50/><F101/><W0/><G0/><T49/><D39/><U124/><E100/><V78/><F104/><W20/><G66/><T87/><D30/><U94/><E94/><V115/><F115/><W34/><G34/><T97/><D65/><U119/><E124/><V40/><F134/><W80/><G41/><N who="0" m="24719" /><D69/><U56/><E108/><V102/><F102/><W116/><G116/><T23/><D23/><U128/><E4/><V32/><REACH who="2" step="1"/><F13/><REACH who="2" ten="283,230,359,118" step="2"/><W57/><G106/><T54/><D54/><U91/><E119/><V17/><F17/><W127/><G107/><T70/><D70/><U22/><E29/><AGARI ba="0,1" hai="24,29,32,36,40,45,48,50,74,78,83,120,121,123" machi="29" ten="40,7700,0" yaku="1,1,52,1,53,1" doraHai="43" doraHaiUra="25" who="2" fromWho="1" sc="283,0,230,-77,359,87,118,0" /><INIT seed="6,1,0,2,0,16" ten="283,153,446,118" oya="2" hai0="11,34,2,68,4,33,55,6,98,13,84,107,108" hai1="17,124,99,64,54,86,26,101,97,82,114,0,45" hai2="103,74,52,47,94,42,72,66,62,27,93,134,118" hai3="10,63,32,71,95,41,58,125,87,120,31,70,123"/><V3/><F3/><W135/><G125/><T104/><D68/><U102/><E0/><V73/><F134/><W28/><G135/><T19/><D6/><U67/><E114/><V51/><F118/><W106/><G106/><T116/><D108/><U80/><E124/><V126/><F103/><W57/><G41/><T122/><D122/><U105/><E54/><V49/><F27/><W77/><G10/><T1/><D1/><U113/><E113/><V89/><F126/><W24/><G31/><T111/><D107/><U48/><E99/><V5/><F5/><W133/><G133/><T92/><D104/><U96/><E96/><V121/><F89/><W53/><G58/><T50/><D84/><U7/><E7/><V36/><F51/><W29/><G29/><T90/><D111/><U21/><E102/><V39/><F121/><W12/><G12/><T59/><REACH who="0" step="1"/><D116/><REACH who="0" ten="273,153,446,118" step="2"/><U117/><E117/><V81/><F74/><W35/><G71/><T22/><AGARI ba="1,1" hai="2,4,11,13,19,22,33,34,50,55,59,90,92,98" machi="22" ten="20,8000,1" yaku="1,1,2,1,0,1,7,1,52,1,53,0" doraHai="16" doraHaiUra="100" who="0" fromWho="0" sc="273,93,153,-21,446,-41,118,-21" /><INIT seed="7,0,0,0,3,70" ten="366,132,405,97" oya="3" hai0="2,113,121,28,94,6,91,72,44,3,74,100,88" hai1="116,16,56,133,10,120,31,127,65,18,63,86,7" hai2="111,97,93,108,53,130,8,126,68,76,118,38,37" hai3="132,62,32,1,25,134,80,84,23,41,125,82,20"/><W128/><G32/><T51/><D121/><U122/><E133/><N who="3" m="51306" /><G1/><T73/><D100/><U4/><E127/><V123/><F118/><W69/><G125/><T79/><D28/><U17/><E116/><V52/><F126/><W71/><G128/><T46/><D91/><U27/><E86/><V35/><F35/><W75/><G75/><T50/><D79/><U92/><E92/><V119/><F119/><W102/><G102/><T60/><D60/><U61/><E61/><V64/><F130/><W107/><G107/><T66/><D66/><U45/><E45/><V19/><F123/><W115/><G115/><T103/><D103/><U129/><E4/><V54/><F111/><W34/><G34/><T11/><D3/><U0/><REACH who="1" step="1"/><E129/><REACH who="1" ten="366,122,405,97" step="2"/><V55/><F108/><W48/><G62/><T90/><D113/><U110/><E110/><V124/><F124/><W43/><G82/><T81/><D81/><U57/><E57/><V42/><F93/><W87/><G87/><T135/><D135/><U131/><E131/><V49/><F68/><N who="3" m="26187" /><G48/><T112/><D112/><U47/><E47/><V22/><F49/><W117/><G117/><T99/><D99/><U26/><E26/><V98/><F98/><W39/><G39/><T14/><D94/><U24/><E24/><V59/><F38/><W96/><G96/><T29/><D50/><U109/><E109/><V9/><F37/><W101/><G101/><T78/><D46/><U104/><E104/><V83/><F97/><W89/><G25/><T114/><D114/><U85/><E85/><V95/><F95/><W13/><G13/><RYUUKYOKU ba="0,1" sc="366,-15,122,15,405,-15,97,15" hai1="0,7,10,16,17,18,27,31,56,63,65,120,122" hai3="20,23,41,43,80,84,89" /><INIT seed="7,1,1,3,2,83" ten="351,137,390,112" oya="3" hai0="12,34,36,28,101,130,69,123,76,67,75,77,20" hai1="71,22,0,91,104,1,4,53,109,116,85,95,31" hai2="120,45,87,8,126,112,111,55,65,94,79,51,99" hai3="60,24,97,63,74,106,21,50,16,80,18,41,9"/><W98/><G106/><T59/><D36/><U110/><E104/><V27/><F111/><W100/><G74/><T13/><D123/><U86/><E71/><V39/><F112/><W6/><G80/><T61/><D130/><U122/><E122/><V2/><F126/><W108/><G108/><T133/><D133/><U33/><E33/><V125/><F125/><W44/><G18/><T23/><D75/><U11/><E1/><V35/><F65/><W66/><G100/><T47/><D34/><U78/><E116/><V114/><F114/><W90/><G90/><T105/><D47/><U42/><E53/><V32/><F39/><W92/><G92/><T119/><D119/><U135/><E42/><V131/><F131/><W38/><G38/><T93/><D69/><U14/><E135/><V43/><F43/><W103/><G103/><T58/><D58/><U48/><E48/><V10/><F2/><W49/><G49/><T30/><D30/><U17/><E31/><V128/><F120/><W62/><REACH who="3" step="1"/><G66/><REACH who="3" ten="351,137,390,102" step="2"/><T57/><D105/><U3/><E3/><AGARI ba="1,2" hai="3,6,9,16,21,24,41,44,50,60,62,63,97,98" machi="3" ten="40,7700,0" yaku="1,1,2,1,54,1,53,0" doraHai="83" doraHaiUra="89" who="3" fromWho="1" sc="351,0,137,-80,390,0,102,100" /><INIT seed="7,2,0,5,0,16" ten="351,57,390,202" oya="3" hai0="94,6,78,17,96,87,93,57,79,124,127,108,2" hai1="67,21,13,95,14,39,66,61,110,20,63,44,50" hai2="74,65,58,34,41,132,131,73,77,4,9,134,75" hai3="7,27,97,26,59,30,29,38,70,47,42,129,128"/><W60/><G70/><T43/><D6/><U106/><E106/><V105/><F131/><N who="3" m="50251" /><G7/><T71/><D2/><U28/><E39/><V92/><F34/><W133/><G97/><T99/><D71/><U54/><E110/><V82/><F105/><W12/><G12/><T118/><D43/><U0/><E0/><N who="2" m="135" /><F41/><W103/><G103/><N who="0" m="60815" /><D57/><U10/><E95/><V8/><F8/><W76/><G76/><T89/><D17/><U126/><E126/><N who="0" m="48169" /><D118/><U36/><E36/><V135/><F92/><W45/><G133/><T72/><D72/><U23/><E28/><N who="3" m="10858" /><G45/><T53/><D53/><AGARI ba="2,0" hai="26,27,38,42,47,53,59,60" m="10858,50251" machi="53" ten="30,1500,0" yaku="19,1" doraHai="16" who="3" fromWho="0" sc="351,-21,57,0,390,0,202,21" /><INIT seed="7,3,0,4,2,80" ten="330,57,390,223" oya="3" hai0="69,109,65,1,49,117,3,12,74,28,59,92,34" hai1="30,90,101,38,76,2,86,37,106,83,113,119,14" hai2="22,56,15,6,85,120,78,87,88,123,55,47,84" hai3="64,31,54,122,66,45,0,126,67,4,24,26,94"/><W135/><G122/><N who="2" m="46633" /><F78/><W57/><G126/><T115/><D74/><U48/><E2/><V79/><F79/><W125/><G125/><T18/><D109/><U89/><E119/><V129/><F129/><W25/><G135/><T16/><D18/><U97/><E113/><V124/><F47/><W23/><G4/><T73/><D73/><U20/><E48/><N who="2" m="30823" /><F124/><W44/><G0/><T134/><D117/><U128/><E128/><V95/><F22/><N who="3" m="15767" /><G94/><T102/><D69/><U72/><E90/><V96/><F15/><W130/><G130/><T61/><D134/><U62/><E62/><V81/><F6/><W58/><G58/><T32/><D115/><U99/><E99/><V70/><F70/><W100/><G100/><T108/><D49/><U68/><E68/><V51/><F51/><N who="3" m="30943" /><G26/><T77/><D108/><U103/><E103/><V98/><F98/><W93/><G93/><T53/><D34/><U52/><E52/><V8/><F8/><W91/><G91/><T35/><D35/><U110/><E110/><V50/><F50/><W104/><G104/><T127/><D53/><U27/><REACH who="1" step="1"/><E14/><REACH who="1" ten="330,47,390,223" step="2"/><V116/><F116/><W5/><G64/><T118/><D3/><U41/><E41/><V33/><F96/><W10/><G66/><T75/><D1/><U133/><E133/><V36/><F88/><W131/><G67/><T46/><D118/><U114/><E114/><V40/><F40/><W107/><G131/><T7/><D102/><U111/><E111/><V29/><F95/><W43/><G43/><T71/><D127/><U82/><AGARI ba="3,1" hai="20,27,30,37,38,72,76,82,83,86,89,97,101,106" machi="82" ten="20,5200,0" yaku="1,1,0,1,7,1,52,1,53,0" doraHai="80" doraHaiUra="39" who="1" fromWho="1" sc="330,-16,47,71,390,-16,223,-29" owari="314,11.0,118,-38.0,374,48.0,194,-21.0" /></mjloggm>