<mjloggm ver="2.3"><GO type="41" lobby="0"/><UN n0="%E8%84%82%E8%82%AA%E3%81%A1%E3%82%83%E3%82%93" n1="%E8%AA%98%E3%81%86%E3%81%8D%E3%81%A4%E3%81%AD%E3%81%86%E3%81%A9%E3%82%93" n2="%6E%6F%62%75%73%61%74%6F" n3="%E2%93%9D%53%75%70%68%78" dan="14,14,15,18" rate="1929.99,1875.70,1976.83,2156.13" sx="F,M,M,M"/><TAIKYOKU oya="0"/><INIT seed="0,0,0,5,5,66" ten="250,250,250,250" oya="0" hai0="124,67,0,76,101,36,92,128,15,24,20,97,47" hai1="86,38,125,18,53,115,1,132,26,48,119,95,50" hai2="117,109,14,42,89,126,113,135,37,106,39,31,114" hai3="46,45,19,8,85,134,88,11,44,60,57,4,90"/><T74/><D124/><U64/><E119/><V93/><F31/><W28/><G134/><T35/><D128/><U123/><E132/><V84/><F14/><W133/><G133/><T129/><D129/><U13/><E123/><V116/><F135/><W54/><G28/><T40/><D0/><U52/><E38/><N who="2" m="14347" /><F106/><W111/><G111/><T10/><D35/><U29/><E1/><V110/><F126/><W72/><G72/><T22/><D67/><U7/><E125/><V79/><F79/><W83/><G4/><T73/><D76/><U23/><E7/><V25/><F25/><W107/><G107/><T108/><D108/><N who="2" m="41578" /><F42/><W75/><G75/><T102/><D102/><U5/><E5/><V69/><F69/><W103/><G103/><T131/><D131/><U68/><E115/><AGARI ba="0,0" hai="84,89,93,113,114,115,116,117" m="41578,14347" machi="115" ten="40,1300,0" yaku="14,1" doraHai="66" who="2" fromWho="1" sc="250,0,250,-13,250,13,250,0" /><INIT seed="1,0,0,3,5,37" ten="250,237,263,250" oya="1" hai0="129,84,113,56,28,131,10,117,65,97,43,64,76" hai1="22,21,83,17,19,132,50,118,34,93,95,116,5" hai2="128,80,125,67,63,91,78,92,98,18,49,134,30" hai3="3,52,15,112,31,107,54,51,122,77,94,110,62"/><U74/><E132/><V11/><F125/><W100/><G3/><T23/><D113/><U45/><E34/><V124/><F124/><W82/><G110/><T47/><D117/><U61/><E5/><V29/><F128/><N who="0" m="49226" /><D10/><U79/><E61/><V103/><F134/><W40/><G107/><T133/><D97/><U119/><E22/><V68/><F49/><W106/><G106/><T39/><D56/><U14/><REACH who="1" step="1"/><E19/><REACH who="1" ten="250,227,263,250" step="2"/><V1/><F18/><W20/><G62/><T108/><D133/><U36/><E36/><V4/><F103/><W120/><G100/><T75/><D108/><U104/><E104/><V35/><F35/><W123/><G123/><T115/><D115/><U135/><E135/><V42/><F29/><W6/><G122/><T27/><D75/><U66/><E66/><V44/><F30/><W99/><G120/><T96/><D96/><U105/><E105/><V60/><F67/><W109/><G112/><T89/><D76/><U32/><E32/><V86/><F68/><W90/><G109/><T102/><D102/><U88/><E88/><V7/><F7/><W13/><G6/><T59/><D59/><U41/><AGARI ba="0,1" hai="14,17,21,41,45,50,74,79,83,93,95,116,118,119" machi="41" ten="30,6000,0" yaku="1,1,0,1,52,1,53,0" doraHai="37" doraHaiUra="126" who="1" fromWho="1" sc="250,-20,227,70,263,-20,250,-20" /><INIT seed="1,1,0,4,1,126" ten="230,297,243,230" oya="1" hai0="102,113,61,39,134,132,107,14,1,88,104,95,119" hai1="105,81,43,116,60,47,15,58,42,100,36,31,64" hai2="72,97,8,46,41,103,123,66,57,40,109,56,4" hai3="45,69,63,49,44,125,127,90,55,35,30,108,10"/><U50/><E116/><V17/><F123/><W93/><G10/><T21/><D1/><U86/><E31/><V111/><F72/><W114/><G114/><T71/><D113/><U75/><E75/><V52/><F17/><W122/><G108/><N who="2" m="41545" /><F57/><W87/><G122/><T106/><D39/><U0/><E0/><N who="2" m="7" /><F46/><W131/><G45/><T24/><D119/><U112/><E112/><V27/><F27/><W96/><G127/><T20/><D14/><U83/><E83/><V99/><F66/><W121/><G125/><T18/><D102/><U110/><E110/><V133/><F97/><W5/><G96/><T68/><D21/><U34/><E34/><V62/><F133/><N who="0" m="51306" /><D61/><U120/><E120/><V26/><F26/><W135/><G63/><T130/><D130/><U53/><E15/><V7/><F7/><W6/><G6/><T92/><D92/><AGARI ba="1,0" hai="40,41,52,56,62,92,99,103" m="7,41545" machi="92" ten="30,2000,0" yaku="14,1,54,1" doraHai="126" who="2" fromWho="0" sc="230,-23,297,0,243,23,230,0" /><INIT seed="2,0,0,4,4,118" ten="207,297,266,230" oya="2" hai0="105,108,55,133,97,58,11,78,119,84,44,111,112" hai1="123,41,63,129,34,69,117,54,15,124,39,40,110" hai2="57,135,21,29,23,9,20,51,5,74,33,83,131" hai3="132,62,27,3,121,94,113,12,35,100,75,130,73"/><V64/><F74/><W32/><G3/><T52/><D112/><U45/><E34/><V80/><F135/><W114/><G12/><T2/><D133/><U68/><E15/><V53/><F131/><W92/><G132/><T120/><D119/><U1/><E1/><V106/><F106/><W88/><G62/><T98/><D120/><U134/><E134/><V50/><F33/><W125/><G27/><T67/><D67/><U38/><E123/><V56/><F29/><W109/><G100/><T76/><D44/><N who="1" m="23575" /><E129/><V36/><F36/><W60/><G60/><T96/><D105/><U104/><E104/><V127/><F127/><W28/><G130/><T82/><D78/><U128/><E128/><V37/><F37/><W10/><G10/><T107/><D107/><U42/><E117/><V126/><F64/><W71/><G121/><T24/><D24/><U8/><E8/><V49/><F126/><W99/><G125/><T25/><D25/><U85/><E85/><V22/><N who="2" m="5120" /><DORA hai="86" /><V46/><F46/><W77/><G75/><T61/><REACH who="0" step="1"/><D55/><REACH who="0" ten="197,297,266,230" step="2"/><U122/><E122/><V115/><F115/><W79/><G114/><T59/><D59/><N who="1" m="35319" /><E124/><V26/><F26/><W6/><G113/><T30/><D30/><U65/><E42/><V70/><F70/><W93/><G71/><T16/><D16/><U4/><E4/><AGARI ba="0,1" hai="2,4,11,52,58,61,76,82,84,96,97,98,108,111" machi="4" ten="40,2600,0" yaku="1,1,54,1,53,0" doraHai="118,86" doraHaiUra="101,91" who="0" fromWho="1" sc="197,36,297,-26,266,0,230,0" /><INIT seed="3,0,0,1,4,69" ten="233,271,266,230" oya="3" hai0="122,67,64,52,74,46,102,62,8,131,0,123,38" hai1="113,35,5,22,89,90,16,20,29,70,55,12,1" hai2="27,34,80,45,105,94,110,7,100,2,33,10,40" hai3="107,76,117,114,77,17,21,79,56,53,124,23,14"/><W59/><G117/><T36/><D74/><U134/><E113/><V30/><F110/><W101/><G114/><T109/><D102/><U42/><E70/><V9/><F94/><W39/><G124/><T116/><D8/><U85/><E134/><V119/><F119/><W106/><G101/><T92/><D92/><U68/><E68/><V112/><F112/><W95/><G39/><N who="0" m="14891" /><D0/><U72/><E72/><V125/><F125/><W111/><G111/><T71/><D116/><U28/><E35/><V41/><F45/><W120/><G120/><N who="0" m="46123" /><D109/><U132/><E132/><V126/><F80/><W87/><G107/><T133/><D133/><U31/><E42/><V98/><F34/><W78/><G106/><T63/><D131/><U26/><E1/><V73/><F73/><W108/><G108/><T130/><D130/><U82/><E5/><V44/><F44/><W96/><G96/><T83/><D83/><U32/><E32/><V60/><F60/><N who="0" m="23082" /><D71/><U91/><E55/><V75/><F75/><W24/><G53/><T84/><D84/><U115/><REACH who="1" step="1"/><E115/><REACH who="1" ten="233,261,266,230" step="2"/><V121/><F126/><W3/><G3/><T97/><D97/><U54/><E54/><V99/><F121/><W103/><G87/><T47/><D47/><U86/><E86/><V65/><F99/><N who="3" m="59903" /><G59/><T135/><D135/><U66/><E66/><V81/><F65/><W25/><G56/><T13/><D13/><U11/><E11/><V61/><F10/><N who="3" m="6359" /><G79/><AGARI ba="0,1" hai="12,16,20,22,26,28,29,31,79,82,85,89,90,91" machi="79" ten="40,5200,0" yaku="1,1,8,1,54,1,53,0" doraHai="69" doraHaiUra="4" who="1" fromWho="3" sc="233,0,261,62,266,0,230,-52" /><INIT seed="4,0,0,4,3,15" ten="233,323,266,178" oya="0" hai0="119,18,5,93,47,25,79,4,89,7,27,37,6" hai1="26,97,50,39,77,83,40,135,23,88,65,94,8" hai2="75,64,1,72,36,63,103,34,24,17,11,99,33" hai3="19,91,48,128,0,100,61,130,108,116,54,125,81"/><T84/><D119/><U98/><E135/><V107/><F34/><W124/><G0/><T42/><D79/><U90/><E39/><V49/><F49/><W21/><G100/><T56/><D56/><U57/><E8/><V117/><F117/><W101/><G101/><T32/><D32/><U68/><E68/><V59/><F36/><W126/><G61/><T51/><D37/><U9/><E9/><V10/><F10/><W53/><G108/><T115/><D115/><U69/><E69/><V46/><F46/><W106/><G106/><T92/><N who="0" m="1024" /><DORA hai="16" /><T121/><D121/><U14/><E14/><V44/><F1/><W55/><G116/><T112/><D112/><U71/><E71/><V129/><F24/><N who="3" m="14399" /><G48/><T13/><REACH who="0" step="1"/><D93/><REACH who="0" ten="223,323,266,178" step="2"/><U67/><E77/><V20/><F33/><W102/><G102/><T133/><D133/><U38/><E38/><V22/><F44/><W45/><G45/><T3/><D3/><U52/><E40/><V131/><F75/><W85/><AGARI ba="0,1" hai="53,54,55,81,85,91,124,125,126,128,130" m="14399" machi="85" ten="40,5200,0" yaku="18,1,52,2" doraHai="15,16" who="3" fromWho="3" sc="223,-26,323,-13,266,-13,178,62" /><INIT seed="5,0,0,5,5,9" ten="197,310,253,240" oya="1" hai0="20,3,120,113,51,17,47,108,107,28,38,16,29" hai1="24,124,119,70,0,72,122,97,22,77,130,110,13" hai2="23,53,93,31,131,89,46,25,88,36,76,12,62" hai3="75,135,69,66,43,44,21,8,134,42,45,85,125"/><U39/><RYUUKYOKU type="yao9" ba="0,0" sc="197,0,310,0,253,0,240,0" hai1="0,13,22,24,39,70,72,77,97,110,119,122,124,130" /><INIT seed="5,1,0,4,1,3" ten="197,310,253,240" oya="1" hai0="102,110,114,54,82,104,112,116,124,84,127,91,41" hai1="113,75,68,0,129,72,118,45,115,24,34,70,11" hai2="123,122,14,111,64,48,119,88,55,95,89,108,79" hai3="42,135,29,100,90,8,106,134,40,61,77,12,56"/><U132/><E118/><V32/><F32/><W16/><G77/><T87/><D54/><U37/><E129/><V130/><F64/><W58/><G29/><T57/><D57/><U1/><E132/><N who="3" m="50730" /><G58/><T117/><D41/><N who="1" m="22703" /><E24/><V107/><F14/><W38/><G38/><T35/><D35/><U73/><E34/><V9/><F9/><W76/><G76/><N who="0" m="46151" /><D110/><U86/><E86/><V23/><F23/><W60/><G90/><T74/><D74/><U27/><E27/><V21/><F21/><W103/><G61/><T93/><D104/><U22/><E22/><V126/><F55/><N who="3" m="33823" /><G106/><T125/><D102/><AGARI ba="1,0" hai="8,12,16,40,42,100,102,103" m="33823,50730" machi="102" ten="30,2000,0" yaku="20,1,54,1" doraHai="3" who="3" fromWho="0" sc="197,-23,310,0,253,0,240,23" /><INIT seed="6,0,0,3,4,90" ten="174,310,253,263" oya="2" hai0="36,39,65,15,13,9,49,80,98,100,54,25,73" hai1="58,75,118,8,21,96,109,62,23,22,52,66,44" hai2="30,7,46,102,97,20,89,64,56,71,10,38,60" hai3="99,111,115,4,35,135,128,16,107,127,131,27,53"/><V130/><F130/><N who="3" m="49707" /><G111/><T5/><D65/><U81/><E109/><V59/><F89/><W12/><G127/><T37/><D25/><U122/><E118/><V17/><F30/><N who="3" m="19935" /><G4/><T113/><D113/><U33/><E33/><V116/><F116/><W84/><G84/><T24/><D24/><U57/><E44/><V41/><F17/><W50/><G135/><T121/><D121/><U61/><E122/><V48/><F20/><N who="3" m="11271" /><G99/><T45/><D73/><U101/><E8/><V43/><F43/><W29/><G107/><T114/><D114/><U124/><E124/><V1/><REACH who="2" step="1"/><F38/><REACH who="2" ten="174,310,243,263" step="2"/><W2/><G115/><T55/><D15/><U34/><E34/><V119/><F119/><W69/><G29/><T76/><D39/><U32/><E32/><V120/><F120/><W40/><G40/><T126/><D37/><U92/><E23/><V112/><F112/><W103/><G2/><T51/><D36/><U93/><E22/><V3/><F3/><W94/><G103/><T67/><D126/><U88/><E21/><V19/><F19/><W133/><G133/><T83/><D76/><U123/><E123/><V63/><F63/><W74/><G50/><T108/><D108/><U104/><E104/><AGARI ba="0,1" hai="1,7,10,41,46,48,56,59,60,64,71,97,102,104" machi="104" ten="30,2900,0" yaku="1,1,7,1,53,0" doraHai="90" doraHaiUra="31" who="2" fromWho="1" sc="174,0,310,-29,243,39,263,0" /><INIT seed="6,1,0,3,2,26" ten="174,281,282,263" oya="2" hai0="97,60,106,87,18,55,88,78,117,92,85,14,56" hai1="86,2,48,123,25,70,72,46,20,94,22,16,6" hai2="50,39,91,121,23,24,44,109,45,132,119,120,7" hai3="0,13,105,32,67,63,59,90,122,128,37,66,21"/><V19/><F119/><W15/><G122/><T95/><D117/><U57/><E70/><V112/><F112/><W40/><G0/><T130/><D130/><U103/><E72/><V5/><F132/><W38/><G32/><T11/><D106/><U17/><E123/><V51/><F109/><W62/><G105/><T107/><D107/><U76/><E57/><V83/><F39/><W61/><G128/><T116/><D116/><U49/><E2/><V99/><F121/><W74/><G74/><T134/><D134/><U100/><E6/><V3/><F3/><W52/><G90/><T10/><D78/><U58/><E58/><V41/><F120/><W65/><G21/><T126/><D126/><U101/><E46/><V29/><F29/><W118/><G118/><T53/><D53/><U79/><E94/><V27/><F27/><W89/><G89/><T31/><D31/><U110/><E110/><V111/><F111/><W93/><G93/><T1/><REACH who="0" step="1"/><D95/><REACH who="0" ten="164,281,282,263" step="2"/><U127/><E127/><V47/><F99/><W98/><G98/><T69/><D69/><U43/><E79/><V108/><F108/><W114/><G114/><T125/><D125/><U113/><E113/><V133/><F133/><W102/><G52/><T135/><D135/><U68/><E68/><V131/><F131/><W104/><G104/><T64/><D64/><U33/><E76/><V35/><F41/><W80/><G40/><T75/><D75/><U42/><E42/><V96/><F96/><W82/><G67/><T9/><D9/><U71/><E43/><V34/><F83/><W77/><G82/><RYUUKYOKU ba="1,1" sc="164,30,281,-10,282,-10,263,-10" hai0="1,10,11,14,18,55,56,60,85,87,88,92,97" /><INIT seed="7,2,1,0,0,63" ten="194,271,272,253" oya="3" hai0="67,5,36,27,58,54,120,107,6,12,86,25,84" hai1="57,93,33,46,56,129,38,18,133,104,135,52,60" hai2="22,10,16,105,66,94,41,34,68,55,127,31,70" hai3="101,17,116,24,85,76,114,115,2,44,87,103,14"/><W100/><G2/><T62/><D120/><U123/><E123/><V113/><F105/><W73/><G24/><T122/><D122/><U132/><E104/><V99/><F113/><N who="3" m="43019" /><G116/><T74/><D107/><U112/><E112/><V117/><F117/><W111/><G111/><T106/><D106/><U65/><E33/><V82/><F41/><W75/><G44/><T26/><D74/><N who="3" m="28169" /><G76/><T61/><D36/><U118/><E129/><V134/><F10/><AGARI ba="2,1" hai="10,14,17,85,87,100,101,103" m="28169,43019" machi="10" ten="40,2000,0" yaku="15,1" doraHai="63" who="3" fromWho="2" sc="194,0,271,0,272,-26,253,36" /><INIT seed="7,3,0,2,0,93" ten="194,271,246,289" oya="3" hai0="75,28,98,31,41,113,47,53,117,58,45,65,17" hai1="66,51,36,62,120,22,109,105,86,68,60,107,118" hai2="6,101,54,18,25,104,56,59,119,95,9,39,81" hai3="4,8,84,5,115,14,40,70,91,57,131,135,43"/><W49/><G70/><T79/><D117/><U10/><E109/><V74/><F119/><W64/><G115/><T34/><D113/><U19/><E120/><V26/><F39/><W96/><G131/><T92/><D65/><U27/><E36/><V76/><F59/><W0/><G96/><T61/><D17/><U52/><E60/><V82/><F82/><N who="3" m="49559" /><G0/><T88/><D34/><U71/><E71/><V35/><F104/><W21/><G135/><T23/><D23/><U132/><E132/><V55/><F35/><W63/><G5/><T126/><D126/><U90/><E10/><V103/><F18/><N who="3" m="10455" /><G49/><T122/><D122/><U13/><E27/><V12/><F103/><W83/><G83/><T108/><D108/><U116/><E105/><V125/><F125/><W69/><G69/><T123/><D123/><U32/><E107/><V67/><F26/><W73/><G73/><T124/><D124/><U37/><E37/><V133/><F25/><W127/><G127/><T80/><REACH who="0" step="1"/><D47/><REACH who="0" ten="184,271,246,289" step="2"/><U33/><E116/><V129/><F133/><W29/><G29/><T130/><D130/><U46/><E118/><V2/><F129/><W7/><G7/><T121/><D121/><U89/><E33/><V106/><F2/><W16/><G4/><T87/><D87/><U1/><E32/><V110/><F110/><W134/><G134/><T48/><AGARI ba="3,1" hai="28,31,41,45,48,53,58,61,75,79,80,88,92,98" machi="48" ten="20,8000,1" yaku="1,1,0,1,7,1,52,1,54,1,53,0" doraHai="93" doraHaiUra="15" who="0" fromWho="0" sc="184,99,271,-23,246,-23,289,-43" /><INIT seed="8,0,0,1,0,18" ten="283,248,223,246" oya="0" hai0="87,104,3,42,96,37,130,1,92,83,95,115,116" hai1="80,54,101,124,6,8,32,58,110,123,14,106,98" hai2="103,50,43,44,23,60,102,62,21,53,128,75,19" hai3="70,114,47,68,93,71,29,9,94,67,59,22,15"/><T69/><D115/><U7/><E110/><V61/><F128/><W31/><G114/><T77/><D69/><U105/><E123/><V38/><F75/><W65/><G47/><T85/><D130/><U64/><E32/><V79/><F79/><W74/><G74/><T132/><D132/><U13/><E64/><V56/><REACH who="2" step="1"/><F19/><REACH who="2" ten="283,248,213,246" step="2"/><N who="3" m="10623" /><G71/><T131/><D131/><U45/><E124/><V99/><F99/><W17/><G70/><T66/><D66/><U73/><E73/><V127/><F127/><W20/><G68/><T111/><D96/><U49/><E98/><V41/><F41/><W119/><G119/><T126/><D42/><U86/><E86/><V89/><F89/><W55/><G67/><T33/><D116/><U51/><E101/><AGARI ba="0,1" hai="21,23,38,43,44,50,53,56,60,61,62,101,102,103" machi="101" ten="40,5200,0" yaku="1,1,52,2,53,0" doraHai="18" doraHaiUra="91" who="2" fromWho="1" sc="283,0,248,-52,213,62,246,0" /><INIT seed="9,0,0,0,5,118" ten="283,196,275,246" oya="1" hai0="94,79,38,53,112,58,62,17,89,41,68,39,65" hai1="19,22,129,81,5,49,121,13,110,135,29,64,74" hai2="93,126,134,113,82,133,20,91,100,60,76,26,40" hai3="61,99,124,122,101,92,10,7,51,43,42,23,6"/><U32/><E110/><V71/><F126/><W54/><G124/><T21/><D112/><U12/><E121/><V67/><F100/><W48/><G122/><T103/><D79/><U123/><E123/><V72/><F40/><N who="3" m="15403" /><G10/><T47/><D103/><U28/><E64/><V75/><F75/><W119/><G119/><T25/><D47/><U57/><E129/><V95/><F113/><W56/><G23/><T130/><D41/><U120/><E120/><V37/><F37/><W85/><G85/><T50/><D130/><U104/><E104/><V132/><REACH who="2" step="1"/><F91/><REACH who="2" ten="283,196,265,246" step="2"/><W30/><G30/><AGARI ba="0,1" hai="20,26,30,60,67,71,72,76,82,93,95,132,133,134" machi="30" ten="40,8000,1" yaku="1,1,2,1,20,1,53,1" doraHai="118" doraHaiUra="63" who="2" fromWho="3" sc="283,0,196,0,265,90,246,-80" owari="283,8.0,196,-20.0,355,45.0,166,-33.0" /></mjloggm>