<mjloggm ver="2.3"><GO type="41" lobby="0"/><UN n0="%74%61%6D%69%70%61%32" n1="%E2%93%9D%4E%41%47%41%32%35" n2="%E7%B4%85%E8%93%AE%E3%81%AE%E3%81%84%E3%81%AC%E3%81%84" n3="%E2%93%9D%53%75%70%68%78" dan="14,17,14,18" rate="1848.34,2154.79,2029.96,2106.97" sx="M,F,M,M"/><TAIKYOKU oya="0"/><INIT seed="0,0,0,4,5,50" ten="250,250,250,250" oya="0" hai0="27,114,9,106,129,14,104,25,100,47,63,38,128" hai1="58,70,49,3,66,8,10,30,53,5,15,131,67" hai2="126,134,97,34,44,111,42,19,109,20,35,2,80" hai3="36,90,32,51,81,18,133,88,120,132,39,22,52"/><T108/><D114/><U45/><E131/><N who="0" m="50249" /><D108/><N who="2" m="41546" /><F134/><N who="3" m="51819" /><G32/><T68/><D100/><U46/><E30/><V86/><F97/><W41/><G41/><N who="0" m="22967" /><D68/><U16/><REACH who="1" step="1"/><E70/><REACH who="1" ten="250,240,250,250" step="2"/><V85/><F126/><W13/><G120/><T95/><D95/><U98/><E98/><V6/><F35/><W77/><G39/><T7/><D63/><U56/><E56/><V92/><F34/><W37/><G37/><T103/><D103/><U89/><E89/><N who="2" m="53295" /><F2/><W87/><G36/><T94/><D94/><U73/><E73/><V55/><F44/><AGARI ba="0,1" hai="13,18,22,44,51,52,77,81,87,88,90" m="51819" machi="44" ten="30,7700,0" yaku="20,1,52,1,54,2" doraHai="50" who="3" fromWho="2" sc="250,0,240,0,250,-77,250,87" /><AGARI ba="0,0" hai="3,5,8,10,15,16,44,45,46,49,53,58,66,67" machi="44" ten="40,5200,0" yaku="1,1,52,1,54,1,53,0" doraHai="50" doraHaiUra="96" who="1" fromWho="2" sc="250,0,240,52,173,-52,337,0" /><INIT seed="1,0,0,2,1,18" ten="250,292,121,337" oya="1" hai0="128,82,131,59,132,96,43,2,47,119,23,54,88" hai1="55,83,25,104,81,75,94,32,120,4,42,135,0" hai2="101,89,61,90,9,129,16,45,51,65,20,127,40" hai3="113,63,28,93,102,38,34,103,21,71,3,125,99"/><U6/><E104/><V48/><F129/><N who="0" m="49738" /><D119/><U56/><E120/><V31/><F127/><W7/><G38/><T30/><D2/><U124/><E124/><V123/><F123/><W95/><G34/><T110/><D110/><U1/><E42/><V116/><F116/><W108/><G113/><T72/><D72/><U106/><E106/><V84/><F101/><W70/><G7/><T122/><D122/><U115/><E115/><V114/><F114/><W66/><G3/><T46/><D132/><U68/><E68/><V67/><F31/><W78/><G78/><T69/><D69/><U91/><E135/><V86/><F51/><W100/><G108/><T50/><D43/><U134/><E134/><V130/><F9/><W111/><G71/><T35/><D35/><U29/><E1/><V80/><F61/><W98/><G111/><T107/><D107/><U112/><E112/><V105/><F105/><W52/><G125/><T109/><D109/><U44/><E44/><V64/><F130/><W14/><G103/><T79/><D79/><U53/><E75/><V36/><F36/><W12/><G52/><N who="1" m="20042" /><E56/><V85/><REACH who="2" step="1"/><F80/><REACH who="2" ten="250,292,111,337" step="2"/><W5/><G102/><T97/><D82/><U60/><E60/><V13/><AGARI ba="0,1" hai="13,16,20,40,45,48,64,65,67,84,85,86,89,90" machi="13" ten="30,12000,2" yaku="1,1,2,1,0,1,8,1,52,1,54,1,53,1" doraHai="18" doraHaiUra="15" who="2" fromWho="2" sc="250,-30,292,-60,111,130,337,-30" /><INIT seed="2,0,0,3,5,70" ten="220,232,241,307" oya="2" hai0="88,14,26,50,2,17,1,45,56,132,95,107,123" hai1="31,58,25,11,114,5,49,130,102,111,135,55,75" hai2="62,27,53,77,90,94,8,104,16,52,4,119,87" hai3="9,121,92,134,125,30,127,63,76,129,37,122,83"/><V36/><F119/><W113/><G30/><T7/><D123/><U97/><E111/><V65/><F104/><W133/><G9/><T61/><D132/><N who="3" m="50793" /><G63/><T29/><D107/><U82/><E130/><V24/><F77/><W117/><G37/><T48/><D7/><U15/><E114/><V108/><F108/><W79/><G117/><T72/><D72/><U98/><E135/><V43/><F43/><W6/><G6/><T19/><D2/><U42/><E42/><V3/><F36/><W0/><G0/><T105/><D105/><U40/><E40/><V44/><F44/><W22/><G22/><N who="0" m="15575" /><D1/><U59/><E102/><V41/><F41/><W93/><G79/><T69/><D69/><U34/><E59/><N who="2" m="37087" /><F3/><W96/><G113/><T131/><D131/><U39/><E39/><V126/><F4/><W84/><G129/><T68/><D68/><U86/><REACH who="1" step="1"/><E75/><REACH who="1" ten="220,222,241,307" step="2"/><V118/><F118/><W73/><G73/><T54/><D45/><U103/><E103/><V67/><F126/><N who="3" m="48139" /><G93/><T64/><D64/><U112/><E112/><V91/><F67/><W38/><G38/><T101/><D56/><U80/><E80/><N who="2" m="49511" /><F53/><W21/><G122/><T51/><D54/><U78/><AGARI ba="0,1" hai="5,11,15,25,31,34,49,55,58,78,82,86,97,98" machi="78" ten="20,5200,0" yaku="1,1,0,1,7,1,53,1" doraHai="70" doraHaiUra="74" who="1" fromWho="1" sc="220,-13,222,62,241,-26,307,-13" /><INIT seed="3,0,0,1,5,8" ten="207,284,215,294" oya="3" hai0="36,84,104,112,115,129,45,19,15,31,133,67,61" hai1="11,98,92,76,52,20,134,27,102,2,64,4,124" hai2="18,57,87,73,75,39,80,58,81,54,41,51,60" hai3="50,16,113,62,78,97,79,89,88,42,93,90,114"/><W56/><G114/><N who="0" m="43563" /><D104/><U77/><E134/><V103/><F103/><N who="3" m="60847" /><G113/><T23/><D133/><U69/><E124/><V22/><F39/><W71/><G71/><T68/><D129/><U106/><E106/><V25/><F80/><W111/><G111/><T118/><D118/><U37/><E37/><V28/><F75/><W132/><G132/><T29/><D84/><U123/><E123/><V7/><F73/><W65/><G16/><T125/><D125/><U74/><E74/><V47/><F7/><W86/><G86/><T63/><D63/><U38/><E38/><V3/><F3/><W26/><G26/><T14/><D14/><U21/><E69/><V108/><F108/><W83/><G83/><T126/><D126/><U82/><E82/><V12/><F58/><W127/><G127/><T48/><D36/><U94/><E94/><V44/><F44/><AGARI ba="0,0" hai="42,44,50,56,62,65,78,79,88,89,90" m="60847" machi="44" ten="30,2900,0" yaku="8,1,54,1" doraHai="8" who="3" fromWho="2" sc="207,0,284,0,215,-29,294,29" /><INIT seed="3,1,0,0,5,13" ten="207,284,186,323" oya="3" hai0="134,129,60,126,79,94,32,89,28,16,48,135,49" hai1="62,68,3,99,18,45,86,44,85,19,116,123,92" hai2="74,5,98,73,130,93,78,30,33,35,46,70,37" hai3="34,6,90,66,2,7,80,84,53,110,107,14,1"/><W15/><G107/><T114/><D79/><U108/><E123/><V47/><F70/><W27/><G66/><T8/><D126/><U96/><E3/><V91/><F130/><W125/><G125/><T101/><D129/><U105/><E108/><V36/><F5/><W65/><G65/><T117/><D117/><U103/><E116/><V57/><F57/><W21/><G34/><T61/><D101/><U115/><E115/><V102/><F78/><W10/><G110/><T95/><D28/><U40/><E62/><V38/><F102/><W25/><G25/><T52/><D32/><U111/><E68/><V100/><F33/><W59/><G2/><T112/><D61/><U76/><E111/><V67/><F67/><W128/><G7/><T4/><D4/><U17/><E76/><V26/><REACH who="2" step="1"/><F100/><REACH who="2" ten="207,284,176,323" step="2"/><W124/><G128/><T87/><D114/><U43/><E105/><V109/><F109/><W118/><G124/><T133/><D112/><U11/><E11/><V121/><F121/><W119/><G119/><T104/><D135/><U23/><E23/><V120/><F120/><W29/><G118/><T9/><D134/><U132/><E132/><V22/><F22/><W39/><G39/><T56/><D56/><U63/><E63/><AGARI ba="1,1" hai="1,6,10,14,15,21,27,29,53,59,63,80,84,90" machi="63" ten="30,1500,0" yaku="7,1" doraHai="13" who="3" fromWho="1" sc="207,0,284,-18,176,0,323,28" /><INIT seed="3,2,0,5,2,1" ten="207,266,176,351" oya="3" hai0="32,65,39,26,111,101,51,73,102,93,48,87,76" hai1="17,104,131,60,94,108,113,126,24,99,135,2,127" hai2="28,88,46,106,134,95,85,30,119,114,66,67,97" hai3="56,110,10,77,120,19,109,123,63,14,132,37,61"/><W25/><G37/><T43/><D111/><N who="3" m="42505" /><G132/><T107/><D39/><U8/><E108/><V58/><F114/><W7/><G77/><T81/><D102/><U50/><E113/><V86/><F119/><W42/><G42/><T72/><D72/><U27/><E104/><V20/><F134/><W122/><G56/><T53/><D43/><U23/><E135/><V62/><F67/><W49/><G49/><T34/><D51/><U9/><E131/><V96/><F46/><W82/><G82/><T83/><D65/><U59/><E27/><V121/><F121/><W44/><G44/><T79/><D26/><U16/><E50/><V133/><F133/><W6/><G25/><T100/><D107/><U70/><E70/><V115/><F115/><W33/><G33/><T40/><D101/><U118/><E118/><V22/><F85/><W52/><G52/><T47/><D40/><U98/><E59/><V68/><F68/><W129/><G129/><T80/><REACH who="0" step="1"/><D81/><REACH who="0" ten="197,266,176,351" step="2"/><U124/><E24/><V64/><F64/><W74/><G74/><T29/><D29/><N who="2" m="11370" /><F106/><W90/><G90/><T92/><D92/><U91/><E94/><N who="2" m="56391" /><F86/><W116/><G116/><T15/><D15/><U125/><E125/><V12/><F12/><W57/><G57/><T36/><D36/><U4/><E127/><V13/><F13/><W31/><G31/><T55/><D55/><U0/><E126/><V45/><F45/><W117/><G117/><T112/><D112/><U130/><E124/><V78/><F66/><W41/><G41/><T103/><D103/><U54/><E54/><V38/><F38/><RYUUKYOKU ba="2,1" sc="197,15,266,-15,176,-15,351,15" hai0="32,34,47,48,53,73,76,79,80,83,87,93,100" hai3="6,7,10,14,19,61,63,120,122,123" /><INIT seed="3,3,1,3,1,29" ten="212,251,161,366" oya="3" hai0="97,104,46,124,65,6,134,44,49,48,13,21,105" hai1="95,32,96,123,131,12,62,118,40,52,57,4,60" hai2="30,20,66,110,17,23,102,26,81,90,84,101,41" hai3="5,50,87,58,25,93,86,22,43,73,18,61,113"/><W132/><G73/><T56/><D134/><U129/><E123/><V1/><F110/><W59/><G113/><T63/><D124/><U68/><E118/><V106/><F1/><W109/><G109/><T10/><D21/><U127/><E127/><V2/><F2/><W115/><G115/><T100/><D105/><U114/><E114/><V47/><F106/><W51/><G5/><T79/><D79/><U117/><E117/><V89/><F66/><W76/><G59/><T91/><REACH who="0" step="1"/><D91/><REACH who="0" ten="202,251,161,366" step="2"/><U85/><E131/><V119/><F119/><W64/><G132/><T77/><D77/><U112/><E129/><V108/><F108/><W111/><G111/><T0/><D0/><U34/><E112/><V42/><F89/><N who="3" m="53431" /><G43/><T38/><D38/><U128/><E40/><V9/><F42/><W14/><G25/><T15/><D15/><U7/><E128/><V126/><F126/><W125/><G125/><T67/><D67/><U74/><E12/><N who="2" m="7311" /><F20/><W70/><G70/><T107/><D107/><U3/><E3/><V72/><F72/><W88/><G76/><T24/><D24/><U45/><E74/><V33/><F33/><W82/><AGARI ba="3,2" hai="14,18,22,50,51,58,61,64,82,87,88" m="53431" machi="82" ten="30,3000,0" yaku="8,1,54,1" doraHai="29" who="3" fromWho="3" sc="202,-13,251,-13,161,-13,366,59" /><INIT seed="3,4,0,0,4,87" ten="189,238,148,425" oya="3" hai0="8,74,133,6,14,82,60,89,30,7,36,80,90" hai1="108,31,11,54,92,100,21,43,25,96,81,22,135" hai2="17,122,32,64,119,111,51,116,134,83,99,29,77" hai3="66,76,88,5,35,18,47,3,106,72,53,117,23"/><W85/><G117/><T78/><D36/><U44/><E108/><V120/><F134/><W128/><G106/><T48/><D133/><U79/><E135/><V65/><F29/><W91/><G72/><T19/><D80/><U49/><E11/><V118/><F32/><W56/><G128/><T38/><D38/><U62/><E22/><V84/><F17/><W69/><G69/><T24/><D48/><U109/><E109/><V132/><F132/><W39/><G66/><T124/><D124/><U0/><E0/><V34/><F34/><W9/><G35/><T42/><D42/><U28/><E28/><V93/><F51/><W1/><G1/><T127/><D127/><U94/><E94/><V45/><F45/><W12/><G76/><T123/><D123/><N who="2" m="47146" /><F111/><W59/><G85/><T114/><D114/><U4/><E4/><V121/><N who="2" m="47154" /><V15/><DORA hai="107" /><F15/><W73/><G73/><T115/><D115/><U67/><E43/><V57/><F57/><W16/><G59/><T86/><D74/><U131/><E131/><V37/><F37/><W97/><G18/><T55/><D7/><U27/><E27/><V103/><AGARI ba="4,0" hai="64,65,77,83,84,93,99,103,116,118,119" m="47154" machi="103" ten="50,1600,0" yaku="13,1" doraHai="87,107" who="2" fromWho="2" sc="189,-8,238,-8,148,28,425,-12" /><INIT seed="4,0,0,5,0,69" ten="181,230,176,413" oya="0" hai0="57,114,58,135,27,102,47,0,112,85,6,65,12" hai1="83,53,126,118,63,92,22,77,124,93,84,96,56" hai2="123,111,100,91,125,59,78,1,13,8,49,98,37" hai3="67,36,121,46,94,95,21,17,97,120,16,10,70"/><T71/><D135/><U82/><E118/><V34/><F111/><W107/><G10/><N who="0" m="4183" /><D0/><U26/><E83/><V2/><F123/><N who="3" m="47179" /><G107/><T15/><D15/><U103/><REACH who="1" step="1"/><E93/><REACH who="1" ten="181,220,176,413" step="2"/><N who="2" m="58447" /><F125/><W40/><G95/><T117/><D117/><U3/><E3/><V75/><F1/><W110/><G110/><T119/><D119/><U20/><E20/><V115/><F2/><W19/><G21/><T129/><D129/><U61/><E61/><V76/><F34/><W64/><G70/><T24/><D102/><AGARI ba="0,1" hai="16,17,19,36,40,46,64,67,94,97,102" m="47179" machi="102" ten="30,3900,0" yaku="13,1,52,1,54,1" doraHai="69" who="3" fromWho="0" sc="181,-39,220,0,176,0,413,49" /><INIT seed="5,0,0,4,5,43" ten="142,220,176,462" oya="1" hai0="71,119,53,57,20,68,2,129,113,97,56,116,41" hai1="0,122,44,65,27,9,130,24,82,78,33,73,16" hai2="100,50,110,121,58,135,5,34,81,102,104,128,31" hai3="46,49,74,112,39,26,115,12,126,89,61,125,54"/><U75/><E122/><V72/><F121/><W55/><G74/><T11/><D20/><U3/><E130/><V132/><F110/><W22/><G12/><T101/><D129/><U47/><E65/><V64/><F128/><W40/><G89/><T30/><D30/><U76/><E33/><V35/><F5/><W109/><G109/><T42/><D2/><U93/><E93/><V99/><F100/><W59/><G26/><T15/><D113/><N who="3" m="43593" /><G22/><T98/><D53/><U80/><REACH who="1" step="1"/><E9/><REACH who="1" ten="142,210,176,462" step="2"/><V88/><F34/><W77/><G77/><T79/><D79/><U123/><E123/><V131/><F131/><W37/><G37/><T10/><D101/><U111/><E111/><V52/><F64/><W85/><G85/><T84/><D84/><U13/><E13/><AGARI ba="0,1" hai="10,11,13,15,41,42,56,57,68,71,97,98,116,119" machi="13" ten="25,1600,0" yaku="22,2" doraHai="43" who="0" fromWho="1" sc="142,26,210,-16,176,0,462,0" /><INIT seed="6,0,0,1,0,89" ten="168,194,176,462" oya="2" hai0="128,17,103,58,47,22,86,8,24,122,45,88,125" hai1="56,41,102,65,52,71,69,94,113,14,133,29,61" hai2="118,127,77,110,92,108,67,120,72,46,18,37,20" hai3="25,54,74,109,39,63,53,36,21,99,31,42,82"/><V51/><F118/><W16/><G109/><N who="2" m="42089" /><F120/><W66/><G42/><T50/><D122/><U135/><E113/><V131/><F131/><W84/><G74/><T107/><D128/><U115/><E115/><V83/><F127/><W124/><G99/><T104/><D125/><U10/><E29/><V3/><F67/><W5/><G5/><T9/><D103/><U49/><E41/><N who="2" m="25039" /><F3/><W78/><G124/><T26/><D26/><U116/><E116/><V35/><F37/><W68/><G39/><T13/><D9/><U105/><E105/><V114/><F35/><W64/><G36/><T76/><D76/><U44/><E102/><V7/><F7/><W55/><G66/><T79/><D79/><U34/><E34/><V40/><F40/><W0/><G0/><T111/><D111/><U91/><E135/><V81/><F114/><W48/><G31/><T112/><D112/><U87/><E133/><V85/><F81/><W33/><G33/><T80/><D58/><AGARI ba="0,0" hai="16,21,25,48,53,54,55,58,63,64,68,78,82,84" machi="58" ten="30,2000,0" yaku="7,1,54,1" doraHai="89" who="3" fromWho="0" sc="168,-20,194,0,176,0,462,20" /><INIT seed="7,0,0,2,5,134" ten="148,194,176,482" oya="3" hai0="110,49,33,119,15,62,37,112,34,81,98,8,88" hai1="53,6,99,120,130,5,125,25,77,14,107,2,66" hai2="45,38,40,85,123,26,61,55,70,10,31,94,30" hai3="96,121,9,72,105,76,28,127,58,103,116,52,16"/><W19/><G127/><T129/><D110/><U35/><E125/><V46/><F123/><W73/><G28/><T12/><D119/><U124/><E124/><V133/><F133/><W0/><G76/><T78/><D37/><U109/><E2/><V48/><F10/><W56/><G56/><T41/><D129/><U23/><E35/><V29/><F70/><W91/><G73/><T17/><D62/><U122/><E66/><V44/><F44/><W90/><G90/><T126/><D126/><U79/><E109/><V74/><F74/><W51/><G91/><T117/><D117/><U131/><E53/><V106/><F106/><W63/><G51/><T115/><D15/><U68/><E68/><V69/><F69/><W3/><G96/><T102/><D49/><U11/><E6/><V135/><F135/><W83/><G103/><T92/><D41/><U54/><E54/><V47/><F47/><W84/><G84/><N who="0" m="48183" /><D102/><N who="1" m="62943" /><E122/><V101/><F61/><W21/><G3/><T4/><D4/><U100/><E100/><V82/><F94/><W75/><G0/><T22/><D8/><U111/><E120/><V39/><F101/><W57/><G75/><T95/><D95/><U89/><E111/><V60/><F60/><W32/><G72/><T118/><D118/><U1/><E1/><V20/><F38/><W65/><G116/><T104/><D104/><U36/><E36/><V87/><F87/><W7/><G105/><T13/><D13/><U64/><E131/><V43/><F40/><W128/><G128/><T114/><AGARI ba="0,0" hai="12,17,22,33,34,88,92,98,112,114,115" m="48183" machi="114" ten="30,4000,0" yaku="15,1,11,1,54,1" doraHai="134" who="0" fromWho="0" sc="148,40,194,-10,176,-10,482,-20" owari="188,-1.0,184,-22.0,166,-33.0,462,56.0" /></mjloggm>