<mjloggm ver="2.3"><GO type="41" lobby="0"/><UN n0="%E3%81%B5%E3%81%9F%E3%81%B0%E3%81%A1%E3%82%83%E3%82%93" n1="%69%51%4F%53%E3%82%84%E3%82%81%E3%81%9F%E3%81%84" n2="%6D%6F%6E%74%61%67" n3="%E2%93%9D%53%75%70%68%78" dan="14,15,14,18" rate="1918.42,2006.30,1972.89,2076.87" sx="F,M,M,M"/><TAIKYOKU oya="0"/><INIT seed="0,0,0,1,4,120" ten="250,250,250,250" oya="0" hai0="50,123,77,44,99,18,133,100,36,90,106,51,14" hai1="72,28,19,20,134,67,10,75,6,93,16,115,129" hai2="58,89,59,57,63,25,83,13,12,79,96,9,73" hai3="85,40,110,84,54,103,86,94,69,60,30,23,43"/><T31/><D123/><U68/><E134/><V55/><F13/><W46/><G69/><T109/><D133/><U118/><E118/><V114/><F114/><W119/><G119/><T91/><D77/><U49/><E115/><V32/><F32/><W11/><G11/><T80/><D31/><U87/><E129/><V5/><F25/><W132/><G110/><T76/><D36/><U42/><E28/><V97/><F89/><W116/><G116/><T71/><D71/><U70/><E19/><V104/><F104/><W88/><G103/><T29/><D29/><U82/><E93/><V111/><F111/><W53/><G132/><T61/><D61/><U135/><E135/><V81/><F81/><W33/><G33/><T17/><D17/><U26/><E42/><N who="3" m="15914" /><G46/><T35/><D35/><U74/><E49/><V101/><F101/><W108/><G60/><T125/><D109/><U117/><E117/><V124/><F124/><W2/><G2/><T62/><D62/><U127/><E127/><V52/><F59/><W34/><G34/><T112/><D112/><U64/><E70/><V3/><F3/><W22/><G108/><T121/><D125/><U24/><E68/><V102/><F102/><W7/><G7/><T122/><D121/><U98/><E26/><V48/><AGARI ba="0,0" hai="5,9,12,48,52,55,57,58,63,73,79,83,96,97" machi="48" ten="20,2700,0" yaku="0,1,7,1,54,1" doraHai="120" who="2" fromWho="2" sc="250,-13,250,-7,250,27,250,-7" /><INIT seed="1,0,0,0,0,63" ten="237,243,277,243" oya="1" hai0="89,10,57,111,46,58,4,49,27,97,90,47,21" hai1="12,19,75,39,16,7,44,124,33,64,62,117,8" hai2="88,86,59,91,41,6,108,80,43,31,22,2,83" hai3="127,37,121,115,126,17,92,85,73,118,129,93,87"/><U18/><E117/><V122/><F122/><W56/><G37/><T0/><D111/><U53/><E75/><V70/><F70/><W74/><G56/><T102/><D47/><U55/><E124/><V65/><F108/><W42/><G42/><N who="2" m="15881" /><F2/><W107/><G17/><T1/><D1/><U25/><E39/><V38/><F6/><W95/><G129/><T69/><D69/><U105/><E105/><V34/><F34/><W125/><G121/><T116/><D116/><U82/><E82/><N who="2" m="49239" /><F38/><W23/><G118/><T134/><D46/><U123/><E123/><V48/><F91/><W52/><G115/><T104/><D134/><U135/><E135/><V61/><F48/><W131/><G131/><T84/><D89/><U71/><REACH who="1" step="1"/><E44/><REACH who="1" ten="237,233,277,243" step="2"/><V67/><F67/><W132/><G132/><T20/><D104/><U133/><E133/><V101/><F101/><W72/><G107/><T9/><D102/><U100/><E100/><V81/><F81/><W103/><G103/><T114/><D114/><U15/><E15/><V106/><F106/><W110/><G110/><T30/><D0/><U77/><E77/><V50/><F50/><W28/><G52/><T78/><D49/><U96/><E96/><V68/><F68/><W14/><G14/><T36/><D97/><U5/><E5/><V113/><F113/><W3/><G3/><T54/><D4/><U98/><E98/><V94/><F94/><W29/><G127/><T128/><D36/><U45/><E45/><V66/><F66/><W35/><G126/><T130/><D128/><U26/><E26/><AGARI ba="0,1" hai="22,26,31,59,61,65,80,83" m="49239,15881" machi="26" ten="30,3900,0" yaku="8,1,52,1,54,1" doraHai="63" who="2" fromWho="1" sc="237,0,233,-39,277,49,243,0" /><INIT seed="2,0,0,4,5,26" ten="237,194,326,243" oya="2" hai0="60,61,56,111,64,66,2,36,78,23,37,131,91" hai1="122,47,62,127,46,118,75,65,31,68,71,55,59" hai2="120,83,113,76,128,99,69,114,50,134,129,89,123" hai3="29,7,80,40,9,97,1,77,72,121,84,70,101"/><V54/><F69/><W30/><G121/><N who="2" m="46665" /><F50/><W104/><G70/><T48/><D2/><U110/><E75/><N who="2" m="43423" /><F54/><W57/><G57/><T41/><D111/><U42/><E122/><V18/><F18/><W73/><REACH who="3" step="1"/><G40/><REACH who="3" ten="237,194,326,233" step="2"/><T96/><D56/><U4/><E59/><V17/><F17/><W52/><G52/><T115/><D41/><U20/><E42/><V105/><F89/><W82/><G82/><T8/><D91/><U53/><E55/><V49/><F49/><W38/><G38/><T13/><D48/><U108/><E53/><V43/><F43/><W33/><G33/><T124/><D37/><U106/><E68/><V24/><F24/><W95/><G95/><T88/><D88/><U10/><E71/><V15/><F15/><W34/><G34/><T85/><D13/><U39/><E39/><V119/><F119/><W102/><G102/><T92/><D92/><U117/><E117/><V67/><F67/><W130/><G130/><N who="2" m="50281" /><F134/><W27/><G27/><T21/><D131/><U90/><E65/><V103/><AGARI ba="0,1" hai="99,103,105,113,114" m="50281,43423,46665" machi="103" ten="40,12000,1" yaku="19,1,23,1,34,2" doraHai="26" who="2" fromWho="2" sc="237,-40,194,-40,326,130,233,-40" /><INIT seed="2,1,0,4,1,94" ten="197,154,456,193" oya="2" hai0="132,41,43,79,63,76,19,73,32,61,6,31,83" hai1="111,23,21,0,69,56,27,85,53,116,103,97,134" hai2="89,118,46,58,45,14,75,4,70,2,49,9,95" hai3="93,120,40,106,98,71,18,126,108,68,62,3,11"/><V48/><F70/><W80/><G120/><T54/><D6/><U109/><E116/><V36/><F75/><W88/><G108/><N who="1" m="41546" /><E69/><V101/><F118/><W86/><G126/><T124/><D124/><U92/><E0/><V104/><F36/><W52/><G40/><T60/><D132/><U129/><E134/><V7/><F104/><W105/><G71/><T125/><D125/><U34/><E129/><V117/><F101/><W51/><G62/><T131/><D131/><U35/><E85/><V37/><F37/><W1/><G68/><T115/><D115/><U81/><E81/><V66/><F117/><W15/><G106/><T84/><D19/><N who="1" m="12735" /><E23/><V16/><F2/><W135/><G105/><T17/><D17/><U33/><E35/><V5/><F46/><N who="3" m="27767" /><G135/><T91/><D54/><U119/><E119/><V78/><F78/><W100/><AGARI ba="1,0" hai="1,3,11,15,18,80,86,88,93,98,100" m="27767" machi="100" ten="30,7900,0" yaku="25,1,52,1,54,2" doraHai="94" who="3" fromWho="3" sc="197,-21,154,-21,456,-40,193,82" /><INIT seed="3,0,0,5,2,79" ten="176,133,416,275" oya="3" hai0="132,107,3,34,87,92,104,120,35,49,1,91,24" hai1="122,30,128,11,108,86,115,4,13,55,112,76,109" hai2="82,50,124,29,105,88,125,80,52,37,61,133,93" hai3="14,89,47,43,114,72,6,38,9,51,117,67,68"/><W22/><G114/><T28/><D120/><U44/><E122/><V99/><F37/><W106/><G117/><T65/><D132/><U95/><E128/><V113/><F113/><W97/><G72/><T69/><D35/><U2/><E2/><V84/><F133/><W85/><G68/><T118/><D118/><U5/><E30/><V32/><F61/><W71/><G71/><T8/><D49/><N who="1" m="29095" /><E5/><V60/><F60/><W18/><G106/><T57/><D69/><U42/><E42/><V94/><F105/><W64/><G97/><T63/><D104/><U21/><E21/><V77/><F77/><W101/><G101/><T90/><D107/><U39/><E39/><V74/><F74/><W33/><G33/><T56/><D56/><U78/><E78/><V66/><F66/><W119/><G119/><T75/><D75/><U81/><E95/><V98/><F98/><W0/><REACH who="3" step="1"/><G38/><REACH who="3" ten="176,133,416,265" step="2"/><T45/><D34/><U20/><E115/><V7/><F32/><W100/><G100/><T70/><D70/><U62/><E112/><V53/><F99/><W25/><G25/><T126/><D24/><U73/><E73/><V127/><F127/><W110/><G110/><T26/><D26/><U131/><E131/><V103/><F103/><W54/><G54/><T48/><D126/><U46/><E109/><V83/><F53/><W31/><G31/><T121/><D28/><U12/><E108/><V23/><F29/><W15/><G15/><T17/><D121/><U27/><E13/><V134/><F125/><W123/><G123/><T41/><D91/><U58/><E12/><AGARI ba="0,1" hai="1,3,8,12,17,41,45,48,57,63,65,87,90,92" machi="12" ten="40,1300,0" yaku="6,1" doraHai="79" who="0" fromWho="1" sc="176,23,133,-13,416,0,265,0" /><INIT seed="4,0,0,4,0,23" ten="199,120,416,265" oya="0" hai0="94,68,87,134,17,92,33,34,80,52,25,6,118" hai1="18,40,37,117,116,112,51,56,88,13,73,55,27" hai2="135,86,43,108,2,0,121,120,103,74,125,58,59" hai3="129,81,50,111,85,71,106,22,131,47,26,28,35"/><T109/><D118/><U123/><E123/><V67/><F74/><W60/><G106/><T102/><D68/><U96/><E73/><V53/><F108/><W72/><G72/><T62/><D134/><U14/><E112/><V49/><F135/><W93/><G93/><T8/><D109/><U130/><E130/><N who="3" m="49674" /><G111/><T113/><D113/><U65/><E37/><V105/><F43/><N who="3" m="24959" /><G60/><T119/><D119/><U90/><E117/><V54/><F67/><W15/><G15/><N who="1" m="5642" /><E116/><V101/><F105/><W84/><G71/><T100/><D6/><U11/><E11/><V128/><F128/><W79/><G85/><T48/><D62/><N who="1" m="38087" /><E40/><V83/><F125/><W66/><G66/><T63/><D63/><U19/><E19/><V41/><F41/><W70/><G70/><T104/><D104/><U20/><E96/><V89/><F120/><W32/><AGARI ba="0,0" hai="22,26,28,32,35,79,81,84" m="24959,49674" machi="32" ten="30,2000,0" yaku="19,1,52,1" doraHai="23" who="3" fromWho="3" sc="199,-10,120,-5,416,-5,265,20" /><INIT seed="5,0,0,3,0,110" ten="189,115,411,285" oya="1" hai0="123,70,15,121,73,29,17,82,113,19,69,34,105" hai1="114,14,125,53,108,59,133,78,131,72,24,16,118" hai2="0,57,55,8,119,58,98,45,120,11,32,76,1" hai3="25,33,37,129,90,63,86,135,23,39,62,49,36"/><U40/><E118/><V54/><F32/><W91/><G33/><T115/><D105/><U51/><E108/><V102/><F119/><W117/><G117/><T85/><D73/><U30/><E133/><V22/><F120/><N who="0" m="46154" /><D29/><U66/><E125/><V13/><F76/><W77/><G129/><T92/><D92/><U27/><E131/><V20/><F45/><W21/><G49/><T79/><D34/><U12/><E114/><V67/><F67/><W61/><G135/><T80/><D80/><U116/><E116/><V60/><F1/><W87/><G77/><T104/><D104/><U18/><E66/><V65/><F0/><W128/><G128/><T111/><D111/><U103/><E103/><V106/><F65/><W127/><G25/><N who="1" m="9802" /><E72/><V71/><F71/><N who="0" m="27146" /><D17/><N who="1" m="6763" /><E40/><V97/><F97/><W52/><G127/><T4/><D4/><U126/><E78/><V38/><F38/><W94/><G39/><T10/><AGARI ba="0,0" hai="10,15,19,79,82,85,113,115" m="27146,46154" machi="10" ten="40,5200,0" yaku="13,1,52,2" doraHai="110" who="0" fromWho="0" sc="189,52,115,-26,411,-13,285,-13" /><INIT seed="6,0,0,4,2,43" ten="241,89,398,272" oya="2" hai0="135,98,82,81,13,123,102,118,36,67,109,104,32" hai1="40,50,6,14,10,24,60,101,71,130,87,108,63" hai2="133,54,114,90,58,94,15,77,64,125,19,7,99" hai3="131,85,72,18,66,12,115,48,80,9,134,88,21"/><V117/><F117/><W31/><G131/><T73/><D123/><U126/><E108/><V128/><F114/><W65/><G134/><T34/><D109/><U16/><E130/><V39/><F133/><W129/><G129/><T124/><D135/><U52/><E126/><V84/><F128/><W51/><G72/><T20/><D36/><U62/><E40/><V113/><F39/><W83/><G115/><T8/><D124/><U78/><E101/><V75/><F113/><W47/><G51/><T103/><D103/><U119/><E119/><V33/><F33/><W112/><G83/><T79/><D67/><U49/><E71/><V45/><F64/><W97/><G97/><T30/><D82/><U110/><E50/><V29/><F29/><W76/><G76/><T96/><D96/><U41/><E41/><V4/><F75/><W105/><G105/><T111/><D111/><U26/><E110/><V28/><F28/><W70/><G70/><T27/><REACH who="0" step="1"/><D118/><REACH who="0" ten="231,89,398,272" step="2"/><U74/><E74/><V44/><F125/><W86/><G112/><T35/><D35/><U127/><E127/><V120/><F120/><W100/><G100/><T122/><D122/><U121/><E121/><V89/><F99/><W25/><G86/><T55/><D55/><AGARI ba="0,1" hai="9,12,18,21,25,31,47,48,55,65,66,80,85,88" machi="55" ten="30,12000,2" yaku="7,1,25,2,8,1,52,1,54,1" doraHai="43" who="3" fromWho="0" sc="231,-120,89,0,398,0,272,130" /><INIT seed="7,0,0,3,3,90" ten="111,89,398,402" oya="3" hai0="135,86,85,128,50,53,114,36,43,34,76,57,60" hai1="32,7,95,13,35,8,64,87,55,118,119,97,99" hai2="126,40,98,26,125,5,91,108,52,25,132,23,10" hai3="44,61,38,51,16,58,4,74,49,124,75,19,102"/><W72/><G124/><N who="2" m="47721" /><F108/><W73/><G73/><T105/><D105/><U22/><E64/><V100/><F91/><W12/><G102/><T129/><D34/><U6/><E87/><V106/><F132/><W111/><G111/><T89/><D114/><U123/><E123/><V2/><F40/><N who="3" m="24711" /><G38/><T56/><D36/><U130/><E130/><N who="0" m="50281" /><D135/><U107/><E7/><V131/><F131/><W134/><G134/><T59/><D43/><U45/><E22/><V82/><F82/><W28/><G28/><T81/><D60/><U17/><E17/><V0/><F52/><N who="3" m="33991" /><G75/><T31/><D31/><U127/><E127/><V62/><F62/><W120/><G74/><T133/><D133/><U115/><E115/><V48/><F48/><W83/><G120/><T71/><D71/><U11/><E11/><V94/><F106/><W42/><G72/><T66/><D66/><U96/><E107/><V65/><F65/><W41/><G83/><AGARI ba="0,0" hai="50,53,56,57,59,76,81,83,85,86,89" m="50281" machi="83" ten="30,1000,0" yaku="19,1" doraHai="90" who="0" fromWho="3" sc="111,10,89,0,398,0,402,-10" owari="121,-28.0,89,-41.0,398,50.0,392,19.0" /></mjloggm>