<mjloggm ver="2.3"><GO type="41" lobby="0"/><UN n0="%E6%B0%B4%E7%84%A1%E6%9C%88%2A%E9%9F%BF" n1="%E6%96%B0%E7%A7%91%E5%A8%98" n2="%E3%81%8C%E3%81%B6%E3%82%8A%E5%AF%84%E3%82%8A" n3="%E2%93%9D%53%75%70%68%78" dan="15,13,14,18" rate="2033.02,1896.04,1961.92,2122.71" sx="M,F,M,M"/><TAIKYOKU oya="0"/><INIT seed="0,0,0,1,4,92" ten="250,250,250,250" oya="0" hai0="100,29,9,77,26,18,6,70,62,135,19,7,42" hai1="32,44,20,75,36,105,107,93,53,54,23,91,112" hai2="17,116,69,15,121,130,102,59,117,132,28,126,122" hai3="49,127,47,35,57,27,34,33,114,30,129,106,103"/><T89/><D135/><U119/><E119/><V84/><F69/><W128/><G114/><T8/><D77/><U74/><E112/><V90/><F28/><W95/><G106/><T104/><D42/><U51/><E32/><V80/><F132/><W120/><G57/><T43/><D43/><U66/><E66/><V101/><F59/><W60/><G60/><T99/><D89/><U125/><E36/><V46/><F46/><W85/><G127/><T10/><D7/><U52/><E105/><V25/><F25/><W94/><G94/><T110/><D6/><U86/><E107/><V96/><F126/><W31/><G120/><T68/><D110/><U109/><E109/><V71/><F71/><W12/><G12/><T45/><D45/><U37/><E37/><V88/><F17/><W14/><G14/><T38/><D38/><U108/><E108/><V24/><F24/><W67/><G67/><N who="0" m="41079" /><D70/><U1/><E1/><V40/><F15/><W61/><G27/><T111/><D111/><U82/><E125/><V55/><F55/><W50/><G47/><T123/><D123/><N who="2" m="47114" /><F40/><W124/><G124/><T79/><D79/><N who="1" m="46431" /><E74/><V63/><F63/><W134/><G134/><T16/><D10/><U113/><E75/><V39/><F39/><W97/><G61/><T13/><D9/><U83/><E113/><V73/><F73/><W81/><G50/><T3/><D3/><U0/><E0/><V133/><F133/><W115/><G49/><T65/><D65/><U21/><E83/><V98/><F80/><W72/><G115/><T5/><D5/><U2/><E2/><RYUUKYOKU ba="0,0" sc="250,15,250,15,250,-15,250,-15" hai0="8,13,16,18,19,26,29,99,100,104" hai1="20,21,23,44,51,52,53,54,91,93" /><INIT seed="0,1,0,1,1,18" ten="265,265,235,235" oya="0" hai0="37,83,39,51,12,46,6,117,77,82,87,112,40" hai1="100,132,120,109,105,47,129,41,30,121,63,72,65" hai2="79,24,126,31,62,55,116,128,14,74,118,50,15" hai3="113,32,1,90,95,0,3,57,124,73,29,91,13"/><T67/><D112/><U80/><E109/><V52/><F74/><W64/><G73/><T93/><D117/><N who="2" m="45162" /><F79/><W35/><G113/><T96/><D67/><U111/><E111/><V102/><F102/><W25/><G124/><T69/><D69/><U58/><E129/><V49/><F126/><W131/><G131/><T89/><REACH who="0" step="1"/><D83/><REACH who="0" ten="255,265,235,235" step="2"/><U130/><E130/><V44/><F128/><W101/><G64/><T11/><AGARI ba="1,1" hai="6,11,12,37,39,40,46,51,77,82,87,89,93,96" machi="11" ten="30,12000,1" yaku="1,1,2,1,0,1,25,2,53,0" doraHai="18" doraHaiUra="119" who="0" fromWho="0" sc="255,133,265,-41,235,-41,235,-41" /><INIT seed="0,2,0,1,3,14" ten="388,224,194,194" oya="0" hai0="47,80,52,4,58,5,87,103,48,21,36,1,23" hai1="113,29,26,111,25,102,134,88,125,37,127,40,27" hai2="38,101,126,68,82,6,76,18,99,57,105,24,78" hai3="59,54,122,75,72,65,116,93,12,70,81,35,74"/><T119/><D119/><U135/><E102/><V115/><F115/><W124/><G35/><T41/><D103/><U60/><E111/><V62/><F38/><W31/><G31/><T108/><D108/><U30/><E113/><V73/><F76/><W97/><G124/><N who="1" m="47690" /><E40/><V0/><F126/><W121/><G65/><T118/><D118/><U107/><E37/><V132/><F132/><N who="1" m="50729" /><E107/><V133/><F133/><W11/><G70/><T109/><D109/><U83/><E60/><V2/><F68/><W53/><G116/><T7/><D1/><U34/><E83/><V114/><F6/><W98/><G81/><T42/><D42/><U10/><E88/><V61/><F61/><W22/><G122/><T91/><AGARI ba="2,0" hai="4,5,7,21,23,36,41,47,48,52,58,80,87,91" machi="91" ten="30,3000,0" yaku="0,1,54,1" doraHai="14" who="0" fromWho="0" sc="388,36,224,-12,194,-12,194,-12" /><INIT seed="0,3,0,0,1,3" ten="424,212,182,182" oya="0" hai0="128,102,127,74,50,76,64,126,0,86,69,65,130" hai1="44,63,22,135,72,32,100,131,6,61,29,51,129" hai2="66,17,18,27,15,111,9,132,116,99,92,41,77" hai3="48,19,123,46,85,67,104,38,91,81,87,68,118"/><T105/><D50/><U89/><E32/><V12/><F116/><W23/><G118/><T4/><D86/><U71/><E71/><V21/><F132/><W20/><G104/><T34/><D34/><U90/><E135/><V122/><F122/><W25/><G38/><T16/><D16/><U45/><E72/><V124/><F124/><N who="0" m="47658" /><D76/><U60/><E100/><V54/><F77/><W94/><G123/><T119/><D74/><U10/><E29/><V113/><F113/><W55/><G68/><T110/><D119/><U1/><E22/><V108/><F66/><W75/><G75/><T37/><D37/><U83/><E45/><V31/><F41/><W36/><G36/><T112/><D112/><U88/><REACH who="1" step="1"/><E83/><REACH who="1" ten="424,202,182,182" step="2"/><V24/><F54/><AGARI ba="3,1" hai="1,6,10,44,51,54,60,61,63,88,89,90,129,131" machi="54" ten="40,8000,1" yaku="1,1,2,1,52,1,54,1,53,0" doraHai="3" doraHaiUra="134" who="1" fromWho="2" sc="424,0,202,99,182,-89,182,0" /><INIT seed="1,0,0,2,3,68" ten="424,301,93,182" oya="1" hai0="89,132,84,88,22,106,24,130,118,94,8,21,20" hai1="26,54,35,127,70,102,55,116,45,69,133,29,78" hai2="34,48,11,108,112,52,111,14,85,92,115,109,43" hai3="105,56,37,23,63,98,41,87,71,16,9,97,114"/><U135/><E116/><V101/><F34/><W110/><G114/><N who="2" m="43561" /><F43/><W58/><G110/><T90/><D118/><U66/><E127/><V44/><F101/><W122/><G122/><T99/><D130/><U83/><E102/><V28/><F28/><W30/><G71/><T25/><D132/><N who="1" m="50763" /><E66/><V91/><F14/><W42/><G105/><T2/><D106/><U53/><E45/><V17/><F11/><W77/><G9/><T124/><D124/><U50/><E50/><V1/><F17/><W64/><G30/><T51/><D51/><U38/><E38/><V13/><F13/><W49/><G37/><T18/><D2/><AGARI ba="0,0" hai="1,2,44,48,52,85,91,92,108,109,111" m="43561" machi="2" ten="40,5200,0" yaku="14,1,11,1,54,1" doraHai="68" who="2" fromWho="0" sc="424,-52,301,0,93,52,182,0" /><INIT seed="2,0,0,2,1,80" ten="372,301,145,182" oya="2" hai0="14,69,1,130,44,5,39,55,104,132,125,47,123" hai1="18,64,90,121,134,38,36,42,46,71,56,87,113" hai2="8,19,6,122,16,26,106,111,68,50,37,135,72" hai3="57,119,129,70,51,21,108,96,110,24,33,63,77"/><V76/><F122/><W65/><G33/><T133/><D14/><U84/><E113/><V89/><F68/><W43/><G77/><T86/><D5/><U109/><E109/><N who="3" m="42090" /><G96/><T88/><D123/><U45/><E134/><N who="0" m="51817" /><D69/><U83/><E121/><V29/><F111/><W93/><G93/><N who="0" m="54423" /><D104/><U131/><E131/><V10/><F135/><W0/><G0/><T75/><D1/><U20/><E71/><V79/><F106/><W35/><G119/><T116/><D75/><U32/><E32/><V9/><F37/><W61/><G35/><T7/><D7/><U98/><E98/><V78/><F6/><W2/><G2/><T60/><D116/><U115/><E115/><V40/><F72/><W34/><G34/><T53/><D130/><U94/><E38/><V105/><F105/><W102/><G129/><T120/><D120/><U48/><E36/><V23/><REACH who="2" step="1"/><F89/><REACH who="2" ten="372,301,135,182" step="2"/><W126/><G70/><T58/><D39/><U124/><E124/><V22/><F22/><W128/><G126/><T127/><D127/><U31/><E20/><V30/><F30/><W25/><G21/><T114/><D114/><U85/><E31/><V103/><F103/><W118/><G128/><T12/><D125/><U82/><E18/><V100/><F100/><W99/><G118/><T117/><D117/><U52/><E90/><V66/><F66/><W27/><G65/><T13/><D55/><U41/><E64/><V112/><F112/><W4/><G4/><T3/><D3/><U95/><E42/><V28/><F28/><W67/><G43/><T97/><D53/><U101/><E41/><RYUUKYOKU ba="0,1" sc="372,-10,301,-10,135,30,182,-10" hai2="8,9,10,16,19,23,26,29,40,50,76,78,79" /><INIT seed="2,1,1,2,1,36" ten="362,291,165,172" oya="2" hai0="20,113,112,42,63,75,67,95,62,76,40,23,83" hai1="65,1,108,131,72,115,103,5,0,104,48,134,8" hai2="10,27,70,98,80,12,44,91,24,100,102,73,132" hai3="68,109,127,47,35,87,121,28,116,105,119,86,101"/><V90/><F70/><W122/><G47/><T53/><D95/><U133/><E115/><V114/><F114/><W79/><G28/><T38/><D38/><U94/><E131/><V120/><F120/><N who="3" m="46187" /><G35/><T41/><D113/><U49/><E72/><V77/><F132/><N who="1" m="50793" /><E104/><V61/><F61/><W107/><G68/><T7/><D112/><U126/><E108/><V57/><F57/><W26/><G26/><T14/><D53/><U69/><E126/><V31/><F27/><W125/><G109/><T21/><REACH who="0" step="1"/><D67/><REACH who="0" ten="352,291,165,172" step="2"/><U118/><E118/><N who="3" m="45098" /><G107/><T129/><D129/><U93/><E65/><V81/><F81/><N who="3" m="47423" /><G87/><T130/><D130/><U71/><E93/><V25/><F31/><W54/><G54/><T82/><D82/><U56/><E94/><V13/><F80/><W32/><G32/><T2/><D2/><U9/><E1/><V84/><F84/><W110/><G110/><T17/><D17/><U55/><E0/><V111/><F111/><W6/><G6/><T66/><D66/><U106/><E55/><V45/><F73/><W3/><G3/><T16/><D16/><U117/><E106/><V89/><F10/><AGARI ba="1,2" hai="7,10,14,20,21,23,40,41,42,62,63,75,76,83" machi="10" ten="40,12000,2" yaku="1,1,52,3,53,3" doraHai="36" doraHaiUra="19" who="0" fromWho="2" sc="352,143,291,0,165,-123,172,0" /><INIT seed="3,0,0,4,2,38" ten="495,291,42,172" oya="3" hai0="63,57,93,34,64,30,124,4,73,15,113,104,41" hai1="68,110,40,19,74,59,122,12,65,80,32,18,77" hai2="66,16,14,86,79,33,134,96,51,75,87,10,98" hai3="126,36,81,94,108,29,49,72,130,83,121,115,23"/><W56/><G36/><T55/><D104/><U6/><E122/><V89/><F33/><W13/><G115/><T8/><D73/><U84/><E68/><V48/><F75/><W90/><G121/><T132/><D113/><U46/><E32/><V120/><F120/><W131/><G126/><T127/><D132/><U69/><E69/><V116/><F116/><W67/><G108/><T27/><D64/><U37/><E110/><V100/><F66/><W17/><G29/><T129/><D129/><N who="3" m="49161" /><G72/><T106/><D106/><U88/><E65/><V70/><F70/><W101/><G101/><T128/><D128/><U42/><E59/><V102/><F134/><W82/><G49/><N who="2" m="19017" /><F100/><W31/><G31/><T2/><D93/><U112/><E112/><V105/><F105/><W111/><G111/><T35/><D35/><U22/><E42/><V92/><F102/><W133/><G133/><T123/><D41/><U50/><E37/><V62/><F62/><N who="3" m="38343" /><G94/><T24/><D123/><U97/><E97/><V60/><F60/><W125/><G125/><N who="0" m="48203" /><D27/><U58/><E74/><V61/><F61/><W45/><G45/><T109/><D109/><U114/><E114/><V78/><F98/><W118/><G118/><T11/><D11/><N who="1" m="4215" /><E58/><V135/><F135/><W95/><G95/><T53/><D55/><U52/><E52/><V85/><AGARI ba="0,0" hai="10,14,16,78,79,85,86,87,89,92,96" m="19017" machi="85" ten="30,2000,0" yaku="8,1,54,1" doraHai="38" who="2" fromWho="2" sc="495,-5,291,-5,42,20,172,-10" /><INIT seed="4,0,0,1,0,76" ten="490,286,62,162" oya="0" hai0="93,67,105,19,8,72,51,65,43,106,49,111,94" hai1="123,109,70,135,38,132,89,74,26,16,69,45,82" hai2="14,6,23,66,40,44,47,24,34,4,50,91,10" hai3="131,7,28,63,58,32,101,95,134,96,81,54,71"/><T83/><D111/><U25/><E109/><V41/><F34/><W110/><G110/><T119/><D119/><U112/><E123/><V108/><F108/><W77/><G131/><T73/><D8/><U86/><E74/><V80/><F66/><W92/><G134/><N who="1" m="51242" /><E112/><V118/><F118/><W5/><G71/><N who="1" m="27146" /><E38/><V98/><F6/><W79/><G79/><T130/><D130/><U59/><E45/><V62/><F62/><W88/><G28/><T37/><D37/><U129/><E129/><V128/><F128/><W78/><G78/><T114/><D114/><U3/><E3/><V97/><F47/><W57/><G32/><T18/><REACH who="0" step="1"/><D43/><REACH who="0" ten="480,286,62,162" step="2"/><U29/><E29/><N who="2" m="17567" /><F41/><W52/><G7/><T21/><D21/><N who="1" m="13479" /><E59/><V116/><F116/><W121/><G5/><T100/><D100/><U122/><E122/><V1/><F1/><W117/><G121/><T103/><D103/><U115/><E115/><V46/><F46/><W48/><G117/><T125/><D125/><U27/><AGARI ba="0,1" hai="26,27,82,86,89" m="13479,27146,51242" machi="27" ten="40,5200,0" yaku="20,1,52,1,54,1" doraHai="76" who="1" fromWho="1" sc="480,-26,286,62,62,-13,162,-13" /><INIT seed="5,0,0,5,0,9" ten="454,348,49,149" oya="1" hai0="13,73,34,98,100,106,122,23,58,55,74,70,129" hai1="3,0,29,36,105,57,22,4,26,65,11,93,21" hai2="14,72,135,41,86,64,127,120,116,39,62,33,107" hai3="43,60,5,91,61,10,45,131,104,42,126,114,76"/><U113/><E105/><V89/><F120/><W79/><G104/><T112/><D70/><U2/><E113/><V16/><F116/><W84/><G131/><T8/><D34/><N who="1" m="20791" /><E36/><V110/><F107/><W53/><G126/><T85/><D129/><U77/><E77/><V71/><F33/><W46/><G53/><T115/><D122/><U78/><E78/><V97/><F127/><W37/><G79/><T30/><D85/><U19/><E57/><V75/><F97/><W25/><G25/><N who="0" m="16703" /><D55/><U50/><E50/><V7/><F7/><W68/><G68/><T52/><D52/><U15/><E65/><V56/><F71/><W133/><G76/><T82/><D58/><U66/><E66/><V87/><F87/><W109/><G114/><N who="0" m="43563" /><D82/><U130/><E130/><V117/><F117/><W125/><G125/><T31/><D31/><U20/><E93/><V67/><F67/><W123/><G123/><T12/><D8/><AGARI ba="0,0" hai="0,2,3,4,8,11,15,19,20,21,22" m="20791" machi="8" ten="30,18000,2" yaku="35,5,52,1" doraHai="9" who="1" fromWho="0" sc="454,-180,348,180,49,0,149,0" /><INIT seed="5,1,0,2,5,58" ten="274,528,49,149" oya="1" hai0="80,62,108,84,3,61,17,105,72,101,89,124,83" hai1="91,73,98,57,51,24,129,121,55,113,126,86,106" hai2="23,92,19,104,16,43,42,112,2,134,123,131,21" hai3="9,56,75,26,49,128,39,67,63,45,32,69,109"/><U87/><E121/><V25/><F104/><W33/><G75/><T130/><D3/><U88/><E73/><V111/><F2/><W117/><G109/><T35/><D35/><U85/><E113/><V53/><F111/><W107/><G128/><T115/><D108/><U77/><E126/><V48/><F131/><W28/><G117/><T54/><D130/><U37/><E37/><V110/><F134/><W12/><G107/><T82/><D115/><U100/><E129/><V52/><F112/><W125/><G125/><T71/><D124/><U50/><E77/><V96/><F123/><W64/><G64/><T27/><D71/><U93/><E24/><V38/><F38/><W8/><G33/><T36/><D36/><U135/><E135/><V15/><F110/><W133/><G133/><T13/><D27/><U127/><E127/><V14/><F25/><W46/><G12/><T41/><D41/><U103/><E106/><V22/><F22/><W116/><G116/><T34/><D34/><U31/><E31/><V4/><F4/><W102/><G102/><N who="1" m="38954" /><E51/><V70/><F70/><W6/><G6/><T118/><D118/><U99/><E99/><V66/><F66/><W119/><G119/><T78/><D54/><N who="2" m="21098" /><F48/><W40/><G69/><T90/><D101/><AGARI ba="1,0" hai="50,55,57,85,86,87,88,91,93,98,101" m="38954" machi="101" ten="30,2900,0" yaku="8,1,54,1" doraHai="58" who="1" fromWho="0" sc="274,-32,528,32,49,0,149,0" /><AGARI ba="1,0" hai="14,15,16,19,21,23,42,43,92,96,101" m="21098" machi="101" ten="30,3900,0" yaku="8,1,54,2" doraHai="58" who="2" fromWho="0" sc="242,-39,560,0,49,39,149,0" /><INIT seed="5,2,0,2,3,8" ten="203,560,88,149" oya="1" hai0="132,52,5,21,109,89,92,18,115,116,117,84,83" hai1="29,17,119,80,70,53,102,34,131,78,97,128,2" hai2="94,112,22,104,120,45,59,106,26,90,93,33,75" hai3="11,125,122,121,111,96,3,73,4,6,30,134,7"/><U62/><E119/><V87/><F33/><W129/><G73/><T77/><D109/><U43/><E2/><V35/><F35/><W25/><G96/><T39/><D39/><U107/><E43/><V126/><F75/><W63/><G63/><T110/><D110/><U95/><E95/><V108/><F108/><W55/><G55/><T31/><D31/><U100/><E100/><V37/><F120/><N who="3" m="46187" /><G111/><T16/><D5/><N who="3" m="2153" /><G129/><T50/><D18/><U57/><E70/><V114/><F94/><W15/><G134/><T9/><D9/><U20/><E34/><V98/><F87/><W85/><G85/><T27/><D115/><N who="2" m="44074" /><F59/><W0/><G125/><T32/><D32/><AGARI ba="2,0" hai="0,3,7,11,15,25,30,32" m="2153,46187" machi="32" ten="30,3900,0" yaku="34,2,52,1" doraHai="8" who="3" fromWho="0" sc="203,-45,560,0,88,0,149,45" /><INIT seed="6,0,0,3,0,26" ten="158,560,88,194" oya="2" hai0="56,117,102,76,135,15,58,113,24,28,62,92,111" hai1="89,41,86,126,75,3,88,13,17,71,127,103,64" hai2="96,2,4,19,45,104,123,57,21,91,79,36,31" hai3="16,37,25,30,10,83,35,85,22,99,49,101,0"/><V50/><F123/><W29/><G37/><T65/><D111/><U124/><E75/><V51/><F79/><W40/><G35/><T94/><D113/><U5/><E41/><V100/><F36/><W116/><G116/><T33/><D117/><U32/><E103/><V53/><F2/><W95/><G0/><T106/><D135/><U84/><E32/><V48/><F4/><W38/><G38/><T131/><D131/><U9/><E71/><V46/><F91/><N who="1" m="34889" /><E64/><V73/><F73/><W78/><G10/><AGARI ba="0,0" hai="3,5,9,10,13,17,84,86,124,126,127" m="34889" machi="10" ten="40,2600,0" yaku="18,1,54,1" doraHai="26" who="1" fromWho="3" sc="158,0,560,26,88,0,194,-26" /><INIT seed="7,0,0,1,1,86" ten="158,586,88,168" oya="3" hai0="75,67,131,52,87,74,56,119,108,92,55,134,80" hai1="28,60,26,46,84,54,6,97,3,113,91,5,20" hai2="27,39,124,14,12,53,11,18,110,77,115,10,57" hai3="109,100,21,130,7,70,1,24,121,63,31,98,29"/><W22/><G121/><T42/><D108/><U58/><E113/><V111/><F39/><W101/><G130/><T34/><D119/><U35/><E35/><V13/><F115/><W16/><G109/><T49/><D34/><U117/><E117/><V36/><F36/><W99/><G7/><N who="1" m="2570" /><E3/><V37/><F37/><W112/><G1/><T90/><D134/><U25/><E97/><V106/><F106/><W69/><G63/><N who="0" m="38375" /><D75/><U41/><E26/><V105/><F105/><W59/><G59/><T76/><D74/><U116/><E116/><V48/><F110/><W82/><G82/><T65/><D65/><U4/><E4/><V62/><F111/><W0/><G0/><T50/><D131/><U85/><E91/><V125/><F77/><W43/><G112/><T2/><D2/><U66/><E41/><V9/><F27/><W93/><G43/><T51/><D42/><U68/><E68/><V44/><F124/><W71/><G22/><T127/><D127/><U94/><E94/><AGARI ba="0,0" hai="16,21,24,29,31,69,70,71,93,94,98,99,100,101" machi="94" ten="40,3900,0" yaku="9,1,54,1" doraHai="86" who="3" fromWho="1" sc="158,0,586,-39,88,0,168,39" /><INIT seed="7,1,0,3,5,114" ten="158,547,88,207" oya="3" hai0="17,123,81,2,109,100,110,89,67,51,58,29,48" hai1="66,119,107,106,95,42,38,5,122,39,99,93,72" hai2="90,35,80,49,14,57,87,18,23,85,30,1,82" hai3="103,12,79,102,88,64,73,94,135,128,92,41,26"/><W68/><G128/><T78/><D123/><U75/><E122/><V97/><F1/><W0/><G135/><T129/><D2/><U74/><E66/><V132/><F132/><W108/><G41/><T45/><D29/><U8/><E119/><V121/><F121/><W53/><G94/><T36/><D36/><U60/><E60/><V33/><F30/><W71/><G12/><T34/><D34/><U76/><E76/><V4/><F97/><W62/><G53/><T28/><D28/><U11/><E95/><V104/><F104/><W22/><G108/><T96/><D17/><U61/><E61/><V98/><F98/><W19/><G0/><T21/><D21/><U134/><E134/><V43/><F4/><W113/><G113/><T70/><D70/><U83/><E83/><V91/><REACH who="2" step="1"/><F57/><REACH who="2" ten="158,547,78,207" step="2"/><W63/><G71/><T124/><D58/><U125/><E107/><V130/><F130/><W7/><G7/><T112/><D129/><U50/><E106/><V13/><F13/><W116/><G68/><T69/><D96/><U120/><E99/><V131/><F131/><W3/><G3/><T54/><D69/><U56/><E5/><V10/><F10/><W59/><G59/><T16/><D112/><U84/><E120/><V127/><F127/><W126/><G126/><T6/><D124/><U115/><E125/><V15/><F15/><W9/><G9/><T46/><D6/><U32/><E115/><V77/><F77/><W133/><G79/><T24/><D78/><U117/><E11/><V101/><F101/><W20/><G103/><T55/><D100/><RYUUKYOKU ba="1,1" sc="158,-10,547,-10,78,30,207,-10" hai2="14,18,23,33,35,43,49,80,82,85,87,90,91" owari="148,-25.0,547,64.0,108,-39.0,197,0.0" /></mjloggm>