<mjloggm ver="2.3"><GO type="41" lobby="0"/><UN n0="%E2%93%9D%53%75%70%68%78" n1="%E3%81%9D%E3%83%BC%E3%81%99%E3%81%9D%E3%83%BC%E3%81%99" n2="%E7%AF%A0%E5%B4%8E%EF%BC%A0%E8%8D%92%E6%AD%A6%E8%80%85" n3="%E3%82%AD%E3%83%A7%E3%83%B3%E3%81%95%E3%82%93" dan="18,15,13,13" rate="2146.65,2078.44,1830.71,1813.62" sx="M,M,M,M"/><TAIKYOKU oya="0"/><INIT seed="0,0,0,4,3,120" ten="250,250,250,250" oya="0" hai0="135,20,65,75,18,133,43,130,117,63,29,3,57" hai1="8,122,61,83,106,9,112,84,22,132,115,96,60" hai2="21,30,28,126,5,37,42,35,131,64,90,127,100" hai3="129,46,92,91,111,86,48,50,101,0,97,87,34"/><T73/><D117/><U95/><E122/><V109/><F35/><W14/><G34/><T51/><D3/><U11/><E132/><N who="0" m="50761" /><D29/><U80/><E22/><V89/><F100/><W7/><G0/><T110/><D130/><U54/><E106/><V44/><F131/><W125/><G129/><T108/><D43/><U88/><E83/><V53/><F64/><W31/><G31/><N who="2" m="11817" /><F5/><W85/><G125/><N who="2" m="47625" /><F53/><N who="3" m="29847" /><G50/><T113/><D51/><U123/><E123/><V47/><F21/><W98/><G98/><T26/><D113/><N who="1" m="43595" /><E54/><V19/><F19/><W79/><G111/><AGARI ba="0,0" hai="18,20,26,57,63,65,73,75,108,110,111" m="50761" machi="111" ten="30,18000,2" yaku="14,1,10,1,20,1,52,3" doraHai="120" who="0" fromWho="3" sc="250,180,250,0,250,0,250,-180" /><INIT seed="0,1,0,2,3,92" ten="430,250,250,70" oya="0" hai0="64,74,48,82,115,72,59,69,111,81,53,4,104" hai1="29,33,117,113,38,37,28,89,109,40,0,127,128" hai2="122,87,95,86,45,132,20,18,85,8,43,14,12" hai3="5,119,90,68,31,13,61,80,102,41,63,17,124"/><T107/><D115/><U56/><E113/><V67/><F122/><W133/><G119/><T83/><D4/><U135/><E117/><V32/><F32/><W19/><G133/><T65/><D69/><U35/><E135/><V27/><F132/><W44/><G31/><T71/><D71/><U123/><E56/><V134/><F67/><W70/><G102/><T126/><D126/><U7/><E89/><V112/><F112/><W105/><G105/><T49/><D59/><U11/><E109/><V88/><F14/><W42/><G5/><T97/><D53/><U125/><E123/><V77/><F77/><W55/><G13/><T120/><D120/><U121/><E121/><V108/><F108/><W79/><G90/><T60/><D111/><U58/><E58/><V2/><F2/><W10/><G10/><T96/><REACH who="0" step="1"/><D83/><REACH who="0" ten="420,250,250,70" step="2"/><U54/><E54/><V22/><F134/><W130/><G55/><T62/><AGARI ba="1,1" hai="48,49,60,62,64,65,72,74,81,82,96,97,104,107" machi="62" ten="25,18000,2" yaku="1,1,2,1,0,1,22,2,52,2,53,0" doraHai="92" doraHaiUra="66" who="0" fromWho="0" sc="420,193,250,-61,250,-61,70,-61" /><INIT seed="0,2,0,5,0,25" ten="613,189,189,9" oya="0" hai0="108,131,132,114,87,111,38,96,103,129,36,32,74" hai1="30,13,101,125,90,63,128,57,117,104,121,113,22" hai2="71,124,52,41,18,65,4,95,7,37,48,33,83" hai3="109,44,53,39,81,70,1,27,82,21,123,97,102"/><T73/><D114/><U11/><E113/><V23/><F33/><W60/><G1/><T62/><D62/><U79/><E125/><V72/><F124/><W88/><G123/><T47/><D32/><U122/><E79/><V50/><F50/><W118/><G118/><T16/><D16/><U100/><E90/><V51/><F51/><W106/><G109/><N who="0" m="42059" /><D132/><U64/><E63/><N who="2" m="40383" /><F95/><W26/><G26/><T45/><D87/><U10/><E117/><V5/><F83/><W40/><G53/><T115/><D115/><U99/><E10/><V110/><F72/><N who="0" m="27754" /><D47/><U34/><E34/><V84/><F84/><W89/><G60/><T68/><D68/><U94/><E121/><V19/><F23/><W6/><G6/><T66/><D66/><U58/><E22/><V43/><F43/><W2/><G2/><T56/><D56/><U49/><E58/><N who="2" m="33031" /><F110/><W20/><G70/><T92/><D45/><AGARI ba="2,0" hai="4,5,7,18,19,37,41,45" m="33031,40383" machi="45" ten="30,2000,0" yaku="24,1,54,1" doraHai="25" who="2" fromWho="0" sc="613,-26,189,0,189,26,9,0" /><INIT seed="1,0,0,3,0,94" ten="587,189,215,9" oya="1" hai0="93,15,105,7,70,59,54,36,22,89,49,103,56" hai1="4,87,23,113,99,19,48,102,129,71,84,45,16" hai2="55,83,108,134,12,66,18,57,81,77,110,34,43" hai3="53,95,65,64,13,29,96,121,14,50,101,17,107"/><U24/><E129/><V130/><F34/><W21/><G121/><T51/><D70/><U106/><E113/><V2/><F2/><W68/><G68/><T30/><D105/><U33/><E71/><V100/><F134/><W73/><G73/><T11/><D36/><U72/><E72/><V0/><F0/><W32/><G107/><T109/><D109/><N who="2" m="42090" /><F66/><N who="3" m="25707" /><G32/><T114/><D103/><U120/><E120/><V118/><F43/><W90/><G29/><T75/><D114/><U52/><E33/><V5/><F5/><W42/><G42/><T88/><D75/><U37/><E4/><V97/><F77/><W62/><G62/><T112/><D112/><U80/><E37/><V35/><F35/><W38/><G38/><T133/><D133/><U115/><E115/><V40/><F40/><W126/><G126/><T20/><D30/><U74/><REACH who="1" step="1"/><E19/><REACH who="1" ten="587,179,215,9" step="2"/><V47/><F130/><W125/><G125/><T119/><D7/><U28/><E28/><V79/><F118/><W135/><G135/><T78/><D119/><U92/><E92/><N who="2" m="58407" /><F79/><AGARI ba="0,1" hai="16,23,24,45,48,52,74,79,80,84,87,99,102,106" machi="79" ten="40,12000,1" yaku="1,1,52,1,54,2,53,0" doraHai="94" doraHaiUra="61" who="1" fromWho="2" sc="587,0,179,130,215,-120,9,0" /><INIT seed="1,1,0,2,4,125" ten="587,309,95,9" oya="1" hai0="105,23,62,103,27,17,123,46,2,37,1,29,109" hai1="119,82,36,104,48,86,66,12,115,4,108,6,32" hai2="31,67,102,94,9,5,19,8,132,0,106,128,101" hai3="44,74,25,21,114,130,45,47,15,10,33,100,73"/><U70/><E119/><V42/><F106/><W122/><G114/><T52/><D109/><U3/><E115/><V83/><F31/><W75/><G122/><T135/><D135/><U127/><E108/><V40/><F132/><W131/><G100/><T129/><D62/><U80/><E32/><V51/><F102/><W121/><G33/><T13/><D37/><U96/><E36/><V68/><F128/><N who="3" m="49195" /><G121/><T91/><D2/><U20/><E82/><V11/><F83/><W120/><G120/><T7/><D1/><U107/><E3/><V38/><F38/><W54/><G54/><T50/><D103/><U98/><E107/><V71/><F71/><W49/><G49/><T87/><D105/><U124/><E66/><V76/><F76/><W56/><G56/><T69/><D69/><U41/><E70/><V97/><F67/><W58/><G58/><T133/><D133/><U72/><E104/><V39/><F39/><W79/><G79/><T53/><D123/><U78/><E48/><V26/><F68/><W64/><G64/><T22/><D129/><U60/><E60/><V61/><F61/><W95/><G95/><N who="0" m="54783" /><D7/><U77/><E4/><V92/><F92/><W93/><G93/><T18/><D53/><U111/><E6/><V113/><F113/><W117/><G117/><T57/><D57/><U14/><E111/><V89/><F101/><W116/><G116/><T55/><D55/><U35/><E35/><V63/><F63/><W16/><G73/><T81/><D81/><U84/><E72/><V134/><F134/><W65/><G65/><T34/><D34/><RYUUKYOKU ba="1,0" sc="587,15,309,-15,95,-15,9,15" hai0="13,17,18,22,23,27,29,46,50,52" hai3="10,15,16,21,25,44,45,47,74,75" /><INIT seed="2,2,0,1,0,128" ten="602,294,80,24" oya="2" hai0="79,57,44,105,67,20,126,24,131,76,112,6,5" hai1="54,119,48,125,42,99,23,70,0,127,16,34,9" hai2="96,132,116,45,43,4,13,69,135,87,101,134,38" hai3="21,97,92,49,55,8,66,59,2,72,121,104,77"/><V39/><F116/><W111/><G121/><T28/><D126/><N who="1" m="48139" /><E70/><V106/><F69/><W94/><G66/><T19/><D105/><U71/><E34/><V14/><F39/><W32/><G32/><T120/><D112/><U117/><E42/><V100/><F100/><W113/><G113/><T12/><D131/><U17/><E99/><V98/><F98/><W109/><G21/><T93/><D44/><N who="1" m="27911" /><E71/><V83/><F4/><W130/><G130/><T82/><D93/><U124/><E124/><V68/><F68/><W51/><G104/><T10/><D120/><U78/><E78/><AGARI ba="2,0" hai="13,14,38,43,45,78,83,87,96,101,106,132,134,135" machi="78" ten="40,12000,1" yaku="20,1,52,3" doraHai="128" who="2" fromWho="1" sc="602,0,294,-126,80,126,24,0" /><INIT seed="2,3,0,3,2,110" ten="602,168,206,24" oya="2" hai0="116,78,94,20,56,31,127,14,72,12,80,16,122" hai1="132,81,25,45,105,98,37,3,15,4,134,88,108" hai2="42,13,58,2,64,30,48,123,38,26,28,51,75" hai3="63,68,119,112,60,100,118,129,114,53,89,130,33"/><V61/><F123/><W125/><G33/><T21/><D127/><U27/><E108/><V86/><F2/><W91/><G100/><T66/><D116/><N who="3" m="44585" /><G125/><T121/><D94/><N who="1" m="56647" /><E3/><V83/><F38/><W90/><G53/><T103/><D103/><U84/><E105/><V117/><F75/><W7/><G7/><T135/><D135/><N who="1" m="51755" /><E37/><V133/><F133/><W128/><G68/><T0/><D0/><U54/><E45/><V44/><F117/><W71/><G71/><T67/><D56/><U43/><E54/><V92/><F92/><W40/><G40/><T124/><D124/><U79/><E43/><V46/><F13/><W69/><G69/><T17/><D31/><U104/><E104/><V102/><F26/><W9/><G9/><T52/><D52/><U111/><E111/><V97/><F97/><W115/><AGARI ba="3,0" hai="60,63,89,90,91,112,114,115,128,129,130" m="44585" machi="115" ten="50,16000,3" yaku="29,2,28,2,11,1,19,1,52,3" doraHai="110" who="3" fromWho="3" sc="602,-43,168,-43,206,-83,24,169" /><INIT seed="3,0,0,4,0,67" ten="559,125,123,193" oya="3" hai0="63,51,47,124,88,103,25,127,96,22,44,121,119" hai1="6,71,117,42,74,48,4,92,93,31,75,95,1" hai2="54,61,108,107,23,29,133,59,112,62,98,111,9" hai3="123,91,38,19,86,110,7,72,37,114,28,69,87"/><W49/><G114/><T76/><D119/><U122/><E122/><V128/><F112/><W24/><G72/><T57/><D76/><U79/><E117/><V12/><F133/><W90/><G123/><T125/><D121/><U53/><E42/><V13/><F128/><W101/><G7/><T70/><D70/><U135/><E135/><V131/><F131/><W26/><G101/><T46/><D88/><U82/><E31/><V36/><F36/><W15/><G49/><T105/><D63/><U68/><E75/><V100/><F29/><W106/><G106/><T18/><REACH who="0" step="1"/><D57/><REACH who="0" ten="549,125,123,193" step="2"/><U77/><E79/><V104/><F62/><W60/><G60/><T55/><AGARI ba="0,1" hai="18,22,25,44,46,47,51,55,96,103,105,124,125,127" machi="55" ten="30,7900,0" yaku="1,1,2,1,0,1,18,1,53,0" doraHai="67" doraHaiUra="35" who="0" fromWho="0" sc="549,89,125,-20,123,-20,193,-39" /><INIT seed="4,0,0,5,1,80" ten="638,105,103,154" oya="0" hai0="103,13,34,101,81,16,66,130,104,30,132,53,12" hai1="56,6,23,89,94,102,20,88,17,125,108,61,54" hai2="48,59,95,74,118,111,134,25,32,82,124,35,109" hai3="98,131,119,39,49,62,84,10,22,121,19,14,8"/><T26/><D130/><U100/><E108/><V71/><F118/><W110/><G119/><T129/><D132/><U5/><E125/><V123/><F71/><W114/><G110/><T24/><D129/><U117/><E89/><V73/><F123/><W91/><G131/><T116/><D104/><U57/><E57/><V41/><F124/><W70/><G39/><T51/><D66/><U52/><E54/><V72/><F134/><W3/><G98/><T36/><D26/><N who="1" m="14607" /><E23/><V107/><F107/><W58/><G3/><T135/><D13/><U4/><E117/><V40/><F95/><N who="3" m="54759" /><G121/><T105/><D34/><U29/><E29/><V50/><F73/><W77/><G77/><T120/><D103/><U15/><E15/><V18/><F25/><W79/><G79/><T46/><D101/><U85/><AGARI ba="0,0" hai="4,5,6,52,56,61,85,88,94,100,102" m="14607" machi="85" ten="30,7900,0" yaku="8,1,52,1,54,2" doraHai="80" who="1" fromWho="1" sc="638,-39,105,79,103,-20,154,-20" /><INIT seed="5,0,0,1,0,119" ten="599,184,83,134" oya="1" hai0="107,0,15,24,73,23,95,3,56,93,48,19,33" hai1="12,2,109,38,87,80,34,75,35,14,1,29,92" hai2="61,21,17,49,90,126,26,131,5,130,100,55,43" hai3="8,121,108,10,45,84,116,77,54,40,106,58,32"/><U76/><E38/><V37/><F126/><W25/><G106/><T36/><D95/><U6/><E109/><V57/><F37/><W117/><G108/><T127/><D73/><U66/><E66/><V22/><F5/><W42/><G32/><T7/><D93/><U44/><E44/><V97/><F100/><W110/><G110/><T70/><D15/><U18/><E14/><V112/><F112/><W59/><G25/><T39/><D70/><U30/><E35/><V135/><F135/><W72/><G72/><T123/><D123/><U120/><E120/><V64/><F64/><W91/><G77/><T16/><D56/><N who="3" m="21545" /><G121/><T118/><D118/><N who="3" m="45673" /><G54/><T104/><D7/><U65/><E65/><V50/><F22/><W68/><G68/><T111/><D107/><U132/><E132/><V99/><F99/><W9/><G45/><T28/><D104/><U128/><E1/><V20/><F20/><W46/><G46/><T101/><D3/><U96/><E2/><V62/><F62/><W102/><G102/><T67/><D101/><N who="1" m="60551" /><E6/><V105/><F105/><W69/><G69/><T41/><D33/><U82/><E34/><V81/><F81/><AGARI ba="0,0" hai="8,9,10,40,42,81,84,91" m="45673,21545" machi="81" ten="30,1000,0" yaku="12,1" doraHai="119" who="3" fromWho="2" sc="599,0,184,0,83,-10,134,10" /><INIT seed="6,0,0,0,4,30" ten="599,184,73,144" oya="2" hai0="89,46,10,50,99,134,103,130,78,36,105,4,70" hai1="1,7,101,109,93,20,104,92,119,8,12,23,53" hai2="54,44,97,15,106,127,22,120,48,102,66,3,61" hai3="11,135,115,51,100,88,14,62,73,128,18,59,124"/><V42/><F120/><W55/><G73/><T121/><D130/><U87/><E109/><V131/><F3/><W85/><G128/><T122/><D134/><U38/><E38/><V16/><F131/><W84/><G135/><T110/><D70/><U34/><E34/><V45/><F127/><W19/><G124/><T113/><D113/><U58/><E119/><V31/><F31/><W80/><G115/><T95/><D110/><U49/><E104/><V0/><F0/><W112/><G100/><T75/><D50/><U77/><E1/><V74/><F74/><W111/><G111/><T91/><D91/><N who="1" m="53375" /><E77/><V56/><REACH who="2" step="1"/><F42/><REACH who="2" ten="599,184,63,144" step="2"/><W47/><G112/><T21/><D75/><U83/><E83/><V123/><F123/><W90/><G19/><T2/><D122/><U6/><E7/><V107/><F107/><W13/><G13/><T129/><D105/><U63/><E93/><V40/><F40/><W125/><G125/><T24/><D129/><U132/><E132/><V86/><F86/><W94/><G62/><T69/><D95/><U117/><E117/><V79/><F79/><W96/><G84/><T37/><D78/><U17/><E17/><V71/><AGARI ba="0,1" hai="15,16,22,44,45,48,54,56,61,66,71,97,102,106" machi="71" ten="20,7800,0" yaku="1,1,0,1,7,1,54,1,53,0" doraHai="30" doraHaiUra="72" who="2" fromWho="2" sc="599,-26,184,-26,63,88,144,-26" /><INIT seed="6,1,0,5,3,92" ten="573,158,151,118" oya="2" hai0="59,11,119,0,35,16,66,60,118,10,124,52,3" hai1="25,20,111,93,22,4,32,78,106,122,121,42,100" hai2="73,62,1,131,125,105,99,57,114,82,81,80,13" hai3="37,69,8,31,50,94,17,72,115,55,19,48,74"/><V56/><F1/><W51/><G37/><T104/><D124/><U9/><E111/><V127/><F114/><W18/><G69/><T116/><D104/><U89/><E42/><V98/><F105/><W134/><G115/><T33/><D66/><U96/><E78/><V39/><F73/><W75/><G31/><T29/><D29/><N who="1" m="19503" /><E89/><V70/><F39/><W101/><G8/><N who="0" m="3115" /><D16/><U38/><E93/><V65/><F131/><W46/><G134/><T64/><D64/><U86/><E86/><V88/><F13/><W24/><G24/><T34/><AGARI ba="1,0" hai="0,3,33,34,35,52,59,60,116,118,119" m="3115" machi="34" ten="40,2700,0" yaku="12,1,54,1" doraHai="92" who="0" fromWho="0" sc="573,30,158,-8,151,-14,118,-8" /><INIT seed="7,0,0,0,4,107" ten="603,150,137,110" oya="3" hai0="135,36,89,133,2,8,48,28,85,100,32,94,63" hai1="3,57,88,95,37,130,34,104,18,120,64,58,16" hai2="17,91,22,112,69,41,52,35,56,11,43,127,116" hai3="75,78,1,0,12,53,132,15,92,25,31,45,13"/><W68/><G68/><T117/><D117/><U129/><E104/><V30/><F116/><W105/><G105/><T96/><D36/><U134/><E134/><N who="0" m="51209" /><D48/><U62/><E37/><V121/><F35/><W4/><G132/><T65/><D8/><U46/><E46/><V123/><F112/><W10/><G92/><T101/><D2/><U124/><E124/><V39/><F127/><W20/><G0/><T79/><D28/><U40/><E40/><V71/><F39/><W82/><G53/><T113/><D32/><U59/><E34/><V84/><F11/><W72/><REACH who="3" step="1"/><G45/><REACH who="3" ten="603,150,137,100" step="2"/><T126/><D126/><U98/><E3/><V21/><F71/><W27/><G27/><T81/><D113/><U23/><E58/><AGARI ba="0,1" hai="58,63,65,79,81,85,89,94,96,100,101" m="51209" machi="58" ten="30,1000,0" yaku="20,1" doraHai="107" who="0" fromWho="1" sc="603,20,150,-10,137,0,100,0" owari="623,72.0,140,-6.0,137,-26.0,100,-40.0" /></mjloggm>