<mjloggm ver="2.3"><GO type="41" lobby="0"/><UN n0="%E5%BC%B7%E3%81%8F%E3%81%AA%E3%82%8B" n1="%E3%83%9D%E3%83%88%E3%83%95%E3%81%9F%E3%82%8D%E3%81%86" n2="%E3%83%95%E3%82%A3%E3%83%AD%E3%82%BD%E3%83%95%E3%82%A3%E3%82%A2" n3="%E2%93%9D%53%75%70%68%78" dan="15,14,14,18" rate="2017.21,1919.90,1914.81,2140.64" sx="M,M,M,M"/><TAIKYOKU oya="0"/><INIT seed="0,0,0,1,5,79" ten="250,250,250,250" oya="0" hai0="48,16,106,63,11,104,70,88,120,108,129,102,67" hai1="96,98,18,69,46,116,26,37,84,59,62,1,74" hai2="85,107,77,110,99,124,100,51,92,24,25,86,35" hai3="57,19,64,66,75,132,82,119,111,29,13,94,4"/><T117/><D117/><U109/><E116/><V89/><F124/><W36/><G36/><T71/><D120/><U134/><E74/><V10/><F110/><W68/><G68/><T9/><D71/><U17/><E69/><V87/><F10/><W60/><G132/><T44/><D108/><U78/><E1/><V125/><F125/><W121/><G29/><T135/><D135/><U73/><E73/><V12/><F12/><W23/><G119/><T55/><D129/><U2/><E2/><V50/><F35/><W72/><G66/><T31/><D31/><U33/><E17/><V56/><F51/><W90/><G121/><T91/><D11/><U61/><E62/><V32/><F32/><W14/><G111/><T42/><D42/><U34/><E18/><V93/><F50/><W39/><G39/><T97/><REACH who="0" step="1"/><D106/><REACH who="0" ten="240,250,250,250" step="2"/><U81/><E109/><V118/><F118/><W40/><G40/><T126/><D126/><U105/><E134/><V115/><F115/><W52/><G4/><T127/><D127/><U20/><E105/><V28/><F28/><W114/><G114/><T47/><D47/><U80/><E46/><V113/><F56/><W133/><G133/><T49/><D49/><U123/><E59/><V65/><F113/><W122/><G122/><T7/><D7/><U95/><E123/><V128/><F128/><W15/><G19/><T53/><D53/><U5/><E5/><V103/><F65/><W101/><G64/><T58/><D58/><U43/><E43/><V76/><F107/><W38/><G38/><T54/><D54/><U112/><E112/><RYUUKYOKU ba="0,1" sc="240,30,250,-10,250,-10,250,-10" hai0="9,16,44,48,55,63,67,70,88,91,97,102,104" /><INIT seed="0,1,1,2,4,78" ten="270,240,240,240" oya="0" hai0="110,107,3,108,54,2,79,11,76,16,39,55,74" hai1="43,31,46,53,6,112,82,81,75,65,98,94,104" hai2="70,91,111,26,130,18,67,4,50,87,29,83,49" hai3="15,62,35,95,72,9,24,109,48,114,34,64,12"/><T63/><D107/><U59/><E104/><V88/><F4/><W10/><G72/><T124/><D39/><U8/><E31/><V20/><F130/><W7/><G114/><T80/><D79/><U0/><E75/><V30/><F111/><N who="0" m="42538" /><D124/><U121/><E65/><V102/><F102/><W56/><G109/><T17/><D3/><U77/><E77/><V22/><F30/><W42/><G24/><T127/><D127/><U45/><E121/><V37/><F37/><W113/><G113/><T14/><D2/><U21/><E21/><V57/><F70/><W106/><G106/><T93/><D93/><U116/><E116/><V92/><F67/><W36/><G36/><T71/><D17/><U85/><E85/><N who="2" m="52239" /><F57/><W1/><G1/><T135/><D135/><U27/><E112/><V96/><F96/><W101/><G35/><T126/><D126/><U123/><E123/><V5/><F5/><W134/><G34/><T58/><D71/><U90/><E27/><AGARI ba="1,1" hai="18,20,22,26,27,29,49,50,83,87,91" m="52239" machi="27" ten="30,3900,0" yaku="8,1,52,1,54,1" doraHai="78" who="2" fromWho="1" sc="270,0,240,-42,240,52,240,0" /><INIT seed="1,0,0,3,5,63" ten="270,198,292,240" oya="1" hai0="94,76,130,5,20,109,32,55,98,62,110,19,58" hai1="105,34,72,133,15,17,87,104,114,16,21,71,12" hai2="31,89,37,44,7,4,77,123,88,65,86,53,127" hai3="26,82,40,121,61,8,79,93,67,9,52,116,124"/><U99/><E114/><V38/><F123/><W1/><G121/><T91/><D130/><U125/><E72/><V120/><F120/><W45/><G124/><T112/><D112/><U108/><E125/><V57/><F127/><W119/><G93/><T95/><D32/><U0/><E0/><V81/><F31/><W111/><G26/><T129/><D129/><U23/><E34/><V51/><F38/><W64/><G111/><T41/><D41/><U90/><E108/><V103/><F103/><W33/><G33/><T13/><D76/><U36/><E36/><V10/><F37/><W113/><G40/><T46/><D46/><U106/><E71/><V14/><F7/><W102/><G102/><T66/><D5/><U18/><E133/><V59/><F59/><N who="3" m="35047" /><G45/><T6/><D6/><U131/><E131/><V84/><F84/><N who="3" m="48223" /><G1/><T126/><D126/><U28/><E28/><V22/><F22/><W74/><G74/><T97/><REACH who="0" step="1"/><D55/><REACH who="0" ten="260,198,292,240" step="2"/><U48/><E48/><V115/><F115/><W27/><G113/><T60/><D60/><AGARI ba="0,1" hai="4,10,14,44,51,53,57,60,65,77,81,86,88,89" machi="60" ten="40,5200,0" yaku="8,1,52,1,54,1" doraHai="63" who="2" fromWho="0" sc="260,-52,198,0,292,62,240,0" /><INIT seed="2,0,0,1,0,130" ten="208,198,354,240" oya="2" hai0="31,110,85,17,84,19,132,0,123,50,68,16,120" hai1="11,12,87,78,134,104,21,119,18,36,90,20,133" hai2="62,82,63,38,8,83,29,131,109,37,89,4,58" hai3="53,75,122,6,15,49,48,117,113,77,67,23,34"/><V108/><F29/><W30/><G117/><T97/><D68/><U26/><E119/><V72/><F131/><W46/><G34/><T135/><D0/><U81/><E104/><V70/><F70/><W5/><G122/><N who="0" m="46635" /><D50/><U27/><E36/><N who="2" m="13931" /><F72/><W129/><G113/><T96/><D31/><U114/><E114/><V47/><F47/><W39/><G77/><T112/><D112/><U14/><E27/><V24/><F24/><W28/><G75/><T64/><D64/><U51/><E51/><V92/><F92/><W56/><G39/><T101/><D110/><N who="2" m="42602" /><F89/><W124/><G30/><T105/><D97/><U74/><E26/><V71/><F71/><W102/><G28/><T76/><D76/><U10/><E74/><V99/><F99/><W86/><G129/><T111/><D111/><U106/><E106/><V100/><F100/><W91/><G102/><T2/><D2/><U93/><E93/><V103/><F103/><W59/><G91/><T22/><D22/><U115/><E115/><V1/><F63/><W61/><G61/><T126/><D126/><U95/><E95/><V98/><F98/><W13/><G124/><T116/><D116/><U43/><E90/><V121/><F121/><W7/><G86/><T66/><D66/><AGARI ba="0,0" hai="1,4,8,58,62,66,82,83" m="42602,13931" machi="66" ten="30,2900,0" yaku="14,1,10,1" doraHai="130" who="2" fromWho="0" sc="208,-29,198,0,354,29,240,0" /><INIT seed="2,1,0,5,1,129" ten="179,198,383,240" oya="2" hai0="130,11,117,30,36,120,34,106,17,41,91,0,113" hai1="101,122,133,82,88,90,1,5,124,131,21,10,123" hai2="128,33,73,19,125,86,87,38,65,112,107,26,115" hai3="119,99,49,4,94,28,16,8,15,132,32,29,58"/><V27/><F107/><W121/><G119/><T78/><D91/><U77/><E131/><V135/><F128/><W44/><G121/><N who="1" m="46090" /><E124/><V75/><F125/><W57/><G132/><T22/><D120/><U53/><E101/><V97/><F97/><W42/><G32/><T37/><D130/><U126/><E126/><V56/><F38/><W109/><G109/><T35/><D78/><U68/><E68/><V81/><F19/><W39/><G39/><T70/><D70/><U62/><E21/><V9/><F9/><W52/><G4/><T83/><D83/><U134/><E53/><V50/><F50/><N who="3" m="26903" /><G58/><T85/><D106/><U67/><E62/><V100/><F56/><W108/><G108/><T72/><D72/><N who="1" m="43303" /><E67/><V127/><F65/><W59/><G59/><T46/><D113/><U79/><E79/><V12/><F33/><W105/><G105/><T98/><D117/><U23/><E23/><V69/><F69/><W13/><G13/><T116/><D116/><U118/><E118/><V51/><F12/><W96/><G96/><T66/><D98/><U93/><E90/><AGARI ba="1,0" hai="8,15,16,28,29,49,52,57,90,94,99" m="26903" machi="90" ten="30,3900,0" yaku="8,1,54,2" doraHai="129" who="3" fromWho="1" sc="179,0,198,-42,383,0,240,42" /><INIT seed="3,0,0,1,5,73" ten="179,156,383,282" oya="3" hai0="40,104,127,84,79,32,74,88,18,68,121,52,37" hai1="94,118,76,114,125,21,27,63,61,85,67,5,72" hai2="49,89,35,47,77,107,82,86,24,80,103,90,43" hai3="20,10,122,46,22,42,123,75,133,17,116,92,45"/><W93/><G75/><T58/><D121/><U1/><E114/><V113/><F113/><W126/><G10/><T71/><D104/><U102/><E125/><V16/><F35/><W60/><G60/><T48/><D127/><U111/><E111/><V59/><F107/><W70/><G126/><T78/><D74/><U29/><E72/><V124/><F103/><W30/><G17/><T101/><D101/><U96/><E118/><V64/><F124/><W87/><G87/><T33/><D33/><U108/><E108/><V98/><F98/><W134/><G42/><T36/><D32/><U9/><REACH who="1" step="1"/><E67/><REACH who="1" ten="179,146,383,282" step="2"/><V6/><F64/><W128/><G116/><T13/><D71/><U57/><E57/><V50/><F59/><W44/><G70/><T117/><D68/><U23/><E23/><V112/><F112/><W95/><G128/><T135/><D117/><U55/><E55/><V97/><F43/><W41/><G41/><T100/><D135/><N who="3" m="51721" /><G30/><T53/><D53/><U106/><E106/><V62/><F47/><W130/><G130/><T91/><D40/><U56/><E56/><V2/><F62/><W83/><G83/><AGARI ba="0,1" hai="1,5,9,21,27,29,61,63,76,83,85,94,96,102" machi="83" ten="40,2600,0" yaku="1,1,52,1,53,0" doraHai="73" doraHaiUra="11" who="1" fromWho="3" sc="179,0,146,36,383,0,282,-26" /><INIT seed="4,0,0,1,2,38" ten="179,182,383,256" oya="0" hai0="33,90,133,117,100,79,81,134,56,22,99,58,71" hai1="24,47,26,52,102,13,17,78,89,30,84,68,61" hai2="48,124,122,76,110,53,29,94,125,54,130,64,34" hai3="12,35,115,15,31,96,9,66,118,7,57,44,55"/><T93/><D71/><U23/><E102/><V1/><F1/><W40/><G118/><T77/><D117/><U135/><E135/><N who="0" m="51721" /><D33/><U3/><E3/><V65/><F122/><W128/><G115/><T50/><D22/><U95/><E68/><V111/><F76/><N who="0" m="29258" /><D50/><N who="1" m="28767" /><E61/><V70/><F34/><W2/><G31/><T116/><D116/><U0/><E0/><V8/><F29/><W51/><G35/><T92/><D81/><N who="1" m="47159" /><E30/><V131/><F70/><W37/><G128/><T75/><D75/><U103/><E103/><V73/><F73/><W126/><G66/><T18/><D18/><U74/><E74/><V85/><F65/><W104/><G37/><T109/><D109/><U19/><E17/><V46/><F64/><W62/><G62/><T20/><D20/><U80/><E80/><V113/><F111/><W14/><G55/><T16/><D16/><U59/><E59/><N who="0" m="22569" /><D90/><U106/><E106/><AGARI ba="0,0" hai="92,93,99,100,106" m="22569,29258,51721" machi="106" ten="30,1500,0" yaku="20,1" doraHai="38" who="0" fromWho="1" sc="179,15,182,-15,383,0,256,0" /><INIT seed="4,1,0,0,5,51" ten="194,167,383,256" oya="0" hai0="15,71,43,120,96,18,123,17,128,127,88,134,41" hai1="117,98,135,49,47,7,42,45,106,23,50,102,34" hai2="21,58,85,99,52,97,1,72,38,55,92,82,93" hai3="3,39,26,27,107,111,80,122,132,113,121,4,63"/><T131/><D71/><U81/><E117/><V66/><F38/><W87/><G111/><T126/><D96/><N who="2" m="36938" /><F1/><W64/><G113/><T94/><D94/><N who="2" m="36458" /><F72/><W14/><G132/><T91/><REACH who="0" step="1"/><D15/><REACH who="0" ten="184,167,383,256" step="2"/><U104/><E104/><V69/><F69/><W11/><G14/><T68/><D68/><U133/><E81/><V115/><F115/><W36/><G80/><T12/><D12/><U95/><E106/><V112/><F112/><W53/><G107/><T101/><D101/><U30/><E133/><AGARI ba="1,1" hai="17,18,41,43,88,91,120,123,126,127,128,131,133,134" machi="133" ten="25,9600,0" yaku="1,1,22,2,54,1,53,0" doraHai="51" doraHaiUra="62" who="0" fromWho="1" sc="184,109,167,-99,383,0,256,0" /><INIT seed="4,2,0,2,4,106" ten="293,68,383,256" oya="0" hai0="50,87,49,112,67,2,60,8,73,9,61,89,110" hai1="135,100,96,111,25,10,128,69,64,104,70,77,107" hai2="72,93,90,109,53,125,31,29,44,102,11,19,101" hai3="32,78,79,121,39,36,55,75,131,76,132,15,86"/><T66/><D112/><U16/><E111/><V133/><F109/><W74/><G32/><T92/><D110/><U14/><E135/><V22/><F133/><W88/><G132/><T83/><D66/><U122/><E122/><V124/><F11/><W84/><G121/><T58/><D61/><U21/><E128/><V115/><F115/><W38/><G131/><T18/><D9/><U7/><E64/><V97/><F72/><W118/><G118/><T51/><D18/><U114/><E114/><V1/><F1/><W47/><G15/><T57/><D57/><U108/><E108/><V129/><F129/><W65/><G86/><T120/><D120/><U116/><E116/><V95/><F44/><W6/><G6/><T71/><D71/><U34/><E107/><V27/><F53/><W99/><G99/><T59/><D59/><U52/><E77/><V127/><F95/><W68/><G55/><T13/><D13/><U46/><REACH who="1" step="1"/><E34/><REACH who="1" ten="293,58,383,256" step="2"/><V80/><F127/><W12/><G65/><T113/><D113/><U82/><E82/><V126/><F80/><N who="3" m="49159" /><G68/><T48/><D83/><U56/><E56/><V28/><AGARI ba="2,1" hai="19,22,27,28,29,31,90,93,97,101,102,124,125,126" machi="28" ten="40,2700,0" yaku="0,1,18,1" doraHai="106" who="2" fromWho="2" sc="293,-15,58,-9,383,43,256,-9" /><INIT seed="5,0,0,3,1,89" ten="278,49,426,247" oya="1" hai0="95,15,92,77,75,123,71,101,104,85,3,26,50" hai1="9,35,58,28,76,22,118,47,72,132,21,14,56" hai2="67,82,127,33,39,61,1,97,46,134,121,116,60" hai3="25,62,111,78,112,69,29,93,44,31,59,64,19"/><U124/><E118/><V100/><F1/><W107/><G111/><T10/><D71/><U80/><E35/><V87/><F121/><W86/><G107/><T90/><D3/><U79/><E124/><V34/><F116/><W91/><G112/><T96/><D123/><U99/><E79/><V94/><F127/><W38/><G69/><T130/><D130/><U109/><E109/><V55/><F134/><W57/><G38/><T8/><D95/><U30/><E132/><V43/><F55/><W117/><G44/><T81/><D15/><U110/><E110/><V73/><F61/><W40/><G40/><T37/><D37/><U105/><E47/><V20/><F20/><N who="1" m="7785" /><E105/><V45/><F45/><W53/><G78/><T18/><D18/><N who="1" m="8527" /><E72/><V36/><F36/><W27/><G117/><T68/><D68/><U0/><E0/><V51/><F73/><W125/><G125/><T42/><D26/><N who="3" m="9737" /><G19/><T102/><D102/><U54/><E99/><V32/><F32/><W7/><G7/><T120/><D120/><U103/><E103/><V119/><F39/><W114/><G114/><T126/><D126/><U5/><E5/><V41/><F119/><W16/><G16/><T129/><D129/><U12/><E12/><V23/><F23/><W106/><G106/><T49/><D42/><U128/><E128/><V48/><F46/><W4/><G4/><T113/><D113/><U17/><E17/><V122/><F34/><W24/><G24/><T135/><D135/><U2/><E2/><V83/><F33/><W11/><G11/><AGARI ba="0,0" hai="8,10,11,49,50,75,77,81,85,90,92,96,101,104" machi="11" ten="40,5200,0" yaku="24,2,52,1" doraHai="89" who="0" fromWho="3" sc="278,52,49,0,426,0,247,-52" /><INIT seed="6,0,0,1,4,2" ten="330,49,426,195" oya="2" hai0="3,63,83,42,58,69,4,130,54,32,5,62,15" hai1="118,46,76,90,17,111,98,87,100,72,93,109,91" hai2="126,82,57,132,55,29,9,119,77,95,61,75,60" hai3="33,115,45,103,50,129,25,27,18,49,85,133,28"/><V56/><F119/><W34/><G129/><T127/><D32/><U71/><E46/><V135/><F126/><W1/><G1/><T74/><D130/><U99/><E71/><V134/><F29/><W81/><G133/><T68/><D3/><U131/><E17/><V89/><F9/><W123/><G123/><T94/><D127/><U116/><E131/><V88/><REACH who="2" step="1"/><F95/><REACH who="2" ten="330,49,416,195" step="2"/><W80/><G28/><T128/><D128/><U47/><E116/><V51/><F51/><W24/><G50/><T113/><D94/><N who="1" m="58455" /><E118/><V104/><F104/><W30/><G30/><T110/><D110/><U10/><E10/><V96/><F96/><W125/><G125/><T6/><D113/><U26/><E111/><V41/><F41/><W78/><G115/><T53/><D42/><U84/><E109/><V120/><F120/><W19/><G34/><T112/><D112/><U20/><E47/><V36/><F36/><W44/><G33/><T21/><D21/><U92/><E20/><V121/><F121/><W108/><G108/><T38/><D38/><U86/><E26/><V67/><AGARI ba="0,1" hai="55,56,57,60,61,67,75,77,82,88,89,132,134,135" machi="67" ten="30,11700,0" yaku="1,1,0,1,20,1,54,1,53,0" doraHai="2" doraHaiUra="114" who="2" fromWho="2" sc="330,-39,49,-39,416,127,195,-39" /><INIT seed="6,1,0,0,2,51" ten="291,10,543,156" oya="2" hai0="30,107,43,20,36,103,38,114,56,49,116,67,110" hai1="128,35,106,80,21,58,69,99,92,113,120,14,122" hai2="77,105,72,126,57,78,29,135,119,76,8,109,19" hai3="25,28,127,2,15,60,37,39,17,71,130,46,53"/><V73/><F119/><W66/><G2/><T81/><D110/><U42/><E69/><V26/><F105/><W102/><G130/><T16/><D30/><U93/><E35/><V133/><F109/><W12/><G127/><T125/><D81/><U31/><E128/><V121/><F121/><W123/><G123/><T104/><D67/><U98/><E113/><V79/><F79/><W40/><G39/><T108/><D108/><U94/><E80/><V88/><F88/><W74/><G74/><T50/><D50/><U97/><E106/><V1/><F126/><W70/><G70/><T134/><D125/><U101/><E42/><V32/><F19/><W115/><G17/><T90/><D90/><U96/><N who="1" m="24576" /><DORA hai="7" /><U55/><E101/><V85/><F85/><W9/><G102/><T22/><D103/><U27/><REACH who="1" step="1"/><E14/><REACH who="1" ten="291,0,543,156" step="2"/><V75/><F32/><W10/><G115/><T111/><D114/><U47/><E47/><V112/><F112/><W6/><G15/><T100/><D100/><U44/><E44/><V132/><F75/><W65/><G71/><T11/><D43/><U91/><E91/><V61/><F73/><W52/><G40/><T84/><D111/><U62/><AGARI ba="1,1" hai="21,27,31,55,58,62,92,93,94,120,122" m="24576" machi="62" ten="50,8000,1" yaku="1,1,0,1,52,1,53,1" doraHai="51,7" doraHaiUra="83,54" who="1" fromWho="1" sc="291,-21,0,93,543,-41,156,-21" /><INIT seed="7,0,0,2,3,123" ten="270,93,502,135" oya="3" hai0="70,62,43,34,117,128,46,9,135,71,10,85,4" hai1="30,38,91,29,94,107,110,102,96,13,21,49,59" hai2="48,28,106,47,113,93,87,17,61,22,58,33,74" hai3="112,125,19,8,51,109,56,134,54,132,124,26,131"/><W66/><G112/><T0/><D34/><U76/><E38/><V32/><F74/><W97/><G97/><T68/><D117/><U92/><E107/><V130/><F28/><W57/><G8/><T65/><D128/><U133/><E133/><N who="3" m="51306" /><G19/><T5/><D85/><U14/><E76/><V64/><F17/><W11/><G11/><T105/><D105/><U6/><E6/><V31/><F106/><W103/><G103/><T27/><D27/><U88/><E102/><V53/><F33/><W83/><G83/><T77/><D77/><U98/><E110/><V118/><F32/><W12/><G12/><T101/><D101/><U2/><E2/><V86/><F113/><W63/><G26/><T75/><D75/><U78/><E78/><V20/><F20/><W50/><G131/><T81/><D81/><U122/><E122/><V126/><F22/><W116/><G116/><T108/><D108/><U36/><E36/><V114/><F118/><W25/><G25/><T95/><D95/><U73/><E73/><V23/><F23/><W37/><G37/><N who="0" m="21871" /><D135/><U39/><E39/><V16/><F16/><W67/><G109/><T89/><D89/><U44/><E59/><V40/><F93/><W119/><G119/><T60/><D60/><U82/><E82/><V35/><F114/><W100/><G100/><T111/><D111/><U72/><E72/><V45/><F35/><W99/><G63/><T121/><D121/><U129/><E129/><V52/><F130/><W24/><G24/><T115/><D115/><U104/><E104/><V3/><F3/><AGARI ba="0,0" hai="0,3,4,5,9,10,62,65,68,70,71" m="21871" machi="3" ten="30,2000,0" yaku="33,2" doraHai="123" who="0" fromWho="2" sc="270,20,93,0,502,-20,135,0" owari="290,9.0,93,-41.0,482,58.0,135,-26.0" /></mjloggm>