<mjloggm ver="2.3"><GO type="41" lobby="0"/><UN n0="%67%61%6B%75%63%68%69%6E" n1="%31%30%31%E7%95%AA%E7%9B%AE%E3%81%AE%E9%AD%94%E7%89%A9" n2="%E2%93%9D%53%75%70%68%78" n3="%E3%82%A8%E3%82%AF%E3%82%BB%E3%83%A9" dan="14,15,18,13" rate="1916.46,1973.40,2151.76,1872.91" sx="M,F,M,F"/><TAIKYOKU oya="0"/><INIT seed="0,0,0,4,1,73" ten="250,250,250,250" oya="0" hai0="117,108,67,23,118,9,116,82,63,54,25,78,19" hai1="62,101,49,106,21,36,56,50,18,105,4,123,119" hai2="99,52,115,80,77,69,6,98,43,127,33,104,55" hai3="32,5,48,121,110,11,7,57,130,12,103,102,13"/><T16/><D108/><U93/><E123/><V27/><F115/><W90/><G32/><T96/><D96/><U86/><E119/><V8/><F69/><W53/><G110/><T114/><D54/><U111/><E36/><V83/><F43/><W26/><G130/><T42/><D42/><U124/><E111/><V39/><F127/><W79/><G79/><T68/><D114/><U61/><E124/><V109/><F83/><W59/><G26/><T10/><REACH who="0" step="1"/><D19/><REACH who="0" ten="240,250,250,250" step="2"/><U45/><E106/><V31/><F99/><W76/><G121/><T91/><D91/><U92/><E105/><V51/><F109/><W87/><G76/><T70/><D70/><U22/><E18/><V65/><F98/><W84/><G90/><T128/><D128/><U122/><E122/><V66/><F55/><W133/><G133/><T100/><D100/><U28/><E101/><V85/><F104/><W14/><G103/><T94/><D94/><U34/><E93/><V88/><F39/><W71/><G102/><T97/><D97/><U75/><E92/><V41/><F41/><W38/><G71/><T129/><D129/><U126/><E126/><V3/><REACH who="2" step="1"/><F88/><REACH who="2" ten="240,250,240,250" step="2"/><W74/><G38/><T131/><D131/><U15/><E45/><AGARI ba="0,2" hai="3,6,8,27,31,33,45,51,52,65,66,77,80,85" machi="45" ten="30,12000,2" yaku="1,1,2,1,7,1,52,1,54,1,53,1" doraHai="73" doraHaiUra="1" who="2" fromWho="1" sc="240,0,250,-120,240,140,250,0" /><INIT seed="1,0,0,0,2,28" ten="240,130,380,250" oya="1" hai0="98,50,1,88,35,13,134,83,117,44,123,55,133" hai1="2,33,56,132,3,58,57,63,106,110,130,19,77" hai2="6,112,29,45,24,61,119,120,68,72,101,84,38" hai3="7,4,51,16,86,22,115,90,26,122,9,104,78"/><U85/><E130/><V14/><F119/><W95/><G104/><T113/><D1/><U105/><E132/><V41/><F72/><W108/><G108/><T36/><D117/><U34/><E110/><V111/><F120/><W49/><G115/><T5/><D113/><U21/><E63/><V87/><F101/><W48/><G122/><T135/><D36/><U125/><E125/><V11/><F111/><W126/><G126/><T27/><D123/><U10/><E10/><V67/><REACH who="2" step="1"/><F112/><REACH who="2" ten="240,130,370,250" step="2"/><W62/><G78/><T82/><D5/><U15/><E77/><V42/><F42/><W52/><G9/><T92/><D13/><U39/><E39/><V127/><F127/><W79/><G79/><T0/><D0/><U46/><E2/><V76/><F76/><W53/><G4/><T80/><D27/><U17/><E3/><V43/><F43/><W25/><G26/><T121/><D121/><U30/><E15/><V40/><F40/><W102/><G7/><T107/><D107/><U20/><E30/><V128/><F128/><W131/><G102/><T32/><AGARI ba="0,1" hai="32,35,44,50,55,80,82,83,88,92,98,133,134,135" machi="32" ten="40,8000,1" yaku="0,1,20,1,52,2,54,1" doraHai="28" who="0" fromWho="0" sc="240,90,130,-40,370,-20,250,-20" /><INIT seed="2,0,0,1,1,8" ten="330,90,350,230" oya="2" hai0="119,39,83,6,101,98,113,86,87,9,88,134,89" hai1="97,45,43,4,62,120,112,109,63,117,28,103,72" hai2="69,65,135,16,36,105,68,1,111,108,51,90,52" hai3="42,102,104,67,30,80,21,59,7,82,96,60,3"/><V123/><F123/><W27/><G3/><T91/><D39/><U25/><E120/><V61/><F1/><W29/><G7/><T38/><D38/><U116/><E112/><V121/><F121/><W5/><G5/><T71/><D71/><U74/><E4/><V0/><F105/><W24/><G42/><T15/><D134/><U18/><E18/><V14/><F36/><W19/><G19/><T47/><D119/><U23/><E109/><N who="2" m="42059" /><F0/><W31/><G31/><T94/><D113/><U13/><E117/><V73/><F73/><W133/><G133/><T40/><D40/><U44/><E116/><V70/><F90/><W85/><G85/><T107/><D47/><N who="1" m="17995" /><E74/><V35/><F35/><W124/><G124/><T20/><D20/><N who="1" m="15399" /><E72/><V12/><F135/><W46/><REACH who="3" step="1"/><G46/><REACH who="3" ten="330,90,350,220" step="2"/><T11/><D11/><U92/><E43/><V132/><F132/><W106/><G106/><T41/><D41/><U130/><E130/><V50/><F16/><W22/><AGARI ba="0,1" hai="21,22,24,27,29,30,59,60,67,80,82,96,102,104" machi="22" ten="20,5200,0" yaku="1,1,0,1,7,1,9,1,53,0" doraHai="8" doraHaiUra="33" who="3" fromWho="3" sc="330,-13,90,-13,350,-26,220,62" /><INIT seed="3,0,0,0,2,18" ten="317,77,324,282" oya="3" hai0="82,110,50,57,25,22,28,23,116,77,85,67,60" hai1="76,66,35,65,42,71,102,29,86,0,93,109,56" hai2="105,122,27,94,41,21,107,104,118,70,38,74,130" hai3="5,80,72,88,15,17,112,58,44,73,89,9,52"/><W49/><G112/><T92/><D116/><U10/><E109/><V34/><F118/><W95/><G73/><T68/><D110/><U78/><E42/><V98/><F74/><W45/><G72/><T121/><D121/><U115/><E115/><V7/><F34/><W43/><G80/><T61/><D50/><U39/><E39/><V11/><F130/><W91/><G5/><T119/><D92/><U99/><E71/><V97/><F70/><W6/><G6/><T111/><D111/><U26/><E56/><V128/><F128/><W20/><G9/><T40/><D40/><U84/><E84/><V83/><F83/><W131/><G131/><T31/><D31/><U120/><E120/><V19/><F122/><W123/><G123/><T8/><D8/><U4/><REACH who="1" step="1"/><E86/><REACH who="1" ten="317,67,324,282" step="2"/><V129/><F129/><W30/><G30/><T126/><D119/><U1/><E1/><V62/><F41/><W135/><G135/><T133/><D133/><U33/><E33/><V51/><F38/><W75/><G75/><T13/><D126/><U101/><E101/><V36/><F36/><W46/><G43/><T108/><D108/><U47/><E47/><V127/><F127/><W90/><G44/><T3/><D3/><U16/><E16/><V53/><F19/><W117/><G117/><T124/><D124/><U113/><E113/><V2/><F2/><W37/><G37/><T114/><D114/><U100/><E100/><V54/><F7/><W12/><G12/><T55/><D13/><U103/><E103/><V69/><F69/><W64/><G64/><AGARI ba="0,1" hai="0,4,10,26,29,35,64,65,66,76,78,93,99,102" machi="64" ten="40,1300,0" yaku="1,1,53,0" doraHai="18" doraHaiUra="106" who="1" fromWho="3" sc="317,0,67,23,324,0,282,-13" /><INIT seed="4,0,0,4,4,123" ten="317,90,324,269" oya="0" hai0="93,104,37,80,108,81,86,102,67,34,98,39,26" hai1="28,74,23,8,45,71,109,90,2,133,60,116,117" hai2="134,4,128,111,76,100,5,13,44,85,124,114,47" hai3="54,14,17,46,66,36,38,103,43,82,115,72,7"/><T65/><D80/><U129/><E74/><V88/><F111/><W57/><G115/><T24/><D104/><U25/><E129/><V130/><F124/><W32/><G32/><T59/><D67/><U68/><E133/><V9/><F100/><W31/><G31/><T22/><D34/><U135/><E135/><V10/><F76/><W33/><G33/><T0/><D26/><U6/><E109/><V20/><F20/><W84/><G72/><T96/><D96/><U87/><E45/><V105/><F105/><W107/><G7/><T1/><D1/><U62/><E62/><V55/><F114/><W120/><G66/><T52/><D65/><U18/><E28/><V64/><F64/><W61/><G120/><T29/><D0/><U42/><E42/><V19/><F134/><W21/><G107/><T121/><D108/><U92/><REACH who="1" step="1"/><E60/><REACH who="1" ten="317,80,324,269" step="2"/><V94/><F47/><W53/><G53/><T119/><D121/><U127/><E127/><V101/><F130/><W56/><G56/><T35/><D119/><AGARI ba="0,1" hai="2,6,8,18,23,25,68,71,87,90,92,116,117,119" machi="119" ten="40,2600,0" yaku="1,1,53,1" doraHai="123" doraHaiUra="89" who="1" fromWho="0" sc="317,-26,80,36,324,0,269,0" /><INIT seed="5,0,0,4,3,92" ten="291,116,324,269" oya="1" hai0="129,25,41,77,33,70,83,95,4,40,32,43,64" hai1="69,132,39,82,80,114,110,60,74,44,76,27,81" hai2="59,102,6,75,105,99,49,68,124,20,53,116,73" hai3="45,104,87,1,90,86,54,135,11,55,120,31,61"/><U96/><E114/><V128/><F116/><W88/><G104/><T13/><D129/><U14/><E132/><V46/><F68/><W106/><G106/><T9/><D25/><U56/><E110/><V51/><F124/><W98/><G135/><T101/><D64/><U28/><E69/><V100/><F100/><W48/><G31/><T122/><D122/><U24/><E14/><V118/><F118/><W67/><G1/><T12/><D13/><U63/><E63/><V19/><F6/><W119/><G119/><T18/><D4/><U115/><E115/><V26/><REACH who="2" step="1"/><F128/><REACH who="2" ten="291,116,314,269" step="2"/><W47/><G120/><T22/><D70/><U17/><E17/><V15/><F15/><W127/><G127/><T125/><D125/><U94/><E27/><V133/><F133/><W91/><G11/><T2/><D2/><U72/><E72/><V37/><F37/><W111/><G111/><T36/><D36/><U8/><E8/><V7/><F7/><W3/><G3/><T108/><D9/><U93/><E39/><V89/><F89/><W0/><G0/><T79/><D108/><U113/><E113/><V16/><F16/><W30/><G30/><T38/><D38/><U58/><E24/><V66/><F66/><W29/><G29/><T34/><REACH who="0" step="1"/><D83/><REACH who="0" ten="281,116,314,269" step="2"/><U42/><E28/><V103/><F103/><W35/><G35/><T62/><D62/><U131/><E60/><V126/><F126/><W112/><G112/><T85/><D85/><N who="3" m="32265" /><G67/><T50/><D50/><N who="1" m="26903" /><E131/><V21/><F21/><W10/><G10/><T5/><D5/><U65/><E65/><V78/><F78/><RYUUKYOKU ba="0,2" sc="281,15,116,-15,314,15,269,-15" hai0="12,18,22,32,33,34,40,41,43,77,79,95,101" hai2="19,20,26,46,49,51,53,59,73,75,99,102,105" /><INIT seed="6,1,2,1,5,70" ten="296,101,329,254" oya="2" hai0="120,112,122,99,7,77,82,97,58,16,114,119,80" hai1="125,124,51,81,121,15,10,130,85,49,78,100,61" hai2="111,44,129,48,25,98,88,1,12,8,128,96,13" hai3="57,36,101,68,4,3,6,79,83,55,131,105,5"/><V71/><F71/><W109/><G36/><T94/><D7/><U116/><E121/><N who="0" m="46697" /><D119/><U73/><E116/><V30/><F111/><W106/><G68/><T64/><D64/><U113/><E113/><N who="0" m="43625" /><D58/><U21/><E130/><N who="2" m="50283" /><F1/><W95/><G109/><T67/><D67/><U40/><E73/><V63/><F63/><W52/><G55/><T11/><D94/><U35/><E35/><N who="2" m="20943" /><F8/><W65/><G65/><T42/><D42/><U54/><E21/><V45/><F45/><W91/><G101/><T84/><D80/><U24/><E100/><V90/><F98/><W110/><G110/><T33/><D33/><U93/><E24/><V103/><F13/><AGARI ba="1,2" hai="11,13,16,77,82,84,97,99" m="43625,46697" machi="13" ten="30,2000,0" yaku="15,1,54,1" doraHai="70" who="0" fromWho="2" sc="296,43,101,0,329,-23,254,0" /><INIT seed="7,0,0,3,0,17" ten="339,101,306,254" oya="3" hai0="124,129,92,68,19,51,34,21,31,44,63,20,93" hai1="28,62,101,65,71,40,122,113,4,12,50,0,109" hai2="121,115,95,125,134,133,26,80,102,79,73,131,117" hai3="41,25,15,9,27,35,48,30,7,29,22,55,90"/><W47/><REACH who="3" step="1"/><G90/><REACH who="3" ten="339,101,306,244" step="2"/><T98/><D124/><U32/><E109/><V120/><F125/><W77/><G77/><T53/><D129/><U2/><E122/><N who="2" m="47211" /><F131/><W97/><G97/><T56/><D98/><U70/><E113/><V116/><F115/><W100/><G100/><T123/><D123/><U58/><E101/><V130/><F130/><W57/><G57/><T49/><D68/><U78/><E78/><V37/><F37/><W6/><G6/><T60/><D34/><U96/><E96/><N who="2" m="59679" /><F26/><W36/><G36/><T23/><D31/><U114/><E114/><V59/><F59/><W45/><G45/><T16/><D49/><U81/><E70/><V67/><F67/><W82/><G82/><T39/><D39/><U132/><E132/><AGARI ba="0,1" hai="73,79,80,116,117,132,133,134" m="59679,47211" machi="132" ten="30,7700,0" yaku="20,1,13,1,34,2" doraHai="17" who="2" fromWho="1" sc="339,0,101,-77,306,87,244,0" owari="339,14.0,24,-48.0,393,50.0,244,-16.0" /></mjloggm>