<mjloggm ver="2.3"><GO type="41" lobby="0"/><UN n0="%E2%93%9D%53%75%70%68%78" n1="%E3%81%95%E3%82%89%E3%81%B1%E3%81%84" n2="%47%53" n3="%68%67%68%79%74%33%68" dan="18,13,13,15" rate="2093.51,1800.43,1870.85,2017.89" sx="M,F,M,F"/><TAIKYOKU oya="0"/><INIT seed="0,0,0,3,1,45" ten="250,250,250,250" oya="0" hai0="119,12,66,123,60,131,104,106,3,103,120,92,95" hai1="84,74,75,86,16,32,62,42,47,6,26,23,89" hai2="56,107,24,111,57,40,63,96,61,81,126,128,122" hai3="9,14,21,43,11,65,1,50,72,80,97,13,8"/><T115/><D3/><U31/><E6/><V90/><F122/><W105/><G1/><T58/><D119/><U82/><E62/><V20/><F111/><W87/><G72/><T112/><D12/><U101/><E101/><V70/><F70/><W5/><G65/><T54/><D131/><U33/><E33/><V52/><F128/><W133/><G133/><T108/><D108/><U2/><E2/><V44/><F126/><W36/><G36/><T46/><D103/><U98/><E98/><V7/><F107/><W22/><G97/><T114/><D95/><U51/><REACH who="1" step="1"/><E84/><REACH who="1" ten="250,240,250,250" step="2"/><N who="2" m="50447" /><F7/><W78/><G105/><T93/><D106/><U37/><E37/><V35/><F35/><W121/><G121/><T15/><D104/><U129/><E129/><V118/><F96/><W4/><G11/><T71/><D123/><U55/><E55/><V64/><F118/><W79/><G79/><T135/><D120/><U17/><E17/><N who="2" m="12303" /><F40/><W59/><G43/><T110/><D110/><U77/><E77/><V27/><F27/><AGARI ba="0,1" hai="16,23,26,27,31,32,42,47,51,74,75,82,86,89" machi="27" ten="30,7700,0" yaku="1,1,7,1,52,1,54,1,53,0" doraHai="45" doraHaiUra="132" who="1" fromWho="2" sc="250,0,240,87,250,-77,250,0" /><INIT seed="1,0,0,1,4,33" ten="250,327,173,250" oya="1" hai0="83,97,95,65,76,110,89,102,101,44,39,63,53" hai1="49,121,77,61,123,124,46,84,29,117,114,126,103" hai2="31,38,8,132,127,59,19,36,111,20,135,4,42" hai3="104,108,28,13,45,86,78,71,94,120,34,11,129"/><U30/><E117/><V35/><F59/><W66/><G120/><T81/><D110/><U116/><E116/><V50/><F50/><W119/><G119/><T47/><D39/><U64/><E114/><V85/><F42/><W109/><G104/><T73/><D53/><U134/><E134/><N who="2" m="51243" /><F85/><W40/><G129/><T69/><D102/><U6/><E6/><V115/><F38/><W105/><G105/><T12/><D12/><U26/><E103/><V43/><F36/><W25/><G71/><T87/><AGARI ba="0,0" hai="44,47,63,65,69,73,76,81,83,87,89,95,97,101" machi="87" ten="30,1100,0" yaku="0,1" doraHai="33" who="0" fromWho="0" sc="250,11,327,-5,173,-3,250,-3" /><INIT seed="2,0,0,1,5,63" ten="261,322,170,247" oya="2" hai0="112,127,71,31,61,55,86,58,70,111,21,113,33" hai1="28,46,6,107,83,79,72,126,36,132,66,60,74" hai2="45,95,1,24,124,48,84,52,103,90,14,109,37" hai3="2,98,130,78,8,29,27,11,94,105,77,19,96"/><V93/><F1/><W87/><G130/><T92/><D33/><U76/><E126/><V128/><F128/><W73/><G73/><T116/><D111/><U38/><E132/><V121/><F121/><W88/><G2/><T47/><D31/><U51/><E107/><V49/><F37/><W129/><G129/><T81/><D92/><U5/><E28/><V91/><F124/><W69/><G69/><T23/><D116/><U85/><E85/><V43/><F109/><W13/><G11/><T4/><D4/><U44/><E51/><V62/><F103/><W16/><G19/><T134/><D134/><U117/><E83/><V97/><F24/><W80/><G105/><T30/><D127/><U18/><E60/><V115/><F115/><W119/><G119/><T35/><D35/><U39/><E39/><V12/><REACH who="2" step="1"/><F62/><REACH who="2" ten="261,322,160,247" step="2"/><W25/><G25/><T40/><D113/><U133/><E133/><V53/><F53/><W15/><G15/><T114/><D114/><U34/><E117/><V100/><F100/><W22/><G96/><T131/><D131/><U32/><E38/><V110/><F110/><W125/><G125/><T54/><D54/><U104/><E36/><V20/><F20/><W122/><G122/><T99/><D23/><U0/><E0/><V106/><F106/><W41/><REACH who="3" step="1"/><G41/><REACH who="3" ten="261,322,160,237" step="2"/><T75/><D40/><U7/><E104/><V108/><F108/><W135/><G135/><T56/><D112/><U50/><E34/><V118/><F118/><W59/><G59/><AGARI ba="0,2" hai="12,14,43,45,48,49,52,59,84,90,91,93,95,97" machi="59" ten="30,11600,0" yaku="1,1,7,1,8,1,54,1,53,0" doraHai="63" doraHaiUra="3" who="2" fromWho="3" sc="261,0,322,0,160,136,237,-116" /><INIT seed="2,1,0,2,5,29" ten="261,322,296,121" oya="2" hai0="68,3,40,17,8,83,123,26,128,100,82,65,48" hai1="135,130,86,37,79,32,67,64,113,89,92,77,69" hai2="9,58,23,121,75,61,119,46,39,22,110,24,70" hai3="95,43,18,98,12,59,101,85,102,11,90,62,38"/><V122/><F75/><W81/><G38/><T44/><D123/><U118/><E118/><V117/><F9/><W25/><G25/><T49/><D128/><U30/><E113/><V129/><F23/><W31/><G31/><T55/><D100/><U16/><E37/><V6/><F6/><W88/><REACH who="3" step="1"/><G43/><REACH who="3" ten="261,322,296,111" step="2"/><T47/><D26/><U80/><E130/><V45/><F129/><W5/><G5/><T52/><D40/><U84/><E135/><V134/><F24/><W20/><G20/><T0/><D17/><U51/><E16/><V41/><F22/><W96/><G96/><T97/><D97/><U13/><E13/><V74/><F134/><W71/><G71/><T15/><D15/><U106/><E69/><V112/><F70/><W87/><G87/><T21/><D21/><U103/><E30/><V28/><F28/><W35/><G35/><T93/><D8/><U53/><E32/><V54/><F39/><W115/><G115/><T50/><D68/><U131/><E131/><V120/><F112/><W124/><G124/><T99/><D99/><U111/><E111/><V2/><F110/><W33/><G33/><T127/><D127/><U66/><E84/><V91/><F41/><W14/><G14/><T27/><D27/><U42/><E42/><V72/><F122/><W109/><G109/><T94/><D50/><U56/><E106/><V7/><F121/><W19/><G19/><T116/><D116/><U1/><E1/><V105/><F120/><W36/><G36/><T104/><D104/><U132/><E132/><V10/><F117/><W133/><G133/><RYUUKYOKU ba="1,1" sc="261,10,322,10,296,-30,111,10" hai0="0,3,44,47,48,49,52,55,65,82,83,93,94" hai1="51,53,56,64,66,67,77,79,80,86,89,92,103" hai3="11,12,18,59,62,81,85,88,90,95,98,101,102" /><INIT seed="3,2,1,3,3,110" ten="271,332,266,121" oya="3" hai0="107,9,120,21,57,77,69,60,53,101,27,35,28" hai1="106,58,88,44,34,22,99,86,66,4,98,134,42" hai2="12,102,52,83,13,49,96,122,62,115,97,71,51" hai3="14,41,118,89,46,26,131,84,31,29,68,45,10"/><W18/><G131/><T16/><D120/><U3/><E34/><V59/><F71/><W37/><G68/><T61/><D77/><U103/><E134/><V75/><F122/><W30/><G46/><T79/><D79/><U112/><E99/><V6/><F75/><W76/><G76/><T1/><D107/><U123/><E123/><V85/><F115/><W82/><REACH who="3" step="1"/><G118/><REACH who="3" ten="271,332,266,111" step="2"/><T95/><D69/><U116/><E116/><V20/><F102/><W109/><G109/><T93/><D101/><U80/><E112/><V70/><F70/><W125/><G125/><T5/><REACH who="0" step="1"/><D61/><REACH who="0" ten="261,332,266,111" step="2"/><U47/><E47/><V17/><F62/><W63/><G63/><T64/><D64/><U91/><E44/><V8/><REACH who="2" step="1"/><F49/><REACH who="2" ten="261,332,256,111" step="2"/><W50/><G50/><T54/><D54/><U105/><E66/><V121/><F121/><W92/><G92/><T36/><D36/><U111/><E111/><V25/><F25/><AGARI ba="2,4" hai="10,14,18,25,26,29,30,31,37,41,45,82,84,89" machi="25" ten="40,2000,0" yaku="1,1,53,0" doraHai="110" doraHaiUra="90" who="3" fromWho="2" sc="261,0,332,0,256,-26,111,66" /><AGARI ba="2,0" hai="1,5,9,16,21,25,27,28,35,53,57,60,93,95" machi="25" ten="30,8000,1" yaku="1,1,7,1,54,1,53,2" doraHai="110" doraHaiUra="90" who="0" fromWho="2" sc="261,80,332,0,230,-80,177,0" /><INIT seed="3,3,0,1,1,100" ten="341,332,150,177" oya="3" hai0="70,54,122,128,17,51,97,80,126,19,107,45,73" hai1="30,0,85,63,29,26,36,44,23,90,15,24,61" hai2="76,7,111,132,53,59,34,118,42,129,103,28,109" hai3="67,41,11,94,113,48,58,114,46,49,8,9,2"/><W101/><G2/><T95/><D122/><U99/><E0/><V39/><F76/><W112/><G94/><T52/><D70/><U72/><E72/><V110/><F7/><W84/><G84/><T74/><D107/><U6/><E99/><V102/><F118/><W69/><G69/><T55/><D128/><U123/><E123/><V98/><F129/><W3/><G3/><T117/><D126/><U20/><E36/><V32/><F132/><W50/><REACH who="3" step="1"/><G101/><REACH who="3" ten="341,332,150,167" step="2"/><T1/><D74/><U66/><E85/><V37/><F103/><W68/><G68/><T119/><D1/><U87/><E87/><V115/><F115/><W71/><G71/><T16/><D119/><U92/><E92/><V120/><F120/><W88/><G88/><N who="0" m="55527" /><D73/><U106/><E90/><V60/><F28/><W89/><G89/><T83/><D117/><U86/><E86/><V124/><F124/><W108/><G108/><T40/><AGARI ba="3,1" hai="16,17,19,40,45,51,52,54,55,80,83" m="55527" machi="40" ten="30,7900,0" yaku="8,1,54,3" doraHai="100" who="0" fromWho="0" sc="341,98,332,-23,150,-23,167,-42" /><INIT seed="4,0,0,3,2,131" ten="439,309,127,125" oya="0" hai0="89,110,106,117,116,127,133,128,123,33,5,130,112" hai1="71,134,65,15,52,6,107,42,126,97,91,78,74" hai2="103,4,95,132,32,19,122,57,88,11,75,120,45" hai3="56,69,50,73,79,35,18,135,44,119,111,43,40"/><T58/><RYUUKYOKU type="yao9" ba="0,0" sc="439,0,309,0,127,0,125,0" hai0="5,33,58,89,106,110,112,116,117,123,127,128,130,133" /><INIT seed="4,1,0,0,3,27" ten="439,309,127,125" oya="0" hai0="79,88,15,86,56,70,55,30,49,126,95,125,28" hai1="109,22,93,69,0,132,112,84,9,72,45,97,60" hai2="8,21,102,54,26,47,122,85,121,13,124,31,17" hai3="52,114,113,105,16,83,29,110,63,5,43,71,107"/><T75/><D70/><U127/><E109/><V57/><F124/><N who="0" m="47722" /><D15/><U33/><E127/><V10/><F102/><W96/><G110/><T130/><D130/><U82/><E132/><V37/><F85/><W68/><G5/><T129/><D129/><U48/><E33/><V135/><F135/><W131/><G43/><T98/><D75/><U76/><E112/><V91/><F91/><W77/><G131/><T59/><D59/><U61/><E69/><V117/><F117/><W39/><G39/><T80/><AGARI ba="1,0" hai="28,30,49,55,56,79,80,86,88,95,98" m="47722" machi="80" ten="30,11700,0" yaku="18,1,52,2,54,1" doraHai="27" who="0" fromWho="0" sc="439,120,309,-40,127,-40,125,-40" /><INIT seed="4,2,0,4,5,74" ten="559,269,87,85" oya="0" hai0="116,32,119,96,27,2,72,33,58,5,98,88,70" hai1="110,12,87,93,73,39,31,29,123,115,84,53,86" hai2="95,0,36,85,56,46,24,3,18,19,68,102,75" hai3="80,124,60,89,48,92,109,112,120,9,71,129,44"/><T34/><D72/><U51/><E110/><V45/><F68/><W100/><G109/><T7/><D70/><U21/><E123/><V54/><F75/><W103/><G112/><T126/><D27/><U128/><E128/><V22/><F19/><W13/><G124/><T69/><D69/><U62/><E39/><V132/><F132/><W64/><G129/><T127/><D58/><U82/><E115/><V67/><F67/><W42/><G80/><T57/><D57/><U101/><E62/><V125/><F125/><N who="0" m="47626" /><D88/><U121/><E121/><V90/><F102/><W55/><G120/><T43/><D43/><U41/><E41/><V135/><F135/><W65/><G42/><T6/><D2/><U81/><E73/><V16/><F0/><W49/><G65/><T97/><AGARI ba="2,0" hai="5,6,7,32,33,34,96,97,98,116,119" m="47626" machi="97" ten="50,12000,1" yaku="29,2,28,2,18,1" doraHai="74" who="0" fromWho="0" sc="559,126,269,-42,87,-42,85,-42" /><INIT seed="4,3,0,5,4,104" ten="685,227,45,43" oya="0" hai0="25,46,79,108,15,26,112,33,94,42,99,38,120" hai1="45,4,126,128,116,58,35,122,114,8,48,5,16" hai2="6,17,59,19,130,131,61,81,49,64,56,77,129" hai3="88,67,73,30,60,134,44,43,32,97,103,80,106"/><T86/><D112/><U12/><E122/><V7/><F49/><W21/><G134/><T2/><D2/><U133/><E116/><V87/><F56/><W13/><G13/><T72/><D33/><U125/><E133/><V85/><F87/><W54/><G54/><T124/><D124/><N who="1" m="47723" /><E128/><N who="2" m="32771" /><V68/><DORA hai="50" /><F68/><W110/><G21/><T135/><D108/><U41/><E35/><V37/><F37/><W132/><G110/><T3/><D3/><U89/><E114/><V78/><F78/><W40/><G44/><T119/><D99/><U95/><E58/><V102/><F102/><W105/><G105/><T123/><D94/><U96/><AGARI ba="3,0" hai="4,5,8,12,16,41,45,48,89,95,96" m="47723" machi="96" ten="30,2000,0" yaku="18,1,54,1" doraHai="104,50" who="1" fromWho="1" sc="685,-13,227,29,45,-8,43,-8" /><INIT seed="5,0,0,1,1,44" ten="672,256,37,35" oya="1" hai0="131,56,25,85,27,126,93,20,36,111,99,7,48" hai1="23,67,41,90,119,19,55,63,115,135,15,132,1" hai2="60,107,117,129,29,81,113,59,33,53,94,112,10" hai3="30,4,31,0,62,68,95,79,86,105,98,35,43"/><U18/><E119/><V45/><F107/><W64/><G35/><T47/><D131/><U46/><E1/><V120/><F120/><W50/><G0/><T74/><D126/><U75/><E75/><V40/><F117/><W11/><G105/><T91/><D111/><U58/><E115/><N who="2" m="44107" /><F129/><W72/><G72/><T88/><D56/><U108/><E108/><V84/><F94/><W5/><G86/><T121/><D36/><U57/><E90/><N who="2" m="51471" /><F10/><W104/><G79/><T32/><D32/><U122/><E122/><V100/><F100/><W13/><G5/><T134/><D134/><N who="1" m="51243" /><E19/><V77/><F77/><W70/><G70/><T133/><D133/><U83/><E83/><V92/><F92/><W82/><G82/><T42/><D7/><U37/><E58/><V12/><F12/><W96/><G104/><T114/><D121/><U118/><E67/><V102/><F102/><W125/><G125/><T65/><D65/><U34/><E118/><V21/><F33/><AGARI ba="0,0" hai="15,18,23,33,34,37,41,46,55,57,63" m="51243" machi="33" ten="30,1500,0" yaku="20,1" doraHai="44" who="1" fromWho="2" sc="672,0,256,15,37,-15,35,0" /><INIT seed="5,1,0,4,4,61" ten="672,271,22,35" oya="1" hai0="2,99,58,97,120,41,25,27,115,112,64,51,8" hai1="52,87,92,116,71,121,36,108,113,94,63,118,20" hai2="72,79,12,125,7,5,96,95,77,132,23,135,80" hai3="11,109,114,32,86,57,75,122,55,123,26,106,62"/><U9/><E121/><V48/><F48/><W24/><G109/><T17/><D2/><U37/><E113/><V117/><F117/><W38/><G75/><T66/><D8/><U81/><E108/><V119/><F119/><W33/><G106/><T35/><D17/><U45/><E118/><V74/><F23/><W101/><G101/><T73/><D58/><U105/><E116/><V70/><F70/><W4/><G38/><T44/><D35/><U134/><E134/><N who="2" m="51243" /><F12/><W84/><G114/><N who="0" m="43563" /><D73/><N who="2" m="28266" /><F5/><W10/><G4/><T29/><D120/><U110/><E110/><V43/><F7/><W127/><G33/><N who="0" m="20655" /><D27/><U30/><E9/><V13/><F13/><W56/><G32/><T90/><D90/><U53/><E105/><V133/><F43/><W91/><G11/><T50/><D50/><U111/><E111/><V15/><N who="2" m="51251" /><V19/><DORA hai="6" /><F125/><W89/><G10/><T39/><D51/><U0/><E0/><V82/><F15/><W88/><G127/><T83/><D83/><N who="2" m="31786" /><F19/><W102/><G122/><T128/><D128/><U100/><E30/><V31/><F31/><W67/><G123/><T42/><D42/><U1/><E1/><V49/><F49/><W103/><G26/><T16/><D16/><U65/><E20/><V68/><F68/><W34/><G24/><T93/><D93/><U22/><E22/><V46/><F46/><W47/><G47/><T28/><D28/><U131/><E45/><V130/><F130/><W14/><G34/><T69/><D69/><U98/><E131/><V104/><F104/><W78/><G14/><T18/><D18/><RYUUKYOKU ba="1,0" sc="672,15,271,-15,22,15,35,-15" hai0="39,41,44,64,66,97,99" hai2="77,79,95,96" /><INIT seed="6,2,0,2,1,36" ten="687,256,37,20" oya="2" hai0="79,24,28,44,74,113,40,72,11,107,37,120,135" hai1="127,81,103,25,9,18,41,16,102,49,123,110,59" hai2="112,27,22,132,122,34,60,48,116,45,75,10,21" hai3="51,31,6,129,39,118,124,88,50,89,32,55,111"/><V105/><F122/><W2/><G111/><T78/><D113/><U128/><E110/><V93/><F105/><W14/><G118/><T61/><D135/><U87/><E128/><V52/><F75/><W57/><G39/><T35/><D79/><U82/><E127/><V4/><F116/><W109/><G109/><T33/><D61/><U43/><E123/><V73/><F73/><W119/><G119/><T0/><D120/><U71/><E71/><V29/><F112/><W58/><G129/><T96/><D35/><U97/><E82/><V114/><F132/><W76/><G2/><T77/><D77/><U68/><E68/><V12/><F114/><W99/><G76/><T69/><D78/><U56/><E56/><V47/><F47/><W125/><G31/><T126/><D126/><N who="3" m="48745" /><G32/><T117/><D117/><U70/><E70/><V23/><F34/><W130/><G99/><T121/><D121/><U7/><E18/><V64/><F93/><W92/><G92/><T66/><D0/><U100/><E97/><V80/><F80/><W63/><G51/><T17/><D17/><U104/><E104/><V86/><F86/><W84/><G84/><T91/><D74/><U19/><E19/><V65/><F65/><N who="3" m="39151" /><G130/><T106/><D72/><U8/><E87/><V26/><F26/><W54/><G55/><T134/><D134/><U67/><E81/><V94/><F94/><W101/><G101/><T83/><D83/><U30/><E102/><V3/><F3/><W42/><G42/><T5/><D96/><U38/><E103/><V108/><F108/><W98/><G98/><RYUUKYOKU ba="2,0" sc="687,-15,256,-15,37,15,20,15" hai2="4,10,12,21,22,23,27,29,45,48,52,60,64" hai3="6,14,50,54,58,88,89" /><INIT seed="6,3,0,2,5,3" ten="672,241,52,35" oya="2" hai0="98,47,127,104,119,33,72,56,83,46,82,117,105" hai1="63,118,101,114,71,76,15,81,7,24,126,112,86" hai2="97,26,84,41,23,135,49,21,19,70,90,9,122" hai3="48,64,6,44,78,85,57,109,42,27,103,129,11"/><V60/><F122/><W106/><G109/><T4/><D127/><U55/><E118/><N who="0" m="45065" /><D4/><U80/><E126/><V35/><F35/><W116/><G116/><T14/><D14/><U0/><E0/><V50/><F135/><W95/><G106/><N who="0" m="41067" /><D98/><U93/><E101/><V121/><F121/><W66/><G129/><T79/><D33/><U54/><E24/><V87/><F9/><W5/><G27/><T134/><D134/><U131/><E131/><V67/><F97/><N who="3" m="59839" /><G11/><T94/><D94/><U73/><E93/><V115/><F115/><N who="1" m="44073" /><E71/><V43/><F23/><W39/><G39/><T65/><D83/><U133/><E133/><V125/><F125/><W124/><G124/><T132/><D132/><U69/><E69/><V1/><F1/><W52/><G57/><T2/><D2/><U40/><E40/><V59/><F70/><W10/><G10/><T18/><D18/><U120/><E120/><V53/><F67/><N who="3" m="25643" /><G42/><N who="2" m="15881" /><F87/><W68/><G68/><T74/><D74/><U107/><E107/><V32/><F32/><W36/><G36/><T13/><D13/><U25/><E25/><V110/><F110/><W12/><G12/><T91/><D65/><U108/><E108/><V17/><F17/><W20/><G20/><T111/><D111/><U58/><E15/><V96/><F96/><W22/><G22/><T89/><D56/><U88/><E7/><V99/><F99/><W29/><G29/><T128/><D128/><U28/><E28/><V100/><F100/><W45/><G44/><AGARI ba="3,0" hai="44,46,47,72,79,82,89,91" m="41067,45065" machi="44" ten="30,1000,0" yaku="12,1" doraHai="3" who="0" fromWho="3" sc="672,19,241,0,52,0,35,-19" /><INIT seed="7,0,0,1,2,92" ten="691,241,52,16" oya="3" hai0="32,98,134,50,71,125,63,132,30,3,36,9,29" hai1="107,82,79,39,59,66,62,1,72,76,11,6,111" hai2="12,25,121,67,94,117,99,43,91,86,85,88,44" hai3="108,104,112,41,19,116,70,15,20,45,84,96,47"/><W122/><G122/><T61/><D125/><U23/><E111/><V74/><F74/><W26/><G116/><T101/><D36/><U81/><E107/><V60/><F117/><W52/><G70/><T135/><D32/><U75/><E23/><V7/><F121/><W28/><G112/><T55/><D3/><U106/><E106/><V16/><F7/><W133/><G133/><T127/><D127/><U95/><E95/><V54/><F54/><W109/><G84/><T8/><D50/><U34/><E34/><V65/><F25/><W64/><G64/><N who="2" m="24649" /><F60/><N who="0" m="23114" /><D71/><U42/><E42/><V40/><F91/><W27/><G27/><T51/><D51/><U57/><E39/><V77/><F77/><W120/><G120/><T17/><D17/><U18/><E18/><V93/><F93/><W35/><G41/><N who="2" m="15945" /><F44/><W14/><G14/><T53/><D101/><U126/><E126/><V102/><F102/><N who="3" m="62535" /><G52/><N who="0" m="20043" /><D98/><U31/><E31/><AGARI ba="0,0" hai="8,9,29,30,31,132,134,135" m="20043,23114" machi="31" ten="40,8000,1" yaku="28,2,20,1,54,1" doraHai="92" who="0" fromWho="1" sc="691,80,241,-80,52,0,16,0" owari="771,87.0,161,-4.0,52,-35.0,16,-48.0" /></mjloggm>