<mjloggm ver="2.3"><GO type="41" lobby="0"/><UN n0="%E7%9C%89%E6%9C%AC%E6%A5%A0%E5%90%BE" n1="%E3%82%AB%E3%83%AA%E3%82%AA%E3%82%B9%E3%83%88%E3%83%AD%E4%BC%AF%E7%88%B5" n2="%E2%93%9D%53%75%70%68%78" n3="%E4%BC%9A%E6%B4%A5%E8%97%A9%E5%A3%AB" dan="14,14,18,14" rate="2073.57,1966.15,2095.37,1862.15" sx="M,M,M,M"/><TAIKYOKU oya="0"/><INIT seed="0,0,0,2,2,20" ten="250,250,250,250" oya="0" hai0="29,11,50,84,23,15,46,64,26,73,118,92,30" hai1="56,68,69,5,104,48,124,22,122,35,21,63,0" hai2="1,128,95,62,54,135,115,43,42,61,91,49,53" hai3="60,133,74,13,24,4,28,44,123,17,55,57,34"/><T6/><D73/><U16/><E35/><V121/><F1/><W31/><G74/><T98/><D118/><U67/><E122/><V32/><F32/><W14/><G123/><T88/><D64/><U119/><E119/><V110/><F95/><W113/><G113/><T79/><D79/><U45/><E104/><V132/><F91/><W102/><G102/><T111/><D111/><U134/><E22/><V52/><F121/><W108/><G108/><T126/><D126/><U81/><E124/><V27/><F27/><W9/><G133/><N who="2" m="51273" /><F128/><W47/><G31/><T107/><D107/><U85/><E5/><V82/><F82/><W129/><REACH who="3" step="1"/><G129/><REACH who="3" ten="250,250,250,240" step="2"/><T2/><D2/><U78/><E134/><V131/><F131/><W99/><G99/><T58/><D58/><U75/><E0/><V89/><F110/><W71/><G71/><T76/><D76/><U41/><REACH who="1" step="1"/><E75/><REACH who="1" ten="250,240,250,240" step="2"/><V130/><F130/><W96/><G96/><T120/><D120/><U66/><E66/><V106/><F115/><W105/><G105/><T70/><D70/><U51/><E51/><V40/><F106/><W3/><G3/><T36/><D36/><U117/><E117/><V83/><F49/><W59/><G59/><T125/><D125/><U38/><E38/><V86/><AGARI ba="0,2" hai="40,42,43,52,53,54,61,62,83,86,89" m="51273" machi="86" ten="40,2700,0" yaku="20,1,54,1" doraHai="20" who="2" fromWho="2" sc="250,-13,240,-7,250,47,240,-7" /><INIT seed="1,0,0,3,0,32" ten="237,233,297,233" oya="1" hai0="16,107,27,20,69,75,54,83,121,118,63,36,30" hai1="130,17,125,87,81,13,4,96,90,132,6,94,33" hai2="113,9,131,71,68,126,117,29,56,0,92,74,37" hai3="31,44,115,70,42,18,122,24,61,8,103,41,98"/><U127/><E33/><V116/><F92/><W45/><G122/><T39/><D118/><U25/><E25/><V2/><F56/><W100/><G115/><T19/><D107/><U38/><E38/><V64/><F126/><N who="1" m="48137" /><E130/><V48/><F48/><W60/><G70/><N who="2" m="26665" /><F9/><W55/><G55/><T110/><D110/><U57/><E132/><V14/><F14/><W108/><G108/><T67/><D121/><U65/><E57/><V11/><F11/><W52/><G52/><T59/><D19/><U89/><E65/><V124/><F64/><W62/><G8/><AGARI ba="0,0" hai="4,6,8,13,17,81,87,89,90,94,96" m="48137" machi="8" ten="30,1500,0" yaku="18,1" doraHai="32" who="1" fromWho="3" sc="237,0,233,15,297,0,233,-15" /><INIT seed="1,1,0,3,1,18" ten="237,248,297,218" oya="1" hai0="1,112,85,56,131,12,30,64,130,49,59,122,78" hai1="108,20,35,10,105,7,68,54,48,109,33,99,73" hai2="125,117,61,100,124,120,25,86,57,41,17,55,98" hai3="4,82,43,40,50,132,104,38,119,101,95,23,118"/><U91/><E73/><V32/><F117/><N who="3" m="44555" /><G104/><T14/><D122/><U127/><E68/><V77/><F120/><W13/><G38/><T28/><D112/><U52/><E127/><N who="2" m="48715" /><F41/><W72/><G132/><T63/><D1/><U110/><E20/><N who="2" m="13455" /><F32/><N who="1" m="12361" /><E48/><V90/><F77/><N who="3" m="44327" /><G50/><T107/><D107/><U3/><E91/><V129/><F129/><N who="0" m="49162" /><D78/><U79/><E79/><V88/><F86/><W97/><G4/><T126/><D85/><U16/><E16/><AGARI ba="1,0" hai="13,16,23,40,43,95,97,101" m="44327,44555" machi="16" ten="30,3900,0" yaku="12,1,52,1,54,1" doraHai="18" who="3" fromWho="1" sc="237,0,248,-42,297,0,218,42" /><INIT seed="2,0,0,2,4,135" ten="237,206,297,260" oya="2" hai0="7,102,121,110,56,117,16,59,26,80,94,25,6" hai1="65,87,95,85,38,131,41,50,75,119,97,8,31" hai2="51,126,64,74,22,2,62,43,98,24,40,105,124" hai3="53,72,37,90,109,88,13,21,77,93,11,81,20"/><V134/><F74/><W122/><G37/><T45/><D121/><U99/><E75/><V39/><F2/><W1/><G122/><T42/><D110/><U57/><E119/><V67/><F134/><W111/><G1/><T69/><D69/><U91/><E131/><V19/><F39/><W61/><G90/><T84/><D26/><U116/><E116/><V46/><F43/><W113/><G113/><T0/><D0/><U33/><E33/><V14/><F24/><W103/><G103/><T104/><D104/><U54/><E31/><V55/><F40/><W66/><G53/><T112/><D112/><U120/><E120/><V30/><F30/><W18/><G111/><T44/><D44/><U32/><E32/><V63/><F98/><W47/><G47/><T101/><D101/><U114/><E114/><V96/><F96/><W128/><G128/><T78/><D94/><U68/><E8/><V108/><F105/><W28/><G28/><T4/><D102/><U79/><E79/><V3/><F3/><W12/><G109/><T36/><REACH who="0" step="1"/><D117/><REACH who="0" ten="227,206,297,260" step="2"/><U86/><E99/><V58/><F108/><W130/><G130/><T92/><D92/><U35/><E35/><V73/><F73/><W27/><G27/><T89/><D89/><U106/><E106/><V82/><F82/><W83/><G83/><T48/><D48/><U71/><REACH who="1" step="1"/><E65/><REACH who="1" ten="227,196,297,260" step="2"/><V127/><F67/><W123/><G123/><T10/><D10/><U129/><E129/><V70/><F46/><AGARI ba="0,2" hai="38,41,46,50,54,57,68,71,85,86,87,91,95,97" machi="46" ten="40,1300,0" yaku="1,1,53,0" doraHai="135" doraHaiUra="125" who="1" fromWho="2" sc="227,0,196,33,297,-13,260,0" /><INIT seed="3,0,0,2,1,55" ten="227,229,284,260" oya="3" hai0="53,86,104,82,101,84,23,65,67,133,47,7,132" hai1="102,15,46,72,69,118,117,63,73,74,77,45,91" hai2="17,41,79,124,1,21,28,89,95,11,22,32,18" hai3="114,29,3,87,31,98,75,64,43,4,94,9,135"/><W108/><G114/><T38/><D7/><U37/><E77/><V103/><F103/><W36/><G135/><T13/><D104/><U56/><E69/><V42/><F79/><W35/><G75/><T83/><D101/><U54/><E102/><V88/><F32/><W25/><G31/><T116/><D116/><N who="1" m="44651" /><E37/><V6/><F28/><W48/><G108/><T113/><D113/><U126/><E126/><V51/><F124/><W39/><G64/><T128/><D128/><U96/><E15/><V99/><F89/><W33/><G33/><T59/><D38/><U129/><E129/><V57/><F22/><W70/><G70/><T81/><D47/><N who="1" m="17931" /><E91/><V125/><F125/><W49/><G43/><T8/><D23/><U111/><E96/><V26/><F18/><W40/><G40/><T44/><D44/><U30/><E30/><V90/><F90/><W61/><G39/><T12/><D12/><U127/><E127/><V134/><F134/><N who="0" m="51818" /><D13/><U80/><E80/><V20/><F20/><W62/><G36/><T97/><D97/><U71/><E71/><V112/><F112/><W119/><G119/><T85/><D8/><U5/><E111/><V123/><F42/><W93/><G98/><T92/><D92/><U19/><E19/><V24/><F41/><W105/><G105/><T68/><D68/><U120/><E5/><V66/><F26/><W14/><G94/><T110/><D110/><U130/><E130/><V58/><F99/><W50/><G14/><T107/><D107/><U27/><E27/><V34/><F24/><W10/><G10/><T52/><D59/><RYUUKYOKU ba="0,0" sc="227,10,229,10,284,-30,260,10" hai0="52,53,65,67,81,82,83,84,85,86" hai1="54,56,63,72,73,74,120" hai3="3,4,9,25,29,35,48,49,50,61,62,87,93" /><INIT seed="3,1,0,2,5,129" ten="237,239,254,270" oya="3" hai0="65,27,125,2,68,128,69,7,71,80,44,5,74" hai1="96,21,48,102,89,13,49,124,26,113,3,32,50" hai2="79,100,116,45,83,41,42,133,20,104,84,6,106" hai3="127,118,37,67,17,75,31,46,16,99,66,70,55"/><W29/><G75/><T53/><D128/><U121/><E113/><V52/><F116/><W82/><G118/><T23/><D125/><U101/><E121/><V1/><F42/><W117/><G127/><T111/><D111/><U132/><E3/><V34/><F34/><W40/><G117/><T94/><D65/><U92/><E32/><V73/><F20/><W0/><G0/><T95/><D74/><U126/><E13/><V86/><F52/><W90/><G70/><T38/><D80/><U30/><E132/><V105/><F100/><W64/><G55/><T87/><D38/><U9/><E9/><N who="2" m="2255" /><F133/><W57/><G57/><T22/><D22/><U43/><E43/><V54/><F54/><W24/><G31/><T103/><D103/><U33/><E33/><V120/><F120/><W10/><G10/><T25/><D25/><U91/><E102/><V35/><F35/><W93/><REACH who="3" step="1"/><G82/><REACH who="3" ten="237,239,254,260" step="2"/><T88/><D2/><U58/><E126/><V78/><F78/><W63/><G63/><T47/><D53/><U51/><E124/><V119/><F119/><W36/><G36/><AGARI ba="1,1" hai="36,41,45,73,79,83,84,86,104,105,106" m="2255" machi="36" ten="30,1000,0" yaku="25,1" doraHai="129" who="2" fromWho="3" sc="237,0,239,0,254,23,260,-13" /><INIT seed="4,0,0,4,3,112" ten="237,239,277,247" oya="0" hai0="128,3,74,4,90,83,100,34,46,66,17,75,95" hai1="108,91,71,134,14,58,24,30,50,55,32,109,23" hai2="19,135,124,86,9,36,78,130,40,92,98,82,60" hai3="43,35,0,68,18,33,37,49,127,26,73,13,102"/><T39/><D34/><U70/><E134/><V6/><F130/><W67/><G0/><T25/><D128/><U97/><E108/><V27/><F124/><W76/><G127/><T69/><D100/><U59/><E109/><V28/><F135/><W77/><G77/><T31/><D17/><U121/><E121/><V123/><F123/><W122/><G102/><T84/><D4/><U110/><E110/><V113/><F113/><W10/><G122/><T11/><D69/><U12/><E59/><V52/><F40/><W8/><G37/><T63/><D11/><U111/><E111/><V44/><F36/><W42/><G10/><T51/><D3/><U48/><E48/><V126/><F19/><W41/><G26/><T105/><D105/><U125/><E125/><V56/><F44/><W116/><G116/><T1/><D1/><U101/><E91/><V57/><F57/><W117/><G117/><T132/><D39/><U88/><E88/><N who="2" m="55559" /><F126/><W62/><REACH who="3" step="1"/><G49/><REACH who="3" ten="237,239,277,237" step="2"/><T99/><D132/><U38/><E38/><V20/><F9/><W133/><G133/><T15/><D15/><U54/><E12/><V106/><F106/><W118/><G118/><T53/><D25/><U47/><E14/><V104/><F104/><W94/><G94/><T81/><D31/><U64/><E32/><V61/><F6/><W89/><G89/><N who="0" m="51343" /><D83/><AGARI ba="0,1" hai="8,13,18,33,35,41,42,43,62,67,68,73,76,83" machi="83" ten="40,1300,0" yaku="1,1,53,0" doraHai="112" doraHaiUra="2" who="3" fromWho="0" sc="237,-13,239,0,277,0,237,23" /><INIT seed="5,0,0,5,1,111" ten="224,239,277,260" oya="1" hai0="72,15,20,124,3,85,90,115,131,82,76,74,31" hai1="122,54,40,112,65,49,35,107,84,0,134,28,128" hai2="91,37,135,104,117,59,127,50,93,101,130,77,129" hai3="1,43,79,7,126,109,38,97,8,102,61,63,10"/><U83/><E107/><V71/><F37/><W94/><G109/><T80/><D3/><U121/><E0/><V87/><F71/><W66/><G126/><T6/><D124/><U27/><E40/><V89/><F127/><W47/><G66/><T73/><D131/><N who="2" m="50186" /><F50/><W56/><G56/><T92/><D115/><U86/><E65/><V106/><F59/><W53/><G53/><T18/><D31/><U22/><E134/><V132/><F117/><W64/><G64/><T123/><D123/><U5/><E5/><V4/><F4/><W55/><G55/><T25/><D6/><U51/><E35/><V44/><F44/><W60/><G60/><T78/><REACH who="0" step="1"/><D25/><REACH who="0" ten="214,239,277,260" step="2"/><U125/><E128/><V33/><F135/><W120/><G120/><T116/><D116/><U2/><E125/><V45/><F132/><W34/><G34/><T114/><D114/><U21/><E112/><V12/><F33/><W39/><G1/><T29/><D29/><U13/><E2/><V24/><F24/><W16/><G7/><T110/><D110/><U67/><E27/><V41/><F12/><W68/><G16/><T100/><D100/><U75/><E28/><V95/><F101/><W98/><G102/><T119/><D119/><U108/><E13/><V26/><F26/><W113/><G113/><T81/><AGARI ba="0,1" hai="15,18,20,72,73,74,76,78,80,81,82,85,90,92" machi="81" ten="40,2700,0" yaku="1,1,0,1,53,0" doraHai="111" doraHaiUra="30" who="0" fromWho="0" sc="214,37,239,-13,277,-7,260,-7" /><INIT seed="6,0,0,2,3,93" ten="251,226,270,253" oya="2" hai0="39,71,123,13,130,89,66,106,32,85,120,96,122" hai1="53,3,62,100,116,127,112,119,104,70,31,50,33" hai2="88,11,36,54,29,75,23,55,73,7,28,121,30" hai3="102,90,129,107,22,126,86,41,45,46,58,83,128"/><V26/><F36/><W43/><G126/><T51/><D32/><U19/><E112/><V18/><F121/><W92/><G107/><T14/><D130/><N who="3" m="50281" /><G58/><T56/><D39/><U113/><E19/><V12/><REACH who="2" step="1"/><F88/><REACH who="2" ten="251,226,260,253" step="2"/><W42/><G102/><T57/><D123/><U25/><E113/><V98/><F98/><W117/><G117/><T44/><D96/><N who="1" m="61447" /><E127/><V81/><F81/><W135/><G83/><T103/><D103/><U61/><E116/><V105/><F105/><W40/><G40/><T48/><D106/><U17/><E119/><V109/><F109/><W8/><G43/><T99/><D99/><U134/><E134/><V132/><F132/><W87/><G135/><T78/><D89/><U64/><E62/><V82/><F82/><W67/><G42/><T114/><D114/><U118/><E118/><V52/><AGARI ba="0,1" hai="7,11,12,18,23,26,28,29,30,52,54,55,73,75" machi="52" ten="30,11700,0" yaku="1,1,0,1,54,1,53,1" doraHai="93" doraHaiUra="1" who="2" fromWho="2" sc="251,-39,226,-39,260,127,253,-39" /><INIT seed="6,1,0,2,0,13" ten="212,187,387,214" oya="2" hai0="134,5,83,61,48,78,96,11,119,12,57,68,43" hai1="64,39,113,121,126,71,45,135,90,117,42,40,86" hai2="76,60,33,59,123,1,50,97,115,63,24,35,3" hai3="41,28,118,116,23,31,56,62,88,46,99,10,6"/><V129/><F115/><W30/><G116/><T25/><D119/><U102/><E90/><V77/><F24/><W19/><G118/><T29/><D68/><U127/><E86/><V81/><F50/><N who="3" m="26959" /><G6/><T73/><D134/><U52/><E102/><V93/><F129/><W133/><G133/><T36/><D96/><U95/><E95/><V131/><F123/><W128/><G128/><T54/><D36/><U72/><E72/><V58/><F131/><W85/><G99/><T8/><D8/><U125/><E135/><V15/><F97/><W120/><G120/><T49/><REACH who="0" step="1"/><D43/><REACH who="0" ten="202,187,387,214" step="2"/><N who="1" m="22783" /><E121/><V7/><F3/><W16/><G10/><T55/><D55/><U26/><E117/><V94/><F1/><W32/><G32/><AGARI ba="1,1" hai="5,11,12,25,29,32,48,49,54,57,61,73,78,83" machi="32" ten="30,2000,0" yaku="1,1,7,1,53,0" doraHai="13" doraHaiUra="91" who="0" fromWho="3" sc="202,33,187,0,387,0,214,-23" /><INIT seed="7,0,0,0,3,52" ten="235,187,387,191" oya="3" hai0="99,89,103,131,109,97,9,45,70,12,5,63,84" hai1="1,86,87,49,98,41,105,27,77,11,71,17,124" hai2="4,33,28,93,50,128,68,35,125,29,112,95,76" hai3="117,67,38,104,129,57,18,120,46,118,6,126,47"/><W24/><G104/><T115/><D109/><U127/><E71/><V91/><F125/><N who="1" m="48201" /><E77/><V54/><F128/><W114/><G126/><T108/><D108/><U133/><E133/><V72/><F112/><W101/><G101/><T134/><D134/><U40/><E27/><V26/><F4/><W16/><G114/><T30/><D131/><U69/><E69/><V122/><F122/><W23/><G129/><T3/><D3/><U81/><E49/><V74/><F68/><W56/><G120/><T75/><D75/><U10/><E17/><V21/><F76/><W78/><G78/><T13/><D30/><U15/><E15/><V123/><F74/><W119/><G38/><T66/><D13/><U102/><E1/><V36/><F36/><W31/><G6/><T132/><D132/><U20/><E20/><V61/><F123/><W19/><REACH who="3" step="1"/><G67/><REACH who="3" ten="235,187,387,181" step="2"/><T60/><D103/><U2/><E2/><V53/><F91/><W32/><G32/><T106/><D106/><U116/><E116/><V80/><F35/><W48/><G48/><T25/><D115/><U62/><E62/><V14/><F61/><W110/><G110/><T44/><D63/><U88/><E87/><V43/><F50/><W42/><G42/><AGARI ba="0,1" hai="10,11,40,41,42,81,86,88,98,102,105" m="48201" machi="42" ten="30,2000,0" yaku="18,1,54,1" doraHai="52" who="1" fromWho="3" sc="235,0,187,30,387,0,181,-20" owari="235,4.0,217,-18.0,387,48.0,161,-34.0" /></mjloggm>