<mjloggm ver="2.3"><GO type="41" lobby="0"/><UN n0="%E2%93%9D%53%75%70%68%78" n1="%62%6C%6F%77%69%6E" n2="%62%69%6F%73%74%61" n3="%E6%82%B2%E9%81%8B%E3%81%AE%E6%B5%81%E6%98%9F" dan="17,15,14,14" rate="2055.02,1977.26,1957.15,1984.66" sx="M,M,M,M"/><TAIKYOKU oya="0"/><INIT seed="0,0,0,2,0,63" ten="250,250,250,250" oya="0" hai0="127,42,29,97,26,59,129,66,40,4,123,74,135" hai1="84,102,121,67,96,12,0,57,106,13,39,100,80" hai2="95,122,94,86,120,109,23,98,81,19,105,31,35" hai3="64,53,45,54,52,87,65,25,37,18,47,130,21"/><T70/><D123/><U76/><E121/><N who="2" m="46699" /><F35/><W132/><G37/><T28/><D74/><U51/><E39/><V50/><F31/><W27/><G132/><T61/><D129/><U56/><E0/><V62/><F62/><W82/><G130/><T118/><D127/><U1/><E1/><V43/><F50/><W24/><G47/><T49/><D118/><U17/><E102/><N who="2" m="62679" /><F19/><W117/><G45/><T99/><D135/><U14/><E57/><V79/><F43/><W32/><G32/><T30/><D4/><U125/><E125/><V16/><F16/><W83/><G117/><T89/><D26/><N who="3" m="10345" /><G83/><T55/><REACH who="0" step="1"/><D99/><REACH who="0" ten="240,250,250,250" step="2"/><U107/><E96/><V9/><F9/><W73/><G73/><T93/><AGARI ba="0,1" hai="28,29,30,40,42,49,55,59,61,66,70,89,93,97" machi="93" ten="30,12000,1" yaku="1,1,2,1,0,1,52,1,53,1" doraHai="63" doraHaiUra="44" who="0" fromWho="0" sc="240,130,250,-40,250,-40,250,-40" /><INIT seed="0,1,0,1,5,34" ten="370,210,210,210" oya="0" hai0="23,77,56,74,6,39,114,72,64,83,67,11,2" hai1="84,22,100,65,129,101,110,26,119,50,20,24,128" hai2="61,44,16,117,78,28,62,87,70,15,40,14,131" hai3="123,122,32,92,37,93,48,125,55,31,116,133,88"/><T8/><D114/><U112/><E119/><V89/><F131/><N who="1" m="50249" /><E112/><V21/><F117/><W53/><G116/><T46/><D74/><U105/><E110/><V42/><F78/><W41/><G37/><T102/><D11/><U27/><E65/><V118/><F118/><W69/><G69/><T98/><D23/><N who="1" m="8747" /><E105/><V103/><F103/><N who="1" m="39497" /><E50/><V99/><F99/><W80/><G41/><N who="0" m="22847" /><D56/><U29/><E84/><V18/><F28/><AGARI ba="1,0" hai="24,26,27,28,29" m="39497,8747,50249" machi="28" ten="40,5200,0" yaku="28,2,19,1" doraHai="34" who="1" fromWho="2" sc="370,0,210,55,210,-55,210,0" /><INIT seed="1,0,0,2,0,68" ten="370,265,155,210" oya="1" hai0="77,59,15,72,50,94,7,112,117,52,27,101,93" hai1="55,25,19,9,5,29,51,71,21,39,1,106,91" hai2="57,127,114,38,56,74,79,97,45,43,124,26,125" hai3="116,40,34,111,0,105,135,41,11,88,31,70,90"/><U81/><E71/><V73/><F26/><W13/><G0/><T86/><D112/><U8/><E106/><V6/><F6/><W131/><G70/><T18/><D72/><N who="2" m="27754" /><F79/><W17/><G105/><T67/><D117/><U115/><E115/><V42/><F114/><W69/><G69/><T108/><D108/><U62/><E62/><V82/><F82/><W80/><G135/><T132/><D132/><U49/><E39/><N who="2" m="21727" /><F97/><W64/><G64/><T118/><D118/><U119/><E119/><V95/><F95/><W100/><G116/><T123/><D123/><U85/><REACH who="1" step="1"/><E55/><REACH who="1" ten="370,255,155,210" step="2"/><V22/><F22/><W16/><G111/><T66/><D66/><U10/><E10/><V129/><F129/><W83/><G11/><T12/><D67/><U46/><E46/><AGARI ba="0,1" hai="38,43,46,56,57,124,125,127" m="21727,27754" machi="46" ten="40,5200,0" yaku="18,1,52,2" doraHai="68" who="2" fromWho="1" sc="370,0,255,-52,155,62,210,0" /><INIT seed="2,0,0,0,4,57" ten="370,203,217,210" oya="2" hai0="43,29,77,81,46,90,78,30,24,50,125,76,65" hai1="127,16,79,27,55,63,66,135,42,117,130,21,126" hai2="132,51,95,5,4,84,121,32,61,33,45,133,111" hai3="91,9,131,73,82,26,93,40,86,87,41,14,0"/><V80/><F121/><W47/><G73/><T68/><D125/><N who="1" m="47627" /><E117/><V13/><F95/><W104/><G131/><T98/><D68/><N who="1" m="42079" /><E130/><V56/><F111/><W59/><G104/><T99/><D65/><U88/><E79/><V120/><F120/><W103/><G0/><T89/><D81/><U72/><E72/><V37/><F37/><W123/><G123/><T102/><D30/><U75/><E75/><V116/><F116/><W97/><G26/><T49/><D49/><U15/><E135/><N who="2" m="51787" /><F13/><W105/><G47/><T60/><D99/><U48/><E42/><N who="2" m="25015" /><F33/><W64/><G87/><T134/><D134/><U7/><E7/><V115/><F115/><W22/><G22/><T36/><D36/><U106/><E106/><V118/><F32/><W44/><G44/><T92/><D46/><N who="1" m="28055" /><E15/><V1/><F1/><W8/><G105/><T28/><D43/><N who="3" m="16457" /><G14/><T107/><D107/><U34/><E34/><V124/><F124/><W70/><G70/><T129/><D129/><U110/><E110/><V112/><F112/><W25/><G25/><T2/><D24/><U96/><E96/><V38/><F38/><W23/><G23/><T17/><D98/><U109/><E109/><V101/><F101/><W54/><G64/><T94/><D102/><U74/><E74/><V10/><F10/><W53/><G53/><T83/><D2/><U6/><E6/><V128/><F128/><W119/><G119/><T62/><D78/><U19/><E19/><V71/><F71/><W31/><G31/><T20/><D17/><U67/><E67/><N who="2" m="39335" /><F118/><W3/><G3/><T122/><D122/><RYUUKYOKU ba="0,0" sc="370,-30,203,10,217,10,210,10" hai1="16,21,27,88" hai2="4,5,80,84" hai3="8,9,54,59,82,86,91,93,97,103" /><INIT seed="2,1,0,5,5,94" ten="340,213,227,220" oya="2" hai0="52,0,8,66,99,93,74,35,15,28,7,42,110" hai1="113,135,87,30,83,33,59,21,80,22,90,126,71" hai2="45,67,95,3,61,20,123,10,1,43,32,39,49" hai3="124,56,134,77,75,2,120,133,27,46,58,34,106"/><V86/><F123/><W84/><G120/><T11/><D74/><U23/><E71/><V38/><F32/><W89/><G75/><T4/><D110/><U104/><E113/><V70/><F20/><W131/><G77/><T31/><D66/><U62/><E126/><V36/><REACH who="2" step="1"/><F10/><REACH who="2" ten="340,213,217,220" step="2"/><W57/><G34/><T109/><D35/><U13/><E135/><V112/><F112/><W40/><G134/><T19/><D109/><U102/><E33/><V6/><F6/><W88/><G133/><T105/><D7/><U111/><E111/><V115/><F115/><W72/><G124/><T108/><D108/><U16/><E30/><V100/><F100/><W53/><G2/><T68/><D31/><U85/><E102/><V69/><F69/><W14/><G131/><T64/><D28/><U92/><E104/><V81/><F81/><W47/><G106/><T63/><D105/><U41/><E92/><V55/><F55/><W119/><G53/><T65/><D68/><U76/><E41/><V79/><F79/><W48/><G40/><T98/><D42/><U73/><E73/><V97/><F97/><W37/><G72/><T128/><D128/><U121/><E121/><V116/><F116/><W25/><G119/><T54/><D99/><U78/><E90/><AGARI ba="1,1" hai="1,3,36,38,39,43,45,49,61,67,70,86,90,95" machi="90" ten="40,2000,0" yaku="1,1,53,0" doraHai="94" doraHaiUra="103" who="2" fromWho="1" sc="340,0,213,-23,217,33,220,0" /><INIT seed="2,2,0,4,4,132" ten="340,190,250,220" oya="2" hai0="130,113,7,118,117,64,78,131,23,92,110,115,104" hai1="126,12,49,4,30,20,19,73,88,57,44,9,122" hai2="5,50,75,17,47,95,127,69,72,13,114,94,83" hai3="27,77,56,28,53,76,79,40,2,96,105,8,125"/><V32/><F114/><N who="0" m="43530" /><D64/><U101/><E73/><V98/><F69/><W45/><G105/><T106/><D23/><U22/><E122/><V90/><F32/><W41/><G96/><T11/><D11/><U29/><E101/><V124/><F5/><W82/><G40/><T42/><D42/><U35/><E57/><V60/><F95/><W34/><G125/><N who="2" m="48201" /><F60/><W109/><G109/><T120/><D7/><U46/><E46/><V80/><F75/><W116/><G116/><N who="0" m="44651" /><D110/><U65/><E65/><V55/><F72/><W100/><G100/><T135/><D92/><U10/><E35/><V129/><F129/><N who="0" m="49162" /><D135/><U18/><E126/><V51/><F51/><W37/><G8/><AGARI ba="2,0" hai="8,13,17,47,50,55,80,83,90,94,98" m="48201" machi="8" ten="30,11600,0" yaku="18,1,52,3" doraHai="132" who="2" fromWho="3" sc="340,0,190,0,250,122,220,-122" /><INIT seed="2,3,0,5,5,131" ten="340,190,372,98" oya="2" hai0="26,41,9,0,87,38,51,43,98,18,29,101,22" hai1="78,64,3,33,67,80,83,25,123,68,48,72,50" hai2="19,84,17,102,47,11,61,75,85,120,56,107,115" hai3="4,49,100,45,54,117,60,57,63,62,20,113,2"/><V124/><F120/><W15/><G117/><T34/><D38/><U128/><E123/><V112/><F75/><W76/><G113/><T118/><D118/><U103/><E3/><V55/><F124/><W109/><G2/><T119/><D119/><U65/><E128/><V129/><F129/><W97/><G109/><T8/><D87/><U30/><E68/><V91/><F85/><W21/><G76/><T81/><D81/><U127/><E127/><V132/><F132/><W74/><G74/><T90/><D90/><U14/><E83/><V36/><F102/><W95/><REACH who="3" step="1"/><G45/><REACH who="3" ten="340,190,372,88" step="2"/><T82/><D0/><U10/><REACH who="1" step="1"/><E103/><REACH who="1" ten="340,180,372,88" step="2"/><V7/><F115/><W134/><G134/><T104/><D101/><U71/><E71/><V5/><F112/><W92/><G92/><T89/><D82/><U73/><E73/><V122/><F107/><W94/><G94/><T133/><D104/><U16/><AGARI ba="3,2" hai="10,14,16,25,30,33,48,50,64,65,67,72,78,80" machi="16" ten="30,7900,0" yaku="1,1,0,1,54,1,53,1" doraHai="131" doraHaiUra="31" who="1" fromWho="1" sc="340,-23,180,108,372,-42,88,-23" /><INIT seed="3,0,0,4,5,62" ten="317,288,330,65" oya="3" hai0="27,86,97,26,133,65,8,16,4,103,33,81,46" hai1="71,100,105,55,5,23,72,111,126,0,93,74,98" hai2="113,35,20,40,57,120,117,77,69,64,115,87,6" hai3="2,39,92,73,76,91,14,84,19,75,15,17,104"/><W58/><G2/><T83/><D133/><U53/><E111/><V43/><F35/><W132/><G104/><T56/><D46/><U54/><E71/><V1/><F20/><W44/><G132/><T10/><D33/><U118/><E126/><V36/><F87/><W108/><G108/><T124/><D124/><U11/><E118/><V78/><F1/><W51/><G39/><T116/><D116/><U7/><E7/><V102/><F6/><W21/><G58/><T38/><D38/><U37/><E37/><V119/><F57/><W68/><G76/><T96/><D4/><U94/><REACH who="1" step="1"/><E23/><REACH who="1" ten="317,278,330,65" step="2"/><V45/><F36/><W42/><G68/><T67/><D10/><AGARI ba="0,1" hai="10,14,15,17,19,21,42,44,51,73,75,84,91,92" machi="10" ten="30,1500,0" yaku="7,1" doraHai="62" who="3" fromWho="0" sc="317,-15,278,0,330,0,65,25" /><INIT seed="3,1,0,4,1,75" ten="302,278,330,90" oya="3" hai0="48,81,9,108,72,134,21,98,43,85,35,32,135" hai1="126,26,117,12,102,57,8,62,61,110,15,99,2" hai2="31,41,91,68,112,82,60,3,101,86,40,55,83" hai3="80,16,7,93,104,109,124,30,121,24,71,63,130"/><W38/><G121/><T4/><D72/><U97/><E110/><V127/><F3/><W49/><G38/><T118/><D118/><U25/><E117/><V14/><F112/><W119/><G104/><T133/><D21/><U52/><E126/><V13/><F127/><W11/><G119/><T5/><D98/><N who="1" m="37387" /><E2/><V115/><F115/><W65/><G124/><T106/><D108/><U120/><E120/><V39/><F101/><W1/><G109/><T54/><D43/><U89/><E102/><V0/><F0/><W90/><G130/><T28/><D106/><U66/><E89/><V114/><F31/><W10/><G80/><T47/><D28/><U6/><E15/><V94/><F114/><W128/><G128/><T58/><D47/><U23/><E23/><V84/><F94/><W105/><G105/><T50/><D50/><N who="1" m="30871" /><E66/><V67/><F55/><W100/><G100/><T37/><D37/><U125/><E125/><V74/><F74/><W42/><G11/><T29/><D9/><U46/><E46/><V132/><F132/><W87/><G16/><T44/><D44/><U34/><E34/><N who="0" m="12841" /><D29/><U92/><E92/><V123/><F123/><W122/><G122/><T59/><D54/><U77/><E77/><V111/><F111/><W78/><G49/><T73/><D48/><U64/><E64/><V36/><F36/><W53/><G53/><T19/><D19/><U116/><E116/><V107/><F107/><W70/><G42/><N who="2" m="16489" /><F39/><W95/><G78/><N who="0" m="46263" /><D73/><U17/><E17/><V96/><F96/><W79/><G79/><T129/><D129/><U18/><E18/><RYUUKYOKU ba="1,0" sc="302,10,278,10,330,10,90,-30" hai0="4,5,58,59,133,134,135" hai1="6,8,12,25,26,61,62" hai2="13,14,60,67,68,82,83,84,86,91" /><INIT seed="4,2,0,2,4,35" ten="312,288,340,60" oya="0" hai0="93,48,112,73,105,91,124,132,6,0,83,24,4" hai1="61,100,69,57,58,86,45,67,116,99,55,117,102" hai2="76,23,101,40,22,104,36,103,8,42,87,123,90" hai3="9,21,114,111,72,32,65,92,107,19,85,18,126"/><T39/><D105/><U96/><E45/><V49/><F123/><W113/><G72/><T26/><D39/><U13/><E86/><V50/><F36/><W75/><G107/><T46/><D112/><U62/><E69/><V68/><F68/><W11/><G32/><T80/><D132/><U131/><E13/><V108/><F104/><W94/><G75/><T120/><D124/><U54/><REACH who="1" step="1"/><E67/><REACH who="1" ten="312,278,340,60" step="2"/><V33/><F87/><W56/><G65/><T41/><D73/><U34/><E34/><V97/><F33/><W79/><G126/><T15/><D15/><U74/><E74/><V43/><F43/><W16/><G111/><T89/><D120/><U31/><E31/><V3/><F108/><W81/><G21/><T44/><D41/><U98/><E98/><V64/><F64/><W119/><G119/><T53/><D53/><U60/><E60/><V47/><F23/><W129/><G129/><AGARI ba="2,1" hai="54,55,57,58,61,62,96,99,100,102,116,117,129,131" machi="129" ten="25,3200,0" yaku="1,1,22,2,53,0" doraHai="35" doraHaiUra="17" who="1" fromWho="3" sc="312,0,278,48,340,0,60,-38" /><INIT seed="5,0,0,4,1,105" ten="312,326,340,22" oya="1" hai0="88,19,110,16,114,122,25,70,78,61,45,72,26" hai1="115,107,2,14,95,91,116,97,79,51,36,75,112" hai2="77,113,118,83,71,108,124,6,37,90,64,57,28" hai3="69,5,58,41,59,132,38,80,20,3,34,98,15"/><U47/><E116/><V133/><F108/><W65/><G34/><T109/><D114/><U94/><E2/><V111/><F113/><N who="1" m="43593" /><E36/><V17/><F111/><W96/><G132/><T84/><D122/><U128/><E128/><V4/><F133/><W12/><G3/><T67/><D110/><U27/><E14/><V127/><F90/><W42/><G69/><T106/><D106/><U63/><E63/><V10/><F71/><W8/><G38/><T56/><D70/><U119/><E119/><V68/><F68/><W89/><G80/><N who="0" m="47127" /><D72/><U9/><E9/><V22/><F28/><W123/><G123/><T100/><D100/><N who="1" m="62863" /><E27/><N who="0" m="10249" /><D109/><U81/><E91/><V125/><F37/><W54/><G65/><T73/><D73/><U129/><E129/><V33/><F33/><W39/><G39/><T104/><D104/><U13/><E13/><N who="2" m="9519" /><F118/><W52/><G89/><T102/><D102/><U0/><E0/><V11/><F11/><W66/><G66/><T76/><D76/><U43/><AGARI ba="0,0" hai="43,47,51,75,79,81,94,95" m="62863,43593" machi="43" ten="30,3000,0" yaku="15,1,52,1" doraHai="105" who="1" fromWho="1" sc="312,-10,326,30,340,-10,22,-10" /><INIT seed="5,1,0,3,4,62" ten="302,356,330,12" oya="1" hai0="110,13,87,60,56,16,131,103,123,47,99,21,10" hai1="107,38,98,94,8,0,58,102,121,117,55,46,105" hai2="70,93,50,54,100,20,89,61,71,29,118,125,27" hai3="135,44,128,76,96,45,53,66,48,95,1,41,57"/><U24/><E117/><V88/><F118/><W92/><G1/><T134/><D131/><U112/><E121/><V90/><F125/><W36/><G128/><T72/><D72/><U22/><E112/><V31/><F31/><W101/><G135/><T73/><D73/><U86/><E86/><V3/><F3/><W122/><G122/><T116/><D116/><U124/><E124/><V69/><F100/><W23/><G76/><T39/><D123/><U30/><E38/><V109/><F109/><W106/><G45/><T67/><D134/><U11/><E46/><V65/><REACH who="2" step="1"/><F93/><REACH who="2" ten="302,356,320,12" step="2"/><W119/><G119/><T40/><D110/><U63/><E0/><V52/><F52/><W129/><G129/><T133/><D133/><U79/><E79/><V111/><F111/><W28/><REACH who="3" step="1"/><G66/><REACH who="3" ten="302,356,320,2" step="2"/><T64/><D64/><U59/><E59/><AGARI ba="1,2" hai="20,27,29,50,54,59,61,65,69,70,71,88,89,90" machi="59" ten="40,5200,0" yaku="1,1,52,1,54,1,53,0" doraHai="62" doraHaiUra="5" who="2" fromWho="1" sc="302,0,356,-55,320,75,2,0" /><INIT seed="6,0,0,0,0,133" ten="302,301,395,2" oya="2" hai0="37,83,24,82,41,46,109,27,23,103,63,5,71" hai1="120,101,123,92,33,112,11,69,100,127,51,73,86" hai2="62,9,13,107,130,32,75,14,52,116,59,47,89" hai3="3,128,2,67,134,79,135,29,1,12,21,65,0"/><V90/><F116/><W50/><N who="3" m="0" /><DORA hai="35" /><W129/><G79/><T87/><D109/><U119/><E33/><V55/><F107/><W99/><G50/><T19/><D5/><U44/><E69/><V118/><F32/><W31/><G99/><T97/><D71/><U91/><E119/><V48/><F118/><W40/><G40/><T102/><D63/><U114/><E73/><V72/><F130/><N who="3" m="50283" /><G12/><T66/><D97/><U54/><E127/><V74/><REACH who="2" step="1"/><F14/><REACH who="2" ten="302,301,385,2" step="2"/><W43/><G43/><T8/><D41/><U88/><E123/><V98/><F98/><W78/><G78/><T84/><D103/><U108/><E120/><V70/><F70/><W49/><G49/><T76/><D102/><U77/><E101/><V105/><F105/><W117/><G117/><T17/><D76/><U36/><E100/><V42/><F42/><W25/><G31/><T58/><D87/><N who="1" m="52255" /><E77/><V96/><F96/><W53/><G53/><T111/><D84/><U113/><E108/><V61/><F61/><W39/><G39/><T28/><D37/><U126/><E36/><V10/><F10/><W110/><G110/><T80/><D8/><U6/><E126/><V106/><F106/><W131/><N who="3" m="50291" /><W64/><AGARI ba="0,1" hai="21,25,29,64,65,67,134,135" m="50291,0" machi="64" ten="80,12000,2" yaku="4,1,19,1,52,4" doraHai="133,35" who="3" fromWho="3" sc="302,-30,301,-30,385,-60,2,130" /><INIT seed="7,0,0,5,0,13" ten="272,271,325,132" oya="3" hai0="33,45,90,41,5,92,6,68,65,66,88,32,122" hai1="43,49,11,103,83,37,100,75,63,117,51,26,115" hai2="30,10,89,131,114,54,4,14,128,53,24,8,111" hai3="52,95,127,48,25,104,112,70,64,27,98,17,22"/><W38/><G104/><T42/><D92/><U79/><E115/><V46/><F114/><W106/><G106/><T71/><REACH who="0" step="1"/><D45/><REACH who="0" ten="262,271,325,132" step="2"/><U61/><E117/><V125/><F46/><N who="3" m="27671" /><G38/><T1/><D1/><U56/><E37/><V129/><F111/><W120/><G112/><T109/><D109/><U110/><E110/><V50/><F125/><W12/><G120/><AGARI ba="0,1" hai="5,6,32,33,41,42,65,66,68,71,88,90,120,122" machi="120" ten="25,6400,0" yaku="1,1,22,2,54,1,53,0" doraHai="13" doraHaiUra="108" who="0" fromWho="3" sc="262,74,271,0,325,0,132,-64" owari="336,43.0,271,-13.0,325,13.0,68,-43.0" /></mjloggm>