<mjloggm ver="2.3"><GO type="41" lobby="0"/><UN n0="%E3%81%88%E3%81%88%E3%81%8A%E3%82%93" n1="%E2%93%9D%53%75%70%68%78" n2="%46%69%76%65%2D%6F" n3="%E3%82%AB%E3%82%AE%E3%83%94%E3%83%B3" dan="14,19,15,15" rate="1900.44,2151.48,2005.69,1959.68" sx="M,M,M,M"/><TAIKYOKU oya="0"/><INIT seed="0,0,0,3,1,87" ten="250,250,250,250" oya="0" hai0="94,71,30,129,114,128,3,84,110,0,4,34,63" hai1="77,40,52,37,99,65,36,102,56,91,16,111,54" hai2="58,76,97,66,134,70,113,19,106,96,9,104,57" hai3="49,122,23,83,125,50,82,45,109,31,126,100,78"/><T32/><D114/><U68/><E77/><V79/><F66/><W105/><G109/><T64/><D110/><U35/><E35/><V108/><F108/><W95/><G105/><T85/><D85/><U88/><E111/><V112/><F9/><W103/><G122/><T41/><D41/><U12/><E68/><V98/><F70/><W27/><G49/><T127/><D127/><U101/><E40/><V135/><F97/><W38/><G38/><T132/><D132/><U55/><E37/><V13/><F13/><W120/><G120/><T24/><D32/><U93/><E36/><V18/><AGARI ba="0,0" hai="18,19,57,58,76,79,96,98,104,106,112,113,134,135" machi="18" ten="25,3200,0" yaku="0,1,22,2" doraHai="87" who="2" fromWho="2" sc="250,-16,250,-8,250,32,250,-8" /><INIT seed="1,0,0,4,0,119" ten="234,242,282,242" oya="1" hai0="120,74,30,128,76,81,51,28,111,20,66,100,77" hai1="99,112,98,26,122,70,130,84,14,79,86,31,64" hai2="121,72,125,27,78,82,105,17,62,8,89,65,94" hai3="109,134,132,92,115,38,117,21,90,2,87,12,129"/><U43/><E112/><V96/><F125/><W4/><G38/><T53/><D111/><U29/><E130/><V50/><F50/><W68/><G68/><T61/><D128/><U83/><E43/><V103/><F8/><W56/><G115/><T123/><D100/><U97/><E122/><N who="0" m="46633" /><D76/><U22/><E70/><V5/><F5/><W126/><G109/><T10/><D10/><U18/><E64/><V118/><F121/><W114/><G114/><T63/><D20/><U85/><REACH who="1" step="1"/><E31/><REACH who="1" ten="234,232,282,242" step="2"/><N who="0" m="11817" /><D66/><U3/><E3/><V1/><F1/><W23/><G2/><T41/><D41/><U127/><E127/><V37/><F118/><W39/><G117/><T0/><D0/><U52/><E52/><V95/><F65/><W113/><G113/><T108/><D108/><U6/><E6/><V131/><F131/><W102/><G129/><T35/><D35/><AGARI ba="0,1" hai="14,18,22,26,29,35,79,83,84,85,86,97,98,99" machi="35" ten="40,2000,0" yaku="1,1,53,0" doraHai="119" doraHaiUra="47" who="1" fromWho="0" sc="234,-20,232,30,282,0,242,0" /><INIT seed="1,1,0,1,3,12" ten="214,262,282,242" oya="1" hai0="88,34,120,116,112,31,96,75,54,43,22,42,125" hai1="55,103,57,115,16,113,58,117,109,126,77,87,73" hai2="62,48,26,32,84,72,71,102,114,132,74,121,106" hai3="135,20,9,94,7,124,76,8,101,3,49,51,24"/><U95/><E117/><V107/><F107/><W111/><G76/><T17/><D116/><U108/><E73/><V130/><F84/><W70/><G70/><T36/><D75/><U33/><E33/><V2/><F121/><W29/><G101/><T61/><D112/><U118/><E126/><V97/><F114/><W81/><G81/><T131/><D131/><U119/><E115/><V127/><F130/><W59/><G94/><N who="0" m="56391" /><D36/><U27/><E58/><V66/><F127/><W85/><G85/><T83/><D83/><N who="1" m="47599" /><E113/><V133/><F48/><W38/><G38/><T14/><D125/><U65/><E65/><V45/><F45/><W19/><G124/><T92/><D92/><U90/><E103/><V63/><F63/><W47/><G47/><T52/><D34/><U78/><E78/><V105/><F105/><W18/><G135/><N who="2" m="51785" /><F2/><W91/><G91/><T53/><D120/><U37/><E37/><V11/><F11/><W30/><G111/><N who="1" m="42570" /><E95/><V15/><F15/><W50/><G59/><T10/><D61/><N who="1" m="36031" /><E90/><V93/><F93/><W25/><REACH who="3" step="1"/><G8/><REACH who="3" ten="214,262,282,232" step="2"/><T40/><D10/><U5/><E5/><V67/><F67/><W104/><G104/><T68/><D68/><U21/><AGARI ba="1,1" hai="16,21,27,118,119" m="36031,42570,47599" machi="21" ten="30,11700,0" yaku="14,1,10,1,52,1,54,1" doraHai="12" who="1" fromWho="1" sc="214,-40,262,130,282,-40,232,-40" /><INIT seed="1,2,0,3,0,93" ten="174,392,242,192" oya="1" hai0="23,119,115,10,104,79,132,96,108,43,33,53,126" hai1="61,35,120,18,38,44,70,103,121,122,46,81,78" hai2="57,54,68,4,75,71,41,128,134,62,72,1,59" hai3="113,65,15,13,14,50,26,89,55,31,36,117,20"/><U95/><E35/><V42/><F4/><W125/><G36/><T135/><D119/><U73/><E18/><V32/><F1/><W123/><G113/><T63/><D115/><U98/><REACH who="1" step="1"/><E38/><REACH who="1" ten="174,382,242,192" step="2"/><V21/><F32/><W109/><G117/><T64/><D33/><U124/><E124/><V58/><F21/><W8/><G125/><T131/><D23/><U67/><AGARI ba="2,1" hai="44,46,61,67,70,73,78,81,95,98,103,120,121,122" machi="67" ten="40,7800,0" yaku="1,1,0,1,52,1,53,0" doraHai="93" doraHaiUra="11" who="1" fromWho="1" sc="174,-28,382,94,242,-28,192,-28" /><INIT seed="1,3,0,1,4,53" ten="146,476,214,164" oya="1" hai0="27,66,57,128,91,1,109,59,114,30,35,56,129" hai1="4,116,67,16,126,97,25,110,76,94,50,22,43" hai2="95,71,20,101,130,79,103,122,0,64,19,39,72" hai3="2,14,127,92,7,120,124,9,134,111,93,44,86"/><U63/><E116/><V125/><F39/><W18/><G120/><T113/><D109/><U117/><E126/><V99/><F0/><W47/><G111/><T85/><D1/><U75/><E117/><V3/><F3/><W133/><G47/><T62/><D113/><U38/><E75/><V37/><F37/><W80/><G44/><T89/><D114/><U81/><E4/><V82/><F122/><W8/><G80/><T98/><D98/><U73/><E50/><V48/><F125/><N who="3" m="48203" /><G86/><T90/><REACH who="0" step="1"/><D85/><REACH who="0" ten="136,476,214,164" step="2"/><U60/><E110/><V119/><F119/><W28/><G28/><T12/><D12/><U84/><E84/><V77/><F77/><W31/><G31/><T96/><D96/><U69/><E97/><V42/><F103/><W88/><G88/><T135/><D135/><AGARI ba="3,1" hai="2,7,8,9,14,18,92,93,133,134,135" m="48203" machi="135" ten="30,2000,0" yaku="20,1,18,1" doraHai="53" who="3" fromWho="0" sc="136,-29,476,0,214,0,164,39" /><INIT seed="2,0,0,2,0,24" ten="107,476,214,203" oya="2" hai0="26,84,113,108,73,66,64,117,123,104,14,18,101" hai1="59,131,119,97,85,2,93,125,23,3,56,63,122" hai2="58,53,135,62,33,114,32,44,120,29,127,60,107" hai3="4,57,98,87,68,70,12,89,6,92,45,39,50"/><V121/><F114/><W13/><G39/><T28/><D123/><U76/><E131/><V43/><F127/><W96/><G68/><T78/><D73/><U69/><E119/><V61/><F107/><W11/><G70/><T71/><D108/><U109/><E109/><V52/><F33/><W106/><G106/><T91/><D78/><U128/><E128/><V100/><F100/><W103/><G103/><T17/><D117/><U75/><E59/><V15/><F15/><W116/><G116/><T86/><D86/><U5/><E5/><V30/><F32/><W111/><G111/><T34/><D71/><U124/><E23/><V133/><F43/><W90/><G57/><T36/><D18/><U55/><E122/><N who="2" m="47211" /><F44/><W38/><G38/><T102/><D36/><U20/><E3/><V8/><F8/><W112/><G112/><T54/><D54/><N who="2" m="21098" /><F58/><W0/><G6/><T27/><D113/><U110/><E2/><V126/><F126/><W31/><G31/><AGARI ba="0,0" hai="29,30,31,60,61,62,133,135" m="21098,47211" machi="31" ten="40,18000,2" yaku="28,2,52,3,54,1" doraHai="24" who="2" fromWho="3" sc="107,0,476,0,214,180,203,-180" /><INIT seed="2,1,0,1,4,76" ten="107,476,394,23" oya="2" hai0="108,73,51,47,15,71,134,87,26,121,17,54,84" hai1="53,0,28,92,129,105,110,124,123,133,24,104,103" hai2="102,32,67,59,30,33,70,56,60,118,119,86,101" hai3="22,57,79,46,90,12,80,114,100,19,50,99,85"/><V16/><F70/><W125/><G114/><T74/><D121/><U23/><E110/><V62/><F30/><W29/><G125/><T75/><D108/><U89/><E0/><V20/><F86/><W78/><G57/><T5/><D134/><U116/><E129/><V58/><F58/><W52/><REACH who="3" step="1"/><G29/><REACH who="3" ten="107,476,394,13" step="2"/><T117/><D71/><U7/><E124/><V64/><REACH who="2" step="1"/><F20/><REACH who="2" ten="107,476,384,13" step="2"/><W3/><G3/><T43/><D117/><U82/><E23/><V4/><F4/><W130/><G130/><T21/><D5/><U14/><E7/><V120/><F120/><W66/><G66/><T131/><D131/><U41/><E116/><V35/><F35/><W107/><AGARI ba="1,2" hai="12,19,22,46,50,52,78,79,80,85,90,99,100,107" machi="107" ten="20,12000,2" yaku="1,1,0,1,7,1,52,1,54,1,53,1" doraHai="76" doraHaiUra="42" who="3" fromWho="3" sc="107,-31,476,-31,384,-61,13,143" /><INIT seed="3,0,0,3,0,86" ten="76,445,323,156" oya="3" hai0="31,47,104,116,23,22,43,75,28,4,26,3,35" hai1="65,96,17,80,121,115,67,98,1,56,84,101,94" hai2="71,135,127,2,113,95,124,126,33,30,133,24,13" hai3="27,93,15,90,119,62,39,107,66,82,134,117,40"/><W106/><G134/><N who="2" m="51209" /><F71/><W57/><G82/><T111/><D75/><U83/><E1/><V61/><F61/><W54/><G106/><T92/><D104/><U25/><E121/><V89/><F2/><W123/><G107/><T78/><D111/><U70/><E115/><V16/><F95/><W120/><G27/><T45/><D45/><U63/><E98/><V46/><F46/><N who="3" m="23839" /><G90/><T108/><D108/><U48/><E67/><V29/><F29/><W79/><G79/><T128/><D78/><U103/><E103/><V81/><F81/><W9/><G9/><T55/><D55/><U0/><E83/><V37/><F37/><W91/><G91/><T6/><D92/><U109/><E109/><V32/><F89/><W72/><G15/><T105/><D105/><U36/><E0/><V110/><F110/><W49/><G72/><T12/><D116/><N who="3" m="44617" /><G93/><T102/><D102/><U73/><E73/><V14/><F14/><W131/><G131/><T51/><D128/><U8/><E101/><V38/><F38/><W129/><G129/><T34/><D3/><U19/><E36/><V122/><F122/><W11/><G11/><T100/><D100/><U88/><E8/><N who="2" m="6183" /><F113/><W112/><G112/><T18/><REACH who="0" step="1"/><D23/><AGARI ba="0,0" hai="23,24,30,32,33,124,126,127" m="6183,51209" machi="23" ten="40,8000,1" yaku="18,1,20,1,34,2,54,1" doraHai="86" who="2" fromWho="0" sc="76,-80,445,0,323,80,156,0" owari="-4,-50.0,445,54.0,403,20.0,156,-24.0" /></mjloggm>