<mjloggm ver="2.3"><GO type="41" lobby="0"/><UN n0="%E3%81%B7%E3%82%8A%E3%82%93%E3%81%B7%E3%82%8A%E3%82%93" n1="%E3%81%95%E3%82%93%E3%81%8D%E3%81%A3%E3%81%A1%E3%82%83%E3%82%93" n2="%E2%93%9D%53%75%70%68%78" n3="%67%69%6B%6B%75%72%69%35" dan="13,13,18,13" rate="1864.97,1897.36,2144.36,1900.56" sx="M,M,M,M"/><TAIKYOKU oya="0"/><INIT seed="0,0,0,2,5,12" ten="250,250,250,250" oya="0" hai0="34,66,10,134,60,90,36,89,92,79,77,105,112" hai1="37,8,52,118,2,84,120,27,49,106,16,3,122" hai2="0,14,33,119,108,109,69,18,55,57,11,101,82" hai3="72,124,41,4,131,102,113,85,24,64,116,75,127"/><T28/><D112/><U111/><E118/><V6/><F69/><W126/><G116/><T96/><D134/><U56/><E106/><V38/><F119/><W95/><G113/><T19/><D36/><U65/><E37/><V93/><F33/><W88/><G41/><T100/><D28/><U130/><E111/><N who="2" m="42571" /><F82/><W123/><G4/><T68/><D34/><U81/><E130/><V30/><F30/><W51/><G51/><T7/><D90/><U80/><E2/><V86/><F38/><W31/><G64/><T20/><D105/><U54/><E81/><V121/><F121/><W26/><G123/><T15/><REACH who="0" step="1"/><D100/><REACH who="0" ten="240,250,250,250" step="2"/><U47/><E122/><V46/><F101/><W62/><G102/><T104/><D104/><U125/><E120/><V78/><F93/><W58/><G131/><T32/><D32/><U50/><E125/><V43/><F78/><W133/><G133/><T73/><D73/><U103/><E103/><V67/><F86/><W70/><G75/><T129/><D129/><U76/><E76/><V17/><F0/><AGARI ba="0,1" hai="0,7,10,15,19,20,60,66,68,77,79,89,92,96" machi="0" ten="30,12000,1" yaku="1,1,7,1,52,1,53,2" doraHai="12" doraHaiUra="74" who="0" fromWho="2" sc="240,130,250,0,250,-120,250,0" /><INIT seed="0,1,0,2,0,119" ten="370,250,130,250" oya="0" hai0="95,98,97,40,93,120,48,135,19,17,102,127,7" hai1="86,60,68,29,114,96,124,45,125,63,22,30,85" hai2="67,15,11,39,134,103,73,101,131,26,126,58,59" hai3="3,90,130,122,32,14,79,118,110,1,82,132,94"/><T8/><D127/><U78/><E68/><V50/><F39/><W5/><G118/><T88/><D135/><U49/><E114/><V16/><F73/><W24/><G110/><T25/><D120/><U128/><E128/><V115/><F115/><W6/><G132/><T77/><D77/><U13/><E30/><V133/><F131/><W35/><G130/><T44/><REACH who="0" step="1"/><D25/><REACH who="0" ten="360,250,130,250" step="2"/><U34/><E78/><V62/><F126/><W61/><G24/><T53/><D53/><U99/><E125/><V37/><F134/><W104/><G79/><T55/><D55/><U33/><E124/><V2/><F133/><W84/><G122/><T80/><D80/><U54/><E34/><V112/><F112/><W46/><G35/><T100/><D100/><U108/><E33/><V21/><F103/><W75/><G32/><T87/><D87/><U4/><E86/><V71/><F101/><W116/><G116/><T89/><D89/><U83/><E85/><V117/><F117/><W18/><G75/><T51/><D51/><U20/><E49/><V41/><F50/><W10/><G61/><T107/><D107/><U92/><E63/><V81/><F81/><W109/><G104/><T129/><D129/><U56/><E83/><V52/><F52/><W74/><G74/><T12/><AGARI ba="1,1" hai="7,8,12,17,19,40,44,48,88,93,95,97,98,102" machi="12" ten="20,12000,1" yaku="1,1,0,1,7,1,8,1,54,1,53,0" doraHai="119" doraHaiUra="76" who="0" fromWho="0" sc="360,133,250,-41,130,-41,250,-41" /><INIT seed="0,2,0,5,4,72" ten="493,209,89,209" oya="0" hai0="92,103,65,114,135,4,120,10,77,78,84,32,61" hai1="59,37,42,13,95,58,122,35,5,44,46,121,101" hai2="117,116,82,133,97,99,69,134,70,60,55,113,109" hai3="51,47,125,28,40,86,20,64,34,52,83,76,128"/><T7/><D120/><U21/><E35/><V91/><F113/><W22/><G125/><T14/><D114/><U2/><E2/><V81/><F60/><W43/><G128/><T108/><D32/><U54/><E58/><V105/><F55/><W96/><G34/><T130/><D130/><U129/><E129/><V100/><F109/><W11/><G96/><T56/><D135/><N who="2" m="51722" /><F70/><W104/><G104/><T18/><D108/><U87/><E46/><V16/><F16/><W118/><G118/><N who="2" m="45673" /><F69/><W127/><G127/><T73/><D73/><U17/><E5/><N who="0" m="2121" /><D103/><U39/><E39/><V24/><F24/><N who="3" m="16391" /><G64/><T110/><D110/><U8/><E8/><V93/><AGARI ba="2,0" hai="81,82,91,93,97,99,100,105" m="45673,51722" machi="93" ten="40,8000,1" yaku="20,1,12,1,34,2" doraHai="72" who="2" fromWho="2" sc="493,-42,209,-22,89,86,209,-22" /><INIT seed="1,0,0,3,3,127" ten="451,187,175,187" oya="1" hai0="119,42,121,63,3,114,73,51,41,109,120,47,93" hai1="90,4,107,78,12,96,34,30,35,88,131,40,61" hai2="39,14,13,79,99,6,70,8,102,100,89,98,85" hai3="36,43,123,0,28,59,60,55,97,31,122,22,106"/><U87/><E131/><V112/><F70/><W103/><G0/><T67/><D93/><U10/><E40/><N who="0" m="15465" /><D73/><U126/><E126/><V69/><F69/><W56/><G31/><T86/><D86/><U124/><E124/><V27/><F112/><W64/><G36/><T38/><D3/><U2/><E35/><V16/><F27/><W125/><G43/><N who="0" m="23031" /><D114/><U37/><E37/><V62/><F62/><W52/><G125/><T108/><D119/><U76/><E61/><V91/><F39/><W111/><G111/><N who="0" m="42571" /><D51/><U23/><E90/><N who="2" m="34315" /><F85/><W68/><G28/><T83/><D83/><U113/><E113/><V133/><F79/><W77/><G77/><T134/><D134/><U71/><E107/><V7/><F133/><W80/><G22/><T72/><D72/><U130/><E96/><N who="2" m="36907" /><F7/><W95/><G80/><T118/><D118/><U1/><E1/><V116/><F116/><W75/><G106/><T82/><D82/><U84/><E2/><V81/><F81/><W135/><G75/><T9/><D9/><AGARI ba="0,0" hai="6,8,9,13,14,16,100,102" m="36907,34315" machi="9" ten="30,2000,0" yaku="8,1,54,1" doraHai="127" who="2" fromWho="0" sc="451,-20,187,0,175,20,187,0" /><INIT seed="2,0,0,2,5,25" ten="431,187,195,187" oya="2" hai0="135,32,30,123,11,94,55,81,37,64,112,71,91" hai1="20,34,82,121,43,98,96,35,58,10,7,93,0" hai2="109,79,8,47,42,84,19,95,124,15,116,113,18" hai3="14,75,108,80,100,49,86,27,76,57,33,88,70"/><V29/><F113/><W21/><G70/><T89/><D112/><U45/><E98/><V13/><F124/><W3/><G3/><T50/><D123/><U129/><E129/><V22/><F116/><W83/><G108/><T78/><D37/><U132/><E132/><V38/><F109/><W105/><G33/><T54/><D135/><U46/><E46/><V52/><F29/><W36/><G36/><T90/><D71/><U44/><E44/><V31/><F31/><W5/><G105/><T48/><D64/><U62/><E82/><V26/><F26/><W120/><G100/><T59/><D11/><U85/><E85/><V12/><F12/><W92/><G120/><T4/><D4/><U69/><E69/><V16/><F19/><W87/><G75/><T118/><D118/><U61/><E61/><V17/><F17/><W63/><G49/><T117/><D117/><U39/><E20/><V131/><F131/><W67/><G83/><T104/><D104/><U65/><REACH who="1" step="1"/><E121/><REACH who="1" ten="431,177,195,187" step="2"/><V106/><F106/><W60/><G60/><T24/><D94/><U1/><E1/><V28/><F95/><W133/><G133/><T134/><D134/><U23/><E23/><V119/><F119/><W9/><G21/><T72/><REACH who="0" step="1"/><D90/><AGARI ba="0,1" hai="0,7,10,34,35,39,43,45,58,62,65,90,93,96" machi="90" ten="30,2000,0" yaku="1,1,7,1,53,0" doraHai="25" doraHaiUra="51" who="1" fromWho="0" sc="431,-20,177,30,195,0,187,0" /><INIT seed="3,0,0,0,3,24" ten="411,207,195,187" oya="3" hai0="25,60,114,118,63,71,68,108,133,105,2,122,7" hai1="57,77,129,48,109,53,49,131,83,73,65,115,10" hai2="61,132,123,127,93,13,26,91,101,33,111,59,94" hai3="135,38,81,52,16,70,43,84,14,34,112,27,4"/><W41/><G112/><T6/><D25/><U31/><E109/><V23/><F132/><W18/><G70/><T134/><D105/><U75/><E115/><V22/><F127/><W47/><G135/><N who="0" m="51723" /><D2/><U39/><E39/><V106/><F106/><W21/><G34/><T19/><D114/><U37/><E37/><V86/><F123/><W116/><G116/><T50/><D19/><U40/><E65/><V95/><F33/><W89/><G4/><N who="0" m="1579" /><D50/><U113/><E113/><V96/><F111/><W97/><G97/><T130/><D108/><U15/><E31/><V55/><F13/><W3/><G3/><T120/><D118/><U90/><E90/><V125/><F125/><W107/><G107/><T87/><D87/><U88/><E88/><V85/><F23/><W58/><G38/><T51/><D51/><U44/><REACH who="1" step="1"/><E75/><REACH who="1" ten="411,197,195,187" step="2"/><V121/><F121/><N who="0" m="46698" /><D130/><U36/><E36/><V5/><F86/><W30/><G47/><T1/><D1/><U74/><E74/><V119/><F119/><W46/><G46/><T98/><D98/><U29/><E29/><N who="2" m="17623" /><F85/><W80/><G80/><T99/><D99/><U62/><E62/><AGARI ba="0,1" hai="60,62,63,68,71" m="46698,1579,51723" machi="62" ten="40,5200,0" yaku="28,2,20,1" doraHai="24" who="0" fromWho="1" sc="411,62,197,-52,195,0,187,0" /><INIT seed="4,0,0,1,4,95" ten="473,145,195,187" oya="0" hai0="129,134,117,82,71,114,34,22,99,72,51,111,28" hai1="124,33,3,12,94,48,122,10,36,118,76,73,69" hai2="112,92,13,23,79,60,96,85,53,132,110,84,25" hai3="20,39,26,102,81,24,68,11,16,108,123,57,49"/><T121/><RYUUKYOKU type="yao9" ba="0,0" sc="473,0,145,0,195,0,187,0" hai0="22,28,34,51,71,72,82,99,111,114,117,121,129,134" /><INIT seed="4,1,0,2,3,109" ten="473,145,195,187" oya="0" hai0="110,65,58,24,78,90,16,108,86,112,27,22,3" hai1="12,71,35,133,47,11,41,38,115,91,59,57,44" hai2="46,70,111,34,2,103,107,128,79,121,99,5,6" hai3="102,95,55,21,106,131,127,97,49,54,10,76,104"/><T89/><D3/><U30/><E71/><V82/><F111/><N who="0" m="42538" /><D112/><U39/><E133/><V0/><F121/><W23/><G127/><T74/><D74/><U28/><E35/><V13/><F128/><W19/><G131/><T64/><D78/><U36/><E91/><N who="0" m="34825" /><D86/><U100/><E100/><V84/><F34/><W66/><G66/><N who="0" m="25707" /><D58/><U122/><E122/><V14/><F70/><W124/><G124/><T77/><D77/><U123/><E123/><V85/><F85/><W53/><G76/><T94/><D94/><U130/><E130/><V126/><F126/><W43/><G106/><T62/><D62/><U8/><E115/><V26/><F2/><W69/><G104/><T113/><D113/><U31/><E41/><V42/><F0/><W18/><G69/><T116/><D116/><U67/><E67/><V52/><F42/><W114/><G114/><T81/><D81/><U120/><E120/><V98/><F107/><W72/><G72/><T134/><D134/><U9/><REACH who="1" step="1"/><E12/><AGARI ba="1,0" hai="12,16,22,24,27" m="25707,34825,42538" machi="12" ten="30,2900,0" yaku="10,1,54,1" doraHai="109" who="0" fromWho="1" sc="473,32,145,-32,195,0,187,0" /><INIT seed="4,2,0,4,5,43" ten="505,113,195,187" oya="0" hai0="122,18,65,19,126,71,74,131,40,34,26,86,101" hai1="6,49,44,0,87,61,48,78,64,108,123,95,134" hai2="102,75,72,110,80,25,67,104,135,29,42,113,133" hai3="118,24,20,30,57,132,117,59,35,56,38,9,84"/><T124/><D122/><U77/><E108/><V11/><F110/><W69/><G69/><T94/><D74/><U115/><E134/><N who="2" m="51211" /><F113/><W91/><G132/><T97/><D131/><U112/><E123/><V89/><F67/><W27/><G9/><T83/><D40/><U1/><E49/><V70/><F70/><W47/><G38/><T82/><D82/><U92/><E78/><V81/><F102/><W2/><G2/><N who="1" m="1130" /><E6/><V73/><F104/><W120/><G120/><T10/><D71/><N who="1" m="42383" /><E87/><N who="2" m="50407" /><F42/><W45/><G117/><T79/><D65/><U31/><E31/><V5/><F5/><W52/><G118/><T119/><D119/><U39/><E77/><N who="2" m="44199" /><F11/><W54/><G35/><AGARI ba="2,0" hai="25,29,35,73,75" m="44199,50407,51211" machi="35" ten="30,1000,0" yaku="20,1" doraHai="43" who="2" fromWho="3" sc="505,0,113,0,195,16,187,-16" /><INIT seed="5,0,0,1,2,30" ten="505,113,211,171" oya="1" hai0="112,13,42,61,88,8,60,98,97,134,29,128,20" hai1="33,71,9,90,103,41,114,73,75,68,1,14,107" hai2="118,11,84,92,130,69,0,58,119,76,25,65,93" hai3="27,62,133,95,135,100,44,43,106,94,79,121,36"/><U19/><E114/><V51/><F69/><W63/><G121/><T66/><D112/><U3/><E68/><V74/><F74/><W132/><G79/><T83/><D134/><N who="3" m="34305" /><W18/><DORA hai="34" /><G106/><T6/><D128/><U37/><E71/><V22/><F93/><N who="3" m="35339" /><G100/><T78/><D42/><U48/><E37/><V120/><F76/><W32/><G18/><T101/><D88/><U89/><E33/><V86/><F86/><W64/><G64/><T54/><D54/><U49/><E41/><V21/><F65/><W117/><G117/><T91/><D91/><U104/><E103/><V77/><F77/><W102/><G102/><T10/><D10/><U81/><E81/><V109/><F11/><W2/><G2/><T28/><D20/><U129/><E9/><V15/><F22/><W46/><G44/><T56/><D61/><U35/><E35/><V110/><F119/><W40/><G40/><T12/><D12/><U50/><E19/><V47/><F15/><W131/><G131/><T80/><D80/><U105/><E14/><V115/><F130/><W52/><G52/><T39/><D39/><U5/><E129/><V116/><F116/><W127/><G127/><T57/><D57/><U96/><E96/><N who="0" m="36969" /><D101/><U16/><E16/><V45/><F118/><W72/><G72/><N who="1" m="27722" /><E5/><V122/><F115/><W111/><G111/><T123/><D123/><U82/><E82/><V99/><F110/><W55/><G55/><T124/><D124/><U24/><E24/><V85/><F122/><W126/><G126/><T87/><AGARI ba="0,0" hai="6,8,13,28,29,56,60,66,78,83,87" m="36969" machi="87" ten="30,1100,0" yaku="8,1" doraHai="30,34" who="0" fromWho="0" sc="505,11,113,-5,211,-3,171,-3" /><INIT seed="6,0,0,3,5,97" ten="516,108,208,168" oya="2" hai0="17,95,74,12,61,5,106,14,88,10,30,116,89" hai1="6,107,108,33,37,58,8,131,79,50,47,28,103" hai2="67,21,130,1,91,125,43,54,62,90,129,44,114" hai3="66,110,40,109,102,45,132,31,83,98,16,46,15"/><V42/><F1/><W124/><G124/><T32/><D74/><U60/><E108/><V22/><F114/><W101/><G31/><T48/><D106/><U86/><E131/><N who="2" m="50187" /><F54/><W123/><G123/><T4/><D116/><U112/><E112/><V122/><F43/><W133/><G66/><T117/><D117/><U77/><E37/><V99/><F125/><W71/><G98/><T63/><D32/><U2/><E33/><V73/><F73/><W85/><G71/><T53/><D30/><U0/><E0/><V64/><F64/><W9/><G109/><T128/><D128/><U100/><E107/><V38/><F122/><W68/><G68/><T52/><D53/><U57/><E28/><V119/><F119/><W13/><G13/><T26/><D26/><U113/><E113/><V36/><F36/><W39/><G46/><N who="0" m="27671" /><D4/><U41/><E58/><N who="2" m="37335" /><F99/><W76/><REACH who="3" step="1"/><G110/><REACH who="3" ten="516,108,208,158" step="2"/><T93/><D14/><U118/><E118/><V35/><F35/><W69/><G69/><T51/><D5/><U135/><E135/><AGARI ba="0,1" hai="9,15,16,39,40,45,76,83,85,101,102,132,133,135" machi="135" ten="40,12000,2" yaku="1,1,20,1,52,2,54,1,53,2" doraHai="97" doraHaiUra="96" who="3" fromWho="1" sc="516,0,108,-120,208,0,158,130" owari="516,61.0,-12,-51.0,208,-19.0,288,9.0" /></mjloggm>