<mjloggm ver="2.3"><GO type="41" lobby="0"/><UN n0="%E6%89%BF%E6%9C%8D%E4%BA%AD%E3%81%97%E3%81%8C%E3%81%9F%E3%81%84" n1="%E3%81%97%E3%81%8B%E8%8C%B6" n2="%E7%A0%82%E6%BC%A0%E3%81%AE%E5%B0%91%E5%B9%B4" n3="%E2%93%9D%53%75%70%68%78" dan="15,15,14,17" rate="2050.32,2064.02,2002.01,2044.71" sx="M,F,M,M"/><TAIKYOKU oya="0"/><INIT seed="0,0,0,4,4,132" ten="250,250,250,250" oya="0" hai0="32,120,28,77,40,119,1,114,47,115,126,22,55" hai1="83,116,85,33,17,105,125,73,101,57,71,122,26" hai2="65,108,70,10,36,88,20,44,62,29,25,87,3" hai3="94,82,56,97,13,104,16,78,27,38,6,133,129"/><T14/><D119/><U4/><E71/><V103/><F108/><W21/><G129/><T52/><D120/><U96/><E116/><V23/><F103/><W53/><G133/><T100/><D1/><U90/><E122/><V63/><F63/><W130/><G130/><T117/><D117/><U50/><E4/><V41/><F10/><W11/><G38/><T18/><D77/><U128/><E33/><V46/><F46/><W43/><G104/><T66/><D66/><U99/><E128/><V118/><F3/><W102/><G43/><T109/><D109/><U12/><E96/><V135/><F135/><W93/><G93/><T0/><D0/><U5/><E5/><V111/><F111/><W58/><REACH who="3" step="1"/><G53/><REACH who="3" ten="250,250,250,240" step="2"/><T48/><D48/><U121/><BYE who="0" /><E121/><V7/><F118/><W60/><G60/><T54/><D54/><U35/><E105/><V107/><F107/><W42/><G42/><T75/><D75/><AGARI ba="0,1" hai="6,11,13,16,21,27,56,58,75,78,82,94,97,102" machi="75" ten="30,3900,0" yaku="1,1,7,1,54,1,53,0" doraHai="132" doraHaiUra="68" who="3" fromWho="0" sc="250,-39,250,0,250,0,240,49" /><INIT seed="1,0,0,2,1,63" ten="211,250,250,289" oya="1" hai0="30,119,81,45,20,84,18,131,54,98,29,126,76" hai1="86,24,6,53,5,7,73,110,120,37,55,27,0" hai2="11,74,47,14,83,104,70,127,109,115,65,108,26" hai3="117,56,17,77,38,85,97,28,116,114,22,16,96"/><U23/><E73/><UN n0="%E6%89%BF%E6%9C%8D%E4%BA%AD%E3%81%97%E3%81%8C%E3%81%9F%E3%81%84" /><V39/><F115/><W62/><G38/><T15/><D126/><U13/><E37/><V3/><F127/><W32/><G32/><T105/><D119/><N who="3" m="45641" /><G28/><T102/><D131/><U135/><E120/><V51/><F26/><N who="1" m="9769" /><E135/><V66/><F70/><W46/><G46/><T34/><D34/><U71/><E71/><V122/><F122/><W59/><G59/><T12/><D12/><U10/><E0/><V64/><F104/><W40/><G40/><T61/><D45/><U36/><E36/><V72/><F39/><W49/><G49/><T92/><REACH who="0" step="1"/><D105/><REACH who="0" ten="201,250,250,289" step="2"/><U123/><E123/><V4/><F14/><N who="3" m="9495" /><G114/><T31/><D31/><U130/><E130/><V106/><F106/><W50/><G17/><T121/><D121/><U79/><E110/><N who="2" m="42603" /><F83/><N who="3" m="47343" /><G50/><T78/><D78/><U60/><E79/><V94/><F94/><W112/><G112/><T118/><D118/><U57/><E23/><V128/><F128/><W125/><G125/><T42/><D42/><AGARI ba="0,1" hai="3,4,11,42,47,51,64,65,66,72,74" m="42603" machi="42" ten="30,7700,0" yaku="14,1,52,3" doraHai="63" who="2" fromWho="0" sc="201,-77,250,0,250,87,289,0" /><INIT seed="2,0,0,4,0,93" ten="124,250,337,289" oya="2" hai0="17,86,127,113,82,70,95,73,96,27,130,45,3" hai1="22,63,135,39,107,133,52,92,4,23,106,49,87" hai2="90,42,108,18,80,105,26,115,109,1,46,62,44" hai3="79,119,132,33,91,129,61,55,103,125,76,121,124"/><V128/><F115/><W56/><G119/><T126/><D70/><U36/><E4/><V58/><F1/><W24/><G121/><T111/><D3/><U117/><E117/><V120/><F120/><W30/><G129/><T118/><D118/><U116/><E116/><V114/><F114/><W47/><G132/><N who="1" m="50762" /><E63/><V28/><F128/><W85/><G103/><N who="0" m="60831" /><D130/><U104/><E87/><N who="2" m="50535" /><F18/><W48/><G91/><N who="0" m="51671" /><D45/><N who="1" m="27695" /><E92/><V94/><F105/><W54/><REACH who="3" step="1"/><G85/><REACH who="3" ten="124,250,337,279" step="2"/><T78/><D113/><U25/><E22/><V53/><F109/><W16/><G16/><AGARI ba="0,1" hai="16,23,25,36,39,104,106,107" m="27695,50762" machi="16" ten="40,5200,0" yaku="20,1,54,2" doraHai="93" who="1" fromWho="3" sc="124,0,250,62,337,0,279,-52" /><INIT seed="3,0,0,4,0,16" ten="124,312,337,227" oya="3" hai0="65,4,37,60,41,83,21,105,2,113,30,42,25" hai1="88,20,19,90,133,77,46,89,3,99,22,63,27" hai2="108,73,49,52,125,93,128,80,12,109,74,56,135" hai3="10,78,87,28,72,53,33,40,75,81,39,115,104"/><W23/><G115/><T86/><D105/><U79/><E133/><V9/><F135/><W96/><G33/><T130/><D113/><U24/><E3/><V34/><F34/><W111/><G111/><N who="2" m="42569" /><F125/><W31/><G40/><T14/><D130/><U66/><E46/><V1/><F1/><W35/><G39/><T118/><D118/><U107/><E107/><V5/><F128/><W126/><G10/><T116/><D116/><U124/><E99/><V119/><F119/><W59/><G35/><T84/><D2/><U102/><E102/><V61/><F93/><W67/><G67/><T132/><D132/><U36/><E36/><V48/><F80/><W110/><G126/><T55/><D55/><U131/><E131/><V32/><F32/><W62/><G110/><T103/><D103/><U123/><E123/><V98/><F98/><W43/><G43/><N who="0" m="16395" /><D37/><U129/><E129/><V51/><AGARI ba="0,0" hai="5,9,12,48,49,51,52,56,61,73,74" m="42569" machi="51" ten="30,2000,0" yaku="14,1,54,1" doraHai="16" who="2" fromWho="2" sc="124,-5,312,-5,337,20,227,-10" /><INIT seed="4,0,0,0,3,10" ten="119,307,357,217" oya="0" hai0="60,66,57,108,49,88,114,34,58,28,70,135,35" hai1="63,39,120,104,90,81,98,7,80,53,30,125,111" hai2="18,113,62,42,52,54,93,101,32,112,77,100,84" hai3="74,83,72,11,119,126,26,41,4,89,43,131,121"/><T102/><D114/><N who="2" m="44138" /><F32/><W23/><G119/><T85/><D135/><U116/><E39/><V13/><F42/><W47/><G126/><T22/><D102/><N who="2" m="39530" /><F62/><W109/><G131/><T123/><D123/><U12/><E104/><V106/><F106/><W38/><G109/><T33/><D108/><U48/><E30/><V69/><F69/><W3/><G43/><T71/><D71/><U5/><E116/><V95/><F77/><W115/><G121/><T87/><D87/><U130/><E125/><V40/><F40/><W86/><REACH who="3" step="1"/><G115/><REACH who="3" ten="119,307,357,207" step="2"/><T2/><D2/><U20/><E130/><V133/><F133/><W107/><G107/><T31/><D70/><U21/><E111/><V94/><F84/><W37/><G37/><T64/><D22/><AGARI ba="0,1" hai="13,18,22,52,54,93,94,95" m="39530,44138" machi="22" ten="30,3900,0" yaku="15,1,52,1,54,1" doraHai="10" who="2" fromWho="0" sc="119,-39,307,0,357,49,207,0" /><INIT seed="5,0,0,5,2,53" ten="80,307,406,207" oya="1" hai0="71,125,108,34,9,33,70,80,92,2,59,131,50" hai1="0,78,121,66,110,96,42,99,76,38,7,105,30" hai2="106,57,45,129,60,43,56,20,134,18,123,32,8" hai3="113,13,35,126,115,6,118,73,23,21,100,130,46"/><U122/><E30/><V54/><F123/><W102/><G73/><T75/><D108/><U95/><E105/><V26/><F32/><N who="0" m="12394" /><D92/><U93/><E66/><V10/><F106/><W40/><G130/><T83/><D50/><U91/><E42/><V79/><F129/><W12/><G35/><T51/><D51/><U44/><E38/><V88/><F134/><W101/><G126/><T81/><D9/><U19/><E44/><V120/><F79/><N who="1" m="30249" /><E19/><V39/><F120/><N who="1" m="46185" /><E7/><V5/><F5/><W97/><G6/><T11/><D131/><U119/><E0/><V47/><F47/><W124/><G46/><T69/><D11/><U74/><E74/><V112/><F112/><W117/><G40/><T27/><D2/><U87/><E119/><N who="3" m="45578" /><G124/><T15/><D125/><U37/><E37/><V111/><F111/><W49/><G115/><T41/><D41/><U65/><E65/><V58/><F8/><W24/><G113/><T55/><D15/><U77/><N who="1" m="30257" /><U25/><DORA hai="1" /><E25/><V114/><F10/><W62/><G13/><T3/><D27/><U28/><E28/><V61/><F114/><W89/><G24/><T132/><D3/><U104/><E110/><V127/><F127/><W72/><G72/><T85/><D132/><U109/><E109/><V68/><F39/><W94/><G12/><T4/><D75/><U36/><E36/><V98/><F43/><W14/><G14/><T128/><D4/><U82/><E104/><V31/><F26/><W84/><G23/><T22/><D128/><U90/><E82/><N who="0" m="20993" /><T103/><DORA hai="107" /><D22/><U64/><E64/><RYUUKYOKU ba="0,0" sc="80,-10,307,30,406,-10,207,-10" hai1="87,90,91,93,95,96,99" /><INIT seed="5,1,0,1,0,79" ten="70,337,396,197" oya="1" hai0="135,34,23,22,94,44,63,70,95,7,45,113,101" hai1="8,19,83,85,16,12,111,14,21,64,33,67,134" hai2="6,2,31,32,133,92,125,43,78,35,96,82,93" hai3="88,4,68,28,5,118,73,47,119,54,128,99,76"/><U42/><E33/><V15/><F2/><W127/><G68/><T69/><D34/><U87/><E111/><V41/><F125/><W13/><G28/><T104/><D63/><U53/><E134/><V120/><F120/><W60/><G128/><T123/><D101/><U108/><E108/><V131/><F133/><W1/><G1/><T124/><D135/><U97/><E42/><V36/><F131/><W27/><G27/><T40/><D40/><U121/><E121/><V109/><F109/><W30/><G30/><T81/><D123/><U115/><E115/><V39/><F6/><W20/><G127/><T91/><D124/><U132/><E132/><V90/><F15/><W0/><G0/><T129/><D129/><U25/><E97/><V71/><F71/><W57/><G47/><T75/><D7/><U62/><E25/><V46/><F31/><W17/><G76/><T61/><D61/><U51/><E62/><V29/><F29/><W122/><G73/><T55/><D75/><U24/><E85/><V89/><F43/><W26/><G122/><T130/><D130/><U100/><E24/><V11/><F11/><N who="3" m="4327" /><G5/><T52/><D91/><N who="1" m="51711" /><E100/><V110/><F39/><W112/><G112/><T10/><D113/><U50/><E50/><V77/><F110/><W65/><G65/><T58/><D10/><U9/><E9/><V84/><F77/><W38/><G38/><T98/><D104/><U126/><E126/><V37/><F36/><W103/><G103/><T102/><D102/><U18/><E18/><V117/><F117/><W80/><G99/><AGARI ba="1,0" hai="32,35,37,41,46,78,82,84,89,90,92,93,96,99" machi="99" ten="30,3900,0" yaku="7,1,9,1,52,1" doraHai="79" who="2" fromWho="3" sc="70,0,337,0,396,42,197,-42" /><INIT seed="6,0,0,0,2,78" ten="70,337,438,155" oya="2" hai0="103,38,109,41,28,5,48,71,8,95,45,101,87" hai1="117,126,107,7,132,46,40,100,36,125,20,72,104" hai2="17,92,79,67,105,127,57,70,82,43,116,61,84" hai3="58,69,97,29,10,135,11,12,51,66,34,18,21"/><V76/><F116/><W25/><G135/><T1/><D109/><U27/><E132/><V80/><F105/><W86/><G69/><T15/><D71/><U52/><E117/><V93/><F43/><W83/><G97/><T59/><D28/><U16/><E7/><V6/><F127/><N who="1" m="48649" /><E100/><V54/><F6/><W134/><G134/><T122/><D122/><U129/><E129/><V121/><F17/><W120/><G120/><T42/><D1/><U9/><E9/><V99/><F99/><W113/><G113/><T85/><D85/><U118/><E72/><V31/><F31/><W32/><G32/><T94/><D94/><U112/><E112/><V22/><F22/><W124/><G124/><T53/><REACH who="0" step="1"/><D42/><REACH who="0" ten="60,337,438,155" step="2"/><U91/><E118/><V73/><F121/><W114/><G114/><T3/><D3/><U39/><E39/><V90/><F73/><W119/><G119/><T123/><D123/><U47/><E91/><AGARI ba="0,1" hai="5,8,15,38,41,45,48,53,59,87,91,95,101,103" machi="91" ten="40,1300,0" yaku="1,1,53,0" doraHai="78" doraHaiUra="35" who="0" fromWho="1" sc="60,23,337,-13,438,0,155,0" /><INIT seed="7,0,0,2,5,39" ten="83,324,438,155" oya="3" hai0="112,72,41,15,35,7,94,87,49,108,109,46,5" hai1="33,130,73,60,24,57,40,55,74,123,81,53,99" hai2="22,47,68,37,32,10,93,90,113,106,19,31,12" hai3="131,116,125,79,38,92,70,14,77,56,103,61,75"/><W76/><G116/><T62/><D72/><U91/><E123/><V95/><F106/><W115/><G70/><T101/><D35/><U105/><E130/><V3/><F68/><W88/><G38/><T18/><D109/><U100/><E53/><V124/><F113/><W11/><G125/><T48/><D108/><U134/><E134/><V114/><F114/><W54/><G115/><T84/><D112/><U67/><E67/><V128/><F124/><W64/><G131/><T69/><D49/><U118/><E118/><V117/><F128/><W133/><G103/><T98/><D69/><U43/><E91/><V104/><F104/><W6/><G133/><T96/><D96/><U135/><E135/><V0/><F0/><W8/><G8/><T1/><D62/><U50/><E60/><V82/><F47/><W29/><G29/><T86/><REACH who="0" step="1"/><D1/><REACH who="0" ten="73,324,438,155" step="2"/><U102/><E102/><V13/><F3/><W9/><G75/><T26/><D26/><U27/><E33/><V20/><F32/><W28/><G61/><T122/><D122/><U121/><E121/><V30/><F117/><W71/><G71/><T107/><D107/><U16/><E24/><V44/><F37/><W126/><G126/><T36/><D36/><U52/><E55/><V23/><F13/><W66/><G54/><T21/><AGARI ba="0,1" hai="5,7,15,18,21,41,46,48,84,86,87,94,98,101" machi="21" ten="30,7900,0" yaku="1,1,0,1,8,1,52,1,53,0" doraHai="39" doraHaiUra="85" who="0" fromWho="0" sc="73,89,324,-20,438,-20,155,-39" owari="162,-24.0,304,10.0,418,52.0,116,-38.0" /></mjloggm>