<mjloggm ver="2.3"><GO type="41" lobby="0"/><UN n0="%E2%93%9D%53%75%70%68%78" n1="%47%59%4F" n2="%E7%A5%9E%E6%9E%97%E4%BB%81" n3="%64%61%74%65%6E%61%6F%74" dan="17,15,15,13" rate="2066.28,2021.92,2020.73,1820.18" sx="M,M,M,M"/><TAIKYOKU oya="0"/><INIT seed="0,0,0,4,2,78" ten="250,250,250,250" oya="0" hai0="73,116,3,13,46,113,4,130,127,88,93,90,8" hai1="123,36,63,59,87,125,111,16,117,35,50,1,74" hai2="10,22,107,121,7,76,102,38,128,25,120,80,122" hai3="14,101,108,61,115,28,106,65,114,39,6,118,86"/><T58/><D116/><U92/><E74/><V68/><F68/><W129/><G118/><T40/><D113/><U42/><E117/><V109/><F128/><W67/><G39/><T97/><D130/><U105/><E105/><V89/><F38/><W47/><G129/><T19/><D127/><U33/><E123/><V135/><F135/><W56/><G108/><T124/><D124/><U103/><E1/><V53/><F53/><W27/><G67/><T94/><D73/><U85/><E36/><V52/><F52/><W134/><G134/><T48/><D58/><U72/><E72/><V96/><F89/><W77/><G106/><T9/><REACH who="0" step="1"/><D93/><REACH who="0" ten="240,250,250,250" step="2"/><U79/><E125/><V20/><F109/><W83/><G115/><T100/><AGARI ba="0,1" hai="3,4,8,9,13,19,40,46,48,88,90,94,97,100" machi="100" ten="20,18000,2" yaku="1,1,2,1,0,1,7,1,54,1,53,2" doraHai="78" doraHaiUra="84" who="0" fromWho="0" sc="240,190,250,-60,250,-60,250,-60" /><INIT seed="0,1,0,3,2,46" ten="430,190,190,190" oya="0" hai0="88,51,123,63,98,25,97,114,83,77,68,41,4" hai1="52,105,50,69,56,64,12,118,125,49,45,112,134" hai2="74,58,65,102,27,0,5,43,26,108,75,92,9" hai3="111,122,14,57,20,131,29,87,37,130,82,103,120"/><T89/><D123/><N who="3" m="47145" /><G37/><T1/><D114/><U15/><E105/><V17/><F108/><W72/><G57/><T3/><D25/><U60/><E118/><V78/><F43/><W22/><G29/><T30/><D30/><U117/><E117/><V28/><F17/><W39/><G39/><T104/><D4/><U55/><E112/><V113/><F113/><W31/><G31/><T54/><D41/><U67/><E134/><V95/><F27/><W35/><G35/><T107/><D63/><N who="1" m="40191" /><E15/><V128/><F78/><W115/><G14/><T80/><D77/><U7/><E12/><V116/><F116/><W10/><G10/><T44/><D54/><U119/><E7/><V19/><F19/><W109/><G72/><T53/><D53/><U23/><E23/><N who="3" m="8746" /><G103/><T59/><D59/><N who="1" m="33271" /><E119/><V33/><F75/><W71/><G71/><T90/><D68/><N who="1" m="41991" /><E125/><V42/><F74/><W96/><G115/><T73/><D73/><U62/><E62/><N who="2" m="38103" /><F102/><W121/><G96/><T86/><D98/><U110/><E110/><N who="3" m="41994" /><G121/><T84/><D97/><U132/><E132/><V99/><F99/><W126/><G126/><T40/><REACH who="0" step="1"/><D89/><AGARI ba="1,0" hai="82,87,89,130,131" m="41994,8746,47145" machi="89" ten="40,2600,0" yaku="13,1,14,1" doraHai="46" who="3" fromWho="0" sc="430,-29,190,0,190,0,190,29" /><INIT seed="1,0,0,3,5,15" ten="401,190,190,219" oya="1" hai0="84,132,130,125,104,95,126,96,22,123,12,91,58" hai1="28,51,97,72,43,4,105,115,14,102,41,116,63" hai2="65,37,1,77,32,44,112,16,111,128,49,131,64" hai3="107,47,68,87,56,73,6,36,53,8,81,27,79"/><U42/><E116/><V5/><F37/><W48/><G107/><T19/><D130/><N who="2" m="49706" /><F32/><W106/><G106/><T118/><D132/><U93/><E115/><V100/><F100/><W40/><G68/><T133/><D133/><U46/><E72/><V23/><F112/><W70/><G70/><T0/><D0/><U30/><E105/><V11/><F77/><W135/><G135/><T117/><D123/><U39/><E63/><V60/><F60/><W82/><G27/><T25/><D58/><U61/><E61/><V7/><F7/><W50/><G50/><T98/><D25/><U9/><REACH who="1" step="1"/><E39/><REACH who="1" ten="401,180,190,219" step="2"/><V26/><F111/><W20/><G73/><T80/><D104/><U54/><AGARI ba="0,1" hai="4,9,14,28,30,41,42,43,46,51,54,93,97,102" machi="54" ten="30,11700,0" yaku="1,1,2,1,0,1,8,1,53,0" doraHai="15" doraHaiUra="69" who="1" fromWho="1" sc="401,-39,180,127,190,-39,219,-39" /><INIT seed="1,1,0,0,2,53" ten="362,307,151,180" oya="1" hai0="92,41,91,80,59,120,6,23,70,19,21,88,54" hai1="82,7,25,71,134,124,26,99,57,10,133,110,2" hai2="62,50,79,48,40,83,117,1,16,61,86,42,128" hai3="115,28,3,58,112,81,31,101,67,14,5,125,108"/><U47/><E71/><V103/><F117/><W123/><G123/><T66/><D120/><U8/><E124/><V127/><F127/><W75/><G125/><T46/><D6/><U76/><E8/><V29/><F29/><W116/><G101/><T102/><D66/><U93/><E47/><V130/><F103/><W13/><G75/><T111/><D111/><U68/><E68/><V55/><F1/><W37/><G37/><T64/><D64/><U60/><E110/><V20/><F50/><W131/><G108/><T73/><D23/><U95/><E26/><V49/><F48/><W77/><G77/><T114/><D114/><U135/><E25/><V9/><F9/><W63/><G81/><T17/><D73/><U27/><E27/><N who="2" m="14727" /><F130/><W52/><G131/><T74/><D74/><N who="1" m="43287" /><E99/><V96/><F96/><W98/><G98/><N who="0" m="59719" /><D70/><U35/><E35/><V65/><F65/><AGARI ba="1,0" hai="2,7,10,57,60,65,93,95,133,134,135" m="43287" machi="65" ten="30,2900,0" yaku="20,1,52,1" doraHai="53" who="1" fromWho="2" sc="362,0,307,32,151,-32,180,0" /><INIT seed="1,2,0,5,0,127" ten="362,339,119,180" oya="1" hai0="74,57,56,131,8,19,102,40,121,1,44,100,81" hai1="83,129,104,87,59,54,78,3,29,33,109,122,95" hai2="101,106,9,42,20,76,90,26,7,61,49,112,11" hai3="130,17,63,123,34,23,72,118,39,80,68,105,22"/><U93/><E104/><V69/><F112/><W53/><G123/><T114/><D114/><U18/><E122/><V99/><F76/><W21/><G34/><T125/><D121/><U126/><E126/><V0/><F90/><W32/><G32/><T5/><D19/><U10/><E109/><V119/><F119/><W65/><G105/><T77/><D125/><U89/><E129/><V124/><F124/><W103/><G103/><N who="0" m="39467" /><D131/><U132/><E132/><V111/><F111/><W71/><G39/><AGARI ba="2,0" hai="1,5,8,39,40,44,56,57,74,77,81" m="39467" machi="39" ten="30,1000,0" yaku="25,1" doraHai="127" who="0" fromWho="3" sc="362,16,339,0,119,0,180,-16" /><INIT seed="2,0,0,1,5,6" ten="378,339,119,164" oya="2" hai0="66,109,38,23,77,35,16,92,49,89,114,25,8" hai1="86,54,10,68,33,0,22,87,42,134,133,3,21" hai2="106,73,96,15,13,60,129,100,123,102,41,111,124" hai3="103,48,119,97,18,107,36,108,55,24,12,63,75"/><V32/><F123/><W80/><G119/><T2/><D38/><U58/><E68/><V85/><F73/><W17/><G36/><T14/><D114/><U82/><E33/><V64/><F124/><W74/><G108/><T132/><D109/><U95/><E42/><V57/><F111/><W61/><G24/><T62/><D132/><U118/><E118/><V99/><F32/><W40/><G40/><T70/><D77/><U19/><E22/><V34/><F34/><W43/><G43/><T90/><D49/><U11/><E0/><V31/><F31/><W20/><G18/><T98/><D2/><U71/><E71/><V1/><F1/><W84/><G75/><T39/><D39/><U76/><E3/><V65/><F41/><W26/><G26/><T27/><D35/><U53/><E53/><V59/><F85/><W45/><REACH who="3" step="1"/><G74/><REACH who="3" ten="378,339,119,154" step="2"/><T91/><REACH who="0" step="1"/><D25/><REACH who="0" ten="368,339,119,154" step="2"/><N who="1" m="14527" /><E134/><V93/><REACH who="2" step="1"/><F129/><REACH who="2" ten="368,339,109,154" step="2"/><W88/><AGARI ba="0,3" hai="12,17,20,45,48,55,61,63,80,84,88,97,103,107" machi="88" ten="20,5200,0" yaku="1,1,0,1,7,1,54,1,53,0" doraHai="6" doraHaiUra="120" who="3" fromWho="3" sc="368,-13,339,-13,109,-26,154,82" /><INIT seed="3,0,0,5,2,87" ten="355,326,83,236" oya="3" hai0="46,5,79,121,27,132,29,8,71,80,44,17,123" hai1="38,104,1,7,49,68,11,55,23,86,74,52,31" hai2="35,130,76,48,2,90,111,42,105,19,20,99,119" hai3="6,9,28,65,66,43,54,93,34,67,107,131,0"/><W57/><G107/><T88/><D71/><U56/><E74/><V22/><F119/><W53/><G131/><T70/><D70/><U125/><E68/><V12/><F35/><W63/><G43/><T41/><D17/><U60/><E38/><V36/><F130/><W113/><G113/><T129/><D46/><U109/><E109/><V103/><F76/><W69/><G69/><T92/><D132/><U4/><E104/><V134/><F134/><W133/><G133/><T77/><D77/><U15/><E125/><V18/><F2/><W40/><G40/><T84/><D129/><U16/><E86/><V110/><F36/><W62/><G34/><T13/><D27/><N who="1" m="16895" /><E1/><V72/><F72/><W75/><G75/><T106/><D29/><U39/><E39/><V127/><F127/><W101/><G28/><T78/><D78/><U91/><E91/><V51/><F42/><W85/><G101/><T47/><D106/><U26/><E26/><V114/><F114/><W73/><G73/><T115/><D115/><U32/><E32/><V96/><F110/><W61/><REACH who="3" step="1"/><G54/><REACH who="3" ten="355,326,83,226" step="2"/><T58/><D41/><U120/><E120/><V82/><F111/><W118/><G118/><T112/><D112/><U30/><E30/><V10/><F10/><W81/><G81/><T128/><D128/><U59/><AGARI ba="0,1" hai="4,7,11,15,16,49,52,55,56,59,60" m="16895" machi="59" ten="30,4000,0" yaku="8,1,54,2" doraHai="87" who="1" fromWho="1" sc="355,-10,326,50,83,-10,226,-20" /><INIT seed="4,0,0,5,1,107" ten="345,376,73,206" oya="0" hai0="33,102,80,73,113,26,115,41,101,59,58,96,52" hai1="104,12,18,133,11,56,114,4,111,110,63,124,61" hai2="128,95,65,50,13,8,20,67,125,117,60,106,72" hai3="46,31,135,85,53,40,44,2,5,27,47,132,75"/><T36/><D59/><U22/><E104/><V45/><F106/><W35/><G85/><T99/><D41/><U24/><E133/><N who="3" m="51274" /><G53/><T48/><D36/><U62/><E124/><V131/><F72/><W100/><G100/><N who="0" m="38507" /><D26/><U91/><E114/><N who="0" m="43529" /><D33/><U105/><E105/><V81/><F81/><W90/><G90/><T74/><D80/><U127/><E127/><V118/><F125/><W97/><G97/><AGARI ba="0,0" hai="48,52,58,73,74,96,97,99" m="43529,38507" machi="97" ten="30,11600,0" yaku="15,1,52,2,54,1" doraHai="107" who="0" fromWho="3" sc="345,116,376,0,73,0,206,-116" /><INIT seed="4,1,0,5,4,115" ten="461,376,73,90" oya="0" hai0="49,44,93,1,72,61,10,75,35,83,129,57,85" hai1="14,89,11,130,81,46,48,87,103,54,45,104,121" hai2="53,24,92,0,2,122,64,94,29,117,76,79,74" hai3="131,135,34,62,12,43,88,100,82,118,73,110,38"/><T4/><D35/><U111/><E130/><V66/><F122/><W27/><G118/><T108/><D93/><N who="2" m="35946" /><F53/><W102/><G110/><T26/><D26/><U50/><E121/><V21/><F21/><W65/><G131/><T80/><D80/><U41/><E111/><V107/><F107/><W19/><G135/><T132/><D132/><U127/><E127/><V120/><F120/><W55/><G38/><T58/><D58/><U23/><E23/><V20/><F20/><W77/><G43/><T6/><D6/><U123/><E123/><V125/><F24/><W97/><G55/><T105/><D105/><U31/><E104/><V30/><F74/><W22/><G34/><T60/><D60/><U40/><E103/><V86/><F86/><W69/><G12/><T98/><D98/><U84/><E84/><V112/><F117/><W133/><G133/><T37/><D37/><U3/><E3/><N who="2" m="1067" /><F112/><W134/><G134/><T126/><D129/><U90/><E31/><N who="2" m="11787" /><F125/><W63/><G63/><T33/><D126/><U96/><E96/><V8/><F8/><W18/><G18/><T114/><D33/><U95/><E95/><V124/><F124/><W119/><G119/><T67/><D114/><U70/><E54/><V17/><F17/><W7/><G7/><T51/><D108/><U36/><E36/><V78/><AGARI ba="1,0" hai="64,66,76,78,79" m="11787,1067,35946" machi="78" ten="40,2700,0" yaku="28,2" doraHai="115" who="2" fromWho="2" sc="461,-14,376,-8,73,30,90,-8" /><INIT seed="5,0,0,2,1,36" ten="447,368,103,82" oya="1" hai0="24,33,66,118,18,108,105,44,71,39,57,35,31" hai1="13,111,124,119,125,8,126,96,85,134,80,9,116" hai2="132,29,107,106,129,59,40,22,70,23,47,0,122" hai3="16,120,128,64,77,133,84,69,100,104,60,86,42"/><U46/><E134/><V110/><F122/><W53/><G120/><T75/><D57/><U109/><E96/><V83/><F132/><W95/><G133/><T58/><D58/><U12/><E46/><V27/><F70/><W89/><G128/><T34/><D18/><N who="1" m="8455" /><E85/><V7/><F129/><W78/><G104/><T30/><D118/><N who="1" m="45099" /><E80/><V10/><F59/><W135/><G135/><T62/><D105/><U131/><E131/><V93/><F93/><W92/><G100/><T52/><D75/><U49/><E49/><V102/><F102/><W14/><G53/><T113/><D52/><U90/><E90/><V45/><F45/><W50/><G86/><T65/><D44/><U20/><E20/><V101/><F101/><W21/><G95/><T94/><D94/><U88/><E88/><V74/><F23/><W97/><G97/><T63/><D39/><U103/><E103/><V127/><F107/><W73/><G73/><T79/><D79/><U15/><E15/><V123/><F106/><W11/><G11/><T91/><D91/><U48/><E48/><V17/><F123/><W38/><G38/><T26/><D33/><U28/><E28/><V130/><F130/><W37/><G37/><T72/><D72/><U3/><E3/><V87/><F74/><W68/><G68/><T4/><D71/><U117/><N who="1" m="45107" /><U112/><DORA hai="114" /><E112/><V51/><F29/><W81/><G81/><T82/><D113/><U121/><E121/><V41/><F41/><W32/><G32/><T1/><D82/><U54/><E54/><V76/><F127/><N who="1" m="32513" /><U115/><DORA hai="2" /><E115/><RYUUKYOKU ba="0,0" sc="447,-30,368,10,103,10,82,10" hai1="9,13,109,111" hai2="0,7,10,17,22,27,40,47,51,76,83,87,110" hai3="14,16,21,42,50,60,64,69,77,78,84,89,92" /><INIT seed="5,1,0,4,0,128" ten="417,378,113,92" oya="1" hai0="61,134,48,96,65,90,109,100,103,5,133,62,124" hai1="108,70,1,91,11,31,94,95,73,25,7,68,58" hai2="93,14,105,56,23,85,123,36,54,98,120,28,18" hai3="119,107,80,4,79,129,41,19,13,2,22,74,6"/><U77/><E108/><V127/><F127/><W97/><G129/><T101/><D109/><U110/><E110/><V76/><F36/><W26/><G119/><T75/><D75/><U87/><E95/><V116/><F116/><W33/><G41/><T20/><D124/><U16/><E58/><V34/><F34/><W135/><G107/><T37/><D37/><U66/><E66/><V0/><F0/><W60/><G97/><T86/><D5/><U83/><REACH who="1" step="1"/><E16/><REACH who="1" ten="417,368,113,92" step="2"/><V30/><F123/><W44/><G44/><T45/><D65/><U113/><E113/><V115/><F115/><W106/><G106/><T59/><D59/><U39/><E39/><V53/><F120/><W38/><G38/><T121/><D121/><U72/><E72/><V51/><F105/><W63/><G6/><T125/><D125/><U131/><E131/><V24/><F24/><W10/><REACH who="3" step="1"/><G135/><REACH who="3" ten="417,368,113,82" step="2"/><T92/><D134/><U71/><E71/><V32/><F98/><W130/><G130/><T69/><D133/><U46/><E46/><V9/><F56/><W64/><G64/><T89/><D69/><U47/><E47/><V42/><F42/><W111/><G111/><T78/><D45/><U27/><E27/><V88/><F30/><AGARI ba="1,2" hai="2,4,10,13,19,22,26,30,33,60,63,74,79,80" machi="30" ten="40,8000,1" yaku="1,1,24,2,53,1" doraHai="128" doraHaiUra="3" who="3" fromWho="2" sc="417,0,368,0,113,-83,82,103" /><INIT seed="6,0,0,5,0,108" ten="417,368,30,185" oya="2" hai0="36,44,41,60,33,51,46,74,7,111,133,2,52" hai1="83,30,107,67,54,27,11,25,17,55,6,75,38" hai2="20,125,131,15,49,120,123,73,71,88,1,132,100" hai3="24,110,106,58,86,115,53,97,65,22,124,119,98"/><V16/><F71/><W94/><G110/><T102/><D111/><U80/><E107/><V48/><F73/><W92/><G119/><T12/><D33/><U81/><E38/><V13/><F1/><W61/><G106/><T77/><D133/><U8/><E67/><V87/><F132/><W82/><G124/><T0/><D102/><U134/><E134/><V113/><F125/><W112/><G65/><T101/><D101/><U10/><E75/><V34/><F34/><W21/><G21/><T79/><D60/><U130/><E6/><V95/><F131/><W126/><G126/><T89/><D89/><U93/><E130/><V76/><F76/><W23/><G23/><T114/><D77/><U91/><E17/><V72/><F72/><W99/><G94/><T35/><D35/><U121/><E121/><V69/><F69/><W4/><G4/><T18/><D7/><U78/><E78/><V85/><F100/><W14/><G14/><T127/><D127/><U68/><E68/><V104/><F104/><W66/><G66/><T129/><D129/><U31/><E93/><V9/><F87/><W128/><G92/><T118/><D118/><U5/><E91/><V90/><F90/><W135/><G135/><T37/><D37/><U103/><E5/><N who="2" m="3247" /><F113/><N who="3" m="43595" /><G128/><T64/><D114/><U40/><E103/><V47/><F123/><W42/><G42/><T109/><D109/><U105/><E105/><V26/><F120/><W45/><G45/><T62/><D74/><U63/><E40/><N who="2" m="24679" /><F15/><W57/><G86/><T70/><D79/><U29/><E54/><V117/><F117/><RYUUKYOKU ba="0,0" sc="417,10,368,10,30,10,185,-30" hai0="0,2,12,18,36,41,44,46,51,52,62,64,70" hai1="8,10,11,25,27,29,30,31,55,63,80,81,83" hai2="16,20,26,49,85,88,95" /><INIT seed="6,1,0,0,4,74" ten="427,378,40,155" oya="2" hai0="134,52,17,27,51,3,72,129,123,98,55,77,105" hai1="100,39,67,49,68,106,20,76,108,13,110,29,85" hai2="96,60,97,99,35,48,70,107,95,34,91,7,21" hai3="78,59,94,133,132,115,124,117,131,119,128,87,50"/><V5/><F107/><W11/><G11/><T80/><D123/><U71/><E39/><V15/><F48/><W40/><G40/><T121/><D121/><U102/><E49/><V81/><F60/><W125/><G59/><T1/><D129/><N who="3" m="49737" /><G50/><T12/><D134/><N who="3" m="51817" /><G115/><T127/><D127/><N who="3" m="48713" /><G94/><T58/><D55/><U4/><E71/><V38/><F70/><W46/><G46/><T47/><D58/><U54/><E54/><V0/><F38/><W118/><G87/><T2/><D52/><U120/><E68/><V66/><F66/><W112/><G112/><T90/><D51/><U130/><E67/><V101/><F0/><W88/><G88/><T23/><D90/><U8/><E85/><N who="2" m="50607" /><F35/><W61/><G61/><T22/><D47/><U33/><E33/><V10/><F34/><W89/><G89/><T28/><D3/><U84/><E84/><V36/><F36/><W43/><G43/><T93/><D93/><U16/><E130/><V113/><F113/><W37/><G37/><T63/><D63/><U135/><E135/><V92/><F5/><W64/><G64/><T26/><D1/><U114/><E4/><V42/><F42/><W111/><G78/><T44/><D2/><U41/><E41/><V65/><F65/><W103/><G103/><N who="0" m="62711" /><D44/><U24/><E114/><V62/><F62/><W19/><G19/><T75/><D17/><U56/><E56/><V18/><F95/><W79/><G79/><T31/><D72/><U109/><E8/><V6/><F6/><W32/><G32/><T30/><D75/><U53/><E53/><V82/><F82/><RYUUKYOKU ba="1,0" sc="427,-15,378,-15,40,15,155,15" hai2="7,10,15,18,21,92,96,97,99,101" hai3="111,117,118,119" /><INIT seed="6,2,0,4,3,34" ten="412,363,55,170" oya="2" hai0="39,36,101,79,43,89,98,130,117,52,0,92,10" hai1="127,24,91,16,88,56,19,21,104,116,6,44,102" hai2="9,113,62,60,40,93,80,108,78,5,129,37,86" hai3="18,48,75,28,107,20,1,126,133,63,123,4,47"/><V41/><F108/><W66/><G123/><T23/><D130/><U83/><E116/><V94/><F129/><W22/><G75/><T38/><D79/><U14/><E127/><V99/><F113/><W109/><G107/><T77/><D77/><U61/><E6/><V50/><F41/><W27/><G109/><T26/><D117/><U53/><E104/><V115/><F115/><W76/><G76/><T57/><D10/><U120/><E120/><V134/><F134/><W73/><G133/><T7/><D7/><U85/><E102/><V71/><F71/><W87/><G73/><T64/><D64/><U29/><E44/><V65/><F65/><W119/><G119/><T105/><D0/><U32/><E19/><V70/><F70/><W8/><G126/><T58/><D58/><U33/><REACH who="1" step="1"/><E91/><REACH who="1" ten="412,353,55,170" step="2"/><V82/><F82/><W49/><G47/><T3/><D105/><U72/><E72/><V68/><F94/><W114/><G114/><T35/><D101/><U132/><E132/><V106/><F106/><W128/><G128/><T25/><D92/><U118/><E118/><V103/><F68/><W15/><REACH who="3" step="1"/><G87/><REACH who="3" ten="412,353,55,160" step="2"/><T55/><D98/><U13/><E13/><N who="2" m="5295" /><F37/><W90/><G90/><T12/><D39/><U121/><E121/><V97/><F97/><W135/><G135/><T17/><D36/><U69/><E69/><AGARI ba="2,2" hai="1,4,8,15,18,20,22,27,28,48,49,63,66,69" machi="69" ten="30,3900,0" yaku="1,1,7,1,52,1,53,0" doraHai="34" doraHaiUra="124" who="3" fromWho="1" sc="412,0,353,-45,55,0,160,65" /><INIT seed="7,0,0,1,1,74" ten="412,308,55,225" oya="3" hai0="14,66,55,10,121,108,62,38,88,65,8,39,63" hai1="54,107,45,82,41,126,128,132,79,33,117,18,109" hai2="19,113,4,32,97,125,1,31,27,51,36,133,104" hai3="130,134,47,57,6,69,115,34,42,7,11,43,44"/><W24/><G69/><T3/><D108/><U28/><E109/><V124/><F51/><W22/><G34/><T100/><D100/><U21/><E107/><V87/><F87/><W50/><G115/><T99/><D3/><U0/><E0/><V119/><F119/><W131/><G134/><T135/><D55/><U56/><E132/><V78/><F133/><W64/><G64/><T53/><D53/><U30/><E33/><V84/><F19/><W105/><G105/><T102/><D88/><U16/><E128/><N who="3" m="49194" /><G57/><T23/><D66/><U111/><E126/><V80/><F113/><W17/><G11/><T95/><D10/><U92/><E92/><V116/><F116/><W93/><G93/><T118/><D8/><U77/><E111/><V106/><F4/><W72/><G72/><T71/><D118/><U68/><E68/><V60/><F1/><W83/><G83/><T58/><D135/><U70/><E70/><V49/><F49/><AGARI ba="0,0" hai="6,7,17,22,24,42,43,44,47,49,50" m="49194" machi="49" ten="30,1500,0" yaku="19,1" doraHai="74" who="3" fromWho="2" sc="412,0,308,0,55,-15,225,15" /><INIT seed="7,1,0,1,2,22" ten="412,308,40,240" oya="3" hai0="58,44,50,55,112,120,92,24,52,89,75,38,132" hai1="43,54,110,82,62,109,66,39,118,2,101,98,16" hai2="105,108,127,74,114,130,126,78,104,117,83,111,30" hai3="133,100,56,1,19,53,36,135,5,20,12,67,0"/><W93/><G36/><T10/><D120/><U107/><E2/><V8/><F8/><W134/><G67/><T86/><D75/><U68/><E118/><V27/><F27/><W87/><G5/><T122/><D122/><U45/><E82/><V76/><F30/><W29/><G29/><T7/><D132/><U49/><E16/><V97/><F117/><W113/><G113/><T119/><D112/><U131/><E131/><V65/><F65/><W81/><G100/><T116/><D24/><U46/><AGARI ba="1,0" hai="39,43,45,46,49,54,62,66,68,98,101,107,109,110" machi="46" ten="20,1500,0" yaku="0,1,7,1" doraHai="22" who="1" fromWho="1" sc="412,-5,308,18,40,-5,240,-8" owari="407,50.0,326,13.0,35,-46.0,232,-17.0" /></mjloggm>