<mjloggm ver="2.3"><GO type="41" lobby="0"/><UN n0="%6F%74%74%79%6F" n1="%6B%61%6B%61%6F%6B%61%6F" n2="%E2%93%9D%53%75%70%68%78" n3="%E7%80%AC%E5%90%8D%E5%B7%9D%E3%81%AF%E3%81%98%E3%82%81" dan="15,13,17,14" rate="2046.77,1889.78,2024.71,1937.24" sx="M,M,M,M"/><TAIKYOKU oya="0"/><INIT seed="0,0,0,3,4,4" ten="250,250,250,250" oya="0" hai0="88,97,69,85,117,113,67,71,101,122,106,17,58" hai1="77,84,105,90,112,31,115,87,76,7,121,131,13" hai2="56,54,83,30,25,109,20,45,28,34,18,64,3" hai3="133,52,27,116,50,114,48,15,100,16,2,9,98"/><T22/><D113/><N who="1" m="43595" /><E31/><V53/><F109/><W135/><G114/><T86/><D117/><U1/><E1/><V61/><F3/><W125/><G125/><T70/><D122/><U130/><E121/><V57/><F34/><W8/><G116/><T119/><D119/><U33/><E33/><V21/><F45/><W91/><G91/><T126/><D126/><U14/><E13/><V42/><F42/><W104/><G27/><T94/><D58/><U19/><E19/><V72/><F72/><W89/><G89/><T93/><D67/><U29/><E29/><V39/><F39/><W129/><G129/><N who="1" m="49162" /><E14/><V0/><F0/><W10/><G48/><T102/><D106/><U47/><E47/><V6/><F6/><W134/><G2/><T127/><D127/><U82/><E7/><V99/><F30/><W32/><G32/><T74/><D74/><U81/><E105/><V37/><F37/><W66/><G66/><T80/><D17/><U111/><E90/><V73/><F28/><W43/><G43/><T46/><D46/><AGARI ba="0,0" hai="8,9,10,15,16,46,50,52,98,100,104,133,134,135" machi="46" ten="40,12000,2" yaku="20,1,52,3,54,2" doraHai="4" who="3" fromWho="0" sc="250,-120,250,0,250,0,250,120" /><INIT seed="1,0,0,0,4,106" ten="130,250,250,370" oya="1" hai0="48,22,65,83,129,54,58,27,26,87,67,73,16" hai1="33,5,12,104,91,23,116,18,102,4,17,131,60" hai2="7,68,19,61,36,82,71,128,66,1,2,124,31" hai3="95,101,74,6,59,43,14,50,125,98,111,92,85"/><U89/><E116/><V70/><F19/><W86/><G111/><T97/><D129/><U119/><E33/><V90/><F128/><W72/><G125/><T99/><D73/><U56/><E131/><V77/><F90/><W113/><G113/><T40/><D40/><U134/><E134/><V55/><F55/><W84/><G59/><T35/><D35/><U76/><E76/><V79/><F79/><W78/><G50/><T3/><D3/><U10/><E104/><V100/><F100/><W69/><G69/><T24/><D67/><U34/><E34/><V88/><F31/><W93/><G43/><T30/><D65/><N who="1" m="39047" /><E102/><V112/><F36/><W46/><G46/><T105/><D105/><U94/><E119/><V28/><F28/><W120/><G120/><T20/><REACH who="0" step="1"/><D27/><REACH who="0" ten="120,250,250,370" step="2"/><N who="1" m="14831" /><E91/><AGARI ba="0,1" hai="16,20,22,24,26,30,48,54,58,83,87,91,97,99" machi="91" ten="30,7700,0" yaku="1,1,7,1,8,1,54,1,53,0" doraHai="106" doraHaiUra="123" who="0" fromWho="1" sc="120,87,250,-77,250,0,370,0" /><INIT seed="2,0,0,5,4,45" ten="207,173,250,370" oya="2" hai0="75,56,81,65,129,29,51,11,18,116,55,52,8" hai1="114,33,37,125,26,4,20,98,112,121,46,43,84" hai2="95,32,60,2,23,85,53,42,73,13,119,12,57" hai3="82,77,90,35,100,106,107,38,66,24,109,67,61"/><V111/><F119/><W27/><G38/><T59/><D129/><U34/><E121/><V105/><F2/><W120/><G120/><T87/><D75/><U86/><E125/><V104/><F73/><W47/><G109/><T16/><D116/><U64/><E4/><V44/><F32/><W133/><G133/><T79/><D65/><U128/><E128/><V41/><F111/><W135/><G135/><T58/><D29/><U92/><E64/><V83/><F95/><W101/><G35/><T103/><D103/><U127/><E127/><V54/><F105/><W124/><G124/><T74/><D74/><U134/><E134/><V0/><F0/><W39/><G90/><T3/><D3/><U115/><E33/><V14/><F104/><W110/><G110/><T36/><D36/><U108/><E34/><V48/><REACH who="2" step="1"/><F23/><REACH who="2" ten="207,173,240,370" step="2"/><W19/><G107/><T97/><D8/><U1/><E1/><V5/><F5/><W96/><G101/><T89/><D11/><U72/><E72/><V91/><AGARI ba="0,1" hai="12,13,14,41,42,44,48,53,54,57,60,83,85,91" machi="91" ten="30,11700,0" yaku="1,1,0,1,8,1,52,1,53,0" doraHai="45" doraHaiUra="22" who="2" fromWho="2" sc="207,-39,173,-39,240,127,370,-39" /><INIT seed="2,1,0,0,2,24" ten="168,134,367,331" oya="2" hai0="75,12,126,19,26,33,71,99,56,115,9,97,85" hai1="2,47,98,32,69,72,110,102,76,83,120,96,16" hai2="135,39,79,100,101,48,112,10,55,42,94,89,130" hai3="90,74,59,22,62,35,58,1,40,50,66,70,27"/><V18/><F112/><W82/><G1/><T0/><D75/><U29/><E69/><V68/><F130/><W123/><G123/><T34/><D115/><U127/><E2/><V104/><F104/><W105/><G105/><T78/><D71/><U38/><E127/><V52/><F135/><W103/><G103/><T3/><D126/><U8/><E120/><V30/><F39/><W111/><G111/><T88/><D78/><U65/><E65/><V84/><F30/><W77/><G90/><T92/><D3/><U31/><E32/><V121/><F68/><W91/><G91/><T131/><D0/><U20/><E8/><V67/><F67/><W80/><G80/><T41/><D41/><U13/><E98/><V60/><F79/><W53/><G35/><T87/><D34/><U118/><E118/><V63/><F42/><W81/><G81/><T15/><D85/><U21/><E21/><V57/><F121/><W108/><G108/><T125/><D131/><U129/><E129/><V43/><F43/><W132/><G132/><T119/><D119/><U51/><E38/><V109/><F109/><W6/><G6/><T113/><D15/><U73/><E73/><V17/><F63/><W106/><G106/><T7/><D7/><U93/><E110/><V114/><F114/><W5/><G5/><T25/><D33/><U116/><E116/><V23/><F10/><W122/><G122/><T54/><D113/><U4/><E4/><V46/><F18/><N who="3" m="12759" /><G40/><AGARI ba="1,0" hai="13,16,20,29,31,40,47,51,72,76,83,93,96,102" machi="40" ten="30,7700,0" yaku="7,1,52,2,54,1" doraHai="24" who="1" fromWho="3" sc="168,0,134,80,367,0,331,-80" /><INIT seed="3,0,0,1,5,51" ten="168,214,367,251" oya="3" hai0="84,42,129,69,64,113,53,106,81,17,55,132,87" hai1="25,76,83,19,127,110,11,32,16,3,112,85,120" hai2="119,118,29,0,47,100,62,99,79,78,93,7,15" hai3="116,131,18,72,126,90,133,13,30,95,54,28,43"/><W27/><G116/><T9/><D106/><U114/><E120/><V2/><F29/><W39/><G126/><T102/><D102/><U107/><E107/><V128/><F128/><W92/><G72/><T97/><D97/><U33/><E127/><V88/><F2/><W48/><G133/><T41/><D132/><U117/><E117/><V60/><F0/><W5/><G131/><T61/><D129/><U40/><E40/><V37/><F37/><W52/><G5/><T45/><D42/><U65/><E65/><V12/><F47/><N who="3" m="25727" /><G39/><T66/><D66/><U101/><E101/><V105/><F119/><W46/><G46/><T77/><D113/><U22/><E110/><V24/><F7/><W49/><G49/><T58/><D69/><U135/><E135/><V98/><F118/><W74/><G74/><T14/><D84/><U108/><E108/><V86/><F105/><W91/><G27/><T96/><REACH who="0" step="1"/><D96/><REACH who="0" ten="158,214,367,251" step="2"/><U6/><E85/><V103/><F86/><N who="3" m="52311" /><G30/><T4/><D4/><U104/><E104/><V44/><F103/><W26/><G28/><T82/><D82/><U35/><E76/><V38/><F100/><W109/><G109/><T31/><D31/><N who="1" m="17847" /><E83/><V94/><F79/><W70/><G70/><T21/><D21/><U1/><E1/><V8/><F78/><W73/><G73/><T130/><D130/><U75/><E75/><V63/><F99/><N who="3" m="57855" /><G26/><T59/><D59/><U36/><E36/><AGARI ba="0,1" hai="9,14,17,36,41,45,53,55,58,61,64,77,81,87" machi="36" ten="30,12000,2" yaku="1,1,7,1,52,2,53,2" doraHai="51" doraHaiUra="50" who="0" fromWho="1" sc="158,130,214,-120,367,0,251,0" /><INIT seed="4,0,0,5,4,23" ten="288,94,367,251" oya="0" hai0="8,6,40,18,11,22,25,114,63,78,80,46,21" hai1="45,43,90,58,98,39,28,116,92,24,64,70,85" hai2="69,124,109,51,89,125,5,102,57,53,94,83,41" hai3="120,113,12,96,65,33,115,47,72,48,123,111,82"/><T101/><D114/><N who="3" m="43529" /><G33/><T88/><D101/><U38/><E70/><V132/><F132/><W105/><G12/><T93/><D63/><U3/><E3/><V26/><F109/><W134/><G65/><T130/><D130/><U13/><E116/><V79/><F41/><W77/><G48/><T44/><D11/><U17/><E64/><V127/><F102/><N who="3" m="62663" /><G47/><T20/><D46/><U9/><E58/><V103/><F103/><W2/><G2/><T56/><D56/><U95/><E39/><V107/><F107/><W34/><G34/><T37/><D8/><U73/><E73/><V84/><F5/><W66/><G66/><T31/><D6/><U67/><E67/><V91/><F69/><W14/><G14/><T49/><D37/><U0/><E0/><V52/><F53/><W118/><G118/><T55/><D55/><U106/><E106/><V100/><F100/><W29/><G29/><T36/><D36/><U87/><REACH who="1" step="1"/><E95/><REACH who="1" ten="288,84,367,251" step="2"/><V76/><F94/><W7/><G7/><T104/><D104/><U19/><E19/><V15/><F127/><W131/><G131/><T121/><D18/><U50/><E50/><V71/><F125/><W30/><G30/><T97/><D31/><U4/><E4/><V10/><F71/><W112/><G112/><T74/><D49/><U135/><E135/><V108/><F51/><W110/><G134/><T35/><D35/><AGARI ba="0,1" hai="9,13,17,24,28,35,38,43,45,85,87,90,92,98" machi="35" ten="30,3900,0" yaku="1,1,7,1,52,1,53,0" doraHai="23" doraHaiUra="59" who="1" fromWho="0" sc="288,-39,84,49,367,0,251,0" /><INIT seed="5,0,0,1,1,53" ten="249,133,367,251" oya="1" hai0="38,19,90,20,47,66,94,84,35,45,78,82,42" hai1="85,54,83,72,62,15,132,23,119,50,41,100,22" hai2="16,10,4,87,130,48,115,37,61,13,97,18,60" hai3="36,57,106,109,63,39,52,89,46,29,33,77,110"/><U127/><E119/><V7/><F37/><W5/><G106/><T70/><D35/><U43/><E72/><V75/><F75/><W51/><G77/><T86/><D47/><U79/><E127/><V93/><F130/><W131/><G89/><T134/><D66/><U64/><E132/><V116/><F115/><W98/><G98/><T112/><D70/><U117/><E117/><V91/><F116/><W71/><G5/><N who="2" m="2121" /><F48/><W81/><G81/><T49/><D112/><U80/><E100/><N who="2" m="60463" /><F18/><W25/><G131/><T55/><D134/><U27/><E83/><AGARI ba="0,0" hai="10,13,16,60,61,83,87,91" m="60463,2121" machi="83" ten="30,2000,0" yaku="8,1,54,1" doraHai="53" who="2" fromWho="1" sc="249,0,133,-20,367,20,251,0" /><INIT seed="6,0,0,5,3,89" ten="249,113,387,251" oya="2" hai0="11,86,118,46,53,57,35,33,87,72,68,39,1" hai1="99,17,113,132,100,109,105,75,50,64,96,130,104" hai2="107,47,36,61,69,76,80,26,74,106,133,58,111" hai3="25,8,121,124,19,49,51,22,55,126,90,93,21"/><V81/><F133/><W115/><G121/><T45/><D72/><U116/><E132/><V84/><F69/><W67/><G67/><T34/><D68/><U103/><E109/><V41/><F26/><W44/><G115/><T30/><D30/><U135/><E116/><V14/><F14/><W127/><G8/><T42/><D46/><U7/><E135/><V94/><F111/><W102/><G102/><T91/><D118/><U48/><E7/><V59/><F59/><W18/><G51/><T83/><D86/><U27/><E113/><V125/><F125/><W77/><G77/><T82/><D82/><U4/><E75/><V31/><F31/><W97/><G22/><T40/><D40/><U54/><E4/><V63/><F63/><W131/><G131/><T24/><D1/><U122/><E64/><V95/><F107/><W65/><G65/><T38/><D24/><U5/><E5/><V79/><F106/><W60/><G60/><T37/><D11/><U108/><E108/><V70/><F70/><W16/><AGARI ba="0,0" hai="16,18,19,21,25,44,49,55,90,93,97,124,126,127" machi="16" ten="40,8000,1" yaku="0,1,18,1,52,1,54,1" doraHai="89" who="3" fromWho="3" sc="249,-20,113,-20,387,-40,251,80" /><INIT seed="7,0,0,4,2,39" ten="229,93,347,331" oya="3" hai0="32,105,51,65,36,116,102,57,107,46,28,120,4" hai1="17,87,22,29,73,79,0,14,30,66,58,24,11" hai2="132,15,76,34,59,83,127,108,78,41,123,69,109" hai3="16,111,131,92,42,7,133,77,45,48,1,91,113"/><W55/><G111/><T37/><D116/><U86/><E73/><V80/><F69/><W3/><G131/><T5/><D120/><U122/><E79/><V75/><F34/><W63/><G113/><T52/><D28/><U21/><E87/><V117/><F41/><W114/><G114/><T104/><D32/><U96/><E96/><V135/><F127/><W49/><G77/><T130/><D102/><U12/><E86/><N who="2" m="48391" /><F117/><W118/><G118/><T126/><D130/><U94/><E94/><V50/><F15/><W31/><G31/><T98/><D98/><U95/><E95/><V35/><F35/><W101/><G101/><T125/><D65/><U99/><E99/><V53/><F123/><W26/><G7/><T33/><D33/><U106/><E106/><V82/><F82/><W97/><G133/><AGARI ba="0,0" hai="50,53,59,75,78,83,108,109,132,133,135" m="48391" machi="133" ten="30,1000,0" yaku="20,1" doraHai="39" who="2" fromWho="3" sc="229,0,93,0,347,10,331,-10" owari="229,-17.0,93,-41.0,357,46.0,321,12.0" /></mjloggm>