<mjloggm ver="2.3"><GO type="41" lobby="0"/><UN n0="%E2%93%9D%53%75%70%68%78" n1="%45%61%73%79%79%79" n2="%E8%A3%95%E4%B8%96" n3="%E5%93%81%E4%BA%95%E5%85%A8%E6%B4%A5" dan="18,13,13,13" rate="2072.52,1886.82,1860.25,1929.30" sx="M,F,M,M"/><TAIKYOKU oya="0"/><INIT seed="0,0,0,3,1,77" ten="250,250,250,250" oya="0" hai0="26,132,4,12,6,48,110,68,113,56,10,79,123" hai1="114,108,50,5,17,103,118,58,61,31,80,1,19" hai2="28,54,71,18,98,105,81,47,8,131,92,124,55" hai3="23,13,49,7,59,130,102,35,125,127,82,96,11"/><T33/><D68/><U42/><E114/><V52/><F105/><W72/><G35/><T53/><D113/><U51/><E118/><V126/><F71/><W95/><G130/><T107/><D123/><U39/><E39/><V63/><F28/><W62/><G49/><T111/><D107/><U24/><E103/><V83/><F131/><W94/><G94/><T87/><D132/><U109/><E50/><V100/><F63/><W90/><G23/><T120/><D120/><U112/><E112/><V106/><F47/><W101/><G101/><T9/><D26/><U74/><E5/><V57/><F57/><W67/><REACH who="3" step="1"/><G90/><REACH who="3" ten="250,250,250,240" step="2"/><T73/><D33/><U16/><E51/><V91/><F124/><W60/><G60/><T41/><D41/><U116/><E42/><V134/><F126/><W45/><G45/><T20/><D20/><U99/><E116/><V69/><F134/><W104/><G104/><T129/><D129/><U84/><E61/><V128/><F128/><W64/><G64/><T43/><D43/><U27/><E24/><V30/><F69/><W89/><G89/><T119/><D119/><U86/><E27/><V133/><F133/><W36/><G36/><T44/><D44/><U115/><E115/><V76/><F106/><W97/><G97/><T46/><D46/><U21/><E99/><V3/><F100/><W29/><G29/><T65/><D65/><U37/><E31/><V93/><F30/><W32/><G32/><T0/><D73/><U122/><E74/><V22/><F98/><W38/><G38/><T117/><D117/><U75/><E37/><RYUUKYOKU ba="0,1" sc="250,15,250,-15,250,-15,240,15" hai0="0,4,6,9,10,12,48,53,56,79,87,110,111" hai3="7,11,13,59,62,67,72,82,95,96,102,125,127" /><INIT seed="0,1,1,4,1,118" ten="265,235,235,255" oya="0" hai0="16,71,39,30,37,6,80,131,12,94,117,87,29" hai1="88,56,113,4,7,75,135,18,123,108,21,120,77" hai2="126,13,85,28,64,47,53,70,45,65,81,105,31" hai3="19,2,127,100,38,41,83,33,59,128,125,68,50"/><T98/><D117/><U14/><E113/><V107/><F126/><N who="3" m="48139" /><G33/><T67/><D131/><U10/><E135/><V97/><F13/><W114/><G2/><T44/><D6/><U5/><E108/><V72/><F72/><W119/><G100/><T46/><D67/><U89/><E77/><V124/><F124/><W91/><G119/><T134/><D71/><U61/><E75/><V112/><F97/><W104/><G104/><T55/><D39/><U122/><REACH who="1" step="1"/><E10/><REACH who="1" ten="265,225,235,255" step="2"/><V95/><F112/><W51/><G114/><T121/><D134/><U25/><E25/><V66/><F70/><W109/><G128/><T69/><D69/><U35/><E35/><V129/><F129/><W36/><G109/><T22/><D22/><U23/><E23/><V11/><F11/><W99/><G68/><T43/><D37/><U78/><E78/><V26/><F26/><W32/><G36/><T0/><D30/><U62/><E62/><V27/><F27/><W110/><G32/><T133/><D29/><U86/><E86/><V90/><F85/><N who="3" m="50623" /><G110/><T101/><D133/><U54/><AGARI ba="1,2" hai="4,5,7,14,18,21,54,56,61,88,89,120,122,123" machi="54" ten="40,12000,2" yaku="1,1,0,1,52,3,54,1,53,1" doraHai="118" doraHaiUra="48" who="1" fromWho="1" sc="265,-61,225,143,235,-31,255,-31" /><INIT seed="1,0,0,5,0,80" ten="204,368,204,224" oya="1" hai0="130,56,35,57,79,128,12,48,31,78,93,75,100" hai1="116,89,23,120,129,10,73,135,105,67,5,99,18" hai2="0,29,82,58,85,113,70,103,109,4,61,27,44" hai3="60,6,86,118,66,41,38,25,123,101,95,124,32"/><U28/><E120/><V33/><F109/><W64/><G123/><T50/><D12/><U71/><E116/><V16/><F113/><W1/><G118/><T87/><D31/><U102/><E73/><V9/><F70/><W74/><G74/><T49/><D35/><U84/><E135/><V88/><F103/><W90/><G124/><T7/><D7/><U111/><E28/><V122/><F122/><W63/><G32/><T131/><D75/><U24/><E111/><V52/><F44/><W40/><G25/><T55/><D100/><U13/><E129/><V115/><F115/><W68/><G38/><T125/><D125/><U92/><E71/><V21/><REACH who="2" step="1"/><F33/><REACH who="2" ten="204,368,194,224" step="2"/><W22/><G101/><T19/><D57/><U30/><E67/><V94/><F94/><W2/><G22/><T54/><D56/><U42/><E42/><V3/><F3/><W112/><G112/><T65/><D65/><U83/><REACH who="1" step="1"/><E5/><REACH who="1" ten="204,358,194,224" step="2"/><V72/><F72/><W108/><G108/><T106/><D131/><U121/><E121/><V37/><F37/><W46/><G40/><T20/><D130/><U34/><E34/><V117/><F117/><W104/><G6/><T11/><D128/><U14/><E14/><V59/><F59/><W114/><G114/><T43/><D43/><U26/><E26/><V45/><F45/><W17/><G46/><T126/><D126/><U96/><E96/><V110/><F110/><W133/><G41/><T119/><D119/><U81/><AGARI ba="0,2" hai="10,13,18,23,24,30,81,83,84,89,92,99,102,105" machi="81" ten="30,11700,0" yaku="1,1,0,1,52,1,53,1" doraHai="80" doraHaiUra="97" who="1" fromWho="1" sc="204,-39,358,137,194,-39,224,-39" /><INIT seed="1,1,0,2,2,113" ten="165,495,155,185" oya="1" hai0="26,127,58,75,86,57,48,62,121,7,110,107,94" hai1="123,39,129,131,124,37,50,96,2,64,73,27,34" hai2="65,1,102,91,31,13,130,84,9,132,78,41,109" hai3="117,134,89,29,12,32,23,38,118,6,44,36,28"/><U70/><E123/><V52/><F1/><W80/><G32/><T15/><D107/><U128/><E2/><V17/><F109/><W61/><G134/><T105/><D105/><U30/><E73/><V4/><F132/><W19/><G61/><T119/><D127/><U135/><E124/><V100/><F31/><W106/><G106/><T63/><D75/><U21/><E135/><V49/><F130/><W82/><G6/><T90/><D110/><U68/><E96/><V74/><F65/><W25/><G29/><T46/><D119/><N who="3" m="45577" /><G89/><T35/><D63/><N who="1" m="39967" /><E70/><V104/><F41/><N who="3" m="22567" /><G38/><N who="1" m="14346" /><E50/><V83/><F104/><W92/><G92/><T11/><D62/><U95/><E95/><V54/><F4/><W71/><G71/><T103/><D121/><U47/><E47/><V115/><F115/><W81/><G28/><T3/><D94/><U14/><E34/><V42/><F102/><W79/><G25/><T87/><D26/><U114/><E114/><V101/><F101/><W43/><G43/><T93/><D35/><U120/><E120/><V66/><F100/><W40/><G40/><N who="0" m="24647" /><D103/><U10/><E30/><V55/><F42/><W33/><G33/><T98/><D3/><U111/><E111/><V85/><F91/><W24/><G24/><T77/><D98/><U125/><E27/><V8/><F83/><AGARI ba="1,0" hai="7,11,15,57,58,77,83,86,87,90,93" m="24647" machi="83" ten="30,2000,0" yaku="25,1,8,1" doraHai="113" who="0" fromWho="2" sc="165,23,495,0,155,-23,185,0" /><INIT seed="2,0,0,3,1,79" ten="188,495,132,185" oya="2" hai0="14,119,11,22,35,88,115,87,70,52,91,90,12" hai1="3,69,135,57,68,16,20,114,85,55,128,33,101" hai2="121,48,13,34,130,82,9,100,116,42,117,36,32" hai3="80,23,64,133,17,78,37,4,10,40,71,66,45"/><V84/><F36/><W94/><G133/><T129/><D35/><U28/><E114/><V56/><F121/><W29/><G29/><T131/><D115/><U118/><E135/><V77/><F130/><N who="0" m="49674" /><D70/><U105/><E118/><V72/><F100/><W53/><G94/><N who="0" m="54559" /><D119/><U122/><E3/><V89/><F116/><W19/><G53/><T7/><D52/><U59/><E122/><V74/><F117/><W1/><G71/><T124/><D124/><U27/><E128/><V44/><F56/><W73/><G19/><AGARI ba="0,0" hai="7,11,12,14,19,22,90,91" m="54559,49674" machi="19" ten="30,2000,0" yaku="19,1,54,1" doraHai="79" who="0" fromWho="3" sc="188,20,495,0,132,0,185,-20" /><INIT seed="3,0,0,1,1,29" ten="208,495,132,165" oya="3" hai0="37,58,86,114,70,92,60,103,122,43,32,87,10" hai1="132,79,89,55,102,7,99,82,121,46,42,23,72" hai2="65,110,91,128,11,24,96,5,14,26,83,62,105" hai3="16,19,118,49,117,71,4,17,127,67,52,0,56"/><W36/><G36/><T119/><D119/><U8/><E121/><V88/><F110/><W134/><G134/><T124/><D70/><U22/><E132/><V25/><F128/><W45/><G127/><T6/><D122/><U104/><E55/><V54/><F54/><W35/><G35/><T108/><D114/><U13/><E89/><V133/><F133/><W20/><G71/><T107/><D107/><U64/><E64/><V81/><F105/><W61/><REACH who="3" step="1"/><G20/><REACH who="3" ten="208,495,132,155" step="2"/><T48/><D32/><U47/><E23/><V59/><F91/><W28/><G28/><T101/><D37/><U77/><E22/><V131/><F131/><W113/><G113/><T115/><D124/><U38/><E38/><V1/><F1/><W12/><G12/><T73/><D115/><U15/><E13/><V135/><F135/><W123/><G123/><T63/><D108/><U84/><E15/><V44/><F88/><W41/><G41/><T98/><D43/><U53/><E42/><V95/><F14/><W100/><G100/><T75/><D103/><U120/><E120/><V74/><F11/><AGARI ba="0,1" hai="0,4,11,16,17,19,45,49,52,56,61,67,117,118" machi="11" ten="40,7700,0" yaku="1,1,54,2,53,0" doraHai="29" doraHaiUra="78" who="3" fromWho="2" sc="208,0,495,0,132,-77,155,87" /><INIT seed="3,1,0,1,1,51" ten="208,495,55,242" oya="3" hai0="44,54,68,81,0,34,17,127,37,56,74,121,46" hai1="76,58,75,2,103,124,48,43,72,59,82,18,69" hai2="116,92,11,47,67,128,52,113,94,130,135,88,96" hai3="4,26,79,77,125,86,12,30,20,39,110,23,70"/><W16/><G39/><T118/><D118/><U7/><E124/><V89/><F116/><W45/><G125/><T55/><D127/><U114/><E69/><V21/><F67/><W129/><G129/><N who="2" m="49769" /><F113/><W6/><G70/><T115/><D0/><U112/><E103/><V120/><F120/><W71/><G71/><T15/><D34/><U83/><E7/><V133/><F11/><W84/><G110/><T99/><D68/><U33/><E2/><V50/><F21/><W22/><G22/><T134/><D134/><U38/><E38/><V29/><F29/><W27/><G45/><T35/><D35/><U53/><E33/><V101/><F101/><W14/><REACH who="3" step="1"/><G16/><REACH who="3" ten="208,495,55,232" step="2"/><T104/><D46/><U62/><E18/><V90/><F90/><W5/><G5/><T49/><D37/><U73/><E114/><V109/><F109/><W64/><G64/><T122/><D115/><U87/><E112/><V60/><F60/><W119/><G119/><T117/><D117/><U63/><E43/><V100/><F100/><W85/><G85/><AGARI ba="1,1" hai="47,50,52,85,88,89,92,94,96,133,135" m="49769" machi="85" ten="30,7700,0" yaku="19,1,52,1,54,2" doraHai="51" who="2" fromWho="3" sc="208,0,495,0,55,90,232,-80" /><INIT seed="4,0,0,1,4,120" ten="208,495,145,152" oya="0" hai0="113,84,20,99,80,30,11,36,16,61,102,13,5" hai1="43,85,25,96,23,0,29,59,71,1,131,42,28" hai2="27,65,130,95,128,62,58,18,15,35,26,129,33" hai3="94,55,54,92,117,87,52,100,78,108,53,105,83"/><T47/><D113/><U75/><E75/><V34/><REACH who="2" step="1"/><F95/><REACH who="2" ten="208,495,135,152" step="2"/><W7/><G94/><T24/><D36/><U10/><E131/><V3/><F3/><W86/><G117/><T48/><D61/><U21/><E0/><V67/><F67/><W119/><G119/><T32/><D102/><U46/><E1/><V9/><AGARI ba="0,1" hai="9,15,18,26,27,33,34,35,58,62,65,128,129,130" machi="9" ten="40,8000,1" yaku="21,2,0,1,19,1,53,0" doraHai="120" doraHaiUra="114" who="2" fromWho="2" sc="208,-40,495,-20,135,90,152,-20" /><INIT seed="5,0,0,3,2,52" ten="168,475,225,132" oya="1" hai0="72,3,116,26,34,54,46,96,44,88,80,129,103" hai1="91,67,48,123,126,107,62,5,70,130,10,35,102" hai2="31,110,79,59,78,92,99,125,69,132,114,39,22" hai3="117,41,16,101,122,38,37,63,55,109,118,98,66"/><U4/><E123/><V81/><F69/><W133/><G122/><T75/><D3/><U13/><E35/><V135/><F39/><W108/><G101/><T86/><D116/><N who="3" m="44649" /><G98/><T119/><D129/><U12/><E126/><V121/><F121/><W1/><G1/><T128/><D128/><U36/><E36/><N who="3" m="13930" /><G41/><T56/><D119/><U100/><E107/><V97/><F110/><N who="3" m="42603" /><G16/><T18/><D75/><U76/><E76/><V104/><F104/><W17/><G17/><T51/><D72/><U23/><E4/><V65/><F31/><W84/><G84/><T14/><D26/><U93/><E13/><V29/><F29/><W19/><G19/><T115/><D115/><U33/><E23/><V90/><F114/><W71/><G55/><T82/><D82/><U77/><E33/><V28/><F28/><W60/><G60/><T95/><D34/><U85/><E77/><V73/><F22/><AGARI ba="0,0" hai="14,18,22,44,46,51,54,56,80,86,88,95,96,103" machi="22" ten="30,7700,0" yaku="7,1,8,1,52,1,54,1" doraHai="52" who="0" fromWho="2" sc="168,77,475,0,225,-77,132,0" /><INIT seed="6,0,0,2,5,133" ten="245,475,148,132" oya="2" hai0="87,107,6,68,74,19,86,104,127,5,12,24,131" hai1="134,95,52,48,18,78,90,9,11,4,32,65,112" hai2="111,103,54,25,106,15,70,62,82,27,17,99,69" hai3="84,7,26,57,67,66,77,119,13,76,72,126,73"/><V61/><F111/><W42/><G119/><T88/><D74/><U10/><E32/><V41/><F41/><W89/><G42/><T29/><D68/><U97/><E112/><V0/><F0/><W64/><G26/><T23/><D87/><U101/><E78/><V80/><F54/><W59/><G73/><T94/><D131/><U83/><E65/><V96/><F15/><W108/><G108/><T105/><REACH who="0" step="1"/><D127/><REACH who="0" ten="235,475,148,132" step="2"/><U58/><E134/><V14/><F14/><W121/><G121/><T129/><D129/><U50/><E4/><V53/><F70/><W135/><G126/><T49/><D49/><U34/><E50/><V116/><F69/><W125/><G135/><T118/><D118/><U123/><E123/><V113/><F116/><W75/><G125/><T85/><D85/><N who="1" m="50495" /><E34/><AGARI ba="0,1" hai="5,6,12,19,23,24,29,34,86,88,94,104,105,107" machi="34" ten="40,2600,0" yaku="1,1,54,1,53,0" doraHai="133" doraHaiUra="43" who="0" fromWho="1" sc="235,36,475,-26,148,0,132,0" /><INIT seed="7,0,0,1,0,35" ten="271,449,148,132" oya="3" hai0="118,69,58,105,17,33,72,46,18,45,13,80,107" hai1="68,57,129,38,64,79,106,0,97,29,66,15,135" hai2="93,4,101,88,41,55,42,87,130,81,104,65,20" hai3="44,82,25,99,110,111,127,96,70,95,91,73,23"/><W108/><G70/><T5/><D33/><U125/><E29/><V49/><F130/><W71/><G71/><T48/><D69/><U62/><E38/><V83/><F65/><W61/><G61/><T115/><D115/><U19/><E0/><V3/><F20/><W40/><G127/><T116/><D5/><U53/><E125/><V52/><F104/><W28/><G82/><T1/><D58/><U51/><E135/><V14/><F3/><W84/><REACH who="3" step="1"/><G73/><REACH who="3" ten="271,449,148,122" step="2"/><T39/><D80/><U54/><E68/><V103/><F83/><W63/><G63/><T75/><D75/><U31/><E62/><V126/><F81/><W11/><G11/><T32/><D72/><U117/><E64/><V24/><F126/><W50/><AGARI ba="0,1" hai="23,25,28,40,44,50,84,91,95,96,99,108,110,111" machi="50" ten="30,18000,2" yaku="1,1,0,1,10,1,53,3" doraHai="35" doraHaiUra="122" who="3" fromWho="3" sc="271,-60,449,-60,148,-60,122,190" /><INIT seed="7,1,0,4,2,65" ten="211,389,88,312" oya="3" hai0="0,48,46,82,135,105,35,133,79,113,73,27,17" hai1="59,62,126,67,134,61,99,19,44,20,9,53,97" hai2="22,25,12,55,54,77,50,43,31,102,56,24,51" hai3="120,16,100,108,42,6,90,10,76,89,2,83,104"/><W123/><G108/><T36/><D48/><U70/><E134/><V91/><F77/><W84/><G42/><T60/><D17/><U86/><E126/><V130/><F130/><W129/><G129/><T33/><D113/><U4/><E44/><V96/><F43/><W127/><G127/><T92/><D92/><U68/><E70/><V101/><F12/><W116/><G116/><T13/><D13/><U52/><E53/><V93/><REACH who="2" step="1"/><F25/><REACH who="2" ten="211,389,78,312" step="2"/><W15/><G123/><T63/><D27/><U5/><E5/><V74/><F74/><W45/><G120/><T40/><D135/><U125/><E125/><V26/><F26/><W57/><G45/><T23/><D133/><U117/><E117/><V131/><F131/><W14/><G14/><T114/><D46/><U122/><E4/><V39/><F39/><W115/><G115/><T66/><D40/><U47/><E47/><V132/><F132/><W107/><G57/><T112/><D36/><U29/><E122/><V8/><F8/><W75/><G100/><T87/><D73/><U7/><E7/><V128/><F128/><W110/><G110/><T71/><D114/><U38/><E38/><V119/><F119/><W106/><REACH who="3" step="1"/><G75/><REACH who="3" ten="211,389,78,302" step="2"/><T78/><D112/><U111/><E111/><V88/><F88/><W109/><G109/><T21/><D79/><U34/><E59/><V80/><F80/><W49/><G49/><T1/><D82/><U98/><E62/><V28/><F28/><W118/><G118/><T18/><D63/><U37/><E61/><V85/><F85/><W72/><G72/><T32/><D60/><RYUUKYOKU ba="1,2" sc="211,-15,389,-15,78,15,302,15" hai2="22,24,31,50,51,54,55,56,91,93,96,101,102" hai3="2,6,10,15,16,76,83,84,89,90,104,106,107" /><INIT seed="7,2,2,2,4,1" ten="196,374,93,317" oya="3" hai0="86,31,17,95,71,124,40,131,7,42,58,29,104" hai1="32,33,87,84,63,52,116,111,46,11,107,27,112" hai2="110,59,6,98,4,15,135,24,65,109,93,14,53" hai3="30,43,23,16,83,18,0,92,61,122,72,132,130"/><W85/><G122/><T90/><D104/><U20/><E111/><V120/><F120/><W91/><G43/><N who="0" m="16427" /><D71/><U3/><E107/><V13/><F135/><W128/><G132/><T44/><D124/><U45/><E112/><V114/><F114/><W54/><G30/><T37/><D7/><N who="2" m="2602" /><F110/><W56/><G0/><T5/><D5/><U106/><E11/><V133/><F133/><W34/><G34/><T73/><D73/><U99/><E3/><V62/><F109/><W48/><G61/><T76/><D131/><N who="3" m="50217" /><G23/><T123/><D37/><U26/><E32/><V50/><F24/><W77/><AGARI ba="2,2" hai="16,18,48,54,56,72,77,83,85,91,92" m="50217" machi="77" ten="30,3000,0" yaku="19,1,54,1" doraHai="1" who="3" fromWho="3" sc="196,-12,374,-12,93,-12,317,56" owari="184,-22.0,362,16.0,81,-42.0,373,48.0" /></mjloggm>