<mjloggm ver="2.3"><GO type="41" lobby="0"/><UN n0="%E3%83%A9%E3%83%A0%E3%83%9E%E3%82%B8%E5%A4%A9%E4%BD%BF" n1="%E3%82%A4%E3%83%84%E3%82%B5%E3%82%A4%E3%83%B3%E3%82%B4" n2="%72%61%6B%69%61%31%31%32" n3="%E2%93%9D%53%75%70%68%78" dan="14,15,14,18" rate="1905.05,1865.65,1957.25,2081.44" sx="M,F,M,M"/><TAIKYOKU oya="0"/><INIT seed="0,0,0,2,0,69" ten="250,250,250,250" oya="0" hai0="105,41,50,119,64,99,24,46,2,56,85,21,3" hai1="37,23,135,47,19,11,65,101,12,73,38,36,95" hai2="86,4,34,125,58,0,8,132,79,103,49,42,6" hai3="78,14,94,124,102,71,31,32,80,61,126,28,92"/><T52/><D119/><U35/><E73/><V30/><F125/><N who="3" m="48235" /><G14/><T16/><D85/><U53/><E35/><V43/><F132/><W115/><G115/><T91/><D64/><U26/><E135/><V107/><F6/><W100/><G61/><T120/><D120/><U15/><E65/><V67/><F107/><W113/><G32/><T121/><D121/><U57/><E47/><V127/><F103/><N who="3" m="39467" /><G71/><T122/><D122/><U96/><REACH who="1" step="1"/><E11/><REACH who="1" ten="250,240,250,250" step="2"/><V128/><F8/><W97/><G113/><T83/><D83/><U114/><E114/><V66/><F34/><W81/><G81/><T87/><D105/><U62/><AGARI ba="0,1" hai="12,15,19,23,26,36,37,38,53,57,62,95,96,101" machi="62" ten="30,12000,2" yaku="1,1,0,1,52,3,53,1" doraHai="69" doraHaiUra="98" who="1" fromWho="1" sc="250,-60,240,130,250,-30,250,-30" /><INIT seed="1,0,0,5,0,4" ten="190,370,220,220" oya="1" hai0="107,75,54,27,117,87,113,44,22,131,88,45,100" hai1="38,48,23,7,132,81,84,13,76,133,20,69,95" hai2="94,25,120,97,129,62,78,21,63,58,6,73,99" hai3="18,33,93,40,41,10,59,9,80,19,36,82,66"/><U92/><E69/><V51/><F120/><W29/><G33/><T106/><D117/><U32/><E38/><V112/><F129/><W47/><G29/><T130/><D113/><U121/><E32/><V24/><F112/><W67/><G93/><T91/><D75/><U135/><E121/><V74/><F51/><W14/><G59/><T56/><D100/><U39/><E39/><V105/><F105/><W71/><G71/><T34/><D34/><U52/><E23/><V115/><F115/><W86/><G82/><T26/><D56/><U28/><E28/><V1/><F78/><W17/><G41/><T116/><D116/><U126/><E126/><V55/><F62/><W68/><G68/><T30/><D54/><U110/><E110/><V46/><F46/><W104/><G104/><T42/><D30/><U15/><E15/><V12/><F1/><W43/><G43/><T16/><D22/><U3/><E3/><V57/><F57/><W65/><REACH who="3" step="1"/><G14/><REACH who="3" ten="190,370,220,210" step="2"/><T0/><D42/><U134/><E95/><V2/><F94/><W111/><G111/><T125/><D0/><U124/><E92/><V109/><F12/><W127/><G127/><T50/><D125/><U98/><E124/><V85/><F2/><W118/><G118/><T101/><D101/><U49/><E135/><V70/><F58/><W123/><G123/><T83/><D83/><U90/><E13/><V96/><F70/><W35/><G35/><T31/><D31/><U79/><E134/><V61/><F109/><W64/><N who="3" m="16896" /><DORA hai="122" /><W72/><G72/><T89/><D107/><U77/><E133/><RYUUKYOKU ba="0,1" sc="190,-10,370,-10,220,-10,210,30" hai3="9,10,17,18,19,36,40,47,80,86" /><INIT seed="2,1,1,1,0,48" ten="180,360,210,240" oya="2" hai0="112,60,4,101,46,71,9,90,135,0,6,25,78" hai1="59,29,61,24,54,120,30,39,19,26,103,133,111" hai2="86,132,35,11,83,102,75,27,123,14,122,107,98" hai3="34,117,96,55,21,118,127,109,5,51,66,81,89"/><V95/><F35/><W69/><G34/><T108/><D112/><U13/><E39/><V105/><F27/><W63/><G109/><T12/><D108/><U50/><E111/><V126/><F11/><W99/><G127/><T56/><D135/><U82/><E120/><V57/><F14/><W110/><G5/><T87/><D78/><U125/><E133/><V77/><F132/><W20/><G110/><T88/><D101/><U129/><E125/><V124/><F57/><W73/><G118/><T49/><D71/><U128/><E103/><V28/><F28/><W70/><G70/><T68/><D68/><U114/><E114/><V67/><F67/><W58/><G117/><T116/><D116/><U16/><E82/><V134/><F134/><W104/><G104/><T79/><D25/><U97/><E97/><V94/><F107/><W72/><G99/><T40/><D4/><U113/><E113/><V121/><F95/><W74/><REACH who="3" step="1"/><G81/><REACH who="3" ten="180,360,210,230" step="2"/><N who="0" m="47551" /><D0/><U32/><E26/><V115/><F115/><W65/><G65/><AGARI ba="1,2" hai="6,9,12,40,46,49,56,60,65,88,90" m="47551" machi="65" ten="30,3900,0" yaku="25,1,8,1,54,1" doraHai="48" who="0" fromWho="3" sc="180,62,360,0,210,0,230,-42" /><INIT seed="3,0,0,2,0,102" ten="242,360,210,188" oya="3" hai0="128,50,35,9,6,71,97,67,87,49,56,64,99" hai1="111,117,51,27,72,47,108,59,31,112,85,32,105" hai2="125,3,14,133,76,5,44,106,38,43,91,101,121" hai3="34,81,86,4,58,114,127,29,63,78,39,103,11"/><W25/><G127/><T93/><D128/><U65/><E85/><V21/><F125/><W94/><G39/><T96/><D35/><U66/><E72/><V54/><F133/><W70/><G70/><T83/><D71/><U90/><E112/><V33/><F121/><W119/><G114/><T18/><D18/><U37/><E90/><V124/><F124/><W74/><G119/><T36/><D36/><U22/><E37/><V41/><F41/><W60/><G58/><T82/><D93/><U52/><E32/><V80/><F91/><W0/><REACH who="3" step="1"/><G86/><REACH who="3" ten="242,360,210,178" step="2"/><T123/><D123/><U45/><E117/><V129/><F38/><W115/><G115/><T126/><D126/><U24/><E59/><V40/><F129/><W92/><G92/><T26/><D87/><U57/><E57/><V107/><F44/><W62/><G62/><T110/><D56/><U116/><E116/><V69/><F69/><W130/><G130/><T84/><D84/><U135/><E47/><V134/><F134/><W118/><G118/><T75/><D64/><U10/><E135/><V89/><F80/><W95/><G95/><T17/><D67/><U1/><E66/><V30/><F76/><W15/><G15/><T104/><D82/><U109/><E65/><V16/><F14/><W113/><G113/><T48/><D83/><U132/><E132/><V8/><F3/><W61/><G61/><T122/><D122/><U28/><E1/><V120/><F120/><W20/><G20/><T77/><D77/><U100/><E22/><V55/><F21/><W68/><G68/><T19/><D75/><RYUUKYOKU ba="0,1" sc="242,-10,360,-10,210,-10,178,30" hai3="0,4,11,25,29,34,60,63,74,78,81,94,103" /><INIT seed="3,1,1,1,0,128" ten="232,350,200,208" oya="3" hai0="105,12,26,72,80,120,107,99,98,3,31,111,8" hai1="100,129,56,122,119,67,43,116,35,86,58,57,41" hai2="130,10,14,27,94,68,93,83,75,15,11,9,1" hai3="33,61,96,32,113,52,37,13,25,66,131,109,22"/><W121/><G113/><T18/><D120/><U49/><E35/><V89/><F130/><W60/><G131/><T19/><D111/><U59/><E129/><V7/><F68/><W21/><G121/><T51/><D19/><U0/><E0/><V20/><F75/><W40/><G40/><N who="1" m="15434" /><E86/><V30/><F83/><W63/><G37/><T133/><D51/><U28/><E28/><V135/><F94/><W62/><G109/><T78/><D98/><U81/><E81/><V112/><F112/><W102/><G13/><N who="2" m="4617" /><F89/><W24/><G66/><T44/><D44/><U117/><E100/><V64/><F93/><W54/><G63/><T17/><D17/><U97/><E97/><V77/><F77/><W16/><G33/><T46/><D46/><U90/><E90/><V101/><F101/><W71/><G32/><T127/><D99/><U39/><E122/><V108/><F64/><W45/><G71/><T38/><D105/><U82/><E82/><V118/><F108/><W69/><G69/><T114/><D107/><U84/><E84/><V42/><F42/><W124/><G124/><T88/><D80/><U92/><E92/><V4/><F118/><W126/><G126/><T2/><D127/><U87/><E87/><V55/><F55/><W103/><G45/><T36/><D72/><U47/><E47/><V104/><F104/><N who="3" m="63559" /><G103/><T85/><D78/><U95/><E95/><V65/><F65/><W91/><G91/><T23/><D114/><U76/><E76/><V74/><F74/><W34/><G34/><T70/><D70/><U6/><E39/><V134/><F1/><RYUUKYOKU ba="1,1" sc="232,-15,350,-15,200,15,208,15" hai2="4,7,9,10,11,20,27,30,134,135" hai3="16,21,22,24,25,52,54,60,61,62" /><INIT seed="3,2,1,1,3,14" ten="217,335,215,223" oya="3" hai0="26,16,7,86,129,133,46,109,107,117,62,75,108" hai1="82,80,21,125,56,103,60,9,20,71,76,115,121" hai2="70,100,114,67,58,12,55,42,116,4,61,43,1" hai3="39,59,27,97,89,25,2,57,19,41,112,6,99"/><W119/><G112/><T124/><D117/><U5/><E121/><V127/><F116/><W15/><G119/><T3/><D75/><U13/><E71/><V79/><F127/><W90/><G2/><T105/><D124/><U49/><E82/><V81/><F114/><W24/><G6/><T65/><D129/><U63/><E63/><V91/><F100/><W54/><G41/><T77/><D133/><U31/><E103/><V130/><F91/><N who="3" m="34827" /><G39/><T110/><D46/><U50/><E125/><V69/><F1/><W66/><G66/><T120/><D120/><U48/><E31/><V72/><F130/><W135/><G135/><T10/><D86/><N who="1" m="48391" /><E115/><V118/><F118/><W8/><G59/><N who="0" m="37087" /><D77/><U40/><E40/><V132/><F132/><W95/><G95/><T32/><D32/><U34/><E34/><V30/><F30/><W18/><G18/><T134/><D134/><U106/><E106/><V73/><F73/><W53/><G53/><AGARI ba="2,1" hai="5,9,13,20,21,48,49,50,53,56,60" m="48391" machi="53" ten="30,1000,0" yaku="8,1" doraHai="14" who="1" fromWho="3" sc="217,0,335,26,215,0,223,-16" /><INIT seed="4,0,0,5,1,39" ten="217,361,215,207" oya="0" hai0="124,9,43,98,99,20,61,93,76,31,131,121,95" hai1="59,32,108,73,48,4,1,77,78,55,110,133,72" hai2="23,30,70,118,94,38,16,0,107,19,114,50,13" hai3="81,22,6,49,51,84,80,3,106,126,15,65,75"/><T122/><D9/><U42/><E32/><V127/><F38/><W64/><G106/><T128/><D61/><U5/><E133/><V103/><F107/><W87/><G75/><T120/><D76/><U47/><E78/><V2/><F70/><W18/><G126/><T36/><D124/><U52/><E73/><V35/><F127/><W27/><G3/><N who="2" m="1065" /><F50/><N who="3" m="18955" /><G6/><T68/><D68/><U21/><E5/><V67/><F67/><N who="3" m="25675" /><G27/><T60/><D60/><U37/><E55/><V8/><F94/><N who="0" m="35850" /><D20/><U63/><E63/><V113/><F103/><W7/><G7/><T97/><D31/><U102/><E21/><V28/><F118/><W109/><G109/><T29/><D29/><N who="2" m="11370" /><F35/><W24/><G24/><AGARI ba="0,0" hai="8,13,16,19,23,24,113,114" m="11370,1065" machi="24" ten="30,3900,0" yaku="34,2,54,1" doraHai="39" who="2" fromWho="3" sc="217,0,361,0,215,39,207,-39" /><INIT seed="5,0,0,0,2,49" ten="217,361,254,168" oya="1" hai0="110,69,77,72,8,73,55,26,1,92,17,22,125" hai1="130,21,62,34,53,104,13,108,20,75,96,24,46" hai2="135,124,35,39,88,76,18,25,119,29,99,90,14" hai3="101,133,51,57,60,7,89,65,114,52,98,27,15"/><U11/><E75/><V45/><F119/><W10/><G133/><T122/><D110/><U117/><E117/><V113/><F135/><W97/><G114/><T116/><D116/><U33/><E108/><V48/><F124/><W50/><G27/><T4/><D125/><U12/><E130/><V118/><F118/><W6/><G6/><T66/><D66/><U47/><E104/><V85/><F113/><W44/><G89/><T134/><D69/><U127/><E127/><V102/><F39/><W128/><G128/><T36/><D36/><U54/><E96/><V58/><F58/><W70/><REACH who="3" step="1"/><G101/><REACH who="3" ten="217,361,254,158" step="2"/><T38/><D134/><U115/><E24/><V111/><F111/><W82/><G82/><T87/><D122/><U91/><E115/><V59/><F102/><W19/><G19/><T31/><D38/><U103/><E103/><V81/><F99/><W105/><G105/><T71/><D71/><U68/><E68/><V42/><REACH who="2" step="1"/><F59/><REACH who="2" ten="217,361,244,158" step="2"/><W84/><G84/><T121/><D73/><U37/><E37/><V41/><F41/><AGARI ba="0,2" hai="7,10,15,41,44,50,51,52,57,60,65,70,97,98" machi="41" ten="30,7700,0" yaku="1,1,7,1,52,1,54,1,53,0" doraHai="49" doraHaiUra="74" who="3" fromWho="2" sc="217,0,361,0,244,-77,158,97" /><INIT seed="6,0,0,3,4,108" ten="217,361,167,255" oya="2" hai0="123,77,9,113,75,121,101,45,85,93,124,33,72" hai1="49,31,65,13,102,111,39,89,62,79,47,118,7" hai2="10,32,106,21,96,14,76,30,114,29,82,40,42" hai3="48,107,131,66,36,18,50,46,69,6,11,44,22"/><V80/><F32/><W73/><G73/><T117/><D33/><U43/><E111/><V4/><F114/><W133/><G107/><T84/><D45/><U15/><E118/><V122/><F122/><N who="0" m="46602" /><D9/><U92/><E102/><V128/><F128/><W116/><G133/><T53/><D53/><U86/><E31/><V19/><F106/><W67/><G69/><T83/><D117/><U87/><E39/><V115/><F115/><W130/><G36/><T78/><D113/><U59/><E7/><V99/><F82/><AGARI ba="0,0" hai="13,15,43,47,49,59,62,65,79,82,86,87,89,92" machi="82" ten="40,1300,0" yaku="8,1" doraHai="108" who="1" fromWho="2" sc="217,0,361,13,167,-13,255,0" /><INIT seed="7,0,0,5,3,58" ten="217,374,154,255" oya="3" hai0="84,33,105,47,52,89,4,68,9,22,131,107,97" hai1="95,85,40,133,70,69,59,127,120,73,66,64,108" hai2="102,27,98,26,75,21,116,77,23,124,2,10,41" hai3="38,46,57,76,83,88,111,103,25,54,82,63,79"/><W13/><G111/><T16/><D33/><U87/><E73/><V5/><F116/><W130/><G130/><T119/><D119/><U45/><E108/><V35/><F124/><W44/><G103/><T43/><D131/><U90/><E127/><V37/><F35/><W100/><G100/><T7/><D68/><U32/><E32/><V42/><F42/><W132/><G132/><T113/><D113/><U128/><E120/><V0/><F0/><W118/><G38/><T99/><D43/><U31/><E31/><V92/><F21/><W67/><G25/><T61/><D47/><N who="3" m="17961" /><G118/><T60/><D52/><U50/><E128/><V135/><F135/><W51/><G13/><N who="0" m="5287" /><D7/><U114/><E114/><V19/><F37/><W121/><G121/><T72/><D72/><U129/><E129/><V125/><F41/><W12/><G12/><N who="0" m="9479" /><D107/><U56/><E133/><V29/><F125/><W17/><G17/><T123/><D105/><U104/><E104/><V117/><F117/><W93/><G51/><T86/><D86/><U71/><E87/><V112/><F112/><W36/><G36/><T15/><D15/><U48/><E48/><V49/><F49/><W65/><G54/><T1/><D1/><U20/><E20/><N who="2" m="15559" /><F75/><W80/><G67/><T8/><D8/><U53/><E40/><V94/><F77/><W14/><G14/><T34/><D34/><U3/><E3/><V110/><F110/><W81/><N who="3" m="21248" /><DORA hai="74" /><W6/><G6/><T101/><D123/><U96/><E66/><V134/><F134/><W39/><G39/><T106/><D84/><AGARI ba="0,0" hai="57,63,65,76,79,84,88,93" m="21248,17961" machi="84" ten="40,12000,1" yaku="8,1,52,3,54,1" doraHai="58,74" who="3" fromWho="0" sc="217,-120,374,0,154,0,255,120" owari="97,-40.0,374,17.0,154,-25.0,375,48.0" /></mjloggm>