<mjloggm ver="2.3"><GO type="41" lobby="0"/><UN n0="%E3%83%97%E3%83%AD%E3%81%BC%E3%81%A3%E3%81%A1" n1="%E3%81%A8%E3%82%89%E3%81%A1%E3%82%83%E3%82%93" n2="%E5%81%A5%E5%9D%8A%EF%BC%91%EF%BC%92%EF%BC%93" n3="%E2%93%9D%53%75%70%68%78" dan="14,14,14,18" rate="2050.40,1869.08,1908.82,2062.50" sx="M,M,M,M"/><TAIKYOKU oya="0"/><INIT seed="0,0,0,4,3,61" ten="250,250,250,250" oya="0" hai0="41,54,52,33,47,1,59,104,45,95,27,126,108" hai1="64,72,80,88,9,85,58,76,131,23,109,133,20" hai2="51,122,107,8,63,121,75,111,22,14,43,48,97" hai3="100,89,119,116,125,118,110,99,29,46,50,18,83"/><T71/><D104/><U19/><E109/><V92/><F75/><W5/><G29/><T62/><D1/><U114/><E114/><V93/><F107/><W42/><G5/><T98/><D126/><U16/><E131/><V57/><F111/><W127/><G110/><T24/><D108/><U17/><E9/><V6/><F22/><W38/><G18/><T3/><D3/><U102/><E102/><V10/><F10/><W82/><G38/><T26/><D33/><U103/><E103/><V67/><F93/><W25/><G25/><T56/><D71/><U55/><E133/><V4/><F6/><W44/><G44/><T39/><D47/><U11/><E11/><V128/><F128/><W70/><G70/><T53/><REACH who="0" step="1"/><D62/><REACH who="0" ten="240,250,250,250" step="2"/><U115/><E115/><V132/><F132/><W77/><G127/><T117/><D117/><U36/><E36/><V69/><F69/><W91/><G125/><T105/><D105/><U129/><E129/><V96/><F122/><W87/><REACH who="3" step="1"/><G83/><REACH who="3" ten="240,250,250,240" step="2"/><T49/><D49/><U113/><E113/><V78/><F121/><W32/><G32/><T135/><D135/><U123/><E123/><V112/><F51/><W84/><G84/><T124/><D124/><U68/><E68/><V7/><F112/><W81/><G81/><T12/><D12/><U73/><E73/><V31/><F14/><W106/><AGARI ba="0,2" hai="42,46,50,77,82,87,89,91,99,100,106,116,118,119" machi="106" ten="30,2000,0" yaku="1,1,0,1,53,0" doraHai="61" doraHaiUra="21" who="3" fromWho="3" sc="240,-10,250,-5,250,-5,240,40" /><INIT seed="1,0,0,0,4,38" ten="230,245,245,280" oya="1" hai0="93,123,36,71,51,9,34,14,13,20,121,105,112" hai1="87,91,75,17,103,19,115,44,81,25,76,82,46" hai2="66,84,47,117,48,68,41,127,18,108,33,28,96" hai3="23,110,30,80,85,10,95,1,58,55,22,100,90"/><U129/><E115/><V52/><F117/><W5/><G110/><T32/><D105/><U16/><E129/><V64/><F108/><W31/><G23/><T94/><D112/><U134/><E134/><V35/><F127/><W119/><G119/><T111/><D36/><U60/><E60/><V77/><F66/><W124/><G124/><T45/><D71/><U120/><E120/><N who="0" m="46153" /><D111/><U11/><E103/><V99/><F18/><W54/><G54/><T56/><D56/><U49/><E25/><V78/><F77/><W0/><G0/><T27/><D94/><U69/><E69/><V67/><F64/><W4/><G4/><N who="0" m="3239" /><D93/><U65/><E65/><V89/><F78/><W79/><G100/><T132/><D14/><U114/><E114/><V7/><F7/><W102/><G102/><T97/><D97/><U83/><E83/><V104/><F104/><W39/><G39/><T21/><D21/><U131/><E131/><V122/><F122/><W73/><REACH who="3" step="1"/><G22/><REACH who="3" ten="230,245,245,270" step="2"/><T8/><D132/><U40/><REACH who="1" step="1"/><E44/><REACH who="1" ten="230,235,245,270" step="2"/><V113/><F113/><W125/><G125/><T101/><D101/><U88/><E88/><V118/><F118/><W6/><G6/><T116/><D116/><U106/><E106/><V130/><F67/><W92/><G92/><T63/><D45/><U12/><AGARI ba="0,2" hai="11,12,16,17,19,40,46,49,75,76,81,82,87,91" machi="12" ten="30,11700,0" yaku="1,1,0,1,52,1,54,1,53,0" doraHai="38" doraHaiUra="24" who="1" fromWho="1" sc="230,-39,235,137,245,-39,270,-39" /><INIT seed="1,1,0,0,5,94" ten="191,372,206,231" oya="1" hai0="129,59,87,126,124,39,97,82,2,35,86,24,77" hai1="26,102,78,56,73,101,111,27,91,13,63,128,23" hai2="15,3,118,80,67,125,7,55,20,61,54,116,107" hai3="106,99,103,71,51,66,32,130,46,109,110,30,115"/><U92/><E128/><V31/><F125/><N who="0" m="48234" /><D2/><U127/><E127/><V113/><F113/><W62/><G130/><T40/><D129/><U114/><E114/><V44/><F3/><W90/><G90/><T69/><D69/><U95/><E78/><V4/><F80/><W83/><G83/><T6/><D6/><U72/><E72/><V17/><F107/><W119/><G119/><T10/><D10/><U19/><E73/><V79/><F79/><W53/><G115/><T8/><D8/><U131/><E131/><V9/><F4/><W112/><G112/><T76/><D59/><U48/><E48/><V132/><F31/><W122/><G122/><T68/><D68/><U37/><E37/><V25/><F118/><W133/><G133/><T120/><D40/><U64/><E111/><V117/><F132/><W104/><G104/><T43/><D43/><U41/><E41/><V60/><F67/><W58/><G58/><T100/><D39/><U36/><E36/><V45/><F117/><W42/><G42/><T28/><D120/><U47/><E47/><N who="2" m="17995" /><F116/><W33/><REACH who="3" step="1"/><G30/><REACH who="3" ten="191,372,206,221" step="2"/><T57/><D57/><U93/><E91/><V18/><F7/><W0/><G0/><T22/><D77/><U123/><E123/><V135/><F135/><W96/><G96/><T65/><D86/><U49/><E49/><V29/><F29/><W75/><G75/><T88/><D76/><U121/><E121/><V84/><F84/><W14/><G14/><T50/><D87/><U5/><E5/><V34/><F34/><AGARI ba="1,1" hai="32,33,34,46,51,53,62,66,71,99,103,106,109,110" machi="34" ten="40,2600,0" yaku="1,1,52,1,53,0" doraHai="94" doraHaiUra="74" who="3" fromWho="2" sc="191,0,372,0,206,-29,221,39" /><INIT seed="2,0,0,3,0,18" ten="191,372,177,260" oya="2" hai0="55,4,34,10,40,121,87,78,77,19,69,23,28" hai1="16,1,8,76,85,106,52,64,82,120,75,27,116" hai2="111,22,96,14,73,53,79,109,62,98,58,45,11" hai3="94,15,83,48,97,91,122,3,71,126,103,41,81"/><V104/><F104/><W9/><G122/><T123/><D69/><U108/><E108/><N who="2" m="41547" /><F79/><W25/><G3/><T32/><D123/><U133/><E106/><V100/><F73/><W99/><G126/><T112/><D121/><U132/><E116/><V30/><F45/><W49/><G71/><T134/><D134/><N who="1" m="51819" /><E64/><V117/><F117/><W88/><G25/><T101/><D101/><U31/><E120/><V37/><F100/><W61/><G61/><T36/><D112/><U47/><E75/><V56/><F56/><W74/><G74/><T130/><D55/><U38/><E38/><V102/><F102/><W20/><G41/><T80/><D40/><U39/><E39/><V29/><F37/><W113/><G113/><T110/><D36/><U0/><E31/><N who="2" m="11787" /><F11/><W51/><G9/><T92/><D77/><U124/><E124/><V7/><F7/><W128/><G103/><T5/><D5/><U107/><E107/><V21/><F14/><W65/><G15/><T54/><D4/><U95/><E95/><V57/><F57/><W44/><G94/><T2/><D92/><U115/><E115/><V70/><F70/><W60/><G44/><T42/><D10/><U50/><E8/><V86/><F86/><W17/><G99/><AGARI ba="0,0" hai="21,22,53,58,62,96,98,99" m="11787,41547" machi="99" ten="30,11600,0" yaku="14,1,10,1,52,2" doraHai="18" who="2" fromWho="3" sc="191,0,372,0,177,116,260,-116" /><INIT seed="2,1,0,0,4,95" ten="191,372,293,144" oya="2" hai0="116,37,114,13,93,36,26,72,122,109,20,52,0" hai1="76,50,118,80,77,30,87,127,11,40,62,9,97" hai2="135,3,105,27,123,18,45,8,46,119,5,86,35" hai3="81,83,108,22,91,96,104,33,6,115,88,125,92"/><V113/><F123/><W54/><G33/><T43/><D114/><U63/><E127/><V134/><F113/><W78/><G115/><T60/><D109/><U12/><E30/><V70/><F70/><W32/><G32/><T124/><D0/><U131/><E131/><V29/><F119/><W38/><G38/><T112/><D112/><U25/><E11/><V55/><F86/><W85/><G6/><T10/><D124/><U7/><E76/><V67/><F67/><W4/><G4/><T39/><D72/><U21/><E118/><V44/><F105/><W69/><G69/><T49/><D60/><U42/><E42/><V107/><F107/><W14/><G108/><T111/><D111/><U75/><E75/><V94/><F94/><W99/><G125/><T71/><D71/><U17/><E97/><N who="3" m="37450" /><G104/><T68/><D68/><U15/><E15/><V129/><F129/><W51/><G91/><T53/><D36/><U23/><E23/><V61/><F18/><N who="3" m="10583" /><G78/><T128/><D37/><U98/><E98/><V103/><F103/><W79/><G79/><T121/><D39/><U74/><E74/><V130/><F130/><W120/><G120/><T126/><D126/><U24/><E24/><V57/><AGARI ba="1,0" hai="3,5,8,27,29,35,44,45,46,55,57,61,134,135" machi="57" ten="30,1500,0" yaku="0,1" doraHai="95" who="2" fromWho="2" sc="191,-6,372,-6,293,18,144,-6" /><INIT seed="2,2,0,3,3,127" ten="185,366,311,138" oya="2" hai0="39,73,36,93,14,106,9,55,2,69,122,113,56" hai1="0,117,17,98,67,19,43,123,65,59,109,50,75" hai2="84,6,102,81,91,60,105,12,103,28,1,120,27" hai3="87,15,110,128,32,45,74,90,85,16,121,52,8"/><V13/><F120/><W42/><G74/><T118/><D106/><U57/><E0/><V131/><F1/><W119/><G121/><T86/><D113/><U25/><E75/><V100/><F105/><W10/><G32/><T95/><D122/><U11/><E123/><V30/><F60/><W116/><G110/><T80/><D2/><U47/><E98/><V61/><F61/><W49/><G128/><T5/><D69/><U21/><E109/><V68/><F68/><W108/><G108/><T132/><D132/><U26/><E117/><V7/><F131/><W3/><G87/><T53/><D53/><U31/><E11/><V129/><F129/><W41/><G119/><T76/><D118/><U38/><E38/><V71/><F71/><W112/><G112/><T114/><D114/><U96/><E96/><V83/><F83/><N who="3" m="49471" /><G116/><T62/><REACH who="0" step="1"/><D73/><REACH who="0" ten="175,366,311,138" step="2"/><U82/><E65/><V104/><F104/><W99/><G99/><T24/><D24/><U33/><E67/><V64/><F64/><W79/><G79/><T48/><D48/><U54/><E54/><V134/><F134/><W4/><AGARI ba="2,1" hai="3,4,8,10,15,16,41,42,45,49,52" m="49471" machi="4" ten="30,4000,0" yaku="25,1,54,2" doraHai="127" who="3" fromWho="3" sc="175,-12,366,-12,311,-22,138,56" /><INIT seed="3,0,0,1,1,15" ten="163,354,289,194" oya="3" hai0="106,2,79,48,124,86,59,53,105,61,65,70,36" hai1="46,35,47,134,80,82,132,19,40,0,89,107,8" hai2="25,113,100,51,112,14,64,108,24,99,44,74,9" hai3="27,129,126,111,75,69,55,93,45,34,131,118,26"/><W104/><G104/><T57/><D2/><U38/><E107/><V42/><F74/><W87/><G75/><T49/><D124/><U29/><E47/><V77/><F64/><W102/><G118/><T109/><D109/><U12/><E0/><V73/><F108/><W17/><G69/><T32/><D32/><U54/><E54/><V31/><F73/><W110/><G126/><T50/><D36/><U81/><REACH who="1" step="1"/><E89/><REACH who="1" ten="163,344,289,194" step="2"/><V97/><F113/><W22/><G111/><T122/><D106/><U58/><E58/><V5/><F112/><W121/><G110/><T56/><D105/><U78/><E78/><V37/><F100/><W128/><G102/><T63/><D79/><U52/><E52/><V43/><F43/><W125/><G125/><T96/><D122/><U10/><E10/><V127/><F127/><W60/><G121/><T101/><D59/><U133/><E133/><V135/><F135/><W85/><G45/><T116/><D70/><U67/><E67/><V13/><F77/><W20/><G55/><T103/><D53/><U3/><E3/><V130/><F37/><W94/><G60/><T11/><D56/><U119/><E119/><V16/><F31/><N who="3" m="17863" /><G34/><T62/><D57/><U117/><E117/><V71/><F71/><W7/><G7/><T83/><D65/><U123/><E123/><V98/><REACH who="2" step="1"/><F130/><REACH who="2" ten="163,344,279,194" step="2"/><W68/><G68/><T114/><D116/><U120/><E120/><V21/><AGARI ba="0,2" hai="5,9,13,14,16,21,24,25,42,44,51,97,98,99" machi="21" ten="30,12000,2" yaku="1,1,2,1,0,1,8,1,52,1,54,1,53,1" doraHai="15" doraHaiUra="4" who="2" fromWho="2" sc="163,-30,344,-30,279,140,194,-60" /><INIT seed="4,0,0,3,5,60" ten="133,314,419,134" oya="0" hai0="105,45,54,81,33,12,11,85,43,72,89,37,103" hai1="38,68,95,125,115,65,19,78,99,128,25,48,124" hai2="30,77,34,121,135,80,13,75,113,36,66,118,35" hai3="51,20,52,120,6,94,1,123,64,16,53,132,108"/><T92/><D33/><U83/><E38/><V24/><F118/><W122/><G108/><T84/><D54/><U10/><E128/><V58/><F121/><W57/><G132/><T55/><D55/><U76/><E48/><V63/><F113/><W97/><G6/><T39/><D72/><U114/><E65/><V100/><F13/><N who="3" m="9231" /><G1/><T96/><D85/><U46/><E46/><V32/><F36/><W49/><G64/><T44/><D44/><U109/><E109/><V47/><F47/><W73/><G73/><T71/><D71/><U50/><E50/><N who="3" m="18954" /><G57/><T106/><REACH who="0" step="1"/><D39/><REACH who="0" ten="123,314,419,134" step="2"/><U74/><E74/><V102/><F135/><W31/><G31/><T130/><D130/><U107/><E115/><V29/><F35/><W41/><G41/><T42/><D42/><U91/><E114/><V88/><F34/><W87/><G87/><T17/><AGARI ba="0,1" hai="11,12,17,37,43,45,81,84,89,92,96,103,105,106" machi="17" ten="20,3900,0" yaku="1,1,0,1,7,1,53,0" doraHai="60" doraHaiUra="133" who="0" fromWho="0" sc="123,49,314,-13,419,-13,134,-13" /><INIT seed="4,1,0,5,0,105" ten="172,301,406,121" oya="0" hai0="67,54,5,3,12,126,86,89,29,9,98,13,41" hai1="24,62,91,99,32,115,81,49,103,11,61,92,47" hai2="93,82,10,27,50,94,119,42,74,20,8,57,112" hai3="104,114,59,16,33,66,128,116,102,72,134,135,0"/><T34/><D126/><U80/><E115/><V124/><F112/><W69/><RYUUKYOKU type="yao9" ba="1,0" sc="172,0,301,0,406,0,121,0" hai3="0,16,33,59,66,69,72,102,104,114,116,128,134,135" /><INIT seed="4,2,0,5,0,86" ten="172,301,406,121" oya="0" hai0="83,73,8,99,74,89,55,61,76,118,80,135,129" hai1="120,41,88,104,42,10,87,78,24,52,64,17,46" hai2="125,47,2,54,79,113,84,22,0,71,97,131,81" hai3="112,43,85,107,48,13,29,21,72,35,31,69,49"/><T134/><D118/><U93/><E104/><V50/><F71/><W39/><G72/><T130/><D8/><U90/><E78/><V58/><F113/><W25/><G107/><T101/><D55/><U103/><E103/><V67/><F125/><W44/><G69/><T126/><D61/><U68/><E64/><V1/><F131/><N who="0" m="50186" /><D126/><U95/><E68/><V115/><F115/><W38/><G112/><T16/><D16/><U124/><E124/><V32/><F32/><W110/><G110/><T34/><D34/><U27/><E120/><V60/><F22/><W132/><G132/><N who="0" m="50731" /><D89/><U3/><E3/><V20/><F20/><W6/><G35/><T18/><D18/><U122/><E122/><V121/><F121/><W33/><G33/><T40/><D40/><N who="1" m="15467" /><E17/><V75/><F75/><N who="0" m="28682" /><D76/><U133/><E10/><V7/><F7/><W63/><G6/><T30/><D30/><U70/><E70/><V28/><F28/><W106/><G31/><T105/><AGARI ba="2,0" hai="80,83,99,101,105" m="28682,50731,50186" machi="105" ten="40,12000,1" yaku="19,1,20,1,34,2" doraHai="86" who="0" fromWho="0" sc="172,126,301,-42,406,-42,121,-42" /><INIT seed="4,3,0,1,3,16" ten="298,259,364,79" oya="0" hai0="26,130,107,35,20,60,46,108,131,116,128,97,25" hai1="67,7,74,24,54,21,37,73,82,129,114,121,135" hai2="50,28,61,64,123,15,0,105,22,2,48,1,94" hai3="29,19,44,109,47,112,91,17,88,38,43,133,66"/><T113/><D113/><U92/><E121/><V9/><F105/><W117/><G117/><T77/><D116/><U63/><E37/><V18/><F123/><W120/><G120/><T36/><D108/><U34/><E34/><V71/><F94/><W81/><G109/><T87/><D35/><U58/><E135/><V13/><REACH who="2" step="1"/><F28/><REACH who="2" ten="298,259,354,79" step="2"/><W111/><G111/><T118/><D118/><U127/><E92/><V101/><F101/><W41/><G29/><N who="0" m="17575" /><D107/><U102/><E102/><V11/><F11/><W52/><G133/><T27/><D97/><U33/><E114/><V103/><F103/><W85/><G112/><T84/><D60/><U99/><E99/><V40/><F40/><W51/><G66/><T68/><D68/><U104/><E67/><V126/><F126/><W78/><G43/><N who="0" m="22887" /><D87/><U98/><E98/><V39/><F39/><W119/><REACH who="3" step="1"/><G119/><REACH who="3" ten="298,259,354,69" step="2"/><T42/><D42/><U45/><E104/><V14/><F14/><W55/><G55/><T122/><D122/><U134/><E54/><V110/><F110/><W56/><G56/><T12/><D12/><U106/><E58/><V31/><F31/><W4/><G4/><AGARI ba="3,2" hai="0,1,2,4,9,13,15,18,22,48,50,61,64,71" machi="4" ten="40,2600,0" yaku="1,1,52,1,53,0" doraHai="16" doraHaiUra="124" who="2" fromWho="3" sc="298,0,259,0,354,55,69,-35" /><INIT seed="5,0,0,5,1,68" ten="298,259,409,34" oya="1" hai0="117,33,2,113,17,16,116,104,83,47,134,74,105" hai1="36,13,120,58,96,72,82,51,85,126,79,122,28" hai2="97,101,109,6,112,53,56,31,27,124,48,129,55" hai3="12,77,43,125,70,76,61,25,92,107,71,37,41"/><U95/><E126/><V15/><F109/><W81/><G125/><T44/><D113/><U46/><E28/><V89/><F129/><W3/><G12/><T135/><D2/><U30/><E30/><V102/><F124/><W66/><G92/><T84/><D74/><U20/><E72/><V22/><F112/><W54/><G3/><T24/><D84/><U45/><E120/><V75/><F75/><W19/><G107/><T26/><REACH who="0" step="1"/><D83/><REACH who="0" ten="288,259,409,34" step="2"/><U119/><E122/><V49/><F97/><W5/><G81/><T63/><D63/><U52/><E119/><V90/><F102/><W21/><G61/><T118/><D118/><U64/><E96/><V57/><F101/><W78/><G71/><T73/><D73/><U94/><E85/><V103/><F103/><W114/><G70/><T29/><D29/><U99/><E82/><V10/><AGARI ba="0,1" hai="6,10,15,22,27,31,48,49,53,55,56,57,89,90" machi="10" ten="30,4000,0" yaku="0,1,9,1,8,1" doraHai="68" who="2" fromWho="2" sc="288,-10,259,-20,409,50,34,-10" /><INIT seed="6,0,0,0,1,27" ten="278,239,459,24" oya="2" hai0="52,65,80,123,115,124,45,105,14,17,119,135,57" hai1="23,90,102,85,118,93,116,15,127,71,20,109,67" hai2="122,55,63,28,13,132,25,51,81,69,56,76,79" hai3="7,9,106,84,34,3,114,22,73,120,48,10,33"/><V82/><F122/><W77/><G84/><T129/><D115/><U46/><E109/><V11/><F132/><W130/><G48/><T32/><D123/><U111/><E111/><V4/><F69/><W64/><G64/><T103/><D129/><U72/><E72/><V104/><F104/><W128/><G77/><T12/><D12/><U58/><E71/><V107/><F107/><W35/><G106/><T37/><D32/><U126/><E46/><V91/><F63/><W86/><G86/><T108/><D124/><N who="1" m="47659" /><E102/><V59/><F59/><W98/><G98/><T125/><D135/><U0/><E0/><V49/><F49/><W131/><G73/><T5/><D65/><U44/><E44/><V42/><F42/><W117/><G120/><T92/><D105/><U121/><E121/><V43/><F43/><W38/><G38/><T61/><D45/><U62/><E15/><V95/><F79/><W41/><G41/><T40/><D40/><U74/><E74/><V68/><F68/><W36/><G36/><T6/><D37/><U66/><E66/><V47/><F47/><W50/><G50/><T2/><D2/><U70/><E70/><V21/><F76/><W26/><G117/><AGARI ba="0,0" hai="20,23,58,62,67,85,90,93,116,117,118" m="47659" machi="117" ten="30,1000,0" yaku="18,1" doraHai="27" who="1" fromWho="3" sc="278,0,239,10,459,0,24,-10" /><INIT seed="7,0,0,0,5,58" ten="278,249,459,14" oya="3" hai0="100,16,107,60,28,135,67,106,0,76,23,125,46" hai1="93,78,99,1,56,45,68,34,9,114,84,86,13" hai2="88,53,101,25,10,80,120,66,117,18,2,57,65" hai3="112,103,38,110,87,89,8,50,109,81,83,51,132"/><W41/><G132/><T36/><D0/><U69/><E34/><V105/><F117/><W82/><G38/><T20/><D76/><U97/><E1/><V74/><F74/><W44/><G103/><T7/><D7/><U21/><E21/><V98/><F2/><W11/><G112/><T63/><D125/><U42/><E56/><V123/><F25/><W75/><G51/><T85/><D100/><U32/><E32/><V6/><F6/><W96/><G96/><T22/><D85/><U91/><E114/><V48/><F18/><W134/><G134/><T35/><D135/><U47/><E47/><V27/><F27/><W102/><G102/><T104/><D67/><U108/><E108/><N who="3" m="41578" /><G75/><T52/><D36/><U33/><E33/><V30/><F30/><W3/><G3/><T55/><D28/><U111/><E111/><V90/><F10/><AGARI ba="0,0" hai="8,10,11,41,44,50,81,82,83,87,89" m="41578" machi="10" ten="30,1500,0" yaku="10,1" doraHai="58" who="3" fromWho="2" sc="278,0,249,0,459,-15,14,15" /><INIT seed="7,1,0,1,2,130" ten="278,249,444,29" oya="3" hai0="107,84,75,23,108,118,50,26,40,61,43,110,68" hai1="62,58,91,47,0,17,14,48,79,29,87,89,133" hai2="7,6,83,105,124,119,42,64,46,10,98,21,24" hai3="128,72,111,66,86,16,82,76,134,36,103,112,38"/><W25/><G128/><T92/><D118/><U74/><E0/><V88/><F119/><W93/><G112/><T67/><D75/><U35/><E29/><V41/><F64/><W59/><G111/><T20/><D107/><U95/><E35/><V94/><F105/><W102/><G134/><T28/><D50/><U80/><E133/><V100/><F124/><W12/><G25/><T101/><D23/><U126/><E126/><V5/><F10/><W120/><G120/><T121/><D121/><U131/><E131/><V71/><F71/><W2/><G2/><T22/><D22/><U34/><E34/><V49/><F83/><W123/><G123/><T115/><D115/><U73/><E89/><V97/><F97/><W37/><G72/><T96/><REACH who="0" step="1"/><D84/><REACH who="0" ten="268,249,444,29" step="2"/><U53/><E74/><V109/><F109/><AGARI ba="1,1" hai="20,26,28,40,43,61,67,68,92,96,101,108,109,110" machi="109" ten="40,2600,0" yaku="1,1,2,1,53,0" doraHai="130" doraHaiUra="129" who="0" fromWho="2" sc="268,39,249,0,444,-29,29,0" owari="307,11.0,249,-15.0,415,51.0,29,-47.0" /></mjloggm>