<mjloggm ver="2.3"><GO type="41" lobby="0"/><UN n0="%E2%93%9D%53%75%70%68%78" n1="%E3%81%93%E3%81%B0%E3%81%A1" n2="%E6%B5%81%E9%A2%A8%E5%AD%90" n3="%61%72%69%75%6D%61%35%39" dan="18,14,15,15" rate="2036.33,1959.06,1995.44,2026.86" sx="M,M,M,M"/><TAIKYOKU oya="0"/><INIT seed="0,0,0,4,3,0" ten="250,250,250,250" oya="0" hai0="27,71,109,32,112,42,61,72,38,123,25,21,37" hai1="44,122,29,40,63,55,79,87,106,22,20,75,95" hai2="110,26,81,90,14,4,103,10,111,120,101,86,24" hai3="5,80,50,28,125,69,56,92,134,43,3,128,121"/><T94/><D112/><U102/><E122/><V76/><F120/><W34/><G121/><T48/><D123/><U31/><E106/><V98/><F76/><W84/><G69/><T108/><D72/><U2/><E2/><V127/><F127/><W77/><G125/><T73/><D73/><U118/><E75/><V23/><F26/><W117/><G117/><T46/><D94/><U64/><E55/><V115/><F115/><W54/><G134/><T33/><D27/><U9/><E9/><V15/><F15/><W114/><G128/><T60/><D21/><U39/><E102/><V53/><F53/><W36/><G114/><T132/><D25/><U96/><E20/><V85/><F85/><W41/><G28/><T16/><D16/><U66/><E66/><V119/><F119/><W89/><G34/><N who="0" m="13419" /><D132/><U116/><E22/><V7/><F7/><W35/><G36/><N who="0" m="13931" /><D71/><U107/><E95/><V6/><F6/><W97/><REACH who="3" step="1"/><G35/><REACH who="3" ten="250,250,250,240" step="2"/><T93/><D93/><U49/><E118/><V12/><F12/><W82/><G82/><T88/><D109/><N who="2" m="41482" /><F98/><W47/><G47/><T1/><D1/><U51/><E116/><V91/><F91/><W67/><G67/><T100/><D108/><U59/><E29/><AGARI ba="0,1" hai="4,10,14,23,24,29,81,86,90,101,103" m="41482" machi="29" ten="30,2000,0" yaku="14,1,52,1" doraHai="0" who="2" fromWho="1" sc="250,0,250,-20,250,30,240,0" /><INIT seed="1,0,0,5,2,109" ten="250,230,280,240" oya="1" hai0="135,103,89,62,94,116,2,120,65,123,51,131,36" hai1="4,68,95,127,60,91,70,132,75,55,14,129,22" hai2="56,119,33,71,12,83,128,115,82,122,85,63,92" hai3="26,30,99,3,124,11,45,81,17,104,8,84,47"/><U41/><E75/><V78/><F119/><W126/><G3/><T6/><D36/><U7/><E41/><V40/><F122/><W28/><G104/><T117/><D103/><U101/><E101/><V31/><F71/><W98/><G17/><T9/><D51/><U106/><E106/><V111/><F40/><W61/><G61/><T49/><D131/><U93/><E129/><V43/><F43/><W35/><G84/><T107/><D135/><U16/><E70/><V74/><F111/><W97/><G81/><T134/><D49/><U54/><E127/><N who="3" m="48682" /><G30/><T79/><D134/><U108/><E132/><V58/><F31/><W64/><G64/><T5/><D107/><U48/><E108/><V87/><F87/><W121/><G121/><N who="0" m="46667" /><D6/><N who="1" m="2091" /><E68/><V42/><F42/><W130/><G130/><T88/><D117/><U23/><E23/><V73/><F33/><W44/><AGARI ba="0,0" hai="8,11,26,28,35,44,45,47,97,98,99" m="48682" machi="44" ten="40,1500,0" yaku="18,1" doraHai="109" who="3" fromWho="3" sc="250,-4,230,-7,280,-4,240,15" /><INIT seed="2,0,0,3,4,104" ten="246,223,276,255" oya="2" hai0="107,24,75,48,46,77,125,59,134,112,5,79,99" hai1="12,4,2,40,43,31,92,95,119,121,117,114,101" hai2="28,41,55,72,60,87,47,22,61,27,116,37,80" hai3="50,129,38,39,97,64,52,45,78,132,124,70,21"/><V13/><F116/><W66/><G78/><T106/><D112/><U3/><E31/><V63/><F72/><W20/><G97/><T23/><D134/><U123/><E12/><V113/><F113/><W54/><G132/><T69/><D69/><U1/><E101/><V74/><F74/><W32/><G32/><T82/><D125/><U102/><E102/><V86/><F55/><N who="3" m="21035" /><G21/><T127/><D59/><U83/><E83/><V88/><F13/><W15/><G15/><T34/><D34/><U111/><E4/><V108/><REACH who="2" step="1"/><F86/><REACH who="2" ten="246,223,266,255" step="2"/><W103/><G124/><T98/><D127/><U131/><E1/><V94/><F94/><W58/><G129/><T33/><D107/><U67/><E131/><V76/><F76/><W35/><G35/><T128/><D79/><U93/><E93/><V49/><F49/><W89/><G103/><T57/><D33/><U16/><E114/><V118/><F118/><W56/><G89/><T120/><D106/><U81/><E119/><V65/><F65/><N who="3" m="25195" /><G20/><T19/><D128/><U18/><E117/><V84/><F84/><W8/><G8/><T91/><D91/><U25/><E67/><V36/><F36/><N who="3" m="13867" /><G70/><T44/><D77/><U14/><E14/><V130/><F130/><W7/><G7/><T115/><D115/><U17/><E2/><V62/><N who="2" m="15360" /><DORA hai="126" /><V9/><F9/><W10/><G10/><T105/><D105/><U71/><E3/><V51/><F51/><W122/><G122/><N who="1" m="46602" /><E95/><V133/><F133/><W0/><G0/><T109/><D120/><U96/><E92/><V90/><F90/><W26/><G50/><RYUUKYOKU ba="0,1" sc="246,-10,223,-10,266,30,255,-10" hai2="22,27,28,37,41,47,80,87,88,108" /><INIT seed="2,1,1,3,3,92" ten="236,213,296,245" oya="2" hai0="101,133,100,30,71,13,66,123,117,26,59,67,60" hai1="50,109,124,8,20,31,24,105,25,34,80,130,113" hai2="3,77,110,1,14,52,119,88,32,122,91,69,18" hai3="28,70,51,54,48,85,5,74,65,4,36,129,93"/><V107/><F119/><W0/><G36/><T16/><D123/><U42/><E105/><V134/><F69/><W6/><G74/><T99/><D133/><U81/><E113/><V56/><F32/><W114/><G114/><T2/><D2/><U15/><E124/><V9/><F122/><W10/><G129/><T17/><D101/><U86/><E109/><V72/><F107/><W115/><G115/><T46/><D117/><U120/><E120/><V98/><F134/><W62/><G28/><T126/><D46/><U57/><E81/><V45/><F45/><W29/><G29/><T41/><D41/><U44/><E57/><V106/><F72/><W82/><G93/><T37/><D37/><U43/><E42/><V27/><F77/><W40/><G40/><T79/><D79/><U83/><E83/><V64/><F64/><W121/><G51/><T47/><D47/><U33/><E25/><V7/><F27/><W84/><G84/><T90/><D126/><U38/><E38/><V125/><F125/><W96/><G96/><T76/><D76/><N who="1" m="46343" /><E130/><V132/><F132/><W111/><G111/><T53/><D71/><U73/><E73/><V87/><F87/><W68/><G68/><T63/><D67/><U128/><E128/><V97/><F110/><W61/><G121/><T49/><D66/><U127/><E127/><V116/><F116/><W104/><G104/><T11/><D30/><U21/><E34/><V12/><F106/><W58/><G62/><T23/><D100/><U108/><E108/><V103/><F103/><W95/><G95/><AGARI ba="1,1" hai="11,13,16,17,23,26,49,53,59,60,63,90,95,99" machi="95" ten="40,5200,0" yaku="8,1,52,1,54,1" doraHai="92" who="0" fromWho="3" sc="236,65,213,0,296,0,245,-55" /><INIT seed="3,0,0,1,2,35" ten="301,213,296,190" oya="3" hai0="16,18,21,43,50,56,23,92,86,17,98,10,3" hai1="115,100,58,77,103,108,7,105,117,13,132,65,68" hai2="79,124,46,84,87,28,31,32,54,33,107,113,25" hai3="70,80,72,2,4,63,135,90,19,76,55,121,12"/><W102/><G121/><T57/><D86/><U94/><E68/><V125/><F113/><W119/><G119/><T85/><D85/><N who="2" m="32842" /><F79/><W34/><G34/><N who="2" m="13417" /><F107/><W61/><G90/><T96/><D3/><U91/><E58/><N who="0" m="22633" /><D10/><U131/><E65/><V123/><F123/><W37/><G135/><T93/><D50/><U14/><E7/><V44/><F54/><W133/><G133/><T47/><D47/><N who="2" m="17962" /><F25/><W51/><G37/><T130/><D130/><U101/><E105/><V104/><F104/><W99/><G70/><T134/><D43/><U40/><E40/><V71/><F71/><W42/><G42/><T73/><D73/><U120/><E131/><V118/><F118/><W41/><G41/><T114/><D134/><U97/><E132/><V129/><F129/><W5/><G5/><T74/><D74/><U122/><E115/><V9/><F9/><W116/><G116/><T8/><D8/><U110/><E77/><V36/><F36/><W26/><G26/><T111/><D114/><U48/><E48/><V38/><F38/><W49/><G49/><T64/><D64/><U89/><E117/><V78/><F78/><W30/><G51/><T128/><D128/><U60/><E122/><V59/><F59/><W0/><G4/><T15/><D15/><N who="1" m="5643" /><E120/><V52/><F52/><W67/><G55/><T95/><D111/><N who="1" m="42539" /><E91/><V24/><F24/><W29/><G67/><T82/><D82/><U126/><E60/><V88/><F88/><W69/><G63/><T27/><D27/><U83/><E83/><V112/><F112/><W1/><G61/><T81/><D81/><RYUUKYOKU ba="0,0" sc="301,10,213,10,296,10,190,-30" hai0="16,17,18,21,23,92,93,95,96,98" hai1="89,94,97,100,101,103,126" hai2="28,31,124,125" /><INIT seed="4,1,0,0,2,31" ten="311,223,306,160" oya="0" hai0="14,77,130,32,53,46,78,128,118,67,13,63,134" hai1="79,90,54,98,0,16,1,43,65,55,9,27,72" hai2="97,113,89,82,7,60,91,120,102,106,6,18,37" hai3="11,4,69,12,34,2,25,104,35,105,73,33,83"/><T111/><D118/><U93/><E65/><V58/><F113/><W100/><G69/><T36/><D134/><U129/><E129/><N who="0" m="49769" /><D111/><U48/><E43/><V70/><F37/><W47/><G100/><T71/><D32/><U99/><E98/><V84/><F120/><W121/><G121/><T28/><D28/><U117/><E55/><V21/><F91/><W108/><G108/><T95/><D95/><U101/><E101/><V92/><F106/><W85/><G25/><T30/><D30/><U86/><E72/><V135/><F135/><W15/><G73/><T50/><D36/><U42/><E42/><V133/><F70/><W68/><G68/><T125/><D125/><U126/><E126/><V74/><F74/><W115/><G115/><T8/><D14/><U61/><E0/><V57/><F57/><W80/><G80/><T23/><D23/><N who="1" m="13799" /><E1/><V44/><F44/><W17/><G2/><T26/><D26/><U3/><E9/><V109/><F109/><W29/><G47/><T119/><D119/><U96/><E3/><V39/><F39/><W94/><G94/><T127/><D127/><U52/><E117/><V10/><F10/><W56/><G56/><T103/><D103/><U41/><E99/><V45/><F45/><W75/><G75/><T22/><D22/><U114/><E96/><V123/><F123/><W5/><G29/><T20/><D20/><U64/><E114/><V40/><F40/><W112/><G112/><T49/><D49/><U131/><E131/><V66/><F133/><W124/><G124/><T24/><D24/><AGARI ba="1,0" hai="6,7,18,21,24,58,60,66,82,84,89,92,97,102" machi="24" ten="30,2000,0" yaku="7,1,8,1" doraHai="31" who="2" fromWho="0" sc="311,-23,223,0,306,23,160,0" /><INIT seed="5,0,0,1,0,49" ten="288,223,329,160" oya="1" hai0="126,9,103,31,60,125,71,128,87,114,13,53,115" hai1="24,38,1,37,124,26,99,90,3,109,95,41,101" hai2="30,85,74,82,47,133,107,40,86,102,34,21,22" hai3="12,33,100,92,96,104,56,118,10,52,57,18,32"/><U94/><E124/><N who="0" m="47721" /><D31/><U75/><E75/><V119/><F119/><W27/><G118/><T16/><D103/><U0/><E109/><V130/><F130/><W66/><G104/><T106/><D106/><U64/><E64/><V132/><F74/><W35/><G66/><N who="0" m="41415" /><D87/><U73/><E73/><V120/><F102/><W134/><G134/><T70/><D70/><U65/><E65/><V72/><F107/><W7/><G7/><T29/><D29/><U79/><E79/><V81/><F72/><W108/><G108/><T84/><D84/><U20/><E41/><V50/><F86/><W59/><REACH who="3" step="1"/><G27/><REACH who="3" ten="288,223,329,150" step="2"/><T6/><D128/><U45/><E24/><V68/><F133/><W89/><G89/><T117/><D117/><U113/><E90/><V14/><F132/><W111/><G111/><T122/><D122/><U46/><E26/><V80/><F120/><W123/><G123/><T42/><D6/><U62/><E101/><V36/><F68/><W51/><AGARI ba="0,1" hai="10,12,18,32,33,35,51,52,56,57,59,92,96,100" machi="51" ten="30,7900,0" yaku="1,1,0,1,52,1,54,1,53,0" doraHai="49" doraHaiUra="69" who="3" fromWho="3" sc="288,-20,223,-39,329,-20,150,89" /><INIT seed="6,0,0,2,3,108" ten="268,184,309,239" oya="2" hai0="40,53,46,89,47,122,58,61,28,49,13,77,37" hai1="4,6,80,85,83,60,82,120,100,8,39,74,118" hai2="15,126,3,43,81,135,75,24,11,76,131,34,116" hai3="32,112,17,18,129,117,25,44,21,102,94,19,121"/><V22/><F116/><W119/><G121/><T124/><D77/><U62/><E120/><V134/><F43/><W110/><G44/><T7/><D122/><U125/><E118/><V50/><F50/><W67/><G67/><T109/><D109/><U70/><E39/><V42/><F42/><W10/><G110/><T106/><D106/><U95/><E74/><V93/><F93/><W63/><G63/><T87/><D124/><U12/><E125/><V98/><F98/><W127/><G127/><T54/><D28/><U78/><E70/><V30/><F126/><W2/><G32/><T105/><D105/><U123/><E123/><V72/><F72/><W132/><G129/><T91/><D7/><U79/><E4/><V107/><F107/><W52/><G132/><T101/><D101/><U86/><REACH who="1" step="1"/><E83/><REACH who="1" ten="268,174,309,239" step="2"/><V103/><F131/><W41/><G119/><T66/><D37/><U88/><E88/><V68/><F68/><W111/><G111/><T20/><D91/><U29/><E29/><V115/><F134/><W65/><G117/><T99/><D89/><U27/><E27/><V69/><F69/><W128/><G128/><T38/><D38/><U48/><E48/><V104/><F30/><W31/><G31/><T16/><D49/><U33/><E33/><V133/><F34/><W23/><G25/><T114/><D16/><U64/><E64/><V9/><F24/><W71/><G65/><T35/><D66/><U130/><E130/><V113/><F135/><W55/><G71/><T0/><D35/><U14/><E14/><V96/><F133/><W26/><G26/><RYUUKYOKU ba="0,1" sc="268,-10,174,30,309,-10,239,-10" hai1="6,8,12,60,62,78,79,80,82,85,86,95,100" /><INIT seed="7,1,1,5,3,127" ten="258,204,299,229" oya="3" hai0="107,29,113,114,9,50,72,5,105,96,66,45,81" hai1="11,116,62,135,99,28,67,25,13,98,17,131,30" hai2="19,134,121,124,65,86,87,20,39,80,55,119,58" hai3="23,51,111,14,84,54,0,16,94,117,102,49,36"/><W104/><G0/><T92/><D29/><U69/><E135/><V40/><F119/><W108/><G36/><T63/><D81/><U33/><E116/><V83/><F124/><W78/><G104/><T1/><D72/><U41/><E131/><V73/><F73/><W126/><G126/><T118/><D118/><U130/><E130/><V8/><F134/><W24/><G117/><T38/><D38/><U52/><E41/><V37/><F37/><W7/><G54/><T68/><D92/><U91/><E30/><V70/><F70/><W76/><G76/><T88/><D88/><U132/><E132/><V26/><F121/><W47/><G47/><T89/><D89/><U123/><E123/><V120/><F120/><W53/><G53/><N who="0" m="29903" /><D96/><U100/><E100/><V44/><F8/><N who="3" m="4383" /><G78/><T93/><D93/><U97/><E91/><V6/><F6/><W46/><G84/><T34/><D34/><U18/><REACH who="1" step="1"/><E52/><REACH who="1" ten="258,194,299,229" step="2"/><V42/><F42/><N who="3" m="24791" /><G102/><T95/><D95/><U128/><E128/><V32/><F65/><W90/><G90/><T106/><D106/><U56/><E56/><V103/><F103/><W133/><G133/><T43/><D43/><U15/><E15/><V59/><F32/><W85/><G85/><N who="2" m="32265" /><F59/><W75/><G75/><T74/><D74/><U57/><E57/><V60/><F40/><W35/><G94/><T115/><AGARI ba="1,2" hai="1,5,9,63,66,68,105,107,113,114,115" m="29903" machi="115" ten="30,2000,0" yaku="15,1,11,1" doraHai="127" who="0" fromWho="0" sc="258,43,194,-6,299,-6,229,-11" owari="301,40.0,188,-31.0,293,9.0,218,-18.0" /></mjloggm>