<mjloggm ver="2.3"><GO type="41" lobby="0"/><UN n0="%E3%81%8A%E3%81%A3%E3%81%B4%E3%83%BC%EF%BC%81" n1="%E2%93%9D%53%75%70%68%78" n2="%E6%AC%A3%E5%96%9C%E9%9B%80%E8%BA%8D" n3="%33%E5%88%86%E3%83%84%E3%83%A4" dan="14,18,13,13" rate="1857.64,2118.43,1917.19,1879.04" sx="M,M,M,M"/><TAIKYOKU oya="0"/><INIT seed="0,0,0,0,3,92" ten="250,250,250,250" oya="0" hai0="19,89,64,74,59,75,97,112,93,124,56,9,51" hai1="1,40,96,117,76,55,26,69,120,38,71,133,20" hai2="79,130,8,87,81,29,121,68,61,32,5,82,52" hai3="58,46,53,116,73,6,57,25,45,36,21,12,24"/><T119/><D112/><U14/><E1/><V72/><F130/><W134/><G73/><T48/><D119/><U102/><E120/><V35/><F29/><W37/><G116/><T94/><D124/><U100/><E133/><V105/><F105/><W115/><G115/><T0/><D75/><U86/><E40/><V83/><F83/><W118/><G118/><T22/><D74/><U42/><E102/><V34/><F121/><W49/><G134/><T103/><D9/><U98/><E100/><V11/><F68/><W77/><G77/><T108/><D0/><U91/><E42/><V95/><F95/><W3/><G3/><T88/><D103/><U80/><E38/><V47/><F5/><W17/><G6/><T44/><D64/><U30/><E71/><V127/><F127/><W128/><G128/><T109/><D51/><U90/><E69/><V131/><F131/><W66/><G37/><T63/><D63/><U125/><E125/><V4/><F4/><W122/><G122/><T132/><D132/><U123/><E123/><V129/><F129/><W62/><G36/><T2/><D2/><U31/><E31/><V18/><F18/><W7/><G7/><T50/><D50/><U23/><E117/><V54/><F61/><W39/><G39/><T84/><D109/><U43/><E43/><V41/><F41/><W110/><G110/><T135/><D135/><U107/><E107/><V33/><N who="2" m="8192" /><DORA hai="15" /><V65/><F65/><W99/><G99/><N who="1" m="37930" /><E55/><V106/><F54/><W67/><G66/><T114/><D108/><U78/><E78/><N who="2" m="44231" /><F106/><W104/><G104/><RYUUKYOKU ba="0,0" sc="250,-30,250,10,250,10,250,10" hai1="14,20,23,26,30,76,80,86,90,91" hai2="8,11,47,52,79,82,87" hai3="12,17,21,24,25,45,46,49,53,57,58,62,67" /><INIT seed="1,1,0,3,4,111" ten="220,260,260,260" oya="1" hai0="5,54,65,1,119,27,108,132,120,40,12,112,121" hai1="58,91,48,104,20,50,114,102,47,71,39,14,84" hai2="17,60,69,88,23,45,100,135,83,51,87,117,133" hai3="29,81,42,49,90,75,116,6,125,86,18,30,78"/><U31/><E71/><V95/><F117/><W89/><G116/><T82/><D119/><U70/><E70/><V38/><F38/><W96/><G125/><T77/><D108/><U32/><E32/><V53/><F69/><W122/><G122/><T43/><D132/><U124/><E104/><V130/><F60/><W123/><G123/><N who="0" m="47179" /><D1/><U25/><E102/><V85/><F130/><W115/><G115/><T55/><D65/><U67/><E39/><V16/><F23/><W7/><G18/><T57/><D27/><U11/><E124/><V8/><F8/><W15/><G75/><T61/><D55/><U106/><E106/><V10/><F10/><N who="3" m="4567" /><G7/><T19/><D5/><U26/><E26/><V24/><F24/><W109/><G96/><T105/><D105/><U35/><E35/><V93/><F100/><W72/><G72/><N who="0" m="43303" /><D112/><U2/><E2/><V110/><F110/><W79/><G109/><T0/><D0/><U64/><E114/><V62/><F133/><W59/><G78/><T129/><D129/><U73/><E73/><V94/><F135/><W74/><G74/><T21/><AGARI ba="1,0" hai="12,19,21,40,43,54,57,61" m="43303,47179" machi="21" ten="30,1100,0" yaku="13,1" doraHai="111" who="0" fromWho="0" sc="220,14,260,-6,260,-4,260,-4" /><INIT seed="2,0,0,5,2,71" ten="234,254,256,256" oya="2" hai0="130,119,117,40,25,52,27,67,121,101,113,116,85" hai1="34,18,123,118,80,0,135,66,94,99,134,10,20" hai2="97,115,15,81,110,55,41,127,69,114,95,54,84" hai3="1,37,7,112,124,44,48,13,56,61,109,5,26"/><V122/><F122/><W68/><G112/><T108/><D113/><U75/><E34/><V51/><F69/><W62/><G124/><T35/><D121/><U63/><E123/><V3/><F3/><W70/><G109/><T23/><D108/><U28/><E28/><V53/><F127/><W107/><G107/><T92/><D130/><U104/><E104/><V105/><F105/><W39/><G1/><T106/><D67/><U21/><E118/><V82/><F110/><W16/><G26/><T47/><D35/><U17/><E80/><V45/><F115/><W6/><G68/><T91/><D52/><U60/><E75/><V49/><F114/><W33/><G33/><T24/><D101/><U31/><E31/><V58/><F15/><W128/><G128/><T64/><D64/><U14/><E66/><V132/><F132/><N who="1" m="50729" /><E0/><V89/><REACH who="2" step="1"/><F81/><REACH who="2" ten="234,254,246,256" step="2"/><W38/><G70/><T131/><D106/><U73/><E10/><V83/><F83/><W22/><REACH who="3" step="1"/><G56/><REACH who="3" ten="234,254,246,246" step="2"/><T36/><REACH who="0" step="1"/><D131/><REACH who="0" ten="224,254,246,246" step="2"/><U2/><E2/><V133/><F133/><W46/><G46/><T72/><D72/><U98/><E73/><V8/><F8/><W88/><G88/><AGARI ba="0,3" hai="41,45,49,51,53,54,55,58,82,84,88,89,95,97" machi="88" ten="30,11600,0" yaku="1,1,7,1,8,1,54,1,53,0" doraHai="71" doraHaiUra="30" who="2" fromWho="3" sc="224,0,254,0,246,146,246,-116" /><INIT seed="2,1,0,5,1,114" ten="224,254,392,130" oya="2" hai0="22,31,3,88,62,71,26,90,92,20,73,15,128" hai1="130,0,132,134,84,120,124,102,52,70,54,75,35" hai2="135,119,103,18,86,72,43,115,116,64,79,13,122" hai3="41,51,94,68,83,25,108,45,127,21,6,17,2"/><V53/><F115/><W12/><G127/><T131/><D73/><U85/><E75/><V47/><F122/><W28/><G108/><T19/><D3/><U121/><E0/><V65/><F72/><W34/><G68/><T9/><D71/><U96/><E70/><V81/><F103/><W14/><G14/><T123/><D123/><N who="1" m="47179" /><E35/><V44/><F135/><N who="1" m="51753" /><E130/><N who="0" m="49705" /><D62/><U106/><E124/><V133/><F64/><W8/><REACH who="3" step="1"/><G94/><REACH who="3" ten="224,254,392,120" step="2"/><T39/><D39/><U118/><E118/><V38/><F133/><W10/><G10/><T61/><D61/><U16/><E16/><V59/><F65/><W50/><G50/><T60/><D60/><U32/><E32/><V112/><F112/><W104/><G104/><T99/><D9/><U78/><E78/><V48/><F59/><W4/><G4/><T100/><AGARI ba="1,1" hai="15,19,20,22,26,31,88,90,92,99,100" m="49705" machi="100" ten="30,2000,0" yaku="19,1,54,1" doraHai="114" who="0" fromWho="0" sc="224,33,254,-6,392,-11,120,-6" /><INIT seed="3,0,0,4,5,59" ten="257,248,381,114" oya="3" hai0="6,53,12,29,16,100,13,132,117,92,107,7,116" hai1="102,49,41,20,5,66,24,71,47,62,125,93,85" hai2="101,54,61,75,23,17,44,25,69,56,118,55,131" hai3="60,129,98,31,0,106,120,91,108,110,68,50,122"/><W89/><G0/><T109/><D109/><N who="3" m="42089" /><G31/><T127/><D127/><U46/><E125/><V36/><F75/><W128/><G50/><T74/><D132/><U130/><E130/><N who="3" m="50282" /><G60/><T4/><D107/><U34/><E34/><V14/><F118/><W22/><G22/><N who="0" m="11527" /><D74/><U119/><E47/><V18/><F69/><W70/><G70/><T3/><D3/><U65/><E119/><V111/><F36/><W21/><G21/><T88/><D100/><U115/><E102/><V72/><F72/><W134/><G68/><T19/><D117/><U79/><E66/><V52/><F131/><W57/><G57/><T1/><D1/><U78/><E71/><V95/><F44/><W10/><G10/><N who="0" m="6583" /><D116/><U37/><E46/><V58/><F58/><W135/><G106/><T94/><D29/><U124/><E124/><V43/><F43/><W9/><G9/><T27/><D27/><U123/><E24/><V67/><F111/><W45/><G45/><T64/><D64/><U96/><E65/><V104/><F104/><W76/><G76/><T97/><D53/><U11/><E41/><V87/><F87/><W39/><G39/><T84/><D97/><U33/><E96/><N who="2" m="59551" /><F14/><W113/><G113/><T28/><D28/><AGARI ba="0,0" hai="17,18,23,25,28,52,54,55,56,61,67" m="59551" machi="28" ten="30,7700,0" yaku="25,1,8,1,52,1,54,1" doraHai="59" who="2" fromWho="0" sc="257,-77,248,0,381,77,114,0" /><INIT seed="4,0,0,3,3,54" ten="180,248,458,114" oya="0" hai0="23,3,128,48,40,11,105,103,82,50,124,55,110" hai1="60,49,94,71,34,122,9,44,131,126,106,31,108" hai2="0,28,46,129,15,33,30,32,64,51,42,58,67" hai3="91,14,7,123,113,125,39,130,74,70,121,95,24"/><T118/><D118/><U29/><E108/><V61/><F0/><W47/><G24/><T111/><D124/><U134/><E106/><V13/><F129/><W27/><G27/><T20/><D128/><U10/><E122/><V90/><F32/><W87/><G14/><T12/><D3/><U135/><E94/><V101/><F101/><W63/><G7/><T79/><D50/><U68/><E60/><V77/><F77/><W127/><G74/><T53/><D53/><U83/><E83/><V25/><F30/><N who="1" m="11273" /><E131/><V36/><F67/><W78/><G113/><T8/><D8/><N who="1" m="3179" /><E34/><V35/><F35/><W107/><G107/><T104/><D40/><N who="1" m="24711" /><E126/><V100/><F100/><W116/><G116/><T120/><D120/><N who="3" m="46153" /><G130/><T38/><D38/><U52/><E52/><V86/><F36/><W41/><G78/><T4/><D103/><U26/><E26/><V92/><AGARI ba="0,0" hai="13,15,25,28,33,42,46,51,58,61,64,86,90,92" machi="92" ten="20,2700,0" yaku="0,1,7,1,52,1" doraHai="54" who="2" fromWho="2" sc="180,-13,248,-7,458,27,114,-7" /><INIT seed="5,0,0,3,3,58" ten="167,241,485,107" oya="1" hai0="125,8,65,63,119,7,47,78,120,130,133,33,4" hai1="0,109,90,17,69,79,116,105,76,70,2,113,36" hai2="23,64,37,111,68,29,18,19,25,117,127,85,1" hai3="60,38,72,16,71,134,99,13,94,129,9,66,46"/><U84/><E116/><V30/><F111/><W123/><G134/><T110/><D119/><U135/><E105/><V112/><F37/><W77/><G129/><T56/><D110/><U73/><E109/><V44/><F117/><W50/><G123/><T80/><D130/><U27/><E90/><V57/><F127/><W97/><G38/><T81/><D125/><U101/><E84/><V53/><F1/><W93/><G72/><T118/><D118/><U32/><E101/><V89/><F68/><W14/><G77/><T131/><D131/><U121/><E17/><V10/><F64/><W61/><G66/><T106/><D33/><U103/><E103/><V98/><F98/><N who="3" m="37387" /><G71/><T22/><D106/><U59/><E36/><V86/><F86/><W49/><G13/><T28/><D133/><U45/><E2/><V40/><F40/><N who="3" m="24775" /><G50/><T124/><D124/><U54/><E0/><V21/><F25/><W51/><G51/><T31/><D120/><U62/><E27/><V11/><F44/><W48/><G48/><T67/><D47/><U126/><E45/><V102/><F57/><W75/><G75/><T104/><D104/><U15/><E70/><V95/><F102/><W35/><G35/><T122/><D122/><U132/><E32/><V107/><F107/><W6/><G6/><T108/><D4/><U74/><E126/><V83/><F19/><W12/><G14/><N who="0" m="5407" /><D108/><U114/><E121/><V128/><F128/><W91/><G91/><T100/><D100/><U52/><E69/><V42/><F89/><W92/><AGARI ba="0,0" hai="9,12,16,60,61,92,93,94" m="24775,37387" machi="92" ten="30,7900,0" yaku="8,1,52,2,54,1" doraHai="58" who="3" fromWho="3" sc="167,-20,241,-39,485,-20,107,79" /><INIT seed="6,0,0,4,4,111" ten="147,202,465,186" oya="2" hai0="26,36,50,71,16,11,92,72,114,15,67,110,42" hai1="31,120,74,125,52,112,54,32,98,5,102,40,104" hai2="0,88,127,47,58,46,79,122,135,17,87,29,4" hai3="95,18,117,128,86,2,113,116,35,22,27,83,12"/><V108/><F122/><W49/><G2/><T44/><D110/><U101/><E74/><V1/><F108/><W106/><G106/><T118/><D118/><U134/><E40/><V77/><F135/><W105/><G105/><T66/><D72/><U81/><E5/><V85/><F127/><W37/><G37/><T68/><D36/><U132/><E81/><V60/><F29/><W13/><G128/><T129/><D129/><U121/><E112/><V59/><F60/><W63/><G63/><T96/><D114/><U119/><E125/><V10/><F17/><W24/><G95/><T131/><D131/><U39/><E39/><V9/><REACH who="2" step="1"/><F88/><REACH who="2" ten="147,202,455,186" step="2"/><W80/><G113/><T75/><D75/><U14/><E121/><V64/><F64/><W73/><G18/><T100/><REACH who="0" step="1"/><D26/><REACH who="0" ten="137,202,455,186" step="2"/><U3/><E120/><V6/><AGARI ba="0,2" hai="0,1,4,6,9,10,46,47,58,59,77,79,85,87" machi="6" ten="25,9600,0" yaku="1,1,0,1,22,2,53,0" doraHai="111" doraHaiUra="133" who="2" fromWho="2" sc="137,-32,202,-32,455,116,186,-32" /><INIT seed="6,1,0,4,4,95" ten="105,170,571,154" oya="2" hai0="102,6,63,91,12,59,49,133,70,132,30,72,111" hai1="122,135,88,96,67,9,125,85,56,123,58,34,23" hai2="18,120,54,39,130,128,65,73,101,22,78,112,26" hai3="83,41,113,2,19,86,61,131,35,55,92,87,84"/><V29/><F120/><N who="1" m="46121" /><E34/><V20/><F39/><W36/><G2/><T62/><D111/><U11/><E135/><V74/><F112/><W38/><G35/><T50/><D72/><U1/><E125/><V76/><F65/><W89/><G131/><N who="2" m="50217" /><F54/><W28/><G28/><T24/><D70/><U66/><E23/><V75/><F101/><W0/><G0/><T10/><D91/><U40/><E40/><V8/><F8/><N who="1" m="3145" /><E1/><V129/><F129/><W45/><G113/><T99/><D132/><U127/><E127/><V7/><F7/><W14/><G36/><T17/><D6/><U21/><E21/><V25/><AGARI ba="1,0" hai="18,20,22,25,26,29,73,74,75,76,78" m="50217" machi="25" ten="40,2100,0" yaku="19,1" doraHai="95" who="2" fromWho="2" sc="105,-8,170,-8,571,24,154,-8" /><INIT seed="6,2,0,2,2,40" ten="97,162,595,146" oya="2" hai0="28,68,53,71,12,95,31,13,93,16,27,1,72" hai1="35,91,17,94,111,101,90,32,64,84,120,78,10" hai2="89,61,48,54,92,106,70,129,82,117,134,100,121" hai3="23,107,3,22,11,76,44,14,57,8,88,99,112"/><V87/><F121/><W36/><G112/><T122/><D72/><U2/><E111/><V127/><F134/><W104/><G76/><T98/><D1/><U42/><E64/><V29/><F127/><W113/><G113/><T59/><D122/><U132/><E101/><V83/><F129/><W119/><G119/><T77/><D77/><U4/><E78/><V65/><F117/><W115/><G115/><T19/><D27/><U41/><E132/><V74/><F29/><W116/><G116/><T5/><D5/><U50/><E17/><V18/><F74/><W30/><G3/><T67/><D67/><U33/><E120/><V110/><F110/><W55/><G30/><T69/><D69/><U105/><E105/><V63/><F63/><W46/><G36/><T6/><D6/><U20/><E20/><V58/><F100/><W0/><G0/><T56/><REACH who="0" step="1"/><D98/><REACH who="0" ten="87,162,595,146" step="2"/><U96/><E96/><V7/><F7/><W24/><G99/><T25/><D25/><U114/><E114/><V126/><F106/><W109/><G24/><T52/><AGARI ba="2,1" hai="12,13,16,19,28,31,52,53,56,59,68,71,93,95" machi="52" ten="25,12000,2" yaku="1,1,0,1,22,2,54,2,53,0" doraHai="40" doraHaiUra="73" who="0" fromWho="0" sc="87,136,162,-32,595,-62,146,-32" /><INIT seed="7,0,0,5,5,43" ten="223,130,533,114" oya="3" hai0="120,8,63,26,107,127,5,105,114,69,6,126,34" hai1="60,70,41,72,134,119,110,128,4,125,45,74,91" hai2="17,132,29,49,50,52,104,77,116,92,2,28,123" hai3="65,20,81,42,135,54,115,130,19,47,48,12,58"/><W15/><G130/><T108/><D120/><U35/><E110/><V79/><F132/><W9/><G135/><T31/><D108/><U33/><E134/><V13/><F104/><N who="0" m="40010" /><D5/><U93/><E125/><N who="0" m="47625" /><D114/><U87/><E119/><V64/><F2/><W90/><G115/><T61/><D69/><U68/><E4/><V56/><F116/><W25/><G65/><T75/><D75/><U40/><E40/><V59/><F92/><W38/><G15/><AGARI ba="0,0" hai="6,8,15,26,31,34,61,63" m="47625,40010" machi="15" ten="30,1000,0" yaku="18,1" doraHai="43" who="0" fromWho="3" sc="223,10,130,0,533,0,114,-10" owari="233,3.0,130,-27.0,533,64.0,104,-40.0" /></mjloggm>