<mjloggm ver="2.3"><GO type="41" lobby="0"/><UN n0="%E3%81%8F%E3%81%AB%E3%81%AC%E3%81%97" n1="%54%65%74%73%75%79%61%33" n2="%E2%93%9D%53%75%70%68%78" n3="%72%61%72%61%70%6F%70%6F" dan="14,13,18,15" rate="1948.71,1902.77,2147.08,2011.08" sx="M,M,M,M"/><TAIKYOKU oya="0"/><INIT seed="0,0,0,1,2,21" ten="250,250,250,250" oya="0" hai0="47,87,98,24,33,69,104,123,28,90,36,55,118" hai1="65,68,132,120,42,66,17,124,121,38,27,43,84" hai2="37,40,107,106,115,114,111,11,26,64,19,8,31" hai3="103,44,4,81,7,109,15,128,29,126,80,67,135"/><T30/><D118/><U58/><E68/><V112/><F64/><W22/><G109/><T94/><D123/><U57/><E124/><V18/><F40/><W63/><G126/><T99/><D69/><U46/><E132/><V52/><F37/><W101/><G135/><T35/><D104/><U97/><E84/><V62/><F111/><W74/><G128/><T130/><D130/><U53/><E97/><V20/><F107/><W72/><G44/><T71/><D71/><U3/><E3/><V32/><F106/><W77/><G81/><T96/><D36/><U61/><E17/><V105/><F105/><W122/><G74/><T76/><D76/><U125/><E27/><V134/><F134/><W6/><G122/><T39/><D39/><U131/><E125/><V110/><F19/><W14/><G14/><T82/><D55/><U56/><E131/><V93/><F93/><W85/><G72/><T102/><REACH who="0" step="1"/><D47/><REACH who="0" ten="240,250,250,250" step="2"/><N who="1" m="24023" /><E121/><V50/><F110/><W95/><G77/><T117/><D117/><U12/><E120/><V1/><F115/><W79/><G79/><T49/><D49/><N who="1" m="26847" /><E12/><N who="2" m="9287" /><F114/><W127/><G15/><T83/><D83/><U13/><E13/><V100/><F112/><W75/><G80/><T129/><D129/><U89/><E89/><V92/><F50/><W60/><G127/><T16/><D16/><U91/><E91/><V41/><F41/><W9/><G7/><T108/><D108/><U45/><E66/><V0/><F0/><W54/><G6/><T88/><D88/><U2/><E2/><V34/><F1/><W70/><G67/><T5/><D5/><RYUUKYOKU ba="0,1" sc="240,15,250,15,250,-15,250,-15" hai0="24,28,30,33,35,82,87,90,94,96,98,99,102" hai1="45,53,56,57,58,61,65" /><INIT seed="0,1,1,4,2,12" ten="255,265,235,235" oya="0" hai0="55,67,123,31,83,47,114,2,43,3,38,108,72" hai1="21,56,60,15,117,57,96,125,109,32,91,23,35" hai2="52,131,64,46,100,99,45,76,116,80,34,127,74" hai3="27,120,119,8,39,66,135,112,103,124,58,113,19"/><T48/><D114/><U115/><E117/><V70/><F131/><W104/><G119/><T84/><D123/><U26/><E115/><V25/><F116/><W98/><G120/><T88/><D108/><U63/><E125/><V130/><F130/><W50/><G124/><T65/><D31/><U73/><E73/><V90/><F90/><W89/><G135/><T85/><D72/><U121/><E109/><V86/><F74/><W107/><G39/><T128/><D128/><U6/><E6/><V53/><F127/><W78/><G104/><T132/><D132/><U40/><E40/><V133/><F64/><W11/><G78/><T126/><D126/><U102/><E15/><V82/><F70/><W95/><G8/><T17/><D85/><U1/><E1/><V69/><F69/><W37/><G11/><T122/><D122/><U49/><E49/><V79/><F34/><W9/><G9/><T4/><D4/><U33/><E91/><V5/><F5/><W44/><G37/><T118/><D118/><U20/><E121/><V62/><F133/><W134/><G134/><T92/><D83/><U29/><E57/><V22/><F82/><W0/><G0/><T7/><D7/><U16/><E63/><V14/><F62/><W93/><G58/><N who="0" m="33127" /><D17/><U101/><E101/><V59/><F59/><W94/><G66/><N who="0" m="25099" /><D3/><U54/><REACH who="1" step="1"/><E29/><REACH who="1" ten="255,255,235,235" step="2"/><N who="2" m="17591" /><F79/><W68/><G68/><T42/><D2/><U129/><E129/><V61/><F61/><W105/><G113/><T111/><D111/><U77/><E77/><V71/><F71/><W75/><G112/><T110/><D110/><RYUUKYOKU ba="1,2" sc="255,15,255,15,235,-15,235,-15" hai0="38,42,43,47,84,88,92" hai1="16,20,21,23,26,32,33,35,54,56,60,96,102" /><INIT seed="0,2,2,5,2,49" ten="270,270,220,220" oya="0" hai0="60,25,101,131,86,88,129,68,52,116,57,119,47" hai1="71,72,17,104,96,105,120,24,64,36,92,4,43" hai2="41,61,97,45,29,31,84,7,40,5,126,1,125" hai3="53,56,77,12,35,37,3,34,94,91,20,134,22"/><T117/><D101/><U111/><E72/><V6/><F1/><W81/><G3/><T19/><D68/><U123/><E4/><V10/><F10/><W70/><G70/><T23/><REACH who="0" step="1"/><D47/><REACH who="0" ten="260,270,220,220" step="2"/><U79/><E123/><V50/><F126/><W78/><G134/><T89/><D89/><U98/><E120/><V128/><F125/><W73/><G37/><T74/><D74/><U46/><E79/><V51/><F45/><W108/><G77/><T102/><D102/><U115/><E115/><V26/><F41/><W63/><G108/><T21/><D21/><U127/><E71/><V48/><F40/><W87/><G22/><T107/><D107/><U75/><E46/><V32/><F32/><W110/><G110/><T65/><D65/><U58/><E64/><V18/><F128/><W8/><G20/><T82/><AGARI ba="2,3" hai="19,23,25,52,57,60,82,86,88,116,117,119,129,131" machi="82" ten="40,12000,1" yaku="1,1,0,1,52,1,54,2,53,0" doraHai="49" doraHaiUra="2" who="0" fromWho="0" sc="260,156,270,-42,220,-42,220,-42" /><INIT seed="0,3,0,2,1,109" ten="416,228,178,178" oya="0" hai0="56,45,55,26,106,135,14,44,41,124,105,86,120" hai1="34,111,76,43,60,123,126,95,102,103,35,8,117" hai2="20,13,118,37,47,114,72,84,63,48,0,80,134" hai3="21,49,5,31,75,30,19,90,112,71,54,68,88"/><T122/><D124/><U40/><E117/><V83/><F0/><W128/><G75/><T85/><D135/><U70/><E123/><V29/><F37/><W12/><G128/><T10/><D26/><U96/><E126/><V131/><F72/><W4/><G49/><T3/><D3/><U25/><E76/><V6/><F114/><W127/><G127/><T108/><D108/><U100/><E111/><V57/><F131/><W78/><G78/><T15/><D56/><U50/><E35/><V104/><F104/><W17/><G21/><T121/><D55/><U119/><E8/><V11/><F118/><W129/><G12/><T98/><D98/><U74/><E74/><V42/><F134/><W58/><G129/><T27/><D27/><U53/><E119/><V39/><F39/><W2/><G2/><T38/><D38/><U32/><E34/><V97/><F97/><W101/><G58/><T28/><D122/><U69/><E70/><V36/><F36/><W113/><G54/><T116/><D116/><U66/><E102/><AGARI ba="3,0" hai="4,5,17,19,30,31,68,71,88,90,101,102,112,113" machi="102" ten="25,8000,1" yaku="22,2,52,2,54,1" doraHai="109" who="3" fromWho="1" sc="416,0,228,-89,178,0,178,89" /><INIT seed="1,0,0,2,1,35" ten="416,139,178,267" oya="1" hai0="11,70,133,28,131,50,109,32,68,5,125,62,129" hai1="121,45,111,132,107,77,10,2,31,25,34,102,104" hai2="0,56,110,114,78,37,61,91,48,98,87,76,89" hai3="24,22,60,69,43,73,128,66,53,51,6,33,85"/><U72/><E121/><V26/><F37/><W71/><G73/><T122/><D109/><U40/><E132/><V21/><F110/><W59/><G128/><T99/><D125/><U94/><E94/><V119/><F0/><W90/><G33/><T63/><D50/><U75/><E111/><V80/><F119/><W95/><G6/><T9/><D99/><U134/><E134/><V123/><F114/><W47/><G43/><T39/><D32/><U103/><E102/><V118/><F48/><W17/><AGARI ba="0,0" hai="17,22,24,47,51,53,59,60,66,69,71,85,90,95" machi="17" ten="20,1500,0" yaku="0,1,7,1" doraHai="35" who="3" fromWho="3" sc="416,-4,139,-7,178,-4,267,15" /><INIT seed="2,0,0,4,1,74" ten="412,132,174,282" oya="2" hai0="127,102,114,111,60,50,133,54,35,34,119,122,72" hai1="32,31,108,95,83,105,76,112,13,130,6,44,129" hai2="43,7,80,77,11,51,86,20,84,135,66,1,49" hai3="65,61,73,30,125,39,88,41,99,70,38,115,47"/><V64/><F135/><W79/><G125/><T98/><D60/><U106/><E112/><V36/><F36/><W3/><G3/><T97/><D50/><U100/><E32/><V120/><F120/><W103/><G115/><T23/><D102/><U94/><E31/><V18/><F86/><W17/><G30/><T123/><D54/><U132/><E44/><V62/><F43/><W78/><G73/><T87/><D87/><U42/><E42/><V28/><F28/><W63/><G39/><T104/><D23/><U45/><E45/><V69/><REACH who="2" step="1"/><F66/><REACH who="2" ten="412,132,164,282" step="2"/><W118/><G65/><T82/><D123/><U12/><E132/><V25/><AGARI ba="0,1" hai="1,7,11,18,20,25,49,51,62,64,69,77,80,84" machi="25" ten="20,18000,2" yaku="1,1,2,1,0,1,7,1,52,1,53,1" doraHai="74" doraHaiUra="81" who="2" fromWho="2" sc="412,-60,132,-60,164,190,282,-60" /><INIT seed="2,1,0,0,4,76" ten="352,72,354,222" oya="2" hai0="22,10,2,53,4,72,39,131,30,135,36,48,17" hai1="35,112,8,69,97,38,71,73,120,57,24,37,3" hai2="46,63,115,21,89,6,1,105,98,82,7,59,114" hai3="132,55,13,52,84,25,80,113,79,78,23,16,100"/><V99/><F1/><W107/><G132/><T104/><D135/><U64/><E112/><V93/><F115/><W45/><G113/><T27/><D131/><U75/><E57/><V127/><F127/><W66/><G66/><T60/><D104/><U15/><E97/><V29/><F46/><W68/><G68/><T133/><D72/><U44/><E15/><V50/><F50/><W67/><G67/><T42/><D133/><U47/><E120/><V18/><F29/><W134/><G134/><T121/><D121/><U103/><E103/><V102/><F82/><W130/><G130/><T70/><D70/><U33/><E64/><V129/><F129/><W88/><G100/><T9/><D60/><U77/><E77/><N who="3" m="29194" /><G107/><T108/><D108/><U124/><E24/><V11/><F11/><N who="3" m="6207" /><G45/><T86/><D10/><U40/><E8/><V34/><F34/><W128/><G128/><T41/><D39/><U14/><E14/><V5/><F114/><W87/><G87/><T56/><D36/><U26/><E26/><N who="2" m="14647" /><F105/><W62/><G62/><T126/><D126/><U20/><E20/><V43/><F102/><W94/><G94/><T125/><D125/><U51/><E124/><V61/><F61/><W117/><G117/><T65/><D65/><U118/><E51/><V19/><F63/><W28/><AGARI ba="1,0" hai="23,25,28,52,55,80,84,88" m="6207,29194" machi="28" ten="30,8000,1" yaku="8,1,52,1,54,3" doraHai="76" who="3" fromWho="3" sc="352,-21,72,-21,354,-41,222,83" /><INIT seed="3,0,0,5,2,81" ten="331,51,313,305" oya="3" hai0="91,94,127,3,53,52,60,109,83,59,102,107,75" hai1="29,82,68,10,70,117,134,66,93,103,116,129,44" hai2="24,31,77,61,108,96,123,16,71,130,50,133,101" hai3="12,64,32,0,36,126,5,80,104,95,131,88,33"/><W84/><G104/><T90/><D109/><U41/><E134/><V34/><F108/><W105/><G105/><T92/><D127/><U67/><E129/><V69/><F130/><W125/><G36/><T100/><D3/><U54/><E10/><V4/><F4/><W46/><G131/><T128/><D128/><U65/><E29/><V106/><F133/><W8/><G64/><T111/><D111/><U20/><E20/><V56/><F77/><W87/><G46/><T19/><D107/><U1/><E82/><V115/><F115/><W55/><G55/><T25/><D83/><U112/><E1/><V63/><F123/><W97/><G0/><T76/><D76/><U57/><E93/><V74/><F74/><W99/><G33/><T85/><D53/><U135/><E103/><V15/><F50/><W42/><G42/><T119/><D119/><N who="1" m="45643" /><E112/><V38/><F38/><W7/><G7/><T121/><D75/><U45/><E135/><V40/><F40/><W113/><G32/><T114/><D121/><U89/><E89/><V122/><F122/><W48/><G48/><T39/><D39/><N who="1" m="21567" /><E45/><V79/><F79/><N who="3" m="46111" /><G113/><T43/><D43/><U51/><AGARI ba="0,0" hai="51,54,57,65,66,67,68,70" m="21567,45643" machi="51" ten="30,4000,0" yaku="12,1,34,2" doraHai="81" who="1" fromWho="1" sc="331,-10,51,40,313,-10,305,-20" /><INIT seed="4,0,0,2,1,15" ten="321,91,303,285" oya="0" hai0="119,47,10,94,102,120,37,112,110,42,33,4,99" hai1="90,88,114,6,32,74,24,17,13,59,35,130,40" hai2="109,53,100,105,27,46,56,2,69,92,95,87,16" hai3="84,80,93,123,117,96,23,29,44,14,61,75,55"/><T19/><D119/><U91/><E74/><V127/><F2/><W36/><G117/><T124/><D112/><U128/><E40/><V108/><F69/><W72/><G123/><T20/><D124/><U0/><E114/><V45/><F105/><W79/><G36/><T9/><D110/><U50/><E24/><V133/><F133/><W3/><G3/><T34/><D120/><U21/><E6/><V76/><F127/><W107/><G107/><T39/><D37/><U64/><E0/><V73/><F73/><W106/><G106/><T30/><D30/><U78/><E78/><V8/><F109/><W103/><G29/><T86/><D86/><U83/><E83/><N who="2" m="47591" /><F100/><W58/><G44/><N who="2" m="17001" /><F108/><W7/><REACH who="3" step="1"/><G7/><REACH who="3" ten="321,91,303,275" step="2"/><T89/><D4/><U54/><REACH who="1" step="1"/><E64/><REACH who="1" ten="321,81,303,275" step="2"/><V98/><F53/><W134/><G134/><T52/><D52/><U5/><E5/><V38/><F38/><W122/><G122/><T62/><D39/><U77/><E77/><V126/><F126/><W43/><G43/><T132/><D42/><U60/><E60/><V51/><F51/><W66/><G66/><T71/><D62/><U135/><E135/><V63/><F63/><W65/><G65/><T104/><D132/><U131/><AGARI ba="0,2" hai="13,17,21,32,35,50,54,59,88,90,91,128,130,131" machi="131" ten="40,8000,1" yaku="1,1,0,1,19,1,52,1,54,1,53,0" doraHai="15" doraHaiUra="101" who="1" fromWho="1" sc="321,-40,81,100,303,-20,275,-20" /><INIT seed="5,0,0,1,4,4" ten="281,181,283,255" oya="1" hai0="90,109,74,67,66,100,127,134,89,57,23,73,34" hai1="126,120,119,106,115,36,75,56,96,114,60,41,50" hai2="12,81,13,86,97,99,62,49,69,121,124,122,9" hai3="43,78,59,111,52,63,17,88,70,103,95,77,22"/><U123/><E75/><V135/><F124/><W113/><G111/><T131/><D34/><U25/><E119/><V7/><F135/><W76/><G113/><N who="1" m="43018" /><E126/><V31/><F31/><W101/><G43/><T94/><D134/><U133/><E133/><V6/><F69/><W93/><G93/><T61/><D127/><U130/><E36/><V48/><F62/><W16/><G70/><T116/><D109/><U10/><E25/><V104/><F104/><W27/><REACH who="3" step="1"/><G17/><REACH who="3" ten="281,181,283,245" step="2"/><T107/><D116/><U102/><E130/><V58/><F122/><W28/><G28/><T84/><D131/><U11/><E123/><V42/><F121/><W5/><G5/><T91/><D94/><U85/><E120/><V129/><F129/><W68/><G68/><T30/><D30/><U15/><E41/><V33/><F42/><W40/><G40/><T8/><D107/><U117/><E117/><V108/><F108/><W65/><G65/><T55/><D67/><U21/><E50/><V19/><F49/><W47/><G47/><T45/><D45/><U51/><E51/><V112/><F112/><W118/><G118/><T1/><D66/><N who="1" m="39175" /><E85/><AGARI ba="0,1" hai="16,22,27,52,59,63,76,77,78,85,88,95,101,103" machi="85" ten="40,8000,1" yaku="1,1,8,1,54,3,53,0" doraHai="4" doraHaiUra="32" who="3" fromWho="1" sc="281,0,181,-80,283,0,245,90" /><INIT seed="6,0,0,4,1,55" ten="281,101,283,335" oya="2" hai0="102,86,111,7,48,112,135,113,80,91,4,78,2" hai1="101,13,67,104,109,105,82,26,130,33,17,88,90" hai2="18,129,119,60,41,6,59,96,98,73,71,75,85" hai3="54,57,94,70,110,120,62,21,52,32,42,107,35"/><V76/><F119/><W92/><G107/><T40/><D111/><U51/><E109/><V118/><F71/><W68/><G110/><T44/><D102/><U25/><E130/><V126/><F118/><W53/><G120/><T83/><D135/><U30/><E101/><V132/><F6/><W39/><G21/><T0/><D7/><U47/><E26/><V114/><F41/><W115/><G115/><N who="0" m="44107" /><D4/><U74/><E67/><V117/><F126/><W22/><G22/><T36/><D36/><U61/><E61/><V15/><F129/><W134/><G134/><T124/><D124/><U121/><E90/><V31/><F75/><AGARI ba="0,0" hai="0,2,40,44,48,75,78,80,83,86,91" m="44107" machi="75" ten="30,1000,0" yaku="15,1" doraHai="55" who="0" fromWho="2" sc="281,10,101,0,283,-10,335,0" /><INIT seed="7,0,0,0,2,125" ten="291,101,273,335" oya="3" hai0="58,99,85,88,81,76,61,14,129,128,67,96,131" hai1="120,54,126,89,134,135,83,32,86,104,8,52,80" hai2="77,87,57,23,69,10,28,0,60,79,33,5,30" hai3="127,65,122,116,112,40,119,121,36,90,98,114,102"/><W12/><G127/><T17/><D76/><U21/><E32/><V25/><F69/><W97/><G65/><T115/><D115/><N who="3" m="44073" /><G12/><T74/><D74/><U73/><E126/><V123/><F123/><N who="3" m="47115" /><G40/><T105/><D105/><U107/><E120/><V48/><F48/><W108/><G36/><T109/><D109/><U15/><E21/><AGARI ba="0,0" hai="14,17,21,58,61,67,81,85,88,96,99,128,129,131" machi="21" ten="40,8000,1" yaku="19,1,52,3,54,1" doraHai="125" who="0" fromWho="1" sc="291,80,101,-80,273,0,335,0" owari="371,47.0,21,-48.0,273,-13.0,335,14.0" /></mjloggm>