<mjloggm ver="2.3"><GO type="41" lobby="0"/><UN n0="%E3%81%95%E3%81%99%E3%82%89%E3%81%84%E3%81%AE%E9%BE%8D" n1="%E9%81%8B%E6%AF%9B" n2="%E3%82%82%E3%82%8B%E3%82%82%E3%81%A3%E3%81%A8" n3="%E2%93%9D%53%75%70%68%78" dan="14,14,14,18" rate="1924.64,1936.18,1998.11,2105.61" sx="M,M,M,M"/><TAIKYOKU oya="0"/><INIT seed="0,0,0,3,4,74" ten="250,250,250,250" oya="0" hai0="48,83,55,19,66,84,71,106,51,23,37,3,97" hai1="85,17,73,7,114,41,132,94,61,56,70,10,88" hai2="40,67,24,82,14,12,131,77,112,135,118,9,47" hai3="42,43,121,39,60,49,31,38,103,13,93,4,92"/><T34/><D3/><U46/><E132/><V58/><F112/><W29/><G60/><T21/><D37/><U26/><E114/><V134/><F131/><W108/><G49/><T116/><D34/><U87/><E73/><V89/><F118/><W96/><G108/><T63/><D116/><U115/><E115/><V130/><F130/><W27/><G13/><T8/><D106/><U57/><E26/><V15/><F9/><W68/><G27/><T72/><D72/><U124/><E124/><V32/><F67/><W99/><G4/><T28/><D28/><U105/><E105/><V6/><F6/><W11/><G11/><T62/><D97/><U125/><E125/><V35/><F89/><W20/><G20/><T127/><D8/><U113/><E113/><V109/><F58/><W53/><G53/><T64/><D127/><U101/><E17/><V18/><F18/><W0/><G68/><T59/><D55/><U16/><E101/><V25/><F25/><W111/><G111/><T86/><D86/><U65/><E7/><V5/><F24/><W128/><G128/><T1/><D1/><U45/><E85/><N who="2" m="48335" /><F5/><W98/><G0/><T133/><D133/><N who="2" m="50698" /><F109/><W91/><G31/><T80/><D19/><U102/><E102/><V54/><F54/><W100/><G29/><T122/><D122/><U22/><E10/><V95/><F95/><N who="3" m="58399" /><G121/><T119/><D119/><U126/><E126/><V69/><F69/><W78/><G103/><T90/><REACH who="0" step="1"/><D80/><REACH who="0" ten="240,250,250,250" step="2"/><U2/><E2/><V110/><F110/><W123/><G123/><T117/><D117/><U33/><E33/><RYUUKYOKU ba="0,1" sc="240,15,250,-15,250,15,250,-15" hai0="21,23,48,51,59,62,63,64,66,71,83,84,90" hai2="12,14,15,32,35,40,47" /><INIT seed="0,1,1,1,4,95" ten="255,235,265,235" oya="0" hai0="35,75,47,37,87,70,24,109,16,134,42,71,82" hai1="18,80,7,101,3,124,102,85,96,105,132,22,66" hai2="45,127,104,31,15,54,122,112,100,41,84,8,10" hai3="1,97,92,67,32,86,98,51,52,30,48,93,38"/><T88/><D75/><U55/><E124/><V64/><F122/><W106/><G106/><T107/><D107/><U40/><E132/><V57/><F127/><W90/><G38/><T46/><D134/><U14/><E102/><V125/><F125/><W4/><G67/><T123/><D123/><U62/><E55/><V83/><F112/><W126/><G126/><T29/><D109/><U135/><E135/><V59/><F31/><W44/><G1/><T63/><D47/><U36/><E36/><V108/><F108/><W34/><G4/><T118/><D118/><U9/><E40/><V5/><F104/><W50/><G86/><T13/><REACH who="0" step="1"/><D63/><REACH who="0" ten="245,235,265,235" step="2"/><U53/><E62/><V121/><F45/><W58/><G44/><T110/><D110/><U76/><REACH who="1" step="1"/><E53/><REACH who="1" ten="245,225,265,235" step="2"/><V21/><F54/><W72/><G72/><T61/><D61/><U128/><E128/><V79/><F121/><W119/><G119/><T11/><AGARI ba="1,3" hai="11,13,16,24,29,35,37,42,46,70,71,82,87,88" machi="11" ten="20,18000,2" yaku="1,1,0,1,7,1,54,2,53,1" doraHai="95" doraHaiUra="78" who="0" fromWho="0" sc="245,213,225,-61,265,-61,235,-61" /><INIT seed="0,2,0,1,5,100" ten="458,164,204,174" oya="0" hai0="42,113,38,22,31,107,115,60,13,61,15,43,33" hai1="101,64,118,34,96,16,77,3,121,87,70,67,52" hai2="21,59,97,5,2,126,50,57,99,106,105,14,135" hai3="128,46,56,8,133,127,79,0,40,112,25,27,51"/><T125/><D33/><U104/><E118/><V17/><F2/><W72/><G112/><T95/><D125/><U132/><E3/><V75/><F75/><W66/><G133/><T130/><D130/><U81/><E132/><V103/><F5/><W134/><G134/><T18/><D107/><U110/><E121/><V120/><F120/><W85/><G72/><T89/><D13/><U48/><E34/><V94/><F126/><W28/><G128/><T111/><D111/><U122/><E110/><V37/><F37/><W6/><G127/><T32/><D61/><U49/><E49/><V10/><F135/><W1/><G1/><T84/><D60/><U92/><E70/><V123/><F123/><W76/><G27/><T69/><D69/><U117/><E117/><V7/><F50/><W114/><G114/><T131/><D131/><U58/><E122/><V71/><F71/><W91/><G56/><T53/><D53/><U36/><E36/><V65/><F65/><W11/><G11/><T73/><D73/><U98/><REACH who="1" step="1"/><E16/><REACH who="1" ten="458,154,204,174" step="2"/><V82/><F17/><W68/><G68/><T62/><D38/><U119/><E119/><V109/><F109/><W86/><G0/><T78/><D32/><U63/><E63/><V45/><F7/><W47/><G6/><T4/><D4/><U88/><AGARI ba="2,1" hai="48,52,58,64,67,77,81,87,88,92,96,98,101,104" machi="88" ten="20,12000,2" yaku="1,1,0,1,7,1,52,1,54,2,53,1" doraHai="100" doraHaiUra="74" who="1" fromWho="1" sc="458,-62,154,136,204,-32,174,-32" /><INIT seed="1,0,0,0,1,124" ten="396,290,172,142" oya="1" hai0="100,76,39,10,1,79,22,102,127,125,107,135,92" hai1="89,17,116,80,82,122,81,106,5,68,131,30,65" hai2="78,60,74,130,46,34,26,44,119,43,117,62,52" hai3="61,98,97,13,24,67,9,11,33,66,35,121,126"/><U32/><E116/><V23/><F34/><W50/><G126/><N who="0" m="48139" /><D39/><U75/><E122/><V111/><F74/><W85/><G121/><T38/><D38/><U123/><E123/><V101/><F101/><W2/><G85/><T28/><D28/><U86/><E106/><V103/><F103/><W95/><G50/><T77/><D22/><U14/><E5/><V129/><F78/><W45/><G45/><N who="2" m="17513" /><F43/><W27/><G13/><T16/><D1/><U29/><E65/><V83/><F83/><W118/><G95/><T41/><D41/><U69/><E75/><V4/><F4/><W120/><G120/><T104/><D16/><U73/><E73/><V51/><F23/><W133/><G61/><N who="2" m="23657" /><F26/><W96/><G118/><N who="2" m="45065" /><F111/><W37/><G37/><T48/><D10/><U91/><E81/><V115/><F115/><W72/><G72/><T40/><D40/><U94/><E32/><V55/><F51/><W56/><G35/><T128/><D48/><U64/><E86/><V108/><F108/><W132/><G33/><T109/><D109/><U6/><E6/><V110/><F110/><W70/><G98/><N who="0" m="59463" /><D102/><U31/><E31/><V15/><F15/><W54/><G97/><T53/><D104/><U114/><E14/><V84/><F84/><W113/><G96/><T36/><D107/><U88/><E17/><V20/><F20/><W21/><G21/><T8/><D79/><U57/><E30/><V12/><F12/><W18/><G18/><T7/><D77/><U93/><E29/><V87/><F87/><W134/><G27/><T19/><D76/><U112/><E112/><RYUUKYOKU ba="0,0" sc="396,-10,290,-10,172,30,142,-10" hai2="52,55,129,130" /><INIT seed="2,1,0,3,5,9" ten="386,280,202,132" oya="2" hai0="48,80,54,106,51,1,88,6,0,10,31,12,53" hai1="3,46,18,8,75,14,44,127,67,42,52,126,72" hai2="108,43,117,103,134,83,98,62,123,40,19,21,64" hai3="39,91,28,29,131,32,101,135,74,87,65,34,118"/><V73/><F117/><W56/><G118/><T60/><D106/><U124/><E67/><V78/><F123/><W15/><G74/><T120/><D120/><U26/><E3/><V22/><F134/><W95/><G39/><T45/><D31/><U92/><E92/><V33/><F33/><W111/><G131/><T30/><D30/><U112/><E112/><V81/><F81/><W116/><G111/><T37/><D60/><U24/><E42/><V110/><F22/><W68/><G68/><T4/><D37/><U113/><E113/><V79/><F79/><W41/><G41/><T55/><D4/><U77/><E77/><V76/><F76/><W109/><G109/><T35/><D35/><U23/><E26/><V17/><F110/><W104/><G135/><T59/><REACH who="0" step="1"/><D54/><REACH who="0" ten="376,280,202,132" step="2"/><U11/><E11/><V84/><F108/><W105/><G34/><T102/><D102/><U36/><E36/><V38/><F38/><W2/><G101/><T63/><D63/><U96/><E52/><V121/><F121/><W27/><G29/><T100/><D100/><U86/><E96/><V47/><F73/><W57/><G116/><T119/><D119/><U90/><E72/><V97/><F103/><W133/><G133/><T125/><D125/><U70/><E75/><V128/><F62/><W66/><G105/><T93/><D93/><N who="1" m="54487" /><E70/><V69/><F69/><W58/><G104/><T130/><D130/><U71/><E71/><V115/><F128/><W132/><G132/><T13/><D13/><U50/><E50/><N who="2" m="26983" /><F115/><W49/><G49/><T7/><D7/><AGARI ba="1,1" hai="7,8,14,18,23,24,44,46,124,126,127" m="54487" machi="7" ten="30,2000,0" yaku="18,1,52,1" doraHai="9" who="1" fromWho="0" sc="376,-23,280,33,202,0,132,0" /><INIT seed="3,0,0,1,2,103" ten="353,313,202,132" oya="3" hai0="107,54,66,60,98,89,6,38,22,87,80,15,42" hai1="122,17,133,83,78,19,37,23,61,44,111,58,92" hai2="120,97,67,130,128,9,101,91,12,125,5,68,27" hai3="24,40,106,10,108,100,123,18,81,29,41,28,118"/><W52/><G118/><T53/><D38/><U114/><E122/><V82/><F125/><W79/><G123/><T26/><D42/><U104/><E111/><V116/><F116/><W121/><G121/><T13/><D98/><U35/><E133/><V32/><F120/><W34/><G29/><T93/><D107/><U119/><E119/><V43/><F43/><W102/><G108/><T56/><D93/><U96/><E114/><V2/><F12/><N who="0" m="4682" /><D6/><U55/><E35/><V73/><F91/><W132/><G132/><T112/><D112/><U88/><E37/><V4/><F4/><W129/><G129/><T39/><D39/><U48/><E23/><V109/><F109/><W86/><G102/><T131/><D131/><U70/><E70/><V74/><F82/><W45/><G10/><T49/><D49/><U50/><E104/><N who="2" m="63535" /><F128/><W71/><G71/><T51/><D51/><U7/><E7/><V126/><F126/><W72/><G100/><T46/><D46/><U77/><E50/><V117/><F117/><W69/><G69/><T1/><D1/><U16/><E83/><V110/><F110/><W20/><G106/><T90/><D90/><U47/><E47/><V31/><F130/><W99/><G99/><T115/><D115/><U84/><E96/><V105/><F105/><W127/><G127/><T124/><D124/><U59/><E59/><V75/><F75/><W76/><G72/><T113/><D113/><U0/><E0/><V95/><F95/><W62/><G45/><T25/><D25/><U85/><E85/><V3/><F3/><W33/><G86/><RYUUKYOKU ba="0,0" sc="353,10,313,10,202,10,132,-30" hai0="22,26,53,54,56,60,66,80,87,89" hai1="16,17,19,44,48,55,58,61,77,78,84,88,92" hai2="2,5,9,27,31,32,67,68,73,74" /><INIT seed="4,1,0,2,5,3" ten="363,323,212,102" oya="0" hai0="120,51,65,71,100,86,110,37,29,94,79,8,36" hai1="70,28,50,107,105,92,72,1,103,17,41,118,66" hai2="122,47,132,26,102,84,73,76,95,123,119,109,93" hai3="125,38,0,49,111,22,75,44,104,112,59,48,63"/><T129/><D120/><U83/><E118/><V30/><F109/><W74/><G104/><T67/><D110/><U9/><E28/><V115/><F73/><W4/><G111/><T106/><D106/><U85/><E66/><V15/><F115/><W127/><G22/><T133/><D29/><U11/><E70/><V33/><F132/><W81/><G112/><T12/><D133/><U42/><E17/><V68/><F68/><W31/><G31/><T69/><D79/><U45/><E42/><V55/><F119/><W121/><G121/><T126/><D51/><U124/><E124/><V64/><F64/><W14/><G0/><T40/><D40/><U89/><E107/><V96/><F15/><W97/><G38/><T6/><D126/><N who="3" m="48137" /><G97/><N who="0" m="59447" /><D71/><U116/><E116/><V60/><F60/><W77/><G75/><T58/><D69/><U16/><E1/><V35/><F35/><W39/><G39/><T134/><D134/><U25/><E72/><V82/><F55/><N who="3" m="34303" /><G44/><T130/><D37/><U62/><E62/><V53/><F53/><W128/><G128/><N who="0" m="49259" /><D36/><U91/><E105/><V54/><F95/><W2/><G2/><T21/><D21/><N who="1" m="13479" /><E103/><V7/><F123/><W90/><G90/><T24/><D24/><U13/><E13/><V117/><F122/><W135/><G135/><T43/><D43/><U87/><AGARI ba="1,0" hai="9,11,41,45,50,83,85,87,89,91,92" m="13479" machi="87" ten="30,2000,0" yaku="8,1,54,1" doraHai="3" who="1" fromWho="1" sc="363,-11,323,23,212,-6,102,-6" /><INIT seed="5,0,0,4,1,118" ten="352,346,206,96" oya="1" hai0="12,1,59,18,14,79,90,116,122,117,70,36,52" hai1="95,4,130,126,91,51,48,68,50,33,28,102,25" hai2="108,19,5,20,43,96,62,7,110,73,131,10,100" hai3="6,34,82,61,40,46,85,2,111,23,31,99,119"/><U123/><E68/><V86/><F73/><W54/><G119/><T55/><D70/><U64/><E64/><V135/><F135/><W132/><G34/><T98/><D36/><U94/><E126/><V58/><F131/><W81/><G111/><T106/><D1/><U72/><E130/><V3/><F43/><W74/><G99/><T92/><D106/><U75/><E123/><V77/><F7/><W41/><G132/><T120/><D79/><U97/><REACH who="1" step="1"/><E4/><REACH who="1" ten="352,336,206,96" step="2"/><V124/><F124/><W113/><G6/><T35/><D116/><U22/><E22/><V112/><F110/><W21/><G21/><T103/><D117/><U30/><E30/><V71/><F71/><W17/><G31/><T38/><D35/><U45/><E45/><V67/><F108/><W32/><G46/><T87/><D38/><U114/><E114/><V107/><F112/><W66/><G32/><T134/><D134/><U121/><E121/><N who="0" m="46697" /><D59/><U127/><E127/><V63/><F58/><W47/><G47/><T128/><D128/><U26/><E26/><V56/><F56/><W29/><G113/><T76/><D76/><U27/><E27/><V49/><F77/><W53/><G29/><T69/><D69/><U9/><E9/><V44/><F10/><W115/><G115/><T60/><D60/><U129/><E129/><V105/><F63/><W89/><G61/><T42/><D42/><U93/><E93/><V24/><F62/><W13/><G41/><T83/><D14/><U57/><E57/><V0/><F105/><W133/><G40/><T101/><D101/><U78/><E78/><RYUUKYOKU ba="0,1" sc="352,15,336,15,206,-15,96,-15" hai0="12,18,52,55,83,87,90,92,98,103" hai1="25,28,33,48,50,51,72,75,91,94,95,97,102" /><INIT seed="5,1,1,2,2,114" ten="367,351,191,81" oya="1" hai0="89,88,86,96,56,79,124,55,50,51,119,115,69" hai1="5,57,59,130,52,101,120,37,8,10,80,122,53" hai2="26,20,4,58,11,27,109,121,83,33,38,77,95" hai3="54,81,134,102,63,84,17,108,100,3,135,125,92"/><U126/><E101/><V85/><F109/><W31/><G31/><T48/><D69/><U106/><E80/><V49/><F121/><W90/><G3/><T128/><D115/><U71/><E71/><V132/><F132/><N who="3" m="50731" /><G17/><T32/><D32/><U28/><E28/><V62/><F38/><W42/><G42/><T46/><D128/><U16/><E130/><V82/><F33/><W29/><G54/><T129/><D129/><U111/><E111/><V15/><F49/><W73/><G63/><N who="0" m="36255" /><D119/><U98/><E98/><V94/><F82/><W65/><G65/><T36/><D36/><U61/><E37/><V66/><REACH who="2" step="1"/><F27/><REACH who="2" ten="367,351,181,81" step="2"/><W30/><G108/><T97/><D124/><U39/><E126/><V13/><F13/><W87/><G125/><T67/><D51/><U21/><E39/><V110/><F110/><W18/><G73/><T45/><D50/><U43/><E122/><V68/><F68/><W116/><G116/><T75/><D48/><U25/><E120/><V7/><F7/><W23/><G102/><T19/><D75/><U99/><E5/><V133/><F133/><W93/><G100/><T44/><D46/><U22/><E106/><V76/><F76/><N who="3" m="46119" /><G93/><T127/><D79/><U103/><E103/><V118/><F118/><W107/><G107/><T113/><D45/><U105/><E105/><V91/><F91/><W78/><G78/><T70/><D44/><U0/><E0/><V60/><F60/><W6/><G6/><T117/><D70/><U14/><E43/><V24/><F24/><AGARI ba="1,2" hai="18,23,24,29,30,87,90,92" m="46119,50731" machi="24" ten="30,1000,0" yaku="20,1" doraHai="114" who="3" fromWho="2" sc="367,0,351,0,181,-13,81,33" /><INIT seed="6,0,0,5,4,38" ten="367,351,168,114" oya="2" hai0="25,40,125,107,31,66,126,4,65,80,127,98,41" hai1="39,33,86,45,109,20,27,60,106,10,108,11,91" hai2="12,73,42,134,7,95,3,79,117,0,13,43,99" hai3="83,8,9,1,15,5,48,14,52,76,103,28,61"/><V64/><F117/><W37/><G37/><T97/><D4/><U88/><E106/><V120/><F120/><W63/><G28/><T111/><D111/><U69/><E33/><V104/><F104/><W96/><G1/><T128/><D128/><U47/><E109/><V59/><F134/><W46/><G96/><N who="0" m="36971" /><D80/><N who="1" m="49223" /><E108/><V101/><F3/><W132/><G132/><T112/><D112/><U62/><E39/><V116/><F116/><W49/><G103/><T74/><D74/><U113/><E69/><V2/><F2/><W131/><G131/><T133/><D107/><U100/><E100/><V114/><F114/><W51/><G63/><N who="1" m="24106" /><E91/><V57/><F73/><W87/><REACH who="3" step="1"/><G61/><REACH who="3" ten="367,351,168,104" step="2"/><T54/><D133/><U56/><E113/><V124/><F0/><W19/><AGARI ba="0,1" hai="5,8,9,14,15,19,46,48,49,51,52,76,83,87" machi="19" ten="20,12000,2" yaku="1,1,2,1,0,1,7,1,8,1,54,1,53,0" doraHai="38" doraHaiUra="35" who="3" fromWho="3" sc="367,-30,351,-30,168,-60,104,130" /><INIT seed="7,0,0,1,2,66" ten="337,321,108,234" oya="3" hai0="131,108,52,127,60,17,77,71,126,35,109,38,120" hai1="11,57,87,132,116,54,2,100,48,92,124,21,119" hai2="36,88,5,84,95,3,61,8,101,63,90,79,50" hai3="1,89,29,0,129,14,55,37,19,102,12,26,106"/><W117/><G37/><T70/><D35/><U13/><E2/><V135/><F135/><W115/><G106/><T40/><D77/><U44/><E132/><V53/><F36/><W18/><G102/><T32/><D32/><U33/><E33/><V75/><F75/><W45/><G45/><N who="0" m="23703" /><D17/><N who="3" m="6153" /><G55/><T114/><D120/><U93/><E124/><N who="0" m="47657" /><D131/><U58/><E21/><V59/><F79/><W128/><G89/><T62/><D114/><U103/><E58/><V78/><F78/><W122/><G122/><T76/><D76/><U10/><E44/><V23/><F101/><W51/><G51/><T111/><D52/><N who="1" m="31879" /><E11/><V24/><REACH who="2" step="1"/><F90/><REACH who="2" ten="337,321,98,234" step="2"/><W6/><G129/><T74/><D74/><U64/><E54/><V105/><F105/><W42/><G128/><T41/><D41/><U130/><E130/><V9/><F9/><W85/><G42/><T68/><AGARI ba="0,1" hai="60,62,68,70,71,108,109,111" m="47657,23703" machi="68" ten="50,12000,2" yaku="18,1,34,2,52,3" doraHai="66" who="0" fromWho="0" sc="337,130,321,-30,98,-30,234,-60" owari="467,57.0,291,9.0,68,-43.0,174,-23.0" /></mjloggm>