<mjloggm ver="2.3"><GO type="41" lobby="0"/><UN n0="%E3%83%A2%E3%82%A4%E3%83%92%E3%83%A3%E3%83%B3" n1="%E8%99%9A%E5%BF%83%E5%9D%A6%E6%87%90" n2="%74%68%68%74%68%68%6A%70" n3="%E2%93%9D%53%75%70%68%78" dan="15,14,13,18" rate="1986.40,1910.11,1876.34,2138.43" sx="M,M,F,M"/><TAIKYOKU oya="0"/><INIT seed="0,0,0,2,0,115" ten="250,250,250,250" oya="0" hai0="119,70,103,102,41,42,111,6,17,43,46,4,116" hai1="61,90,88,1,33,97,123,19,127,9,37,44,30" hai2="31,55,2,106,73,120,80,29,96,23,25,24,86" hai3="110,38,66,7,50,114,133,109,112,84,58,57,59"/><T45/><D17/><U78/><E123/><V64/><F2/><W108/><G7/><N who="0" m="2603" /><D70/><U11/><E1/><V18/><F120/><W92/><G84/><T49/><D49/><U126/><E78/><V87/><F73/><W129/><G92/><T3/><D3/><U35/><E61/><V122/><F122/><W0/><G0/><T132/><D132/><U89/><E97/><V131/><F131/><W12/><G12/><T100/><D111/><U60/><E60/><V94/><F106/><W104/><G104/><T56/><D56/><N who="3" m="21609" /><G129/><T76/><D76/><U5/><E5/><V63/><F55/><N who="3" m="32247" /><G66/><T95/><D95/><U53/><E37/><V130/><F130/><W8/><G8/><T13/><D13/><N who="1" m="7599" /><E11/><V67/><F63/><W22/><G38/><T27/><D27/><N who="1" m="18655" /><E35/><V99/><F94/><W124/><G133/><T16/><D16/><U14/><E14/><V125/><F18/><W48/><G114/><T21/><D21/><U93/><E93/><V98/><F23/><W47/><G22/><T81/><D81/><U79/><E79/><V75/><F75/><W74/><G112/><T40/><N who="0" m="10240" /><DORA hai="62" /><T32/><D32/><U135/><E135/><V82/><F99/><W34/><G34/><T54/><D54/><U51/><E53/><V121/><F121/><W10/><G10/><T39/><D39/><U118/><E51/><V105/><F105/><W36/><G36/><T15/><D15/><U65/><E44/><AGARI ba="0,0" hai="44,45,46,100,102,103,116,119" m="10240,2603" machi="44" ten="50,12000,1" yaku="28,2,52,2" doraHai="115,62" who="0" fromWho="1" sc="250,120,250,-120,250,0,250,0" /><INIT seed="0,1,0,4,5,28" ten="370,130,250,250" oya="0" hai0="30,87,26,44,108,59,133,125,10,67,19,95,105" hai1="110,122,56,124,45,17,64,31,106,126,118,88,36" hai2="74,120,33,65,58,72,25,96,90,131,79,41,39" hai3="12,91,60,112,51,70,107,101,82,47,6,135,83"/><T8/><D105/><U68/><E106/><V119/><F120/><W63/><G112/><T102/><D133/><U84/><E122/><V52/><F65/><W37/><G37/><T4/><D125/><N who="1" m="48235" /><E118/><V89/><F79/><W73/><G70/><T5/><D44/><U16/><E31/><V50/><F89/><W134/><G73/><T0/><D19/><U103/><E103/><V23/><F119/><W27/><G27/><T38/><D38/><U43/><E68/><V15/><F41/><W127/><G101/><T100/><D108/><U35/><E35/><V42/><F42/><W97/><G107/><T66/><D87/><U78/><E78/><V2/><F2/><W34/><G34/><T24/><D59/><U57/><E110/><V81/><F39/><W49/><G127/><T11/><D95/><N who="1" m="54663" /><E64/><N who="0" m="24617" /><D0/><U93/><E93/><V121/><F121/><W9/><G135/><T7/><D30/><U109/><E109/><V1/><F1/><W94/><G134/><T98/><D98/><U111/><E111/><V69/><F69/><W62/><REACH who="3" step="1"/><G47/><REACH who="3" ten="370,130,250,240" step="2"/><T22/><D26/><U80/><E57/><V40/><F74/><W54/><G54/><T117/><D117/><U130/><E56/><V114/><F72/><W104/><G104/><T32/><D32/><U116/><E116/><V14/><F33/><W55/><G55/><T128/><D102/><U53/><E53/><V132/><F114/><W123/><G123/><T113/><D113/><U46/><E46/><V18/><F132/><W20/><G20/><T13/><D100/><U61/><E45/><V21/><F21/><RYUUKYOKU ba="1,1" sc="370,-10,130,-10,250,-10,240,30" hai3="6,9,12,49,51,60,62,63,82,83,91,94,97" /><INIT seed="1,2,1,2,4,85" ten="360,120,240,270" oya="1" hai0="30,43,16,36,11,66,132,71,117,127,7,29,79" hai1="3,90,115,118,131,53,42,134,56,95,116,33,25" hai2="48,112,54,20,129,102,120,39,37,21,107,110,122" hai3="77,98,76,46,83,45,88,86,119,12,126,40,59"/><U23/><E115/><V26/><F112/><W8/><G126/><T41/><D117/><U96/><E3/><V5/><F110/><W24/><G119/><T4/><D127/><U74/><E74/><V58/><F5/><W60/><G24/><T22/><D79/><U109/><E109/><V93/><F107/><W57/><G57/><T121/><D132/><U87/><E134/><V70/><F70/><W99/><G77/><T15/><D121/><U34/><E42/><V75/><F75/><W0/><G0/><T81/><D7/><U108/><E108/><V125/><F125/><W91/><G99/><T72/><D72/><U130/><E116/><V124/><F129/><N who="1" m="49161" /><E118/><V17/><F124/><W104/><G104/><T35/><D81/><U133/><E133/><V78/><F78/><W6/><G98/><T27/><D36/><U38/><E38/><V14/><F39/><W89/><REACH who="3" step="1"/><G40/><REACH who="3" ten="360,120,240,260" step="2"/><T135/><D135/><U82/><E56/><V128/><F120/><W63/><G63/><N who="0" m="40415" /><D30/><N who="1" m="17727" /><E53/><AGARI ba="2,2" hai="6,8,12,45,46,53,59,60,76,83,86,88,89,91" machi="53" ten="40,12000,2" yaku="1,1,8,1,52,3,54,1,53,0" doraHai="85" doraHaiUra="94" who="3" fromWho="1" sc="360,0,120,-126,240,0,260,146" owari="360,16.0,-6,-51.0,240,-16.0,406,51.0" /></mjloggm>