<mjloggm ver="2.3"><GO type="41" lobby="0"/><UN n0="%E5%90%B9%E7%9F%B3%E7%90%B4%E7%BE%8E" n1="%E9%BA%BB%E9%9B%80%E5%9C%B0%E8%94%B5" n2="%E3%81%9F%E3%81%9F%E3%81%8B%E3%81%86%E4%B8%AD%E5%8D%92" n3="%E2%93%9D%53%75%70%68%78" dan="15,14,15,18" rate="2052.68,1903.22,2002.99,2102.46" sx="F,M,M,M"/><TAIKYOKU oya="0"/><INIT seed="0,0,0,2,5,48" ten="250,250,250,250" oya="0" hai0="78,20,59,68,46,56,53,47,127,108,116,66,43" hai1="75,0,99,40,79,33,9,118,34,22,102,71,27" hai2="6,11,74,61,107,17,89,98,23,41,45,90,65" hai3="109,8,49,135,96,70,13,69,15,84,16,12,72"/><T29/><D116/><U37/><E71/><V60/><F60/><W83/><G72/><T25/><D127/><U55/><E118/><V93/><F107/><W92/><G109/><T111/><D68/><U32/><E79/><V38/><F74/><W64/><G135/><T44/><D78/><U91/><E75/><V117/><F117/><W115/><G115/><T112/><D112/><U113/><E91/><V122/><F90/><W18/><G64/><T26/><D66/><U104/><E113/><V80/><F80/><W105/><G105/><T120/><D120/><U58/><E0/><V114/><F114/><W14/><G70/><T101/><D43/><U123/><E9/><V67/><F61/><W1/><G1/><T128/><D128/><U86/><E86/><V4/><F4/><W130/><G130/><T63/><D56/><U77/><E77/><V124/><F124/><W3/><G3/><T85/><D85/><U81/><E81/><V28/><F28/><W7/><G49/><T103/><REACH who="0" step="1"/><D25/><REACH who="0" ten="240,250,250,250" step="2"/><U131/><E123/><V110/><F122/><W133/><G69/><T95/><D95/><U82/><E131/><V97/><F67/><W30/><G133/><T35/><D35/><U21/><E27/><V5/><F65/><W24/><G84/><T106/><D106/><U52/><E58/><V10/><F41/><W129/><G129/><T125/><D125/><U50/><E82/><V119/><F119/><W36/><G83/><T100/><AGARI ba="0,1" hai="20,26,29,44,46,47,53,59,63,100,101,103,108,111" machi="100" ten="40,7800,0" yaku="1,1,0,1,52,1,53,0" doraHai="48" doraHaiUra="87" who="0" fromWho="0" sc="240,88,250,-26,250,-26,250,-26" /><INIT seed="0,1,0,1,1,119" ten="328,224,224,224" oya="0" hai0="106,92,121,126,85,40,130,117,55,135,124,115,82" hai1="44,8,60,102,31,11,58,49,89,100,32,125,88" hai2="83,43,52,3,20,16,109,30,67,50,27,64,65" hai3="53,26,112,70,131,6,25,91,12,54,75,48,34"/><T35/><D117/><U13/><E125/><V101/><F3/><W134/><G112/><T7/><D115/><U79/><E79/><V14/><F109/><W90/><G75/><T42/><D106/><U1/><E1/><V22/><F101/><N who="1" m="39017" /><E31/><V84/><F43/><W10/><G131/><T107/><D130/><U68/><E68/><V61/><F61/><W5/><G134/><T77/><D135/><U39/><E32/><V94/><F94/><W59/><G70/><T118/><D118/><U69/><E39/><V28/><F28/><W133/><G133/><T29/><D107/><U95/><E69/><V51/><REACH who="2" step="1"/><F52/><REACH who="2" ten="328,224,214,224" step="2"/><W111/><G54/><T9/><D92/><U57/><E60/><V103/><F103/><W66/><G111/><T45/><D40/><U96/><E89/><AGARI ba="1,1" hai="14,16,20,22,27,30,50,51,64,65,67,83,84,89" machi="89" ten="40,5200,0" yaku="1,1,8,1,54,1,53,0" doraHai="119" doraHaiUra="38" who="2" fromWho="1" sc="328,0,224,-55,214,65,224,0" /><INIT seed="1,0,0,5,5,116" ten="328,169,279,224" oya="1" hai0="92,95,108,13,66,132,97,114,84,81,24,33,61" hai1="49,99,11,117,15,6,83,21,14,121,113,41,135" hai2="55,78,134,12,129,10,106,59,91,20,75,54,103" hai3="4,60,9,71,119,87,37,16,102,28,39,107,89"/><U80/><E113/><V98/><F134/><W85/><G28/><T30/><D114/><U27/><E117/><V93/><F129/><W32/><G32/><T2/><D132/><U56/><E135/><V120/><F120/><W62/><G119/><T64/><D2/><U74/><E121/><V46/><F46/><W115/><G115/><T90/><D108/><U58/><E14/><V69/><F69/><W128/><G102/><T109/><D109/><U122/><E99/><V65/><F65/><W68/><G4/><T29/><D29/><U3/><E3/><V100/><F100/><W94/><G107/><T1/><D1/><U31/><E74/><V86/><F59/><W130/><G9/><T72/><D13/><U112/><E122/><V105/><F20/><W110/><G110/><T124/><D124/><U38/><E38/><V125/><F125/><W79/><G79/><T17/><D17/><U118/><E118/><V44/><F44/><W52/><G16/><T67/><D72/><U26/><E26/><V104/><F104/><W36/><G87/><T131/><D131/><N who="3" m="50217" /><G62/><T77/><REACH who="0" step="1"/><D92/><REACH who="0" ten="318,169,279,224" step="2"/><U43/><E112/><V5/><F106/><W50/><G60/><AGARI ba="0,1" hai="24,30,33,60,61,64,66,67,77,81,84,90,95,97" machi="60" ten="40,2600,0" yaku="1,1,2,1,53,0" doraHai="116" doraHaiUra="34" who="0" fromWho="3" sc="318,36,169,0,279,0,224,-26" /><INIT seed="2,0,0,2,3,4" ten="354,169,279,198" oya="2" hai0="124,71,81,18,29,46,94,37,25,3,48,108,43" hai1="83,109,39,131,106,16,23,120,67,119,93,14,64" hai2="66,104,115,102,73,21,61,117,113,127,63,134,75" hai3="77,17,125,84,58,135,28,41,132,34,32,87,98"/><V20/><F104/><W42/><G28/><T116/><D3/><U54/><E106/><V8/><F102/><W79/><G58/><T103/><D71/><U12/><E39/><V101/><F101/><W55/><G17/><T107/><D108/><U24/><E119/><V129/><F66/><W59/><G59/><T56/><D116/><U112/><E131/><V90/><F129/><W78/><G55/><T69/><D69/><U121/><E112/><V105/><F105/><W130/><G130/><T128/><D128/><U49/><E109/><V118/><F90/><W114/><G98/><T70/><D107/><U9/><E93/><V44/><F44/><W33/><G125/><T40/><D70/><U6/><E121/><V95/><F95/><W50/><G50/><T53/><D40/><N who="3" m="15465" /><G114/><T91/><D124/><U11/><E83/><V5/><F5/><W96/><G96/><T74/><D103/><U47/><E120/><V123/><F123/><W2/><G2/><T110/><D94/><U68/><E68/><V13/><F13/><W36/><G36/><T45/><D45/><U31/><AGARI ba="0,0" hai="6,9,11,12,14,16,23,24,31,47,49,54,64,67" machi="31" ten="20,12000,2" yaku="0,1,7,1,8,1,52,2,54,1" doraHai="4" who="1" fromWho="1" sc="354,-30,169,120,279,-60,198,-30" /><INIT seed="3,0,0,0,3,2" ten="324,289,219,168" oya="3" hai0="35,120,98,27,59,41,132,129,62,10,117,110,107" hai1="44,128,91,80,71,28,97,15,56,12,72,5,46" hai2="7,63,31,60,73,61,87,6,9,47,125,34,111" hai3="24,4,16,48,116,95,123,37,113,83,81,1,69"/><W45/><G113/><T29/><D117/><U99/><E71/><V108/><F73/><W115/><G115/><T93/><D120/><U131/><E28/><V135/><F135/><W126/><G123/><T74/><D132/><U18/><E56/><V21/><F34/><W96/><G37/><T3/><D74/><U130/><E72/><V68/><F125/><W77/><G69/><T54/><D110/><N who="2" m="42026" /><F9/><W33/><G116/><T92/><D41/><U133/><E133/><V50/><F87/><W121/><G126/><T51/><D129/><U106/><E106/><V90/><F90/><W0/><G121/><T94/><D107/><U114/><E80/><V134/><F134/><W40/><G33/><T20/><D35/><U112/><E91/><V75/><F75/><W89/><G4/><N who="2" m="1577" /><F21/><W82/><REACH who="3" step="1"/><G77/><REACH who="3" ten="324,289,219,158" step="2"/><T118/><D118/><U25/><E5/><V86/><F68/><W42/><G42/><T49/><D3/><U32/><E32/><V109/><F109/><W124/><G124/><T100/><D10/><U13/><E112/><V78/><F78/><W8/><G8/><T79/><D79/><U52/><E114/><V57/><F31/><W11/><G11/><T102/><D98/><U23/><E99/><V39/><F39/><W22/><AGARI ba="0,1" hai="0,1,16,22,24,40,45,48,81,82,83,89,95,96" machi="22" ten="30,6000,0" yaku="1,1,0,1,54,1,53,0" doraHai="2" doraHaiUra="53" who="3" fromWho="3" sc="324,-20,289,-20,219,-20,158,70" /><INIT seed="3,1,0,3,4,112" ten="304,269,199,228" oya="3" hai0="127,59,115,10,91,125,34,67,106,6,75,29,108" hai1="21,124,4,82,47,111,55,104,60,25,94,46,102" hai2="131,98,58,38,88,36,16,12,14,43,11,89,87" hai3="74,119,72,8,120,54,51,48,126,71,83,26,52"/><W18/><G120/><T73/><D115/><U1/><E104/><V49/><F131/><W20/><G71/><T105/><D91/><U93/><E124/><N who="0" m="47689" /><D108/><U110/><E82/><V66/><F14/><W64/><G126/><T134/><D134/><U77/><E77/><V28/><F28/><W86/><G64/><T35/><D67/><U81/><E81/><V99/><F38/><W40/><G40/><T109/><D109/><U63/><E4/><V95/><F36/><W57/><G119/><T113/><D113/><U5/><E5/><V68/><F68/><W69/><G69/><T84/><D84/><U19/><E1/><V107/><F107/><N who="0" m="40970" /><D59/><U80/><E80/><V23/><F98/><W42/><G42/><T2/><D29/><U130/><E110/><V128/><F128/><W85/><G85/><T135/><D135/><U103/><E130/><V62/><F99/><W39/><G39/><T33/><AGARI ba="1,0" hai="2,6,10,33,34,35,73,75" m="40970,47689" machi="33" ten="40,2700,0" yaku="18,1,23,1" doraHai="112" who="0" fromWho="0" sc="304,30,269,-8,199,-8,228,-14" /><INIT seed="4,0,0,4,0,124" ten="334,261,191,214" oya="0" hai0="101,34,73,30,9,116,64,37,11,45,79,110,55" hai1="106,112,53,87,2,105,113,104,126,35,114,132,15" hai2="65,115,127,93,89,68,125,43,0,63,22,100,51" hai3="5,49,4,17,133,91,86,72,48,58,82,39,83"/><T3/><D116/><U1/><E126/><N who="2" m="48139" /><F0/><W50/><G39/><T78/><D110/><U69/><E35/><V94/><F22/><W47/><G133/><T31/><D64/><U24/><E132/><V77/><F77/><W102/><G102/><T71/><D101/><U85/><E24/><V103/><F115/><W97/><G97/><T19/><D71/><U13/><E69/><V21/><F93/><W118/><G118/><T123/><D123/><U95/><E53/><V28/><F51/><W128/><G72/><T18/><D34/><U57/><E57/><V36/><F36/><W33/><G58/><T38/><D3/><N who="1" m="1035" /><E95/><V10/><F10/><W120/><G33/><T119/><D9/><U88/><E88/><V130/><F43/><W6/><G91/><T29/><D119/><U96/><E96/><N who="2" m="57423" /><F100/><W80/><G120/><T135/><D135/><U52/><E52/><V60/><F60/><W41/><G41/><T23/><D78/><U7/><E7/><V44/><F44/><W8/><G47/><T12/><D45/><U134/><E134/><V131/><F103/><W76/><G76/><T59/><D79/><U84/><AGARI ba="0,0" hai="13,15,84,85,87,104,105,106,112,113,114" m="1035" machi="84" ten="50,12000,2" yaku="29,2,28,2,15,1,11,1" doraHai="124" who="1" fromWho="1" sc="334,-60,261,120,191,-30,214,-30" /><INIT seed="5,0,0,5,1,108" ten="274,381,161,184" oya="1" hai0="74,44,51,58,99,126,18,130,90,38,26,102,127" hai1="124,121,104,3,85,56,111,52,17,33,116,21,46" hai2="112,16,24,0,66,115,23,61,13,81,32,49,35" hai3="27,14,45,34,97,41,92,48,29,63,129,95,88"/><U118/><E104/><V39/><F39/><W11/><G129/><T22/><D130/><U5/><E111/><V77/><F0/><W79/><G79/><T75/><D38/><U73/><E73/><V134/><F134/><W71/><G71/><T133/><D133/><U10/><E121/><V30/><F49/><W128/><G128/><T93/><D58/><U113/><E124/><N who="0" m="47657" /><D90/><U86/><E33/><V110/><F110/><W62/><REACH who="3" step="1"/><G95/><REACH who="3" ten="274,381,161,174" step="2"/><T67/><D67/><U84/><E118/><V8/><F77/><W78/><G78/><T80/><D80/><U53/><E116/><V55/><F81/><W36/><G36/><T9/><D9/><U120/><E10/><V101/><F101/><W43/><G43/><AGARI ba="0,1" hai="18,22,26,43,44,51,74,75,93,99,102" m="47657" machi="43" ten="30,1000,0" yaku="18,1" doraHai="108" who="0" fromWho="3" sc="274,20,381,0,161,0,174,-10" /><INIT seed="6,0,0,0,4,55" ten="294,381,161,164" oya="2" hai0="57,60,21,1,100,49,88,56,13,9,4,130,43" hai1="59,32,94,16,80,62,41,29,82,134,129,44,78" hai2="105,117,5,133,6,87,118,24,33,98,52,22,65" hai3="77,115,85,76,20,19,86,23,122,58,102,64,125"/><V135/><F65/><W127/><G102/><T61/><D130/><U110/><E110/><V95/><F33/><W11/><G11/><T34/><D34/><U111/><E111/><V10/><F105/><W2/><G2/><T89/><D100/><U113/><E134/><N who="2" m="51211" /><F87/><N who="3" m="33291" /><G122/><T101/><D1/><U107/><E107/><V99/><F99/><W15/><G115/><T17/><D101/><U103/><E113/><V91/><F10/><W7/><G7/><N who="2" m="2569" /><F52/><W112/><G112/><T25/><D60/><U12/><E129/><V114/><F114/><W36/><G64/><T79/><D61/><U70/><E70/><V126/><F126/><N who="3" m="48139" /><G23/><T51/><D79/><N who="3" m="30281" /><G36/><T28/><D4/><U0/><E0/><V67/><F67/><W31/><G31/><AGARI ba="0,0" hai="22,24,31,91,95,98,117,118" m="2569,51211" machi="31" ten="30,1500,0" yaku="20,1" doraHai="55" who="2" fromWho="3" sc="294,0,381,0,161,15,164,-15" /><INIT seed="6,1,0,1,1,18" ten="294,381,176,149" oya="2" hai0="41,60,47,113,43,102,95,46,104,92,17,29,22" hai1="12,11,101,123,14,42,28,23,70,83,57,81,62" hai2="67,79,73,93,128,15,108,32,90,35,85,105,39" hai3="45,31,25,72,97,6,10,130,127,52,114,100,2"/><V99/><F39/><W48/><G130/><T55/><D113/><U61/><E123/><V65/><F128/><W21/><G114/><T106/><D29/><U89/><E101/><V88/><F108/><W78/><G127/><T27/><D104/><U121/><E42/><N who="0" m="15881" /><D106/><U74/><E70/><V19/><F35/><W103/><REACH who="3" step="1"/><G97/><REACH who="3" ten="294,381,176,139" step="2"/><N who="0" m="59687" /><D95/><U20/><E121/><V3/><F105/><W49/><G49/><T135/><D135/><U86/><E62/><V129/><F129/><W37/><G37/><T68/><D68/><U54/><E28/><V126/><F126/><W59/><G59/><AGARI ba="1,1" hai="17,22,27,46,47,55,59,60" m="59687,15881" machi="59" ten="30,2000,0" yaku="8,1,52,1" doraHai="18" who="0" fromWho="3" sc="294,33,381,0,176,0,139,-23" /><INIT seed="7,0,0,3,5,123" ten="327,381,176,116" oya="3" hai0="48,52,88,4,76,85,11,3,42,89,61,16,126" hai1="133,10,8,115,5,55,60,25,77,50,86,110,45" hai2="124,24,99,23,94,7,57,49,82,15,116,101,121" hai3="44,22,93,97,13,119,33,18,134,70,105,65,117"/><W35/><G105/><T114/><D126/><U38/><E38/><V43/><F124/><W17/><G134/><T71/><D114/><U1/><E115/><V108/><F116/><W2/><G2/><T54/><D42/><U103/><E133/><V84/><F121/><W59/><G70/><T29/><D29/><U62/><E110/><V80/><F108/><W20/><G44/><T106/><D106/><U75/><E75/><V64/><F84/><W47/><G47/><T118/><D118/><U37/><E37/><V14/><F49/><W67/><G59/><N who="0" m="35063" /><D4/><U58/><E103/><V109/><F109/><W95/><REACH who="3" step="1"/><G13/><REACH who="3" ten="327,381,176,106" step="2"/><N who="2" m="4617" /><F43/><W132/><G132/><T131/><D3/><U40/><E45/><V36/><F36/><W12/><G12/><N who="0" m="7199" /><D71/><U32/><E1/><V27/><F7/><W53/><G53/><T125/><D125/><U129/><E55/><V111/><F111/><W9/><G9/><T30/><D131/><U41/><E10/><V130/><F130/><W69/><G69/><T83/><D30/><U87/><E129/><V28/><F27/><W135/><G135/><T66/><D66/><U104/><E104/><V34/><F34/><W113/><G113/><T26/><D26/><U68/><E68/><V98/><F64/><W128/><G128/><T72/><D72/><U92/><E25/><V74/><F74/><W127/><G127/><T102/><D102/><U63/><E32/><V90/><F57/><AGARI ba="0,1" hai="48,52,57,76,83,85,88,89" m="7199,35063" machi="57" ten="30,7700,0" yaku="8,1,54,3" doraHai="123" who="0" fromWho="2" sc="327,87,381,0,176,-77,106,0" owari="414,51.0,381,18.0,99,-40.0,106,-29.0" /></mjloggm>