<mjloggm ver="2.3"><GO type="41" lobby="0"/><UN n0="%E9%89%84%E4%B8%B8" n1="%73%77%61%6E%62%6F%61%74" n2="%6B%61%62%6E" n3="%E2%93%9D%53%75%70%68%78" dan="15,14,14,18" rate="2031.12,1939.53,1937.53,2036.91" sx="M,M,M,M"/><TAIKYOKU oya="0"/><INIT seed="0,0,0,3,2,4" ten="250,250,250,250" oya="0" hai0="50,53,31,38,18,57,118,27,34,46,61,21,49" hai1="133,134,127,87,64,100,9,105,123,19,104,82,65" hai2="93,119,10,32,106,103,7,107,91,6,54,52,58" hai3="89,11,126,121,23,99,116,117,71,41,62,66,35"/><T81/><D118/><U72/><E72/><V85/><F32/><W92/><G126/><T98/><D38/><U42/><E123/><V55/><F119/><W83/><G35/><T47/><D81/><U128/><E127/><V60/><F6/><W86/><G121/><T95/><D47/><U108/><E42/><V90/><F90/><W124/><G124/><T28/><D34/><U122/><E122/><V39/><F39/><W129/><G129/><T111/><D111/><U20/><E128/><V25/><F25/><W26/><G41/><T1/><D1/><U97/><E105/><V40/><F40/><W16/><REACH who="3" step="1"/><G11/><REACH who="3" ten="250,250,250,240" step="2"/><T77/><D77/><AGARI ba="0,1" hai="16,23,26,62,66,71,77,83,86,89,92,99,116,117" machi="77" ten="30,7700,0" yaku="1,1,2,1,7,1,54,1,53,0" doraHai="4" doraHaiUra="8" who="3" fromWho="0" sc="250,-77,250,0,250,0,240,87" /><INIT seed="1,0,0,2,4,84" ten="173,250,250,327" oya="1" hai0="23,49,111,118,87,128,123,27,26,29,99,4,130" hai1="93,16,59,94,91,124,33,129,106,89,2,34,0" hai2="36,100,77,115,1,52,116,56,112,19,134,97,71" hai3="96,75,122,79,8,64,14,95,30,65,44,113,131"/><U13/><E106/><V15/><F71/><W69/><G122/><T57/><D118/><U3/><E124/><V10/><F116/><W90/><G113/><T21/><D111/><U51/><E129/><V81/><F36/><W121/><G121/><T20/><D123/><U12/><E51/><V98/><F1/><W42/><G69/><T18/><D4/><U47/><E47/><V107/><F97/><W80/><G30/><T55/><D23/><U9/><E59/><V135/><F81/><W103/><G103/><T46/><D99/><U31/><E31/><V61/><REACH who="2" step="1"/><F77/><REACH who="2" ten="173,250,240,327" step="2"/><W88/><G131/><T66/><D130/><U62/><E62/><V70/><F70/><W72/><G72/><T92/><D128/><U108/><E108/><V48/><F48/><W39/><REACH who="3" step="1"/><G90/><REACH who="3" ten="173,250,240,317" step="2"/><N who="0" m="53343" /><D66/><U67/><E67/><V127/><F127/><W50/><G50/><T28/><D28/><U41/><E41/><V54/><F54/><W60/><G60/><T25/><D46/><U110/><E110/><V114/><AGARI ba="0,2" hai="10,15,19,52,56,61,98,100,107,112,114,115,134,135" machi="114" ten="40,8000,1" yaku="1,1,0,1,11,1,54,1,53,1" doraHai="84" doraHaiUra="53" who="2" fromWho="2" sc="173,-20,250,-40,240,100,317,-20" /><INIT seed="2,0,0,3,5,22" ten="153,210,340,297" oya="2" hai0="57,119,10,69,14,44,26,133,81,131,124,93,12" hai1="66,13,111,117,3,107,130,132,50,110,34,17,18" hai2="95,120,20,4,71,127,90,135,48,0,60,5,108" hai3="15,62,1,134,73,32,122,75,96,97,94,7,49"/><V29/><F120/><W109/><G1/><T36/><D69/><U11/><E107/><V64/><F135/><W85/><G32/><T102/><D133/><U113/><E132/><V116/><F116/><W41/><G109/><N who="1" m="41482" /><E113/><V118/><F0/><W23/><G62/><T21/><D119/><U87/><E117/><V46/><F127/><W129/><G129/><T2/><D124/><U9/><E66/><V114/><F114/><W28/><G75/><T101/><D131/><U59/><E130/><V86/><F108/><W76/><G73/><T37/><D2/><U65/><E34/><V58/><F71/><W125/><G122/><T33/><D33/><U31/><E31/><V25/><F118/><W83/><G94/><T42/><D81/><U67/><E87/><V40/><AGARI ba="0,0" hai="4,5,20,25,29,40,46,48,58,60,64,86,90,95" machi="40" ten="20,7800,0" yaku="0,1,7,1,8,1,52,1" doraHai="22" who="2" fromWho="2" sc="153,-26,210,-26,340,78,297,-26" /><INIT seed="2,1,0,2,5,85" ten="127,184,418,271" oya="2" hai0="5,118,132,17,115,104,72,29,130,63,9,105,98" hai1="34,127,61,18,131,93,122,44,40,128,2,79,75" hai2="22,32,129,14,101,87,62,125,113,124,114,100,71" hai3="80,45,27,11,111,102,21,57,116,42,16,109,35"/><V95/><F32/><W23/><G116/><T8/><D115/><U58/><E2/><V96/><F71/><W59/><G35/><T106/><D132/><U41/><E34/><V110/><F62/><W107/><G11/><T49/><D130/><N who="1" m="49707" /><E122/><V88/><F129/><W31/><G80/><T15/><D72/><U77/><E127/><N who="2" m="48715" /><F110/><N who="3" m="41995" /><G102/><N who="2" m="39529" /><F22/><W92/><G92/><T76/><D76/><N who="1" m="29259" /><E75/><V6/><F96/><W94/><G107/><T68/><D98/><U67/><E18/><V28/><F28/><W133/><G133/><T86/><D29/><U3/><E3/><V19/><F19/><W112/><G112/><T120/><D106/><U83/><E44/><V97/><F97/><W123/><G123/><T38/><D120/><U51/><E51/><V69/><F69/><W54/><G31/><T13/><D49/><U56/><E56/><V82/><F95/><W81/><G94/><T91/><D38/><U65/><E65/><V33/><F33/><W103/><G59/><T12/><D118/><U37/><E37/><V108/><F108/><W84/><G57/><T1/><D1/><U89/><E93/><V64/><F64/><W24/><G103/><T43/><D105/><U126/><E126/><V4/><F4/><W53/><G23/><T20/><D104/><U134/><E134/><V99/><F99/><W78/><G27/><N who="0" m="14735" /><D68/><U117/><E117/><V66/><F66/><W135/><G135/><T48/><D63/><U52/><E67/><V47/><F47/><W25/><G25/><T55/><D5/><U39/><E39/><AGARI ba="1,0" hai="16,21,24,39,42,45,53,54,78,81,84" m="41995" machi="39" ten="30,2000,0" yaku="14,1,54,1" doraHai="85" who="3" fromWho="1" sc="127,0,184,-23,418,0,271,23" /><INIT seed="3,0,0,2,4,67" ten="127,161,418,294" oya="3" hai0="55,0,107,9,98,120,20,123,19,68,57,34,2" hai1="27,18,30,117,6,135,99,48,3,69,127,103,93" hai2="16,71,39,134,24,90,11,53,109,116,32,56,15" hai3="91,21,54,61,36,41,97,51,113,4,43,94,96"/><W42/><G113/><T114/><D114/><U100/><E127/><V35/><F116/><W122/><G122/><T105/><D34/><U126/><E126/><V45/><F109/><W62/><G36/><T84/><D123/><U110/><E110/><V128/><F134/><W31/><G4/><T79/><D120/><U8/><E135/><V121/><F128/><W77/><G77/><T118/><D118/><U58/><E117/><V119/><F71/><W129/><G129/><T13/><D68/><U66/><E18/><V7/><F119/><W47/><REACH who="3" step="1"/><G97/><REACH who="3" ten="127,161,418,284" step="2"/><T108/><D98/><U38/><E38/><V83/><F121/><W73/><G73/><T80/><D108/><U46/><E100/><V33/><F39/><W86/><G86/><T89/><D79/><U74/><E74/><V49/><F7/><W75/><G75/><T125/><D125/><U59/><E46/><V64/><F56/><W29/><G29/><T92/><D57/><U14/><E3/><V133/><F133/><W82/><G82/><T111/><D0/><U63/><REACH who="1" step="1"/><E48/><REACH who="1" ten="127,151,418,284" step="2"/><V76/><F45/><W124/><G124/><T12/><D2/><U44/><E44/><V37/><F49/><W132/><G132/><T81/><D111/><U95/><E95/><V60/><F37/><W85/><G85/><T104/><D92/><U1/><E1/><V50/><F50/><W26/><AGARI ba="0,2" hai="21,26,31,41,42,43,47,51,54,61,62,91,94,96" machi="26" ten="30,11700,0" yaku="1,1,0,1,8,1,53,1" doraHai="67" doraHaiUra="23" who="3" fromWho="3" sc="127,-39,151,-39,418,-39,284,137" /><INIT seed="3,1,0,5,1,117" ten="88,112,379,421" oya="3" hai0="28,6,14,88,0,29,132,48,113,123,22,68,77" hai1="46,122,135,27,106,41,13,125,59,86,53,108,121" hai2="85,39,51,133,45,126,15,18,9,23,30,101,60" hai3="98,55,94,57,58,110,50,70,54,95,66,37,42"/><W118/><G95/><T105/><D68/><U36/><E106/><V4/><F39/><W20/><G118/><T75/><D105/><U12/><E125/><V11/><F126/><W131/><G131/><T129/><D129/><U65/><E135/><V19/><F133/><W71/><G20/><T80/><D132/><U26/><E108/><V120/><F101/><W21/><G21/><T109/><D109/><U90/><E65/><V25/><F60/><N who="3" m="38159" /><G94/><T35/><D113/><U83/><E26/><V24/><F85/><W84/><G98/><T56/><D35/><U107/><E107/><V2/><F120/><W102/><G84/><T73/><D73/><U114/><E27/><V97/><F97/><W127/><G102/><T31/><D0/><U8/><E114/><V61/><F61/><N who="3" m="36055" /><G110/><T96/><D22/><U38/><E13/><V81/><F81/><W111/><G127/><T119/><D119/><U3/><E3/><V124/><F124/><W10/><G10/><T47/><D14/><U1/><E1/><V17/><F24/><W89/><G89/><T92/><D6/><U69/><E69/><V78/><F78/><W104/><G104/><T44/><D31/><U79/><E90/><V43/><AGARI ba="1,0" hai="2,4,9,11,15,17,18,19,23,25,30,43,45,51" machi="43" ten="20,1500,0" yaku="0,1,7,1" doraHai="117" who="2" fromWho="2" sc="88,-5,112,-5,379,18,421,-8" /><INIT seed="4,0,0,2,1,118" ten="83,107,397,413" oya="0" hai0="0,77,70,105,13,103,55,53,65,46,68,52,123" hai1="96,41,129,92,39,124,113,2,119,28,7,62,23" hai2="32,100,16,45,12,116,114,50,31,106,14,131,87" hai3="38,49,5,125,74,26,64,66,78,18,15,95,127"/><T83/><D0/><U133/><E119/><V128/><F116/><W22/><G38/><T75/><D123/><U37/><E124/><N who="3" m="47690" /><G95/><T33/><D33/><U30/><E129/><V99/><F87/><W17/><G5/><T120/><D120/><U57/><E133/><V35/><F14/><W6/><G6/><T104/><D46/><U135/><E135/><V91/><F91/><W108/><G108/><T34/><D34/><U76/><E76/><V107/><F107/><W88/><G49/><T97/><D105/><U40/><E113/><V63/><F63/><W98/><G78/><T25/><D25/><U110/><E110/><V80/><F114/><W4/><G4/><T73/><D73/><U101/><E7/><V3/><F80/><W121/><G74/><T21/><REACH who="0" step="1"/><D65/><REACH who="0" ten="73,107,397,413" step="2"/><U69/><E2/><V44/><F3/><W122/><G66/><T60/><D60/><U134/><E134/><V58/><F35/><W111/><G64/><T29/><D29/><U82/><E30/><V81/><F32/><W94/><G111/><T72/><D72/><U59/><E28/><V43/><F31/><W71/><G71/><T89/><D89/><U36/><E69/><V115/><F45/><W20/><AGARI ba="0,1" hai="15,17,18,20,22,26,88,94,98,121,122" m="47690" machi="20" ten="30,7900,0" yaku="18,1,52,2,54,1" doraHai="118" who="3" fromWho="3" sc="73,-39,107,-20,397,-20,413,89" /><INIT seed="5,0,0,0,2,14" ten="34,87,377,502" oya="1" hai0="125,82,122,42,132,101,18,31,113,17,106,100,57" hai1="74,60,111,1,56,134,85,13,108,63,11,62,22" hai2="35,105,120,76,66,124,96,92,93,39,65,25,53" hai3="102,72,99,40,127,78,69,116,4,54,20,123,114"/><U83/><E74/><V103/><F39/><W36/><G123/><T2/><D2/><U9/><E134/><V32/><F120/><W80/><G127/><T55/><D122/><U119/><E119/><V28/><F124/><W87/><G114/><T97/><D125/><U98/><E98/><V89/><F35/><W48/><G69/><T49/><D132/><U0/><E22/><V41/><F41/><W128/><G128/><T46/><D113/><U84/><E56/><V64/><F76/><W37/><G4/><T34/><D101/><U26/><E26/><V7/><F7/><W77/><G40/><T44/><D44/><U73/><E73/><V61/><F53/><W110/><G110/><N who="1" m="42026" /><E83/><V58/><F105/><W5/><G20/><T45/><D45/><U71/><E71/><V126/><F126/><W75/><G75/><T52/><D55/><U6/><E1/><V94/><F94/><W115/><G72/><T104/><D104/><U21/><E21/><V33/><REACH who="2" step="1"/><F32/><REACH who="2" ten="34,87,367,502" step="2"/><W109/><G109/><T8/><D82/><U15/><E0/><V68/><F68/><W130/><G115/><T88/><D34/><U81/><E81/><V79/><F79/><W129/><G78/><T107/><D107/><U30/><E30/><V12/><F12/><W3/><G77/><T70/><D70/><U38/><E38/><V47/><F47/><W135/><G37/><N who="0" m="21839" /><D31/><U118/><E118/><V91/><F91/><W112/><G116/><T67/><D67/><U131/><E131/><V117/><F117/><W19/><G130/><T29/><D29/><U16/><AGARI ba="0,1" hai="6,9,11,13,15,16,60,62,63,84,85" m="42026" machi="16" ten="30,11700,0" yaku="5,1,10,1,52,1,54,1" doraHai="14" who="1" fromWho="1" sc="34,-39,87,127,367,-39,502,-39" owari="-5,-51.0,214,-19.0,328,13.0,463,57.0" /></mjloggm>