<mjloggm ver="2.3"><GO type="41" lobby="0"/><UN n0="%69%67%75%63%63%69%31%32" n1="%E3%81%8A%E5%96%84%E3%83%86%E3%82%A3%E3%82%B9" n2="%E2%93%9D%53%75%70%68%78" n3="%6B%75%72%6F%2A" dan="15,14,18,15" rate="2055.59,1905.90,2020.40,2028.93" sx="M,F,M,M"/><TAIKYOKU oya="0"/><INIT seed="0,0,0,4,5,76" ten="250,250,250,250" oya="0" hai0="107,87,109,80,119,49,92,65,47,122,54,126,94" hai1="127,100,56,27,130,134,15,23,4,83,77,48,115" hai2="116,34,88,61,2,84,12,39,37,79,132,113,103" hai3="11,58,60,86,10,105,0,95,35,55,121,98,14"/><T52/><D107/><U18/><E134/><V62/><F113/><W118/><G35/><T21/><D119/><U129/><E127/><V93/><F2/><W78/><G105/><T71/><D122/><U97/><E115/><V9/><F34/><W81/><G118/><T24/><D126/><U45/><E56/><V57/><F116/><W102/><G121/><T64/><D109/><U106/><E4/><V120/><F120/><W19/><REACH who="3" step="1"/><G0/><REACH who="3" ten="250,250,250,240" step="2"/><T30/><D54/><U131/><E131/><V99/><F132/><W28/><G28/><T133/><D133/><U33/><E33/><V51/><F39/><W74/><G74/><T46/><D46/><U66/><E130/><V110/><F37/><W117/><G117/><T7/><D7/><U112/><E129/><V101/><F110/><W25/><G25/><T96/><D96/><U5/><E27/><V43/><F99/><W29/><G29/><T91/><D71/><U89/><E112/><V67/><F43/><W1/><G1/><T13/><D13/><U6/><E45/><V59/><F12/><W111/><G111/><T41/><D41/><U72/><E15/><V31/><F31/><W26/><G26/><T53/><D53/><U20/><E72/><V3/><F3/><W32/><G32/><T85/><D94/><U69/><E69/><V44/><F44/><W36/><G36/><T70/><D70/><U22/><E106/><V135/><F93/><W104/><G104/><T38/><D38/><U128/><E128/><V63/><F135/><W75/><G75/><T123/><D123/><U17/><E18/><RYUUKYOKU ba="0,1" sc="250,15,250,-15,250,-15,240,15" hai0="21,24,30,47,49,52,64,65,80,85,87,91,92" hai3="10,11,14,19,55,58,60,78,81,86,95,98,102" /><INIT seed="0,1,1,0,3,58" ten="265,235,235,255" oya="0" hai0="64,85,134,62,84,81,1,16,33,130,36,76,124" hai1="41,3,111,121,21,10,66,7,70,49,11,0,102" hai2="101,93,95,56,131,94,44,116,104,123,105,71,132" hai3="79,34,98,25,42,89,92,127,24,46,5,20,53"/><T114/><D114/><U60/><E111/><V103/><F71/><W19/><G127/><T68/><D33/><U118/><E118/><V65/><F44/><W135/><G135/><T82/><D130/><U6/><E121/><V17/><F17/><W87/><G5/><T96/><D134/><U90/><E21/><V126/><F56/><W29/><G53/><T39/><D1/><U27/><E27/><V100/><F65/><W91/><G79/><T31/><D31/><U108/><E108/><V97/><F132/><W38/><REACH who="3" step="1"/><G87/><REACH who="3" ten="265,235,235,245" step="2"/><T32/><D124/><U45/><E102/><AGARI ba="1,2" hai="19,20,24,25,29,34,38,42,46,89,91,92,98,102" machi="102" ten="30,3900,0" yaku="1,1,2,1,7,1,53,0" doraHai="58" doraHaiUra="72" who="3" fromWho="1" sc="265,0,235,-42,235,0,245,62" /><INIT seed="1,0,0,5,3,48" ten="265,193,235,307" oya="1" hai0="33,105,124,109,30,134,117,27,91,4,26,58,2" hai1="50,96,113,7,97,21,69,47,3,31,46,86,9" hai2="44,82,111,90,103,59,81,23,43,68,0,94,38" hai3="132,29,56,41,102,17,76,119,49,20,79,14,5"/><U53/><E113/><V65/><F0/><W62/><G132/><T35/><D105/><U120/><E120/><V66/><F68/><W22/><G119/><T116/><D91/><U85/><E69/><V77/><F111/><W39/><G39/><T51/><D51/><U18/><E31/><V32/><F32/><W19/><G102/><T28/><D58/><U75/><E75/><V129/><F129/><W12/><G5/><T52/><D52/><U55/><E86/><V25/><F103/><W114/><G29/><T118/><D109/><U110/><E110/><V123/><F123/><W57/><G114/><T126/><D134/><U101/><E85/><V24/><F24/><W11/><G11/><AGARI ba="0,0" hai="2,4,11,26,27,28,30,33,35,116,117,118,124,126" machi="11" ten="50,12000,2" yaku="9,1,23,2,34,3" doraHai="48" who="0" fromWho="3" sc="265,120,193,0,235,0,307,-120" /><INIT seed="2,0,0,1,0,127" ten="385,193,235,187" oya="2" hai0="119,27,17,87,35,94,66,117,84,31,7,23,36" hai1="19,47,12,13,44,38,40,64,21,14,76,124,60" hai2="25,39,113,97,96,59,3,57,70,24,123,115,125" hai3="5,63,22,30,95,133,16,55,6,110,105,9,77"/><V85/><F125/><W68/><G105/><T129/><D36/><U52/><E124/><V46/><F85/><W72/><G110/><T75/><D75/><U45/><E76/><V56/><F3/><W91/><G133/><T82/><D7/><U53/><E40/><V58/><F58/><W89/><G30/><T54/><D66/><U32/><E32/><V34/><F70/><W65/><G72/><T103/><D129/><U126/><E38/><V102/><F123/><W2/><G77/><T20/><D54/><U33/><E33/><V100/><F39/><W83/><G6/><T121/><D121/><U79/><E79/><V104/><F46/><W128/><G128/><T74/><D74/><U4/><E126/><V90/><F90/><W116/><G116/><N who="0" m="44619" /><D82/><U69/><REACH who="1" step="1"/><E12/><REACH who="1" ten="385,183,235,187" step="2"/><V0/><F34/><W132/><G132/><T62/><D35/><U131/><E131/><V49/><F0/><W28/><G2/><T93/><D62/><U10/><AGARI ba="0,1" hai="4,10,13,14,19,21,44,45,47,52,53,60,64,69" machi="10" ten="30,4000,0" yaku="1,1,0,1,54,1,53,0" doraHai="127" doraHaiUra="92" who="1" fromWho="1" sc="385,-10,183,50,235,-20,187,-10" /><INIT seed="3,0,0,3,0,32" ten="375,233,215,177" oya="3" hai0="20,115,113,74,112,109,125,16,93,90,88,5,124" hai1="57,117,36,69,61,49,135,13,95,6,133,78,119" hai2="45,25,84,23,67,121,68,104,81,128,11,9,62" hai3="111,53,70,91,102,64,28,58,114,60,127,29,106"/><W40/><G114/><T71/><D109/><U35/><E35/><V98/><F128/><W43/><G127/><N who="0" m="48715" /><D74/><U83/><E36/><V14/><F121/><W22/><G111/><T87/><D71/><U66/><E95/><V110/><F110/><W21/><G106/><T42/><D5/><U86/><E49/><V100/><F45/><W105/><G105/><T52/><D42/><U73/><E86/><V3/><F14/><W118/><G118/><N who="1" m="45066" /><E57/><V4/><F11/><AGARI ba="0,0" hai="6,11,13,61,66,69,73,78,83,133,135" m="45066" machi="11" ten="30,1000,0" yaku="12,1" doraHai="32" who="1" fromWho="2" sc="375,0,233,10,215,-10,177,0" /><INIT seed="4,0,0,0,5,129" ten="375,243,205,177" oya="0" hai0="135,2,126,100,67,42,93,120,101,37,6,60,26" hai1="71,115,89,73,68,96,83,92,30,35,125,31,57" hai2="84,55,128,62,66,87,12,76,39,49,38,104,86" hai3="80,113,59,54,109,22,90,45,44,4,95,15,97"/><T29/><D120/><U111/><E111/><V82/><F104/><W77/><G109/><T43/><D126/><U124/><E57/><V19/><F128/><W20/><G113/><T134/><D6/><U11/><E11/><V1/><F1/><W8/><G44/><T16/><D2/><U27/><E30/><V50/><F39/><W7/><G7/><T114/><D114/><U116/><E116/><V33/><F33/><W46/><G46/><T14/><D37/><U3/><E3/><V118/><F38/><W127/><G45/><T108/><D108/><U117/><E117/><V64/><F118/><W47/><G47/><T105/><D105/><U88/><E115/><V102/><F102/><W119/><G127/><N who="1" m="48714" /><E73/><V48/><F55/><W63/><REACH who="3" step="1"/><G119/><REACH who="3" ten="375,243,205,167" step="2"/><T81/><D43/><U9/><E71/><V23/><REACH who="2" step="1"/><F66/><REACH who="2" ten="375,243,195,167" step="2"/><W85/><AGARI ba="0,2" hai="4,8,15,20,22,54,59,63,77,80,85,90,95,97" machi="85" ten="20,12000,2" yaku="1,1,2,1,0,1,7,1,8,1,53,1" doraHai="129" doraHaiUra="75" who="3" fromWho="3" sc="375,-60,243,-30,195,-30,167,140" /><INIT seed="5,0,0,5,5,73" ten="315,213,165,307" oya="1" hai0="129,116,81,86,100,87,121,21,39,94,65,8,22" hai1="113,43,32,20,68,35,31,95,9,77,120,40,28" hai2="97,52,6,49,66,98,45,130,37,133,44,84,111" hai3="69,124,90,83,99,61,82,1,85,51,103,24,48"/><U7/><E68/><V114/><F111/><W89/><G1/><T128/><D39/><U96/><E120/><V132/><F6/><W127/><G24/><T33/><D33/><U12/><E113/><V10/><F10/><W91/><G69/><T118/><D65/><U71/><E71/><V38/><F84/><W0/><G0/><T88/><D8/><U134/><E134/><N who="2" m="51819" /><F98/><W15/><G61/><T72/><D72/><U17/><E77/><V62/><F97/><W27/><G27/><T105/><D22/><U54/><E35/><V4/><F4/><W78/><G15/><T53/><D53/><U18/><E32/><V80/><F80/><N who="3" m="47255" /><G48/><T11/><D21/><U131/><E131/><N who="0" m="50249" /><D11/><U26/><E54/><N who="2" m="29991" /><F130/><W64/><G64/><T101/><D121/><U3/><E18/><V76/><F76/><W55/><G55/><T110/><D110/><U119/><E119/><N who="0" m="45609" /><D105/><U135/><E135/><V60/><F114/><W58/><G58/><T63/><D63/><N who="2" m="24106" /><F66/><W79/><G82/><T123/><D123/><U47/><E3/><V2/><F2/><W104/><G83/><T74/><D74/><U92/><E92/><V23/><F23/><W109/><G109/><T56/><D56/><U30/><REACH who="1" step="1"/><E47/><REACH who="1" ten="315,203,165,307" step="2"/><V41/><F52/><W46/><G46/><T117/><N who="0" m="45617" /><T14/><DORA hai="13" /><D14/><U42/><E42/><V36/><AGARI ba="0,1" hai="36,37,38,41,45" m="24106,29991,51819" machi="36" ten="30,4000,0" yaku="20,1,34,2" doraHai="73,13" who="2" fromWho="2" sc="315,-10,203,-20,165,50,307,-10" /><INIT seed="6,0,0,2,2,30" ten="305,183,215,297" oya="2" hai0="106,51,33,18,107,128,11,69,87,37,112,98,62" hai1="97,123,35,70,54,31,101,7,115,90,25,50,127" hai2="83,131,92,99,111,126,22,129,93,55,73,64,48" hai3="78,102,89,43,100,47,77,125,81,46,59,114,133"/><V52/><F64/><W49/><G125/><T29/><D37/><U5/><E127/><V27/><F126/><W45/><G133/><T96/><D112/><U53/><E115/><V8/><F8/><W13/><G114/><T103/><D128/><N who="2" m="49226" /><F111/><W12/><G89/><T72/><D72/><U91/><E70/><V63/><F63/><W66/><G43/><T36/><D36/><U42/><E123/><V76/><F99/><W23/><G81/><T68/><D62/><U122/><E122/><V124/><F124/><W120/><G120/><T121/><D121/><U56/><E42/><V118/><F118/><W79/><G23/><T113/><D113/><U86/><E54/><N who="2" m="20523" /><F48/><W60/><REACH who="3" step="1"/><G49/><REACH who="3" ten="305,183,215,287" step="2"/><T75/><D51/><U14/><E14/><AGARI ba="0,1" hai="12,13,14,45,46,47,59,60,66,77,78,79,100,102" machi="14" ten="40,5200,0" yaku="1,1,2,1,8,1,53,0" doraHai="30" doraHaiUra="130" who="3" fromWho="1" sc="305,0,183,-52,215,0,287,62" /><INIT seed="7,0,0,4,0,8" ten="305,131,215,349" oya="3" hai0="26,1,126,114,97,107,135,132,51,63,86,15,121" hai1="129,29,108,2,81,27,100,21,30,37,34,98,85" hai2="106,113,131,101,11,76,55,128,40,77,52,58,74" hai3="124,112,57,9,82,118,104,38,36,119,45,87,5"/><W83/><G104/><T17/><D121/><U47/><E129/><N who="2" m="49739" /><F113/><W59/><G112/><T94/><D107/><U62/><E2/><V91/><F40/><W92/><G124/><T43/><D1/><U24/><E108/><V122/><F91/><W72/><G72/><T84/><D114/><U89/><E62/><V103/><F122/><W44/><G92/><T67/><D26/><U28/><E28/><V60/><F11/><W20/><G20/><T22/><D126/><U53/><E37/><V120/><F120/><W12/><G12/><T111/><D111/><U75/><E75/><V13/><F13/><W127/><G9/><T117/><D117/><U6/><E6/><V14/><F14/><W65/><G127/><T105/><D105/><U93/><E47/><V99/><F103/><W61/><G5/><T79/><D79/><N who="2" m="30282" /><F74/><W102/><G102/><T3/><D3/><U123/><E123/><V7/><F7/><W18/><G36/><T64/><D135/><U130/><E130/><V49/><F49/><W69/><G38/><T134/><D132/><U66/><E66/><AGARI ba="0,0" hai="52,55,58,60,66,99,101,106" m="30282,49739" machi="66" ten="30,2000,0" yaku="19,1,54,1" doraHai="8" who="2" fromWho="1" sc="305,0,131,-20,215,20,349,0" owari="305,11.0,111,-39.0,235,-16.0,349,44.0" /></mjloggm>