<mjloggm ver="2.3"><GO type="41" lobby="0"/><UN n0="%E3%81%8D%E3%82%83%E3%82%93%40%32%36%30%32" n1="%7A%40%70%70%65%72%73" n2="%E2%93%9D%53%75%70%68%78" n3="%53%55%42%4D%41%52%49%4E" dan="14,14,17,13" rate="1883.38,1922.90,1995.60,1869.94" sx="M,M,M,M"/><TAIKYOKU oya="0"/><INIT seed="0,0,0,3,4,121" ten="250,250,250,250" oya="0" hai0="18,115,68,67,91,36,16,124,45,108,132,92,62" hai1="53,70,131,28,17,10,122,61,79,56,14,60,64" hai2="11,48,83,65,130,26,6,114,42,113,96,103,32" hai3="73,2,43,8,126,27,119,111,58,4,57,50,102"/><T23/><D115/><U90/><E131/><V109/><F130/><W106/><G73/><T59/><D132/><U41/><E79/><V15/><F65/><W128/><G119/><T86/><D124/><U84/><E41/><V100/><F100/><W12/><G128/><T38/><D68/><U116/><E116/><V39/><F39/><W87/><G126/><T125/><D125/><U89/><E122/><V13/><F13/><W133/><G27/><T63/><D63/><U105/><E105/><V40/><F83/><W69/><G69/><T54/><D108/><U51/><E28/><V135/><F109/><W29/><G29/><T76/><D18/><U33/><E33/><V44/><F42/><W25/><G25/><T3/><D3/><U35/><E35/><V49/><F49/><W120/><G111/><T77/><D38/><U97/><E97/><V20/><F32/><W0/><G133/><T98/><D36/><U72/><E72/><V88/><F135/><W93/><G106/><T127/><D127/><U95/><E90/><V117/><F88/><N who="3" m="53407" /><G102/><T46/><D67/><U99/><E99/><V104/><REACH who="2" step="1"/><F117/><REACH who="2" ten="250,250,240,250" step="2"/><W129/><G129/><T112/><D112/><U66/><E64/><V110/><F110/><W55/><G43/><T52/><D54/><U71/><E70/><V24/><F24/><W34/><G34/><T47/><D86/><U21/><E51/><V81/><F81/><W82/><G82/><T78/><D78/><U22/><AGARI ba="0,1" hai="10,14,17,21,22,53,56,60,61,66,71,84,89,95" machi="22" ten="30,1100,0" yaku="0,1" doraHai="121" who="1" fromWho="1" sc="250,-5,250,21,240,-3,250,-3" /><INIT seed="1,0,0,0,3,118" ten="245,271,237,247" oya="1" hai0="37,24,51,87,48,100,36,128,97,12,74,32,129" hai1="83,35,64,43,7,115,47,67,78,50,10,109,17" hai2="106,13,122,89,55,16,31,0,91,85,96,102,76" hai3="94,53,57,49,18,3,130,6,95,1,40,61,90"/><U19/><E115/><V25/><F0/><W63/><G130/><N who="0" m="50283" /><D74/><U120/><E35/><V92/><F122/><W14/><G6/><T80/><D32/><U9/><E109/><V34/><F55/><W125/><G125/><T131/><D24/><U132/><E120/><V75/><F91/><W103/><G103/><T68/><D68/><U58/><E132/><V82/><F13/><W101/><G101/><T15/><N who="0" m="50291" /><T133/><DORA hai="114" /><D133/><U27/><E83/><V28/><REACH who="2" step="1"/><F34/><REACH who="2" ten="245,271,227,247" step="2"/><W121/><G121/><T113/><D12/><U4/><E78/><V104/><F104/><W23/><G1/><T30/><D15/><U66/><E27/><V45/><F45/><W73/><G3/><T105/><D113/><U71/><E71/><V39/><F39/><N who="0" m="14922" /><D30/><U108/><E108/><V126/><F126/><W62/><G40/><T42/><D42/><U117/><E58/><V46/><F46/><W123/><G123/><T44/><D44/><U116/><E4/><V26/><F26/><W72/><REACH who="3" step="1"/><G94/><REACH who="3" ten="245,271,227,237" step="2"/><T98/><D98/><AGARI ba="0,2" hai="14,18,23,49,53,57,61,62,63,72,73,90,95,98" machi="98" ten="40,5200,0" yaku="1,1,2,1,53,1" doraHai="118,114" doraHaiUra="60,11" who="3" fromWho="0" sc="245,-52,271,0,227,0,237,72" /><INIT seed="2,0,0,2,2,102" ten="193,271,227,309" oya="2" hai0="92,109,93,49,5,66,127,54,82,61,65,107,8" hai1="110,3,63,125,116,97,94,32,104,15,131,29,56" hai2="48,22,108,35,12,84,47,18,87,45,91,100,39" hai3="72,113,89,64,40,4,62,85,123,71,133,80,26"/><V67/><F35/><W13/><G123/><T6/><D109/><U86/><E3/><V60/><F108/><W76/><G133/><T106/><D127/><U23/><E116/><V17/><F39/><W111/><G111/><T41/><D41/><U126/><E32/><V25/><F100/><W79/><G26/><T124/><D82/><U55/><E131/><V53/><F47/><W81/><G89/><T129/><D129/><U101/><E110/><V115/><F115/><W0/><G40/><T75/><D75/><U28/><E29/><V132/><F132/><W114/><G13/><T34/><D34/><U1/><E1/><V42/><F42/><W9/><AGARI ba="0,0" hai="0,4,9,62,64,71,72,76,79,80,81,85,113,114" machi="9" ten="30,1100,0" yaku="0,1" doraHai="102" who="3" fromWho="3" sc="193,-3,271,-3,227,-5,309,11" /><INIT seed="3,0,0,5,2,72" ten="190,268,222,320" oya="3" hai0="84,94,67,95,78,9,15,112,75,63,33,87,18" hai1="20,88,89,83,60,121,119,64,125,109,44,124,91" hai2="16,29,68,120,77,24,13,101,41,105,99,49,79" hai3="129,96,12,34,132,130,69,23,127,50,61,100,36"/><W2/><G2/><T103/><D112/><U5/><E121/><V43/><F68/><W53/><G34/><T28/><D28/><U66/><E119/><V85/><F120/><W73/><G73/><T39/><D39/><U1/><E109/><V118/><F118/><W111/><G36/><T21/><D33/><U56/><E44/><V65/><F65/><W42/><G42/><T106/><D106/><U6/><E66/><V135/><F135/><W31/><G61/><T131/><D131/><N who="3" m="50185" /><G69/><T25/><D75/><U82/><E20/><V81/><F49/><W14/><G111/><T123/><D123/><U92/><E92/><V35/><REACH who="2" step="1"/><F79/><REACH who="2" ten="190,268,212,320" step="2"/><W71/><G71/><T22/><D78/><U54/><E64/><V17/><F17/><W104/><G132/><T3/><D18/><U40/><E6/><V19/><F19/><W32/><G127/><T30/><D67/><U90/><E125/><V126/><F126/><W11/><G32/><T116/><D116/><U38/><E124/><V74/><F74/><W58/><G11/><AGARI ba="0,1" hai="11,13,16,24,29,35,41,43,77,81,85,99,101,105" machi="11" ten="30,7700,0" yaku="1,1,7,1,52,1,54,1,53,0" doraHai="72" doraHaiUra="115" who="2" fromWho="3" sc="190,0,268,0,212,87,320,-77" /><INIT seed="4,0,0,5,5,94" ten="190,268,299,243" oya="0" hai0="105,100,71,65,2,47,80,51,116,53,131,26,10" hai1="19,28,86,115,125,3,106,52,68,78,4,66,14" hai2="0,134,124,121,92,112,13,43,77,46,39,120,88" hai3="63,40,6,95,42,79,41,30,20,111,75,5,16"/><T24/><D116/><U117/><E117/><V64/><F0/><W93/><G111/><T49/><D131/><U101/><E28/><V130/><F130/><W8/><G75/><T67/><D80/><U69/><E3/><V48/><F112/><W12/><G79/><T62/><D67/><U123/><E4/><N who="3" m="1642" /><G63/><T54/><D10/><U15/><E123/><V59/><F134/><W118/><G118/><T11/><D11/><U36/><E36/><V89/><F124/><W85/><G85/><T107/><D2/><U109/><E109/><V72/><F89/><W73/><G73/><T25/><REACH who="0" step="1"/><D100/><REACH who="0" ten="180,268,299,243" step="2"/><U114/><E66/><V44/><F64/><W31/><G8/><T135/><D135/><U103/><E125/><V35/><F121/><W7/><G7/><T33/><D33/><U61/><E103/><V70/><F35/><W129/><G129/><T56/><AGARI ba="0,1" hai="24,25,26,47,49,51,53,54,56,62,65,71,105,107" machi="56" ten="30,3000,0" yaku="1,1,0,1,53,0" doraHai="94" doraHaiUra="82" who="0" fromWho="0" sc="180,40,268,-10,299,-10,243,-10" /><INIT seed="4,1,0,2,0,101" ten="220,258,289,233" oya="0" hai0="102,87,34,23,28,86,27,100,30,91,53,21,135" hai1="33,5,49,7,36,40,126,110,119,62,105,131,2" hai2="42,83,3,124,127,16,51,1,37,80,46,123,25" hai3="57,32,35,85,84,116,94,11,134,13,90,59,120"/><T113/><D135/><U24/><E2/><V74/><F123/><W73/><G73/><T0/><D0/><U78/><E36/><V48/><F3/><W52/><G116/><T9/><D113/><U44/><E119/><V92/><F92/><W118/><G118/><T88/><D9/><U26/><E110/><V61/><F61/><W6/><G134/><T99/><D99/><U15/><E126/><N who="2" m="48171" /><F1/><W103/><G120/><T47/><D47/><U45/><E131/><V112/><F112/><W89/><G103/><T50/><D50/><N who="2" m="18986" /><F74/><W117/><G117/><T93/><D53/><U109/><E62/><V76/><F76/><W72/><G72/><T55/><D55/><U43/><E78/><V125/><F125/><W129/><G129/><T19/><D34/><U17/><E33/><V14/><F25/><W106/><G106/><T77/><D77/><U115/><E49/><V18/><F18/><W54/><G35/><T130/><D130/><U96/><E15/><V70/><F70/><W107/><G107/><T133/><D133/><U132/><E132/><V38/><F38/><W108/><G108/><T68/><D68/><U69/><E69/><V95/><F95/><N who="3" m="54695" /><G32/><T111/><D111/><U22/><E109/><V71/><F71/><W82/><G94/><N who="0" m="54551" /><D19/><U75/><E75/><V58/><F58/><AGARI ba="1,0" hai="6,11,13,52,54,57,58,59,82,85,90" m="54695" machi="58" ten="30,2000,0" yaku="8,1,54,1" doraHai="101" who="3" fromWho="2" sc="220,0,258,0,289,-23,233,23" /><INIT seed="5,0,0,0,2,62" ten="220,258,266,256" oya="1" hai0="99,116,102,22,61,38,12,84,127,48,9,119,35" hai1="53,112,118,41,100,18,130,66,71,27,32,42,67" hai2="104,50,115,54,110,33,7,74,133,31,93,52,82" hai3="77,76,128,85,105,80,10,37,36,89,39,59,1"/><U90/><E71/><V0/><F104/><W13/><G105/><T15/><D38/><U129/><E100/><V73/><F110/><W40/><G1/><T123/><D35/><U88/><E118/><V47/><F133/><W69/><G69/><T64/><D127/><U117/><E53/><V63/><F115/><W113/><G113/><T92/><D123/><U29/><E18/><V111/><F111/><W114/><G114/><T70/><D48/><U94/><E90/><V2/><F93/><W101/><G101/><T121/><D121/><U51/><E117/><V5/><F31/><W107/><G107/><T120/><D120/><U60/><E60/><V124/><F33/><W126/><G126/><T79/><D22/><U83/><E83/><V34/><F34/><W86/><G40/><N who="1" m="15466" /><E51/><V106/><F106/><W131/><G59/><T72/><D72/><U6/><E6/><V87/><F74/><W14/><G14/><T68/><D68/><U25/><E27/><V78/><F124/><W103/><G103/><T75/><D75/><U43/><E43/><V56/><REACH who="2" step="1"/><F73/><REACH who="2" ten="220,258,256,256" step="2"/><W16/><REACH who="3" step="1"/><G76/><REACH who="3" ten="220,258,256,246" step="2"/><T98/><D116/><U108/><E108/><V4/><AGARI ba="0,2" hai="0,2,4,5,7,47,50,52,54,56,63,78,82,87" machi="4" ten="30,7900,0" yaku="1,1,2,1,0,1,54,1,53,0" doraHai="62" doraHaiUra="28" who="2" fromWho="2" sc="220,-20,258,-39,256,99,246,-20" /><INIT seed="6,0,0,3,4,122" ten="200,219,355,226" oya="2" hai0="71,135,36,87,31,54,27,32,65,78,75,130,63" hai1="29,33,38,86,117,131,25,57,61,53,10,133,17" hai2="73,43,77,42,91,102,79,13,56,83,113,90,2" hai3="99,15,11,23,103,128,21,70,69,88,14,72,8"/><V59/><F2/><W94/><G128/><T125/><D87/><U129/><E38/><V76/><F73/><W110/><G110/><T39/><D54/><U97/><E117/><V62/><F113/><W26/><G72/><T1/><D130/><N who="1" m="49675" /><E97/><V85/><F102/><W112/><G112/><T20/><D20/><U100/><E86/><N who="2" m="50527" /><F13/><W96/><G26/><T55/><D55/><U4/><E17/><V74/><F74/><W81/><G81/><T127/><D135/><U48/><E100/><V16/><F16/><N who="3" m="8263" /><G69/><T50/><D50/><U84/><E84/><V66/><F59/><W19/><G70/><T0/><D127/><U115/><E115/><V98/><F98/><W7/><G7/><T126/><D125/><U9/><E133/><V47/><F47/><W93/><AGARI ba="0,0" hai="11,15,19,21,23,88,93,94,96,99,103" m="8263" machi="93" ten="30,4000,0" yaku="8,1,54,2" doraHai="122" who="3" fromWho="3" sc="200,-10,219,-10,355,-20,226,40" /><INIT seed="7,0,0,1,1,59" ten="190,209,335,266" oya="3" hai0="60,81,19,4,62,131,51,45,31,116,127,126,64" hai1="21,77,120,58,14,66,125,32,92,15,28,23,53" hai2="130,27,68,128,9,95,6,43,46,20,42,16,106" hai3="129,123,87,117,86,67,1,12,41,83,98,26,101"/><W69/><G1/><T5/><D116/><U82/><E32/><V13/><F106/><W113/><G117/><T102/><D64/><U134/><E120/><V18/><F68/><W99/><G123/><T2/><D102/><U72/><E125/><N who="0" m="47625" /><D31/><U37/><E37/><V75/><F75/><W49/><G113/><T104/><D104/><U38/><E38/><V100/><F18/><W80/><G129/><N who="2" m="49769" /><F46/><N who="3" m="25807" /><G67/><T10/><D131/><U94/><E66/><V108/><F108/><W24/><G69/><T132/><D132/><U0/><E0/><V85/><F85/><N who="3" m="32267" /><G12/><N who="0" m="7575" /><D81/><N who="3" m="31305" /><G99/><AGARI ba="0,0" hai="6,9,13,16,20,27,42,43,95,99,100" m="49769" machi="99" ten="30,2000,0" yaku="19,1,54,1" doraHai="59" who="2" fromWho="3" sc="190,0,209,0,335,20,266,-20" owari="190,-31.0,209,-19.0,355,45.0,246,5.0" /></mjloggm>