<mjloggm ver="2.3"><GO type="41" lobby="0"/><UN n0="%E5%9C%B0%E7%8D%84%E5%BE%85%E5%AD%90" n1="%6D%65%69%73%74%65%72%71" n2="%62%6C%75%65%62%6C%75%65" n3="%E2%93%9D%53%75%70%68%78" dan="14,15,15,17" rate="1925.53,2010.63,1972.42,2078.44" sx="M,M,M,M"/><TAIKYOKU oya="0"/><INIT seed="0,0,0,3,5,80" ten="250,250,250,250" oya="0" hai0="40,101,128,51,99,32,133,56,129,71,1,120,30" hai1="16,17,38,31,82,61,49,60,72,98,22,108,54" hai2="119,50,39,28,8,62,109,115,130,122,78,132,67" hai3="29,76,43,6,83,45,110,20,57,93,44,135,5"/><T35/><D120/><U81/><E108/><V74/><F50/><W37/><G110/><T116/><D1/><U123/><E38/><V114/><F8/><W113/><G113/><T3/><D3/><U103/><E31/><V84/><F62/><W126/><G135/><T14/><D133/><U70/><E123/><V86/><F67/><W77/><G126/><T97/><D71/><U106/><E17/><V25/><F25/><W53/><G93/><T90/><D116/><U134/><E134/><V58/><F58/><W87/><G45/><T21/><D40/><U42/><E42/><V94/><F28/><W124/><G77/><T75/><D75/><U52/><E54/><V112/><F39/><W2/><G124/><T63/><D51/><U96/><E96/><V117/><F132/><W23/><G2/><T27/><D14/><U4/><E4/><V95/><F109/><W92/><G92/><N who="2" m="35369" /><F122/><W85/><G29/><T19/><D35/><U125/><E125/><V102/><F102/><W59/><G59/><T69/><D69/><U66/><E61/><V46/><F46/><W79/><G6/><T118/><D118/><N who="2" m="45066" /><F130/><W107/><G5/><T73/><D129/><U127/><E72/><V104/><F104/><W10/><G107/><T41/><D73/><U7/><E7/><V11/><F11/><W0/><G10/><T105/><D128/><U88/><E127/><V15/><F15/><W12/><G12/><N who="0" m="9447" /><D63/><U100/><E100/><V91/><F91/><W24/><G0/><T33/><D101/><U34/><E34/><V26/><F26/><W55/><G24/><RYUUKYOKU ba="0,0" sc="250,-10,250,-10,250,30,250,-10" hai2="74,78,84,86,112,114,115" /><INIT seed="1,1,0,1,4,93" ten="240,240,280,240" oya="1" hai0="100,66,35,14,45,106,129,80,29,105,30,37,41" hai1="49,86,124,54,127,130,47,128,81,123,84,64,122" hai2="74,23,82,8,61,0,90,10,87,25,33,118,27" hai3="5,77,95,73,46,112,98,17,67,72,135,28,39"/><U71/><E86/><V89/><F118/><W60/><G112/><T3/><D129/><N who="1" m="49771" /><E81/><V44/><F0/><W11/><G135/><T65/><D80/><U51/><E84/><V43/><F74/><W126/><G126/><N who="1" m="48170" /><E51/><N who="2" m="27039" /><F33/><W19/><G73/><T36/><D35/><U78/><E78/><V38/><F38/><W115/><G115/><T12/><D100/><U42/><E42/><V56/><F90/><W109/><G77/><T121/><D41/><U119/><E119/><V69/><F69/><W83/><G72/><T88/><D45/><U57/><E71/><V59/><F27/><W114/><G114/><T117/><D117/><U58/><E64/><N who="2" m="38951" /><F59/><AGARI ba="1,0" hai="47,49,54,57,58,59,122,123" m="48170,49771" machi="59" ten="30,11600,0" yaku="19,1,18,1,34,2" doraHai="93" who="1" fromWho="2" sc="240,0,240,119,280,-119,240,0" /><INIT seed="1,2,0,5,1,24" ten="240,359,161,240" oya="1" hai0="107,10,84,53,129,12,51,19,55,52,44,56,71" hai1="13,110,17,95,39,125,90,82,38,42,117,122,3" hai2="86,70,5,2,15,115,79,67,77,100,112,60,126" hai3="0,66,35,105,102,118,133,92,26,74,9,63,111"/><U76/><E122/><V91/><F2/><W62/><G62/><T41/><D129/><U127/><E117/><V33/><F100/><W7/><G92/><T132/><D107/><U61/><E3/><V124/><F33/><W30/><G111/><T45/><D132/><U123/><E110/><V98/><F98/><N who="3" m="61655" /><G118/><T14/><D71/><U103/><E103/><V36/><F15/><W101/><G101/><T72/><D72/><U85/><E123/><V25/><F36/><W120/><G120/><T83/><D45/><U73/><E61/><V135/><F135/><W80/><G80/><T81/><D81/><U59/><E59/><V116/><F5/><W109/><G109/><T75/><D75/><U49/><E49/><V20/><F116/><W94/><G94/><T128/><D128/><U121/><E121/><V34/><F34/><W97/><G97/><T108/><D14/><U23/><REACH who="1" step="1"/><E42/><REACH who="1" ten="240,349,161,240" step="2"/><V28/><F115/><W93/><G133/><T96/><D108/><U68/><E68/><V87/><F112/><W134/><G134/><T40/><D40/><U89/><E89/><V32/><F91/><W130/><G130/><T65/><D56/><U119/><E119/><V22/><F77/><W43/><G43/><T46/><D41/><U54/><E54/><V48/><F48/><W16/><G63/><T131/><D51/><U27/><E27/><V104/><F79/><W21/><G0/><T37/><D131/><U58/><E58/><V4/><F104/><W1/><G1/><T88/><D37/><AGARI ba="2,1" hai="13,17,23,37,38,39,73,76,82,85,90,95,125,127" machi="37" ten="40,2000,0" yaku="1,1,53,0" doraHai="24" doraHaiUra="64" who="1" fromWho="0" sc="240,-26,349,36,161,0,240,0" /><INIT seed="1,3,0,1,1,61" ten="214,385,161,240" oya="1" hai0="97,86,45,121,68,53,41,132,16,21,33,0,52" hai1="48,36,133,74,18,131,35,125,128,118,80,26,67" hai2="28,37,42,90,31,24,55,25,93,17,8,14,115" hai3="54,124,79,116,134,46,23,65,6,69,56,107,94"/><U39/><E118/><V49/><F42/><W50/><G107/><T82/><D68/><U95/><E48/><V119/><F37/><W117/><G79/><T84/><D33/><U101/><E18/><V91/><F119/><N who="3" m="45643" /><G94/><T2/><D132/><U127/><E95/><V38/><F38/><N who="1" m="14377" /><E101/><V109/><F115/><W70/><G6/><T92/><D121/><U120/><E120/><V59/><F109/><W40/><G23/><T60/><D86/><U72/><E26/><V129/><F129/><N who="1" m="49737" /><E35/><V47/><F47/><W63/><G134/><T130/><D130/><U7/><E133/><V32/><F93/><W71/><G124/><N who="1" m="47690" /><E7/><V27/><F27/><W12/><G12/><T5/><D92/><U81/><E67/><AGARI ba="3,0" hai="40,46,50,54,56,63,65,67,69,70,71" m="45643" machi="67" ten="40,8000,1" yaku="12,1,34,2,52,2" doraHai="61" who="3" fromWho="1" sc="214,0,385,-89,161,0,240,89" /><INIT seed="2,0,0,1,1,27" ten="214,296,161,329" oya="2" hai0="7,38,20,122,26,84,51,88,96,49,103,52,44" hai1="104,21,117,15,109,94,64,106,19,16,107,108,46" hai2="59,90,55,102,80,114,39,53,6,61,135,95,0" hai3="5,13,112,74,70,130,93,18,36,58,81,110,34"/><V11/><F114/><W4/><G70/><T35/><D122/><U126/><E117/><V133/><F39/><W10/><G110/><T86/><D35/><U63/><E126/><V75/><F102/><W77/><G130/><T54/><D38/><U119/><E119/><V111/><F111/><W8/><G34/><T76/><D7/><U97/><E46/><V43/><F43/><W83/><G112/><T40/><D76/><U85/><E85/><V57/><F80/><W98/><G58/><T30/><D51/><U31/><E19/><V72/><F135/><W65/><G65/><T1/><D84/><U92/><E92/><V24/><F24/><W116/><G116/><T121/><D1/><U9/><E9/><V125/><F125/><W79/><G36/><T123/><D123/><U124/><E124/><V25/><F25/><W115/><G10/><T50/><D50/><U3/><E31/><V118/><F133/><W47/><G47/><T134/><D134/><U68/><REACH who="1" step="1"/><E3/><REACH who="1" ten="214,286,161,329" step="2"/><V29/><F29/><W60/><G115/><T113/><D121/><U62/><E62/><V89/><F118/><W22/><G60/><T132/><D132/><U32/><E32/><V101/><F75/><W45/><G45/><T127/><D113/><U69/><E69/><V87/><F72/><W41/><G8/><T128/><D127/><U2/><E2/><V129/><F87/><W82/><G74/><T66/><D44/><U14/><E14/><V99/><F129/><W78/><G41/><T100/><D128/><U17/><E17/><V56/><F56/><W71/><G71/><RYUUKYOKU ba="0,1" sc="214,-30,286,10,161,10,329,10" hai1="15,16,21,63,64,68,94,97,104,106,107,108,109" hai2="0,6,11,53,55,57,59,61,89,90,95,99,101" hai3="4,5,13,18,22,77,78,79,81,82,83,93,98" /><INIT seed="2,1,1,5,0,6" ten="184,296,171,339" oya="2" hai0="77,81,98,126,58,26,114,37,0,3,8,7,111" hai1="99,46,70,64,61,13,83,85,113,36,68,54,134" hai2="132,42,79,60,110,86,120,100,16,101,127,122,115" hai3="23,105,11,1,66,19,89,33,125,91,9,63,96"/><V121/><F115/><W57/><G33/><T69/><D126/><U20/><E113/><V80/><F42/><W10/><G1/><T51/><D114/><U25/><E134/><V29/><F127/><W97/><G125/><T56/><D69/><U124/><E124/><V133/><F29/><W45/><G45/><T117/><D117/><U119/><E119/><V15/><F60/><W31/><G31/><T4/><D111/><U5/><E99/><N who="3" m="37962" /><G105/><T22/><D98/><U32/><E32/><V50/><F110/><W84/><G84/><T39/><D51/><U74/><E74/><V65/><F50/><W28/><G28/><T40/><D37/><U82/><E70/><V88/><F65/><W2/><G2/><T102/><D102/><U116/><E116/><V72/><F72/><W130/><G130/><T27/><D27/><AGARI ba="1,1" hai="9,10,11,19,23,27,57,63,66,89,91" m="37962" machi="27" ten="30,7700,0" yaku="8,1,52,3" doraHai="6" who="3" fromWho="0" sc="184,-80,296,0,171,0,339,90" /><INIT seed="3,0,0,5,2,40" ten="104,296,171,429" oya="3" hai0="66,18,8,26,47,70,95,5,25,71,78,111,28" hai1="43,15,104,131,23,110,34,92,98,88,132,113,54" hai2="35,83,99,69,122,134,65,24,37,29,19,109,46" hai3="50,86,125,63,89,41,60,4,79,80,84,101,3"/><W115/><G115/><T57/><D111/><U38/><E113/><V13/><F109/><W129/><G125/><T51/><D78/><U6/><E34/><V59/><F69/><W53/><G129/><T44/><D95/><U108/><E131/><V68/><F68/><W97/><G41/><T75/><D75/><U58/><E132/><V103/><F134/><W121/><G3/><T128/><D128/><U127/><E127/><V14/><F83/><W102/><G4/><T135/><D135/><U76/><E76/><V17/><F122/><W67/><G67/><T106/><D106/><U107/><E110/><V96/><F59/><W52/><G53/><N who="0" m="31935" /><D71/><U93/><E108/><V7/><F7/><W11/><G11/><T56/><D70/><U91/><E43/><V31/><F65/><W10/><G10/><T120/><D120/><U61/><E38/><V90/><F90/><W72/><G72/><T94/><D94/><U133/><E133/><V45/><F24/><N who="0" m="9322" /><D28/><U82/><E82/><V105/><F103/><N who="3" m="39435" /><G97/><T74/><D74/><U48/><E61/><V100/><F100/><W85/><G121/><T118/><D118/><U87/><E6/><V1/><F1/><W64/><G64/><T42/><D42/><U114/><E114/><V119/><F35/><W32/><G32/><T36/><D36/><U126/><E126/><V49/><F37/><W0/><G0/><T55/><D66/><U22/><E22/><V73/><F73/><N who="3" m="43119" /><G89/><T62/><D5/><U27/><E27/><V39/><F39/><W30/><G30/><T33/><D33/><U20/><E20/><RYUUKYOKU ba="0,0" sc="104,10,296,10,171,-30,429,10" hai0="8,18,44,47,55,56,62" hai1="15,23,48,54,58,87,88,91,92,93,98,104,107" hai3="50,52,60,63,84,85,86" /><INIT seed="3,1,0,5,5,90" ten="114,306,141,439" oya="3" hai0="22,38,50,134,35,119,108,28,102,124,16,32,19" hai1="121,61,87,81,77,39,131,86,55,113,6,37,53" hai2="74,11,17,41,99,114,82,125,64,57,58,51,94" hai3="47,31,42,130,40,73,33,88,14,48,43,97,23"/><W106/><G33/><T115/><D119/><U123/><E113/><V5/><F114/><W29/><G73/><T63/><D38/><U27/><E131/><V75/><F17/><N who="3" m="10679" /><G106/><T111/><D115/><U120/><E6/><V84/><F125/><W116/><G116/><T112/><D112/><U101/><E101/><V10/><F75/><W78/><G78/><T105/><D124/><U76/><E27/><V13/><F74/><W7/><G7/><T103/><D63/><U26/><E26/><V118/><F11/><W49/><G130/><T127/><D127/><U91/><E61/><V122/><F122/><W96/><G96/><T2/><D2/><U71/><E71/><V109/><F64/><W67/><G67/><T68/><D105/><U15/><E15/><V98/><F98/><W79/><G79/><T54/><D68/><U104/><E104/><V24/><F24/><W18/><G18/><T0/><D0/><U12/><E12/><V70/><F70/><W60/><G60/><T4/><D4/><U110/><E110/><V21/><F21/><W128/><G128/><T52/><D22/><U66/><E66/><V126/><F109/><W107/><G107/><T62/><D62/><U135/><E135/><V3/><F3/><W100/><G100/><T45/><D134/><U80/><E91/><N who="2" m="55775" /><F118/><W36/><G36/><AGARI ba="1,0" hai="36,37,39,53,55,76,77,80,81,86,87,120,121,123" machi="36" ten="50,1600,0" yaku="9,1" doraHai="90" who="1" fromWho="3" sc="114,0,306,19,141,0,439,-19" /><INIT seed="4,0,0,3,0,129" ten="114,325,141,420" oya="0" hai0="116,54,120,12,114,90,112,79,76,10,83,117,6" hai1="47,22,48,111,31,15,74,94,5,35,3,96,8" hai2="73,14,67,93,81,134,105,57,102,59,51,25,16" hai3="82,106,24,43,127,32,19,69,125,58,113,118,70"/><T78/><D120/><U49/><E74/><V21/><F105/><W20/><G113/><N who="0" m="43627" /><D54/><U126/><E126/><N who="3" m="48138" /><G118/><N who="0" m="45675" /><D90/><U64/><E111/><V42/><F134/><W131/><G43/><T37/><D37/><U110/><E110/><V27/><F73/><AGARI ba="0,0" hai="6,10,12,73,76,78,79,83" m="45675,43627" machi="73" ten="30,1500,0" yaku="15,1" doraHai="129" who="0" fromWho="2" sc="114,15,325,0,141,-15,420,0" /><INIT seed="4,1,0,5,1,49" ten="129,325,126,420" oya="0" hai0="95,94,9,80,16,34,24,129,87,118,5,20,59" hai1="28,133,123,42,68,56,45,86,26,132,2,101,110" hai2="71,90,22,33,10,4,116,17,109,124,134,92,8" hai3="63,112,84,25,32,99,114,40,48,103,104,117,18"/><T89/><D118/><U61/><E123/><V81/><F109/><W130/><G130/><T131/><D34/><U7/><E110/><V50/><F71/><W75/><G75/><T41/><D41/><U115/><E101/><V21/><F33/><W122/><G117/><T127/><D127/><U38/><E115/><V70/><F70/><W69/><G84/><T12/><REACH who="0" step="1"/><D59/><REACH who="0" ten="119,325,126,420" step="2"/><U29/><E68/><V77/><F124/><W96/><G40/><T78/><D78/><U52/><E133/><V51/><F134/><W85/><G114/><T11/><D11/><U53/><E132/><V31/><F116/><W44/><G32/><T98/><D98/><U74/><E74/><V66/><F10/><W79/><G99/><T30/><D30/><U119/><E119/><V6/><F31/><W23/><G112/><T83/><D83/><U27/><E29/><V43/><F81/><W135/><G135/><T19/><D19/><U60/><E86/><V72/><F77/><W125/><G125/><T1/><D1/><U73/><E73/><V91/><F43/><N who="3" m="24607" /><G85/><T100/><D100/><U64/><E28/><V121/><F17/><W67/><G79/><T54/><D54/><U36/><E36/><V82/><F82/><W93/><G122/><T13/><D13/><U15/><E2/><V120/><F72/><W97/><G97/><T113/><D113/><U39/><E39/><V47/><F8/><W14/><G14/><T111/><D111/><U65/><E65/><V62/><F66/><W57/><G69/><T106/><D106/><U102/><E102/><V88/><F120/><RYUUKYOKU ba="1,1" sc="119,15,325,-15,126,-15,420,15" hai0="5,9,12,16,20,24,80,87,89,94,95,129,131" hai3="18,23,25,57,63,67,93,96,103,104" /><INIT seed="4,2,1,0,3,40" ten="134,310,111,435" oya="0" hai0="127,17,93,58,48,76,24,5,1,61,92,54,75" hai1="7,126,69,70,56,3,6,21,32,101,117,63,29" hai2="119,2,15,98,71,122,133,53,14,47,100,55,82" hai3="102,114,45,81,80,16,66,60,43,19,112,42,109"/><T91/><D127/><U83/><E117/><V68/><F2/><W27/><G109/><T39/><D39/><U36/><E36/><V44/><F82/><N who="3" m="31851" /><G43/><T18/><D75/><U115/><E32/><V23/><F122/><W25/><G102/><T28/><D76/><U129/><E126/><V26/><F119/><W103/><G103/><T116/><D116/><U89/><E129/><V105/><F133/><W131/><G131/><T37/><D37/><U10/><E115/><N who="3" m="44074" /><G27/><T0/><D93/><U94/><E7/><V99/><F100/><W95/><G25/><T108/><D108/><U113/><E113/><V59/><F26/><W128/><G95/><T90/><D5/><U11/><E11/><V107/><F23/><W22/><G22/><N who="0" m="15383" /><D0/><U121/><E121/><V49/><F49/><N who="3" m="26807" /><G128/><T120/><D120/><U62/><E29/><V84/><F59/><AGARI ba="2,1" hai="16,19,59,60,66" m="26807,44074,31851" machi="59" ten="30,3900,0" yaku="15,1,52,1,54,1" doraHai="40" who="3" fromWho="2" sc="134,0,310,0,111,-45,435,55" /><INIT seed="5,0,0,1,5,24" ten="134,310,66,490" oya="1" hai0="20,42,12,134,117,40,62,21,113,14,104,41,108" hai1="123,96,98,99,89,95,119,133,35,112,135,124,33" hai2="32,78,86,63,102,26,3,30,39,107,100,38,10" hai3="106,9,121,80,120,51,52,37,59,111,84,90,34"/><U49/><E123/><V101/><F107/><W131/><G111/><T55/><D117/><U2/><E119/><V94/><F63/><W115/><G131/><T71/><D108/><U58/><E2/><V0/><F10/><W83/><G115/><T8/><D104/><U16/><E112/><V60/><F60/><W116/><G34/><T82/><D113/><U68/><E68/><V114/><F114/><W74/><G37/><T91/><D134/><N who="1" m="51211" /><E124/><V53/><F53/><W5/><G106/><T88/><D71/><U43/><E58/><V109/><F109/><W45/><G116/><T105/><D105/><U56/><E56/><V87/><F78/><W76/><G59/><T54/><D62/><U19/><E49/><V72/><F72/><W81/><G81/><T127/><D127/><U50/><E50/><V110/><F110/><W28/><G28/><T64/><D64/><U122/><E43/><V125/><F125/><W69/><G69/><T77/><D41/><U85/><E122/><V4/><F94/><W7/><G7/><T103/><D8/><U29/><E35/><V36/><REACH who="2" step="1"/><F4/><REACH who="2" ten="134,310,56,490" step="2"/><W92/><G92/><T13/><D77/><U31/><E33/><V27/><F27/><W67/><G67/><T6/><D6/><U18/><AGARI ba="0,1" hai="16,18,19,29,31,85,89,95,96,98,99" m="51211" machi="18" ten="40,12000,1" yaku="20,1,52,2,54,1" doraHai="24" who="1" fromWho="1" sc="134,-40,310,130,56,-40,490,-40" /><INIT seed="5,1,0,2,1,44" ten="94,440,16,450" oya="1" hai0="131,134,45,33,126,60,67,109,48,28,71,122,77" hai1="56,121,79,50,101,107,105,111,104,7,10,112,125" hai2="58,75,54,47,55,82,19,81,88,115,23,12,102" hai3="98,91,18,4,17,39,59,63,74,132,96,5,38"/><U87/><E121/><V73/><F102/><W80/><G132/><T53/><D122/><U120/><E120/><V1/><F1/><W32/><G32/><T30/><D109/><U100/><E111/><V118/><F118/><W110/><G110/><T108/><D108/><U66/><E112/><V69/><F69/><W92/><G74/><T128/><D77/><U51/><E125/><V106/><F106/><W25/><G80/><T57/><D33/><U42/><E66/><V29/><F29/><W34/><G34/><T49/><D126/><U0/><E42/><V11/><F115/><W93/><G25/><T135/><D30/><U103/><REACH who="1" step="1"/><E56/><REACH who="1" ten="94,430,16,450" step="2"/><V119/><F119/><W68/><G59/><T123/><D123/><U22/><E22/><V64/><F23/><W35/><G35/><T85/><D57/><U129/><E129/><V27/><F27/><W31/><G68/><T114/><D114/><U21/><E21/><V40/><F64/><W78/><G31/><T65/><D65/><U90/><E90/><V20/><F20/><W14/><G91/><T52/><D128/><U37/><E37/><V2/><F58/><W83/><G39/><T127/><D131/><U84/><E84/><N who="2" m="50191" /><F75/><W3/><G38/><T97/><D85/><U6/><E6/><N who="2" m="1495" /><F40/><W76/><G5/><T15/><D127/><U36/><E36/><V43/><F73/><W94/><G4/><T24/><D24/><U99/><E99/><V46/><F43/><W72/><G98/><T124/><D97/><U116/><E116/><V26/><F55/><W95/><G96/><T130/><D124/><RYUUKYOKU ba="1,1" sc="94,-10,430,30,16,-10,450,-10" hai1="0,7,10,50,51,79,87,100,101,103,104,105,107" /><INIT seed="5,2,1,4,5,122" ten="84,460,6,440" oya="1" hai0="80,84,86,121,92,85,109,24,39,15,27,28,11" hai1="65,41,112,60,19,135,36,32,119,99,98,51,7" hai2="12,22,18,37,21,54,13,126,114,103,20,9,38" hai3="5,23,66,124,67,116,17,45,134,96,64,29,35"/><U50/><E32/><V129/><F103/><W71/><G5/><T42/><D121/><U56/><E119/><V69/><F69/><W46/><G71/><T77/><D109/><U53/><E112/><V43/><F114/><W128/><G128/><T133/><D133/><U0/><E135/><V70/><F70/><W87/><G124/><T93/><D27/><U104/><E104/><V57/><F38/><W59/><G29/><T40/><D39/><U106/><E106/><V75/><F75/><W76/><G35/><T48/><D42/><U25/><E0/><V81/><F126/><W72/><G72/><T61/><D61/><U90/><E7/><V3/><F3/><W30/><G30/><T78/><D78/><U95/><E36/><V107/><F107/><W34/><G96/><T73/><D73/><U108/><E108/><V120/><F120/><W83/><G34/><T115/><D115/><U130/><E130/><V79/><F129/><W132/><G116/><T113/><D113/><U123/><E123/><V4/><F43/><W26/><REACH who="3" step="1"/><G59/><REACH who="3" ten="84,460,6,430" step="2"/><T49/><D28/><U52/><E99/><V94/><F37/><W89/><G89/><T8/><D77/><U10/><E41/><V44/><F44/><AGARI ba="2,2" hai="17,23,26,44,45,46,64,66,67,76,83,87,132,134" machi="44" ten="40,1300,0" yaku="1,1,53,0" doraHai="122" doraHaiUra="33" who="3" fromWho="2" sc="84,0,460,0,6,-19,430,39" owari="84,-32.0,460,26.0,-13,-51.0,469,57.0" /></mjloggm>