<mjloggm ver="2.3"><GO type="41" lobby="0"/><UN n0="%E6%9C%80%E5%BC%B7%E6%88%A6%E5%A3%AB%E9%87%8E%E5%8F%A3" n1="%73%79%75%39%6E" n2="%E2%93%9D%53%75%70%68%78" n3="%4A%4A%53" dan="15,14,18,14" rate="1987.36,1840.88,2086.25,1937.83" sx="M,F,M,M"/><TAIKYOKU oya="0"/><INIT seed="0,0,0,3,5,9" ten="250,250,250,250" oya="0" hai0="0,28,31,74,105,16,10,29,27,86,128,93,26" hai1="2,71,88,84,122,130,22,32,120,75,129,11,53" hai2="7,76,99,124,113,6,45,52,81,56,50,112,100" hai3="66,13,85,91,15,131,77,39,35,59,1,5,117"/><T12/><D74/><U14/><E71/><V65/><F124/><W51/><G35/><T34/><D105/><U25/><E75/><V97/><F113/><W104/><G39/><T33/><D86/><U17/><E53/><V116/><F116/><W115/><G104/><T123/><D93/><U19/><E2/><V89/><F112/><W60/><G117/><T63/><D63/><U87/><E87/><N who="2" m="50415" /><F76/><W20/><G115/><T3/><D123/><U101/><E101/><V135/><F135/><W58/><G77/><T49/><D49/><U127/><E32/><N who="0" m="12393" /><D128/><N who="1" m="49259" /><E127/><V121/><F121/><W40/><G131/><T114/><D114/><U119/><E119/><V107/><F107/><W67/><G67/><T78/><D78/><U95/><AGARI ba="0,0" hai="11,14,17,19,22,25,84,88,95,120,122" m="49259" machi="95" ten="30,4000,0" yaku="19,1,52,1,54,1" doraHai="9" who="1" fromWho="1" sc="250,-20,250,40,250,-10,250,-10" /><INIT seed="1,0,0,4,2,30" ten="230,290,240,240" oya="1" hai0="86,37,100,19,111,90,2,25,9,80,102,22,87" hai1="8,73,133,59,65,23,16,34,28,121,124,101,33" hai2="132,119,52,56,3,58,43,127,36,126,51,39,106" hai3="14,83,104,20,10,27,53,61,118,45,21,69,6"/><U96/><E121/><V85/><F106/><W57/><G118/><T50/><D111/><U99/><E73/><V70/><F85/><W112/><G112/><T75/><D37/><N who="2" m="14410" /><F3/><W129/><G129/><T93/><D75/><U135/><E28/><V40/><F70/><W41/><G104/><T97/><D50/><U66/><E96/><V84/><F84/><W31/><G69/><T91/><D2/><U113/><E113/><V46/><F132/><N who="1" m="50761" /><E8/><V125/><F119/><W12/><G83/><T60/><D60/><N who="1" m="38047" /><E66/><V11/><F11/><W29/><G41/><AGARI ba="0,0" hai="40,41,43,46,51,52,56,58,125,126,127" m="14410" machi="41" ten="40,8000,1" yaku="18,1,34,2,54,1" doraHai="30" who="2" fromWho="3" sc="230,0,290,0,240,80,240,-80" /><INIT seed="2,0,0,3,0,105" ten="230,290,320,160" oya="2" hai0="134,51,55,39,37,123,12,36,42,46,81,20,74" hai1="128,135,8,78,84,87,25,97,64,63,119,19,104" hai2="112,28,27,44,16,4,57,117,116,103,121,79,67" hai3="71,66,6,106,40,99,82,100,29,15,17,101,114"/><V7/><F112/><W98/><G114/><T43/><D134/><U18/><E128/><V2/><F103/><W89/><G40/><T102/><D102/><U22/><E119/><V54/><F121/><W88/><G29/><T53/><D123/><U129/><E129/><V48/><F79/><W24/><G24/><T70/><D70/><U38/><E38/><V115/><F115/><W113/><G113/><T109/><D109/><U69/><E135/><V62/><F2/><W9/><G66/><T75/><D81/><U59/><E104/><V85/><F85/><W86/><G71/><T124/><D124/><U49/><E97/><V126/><F126/><W92/><REACH who="3" step="1"/><G6/><REACH who="3" ten="230,290,320,150" step="2"/><T90/><D43/><U72/><E69/><V1/><F7/><W94/><G94/><T107/><D107/><U35/><E35/><V132/><F132/><W76/><AGARI ba="0,1" hai="9,15,17,76,82,86,88,89,92,98,99,100,101,106" machi="76" ten="20,5200,0" yaku="1,1,0,1,7,1,54,1,53,0" doraHai="105" doraHaiUra="133" who="3" fromWho="3" sc="230,-13,290,-13,320,-26,150,62" /><INIT seed="3,0,0,5,3,51" ten="217,277,294,212" oya="3" hai0="119,31,9,109,10,95,42,2,126,1,121,77,91" hai1="114,29,110,26,34,59,65,69,18,68,61,43,30" hai2="32,24,117,3,44,35,130,41,111,120,67,54,80" hai3="56,20,108,118,98,25,52,94,64,75,87,79,40"/><W86/><G75/><T127/><D119/><U100/><E110/><V19/><F3/><N who="0" m="1034" /><D121/><U85/><E114/><V96/><F130/><W62/><G118/><T74/><D42/><U7/><E7/><V83/><F67/><W89/><G108/><T4/><D31/><U58/><E30/><V46/><F96/><W60/><G40/><T101/><D101/><U72/><E72/><V132/><F132/><W113/><G79/><T16/><D4/><U66/><E100/><V112/><F112/><W78/><G78/><T104/><D104/><U128/><E128/><V38/><F120/><W50/><G113/><T135/><D135/><U14/><E43/><V22/><F117/><W23/><G23/><T82/><D16/><U123/><E123/><V116/><F111/><W93/><G94/><T106/><D106/><U103/><E103/><V53/><F116/><W90/><G89/><T55/><D55/><U99/><E99/><V97/><F97/><W15/><G15/><T13/><D13/><U5/><E5/><V71/><F41/><W70/><G50/><T107/><D107/><U134/><E134/><V73/><F19/><AGARI ba="0,0" hai="19,20,25,52,56,60,62,64,70,86,87,90,93,98" machi="19" ten="30,12000,1" yaku="7,1,25,2,52,1,54,1" doraHai="51" who="3" fromWho="2" sc="217,0,277,0,294,-120,212,120" /><INIT seed="3,1,0,3,3,29" ten="217,277,174,332" oya="3" hai0="42,130,131,66,85,87,133,123,96,93,24,35,134" hai1="23,108,1,20,71,82,81,132,84,56,41,39,125" hai2="21,73,83,116,47,114,98,110,28,18,135,40,15" hai3="14,63,31,34,32,6,118,97,22,109,75,69,13"/><W52/><G75/><T44/><D66/><U112/><E71/><V37/><F135/><N who="0" m="51722" /><D123/><U90/><E132/><V9/><F110/><W51/><G118/><T100/><D24/><U17/><E112/><V26/><F114/><W19/><G31/><T101/><D35/><U45/><E108/><V55/><F98/><W95/><G109/><T121/><D121/><U111/><E125/><V79/><F55/><W38/><G38/><N who="0" m="21591" /><D101/><U65/><E1/><V89/><F89/><W72/><G72/><T53/><D53/><U46/><E46/><V122/><F122/><W77/><G77/><T36/><D36/><U12/><E111/><V62/><F62/><W57/><G69/><T70/><D70/><U64/><E56/><V128/><REACH who="2" step="1"/><F128/><AGARI ba="1,0" hai="85,87,93,96,100,128,130,131" m="21591,51722" machi="128" ten="30,2000,0" yaku="19,1,20,1" doraHai="29" who="0" fromWho="2" sc="217,23,277,0,174,-23,332,0" /><INIT seed="4,0,0,4,2,42" ten="240,277,151,332" oya="0" hai0="60,114,10,86,69,94,80,85,8,18,36,63,121" hai1="51,31,3,127,135,70,120,71,49,82,67,44,105" hai2="100,7,9,110,132,118,12,5,38,34,92,65,47" hai3="25,54,58,6,68,126,14,33,0,17,96,1,56"/><T37/><D121/><U13/><E120/><V77/><F110/><W101/><G68/><T125/><D125/><U22/><E3/><V21/><F34/><W50/><G126/><T84/><D114/><U20/><E105/><V99/><F132/><W88/><G0/><T78/><D94/><U46/><E67/><V35/><F35/><W108/><G1/><T134/><D134/><U113/><E135/><V48/><F38/><W130/><G130/><T93/><D93/><U104/><E104/><V19/><F118/><W26/><G33/><T91/><D91/><U40/><E127/><V43/><F65/><W106/><G6/><T2/><D2/><U133/><E113/><V109/><F109/><W123/><G123/><T129/><D129/><U112/><E133/><V116/><F116/><W28/><G28/><T98/><D98/><U90/><E112/><V27/><REACH who="2" step="1"/><F77/><REACH who="2" ten="240,277,141,332" step="2"/><W107/><G108/><T117/><D37/><U59/><E70/><V97/><F97/><W115/><G115/><T52/><D36/><U41/><E71/><V24/><F24/><W74/><G26/><T4/><D69/><U81/><E31/><AGARI ba="0,1" hai="5,7,9,12,19,21,27,31,43,47,48,92,99,100" machi="31" ten="30,7700,0" yaku="1,1,7,1,8,1,52,1,53,0" doraHai="42" doraHaiUra="61" who="2" fromWho="1" sc="240,0,277,-77,141,87,332,0" /><INIT seed="5,0,0,4,5,24" ten="240,200,228,332" oya="1" hai0="53,47,7,10,57,39,17,99,36,37,52,42,60" hai1="43,20,81,82,97,58,128,131,122,95,134,121,63" hai2="135,111,16,130,62,9,56,22,129,67,30,96,86" hai3="41,34,48,72,6,28,50,59,74,66,32,79,115"/><U108/><E43/><V104/><F111/><W91/><G6/><T110/><D110/><U1/><E108/><V44/><F135/><W12/><G12/><T127/><D127/><U5/><E134/><V27/><F86/><W33/><G79/><T2/><D17/><U73/><E20/><V51/><F104/><W112/><G91/><T13/><D2/><U31/><E31/><V3/><F96/><W18/><G18/><T61/><D99/><U70/><E70/><V65/><F65/><W92/><G92/><T29/><D29/><U132/><E132/><V120/><F120/><W109/><G28/><T38/><REACH who="0" step="1"/><D60/><REACH who="0" ten="230,200,228,332" step="2"/><U133/><E133/><V14/><REACH who="2" step="1"/><F3/><REACH who="2" ten="230,200,218,332" step="2"/><W116/><G109/><T117/><D117/><U125/><E121/><V106/><F106/><W90/><G116/><T119/><D119/><U11/><E122/><V45/><F45/><W69/><G33/><T89/><D89/><U113/><E113/><V103/><F103/><W76/><G90/><T87/><D87/><U8/><E125/><V26/><F26/><W80/><G32/><T93/><D93/><U15/><E128/><V21/><F21/><W64/><G34/><T75/><D75/><U83/><E131/><V77/><F77/><W78/><BYE who="0" /><G78/><T101/><D101/><N who="1" m="60607" /><E73/><V100/><F100/><UN n0="%E6%9C%80%E5%BC%B7%E6%88%A6%E5%A3%AB%E9%87%8E%E5%8F%A3" /><W71/><G72/><T25/><D25/><U49/><E1/><V102/><F102/><W54/><G74/><T35/><D35/><U46/><E8/><V88/><F88/><W114/><G115/><T94/><D94/><U107/><E107/><V105/><F105/><W23/><G114/><RYUUKYOKU ba="0,2" sc="230,15,200,-15,218,15,332,-15" hai0="7,10,13,36,37,38,39,42,47,52,53,57,61" hai2="9,14,16,22,27,30,44,51,56,62,67,129,130" /><INIT seed="6,1,2,2,4,30" ten="245,185,233,317" oya="2" hai0="60,119,5,104,54,34,135,122,1,41,87,69,80" hai1="44,18,17,56,52,45,3,112,133,86,10,62,38" hai2="53,90,121,68,11,46,99,123,33,82,129,110,0" hai3="91,27,57,7,115,25,15,130,51,96,12,126,128"/><V59/><F68/><W98/><G126/><T116/><D104/><U84/><E133/><V28/><F46/><N who="1" m="18025" /><E38/><V55/><F129/><N who="3" m="49771" /><G115/><T74/><D122/><U35/><E35/><V43/><F43/><W8/><G15/><T108/><D135/><U65/><E3/><V93/><F110/><W64/><G91/><T4/><D108/><U50/><E112/><V118/><F118/><W42/><G42/><T83/><D41/><U31/><E31/><V89/><F55/><N who="3" m="31999" /><G64/><T78/><D69/><U102/><E102/><V6/><F90/><W29/><G27/><T107/><D107/><U16/><E10/><V23/><F23/><AGARI ba="1,2" hai="7,8,12,23,25,29,96,98" m="31999,49771" machi="23" ten="30,1000,0" yaku="19,1" doraHai="30" who="3" fromWho="2" sc="245,0,185,0,233,-13,317,33" /><INIT seed="7,0,0,1,0,79" ten="245,185,220,350" oya="3" hai0="34,36,109,71,6,95,88,99,55,106,7,63,118" hai1="129,31,107,82,16,131,23,135,80,46,60,35,47" hai2="1,112,20,2,111,41,117,21,76,134,115,51,86" hai3="19,28,33,132,50,66,25,130,105,72,125,38,44"/><W96/><G38/><T10/><D109/><U49/><E107/><V59/><F111/><W24/><G72/><T103/><D34/><U17/><E135/><V43/><F117/><W93/><G105/><T120/><D36/><U57/><E35/><V12/><F134/><W15/><G24/><T123/><D118/><U127/><E127/><V9/><F59/><W89/><G66/><T94/><D106/><U26/><E31/><V122/><F122/><W52/><G130/><N who="1" m="49674" /><E17/><V48/><F76/><W32/><G32/><T70/><D7/><U30/><E30/><V45/><F86/><W128/><G128/><T68/><D123/><U124/><E124/><V62/><F62/><W40/><G125/><T39/><D120/><U58/><E58/><V29/><F29/><W81/><G81/><N who="1" m="31338" /><E49/><V53/><F51/><W37/><G50/><T91/><D68/><U69/><E69/><V14/><F48/><W73/><G19/><T74/><D70/><U64/><AGARI ba="0,0" hai="16,23,26,46,47,57,60,64" m="31338,49674" machi="64" ten="30,8000,1" yaku="19,1,52,3,54,1" doraHai="79" who="1" fromWho="1" sc="245,-20,185,80,220,-20,350,-40" owari="225,-17.0,265,7.0,200,-30.0,310,40.0" /></mjloggm>