<mjloggm ver="2.3"><GO type="41" lobby="0"/><UN n0="%79%66%30%34" n1="%73%75%6A%61" n2="%E8%83%B8%E4%B8%89%E5%AF%B8" n3="%E2%93%9D%53%75%70%68%78" dan="15,14,13,18" rate="1934.55,1913.12,1835.52,2074.63" sx="M,M,M,M"/><TAIKYOKU oya="0"/><INIT seed="0,0,0,1,1,10" ten="250,250,250,250" oya="0" hai0="31,129,75,21,20,96,18,32,93,43,11,123,34" hai1="108,41,49,103,100,101,104,23,9,54,124,26,29" hai2="113,63,81,97,3,71,27,52,112,115,121,59,122" hai3="44,16,40,79,74,98,35,36,107,109,61,64,130"/><T47/><D123/><U22/><E108/><V12/><F3/><W6/><G109/><T51/><D75/><U131/><E131/><V120/><F27/><W111/><G111/><T106/><D106/><U84/><E124/><V135/><F135/><W70/><G6/><T125/><D125/><U76/><E41/><V90/><F71/><W86/><G86/><T8/><D129/><U91/><E76/><V1/><F1/><W82/><G16/><T4/><D31/><U66/><E66/><V57/><F57/><W55/><G55/><T69/><D69/><U114/><E114/><V80/><F90/><W24/><G130/><T2/><D11/><U30/><E104/><V7/><REACH who="2" step="1"/><F97/><REACH who="2" ten="250,250,240,250" step="2"/><W58/><G58/><T85/><D85/><U132/><E132/><V67/><F67/><W116/><G98/><T89/><D21/><U13/><E26/><AGARI ba="0,1" hai="2,4,8,18,20,26,32,34,43,47,51,89,93,96" machi="26" ten="30,1500,0" yaku="7,1" doraHai="10" who="0" fromWho="1" sc="250,25,250,-15,240,0,250,0" /><INIT seed="0,1,0,3,5,127" ten="275,235,240,250" oya="0" hai0="22,74,35,0,107,50,117,9,71,132,81,75,100" hai1="3,15,33,56,7,118,20,119,2,10,93,92,1" hai2="76,70,79,68,39,29,123,32,30,44,8,31,86" hai3="40,114,73,104,4,95,21,105,101,57,90,112,45"/><T23/><D117/><U88/><E33/><V37/><F123/><W83/><G57/><T89/><D35/><U84/><E93/><V135/><F135/><W111/><G21/><T54/><D71/><U13/><E13/><V96/><F96/><N who="3" m="61479" /><G45/><T108/><D132/><U97/><E20/><V80/><F32/><W49/><G49/><T121/><D121/><U103/><REACH who="1" step="1"/><E56/><REACH who="1" ten="275,225,240,250" step="2"/><V82/><F8/><W113/><G95/><T94/><D23/><U91/><E91/><V126/><F126/><W38/><G90/><T133/><D22/><U128/><E128/><V134/><F134/><W131/><G131/><T66/><D133/><U130/><E130/><V12/><F12/><W110/><G114/><T55/><D89/><U41/><E41/><V106/><F106/><W109/><G105/><T6/><D107/><U98/><E98/><V77/><F44/><N who="3" m="23575" /><G4/><T53/><D94/><U24/><E24/><V62/><F62/><W115/><G115/><T47/><D47/><U67/><E67/><V26/><F26/><W78/><AGARI ba="1,1" hai="73,78,83,109,110,111,112,113" m="23575,61479" machi="78" ten="40,2700,0" yaku="14,1,23,1" doraHai="127" who="3" fromWho="3" sc="275,-14,225,-8,240,-8,250,40" /><INIT seed="1,0,0,4,3,61" ten="261,217,232,290" oya="1" hai0="128,17,10,98,96,16,134,120,4,72,90,71,67" hai1="80,103,18,126,6,125,117,30,5,21,2,97,42" hai2="113,123,73,119,28,69,8,53,47,132,102,49,129" hai3="34,105,93,78,1,133,79,109,15,29,75,70,43"/><U27/><E117/><V107/><F123/><W84/><G1/><T20/><D72/><U45/><E2/><V110/><F119/><W99/><G43/><T44/><D120/><U88/><E30/><V101/><F110/><W81/><G70/><T94/><D128/><U36/><E103/><V58/><F129/><W24/><G133/><T48/><D134/><U95/><REACH who="1" step="1"/><E80/><REACH who="1" ten="261,207,232,290" step="2"/><V25/><F132/><W40/><G81/><T100/><D20/><U46/><E46/><V85/><F102/><W121/><G29/><T14/><D71/><U86/><E86/><V38/><F101/><W50/><G84/><T35/><D35/><U127/><AGARI ba="0,1" hai="5,6,18,21,27,36,42,45,88,95,97,125,126,127" machi="127" ten="30,11700,0" yaku="1,1,0,1,18,1,54,1,53,0" doraHai="61" doraHaiUra="83" who="1" fromWho="1" sc="261,-39,207,127,232,-39,290,-39" /><INIT seed="1,1,0,0,3,86" ten="222,334,193,251" oya="1" hai0="114,16,110,28,49,97,82,123,105,92,9,96,88" hai1="75,15,2,5,70,93,8,33,127,133,113,21,18" hai2="87,32,83,30,3,130,120,80,73,7,131,44,66" hai3="77,56,81,22,50,6,68,41,19,35,48,117,57"/><U71/><E113/><V25/><F120/><W119/><G35/><T91/><D114/><U100/><E75/><V45/><F66/><W84/><G68/><T79/><D123/><U27/><E133/><V26/><F26/><W55/><G6/><T122/><D122/><U58/><E127/><V94/><F94/><W24/><REACH who="3" step="1"/><G41/><REACH who="3" ten="222,334,193,241" step="2"/><T124/><D124/><U76/><E71/><V43/><F43/><W20/><G20/><T74/><D110/><U59/><E70/><V51/><F7/><W78/><G78/><T121/><D121/><U98/><E76/><N who="2" m="44047" /><F3/><W107/><G107/><T101/><D28/><AGARI ba="1,1" hai="2,5,8,15,18,21,27,28,33,58,59,93,98,100" machi="28" ten="40,3900,0" yaku="24,2" doraHai="86" who="1" fromWho="0" sc="222,-42,334,52,193,0,241,0" /><INIT seed="1,2,0,0,3,70" ten="180,386,193,241" oya="1" hai0="30,26,130,124,63,52,25,15,22,27,45,43,36" hai1="107,9,131,84,31,96,65,53,128,79,111,50,57" hai2="114,93,1,90,78,40,5,28,64,17,104,3,109" hai3="21,37,66,48,67,24,120,13,103,83,23,51,7"/><U59/><E31/><V82/><F109/><W74/><G120/><T123/><D123/><U61/><E107/><V16/><F114/><W75/><G103/><T95/><D130/><N who="1" m="49707" /><E96/><V98/><F64/><W10/><G37/><T8/><D124/><U60/><E9/><V11/><F1/><W33/><G33/><T102/><D95/><U71/><E84/><V32/><F40/><W47/><G75/><T46/><D102/><U126/><E79/><V35/><F104/><W85/><G51/><T125/><D125/><U110/><E126/><V19/><REACH who="2" step="1"/><F28/><REACH who="2" ten="180,386,183,241" step="2"/><W56/><G67/><AGARI ba="2,1" hai="50,53,57,59,60,61,65,67,71,110,111" m="49707" machi="67" ten="30,5800,0" yaku="19,1,34,2" doraHai="70" who="1" fromWho="3" sc="180,0,386,74,183,0,241,-64" /><INIT seed="1,3,0,0,1,65" ten="180,460,183,177" oya="1" hai0="97,125,86,47,11,3,76,51,121,92,19,90,67" hai1="93,108,115,70,120,29,43,20,42,84,53,96,135" hai2="36,133,22,134,55,57,119,100,52,114,74,89,44" hai3="69,33,13,30,34,56,59,124,6,24,128,85,68"/><U32/><E115/><V12/><F119/><W82/><G34/><T102/><D125/><U48/><E32/><V123/><F74/><W94/><G124/><T4/><D121/><U64/><E135/><N who="2" m="51723" /><F123/><W27/><G27/><T77/><D19/><U104/><E104/><V91/><F114/><W118/><G94/><T111/><D67/><U61/><E120/><V45/><F100/><W58/><G128/><T127/><D111/><U49/><E84/><V41/><F45/><W15/><G118/><T110/><D110/><U23/><E108/><V21/><F55/><W130/><G130/><T106/><REACH who="0" step="1"/><D127/><REACH who="0" ten="170,460,183,177" step="2"/><U50/><E29/><V62/><F22/><W122/><G122/><T103/><D103/><U14/><E20/><V10/><F21/><W78/><REACH who="3" step="1"/><G6/><AGARI ba="3,1" hai="6,10,12,36,41,44,52,57,62,89,91" m="51723" machi="6" ten="30,2000,0" yaku="20,1,54,1" doraHai="65" who="2" fromWho="3" sc="170,0,460,0,183,39,177,-29" /><INIT seed="2,0,0,1,0,111" ten="170,460,222,148" oya="2" hai0="97,100,9,131,126,15,89,19,66,73,20,129,80" hai1="18,108,87,82,22,133,3,53,93,16,7,78,114" hai2="77,84,113,44,32,38,76,31,62,63,12,124,21" hai3="94,24,57,120,61,49,17,71,14,85,79,41,125"/><V118/><F113/><W36/><G125/><T105/><D126/><U11/><E133/><V123/><F118/><W92/><G36/><T99/><D66/><U6/><E108/><V45/><F123/><W75/><G75/><T35/><D35/><U69/><E69/><V64/><F124/><W96/><G71/><T10/><D97/><U30/><E6/><V134/><F32/><W5/><G24/><T68/><D68/><U81/><E53/><V121/><F134/><W127/><G5/><T33/><D33/><U70/><E70/><V117/><F117/><W72/><G72/><T65/><D65/><U104/><E104/><V52/><F38/><W95/><G120/><T23/><D23/><U47/><E47/><N who="2" m="17995" /><F121/><W4/><G4/><T2/><D2/><U59/><E114/><V102/><F102/><W55/><G41/><T51/><D51/><U119/><E119/><V101/><F101/><W116/><G49/><T83/><D83/><U91/><E59/><N who="2" m="35175" /><F63/><W0/><G0/><T130/><REACH who="0" step="1"/><D89/><REACH who="0" ten="160,460,222,148" step="2"/><U25/><REACH who="1" step="1"/><E82/><REACH who="1" ten="160,450,222,148" step="2"/><N who="2" m="47175" /><F64/><W128/><G127/><T56/><D56/><U90/><E90/><V103/><F103/><W98/><G116/><T132/><D132/><U115/><E115/><V86/><F77/><AGARI ba="0,2" hai="9,10,15,19,20,73,77,80,99,100,105,129,130,131" machi="77" ten="40,2600,0" yaku="1,1,19,1,53,0" doraHai="111" doraHaiUra="26" who="0" fromWho="2" sc="160,46,450,0,222,-26,148,0" /><INIT seed="3,0,0,1,1,51" ten="206,450,196,148" oya="3" hai0="29,133,109,22,41,26,6,78,73,53,46,65,112" hai1="85,3,9,55,69,44,83,104,54,71,98,36,1" hai2="111,86,101,87,97,117,126,20,67,57,100,121,59" hai3="24,118,105,62,110,74,63,45,32,17,72,66,4"/><W106/><G118/><T37/><D109/><U12/><E104/><V135/><F135/><W88/><G4/><T11/><D133/><U70/><E98/><V128/><F128/><W39/><G110/><T114/><D65/><U50/><E36/><V52/><F126/><W0/><G0/><T56/><D78/><U77/><REACH who="1" step="1"/><E55/><REACH who="1" ten="206,440,196,148" step="2"/><V89/><F117/><W113/><G106/><T91/><D114/><U40/><E40/><V58/><F121/><W95/><G105/><T130/><D112/><U31/><E31/><V119/><F119/><W131/><G113/><T42/><D42/><U48/><E48/><V81/><F111/><W134/><G134/><T94/><D130/><U25/><E25/><V19/><F97/><W132/><G131/><T115/><D115/><U10/><E10/><V68/><F101/><W103/><G103/><T15/><D73/><U96/><E96/><V92/><F100/><W18/><G132/><T80/><D37/><U16/><AGARI ba="0,1" hai="1,3,9,12,16,44,50,54,69,70,71,77,83,85" machi="16" ten="30,8000,1" yaku="1,1,0,1,52,1,54,1,53,1" doraHai="51" doraHaiUra="76" who="1" fromWho="1" sc="206,-20,440,90,196,-20,148,-40" /><INIT seed="4,0,0,5,3,8" ten="186,530,176,108" oya="0" hai0="63,15,84,115,113,109,34,83,103,133,128,47,117" hai1="30,39,100,66,92,89,22,81,62,130,45,44,80" hai2="31,0,7,5,38,48,76,69,27,112,59,114,99" hai3="87,42,135,108,43,24,54,88,28,13,123,71,21"/><T102/><D117/><U14/><E39/><V50/><F69/><W36/><G108/><T131/><D34/><U65/><E130/><N who="0" m="49705" /><D109/><U82/><E100/><V9/><F38/><W74/><G74/><T126/><D133/><U121/><E121/><V26/><F76/><W132/><G71/><T120/><D120/><U40/><E40/><V41/><F99/><W73/><G73/><T6/><D47/><N who="1" m="17995" /><E62/><V11/><F41/><W60/><G123/><T79/><D63/><U93/><E93/><V52/><F50/><W116/><G116/><T110/><D126/><U1/><E1/><V95/><F95/><W57/><G36/><T70/><D70/><U78/><E78/><V2/><F27/><W12/><G43/><T33/><D33/><AGARI ba="0,0" hai="0,2,5,7,9,11,26,31,33,48,52,59,112,114" machi="33" ten="40,2600,0" yaku="9,1,54,1" doraHai="8" who="2" fromWho="0" sc="186,-26,530,0,176,26,108,0" /><INIT seed="5,0,0,1,1,95" ten="160,530,202,108" oya="1" hai0="89,73,76,78,129,43,49,23,55,19,71,121,28" hai1="36,98,105,35,132,122,127,24,77,15,131,102,101" hai2="46,135,32,44,107,41,3,96,14,25,18,80,51" hai3="126,123,97,84,60,12,90,116,26,110,119,54,92"/><U67/><E15/><V22/><F135/><W58/><G110/><T21/><D121/><U94/><E24/><V37/><F3/><W81/><G126/><T59/><D129/><U99/><E67/><V109/><F109/><W82/><G123/><T50/><D73/><U64/><E64/><V53/><F80/><W103/><G12/><T106/><D106/><U9/><E9/><V33/><REACH who="2" step="1"/><F25/><REACH who="2" ten="160,530,192,108" step="2"/><W57/><G26/><N who="0" m="16463" /><D71/><U52/><E132/><V74/><F74/><W47/><G82/><T29/><D29/><U31/><E31/><V63/><F63/><W5/><G5/><T34/><D34/><U61/><E35/><V62/><F62/><W91/><G58/><T79/><D43/><U100/><E61/><V118/><F118/><W128/><G128/><T134/><D134/><U7/><E131/><V30/><F30/><W75/><G75/><T130/><D130/><U70/><E7/><V16/><F16/><W69/><G69/><T40/><D40/><U27/><E70/><V6/><F6/><W88/><REACH who="3" step="1"/><G47/><REACH who="3" ten="160,530,192,98" step="2"/><T45/><D45/><U117/><E122/><V114/><F114/><W65/><G65/><T56/><D56/><U10/><E117/><AGARI ba="0,2" hai="54,57,60,81,84,88,90,91,92,97,103,116,117,119" machi="117" ten="40,8000,1" yaku="1,1,12,1,52,1,54,1,53,0" doraHai="95" doraHaiUra="72" who="3" fromWho="1" sc="160,0,530,-80,192,0,98,100" /><INIT seed="6,0,0,3,4,103" ten="160,450,192,198" oya="2" hai0="22,112,126,23,0,55,90,62,46,68,131,74,73" hai1="44,77,45,122,123,34,85,109,128,93,79,33,119" hai2="111,107,115,130,132,32,75,27,69,2,129,29,47" hai3="65,108,12,56,120,28,60,31,6,16,53,80,82"/><V78/><F132/><W95/><G108/><T125/><D0/><U72/><E109/><V98/><F111/><W8/><G120/><N who="1" m="46122" /><E119/><V87/><F87/><W104/><G104/><T70/><D131/><N who="2" m="50186" /><F115/><W92/><G65/><T7/><D7/><U64/><E128/><V63/><F47/><N who="1" m="17993" /><E72/><V4/><F4/><W86/><G82/><T89/><D112/><U41/><E41/><V135/><F135/><W36/><G36/><T19/><D46/><U97/><E64/><N who="2" m="41119" /><F2/><W21/><G31/><T121/><D121/><U43/><E43/><V71/><F71/><W101/><G28/><T106/><D74/><U76/><E85/><V13/><F13/><N who="3" m="9359" /><G101/><AGARI ba="0,0" hai="33,34,76,77,79,93,97,101" m="17993,46122" machi="101" ten="30,1000,0" yaku="13,1" doraHai="103" who="1" fromWho="3" sc="160,0,450,10,192,0,198,-10" /><INIT seed="7,0,0,4,2,11" ten="160,460,192,188" oya="3" hai0="90,107,21,20,88,92,116,93,12,86,65,29,125" hai1="48,77,62,32,33,53,123,76,0,4,45,120,67" hai2="16,40,68,70,36,15,1,110,14,61,42,10,96" hai3="39,34,97,50,85,73,79,91,49,100,25,43,135"/><W119/><G119/><T18/><D107/><U63/><E63/><V111/><F1/><W3/><G3/><T82/><D116/><U128/><E128/><V52/><F96/><W118/><G118/><T58/><D125/><U105/><E105/><V37/><F61/><W115/><G135/><T94/><D58/><U7/><E7/><V98/><F98/><W117/><G115/><T13/><D65/><U38/><E38/><V101/><F101/><W99/><G99/><T51/><D51/><U113/><E113/><V89/><F89/><W6/><G6/><T126/><D126/><U132/><E132/><V44/><F44/><W66/><G66/><T127/><D127/><U122/><E4/><V78/><F78/><W106/><G117/><T46/><D46/><U87/><E0/><V59/><F59/><W8/><G39/><T72/><D72/><U23/><E23/><V130/><F130/><W64/><G8/><T24/><D12/><U80/><E77/><AGARI ba="0,0" hai="13,18,20,21,24,29,77,82,86,88,90,92,93,94" machi="77" ten="40,5200,0" yaku="8,1,52,1,54,1" doraHai="11" who="0" fromWho="1" sc="160,52,460,-52,192,0,188,0" owari="212,1.0,408,51.0,192,-21.0,188,-31.0" /></mjloggm>