<mjloggm ver="2.3"><GO type="41" lobby="0"/><UN n0="%E3%83%8E%E3%82%A8%E3%83%95%E3%83%AC%E3%81%AF%E3%82%AC%E3%83%81" n1="%E2%93%9D%53%75%70%68%78" n2="%70%6F%6E%70%6F%6E%73%6E" n3="%E8%B6%85%E4%BB%A3%E6%89%93" dan="13,18,14,15" rate="1885.85,2093.13,1928.88,2084.24" sx="M,M,M,F"/><TAIKYOKU oya="0"/><INIT seed="0,0,0,2,1,115" ten="250,250,250,250" oya="0" hai0="5,11,12,7,66,120,91,8,69,17,81,96,71" hai1="46,21,59,58,49,79,116,127,112,61,14,31,122" hai2="26,93,2,67,52,50,51,80,54,100,33,117,106" hai3="6,94,53,76,90,130,38,62,74,101,15,13,65"/><T1/><D120/><U63/><E127/><V132/><F2/><W92/><G38/><T9/><D66/><U73/><E73/><V16/><F106/><W88/><G130/><T56/><D56/><U134/><E134/><V0/><F132/><W22/><G53/><N who="2" m="20585" /><F33/><W129/><G129/><T19/><D19/><U85/><E122/><V118/><F0/><W39/><G39/><T68/><D96/><U84/><E79/><V43/><F67/><W109/><G109/><T18/><D91/><U95/><E112/><V97/><F80/><W135/><G135/><T23/><D81/><U40/><E59/><V60/><F60/><W28/><G74/><T45/><D45/><U99/><E63/><V103/><F100/><W133/><G133/><T64/><D64/><U78/><E78/><V27/><F27/><W113/><G76/><T55/><D55/><U87/><E61/><V41/><F43/><W47/><G113/><T82/><D82/><U83/><E83/><V89/><F103/><W105/><G101/><T32/><D32/><U128/><E58/><V111/><F41/><W3/><G105/><T119/><D23/><U29/><E128/><V114/><F114/><W48/><G62/><T102/><D102/><N who="1" m="60799" /><E21/><N who="2" m="13607" /><F111/><W86/><G65/><T75/><D75/><U104/><E104/><V98/><F97/><N who="3" m="57479" /><G28/><T131/><D131/><U20/><E31/><V108/><F108/><W34/><G34/><T44/><D44/><U24/><E87/><V10/><F10/><N who="0" m="4202" /><D1/><U125/><E85/><V121/><F121/><W77/><G77/><T57/><D68/><U123/><E123/><RYUUKYOKU ba="0,0" sc="250,-10,250,-10,250,30,250,-10" hai2="50,51,89,93,98,117,118" /><INIT seed="1,1,0,5,4,129" ten="240,240,280,240" oya="1" hai0="123,133,37,29,69,125,59,64,71,40,105,19,20" hai1="43,68,14,115,12,73,119,121,52,92,72,104,65" hai2="118,93,88,30,22,51,46,4,132,47,16,8,24" hai3="97,11,58,81,21,89,95,45,96,18,122,79,111"/><U23/><E104/><V25/><F118/><W53/><G111/><T3/><D105/><U70/><E43/><V13/><F132/><W26/><G122/><T85/><D3/><U55/><E92/><V28/><F25/><W17/><G96/><T1/><D1/><U61/><E121/><V87/><F47/><W15/><G45/><T103/><D103/><U86/><E86/><V124/><F124/><W131/><G131/><T60/><D29/><U90/><E90/><V33/><F33/><W57/><REACH who="3" step="1"/><G53/><AGARI ba="1,0" hai="4,8,13,16,22,24,28,30,46,51,53,87,88,93" machi="53" ten="30,7700,0" yaku="7,1,8,1,54,2" doraHai="129" who="2" fromWho="3" sc="240,0,240,0,280,80,240,-80" /><INIT seed="2,0,0,4,2,87" ten="240,240,360,160" oya="2" hai0="101,39,32,73,72,60,3,132,48,18,84,4,122" hai1="9,20,30,53,118,13,99,91,10,25,135,117,76" hai2="65,68,31,21,29,15,111,50,63,67,75,58,47" hai3="114,108,129,96,125,37,83,35,44,102,24,78,123"/><V113/><F113/><W40/><G114/><T41/><D18/><U5/><E76/><V90/><F75/><W12/><G108/><T112/><D48/><U55/><E135/><V110/><F67/><W11/><G125/><T71/><D112/><U1/><E55/><V28/><F68/><W130/><G123/><T93/><D132/><U116/><E53/><V14/><F21/><W77/><G24/><T7/><D7/><U54/><E54/><V61/><F63/><W62/><G62/><T81/><D32/><U70/><E70/><V103/><F103/><W2/><G35/><T97/><D4/><U8/><REACH who="1" step="1"/><E1/><REACH who="1" ten="240,230,360,160" step="2"/><V52/><F111/><W89/><G2/><T131/><D3/><U107/><E107/><V106/><F106/><W43/><G77/><T64/><D122/><U59/><E59/><V46/><F47/><W98/><G78/><T119/><D119/><U95/><AGARI ba="0,1" hai="5,8,9,10,13,20,25,30,91,95,99,116,117,118" machi="95" ten="40,8000,1" yaku="1,1,0,1,52,1,53,1" doraHai="87" doraHaiUra="92" who="1" fromWho="1" sc="240,-20,230,90,360,-40,160,-20" /><INIT seed="3,0,0,4,0,55" ten="220,320,320,140" oya="3" hai0="80,90,132,115,104,28,27,63,33,41,128,39,89" hai1="112,52,81,47,100,134,102,103,77,105,43,94,36" hai2="60,116,12,17,9,50,88,14,46,34,121,86,114" hai3="85,58,107,40,59,99,6,22,118,1,26,30,56"/><W129/><G118/><T76/><D128/><U62/><E112/><V131/><F131/><W93/><G129/><T97/><D132/><U111/><E105/><V71/><F34/><W11/><G107/><T82/><D41/><U48/><E111/><V122/><F114/><W106/><G106/><T13/><D39/><U25/><E134/><V135/><F116/><W23/><G40/><T127/><D127/><U110/><E110/><V113/><F113/><W53/><G85/><T18/><D80/><U78/><E25/><V72/><F72/><W15/><G1/><T109/><D109/><U4/><E4/><V20/><F71/><W29/><G22/><T3/><D3/><U24/><E24/><V117/><F60/><N who="3" m="35855" /><G29/><T125/><D125/><U75/><E78/><V123/><F117/><W64/><G64/><T95/><D104/><U10/><E10/><V74/><F74/><W84/><G84/><T79/><D79/><U67/><E36/><V2/><F2/><W54/><G54/><T7/><D115/><U66/><E66/><V31/><F31/><W119/><G119/><T21/><D63/><U126/><E43/><V16/><F135/><W32/><G32/><T70/><D70/><U91/><E126/><V130/><F130/><W35/><G35/><T42/><D42/><U92/><REACH who="1" step="1"/><E91/><AGARI ba="0,0" hai="6,11,15,23,26,30,58,59,91,93,99" m="35855" machi="91" ten="30,11600,0" yaku="8,1,52,3" doraHai="55" who="3" fromWho="1" sc="220,0,320,-116,320,0,140,116" /><INIT seed="3,1,0,1,0,113" ten="220,204,320,256" oya="3" hai0="118,102,103,88,29,52,99,63,15,82,16,59,62" hai1="77,33,90,87,130,73,75,108,83,53,55,41,27" hai2="107,93,123,84,0,9,39,85,32,38,11,54,132" hai3="69,43,124,36,7,25,5,74,65,119,112,42,129"/><W95/><G112/><T40/><D40/><U17/><E108/><V109/><F109/><W101/><G74/><T120/><D120/><U96/><E130/><V19/><F32/><W60/><G129/><T35/><D35/><U78/><E41/><V72/><F72/><W31/><G119/><T3/><D3/><U131/><E131/><V94/><F107/><W30/><G124/><T58/><D29/><U81/><E96/><V86/><F0/><W128/><G128/><T133/><D133/><U49/><E49/><V66/><F66/><W47/><G42/><T6/><D6/><U126/><E126/><V8/><F123/><W71/><G71/><T100/><D118/><U91/><E17/><V68/><F68/><W111/><G111/><T127/><D127/><U80/><REACH who="1" step="1"/><E91/><REACH who="1" ten="220,194,320,256" step="2"/><V24/><F132/><W92/><G30/><AGARI ba="1,1" hai="27,30,33,53,55,73,75,77,78,80,81,83,87,90" machi="30" ten="40,5200,0" yaku="1,1,2,1,9,1,53,0" doraHai="113" doraHaiUra="115" who="1" fromWho="3" sc="220,0,194,65,320,0,256,-55" /><INIT seed="4,0,0,5,3,38" ten="220,259,320,201" oya="0" hai0="104,58,126,132,131,61,33,120,93,69,36,52,23" hai1="49,55,46,54,0,39,8,78,102,73,86,21,17" hai2="28,53,90,80,34,97,89,100,35,6,101,84,70" hai3="77,56,10,135,125,48,11,124,16,96,37,64,134"/><T59/><D104/><U108/><E108/><V32/><F70/><W29/><G77/><T1/><D33/><U15/><E73/><V51/><F28/><W47/><G29/><T79/><D120/><U103/><E39/><V91/><F6/><W13/><G96/><T26/><D1/><U109/><E109/><V127/><F127/><N who="3" m="48715" /><G64/><T122/><D69/><U30/><E0/><V43/><F53/><N who="3" m="31783" /><G10/><T22/><D122/><U105/><E105/><V81/><F97/><W25/><G25/><T107/><D107/><U2/><E55/><V66/><F66/><W62/><G62/><T60/><D131/><U57/><E2/><V115/><F115/><W121/><G121/><T129/><D132/><N who="3" m="50729" /><G37/><T88/><D36/><U94/><E78/><V75/><F75/><W27/><G27/><T41/><D129/><U9/><E30/><V42/><F51/><W119/><G47/><T123/><D123/><U85/><E46/><V99/><F99/><W12/><G12/><T44/><D79/><U116/><E9/><V76/><REACH who="2" step="1"/><F81/><REACH who="2" ten="220,259,310,201" step="2"/><W110/><G110/><T65/><D126/><U95/><E49/><V3/><F3/><W20/><G11/><T133/><D133/><U50/><E8/><V118/><F118/><AGARI ba="0,1" hai="13,16,20,118,119" m="50729,31783,48715" machi="118" ten="30,3900,0" yaku="18,1,20,1,54,1" doraHai="38" who="3" fromWho="2" sc="220,0,259,0,310,-39,201,49" /><INIT seed="5,0,0,0,5,37" ten="220,259,271,250" oya="1" hai0="106,10,62,34,65,76,109,8,102,46,47,15,80" hai1="107,112,94,119,92,55,126,16,35,54,101,31,53" hai2="40,25,93,99,71,45,117,72,64,42,61,23,70" hai3="84,85,51,58,12,130,113,3,96,68,14,114,79"/><U129/><E119/><V11/><F72/><W75/><G68/><T97/><D109/><U108/><E108/><V36/><F11/><W43/><G3/><T13/><D34/><U1/><E1/><V33/><F33/><W24/><G24/><T69/><D46/><U115/><E129/><V134/><F134/><W82/><G130/><T83/><D83/><U20/><E126/><V125/><F125/><W123/><G123/><T41/><D10/><U118/><E118/><V86/><F86/><W0/><G0/><T110/><D8/><U116/><E116/><V67/><F67/><W133/><G133/><T5/><D5/><U87/><E31/><V105/><F105/><W128/><G128/><T63/><D63/><U74/><E74/><V77/><F77/><W120/><G96/><T22/><D22/><U111/><E35/><V29/><F42/><W38/><G84/><T60/><D60/><U132/><E111/><V89/><F117/><W57/><G120/><T44/><D44/><U81/><E107/><V121/><REACH who="2" step="1"/><F121/><REACH who="2" ten="220,259,261,250" step="2"/><W9/><G75/><T90/><D110/><U49/><E132/><V131/><F131/><W52/><G43/><T124/><D124/><U18/><E87/><V21/><F21/><W2/><G9/><T59/><D76/><U104/><E20/><V4/><F4/><W50/><G2/><T27/><D41/><U30/><E104/><V78/><F78/><W95/><G95/><T17/><D106/><U7/><E94/><V122/><F122/><W98/><G79/><T88/><D65/><U6/><E6/><V100/><F100/><RYUUKYOKU ba="0,1" sc="220,-10,259,-10,261,30,250,-10" hai2="23,25,29,36,40,45,61,64,70,71,89,93,99" /><INIT seed="6,1,1,5,2,37" ten="210,249,291,240" oya="2" hai0="130,1,34,79,15,119,0,40,9,76,32,4,30" hai1="48,109,92,31,75,50,100,77,118,66,68,134,123" hai2="10,20,61,110,33,46,85,87,103,3,2,115,28" hai3="82,19,78,11,86,70,45,67,16,94,81,102,44"/><V108/><F33/><W98/><G70/><T120/><D130/><U107/><E109/><N who="2" m="42091" /><F103/><W12/><G67/><T6/><D120/><U74/><E107/><V65/><F10/><W84/><REACH who="3" step="1"/><G19/><REACH who="3" ten="210,249,291,230" step="2"/><T72/><D119/><U135/><E66/><V27/><F115/><W35/><G35/><T113/><D113/><U126/><E68/><N who="2" m="42031" /><F46/><W52/><G52/><T42/><D72/><U47/><E47/><V41/><F41/><W99/><G99/><T25/><D34/><U91/><E75/><V54/><F54/><W93/><G93/><T117/><D117/><U90/><E92/><V125/><F125/><W39/><G39/><T106/><D106/><U83/><E126/><V71/><F71/><W24/><G24/><T26/><D25/><U56/><E118/><V63/><F63/><W89/><AGARI ba="1,2" hai="11,12,16,44,45,78,81,82,84,86,89,94,98,102" machi="89" ten="20,8000,1" yaku="1,1,0,1,7,1,8,1,54,1,53,0" doraHai="37" doraHaiUra="122" who="3" fromWho="3" sc="210,-21,249,-21,291,-41,230,103" /><INIT seed="7,0,0,3,1,93" ten="189,228,250,333" oya="3" hai0="131,21,126,87,77,81,128,86,33,18,95,70,107" hai1="124,0,43,51,134,52,31,12,14,58,37,133,125" hai2="80,29,41,17,103,79,15,110,54,67,34,117,123" hai3="16,116,73,135,82,76,9,75,40,69,45,108,61"/><W106/><G116/><T53/><D33/><U10/><E31/><V5/><F117/><W99/><G108/><T25/><D70/><U105/><E105/><V57/><F5/><W23/><G135/><N who="1" m="51722" /><E0/><V102/><F67/><W26/><G69/><T19/><D107/><U22/><E22/><V59/><F57/><W68/><G68/><T49/><D126/><N who="1" m="48747" /><E10/><V2/><F2/><W55/><G9/><T35/><D35/><U119/><E119/><V47/><F123/><W127/><G73/><T122/><D122/><U46/><AGARI ba="0,0" hai="12,14,37,43,46,51,52,58" m="48747,51722" machi="46" ten="40,5200,0" yaku="20,1,18,1,54,1" doraHai="93" who="1" fromWho="1" sc="189,-13,228,52,250,-13,333,-26" owari="176,-32.0,280,8.0,237,-16.0,307,40.0" /></mjloggm>