<mjloggm ver="2.3"><GO type="41" lobby="0"/><UN n0="%E3%81%95%E3%82%93%E3%81%BE%E7%84%BC%E3%81%8D" n1="%E2%93%9D%53%75%70%68%78" n2="%79%6D%75%72%61%6F" n3="%62%61%62%65%72%75%74%68" dan="13,18,14,14" rate="1902.54,2147.52,1903.37,1919.28" sx="M,M,M,M"/><TAIKYOKU oya="0"/><INIT seed="0,0,0,1,2,64" ten="250,250,250,250" oya="0" hai0="52,65,58,132,101,55,81,99,114,73,51,77,45" hai1="22,34,91,28,25,128,12,89,47,80,14,32,116" hai2="43,78,11,27,75,100,2,16,36,20,63,23,103" hai3="96,41,109,7,40,17,110,133,129,102,6,117,0"/><T106/><D132/><U92/><E128/><V113/><F113/><W8/><G117/><T97/><D114/><U71/><E116/><V98/><F63/><W118/><G118/><T56/><D99/><U10/><E71/><V124/><F124/><W21/><G133/><T127/><D127/><U5/><E47/><V74/><F78/><W39/><G7/><T76/><D76/><U61/><E61/><V134/><F134/><W9/><G9/><T83/><D83/><U67/><E67/><V54/><F54/><W112/><G129/><T119/><D119/><U60/><E60/><V59/><F59/><W62/><G62/><T42/><REACH who="0" step="1"/><D65/><REACH who="0" ten="240,250,250,250" step="2"/><U48/><E80/><V4/><F98/><W53/><G112/><T115/><D115/><U66/><E66/><V37/><F75/><W86/><G86/><T107/><D107/><U88/><E92/><V90/><F74/><W95/><G39/><T104/><D104/><U29/><E91/><V57/><F90/><W1/><G96/><T87/><D87/><U33/><E89/><V72/><F72/><W82/><G82/><T38/><D38/><U120/><E88/><V3/><F37/><W121/><G95/><T135/><D135/><U44/><E120/><V122/><F36/><W131/><G121/><T30/><D30/><U130/><E130/><V93/><F122/><W19/><G131/><T85/><D85/><U126/><E126/><V15/><F93/><W50/><G102/><T31/><D31/><U13/><E29/><V111/><F103/><W68/><G0/><T105/><D105/><U94/><E94/><RYUUKYOKU ba="0,1" sc="240,15,250,15,250,-15,250,-15" hai0="42,45,51,52,55,56,58,73,77,81,97,101,106" hai1="5,10,12,13,14,22,25,28,32,33,34,44,48" /><INIT seed="0,1,1,4,4,58" ten="255,265,235,235" oya="0" hai0="52,66,127,27,36,89,113,115,92,81,56,44,118" hai1="90,77,40,78,4,29,120,123,104,39,97,30,131" hai2="46,35,34,23,109,5,60,95,67,103,17,28,106" hai3="130,100,51,108,83,55,12,61,86,94,88,117,75"/><T119/><D27/><U31/><E4/><V70/><F109/><W85/><G108/><T128/><D81/><U59/><E131/><V47/><F5/><W15/><G130/><T26/><D26/><U62/><E39/><V87/><F28/><W101/><G75/><T126/><D128/><U10/><E40/><V11/><F106/><W0/><G0/><T112/><D89/><U13/><E123/><V37/><F11/><W96/><G117/><N who="0" m="44555" /><D92/><N who="1" m="56471" /><E104/><V121/><F121/><W50/><G50/><N who="0" m="30743" /><D66/><N who="1" m="39263" /><E120/><V68/><F34/><W122/><G122/><T73/><D73/><U80/><E80/><V82/><F35/><W105/><G101/><T14/><D14/><U45/><E13/><V49/><F103/><W32/><G32/><T41/><AGARI ba="1,1" hai="36,41,44,112,113,115,126,127" m="30743,44555" machi="41" ten="40,7800,0" yaku="34,2,54,1" doraHai="58" who="0" fromWho="0" sc="255,91,265,-27,235,-27,235,-27" /><INIT seed="0,2,0,1,5,41" ten="346,238,208,208" oya="0" hai0="122,45,111,106,33,31,28,51,127,23,132,17,93" hai1="18,69,58,25,4,72,129,98,60,35,92,27,108" hai2="125,74,55,9,36,109,59,73,87,26,2,7,62" hai3="135,89,113,66,95,32,84,19,114,131,14,63,71"/><T120/><D106/><U0/><E72/><V39/><F109/><W80/><G135/><T94/><D132/><U43/><E69/><V56/><F125/><W3/><G3/><T90/><D127/><U38/><E129/><V78/><F36/><W29/><G131/><T12/><D111/><U119/><E119/><V133/><F39/><W107/><G107/><T117/><D117/><U103/><E35/><V47/><F133/><W115/><G29/><T42/><D93/><U52/><E108/><V22/><F59/><W75/><G32/><T76/><D76/><U46/><REACH who="1" step="1"/><E18/><REACH who="1" ten="346,228,208,208" step="2"/><V96/><F74/><W54/><G75/><T116/><D116/><U105/><E105/><V68/><F73/><W79/><G115/><T65/><D33/><U20/><E20/><V121/><F68/><W82/><G114/><T40/><D120/><U81/><E81/><V30/><F22/><W97/><G113/><T1/><D122/><U5/><E5/><V21/><F21/><W123/><G123/><T124/><D124/><U70/><E70/><V10/><F7/><W99/><G82/><T48/><D1/><U13/><E13/><V110/><F2/><W88/><G79/><T16/><D17/><U126/><E126/><V77/><F78/><W24/><G24/><T67/><D31/><U49/><E49/><N who="2" m="29119" /><F110/><W128/><G128/><T37/><D28/><U102/><E102/><V57/><F77/><W15/><G15/><T134/><D134/><U91/><E91/><V101/><F30/><W85/><G54/><T61/><D65/><U6/><E6/><V50/><F121/><RYUUKYOKU ba="2,1" sc="346,-15,228,15,208,-15,208,15" hai1="0,4,25,27,38,43,46,52,58,60,92,98,103" hai3="14,19,63,66,71,80,84,85,88,89,95,97,99" /><INIT seed="1,3,1,4,3,107" ten="331,243,193,223" oya="1" hai0="46,106,117,48,82,54,8,11,52,119,4,25,94" hai1="78,75,56,120,68,28,34,2,126,122,58,129,23" hai2="37,45,60,49,19,35,66,86,21,26,15,103,69" hai3="101,99,80,92,65,88,72,74,109,47,30,76,84"/><U29/><E68/><V95/><F37/><W50/><G65/><T64/><D106/><U13/><E2/><V67/><F67/><W27/><G109/><T5/><D64/><U51/><E34/><V12/><F35/><W116/><G116/><T18/><D94/><U20/><E129/><V38/><F38/><W135/><G135/><T108/><D108/><U85/><E85/><V70/><F70/><W93/><G27/><T96/><D96/><U53/><E126/><V131/><F131/><W98/><G30/><T102/><D102/><U0/><E0/><V123/><F123/><W32/><G32/><T57/><D82/><U105/><E105/><V31/><F103/><W133/><G133/><T44/><D25/><U6/><E6/><V77/><F95/><W124/><G124/><T121/><D121/><U22/><E13/><V62/><F86/><W130/><G130/><T83/><D83/><U91/><E91/><V7/><F77/><W114/><G114/><T63/><D18/><U33/><E33/><V9/><F60/><W89/><G101/><T71/><D71/><U43/><E122/><V55/><REACH who="2" step="1"/><F31/><REACH who="2" ten="331,243,183,223" step="2"/><W36/><G36/><T97/><D97/><U39/><E120/><V42/><F42/><AGARI ba="3,2" hai="42,47,50,72,74,76,80,84,88,89,92,93,98,99" machi="42" ten="30,8000,1" yaku="7,1,9,1,52,2,54,1" doraHai="107" who="3" fromWho="2" sc="331,0,243,0,183,-89,223,109" /><INIT seed="2,0,0,1,3,68" ten="331,243,94,332" oya="2" hai0="50,37,25,42,47,35,61,79,48,123,109,22,34" hai1="29,46,60,121,1,33,21,8,122,113,77,65,53" hai2="119,135,0,57,10,108,18,99,20,90,124,58,112" hai3="13,88,110,3,115,52,59,45,36,129,120,89,128"/><V134/><F112/><W132/><G3/><T100/><D123/><N who="1" m="47115" /><E33/><V69/><F119/><W23/><G120/><T118/><D118/><U92/><E77/><V107/><F69/><W12/><G115/><T78/><D109/><U63/><E92/><N who="2" m="56727" /><F107/><W19/><G110/><T130/><D130/><N who="3" m="50281" /><G132/><N who="2" m="50729" /><F108/><W126/><G126/><T96/><D61/><U80/><E63/><V2/><F124/><W95/><G13/><T67/><D67/><U40/><E65/><V93/><F93/><W74/><G74/><T73/><D34/><U72/><E72/><V97/><F97/><W66/><G66/><T11/><D11/><U103/><E8/><V91/><F91/><W15/><G15/><T44/><D35/><U30/><E113/><V81/><F81/><W16/><G19/><T104/><D73/><U106/><E80/><V87/><F87/><N who="3" m="52639" /><G89/><T82/><D82/><U71/><E106/><V125/><F125/><W84/><G84/><T70/><D70/><U4/><E71/><V9/><F2/><W117/><G117/><T94/><D104/><U111/><E111/><V14/><F0/><W114/><G114/><T24/><D24/><U39/><E103/><V43/><F9/><W26/><G26/><T105/><D105/><U56/><E1/><V5/><F10/><W86/><G86/><T64/><D64/><U75/><E75/><V51/><F5/><W28/><G28/><N who="1" m="10858" /><E4/><V7/><F7/><W101/><G101/><T38/><D79/><U6/><E6/><V17/><F17/><W85/><G85/><T133/><D133/><U54/><E21/><V62/><F20/><RYUUKYOKU ba="0,0" sc="331,-10,243,30,94,-10,332,-10" hai1="39,40,46,53,54,56,60" /><INIT seed="3,1,0,3,2,101" ten="321,273,84,322" oya="3" hai0="105,70,41,114,110,1,22,43,6,31,27,135,84" hai1="77,95,120,109,106,8,131,91,132,36,17,122,33" hai2="90,113,46,112,107,38,124,108,21,40,64,117,12" hai3="55,30,89,15,7,88,94,26,82,52,134,73,45"/><W3/><G3/><T80/><D70/><U14/><E36/><V86/><F117/><W68/><G68/><T54/><D110/><U127/><E109/><V58/><F107/><W39/><G134/><T83/><D135/><U65/><E33/><V13/><F108/><W42/><G89/><T103/><D114/><U16/><E132/><V10/><F124/><W60/><G60/><T61/><D6/><U37/><E37/><V9/><F21/><W25/><G25/><T100/><D1/><U63/><E77/><V51/><F38/><W92/><G92/><T79/><D83/><U121/><E131/><V29/><F29/><W62/><G62/><T23/><D23/><U50/><E50/><V0/><F0/><W118/><G118/><T18/><D31/><U119/><E106/><V128/><F128/><W93/><G93/><T35/><D35/><U125/><E17/><V75/><F75/><W76/><G15/><T19/><D19/><U102/><E102/><N who="0" m="38953" /><D105/><U4/><E4/><V32/><F32/><W126/><G7/><T24/><D24/><U11/><E11/><V130/><F130/><W2/><G126/><T59/><AGARI ba="1,0" hai="18,22,27,41,43,54,59,61,79,80,84" m="38953" machi="59" ten="30,1100,0" yaku="8,1" doraHai="101" who="0" fromWho="0" sc="321,14,273,-4,84,-4,322,-6" /><INIT seed="4,0,0,5,2,39" ten="335,269,80,316" oya="0" hai0="75,51,120,35,105,69,8,65,12,47,7,26,44" hai1="128,84,60,2,113,99,92,29,133,93,6,59,13" hai2="87,96,83,22,57,55,109,54,14,78,62,102,52" hai3="123,23,11,116,89,68,24,10,40,21,20,38,90"/><T63/><D120/><U73/><E73/><V111/><F109/><W81/><G68/><T130/><D130/><U82/><E2/><V4/><F111/><W118/><G24/><T33/><D75/><U50/><E133/><V129/><F129/><W1/><G123/><T5/><D105/><U0/><E0/><V17/><REACH who="2" step="1"/><F4/><REACH who="2" ten="335,269,70,316" step="2"/><W32/><G118/><T53/><D7/><U86/><E6/><V61/><F61/><W126/><G116/><T94/><D35/><U66/><E128/><V85/><F85/><W110/><G32/><T25/><D33/><U18/><E86/><V42/><F42/><W131/><G110/><T3/><D3/><U77/><E113/><V37/><F37/><W95/><G131/><T30/><D30/><U9/><E29/><V36/><F36/><W125/><G1/><T88/><REACH who="0" step="1"/><D47/><REACH who="0" ten="325,269,70,316" step="2"/><U117/><E117/><V27/><F27/><W115/><G115/><T100/><D100/><U121/><E121/><V74/><F74/><W114/><G114/><T79/><D79/><U34/><E34/><V64/><F64/><W58/><G90/><T122/><D122/><U28/><E28/><V41/><F41/><W132/><G40/><T70/><D70/><U72/><E72/><V76/><F76/><W103/><G103/><T135/><D135/><U49/><REACH who="1" step="1"/><E93/><AGARI ba="0,2" hai="14,17,22,52,54,55,57,62,78,83,87,93,96,102" machi="93" ten="30,7700,0" yaku="1,1,7,1,8,1,54,1,53,0" doraHai="39" doraHaiUra="46" who="2" fromWho="1" sc="325,0,269,-77,70,97,316,0" /><INIT seed="5,0,0,2,1,42" ten="325,192,167,316" oya="1" hai0="14,116,9,110,73,68,1,61,57,113,96,103,107" hai1="45,49,37,15,79,44,120,2,131,111,47,10,20" hai2="17,108,66,56,104,32,98,118,28,114,4,13,3" hai3="41,12,7,6,24,0,82,33,126,74,59,8,63"/><U102/><E120/><V83/><F118/><W39/><G126/><T18/><D116/><U84/><E37/><V97/><F108/><W46/><G33/><T106/><D110/><U134/><E111/><V40/><F114/><W54/><G24/><T112/><D73/><U95/><E2/><V72/><F40/><W117/><G7/><T86/><D68/><U60/><E131/><V75/><F32/><W115/><G12/><T21/><D86/><U127/><E134/><V16/><F28/><W62/><G115/><N who="0" m="44107" /><D1/><U48/><E60/><V123/><F123/><W81/><G117/><T128/><D128/><U121/><E127/><V93/><F104/><W22/><G22/><T50/><D50/><N who="1" m="19563" /><E20/><V99/><F75/><W53/><G74/><T29/><D29/><U38/><E38/><V71/><F3/><W125/><G125/><T129/><D129/><U23/><E23/><V70/><F71/><W87/><G87/><T130/><D130/><U92/><E102/><V101/><F70/><W76/><G76/><T65/><D21/><U77/><E121/><V43/><F101/><W124/><REACH who="3" step="1"/><G124/><REACH who="3" ten="325,192,167,306" step="2"/><T5/><D5/><N who="1" m="3535" /><E84/><V119/><F72/><W91/><G91/><T80/><D80/><U52/><E52/><V90/><F83/><W69/><G69/><T35/><D35/><U88/><E88/><V25/><F119/><W11/><G11/><T34/><D34/><U78/><AGARI ba="0,1" hai="44,45,47,77,78,79,92,95" m="3535,19563" machi="78" ten="40,12000,1" yaku="8,1,52,3" doraHai="42" who="1" fromWho="1" sc="325,-40,192,130,167,-40,306,-40" /><INIT seed="5,1,0,5,0,122" ten="285,322,127,266" oya="1" hai0="32,114,11,62,33,74,50,105,82,29,124,71,38" hai1="5,87,49,89,28,118,92,104,127,67,19,107,44" hai2="56,83,53,128,61,108,35,116,34,57,134,81,63" hai3="31,115,18,77,21,97,73,102,69,91,75,17,65"/><U117/><E28/><V55/><F116/><W126/><G115/><T119/><D38/><U23/><E127/><V9/><F128/><W0/><G0/><T88/><D119/><U60/><E5/><V20/><F134/><W130/><G126/><T58/><D114/><U8/><E8/><V110/><F20/><W90/><G130/><T45/><D105/><U37/><E37/><V46/><F46/><W103/><G65/><T2/><D71/><U48/><E48/><V76/><F76/><W131/><G131/><T95/><D124/><U27/><E107/><V78/><F78/><W1/><G1/><T12/><D2/><U79/><E104/><V85/><F85/><W101/><G69/><T133/><D82/><U106/><E106/><V54/><REACH who="2" step="1"/><F55/><REACH who="2" ten="285,322,117,266" step="2"/><W98/><G77/><T66/><D133/><U24/><E79/><V96/><F96/><N who="3" m="36971" /><G21/><T16/><D74/><N who="3" m="28169" /><G31/><T43/><REACH who="0" step="1"/><D29/><REACH who="0" ten="275,322,117,266" step="2"/><U30/><E30/><V125/><F125/><W15/><G103/><T99/><AGARI ba="1,2" hai="11,12,16,32,33,43,45,50,58,62,66,88,95,99" machi="99" ten="20,12000,2" yaku="1,1,2,1,0,1,7,1,54,2,53,0" doraHai="122" doraHaiUra="64" who="0" fromWho="0" sc="275,143,322,-61,117,-31,266,-31" /><INIT seed="6,0,0,1,5,26" ten="418,261,86,235" oya="2" hai0="62,65,3,106,79,11,47,112,84,109,48,68,19" hai1="10,37,130,125,102,61,93,80,129,107,51,5,17" hai2="59,91,97,92,43,23,25,94,40,9,12,41,113" hai3="128,73,114,50,78,111,103,14,127,4,131,81,1"/><V13/><F113/><W82/><G111/><T88/><D112/><U44/><E107/><V76/><F76/><W86/><G114/><T101/><D109/><U53/><E37/><V121/><F121/><W118/><G1/><T83/><D101/><U49/><E125/><V74/><F74/><W75/><G4/><T32/><D106/><U124/><E17/><V132/><F132/><W38/><G38/><T122/><D32/><U45/><E61/><V0/><F0/><W54/><G118/><T7/><D122/><U98/><E80/><V100/><F59/><W36/><G36/><T42/><REACH who="0" step="1"/><D19/><REACH who="0" ten="408,261,86,235" step="2"/><U16/><E16/><V110/><F110/><W85/><G103/><T120/><D120/><U35/><E35/><V24/><F24/><W77/><G127/><T20/><D20/><U126/><E126/><V96/><REACH who="2" step="1"/><F9/><REACH who="2" ten="408,261,76,235" step="2"/><W27/><G27/><T108/><D108/><U89/><E124/><V28/><AGARI ba="0,2" hai="12,13,23,25,28,40,41,43,91,92,94,96,97,100" machi="28" ten="30,12000,1" yaku="1,1,2,1,0,1,8,1,52,1,53,0" doraHai="26" doraHaiUra="69" who="2" fromWho="2" sc="408,-40,261,-40,76,140,235,-40" /><INIT seed="6,1,0,4,2,85" ten="368,221,216,195" oya="2" hai0="73,40,114,9,37,15,48,135,126,62,30,12,11" hai1="4,44,3,119,101,63,130,71,45,65,106,31,120" hai2="80,83,19,6,52,54,34,79,75,82,118,90,70" hai3="17,53,28,8,134,68,99,35,128,23,86,10,110"/><V108/><F118/><W123/><G110/><T122/><D73/><U5/><E119/><V26/><F108/><W132/><G68/><T92/><D122/><U21/><E130/><V60/><F6/><W133/><G99/><T7/><D114/><U100/><E120/><V24/><F24/><N who="3" m="18823" /><G53/><T49/><D126/><U72/><E72/><V74/><F74/><W78/><G78/><T14/><D135/><N who="3" m="34561" /><W36/><DORA hai="129" /><G86/><T39/><D30/><U109/><E31/><V115/><F115/><W25/><G36/><T16/><D92/><U50/><E71/><V61/><F75/><W91/><G91/><T13/><D37/><U76/><E76/><V96/><F79/><W64/><G64/><T77/><D39/><U46/><E65/><V32/><F70/><W125/><G128/><T41/><D77/><U121/><E109/><V88/><F82/><W56/><G56/><T124/><D124/><U84/><E121/><V0/><F96/><W59/><G59/><T27/><D62/><U58/><E63/><V22/><F0/><W89/><G123/><T102/><D102/><U112/><E101/><V95/><F32/><W42/><G125/><T67/><D67/><U93/><E112/><V104/><F34/><W18/><G89/><N who="2" m="34409" /><F95/><W111/><G111/><T87/><D87/><U117/><E117/><V47/><F104/><W2/><G42/><T55/><D40/><U20/><E84/><V43/><F54/><W127/><G127/><T38/><D55/><N who="1" m="32119" /><E106/><V1/><F52/><W66/><G66/><T105/><D105/><U33/><E93/><V116/><F116/><RYUUKYOKU ba="1,0" sc="368,0,221,0,216,0,195,0" /><INIT seed="7,2,0,0,2,48" ten="368,221,216,195" oya="3" hai0="127,89,125,81,108,99,2,58,129,77,59,56,34" hai1="90,4,6,135,8,28,3,87,16,133,131,115,63" hai2="26,119,32,33,44,62,37,79,24,53,83,31,109" hai3="105,117,18,23,35,111,12,95,20,66,80,7,11"/><W57/><G105/><T60/><D108/><U92/><E115/><V27/><F109/><W102/><G111/><T45/><D34/><U72/><E131/><V42/><F119/><W110/><G110/><T70/><D2/><U74/><E28/><V13/><F33/><W10/><G35/><T122/><D122/><U67/><E16/><V112/><F112/><W22/><G117/><T68/><D129/><U41/><E41/><V25/><F13/><N who="3" m="5343" /><G80/><T123/><D45/><U132/><E6/><V98/><F98/><N who="3" m="59743" /><G66/><T1/><D1/><U93/><E93/><V130/><F130/><W15/><G57/><AGARI ba="2,0" hai="3,4,8,57,63,67,72,74,87,90,92,132,133,135" machi="57" ten="40,1300,0" yaku="20,1" doraHai="48" who="1" fromWho="3" sc="368,0,221,19,216,0,195,-19" owari="368,46.0,240,4.0,216,-18.0,176,-32.0" /></mjloggm>