<mjloggm ver="2.3"><GO type="41" lobby="0"/><UN n0="%E2%93%9D%53%75%70%68%78" n1="%E3%83%93%E3%82%B9%E3%82%AD%E3%83%BC" n2="%E5%B9%B8%E3%81%9B%E3%82%B9%E3%83%91%E3%82%A4%E3%83%A9%E3%83%AB" n3="%E3%82%8D%E3%82%93%E3%81%A9%E3%82%93%E3%81%AE%E3%81%84%E3%81%AC" dan="18,14,14,13" rate="2110.47,1856.60,1842.18,1926.52" sx="M,M,F,M"/><TAIKYOKU oya="0"/><INIT seed="0,0,0,4,3,63" ten="250,250,250,250" oya="0" hai0="114,77,51,21,34,75,46,49,109,96,19,3,20" hai1="8,90,33,55,115,92,110,15,17,129,4,31,102" hai2="117,12,58,111,86,123,36,64,84,16,30,32,104" hai3="48,66,93,41,72,131,88,29,132,119,68,25,125"/><T40/><D114/><U71/><E115/><V1/><F123/><W101/><G119/><T60/><D34/><U52/><E110/><V130/><F1/><W18/><G131/><T26/><D3/><U23/><E129/><V100/><F111/><W45/><G132/><T54/><D109/><U108/><E102/><V103/><F36/><W57/><G72/><T122/><D122/><U22/><E71/><V94/><F130/><W134/><G134/><T27/><D75/><U35/><E35/><V73/><F73/><W69/><G101/><T59/><D77/><U82/><E82/><V112/><F112/><W120/><G18/><T5/><D5/><U61/><E61/><V89/><F86/><W7/><G7/><T74/><D74/><U118/><E118/><V133/><F133/><W28/><G125/><T85/><D85/><U65/><E65/><V62/><F104/><W121/><G29/><T70/><D96/><U128/><E33/><V83/><F83/><W87/><G120/><T127/><D127/><U2/><E108/><V10/><REACH who="2" step="1"/><F117/><REACH who="2" ten="250,250,240,250" step="2"/><W11/><G121/><T56/><D70/><U105/><E105/><V124/><F124/><W9/><G68/><T14/><REACH who="0" step="1"/><D21/><REACH who="0" ten="240,250,240,250" step="2"/><U78/><E128/><V67/><F67/><AGARI ba="0,2" hai="14,19,20,26,27,40,46,49,51,54,56,59,60,67" machi="67" ten="30,12000,1" yaku="1,1,2,1,7,1,8,1,52,1,53,0" doraHai="63" doraHaiUra="98" who="0" fromWho="2" sc="240,140,250,0,240,-120,250,0" /><INIT seed="0,1,0,5,5,55" ten="380,250,120,250" oya="0" hai0="135,25,117,131,86,76,68,84,88,54,116,98,127" hai1="32,42,50,67,9,119,36,31,89,16,64,134,33" hai2="12,43,132,103,109,129,74,72,57,28,11,20,79" hai3="125,126,82,106,85,10,128,83,19,8,99,62,63"/><T34/><D68/><U4/><E119/><V44/><F103/><W90/><G128/><T35/><D131/><U48/><E134/><V102/><F102/><N who="3" m="62815" /><G83/><T114/><D114/><U37/><E31/><V13/><F79/><W7/><G19/><T121/><D127/><N who="3" m="48649" /><G10/><T6/><D121/><U65/><E42/><V26/><F129/><W123/><G123/><T5/><D76/><U21/><E89/><V115/><F115/><W96/><G96/><T69/><D98/><U75/><E75/><V113/><F113/><W46/><G46/><T51/><D86/><U22/><E9/><V53/><F132/><W122/><G122/><T0/><D84/><U15/><E4/><V110/><F44/><W24/><G24/><T80/><D25/><U56/><E64/><V59/><F43/><W108/><G108/><N who="2" m="41577" /><F13/><AGARI ba="1,0" hai="7,8,13,62,63,82,85,90" m="48649,62815" machi="13" ten="30,1000,0" yaku="18,1" doraHai="55" who="3" fromWho="2" sc="380,0,250,0,120,-13,250,13" /><INIT seed="1,0,0,1,5,10" ten="380,250,107,263" oya="1" hai0="104,21,13,116,131,63,82,124,59,130,26,114,35" hai1="60,79,112,41,34,32,45,103,44,111,39,88,33" hai2="57,50,73,20,132,123,52,101,29,27,122,113,95" hai3="66,96,108,23,54,47,81,78,115,46,53,24,1"/><U42/><E112/><V121/><F73/><W37/><G115/><T48/><D124/><U11/><E103/><V58/><F113/><W12/><G1/><T98/><D114/><U127/><E127/><V64/><F132/><W125/><G66/><T77/><D48/><U51/><E79/><V97/><REACH who="2" step="1"/><F121/><REACH who="2" ten="380,250,97,263" step="2"/><W28/><G125/><T25/><D131/><U105/><E111/><V40/><F40/><W3/><G108/><T61/><D130/><U71/><E105/><V14/><F14/><W106/><G3/><T85/><D13/><U89/><REACH who="1" step="1"/><E11/><REACH who="1" ten="380,240,97,263" step="2"/><V7/><F7/><W91/><G106/><T56/><D104/><U30/><E30/><V76/><F76/><W128/><G78/><T55/><D77/><U74/><E74/><V65/><F65/><AGARI ba="0,2" hai="32,33,34,39,41,42,44,45,51,60,65,71,88,89" machi="65" ten="40,3900,0" yaku="1,1,54,1,53,0" doraHai="10" doraHaiUra="17" who="1" fromWho="2" sc="380,0,240,59,97,-39,263,0" /><INIT seed="1,1,0,5,4,64" ten="380,299,58,263" oya="1" hai0="51,80,125,49,97,13,20,72,4,65,124,29,39" hai1="3,121,112,113,33,71,67,77,129,53,22,89,34" hai2="69,45,66,70,116,21,1,76,14,126,7,90,99" hai3="109,111,84,35,32,57,63,17,2,42,62,103,83"/><U114/><E3/><V105/><F116/><W36/><G2/><T133/><D39/><U38/><E121/><V74/><F66/><W108/><G103/><T93/><D133/><U24/><E38/><V31/><F126/><N who="0" m="48746" /><D65/><U107/><E107/><V43/><F31/><W102/><G102/><N who="0" m="60719" /><D4/><U94/><E129/><V23/><F23/><W48/><G36/><T135/><D135/><U118/><E77/><V104/><F21/><W58/><G17/><N who="0" m="10287" /><D29/><U117/><E53/><V19/><F19/><W134/><G134/><T95/><D95/><U41/><E41/><V40/><F40/><W52/><G42/><T26/><D26/><U123/><E123/><V81/><F14/><W5/><G5/><T0/><D0/><U130/><E130/><V122/><F122/><W12/><G12/><T127/><D127/><U79/><E79/><AGARI ba="1,0" hai="49,51,72,79,80" m="10287,60719,48746" machi="79" ten="30,1000,0" yaku="18,1" doraHai="64" who="0" fromWho="1" sc="380,13,299,-13,58,0,263,0" /><INIT seed="2,0,0,4,2,53" ten="393,286,58,263" oya="2" hai0="66,77,79,123,3,50,64,71,85,27,10,62,109" hai1="22,114,73,17,8,0,2,105,63,86,90,65,55" hai2="7,132,56,128,121,23,60,69,41,13,130,84,47" hai3="91,75,45,118,93,74,59,122,1,127,52,95,119"/><V76/><F121/><W99/><G122/><T94/><D109/><U78/><E114/><V70/><F76/><W88/><G1/><T100/><D123/><U72/><E105/><V40/><F84/><W87/><G45/><T120/><D66/><U28/><E28/><V126/><F7/><W34/><G34/><T11/><D50/><U80/><E55/><V129/><F23/><W49/><REACH who="3" step="1"/><G127/><REACH who="3" ten="393,286,58,253" step="2"/><T107/><D3/><U33/><E33/><V16/><F126/><W42/><G42/><T46/><D46/><U61/><E2/><V54/><F132/><W14/><G14/><T82/><D120/><U4/><E78/><V101/><F41/><W83/><G83/><T133/><D79/><U92/><E80/><V115/><F115/><W18/><G18/><T97/><D133/><U81/><E81/><V102/><F16/><W12/><G12/><T113/><D113/><U39/><E39/><N who="2" m="21919" /><F13/><W96/><G96/><T104/><D27/><U67/><E17/><V29/><F29/><W116/><AGARI ba="0,1" hai="49,52,59,74,75,87,88,91,93,95,99,116,118,119" machi="116" ten="30,8000,1" yaku="1,1,0,1,52,1,54,2,53,0" doraHai="53" doraHaiUra="9" who="3" fromWho="3" sc="393,-20,286,-20,58,-40,253,90" /><INIT seed="3,0,0,0,1,45" ten="373,266,18,343" oya="3" hai0="131,7,38,100,127,119,130,9,135,39,129,92,60" hai1="24,79,128,81,65,67,25,63,52,108,91,49,110" hai2="21,109,10,102,133,53,116,35,73,68,32,97,50" hai3="55,16,114,85,64,54,74,40,48,22,75,83,37"/><W0/><G0/><T69/><D119/><U20/><E128/><V31/><F109/><N who="1" m="42089" /><E91/><V15/><F73/><W36/><G64/><N who="1" m="24650" /><E63/><V29/><F133/><W58/><G114/><T2/><D127/><U4/><E20/><V96/><F96/><W124/><G55/><T134/><D60/><U57/><E4/><V27/><F31/><W51/><G51/><T112/><D112/><U46/><E46/><V118/><F68/><W34/><G34/><T78/><D69/><U106/><E106/><V120/><F120/><W87/><G124/><T19/><D19/><U107/><E107/><V61/><F61/><W23/><G23/><T66/><D66/><U44/><E44/><V13/><F35/><W62/><G85/><AGARI ba="0,0" hai="24,25,49,52,57,79,81,85" m="24650,42089" machi="85" ten="30,3900,0" yaku="14,1,52,1,54,1" doraHai="45" who="1" fromWho="3" sc="373,0,266,39,18,0,343,-39" /><INIT seed="4,0,0,4,4,130" ten="373,305,18,304" oya="0" hai0="90,94,32,123,102,4,35,125,73,103,62,99,8" hai1="101,84,75,69,111,106,34,45,134,22,36,96,119" hai2="104,133,77,88,64,65,89,14,115,23,43,128,40" hai3="1,27,12,93,58,56,79,81,41,55,16,54,33"/><T3/><D123/><U126/><RYUUKYOKU type="yao9" ba="0,0" sc="373,0,305,0,18,0,304,0" hai1="22,34,36,45,69,75,84,96,101,106,111,119,126,134" /><INIT seed="4,1,0,5,5,20" ten="373,305,18,304" oya="0" hai0="70,11,124,18,6,1,77,25,10,81,104,108,114" hai1="64,120,71,43,135,68,53,73,31,35,106,126,54" hai2="131,128,107,2,118,29,99,115,91,21,39,49,60" hai3="45,51,58,85,3,46,67,83,50,38,27,16,23"/><T88/><D70/><U100/><E120/><V41/><F39/><W123/><G3/><T66/><D104/><U17/><E73/><V132/><F2/><W75/><G75/><T92/><D66/><U112/><E135/><V130/><F132/><W110/><G110/><T95/><D114/><U5/><E126/><V102/><F115/><W36/><G123/><T33/><D124/><U37/><E112/><V26/><F118/><W14/><G67/><T96/><D95/><U57/><E5/><V117/><F117/><W134/><G134/><T22/><D11/><U59/><E17/><V101/><F60/><W55/><G14/><T113/><D113/><U56/><E106/><V12/><F12/><W116/><G116/><T111/><REACH who="0" step="1"/><D33/><REACH who="0" ten="363,305,18,304" step="2"/><U30/><E35/><V80/><F107/><W65/><G65/><T74/><AGARI ba="1,1" hai="1,6,10,18,22,25,74,77,81,88,92,96,108,111" machi="74" ten="30,12000,1" yaku="1,1,2,1,0,1,52,1,54,1,53,0" doraHai="20" doraHaiUra="48" who="0" fromWho="0" sc="363,133,305,-41,18,-41,304,-41" owari="496,60.0,264,6.0,-23,-52.0,263,-14.0" /></mjloggm>