<mjloggm ver="2.3"><GO type="41" lobby="0"/><UN n0="%E5%A4%A7%E6%B2%BB%E9%83%8E%23%37%34" n1="%E3%82%84%E3%81%AA%E6%9F%8A" n2="%E3%83%91%E3%83%91%E3%82%B4%E3%83%B3%37%30%E4%BB%A3" n3="%E2%93%9D%53%75%70%68%78" dan="14,14,15,17" rate="1945.16,1954.61,2021.81,2040.74" sx="M,M,M,M"/><TAIKYOKU oya="0"/><INIT seed="0,0,0,4,1,14" ten="250,250,250,250" oya="0" hai0="39,47,48,108,82,24,54,103,74,107,94,33,134" hai1="61,71,28,129,68,58,116,102,42,104,67,109,78" hai2="106,15,53,45,10,75,12,97,18,69,80,96,11" hai3="46,7,113,126,16,135,62,123,89,8,86,65,22"/><T44/><D134/><U128/><E78/><V26/><F69/><W4/><G113/><T125/><D125/><U0/><E0/><V105/><F75/><W36/><G126/><T112/><D112/><U122/><E28/><V95/><F80/><W57/><G123/><T119/><D119/><U55/><E102/><V73/><F73/><W38/><G135/><T88/><D108/><U27/><E27/><V30/><F45/><W2/><G7/><T13/><D107/><U52/><E104/><V110/><F53/><N who="1" m="20553" /><E122/><V56/><F56/><W17/><G22/><T117/><D103/><U20/><E20/><V50/><F50/><W93/><REACH who="3" step="1"/><G46/><REACH who="3" ten="250,250,250,240" step="2"/><T21/><D117/><U32/><E116/><V29/><F110/><W121/><G121/><T76/><D33/><U35/><E35/><V92/><F26/><W41/><G41/><T49/><D39/><AGARI ba="0,1" hai="2,4,8,16,17,36,38,39,57,62,65,86,89,93" machi="39" ten="40,8000,1" yaku="1,1,52,2,54,1,53,0" doraHai="14" doraHaiUra="101" who="3" fromWho="0" sc="250,-80,250,0,250,0,240,90" /><INIT seed="1,0,0,3,0,124" ten="170,250,250,330" oya="1" hai0="46,20,85,30,119,55,18,71,44,60,54,52,62" hai1="31,43,104,117,79,97,96,67,132,61,38,21,25" hai2="131,76,22,39,74,88,78,10,6,8,15,115,57" hai3="90,33,7,112,0,47,14,35,129,34,103,86,13"/><U123/><E117/><V130/><F39/><W29/><G103/><T92/><D119/><U84/><E123/><V63/><F115/><W27/><G47/><T99/><D30/><U19/><E132/><V3/><F22/><W122/><G90/><T17/><D85/><U40/><E38/><V68/><F68/><W126/><G86/><T105/><D105/><U75/><E75/><V59/><F88/><W65/><G65/><T135/><D135/><U12/><E97/><V9/><F9/><N who="3" m="2279" /><G126/><T87/><D87/><U73/><E73/><V81/><F76/><W70/><G70/><T16/><D20/><U24/><E25/><V101/><F101/><W116/><G112/><T80/><D80/><U100/><E84/><V121/><F121/><W50/><G50/><T110/><D110/><U82/><E82/><V48/><F48/><W94/><G94/><T53/><D71/><U45/><E45/><N who="0" m="17513" /><D55/><U125/><E125/><V26/><F26/><W42/><G42/><T118/><D118/><U109/><E109/><V134/><F134/><W1/><G35/><T111/><D111/><U93/><E93/><V107/><F107/><W106/><G34/><T69/><D69/><N who="1" m="42223" /><E79/><V28/><F28/><W83/><G106/><T41/><D41/><U11/><E43/><V56/><REACH who="2" step="1"/><F63/><REACH who="2" ten="170,250,240,330" step="2"/><W127/><G127/><T95/><D95/><U4/><E104/><V120/><F120/><W32/><G32/><T72/><D72/><U23/><E31/><V64/><F64/><W77/><G116/><T36/><D36/><U91/><E100/><AGARI ba="0,1" hai="16,17,18,52,53,54,60,62,92,99,100" m="17513" machi="100" ten="30,3900,0" yaku="8,1,54,2" doraHai="124" who="0" fromWho="1" sc="170,49,250,-39,240,0,330,0" /><INIT seed="2,0,0,4,3,55" ten="219,211,240,330" oya="2" hai0="102,108,91,123,57,1,16,78,124,53,96,2,45" hai1="101,90,54,58,107,19,127,31,14,23,28,81,99" hai2="72,39,122,12,70,89,5,119,67,50,43,84,103" hai3="34,120,8,63,87,74,47,69,11,93,125,68,83"/><V110/><F119/><W61/><G34/><T94/><D123/><U130/><E130/><V15/><F122/><W0/><G120/><T106/><D108/><U117/><E127/><V27/><F72/><W85/><G93/><T59/><D124/><U24/><E117/><V62/><F39/><W51/><G125/><T64/><D78/><U29/><E81/><V6/><F103/><W30/><G30/><T41/><D64/><U98/><E98/><V82/><F27/><W22/><G22/><T114/><D114/><U118/><E118/><V133/><F133/><W32/><G32/><T10/><D10/><U40/><E40/><V35/><F35/><W42/><G74/><T77/><D77/><U38/><E90/><V48/><F110/><W113/><G0/><T71/><D71/><U7/><E38/><V126/><F126/><W73/><G73/><T109/><D16/><U65/><E65/><V95/><F82/><W36/><G83/><T13/><D13/><U100/><E100/><V115/><F115/><W21/><G36/><T116/><D116/><U131/><E131/><V49/><F43/><W79/><G79/><T26/><D26/><U76/><E76/><V9/><F6/><W3/><G42/><T46/><D109/><U112/><E7/><V128/><F15/><W17/><G113/><T52/><D41/><U33/><REACH who="1" step="1"/><E112/><REACH who="1" ten="219,201,240,330" step="2"/><V88/><F89/><W135/><G87/><T20/><D91/><U37/><E37/><V25/><F128/><W66/><G85/><T121/><D121/><U4/><E4/><V134/><F134/><W44/><G135/><RYUUKYOKU ba="0,1" sc="219,-15,201,15,240,15,330,-15" hai1="14,19,23,24,28,29,31,33,54,58,99,101,107" hai2="5,9,12,25,48,49,50,62,67,70,84,88,95" /><INIT seed="2,1,1,3,0,66" ten="204,216,255,315" oya="2" hai0="11,95,2,85,59,97,119,36,5,28,21,23,72" hai1="92,57,133,90,58,118,125,123,19,107,69,49,131" hai2="4,114,12,24,96,120,112,116,64,102,103,130,17" hai3="83,43,104,51,68,82,26,32,80,127,0,56,55"/><V14/><F120/><W45/><G0/><T9/><D72/><U62/><E118/><V106/><F116/><W1/><G1/><T135/><D119/><U37/><E107/><V91/><F130/><W109/><G104/><T60/><D36/><U38/><E19/><V76/><F102/><W73/><G109/><T63/><D135/><U111/><E92/><V7/><F76/><W48/><G127/><T78/><D9/><U71/><E90/><V122/><F122/><W41/><G68/><N who="1" m="26186" /><E125/><V81/><F64/><W39/><G73/><T30/><D78/><U113/><E113/><V15/><F81/><W121/><G121/><T74/><D74/><U98/><E98/><V67/><F67/><W105/><G105/><T86/><D97/><U132/><E123/><V42/><F91/><W13/><G83/><T61/><D95/><U110/><E131/><V6/><F24/><W29/><G13/><T87/><REACH who="0" step="1"/><D59/><REACH who="0" ten="194,216,255,315" step="2"/><N who="1" m="22539" /><E49/><V53/><F112/><W126/><G126/><T93/><D93/><U52/><E62/><V47/><F114/><W16/><G51/><T100/><D100/><U79/><E79/><V10/><F10/><W99/><G99/><T46/><D46/><U77/><E77/><V124/><F124/><W84/><G45/><T65/><D65/><U94/><E94/><V27/><F96/><W117/><G117/><T75/><D75/><U88/><E88/><V35/><F103/><W40/><G39/><N who="1" m="14858" /><E52/><V101/><F53/><W22/><G84/><T50/><D50/><U129/><E129/><V44/><F101/><W25/><AGARI ba="1,2" hai="16,22,25,26,29,32,40,41,43,48,55,56,80,82" machi="25" ten="30,2000,0" yaku="0,1,54,1" doraHai="66" who="3" fromWho="3" sc="194,-6,216,-6,255,-11,315,43" /><INIT seed="3,0,0,3,1,104" ten="188,210,244,358" oya="3" hai0="125,26,19,123,42,67,109,126,90,95,103,112,13" hai1="80,69,43,54,24,120,108,74,119,114,102,130,15" hai2="84,5,7,51,94,27,21,113,52,98,23,45,62" hai3="71,63,78,6,11,60,116,10,127,49,17,2,4"/><W100/><G116/><T53/><D123/><U99/><E54/><V85/><F113/><W32/><G32/><T105/><D112/><U25/><E15/><V132/><F132/><W46/><G127/><N who="0" m="48651" /><D109/><U65/><E43/><V39/><F39/><W16/><G100/><T0/><D0/><U96/><E65/><V86/><F62/><W76/><G71/><T30/><D67/><U124/><E24/><V106/><F106/><W64/><G64/><T18/><D42/><U47/><E47/><V40/><F40/><W101/><G101/><T135/><D135/><U92/><E25/><V79/><F79/><W83/><G49/><T31/><D53/><U59/><E59/><V88/><REACH who="2" step="1"/><F23/><REACH who="2" ten="188,210,234,358" step="2"/><W73/><G78/><T35/><D105/><U34/><E114/><V129/><F129/><W117/><G117/><T134/><D134/><U91/><E130/><V118/><F118/><W66/><G63/><T33/><D103/><U97/><E119/><V77/><F77/><W38/><G38/><T55/><D55/><U12/><E124/><V93/><F93/><W122/><G122/><T61/><D61/><U70/><E120/><V3/><F3/><W72/><G60/><T14/><D95/><U8/><E69/><V37/><F37/><W87/><G66/><T9/><D90/><U22/><E70/><V1/><F1/><N who="3" m="271" /><G46/><T128/><D128/><U36/><E36/><V107/><F107/><W20/><G20/><N who="0" m="11343" /><D35/><U89/><E34/><V81/><F81/><W56/><G56/><T28/><AGARI ba="0,1" hai="9,14,19,26,28,30,31,33" m="11343,48651" machi="28" ten="30,4000,0" yaku="18,1,34,2" doraHai="104" who="0" fromWho="0" sc="188,50,210,-10,234,-10,358,-20" /><INIT seed="4,0,0,5,3,86" ten="238,200,224,338" oya="0" hai0="7,120,15,26,21,95,106,74,102,62,107,19,83" hai1="113,104,40,124,130,57,37,42,122,41,38,76,64" hai2="22,17,13,25,39,88,16,72,78,117,112,132,33" hai3="67,109,98,50,31,82,3,92,30,56,127,66,79"/><T123/><D62/><N who="1" m="37967" /><E104/><V9/><F39/><N who="1" m="14857" /><E76/><V58/><F117/><W87/><G127/><T119/><D119/><U125/><E122/><V103/><F132/><W0/><G109/><T34/><D107/><U35/><E35/><V134/><F134/><W73/><G3/><T14/><D106/><U69/><E69/><V1/><F103/><W47/><G0/><T135/><D135/><U128/><E113/><V6/><F112/><W81/><G73/><T65/><D74/><U80/><E80/><V28/><F58/><W99/><G82/><T18/><D65/><N who="3" m="24585" /><G56/><T59/><D83/><U46/><E46/><V29/><F78/><W131/><G131/><AGARI ba="0,0" hai="40,41,42,124,125,128,130,131" m="14857,37967" machi="131" ten="40,5200,0" yaku="19,1,34,2" doraHai="86" who="1" fromWho="3" sc="238,0,200,52,224,0,338,-52" /><INIT seed="5,0,0,0,4,14" ten="238,252,224,286" oya="1" hai0="43,15,56,99,121,46,89,31,50,65,113,9,51" hai1="91,3,6,55,27,129,85,25,38,62,103,128,12" hai2="47,67,126,49,132,118,61,104,17,22,88,107,102" hai3="130,106,83,11,63,84,77,8,97,37,92,115,74"/><U23/><E38/><V32/><F118/><W29/><G37/><T13/><D113/><U28/><E103/><V66/><F32/><W41/><G41/><T122/><D31/><U95/><E3/><V72/><F72/><W117/><G130/><N who="1" m="50282" /><E28/><V24/><F132/><W110/><G110/><T116/><D116/><U54/><E62/><V5/><F126/><W0/><G115/><T2/><D2/><U78/><E78/><V80/><F5/><W82/><G63/><N who="0" m="38119" /><D51/><U16/><E6/><V35/><F35/><W33/><G29/><T131/><D131/><U108/><E108/><V120/><F120/><N who="0" m="46186" /><D9/><U69/><E69/><V26/><F26/><AGARI ba="0,0" hai="12,16,23,25,26,27,54,55,85,91,95" m="50282" machi="26" ten="30,5800,0" yaku="19,1,52,1,54,1" doraHai="14" who="1" fromWho="2" sc="238,0,252,58,224,-58,286,0" /><INIT seed="5,1,0,2,2,64" ten="238,310,166,286" oya="1" hai0="29,108,72,49,73,48,115,32,9,84,74,132,118" hai1="55,17,71,75,70,78,69,36,135,46,99,7,0" hai2="18,79,89,130,10,51,67,86,56,40,82,11,91" hai3="121,116,52,30,21,101,22,37,1,83,105,20,114"/><U16/><E99/><V15/><F130/><W44/><G1/><T104/><D108/><U33/><E33/><V38/><F38/><W126/><G121/><T92/><D118/><U98/><E98/><V25/><F25/><W41/><G114/><T61/><D104/><U102/><E102/><V134/><F134/><W90/><G126/><T35/><D115/><U6/><E135/><V97/><F97/><W4/><G4/><T43/><D132/><U93/><E93/><V60/><F11/><W127/><G127/><T133/><D133/><U45/><E55/><V110/><F110/><W112/><G105/><T3/><D61/><U54/><E54/><V124/><F124/><W85/><G116/><T111/><D111/><U107/><E107/><V27/><F27/><W94/><G112/><T129/><D129/><U62/><E62/><V63/><F63/><W123/><G123/><T42/><D29/><U23/><E23/><V12/><F12/><W34/><G34/><T87/><D92/><U26/><E26/><V14/><F14/><W5/><G30/><T80/><D74/><U96/><E96/><V47/><REACH who="2" step="1"/><F18/><REACH who="2" ten="238,310,156,286" step="2"/><N who="1" m="7273" /><E36/><V106/><F106/><W128/><G128/><T122/><D122/><U119/><E119/><V39/><F39/><W109/><G109/><T13/><D13/><U59/><E0/><V58/><F58/><W57/><G101/><T50/><D3/><U120/><E59/><V2/><F2/><W100/><G100/><T8/><D50/><U19/><E120/><V88/><F88/><W117/><G117/><T53/><D53/><U65/><E19/><RYUUKYOKU ba="1,1" sc="238,15,310,-15,156,15,286,-15" hai0="8,9,32,35,42,43,48,49,72,73,80,84,87" hai2="10,15,40,47,51,56,60,67,79,82,86,89,91" /><INIT seed="6,2,1,4,2,66" ten="253,295,171,271" oya="2" hai0="6,80,36,126,30,77,114,35,20,117,7,57,56" hai1="27,106,93,94,88,82,74,116,46,92,3,15,21" hai2="59,65,81,43,98,60,40,118,83,58,99,104,86" hai3="8,47,24,109,41,135,107,119,22,95,53,2,62"/><V33/><F33/><W72/><G107/><T75/><D36/><U14/><E3/><V69/><F118/><W25/><G72/><T68/><D117/><U108/><E108/><V9/><F9/><W87/><G135/><T16/><D126/><U132/><E116/><V90/><F83/><W71/><G109/><T79/><D114/><U78/><E132/><V45/><F43/><W115/><G115/><T122/><D122/><U23/><E106/><V0/><F0/><W63/><G25/><T91/><D91/><U42/><E15/><V70/><F58/><W18/><G71/><T48/><D35/><U76/><E14/><V50/><REACH who="2" step="1"/><F104/><REACH who="2" ten="253,295,161,271" step="2"/><W133/><G8/><T5/><D57/><U54/><E42/><V37/><F37/><W85/><G2/><T128/><D56/><U89/><E82/><V1/><F1/><W49/><G133/><T38/><D38/><U61/><E23/><V100/><F100/><W110/><G119/><T121/><D20/><U26/><E21/><V19/><F19/><W105/><G105/><T102/><D16/><U17/><E17/><V55/><F55/><W123/><G110/><T131/><D102/><U97/><E54/><V28/><F28/><W96/><G53/><T29/><D80/><U11/><E11/><V103/><F103/><N who="3" m="60831" /><G123/><T134/><D121/><U111/><E111/><V52/><F52/><W125/><G125/><T101/><D101/><U112/><E112/><V67/><F67/><W84/><AGARI ba="2,2" hai="18,22,24,41,47,49,62,63,84,85,87" m="60831" machi="84" ten="30,1100,0" yaku="8,1" doraHai="66" who="3" fromWho="3" sc="253,-5,295,-5,161,-7,271,37" /><INIT seed="7,0,0,1,2,112" ten="248,290,154,308" oya="3" hai0="44,55,97,86,52,135,40,0,22,120,47,61,69" hai1="127,95,53,123,116,121,110,64,80,33,126,28,65" hai2="11,109,58,88,106,102,42,7,62,84,71,133,32" hai3="17,36,25,67,131,43,94,100,57,14,49,46,37"/><W15/><G131/><T130/><D120/><N who="1" m="46155" /><E116/><V113/><F32/><W10/><G25/><T119/><D0/><U103/><E110/><V20/><F109/><W115/><G115/><T74/><D74/><U87/><E53/><V4/><F113/><W50/><G37/><T12/><D130/><U24/><E95/><V81/><F71/><W19/><G36/><T6/><D135/><U107/><E103/><V79/><F133/><W68/><G68/><T72/><D72/><U48/><E48/><V23/><F42/><W31/><G31/><T16/><D119/><U132/><E132/><V91/><F102/><W122/><G122/><T75/><D75/><U29/><E107/><V45/><F106/><W3/><G3/><T104/><D6/><N who="2" m="2090" /><F11/><N who="3" m="6367" /><G50/><N who="0" m="26887" /><D69/><U54/><E54/><N who="0" m="20521" /><D104/><U117/><E29/><V18/><F45/><W21/><G10/><T27/><D47/><U2/><E117/><V93/><F93/><W114/><G114/><T39/><D39/><U8/><E8/><V51/><F51/><W118/><G118/><T99/><D61/><U34/><E34/><V1/><F1/><W77/><G46/><T134/><D134/><U70/><E2/><V13/><F23/><W26/><G49/><T38/><D38/><U35/><E35/><V9/><F9/><W125/><G43/><T63/><D63/><N who="1" m="40223" /><E65/><V60/><F62/><W76/><G67/><AGARI ba="0,0" hai="13,18,20,58,60,67,79,81,84,88,91" m="2090" machi="67" ten="30,2000,0" yaku="8,1,54,1" doraHai="112" who="2" fromWho="3" sc="248,0,290,0,154,20,308,-20" /><INIT seed="8,0,0,4,3,115" ten="248,290,174,288" oya="0" hai0="33,91,109,95,42,17,69,85,135,8,98,83,12" hai1="18,113,71,65,38,119,13,10,7,82,48,50,133" hai2="103,96,77,22,32,41,86,121,75,118,61,93,5" hai3="28,105,64,102,47,21,4,129,126,34,101,44,51"/><T84/><D69/><U99/><E38/><V29/><F121/><W114/><G34/><T107/><D135/><U2/><E119/><V112/><F112/><W87/><G105/><T16/><D109/><U106/><E113/><V66/><F5/><W57/><G126/><T30/><D42/><U94/><E106/><V130/><F41/><W35/><G129/><T49/><D49/><U128/><E133/><V36/><F36/><W39/><G35/><T19/><D33/><U79/><E128/><V46/><F130/><W37/><G4/><T62/><D30/><U40/><E65/><V73/><F46/><W132/><G39/><T68/><D107/><U76/><E71/><V127/><F32/><W11/><G11/><T108/><D108/><U81/><E81/><V74/><F127/><W72/><G72/><T111/><D111/><U92/><E92/><V131/><F131/><W123/><G123/><T120/><D120/><U56/><E56/><V124/><F124/><W125/><G37/><T0/><D0/><U1/><E1/><V25/><F118/><W67/><G132/><T24/><D24/><U9/><E40/><V52/><F52/><N who="3" m="31903" /><G114/><T97/><D68/><U45/><E45/><N who="3" m="17482" /><G125/><T110/><D110/><U55/><E55/><V88/><F77/><N who="1" m="29769" /><E82/><V15/><F15/><W31/><G67/><T63/><D97/><U90/><E2/><V14/><F14/><W6/><G64/><T70/><D70/><U104/><E104/><V80/><REACH who="2" step="1"/><F74/><REACH who="2" ten="248,290,164,288" step="2"/><W54/><G54/><T3/><D3/><N who="1" m="255" /><E10/><V122/><F122/><W134/><G134/><T116/><D116/><RYUUKYOKU ba="0,1" sc="248,-15,290,15,164,15,288,-15" hai1="13,18,48,50,90,94,99" hai2="22,25,29,61,66,73,75,80,86,88,93,96,103" owari="233,-17.0,315,42.0,179,-32.0,273,7.0" /></mjloggm>