<mjloggm ver="2.3"><GO type="41" lobby="0"/><UN n0="%E8%AA%98%E3%81%86%E3%81%8D%E3%81%A4%E3%81%AD%E3%81%86%E3%81%A9%E3%82%93" n1="%E3%81%82%E3%81%99%E3%81%B4%E3%82%8A%E3%82%93" n2="%E2%93%9D%53%75%70%68%78" n3="%E6%9C%9D%E9%9C%A7%E6%82%A0%E7%90%86" dan="14,13,18,14" rate="1906.21,1879.27,2143.63,1989.83" sx="M,M,M,F"/><TAIKYOKU oya="0"/><INIT seed="0,0,0,5,3,31" ten="250,250,250,250" oya="0" hai0="80,12,135,29,112,32,11,45,3,131,105,48,121" hai1="129,106,93,22,102,69,72,71,68,88,128,21,117" hai2="61,85,9,37,110,13,55,81,34,67,127,111,40" hai3="79,77,134,95,113,15,56,59,19,2,66,120,44"/><T16/><D121/><U91/><E117/><V90/><F127/><W116/><G116/><T123/><D123/><U130/><E72/><V62/><F40/><W24/><G120/><T0/><D112/><U52/><E106/><V94/><F37/><W108/><G113/><T70/><D105/><U14/><E14/><V101/><F55/><W10/><G108/><N who="2" m="41513" /><F34/><W5/><G134/><T26/><D131/><U89/><E52/><V18/><F67/><W104/><G104/><T65/><D135/><U119/><E119/><V74/><F101/><W20/><G44/><T124/><D124/><U86/><E86/><N who="2" m="52567" /><F74/><W4/><G4/><T8/><D80/><U98/><AGARI ba="0,0" hai="21,22,68,69,71,88,89,91,93,98,102,128,129,130" machi="98" ten="50,8000,1" yaku="0,1,29,2,19,1,54,1" doraHai="31" who="1" fromWho="1" sc="250,-40,250,80,250,-20,250,-20" /><INIT seed="1,0,0,3,1,129" ten="210,330,230,230" oya="1" hai0="76,130,85,69,65,117,125,70,40,127,32,15,58" hai1="27,44,49,7,67,88,19,1,62,114,31,4,8" hai2="6,134,132,13,92,96,3,29,107,77,35,21,50" hai3="16,18,86,110,45,53,101,80,122,95,112,109,111"/><U116/><E114/><V63/><F107/><W126/><G112/><T12/><D130/><U93/><E116/><V14/><F77/><W115/><G115/><T79/><D117/><U51/><E4/><V47/><F35/><W39/><G122/><T23/><D32/><U46/><E19/><V43/><F63/><W30/><G30/><T91/><D40/><U87/><E44/><V75/><F75/><W89/><G126/><N who="0" m="48139" /><D58/><U42/><E46/><V22/><F3/><W26/><G26/><T103/><D103/><U57/><REACH who="1" step="1"/><E42/><REACH who="1" ten="210,320,230,230" step="2"/><V61/><F6/><W17/><G45/><T78/><D70/><U113/><E113/><V11/><F47/><W124/><G124/><T41/><D41/><U123/><E123/><V33/><F43/><W108/><N who="3" m="27648" /><DORA hai="84" /><W64/><G39/><T90/><D69/><U135/><E135/><V2/><F134/><W68/><G68/><T38/><D65/><U34/><AGARI ba="0,1" hai="1,7,8,27,31,34,49,51,57,62,67,87,88,93" machi="34" ten="20,12000,1" yaku="1,1,0,1,7,1,52,1,54,1,53,0" doraHai="129,84" doraHaiUra="131,100" who="1" fromWho="1" sc="210,-40,320,130,230,-40,230,-40" /><INIT seed="1,1,0,5,1,108" ten="170,450,190,190" oya="1" hai0="110,87,57,119,116,130,62,35,68,95,38,114,67" hai1="117,40,46,14,42,102,101,37,29,82,118,129,48" hai2="91,105,106,69,96,133,55,100,92,56,13,94,85" hai3="58,86,71,10,122,132,98,6,44,22,39,8,125"/><U5/><E129/><V93/><F69/><W21/><G122/><T47/><D110/><U4/><E29/><V81/><F13/><W33/><G71/><T31/><D130/><U111/><E111/><V63/><REACH who="2" step="1"/><F106/><REACH who="2" ten="170,450,180,190" step="2"/><W120/><G120/><T127/><D119/><U99/><E14/><V43/><F43/><W51/><G125/><T32/><D116/><U124/><E40/><V113/><F113/><W30/><G132/><AGARI ba="1,1" hai="55,56,63,81,85,91,92,93,94,96,100,105,132,133" machi="132" ten="40,2600,0" yaku="1,1,53,1" doraHai="108" doraHaiUra="53" who="2" fromWho="3" sc="170,0,450,0,180,39,190,-29" /><INIT seed="2,0,0,5,3,43" ten="170,450,219,161" oya="2" hai0="37,129,105,22,98,97,8,86,90,89,110,1,113" hai1="122,13,66,0,120,27,51,131,7,33,121,70,84" hai2="64,60,80,99,133,77,104,54,117,81,34,3,74" hai3="123,130,15,83,125,2,16,92,103,31,72,69,73"/><V63/><F117/><W111/><G123/><T25/><D110/><U26/><E0/><V18/><F3/><W116/><G116/><T45/><D129/><U46/><E131/><V71/><F133/><W95/><G130/><T108/><D108/><U101/><E101/><V67/><F34/><W58/><G111/><T53/><D113/><U29/><E27/><V93/><F104/><W42/><G2/><T134/><D134/><U82/><E66/><V76/><F54/><W85/><G69/><T23/><D23/><U40/><E70/><V48/><F48/><W47/><G31/><T68/><D68/><U114/><E114/><V115/><F18/><W62/><G125/><T61/><D90/><U38/><E38/><V119/><F119/><W102/><G72/><T75/><D75/><U79/><E13/><V78/><F115/><W6/><G6/><AGARI ba="0,0" hai="6,7,26,29,33,40,46,51,79,82,84,120,121,122" machi="6" ten="40,2600,0" yaku="13,1,52,1" doraHai="43" who="1" fromWho="3" sc="170,0,450,26,219,0,161,-26" /><INIT seed="3,0,0,0,4,24" ten="170,476,219,135" oya="3" hai0="42,131,86,123,104,66,72,133,113,79,5,30,53" hai1="119,41,58,78,96,121,68,122,17,54,18,110,111" hai2="19,63,70,37,23,88,43,75,112,39,106,124,117" hai3="12,56,10,49,80,114,1,135,16,15,13,65,134"/><W55/><G114/><T77/><D123/><U126/><E126/><V94/><F106/><W98/><G1/><T97/><D131/><U85/><E68/><V8/><F75/><W51/><G65/><T26/><D66/><U93/><E119/><V29/><F43/><W61/><G98/><T52/><D42/><U59/><E41/><V38/><F117/><W6/><G12/><T118/><D118/><U3/><E3/><V81/><F81/><W46/><G80/><T32/><D133/><N who="3" m="50697" /><G46/><T67/><D67/><U31/><E31/><V76/><F70/><W129/><G129/><T99/><D72/><U11/><E85/><V62/><F112/><W108/><G108/><N who="1" m="41514" /><E78/><V105/><F76/><W60/><G60/><T87/><D5/><U92/><E92/><V44/><F63/><W83/><G83/><T35/><D113/><U116/><E116/><V102/><F62/><W4/><G4/><T64/><D64/><U33/><E33/><V120/><F94/><W71/><G71/><T103/><D97/><U0/><E0/><V128/><F128/><W2/><G2/><T90/><D35/><U21/><E96/><V89/><F120/><W74/><G74/><T82/><D77/><U50/><E93/><AGARI ba="0,0" hai="26,30,32,52,53,79,82,86,87,90,93,99,103,104" machi="93" ten="30,3900,0" yaku="7,1,52,1,54,1" doraHai="24" who="0" fromWho="1" sc="170,39,476,-39,219,0,135,0" /><INIT seed="4,0,0,2,4,21" ten="209,437,219,135" oya="0" hai0="46,105,129,126,27,4,10,93,89,37,134,8,54" hai1="109,31,45,73,116,88,43,20,0,84,38,51,115" hai2="77,7,65,114,96,101,98,90,34,75,119,124,72" hai3="6,85,107,36,23,40,135,87,19,104,121,3,95"/><T76/><D105/><U14/><E109/><V131/><F7/><W112/><G112/><T15/><D129/><U57/><E0/><V82/><F65/><W60/><G135/><T28/><D134/><U55/><E116/><V39/><F39/><W58/><G121/><T122/><D122/><U25/><E115/><V12/><F12/><W29/><G29/><T81/><D126/><U123/><E123/><V128/><F34/><W64/><G6/><T79/><D10/><U9/><E73/><V52/><F52/><W68/><G3/><T67/><D67/><U130/><E130/><N who="2" m="49707" /><F114/><W70/><G104/><T83/><D83/><U132/><E132/><V111/><F111/><W63/><G107/><T78/><D81/><U11/><E14/><V48/><F48/><W22/><G36/><T44/><D37/><U18/><E31/><V32/><F32/><W56/><G40/><T118/><D118/><U16/><E18/><V42/><F42/><W62/><G62/><T69/><D69/><U71/><E71/><V133/><F124/><W33/><G33/><T86/><REACH who="0" step="1"/><D54/><REACH who="0" ten="199,437,219,135" step="2"/><U92/><AGARI ba="0,1" hai="9,11,16,20,25,38,43,45,51,55,57,84,88,92" machi="92" ten="20,8000,1" yaku="0,1,7,1,52,1,54,2" doraHai="21" who="1" fromWho="1" sc="199,-40,437,90,219,-20,135,-20" /><INIT seed="5,0,0,1,3,62" ten="159,527,199,115" oya="1" hai0="107,124,76,81,25,114,68,117,122,89,97,93,128" hai1="134,125,131,72,80,44,85,56,94,30,98,95,8" hai2="92,50,41,40,116,6,84,104,29,109,129,112,61" hai3="88,32,133,7,100,33,58,64,55,99,79,38,66"/><U20/><E125/><V37/><F109/><W73/><G38/><T51/><D68/><U86/><E131/><V59/><F104/><W78/><G133/><T24/><D117/><U31/><E134/><V15/><F112/><W43/><G32/><T5/><D128/><U14/><E72/><V12/><F29/><W35/><G35/><T69/><D69/><U48/><E56/><V0/><F0/><W13/><G33/><T21/><D114/><U127/><E127/><V121/><F121/><W101/><G43/><T19/><D124/><U106/><E106/><V77/><F37/><W120/><G120/><T46/><D5/><U1/><E1/><V9/><F15/><W90/><G73/><T47/><D122/><U10/><E20/><V52/><F116/><W111/><G111/><T49/><D107/><U102/><E94/><V67/><F129/><W130/><G13/><T57/><D25/><U96/><E96/><V26/><F26/><W119/><G7/><T39/><D39/><U4/><E8/><V34/><F34/><W23/><G23/><T53/><REACH who="0" step="1"/><D51/><REACH who="0" ten="149,527,199,115" step="2"/><U71/><E71/><V22/><F50/><N who="3" m="31095" /><G119/><T135/><D135/><U18/><E4/><V115/><F115/><W45/><G130/><T126/><D126/><U16/><E48/><V75/><F6/><W87/><G45/><T36/><D36/><U108/><E44/><V123/><F123/><W3/><G3/><T103/><D103/><U82/><E102/><V70/><F70/><W110/><G100/><T132/><D132/><U118/><E108/><V91/><F12/><W113/><G110/><RYUUKYOKU ba="0,1" sc="149,30,527,-10,199,-10,115,-10" hai0="19,21,24,46,47,49,53,57,76,81,89,93,97" /><INIT seed="6,1,1,1,4,131" ten="179,517,189,105" oya="2" hai0="106,5,62,35,122,40,101,95,49,28,81,33,123" hai1="99,32,134,50,6,61,129,90,30,68,132,65,9" hai2="14,41,18,102,113,42,64,128,84,2,39,112,98" hai3="29,97,60,76,79,7,125,127,115,12,48,59,109"/><V16/><F2/><W3/><G109/><T55/><D106/><U130/><E50/><V72/><F72/><W82/><G115/><N who="2" m="44105" /><F128/><N who="1" m="49257" /><E30/><V52/><F64/><W80/><G29/><T89/><D5/><U120/><E32/><V36/><F84/><W103/><G3/><T110/><D101/><U11/><E120/><V44/><F52/><W114/><G114/><T0/><D110/><U56/><E56/><V27/><F27/><W88/><G59/><T21/><D81/><N who="3" m="31337" /><G12/><T85/><D0/><N who="1" m="199" /><E11/><V124/><F124/><N who="3" m="47691" /><G48/><T54/><D49/><U25/><E25/><V69/><F14/><W93/><G60/><T23/><D62/><U4/><E4/><V53/><F69/><W17/><G17/><T100/><D122/><U135/><E90/><V121/><F121/><W13/><G7/><T22/><D89/><U37/><E99/><V51/><F18/><W71/><G13/><T86/><D35/><U31/><E31/><V107/><F16/><W117/><G71/><T133/><D33/><U119/><E119/><V19/><F19/><W78/><G117/><T92/><D123/><U45/><E45/><V47/><F47/><W24/><G24/><T96/><D54/><U20/><E20/><V57/><F44/><W116/><G116/><T38/><D23/><U75/><E75/><V83/><F53/><W73/><G73/><T126/><D55/><U15/><E15/><V8/><F8/><W43/><G43/><T70/><D40/><U91/><E37/><V46/><F42/><W63/><G88/><N who="0" m="53271" /><D126/><U1/><E91/><V111/><F41/><W77/><G77/><RYUUKYOKU ba="1,1" sc="179,-15,517,15,189,-15,105,15" hai1="1,61,65,68,132,134,135" hai3="63,76,78,79,93,97,103" /><INIT seed="7,2,1,2,3,41" ten="164,532,174,120" oya="3" hai0="55,5,96,57,30,74,62,14,0,99,116,85,4" hai1="71,104,122,38,58,35,95,129,48,90,102,56,19" hai2="33,26,77,88,119,81,9,82,65,1,45,16,63" hai3="97,15,66,69,100,112,31,46,12,110,42,135,51"/><W127/><G112/><T52/><D74/><U18/><E38/><V11/><F119/><W131/><G127/><T10/><D116/><U72/><E18/><V25/><F33/><W29/><G131/><T44/><D30/><U59/><E56/><N who="2" m="37095" /><F1/><W70/><G110/><T34/><D34/><U93/><E95/><V47/><F77/><W107/><G135/><T124/><D124/><U84/><E102/><V17/><F17/><W118/><G118/><T83/><D0/><U32/><E84/><N who="2" m="50191" /><F82/><W117/><G117/><T114/><D4/><U36/><E59/><V37/><F37/><W2/><G2/><T91/><D114/><U49/><E90/><V125/><F125/><W67/><G29/><T103/><D103/><U126/><E49/><AGARI ba="2,1" hai="5,10,14,44,49,52,55,57,62,83,85,91,96,99" machi="49" ten="40,5200,0" yaku="8,1,52,1,54,1" doraHai="41" who="0" fromWho="1" sc="164,68,532,-58,174,0,120,0" owari="232,3.0,474,58.0,174,-23.0,120,-38.0" /></mjloggm>