<mjloggm ver="2.3"><GO type="41" lobby="0"/><UN n0="%E2%93%9D%53%75%70%68%78" n1="%28%27%41%60%29%E2%80%A6" n2="%73%37%30%35%35" n3="%E7%AD%89%E3%80%85%E5%8A%9B%E5%8A%87%E5%A0%B4" dan="18,15,15,14" rate="2069.81,1973.94,1988.12,1928.03" sx="M,M,M,M"/><TAIKYOKU oya="0"/><INIT seed="0,0,0,2,4,74" ten="250,250,250,250" oya="0" hai0="119,40,87,73,50,2,134,12,125,110,104,68,100" hai1="83,98,131,69,102,89,37,130,133,10,58,6,41" hai2="30,55,8,3,127,38,105,94,91,4,106,32,57" hai3="81,71,103,132,21,121,80,1,11,126,118,60,42"/><T65/><D119/><U84/><E69/><V92/><F38/><W90/><G118/><T97/><D2/><U75/><E75/><V112/><F94/><W85/><G132/><T66/><D73/><U18/><E18/><V95/><F95/><W72/><G126/><T31/><D125/><U28/><E28/><V49/><F112/><W52/><G42/><T78/><D110/><U14/><E58/><V116/><F116/><W111/><G111/><T48/><D134/><U44/><REACH who="1" step="1"/><E133/><REACH who="1" ten="250,240,250,250" step="2"/><V7/><F30/><W86/><G72/><T36/><D68/><U47/><E47/><V25/><F127/><W67/><G71/><T114/><D31/><U19/><E19/><V9/><F32/><W124/><G124/><T61/><D114/><U70/><E70/><V96/><REACH who="2" step="1"/><F25/><REACH who="2" ten="250,240,240,250" step="2"/><W128/><G121/><T135/><D135/><U23/><E23/><V101/><F101/><W13/><G21/><T27/><D100/><U43/><E43/><V123/><F123/><W117/><G103/><T115/><D115/><U20/><E20/><V24/><F24/><W33/><G33/><T76/><D27/><U17/><E17/><V26/><F26/><W82/><G117/><T99/><D40/><U15/><E15/><AGARI ba="0,2" hai="3,4,7,8,9,15,49,55,57,91,92,96,105,106" machi="15" ten="30,3900,0" yaku="1,1,7,1,53,1" doraHai="74" doraHaiUra="34" who="2" fromWho="1" sc="250,0,240,-39,240,59,250,0" /><INIT seed="1,0,0,2,4,30" ten="250,201,299,250" oya="1" hai0="97,32,62,56,113,111,79,127,46,71,50,58,20" hai1="40,27,7,36,122,39,94,78,107,63,8,106,37" hai2="47,29,115,125,98,91,52,17,64,117,34,130,100" hai3="109,99,5,10,18,22,123,68,3,60,82,23,31"/><U87/><E122/><V65/><F117/><W48/><G123/><T112/><D79/><U4/><E40/><V1/><F125/><W131/><G109/><T74/><D20/><U110/><E110/><V13/><F1/><W14/><G131/><T73/><D97/><U67/><E27/><V133/><F91/><W118/><G118/><T80/><D80/><U132/><E132/><V11/><F130/><W76/><G48/><T55/><D74/><U2/><E7/><V89/><F89/><W102/><G68/><T38/><D73/><U128/><E128/><V124/><F124/><W57/><G31/><T135/><D32/><U120/><E120/><V88/><F100/><W43/><G43/><T0/><D0/><U126/><E126/><V93/><F115/><W25/><G23/><T33/><D33/><U15/><E2/><V6/><F6/><W45/><G45/><T66/><D111/><U129/><E129/><V53/><F53/><W9/><G9/><T21/><D21/><U54/><E54/><V114/><F114/><N who="0" m="44138" /><D127/><U104/><E94/><V103/><F103/><W96/><G102/><T85/><D85/><U77/><REACH who="1" step="1"/><E87/><REACH who="1" ten="250,191,299,250" step="2"/><V35/><F93/><W101/><G3/><T28/><D135/><U86/><E86/><V84/><F84/><N who="3" m="48199" /><G101/><T16/><D28/><U92/><E92/><V108/><F133/><W134/><G134/><T81/><D81/><U19/><E19/><V72/><F17/><W24/><G25/><T95/><D16/><U121/><E121/><V61/><F108/><W41/><G41/><N who="0" m="22839" /><D95/><U44/><E44/><AGARI ba="0,1" hai="44,50,55,56,58,62,66,71" m="22839,44138" machi="44" ten="30,2000,0" yaku="34,2" doraHai="30" who="0" fromWho="1" sc="250,30,191,-20,299,0,250,0" /><INIT seed="2,0,0,1,3,12" ten="280,171,299,250" oya="2" hai0="132,87,98,40,33,96,7,56,109,27,124,112,24" hai1="80,64,37,101,113,114,78,134,92,131,133,76,105" hai2="43,95,122,73,42,16,57,86,0,91,85,130,21" hai3="102,83,23,128,123,59,67,20,111,99,8,100,31"/><V50/><F122/><W121/><G111/><T53/><D112/><N who="1" m="43115" /><E64/><V54/><F73/><W29/><G8/><T115/><D132/><N who="1" m="50795" /><E37/><V15/><F0/><W94/><G83/><T63/><D124/><U26/><E26/><V51/><F130/><W68/><G68/><T4/><D109/><U62/><E62/><V38/><F38/><W39/><G39/><T2/><D27/><U19/><E92/><V103/><F103/><W52/><G67/><T75/><D24/><U110/><E110/><V71/><F71/><W41/><G41/><T55/><D40/><U18/><E131/><V13/><F86/><W46/><G46/><T48/><D87/><N who="1" m="48519" /><E78/><V49/><F43/><W118/><G128/><T11/><D115/><U9/><E9/><V28/><F42/><W88/><G118/><T77/><D77/><U104/><E101/><N who="3" m="39018" /><G121/><T129/><D129/><U22/><E22/><N who="3" m="8234" /><G123/><T81/><D11/><U70/><E70/><V108/><F108/><W30/><G29/><T3/><D3/><U93/><E93/><V135/><F135/><W25/><G25/><T61/><D2/><U66/><E66/><V32/><F28/><W126/><G126/><T89/><D81/><U84/><E84/><V74/><F85/><W119/><G119/><T44/><D75/><U10/><E10/><V14/><F74/><W35/><G35/><T34/><D34/><U36/><E36/><V127/><F32/><W90/><G90/><T72/><D72/><U60/><E60/><AGARI ba="0,0" hai="30,31,52,59,60,88,94,99" m="8234,39018" machi="60" ten="30,3900,0" yaku="8,1,54,2" doraHai="12" who="3" fromWho="1" sc="280,0,171,-39,299,0,250,39" /><INIT seed="3,0,0,1,4,88" ten="280,132,299,289" oya="3" hai0="93,109,36,72,97,46,68,47,55,52,39,128,123" hai1="78,50,60,131,112,44,40,14,91,85,20,6,27" hai2="13,66,53,29,12,81,16,51,25,77,32,75,2" hai3="125,19,37,5,3,98,4,133,127,1,115,90,58"/><W18/><G37/><T113/><D72/><U15/><E131/><V9/><F66/><W7/><G58/><T107/><D107/><U22/><E112/><V99/><F12/><W110/><G90/><T105/><D105/><U41/><E78/><V61/><F61/><W92/><G115/><T31/><D31/><U0/><E0/><N who="3" m="74" /><G98/><T34/><D34/><U126/><E126/><N who="3" m="48138" /><G92/><T70/><D97/><U106/><E106/><V95/><F2/><W11/><G133/><T54/><D93/><U104/><E104/><V49/><REACH who="2" step="1"/><F53/><REACH who="2" ten="280,132,289,289" step="2"/><W42/><G42/><T89/><D55/><U21/><E41/><V76/><F76/><W102/><G102/><AGARI ba="0,1" hai="9,13,16,25,29,32,49,51,75,77,81,95,99,102" machi="102" ten="30,7700,0" yaku="1,1,7,1,52,1,54,1,53,0" doraHai="88" doraHaiUra="118" who="2" fromWho="3" sc="280,0,132,0,289,87,289,-77" /><INIT seed="4,0,0,4,0,46" ten="280,132,376,212" oya="0" hai0="48,43,15,89,42,28,110,84,9,80,103,22,31" hai1="50,123,39,73,83,60,129,59,44,107,94,72,118" hai2="109,74,14,33,77,61,114,70,95,126,41,16,128" hai3="53,125,62,92,121,47,35,101,17,20,91,56,120"/><T98/><D110/><U115/><E107/><V5/><F114/><W66/><G35/><T68/><D68/><U105/><E105/><V81/><F126/><W32/><G32/><T49/><D43/><U99/><E39/><V52/><F128/><W11/><G101/><T38/><D38/><U124/><E118/><V104/><F104/><W10/><G125/><T122/><D42/><U19/><E124/><V78/><F33/><W134/><G134/><T106/><D122/><U65/><E123/><N who="3" m="47178" /><G47/><T27/><REACH who="0" step="1"/><D31/><REACH who="0" ten="270,132,376,212" step="2"/><U54/><E129/><V117/><F41/><W97/><G66/><T21/><D21/><U113/><E19/><AGARI ba="0,1" hai="9,15,19,22,27,28,48,49,80,84,89,98,103,106" machi="19" ten="30,12000,1" yaku="1,1,7,1,52,2,53,1" doraHai="46" doraHaiUra="82" who="0" fromWho="1" sc="270,130,132,-120,376,0,212,0" /><INIT seed="4,1,0,4,3,22" ten="400,12,376,212" oya="0" hai0="119,10,59,89,51,104,103,46,82,81,77,126,108" hai1="66,65,52,87,15,91,106,23,92,38,96,55,6" hai2="21,84,71,8,101,44,56,121,131,39,122,32,62" hai3="107,117,72,17,110,114,54,111,48,118,13,26,134"/><T76/><D119/><U50/><E38/><V115/><F32/><W40/><G107/><T95/><D126/><U41/><E41/><V113/><F71/><W42/><G72/><T70/><D70/><U129/><E129/><V79/><F8/><W3/><G3/><T127/><D108/><U61/><E61/><V88/><F101/><W0/><G0/><T78/><D127/><U112/><E55/><V29/><F79/><W132/><G13/><T64/><D103/><U24/><E112/><N who="2" m="43083" /><F44/><W58/><G17/><T43/><D104/><U27/><E106/><V125/><F39/><W130/><G26/><N who="1" m="9770" /><E96/><V57/><F57/><W83/><G83/><T16/><D59/><N who="1" m="33175" /><E23/><V75/><F21/><W7/><G114/><T19/><D64/><U135/><E135/><V4/><F75/><W49/><G130/><T1/><D43/><U37/><E37/><V25/><F131/><W102/><G54/><T133/><D133/><U30/><E30/><V99/><F99/><W12/><G134/><T85/><D51/><U128/><E128/><V63/><F63/><W31/><G49/><T5/><D46/><U120/><E120/><V45/><F45/><W67/><G48/><T11/><D11/><AGARI ba="1,0" hai="6,11,15,65,66,87,91,92" m="33175,9770" machi="11" ten="30,8000,1" yaku="8,1,52,3,54,1" doraHai="22" who="1" fromWho="0" sc="400,-83,12,83,376,0,212,0" /><INIT seed="5,0,0,5,3,32" ten="317,95,376,212" oya="1" hai0="122,33,47,43,57,6,135,119,106,67,31,103,101" hai1="128,120,130,49,78,19,38,87,112,37,41,108,18" hai2="68,126,53,113,69,64,61,28,125,81,45,8,30" hai3="13,72,71,85,114,54,86,82,129,17,97,25,14"/><U36/><E120/><V99/><F69/><W100/><G114/><T4/><D119/><U90/><E78/><V107/><F81/><W93/><G129/><N who="1" m="49770" /><E112/><V29/><F113/><W105/><G71/><T83/><D135/><U62/><E62/><V35/><F53/><W63/><G105/><T123/><D106/><U40/><E108/><V118/><F45/><W58/><G72/><T115/><D33/><U3/><E49/><V98/><F118/><W22/><REACH who="3" step="1"/><G86/><REACH who="3" ten="317,95,376,202" step="2"/><T27/><D115/><U133/><E133/><V134/><F107/><W75/><G75/><T73/><D123/><U116/><E116/><V70/><F70/><W66/><G66/><T109/><D67/><U2/><E19/><V76/><F134/><W79/><AGARI ba="0,1" hai="13,14,17,22,25,54,58,63,79,82,85,93,97,100" machi="79" ten="20,5200,0" yaku="1,1,0,1,7,1,8,1,53,0" doraHai="32" doraHaiUra="1" who="3" fromWho="3" sc="317,-13,95,-26,376,-13,202,62" /><INIT seed="6,0,0,0,4,135" ten="304,69,363,264" oya="2" hai0="9,127,131,108,68,19,52,56,76,86,20,79,84" hai1="80,72,121,51,11,94,83,125,123,92,98,95,128" hai2="5,115,50,120,12,66,99,36,110,103,46,88,122" hai3="85,116,124,30,132,130,82,47,28,87,117,33,89"/><V106/><F115/><W113/><G132/><T109/><D68/><U42/><E11/><V73/><F36/><W104/><G104/><T114/><D114/><U63/><E51/><V44/><F73/><W59/><G113/><T93/><D131/><U3/><E42/><V1/><F1/><W23/><G33/><T119/><D119/><U102/><E3/><V7/><F66/><W101/><G101/><T90/><D127/><U32/><E32/><V64/><F64/><W111/><G111/><T21/><D109/><U29/><E29/><V77/><F77/><N who="0" m="29770" /><D108/><U34/><E34/><V24/><F46/><W39/><G130/><T69/><D69/><U133/><E133/><V70/><F70/><W41/><G124/><T49/><D86/><U134/><E134/><V100/><F100/><W2/><G2/><T105/><D105/><U53/><E128/><V118/><F118/><W4/><G4/><T6/><D6/><U35/><E35/><V26/><F5/><W13/><G87/><T61/><D61/><U22/><E125/><V43/><F110/><W8/><G117/><T129/><D129/><U96/><E72/><V65/><F7/><W67/><G116/><T112/><D112/><U107/><E98/><V75/><F75/><W15/><G85/><T62/><D62/><U27/><E63/><V48/><F106/><W16/><G39/><T74/><D74/><U17/><REACH who="1" step="1"/><E53/><REACH who="1" ten="304,59,363,264" step="2"/><V18/><F99/><W31/><G41/><T38/><D38/><U57/><E57/><V14/><F43/><W60/><G59/><T78/><D78/><U58/><E58/><RYUUKYOKU ba="0,1" sc="304,15,59,15,363,-15,264,-15" hai0="9,19,20,21,49,52,56,84,90,93" hai1="17,22,27,80,83,92,94,95,96,102,107,121,123" /><INIT seed="7,1,1,1,3,125" ten="319,74,348,249" oya="3" hai0="75,65,131,95,87,133,91,13,1,41,116,66,23" hai1="71,120,104,124,111,88,5,47,64,94,53,15,12" hai2="19,31,63,113,135,17,90,128,69,30,119,106,0" hai3="21,36,77,134,67,8,61,59,25,79,46,78,18"/><W9/><REACH who="3" step="1"/><G134/><REACH who="3" ten="319,74,348,239" step="2"/><T44/><D133/><U93/><E124/><V39/><F135/><W54/><G54/><T107/><D116/><U52/><E120/><V97/><F119/><W121/><G121/><T110/><D110/><U103/><E111/><V105/><F113/><W74/><G74/><T99/><D75/><U114/><E114/><V45/><F0/><W89/><G89/><T76/><D1/><U43/><E104/><V130/><F90/><W85/><G85/><T129/><D76/><U62/><E103/><V14/><F106/><W6/><G6/><T92/><D107/><U37/><E94/><V20/><F105/><W132/><G132/><T101/><D66/><U102/><E102/><V24/><F97/><W100/><G100/><T80/><D65/><U108/><E108/><V2/><F2/><W115/><G115/><T40/><D95/><U49/><E5/><V4/><F4/><W70/><G70/><T7/><D7/><U109/><E109/><V38/><F69/><W26/><G26/><T81/><D81/><U55/><REACH who="1" step="1"/><E49/><REACH who="1" ten="319,64,348,239" step="2"/><V57/><F38/><W73/><G73/><T118/><D118/><U35/><E35/><V86/><F39/><W96/><G96/><AGARI ba="1,3" hai="12,15,37,43,47,52,53,55,62,64,71,88,93,96" machi="96" ten="40,5200,0" yaku="1,1,54,2,53,0" doraHai="125" doraHaiUra="33" who="1" fromWho="3" sc="319,0,64,85,348,0,239,-55" owari="319,12.0,149,-35.0,348,45.0,184,-22.0" /></mjloggm>