<mjloggm ver="2.3"><GO type="41" lobby="0"/><UN n0="%6D%6A" n1="%E3%82%89%E3%81%BF%E3%81%BF" n2="%E2%93%9D%53%75%70%68%78" n3="%32%32%34%34" dan="14,14,18,14" rate="1957.17,1955.69,2105.73,1947.88" sx="M,F,M,M"/><TAIKYOKU oya="0"/><INIT seed="0,0,0,0,4,117" ten="250,250,250,250" oya="0" hai0="127,74,87,131,62,82,12,107,112,57,56,47,58" hai1="49,78,68,4,91,79,125,2,52,43,92,6,114" hai2="22,5,25,121,88,65,21,9,17,134,14,105,60" hai3="120,84,50,64,15,94,129,44,123,89,30,13,119"/><T100/><D74/><U35/><E68/><V63/><F134/><W61/><G119/><T67/><D127/><U111/><E35/><V126/><F126/><W20/><G20/><T29/><D131/><U113/><E125/><V28/><F105/><W93/><G30/><T24/><D47/><U27/><E111/><V99/><F121/><N who="3" m="46667" /><G94/><T135/><D135/><U130/><E27/><V36/><F36/><W110/><G110/><T101/><D107/><U102/><E130/><V97/><F65/><W51/><G129/><T34/><D112/><N who="1" m="43115" /><E43/><V0/><REACH who="2" step="1"/><F99/><REACH who="2" ten="250,250,240,250" step="2"/><W86/><G86/><T45/><D87/><U39/><E39/><V32/><F32/><W1/><G1/><T76/><D34/><U80/><E2/><V16/><F16/><W69/><G50/><T33/><D33/><U8/><E4/><V95/><AGARI ba="0,1" hai="0,5,9,14,17,21,22,25,28,60,63,88,95,97" machi="95" ten="30,4000,0" yaku="1,1,0,1,54,1,53,0" doraHai="117" doraHaiUra="132" who="2" fromWho="2" sc="250,-20,250,-10,240,50,250,-10" /><INIT seed="1,0,0,3,1,121" ten="230,240,290,240" oya="1" hai0="26,27,39,104,85,68,54,32,109,7,34,28,94" hai1="119,16,125,21,90,120,52,87,122,81,0,33,46" hai2="65,130,11,8,17,111,86,100,135,133,110,64,18" hai3="70,15,88,13,49,124,41,80,126,79,14,45,6"/><U40/><E0/><V44/><F100/><W37/><G70/><T103/><D39/><U78/><E33/><V56/><F86/><W118/><G118/><T58/><D68/><U73/><E119/><V98/><F98/><W116/><G116/><T55/><D104/><U24/><E125/><N who="3" m="48234" /><G37/><T77/><D7/><U19/><E19/><N who="2" m="7179" /><F56/><W95/><G6/><T67/><D67/><N who="2" m="25674" /><F44/><W22/><G22/><T42/><D42/><U123/><E52/><V113/><F130/><W50/><G50/><T117/><D117/><U53/><E53/><V1/><F113/><W47/><G47/><T114/><D114/><U134/><E134/><N who="2" m="51211" /><F1/><W76/><G76/><T84/><D58/><U12/><E24/><V9/><AGARI ba="0,0" hai="8,9,11,110,111" m="51211,25674,7179" machi="9" ten="40,8000,1" yaku="28,2,20,1,52,2" doraHai="121" who="2" fromWho="2" sc="230,-20,240,-40,290,80,240,-20" /><INIT seed="2,0,0,5,5,42" ten="210,200,370,220" oya="2" hai0="73,110,62,14,58,108,11,134,135,131,118,61,20" hai1="81,51,129,55,95,23,29,65,50,34,27,49,85" hai2="87,66,63,28,5,1,45,132,12,107,70,106,117" hai3="72,47,111,122,104,94,44,18,79,101,31,74,17"/><V56/><F117/><W37/><G122/><T112/><D73/><U68/><E129/><V114/><F114/><W13/><G104/><T35/><D35/><U116/><E116/><V103/><F1/><W33/><G37/><T41/><D118/><U76/><E68/><V6/><F132/><N who="0" m="50730" /><D20/><U84/><E65/><V0/><F0/><W128/><G33/><T19/><D112/><U64/><E64/><V98/><F107/><W30/><G111/><N who="0" m="42539" /><D131/><U43/><E43/><V10/><F28/><W92/><G128/><T91/><D58/><N who="1" m="33135" /><E34/><V75/><F75/><W46/><G79/><T125/><D125/><U99/><E85/><V8/><F87/><W32/><G32/><T40/><D40/><U113/><E113/><V124/><F124/><W22/><G74/><T123/><D123/><U39/><E39/><V102/><F70/><W96/><G72/><T21/><D91/><AGARI ba="0,0" hai="23,27,29,50,51,76,81,84,91,95,99" m="33135" machi="91" ten="30,1000,0" yaku="8,1" doraHai="42" who="1" fromWho="0" sc="210,-10,200,10,370,0,220,0" /><INIT seed="3,0,0,2,3,11" ten="200,210,370,220" oya="3" hai0="2,76,96,121,113,91,48,14,32,123,38,75,133" hai1="125,18,84,35,37,7,55,67,49,56,29,66,58" hai2="105,83,61,92,31,50,12,98,13,69,129,109,117" hai3="94,131,28,85,100,19,45,59,124,64,3,23,88"/><W99/><G131/><T40/><D32/><U33/><E7/><V9/><F109/><W5/><G124/><T77/><D2/><U86/><E37/><V8/><F105/><W20/><G3/><T24/><D38/><U116/><E125/><V108/><F117/><W51/><G5/><T10/><D133/><U47/><E116/><V52/><F108/><W114/><G114/><T21/><D113/><U17/><E29/><V119/><F69/><W78/><G78/><T89/><D89/><U80/><E80/><V135/><F61/><W130/><G130/><T46/><D75/><U128/><E128/><V101/><F135/><W60/><G28/><T0/><D0/><U26/><E26/><V118/><F31/><W16/><G20/><T126/><D126/><U71/><E55/><V81/><F119/><W41/><REACH who="3" step="1"/><G23/><REACH who="3" ten="200,210,370,210" step="2"/><T65/><D77/><U107/><E35/><V4/><F129/><W53/><G53/><T68/><D76/><U110/><E33/><V82/><F118/><W62/><G62/><T134/><D134/><U112/><E112/><V30/><F30/><W90/><G90/><T111/><D111/><U120/><E110/><V15/><F4/><W25/><G25/><T97/><D21/><U95/><E67/><V42/><F42/><W72/><G72/><T93/><D24/><U44/><E66/><V104/><F104/><AGARI ba="0,1" hai="16,19,41,45,51,59,60,64,85,88,94,99,100,104" machi="104" ten="30,11600,0" yaku="1,1,7,1,54,2,53,0" doraHai="11" doraHaiUra="132" who="3" fromWho="2" sc="200,0,210,0,370,-116,210,126" /><INIT seed="3,1,0,5,3,27" ten="200,210,254,336" oya="3" hai0="65,19,43,38,135,6,99,97,100,51,45,57,33" hai1="113,60,92,0,9,62,59,75,123,88,3,89,82" hai2="125,20,25,73,131,124,18,86,85,34,16,22,66" hai3="109,101,23,31,21,71,53,52,54,80,108,115,107"/><W24/><G107/><T41/><D135/><U110/><E113/><V69/><F73/><W5/><G71/><T122/><D122/><U40/><E123/><V58/><F34/><W96/><G115/><T126/><D126/><N who="2" m="48746" /><F69/><W93/><G5/><T130/><D130/><U72/><E110/><N who="3" m="42602" /><G80/><T83/><D83/><U17/><E40/><V78/><F78/><W63/><G63/><T44/><D6/><U39/><E39/><V102/><F102/><W67/><G67/><T111/><D111/><U90/><E92/><V91/><F91/><W84/><G84/><T128/><D128/><U46/><E46/><V79/><F79/><W74/><G74/><T77/><D77/><U32/><E32/><AGARI ba="1,0" hai="21,23,24,31,32,52,53,54,93,96,101" m="42602" machi="32" ten="30,11600,0" yaku="14,1,10,1,52,1,54,1" doraHai="27" who="3" fromWho="1" sc="200,0,210,-119,254,0,336,119" /><INIT seed="3,2,0,5,2,46" ten="200,91,254,455" oya="3" hai0="70,28,127,48,5,125,18,131,34,134,94,52,24" hai1="8,67,1,58,44,53,77,23,51,43,120,60,54" hai2="76,33,62,98,88,117,108,22,95,26,91,113,31" hai3="122,97,119,118,30,130,42,35,9,45,128,27,87"/><W6/><G97/><T116/><D70/><U13/><E120/><V126/><F113/><W112/><G122/><T47/><D116/><U57/><E1/><V25/><F117/><W61/><G61/><T106/><D106/><U2/><E2/><V89/><F108/><W16/><G112/><T82/><D82/><U15/><E77/><V41/><F126/><W84/><G118/><T7/><D131/><N who="3" m="50217" /><G119/><T68/><D68/><U50/><E23/><V101/><F76/><W21/><G42/><T59/><D18/><U40/><REACH who="1" step="1"/><E15/><REACH who="1" ten="200,81,254,455" step="2"/><V38/><F22/><W80/><G35/><T36/><D134/><U92/><E92/><V72/><F95/><W132/><G132/><T29/><D94/><U17/><AGARI ba="2,1" hai="8,13,17,40,43,44,50,51,53,54,57,58,60,67" machi="17" ten="20,12000,2" yaku="1,1,0,1,7,1,8,1,52,2,53,0" doraHai="46" doraHaiUra="100" who="1" fromWho="1" sc="200,-32,81,136,254,-32,455,-62" /><INIT seed="4,0,0,4,3,20" ten="168,217,222,393" oya="0" hai0="5,108,53,48,83,66,7,29,3,2,16,11,99" hai1="82,61,85,1,57,122,34,84,44,110,129,26,105" hai2="54,32,89,15,118,109,21,112,114,46,70,98,67" hai3="79,131,76,43,56,6,91,119,135,92,102,0,103"/><T75/><D108/><U19/><E105/><V69/><F32/><W77/><G119/><T22/><D66/><U111/><E1/><V71/><F109/><W23/><G0/><T128/><D128/><U126/><E122/><V95/><F118/><W63/><G6/><T81/><D29/><U97/><E129/><V117/><F117/><W87/><G131/><T130/><D130/><U25/><E126/><V123/><F123/><W60/><G43/><T14/><D75/><U31/><E97/><V124/><F67/><W9/><G9/><T17/><D99/><U4/><E4/><V121/><F121/><W96/><G135/><T13/><D3/><U8/><E44/><V113/><F124/><W30/><G103/><T106/><D106/><U133/><E133/><V72/><F72/><W45/><G45/><T125/><D125/><U100/><E100/><V120/><F120/><W12/><G12/><T33/><D33/><U38/><E38/><V74/><F74/><W37/><G37/><T115/><D115/><U127/><E127/><V62/><F46/><W18/><G30/><T58/><REACH who="0" step="1"/><D7/><REACH who="0" ten="158,217,222,393" step="2"/><U42/><E111/><V104/><F104/><W101/><G96/><T90/><D90/><U134/><E110/><V107/><F107/><W36/><G76/><T35/><D35/><U65/><E134/><V73/><F73/><W59/><G77/><T50/><D50/><U93/><E34/><V132/><F132/><W64/><G79/><T39/><D39/><U94/><E31/><V27/><F114/><W80/><G36/><T52/><D52/><U41/><E65/><RYUUKYOKU ba="0,1" sc="158,30,217,-10,222,-10,393,-10" hai0="2,5,11,13,14,16,17,22,48,53,58,81,83" /><INIT seed="4,1,1,1,1,18" ten="188,207,212,383" oya="0" hai0="128,43,68,63,59,108,76,19,13,86,94,35,30" hai1="92,33,20,120,102,34,100,129,113,39,103,121,134" hai2="46,57,4,24,127,69,26,116,135,42,10,133,37" hai3="132,83,2,9,110,44,93,79,77,131,95,84,130"/><T78/><D68/><U111/><E39/><V98/><F69/><W87/><G2/><T80/><D128/><N who="3" m="49193" /><G9/><T90/><D108/><U12/><E111/><V23/><F127/><W115/><G110/><T64/><D35/><U99/><E129/><V17/><F116/><W65/><G65/><T96/><D30/><U47/><E134/><N who="2" m="51211" /><F57/><W5/><G5/><T97/><D43/><U126/><E126/><V104/><F98/><W89/><G44/><T22/><REACH who="0" step="1"/><D97/><REACH who="0" ten="178,207,212,383" step="2"/><U56/><E34/><V29/><F29/><W31/><G31/><T125/><D125/><U73/><E33/><V66/><F104/><W7/><G132/><T11/><D11/><U49/><E99/><V124/><F124/><W15/><G115/><T1/><D1/><U119/><E113/><V62/><F10/><N who="3" m="4575" /><G77/><AGARI ba="1,2" hai="13,19,22,59,63,64,76,77,78,80,86,90,94,96" machi="77" ten="30,11600,0" yaku="1,1,7,1,8,1,52,1,53,0" doraHai="18" doraHaiUra="105" who="0" fromWho="3" sc="178,139,207,0,212,0,383,-119" /><INIT seed="4,2,0,4,0,42" ten="317,207,212,264" oya="0" hai0="103,36,109,10,91,90,82,62,6,64,28,130,118" hai1="124,56,93,68,4,34,119,85,106,30,132,86,43" hai2="123,17,128,75,110,76,117,51,113,22,48,114,89" hai3="72,88,77,102,108,99,66,104,40,116,45,131,23"/><T11/><D118/><U61/><E119/><V47/><F117/><W1/><G116/><RYUUKYOKU type="kaze4" ba="2,0" sc="317,0,207,0,212,0,264,0" /><INIT seed="4,3,0,5,2,74" ten="317,207,212,264" oya="0" hai0="134,16,42,82,54,117,53,83,123,9,65,24,114" hai1="35,59,91,81,21,25,45,77,100,26,33,70,56" hai2="76,103,121,55,127,78,37,31,98,135,50,104,64" hai3="15,107,57,87,29,52,93,13,128,27,36,84,69"/><T119/><D123/><U1/><E70/><V108/><F121/><W10/><G107/><T19/><D134/><U47/><E1/><V124/><F37/><W58/><G69/><T90/><D114/><U32/><E100/><V88/><F64/><W75/><G75/><T120/><D120/><U132/><E132/><V7/><F108/><W71/><G71/><T115/><D115/><U118/><E118/><V95/><F31/><W61/><G36/><T14/><D119/><U102/><E102/><V67/><F67/><W8/><G128/><T126/><D65/><U20/><E91/><V99/><F7/><W125/><G125/><N who="2" m="48201" /><F135/><W5/><G93/><T111/><D111/><U63/><E35/><V116/><F116/><W106/><G106/><T34/><D117/><U43/><E43/><V85/><F99/><W51/><G58/><AGARI ba="3,0" hai="50,55,58,76,78,85,88,95,98,103,104" m="48201" machi="58" ten="30,7700,0" yaku="18,1,52,2,54,1" doraHai="74" who="2" fromWho="3" sc="317,0,207,0,212,86,264,-86" /><INIT seed="5,0,0,0,3,53" ten="317,207,298,178" oya="1" hai0="35,131,58,81,50,120,49,9,45,56,92,28,73" hai1="115,44,64,20,116,37,134,29,97,75,80,88,4" hai2="127,18,61,101,8,107,48,12,60,133,2,22,90" hai3="91,94,113,1,87,96,103,31,11,41,77,114,30"/><U14/><E116/><V54/><F127/><W111/><G41/><T122/><D131/><U16/><E64/><V105/><F133/><W93/><G1/><T67/><D67/><U85/><E134/><V24/><F2/><W130/><G11/><T110/><D110/><U126/><E126/><V66/><F101/><W128/><G30/><T43/><D92/><U17/><E4/><V125/><F125/><W74/><G31/><T57/><D9/><N who="1" m="6223" /><E29/><V36/><F36/><W84/><G111/><T102/><D102/><U71/><E71/><V95/><F107/><N who="3" m="63975" /><G84/><T123/><D81/><U86/><E75/><V112/><F112/><N who="3" m="43115" /><G93/><T6/><D73/><U104/><E104/><V65/><F105/><W33/><G33/><T42/><D6/><U26/><E37/><V0/><F0/><W76/><G76/><T100/><D100/><U82/><E115/><V55/><F66/><W46/><G46/><N who="0" m="25815" /><D28/><U83/><E44/><V10/><F65/><W68/><G68/><T69/><D69/><U52/><E52/><V62/><F55/><W7/><G7/><T108/><D108/><U40/><E40/><V63/><F63/><W117/><G117/><T132/><D35/><U89/><E97/><N who="2" m="57591" /><F62/><W98/><G98/><T32/><D32/><U109/><E109/><V106/><F106/><W34/><G34/><T19/><D19/><U39/><E39/><V79/><F61/><W25/><G25/><T5/><D5/><U124/><E124/><V23/><F60/><W38/><G38/><T27/><D27/><U118/><E118/><V21/><F24/><W51/><G51/><RYUUKYOKU ba="0,0" sc="317,10,207,10,298,-30,178,10" hai0="43,45,50,56,57,58,120,122,123,132" hai1="17,20,26,80,82,83,85,86,88,89" hai3="74,77,87,91,94,128,130" /><INIT seed="5,1,0,2,0,85" ten="327,217,268,188" oya="1" hai0="51,9,15,60,53,52,50,14,113,61,65,45,130" hai1="122,62,90,5,64,107,1,18,73,56,112,124,42" hai2="21,19,29,34,127,83,40,132,55,26,0,47,126" hai3="8,36,31,103,114,98,16,125,77,38,108,93,28"/><U80/><E107/><V20/><F55/><W105/><G108/><T17/><D113/><U100/><E122/><V43/><F132/><W92/><G114/><T25/><D130/><U120/><E100/><V121/><F121/><W24/><G77/><T69/><D25/><U81/><E120/><V82/><F0/><W13/><G125/><N who="2" m="47625" /><F43/><W71/><G71/><T96/><D96/><U118/><E118/><V48/><F34/><W119/><G119/><T41/><D60/><U91/><E112/><V87/><F87/><W22/><G92/><T128/><D128/><U35/><E35/><V134/><F134/><W106/><G105/><T2/><D2/><U66/><E66/><V57/><F57/><W110/><G110/><T97/><D97/><U109/><E109/><V104/><F104/><W37/><REACH who="3" step="1"/><G106/><REACH who="3" ten="327,217,268,178" step="2"/><T117/><D117/><U78/><E124/><V63/><F63/><W12/><G12/><AGARI ba="1,1" hai="12,19,20,21,26,29,40,47,48,82,83" m="47625" machi="12" ten="30,1000,0" yaku="18,1" doraHai="85" who="2" fromWho="3" sc="327,0,217,0,268,23,178,-13" /><INIT seed="6,0,0,2,4,87" ten="327,217,291,165" oya="2" hai0="80,59,58,117,78,95,65,9,28,112,69,127,106" hai1="67,45,74,133,114,128,23,30,57,12,76,91,134" hai2="38,101,61,2,107,18,103,115,54,109,99,34,49" hai3="119,122,32,35,37,130,123,88,1,90,125,111,98"/><V11/><F38/><W97/><G37/><T89/><D106/><U113/><E128/><V6/><F115/><N who="1" m="44041" /><E74/><V92/><F34/><W104/><G1/><T3/><D28/><U14/><E76/><V5/><F109/><W52/><G111/><T70/><D70/><U8/><E45/><V20/><F6/><W105/><G52/><T27/><D27/><N who="1" m="16767" /><E8/><V131/><F131/><W24/><G24/><T73/><D127/><U135/><E91/><V120/><F120/><W4/><G4/><T53/><D117/><U55/><E67/><V85/><F103/><W47/><G47/><T72/><D65/><U64/><E64/><V132/><F101/><W51/><G51/><AGARI ba="0,0" hai="12,14,51,55,57,133,134,135" m="16767,44041" machi="51" ten="40,2600,0" yaku="20,1,15,1" doraHai="87" who="1" fromWho="3" sc="327,0,217,26,291,0,165,-26" /><INIT seed="7,0,0,2,0,89" ten="327,243,291,139" oya="3" hai0="37,93,135,47,8,126,71,15,80,18,125,108,16" hai1="75,100,79,101,3,1,77,115,54,119,43,31,9" hai2="124,65,58,4,27,104,20,45,114,83,53,106,128" hai3="91,2,63,84,127,56,69,112,32,39,40,55,87"/><W49/><G32/><T123/><D71/><U41/><E31/><V74/><F114/><W121/><G2/><T131/><D108/><U33/><E33/><V50/><F128/><W13/><G121/><T70/><D70/><U61/><E115/><V122/><F124/><N who="0" m="47722" /><D123/><U57/><E119/><V28/><F4/><W111/><G111/><T113/><D135/><U78/><E75/><V30/><F122/><W38/><G112/><T82/><D131/><U6/><REACH who="1" step="1"/><E1/><REACH who="1" ten="327,233,291,139" step="2"/><V5/><F30/><W98/><G127/><T34/><D34/><U103/><AGARI ba="0,1" hai="3,6,9,41,43,54,57,61,77,78,79,100,101,103" machi="103" ten="30,4000,0" yaku="1,1,2,1,0,1,53,0" doraHai="89" doraHaiUra="24" who="1" fromWho="1" sc="327,-10,233,50,291,-10,139,-20" owari="317,42.0,283,8.0,281,-12.0,119,-38.0" /></mjloggm>