<mjloggm ver="2.3"><GO type="41" lobby="0"/><UN n0="%E2%93%9D%53%75%70%68%78" n1="%68%69%64%65%6B%69%6E%67" n2="%E3%81%8A%E3%81%AA%E3%81%A3%E3%81%A1" n3="%E3%81%99%E3%82%8C%E3%81%84%E3%81%8B" dan="18,13,14,13" rate="2102.27,1920.61,1888.87,1893.77" sx="M,M,F,F"/><TAIKYOKU oya="0"/><INIT seed="0,0,0,0,5,112" ten="250,250,250,250" oya="0" hai0="41,111,68,89,54,117,53,33,59,2,8,6,26" hai1="44,50,23,85,106,105,116,13,78,99,39,66,74" hai2="35,10,71,107,131,98,62,102,7,16,92,67,110" hai3="55,88,52,42,3,73,61,51,96,126,69,29,100"/><T130/><D68/><U113/><E39/><V47/><F110/><W5/><G73/><T122/><D122/><U90/><E113/><V24/><F131/><W14/><G126/><T84/><D130/><U30/><E66/><V86/><F47/><W114/><G42/><T57/><D41/><U134/><E134/><V75/><F75/><W31/><G3/><T60/><D111/><U27/><E74/><V37/><F37/><W21/><G69/><T125/><D125/><U9/><E78/><V49/><F49/><W12/><G100/><T118/><D26/><U104/><E99/><V115/><F115/><W46/><G5/><T25/><D25/><U94/><E116/><V65/><F65/><W80/><G114/><T83/><REACH who="0" step="1"/><D33/><REACH who="0" ten="240,250,250,250" step="2"/><U15/><REACH who="1" step="1"/><E9/><REACH who="1" ten="240,240,250,250" step="2"/><V63/><F10/><W17/><G29/><T72/><D72/><U18/><E18/><V82/><F16/><W103/><G31/><T43/><D43/><AGARI ba="0,2" hai="13,15,23,27,30,43,44,50,85,90,94,104,105,106" machi="43" ten="40,8000,1" yaku="1,1,53,3" doraHai="112" doraHaiUra="101" who="1" fromWho="0" sc="240,-80,240,100,250,0,250,0" /><INIT seed="1,0,0,4,3,126" ten="160,340,250,250" oya="1" hai0="0,60,135,22,54,13,30,96,85,63,123,110,41" hai1="112,1,120,80,102,26,21,87,50,133,12,124,31" hai2="76,47,121,114,91,25,7,107,46,69,130,92,75" hai3="104,81,118,97,77,86,40,52,116,108,74,10,8"/><U11/><E102/><V39/><F121/><W65/><G108/><T106/><D0/><U18/><E120/><V79/><F107/><W2/><G65/><T72/><D135/><U82/><E112/><V56/><F69/><W15/><G40/><T64/><D72/><U78/><E124/><V101/><F114/><W16/><G74/><T98/><D41/><U119/><E119/><N who="3" m="45610" /><G2/><T99/><D110/><U29/><E1/><V9/><F101/><N who="3" m="62511" /><G52/><T61/><D106/><U94/><E94/><V43/><F75/><W20/><AGARI ba="0,0" hai="8,10,15,16,20,77,81,86" m="62511,45610" machi="20" ten="30,2000,0" yaku="12,1,54,1" doraHai="126" who="3" fromWho="3" sc="160,-5,340,-10,250,-5,250,20" /><INIT seed="2,0,0,0,1,69" ten="155,330,245,270" oya="2" hai0="64,119,38,117,20,83,16,87,79,15,24,21,43" hai1="94,78,88,99,3,133,44,60,11,134,100,51,47" hai2="18,50,113,72,91,25,122,54,27,5,129,131,46" hai3="126,62,103,4,31,74,93,41,14,53,77,71,75"/><V85/><F113/><W55/><G41/><T42/><D64/><U121/><E78/><V132/><F122/><W96/><G31/><T63/><D63/><U8/><E44/><V97/><F132/><W30/><G30/><T57/><D57/><U2/><E60/><V22/><F72/><W80/><G126/><T90/><D79/><U92/><E121/><V120/><F120/><W45/><G75/><T76/><D76/><U34/><E34/><V86/><F97/><W107/><G45/><T111/><D111/><U10/><E2/><V13/><F5/><W125/><G125/><T128/><D128/><N who="2" m="49226" /><F86/><W12/><G107/><T36/><D43/><U89/><E3/><V116/><F116/><N who="0" m="44618" /><D42/><U68/><E68/><V95/><AGARI ba="0,0" hai="13,18,22,25,27,46,50,54,85,91,95" m="49226" machi="95" ten="30,1500,0" yaku="19,1" doraHai="69" who="2" fromWho="2" sc="155,-5,330,-5,245,15,270,-5" /><INIT seed="2,1,0,1,2,15" ten="150,325,260,265" oya="2" hai0="24,23,6,83,16,117,45,97,42,67,84,27,62" hai1="51,95,92,26,19,53,38,87,70,74,134,100,132" hai2="81,112,120,109,110,54,77,69,7,80,22,46,98" hai3="50,33,76,108,90,43,37,126,32,71,73,40,59"/><V29/><F112/><W2/><G2/><T103/><D117/><U121/><E74/><V36/><F120/><W41/><G71/><T122/><D122/><U129/><E38/><V135/><F135/><W66/><G37/><T44/><D6/><U104/><E70/><V119/><F119/><W63/><G126/><T133/><D133/><N who="1" m="51307" /><E104/><V115/><F115/><W30/><G108/><N who="2" m="41577" /><F69/><W8/><G8/><T93/><D27/><U106/><E106/><V3/><F98/><W31/><G90/><T48/><D45/><U107/><E107/><V1/><F7/><W102/><G102/><T25/><D25/><U101/><E129/><V60/><F36/><W88/><G76/><T0/><D0/><N who="2" m="74" /><F77/><W118/><G73/><T68/><D84/><U111/><E111/><V79/><F79/><W39/><G118/><T18/><REACH who="0" step="1"/><D83/><REACH who="0" ten="140,325,260,265" step="2"/><U65/><E87/><V34/><F46/><W4/><G4/><T10/><D10/><U114/><E26/><N who="2" m="16599" /><F34/><W47/><G33/><T127/><D127/><U124/><E124/><V113/><F113/><W123/><G32/><T9/><D9/><U61/><E114/><V130/><F130/><W131/><G123/><T58/><D58/><AGARI ba="1,1" hai="54,58,60,80,81" m="16599,74,41577" machi="58" ten="30,2900,0" yaku="14,1,10,1" doraHai="15" who="2" fromWho="0" sc="140,-32,325,0,260,42,265,0" /><INIT seed="2,2,0,0,3,35" ten="108,325,302,265" oya="2" hai0="47,134,2,28,62,55,117,114,56,89,0,83,32" hai1="64,43,101,25,107,14,37,71,97,109,26,77,10" hai2="113,9,29,96,127,12,49,5,76,61,78,85,18" hai3="92,80,24,73,68,6,44,115,111,82,59,36,108"/><V1/><F113/><W125/><G68/><T102/><D114/><U131/><E77/><V118/><F118/><W84/><G115/><T105/><D117/><U99/><E109/><N who="3" m="42058" /><G125/><T11/><D134/><U93/><E131/><V50/><F127/><W19/><G6/><T15/><D102/><U31/><E43/><V133/><F133/><W30/><G19/><T103/><D103/><U123/><E37/><V4/><F29/><W17/><G17/><T46/><D105/><U119/><E123/><V74/><F74/><W98/><G59/><T69/><D69/><U27/><E119/><V22/><F5/><W53/><G84/><T33/><D28/><U91/><E64/><V40/><F96/><W132/><G73/><T135/><D135/><U81/><E81/><V8/><F8/><W67/><G67/><T23/><D11/><U57/><E57/><V52/><F61/><W75/><G75/><T65/><D65/><U120/><E71/><V7/><F7/><W41/><G53/><T112/><D55/><U86/><E97/><V72/><F72/><W94/><G92/><T121/><D112/><U124/><E124/><V130/><F130/><W21/><G132/><T128/><D128/><U63/><E63/><V126/><F126/><W42/><G42/><T129/><D62/><U39/><E39/><V95/><F40/><W66/><G66/><T48/><D129/><U45/><E120/><V16/><F18/><W54/><G54/><T87/><D121/><U20/><E45/><N who="2" m="27695" /><F50/><W88/><AGARI ba="2,0" hai="21,24,30,36,41,44,80,82,88,94,98" m="42058" machi="88" ten="30,2000,0" yaku="14,1,54,1" doraHai="35" who="3" fromWho="3" sc="108,-7,325,-7,302,-12,265,26" /><INIT seed="3,0,0,4,5,82" ten="101,318,290,291" oya="3" hai0="77,118,58,57,86,100,23,104,48,65,135,113,42" hai1="123,59,3,46,131,27,111,52,36,50,2,93,35" hai2="126,1,89,20,9,69,72,105,25,66,17,74,54" hai3="0,32,28,26,40,33,41,7,107,83,91,55,110"/><W68/><G107/><T112/><D104/><U12/><E12/><V19/><F126/><W132/><G68/><T87/><D118/><U62/><E123/><V94/><F105/><W127/><G127/><T125/><D125/><U98/><E111/><V39/><F39/><W24/><G110/><T53/><D100/><U120/><E120/><V34/><F34/><W44/><G132/><T16/><D77/><U73/><E73/><V10/><F10/><W63/><G7/><T88/><D42/><U47/><E36/><V121/><F121/><W130/><G0/><T21/><D21/><U78/><E78/><V4/><F66/><W97/><G130/><T134/><D58/><U6/><E46/><V49/><F17/><W60/><G60/><T76/><D65/><U13/><E13/><V133/><F69/><W61/><G61/><T75/><D76/><U108/><E6/><V29/><F29/><W122/><G122/><T92/><D87/><U80/><E80/><V101/><F101/><W109/><G109/><T124/><D75/><U79/><E79/><V90/><F89/><W119/><G119/><T115/><D124/><U70/><E70/><V71/><F71/><W14/><G97/><T11/><REACH who="0" step="1"/><D11/><REACH who="0" ten="91,318,290,291" step="2"/><U114/><E108/><V102/><F102/><W81/><G32/><T43/><D43/><U67/><E131/><V5/><F74/><W106/><G41/><T99/><D99/><U8/><E8/><V128/><F72/><W129/><G40/><T31/><D31/><N who="1" m="19967" /><E114/><V116/><F116/><W96/><G33/><T51/><D51/><U103/><AGARI ba="0,1" hai="2,3,47,50,52,59,62,67,93,98,103" m="19967" machi="103" ten="30,2000,0" yaku="5,1,54,1" doraHai="82" who="1" fromWho="1" sc="91,-5,318,30,290,-5,291,-10" /><INIT seed="4,0,0,1,0,48" ten="86,348,285,281" oya="0" hai0="20,124,38,84,114,102,10,13,109,76,132,28,30" hai1="131,125,41,128,96,127,9,56,73,1,7,81,43" hai2="75,54,90,115,116,105,99,117,5,15,11,57,88" hai3="134,53,101,97,2,33,47,4,80,110,135,107,26"/><T24/><D38/><U60/><E96/><V39/><F75/><W66/><G66/><T14/><D114/><U18/><E18/><V122/><F39/><W52/><G47/><T129/><D129/><N who="1" m="49739" /><E81/><V44/><F44/><W12/><G2/><T103/><D132/><N who="3" m="50729" /><G80/><N who="0" m="47111" /><D124/><N who="1" m="47691" /><E73/><V45/><F105/><W36/><G36/><T55/><D109/><U123/><E123/><V98/><F122/><W37/><G37/><T79/><D79/><U85/><E85/><V61/><F115/><W6/><G110/><T69/><D69/><U87/><E87/><V111/><F111/><W92/><G107/><T32/><D32/><U67/><AGARI ba="0,0" hai="1,7,9,41,43,56,60,67" m="47691,49739" machi="67" ten="30,2000,0" yaku="19,1,18,1" doraHai="48" who="1" fromWho="1" sc="86,-10,348,20,285,-5,281,-5" /><INIT seed="5,0,0,0,1,81" ten="76,368,280,276" oya="1" hai0="58,43,28,94,18,105,41,130,42,128,134,72,44" hai1="15,29,108,125,75,64,33,78,83,117,118,23,73" hai2="59,40,17,121,2,95,51,0,101,82,46,21,112" hai3="50,55,52,11,31,38,19,119,131,63,6,32,102"/><U45/><E73/><V115/><F121/><W39/><G131/><T96/><D28/><U123/><E123/><V87/><F59/><W92/><G63/><T13/><D105/><U20/><E125/><V16/><F95/><W10/><G19/><N who="2" m="7241" /><F21/><W113/><G113/><N who="2" m="43593" /><F101/><W79/><G92/><T26/><D72/><U14/><E108/><V85/><F85/><W67/><G102/><T34/><D58/><U48/><E64/><V53/><F53/><W98/><G67/><T114/><D114/><U120/><E120/><V109/><F109/><W37/><G55/><T7/><D130/><U89/><E33/><V90/><AGARI ba="0,0" hai="0,2,40,46,51,82,87,90" m="43593,7241" machi="90" ten="30,7900,0" yaku="15,1,11,1,52,1,54,1" doraHai="81" who="2" fromWho="2" sc="76,-20,368,-39,280,79,276,-20" /><INIT seed="6,0,0,0,4,116" ten="56,329,359,256" oya="2" hai0="17,103,81,73,94,64,69,21,106,127,85,8,132" hai1="34,11,112,120,88,27,76,66,45,40,9,70,32" hai2="15,18,54,95,29,109,92,65,13,25,130,102,96" hai3="115,50,6,5,57,123,0,108,86,104,77,49,61"/><V19/><F130/><W68/><G108/><T59/><D127/><U51/><E76/><V22/><F109/><W31/><G68/><T10/><D132/><U55/><E70/><V23/><F65/><W46/><G104/><T30/><D69/><U53/><E66/><V125/><F125/><W37/><G123/><T128/><D128/><U44/><E112/><V35/><REACH who="2" step="1"/><F54/><REACH who="2" ten="56,329,349,256" step="2"/><W101/><G115/><T97/><D73/><U83/><E53/><V12/><F12/><W47/><G0/><T43/><D43/><U114/><E114/><V79/><F79/><W121/><G77/><T71/><D71/><U133/><E133/><V4/><F4/><W75/><G5/><T24/><D106/><AGARI ba="0,1" hai="13,15,18,19,22,23,25,29,35,92,95,96,102,106" machi="106" ten="30,5800,0" yaku="1,1,7,1,9,1,53,0" doraHai="116" doraHaiUra="105" who="2" fromWho="0" sc="56,-58,329,0,349,68,256,0" owari="-2,-50.0,329,13.0,417,51.0,256,-14.0" /></mjloggm>