<mjloggm ver="2.3"><GO type="41" lobby="0"/><UN n0="%52%65%5F%6C%75%6E%61" n1="%62%69%6F%73%74%61" n2="%E2%93%9D%53%75%70%68%78" n3="%E4%B8%83%E6%9C%88%E3%81%AE%E6%A1%9C%E8%8A%B1%E7%8C%AB" dan="13,14,18,13" rate="1889.89,1937.39,2051.34,1933.52" sx="F,M,M,F"/><TAIKYOKU oya="0"/><INIT seed="0,0,0,2,2,28" ten="250,250,250,250" oya="0" hai0="84,43,134,53,18,129,4,112,66,62,56,32,115" hai1="102,91,126,9,77,33,65,107,46,14,119,86,117" hai2="111,25,116,54,61,105,72,59,78,15,19,44,55" hai3="37,135,27,51,118,20,94,120,122,99,50,34,113"/><T80/><D134/><U92/><E126/><V82/><F111/><W98/><G135/><T69/><D32/><U38/><E65/><V23/><F105/><W42/><G113/><T108/><D129/><U35/><E77/><V85/><F116/><W101/><G118/><T64/><D108/><U88/><E91/><V40/><F72/><W47/><G98/><T58/><D4/><U128/><E128/><V124/><F124/><W1/><G1/><T26/><D43/><U12/><E12/><V75/><F75/><W131/><G131/><T89/><D69/><U29/><E29/><V8/><F55/><W114/><G114/><T121/><D121/><N who="3" m="46697" /><G34/><T17/><D115/><U16/><E119/><V36/><REACH who="2" step="1"/><F25/><REACH who="2" ten="250,250,240,250" step="2"/><W30/><AGARI ba="0,1" hai="20,27,30,37,42,47,50,51,94,99,101" m="46697" machi="30" ten="30,1100,0" yaku="13,1" doraHai="28" who="3" fromWho="3" sc="250,-5,250,-3,240,-3,250,21" /><INIT seed="1,0,0,3,1,20" ten="245,247,237,271" oya="1" hai0="6,111,132,43,130,81,18,94,1,28,50,73,74" hai1="23,62,76,39,98,112,51,25,129,95,47,9,133" hai2="123,110,42,34,119,108,67,56,90,24,106,85,107" hai3="96,72,35,21,135,113,84,57,7,31,101,44,32"/><U86/><E112/><V89/><F42/><W36/><G72/><T68/><D130/><U104/><E129/><V40/><F40/><W22/><G113/><T116/><D68/><U55/><E39/><V118/><F56/><W59/><G36/><T80/><D116/><N who="2" m="44586" /><F67/><W120/><G7/><T88/><D111/><N who="2" m="42538" /><F123/><W126/><G84/><T124/><D132/><U122/><E133/><V114/><F114/><W13/><G135/><T128/><D124/><U83/><E122/><V97/><F24/><W105/><G120/><T64/><D64/><U11/><E104/><N who="2" m="39979" /><F34/><W17/><G126/><T58/><D18/><N who="1" m="12535" /><E62/><V103/><F85/><W5/><G35/><T70/><D70/><U102/><AGARI ba="0,0" hai="9,11,47,51,55,76,83,86,95,98,102" m="12535" machi="102" ten="30,3000,0" yaku="8,1,52,1" doraHai="20" who="1" fromWho="1" sc="245,-10,247,30,237,-10,271,-10" /><INIT seed="1,1,0,0,3,57" ten="235,277,227,261" oya="1" hai0="135,122,119,76,10,42,103,25,1,66,73,9,62" hai1="24,81,61,3,83,52,7,92,4,60,63,126,35" hai2="44,21,86,11,26,75,23,15,85,68,77,99,111" hai3="112,96,102,115,132,117,94,20,17,97,134,5,13"/><U110/><E126/><V51/><F111/><W80/><G117/><T53/><D119/><U12/><E3/><V82/><F68/><W131/><G131/><T50/><D135/><U91/><E35/><V127/><F127/><W59/><G5/><N who="1" m="2122" /><E24/><V74/><F99/><W34/><G34/><T114/><D114/><U28/><E28/><V87/><F75/><W29/><G29/><T6/><D10/><U38/><E38/><V108/><F108/><W104/><G80/><N who="1" m="30794" /><E12/><V78/><F78/><W31/><G31/><T118/><D118/><U36/><E36/><V121/><F121/><W32/><G32/><T55/><D122/><U109/><E109/><V125/><F125/><W106/><G59/><T89/><D76/><U0/><E0/><V46/><F26/><W37/><G37/><T14/><D1/><U100/><E100/><V129/><F129/><W133/><REACH who="3" step="1"/><G106/><REACH who="3" ten="235,277,227,251" step="2"/><T54/><D73/><U43/><E110/><V22/><REACH who="2" step="1"/><F51/><REACH who="2" ten="235,277,217,251" step="2"/><W48/><G48/><T56/><D50/><U107/><E107/><V27/><F27/><W30/><G30/><T16/><D25/><U79/><E79/><V101/><F101/><AGARI ba="1,2" hai="13,17,20,94,96,97,101,102,104,112,115,132,133,134" machi="101" ten="40,2600,0" yaku="1,1,20,1,53,0" doraHai="57" doraHaiUra="105" who="3" fromWho="2" sc="235,0,277,0,217,-29,251,49" /><INIT seed="2,0,0,2,4,121" ten="235,277,188,300" oya="2" hai0="52,111,28,54,91,128,38,15,107,37,39,3,8" hai1="26,89,96,46,97,0,25,68,77,17,49,2,65" hai2="29,61,135,55,99,22,103,112,59,10,51,50,126" hai3="125,83,11,9,18,80,100,56,131,102,113,1,44"/><V60/><F112/><W104/><G113/><T24/><D3/><U122/><E77/><V53/><F135/><W43/><G131/><T76/><D128/><U47/><E49/><V95/><F126/><W82/><G125/><T101/><D76/><U58/><E58/><V70/><F70/><W74/><G74/><T78/><D78/><U133/><E65/><V20/><F10/><W94/><G104/><T12/><D111/><U45/><E68/><V98/><F98/><W85/><G11/><T132/><D132/><U48/><E48/><V42/><F42/><W23/><G56/><T120/><D120/><U33/><E47/><V62/><REACH who="2" step="1"/><F29/><REACH who="2" ten="235,277,178,300" step="2"/><W127/><G127/><T115/><D8/><U75/><E133/><V90/><F90/><W79/><G9/><T86/><D115/><U114/><E114/><V31/><F31/><W35/><G79/><T64/><D101/><U36/><E89/><V40/><F40/><W71/><G71/><T73/><D91/><U92/><E97/><V72/><F72/><W5/><G102/><T105/><D73/><U84/><E96/><V14/><F14/><W4/><G100/><T69/><D15/><U32/><E75/><V67/><F67/><W129/><G43/><T63/><D12/><U30/><E30/><V117/><F117/><W124/><G124/><T13/><D13/><U134/><E134/><V116/><F116/><W106/><G129/><T41/><D41/><U57/><E0/><V108/><F108/><W27/><G1/><T16/><D28/><U118/><E2/><V81/><F81/><W110/><G82/><RYUUKYOKU ba="0,1" sc="235,-10,277,-10,178,30,300,-10" hai2="20,22,50,51,53,55,59,60,61,62,95,99,103" /><INIT seed="2,1,1,4,4,107" ten="225,267,208,290" oya="2" hai0="59,65,25,51,119,8,55,133,4,130,63,106,83" hai1="53,100,52,122,84,9,24,3,12,99,82,116,132" hai2="85,68,35,102,115,111,64,48,45,135,10,18,76" hai3="49,114,0,88,81,104,14,134,131,91,62,57,46"/><V93/><F115/><W78/><G0/><T37/><D130/><U50/><E3/><V103/><F35/><W31/><G131/><T21/><D133/><U117/><E132/><V72/><F135/><W5/><G134/><T101/><D37/><U95/><E24/><V123/><F123/><W126/><G104/><T54/><D119/><U109/><E109/><V32/><F32/><W60/><G31/><T33/><D33/><U67/><E67/><V90/><F111/><W128/><G126/><T86/><D101/><U56/><E53/><V2/><F68/><W118/><G128/><T113/><D106/><U34/><E34/><V74/><F64/><W98/><G118/><T15/><D51/><U77/><REACH who="1" step="1"/><E122/><REACH who="1" ten="225,257,208,290" step="2"/><V13/><F2/><W30/><G114/><T89/><REACH who="0" step="1"/><D113/><REACH who="0" ten="215,257,208,290" step="2"/><U129/><E129/><V125/><F125/><W121/><G121/><T79/><D79/><U110/><E110/><V43/><REACH who="2" step="1"/><F76/><REACH who="2" ten="215,257,198,290" step="2"/><W120/><G78/><T97/><D97/><U19/><AGARI ba="1,4" hai="9,12,19,50,52,56,77,82,84,95,99,100,116,117" machi="19" ten="20,5200,0" yaku="1,1,0,1,7,1,54,1,53,0" doraHai="107" doraHaiUra="27" who="1" fromWho="1" sc="215,-14,257,95,198,-27,290,-14" /><INIT seed="3,0,0,1,3,19" ten="201,352,171,276" oya="3" hai0="96,128,133,125,97,55,39,27,18,98,118,21,68" hai1="106,132,42,74,81,85,102,43,104,30,80,110,134" hai2="51,34,37,78,87,64,10,62,29,124,54,57,100" hai3="103,1,12,22,117,58,70,63,75,32,84,89,116"/><W90/><G32/><T59/><D118/><U61/><E30/><V26/><F124/><W123/><G1/><T35/><D125/><U45/><E61/><V24/><F37/><W113/><G75/><T112/><D112/><U11/><E11/><V6/><F100/><W114/><G123/><T15/><D68/><U126/><E126/><V50/><F26/><W122/><G122/><T107/><D39/><U28/><E28/><V36/><F36/><W48/><G70/><T47/><D133/><U94/><E45/><V120/><F120/><W91/><G103/><T4/><D128/><U65/><E65/><V115/><F115/><W130/><G130/><T86/><D47/><U0/><E0/><V76/><F87/><W46/><G113/><T129/><D129/><U82/><E43/><V131/><F51/><W8/><G114/><T93/><D107/><N who="1" m="41003" /><E42/><V72/><F72/><W53/><G22/><N who="0" m="11615" /><D35/><U16/><E16/><V79/><F131/><W127/><G127/><T17/><D4/><U14/><E14/><V92/><F6/><W105/><G105/><T13/><D13/><U25/><E25/><V44/><F10/><W2/><G2/><T83/><D59/><U40/><E40/><V20/><REACH who="2" step="1"/><F92/><REACH who="2" ten="201,352,161,276" step="2"/><N who="3" m="54311" /><G117/><T88/><D55/><U135/><E74/><V60/><F60/><W33/><G116/><T73/><D73/><U95/><E135/><V121/><F121/><W31/><G63/><T56/><D56/><U77/><E134/><V119/><F119/><W5/><G58/><T67/><D67/><U108/><E132/><V3/><F3/><W69/><G69/><RYUUKYOKU ba="0,1" sc="201,10,352,-30,161,10,276,10" hai0="17,21,27,83,86,88,93,96,97,98" hai2="20,24,29,34,44,50,54,57,62,64,76,78,79" hai3="5,8,12,31,33,46,48,53,90,91" /><INIT seed="3,1,1,2,1,90" ten="211,322,171,286" oya="3" hai0="43,86,97,112,37,65,91,31,52,40,14,69,61" hai1="118,96,82,41,15,99,117,77,38,21,70,68,83" hai2="131,95,11,47,28,71,33,58,29,39,7,132,73" hai3="49,25,9,76,55,129,3,27,34,10,32,113,100"/><W8/><G76/><T51/><D112/><U106/><E41/><V60/><F71/><W88/><G113/><T64/><D31/><U2/><E2/><V12/><F73/><W23/><G3/><T116/><D116/><U128/><E38/><V62/><F132/><W30/><G129/><T19/><D97/><U92/><E21/><V102/><F131/><W57/><G100/><T105/><D105/><U107/><E15/><V44/><F62/><W98/><REACH who="3" step="1"/><G27/><REACH who="3" ten="211,322,171,276" step="2"/><T115/><D115/><U59/><E77/><V54/><F102/><W72/><G72/><T93/><D37/><U46/><E128/><V20/><F39/><W24/><G24/><T103/><D103/><U89/><E118/><V17/><F33/><W42/><G42/><T26/><D26/><U35/><E117/><V75/><F75/><W110/><G110/><T120/><D120/><U48/><E35/><V125/><F125/><W134/><G134/><T133/><D133/><U66/><E107/><V53/><F29/><W36/><G36/><T0/><D0/><U123/><E106/><V104/><F28/><W124/><G124/><T63/><D69/><U18/><E70/><V81/><F104/><W13/><G13/><T108/><D108/><U114/><E68/><V45/><F12/><W101/><G101/><T94/><D40/><U126/><E123/><V78/><F78/><W135/><G135/><T79/><D43/><U85/><E126/><V127/><F127/><W50/><G50/><T5/><D79/><U1/><E48/><V4/><F60/><N who="0" m="23114" /><D51/><U130/><E130/><V111/><F111/><RYUUKYOKU ba="1,2" sc="211,-10,322,-10,171,-10,276,30" hai3="8,9,10,23,25,30,32,34,49,55,57,88,98" /><INIT seed="3,2,2,3,5,36" ten="201,312,161,306" oya="3" hai0="61,126,120,35,80,30,62,85,87,45,73,82,65" hai1="93,95,4,115,135,14,22,98,91,37,60,6,116" hai2="76,53,49,21,48,17,86,130,12,42,106,121,88" hai3="29,41,118,50,79,11,83,40,63,28,2,94,132"/><W59/><G118/><T97/><D120/><U134/><E37/><V13/><F106/><W102/><G132/><T99/><D73/><U123/><E123/><V113/><F121/><W124/><G124/><T32/><D45/><U66/><E115/><V71/><F71/><W74/><G50/><T16/><D65/><U0/><E0/><V111/><F111/><W101/><G2/><T9/><D9/><U27/><E95/><V34/><F34/><W117/><G117/><T81/><D16/><N who="1" m="12743" /><E14/><V20/><F130/><W38/><G38/><T1/><D1/><U47/><E47/><N who="2" m="25719" /><F76/><W26/><G11/><T90/><D126/><U105/><E105/><V15/><F113/><W112/><G112/><T25/><D35/><U7/><E116/><V110/><F110/><W43/><G94/><T54/><D81/><U72/><E72/><V57/><F21/><W125/><G125/><T64/><D54/><U10/><E135/><V46/><F46/><W31/><REACH who="3" step="1"/><G26/><REACH who="3" ten="201,312,161,296" step="2"/><T52/><D25/><U58/><E134/><V127/><F127/><W18/><G18/><T78/><D30/><U89/><E10/><V84/><F84/><W77/><G77/><T100/><D85/><U39/><E39/><V44/><F44/><W75/><G75/><T8/><D78/><U23/><E23/><V55/><F55/><AGARI ba="2,3" hai="28,29,31,40,41,43,55,59,63,74,79,83,101,102" machi="55" ten="40,12000,1" yaku="1,1,52,3,53,0" doraHai="36" doraHaiUra="114" who="3" fromWho="2" sc="201,0,312,0,161,-126,296,156" /><INIT seed="3,3,0,5,1,74" ten="201,312,35,452" oya="3" hai0="100,45,131,119,1,66,32,23,49,133,67,87,88" hai1="39,64,31,46,116,53,65,125,80,108,93,10,36" hai2="27,62,105,115,71,9,30,20,132,83,18,109,123" hai3="78,22,102,79,63,37,7,60,42,55,28,41,77"/><W13/><G37/><T111/><D119/><U69/><E108/><V128/><F105/><W38/><G38/><T130/><D32/><U17/><E125/><V43/><F43/><N who="3" m="16395" /><G102/><T51/><D1/><U76/><E93/><V94/><F128/><N who="0" m="49194" /><D111/><U68/><E31/><V50/><F132/><W91/><G91/><T81/><D100/><U97/><E97/><V99/><F123/><W29/><G29/><T2/><D2/><U47/><E116/><V48/><F115/><W82/><G82/><T3/><D3/><U86/><E39/><V11/><F83/><W113/><G113/><T57/><D133/><U89/><E36/><V98/><F98/><W16/><G28/><T75/><D75/><U40/><E40/><V129/><F109/><W134/><G134/><T21/><D45/><U61/><E53/><V107/><F107/><W24/><G55/><N who="0" m="31983" /><D51/><U110/><E110/><V114/><F50/><W90/><G90/><T4/><D4/><U35/><E89/><V56/><F129/><W54/><G54/><T101/><D101/><U6/><E35/><V15/><F114/><W85/><G85/><T84/><D84/><U59/><E69/><V120/><F71/><W8/><AGARI ba="3,0" hai="7,8,13,16,22,24,60,63,77,78,79" m="16395" machi="8" ten="30,12000,1" yaku="8,1,52,3,54,1" doraHai="74" who="3" fromWho="3" sc="201,-43,312,-43,35,-43,452,129" owari="158,-24.0,269,7.0,-8,-51.0,581,68.0" /></mjloggm>