<mjloggm ver="2.3"><GO type="41" lobby="0"/><UN n0="%59%75%6E%67%79%75%6E%67" n1="%E6%AF%94%E5%A5%88%E6%A3%AE%E5%A6%99%E5%B7%A7" n2="%E7%B1%B3%E5%B1%8B%E3%81%AE%E4%BF%A1%E3%81%A1%E3%82%83%E3%82%93" n3="%E2%93%9D%53%75%70%68%78" dan="13,13,13,18" rate="1888.84,1894.39,1873.38,2074.94" sx="M,M,M,M"/><TAIKYOKU oya="0"/><INIT seed="0,0,0,1,5,78" ten="250,250,250,250" oya="0" hai0="9,108,87,93,42,12,2,51,100,105,91,22,41" hai1="132,4,10,60,113,16,24,81,77,43,121,59,11" hai2="135,3,40,57,127,65,94,112,126,28,52,79,30" hai3="20,58,92,133,89,1,86,26,72,75,14,85,31"/><T117/><D117/><U102/><E121/><V44/><F112/><W56/><G1/><T125/><D125/><N who="2" m="47626" /><F3/><W35/><G133/><T115/><D115/><U69/><E132/><V103/><F135/><W122/><G122/><T116/><D116/><U21/><E113/><V128/><F65/><W66/><G35/><T50/><D108/><U74/><E43/><V71/><F71/><W134/><G134/><T129/><D129/><U88/><E102/><V18/><F128/><W7/><G75/><T48/><D2/><U83/><E4/><V90/><F103/><W62/><G72/><T70/><D70/><U109/><E109/><V101/><F101/><W33/><G33/><T106/><D22/><U114/><E69/><V124/><N who="2" m="47634" /><V32/><DORA hai="13" /><F79/><W53/><G7/><T95/><D95/><U47/><E47/><V8/><F32/><W68/><G14/><T96/><REACH who="0" step="1"/><D106/><REACH who="0" ten="240,250,250,250" step="2"/><U23/><E114/><V36/><F94/><W118/><G118/><T49/><N who="0" m="12288" /><DORA hai="67" /><T111/><D111/><U19/><E23/><V29/><F57/><W6/><G68/><T54/><D54/><U55/><REACH who="1" step="1"/><E19/><AGARI ba="0,1" hai="9,12,19,41,42,87,91,93,96,100,105" m="12288" machi="19" ten="50,9600,0" yaku="1,1,52,1,53,1" doraHai="78,13,67" doraHaiUra="131,5,130" who="0" fromWho="1" sc="240,106,250,-96,250,0,250,0" /><INIT seed="0,1,0,0,3,4" ten="346,154,250,250" oya="0" hai0="78,17,70,133,65,32,129,103,19,96,72,40,49" hai1="29,117,128,37,109,25,33,99,98,112,93,102,10" hai2="95,24,26,42,80,62,14,79,15,43,69,91,53" hai3="1,30,45,84,34,127,114,132,31,16,50,64,74"/><T55/><D133/><U108/><E117/><V20/><F69/><W54/><G114/><T8/><D32/><U11/><E112/><V61/><F79/><W126/><G74/><T47/><D129/><U21/><E128/><V90/><F80/><W89/><G1/><T122/><D122/><U48/><E48/><V52/><F20/><W28/><G64/><T106/><D72/><U87/><E87/><V134/><F134/><W92/><G34/><T135/><D135/><U0/><E37/><V85/><F85/><W66/><G66/><T97/><D78/><U71/><E0/><V125/><F125/><W118/><G118/><T76/><D76/><U2/><E2/><V81/><F81/><W3/><G3/><T35/><D35/><U77/><E77/><V5/><F5/><W119/><G119/><T124/><D124/><U83/><E83/><V115/><F115/><W116/><G132/><T7/><D96/><U107/><E71/><V9/><F95/><W39/><G116/><T110/><D110/><N who="1" m="42603" /><E33/><V18/><F18/><W121/><G121/><T73/><D73/><U131/><E131/><V130/><F130/><W120/><G120/><T13/><D40/><U57/><E57/><V88/><F91/><AGARI ba="1,0" hai="10,11,21,25,29,91,93,98,99,102,107" m="42603" machi="91" ten="30,3900,0" yaku="14,1,52,2" doraHai="4" who="1" fromWho="2" sc="346,0,154,42,250,-42,250,0" /><INIT seed="1,0,0,0,0,40" ten="346,196,208,250" oya="1" hai0="26,12,92,4,0,29,30,1,80,15,33,73,14" hai1="53,60,23,65,31,84,17,28,47,6,129,75,3" hai2="131,83,123,21,54,5,99,108,7,121,66,58,76" hai3="13,98,105,50,61,95,85,86,79,104,63,111,120"/><U43/><E75/><V19/><F131/><W125/><G120/><T100/><D80/><U35/><E35/><V45/><F108/><W88/><G111/><T2/><D73/><U27/><E129/><V71/><F121/><W42/><G125/><T20/><D92/><U96/><E53/><V16/><F123/><W11/><G105/><T39/><D100/><U9/><E96/><V18/><F71/><W89/><G104/><T114/><D39/><U103/><E84/><V22/><F99/><W46/><G79/><T49/><D49/><U93/><E93/><V51/><F66/><W57/><G89/><T78/><D78/><U132/><E103/><V113/><F113/><W38/><G38/><T70/><D70/><U81/><E81/><V106/><F106/><W97/><G63/><T134/><D114/><U115/><E115/><V117/><F117/><W135/><G135/><T74/><D74/><U90/><E90/><V116/><F116/><W25/><G25/><N who="0" m="16551" /><D134/><U109/><E109/><V127/><F127/><W128/><G128/><T94/><D94/><U110/><E110/><V107/><F107/><W67/><G86/><T10/><AGARI ba="0,0" hai="0,1,2,4,10,12,14,15,26,30,33" m="16551" machi="10" ten="40,8000,1" yaku="35,5" doraHai="40" who="0" fromWho="0" sc="346,80,196,-40,208,-20,250,-20" /><INIT seed="2,0,0,2,5,112" ten="426,156,188,230" oya="2" hai0="0,101,60,88,116,36,97,9,128,79,42,53,19" hai1="105,2,49,119,77,72,86,5,38,83,24,62,124" hai2="117,8,40,44,61,115,50,89,20,33,56,32,21" hai3="104,28,91,92,45,121,98,76,14,54,126,58,111"/><V71/><F117/><W134/><G121/><T123/><D123/><U31/><E105/><V29/><F115/><W7/><G111/><T67/><D128/><U127/><E119/><V66/><F8/><W82/><G134/><T25/><D79/><U74/><E62/><V75/><F75/><W95/><G126/><N who="1" m="48170" /><E49/><V93/><F33/><W114/><G28/><T46/><D116/><U34/><E38/><V65/><F65/><W48/><G95/><T69/><D53/><U64/><E64/><V131/><F131/><W6/><G104/><T99/><D25/><U35/><E35/><V51/><F51/><W68/><G68/><T94/><D19/><U78/><E78/><V130/><F130/><W27/><G27/><T135/><D135/><U108/><E108/><V125/><F125/><W37/><G114/><T103/><REACH who="0" step="1"/><D97/><REACH who="0" ten="416,156,188,230" step="2"/><U17/><E17/><V87/><F29/><W15/><G76/><T10/><D10/><AGARI ba="0,1" hai="2,5,10,24,31,34,72,74,77,83,86" m="48170" machi="10" ten="30,1000,0" yaku="18,1" doraHai="112" who="1" fromWho="0" sc="416,-10,156,20,188,0,230,0" /><INIT seed="3,0,0,2,2,74" ten="406,176,188,230" oya="3" hai0="111,64,89,49,123,78,73,99,46,11,47,43,21" hai1="112,41,81,131,87,104,48,10,20,24,86,26,100" hai2="113,32,117,45,62,102,18,130,114,135,36,108,83" hai3="5,92,29,59,13,126,33,134,14,53,75,58,94"/><W118/><G118/><T7/><D123/><U116/><E112/><V31/><F117/><W15/><G75/><T54/><D111/><U133/><E116/><V88/><F102/><W51/><G134/><T27/><D64/><U6/><E133/><V110/><F135/><W38/><G38/><T69/><D69/><U107/><E100/><V12/><F62/><W106/><G106/><T98/><D89/><U101/><E101/><V95/><F130/><W96/><G126/><T93/><D93/><U103/><E103/><V2/><F2/><W120/><G120/><T85/><D85/><U105/><E131/><V16/><F83/><W39/><G39/><T42/><D54/><U25/><E87/><V50/><F36/><W60/><G33/><T91/><D91/><U8/><E41/><V115/><F31/><W125/><G29/><T40/><D99/><U132/><E48/><V71/><F71/><W1/><G125/><T17/><D98/><U80/><E80/><V127/><F127/><W68/><G68/><T28/><D28/><U129/><E129/><V82/><F82/><W66/><REACH who="3" step="1"/><G96/><REACH who="3" ten="406,176,188,220" step="2"/><T76/><D73/><U22/><E132/><V97/><F32/><W9/><AGARI ba="0,1" hai="1,5,9,13,14,15,51,53,58,59,60,66,92,94" machi="9" ten="30,6000,0" yaku="1,1,2,1,0,1,53,0" doraHai="74" doraHaiUra="77" who="3" fromWho="3" sc="406,-20,176,-20,188,-20,220,70" /><INIT seed="3,1,0,0,5,79" ten="386,156,168,290" oya="3" hai0="117,97,111,104,85,103,118,119,59,0,77,49,3" hai1="78,29,34,28,82,120,65,53,81,94,110,67,15" hai2="96,26,13,114,133,128,25,37,14,41,115,113,6" hai3="112,130,98,21,99,76,47,63,70,12,64,23,100"/><W72/><G112/><T2/><D111/><U18/><E120/><V43/><F96/><W80/><G130/><T8/><D59/><U46/><E34/><V45/><F133/><W11/><G99/><T33/><D49/><N who="1" m="28855" /><E94/><V92/><F128/><W54/><G54/><T89/><D33/><U101/><E101/><V5/><F92/><W31/><G31/><N who="1" m="11850" /><E110/><V123/><F123/><W74/><G74/><T62/><D62/><U22/><E78/><V56/><F56/><W109/><G47/><T66/><D66/><AGARI ba="1,0" hai="15,18,22,65,66,67,81,82" m="11850,28855" machi="66" ten="30,3900,0" yaku="8,1,52,2" doraHai="79" who="1" fromWho="0" sc="386,-42,156,42,168,0,290,0" /><INIT seed="4,0,0,4,3,73" ten="344,198,168,290" oya="0" hai0="131,64,119,110,1,126,41,25,61,69,79,132,11" hai1="51,75,29,58,21,34,81,50,22,89,3,127,16" hai2="67,125,103,108,7,2,60,120,55,77,44,40,35" hai3="107,82,122,88,116,14,128,85,17,30,76,23,114"/><T66/><D119/><U133/><E133/><V42/><F120/><W118/><G114/><T135/><D110/><U18/><E3/><V20/><F108/><W10/><G128/><T27/><D131/><U13/><E127/><V102/><F125/><W63/><G107/><T121/><D121/><U104/><E104/><V97/><F35/><W52/><G122/><T113/><D113/><U54/><E34/><V62/><F20/><W130/><G130/><T45/><D126/><U46/><E29/><V28/><F28/><W59/><G30/><T4/><D79/><U32/><E32/><V5/><F2/><W105/><G105/><T112/><D112/><U48/><E46/><V84/><F55/><W39/><G39/><T87/><D87/><N who="1" m="50415" /><E75/><V98/><F84/><W94/><G10/><T117/><D117/><U12/><AGARI ba="0,0" hai="12,13,16,18,21,22,48,50,51,54,58" m="50415" machi="12" ten="30,2000,0" yaku="8,1,54,1" doraHai="73" who="1" fromWho="1" sc="344,-10,198,20,168,-5,290,-5" /><INIT seed="5,0,0,5,2,107" ten="334,218,163,285" oya="1" hai0="7,17,122,101,130,128,6,56,37,41,32,25,129" hai1="81,89,67,48,78,38,53,84,75,29,125,83,124" hai2="58,88,86,54,16,40,9,119,30,110,109,77,116" hai3="8,108,132,23,12,31,35,0,22,111,4,26,20"/><U113/><E38/><V66/><F66/><W51/><G51/><T118/><D118/><U59/><E113/><V104/><F104/><W64/><G64/><T72/><D72/><U100/><E100/><V76/><F40/><W99/><G99/><T120/><D101/><U18/><E29/><V65/><F65/><W5/><G132/><T3/><D56/><U93/><E18/><V69/><F69/><W28/><G28/><N who="0" m="19471" /><D17/><U74/><REACH who="1" step="1"/><E67/><REACH who="1" ten="334,208,163,285" step="2"/><V42/><F30/><W61/><G61/><T106/><D106/><U1/><E1/><V91/><F119/><W2/><G5/><N who="0" m="1547" /><D3/><AGARI ba="0,1" hai="0,2,3,4,8,12,20,22,23,26,31,35,108,111" machi="3" ten="40,5200,0" yaku="34,3" doraHai="107" who="3" fromWho="0" sc="334,-52,208,0,163,0,285,62" /><INIT seed="6,0,0,4,4,104" ten="282,208,163,347" oya="2" hai0="3,34,16,46,92,39,105,57,68,56,127,44,66" hai1="30,9,129,81,112,36,128,35,26,58,19,11,53" hai2="133,25,108,135,28,69,33,82,83,52,93,130,65" hai3="37,1,132,100,64,7,62,74,89,109,5,131,116"/><V95/><F130/><N who="1" m="50281" /><E36/><V106/><F106/><W0/><G74/><T8/><D105/><U22/><E112/><V2/><F2/><W14/><G89/><T111/><D111/><U76/><E35/><V114/><F114/><W27/><G14/><N who="0" m="7239" /><D34/><U90/><E90/><V101/><F101/><W115/><G7/><T10/><D39/><U31/><E31/><V40/><F40/><W63/><G63/><N who="0" m="38247" /><D68/><U113/><E30/><V12/><F108/><W120/><G5/><T94/><D3/><U118/><E113/><V61/><F12/><W79/><G1/><T80/><D127/><U125/><E125/><V32/><F32/><W6/><G37/><T55/><D80/><U47/><E47/><N who="0" m="17961" /><D10/><U77/><E77/><V48/><F83/><W96/><G79/><T86/><D86/><N who="1" m="48423" /><E118/><V42/><F82/><W73/><G116/><T98/><D98/><U102/><E102/><V24/><F42/><W51/><G100/><T84/><D84/><U43/><E43/><V38/><F38/><W87/><G87/><T67/><D67/><U29/><E29/><V134/><REACH who="2" step="1"/><F24/><REACH who="2" ten="282,208,153,347" step="2"/><W54/><G131/><T15/><D15/><U88/><E88/><V122/><F122/><W110/><G120/><T21/><D21/><U97/><E97/><V72/><F72/><W13/><G96/><T17/><D17/><U121/><E121/><V20/><F20/><W103/><G110/><T91/><D91/><U49/><AGARI ba="0,1" hai="9,11,19,22,26,49,53,58" m="48423,50281" machi="49" ten="30,1100,0" yaku="19,1" doraHai="104" who="1" fromWho="1" sc="282,-3,208,21,153,-5,347,-3" /><INIT seed="7,0,0,0,3,125" ten="279,229,148,344" oya="3" hai0="59,115,129,52,42,105,6,12,3,102,77,56,84" hai1="50,18,73,15,44,36,62,72,118,69,49,100,95" hai2="108,126,124,10,122,1,86,65,66,123,35,110,104" hai3="132,79,78,70,63,90,39,87,128,25,88,111,7"/><W61/><G7/><T27/><D115/><U57/><E118/><V37/><F104/><W99/><G25/><T75/><D3/><U22/><E69/><V113/><F86/><W83/><G39/><T40/><D75/><U82/><E82/><V93/><F93/><W85/><G99/><T46/><D105/><U38/><E38/><V32/><F37/><W116/><G132/><T21/><D102/><U117/><E117/><V80/><F80/><W58/><G111/><N who="2" m="42537" /><F66/><W31/><G31/><T81/><D129/><U16/><E95/><V131/><F65/><W92/><G116/><T0/><D0/><U9/><E100/><V20/><F20/><W51/><G79/><T4/><D59/><U133/><E133/><V30/><F131/><W112/><G128/><T114/><D114/><U91/><E91/><V64/><F64/><W8/><G90/><T17/><D27/><U43/><E73/><V11/><F113/><W109/><G78/><T14/><D14/><U127/><E72/><V28/><F1/><W71/><G71/><T89/><D77/><U33/><E36/><V119/><F119/><W48/><G70/><T130/><D130/><U135/><E135/><V5/><F5/><W13/><G109/><T134/><D134/><U94/><E94/><V98/><F98/><W19/><G112/><T97/><D97/><U23/><E23/><V24/><F126/><W34/><G92/><T41/><REACH who="0" step="1"/><D46/><REACH who="0" ten="269,229,148,344" step="2"/><U68/><E44/><V74/><F124/><W103/><G103/><T107/><D107/><U53/><E127/><V96/><F74/><W76/><G76/><RYUUKYOKU ba="0,1" sc="269,30,229,-10,148,-10,344,-10" hai0="4,6,12,17,21,40,41,42,52,56,81,84,89" owari="299,10.0,219,-18.0,138,-36.0,344,44.0" /></mjloggm>