<mjloggm ver="2.3"><GO type="41" lobby="0"/><UN n0="%6B%6F%64%6F%4F%6A%69" n1="%E3%81%8D%E3%81%AA%E3%81%8A" n2="%E2%93%9D%53%75%70%68%78" n3="%E5%B9%B3%E5%92%8C%E5%B3%B6%E3%82%AF%E3%82%A2%E3%83%8F%E3%82%A6%E3%82%B9" dan="14,13,17,15" rate="1918.04,1873.80,2088.99,1917.54" sx="M,M,M,M"/><TAIKYOKU oya="0"/><INIT seed="0,0,0,2,3,122" ten="250,250,250,250" oya="0" hai0="132,42,85,111,32,29,7,113,103,110,39,51,68" hai1="45,44,49,73,94,6,62,21,43,90,128,99,34" hai2="26,130,20,81,19,66,78,71,52,0,107,57,95" hai3="105,134,74,70,65,127,10,24,117,125,98,17,40"/><T84/><D113/><U54/><E34/><V63/><F130/><W77/><G117/><T11/><D39/><U28/><E73/><V135/><F135/><W92/><G40/><T114/><D114/><U93/><E128/><V129/><F129/><W8/><G105/><T38/><D38/><U5/><E62/><V2/><F107/><W18/><G77/><T124/><D68/><U50/><E94/><V31/><F95/><W76/><G76/><T97/><D32/><U56/><E56/><V47/><F47/><W35/><G74/><T61/><D61/><U67/><E67/><V9/><F9/><W16/><G65/><T108/><D29/><U112/><E112/><V69/><F31/><N who="3" m="19943" /><G70/><T83/><D124/><N who="3" m="47689" /><G92/><N who="0" m="58791" /><D132/><U116/><E116/><V27/><F71/><W115/><G98/><T4/><D4/><U64/><E64/><V37/><F37/><W106/><G106/><T55/><D42/><U13/><E28/><V80/><F69/><W23/><G115/><T48/><D83/><U59/><E59/><V3/><F66/><W109/><G134/><T89/><D89/><U1/><E1/><V88/><F88/><W75/><G75/><T25/><D25/><U119/><E119/><V102/><F26/><N who="3" m="14703" /><G109/><N who="0" m="27907" /><T120/><DORA hai="101" /><D120/><U118/><E118/><V79/><F102/><W104/><G104/><T46/><D51/><U82/><E82/><V121/><F121/><W53/><G53/><T96/><D96/><U14/><E99/><V22/><F81/><W41/><G41/><T12/><AGARI ba="0,0" hai="7,11,12,46,48,55,84,85" m="27907,58791" machi="12" ten="40,18000,2" yaku="14,1,10,1,52,4" doraHai="122,101" who="0" fromWho="0" sc="250,180,250,-60,250,-60,250,-60" /><INIT seed="0,1,0,1,2,106" ten="430,190,190,190" oya="0" hai0="113,134,131,80,37,31,36,21,82,84,3,128,130" hai1="99,29,67,92,124,13,1,49,58,7,109,112,54" hai2="22,90,24,46,45,51,28,107,38,129,16,120,101" hai3="125,119,69,12,103,75,98,18,59,116,91,64,27"/><T63/><D113/><U50/><E109/><V48/><F120/><W43/><G69/><T26/><D134/><U10/><E124/><V57/><F129/><W114/><G114/><T33/><D3/><U44/><E67/><V89/><F38/><W17/><G125/><T97/><D33/><U41/><E112/><V72/><F72/><W8/><G43/><T32/><D32/><U95/><E29/><V105/><F57/><W100/><G91/><T77/><D97/><U42/><E42/><V102/><F28/><W81/><G103/><T70/><REACH who="0" step="1"/><D82/><REACH who="0" ten="420,190,190,190" step="2"/><U4/><E99/><V65/><F107/><W127/><G98/><T62/><D62/><U132/><E132/><V60/><F105/><W53/><G127/><T9/><D9/><U83/><E83/><V39/><F60/><W73/><G100/><T34/><D34/><U94/><E1/><V20/><F101/><W133/><G81/><T66/><AGARI ba="1,1" hai="21,26,31,36,37,63,66,70,77,80,84,128,130,131" machi="66" ten="40,7800,0" yaku="1,1,0,1,19,1,53,0" doraHai="106" doraHaiUra="11" who="0" fromWho="0" sc="420,91,190,-27,190,-27,190,-27" /><INIT seed="0,2,0,4,5,75" ten="511,163,163,163" oya="0" hai0="24,96,41,112,94,71,37,74,80,46,12,45,104" hai1="114,43,1,133,21,97,29,101,14,111,76,9,27" hai2="3,5,108,126,10,62,100,40,118,78,13,131,65" hai3="51,130,4,106,79,120,16,18,115,26,98,53,31"/><T129/><D112/><U33/><E111/><V88/><F108/><W32/><G115/><T7/><D104/><U36/><E133/><V90/><F131/><W56/><G4/><T123/><D123/><U128/><E128/><V83/><F126/><W77/><G130/><T38/><D71/><U54/><E43/><V6/><F100/><W52/><G120/><T116/><D116/><U122/><E114/><V42/><F5/><W11/><G53/><T125/><D24/><U72/><E36/><V105/><F3/><W63/><G63/><T87/><D74/><U109/><E109/><V30/><F30/><W73/><G73/><T117/><D117/><U57/><E1/><V68/><F105/><W25/><G106/><T92/><D92/><U107/><E122/><V47/><F40/><W86/><G98/><T132/><D132/><U103/><E103/><V84/><REACH who="2" step="1"/><F118/><REACH who="2" ten="511,163,153,163" step="2"/><W49/><G86/><T17/><D87/><U134/><E134/><V113/><F113/><W34/><G34/><T8/><D7/><U82/><E33/><V59/><F59/><W81/><G32/><T58/><D125/><U2/><E2/><V99/><F99/><W61/><G31/><T121/><D58/><U70/><E70/><V102/><F102/><W91/><G56/><T127/><D96/><U124/><E124/><V89/><F89/><W135/><G91/><T19/><D41/><U69/><E69/><V28/><F28/><W64/><G135/><T50/><D129/><U85/><E57/><V67/><F67/><W15/><G64/><T93/><D127/><U23/><E97/><RYUUKYOKU ba="2,1" sc="511,-10,163,-10,153,30,163,-10" hai2="6,10,13,42,47,62,65,68,78,83,84,88,90" /><INIT seed="1,3,1,1,5,57" ten="501,153,183,153" oya="1" hai0="96,68,67,106,22,62,64,17,32,135,74,89,40" hai1="15,39,84,11,75,1,79,126,53,111,25,72,112" hai2="99,122,5,107,77,28,76,29,85,78,88,87,123" hai3="120,116,48,66,93,35,98,0,2,44,131,132,92"/><U10/><E112/><V55/><F5/><W91/><G35/><T90/><D74/><U130/><E39/><V110/><F55/><W115/><G120/><N who="2" m="46121" /><F28/><W13/><G115/><T125/><D135/><U4/><E126/><V127/><F29/><W26/><G132/><T20/><D125/><U50/><E130/><V95/><F127/><W105/><G131/><T103/><D32/><U7/><E111/><V80/><F110/><W128/><G105/><T33/><D33/><U14/><E1/><V133/><F133/><W24/><G128/><T6/><D6/><U121/><E121/><V19/><F19/><W60/><G116/><T43/><D67/><U100/><E100/><N who="2" m="62879" /><F85/><W61/><G66/><T73/><D20/><U21/><E84/><V117/><F117/><W49/><G44/><T30/><D30/><U134/><E79/><V23/><F23/><W42/><G42/><T83/><D43/><U38/><E38/><V51/><F51/><W16/><G13/><N who="0" m="9519" /><D40/><U86/><E86/><V47/><F47/><W70/><G70/><T94/><D94/><U45/><E134/><V59/><F59/><W113/><G113/><T3/><D3/><U58/><E58/><V65/><F65/><W34/><G34/><T36/><D36/><U71/><E71/><V109/><F109/><W46/><G46/><T108/><D108/><U41/><E41/><V31/><F31/><AGARI ba="3,1" hai="4,7,10,11,14,15,21,25,31,45,50,53,72,75" machi="31" ten="30,2900,0" yaku="7,1,9,1" doraHai="57" who="1" fromWho="2" sc="501,0,153,48,183,-38,153,0" /><INIT seed="1,4,0,1,0,92" ten="501,201,145,153" oya="1" hai0="39,88,113,91,70,72,102,94,34,131,101,71,130" hai1="117,80,97,42,21,5,26,20,51,126,6,82,47" hai2="4,46,121,35,1,18,14,112,40,58,22,95,56" hai3="13,110,64,45,2,83,43,11,8,75,119,87,27"/><U9/><E126/><V106/><F121/><W74/><G119/><T49/><D39/><U36/><E117/><V28/><F106/><W98/><G64/><T69/><D34/><U122/><E122/><V133/><F133/><W29/><G2/><T50/><D72/><U96/><E36/><V116/><F112/><W68/><G11/><T12/><D12/><U59/><E59/><V33/><F33/><W127/><G68/><T16/><D16/><N who="1" m="12551" /><E21/><V65/><F65/><W30/><G30/><T79/><D79/><U99/><E9/><V134/><F134/><W54/><G54/><T19/><D19/><U125/><E125/><V24/><F116/><W114/><G114/><T55/><D113/><U128/><E128/><V52/><F1/><W129/><G129/><T60/><D60/><U25/><E25/><V10/><F35/><W38/><G127/><T78/><D78/><U115/><E115/><V108/><F28/><W63/><G63/><T107/><D70/><U0/><E0/><V77/><F77/><W7/><G27/><T111/><D107/><U123/><E123/><V90/><F108/><W109/><G29/><T100/><D111/><U84/><E80/><V31/><F31/><W85/><G110/><T118/><D118/><U62/><E62/><V48/><F40/><W105/><G109/><T120/><D71/><U73/><E73/><V86/><AGARI ba="4,0" hai="4,10,14,18,22,24,46,48,52,56,58,86,90,95" machi="86" ten="20,5200,0" yaku="0,1,7,1,8,1,54,1" doraHai="92" who="2" fromWho="2" sc="501,-17,201,-30,145,64,153,-17" /><INIT seed="2,0,0,0,1,10" ten="484,171,209,136" oya="2" hai0="132,106,4,63,92,122,105,54,78,39,66,58,43" hai1="31,9,19,32,82,77,71,101,85,15,135,18,23" hai2="112,21,33,100,104,7,34,116,121,133,50,83,30" hai3="28,69,119,94,57,130,96,73,45,67,84,65,79"/><V46/><F116/><W16/><G73/><T0/><D122/><U118/><E71/><V49/><F121/><W44/><G69/><T36/><D132/><U12/><E135/><V6/><F133/><W22/><G28/><T25/><D78/><U124/><E124/><V109/><F112/><W24/><G130/><T126/><D126/><U128/><E128/><V62/><F62/><W90/><G119/><T89/><D25/><U2/><E118/><V114/><F114/><W110/><G110/><T131/><D0/><U107/><E2/><V37/><F37/><W40/><G57/><T102/><D4/><U99/><E32/><V51/><F46/><N who="3" m="18027" /><G40/><T52/><D102/><U113/><E113/><V64/><F33/><W127/><G127/><T1/><D1/><U27/><REACH who="1" step="1"/><E31/><REACH who="1" ten="484,161,209,136" step="2"/><V8/><F30/><W29/><G29/><T98/><D131/><U38/><E38/><V115/><F34/><W41/><G41/><T91/><D43/><U95/><E95/><V80/><F115/><W53/><G53/><N who="0" m="20587" /><D39/><U134/><E134/><V74/><F104/><W86/><G79/><T48/><D36/><U70/><E70/><V55/><F55/><W81/><G81/><T17/><D106/><U56/><E56/><V59/><F83/><W72/><G67/><T129/><D105/><U68/><E68/><V47/><F64/><W20/><G65/><T5/><D129/><U123/><E123/><V125/><F125/><W13/><G94/><T103/><D92/><U120/><E120/><V97/><F59/><W14/><G90/><N who="0" m="34315" /><D66/><U11/><E11/><V75/><F8/><RYUUKYOKU ba="0,1" sc="484,-10,161,30,209,-10,136,-10" hai1="9,12,15,18,19,23,27,77,82,85,99,101,107" /><INIT seed="3,1,1,4,4,114" ten="474,191,199,126" oya="3" hai0="89,120,75,26,10,25,86,96,40,117,36,121,108" hai1="21,39,90,135,52,122,80,29,61,0,11,124,44" hai2="7,131,125,46,63,68,45,17,82,33,94,112,19" hai3="4,116,107,85,123,101,102,99,41,130,2,71,95"/><W32/><G71/><T62/><D117/><U35/><E122/><V8/><F112/><W31/><G123/><T105/><D75/><U60/><E35/><V127/><F33/><W81/><G130/><T115/><D108/><U87/><E135/><V59/><F68/><W1/><G41/><T9/><D62/><U18/><E124/><N who="2" m="47691" /><F94/><W53/><G116/><T22/><D96/><U103/><E103/><V51/><F82/><W100/><G107/><T48/><D105/><U42/><E29/><V72/><F72/><W67/><G67/><T133/><D48/><U37/><E37/><V34/><F34/><W50/><G31/><T14/><D10/><U126/><E126/><V64/><F46/><W113/><G32/><T30/><D26/><U74/><E74/><V118/><F131/><W91/><G113/><T129/><D115/><U79/><E79/><V84/><F84/><W49/><G4/><N who="0" m="3367" /><D133/><U97/><E97/><V6/><F6/><W56/><REACH who="3" step="1"/><G50/><REACH who="3" ten="474,191,199,116" step="2"/><T111/><D129/><U92/><E39/><V23/><F118/><W57/><G57/><T28/><D40/><U132/><E132/><V106/><F106/><W47/><G47/><T83/><D36/><U55/><E44/><V119/><F119/><W16/><G16/><N who="0" m="12487" /><D121/><U98/><E18/><V43/><F23/><W104/><G104/><T88/><D120/><U3/><E42/><V24/><F24/><W134/><G134/><T27/><D30/><U128/><E128/><V77/><F17/><W109/><G109/><T38/><D111/><U13/><E21/><V20/><F20/><W78/><AGARI ba="1,2" hai="1,2,49,53,56,78,81,85,91,95,99,100,101,102" machi="78" ten="30,11700,0" yaku="1,1,5,1,0,1,53,1" doraHai="114" doraHaiUra="93" who="3" fromWho="3" sc="474,-40,191,-40,199,-40,116,140" /><INIT seed="3,2,0,5,0,91" ten="434,151,159,256" oya="3" hai0="14,80,8,111,65,38,89,126,50,104,120,108,21" hai1="35,123,41,70,45,74,46,114,5,4,86,119,9" hai2="1,109,81,59,95,82,27,84,56,29,127,121,77" hai3="48,92,75,96,69,87,19,58,85,76,31,25,54"/><W90/><G69/><T99/><D38/><U113/><E70/><V23/><F109/><W28/><G75/><T128/><D120/><U44/><E74/><V63/><F127/><W107/><G107/><T3/><D3/><U116/><E123/><V55/><F1/><W24/><G76/><T20/><D126/><U135/><E35/><V71/><F71/><W51/><G51/><T117/><D117/><N who="1" m="45131" /><E41/><V93/><F121/><W131/><G131/><T10/><D65/><U130/><E130/><V7/><F7/><N who="1" m="2633" /><E9/><V47/><F47/><W101/><G19/><T122/><D10/><U112/><E135/><V33/><F33/><W13/><G13/><T88/><D8/><U79/><E86/><N who="3" m="32778" /><G101/><T64/><D14/><U53/><E79/><V118/><F118/><W22/><G22/><T73/><D20/><U39/><E39/><V106/><F106/><W36/><G36/><T32/><D21/><U72/><E72/><V110/><F110/><W115/><G115/><T26/><D32/><U17/><E17/><V60/><F81/><W12/><G12/><T125/><D80/><U15/><E15/><V134/><F134/><W30/><AGARI ba="2,0" hai="24,25,28,30,31,48,54,58,90,92,96" m="32778" machi="30" ten="30,3000,0" yaku="8,1,52,1" doraHai="91" who="3" fromWho="3" sc="434,-12,151,-12,159,-12,256,36" /><INIT seed="3,3,0,1,5,31" ten="422,139,147,292" oya="3" hai0="54,59,0,89,96,77,78,24,111,28,26,57,122" hai1="38,123,110,29,42,88,106,2,23,19,40,100,72" hai2="3,94,51,104,103,67,33,61,47,17,36,68,108" hai3="5,21,124,121,14,37,25,75,13,127,90,66,39"/><W76/><G121/><T10/><D122/><U49/><E2/><V11/><F108/><W27/><G66/><T98/><D111/><U130/><E123/><V48/><F94/><W86/><G75/><T35/><D26/><U43/><E110/><V85/><F85/><W50/><G76/><T120/><D120/><U30/><E72/><V126/><F126/><W80/><G50/><T97/><D89/><U99/><E38/><V112/><F112/><W55/><G55/><T15/><D0/><U45/><E88/><V125/><F125/><N who="3" m="48203" /><G5/><T63/><REACH who="0" step="1"/><D59/><REACH who="0" ten="412,139,147,292" step="2"/><U12/><REACH who="1" step="1"/><E130/><REACH who="1" ten="412,129,147,292" step="2"/><V135/><F3/><W69/><G37/><T84/><D84/><U134/><E134/><V74/><F36/><W109/><G39/><T52/><D52/><AGARI ba="3,2" hai="12,19,23,29,30,40,42,43,45,49,52,99,100,106" machi="52" ten="40,2600,0" yaku="1,1,54,1,53,0" doraHai="31" doraHaiUra="107" who="1" fromWho="0" sc="412,-35,129,55,147,0,292,0" /><INIT seed="4,0,0,3,4,119" ten="377,184,147,292" oya="0" hai0="23,7,68,30,135,62,107,124,41,50,80,33,56" hai1="71,126,130,57,74,43,39,112,128,36,16,3,65" hai2="78,24,108,17,55,25,54,117,37,9,115,40,59" hai3="52,60,48,110,96,46,113,99,70,19,21,35,132"/><T76/><D124/><U10/><E74/><V95/><F108/><W2/><G35/><T100/><D135/><U51/><E3/><V127/><F117/><W85/><G2/><T88/><D7/><U53/><E10/><V20/><F127/><W81/><G110/><T134/><D134/><U120/><E126/><V84/><F115/><W91/><G113/><T111/><D23/><U1/><E1/><V103/><F37/><N who="1" m="14409" /><E16/><V15/><F40/><W105/><G105/><T45/><D68/><U64/><E112/><V79/><F55/><W73/><G73/><T125/><D125/><U89/><E89/><V26/><F9/><W58/><G70/><T42/><D42/><U104/><E104/><V4/><F4/><W18/><G132/><T131/><D30/><U92/><E92/><V38/><F38/><W22/><G22/><T6/><D88/><U109/><E109/><V123/><F84/><W67/><G19/><T116/><D6/><U13/><E13/><AGARI ba="0,0" hai="13,18,21,46,48,52,58,60,67,81,85,91,96,99" machi="13" ten="30,3900,0" yaku="7,1,8,1,54,1" doraHai="119" who="3" fromWho="1" sc="377,0,184,-39,147,0,292,39" /><INIT seed="5,0,0,2,4,15" ten="377,145,147,331" oya="1" hai0="122,87,9,106,112,12,78,33,53,59,107,114,85" hai1="94,110,31,76,27,38,5,84,124,72,70,40,58" hai2="13,2,55,82,92,16,126,97,128,115,80,103,90" hai3="54,91,68,64,121,96,44,81,63,109,50,89,20"/><U22/><E70/><V4/><F128/><W21/><G121/><T43/><D33/><U133/><E133/><V129/><F129/><W113/><G113/><N who="0" m="43627" /><D43/><U14/><E72/><V120/><F126/><W123/><G109/><T83/><D85/><U66/><E124/><V49/><F120/><W127/><G127/><T35/><D35/><U3/><E3/><V0/><F115/><W51/><G51/><N who="0" m="31167" /><D122/><U99/><E110/><V60/><F2/><W74/><G123/><T77/><D77/><U17/><E5/><AGARI ba="0,0" hai="5,9,12,78,83,87,106,107" m="31167,43627" machi="5" ten="30,1000,0" yaku="15,1" doraHai="15" who="0" fromWho="1" sc="377,10,145,-10,147,0,331,0" /><INIT seed="6,0,0,0,0,88" ten="387,135,147,331" oya="2" hai0="0,55,130,90,4,135,25,47,105,48,101,11,6" hai1="91,7,82,30,85,97,70,114,2,20,29,131,100" hai2="28,102,66,119,41,65,42,32,40,13,77,124,15" hai3="59,33,83,93,75,68,5,22,10,72,113,84,87"/><V36/><F119/><W134/><G68/><T96/><D135/><U38/><E114/><V52/><F36/><W127/><G33/><T74/><D130/><U21/><E131/><V86/><F124/><W69/><G69/><T110/><D110/><U117/><E38/><V24/><F102/><W61/><G134/><T35/><D6/><U121/><E70/><V106/><F106/><W98/><G127/><T99/><D74/><U39/><E39/><V50/><F77/><W58/><G22/><T71/><D71/><U17/><E121/><V56/><REACH who="2" step="1"/><F86/><REACH who="2" ten="387,135,137,331" step="2"/><W123/><G87/><T116/><D116/><U109/><E117/><V60/><F60/><W9/><G61/><T115/><D105/><U26/><E109/><V118/><F118/><W34/><G72/><T125/><D101/><U49/><E7/><V129/><F129/><W64/><G5/><T45/><D4/><U111/><E2/><V67/><AGARI ba="0,1" hai="13,15,24,28,32,40,41,42,50,52,56,65,66,67" machi="67" ten="30,12000,1" yaku="1,1,0,1,54,1,53,2" doraHai="88" doraHaiUra="8" who="2" fromWho="2" sc="387,-40,135,-40,137,130,331,-40" /><INIT seed="6,1,0,1,3,2" ten="347,95,267,291" oya="2" hai0="61,44,30,73,92,7,112,74,1,67,128,89,33" hai1="20,109,116,82,79,19,56,54,96,81,23,65,133" hai2="127,38,117,115,18,134,80,43,111,50,86,90,126" hai3="51,85,35,70,118,100,31,25,41,10,34,29,46"/><V36/><F117/><W94/><G70/><T88/><D128/><U91/><E133/><V57/><F134/><W87/><G118/><T4/><D112/><U103/><E109/><V16/><F115/><W83/><G100/><T53/><D1/><U32/><E32/><V40/><F111/><W62/><G62/><T64/><D30/><U59/><E116/><V37/><F57/><W39/><G39/><T108/><D33/><U55/><E65/><V6/><F6/><N who="0" m="2090" /><D73/><U24/><E20/><V129/><F129/><W52/><G41/><N who="2" m="15945" /><F50/><W106/><G106/><T17/><D74/><U107/><E91/><N who="0" m="34889" /><D92/><U123/><E123/><V15/><F15/><W63/><G94/><T84/><D84/><U48/><REACH who="1" step="1"/><E79/><REACH who="1" ten="347,85,267,291" step="2"/><V122/><F122/><W97/><G35/><T114/><D108/><U99/><E99/><V26/><F90/><W76/><G97/><T13/><D114/><U110/><E110/><V113/><F113/><W71/><G34/><T119/><D119/><U68/><E68/><V101/><F38/><W28/><G76/><T49/><D61/><AGARI ba="1,1" hai="19,23,24,48,54,55,56,59,61,81,82,96,103,107" machi="61" ten="30,2000,0" yaku="1,1,7,1,53,0" doraHai="2" doraHaiUra="0" who="1" fromWho="0" sc="347,-23,85,33,267,0,291,0" /><INIT seed="7,0,0,2,1,3" ten="324,118,267,291" oya="3" hai0="17,41,80,133,113,54,132,90,135,122,119,4,128" hai1="81,88,118,67,48,16,58,6,19,78,114,127,95" hai2="33,65,126,28,131,108,47,134,61,50,79,5,20" hai3="13,82,107,25,7,10,97,2,52,87,32,86,85"/><W37/><G37/><T102/><D119/><U62/><E114/><V84/><F108/><W51/><G107/><T45/><D113/><U55/><E118/><V115/><F33/><W72/><G97/><T111/><D111/><U26/><E127/><V59/><F115/><W12/><G72/><T64/><D122/><U98/><E26/><V96/><F134/><W1/><G1/><T30/><D128/><U46/><REACH who="1" step="1"/><E6/><REACH who="1" ten="324,108,267,291" step="2"/><V18/><F126/><W83/><G25/><T60/><D4/><U123/><E123/><V110/><F131/><W56/><REACH who="3" step="1"/><G32/><REACH who="3" ten="324,108,267,281" step="2"/><T9/><D135/><U24/><E24/><V99/><F110/><W11/><G11/><T117/><D9/><U124/><E124/><V22/><F22/><W70/><G70/><T105/><D133/><U91/><E91/><V74/><F20/><W94/><G94/><T29/><D90/><U75/><AGARI ba="0,2" hai="16,19,46,48,55,58,62,67,75,78,81,88,95,98" machi="75" ten="20,8000,1" yaku="1,1,0,1,7,1,54,2,53,0" doraHai="3" doraHaiUra="120" who="1" fromWho="1" sc="324,-20,108,100,267,-20,281,-40" owari="304,40.0,208,-29.0,247,5.0,241,-16.0" /></mjloggm>