<mjloggm ver="2.3"><GO type="41" lobby="0"/><UN n0="%E2%93%9D%53%75%70%68%78" n1="%E3%81%AF%E3%81%A1%E3%82%83%E3%81%BD%E3%82%93" n2="%E3%81%B0%E3%82%93%E3%81%8B%E3%81%9A" n3="%E3%83%95%E3%83%AB%E3%83%8F%E3%82%A6%E3%82%B9%37%37%37" dan="16,13,13,15" rate="2074.54,1891.87,1918.85,1951.46" sx="M,M,M,M"/><TAIKYOKU oya="0"/><INIT seed="0,0,0,0,3,126" ten="250,250,250,250" oya="0" hai0="114,79,17,135,47,16,127,61,88,76,14,99,59" hai1="56,69,82,68,86,96,80,100,122,28,39,71,107" hai2="106,124,104,111,37,129,98,12,19,92,10,112,22" hai3="70,89,35,40,81,57,45,29,31,15,73,77,62"/><T63/><D114/><U34/><E39/><V3/><F112/><W20/><G70/><T123/><D123/><U51/><E122/><V128/><F124/><W58/><G35/><T85/><D127/><U50/><E82/><V21/><F37/><W118/><G118/><T66/><D135/><U93/><E93/><V13/><F111/><W67/><G58/><T130/><D130/><N who="2" m="50282" /><F3/><W30/><G89/><T54/><D99/><U36/><E36/><V91/><F22/><W53/><G15/><T26/><D26/><U38/><E38/><V33/><F33/><W25/><G67/><T125/><D125/><U78/><E56/><V60/><F60/><W94/><G94/><T7/><D63/><U102/><E102/><V1/><F1/><W72/><G72/><T0/><D0/><U5/><E5/><AGARI ba="0,0" hai="5,10,12,13,19,21,91,92,98,104,106" m="50282" machi="5" ten="30,7700,0" yaku="19,1,52,3" doraHai="126" who="2" fromWho="1" sc="250,0,250,-77,250,77,250,0" /><INIT seed="1,0,0,2,2,50" ten="250,173,327,250" oya="1" hai0="8,49,41,16,61,78,127,19,92,98,89,99,4" hai1="126,20,48,114,85,90,28,122,124,120,23,95,75" hai2="128,66,101,69,42,119,55,77,84,118,70,133,46" hai3="94,52,134,29,105,17,111,14,64,5,79,63,54"/><U96/><E28/><V9/><F101/><W83/><G105/><T86/><D127/><N who="1" m="48683" /><E20/><V121/><F9/><W62/><G111/><T125/><D125/><U1/><E1/><V71/><F84/><N who="3" m="48255" /><G134/><T15/><D61/><N who="3" m="23049" /><G64/><T73/><D73/><U24/><E48/><V88/><F88/><W56/><G56/><T74/><D74/><U103/><E114/><V107/><F77/><W57/><G57/><T113/><D113/><U129/><E75/><V53/><F107/><W39/><G39/><T22/><D78/><U130/><E23/><V13/><F13/><W45/><G45/><N who="0" m="25775" /><D4/><U108/><E24/><AGARI ba="0,0" hai="8,15,16,19,22,24,86,89,92,98,99" m="25775" machi="24" ten="30,2000,0" yaku="8,1,54,1" doraHai="50" who="0" fromWho="1" sc="250,20,173,-20,327,0,250,0" /><INIT seed="2,0,0,2,0,35" ten="270,153,327,250" oya="2" hai0="119,44,56,105,26,17,50,110,61,32,111,117,134" hai1="125,3,118,95,65,30,1,16,42,85,23,98,87" hai2="133,112,122,88,27,67,74,62,40,75,10,128,84" hai3="49,45,63,4,5,116,52,68,58,121,59,6,76"/><V47/><F128/><W108/><G121/><T46/><D17/><U34/><E118/><N who="0" m="45065" /><D105/><U94/><E42/><V18/><F133/><W57/><G116/><T79/><D79/><U13/><E65/><V103/><F112/><W70/><G108/><N who="0" m="41515" /><D26/><U54/><E125/><V39/><F103/><W102/><G102/><T123/><D32/><U37/><E37/><V0/><F122/><W126/><G126/><T115/><D123/><U114/><E114/><V43/><F40/><W106/><G106/><T55/><D115/><U104/><E104/><V22/><F10/><W66/><G70/><T96/><D96/><U135/><E135/><V101/><F0/><W51/><REACH who="3" step="1"/><G76/><REACH who="3" ten="270,153,327,240" step="2"/><T29/><D134/><U8/><E95/><V97/><F101/><W15/><G15/><T81/><D81/><U78/><E78/><V7/><F27/><W60/><G60/><T14/><D14/><U53/><E30/><V38/><F62/><W99/><G99/><T73/><D29/><U91/><E34/><V80/><F97/><W71/><G71/><T69/><D73/><U36/><E36/><V93/><F38/><W109/><G109/><T130/><D130/><U129/><E129/><V2/><F75/><W131/><G131/><T19/><D19/><U33/><E33/><V31/><F18/><W83/><G83/><T113/><D113/><U24/><E87/><V132/><F84/><W100/><G100/><T90/><D90/><U89/><E85/><V12/><F80/><W82/><G82/><T28/><D28/><N who="1" m="17439" /><E91/><V20/><F88/><W41/><AGARI ba="0,1" hai="4,5,6,41,45,49,51,52,57,58,59,63,66,68" machi="41" ten="30,4000,0" yaku="1,1,0,1,54,1,53,0" doraHai="35" doraHaiUra="25" who="3" fromWho="3" sc="270,-10,153,-10,327,-20,240,50" /><INIT seed="3,0,0,1,2,93" ten="260,143,307,290" oya="3" hai0="102,108,19,13,77,51,59,132,17,106,95,107,98" hai1="9,24,90,55,68,82,14,131,78,101,73,18,64" hai2="114,115,26,65,110,83,87,33,30,2,22,79,88" hai3="119,111,129,39,1,31,10,57,43,117,45,80,27"/><W49/><G129/><T20/><D108/><U121/><E121/><V71/><F110/><W120/><G111/><T72/><D132/><U8/><E131/><V84/><F2/><W42/><G120/><T3/><D3/><U48/><E68/><V91/><F79/><W130/><G130/><T44/><D59/><U104/><E64/><V135/><F135/><W5/><G43/><T61/><D61/><U11/><E24/><V103/><F103/><W36/><G80/><T124/><D124/><U15/><E15/><V41/><F41/><W126/><G126/><T40/><REACH who="0" step="1"/><D19/><REACH who="0" ten="250,143,307,290" step="2"/><U76/><E76/><V81/><REACH who="2" step="1"/><F33/><REACH who="2" ten="250,143,297,290" step="2"/><W105/><G117/><T6/><D6/><U53/><E90/><V28/><F28/><W38/><G119/><T70/><D70/><U60/><E101/><V66/><F66/><W113/><G5/><T54/><D54/><U125/><E125/><V100/><F100/><W58/><G1/><T35/><D35/><U128/><E128/><V116/><F116/><W63/><G31/><T75/><D75/><U92/><E55/><V23/><F23/><W97/><G42/><T133/><D133/><U25/><E53/><V0/><F0/><W86/><G10/><T109/><D109/><U52/><E8/><V112/><F112/><W21/><G21/><T37/><D37/><U67/><E9/><V46/><F46/><W32/><G45/><T47/><D47/><U122/><E11/><V29/><F29/><W16/><G38/><T123/><D123/><U89/><E122/><V50/><F50/><W12/><G49/><T69/><D69/><RYUUKYOKU ba="0,2" sc="250,15,143,-15,297,15,290,-15" hai0="13,17,20,40,44,51,72,77,95,98,102,106,107" hai2="22,26,30,65,71,81,83,84,87,88,91,114,115" /><INIT seed="4,1,2,2,0,9" ten="265,128,312,275" oya="0" hai0="110,6,45,67,38,111,128,53,120,135,101,15,36" hai1="116,44,103,118,83,56,129,49,42,99,88,14,32" hai2="47,94,68,43,133,21,51,34,114,98,89,104,25" hai3="23,121,86,2,10,55,18,134,46,109,113,12,64"/><T19/><D120/><U58/><E32/><V37/><F114/><W17/><G109/><N who="0" m="41483" /><D128/><U87/><E129/><V66/><F133/><W82/><G121/><T3/><D135/><U81/><E81/><V65/><F68/><W108/><G113/><T115/><D115/><U85/><E85/><V39/><F34/><W52/><G108/><T30/><D30/><U13/><E118/><V1/><F1/><W72/><G72/><T95/><D67/><U29/><E29/><V24/><F25/><N who="3" m="14575" /><G2/><T79/><D6/><U8/><E116/><V123/><F104/><W93/><G134/><T26/><D26/><U119/><E119/><V74/><F74/><W71/><G71/><T61/><D79/><U106/><REACH who="1" step="1"/><E13/><REACH who="1" ten="265,118,312,275" step="2"/><V16/><F123/><W130/><G130/><T131/><D3/><U91/><E91/><V63/><F89/><N who="3" m="53431" /><G82/><T11/><D131/><U84/><E84/><V132/><F132/><W0/><G0/><T70/><D15/><U27/><E27/><V57/><F24/><W75/><G75/><T124/><D124/><U102/><E102/><V5/><F98/><W54/><G46/><T35/><D45/><U40/><E40/><V77/><F47/><W127/><G127/><T97/><D35/><U92/><E92/><V4/><F94/><W69/><G69/><T117/><D117/><U78/><E78/><V112/><F77/><W73/><G73/><T31/><D31/><U41/><E41/><V126/><F43/><W33/><G33/><T62/><D70/><U122/><E122/><V107/><F126/><W28/><G28/><T59/><D95/><RYUUKYOKU ba="1,3" sc="265,-15,118,15,312,-15,275,15" hai1="8,14,42,44,49,56,58,83,87,88,99,103,106" hai3="10,12,18,52,54,55,64" /><INIT seed="5,2,3,4,2,114" ten="250,133,297,290" oya="1" hai0="67,59,12,74,40,48,41,43,103,3,47,24,49" hai1="66,39,115,73,1,87,104,72,122,5,96,10,84" hai2="70,98,65,106,7,94,33,60,95,46,123,101,92" hai3="9,85,56,134,38,130,81,30,86,27,77,58,42"/><U124/><E39/><V99/><F123/><W36/><G130/><T45/><D74/><U82/><E122/><V11/><F33/><W28/><G134/><T25/><D3/><U57/><E115/><V125/><F46/><N who="0" m="17418" /><D103/><U16/><E124/><V128/><F128/><W135/><G135/><T76/><D76/><U79/><E73/><V71/><F125/><W80/><G9/><T31/><D12/><U52/><E66/><V121/><F121/><W2/><G2/><T51/><D31/><U91/><E104/><V118/><F118/><W119/><G119/><T75/><D75/><U21/><E91/><V127/><F71/><W116/><G116/><T89/><D89/><U61/><REACH who="1" step="1"/><E96/><REACH who="1" ten="250,123,297,290" step="2"/><V19/><F127/><W105/><G105/><T0/><D0/><U129/><E129/><V14/><F98/><W29/><G38/><T34/><D34/><U22/><E22/><V93/><F106/><W15/><G36/><T17/><D67/><U18/><E18/><V23/><F101/><W64/><G64/><T62/><D17/><U113/><E113/><V131/><F131/><W78/><G78/><T54/><AGARI ba="2,4" hai="24,25,40,41,43,48,49,51,54,59,62" m="17418" machi="54" ten="40,1500,0" yaku="8,1" doraHai="114" who="0" fromWho="0" sc="250,61,123,-9,297,-6,290,-6" /><INIT seed="6,0,0,2,1,127" ten="311,114,291,284" oya="2" hai0="44,112,60,117,13,68,53,9,97,33,132,73,125" hai1="99,25,16,21,94,35,122,123,67,58,17,71,32" hai2="114,37,126,118,119,74,31,80,78,76,92,82,108" hai3="18,15,130,34,131,52,39,101,14,65,103,43,28"/><V36/><F31/><W110/><G110/><T55/><D73/><U57/><E71/><V19/><F19/><W54/><G65/><T8/><D33/><U6/><E6/><V98/><F37/><W62/><G28/><T85/><D132/><U83/><E83/><V124/><F36/><W70/><G34/><T56/><D112/><U79/><E79/><V4/><F4/><W2/><G2/><T128/><D68/><U42/><E42/><V96/><F108/><W7/><G70/><T89/><D128/><N who="3" m="49193" /><G7/><T26/><D117/><U50/><E50/><V63/><F63/><W47/><G14/><T84/><D125/><U64/><E25/><V113/><F92/><W133/><G133/><T77/><D26/><U86/><E86/><V51/><F51/><W1/><G1/><T81/><D13/><U23/><E94/><V135/><F135/><W107/><G107/><T111/><D111/><U115/><REACH who="1" step="1"/><E99/><REACH who="1" ten="311,104,291,284" step="2"/><V75/><AGARI ba="0,1" hai="74,75,76,78,80,82,96,98,113,114,118,119,124,126" machi="75" ten="25,18000,2" yaku="0,1,22,2,34,3" doraHai="127" who="2" fromWho="2" sc="311,-60,104,-60,291,190,284,-60" /><INIT seed="6,1,0,4,0,33" ten="251,44,481,224" oya="2" hai0="128,64,34,7,29,55,99,56,65,12,111,59,133" hai1="84,53,43,73,95,79,96,6,86,25,117,1,23" hai2="15,21,28,75,44,31,91,47,83,19,35,103,90" hai3="88,81,77,87,97,72,115,123,54,60,8,51,132"/><V110/><F110/><W94/><G123/><T113/><D111/><U9/><E117/><V4/><F75/><W39/><G39/><T71/><D34/><U38/><E53/><V109/><F35/><W42/><G132/><T41/><D29/><U98/><E98/><V40/><F103/><W114/><G42/><T68/><D12/><U49/><E49/><V22/><F15/><W124/><G60/><T100/><D7/><U126/><E126/><V63/><F83/><W85/><G8/><T106/><D128/><U61/><E61/><V48/><F48/><W112/><G124/><T107/><D113/><U129/><E129/><V120/><F19/><W16/><G16/><T69/><D41/><U127/><E127/><V0/><F22/><W119/><G119/><T76/><D76/><U125/><E125/><V26/><F21/><W37/><G37/><T2/><D133/><U67/><E67/><V66/><F66/><W52/><G54/><T24/><D65/><U3/><E86/><V11/><F11/><W74/><G74/><T118/><D64/><U57/><E84/><V45/><F4/><W92/><G92/><T104/><D104/><U5/><E57/><AGARI ba="1,0" hai="51,52,57,72,77,81,85,87,88,94,97,112,114,115" machi="57" ten="40,8000,1" yaku="15,1,11,1,54,2" doraHai="33" who="3" fromWho="1" sc="251,0,44,-83,481,0,224,83" owari="251,-15.0,-39,-54.0,481,58.0,307,11.0" /></mjloggm>