<mjloggm ver="2.3"><GO type="41" lobby="0"/><UN n0="%E2%93%9D%53%75%70%68%78" n1="%65%78%69%73%74%2D%79" n2="%E6%B2%B3%E9%87%8E%E7%9B%B4%E4%B9%9F" n3="%E3%81%82%E3%81%A3%E3%81%95%E3%81%98%E3%83%BC%E3%82%93" dan="18,15,14,15" rate="2104.75,2001.67,1927.42,2045.36" sx="M,M,M,M"/><TAIKYOKU oya="0"/><INIT seed="0,0,0,4,1,32" ten="250,250,250,250" oya="0" hai0="93,97,63,33,44,108,10,78,85,0,84,8,24" hai1="98,12,37,102,71,86,121,43,28,133,39,7,99" hai2="22,125,36,130,6,67,87,41,61,124,91,42,119" hai3="95,30,19,106,120,101,82,69,83,34,5,88,49"/><T104/><D104/><U126/><E121/><V48/><F6/><W66/><G120/><T9/><D108/><U96/><E71/><N who="2" m="42479" /><F87/><W31/><G5/><T80/><D85/><U56/><E28/><V40/><F91/><W47/><G19/><T54/><D33/><U110/><E86/><V53/><F22/><W123/><G123/><T46/><D24/><U25/><E25/><V70/><F70/><W64/><G101/><T65/><D54/><U77/><E12/><V73/><F73/><W100/><G100/><T27/><D0/><U45/><E7/><V92/><F92/><W51/><G106/><T58/><REACH who="0" step="1"/><D27/><REACH who="0" ten="240,250,250,250" step="2"/><U29/><E98/><V52/><F53/><N who="3" m="29887" /><G34/><T135/><D135/><U20/><E99/><V57/><F119/><W129/><G66/><T50/><D50/><U2/><E96/><V128/><F36/><W18/><G51/><T17/><D17/><U55/><E39/><V111/><F111/><W14/><G64/><T74/><D74/><U21/><E110/><V131/><AGARI ba="0,1" hai="40,41,42,48,52,57,124,125,128,130,131" m="42479" machi="131" ten="40,8000,1" yaku="19,1,34,2,54,1" doraHai="32" who="2" fromWho="2" sc="240,-40,250,-20,250,90,250,-20" /><INIT seed="1,0,0,1,5,100" ten="200,230,340,230" oya="1" hai0="20,64,18,34,87,9,104,88,12,59,105,69,97" hai1="114,8,112,46,10,106,35,113,67,121,60,2,120" hai2="0,3,117,65,103,111,33,49,130,61,116,82,13" hai3="134,45,14,54,6,42,47,37,36,5,41,21,70"/><U27/><E46/><V93/><F93/><W79/><G134/><T38/><D34/><U11/><E2/><V26/><F49/><W110/><G110/><T55/><D38/><U52/><E67/><V78/><F13/><W39/><G70/><T1/><D97/><U71/><E71/><N who="2" m="42415" /><F103/><W95/><G79/><T123/><D123/><U102/><E60/><V63/><F63/><W96/><G54/><T98/><D98/><U85/><E85/><V32/><F111/><W56/><G56/><T53/><D69/><U89/><E89/><V40/><F40/><W84/><G84/><T66/><D55/><U72/><E52/><V101/><F101/><W68/><G68/><T29/><D29/><N who="1" m="19903" /><E72/><N who="2" m="43335" /><F130/><W23/><G39/><T16/><D66/><U58/><E58/><V108/><F108/><W22/><REACH who="3" step="1"/><G14/><REACH who="3" ten="200,230,340,220" step="2"/><N who="0" m="9239" /><D64/><U77/><E120/><V4/><F0/><W94/><G94/><N who="0" m="54559" /><D1/><U91/><E121/><V74/><F3/><W43/><G43/><T48/><AGARI ba="0,1" hai="9,12,18,48,53,59,104,105" m="54559,9239" machi="48" ten="30,8000,1" yaku="25,1,52,2,54,2" doraHai="100" who="0" fromWho="0" sc="200,90,230,-40,340,-20,220,-20" /><INIT seed="2,0,0,1,3,69" ten="290,190,320,200" oya="2" hai0="20,56,97,33,88,74,48,129,124,60,110,79,18" hai1="17,58,113,89,94,95,70,106,92,135,96,25,117" hai2="64,72,84,73,45,125,76,29,51,103,127,49,107" hai3="108,2,131,27,3,63,82,12,81,61,130,87,30"/><V59/><F29/><W101/><G108/><T13/><D110/><U126/><E70/><V42/><F103/><W16/><G101/><T23/><D33/><U120/><E113/><V115/><F107/><W50/><G50/><T52/><D129/><N who="3" m="49161" /><G63/><T128/><D124/><N who="2" m="47690" /><F115/><W6/><G61/><T111/><D111/><U40/><E106/><V41/><F84/><W78/><G6/><T5/><D5/><U35/><E126/><V119/><F76/><N who="3" m="46503" /><G27/><T77/><D74/><N who="2" m="28778" /><F119/><W7/><G7/><T109/><D128/><U98/><E117/><V54/><F64/><W75/><G30/><T4/><D4/><U91/><E40/><AGARI ba="0,0" hai="40,41,42,45,49,51,54,59" m="28778,47690" machi="40" ten="30,1500,0" yaku="18,1" doraHai="69" who="2" fromWho="1" sc="290,0,190,-15,320,15,200,0" /><INIT seed="2,1,0,5,0,38" ten="290,175,335,200" oya="2" hai0="63,115,34,114,130,113,18,60,6,93,80,76,85" hai1="37,65,39,54,96,9,121,25,133,94,4,5,68" hai2="119,61,128,69,100,23,29,135,84,95,49,75,101" hai3="16,12,108,10,90,79,21,8,67,89,30,116,45"/><V73/><F23/><W106/><G116/><T52/><D34/><U0/><E133/><V81/><F49/><W132/><G106/><T86/><D6/><U72/><E5/><V62/><F29/><W87/><G132/><T74/><D130/><U55/><E121/><V31/><F31/><W15/><G108/><T82/><D18/><U125/><E125/><V105/><F69/><W126/><G126/><T66/><D93/><U64/><E72/><N who="2" m="27723" /><F61/><W17/><G67/><T70/><REACH who="0" step="1"/><D82/><REACH who="0" ten="280,175,335,200" step="2"/><U88/><E68/><V107/><F95/><W124/><G124/><T129/><D129/><U122/><E122/><V134/><F128/><W98/><G17/><T92/><D92/><U131/><E131/><V26/><F135/><W102/><G16/><T91/><D91/><U123/><E123/><V118/><F134/><W42/><G90/><T120/><D120/><U51/><E25/><V110/><F105/><W103/><G89/><T99/><D99/><U24/><E24/><V109/><F107/><W20/><G98/><T43/><D43/><U53/><REACH who="1" step="1"/><E51/><REACH who="1" ten="280,165,335,200" step="2"/><V40/><F26/><W33/><G33/><T13/><D13/><U28/><E28/><V127/><F127/><W59/><G30/><T58/><AGARI ba="1,2" hai="52,58,60,63,66,70,74,76,80,85,86,113,114,115" machi="58" ten="40,5200,0" yaku="1,1,0,1,54,1,53,0" doraHai="38" doraHaiUra="112" who="0" fromWho="0" sc="280,75,165,-14,335,-27,200,-14" /><INIT seed="3,0,0,4,1,80" ten="355,151,308,186" oya="3" hai0="11,39,81,8,40,66,51,92,103,97,25,69,53" hai1="84,68,134,75,85,0,27,73,47,78,21,112,125" hai2="46,3,20,91,28,37,71,41,88,6,12,45,56" hai3="5,70,98,114,35,87,94,118,10,120,119,101,61"/><W1/><G114/><T130/><D130/><U38/><E68/><V116/><F71/><W55/><G120/><T4/><D39/><U54/><E112/><V126/><F116/><W74/><G74/><T42/><D66/><U132/><E0/><V59/><F126/><W86/><G35/><T99/><D25/><U108/><E108/><V17/><F28/><W127/><G127/><T128/><D128/><U133/><E125/><V106/><F106/><W83/><G87/><N who="1" m="33354" /><E78/><V49/><F6/><W64/><REACH who="3" step="1"/><G55/><REACH who="3" ten="355,151,308,176" step="2"/><T89/><D53/><U48/><E38/><V102/><F37/><W121/><G121/><T26/><D42/><U131/><E131/><V117/><F41/><W32/><G32/><T67/><D40/><U15/><E15/><V104/><F12/><W123/><G123/><T52/><D52/><U76/><E76/><AGARI ba="0,1" hai="1,5,10,61,64,70,76,83,86,94,98,101,118,119" machi="76" ten="30,5800,0" yaku="1,1,7,1,52,1,53,0" doraHai="80" doraHaiUra="18" who="3" fromWho="1" sc="355,0,151,-58,308,0,176,68" /><INIT seed="3,1,0,2,5,129" ten="355,93,308,244" oya="3" hai0="134,6,81,4,130,1,90,10,36,56,17,119,121" hai1="71,76,58,122,102,31,108,60,41,133,59,82,5" hai2="88,120,110,62,103,116,85,114,112,78,3,126,51" hai3="30,123,84,100,19,92,44,96,13,32,79,97,115"/><W7/><G115/><T132/><D130/><U52/><E108/><V39/><F3/><W111/><G123/><T16/><D121/><U38/><E122/><V86/><F39/><W107/><G111/><T21/><D36/><U2/><E102/><V12/><F12/><W42/><G7/><T93/><D119/><U57/><E31/><V9/><F9/><W33/><G30/><T72/><D56/><U98/><E98/><V99/><F51/><W70/><G70/><T118/><D118/><U0/><E71/><V131/><F62/><W20/><G84/><N who="0" m="52423" /><D21/><U18/><E18/><V8/><F8/><W63/><G79/><N who="0" m="44263" /><D6/><U80/><E2/><V24/><F24/><W77/><G77/><T49/><D49/><U106/><E106/><N who="2" m="63871" /><F120/><W83/><G83/><T61/><D61/><U43/><E80/><N who="2" m="47255" /><F116/><W94/><G63/><T87/><D87/><U91/><E38/><V69/><F110/><W50/><REACH who="3" step="1"/><G107/><REACH who="3" ten="355,93,308,234" step="2"/><T14/><D1/><U15/><E0/><V101/><F69/><W34/><G34/><T105/><D105/><U113/><E5/><V35/><F131/><W117/><G117/><T75/><D75/><U25/><E60/><V64/><F35/><W67/><G67/><T29/><D29/><U27/><E113/><V28/><F64/><W55/><G55/><T66/><D66/><U22/><E52/><V11/><F28/><W89/><AGARI ba="1,1" hai="13,19,20,32,33,42,44,50,89,92,94,96,97,100" machi="89" ten="20,3900,0" yaku="1,1,0,1,7,1,53,0" doraHai="129" doraHaiUra="23" who="3" fromWho="3" sc="355,-14,93,-14,308,-14,234,52" /><INIT seed="3,2,0,5,2,121" ten="341,79,294,286" oya="3" hai0="110,76,116,131,94,99,66,83,127,100,129,112,50" hai1="98,60,80,8,113,46,77,15,91,20,42,37,30" hai2="29,119,86,12,13,71,21,48,40,97,61,59,0" hai3="115,132,89,103,118,49,10,25,73,90,7,47,93"/><W35/><G115/><T65/><D116/><U75/><E113/><V64/><F0/><W52/><G118/><T68/><D112/><U44/><E60/><V34/><F34/><W120/><G120/><T43/><D127/><U96/><E46/><V126/><F126/><W105/><G73/><T130/><D68/><U1/><E91/><V72/><F72/><W87/><G132/><T14/><D14/><U56/><E56/><V128/><F128/><W26/><G35/><T84/><D110/><U69/><E69/><V102/><F86/><W54/><G54/><T122/><D122/><U17/><REACH who="1" step="1"/><E30/><REACH who="1" ten="341,69,294,286" step="2"/><V109/><F29/><W57/><G47/><AGARI ba="2,1" hai="43,47,50,65,66,76,83,84,94,99,100,129,130,131" machi="47" ten="40,1300,0" yaku="19,1" doraHai="121" who="0" fromWho="3" sc="341,29,69,0,294,0,286,-19" /><INIT seed="4,0,0,2,4,127" ten="370,69,294,267" oya="0" hai0="54,41,52,74,2,131,22,82,100,117,94,119,42" hai1="72,29,48,122,65,15,46,111,37,14,55,98,26" hai2="87,96,30,135,109,112,47,92,28,73,68,39,124" hai3="114,58,40,102,49,53,118,25,120,125,107,31,20"/><T95/><D2/><U35/><E111/><V3/><F47/><W61/><G118/><T62/><D74/><U93/><E122/><V33/><F87/><W12/><G125/><T66/><D82/><U85/><E72/><V88/><F88/><W45/><G120/><T57/><D22/><U99/><E37/><V56/><F56/><W110/><G110/><T34/><D34/><U115/><E115/><V130/><F92/><W105/><G114/><T133/><D100/><U9/><E65/><V5/><F96/><W70/><G102/><T132/><D95/><U134/><E134/><N who="0" m="51817" /><D131/><U71/><E71/><V19/><F19/><W86/><G70/><T4/><D4/><U10/><E85/><V113/><F5/><W32/><G86/><T38/><D94/><U80/><E80/><V123/><F30/><W50/><G32/><T7/><D7/><U17/><REACH who="1" step="1"/><E93/><REACH who="1" ten="370,59,294,267" step="2"/><V121/><F121/><W97/><G97/><T51/><D38/><U24/><E24/><V16/><F28/><W18/><G107/><T36/><D36/><U103/><E103/><V75/><F113/><W43/><G105/><T67/><D67/><U44/><E44/><V90/><F90/><W69/><G69/><N who="0" m="42199" /><D54/><U81/><E81/><V89/><F89/><W91/><G53/><T83/><D83/><U59/><E59/><V0/><F73/><W27/><G27/><T63/><D42/><U13/><E13/><V78/><F112/><W60/><G43/><T101/><D101/><U21/><E21/><V8/><F123/><W1/><G40/><T11/><D11/><U126/><E126/><RYUUKYOKU ba="0,1" sc="370,15,59,15,294,-15,267,-15" hai0="41,51,52,57,63,117,119" hai1="9,10,14,15,17,26,29,35,46,48,55,98,99" /><INIT seed="4,1,1,2,3,96" ten="385,74,279,252" oya="0" hai0="25,20,56,98,123,29,13,33,23,8,95,127,2" hai1="57,10,44,52,78,108,39,15,21,97,122,16,114" hai2="88,43,89,130,118,3,67,12,31,115,128,68,84" hai3="72,53,50,41,113,73,55,79,69,101,132,49,129"/><T119/><D119/><U107/><E122/><V60/><F3/><W62/><G113/><T80/><D123/><U63/><E108/><V102/><F115/><W47/><G129/><N who="2" m="49769" /><F118/><W121/><G121/><T7/><D127/><U45/><E114/><V24/><F43/><W54/><G132/><T104/><D104/><U38/><E78/><V32/><F84/><W112/><G112/><T28/><D80/><U19/><E39/><V110/><F110/><W135/><G135/><T124/><D124/><U126/><E126/><V106/><F12/><W4/><G4/><T99/><D56/><U18/><E38/><V134/><F134/><W27/><G27/><N who="0" m="16487" /><D95/><U93/><E107/><V6/><F6/><W22/><G22/><T30/><D99/><AGARI ba="1,1" hai="24,31,32,60,67,68,88,89,99,102,106" m="49769" machi="99" ten="30,7700,0" yaku="25,1,19,1,52,1,54,1" doraHai="96" who="2" fromWho="0" sc="385,-80,74,0,279,90,252,0" /><INIT seed="5,0,0,2,0,5" ten="305,74,369,252" oya="1" hai0="0,100,134,27,4,31,53,98,34,85,70,24,112" hai1="49,103,127,107,20,67,130,121,25,123,129,132,30" hai2="97,47,101,73,36,135,69,55,3,66,128,94,80" hai3="28,120,90,46,45,76,23,35,83,58,42,82,19"/><U109/><E67/><V2/><F135/><W51/><G120/><N who="1" m="46154" /><E49/><V15/><F128/><N who="1" m="49257" /><E103/><V114/><F114/><W10/><G58/><T38/><D38/><U68/><E68/><V86/><F73/><W17/><G35/><T110/><D112/><U89/><E89/><V11/><F69/><W9/><G28/><T117/><D100/><U18/><E107/><V115/><F66/><W64/><G64/><T71/><D71/><U65/><E65/><V111/><F115/><W99/><G46/><T78/><D70/><U6/><E132/><V102/><F101/><W56/><G56/><T12/><D134/><U118/><E118/><V40/><F55/><W75/><G19/><T116/><D116/><U37/><E37/><V119/><F119/><W133/><G133/><T59/><D53/><U44/><E44/><V74/><F74/><W22/><G22/><T106/><D59/><U63/><E63/><V32/><F47/><W16/><G17/><T125/><D106/><U50/><E50/><V104/><F36/><W131/><G131/><T57/><D57/><U72/><E72/><V61/><F104/><W108/><G90/><T26/><D117/><U122/><N who="1" m="46162" /><U96/><DORA hai="105" /><E96/><V48/><F97/><W93/><G99/><T88/><D98/><U79/><E79/><V126/><F102/><W41/><G75/><T84/><D78/><U21/><E109/><V92/><F111/><W29/><G108/><T54/><D110/><U87/><E87/><V62/><F86/><W33/><G76/><T95/><D85/><U43/><E127/><V14/><F126/><RYUUKYOKU ba="0,0" sc="305,0,74,0,369,0,252,0" /><INIT seed="6,1,0,5,2,7" ten="305,74,369,252" oya="2" hai0="45,121,89,69,116,98,134,1,73,115,129,47,130" hai1="110,71,133,39,6,108,77,20,95,28,35,82,55" hai2="26,79,96,135,97,86,11,16,131,74,23,76,122" hai3="50,2,46,14,99,120,84,34,80,4,42,68,90"/><V3/><F122/><W87/><G120/><T33/><RYUUKYOKU type="yao9" ba="1,0" sc="305,0,74,0,369,0,252,0" hai0="1,33,45,47,69,73,89,98,115,116,121,129,130,134" /><INIT seed="6,2,0,3,2,85" ten="305,74,369,252" oya="2" hai0="86,104,120,129,23,55,58,126,41,127,62,54,123" hai1="36,68,80,87,84,114,73,98,29,107,130,47,83" hai2="111,95,133,103,39,53,79,51,97,6,100,14,52" hai3="101,32,67,71,27,21,12,46,65,61,115,63,89"/><V131/><F39/><W24/><G115/><T8/><D104/><U49/><E68/><V90/><F133/><W132/><G132/><T40/><D23/><U25/><E36/><V109/><F131/><W7/><G32/><T2/><D86/><U112/><E73/><V56/><F79/><W42/><G101/><T125/><D8/><U75/><E75/><V96/><F53/><N who="0" m="19978" /><D2/><U59/><E59/><V72/><F72/><W57/><G89/><T135/><D135/><U10/><E10/><N who="2" m="4439" /><F96/><W37/><G7/><T38/><D129/><U3/><E3/><V119/><F119/><W31/><G27/><T116/><D116/><U16/><E130/><V128/><F128/><W35/><G35/><T81/><D81/><U13/><E29/><V60/><F51/><W94/><G94/><T18/><D18/><U113/><E25/><V34/><F34/><W106/><REACH who="3" step="1"/><G12/><REACH who="3" ten="305,74,369,242" step="2"/><T70/><D127/><U92/><E107/><AGARI ba="2,1" hai="21,24,31,37,42,46,57,61,63,65,67,71,106,107" machi="107" ten="40,2600,0" yaku="1,1,2,1,53,0" doraHai="85" doraHaiUra="44" who="3" fromWho="1" sc="305,0,74,-32,369,0,242,42" /><INIT seed="7,0,0,3,5,29" ten="305,42,369,284" oya="3" hai0="13,126,10,127,54,118,2,46,17,70,14,83,32" hai1="36,114,42,90,128,109,37,55,64,76,56,34,135" hai2="103,99,131,100,79,15,45,119,75,104,44,22,30" hai3="66,134,116,48,95,68,71,67,89,72,77,4,31"/><W40/><G116/><T62/><D118/><U121/><E90/><V41/><F45/><W65/><G134/><T57/><D2/><U3/><E76/><V112/><F103/><W73/><G31/><T27/><D70/><U93/><E93/><V5/><F30/><W98/><G4/><T52/><D27/><U88/><E88/><V20/><F112/><W21/><G21/><T101/><D101/><U96/><E96/><V115/><F131/><W130/><G130/><T8/><D83/><U24/><E24/><V51/><F115/><W105/><G105/><T122/><D122/><U91/><E91/><V11/><F119/><W16/><G16/><T35/><D46/><U82/><E82/><V1/><F1/><W19/><G19/><N who="0" m="8615" /><D54/><U0/><E64/><V102/><F102/><W12/><G12/><T117/><D117/><U85/><E55/><V50/><F50/><W133/><G133/><T94/><D94/><U97/><E3/><V33/><F33/><W49/><G77/><T61/><D61/><U58/><E0/><V25/><F25/><W7/><G7/><T108/><D108/><U6/><E135/><V18/><F5/><W81/><G81/><T39/><D39/><U74/><E6/><V113/><F113/><W60/><G40/><T38/><D38/><U28/><E42/><V86/><F75/><N who="3" m="28747" /><G60/><T125/><AGARI ba="0,0" hai="10,14,17,32,35,52,57,62,125,126,127" m="8615" machi="125" ten="30,7900,0" yaku="18,1,52,2,54,1" doraHai="29" who="0" fromWho="0" sc="305,79,42,-20,369,-20,284,-39" owari="384,48.0,22,-48.0,349,15.0,245,-15.0" /></mjloggm>