<mjloggm ver="2.3"><GO type="41" lobby="0"/><UN n0="%E3%83%AD%E3%83%AD%E3%83%88%E3%83%9E%E3%82%B7" n1="%E2%93%9D%53%75%70%68%78" n2="%E3%81%97%E3%81%8B%E8%8C%B6" n3="%6B%75%72%69%6E%6F%62%75" dan="14,18,15,14" rate="1949.20,2145.59,2009.60,1904.07" sx="M,M,F,M"/><TAIKYOKU oya="0"/><INIT seed="0,0,0,2,5,44" ten="250,250,250,250" oya="0" hai0="74,57,87,28,122,25,109,62,26,91,60,20,80" hai1="101,9,83,27,58,15,131,5,103,106,30,68,29" hai2="22,134,113,6,76,135,89,95,46,78,110,117,0" hai3="34,2,39,10,21,12,33,19,31,114,92,16,64"/><T45/><D122/><U133/><E68/><V84/><F113/><W79/><G39/><T13/><D109/><U98/><E131/><V96/><F110/><W73/><G114/><T61/><D74/><U66/><E133/><N who="2" m="50699" /><F117/><W132/><G132/><T70/><D70/><U108/><E103/><V36/><F22/><W54/><G64/><T23/><D13/><U40/><E40/><N who="2" m="22791" /><F96/><W48/><G92/><T35/><D35/><U90/><E108/><V125/><F125/><W53/><G53/><T129/><D45/><U72/><E27/><V116/><F116/><W14/><G2/><T86/><D86/><U63/><REACH who="1" step="1"/><E90/><REACH who="1" ten="250,240,250,250" step="2"/><V42/><F42/><W3/><G31/><N who="0" m="17831" /><D129/><U120/><E120/><V115/><F115/><W67/><G3/><T105/><D105/><U77/><AGARI ba="0,1" hai="5,9,15,29,30,58,63,66,72,77,83,98,101,106" machi="77" ten="30,2000,0" yaku="1,1,0,1,53,0" doraHai="44" doraHaiUra="38" who="1" fromWho="1" sc="250,-10,240,30,250,-5,250,-5" /><INIT seed="1,0,0,1,4,28" ten="240,270,245,245" oya="1" hai0="123,129,75,7,94,42,104,111,11,97,84,49,27" hai1="19,20,47,77,40,106,89,48,6,91,107,110,133" hai2="36,74,90,59,60,105,12,78,112,76,120,5,117" hai3="95,102,44,9,70,125,73,37,1,132,29,51,93"/><U80/><E133/><V72/><F36/><W85/><G73/><T79/><D123/><U83/><E110/><V16/><F105/><W21/><G37/><T41/><D111/><U13/><E107/><V128/><F120/><W25/><G132/><T50/><D129/><U54/><E106/><V66/><F128/><W122/><G122/><T119/><D119/><U10/><E54/><V45/><F117/><W33/><G70/><T82/><D27/><U43/><E43/><V96/><F112/><W127/><G102/><T92/><D94/><U68/><E68/><V26/><F45/><W55/><G85/><T58/><D104/><U34/><E34/><V23/><F74/><W87/><G87/><T88/><D75/><U57/><E57/><V101/><F72/><W113/><G113/><T100/><D100/><U65/><E65/><V121/><F101/><W135/><G135/><T63/><D42/><U22/><E22/><N who="2" m="13639" /><F121/><W56/><G21/><T30/><D30/><U81/><REACH who="1" step="1"/><E77/><REACH who="1" ten="240,260,245,245" step="2"/><V32/><F32/><W18/><G56/><T8/><D41/><U38/><E38/><V24/><F78/><W0/><G127/><T99/><D11/><U108/><E108/><V98/><F76/><W67/><G67/><T131/><D131/><U46/><E46/><V86/><F59/><W39/><G125/><T15/><D99/><U103/><E103/><V130/><F66/><AGARI ba="0,1" hai="7,8,15,49,50,58,63,66,79,82,84,88,92,97" machi="66" ten="30,3900,0" yaku="7,1,8,1,54,1" doraHai="28" who="0" fromWho="2" sc="240,49,260,0,245,-39,245,0" /><INIT seed="2,0,0,0,4,12" ten="289,260,206,245" oya="2" hai0="122,123,55,72,80,63,40,9,124,127,48,61,105" hai1="129,111,133,11,86,60,38,34,30,78,6,13,41" hai2="16,96,37,106,132,39,43,135,15,33,46,73,89" hai3="70,92,24,27,51,56,44,118,75,94,10,134,126"/><V49/><F73/><W64/><G75/><T23/><D105/><U107/><E111/><V45/><F33/><W82/><G118/><T50/><D72/><U76/><E107/><V67/><F67/><W83/><G126/><N who="0" m="48171" /><D80/><U95/><E133/><N who="2" m="51275" /><F106/><W31/><G134/><T101/><D101/><U98/><E129/><V25/><F25/><W54/><G70/><T0/><D0/><U77/><E38/><V19/><F15/><W112/><G27/><T125/><N who="0" m="48179" /><T62/><DORA hai="20" /><D9/><U130/><E130/><V5/><F5/><W17/><G112/><T113/><D23/><U110/><E110/><V87/><F96/><W121/><G121/><N who="0" m="46091" /><D113/><U69/><E34/><V66/><F66/><W28/><G28/><T90/><D90/><U18/><E30/><V58/><F58/><W103/><G92/><T81/><D81/><U100/><E95/><N who="2" m="54719" /><F37/><W108/><G108/><T52/><D40/><AGARI ba="0,0" hai="16,19,39,40,43,45,46,49" m="54719,51275" machi="40" ten="30,11600,0" yaku="20,1,52,2,54,1" doraHai="12,20" who="2" fromWho="0" sc="289,-116,260,0,206,116,245,0" /><INIT seed="2,1,0,1,5,67" ten="173,260,322,245" oya="2" hai0="88,104,58,31,119,63,8,122,92,134,91,111,89" hai1="11,73,35,129,13,46,62,5,109,76,85,49,117" hai2="10,51,44,20,96,34,17,84,66,120,60,93,2" hai3="123,48,4,101,64,105,112,19,59,81,43,24,14"/><V15/><F120/><W3/><G123/><T53/><D122/><U32/><E73/><V113/><F34/><W69/><G112/><T30/><D104/><U28/><E117/><V39/><F2/><W36/><G81/><T57/><D119/><U12/><E109/><V107/><F39/><W23/><G3/><T90/><D111/><U74/><E74/><V25/><F107/><W70/><G36/><T21/><D134/><U115/><E129/><V126/><F126/><W26/><G105/><T95/><N who="0" m="22528" /><DORA hai="65" /><T99/><D99/><U71/><E28/><V108/><F113/><W98/><G26/><T78/><D78/><U47/><E115/><V68/><F84/><W72/><G72/><T1/><D1/><U41/><E13/><V94/><F96/><W7/><G7/><T75/><D75/><U132/><E132/><V97/><F97/><W80/><G80/><T130/><D130/><U131/><E131/><V128/><F108/><W9/><G64/><T127/><D127/><U33/><E76/><V54/><REACH who="2" step="1"/><F128/><REACH who="2" ten="173,260,312,245" step="2"/><W37/><G37/><T135/><D135/><U110/><E110/><V22/><F22/><W52/><G43/><T0/><D21/><U45/><E85/><V55/><F55/><W102/><REACH who="3" step="1"/><G98/><REACH who="3" ten="173,260,312,235" step="2"/><T79/><D0/><U124/><E124/><V18/><AGARI ba="1,2" hai="10,15,17,18,20,25,44,51,54,60,66,68,93,94" machi="18" ten="20,18000,2" yaku="1,1,0,1,7,1,52,2,53,2" doraHai="67,65" doraHaiUra="56,6" who="2" fromWho="2" sc="173,-61,260,-61,312,203,235,-61" /><INIT seed="2,2,0,5,4,84" ten="112,199,515,174" oya="2" hai0="9,131,124,36,1,83,93,51,39,87,21,80,79" hai1="37,104,108,99,11,117,134,30,103,90,66,14,32" hai2="54,85,22,25,19,63,43,113,34,122,133,45,91" hai3="44,48,118,15,73,119,106,97,129,23,50,71,126"/><V38/><F34/><W76/><G126/><T107/><D124/><U92/><E117/><V75/><F75/><W59/><G71/><T60/><D107/><U132/><E37/><V123/><F113/><W8/><G129/><T6/><D131/><U53/><E66/><V98/><F133/><N who="1" m="51305" /><E53/><V100/><F63/><W105/><G23/><T52/><D60/><U31/><E108/><V4/><F54/><W42/><G106/><T47/><D93/><U127/><E32/><V17/><F4/><W65/><G76/><T89/><REACH who="0" step="1"/><D21/><REACH who="0" ten="102,199,515,174" step="2"/><U58/><E127/><V67/><F123/><W78/><G119/><T16/><D16/><N who="1" m="8287" /><E58/><V56/><F122/><W41/><G118/><T35/><D35/><U115/><E115/><V81/><F56/><W121/><G121/><T77/><D77/><U96/><AGARI ba="2,1" hai="30,31,90,92,96,99,103,104" m="8287,51305" machi="96" ten="30,4000,0" yaku="20,1,52,1,54,1" doraHai="84" who="1" fromWho="1" sc="102,-12,199,56,515,-22,174,-12" /><INIT seed="3,0,0,2,5,86" ten="90,255,493,162" oya="3" hai0="2,78,34,26,133,93,104,28,49,53,135,38,105" hai1="59,61,114,121,92,47,19,39,128,81,43,36,130" hai2="116,85,122,115,8,46,97,52,37,63,124,87,74" hai3="0,123,103,101,51,22,33,27,6,99,120,13,14"/><W30/><G51/><T73/><D38/><U94/><E121/><V31/><F122/><W35/><G101/><T4/><D2/><U77/><E114/><V134/><F116/><W29/><G99/><T7/><D105/><U54/><E39/><V16/><F74/><W126/><G103/><T108/><D108/><U15/><E19/><V102/><F115/><W127/><G0/><T56/><D104/><U3/><E15/><N who="3" m="5642" /><G6/><T50/><D50/><U80/><E80/><V88/><F134/><W20/><G123/><T5/><D73/><N who="1" m="43183" /><E3/><V44/><F124/><N who="3" m="47659" /><G120/><T112/><D78/><U67/><E54/><V69/><F37/><W1/><G1/><T12/><D112/><U72/><E72/><V131/><F69/><W71/><G71/><T106/><D106/><U55/><E55/><V23/><F131/><AGARI ba="0,0" hai="36,43,47,59,61,67,92,94,128,130,131" m="43183" machi="131" ten="30,1000,0" yaku="19,1" doraHai="86" who="1" fromWho="2" sc="90,0,255,10,493,-10,162,0" /><INIT seed="4,0,0,0,4,56" ten="90,265,483,162" oya="0" hai0="54,64,13,33,53,106,102,38,39,8,74,58,14" hai1="43,11,0,44,86,18,111,25,61,129,26,52,47" hai2="49,48,82,123,121,32,105,60,87,113,23,81,71" hai3="65,77,41,45,28,19,42,107,99,57,15,62,30"/><T2/><D33/><U116/><E111/><V96/><F32/><W126/><G126/><T90/><D74/><U130/><E116/><V133/><F113/><W12/><G77/><T98/><D64/><U69/><E86/><V27/><F133/><W5/><G5/><T135/><D135/><U17/><E0/><V88/><F81/><W122/><G122/><T4/><D39/><U70/><E11/><V21/><F21/><W104/><G104/><T75/><D75/><U92/><E92/><V1/><F1/><W115/><G115/><T36/><D36/><U85/><E85/><V51/><F105/><W63/><G12/><T78/><D38/><U103/><E103/><V124/><F124/><W134/><G134/><T76/><D54/><U9/><E9/><V40/><F40/><W93/><G107/><T73/><D90/><U95/><E95/><V127/><F127/><W84/><G84/><T79/><REACH who="0" step="1"/><D73/><REACH who="0" ten="80,265,483,162" step="2"/><U3/><E52/><V72/><F72/><W24/><G65/><T117/><D117/><U94/><E43/><V125/><F125/><W35/><G42/><T20/><D20/><U83/><E130/><V112/><F112/><W119/><G119/><T128/><D128/><U7/><E129/><V132/><F132/><W16/><G41/><T131/><D131/><U46/><E3/><V114/><F114/><W59/><G35/><T29/><D29/><U50/><E47/><V31/><F123/><W109/><G28/><T120/><D120/><U108/><E46/><V37/><F37/><W100/><G30/><T67/><D67/><U89/><E44/><RYUUKYOKU ba="0,1" sc="80,30,265,-10,483,-10,162,-10" hai0="2,4,8,13,14,53,58,76,78,79,98,102,106" /><INIT seed="4,1,1,1,3,60" ten="110,255,473,152" oya="0" hai0="129,113,128,46,125,111,71,5,68,77,50,22,19" hai1="17,119,127,10,86,20,87,85,122,23,43,25,8" hai2="101,98,130,11,69,107,7,31,1,75,49,9,112" hai3="66,2,18,116,84,99,34,135,97,3,133,26,109"/><T114/><D77/><U59/><E122/><V102/><F75/><W118/><G109/><T39/><D5/><U64/><E119/><V44/><F69/><N who="0" m="26698" /><D19/><U27/><E43/><V92/><F130/><N who="0" m="50282" /><D22/><U132/><E127/><V124/><F124/><W54/><G84/><T41/><D125/><U117/><E132/><N who="3" m="50762" /><G54/><N who="0" m="30039" /><D111/><U0/><E117/><N who="3" m="45162" /><G34/><T48/><D39/><U36/><E36/><V104/><F101/><W78/><G78/><T30/><D30/><N who="1" m="17703" /><E0/><N who="3" m="42" /><G26/><T88/><D88/><U100/><E100/><V53/><F31/><W65/><G18/><T70/><N who="0" m="26706" /><T123/><DORA hai="120" /><D123/><U14/><E27/><V58/><F9/><W83/><G83/><T103/><D103/><U15/><E15/><V21/><F21/><W96/><AGARI ba="1,1" hai="65,66,96,97,99" m="42,45162,50762" machi="96" ten="40,8000,1" yaku="28,2,20,1,52,2" doraHai="60,120" who="3" fromWho="3" sc="110,-41,255,-21,473,-21,152,93" /><INIT seed="5,0,0,1,3,48" ten="69,234,452,245" oya="1" hai0="67,37,33,53,8,50,56,14,100,16,80,21,105" hai1="84,18,41,32,19,122,109,23,102,133,76,31,123" hai2="3,93,29,132,130,121,118,15,99,46,47,44,5" hai3="69,115,20,126,90,17,117,78,89,91,127,54,0"/><U135/><E102/><V103/><F121/><N who="1" m="46089" /><E84/><V72/><F72/><W81/><G69/><T114/><D37/><U107/><E76/><V73/><F3/><W71/><G71/><T70/><D33/><U49/><E49/><V30/><F73/><W106/><G0/><T112/><D70/><U74/><E107/><V129/><F118/><W12/><G115/><T131/><D131/><N who="2" m="50186" /><F132/><N who="1" m="50761" /><E41/><V57/><F57/><W65/><G65/><T110/><D110/><U27/><E74/><V61/><F61/><W7/><G106/><T104/><D67/><U36/><E36/><V64/><F64/><W35/><G35/><T55/><D105/><U120/><E120/><V75/><F75/><W128/><G7/><T25/><D80/><U88/><E88/><V87/><F87/><N who="3" m="48567" /><G117/><T42/><D42/><U79/><E79/><V85/><F85/><W52/><G128/><T119/><D119/><U26/><E109/><V68/><F68/><W22/><G22/><T10/><D100/><U62/><E62/><V51/><F51/><W2/><G2/><T134/><D134/><U45/><E45/><V92/><F92/><W43/><G43/><T11/><D104/><U40/><E40/><V96/><F96/><W97/><G97/><T86/><D86/><U98/><E98/><V111/><F111/><W95/><G95/><T116/><D116/><U60/><E60/><V66/><F66/><W63/><G63/><N who="0" m="36239" /><D114/><U82/><E82/><V108/><F108/><W39/><G39/><T9/><D112/><U34/><E34/><V58/><F58/><W101/><G101/><T124/><D124/><AGARI ba="0,0" hai="12,17,20,52,54,89,90,91,124,126,127" m="48567" machi="124" ten="30,8000,1" yaku="6,1,18,1,52,2,54,1" doraHai="48" who="3" fromWho="0" sc="69,-80,234,0,452,0,245,80" owari="-11,-51.0,234,-17.0,452,55.0,325,13.0" /></mjloggm>