<mjloggm ver="2.3"><GO type="41" lobby="0"/><UN n0="%54%54%54%54%46%46%46" n1="%6D%65%74%61%6C%6B%65%6E" n2="%E3%81%B0%E3%82%93%E3%81%8B%E3%81%9A" n3="%E2%93%9D%53%75%70%68%78" dan="14,13,13,16" rate="1855.44,1887.94,1923.65,2045.26" sx="M,M,M,M"/><TAIKYOKU oya="0"/><INIT seed="0,0,0,5,5,114" ten="250,250,250,250" oya="0" hai0="10,30,93,52,105,37,86,43,42,28,88,44,21" hai1="126,94,120,40,9,18,34,90,91,82,76,77,102" hai2="23,106,71,96,113,92,61,115,4,66,69,108,0" hai3="17,78,81,24,133,22,128,109,2,51,87,63,123"/><T32/><D105/><U45/><E34/><V119/><F108/><W47/><G109/><T31/><D32/><U131/><E120/><V104/><F71/><W33/><G133/><T15/><D21/><U73/><E126/><V27/><F119/><W3/><G128/><T101/><D101/><U118/><E118/><V116/><F116/><W100/><G123/><T26/><D26/><U62/><E131/><V110/><F110/><W89/><G100/><T57/><D44/><U70/><E70/><BYE who="1" /><UN n1="%6D%65%74%61%6C%6B%65%6E" /><V132/><F132/><W83/><G63/><T129/><D37/><U20/><E9/><V68/><F68/><W85/><REACH who="3" step="1"/><G33/><REACH who="3" ten="250,250,250,240" step="2"/><T95/><D129/><U127/><E62/><V6/><F115/><W54/><AGARI ba="0,1" hai="2,3,17,22,24,47,51,54,78,81,83,85,87,89" machi="54" ten="20,5200,0" yaku="1,1,2,1,0,1,7,1,53,0" doraHai="114" doraHaiUra="39" who="3" fromWho="3" sc="250,-26,250,-13,250,-13,240,62" /><INIT seed="1,0,0,4,1,5" ten="224,237,237,302" oya="1" hai0="100,40,49,53,65,110,75,85,42,15,108,117,30" hai1="63,80,23,17,104,72,67,88,16,93,127,102,119" hai2="6,3,28,109,18,51,87,81,46,89,12,54,135" hai3="130,62,9,83,103,115,91,19,76,131,55,132,66"/><U61/><E127/><V134/><F109/><W22/><G115/><T4/><D75/><U74/><E119/><V1/><F28/><W107/><G91/><T31/><D117/><U8/><E104/><V125/><F125/><W56/><G132/><N who="2" m="50729" /><F6/><W126/><G126/><T112/><D65/><U59/><E102/><V26/><F26/><W25/><G103/><T43/><D112/><U41/><E80/><V78/><F78/><W113/><G107/><T39/><D100/><U77/><E77/><V79/><F79/><W96/><G96/><T52/><D39/><U116/><E116/><V73/><F73/><W121/><G121/><T13/><D85/><U94/><E94/><V38/><F38/><W84/><G113/><T133/><D133/><U36/><E63/><V27/><F27/><W69/><G66/><T44/><D53/><U47/><E8/><AGARI ba="0,0" hai="1,3,8,12,18,46,51,54,81,87,89" m="50729" machi="8" ten="30,3900,0" yaku="25,1,20,1,52,1" doraHai="5" who="2" fromWho="1" sc="224,0,237,-39,237,39,302,0" /><INIT seed="2,0,0,4,0,135" ten="224,198,276,302" oya="2" hai0="4,91,116,101,25,55,76,54,99,42,123,124,73" hai1="2,84,30,127,57,82,16,103,36,92,113,79,29" hai2="80,106,102,38,69,27,1,118,64,77,74,3,20" hai3="88,119,35,126,22,105,60,28,100,12,72,111,40"/><V108/><F118/><W39/><G119/><T121/><D116/><U110/><E110/><V48/><F38/><W109/><G72/><T107/><D124/><U51/><E36/><V114/><F114/><W47/><G35/><T5/><D42/><U89/><E2/><V81/><F108/><W132/><G100/><T23/><D76/><U10/><E127/><V6/><F81/><W78/><G105/><T21/><D73/><U17/><E103/><V93/><F6/><W97/><G132/><T128/><D101/><U83/><E83/><V31/><F106/><W19/><G28/><T67/><D67/><U134/><E113/><V62/><REACH who="2" step="1"/><F48/><REACH who="2" ten="224,198,266,302" step="2"/><W122/><G126/><T53/><D128/><U94/><E134/><V112/><F112/><W11/><G111/><T56/><D107/><U104/><E104/><V18/><F18/><N who="1" m="7273" /><E94/><V90/><F90/><W95/><G109/><T44/><D91/><U34/><E10/><V41/><F41/><W52/><G78/><T87/><D123/><U7/><E7/><V8/><F8/><W70/><G122/><T46/><D5/><U43/><E43/><V71/><F71/><W96/><G70/><T59/><D4/><U33/><E33/><V45/><F45/><W63/><G11/><T85/><D121/><U66/><E34/><V68/><F68/><W15/><G15/><T49/><D49/><U130/><E130/><V98/><AGARI ba="0,1" hai="1,3,20,27,31,62,64,69,74,77,80,93,98,102" machi="98" ten="30,6000,0" yaku="1,1,0,1,53,1" doraHai="135" doraHaiUra="26" who="2" fromWho="2" sc="224,-20,198,-20,266,70,302,-20" /><INIT seed="2,1,0,0,1,106" ten="204,178,336,282" oya="2" hai0="45,97,35,66,5,26,115,72,22,46,104,6,53" hai1="110,105,132,82,116,92,58,51,0,101,80,67,43" hai2="99,127,68,52,33,134,25,84,69,122,111,88,36" hai3="44,11,90,71,130,34,96,49,18,20,70,56,128"/><V42/><F122/><W48/><G34/><T55/><D66/><U38/><E38/><V129/><F129/><N who="3" m="49771" /><G11/><T23/><D35/><U76/><E0/><V126/><F134/><W7/><G56/><T59/><D115/><U93/><E110/><V83/><F111/><W85/><G96/><T112/><D112/><U109/><E109/><V17/><F99/><W14/><G7/><T91/><D104/><U40/><E105/><V65/><F65/><W60/><G60/><T113/><D113/><U78/><E67/><V102/><F102/><W3/><G3/><T81/><D97/><U74/><E58/><V37/><F52/><N who="3" m="29703" /><G49/><T121/><D121/><U1/><E51/><V120/><F120/><W77/><G77/><T86/><D72/><U100/><E132/><V4/><F4/><W135/><G135/><T61/><D23/><U30/><E30/><N who="2" m="19663" /><F36/><W108/><G108/><T54/><D55/><U118/><E1/><V131/><F131/><W114/><G114/><T32/><D32/><U62/><E62/><V79/><F79/><W15/><G15/><T75/><D54/><U89/><E89/><V87/><F37/><W19/><G19/><T12/><D12/><U13/><E13/><V2/><F2/><W133/><G133/><T98/><D5/><U39/><E39/><V47/><F17/><W63/><G63/><T16/><D6/><U24/><E24/><V41/><F47/><W124/><G124/><T125/><D125/><U95/><E95/><AGARI ba="1,0" hai="14,18,20,70,71,85,90,95" m="29703,49771" machi="95" ten="30,2000,0" yaku="19,1,54,1" doraHai="106" who="3" fromWho="1" sc="204,0,178,-23,336,0,282,23" /><INIT seed="3,0,0,5,4,58" ten="204,155,336,305" oya="3" hai0="56,5,132,129,32,60,87,71,13,103,1,8,57" hai1="125,24,28,21,34,118,63,27,7,17,83,52,108" hai2="115,59,111,54,9,19,25,110,127,77,47,61,99" hai3="116,107,4,123,119,97,106,81,23,48,62,131,104"/><W122/><G48/><T18/><D132/><U72/><E125/><V53/><F127/><W78/><G23/><T75/><D75/><U16/><E118/><N who="3" m="45098" /><G4/><T73/><D73/><U134/><E108/><V82/><F115/><W12/><G12/><T55/><D71/><U43/><E134/><V6/><F99/><W79/><G62/><T15/><D32/><U39/><E7/><V109/><F19/><W98/><G131/><T80/><D103/><U105/><E105/><V46/><F25/><W96/><G81/><T133/><D133/><U51/><E39/><V102/><F53/><W42/><G42/><T113/><D113/><U14/><E43/><V74/><REACH who="2" step="1"/><F102/><REACH who="2" ten="204,155,326,305" step="2"/><W91/><G91/><T95/><D129/><U68/><E27/><V33/><F33/><W29/><G29/><T26/><D26/><U3/><E3/><AGARI ba="0,1" hai="3,6,9,46,47,54,59,61,74,77,82,109,110,111" machi="3" ten="40,5200,0" yaku="1,1,14,1,52,1,53,0" doraHai="58" doraHaiUra="64" who="2" fromWho="1" sc="204,0,155,-52,326,62,305,0" /><INIT seed="4,0,0,4,4,65" ten="204,103,388,305" oya="0" hai0="58,98,75,1,68,49,41,132,99,36,128,105,39" hai1="96,48,83,76,85,101,109,0,35,79,37,122,118" hai2="131,66,23,119,67,97,26,46,3,89,40,9,14" hai3="34,133,72,127,117,134,53,81,15,107,10,29,69"/><T84/><D75/><U111/><E0/><V74/><F3/><W124/><G107/><T106/><D1/><U2/><E2/><V88/><F131/><W77/><G117/><T64/><D128/><U55/><E37/><V82/><F119/><W44/><G53/><T114/><D114/><U6/><E122/><V31/><F74/><W61/><G44/><T126/><D126/><N who="3" m="48169" /><G29/><T19/><D132/><N who="3" m="50793" /><G34/><T102/><D84/><U50/><E35/><V4/><F89/><W90/><G90/><T8/><D49/><U59/><E6/><V12/><F12/><W63/><G69/><T115/><D115/><U11/><E11/><V78/><F88/><W20/><G20/><T25/><D58/><U47/><E79/><V32/><F32/><W135/><G135/><T45/><D39/><U129/><E129/><V120/><F120/><W123/><G123/><T62/><D99/><U18/><E18/><AGARI ba="0,0" hai="10,15,18,61,63,72,77,81" m="50793,48169" machi="18" ten="30,2000,0" yaku="18,1,20,1" doraHai="65" who="3" fromWho="1" sc="204,0,103,-20,388,0,305,20" /><INIT seed="5,0,0,5,3,83" ten="204,83,388,325" oya="1" hai0="42,63,72,104,70,68,86,79,129,30,130,62,96" hai1="112,74,20,115,59,132,60,50,36,18,69,133,2" hai2="124,73,45,122,28,125,87,110,26,92,5,131,7" hai3="24,114,76,103,126,111,123,6,12,49,65,35,14"/><U13/><E2/><V25/><F45/><W117/><G111/><T118/><D118/><U78/><E36/><V11/><F73/><W95/><G123/><T57/><D42/><U21/><E74/><V121/><F92/><W16/><G114/><N who="1" m="43562" /><E78/><V37/><F37/><W80/><G126/><N who="2" m="48745" /><F110/><W81/><G65/><T33/><D72/><U54/><E21/><V41/><F41/><W23/><G35/><T3/><D3/><U43/><E69/><V15/><F87/><W75/><G117/><T4/><D4/><N who="2" m="1610" /><F131/><W84/><G6/><T53/><D68/><U107/><E107/><V90/><F90/><W108/><G108/><T93/><D104/><U10/><E10/><V100/><F100/><W56/><G103/><T135/><D135/><N who="1" m="51787" /><E43/><V17/><F26/><W109/><G109/><T97/><D63/><AGARI ba="0,0" hai="13,18,20,50,54,59,60,63" m="51787,43562" machi="63" ten="30,2900,0" yaku="15,1,20,1" doraHai="83" who="1" fromWho="0" sc="204,-29,83,29,388,0,325,0" /><INIT seed="5,1,0,2,4,23" ten="175,112,388,325" oya="1" hai0="133,68,22,64,115,135,47,28,52,15,29,110,60" hai1="95,117,101,34,84,87,20,21,109,58,86,125,0" hai2="39,31,127,126,106,27,37,66,82,6,72,1,112" hai3="99,42,38,94,13,71,24,132,54,83,131,108,35"/><U124/><E0/><V57/><F112/><W123/><G108/><T97/><D97/><N who="1" m="59583" /><E34/><V89/><F106/><W4/><G131/><T36/><D15/><U62/><E109/><V129/><F129/><W105/><G132/><N who="0" m="50763" /><D22/><N who="1" m="8811" /><E117/><V9/><F57/><W76/><G71/><T113/><D29/><U80/><E125/><N who="2" m="47627" /><F66/><W118/><G123/><T119/><D28/><U130/><E130/><V116/><F116/><W93/><G35/><T56/><D119/><U16/><E124/><V26/><F89/><W98/><G118/><T78/><D78/><N who="1" m="46103" /><E16/><V25/><F31/><W69/><G4/><T11/><D11/><U63/><E63/><V61/><F61/><W10/><G10/><T67/><D110/><U44/><E44/><V12/><F1/><W120/><G120/><T2/><D2/><U50/><E50/><V53/><F53/><AGARI ba="1,0" hai="53,58,62,86,87" m="46103,8811,59583" machi="53" ten="30,1500,0" yaku="8,1" doraHai="23" who="1" fromWho="2" sc="175,0,112,18,388,-18,325,0" /><INIT seed="5,2,0,3,1,125" ten="175,130,370,325" oya="1" hai0="11,4,106,79,10,44,94,25,31,86,54,49,108" hai1="0,35,89,97,131,13,126,65,82,99,47,95,77" hai2="91,30,128,80,130,36,85,40,3,68,115,46,70" hai3="7,121,29,93,72,58,5,98,22,12,62,88,32"/><U21/><E0/><V110/><F110/><W103/><G121/><T102/><D106/><U132/><E126/><V134/><F134/><W100/><G32/><T135/><D135/><U28/><E35/><V48/><F3/><W50/><G72/><T16/><D108/><U6/><E132/><V87/><F115/><W83/><G50/><T124/><D124/><U19/><E131/><N who="2" m="50219" /><F30/><W43/><G43/><T34/><D102/><N who="3" m="38953" /><G83/><T37/><D37/><U104/><E65/><V27/><F27/><N who="3" m="16631" /><G12/><T26/><D79/><U20/><E104/><V113/><F113/><W116/><G116/><T17/><D26/><N who="1" m="16455" /><E6/><V92/><F36/><W112/><G112/><T118/><D118/><U42/><E77/><AGARI ba="2,0" hai="40,46,48,68,70,77,80,85,87,91,92" m="50219" machi="77" ten="30,7700,0" yaku="19,1,52,3" doraHai="125" who="2" fromWho="1" sc="175,0,130,-83,370,83,325,0" /><INIT seed="6,0,0,1,0,46" ten="175,47,453,325" oya="2" hai0="19,72,47,104,76,85,71,27,97,95,53,127,74" hai1="98,106,132,30,62,31,55,93,116,40,105,38,70" hai2="128,12,68,36,84,113,16,81,108,22,117,126,26" hai3="37,21,129,92,25,59,18,67,77,115,33,24,7"/><V35/><F68/><W125/><G129/><T54/><D71/><U63/><E116/><V114/><F36/><W80/><G125/><T101/><D127/><U42/><E38/><V96/><F96/><W58/><G7/><T69/><D69/><U45/><E45/><V100/><F100/><W124/><G115/><N who="2" m="44041" /><F84/><W134/><G134/><T122/><D122/><U121/><E121/><V60/><F60/><W111/><G111/><T107/><D27/><U20/><E70/><V66/><F81/><W118/><G118/><T5/><D5/><U79/><E79/><V86/><F86/><W99/><G124/><T23/><D74/><U13/><E98/><V29/><F66/><W87/><G37/><T48/><D54/><U57/><E55/><V110/><F126/><W43/><G67/><T8/><D8/><U2/><E2/><V131/><F117/><W109/><G109/><AGARI ba="0,0" hai="12,16,22,26,29,35,108,109,110,128,131" m="44041" machi="109" ten="30,12000,1" yaku="10,1,15,1,34,2,54,1" doraHai="46" who="2" fromWho="3" sc="175,0,47,0,453,120,325,-120" /><INIT seed="6,1,0,5,3,15" ten="175,47,573,205" oya="2" hai0="81,49,55,66,90,127,98,77,4,130,53,105,118" hai1="42,25,60,31,16,37,51,2,26,102,101,95,12" hai2="23,75,7,1,116,35,20,48,94,115,111,40,68" hai3="121,32,74,119,92,6,125,117,28,79,14,11,132"/><V45/><F116/><W33/><G92/><T34/><D34/><U67/><E37/><V91/><F68/><W86/><G86/><T122/><D66/><U54/><E2/><V83/><F35/><W43/><G43/><T131/><D122/><U69/><E42/><V82/><F82/><W123/><G79/><T124/><D4/><U63/><E63/><V100/><F100/><W50/><G50/><T70/><D70/><U29/><E26/><V87/><F115/><W44/><G44/><T112/><D49/><U107/><E107/><V36/><F48/><W97/><G132/><T71/><D53/><U106/><E106/><V104/><F104/><W103/><G125/><N who="0" m="48203" /><D55/><U135/><E135/><V88/><F111/><W99/><G33/><T8/><D8/><U9/><E95/><V109/><F91/><W108/><G108/><T56/><D56/><U22/><REACH who="1" step="1"/><E31/><REACH who="1" ten="175,37,573,205" step="2"/><V61/><F61/><W84/><G28/><T57/><D105/><U78/><E78/><V52/><F109/><W120/><G120/><T3/><D77/><U24/><E24/><V38/><F38/><W0/><G123/><T5/><D118/><U89/><E89/><V128/><F88/><W65/><G119/><T73/><D90/><U134/><E134/><V126/><F126/><W47/><G117/><T19/><D3/><U129/><E129/><V17/><F1/><W10/><G0/><T110/><D131/><U113/><E113/><V59/><F128/><W27/><G121/><T13/><D130/><U18/><E18/><V76/><F40/><W96/><G6/><T72/><D5/><RYUUKYOKU ba="1,1" sc="175,-10,37,30,573,-10,205,-10" hai1="9,12,16,22,25,29,51,54,60,67,69,101,102" /><INIT seed="7,2,1,4,2,41" ten="165,67,563,195" oya="3" hai0="119,125,93,26,68,107,34,1,100,45,5,103,27" hai1="124,37,120,50,51,17,0,8,134,46,105,28,73" hai2="57,92,60,19,25,62,89,77,81,80,2,83,71" hai3="33,23,18,94,12,67,39,114,15,76,99,112,116"/><W91/><G116/><T44/><D119/><U49/><E105/><V6/><F71/><W43/><G33/><T85/><D68/><U35/><E73/><V122/><F122/><W36/><G67/><T16/><D34/><U123/><E0/><V65/><F6/><W11/><G76/><T30/><D1/><U61/><E8/><V24/><F2/><W110/><G110/><T42/><D5/><U54/><E17/><V88/><F77/><W95/><G43/><T38/><D107/><U97/><E97/><N who="2" m="57479" /><F60/><W63/><G63/><T3/><D3/><U69/><E28/><V32/><F32/><W58/><G58/><T133/><D133/><U79/><E79/><V84/><F19/><N who="3" m="8607" /><G95/><AGARI ba="2,1" hai="24,25,57,62,65,80,81,83,84,89,95" m="57479" machi="95" ten="30,2000,0" yaku="8,1,54,1" doraHai="41" who="2" fromWho="3" sc="165,0,67,0,563,36,195,-26" owari="165,-23.0,67,-43.0,599,69.0,169,-3.0" /></mjloggm>