<mjloggm ver="2.3"><GO type="41" lobby="0"/><UN n0="%E3%81%AA%E3%81%8B%E3%81%97" n1="%E2%93%9D%53%75%70%68%78" n2="%73%61%74%6F%35%31" n3="%E9%9D%92%E4%B9%85" dan="16,17,14,14" rate="2091.64,2024.51,1946.36,1829.65" sx="M,M,F,F"/><TAIKYOKU oya="0"/><INIT seed="0,0,0,1,0,12" ten="250,250,250,250" oya="0" hai0="22,31,94,123,93,2,13,76,64,70,35,89,96" hai1="124,79,119,10,128,97,130,73,67,7,106,102,58" hai2="44,92,112,49,110,59,26,65,39,15,47,51,131" hai3="127,52,120,3,121,116,8,126,105,71,24,30,75"/><T68/><D123/><N who="3" m="47177" /><G116/><T122/><D2/><U99/><E119/><V95/><F112/><W11/><G75/><T129/><D129/><N who="1" m="49771" /><E124/><N who="3" m="47658" /><G71/><T118/><D76/><U134/><E99/><V83/><F110/><W37/><G37/><T107/><D107/><U50/><E134/><V90/><F39/><W48/><G48/><BYE who="3" /><T82/><D82/><N who="1" m="45423" /><E50/><UN n3="%E9%9D%92%E4%B9%85" /><V4/><F26/><W25/><G105/><T69/><D122/><U21/><E58/><V109/><F109/><W101/><G52/><T23/><D35/><U60/><E60/><V113/><F113/><W55/><G55/><T53/><D118/><U72/><E67/><V84/><F131/><W41/><G41/><T87/><D64/><U5/><E72/><V78/><F65/><W80/><G80/><T62/><D53/><U66/><E66/><V38/><F38/><W57/><G57/><T135/><D135/><U86/><E106/><V117/><F59/><W14/><G14/><T45/><BYE who="3" /><D62/><U103/><E103/><V17/><F4/><W54/><G54/><T133/><D133/><UN n3="%E9%9D%92%E4%B9%85" /><U19/><E7/><V85/><F117/><W88/><G101/><N who="0" m="60559" /><D45/><N who="2" m="17482" /><F95/><W98/><G3/><T125/><D125/><U61/><E61/><V29/><F29/><W100/><G100/><T74/><D74/><U28/><E28/><V34/><F34/><N who="3" m="20807" /><G25/><N who="0" m="16823" /><D69/><U81/><E102/><V104/><F104/><W32/><G32/><T0/><D0/><U111/><E111/><V6/><F6/><W20/><G20/><BYE who="3" /><AGARI ba="0,0" hai="15,17,20,49,51,78,83,84,85,90,92" m="17482" machi="20" ten="30,2000,0" yaku="8,1,52,1" doraHai="12" who="2" fromWho="3" sc="250,0,250,0,250,20,250,-20" /><INIT seed="1,0,0,3,4,102" ten="250,250,270,230" oya="1" hai0="118,83,56,125,100,59,53,119,126,4,66,8,60" hai1="114,135,22,57,115,93,41,132,62,86,24,78,51" hai2="63,128,77,68,13,108,12,20,101,111,116,50,103" hai3="89,110,6,91,96,85,3,76,124,72,33,2,61"/><U90/><E78/><V104/><F116/><N who="0" m="44586" /><D100/><UN n3="%E9%9D%92%E4%B9%85" /><U127/><E127/><N who="0" m="48649" /><D83/><U46/><E135/><V67/><F128/><W58/><G110/><N who="2" m="42025" /><F77/><W48/><G33/><T34/><D34/><U131/><E132/><V18/><F13/><W88/><G72/><T1/><D53/><U129/><E129/><V87/><F87/><W25/><G25/><T19/><D19/><U14/><E131/><V64/><F64/><W38/><G38/><T121/><D121/><U69/><E69/><AGARI ba="0,0" hai="1,4,8,56,59,60,66,69" m="48649,44586" machi="69" ten="30,1000,0" yaku="18,1" doraHai="102" who="0" fromWho="1" sc="250,10,250,-10,270,0,230,0" /><INIT seed="2,0,0,1,0,73" ten="260,240,270,230" oya="2" hai0="0,25,52,27,30,122,6,128,15,1,43,56,87" hai1="97,99,108,18,134,98,75,74,19,22,94,10,115" hai2="4,76,126,44,71,89,48,80,46,112,12,32,129" hai3="133,121,124,116,114,5,104,69,125,120,61,35,65"/><V95/><F112/><W3/><RYUUKYOKU type="yao9" ba="0,0" sc="260,0,240,0,270,0,230,0" hai3="3,5,35,61,65,69,104,114,116,120,121,124,125,133" /><INIT seed="2,1,0,2,4,19" ten="260,240,270,230" oya="2" hai0="44,51,17,4,116,50,113,48,83,14,16,63,33" hai1="62,131,18,91,10,126,26,1,20,65,84,34,102" hai2="56,94,45,128,58,13,31,89,121,32,80,115,3" hai3="117,39,35,92,54,0,52,67,124,134,46,125,88"/><V61/><F115/><W30/><G30/><T38/><BYE who="3" /><D116/><U87/><E131/><V37/><F121/><UN n3="%E9%9D%92%E4%B9%85" /><W2/><G2/><T129/><BYE who="3" /><D113/><U29/><E126/><V130/><F3/><W93/><G93/><T75/><D129/><N who="2" m="49770" /><F80/><W11/><G11/><T103/><D33/><U107/><E102/><V123/><F123/><W12/><G12/><T100/><D38/><U66/><E107/><V119/><F119/><W132/><G132/><T69/><D4/><U114/><E114/><V127/><F127/><W40/><G40/><T28/><D28/><U25/><E66/><V36/><F45/><W49/><G49/><T70/><D44/><U76/><E76/><V98/><F58/><W15/><G15/><T105/><D105/><U96/><E1/><V77/><F13/><W6/><G6/><T22/><D17/><U41/><E41/><V64/><F77/><W109/><G109/><T99/><D63/><U106/><E10/><V90/><F90/><W7/><G7/><T23/><D22/><U95/><REACH who="1" step="1"/><E106/><REACH who="1" ten="260,230,270,230" step="2"/><V42/><F42/><W133/><G133/><T73/><D103/><U135/><E135/><V53/><F64/><W85/><G85/><T110/><D110/><U57/><AGARI ba="1,1" hai="18,20,25,26,29,34,57,62,65,84,87,91,95,96" machi="57" ten="20,8000,1" yaku="1,1,0,1,7,1,52,1,53,1" doraHai="19" doraHaiUra="27" who="1" fromWho="1" sc="260,-21,230,93,270,-41,230,-21" /><INIT seed="3,0,0,3,5,44" ten="239,323,229,209" oya="3" hai0="81,60,15,51,41,49,42,1,32,79,107,83,96" hai1="76,33,38,86,22,52,112,118,134,16,77,126,103" hai2="100,31,4,131,18,70,73,2,92,36,21,99,109" hai3="75,94,24,117,53,25,50,69,127,123,113,130,14"/><W8/><G8/><T132/><D1/><U39/><E112/><V0/><F131/><W93/><G93/><T72/><D132/><U57/><E33/><V89/><F109/><W63/><G63/><T122/><D122/><U71/><E71/><V13/><F36/><W34/><G34/><T30/><D81/><U90/><E126/><V110/><F110/><W104/><G104/><T19/><D30/><U78/><E118/><V20/><F73/><W66/><G66/><T129/><D60/><U105/><E103/><V106/><F70/><W48/><G48/><T17/><D32/><U125/><E125/><V46/><F4/><W7/><G7/><T64/><D64/><U120/><E105/><V114/><F114/><W84/><G84/><T68/><D68/><U28/><E28/><V23/><F31/><W128/><G128/><T108/><D108/><U47/><E134/><V91/><F0/><W37/><G37/><T135/><D135/><U111/><E120/><V119/><F2/><W116/><G116/><T35/><D35/><U59/><E39/><V98/><F119/><W27/><G27/><T88/><D129/><U102/><E102/><V12/><F46/><W58/><G58/><T82/><D107/><U97/><E38/><V87/><REACH who="2" step="1"/><F13/><REACH who="2" ten="239,323,219,209" step="2"/><W80/><G80/><AGARI ba="0,1" hai="12,18,20,21,23,80,87,89,91,92,98,99,100,106" machi="80" ten="30,3900,0" yaku="1,1,2,1,7,1,53,0" doraHai="44" doraHaiUra="40" who="2" fromWho="3" sc="239,0,323,0,219,49,209,-39" /><INIT seed="4,0,0,5,1,67" ten="239,323,268,170" oya="0" hai0="83,123,35,106,105,15,117,25,87,110,21,59,11" hai1="34,115,121,114,0,49,71,9,68,120,29,40,79" hai2="46,16,134,42,65,77,118,130,119,53,102,135,88" hai3="31,103,12,99,96,89,84,104,54,80,64,92,97"/><T128/><D117/><N who="2" m="44554" /><F77/><W66/><G66/><T78/><D110/><U36/><E49/><N who="2" m="28855" /><F130/><W113/><G113/><N who="1" m="43018" /><E79/><V14/><F65/><W45/><G45/><T81/><D123/><N who="1" m="47179" /><E40/><V52/><F42/><W5/><G5/><T107/><D128/><U108/><E36/><V86/><F102/><W70/><G70/><N who="1" m="26666" /><E108/><V125/><F52/><W6/><G6/><T56/><D35/><U95/><E95/><N who="2" m="54679" /><F125/><W4/><G4/><T3/><D3/><U13/><E0/><V23/><AGARI ba="0,0" hai="14,16,23,134,135" m="54679,28855,44554" machi="23" ten="30,4000,0" yaku="12,1,54,2" doraHai="67" who="2" fromWho="2" sc="239,-20,323,-10,268,40,170,-10" /><INIT seed="5,0,0,4,1,20" ten="219,313,308,160" oya="1" hai0="55,36,6,47,122,46,32,87,77,1,125,107,7" hai1="65,74,98,117,96,71,26,37,39,31,126,41,106" hai2="28,14,78,70,25,131,51,43,50,35,95,113,100" hai3="34,68,135,82,21,85,29,48,112,118,130,121,115"/><U76/><E98/><V94/><F113/><W8/><G8/><T0/><D107/><U44/><E126/><V105/><F131/><W120/><G120/><T129/><D129/><U63/><E117/><V19/><F78/><W89/><G89/><T116/><D125/><U23/><E76/><V128/><F128/><W52/><G52/><T2/><D32/><U56/><E74/><V114/><F114/><W86/><G86/><T127/><D127/><U108/><E108/><V59/><F70/><W33/><G33/><T93/><D122/><U54/><E96/><V61/><F105/><W57/><G57/><T17/><D116/><U123/><E106/><V9/><F100/><W103/><G103/><T18/><D77/><U99/><E99/><V132/><F132/><W12/><G12/><T119/><D119/><U104/><E104/><V91/><F43/><W84/><G84/><T102/><D36/><N who="1" m="21543" /><E123/><V38/><F38/><W69/><G69/><T22/><D55/><U64/><E64/><V30/><F30/><W62/><G62/><T40/><D47/><U67/><E67/><V27/><F91/><W13/><G13/><T58/><D58/><U5/><E5/><V79/><F79/><W124/><G124/><T80/><D93/><U4/><E4/><N who="0" m="1577" /><D102/><U15/><E15/><V111/><F94/><W10/><G10/><T45/><D45/><U133/><E133/><V109/><F95/><W11/><G11/><T73/><D73/><U53/><E53/><V90/><F90/><W60/><G60/><T3/><N who="0" m="0" /><DORA hai="75" /><T92/><D40/><U97/><E97/><RYUUKYOKU ba="0,0" sc="219,-10,313,30,308,-10,160,-10" hai1="23,26,31,37,39,54,56,63,65,71" /><INIT seed="5,1,0,1,4,37" ten="209,343,298,150" oya="1" hai0="21,112,68,128,29,109,27,15,86,76,69,9,66" hai1="30,122,71,11,24,41,98,117,12,14,124,116,20" hai2="33,60,126,99,108,51,49,47,80,94,2,127,135" hai3="75,39,125,59,31,114,64,16,123,8,52,102,97"/><U132/><E71/><V121/><F121/><W55/><G55/><T110/><D112/><U78/><E78/><V17/><F2/><W84/><G84/><T40/><D128/><U36/><E122/><V38/><F33/><W67/><G67/><T92/><D109/><U25/><E98/><V103/><F108/><W105/><G105/><T90/><D110/><U42/><E36/><V1/><F1/><W118/><G118/><T0/><D0/><U100/><E132/><V106/><F135/><W91/><G91/><T93/><D76/><U26/><E124/><N who="2" m="47659" /><F80/><W129/><G129/><T83/><D66/><U95/><E117/><V74/><F74/><W62/><G62/><T10/><D10/><U56/><E116/><V101/><F60/><W134/><G134/><T70/><REACH who="0" step="1"/><D40/><REACH who="0" ten="199,343,298,150" step="2"/><U77/><E42/><N who="2" m="22999" /><F17/><AGARI ba="1,1" hai="9,15,17,21,27,29,68,69,70,83,86,90,92,93" machi="17" ten="40,1300,0" yaku="1,1,53,0" doraHai="37" doraHaiUra="113" who="0" fromWho="2" sc="199,26,343,0,298,-16,150,0" /><INIT seed="6,0,0,3,1,55" ten="225,343,282,150" oya="2" hai0="35,127,77,99,94,50,42,40,72,45,85,104,116" hai1="118,70,7,34,20,132,126,133,87,36,5,63,131" hai2="2,115,65,44,53,46,60,33,54,43,0,23,89" hai3="52,68,38,98,134,78,17,37,48,21,9,79,73"/><V108/><F115/><W111/><G111/><T122/><D35/><U32/><E126/><V69/><F108/><W28/><G28/><T47/><D122/><U114/><E131/><V71/><F33/><W56/><G56/><T14/><D116/><U129/><E129/><V107/><F107/><W13/><G13/><T10/><D127/><U88/><E36/><V83/><F23/><W30/><G30/><T74/><D104/><U96/><E96/><V18/><F18/><W128/><G128/><T41/><D41/><U61/><E118/><V93/><F83/><W130/><G130/><T75/><D85/><U19/><E70/><V125/><F125/><W123/><G123/><T97/><D77/><U106/><E106/><V6/><F6/><N who="1" m="2057" /><E34/><V121/><F121/><W1/><G1/><T102/><D97/><U25/><E114/><V8/><F8/><W58/><G58/><T112/><D112/><U64/><E64/><V27/><F27/><W51/><G51/><T76/><D76/><U57/><E57/><V15/><F15/><W80/><G80/><T29/><D29/><U81/><E32/><V84/><F71/><W135/><G135/><AGARI ba="0,0" hai="19,20,25,61,63,81,87,88,132,133,135" m="2057" machi="135" ten="30,2000,0" yaku="20,1,54,1" doraHai="55" who="1" fromWho="3" sc="225,0,343,20,282,0,150,-20" /><INIT seed="7,0,0,5,4,74" ten="225,363,282,130" oya="3" hai0="52,10,2,94,82,64,8,100,34,36,42,70,24" hai1="17,96,78,125,13,68,102,21,124,15,14,75,50" hai2="65,62,54,98,91,107,132,116,5,119,56,111,101" hai3="84,115,121,19,40,0,99,51,128,22,4,20,112"/><W106/><G106/><T83/><D64/><U73/><E68/><V113/><F111/><W57/><G57/><T46/><D70/><U72/><E78/><V110/><F113/><W135/><G135/><T59/><D2/><U114/><E50/><V12/><F132/><W130/><G130/><T27/><D83/><U7/><E114/><V105/><F110/><W33/><G33/><T23/><D34/><U120/><E120/><V118/><F107/><W1/><G1/><T85/><D94/><N who="1" m="58647" /><E7/><V60/><F91/><W103/><G103/><T28/><D100/><U18/><E21/><V134/><F134/><W86/><G86/><T26/><D8/><U93/><E93/><V67/><REACH who="2" step="1"/><F62/><REACH who="2" ten="225,363,272,130" step="2"/><W29/><G29/><T92/><D10/><AGARI ba="0,1" hai="5,10,12,54,56,60,65,67,98,101,105,116,118,119" machi="10" ten="40,2600,0" yaku="1,1,2,1,53,0" doraHai="74" doraHaiUra="122" who="2" fromWho="0" sc="225,-26,363,0,272,36,130,0" owari="199,-20.0,363,46.0,308,11.0,130,-37.0" /></mjloggm>