<mjloggm ver="2.3"><GO type="41" lobby="0"/><UN n0="%E5%AD%94%E6%98%8E" n1="%4B%61%79%73%37" n2="%45%72%77%69%6E%52%64" n3="%E2%93%9D%53%75%70%68%78" dan="13,13,15,17" rate="1875.95,1976.49,2061.55,2045.17" sx="M,M,M,M"/><TAIKYOKU oya="0"/><INIT seed="0,0,0,2,5,25" ten="250,250,250,250" oya="0" hai0="22,69,46,11,45,63,131,125,60,62,9,116,40" hai1="135,132,106,70,5,87,77,118,84,93,64,119,8" hai2="50,110,20,100,121,74,65,33,95,105,34,76,21" hai3="79,124,97,12,111,61,117,19,72,88,114,10,109"/><T98/><D116/><U115/><E70/><V129/><F121/><W99/><G114/><T126/><D22/><U30/><E64/><V127/><F105/><W82/><G117/><T26/><D26/><U14/><E106/><V103/><F65/><W85/><G61/><N who="0" m="23659" /><D98/><U86/><E115/><V133/><F76/><W91/><G124/><N who="0" m="47723" /><D11/><U66/><E66/><V89/><F74/><W112/><G112/><T31/><D31/><U102/><E77/><V7/><F127/><W104/><G99/><T49/><D9/><U120/><E30/><V43/><F20/><W48/><G48/><T59/><D46/><U107/><E107/><V6/><F21/><W83/><REACH who="3" step="1"/><G91/><REACH who="3" ten="250,250,250,240" step="2"/><T23/><D69/><U13/><E119/><V0/><F89/><W75/><G75/><T56/><D63/><U123/><E118/><V28/><F50/><W18/><G18/><T47/><D131/><U68/><E123/><V35/><F129/><W15/><G15/><T113/><D113/><U1/><E120/><V24/><F24/><W92/><G92/><T71/><D71/><U53/><E68/><V54/><F95/><W81/><G81/><T96/><D96/><N who="1" m="59663" /><E14/><V58/><F0/><W32/><G32/><T17/><D17/><U73/><E73/><V78/><F34/><W16/><G16/><T27/><D47/><U130/><E1/><V94/><F33/><W101/><AGARI ba="0,1" hai="10,12,19,72,79,82,83,85,88,97,101,104,109,111" machi="101" ten="30,4000,0" yaku="1,1,0,1,54,1,53,0" doraHai="25" doraHaiUra="108" who="3" fromWho="3" sc="250,-20,250,-10,250,-10,240,50" /><INIT seed="1,0,0,3,4,64" ten="230,240,240,290" oya="1" hai0="14,73,34,45,57,16,40,90,54,79,97,13,21" hai1="77,61,102,71,78,1,103,86,85,93,101,94,110" hai2="42,62,39,129,50,120,10,60,68,118,37,52,124" hai3="5,126,8,128,18,82,96,44,55,9,119,23,30"/><U49/><E1/><V3/><F118/><W133/><G128/><T56/><D34/><U48/><E61/><V51/><F3/><W84/><G133/><T12/><D73/><U127/><E127/><V46/><F10/><W75/><G75/><T22/><D79/><U47/><E110/><V0/><F0/><W104/><G30/><T116/><D116/><U107/><E71/><V123/><F129/><W36/><G104/><T81/><D54/><U4/><E4/><V100/><F100/><W29/><G96/><T63/><D22/><U69/><E69/><V11/><F11/><W41/><G29/><T135/><D135/><U92/><E47/><N who="2" m="25975" /><F124/><W106/><G106/><T27/><D63/><N who="2" m="24106" /><F68/><W2/><G9/><T72/><D72/><U112/><E107/><V89/><F89/><W115/><G119/><T31/><D31/><U33/><E33/><V74/><F74/><W105/><G105/><T117/><D117/><U125/><E125/><V67/><F67/><W17/><G126/><T121/><D121/><AGARI ba="0,0" hai="37,39,46,51,52,120,121,123" m="24106,25975" machi="121" ten="30,3900,0" yaku="34,2,54,1" doraHai="64" who="2" fromWho="0" sc="230,-39,240,0,240,39,290,0" /><INIT seed="2,0,0,5,1,0" ten="191,240,279,290" oya="2" hai0="132,29,48,19,33,106,32,7,57,58,62,13,52" hai1="78,102,10,86,70,15,107,119,114,5,64,1,98" hai2="84,83,128,39,96,100,130,79,74,55,120,115,121" hai3="75,94,76,42,35,89,91,85,53,56,104,111,125"/><V9/><F39/><W73/><G35/><T118/><D132/><U127/><E114/><V37/><F37/><W126/><G42/><T8/><D118/><U108/><E119/><V123/><F55/><W12/><G12/><T134/><D134/><U103/><E127/><N who="3" m="48650" /><G56/><T65/><D29/><U101/><E108/><V6/><F115/><W69/><G69/><T40/><D106/><U49/><E49/><V47/><F47/><W105/><G53/><T93/><D40/><U17/><E64/><V88/><F9/><W38/><G38/><T66/><D66/><U44/><E44/><V41/><F6/><W18/><G18/><T80/><D80/><U28/><E70/><V46/><F46/><W122/><G122/><T67/><D67/><U31/><E78/><V112/><F41/><W117/><G111/><T124/><D124/><U81/><E31/><V4/><F4/><W59/><G59/><T129/><D129/><N who="2" m="49770" /><F112/><W92/><G117/><T77/><D77/><U99/><E28/><V63/><F63/><W110/><G110/><T87/><D19/><U16/><E1/><V50/><F50/><W82/><G75/><T26/><REACH who="0" step="1"/><D26/><REACH who="0" ten="181,240,279,290" step="2"/><U131/><E131/><V54/><F54/><W61/><G61/><T14/><D14/><U27/><E27/><V133/><F133/><W95/><G73/><T25/><D25/><U43/><E43/><V34/><F34/><W20/><G20/><T36/><D36/><U68/><E15/><V109/><F109/><W113/><G113/><T116/><D116/><U2/><E2/><V60/><F121/><W97/><G76/><RYUUKYOKU ba="0,1" sc="181,15,240,-15,279,-15,290,15" hai0="7,8,13,32,33,48,52,57,58,62,65,87,93" hai3="82,85,89,91,92,94,95,97,104,105" /><INIT seed="3,1,1,4,5,109" ten="196,225,264,305" oya="3" hai0="96,60,33,117,92,54,103,44,10,91,3,102,124" hai1="15,25,101,120,53,18,110,130,36,13,94,2,85" hai2="84,65,67,132,43,86,40,4,64,75,99,115,71" hai3="14,112,29,111,95,6,30,58,77,35,87,27,28"/><W131/><G111/><T19/><D117/><U79/><E2/><V22/><F75/><W90/><G131/><T5/><D124/><U76/><E130/><V123/><F71/><W78/><G112/><T51/><D33/><U93/><E36/><V45/><F132/><W70/><G70/><T1/><D3/><U42/><E42/><V74/><F74/><W121/><G121/><T118/><D118/><U89/><E110/><V8/><F123/><W32/><G32/><T128/><D128/><U39/><E39/><V114/><F40/><W21/><G35/><T0/><D1/><U52/><E25/><V57/><F57/><W107/><G107/><T34/><D34/><U38/><E38/><V122/><F122/><W48/><G6/><T56/><REACH who="0" step="1"/><D19/><REACH who="0" ten="186,225,264,305" step="2"/><U9/><E120/><V135/><F135/><W37/><G30/><T133/><D133/><U81/><E15/><V119/><F119/><W125/><G29/><T20/><D20/><U97/><REACH who="1" step="1"/><E79/><REACH who="1" ten="186,215,264,305" step="2"/><V55/><F4/><W61/><G78/><T105/><D105/><U80/><E80/><V73/><F22/><W17/><G77/><T68/><D68/><U129/><E129/><V31/><F31/><W11/><G28/><T72/><D72/><AGARI ba="1,3" hai="9,13,18,52,53,72,76,81,85,89,93,94,97,101" machi="72" ten="30,3900,0" yaku="1,1,7,1,54,1,53,0" doraHai="109" doraHaiUra="127" who="1" fromWho="0" sc="186,-42,215,72,264,0,305,0" /><INIT seed="4,0,0,1,3,101" ten="144,287,264,305" oya="0" hai0="8,116,59,106,70,10,4,43,129,76,56,34,78" hai1="131,41,0,79,51,11,48,65,100,29,1,5,126" hai2="67,62,121,45,53,98,39,125,64,111,92,38,15" hai3="99,83,114,89,42,80,23,82,97,52,75,35,103"/><T132/><D116/><U130/><E65/><V128/><F111/><W85/><G35/><T123/><D123/><U7/><E79/><V9/><F121/><W120/><G42/><T84/><D132/><U33/><E41/><V90/><F125/><W16/><G114/><T72/><D129/><U86/><E86/><V87/><F128/><N who="1" m="49193" /><E100/><V73/><F73/><W113/><G113/><T63/><D34/><U104/><E104/><V60/><F38/><W110/><G110/><T88/><D43/><U30/><E51/><V55/><F39/><W124/><G124/><T36/><D36/><U74/><E48/><V25/><F25/><W112/><G75/><T27/><D27/><N who="1" m="18623" /><E74/><V28/><F28/><W19/><G112/><T95/><D10/><N who="1" m="2343" /><E30/><V107/><F45/><W105/><G120/><T77/><D72/><U46/><E46/><V40/><F40/><W2/><G99/><T108/><D106/><U22/><E22/><V109/><F64/><W18/><G23/><T119/><D108/><U31/><E31/><V26/><F107/><W68/><G68/><T58/><D70/><U47/><E47/><V93/><F67/><W20/><G20/><T49/><D49/><U32/><E32/><V133/><F60/><W118/><G52/><N who="0" m="34183" /><D119/><U17/><E17/><N who="2" m="8431" /><F62/><W13/><G118/><T69/><D69/><U81/><E81/><V50/><F50/><W44/><G44/><T54/><D54/><U134/><E126/><V21/><F109/><W91/><G83/><T135/><D135/><AGARI ba="0,0" hai="1,7,11,134,135" m="2343,18623,49193" machi="135" ten="30,7700,0" yaku="19,1,23,1,34,2" doraHai="101" who="1" fromWho="0" sc="144,-77,287,77,264,0,305,0" /><INIT seed="5,0,0,0,2,80" ten="67,364,264,305" oya="1" hai0="69,125,126,122,2,42,135,22,128,33,94,78,83" hai1="31,23,124,123,73,4,120,46,18,105,53,93,11" hai2="59,13,134,36,21,68,15,111,98,117,56,72,37" hai3="108,6,61,92,1,44,38,85,32,17,63,47,19"/><U132/><E105/><V130/><F111/><W104/><G104/><T41/><D33/><U5/><E73/><V114/><F72/><W48/><G32/><T25/><D135/><U115/><E115/><V8/><F68/><W101/><G1/><T116/><D116/><U16/><E132/><V91/><F134/><W24/><G6/><T64/><D2/><U45/><E31/><V10/><F21/><W65/><G38/><T76/><D128/><U82/><E82/><V133/><F133/><W29/><G47/><T87/><D122/><U34/><E34/><V109/><F109/><W74/><G74/><T99/><D78/><U129/><E129/><V58/><F130/><W110/><G110/><T118/><D118/><U12/><E124/><N who="0" m="47721" /><D64/><U50/><E123/><V54/><F114/><W14/><G65/><T0/><D69/><U55/><E93/><V75/><F54/><W43/><G29/><N who="0" m="17591" /><D0/><U77/><E77/><V96/><F75/><W90/><G108/><T84/><D87/><U26/><E120/><V28/><F117/><W119/><G119/><T106/><D106/><U81/><E81/><V49/><F98/><W103/><G24/><T95/><D95/><U40/><E55/><V113/><F96/><W60/><REACH who="3" step="1"/><G14/><REACH who="3" ten="67,364,264,295" step="2"/><T3/><D3/><U112/><E112/><V71/><F13/><W121/><G121/><T39/><D39/><AGARI ba="0,1" hai="4,5,11,12,16,18,23,26,39,40,45,46,50,53" machi="39" ten="30,2900,0" yaku="7,1,54,1" doraHai="80" who="1" fromWho="0" sc="67,-29,364,39,264,0,295,0" /><INIT seed="5,1,0,0,2,114" ten="38,403,264,295" oya="1" hai0="9,116,126,51,73,98,82,75,56,49,30,4,6" hai1="61,28,106,59,43,65,12,85,124,47,86,83,5" hai2="134,101,110,91,14,31,41,55,62,121,60,35,89" hai3="25,74,3,119,68,50,92,26,70,120,96,24,127"/><U16/><E124/><V66/><F110/><W109/><G120/><T0/><D126/><U11/><E106/><V58/><F121/><W129/><G127/><T97/><D6/><U131/><E131/><V15/><F134/><W132/><G74/><T7/><D7/><U2/><E28/><V115/><F115/><W133/><G109/><T8/><D9/><U57/><E57/><V20/><F35/><W69/><G3/><T63/><D30/><U36/><REACH who="1" step="1"/><E83/><REACH who="1" ten="38,393,264,295" step="2"/><V34/><F34/><W102/><G129/><T105/><D105/><U78/><E78/><V45/><F31/><W88/><G70/><T10/><D82/><U21/><AGARI ba="1,1" hai="2,5,11,12,16,21,36,43,47,59,61,65,85,86" machi="21" ten="20,7800,0" yaku="1,1,0,1,7,1,54,1,53,0" doraHai="114" doraHaiUra="87" who="1" fromWho="1" sc="38,-27,393,91,264,-27,295,-27" /><INIT seed="5,2,0,3,3,73" ten="11,484,237,268" oya="1" hai0="76,78,6,38,36,134,82,123,88,107,112,93,47" hai1="133,45,125,5,92,128,91,94,31,19,44,26,81" hai2="64,117,49,29,86,16,130,79,42,39,25,90,48" hai3="89,53,24,8,129,113,122,97,0,54,103,120,22"/><U3/><E128/><V4/><F117/><W40/><G40/><T30/><D107/><U2/><E133/><V121/><F121/><W17/><G129/><T56/><D134/><U43/><E44/><V20/><F130/><W84/><G113/><T51/><D123/><U101/><E19/><V126/><F126/><W68/><G68/><T11/><D112/><U74/><E101/><V124/><F124/><W114/><G114/><T35/><D56/><U34/><E125/><V46/><F4/><W85/><G85/><T98/><D35/><U7/><E7/><V127/><F127/><W10/><G0/><T58/><D30/><U63/><E63/><V12/><F64/><W61/><G122/><T106/><D106/><U118/><E3/><V70/><F79/><W55/><G61/><T111/><D111/><U80/><E80/><V28/><F70/><W50/><G50/><T135/><D135/><U52/><E52/><V116/><F28/><W77/><G77/><T110/><D110/><U23/><E34/><V102/><F102/><W87/><G120/><T95/><D95/><U27/><E5/><V83/><REACH who="2" step="1"/><F116/><REACH who="2" ten="11,484,227,268" step="2"/><W13/><G103/><T109/><D78/><U37/><E118/><V67/><F67/><W99/><G89/><T14/><D109/><U105/><E91/><V108/><F108/><W100/><G100/><T96/><D76/><U69/><E105/><V119/><F119/><W131/><G131/><T60/><D88/><U1/><E69/><V66/><F66/><W62/><G17/><T71/><D71/><U75/><E31/><V18/><F18/><RYUUKYOKU ba="2,1" sc="11,-10,484,-10,227,30,268,-10" hai2="12,16,20,25,29,39,42,46,48,49,83,86,90" /><INIT seed="6,3,1,0,0,107" ten="1,474,257,258" oya="2" hai0="57,90,96,79,22,127,71,106,3,0,14,66,33" hai1="13,102,88,77,50,75,8,30,60,18,110,119,37" hai2="98,56,129,93,100,45,92,40,126,34,38,67,16" hai3="47,62,63,4,15,61,51,52,123,29,95,111,35"/><V42/><F34/><W65/><G111/><T28/><D127/><U32/><E37/><V55/><F126/><W43/><G123/><T27/><D79/><U105/><E110/><V87/><F129/><W44/><G35/><T97/><D71/><U94/><E30/><V80/><F40/><W19/><G4/><T59/><D97/><U89/><E89/><V49/><F67/><W133/><G133/><T69/><D69/><U12/><E102/><V125/><F125/><W70/><G29/><T73/><D73/><U10/><E105/><V86/><F92/><W41/><G95/><T134/><D134/><U112/><E112/><V108/><F108/><W11/><G43/><T118/><D118/><U132/><E32/><V6/><F6/><W124/><G124/><T85/><D106/><U53/><E132/><V36/><F38/><AGARI ba="3,1" hai="11,15,19,38,41,44,47,51,52,61,62,63,65,70" machi="38" ten="30,2000,0" yaku="7,1,54,1" doraHai="107" who="3" fromWho="2" sc="1,0,474,0,257,-29,258,39" /><INIT seed="7,0,0,1,4,131" ten="1,474,228,297" oya="3" hai0="28,64,40,128,5,20,98,69,23,46,14,52,26" hai1="9,17,96,87,124,93,123,29,47,57,83,72,35" hai2="19,130,73,101,86,68,74,58,63,30,117,75,90" hai3="4,48,118,54,94,105,132,134,88,70,49,43,103"/><W80/><G118/><T97/><D128/><U71/><E71/><V7/><F130/><W125/><G70/><T36/><D52/><U31/><E72/><V126/><F117/><W89/><G125/><T11/><D23/><U56/><E124/><V133/><F68/><W32/><G32/><T50/><D50/><U38/><E35/><V127/><F101/><W18/><G4/><T104/><D104/><U39/><E29/><V91/><F30/><W24/><G105/><T15/><D15/><U116/><E31/><V67/><F7/><W82/><G103/><T27/><D27/><U77/><E123/><V60/><F19/><W92/><G18/><T95/><D95/><U121/><E121/><V61/><F58/><W44/><G24/><T25/><D26/><U114/><E114/><V45/><F45/><W99/><G43/><T76/><D76/><U65/><E47/><V122/><F122/><W41/><G41/><T106/><D106/><U100/><E65/><V112/><F112/><W84/><G49/><T78/><D78/><U16/><E17/><V109/><F109/><W102/><REACH who="3" step="1"/><G102/><REACH who="3" ten="1,474,228,287" step="2"/><T12/><D14/><U129/><E100/><V81/><F91/><W120/><G120/><T135/><D135/><AGARI ba="0,1" hai="44,48,54,80,82,84,88,89,92,94,99,132,134,135" machi="135" ten="40,18000,2" yaku="1,1,20,1,52,3,54,1,53,0" doraHai="131" doraHaiUra="119" who="3" fromWho="0" sc="1,-180,474,0,228,0,287,190" owari="-179,-68.0,474,27.0,228,-17.0,477,58.0" /></mjloggm>