<mjloggm ver="2.3"><GO type="41" lobby="0"/><UN n0="%6B%2E%72%61%69%6B%61" n1="%E7%88%86%E5%B2%A1%E5%84%AA%E4%BA%BA" n2="%E2%93%9D%53%75%70%68%78" n3="%54%61%62%6F%6F%6F" dan="14,15,18,14" rate="1928.35,1931.53,2074.63,1904.00" sx="F,M,M,M"/><TAIKYOKU oya="0"/><INIT seed="0,0,0,5,2,51" ten="250,250,250,250" oya="0" hai0="78,132,16,17,38,43,59,9,33,32,8,62,40" hai1="68,14,56,96,61,135,83,74,71,129,125,85,41" hai2="118,54,64,102,53,24,57,46,63,34,29,98,82" hai3="119,116,134,105,101,117,121,55,114,94,99,75,50"/><T67/><D38/><U70/><E129/><V13/><F118/><W0/><G0/><T110/><D78/><U86/><E125/><V15/><F82/><W60/><G60/><T127/><D127/><U92/><E135/><V44/><F44/><W11/><G121/><T130/><D130/><U49/><E74/><V108/><F108/><W120/><G120/><T58/><D110/><U77/><E86/><V45/><F45/><W79/><G114/><T2/><D132/><U111/><E111/><V80/><F80/><W95/><G134/><T18/><D2/><U19/><E49/><V87/><F87/><W36/><G36/><T21/><D21/><U123/><E41/><N who="0" m="15945" /><D67/><U107/><E107/><V20/><F34/><N who="0" m="13418" /><D62/><U72/><E72/><V73/><F73/><W5/><G79/><T3/><D3/><U6/><E6/><V93/><F46/><W27/><G27/><T28/><D28/><U42/><E42/><V103/><F103/><W124/><G75/><T10/><AGARI ba="0,0" hai="8,9,10,16,17,18,58,59" m="13418,15945" machi="10" ten="40,7800,0" yaku="28,2,54,1" doraHai="51" who="0" fromWho="0" sc="250,78,250,-26,250,-26,250,-26" /><INIT seed="0,1,0,0,3,131" ten="328,224,224,224" oya="0" hai0="84,127,83,120,11,3,22,31,16,75,50,60,96" hai1="5,133,46,107,117,21,59,109,29,34,115,85,74" hai2="111,129,93,53,19,123,73,38,67,0,24,103,61" hai3="79,78,40,68,98,90,86,102,71,35,13,30,65"/><T101/><D75/><U132/><E117/><V15/><F0/><W125/><G125/><T56/><D120/><U116/><E116/><V54/><F38/><W18/><G40/><T110/><D127/><U134/><E109/><V82/><F24/><W33/><G68/><T64/><D110/><U92/><E115/><V105/><F105/><W10/><G86/><T14/><D50/><U39/><E107/><V41/><F41/><W8/><G90/><T135/><D135/><U91/><E74/><V114/><F129/><W108/><G10/><T126/><D3/><U128/><E128/><V112/><F123/><W52/><G52/><T6/><D31/><U113/><E113/><V2/><F2/><W45/><G45/><T95/><D126/><U49/><E39/><V77/><F111/><W7/><G18/><T27/><D84/><U4/><E59/><V55/><F93/><W87/><G87/><T121/><D121/><U118/><E34/><V36/><F36/><W66/><G66/><T89/><D83/><U9/><E9/><V62/><F103/><AGARI ba="1,0" hai="6,11,14,16,22,27,56,60,64,89,95,96,101,103" machi="103" ten="40,3900,0" yaku="8,1,54,1" doraHai="131" who="0" fromWho="2" sc="328,42,224,0,224,-42,224,0" /><INIT seed="0,2,0,1,0,10" ten="370,224,182,224" oya="0" hai0="52,92,57,128,23,122,62,5,111,130,47,86,49" hai1="30,48,95,119,60,8,72,35,43,56,93,11,7" hai2="114,26,107,109,108,20,17,83,2,16,90,99,78" hai3="0,91,110,116,113,84,126,63,39,59,74,66,36"/><T54/><D122/><U129/><E119/><V76/><F2/><W68/><G116/><T117/><D117/><U21/><E129/><V103/><F114/><W118/><G118/><T80/><D92/><U106/><E106/><V125/><F125/><W89/><G113/><T37/><D37/><U77/><E35/><V51/><F51/><W13/><G126/><T24/><D5/><U131/><E131/><V33/><F33/><W85/><G110/><N who="2" m="42601" /><F17/><W115/><G115/><T94/><D94/><U1/><E72/><V12/><F26/><W96/><G74/><T46/><D111/><U88/><E77/><V104/><F104/><W132/><G0/><T105/><D105/><U58/><E11/><V112/><F112/><W97/><G68/><T100/><D128/><U73/><E73/><V134/><F134/><W121/><G132/><T6/><D6/><U22/><E95/><V69/><F69/><W4/><G121/><T15/><D100/><U101/><E101/><V67/><F67/><W79/><G39/><T18/><D130/><U44/><E30/><V133/><F133/><W75/><G36/><T50/><D24/><U41/><E41/><V9/><F9/><N who="3" m="4263" /><G79/><N who="0" m="46367" /><D62/><U27/><E60/><V55/><F55/><W3/><G3/><T42/><D54/><U28/><REACH who="1" step="1"/><E22/><REACH who="1" ten="370,214,182,224" step="2"/><V53/><F53/><W40/><G40/><T61/><D61/><U38/><E38/><V127/><F127/><W19/><G75/><T25/><D46/><U70/><E70/><V120/><F120/><W29/><G66/><T34/><D34/><U32/><E32/><V98/><F83/><RYUUKYOKU ba="2,1" sc="370,10,214,10,182,10,224,-30" hai0="15,18,23,25,42,47,49,50,52,57" hai1="1,7,8,21,27,28,43,44,48,56,58,88,93" hai2="12,16,20,76,78,90,98,99,103,107" /><INIT seed="0,3,1,5,0,61" ten="380,224,192,194" oya="0" hai0="73,66,129,115,77,110,25,112,38,36,0,48,33" hai1="23,5,41,106,89,117,3,135,65,133,20,86,114" hai2="50,29,49,6,109,99,62,83,78,24,11,119,134" hai3="26,12,111,30,63,2,27,4,84,42,57,10,105"/><T75/><D0/><U132/><E117/><V70/><F109/><W13/><G105/><T39/><D48/><U58/><E114/><V60/><F134/><W126/><G42/><T8/><D8/><N who="1" m="2111" /><E106/><V21/><F119/><W53/><G126/><T40/><D40/><U107/><E107/><V88/><F62/><W15/><G111/><T14/><D110/><U121/><E121/><V97/><F70/><W87/><REACH who="3" step="1"/><G26/><REACH who="3" ten="380,224,192,184" step="2"/><T47/><D25/><U34/><E41/><V68/><F24/><W72/><G72/><T130/><D75/><U92/><E34/><AGARI ba="3,2" hai="2,4,10,12,13,15,27,30,34,53,57,63,84,87" machi="34" ten="40,1300,0" yaku="1,1,53,0" doraHai="61" doraHaiUra="76" who="3" fromWho="1" sc="380,0,224,-22,192,0,184,42" /><INIT seed="1,0,0,5,3,1" ten="380,202,192,226" oya="1" hai0="30,93,121,16,83,103,113,100,64,13,26,34,17" hai1="63,33,35,66,14,29,128,23,32,48,87,123,111" hai2="129,122,132,21,7,119,5,41,46,84,70,51,131" hai3="55,67,130,135,53,4,118,25,24,104,126,50,28"/><U15/><E123/><V22/><F122/><W106/><G104/><T86/><D121/><U72/><E72/><V0/><F0/><W39/><G106/><T38/><D38/><U19/><E128/><N who="2" m="49227" /><F119/><W92/><G130/><T133/><D113/><U3/><E3/><V107/><F107/><W52/><G135/><T78/><D133/><U58/><E111/><V105/><F70/><W44/><G126/><T125/><D125/><U76/><E48/><V43/><F105/><W37/><G118/><T36/><D36/><U101/><E101/><V114/><F114/><W71/><G92/><T89/><D64/><U77/><E29/><V9/><F9/><W45/><G24/><T99/><D17/><U74/><E74/><V73/><F73/><W61/><G4/><N who="2" m="1609" /><F132/><W120/><G120/><T110/><D110/><U108/><E108/><V96/><F96/><W62/><G25/><T6/><D6/><U57/><E87/><V112/><F112/><W60/><G28/><T85/><D99/><U42/><E15/><V11/><F11/><AGARI ba="0,0" hai="11,13,16,26,30,34,78,83,85,86,89,93,100,103" machi="11" ten="30,2000,0" yaku="7,1,54,1" doraHai="1" who="0" fromWho="2" sc="380,20,202,0,192,-20,226,0" /><INIT seed="2,0,0,4,1,66" ten="400,202,172,226" oya="2" hai0="95,17,73,63,68,133,18,78,59,76,41,14,98" hai1="1,65,69,15,45,16,82,34,11,77,8,49,103" hai2="54,129,19,64,30,55,125,51,75,87,31,117,26" hai3="131,135,36,9,91,104,123,22,0,32,81,7,127"/><V62/><F75/><W96/><G36/><T48/><D68/><U28/><E103/><V5/><F117/><W33/><G123/><T84/><D73/><U27/><E1/><V85/><F129/><W43/><G131/><T53/><D133/><U56/><E56/><V79/><F5/><W90/><G135/><T6/><D6/><U20/><E65/><V120/><F125/><W50/><G127/><T122/><D122/><U128/><E69/><V3/><F3/><W89/><G22/><T126/><D126/><U97/><E97/><V111/><F111/><W38/><G50/><T99/><D98/><U52/><REACH who="1" step="1"/><E128/><REACH who="1" ten="400,192,172,226" step="2"/><V61/><F64/><W88/><G0/><T114/><D99/><U92/><E92/><V130/><F130/><W83/><G96/><T94/><D59/><U72/><AGARI ba="0,1" hai="8,11,15,16,20,27,28,34,45,49,52,72,77,82" machi="72" ten="20,8000,1" yaku="1,1,0,1,7,1,54,2,53,0" doraHai="66" doraHaiUra="121" who="1" fromWho="1" sc="400,-20,192,90,172,-40,226,-20" /><INIT seed="3,0,0,0,1,30" ten="380,282,132,206" oya="3" hai0="10,69,109,56,16,99,8,19,35,64,54,59,52" hai1="55,95,23,60,63,18,14,26,11,1,85,3,88" hai2="76,75,65,9,131,48,5,49,41,50,104,100,45" hai3="122,107,66,114,33,121,43,32,123,93,61,40,120"/><W115/><G107/><T44/><D35/><U27/><E27/><V111/><F111/><W53/><N who="3" m="30720" /><DORA hai="68" /><W21/><G21/><T74/><D109/><U83/><E55/><V42/><F131/><W125/><G93/><T39/><D39/><U129/><E129/><V38/><F65/><W28/><G28/><T12/><D74/><U130/><E130/><V0/><F42/><W51/><G125/><T108/><D69/><U132/><E132/><V47/><F47/><W113/><G61/><T127/><D108/><U13/><E13/><V72/><REACH who="2" step="1"/><F76/><REACH who="2" ten="380,282,122,206" step="2"/><W90/><G66/><T105/><D64/><U91/><E3/><V102/><F102/><W15/><G43/><T86/><D44/><U96/><REACH who="1" step="1"/><E1/><REACH who="1" ten="380,272,122,206" step="2"/><V135/><F135/><W98/><G40/><T124/><D54/><U117/><E117/><V31/><F31/><AGARI ba="0,2" hai="11,14,18,23,26,31,60,63,83,85,88,91,95,96" machi="31" ten="30,12000,2" yaku="1,1,7,1,8,1,54,1,53,3" doraHai="30,68" doraHaiUra="87,7" who="1" fromWho="2" sc="380,0,272,140,122,-120,206,0" /><INIT seed="4,0,0,5,1,110" ten="380,412,2,206" oya="0" hai0="97,75,22,43,36,109,113,3,1,7,128,103,74" hai1="112,25,106,93,83,32,123,52,135,105,45,53,98" hai2="19,51,9,67,108,119,11,10,38,82,134,131,28" hai3="5,17,33,63,126,13,104,54,101,23,65,117,118"/><T100/><D109/><U39/><E123/><V84/><F108/><W96/><G126/><T129/><D7/><U37/><E135/><V46/><F38/><W15/><G33/><T116/><D116/><U71/><E71/><V35/><F131/><N who="0" m="50250" /><D22/><U49/><E112/><V95/><F134/><W27/><G54/><T132/><D132/><U92/><E92/><V124/><F124/><W133/><G133/><T29/><D29/><U60/><E106/><V26/><F67/><W55/><G55/><T62/><D62/><U69/><E105/><V44/><F119/><W127/><G127/><T72/><D97/><U115/><E115/><V50/><F19/><W81/><G81/><T6/><D6/><U47/><E83/><V4/><F95/><W90/><G90/><T58/><D58/><U18/><E32/><V76/><F4/><W57/><REACH who="3" step="1"/><G5/><REACH who="3" ten="380,412,2,196" step="2"/><T20/><D3/><U99/><E53/><V8/><N who="2" m="2304" /><DORA hai="130" /><V48/><AGARI ba="0,1" hai="26,28,35,44,46,48,50,51,76,82,84" m="2304" machi="48" ten="50,3200,0" yaku="4,1,0,1" doraHai="110,130" who="2" fromWho="2" sc="380,-16,412,-8,2,42,196,-8" /><INIT seed="5,0,0,1,5,105" ten="364,404,44,188" oya="1" hai0="67,119,48,93,106,98,125,91,65,44,30,42,127" hai1="45,86,118,111,109,71,61,55,130,77,100,3,60" hai2="20,34,95,107,6,18,13,75,83,53,135,78,12" hai3="8,16,82,73,103,14,9,92,114,115,54,113,56"/><U23/><E118/><V7/><F107/><W0/><G0/><T58/><D119/><U108/><E130/><V32/><F135/><W132/><G132/><T31/><D106/><U126/><E126/><N who="0" m="48137" /><D58/><U96/><E3/><V63/><F95/><W2/><G92/><T112/><D112/><U68/><E23/><V50/><F63/><N who="1" m="24137" /><E77/><V72/><F72/><W41/><G41/><T33/><D33/><U84/><E55/><V129/><F129/><W123/><G103/><T87/><D98/><U57/><E57/><V43/><F43/><W15/><G2/><T133/><D133/><U49/><E49/><V64/><F64/><AGARI ba="0,0" hai="30,31,42,44,48,64,65,67,87,91,93" m="48137" machi="64" ten="30,1000,0" yaku="18,1" doraHai="105" who="0" fromWho="2" sc="364,10,404,0,44,-10,188,0" /><INIT seed="6,0,0,3,2,17" ten="374,404,34,188" oya="2" hai0="73,20,133,96,34,94,50,21,71,58,86,102,42" hai1="108,70,84,2,81,126,67,77,88,7,47,46,28" hai2="25,119,51,122,32,92,57,30,116,54,31,1,6" hai3="95,48,85,24,121,100,103,3,109,69,111,129,83"/><V27/><F122/><W90/><G121/><T114/><D71/><U87/><E108/><V35/><F6/><W76/><G69/><T82/><D34/><U123/><E123/><V106/><F106/><W117/><G48/><T38/><D38/><U63/><E126/><V4/><REACH who="2" step="1"/><F92/><REACH who="2" ten="374,404,24,188" step="2"/><W12/><G111/><T107/><D107/><U55/><E7/><V62/><F62/><W40/><G109/><T118/><D94/><U105/><E105/><V104/><F104/><W33/><G95/><T135/><D133/><U99/><E63/><V65/><F65/><W132/><G132/><T13/><D135/><U134/><E67/><V97/><F97/><W52/><G117/><T93/><D93/><U45/><E99/><V14/><F14/><W23/><G12/><T36/><D13/><U8/><E134/><V130/><F130/><W112/><G129/><T78/><D96/><U59/><E2/><V80/><F80/><W74/><G3/><T29/><D82/><U60/><E60/><V15/><F15/><W91/><G83/><T5/><D5/><U79/><E81/><V0/><F0/><W98/><G98/><T128/><D118/><U64/><E64/><V131/><F131/><W127/><G103/><T43/><D102/><U101/><E101/><V72/><F72/><W66/><G74/><T124/><D73/><U120/><E120/><V75/><F75/><W61/><G61/><T68/><D128/><U19/><E79/><V49/><F49/><W9/><G76/><T53/><D78/><U37/><E77/><V56/><F56/><W11/><G100/><RYUUKYOKU ba="0,1" sc="374,-10,404,-10,24,30,188,-10" hai2="1,4,25,27,30,31,32,35,51,54,57,116,119" /><INIT seed="6,1,1,3,3,128" ten="364,394,54,178" oya="2" hai0="54,112,89,6,20,27,18,61,40,66,135,37,84" hai1="97,104,81,55,82,129,1,92,16,2,86,11,111" hai2="71,125,113,19,10,101,23,118,100,93,126,77,87" hai3="124,120,121,62,33,131,115,130,123,21,34,12,109"/><V134/><F71/><W95/><G95/><T75/><D135/><U58/><E111/><V99/><F10/><W102/><G102/><T103/><D112/><U73/><E129/><N who="3" m="49162" /><G62/><T22/><D75/><U13/><E104/><V25/><F118/><W7/><G109/><T35/><D35/><U132/><E132/><V46/><F113/><W76/><G76/><T65/><D6/><U51/><E73/><V67/><F67/><W96/><G96/><T5/><D5/><U69/><E82/><V24/><F101/><W32/><G115/><T53/><D103/><U47/><E58/><V57/><F57/><W70/><G70/><T0/><D0/><U42/><E42/><V107/><F46/><W28/><G124/><N who="2" m="47721" /><F134/><W98/><G98/><T59/><D40/><U30/><E69/><V116/><F116/><W106/><G106/><T43/><D43/><U8/><E8/><V83/><F107/><W68/><G68/><T94/><D37/><U4/><E4/><V91/><F100/><W74/><G74/><T14/><D66/><U15/><E2/><V9/><F9/><N who="3" m="4159" /><G123/><T50/><D65/><U41/><E1/><V3/><F3/><W48/><G48/><T52/><D61/><U110/><E51/><V108/><F108/><W72/><G72/><T119/><D119/><U133/><E110/><V78/><F78/><W80/><G80/><T114/><D114/><U85/><E81/><V38/><F38/><W44/><G44/><T117/><D117/><U39/><E47/><V26/><AGARI ba="1,1" hai="19,23,24,25,26,77,83,87,91,93,99" m="47721" machi="26" ten="30,1500,0" yaku="18,1" doraHai="128" who="2" fromWho="2" sc="364,-6,394,-6,54,28,178,-6" /><INIT seed="6,2,0,0,4,127" ten="358,388,82,172" oya="2" hai0="117,11,120,77,72,81,82,58,125,109,13,96,98" hai1="25,90,47,18,12,126,114,80,110,8,61,56,51" hai2="55,129,34,36,29,104,89,71,128,108,111,0,118" hai3="16,17,97,27,66,62,28,121,131,85,37,31,10"/><V49/><F0/><W122/><G37/><T124/><D120/><N who="3" m="46185" /><G97/><T59/><D109/><N who="2" m="42058" /><F104/><W106/><G85/><T39/><D39/><U92/><E126/><N who="0" m="48745" /><D117/><U30/><E110/><V115/><F118/><W87/><G87/><T26/><D26/><U78/><E114/><V130/><F36/><W75/><G62/><T132/><D132/><U23/><E78/><V44/><F71/><W105/><G66/><T45/><D45/><U123/><E80/><N who="0" m="30825" /><D77/><U24/><E123/><V103/><F103/><W2/><G75/><T1/><D1/><U67/><E25/><N who="2" m="18735" /><F89/><W135/><G106/><T69/><D69/><U88/><E92/><V4/><F4/><N who="3" m="1303" /><G105/><T65/><D65/><U99/><E99/><N who="0" m="37929" /><D72/><U32/><E32/><V119/><F119/><W76/><G76/><T20/><D20/><U46/><E90/><V54/><F115/><W60/><G135/><T41/><D41/><AGARI ba="2,0" hai="41,44,49,54,55,128,129,130" m="18735,42058" machi="41" ten="40,12000,1" yaku="19,1,10,1,52,3" doraHai="127" who="2" fromWho="0" sc="358,-126,388,0,82,126,172,0" /><INIT seed="6,3,0,4,5,90" ten="232,388,208,172" oya="2" hai0="32,100,107,124,114,25,135,47,126,77,1,75,33" hai1="110,59,67,11,15,24,21,10,102,34,52,117,5" hai2="121,91,3,97,85,74,81,29,99,89,79,19,55" hai3="98,76,39,49,7,51,57,62,69,38,2,46,86"/><V116/><F3/><W27/><G98/><N who="0" m="61847" /><D25/><U23/><E110/><V65/><F29/><W58/><G86/><T122/><D47/><U66/><E117/><V128/><F65/><N who="3" m="41143" /><G76/><T16/><D16/><U70/><E34/><N who="0" m="13417" /><D122/><U48/><E70/><V60/><F121/><W43/><G27/><T120/><D120/><U31/><E102/><V123/><F116/><W50/><G7/><T115/><D1/><U118/><E118/><V130/><F19/><W56/><G2/><T40/><D40/><U127/><E127/><N who="0" m="48681" /><D135/><U41/><E41/><V133/><F133/><W26/><G26/><T132/><D132/><U4/><E23/><V104/><F123/><W80/><G80/><AGARI ba="3,0" hai="75,77,80,114,115" m="48681,13417,61847" machi="80" ten="40,2600,0" yaku="18,1,23,1" doraHai="90" who="0" fromWho="3" sc="232,35,388,0,208,0,172,-35" /><INIT seed="7,0,0,1,3,91" ten="267,388,208,137" oya="3" hai0="82,110,77,2,135,58,60,106,88,31,87,112,100" hai1="114,73,108,43,35,92,7,5,56,76,70,40,131" hai2="122,68,42,4,18,14,53,49,48,101,113,41,33" hai3="105,120,83,12,66,126,132,115,89,121,93,17,98"/><W74/><G66/><T133/><D2/><U52/><E108/><V103/><F33/><W69/><G69/><T10/><D10/><U127/><E114/><V95/><F68/><W79/><G115/><T134/><D31/><U116/><E131/><V65/><F122/><W38/><G132/><T3/><D3/><U75/><E127/><V61/><F4/><W80/><G126/><T59/><D112/><U55/><E70/><V1/><F1/><W29/><G38/><T6/><D6/><U57/><E116/><V119/><F119/><W39/><G39/><T46/><D110/><U20/><E76/><V94/><F61/><W30/><G83/><T99/><D46/><U64/><E64/><V45/><F65/><W24/><G30/><T28/><D28/><U109/><E109/><V62/><F62/><W81/><G81/><T11/><D11/><U37/><E37/><V78/><F78/><W23/><REACH who="3" step="1"/><G105/><REACH who="3" ten="267,388,208,127" step="2"/><T32/><D32/><AGARI ba="0,1" hai="12,17,23,24,29,32,74,79,80,89,93,98,120,121" machi="32" ten="30,11600,0" yaku="1,1,2,1,7,1,52,1,53,0" doraHai="91" doraHaiUra="97" who="3" fromWho="0" sc="267,-116,388,0,208,0,127,126" /><INIT seed="7,1,0,0,3,23" ten="151,388,208,253" oya="3" hai0="32,45,78,65,114,17,19,124,60,6,73,120,133" hai1="123,85,131,102,50,118,52,37,79,63,80,117,134" hai2="95,2,49,108,135,21,97,68,55,82,47,127,8" hai3="99,25,126,28,26,46,56,74,87,71,18,76,111"/><W24/><G111/><T0/><D45/><U125/><E123/><V121/><F108/><W119/><G71/><T72/><D19/><U98/><E131/><V57/><F68/><W12/><G119/><N who="1" m="45578" /><E125/><V83/><F135/><W88/><G74/><T109/><D17/><U105/><E134/><V58/><F2/><W4/><G126/><T16/><D16/><U107/><E63/><V132/><F121/><W14/><G76/><T129/><D129/><U70/><BYE who="0" /><E70/><V110/><F8/><N who="3" m="4103" /><G99/><UN n0="%6B%2E%72%61%69%6B%61" /><T3/><D3/><U51/><BYE who="0" /><E37/><V115/><F115/><W43/><G56/><UN n0="%6B%2E%72%61%69%6B%61" /><T94/><D94/><BYE who="0" /><N who="1" m="58711" /><E51/><UN n0="%6B%2E%72%61%69%6B%61" /><V34/><BYE who="0" /><F110/><W66/><G66/><T41/><D41/><U89/><E79/><V40/><F132/><W101/><G101/><T38/><D38/><U27/><E27/><V67/><F127/><W112/><G112/><T100/><D100/><U128/><E128/><V103/><F103/><W7/><G7/><T42/><D42/><U86/><E86/><V61/><F40/><W69/><G69/><T84/><D84/><U29/><E29/><V96/><F96/><W13/><G28/><T93/><D93/><U48/><E48/><V22/><F97/><W106/><G106/><T44/><D44/><AGARI ba="1,0" hai="44,50,52,80,85,89,105,107" m="58711,45578" machi="44" ten="30,2000,0" yaku="12,1,54,1" doraHai="23" who="1" fromWho="0" sc="151,-23,388,23,208,0,253,0" owari="128,-37.0,411,51.0,208,-19.0,253,5.0" /></mjloggm>