<mjloggm ver="2.3"><GO type="41" lobby="0"/><UN n0="%E5%B0%8F%E9%87%8E%E7%94%9F%E5%A5%88" n1="%72%6F%6B%75%6F%6B%75" n2="%E2%93%9D%53%75%70%68%78" n3="%E3%81%A7%E3%82%93%E3%81%9B%E3%81%A4" dan="13,14,18,13" rate="1865.61,1919.99,2100.99,1887.04" sx="M,M,M,M"/><TAIKYOKU oya="0"/><INIT seed="0,0,0,5,5,68" ten="250,250,250,250" oya="0" hai0="39,101,107,21,105,94,117,22,55,119,54,58,31" hai1="96,127,125,103,76,17,124,44,85,128,88,46,122" hai2="52,100,14,78,121,93,75,30,133,9,80,45,0" hai3="37,49,98,116,2,50,33,4,35,131,3,77,53"/><T19/><D31/><U16/><E122/><V129/><F121/><W92/><G116/><T115/><D115/><U84/><E128/><V95/><F129/><W56/><G37/><T65/><D65/><U12/><E76/><V5/><F133/><W74/><G131/><T70/><D70/><U63/><E63/><V64/><F64/><W24/><G50/><T20/><D19/><N who="1" m="7243" /><E12/><V60/><F100/><W28/><G33/><T29/><D29/><U6/><E6/><V69/><F30/><W73/><G77/><T7/><D7/><U104/><E85/><V91/><F0/><W110/><G110/><T62/><D39/><U57/><E57/><V126/><F69/><W86/><G86/><T83/><D83/><AGARI ba="0,0" hai="44,46,83,84,88,96,103,104,124,125,127" m="7243" machi="83" ten="30,3900,0" yaku="18,1,54,2" doraHai="68" who="1" fromWho="0" sc="250,-39,250,39,250,0,250,0" /><INIT seed="1,0,0,1,0,81" ten="211,289,250,250" oya="1" hai0="12,73,6,91,97,3,24,68,118,49,111,59,79" hai1="130,70,90,83,87,75,122,58,52,109,66,134,124" hai2="11,98,125,86,61,105,121,1,84,131,76,126,0" hai3="85,57,28,101,37,19,63,42,51,4,113,15,16"/><U78/><E122/><V102/><F121/><W80/><G113/><T88/><D118/><U50/><E124/><N who="2" m="47723" /><F76/><W18/><G37/><T69/><D3/><N who="2" m="1098" /><F131/><W40/><G28/><T112/><D112/><U8/><E130/><V35/><F35/><W34/><G34/><T92/><D73/><U93/><E134/><V106/><F106/><W32/><G32/><T116/><D79/><U62/><REACH who="1" step="1"/><E8/><REACH who="1" ten="211,279,250,250" step="2"/><V46/><F11/><W7/><G4/><T33/><D116/><U13/><E13/><V56/><F46/><W65/><G15/><T135/><D12/><U10/><E10/><V39/><F39/><W31/><G7/><T5/><D6/><U108/><AGARI ba="0,1" hai="50,52,58,62,66,70,75,78,83,87,90,93,108,109" machi="108" ten="30,11700,0" yaku="1,1,0,1,52,1,54,1,53,0" doraHai="81" doraHaiUra="26" who="1" fromWho="1" sc="211,-39,279,127,250,-39,250,-39" /><INIT seed="1,1,0,4,4,132" ten="172,406,211,211" oya="1" hai0="1,67,4,74,37,115,124,87,32,46,26,77,88" hai1="91,64,82,6,30,73,47,24,114,69,127,65,78" hai2="8,130,116,134,63,15,31,54,60,59,120,38,105" hai3="66,123,62,35,133,56,23,128,96,14,81,68,94"/><U80/><E114/><V79/><F120/><W58/><G123/><T107/><D107/><U100/><E6/><V85/><F116/><W98/><G35/><T110/><D115/><U93/><E127/><V76/><F38/><W29/><G133/><T25/><D110/><U111/><E111/><V44/><F130/><W17/><G128/><T108/><D108/><U13/><E69/><V72/><F72/><W113/><G113/><T12/><D67/><U118/><E118/><V70/><F31/><W121/><G121/><T90/><D32/><U102/><E13/><V129/><F105/><W48/><G29/><T0/><D124/><U34/><E47/><V57/><F70/><W101/><G81/><T117/><D117/><U92/><E80/><V53/><F134/><W83/><G83/><N who="0" m="45495" /><D12/><U119/><E119/><V125/><F129/><W3/><G3/><T10/><D0/><U50/><E50/><V75/><F75/><W89/><REACH who="3" step="1"/><G48/><REACH who="3" ten="172,406,211,201" step="2"/><T126/><D126/><U49/><E49/><V33/><F33/><W112/><G112/><T84/><D87/><N who="1" m="52351" /><E73/><V86/><F125/><W9/><G9/><T19/><D84/><N who="1" m="48215" /><E34/><V55/><F79/><W61/><G61/><T43/><D10/><U42/><E42/><V103/><F76/><W104/><AGARI ba="1,1" hai="14,17,23,56,58,62,66,68,89,94,96,98,101,104" machi="104" ten="20,2700,0" yaku="1,1,0,1,7,1,53,0" doraHai="132" doraHaiUra="2" who="3" fromWho="3" sc="172,-8,406,-14,211,-8,201,40" /><INIT seed="2,0,0,2,4,130" ten="164,392,203,241" oya="2" hai0="134,115,43,8,54,12,14,71,21,106,124,107,80" hai1="24,49,121,31,110,90,131,5,37,113,61,111,96" hai2="58,56,36,104,57,120,26,109,60,40,92,95,16" hai3="94,32,84,86,51,122,99,85,97,33,7,108,78"/><V114/><F114/><W62/><G122/><T41/><D115/><U28/><E121/><V88/><F104/><W47/><G108/><N who="1" m="41514" /><E131/><V72/><F72/><W59/><G7/><T87/><D71/><U55/><E37/><V68/><F109/><W105/><G105/><T100/><D124/><U53/><E5/><V39/><F120/><W128/><G128/><T44/><D21/><U27/><E61/><V17/><F95/><W18/><G78/><T48/><D14/><U3/><E3/><V129/><F129/><W117/><G117/><T135/><D100/><U0/><E0/><V52/><F40/><N who="0" m="15434" /><D80/><U50/><E90/><V126/><F126/><W63/><G18/><N who="2" m="7273" /><F39/><W45/><G94/><T91/><D107/><U76/><E96/><N who="3" m="36938" /><G32/><T83/><D106/><U10/><E76/><V1/><F68/><W102/><G33/><T132/><D12/><U118/><E10/><AGARI ba="0,0" hai="8,10,44,48,54,83,87,91,132,134,135" m="15434" machi="10" ten="40,8000,1" yaku="20,1,52,3" doraHai="130" who="0" fromWho="1" sc="164,80,392,-80,203,0,241,0" /><INIT seed="3,0,0,0,1,58" ten="244,312,203,241" oya="3" hai0="98,12,110,79,26,10,46,73,43,93,8,115,132" hai1="1,27,61,51,44,66,70,40,55,135,101,125,128" hai2="109,100,42,54,32,90,67,123,105,21,113,88,28" hai3="133,95,119,75,39,112,24,106,41,14,64,102,22"/><W82/><G112/><T72/><D115/><U121/><E101/><V57/><F113/><W4/><G119/><T31/><D132/><U60/><E1/><V15/><F32/><W76/><G106/><T36/><D110/><U17/><E121/><V129/><F42/><W5/><G133/><T71/><D71/><U7/><E7/><V74/><F74/><W53/><G64/><T33/><D79/><U97/><E135/><V127/><F129/><W84/><G14/><T47/><D46/><U16/><E128/><V13/><F127/><W69/><G69/><T134/><D134/><U34/><E97/><V18/><F28/><W103/><G103/><T49/><D36/><U78/><E78/><V68/><F109/><W81/><G41/><T96/><D96/><U52/><E125/><V89/><F123/><W37/><G37/><T117/><D117/><U77/><E77/><V85/><F100/><W130/><G39/><T62/><D62/><U87/><E87/><V29/><F29/><W2/><G2/><T124/><D124/><U25/><E61/><N who="2" m="40047" /><F15/><W3/><G3/><T122/><D122/><U19/><REACH who="1" step="1"/><E34/><REACH who="1" ten="244,302,203,241" step="2"/><V56/><F85/><W35/><G84/><T118/><D118/><U83/><E83/><V23/><F105/><W111/><G81/><T65/><D73/><U48/><E48/><N who="2" m="30791" /><F90/><W6/><G35/><T116/><D72/><U59/><E59/><V131/><F131/><W50/><G130/><T114/><D116/><U94/><E94/><V99/><F57/><N who="3" m="32951" /><G102/><N who="0" m="60751" /><D33/><U92/><E92/><N who="2" m="56711" /><F89/><W107/><G107/><T80/><D114/><U108/><E108/><RYUUKYOKU ba="0,1" sc="244,-15,302,15,203,15,241,-15" hai1="16,17,19,25,27,40,44,51,52,55,60,66,70" hai2="13,18,21,23" /><INIT seed="4,1,1,2,0,25" ten="229,317,218,226" oya="0" hai0="19,26,127,126,53,3,47,65,36,99,112,91,14" hai1="13,131,118,45,37,81,122,88,22,90,94,68,124" hai2="104,0,129,93,98,10,58,39,84,79,7,61,51" hai3="117,8,23,133,57,76,63,108,110,46,35,24,32"/><T42/><D112/><U71/><E122/><V77/><F39/><W55/><G117/><T86/><D3/><U16/><E118/><V20/><F104/><W102/><G133/><T12/><D65/><U33/><E33/><V70/><F129/><W132/><G132/><T135/><D135/><U66/><E124/><N who="0" m="47657" /><D99/><U120/><E120/><V106/><F106/><W83/><G102/><T73/><D73/><U15/><E131/><V67/><F84/><W114/><G114/><T96/><D96/><U97/><E66/><V38/><F38/><W9/><G32/><T56/><D26/><U113/><E113/><V87/><F87/><W85/><G35/><T116/><D116/><U59/><E59/><V74/><F74/><W125/><G125/><T34/><D34/><U64/><E64/><V111/><F111/><W29/><REACH who="3" step="1"/><G46/><REACH who="3" ten="229,317,218,216" step="2"/><T28/><D47/><U89/><E45/><V134/><F134/><W21/><G21/><T100/><D100/><N who="1" m="60471" /><E71/><V62/><F20/><W105/><G105/><T48/><D56/><U43/><E68/><V78/><F70/><W130/><G130/><T49/><D36/><U95/><E37/><V69/><F69/><W44/><G44/><T109/><D109/><AGARI ba="1,2" hai="8,9,23,24,29,55,57,63,76,83,85,108,109,110" machi="109" ten="40,5200,0" yaku="1,1,52,1,53,1" doraHai="25" doraHaiUra="18" who="3" fromWho="0" sc="229,-55,317,0,218,0,216,75" /><INIT seed="5,0,0,4,5,0" ten="174,317,218,291" oya="1" hai0="101,52,14,58,61,93,24,135,60,133,8,91,55" hai1="21,76,2,126,124,96,42,31,122,28,116,84,89" hai2="6,107,95,1,38,132,68,131,27,111,66,30,74" hai3="99,13,70,112,32,104,7,53,86,15,17,51,57"/><U72/><E122/><V36/><F95/><W90/><G32/><T120/><D120/><U39/><E116/><V103/><F111/><W123/><G123/><T3/><D3/><U98/><E2/><V18/><F18/><W41/><G70/><T92/><D24/><N who="1" m="16399" /><E72/><V77/><F131/><W34/><G34/><T67/><D101/><U46/><E76/><V118/><F132/><W73/><G73/><T20/><D20/><U127/><E31/><V48/><F48/><W33/><G33/><T64/><D91/><U100/><E100/><V113/><F113/><W106/><G112/><T88/><D135/><U44/><E44/><V128/><F128/><W50/><G99/><T129/><D133/><U105/><E105/><V43/><F118/><W4/><G104/><T54/><D129/><U23/><E23/><V94/><F107/><W79/><G79/><T83/><D83/><AGARI ba="0,0" hai="39,42,46,83,84,89,96,98,124,126,127" m="16399" machi="83" ten="30,1500,0" yaku="18,1" doraHai="0" who="1" fromWho="0" sc="174,-15,317,15,218,0,291,0" /><INIT seed="5,1,0,2,4,37" ten="159,332,218,291" oya="1" hai0="111,72,19,2,33,101,115,127,23,81,73,89,49" hai1="128,46,59,92,26,102,8,124,40,55,70,113,21" hai2="53,35,64,54,5,107,110,82,119,29,120,52,27" hai3="47,129,109,77,93,20,75,85,99,38,90,63,74"/><U133/><E113/><V60/><F110/><W87/><G109/><T95/><D111/><U56/><E133/><V4/><F119/><W100/><G129/><T105/><D115/><U78/><E128/><V114/><F114/><W13/><G63/><T32/><D2/><U48/><E124/><V66/><F120/><W104/><G38/><T84/><D127/><U123/><E123/><V34/><F107/><W88/><G47/><T24/><D49/><U1/><E70/><V44/><F35/><W41/><G41/><T135/><D73/><N who="3" m="27657" /><G20/><T97/><REACH who="0" step="1"/><D135/><REACH who="0" ten="149,332,218,291" step="2"/><U132/><E132/><V58/><F44/><W106/><G13/><T96/><D96/><N who="1" m="59655" /><E1/><V98/><F98/><N who="3" m="61463" /><G106/><T94/><D94/><U6/><E78/><AGARI ba="1,1" hai="19,23,24,32,33,72,78,81,84,89,95,97,101,105" machi="78" ten="40,8000,1" yaku="1,1,24,2,53,1" doraHai="37" doraHaiUra="80" who="0" fromWho="1" sc="149,93,332,-83,218,0,291,0" /><INIT seed="6,0,0,0,3,95" ten="242,249,218,291" oya="2" hai0="59,9,35,36,8,104,49,90,109,44,23,18,46" hai1="87,92,37,134,57,69,99,43,77,14,121,33,126" hai2="15,133,125,38,100,55,68,111,71,6,102,101,108" hai3="89,120,47,17,105,63,16,10,39,3,52,75,7"/><V60/><F38/><W20/><G120/><T98/><D109/><N who="2" m="42058" /><F133/><W79/><G105/><T106/><D35/><U85/><E126/><V42/><F42/><W13/><G39/><T135/><D135/><U80/><E134/><V118/><F125/><W34/><G34/><T45/><D36/><U27/><E121/><V30/><F30/><W86/><G75/><T26/><D106/><U124/><E124/><V123/><F123/><W129/><G79/><T31/><D104/><U73/><E69/><N who="2" m="26699" /><F60/><W78/><G78/><T83/><D31/><U96/><E57/><V50/><F118/><W84/><G129/><T54/><D83/><U131/><E131/><V127/><F127/><W21/><G89/><T81/><D81/><U2/><E2/><V62/><F62/><W11/><G11/><T130/><D130/><U32/><E14/><V61/><F61/><W0/><G0/><T40/><REACH who="0" step="1"/><D40/><REACH who="0" ten="232,249,218,291" step="2"/><U5/><E43/><V4/><F15/><W48/><REACH who="3" step="1"/><G63/><REACH who="3" ten="232,249,218,281" step="2"/><T110/><D110/><U132/><E37/><V115/><F115/><W113/><G113/><T93/><AGARI ba="0,2" hai="8,9,18,23,26,44,45,46,49,54,59,90,93,98" machi="93" ten="30,8000,1" yaku="1,1,0,1,8,1,52,1,53,1" doraHai="95" doraHaiUra="91" who="0" fromWho="0" sc="232,100,249,-20,218,-40,281,-20" /><INIT seed="7,0,0,4,0,69" ten="332,229,178,261" oya="3" hai0="135,71,72,1,45,5,66,51,63,39,68,67,109" hai1="0,11,40,56,23,105,4,64,94,131,19,54,70" hai2="87,21,97,102,37,30,42,86,34,95,98,126,38" hai3="132,128,7,62,130,9,124,120,29,118,33,88,134"/><W84/><G118/><T25/><D72/><U2/><E131/><N who="3" m="50218" /><G120/><T89/><D109/><U81/><E105/><V115/><F34/><W101/><G101/><T112/><D135/><N who="3" m="51753" /><G62/><T60/><D89/><U32/><E32/><V116/><F116/><W78/><G78/><T13/><D1/><U99/><E81/><V57/><F126/><W3/><G33/><T73/><D73/><U90/><E40/><V117/><F42/><W52/><G29/><T59/><D25/><N who="1" m="14591" /><E64/><V50/><F117/><W113/><G113/><T8/><D112/><U111/><E70/><V47/><F115/><W114/><G114/><T48/><D59/><U65/><E65/><V83/><F57/><W36/><G36/><T75/><D75/><U123/><E123/><V127/><F127/><W22/><G22/><T17/><D5/><U125/><E125/><V119/><F119/><W121/><G121/><T100/><D100/><U61/><E111/><V96/><F21/><W53/><G124/><T44/><D39/><U35/><E35/><V82/><F30/><W129/><N who="3" m="50226" /><W103/><DORA hai="76" /><G103/><T80/><D8/><U91/><E90/><V28/><F28/><W14/><G3/><AGARI ba="0,0" hai="0,2,3,4,11,54,56,61,91,94,99" m="14591" machi="3" ten="30,1000,0" yaku="25,1" doraHai="69,76" who="1" fromWho="3" sc="332,0,229,10,178,0,261,-10" owari="332,43.0,239,-16.0,178,-32.0,251,5.0" /></mjloggm>