<mjloggm ver="2.3"><GO type="41" lobby="0"/><UN n0="%43%4D%75%36%30%57%65%69" n1="%E3%82%B5%E3%82%AB%E3%82%A4" n2="%4B%55%52%41%32%30%32%30" n3="%E2%93%9D%53%75%70%68%78" dan="13,13,15,17" rate="1948.08,2014.83,1950.94,2049.48" sx="F,M,M,M"/><TAIKYOKU oya="0"/><INIT seed="0,0,0,2,0,73" ten="250,250,250,250" oya="0" hai0="91,78,22,125,70,96,122,63,59,81,77,27,112" hai1="89,53,64,127,99,4,57,25,52,40,39,11,41" hai2="110,5,98,67,1,20,3,16,37,10,2,50,83" hai3="12,94,13,35,62,115,55,61,131,95,86,102,26"/><T82/><D112/><U114/><E127/><V17/><F110/><W134/><G134/><T60/><D122/><U108/><E108/><V120/><F37/><W24/><G131/><T100/><D125/><U21/><E39/><V113/><F113/><W132/><G132/><T84/><D70/><U85/><E99/><V128/><F128/><W65/><G35/><T97/><D81/><U46/><E64/><V93/><F120/><W69/><G55/><T18/><D97/><U72/><E72/><V44/><F67/><W111/><G65/><T107/><D60/><U130/><E53/><AGARI ba="0,0" hai="18,22,27,53,59,63,77,78,82,84,91,96,100,107" machi="53" ten="30,5800,0" yaku="7,1,52,2" doraHai="73" who="0" fromWho="1" sc="250,58,250,-58,250,0,250,0" /><INIT seed="0,1,0,1,1,76" ten="308,192,250,250" oya="0" hai0="84,86,87,89,31,118,6,34,24,58,14,40,19" hai1="16,43,33,28,100,37,117,35,112,85,72,88,9" hai2="120,1,79,47,66,95,101,63,99,134,38,103,3" hai3="115,80,15,119,69,121,73,94,45,110,97,96,130"/><T98/><D118/><U62/><E72/><V92/><F120/><W67/><G115/><T48/><D6/><U0/><E117/><V21/><F134/><W2/><G2/><T56/><D98/><U68/><E100/><V23/><F38/><W60/><G130/><T20/><REACH who="0" step="1"/><D89/><REACH who="0" ten="298,192,250,250" step="2"/><U122/><E112/><V133/><F99/><W65/><G97/><T114/><D114/><U42/><E122/><V51/><F103/><W22/><G96/><T71/><D71/><U109/><E68/><V77/><F101/><W10/><G69/><T36/><D36/><U52/><E37/><V12/><F133/><W91/><G91/><T129/><D129/><U131/><E131/><V107/><F107/><W125/><G119/><T41/><D41/><U105/><E88/><V53/><F1/><W46/><G121/><T27/><D27/><U116/><E105/><V55/><F3/><W29/><G94/><T26/><D26/><U124/><E43/><V7/><F95/><W64/><G15/><T135/><D135/><U61/><E42/><V32/><F92/><W128/><G128/><T18/><D18/><U54/><E16/><V74/><F12/><W11/><G29/><T39/><D39/><U25/><E28/><V126/><F7/><W104/><G104/><T93/><D93/><U44/><E25/><V113/><F113/><W132/><G132/><T127/><D127/><U59/><E0/><V83/><F126/><W5/><G5/><T90/><D90/><U81/><E124/><V102/><F102/><W106/><G125/><T78/><D78/><U13/><E13/><RYUUKYOKU ba="1,1" sc="298,30,192,-10,250,-10,250,-10" hai0="14,19,20,24,31,34,40,48,56,58,84,86,87" /><INIT seed="0,2,1,5,3,59" ten="328,182,240,240" oya="0" hai0="8,99,50,108,93,65,24,105,94,82,28,135,114" hai1="16,126,127,36,61,18,115,3,12,49,86,118,48" hai2="111,87,98,45,40,7,67,41,120,104,81,6,97" hai3="64,35,1,13,85,109,100,60,29,44,110,123,101"/><T0/><D114/><U83/><E3/><V96/><F111/><N who="3" m="42507" /><G1/><T134/><D108/><U56/><E36/><V130/><F120/><W66/><G66/><T63/><D82/><U2/><E2/><V58/><F130/><W129/><G129/><T34/><D50/><N who="1" m="19563" /><E118/><V128/><F104/><W47/><G13/><T33/><D33/><U102/><E102/><N who="3" m="39530" /><G85/><T89/><D105/><U71/><E71/><V68/><F68/><N who="3" m="41991" /><G123/><T113/><D113/><U78/><E12/><V30/><F128/><W116/><G116/><T51/><D51/><U32/><E115/><V4/><F40/><W88/><G88/><T62/><D94/><U5/><E5/><V74/><F41/><W112/><G112/><T38/><D65/><N who="1" m="39079" /><E32/><V76/><F4/><W106/><G106/><T42/><D42/><U15/><E15/><V55/><F6/><W21/><G35/><T124/><D0/><U11/><E11/><V95/><F7/><W25/><AGARI ba="2,1" hai="21,25,29,44,47" m="41991,39530,42507" machi="25" ten="30,2000,0" yaku="14,1,52,1" doraHai="59" who="3" fromWho="3" sc="328,-12,182,-7,240,-7,240,36" /><INIT seed="1,0,0,5,0,84" ten="316,175,233,276" oya="1" hai0="90,87,110,113,5,130,104,96,9,71,53,75,120" hai1="73,19,94,127,32,38,76,56,79,21,133,31,70" hai2="98,92,134,46,86,107,10,36,121,81,45,126,4" hai3="66,83,125,52,62,16,99,33,135,117,51,37,106"/><U22/><E70/><V78/><F121/><W109/><G37/><T1/><D113/><U77/><E32/><V112/><F134/><W28/><G109/><T35/><D120/><U123/><E133/><V108/><F108/><W27/><G135/><T17/><D110/><U43/><E123/><V93/><F126/><W6/><G6/><T55/><D130/><U80/><E127/><V24/><F107/><W74/><G125/><T15/><D35/><U44/><E31/><V20/><F93/><W8/><G83/><T23/><D75/><U58/><E22/><V118/><F36/><W129/><G74/><T68/><D68/><U85/><E73/><V119/><F119/><W131/><G99/><T30/><D30/><U26/><REACH who="1" step="1"/><E94/><REACH who="1" ten="316,165,233,276" step="2"/><V67/><F118/><W49/><G117/><T34/><D34/><U116/><E116/><V95/><F92/><W60/><G131/><T115/><D71/><U41/><E41/><V97/><F95/><W48/><G129/><T25/><D115/><U103/><E103/><V40/><F40/><W122/><G122/><T50/><D104/><U59/><AGARI ba="0,1" hai="19,21,26,38,43,44,56,58,59,76,77,79,80,85" machi="59" ten="30,3000,0" yaku="1,1,0,1,53,0" doraHai="84" doraHaiUra="7" who="1" fromWho="1" sc="316,-10,165,40,233,-10,276,-10" /><INIT seed="1,1,0,5,5,46" ten="306,205,223,266" oya="1" hai0="135,61,86,52,55,91,24,40,92,8,7,120,132" hai1="121,129,133,101,68,70,87,36,57,104,64,99,58" hai2="81,31,117,79,11,123,98,39,100,28,111,60,85" hai3="41,95,3,75,124,90,6,62,83,131,97,22,88"/><U35/><E121/><V122/><F111/><W72/><G131/><T89/><D120/><U113/><E129/><V14/><F117/><W80/><G41/><T16/><D40/><U37/><E113/><V5/><F39/><W116/><G22/><N who="0" m="13383" /><D61/><U0/><E0/><V134/><F134/><N who="0" m="51242" /><D89/><U33/><E133/><V110/><F110/><W42/><G42/><T74/><D74/><U54/><E87/><V78/><F78/><W47/><G62/><T13/><AGARI ba="1,0" hai="7,8,13,52,55,86,91,92" m="51242,13383" machi="13" ten="30,4000,0" yaku="20,1,54,2" doraHai="46" who="0" fromWho="0" sc="306,43,205,-21,223,-11,266,-11" /><INIT seed="2,0,0,3,1,90" ten="349,184,212,255" oya="2" hai0="43,98,55,67,83,18,119,92,41,53,103,21,6" hai1="9,63,7,62,24,87,60,30,126,88,47,105,11" hai2="125,61,80,94,0,133,22,49,16,17,73,40,78" hai3="82,131,99,109,84,4,28,69,56,79,15,45,50"/><V81/><F133/><W58/><G69/><T95/><D119/><U66/><E105/><V86/><F0/><W23/><G109/><T76/><D67/><U38/><E126/><V129/><F125/><W2/><G131/><T1/><D95/><U116/><E116/><V37/><F37/><W26/><G2/><T124/><D124/><U122/><E122/><V51/><F129/><W12/><G99/><T77/><D6/><U101/><E101/><V104/><F104/><W33/><G33/><T115/><D1/><U106/><E106/><V135/><F135/><W54/><REACH who="3" step="1"/><G15/><REACH who="3" ten="349,184,212,245" step="2"/><N who="0" m="9439" /><D115/><U118/><E118/><V110/><F110/><W8/><AGARI ba="0,1" hai="4,8,12,23,26,28,45,50,54,56,58,79,82,84" machi="8" ten="30,4000,0" yaku="1,1,0,1,8,1,53,0" doraHai="90" doraHaiUra="64" who="3" fromWho="3" sc="349,-10,184,-10,212,-20,245,50" /><INIT seed="3,0,0,2,1,107" ten="339,174,192,295" oya="3" hai0="59,35,123,91,49,96,69,81,0,125,121,5,130" hai1="78,67,97,38,70,54,109,71,8,63,74,106,53" hai2="98,6,45,134,113,22,115,58,44,87,101,16,47" hai3="94,4,14,108,28,93,128,83,82,76,21,26,24"/><W7/><G128/><T62/><D130/><U126/><E109/><V37/><F37/><W10/><G108/><T73/><D125/><U17/><E38/><V80/><F134/><W119/><G119/><T86/><D73/><U40/><E40/><V61/><F6/><W112/><G112/><T118/><D118/><U92/><E106/><V18/><F115/><W39/><G83/><T84/><D69/><U50/><E126/><V64/><F113/><W103/><G39/><T88/><D96/><U99/><E99/><V30/><F30/><W20/><G7/><T85/><D35/><U102/><E71/><V95/><REACH who="2" step="1"/><F22/><REACH who="2" ten="339,174,182,295" step="2"/><W133/><G133/><T77/><D121/><U117/><E117/><V116/><F116/><W19/><REACH who="3" step="1"/><G103/><REACH who="3" ten="339,174,182,285" step="2"/><T111/><D111/><U29/><E102/><V43/><F43/><W57/><G57/><T36/><D36/><U114/><E114/><V25/><F25/><W131/><G131/><T1/><D5/><U100/><E100/><V11/><F11/><W66/><G66/><T72/><D123/><U124/><E8/><V15/><F15/><W129/><G129/><T31/><D1/><U27/><E67/><V110/><F110/><W127/><G127/><T55/><D0/><U34/><E124/><V132/><F132/><W56/><G56/><T41/><D41/><U51/><E70/><V120/><F120/><W79/><G79/><AGARI ba="0,2" hai="16,18,44,45,47,58,61,64,79,80,87,95,98,101" machi="79" ten="40,8000,1" yaku="1,1,8,1,54,1,53,1" doraHai="107" doraHaiUra="60" who="2" fromWho="3" sc="339,0,174,0,182,100,285,-80" /><INIT seed="4,0,0,2,1,0" ten="339,174,282,205" oya="0" hai0="117,29,73,110,53,63,123,107,36,13,78,48,45" hai1="6,106,80,116,27,113,3,47,115,120,23,21,95" hai2="52,54,66,38,64,88,10,42,17,119,112,103,11" hai3="127,114,108,76,104,135,83,101,1,77,109,82,33"/><T102/><D117/><U55/><E106/><V59/><F112/><N who="1" m="43081" /><E116/><V9/><F119/><W118/><G33/><T15/><D123/><U111/><E111/><V61/><F103/><W18/><G1/><T126/><D126/><U67/><E67/><V105/><F105/><W132/><G18/><T22/><D110/><N who="3" m="42601" /><G114/><T44/><D78/><N who="3" m="30313" /><G118/><T134/><D73/><U90/><E80/><N who="3" m="30762" /><G127/><T100/><D107/><U130/><E130/><V128/><F128/><W98/><AGARI ba="0,0" hai="98,101,104,132,135" m="30762,30313,42601" machi="98" ten="40,2700,0" yaku="34,2" doraHai="0" who="3" fromWho="3" sc="339,-13,174,-7,282,-7,205,27" /><INIT seed="5,0,0,5,5,2" ten="326,167,275,232" oya="1" hai0="30,17,78,88,98,92,35,40,100,73,133,32,117" hai1="56,10,46,106,9,94,23,103,74,19,60,67,105" hai2="53,49,64,44,15,126,97,13,31,87,108,66,83" hai3="36,20,93,41,121,16,116,89,22,3,129,39,48"/><U43/><E74/><V8/><F108/><W14/><G121/><T47/><D117/><U29/><E106/><V38/><F126/><W27/><G3/><T109/><D109/><U122/><E105/><V119/><F119/><W21/><G129/><T132/><D100/><U75/><E75/><V96/><F38/><W128/><G128/><T1/><D1/><U114/><E114/><V77/><F31/><W34/><G34/><T12/><D78/><U7/><E122/><V63/><F15/><W59/><G116/><T42/><D30/><U24/><E7/><V51/><F51/><W69/><G69/><T86/><D73/><U115/><E19/><V91/><F63/><W124/><G124/><T62/><D98/><N who="2" m="37994" /><F77/><W68/><G68/><T37/><D62/><U104/><E104/><V57/><F57/><W76/><G76/><T112/><D42/><U65/><E115/><V58/><F58/><W33/><G33/><T11/><D112/><U131/><E131/><V61/><F61/><W6/><G39/><T110/><D110/><U84/><E67/><V54/><F54/><N who="3" m="32199" /><G41/><T5/><D17/><AGARI ba="0,0" hai="8,13,17,44,49,53,64,66,83,87,91" m="37994" machi="17" ten="30,2000,0" yaku="25,1,8,1" doraHai="2" who="2" fromWho="0" sc="326,-20,167,0,275,20,232,0" /><INIT seed="6,0,0,3,1,36" ten="306,167,295,232" oya="2" hai0="134,96,99,131,79,56,50,6,116,9,65,81,2" hai1="62,66,43,64,53,91,106,129,83,130,82,16,57" hai2="18,119,113,31,41,77,33,46,28,40,17,103,47" hai3="135,54,21,4,111,80,105,11,8,60,127,49,48"/><V75/><F119/><W3/><G111/><T59/><D116/><U51/><E106/><V123/><F123/><W68/><G105/><T76/><D131/><U94/><E66/><V132/><F113/><W10/><G135/><T125/><D134/><U42/><E130/><V87/><F75/><W128/><G127/><T86/><D125/><U70/><E129/><V97/><F132/><W121/><G49/><T101/><D79/><U24/><E82/><N who="2" m="47567" /><F33/><W92/><G121/><T110/><D110/><U88/><E83/><V7/><F7/><W32/><G32/><T67/><D99/><U22/><E91/><V20/><F18/><W102/><G80/><T45/><D65/><U52/><E53/><V93/><F47/><W39/><G4/><T15/><D67/><U117/><E117/><V26/><F46/><W73/><G73/><T98/><D98/><AGARI ba="0,0" hai="16,22,24,42,43,51,52,57,62,64,70,88,94,98" machi="98" ten="30,12000,2" yaku="7,1,52,2,54,3" doraHai="36" who="1" fromWho="0" sc="306,-120,167,120,295,0,232,0" /><INIT seed="7,0,0,0,1,33" ten="186,287,295,232" oya="3" hai0="130,71,86,79,1,17,0,110,9,103,87,129,64" hai1="78,34,114,131,135,101,134,56,84,42,91,67,68" hai2="57,121,132,133,29,62,44,65,50,122,97,89,63" hai3="117,6,41,76,61,124,3,32,116,80,125,58,111"/><W51/><G32/><T100/><D110/><U54/><E34/><V35/><F63/><W38/><G111/><T52/><D79/><U30/><E78/><V21/><F35/><W126/><G51/><T115/><D115/><U108/><E30/><V39/><F39/><W73/><G58/><T74/><D74/><U5/><E101/><N who="0" m="38985" /><D64/><U93/><E108/><V112/><F112/><W107/><G61/><T53/><D71/><U18/><E67/><V23/><F97/><W88/><G107/><T49/><D17/><U47/><E114/><V14/><F89/><W98/><G41/><T27/><D27/><U95/><E68/><V36/><F36/><W127/><G38/><T15/><D15/><U72/><E18/><N who="2" m="10455" /><F23/><W20/><G20/><T83/><D49/><U37/><E72/><V13/><F13/><W113/><G113/><T46/><D46/><U104/><E104/><V128/><F29/><W2/><G127/><T19/><D19/><U59/><E91/><V12/><F12/><W55/><G55/><N who="0" m="21067" /><D9/><U69/><E54/><N who="2" m="30023" /><F128/><N who="0" m="49258" /><D83/><U82/><E131/><V60/><F60/><W75/><G75/><T66/><D66/><U25/><E69/><V28/><F28/><W77/><G77/><T120/><D120/><AGARI ba="0,0" hai="57,62,65,120,121,122,132,133" m="30023,10455" machi="120" ten="30,1000,0" yaku="13,1" doraHai="33" who="2" fromWho="0" sc="186,-10,287,0,295,10,232,0" owari="176,-32.0,287,9.0,305,40.0,232,-17.0" /></mjloggm>