<mjloggm ver="2.3"><GO type="41" lobby="0"/><UN n0="%4B%4F%50%41%4E%33%33%38" n1="%31%32%33%34%35%39%36%33" n2="%E3%81%A8%E3%81%BE%E3%81%A8%E7%AC%AC%E4%BA%8C%E5%BD%A2%E6%85%8B" n3="%E2%93%9D%53%75%70%68%78" dan="15,14,15,18" rate="1932.30,1879.95,2051.19,2154.19" sx="M,M,M,M"/><TAIKYOKU oya="0"/><INIT seed="0,0,0,1,1,16" ten="250,250,250,250" oya="0" hai0="39,14,0,73,91,11,103,122,12,99,79,100,55" hai1="116,23,59,4,7,5,95,63,115,8,69,81,18" hai2="35,42,128,65,21,86,17,57,68,70,120,72,129" hai3="28,102,80,121,62,118,112,19,89,110,84,24,106"/><T119/><D119/><U104/><E116/><V133/><F72/><W48/><G110/><T49/><D39/><U36/><E115/><V15/><F35/><W71/><G121/><T26/><D122/><U76/><E104/><V3/><F120/><W96/><G118/><T111/><D0/><U32/><E36/><V53/><F3/><W22/><G48/><T93/><D111/><U88/><E32/><V47/><F133/><W130/><G130/><N who="2" m="50281" /><F86/><W125/><G125/><T41/><D41/><U78/><E69/><V43/><F65/><W38/><G38/><T74/><D79/><U83/><E8/><V75/><F75/><W25/><G112/><T6/><D73/><U33/><E33/><V64/><F64/><W67/><REACH who="3" step="1"/><G28/><REACH who="3" ten="250,250,250,240" step="2"/><T52/><D49/><U66/><E78/><V56/><F42/><W10/><G10/><T87/><D74/><U113/><E76/><V98/><F43/><W82/><G82/><T85/><D11/><U54/><E113/><V134/><F134/><W77/><G77/><T117/><D117/><U29/><E29/><V101/><F47/><W1/><G1/><T114/><D114/><U44/><E66/><V92/><F57/><W127/><G127/><T105/><D6/><U50/><E50/><AGARI ba="0,1" hai="15,17,21,50,53,56,68,70,92,98,101" m="50281" machi="50" ten="30,2000,0" yaku="19,1,52,1" doraHai="16" who="2" fromWho="1" sc="250,0,250,-20,250,30,240,0" /><INIT seed="1,0,0,1,5,46" ten="250,230,280,240" oya="1" hai0="2,104,20,60,91,76,30,134,90,0,11,25,21" hai1="53,129,15,34,84,50,123,35,57,44,74,119,42" hai2="112,26,98,86,38,64,47,31,115,40,66,41,124" hai3="5,39,108,132,32,113,87,8,7,93,111,49,105"/><U23/><E119/><V97/><F124/><W37/><G105/><T107/><D134/><U102/><E123/><V17/><F17/><W9/><G32/><T56/><D76/><U73/><E129/><V78/><F40/><W133/><G87/><T19/><D107/><U131/><E131/><V22/><F86/><W130/><G130/><T80/><D104/><U55/><E102/><V101/><F78/><W110/><G93/><T88/><D0/><U79/><E35/><V100/><F100/><W118/><G113/><N who="2" m="43593" /><F97/><W12/><G49/><T36/><D36/><N who="3" m="13897" /><G118/><T85/><D2/><AGARI ba="0,0" hai="2,5,7,8,9,12,108,110,111,132,133" m="13897" machi="2" ten="40,1300,0" yaku="14,1" doraHai="46" who="3" fromWho="0" sc="250,-13,230,0,280,0,240,13" /><INIT seed="2,0,0,3,2,76" ten="237,230,280,253" oya="2" hai0="110,46,56,114,64,31,6,120,16,98,96,86,3" hai1="128,8,14,11,83,23,7,85,95,32,118,125,73" hai2="132,106,9,77,12,93,124,47,74,68,55,102,80" hai3="101,29,22,50,5,13,71,36,4,52,66,109,133"/><V116/><F116/><W62/><G109/><T113/><D120/><U10/><E118/><V17/><F124/><W107/><G36/><T25/><D110/><U70/><E125/><V115/><F115/><W99/><G133/><T84/><D3/><U123/><E123/><V58/><F68/><W49/><G49/><T40/><D6/><U15/><E128/><V20/><F132/><W112/><G112/><T81/><D114/><U59/><E32/><V2/><F47/><W79/><G79/><T100/><D113/><U88/><E70/><V57/><F106/><W27/><REACH who="3" step="1"/><G13/><REACH who="3" ten="237,230,280,243" step="2"/><T92/><D98/><U94/><E15/><V89/><F2/><W53/><G53/><T38/><D64/><U24/><E14/><V127/><F127/><W130/><G130/><T82/><D96/><U134/><E134/><V103/><F9/><W60/><G60/><T104/><D104/><U63/><E11/><V111/><F111/><W1/><G1/><T119/><D119/><U19/><E10/><V51/><REACH who="2" step="1"/><F58/><AGARI ba="0,1" hai="4,5,22,27,29,50,52,58,62,66,71,99,101,107" machi="58" ten="30,3900,0" yaku="1,1,7,1,54,1,53,0" doraHai="76" doraHaiUra="28" who="3" fromWho="2" sc="237,0,230,0,280,-39,243,49" /><INIT seed="3,0,0,4,4,29" ten="237,230,241,292" oya="3" hai0="15,83,36,97,19,126,43,18,87,52,98,130,102" hai1="17,38,120,80,112,11,51,107,62,134,86,58,5" hai2="12,133,60,25,31,135,76,28,57,48,50,14,95" hai3="3,89,64,32,113,65,35,104,56,20,61,132,23"/><W131/><G113/><T79/><D130/><U85/><E112/><V13/><F76/><W99/><G3/><T93/><D126/><U73/><E134/><N who="2" m="51211" /><F95/><W4/><G4/><T119/><D119/><U44/><E120/><V68/><F68/><W101/><G131/><T91/><D43/><U92/><E107/><V30/><F25/><W123/><G123/><T117/><D36/><U16/><E38/><V106/><F106/><W22/><G132/><T77/><D117/><U24/><E73/><V2/><F2/><W82/><REACH who="3" step="1"/><G65/><AGARI ba="0,0" hai="12,13,14,28,30,31,48,50,57,60,65" m="51211" machi="65" ten="40,1300,0" yaku="20,1" doraHai="29" who="2" fromWho="3" sc="237,0,230,0,241,13,292,-13" /><INIT seed="4,0,0,0,2,24" ten="237,230,254,279" oya="0" hai0="82,41,131,63,62,75,0,9,10,54,47,48,130" hai1="124,28,57,19,87,106,26,115,125,59,86,120,108" hai2="85,4,103,73,128,97,99,89,60,95,6,32,21" hai3="43,100,134,72,35,44,91,51,38,127,101,50,7"/><T92/><D92/><U66/><E120/><V55/><F32/><W29/><G72/><T122/><D122/><U40/><E108/><V78/><F73/><W49/><G134/><T37/><D0/><U116/><E116/><V22/><F128/><N who="0" m="49194" /><D75/><U2/><E106/><V58/><F78/><W74/><G127/><N who="1" m="48714" /><E2/><V94/><REACH who="2" step="1"/><F99/><REACH who="2" ten="237,230,244,279" step="2"/><W81/><G74/><T5/><D82/><U39/><E115/><V64/><F64/><W45/><G81/><T77/><D77/><U16/><E87/><V119/><F119/><W61/><G35/><T65/><D65/><U126/><E126/><V36/><F36/><W15/><G38/><T132/><D132/><U129/><E86/><V34/><F34/><W8/><G43/><T17/><D37/><U71/><E39/><V104/><F104/><W105/><G105/><T96/><D96/><U3/><E40/><V114/><F114/><W56/><G45/><T70/><D41/><U11/><E66/><V12/><F12/><W46/><G46/><T14/><D47/><U98/><E98/><V79/><F79/><W118/><G44/><T76/><D76/><U69/><E3/><V123/><F123/><W53/><G118/><T13/><D13/><U109/><E26/><V102/><F102/><W110/><G101/><T31/><D14/><U33/><E33/><V133/><F133/><W93/><G100/><T68/><D5/><AGARI ba="0,1" hai="4,5,6,21,22,55,58,60,85,89,94,95,97,103" machi="5" ten="40,2600,0" yaku="1,1,8,1,53,0" doraHai="24" doraHaiUra="30" who="2" fromWho="0" sc="237,-26,230,0,244,36,279,0" /><INIT seed="5,0,0,5,5,28" ten="211,230,280,279" oya="1" hai0="61,69,76,19,48,70,41,43,127,117,125,130,20" hai1="53,113,92,128,64,62,39,82,120,30,56,21,74" hai2="109,51,46,135,42,91,40,116,57,111,3,133,5" hai3="4,121,103,6,98,18,52,13,36,15,89,55,66"/><U88/><E120/><V129/><F5/><W65/><G36/><T0/><D76/><U35/><E113/><V102/><F3/><W124/><G124/><N who="0" m="47691" /><D0/><U71/><E128/><V93/><F102/><W132/><G132/><N who="2" m="50761" /><F116/><W32/><G32/><T27/><D117/><U11/><E39/><V101/><F101/><W110/><G110/><N who="2" m="41993" /><F57/><W68/><G103/><T14/><D130/><U1/><E35/><V75/><F75/><W59/><G59/><T63/><D48/><U77/><E30/><V80/><F80/><W94/><G121/><T134/><D134/><U16/><E11/><V38/><F129/><W9/><G68/><N who="0" m="26219" /><D27/><U81/><E1/><V119/><F119/><W7/><REACH who="3" step="1"/><G15/><REACH who="3" ten="211,230,280,269" step="2"/><T100/><D100/><U85/><E74/><V106/><F38/><W97/><G97/><T131/><D131/><U25/><REACH who="1" step="1"/><E77/><REACH who="1" ten="211,220,280,269" step="2"/><V87/><F106/><W54/><AGARI ba="0,2" hai="4,6,7,9,13,18,52,54,55,65,66,89,94,98" machi="54" ten="30,7900,0" yaku="1,1,0,1,8,1,54,1,53,0" doraHai="28" doraHaiUra="33" who="3" fromWho="3" sc="211,-20,220,-39,280,-20,269,99" /><INIT seed="6,0,0,0,5,105" ten="191,181,260,368" oya="2" hai0="29,28,1,77,42,125,88,40,3,112,130,11,74" hai1="121,96,111,72,115,98,39,62,116,118,92,126,46" hai2="94,58,49,119,99,10,32,135,33,61,31,52,21" hai3="24,4,73,7,37,134,85,133,68,71,97,90,5"/><V43/><F119/><W124/><G73/><T55/><D125/><U13/><E126/><V19/><F135/><N who="3" m="51723" /><G37/><T35/><D130/><U53/><E111/><V80/><F31/><W78/><G124/><T60/><D112/><U114/><E121/><V69/><F10/><W104/><G78/><T83/><D35/><U22/><E72/><V44/><F80/><N who="3" m="49447" /><G24/><T27/><D29/><U128/><E128/><V123/><F69/><W16/><G16/><T95/><D11/><U127/><E127/><V50/><F50/><W132/><G132/><T12/><D12/><U8/><E118/><V57/><F58/><W93/><G104/><T107/><D107/><U82/><E116/><V23/><F123/><W20/><G20/><T113/><D113/><N who="1" m="43019" /><E82/><V67/><F67/><W6/><G6/><T59/><D27/><U66/><E22/><V79/><F23/><W63/><G63/><T34/><D34/><U87/><E87/><V0/><F79/><W2/><G2/><T17/><D17/><N who="1" m="8359" /><E92/><V122/><F0/><W100/><AGARI ba="0,0" hai="4,5,7,68,71,93,97,100" m="49447,51723" machi="100" ten="30,1100,0" yaku="20,1" doraHai="105" who="3" fromWho="3" sc="191,-3,181,-3,260,-5,368,11" /><INIT seed="7,0,0,5,0,30" ten="188,178,255,379" oya="3" hai0="65,54,82,109,91,8,45,88,13,97,14,92,98" hai1="42,17,108,129,58,1,90,101,39,73,107,47,106" hai2="100,44,119,16,104,87,132,128,83,12,66,4,32" hai3="62,41,38,79,85,43,63,59,29,19,93,125,121"/><W84/><G125/><T26/><D109/><U110/><E129/><V86/><F32/><W36/><G29/><T34/><D65/><U131/><E131/><V70/><F119/><W95/><G59/><T74/><D74/><U25/><E1/><V55/><F128/><W99/><G99/><T10/><D82/><U52/><E73/><V28/><F28/><W53/><G53/><T21/><D34/><U11/><E90/><V127/><F132/><W67/><G19/><T71/><D71/><U113/><E113/><V60/><F4/><W114/><G67/><T0/><D0/><U78/><E78/><V50/><F83/><W56/><G56/><T15/><D45/><U80/><E80/><V77/><F77/><W33/><G79/><T112/><D54/><U81/><E81/><V120/><F120/><W76/><G76/><T118/><D118/><U35/><E35/><V27/><F27/><W3/><G33/><T135/><D135/><U51/><E11/><V69/><F69/><W134/><G3/><T24/><D112/><U111/><REACH who="1" step="1"/><E101/><REACH who="1" ten="188,168,255,379" step="2"/><V49/><F127/><W75/><G114/><T2/><D2/><U18/><E18/><V68/><F16/><W133/><G75/><T61/><D10/><U103/><E103/><V40/><F100/><W6/><G6/><T9/><D9/><U46/><E46/><V122/><F44/><W89/><G89/><T130/><D8/><U20/><AGARI ba="0,1" hai="17,20,25,39,42,47,51,52,58,106,107,108,110,111" machi="20" ten="40,5200,0" yaku="1,1,0,1,54,1,53,0" doraHai="30" doraHaiUra="72" who="1" fromWho="1" sc="188,-13,168,62,255,-13,379,-26" owari="175,-32.0,230,-17.0,242,4.0,353,45.0" /></mjloggm>