<mjloggm ver="2.3"><GO type="41" lobby="0"/><UN n0="%E3%81%81%EF%BD%9E%E3%81%8F%E3%82%93" n1="%E2%93%9D%53%75%70%68%78" n2="%73%74%61%72%6B" n3="%70%69%6B%61%6E%79%61%6E" dan="15,18,14,15" rate="1909.36,2098.39,2010.90,1979.40" sx="M,M,M,F"/><TAIKYOKU oya="0"/><INIT seed="0,0,0,5,1,70" ten="250,250,250,250" oya="0" hai0="64,104,135,57,79,33,47,72,110,8,69,77,25" hai1="87,18,1,53,41,61,43,10,117,99,39,120,29" hai2="90,78,28,103,128,44,75,37,13,82,84,60,48" hai3="105,32,122,83,49,58,5,131,102,133,127,23,35"/><T74/><D104/><U15/><E117/><V130/><F103/><W88/><G131/><T95/><D95/><U40/><E120/><V46/><F28/><W121/><G5/><T26/><D69/><U11/><E29/><V55/><F60/><W114/><G114/><T134/><D8/><U0/><E99/><V65/><F65/><W125/><G133/><N who="0" m="50699" /><D47/><U126/><E126/><N who="3" m="48138" /><G23/><T98/><D98/><U100/><E11/><V66/><F66/><W91/><G102/><T89/><D89/><N who="3" m="34377" /><G83/><T129/><D129/><N who="2" m="49770" /><F13/><W67/><G105/><T14/><D14/><U113/><E15/><V81/><F46/><W51/><G67/><T16/><D26/><U123/><E100/><V7/><F7/><W30/><G30/><N who="0" m="19663" /><D64/><U132/><E132/><V92/><F82/><W45/><G58/><T86/><D57/><U3/><E3/><V42/><F55/><N who="3" m="30127" /><G51/><AGARI ba="0,0" hai="37,42,44,48,51,75,78,81,84,90,92" m="49770" machi="51" ten="30,2000,0" yaku="19,1,52,1" doraHai="70" who="2" fromWho="3" sc="250,0,250,0,250,20,250,-20" /><INIT seed="1,0,0,1,5,35" ten="250,250,270,230" oya="1" hai0="2,16,65,99,26,11,96,57,110,59,101,0,86" hai1="76,44,30,13,10,69,89,21,38,84,120,42,37" hai2="115,124,36,82,39,22,34,119,45,95,60,98,8" hai3="20,61,27,3,87,91,118,77,17,105,18,83,66"/><U55/><E120/><V126/><F34/><W129/><G105/><T107/><D110/><U40/><E69/><V79/><F119/><W24/><G129/><T28/><D86/><U116/><E116/><V117/><F117/><W63/><G118/><T71/><D99/><U33/><E33/><V88/><F115/><W41/><G3/><T74/><D74/><U127/><E127/><V108/><F108/><W67/><G41/><T94/><D57/><U6/><E76/><V134/><F134/><W130/><G77/><T102/><D102/><U75/><E75/><V46/><F60/><N who="3" m="23115" /><G130/><T29/><D71/><U121/><E121/><V25/><F8/><W5/><G5/><T62/><D107/><U93/><E55/><V123/><F123/><W52/><G52/><T106/><D106/><U100/><E100/><V111/><F111/><W32/><G32/><T58/><D58/><U132/><E132/><V50/><F46/><W1/><G1/><T53/><D28/><U73/><E73/><V125/><F82/><W9/><G9/><T68/><D53/><U70/><E70/><V51/><F79/><W4/><G4/><T12/><D68/><U43/><REACH who="1" step="1"/><E44/><REACH who="1" ten="250,240,270,230" step="2"/><V128/><F128/><W23/><AGARI ba="0,1" hai="17,18,20,23,24,27,66,67,83,87,91" m="23115" machi="23" ten="30,1100,0" yaku="8,1" doraHai="35" who="3" fromWho="3" sc="250,-3,240,-5,270,-3,230,21" /><INIT seed="2,0,0,3,2,24" ten="247,235,267,251" oya="2" hai0="92,103,37,5,35,16,25,1,117,105,124,121,7" hai1="71,46,52,22,41,93,18,70,39,119,130,123,74" hai2="131,6,94,33,34,58,45,31,95,15,53,116,77" hai3="21,60,110,3,118,129,57,64,132,2,69,85,8"/><V128/><F116/><W90/><G118/><T101/><D117/><U19/><E119/><RYUUKYOKU type="kaze4" ba="0,0" sc="247,0,235,0,267,0,251,0" /><INIT seed="2,1,0,1,4,89" ten="247,235,267,251" oya="2" hai0="42,3,107,50,120,129,28,25,96,45,22,103,12" hai1="61,104,20,128,66,40,114,85,84,30,34,33,16" hai2="134,99,78,19,11,44,131,37,106,91,127,8,35" hai3="9,31,75,86,77,21,49,81,62,63,90,18,115"/><V82/><F35/><W36/><G36/><T13/><D120/><U98/><E114/><V116/><F116/><W64/><G115/><T51/><D129/><U122/><E40/><V108/><F131/><W88/><G31/><T74/><D3/><U68/><E128/><V6/><F108/><W29/><G29/><T113/><D113/><U67/><E67/><V72/><F134/><W117/><G117/><T14/><D74/><U65/><E65/><V59/><F127/><W32/><G32/><T92/><D107/><U15/><E34/><V123/><F123/><W2/><G90/><T52/><REACH who="0" step="1"/><D13/><REACH who="0" ten="237,235,267,251" step="2"/><U79/><E122/><V54/><F106/><W80/><G2/><T93/><D93/><U132/><E132/><V60/><F72/><W41/><G64/><T58/><AGARI ba="1,1" hai="12,14,22,25,28,42,45,50,51,52,58,92,96,103" machi="58" ten="20,12000,2" yaku="1,1,0,1,7,1,8,1,52,1,54,1,53,0" doraHai="89" doraHaiUra="70" who="0" fromWho="0" sc="237,133,235,-31,267,-61,251,-31" /><INIT seed="3,0,0,3,3,92" ten="370,204,206,220" oya="3" hai0="44,2,5,128,101,35,7,93,125,59,32,31,100" hai1="96,113,70,42,126,117,62,25,41,120,127,50,72" hai2="85,0,77,69,115,21,124,88,51,132,65,119,108" hai3="10,118,79,63,114,3,94,34,12,52,9,48,13"/><W15/><G114/><T14/><D2/><U43/><E72/><V46/><F119/><W103/><G34/><T47/><D128/><U80/><E80/><V33/><F115/><W22/><G118/><T61/><D125/><N who="1" m="47627" /><E96/><V87/><F124/><W74/><G3/><T91/><D32/><U104/><E104/><V71/><F33/><W131/><G131/><T28/><D35/><U78/><E78/><V55/><F0/><W26/><G63/><T68/><D68/><U24/><E120/><V1/><F1/><W64/><G64/><T116/><D116/><U81/><E81/><V97/><F132/><W107/><G107/><T89/><D89/><U112/><E117/><V102/><F108/><W76/><G74/><T109/><D109/><U36/><E36/><V18/><F77/><N who="3" m="29771" /><G94/><T95/><D93/><U20/><E50/><V39/><F39/><W30/><G103/><N who="0" m="39499" /><D91/><U6/><E6/><N who="0" m="2057" /><D95/><U56/><E70/><V60/><F71/><W90/><G90/><T135/><D14/><N who="3" m="3585" /><W8/><DORA hai="133" /><G8/><T129/><D129/><U37/><E37/><V54/><F54/><W82/><G82/><T73/><D73/><U4/><E4/><V27/><REACH who="2" step="1"/><F88/><REACH who="2" ten="370,204,196,220" step="2"/><W17/><G30/><N who="0" m="11307" /><D135/><U75/><E75/><V45/><F45/><AGARI ba="0,1" hai="9,10,17,22,26,45,48,52" m="3585,29771" machi="45" ten="30,2900,0" yaku="8,1,54,1" doraHai="92,133" who="3" fromWho="2" sc="370,0,204,0,196,-29,220,39" /><INIT seed="3,1,0,3,2,26" ten="370,204,167,259" oya="3" hai0="74,65,106,17,4,67,92,127,32,1,107,86,102" hai1="83,55,34,100,82,58,52,63,31,123,22,12,19" hai2="14,112,113,72,18,66,99,50,114,104,20,135,73" hai3="90,0,11,128,80,3,133,96,42,118,117,70,28"/><W47/><G70/><T6/><D74/><U125/><E123/><V109/><F109/><W29/><G128/><T111/><D111/><U89/><E125/><V40/><F135/><W115/><G115/><T13/><D32/><U9/><E34/><V41/><F66/><W39/><G133/><T116/><D116/><U8/><E100/><V45/><F104/><W84/><G117/><T78/><D1/><U48/><E89/><V134/><F134/><W119/><G119/><T51/><D127/><U61/><E61/><V105/><F105/><W69/><G69/><T94/><D51/><U87/><E31/><V121/><F121/><W44/><G118/><T21/><D106/><U77/><REACH who="1" step="1"/><E83/><REACH who="1" ten="370,194,167,259" step="2"/><V10/><F99/><W110/><G96/><T7/><D102/><U103/><E103/><V97/><F97/><W81/><G110/><T37/><D107/><U62/><E62/><V101/><F101/><W49/><G90/><T38/><D67/><U60/><E60/><V59/><F73/><W120/><G120/><T85/><D65/><U54/><E54/><V64/><F72/><W95/><G95/><T5/><D92/><U36/><E36/><V76/><F64/><W129/><G39/><T126/><D37/><U2/><E2/><V16/><F59/><AGARI ba="1,1" hai="8,9,12,19,22,48,52,55,58,59,63,77,82,87" machi="59" ten="30,7700,0" yaku="1,1,7,1,8,1,54,1,53,0" doraHai="26" doraHaiUra="71" who="1" fromWho="2" sc="370,0,194,90,167,-80,259,0" /><INIT seed="4,0,0,3,5,112" ten="370,284,87,259" oya="0" hai0="90,38,86,67,81,113,45,131,34,109,27,71,96" hai1="6,17,107,100,135,21,18,68,122,69,44,19,99" hai2="80,121,52,72,3,78,64,125,97,2,95,60,88" hai3="48,93,0,13,16,65,132,41,117,123,37,8,43"/><T12/><D113/><U101/><E122/><V11/><F121/><W91/><G123/><T87/><D131/><U104/><E6/><V74/><F125/><W128/><G128/><T25/><D109/><U50/><E135/><V54/><F74/><W127/><G127/><T119/><D119/><U22/><E50/><V111/><F111/><W105/><G105/><T5/><D34/><U120/><E44/><V66/><F66/><W58/><G37/><T103/><D87/><U116/><E120/><V26/><F26/><W63/><G132/><T14/><D67/><U7/><E7/><V4/><REACH who="2" step="1"/><F2/><REACH who="2" ten="370,284,77,259" step="2"/><W85/><G0/><T106/><D25/><U56/><E69/><AGARI ba="0,1" hai="3,4,11,52,54,60,64,69,72,78,80,88,95,97" machi="69" ten="30,8000,1" yaku="1,1,2,1,7,1,54,2,53,0" doraHai="112" doraHaiUra="102" who="2" fromWho="1" sc="370,0,284,-80,77,90,259,0" /><INIT seed="5,0,0,2,4,82" ten="370,204,167,259" oya="1" hai0="92,64,55,80,29,112,47,85,66,79,103,62,33" hai1="58,134,107,51,116,109,7,91,67,76,113,40,21" hai2="127,121,15,48,59,42,111,87,117,32,9,35,105" hai3="43,30,45,63,2,119,54,22,27,56,122,0,4"/><U57/><E107/><V8/><F117/><W12/><G122/><T53/><D112/><U74/><E74/><V123/><F121/><W129/><G129/><T14/><D64/><U90/><E116/><V114/><F123/><W6/><G119/><T128/><D128/><U61/><E134/><V118/><F105/><W52/><G54/><T39/><D33/><U78/><E7/><V46/><F118/><W11/><REACH who="3" step="1"/><G6/><REACH who="3" ten="370,204,167,249" step="2"/><T104/><D53/><N who="1" m="31935" /><E113/><V41/><F114/><W65/><G65/><T69/><D55/><U99/><E109/><V125/><F42/><W20/><G20/><T49/><D47/><U10/><E40/><V130/><F111/><W34/><G34/><T131/><D131/><U36/><E21/><V89/><F130/><W50/><AGARI ba="0,1" hai="0,2,4,11,12,22,27,30,43,45,50,52,56,63" machi="50" ten="20,5200,0" yaku="1,1,0,1,7,1,54,1,53,0" doraHai="82" doraHaiUra="126" who="3" fromWho="3" sc="370,-13,204,-26,167,-13,249,62" /><INIT seed="6,0,0,1,3,5" ten="357,178,154,311" oya="2" hai0="2,123,6,105,68,1,117,85,88,37,133,29,54" hai1="32,103,70,118,19,102,111,97,80,16,25,69,74" hai2="129,126,50,38,61,106,14,135,100,41,93,92,62" hai3="34,53,86,42,55,8,82,83,90,79,116,125,21"/><V7/><F38/><W130/><G34/><T101/><D123/><U66/><E111/><V84/><F106/><W59/><G116/><T127/><D117/><U51/><E118/><V120/><F120/><W22/><G130/><T30/><D68/><U91/><E51/><V46/><F129/><W122/><G125/><T67/><D127/><U96/><E91/><V104/><F126/><W57/><G42/><T40/><D67/><U20/><E32/><V18/><F7/><W35/><G35/><T10/><D133/><U87/><E74/><V76/><F135/><W23/><G122/><T134/><D1/><U9/><E66/><V124/><F104/><W24/><G24/><T71/><D71/><U49/><E49/><V81/><F124/><W114/><G114/><T44/><D54/><U65/><E65/><V64/><F100/><N who="1" m="38441" /><E70/><V48/><F48/><W108/><G108/><T43/><D43/><U11/><E19/><V131/><F131/><W26/><G26/><T128/><D128/><U4/><E4/><V3/><F3/><W94/><G55/><T52/><D52/><U36/><E69/><V109/><F109/><W121/><G121/><T39/><D39/><U132/><E36/><V77/><F77/><W98/><G83/><T112/><D112/><U119/><E132/><V89/><F64/><W15/><G53/><T47/><D47/><U95/><E119/><V75/><REACH who="2" step="1"/><F92/><REACH who="2" ten="357,178,144,311" step="2"/><W60/><G60/><T0/><D2/><U45/><E95/><V33/><F33/><W56/><G56/><T27/><D134/><U113/><E113/><V107/><F107/><RYUUKYOKU ba="0,1" sc="357,-15,178,-15,144,15,311,15" hai2="14,18,41,46,50,61,62,75,76,81,84,89,93" hai3="8,15,21,22,23,57,59,79,82,86,90,94,98" /><INIT seed="6,1,1,0,3,14" ten="342,163,159,326" oya="2" hai0="116,118,115,27,122,58,8,9,101,88,48,7,61" hai1="79,91,94,75,124,28,98,24,31,37,11,120,25" hai2="63,82,19,84,131,77,23,26,109,129,103,110,135" hai3="93,73,38,121,3,47,96,32,0,66,65,132,36"/><V85/><F135/><W83/><G32/><T6/><D115/><U44/><E124/><V95/><F63/><W4/><G132/><T70/><D122/><U62/><E120/><V56/><F56/><W16/><G121/><T113/><D113/><U102/><E75/><V72/><F103/><W52/><G36/><T111/><D111/><N who="2" m="42506" /><F95/><W67/><G4/><N who="0" m="1579" /><D101/><U130/><E130/><AGARI ba="1,1" hai="19,23,26,72,77,82,84,85,129,130,131" m="42506" machi="130" ten="30,5800,0" yaku="19,1,10,1,52,1" doraHai="14" who="2" fromWho="1" sc="342,0,163,-61,159,71,326,0" /><INIT seed="6,2,0,1,2,46" ten="342,102,230,326" oya="2" hai0="31,91,1,123,11,68,66,102,80,34,72,132,98" hai1="3,75,88,2,108,45,29,44,22,60,43,39,127" hai2="9,61,14,112,96,8,70,65,13,19,54,12,134" hai3="111,33,107,94,109,117,97,51,59,83,93,81,103"/><V87/><F112/><W40/><G33/><T73/><D91/><U78/><E127/><V48/><F134/><W55/><G117/><T110/><D80/><U89/><E108/><V41/><F41/><W122/><G122/><T58/><D58/><U49/><E60/><V53/><F54/><W64/><G109/><T120/><D132/><U101/><E101/><V115/><F115/><W95/><G111/><T74/><D110/><U113/><E113/><V114/><F114/><W32/><G32/><T50/><D50/><U85/><E75/><V129/><F129/><W37/><REACH who="3" step="1"/><G64/><REACH who="3" ten="342,102,230,316" step="2"/><T119/><D119/><U84/><E78/><V23/><F96/><W86/><G86/><T63/><D34/><U90/><E85/><V124/><F124/><W67/><G67/><T71/><D68/><U20/><E84/><V10/><REACH who="2" step="1"/><F87/><REACH who="2" ten="342,102,220,316" step="2"/><W100/><G100/><T56/><D98/><U17/><E90/><V35/><F35/><W7/><G7/><N who="0" m="1519" /><D102/><U77/><E89/><V126/><F126/><W52/><G52/><T36/><D66/><U30/><E88/><V125/><F125/><W18/><G18/><T69/><D72/><U4/><E17/><V121/><F121/><W16/><G16/><T131/><D73/><U104/><E4/><V21/><F21/><W92/><N who="3" m="23552" /><DORA hai="105" /><W6/><G6/><T99/><D74/><U128/><E22/><V28/><F28/><W133/><G133/><T118/><D120/><U79/><E20/><V24/><F24/><W47/><AGARI ba="2,2" hai="37,40,47,51,55,59,81,83,97,103,107" m="23552" machi="47" ten="40,5200,0" yaku="1,1,0,1,52,1,53,0" doraHai="46,105" doraHaiUra="106,57" who="3" fromWho="3" sc="342,-15,102,-15,220,-28,316,78" /><INIT seed="7,0,0,0,2,135" ten="327,87,192,394" oya="3" hai0="103,112,38,105,116,22,41,87,31,119,56,113,29" hai1="18,72,62,77,128,19,99,39,71,47,64,84,2" hai2="59,49,60,106,75,94,120,110,36,81,109,20,95" hai3="108,43,107,121,78,114,45,10,126,102,79,92,122"/><W86/><G114/><N who="0" m="44139" /><D56/><U50/><E128/><V12/><F36/><W0/><G126/><T9/><D41/><U35/><E2/><V21/><F120/><W32/><G32/><T82/><D38/><U52/><E72/><V63/><F106/><W37/><G108/><T14/><D103/><U131/><E131/><V8/><F49/><W11/><G107/><T97/><D97/><U46/><E35/><V129/><F129/><W100/><G100/><T74/><D87/><U51/><E99/><V76/><F63/><W68/><G68/><T132/><D105/><U73/><E73/><V65/><F110/><W23/><G102/><T66/><D66/><U101/><E101/><V26/><F109/><W48/><G37/><T61/><D61/><U33/><E33/><V96/><F96/><W54/><G43/><T13/><D82/><U117/><E117/><N who="0" m="45129" /><D74/><U91/><E77/><V57/><F59/><W90/><G79/><T111/><D111/><U70/><E39/><V125/><F21/><W83/><G83/><T118/><N who="0" m="45137" /><T115/><DORA hai="53" /><D132/><U104/><E71/><V44/><F44/><W67/><G67/><T130/><D130/><U69/><E69/><V58/><F58/><W80/><G80/><T98/><D98/><U89/><E104/><V17/><REACH who="2" step="1"/><F125/><REACH who="2" ten="327,87,182,394" step="2"/><W34/><G45/><T6/><D115/><U124/><E124/><V40/><F40/><W1/><G48/><T30/><D14/><U42/><REACH who="1" step="1"/><E91/><REACH who="1" ten="327,77,182,394" step="2"/><V5/><AGARI ba="0,2" hai="5,8,12,17,20,26,57,60,65,75,76,81,94,95" machi="5" ten="20,5200,0" yaku="1,1,0,1,7,1,52,1,53,0" doraHai="135,53" doraHaiUra="28,134" who="2" fromWho="2" sc="327,-13,77,-13,182,72,394,-26" owari="314,11.0,64,-44.0,254,-15.0,368,48.0" /></mjloggm>