<mjloggm ver="2.3"><GO type="41" lobby="0"/><UN n0="%E5%BD%A9%E7%BE%BD%5F%E8%91%B5" n1="%E9%87%9C" n2="%41%6C%75%6D%69%4E%61" n3="%E2%93%9D%53%75%70%68%78" dan="13,14,14,17" rate="2007.48,1848.38,1899.45,2029.81" sx="F,M,M,M"/><TAIKYOKU oya="0"/><INIT seed="0,0,0,0,3,20" ten="250,250,250,250" oya="0" hai0="103,39,50,75,84,60,124,25,108,76,99,53,71" hai1="91,114,101,55,27,4,48,80,19,64,86,68,58" hai2="43,119,38,62,69,98,37,93,34,87,0,85,23" hai3="63,41,42,90,126,54,67,24,32,100,79,8,44"/><T115/><D39/><U57/><E114/><V134/><F34/><W74/><G100/><T28/><D115/><U111/><E111/><V17/><F0/><W3/><G126/><T22/><D75/><U131/><E131/><V70/><F134/><W92/><G79/><T51/><D124/><U116/><E116/><V97/><F119/><W36/><G74/><T106/><D108/><U105/><E68/><V83/><F98/><W129/><G54/><T96/><D99/><U120/><E120/><V16/><F87/><W118/><G42/><T135/><D135/><U73/><E73/><V29/><F29/><W130/><G8/><T5/><D5/><U26/><E4/><V82/><F17/><W13/><G13/><T49/><D84/><U102/><E105/><V14/><F82/><W2/><G90/><T112/><D76/><U117/><E117/><V113/><F70/><N who="3" m="42367" /><G92/><T66/><REACH who="0" step="1"/><D112/><REACH who="0" ten="240,250,250,250" step="2"/><U121/><E121/><V7/><F7/><W18/><G118/><T104/><D104/><U56/><E102/><V47/><F113/><W133/><G133/><T12/><D12/><U122/><E101/><N who="2" m="60591" /><F38/><W109/><G109/><T46/><AGARI ba="0,1" hai="22,25,28,46,49,50,51,53,60,66,71,96,103,106" machi="46" ten="20,7800,0" yaku="1,1,0,1,7,1,52,1,53,0" doraHai="20" doraHaiUra="127" who="0" fromWho="0" sc="240,88,250,-26,250,-26,250,-26" /><INIT seed="0,1,0,4,5,15" ten="328,224,224,224" oya="0" hai0="78,105,73,103,9,13,59,80,60,41,26,81,8" hai1="99,127,132,56,29,21,32,47,101,62,128,68,112" hai2="58,49,23,34,11,69,12,76,107,30,102,7,133" hai3="122,131,114,96,74,42,39,93,48,121,40,111,100"/><T108/><D41/><U89/><E127/><V129/><F69/><W70/><G114/><T17/><D108/><U54/><E132/><V50/><F133/><W31/><G74/><T94/><D105/><U14/><E128/><V83/><F129/><W16/><G31/><T117/><D117/><U27/><E112/><V130/><F130/><W65/><G39/><T110/><D110/><U61/><E89/><V57/><F107/><W67/><G111/><T125/><D125/><U1/><E1/><V124/><F102/><W91/><G131/><T109/><D109/><U115/><E115/><V45/><F49/><W123/><G100/><T10/><D81/><U25/><E14/><V43/><F34/><W20/><G70/><T19/><D94/><U5/><E5/><V72/><F124/><W6/><G6/><T55/><REACH who="0" step="1"/><D103/><REACH who="0" ten="318,224,224,224" step="2"/><U86/><E101/><V119/><F119/><W28/><G42/><T35/><D35/><U104/><E104/><V79/><F79/><W38/><G38/><T116/><D116/><U126/><E126/><V4/><F83/><W92/><G92/><T3/><D3/><U87/><E32/><V97/><F76/><W53/><G40/><T36/><D36/><U88/><E99/><V0/><F97/><W95/><G95/><T75/><D75/><U118/><E118/><V134/><F72/><W63/><G96/><T82/><D82/><U64/><E29/><V120/><F134/><W135/><G28/><T37/><D37/><U90/><E86/><V18/><F30/><W106/><G135/><T33/><D33/><U84/><E87/><RYUUKYOKU ba="1,1" sc="318,30,224,-10,224,-10,224,-10" hai0="8,9,10,13,17,19,26,55,59,60,73,78,80" /><INIT seed="0,2,1,5,4,52" ten="348,214,214,214" oya="0" hai0="17,22,103,93,33,131,119,41,3,113,115,102,127" hai1="123,91,27,40,100,7,49,82,120,67,76,107,18" hai2="117,88,101,134,95,35,135,16,14,65,5,99,62" hai3="124,126,98,63,104,23,25,75,8,2,106,90,132"/><T26/><D119/><U66/><E7/><V47/><F35/><W36/><G75/><T37/><D3/><U19/><E91/><V50/><F5/><W108/><G36/><T46/><D33/><U42/><E49/><V4/><F4/><W69/><G108/><T81/><D131/><U15/><E15/><V110/><F110/><W112/><G132/><N who="2" m="50729" /><F117/><W89/><G112/><T118/><D127/><N who="3" m="48681" /><G8/><T32/><D32/><U85/><E85/><V116/><F116/><W92/><G90/><T59/><D81/><U87/><E87/><V122/><F122/><W44/><G44/><T129/><D129/><U53/><E53/><N who="2" m="29919" /><F62/><W114/><G114/><T12/><D118/><U121/><E121/><V133/><N who="2" m="50737" /><V39/><DORA hai="130" /><F65/><N who="3" m="41151" /><G2/><T70/><D115/><U68/><E123/><V1/><F39/><W43/><G43/><T55/><D113/><U128/><E120/><V71/><F71/><W84/><G84/><T48/><D70/><U73/><E68/><V105/><F1/><W94/><G94/><T20/><D93/><U83/><E42/><V58/><F105/><W80/><G80/><T10/><D37/><U13/><E40/><V54/><F101/><W72/><G72/><T6/><D103/><U57/><E100/><V34/><F34/><W24/><G106/><T64/><D102/><U45/><E107/><V38/><F38/><W9/><G104/><T11/><D41/><U21/><E128/><V29/><F29/><N who="3" m="17567" /><G9/><T30/><D6/><U56/><E83/><V97/><F97/><W74/><G74/><T77/><D11/><U51/><E82/><RYUUKYOKU ba="2,1" sc="348,-10,214,-10,214,-10,214,30" hai3="25,89,92,98" /><INIT seed="1,3,1,5,3,57" ten="338,204,204,244" oya="1" hai0="33,12,110,93,70,66,65,89,135,96,80,46,97" hai1="92,2,99,107,41,13,3,130,126,109,50,28,47" hai2="8,124,81,53,86,30,118,29,4,59,61,67,98" hai3="63,128,113,52,88,18,74,6,95,0,40,14,49"/><U31/><E130/><V79/><F124/><W85/><G74/><T39/><D33/><U15/><E107/><V11/><F118/><W1/><G113/><T106/><D110/><U60/><E126/><V103/><F11/><W84/><G128/><T108/><D135/><U100/><E109/><V111/><F111/><W48/><G6/><T77/><D108/><U123/><E123/><V121/><F121/><W78/><G1/><T43/><D12/><U122/><E122/><V32/><F32/><W134/><G0/><T133/><D133/><U56/><E2/><V7/><F7/><W10/><G40/><T83/><D83/><U125/><E3/><V76/><F76/><W91/><G78/><T22/><D22/><U132/><E132/><V21/><F21/><W36/><G36/><T34/><D34/><U26/><E125/><V62/><F8/><W20/><G20/><T44/><D44/><U68/><E68/><V117/><F4/><W75/><G75/><T55/><D55/><N who="1" m="33823" /><E26/><V131/><F131/><W127/><G127/><T73/><D70/><U87/><E87/><V27/><F27/><W102/><G134/><T16/><D106/><U23/><E23/><V54/><F54/><W116/><G116/><T35/><D35/><U17/><E17/><V94/><F117/><W64/><G52/><T19/><D97/><U25/><E25/><V105/><F105/><W101/><G85/><T42/><D42/><U24/><E24/><V58/><AGARI ba="3,1" hai="29,30,53,58,59,61,62,67,79,81,86,94,98,103" machi="58" ten="20,8000,1" yaku="0,1,7,1,8,1,52,2" doraHai="57" who="2" fromWho="2" sc="338,-23,204,-43,204,99,244,-23" /><INIT seed="2,0,0,2,4,8" ten="315,161,303,221" oya="2" hai0="74,72,91,68,109,90,122,41,9,121,115,5,84" hai1="20,12,37,126,69,130,131,87,106,40,47,71,129" hai2="34,93,1,58,44,112,124,14,81,62,22,75,123" hai3="128,16,111,46,107,17,78,77,61,114,104,135,52"/><V120/><F34/><W7/><G111/><T21/><D115/><U42/><E106/><V43/><F1/><W51/><G114/><T108/><D68/><U85/><E126/><V133/><F112/><W95/><G107/><T64/><D64/><U103/><E103/><V79/><F124/><W32/><G104/><T35/><D41/><U11/><E40/><V29/><F133/><W4/><G128/><T88/><D35/><U59/><E59/><V113/><F29/><W96/><G32/><T45/><D45/><U119/><E119/><V57/><F93/><W132/><G61/><T23/><D84/><U13/><E85/><V105/><F58/><W38/><G38/><T53/><D53/><U50/><E37/><V48/><F105/><W30/><G30/><T39/><D5/><N who="3" m="2121" /><G135/><T110/><D9/><U56/><E56/><V66/><F113/><W102/><G132/><T36/><D36/><U127/><E127/><V49/><REACH who="2" step="1"/><F48/><REACH who="2" ten="315,161,293,221" step="2"/><W55/><G55/><T18/><D39/><U2/><E2/><V82/><F82/><W70/><G70/><T89/><N who="0" m="22528" /><DORA hai="83" /><T27/><REACH who="0" step="1"/><D23/><REACH who="0" ten="305,161,293,221" step="2"/><U26/><E131/><V80/><F80/><W65/><G65/><T98/><D98/><U116/><E130/><V3/><F3/><W31/><G96/><T125/><D125/><U76/><E129/><V19/><AGARI ba="0,2" hai="14,19,22,43,44,49,57,62,66,75,79,81,120,123" machi="19" ten="30,6000,0" yaku="1,1,0,1,52,1,53,0" doraHai="8,83" doraHaiUra="101,33" who="2" fromWho="2" sc="305,-20,161,-20,293,80,221,-20" /><INIT seed="2,1,0,5,4,39" ten="285,141,373,201" oya="2" hai0="4,5,91,106,120,21,121,1,54,92,44,36,43" hai1="11,83,56,25,75,97,84,93,67,98,85,18,47" hai2="31,38,124,42,52,119,17,79,101,129,50,64,82" hai3="73,134,33,80,28,68,57,35,77,111,60,41,72"/><V113/><F113/><W61/><G111/><T130/><D106/><U16/><E75/><V40/><F119/><W133/><G57/><T12/><D130/><U89/><E97/><V100/><F38/><W3/><G3/><T115/><D1/><U27/><E47/><V46/><F124/><W122/><G28/><T53/><D115/><U102/><E85/><N who="2" m="48351" /><F129/><W90/><G90/><T103/><D103/><N who="2" m="39498" /><F64/><W76/><G80/><T126/><D126/><U78/><E18/><V55/><F31/><W63/><G63/><T15/><D21/><U125/><E125/><V26/><F55/><W0/><G0/><T48/><D53/><U6/><E78/><V96/><F96/><W112/><G112/><T74/><D74/><U9/><E9/><V108/><F108/><W23/><G23/><AGARI ba="1,0" hai="17,23,26,40,42,46,50,52" m="39498,48351" machi="23" ten="30,11600,0" yaku="8,1,52,2,54,1" doraHai="39" who="2" fromWho="3" sc="285,0,141,0,373,119,201,-119" /><INIT seed="2,2,0,4,3,87" ten="285,141,492,82" oya="2" hai0="50,12,44,33,30,97,105,119,78,56,113,47,45" hai1="102,95,72,4,57,58,40,7,69,85,60,124,3" hai2="75,48,101,126,53,32,29,93,116,2,11,100,42" hai3="76,96,107,51,46,21,13,70,135,90,103,133,131"/><V120/><F120/><W28/><G76/><T63/><D113/><U49/><E72/><V27/><F75/><W111/><G70/><T82/><D119/><U115/><E115/><V129/><F116/><W35/><G35/><T127/><D127/><U14/><E69/><V125/><F42/><W117/><G131/><T77/><D77/><U34/><E34/><V79/><F129/><W38/><G38/><T8/><D30/><U39/><E39/><V74/><F2/><W6/><G111/><T41/><D33/><U59/><E59/><V22/><F11/><W84/><G117/><T37/><D97/><U67/><E124/><N who="2" m="47723" /><F32/><W99/><G99/><T88/><D105/><U1/><E14/><V31/><F31/><W64/><G28/><T108/><D78/><U81/><E7/><V25/><F25/><W73/><G73/><T18/><D108/><U71/><E71/><V65/><F65/><W66/><G66/><N who="0" m="39271" /><D37/><U121/><E121/><V89/><F79/><W15/><G64/><T104/><D104/><U130/><E130/><V114/><F74/><W92/><G6/><T16/><D18/><U80/><E3/><V19/><F29/><W10/><G21/><T55/><D41/><U98/><E40/><V91/><F93/><W118/><G118/><T54/><D54/><U132/><E1/><V62/><F62/><W123/><G123/><T61/><D61/><U94/><E94/><V110/><F114/><W0/><G0/><T26/><D26/><U122/><E122/><V106/><F106/><W86/><G107/><T134/><D134/><U52/><E132/><RYUUKYOKU ba="2,0" sc="285,30,141,-10,492,-10,82,-10" hai0="8,12,16,44,45,47,50,55,82,88" /><INIT seed="3,3,0,4,3,118" ten="315,131,482,72" oya="3" hai0="102,101,53,3,93,127,48,88,132,83,39,49,126" hai1="33,128,7,69,41,113,73,6,1,75,56,13,55" hai2="54,46,70,71,121,134,4,18,87,85,12,68,119" hai3="63,50,77,89,112,115,117,43,37,19,105,78,133"/><W22/><G117/><T16/><D39/><U2/><E113/><V109/><F119/><W125/><G105/><T124/><D3/><U47/><E69/><V120/><F134/><W40/><G37/><T28/><D28/><U25/><E128/><V60/><F109/><W91/><G63/><T84/><D132/><U122/><E122/><N who="2" m="47211" /><F4/><W94/><G133/><T116/><D116/><U72/><E13/><V42/><F60/><W44/><G125/><T62/><D62/><U110/><E110/><V26/><F54/><W97/><G115/><T81/><D49/><U135/><E135/><V123/><N who="2" m="47219" /><V21/><DORA hai="57" /><F26/><W67/><G67/><T66/><D66/><U45/><E25/><V38/><AGARI ba="3,0" hai="12,18,21,38,42,46,68,70,71,85,87" m="47219" machi="38" ten="50,8000,1" yaku="13,1,52,4" doraHai="118,57" who="2" fromWho="2" sc="315,-23,131,-23,482,89,72,-43" /><INIT seed="4,0,0,1,5,23" ten="292,108,571,29" oya="0" hai0="101,28,88,78,58,119,46,93,60,24,18,84,87" hai1="124,48,45,135,130,8,6,81,73,109,126,47,94" hai2="0,40,1,100,29,134,82,68,121,5,90,64,65" hai3="86,83,22,108,120,117,16,10,129,36,113,54,7"/><T25/><D119/><U122/><E122/><V53/><F121/><W50/><G120/><T59/><D101/><U111/><E130/><V110/><F110/><W26/><G129/><T125/><D125/><N who="1" m="48235" /><E135/><V63/><F134/><W115/><G36/><T75/><D75/><U97/><E47/><V80/><F65/><W11/><G117/><T52/><D46/><U118/><E118/><V38/><F100/><W14/><G11/><T35/><D59/><U127/><E81/><V37/><F37/><W30/><G108/><T21/><D78/><U41/><E73/><V96/><F0/><W89/><REACH who="3" step="1"/><G7/><REACH who="3" ten="292,108,571,19" step="2"/><T15/><REACH who="0" step="1"/><D15/><REACH who="0" ten="282,108,571,19" step="2"/><U132/><E127/><V112/><F1/><W69/><G69/><T91/><D91/><U51/><E111/><V42/><F90/><W114/><G114/><T123/><D123/><U85/><E109/><V76/><F112/><W74/><G74/><T105/><D105/><U61/><E6/><V67/><F5/><W39/><G39/><T55/><D55/><U43/><E43/><V71/><F53/><W12/><G12/><T9/><D9/><U4/><E41/><V103/><F42/><W19/><G19/><T66/><D66/><U3/><E4/><V17/><F40/><W104/><G104/><T44/><D44/><AGARI ba="0,2" hai="10,14,16,22,26,30,44,50,54,83,86,89,113,115" machi="44" ten="40,8000,1" yaku="1,1,25,2,52,1,54,1,53,0" doraHai="23" doraHaiUra="57" who="3" fromWho="0" sc="282,-80,108,0,571,0,19,100" /><INIT seed="5,0,0,1,2,53" ten="202,108,571,119" oya="1" hai0="25,71,133,79,6,97,85,66,106,22,57,109,31" hai1="8,134,2,124,93,114,103,58,112,75,9,50,135" hai2="125,54,4,29,42,38,88,70,47,81,92,60,128" hai3="69,78,35,84,26,48,113,123,82,12,132,3,127"/><U5/><E75/><V129/><F81/><W119/><G123/><T116/><D109/><U118/><E118/><V1/><F29/><W34/><G3/><T51/><D116/><U14/><E124/><V98/><F125/><W87/><G69/><T20/><D133/><N who="1" m="50699" /><E93/><V41/><F1/><W23/><G113/><N who="1" m="43626" /><E103/><V11/><F11/><W102/><G102/><T110/><D6/><U96/><E96/><V59/><F4/><W55/><G132/><T37/><D110/><U15/><E9/><V120/><F120/><W63/><G127/><T39/><D97/><U28/><E28/><V76/><F76/><W100/><G100/><T24/><D106/><U16/><E16/><V105/><F105/><W126/><G119/><T115/><D115/><U77/><E77/><V49/><F42/><W101/><G101/><T36/><D79/><U72/><E72/><V80/><F80/><W68/><G87/><T65/><D85/><U86/><E86/><V19/><F19/><N who="3" m="10727" /><G126/><T33/><D71/><U117/><E117/><V7/><F7/><W27/><G68/><T40/><D40/><U43/><E43/><V21/><F21/><W62/><G35/><T83/><D83/><U46/><E46/><V74/><F74/><W44/><G34/><T61/><D33/><U90/><E90/><V0/><F0/><W45/><G45/><T121/><D121/><U32/><E32/><V52/><F70/><W131/><G131/><N who="2" m="50249" /><F41/><W89/><G78/><T122/><D122/><U13/><E50/><V99/><F99/><W10/><G10/><T108/><D51/><U104/><E104/><RYUUKYOKU ba="0,0" sc="202,-30,108,10,571,10,119,10" hai1="2,5,8,13,14,15,58" hai2="38,47,49,52,54,59,60,88,92,98" hai3="26,27,44,48,55,62,63,82,84,89" /><INIT seed="5,1,0,2,4,1" ten="172,118,581,129" oya="1" hai0="62,108,57,96,55,134,25,112,83,118,76,115,19" hai1="107,13,12,94,119,10,11,23,121,36,30,70,79" hai2="63,99,92,17,24,74,39,46,97,15,117,34,72" hai3="50,49,6,9,125,35,0,28,31,82,85,47,2"/><U14/><E107/><V18/><F117/><W135/><G135/><T52/><D108/><U104/><E104/><V26/><F34/><W129/><G129/><T67/><D134/><U87/><E119/><V89/><F39/><W93/><G125/><T3/><D3/><U98/><E121/><V38/><F38/><W133/><G133/><T91/><D118/><U27/><E70/><V44/><F63/><W32/><G93/><N who="0" m="56383" /><D83/><N who="1" m="47615" /><E36/><V95/><F15/><W109/><G109/><T48/><D76/><U84/><E84/><V106/><F89/><AGARI ba="1,0" hai="10,11,12,13,14,23,27,30,89,94,98" m="47615" machi="89" ten="30,1500,0" yaku="8,1" doraHai="1" who="1" fromWho="2" sc="172,0,118,18,581,-18,129,0" /><INIT seed="5,2,0,1,3,128" ten="172,136,563,129" oya="1" hai0="45,71,56,81,105,121,23,57,135,68,75,134,123" hai1="66,30,40,97,70,28,54,130,52,88,51,100,92" hai2="25,21,129,11,58,13,117,27,98,104,15,80,39" hai3="8,65,38,0,3,125,2,42,59,82,101,12,41"/><U48/><E130/><V122/><F39/><W93/><G125/><T89/><D105/><U37/><E37/><V18/><F129/><W47/><G42/><T16/><D45/><N who="1" m="25639" /><E70/><N who="0" m="26665" /><D89/><U53/><E66/><V127/><F127/><W5/><G82/><T83/><D75/><U109/><E109/><V132/><F117/><W103/><REACH who="3" step="1"/><G93/><REACH who="3" ten="172,136,563,119" step="2"/><T6/><D83/><U36/><E36/><V114/><F80/><W29/><G29/><N who="1" m="11370" /><E100/><V95/><F104/><W76/><G76/><T110/><D81/><U44/><AGARI ba="2,1" hai="44,51,52,53,54,88,92,97" m="11370,25639" machi="44" ten="30,6000,0" yaku="8,1,54,2" doraHai="128" who="1" fromWho="1" sc="172,-22,136,76,563,-22,119,-22" /><INIT seed="5,3,0,4,1,71" ten="150,212,541,97" oya="1" hai0="88,30,113,134,67,135,131,22,40,86,122,55,14" hai1="108,74,6,20,64,16,45,126,112,116,46,111,61" hai2="49,124,59,17,89,66,1,87,75,25,24,8,93" hai3="15,92,98,130,73,43,34,78,76,118,4,47,31"/><U94/><E116/><V3/><F75/><W82/><G130/><T56/><D131/><U19/><E74/><V95/><F124/><W50/><G118/><T52/><D40/><U128/><E128/><V97/><F8/><W2/><G78/><T109/><D109/><N who="1" m="42059" /><E112/><V100/><F3/><W44/><G15/><T125/><D113/><U62/><E126/><V110/><F1/><W37/><G31/><T18/><D30/><U96/><E6/><V119/><F110/><W38/><G34/><T58/><D125/><U41/><E41/><V114/><F114/><W107/><G107/><T0/><D0/><U53/><E53/><N who="0" m="20553" /><D122/><U117/><E117/><V72/><F72/><W5/><G47/><N who="1" m="17930" /><E64/><V121/><F121/><W68/><G68/><T85/><D85/><U101/><E19/><V33/><F33/><W9/><REACH who="3" step="1"/><G5/><REACH who="3" ten="150,212,541,87" step="2"/><T11/><D67/><U79/><E79/><V77/><F77/><W27/><G27/><AGARI ba="3,1" hai="16,20,27,61,62,94,96,101" m="17930,42059" machi="27" ten="30,2900,0" yaku="10,1,54,1" doraHai="71" who="1" fromWho="3" sc="150,0,212,48,541,0,87,-38" /><INIT seed="5,4,0,4,5,121" ten="150,260,541,49" oya="1" hai0="2,100,20,13,36,119,108,71,80,68,89,105,73" hai1="14,70,11,58,34,57,27,97,52,12,113,110,51" hai2="31,23,61,95,53,24,92,25,10,44,38,132,29" hai3="50,84,43,42,124,111,66,91,125,93,104,7,49"/><U40/><E113/><V75/><F75/><W59/><G104/><T64/><D36/><U76/><E70/><V19/><F132/><W1/><G7/><T0/><D108/><U6/><E110/><V122/><F122/><W115/><G1/><T60/><D119/><U103/><E76/><V90/><F38/><W78/><G78/><T54/><D71/><U127/><E127/><N who="3" m="48714" /><G115/><T15/><D54/><U134/><E134/><V87/><F44/><W96/><G96/><T106/><D73/><U21/><E34/><V98/><F10/><W46/><G66/><T39/><D39/><U63/><E40/><V120/><F25/><W112/><G112/><T88/><D80/><U99/><E14/><V65/><F120/><W117/><G117/><T67/><D68/><U4/><E103/><V69/><F53/><N who="3" m="32175" /><G43/><T85/><D100/><AGARI ba="4,0" hai="19,23,24,29,31,61,65,69,87,90,92,95,98,100" machi="100" ten="30,1000,0" yaku="7,1" doraHai="121" who="2" fromWho="0" sc="150,-22,260,0,541,22,49,0" /><INIT seed="6,0,0,4,3,109" ten="128,260,563,49" oya="2" hai0="82,46,24,124,30,11,16,77,18,19,129,7,35" hai1="3,90,55,120,133,26,28,4,106,64,134,116,62" hai2="131,32,45,121,73,36,44,65,15,69,117,93,12" hai3="2,71,114,100,98,126,104,21,51,39,115,86,84"/><V54/><F73/><W67/><G39/><T1/><D129/><U113/><E116/><V89/><F32/><W47/><G2/><T127/><D46/><U92/><E113/><N who="3" m="43018" /><G126/><N who="0" m="48171" /><D82/><U52/><E106/><V118/><F121/><W74/><G74/><T41/><D77/><U122/><E4/><V91/><F131/><W72/><G72/><T81/><D81/><U112/><E3/><V103/><F36/><W101/><G101/><T9/><D41/><U63/><E112/><V60/><F103/><W87/><G21/><T49/><D49/><U8/><E8/><AGARI ba="0,0" hai="1,7,8,9,11,16,18,19,24,30,35" m="48171" machi="8" ten="30,7700,0" yaku="18,1,34,2,54,1" doraHai="109" who="0" fromWho="1" sc="128,77,260,-77,563,0,49,0" /><INIT seed="7,0,0,5,1,9" ten="205,183,563,49" oya="3" hai0="3,17,95,13,54,84,18,14,118,77,0,31,96" hai1="122,12,109,22,4,63,40,102,57,76,21,113,106" hai2="33,128,28,42,53,35,108,46,5,60,23,103,132" hai3="39,43,119,20,61,99,90,127,98,38,52,69,114"/><W15/><G119/><T83/><D118/><U58/><E109/><V2/><F108/><W124/><G114/><T41/><D31/><U59/><E122/><V71/><F128/><W120/><G120/><T49/><D41/><U32/><E32/><V130/><F130/><W6/><G43/><T30/><D30/><U78/><E113/><V51/><F132/><W1/><G1/><T62/><D62/><U131/><E131/><V89/><F103/><W45/><G90/><N who="0" m="55415" /><D3/><U93/><E106/><V75/><F75/><W104/><G69/><T125/><D0/><U48/><E59/><V134/><F134/><W50/><G61/><T85/><D125/><N who="3" m="48201" /><G104/><T10/><D85/><U44/><E57/><V27/><F5/><W24/><G24/><T66/><D66/><U92/><E21/><V7/><F7/><W133/><G133/><T97/><D97/><N who="3" m="36873" /><G6/><N who="0" m="3287" /><D14/><U56/><E56/><AGARI ba="0,0" hai="17,18,49,54,56,77,83,84" m="3287,55415" machi="56" ten="30,2000,0" yaku="8,1,52,1" doraHai="9" who="0" fromWho="1" sc="205,20,183,-20,563,0,49,0" owari="225,3.0,163,-24.0,563,66.0,49,-45.0" /></mjloggm>