<mjloggm ver="2.3"><GO type="41" lobby="0"/><UN n0="%76%30%31%32%34%37%38" n1="%E2%93%9D%53%75%70%68%78" n2="%E3%83%AA%E3%83%A7%E3%83%BC%E3%82%B9%E3%82%B1%39%31%34" n3="%E5%87%BA%E9%9B%B2%E9%98%BF%E5%9B%BD" dan="15,18,15,15" rate="2060.23,2130.15,1956.48,2016.47" sx="M,M,M,M"/><TAIKYOKU oya="0"/><INIT seed="0,0,0,1,3,134" ten="250,250,250,250" oya="0" hai0="74,52,67,83,118,22,18,38,119,41,90,108,126" hai1="114,111,49,8,47,117,92,30,50,60,65,13,51" hai2="112,42,37,27,107,10,66,133,39,63,48,64,85" hai3="11,87,100,25,31,3,45,110,20,121,125,14,4"/><T89/><D67/><U98/><E111/><V35/><F112/><W55/><G110/><T23/><D108/><U17/><E117/><V32/><F107/><W5/><G100/><T82/><D18/><U29/><E114/><V53/><F66/><W91/><G121/><T81/><D74/><U43/><E30/><V132/><F85/><W28/><G28/><T78/><D78/><U44/><E29/><V80/><F80/><W88/><G125/><T97/><D97/><U40/><E51/><V76/><F76/><W105/><G105/><T122/><D52/><U73/><E73/><V19/><F39/><W99/><G99/><T128/><D38/><U9/><E9/><V15/><F27/><W72/><G72/><T103/><D103/><U56/><E98/><V75/><F42/><W57/><G45/><T131/><D41/><U104/><REACH who="1" step="1"/><E104/><REACH who="1" ten="250,240,250,250" step="2"/><V69/><F75/><W59/><G87/><T21/><D122/><U68/><E68/><V130/><F37/><W135/><G31/><T79/><D79/><U86/><E86/><V94/><F10/><W115/><G115/><T109/><D109/><U26/><E26/><V2/><F132/><W101/><G135/><T46/><D46/><U116/><E116/><N who="0" m="44585" /><D126/><U61/><E61/><V113/><F63/><W16/><G25/><T33/><D33/><U6/><E6/><V24/><F32/><W123/><G5/><T36/><D36/><U84/><E84/><V129/><F24/><W1/><G123/><T120/><D120/><U12/><E12/><V62/><F15/><W54/><G14/><T71/><D71/><RYUUKYOKU ba="0,1" sc="250,15,240,15,250,-15,250,-15" hai0="21,22,23,81,82,83,89,90,128,131" hai1="8,13,17,40,43,44,47,49,50,56,60,65,92" /><INIT seed="0,1,1,0,3,83" ten="265,255,235,235" oya="0" hai0="54,22,112,127,81,1,80,91,41,74,32,76,71" hai1="121,107,85,117,116,59,98,12,50,65,17,40,95" hai2="58,7,77,86,99,124,79,15,100,52,67,118,53" hai3="120,69,61,10,31,34,45,4,108,114,56,134,70"/><T55/><D112/><U24/><E121/><V63/><F124/><W29/><G114/><T62/><D127/><U90/><E24/><V18/><F7/><W11/><G108/><T3/><D32/><U0/><E0/><V42/><F42/><W39/><G134/><T101/><D101/><U9/><E65/><V57/><F67/><W97/><G97/><T123/><D123/><U46/><E107/><V92/><F86/><W20/><G20/><T126/><D126/><U14/><E59/><V21/><REACH who="2" step="1"/><F118/><REACH who="2" ten="265,255,225,235" step="2"/><W113/><G120/><T109/><D41/><U8/><REACH who="1" step="1"/><E98/><REACH who="1" ten="265,245,225,235" step="2"/><V131/><F131/><W133/><G113/><T105/><D109/><U73/><E73/><V26/><F26/><W23/><G133/><T115/><D74/><U38/><E38/><V135/><F135/><W89/><G39/><T87/><D115/><U111/><E111/><V103/><F103/><W35/><G70/><T48/><D71/><U93/><E93/><V64/><F64/><W132/><G69/><T37/><D37/><U19/><AGARI ba="1,3" hai="8,9,12,14,17,19,40,46,50,85,90,95,116,117" machi="19" ten="20,12000,2" yaku="1,1,0,1,7,1,9,1,52,1,53,1" doraHai="83" doraHaiUra="84" who="1" fromWho="1" sc="265,-61,245,153,225,-31,235,-31" /><INIT seed="1,0,0,4,2,118" ten="204,398,194,204" oya="1" hai0="58,42,121,35,34,88,1,32,103,16,134,24,114" hai1="15,62,7,99,63,130,67,45,87,44,19,109,12" hai2="51,76,119,73,27,116,47,48,4,128,0,46,122" hai3="71,21,81,123,55,86,85,33,43,25,18,41,53"/><U84/><E130/><V131/><F27/><W126/><G71/><T50/><D114/><U74/><E74/><V60/><F60/><W61/><G126/><T14/><D103/><U80/><E99/><V112/><F73/><W17/><G33/><T93/><D1/><U2/><E2/><V65/><F0/><W6/><G6/><T28/><D134/><U97/><E97/><V26/><F26/><W66/><G66/><T125/><D125/><U59/><E109/><V104/><F65/><W117/><G117/><T68/><D68/><U39/><E39/><V54/><F4/><W133/><G61/><T23/><D121/><U5/><E67/><V92/><F92/><W113/><G133/><T37/><D37/><U82/><E19/><V110/><F76/><W105/><G105/><T101/><D101/><U70/><E70/><V132/><F104/><W31/><G113/><T49/><D49/><U124/><E124/><V3/><F3/><W40/><G86/><N who="0" m="52375" /><D42/><U20/><E20/><V56/><F112/><W78/><G123/><T98/><D98/><U83/><E83/><V135/><F122/><W36/><G36/><T69/><D69/><U22/><E22/><V72/><F72/><W127/><G127/><T38/><D38/><U75/><E75/><V91/><F91/><W106/><G106/><T102/><D102/><U11/><E11/><V30/><F110/><W29/><G29/><T95/><D95/><U9/><E9/><V52/><F30/><W64/><G64/><T90/><D90/><U129/><E129/><V77/><F77/><W120/><G120/><RYUUKYOKU ba="0,0" sc="204,0,398,0,194,0,204,0" hai0="14,16,23,24,28,32,34,35,50,58" hai1="5,7,12,15,44,45,59,62,63,80,82,84,87" hai2="46,47,48,51,52,54,56,116,119,128,131,132,135" hai3="17,18,21,25,31,40,41,43,53,55,78,81,85" /><INIT seed="1,1,0,5,2,84" ten="204,398,194,204" oya="1" hai0="70,6,16,48,15,44,89,25,133,5,118,88,109" hai1="26,122,13,39,107,98,31,30,131,11,120,82,94" hai2="71,27,1,47,68,69,119,134,58,54,23,126,64" hai3="77,73,117,104,35,29,17,46,55,37,85,9,90"/><U45/><E107/><V75/><F75/><W97/><G35/><T74/><D118/><U112/><E112/><V33/><F1/><W59/><G29/><T113/><D113/><U62/><E131/><V4/><F4/><N who="0" m="1642" /><D74/><U12/><E82/><V32/><F119/><W130/><G130/><T50/><D70/><U51/><E39/><V128/><F64/><W36/><G77/><T38/><D133/><U123/><E62/><V125/><F47/><W101/><G73/><T19/><D38/><U52/><E11/><V60/><F128/><W124/><G124/><N who="2" m="47721" /><F134/><W106/><G106/><T114/><D109/><U8/><E8/><V7/><F7/><W132/><G132/><T115/><D114/><U40/><E40/><V24/><F24/><W41/><G41/><N who="0" m="24591" /><D115/><U18/><E18/><AGARI ba="1,0" hai="18,23,27,32,33,54,58,60,68,69,71" m="47721" machi="18" ten="40,1300,0" yaku="18,1" doraHai="84" who="2" fromWho="1" sc="204,0,398,-16,194,16,204,0" /><INIT seed="2,0,0,3,5,39" ten="204,382,210,204" oya="2" hai0="91,126,20,73,70,5,66,102,21,36,26,58,62" hai1="69,32,25,135,80,61,88,3,52,116,55,24,127" hai2="104,63,40,121,2,18,124,42,54,97,94,8,79" hai3="72,35,74,30,122,115,23,41,123,85,95,4,53"/><V129/><F121/><W133/><G35/><T89/><D73/><U22/><E3/><V128/><F104/><W107/><G107/><T112/><D112/><U44/><E116/><V11/><F79/><W118/><G118/><T33/><D33/><U47/><E135/><V14/><F124/><W68/><G68/><T96/><D126/><U106/><E127/><V56/><F2/><W99/><G4/><T87/><D5/><U31/><E106/><V81/><F81/><W1/><G1/><T57/><D36/><U43/><E47/><V117/><F117/><W119/><G119/><T19/><D21/><U132/><E132/><V84/><F84/><W34/><G34/><T37/><D37/><U27/><E69/><V101/><REACH who="2" step="1"/><F11/><REACH who="2" ten="204,382,200,204" step="2"/><W134/><G85/><T51/><D87/><U110/><E80/><V78/><F78/><W103/><G123/><T7/><D96/><U67/><E32/><V46/><F46/><W28/><G122/><T10/><D102/><U65/><E44/><V15/><F15/><W120/><G120/><T82/><D82/><U77/><E77/><V92/><F92/><W60/><G134/><T105/><D105/><U131/><E22/><V93/><F93/><W100/><G23/><T50/><D89/><U109/><E88/><V9/><F9/><W90/><G95/><T76/><D91/><U13/><E13/><V75/><F75/><W12/><G74/><T113/><D76/><U6/><E27/><V86/><F86/><W0/><G72/><T64/><D113/><U111/><E25/><V17/><F17/><W48/><G133/><RYUUKYOKU ba="0,1" sc="204,-10,382,-10,200,30,204,-10" hai2="8,14,18,40,42,54,56,63,94,97,101,128,129" /><INIT seed="2,1,1,2,3,40" ten="194,372,230,194" oya="2" hai0="88,120,77,24,48,135,23,91,70,117,86,39,43" hai1="83,72,6,94,1,63,104,134,99,2,79,100,35" hai2="22,119,111,82,92,53,115,85,45,103,30,125,126" hai3="55,93,57,26,3,34,54,33,5,51,38,113,61"/><V21/><F115/><W76/><G38/><T108/><D120/><U69/><E134/><V124/><F119/><W60/><G113/><T129/><D108/><U98/><E6/><V4/><F4/><W41/><G76/><T130/><D70/><U20/><E20/><V71/><F71/><W75/><G75/><T29/><D39/><U109/><E109/><V8/><F8/><W133/><G133/><T9/><D9/><U110/><E110/><V66/><F66/><W84/><G26/><T42/><D135/><U47/><E35/><V122/><F122/><W56/><G5/><T95/><D43/><U81/><E81/><V131/><F30/><W78/><G3/><T87/><D77/><U13/><E13/><V121/><F121/><W90/><G78/><T67/><D67/><U10/><E10/><V15/><F15/><W19/><G19/><T32/><D32/><U73/><E73/><V64/><F64/><W52/><REACH who="3" step="1"/><G41/><REACH who="3" ten="194,372,230,184" step="2"/><T46/><REACH who="0" step="1"/><D117/><REACH who="0" ten="184,372,230,184" step="2"/><U28/><E79/><N who="2" m="46303" /><F111/><W16/><G16/><T27/><D27/><U37/><E72/><V62/><F124/><W97/><G97/><T123/><D123/><U50/><E99/><V25/><F125/><W96/><G96/><T44/><D44/><AGARI ba="1,3" hai="33,34,44,51,52,54,55,56,57,60,61,84,90,93" machi="44" ten="30,8000,1" yaku="1,1,7,1,9,1,52,1,54,1,53,0" doraHai="40" doraHaiUra="7" who="3" fromWho="0" sc="184,-83,372,0,230,0,184,113" /><INIT seed="3,0,0,3,3,6" ten="101,372,230,297" oya="3" hai0="122,46,48,28,69,14,11,108,45,58,82,65,18" hai1="25,3,127,135,93,99,13,56,80,35,105,129,24" hai2="55,34,16,17,109,130,71,78,126,123,76,20,1" hai3="100,72,120,4,5,61,124,110,134,60,68,31,88"/><W101/><G72/><T102/><D122/><U57/><E3/><V8/><F109/><W49/><G120/><T132/><D108/><U77/><E105/><V37/><F71/><W118/><G118/><T125/><D132/><U128/><E127/><V113/><F37/><W92/><G110/><T63/><D125/><U104/><E104/><V7/><F126/><W51/><G134/><T121/><D121/><U19/><E35/><V22/><F123/><W103/><G31/><T117/><D117/><U66/><E66/><V73/><F73/><W33/><G33/><T86/><D102/><U40/><E40/><V32/><F55/><W0/><G0/><T47/><D28/><U106/><E106/><V52/><F52/><W41/><G68/><T97/><D97/><U43/><E43/><V67/><F67/><W23/><G23/><N who="2" m="8745" /><F78/><W133/><G133/><T90/><REACH who="0" step="1"/><D69/><REACH who="0" ten="91,372,230,297" step="2"/><U79/><E135/><V84/><F130/><W74/><G124/><T116/><D116/><U114/><E129/><V131/><F131/><W119/><G119/><T98/><D98/><U21/><E128/><V111/><F111/><W10/><G103/><T89/><D89/><U64/><E99/><V107/><F107/><W75/><G88/><T54/><AGARI ba="0,1" hai="11,14,18,45,46,47,48,54,58,63,65,82,86,90" machi="54" ten="20,16000,3" yaku="1,1,0,1,7,1,25,2,8,1,52,1,53,1" doraHai="6" doraHaiUra="81" who="0" fromWho="0" sc="91,170,372,-40,230,-40,297,-80" /><INIT seed="4,0,0,4,2,60" ten="261,332,190,217" oya="0" hai0="80,77,22,18,39,15,91,32,4,19,68,120,62" hai1="30,41,107,90,101,109,113,84,13,58,2,51,64" hai2="132,21,45,9,24,28,122,85,6,130,125,83,111" hai3="112,94,25,103,29,31,89,37,116,52,5,73,129"/><T102/><D120/><U16/><E109/><V117/><F111/><W7/><G73/><T3/><D39/><U127/><E2/><V56/><F122/><W106/><G116/><T69/><D102/><U43/><E127/><V93/><F125/><W40/><G129/><T12/><D32/><U20/><E113/><V104/><F104/><W38/><G103/><T95/><D4/><U100/><E30/><V42/><F130/><W126/><G106/><T53/><D3/><U99/><E101/><V74/><F74/><W86/><G31/><T10/><D53/><U65/><E43/><V46/><F132/><W121/><G121/><T110/><D110/><U8/><E8/><V79/><F93/><W135/><G135/><T55/><D55/><N who="1" m="32127" /><E41/><V26/><F117/><W36/><G40/><T66/><D69/><U115/><E115/><V47/><F26/><W118/><G118/><T123/><D123/><U128/><E128/><V35/><F56/><W11/><G112/><T124/><D124/><U59/><E59/><V131/><F131/><W0/><G7/><T34/><D34/><U17/><E17/><V105/><F105/><W98/><G126/><T108/><D108/><U14/><E14/><N who="2" m="5431" /><F35/><W44/><G38/><T71/><D71/><U82/><E107/><V133/><F133/><W48/><G98/><T63/><D63/><U49/><E49/><AGARI ba="0,0" hai="21,24,28,42,45,46,47,49,79,83,85" m="5431" machi="49" ten="30,2000,0" yaku="25,1,8,1" doraHai="60" who="2" fromWho="1" sc="261,0,332,-20,190,20,217,0" /><INIT seed="5,0,0,2,0,73" ten="261,312,210,217" oya="1" hai0="1,82,99,2,86,133,30,83,38,74,77,122,10" hai1="56,110,97,130,44,71,95,70,66,79,57,124,67" hai2="72,102,75,17,47,11,134,40,111,109,126,101,41" hai3="27,42,117,54,52,129,76,24,127,32,59,100,39"/><U88/><E130/><V25/><F134/><W116/><G129/><T118/><D118/><U9/><E124/><V85/><F126/><W13/><G127/><T113/><D113/><U15/><E110/><V12/><F25/><W55/><G100/><T119/><D119/><N who="3" m="45641" /><G32/><T108/><D108/><U68/><E44/><V26/><F41/><W22/><G59/><T50/><D133/><U33/><E33/><V8/><F8/><W90/><G90/><T93/><D38/><U21/><E21/><V80/><F111/><W20/><G13/><T107/><D30/><U104/><E104/><V120/><F120/><W103/><G103/><T92/><D50/><U5/><REACH who="1" step="1"/><E79/><REACH who="1" ten="261,302,210,217" step="2"/><V91/><F109/><W69/><G76/><T48/><D77/><U105/><E105/><V61/><F47/><W87/><G22/><T64/><D107/><U62/><E62/><V89/><F61/><W132/><G20/><T123/><D122/><U121/><E121/><V28/><F11/><W112/><G132/><T23/><D23/><U131/><E131/><V51/><F40/><W7/><G112/><T3/><D10/><U96/><E96/><V63/><F63/><W84/><G27/><T125/><D99/><U18/><E18/><V98/><F26/><W35/><G24/><T45/><D125/><U16/><E16/><V135/><F17/><W65/><G35/><T4/><D123/><U19/><E19/><V14/><F135/><W114/><G114/><T49/><D45/><U6/><E6/><V94/><F98/><W0/><G7/><T43/><D4/><U78/><E78/><RYUUKYOKU ba="0,1" sc="261,-10,302,30,210,-10,217,-10" hai1="5,9,15,56,57,66,67,68,70,71,88,95,97" /><INIT seed="5,1,1,0,3,91" ten="251,332,200,207" oya="1" hai0="96,53,26,120,47,60,133,128,104,85,111,17,7" hai1="73,16,97,119,19,69,81,102,44,131,112,110,125" hai2="130,50,94,43,87,41,122,98,105,34,55,42,68" hai3="108,116,18,15,46,79,115,84,107,113,28,121,32"/><U14/><E119/><V20/><F34/><W118/><G107/><T56/><D111/><U92/><E69/><V22/><F68/><W54/><G54/><T5/><D128/><U58/><E125/><V59/><F130/><W45/><G108/><T86/><D133/><U57/><E112/><N who="3" m="43082" /><G121/><T25/><D120/><U67/><E131/><V27/><F122/><W6/><G6/><N who="0" m="2059" /><D104/><U1/><E1/><V117/><F117/><N who="3" m="45163" /><G28/><T4/><D4/><U103/><E19/><V66/><F66/><W123/><G32/><T74/><D74/><U134/><E73/><V33/><F105/><W100/><G100/><T24/><D96/><U30/><E97/><V61/><F61/><W11/><G123/><T99/><D99/><U90/><E103/><V124/><F124/><W63/><G63/><T10/><D47/><U31/><E44/><V40/><N who="2" m="10240" /><DORA hai="62" /><V12/><F33/><W35/><G35/><T127/><D127/><U89/><E110/><V72/><F72/><W38/><G38/><T64/><D53/><U65/><E102/><V37/><F37/><W23/><G11/><T8/><D8/><U75/><E75/><V88/><F12/><AGARI ba="1,1" hai="10,12,17,24,25,26,56,60,64,85,86" m="2059" machi="12" ten="30,2000,0" yaku="8,1,52,1" doraHai="91,62" who="0" fromWho="2" sc="251,33,332,0,200,-23,207,0" /><INIT seed="6,0,0,5,2,54" ten="284,332,177,207" oya="2" hai0="53,58,21,9,51,50,4,2,116,68,7,16,109" hai1="39,90,85,30,122,126,80,132,15,41,96,123,67" hai2="17,92,83,60,26,10,84,108,56,70,113,11,71" hai3="105,0,37,22,111,120,129,6,118,72,95,45,25"/><V125/><F113/><W94/><G45/><T35/><D109/><U13/><E132/><V28/><F125/><W135/><G95/><T121/><D121/><N who="1" m="46091" /><E126/><V81/><F108/><W63/><G63/><T91/><D68/><U48/><E39/><V12/><F11/><W46/><G94/><T103/><D35/><U124/><E30/><V14/><F12/><W134/><G46/><T18/><D103/><U52/><E41/><V114/><F114/><W82/><G82/><T131/><D131/><U32/><E67/><V117/><F117/><W43/><G43/><T66/><D66/><U115/><E32/><V99/><F71/><W1/><G37/><T38/><D116/><U24/><E24/><V73/><F70/><W49/><G72/><T106/><D106/><U59/><E124/><V3/><F3/><N who="3" m="1099" /><G105/><T74/><D74/><U78/><E115/><V36/><F36/><W64/><G64/><T97/><D38/><U44/><E44/><V75/><F73/><W128/><G120/><T55/><D4/><U27/><E27/><V61/><F75/><W107/><G107/><T23/><D91/><U119/><E119/><V29/><F61/><W89/><G111/><T88/><D88/><U69/><E69/><V33/><F29/><N who="3" m="17591" /><G89/><T62/><D62/><U57/><E57/><V130/><F84/><W42/><G118/><T20/><REACH who="0" step="1"/><D97/><REACH who="0" ten="274,332,177,207" step="2"/><U65/><E65/><N who="2" m="39047" /><F130/><N who="3" m="50283" /><G6/><T98/><D98/><U112/><E112/><V19/><F19/><W8/><G135/><T86/><D86/><N who="1" m="48407" /><E96/><V93/><F99/><W127/><G127/><T47/><AGARI ba="0,1" hai="2,7,9,16,18,20,21,23,47,50,51,53,55,58" machi="47" ten="30,7900,0" yaku="1,1,0,1,52,1,54,1,53,0" doraHai="54" doraHaiUra="100" who="0" fromWho="0" sc="274,89,332,-20,177,-39,207,-20" /><INIT seed="7,0,0,0,4,93" ten="363,312,138,187" oya="3" hai0="49,11,127,46,13,29,40,103,57,15,55,26,115" hai1="70,84,96,25,131,128,65,133,5,61,87,78,66" hai2="58,42,37,76,75,36,39,12,88,121,125,104,74" hai3="79,16,94,18,30,111,69,23,117,109,81,59,122"/><W53/><G69/><T62/><D127/><U107/><E5/><V67/><F125/><W86/><G122/><T41/><D115/><U45/><E66/><V126/><F126/><W77/><G77/><T6/><D103/><U51/><E133/><V92/><F104/><W113/><G113/><T2/><D41/><U17/><E17/><V54/><F121/><W120/><G117/><T80/><D80/><U90/><E25/><V98/><F67/><W82/><G82/><T100/><D100/><U4/><E4/><V19/><F42/><W114/><G114/><T72/><D72/><U60/><E60/><V28/><F28/><W21/><G30/><T24/><D26/><U9/><E9/><V35/><F35/><AGARI ba="0,0" hai="2,6,11,13,15,24,29,35,40,46,49,55,57,62" machi="35" ten="30,1000,0" yaku="7,1" doraHai="93" who="0" fromWho="2" sc="363,10,312,0,138,-10,187,0" owari="373,47.0,312,11.0,128,-37.0,187,-21.0" /></mjloggm>