<mjloggm ver="2.3"><GO type="41" lobby="0"/><UN n0="%E3%82%88%E3%81%97%E3%82%84" n1="%E2%93%9D%53%75%70%68%78" n2="%E3%82%A8%E3%82%B9%E3%83%AA%E3%83%BC%E3%83%89" n3="%E3%82%AA%E3%83%83%E3%83%9A%E3%83%B3%E3%83%8F%E3%82%A4%E3%83%9E%E3%83%BC" dan="14,17,16,13" rate="1948.70,2006.96,2048.59,1845.18" sx="M,M,M,M"/><TAIKYOKU oya="0"/><INIT seed="0,0,0,0,0,34" ten="250,250,250,250" oya="0" hai0="80,133,99,106,120,52,82,62,10,69,130,42,18" hai1="39,115,16,107,50,81,123,53,15,109,67,57,4" hai2="112,97,17,79,75,29,110,93,100,13,40,98,131" hai3="64,27,49,74,86,51,78,121,14,38,61,2,124"/><T19/><D120/><U102/><E123/><V105/><F112/><W56/><G74/><T73/><D42/><U23/><E109/><V5/><F131/><W117/><G121/><T87/><D130/><U103/><E115/><V71/><F110/><W58/><G38/><T70/><D73/><U96/><E39/><V22/><F71/><W47/><G124/><T45/><D133/><U104/><E67/><V125/><F125/><W90/><G78/><T55/><D55/><U101/><E81/><V35/><F40/><W68/><G117/><T66/><D70/><U63/><E4/><V43/><F43/><W83/><G2/><T128/><D10/><U76/><E76/><V59/><F5/><W108/><G108/><T36/><D36/><U129/><E129/><V91/><F59/><W21/><G14/><T37/><D37/><U89/><REACH who="1" step="1"/><E63/><REACH who="1" ten="250,240,250,250" step="2"/><V95/><F79/><W65/><G65/><T9/><D128/><U24/><E24/><V7/><F7/><W88/><G51/><T60/><D62/><U54/><E54/><V8/><F75/><W84/><G68/><T26/><D26/><U3/><E3/><V116/><F116/><W31/><G58/><T28/><D80/><U118/><E118/><V134/><F134/><W132/><G132/><T33/><D82/><U32/><E32/><V94/><F35/><W48/><REACH who="3" step="1"/><G47/><REACH who="3" ten="250,240,250,240" step="2"/><T20/><D45/><U92/><AGARI ba="0,2" hai="15,16,23,50,53,57,89,92,96,101,102,103,104,107" machi="92" ten="30,4000,0" yaku="1,1,0,1,54,1,53,0" doraHai="34" doraHaiUra="30" who="1" fromWho="1" sc="250,-20,240,60,250,-10,240,-10" /><INIT seed="1,0,0,0,2,61" ten="230,300,240,230" oya="1" hai0="109,31,95,90,42,54,120,48,8,73,60,20,3" hai1="30,75,66,107,71,50,125,80,79,33,67,112,29" hai2="55,100,7,124,45,116,28,104,47,39,25,131,65" hai3="78,12,92,10,13,84,49,111,87,130,21,123,82"/><U76/><E112/><V99/><F116/><W17/><G123/><T85/><D120/><U127/><E71/><V94/><F131/><W101/><G130/><T16/><D73/><U32/><E50/><V97/><F124/><N who="1" m="47689" /><E107/><V122/><F122/><W19/><G111/><T77/><D77/><N who="1" m="29771" /><E80/><V15/><F39/><W115/><G115/><T56/><D31/><N who="1" m="11787" /><E75/><V129/><F129/><W117/><G117/><T91/><D91/><U114/><E114/><V0/><F104/><W128/><G128/><T43/><D48/><U132/><E132/><V11/><F28/><W89/><G49/><T105/><D105/><U121/><E121/><V14/><F99/><W133/><G101/><T126/><D126/><U37/><E37/><V24/><F97/><W34/><G133/><T46/><D109/><U22/><E22/><V103/><F100/><W69/><G69/><T81/><D81/><U74/><E74/><V57/><F103/><W23/><REACH who="3" step="1"/><G34/><AGARI ba="0,0" hai="32,33,34,66,67" m="11787,29771,47689" machi="34" ten="40,12000,1" yaku="28,2,18,1,52,2" doraHai="61" who="1" fromWho="3" sc="230,0,300,120,240,0,230,-120" /><INIT seed="1,1,0,2,2,2" ten="230,420,240,110" oya="1" hai0="105,82,74,88,41,16,43,17,63,111,47,108,87" hai1="71,72,80,12,85,92,50,101,54,112,8,24,35" hai2="90,20,118,64,6,18,14,66,7,110,5,114,32" hai3="55,48,42,123,39,27,109,81,89,3,131,129,124"/><U100/><E112/><V126/><F118/><W127/><G123/><T21/><D105/><U4/><E72/><V113/><F32/><W15/><G3/><T13/><D74/><U78/><E71/><V86/><F110/><N who="0" m="42026" /><D63/><U51/><E51/><V53/><F126/><N who="3" m="48171" /><G109/><T40/><D17/><U52/><E54/><V75/><F75/><W34/><G15/><T106/><D106/><U116/><E116/><V97/><F97/><W119/><G27/><T103/><D103/><U49/><E49/><AGARI ba="1,0" hai="13,16,21,40,41,43,47,49,82,87,88" m="42026" machi="49" ten="30,3900,0" yaku="14,1,54,2" doraHai="2" who="0" fromWho="1" sc="230,42,420,-42,240,0,110,0" /><INIT seed="2,0,0,4,3,78" ten="272,378,240,110" oya="2" hai0="31,22,86,111,52,114,56,92,80,44,102,12,132" hai1="55,32,76,113,13,47,119,125,42,101,45,36,100" hai2="54,107,72,71,24,20,110,126,16,41,6,28,30" hai3="123,37,15,127,64,88,59,77,61,104,66,69,49"/><V58/><F107/><W10/><G123/><T29/><D114/><U116/><E32/><V0/><F71/><W118/><G118/><T82/><D111/><U65/><E125/><V27/><F126/><W108/><G127/><T18/><D44/><U67/><E76/><V68/><F68/><W81/><G37/><T5/><D5/><U87/><E87/><V90/><F72/><W9/><G104/><T134/><D102/><U109/><E13/><V91/><F41/><W95/><G108/><T124/><D92/><U79/><E79/><V62/><F110/><W50/><G66/><T105/><D105/><U39/><E109/><V98/><F6/><W26/><G26/><T11/><D124/><U94/><E94/><V106/><F0/><W21/><G21/><T133/><D11/><U122/><E55/><V23/><F106/><W4/><G10/><T38/><D38/><U103/><E103/><V63/><F98/><W117/><G69/><T83/><D86/><U115/><E42/><V99/><F99/><W19/><G4/><T46/><D46/><U60/><E60/><AGARI ba="0,0" hai="12,18,22,29,31,52,56,60,80,82,83,132,133,134" machi="60" ten="50,8000,1" yaku="20,1,52,3,54,1" doraHai="78" who="0" fromWho="1" sc="272,80,378,-80,240,0,110,0" /><INIT seed="3,0,0,1,0,119" ten="352,298,240,110" oya="3" hai0="44,121,23,74,111,106,3,107,20,99,73,108,92" hai1="105,62,22,122,98,77,82,45,124,57,115,114,131" hai2="133,10,31,95,134,64,109,51,88,97,102,25,21" hai3="0,96,72,132,79,120,128,47,15,9,38,12,83"/><W49/><G128/><T36/><D3/><U65/><E124/><V80/><F109/><W76/><G38/><T42/><D121/><U123/><E22/><V35/><F35/><W28/><G132/><T125/><D125/><U40/><E98/><V6/><F64/><W37/><G37/><T48/><D36/><N who="1" m="21639" /><E82/><V43/><F43/><W53/><G0/><T66/><D66/><U69/><E77/><V110/><F51/><W33/><G79/><T56/><D56/><U34/><E105/><V90/><F110/><N who="0" m="42026" /><D107/><U63/><E34/><V87/><REACH who="2" step="1"/><F102/><REACH who="2" ten="352,298,230,110" step="2"/><W116/><G116/><T11/><D48/><U68/><E131/><V93/><F93/><W78/><G28/><T19/><D106/><U58/><E115/><V4/><F4/><W67/><G33/><T91/><D42/><U100/><E114/><V86/><F86/><W24/><G67/><T117/><D117/><U75/><E100/><V2/><AGARI ba="0,1" hai="2,6,10,21,25,31,80,87,88,90,95,97,133,134" machi="2" ten="30,4000,0" yaku="1,1,0,1,54,1,53,0" doraHai="119" doraHaiUra="30" who="2" fromWho="2" sc="352,-10,298,-10,230,50,110,-20" /><INIT seed="4,0,0,2,3,96" ten="342,288,280,90" oya="0" hai0="83,51,77,130,126,99,37,7,59,79,55,61,90" hai1="109,78,92,32,68,122,28,112,36,22,105,21,43" hai2="53,46,33,128,113,13,135,23,24,63,34,114,16" hai3="120,119,72,89,4,17,123,67,102,134,60,131,117"/><T65/><D37/><U8/><E109/><V52/><F135/><W25/><G4/><T6/><D130/><U125/><E105/><V93/><F128/><W101/><G131/><T86/><D99/><U10/><E68/><V26/><F93/><W76/><G134/><T94/><D126/><U98/><E122/><N who="3" m="46634" /><G72/><T31/><D31/><U107/><E107/><V39/><F63/><W38/><G76/><N who="0" m="29259" /><D83/><U57/><E32/><N who="2" m="12395" /><F39/><W71/><G38/><T85/><D85/><U2/><E28/><N who="2" m="17439" /><F46/><AGARI ba="0,0" hai="6,7,46,51,55,59,61,65,86,90,94" m="29259" machi="46" ten="30,1500,0" yaku="8,1" doraHai="96" who="0" fromWho="2" sc="342,15,288,0,280,-15,90,0" /><INIT seed="4,1,0,4,2,24" ten="357,288,265,90" oya="0" hai0="78,56,80,116,12,87,75,90,73,124,50,121,29" hai1="110,71,49,86,113,62,43,40,21,65,127,107,77" hai2="99,93,103,115,53,44,74,119,10,129,133,101,132" hai3="16,19,69,17,46,76,104,11,37,130,126,63,48"/><T131/><D121/><U9/><E107/><V98/><F74/><W57/><G104/><T38/><D116/><U54/><E110/><V7/><F119/><W45/><G126/><T106/><D124/><U8/><E127/><V34/><F34/><W125/><G125/><T118/><D118/><U31/><E113/><V66/><F115/><W55/><G130/><T4/><D38/><U15/><E9/><V97/><F66/><W64/><G76/><T105/><D29/><U30/><E21/><V72/><F72/><W0/><REACH who="3" step="1"/><G37/><REACH who="3" ten="357,288,265,80" step="2"/><T109/><D131/><U82/><E43/><V85/><F129/><W41/><G41/><T28/><D109/><U135/><E40/><V47/><F133/><W68/><G68/><T111/><D111/><U39/><E39/><V92/><F132/><W35/><G35/><T102/><D106/><U5/><REACH who="1" step="1"/><E135/><REACH who="1" ten="357,278,265,80" step="2"/><V108/><F108/><W27/><G27/><T123/><D105/><U36/><E36/><V22/><F10/><W88/><G88/><T23/><D90/><U61/><E61/><V3/><F103/><W114/><G114/><T134/><D134/><U95/><E95/><V94/><F101/><W18/><N who="3" m="4096" /><DORA hai="52" /><W14/><G14/><T60/><D102/><U91/><E91/><V51/><F22/><W2/><G2/><T70/><D12/><U128/><E128/><V122/><F93/><W33/><G33/><T67/><D23/><U42/><E42/><V79/><F94/><W81/><G81/><T120/><D80/><U13/><E13/><V6/><F92/><W59/><G59/><AGARI ba="1,2" hai="5,8,15,30,31,49,54,59,62,65,71,77,82,86" machi="59" ten="30,8000,1" yaku="1,1,7,1,52,3,53,0" doraHai="24,52" doraHaiUra="32,96" who="1" fromWho="3" sc="357,0,278,103,265,0,80,-83" owari="357,16.0,381,47.0,265,-13.0,-3,-50.0" /></mjloggm>