<mjloggm ver="2.3"><GO type="41" lobby="0"/><UN n0="%E3%80%90%E6%A2%85%E3%80%91" n1="%E2%93%9D%53%75%70%68%78" n2="%E5%A4%A7%E7%99%BD%E5%93%A5" n3="%2A%48%41%4E%41%42%49%2A" dan="13,18,15,14" rate="1828.30,2084.73,1923.96,1946.23" sx="M,M,M,M"/><TAIKYOKU oya="0"/><INIT seed="0,0,0,5,2,0" ten="250,250,250,250" oya="0" hai0="31,104,103,122,34,43,52,54,133,59,15,2,76" hai1="32,20,24,55,80,12,89,18,45,10,132,121,108" hai2="17,35,44,50,69,51,29,91,116,100,107,99,125" hai3="33,1,39,126,71,86,85,120,65,57,22,30,111"/><T63/><D122/><U119/><E132/><V96/><F125/><W19/><G126/><T56/><D133/><U90/><E108/><V74/><F69/><W70/><G111/><T49/><D2/><U102/><E119/><V77/><F116/><W67/><G39/><T36/><D76/><U118/><E121/><V79/><F74/><W41/><G41/><T124/><D124/><U3/><E102/><V21/><F29/><W42/><G42/><T75/><D75/><U97/><E97/><V28/><F28/><W48/><G1/><T134/><D134/><U123/><E123/><V72/><F72/><W82/><G85/><T98/><D15/><U101/><E101/><V26/><F35/><W16/><G70/><T73/><D73/><U128/><E128/><V8/><F51/><W7/><G7/><T135/><D135/><U106/><E106/><V88/><F8/><W114/><G114/><T117/><D117/><U113/><E113/><V112/><F112/><W37/><G37/><T13/><D13/><U5/><E80/><V78/><REACH who="2" step="1"/><F99/><REACH who="2" ten="250,250,240,250" step="2"/><W14/><G71/><T131/><D131/><U4/><E118/><V105/><F105/><W47/><G33/><T115/><D115/><U92/><E32/><V40/><AGARI ba="0,1" hai="17,21,26,40,44,50,77,78,79,88,91,96,100,107" machi="40" ten="30,4000,0" yaku="1,1,0,1,54,1,53,0" doraHai="0" doraHaiUra="83" who="2" fromWho="2" sc="250,-20,250,-10,240,50,250,-10" /><INIT seed="1,0,0,0,0,0" ten="230,240,290,240" oya="1" hai0="37,49,117,51,16,69,97,83,86,39,102,65,76" hai1="8,85,129,44,30,53,126,115,67,77,18,22,79" hai2="28,75,104,57,45,116,88,1,38,56,3,135,64" hai3="118,6,58,61,12,73,15,87,105,120,114,66,95"/><U72/><E115/><V23/><F75/><W93/><G120/><T40/><D117/><U80/><E129/><V113/><F104/><W20/><G114/><T17/><D39/><U89/><E126/><V9/><F113/><W98/><G73/><T43/><D37/><U13/><E67/><V123/><F123/><W54/><G105/><T121/><D121/><U27/><E72/><V106/><F106/><W4/><G118/><T32/><D32/><U36/><REACH who="1" step="1"/><E36/><REACH who="1" ten="230,230,290,240" step="2"/><V7/><F38/><W125/><G66/><T119/><D65/><U131/><E131/><V94/><F64/><W42/><G125/><T109/><D69/><U33/><E33/><V134/><F116/><W24/><G42/><T111/><D119/><U62/><E62/><V60/><F134/><W71/><G71/><T19/><D43/><U63/><E63/><V21/><F60/><W124/><G124/><T10/><D40/><U90/><E90/><V122/><F122/><W128/><G128/><T132/><D132/><U52/><E52/><V103/><F135/><W55/><G55/><T81/><D49/><AGARI ba="0,1" hai="8,13,18,22,27,30,44,49,53,77,79,80,85,89" machi="49" ten="40,12000,1" yaku="1,1,25,2,8,1,53,1" doraHai="0" doraHaiUra="46" who="1" fromWho="0" sc="230,-120,230,130,290,0,240,0" /><INIT seed="1,1,0,3,4,42" ten="110,360,290,240" oya="1" hai0="124,8,91,97,49,62,24,7,128,135,35,30,82" hai1="112,75,117,29,71,50,59,57,63,23,25,132,103" hai2="66,116,129,79,40,74,126,3,47,1,80,72,122" hai3="60,46,86,45,78,61,9,38,85,12,67,127,100"/><U92/><E112/><V2/><F116/><W73/><G38/><T14/><D128/><U108/><E117/><V115/><F122/><W48/><G127/><T98/><D124/><U20/><E75/><V54/><F54/><W133/><G133/><T4/><D135/><U22/><E71/><V88/><F126/><W95/><G73/><T36/><D36/><U6/><E108/><V0/><F115/><W33/><G33/><T58/><D49/><U111/><E6/><V68/><F129/><W84/><G48/><T110/><D110/><U70/><E70/><V107/><F107/><W114/><G78/><T55/><D7/><U31/><E111/><V32/><F32/><W99/><G114/><T65/><D65/><U13/><E13/><V105/><F105/><W102/><G102/><T37/><D37/><U125/><E132/><V90/><F74/><W26/><G26/><T101/><D101/><U109/><E109/><V52/><N who="2" m="0" /><DORA hai="51" /><V18/><F18/><W113/><G113/><T94/><REACH who="0" step="1"/><D82/><REACH who="0" ten="100,360,290,240" step="2"/><U81/><E81/><V83/><F80/><W89/><G100/><T27/><D27/><U69/><E25/><V64/><F66/><W19/><REACH who="3" step="1"/><G61/><REACH who="3" ten="100,360,290,230" step="2"/><T123/><D123/><U34/><E63/><V11/><F72/><W121/><G121/><T21/><D21/><U93/><E23/><V5/><F79/><W120/><G120/><T28/><D28/><U130/><E125/><V44/><F11/><W16/><G16/><T106/><D106/><U53/><E31/><V10/><F10/><W104/><G104/><T119/><D119/><U17/><E29/><RYUUKYOKU ba="1,2" sc="100,15,360,-15,290,-15,230,15" hai0="4,8,14,24,30,35,55,58,62,91,94,97,98" hai3="9,12,19,45,46,60,67,84,85,86,89,95,99" /><INIT seed="2,2,2,0,5,119" ten="115,345,275,245" oya="2" hai0="118,18,32,36,109,114,101,59,84,10,55,27,92" hai1="98,25,53,85,4,128,86,44,26,69,62,30,12" hai2="24,91,41,58,75,11,51,1,104,133,110,125,77" hai3="130,80,121,40,28,54,33,94,19,37,17,22,43"/><V71/><F104/><W42/><G121/><T107/><D118/><U34/><E128/><V72/><F133/><W60/><G130/><T108/><D36/><U57/><E69/><V64/><F71/><W20/><G33/><T2/><D114/><U103/><E26/><V35/><F125/><W39/><G94/><T16/><D107/><U87/><E44/><V93/><F110/><N who="0" m="42602" /><D101/><U29/><E29/><V115/><F115/><W81/><G39/><T3/><D92/><U124/><E124/><V126/><F126/><W116/><G116/><T5/><D84/><U8/><E87/><V46/><F77/><W13/><G28/><N who="0" m="19487" /><D2/><U78/><E78/><V47/><F35/><W83/><G37/><T95/><D95/><AGARI ba="2,2" hai="4,8,12,25,30,34,53,57,62,85,86,95,98,103" machi="95" ten="30,1000,0" yaku="7,1" doraHai="119" who="1" fromWho="0" sc="115,-16,345,36,275,0,245,0" /><INIT seed="3,0,0,2,0,80" ten="99,381,275,245" oya="3" hai0="24,19,81,66,3,7,73,23,109,26,0,75,130" hai1="118,69,11,4,29,30,120,38,65,21,15,64,50" hai2="133,52,79,39,60,92,98,124,63,37,9,55,127" hai3="32,103,125,111,102,62,61,84,33,89,27,49,106"/><W90/><G125/><N who="2" m="48201" /><F79/><W122/><G122/><T36/><D36/><N who="2" m="13898" /><F9/><W6/><G111/><T18/><D109/><U112/><E112/><V126/><F126/><W41/><G6/><T83/><D66/><U74/><E74/><V46/><F133/><W121/><G121/><T117/><D7/><U67/><E38/><V132/><F132/><W48/><G106/><T100/><D100/><U34/><E34/><V59/><F98/><W116/><G116/><T68/><D68/><U8/><E69/><V35/><F35/><W108/><G108/><T14/><D14/><U82/><E118/><V51/><F92/><W128/><G41/><T104/><D117/><U56/><E82/><V123/><F123/><W20/><G20/><T135/><D135/><U72/><E72/><V115/><F63/><W17/><G17/><T87/><D104/><U78/><E11/><V10/><F10/><W16/><G16/><T12/><D12/><U93/><E21/><V13/><F13/><W88/><G27/><T43/><D23/><U134/><E120/><V2/><F2/><W101/><G32/><T76/><D76/><U54/><E78/><V31/><F31/><W129/><G33/><T86/><D43/><U107/><E107/><V77/><F77/><W131/><G84/><T119/><D119/><U114/><E134/><V97/><F97/><W53/><G62/><T47/><REACH who="0" step="1"/><D47/><REACH who="0" ten="89,381,275,245" step="2"/><U91/><E114/><AGARI ba="0,1" hai="46,51,52,55,59,60,114,115" m="13898,48201" machi="114" ten="30,7700,0" yaku="18,1,34,2,54,1" doraHai="80" who="2" fromWho="1" sc="89,0,381,-77,275,87,245,0" /><INIT seed="4,0,0,1,0,122" ten="89,304,362,245" oya="0" hai0="57,84,106,26,87,19,134,94,132,100,73,65,77" hai1="3,60,17,102,36,2,70,105,1,28,45,63,69" hai2="126,107,42,81,92,95,50,53,9,90,129,133,83" hai3="8,80,88,58,124,121,7,5,127,103,35,62,22"/><T97/><D65/><U15/><E28/><V110/><F107/><W51/><G121/><T117/><D57/><U116/><E116/><V89/><F42/><W59/><G35/><T27/><D19/><U72/><E72/><V128/><F9/><W118/><G118/><T13/><D13/><U0/><E0/><V44/><F126/><N who="3" m="48171" /><G103/><T79/><D27/><U31/><E31/><V75/><F133/><N who="0" m="51306" /><D26/><U82/><E70/><V66/><F66/><W49/><G22/><T91/><D117/><U115/><E69/><V135/><F135/><W67/><G59/><T93/><D73/><U32/><E3/><V85/><F75/><W21/><G21/><T34/><D34/><U114/><E2/><V119/><F119/><W33/><G33/><T37/><D37/><U130/><E36/><V54/><F44/><W99/><G49/><T78/><D84/><U56/><E56/><V30/><F50/><W47/><G8/><T108/><D108/><U11/><E11/><V39/><F39/><W71/><G71/><T29/><D29/><U98/><E32/><V20/><F20/><W12/><G12/><T120/><D120/><U40/><E15/><V48/><F30/><W23/><G23/><T41/><D41/><U74/><E40/><V10/><F48/><W4/><G51/><T76/><N who="0" m="19456" /><DORA hai="46" /><T123/><D123/><U86/><E1/><V14/><F10/><W61/><G47/><T43/><D43/><U16/><E45/><V96/><F14/><W101/><G58/><T111/><D111/><U25/><E74/><V112/><F110/><W64/><G67/><RYUUKYOKU ba="0,0" sc="89,30,304,-10,362,-10,245,-10" hai0="87,91,93,94,97,100,106" /><INIT seed="4,1,0,3,0,25" ten="119,294,352,235" oya="0" hai0="1,115,100,14,133,29,109,65,114,16,43,62,86" hai1="70,106,8,112,128,96,27,77,122,49,135,99,66" hai2="130,53,134,74,55,37,26,118,123,41,87,126,84" hai3="80,124,39,57,21,120,44,81,24,85,78,3,30"/><T121/><D1/><U68/><E122/><V102/><F74/><W59/><G124/><T83/><D121/><U36/><E36/><V93/><F123/><W38/><G120/><T67/><D43/><U61/><E135/><V6/><F126/><W51/><G3/><T46/><D133/><U90/><E77/><V64/><F134/><W23/><G23/><T28/><D46/><U50/><E128/><V20/><F130/><W9/><G9/><N who="0" m="6223" /><D100/><U69/><E69/><V60/><F6/><W127/><G127/><T34/><D34/><U32/><E70/><V5/><F5/><W92/><G39/><T47/><D47/><U40/><E40/><V71/><F41/><W129/><G129/><T22/><D22/><U104/><E8/><V42/><F118/><W15/><G15/><T97/><D97/><U89/><E99/><V132/><F132/><W116/><G116/><T48/><D48/><U17/><E50/><V72/><F72/><W54/><G38/><T103/><D103/><U58/><E49/><V18/><F42/><W82/><G78/><N who="0" m="46455" /><D109/><U52/><E32/><V10/><F37/><W107/><G107/><T95/><D95/><U0/><E106/><V11/><F102/><W35/><G35/><T76/><D76/><U117/><E104/><V110/><F110/><W131/><G131/><T33/><D33/><U12/><E117/><V19/><F93/><W108/><G108/><T31/><D62/><U45/><E61/><V4/><F60/><W79/><G79/><T2/><D2/><U111/><E111/><V7/><F20/><W105/><G105/><RYUUKYOKU ba="1,0" sc="119,15,294,-15,352,-15,235,15" hai0="28,29,31,65,67,114,115" hai3="21,24,30,44,51,54,57,59,80,81,82,85,92" /><INIT seed="4,2,0,1,2,20" ten="134,279,337,250" oya="0" hai0="120,83,130,60,134,132,124,18,37,8,94,119,106" hai1="41,122,29,82,12,131,25,3,108,51,27,89,96" hai2="61,125,70,42,24,111,15,109,21,126,114,133,121" hai3="43,72,117,2,116,73,50,40,86,58,14,104,31"/><T32/><D106/><U90/><E3/><V38/><F121/><W5/><G2/><T9/><D120/><U100/><E108/><V23/><F42/><W22/><G104/><T33/><D37/><U7/><E131/><V34/><F38/><W95/><G43/><T113/><D119/><U35/><E122/><V76/><F76/><W80/><G72/><T98/><D83/><U81/><E35/><V103/><F103/><W85/><G73/><T87/><D87/><U52/><E29/><N who="2" m="19751" /><F133/><N who="0" m="51306" /><D130/><U64/><E64/><N who="2" m="41231" /><F114/><W6/><G116/><T129/><D129/><U75/><E41/><V68/><F68/><W118/><G118/><T47/><D113/><U97/><E75/><V4/><F111/><W55/><G40/><T16/><D124/><N who="2" m="47722" /><F109/><W54/><G117/><T71/><D47/><U110/><E110/><V48/><F48/><W105/><G50/><T74/><D74/><U123/><E123/><V63/><F63/><W49/><G55/><T45/><D60/><U92/><E82/><V93/><F93/><W36/><G95/><T1/><D71/><U66/><E66/><V101/><F101/><W69/><G69/><T79/><D33/><U26/><E81/><V0/><F0/><W127/><G127/><T67/><D32/><U115/><E115/><V88/><F88/><N who="3" m="51239" /><G36/><T84/><D67/><U57/><E97/><V128/><F128/><W107/><G86/><T59/><D84/><U62/><E62/><V65/><F65/><W99/><G99/><T135/><D98/><U77/><E77/><V17/><F4/><N who="3" m="1643" /><G31/><T10/><N who="0" m="51314" /><T19/><DORA hai="56" /><D79/><RYUUKYOKU ba="2,0" sc="134,-30,279,10,337,10,250,10" hai1="7,12,25,26,27,51,52,57,89,90,92,96,100" hai2="15,17,21,23" hai3="14,22,49,54,58,105,107" /><INIT seed="5,3,0,1,5,20" ten="104,289,347,260" oya="1" hai0="60,35,130,8,23,114,30,63,133,22,108,81,61" hai1="80,105,120,64,37,11,69,135,4,119,112,58,82" hai2="45,128,72,24,90,122,85,41,83,110,46,42,74" hai3="125,132,7,52,34,68,50,25,47,134,31,99,53"/><U26/><E119/><V36/><F110/><W13/><G125/><T75/><D108/><U121/><E37/><V29/><F122/><W54/><G99/><T55/><D35/><U98/><E69/><V40/><F128/><W116/><G68/><T88/><D130/><U115/><E58/><V51/><REACH who="2" step="1"/><F42/><REACH who="2" ten="104,289,337,260" step="2"/><W109/><G109/><T2/><D133/><N who="3" m="51305" /><G116/><T43/><D43/><U100/><E135/><V97/><F97/><W126/><G126/><T5/><D114/><U102/><E98/><V77/><F77/><W18/><G7/><T27/><D23/><AGARI ba="3,1" hai="23,24,29,36,40,41,45,46,51,72,74,83,85,90" machi="23" ten="30,7700,0" yaku="1,1,7,1,52,1,53,1" doraHai="20" doraHaiUra="79" who="2" fromWho="0" sc="104,-86,289,0,337,96,260,0" /><AGARI ba="3,0" hai="13,18,23,25,31,34,47,50,52,53,54" m="51305" machi="23" ten="30,3900,0" yaku="20,1,52,1,54,1" doraHai="20" who="3" fromWho="0" sc="18,-39,289,0,433,0,260,39" owari="-21,-52.0,289,-11.0,433,53.0,299,10.0" /></mjloggm>