<mjloggm ver="2.3"><GO type="41" lobby="0"/><UN n0="%E3%83%99%E3%83%B3%E3%82%B8%E3%83%A3%E3%83%9F%E3%83%B3%E7%A7%BB%E9%80%81" n1="%E9%89%84%E5%85%B5" n2="%E5%BC%B1%E9%9B%80" n3="%E2%93%9D%53%75%70%68%78" dan="14,15,13,17" rate="1886.43,1954.86,1864.45,2050.78" sx="M,M,M,M"/><TAIKYOKU oya="0"/><INIT seed="0,0,0,1,4,25" ten="250,250,250,250" oya="0" hai0="23,70,100,81,120,112,92,56,29,126,36,88,122" hai1="130,12,28,105,80,51,128,134,49,60,67,74,21" hai2="14,135,33,111,5,118,115,125,84,7,132,75,40" hai3="15,6,73,43,59,87,54,11,97,119,65,90,91"/><T107/><D112/><U89/><E105/><V41/><F75/><W62/><G73/><T93/><D36/><U13/><E134/><N who="2" m="51243" /><F115/><W94/><G119/><T109/><D70/><U71/><E28/><V104/><F104/><W16/><G43/><T77/><D126/><U69/><E69/><V1/><F1/><W64/><REACH who="3" step="1"/><G6/><REACH who="3" ten="250,250,250,240" step="2"/><T46/><D109/><U117/><E117/><V2/><F41/><W131/><G131/><N who="1" m="50218" /><E74/><V50/><F40/><W38/><G38/><T55/><D120/><U19/><E12/><V24/><F7/><W57/><G57/><T47/><D122/><U48/><E80/><AGARI ba="0,1" hai="11,15,16,54,59,62,64,65,80,87,90,91,94,97" machi="80" ten="30,8000,1" yaku="1,1,7,1,8,1,54,1,53,1" doraHai="25" doraHaiUra="53" who="3" fromWho="1" sc="250,0,250,-80,250,0,240,90" /><INIT seed="1,0,0,5,2,129" ten="250,170,250,330" oya="1" hai0="77,67,32,26,134,135,41,83,47,106,126,95,28" hai1="59,111,50,15,45,61,37,123,54,102,68,39,38" hai2="75,78,12,118,48,64,113,5,10,81,6,58,25" hai3="88,30,43,100,105,73,60,114,76,117,103,55,98"/><U108/><E102/><V31/><F118/><W42/><G114/><T90/><D106/><U65/><E15/><V0/><F113/><W87/><G103/><T33/><D67/><U44/><REACH who="1" step="1"/><E123/><REACH who="1" ten="250,160,250,330" step="2"/><V109/><F0/><W3/><G100/><T116/><D116/><U72/><E72/><V94/><F75/><W101/><G3/><T110/><D110/><AGARI ba="0,1" hai="37,38,39,44,45,50,54,59,61,65,68,108,110,111" machi="110" ten="50,18000,2" yaku="1,1,14,1,10,1,34,3,53,0" doraHai="129" doraHaiUra="124" who="1" fromWho="0" sc="250,-180,160,190,250,0,330,0" /><INIT seed="1,1,0,4,3,43" ten="70,350,250,330" oya="1" hai0="28,120,102,110,10,74,38,106,14,53,125,70,134" hai1="46,133,67,97,95,73,109,104,39,87,49,101,124" hai2="60,94,115,0,85,99,112,58,11,22,75,23,71" hai3="93,19,32,76,13,100,113,132,118,15,90,105,77"/><U88/><E124/><V116/><F116/><W40/><G113/><N who="2" m="43593" /><F75/><W63/><G32/><T130/><D102/><U80/><E133/><V9/><F71/><W127/><G105/><T45/><D28/><U86/><E67/><V42/><F42/><W57/><G15/><T55/><D14/><U91/><E39/><V18/><F85/><W81/><G132/><T114/><D10/><N who="2" m="3594" /><F0/><W111/><G40/><T108/><D55/><U64/><E64/><N who="2" m="38935" /><F18/><W96/><G118/><T34/><D53/><U21/><E21/><V128/><F128/><W92/><G19/><T119/><D45/><U103/><E46/><V37/><F37/><W5/><G57/><T68/><D110/><U12/><E12/><V47/><F47/><W65/><G111/><T35/><D35/><U16/><E16/><V98/><F98/><W126/><G96/><T51/><D51/><U29/><E29/><V31/><F31/><W131/><G131/><T36/><D36/><U33/><E49/><V24/><F24/><W121/><G13/><T82/><D82/><N who="1" m="49239" /><E33/><V17/><F17/><W2/><G2/><AGARI ba="1,0" hai="2,34,38,68,70,74,106,108,114,119,120,125,130,134" machi="2" ten="0,32000,5" yakuman="47" doraHai="43" who="0" fromWho="3" sc="70,323,350,0,250,0,330,-323" /><INIT seed="2,0,0,3,1,9" ten="393,350,250,7" oya="2" hai0="76,72,89,67,129,73,18,48,106,135,108,101,54" hai1="116,59,30,5,26,125,6,68,88,114,50,33,94" hai2="13,14,32,124,130,1,91,87,37,97,23,117,27" hai3="107,64,110,93,46,86,29,98,92,90,40,41,70"/><V119/><F37/><W82/><G110/><T43/><D108/><U113/><E116/><V12/><F1/><W51/><G107/><T80/><D67/><U84/><E68/><V11/><F124/><W60/><G29/><T21/><D135/><U8/><E125/><V22/><F130/><W121/><G121/><T35/><D35/><U42/><E5/><V120/><F120/><W28/><G28/><T104/><D129/><U115/><E42/><V39/><F39/><W133/><G133/><T0/><D0/><U126/><E126/><V69/><F69/><W36/><G41/><T99/><D43/><U95/><E95/><V79/><F79/><W83/><G36/><T111/><D111/><U127/><E127/><V55/><F11/><W58/><G70/><T122/><D122/><U34/><E34/><V85/><F55/><W45/><G45/><T131/><D131/><U77/><E77/><V66/><F66/><W118/><G118/><T25/><D89/><AGARI ba="0,0" hai="40,46,51,58,60,64,82,83,86,89,90,92,93,98" machi="89" ten="30,2000,0" yaku="7,1,8,1" doraHai="9" who="3" fromWho="0" sc="393,-20,350,0,250,0,7,20" /><INIT seed="3,0,0,3,1,27" ten="373,350,250,27" oya="3" hai0="4,101,95,109,63,118,84,64,59,33,126,77,115" hai1="68,8,26,51,7,14,120,114,123,10,28,128,35" hai2="23,54,12,48,81,119,43,38,30,102,99,111,127" hai3="58,87,125,25,66,22,122,36,52,121,6,88,0"/><W96/><G36/><T83/><D118/><U117/><E68/><V45/><F111/><W55/><G125/><T21/><D126/><U98/><E98/><V11/><F127/><W92/><G0/><T17/><D115/><U53/><E114/><V37/><F119/><W29/><G6/><T32/><D109/><U49/><E117/><V105/><F81/><W5/><G5/><T94/><D4/><U79/><E128/><V20/><F38/><W50/><G66/><T93/><REACH who="0" step="1"/><D101/><REACH who="0" ten="363,350,250,27" step="2"/><U74/><E8/><V60/><F102/><W71/><G71/><T19/><D19/><U104/><E104/><V85/><F105/><W44/><REACH who="3" step="1"/><G96/><REACH who="3" ten="363,350,250,17" step="2"/><T31/><D31/><U62/><E123/><V107/><F30/><W133/><G133/><T75/><D75/><U130/><E120/><V1/><F99/><W86/><G86/><T135/><D135/><U72/><E72/><V124/><F124/><W69/><G69/><T76/><D76/><U2/><E130/><V15/><F85/><W16/><G16/><T65/><D65/><U112/><E112/><V13/><F1/><W131/><G131/><T82/><D82/><U47/><E2/><V91/><F11/><W39/><G39/><T73/><D73/><U113/><E113/><V100/><F37/><W3/><G3/><T41/><D41/><N who="1" m="24815" /><E79/><V18/><F43/><W134/><G134/><T103/><D103/><U70/><E74/><V106/><F100/><W42/><G42/><T108/><D108/><U97/><E97/><V46/><F18/><W132/><G132/><T67/><D67/><N who="1" m="41335" /><E53/><V78/><F54/><RYUUKYOKU ba="0,2" sc="363,10,350,10,250,-30,17,10" hai0="17,21,32,33,59,63,64,77,83,84,93,94,95" hai1="7,10,14,26,28,35,51" hai3="22,25,29,44,50,52,55,58,87,88,92,121,122" /><INIT seed="3,1,2,0,3,25" ten="373,360,220,27" oya="3" hai0="48,69,56,95,31,102,93,75,76,24,41,115,62" hai1="49,21,27,6,38,90,22,114,67,123,101,78,63" hai2="87,33,65,39,132,92,130,111,3,29,99,108,104" hai3="9,7,54,100,60,80,59,72,113,77,8,11,2"/><W84/><G113/><T120/><D120/><U34/><E123/><V125/><F39/><W57/><G100/><T58/><D69/><U86/><E114/><V26/><F3/><W50/><REACH who="3" step="1"/><G72/><REACH who="3" ten="373,360,220,17" step="2"/><T135/><D115/><U1/><E101/><V43/><F125/><W122/><G122/><T91/><D102/><U128/><E128/><V105/><F130/><W121/><G121/><T45/><D135/><U12/><E38/><V20/><F132/><W15/><G15/><T13/><D13/><U131/><E131/><V23/><F26/><W42/><G42/><T0/><D0/><U4/><E27/><V79/><F43/><W134/><G134/><T103/><D75/><U118/><E1/><V107/><F107/><W16/><G16/><T106/><D106/><U73/><E12/><V116/><F104/><W40/><G40/><T55/><D103/><U133/><E133/><V98/><F105/><W82/><G82/><T64/><D76/><U124/><E78/><V112/><F79/><W28/><G28/><T44/><D91/><U30/><E30/><V117/><F29/><W97/><G97/><T68/><D31/><U10/><E73/><V110/><F99/><W35/><G35/><T53/><D24/><U52/><E34/><V46/><F98/><W88/><G88/><T71/><D95/><U96/><E96/><V89/><F33/><W129/><G129/><T19/><D19/><U14/><E90/><V94/><F92/><W17/><G17/><T83/><D83/><U51/><E14/><V109/><F94/><W61/><G61/><N who="0" m="35983" /><D93/><U70/><E63/><RYUUKYOKU ba="1,3" sc="373,15,360,-15,220,-15,17,15" hai0="41,44,45,48,55,58,62,64,68,71" hai3="2,7,8,9,11,50,54,57,59,60,77,80,84" /><INIT seed="3,2,3,0,5,54" ten="388,345,205,32" oya="3" hai0="109,100,52,32,56,23,0,113,92,59,25,60,87" hai1="108,64,66,24,19,43,72,105,33,81,135,41,11" hai2="101,58,107,4,26,121,133,120,8,45,57,115,96" hai3="69,10,124,68,85,116,114,127,134,75,30,50,6"/><W104/><G114/><T18/><D0/><U99/><E108/><V122/><F115/><W89/><G75/><T110/><D113/><U5/><E135/><V9/><F133/><W47/><G30/><T93/><D32/><U55/><E55/><V37/><F26/><W15/><G104/><T36/><D36/><U70/><E66/><V34/><F34/><W112/><G116/><T95/><D87/><U119/><E119/><V117/><F117/><W74/><G74/><T84/><D84/><U73/><E43/><N who="2" m="22767" /><F9/><W111/><G111/><N who="0" m="42507" /><D59/><N who="2" m="22538" /><F8/><W71/><G112/><T28/><D28/><N who="1" m="19591" /><E41/><V78/><F78/><W86/><G134/><T46/><D46/><U21/><E81/><V20/><F20/><W126/><REACH who="3" step="1"/><G89/><REACH who="3" ten="388,345,205,22" step="2"/><T31/><D31/><U94/><E73/><V14/><F14/><W80/><G80/><T39/><D39/><U7/><E72/><V67/><F67/><W44/><G44/><T129/><D129/><U40/><E94/><V125/><F125/><W63/><G63/><T38/><D38/><U12/><E64/><V76/><F76/><W123/><G123/><T29/><D29/><U77/><E12/><V118/><F118/><W103/><G103/><AGARI ba="2,4" hai="18,23,25,52,56,60,92,93,95,100,103" m="42507" machi="103" ten="30,3900,0" yaku="14,1,52,1,54,1" doraHai="54" who="0" fromWho="3" sc="388,85,345,0,205,0,22,-45" owari="473,56.0,345,15.0,205,-19.0,-23,-52.0" /></mjloggm>