<mjloggm ver="2.3"><GO type="41" lobby="0"/><UN n0="%E2%93%9D%53%75%70%68%78" n1="%49%72%75%6E" n2="%E3%81%8A%E3%81%B0%E3%81%A3%E3%81%A1" n3="%E6%BC%AB%E6%89%8D%E9%BA%BB%E5%B0%86%E5%91%86%E5%91%86" dan="18,13,13,15" rate="2052.15,1887.17,1834.59,1974.82" sx="M,M,F,F"/><TAIKYOKU oya="0"/><INIT seed="0,0,0,0,0,39" ten="250,250,250,250" oya="0" hai0="33,101,20,92,34,93,38,107,65,127,29,115,49" hai1="15,114,5,100,2,80,117,11,45,12,62,125,1" hai2="132,56,102,87,41,57,55,98,26,48,99,105,50" hai3="7,95,111,85,37,130,22,61,97,66,8,30,116"/><T54/><D38/><U63/><E117/><V36/><F132/><W10/><G116/><T129/><D115/><U91/><E125/><V59/><F98/><W128/><G37/><T3/><D3/><U21/><E114/><V90/><F36/><W124/><G124/><T76/><D107/><U110/><E100/><V58/><F26/><N who="3" m="16727" /><G85/><T52/><D65/><U35/><E35/><V126/><F126/><W40/><G40/><T53/><D129/><N who="3" m="49769" /><G111/><T79/><D127/><U108/><E45/><V44/><REACH who="2" step="1"/><F59/><REACH who="2" ten="250,250,240,250" step="2"/><N who="3" m="37183" /><G7/><T70/><D34/><U74/><E5/><V121/><F121/><W81/><G81/><AGARI ba="0,1" hai="41,44,48,50,55,56,57,58,81,87,90,99,102,105" machi="81" ten="30,7700,0" yaku="1,1,7,1,52,1,53,1" doraHai="39" doraHaiUra="77" who="2" fromWho="3" sc="250,0,250,0,240,87,250,-77" /><INIT seed="1,0,0,5,4,4" ten="250,250,327,173" oya="1" hai0="111,126,61,2,18,19,74,54,11,7,125,59,62" hai1="113,132,16,131,118,68,26,81,28,83,21,104,23" hai2="60,117,43,20,116,31,99,15,127,97,6,30,9" hai3="86,96,109,5,67,35,112,128,42,94,33,76,25"/><U115/><E118/><V22/><F43/><W73/><G112/><T124/><D74/><U120/><E68/><V69/><F127/><W44/><G73/><T29/><D29/><U75/><E120/><V14/><F69/><W84/><G109/><T89/><D111/><U121/><E121/><V91/><F60/><W58/><G128/><T79/><D79/><U88/><E132/><V17/><F91/><W63/><G35/><T135/><D135/><U92/><E104/><V8/><F97/><W93/><G93/><T108/><D108/><U107/><E107/><V95/><F95/><W102/><G76/><T49/><D89/><U48/><E131/><V36/><F36/><W103/><G103/><T12/><REACH who="0" step="1"/><D19/><REACH who="0" ten="240,250,327,173" step="2"/><U90/><E75/><V114/><F114/><W39/><REACH who="3" step="1"/><G5/><REACH who="3" ten="240,250,327,163" step="2"/><T78/><D78/><U134/><E134/><V38/><F117/><W105/><G105/><T100/><D100/><U53/><E90/><V122/><F116/><W0/><G0/><T85/><D85/><N who="1" m="52239" /><E115/><V101/><F122/><W57/><G57/><T50/><D50/><U129/><E129/><V80/><F38/><W45/><G45/><T55/><D55/><U52/><E113/><V106/><F80/><N who="1" m="30793" /><E48/><V70/><F70/><W24/><G24/><AGARI ba="0,2" hai="16,21,23,24,26,28,52,53" m="30793,52239" machi="24" ten="30,11600,0" yaku="8,1,54,3" doraHai="4" who="1" fromWho="3" sc="240,0,250,136,327,0,163,-116" /><INIT seed="1,1,0,2,0,32" ten="240,386,327,47" oya="1" hai0="11,6,66,90,91,49,8,129,135,19,10,36,59" hai1="110,112,9,126,63,78,132,130,107,71,117,45,106" hai2="25,94,20,12,103,77,69,100,87,82,54,64,116" hai3="122,58,5,46,21,119,47,79,51,92,133,48,16"/><U88/><E112/><V72/><F116/><W55/><G122/><T80/><D36/><U131/><E117/><V99/><F12/><W75/><G119/><T124/><D129/><U50/><E126/><V3/><F3/><W123/><G123/><T0/><D135/><U113/><E113/><V30/><F103/><W102/><G133/><T61/><D124/><U24/><E78/><V35/><F64/><W41/><G79/><T93/><D19/><U67/><E132/><V27/><F69/><W127/><G75/><T65/><D65/><U111/><E24/><V74/><REACH who="2" step="1"/><F54/><REACH who="2" ten="240,386,317,47" step="2"/><W38/><G127/><T108/><D66/><U95/><E131/><V17/><AGARI ba="1,1" hai="17,20,25,27,30,35,72,74,77,82,87,94,99,100" machi="17" ten="20,5200,0" yaku="1,1,2,1,0,1,7,1,53,0" doraHai="32" doraHaiUra="53" who="2" fromWho="2" sc="240,-14,386,-27,317,65,47,-14" /><INIT seed="2,0,0,3,3,65" ten="226,359,382,33" oya="2" hai0="124,0,117,28,3,4,24,120,123,44,96,45,7" hai1="112,75,93,131,2,126,38,36,22,92,98,86,60" hai2="46,40,132,6,11,72,88,54,62,29,82,69,26" hai3="110,70,108,5,21,85,135,49,102,90,130,10,95"/><V121/><F132/><W100/><G135/><T50/><D96/><U31/><E112/><V118/><F121/><W59/><G21/><T57/><D57/><U81/><E75/><V37/><F118/><W56/><G130/><T20/><D50/><U114/><E2/><V41/><F41/><W101/><G49/><T77/><D77/><U68/><E126/><V48/><F26/><W134/><G134/><T113/><D45/><U47/><E114/><V106/><F106/><W107/><G107/><T8/><D44/><U30/><E131/><V25/><F69/><W12/><REACH who="3" step="1"/><G70/><REACH who="3" ten="226,359,382,23" step="2"/><T74/><D113/><U61/><E68/><V104/><F104/><W39/><G39/><T78/><D123/><U127/><E22/><V97/><F37/><W111/><AGARI ba="0,1" hai="5,10,12,56,59,85,90,95,100,101,102,108,110,111" machi="111" ten="40,5200,0" yaku="1,1,0,1,14,1,53,0" doraHai="65" doraHaiUra="128" who="3" fromWho="3" sc="226,-13,359,-13,382,-26,23,62" /><INIT seed="3,0,0,3,4,95" ten="213,346,356,85" oya="3" hai0="75,94,4,46,20,89,135,93,102,0,54,83,32" hai1="78,99,76,36,109,66,6,124,63,117,125,27,126" hai2="71,47,57,42,28,45,5,116,79,104,51,43,81" hai3="101,67,90,87,92,56,114,9,44,105,120,2,72"/><W85/><G114/><T30/><D32/><U84/><E36/><V68/><F28/><W7/><G120/><T134/><D4/><U98/><E6/><V70/><F104/><W97/><G72/><T133/><D0/><U29/><E117/><V132/><F5/><W25/><G44/><T111/><D111/><U12/><E109/><V59/><F116/><W19/><G25/><N who="0" m="16679" /><D102/><U34/><E12/><V53/><F81/><W115/><G115/><T49/><D89/><U108/><E108/><V15/><F15/><W60/><REACH who="3" step="1"/><G19/><REACH who="3" ten="213,346,356,75" step="2"/><T86/><D75/><U130/><E130/><V129/><F129/><W40/><G40/><T73/><D73/><U107/><E126/><V39/><F132/><W96/><AGARI ba="0,1" hai="2,7,9,56,60,67,85,87,90,92,96,97,101,105" machi="96" ten="20,12000,1" yaku="1,1,0,1,7,1,52,2,53,0" doraHai="95" doraHaiUra="77" who="3" fromWho="3" sc="213,-40,346,-40,356,-40,75,130" /><INIT seed="3,1,0,0,0,129" ten="173,306,316,205" oya="3" hai0="81,40,6,68,79,101,46,85,95,70,29,4,24" hai1="125,93,3,38,28,17,47,123,132,26,88,2,105" hai2="104,92,13,32,19,119,36,84,62,23,39,108,56" hai3="60,10,65,64,115,127,73,111,42,15,96,25,121"/><W94/><G115/><T100/><D70/><U133/><E105/><V122/><F104/><W71/><G121/><T63/><D68/><U33/><E123/><V75/><F32/><W31/><G73/><T53/><D63/><U22/><E125/><V87/><F119/><W45/><G127/><T109/><D53/><U130/><E38/><V77/><F108/><W12/><G64/><T5/><D109/><U8/><E47/><V82/><F75/><W61/><G61/><T118/><D95/><U30/><E130/><V41/><F41/><W76/><G76/><T27/><D27/><N who="1" m="18591" /><E88/><V66/><F122/><W1/><G1/><N who="1" m="10" /><E93/><V113/><F113/><W37/><G10/><T107/><D118/><U99/><E99/><V80/><F92/><W117/><G117/><T120/><D107/><U35/><E8/><V16/><F19/><W131/><G131/><T44/><D120/><U91/><E91/><AGARI ba="1,0" hai="13,16,23,36,39,56,62,66,77,80,82,84,87,91" machi="91" ten="30,2000,0" yaku="7,1,54,1" doraHai="129" who="2" fromWho="1" sc="173,0,306,-23,316,23,205,0" /><INIT seed="4,0,0,1,3,120" ten="173,283,339,205" oya="0" hai0="41,19,132,28,13,39,118,63,40,46,114,47,62" hai1="61,69,45,129,50,103,11,111,26,93,33,16,115" hai2="133,59,44,98,88,82,55,27,116,113,90,87,135" hai3="95,64,79,58,81,119,121,100,0,75,96,123,128"/><T60/><D118/><U102/><E129/><V37/><F113/><W34/><G0/><T70/><D28/><U108/><E115/><V134/><F116/><W35/><G119/><T83/><D114/><U42/><E33/><V30/><F44/><W9/><G128/><T49/><D83/><U15/><E26/><V52/><F37/><W77/><G9/><T122/><D132/><U91/><E69/><V94/><REACH who="2" step="1"/><F59/><REACH who="2" ten="173,283,329,205" step="2"/><W65/><G58/><T18/><D122/><U38/><E38/><V51/><F51/><W10/><G121/><T101/><D70/><U25/><E61/><V23/><AGARI ba="0,1" hai="23,27,30,52,55,82,87,88,90,94,98,133,134,135" machi="23" ten="30,8000,1" yaku="1,1,0,1,20,1,54,2,53,0" doraHai="120" doraHaiUra="31" who="2" fromWho="2" sc="173,-40,283,-20,329,90,205,-20" /><INIT seed="5,0,0,4,4,53" ten="133,263,419,185" oya="1" hai0="76,83,58,102,117,90,69,134,67,60,133,23,46" hai1="96,122,115,99,93,14,22,92,82,71,84,135,57" hai2="29,87,113,19,27,75,39,124,112,50,132,55,9" hai3="2,37,56,123,33,101,63,13,65,41,66,104,111"/><U95/><E122/><V129/><F75/><W85/><G123/><T49/><D102/><U110/><E71/><V15/><F39/><W119/><G2/><T12/><D90/><U72/><E135/><N who="0" m="51721" /><D23/><U6/><E115/><N who="2" m="44107" /><F124/><W77/><G111/><T120/><D12/><U107/><E110/><V61/><F61/><W105/><G33/><T1/><D1/><U0/><E0/><V97/><F97/><W26/><G119/><T47/><D83/><U30/><E72/><V109/><F129/><W45/><G101/><T18/><D18/><U125/><E125/><V94/><F109/><W64/><G26/><T78/><D78/><U88/><E107/><V73/><F73/><W7/><G104/><T35/><D76/><U131/><E131/><V48/><F48/><N who="3" m="26671" /><G105/><T40/><D35/><U38/><E38/><V130/><F130/><W4/><G37/><N who="0" m="21775" /><D120/><U52/><E30/><V3/><F3/><W11/><G7/><T44/><D117/><U24/><E6/><V118/><F118/><W36/><G36/><T114/><D114/><U31/><E14/><V28/><F27/><W59/><G77/><T5/><D5/><U100/><E96/><V17/><F17/><W32/><G85/><T127/><D127/><U128/><E128/><V81/><F94/><W20/><G32/><T116/><D116/><U108/><E108/><V25/><F25/><W68/><G20/><T98/><D98/><U121/><E121/><V8/><F8/><W62/><G4/><T43/><D47/><U34/><E34/><V86/><F132/><W10/><G13/><T106/><D106/><RYUUKYOKU ba="0,0" sc="133,10,263,10,419,-30,185,10" hai0="43,44,49,58,60,67,69" hai1="22,24,31,52,57,82,84,88,92,93,95,99,100" hai3="10,11,56,59,62,63,64,65,66,68" /><INIT seed="5,1,0,5,4,121" ten="143,273,389,195" oya="1" hai0="61,105,130,34,17,58,122,41,104,89,108,71,66" hai1="95,103,49,88,127,111,40,80,123,8,124,72,112" hai2="98,39,92,44,82,90,119,128,133,76,21,13,118" hai3="36,25,52,24,22,9,1,78,116,102,132,51,85"/><U37/><E37/><V114/><F39/><W73/><G36/><T31/><D130/><U27/><E123/><V15/><F133/><W83/><G132/><T3/><D122/><U7/><E27/><V16/><F128/><W23/><G116/><T97/><D3/><U60/><E112/><V101/><F114/><W48/><G73/><T106/><D41/><U57/><E72/><V50/><F101/><W64/><G64/><T77/><D77/><U4/><E103/><V129/><F129/><W38/><G48/><T131/><D17/><U14/><E80/><V32/><F32/><W46/><G38/><T10/><D10/><U69/><E69/><V12/><F118/><W59/><G102/><T86/><D131/><U68/><E7/><V93/><F93/><W115/><G115/><T74/><D74/><U29/><E29/><V125/><F125/><N who="1" m="48201" /><E68/><V100/><F100/><W126/><G126/><T47/><D71/><U33/><E33/><V135/><F135/><W53/><G1/><T43/><D31/><U20/><E20/><N who="3" m="7722" /><G9/><T70/><D70/><U110/><E49/><V55/><F119/><W99/><G99/><T2/><D97/><N who="1" m="57575" /><E40/><V54/><F55/><AGARI ba="1,0" hai="4,8,14,55,57,60,110,111" m="57575,48201" machi="55" ten="30,11600,0" yaku="18,1,52,2,54,1" doraHai="121" who="1" fromWho="2" sc="143,0,273,119,389,-119,195,0" /><INIT seed="5,2,0,2,4,33" ten="143,392,270,195" oya="1" hai0="0,86,72,55,89,6,10,92,51,63,48,71,111" hai1="98,96,14,100,15,42,84,37,5,8,32,101,36" hai2="52,65,68,109,20,106,88,119,45,105,74,16,79" hai3="128,12,66,11,24,43,121,64,81,27,131,35,83"/><U102/><E32/><V30/><F109/><W38/><G121/><T1/><D111/><U116/><E116/><V104/><F119/><W94/><G94/><T129/><D72/><U69/><E69/><V29/><F79/><W58/><G43/><T7/><D129/><N who="3" m="49737" /><G38/><T135/><D135/><U114/><E42/><V80/><F74/><W113/><G113/><T57/><REACH who="0" step="1"/><D71/><REACH who="0" ten="133,392,270,195" step="2"/><U87/><E114/><V134/><F68/><W130/><G130/><T70/><D70/><U82/><E37/><V61/><F134/><W122/><G122/><T22/><D22/><U123/><E36/><V53/><F20/><W67/><G35/><T127/><D127/><U41/><E41/><V73/><F73/><W49/><G27/><T85/><D85/><U21/><E87/><V120/><F120/><W46/><G24/><T47/><D47/><U108/><E108/><V77/><F45/><W133/><G133/><T50/><D50/><U118/><E118/><V56/><F61/><W78/><G46/><T44/><D44/><U28/><E123/><V60/><F60/><W99/><G49/><T95/><D95/><U3/><E21/><V26/><F56/><W25/><G25/><T107/><D107/><U18/><E28/><V19/><F30/><W75/><G58/><T9/><AGARI ba="2,1" hai="0,1,6,7,9,10,48,51,55,57,63,86,89,92" machi="9" ten="30,8000,1" yaku="1,1,0,1,9,1,52,2,53,0" doraHai="33" doraHaiUra="124" who="0" fromWho="0" sc="133,96,392,-42,270,-22,195,-22" /><INIT seed="6,0,0,3,2,110" ten="229,350,248,173" oya="2" hai0="25,51,0,45,119,102,47,112,97,133,42,13,82" hai1="104,41,93,34,72,135,65,4,2,6,81,62,61" hai2="107,24,80,33,106,117,88,98,57,77,132,69,103" hai3="123,14,122,68,109,1,83,56,128,58,7,114,59"/><V120/><F117/><W96/><G68/><T71/><D0/><U20/><E93/><V22/><F120/><W31/><G109/><T121/><D121/><U124/><E62/><V11/><F132/><W67/><G1/><T105/><D71/><U37/><E20/><V8/><F33/><W74/><G31/><T95/><D105/><U23/><E23/><V44/><F69/><W130/><G67/><T15/><D112/><U29/><E135/><V111/><F107/><W49/><G96/><T9/><D119/><U90/><E104/><V92/><F44/><W125/><G125/><T101/><D25/><U18/><E18/><V76/><F76/><N who="3" m="44439" /><G49/><T70/><D70/><U54/><E54/><V131/><F131/><N who="3" m="50219" /><G14/><T12/><D133/><U115/><E90/><V134/><F134/><W55/><G7/><T5/><D102/><U116/><E6/><V99/><F57/><N who="3" m="22123" /><G122/><T43/><D82/><U40/><E4/><V32/><F32/><W85/><G85/><T52/><D52/><U39/><E34/><V35/><F35/><W50/><G123/><T63/><D63/><U108/><E124/><V129/><F111/><W86/><G86/><T3/><D3/><U84/><E84/><V89/><F89/><W75/><G75/><T28/><D28/><U66/><E2/><V53/><F53/><W91/><G91/><T127/><D127/><U36/><E72/><V30/><F129/><W79/><G79/><T126/><D126/><U27/><E108/><V16/><F30/><W21/><G21/><T17/><D5/><U113/><E29/><V38/><F38/><AGARI ba="0,0" hai="9,12,13,15,17,38,42,43,45,47,51,95,97,101" machi="38" ten="30,2000,0" yaku="6,1,7,1" doraHai="110" who="0" fromWho="2" sc="229,20,350,0,248,-20,173,0" /><INIT seed="7,0,0,1,0,57" ten="249,350,228,173" oya="3" hai0="126,39,7,8,12,105,91,28,96,59,6,1,2" hai1="63,0,37,40,99,64,48,4,65,78,83,43,27" hai2="81,132,34,13,3,129,19,135,32,90,103,127,88" hai3="49,134,31,77,82,79,17,113,54,50,61,33,52"/><W102/><G134/><N who="2" m="51241" /><F3/><W107/><G113/><T36/><D28/><U100/><E37/><V53/><F103/><W16/><G33/><N who="2" m="12905" /><F81/><W130/><G31/><T131/><D126/><U46/><E4/><V35/><N who="2" m="12913" /><V86/><DORA hai="67" /><F127/><W109/><G107/><T74/><D131/><U101/><E27/><V76/><F76/><N who="3" m="29259" /><G130/><T20/><D105/><U84/><E0/><V114/><F129/><W14/><G109/><T93/><D74/><U87/><E65/><V42/><F42/><W9/><G102/><T69/><D2/><U5/><E5/><V41/><F41/><W120/><G120/><T118/><D7/><U108/><E40/><V56/><F86/><W112/><G112/><T23/><D1/><U104/><E87/><V22/><F114/><W116/><G116/><T75/><D118/><U117/><E108/><V125/><F125/><W15/><G82/><T124/><D124/><U58/><E101/><V89/><F89/><W26/><G26/><T71/><D75/><U45/><E117/><V18/><F19/><W98/><G98/><T94/><D96/><U133/><E133/><V119/><F119/><W85/><G85/><T128/><D128/><U11/><E43/><V44/><F44/><W92/><G92/><T21/><D94/><U68/><E46/><V73/><F73/><W55/><G61/><AGARI ba="0,0" hai="13,18,22,53,56,61,88,90" m="12913,51241" machi="61" ten="40,5200,0" yaku="20,1,52,1,54,1" doraHai="57,67" who="2" fromWho="3" sc="249,0,350,0,228,52,173,-52" owari="249,-15.0,350,45.0,280,8.0,121,-38.0" /></mjloggm>