<mjloggm ver="2.3"><GO type="41" lobby="0"/><UN n0="%E3%81%97%E3%82%85%E3%81%8F%E3%81%8C%E3%82%8F%E3%82%89%E3%82%93" n1="%63%68%69%73%73%6F" n2="%74%6F%73%61%6E%61%67%61" n3="%E2%93%9D%53%75%70%68%78" dan="15,13,13,17" rate="1978.90,1920.89,1822.63,2067.28" sx="M,M,M,M"/><TAIKYOKU oya="0"/><INIT seed="0,0,0,1,0,75" ten="250,250,250,250" oya="0" hai0="46,106,20,100,34,114,29,116,54,91,108,88,30" hai1="55,120,89,98,110,0,101,109,90,74,57,65,115" hai2="87,10,71,3,122,60,94,95,36,83,14,26,31" hai3="38,1,19,24,93,119,15,22,59,28,85,126,129"/><T13/><D114/><U80/><E0/><V35/><F36/><W125/><G38/><T104/><D116/><U69/><E69/><V112/><F122/><W27/><G59/><T82/><D34/><U78/><E65/><V61/><F3/><W9/><G93/><T48/><D100/><U133/><E120/><V4/><F112/><W16/><G85/><T17/><D108/><U118/><E118/><V92/><REACH who="2" step="1"/><F71/><REACH who="2" ten="250,250,240,250" step="2"/><W49/><G119/><T121/><D121/><U33/><E115/><V103/><F103/><W45/><G1/><T131/><D131/><U56/><E110/><V117/><F117/><W43/><REACH who="3" step="1"/><G129/><REACH who="3" ten="250,250,240,240" step="2"/><T66/><D106/><U37/><E109/><V47/><F47/><W40/><G40/><T6/><D104/><U44/><E37/><V39/><F39/><W41/><G41/><T63/><D6/><U97/><E44/><V127/><F127/><W23/><AGARI ba="0,2" hai="9,15,16,19,22,23,24,27,28,43,45,49,125,126" machi="23" ten="30,4000,0" yaku="1,1,0,1,54,1,53,0" doraHai="75" doraHaiUra="70" who="3" fromWho="3" sc="250,-20,250,-10,240,-10,240,60" /><INIT seed="1,0,0,4,3,63" ten="230,240,230,300" oya="1" hai0="70,24,73,107,112,39,20,71,4,57,51,61,133" hai1="19,59,111,125,31,134,85,132,49,99,29,103,81" hai2="12,52,95,119,105,69,65,80,48,100,53,116,87" hai3="115,38,74,35,60,47,54,10,76,123,101,82,131"/><U58/><E125/><V15/><F105/><W6/><G115/><T43/><D73/><U23/><E134/><V94/><F100/><W96/><G131/><T18/><D112/><U121/><E121/><V21/><F21/><W98/><G35/><T50/><D107/><U128/><E128/><V11/><F69/><W83/><G83/><T117/><D117/><U84/><E132/><V17/><F53/><W27/><G27/><T97/><D97/><U90/><E85/><V92/><F65/><W55/><G60/><T8/><D70/><U109/><E49/><V44/><REACH who="2" step="1"/><F15/><REACH who="2" ten="230,240,220,300" step="2"/><W28/><G55/><T2/><D133/><U78/><E103/><V40/><F40/><W86/><G54/><T120/><D71/><U75/><E111/><V110/><F110/><W77/><G101/><T56/><D43/><U30/><E109/><V106/><F106/><W122/><G122/><T13/><D120/><U25/><REACH who="1" step="1"/><E99/><REACH who="1" ten="230,230,220,300" step="2"/><V46/><F46/><W42/><G123/><T93/><D39/><U126/><E126/><V37/><F37/><W108/><G108/><T62/><D51/><U41/><E41/><V3/><F3/><W1/><G98/><T26/><D50/><U33/><E33/><V124/><F124/><W64/><G96/><T135/><D135/><U32/><E32/><V91/><AGARI ba="0,2" hai="11,12,17,44,48,52,80,87,91,92,94,95,116,119" machi="91" ten="30,8000,1" yaku="1,1,0,1,25,2,54,1,53,0" doraHai="63" doraHaiUra="34" who="2" fromWho="2" sc="230,-20,230,-40,220,100,300,-20" /><INIT seed="2,0,0,2,5,104" ten="210,190,320,280" oya="2" hai0="61,77,19,69,54,16,83,55,81,88,0,26,127" hai1="73,9,66,59,82,78,131,91,42,105,92,7,71" hai2="119,111,68,128,58,5,124,107,117,134,28,12,33" hai3="38,76,47,2,51,57,103,70,23,53,40,49,99"/><V97/><F97/><W120/><G2/><T84/><D0/><U32/><E131/><V109/><F68/><W45/><G76/><T130/><D127/><U36/><E32/><V56/><F107/><W74/><G74/><T15/><D130/><U22/><E22/><V100/><F100/><W90/><G120/><T86/><D69/><U8/><E105/><V20/><F124/><W62/><G90/><T135/><D135/><U10/><E71/><V35/><F128/><W17/><G70/><T24/><D19/><U101/><E59/><V115/><F58/><W65/><G38/><T60/><D60/><U93/><E66/><V67/><F56/><W102/><REACH who="3" step="1"/><G99/><REACH who="3" ten="210,190,320,270" step="2"/><T34/><D61/><U85/><E36/><V43/><F117/><W113/><G113/><T123/><D123/><U72/><E73/><V96/><F96/><W29/><G29/><T108/><D108/><U114/><E114/><V46/><F28/><W37/><G37/><T63/><D63/><U41/><REACH who="1" step="1"/><E7/><REACH who="1" ten="210,180,320,270" step="2"/><V3/><F5/><W98/><G98/><AGARI ba="0,2" hai="8,9,10,41,42,72,78,82,85,91,92,93,98,101" machi="98" ten="40,5200,0" yaku="1,1,2,1,52,1,53,0" doraHai="104" doraHaiUra="64" who="1" fromWho="3" sc="210,0,180,72,320,0,270,-52" /><INIT seed="3,0,0,4,5,28" ten="210,252,320,218" oya="3" hai0="103,67,3,74,54,66,97,0,76,1,43,100,4" hai1="70,133,130,17,39,125,27,34,82,93,77,5,90" hai2="75,12,16,30,99,119,8,64,38,135,110,118,7" hai3="56,79,24,120,104,65,44,86,41,9,33,15,123"/><W81/><G104/><T89/><D4/><U50/><E70/><V131/><F110/><W127/><G127/><T87/><D43/><U116/><E39/><V57/><F75/><W32/><G24/><T14/><D14/><U88/><E5/><V46/><F131/><W37/><G65/><T49/><D76/><U62/><E133/><V101/><F135/><W21/><G21/><T68/><D74/><U78/><E130/><V113/><F113/><W73/><G56/><T112/><D112/><U6/><E125/><V13/><F30/><W94/><G94/><T29/><D68/><U117/><E6/><V126/><F126/><W20/><G20/><T72/><D72/><U42/><E62/><V124/><F124/><W84/><G84/><T47/><D100/><U132/><E132/><V98/><F98/><W26/><G86/><T92/><REACH who="0" step="1"/><D29/><REACH who="0" ten="200,252,320,218" step="2"/><N who="1" m="19775" /><E117/><V80/><F101/><W60/><G26/><T111/><D111/><U23/><E116/><V128/><F118/><W48/><G37/><T122/><D122/><U18/><E42/><V10/><F38/><W59/><G123/><T115/><D115/><U53/><E78/><V134/><F119/><W52/><G120/><T107/><AGARI ba="0,1" hai="0,1,3,47,49,54,66,67,87,89,92,97,103,107" machi="107" ten="30,8000,1" yaku="1,1,0,1,53,3" doraHai="28" doraHaiUra="35" who="0" fromWho="0" sc="200,90,252,-20,320,-20,218,-40" /><INIT seed="4,0,0,0,2,47" ten="290,232,300,178" oya="0" hai0="102,129,100,131,39,45,89,1,127,15,84,0,46" hai1="6,79,83,116,104,82,27,21,64,38,59,50,81" hai2="23,44,92,110,61,14,98,60,112,72,5,3,121" hai3="7,68,49,135,115,36,93,31,126,11,123,52,114"/><T51/><D127/><U53/><E104/><V58/><F112/><N who="3" m="43051" /><G36/><T117/><D117/><U48/><E38/><V74/><F121/><W32/><G68/><T4/><D39/><U25/><E116/><V109/><F3/><W43/><G43/><T75/><D75/><U34/><E34/><V96/><F96/><W65/><G65/><T22/><D45/><U85/><E64/><V67/><F44/><N who="3" m="27687" /><G135/><T29/><D0/><U87/><E6/><V120/><F61/><W90/><G126/><T57/><D1/><U108/><E108/><V103/><F120/><W91/><G123/><T19/><D57/><U71/><E71/><V55/><F67/><W111/><G111/><T12/><D29/><U88/><E83/><V76/><F72/><W62/><G62/><T69/><D69/><U97/><E97/><V8/><F74/><W10/><G7/><T134/><D134/><U16/><E27/><V35/><F35/><W106/><G106/><T94/><D4/><U128/><E128/><N who="0" m="49225" /><D15/><U20/><E20/><V107/><F107/><W56/><G56/><T33/><D33/><U18/><E18/><V73/><F23/><W42/><G42/><AGARI ba="0,0" hai="12,19,22,42,46,51,84,89,94,100,102" m="49225" machi="42" ten="30,2900,0" yaku="19,1,52,1" doraHai="47" who="0" fromWho="3" sc="290,29,232,0,300,0,178,-29" /><INIT seed="4,1,0,5,3,100" ten="319,232,300,149" oya="0" hai0="30,108,115,76,61,75,21,131,72,83,22,64,119" hai1="40,118,102,79,63,88,33,3,127,27,80,66,67" hai2="48,87,124,86,111,5,105,57,49,107,92,103,117" hai3="46,101,53,84,0,19,20,128,129,60,28,74,113"/><T9/><D119/><U35/><E118/><V31/><F111/><W41/><G74/><T65/><D131/><U8/><E127/><V54/><F124/><W29/><G0/><T69/><D115/><U26/><E102/><V36/><F36/><W37/><G113/><T81/><D108/><U15/><E40/><V126/><F126/><W110/><G110/><T120/><D9/><U94/><E3/><V13/><F31/><W24/><G84/><T89/><D120/><U96/><E35/><V93/><F103/><W116/><G116/><T4/><D4/><U109/><E109/><V50/><F5/><W106/><G53/><T135/><D135/><U123/><E123/><V98/><F13/><W104/><G60/><T39/><D39/><U133/><E133/><V18/><F18/><W73/><G73/><T71/><D89/><U62/><E33/><V70/><F70/><W34/><G101/><T114/><D30/><N who="3" m="11881" /><G34/><T6/><D6/><U85/><E63/><V10/><F10/><W1/><G1/><T43/><D61/><U132/><E67/><V25/><F86/><W12/><G12/><T134/><D114/><U52/><E132/><V56/><F25/><W125/><G125/><T78/><D134/><U97/><E97/><V47/><F98/><W59/><G59/><T2/><D2/><U38/><E38/><V130/><F57/><W16/><G19/><T91/><D91/><U32/><E32/><V95/><F56/><W42/><G42/><AGARI ba="1,0" hai="21,22,42,43,64,65,69,71,72,75,76,78,81,83" machi="42" ten="25,2400,0" yaku="22,2" doraHai="100" who="0" fromWho="3" sc="319,27,232,0,300,0,149,-27" /><INIT seed="4,2,0,5,3,35" ten="346,232,300,122" oya="0" hai0="20,0,106,61,66,73,24,15,60,10,54,72,119" hai1="9,22,83,6,114,122,135,130,18,112,49,79,44" hai2="69,124,113,58,52,56,86,85,13,88,93,39,75" hai3="91,53,103,99,131,16,132,68,33,102,37,117,36"/><T3/><D106/><U129/><E122/><V128/><F39/><W127/><G117/><T71/><D119/><U100/><E100/><V40/><F113/><N who="1" m="43625" /><E49/><V27/><F40/><W47/><G33/><T41/><D41/><U70/><E44/><V96/><F75/><W28/><G28/><T134/><D134/><U111/><E70/><V80/><F69/><W2/><G131/><N who="1" m="50186" /><E79/><V34/><F124/><W38/><G103/><T29/><D73/><U77/><E77/><V94/><F34/><W87/><G68/><T48/><D61/><U97/><E97/><V62/><F13/><W115/><G127/><T67/><D67/><U78/><E78/><V101/><F128/><W45/><G132/><T17/><REACH who="0" step="1"/><D72/><REACH who="0" ten="336,232,300,122" step="2"/><U65/><E65/><V81/><F85/><W82/><G115/><T50/><D50/><U125/><E135/><V105/><F105/><W104/><G38/><T30/><D30/><U126/><E125/><V7/><F7/><W1/><G37/><T25/><D25/><N who="1" m="14551" /><E126/><V23/><F58/><AGARI ba="2,1" hai="0,3,10,15,17,20,24,29,48,54,58,60,66,71" machi="58" ten="30,11600,0" yaku="1,1,7,1,52,2,53,0" doraHai="35" doraHaiUra="116" who="0" fromWho="2" sc="336,132,232,0,300,-122,122,0" /><INIT seed="4,3,0,2,0,70" ten="468,232,178,122" oya="0" hai0="104,106,26,95,134,1,57,129,4,27,21,41,73" hai1="81,114,85,0,86,48,90,23,49,51,11,77,3" hai2="50,17,32,110,67,102,119,47,63,8,14,94,62" hai3="30,98,33,5,10,36,31,37,82,45,42,72,100"/><T69/><D69/><U127/><E127/><V9/><F32/><W120/><G120/><T76/><D134/><U121/><E121/><V46/><F110/><W113/><G113/><T116/><D27/><U65/><E65/><V53/><F119/><W15/><G33/><T91/><D129/><U96/><E96/><V24/><F24/><W52/><G52/><T74/><D74/><U61/><E61/><V55/><F8/><W92/><REACH who="3" step="1"/><G37/><REACH who="3" ten="468,232,178,112" step="2"/><T83/><D116/><U34/><E34/><V39/><F39/><W12/><G12/><T107/><D1/><U18/><E114/><V20/><F55/><W112/><G112/><T66/><D66/><U79/><E3/><V126/><F126/><W108/><G108/><T38/><D38/><U68/><E0/><V125/><F125/><W117/><G117/><T128/><D128/><U124/><E124/><V78/><F53/><W58/><G58/><T84/><D41/><U59/><E59/><V132/><F132/><W19/><G19/><T28/><D57/><U118/><E118/><V135/><F17/><W60/><G60/><T115/><D115/><U103/><E68/><V16/><F16/><W29/><G29/><T75/><D4/><U80/><E18/><V13/><F63/><W71/><G71/><T133/><D133/><U87/><E11/><V2/><F62/><W111/><G111/><T101/><REACH who="0" step="1"/><D73/><REACH who="0" ten="458,232,178,112" step="2"/><U99/><E23/><V43/><F2/><W7/><G7/><T89/><D89/><U123/><E123/><V130/><F20/><W97/><G97/><AGARI ba="3,2" hai="21,26,28,75,76,83,84,91,95,97,101,104,106,107" machi="97" ten="40,12000,1" yaku="1,1,24,2,53,1" doraHai="70" doraHaiUra="105" who="0" fromWho="3" sc="458,149,232,0,178,0,112,-129" owari="607,71.0,232,3.0,178,-22.0,-17,-52.0" /></mjloggm>