<mjloggm ver="2.3"><GO type="41" lobby="0"/><UN n0="%E2%93%9D%53%75%70%68%78" n1="%E6%A5%A1%E7%B1%B3%E5%9B%BD" n2="%E3%81%A6%E3%82%89%E3%81%B5%E3%81%89%E3%80%82" n3="%4D%73%68%72" dan="18,14,15,13" rate="2136.78,1942.54,2002.72,1951.00" sx="M,M,M,M"/><TAIKYOKU oya="0"/><INIT seed="0,0,0,0,3,117" ten="250,250,250,250" oya="0" hai0="23,60,103,126,10,22,27,54,106,79,98,61,100" hai1="17,81,28,118,29,85,40,77,116,89,32,35,56" hai2="2,133,87,72,12,102,62,124,9,111,49,90,44" hai3="64,13,73,1,107,95,16,120,15,57,11,92,38"/><T105/><D126/><U135/><E40/><V3/><F111/><W33/><G120/><T18/><D79/><U6/><E6/><V24/><F133/><W96/><G38/><T82/><D10/><U112/><E135/><V93/><F124/><W53/><G33/><T131/><D131/><U128/><E35/><V45/><F72/><W84/><G73/><T21/><D82/><U119/><E32/><V114/><F114/><W51/><G1/><T113/><D113/><U83/><E128/><V86/><F102/><W129/><G129/><T108/><D108/><U67/><E17/><V134/><F134/><W66/><G107/><T14/><D54/><U130/><E130/><V58/><F86/><W74/><G74/><T80/><D80/><U47/><E112/><V0/><F49/><W122/><G122/><T30/><REACH who="0" step="1"/><D23/><REACH who="0" ten="240,250,250,250" step="2"/><U36/><E83/><V59/><F9/><W55/><G55/><T104/><D104/><U91/><E77/><V34/><F34/><W69/><G92/><T121/><D121/><U76/><E116/><V97/><F93/><W20/><G11/><T109/><D109/><U71/><E119/><V41/><F3/><W70/><G95/><T101/><D101/><U75/><E75/><V19/><F2/><W88/><G20/><T42/><D42/><N who="1" m="22983" /><E76/><V31/><F41/><W5/><G53/><T46/><D46/><U48/><E118/><V132/><F45/><W63/><G64/><T123/><D123/><U52/><E91/><V99/><F44/><W127/><G88/><T65/><D65/><U26/><E67/><N who="2" m="39383" /><F90/><W115/><G127/><RYUUKYOKU ba="0,1" sc="240,30,250,-10,250,-10,250,-10" hai0="14,18,21,22,27,30,60,61,98,100,103,105,106" /><INIT seed="0,1,1,4,2,88" ten="270,240,240,240" oya="0" hai0="110,66,44,129,45,102,65,22,63,28,78,2,18" hai1="38,119,16,31,6,132,64,94,105,134,74,106,40" hai2="60,127,133,125,111,47,117,124,21,83,15,23,3" hai3="100,76,87,80,51,33,89,35,90,57,61,30,5"/><T98/><D2/><U7/><E31/><V109/><F60/><W56/><G5/><N who="1" m="1546" /><E74/><V130/><F117/><W52/><G30/><T96/><D129/><U92/><E119/><V108/><F3/><W113/><G113/><T8/><D78/><U135/><E64/><V99/><F130/><W123/><G123/><T0/><D110/><U70/><E70/><V12/><F47/><W9/><G9/><T17/><D0/><U4/><E4/><V75/><F99/><W122/><G122/><T77/><D77/><U115/><E115/><V69/><F69/><W72/><G100/><T43/><D28/><U82/><E82/><V97/><F97/><W24/><G24/><T85/><D85/><U118/><E118/><V25/><F83/><W101/><G101/><T10/><D102/><U120/><E120/><V48/><F48/><W91/><REACH who="3" step="1"/><G72/><REACH who="3" ten="270,240,240,230" step="2"/><T58/><D10/><U50/><E106/><V116/><F75/><W73/><G73/><T128/><D8/><U46/><E105/><V34/><F116/><W11/><G11/><T126/><D128/><U112/><E112/><V131/><F131/><W27/><G27/><T71/><D18/><U53/><E16/><N who="2" m="12455" /><F34/><W114/><G114/><T107/><D17/><U104/><E104/><V62/><F23/><W86/><G86/><T37/><D22/><U14/><E14/><N who="2" m="5163" /><F62/><W49/><G49/><N who="0" m="26783" /><D107/><U19/><E19/><V26/><F26/><W39/><G39/><T59/><D63/><U36/><E38/><V54/><F133/><N who="1" m="34049" /><U84/><DORA hai="13" /><E84/><V68/><F68/><W41/><G41/><N who="0" m="22703" /><D71/><U103/><E103/><RYUUKYOKU ba="1,2" sc="270,-30,240,10,240,10,230,10" hai1="36,40,46,50,53,92,94" hai2="54,108,109,111,124,125,127" hai3="33,35,51,52,56,57,61,76,80,87,89,90,91" /><INIT seed="1,2,2,1,3,59" ten="240,250,250,240" oya="1" hai0="122,12,56,35,0,39,62,22,104,1,74,73,67" hai1="97,47,27,20,99,107,8,41,13,77,29,127,112" hai2="125,120,82,88,55,90,133,124,92,75,51,53,17" hai3="113,76,33,95,106,103,87,57,98,2,81,31,45"/><U61/><E127/><N who="2" m="48715" /><F120/><W117/><G113/><T91/><D35/><U23/><E112/><V84/><F133/><W42/><G117/><T121/><D104/><U132/><E132/><V38/><F38/><W19/><G2/><N who="0" m="1131" /><D39/><U7/><E77/><N who="2" m="44351" /><F51/><W118/><G19/><N who="0" m="10599" /><D91/><U86/><E86/><N who="2" m="52247" /><F17/><W18/><G118/><T116/><D116/><U6/><E6/><V48/><F48/><W15/><G57/><T79/><D79/><U63/><E23/><V5/><F5/><W25/><G45/><T30/><D30/><U131/><E47/><V46/><F46/><W50/><G42/><T52/><D67/><U101/><E41/><V43/><F43/><W115/><G50/><T119/><D119/><U11/><E8/><V135/><F135/><W66/><G66/><T44/><D44/><U134/><E134/><V130/><F130/><W94/><REACH who="3" step="1"/><G115/><REACH who="3" ten="240,250,250,230" step="2"/><T70/><D70/><U93/><REACH who="1" step="1"/><E131/><REACH who="1" ten="240,240,250,230" step="2"/><V72/><F72/><W68/><G68/><T89/><D74/><U108/><E108/><V37/><F37/><W105/><G105/><T24/><D73/><U60/><E60/><V111/><F111/><W32/><G32/><T9/><D62/><U10/><E10/><AGARI ba="2,4" hai="10,15,18,25,31,33,76,81,87,94,95,98,103,106" machi="10" ten="30,2000,0" yaku="1,1,7,1,53,0" doraHai="59" doraHaiUra="34" who="3" fromWho="1" sc="240,0,240,-26,250,0,230,66" /><INIT seed="2,0,0,3,0,93" ten="240,214,250,296" oya="2" hai0="58,96,36,14,46,71,124,16,60,21,12,132,75" hai1="127,78,129,89,128,28,62,76,44,24,83,103,65" hai2="19,84,125,82,34,29,123,41,120,135,15,121,1" hai3="90,102,85,114,48,26,113,27,104,18,106,92,99"/><V56/><F125/><W81/><G48/><T131/><D75/><U38/><E127/><V72/><F135/><W7/><G7/><T73/><D73/><U39/><E89/><V119/><F119/><W37/><G37/><T79/><D71/><U54/><E103/><V5/><F72/><W2/><G2/><T33/><D33/><U64/><E39/><V50/><F5/><W69/><G69/><T42/><D131/><N who="1" m="50251" /><E83/><V25/><F1/><W45/><G45/><T80/><D132/><U6/><E6/><V88/><F56/><W66/><G66/><N who="1" m="25706" /><E62/><V4/><F4/><W31/><G18/><T74/><D124/><U47/><E44/><V20/><REACH who="2" step="1"/><F50/><REACH who="2" ten="240,214,240,296" step="2"/><W98/><G113/><T23/><D58/><U115/><E115/><V109/><F109/><W87/><G114/><T3/><D3/><U95/><E38/><V108/><F108/><W107/><G26/><T86/><D74/><U97/><E24/><V116/><F116/><W43/><G27/><T134/><D134/><U100/><E28/><V40/><AGARI ba="0,1" hai="15,19,20,25,29,34,40,41,82,84,88,120,121,123" machi="40" ten="40,7800,0" yaku="1,1,0,1,54,1,53,0" doraHai="93" doraHaiUra="70" who="2" fromWho="2" sc="240,-26,214,-26,240,88,296,-26" /><INIT seed="2,1,0,4,1,85" ten="214,188,328,270" oya="2" hai0="8,81,38,7,78,123,3,39,43,109,57,121,101" hai1="5,70,95,107,77,84,67,89,19,59,37,54,21" hai2="13,11,69,112,42,27,86,75,120,1,45,96,30" hai3="17,73,92,118,4,132,130,83,100,128,51,62,98"/><V131/><F131/><N who="3" m="50219" /><G118/><T22/><D109/><U56/><E37/><V0/><F112/><W55/><G132/><T122/><D101/><U26/><E70/><V114/><F120/><W125/><G4/><T15/><D57/><N who="1" m="22091" /><E67/><V14/><F75/><W58/><G125/><T110/><D110/><U65/><E65/><V52/><F69/><W80/><G73/><T127/><D127/><U119/><E119/><V18/><F114/><W116/><G116/><T31/><D43/><U87/><E107/><V2/><F96/><W36/><G36/><T106/><D106/><U40/><E40/><V135/><F135/><W32/><G32/><T60/><D60/><U44/><E5/><V134/><F134/><W20/><G51/><T117/><D117/><U103/><E103/><V53/><F86/><W16/><G17/><T34/><D39/><U72/><E72/><V35/><REACH who="2" step="1"/><F13/><AGARI ba="1,0" hai="13,16,20,55,58,62,80,83,92,98,100" m="50219" machi="13" ten="30,2000,0" yaku="19,1,54,1" doraHai="85" who="3" fromWho="2" sc="214,0,188,0,328,-23,270,23" /><INIT seed="3,0,0,4,0,68" ten="214,188,305,293" oya="3" hai0="16,28,72,18,115,76,21,34,53,1,36,55,77" hai1="101,92,42,100,83,122,67,93,91,51,32,62,58" hai2="118,114,64,110,15,2,38,65,19,124,56,73,78" hai3="9,47,97,121,84,119,133,8,30,71,25,33,5"/><W39/><G119/><T127/><D1/><U107/><E32/><V20/><F110/><W132/><G121/><T46/><D34/><U82/><E107/><V10/><F124/><W22/><G71/><T94/><D127/><U135/><E135/><N who="3" m="51786" /><G97/><T75/><D28/><U12/><E12/><V117/><F114/><W80/><G5/><T54/><D94/><N who="1" m="36459" /><E122/><V74/><F117/><W27/><G27/><T45/><D21/><U60/><E62/><V86/><F118/><W35/><G35/><T96/><D96/><U85/><E42/><V87/><F74/><W40/><G33/><T105/><D105/><U103/><E51/><V3/><F73/><W11/><G11/><T113/><D55/><U134/><E134/><V31/><F64/><W129/><G129/><T41/><D41/><U52/><E67/><V130/><F3/><W70/><G70/><T29/><D29/><U120/><E120/><V4/><F31/><W102/><G102/><T112/><D112/><U111/><E111/><V126/><F126/><W43/><G40/><T116/><D116/><U88/><E83/><V104/><F104/><W125/><G125/><T79/><D79/><AGARI ba="0,0" hai="52,58,60,79,82,85,88,91,100,101,103" m="36459" machi="79" ten="30,3900,0" yaku="8,1,54,2" doraHai="68" who="1" fromWho="0" sc="214,-39,188,39,305,0,293,0" /><AGARI ba="0,0" hai="8,9,22,25,30,39,43,47,79,80,84" m="51786" machi="79" ten="30,2900,0" yaku="20,1,52,1" doraHai="68" who="3" fromWho="0" sc="175,-29,227,0,305,0,293,29" /><INIT seed="3,1,0,3,1,90" ten="146,227,305,322" oya="3" hai0="45,74,114,134,69,61,18,83,65,119,37,92,112" hai1="2,101,122,130,46,29,100,9,126,19,109,71,3" hai2="75,84,56,80,51,49,107,128,113,86,5,35,129" hai3="89,57,108,62,17,120,94,124,53,42,11,16,48"/><W118/><G120/><T81/><D119/><U91/><E109/><V7/><F113/><N who="0" m="43626" /><D74/><U131/><E71/><V15/><F107/><W10/><G124/><T115/><N who="0" m="43634" /><T88/><DORA hai="58" /><D134/><U33/><E122/><V22/><F35/><W4/><G118/><T52/><D18/><N who="3" m="7273" /><G4/><T99/><D37/><U14/><E46/><V102/><F102/><N who="1" m="39529" /><E126/><V38/><F22/><W64/><G108/><T59/><D45/><U55/><E55/><V133/><F38/><W87/><G42/><T24/><D24/><U12/><E14/><V82/><F15/><W30/><G30/><T32/><D32/><U39/><E39/><V67/><F75/><W66/><G66/><T79/><D79/><U28/><E33/><V103/><F103/><W127/><G127/><T36/><D36/><U105/><E105/><V93/><F67/><W135/><G135/><T110/><D110/><U34/><E34/><V132/><REACH who="2" step="1"/><F56/><AGARI ba="1,0" hai="10,11,48,53,56,57,62,64,87,89,94" m="7273" machi="56" ten="30,11600,0" yaku="8,1,52,2,54,1" doraHai="90,58" who="3" fromWho="2" sc="146,0,227,0,305,-119,322,119" /><INIT seed="3,2,0,3,4,113" ten="146,227,186,441" oya="3" hai0="45,128,109,65,0,94,123,90,103,93,81,86,74" hai1="35,126,106,16,41,72,68,112,50,101,76,30,83" hai2="70,129,60,73,122,29,4,39,135,110,1,57,118" hai3="28,131,43,99,55,121,25,75,132,18,17,69,53"/><W36/><G121/><T15/><D0/><U24/><E126/><V20/><RYUUKYOKU type="yao9" ba="2,0" sc="146,0,227,0,186,0,441,0" hai2="1,4,20,29,39,57,60,70,73,110,118,122,129,135" /><INIT seed="3,3,0,0,5,91" ten="146,227,186,441" oya="3" hai0="24,88,66,99,58,100,47,81,78,43,26,108,40" hai1="61,53,120,112,101,44,109,104,95,69,90,11,25" hai2="113,72,119,10,6,9,65,107,84,7,131,133,92" hai3="1,85,105,27,94,97,42,4,41,121,39,118,102"/><W32/><G121/><T46/><D108/><U19/><E109/><V51/><F113/><W5/><G118/><T82/><D66/><U63/><E112/><V29/><F119/><W70/><G70/><T77/><D58/><U116/><E120/><V23/><F131/><W71/><G71/><T87/><D100/><U117/><E116/><V80/><F107/><W12/><G1/><T93/><D47/><U74/><E74/><V54/><F65/><W13/><G39/><T38/><REACH who="0" step="1"/><D43/><REACH who="0" ten="136,227,186,441" step="2"/><U75/><E101/><V115/><F115/><W128/><G41/><T83/><D83/><U30/><E69/><V14/><F80/><W28/><G42/><T64/><D64/><U37/><E117/><V59/><F59/><W130/><G128/><T52/><D52/><U124/><E53/><V89/><F54/><W35/><G130/><T132/><D132/><U22/><E44/><V8/><F133/><W123/><G123/><T110/><D110/><U68/><E68/><V36/><F7/><W55/><G55/><T17/><D17/><U62/><E19/><V3/><F6/><W126/><G4/><T96/><D96/><U21/><E124/><V56/><F56/><W57/><G57/><T103/><D103/><U111/><E111/><V34/><F29/><W98/><G126/><T127/><D127/><U50/><E30/><V48/><F3/><W67/><G67/><T45/><D45/><U76/><E63/><V18/><F18/><W16/><G5/><T20/><D20/><U114/><E62/><V31/><F23/><N who="3" m="15487" /><G102/><T129/><D129/><U60/><E114/><RYUUKYOKU ba="3,1" sc="136,30,227,-10,186,-10,441,-10" hai0="24,26,38,40,46,77,78,81,82,87,88,93,99" /><INIT seed="4,4,1,0,5,46" ten="166,217,176,431" oya="0" hai0="21,63,67,81,92,106,4,114,127,98,126,39,62" hai1="124,43,99,87,2,49,101,130,11,54,73,94,57" hai2="30,10,102,32,122,22,44,133,64,131,89,65,129" hai3="117,79,23,31,41,6,88,5,25,35,105,91,109"/><T28/><D39/><U77/><E73/><V15/><F122/><W75/><G117/><T36/><D36/><U8/><E2/><V16/><F133/><W38/><G109/><T83/><D106/><U103/><E124/><N who="0" m="47657" /><D4/><U26/><E130/><N who="2" m="49675" /><F32/><W34/><G105/><T56/><D114/><U18/><E103/><V121/><F121/><W60/><G60/><T84/><D84/><U0/><E0/><V116/><F116/><W132/><G132/><T7/><D7/><U59/><E43/><V14/><F102/><W125/><G79/><T20/><D63/><U45/><E26/><N who="2" m="16727" /><F15/><W40/><G75/><T55/><D67/><N who="2" m="25674" /><F44/><W1/><G125/><T72/><D72/><U115/><E115/><V85/><F85/><W50/><G1/><T69/><D69/><U19/><E87/><V74/><F74/><W37/><G38/><T104/><D104/><U47/><E77/><V48/><F89/><W108/><G37/><T113/><D113/><U123/><E47/><V17/><F17/><N who="1" m="6153" /><E123/><V128/><F128/><W53/><G34/><T110/><D110/><U70/><E70/><V112/><F112/><W93/><G35/><T119/><D119/><U120/><E120/><V33/><F33/><W27/><G108/><T100/><D28/><U42/><E59/><V86/><F86/><W29/><G29/><T52/><D55/><U24/><E24/><V51/><AGARI ba="4,1" hai="10,14,16,48,51" m="25674,16727,49675" machi="51" ten="30,7900,0" yaku="19,1,52,2,54,1" doraHai="46" who="2" fromWho="2" sc="166,-43,217,-24,176,101,431,-24" /><INIT seed="5,0,0,2,1,101" ten="123,193,277,407" oya="1" hai0="35,56,32,67,80,103,102,68,9,37,123,14,2" hai1="70,130,134,109,20,63,117,34,135,72,18,77,90" hai2="125,4,128,95,43,82,42,66,73,86,107,36,88" hai3="57,85,122,126,33,50,39,71,11,78,48,121,51"/><U64/><E34/><V45/><F125/><W127/><G39/><T15/><D68/><U5/><E117/><V55/><F128/><W76/><G33/><T98/><D37/><U7/><E130/><V52/><F43/><W69/><G11/><T114/><D114/><U24/><E109/><V99/><F66/><W16/><G85/><T100/><D2/><U119/><E119/><V106/><F4/><W65/><G16/><T124/><D124/><N who="3" m="47657" /><G65/><T83/><D98/><U79/><E90/><V13/><F13/><W61/><G61/><T84/><D123/><N who="3" m="47113" /><G57/><T44/><D56/><U118/><E118/><V3/><F3/><W31/><G31/><T38/><D67/><U19/><E18/><V132/><F132/><N who="1" m="50729" /><E72/><V93/><F93/><W59/><G59/><T112/><D35/><U116/><E116/><V41/><F41/><W58/><G58/><T120/><D120/><U10/><E7/><V29/><F29/><W75/><G75/><T87/><D32/><U28/><E28/><V81/><F81/><W133/><G133/><T89/><D83/><U131/><E131/><V104/><REACH who="2" step="1"/><F73/><REACH who="2" ten="123,193,267,407" step="2"/><W21/><G21/><T23/><D23/><U111/><E111/><V0/><F0/><AGARI ba="0,1" hai="0,5,10,19,20,24,63,64,70,77,79" m="50729" machi="0" ten="30,1500,0" yaku="20,1" doraHai="101" who="1" fromWho="2" sc="123,0,193,25,267,-15,407,0" /><INIT seed="5,1,0,0,1,37" ten="123,218,252,407" oya="1" hai0="79,60,4,123,58,91,119,44,15,50,89,41,43" hai1="46,31,81,53,95,131,96,5,121,6,87,51,93" hai2="20,120,38,19,39,49,76,63,82,99,21,118,126" hai3="115,16,129,72,97,117,74,14,135,66,109,127,27"/><U33/><E131/><V85/><F126/><W68/><G127/><T8/><D119/><U13/><E121/><V35/><F118/><W57/><G129/><T71/><D71/><U22/><E33/><V52/><F120/><W106/><G117/><T64/><D123/><U116/><E116/><V36/><F35/><W48/><G109/><T11/><D79/><N who="1" m="46527" /><E93/><V92/><F63/><W1/><G1/><T45/><REACH who="0" step="1"/><D11/><REACH who="0" ten="113,218,252,407" step="2"/><N who="1" m="4335" /><E6/><V128/><F128/><W29/><G68/><T122/><D122/><U77/><E77/><V24/><F76/><W94/><G72/><T83/><D83/><U114/><E114/><V0/><F82/><W69/><G69/><T84/><D84/><U112/><E112/><V88/><F85/><W32/><G74/><T107/><D107/><U23/><E31/><V78/><F78/><W100/><G106/><T70/><D70/><U124/><E124/><V130/><F130/><W110/><G115/><T101/><D101/><AGARI ba="1,1" hai="22,23,46,51,53,95,96,101" m="4335,46527" machi="101" ten="30,1500,0" yaku="8,1" doraHai="37" who="1" fromWho="0" sc="113,-18,218,28,252,0,407,0" /><INIT seed="5,2,0,0,1,127" ten="95,246,252,407" oya="1" hai0="69,78,4,81,23,51,132,43,26,102,41,70,32" hai1="20,53,52,34,71,13,110,21,114,61,33,99,11" hai2="125,98,56,112,44,12,65,35,55,129,91,87,1" hai3="6,59,15,101,25,0,7,50,104,19,82,22,31"/><U83/><E114/><V16/><F125/><W133/><G133/><T121/><D132/><U107/><E110/><V29/><F112/><W62/><G82/><T57/><D32/><U45/><E83/><V28/><F1/><W67/><G0/><T49/><D102/><U72/><E72/><V100/><F129/><W117/><G117/><T48/><D4/><U9/><E71/><N who="0" m="27145" /><D23/><U68/><E68/><V58/><F44/><W135/><G135/><T76/><D26/><U5/><E107/><V73/><F73/><W8/><REACH who="3" step="1"/><G50/><REACH who="3" ten="95,246,252,397" step="2"/><N who="0" m="18955" /><D81/><U128/><E45/><V79/><F35/><W103/><G103/><T122/><D78/><U80/><E80/><V92/><F79/><W109/><G109/><T37/><D76/><U113/><E113/><V54/><F100/><W130/><G130/><T131/><D131/><U97/><E128/><V105/><F105/><W90/><G90/><T84/><D37/><U36/><E36/><V40/><F91/><W75/><G75/><T64/><D84/><U2/><E2/><V86/><F87/><W74/><G74/><T120/><D48/><U124/><E124/><V60/><F86/><W17/><G17/><T118/><D118/><U94/><E34/><V10/><F16/><W42/><G42/><T115/><D115/><U116/><E116/><V96/><F40/><W3/><G3/><T47/><D47/><U119/><E33/><V66/><F29/><W85/><G85/><T46/><D46/><U30/><E30/><V14/><F28/><W126/><G126/><T95/><D95/><U24/><E94/><V93/><F92/><RYUUKYOKU ba="2,1" sc="95,15,246,-15,252,-15,397,15" hai0="41,43,57,64,120,121,122" hai3="6,7,8,15,19,22,25,31,59,62,67,101,104" /><INIT seed="6,3,1,5,2,24" ten="110,231,237,412" oya="2" hai0="65,78,20,57,43,47,130,104,103,38,19,86,101" hai1="30,89,125,85,133,1,66,77,68,118,15,115,97" hai2="96,26,40,37,108,14,69,113,80,13,126,131,7" hai3="129,42,16,32,62,106,72,111,90,64,95,87,105"/><V91/><F113/><W122/><G111/><T10/><D130/><U11/><E118/><V124/><F108/><W0/><G122/><T54/><D104/><U134/><E1/><V45/><F131/><W73/><G32/><T31/><D65/><U79/><E125/><V29/><F69/><W74/><G0/><T70/><D70/><U102/><E115/><V100/><F91/><W55/><G129/><T9/><D103/><U110/><E66/><V58/><F58/><W82/><G42/><T53/><D101/><U56/><E68/><V128/><F80/><W49/><G16/><T119/><D54/><U3/><E30/><V84/><F84/><W98/><G62/><T76/><D119/><U81/><E56/><V27/><F27/><W61/><G61/><T36/><D36/><U116/><E3/><V92/><F128/><W5/><G64/><T71/><D71/><U127/><E127/><N who="2" m="48683" /><F7/><W63/><G5/><T114/><D114/><U83/><E81/><V46/><F46/><W2/><G2/><T18/><D86/><U8/><E116/><V94/><F94/><W120/><G120/><T35/><D57/><U109/><E110/><V60/><F60/><W25/><G63/><T41/><D47/><U4/><E109/><V75/><F75/><W51/><G25/><T93/><D93/><U17/><E79/><V52/><F52/><W39/><G55/><T12/><D53/><U135/><E77/><V44/><F44/><W123/><G123/><T33/><D38/><U21/><E4/><V117/><F117/><W23/><G72/><T107/><D78/><RYUUKYOKU ba="3,1" sc="110,-15,231,15,237,15,412,-15" hai1="8,11,15,17,21,83,85,89,97,102,133,134,135" hai2="13,14,26,29,37,40,45,92,96,100" /><INIT seed="6,4,1,3,5,56" ten="95,246,252,397" oya="2" hai0="31,111,39,65,108,77,107,57,105,16,76,32,22" hai1="106,115,52,41,102,112,133,117,64,98,86,95,46" hai2="48,7,38,130,60,122,83,68,5,93,89,37,71" hai3="30,45,14,0,75,55,24,66,126,110,132,85,70"/><V120/><F130/><W13/><G75/><T44/><D32/><U125/><E117/><V109/><F109/><W58/><G110/><T59/><D31/><U116/><E116/><V1/><F83/><W23/><G0/><T127/><D44/><U12/><E125/><V92/><F48/><W101/><G132/><T42/><D22/><U124/><E124/><V103/><F89/><W97/><G85/><T3/><D127/><U63/><E133/><V67/><F67/><W129/><G129/><T91/><D65/><U15/><E86/><V62/><REACH who="2" step="1"/><F1/><REACH who="2" ten="95,246,242,397" step="2"/><W69/><G126/><T74/><D3/><U17/><E64/><V114/><F114/><W43/><G66/><T29/><D91/><U53/><E115/><V18/><F18/><W25/><G69/><T84/><D16/><U40/><E112/><V100/><AGARI ba="4,2" hai="5,7,37,38,60,62,68,71,92,93,100,103,120,122" machi="100" ten="25,18000,2" yaku="1,1,0,1,22,2,52,2,53,0" doraHai="56" doraHaiUra="27" who="2" fromWho="2" sc="95,-64,246,-64,242,212,397,-64" /><INIT seed="6,5,0,2,1,52" ten="31,182,454,333" oya="2" hai0="116,22,92,81,48,61,118,42,30,108,28,7,25" hai1="126,117,71,95,45,60,4,36,134,98,73,16,47" hai2="111,32,10,86,99,103,51,70,54,83,3,109,104" hai3="93,41,49,121,18,68,102,69,94,29,55,79,115"/><V65/><F32/><W43/><G121/><T20/><D81/><U76/><E4/><V44/><F3/><W107/><G79/><T106/><D106/><U46/><E117/><V66/><F10/><W34/><G115/><T125/><D42/><U38/><E134/><V62/><REACH who="2" step="1"/><F66/><REACH who="2" ten="31,182,444,333" step="2"/><W33/><G33/><T12/><D118/><U91/><E38/><V133/><F133/><W85/><G34/><T63/><D116/><U123/><E36/><V0/><F0/><W80/><G68/><T50/><D108/><U40/><E71/><V8/><F8/><W135/><G69/><T127/><D7/><U1/><E1/><V11/><F11/><W132/><G135/><T14/><REACH who="0" step="1"/><D25/><REACH who="0" ten="21,182,444,333" step="2"/><U105/><E40/><V23/><F23/><W96/><G43/><T88/><D88/><AGARI ba="5,2" hai="44,51,54,62,65,70,83,86,88,99,103,104,109,111" machi="88" ten="40,3900,0" yaku="1,1,54,1,53,0" doraHai="52" doraHaiUra="119" who="2" fromWho="0" sc="21,-54,182,0,444,74,333,0" owari="-33,-53.0,182,-22.0,518,62.0,333,13.0" /></mjloggm>