<mjloggm ver="2.3"><GO type="41" lobby="0"/><UN n0="%E2%93%9D%53%75%70%68%78" n1="%73%6B%75%62%6F%37" n2="%E3%81%AE%E3%81%9E%E3%81%BF%E3%81%AE" n3="%E3%81%98%E3%82%85%E3%82%93%E3%81%93%E3%83%9E%E3%83%9E" dan="18,14,14,14" rate="2087.53,1925.97,1898.72,1920.76" sx="M,M,M,F"/><TAIKYOKU oya="0"/><INIT seed="0,0,0,5,1,44" ten="250,250,250,250" oya="0" hai0="3,80,43,17,103,134,85,8,124,49,1,22,16" hai1="11,126,119,63,52,54,73,112,135,132,4,90,38" hai2="56,107,129,62,127,26,108,116,79,67,93,70,118" hai3="115,51,78,60,102,21,13,94,81,71,18,34,45"/><T121/><D121/><U53/><E73/><V6/><F108/><W125/><G115/><T20/><D134/><N who="1" m="51243" /><E119/><V97/><F6/><W105/><G34/><T40/><D124/><U89/><E112/><V37/><F37/><W55/><G125/><T104/><D104/><U66/><E38/><V113/><F113/><W88/><G105/><T19/><D103/><U117/><E117/><N who="2" m="45163" /><F79/><W101/><G71/><T31/><D31/><U61/><E126/><V2/><F2/><W91/><G91/><N who="1" m="34826" /><E66/><V130/><F56/><W65/><G65/><T92/><D3/><AGARI ba="0,0" hai="3,4,11,52,53,54,61,63" m="34826,51243" machi="3" ten="30,2000,0" yaku="20,1,54,1" doraHai="44" who="1" fromWho="0" sc="250,-20,250,20,250,0,250,0" /><INIT seed="1,0,0,3,5,44" ten="230,270,250,250" oya="1" hai0="51,1,12,77,4,91,59,5,107,20,9,106,32" hai1="95,87,118,47,24,100,124,57,81,38,114,135,127" hai2="8,28,92,112,65,49,73,61,117,79,35,82,122" hai3="25,123,58,88,71,46,39,76,120,15,6,75,132"/><U133/><E118/><V103/><F122/><W93/><G132/><N who="1" m="50762" /><E24/><V17/><F112/><W52/><G71/><T29/><D77/><U60/><E114/><V85/><F28/><W66/><G25/><T101/><D101/><U83/><E47/><V22/><F35/><W121/><G66/><T89/><D32/><U128/><E38/><V14/><F73/><W115/><G115/><T104/><D29/><U18/><E18/><V72/><F22/><W130/><G130/><T86/><D5/><U126/><E100/><V113/><F117/><W105/><G105/><T90/><D20/><U53/><E95/><V54/><F72/><W80/><G46/><T111/><D111/><U98/><E98/><N who="2" m="59847" /><F65/><W45/><G45/><T31/><D31/><U2/><E2/><V68/><F68/><W16/><G39/><T116/><D116/><U37/><E37/><V78/><F61/><W3/><G3/><T55/><REACH who="0" step="1"/><D1/><REACH who="0" ten="220,270,250,250" step="2"/><U67/><E67/><V99/><F113/><W84/><G6/><T102/><D102/><U70/><E70/><V21/><F21/><W62/><G123/><T56/><D56/><U110/><E110/><V36/><F79/><W10/><AGARI ba="0,1" hai="10,15,16,52,58,62,75,76,80,84,88,93,120,121" machi="10" ten="20,8000,1" yaku="0,1,7,1,54,3" doraHai="44" who="3" fromWho="3" sc="220,-20,270,-40,250,-20,250,90" /><INIT seed="2,0,0,5,1,20" ten="200,230,230,340" oya="2" hai0="44,86,45,64,57,129,29,77,52,124,3,122,8" hai1="84,67,31,87,42,41,13,82,134,66,113,132,96" hai2="14,108,74,23,56,121,61,104,25,103,116,98,4" hai3="40,62,53,69,32,68,75,5,48,12,55,88,94"/><V30/><F116/><W51/><G75/><T21/><D122/><U22/><E113/><V59/><F121/><W117/><G117/><T27/><D129/><U35/><E96/><V24/><F74/><W49/><G32/><T72/><D72/><U80/><E35/><V93/><F104/><W6/><G40/><N who="1" m="15466" /><E22/><N who="2" m="15639" /><F108/><W73/><G73/><T105/><D124/><U110/><E31/><N who="2" m="17855" /><F61/><W125/><G69/><T65/><D105/><U101/><E13/><V7/><F7/><W33/><G33/><T95/><D3/><U34/><E34/><V43/><F43/><W2/><G2/><T123/><D123/><U37/><E37/><V16/><F4/><W133/><G5/><T91/><D77/><U17/><E17/><V130/><F130/><W115/><G68/><T15/><D65/><N who="1" m="24587" /><E101/><V106/><F106/><W120/><G120/><T0/><D64/><U114/><E114/><V89/><F103/><W119/><G115/><T90/><D0/><U9/><E9/><AGARI ba="0,0" hai="9,14,16,56,59,89,93,98" m="17855,15639" machi="9" ten="30,11600,0" yaku="8,1,52,2,54,1" doraHai="20" who="2" fromWho="1" sc="200,0,230,-116,230,116,340,0" /><INIT seed="2,1,0,3,1,52" ten="200,114,346,340" oya="2" hai0="54,117,76,78,3,51,135,91,14,46,116,104,1" hai1="62,31,131,123,101,87,67,2,21,94,82,81,97" hai2="107,30,59,74,35,72,16,133,45,57,95,39,63" hai3="77,32,96,83,40,88,15,49,80,120,28,4,25"/><V132/><F107/><W98/><G120/><T23/><D104/><U5/><E123/><V42/><F95/><W0/><G0/><N who="0" m="75" /><D91/><U47/><E131/><V43/><F30/><W18/><G4/><T85/><D85/><U114/><E114/><V68/><F35/><W37/><G37/><T26/><D14/><U118/><E118/><N who="0" m="45673" /><D135/><N who="2" m="51786" /><F42/><W55/><G40/><T128/><D128/><U44/><E2/><V27/><F68/><W86/><G80/><T6/><D6/><U84/><E5/><V19/><F63/><W66/><G66/><T33/><D33/><U121/><E121/><V125/><F125/><W7/><G7/><T65/><D65/><U61/><E61/><V17/><F27/><W110/><G77/><T127/><D127/><U38/><E38/><V20/><F20/><W115/><G115/><T108/><D108/><U41/><E41/><V109/><F109/><W24/><G110/><T22/><D22/><U99/><E99/><V112/><F112/><W64/><G64/><T60/><D60/><U71/><E82/><V58/><AGARI ba="1,0" hai="16,17,19,39,43,45,57,58,59,72,74" m="51786" machi="58" ten="40,12000,1" yaku="20,1,52,3,54,1" doraHai="52" who="2" fromWho="2" sc="200,-41,114,-41,346,123,340,-41" /><INIT seed="2,2,0,3,3,38" ten="159,73,469,299" oya="2" hai0="105,9,13,74,78,66,83,103,41,91,82,109,12" hai1="21,100,121,10,55,27,132,102,64,44,133,8,72" hai2="15,48,3,58,69,25,30,20,73,45,135,19,71" hai3="61,70,65,53,123,1,81,127,37,63,117,31,110"/><V119/><F119/><W14/><G117/><T57/><D109/><U98/><E72/><V50/><F73/><W96/><G123/><T76/><D91/><U62/><E121/><V68/><F3/><W134/><G110/><T125/><D125/><U59/><E132/><V113/><F135/><W93/><G134/><T11/><D103/><U29/><E133/><V34/><F113/><W35/><G1/><T2/><D2/><U101/><E44/><V24/><F58/><W42/><G127/><T111/><D105/><U92/><REACH who="1" step="1"/><E55/><REACH who="1" ten="159,63,469,299" step="2"/><V5/><F45/><W36/><G53/><T128/><D111/><U46/><E46/><V22/><F5/><W106/><G61/><T87/><D74/><U88/><AGARI ba="2,1" hai="8,10,21,27,29,59,62,64,88,92,98,100,101,102" machi="88" ten="30,8000,1" yaku="1,1,0,1,8,1,54,1,53,1" doraHai="38" doraHaiUra="60" who="1" fromWho="1" sc="159,-22,63,96,469,-42,299,-22" /><INIT seed="3,0,0,1,4,4" ten="137,159,427,277" oya="3" hai0="45,124,105,80,89,123,71,132,119,25,113,52,68" hai1="102,86,34,54,28,32,47,27,13,53,21,41,49" hai2="78,36,99,8,95,44,72,87,79,135,125,88,46" hai3="1,14,101,103,18,16,133,65,50,96,109,93,10"/><W76/><G76/><T92/><D119/><U130/><E130/><V3/><F135/><W5/><G133/><T51/><D132/><U104/><E102/><V98/><F125/><W35/><G35/><T23/><D123/><U57/><E104/><V59/><F59/><W7/><G109/><T116/><D116/><U69/><E69/><V121/><F46/><W97/><G65/><T2/><D105/><U120/><E120/><V43/><F78/><W91/><G50/><T42/><D2/><U131/><E131/><V114/><F114/><W63/><G63/><T122/><D124/><U83/><E13/><V126/><F126/><W62/><G62/><T61/><D80/><U60/><REACH who="1" step="1"/><E41/><REACH who="1" ten="137,149,427,277" step="2"/><V112/><F121/><W29/><G91/><AGARI ba="0,1" hai="21,27,28,32,34,47,49,53,54,57,60,83,86,91" machi="91" ten="30,3900,0" yaku="1,1,2,1,7,1,53,0" doraHai="4" doraHaiUra="110" who="1" fromWho="3" sc="137,0,149,49,427,0,277,-39" /><INIT seed="4,0,0,1,5,111" ten="137,198,427,238" oya="0" hai0="129,3,123,118,21,66,59,75,45,91,48,76,43" hai1="85,29,115,116,17,8,13,15,31,132,72,51,73" hai2="88,74,54,114,56,64,101,80,117,49,14,78,7" hai3="87,68,70,24,69,25,23,106,135,92,98,40,77"/><T46/><D3/><U83/><E116/><V32/><F114/><W30/><G135/><T131/><D91/><U10/><E115/><V35/><F101/><W58/><G106/><T79/><D75/><U33/><E132/><V94/><F64/><W119/><G119/><T53/><D118/><U41/><E33/><V97/><F117/><W55/><G40/><T100/><D100/><U61/><E61/><V134/><F134/><W93/><G77/><T27/><D123/><U103/><E103/><V52/><F54/><W108/><G108/><T50/><D66/><U71/><E71/><V1/><F1/><W84/><G25/><T109/><D59/><U63/><E63/><V113/><F113/><W89/><REACH who="3" step="1"/><G92/><REACH who="3" ten="137,198,427,228" step="2"/><T9/><D109/><U22/><E73/><V57/><F74/><W96/><G96/><T95/><D95/><U124/><E72/><V65/><F78/><W126/><G126/><T86/><D86/><U110/><E124/><V125/><F125/><W5/><G5/><T6/><D79/><U4/><E110/><V130/><F97/><W19/><G19/><T107/><D107/><U128/><E41/><V112/><F7/><W11/><G11/><T104/><D104/><U121/><E121/><V90/><F94/><W67/><G67/><T99/><D99/><U102/><E8/><V36/><F65/><W2/><G2/><N who="0" m="215" /><D76/><U20/><E4/><V34/><F112/><W82/><G82/><T26/><D21/><U120/><E22/><V39/><F80/><W60/><AGARI ba="0,1" hai="23,24,30,55,58,60,68,69,70,84,87,89,93,98" machi="60" ten="30,2000,0" yaku="1,1,0,1,53,0" doraHai="111" doraHaiUra="38" who="3" fromWho="3" sc="137,-10,198,-5,427,-5,228,30" /><INIT seed="5,0,0,5,3,65" ten="127,193,422,258" oya="1" hai0="129,67,29,77,133,78,42,55,121,56,41,59,18" hai1="7,16,47,126,119,71,111,125,46,24,84,21,96" hai2="123,22,116,107,118,20,8,35,81,69,33,44,114" hai3="17,58,72,103,31,53,99,2,117,86,39,62,115"/><U109/><E71/><V5/><F107/><W0/><G39/><T11/><D129/><U48/><E119/><V128/><F69/><W131/><G72/><T90/><D133/><U104/><E84/><V45/><F81/><W130/><G117/><T112/><D29/><U83/><E83/><V101/><F101/><W61/><G86/><T92/><D112/><U113/><E113/><V79/><F114/><W64/><G31/><T132/><D121/><U23/><E104/><V1/><F128/><N who="3" m="49195" /><G17/><T63/><D132/><U94/><E7/><V80/><F80/><W122/><G122/><T52/><D67/><U54/><E47/><V60/><F60/><W108/><G108/><N who="1" m="41546" /><E23/><V49/><F123/><W95/><G115/><T37/><D37/><U73/><E73/><V68/><F68/><AGARI ba="0,0" hai="0,2,53,58,61,62,64,68,95,99,103" m="49195" machi="68" ten="30,2000,0" yaku="19,1,52,1" doraHai="65" who="3" fromWho="2" sc="127,0,193,0,422,-20,258,20" /><INIT seed="6,0,0,4,2,121" ten="127,193,402,278" oya="2" hai0="56,113,107,17,37,36,79,20,82,62,8,80,32" hai1="30,98,76,63,96,23,27,91,4,75,93,24,74" hai2="60,85,135,89,116,90,97,72,18,108,111,130,118" hai3="70,58,99,92,78,127,5,53,131,45,19,15,117"/><V7/><F7/><W109/><G117/><N who="2" m="45161" /><F18/><W35/><G35/><T132/><D107/><U105/><E105/><V3/><F3/><W69/><G5/><T46/><D132/><U26/><E98/><V13/><F13/><W88/><G131/><T95/><D113/><U39/><E39/><V102/><F72/><W22/><G127/><T128/><D32/><U43/><E43/><V21/><F21/><W40/><G78/><T71/><D71/><U67/><E4/><V57/><F135/><W48/><REACH who="3" step="1"/><G109/><REACH who="3" ten="127,193,402,268" step="2"/><T126/><D126/><U28/><E76/><V104/><F130/><W129/><G129/><T87/><D128/><U44/><E74/><V100/><F111/><W16/><G16/><T110/><D110/><U120/><E75/><V11/><F108/><W64/><G64/><T94/><D8/><U2/><E120/><V81/><F11/><W65/><G65/><T38/><D17/><U55/><E2/><V1/><F1/><W42/><G42/><T112/><D20/><U125/><E125/><V123/><F123/><W61/><AGARI ba="0,1" hai="15,19,22,40,45,48,53,58,61,69,70,88,92,99" machi="61" ten="20,5200,0" yaku="1,1,0,1,7,1,54,1,53,0" doraHai="121" doraHaiUra="133" who="3" fromWho="3" sc="127,-13,193,-13,402,-26,268,62" /><INIT seed="7,0,0,1,3,24" ten="114,180,376,330" oya="3" hai0="17,63,2,35,38,62,83,27,71,6,116,73,57" hai1="113,103,37,125,132,11,127,48,66,82,102,78,94" hai2="95,131,92,1,99,41,20,25,59,33,100,119,87" hai3="34,90,110,51,16,26,126,130,29,15,101,81,129"/><W52/><G101/><N who="1" m="38410" /><E113/><V98/><F1/><W49/><G110/><T93/><D116/><U133/><E37/><V84/><F33/><W13/><G126/><N who="1" m="48138" /><E66/><V96/><F131/><N who="3" m="50187" /><G13/><T135/><D135/><N who="1" m="51787" /><E48/><V47/><F119/><W128/><G128/><T36/><D36/><U121/><E11/><V61/><F41/><W112/><G112/><T88/><D38/><U14/><E14/><V72/><F47/><N who="3" m="27711" /><G51/><T12/><D2/><U53/><E53/><N who="2" m="34031" /><F100/><W39/><G39/><T31/><D6/><U120/><E94/><N who="2" m="35883" /><F72/><AGARI ba="0,0" hai="72,78,82,120,121" m="51787,48138,38410" machi="72" ten="30,7700,0" yaku="18,1,20,1,34,2" doraHai="24" who="1" fromWho="2" sc="114,0,180,77,376,-77,330,0" owari="114,-39.0,257,-14.0,299,10.0,330,43.0" /></mjloggm>