<mjloggm ver="2.3"><GO type="41" lobby="0"/><UN n0="%E2%93%9D%53%75%70%68%78" n1="%79%64%6A%73%61%6D%61" n2="%E8%B5%A4%E3%82%8F%E3%81%9F%E3%81%82%E3%82%81" n3="%E8%8E%9E" dan="17,14,14,13" rate="2030.76,1932.62,1906.69,1852.94" sx="M,M,M,M"/><TAIKYOKU oya="0"/><INIT seed="0,0,0,2,0,118" ten="250,250,250,250" oya="0" hai0="61,55,43,112,82,111,99,77,83,75,38,40,126" hai1="34,90,114,100,54,109,104,115,65,132,46,42,56" hai2="21,58,92,127,113,2,30,17,123,33,3,85,69" hai3="32,125,37,19,8,79,5,4,66,31,13,74,78"/><T87/><D112/><N who="1" m="43051" /><E34/><V23/><F69/><W119/><G66/><T120/><D126/><U67/><E132/><V20/><F113/><W105/><G105/><T124/><D124/><U25/><E109/><V96/><F127/><W93/><G37/><T22/><D120/><U129/><E129/><V72/><F72/><W98/><G119/><T94/><D38/><N who="1" m="21847" /><E25/><V117/><F117/><W41/><G41/><T122/><D122/><U71/><E71/><V133/><F123/><W12/><G125/><T97/><D111/><U59/><E59/><V11/><F85/><W116/><G116/><T86/><D75/><U7/><E7/><V26/><F58/><W15/><G74/><T121/><D121/><U28/><E28/><V1/><F96/><W108/><G108/><T18/><D99/><N who="1" m="61471" /><E90/><V103/><F92/><W10/><G31/><T107/><D107/><U14/><E14/><N who="2" m="7391" /><F103/><W45/><G32/><T24/><D94/><U106/><E106/><V110/><F110/><W131/><G45/><T47/><D47/><U44/><E44/><V63/><F63/><AGARI ba="0,0" hai="54,56,63,65,67" m="61471,21847,43051" machi="63" ten="30,1000,0" yaku="11,1" doraHai="118" who="1" fromWho="2" sc="250,0,250,10,250,-10,250,0" /><INIT seed="1,0,0,4,5,11" ten="250,260,240,250" oya="1" hai0="90,127,29,38,73,83,101,9,6,100,105,98,33" hai1="72,40,67,122,117,54,10,36,0,46,52,12,35" hai2="66,37,43,77,51,86,118,30,108,34,88,124,70" hai3="130,125,85,65,134,89,81,71,74,31,78,2,45"/><U19/><E117/><V133/><F118/><W123/><G123/><T94/><D38/><U7/><E122/><V60/><F108/><W47/><G125/><T20/><D33/><U135/><E135/><V55/><F124/><W102/><G134/><T114/><D114/><U26/><E67/><V87/><F77/><W22/><G130/><T4/><D4/><U61/><E61/><V68/><F68/><W57/><G2/><T92/><D127/><U119/><E119/><V1/><F1/><W112/><G71/><T120/><D20/><U91/><E91/><V17/><F87/><W25/><G112/><T23/><D23/><U63/><E63/><V104/><F104/><W113/><G113/><T32/><D29/><U49/><E72/><V59/><F17/><W53/><G65/><T80/><D32/><U115/><E115/><V128/><F133/><W76/><G102/><T132/><D132/><U16/><E36/><V18/><F18/><N who="1" m="6697" /><E0/><V41/><F128/><W24/><G24/><T13/><D120/><U107/><E107/><V131/><F131/><W64/><G64/><T121/><D121/><U116/><E116/><V69/><F69/><W62/><G78/><T97/><REACH who="0" step="1"/><D73/><REACH who="0" ten="240,260,240,250" step="2"/><U58/><E35/><V8/><F8/><W21/><G21/><T14/><D14/><U95/><E26/><V129/><F129/><W28/><G28/><T50/><D50/><N who="1" m="31063" /><E40/><V126/><F126/><W82/><AGARI ba="0,1" hai="22,25,31,45,47,53,57,62,74,76,81,82,85,89" machi="82" ten="20,1500,0" yaku="0,1,7,1" doraHai="11" who="3" fromWho="3" sc="240,-4,260,-7,240,-4,250,25" /><INIT seed="2,0,0,5,0,91" ten="236,253,236,275" oya="2" hai0="15,86,126,83,51,84,95,22,1,65,7,16,70" hai1="132,106,49,77,23,78,121,29,135,6,27,37,105" hai2="116,133,117,38,71,112,99,125,21,62,101,130,57" hai3="0,10,52,93,54,5,8,122,46,107,74,100,2"/><V24/><F112/><W58/><G74/><T13/><D1/><U97/><E37/><V108/><F130/><W115/><G115/><T67/><D70/><U109/><E109/><V66/><F133/><N who="1" m="51273" /><E121/><V128/><F128/><W47/><G107/><N who="1" m="40970" /><E6/><V45/><F125/><W3/><G122/><T89/><D126/><U36/><E36/><V28/><F108/><W35/><G35/><T60/><D60/><U48/><E97/><V113/><F71/><W85/><G54/><T69/><D69/><U33/><E33/><V31/><F31/><W111/><G111/><T110/><D110/><U11/><E11/><V80/><F80/><W30/><G30/><T53/><D7/><U103/><E103/><V41/><REACH who="2" step="1"/><F113/><REACH who="2" ten="236,253,226,275" step="2"/><W127/><G127/><T44/><REACH who="0" step="1"/><D15/><REACH who="0" ten="226,253,226,275" step="2"/><U50/><AGARI ba="0,2" hai="23,27,29,48,49,50,77,78" m="40970,51273" machi="50" ten="40,1500,0" yaku="20,1" doraHai="91" who="1" fromWho="1" sc="226,-4,253,35,226,-7,275,-4" /><INIT seed="3,0,0,1,0,45" ten="222,288,219,271" oya="3" hai0="15,78,71,60,20,111,64,32,62,93,101,5,21" hai1="11,13,70,61,104,36,19,108,95,132,94,119,89" hai2="54,4,43,25,58,106,51,76,2,49,0,73,83" hai3="110,107,14,124,9,6,31,100,10,27,96,131,40"/><W18/><G131/><T35/><D78/><U57/><E104/><V128/><F106/><W22/><G124/><T1/><D1/><U17/><E132/><V97/><F128/><W84/><G84/><T63/><D111/><U34/><E119/><V135/><F135/><W29/><G40/><T133/><D133/><U68/><E34/><V109/><F109/><W98/><G110/><T28/><D71/><U12/><E108/><V30/><F97/><W115/><G115/><T24/><D64/><U90/><E36/><V8/><F43/><W103/><REACH who="3" step="1"/><G10/><REACH who="3" ten="222,288,219,261" step="2"/><T81/><D81/><U121/><E121/><V122/><F122/><W127/><G127/><T130/><D130/><U117/><E117/><V65/><F65/><W129/><G129/><T125/><D125/><U112/><E112/><V75/><F75/><W126/><G126/><T102/><D35/><U67/><E70/><V44/><F8/><W105/><AGARI ba="0,1" hai="6,9,14,18,22,27,29,31,96,98,100,103,105,107" machi="105" ten="20,7800,0" yaku="1,1,0,1,7,1,9,1,53,0" doraHai="45" doraHaiUra="47" who="3" fromWho="3" sc="222,-26,288,-26,219,-26,261,88" /><INIT seed="3,1,0,2,4,0" ten="196,262,193,349" oya="3" hai0="92,134,52,17,131,73,78,39,41,42,69,30,4" hai1="8,109,18,106,88,49,110,129,107,38,12,95,50" hai2="60,89,74,111,1,27,102,124,128,114,10,28,99" hai3="6,98,90,47,58,63,75,11,45,81,125,35,132"/><W68/><G68/><T113/><D30/><U118/><E118/><V15/><F111/><N who="1" m="42505" /><E129/><V2/><F114/><W97/><G125/><T61/><D17/><U34/><E38/><V54/><F74/><W56/><G35/><T71/><D92/><U120/><E120/><V70/><F89/><W121/><G121/><T96/><D96/><N who="1" m="57447" /><E34/><V117/><F117/><W82/><G132/><T66/><D78/><U22/><E22/><V76/><F76/><W48/><G75/><T115/><D73/><U23/><E23/><V93/><F124/><W53/><G82/><T94/><D94/><U16/><E18/><V108/><F108/><W62/><G81/><T44/><D134/><U103/><E103/><V79/><F79/><W101/><G90/><T51/><D131/><U87/><E87/><V9/><F9/><W122/><G122/><T100/><D100/><U83/><E83/><V86/><F86/><W19/><G19/><T21/><D21/><U13/><E13/><V24/><F128/><W46/><G48/><AGARI ba="1,0" hai="8,12,16,48,49,50,106,107" m="57447,42505" machi="48" ten="30,3900,0" yaku="14,1,54,2" doraHai="0" who="1" fromWho="3" sc="196,0,262,42,193,0,349,-42" /><INIT seed="4,0,0,2,4,11" ten="196,304,193,307" oya="0" hai0="85,134,110,23,25,56,75,54,13,121,127,2,126" hai1="109,116,87,19,72,133,52,17,50,51,122,70,89" hai2="117,124,73,30,35,31,81,42,14,125,112,129,62" hai3="102,98,105,7,104,114,113,45,28,37,66,1,46"/><T84/><D75/><U90/><E109/><V6/><F42/><N who="3" m="22735" /><G46/><T86/><D2/><U111/><E122/><V55/><F73/><W49/><G49/><T97/><D121/><U71/><E111/><V74/><F74/><W131/><G66/><T67/><D110/><U0/><E133/><V43/><F43/><W96/><G28/><T76/><D67/><U57/><E0/><V26/><F81/><W108/><G108/><T92/><D134/><U107/><E107/><V48/><F62/><W80/><G80/><T82/><D25/><U100/><E100/><V61/><F61/><W95/><G131/><T16/><D127/><N who="2" m="48714" /><F129/><W94/><G94/><T10/><D23/><U3/><E3/><V63/><F63/><W130/><G130/><T58/><D126/><U5/><E5/><V47/><F31/><W34/><G34/><T132/><D132/><U101/><E101/><V64/><F64/><W40/><G40/><T20/><D20/><U18/><E72/><V41/><F41/><W79/><G79/><T4/><D4/><U39/><E39/><V32/><F117/><W36/><G36/><T119/><D119/><U12/><E116/><V38/><F38/><W77/><G77/><T123/><D123/><U27/><E51/><V24/><F35/><W103/><G95/><T60/><D58/><U33/><E33/><V8/><F26/><W9/><AGARI ba="0,0" hai="1,7,9,96,98,102,103,104,105,113,114" m="22735" machi="9" ten="30,1100,0" yaku="23,1" doraHai="11" who="3" fromWho="3" sc="196,-5,304,-3,193,-3,307,11" /><INIT seed="5,0,0,3,5,34" ten="191,301,190,318" oya="1" hai0="88,96,30,120,0,106,110,104,15,112,20,69,10" hai1="50,54,64,116,4,6,40,83,68,61,35,62,134" hai2="95,37,23,97,13,26,56,33,124,109,118,111,119" hai3="2,60,7,125,114,78,58,85,121,48,24,127,105"/><U9/><E35/><V19/><F37/><W107/><G121/><T65/><D110/><U18/><E116/><V126/><F56/><W87/><G24/><T29/><D120/><U59/><E134/><V43/><F43/><W117/><G117/><N who="2" m="44553" /><F95/><W1/><G48/><T5/><D112/><U77/><E40/><V71/><F97/><W27/><G27/><T131/><D131/><U46/><E18/><V98/><F98/><W80/><G7/><T75/><D75/><U86/><REACH who="1" step="1"/><E9/><REACH who="1" ten="191,291,190,318" step="2"/><N who="2" m="6575" /><F71/><W21/><G114/><T113/><D113/><U28/><E28/><N who="2" m="17503" /><F33/><W3/><G107/><T108/><D106/><U91/><E91/><V16/><F16/><W63/><G105/><T42/><D104/><U53/><AGARI ba="0,1" hai="4,6,46,50,53,54,59,61,62,64,68,77,83,86" machi="53" ten="20,3900,0" yaku="1,1,0,1,7,1,53,0" doraHai="34" doraHaiUra="39" who="1" fromWho="1" sc="191,-13,291,49,190,-13,318,-13" /><INIT seed="5,1,0,4,5,13" ten="178,340,177,305" oya="1" hai0="0,19,28,46,34,53,96,101,109,58,10,18,24" hai1="31,56,79,117,78,98,108,118,37,133,74,82,8" hai2="29,2,91,43,116,88,85,123,4,48,23,38,87" hai3="61,71,26,90,106,134,36,111,77,25,112,40,14"/><U128/><E37/><V7/><F116/><W115/><G106/><T121/><D109/><U9/><E108/><V100/><F123/><W113/><G111/><T103/><D121/><U35/><E133/><V50/><F38/><W107/><G107/><T80/><D46/><U68/><E128/><V92/><F2/><W110/><G110/><T22/><D34/><U130/><E130/><V104/><F104/><W33/><G134/><T83/><D0/><U114/><E114/><V105/><F105/><W73/><G90/><T32/><D32/><U129/><E129/><V89/><F100/><N who="0" m="38474" /><D96/><U120/><E120/><V132/><F132/><W30/><G25/><T59/><D59/><U76/><E68/><V27/><F91/><W69/><G61/><N who="0" m="36047" /><D10/><U6/><E56/><V75/><F75/><W95/><G95/><T20/><D28/><U51/><E98/><V81/><F43/><W44/><REACH who="3" step="1"/><G14/><AGARI ba="1,0" hai="14,18,19,20,22,24,80,83" m="36047,38474" machi="14" ten="30,3900,0" yaku="8,1,52,2" doraHai="13" who="0" fromWho="3" sc="178,42,340,0,177,0,305,-42" /><INIT seed="6,0,0,1,1,84" ten="220,340,177,263" oya="2" hai0="89,96,36,120,27,13,128,28,3,108,72,131,29" hai1="135,73,95,44,50,113,121,7,116,1,106,40,55" hai2="112,122,2,75,35,51,38,86,91,46,85,100,77" hai3="16,60,130,101,98,14,134,8,103,49,118,5,92"/><V127/><F122/><W132/><G118/><T4/><D72/><U11/><E106/><V69/><F2/><W10/><G130/><N who="0" m="49707" /><D36/><U104/><E116/><V30/><F38/><W99/><G49/><T102/><D108/><U23/><E104/><V70/><F75/><W0/><REACH who="3" step="1"/><G60/><REACH who="3" ten="220,340,177,253" step="2"/><T15/><D120/><U62/><E62/><V123/><F123/><W87/><G87/><T57/><D57/><U107/><E121/><V119/><F119/><W81/><G81/><T125/><D125/><U93/><E73/><V26/><F127/><W24/><G24/><T45/><D27/><U48/><E48/><V42/><F112/><W59/><G59/><T19/><D45/><U64/><E113/><V18/><F18/><W22/><G22/><T20/><D20/><U53/><E23/><V67/><F67/><W111/><G111/><T32/><D19/><U63/><E64/><V12/><F12/><W21/><G21/><T66/><D15/><U54/><E63/><V105/><F85/><W68/><G68/><T41/><D13/><U110/><E110/><V80/><REACH who="2" step="1"/><F77/><REACH who="2" ten="220,340,167,253" step="2"/><W71/><G71/><T115/><D66/><U33/><E1/><V78/><F78/><W65/><G65/><T129/><D129/><U79/><E79/><V83/><F83/><W82/><G82/><T126/><D126/><U47/><E50/><V17/><F17/><W31/><G31/><T9/><D29/><U88/><E7/><V133/><F133/><W97/><G97/><AGARI ba="0,2" hai="26,30,35,42,46,51,69,70,80,86,91,97,100,105" machi="97" ten="40,3900,0" yaku="1,1,52,1,53,0" doraHai="84" doraHaiUra="90" who="2" fromWho="3" sc="220,0,340,0,167,59,253,-39" /><INIT seed="6,1,0,1,3,85" ten="220,340,226,214" oya="2" hai0="116,114,130,72,46,118,34,60,125,103,0,83,51" hai1="59,96,14,15,11,57,110,102,44,119,53,7,19" hai2="54,56,81,92,41,39,13,30,113,47,58,29,127" hai3="128,129,74,31,79,22,4,133,27,63,33,70,84"/><V36/><F127/><W100/><G74/><T55/><D0/><U28/><E119/><N who="0" m="45609" /><D34/><U16/><E110/><V97/><F113/><W43/><G133/><T66/><D103/><U122/><E122/><V2/><F2/><W111/><G111/><T120/><D83/><U99/><E28/><V23/><F39/><W93/><G43/><T105/><D72/><U94/><E99/><V68/><F81/><W3/><G79/><T64/><D105/><U42/><E53/><V24/><F68/><W90/><G100/><T8/><D8/><N who="1" m="6599" /><E7/><V117/><F13/><W65/><REACH who="3" step="1"/><G22/><REACH who="3" ten="220,340,226,204" step="2"/><T135/><D135/><U75/><E75/><V40/><F40/><W1/><G1/><T112/><D120/><U108/><E108/><V6/><F117/><W71/><G71/><N who="0" m="42375" /><D125/><U73/><E73/><V87/><F23/><W121/><G121/><T76/><D76/><U9/><E9/><AGARI ba="1,1" hai="3,4,9,27,31,33,63,65,70,84,90,93,128,129" machi="9" ten="40,5200,0" yaku="1,1,52,1,53,1" doraHai="85" doraHaiUra="82" who="3" fromWho="1" sc="220,0,340,-55,226,0,204,65" /><INIT seed="7,0,0,0,4,62" ten="220,285,226,269" oya="3" hai0="101,54,107,103,132,109,85,75,134,4,79,35,129" hai1="56,71,44,121,45,73,61,1,112,135,119,51,77" hai2="31,95,13,99,7,98,69,19,97,92,49,6,115" hai3="127,11,67,50,123,89,118,122,110,96,15,33,131"/><W24/><G118/><T66/><D35/><U126/><E121/><V8/><F69/><W116/><G116/><T63/><D109/><U10/><E119/><V76/><F115/><W58/><G110/><T27/><D75/><U17/><E112/><V42/><F76/><W57/><G131/><T40/><D40/><U65/><E135/><N who="0" m="51753" /><D107/><U130/><E130/><V25/><F42/><W91/><G127/><T60/><D4/><U108/><E108/><V111/><F49/><W113/><G113/><T21/><D129/><U46/><E126/><V90/><F111/><W78/><G78/><T39/><D39/><U117/><E117/><V83/><F83/><W48/><G24/><T59/><D85/><U68/><E77/><V29/><F99/><W114/><G114/><T20/><D79/><U53/><E73/><V2/><F7/><W16/><G33/><T74/><D74/><U41/><E1/><V52/><F52/><N who="3" m="31895" /><G122/><T23/><D27/><U86/><E86/><V72/><F72/><W124/><G124/><T18/><D18/><U28/><E28/><V84/><F92/><W5/><G123/><T104/><D104/><U38/><E68/><AGARI ba="0,0" hai="20,21,23,54,59,60,63,66,68,101,103" m="51753" machi="68" ten="30,2000,0" yaku="20,1,52,1" doraHai="62" who="0" fromWho="1" sc="220,20,285,-20,226,0,269,0" /><INIT seed="8,0,0,2,4,13" ten="240,265,226,269" oya="0" hai0="129,22,53,27,10,87,114,23,89,62,36,8,49" hai1="84,43,32,2,35,123,120,31,65,69,40,37,59" hai2="76,39,131,4,85,33,67,79,24,95,117,128,21" hai3="20,96,106,94,30,50,108,119,66,109,100,86,133"/><T80/><D114/><U127/><E2/><V83/><F39/><W74/><G119/><T68/><D36/><U91/><E69/><V52/><F67/><W17/><G133/><T81/><D129/><N who="2" m="49738" /><F33/><W47/><G66/><T135/><D135/><U38/><E127/><V72/><F4/><W61/><G61/><T97/><D23/><U73/><E65/><V55/><F117/><W124/><G74/><T103/><D81/><U19/><E59/><V122/><F122/><W104/><G30/><T5/><D62/><U42/><E31/><N who="2" m="17807" /><F79/><W90/><G124/><T78/><D78/><U14/><E73/><V44/><F44/><W112/><G112/><T110/><D110/><U132/><E132/><V70/><F70/><W71/><G71/><T75/><D75/><U111/><E111/><V105/><F105/><W12/><REACH who="3" step="1"/><G106/><REACH who="3" ten="240,265,226,259" step="2"/><T25/><D68/><U1/><E123/><V92/><F72/><W9/><G9/><T121/><D10/><U126/><E120/><V34/><F34/><W41/><AGARI ba="0,1" hai="12,17,20,41,47,50,86,90,94,96,100,104,108,109" machi="41" ten="20,5200,0" yaku="1,1,0,1,7,1,52,1,53,0" doraHai="13" doraHaiUra="77" who="3" fromWho="3" sc="240,-26,265,-13,226,-13,259,62" owari="214,-19.0,252,5.0,213,-29.0,321,43.0" /></mjloggm>