<mjloggm ver="2.3"><GO type="41" lobby="0"/><UN n0="%E9%A2%A8%E8%A1%A3%E8%91%89%E5%86%AC%E5%84%AA" n1="%E2%93%9D%53%75%70%68%78" n2="%2E%69%67%6E%6F%72%65" n3="%6D%62%72%63%68%61%6E" dan="14,18,14,15" rate="1975.57,2078.76,1994.41,1960.41" sx="M,M,M,M"/><TAIKYOKU oya="0"/><INIT seed="0,0,0,1,3,48" ten="250,250,250,250" oya="0" hai0="82,70,24,5,125,36,92,62,14,40,87,83,108" hai1="86,97,134,100,31,114,47,84,2,16,133,6,29" hai2="1,68,102,11,27,85,132,120,95,128,59,116,37" hai3="13,105,96,42,107,98,110,54,117,126,43,18,15"/><T127/><D40/><U80/><E6/><V115/><F68/><W81/><G117/><T57/><D36/><U49/><E2/><V63/><F116/><W74/><G110/><T20/><D70/><U72/><E72/><V104/><F115/><W50/><G126/><N who="0" m="48139" /><D108/><U130/><E130/><V71/><F37/><W66/><G66/><N who="0" m="39247" /><D92/><U53/><E86/><V39/><F39/><W79/><G43/><T46/><D46/><U34/><E34/><V51/><F71/><W22/><G42/><T25/><D87/><U77/><E114/><V52/><F85/><W3/><G3/><T111/><D111/><U65/><E65/><V32/><F95/><W30/><G30/><N who="0" m="17671" /><D25/><U129/><E129/><V35/><F27/><W75/><G75/><T44/><D44/><U106/><REACH who="1" step="1"/><E16/><REACH who="1" ten="250,240,250,250" step="2"/><V112/><F128/><W41/><G13/><T0/><D0/><U113/><E113/><V38/><F1/><W60/><G98/><T119/><D119/><U109/><E109/><V9/><F112/><W21/><G96/><T64/><D64/><U78/><E78/><V131/><F131/><W76/><G76/><T121/><D121/><U19/><E19/><V17/><F17/><W7/><G7/><T124/><D124/><U122/><E122/><V26/><F120/><W90/><G18/><T123/><D123/><U99/><E99/><V88/><F35/><W135/><G15/><T91/><D5/><U8/><E8/><V33/><F32/><W67/><G67/><T101/><D14/><U10/><E10/><V12/><F33/><W45/><G79/><T93/><D82/><RYUUKYOKU ba="0,1" sc="250,-10,240,30,250,-10,250,-10" hai1="29,31,47,49,53,77,80,84,97,100,106,133,134" /><INIT seed="1,1,1,0,1,41" ten="240,270,240,240" oya="1" hai0="76,20,107,25,66,14,8,57,101,117,6,4,89" hai1="122,93,22,21,69,128,10,116,83,110,13,118,9" hai2="59,96,26,61,100,42,125,58,18,63,129,47,121" hai3="23,85,114,91,120,95,2,94,46,30,87,16,103"/><U29/><E83/><V27/><F129/><W11/><G120/><T109/><D109/><U98/><E69/><V130/><F130/><W3/><G114/><T39/><D39/><U43/><E128/><V51/><F125/><W17/><G30/><T111/><D111/><U124/><E43/><V99/><F121/><W133/><G133/><T80/><D117/><U45/><E110/><V78/><F78/><W79/><G79/><T65/><D89/><U81/><E81/><V131/><F131/><W108/><G108/><T44/><D6/><U112/><E112/><V53/><F18/><W113/><G113/><T24/><D24/><U132/><E122/><V38/><F96/><W31/><G31/><T33/><D33/><U60/><E60/><V28/><F28/><W5/><G2/><T0/><D0/><U73/><E73/><V88/><F38/><W12/><G17/><T123/><D123/><U64/><E124/><V48/><F100/><W77/><G77/><T32/><D101/><U1/><E1/><V40/><F88/><N who="3" m="53519" /><G103/><T92/><D92/><U55/><E132/><V19/><F99/><W68/><G68/><T75/><D107/><U102/><E118/><V97/><F97/><W106/><G106/><T56/><D32/><U7/><E29/><V105/><F105/><W119/><G119/><T49/><D65/><U82/><E64/><N who="2" m="38967" /><F19/><W135/><G135/><T35/><D66/><U71/><E116/><V34/><F34/><W74/><G74/><T62/><D35/><U52/><E102/><V86/><F86/><W126/><G126/><T15/><D75/><RYUUKYOKU ba="1,1" sc="240,-15,270,-15,240,15,240,15" hai2="26,27,40,42,47,48,51,53,59,63" hai3="3,5,11,12,16,23,46,87,91,95" /><INIT seed="2,2,1,3,5,9" ten="225,255,255,255" oya="2" hai0="119,22,45,27,52,115,67,93,31,29,130,38,124" hai1="120,75,91,71,57,28,99,104,133,96,80,41,108" hai2="60,36,72,76,23,7,5,62,55,2,42,109,97" hai3="50,90,98,6,135,3,129,26,40,65,112,19,116"/><V10/><F5/><W82/><G116/><T100/><D115/><U85/><E71/><V102/><F55/><W66/><G135/><T47/><D124/><U79/><E41/><V83/><F23/><N who="3" m="13695" /><G3/><T58/><D130/><U107/><E57/><V113/><F113/><W1/><G1/><T89/><D119/><U51/><E51/><V30/><F30/><W81/><G129/><T64/><D31/><U20/><E20/><V14/><F109/><W127/><G127/><T128/><D100/><U59/><E59/><V74/><F74/><W35/><G35/><T134/><D134/><U25/><E25/><V49/><F49/><W46/><G6/><T56/><D128/><U12/><E28/><V77/><F77/><W39/><G39/><T68/><D68/><U117/><E108/><V37/><F37/><W111/><G111/><T44/><D38/><U95/><E120/><V4/><F36/><W69/><G69/><T17/><D29/><U86/><E12/><V16/><F42/><W43/><G43/><T8/><D8/><U53/><E117/><V54/><F2/><W18/><G18/><T121/><D58/><U123/><E123/><V13/><F4/><W34/><G34/><T0/><D0/><U118/><E133/><V132/><F132/><W63/><G112/><T101/><D101/><N who="1" m="62503" /><E118/><V126/><F126/><W24/><G24/><T15/><D27/><U103/><E53/><V32/><F54/><W106/><G106/><T11/><D121/><U87/><AGARI ba="2,1" hai="75,79,80,85,86,87,91,95,99,103,107" m="62503" machi="87" ten="30,12000,2" yaku="24,1,35,5" doraHai="9" who="1" fromWho="1" sc="225,-32,255,136,255,-62,255,-32" /><INIT seed="3,0,0,5,4,54" ten="193,391,193,223" oya="3" hai0="20,87,116,6,120,110,103,26,78,80,2,14,75" hai1="45,70,71,94,112,93,105,82,104,31,44,50,113" hai2="58,76,27,19,83,66,48,17,68,107,101,108,81" hai3="10,121,30,97,43,4,73,42,33,118,7,28,13"/><W25/><G118/><T34/><D116/><U65/><E65/><V62/><F108/><W109/><G73/><T96/><D110/><U128/><E50/><V74/><F81/><W3/><G109/><T90/><D120/><U95/><E82/><V0/><F0/><W85/><G121/><T37/><D37/><U1/><E31/><V67/><F27/><W18/><G7/><T38/><D38/><U99/><E99/><V35/><F35/><W55/><G30/><T114/><D114/><N who="1" m="44139" /><E128/><V72/><F72/><W57/><G85/><T32/><D2/><U64/><E64/><V24/><F24/><W77/><G97/><T79/><D14/><U52/><E52/><V46/><F67/><W89/><G89/><T15/><D15/><U132/><E132/><V51/><F101/><W21/><G77/><T41/><D41/><U125/><E125/><V129/><F107/><N who="1" m="41033" /><E1/><V12/><F129/><W61/><AGARI ba="0,0" hai="3,4,10,13,18,21,25,28,33,42,43,55,57,61" machi="61" ten="20,12000,1" yaku="0,1,7,1,24,2,52,1" doraHai="54" who="3" fromWho="3" sc="193,-40,391,-40,193,-40,223,120" /><INIT seed="3,1,0,1,5,12" ten="153,351,153,343" oya="3" hai0="76,83,22,49,81,127,17,64,56,28,54,46,114" hai1="95,130,117,23,29,53,43,27,82,106,0,109,112" hai2="62,72,123,45,30,65,103,2,90,31,78,5,73" hai3="24,41,102,4,96,15,10,119,105,21,50,9,18"/><W16/><G119/><T60/><D127/><U69/><E109/><V122/><F103/><W93/><G105/><T89/><D114/><U79/><E0/><V7/><F45/><N who="3" m="25903" /><G10/><T8/><D28/><AGARI ba="1,0" hai="4,9,15,16,18,21,24,28,93,96,102" m="25903" machi="28" ten="30,11600,0" yaku="8,1,52,2,54,1" doraHai="12" who="3" fromWho="0" sc="153,-119,351,0,153,0,343,119" /><INIT seed="3,2,0,2,0,52" ten="34,351,153,462" oya="3" hai0="14,61,123,113,119,78,46,108,54,28,45,30,104" hai1="131,55,101,11,81,4,8,32,0,26,100,19,44" hai2="75,106,90,82,133,88,67,114,80,73,27,118,50" hai3="69,127,47,60,74,134,56,71,92,124,42,17,102"/><W91/><G74/><T125/><D119/><U53/><E131/><V62/><F118/><W33/><G134/><T103/><D123/><U94/><E81/><V43/><F106/><W39/><G102/><T105/><D108/><U85/><E32/><V129/><F129/><W25/><G33/><T59/><D125/><N who="3" m="48201" /><G17/><T35/><D113/><U96/><E85/><V130/><F130/><W63/><G63/><T70/><D78/><U13/><E26/><V109/><F109/><W126/><G25/><T83/><D83/><U12/><E0/><V51/><F114/><W115/><G115/><T3/><D3/><U18/><E4/><V22/><F75/><W49/><G39/><T120/><D120/><U128/><E128/><V110/><F110/><W5/><G5/><T20/><D35/><U2/><E2/><V135/><F135/><W57/><G126/><T87/><D87/><U77/><E77/><V107/><F73/><W117/><G117/><T9/><D70/><N who="3" m="26633" /><G60/><T15/><D15/><U10/><E10/><V95/><F107/><W6/><G6/><T65/><D65/><U66/><E66/><V23/><F67/><W41/><G41/><T86/><D105/><U34/><E34/><V68/><F43/><W121/><G121/><T99/><D86/><AGARI ba="2,0" hai="42,47,49,56,57,86,91,92" m="26633,48201" machi="86" ten="30,5800,0" yaku="18,1,52,2" doraHai="52" who="3" fromWho="0" sc="34,-64,351,0,153,0,462,64" owari="-30,-53.0,351,15.0,153,-25.0,526,63.0" /></mjloggm>