<mjloggm ver="2.3"><GO type="41" lobby="0"/><UN n0="%E5%87%9D%E6%A2%A6" n1="%E5%8D%97%E6%B3%A2%E6%B9%BE" n2="%48%41%4C%4C%55%58" n3="%E2%93%9D%53%75%70%68%78" dan="15,13,15,18" rate="2044.58,1918.93,1970.17,2112.10" sx="F,M,M,M"/><TAIKYOKU oya="0"/><INIT seed="0,0,0,4,0,24" ten="250,250,250,250" oya="0" hai0="123,39,34,31,54,19,100,50,36,134,8,45,84" hai1="56,118,71,92,23,2,86,75,102,109,124,63,127" hai2="99,67,49,96,69,42,126,82,97,66,55,37,91" hai3="76,48,44,81,108,26,4,114,9,111,22,57,107"/><T7/><D123/><U129/><E118/><V58/><F126/><N who="1" m="48169" /><E109/><V51/><F37/><W103/><G114/><T72/><D72/><U133/><E129/><V16/><F69/><W132/><G132/><T122/><D122/><U79/><E133/><V61/><F42/><W62/><G103/><T0/><D134/><U101/><E75/><V60/><F82/><W115/><G107/><T80/><D100/><U10/><E71/><V6/><F6/><W135/><G115/><T85/><D19/><U120/><E120/><V20/><F91/><W3/><G135/><T119/><D119/><U90/><E79/><V14/><REACH who="2" step="1"/><F49/><REACH who="2" ten="250,250,240,250" step="2"/><W18/><G48/><T27/><REACH who="0" step="1"/><D84/><REACH who="0" ten="240,250,240,250" step="2"/><U32/><E86/><V121/><F121/><W74/><G111/><T110/><D110/><U87/><E87/><V43/><F43/><W29/><G108/><T70/><D70/><U89/><E102/><V128/><F128/><W113/><G113/><T116/><D116/><U28/><E101/><V104/><F104/><W38/><G74/><T125/><D125/><U52/><E89/><AGARI ba="0,2" hai="0,7,8,27,31,34,36,39,45,50,54,80,85,89" machi="89" ten="30,11600,0" yaku="1,1,7,1,52,1,53,1" doraHai="24" doraHaiUra="78" who="0" fromWho="1" sc="240,136,250,-116,240,0,250,0" /><INIT seed="0,1,0,4,4,100" ten="376,134,240,250" oya="0" hai0="63,116,51,106,57,132,92,27,58,75,127,120,4" hai1="76,78,13,12,0,54,119,31,102,7,22,128,70" hai2="123,88,64,14,134,69,74,129,115,8,52,49,95" hai3="33,67,55,43,99,107,17,60,66,96,45,39,23"/><T6/><D116/><U32/><E119/><V94/><F115/><W84/><G33/><T125/><D120/><U10/><E70/><V86/><F123/><W1/><G1/><T30/><D75/><U113/><E113/><V114/><F114/><W124/><G124/><N who="0" m="47691" /><D132/><U21/><E128/><V83/><F129/><W90/><G55/><N who="0" m="31999" /><D92/><U37/><E37/><V11/><F134/><W36/><G36/><T122/><D122/><U77/><E54/><V89/><F64/><W131/><G67/><N who="0" m="39415" /><D106/><U103/><E32/><AGARI ba="1,0" hai="4,6,27,30,32" m="39415,31999,47691" machi="32" ten="30,1500,0" yaku="18,1" doraHai="100" who="0" fromWho="1" sc="376,18,134,-18,240,0,250,0" /><INIT seed="0,2,0,5,1,59" ten="394,116,240,250" oya="0" hai0="74,54,56,93,128,111,21,83,17,1,45,75,14" hai1="110,115,49,71,135,129,97,32,106,44,38,120,41" hai2="116,11,25,65,134,123,51,88,119,66,125,55,70" hai3="92,107,27,30,64,132,10,105,23,57,68,13,28"/><T133/><D1/><U35/><RYUUKYOKU type="yao9" ba="2,0" sc="394,0,116,0,240,0,250,0" hai1="32,35,38,41,44,49,71,97,106,110,115,120,129,135" /><INIT seed="0,3,0,2,3,14" ten="394,116,240,250" oya="0" hai0="43,84,99,38,53,47,16,10,3,117,21,82,11" hai1="106,56,95,33,58,103,23,66,19,131,85,92,91" hai2="110,88,46,90,57,55,70,74,79,132,59,13,68" hai3="15,48,116,130,54,61,80,69,8,20,30,41,118"/><T12/><D117/><U51/><E131/><V104/><F104/><W28/><G130/><T9/><D99/><U67/><E106/><V50/><F110/><W4/><G41/><T63/><D53/><U73/><E33/><V60/><F132/><W6/><G69/><T96/><D96/><U124/><E124/><V81/><F13/><W1/><G61/><T111/><D111/><U127/><E127/><V5/><F5/><W71/><G71/><T64/><D3/><U49/><E73/><V101/><F101/><W102/><G80/><T120/><D120/><U107/><E107/><V22/><F68/><W114/><G114/><T39/><D39/><U35/><E35/><V87/><F70/><W17/><G102/><T76/><REACH who="0" step="1"/><D63/><REACH who="0" ten="384,116,240,250" step="2"/><U133/><E133/><V65/><F74/><W89/><G118/><T105/><D105/><U108/><E108/><V98/><F98/><W18/><G116/><T86/><D86/><U31/><E85/><V34/><F34/><W52/><G54/><T44/><D44/><U32/><E67/><AGARI ba="3,1" hai="9,10,11,12,16,21,38,43,47,64,67,76,82,84" machi="67" ten="40,7700,0" yaku="1,1,52,1,54,1,53,0" doraHai="14" doraHaiUra="29" who="0" fromWho="1" sc="384,96,116,-86,240,0,250,0" /><INIT seed="0,4,0,1,0,46" ten="480,30,240,250" oya="0" hai0="16,67,23,71,119,55,36,95,25,3,49,69,116" hai1="72,74,110,89,0,21,129,37,80,108,91,26,87" hai2="92,106,121,34,5,111,62,84,125,19,59,18,47" hai3="60,76,6,39,4,131,28,64,105,77,52,45,44"/><T134/><D36/><U104/><E37/><V56/><F121/><W126/><G105/><T82/><D3/><U17/><E104/><V97/><F106/><W133/><G131/><T30/><D134/><U8/><E129/><V29/><F111/><W81/><G28/><T132/><D132/><U50/><E0/><V113/><F113/><W94/><G126/><T61/><D69/><U13/><E91/><V15/><F125/><W124/><G124/><T14/><D82/><U48/><E74/><V68/><F84/><W128/><G128/><T98/><D95/><U107/><E72/><V109/><F109/><N who="1" m="42089" /><E107/><V42/><F29/><AGARI ba="4,0" hai="8,13,17,21,26,29,48,50,80,87,89" m="42089" machi="29" ten="30,3900,0" yaku="14,1,52,2" doraHai="46" who="1" fromWho="2" sc="480,0,30,51,240,-51,250,0" /><INIT seed="1,0,0,0,5,113" ten="480,81,189,250" oya="1" hai0="116,130,29,94,27,55,54,101,5,93,86,120,50" hai1="74,44,36,51,108,119,60,11,102,118,106,30,48" hai2="49,104,122,88,52,114,75,61,105,18,98,112,65" hai3="45,7,111,26,128,124,6,73,129,43,123,95,100"/><U58/><E74/><V81/><F122/><W38/><G123/><T76/><D120/><U107/><E30/><V12/><F75/><W39/><G111/><T56/><D116/><U121/><E108/><V70/><F112/><W10/><G124/><T32/><D130/><N who="3" m="50281" /><G26/><T69/><D69/><U19/><E121/><V126/><F126/><W71/><G7/><T99/><D5/><U31/><E31/><V125/><F114/><W66/><G95/><T96/><D54/><U57/><E36/><V91/><F125/><W47/><G100/><T110/><D110/><U15/><E58/><V33/><F33/><W22/><G22/><T53/><D56/><U135/><E135/><V133/><F91/><W103/><G103/><T3/><D101/><U131/><E131/><V134/><F134/><W82/><G47/><T64/><D32/><U62/><E62/><V117/><F117/><W20/><G20/><T23/><D23/><U77/><E77/><V1/><F1/><N who="3" m="335" /><G39/><T46/><D29/><U63/><E63/><V127/><F127/><W28/><G28/><T14/><D27/><U41/><E51/><V2/><F2/><W37/><G37/><T85/><D3/><U79/><E79/><V59/><F133/><W16/><G71/><T21/><D53/><N who="1" m="33839" /><E107/><V68/><F68/><W80/><G73/><T35/><D35/><U115/><E115/><V90/><F105/><W4/><G66/><T92/><D64/><U25/><E25/><V109/><F109/><W87/><G38/><T17/><D76/><U40/><E40/><V67/><F104/><W84/><G43/><RYUUKYOKU ba="0,0" sc="480,15,81,15,189,-15,250,-15" hai0="14,17,21,46,50,55,85,86,92,93,94,96,99" hai1="11,15,19,41,44,48,102,106,118,119" /><INIT seed="1,1,0,1,2,105" ten="495,96,174,235" oya="1" hai0="9,57,41,47,98,119,50,108,33,38,87,55,93" hai1="7,62,6,72,21,37,104,48,134,17,129,71,130" hai2="44,54,0,19,3,111,84,16,56,29,68,53,8" hai3="126,66,113,89,35,32,118,135,127,125,25,30,31"/><U114/><E114/><V99/><F111/><W91/><G113/><T73/><D108/><U60/><E37/><V15/><F68/><W69/><G135/><T27/><D119/><U132/><E104/><V128/><F128/><N who="1" m="49257" /><E48/><V103/><F29/><W22/><G118/><T26/><D33/><N who="3" m="12873" /><G31/><T92/><D73/><U13/><E72/><V52/><F44/><W1/><G1/><T36/><D36/><U59/><E71/><V24/><F84/><W133/><G133/><N who="1" m="51306" /><E62/><AGARI ba="1,0" hai="22,25,30,62,66,69,89,91,125,126,127" m="12873" machi="62" ten="40,1300,0" yaku="18,1" doraHai="105" who="3" fromWho="1" sc="495,0,96,-16,174,0,235,16" /><INIT seed="2,0,0,0,4,30" ten="495,80,174,251" oya="2" hai0="77,55,73,103,107,69,12,127,93,33,34,42,26" hai1="109,61,39,123,40,126,116,38,20,74,105,28,65" hai2="0,11,111,23,62,121,88,31,71,35,13,80,117" hai3="14,43,5,104,2,7,96,25,22,44,29,130,76"/><V17/><F117/><W63/><G130/><T106/><D69/><U54/><E116/><V51/><F121/><W83/><G2/><T135/><D127/><U91/><E105/><V53/><F71/><W47/><G47/><T122/><D122/><U60/><E74/><V41/><F41/><W27/><G63/><T67/><D135/><U134/><E91/><V79/><F62/><W66/><G66/><T4/><D67/><U114/><E123/><V102/><F102/><W48/><G104/><T99/><D42/><U82/><E82/><V21/><F111/><W100/><G27/><T72/><D55/><U36/><E20/><V18/><F0/><W50/><G50/><T46/><D46/><N who="1" m="23815" /><E28/><V56/><F35/><W57/><G57/><T10/><D72/><U124/><E109/><V81/><F31/><W115/><G115/><T58/><D26/><U6/><E6/><V110/><F110/><W24/><G24/><T95/><D58/><N who="1" m="34903" /><E114/><V94/><F79/><W37/><G37/><N who="1" m="13834" /><E134/><V8/><F81/><W70/><G70/><AGARI ba="0,0" hai="61,65,70,124,126" m="13834,34903,23815" machi="70" ten="30,2000,0" yaku="34,2" doraHai="30" who="1" fromWho="3" sc="495,0,80,20,174,0,251,-20" /><INIT seed="3,0,0,0,4,97" ten="495,100,174,231" oya="3" hai0="19,127,26,60,38,33,14,98,44,135,114,79,91" hai1="25,134,88,106,82,118,1,73,80,81,92,55,39" hai2="76,104,23,54,133,94,47,72,27,7,131,68,102" hai3="52,41,119,124,56,71,122,35,126,24,99,32,84"/><W6/><G119/><T8/><D127/><N who="3" m="48681" /><G71/><T50/><D114/><U46/><E1/><V83/><F131/><W11/><G41/><T125/><D125/><U109/><E109/><V31/><F133/><W112/><G112/><T12/><D135/><U110/><E110/><V113/><F113/><W132/><G122/><T62/><D38/><U93/><E134/><V49/><F68/><W65/><G65/><T108/><D108/><U107/><E118/><V100/><F104/><N who="1" m="39977" /><E55/><V85/><F7/><W90/><G99/><T116/><D116/><U66/><E66/><V48/><F72/><W101/><G24/><T4/><D26/><U0/><E25/><V89/><REACH who="2" step="1"/><F48/><REACH who="2" ten="495,100,164,231" step="2"/><N who="3" m="30727" /><G132/><T57/><D4/><U111/><E111/><V16/><F16/><W64/><G64/><T9/><D19/><U115/><E115/><V87/><AGARI ba="0,1" hai="23,27,31,47,49,54,76,83,85,87,89,94,100,102" machi="87" ten="20,12000,2" yaku="1,1,0,1,7,1,8,1,52,2,53,0" doraHai="97" doraHaiUra="105" who="2" fromWho="2" sc="495,-30,100,-30,164,130,231,-60" /><INIT seed="4,0,0,0,2,64" ten="465,70,294,171" oya="0" hai0="88,52,122,13,35,117,15,119,26,135,55,106,65" hai1="42,51,77,101,8,93,21,56,75,30,73,83,120" hai2="12,59,23,34,133,45,11,115,131,134,87,61,100" hai3="31,82,57,40,38,129,125,10,132,50,89,108,36"/><T105/><D65/><U109/><E109/><V102/><F34/><W53/><G108/><T41/><D35/><U95/><E120/><V111/><F111/><W71/><G31/><T112/><D122/><U0/><E73/><V113/><F23/><W6/><G132/><N who="2" m="50793" /><F45/><W128/><G125/><T4/><D135/><U124/><E124/><V24/><F24/><W78/><G89/><T18/><D26/><U126/><E126/><V110/><F110/><W68/><G40/><T17/><D88/><U9/><E101/><N who="2" m="39019" /><F87/><W96/><G96/><T19/><D41/><U103/><E103/><V91/><F91/><W33/><G33/><T63/><D4/><U62/><E30/><V39/><F39/><W74/><G38/><T80/><D17/><U58/><E21/><V66/><F131/><N who="3" m="50251" /><G36/><T76/><D63/><U121/><E0/><AGARI ba="0,0" hai="0,6,10,50,53,57,68,71,74,78,82" m="50251" machi="0" ten="30,3900,0" yaku="19,1,52,2" doraHai="64" who="3" fromWho="1" sc="465,0,70,-39,294,0,171,39" /><INIT seed="5,0,0,1,1,85" ten="465,31,294,210" oya="1" hai0="28,7,62,115,116,50,72,60,122,69,117,0,65" hai1="73,81,134,123,23,120,4,41,112,21,57,100,8" hai2="92,75,121,128,40,91,97,131,55,132,87,103,30" hai3="39,32,77,38,124,106,44,59,53,98,118,80,129"/><U119/><E119/><V49/><F40/><W47/><G32/><T68/><D122/><U22/><E112/><V34/><F30/><W74/><G129/><N who="2" m="49737" /><F34/><W110/><G110/><T83/><D115/><U126/><E126/><V108/><F55/><W102/><G124/><T133/><D28/><U3/><E134/><V54/><F54/><W99/><G118/><T79/><D133/><U52/><E41/><V56/><F56/><W29/><G29/><T11/><D50/><U46/><E46/><V64/><F49/><W42/><G99/><T51/><D51/><U25/><E100/><V35/><F64/><AGARI ba="0,0" hai="0,7,11,60,62,64,65,68,69,72,79,83,116,117" machi="64" ten="40,5200,0" yaku="9,1,23,2" doraHai="85" who="0" fromWho="2" sc="465,52,31,0,294,-52,210,0" /><INIT seed="6,0,0,3,3,60" ten="517,31,242,210" oya="2" hai0="24,4,88,122,117,104,46,93,106,57,101,28,30" hai1="75,134,44,41,53,9,39,83,8,19,43,34,42" hai2="29,91,135,20,54,120,55,126,133,31,97,63,116" hai3="76,121,12,113,108,95,78,64,85,38,74,82,79"/><V89/><F116/><W112/><G38/><T100/><D117/><U69/><E134/><N who="2" m="51211" /><F120/><W86/><G12/><T132/><D132/><U2/><E34/><V125/><F20/><W129/><G64/><T87/><D122/><U15/><E53/><N who="2" m="19979" /><F63/><W13/><G13/><T66/><D104/><U118/><E69/><V128/><F97/><W62/><G62/><N who="0" m="38223" /><D106/><U107/><E107/><V111/><F111/><W80/><G121/><T105/><D105/><U26/><E26/><V114/><F114/><N who="3" m="44139" /><G129/><T115/><D24/><U25/><E25/><V48/><F48/><W14/><G14/><T27/><D27/><U127/><E127/><N who="2" m="48651" /><F128/><W123/><G123/><T52/><D115/><U45/><E118/><V56/><F56/><W90/><G108/><T16/><D28/><AGARI ba="0,0" hai="28,29,31,89,91" m="48651,19979,51211" machi="28" ten="40,12000,1" yaku="28,2,20,1,18,1" doraHai="60" who="2" fromWho="0" sc="517,-120,31,0,242,120,210,0" /><INIT seed="6,1,0,5,0,115" ten="397,31,362,210" oya="2" hai0="36,100,126,38,73,133,62,58,15,7,76,130,54" hai1="27,109,91,113,106,124,102,111,24,35,23,108,135" hai2="46,96,26,22,47,50,31,110,17,94,119,9,90" hai3="95,66,132,82,53,44,43,33,59,88,80,123,60"/><V89/><F119/><W28/><G123/><T19/><D126/><U127/><E106/><V65/><F110/><N who="1" m="28161" /><U11/><DORA hai="41" /><E91/><V120/><F120/><W3/><G3/><T118/><D118/><U21/><E102/><N who="2" m="60695" /><F65/><W61/><G132/><T69/><D133/><U30/><E135/><V39/><F39/><W92/><G92/><T13/><D100/><U122/><E122/><V77/><F77/><W1/><G1/><T131/><D69/><U103/><E103/><V52/><F46/><W16/><G28/><T37/><D7/><U81/><E81/><V114/><F114/><W25/><G33/><T48/><D76/><U98/><E98/><V20/><F9/><W55/><G61/><T64/><D73/><U8/><E113/><V74/><F74/><W40/><G40/><T112/><D112/><U117/><E117/><V85/><F85/><N who="3" m="52623" /><G43/><T134/><D134/><U5/><E5/><V75/><F75/><W57/><G66/><T6/><D6/><U84/><E84/><V70/><F70/><W86/><G86/><T104/><D104/><U51/><E51/><V2/><F2/><W129/><G82/><T68/><REACH who="0" step="1"/><D13/><AGARI ba="1,0" hai="13,17,20,22,26,31,47,50,52,89,90" m="60695" machi="13" ten="30,5800,0" yaku="8,1,52,1,54,1" doraHai="115,41" who="2" fromWho="0" sc="397,-61,31,0,362,61,210,0" /><INIT seed="6,2,0,1,0,124" ten="336,31,423,210" oya="2" hai0="56,50,26,48,31,134,10,109,123,114,115,110,11" hai1="63,43,18,108,92,45,28,122,106,90,103,67,17" hai2="42,94,35,87,98,2,104,127,107,69,111,54,105" hai3="83,128,133,77,57,72,29,27,73,135,71,58,39"/><V75/><F75/><W25/><G39/><T14/><D56/><U64/><E108/><V66/><F111/><N who="0" m="42506" /><D48/><U91/><E122/><V79/><F2/><W51/><G71/><T23/><D50/><U100/><E106/><V119/><F35/><W120/><G120/><T130/><D123/><U74/><E74/><V61/><F127/><W129/><G51/><T60/><D60/><U89/><E28/><V132/><F54/><W36/><G36/><T101/><D101/><U116/><E116/><V33/><F42/><W118/><G29/><T19/><D134/><U55/><E55/><V30/><F30/><W8/><G8/><T12/><D130/><U5/><E5/><V86/><F33/><W102/><G102/><N who="1" m="38954" /><E92/><V40/><F40/><W34/><G34/><T1/><D1/><U62/><E45/><V131/><F131/><W126/><G126/><T37/><D37/><U97/><E97/><V85/><F79/><W6/><G77/><T84/><D84/><U99/><E99/><V117/><F132/><W80/><REACH who="3" step="1"/><G6/><AGARI ba="2,0" hai="6,10,11,12,14,19,23,26,31,114,115" m="42506" machi="6" ten="30,2000,0" yaku="34,2" doraHai="124" who="0" fromWho="3" sc="336,26,31,0,423,0,210,-26" /><INIT seed="7,0,0,5,3,32" ten="362,31,423,184" oya="3" hai0="86,67,50,72,18,108,92,105,135,127,70,3,99" hai1="30,14,61,101,10,66,29,43,120,109,40,110,47" hai2="62,104,94,38,107,76,130,131,5,16,37,51,126" hai3="45,124,44,85,46,15,27,118,17,54,79,28,112"/><W111/><G118/><T100/><D108/><U55/><E120/><V6/><F126/><W129/><G112/><T52/><D127/><U88/><E101/><V2/><F76/><W87/><G124/><T1/><D135/><U89/><E110/><V74/><F74/><W9/><G129/><N who="2" m="49161" /><F16/><W21/><G111/><T19/><D72/><U7/><E109/><V69/><F51/><W80/><REACH who="3" step="1"/><G87/><REACH who="3" ten="362,31,423,174" step="2"/><T78/><D86/><U68/><E55/><AGARI ba="0,1" hai="9,15,17,21,27,28,44,45,46,54,55,79,80,85" machi="55" ten="40,12000,1" yaku="1,1,2,1,8,1,53,1" doraHai="32" doraHaiUra="77" who="3" fromWho="1" sc="362,0,31,-120,423,0,174,130" owari="362,16.0,-89,-59.0,423,53.0,304,-10.0" /></mjloggm>