<mjloggm ver="2.3"><GO type="41" lobby="0"/><UN n0="%47%4F%4F%44%31%30%30%38" n1="%E3%83%AA%E3%83%9C%E3%83%B3%E5%8D%81%E4%BB%A3" n2="%48%41%52%55%4D%41%4B%49" n3="%E2%93%9D%53%75%70%68%78" dan="13,14,14,18" rate="1929.64,1962.62,1923.76,2122.66" sx="M,M,M,M"/><TAIKYOKU oya="0"/><INIT seed="0,0,0,4,2,124" ten="250,250,250,250" oya="0" hai0="131,74,115,76,20,60,3,133,57,105,28,1,100" hai1="90,93,64,81,114,12,118,94,38,52,99,102,15" hai2="123,87,66,19,86,31,2,111,6,8,96,122,68" hai3="29,17,70,82,62,128,55,69,27,5,22,30,125"/><T121/><D121/><U104/><E38/><V129/><F31/><W49/><G125/><T119/><D119/><U51/><E64/><V42/><F111/><W78/><G5/><T130/><D115/><U50/><E118/><V103/><F42/><W47/><G128/><N who="0" m="49195" /><D133/><U97/><E114/><V127/><F127/><W126/><G126/><T37/><D37/><U33/><E33/><V80/><F86/><W89/><G89/><T26/><D76/><U72/><E51/><V83/><F80/><W56/><G70/><T91/><D91/><U112/><E112/><V14/><F66/><W61/><G69/><T21/><D74/><U107/><E107/><V23/><F68/><W59/><G59/><T54/><D21/><U11/><E104/><V106/><F129/><W34/><G34/><T41/><D41/><U108/><E108/><V36/><F36/><W40/><REACH who="3" step="1"/><G62/><REACH who="3" ten="250,250,250,240" step="2"/><T92/><D105/><U109/><E109/><V134/><F134/><W73/><AGARI ba="0,1" hai="17,22,27,29,30,40,47,49,55,56,61,73,78,82" machi="73" ten="20,5200,0" yaku="1,1,2,1,0,1,7,1,53,0" doraHai="124" doraHaiUra="135" who="3" fromWho="3" sc="250,-26,250,-13,250,-13,240,62" /><INIT seed="1,0,0,1,0,113" ten="224,237,237,302" oya="1" hai0="20,86,127,38,47,85,35,58,28,48,122,125,82" hai1="126,33,63,72,44,55,94,117,95,116,104,91,40" hai2="25,22,45,46,32,106,54,134,15,110,73,71,14" hai3="130,88,115,75,102,109,103,131,129,50,84,112,49"/><U36/><E33/><V123/><F32/><W21/><G109/><T7/><D7/><U52/><E104/><V4/><F73/><W81/><G21/><T60/><D35/><U68/><E72/><V65/><F106/><W92/><G50/><T3/><D3/><U111/><E94/><V30/><F123/><W16/><G16/><T59/><D122/><U42/><E95/><V114/><F110/><W27/><G27/><N who="0" m="16487" /><D38/><U51/><E91/><V133/><F114/><N who="3" m="43563" /><G49/><T29/><D29/><U2/><E2/><V1/><F1/><W96/><G75/><T76/><D86/><U80/><E80/><V99/><F99/><W53/><G53/><N who="1" m="20554" /><E111/><V8/><F15/><W79/><AGARI ba="0,0" hai="79,81,84,88,92,96,102,103,129,130,131" m="43563" machi="79" ten="40,8000,1" yaku="19,1,34,2,54,1" doraHai="113" who="3" fromWho="3" sc="224,-20,237,-40,237,-20,302,80" /><INIT seed="2,0,0,2,2,67" ten="204,197,217,382" oya="2" hai0="76,106,32,7,43,60,96,69,134,90,2,56,83" hai1="87,77,57,84,79,59,36,30,46,128,16,80,52" hai2="71,34,20,22,109,8,75,70,120,28,112,95,73" hai3="72,1,41,66,108,4,33,40,89,125,97,98,29"/><V122/><F112/><W11/><G72/><T126/><D32/><U42/><E128/><V92/><F34/><W62/><G108/><T5/><D43/><U115/><E115/><V131/><F8/><W63/><G63/><T51/><D134/><U110/><E110/><V94/><F109/><W118/><G125/><T102/><D126/><U74/><E30/><V85/><F85/><W103/><G98/><T99/><D2/><U93/><E93/><V31/><REACH who="2" step="1"/><F94/><REACH who="2" ten="204,197,207,382" step="2"/><W101/><G11/><T25/><D106/><U133/><E133/><V54/><F54/><W26/><G33/><T47/><D102/><U44/><E74/><V37/><F37/><W48/><G103/><T35/><D35/><U107/><E107/><V50/><F50/><W123/><G48/><T82/><D51/><U111/><E111/><V13/><F13/><W15/><G15/><T100/><D100/><U12/><E44/><V113/><F113/><W17/><G101/><T81/><D47/><U0/><E0/><V132/><F132/><W39/><G39/><T127/><D127/><U86/><E52/><V19/><F19/><W88/><G17/><T9/><D9/><U61/><E61/><V14/><F14/><W117/><G62/><T91/><D5/><U121/><E121/><V18/><F18/><W45/><G123/><T104/><D7/><U6/><E6/><V53/><F53/><W58/><G4/><T21/><D104/><U24/><E24/><V27/><F27/><W55/><G26/><T3/><D25/><U10/><E80/><V68/><F68/><W38/><G38/><RYUUKYOKU ba="0,1" sc="204,-15,197,15,207,15,382,-15" hai1="10,12,16,36,42,46,57,59,77,79,84,86,87" hai2="20,22,28,31,70,71,73,75,92,95,120,122,131" /><INIT seed="2,1,1,1,4,39" ten="189,212,222,367" oya="2" hai0="46,116,16,2,31,132,133,129,76,130,28,9,124" hai1="97,11,52,78,48,86,62,65,72,71,111,77,96" hai2="106,84,68,103,92,66,50,35,57,59,20,83,54" hai3="23,33,47,41,19,0,113,7,87,14,99,6,118"/><V109/><F35/><W8/><G118/><T27/><D76/><U90/><E111/><V53/><F106/><W119/><G119/><T114/><D116/><U29/><E29/><N who="0" m="11337" /><D46/><U101/><E11/><V24/><F68/><W128/><G128/><N who="0" m="49259" /><D114/><U38/><E38/><V40/><F66/><W69/><G33/><T70/><D70/><U13/><E13/><V37/><F37/><W22/><G69/><T45/><D45/><U56/><E72/><V32/><F32/><W122/><G122/><T112/><D112/><U43/><E43/><V18/><F109/><W80/><G113/><T100/><D100/><U10/><E10/><V79/><F103/><W81/><G81/><T82/><D82/><U63/><E63/><V95/><REACH who="2" step="1"/><F40/><REACH who="2" ten="189,212,212,367" step="2"/><W105/><G41/><T5/><D124/><U42/><E42/><V25/><F25/><W91/><G105/><T88/><D27/><U36/><E36/><V134/><F134/><W58/><G7/><T26/><D133/><U126/><E126/><V1/><F1/><W94/><G0/><T60/><D132/><U55/><E55/><V110/><F110/><W51/><G6/><T117/><D117/><U135/><E135/><V102/><F102/><W61/><G14/><T107/><D107/><U93/><REACH who="1" step="1"/><E97/><REACH who="1" ten="189,202,212,367" step="2"/><V30/><F30/><W74/><G99/><T108/><D108/><U89/><E89/><V120/><F120/><W67/><G91/><T12/><D88/><U115/><E115/><V34/><F34/><W73/><G67/><T75/><D12/><U49/><E49/><AGARI ba="1,3" hai="18,20,24,49,50,53,54,57,59,79,83,84,92,95" machi="49" ten="30,11600,0" yaku="1,1,7,1,9,1,8,1,53,0" doraHai="39" doraHaiUra="85" who="2" fromWho="1" sc="189,0,202,-119,212,149,367,0" /><INIT seed="2,2,0,4,5,27" ten="189,83,361,367" oya="2" hai0="90,61,35,111,74,122,43,50,62,119,82,71,64" hai1="55,42,15,127,34,0,78,86,84,63,109,131,38" hai2="40,31,52,24,113,102,97,130,8,87,21,117,19" hai3="36,57,25,7,20,105,12,39,30,14,73,68,47"/><V121/><F40/><W95/><G105/><T120/><D111/><U79/><E109/><V3/><F113/><W126/><G68/><T46/><D119/><U116/><E0/><V17/><F117/><W107/><G107/><T45/><D35/><U106/><E106/><V101/><F121/><W9/><G73/><T16/><D62/><U76/><E116/><V54/><F101/><W23/><G126/><T125/><D125/><U103/><E103/><V98/><F87/><W89/><G47/><T83/><D46/><U66/><E34/><V4/><F130/><W99/><G57/><T51/><D51/><U80/><E127/><V5/><F5/><W60/><G60/><T114/><D114/><U10/><E131/><V53/><REACH who="2" step="1"/><F97/><REACH who="2" ten="189,83,351,367" step="2"/><W129/><G129/><T112/><D112/><U81/><E76/><V1/><F1/><W59/><G39/><T88/><D74/><U91/><E38/><V85/><F85/><W48/><G36/><T44/><D43/><U123/><E42/><V33/><F33/><W26/><G7/><T67/><D71/><U75/><E123/><V92/><AGARI ba="2,1" hai="3,4,8,17,19,21,24,31,52,53,54,92,98,102" machi="92" ten="30,18000,2" yaku="1,1,0,1,52,1,54,1,53,2" doraHai="27" doraHaiUra="13" who="2" fromWho="2" sc="189,-62,83,-62,351,196,367,-62" /><INIT seed="2,3,0,2,2,96" ten="127,21,547,305" oya="2" hai0="107,80,93,17,62,58,132,33,82,30,39,1,18" hai1="75,112,24,76,61,98,102,126,26,128,41,84,108" hai2="77,44,95,43,86,100,118,89,123,54,110,19,6" hai3="119,97,131,47,130,127,90,129,133,67,23,16,56"/><V7/><F118/><W42/><G119/><T59/><D1/><U0/><E0/><V60/><F19/><W38/><G127/><T122/><D39/><U113/><E41/><V124/><F123/><W57/><G133/><T31/><D132/><U36/><E36/><V111/><F124/><W116/><G116/><T5/><D122/><U21/><E126/><V101/><F77/><W48/><G67/><T66/><D33/><U115/><E75/><V28/><F28/><W64/><G64/><T50/><D107/><U10/><E128/><V109/><F60/><W8/><G8/><T13/><D5/><N who="2" m="1546" /><F54/><W14/><G38/><AGARI ba="3,0" hai="38,43,44,86,89,95,100,101,109,110,111" m="1546" machi="38" ten="30,11600,0" yaku="14,1,10,1,52,2" doraHai="96" who="2" fromWho="3" sc="127,0,21,0,547,125,305,-125" /><INIT seed="2,4,0,5,5,31" ten="127,21,672,180" oya="2" hai0="82,65,116,56,37,46,61,121,67,35,133,115,117" hai1="74,23,93,5,87,99,33,54,24,110,16,39,105" hai2="4,126,2,80,102,86,85,96,95,17,41,19,38" hai3="118,10,111,62,129,51,78,29,81,79,70,48,59"/><V7/><F38/><W123/><G118/><N who="0" m="45675" /><D82/><U27/><E110/><V103/><F41/><W18/><G129/><T28/><D121/><U127/><E74/><V113/><F103/><W69/><G29/><T47/><D28/><U50/><E127/><V26/><F126/><W92/><G111/><T94/><D94/><U0/><E39/><V36/><F36/><W106/><G106/><T60/><D133/><U53/><E105/><V3/><F3/><W77/><G92/><T63/><D115/><U131/><E131/><V135/><F113/><W49/><G123/><T45/><D35/><U97/><E0/><V114/><F114/><W55/><G81/><T8/><D8/><U52/><E5/><N who="2" m="2123" /><F2/><W100/><G100/><T73/><D73/><U91/><E33/><V107/><F107/><W122/><G122/><T9/><D9/><U57/><E27/><V14/><F80/><W109/><G109/><T125/><D125/><U134/><E134/><V120/><F135/><W90/><G90/><T108/><D108/><U88/><E97/><V101/><F101/><W40/><G40/><N who="0" m="22671" /><D61/><U13/><E24/><V132/><F120/><W83/><G83/><AGARI ba="4,0" hai="13,16,23,50,52,53,54,57,83,87,88,91,93,99" machi="83" ten="30,8000,1" yaku="7,1,8,1,54,3" doraHai="31" who="1" fromWho="3" sc="127,0,21,92,672,0,180,-92" /><INIT seed="3,0,0,1,1,74" ten="127,113,672,88" oya="3" hai0="127,67,37,93,81,133,58,113,132,54,123,121,57" hai1="8,68,17,119,65,21,129,84,106,41,120,4,96" hai2="2,103,52,14,31,63,115,89,10,62,34,86,16" hai3="87,35,102,23,131,72,99,79,50,59,94,27,91"/><W42/><G131/><T128/><D93/><U116/><E120/><N who="0" m="46153" /><D81/><U26/><E41/><V30/><F103/><W64/><G35/><T126/><D37/><U46/><E46/><V36/><F36/><W7/><G7/><T61/><D113/><U125/><E125/><N who="0" m="47625" /><D128/><U43/><E43/><V82/><F34/><W108/><G108/><T44/><D44/><U5/><E129/><V122/><F2/><W22/><G72/><T6/><D6/><U48/><E4/><V95/><F115/><W28/><G23/><T0/><D0/><U97/><E48/><AGARI ba="0,0" hai="48,54,57,58,61,67,132,133" m="47625,46153" machi="48" ten="30,3900,0" yaku="18,1,34,2" doraHai="74" who="0" fromWho="1" sc="127,39,113,-39,672,0,88,0" /><INIT seed="4,0,0,2,2,77" ten="166,74,672,88" oya="0" hai0="63,94,51,19,117,88,89,58,7,24,86,5,50" hai1="96,113,74,31,14,87,9,108,78,35,30,29,102" hai2="116,60,57,127,41,122,135,121,64,44,40,91,38" hai3="83,123,4,61,23,106,1,67,47,111,72,28,105"/><T110/><D117/><U8/><E108/><V131/><F91/><W17/><G111/><T103/><D103/><U66/><E74/><V82/><F82/><W126/><G28/><T100/><D100/><U2/><E2/><V11/><F11/><W18/><G126/><T70/><D70/><U68/><E35/><V133/><F127/><W46/><G4/><N who="0" m="1611" /><D110/><U128/><E128/><V32/><F32/><W3/><G123/><T76/><D76/><U48/><E66/><V27/><F27/><W124/><G124/><T65/><D24/><U79/><E68/><V93/><F93/><W71/><G106/><T107/><D107/><U125/><E125/><V84/><F84/><W98/><G105/><T69/><D69/><U90/><E48/><N who="0" m="18473" /><D89/><U55/><E78/><V130/><F116/><W97/><G3/><T62/><D62/><U6/><E79/><V10/><F10/><W37/><G1/><T34/><D34/><U43/><E8/><V36/><F41/><W54/><G71/><T118/><D118/><U109/><E43/><V99/><F38/><W39/><G39/><T13/><D13/><U45/><E109/><V21/><F21/><W115/><G23/><T20/><D20/><U73/><E90/><V49/><F36/><W114/><G37/><T81/><D19/><U134/><E102/><V101/><F101/><W42/><G18/><T59/><D59/><U22/><E14/><V129/><F99/><W119/><G119/><T52/><D65/><U80/><E96/><V12/><F12/><W120/><G67/><T112/><D112/><U16/><E113/><RYUUKYOKU ba="0,0" sc="166,15,74,-15,672,15,88,-15" hai0="52,58,63,81,86,88,94" hai2="40,44,49,57,60,64,121,122,129,130,131,133,135" /><INIT seed="4,1,0,2,2,82" ten="181,59,687,73" oya="0" hai0="88,7,69,45,132,110,113,130,105,117,100,14,51" hai1="60,67,31,131,43,133,119,127,13,80,104,18,134" hai2="52,122,120,49,98,24,71,30,62,76,29,37,109" hai3="106,59,17,42,123,124,2,19,38,128,9,72,112"/><T126/><D69/><U6/><E119/><V75/><F37/><W10/><G106/><T1/><D117/><U57/><E104/><V66/><F30/><W115/><G72/><T79/><D1/><U28/><E43/><V54/><F54/><W121/><G59/><T92/><D79/><U53/><E6/><V89/><F109/><W95/><G95/><T77/><D77/><U15/><E127/><V12/><F12/><W90/><G90/><T63/><D63/><U11/><E131/><V56/><F76/><W84/><G42/><T40/><D130/><U129/><E129/><V58/><F75/><W114/><G128/><T111/><D126/><U50/><E13/><V125/><F58/><W55/><G55/><T26/><D26/><U108/><E80/><V87/><F98/><W64/><G38/><T102/><D105/><U85/><E85/><V35/><F125/><W68/><G84/><N who="0" m="52231" /><D132/><N who="1" m="50795" /><E108/><N who="0" m="41513" /><D113/><U27/><E27/><V96/><F96/><W74/><G74/><T99/><D99/><U107/><E107/><V4/><F4/><N who="3" m="1175" /><G124/><T94/><D94/><AGARI ba="1,0" hai="24,29,35,49,52,56,62,66,71,87,89,94,120,122" machi="94" ten="30,3900,0" yaku="7,1,52,1,54,1" doraHai="82" who="2" fromWho="0" sc="181,-42,59,0,687,42,73,0" /><INIT seed="5,0,0,0,1,132" ten="139,59,729,73" oya="1" hai0="70,46,73,34,84,126,4,38,20,135,41,75,36" hai1="97,22,18,49,115,9,26,71,61,2,89,24,78" hai2="111,107,120,58,63,86,125,79,82,44,27,116,42" hai3="21,96,16,100,91,87,40,118,23,59,95,1,113"/><U15/><E115/><V121/><F107/><W45/><G113/><T54/><D34/><U122/><E122/><V74/><F125/><W102/><G1/><T12/><D70/><U62/><E78/><V68/><F68/><W7/><G7/><T106/><D106/><U65/><E2/><V47/><F47/><W43/><G23/><T92/><D38/><U98/><E62/><V81/><F27/><W131/><G131/><T77/><D54/><U64/><E65/><V19/><F19/><W124/><G118/><T11/><D20/><U104/><E104/><V85/><F74/><W101/><G124/><T110/><D126/><U117/><E24/><V25/><F25/><W93/><G59/><T48/><D36/><U0/><E0/><V123/><F111/><W3/><G3/><T31/><D31/><U10/><E10/><V119/><F58/><W8/><G8/><T114/><D110/><U57/><E117/><V5/><F5/><W51/><REACH who="3" step="1"/><G43/><REACH who="3" ten="139,59,729,63" step="2"/><T6/><D6/><U39/><E39/><V109/><F116/><W28/><G28/><T94/><D114/><U133/><E133/><V105/><F119/><W13/><AGARI ba="0,1" hai="13,16,21,40,45,51,87,91,93,95,96,100,101,102" machi="13" ten="20,8000,1" yaku="1,1,0,1,7,1,8,1,54,1,53,0" doraHai="132" doraHaiUra="103" who="3" fromWho="3" sc="139,-20,59,-40,729,-20,63,90" /><INIT seed="6,0,0,4,1,59" ten="119,19,709,153" oya="2" hai0="67,107,120,111,4,128,65,24,3,9,116,104,123" hai1="70,95,124,131,8,51,109,94,130,25,47,56,54" hai2="57,20,55,29,89,21,11,71,77,40,82,79,87" hai3="134,133,84,35,18,91,93,31,26,10,103,132,117"/><V126/><F71/><W76/><G117/><T100/><D116/><U48/><E109/><V22/><F40/><W45/><G103/><T38/><D38/><U66/><E8/><V64/><F64/><W37/><G76/><T46/><D111/><U1/><E1/><V15/><F29/><W99/><G99/><T101/><D46/><U69/><E25/><V74/><F74/><W36/><G45/><T113/><D24/><U75/><E75/><V112/><F112/><W50/><G50/><T7/><D113/><U0/><E0/><V98/><F98/><W27/><G10/><T30/><D3/><U16/><E16/><N who="2" m="8319" /><F126/><W32/><G18/><T17/><D9/><U6/><E6/><V85/><F85/><W106/><G106/><T43/><D17/><U129/><E94/><V81/><F81/><W125/><G125/><T44/><D43/><N who="1" m="24703" /><E95/><V42/><F42/><W33/><G33/><T53/><D44/><N who="1" m="28007" /><E124/><V61/><AGARI ba="0,0" hai="20,21,22,55,57,61,77,79,82,87,89" m="8319" machi="61" ten="30,6000,0" yaku="8,1,52,1,54,1" doraHai="59" who="2" fromWho="2" sc="119,-20,19,-20,709,60,153,-20" owari="99,-30.0,-1,-50.0,769,87.0,133,-7.0" /></mjloggm>