<mjloggm ver="2.3"><GO type="41" lobby="0"/><UN n0="%E2%93%9D%53%75%70%68%78" n1="%E9%BA%BB%E9%9B%80%E6%9B%B8%E5%A3%AB" n2="%57%61%73%73%65" n3="%E3%83%AF%E3%83%83%E3%82%B3%E3%83%BC" dan="18,15,15,13" rate="2081.72,2009.95,1949.95,1829.73" sx="M,M,F,M"/><TAIKYOKU oya="0"/><INIT seed="0,0,0,2,4,112" ten="250,250,250,250" oya="0" hai0="114,10,42,62,29,107,28,119,87,63,80,49,68" hai1="39,2,83,48,93,124,82,58,121,41,127,64,51" hai2="47,129,54,22,26,46,101,20,97,17,65,77,81" hai3="131,44,94,111,52,37,122,57,96,53,35,7,108"/><T78/><D114/><U89/><E2/><V79/><F129/><W3/><G35/><T0/><D107/><U91/><E39/><V115/><F65/><W104/><G104/><T74/><D74/><U95/><E64/><V55/><F79/><W9/><G122/><T21/><D119/><U30/><E30/><V33/><F33/><W120/><G120/><T92/><D68/><U60/><E60/><V27/><F46/><W135/><G135/><T105/><D105/><U85/><E121/><V109/><F109/><N who="3" m="42059" /><G57/><T116/><D116/><U8/><E8/><V99/><F47/><W43/><G131/><T90/><D10/><U113/><E58/><V31/><F99/><W66/><G66/><T38/><D38/><U72/><E113/><V36/><F36/><W125/><G125/><T102/><D0/><U19/><E72/><V61/><F61/><N who="0" m="23050" /><D21/><U98/><E124/><V12/><F115/><W123/><G123/><T128/><D102/><AGARI ba="0,0" hai="3,7,9,37,43,44,52,53,94,96,102" m="42059" machi="102" ten="30,2000,0" yaku="14,1,54,1" doraHai="112" who="3" fromWho="0" sc="250,-20,250,0,250,0,250,20" /><INIT seed="1,0,0,1,1,74" ten="230,250,250,270" oya="1" hai0="85,33,2,70,37,76,124,80,51,69,91,133,15" hai1="92,57,3,108,35,87,44,63,10,119,71,1,17" hai2="81,73,56,99,58,113,84,131,65,46,96,30,28" hai3="8,27,130,126,128,24,77,31,95,83,49,48,32"/><U11/><E119/><V13/><F73/><W125/><G8/><T120/><D37/><U62/><E35/><V94/><F99/><W43/><G95/><T105/><D2/><U117/><E117/><V40/><F131/><N who="3" m="50219" /><G24/><T38/><D38/><U53/><E44/><V55/><F113/><W34/><G34/><T19/><D133/><U4/><E108/><V110/><F110/><W101/><G101/><T134/><D124/><N who="3" m="47721" /><G43/><T23/><D134/><U7/><E17/><V61/><F13/><W60/><G60/><T52/><D33/><U5/><E5/><V129/><F129/><W82/><G82/><T112/><D112/><U132/><E132/><V29/><F40/><W118/><G118/><T121/><D105/><U50/><E71/><V45/><F94/><W90/><G90/><AGARI ba="0,0" hai="1,3,4,7,10,11,50,53,57,62,63,87,90,92" machi="90" ten="40,2000,0" yaku="9,1" doraHai="74" who="1" fromWho="3" sc="230,0,250,20,250,0,270,-20" /><INIT seed="1,1,0,1,0,93" ten="230,270,250,250" oya="1" hai0="74,92,123,27,131,32,28,36,129,82,85,102,86" hai1="8,29,55,41,96,101,124,114,54,72,33,50,43" hai2="9,0,79,107,94,39,40,52,42,77,17,126,100" hai3="117,103,58,18,110,57,16,64,49,89,95,68,76"/><U109/><E114/><V19/><F126/><W84/><G110/><T10/><D36/><U60/><E72/><V83/><F77/><W5/><G68/><T134/><D134/><U59/><E124/><V97/><F40/><W65/><G5/><T56/><D10/><U44/><E109/><V14/><F0/><W71/><G71/><T12/><D12/><U20/><E33/><V122/><F122/><W106/><G117/><T4/><D4/><U21/><E8/><V46/><F107/><W90/><G76/><T1/><D56/><N who="3" m="21609" /><G49/><T98/><D1/><U70/><E70/><V87/><REACH who="2" step="1"/><F52/><REACH who="2" ten="230,270,240,250" step="2"/><W53/><G53/><T37/><D123/><U81/><E43/><V80/><F80/><N who="3" m="49287" /><G106/><T125/><D125/><U105/><E81/><V130/><F130/><N who="0" m="49674" /><D37/><U113/><E113/><V104/><F104/><W48/><G48/><T23/><D32/><U99/><E55/><V112/><F112/><W119/><G119/><T75/><D75/><U88/><E105/><V63/><F63/><W2/><G2/><T120/><D120/><U35/><E60/><V11/><F11/><W45/><G45/><T30/><D74/><U118/><E118/><V6/><AGARI ba="1,1" hai="6,9,14,17,19,39,42,46,79,83,87,94,97,100" machi="6" ten="20,8000,1" yaku="1,1,0,1,7,1,52,1,53,1" doraHai="93" doraHaiUra="91" who="2" fromWho="2" sc="230,-21,270,-41,240,93,250,-21" /><INIT seed="2,0,0,5,1,132" ten="209,229,333,229" oya="2" hai0="85,45,87,19,39,86,24,49,91,16,68,61,32" hai1="102,119,127,4,90,7,11,57,71,0,116,55,31" hai2="101,77,51,48,124,73,70,36,40,12,54,67,42" hai3="63,17,41,129,105,84,112,98,26,82,88,115,22"/><V94/><F73/><W89/><G129/><T133/><D39/><U126/><E71/><V28/><F28/><W59/><G41/><T5/><D133/><U2/><E102/><V64/><F77/><W44/><G44/><T111/><D111/><U78/><E78/><V47/><F101/><W104/><G105/><T34/><D5/><U117/><E90/><V76/><F76/><W3/><G3/><T53/><D91/><U135/><E135/><V35/><F94/><W38/><G38/><T46/><D46/><U107/><E107/><V20/><F35/><W92/><G104/><T109/><D109/><U33/><E55/><N who="2" m="30111" /><F12/><W10/><REACH who="3" step="1"/><G10/><REACH who="3" ten="209,229,333,219" step="2"/><T60/><D68/><U58/><E57/><N who="2" m="32991" /><F70/><W50/><G50/><T30/><REACH who="0" step="1"/><D34/><REACH who="0" ten="199,229,333,219" step="2"/><U65/><E58/><V134/><F134/><W9/><G9/><T120/><D120/><U97/><E117/><V99/><F20/><W15/><G15/><T80/><D80/><U110/><E119/><V81/><F36/><W23/><G23/><T103/><D103/><U37/><E116/><V25/><F81/><W83/><G83/><T118/><D118/><U75/><E37/><V14/><F14/><W56/><G56/><T106/><D106/><U69/><E69/><V52/><F25/><W72/><G72/><T1/><D1/><U125/><E75/><V130/><F130/><W93/><G93/><T74/><D74/><U62/><E110/><V123/><F123/><W18/><G18/><AGARI ba="0,2" hai="16,18,19,24,30,32,45,49,53,60,61,85,86,87" machi="18" ten="40,2600,0" yaku="1,1,54,1,53,0" doraHai="132" doraHaiUra="79" who="0" fromWho="3" sc="199,46,229,0,333,0,219,-26" /><INIT seed="3,0,0,5,5,47" ten="245,229,333,193" oya="3" hai0="21,130,113,15,55,67,110,135,133,125,65,83,3" hai1="82,19,93,44,100,1,41,70,84,23,34,2,68" hai2="99,25,94,51,32,39,42,16,22,116,49,112,0" hai3="121,26,53,98,126,5,43,35,7,57,8,14,50"/><W132/><G121/><T103/><D3/><U117/><E34/><V90/><F112/><W12/><G132/><T111/><D103/><U107/><E107/><V61/><F0/><W123/><G126/><T108/><D83/><U129/><E129/><V63/><F39/><W60/><G123/><T33/><D33/><U69/><E117/><V37/><F37/><W96/><G43/><T128/><D15/><U78/><E100/><V92/><F32/><W71/><G71/><T118/><D21/><U102/><E93/><V56/><F63/><W62/><G96/><T38/><D38/><U74/><E102/><N who="2" m="60775" /><F42/><W77/><G98/><T46/><D125/><U75/><E1/><V30/><F30/><W109/><G77/><T80/><D80/><U79/><E2/><V115/><F115/><W120/><G120/><T4/><D4/><U59/><E59/><V73/><F73/><W52/><G53/><T87/><D87/><U85/><E85/><N who="2" m="52559" /><F116/><W40/><G40/><T58/><D113/><U64/><E75/><V13/><F13/><W29/><G109/><T27/><D118/><U17/><E74/><V31/><F31/><W91/><G91/><T106/><D106/><U9/><E70/><V105/><F105/><W101/><G101/><T72/><D72/><U76/><E69/><V88/><F88/><W97/><G97/><T134/><D134/><U104/><E104/><V10/><F10/><AGARI ba="0,0" hai="5,7,8,10,12,14,26,29,35,50,52,57,60,62" machi="10" ten="40,7700,0" yaku="9,1,52,1,54,1" doraHai="47" who="3" fromWho="2" sc="245,0,229,0,333,-77,193,77" /><INIT seed="3,1,0,0,5,2" ten="245,229,256,270" oya="3" hai0="49,68,132,17,82,14,129,54,123,10,87,131,100" hai1="60,37,25,8,95,94,124,32,112,0,65,31,58" hai2="110,45,135,114,96,108,103,105,5,29,4,80,40" hai3="117,46,33,99,73,52,92,7,44,11,89,27,71"/><W43/><G73/><T19/><D68/><U64/><E112/><V98/><F114/><W74/><G74/><T63/><D123/><U72/><E124/><V59/><F80/><W30/><G71/><T42/><D132/><U12/><E72/><V90/><F135/><W133/><G133/><T126/><D100/><U83/><E37/><V69/><F69/><W56/><G43/><T127/><D63/><U24/><E65/><V130/><F29/><W62/><REACH who="3" step="1"/><G117/><REACH who="3" ten="245,229,256,260" step="2"/><T23/><D42/><U120/><E120/><V85/><F130/><W6/><G6/><N who="2" m="2665" /><F59/><W13/><AGARI ba="1,1" hai="7,11,13,27,30,33,44,46,52,56,62,89,92,99" machi="13" ten="20,12000,1" yaku="1,1,0,1,7,1,52,1,54,1,53,0" doraHai="2" doraHaiUra="61" who="3" fromWho="3" sc="245,-41,229,-41,256,-41,260,133" /><INIT seed="3,2,0,5,1,9" ten="204,188,215,393" oya="3" hai0="60,59,16,85,135,7,11,97,64,107,47,134,94" hai1="128,54,69,4,80,17,86,129,73,2,19,72,28" hai2="12,118,57,114,63,46,124,21,119,20,87,105,43" hai3="120,30,52,65,101,27,90,61,29,15,126,8,14"/><W1/><G120/><T108/><D108/><U35/><E69/><V123/><F105/><W99/><G90/><T111/><D111/><U116/><E72/><V78/><F114/><W25/><G52/><T125/><D125/><U53/><E73/><V109/><F109/><W133/><G133/><N who="0" m="50699" /><D47/><U82/><E116/><V44/><F78/><W76/><G76/><T84/><D107/><U56/><E35/><V117/><F87/><W93/><G1/><N who="0" m="495" /><D16/><U98/><E28/><N who="3" m="10858" /><G8/><T50/><D50/><U39/><E39/><V130/><F123/><W0/><G0/><T3/><D3/><U89/><E2/><V10/><F124/><W131/><G126/><T70/><D70/><U5/><E56/><V122/><F122/><W36/><G36/><T79/><D79/><U95/><E5/><V77/><F77/><W81/><G81/><T96/><D96/><U115/><E82/><V51/><F46/><W32/><G32/><T18/><D18/><N who="1" m="6667" /><E4/><V6/><REACH who="2" step="1"/><F130/><REACH who="2" ten="204,188,205,393" step="2"/><W49/><G131/><T106/><D106/><U121/><E129/><V113/><F113/><W91/><G101/><AGARI ba="2,1" hai="59,60,64,84,85,94,97,101" m="495,50699" machi="101" ten="30,1000,0" yaku="20,1" doraHai="9" who="0" fromWho="3" sc="204,26,188,0,205,0,393,-16" /><INIT seed="4,0,0,2,3,27" ten="230,188,205,377" oya="0" hai0="84,55,91,39,129,20,86,75,40,114,50,127,26" hai1="56,32,49,134,69,34,46,94,110,78,73,77,71" hai2="31,13,130,88,7,36,62,61,52,126,70,15,4" hai3="90,19,99,81,58,89,98,8,2,45,12,66,53"/><T102/><D75/><U6/><E110/><V23/><F36/><W108/><G2/><T28/><D114/><U25/><E134/><V51/><F130/><W9/><G66/><T68/><D68/><U30/><E6/><V122/><F126/><W29/><G8/><T92/><D129/><U93/><E56/><V82/><F70/><W24/><G45/><T117/><D117/><U116/><E116/><V95/><F82/><W64/><G64/><T132/><D39/><U79/><E73/><V133/><F133/><W60/><G108/><T105/><D105/><U97/><E93/><V33/><F33/><W72/><G72/><T100/><D40/><U3/><E3/><V125/><F125/><W65/><G65/><T1/><D1/><U85/><E85/><N who="2" m="52623" /><F4/><W43/><G43/><T135/><D127/><U106/><E34/><V0/><F0/><W128/><G128/><T47/><REACH who="0" step="1"/><D86/><REACH who="0" ten="220,188,205,377" step="2"/><U11/><E106/><V10/><F122/><W111/><G111/><T87/><D87/><U121/><E121/><V103/><F103/><AGARI ba="0,1" hai="20,26,28,47,50,55,84,91,92,100,102,103,132,135" machi="103" ten="40,3900,0" yaku="1,1,52,1,53,0" doraHai="27" doraHaiUra="76" who="0" fromWho="2" sc="220,49,188,0,205,-39,377,0" /><INIT seed="4,1,0,3,0,42" ten="269,188,166,377" oya="0" hai0="132,84,51,5,129,34,99,94,74,130,33,8,21" hai1="52,128,105,104,121,4,116,63,131,106,120,70,55" hai2="69,40,54,22,24,126,16,86,6,110,100,58,28" hai3="113,49,107,26,2,17,1,78,35,32,3,111,75"/><T19/><D74/><U57/><E4/><V91/><F69/><W15/><G107/><T12/><D84/><U62/><E116/><V67/><F126/><W20/><G75/><T108/><D51/><U59/><REACH who="1" step="1"/><E70/><REACH who="1" ten="269,178,166,377" step="2"/><V45/><F110/><W124/><G111/><T53/><D108/><U37/><E37/><V119/><F6/><W60/><G124/><T29/><D130/><AGARI ba="1,1" hai="52,55,57,59,62,63,104,105,106,120,121,128,130,131" machi="130" ten="50,8000,1" yaku="1,1,9,1,19,1,54,1,53,0" doraHai="42" doraHaiUra="18" who="1" fromWho="0" sc="269,-83,178,93,166,0,377,0" /><INIT seed="5,0,0,3,3,20" ten="186,271,166,377" oya="1" hai0="12,16,90,50,61,48,6,132,77,32,115,31,89" hai1="91,60,122,130,15,121,96,119,37,78,101,0,25" hai2="58,111,64,127,108,134,21,35,117,106,17,79,76" hai3="112,85,26,70,69,83,39,107,53,49,19,88,65"/><U104/><E119/><V30/><F106/><W110/><G39/><T55/><D115/><U38/><E0/><V40/><F117/><W114/><G107/><T120/><D132/><U52/><E130/><V95/><F134/><W2/><G2/><T74/><D6/><U98/><E78/><V116/><F40/><W41/><G41/><T103/><D103/><U7/><E38/><V42/><F42/><W18/><G65/><T123/><D61/><U59/><E37/><V128/><F116/><W63/><G63/><T66/><D66/><U13/><E7/><V67/><F127/><W118/><G18/><T5/><D5/><U73/><E73/><V68/><F68/><W56/><G110/><T44/><D50/><U81/><E25/><V46/><F46/><W84/><G85/><T86/><D74/><U54/><E54/><V87/><F128/><W125/><G125/><T45/><D45/><U23/><E13/><N who="2" m="9391" /><F111/><W71/><G118/><T102/><D123/><U99/><E121/><V1/><F1/><W28/><REACH who="3" step="1"/><G19/><REACH who="3" ten="186,271,166,367" step="2"/><T22/><D120/><U135/><E122/><V27/><F108/><W33/><AGARI ba="0,1" hai="26,28,33,49,53,56,69,70,71,83,84,88,112,114" machi="33" ten="40,8000,1" yaku="1,1,2,1,0,1,52,1,54,1,53,0" doraHai="20" doraHaiUra="92" who="3" fromWho="3" sc="186,-20,271,-40,166,-20,367,90" /><INIT seed="6,0,0,0,0,8" ten="166,231,146,457" oya="2" hai0="50,48,116,87,9,46,60,11,88,85,98,115,49" hai1="92,105,38,7,65,68,42,58,104,100,66,101,103" hai2="37,76,89,113,83,5,122,80,40,29,67,15,82" hai3="132,123,99,120,127,114,59,2,70,31,107,13,10"/><V90/><F122/><W71/><G31/><T109/><D109/><U74/><E74/><V117/><F117/><W63/><G10/><N who="0" m="3595" /><D115/><U133/><E7/><V51/><F37/><W26/><G26/><T95/><D116/><U44/><E133/><V32/><F5/><W129/><G63/><T54/><D60/><U91/><E68/><V35/><F67/><W62/><G59/><N who="0" m="33223" /><D50/><U86/><REACH who="1" step="1"/><E58/><REACH who="1" ten="166,221,146,457" step="2"/><V75/><F113/><W16/><G71/><T125/><D125/><U135/><E135/><V28/><F32/><W72/><G70/><T3/><D3/><U1/><E1/><V73/><F35/><W47/><G2/><T108/><D108/><U78/><E78/><V119/><F119/><W131/><G132/><T4/><D4/><U55/><E55/><AGARI ba="0,1" hai="46,49,55,85,87,88,95,98" m="33223,3595" machi="55" ten="30,2000,0" yaku="8,1,54,1" doraHai="8" who="0" fromWho="1" sc="166,30,221,-20,146,0,457,0" /><INIT seed="7,0,0,0,0,20" ten="196,201,146,457" oya="3" hai0="0,104,108,83,111,14,16,135,89,134,69,6,25" hai1="107,19,75,116,53,7,131,77,113,44,59,50,27" hai2="5,41,133,64,115,110,3,105,71,13,91,112,2" hai3="22,109,39,92,46,60,15,68,32,82,128,58,24"/><W52/><G52/><T21/><D104/><U66/><E107/><V63/><F105/><W29/><G58/><T17/><D69/><U45/><E113/><V100/><F110/><N who="0" m="42026" /><D89/><U33/><E131/><V34/><F100/><W80/><G60/><T85/><D85/><U67/><E7/><V62/><F34/><W129/><G82/><T56/><D83/><U122/><E122/><V106/><F106/><W40/><G92/><T84/><D84/><U54/><E116/><V97/><F41/><W10/><G68/><T65/><D56/><N who="1" m="32823" /><E33/><V49/><F49/><W130/><G80/><T30/><D65/><N who="1" m="24587" /><E75/><V70/><F97/><W120/><G109/><T114/><D114/><U18/><E77/><V96/><F96/><W74/><G74/><T127/><D127/><U125/><E125/><V90/><F64/><W9/><G120/><T132/><D0/><U124/><E124/><V95/><F5/><N who="3" m="3503" /><G10/><AGARI ba="0,0" hai="6,10,14,16,17,21,25,30,132,134,135" m="42026" machi="10" ten="40,8000,1" yaku="20,1,34,2,52,1,54,1" doraHai="20" who="0" fromWho="3" sc="196,80,201,0,146,0,457,-80" owari="276,8.0,201,-20.0,146,-35.0,377,47.0" /></mjloggm>