<mjloggm ver="2.3"><GO type="41" lobby="0"/><UN n0="%E3%81%8A%E3%81%AB%E5%AD%90" n1="%E3%82%AF%E3%83%A9%E3%82%AF" n2="%E5%8D%88%E5%BE%8C%E3%82%B4%E3%83%AA%E3%83%A9" n3="%E2%93%9D%53%75%70%68%78" dan="15,14,14,18" rate="1984.58,1875.08,1955.92,2083.22" sx="F,M,M,M"/><TAIKYOKU oya="0"/><INIT seed="0,0,0,4,4,63" ten="250,250,250,250" oya="0" hai0="59,42,53,88,74,85,14,113,73,123,131,70,94" hai1="71,67,24,114,38,43,4,7,121,106,125,44,3" hai2="8,124,103,40,23,110,2,26,116,133,64,87,48" hai3="31,45,104,115,30,75,86,69,129,111,32,90,51"/><T36/><D123/><U91/><E121/><V25/><F133/><W13/><G111/><T54/><D113/><U79/><E114/><V128/><F103/><W134/><G75/><T0/><D0/><U119/><E119/><V101/><F101/><W52/><G129/><T50/><D131/><U97/><E125/><V92/><F128/><W46/><G69/><T21/><D70/><U29/><E91/><V100/><F124/><W80/><G104/><T12/><D12/><U118/><E79/><V98/><F116/><W96/><G32/><T81/><D81/><U135/><E118/><V66/><F110/><W99/><G134/><T17/><D54/><U34/><E3/><V37/><F37/><W76/><G46/><AGARI ba="0,0" hai="14,17,21,36,42,46,50,53,59,73,74,85,88,94" machi="46" ten="40,7700,0" yaku="25,2,54,1" doraHai="63" who="0" fromWho="3" sc="250,77,250,0,250,0,250,-77" /><INIT seed="0,1,0,0,2,100" ten="327,250,250,173" oya="0" hai0="106,80,119,52,46,60,90,15,23,32,76,94,37" hai1="103,9,126,17,41,59,39,67,112,79,135,85,102" hai2="116,104,130,63,26,123,8,21,105,50,95,107,68" hai3="11,133,57,55,10,110,43,66,84,77,82,35,98"/><T51/><D32/><U93/><E39/><V118/><F123/><W69/><G110/><T108/><D119/><N who="2" m="45610" /><F130/><W96/><G133/><T38/><D106/><U86/><E135/><V114/><F114/><W91/><G35/><T111/><D60/><U109/><E109/><N who="0" m="42057" /><D23/><U78/><E41/><V83/><F83/><W33/><G43/><T87/><D15/><U58/><E126/><V7/><F95/><W31/><G66/><T3/><D3/><U115/><E93/><V61/><F50/><W54/><G33/><T36/><D36/><U120/><E17/><N who="2" m="12591" /><F68/><W53/><G69/><T75/><AGARI ba="1,0" hai="37,38,46,51,52,75,76,80,87,90,94" m="42057" machi="75" ten="30,6000,0" yaku="14,1,10,1,54,1" doraHai="100" who="0" fromWho="0" sc="327,63,250,-21,250,-21,173,-21" /><INIT seed="0,2,0,2,1,113" ten="390,229,229,152" oya="0" hai0="59,120,106,11,84,98,83,86,68,56,133,81,107" hai1="131,109,33,0,76,89,5,1,19,13,93,46,82" hai2="32,26,103,21,111,14,130,121,87,112,105,15,62" hai3="10,20,52,36,110,125,4,74,57,75,66,9,6"/><T99/><D68/><U54/><E109/><V127/><F112/><W25/><G36/><T63/><D11/><U73/><E33/><V92/><F121/><W95/><G66/><T115/><D115/><U65/><E131/><V22/><F111/><W64/><G64/><T31/><D31/><U69/><E65/><V102/><F130/><W100/><G125/><T88/><D133/><U53/><E69/><V128/><F128/><W49/><G110/><T42/><D42/><U18/><E5/><N who="3" m="2154" /><G75/><T61/><REACH who="0" step="1"/><D88/><REACH who="0" ten="380,229,229,152" step="2"/><U8/><E8/><V28/><F127/><W2/><G10/><T39/><D39/><U91/><E89/><V104/><F28/><W101/><G9/><T41/><D41/><U37/><E37/><V70/><F70/><W35/><G2/><T3/><D3/><U132/><E1/><V129/><F129/><W134/><G134/><T27/><D27/><U38/><E0/><V97/><F26/><W116/><G25/><T12/><D12/><U78/><E132/><V30/><F30/><W108/><G108/><T45/><D45/><U50/><E38/><V135/><F135/><W72/><G35/><T85/><D85/><N who="1" m="52463" /><E13/><V47/><F14/><W44/><G74/><T118/><D118/><U34/><E34/><V96/><F15/><W55/><G72/><T79/><D79/><U80/><E73/><V29/><F32/><W60/><G116/><T40/><D40/><N who="1" m="24903" /><E78/><V119/><F119/><W114/><G114/><T23/><D23/><U126/><E126/><V7/><F22/><W24/><G24/><T122/><AGARI ba="2,1" hai="56,59,61,63,81,83,84,86,98,99,106,107,120,122" machi="122" ten="25,9600,0" yaku="1,1,0,1,22,2,53,0" doraHai="113" doraHaiUra="124" who="0" fromWho="0" sc="380,112,229,-34,229,-34,152,-34" /><INIT seed="0,3,0,0,5,70" ten="492,195,195,118" oya="0" hai0="5,62,1,69,34,40,132,90,95,45,135,6,82" hai1="19,83,85,66,30,41,112,10,120,78,57,127,54" hai2="75,22,12,60,15,63,93,72,111,125,47,105,27" hai3="59,11,28,118,131,96,68,110,108,114,126,115,4"/><T24/><D82/><U44/><E120/><V42/><F105/><W109/><G68/><T74/><D74/><U31/><E127/><V88/><F111/><W9/><G59/><T81/><D81/><U117/><E117/><V64/><F125/><W73/><G126/><T46/><D46/><U32/><E112/><N who="3" m="43050" /><G96/><T92/><D92/><U86/><E32/><V7/><F75/><W100/><G100/><T103/><D103/><U29/><E66/><V123/><F72/><W17/><G73/><T77/><D77/><U26/><E86/><V33/><F33/><W55/><G55/><T50/><D24/><U101/><E101/><V14/><F7/><W20/><G131/><T94/><D34/><U80/><E83/><V79/><F79/><W53/><G53/><T21/><D94/><U61/><E31/><V56/><F63/><W51/><G51/><T134/><D62/><U89/><E78/><V52/><F64/><W67/><G67/><T119/><D69/><U98/><E98/><V38/><F123/><W39/><G28/><T124/><D124/><U65/><E54/><V2/><F2/><N who="3" m="151" /><G118/><T58/><D119/><U76/><E76/><V128/><F128/><W84/><G84/><T35/><D95/><U8/><E30/><V16/><F12/><N who="3" m="9255" /><G11/><T102/><D50/><N who="1" m="26895" /><E29/><V23/><F22/><AGARI ba="3,0" hai="8,10,19,22,26,57,61,65,80,85,89" m="26895" machi="22" ten="30,1000,0" yaku="8,1" doraHai="70" who="1" fromWho="2" sc="492,0,195,19,195,-19,118,0" /><INIT seed="1,0,0,2,2,92" ten="492,214,176,118" oya="1" hai0="135,75,77,73,121,120,31,4,17,6,89,37,107" hai1="35,100,36,33,112,63,125,11,57,49,34,30,47" hai2="44,123,117,105,67,134,21,78,27,126,43,5,29" hai3="26,93,7,103,128,95,94,52,99,130,3,9,14"/><U80/><E112/><V108/><F123/><W40/><G40/><T101/><D31/><U122/><E122/><N who="0" m="47209" /><D37/><U23/><E125/><V16/><F117/><W118/><G118/><T54/><D17/><U0/><E36/><V24/><F126/><W60/><G26/><T111/><D54/><U114/><E114/><V124/><F124/><W97/><G3/><T20/><D20/><U113/><E113/><V132/><F67/><W45/><G45/><T59/><D59/><U48/><E80/><V104/><F78/><W115/><G115/><T15/><D15/><U102/><E48/><N who="2" m="26655" /><F5/><W131/><G103/><T87/><D77/><U84/><E84/><V69/><F69/><W58/><AGARI ba="0,0" hai="7,9,14,52,58,60,93,94,95,97,99,128,130,131" machi="58" ten="40,8000,1" yaku="0,1,19,1,52,2,54,1" doraHai="92" who="3" fromWho="3" sc="492,-20,214,-40,176,-20,118,80" /><INIT seed="2,0,0,1,3,50" ten="472,174,156,198" oya="2" hai0="117,73,13,120,3,47,56,22,111,105,21,91,81" hai1="122,67,121,101,108,115,77,89,6,114,93,69,7" hai2="84,75,95,54,112,27,53,2,131,82,113,133,41" hai3="65,4,66,79,76,28,127,102,17,8,62,68,43"/><V129/><F2/><W29/><G127/><T14/><D120/><N who="1" m="46187" /><E69/><V98/><F75/><W107/><G43/><T36/><D3/><U5/><E67/><V52/><F41/><W100/><G17/><T59/><D105/><U25/><E101/><N who="2" m="60639" /><F27/><W45/><G45/><T15/><D117/><U10/><E77/><N who="2" m="46159" /><F133/><W78/><G107/><T63/><D47/><U134/><E134/><V39/><F39/><W74/><G74/><T71/><D71/><U128/><E108/><V61/><F61/><W51/><G51/><T35/><D111/><U109/><E109/><V40/><F40/><W88/><G62/><T135/><D35/><U125/><E125/><V46/><F46/><W86/><G68/><T11/><D36/><U104/><E104/><V37/><F37/><W23/><G66/><T97/><D73/><U70/><E70/><V12/><F12/><N who="3" m="5127" /><G65/><T24/><D135/><U34/><E128/><AGARI ba="0,0" hai="52,53,54,112,113,128,129,131" m="46159,60639" machi="128" ten="30,12000,1" yaku="19,1,52,3,54,1" doraHai="50" who="2" fromWho="1" sc="472,0,174,-120,156,120,198,0" /><INIT seed="2,1,0,0,4,31" ten="472,54,276,198" oya="2" hai0="114,124,106,45,132,60,118,63,10,51,22,15,25" hai1="108,107,70,78,135,82,24,127,38,62,80,72,102" hai2="73,96,103,42,36,20,37,23,0,57,133,93,54" hai3="115,109,87,113,28,65,19,130,69,4,17,33,66"/><V86/><F73/><W2/><G87/><T56/><D114/><N who="3" m="43529" /><G109/><T89/><D132/><U90/><E108/><V88/><F0/><W34/><G28/><T7/><D124/><U119/><E135/><V5/><F5/><W97/><G130/><T21/><D106/><U13/><E13/><V50/><F133/><W64/><G69/><T1/><D118/><U125/><E82/><V6/><F6/><W32/><G97/><T43/><D1/><U68/><E119/><V59/><F59/><W112/><G112/><T126/><D126/><U116/><E116/><V123/><F123/><W100/><G100/><T44/><D89/><U122/><E122/><V120/><F120/><W35/><G35/><T3/><D3/><U52/><E38/><V47/><REACH who="2" step="1"/><F36/><REACH who="2" ten="472,54,266,198" step="2"/><W29/><G29/><T105/><D56/><U18/><E127/><V110/><F110/><W94/><G94/><AGARI ba="1,1" hai="20,23,37,42,47,50,54,57,86,88,93,94,96,103" machi="94" ten="30,11600,0" yaku="1,1,7,1,54,1,53,1" doraHai="31" doraHaiUra="98" who="2" fromWho="3" sc="472,0,54,0,266,129,198,-119" /><INIT seed="2,2,0,5,1,14" ten="472,54,395,79" oya="2" hai0="123,121,41,94,66,50,84,127,34,27,4,24,132" hai1="10,81,35,43,25,126,60,114,70,47,13,133,100" hai2="125,91,128,68,98,105,89,122,93,82,19,124,116" hai3="8,111,130,38,30,5,46,28,33,6,79,37,74"/><V51/><F68/><W17/><G111/><T71/><D132/><U61/><E114/><V99/><F122/><W131/><G79/><T85/><D127/><N who="2" m="48714" /><F51/><W59/><G59/><T104/><D104/><U108/><E108/><V86/><F116/><W64/><G64/><T78/><D4/><N who="3" m="1641" /><G46/><T55/><D41/><U120/><E133/><V117/><F117/><W96/><G96/><T40/><D40/><U57/><E70/><V90/><F19/><W92/><G92/><T109/><D109/><U26/><E126/><V102/><F128/><N who="3" m="49195" /><G74/><T49/><D49/><U3/><E3/><V32/><F32/><W1/><G33/><T115/><D115/><U21/><E35/><V39/><F39/><N who="3" m="14859" /><G1/><T77/><D34/><U23/><E57/><V88/><AGARI ba="2,0" hai="82,86,88,89,90,91,93,98,99,102,105" m="48714" machi="88" ten="30,11700,0" yaku="18,1,34,2,54,1" doraHai="14" who="2" fromWho="2" sc="472,-41,54,-41,395,123,79,-41" /><INIT seed="2,3,0,0,4,33" ten="431,13,518,38" oya="2" hai0="99,34,95,100,53,92,125,135,130,8,47,88,7" hai1="48,44,32,109,46,94,36,3,123,23,102,2,70" hai2="51,12,58,126,129,24,27,131,103,76,37,4,107" hai3="114,98,91,75,57,49,101,66,127,110,80,26,13"/><V122/><F37/><W25/><G110/><T63/><D135/><U65/><E32/><V42/><F122/><W71/><G71/><T30/><D125/><U18/><E36/><V134/><F126/><W104/><G127/><T20/><D130/><U5/><E5/><V21/><F76/><W22/><G114/><T50/><D34/><U78/><E78/><V106/><F134/><W45/><G66/><T10/><D63/><U73/><E73/><V115/><F115/><W1/><G57/><T132/><D132/><U77/><E77/><V52/><F42/><W62/><G1/><N who="1" m="10" /><E65/><V60/><F103/><W41/><G75/><T28/><D20/><U35/><E35/><V90/><F90/><W29/><G91/><T117/><D117/><U68/><E94/><V111/><F60/><W6/><G62/><T64/><D64/><U39/><E102/><V11/><F27/><W89/><G26/><T96/><REACH who="0" step="1"/><D10/><REACH who="0" ten="421,13,518,38" step="2"/><U133/><E133/><V61/><F61/><W55/><G22/><T59/><D59/><U54/><E123/><V67/><F67/><W87/><G29/><T97/><D97/><U120/><E120/><V16/><F111/><W119/><G119/><T86/><D86/><U82/><E109/><V72/><F72/><W105/><G87/><T81/><D81/><U79/><E82/><V112/><F112/><W74/><G80/><T118/><D118/><U121/><E121/><V84/><F84/><W116/><G116/><T113/><D113/><U14/><E79/><V43/><F131/><W128/><G128/><T56/><D56/><U108/><E108/><RYUUKYOKU ba="3,1" sc="421,15,13,15,518,-15,38,-15" hai0="7,8,28,30,47,50,53,88,92,95,96,99,100" hai1="14,18,23,39,44,46,48,54,68,70" /><INIT seed="3,4,1,1,3,89" ten="436,28,503,23" oya="3" hai0="42,92,113,130,112,2,9,62,19,132,116,6,43" hai1="8,121,106,72,11,50,120,48,45,124,67,53,73" hai2="102,111,32,0,17,78,84,36,108,33,35,75,56" hai3="103,105,22,47,101,66,109,59,100,107,27,70,16"/><W13/><G70/><T7/><D116/><U5/><E106/><V119/><F119/><W30/><G109/><T29/><D29/><U88/><E67/><V81/><F36/><W61/><REACH who="3" step="1"/><G47/><REACH who="3" ten="436,28,503,13" step="2"/><T83/><D113/><U127/><E120/><V14/><F111/><W31/><G31/><T39/><D112/><U69/><E121/><V10/><F108/><W80/><G80/><T57/><D83/><U97/><E69/><V55/><F81/><W34/><AGARI ba="4,2" hai="13,16,22,27,30,34,59,61,66,100,101,103,105,107" machi="34" ten="30,6000,0" yaku="1,1,0,1,54,1,53,0" doraHai="89" doraHaiUra="118" who="3" fromWho="3" sc="436,-24,28,-24,503,-24,13,92" /><INIT seed="3,5,0,1,1,69" ten="412,4,479,105" oya="3" hai0="68,102,133,14,34,121,64,35,131,104,95,111,41" hai1="127,54,67,110,21,29,51,89,82,93,90,75,27" hai2="100,12,62,106,66,48,84,59,17,1,130,79,30" hai3="91,45,105,19,11,112,107,81,134,76,58,101,8"/><W77/><G112/><T120/><D95/><U124/><E110/><V74/><F1/><W10/><G134/><T109/><D14/><U31/><E67/><V96/><F130/><W25/><G101/><T16/><D16/><N who="1" m="12711" /><E75/><V4/><F30/><N who="1" m="11273" /><E127/><V57/><F4/><W128/><G128/><T135/><D102/><U60/><E124/><V126/><F126/><W61/><G45/><T122/><D104/><U85/><E60/><V78/><F74/><W7/><G107/><T83/><D83/><U9/><E9/><V113/><F113/><W42/><G105/><T72/><D72/><U115/><E115/><V6/><F6/><W26/><G7/><T13/><D13/><U103/><E103/><V97/><F97/><W118/><G11/><T117/><D41/><U70/><E70/><V5/><F5/><W132/><G42/><T43/><D43/><U15/><E15/><V114/><F114/><W20/><G10/><T44/><D44/><N who="1" m="28007" /><E93/><V53/><F84/><W119/><G8/><AGARI ba="5,0" hai="8,12,17,48,53,57,59,62,66,78,79,96,100,106" machi="8" ten="30,1000,0" yaku="7,1" doraHai="69" who="2" fromWho="3" sc="412,0,4,0,479,25,105,-25" /><INIT seed="4,0,0,5,1,36" ten="412,4,504,80" oya="0" hai0="129,59,32,120,107,112,105,46,133,31,7,88,102" hai1="52,11,51,126,116,41,24,61,23,34,17,66,115" hai2="4,109,13,82,75,92,91,113,44,58,94,57,71" hai3="69,12,86,3,74,96,63,56,6,39,47,19,123"/><T87/><D120/><U62/><E116/><V80/><F109/><W124/><G74/><T128/><D133/><U78/><E34/><V111/><F71/><W55/><G124/><T100/><D7/><U89/><E78/><V98/><F111/><W131/><G131/><N who="0" m="50251" /><D59/><N who="1" m="35047" /><E126/><V122/><F122/><W77/><G3/><T135/><D46/><N who="1" m="26063" /><E115/><V33/><F33/><W130/><G77/><T0/><D0/><U101/><E101/><N who="0" m="39017" /><D31/><N who="1" m="17823" /><E89/><V134/><F91/><W20/><G130/><T93/><D32/><U95/><E95/><V99/><F92/><W27/><G123/><T132/><D112/><U35/><E35/><V28/><F94/><W43/><G69/><T21/><D21/><U49/><E49/><V9/><F113/><W106/><G20/><T50/><D50/><U90/><E90/><V121/><F121/><W42/><G39/><T125/><D125/><U83/><E83/><V118/><F82/><W81/><G81/><T10/><D10/><U70/><E70/><V14/><F9/><W8/><G8/><T30/><D30/><U18/><E11/><V16/><F118/><W1/><G1/><T79/><D79/><U114/><E114/><V85/><F134/><N who="0" m="51242" /><D107/><U117/><E117/><V26/><F28/><W53/><G106/><T37/><D37/><U48/><E48/><V5/><F4/><W38/><G6/><T40/><D105/><U110/><E110/><V22/><F5/><W2/><G2/><T73/><D73/><U67/><E62/><V60/><F60/><W127/><G127/><T97/><D87/><U15/><E18/><V103/><F16/><RYUUKYOKU ba="0,0" sc="412,15,4,15,504,-15,80,-15" hai0="40,88,93,97" hai1="15,17,66,67" /><INIT seed="4,1,0,3,5,33" ten="427,19,489,65" oya="0" hai0="113,61,63,122,37,114,21,10,5,48,80,73,97" hai1="8,20,64,36,68,88,83,47,11,31,116,59,42" hai2="101,51,95,65,128,120,28,58,75,72,105,19,102" hai3="103,117,34,135,90,6,99,133,15,71,50,81,87"/><T106/><D37/><U112/><E116/><V125/><F120/><W94/><G34/><T44/><D122/><U27/><E68/><V130/><F105/><W25/><G25/><T53/><D21/><U111/><E111/><V4/><F28/><W22/><G71/><T23/><D23/><U24/><E112/><N who="0" m="43113" /><D80/><U41/><E41/><V92/><F125/><W62/><G62/><T96/><D73/><U104/><E104/><V79/><F19/><W29/><G117/><T84/><D84/><U107/><E107/><V123/><F123/><W66/><G29/><T85/><D85/><U89/><E27/><V127/><F127/><W121/><G121/><T134/><D134/><U69/><E69/><V98/><F4/><W1/><G135/><T70/><D106/><U55/><E64/><V32/><F32/><W129/><G66/><N who="0" m="41295" /><D63/><U26/><E24/><V110/><F79/><W54/><G133/><T3/><AGARI ba="1,0" hai="3,5,10,44,48,53,96,97" m="41295,43113" machi="3" ten="30,3000,0" yaku="15,1,52,1" doraHai="33" who="0" fromWho="0" sc="427,33,19,-11,489,-11,65,-11" /><INIT seed="4,2,0,0,4,28" ten="460,8,478,54" oya="0" hai0="87,115,54,50,65,17,1,42,23,22,114,11,38" hai1="113,77,118,90,91,129,53,106,89,60,7,64,126" hai2="57,43,103,130,3,135,2,31,29,26,8,131,81" hai3="97,96,105,16,70,36,37,27,39,78,18,47,69"/><T63/><D87/><U44/><E118/><V109/><F109/><W101/><G78/><T80/><D80/><U10/><E106/><V121/><F121/><W5/><G5/><T79/><D79/><U40/><E77/><V134/><F81/><W125/><G47/><N who="0" m="24023" /><D1/><N who="2" m="10" /><F103/><W110/><G125/><T92/><D92/><U9/><E129/><N who="2" m="49163" /><F43/><W84/><G110/><T116/><D11/><U59/><E126/><V13/><F57/><W74/><G74/><T99/><D99/><U86/><E113/><N who="0" m="43017" /><D17/><U100/><E100/><V52/><F52/><W117/><G101/><T76/><D116/><U51/><E86/><V71/><F71/><W120/><G84/><T33/><D33/><U122/><E122/><V127/><F127/><W72/><G120/><T24/><D24/><U133/><E133/><N who="2" m="50699" /><F26/><W88/><G27/><T66/><D76/><U12/><E10/><V56/><F56/><W98/><G117/><T94/><D94/><U82/><E82/><V6/><AGARI ba="2,0" hai="6,8,13,29,31" m="50699,49163,10" machi="6" ten="40,8000,1" yaku="19,1,20,1,34,2" doraHai="28" who="2" fromWho="2" sc="460,-42,8,-22,478,86,54,-22" owari="418,22.0,-14,-51.0,564,66.0,32,-37.0" /></mjloggm>