<mjloggm ver="2.3"><GO type="41" lobby="0"/><UN n0="%6F%70%61%6F%70%61" n1="%E2%93%9D%53%75%70%68%78" n2="%4E%45%45%54%E5%A4%A7%E5%AD%A6%E7%94%9F" n3="%E6%9F%8A%E5%92%B2%E5%A4%9C" dan="13,17,16,15" rate="1813.50,2038.33,2081.16,2004.70" sx="M,M,M,M"/><TAIKYOKU oya="0"/><INIT seed="0,0,0,0,1,51" ten="250,250,250,250" oya="0" hai0="106,24,77,81,30,59,57,111,8,73,86,54,134" hai1="125,33,72,88,112,0,3,105,120,12,53,127,49" hai2="9,83,2,115,78,7,16,126,39,70,94,41,128" hai3="45,96,71,119,6,68,35,79,104,129,99,17,56"/><T87/><D106/><U55/><E120/><V65/><F115/><W110/><G119/><T85/><D111/><U133/><E72/><V107/><F126/><N who="1" m="48137" /><E133/><V31/><F128/><W64/><G35/><T21/><D134/><U135/><E135/><V32/><F107/><W69/><G129/><T48/><D8/><U62/><E33/><V93/><F65/><W82/><G104/><T47/><AGARI ba="0,0" hai="21,24,30,47,48,54,57,59,73,77,81,85,86,87" machi="47" ten="30,3000,0" yaku="0,1,52,1" doraHai="51" who="0" fromWho="0" sc="250,30,250,-10,250,-10,250,-10" /><INIT seed="0,1,0,0,0,55" ten="280,240,240,240" oya="0" hai0="47,7,10,110,16,87,130,98,12,133,121,67,103" hai1="119,134,109,112,15,63,30,36,108,123,107,1,64" hai2="62,97,132,72,94,118,73,68,105,44,90,92,25" hai3="79,35,126,89,101,28,127,53,52,43,45,26,20"/><T74/><D121/><U78/><E1/><V19/><F132/><W38/><G101/><T70/><D133/><U66/><E107/><V75/><F118/><W56/><G79/><T9/><D74/><U88/><E36/><V116/><F116/><W100/><G100/><T46/><D110/><U40/><E40/><V104/><F44/><W129/><G129/><T42/><D130/><U131/><E112/><V95/><F68/><W54/><G89/><T22/><D70/><U8/><E30/><V34/><F19/><W135/><G135/><T99/><D67/><U51/><E66/><V59/><F25/><W117/><G117/><T60/><D60/><U23/><E123/><V102/><F34/><W114/><G114/><T27/><D87/><U91/><E131/><V3/><F3/><W83/><G83/><T120/><D120/><U86/><E119/><V115/><F115/><W111/><G111/><T124/><D124/><N who="3" m="47657" /><G35/><T125/><D125/><U96/><E109/><V84/><REACH who="2" step="1"/><F105/><REACH who="2" ten="280,240,230,240" step="2"/><W81/><G81/><T77/><D47/><U106/><E106/><V65/><AGARI ba="1,1" hai="59,62,65,72,73,75,84,90,92,94,95,97,102,104" machi="65" ten="30,7900,0" yaku="1,1,2,1,0,1,52,1,53,0" doraHai="55" doraHaiUra="49" who="2" fromWho="2" sc="280,-40,240,-21,230,92,240,-21" /><INIT seed="1,0,0,3,3,33" ten="240,219,322,219" oya="1" hai0="123,43,47,5,113,19,63,34,80,17,105,93,127" hai1="92,2,39,104,86,120,71,23,32,134,51,46,99" hai2="20,112,27,87,66,121,13,106,30,85,53,126,98" hai3="68,132,76,60,111,131,107,57,79,102,94,114,67"/><U109/><E120/><V130/><F121/><W119/><G114/><T133/><D113/><U84/><E32/><V81/><F126/><W97/><G111/><T125/><D105/><U55/><E104/><V6/><F130/><W77/><G131/><T25/><D123/><U37/><E71/><V69/><F112/><W122/><G122/><T103/><D5/><U31/><E134/><V7/><F69/><W100/><G132/><T62/><D133/><U44/><E2/><V72/><F66/><W90/><G119/><T1/><D80/><U24/><E109/><V74/><F85/><W129/><G129/><T36/><D1/><U16/><E31/><V101/><F53/><W70/><REACH who="3" step="1"/><G102/><REACH who="3" ten="240,219,322,209" step="2"/><T41/><D127/><U89/><REACH who="1" step="1"/><E39/><REACH who="1" ten="240,209,322,209" step="2"/><V15/><F106/><W116/><G116/><T88/><D36/><U61/><E61/><V28/><F30/><W64/><G64/><T38/><D38/><U124/><E124/><V83/><F28/><W118/><G118/><T78/><D63/><U21/><E21/><V73/><F20/><W26/><G26/><T12/><D62/><U35/><E35/><V110/><F110/><W65/><G65/><T14/><D25/><U3/><E3/><V9/><F27/><W50/><G50/><T18/><D34/><U4/><E4/><V96/><F7/><W11/><G11/><T91/><D125/><U40/><AGARI ba="0,2" hai="16,23,24,37,40,44,46,51,55,84,86,89,92,99" machi="40" ten="30,6000,0" yaku="1,1,0,1,54,1,53,0" doraHai="33" doraHaiUra="29" who="1" fromWho="1" sc="240,-20,209,80,322,-20,209,-20" /><INIT seed="1,1,0,1,3,84" ten="220,289,302,189" oya="1" hai0="112,111,23,48,108,1,76,106,130,94,96,5,29" hai1="74,30,11,71,109,2,119,9,81,15,110,80,24" hai2="68,55,26,19,91,102,57,113,117,36,59,133,63" hai3="135,78,79,27,39,101,100,32,46,69,13,73,105"/><U132/><E71/><V75/><F117/><W85/><G73/><T107/><D1/><U61/><E119/><V34/><F75/><W51/><G135/><T8/><D48/><U86/><E132/><V7/><F36/><W33/><G39/><T49/><D49/><U131/><E131/><V125/><F125/><W99/><G69/><T31/><D130/><U44/><E2/><V17/><F133/><W22/><G101/><T12/><D112/><U41/><E61/><V62/><F68/><W83/><G13/><T53/><D53/><U115/><E115/><V40/><F102/><W10/><G10/><T98/><D76/><U0/><E74/><V70/><F70/><W120/><G78/><T67/><D67/><U118/><E0/><V92/><F7/><W126/><G120/><T21/><D94/><U124/><E124/><V90/><F40/><W45/><G126/><T42/><D42/><U58/><E58/><V65/><F113/><W18/><REACH who="3" step="1"/><G46/><REACH who="3" ten="220,289,302,179" step="2"/><T121/><D121/><U38/><E11/><V97/><REACH who="2" step="1"/><F90/><REACH who="2" ten="220,289,292,179" step="2"/><W104/><G104/><T35/><D107/><U16/><E118/><V56/><F56/><W60/><G60/><T72/><D106/><U20/><REACH who="1" step="1"/><E81/><REACH who="1" ten="220,279,292,179" step="2"/><V37/><F37/><W25/><G25/><T95/><D72/><U123/><E123/><V128/><F128/><W64/><G64/><T88/><D35/><U134/><E134/><V4/><F4/><W14/><G14/><T129/><D12/><U116/><E116/><V77/><F77/><AGARI ba="1,3" hai="9,15,16,20,24,30,38,41,44,77,80,86,109,110" machi="77" ten="40,3900,0" yaku="1,1,54,1,53,0" doraHai="84" doraHaiUra="87" who="1" fromWho="2" sc="220,0,279,72,292,-42,179,0" /><INIT seed="1,2,0,2,0,77" ten="220,351,250,179" oya="1" hai0="37,47,85,105,8,26,63,17,7,74,1,104,87" hai1="99,14,121,18,55,29,102,75,42,107,89,11,57" hai2="21,95,114,128,50,91,10,65,119,46,92,0,123" hai3="16,51,83,62,23,25,86,64,61,129,124,79,76"/><U60/><E121/><V135/><F119/><W13/><G129/><T94/><D74/><U68/><E75/><V84/><F123/><W9/><G124/><T70/><D37/><U96/><E29/><V109/><F109/><W132/><G132/><T35/><D70/><U106/><E42/><V131/><F135/><W80/><G51/><T134/><D134/><U58/><E68/><V110/><F110/><W31/><REACH who="3" step="1"/><G64/><REACH who="3" ten="220,351,250,169" step="2"/><T116/><D116/><U41/><E41/><V27/><F65/><W112/><G112/><T22/><D63/><U40/><E40/><V93/><F114/><W101/><G101/><T49/><D105/><U88/><E58/><V66/><F66/><W108/><G108/><T15/><D104/><U78/><E78/><V4/><F131/><W126/><G126/><T45/><D49/><U52/><E55/><V133/><F128/><W32/><G32/><T90/><D45/><U125/><E125/><V56/><F56/><W33/><G33/><T28/><D47/><U72/><E72/><AGARI ba="2,1" hai="9,13,16,23,25,31,61,62,72,76,79,80,83,86" machi="72" ten="30,8000,1" yaku="1,1,7,1,52,2,54,1,53,0" doraHai="77" doraHaiUra="2" who="3" fromWho="1" sc="220,0,351,-86,250,0,169,96" /><INIT seed="2,0,0,1,3,98" ten="220,265,250,265" oya="2" hai0="110,9,84,44,89,134,47,5,121,129,102,21,107" hai1="101,66,114,18,13,125,50,90,39,71,103,54,3" hai2="113,37,11,28,42,122,4,41,80,83,26,93,96" hai3="97,127,72,15,8,105,118,61,132,56,1,128,133"/><V57/><F113/><W14/><G118/><T46/><D121/><U116/><E3/><V17/><F122/><W45/><G72/><T94/><D134/><N who="3" m="51817" /><G128/><T29/><D129/><U126/><E39/><V30/><F37/><W24/><G127/><N who="1" m="48650" /><E114/><V6/><F57/><W34/><G45/><T27/><D110/><U115/><E116/><V85/><F17/><W119/><G1/><T38/><D107/><U40/><E40/><N who="2" m="15467" /><F83/><W111/><G111/><T67/><D38/><U77/><E77/><N who="2" m="46223" /><F11/><W52/><G8/><T36/><D36/><U23/><E115/><V51/><F51/><W49/><G49/><T7/><D67/><U68/><E66/><V20/><F28/><N who="3" m="19719" /><G119/><T16/><D102/><AGARI ba="0,0" hai="4,6,20,26,30,93,96,102" m="46223,15467" machi="102" ten="30,2900,0" yaku="8,1,52,1" doraHai="98" who="2" fromWho="0" sc="220,-29,265,0,250,29,265,0" /><AGARI ba="0,0" hai="14,15,52,56,61,97,102,105" m="19719,51817" machi="102" ten="30,3900,0" yaku="20,1,52,1,54,1" doraHai="98" who="3" fromWho="0" sc="191,-39,265,0,279,0,265,39" /><INIT seed="2,1,0,3,4,36" ten="152,265,279,304" oya="2" hai0="42,77,1,58,116,130,35,8,60,0,64,69,100" hai1="31,46,55,6,103,57,97,104,66,53,133,78,28" hai2="79,9,109,81,68,67,105,34,82,102,73,44,48" hai3="121,132,50,99,39,128,119,24,80,85,135,15,87"/><V113/><F113/><W118/><G39/><T59/><D35/><U122/><E133/><N who="3" m="51274" /><G121/><T10/><D116/><U88/><E78/><V20/><F34/><W71/><G128/><T107/><D77/><U89/><E6/><V90/><F68/><W111/><G111/><T126/><D126/><U72/><E72/><V115/><F115/><W18/><G71/><T76/><D76/><U83/><E66/><V131/><F67/><W43/><G99/><T41/><D130/><U21/><E122/><V124/><F131/><W45/><G24/><T63/><D107/><U94/><E104/><V52/><F124/><W14/><G14/><T112/><D69/><U114/><E114/><V117/><F117/><N who="3" m="44555" /><G80/><T54/><D112/><U27/><E83/><V23/><F109/><W37/><G37/><T11/><REACH who="0" step="1"/><D100/><REACH who="0" ten="142,265,279,304" step="2"/><U22/><E103/><V125/><F125/><W16/><G18/><T51/><D51/><U95/><E31/><V33/><F33/><W84/><G84/><T61/><D61/><U127/><E127/><V70/><F70/><W5/><G5/><T110/><D110/><U26/><E28/><V49/><F48/><W65/><G65/><T93/><D93/><U25/><E95/><V91/><F102/><W13/><G87/><T98/><D98/><U120/><E120/><V19/><F105/><W96/><G96/><T47/><D47/><U101/><E46/><V4/><F79/><W75/><G85/><T106/><D106/><U92/><E101/><V38/><F73/><W40/><G75/><T3/><AGARI ba="1,1" hai="0,1,3,8,10,11,41,42,54,58,59,60,63,64" machi="3" ten="40,8000,1" yaku="1,1,0,1,52,2,53,0" doraHai="36" doraHaiUra="74" who="0" fromWho="0" sc="142,93,265,-21,279,-41,304,-21" /><INIT seed="3,0,0,2,5,128" ten="235,244,238,283" oya="3" hai0="125,34,17,50,126,36,6,5,114,48,83,35,127" hai1="30,7,124,44,19,120,133,134,4,3,46,54,66" hai2="43,103,37,8,11,115,93,13,58,59,96,52,105" hai3="119,97,38,60,31,45,65,63,121,75,90,28,51"/><W95/><G119/><T67/><D83/><U24/><E120/><V9/><F115/><W132/><G121/><T49/><D36/><U77/><E66/><V81/><F37/><W135/><G75/><T32/><D17/><U116/><E116/><V89/><F43/><W79/><G79/><T2/><D2/><U56/><E19/><V26/><F26/><W102/><G102/><T122/><D122/><U123/><E124/><V39/><F39/><W15/><G15/><T87/><D87/><U112/><E112/><V27/><F27/><W80/><G80/><T94/><D114/><U40/><E77/><V110/><F110/><W129/><G63/><T62/><D94/><U130/><E130/><V64/><F81/><W42/><G38/><T85/><D85/><U1/><E40/><V41/><F41/><W22/><G129/><T55/><D55/><U47/><E3/><V101/><F105/><W16/><G16/><T131/><D131/><U12/><E12/><V61/><REACH who="2" step="1"/><F13/><REACH who="2" ten="235,244,228,283" step="2"/><W71/><REACH who="3" step="1"/><G22/><REACH who="3" ten="235,244,228,273" step="2"/><T29/><D29/><AGARI ba="0,2" hai="28,29,31,42,45,51,60,65,71,90,95,97,132,135" machi="29" ten="40,12000,1" yaku="1,1,2,1,52,2,53,0" doraHai="128" doraHaiUra="82" who="3" fromWho="0" sc="235,-120,244,0,228,0,273,140" /><INIT seed="3,1,0,2,0,134" ten="115,244,228,413" oya="3" hai0="12,48,129,70,121,94,76,114,108,52,3,31,10" hai1="131,9,26,126,68,71,7,89,38,87,115,96,106" hai2="91,77,41,95,5,23,66,92,97,83,45,75,118" hai3="80,29,1,4,39,36,8,79,25,78,19,112,57"/><W35/><G112/><T130/><D121/><U123/><E38/><V105/><F118/><W17/><G79/><T27/><D70/><U111/><E111/><V110/><F110/><W113/><G113/><T62/><D3/><U81/><E131/><N who="0" m="50185" /><D76/><U50/><E26/><V0/><F66/><W61/><G19/><T60/><D108/><U65/><E50/><V51/><F105/><W47/><G47/><T72/><D72/><U30/><E30/><V127/><F23/><W6/><G6/><N who="0" m="3159" /><D94/><U21/><E71/><V85/><F5/><W93/><G93/><T135/><D114/><U22/><E123/><V100/><REACH who="2" step="1"/><F0/><REACH who="2" ten="115,244,218,413" step="2"/><W42/><G4/><T88/><D135/><U13/><E115/><V86/><F86/><W24/><G1/><T11/><D11/><U99/><E9/><V63/><F63/><W101/><G61/><T56/><D88/><U116/><E89/><V74/><F74/><W43/><G8/><T28/><D28/><U59/><E7/><V119/><F119/><W32/><G78/><T34/><AGARI ba="1,1" hai="27,31,34,48,52,56,60,62" m="3159,50185" machi="34" ten="30,2000,0" yaku="19,1,54,1" doraHai="134" who="0" fromWho="0" sc="115,33,244,-6,218,-6,413,-11" /><INIT seed="4,0,0,2,0,36" ten="148,238,212,402" oya="0" hai0="74,135,91,105,111,93,56,14,20,95,53,25,26" hai1="3,23,119,69,62,37,52,80,47,57,125,103,65" hai2="7,79,16,120,0,29,27,108,88,131,97,106,129" hai3="81,35,8,31,117,28,89,50,2,38,104,30,43"/><T70/><D105/><U107/><E3/><V101/><F108/><W54/><G117/><T122/><D111/><U68/><E80/><V75/><F120/><W73/><G104/><T86/><D122/><U109/><E23/><V4/><F0/><W123/><G123/><T19/><D74/><U32/><E32/><V78/><F29/><W71/><G71/><N who="1" m="27210" /><E103/><V114/><F114/><W92/><G92/><T77/><D135/><U90/><E90/><V100/><F101/><W126/><G89/><T85/><D70/><N who="1" m="42295" /><E125/><V102/><F100/><W98/><G98/><T51/><REACH who="0" step="1"/><D77/><REACH who="0" ten="138,238,212,402" step="2"/><U121/><E107/><V118/><F78/><W72/><G73/><T10/><D10/><U82/><E109/><V110/><F110/><W132/><G8/><T1/><D1/><U33/><E121/><V76/><F79/><W134/><G2/><T13/><D13/><U64/><E119/><V83/><F118/><W17/><G72/><T66/><D66/><U11/><E11/><V48/><F76/><W22/><G132/><T112/><D112/><U49/><E33/><V12/><F75/><W18/><G134/><T130/><D130/><N who="2" m="49674" /><F12/><W128/><G35/><T6/><D6/><U84/><E64/><V94/><F106/><W87/><G128/><T96/><D96/><U59/><E84/><N who="2" m="50207" /><F4/><W24/><G87/><T63/><D63/><U41/><E82/><V21/><F7/><W61/><G81/><T55/><D55/><U133/><E133/><V113/><F113/><W34/><G61/><T116/><D116/><U5/><E5/><V9/><F9/><W58/><G54/><RYUUKYOKU ba="0,1" sc="138,10,238,10,212,10,402,-30" hai0="14,19,20,25,26,51,53,56,85,86,91,93,95" hai1="37,41,47,49,52,57,59" hai2="16,21,27,48,94,97,102" /><INIT seed="4,1,1,5,1,39" ten="148,248,222,372" oya="0" hai0="82,101,134,84,124,94,90,110,9,99,97,128,7" hai1="17,43,81,104,47,23,44,117,130,126,65,37,113" hai2="8,32,96,67,132,20,69,74,93,10,133,91,11" hai3="80,29,1,56,40,119,21,25,127,48,33,85,116"/><T125/><D9/><U16/><E117/><V15/><F74/><W129/><G127/><N who="0" m="48715" /><D7/><U30/><E126/><V76/><F76/><W38/><G1/><T73/><D110/><U24/><E104/><V114/><F32/><W70/><G129/><T35/><D35/><U14/><E130/><V88/><F114/><W31/><G33/><T115/><D128/><U95/><E65/><V106/><F106/><W54/><G31/><T109/><D109/><U79/><E113/><V98/><F67/><W60/><G80/><T0/><D0/><U83/><E47/><V86/><F69/><W123/><G123/><T59/><D59/><U51/><E37/><V118/><F118/><W27/><G27/><T111/><D111/><U105/><E105/><V19/><REACH who="2" step="1"/><F91/><REACH who="2" ten="148,248,212,372" step="2"/><W120/><G70/><T100/><D115/><U107/><E107/><V57/><F57/><W4/><G56/><T131/><D131/><U13/><E79/><V50/><F50/><W71/><G48/><T41/><D134/><AGARI ba="1,2" hai="8,10,11,15,19,20,86,88,93,96,98,132,133,134" machi="134" ten="40,5200,0" yaku="1,1,20,1,54,1,53,0" doraHai="39" doraHaiUra="45" who="2" fromWho="0" sc="148,-55,248,0,212,75,372,0" /><INIT seed="5,0,0,1,1,4" ten="93,248,287,372" oya="1" hai0="133,5,109,31,1,124,2,71,27,110,40,135,112" hai1="19,32,96,74,18,69,51,26,72,63,95,78,61" hai2="103,16,73,102,48,134,70,54,43,82,113,14,36" hai3="30,132,89,0,28,13,12,131,99,119,100,107,87"/><U118/><E118/><V126/><F134/><N who="0" m="51210" /><D71/><U93/><E51/><V10/><F126/><W80/><G132/><T81/><D81/><U47/><E47/><V79/><F70/><W117/><G131/><T65/><D65/><U22/><E32/><V55/><F113/><W25/><G0/><N who="0" m="107" /><D40/><U116/><E116/><N who="3" m="44618" /><G30/><T108/><D112/><U44/><E44/><V125/><F125/><W3/><G3/><T8/><D124/><U129/><E78/><V84/><F73/><W86/><G86/><T90/><D90/><U128/><E69/><V42/><F36/><W23/><AGARI ba="0,0" hai="12,13,23,25,28,80,87,89,99,100,107" m="44618" machi="23" ten="30,1100,0" yaku="12,1" doraHai="4" who="3" fromWho="3" sc="93,-3,248,-5,287,-3,372,11" /><INIT seed="6,0,0,3,1,114" ten="90,243,284,383" oya="2" hai0="53,81,120,54,116,14,124,79,92,127,84,8,122" hai1="23,52,15,94,4,132,102,106,62,89,21,100,107" hai2="108,86,5,12,10,27,45,60,1,0,26,47,104" hai3="91,35,129,133,112,2,121,41,3,66,126,7,25"/><V33/><F104/><W6/><G121/><T68/><D68/><U57/><E132/><V83/><F108/><W34/><G133/><T63/><D92/><U93/><E107/><V69/><F69/><W113/><G41/><T30/><D30/><U80/><E106/><V125/><F125/><N who="0" m="48202" /><D63/><U40/><E40/><V28/><F60/><W75/><G91/><T119/><D14/><U99/><E80/><V42/><F26/><W101/><G66/><T16/><D16/><U78/><E78/><V71/><F71/><W49/><G25/><T36/><D8/><N who="1" m="4487" /><E102/><V67/><F67/><W43/><G3/><T22/><D22/><U18/><E18/><V90/><REACH who="2" step="1"/><F47/><REACH who="2" ten="90,243,274,383" step="2"/><W97/><G126/><T134/><D134/><U130/><E130/><V103/><F103/><W135/><G129/><T48/><D36/><AGARI ba="0,1" hai="0,1,5,10,12,27,28,33,36,42,45,83,86,90" machi="36" ten="30,2900,0" yaku="1,1,7,1,53,0" doraHai="114" doraHaiUra="117" who="2" fromWho="0" sc="90,-29,243,0,274,39,383,0" /><INIT seed="6,1,0,4,4,48" ten="61,243,313,383" oya="2" hai0="85,35,72,45,46,79,6,82,33,80,41,39,44" hai1="113,12,59,62,121,13,34,78,96,8,32,107,94" hai2="2,133,109,106,10,67,84,27,114,108,9,74,29" hai3="22,92,134,19,104,49,25,76,100,58,24,47,126"/><V132/><F106/><W30/><G104/><T128/><D128/><U54/><E107/><V57/><F74/><W103/><G126/><T119/><D119/><U60/><E113/><V86/><F67/><W111/><G111/><N who="2" m="42569" /><F114/><W117/><G134/><N who="2" m="51817" /><F57/><W42/><G117/><T37/><D6/><U77/><E121/><V130/><F130/><W17/><G76/><T91/><REACH who="0" step="1"/><D41/><REACH who="0" ten="51,243,313,383" step="2"/><U116/><E116/><V50/><F2/><W31/><G42/><T23/><D23/><U93/><E34/><AGARI ba="1,1" hai="33,34,35,37,39,44,45,46,72,79,80,82,85,91" machi="34" ten="40,1300,0" yaku="1,1,53,0" doraHai="48" doraHaiUra="88" who="0" fromWho="1" sc="51,26,243,-16,313,0,383,0" /><INIT seed="7,0,0,0,3,54" ten="77,227,313,383" oya="3" hai0="122,47,128,104,38,14,120,45,97,50,0,1,17" hai1="87,67,114,82,127,43,126,15,112,34,96,89,11" hai2="102,107,74,116,56,84,12,8,69,20,49,62,115" hai3="66,90,76,24,108,18,5,129,55,78,101,36,73"/><W75/><G36/><T35/><D35/><U103/><E43/><V42/><F116/><W131/><G5/><T40/><D128/><U60/><E34/><V41/><F74/><W10/><G101/><T113/><D113/><N who="1" m="43627" /><E15/><V2/><F115/><W32/><G66/><T28/><D28/><U110/><E11/><V79/><F107/><W99/><G90/><T16/><D17/><U111/><E60/><V117/><F102/><W25/><G99/><T65/><D65/><U58/><E58/><V94/><F2/><W52/><G18/><T81/><D81/><U31/><E31/><V92/><F117/><W88/><G88/><T80/><D80/><U100/><E67/><V4/><F69/><W72/><G72/><T27/><D27/><U51/><E51/><V68/><F68/><W135/><G10/><T23/><D104/><N who="1" m="63495" /><E103/><V95/><F20/><W71/><G24/><T3/><REACH who="0" step="1"/><D97/><REACH who="0" ten="67,227,313,383" step="2"/><U109/><AGARI ba="0,1" hai="82,87,89,109,110,111,126,127" m="63495,43627" machi="109" ten="40,5200,0" yaku="15,1,34,2" doraHai="54" who="1" fromWho="1" sc="67,-13,227,62,313,-13,383,-26" owari="54,-45.0,289,-11.0,300,10.0,357,46.0" /></mjloggm>