<mjloggm ver="2.3"><GO type="41" lobby="0"/><UN n0="%44%69%4E%61%74%61%6C%45" n1="%E6%97%A0%E8%A8%80" n2="%E2%93%9D%53%75%70%68%78" n3="%68%61%79%61%74%6F%E2%98%86" dan="14,13,17,14" rate="1897.50,1927.84,2052.86,1910.74" sx="M,M,M,M"/><TAIKYOKU oya="0"/><INIT seed="0,0,0,0,1,85" ten="250,250,250,250" oya="0" hai0="29,35,87,46,125,34,110,3,0,9,124,92,55" hai1="96,14,20,31,100,116,101,134,108,11,28,114,118" hai2="42,47,8,131,63,12,117,58,120,62,21,51,44" hai3="32,66,102,83,39,132,90,57,106,24,5,16,64"/><T41/><D110/><U77/><E134/><V60/><F120/><W98/><G39/><T75/><D75/><U80/><E108/><V113/><F113/><W49/><G132/><T40/><D55/><U97/><E114/><V70/><F21/><W61/><G5/><T81/><D92/><U84/><E116/><V23/><F23/><W7/><G7/><T89/><D41/><U126/><E126/><N who="0" m="48745" /><D9/><U65/><E65/><V69/><F12/><W71/><G66/><T122/><D122/><U33/><E33/><N who="0" m="12297" /><D29/><U95/><E20/><V54/><F8/><W15/><G83/><T72/><D72/><U82/><E82/><V19/><F117/><W129/><G129/><T91/><D91/><U103/><E118/><V50/><F19/><W37/><G90/><T133/><D133/><U111/><E111/><V27/><F131/><W112/><G112/><T1/><D1/><U6/><REACH who="1" step="1"/><E101/><REACH who="1" ten="250,240,250,250" step="2"/><V93/><F70/><W76/><G76/><T123/><D123/><U2/><E2/><V38/><F69/><W13/><G71/><T128/><D128/><U68/><E68/><V36/><F27/><W53/><G24/><T45/><D45/><U4/><E4/><V78/><F78/><W130/><G130/><T99/><D99/><U74/><E74/><V135/><F135/><W104/><G32/><T94/><D81/><U67/><E67/><V79/><F79/><W52/><G64/><T127/><N who="0" m="48753" /><T59/><DORA hai="88" /><D59/><U17/><E17/><V119/><F119/><W73/><G16/><T86/><D86/><U26/><E26/><V107/><F58/><RYUUKYOKU ba="0,1" sc="250,15,240,15,250,-15,250,-15" hai0="0,3,40,46,87,89,94" hai1="6,11,14,28,31,77,80,84,95,96,97,100,103" /><INIT seed="0,1,1,0,3,101" ten="265,255,235,235" oya="0" hai0="52,28,26,54,125,0,116,4,51,59,6,61,44" hai1="131,1,34,37,35,86,5,13,46,79,82,132,77" hai2="72,93,16,102,133,113,49,55,70,135,88,119,90" hai3="21,134,117,128,94,96,99,63,9,91,38,22,87"/><T41/><D116/><U32/><E132/><N who="2" m="50763" /><F113/><W105/><G117/><T10/><D125/><U20/><E131/><V69/><F72/><W23/><G128/><T103/><D6/><U89/><E1/><V25/><F102/><W64/><G134/><T80/><D80/><U112/><E112/><V108/><F108/><W60/><G38/><T68/><D103/><U27/><E37/><V121/><F121/><W73/><G73/><T40/><REACH who="0" step="1"/><D68/><REACH who="0" ten="255,255,235,235" step="2"/><U127/><E127/><V115/><F119/><W78/><G78/><T14/><D14/><U74/><E5/><V57/><F115/><W104/><G9/><T36/><D36/><U15/><E13/><V66/><F90/><W124/><G124/><T107/><D107/><U130/><E15/><V98/><F66/><W19/><G19/><T120/><D120/><U85/><E130/><V43/><F43/><W24/><G24/><T30/><D30/><U53/><E89/><V81/><F81/><W48/><G64/><T126/><D126/><U8/><E8/><V11/><F11/><W45/><G104/><T29/><D29/><U100/><E100/><V84/><F25/><W7/><G105/><T129/><D129/><U65/><E65/><V110/><F110/><W71/><G7/><T95/><D95/><U2/><E2/><V12/><F12/><W75/><G75/><T50/><D50/><N who="1" m="28887" /><E79/><V122/><F122/><W33/><G71/><N who="2" m="27145" /><F16/><W123/><G123/><T67/><D67/><U111/><E111/><V58/><F49/><W118/><G118/><T3/><D3/><U42/><E42/><V83/><F55/><RYUUKYOKU ba="1,2" sc="255,10,255,10,235,10,235,-30" hai0="0,4,10,26,28,40,41,44,51,52,54,59,61" hai1="20,27,32,34,35,74,77,82,85,86" hai2="57,58,83,84,88,93,98" /><INIT seed="0,2,2,5,5,61" ten="265,265,245,205" oya="0" hai0="119,60,130,3,1,47,57,84,34,132,77,26,5" hai1="128,13,7,100,74,46,122,92,40,48,25,97,135" hai2="75,11,42,85,81,65,83,126,36,31,56,23,80" hai3="22,4,115,95,104,107,41,51,79,20,66,123,39"/><T82/><D119/><U133/><E122/><V69/><F69/><W19/><G115/><T116/><D116/><U68/><E133/><V52/><F75/><W90/><G123/><T121/><D121/><U93/><E128/><V129/><F126/><W118/><G39/><T88/><D132/><U32/><E74/><V114/><F114/><W58/><G118/><T71/><D71/><U110/><E110/><V27/><F129/><W37/><G37/><T54/><D130/><U96/><E68/><V124/><F124/><W109/><G79/><T117/><D5/><U98/><E135/><V8/><F65/><W127/><G4/><T10/><D10/><N who="2" m="3626" /><F42/><W72/><G72/><T112/><D112/><U45/><E7/><V0/><F36/><W101/><G101/><T102/><D102/><U24/><E13/><V9/><F9/><W113/><G113/><T6/><D6/><U131/><E32/><V33/><F33/><W67/><G127/><T55/><D47/><U111/><E111/><V89/><F0/><W17/><G109/><T91/><D3/><U50/><E131/><V106/><F106/><W28/><G28/><N who="0" m="19735" /><D1/><U99/><N who="1" m="24576" /><DORA hai="29" /><U59/><E100/><V94/><F94/><W73/><G73/><T12/><D12/><U18/><E93/><V120/><F120/><W38/><G38/><T64/><D117/><U14/><E92/><V2/><F2/><W108/><G108/><T70/><D70/><U21/><E45/><V30/><F30/><W78/><G107/><T86/><D82/><U63/><E48/><AGARI ba="2,2" hai="23,27,31,48,52,56,80,81,83,85,89" m="3626" machi="48" ten="30,2000,0" yaku="8,1,54,1" doraHai="61,29" who="2" fromWho="1" sc="265,0,265,-26,245,46,205,0" /><INIT seed="1,0,0,4,4,132" ten="265,239,291,205" oya="1" hai0="35,80,82,119,19,39,14,88,62,9,4,48,17" hai1="128,67,24,46,36,11,101,121,120,51,81,87,102" hai2="43,124,64,84,72,58,83,71,66,134,22,109,47" hai3="93,106,115,100,40,26,129,112,117,91,113,53,70"/><U98/><E128/><V78/><F109/><W18/><G70/><T21/><D119/><U30/><E36/><V123/><F123/><W94/><G117/><T116/><D39/><U96/><E67/><V131/><F71/><W77/><G40/><T63/><D35/><U130/><E130/><V118/><F134/><W56/><G77/><T105/><D105/><U1/><E120/><V50/><F72/><W114/><G129/><T69/><D116/><U8/><E121/><V75/><F75/><W135/><G135/><T99/><D17/><U2/><E30/><V7/><F131/><W20/><N who="3" m="28672" /><DORA hai="89" /><W125/><G125/><T6/><D6/><U95/><E24/><V45/><F124/><W86/><G106/><T122/><D48/><U33/><E33/><V31/><F7/><W108/><G108/><T5/><D5/><U44/><E51/><N who="2" m="27071" /><F58/><W52/><REACH who="3" step="1"/><G56/><REACH who="3" ten="265,239,291,195" step="2"/><T111/><D111/><U104/><E46/><V85/><F118/><W127/><G127/><T12/><D69/><U37/><E44/><V133/><F133/><W73/><G73/><T54/><D122/><U76/><REACH who="1" step="1"/><E37/><REACH who="1" ten="265,229,291,195" step="2"/><V68/><F68/><W65/><G65/><T16/><D4/><U23/><E23/><V32/><F66/><W41/><G41/><T59/><D62/><U57/><E57/><V15/><F64/><W61/><G61/><T97/><D97/><AGARI ba="0,2" hai="18,20,26,52,53,86,91,93,94,97,100" m="28672" machi="97" ten="70,16000,3" yaku="1,1,52,2,54,1,53,4" doraHai="132,89" doraHaiUra="0,110" who="3" fromWho="0" sc="265,-160,229,0,291,0,195,180" /><INIT seed="2,0,0,4,4,24" ten="105,229,291,375" oya="2" hai0="41,54,111,11,75,43,6,27,1,42,120,88,31" hai1="73,67,115,22,116,94,97,55,86,78,68,72,16" hai2="110,89,125,134,57,98,60,25,29,19,58,63,77" hai3="126,17,18,40,80,10,96,81,26,48,12,101,62"/><V122/><F122/><W32/><G126/><T109/><D120/><U74/><E116/><V7/><F125/><W34/><G62/><T3/><D75/><U30/><E115/><V36/><F36/><W95/><G32/><T52/><D3/><U113/><E113/><V53/><F134/><W61/><G61/><T66/><D66/><U13/><E67/><V70/><F70/><W59/><G59/><T45/><D45/><U37/><E37/><V108/><F19/><W79/><G79/><T35/><REACH who="0" step="1"/><D88/><REACH who="0" ten="95,229,291,375" step="2"/><U87/><E72/><V69/><F89/><W100/><G100/><T133/><D133/><U71/><E73/><V83/><F69/><W9/><G80/><T46/><D46/><U107/><E71/><V84/><F58/><W44/><G81/><T119/><D119/><U127/><E68/><V39/><F57/><W76/><G76/><T132/><D132/><U128/><E74/><V99/><F77/><W135/><G135/><T47/><D47/><U92/><E78/><V23/><F83/><W82/><G82/><T21/><D21/><U91/><E91/><V102/><F102/><W123/><G123/><T0/><D0/><U103/><E127/><V130/><F23/><N who="3" m="13687" /><G34/><T85/><D85/><U118/><E118/><V33/><F33/><W65/><G65/><T20/><D20/><AGARI ba="0,1" hai="9,10,12,17,20,40,44,48,95,96,101" m="13687" machi="20" ten="30,1000,0" yaku="8,1" doraHai="24" who="3" fromWho="0" sc="95,-10,229,0,291,0,375,20" /><INIT seed="3,0,0,0,4,48" ten="85,229,291,395" oya="3" hai0="9,121,95,49,54,79,109,134,119,52,13,124,90" hai1="86,47,27,33,67,77,30,128,113,36,17,14,71" hai2="63,37,92,21,88,115,65,58,74,10,127,89,75" hai3="122,61,50,46,110,15,12,34,97,131,105,8,106"/><W84/><G122/><T114/><D121/><U76/><E128/><V107/><F115/><W19/><G34/><T116/><D119/><U123/><E113/><V91/><F107/><W103/><G110/><T51/><D109/><U7/><E123/><V31/><F37/><W44/><G131/><T72/><D116/><U87/><E36/><V59/><F127/><W94/><G84/><T42/><D42/><U125/><E125/><V133/><F133/><W5/><G61/><T32/><D32/><U56/><E71/><V3/><F92/><W23/><REACH who="3" step="1"/><G50/><REACH who="3" ten="85,229,291,385" step="2"/><T78/><D114/><U129/><E129/><V104/><F63/><W26/><G26/><T120/><D120/><U2/><E87/><V101/><F75/><W130/><G130/><T81/><D124/><U20/><E86/><V69/><F74/><W117/><G117/><T93/><D134/><U57/><E33/><V22/><F69/><W66/><G66/><T24/><D24/><U73/><E67/><V100/><F65/><W99/><G99/><N who="0" m="57783" /><D79/><U0/><E73/><V39/><F39/><W96/><G96/><T82/><D78/><U135/><E76/><V25/><F25/><W45/><AGARI ba="0,1" hai="5,8,12,15,19,23,44,45,46,94,97,103,105,106" machi="45" ten="30,6000,0" yaku="1,1,0,1,53,1" doraHai="48" doraHaiUra="16" who="3" fromWho="3" sc="85,-20,229,-20,291,-20,385,70" /><INIT seed="3,1,0,2,0,127" ten="65,209,271,455" oya="3" hai0="1,101,78,28,113,103,119,18,83,33,34,85,27" hai1="20,9,31,49,89,120,37,112,92,64,52,86,105" hai2="13,61,58,65,133,74,0,69,108,88,134,76,99" hai3="94,59,97,50,7,39,4,122,19,72,123,57,80"/><W5/><G39/><T40/><D119/><U109/><E120/><V46/><F0/><W81/><G72/><T102/><D113/><U91/><E112/><V132/><F108/><W63/><G19/><T70/><D70/><U126/><E109/><V62/><F46/><W10/><G10/><T115/><D115/><U124/><E105/><V41/><F41/><W21/><G21/><T8/><D40/><U3/><E37/><V17/><F76/><W87/><G50/><T38/><D38/><U12/><E64/><V26/><F26/><W111/><G111/><T73/><D73/><U14/><E91/><V60/><F74/><W106/><G106/><T71/><D71/><U6/><E31/><V95/><REACH who="2" step="1"/><F69/><REACH who="2" ten="65,209,261,455" step="2"/><W2/><G2/><T56/><D56/><N who="1" m="32783" /><E3/><V47/><F47/><W77/><G122/><T44/><D44/><U117/><E117/><V24/><F24/><W48/><G123/><T104/><D104/><U82/><E82/><V98/><F98/><W23/><G81/><T125/><D125/><U22/><E126/><V53/><F53/><W68/><G68/><T107/><D107/><U131/><E124/><V16/><F16/><W45/><G45/><T100/><N who="0" m="25600" /><DORA hai="66" /><T11/><D18/><N who="1" m="10311" /><E22/><AGARI ba="1,1" hai="13,17,22,58,60,61,62,65,88,95,99,132,133,134" machi="22" ten="40,8000,1" yaku="1,1,20,1,54,1,53,1" doraHai="127,66" doraHaiUra="29,84" who="2" fromWho="1" sc="65,0,209,-83,261,93,455,0" /><INIT seed="4,0,0,1,4,69" ten="65,126,354,455" oya="0" hai0="24,44,102,68,7,12,1,103,88,35,56,13,105" hai1="59,29,42,106,90,130,73,9,58,57,93,78,37" hai2="77,46,25,15,71,89,45,14,22,92,83,80,34" hai3="96,32,17,127,120,40,16,131,101,66,5,110,107"/><T82/><D68/><U84/><E130/><V4/><F71/><W128/><G120/><T10/><D44/><U23/><E106/><V65/><F34/><W79/><G32/><T27/><D105/><U30/><E9/><V48/><F65/><W21/><G110/><T126/><D126/><U113/><E113/><V51/><F4/><W54/><G127/><T41/><D41/><U115/><E115/><V26/><F92/><W86/><G66/><T63/><D1/><U19/><E78/><V72/><F89/><W111/><G111/><T104/><D104/><U33/><E73/><V11/><F11/><W81/><G40/><T112/><D13/><U70/><E70/><V123/><F22/><W132/><G132/><T76/><D112/><U3/><E3/><V119/><F77/><W60/><G5/><T97/><D35/><U49/><E33/><V87/><F87/><W125/><G125/><T121/><D121/><U28/><E49/><V117/><REACH who="2" step="1"/><F123/><REACH who="2" ten="65,126,344,455" step="2"/><W64/><G64/><N who="0" m="39015" /><D97/><U0/><E0/><V108/><F108/><W134/><G134/><T109/><D109/><U36/><REACH who="1" step="1"/><E42/><REACH who="1" ten="65,116,344,455" step="2"/><V62/><F62/><W75/><G75/><AGARI ba="0,2" hai="14,15,25,26,45,46,48,51,72,75,80,83,117,119" machi="75" ten="25,3200,0" yaku="1,1,22,2,53,0" doraHai="69" doraHaiUra="94" who="2" fromWho="3" sc="65,0,116,0,344,52,455,-32" /><INIT seed="5,0,0,2,3,89" ten="65,116,396,423" oya="1" hai0="30,112,88,41,1,130,45,87,78,0,23,51,132" hai1="77,109,55,43,95,48,31,61,56,42,131,6,21" hai2="25,128,81,66,102,11,75,93,134,27,92,110,54" hai3="105,125,53,19,129,34,97,40,10,65,60,37,127"/><U20/><E131/><V15/><F110/><W71/><G34/><T122/><D130/><U114/><E109/><V119/><F119/><W96/><G129/><T44/><D112/><U26/><E114/><V49/><F128/><W70/><G70/><T115/><D115/><U33/><E77/><V101/><F134/><W85/><G105/><T76/><D132/><U35/><E6/><V133/><F66/><W52/><G85/><T16/><D30/><U22/><E35/><V36/><F36/><W57/><G53/><T8/><D122/><U79/><E79/><V100/><F81/><W84/><G84/><T124/><D124/><N who="3" m="47689" /><G10/><T64/><D64/><U63/><E63/><V68/><F75/><W72/><G19/><T38/><D8/><U120/><E120/><V107/><F107/><W47/><G72/><T28/><D28/><U3/><E3/><V135/><F135/><W46/><G46/><T111/><D111/><U59/><E33/><V73/><F68/><W104/><G104/><T12/><D1/><U17/><E31/><V24/><F73/><W91/><G91/><T118/><D0/><U123/><E123/><V108/><F133/><W99/><G99/><T103/><D103/><U14/><E26/><V9/><F108/><W113/><G113/><T83/><D118/><U121/><E121/><V39/><F11/><W80/><G80/><T67/><D67/><U2/><E2/><V4/><F39/><W126/><N who="3" m="47697" /><W58/><DORA hai="32" /><G71/><T86/><D86/><U74/><E74/><V7/><F7/><W94/><G94/><T69/><D69/><RYUUKYOKU ba="0,0" sc="65,10,116,-30,396,10,423,10" hai0="12,16,23,38,41,44,45,51,76,78,83,87,88" hai2="4,9,15,24,25,27,49,54,92,93,100,101,102" hai3="37,40,47,52,57,58,60,65,96,97" /><INIT seed="6,1,0,1,5,132" ten="75,86,406,433" oya="2" hai0="33,24,20,46,77,18,75,29,111,109,106,82,115" hai1="79,4,10,15,39,61,40,97,71,113,93,69,50" hai2="21,63,80,19,110,119,87,101,12,125,58,7,16" hai3="104,0,121,22,120,85,9,65,47,42,95,105,17"/><V64/><F119/><W25/><G65/><T3/><D115/><U59/><E113/><V94/><F110/><W84/><G105/><T118/><D118/><U135/><E79/><V81/><F125/><W54/><G104/><T35/><D35/><U108/><E39/><V38/><F38/><W30/><G54/><T34/><D34/><U32/><E32/><V90/><F7/><W91/><G85/><T86/><D106/><U114/><E114/><V49/><F101/><W123/><G0/><T37/><D3/><U122/><E122/><V55/><REACH who="2" step="1"/><F19/><REACH who="2" ten="75,86,396,433" step="2"/><W2/><G2/><T6/><D6/><U13/><E108/><V83/><F83/><W5/><G5/><T100/><D100/><U60/><E135/><V11/><F11/><W78/><G9/><T52/><D37/><U26/><E4/><V92/><F92/><W56/><G17/><T89/><D109/><U44/><E10/><V133/><F133/><W96/><G123/><T128/><D111/><U67/><E93/><V36/><F36/><W72/><G121/><T45/><D128/><U134/><E134/><V41/><F41/><W62/><G120/><T68/><D82/><U103/><E40/><V131/><F131/><W28/><G42/><T48/><D18/><U31/><E103/><V66/><F66/><W1/><G1/><T14/><D29/><U98/><E67/><V51/><F51/><W57/><G28/><T116/><D48/><U74/><E50/><V107/><F107/><W53/><G30/><T124/><D116/><U126/><E31/><V112/><F112/><W43/><G43/><RYUUKYOKU ba="1,1" sc="75,-10,86,-10,396,30,433,-10" hai2="12,16,21,49,55,58,63,64,80,81,87,90,94" /><INIT seed="6,2,1,4,4,126" ten="65,76,426,423" oya="2" hai0="18,112,65,17,22,132,74,1,11,125,98,69,4" hai1="94,31,12,116,118,6,32,43,53,29,27,24,0" hai2="102,8,83,106,13,119,26,121,123,21,131,52,16" hai3="63,129,7,66,41,25,35,95,45,40,75,20,19"/><V101/><F119/><N who="1" m="45609" /><E53/><V124/><F131/><W73/><G129/><T60/><D125/><U70/><E94/><V91/><F124/><W85/><G35/><T48/><D74/><U5/><E43/><V55/><F123/><W10/><G85/><T37/><D37/><U100/><E100/><N who="2" m="38507" /><F106/><W110/><G95/><T111/><D111/><U14/><E70/><V54/><F121/><W80/><G110/><T76/><D76/><U62/><E62/><V58/><F83/><W128/><G128/><T99/><D48/><U39/><E39/><V84/><F84/><W108/><G108/><T30/><D99/><U122/><E122/><V51/><F91/><W96/><G96/><T89/><D98/><U79/><E79/><V87/><F87/><W127/><G127/><T77/><D77/><U44/><E44/><V33/><F33/><W64/><G64/><T90/><D89/><U105/><E105/><V49/><F49/><W72/><G80/><T130/><D90/><U3/><E32/><V81/><F81/><W109/><G109/><T9/><D130/><U23/><E23/><V78/><F78/><W42/><G45/><T92/><D92/><U117/><N who="1" m="45617" /><U67/><DORA hai="93" /><E67/><V34/><F34/><W133/><G133/><T97/><D97/><U103/><E103/><V113/><F113/><W56/><REACH who="3" step="1"/><G75/><REACH who="3" ten="65,76,426,413" step="2"/><T88/><D65/><U82/><E82/><V115/><F115/><W50/><G50/><T46/><D60/><U68/><E68/><V28/><AGARI ba="2,2" hai="8,13,16,21,26,28,51,52,54,55,58" m="38507" machi="28" ten="30,6000,0" yaku="8,1,54,2" doraHai="126,93" who="2" fromWho="2" sc="65,-22,76,-22,426,86,413,-22" /><INIT seed="6,3,0,1,5,131" ten="43,54,512,391" oya="2" hai0="36,26,18,92,130,119,82,70,113,60,114,96,7" hai1="56,15,118,14,99,54,116,106,16,87,133,46,112" hai2="6,72,68,37,31,75,20,44,3,73,98,88,48" hai3="10,45,63,13,89,103,38,74,39,132,104,126,97"/><V91/><F68/><W35/><G126/><T134/><D119/><U64/><E112/><N who="0" m="43113" /><D130/><U124/><E124/><V55/><F37/><W58/><G74/><T128/><D128/><U57/><E106/><V1/><F6/><W110/><G35/><T69/><D36/><U11/><E99/><V78/><F78/><W93/><G110/><T47/><D47/><U34/><E34/><V83/><F20/><W107/><G107/><T29/><D18/><U2/><E2/><V80/><F31/><W17/><G45/><T135/><D82/><U101/><E46/><V30/><F30/><W9/><G9/><T105/><D105/><U125/><E125/><V109/><F109/><W42/><G42/><T4/><D4/><U111/><E111/><V5/><F5/><W123/><G123/><T41/><D41/><U12/><E101/><V95/><REACH who="2" step="1"/><F83/><REACH who="2" ten="43,54,502,391" step="2"/><W27/><G27/><T59/><D7/><U43/><E116/><V53/><F53/><W19/><G19/><T32/><D69/><U115/><E118/><V28/><F28/><W49/><G39/><T121/><D70/><U66/><E115/><V94/><F94/><W100/><G38/><T90/><D121/><U65/><E16/><V51/><F51/><W40/><G104/><T67/><AGARI ba="3,1" hai="26,29,32,59,60,67,90,92,96,134,135" m="43113" machi="67" ten="30,4000,0" yaku="15,1,52,2" doraHai="131" who="0" fromWho="0" sc="43,59,54,-13,502,-23,391,-13" /><INIT seed="7,0,0,5,0,22" ten="102,41,479,378" oya="3" hai0="115,91,36,33,123,122,24,99,11,89,132,111,86" hai1="117,124,15,53,62,54,66,100,16,92,87,129,1" hai2="127,51,47,76,101,125,60,44,135,25,3,0,79" hai3="116,26,119,94,73,68,49,12,13,17,4,102,130"/><W118/><G73/><T18/><D111/><U45/><E1/><N who="2" m="587" /><F135/><W42/><G68/><T31/><D36/><U114/><E114/><V120/><F101/><W35/><G130/><T58/><D132/><U55/><E129/><V40/><F25/><W9/><G42/><T98/><D115/><U43/><E124/><N who="2" m="47691" /><F120/><W48/><G94/><T56/><D86/><U63/><E117/><V61/><F47/><W23/><REACH who="3" step="1"/><G102/><REACH who="3" ten="102,41,479,368" step="2"/><T121/><D123/><U110/><E110/><V2/><F40/><W104/><G104/><T93/><D93/><U131/><E131/><V80/><F80/><W113/><G113/><T37/><D122/><U32/><E32/><V96/><F96/><W41/><G41/><T75/><D99/><U112/><E112/><V126/><F126/><W50/><G50/><T105/><D98/><U6/><E100/><V52/><F2/><W70/><G70/><T69/><D69/><U8/><E92/><V78/><AGARI ba="0,1" hai="44,51,52,60,61,76,78,79" m="47691,587" machi="78" ten="40,2700,0" yaku="18,1,54,1" doraHai="22" who="2" fromWho="2" sc="102,-7,41,-7,479,37,368,-13" owari="95,-30.0,34,-47.0,516,61.0,355,16.0" /></mjloggm>