<mjloggm ver="2.3"><GO type="41" lobby="0"/><UN n0="%E3%81%9F%E3%81%AD%E3%81%8C%E3%81%97%E3%81%BE" n1="%41%4F%54" n2="%E2%93%9D%53%75%70%68%78" n3="%6E%2D%6D%69%7A%75" dan="14,15,18,15" rate="1837.27,2044.25,2124.46,2006.06" sx="M,F,M,M"/><TAIKYOKU oya="0"/><INIT seed="0,0,0,4,4,68" ten="250,250,250,250" oya="0" hai0="113,49,4,21,81,57,32,3,82,0,17,36,1" hai1="71,6,56,79,46,10,47,77,25,111,102,28,2" hai2="129,65,125,8,114,50,95,89,104,54,118,70,16" hai3="29,103,97,48,11,24,83,117,98,75,52,127,84"/><T58/><D113/><U44/><E71/><V93/><F104/><W121/><G117/><T124/><D32/><U112/><E111/><V108/><F125/><W59/><G75/><T119/><D119/><U43/><E112/><V22/><F129/><W85/><G127/><T30/><D124/><U87/><E102/><V131/><F131/><W106/><G98/><T42/><D30/><U60/><E87/><V23/><F108/><W105/><G121/><T126/><D4/><U69/><E69/><V62/><F95/><W18/><G105/><T76/><D126/><U19/><E19/><V33/><F33/><W88/><G85/><T100/><D100/><U133/><E133/><V123/><F123/><W120/><G120/><T92/><D92/><U34/><REACH who="1" step="1"/><E43/><REACH who="1" ten="250,240,250,250" step="2"/><V78/><F114/><W91/><G18/><T90/><D90/><U55/><AGARI ba="0,1" hai="2,6,10,25,28,34,44,46,47,55,56,60,77,79" machi="55" ten="30,4000,0" yaku="1,1,2,1,0,1,53,0" doraHai="68" doraHaiUra="101" who="1" fromWho="1" sc="250,-20,240,50,250,-10,250,-10" /><INIT seed="1,0,0,5,1,26" ten="230,290,240,240" oya="1" hai0="47,107,29,17,119,43,25,106,22,64,42,76,97" hai1="78,96,36,67,95,129,19,115,71,103,72,60,120" hai2="28,0,87,59,65,88,93,83,98,121,80,84,70" hai3="45,1,116,85,34,108,10,122,39,123,66,94,101"/><U3/><E115/><V27/><F121/><W4/><G116/><T38/><D119/><U21/><E120/><V74/><F0/><W112/><G112/><T91/><D76/><U111/><E129/><V15/><F70/><W35/><G66/><T33/><D43/><U7/><E36/><V32/><F74/><W2/><G108/><T73/><D73/><U89/><E111/><V114/><F114/><W58/><G58/><T23/><D64/><U100/><E7/><V86/><REACH who="2" step="1"/><F15/><REACH who="2" ten="230,290,230,240" step="2"/><W90/><G2/><T31/><D33/><U5/><E3/><V18/><F18/><W14/><G34/><T9/><D107/><U131/><E5/><V127/><F127/><W132/><G35/><T24/><D106/><U77/><E131/><V41/><F41/><W63/><G1/><T82/><D9/><U54/><E72/><V51/><F51/><W57/><G123/><T16/><D82/><U53/><E19/><V69/><F69/><W102/><G122/><T40/><D42/><U37/><E37/><V109/><F109/><W11/><G39/><T135/><REACH who="0" step="1"/><D135/><REACH who="0" ten="220,290,230,240" step="2"/><U99/><E71/><V48/><F48/><W52/><G132/><T12/><D12/><U92/><E60/><AGARI ba="0,2" hai="27,28,32,59,60,65,80,83,84,86,87,88,93,98" machi="60" ten="40,5200,0" yaku="1,1,52,1,54,1,53,0" doraHai="26" doraHaiUra="130" who="2" fromWho="1" sc="220,0,290,-52,230,72,240,0" /><INIT seed="2,0,0,3,4,50" ten="220,238,302,240" oya="2" hai0="26,2,92,22,36,89,82,8,111,127,42,69,131" hai1="101,52,7,104,46,24,29,12,31,40,59,120,124" hai2="49,74,113,1,32,94,23,11,115,6,25,75,10" hai3="108,116,77,135,18,132,128,53,47,83,88,122,72"/><V55/><F32/><W3/><G3/><T80/><D69/><U114/><E114/><V41/><F41/><W37/><G116/><T126/><D111/><U95/><E104/><V9/><F115/><W84/><G122/><T34/><D34/><U64/><E64/><V129/><F129/><W16/><G108/><T134/><D42/><U66/><E66/><V93/><F113/><W118/><G118/><T61/><D36/><U0/><E0/><V65/><F65/><W121/><G121/><T99/><D61/><U68/><E68/><V21/><F21/><W133/><G128/><T112/><D112/><U96/><E124/><N who="0" m="47657" /><D131/><U100/><E120/><V27/><F27/><W33/><G33/><T30/><D134/><U76/><E76/><V43/><F43/><N who="3" m="23023" /><G53/><T78/><D78/><U45/><E101/><V90/><F75/><W86/><G72/><T102/><D8/><N who="1" m="4127" /><E40/><V119/><F74/><W67/><G67/><T87/><D2/><U107/><E107/><AGARI ba="0,0" hai="22,26,30,80,82,87,89,92,99,102,107" m="47657" machi="107" ten="30,1000,0" yaku="18,1" doraHai="50" who="0" fromWho="1" sc="220,10,238,-10,302,0,240,0" /><INIT seed="3,0,0,3,0,46" ten="230,228,302,240" oya="3" hai0="107,133,12,98,37,47,64,4,72,79,71,7,44" hai1="77,10,18,85,87,96,13,118,33,43,23,39,74" hai2="124,119,48,58,86,60,116,95,134,69,68,90,36" hai3="82,5,126,105,78,67,81,135,120,122,14,52,88"/><W24/><G105/><T63/><D133/><U84/><E33/><V53/><F36/><W91/><G67/><T92/><D107/><U104/><E118/><V70/><F134/><W132/><G24/><T45/><D37/><U110/><E110/><V11/><F124/><W115/><G126/><T129/><D129/><U59/><E43/><V80/><F11/><W41/><G41/><T8/><D79/><U89/><E39/><V50/><REACH who="2" step="1"/><F95/><REACH who="2" ten="230,228,292,240" step="2"/><W42/><G132/><T108/><D108/><U111/><E10/><V1/><F1/><W21/><G135/><T38/><D38/><U99/><E111/><V62/><F62/><W35/><G120/><T121/><D121/><U83/><E104/><V55/><F55/><W106/><G106/><T27/><D72/><U17/><E74/><V66/><F66/><W73/><G122/><T30/><D4/><U20/><E59/><V97/><F97/><W49/><G42/><T29/><REACH who="0" step="1"/><D27/><REACH who="0" ten="220,228,292,240" step="2"/><U16/><E13/><V3/><F3/><W61/><G5/><T117/><D117/><AGARI ba="0,2" hai="48,50,53,58,60,68,69,70,80,86,90,116,117,119" machi="117" ten="50,6400,0" yaku="1,1,52,2,53,0" doraHai="46" doraHaiUra="94" who="2" fromWho="0" sc="220,-64,228,0,292,84,240,0" /><INIT seed="4,0,0,0,0,127" ten="156,228,376,240" oya="0" hai0="13,112,21,60,10,27,122,123,44,74,55,64,3" hai1="7,12,48,105,133,63,76,41,87,46,99,35,33" hai2="20,56,89,72,106,70,97,51,91,114,130,90,83" hai3="102,111,98,32,134,73,68,67,126,34,18,58,69"/><T37/><D74/><U79/><E133/><V93/><F70/><W54/><G126/><T16/><D3/><U22/><E79/><V31/><F106/><W82/><G111/><T47/><D112/><U4/><E4/><V101/><F130/><W1/><G1/><T103/><D37/><U100/><E63/><V6/><F72/><W11/><G134/><T135/><D135/><U128/><E22/><V94/><F83/><W109/><G109/><T71/><D103/><U85/><E85/><V45/><F56/><W92/><G69/><T5/><REACH who="0" step="1"/><D55/><REACH who="0" ten="146,228,376,240" step="2"/><U49/><E100/><V77/><F114/><W108/><G108/><T50/><D50/><U107/><E49/><V26/><F101/><W62/><G73/><T104/><D104/><U23/><E107/><V61/><F51/><W40/><G40/><T30/><D30/><U25/><E105/><V80/><F31/><W118/><G118/><T81/><D81/><U110/><E110/><V119/><F80/><W24/><G82/><T78/><D78/><U42/><E42/><V57/><F77/><W17/><G54/><T36/><D36/><U121/><E76/><V14/><F119/><W117/><G117/><T8/><D8/><U0/><E0/><V120/><F91/><W38/><G38/><T2/><D2/><U28/><E28/><V19/><F90/><W29/><G29/><T125/><D125/><U116/><E116/><V15/><F89/><W86/><G102/><T124/><D124/><U75/><E75/><V65/><F94/><W96/><G92/><T39/><D39/><U113/><E113/><RYUUKYOKU ba="0,1" sc="146,30,228,-10,376,-10,240,-10" hai0="5,10,13,16,21,27,44,47,60,64,71,122,123" /><INIT seed="4,1,1,2,1,43" ten="176,218,366,230" oya="0" hai0="121,24,6,18,36,68,14,91,4,97,129,7,19" hai1="30,86,117,73,22,52,123,130,131,65,55,133,108" hai2="94,116,49,88,110,87,13,102,70,60,82,77,114" hai3="23,45,135,35,5,106,40,101,25,80,15,27,111"/><T41/><D68/><U120/><E108/><V85/><F110/><W67/><G111/><T113/><D121/><N who="1" m="46667" /><E73/><V127/><F114/><W78/><G135/><T38/><D113/><U84/><E117/><V93/><F127/><W3/><G67/><T103/><D91/><U83/><E65/><V16/><F116/><W76/><G76/><T0/><D0/><U107/><E107/><V53/><F60/><W95/><G35/><T74/><D74/><U118/><E118/><V79/><F70/><W57/><G57/><T8/><D129/><N who="1" m="49163" /><E86/><V11/><F102/><W132/><G106/><T72/><D72/><U37/><E37/><V109/><F109/><W119/><G132/><T59/><D59/><U32/><E32/><V21/><F21/><W54/><G119/><T20/><REACH who="0" step="1"/><D41/><REACH who="0" ten="166,218,366,230" step="2"/><U81/><E133/><V46/><F79/><W56/><G3/><T31/><D31/><U66/><E66/><V26/><F26/><W69/><G69/><T39/><D39/><U2/><E2/><V47/><F77/><W96/><G25/><T126/><D126/><U92/><E30/><V105/><F87/><N who="3" m="48535" /><G27/><T29/><D29/><U17/><E84/><V64/><F64/><W75/><G75/><T128/><D128/><U42/><E42/><V44/><F105/><AGARI ba="1,2" hai="4,6,7,8,14,18,19,20,24,36,38,97,103,105" machi="105" ten="40,2000,0" yaku="1,1,53,0" doraHai="43" doraHaiUra="50" who="0" fromWho="2" sc="166,43,218,0,366,-23,230,0" /><INIT seed="4,2,0,0,4,14" ten="209,218,343,230" oya="0" hai0="122,128,125,67,100,27,118,75,20,62,123,12,33" hai1="53,29,71,64,108,120,19,114,99,101,77,0,16" hai2="13,84,24,127,130,74,8,69,41,115,58,81,90" hai3="10,25,50,87,35,78,135,73,94,92,44,2,121"/><T9/><D75/><U26/><E108/><V97/><F69/><W109/><G109/><T133/><D118/><U124/><E120/><V45/><F130/><W105/><G105/><T65/><D128/><U68/><E77/><V93/><F115/><W83/><G135/><T113/><D113/><U49/><E114/><V57/><F127/><W17/><G121/><T63/><D33/><N who="1" m="20663" /><E0/><V72/><F24/><W61/><G73/><T82/><D125/><U66/><E66/><N who="0" m="25097" /><D133/><U102/><E102/><V11/><F11/><W42/><G61/><N who="0" m="23051" /><D123/><U38/><E38/><V15/><F74/><W116/><G116/><T39/><D39/><U103/><E103/><V70/><F72/><W60/><G60/><T54/><D100/><U56/><E71/><V112/><F70/><W131/><G131/><T89/><D54/><U5/><E68/><V129/><F129/><W119/><G119/><T85/><D122/><U32/><E64/><V37/><F112/><W18/><G35/><T46/><D46/><U4/><E32/><V40/><F40/><W91/><G25/><T110/><D110/><U51/><E124/><V111/><F111/><W76/><G76/><T126/><D126/><U30/><E101/><V36/><F36/><W96/><REACH who="3" step="1"/><G92/><REACH who="3" ten="209,218,343,220" step="2"/><T3/><D27/><U55/><E30/><V106/><F106/><W86/><G86/><T43/><D85/><U104/><E104/><V47/><F84/><W22/><G22/><T88/><D20/><U21/><E21/><V95/><F95/><W98/><G98/><T80/><D9/><U48/><E99/><V117/><F117/><RYUUKYOKU ba="2,1" sc="209,-10,218,-10,343,-10,220,30" hai3="2,10,17,18,42,44,50,78,83,87,91,94,96" /><INIT seed="5,3,1,2,5,103" ten="199,208,333,250" oya="1" hai0="52,26,78,82,123,49,118,132,25,69,40,16,122" hai1="48,15,3,60,79,62,58,96,30,68,10,59,92" hai2="120,97,22,8,94,110,38,109,83,41,53,18,54" hai3="0,134,37,27,67,13,7,124,101,50,46,117,74"/><U66/><E3/><V93/><F120/><N who="0" m="46122" /><D118/><U84/><E30/><V130/><F130/><W70/><G117/><T135/><D40/><U75/><E75/><V100/><F8/><N who="3" m="2151" /><G50/><T98/><D98/><U51/><E84/><V11/><F11/><W56/><G56/><N who="0" m="32783" /><D69/><U65/><E79/><V121/><F121/><W115/><G13/><T12/><D78/><U112/><E68/><V116/><F41/><N who="3" m="22831" /><G115/><T29/><D82/><U126/><E126/><V111/><F83/><W21/><G21/><N who="0" m="11399" /><D25/><U107/><E107/><V35/><F116/><W64/><G27/><T31/><D29/><U85/><E85/><V43/><F43/><W63/><G67/><T114/><D114/><U104/><E104/><V57/><F111/><W14/><G14/><T125/><D125/><U34/><E34/><AGARI ba="3,1" hai="26,31,34,132,135" m="11399,32783,46122" machi="34" ten="30,3900,0" yaku="13,1,54,2" doraHai="103" who="0" fromWho="1" sc="199,58,208,-48,333,0,250,0" /><INIT seed="6,0,0,1,1,82" ten="257,160,333,250" oya="2" hai0="45,126,34,50,110,112,38,98,85,26,88,22,113" hai1="76,41,61,32,37,133,14,81,71,114,122,104,66" hai2="42,24,29,117,57,58,33,2,97,7,8,25,125" hai3="1,91,30,9,108,103,10,68,79,40,78,67,49"/><V62/><F117/><W134/><G108/><T87/><D38/><U119/><E119/><V131/><F125/><W135/><G103/><T65/><D34/><U52/><E114/><N who="0" m="44137" /><D110/><U75/><E133/><N who="3" m="50698" /><G30/><N who="0" m="17751" /><D65/><U12/><E122/><V27/><F131/><W20/><G20/><T74/><D74/><U70/><E104/><V11/><F42/><W64/><G40/><N who="0" m="24871" /><D126/><U121/><E121/><V6/><F97/><W83/><G49/><T28/><D28/><U106/><E106/><V18/><F62/><N who="3" m="39959" /><G67/><T115/><N who="0" m="44145" /><T86/><DORA hai="36" /><D98/><U132/><E71/><V127/><F127/><W15/><G1/><T99/><D99/><U69/><E132/><V31/><F31/><W123/><G123/><T55/><D55/><U59/><E70/><V4/><F29/><W5/><G10/><T13/><D13/><U129/><E32/><V111/><F33/><W39/><G39/><T95/><AGARI ba="0,0" hai="85,86,87,88,95" m="24871,17751,44145" machi="95" ten="40,12000,2" yaku="15,1,52,4,54,1" doraHai="82,36" who="0" fromWho="0" sc="257,120,160,-30,333,-60,250,-30" /><INIT seed="7,0,0,3,4,76" ten="377,130,273,220" oya="3" hai0="80,10,94,111,107,46,119,45,30,69,104,56,12" hai1="31,84,99,22,4,129,40,115,77,39,97,38,126" hai2="58,28,124,88,78,121,95,132,120,29,37,122,130" hai3="55,49,59,127,106,83,79,64,20,118,24,47,8"/><W70/><G106/><T16/><D69/><U26/><E115/><V131/><F37/><W9/><G118/><T13/><D111/><U128/><E126/><V68/><F68/><W15/><G127/><T43/><D30/><N who="2" m="11882" /><F124/><W7/><G70/><T36/><D119/><U17/><E4/><V6/><F78/><W102/><G102/><T101/><D80/><U73/><E73/><V34/><F132/><W0/><G24/><T125/><D125/><U92/><E39/><V67/><F6/><W1/><G20/><T133/><D46/><U19/><E38/><V105/><F105/><W96/><G96/><T134/><D56/><U117/><E117/><V90/><F34/><W98/><G98/><N who="0" m="59607" /><D13/><U23/><E99/><N who="2" m="57831" /><F90/><W66/><G59/><T61/><D61/><AGARI ba="0,0" hai="58,61,67,120,121,122,130,131" m="57831,11882" machi="61" ten="40,2600,0" yaku="13,1,54,1" doraHai="76" who="2" fromWho="0" sc="377,-26,130,0,273,26,220,0" owari="351,45.0,130,-37.0,299,10.0,220,-18.0" /></mjloggm>