<mjloggm ver="2.3"><GO type="41" lobby="0"/><UN n0="%E3%81%AA%E3%81%8E%E3%81%A3%E3%81%93" n1="%E2%93%9D%53%75%70%68%78" n2="%74%61%6B%6F%79%61%6B%31" n3="%E3%82%A2%E3%83%B3%E3%83%88%E3%83%8B%E3%83%80%E3%82%B9" dan="13,17,15,15" rate="1882.80,2003.10,2073.95,2007.10" sx="F,M,M,M"/><TAIKYOKU oya="0"/><INIT seed="0,0,0,5,2,59" ten="250,250,250,250" oya="0" hai0="52,50,8,20,32,22,88,74,115,96,28,118,71" hai1="83,109,64,45,56,97,55,134,31,43,127,38,105" hai2="70,12,54,117,94,68,16,42,65,60,37,51,69" hai3="93,116,44,11,77,18,35,41,73,57,123,114,107"/><T87/><D118/><U34/><E109/><V33/><F33/><W63/><G107/><T82/><D115/><U108/><E108/><V27/><F117/><W78/><G35/><T126/><D71/><U2/><E2/><V98/><F27/><W112/><G116/><T49/><D126/><U25/><E134/><V62/><F42/><W85/><G73/><T132/><D132/><U76/><E64/><V133/><F37/><W113/><G123/><T90/><D74/><U15/><E15/><V29/><F29/><W119/><G119/><T10/><D32/><U92/><E105/><V7/><F7/><W81/><G93/><N who="0" m="56359" /><D49/><U124/><E83/><V99/><F65/><W58/><G77/><T110/><D110/><U79/><E127/><V103/><F98/><W1/><G1/><T75/><D75/><U30/><E30/><V46/><REACH who="2" step="1"/><F133/><REACH who="2" ten="250,250,240,250" step="2"/><W129/><G112/><T130/><D130/><U67/><E124/><V23/><AGARI ba="0,1" hai="12,16,23,46,51,54,60,62,68,69,70,94,99,103" machi="23" ten="30,12000,2" yaku="1,1,2,1,0,1,52,2,54,1,53,0" doraHai="59" doraHaiUra="84" who="2" fromWho="2" sc="250,-60,250,-30,240,130,250,-30" /><INIT seed="1,0,0,2,2,126" ten="190,220,370,220" oya="1" hai0="114,120,16,119,98,60,25,32,89,74,57,18,128" hai1="71,59,34,96,117,88,113,43,61,10,62,30,115" hai2="17,7,75,124,9,52,41,65,48,135,5,99,1" hai3="81,94,109,12,134,108,87,14,111,101,77,103,85"/><U107/><E117/><V122/><F122/><W105/><G134/><T44/><D119/><U6/><E43/><V97/><F75/><W80/><G12/><T86/><D114/><U84/><E71/><V100/><F124/><W123/><G14/><T56/><D128/><U54/><E62/><V76/><F76/><W24/><G24/><T2/><D74/><U23/><E34/><V55/><F135/><W125/><G125/><T20/><D120/><U69/><E69/><V95/><F65/><W73/><G123/><T40/><D2/><U104/><E30/><V90/><F17/><W58/><G58/><T37/><D32/><U11/><E23/><V51/><F7/><W68/><G68/><T21/><D98/><U36/><E36/><V106/><REACH who="2" step="1"/><F48/><REACH who="2" ten="190,220,360,220" step="2"/><W38/><G38/><T3/><D60/><U64/><E115/><V28/><F28/><W46/><G73/><T22/><D3/><U118/><E113/><V91/><F91/><W27/><G77/><T19/><REACH who="0" step="1"/><D25/><REACH who="0" ten="180,220,360,220" step="2"/><U47/><E118/><V63/><F63/><W131/><G27/><T79/><D79/><U8/><E61/><V33/><F33/><W4/><G108/><T70/><D70/><U133/><E133/><V13/><F13/><W39/><G109/><T116/><D116/><U72/><E72/><V0/><F0/><W92/><G111/><T93/><AGARI ba="0,2" hai="16,18,19,20,21,22,37,40,44,56,57,86,89,93" machi="93" ten="30,4000,0" yaku="1,1,0,1,54,1,53,0" doraHai="126" doraHaiUra="26" who="0" fromWho="0" sc="180,60,220,-20,360,-10,220,-10" /><INIT seed="2,0,0,5,3,113" ten="240,200,350,210" oya="2" hai0="131,121,23,22,100,105,69,39,89,127,19,123,97" hai1="45,35,110,90,37,124,0,120,26,57,117,13,132" hai2="24,64,93,96,12,28,46,38,10,18,4,68,84" hai3="108,81,115,88,41,114,51,31,87,75,135,65,61"/><V14/><F68/><W40/><G108/><T134/><D69/><U59/><E0/><V36/><F64/><W30/><G75/><T5/><D39/><U55/><E13/><V20/><F84/><W78/><G78/><T95/><D127/><U58/><E90/><V85/><F85/><W1/><G1/><T112/><D112/><N who="3" m="43049" /><G135/><T54/><D134/><U8/><E8/><V2/><F14/><W107/><G107/><T49/><D131/><U73/><E120/><V43/><F38/><W128/><G128/><T21/><D5/><U3/><E3/><V7/><REACH who="2" step="1"/><F2/><REACH who="2" ten="240,200,340,210" step="2"/><W48/><G40/><T122/><D105/><U91/><E132/><V16/><F16/><W102/><G41/><T94/><D19/><U76/><E37/><V53/><F53/><W47/><G30/><T42/><D42/><U56/><E55/><V103/><AGARI ba="0,1" hai="4,7,10,12,18,20,24,28,36,43,46,93,96,103" machi="103" ten="20,3900,0" yaku="1,1,0,1,7,1,53,0" doraHai="113" doraHaiUra="62" who="2" fromWho="2" sc="240,-13,200,-13,340,49,210,-13" /><INIT seed="2,1,0,2,3,75" ten="227,187,389,197" oya="2" hai0="52,113,118,19,124,135,70,112,109,86,94,111,28" hai1="62,67,15,127,95,131,132,115,129,2,34,41,23" hai2="92,58,101,78,25,102,40,56,93,110,11,99,37" hai3="48,123,29,100,114,14,64,44,49,83,104,126,0"/><V117/><F117/><W130/><G123/><T36/><D70/><U47/><E2/><V88/><F37/><W68/><G0/><T33/><D36/><U90/><E34/><V66/><F40/><W87/><G126/><T27/><D124/><U116/><E132/><V89/><F110/><N who="0" m="41994" /><D135/><U32/><E32/><V1/><F25/><W5/><G130/><T7/><D118/><U71/><E115/><V12/><F1/><W91/><G29/><T103/><D7/><U63/><E63/><N who="2" m="38247" /><F58/><W125/><G114/><T26/><D27/><U46/><E116/><V17/><F78/><W35/><G35/><T8/><D8/><U60/><E127/><V106/><F106/><W24/><G24/><T73/><D73/><U82/><E131/><V21/><F11/><W45/><G68/><T133/><D133/><U120/><E71/><V105/><F105/><W16/><G64/><T6/><D6/><U80/><E67/><V42/><F42/><W85/><G5/><T79/><D19/><U3/><E129/><V57/><F57/><W18/><G104/><T10/><D10/><U107/><E107/><V108/><F108/><W72/><G72/><T55/><D113/><U30/><E3/><V59/><F59/><W22/><G125/><T81/><D112/><U74/><E74/><V54/><F54/><W13/><G44/><T77/><D79/><U50/><E47/><V121/><F121/><W9/><G45/><T38/><D38/><U65/><E120/><V53/><F53/><W122/><G122/><T31/><D31/><U97/><E30/><V119/><F119/><RYUUKYOKU ba="1,0" sc="227,15,187,-15,389,15,197,-15" hai0="26,28,33,52,55,77,81,86,94,103" hai2="12,17,21,88,89,92,93,99,101,102" /><INIT seed="2,2,0,2,4,48" ten="242,172,404,182" oya="2" hai0="2,14,34,44,87,86,27,41,78,124,6,95,11" hai1="70,54,117,89,111,73,60,77,29,106,20,113,82" hai2="0,36,64,114,35,132,47,116,3,24,102,52,129" hai3="130,16,100,123,109,92,58,115,133,42,71,28,33"/><V112/><F116/><W10/><G123/><T135/><D124/><U91/><E113/><V21/><F35/><W8/><G71/><T18/><D135/><U108/><E117/><V83/><F64/><W88/><G109/><N who="1" m="42058" /><E106/><V50/><F132/><W55/><G130/><T68/><D68/><U105/><E105/><V76/><F102/><W25/><G115/><T79/><D95/><U119/><E119/><V74/><F129/><W5/><G42/><T122/><D122/><U104/><E104/><V9/><F36/><W85/><G100/><T30/><D78/><U17/><E29/><V125/><F125/><W12/><G133/><T67/><D67/><N who="1" m="41319" /><E54/><V99/><F99/><W134/><G134/><T69/><D69/><U103/><E103/><V75/><F75/><W98/><G98/><T66/><D66/><U121/><E121/><V97/><F97/><W4/><REACH who="3" step="1"/><G10/><REACH who="3" ten="242,172,404,172" step="2"/><T94/><D79/><U45/><E45/><V53/><F9/><W93/><G93/><T15/><D94/><U131/><E131/><V72/><F112/><W84/><G84/><T32/><D87/><U26/><AGARI ba="2,1" hai="17,20,26,73,77,82,89,91" m="41319,42058" machi="26" ten="30,1100,0" yaku="14,1" doraHai="48" who="1" fromWho="1" sc="242,-5,172,27,404,-7,172,-5" /><INIT seed="3,0,0,5,1,74" ten="237,199,397,167" oya="3" hai0="111,83,20,48,27,70,66,38,52,71,3,115,90" hai1="57,10,135,9,81,113,132,110,35,58,65,45,122" hai2="112,61,85,130,54,50,99,15,59,131,124,128,123" hai3="34,7,119,69,72,129,106,75,86,84,134,8,28"/><W43/><G119/><T108/><D3/><U87/><E113/><V63/><F112/><W23/><G106/><T6/><D38/><U102/><E35/><V92/><F124/><W37/><G69/><T53/><D6/><U36/><E102/><V5/><F123/><W29/><G129/><T62/><D115/><U93/><E93/><V121/><F121/><W76/><G134/><N who="1" m="51242" /><E110/><V64/><F85/><W4/><G34/><T19/><D71/><U89/><E122/><V67/><F15/><W96/><G96/><T82/><D90/><U42/><E65/><N who="2" m="25163" /><F5/><W94/><G94/><T118/><D118/><U116/><E116/><V17/><F17/><W24/><G28/><T80/><REACH who="0" step="1"/><D48/><REACH who="0" ten="227,199,397,167" step="2"/><U49/><E36/><V95/><F99/><W100/><G4/><T25/><D25/><U77/><E89/><V39/><F39/><W11/><G100/><T14/><D14/><U103/><E103/><V46/><F61/><W44/><G7/><T26/><D26/><U126/><E126/><V97/><F97/><W91/><G91/><T125/><D125/><U133/><E133/><V47/><F63/><W0/><G0/><T41/><D41/><U114/><E114/><V60/><F60/><W1/><G1/><T73/><D73/><U51/><E51/><V31/><F128/><W107/><G72/><T117/><D117/><U21/><E87/><N who="3" m="33322" /><G107/><T55/><AGARI ba="0,1" hai="19,20,27,52,53,55,62,66,70,80,82,83,108,111" machi="55" ten="40,8000,1" yaku="1,1,0,1,54,1,53,1" doraHai="74" doraHaiUra="16" who="0" fromWho="0" sc="227,90,199,-20,397,-20,167,-40" /><INIT seed="4,0,0,3,5,123" ten="317,179,377,127" oya="0" hai0="12,42,129,52,25,122,87,55,40,80,46,114,45" hai1="16,94,62,107,82,77,38,101,29,116,51,28,13" hai2="102,41,2,66,103,63,8,57,15,36,134,132,54" hai3="56,97,14,26,50,65,6,96,43,90,89,17,79"/><T20/><D122/><U24/><E38/><V133/><F2/><W91/><G79/><N who="0" m="46495" /><D114/><U135/><E107/><V92/><F92/><W81/><G6/><T104/><D104/><U130/><E130/><V5/><REACH who="2" step="1"/><F54/><REACH who="2" ten="317,179,367,127" step="2"/><N who="0" m="20522" /><D129/><U75/><E94/><V22/><F22/><W99/><G81/><T34/><D34/><U119/><E82/><V30/><F30/><W23/><G43/><N who="0" m="16427" /><D12/><U21/><E13/><V84/><F84/><W112/><G112/><T100/><D100/><U73/><E101/><V71/><F71/><W108/><G108/><T61/><D61/><U48/><E62/><V127/><F127/><W37/><G37/><T39/><D39/><U1/><E1/><V83/><F83/><W60/><G50/><T32/><D32/><U7/><E51/><V95/><F95/><W53/><G53/><T131/><D131/><U76/><E48/><V58/><F58/><W44/><REACH who="3" step="1"/><G14/><REACH who="3" ten="317,179,367,117" step="2"/><T47/><D47/><AGARI ba="0,2" hai="5,8,15,36,41,47,57,63,66,102,103,132,133,134" machi="47" ten="40,2600,0" yaku="1,1,20,1,53,0" doraHai="123" doraHaiUra="64" who="2" fromWho="0" sc="317,-26,179,0,367,46,117,0" /><AGARI ba="0,0" hai="17,23,26,44,47,56,60,65,89,90,91,96,97,99" machi="47" ten="40,5200,0" yaku="1,1,2,1,8,1,53,0" doraHai="123" doraHaiUra="64" who="3" fromWho="0" sc="291,-52,179,0,413,0,117,52" /><INIT seed="5,0,0,1,4,66" ten="239,179,413,169" oya="1" hai0="84,72,105,90,102,115,44,122,25,24,52,75,103" hai1="6,39,94,53,78,95,126,118,83,27,26,76,0" hai2="48,18,79,45,70,87,15,56,59,19,93,82,131" hai3="21,16,92,86,73,30,50,7,9,88,5,11,129"/><U81/><E39/><V23/><F70/><W110/><G110/><T130/><D115/><U3/><E6/><V127/><F131/><W80/><G129/><T22/><D130/><U46/><E46/><V69/><F69/><W34/><G34/><T2/><D2/><U123/><E53/><N who="2" m="29839" /><F127/><W97/><G73/><T119/><D119/><U133/><E133/><V121/><F121/><W104/><G30/><T135/><D135/><U8/><E8/><N who="3" m="3146" /><G50/><T64/><D64/><U40/><E40/><V99/><F18/><W106/><G106/><T96/><D122/><U77/><E123/><V1/><F1/><N who="1" m="585" /><E118/><V113/><F113/><W47/><G47/><T37/><D103/><AGARI ba="0,0" hai="15,19,23,56,59,79,82,87,93,99,103" m="29839" machi="103" ten="30,1000,0" yaku="8,1" doraHai="66" who="2" fromWho="0" sc="239,-10,179,0,413,10,169,0" /><INIT seed="6,0,0,0,4,119" ten="229,179,423,169" oya="2" hai0="120,71,83,81,35,26,110,38,106,76,125,48,46" hai1="91,24,65,73,123,69,96,108,122,12,70,29,6" hai2="89,62,79,114,98,111,129,109,85,15,107,128,61" hai3="20,68,45,121,132,131,90,75,102,16,2,67,115"/><V0/><F0/><W95/><G121/><N who="1" m="46090" /><E108/><N who="2" m="41547" /><F15/><W133/><G2/><T22/><D71/><U33/><E73/><V58/><F114/><W52/><G75/><T51/><D106/><U135/><E135/><N who="3" m="51786" /><G102/><T80/><D125/><U127/><E127/><V103/><F79/><W124/><G124/><T126/><D126/><U77/><E77/><V9/><F9/><W23/><G131/><N who="2" m="50249" /><F58/><W3/><G3/><T56/><D35/><U43/><E70/><V66/><F66/><W42/><G115/><T18/><D120/><U31/><E65/><V39/><F39/><W25/><G23/><T94/><D110/><U50/><E69/><V32/><F32/><W8/><G8/><T47/><D38/><U60/><E33/><V13/><F13/><W118/><G118/><T54/><D56/><U78/><E12/><V21/><F21/><W100/><G67/><T55/><REACH who="0" step="1"/><D94/><AGARI ba="0,0" hai="61,62,85,89,94,98,103,107" m="50249,41547" machi="94" ten="30,2900,0" yaku="10,1,19,1" doraHai="119" who="2" fromWho="0" sc="229,-29,179,0,423,29,169,0" /><INIT seed="6,1,0,4,2,14" ten="200,179,452,169" oya="2" hai0="37,93,112,31,2,28,109,39,88,123,135,129,117" hai1="48,82,5,80,24,58,81,42,130,72,113,107,12" hai2="56,29,95,16,115,84,49,54,120,70,104,105,1" hai3="36,51,18,33,131,65,89,110,134,25,99,126,96"/><V63/><F1/><W103/><G110/><T53/><D123/><U85/><E107/><V101/><F29/><W97/><G36/><T22/><D109/><U0/><E72/><V32/><F32/><W73/><G73/><T46/><D2/><U7/><E113/><V83/><F120/><W10/><G126/><T116/><D112/><U8/><E130/><V23/><F115/><W52/><G131/><T30/><D129/><U86/><E0/><V118/><F118/><N who="0" m="45674" /><D135/><U17/><E24/><V38/><F38/><N who="0" m="14346" /><D46/><N who="1" m="25687" /><E58/><V4/><F4/><AGARI ba="1,0" hai="4,5,7,8,12,17,80,81,82,85,86" m="25687" machi="4" ten="30,2000,0" yaku="8,1,52,1" doraHai="14" who="1" fromWho="2" sc="200,0,179,23,452,-23,169,0" /><INIT seed="7,0,0,0,1,60" ten="200,202,429,169" oya="3" hai0="134,35,52,112,37,84,76,125,128,103,49,40,105" hai1="108,92,11,88,45,16,87,14,39,94,1,73,10" hai2="132,102,20,78,129,122,130,63,50,72,56,131,106" hai3="93,90,31,54,55,124,27,34,101,127,121,22,61"/><W91/><G121/><T123/><D35/><U113/><E108/><V4/><F132/><W89/><G34/><T119/><D123/><U8/><E73/><V21/><F122/><W5/><G5/><T25/><D119/><U116/><E113/><V51/><F4/><W59/><G101/><T32/><D112/><U118/><E94/><V74/><F102/><W48/><REACH who="3" step="1"/><G93/><REACH who="3" ten="200,202,429,159" step="2"/><T71/><D134/><U58/><E1/><V111/><F129/><W57/><AGARI ba="0,1" hai="22,27,31,48,54,55,57,59,61,89,90,91,124,127" machi="57" ten="30,6000,0" yaku="1,1,2,1,0,1,53,0" doraHai="60" doraHaiUra="95" who="3" fromWho="3" sc="200,-20,202,-20,429,-20,159,70" /><INIT seed="7,1,0,0,0,119" ten="180,182,409,229" oya="3" hai0="88,22,17,74,40,120,133,51,33,24,129,134,123" hai1="15,83,38,86,99,49,118,34,18,64,72,30,19" hai2="16,102,117,59,60,75,104,6,14,11,80,126,130" hai3="9,71,73,96,87,32,67,4,90,29,107,27,42"/><W45/><G73/><T135/><D74/><U78/><E38/><V50/><F117/><W125/><G125/><T128/><D40/><U66/><E118/><V121/><F121/><N who="0" m="46666" /><D51/><U98/><E72/><V108/><F108/><W1/><G107/><T124/><D88/><U28/><E34/><V92/><F130/><N who="0" m="50282" /><D124/><U65/><E49/><V47/><F104/><W23/><G96/><N who="1" m="36906" /><E19/><V31/><F80/><W68/><G67/><T44/><D44/><U81/><E81/><V69/><F69/><W110/><G110/><T57/><D57/><U109/><E109/><V13/><F126/><W43/><G43/><T85/><D85/><U5/><E5/><V10/><F92/><W94/><G32/><AGARI ba="1,0" hai="17,22,24,32,33,133,134,135" m="50282,46666" machi="32" ten="40,12000,2" yaku="20,1,19,1,34,2,52,3" doraHai="119" who="0" fromWho="3" sc="180,123,182,0,409,0,229,-123" owari="303,10.0,182,-22.0,409,51.0,106,-39.0" /></mjloggm>