<mjloggm ver="2.3"><GO type="41" lobby="0"/><UN n0="%4D%61%74%59%75" n1="%E2%93%9D%53%75%70%68%78" n2="%50%61%6C%69%6F%74%6F%6C" n3="%E7%8E%8B%E7%89%8C%E5%BC%B7%E3%80%8C%E4%BB%AE%E3%80%8D" dan="15,17,14,14" rate="2021.74,2044.39,1952.22,1942.73" sx="M,M,M,M"/><TAIKYOKU oya="0"/><INIT seed="0,0,0,4,3,50" ten="250,250,250,250" oya="0" hai0="82,131,53,61,98,102,6,120,111,12,45,81,21" hai1="7,80,103,113,134,64,127,90,48,65,112,15,88" hai2="28,93,84,126,43,101,114,41,73,129,32,121,87" hai3="86,2,115,5,42,0,74,35,66,68,125,119,54"/><T100/><D120/><U34/><E34/><V128/><F114/><N who="1" m="44137" /><E103/><V69/><F69/><W62/><G119/><T8/><D131/><U63/><E134/><V1/><F1/><W14/><G74/><T46/><D46/><U97/><E127/><V51/><F51/><W83/><G42/><T75/><D75/><U24/><E24/><V89/><F73/><W17/><G35/><T130/><D130/><U26/><E26/><V124/><F32/><W20/><G125/><T49/><D111/><U52/><E97/><V30/><F93/><W4/><G4/><T55/><D21/><U135/><E80/><N who="0" m="30825" /><D98/><U99/><E135/><V106/><F101/><W71/><G71/><T22/><D22/><U33/><E33/><V108/><F108/><W27/><G2/><T13/><D12/><U117/><E99/><V122/><F89/><N who="1" m="34409" /><E63/><V47/><F47/><W94/><G115/><T79/><D79/><U59/><E117/><V25/><F25/><W77/><G0/><T10/><D8/><AGARI ba="0,0" hai="7,8,15,48,52,59,64,65" m="34409,44137" machi="8" ten="30,7700,0" yaku="11,1,52,1,54,2" doraHai="50" who="1" fromWho="0" sc="250,-77,250,77,250,0,250,0" /><INIT seed="1,0,0,3,4,52" ten="173,327,250,250" oya="1" hai0="93,84,36,58,121,40,51,101,99,54,104,98,22" hai1="100,49,78,45,16,10,60,18,57,102,0,4,91" hai2="116,47,119,41,133,25,67,70,111,2,90,126,132" hai3="76,113,21,82,56,26,120,79,81,127,117,95,50"/><U75/><E75/><V33/><F2/><W69/><G120/><T29/><D121/><U89/><E78/><V17/><F90/><W53/><G113/><T61/><D36/><U55/><E91/><V131/><F33/><W96/><G69/><T80/><D40/><U112/><E112/><V39/><F25/><W62/><G127/><T83/><D84/><U130/><E130/><V38/><F131/><W5/><G5/><T66/><D99/><U65/><REACH who="1" step="1"/><E89/><REACH who="1" ten="173,317,250,250" step="2"/><V115/><F115/><W125/><G79/><T28/><D104/><U97/><E97/><V92/><F92/><W44/><G76/><T23/><D83/><U6/><E6/><V12/><F126/><W42/><G125/><T8/><D80/><U77/><E77/><V86/><F86/><W31/><REACH who="3" step="1"/><G117/><REACH who="3" ten="173,317,250,240" step="2"/><T1/><D1/><U68/><E68/><V13/><F119/><W124/><G124/><T128/><D128/><U32/><E32/><V108/><F116/><W63/><G63/><T106/><D106/><U107/><E107/><V129/><F129/><W35/><G35/><T37/><D61/><U94/><E94/><V114/><F114/><W3/><G3/><T34/><D93/><U20/><E20/><V59/><F70/><W27/><G27/><T105/><D34/><U24/><E24/><V87/><F87/><W30/><G30/><N who="0" m="11883" /><D8/><U7/><E7/><V134/><F17/><AGARI ba="0,2" hai="0,4,10,16,17,18,45,49,55,57,60,65,100,102" machi="17" ten="40,7700,0" yaku="1,1,52,1,54,1,53,0" doraHai="52" doraHaiUra="135" who="1" fromWho="2" sc="173,0,317,97,250,-77,240,0" /><INIT seed="1,1,0,5,1,22" ten="173,414,173,240" oya="1" hai0="56,31,75,109,86,78,33,8,29,35,43,132,115" hai1="131,83,61,71,120,62,28,47,15,27,66,24,88" hai2="87,123,70,34,39,108,80,46,92,30,64,67,100" hai3="7,125,53,58,60,82,69,19,10,40,101,21,44"/><U118/><E118/><V107/><F123/><W126/><G101/><T89/><D109/><U59/><E120/><V42/><F108/><W85/><G69/><T26/><D115/><U127/><E131/><V124/><F124/><W45/><G40/><T111/><D111/><U97/><E127/><V6/><F6/><W18/><G126/><T93/><D132/><U134/><E134/><V1/><F1/><W72/><G72/><T63/><D43/><U104/><E47/><V49/><F107/><W130/><G130/><T57/><D8/><U105/><E15/><V102/><F70/><W95/><G19/><T103/><D103/><U74/><E28/><V32/><F32/><W122/><G125/><T17/><D17/><U25/><E74/><V73/><F73/><W14/><G95/><T117/><D117/><U38/><E38/><V48/><F102/><W55/><G55/><T4/><D4/><U9/><E9/><V110/><F110/><W84/><G84/><T20/><D57/><U65/><REACH who="1" step="1"/><E97/><REACH who="1" ten="173,404,173,240" step="2"/><V11/><F11/><W41/><G122/><T2/><D2/><U76/><E76/><V50/><F30/><W94/><G41/><T52/><REACH who="0" step="1"/><D31/><REACH who="0" ten="163,404,173,240" step="2"/><U114/><E114/><V128/><F128/><W98/><G10/><T119/><D119/><U36/><E36/><V106/><F39/><W133/><G7/><T116/><D116/><U121/><E121/><V79/><F46/><W112/><G112/><T16/><D16/><U37/><E37/><V96/><F106/><W90/><G133/><T129/><D129/><U12/><E12/><V135/><F135/><RYUUKYOKU ba="1,2" sc="163,10,404,10,173,-30,240,10" hai0="20,26,29,33,35,52,56,63,75,78,86,89,93" hai1="24,25,27,59,61,62,65,66,71,83,88,104,105" hai3="14,18,21,44,45,53,58,60,82,85,90,94,98" /><INIT seed="1,2,2,2,5,118" ten="173,414,143,250" oya="1" hai0="107,28,10,126,90,43,0,78,65,100,129,15,57" hai1="89,21,44,101,59,104,64,1,46,96,70,123,68" hai2="125,61,25,132,77,47,3,40,62,60,42,133,135" hai3="32,110,7,69,130,76,48,74,92,93,103,17,79"/><U81/><E123/><V12/><F3/><W67/><G32/><T111/><D78/><U94/><E1/><V127/><F25/><W29/><G7/><T20/><D90/><U122/><E122/><V117/><F12/><W39/><G29/><T50/><D65/><U87/><E70/><V23/><F23/><W4/><G4/><T80/><D80/><U97/><E68/><V30/><F30/><W108/><G17/><T5/><D43/><U66/><E21/><V121/><F77/><W54/><G39/><T91/><D91/><U8/><E8/><V85/><F85/><W19/><G19/><T58/><D100/><U131/><E131/><V86/><F86/><W2/><G67/><T13/><D28/><U98/><E66/><V16/><F16/><W51/><G74/><T113/><D20/><U115/><E115/><V63/><F117/><W55/><G69/><T27/><D27/><U49/><E104/><V82/><F82/><W56/><G2/><T84/><D10/><U124/><E124/><N who="2" m="47691" /><F121/><W22/><G22/><T45/><D5/><U120/><E120/><V128/><F128/><W95/><G103/><T116/><D129/><U73/><E73/><V11/><F11/><W109/><G130/><T72/><D126/><U105/><E105/><V106/><F106/><W34/><G34/><T9/><D107/><U88/><E101/><V71/><F47/><AGARI ba="2,2" hai="47,48,51,54,55,56,76,79,92,93,95,108,109,110" machi="47" ten="50,1600,0" yaku="14,1" doraHai="118" who="3" fromWho="2" sc="173,0,414,0,143,-22,250,42" /><INIT seed="2,0,0,4,3,4" ten="173,414,121,292" oya="2" hai0="95,71,121,47,110,44,99,55,113,131,86,45,38" hai1="19,6,98,107,108,11,3,53,120,73,27,85,68" hai2="117,133,42,62,83,15,82,91,8,101,61,69,10" hai3="13,23,111,58,57,66,43,106,9,25,5,97,56"/><V124/><F117/><W31/><G111/><T33/><D113/><U48/><E73/><V52/><F133/><W28/><G43/><T30/><D121/><U41/><E68/><V126/><F101/><W35/><G106/><T65/><D131/><U80/><E41/><V32/><F32/><W92/><G31/><T46/><D110/><U29/><E19/><V123/><F123/><W16/><G66/><T118/><D118/><U104/><E98/><V51/><F42/><W77/><G77/><T18/><D86/><U116/><E120/><V1/><F69/><W87/><G87/><T103/><D38/><U84/><E84/><V36/><F36/><W115/><G115/><T63/><D18/><U130/><E130/><V70/><F70/><W94/><REACH who="3" step="1"/><G97/><REACH who="3" ten="173,414,121,282" step="2"/><T60/><D65/><U50/><E107/><V0/><F91/><W79/><G79/><T37/><D37/><U112/><E104/><V76/><F76/><W100/><G100/><T81/><D103/><U49/><E108/><V78/><F78/><W134/><G134/><T24/><D30/><U122/><E112/><V89/><F89/><W17/><G17/><T54/><D54/><U135/><E135/><V119/><F119/><W26/><AGARI ba="0,1" hai="5,9,13,16,23,25,26,28,35,56,57,58,92,94" machi="26" ten="30,8000,1" yaku="1,1,0,1,52,1,54,1,53,1" doraHai="4" doraHaiUra="12" who="3" fromWho="3" sc="173,-20,414,-20,121,-40,282,90" /><INIT seed="3,0,0,4,5,99" ten="153,394,81,372" oya="3" hai0="128,80,106,45,27,67,37,88,98,96,118,129,115" hai1="132,30,65,2,50,25,48,16,21,76,68,121,41" hai2="63,10,7,95,124,29,92,55,78,9,113,81,42" hai3="8,43,110,44,32,91,75,101,127,34,52,4,11"/><W40/><G75/><T35/><D118/><U93/><E2/><V109/><F113/><W19/><G127/><T133/><D67/><U1/><E1/><V97/><F124/><W72/><G72/><T79/><D37/><U108/><E108/><V54/><F42/><W85/><G110/><T28/><D133/><U94/><E121/><V59/><F109/><W3/><G101/><N who="0" m="62759" /><D45/><U125/><E76/><V111/><F111/><W24/><G34/><T107/><D27/><U49/><E132/><V15/><F29/><W39/><G32/><T0/><D28/><U31/><E125/><V73/><F10/><W64/><G64/><T116/><D0/><U77/><E77/><V83/><F83/><W47/><G24/><T117/><D35/><U90/><E94/><V120/><F120/><W22/><G22/><T56/><D56/><U84/><REACH who="1" step="1"/><E41/><REACH who="1" ten="153,384,81,372" step="2"/><V134/><F134/><W13/><G43/><T33/><D115/><U74/><E74/><V112/><F112/><W14/><G3/><T51/><D33/><U66/><E66/><V58/><REACH who="2" step="1"/><F97/><REACH who="2" ten="153,384,71,372" step="2"/><W119/><G40/><T69/><D98/><U135/><E135/><V61/><AGARI ba="0,2" hai="7,9,15,54,55,58,59,61,63,73,78,81,92,95" machi="61" ten="20,8000,1" yaku="1,1,2,1,0,1,7,1,9,1,53,0" doraHai="99" doraHaiUra="130" who="2" fromWho="2" sc="153,-20,384,-20,71,100,372,-40" /><INIT seed="4,0,0,2,0,81" ten="133,364,171,332" oya="0" hai0="23,76,14,31,68,42,111,118,49,78,24,85,48" hai1="50,90,130,65,120,21,56,1,20,58,22,101,104" hai2="108,10,30,43,103,117,79,96,46,124,5,16,55" hai3="112,94,83,8,87,71,84,53,62,131,126,98,7"/><T2/><D118/><U100/><E1/><V72/><F108/><W34/><G34/><T38/><D2/><U0/><E0/><V4/><F117/><W119/><G112/><T35/><D68/><U127/><E127/><V41/><F30/><W106/><G119/><T3/><D3/><U60/><E130/><V15/><F124/><W75/><G126/><T129/><D129/><U105/><E120/><V93/><F79/><W19/><G19/><T47/><D111/><U99/><E90/><V29/><F29/><W135/><G135/><T39/><D78/><U70/><E50/><V89/><F72/><W109/><G106/><T25/><D14/><U134/><E134/><V9/><F103/><W44/><G44/><T57/><D57/><U40/><REACH who="1" step="1"/><E40/><REACH who="1" ten="133,354,171,332" step="2"/><N who="2" m="15435" /><F9/><W13/><G131/><T115/><D115/><U45/><E45/><V107/><F107/><W125/><G125/><T86/><D48/><AGARI ba="0,1" hai="4,5,10,15,16,46,48,55,89,93,96" m="15435" machi="48" ten="30,2000,0" yaku="8,1,54,1" doraHai="81" who="2" fromWho="0" sc="133,-20,354,0,171,30,332,0" /><INIT seed="5,0,0,5,0,119" ten="113,354,201,332" oya="1" hai0="26,105,29,128,94,118,123,96,50,39,33,41,52" hai1="21,8,1,59,70,58,55,63,125,134,51,68,79" hai2="73,76,13,132,108,38,60,30,32,101,9,113,93" hai3="116,65,86,71,92,74,98,95,23,6,61,103,87"/><U82/><E134/><V47/><F108/><W18/><G6/><T16/><D118/><U62/><E21/><V45/><F132/><W54/><G74/><T57/><D105/><U78/><E82/><V97/><F30/><W77/><G116/><T69/><D69/><U17/><E125/><V126/><F32/><W129/><G129/><T37/><D128/><U84/><E84/><V83/><F126/><W106/><G54/><T75/><D75/><U135/><E1/><V112/><F60/><W121/><G121/><T40/><D39/><U99/><E99/><V122/><F38/><W110/><G110/><T127/><D127/><U66/><E135/><V25/><F25/><W130/><G130/><T53/><D37/><U3/><E3/><V90/><F101/><W15/><G77/><T22/><D123/><U19/><E8/><V124/><F122/><W67/><G67/><T120/><D120/><U48/><REACH who="1" step="1"/><E55/><REACH who="1" ten="113,344,201,332" step="2"/><V72/><F124/><W111/><G111/><T88/><REACH who="0" step="1"/><D53/><REACH who="0" ten="103,344,201,332" step="2"/><U14/><E14/><AGARI ba="0,2" hai="14,16,22,26,29,33,40,41,50,52,57,88,94,96" machi="14" ten="30,12000,2" yaku="1,1,2,1,7,1,54,3,53,1" doraHai="119" doraHaiUra="85" who="0" fromWho="1" sc="103,140,344,-120,201,0,332,0" /><INIT seed="6,0,0,4,4,17" ten="243,224,201,332" oya="2" hai0="85,135,72,119,13,127,40,71,34,128,98,10,36" hai1="75,132,0,115,124,48,53,54,22,39,35,111,60" hai2="89,109,50,129,2,58,52,83,8,113,1,3,133" hai3="63,30,105,26,7,14,116,96,11,61,56,112,93"/><V84/><F113/><W125/><G116/><T23/><D40/><U126/><E35/><V92/><F129/><W6/><G125/><N who="1" m="48234" /><E0/><V16/><F133/><W28/><G105/><T18/><D72/><U104/><E104/><V106/><F106/><W94/><G112/><T59/><D119/><U42/><E75/><V88/><F109/><W49/><G7/><T102/><D71/><U81/><E81/><V76/><REACH who="2" step="1"/><F92/><REACH who="2" ten="243,224,191,332" step="2"/><W107/><G94/><N who="0" m="58711" /><D127/><U24/><E111/><V64/><F64/><W68/><G107/><T44/><D128/><U37/><E132/><V45/><F45/><W4/><G93/><T121/><D44/><N who="1" m="27783" /><E115/><V97/><F97/><W134/><G96/><T122/><D135/><U80/><E80/><V118/><F118/><W38/><G134/><T90/><D122/><U78/><E78/><V12/><AGARI ba="0,1" hai="1,2,3,8,12,16,50,52,58,76,83,84,88,89" machi="12" ten="40,12000,1" yaku="1,1,0,1,54,3,53,0" doraHai="17" doraHaiUra="131" who="2" fromWho="2" sc="243,-40,224,-40,191,130,332,-40" /><INIT seed="6,1,0,5,0,22" ten="203,184,321,292" oya="2" hai0="46,107,59,35,57,63,124,111,45,79,0,13,127" hai1="29,106,99,19,54,121,50,108,101,77,36,95,61" hai2="93,20,5,104,26,117,49,33,128,119,14,113,126" hai3="116,71,6,84,64,24,102,98,125,76,27,73,37"/><V56/><F104/><W75/><G116/><T78/><D0/><U21/><E108/><V114/><F33/><W34/><G37/><T9/><D107/><U52/><E36/><V1/><F1/><W58/><G71/><T3/><D3/><U134/><E134/><V39/><F39/><W10/><G75/><T115/><D111/><U69/><E121/><V47/><F56/><W48/><G73/><T55/><D115/><N who="2" m="44042" /><F128/><W81/><G34/><T7/><D35/><U32/><E77/><V25/><F93/><N who="3" m="58703" /><G125/><T96/><D127/><U94/><E29/><V87/><F87/><W23/><G23/><T123/><D123/><U16/><E32/><V15/><F126/><W44/><G64/><T67/><D124/><U31/><E106/><V42/><F5/><W118/><G58/><T109/><D109/><U68/><E68/><V122/><F122/><W65/><G65/><T8/><D67/><U89/><E69/><V103/><F103/><W17/><G17/><N who="1" m="6730" /><E61/><V112/><F112/><W18/><G18/><T83/><D63/><U2/><E2/><V88/><F88/><W130/><G130/><T86/><D7/><U120/><E120/><V11/><F11/><W62/><G62/><T30/><D9/><U91/><E101/><V129/><F129/><W90/><G118/><N who="2" m="45065" /><F20/><W80/><G81/><T28/><D83/><U66/><E66/><V4/><F4/><W51/><G76/><T105/><D79/><U82/><E82/><V85/><F85/><W72/><G72/><T135/><D78/><U43/><E21/><V110/><F110/><W132/><G84/><RYUUKYOKU ba="1,0" sc="203,-10,184,-10,321,30,292,-10" hai2="14,15,25,26,42,47,49" /><INIT seed="6,2,0,0,0,27" ten="193,174,351,282" oya="2" hai0="100,117,120,54,112,34,97,131,125,133,24,84,17" hai1="124,59,45,50,38,98,105,72,30,86,73,94,44" hai2="7,31,29,14,90,83,57,61,121,79,9,35,52" hai3="95,12,102,37,77,69,104,75,89,13,56,134,5"/><V78/><F121/><W0/><G69/><T76/><D120/><U109/><E109/><V58/><F35/><W66/><G134/><T119/><D133/><U16/><E105/><V129/><F129/><W47/><G66/><T60/><D131/><U81/><E124/><V55/><F90/><W19/><G56/><T40/><D40/><U96/><E38/><V88/><F88/><W111/><G111/><T92/><D125/><U21/><E73/><V99/><F99/><N who="1" m="37929" /><E94/><V1/><F1/><W101/><G19/><T8/><D112/><U85/><E72/><V113/><F113/><W91/><G75/><T51/><D117/><U115/><E30/><N who="2" m="11275" /><F83/><W25/><G77/><T22/><D119/><U20/><E20/><V10/><F9/><W23/><G0/><T107/><D8/><U132/><E132/><V122/><F122/><W49/><G37/><T118/><D118/><U15/><E115/><V123/><F123/><W41/><G91/><T114/><D114/><U11/><E11/><V63/><AGARI ba="2,0" hai="7,10,14,52,55,57,58,61,63,78,79" m="11275" machi="63" ten="30,12000,1" yaku="8,1,52,3,54,1" doraHai="27" who="2" fromWho="2" sc="193,-42,174,-42,351,126,282,-42" /><INIT seed="6,3,0,4,1,64" ten="151,132,477,240" oya="2" hai0="115,87,0,118,131,21,24,38,54,121,26,86,6" hai1="10,81,12,41,70,102,83,52,34,42,40,25,5" hai2="61,4,29,82,53,48,101,37,88,65,122,104,135" hai3="103,73,31,106,91,16,39,126,80,100,75,110,7"/><V130/><F122/><W43/><G31/><T134/><D121/><U50/><E70/><V77/><F37/><W45/><G110/><T68/><D38/><U3/><E3/><V44/><F135/><W112/><G126/><T66/><D115/><U123/><E123/><V129/><F4/><W27/><G91/><T23/><D131/><U30/><REACH who="1" step="1"/><E102/><REACH who="1" ten="151,122,477,240" step="2"/><V79/><F101/><W33/><G103/><T14/><D134/><U93/><E93/><V116/><F104/><W56/><G100/><T11/><D118/><U51/><E51/><V57/><F116/><W78/><G106/><T132/><D132/><U107/><E107/><V20/><F130/><W119/><G119/><T109/><D109/><U58/><AGARI ba="3,1" hai="5,10,12,25,30,34,40,41,42,50,52,58,81,83" machi="58" ten="30,7900,0" yaku="1,1,0,1,54,1,53,1" doraHai="64" doraHaiUra="22" who="1" fromWho="1" sc="151,-23,122,98,477,-42,240,-23" /><INIT seed="7,0,0,5,3,65" ten="128,220,435,217" oya="3" hai0="3,107,115,109,15,38,37,76,47,36,110,100,98" hai1="4,91,14,101,23,33,55,44,79,128,112,134,105" hai2="130,40,124,103,12,132,27,73,77,11,131,80,129" hai3="63,57,34,48,122,54,95,10,119,49,123,21,111"/><W117/><G34/><T60/><D76/><U29/><E112/><V121/><F40/><W50/><G111/><T106/><D47/><U61/><E128/><V1/><F1/><W20/><G119/><T104/><D15/><U66/><E134/><V74/><F103/><W30/><G117/><T116/><D116/><U68/><E91/><V19/><F121/><W13/><G123/><T2/><D98/><U114/><E79/><V135/><F27/><W24/><G122/><T133/><D100/><U28/><E114/><V102/><F102/><W99/><G21/><T8/><D8/><U22/><E55/><V127/><F73/><W45/><G99/><T86/><D86/><U97/><E44/><V5/><F5/><W31/><G31/><T75/><D115/><U83/><E83/><V88/><F88/><W92/><REACH who="3" step="1"/><G45/><REACH who="3" ten="128,220,435,207" step="2"/><T35/><D133/><AGARI ba="0,1" hai="11,12,19,74,77,80,124,127,129,130,131,132,133,135" machi="133" ten="50,8000,1" yaku="30,2,19,1,20,1" doraHai="65" who="2" fromWho="0" sc="128,-80,220,0,435,90,207,0" owari="48,-45.0,220,2.0,525,62.0,207,-19.0" /></mjloggm>