<mjloggm ver="2.3"><GO type="41" lobby="0"/><UN n0="%41%75%73%74%75%72%38" n1="%E2%93%9D%53%75%70%68%78" n2="%41%70%73%61%72%61" n3="%6A%79%75%64%6F%6C%6F%77" dan="14,17,14,13" rate="1921.83,2003.43,2056.58,1868.83" sx="M,M,M,M"/><TAIKYOKU oya="0"/><INIT seed="0,0,0,0,5,128" ten="250,250,250,250" oya="0" hai0="132,107,115,48,45,59,61,124,10,69,62,77,19" hai1="101,104,116,7,46,47,57,54,64,86,11,17,134" hai2="75,113,15,33,65,95,126,103,88,5,60,71,70" hai3="8,27,23,31,83,53,117,36,108,3,22,127,67"/><T16/><D115/><U123/><E116/><V20/><F113/><W40/><G108/><T1/><D107/><U80/><E123/><V85/><F126/><W96/><G117/><T131/><D131/><U12/><E64/><V51/><F33/><W87/><G67/><T98/><D124/><U41/><E104/><V66/><F75/><W38/><G127/><T120/><D120/><U25/><E101/><V94/><F51/><W13/><G3/><T29/><D98/><U21/><E134/><V44/><F44/><W82/><G23/><T49/><D132/><U26/><E26/><V24/><F66/><W112/><G112/><T63/><D69/><U55/><E57/><V58/><F5/><W0/><G0/><T35/><D48/><U92/><E92/><V42/><F42/><W111/><G111/><T89/><D77/><U56/><E56/><V78/><F15/><W34/><G96/><T37/><D37/><U9/><E9/><V73/><F73/><W6/><G53/><N who="1" m="19978" /><E41/><V32/><F32/><W109/><G109/><T28/><D59/><U52/><N who="1" m="19986" /><U97/><DORA hai="105" /><E97/><N who="2" m="59839" /><F78/><AGARI ba="0,0" hai="7,11,12,17,21,25,46,47,78,80,86" m="19986" machi="78" ten="30,2000,0" yaku="8,1,54,1" doraHai="128,105" who="1" fromWho="2" sc="250,0,250,20,250,-20,250,0" /><INIT seed="1,0,0,3,3,58" ten="250,270,230,250" oya="1" hai0="104,11,74,53,12,17,134,5,120,14,86,64,91" hai1="108,34,97,88,111,44,33,70,123,60,77,24,61" hai2="133,112,66,98,29,10,131,41,49,48,51,3,80" hai3="122,55,43,130,127,117,4,6,107,93,114,40,25"/><U18/><E123/><V47/><F133/><W121/><G107/><T2/><D134/><U22/><E77/><V57/><F131/><W13/><G114/><T19/><D74/><U95/><E44/><V103/><F29/><W125/><G25/><T82/><D104/><U27/><E70/><V8/><F112/><W92/><G13/><T0/><D5/><N who="3" m="2153" /><G55/><T113/><D113/><U7/><E7/><V15/><F3/><W56/><G56/><T38/><D38/><U132/><E132/><V30/><F80/><W85/><G85/><T39/><D39/><U20/><E34/><V89/><F89/><W128/><G93/><T46/><D64/><U62/><E33/><V124/><F30/><W67/><G67/><T109/><D109/><N who="1" m="42059" /><E22/><V87/><F87/><W94/><G94/><T105/><D105/><U65/><E65/><V76/><F76/><W90/><G92/><T119/><D119/><U54/><E27/><V78/><F78/><W26/><G90/><T129/><D129/><N who="3" m="49769" /><G26/><T1/><D120/><N who="3" m="46185" /><G117/><T32/><D0/><U28/><E28/><V106/><F10/><W59/><G59/><AGARI ba="0,0" hai="18,20,24,54,59,60,61,62,88,95,97" m="42059" machi="59" ten="30,18000,2" yaku="25,1,14,1,10,1,52,3,54,1" doraHai="58" who="1" fromWho="3" sc="250,0,270,180,230,0,250,-180" /><INIT seed="1,1,0,1,5,107" ten="250,450,230,70" oya="1" hai0="9,111,80,58,17,31,130,89,28,13,128,105,59" hai1="47,43,96,134,93,30,99,2,52,20,117,76,0" hai2="108,86,62,65,90,101,92,66,100,15,129,51,126" hai3="119,32,8,127,84,79,10,73,42,131,33,103,88"/><U1/><E117/><V57/><F108/><W63/><G119/><T49/><D111/><U70/><E70/><V16/><F129/><N who="0" m="49770" /><D105/><U118/><E134/><V39/><F39/><W106/><G131/><T115/><D115/><U12/><E99/><V19/><F126/><W97/><G127/><T68/><D68/><U4/><E76/><V121/><F121/><W56/><G42/><T50/><D50/><U72/><E72/><V64/><F19/><W5/><G63/><T25/><D49/><U135/><E135/><V3/><F3/><W120/><G56/><N who="0" m="21547" /><D25/><U123/><E123/><V114/><F114/><W44/><G44/><T91/><D91/><U87/><E47/><V75/><F75/><W27/><G27/><T41/><D41/><U81/><E43/><V113/><F113/><W85/><G85/><AGARI ba="1,0" hai="9,13,17,28,31,80,85,89" m="21547,49770" machi="85" ten="30,1000,0" yaku="19,1" doraHai="107" who="0" fromWho="3" sc="250,13,450,0,230,0,70,-13" /><INIT seed="2,0,0,1,5,126" ten="263,450,230,57" oya="2" hai0="10,112,128,65,79,38,20,27,47,61,119,99,133" hai1="56,105,5,74,42,83,115,71,114,85,14,118,104" hai2="73,97,28,72,91,63,67,70,124,9,55,52,127" hai3="111,19,110,58,122,60,15,23,75,31,1,6,32"/><V45/><F28/><W57/><G75/><T81/><D112/><U96/><E118/><V41/><F9/><W66/><G122/><T90/><D119/><U37/><E71/><V131/><F97/><W78/><G78/><T113/><D113/><U39/><E42/><V36/><F91/><W3/><G58/><T12/><D133/><U53/><E39/><V77/><F72/><W0/><G32/><T4/><D47/><U40/><E105/><V21/><F21/><W87/><G31/><T76/><D38/><U107/><E107/><V11/><F11/><W51/><G87/><T33/><D128/><U132/><E40/><V30/><F30/><W103/><G103/><T88/><D33/><U68/><E68/><V135/><F77/><W116/><G51/><T50/><D50/><U134/><E104/><V59/><F73/><W49/><G49/><T130/><D130/><U54/><E115/><V94/><F94/><W123/><G123/><T22/><D99/><U24/><E114/><V120/><F120/><W84/><G84/><T102/><D102/><U29/><E37/><V92/><F92/><W34/><G116/><T117/><D117/><U101/><E74/><V18/><F18/><W43/><G43/><T64/><D64/><U109/><E29/><V26/><F26/><N who="3" m="14719" /><G34/><T2/><D2/><U125/><E85/><V46/><F135/><W69/><G69/><N who="0" m="42159" /><D22/><U129/><E134/><V106/><F106/><W121/><G121/><T7/><D7/><U13/><E132/><V8/><F131/><W44/><G44/><N who="2" m="17001" /><F8/><N who="3" m="4503" /><G0/><T82/><D10/><U80/><E129/><RYUUKYOKU ba="0,0" sc="263,-10,450,-10,230,-10,57,30" hai3="1,3,57,60,66,110,111" /><INIT seed="3,1,0,5,1,69" ten="253,440,220,87" oya="3" hai0="39,10,104,44,116,54,33,1,131,49,58,135,55" hai1="64,27,107,101,98,24,78,125,126,72,92,133,119" hai2="88,99,56,82,67,113,31,102,127,3,63,4,129" hai3="37,73,22,40,122,61,52,26,118,9,103,23,124"/><W8/><G122/><T53/><D33/><U18/><E133/><V47/><F113/><W83/><G118/><T30/><D30/><U93/><E64/><V130/><F127/><N who="1" m="48649" /><E119/><V19/><F31/><W114/><G124/><T134/><D104/><U51/><E51/><V70/><F70/><W21/><G114/><T87/><D116/><U111/><E111/><V80/><F19/><W117/><G117/><T91/><D131/><N who="2" m="50186" /><F4/><W50/><G26/><N who="1" m="9770" /><E18/><V90/><F3/><W41/><G61/><T75/><D75/><U123/><E123/><V0/><F0/><W89/><G103/><T85/><D85/><U105/><E93/><N who="2" m="58735" /><F47/><W97/><G97/><T79/><D79/><U94/><E94/><V96/><F96/><W5/><G5/><T7/><D58/><U57/><E57/><V120/><F120/><W115/><G115/><T35/><D35/><U112/><E112/><V95/><F95/><W48/><G89/><AGARI ba="1,0" hai="56,63,67,80,82,88,89,90" m="58735,50186" machi="89" ten="30,2000,0" yaku="19,1,54,1" doraHai="69" who="2" fromWho="3" sc="253,0,440,0,220,23,87,-23" /><INIT seed="4,0,0,4,0,75" ten="253,440,243,64" oya="0" hai0="45,30,125,91,66,22,21,101,10,93,99,129,24" hai1="57,117,80,84,23,106,64,130,65,13,135,132,43" hai2="67,81,119,32,58,38,114,35,131,44,33,103,112" hai3="134,85,62,74,4,37,18,56,26,111,63,86,76"/><T121/><D121/><U0/><E130/><V46/><F119/><W70/><G37/><T71/><D129/><U20/><E0/><V113/><F131/><W82/><G111/><T16/><D125/><U104/><E43/><V98/><F81/><W73/><G134/><N who="1" m="51242" /><E57/><V8/><F8/><W124/><G124/><T61/><D45/><U31/><E31/><V79/><F38/><W49/><G49/><T100/><REACH who="0" step="1"/><D10/><REACH who="0" ten="243,440,243,64" step="2"/><U3/><E117/><V28/><F46/><W54/><G4/><T120/><D120/><U77/><E3/><V41/><F44/><W2/><G2/><T11/><D11/><U88/><E106/><V50/><F41/><W40/><G40/><T92/><D92/><U9/><E104/><V39/><F39/><W19/><G19/><T94/><D94/><U83/><E9/><V34/><F28/><W42/><G42/><T90/><D90/><U95/><E95/><V68/><F33/><W1/><G1/><T89/><D89/><U60/><E88/><V133/><F34/><W6/><G6/><T107/><D107/><U48/><E23/><V118/><F32/><W59/><G18/><T36/><D36/><U96/><E20/><V5/><F35/><W25/><G25/><AGARI ba="0,1" hai="16,21,22,24,25,30,61,66,71,91,93,99,100,101" machi="25" ten="30,5800,0" yaku="1,1,7,1,54,1,53,0" doraHai="75" doraHaiUra="51" who="0" fromWho="3" sc="243,68,440,0,243,0,64,-58" /><INIT seed="4,1,0,4,0,106" ten="311,440,243,6" oya="0" hai0="98,104,103,65,123,70,120,62,71,27,107,118,121" hai1="4,125,22,35,61,43,50,25,54,111,109,68,66" hai2="51,45,99,15,69,16,114,21,13,110,11,101,18" hai3="24,6,41,89,132,38,129,79,75,100,91,40,44"/><T56/><D118/><U49/><E35/><V80/><F114/><W131/><G41/><T119/><D119/><U64/><E4/><V32/><F32/><W48/><G38/><T58/><D107/><U9/><E9/><V82/><F69/><W10/><G100/><T95/><D104/><U86/><E86/><V105/><REACH who="2" step="1"/><F110/><REACH who="2" ten="311,440,233,6" step="2"/><W124/><G124/><T7/><D70/><U20/><E125/><V83/><F83/><N who="3" m="45567" /><G24/><T36/><D36/><U97/><E25/><V46/><F46/><W30/><G30/><T47/><D47/><U67/><E111/><V34/><F34/><W33/><G33/><T29/><D7/><U63/><E109/><V77/><F77/><W81/><G132/><T1/><D1/><U87/><E68/><V85/><F85/><W135/><G135/><T72/><D72/><U17/><E87/><V53/><AGARI ba="1,1" hai="11,13,15,16,18,21,45,51,53,80,82,99,101,105" machi="53" ten="20,5200,0" yaku="1,1,0,1,7,1,54,1,53,0" doraHai="106" doraHaiUra="116" who="2" fromWho="2" sc="311,-27,440,-14,233,65,6,-14" owari="284,-12.0,426,53.0,298,10.0,-8,-51.0" /></mjloggm>