<mjloggm ver="2.3"><GO type="41" lobby="0"/><UN n0="%E3%81%97%E3%82%87%E3%81%86%E3%81%8F%E3%82%93" n1="%E2%93%9D%53%75%70%68%78" n2="%6B%75%72%69%62%6F%6F" n3="%E3%83%87%E3%82%A3%E3%83%B3%E3%82%B4%E3%83%80%E3%82%A4%E3%83%AB" dan="13,18,13,15" rate="1903.28,2138.71,1889.03,1958.06" sx="M,M,M,M"/><TAIKYOKU oya="0"/><INIT seed="0,0,0,1,1,115" ten="250,250,250,250" oya="0" hai0="105,79,15,102,74,99,0,98,46,24,8,123,64" hai1="38,54,53,80,70,45,55,117,111,101,20,116,84" hai2="5,106,16,93,75,100,125,3,120,1,97,63,104" hai3="133,121,10,58,4,107,76,36,135,126,52,7,31"/><T67/><D123/><U42/><E101/><V14/><F120/><W62/><G36/><T13/><D0/><U113/><E113/><V12/><F75/><W95/><G126/><T91/><D13/><U110/><E20/><V34/><F34/><W90/><G107/><T68/><D68/><U47/><E84/><V56/><F125/><W17/><G31/><T71/><D71/><U50/><E70/><V124/><F124/><W6/><G76/><T130/><D130/><U122/><E80/><V112/><F112/><W92/><G121/><T32/><D46/><U28/><E28/><V89/><F106/><W134/><REACH who="3" step="1"/><G90/><REACH who="3" ten="250,250,250,240" step="2"/><T39/><D39/><U94/><E122/><V23/><F104/><W44/><G44/><T66/><D79/><U81/><E94/><V30/><F30/><W65/><G65/><T85/><D74/><U49/><E81/><V96/><F89/><W37/><G37/><T51/><D32/><U77/><E77/><V41/><F93/><W60/><G60/><T103/><D105/><U132/><E132/><V18/><F63/><W86/><G86/><T128/><D128/><U129/><E129/><V19/><F100/><W114/><G114/><T35/><D35/><U82/><E82/><V119/><F23/><W108/><G108/><N who="1" m="41514" /><E38/><V118/><F56/><W88/><G88/><T131/><D103/><U11/><E11/><V26/><F97/><W78/><G78/><T21/><D131/><U48/><E47/><V61/><F96/><W83/><G83/><T73/><D102/><U87/><E87/><V33/><F61/><W127/><G127/><RYUUKYOKU ba="0,1" sc="250,-15,250,15,250,-15,240,15" hai1="42,45,48,49,50,53,54,55,116,117" hai3="4,6,7,10,17,52,58,62,92,95,133,134,135" /><INIT seed="1,1,1,0,0,71" ten="235,265,235,255" oya="1" hai0="97,57,21,78,94,69,72,83,48,27,88,24,3" hai1="84,16,5,105,32,47,107,10,31,39,52,123,75" hai2="9,101,0,64,113,128,66,2,103,23,76,98,1" hai3="35,43,20,90,30,102,127,120,111,44,56,119,100"/><U124/><E123/><V63/><F128/><W81/><G120/><T132/><D69/><U13/><E75/><V85/><F113/><W95/><G35/><T106/><D3/><U34/><E124/><V61/><F23/><W36/><G111/><T51/><D132/><U87/><E5/><V82/><F9/><W41/><G127/><T7/><D7/><U58/><E107/><V110/><F110/><W80/><G41/><T28/><D106/><U99/><E99/><V121/><F121/><W129/><G129/><T96/><D96/><U4/><E105/><V42/><F42/><W37/><G37/><T73/><D73/><U67/><E67/><V50/><F50/><W125/><G125/><T130/><D130/><U117/><E117/><V79/><F98/><W93/><G93/><T14/><D14/><U86/><E31/><V26/><F26/><W17/><G30/><T89/><D89/><U109/><E109/><V38/><F85/><W104/><G104/><T116/><D116/><U68/><E68/><V122/><F122/><W92/><G92/><T22/><D57/><U70/><E70/><V118/><F82/><W126/><G56/><T15/><D15/><U6/><E6/><V49/><F118/><W46/><G46/><T112/><D112/><U62/><REACH who="1" step="1"/><E4/><REACH who="1" ten="235,255,235,255" step="2"/><V11/><F2/><W133/><G126/><T29/><AGARI ba="1,2" hai="21,22,24,27,28,29,48,51,72,78,83,88,94,97" machi="29" ten="20,5200,0" yaku="0,1,7,1,9,1,54,1" doraHai="71" who="0" fromWho="0" sc="235,75,255,-27,235,-14,255,-14" /><INIT seed="2,0,0,1,0,91" ten="310,228,221,241" oya="2" hai0="1,50,107,105,130,66,24,19,106,102,25,44,92" hai1="27,43,131,72,49,16,88,69,82,29,14,23,78" hai2="30,20,32,39,46,26,63,120,76,71,10,122,97" hai3="135,125,87,112,79,36,31,108,45,111,109,51,126"/><V0/><F71/><W3/><G3/><T9/><D130/><U127/><E131/><V96/><F76/><W99/><G135/><T90/><D102/><U8/><E69/><V22/><F63/><W95/><G36/><T17/><D66/><U40/><E127/><N who="3" m="48650" /><G31/><T7/><D24/><U64/><E64/><V89/><F39/><W58/><G58/><T110/><D25/><U74/><E74/><V70/><F70/><W116/><G116/><T129/><D110/><U33/><E49/><V57/><F57/><W121/><G121/><T54/><REACH who="0" step="1"/><D129/><REACH who="0" ten="300,228,221,241" step="2"/><U101/><E101/><V85/><F120/><W86/><G112/><T100/><D100/><U15/><E88/><V67/><F122/><W119/><G119/><T117/><D117/><U60/><REACH who="1" step="1"/><E60/><REACH who="1" ten="300,218,221,241" step="2"/><V75/><F67/><W61/><G61/><T132/><D132/><U133/><E133/><V103/><F103/><N who="3" m="60927" /><G79/><T42/><D42/><AGARI ba="0,2" hai="42,45,51,86,87,108,109,111" m="60927,48650" machi="42" ten="40,5200,0" yaku="14,1,18,1,52,1" doraHai="91" who="3" fromWho="0" sc="300,-52,218,0,221,0,241,72" /><INIT seed="3,0,0,5,1,126" ten="248,218,221,313" oya="3" hai0="12,11,135,69,56,42,100,123,85,22,84,33,63" hai1="10,114,119,70,125,45,96,94,98,74,86,112,124" hai2="47,101,5,81,106,76,18,4,51,48,105,78,17" hai3="57,133,93,61,107,87,99,108,75,24,8,50,92"/><W34/><G75/><T127/><D33/><U59/><E59/><V54/><F101/><W31/><G133/><T7/><D69/><U21/><E21/><V38/><F81/><W41/><G108/><T83/><D127/><N who="1" m="48715" /><E45/><V72/><F72/><W115/><G115/><N who="1" m="44074" /><E10/><V49/><F38/><W95/><G107/><T35/><D135/><U60/><E60/><V25/><F54/><W43/><G8/><T64/><D123/><U14/><E14/><V40/><F40/><W28/><G28/><T110/><D110/><U68/><E74/><V19/><F25/><W36/><G36/><T82/><D35/><U53/><E53/><V103/><F47/><W71/><G71/><N who="1" m="27178" /><E119/><V131/><F103/><W120/><G57/><T26/><D100/><U128/><E128/><V52/><F52/><W9/><G61/><T67/><D42/><U65/><E65/><V102/><F102/><W39/><G9/><T44/><D44/><U77/><E77/><N who="2" m="29803" /><F131/><W2/><G39/><T58/><D58/><U55/><E55/><V80/><F80/><N who="0" m="30762" /><D67/><U118/><E118/><V3/><F3/><W104/><G43/><T62/><D62/><U30/><E30/><AGARI ba="0,0" hai="7,11,12,22,26,30,56,63,64,84,85" m="30762" machi="30" ten="30,1000,0" yaku="8,1" doraHai="126" who="0" fromWho="1" sc="248,10,218,-10,221,0,313,0" /><INIT seed="4,0,0,0,3,112" ten="258,208,221,313" oya="0" hai0="128,25,24,31,19,77,6,64,52,55,34,91,67" hai1="44,23,0,79,78,94,46,49,88,126,32,43,105" hai2="132,68,1,123,28,99,3,17,74,65,135,62,130" hai3="10,120,37,20,103,116,100,115,83,45,106,22,90"/><T63/><D128/><U75/><E32/><V11/><F123/><W54/><G115/><T58/><D6/><U70/><E105/><V119/><F74/><W76/><G120/><T134/><D134/><N who="2" m="51242" /><F130/><W89/><G10/><T4/><D4/><U42/><E70/><V127/><F28/><W97/><G100/><T16/><D77/><U98/><E126/><V12/><F127/><W85/><G116/><T129/><D129/><U110/><E110/><V8/><F99/><W131/><G131/><T29/><D91/><U26/><E75/><V118/><F8/><W109/><G109/><T47/><D47/><U114/><E0/><AGARI ba="0,0" hai="0,1,3,11,12,17,62,65,68,118,119" m="51242" machi="0" ten="30,3900,0" yaku="20,1,52,2" doraHai="112" who="2" fromWho="1" sc="258,0,208,-39,221,39,313,0" /><INIT seed="5,0,0,4,4,126" ten="258,169,260,313" oya="1" hai0="58,87,116,21,133,15,14,123,73,129,52,27,72" hai1="77,4,102,30,76,13,24,83,69,101,127,119,70" hai2="132,89,57,65,64,37,35,25,0,134,46,28,19" hai3="33,113,105,114,98,2,120,86,48,122,68,131,94"/><U124/><E4/><V31/><F0/><W34/><G68/><N who="1" m="26218" /><E13/><V29/><F37/><W50/><G2/><T75/><D116/><U91/><E91/><V90/><F46/><W84/><G105/><T67/><D67/><N who="2" m="25674" /><F57/><W26/><G26/><T40/><D40/><U39/><E83/><V135/><F35/><W10/><G10/><T110/><D110/><U88/><E88/><N who="2" m="33899" /><F25/><W18/><G94/><T82/><D123/><U23/><E39/><V62/><F62/><W49/><G18/><AGARI ba="0,0" hai="18,19,28,29,31,132,134,135" m="33899,25674" machi="18" ten="40,8000,1" yaku="28,2,20,1,54,1" doraHai="126" who="2" fromWho="3" sc="258,0,169,0,260,80,313,-80" /><INIT seed="6,0,0,1,2,8" ten="258,169,340,233" oya="2" hai0="64,6,22,114,75,18,105,132,115,55,52,66,69" hai1="116,106,97,17,63,112,88,10,51,42,39,60,70" hai2="46,130,74,11,61,65,49,62,96,44,94,128,107" hai3="121,118,41,91,71,25,31,56,90,34,1,14,124"/><V120/><F120/><W100/><G118/><T110/><D110/><U122/><E116/><V93/><F74/><W99/><G1/><T67/><D6/><U68/><E122/><V87/><F107/><W79/><G121/><T12/><D105/><U58/><E112/><N who="0" m="43049" /><D75/><U27/><E39/><V113/><F113/><W126/><G71/><T109/><D109/><U81/><E70/><V111/><F111/><W77/><G41/><T40/><D69/><U123/><E123/><V4/><F87/><W59/><G56/><T16/><D132/><U102/><E68/><V7/><F11/><W45/><G59/><T36/><D18/><U15/><E27/><V13/><F49/><W47/><G45/><AGARI ba="0,0" hai="12,16,22,36,40,45,52,55,64,66,67" m="43049" machi="45" ten="30,7700,0" yaku="15,1,52,1,54,2" doraHai="8" who="0" fromWho="3" sc="258,77,169,0,340,0,233,-77" /><INIT seed="7,0,0,1,2,49" ten="335,169,340,156" oya="3" hai0="27,76,100,104,13,51,57,33,43,6,91,17,28" hai1="114,123,124,15,113,50,48,41,60,61,54,112,65" hai2="5,132,8,58,84,70,16,75,0,83,103,117,26" hai3="99,129,81,2,52,106,36,111,93,34,120,47,102"/><W126/><G120/><T62/><D76/><U94/><E123/><V68/><F117/><W87/><G2/><T88/><D6/><U133/><E133/><V82/><F103/><W25/><G129/><T37/><D37/><U127/><E94/><V67/><F75/><W92/><G126/><N who="1" m="48170" /><E15/><V39/><F39/><W66/><G66/><T46/><D100/><U31/><E31/><V42/><F42/><W12/><G111/><T18/><D104/><U89/><E89/><V109/><F109/><W44/><G12/><T128/><D18/><U59/><E41/><V72/><F132/><W110/><G110/><T3/><D3/><U96/><E96/><V135/><F135/><W53/><G36/><T97/><D97/><U11/><E11/><V14/><F14/><W69/><G69/><AGARI ba="0,0" hai="48,50,54,59,60,61,65,69,112,113,114" m="48170" machi="69" ten="40,8000,1" yaku="15,1,18,1,34,2,52,1" doraHai="49" who="1" fromWho="3" sc="335,0,169,80,340,0,156,-80" owari="335,14.0,249,-15.0,340,43.0,76,-42.0" /></mjloggm>