<mjloggm ver="2.3"><GO type="41" lobby="0"/><UN n0="%4B%41%53%59%41%39%30%31" n1="%E2%93%9D%53%75%70%68%78" n2="%E3%81%99%E3%81%AC%E3%81%B2%E3%81%B5%E3%81%A6" n3="%E3%82%AF%E3%83%AD%E3%83%A0" dan="14,16,14,14" rate="1914.74,2094.40,1945.57,1903.14" sx="M,M,M,M"/><TAIKYOKU oya="0"/><INIT seed="0,0,0,1,4,119" ten="250,250,250,250" oya="0" hai0="69,38,17,35,7,66,60,121,103,53,37,114,108" hai1="107,86,68,18,94,135,96,13,85,2,90,73,91" hai2="101,23,25,5,84,51,15,9,102,82,57,109,123" hai3="115,79,116,129,28,14,105,64,71,46,75,95,40"/><T16/><D121/><U113/><E2/><V43/><F123/><W27/><G115/><T125/><D114/><U70/><E113/><V24/><F109/><W134/><G116/><T30/><D125/><U97/><E73/><V89/><F25/><W3/><G3/><T131/><D131/><U20/><E135/><V72/><F72/><W67/><G105/><T132/><D132/><U87/><REACH who="1" step="1"/><E107/><REACH who="1" ten="250,240,250,250" step="2"/><V1/><F1/><W31/><G134/><T63/><D108/><U54/><E54/><V83/><F83/><W117/><G75/><T65/><D7/><U21/><E21/><V41/><F43/><W78/><G129/><T42/><D53/><U81/><E81/><V59/><F41/><W45/><G117/><T33/><D42/><U12/><E12/><V111/><F111/><W127/><G14/><T110/><D110/><U128/><E128/><V100/><REACH who="2" step="1"/><F51/><REACH who="2" ten="250,240,240,250" step="2"/><W118/><G40/><T133/><D133/><U4/><E4/><V26/><F26/><W124/><G118/><T130/><D130/><U106/><E106/><V29/><AGARI ba="0,2" hai="5,9,15,23,24,29,57,59,82,84,89,100,101,102" machi="29" ten="30,4000,0" yaku="1,1,0,1,8,1,53,0" doraHai="119" doraHaiUra="48" who="2" fromWho="2" sc="250,-20,240,-10,240,60,250,-10" /><INIT seed="1,0,0,5,3,105" ten="230,230,300,240" oya="1" hai0="46,62,23,100,94,20,99,38,84,103,60,37,75" hai1="135,5,121,58,12,128,76,43,71,119,115,29,32" hai2="90,27,39,65,24,79,6,134,124,2,64,67,47" hai3="51,30,97,113,40,117,22,1,54,35,130,98,10"/><U92/><E121/><V14/><F134/><W61/><G35/><T63/><D75/><U131/><E71/><V81/><F2/><W96/><G113/><T59/><D84/><U9/><E43/><V114/><F124/><W55/><G130/><N who="1" m="49706" /><E92/><V11/><F90/><W34/><G34/><T86/><D86/><U111/><E58/><V89/><F89/><W93/><G1/><T118/><D118/><U80/><E80/><V122/><F122/><W83/><G10/><T110/><D110/><U120/><E76/><V69/><F69/><W3/><G3/><T49/><D103/><U132/><E120/><V16/><F6/><W0/><G0/><T44/><D59/><U53/><E53/><V88/><F88/><W87/><G117/><T129/><D129/><U73/><E119/><V19/><F114/><W56/><G40/><T109/><D109/><U68/><E68/><V52/><F39/><W4/><G4/><T42/><D38/><U95/><E95/><V107/><F107/><W123/><G123/><T116/><D116/><U101/><E101/><V104/><F104/><W8/><G8/><T82/><D82/><U26/><E115/><V106/><F106/><W108/><G108/><T25/><D25/><N who="1" m="18479" /><E111/><V125/><F81/><W15/><G93/><T133/><D133/><N who="1" m="51275" /><E26/><V50/><F27/><N who="3" m="16759" /><G87/><T48/><D37/><U77/><E77/><V36/><F79/><W70/><G70/><T78/><D78/><U13/><E13/><V102/><F24/><W18/><G83/><T41/><AGARI ba="0,0" hai="20,23,41,42,44,46,48,49,60,62,63,94,99,100" machi="41" ten="30,4000,0" yaku="0,1,9,1,8,1" doraHai="105" who="0" fromWho="0" sc="230,40,230,-20,300,-10,240,-10" /><INIT seed="2,0,0,1,0,49" ten="270,210,290,230" oya="2" hai0="90,131,62,77,118,16,30,25,61,23,121,19,32" hai1="132,46,1,41,120,67,28,56,9,43,31,85,53" hai2="81,13,116,89,57,117,2,98,37,129,87,24,66" hai3="84,83,135,123,14,3,48,59,27,39,103,21,68"/><V29/><F129/><W22/><G68/><T54/><D121/><U75/><E75/><V17/><F2/><W122/><G3/><T55/><D131/><U10/><E132/><V108/><F37/><W110/><G39/><T112/><D112/><U35/><E67/><V33/><F108/><W12/><G110/><T72/><D118/><U76/><E35/><V5/><F5/><W104/><G135/><T126/><D126/><U26/><E46/><V51/><F98/><W128/><G103/><T70/><D72/><U58/><E26/><V134/><F134/><W71/><G71/><T18/><D77/><U106/><E76/><V45/><F57/><W47/><G104/><T42/><D42/><U94/><E1/><V102/><F102/><W99/><G99/><T6/><D6/><U65/><E106/><V34/><F66/><W78/><G59/><T44/><D70/><U36/><E65/><V127/><F33/><W124/><G124/><T4/><D4/><U79/><E58/><V15/><F127/><W100/><G100/><T63/><D32/><U125/><E120/><V97/><F97/><W82/><G82/><T20/><D44/><U38/><E38/><V95/><F95/><W93/><G93/><T96/><D23/><U115/><E94/><AGARI ba="0,0" hai="16,18,19,20,25,30,54,55,61,62,63,90,94,96" machi="94" ten="40,8000,1" yaku="8,1,52,2,54,1" doraHai="49" who="0" fromWho="1" sc="270,80,210,-80,290,0,230,0" /><INIT seed="3,0,0,4,1,100" ten="350,130,290,230" oya="3" hai0="37,0,57,65,129,33,4,43,54,46,23,22,31" hai1="68,64,10,47,26,127,79,107,102,44,21,113,76" hai2="52,7,123,122,132,112,78,17,110,95,96,25,49" hai3="80,69,92,59,66,73,81,61,103,60,50,97,130"/><W20/><G130/><T93/><D129/><U55/><E113/><V108/><F112/><W9/><G73/><T121/><D121/><N who="2" m="46090" /><F132/><W82/><G50/><T119/><D119/><U131/><E127/><V101/><F7/><W67/><G9/><T74/><D33/><U63/><E131/><V114/><F78/><W18/><REACH who="3" step="1"/><G80/><REACH who="3" ten="350,130,290,220" step="2"/><T14/><D74/><U128/><E10/><V45/><F114/><W117/><G117/><T28/><D0/><U30/><E128/><V71/><F71/><W16/><G16/><T116/><D116/><U124/><E124/><V5/><F5/><W42/><G42/><T62/><D4/><U19/><E19/><V48/><F48/><W13/><AGARI ba="0,1" hai="13,18,20,59,60,61,66,67,69,81,82,92,97,103" machi="13" ten="20,3900,0" yaku="1,1,0,1,7,1,53,0" doraHai="100" doraHaiUra="126" who="3" fromWho="3" sc="350,-13,130,-13,290,-13,220,49" /><INIT seed="3,1,0,5,1,110" ten="337,117,277,269" oya="3" hai0="37,21,8,18,120,61,82,17,41,109,23,34,44" hai1="119,113,124,129,10,131,16,114,9,54,26,107,12" hai2="55,101,69,75,96,81,60,7,99,85,30,2,88" hai3="108,71,67,11,53,73,123,28,91,14,39,3,97"/><W22/><G123/><T95/><D109/><U72/><E107/><V19/><F7/><W93/><G39/><T126/><D120/><U64/><E64/><V77/><F2/><W117/><G73/><T70/><D126/><U4/><E72/><V63/><F30/><W25/><G117/><T106/><D34/><U47/><E54/><V62/><F69/><W65/><G71/><T80/><D106/><U128/><E47/><V111/><F111/><W32/><G3/><T33/><D33/><U35/><E119/><V94/><F99/><W6/><G32/><T125/><D125/><U112/><E124/><V84/><F85/><W0/><G0/><T24/><D8/><N who="1" m="6151" /><E4/><V105/><REACH who="2" step="1"/><F19/><REACH who="2" ten="337,117,267,269" step="2"/><W116/><G108/><T132/><D70/><U50/><E50/><V13/><F13/><W115/><G116/><T40/><D18/><U79/><E79/><V127/><F127/><W74/><G74/><T58/><D17/><U20/><E20/><V83/><F83/><W135/><G135/><T89/><D23/><U31/><AGARI ba="1,1" hai="9,10,26,31,35,112,113,114,128,129,131" m="6151" machi="31" ten="40,12000,2" yaku="19,1,34,2,52,3,54,1" doraHai="110" who="1" fromWho="1" sc="337,-31,117,133,267,-31,269,-61" /><INIT seed="4,0,0,5,3,120" ten="306,250,236,208" oya="0" hai0="5,112,108,73,18,97,33,76,80,42,106,62,114" hai1="118,22,125,71,86,55,135,46,81,94,122,4,39" hai2="9,99,132,12,56,129,54,103,17,59,107,0,105" hai3="19,60,37,113,88,121,6,89,38,69,51,87,63"/><T45/><D33/><U111/><E118/><V64/><F132/><W67/><G121/><T128/><D128/><U68/><E122/><V25/><F129/><W13/><G113/><T92/><D62/><U3/><E125/><V10/><F25/><W29/><G29/><T123/><D123/><U78/><E22/><V61/><F0/><W93/><G6/><T57/><D57/><U34/><E94/><V36/><F36/><W15/><G15/><T79/><D18/><U1/><E55/><V40/><F40/><W109/><G109/><T101/><D79/><U27/><E111/><V100/><F103/><W53/><G60/><T75/><D5/><U127/><E127/><V24/><F24/><W21/><REACH who="3" step="1"/><G89/><REACH who="3" ten="306,250,236,198" step="2"/><T124/><D108/><U84/><E4/><V49/><REACH who="2" step="1"/><F9/><REACH who="2" ten="306,250,226,198" step="2"/><W115/><G115/><N who="0" m="44075" /><D124/><U95/><E135/><V26/><F26/><W47/><AGARI ba="0,2" hai="13,19,21,37,38,47,51,53,63,67,69,87,88,93" machi="47" ten="20,8000,1" yaku="1,1,0,1,7,1,54,1,53,1" doraHai="120" doraHaiUra="11" who="3" fromWho="3" sc="306,-40,250,-20,226,-20,198,100" /><INIT seed="5,0,0,5,2,22" ten="266,230,206,298" oya="1" hai0="0,13,134,29,60,23,49,120,77,79,95,41,117" hai1="65,2,28,119,126,70,61,37,133,4,75,67,35" hai2="88,53,64,113,71,112,59,46,38,44,93,11,124" hai3="131,78,130,25,115,18,135,51,30,118,85,80,74"/><U102/><E119/><V62/><F11/><W122/><G122/><T33/><D117/><U76/><E67/><V123/><F93/><W96/><G118/><T8/><D134/><U86/><E86/><V26/><F88/><W97/><G135/><T48/><D120/><U107/><E126/><V103/><F103/><W52/><G18/><T15/><D60/><U72/><E76/><V82/><F82/><W73/><G97/><T100/><D15/><U20/><E20/><V55/><F123/><W42/><G42/><T116/><D116/><U56/><E56/><N who="2" m="35087" /><F124/><W90/><G96/><T68/><D68/><U121/><E133/><V6/><F6/><W17/><G17/><T36/><D36/><U63/><E37/><V105/><F105/><W69/><G115/><N who="2" m="44105" /><F26/><W127/><G69/><T54/><D33/><U101/><E101/><V32/><F32/><W89/><G89/><T99/><D0/><U92/><E92/><V1/><F1/><W94/><G127/><T43/><D23/><U27/><E121/><V34/><F34/><W114/><G74/><T14/><D29/><U110/><E75/><V132/><F132/><W5/><G5/><T108/><D79/><U87/><E72/><V16/><F16/><W19/><G19/><T128/><D77/><U7/><E2/><V66/><F71/><W9/><G9/><T106/><D8/><U104/><E104/><V40/><F44/><N who="3" m="27751" /><G114/><T125/><D106/><U58/><E87/><V84/><F84/><W21/><G73/><T111/><D125/><U31/><E107/><V12/><F12/><W39/><G78/><RYUUKYOKU ba="0,0" sc="266,-10,230,-10,206,30,298,-10" hai2="38,40,46,55,59,64,66" /><INIT seed="6,1,0,2,2,70" ten="256,220,236,288" oya="2" hai0="60,20,53,109,85,120,108,129,133,7,127,111,47" hai1="32,78,22,126,94,124,61,102,75,48,74,119,39" hai2="123,13,12,23,19,4,46,3,57,35,55,68,87" hai3="49,52,63,89,51,84,121,36,8,71,72,27,17"/><V90/><F123/><W106/><G72/><T11/><D120/><U100/><E32/><V21/><F68/><W82/><G106/><T79/><D127/><N who="1" m="48683" /><E48/><V99/><F35/><W54/><G121/><T25/><D129/><U58/><E119/><V67/><F99/><W18/><G36/><T0/><D133/><U112/><E112/><V131/><F131/><W92/><G71/><T14/><D111/><U73/><E78/><V80/><F3/><W114/><G114/><T43/><D0/><U86/><E22/><V37/><F67/><W98/><G18/><T95/><D108/><U83/><E94/><V122/><F122/><W62/><G62/><T117/><D117/><U103/><E86/><V130/><F130/><W107/><G107/><T113/><D113/><U76/><E39/><V104/><F104/><W28/><G8/><T9/><D9/><U110/><E110/><V128/><F128/><W105/><G105/><T10/><D10/><U97/><E97/><V34/><F34/><W134/><G134/><T38/><D109/><U81/><E76/><V6/><F37/><W41/><G17/><T59/><D79/><U101/><N who="1" m="26112" /><DORA hai="135" /><U31/><E31/><V45/><F23/><W29/><G29/><T30/><D85/><U24/><E24/><N who="2" m="14399" /><F4/><W69/><G98/><T40/><D95/><U91/><E91/><V96/><F6/><W118/><G92/><T66/><D43/><U115/><E115/><V88/><F88/><W44/><G118/><T16/><D30/><U1/><E1/><V2/><F96/><W26/><G89/><T116/><D116/><RYUUKYOKU ba="1,0" sc="256,15,220,15,236,-15,288,-15" hai0="7,11,14,16,20,25,38,40,47,53,59,60,66" hai1="58,61,73,74,75,81,83" /><INIT seed="7,2,0,5,4,94" ten="271,235,221,273" oya="3" hai0="24,23,135,86,19,103,30,72,32,3,92,125,38" hai1="124,5,31,55,50,118,39,12,117,97,126,56,85" hai2="22,70,116,65,90,91,35,51,18,112,46,37,115" hai3="16,110,2,107,44,8,58,102,129,98,66,77,28"/><W27/><G110/><T113/><D72/><U130/><E31/><V74/><F35/><W0/><G129/><T120/><D120/><U21/><E85/><V64/><F37/><W42/><G77/><T111/><D111/><U11/><E39/><V105/><F74/><W4/><G66/><N who="2" m="25705" /><F105/><W73/><G73/><T100/><D38/><U80/><E80/><V128/><F70/><W43/><G58/><T79/><D125/><N who="1" m="48235" /><E21/><V53/><F116/><N who="1" m="44649" /><E97/><V13/><F128/><AGARI ba="2,0" hai="5,11,12,50,55,56,128,130" m="44649,48235" machi="128" ten="40,2600,0" yaku="18,1,12,1" doraHai="94" who="1" fromWho="2" sc="271,0,235,32,221,-32,273,0" /><INIT seed="8,0,0,5,5,111" ten="271,267,189,273" oya="0" hai0="57,116,3,93,8,49,43,56,135,123,40,23,6" hai1="72,45,71,125,11,54,92,42,128,78,110,99,46" hai2="88,94,52,114,87,15,77,5,118,50,73,68,32" hai3="133,91,22,41,58,76,65,105,17,62,0,25,1"/><T20/><D123/><U53/><E110/><V21/><F68/><W18/><G133/><T96/><D135/><U26/><E71/><V36/><F32/><W55/><G105/><T31/><D116/><U51/><E128/><V83/><F36/><W35/><G35/><T74/><D74/><U109/><E125/><V113/><F118/><W37/><G76/><T7/><D3/><U103/><E109/><V44/><REACH who="2" step="1"/><F21/><REACH who="2" ten="271,267,179,273" step="2"/><N who="0" m="8266" /><D31/><U84/><E72/><V89/><F89/><W69/><G91/><N who="0" m="55359" /><D8/><AGARI ba="0,1" hai="5,8,15,44,50,52,73,77,83,87,88,94,113,114" machi="8" ten="40,8000,1" yaku="1,1,52,2,54,2,53,0" doraHai="111" doraHaiUra="60" who="2" fromWho="0" sc="271,-80,267,0,179,90,273,0" /><INIT seed="9,0,0,2,5,57" ten="191,267,269,273" oya="1" hai0="108,43,103,40,68,106,47,92,53,67,18,124,88" hai1="51,104,66,28,55,133,7,31,85,0,61,117,12" hai2="113,76,116,94,102,126,71,86,32,26,127,123,60" hai3="87,8,93,41,2,118,109,20,101,44,82,131,99"/><U29/><E0/><V9/><F116/><W83/><G109/><T105/><D108/><U125/><E104/><V45/><F123/><W120/><G131/><T24/><D124/><N who="2" m="47658" /><F45/><W49/><G120/><T58/><D68/><U14/><E133/><V96/><F9/><W84/><G118/><T25/><D106/><U62/><E66/><N who="2" m="41415" /><F26/><N who="0" m="10346" /><D105/><U33/><E33/><V17/><F17/><W91/><G20/><T121/><D103/><U36/><E36/><V122/><F122/><W81/><G2/><T11/><D121/><U5/><E117/><V4/><F4/><N who="1" m="1609" /><E125/><V3/><F3/><W13/><REACH who="3" step="1"/><G84/><REACH who="3" ten="191,267,269,263" step="2"/><N who="0" m="52231" /><D47/><N who="1" m="28159" /><E85/><V10/><F32/><W132/><G132/><T129/><D67/><U42/><E42/><V69/><F86/><W95/><G95/><T112/><D129/><U1/><E1/><V30/><F94/><W79/><G79/><T46/><D46/><U6/><E6/><AGARI ba="0,1" hai="6,8,13,41,44,49,81,82,83,87,91,93,99,101" machi="6" ten="30,7700,0" yaku="1,1,7,1,8,1,53,1" doraHai="57" doraHaiUra="97" who="3" fromWho="1" sc="191,0,267,-77,269,0,263,87" owari="191,-21.0,190,-31.0,269,7.0,350,45.0" /></mjloggm>