<mjloggm ver="2.3"><GO type="41" lobby="0"/><UN n0="%E5%85%B8%E5%B9%B3" n1="%E2%93%9D%53%75%70%68%78" n2="%68%7A%6B" n3="%E3%81%8A%E3%81%A0%E3%81%A5%E3%82%82%E3%81%A3%E3%81%93" dan="14,17,15,13" rate="1899.52,2036.77,2024.97,1831.56" sx="M,M,M,M"/><TAIKYOKU oya="0"/><INIT seed="0,0,0,2,5,120" ten="250,250,250,250" oya="0" hai0="5,108,20,115,81,65,31,19,78,8,43,25,45" hai1="76,126,132,74,23,38,91,54,21,101,40,15,107" hai2="63,56,131,26,6,72,68,127,41,73,95,121,123" hai3="30,100,3,97,90,0,122,37,67,86,32,48,42"/><T92/><D115/><U12/><E132/><V99/><F127/><W135/><G122/><T103/><D65/><U66/><E107/><V119/><F68/><W11/><G37/><T128/><D128/><U36/><E101/><V79/><F131/><W93/><G135/><T53/><D53/><U134/><E76/><V60/><F119/><W10/><G67/><T104/><D104/><U64/><E54/><V110/><F41/><W62/><G62/><T47/><D103/><U18/><E91/><V130/><F130/><W27/><G10/><T14/><D92/><U82/><E82/><V80/><F72/><W88/><G11/><T33/><D108/><U89/><E89/><V51/><F6/><W44/><REACH who="3" step="1"/><G90/><REACH who="3" ten="250,250,250,240" step="2"/><T39/><D39/><U77/><E134/><V24/><F60/><W106/><AGARI ba="0,1" hai="0,3,27,30,32,42,44,48,86,88,93,97,100,106" machi="106" ten="20,12000,2" yaku="1,1,2,1,0,1,7,1,54,1,53,1" doraHai="120" doraHaiUra="85" who="3" fromWho="3" sc="250,-60,250,-30,250,-30,240,130" /><INIT seed="1,0,0,4,4,56" ten="190,220,220,370" oya="1" hai0="20,0,78,5,3,108,11,105,124,19,119,15,39" hai1="77,73,134,69,12,104,123,31,88,16,47,79,67" hai2="94,102,36,25,103,1,107,41,22,72,28,106,26" hai3="59,100,120,58,62,29,125,63,81,129,112,68,45"/><U64/><E123/><V98/><F1/><W82/><G120/><T13/><D105/><U76/><E104/><V113/><F72/><W114/><G68/><T90/><D78/><U48/><E73/><V65/><F113/><W116/><G45/><T14/><D39/><U24/><E134/><V93/><F41/><W71/><G71/><T17/><D90/><U131/><E131/><V43/><F43/><W33/><G129/><T55/><D55/><U52/><E69/><V101/><F36/><W34/><G29/><T126/><D108/><U86/><E24/><V44/><F44/><W18/><G18/><T92/><D92/><N who="1" m="54295" /><E31/><V51/><F51/><W121/><G121/><T30/><D119/><U135/><E135/><V80/><F80/><W133/><G133/><T61/><D30/><U87/><E87/><V23/><F65/><W35/><G125/><T115/><D115/><U97/><E97/><V40/><F40/><W127/><G127/><N who="0" m="48683" /><D61/><N who="3" m="23049" /><G100/><N who="2" m="38505" /><F106/><W49/><G49/><T27/><D3/><U111/><E111/><V118/><F118/><W6/><G6/><T99/><D99/><U85/><E85/><V130/><F130/><W91/><G116/><T83/><D83/><N who="3" m="31753" /><G91/><T54/><D0/><U89/><E89/><V57/><F57/><AGARI ba="0,0" hai="33,34,35,57,58,59,112,114" m="31753,23049" machi="57" ten="40,8000,1" yaku="28,2,52,3" doraHai="56" who="3" fromWho="2" sc="190,0,220,0,220,-80,370,80" /><INIT seed="2,0,0,1,5,66" ten="190,220,140,450" oya="2" hai0="116,56,36,86,107,42,27,122,37,108,115,78,8" hai1="125,94,18,97,74,28,46,43,79,22,71,98,121" hai2="91,2,16,50,90,3,57,103,26,104,85,47,17" hai3="67,124,76,4,21,7,89,96,48,58,10,12,72"/><V51/><F104/><W63/><G124/><T33/><D115/><U80/><E125/><V84/><F103/><W61/><G72/><T119/><D108/><U129/><E129/><V82/><F57/><W34/><G34/><T120/><D107/><U5/><E28/><V15/><F26/><W11/><G76/><T127/><D127/><U135/><E135/><V44/><REACH who="2" step="1"/><F15/><REACH who="2" ten="190,220,130,450" step="2"/><W13/><G58/><T32/><D27/><U9/><E121/><V40/><F40/><W62/><G48/><T117/><D56/><U111/><E43/><V54/><F54/><W113/><G113/><T70/><D42/><U39/><E111/><V60/><F60/><W77/><G67/><T81/><D122/><U38/><E38/><V100/><F100/><W114/><G114/><T112/><D120/><U131/><E39/><V109/><F109/><W45/><G13/><T19/><D112/><U30/><E131/><V92/><F92/><W20/><G12/><N who="0" m="7559" /><D37/><U64/><E94/><V24/><F24/><W1/><G1/><T110/><D110/><U102/><E102/><V65/><F65/><W99/><G62/><T133/><D36/><U23/><E64/><V73/><F73/><W14/><G14/><T130/><D130/><U25/><E25/><V123/><F123/><W128/><G128/><T55/><D55/><U31/><E74/><V49/><F49/><W95/><G95/><T68/><D133/><U69/><E31/><V0/><F0/><W87/><G63/><T118/><D118/><U52/><E30/><V41/><F41/><W59/><G61/><T126/><D126/><RYUUKYOKU ba="0,1" sc="190,15,220,-15,130,15,450,-15" hai0="32,33,68,70,78,81,86,116,117,119" hai2="2,3,16,17,44,47,50,51,82,84,85,90,91" /><INIT seed="2,1,1,0,1,98" ten="205,205,145,435" oya="2" hai0="38,29,69,108,114,0,64,73,16,37,65,30,2" hai1="60,118,122,105,27,74,28,92,57,7,115,47,56" hai2="129,134,11,91,59,86,31,110,46,55,24,34,49" hai3="117,99,8,121,78,62,58,75,95,100,106,19,45"/><V130/><F134/><W133/><G133/><T35/><D114/><U71/><E105/><V53/><F110/><W40/><G117/><T96/><D108/><U21/><E74/><V93/><REACH who="2" step="1"/><F11/><REACH who="2" ten="205,205,135,435" step="2"/><W104/><G8/><T10/><D10/><U111/><E111/><V15/><F15/><W17/><G121/><T128/><D0/><U135/><E122/><V54/><F54/><W81/><G106/><T61/><D2/><U102/><E135/><V52/><F52/><W18/><G104/><T123/><D123/><U12/><E12/><V1/><F1/><W82/><G40/><T120/><D120/><U68/><E115/><V5/><F5/><W44/><REACH who="3" step="1"/><G82/><REACH who="3" ten="205,205,135,425" step="2"/><T127/><D127/><U125/><E125/><V97/><F97/><W83/><G83/><T48/><D96/><U132/><E132/><V131/><F131/><W32/><G32/><T63/><D128/><U14/><E7/><V4/><F4/><W84/><G84/><T6/><D6/><U39/><E118/><V25/><F25/><W76/><G76/><T79/><D79/><U85/><E27/><V70/><F70/><W87/><G87/><T88/><D35/><U50/><E71/><V80/><F80/><W112/><G112/><T109/><D109/><U101/><E68/><V9/><F9/><W89/><G89/><T72/><D88/><U43/><E85/><V41/><F41/><W26/><G26/><T51/><D69/><U90/><E43/><V33/><F33/><W107/><G107/><T66/><D73/><U22/><E90/><V113/><F113/><W103/><G103/><RYUUKYOKU ba="1,3" sc="205,-15,205,-15,135,15,425,15" hai2="24,31,34,46,49,53,55,59,86,91,93,129,130" hai3="17,18,19,44,45,58,62,75,78,81,95,99,100" /><INIT seed="2,2,3,2,2,121" ten="190,190,150,440" oya="2" hai0="96,21,25,67,109,37,86,99,123,82,3,50,132" hai1="55,90,84,69,8,94,111,73,124,120,108,39,59" hai2="20,105,127,24,51,7,22,15,91,118,117,126,133" hai3="19,79,106,116,64,114,52,115,74,57,112,104,80"/><V102/><F105/><W47/><G116/><N who="2" m="44649" /><F102/><W63/><G47/><T92/><D123/><U16/><E120/><V34/><F91/><W66/><REACH who="3" step="1"/><G19/><REACH who="3" ten="190,190,150,430" step="2"/><T46/><D46/><U42/><E16/><N who="2" m="10271" /><F133/><W113/><N who="3" m="28672" /><DORA hai="58" /><W83/><G83/><T107/><D132/><U32/><E111/><V1/><F51/><W134/><G134/><T60/><D50/><U89/><E108/><V100/><F100/><W29/><G29/><T122/><D82/><U4/><E90/><V27/><F34/><W128/><G128/><T119/><D109/><U28/><E89/><V33/><F33/><W40/><G40/><T31/><D122/><U88/><E42/><V18/><F27/><W68/><G68/><T41/><D41/><U9/><E69/><V93/><F93/><W71/><G71/><T62/><D92/><U75/><E94/><V12/><F24/><W97/><G97/><T85/><D25/><U98/><E98/><V6/><F6/><W81/><G81/><T87/><D99/><U70/><E4/><V2/><F7/><W61/><G61/><T36/><D62/><U44/><E88/><V30/><F30/><W76/><G76/><T103/><D31/><U56/><E28/><V17/><F17/><W23/><G23/><T48/><D21/><U0/><E32/><V11/><F22/><W26/><G26/><T131/><D96/><U110/><E110/><V13/><F13/><W49/><G49/><T125/><D48/><U38/><E44/><V5/><F5/><W53/><G53/><T10/><D103/><U45/><E45/><V101/><F101/><RYUUKYOKU ba="2,4" sc="190,-15,190,-15,150,15,430,15" hai2="1,2,11,12,18,126,127" hai3="52,57,63,64,66,74,79,80,104,106" /><INIT seed="2,3,4,2,3,113" ten="175,175,165,445" oya="2" hai0="79,121,31,114,37,75,67,123,34,72,6,109,87" hai1="100,17,99,48,63,133,84,16,117,122,83,55,33" hai2="43,127,60,108,119,70,36,53,77,35,90,23,105" hai3="97,8,22,1,116,78,46,62,9,81,38,21,124"/><V2/><F23/><W0/><G124/><T131/><D114/><U13/><E33/><V44/><F90/><W47/><G116/><T68/><D37/><U101/><E117/><V45/><F77/><W86/><G38/><T25/><D131/><U102/><E133/><V110/><F35/><W89/><G1/><T51/><D51/><U54/><E122/><V14/><F14/><W18/><G0/><T57/><D57/><N who="1" m="35255" /><E99/><V56/><F2/><W128/><G128/><T69/><D6/><U5/><E5/><V28/><F28/><W103/><G22/><T3/><D3/><U120/><E120/><N who="0" m="46153" /><D87/><U40/><E40/><V92/><F92/><N who="3" m="58791" /><G62/><N who="0" m="40055" /><D69/><U59/><E13/><V39/><F105/><W29/><G29/><T107/><D107/><U41/><E41/><N who="2" m="22567" /><F119/><W130/><G130/><T76/><D79/><AGARI ba="3,4" hai="16,17,48,55,59,79,83,84,100,101,102" m="35255" machi="79" ten="30,2000,0" yaku="8,1,54,1" doraHai="113" who="1" fromWho="0" sc="175,-29,175,69,165,0,445,0" /><INIT seed="3,0,0,3,0,101" ten="146,244,165,445" oya="3" hai0="22,35,78,16,134,112,113,17,43,97,84,131,103" hai1="51,81,130,3,93,9,96,33,95,19,104,40,92" hai2="122,36,13,90,102,53,41,26,0,34,29,46,21" hai3="114,105,10,66,111,27,28,57,120,119,30,73,80"/><W4/><G114/><N who="0" m="44139" /><D35/><U6/><E130/><V91/><F122/><W69/><G119/><T31/><D131/><U135/><E135/><V48/><F102/><W59/><G120/><T99/><D43/><U38/><E51/><V125/><F125/><W42/><G42/><T115/><N who="0" m="44147" /><T100/><DORA hai="76" /><D134/><U71/><E71/><V123/><F0/><W108/><G69/><T106/><D31/><N who="3" m="11817" /><G66/><T133/><D133/><U63/><E40/><V8/><F34/><W86/><G73/><T82/><D22/><U64/><E38/><V128/><F128/><W107/><G27/><T49/><D49/><U32/><E32/><V47/><REACH who="2" step="1"/><F123/><REACH who="2" ten="146,244,155,445" step="2"/><W110/><G59/><T117/><D117/><U132/><E33/><V55/><F55/><W72/><G57/><T70/><D70/><U37/><E132/><V88/><F88/><N who="3" m="51271" /><G72/><T24/><D24/><U60/><E64/><V65/><F65/><W23/><G23/><T1/><D1/><AGARI ba="0,1" hai="1,4,10,105,107,108,110,111" m="51271,11817" machi="1" ten="30,18000,2" yaku="14,1,10,1,52,3,54,1" doraHai="101,76" who="3" fromWho="0" sc="146,-180,244,0,155,0,445,190" owari="-34,-53.0,244,4.0,155,-24.0,635,73.0" /></mjloggm>