<mjloggm ver="2.3"><GO type="41" lobby="0"/><UN n0="%53%65%61%57%69%6E%64" n1="%38%6D%61%6E" n2="%E2%93%9D%53%75%70%68%78" n3="%E3%81%BE%E3%81%A1%E3%81%83%E5%BA%97%E9%95%B7" dan="13,14,18,16" rate="1827.75,1938.50,2158.74,2060.76" sx="M,M,M,M"/><TAIKYOKU oya="0"/><INIT seed="0,0,0,5,0,75" ten="250,250,250,250" oya="0" hai0="16,80,84,56,32,132,86,23,65,115,45,105,101" hai1="131,7,19,4,123,49,8,113,97,52,14,81,34" hai2="126,119,44,69,85,96,57,25,9,89,18,68,67" hai3="77,3,110,120,116,6,92,36,135,103,28,39,35"/><T95/><D32/><U108/><E123/><V31/><F126/><W15/><G116/><T98/><D132/><U20/><E97/><V37/><F119/><W99/><G110/><T27/><D115/><U122/><E122/><V12/><F96/><W54/><G3/><T127/><D127/><U72/><E108/><V94/><F37/><W17/><G6/><T79/><D45/><U43/><E43/><V88/><F44/><W102/><G135/><T61/><REACH who="0" step="1"/><D86/><REACH who="0" ten="240,250,250,250" step="2"/><U93/><E34/><V42/><F42/><W106/><G35/><T100/><D100/><U24/><E113/><V0/><F85/><W111/><G103/><T62/><D62/><U38/><E38/><V55/><F89/><W87/><G39/><T53/><D53/><U125/><E125/><V118/><F88/><W128/><G36/><T133/><D133/><U1/><E131/><V60/><F55/><W66/><G54/><T51/><D51/><U13/><E52/><V30/><F118/><W107/><G102/><T117/><D117/><U90/><E49/><V46/><F46/><W83/><G87/><T129/><D129/><U71/><E7/><V58/><F60/><W47/><G47/><T74/><D74/><U63/><E63/><V70/><F67/><W64/><G66/><T124/><D124/><U11/><E4/><V50/><F50/><W121/><G64/><T112/><D112/><U5/><E90/><V41/><F41/><W59/><G121/><T10/><D10/><U114/><E114/><V104/><F9/><N who="3" m="6383" /><G120/><T29/><D29/><U130/><E130/><V78/><F31/><RYUUKYOKU ba="0,1" sc="240,30,250,-10,250,-10,250,-10" hai0="16,23,27,56,61,65,79,80,84,95,98,101,105" /><INIT seed="0,1,1,0,3,57" ten="270,240,240,240" oya="0" hai0="13,102,1,24,59,14,22,84,51,124,130,99,73" hai1="38,29,26,126,81,56,112,72,133,116,78,16,36" hai2="123,94,4,122,62,103,28,105,104,30,93,119,106" hai3="127,35,134,69,17,108,100,8,74,111,33,89,80"/><T68/><D68/><U88/><E116/><V101/><F4/><W82/><G127/><T6/><D1/><U48/><E133/><V128/><F119/><W45/><G69/><T47/><D124/><U10/><E126/><V70/><F70/><W121/><G100/><N who="2" m="38473" /><F62/><W92/><G121/><N who="2" m="46089" /><F128/><W27/><G134/><T2/><D73/><U46/><E112/><V58/><F58/><W96/><G45/><T20/><D20/><U21/><E56/><V66/><F66/><W43/><G43/><T0/><D84/><N who="1" m="50191" /><E72/><V125/><F125/><W41/><G41/><T135/><D135/><U19/><E38/><V31/><AGARI ba="1,1" hai="28,30,31,93,94,104,105,106" m="46089,38473" machi="31" ten="40,2700,0" yaku="28,2" doraHai="57" who="2" fromWho="2" sc="270,-14,240,-8,240,40,240,-8" /><INIT seed="1,0,0,2,1,56" ten="256,232,280,232" oya="1" hai0="24,125,51,99,57,76,45,86,23,66,112,122,65" hai1="116,42,82,22,73,75,36,105,6,40,110,8,80" hai2="88,12,60,100,50,43,16,48,27,85,31,126,55" hai3="54,134,96,103,93,119,1,132,9,89,97,104,95"/><U59/><E105/><V91/><F126/><W71/><G71/><T64/><D112/><U53/><E116/><V61/><F100/><W5/><G119/><T81/><D125/><U121/><E121/><V68/><F68/><W69/><G69/><T7/><D7/><U33/><E33/><V118/><F118/><W117/><G117/><T32/><D32/><U47/><E22/><N who="2" m="15863" /><F43/><W109/><G109/><T15/><D15/><U124/><E124/><V13/><F50/><W113/><G113/><T74/><D99/><U3/><E42/><V34/><F13/><W4/><G4/><T21/><D21/><U77/><E110/><V10/><F34/><W44/><REACH who="3" step="1"/><G104/><REACH who="3" ten="256,232,280,222" step="2"/><T123/><D123/><U49/><E80/><N who="2" m="49191" /><F91/><W67/><G67/><T101/><D122/><U79/><REACH who="1" step="1"/><E77/><REACH who="1" ten="256,222,280,222" step="2"/><V19/><F19/><W83/><G83/><T135/><D81/><U17/><E17/><V25/><F25/><W84/><G84/><AGARI ba="0,2" hai="3,6,8,36,40,47,49,53,59,73,75,79,82,84" machi="84" ten="30,2900,0" yaku="1,1,7,1,53,0" doraHai="56" doraHaiUra="62" who="1" fromWho="3" sc="256,0,222,49,280,0,222,-29" /><INIT seed="1,1,0,5,5,48" ten="256,271,280,193" oya="1" hai0="130,93,29,76,73,111,25,55,15,33,57,78,128" hai1="100,107,134,70,47,98,54,5,35,20,126,124,83" hai2="43,18,9,36,58,27,85,62,56,68,114,32,132" hai3="31,86,79,75,2,63,90,110,67,103,106,59,3"/><U127/><E70/><V13/><F132/><W14/><G110/><T131/><D111/><U8/><E35/><V95/><F114/><W16/><G31/><T80/><D78/><U1/><E134/><V89/><F36/><W118/><G118/><T39/><D39/><U129/><E20/><V45/><F68/><W84/><G75/><T119/><D93/><U10/><E129/><V42/><F58/><W102/><G106/><T81/><D81/><U4/><E83/><V0/><F0/><W64/><G64/><T96/><D96/><U26/><E26/><V37/><F32/><W53/><G79/><T125/><D15/><N who="1" m="5511" /><E47/><V40/><REACH who="2" step="1"/><F27/><REACH who="2" ten="256,271,270,193" step="2"/><W105/><G2/><T28/><D119/><U6/><E6/><V66/><AGARI ba="1,1" hai="9,13,18,37,40,42,43,45,56,62,66,85,89,95" machi="66" ten="20,5200,0" yaku="1,1,2,1,0,1,7,1,53,0" doraHai="48" doraHaiUra="21" who="2" fromWho="2" sc="256,-14,271,-27,270,65,193,-14" /><INIT seed="2,0,0,3,4,72" ten="242,244,335,179" oya="2" hai0="82,62,1,106,49,127,28,123,129,77,58,98,70" hai1="89,15,97,121,75,65,59,30,44,41,111,99,4" hai2="23,68,73,87,5,60,22,67,132,95,8,96,130" hai3="91,40,35,57,16,13,45,76,113,104,63,25,26"/><V14/><F73/><W85/><G104/><T92/><D1/><U33/><E111/><V131/><F132/><W90/><G113/><T37/><D37/><U21/><E121/><V18/><F87/><W54/><G35/><T71/><D106/><U48/><E33/><V78/><F78/><W107/><G107/><T135/><D127/><U93/><E75/><V100/><REACH who="2" step="1"/><F23/><REACH who="2" ten="242,244,325,179" step="2"/><W81/><G76/><T52/><D135/><U105/><E99/><V29/><F29/><W117/><G117/><T112/><D123/><U27/><E105/><V43/><F43/><W2/><G91/><T118/><D118/><U39/><E39/><V108/><F108/><W120/><G120/><T69/><D28/><U134/><E134/><V79/><F79/><W116/><G116/><T133/><D133/><U126/><E126/><V6/><F6/><W84/><G85/><T38/><D38/><U36/><E36/><V3/><AGARI ba="0,1" hai="3,5,8,14,18,22,60,67,68,95,96,100,130,131" machi="3" ten="30,6000,0" yaku="1,1,0,1,53,1" doraHai="72" doraHaiUra="34" who="2" fromWho="2" sc="242,-20,244,-20,325,70,179,-20" /><INIT seed="2,1,0,4,2,96" ten="222,224,395,159" oya="2" hai0="35,104,42,56,9,20,123,79,38,11,73,64,33" hai1="98,66,4,110,39,126,118,80,28,53,49,62,13" hai2="93,120,72,91,116,94,6,101,119,59,130,5,14" hai3="22,124,95,84,51,54,19,122,2,21,30,50,82"/><V86/><F120/><W18/><G122/><T89/><D123/><U8/><E118/><V102/><F72/><W103/><G2/><T106/><D89/><U26/><E110/><V77/><F130/><W108/><G124/><T117/><D20/><U68/><E39/><V112/><F112/><W47/><G108/><T92/><D92/><U16/><E126/><V121/><F121/><W134/><G134/><T24/><D56/><U97/><E4/><V129/><F129/><W3/><G3/><T43/><D64/><U125/><E80/><V135/><F77/><W131/><G131/><T114/><D24/><U85/><E85/><V99/><F135/><W27/><G51/><T128/><D128/><U34/><REACH who="1" step="1"/><E125/><REACH who="1" ten="222,214,395,159" step="2"/><V25/><F6/><W67/><G22/><T41/><D38/><U81/><E81/><V76/><F119/><W100/><G95/><T83/><D83/><U111/><E111/><V60/><F116/><W109/><G109/><T78/><D117/><U61/><E61/><V107/><F94/><W65/><G30/><T87/><D87/><U88/><E88/><V23/><F86/><W46/><G84/><T7/><D73/><U44/><AGARI ba="1,1" hai="8,13,16,26,28,34,44,49,53,62,66,68,97,98" machi="44" ten="20,5200,0" yaku="1,1,0,1,7,1,54,1,53,0" doraHai="96" doraHaiUra="37" who="1" fromWho="1" sc="222,-14,214,65,395,-27,159,-14" /><INIT seed="3,0,0,0,3,82" ten="208,279,368,145" oya="3" hai0="76,69,95,66,79,4,90,26,19,25,62,98,8" hai1="29,14,37,99,50,74,24,47,127,83,132,88,52" hai2="80,110,42,5,65,129,13,55,92,105,51,60,125" hai3="94,33,75,3,119,34,96,131,68,72,7,86,114"/><W21/><G119/><T57/><D69/><U6/><E37/><V36/><F110/><W81/><G68/><T40/><D40/><U18/><E132/><V9/><F105/><W27/><G131/><T43/><D43/><U102/><E6/><V106/><F125/><W15/><G114/><T31/><D19/><U41/><E41/><V128/><F106/><W123/><G123/><T73/><D73/><U35/><E127/><V101/><F80/><W89/><G33/><T59/><D59/><U116/><E116/><V44/><F92/><W11/><G34/><T87/><D98/><U85/><E74/><V118/><F101/><W134/><G3/><T39/><D39/><U117/><E117/><V17/><F118/><W67/><G67/><T32/><REACH who="0" step="1"/><D26/><REACH who="0" ten="198,279,368,145" step="2"/><U0/><E99/><V10/><F36/><W53/><G134/><T100/><D100/><U48/><E102/><V122/><F42/><W20/><G53/><T91/><D91/><U61/><E48/><V130/><F130/><W93/><G75/><T70/><D70/><U107/><E107/><V49/><F49/><W2/><G72/><T113/><D113/><U103/><E103/><V84/><F129/><W112/><G112/><T23/><D23/><U38/><E38/><V56/><F128/><W30/><REACH who="3" step="1"/><G96/><REACH who="3" ten="198,279,368,135" step="2"/><T121/><D121/><U97/><E97/><V16/><F122/><W115/><G115/><T71/><D71/><U63/><E0/><AGARI ba="0,2" hai="0,4,8,25,31,32,57,62,66,76,79,87,90,95" machi="0" ten="30,3900,0" yaku="1,1,7,1,52,1,53,0" doraHai="82" doraHaiUra="126" who="0" fromWho="1" sc="198,59,279,-39,368,0,135,0" /><INIT seed="4,0,0,1,0,52" ten="257,240,368,135" oya="0" hai0="122,128,47,60,109,6,53,23,129,81,89,117,4" hai1="79,118,75,126,114,78,5,2,59,21,108,130,32" hai2="76,9,70,33,62,61,132,37,19,107,15,99,66" hai3="103,56,86,13,131,45,57,42,69,7,72,44,10"/><T28/><D122/><U34/><E118/><V55/><F37/><W67/><G72/><T29/><D117/><U43/><E108/><V20/><F33/><W40/><G131/><N who="0" m="50251" /><D109/><U27/><E130/><V101/><F76/><W31/><G103/><T100/><D100/><U94/><E126/><V92/><F132/><W46/><G31/><T112/><D112/><U87/><E43/><V50/><F62/><W83/><G69/><T8/><D23/><U110/><E110/><V14/><F107/><W25/><G25/><T71/><D47/><U58/><E75/><V11/><REACH who="2" step="1"/><F15/><REACH who="2" ten="257,240,358,135" step="2"/><W36/><G67/><T125/><D60/><U63/><E63/><V123/><F123/><W30/><G30/><T22/><D28/><U88/><E32/><V51/><F51/><W1/><G1/><T73/><D125/><U105/><E105/><V18/><F18/><W98/><G36/><T111/><D29/><N who="1" m="17647" /><E34/><V48/><F48/><W0/><G0/><T39/><D39/><U104/><E104/><V97/><F97/><W119/><G119/><T106/><D106/><U134/><E134/><V49/><F49/><W115/><G98/><T12/><D12/><U102/><E114/><V80/><F80/><W64/><G64/><T135/><D81/><N who="1" m="49263" /><E2/><V26/><F26/><W93/><G115/><T35/><D35/><U77/><E5/><V90/><F90/><N who="3" m="53463" /><G83/><T3/><D3/><U91/><E102/><V96/><F96/><AGARI ba="0,1" hai="58,59,77,78,79,91,94,96" m="49263,17647" machi="96" ten="30,7700,0" yaku="8,1,52,2,54,1" doraHai="52" who="1" fromWho="2" sc="257,0,240,87,358,-77,135,0" /><INIT seed="5,0,0,4,2,72" ten="257,327,281,135" oya="1" hai0="133,82,107,56,134,46,55,77,131,4,83,97,57" hai1="34,64,90,81,102,61,27,125,99,130,20,105,60" hai2="58,73,30,47,14,67,86,31,16,43,6,36,91" hai3="75,37,119,68,88,19,121,35,0,40,63,78,49"/><U44/><E130/><V12/><F73/><W9/><G121/><T50/><D4/><U52/><E125/><V18/><F6/><W24/><G119/><T28/><D28/><U25/><E90/><V23/><F67/><W123/><G123/><T41/><D131/><U132/><E132/><V108/><F58/><W17/><G37/><T94/><D107/><U26/><E81/><V38/><F38/><W112/><G112/><T33/><D33/><U101/><E102/><V95/><REACH who="2" step="1"/><F108/><REACH who="2" ten="257,327,271,135" step="2"/><W51/><G68/><T74/><D57/><N who="1" m="34855" /><E44/><V96/><F96/><W93/><G75/><T39/><REACH who="0" step="1"/><D83/><REACH who="0" ten="247,327,271,135" step="2"/><U110/><E110/><V32/><F32/><W111/><G35/><T120/><D120/><U113/><E34/><V129/><F129/><W117/><G111/><T128/><D128/><U114/><E114/><V115/><F115/><W53/><G117/><T79/><D79/><U22/><E113/><V42/><F42/><W106/><G78/><T100/><AGARI ba="0,2" hai="39,41,46,50,55,56,74,77,82,94,97,100,133,134" machi="100" ten="30,7900,0" yaku="1,1,0,1,52,1,53,1" doraHai="72" doraHaiUra="48" who="0" fromWho="0" sc="247,99,327,-39,271,-20,135,-20" /><INIT seed="6,0,0,5,1,69" ten="346,288,251,115" oya="2" hai0="8,89,100,82,30,126,52,26,40,6,32,50,84" hai1="41,76,111,127,20,86,91,59,13,11,31,80,130" hai2="3,93,48,57,15,95,19,104,7,58,83,116,72" hai3="119,122,79,55,25,103,98,38,54,99,36,128,22"/><V68/><F104/><W42/><G119/><T112/><D112/><U102/><E111/><V43/><F68/><W23/><G79/><T120/><D126/><U101/><E127/><V16/><F3/><W29/><G42/><T66/><D66/><U56/><E130/><V118/><F7/><W75/><G25/><T97/><D40/><U17/><E41/><V5/><F5/><W133/><G29/><T47/><D120/><U46/><E46/><V132/><F43/><W9/><G9/><T135/><D135/><U90/><E91/><V71/><F71/><W24/><G24/><T60/><D60/><U37/><E37/><V1/><F1/><W34/><G103/><N who="1" m="39434" /><E90/><V88/><F132/><W33/><G133/><T27/><D30/><U108/><E108/><V114/><F114/><W49/><G75/><T64/><D64/><U2/><E2/><V78/><F95/><W39/><G49/><T53/><D53/><N who="3" m="19977" /><G122/><T134/><D32/><N who="3" m="12393" /><G128/><T4/><D4/><N who="1" m="3303" /><E31/><V96/><F48/><W121/><G121/><T131/><D131/><U92/><E92/><V70/><F70/><W129/><G129/><T35/><D35/><U106/><E106/><V85/><F72/><W125/><G125/><T44/><D44/><U0/><E0/><V18/><REACH who="2" step="1"/><F15/><AGARI ba="0,0" hai="15,17,20,56,59,76,80,86" m="3303,39434" machi="15" ten="30,1000,0" yaku="8,1" doraHai="69" who="1" fromWho="2" sc="346,0,288,10,251,-10,115,0" /><INIT seed="7,0,0,2,2,83" ten="346,298,241,115" oya="3" hai0="80,13,46,38,105,70,128,110,69,17,98,23,18" hai1="79,62,72,109,36,29,104,71,6,26,102,66,51" hai2="47,99,101,5,3,81,68,133,25,123,86,19,87" hai3="52,130,115,30,134,49,85,32,100,132,88,89,35"/><W15/><G115/><T11/><D110/><U43/><E109/><V24/><F68/><W126/><G130/><T37/><D128/><U57/><E6/><V34/><F133/><N who="3" m="51307" /><G126/><T91/><D105/><U45/><E79/><V95/><F123/><W119/><G119/><T12/><D70/><U94/><E94/><V39/><F34/><N who="3" m="12843" /><G30/><T33/><D33/><N who="1" m="20663" /><E57/><V7/><F3/><W31/><G31/><T135/><D135/><U61/><E62/><V4/><F39/><W48/><G100/><T41/><D69/><U22/><E22/><V53/><F19/><W106/><G106/><T14/><D14/><U8/><E51/><N who="3" m="19530" /><G15/><T21/><D11/><U76/><E8/><V93/><F25/><W65/><G65/><T64/><D64/><U44/><E44/><V77/><F24/><W28/><G28/><T9/><D9/><U54/><E76/><V125/><F125/><W111/><G111/><T127/><D127/><U58/><E72/><V82/><F47/><W42/><G42/><T16/><D37/><U56/><E54/><V124/><F124/><W114/><G114/><T75/><D75/><U116/><E116/><V131/><F131/><W74/><G74/><T1/><D1/><U108/><E108/><V0/><F53/><W63/><G85/><N who="0" m="50599" /><D18/><U103/><E103/><V27/><F27/><W20/><G20/><T60/><D60/><U55/><E55/><V129/><F0/><W122/><G122/><T84/><D84/><U113/><E113/><V107/><F129/><W92/><G92/><T118/><D118/><U78/><E78/><AGARI ba="0,0" hai="4,5,7,77,78,81,82,86,87,93,95,99,101,107" machi="78" ten="40,5200,0" yaku="9,1,52,2" doraHai="83" who="2" fromWho="1" sc="346,0,298,-52,241,52,115,0" owari="346,44.0,246,-15.0,293,9.0,115,-38.0" /></mjloggm>