<mjloggm ver="2.3"><GO type="41" lobby="0"/><UN n0="%48%69%72%6F%6B%69%4B" n1="%E2%93%9D%53%75%70%68%78" n2="%77%69%74%68%6C%75%63%6B" n3="%E3%81%88%E3%81%A6%E3%81%93%E3%81%86%6E" dan="13,18,14,15" rate="1862.97,2143.48,1945.40,1948.91" sx="M,M,M,F"/><TAIKYOKU oya="0"/><INIT seed="0,0,0,5,3,75" ten="250,250,250,250" oya="0" hai0="11,79,15,30,119,60,87,6,103,77,124,65,41" hai1="39,110,78,71,24,3,106,12,129,50,5,101,31" hai2="96,126,16,135,2,107,64,36,82,8,104,66,55" hai3="33,114,125,14,44,116,27,100,88,32,113,73,13"/><T52/><D119/><U85/><E39/><V9/><F36/><W89/><G100/><T92/><D124/><U112/><E3/><V81/><F126/><W38/><G73/><T98/><D41/><U127/><E110/><V76/><F135/><W102/><G125/><T80/><D30/><U67/><E129/><V86/><F2/><W122/><G38/><T37/><D37/><U10/><E112/><V40/><F40/><W18/><G102/><T118/><D118/><U61/><E50/><V109/><F109/><W72/><G72/><T97/><D97/><U105/><E127/><V0/><F0/><W47/><G27/><T34/><D34/><U48/><E48/><V49/><F96/><W26/><G26/><T29/><D29/><U115/><E115/><V7/><F7/><W133/><G18/><T45/><D65/><U54/><E54/><V53/><F49/><W99/><G99/><T58/><D45/><U68/><E68/><V134/><F134/><W51/><G51/><T74/><D74/><U46/><E46/><V83/><F83/><W90/><G90/><AGARI ba="0,0" hai="6,11,15,52,58,60,77,79,80,87,90,92,98,103" machi="90" ten="30,12000,1" yaku="7,1,8,1,52,2,54,1" doraHai="75" who="0" fromWho="3" sc="250,120,250,0,250,0,250,-120" /><INIT seed="0,1,0,1,0,88" ten="370,250,250,130" oya="0" hai0="7,34,69,72,52,82,27,94,107,22,19,96,132" hai1="92,38,127,12,90,32,30,120,24,40,95,4,46" hai2="1,54,109,131,76,75,31,98,99,100,116,41,122" hai3="118,81,16,65,104,117,91,89,39,66,8,43,79"/><T35/><D132/><U0/><E120/><V102/><F1/><W48/><G104/><T20/><D69/><U97/><E127/><V36/><F122/><W60/><G39/><T70/><D70/><U87/><E0/><V64/><F64/><W51/><G43/><T111/><D107/><U10/><REACH who="1" step="1"/><E97/><REACH who="1" ten="370,240,250,130" step="2"/><V83/><F116/><W126/><G126/><T130/><D130/><U42/><E42/><V44/><F131/><W115/><G115/><T106/><D106/><U84/><E84/><V73/><F73/><W103/><G118/><T105/><D105/><U121/><E121/><V71/><F99/><W114/><G117/><T129/><D129/><U78/><E78/><V5/><F98/><W113/><G79/><T56/><D111/><U33/><E33/><V108/><F75/><W59/><G103/><T47/><D35/><U58/><E58/><V25/><F71/><W11/><G59/><T50/><D34/><U28/><E28/><V68/><F68/><W9/><G81/><AGARI ba="1,1" hai="4,10,12,24,30,32,38,40,46,81,87,90,92,95" machi="81" ten="30,7700,0" yaku="1,1,7,1,52,2,53,0" doraHai="88" doraHaiUra="123" who="1" fromWho="3" sc="370,0,240,90,250,0,130,-80" /><INIT seed="1,0,0,5,0,60" ten="370,330,250,50" oya="1" hai0="63,4,9,12,85,125,101,53,78,103,38,55,42" hai1="36,51,54,70,123,72,79,34,76,14,112,133,17" hai2="117,81,23,127,92,21,83,122,28,2,32,94,96" hai3="106,74,98,62,0,6,30,69,66,19,95,61,24"/><U68/><E123/><V27/><F122/><W108/><G108/><T50/><D125/><U7/><E36/><V25/><F117/><W33/><G19/><T73/><D73/><U109/><E34/><V89/><F127/><W129/><G129/><T52/><D38/><U40/><E40/><V124/><F124/><W67/><G74/><T90/><D63/><U77/><E112/><V26/><F2/><W97/><G106/><T121/><D121/><U126/><E133/><V10/><F10/><W49/><G49/><T41/><D41/><U132/><E132/><V115/><F115/><W35/><G35/><T116/><D116/><U100/><E7/><V59/><F32/><W111/><G111/><T75/><D75/><U16/><E126/><V93/><F27/><W1/><G6/><T15/><D12/><U29/><E29/><V84/><F81/><W39/><G39/><T91/><D91/><U31/><E31/><V37/><F37/><W128/><G128/><T58/><D58/><U44/><E109/><V57/><REACH who="2" step="1"/><F96/><REACH who="2" ten="370,330,240,50" step="2"/><W48/><G98/><T11/><D11/><U102/><E72/><V134/><F134/><W65/><G0/><T120/><D120/><U130/><E130/><V56/><F56/><W64/><G1/><T8/><D8/><U71/><REACH who="1" step="1"/><E14/><REACH who="1" ten="370,320,240,50" step="2"/><V118/><F118/><W86/><N who="3" m="16384" /><DORA hai="135" /><W113/><G33/><T88/><D15/><U13/><E13/><V3/><F3/><W43/><G113/><T107/><D4/><U46/><E46/><V47/><F47/><W105/><G24/><T22/><D9/><U99/><E99/><RYUUKYOKU ba="0,2" sc="370,-15,320,15,240,15,50,-15" hai1="16,17,44,51,54,68,70,71,76,77,79,100,102" hai2="21,23,25,26,28,57,59,83,84,89,92,93,94" /><INIT seed="1,1,2,0,1,30" ten="355,335,255,35" oya="1" hai0="132,76,45,7,130,48,34,44,112,37,120,21,16" hai1="89,47,114,101,19,107,57,0,39,36,92,13,106" hai2="6,41,54,78,85,72,28,129,64,51,102,94,23" hai3="79,65,1,121,127,134,22,50,33,24,95,87,55"/><U38/><E0/><V109/><F129/><W26/><G121/><T8/><D112/><U31/><E114/><V135/><F135/><W10/><G134/><T42/><D132/><U52/><E31/><V104/><F109/><W70/><G127/><T75/><D130/><U40/><E101/><V105/><F6/><W29/><G70/><T98/><D120/><U133/><E133/><V62/><F41/><W58/><G65/><T49/><D98/><U11/><E107/><V110/><F110/><W90/><G79/><T74/><D76/><U4/><E106/><V80/><F72/><W125/><G125/><T63/><D63/><U59/><E4/><V66/><F105/><W91/><G1/><T116/><D37/><U32/><E32/><V5/><F5/><W100/><G10/><T131/><D34/><U82/><E82/><V83/><F83/><W53/><G91/><T9/><D9/><U97/><REACH who="1" step="1"/><E59/><REACH who="1" ten="355,325,255,35" step="2"/><N who="2" m="33247" /><F104/><W46/><G100/><T113/><D113/><U124/><E124/><V84/><F102/><W14/><G14/><T73/><D131/><U12/><E12/><V126/><F126/><W71/><G71/><T115/><D115/><U69/><E69/><V56/><F94/><W118/><G118/><T117/><D7/><U111/><E111/><V99/><F99/><W15/><G15/><T67/><D117/><U77/><E77/><V122/><F122/><W60/><REACH who="3" step="1"/><G26/><REACH who="3" ten="355,325,255,25" step="2"/><T123/><D116/><U103/><E103/><V108/><F108/><W86/><G86/><T25/><D123/><U88/><E88/><V27/><F85/><W61/><G61/><AGARI ba="1,4" hai="11,13,19,36,38,39,40,47,52,57,61,89,92,97" machi="61" ten="30,11600,0" yaku="1,1,6,1,7,1,54,1,53,0" doraHai="30" doraHaiUra="96" who="1" fromWho="3" sc="355,0,325,159,255,0,25,-119" owari="355,16.0,484,57.0,255,-14.0,-94,-59.0" /></mjloggm>