<mjloggm ver="2.3"><GO type="41" lobby="0"/><UN n0="%E2%93%9D%53%75%70%68%78" n1="%E9%87%8E%E6%9D%91%E5%B1%8B" n2="%E6%97%A5%E9%99%B0%E3%81%95%E3%82%93" n3="%E4%BF%AE%E7%BE%85%E6%9D%90" dan="17,14,15,13" rate="2032.51,1816.52,2035.23,1849.94" sx="M,M,F,M"/><TAIKYOKU oya="0"/><INIT seed="0,0,0,3,0,46" ten="250,250,250,250" oya="0" hai0="50,113,61,8,2,44,131,77,36,103,74,30,98" hai1="109,86,130,12,115,19,6,54,90,11,49,10,72" hai2="125,51,75,45,92,85,32,110,25,73,89,18,71" hai3="62,121,114,124,101,13,135,20,5,40,76,58,80"/><T112/><D131/><U57/><E130/><V120/><F120/><W81/><G114/><T96/><D96/><U134/><E109/><V0/><F125/><W55/><G124/><T35/><D36/><U127/><E134/><V27/><F0/><W132/><G135/><T16/><D61/><U47/><E115/><V123/><F110/><W3/><G121/><T84/><D74/><U48/><E127/><V39/><F71/><W129/><G129/><T42/><D30/><U37/><E72/><V69/><F69/><W22/><G101/><T102/><D102/><U63/><E37/><V70/><F70/><W41/><G3/><T97/><D97/><U94/><E47/><V65/><F65/><W117/><G132/><T100/><D100/><U29/><E29/><V7/><F7/><W34/><G34/><T88/><D77/><U126/><E126/><V56/><F56/><W26/><G117/><T122/><D35/><U23/><REACH who="1" step="1"/><E11/><REACH who="1" ten="250,240,250,250" step="2"/><V21/><F123/><W24/><G76/><T99/><D122/><U67/><E67/><V133/><F39/><W9/><G41/><T108/><D108/><U111/><E111/><V17/><F133/><W59/><G40/><T68/><D113/><U95/><E95/><V28/><REACH who="2" step="1"/><F18/><REACH who="2" ten="250,240,240,250" step="2"/><N who="3" m="12311" /><G81/><N who="0" m="49167" /><D112/><U60/><E60/><V106/><F106/><W107/><G107/><T14/><D103/><U119/><E119/><V91/><F91/><W1/><G80/><T87/><D68/><U15/><AGARI ba="0,2" hai="6,10,12,15,19,23,48,49,54,57,63,86,90,94" machi="15" ten="20,12000,2" yaku="1,1,0,1,7,1,8,1,52,2,53,0" doraHai="46" doraHaiUra="78" who="1" fromWho="1" sc="250,-60,240,140,240,-30,250,-30" /><INIT seed="1,0,0,5,4,23" ten="190,380,210,220" oya="1" hai0="45,8,70,36,30,100,105,102,109,66,50,106,126" hai1="94,49,25,82,28,93,51,55,4,46,18,135,68" hai2="132,26,110,37,85,71,75,15,21,112,117,6,78" hai3="83,9,17,98,77,99,121,134,56,133,44,32,80"/><U104/><E104/><V12/><F75/><W97/><G32/><T120/><D126/><U114/><E114/><V52/><F112/><W90/><G121/><T2/><D109/><U61/><E4/><V129/><F117/><W62/><G44/><T38/><D30/><U91/><E18/><V108/><F37/><W95/><G9/><T65/><D45/><U119/><E119/><V14/><F129/><W0/><G17/><T87/><D87/><U34/><E68/><V113/><F132/><N who="3" m="50795" /><G0/><T116/><D50/><U20/><E34/><V111/><F113/><W79/><G56/><T47/><D47/><U130/><E130/><V123/><F71/><W11/><G11/><T88/><D8/><U69/><E49/><V59/><F123/><W33/><G33/><T24/><D70/><U31/><E31/><N who="2" m="17871" /><F6/><W22/><G22/><T72/><D120/><U29/><E29/><V54/><F59/><W76/><G62/><T13/><D116/><U42/><E69/><V41/><F41/><W35/><G35/><T118/><D118/><U19/><E28/><V1/><F1/><W58/><G58/><T86/><D2/><U89/><E135/><V101/><F101/><W39/><G39/><T125/><D102/><U10/><E42/><V16/><F16/><W60/><G60/><T7/><D38/><U43/><E61/><V3/><F3/><W107/><G107/><T81/><D106/><U96/><E43/><V53/><F53/><W127/><G127/><T115/><D115/><U92/><E46/><V63/><F63/><W57/><G57/><T5/><D125/><RYUUKYOKU ba="0,0" sc="190,-15,380,-15,210,15,220,15" hai2="12,14,15,52,54,78,85,108,110,111" hai3="76,77,79,80,83,90,95,97,98,99" /><INIT seed="2,1,0,3,3,65" ten="175,365,225,235" oya="2" hai0="135,56,90,49,133,27,34,134,48,4,91,63,128" hai1="36,131,66,46,38,5,89,86,15,94,120,16,110" hai2="123,55,105,80,71,17,60,104,92,126,44,43,85" hai3="103,30,132,51,13,58,98,67,129,84,74,39,114"/><V79/><F123/><W77/><G39/><T57/><D4/><U112/><E112/><V102/><F126/><W0/><G74/><T22/><D34/><U12/><E120/><V106/><F17/><W97/><G0/><T68/><D128/><U93/><E66/><V125/><F125/><W28/><G129/><T29/><D68/><U127/><E127/><V45/><F43/><W19/><G114/><T47/><D49/><U99/><E110/><V124/><F124/><W130/><G132/><T20/><D20/><U21/><E46/><V121/><F121/><W122/><G130/><T7/><D7/><U101/><REACH who="1" step="1"/><E131/><REACH who="1" ten="175,355,225,235" step="2"/><V40/><F45/><W87/><G122/><T81/><D57/><U11/><AGARI ba="1,1" hai="5,11,12,15,16,21,36,38,86,89,93,94,99,101" machi="11" ten="30,7900,0" yaku="1,1,2,1,0,1,54,1,53,0" doraHai="65" doraHaiUra="115" who="1" fromWho="1" sc="175,-21,355,92,225,-40,235,-21" /><INIT seed="3,0,0,4,1,125" ten="154,447,185,214" oya="3" hai0="102,41,92,88,90,60,18,105,59,10,58,91,43" hai1="128,36,42,98,115,12,110,130,87,34,74,83,44" hai2="133,121,11,132,48,86,113,47,123,106,22,29,25" hai3="40,17,95,63,135,122,72,75,73,35,118,21,67"/><W89/><G122/><N who="2" m="46601" /><F106/><W13/><G118/><T4/><D105/><U120/><E120/><V111/><F113/><W100/><G35/><T93/><D18/><U79/><E115/><V31/><F86/><W8/><G135/><N who="2" m="51785" /><F11/><W116/><G116/><T112/><D112/><U39/><E110/><V1/><F1/><W51/><G100/><T71/><D71/><U99/><E34/><V126/><F126/><W117/><G117/><T16/><D4/><U38/><E12/><V82/><F82/><W107/><G107/><T45/><D59/><U77/><E77/><V97/><F97/><W96/><G8/><T62/><D58/><U33/><E33/><V30/><F111/><W9/><G9/><T37/><D43/><AGARI ba="0,0" hai="22,25,29,30,31,43,47,48" m="51785,46601" machi="43" ten="30,2000,0" yaku="13,1,20,1" doraHai="125" who="2" fromWho="0" sc="154,-20,447,0,185,20,214,0" /><INIT seed="4,0,0,1,1,73" ten="134,447,205,214" oya="0" hai0="36,65,77,23,82,61,122,133,121,128,5,33,62" hai1="64,83,58,29,16,67,135,47,112,11,39,3,131" hai2="111,79,63,60,13,100,107,86,97,109,74,98,6" hai3="43,87,50,105,113,110,72,68,0,84,24,1,21"/><T40/><D33/><U129/><E29/><V8/><F74/><W22/><G68/><T132/><D5/><U103/><E135/><N who="0" m="51785" /><D23/><U10/><E103/><V53/><F98/><W35/><G35/><T66/><D82/><U18/><E112/><V125/><F125/><W15/><G24/><T57/><D77/><U127/><E127/><V71/><F71/><W85/><G105/><T80/><D80/><U101/><E101/><V95/><F53/><W91/><G72/><T124/><D124/><U46/><E83/><V55/><F55/><W70/><G21/><T25/><D25/><U118/><E58/><V108/><F79/><W12/><G22/><T51/><D51/><U119/><REACH who="1" step="1"/><E39/><REACH who="1" ten="134,437,205,214" step="2"/><V9/><F108/><W59/><G110/><T28/><D28/><U123/><E123/><V76/><F100/><W34/><G34/><T116/><D128/><U27/><E27/><V2/><F109/><W78/><G78/><T102/><D102/><U89/><E89/><V37/><F76/><W104/><G91/><T14/><D116/><U126/><E126/><V45/><F111/><W106/><G104/><T42/><D36/><U75/><E75/><V20/><F107/><W7/><G106/><T52/><D122/><U96/><E96/><V49/><F97/><W31/><G31/><T117/><D117/><U54/><E54/><V93/><F37/><W92/><G113/><T26/><D121/><U120/><E120/><V32/><F32/><W56/><G56/><N who="0" m="37031" /><D26/><U4/><E4/><V38/><F38/><W130/><G7/><T30/><D30/><U44/><E44/><RYUUKYOKU ba="0,1" sc="134,-10,437,30,205,-10,214,-10" hai1="3,10,11,16,18,46,47,64,67,118,119,129,131" /><INIT seed="5,1,1,5,5,13" ten="124,467,195,204" oya="1" hai0="92,74,46,22,5,100,99,101,69,77,36,33,80" hai1="7,60,109,31,41,90,51,124,94,73,134,70,20" hai2="93,47,106,9,118,105,63,121,17,32,3,24,115" hai3="35,19,76,23,37,40,64,86,53,123,104,98,28"/><U38/><E73/><V54/><F118/><W0/><G123/><T114/><D33/><U39/><E7/><V130/><F121/><W50/><G0/><T87/><D69/><U49/><E124/><V56/><F130/><W21/><G35/><T62/><D114/><U1/><E1/><V119/><F119/><W14/><G37/><T66/><D5/><U2/><E2/><V68/><F3/><W16/><G40/><T52/><D74/><U45/><E134/><V75/><F68/><W30/><G104/><T72/><D72/><U95/><E39/><V111/><F111/><W78/><G64/><T120/><D120/><U58/><E90/><V34/><F34/><W126/><G98/><T132/><D132/><U128/><E128/><V27/><F27/><N who="3" m="14783" /><G126/><T133/><D133/><U83/><E83/><V122/><F75/><W79/><G86/><T59/><D22/><U107/><E107/><V96/><F122/><W85/><G85/><T18/><D36/><U48/><E70/><V15/><F115/><W11/><G11/><T29/><D29/><U71/><E71/><V43/><F32/><W25/><G25/><T127/><D127/><U65/><E109/><V42/><F24/><W57/><AGARI ba="1,1" hai="14,16,23,28,30,50,53,57,76,78,79" m="14783" machi="57" ten="30,7900,0" yaku="8,1,52,2,54,1" doraHai="13" who="3" fromWho="3" sc="124,-21,467,-40,195,-21,204,92" /><INIT seed="6,0,0,5,2,71" ten="103,427,174,296" oya="2" hai0="98,134,119,23,44,32,106,31,25,94,5,51,113" hai1="40,93,131,11,0,57,132,2,37,67,92,21,30" hai2="95,3,63,99,35,117,50,28,120,103,83,46,24" hai3="10,19,133,108,4,101,70,129,82,87,111,126,34"/><V13/><F3/><W8/><G70/><T123/><D134/><U105/><E105/><V1/><F1/><W102/><G133/><T81/><D123/><U74/><E74/><V43/><F120/><W128/><G34/><T80/><D106/><U6/><E131/><N who="3" m="50250" /><G19/><T90/><D113/><U110/><E110/><N who="3" m="42026" /><G126/><T12/><D119/><U39/><E132/><V52/><F117/><W16/><G16/><T84/><D32/><U91/><E93/><V45/><F83/><W109/><N who="3" m="42034" /><W125/><DORA hai="20" /><G125/><T54/><REACH who="0" step="1"/><D98/><REACH who="0" ten="93,427,174,296" step="2"/><U18/><E30/><V122/><F122/><W22/><G22/><T116/><D116/><U118/><E21/><V65/><F13/><N who="3" m="5255" /><G10/><AGARI ba="0,1" hai="5,10,12,23,25,31,44,51,54,80,81,84,90,94" machi="10" ten="40,5200,0" yaku="1,1,8,1,52,1,53,0" doraHai="71,20" doraHaiUra="100,97" who="0" fromWho="3" sc="93,62,427,0,174,0,296,-52" /><INIT seed="7,0,0,2,1,92" ten="155,427,174,244" oya="3" hai0="116,34,51,70,32,80,131,66,94,110,128,127,13" hai1="44,67,118,99,103,71,4,62,54,10,107,95,35" hai2="86,46,48,106,74,53,5,78,26,64,114,22,39" hai3="102,19,1,79,24,104,41,111,63,88,101,21,59"/><W17/><G111/><T134/><D110/><U76/><E35/><V29/><F114/><W49/><G1/><T82/><D116/><U8/><E118/><V112/><F112/><W65/><G104/><T11/><D127/><U129/><E129/><N who="0" m="49737" /><D134/><U133/><E133/><V124/><F106/><W55/><G79/><T33/><D51/><U15/><E76/><V40/><F124/><W43/><G17/><N who="0" m="8383" /><D94/><U72/><E72/><V117/><F117/><W77/><G77/><T90/><D90/><U122/><E122/><V25/><F5/><W0/><G0/><T30/><D30/><U14/><E44/><V47/><F64/><W38/><G38/><T73/><D73/><U52/><E107/><V126/><F126/><W2/><G2/><T105/><D105/><U108/><E108/><V115/><F115/><W75/><G75/><T61/><AGARI ba="0,0" hai="32,33,34,61,66,70,80,82" m="8383,49737" machi="61" ten="40,1500,0" yaku="19,1" doraHai="92" who="0" fromWho="0" sc="155,15,427,-4,174,-4,244,-7" owari="170,-23.0,423,52.0,170,-33.0,237,4.0" /></mjloggm>