<mjloggm ver="2.3"><GO type="41" lobby="0"/><UN n0="%41%73%68%79%65" n1="%E2%93%9D%53%75%70%68%78" n2="%74%61%6D%70%6F%70%6F%33" n3="%E6%82%B2%E9%81%8B%E3%81%AE%E6%B5%81%E6%98%9F" dan="14,18,14,14" rate="1968.70,2121.16,1954.22,1952.85" sx="M,M,M,M"/><TAIKYOKU oya="0"/><INIT seed="0,0,0,0,0,117" ten="250,250,250,250" oya="0" hai0="19,17,33,42,24,76,45,79,29,74,13,98,92" hai1="23,20,123,129,43,87,28,73,128,111,122,26,96" hai2="18,61,119,70,47,93,120,75,124,4,91,101,35" hai3="7,2,56,63,30,121,130,39,97,89,22,118,82"/><T126/><D126/><U100/><E73/><V88/><F120/><N who="1" m="46121" /><E43/><V115/><F115/><W40/><G121/><T131/><D74/><U1/><E87/><V3/><F124/><W53/><G118/><T60/><D131/><N who="1" m="50251" /><E1/><V86/><F119/><W38/><G130/><T37/><D60/><U34/><E111/><V81/><F35/><W14/><G2/><T50/><D19/><U108/><E108/><V114/><F114/><W62/><G40/><T59/><D59/><U69/><E69/><V127/><F127/><W80/><G39/><T44/><D44/><U105/><AGARI ba="0,0" hai="20,23,26,28,34,96,100,105" m="50251,46121" machi="105" ten="30,7900,0" yaku="19,1,52,3" doraHai="117" who="1" fromWho="1" sc="250,-39,250,79,250,-20,250,-20" /><INIT seed="1,0,0,1,5,3" ten="211,329,230,230" oya="1" hai0="84,90,55,99,17,33,15,129,19,54,116,7,5" hai1="80,93,25,118,60,48,11,4,69,36,10,16,71" hai2="127,0,96,66,2,6,14,111,42,121,46,79,29" hai3="132,102,40,45,88,130,35,13,89,32,124,133,56"/><U117/><E36/><V27/><F121/><W49/><G130/><T108/><D116/><U9/><E80/><V126/><F66/><W100/><G124/><T125/><D33/><U28/><E48/><V106/><F79/><W105/><G56/><T24/><D129/><U21/><E93/><V95/><F106/><W26/><G35/><T44/><D108/><U50/><E50/><V65/><F111/><W76/><G76/><T58/><D99/><U22/><E60/><V53/><F65/><W135/><G105/><T119/><D44/><U59/><E59/><V18/><F53/><N who="0" m="19978" /><D58/><U134/><E134/><V34/><F126/><W62/><G62/><T64/><D64/><U101/><E101/><N who="3" m="39018" /><G13/><T113/><D125/><U78/><E78/><V68/><F68/><W98/><G98/><T104/><D104/><U12/><REACH who="1" step="1"/><E4/><REACH who="1" ten="211,319,230,230" step="2"/><V87/><F127/><W61/><G61/><T81/><D119/><AGARI ba="0,1" hai="9,10,11,12,16,21,22,25,28,69,71,117,118,119" machi="119" ten="40,7700,0" yaku="1,1,2,1,54,1,53,0" doraHai="3" doraHaiUra="1" who="1" fromWho="0" sc="211,-77,319,87,230,0,230,0" /><INIT seed="1,1,0,2,4,29" ten="134,406,230,230" oya="1" hai0="32,24,87,48,99,1,131,19,79,13,0,44,46" hai1="95,15,55,120,56,28,30,31,67,130,110,62,47" hai2="106,103,123,112,57,127,4,71,86,66,115,114,60" hai3="117,35,58,75,92,40,94,128,16,69,70,7,109"/><U14/><E120/><V97/><F127/><W118/><G75/><T105/><D131/><U121/><E121/><V63/><F123/><W73/><G7/><T89/><D79/><U65/><E130/><V41/><F41/><W122/><G122/><T113/><D113/><U61/><E110/><V116/><F116/><W135/><G73/><T38/><D105/><U22/><E95/><V119/><F119/><W18/><G58/><T134/><D99/><U21/><E47/><V83/><F4/><W52/><G40/><T100/><D100/><U124/><E124/><V51/><F51/><W107/><G128/><T126/><D126/><U98/><E98/><V133/><F133/><W104/><G135/><T36/><D134/><U6/><E6/><V42/><F42/><W45/><G45/><T96/><D96/><U125/><E125/><V49/><F49/><W10/><G10/><T53/><D46/><U78/><E78/><V9/><F9/><W85/><G85/><T82/><D38/><U50/><E50/><V25/><F25/><W111/><G35/><T129/><D36/><U93/><E93/><V43/><F43/><W39/><G39/><T17/><D129/><U90/><E90/><N who="2" m="51551" /><F63/><W74/><G74/><T84/><D84/><U77/><E77/><V12/><F12/><N who="1" m="4649" /><E62/><V23/><F23/><AGARI ba="1,0" hai="21,22,23,28,30,31,55,56,61,65,67" m="4649" machi="23" ten="30,1500,0" yaku="8,1" doraHai="29" who="1" fromWho="2" sc="134,0,406,18,230,-18,230,0" /><INIT seed="1,2,0,3,5,24" ten="134,424,212,230" oya="1" hai0="33,118,58,0,41,62,92,6,52,119,131,79,9" hai1="48,126,13,101,86,38,128,115,102,116,90,54,87" hai2="104,108,81,83,57,91,109,10,51,27,134,98,49" hai3="125,100,132,14,17,21,121,110,64,80,114,31,124"/><U95/><E115/><V42/><F134/><W74/><G121/><T40/><D131/><U44/><E126/><V120/><F120/><W117/><G114/><T113/><D113/><U84/><E116/><V32/><F10/><W107/><G132/><T16/><D79/><U129/><E38/><V23/><F32/><W77/><G110/><N who="2" m="42601" /><F42/><W105/><G117/><T66/><D33/><U97/><REACH who="1" step="1"/><E13/><REACH who="1" ten="134,414,212,230" step="2"/><V8/><F8/><W47/><G124/><T22/><D119/><U96/><E96/><V88/><F81/><W103/><G80/><T46/><D118/><U53/><E53/><N who="2" m="31919" /><F83/><W73/><G125/><T26/><D41/><U68/><E68/><V15/><F15/><W43/><G14/><T85/><D40/><U39/><E39/><V11/><F11/><W127/><G127/><T5/><D5/><U123/><E123/><V130/><F130/><AGARI ba="2,1" hai="44,48,54,84,86,87,90,95,97,101,102,128,129,130" machi="130" ten="40,3900,0" yaku="1,1,19,1,53,0" doraHai="24" doraHaiUra="19" who="1" fromWho="2" sc="134,0,414,55,212,-45,230,0" /><INIT seed="1,3,0,2,1,83" ten="134,469,167,230" oya="1" hai0="71,62,125,44,22,33,5,57,107,119,87,94,75" hai1="30,129,47,48,133,26,55,122,50,25,4,70,21" hai2="31,13,79,130,12,114,124,85,72,17,28,110,93" hai3="61,81,135,41,104,10,91,88,0,58,15,126,36"/><U20/><E122/><V128/><F110/><W63/><G0/><T2/><D33/><U99/><E70/><V120/><F120/><W121/><G104/><T49/><D119/><U96/><E129/><N who="2" m="49771" /><F72/><W67/><G121/><T56/><D107/><U37/><E37/><V76/><F124/><W8/><G126/><T34/><D75/><U27/><E133/><V89/><F114/><W9/><G135/><T118/><D34/><U6/><E50/><V74/><F74/><W101/><G101/><T60/><D118/><U90/><E27/><V11/><F12/><W69/><G41/><T7/><D71/><U78/><E78/><AGARI ba="3,0" hai="11,13,17,28,31,76,78,79,85,89,93" m="49771" machi="78" ten="30,2000,0" yaku="19,1,52,1" doraHai="83" who="2" fromWho="1" sc="134,0,469,-29,167,29,230,0" /><INIT seed="2,0,0,5,2,58" ten="134,440,196,230" oya="2" hai0="135,127,75,114,100,129,83,96,85,13,90,14,86" hai1="74,53,89,106,50,88,54,76,11,80,34,109,29" hai2="69,81,26,124,5,35,68,23,9,72,37,1,25" hai3="87,38,45,121,77,47,56,115,84,112,18,99,107"/><V79/><F37/><W94/><G107/><T117/><D114/><U125/><E109/><V93/><F124/><W82/><G121/><T60/><D127/><U95/><E106/><V48/><F26/><W8/><G87/><T46/><D129/><U104/><E104/><V12/><F93/><W134/><G134/><T101/><D135/><U102/><E54/><V28/><REACH who="2" step="1"/><F48/><REACH who="2" ten="134,440,186,230" step="2"/><W55/><G38/><T61/><D117/><U31/><E50/><V103/><F103/><N who="0" m="39498" /><D75/><U122/><E74/><V6/><F6/><W52/><G112/><T118/><D118/><U27/><E27/><V64/><F64/><W130/><G115/><T62/><D96/><U123/><E125/><V43/><F43/><W108/><G130/><T3/><D3/><U16/><E123/><V17/><F17/><W105/><G18/><T19/><D19/><U131/><E122/><V15/><F15/><W113/><G99/><T24/><D24/><U132/><E131/><V92/><F92/><W65/><G94/><N who="0" m="54607" /><D46/><U67/><E132/><V110/><F110/><W97/><G45/><T59/><D59/><U39/><E102/><V70/><F70/><W126/><G47/><T51/><D51/><U111/><E111/><V2/><F2/><W4/><G108/><T36/><D36/><U42/><E39/><V120/><F120/><W32/><G126/><T33/><D33/><U7/><E34/><V30/><F30/><W133/><G32/><T41/><D41/><U119/><E31/><V40/><F40/><W63/><G133/><T128/><D128/><U98/><E42/><V44/><F44/><RYUUKYOKU ba="0,1" sc="134,15,440,-15,186,15,230,-15" hai0="13,14,60,61,62,83,86" hai2="1,5,9,12,23,25,28,35,68,69,72,79,81" /><INIT seed="2,1,1,4,0,68" ten="149,425,201,215" oya="2" hai0="19,2,29,92,100,10,93,117,108,50,120,121,35" hai1="105,129,89,4,103,127,64,59,73,54,56,110,95" hai2="24,131,63,58,21,130,67,7,91,81,9,34,123" hai3="47,48,102,22,126,114,97,46,87,41,128,79,55"/><V13/><F123/><W32/><G32/><T134/><D134/><U109/><E73/><V0/><F81/><W111/><G111/><N who="1" m="42506" /><E127/><V124/><F91/><W61/><G126/><T27/><D108/><U16/><E4/><V40/><F124/><W86/><G128/><T116/><D50/><U17/><E103/><V38/><F34/><W115/><G22/><T96/><D93/><U118/><E118/><N who="0" m="45673" /><D19/><U33/><E105/><V133/><F0/><W88/><G79/><T42/><D42/><U5/><E5/><AGARI ba="1,1" hai="2,5,10,27,29,35,92,96,100,120,121" m="45673" machi="5" ten="30,1000,0" yaku="12,1" doraHai="68" who="0" fromWho="1" sc="149,23,425,-13,201,0,215,0" /><INIT seed="3,0,0,5,1,51" ten="172,412,201,215" oya="3" hai0="90,81,52,128,106,67,8,46,31,99,9,68,72" hai1="91,11,109,96,130,119,28,108,103,101,49,41,93" hai2="43,37,85,86,111,1,55,50,110,76,115,80,117" hai3="100,16,38,135,63,64,26,107,126,82,0,61,83"/><W95/><G107/><T2/><D31/><U35/><E130/><V120/><F115/><W69/><G38/><T132/><D128/><U60/><E60/><V58/><F117/><W10/><G126/><T112/><D112/><U121/><E121/><V19/><F120/><W23/><G135/><T114/><D114/><U24/><E11/><V62/><F1/><W34/><G34/><T44/><D2/><U4/><E4/><V94/><F19/><W57/><G10/><T29/><D29/><U71/><E71/><V98/><F85/><W5/><G5/><T20/><D68/><U122/><E119/><V133/><F37/><W92/><G0/><T79/><D67/><U104/><E122/><V89/><F133/><W116/><G116/><T13/><D20/><U105/><E41/><V87/><F86/><W18/><G18/><T40/><D9/><U59/><E105/><V129/><F129/><W47/><G47/><T33/><D33/><U22/><E35/><V12/><REACH who="2" step="1"/><F12/><REACH who="2" ten="172,412,191,215" step="2"/><W45/><G45/><AGARI ba="0,1" hai="43,45,50,55,58,62,76,80,87,89,94,98,110,111" machi="45" ten="40,8000,1" yaku="1,1,2,1,52,1,53,1" doraHai="51" doraHaiUra="48" who="2" fromWho="3" sc="172,0,412,0,191,90,215,-80" /><INIT seed="4,0,0,1,0,11" ten="172,412,281,135" oya="0" hai0="32,102,35,25,117,109,100,5,107,58,23,84,18" hai1="103,131,52,85,133,4,86,8,59,83,87,95,22" hai2="43,134,7,49,89,50,44,51,40,28,6,119,110" hai3="113,96,112,62,78,90,80,71,9,79,72,67,21"/><T30/><D117/><U132/><E131/><V45/><F110/><W120/><G120/><T76/><D35/><U88/><E22/><V0/><F134/><N who="1" m="51817" /><E103/><V91/><F119/><W108/><G108/><T94/><D107/><U60/><E83/><V74/><F28/><W1/><G79/><T57/><D5/><N who="2" m="1546" /><F74/><W54/><G9/><T81/><D109/><U56/><E56/><V20/><F0/><AGARI ba="0,0" hai="0,4,8,52,59,60,85,86,87,88,95" m="51817" machi="0" ten="30,3900,0" yaku="20,1,54,2" doraHai="11" who="1" fromWho="2" sc="172,0,412,39,281,-39,135,0" /><INIT seed="5,0,0,5,0,21" ten="172,451,242,135" oya="1" hai0="31,9,125,129,15,101,2,64,107,103,65,99,26" hai1="96,128,48,135,97,41,90,119,104,50,109,67,134" hai2="13,35,68,60,20,6,55,1,85,18,57,105,117" hai3="74,112,95,7,17,118,11,72,22,75,56,14,123"/><U127/><E127/><V36/><F117/><W86/><G123/><T110/><D125/><U131/><E109/><V62/><F105/><W53/><G112/><T27/><D110/><U3/><E67/><V33/><F36/><W83/><G118/><T12/><D129/><N who="1" m="49739" /><E3/><V102/><F102/><W19/><G19/><T98/><D2/><U24/><E41/><V94/><F68/><W79/><G95/><T122/><D122/><U42/><E42/><V47/><F62/><W76/><G76/><T69/><D69/><U88/><E24/><V54/><F94/><W124/><G124/><T91/><D91/><N who="1" m="34859" /><E119/><V111/><F85/><W44/><G44/><T40/><D40/><U28/><E28/><V120/><F120/><W92/><G92/><T66/><D31/><U59/><E59/><V61/><F111/><W30/><G30/><T51/><D51/><N who="1" m="19499" /><E104/><V130/><F130/><W38/><G38/><T4/><REACH who="0" step="1"/><D12/><REACH who="0" ten="162,451,242,135" step="2"/><U52/><E135/><V93/><F47/><W108/><G108/><T71/><D71/><U115/><E134/><V113/><F1/><W45/><G45/><T84/><D84/><U46/><E115/><V106/><F57/><W133/><G133/><T114/><D114/><U70/><E70/><V63/><F113/><W73/><G73/><T0/><D0/><U78/><E78/><V37/><F37/><W10/><REACH who="3" step="1"/><G7/><REACH who="3" ten="162,451,242,125" step="2"/><T89/><D89/><U29/><E29/><V87/><F6/><W126/><G126/><T58/><D58/><U16/><E16/><V8/><F18/><W34/><G34/><T81/><D81/><U39/><E39/><RYUUKYOKU ba="0,2" sc="162,10,451,10,242,-30,125,10" hai0="4,9,15,26,27,64,65,66,98,99,101,103,107" hai1="46,52,96,97" hai3="10,11,14,17,22,53,56,72,74,75,79,83,86" /><INIT seed="5,1,2,0,0,116" ten="172,461,212,135" oya="1" hai0="114,3,87,64,95,71,47,74,8,60,49,11,130" hai1="120,57,30,86,73,108,77,46,14,55,38,6,109" hai2="21,63,106,43,32,56,66,81,9,105,76,110,102" hai3="39,72,99,91,50,79,0,122,115,17,40,13,78"/><U51/><E120/><V125/><F110/><N who="1" m="42601" /><E30/><V31/><F32/><W127/><G0/><T67/><D74/><U1/><E1/><V98/><F106/><W35/><G39/><T23/><D130/><U107/><E107/><V96/><F98/><W53/><G40/><T133/><D133/><U62/><E86/><V59/><F125/><W75/><G35/><T119/><D119/><U118/><E77/><V26/><F43/><W41/><G41/><T128/><D128/><U15/><E6/><V70/><F9/><W36/><G36/><T88/><D114/><U25/><E25/><V5/><F5/><W24/><G24/><T22/><D64/><U52/><E118/><V20/><F21/><W94/><G127/><T28/><D3/><U101/><E101/><V85/><AGARI ba="1,2" hai="20,26,31,56,59,63,66,70,76,81,85,96,102,105" machi="85" ten="20,1500,0" yaku="0,1,7,1" doraHai="116" who="2" fromWho="2" sc="172,-5,461,-8,212,38,135,-5" /><INIT seed="6,0,0,5,1,120" ten="167,453,250,130" oya="2" hai0="11,37,21,38,46,99,107,95,39,36,31,87,97" hai1="132,109,4,135,10,98,64,29,105,110,61,100,68" hai2="52,88,40,25,106,32,102,123,49,48,89,66,103" hai3="112,128,69,20,22,15,42,3,77,76,119,111,117"/><V121/><F66/><W44/><G3/><T18/><D31/><U23/><E23/><V81/><F106/><W73/><G69/><T13/><D107/><U124/><E29/><V34/><F81/><W71/><G71/><T90/><D46/><U7/><E124/><V116/><F40/><W108/><G128/><T126/><D126/><U130/><E7/><V35/><F25/><W79/><G73/><T57/><D57/><U33/><E33/><V113/><F113/><W101/><G101/><N who="2" m="38409" /><F116/><W41/><G112/><T53/><D53/><U75/><E75/><V80/><F52/><W84/><G84/><T96/><N who="0" m="9216" /><DORA hai="47" /><T8/><AGARI ba="0,0" hai="8,11,13,18,21,87,90,95,96,97,99" m="9216" machi="8" ten="60,4000,0" yaku="4,1,0,1" doraHai="120,47" who="0" fromWho="0" sc="167,40,453,-10,250,-20,130,-10" /><INIT seed="7,0,0,5,3,102" ten="207,443,230,120" oya="3" hai0="3,75,116,120,37,39,132,84,6,99,17,115,18" hai1="119,68,72,86,53,59,118,122,114,49,93,23,38" hai2="112,41,48,83,97,19,98,73,24,56,109,66,105" hai3="94,45,8,107,92,62,111,130,126,13,1,101,104"/><W80/><G1/><T81/><D116/><N who="1" m="44587" /><E114/><V34/><F112/><W74/><G130/><T33/><D120/><U76/><E38/><V55/><F109/><W10/><G111/><T43/><D115/><U121/><E68/><V29/><F41/><W51/><G126/><T64/><D33/><U15/><E72/><V125/><F125/><W63/><G74/><T135/><D75/><U128/><E128/><V87/><F73/><W65/><G80/><T124/><D124/><U26/><E15/><V133/><F133/><N who="0" m="51274" /><D64/><U79/><E93/><V25/><F105/><W67/><G101/><T31/><D31/><N who="1" m="17887" /><E86/><V52/><F66/><W131/><G51/><T134/><D99/><U4/><E4/><V85/><F87/><W58/><G131/><T44/><D37/><U16/><E16/><V27/><F55/><W7/><G45/><T71/><D71/><U89/><E89/><V9/><F27/><W106/><REACH who="3" step="1"/><G10/><REACH who="3" ten="207,443,230,110" step="2"/><N who="0" m="2399" /><D134/><U96/><E122/><V28/><F9/><W95/><G95/><T36/><D36/><U78/><E121/><V61/><F48/><W32/><G32/><T40/><D40/><U77/><E77/><AGARI ba="0,1" hai="17,18,39,43,44,77,81,84" m="2399,51274" machi="77" ten="30,1000,0" yaku="20,1" doraHai="102" who="0" fromWho="1" sc="207,20,443,-10,230,0,110,0" owari="227,-17.0,433,53.0,230,3.0,110,-39.0" /></mjloggm>