<mjloggm ver="2.3"><GO type="41" lobby="0"/><UN n0="%E6%A1%83%E3%81%A3%E3%81%BA" n1="%E2%93%9D%53%75%70%68%78" n2="%64%65%76%69%6C%62%6F%79" n3="%E3%82%B0%E3%83%A9%E3%83%83%E3%83%97%E3%83%A9%E3%83%BC%E9%BE%8D" dan="15,18,14,15" rate="1979.95,2071.28,1914.72,1994.94" sx="M,M,M,M"/><TAIKYOKU oya="0"/><INIT seed="0,0,0,5,5,49" ten="250,250,250,250" oya="0" hai0="27,37,11,2,24,116,81,111,97,61,128,122,1" hai1="25,106,54,15,75,33,90,94,93,89,114,133,129" hai2="78,58,125,87,76,73,132,29,117,13,103,45,20" hai3="30,35,42,47,70,110,80,5,51,107,6,95,66"/><T64/><D122/><U92/><E75/><V118/><F103/><W120/><G120/><T28/><D116/><U67/><E106/><V98/><F73/><W126/><G126/><T10/><D128/><U36/><E36/><V79/><F98/><W99/><G110/><T43/><D111/><U82/><E67/><V127/><F58/><W53/><G80/><T56/><D27/><U50/><E133/><V102/><F102/><W135/><G135/><T55/><D97/><U77/><E114/><V130/><F45/><W119/><G119/><N who="2" m="45577" /><F130/><W72/><G72/><T52/><D81/><U134/><E134/><V91/><F132/><W101/><G95/><T96/><D96/><U74/><E129/><V38/><F38/><W0/><G42/><T131/><D131/><U84/><E74/><V85/><F29/><W26/><REACH who="3" step="1"/><G0/><REACH who="3" ten="250,250,250,240" step="2"/><T109/><D109/><U123/><E123/><V100/><F127/><W60/><AGARI ba="0,1" hai="5,6,26,30,35,47,51,53,60,66,70,99,101,107" machi="60" ten="30,12000,2" yaku="1,1,2,1,0,1,25,2,52,1,53,1" doraHai="49" doraHaiUra="46" who="3" fromWho="3" sc="250,-60,250,-30,250,-30,240,130" /><INIT seed="1,0,0,0,4,118" ten="190,220,220,370" oya="1" hai0="13,12,77,87,78,130,112,99,4,125,132,5,17" hai1="68,76,83,119,81,69,84,115,23,104,62,91,120" hai2="53,50,86,75,37,39,128,111,41,8,102,54,33" hai3="80,114,116,48,66,2,55,106,88,135,27,131,133"/><U21/><E119/><V107/><F33/><W124/><G116/><T134/><D112/><U65/><E115/><V38/><F8/><W6/><G114/><T82/><D125/><U110/><E104/><V29/><F75/><W71/><G106/><T46/><D130/><U10/><E69/><V52/><F29/><W64/><G131/><T30/><D30/><U59/><E110/><V25/><F107/><W108/><G108/><T74/><D99/><U45/><E68/><V24/><F111/><W93/><G80/><T73/><D87/><U20/><E45/><V26/><F102/><W49/><G49/><T122/><D46/><U28/><E10/><V97/><F128/><W44/><G124/><T57/><D57/><U35/><E120/><V101/><F86/><W34/><G6/><T70/><D70/><U123/><E123/><V31/><F41/><W96/><G2/><T16/><REACH who="0" step="1"/><D82/><REACH who="0" ten="180,220,220,370" step="2"/><U126/><E126/><V56/><F31/><N who="3" m="19839" /><G71/><T60/><D60/><U92/><E35/><V94/><AGARI ba="0,1" hai="24,25,26,37,38,39,50,52,53,54,56,94,97,101" machi="94" ten="40,2700,0" yaku="0,1,54,1" doraHai="118" who="2" fromWho="2" sc="180,-7,220,-13,220,37,370,-7" /><INIT seed="2,0,0,2,4,120" ten="173,207,257,363" oya="2" hai0="125,73,7,20,123,40,127,60,93,131,87,114,49" hai1="112,21,115,9,75,78,52,107,105,8,57,4,43" hai2="117,27,6,51,37,29,100,98,76,130,86,19,3" hai3="77,68,54,46,22,63,106,38,2,28,58,119,134"/><V18/><F117/><W64/><G119/><T34/><D73/><U94/><E43/><V102/><F37/><W90/><G2/><T121/><D34/><U95/><E75/><V99/><F3/><W36/><G77/><T71/><D7/><U47/><E78/><V104/><F6/><W12/><G106/><T96/><D87/><U24/><E47/><V33/><F130/><W59/><G134/><T61/><D20/><U5/><E21/><V0/><F0/><W118/><G118/><T133/><D114/><U66/><E57/><V50/><F50/><N who="3" m="29015" /><G22/><T53/><D131/><U109/><E66/><V48/><F48/><W79/><G28/><T101/><D40/><U108/><REACH who="1" step="1"/><E52/><REACH who="1" ten="173,197,257,363" step="2"/><V32/><F32/><W113/><G79/><T80/><D133/><U135/><E135/><V15/><F51/><W67/><G67/><T13/><D71/><U126/><E126/><V41/><F41/><W16/><G36/><T25/><D125/><U88/><E88/><V39/><F39/><W89/><G38/><T23/><D127/><U31/><E31/><V11/><F76/><W62/><G68/><T128/><D23/><U97/><E97/><V30/><F30/><W129/><G129/><T26/><D96/><U72/><E72/><V124/><F124/><W83/><G113/><T10/><D128/><U84/><E84/><V85/><F85/><N who="3" m="50367" /><G90/><T82/><D121/><U35/><E35/><V132/><F132/><W14/><G59/><T110/><D123/><U111/><E111/><V70/><F70/><W69/><G69/><T74/><D110/><U81/><E81/><RYUUKYOKU ba="0,1" sc="173,-10,197,30,257,-10,363,-10" hai1="4,5,8,9,24,94,95,105,107,108,109,112,115" /><INIT seed="3,1,1,5,0,128" ten="163,227,247,353" oya="3" hai0="103,95,23,116,35,109,29,81,9,51,133,44,61" hai1="8,106,131,54,118,48,92,111,125,88,60,84,82" hai2="78,107,2,105,1,112,52,87,57,77,121,43,134" hai3="67,14,79,68,70,132,11,5,10,15,41,113,49"/><W47/><G113/><T20/><D116/><U80/><E106/><V30/><F112/><W130/><G130/><T76/><D109/><U85/><E131/><V40/><F121/><W22/><G67/><T108/><D35/><U69/><E111/><V16/><F30/><W19/><G132/><T75/><D108/><U96/><E125/><V124/><F124/><W126/><G126/><T25/><D9/><U104/><E104/><V6/><F134/><W114/><G114/><T55/><D61/><U74/><E74/><V122/><F122/><W102/><G102/><T13/><D133/><U98/><E118/><V123/><F123/><W62/><G62/><T18/><D95/><U91/><E8/><V101/><F6/><W33/><G33/><T31/><D103/><U42/><E42/><V110/><F101/><W66/><G66/><T46/><D46/><U135/><E135/><V100/><F100/><W90/><G90/><T72/><D29/><U4/><E4/><V36/><F36/><W59/><G59/><T50/><REACH who="0" step="1"/><D51/><REACH who="0" ten="153,227,247,353" step="2"/><U73/><E60/><V24/><F110/><W93/><G93/><T97/><D97/><U37/><E37/><V63/><F63/><W45/><G45/><T28/><D28/><U3/><E98/><V86/><F107/><W56/><G56/><T83/><D83/><U53/><E96/><V17/><F105/><W71/><G11/><T89/><D89/><U119/><E119/><V94/><F94/><W99/><G99/><T120/><D120/><U7/><E92/><V115/><F115/><W32/><G32/><T26/><D26/><RYUUKYOKU ba="1,2" sc="153,15,227,-15,247,-15,353,15" hai0="13,18,20,23,25,31,44,50,55,72,75,76,81" hai3="5,10,14,15,19,22,41,47,49,68,70,71,79" /><INIT seed="3,2,2,0,1,21" ten="168,212,232,368" oya="3" hai0="17,45,95,128,107,82,67,1,135,93,56,125,4" hai1="25,20,98,77,92,117,100,40,88,63,89,54,32" hai2="127,80,72,53,55,132,108,83,42,74,35,0,76" hai3="121,58,111,27,73,6,109,133,84,64,39,122,101"/><W96/><G39/><T15/><D107/><U97/><E32/><V30/><F0/><W99/><G6/><T59/><D1/><U2/><E2/><V131/><F108/><N who="3" m="41547" /><G27/><T91/><D4/><U94/><E117/><V90/><F42/><W33/><G33/><T11/><D125/><U103/><E77/><V75/><F127/><W79/><G58/><T81/><D128/><U126/><E40/><V28/><F131/><W41/><G64/><T130/><D130/><U102/><E126/><V87/><F132/><W51/><G51/><T31/><D95/><U62/><E54/><V37/><F37/><W52/><G52/><T124/><D135/><U71/><E71/><V48/><F55/><W47/><G47/><T43/><D31/><AGARI ba="2,2" hai="20,25,31,62,63,88,89,92,94,97,98,100,102,103" machi="31" ten="40,8000,1" yaku="9,1,8,1,52,1,54,1" doraHai="21" who="1" fromWho="0" sc="168,-86,212,106,232,0,368,0" /><INIT seed="4,0,0,4,4,66" ten="82,318,232,368" oya="0" hai0="27,100,116,127,111,28,112,49,22,45,25,88,129" hai1="26,102,93,70,52,18,64,124,43,13,91,56,24" hai2="58,115,16,8,54,4,53,104,40,97,132,108,38" hai3="0,105,85,48,67,135,32,92,113,78,122,72,47"/><T125/><D116/><U3/><E3/><V133/><F108/><W39/><G105/><T77/><D111/><U59/><E124/><N who="0" m="47689" /><D112/><U5/><E70/><V10/><F115/><W76/><G39/><T61/><D129/><U126/><E5/><V84/><F38/><W120/><G72/><T14/><D77/><U62/><E43/><V21/><F40/><W37/><G37/><T131/><D131/><U128/><E102/><V119/><F119/><W80/><G0/><T96/><D61/><U90/><E90/><V20/><F84/><W6/><G32/><T130/><D130/><U75/><E75/><V63/><F104/><W118/><G113/><T74/><D74/><U101/><E101/><V117/><F117/><W29/><G118/><T81/><D25/><U121/><E121/><N who="3" m="46698" /><G67/><T106/><D14/><U83/><E128/><V87/><F97/><W73/><G6/><T41/><D81/><U109/><E83/><V12/><F87/><W7/><G7/><T31/><D88/><U15/><E126/><V68/><F53/><N who="3" m="29855" /><G73/><T23/><D23/><N who="1" m="13431" /><E109/><V19/><F19/><AGARI ba="0,0" hai="19,22,27,28,31,41,45,49,96,100,106" m="47689" machi="19" ten="30,1500,0" yaku="18,1" doraHai="66" who="0" fromWho="2" sc="82,15,318,0,232,-15,368,0" /><INIT seed="4,1,0,0,4,92" ten="97,318,217,368" oya="0" hai0="88,78,58,131,35,20,70,77,109,8,71,132,11" hai1="57,85,124,91,87,134,2,106,37,119,63,76,110" hai2="130,39,55,54,60,114,42,6,19,125,21,126,12" hai3="13,52,123,68,64,135,102,43,101,26,93,4,10"/><T99/><D35/><U62/><E110/><V96/><F39/><W47/><G135/><T75/><D132/><U51/><E106/><V29/><F42/><W31/><G68/><T95/><D109/><U49/><E2/><V84/><F114/><W67/><G123/><T7/><D131/><U127/><E76/><V103/><F130/><W108/><G108/><T24/><D11/><U23/><E119/><V112/><F112/><W98/><G102/><T79/><D58/><U83/><E37/><V81/><F6/><W115/><G115/><T66/><D66/><U22/><E134/><V69/><F29/><W0/><G0/><T18/><REACH who="0" step="1"/><D75/><REACH who="0" ten="87,318,217,368" step="2"/><U90/><E57/><V107/><F69/><W116/><G116/><T25/><D25/><U118/><E118/><V97/><F60/><W3/><G3/><AGARI ba="1,1" hai="3,7,8,18,20,24,70,71,77,78,79,88,95,99" machi="3" ten="40,12000,1" yaku="1,1,52,1,54,1,53,1" doraHai="92" doraHaiUra="34" who="0" fromWho="3" sc="87,133,318,0,217,0,368,-123" /><INIT seed="4,2,0,3,4,120" ten="220,318,217,245" oya="0" hai0="85,0,10,67,51,72,47,134,21,58,113,110,17" hai1="35,23,64,94,107,100,2,11,79,115,49,26,32" hai2="99,117,84,3,82,14,9,43,71,88,126,95,69" hai3="45,108,89,22,13,59,86,48,44,27,41,8,62"/><T50/><D72/><U75/><E107/><V42/><F3/><W60/><G45/><T19/><D113/><U103/><E64/><V65/><F126/><W24/><G108/><T12/><D134/><U36/><E36/><V131/><F117/><W90/><G90/><T55/><D0/><U20/><E79/><V96/><F131/><W63/><G22/><T109/><D85/><U105/><E105/><V102/><F71/><W106/><G106/><T97/><D97/><U33/><E49/><V132/><F132/><W80/><G59/><T66/><D51/><U53/><E53/><V101/><F69/><W39/><G39/><T6/><D6/><AGARI ba="2,0" hai="6,8,13,24,27,41,44,48,60,62,63,80,86,89" machi="6" ten="40,1300,0" yaku="8,1" doraHai="120" who="3" fromWho="0" sc="220,-19,318,0,217,0,245,19" /><INIT seed="5,0,0,4,3,88" ten="201,318,217,264" oya="1" hai0="16,6,118,28,27,59,53,134,84,26,94,90,0" hai1="38,129,111,124,135,11,31,96,40,78,50,87,122" hai2="54,83,57,74,32,62,1,126,89,55,106,103,117" hai3="56,9,121,24,12,44,105,75,123,92,68,2,101"/><U71/><E122/><V99/><F117/><W37/><G68/><T13/><D118/><U72/><E124/><V18/><F126/><W46/><G75/><T132/><D0/><U63/><E135/><N who="0" m="51753" /><D6/><U41/><E96/><V109/><F109/><W70/><G70/><T10/><D28/><U45/><E129/><V77/><F1/><W86/><G2/><T52/><D53/><U39/><E87/><V100/><F32/><W91/><G24/><T4/><D4/><U58/><E78/><V14/><F103/><W116/><G116/><T107/><D107/><U125/><E31/><V112/><F112/><W95/><G105/><T30/><D30/><U25/><E25/><V98/><F98/><N who="3" m="59615" /><G123/><T35/><D35/><U34/><E34/><V76/><F76/><W110/><G37/><T85/><D84/><U43/><E39/><V51/><F89/><W108/><G110/><T60/><AGARI ba="0,0" hai="10,13,16,26,27,52,59,60,85,90,94" m="51753" machi="60" ten="30,7900,0" yaku="20,1,52,1,54,2" doraHai="88" who="0" fromWho="0" sc="201,79,318,-39,217,-20,264,-20" /><INIT seed="6,0,0,5,3,84" ten="280,279,197,244" oya="2" hai0="1,94,15,101,93,26,92,98,48,113,32,125,28" hai1="130,106,81,71,90,50,61,117,82,44,52,6,96" hai2="9,78,64,127,116,10,65,21,42,75,99,17,25" hai3="43,73,135,30,79,5,35,89,134,119,29,128,112"/><V14/><F116/><W20/><G119/><T76/><D1/><U31/><E117/><V39/><F127/><W62/><G35/><T114/><D125/><U58/><E130/><V22/><F39/><W86/><G128/><T4/><D76/><U124/><E71/><V66/><F42/><W46/><G5/><T132/><D132/><N who="3" m="50729" /><G62/><T0/><D0/><U19/><E106/><V54/><F75/><W13/><G79/><T103/><D48/><U95/><E31/><V122/><F122/><W80/><G73/><T69/><D69/><U63/><E6/><V49/><F78/><W102/><G102/><T110/><D110/><U56/><E19/><V23/><F99/><W16/><G112/><N who="0" m="43115" /><D103/><U45/><E124/><V87/><F87/><W120/><G120/><T70/><D70/><U107/><E107/><V2/><F2/><W97/><G97/><T77/><D77/><U91/><E50/><AGARI ba="0,0" hai="13,16,20,29,30,43,46,50,80,86,89" m="50729" machi="50" ten="30,3900,0" yaku="20,1,52,1,54,1" doraHai="84" who="3" fromWho="1" sc="280,0,279,-39,197,0,244,39" /><INIT seed="7,0,0,4,2,118" ten="280,240,197,283" oya="3" hai0="128,42,35,24,19,59,126,134,67,47,63,85,48" hai1="131,70,82,54,52,130,119,111,125,95,110,106,133" hai2="72,100,79,14,86,0,32,5,73,57,11,102,38" hai3="20,127,7,99,93,65,92,28,101,103,104,60,22"/><W71/><G127/><T112/><D126/><U2/><E125/><V45/><F32/><W44/><G7/><T34/><D134/><U3/><E106/><V113/><F113/><W8/><G8/><T98/><D128/><N who="1" m="49195" /><E70/><V116/><F116/><W40/><G103/><T16/><D112/><U49/><E119/><V46/><F46/><W41/><G41/><T122/><D122/><U21/><E82/><V17/><F73/><W115/><G115/><T78/><D98/><U51/><E95/><V30/><F30/><W61/><G61/><T84/><D84/><U66/><E66/><V18/><F18/><W1/><G1/><N who="1" m="10" /><E21/><V55/><F86/><W120/><G120/><T36/><D78/><U50/><E133/><V69/><F69/><W132/><G132/><T107/><D85/><U129/><E129/><V64/><F64/><W108/><G108/><AGARI ba="0,0" hai="49,50,51,52,54,108,110,111" m="10,49195" machi="108" ten="40,8000,1" yaku="28,2,19,1,54,1" doraHai="118" who="1" fromWho="3" sc="280,0,240,80,197,0,283,-80" owari="280,8.0,320,42.0,197,-30.0,203,-20.0" /></mjloggm>