<mjloggm ver="2.3"><GO type="41" lobby="0"/><UN n0="%E3%82%AF%E3%83%AD%E3%83%A0" n1="%E3%81%A9%E3%82%89%E7%84%BC" n2="%E3%81%BF%E3%81%A4%E3%81%82%E3%81%82%E3%81%82" n3="%E2%93%9D%53%75%70%68%78" dan="14,14,15,18" rate="1959.88,1921.29,1956.67,2080.50" sx="M,M,M,M"/><TAIKYOKU oya="0"/><INIT seed="0,0,0,5,2,101" ten="250,250,250,250" oya="0" hai0="128,48,28,17,73,54,42,107,69,122,112,118,75" hai1="87,5,57,1,53,64,70,82,76,90,123,104,78" hai2="6,12,41,27,103,37,99,31,95,18,10,23,59" hai3="79,120,49,60,38,83,131,34,135,89,106,40,98"/><T44/><D118/><U108/><E123/><V52/><F41/><W65/><G135/><T61/><D122/><U45/><E45/><V85/><F37/><W33/><G49/><T114/><D128/><U36/><E36/><V111/><F85/><W130/><G89/><T74/><D28/><U110/><E64/><V68/><F68/><N who="3" m="42023" /><G120/><T81/><D81/><U39/><E70/><V51/><REACH who="2" step="1"/><F111/><REACH who="2" ten="250,250,240,250" step="2"/><N who="1" m="42537" /><E39/><V126/><F126/><W35/><G40/><T62/><D114/><U47/><E47/><V0/><F0/><W56/><G38/><T16/><D112/><U80/><E1/><V113/><F113/><W8/><G131/><T72/><D73/><N who="1" m="43023" /><E5/><AGARI ba="0,1" hai="5,6,10,12,18,23,27,31,51,52,59,95,99,103" machi="5" ten="40,5200,0" yaku="1,1,8,1,54,1,53,0" doraHai="101" doraHaiUra="125" who="2" fromWho="1" sc="250,0,250,-52,240,62,250,0" /><INIT seed="1,0,0,1,1,18" ten="250,198,302,250" oya="1" hai0="40,67,34,16,72,54,33,43,22,96,9,19,105" hai1="123,53,91,78,39,11,115,76,60,88,21,110,12" hai2="24,108,6,92,101,107,94,98,48,132,4,58,97" hai3="65,41,31,121,109,129,93,25,103,0,69,74,59"/><U71/><E123/><V120/><F132/><W14/><G0/><T119/><D119/><U36/><E115/><V117/><F117/><W5/><G74/><T8/><D72/><U124/><E71/><V23/><F107/><W122/><G41/><T3/><D67/><U81/><E60/><V79/><F79/><W56/><G129/><T45/><D54/><U133/><E133/><V38/><F38/><W113/><G109/><T80/><D80/><U30/><E110/><V99/><F108/><W44/><G44/><T125/><D125/><U32/><E32/><V89/><F99/><W86/><G113/><T118/><D118/><U64/><E64/><V95/><F95/><W128/><G128/><T77/><D77/><N who="1" m="29803" /><E39/><V20/><F120/><W87/><G69/><T126/><D126/><U85/><E36/><V66/><F48/><W104/><G65/><T2/><D96/><U135/><E135/><V57/><F57/><W47/><G59/><T15/><D45/><U49/><E124/><V111/><F111/><W83/><G56/><T102/><D15/><U61/><E61/><N who="2" m="38199" /><F20/><W52/><G122/><T7/><D105/><U26/><E85/><V35/><F35/><W130/><G87/><T90/><D102/><U82/><E81/><V27/><F27/><W29/><G25/><T28/><D28/><AGARI ba="0,0" hai="4,6,23,24,28,89,92,94,97,98,101" m="38199" machi="28" ten="30,3900,0" yaku="25,1,8,1,52,1" doraHai="18" who="2" fromWho="0" sc="250,-39,198,0,302,39,250,0" /><INIT seed="2,0,0,0,1,51" ten="211,198,341,250" oya="2" hai0="9,108,123,8,44,4,131,6,0,102,27,26,94" hai1="61,64,54,71,33,13,110,112,118,76,72,56,105" hai2="73,128,17,19,42,117,31,88,18,126,79,130,29" hai3="45,135,7,127,84,119,134,11,65,32,111,122,3"/><V77/><F117/><W80/><G119/><T47/><D123/><U115/><E118/><V121/><F121/><W35/><G122/><T49/><D108/><U59/><E110/><V87/><F42/><W39/><G111/><T53/><D131/><N who="2" m="50218" /><F126/><W75/><G84/><T109/><D109/><U41/><E33/><V96/><F96/><W82/><G65/><T10/><D47/><U124/><E105/><V114/><F114/><N who="1" m="43561" /><E76/><N who="2" m="29259" /><F73/><W2/><G75/><T21/><D0/><U37/><E72/><V74/><F74/><W66/><G3/><T20/><D102/><U46/><E13/><V67/><F67/><W25/><G66/><T116/><D94/><AGARI ba="0,0" hai="17,18,19,29,31,87,88,94" m="29259,50218" machi="94" ten="30,2900,0" yaku="19,1,54,1" doraHai="51" who="2" fromWho="0" sc="211,-29,198,0,341,29,250,0" /><INIT seed="2,1,0,0,2,92" ten="182,198,370,250" oya="2" hai0="128,41,48,87,15,91,62,13,46,126,119,10,64" hai1="125,115,7,100,14,9,77,56,94,5,112,107,2" hai2="106,23,110,55,101,17,63,29,134,95,51,49,25" hai3="11,83,36,6,4,58,16,98,88,74,45,61,30"/><V132/><F106/><W27/><G74/><T73/><D126/><U3/><E77/><V82/><F82/><W71/><G71/><T124/><D124/><U89/><E125/><V75/><F75/><W31/><G45/><T99/><D128/><U50/><E100/><V129/><F129/><W97/><G36/><T28/><D73/><U44/><E107/><V47/><F110/><W67/><G31/><T57/><D119/><U1/><E56/><V54/><F63/><W86/><G16/><T131/><D131/><U105/><E105/><V19/><F132/><W0/><REACH who="3" step="1"/><G6/><REACH who="3" ten="182,198,370,240" step="2"/><T79/><D28/><U102/><E5/><V40/><F134/><W127/><G127/><T113/><D113/><U123/><E115/><V104/><F17/><W43/><G43/><T70/><D70/><U85/><E112/><V121/><F121/><W22/><AGARI ba="1,1" hai="0,4,11,22,27,30,58,61,67,83,86,88,97,98" machi="22" ten="20,12000,2" yaku="1,1,0,1,7,1,52,2,54,1,53,1" doraHai="92" doraHaiUra="21" who="3" fromWho="3" sc="182,-31,198,-31,370,-61,240,133" /><INIT seed="3,0,0,1,3,67" ten="151,167,309,373" oya="3" hai0="18,91,94,70,57,128,122,123,87,15,16,83,30" hai1="75,114,7,97,3,68,39,81,44,52,112,58,40" hai2="32,10,64,21,51,14,0,31,53,100,12,121,88" hai3="65,36,48,28,117,135,109,59,98,49,74,13,50"/><W23/><G36/><T27/><D128/><U25/><E97/><V60/><F32/><W63/><G117/><T80/><D123/><U9/><E25/><V37/><F37/><W116/><G74/><T41/><D41/><U108/><E108/><V6/><F121/><W127/><G127/><T92/><D122/><U85/><E85/><V95/><F100/><W130/><G135/><T125/><D125/><U19/><E19/><V2/><F2/><W126/><G116/><T20/><D18/><U105/><E105/><V4/><F4/><W132/><G130/><T26/><D26/><U54/><E68/><V62/><F62/><W42/><G132/><T72/><D70/><U56/><E56/><V111/><F111/><W38/><G38/><T5/><D5/><U24/><E24/><V47/><F31/><W69/><G126/><T86/><D57/><U45/><E45/><V101/><F101/><W35/><G35/><T34/><REACH who="0" step="1"/><D72/><REACH who="0" ten="141,167,309,373" step="2"/><U115/><E58/><V134/><F134/><W104/><G109/><T84/><D84/><U11/><REACH who="1" step="1"/><E9/><REACH who="1" ten="141,157,309,373" step="2"/><V8/><F8/><W46/><G59/><T93/><D93/><U133/><E133/><V1/><F10/><W103/><G28/><T90/><AGARI ba="0,2" hai="15,16,20,27,30,34,80,83,86,87,90,91,92,94" machi="90" ten="20,8000,1" yaku="1,1,0,1,7,1,9,1,54,1,53,0" doraHai="67" doraHaiUra="43" who="0" fromWho="0" sc="141,100,157,-20,309,-20,373,-40" /><INIT seed="4,0,0,2,4,30" ten="241,137,289,333" oya="0" hai0="95,25,129,79,5,103,40,134,21,90,65,80,118" hai1="63,64,22,44,117,73,72,12,106,7,6,11,78" hai2="9,96,34,48,42,114,53,98,3,125,57,93,87" hai3="15,69,28,60,111,1,105,41,100,108,27,128,91"/><T88/><D118/><U77/><E117/><V51/><F125/><W23/><G1/><T71/><D129/><U135/><E135/><V75/><F75/><W97/><G41/><T58/><D71/><U26/><E106/><V94/><F114/><W0/><G0/><T59/><D40/><U130/><E130/><V124/><F124/><W104/><G104/><T45/><D45/><U31/><E44/><V82/><F34/><W133/><G128/><T84/><D5/><U86/><E6/><V55/><F42/><W123/><G123/><T85/><D134/><U10/><E10/><V67/><F67/><W2/><G2/><T52/><D65/><U43/><E43/><V76/><F9/><W110/><G133/><T102/><D59/><U116/><E116/><V66/><F66/><W83/><G60/><N who="0" m="35911" /><D79/><U13/><E13/><V14/><F14/><W8/><G69/><T39/><D39/><U131/><E131/><V61/><F61/><W24/><G111/><T68/><D68/><U37/><E37/><V19/><F19/><AGARI ba="0,0" hai="19,21,25,80,84,85,88,90,95,102,103" m="35911" machi="19" ten="30,5800,0" yaku="8,1,54,2" doraHai="30" who="0" fromWho="2" sc="241,58,137,0,289,-58,333,0" /><INIT seed="4,1,0,5,0,18" ten="299,137,231,333" oya="0" hai0="19,119,115,20,3,48,91,72,25,100,73,12,65" hai1="134,74,94,79,121,70,112,95,120,8,36,7,84" hai2="128,89,98,31,82,62,96,135,61,34,87,64,67" hai3="108,56,2,104,106,66,111,58,90,126,102,122,6"/><T0/><D119/><U47/><E70/><V45/><F128/><W80/><G6/><T57/><D115/><U33/><E33/><V99/><F135/><W21/><G2/><T11/><D100/><U5/><E112/><V29/><F34/><W10/><G10/><T16/><D0/><U69/><E69/><V37/><F37/><W41/><G41/><T101/><D3/><N who="1" m="63" /><E7/><V39/><F39/><W32/><G126/><T53/><D101/><U17/><E17/><V109/><F109/><W83/><G102/><T50/><D65/><U88/><E134/><V123/><F123/><W55/><G66/><N who="2" m="25129" /><F45/><W40/><G32/><T63/><REACH who="0" step="1"/><D91/><REACH who="0" ten="289,137,231,333" step="2"/><U107/><E107/><V85/><F89/><W113/><G106/><T35/><D35/><U14/><E121/><V43/><F43/><W49/><G104/><T28/><D28/><U97/><E120/><V51/><F29/><W129/><G122/><T127/><D127/><U54/><E88/><V105/><F31/><W92/><G113/><T81/><D81/><U110/><E110/><V124/><F82/><W38/><G83/><T131/><D131/><U27/><E79/><V93/><F124/><W118/><G129/><T71/><D71/><U75/><E75/><AGARI ba="1,1" hai="11,12,16,19,20,25,48,50,53,57,63,72,73,75" machi="75" ten="40,7700,0" yaku="1,1,52,1,54,1,53,0" doraHai="18" doraHaiUra="26" who="0" fromWho="1" sc="289,90,137,-80,231,0,333,0" /><INIT seed="4,2,0,3,5,16" ten="379,57,231,333" oya="0" hai0="54,99,11,83,79,44,10,19,9,30,49,50,69" hai1="25,92,130,32,85,80,55,71,18,48,119,45,57" hai2="63,27,36,26,51,5,122,61,110,56,0,112,114" hai3="21,59,37,100,24,107,82,128,132,17,88,13,6"/><T20/><D69/><U106/><E130/><V116/><F36/><W76/><G37/><T94/><D30/><U14/><E119/><V60/><F110/><W12/><G128/><T134/><D134/><U89/><E106/><V93/><F122/><W102/><G107/><T118/><D50/><U15/><E71/><V125/><F116/><W108/><G108/><T124/><D124/><U67/><E32/><V113/><F125/><W2/><G2/><T74/><D118/><U96/><E67/><V72/><F72/><W109/><G132/><T38/><D38/><U73/><E73/><V43/><F43/><W22/><G76/><T40/><D40/><U78/><REACH who="1" step="1"/><E45/><REACH who="1" ten="379,47,231,333" step="2"/><V98/><F56/><W131/><G131/><T1/><D1/><U52/><E52/><V97/><F0/><W133/><G133/><T28/><D54/><U101/><E101/><V95/><F5/><W121/><G109/><T8/><D44/><U41/><E41/><V135/><F135/><W46/><G46/><T34/><D34/><U33/><E33/><V23/><F114/><W29/><G59/><T120/><D120/><U66/><E66/><V90/><F113/><W129/><G129/><T127/><D127/><U103/><E103/><V3/><F112/><W115/><G115/><T47/><D47/><U91/><E91/><V42/><F3/><W53/><G53/><T117/><D74/><U81/><E81/><V35/><F35/><W39/><G121/><T87/><D83/><U111/><E111/><V123/><F123/><W70/><G70/><T64/><D117/><U62/><E62/><RYUUKYOKU ba="2,1" sc="379,-10,47,30,231,-10,333,-10" hai1="14,15,18,25,48,55,57,78,80,85,89,92,96" /><INIT seed="5,3,1,2,4,115" ten="369,77,221,323" oya="1" hai0="35,57,11,55,106,121,127,88,28,54,126,19,65" hai1="63,0,83,101,105,124,112,9,27,79,104,110,25" hai2="108,23,24,3,133,111,16,38,122,15,94,30,5" hai3="130,123,125,120,118,60,1,43,13,47,90,53,95"/><U45/><E112/><V7/><F38/><W44/><G1/><T56/><D106/><U76/><E63/><V50/><F122/><W20/><G130/><T135/><D135/><U39/><E79/><V87/><F133/><W114/><G125/><T72/><D72/><N who="1" m="43399" /><E124/><V4/><F3/><W67/><G114/><T91/><D11/><U71/><E71/><V99/><F87/><W113/><G113/><T31/><D19/><U18/><E110/><V73/><F73/><W59/><G118/><T74/><D74/><U75/><E75/><V66/><F66/><W51/><G123/><T93/><D93/><U82/><E82/><V46/><F111/><W10/><G20/><T68/><D121/><U34/><E101/><V69/><F69/><W117/><G117/><T116/><D68/><U33/><E25/><V132/><F132/><W77/><G77/><T86/><D86/><U103/><E18/><V89/><F108/><W14/><G120/><T64/><D35/><N who="1" m="13323" /><E27/><V100/><F100/><W92/><G90/><T131/><D131/><U8/><E103/><V22/><REACH who="2" step="1"/><F4/><REACH who="2" ten="369,77,211,323" step="2"/><W49/><G14/><T2/><D2/><U42/><E9/><V40/><AGARI ba="3,2" hai="5,7,15,16,22,23,24,30,40,46,50,89,94,99" machi="40" ten="20,12000,2" yaku="1,1,2,1,0,1,7,1,8,1,54,1,53,0" doraHai="115" doraHaiUra="48" who="2" fromWho="2" sc="369,-33,77,-63,211,149,323,-33" /><INIT seed="6,0,0,5,0,46" ten="336,14,360,290" oya="2" hai0="18,21,33,110,22,41,42,5,14,97,38,12,50" hai1="109,128,43,127,2,79,32,61,11,26,116,48,119" hai2="101,19,71,60,6,81,56,28,108,112,1,4,47" hai3="58,114,16,62,59,106,52,40,83,67,129,57,34"/><V102/><F71/><W35/><G106/><T98/><D33/><U99/><E128/><V75/><F28/><W104/><G104/><T77/><D38/><U91/><E127/><V44/><F75/><W107/><G107/><T65/><D65/><U15/><E109/><V55/><F108/><W103/><G103/><N who="2" m="39433" /><F1/><W69/><G129/><T111/><D77/><U117/><E79/><V121/><F121/><W23/><G40/><T13/><D18/><U115/><E115/><V25/><F112/><W51/><G114/><T82/><D82/><U131/><E131/><V72/><F72/><W123/><G123/><T0/><D12/><U92/><E2/><V76/><F81/><W45/><REACH who="3" step="1"/><G83/><REACH who="3" ten="336,14,360,280" step="2"/><T105/><D105/><U113/><E113/><V126/><F126/><W68/><G68/><T30/><D110/><U87/><E32/><V124/><F124/><W63/><G63/><T9/><D111/><U120/><E120/><V118/><F118/><W84/><G84/><T37/><D41/><U66/><E87/><V78/><F78/><W24/><AGARI ba="0,1" hai="16,23,24,34,35,45,51,52,57,58,59,62,67,69" machi="24" ten="30,16000,3" yaku="1,1,0,1,52,1,54,2,53,3" doraHai="46" doraHaiUra="53" who="3" fromWho="3" sc="336,-40,14,-40,360,-80,280,170" owari="296,10.0,-26,-53.0,280,-12.0,450,55.0" /></mjloggm>