<mjloggm ver="2.3"><GO type="41" lobby="0"/><UN n0="%E5%B7%9D%E5%B4%8E%E3%81%A4%E3%81%A8%E3%82%80" n1="%E8%97%A4%E7%94%B0%E7%A9%BA" n2="%E2%93%9D%53%75%70%68%78" n3="%E6%94%BE%E9%8A%83%E8%A2%AB%E5%AE%B3%E8%80%85%E3%81%AE%E4%BC%9A" dan="13,14,16,13" rate="1813.62,1929.36,2078.20,1914.80" sx="M,M,M,M"/><TAIKYOKU oya="0"/><INIT seed="0,0,0,2,2,125" ten="250,250,250,250" oya="0" hai0="124,130,132,89,54,101,13,99,44,12,29,24,36" hai1="23,110,72,74,93,55,109,62,14,106,9,37,131" hai2="82,19,100,92,1,121,60,75,77,38,3,98,22" hai3="70,67,30,133,16,96,104,95,76,56,59,50,102"/><T81/><D124/><U115/><E106/><V6/><F121/><W85/><G133/><T39/><D132/><U42/><E115/><V69/><F38/><W65/><G30/><T123/><D39/><U46/><E23/><V66/><REACH who="2" step="1"/><F6/><REACH who="2" ten="250,250,240,250" step="2"/><W134/><G134/><T8/><D123/><U94/><E131/><V53/><F53/><W61/><G67/><T17/><D130/><U5/><E55/><V11/><F11/><W80/><G104/><T97/><D36/><U15/><E62/><V117/><F117/><W7/><G7/><T63/><D13/><AGARI ba="0,1" hai="1,3,13,19,22,60,66,69,75,77,82,92,98,100" machi="13" ten="30,3900,0" yaku="1,1,7,1,53,1" doraHai="125" doraHaiUra="57" who="2" fromWho="0" sc="250,-39,250,0,240,49,250,0" /><INIT seed="1,0,0,4,4,49" ten="211,250,289,250" oya="1" hai0="0,11,32,114,48,60,54,88,134,132,83,56,104" hai1="72,19,1,81,38,101,33,46,13,15,66,16,124" hai2="67,20,105,57,118,108,92,64,34,80,14,91,84" hai3="23,82,59,75,116,26,79,97,133,55,125,27,10"/><U127/><E33/><V39/><F105/><W40/><G125/><N who="1" m="48202" /><E1/><V4/><F108/><W90/><G133/><N who="0" m="51307" /><D104/><U94/><E66/><V96/><F39/><W113/><G113/><T71/><D32/><U18/><E72/><V106/><F118/><W45/><G116/><T89/><D83/><U17/><N who="1" m="4096" /><DORA hai="7" /><U36/><E81/><V53/><F106/><W78/><G79/><T130/><D130/><U85/><E46/><V29/><F34/><W87/><G23/><T9/><D114/><U58/><E58/><V61/><F20/><W99/><G26/><T35/><D35/><U37/><E101/><V47/><F47/><W73/><G75/><T93/><D0/><U70/><E70/><V119/><F119/><W107/><G27/><T122/><D122/><U21/><E21/><V51/><F29/><W28/><G28/><T120/><D120/><U98/><E98/><V100/><F96/><W24/><G24/><T3/><D3/><U103/><E103/><V123/><F123/><W102/><G99/><N who="0" m="57767" /><D89/><AGARI ba="0,0" hai="13,15,36,37,38,85,89,94" m="4096,48202" machi="89" ten="50,4800,0" yaku="18,1,54,1" doraHai="49,7" who="1" fromWho="0" sc="211,-48,250,48,289,0,250,0" /><INIT seed="1,1,0,4,5,95" ten="163,298,289,250" oya="1" hai0="96,53,80,77,44,76,32,22,126,110,61,129,89" hai1="45,50,107,85,99,86,79,88,98,16,69,106,105" hai2="112,114,27,101,109,94,102,40,75,130,34,43,83" hai3="103,117,35,33,1,13,9,82,84,48,67,51,124"/><U133/><E69/><V100/><F34/><W78/><G124/><T66/><D32/><U128/><E128/><V122/><F27/><W52/><G1/><T65/><D126/><U17/><E133/><V5/><F5/><W36/><G36/><T10/><D129/><U42/><E79/><V68/><F68/><W72/><G117/><T57/><D110/><U20/><E17/><V135/><F43/><W113/><G113/><N who="2" m="43625" /><F40/><W15/><G103/><T81/><D10/><U38/><E38/><V71/><F71/><W123/><G123/><T8/><D8/><U64/><E64/><V24/><F24/><W25/><G67/><N who="0" m="25611" /><D44/><U111/><E111/><V19/><F19/><W54/><G72/><T131/><D22/><U29/><E29/><V7/><F7/><W116/><G116/><T115/><D115/><U46/><E46/><V39/><F122/><W63/><G35/><T92/><D131/><U97/><REACH who="1" step="1"/><E88/><REACH who="1" ten="163,288,289,250" step="2"/><V58/><F130/><W49/><G33/><T6/><D6/><U0/><E0/><V70/><F70/><W12/><G9/><T132/><D132/><U73/><E73/><V18/><F135/><W4/><G4/><T59/><D59/><U62/><E62/><V31/><F58/><W21/><G63/><T104/><D77/><U56/><E56/><V2/><F109/><W87/><G84/><T90/><D76/><U37/><E37/><V41/><F39/><W91/><G78/><T127/><D89/><U47/><E47/><V93/><F75/><W108/><G108/><T14/><D90/><U11/><E11/><V74/><F74/><RYUUKYOKU ba="1,1" sc="163,-15,288,15,289,-15,250,15" hai1="16,20,42,45,50,85,86,97,98,99,105,106,107" hai3="12,13,15,21,25,48,49,51,52,54,82,87,91" /><INIT seed="1,2,1,4,3,47" ten="148,303,274,265" oya="1" hai0="81,73,120,57,49,76,30,123,101,93,83,107,127" hai1="29,16,19,44,79,56,119,39,45,74,100,26,109" hai2="115,72,114,37,31,59,41,116,95,48,62,134,121" hai3="131,27,78,97,28,98,88,126,133,46,63,34,84"/><U124/><E119/><V35/><F72/><W51/><G126/><T6/><D6/><U61/><E124/><V8/><F8/><W91/><G131/><T96/><D30/><U14/><E100/><V36/><F95/><W12/><G133/><T71/><D71/><U86/><E74/><V105/><F105/><W64/><G12/><T68/><D68/><U55/><E109/><V9/><F9/><W20/><G34/><T104/><D127/><U130/><E130/><V18/><F18/><W112/><G112/><N who="2" m="43049" /><F31/><W33/><G33/><T23/><D23/><U22/><E39/><N who="2" m="14923" /><F35/><W43/><G78/><T108/><D108/><U132/><E132/><V21/><F21/><W92/><REACH who="3" step="1"/><G91/><REACH who="3" ten="148,303,274,255" step="2"/><T117/><D117/><U94/><E19/><V80/><F116/><W38/><G38/><T2/><D2/><U118/><E118/><V129/><F129/><W10/><G10/><T25/><D25/><U5/><E5/><V90/><F134/><W7/><G7/><T60/><D120/><U15/><E15/><V75/><F90/><W110/><G110/><T128/><D123/><U85/><E85/><V54/><F121/><W11/><G11/><T89/><D128/><U99/><E86/><V65/><F75/><W52/><G52/><T106/><D73/><U113/><E113/><V66/><F80/><W103/><G103/><T111/><D76/><U102/><E79/><V82/><F82/><W69/><AGARI ba="2,2" hai="20,27,28,43,46,51,63,64,69,84,88,92,97,98" machi="69" ten="20,8000,1" yaku="1,1,0,1,7,1,52,1,54,1,53,0" doraHai="47" doraHaiUra="0" who="3" fromWho="3" sc="148,-22,303,-42,274,-22,255,106" /><INIT seed="2,0,0,2,2,83" ten="126,261,252,361" oya="2" hai0="55,85,86,73,100,110,37,63,76,65,124,108,93" hai1="89,33,133,26,9,27,99,84,116,98,47,72,135" hai2="114,126,92,32,31,105,38,101,45,91,20,59,129" hai3="78,118,102,127,75,19,125,94,44,95,60,21,29"/><V10/><F114/><W123/><G118/><T122/><D37/><U35/><E116/><V112/><F32/><W41/><G123/><T87/><D122/><U24/><E72/><V117/><F129/><W49/><G29/><T39/><D39/><U50/><E9/><V51/><F126/><N who="3" m="48139" /><G102/><T12/><D55/><U131/><E131/><V1/><F105/><W71/><G78/><T68/><D124/><U134/><E35/><V80/><F112/><W69/><G75/><T121/><D121/><U115/><E33/><V6/><F101/><W132/><G132/><T64/><D64/><U8/><E8/><V58/><F80/><W18/><G18/><T15/><D73/><U113/><E113/><V97/><F38/><W81/><G81/><T96/><D76/><U109/><E115/><V130/><F130/><W79/><G79/><T43/><D43/><U3/><E3/><V66/><F66/><N who="3" m="41159" /><G71/><T48/><D48/><U119/><E119/><V77/><F117/><W106/><G106/><T14/><AGARI ba="0,0" hai="12,14,15,63,65,68,85,86,87,93,96,100,108,110" machi="14" ten="40,8000,1" yaku="0,1,52,3" doraHai="83" who="0" fromWho="0" sc="126,80,261,-20,252,-40,361,-20" /><INIT seed="3,0,0,2,4,75" ten="206,241,212,341" oya="3" hai0="61,68,67,93,36,1,19,54,101,85,106,123,28" hai1="25,20,125,99,44,81,29,11,13,27,120,42,82" hai2="59,15,34,5,0,78,6,134,128,91,9,102,62" hai3="39,22,89,10,118,135,43,53,79,124,30,109,76"/><W98/><G118/><T72/><D123/><U113/><E120/><V70/><F34/><W56/><G124/><T55/><D36/><U47/><E113/><V66/><F128/><W21/><G135/><T63/><D1/><U48/><E125/><V33/><F33/><W64/><G64/><T116/><D72/><U88/><E44/><V94/><F102/><W71/><G71/><T103/><D116/><U14/><E25/><V132/><F70/><W69/><G69/><T80/><D103/><U7/><REACH who="1" step="1"/><E14/><REACH who="1" ten="206,231,212,341" step="2"/><V4/><F0/><W121/><G121/><T41/><D68/><U92/><AGARI ba="0,1" hai="7,11,13,20,27,29,42,47,48,81,82,88,92,99" machi="92" ten="30,8000,1" yaku="1,1,2,1,0,1,8,1,54,1,53,0" doraHai="75" doraHaiUra="73" who="1" fromWho="1" sc="206,-20,231,90,212,-20,341,-40" /><INIT seed="4,0,0,0,4,60" ten="186,321,192,301" oya="0" hai0="45,15,134,73,27,81,106,71,133,42,111,77,67" hai1="18,2,39,21,26,11,16,46,122,52,116,87,53" hai2="24,51,22,101,96,58,84,48,118,59,82,54,36" hai3="44,83,40,49,20,56,14,94,23,5,86,109,95"/><T66/><D106/><U123/><E116/><V121/><F36/><W55/><G109/><T43/><D111/><U110/><E110/><V119/><F121/><W75/><G75/><T127/><D127/><U132/><E132/><N who="0" m="50793" /><D71/><U72/><E72/><V102/><F119/><W17/><G5/><T37/><D43/><U9/><E87/><V50/><F118/><W104/><G104/><T57/><D57/><U103/><E103/><V107/><F102/><W120/><G120/><T65/><D27/><U114/><E114/><V70/><F70/><W74/><G74/><T117/><D117/><U88/><E88/><V131/><F131/><W78/><REACH who="3" step="1"/><G20/><REACH who="3" ten="186,321,192,291" step="2"/><T124/><D124/><U28/><E122/><V113/><F113/><W32/><G32/><T13/><AGARI ba="0,1" hai="13,15,37,42,45,65,66,67,73,77,81" m="50793" machi="13" ten="40,12000,1" yaku="20,1,52,3" doraHai="60" who="0" fromWho="0" sc="186,130,321,-40,192,-40,291,-40" /><INIT seed="4,1,0,2,1,56" ten="316,281,152,251" oya="0" hai0="43,58,85,116,118,52,25,48,15,16,125,47,10" hai1="86,24,81,72,95,101,44,32,114,71,36,65,79" hai2="67,27,54,77,69,115,31,80,38,91,87,135,92" hai3="1,119,111,50,103,49,66,97,20,37,127,90,41"/><T109/><D125/><U2/><E114/><V110/><F115/><W70/><G111/><T18/><D109/><U102/><E2/><V14/><F110/><W22/><G119/><T59/><D59/><U74/><E102/><V134/><F38/><W45/><G1/><T4/><D85/><U122/><E122/><V128/><F128/><W63/><G127/><T96/><D96/><U108/><E108/><V61/><F14/><W132/><G132/><T23/><REACH who="0" step="1"/><D18/><REACH who="0" ten="306,281,152,251" step="2"/><U9/><E9/><V105/><F135/><W34/><G97/><T88/><D88/><U93/><E101/><V33/><F134/><W62/><G90/><T123/><D123/><U30/><E74/><V39/><F91/><W82/><G103/><T26/><D26/><U75/><E75/><V0/><F27/><W7/><G70/><T57/><D57/><U107/><E72/><V6/><F69/><W53/><G66/><T126/><D126/><U131/><E131/><V124/><F67/><W13/><G37/><AGARI ba="1,1" hai="4,10,15,16,23,25,37,43,47,48,52,58,116,118" machi="37" ten="30,11600,0" yaku="1,1,7,1,54,2,53,0" doraHai="56" doraHaiUra="28" who="0" fromWho="3" sc="306,129,281,0,152,0,251,-119" /><INIT seed="4,2,0,3,1,2" ten="435,281,152,132" oya="0" hai0="55,89,109,106,79,43,7,100,128,51,75,47,68" hai1="92,78,32,49,10,123,62,53,73,56,27,42,113" hai2="111,65,120,124,15,76,105,80,59,94,41,39,104" hai3="36,45,119,58,70,6,50,96,102,29,4,126,131"/><T134/><D68/><U77/><E123/><V16/><F111/><W11/><G119/><T121/><D121/><U0/><E113/><V52/><F120/><W26/><G126/><T9/><D109/><U1/><E92/><V54/><F124/><W48/><G70/><T90/><D128/><U110/><E110/><V19/><F94/><W5/><G131/><T66/><D66/><U125/><E125/><V30/><F30/><W88/><G36/><T44/><D134/><U22/><E32/><V60/><F19/><W116/><G116/><T83/><D100/><U86/><E73/><V57/><F41/><W21/><G11/><T117/><D106/><U3/><E10/><V25/><F25/><W81/><G102/><T122/><D122/><U14/><E14/><V46/><F46/><W91/><G96/><T114/><D114/><U115/><E115/><V61/><F39/><W71/><G71/><T82/><D82/><U33/><E33/><V31/><F31/><W130/><G130/><T135/><D135/><U118/><E118/><V64/><F105/><W20/><G81/><T13/><D117/><U87/><E42/><V95/><F95/><W101/><G101/><T37/><AGARI ba="2,0" hai="7,9,13,37,43,44,47,51,55,75,79,83,89,90" machi="37" ten="20,3900,0" yaku="0,1,7,1,52,1" doraHai="2" who="0" fromWho="0" sc="435,45,281,-15,152,-15,132,-15" /><INIT seed="4,3,0,2,2,100" ten="480,266,137,117" oya="0" hai0="63,13,120,56,126,46,92,50,75,79,89,67,66" hai1="128,132,27,123,44,104,57,34,99,64,124,48,7" hai2="122,24,94,113,107,85,45,110,58,77,109,76,54" hai3="101,129,116,36,84,102,62,111,95,108,105,14,98"/><T97/><D120/><U130/><E123/><V49/><F122/><W87/><G116/><T16/><D126/><U52/><E7/><V69/><F69/><W59/><G129/><N who="1" m="49770" /><E124/><V33/><F113/><W112/><G112/><T133/><D133/><U74/><E132/><V35/><F107/><W115/><G115/><T31/><D31/><N who="1" m="19839" /><E74/><V71/><F71/><W18/><G36/><T51/><D75/><U65/><E44/><V0/><F0/><W103/><G105/><T22/><D79/><U135/><E135/><V23/><F77/><W5/><G5/><T1/><D1/><U93/><E104/><V53/><F110/><W37/><G37/><T2/><D2/><U86/><E86/><N who="3" m="32810" /><G108/><T39/><D39/><U55/><E55/><V118/><F109/><W43/><G43/><N who="0" m="24927" /><D51/><U106/><E106/><V11/><F76/><W17/><G111/><T21/><D21/><U32/><E32/><V131/><F35/><W96/><G98/><T82/><D82/><U28/><E28/><V127/><F33/><W73/><G73/><T78/><D78/><U83/><E83/><V29/><F131/><W81/><G81/><T9/><D22/><U60/><E48/><N who="2" m="31015" /><F127/><W88/><G14/><T125/><D125/><U117/><E117/><V4/><F118/><W30/><G30/><T25/><D25/><U61/><E61/><V114/><F114/><W40/><G40/><T8/><D8/><U119/><E119/><V19/><F29/><W68/><G68/><T42/><D42/><U90/><AGARI ba="3,0" hai="52,57,60,64,65,90,93,99" m="19839,49770" machi="90" ten="30,2000,0" yaku="19,1,54,1" doraHai="100" who="1" fromWho="1" sc="480,-13,266,29,137,-8,117,-8" /><INIT seed="5,0,0,5,5,135" ten="467,295,129,109" oya="1" hai0="59,25,120,75,81,5,86,48,131,37,118,79,100" hai1="90,128,116,108,124,94,93,10,7,106,23,109,132" hai2="111,63,30,49,71,17,112,89,52,15,16,4,20" hai3="58,68,82,39,113,11,129,12,21,35,103,125,19"/><U99/><E132/><V40/><F111/><N who="1" m="42569" /><E116/><V1/><F112/><W119/><G129/><T84/><D37/><U8/><E128/><V36/><F30/><W83/><G113/><T29/><D5/><U18/><E124/><V107/><F107/><W73/><G119/><T55/><D118/><U60/><E60/><V115/><F115/><W121/><G68/><T92/><D120/><U96/><E106/><V74/><F74/><W27/><G121/><T69/><D69/><U80/><E80/><V104/><F104/><W78/><G39/><T91/><D131/><U47/><E47/><V32/><F32/><W3/><G103/><T28/><D100/><N who="1" m="60431" /><E7/><V44/><F4/><W54/><G3/><T51/><D75/><U72/><E72/><V50/><F1/><W41/><G41/><T14/><D14/><AGARI ba="0,0" hai="8,10,14,18,23,90,94,99" m="60431,42569" machi="14" ten="30,1500,0" yaku="10,1" doraHai="135" who="1" fromWho="0" sc="467,-15,295,15,129,0,109,0" /><INIT seed="5,1,0,4,0,58" ten="452,310,129,109" oya="1" hai0="15,130,113,131,66,17,22,0,119,44,30,104,65" hai1="92,68,51,134,31,115,46,35,73,78,83,75,108" hai2="29,114,87,8,72,27,90,124,91,127,55,42,41" hai3="61,81,109,116,19,50,36,7,12,107,76,135,13"/><U14/><E134/><V48/><F72/><W129/><G109/><T49/><D0/><U82/><E108/><V98/><F8/><W118/><G36/><T26/><D104/><U6/><E115/><V53/><F98/><W121/><G121/><T122/><D113/><U20/><E35/><V18/><F18/><W23/><G135/><T93/><D93/><U2/><E68/><V100/><F100/><W64/><G107/><T5/><D5/><U106/><E106/><V11/><F11/><W120/><G120/><T95/><D95/><U67/><E67/><V126/><F114/><W3/><G3/><T89/><D89/><N who="2" m="33802" /><F87/><W117/><G50/><T123/><D119/><U57/><E92/><V70/><F70/><N who="3" m="42255" /><G129/><N who="0" m="49163" /><D123/><U21/><E57/><N who="2" m="32935" /><F55/><W69/><G69/><T85/><D85/><U77/><E2/><V4/><F4/><W39/><G39/><T33/><D122/><U32/><E32/><AGARI ba="1,0" hai="27,29,32,41,42,124,126,127" m="32935,33802" machi="32" ten="30,1000,0" yaku="18,1" doraHai="58" who="2" fromWho="1" sc="452,0,310,-13,129,13,109,0" /><INIT seed="6,0,0,0,3,132" ten="452,297,142,109" oya="2" hai0="46,4,1,66,98,107,91,57,112,102,32,38,58" hai1="87,131,118,42,95,54,93,53,79,36,81,105,9" hai2="109,49,106,63,123,51,110,19,22,126,50,12,37" hai3="85,17,8,59,119,121,133,69,103,11,24,44,113"/><V23/><F37/><W74/><G121/><T104/><D112/><U83/><E118/><V72/><F123/><W127/><G119/><T90/><D32/><U56/><E105/><V41/><F72/><W61/><G74/><T84/><D107/><U134/><E134/><V60/><F106/><W111/><G69/><T35/><D35/><U124/><E131/><V43/><F12/><W117/><G111/><N who="2" m="42505" /><F19/><W20/><G117/><T0/><D91/><U101/><E124/><V65/><F126/><W16/><G113/><T33/><D33/><U129/><E129/><V47/><F47/><W45/><G133/><T25/><D25/><U70/><E70/><V97/><F97/><W31/><G127/><T5/><D46/><U18/><E54/><V71/><F23/><N who="3" m="15775" /><G103/><T52/><D38/><U29/><E101/><V62/><F22/><W130/><G130/><T21/><D21/><U78/><E29/><V125/><F125/><W76/><G44/><T67/><D58/><U80/><E36/><V28/><F28/><W3/><G3/><T99/><D99/><U55/><E42/><AGARI ba="0,0" hai="41,42,43,49,50,51,60,62,63,65,71" m="42505" machi="42" ten="30,5800,0" yaku="10,1,34,2" doraHai="132" who="2" fromWho="1" sc="452,0,297,-58,142,58,109,0" /><INIT seed="6,1,0,5,2,90" ten="452,239,200,109" oya="2" hai0="102,87,88,135,96,30,120,134,33,66,40,82,4" hai1="101,123,126,23,43,60,24,79,133,92,107,3,15" hai2="28,128,131,74,115,8,72,42,52,34,67,35,29" hai3="51,104,20,6,19,32,38,27,57,39,108,62,94"/><V97/><F42/><W83/><G108/><T124/><D120/><U111/><E3/><V122/><F67/><W58/><G104/><T129/><D4/><U112/><E111/><V98/><F8/><W84/><G32/><N who="2" m="12329" /><F52/><N who="3" m="31903" /><G38/><T16/><D40/><U99/><E123/><V17/><F17/><W21/><G39/><T103/><D66/><U69/><E15/><V130/><F115/><W11/><G6/><T14/><D33/><U41/><E112/><V95/><F122/><W61/><G11/><T86/><D30/><N who="2" m="11882" /><F95/><W47/><G47/><T46/><D46/><U12/><E12/><V78/><F78/><N who="3" m="46199" /><G20/><T22/><D103/><U54/><E79/><V76/><F76/><W106/><G106/><T55/><D55/><U50/><E107/><V132/><F132/><W121/><G121/><T114/><D114/><U49/><E133/><V68/><F68/><W56/><G94/><T9/><D134/><U80/><E80/><V36/><F36/><W116/><G116/><T18/><D135/><U65/><E126/><V31/><F31/><W110/><G110/><T25/><D124/><U48/><REACH who="1" step="1"/><E54/><REACH who="1" ten="452,229,200,109" step="2"/><V70/><F70/><W125/><G125/><T85/><D82/><U75/><E75/><AGARI ba="1,1" hai="72,74,75,97,98,128,130,131" m="11882,12329" machi="75" ten="40,7700,0" yaku="28,2,19,1" doraHai="90" who="2" fromWho="1" sc="452,0,229,-80,200,90,109,0" /><INIT seed="6,2,0,4,5,120" ten="452,149,290,109" oya="2" hai0="83,97,117,100,114,13,26,122,33,46,76,27,90" hai1="4,31,68,25,65,99,12,86,20,15,42,115,8" hai2="96,88,44,104,110,40,112,17,92,38,118,11,55" hai3="80,61,121,30,95,91,48,62,132,98,116,111,84"/><V128/><F118/><W81/><G116/><T16/><D122/><U47/><E115/><V123/><F123/><W28/><G121/><T71/><D71/><U94/><E86/><V124/><F112/><W73/><G111/><T101/><D117/><U36/><E68/><V133/><F124/><W7/><G132/><T72/><D114/><U64/><REACH who="1" step="1"/><E15/><REACH who="1" ten="452,139,290,109" step="2"/><V85/><F85/><W32/><G73/><T106/><D72/><U105/><E105/><V53/><F104/><W49/><G32/><T9/><D33/><U75/><E75/><V24/><F133/><W69/><G69/><T109/><D106/><U74/><E74/><V70/><F70/><W50/><G80/><T78/><D83/><U82/><E82/><V51/><F92/><W59/><G7/><T2/><D2/><U54/><E54/><V22/><F55/><N who="3" m="34047" /><G62/><T60/><D60/><U19/><E19/><V135/><F135/><W14/><G14/><T93/><D16/><U45/><E45/><V126/><F44/><W52/><G52/><T131/><D13/><U21/><E21/><V10/><F22/><W0/><G0/><T5/><D46/><U103/><AGARI ba="2,1" hai="4,8,12,20,25,31,36,42,47,64,65,94,99,103" machi="103" ten="20,2700,0" yaku="1,1,0,1,7,1,53,0" doraHai="120" doraHaiUra="87" who="1" fromWho="1" sc="452,-9,139,43,290,-15,109,-9" /><INIT seed="7,0,0,2,1,1" ten="443,182,275,100" oya="3" hai0="80,71,42,3,130,97,133,118,16,22,102,18,68" hai1="4,90,107,94,35,116,93,128,100,37,72,106,5" hai2="2,33,122,113,64,45,114,108,21,59,40,55,74" hai3="95,52,132,11,119,105,82,96,73,120,134,49,89"/><W51/><G120/><T104/><D118/><U24/><E37/><V6/><F108/><W67/><G119/><T34/><D34/><U65/><E116/><V56/><F21/><W109/><G109/><T9/><D42/><U81/><E128/><V29/><F74/><W10/><G67/><T121/><D121/><U0/><E65/><V125/><F125/><W135/><G105/><T28/><D130/><U60/><E60/><V15/><F15/><W43/><G43/><T77/><D28/><U123/><E123/><V7/><F2/><W87/><G73/><T99/><D99/><U76/><E94/><V54/><F29/><W23/><G23/><T117/><D133/><U110/><E110/><V14/><F14/><W39/><G39/><T92/><D104/><U41/><E41/><V32/><F40/><W129/><G129/><T115/><D115/><U124/><E124/><V50/><F64/><W83/><G83/><T26/><D117/><U20/><E35/><V98/><F122/><W31/><G31/><T88/><D102/><U8/><E5/><V17/><F17/><W91/><REACH who="3" step="1"/><G49/><REACH who="3" ten="443,182,275,90" step="2"/><T79/><D80/><U13/><E0/><V44/><F50/><W19/><G19/><T101/><D18/><U53/><E53/><V85/><F55/><W57/><AGARI ba="0,1" hai="10,11,51,52,57,82,87,89,91,95,96,132,134,135" machi="57" ten="30,11700,0" yaku="1,1,0,1,20,1,54,1,53,0" doraHai="1" doraHaiUra="70" who="3" fromWho="3" sc="443,-39,182,-39,275,-39,90,127" /><INIT seed="7,1,0,1,3,45" ten="404,143,236,217" oya="3" hai0="2,106,75,127,111,130,48,41,17,21,105,59,124" hai1="76,91,133,26,60,13,96,0,68,35,135,95,29" hai2="99,113,46,63,97,1,108,71,18,27,104,100,126" hai3="24,64,129,62,74,66,36,121,55,43,123,31,51"/><W116/><G74/><T109/><D75/><U90/><E76/><V34/><F108/><W37/><G116/><T87/><D2/><U25/><E0/><V132/><F99/><W78/><G78/><T114/><D130/><U12/><E91/><V92/><F113/><W44/><G129/><T73/><D73/><U54/><E26/><V20/><F132/><W53/><G24/><T3/><D3/><U77/><E77/><V8/><F126/><N who="0" m="48170" /><D114/><U49/><E60/><V102/><F63/><W119/><G119/><T84/><D84/><U89/><E68/><V80/><F71/><N who="3" m="42391" /><G31/><T9/><D9/><U11/><E90/><V72/><F8/><W58/><G66/><T14/><D87/><U94/><E94/><V110/><F92/><W32/><G32/><T67/><D67/><U56/><REACH who="1" step="1"/><E11/><REACH who="1" ten="404,133,236,217" step="2"/><V125/><F125/><W42/><G123/><T122/><D122/><U15/><AGARI ba="1,1" hai="12,13,15,25,29,35,49,54,56,89,95,96,133,135" machi="15" ten="30,8000,1" yaku="1,1,2,1,0,1,52,1,53,1" doraHai="45" doraHaiUra="85" who="1" fromWho="1" sc="404,-21,133,93,236,-21,217,-41" owari="383,47.0,226,3.0,215,-18.0,176,-32.0" /></mjloggm>