<mjloggm ver="2.3"><GO type="41" lobby="0"/><UN n0="%E2%93%9D%53%75%70%68%78" n1="%E3%81%97%E3%82%8C%E3%81%A3%E3%81%A8%E9%99%B3%E8%85%90" n2="%E7%84%A1%E5%A3%B0%E9%88%B4%E9%B9%BF" n3="%E7%B4%99%E4%BB%A3%E3%81%AA%E3%81%A4%E3%82%81" dan="18,14,13,13" rate="2120.08,1961.21,1940.72,1892.18" sx="M,M,F,F"/><TAIKYOKU oya="0"/><INIT seed="0,0,0,5,1,36" ten="250,250,250,250" oya="0" hai0="94,27,23,127,14,108,66,91,4,106,31,16,17" hai1="98,33,82,117,57,18,32,39,86,12,84,8,65" hai2="97,2,10,125,30,107,37,119,25,60,26,88,42" hai3="132,19,49,120,113,75,9,61,41,67,74,54,68"/><T128/><D106/><U78/><E117/><V115/><F115/><W7/><G113/><T6/><D128/><U100/><E39/><V111/><F119/><W70/><G70/><T105/><D105/><U52/><E86/><V133/><F111/><W112/><G112/><T80/><D127/><U46/><E46/><V59/><F125/><W45/><G120/><T83/><D108/><U121/><E65/><V135/><F135/><W28/><G28/><T90/><D66/><U50/><REACH who="1" step="1"/><E121/><REACH who="1" ten="250,240,250,250" step="2"/><V131/><F37/><W55/><G132/><T123/><D123/><U47/><E47/><V35/><F133/><W44/><G44/><T134/><D134/><U21/><E21/><V95/><F131/><W118/><G118/><T34/><D83/><U89/><E89/><V93/><F88/><W122/><G122/><T0/><D80/><U116/><E116/><V63/><F97/><W102/><G102/><T20/><D91/><U48/><E48/><V103/><F103/><W104/><G49/><T13/><REACH who="0" step="1"/><D0/><REACH who="0" ten="240,240,250,250" step="2"/><U99/><E99/><AGARI ba="0,2" hai="4,6,13,14,16,17,20,23,27,31,34,90,94,99" machi="99" ten="30,12000,1" yaku="1,1,2,1,7,1,9,1,54,1,53,0" doraHai="36" doraHaiUra="53" who="0" fromWho="1" sc="240,140,240,-120,250,0,250,0" /><INIT seed="0,1,0,4,3,82" ten="380,120,250,250" oya="0" hai0="104,42,54,109,4,6,108,128,37,112,22,91,67" hai1="66,92,21,94,103,3,98,31,19,96,1,95,134" hai2="43,14,30,77,26,39,83,10,8,84,59,87,48" hai3="135,122,57,46,132,74,27,97,58,90,100,70,125"/><T116/><D112/><U28/><E134/><N who="3" m="51242" /><G70/><T65/><D116/><U79/><E66/><N who="0" m="25097" /><D104/><U44/><E79/><V68/><F68/><W119/><G122/><T35/><D35/><U76/><E76/><V73/><F39/><W110/><G119/><T49/><D22/><U93/><E96/><V86/><F8/><W38/><G74/><T47/><D91/><U2/><REACH who="1" step="1"/><E44/><REACH who="1" ten="380,110,250,250" step="2"/><N who="2" m="25631" /><F59/><W72/><G46/><N who="0" m="27959" /><D128/><U20/><E20/><N who="2" m="15687" /><F73/><W64/><G72/><T17/><D47/><U78/><E78/><V133/><F133/><W53/><G57/><T131/><D131/><U126/><E126/><V75/><F75/><W117/><G125/><T113/><D113/><U11/><E11/><V9/><F9/><W69/><G58/><T101/><D109/><U107/><E107/><V18/><AGARI ba="1,1" hai="10,14,18,77,83,84,86,87" m="15687,25631" machi="18" ten="30,7900,0" yaku="8,1,52,3" doraHai="82" who="2" fromWho="2" sc="380,-40,110,-21,250,92,250,-21" /><INIT seed="1,0,0,3,4,62" ten="340,89,342,229" oya="1" hai0="29,27,126,56,130,58,48,6,35,76,83,108,12" hai1="77,70,112,26,91,14,99,111,103,121,107,113,2" hai2="89,45,102,20,117,32,60,93,110,34,51,53,38" hai3="9,124,132,97,5,41,28,19,119,31,39,81,90"/><U72/><E2/><V4/><F117/><W123/><G123/><T64/><D108/><U36/><E36/><V47/><F110/><W8/><G119/><T55/><D130/><U88/><E111/><V22/><F4/><W66/><G39/><T95/><D126/><U94/><E70/><V46/><F102/><W15/><G41/><T131/><D131/><U118/><E118/><V68/><F20/><W59/><G132/><T92/><D6/><U61/><E61/><V71/><F22/><W74/><G74/><T30/><D12/><U42/><E42/><V134/><F134/><W65/><G59/><T98/><D30/><N who="3" m="11305" /><G124/><T129/><D129/><U106/><E26/><V84/><F38/><W133/><G133/><T122/><D122/><U24/><E24/><V43/><F68/><W54/><G54/><T87/><D98/><U73/><E14/><V11/><F11/><W75/><G75/><N who="1" m="28746" /><E77/><V13/><F13/><N who="3" m="7591" /><G81/><T18/><D18/><U10/><E10/><V23/><F43/><W3/><G3/><T16/><D16/><U63/><E63/><V109/><F109/><W57/><G57/><T115/><D58/><U135/><E121/><V40/><F40/><W25/><G25/><T101/><D27/><U128/><E128/><V127/><F23/><W125/><G125/><T116/><D29/><U49/><E49/><V82/><F127/><W120/><G120/><T37/><D37/><U96/><E135/><V50/><F50/><W79/><G79/><T104/><D116/><U67/><E67/><N who="3" m="25610" /><G97/><N who="1" m="37450" /><E112/><V100/><F71/><W86/><G86/><T33/><D87/><RYUUKYOKU ba="0,0" sc="340,-10,89,-10,342,-10,229,30" hai3="5,9,15,90" /><INIT seed="2,1,0,4,1,114" ten="330,79,332,259" oya="2" hai0="51,88,48,101,45,33,46,25,70,59,61,126,12" hai1="87,71,11,122,90,135,49,107,110,66,84,39,4" hai2="127,117,72,130,21,58,78,132,53,102,104,124,116" hai3="62,91,29,103,74,16,99,128,30,108,5,56,121"/><V15/><F130/><W38/><G74/><T0/><D0/><U44/><E122/><V17/><F132/><W97/><G121/><T57/><D101/><U100/><E135/><V134/><F134/><W32/><G38/><T37/><D12/><U96/><E110/><V13/><F13/><W133/><G133/><T106/><D88/><U3/><E39/><V86/><F86/><W123/><G123/><T18/><D18/><U19/><E19/><V73/><F102/><W50/><G5/><T95/><D95/><U60/><REACH who="1" step="1"/><E90/><REACH who="1" ten="330,69,332,259" step="2"/><V28/><F17/><W131/><G91/><T125/><D37/><U81/><E81/><V22/><F78/><W31/><G108/><T24/><D126/><U89/><E89/><V118/><F124/><W23/><G32/><T20/><D33/><U34/><E34/><V115/><F127/><W55/><G128/><T83/><D83/><U6/><E6/><V9/><F116/><W82/><G131/><T77/><D77/><U54/><AGARI ba="1,1" hai="3,4,11,44,49,54,60,66,71,84,87,96,100,107" machi="54" ten="20,2700,0" yaku="1,1,0,1,7,1,53,0" doraHai="114" doraHaiUra="85" who="1" fromWho="1" sc="330,-8,69,40,332,-14,259,-8" /><INIT seed="3,0,0,1,3,55" ten="322,109,318,251" oya="3" hai0="81,46,78,125,88,42,102,35,128,94,70,83,71" hai1="7,67,37,80,26,64,40,122,100,92,19,86,15" hai2="108,65,95,131,6,21,62,98,25,61,134,53,133" hai3="84,1,8,63,44,4,16,24,60,17,39,5,52"/><W96/><G5/><T113/><D35/><U9/><E122/><V106/><F108/><W14/><G84/><T51/><D128/><U68/><E37/><V73/><F131/><W114/><G114/><T85/><D113/><U13/><E40/><V69/><F6/><W123/><G123/><T127/><D102/><U22/><E68/><V11/><F73/><W32/><G96/><T2/><D83/><U97/><REACH who="1" step="1"/><E26/><REACH who="1" ten="322,99,318,251" step="2"/><V90/><F25/><W29/><G17/><T105/><D71/><U41/><E41/><V72/><F69/><W103/><G103/><T118/><D70/><U91/><AGARI ba="0,1" hai="7,9,13,15,19,22,64,67,80,86,91,92,97,100" machi="91" ten="20,5200,0" yaku="1,1,0,1,7,1,8,1,53,0" doraHai="55" doraHaiUra="116" who="1" fromWho="1" sc="322,-13,99,62,318,-13,251,-26" /><INIT seed="4,0,0,3,1,78" ten="309,161,305,225" oya="0" hai0="133,76,29,39,32,48,109,24,123,116,87,47,89" hai1="66,50,60,77,134,7,103,65,102,105,11,63,56" hai2="6,128,13,83,31,36,100,0,14,8,42,94,4" hai3="38,111,2,37,33,110,3,52,30,132,26,55,70"/><T68/><D116/><U73/><E134/><V99/><F128/><W17/><G70/><T51/><D123/><U67/><E50/><V107/><F31/><W92/><G132/><T91/><D68/><U10/><E105/><V62/><F107/><W74/><G92/><T117/><D117/><U12/><E11/><V96/><F4/><W59/><G17/><T40/><D109/><U119/><E119/><V19/><F96/><W49/><G74/><T69/><D69/><U120/><E120/><V46/><F62/><W82/><G82/><T44/><D133/><U79/><E63/><V58/><F58/><W21/><G33/><T95/><D76/><N who="1" m="29259" /><E73/><V112/><F112/><W126/><G126/><T23/><D32/><U106/><E106/><V15/><REACH who="2" step="1"/><F83/><REACH who="2" ten="309,161,295,225" step="2"/><W90/><G110/><T16/><D29/><U88/><E56/><V127/><F127/><W135/><G111/><T9/><D47/><U121/><E60/><V25/><F25/><W114/><G114/><T64/><D24/><U34/><E121/><V101/><F101/><W97/><G135/><T122/><D122/><U45/><E45/><V84/><F84/><W61/><G97/><T1/><D87/><U18/><E34/><V80/><F80/><W27/><G27/><T72/><D72/><U93/><E7/><V20/><AGARI ba="0,1" hai="0,6,8,13,14,15,19,20,36,42,46,94,99,100" machi="20" ten="20,2700,0" yaku="1,1,0,1,7,1,53,0" doraHai="78" doraHaiUra="124" who="2" fromWho="2" sc="309,-13,161,-7,295,37,225,-7" /><INIT seed="5,0,0,2,0,114" ten="296,154,332,218" oya="1" hai0="35,19,29,109,73,46,124,25,96,100,98,101,79" hai1="113,51,37,123,89,95,127,23,75,43,3,9,0" hai2="129,86,58,81,64,11,62,132,8,77,7,53,111" hai3="18,50,24,2,107,126,118,94,121,78,72,90,83"/><U40/><E123/><V5/><F132/><W6/><G121/><T99/><D109/><U88/><E75/><V93/><F111/><W30/><G107/><T116/><D124/><U125/><E113/><V48/><F129/><W52/><G126/><N who="1" m="48138" /><E37/><V45/><REACH who="2" step="1"/><F93/><REACH who="2" ten="296,154,322,218" step="2"/><W80/><G94/><T71/><D101/><U91/><E95/><V128/><F128/><W17/><G2/><T60/><D100/><U49/><E23/><V16/><F16/><W57/><G17/><T27/><D19/><U15/><E3/><V12/><F12/><W70/><G18/><T13/><D13/><U112/><E0/><V66/><F66/><W14/><G6/><AGARI ba="0,1" hai="5,6,7,8,11,45,48,53,58,62,64,77,81,86" machi="6" ten="40,5200,0" yaku="1,1,8,1,53,1" doraHai="114" doraHaiUra="59" who="2" fromWho="3" sc="296,0,154,0,322,62,218,-52" /><INIT seed="6,0,0,4,3,73" ten="296,154,384,166" oya="2" hai0="123,112,118,25,129,76,26,125,83,115,58,53,37" hai1="32,3,113,80,103,57,31,121,127,78,51,119,99" hai2="54,134,0,65,100,9,24,96,19,77,71,4,55" hai3="117,135,64,97,47,98,114,50,1,120,22,95,87"/><V2/><F134/><W102/><G120/><T90/><D123/><U133/><E121/><V91/><F0/><W10/><G117/><T43/><D129/><U20/><E119/><V131/><F131/><W107/><G135/><T93/><D125/><U39/><E133/><V30/><F19/><W7/><G114/><N who="0" m="43563" /><D43/><U61/><E113/><V62/><F77/><W12/><G87/><N who="0" m="48615" /><D37/><U59/><E39/><V36/><F91/><W69/><G69/><T63/><D118/><U28/><E3/><V21/><REACH who="2" step="1"/><F36/><REACH who="2" ten="296,154,374,166" step="2"/><W75/><G75/><T41/><D41/><U6/><E6/><V5/><F5/><W52/><G64/><T130/><D130/><U46/><E127/><V122/><F122/><W13/><REACH who="3" step="1"/><G22/><REACH who="3" ten="296,154,374,156" step="2"/><T42/><D42/><U116/><E20/><V11/><F11/><W27/><G27/><T132/><D132/><U85/><E116/><V29/><F29/><W35/><G35/><T60/><D26/><U126/><E126/><V48/><F48/><W56/><G56/><T70/><D25/><U44/><E57/><V86/><F86/><W124/><G124/><T111/><D58/><U104/><E32/><V34/><F34/><W49/><G49/><T40/><D40/><U15/><E51/><V101/><F101/><AGARI ba="0,2" hai="1,7,10,12,13,47,50,52,95,97,98,101,102,107" machi="101" ten="30,3900,0" yaku="1,1,7,1,54,1,53,0" doraHai="73" doraHaiUra="16" who="3" fromWho="2" sc="296,0,154,0,374,-39,156,59" /><INIT seed="7,0,0,2,2,72" ten="296,154,335,215" oya="3" hai0="35,134,71,67,98,123,131,114,51,128,62,95,91" hai1="82,27,32,83,85,9,64,36,19,29,1,116,127" hai2="26,101,6,38,70,15,66,93,77,16,4,106,2" hai3="81,39,69,17,79,52,73,124,97,41,3,75,54"/><W86/><G69/><T102/><D123/><U122/><E122/><V40/><F106/><W13/><G3/><T112/><D35/><U126/><E36/><V87/><F101/><W111/><G124/><T110/><D51/><U10/><E64/><V23/><F2/><W18/><G111/><T108/><D134/><U88/><E116/><V0/><F0/><W30/><G30/><T43/><D43/><U20/><E10/><V99/><F26/><W21/><G97/><T94/><D110/><U25/><REACH who="1" step="1"/><E82/><REACH who="1" ten="296,144,335,215" step="2"/><V50/><F38/><W42/><G39/><T58/><D108/><U22/><E22/><V113/><F23/><N who="3" m="11695" /><G73/><T28/><D71/><U130/><E130/><N who="0" m="49705" /><D28/><U65/><E65/><V46/><F66/><W107/><G75/><T89/><D95/><U55/><E55/><N who="3" m="21034" /><G107/><T104/><D104/><U63/><E63/><V74/><F70/><W44/><G44/><T120/><D120/><U31/><E31/><V33/><F46/><W132/><G132/><T103/><D62/><U56/><E56/><V14/><F74/><W24/><AGARI ba="0,1" hai="18,21,24,41,42,79,81,86" m="21034,11695" machi="24" ten="30,6000,0" yaku="8,1,52,1,54,1" doraHai="72" who="3" fromWho="3" sc="296,-20,144,-20,335,-20,215,70" /><INIT seed="7,1,0,4,2,46" ten="276,124,315,285" oya="3" hai0="28,13,78,0,41,18,20,81,53,83,33,128,14" hai1="6,44,102,68,94,82,38,24,129,127,96,49,65" hai2="17,105,92,8,25,4,3,19,69,98,134,110,76" hai3="111,74,5,9,87,60,57,10,26,21,116,42,95"/><W72/><G116/><T61/><D0/><U59/><E129/><V66/><F110/><W130/><G130/><T11/><D128/><U12/><E127/><V99/><F134/><W88/><G42/><T73/><D41/><U39/><E68/><V27/><F76/><W123/><G123/><T85/><D33/><U93/><E93/><V126/><F126/><W22/><G111/><T86/><D73/><U56/><E56/><V112/><F112/><W84/><G84/><T79/><D28/><U114/><E114/><V75/><F75/><W23/><G26/><T58/><D11/><U36/><E36/><V80/><F80/><W120/><G120/><T124/><D124/><U34/><E34/><V121/><F121/><W64/><REACH who="3" step="1"/><G10/><REACH who="3" ten="276,124,315,275" step="2"/><T135/><D135/><U1/><E39/><V55/><F8/><W133/><G133/><T132/><D132/><U7/><E38/><V118/><F118/><W43/><G43/><T103/><D103/><U117/><E117/><V35/><F25/><AGARI ba="1,1" hai="13,14,18,20,25,53,58,61,78,79,81,83,85,86" machi="25" ten="30,3900,0" yaku="7,1,9,1,8,1" doraHai="46" who="0" fromWho="2" sc="276,52,124,0,315,-42,275,0" owari="328,43.0,124,-38.0,273,-13.0,275,8.0" /></mjloggm>