<mjloggm ver="2.3"><GO type="41" lobby="0"/><UN n0="%E3%83%88%E3%82%A2" n1="%E2%93%9D%53%75%70%68%78" n2="%6B%75%73%73%75%6E" n3="%73%77%69%6C%6C%6F%77" dan="13,18,15,14" rate="1874.21,2095.41,1961.83,2078.60" sx="M,M,M,M"/><TAIKYOKU oya="0"/><INIT seed="0,0,0,3,2,93" ten="250,250,250,250" oya="0" hai0="56,23,44,26,28,134,29,53,36,110,49,52,128" hai1="11,38,132,83,43,65,116,57,1,54,101,129,40" hai2="69,94,133,108,82,45,19,27,131,87,111,63,32" hai3="20,62,90,77,67,66,12,33,109,107,81,84,24"/><T86/><D134/><U115/><E116/><V71/><F133/><W123/><G109/><T100/><D128/><U76/><E132/><V74/><F74/><W125/><G125/><T60/><D36/><U92/><E65/><V13/><F131/><W91/><G107/><T46/><D110/><U70/><E70/><V130/><F130/><W59/><G123/><T22/><D22/><U120/><E115/><V18/><F45/><W10/><G33/><T117/><D117/><U124/><E124/><V106/><F106/><W4/><REACH who="3" step="1"/><G67/><REACH who="3" ten="250,250,250,240" step="2"/><T118/><D118/><U80/><E120/><V16/><F111/><W85/><G85/><T50/><D86/><U34/><E34/><V6/><F87/><W48/><G48/><T30/><REACH who="0" step="1"/><D100/><REACH who="0" ten="240,250,250,240" step="2"/><U42/><E101/><V135/><F108/><W15/><G15/><T5/><D5/><U31/><E129/><V68/><F6/><W105/><G105/><T58/><D58/><U51/><E57/><V55/><F13/><W96/><G96/><T95/><D95/><U0/><E92/><V39/><F94/><W126/><G126/><T89/><D89/><U98/><E98/><V119/><F119/><W17/><AGARI ba="0,2" hai="4,10,12,17,20,24,59,62,66,77,81,84,90,91" machi="17" ten="20,8000,1" yaku="1,1,0,1,7,1,8,1,53,1" doraHai="93" doraHaiUra="14" who="3" fromWho="3" sc="240,-40,250,-20,250,-20,240,100" /><INIT seed="1,0,0,1,2,64" ten="200,230,230,340" oya="1" hai0="29,134,99,46,24,79,28,77,7,49,38,6,53" hai1="27,70,118,13,60,63,8,15,56,34,26,126,16" hai2="129,123,110,55,88,78,119,130,93,10,37,97,106" hai3="17,115,19,65,9,103,45,128,91,23,66,76,121"/><U33/><E118/><V57/><F119/><W51/><G121/><T20/><D134/><U117/><E117/><V107/><F123/><W42/><G115/><T101/><D29/><U43/><E43/><V35/><F37/><W71/><G128/><T52/><D53/><U82/><E82/><V94/><F35/><W112/><G112/><T108/><D108/><U50/><E50/><V90/><F78/><W127/><G127/><T114/><D114/><U58/><E8/><V5/><F110/><W59/><G103/><T116/><D116/><U30/><E30/><V102/><F102/><W87/><G76/><T21/><D21/><U86/><E86/><V62/><F130/><W105/><G105/><T120/><D120/><U81/><E81/><V54/><F54/><W2/><G59/><T44/><D77/><U122/><E122/><V72/><F72/><W69/><G65/><T92/><D79/><U100/><E100/><V68/><F68/><W36/><G66/><T11/><D38/><U83/><E83/><V40/><F40/><W48/><G36/><T47/><REACH who="0" step="1"/><D6/><REACH who="0" ten="190,230,230,340" step="2"/><U85/><E126/><V133/><F133/><W61/><G23/><T84/><D84/><U131/><E85/><N who="2" m="52367" /><F129/><W96/><G87/><T0/><AGARI ba="0,1" hai="0,7,11,20,24,28,44,46,47,49,52,92,99,101" machi="0" ten="20,8000,1" yaku="1,1,0,1,7,1,54,1,53,1" doraHai="64" doraHaiUra="3" who="0" fromWho="0" sc="190,90,230,-40,230,-20,340,-20" /><INIT seed="2,0,0,0,1,117" ten="280,190,210,320" oya="2" hai0="66,30,47,72,83,12,126,121,127,2,7,18,38" hai1="110,130,67,61,55,64,56,107,9,129,91,24,28" hai2="79,44,101,134,42,68,96,74,108,131,93,33,78" hai3="111,34,92,120,70,65,21,17,132,73,104,11,14"/><V112/><F112/><W19/><G104/><T99/><D66/><U31/><E107/><V46/><F33/><W106/><G106/><T29/><D99/><U36/><E36/><V39/><F68/><W10/><G120/><T57/><D57/><U27/><E9/><V15/><F74/><W115/><G73/><T90/><D7/><U69/><E91/><V124/><F46/><W32/><G132/><T23/><D2/><U95/><E95/><V40/><F40/><W105/><G105/><T109/><D109/><U77/><E77/><V8/><F134/><W20/><G92/><T80/><D80/><U63/><E110/><V76/><F108/><W98/><G98/><T58/><D58/><U122/><E55/><V6/><REACH who="2" step="1"/><F131/><REACH who="2" ten="280,190,200,320" step="2"/><W125/><G111/><T97/><D72/><U135/><E135/><V62/><F62/><W26/><G70/><T100/><D47/><U37/><E37/><V81/><F81/><W82/><G82/><T41/><D38/><U16/><E69/><V53/><F53/><W60/><G115/><T35/><D41/><U87/><E56/><V71/><F71/><W4/><G60/><T102/><D35/><N who="3" m="13353" /><G65/><T114/><D114/><U3/><E67/><V43/><F43/><W52/><G52/><T123/><D83/><U1/><E64/><V45/><F45/><W128/><G128/><T25/><D90/><U119/><E130/><V88/><F88/><W118/><G118/><T116/><D116/><U103/><E129/><V89/><F89/><W22/><G125/><AGARI ba="0,1" hai="6,8,15,39,42,44,76,78,79,93,96,101,124,125" machi="125" ten="40,3900,0" yaku="1,1,53,1" doraHai="117" doraHaiUra="0" who="2" fromWho="3" sc="280,0,190,0,200,49,320,-39" /><INIT seed="2,1,0,0,4,122" ten="280,190,249,281" oya="2" hai0="61,62,18,97,88,53,15,52,110,121,74,94,17" hai1="68,120,84,130,93,112,50,131,119,44,19,35,8" hai2="92,71,135,90,14,98,42,5,67,28,107,91,36" hai3="109,46,99,1,96,133,95,39,63,22,25,9,81"/><V77/><F28/><W2/><G133/><T106/><D121/><U20/><E120/><V86/><F77/><W76/><G63/><T69/><D74/><U16/><E35/><V29/><F29/><W124/><G124/><T75/><D75/><U51/><E68/><V48/><F107/><W70/><G70/><T41/><D41/><U89/><E119/><V87/><F36/><W60/><G60/><T104/><D15/><U4/><E112/><V47/><F71/><W132/><G132/><T126/><D69/><U85/><E85/><V64/><F98/><W125/><G125/><T59/><D126/><U23/><E23/><V49/><F49/><W7/><G1/><T10/><D10/><U66/><E66/><V72/><F72/><W83/><G95/><T55/><D55/><U56/><E56/><V111/><F111/><W78/><G83/><T24/><D94/><U129/><E20/><V113/><F113/><W127/><G127/><T54/><D54/><U0/><REACH who="1" step="1"/><E51/><REACH who="1" ten="280,180,249,281" step="2"/><V80/><F135/><W58/><G58/><T13/><D59/><U116/><E116/><V38/><F38/><W30/><G39/><T123/><D123/><U32/><E32/><V79/><REACH who="2" step="1"/><F91/><REACH who="2" ten="280,180,239,281" step="2"/><W134/><G134/><T26/><D88/><U73/><E73/><V6/><F6/><W108/><G46/><T3/><D97/><U45/><E45/><V57/><F57/><W33/><G33/><T105/><D62/><U43/><AGARI ba="1,2" hai="0,4,8,16,19,43,44,50,84,89,93,129,130,131" machi="43" ten="30,7900,0" yaku="1,1,0,1,19,1,54,1,53,0" doraHai="122" doraHaiUra="115" who="1" fromWho="1" sc="280,-21,180,102,239,-40,281,-21" /><INIT seed="3,0,0,2,0,131" ten="259,282,199,260" oya="3" hai0="66,92,24,117,85,44,135,103,99,121,9,69,40" hai1="13,102,74,71,107,58,104,127,67,50,64,81,75" hai2="51,53,128,2,112,7,56,41,100,19,114,93,83" hai3="48,43,116,55,16,82,133,98,113,4,106,96,63"/><W84/><G113/><T18/><D121/><U111/><E71/><V42/><F128/><W36/><G116/><T115/><D117/><U1/><E1/><V54/><F83/><W26/><G4/><T101/><D103/><U87/><E111/><V39/><F39/><W122/><G122/><T73/><D73/><U35/><E35/><V25/><F114/><W5/><G5/><T132/><D85/><U78/><E127/><V72/><F72/><W34/><G36/><T10/><D66/><U120/><E13/><V77/><F77/><W89/><G34/><T33/><D69/><U80/><E120/><V30/><F19/><W119/><G119/><T17/><D17/><U45/><E58/><V123/><F123/><W37/><G37/><T97/><D97/><U108/><E108/><V49/><F7/><W94/><G106/><T125/><D125/><U134/><E102/><V91/><F100/><W57/><G133/><N who="0" m="51275" /><D115/><U118/><E134/><V88/><F112/><W11/><G11/><T110/><D110/><U129/><E129/><V105/><F105/><W70/><G70/><T3/><D3/><U95/><E107/><V23/><F2/><W65/><G65/><T124/><D124/><U90/><E104/><V59/><F91/><W126/><G126/><T32/><D32/><U68/><E118/><V46/><F46/><N who="3" m="25695" /><G82/><T21/><D33/><U79/><E68/><V27/><F27/><W0/><G0/><T29/><D29/><U62/><E67/><V14/><F14/><W109/><G109/><T130/><D130/><U47/><E75/><V15/><F15/><RYUUKYOKU ba="0,0" sc="259,10,282,-30,199,10,260,10" hai0="9,10,18,21,24,40,44,92,99,101" hai2="23,25,30,41,42,49,51,53,54,56,59,88,93" hai3="16,26,55,57,63,84,89,94,96,98" /><INIT seed="3,1,0,5,0,12" ten="269,252,209,270" oya="3" hai0="40,115,38,51,3,113,91,17,125,57,112,25,80" hai1="52,14,100,114,29,11,116,46,34,110,132,31,62" hai2="19,58,111,48,1,75,103,124,21,5,109,96,56" hai3="107,84,26,39,70,129,93,32,41,105,134,8,120"/><W64/><G120/><T82/><D3/><U16/><E114/><V60/><F75/><W55/><G39/><T90/><D125/><U59/><E110/><N who="2" m="41995" /><F124/><W0/><G41/><T87/><D38/><U126/><E126/><V79/><F79/><W61/><G134/><T117/><D117/><U66/><E132/><V104/><F1/><W53/><G129/><T74/><D74/><U33/><E116/><V23/><F5/><W78/><G32/><T10/><D80/><U20/><E100/><V122/><F122/><W135/><G135/><T130/><D130/><U95/><E95/><V35/><F35/><W121/><G26/><T88/><D57/><N who="2" m="22122" /><F48/><W133/><G121/><T54/><D40/><U50/><REACH who="1" step="1"/><E11/><REACH who="1" ten="269,242,209,270" step="2"/><V43/><F60/><W47/><G93/><T99/><D10/><U22/><E22/><V18/><F43/><W4/><G133/><T28/><D112/><U92/><E92/><V101/><F101/><W2/><G107/><T24/><D113/><U63/><E63/><V6/><F6/><W30/><G105/><T36/><D115/><U97/><E97/><V128/><F128/><W69/><G61/><T7/><D99/><U15/><E15/><V118/><F118/><W106/><G2/><T65/><D65/><U44/><E44/><V27/><F23/><W131/><G0/><T127/><D127/><U73/><E73/><V49/><F49/><W72/><G131/><T102/><D51/><U71/><E71/><V119/><F119/><W67/><G72/><T123/><D123/><U37/><E37/><V42/><F42/><W76/><G70/><RYUUKYOKU ba="1,1" sc="269,-15,242,15,209,15,270,-15" hai1="14,16,20,29,31,33,34,46,50,52,59,62,66" hai2="18,19,21,27,96,103,104" /><INIT seed="4,2,1,1,2,78" ten="254,257,224,255" oya="0" hai0="110,123,77,94,76,86,26,97,134,120,30,103,29" hai1="124,62,20,92,4,127,118,58,109,33,95,10,111" hai2="51,56,88,83,13,32,19,47,17,126,121,131,7" hai3="81,55,5,28,42,73,25,84,65,74,133,27,9"/><T24/><D134/><U119/><E33/><V11/><F121/><W2/><G133/><T38/><D38/><U8/><E20/><V72/><F32/><W0/><G0/><T99/><D30/><U135/><E135/><V44/><F72/><W104/><G104/><T23/><D110/><N who="1" m="41995" /><E58/><V41/><F131/><W105/><G105/><T107/><D26/><U43/><E62/><V69/><F69/><W12/><G42/><T1/><D1/><N who="1" m="15" /><E43/><V21/><F126/><N who="1" m="48169" /><E10/><V66/><F41/><W116/><G65/><T89/><REACH who="0" step="1"/><D86/><REACH who="0" ten="244,257,224,255" step="2"/><U93/><AGARI ba="2,2" hai="92,93,95,118,119" m="48169,15,41995" machi="93" ten="40,1500,0" yaku="18,1" doraHai="78" who="1" fromWho="1" sc="244,-9,257,41,224,-6,255,-6" /><INIT seed="5,0,0,4,2,116" ten="235,298,218,249" oya="1" hai0="74,53,122,73,105,114,91,108,51,101,39,1,80" hai1="103,81,34,88,135,52,13,124,79,134,45,126,125" hai2="35,25,132,90,86,84,15,112,36,65,110,46,83" hai3="8,62,92,67,121,96,128,97,37,12,99,63,127"/><U68/><E68/><V3/><F3/><W17/><G37/><T5/><D108/><U49/><E103/><V120/><F110/><W47/><G128/><T109/><D109/><U56/><E34/><V38/><F120/><W55/><G127/><T76/><D39/><U123/><E123/><V21/><F35/><W72/><G72/><T85/><D114/><U61/><E13/><V40/><F65/><W10/><G121/><T22/><D122/><U118/><E118/><V131/><F131/><W130/><G130/><T69/><D69/><U42/><REACH who="1" step="1"/><E88/><REACH who="1" ten="235,288,218,249" step="2"/><V93/><F15/><W27/><G27/><T117/><D117/><U14/><E14/><V18/><F112/><W32/><G32/><T31/><D101/><U11/><E11/><V87/><F132/><W113/><G8/><T28/><D1/><U30/><E30/><V119/><F119/><W29/><G29/><T19/><D31/><U115/><E115/><V78/><REACH who="2" step="1"/><F36/><REACH who="2" ten="235,288,208,249" step="2"/><W100/><G113/><T95/><D28/><U89/><E89/><V54/><F54/><W2/><G2/><T111/><D111/><U48/><E48/><V129/><F129/><W77/><G55/><T24/><D51/><U98/><E98/><AGARI ba="0,2" hai="18,21,25,38,40,46,78,83,84,86,87,90,93,98" machi="98" ten="30,3900,0" yaku="1,1,7,1,53,1" doraHai="116" doraHaiUra="16" who="2" fromWho="1" sc="235,0,288,-39,208,59,249,0" /><INIT seed="6,0,0,1,0,86" ten="235,249,267,249" oya="2" hai0="7,131,0,11,101,36,72,87,41,96,60,62,29" hai1="44,67,126,103,16,97,81,92,26,1,110,46,59" hai2="109,105,47,23,48,31,78,28,35,27,39,24,108" hai3="111,22,135,18,95,85,17,115,37,52,118,56,66"/><V14/><F105/><W116/><G111/><N who="2" m="42569" /><F78/><W119/><G37/><T43/><D131/><U94/><E126/><V65/><F39/><W2/><G2/><T82/><D29/><U84/><E94/><V77/><F65/><W69/><G135/><T83/><D83/><U21/><E1/><V79/><F14/><W75/><G75/><T40/><D72/><U57/><E110/><V50/><F50/><W68/><G66/><T10/><D10/><U12/><E12/><V6/><F6/><W99/><G115/><T76/><REACH who="0" step="1"/><D36/><REACH who="0" ten="225,249,267,249" step="2"/><U80/><E80/><V58/><F31/><W93/><G116/><T61/><D61/><N who="1" m="38319" /><E59/><V134/><F58/><W34/><G56/><T51/><D51/><U88/><AGARI ba="0,1" hai="16,21,26,44,46,81,84,88,92,97,103" m="38319" machi="88" ten="30,7900,0" yaku="8,1,52,1,54,2" doraHai="86" who="1" fromWho="1" sc="225,-20,249,89,267,-39,249,-20" /><INIT seed="7,0,0,4,1,29" ten="205,338,228,229" oya="3" hai0="68,51,91,102,41,95,31,45,69,9,48,25,61" hai1="122,111,99,116,132,90,11,38,110,77,76,106,40" hai2="47,15,10,87,18,28,80,108,75,4,54,82,39" hai3="32,103,125,118,127,19,124,43,104,74,5,26,59"/><W66/><G118/><T53/><D102/><U12/><E122/><V84/><F108/><W107/><G74/><T1/><D61/><U130/><E130/><V2/><F28/><W37/><G5/><T30/><D30/><U117/><E132/><V0/><F0/><W56/><G103/><T129/><D129/><U21/><E21/><V42/><F54/><W126/><G37/><T6/><D48/><U131/><E131/><V112/><F112/><W46/><G66/><T79/><D79/><N who="1" m="30283" /><E90/><V36/><F36/><N who="3" m="21863" /><G127/><T73/><D41/><U97/><E106/><N who="3" m="40490" /><G32/><T119/><D119/><N who="1" m="45643" /><E40/><V64/><F64/><W22/><AGARI ba="0,0" hai="19,22,26,56,59,124,125,126" m="40490,21863" machi="22" ten="40,2100,0" yaku="18,1" doraHai="29" who="3" fromWho="3" sc="205,-7,338,-7,228,-7,229,21" /><INIT seed="7,1,0,4,3,71" ten="198,331,221,250" oya="3" hai0="117,4,78,106,80,118,62,115,36,55,97,133,83" hai1="30,129,96,49,93,92,58,5,20,121,52,90,114" hai2="25,32,56,59,14,131,13,3,6,99,39,64,130" hai3="85,89,43,127,18,44,95,16,66,135,63,104,75"/><W57/><G127/><T23/><D4/><U37/><E37/><V128/><F99/><W7/><G135/><T46/><D23/><U105/><E114/><V73/><F73/><W29/><G104/><T91/><D133/><U28/><E129/><N who="2" m="33027" /><V76/><DORA hai="74" /><F76/><W2/><G29/><T67/><D83/><U110/><E110/><V50/><F39/><W33/><G33/><T122/><D122/><U125/><E105/><V126/><F126/><W107/><G107/><T51/><D36/><U15/><E121/><V19/><F64/><W11/><REACH who="3" step="1"/><G75/><REACH who="3" ten="198,331,221,240" step="2"/><T98/><D115/><U24/><E30/><V72/><F32/><W40/><G40/><T60/><D118/><U120/><E125/><V100/><F72/><W119/><G119/><T94/><D106/><U88/><E120/><V87/><F6/><W79/><G79/><T38/><D38/><AGARI ba="1,1" hai="2,7,11,16,18,38,43,44,57,63,66,85,89,95" machi="38" ten="30,18000,2" yaku="1,1,7,1,52,1,54,1,53,2" doraHai="71,74" doraHaiUra="82,61" who="3" fromWho="0" sc="198,-183,331,0,221,0,240,193" owari="15,-48.0,331,13.0,221,-18.0,433,53.0" /></mjloggm>