<mjloggm ver="2.3"><GO type="41" lobby="0"/><UN n0="%E3%81%AD%E3%81%8E%31%32%32%31" n1="%4E%69%74%72%6F" n2="%E3%82%80%E3%82%89%E3%81%BE%E3%81%A1%E3%82%85" n3="%E2%93%9D%53%75%70%68%78" dan="13,14,13,18" rate="1944.83,1998.58,1968.45,2125.35" sx="F,M,M,M"/><TAIKYOKU oya="0"/><INIT seed="0,0,0,3,5,69" ten="250,250,250,250" oya="0" hai0="93,3,124,103,7,32,120,36,45,134,42,61,105" hai1="23,87,84,28,39,85,12,48,79,54,20,49,29" hai2="128,89,1,22,86,104,81,55,113,96,117,14,109" hai3="18,98,119,66,30,131,88,2,34,17,100,11,111"/><T33/><D120/><U83/><E39/><V80/><F113/><W127/><G119/><T31/><D124/><U46/><E48/><V59/><F1/><W92/><G127/><T121/><D134/><U129/><E129/><V126/><F128/><W91/><G131/><T82/><D121/><U57/><E46/><V35/><F35/><W76/><G76/><T24/><D82/><U97/><E97/><V112/><F109/><W16/><G66/><T133/><D133/><U70/><E70/><V110/><F110/><W52/><G111/><T62/><D93/><U40/><E40/><V123/><F104/><W90/><G34/><T78/><D78/><U10/><E23/><V63/><F112/><W101/><G30/><N who="1" m="11882" /><E20/><V73/><F73/><W41/><G41/><T116/><D33/><U122/><E122/><V118/><F123/><W71/><G71/><T38/><D116/><U6/><AGARI ba="0,0" hai="6,10,12,49,54,57,79,83,84,85,87" m="11882" machi="6" ten="30,1100,0" yaku="8,1" doraHai="69" who="1" fromWho="1" sc="250,-5,250,11,250,-3,250,-3" /><INIT seed="1,0,0,1,3,47" ten="245,261,247,247" oya="1" hai0="65,8,62,37,27,19,133,29,87,129,127,74,38" hai1="81,88,132,135,107,13,131,116,76,123,54,95,11" hai2="22,17,92,93,32,52,31,0,106,97,78,68,104" hai3="41,36,114,12,77,53,35,26,40,4,58,7,118"/><U103/><E123/><V79/><F68/><W109/><G114/><T108/><D74/><U112/><E112/><V126/><F126/><W130/><G109/><T16/><D127/><U69/><E69/><V134/><F0/><W9/><G130/><T98/><D129/><U24/><E116/><V56/><F134/><N who="1" m="51241" /><E131/><V21/><F32/><W3/><G36/><T119/><D108/><U85/><E24/><N who="2" m="16783" /><F104/><W33/><G77/><N who="2" m="29193" /><F106/><W117/><G35/><T23/><D119/><N who="3" m="45577" /><G26/><T44/><D133/><U75/><E54/><V48/><F97/><W66/><G66/><T61/><D87/><U80/><E103/><V14/><AGARI ba="0,0" hai="14,17,22,48,52,56,92,93" m="29193,16783" machi="14" ten="30,4000,0" yaku="8,1,52,1,54,1" doraHai="47" who="2" fromWho="2" sc="245,-10,261,-20,247,40,247,-10" /><INIT seed="2,0,0,4,5,90" ten="235,241,287,237" oya="2" hai0="38,103,119,37,87,7,73,8,133,57,66,135,115" hai1="36,46,92,86,72,109,100,85,111,4,71,32,65" hai2="122,112,55,70,25,130,82,123,77,19,68,74,132" hai3="113,9,88,98,27,80,79,15,22,125,45,116,34"/><V127/><F112/><W93/><G125/><T96/><D115/><U28/><E72/><V35/><F127/><W52/><G34/><T124/><D73/><U29/><E4/><V48/><F130/><W97/><G113/><T134/><D124/><U102/><E46/><V128/><F132/><W17/><G116/><T50/><D87/><U13/><E13/><V91/><F128/><W69/><G69/><T23/><D23/><U30/><E36/><V40/><F40/><W84/><G98/><T101/><D119/><U61/><E32/><V117/><F117/><W62/><G45/><T76/><D76/><U0/><E0/><V18/><F18/><W2/><G2/><T56/><D101/><U58/><E71/><V26/><F26/><W47/><G47/><T107/><D57/><U131/><E131/><V5/><F5/><W120/><G120/><T21/><D21/><U59/><E59/><V54/><F54/><W94/><G94/><T83/><D83/><U67/><E67/><V39/><F39/><W126/><G126/><T75/><D75/><U63/><E63/><V114/><F114/><W49/><G62/><N who="0" m="38215" /><D50/><U42/><E42/><V33/><F91/><W105/><G105/><T12/><AGARI ba="0,0" hai="7,8,12,37,38,96,103,107,133,134,135" m="38215" machi="12" ten="30,1100,0" yaku="20,1" doraHai="90" who="0" fromWho="0" sc="235,11,241,-3,287,-5,237,-3" /><INIT seed="3,0,0,2,4,74" ten="246,238,282,234" oya="3" hai0="63,9,30,6,45,58,110,71,115,123,29,75,77" hai1="104,128,90,113,84,92,50,118,117,52,44,38,125" hai2="69,15,18,130,46,8,95,54,135,87,21,105,35" hai3="33,24,91,98,56,100,97,22,134,85,122,17,2"/><W60/><G134/><T41/><D123/><U101/><E113/><V116/><F105/><W62/><G122/><T12/><D110/><U67/><E125/><V51/><F35/><W106/><G2/><T120/><D71/><U11/><E128/><V126/><F69/><W132/><G132/><T133/><D115/><U86/><E38/><V16/><F135/><W68/><G98/><T102/><D102/><U89/><E67/><V79/><F130/><W119/><G119/><T4/><D4/><U73/><E11/><V7/><F126/><W55/><G33/><T31/><D120/><U76/><E101/><V96/><F116/><W112/><G112/><T40/><D133/><U114/><E104/><V25/><F87/><W14/><G68/><T13/><D13/><U111/><E111/><V10/><F79/><W131/><G131/><T39/><D41/><U26/><E26/><V47/><F47/><W0/><G0/><T65/><REACH who="0" step="1"/><D75/><REACH who="0" ten="236,238,282,234" step="2"/><U81/><REACH who="1" step="1"/><E114/><REACH who="1" ten="236,228,282,234" step="2"/><V99/><REACH who="2" step="1"/><F95/><AGARI ba="0,2" hai="44,50,52,73,76,81,84,86,89,90,92,95,117,118" machi="95" ten="40,8000,1" yaku="1,1,2,1,9,1,52,1,54,1,53,0" doraHai="74" doraHaiUra="28" who="1" fromWho="2" sc="236,0,228,100,282,-80,234,0" /><INIT seed="4,0,0,1,0,81" ten="236,328,202,234" oya="0" hai0="91,126,53,88,86,12,97,93,57,77,106,1,111" hai1="49,121,19,104,64,46,33,92,62,23,131,96,107" hai2="73,50,108,26,129,99,35,80,79,100,110,0,51" hai3="132,128,71,4,28,39,38,122,130,119,24,124,52"/><T55/><D1/><U40/><E121/><V117/><F129/><N who="3" m="49771" /><G119/><T78/><D106/><U16/><E33/><V8/><F117/><W43/><G4/><T114/><D114/><U36/><E36/><V66/><F50/><W7/><G7/><T29/><D126/><U105/><E23/><V72/><F72/><W30/><G71/><T17/><D29/><U68/><REACH who="1" step="1"/><E131/><REACH who="1" ten="236,318,202,234" step="2"/><V22/><F35/><W95/><G39/><T56/><D111/><U67/><E67/><V112/><F66/><W65/><G65/><T69/><D69/><U74/><E74/><V14/><F108/><W58/><G122/><T101/><D57/><U125/><E125/><V37/><F110/><W61/><G124/><T75/><D75/><U113/><E113/><V45/><F37/><W120/><G120/><T70/><D70/><U98/><E98/><V87/><F73/><W3/><G38/><T76/><D56/><U85/><E85/><V20/><F112/><W89/><G58/><T94/><D101/><AGARI ba="0,1" hai="16,19,40,46,49,62,64,68,92,96,101,104,105,107" machi="101" ten="40,5200,0" yaku="1,1,54,1,53,1" doraHai="81" doraHaiUra="59" who="1" fromWho="0" sc="236,-52,318,62,202,0,234,0" /><INIT seed="5,0,0,1,0,78" ten="184,380,202,234" oya="1" hai0="30,83,124,68,107,25,60,28,99,48,76,23,121" hai1="31,84,102,43,53,80,115,87,5,135,96,51,100" hai2="85,40,0,8,113,112,117,108,45,98,133,120,62" hai3="63,58,49,16,106,101,74,125,104,126,42,56,20"/><U116/><E115/><N who="2" m="44107" /><F0/><W32/><G32/><T92/><D124/><N who="3" m="47721" /><G74/><T41/><D107/><N who="3" m="41001" /><G101/><T3/><D3/><U72/><E116/><V37/><F8/><W69/><G42/><T91/><D121/><U29/><E135/><V10/><F10/><W90/><G49/><T103/><D68/><U119/><E119/><V19/><F117/><W66/><G90/><T129/><D129/><U61/><E5/><V22/><F108/><W59/><G69/><T24/><D60/><U13/><E96/><V65/><F98/><W88/><G88/><T81/><D76/><U54/><E87/><V93/><F93/><W132/><G132/><T111/><D91/><U6/><E72/><V110/><F85/><W9/><G9/><T94/><D94/><U97/><E97/><V15/><F133/><W21/><G21/><N who="0" m="15375" /><D111/><U26/><E43/><V118/><F118/><W35/><G35/><T47/><AGARI ba="0,0" hai="23,25,30,41,47,48,81,83,92,99,103" m="15375" machi="47" ten="30,4000,0" yaku="8,1,52,2" doraHai="78" who="0" fromWho="0" sc="184,40,380,-20,202,-10,234,-10" /><INIT seed="6,0,0,1,1,77" ten="224,360,192,224" oya="2" hai0="24,65,130,10,79,86,107,5,56,46,63,100,11" hai1="64,118,94,102,62,66,132,76,58,72,14,26,48" hai2="50,39,4,114,85,35,1,61,31,126,38,36,27" hai3="122,113,53,2,103,68,13,88,105,123,115,69,99"/><V60/><F114/><N who="3" m="43531" /><G2/><T51/><D130/><U45/><E118/><V98/><F126/><W44/><G13/><T119/><D119/><U54/><E132/><V25/><F98/><W84/><G53/><T116/><D116/><U106/><E106/><V108/><F108/><W28/><G44/><T0/><D11/><U134/><E134/><V111/><F111/><W75/><G28/><T19/><D100/><U90/><E102/><V3/><F50/><W93/><G75/><T21/><D107/><U12/><E26/><V87/><F4/><W129/><G129/><T43/><D86/><N who="1" m="52567" /><E76/><V33/><REACH who="2" step="1"/><F38/><REACH who="2" ten="224,360,182,224" step="2"/><W34/><G34/><T92/><D51/><U67/><E72/><V96/><F96/><W16/><G16/><T55/><D19/><U20/><E20/><V89/><F89/><W74/><G74/><T73/><D21/><U41/><AGARI ba="0,1" hai="12,14,41,45,48,54,58,62,64,66,67" m="52567" machi="41" ten="30,1100,0" yaku="8,1" doraHai="77" who="1" fromWho="1" sc="224,-3,360,21,182,-5,224,-3" /><INIT seed="7,0,0,0,2,21" ten="221,381,177,221" oya="3" hai0="115,64,134,36,100,54,50,97,110,126,22,99,96" hai1="82,70,40,95,0,79,46,39,5,19,44,113,3" hai2="24,32,1,33,127,111,77,56,88,34,27,45,67" hai3="18,89,71,42,120,65,85,130,10,103,43,119,75"/><W20/><G75/><T68/><D36/><U59/><E70/><V101/><F111/><W58/><G71/><T132/><D110/><U122/><E0/><V73/><F127/><W7/><G130/><T12/><D126/><U16/><E46/><V112/><F1/><W69/><G69/><T29/><D115/><U41/><E41/><V31/><F112/><W57/><G103/><T83/><D83/><U30/><E30/><V53/><F101/><W86/><G119/><T108/><D108/><U60/><E95/><V61/><F31/><W15/><G120/><T8/><D64/><U74/><E122/><V11/><F11/><W107/><G86/><T63/><D63/><U76/><E76/><V48/><REACH who="2" step="1"/><F88/><REACH who="2" ten="221,381,167,221" step="2"/><W129/><G10/><T87/><D29/><U6/><E113/><V52/><F52/><W72/><G89/><T80/><D54/><N who="1" m="33911" /><E5/><V66/><F66/><W121/><G65/><T124/><D100/><U117/><E117/><V47/><F47/><W102/><G102/><T104/><D124/><U106/><E106/><V28/><F28/><W81/><G107/><T109/><D104/><U17/><E17/><V125/><F125/><W114/><G18/><T51/><D109/><U98/><E98/><V90/><F90/><W38/><G114/><T4/><D96/><U37/><E37/><V92/><F92/><W9/><G38/><T14/><D97/><U118/><E118/><V25/><F25/><W13/><G7/><T62/><D99/><U93/><E93/><V91/><F91/><W35/><G121/><T49/><D4/><U123/><E123/><RYUUKYOKU ba="0,1" sc="221,-15,381,15,167,15,221,-15" hai1="3,6,16,19,39,40,44,74,79,82" hai2="24,27,32,33,34,45,48,53,56,61,67,73,77" owari="206,1.0,406,50.0,182,-32.0,206,-19.0" /></mjloggm>