<mjloggm ver="2.3"><GO type="41" lobby="0"/><UN n0="%E3%81%94%E3%82%80%E3%81%87%E3%82%93" n1="%73%61%6B%61%70%6F%6C%79" n2="%6B%69%6E%67%79%61%6D%61" n3="%E2%93%9D%53%75%70%68%78" dan="14,15,14,17" rate="1912.10,2027.55,1919.63,2063.54" sx="M,M,M,M"/><TAIKYOKU oya="0"/><INIT seed="0,0,0,1,1,21" ten="250,250,250,250" oya="0" hai0="91,108,81,20,96,17,90,33,19,44,64,29,9" hai1="89,83,34,35,22,73,99,122,46,2,58,88,86" hai2="74,76,27,92,110,116,87,42,39,101,50,63,102" hai3="126,57,5,78,24,131,53,60,113,103,36,67,26"/><T23/><D33/><U55/><E122/><V12/><F110/><W93/><G113/><T32/><D108/><U133/><E133/><V118/><F39/><W45/><G131/><T130/><D32/><U25/><E2/><V105/><F12/><W100/><G126/><T40/><D130/><U59/><E35/><V62/><F42/><W123/><G78/><T120/><D9/><U127/><E127/><V66/><F50/><W43/><G5/><T10/><D10/><U71/><E71/><V48/><F48/><W37/><G37/><T51/><D29/><U124/><E124/><V77/><F66/><W94/><G123/><T80/><D64/><U106/><E34/><V114/><F92/><W112/><G112/><T117/><D117/><U56/><E73/><V129/><F87/><W15/><G15/><N who="0" m="9279" /><D120/><U95/><E106/><V104/><F129/><W121/><G121/><T70/><D70/><U69/><E69/><V85/><F85/><W128/><G128/><T134/><D134/><U82/><E46/><V0/><F0/><W6/><G6/><T4/><D4/><U28/><REACH who="1" step="1"/><E83/><REACH who="1" ten="250,240,250,250" step="2"/><N who="0" m="31817" /><D96/><U72/><E72/><V52/><F74/><W1/><G1/><T18/><D18/><U125/><E125/><V16/><F114/><W79/><G94/><T3/><D3/><U49/><AGARI ba="0,1" hai="22,25,28,49,55,56,58,59,82,86,88,89,95,99" machi="49" ten="20,12000,2" yaku="1,1,0,1,7,1,8,1,52,1,54,1,53,0" doraHai="21" doraHaiUra="38" who="1" fromWho="1" sc="250,-60,240,130,250,-30,250,-30" /><INIT seed="1,0,0,1,2,19" ten="190,370,220,220" oya="1" hai0="95,107,99,36,123,118,108,50,116,111,78,96,85" hai1="76,12,10,101,42,79,90,29,61,24,112,57,75" hai2="106,22,114,17,25,53,52,38,48,80,37,43,60" hai3="72,64,65,89,39,133,21,59,91,55,58,62,32"/><U66/><E112/><V110/><F106/><W33/><G72/><T98/><D36/><U13/><E42/><V97/><F114/><W129/><G39/><T16/><D107/><U31/><E101/><V23/><F110/><N who="0" m="42026" /><D16/><N who="1" m="8215" /><E75/><V93/><F80/><W84/><G129/><T83/><D50/><U103/><E103/><V67/><F43/><W56/><G133/><T30/><D30/><U15/><E90/><N who="2" m="55479" /><F38/><W4/><G91/><N who="0" m="53743" /><D123/><U5/><E5/><V26/><F37/><W122/><G4/><T135/><D135/><U109/><E109/><V126/><F126/><W71/><G122/><T115/><D115/><U88/><E79/><V34/><F34/><W6/><G33/><T130/><D130/><U11/><E76/><V2/><F2/><W104/><G32/><T92/><D92/><U14/><E88/><V7/><F7/><W41/><G6/><T63/><D63/><U44/><E44/><V51/><F67/><W68/><G65/><T45/><D45/><U82/><E82/><V94/><F94/><W77/><G104/><T121/><D121/><U20/><E11/><V102/><F102/><W28/><G64/><T127/><D127/><U125/><E125/><V131/><F131/><W119/><G89/><T120/><D120/><U124/><E124/><V27/><F27/><W74/><G77/><T70/><D70/><U3/><E3/><V9/><F9/><W40/><G71/><T0/><D0/><U46/><E46/><V128/><F128/><W73/><G68/><T134/><D134/><U100/><E100/><V18/><F53/><W54/><G54/><RYUUKYOKU ba="0,0" sc="190,10,370,10,220,10,220,-30" hai0="78,83,96,98,99,116,118" hai1="13,14,15,20,24,29,31,57,61,66" hai2="17,18,22,23,25,26,48,51,52,60" /><INIT seed="1,1,0,0,5,71" ten="200,380,230,190" oya="1" hai0="96,81,99,33,126,110,45,15,104,73,7,61,53" hai1="75,41,2,21,57,9,134,112,13,10,4,129,135" hai2="43,24,67,106,63,14,83,59,120,121,92,125,105" hai3="31,94,77,127,39,68,36,113,54,18,0,35,103"/><U1/><E75/><V79/><F125/><W97/><G113/><T47/><D33/><U3/><E112/><V74/><F24/><W116/><G0/><T58/><D110/><U128/><E41/><V133/><F133/><N who="1" m="50697" /><E21/><V66/><F66/><W42/><G127/><T60/><D126/><U91/><E57/><V16/><F43/><W56/><G42/><T98/><D61/><U44/><E44/><V20/><REACH who="2" step="1"/><F92/><REACH who="2" ten="200,380,220,190" step="2"/><W123/><G94/><T88/><D104/><AGARI ba="1,1" hai="14,16,20,59,63,67,74,79,83,104,105,106,120,121" machi="104" ten="40,12000,2" yaku="1,1,2,1,54,1,53,3" doraHai="71" doraHaiUra="101" who="2" fromWho="0" sc="200,-123,380,0,220,133,190,0" /><INIT seed="2,0,0,4,4,9" ten="77,380,353,190" oya="2" hai0="26,37,95,74,84,39,94,131,40,120,90,93,66" hai1="125,91,3,17,114,71,121,22,20,105,104,75,44" hai2="109,25,134,0,108,102,77,133,111,100,116,43,5" hai3="45,98,119,96,110,59,69,63,2,27,58,72,103"/><V1/><F116/><W76/><G2/><N who="2" m="1129" /><F5/><W54/><G110/><T130/><D74/><U89/><E114/><V61/><F77/><W92/><G69/><T7/><D120/><U55/><E121/><V12/><F43/><W113/><G119/><T73/><D7/><U101/><E71/><V30/><F61/><W106/><G113/><T42/><D73/><U88/><E125/><V127/><F127/><W32/><G45/><T87/><D66/><U128/><E128/><N who="0" m="49193" /><D90/><U51/><E75/><V64/><F64/><W124/><G76/><T24/><D24/><U117/><E117/><V129/><F129/><W11/><G27/><T123/><D26/><U29/><E3/><V112/><F12/><W8/><G72/><T35/><D35/><U82/><E82/><V50/><F50/><W48/><G32/><T10/><D10/><U126/><E126/><V60/><F60/><W118/><G118/><T122/><D122/><U97/><E105/><V65/><F65/><W16/><G124/><T6/><D6/><U68/><E68/><V14/><F14/><W47/><G11/><T57/><D57/><U132/><E132/><N who="2" m="50795" /><F112/><W107/><G59/><T41/><D123/><U28/><REACH who="1" step="1"/><E22/><AGARI ba="0,0" hai="22,25,30,100,102,108,109,111" m="50795,1129" machi="22" ten="40,7700,0" yaku="14,1,10,1,20,1" doraHai="9" who="2" fromWho="1" sc="77,0,380,-77,353,77,190,0" /><INIT seed="2,1,0,3,3,89" ten="77,303,430,190" oya="2" hai0="10,59,55,87,27,17,36,41,34,29,123,126,63" hai1="53,21,35,6,42,9,28,13,1,121,4,75,117" hai2="97,60,64,113,66,84,115,120,24,69,118,12,54" hai3="31,70,74,85,71,15,105,20,100,125,57,44,93"/><V49/><F120/><W86/><G74/><T23/><D126/><U43/><E121/><V108/><F118/><W135/><G105/><T25/><D123/><U109/><E117/><V103/><F108/><W5/><G135/><T90/><D10/><U130/><E75/><V102/><F12/><W67/><G44/><T3/><D41/><U52/><E109/><V73/><F73/><W83/><G71/><T46/><D46/><U95/><E130/><V2/><F2/><W78/><G70/><T132/><D132/><U18/><E6/><V110/><F110/><W76/><G125/><T99/><D99/><U133/><E133/><V37/><F84/><W47/><G47/><T16/><D3/><U11/><E11/><V58/><F103/><W62/><G5/><T88/><D90/><U72/><E72/><V112/><F24/><N who="3" m="16775" /><G15/><T129/><D129/><U19/><E19/><V30/><F30/><W122/><G122/><T124/><D17/><U111/><E111/><V91/><F91/><N who="3" m="53487" /><G100/><T92/><REACH who="0" step="1"/><D124/><REACH who="0" ten="67,303,430,190" step="2"/><U68/><E43/><V119/><F119/><W106/><G106/><T80/><D80/><U61/><E42/><V38/><REACH who="2" step="1"/><F66/><REACH who="2" ten="67,303,420,190" step="2"/><W114/><G67/><T116/><D116/><U77/><E28/><V56/><F56/><W101/><G57/><T45/><D45/><U134/><E68/><V39/><F39/><AGARI ba="1,2" hai="16,23,25,27,29,34,36,39,55,59,63,87,88,92" machi="39" ten="40,8000,1" yaku="1,1,52,1,54,2,53,0" doraHai="89" doraHaiUra="32" who="0" fromWho="2" sc="67,103,303,0,420,-83,190,0" /><INIT seed="3,0,0,4,2,11" ten="170,303,337,190" oya="3" hai0="108,120,48,102,5,117,0,62,25,131,130,8,72" hai1="118,97,55,86,43,133,99,29,106,115,68,18,22" hai2="81,87,98,110,114,74,78,6,35,73,51,38,46" hai3="91,75,94,12,101,36,33,20,37,119,60,7,32"/><W13/><G75/><T9/><D72/><U93/><E133/><V85/><F114/><W16/><G119/><T123/><D117/><U69/><E115/><V2/><F35/><W67/><G101/><T57/><D102/><U92/><E118/><V59/><F110/><W15/><G33/><T122/><D108/><U17/><E106/><V52/><F98/><W95/><G32/><T58/><D9/><U124/><E124/><V107/><F107/><W27/><G7/><T132/><D132/><U90/><E43/><N who="2" m="22903" /><F74/><W100/><G100/><T49/><D25/><U10/><E29/><V45/><F45/><W129/><G129/><T1/><D58/><U96/><E69/><V127/><F127/><W80/><G80/><T134/><D1/><U71/><E71/><V70/><F70/><W135/><G95/><T104/><D104/><U28/><E68/><V40/><F40/><W76/><G76/><T41/><D41/><U42/><E42/><V112/><F112/><W26/><G26/><T50/><REACH who="0" step="1"/><D134/><REACH who="0" ten="160,303,337,190" step="2"/><U116/><E116/><V83/><F81/><W30/><G135/><T82/><D82/><U3/><E3/><V24/><F24/><W84/><REACH who="3" step="1"/><G30/><REACH who="3" ten="160,303,337,180" step="2"/><T47/><D47/><U128/><E28/><V61/><F73/><W125/><G125/><T109/><D109/><U34/><E93/><V19/><F83/><W56/><AGARI ba="0,2" hai="12,13,15,16,20,27,36,37,56,60,67,84,91,94" machi="56" ten="30,18000,2" yaku="1,1,0,1,52,3,54,1,53,1" doraHai="11" doraHaiUra="88" who="3" fromWho="3" sc="160,-60,303,-60,337,-60,180,200" /><INIT seed="3,1,0,4,3,114" ten="100,243,277,380" oya="3" hai0="113,27,22,39,96,126,90,120,76,23,60,57,97" hai1="133,89,54,21,119,15,74,55,20,49,9,131,81" hai2="71,105,32,31,128,88,124,84,14,70,72,91,116" hai3="45,58,129,2,13,86,117,51,35,99,17,40,10"/><W103/><G129/><T61/><D39/><U34/><E131/><V79/><F128/><W47/><G35/><T115/><D120/><U46/><E133/><V106/><F14/><W16/><G2/><T135/><D76/><U37/><E119/><V68/><F124/><W85/><G117/><T130/><D126/><U134/><E134/><V33/><F116/><W41/><G58/><T3/><D135/><U19/><E37/><V66/><F66/><W127/><G17/><T24/><D3/><U78/><E34/><N who="2" m="13419" /><F31/><W12/><G12/><T65/><D57/><U63/><E63/><V92/><F92/><W48/><REACH who="3" step="1"/><G127/><REACH who="3" ten="100,243,277,370" step="2"/><T125/><D130/><U0/><E0/><V52/><F71/><W123/><G123/><T36/><D125/><U82/><REACH who="1" step="1"/><E55/><REACH who="1" ten="100,233,277,370" step="2"/><V107/><F70/><W111/><G111/><T121/><D121/><U38/><E38/><V94/><F68/><W26/><G26/><T25/><D36/><U28/><E28/><V110/><F52/><W5/><G5/><T1/><D27/><U77/><E77/><V53/><F53/><W83/><G83/><T30/><D1/><U108/><E108/><V100/><F110/><W122/><G122/><T102/><D30/><U118/><E118/><V67/><F79/><W80/><G80/><T73/><D25/><U11/><E11/><V18/><F18/><W112/><G112/><T101/><D24/><U64/><E64/><V44/><F67/><W132/><G132/><T7/><D65/><U87/><AGARI ba="1,2" hai="9,15,19,20,21,46,49,54,74,78,81,82,87,89" machi="87" ten="30,8000,1" yaku="1,1,0,1,25,2,53,1" doraHai="114" doraHaiUra="104" who="1" fromWho="1" sc="100,-21,233,103,277,-21,370,-41" /><INIT seed="4,0,0,2,3,70" ten="79,336,256,329" oya="0" hai0="61,110,7,25,62,134,15,131,68,84,5,52,17" hai1="48,74,60,90,99,87,76,24,18,130,79,81,133" hai2="20,115,29,109,95,0,120,129,23,53,36,27,111" hai3="97,135,122,85,57,26,59,69,34,2,125,82,121"/><T77/><D131/><U94/><E130/><V10/><F129/><W83/><G2/><T3/><D68/><U65/><E133/><V103/><F53/><W91/><G69/><T33/><D3/><U9/><E48/><V16/><F36/><W35/><G125/><T22/><D110/><U107/><E79/><V92/><F103/><W45/><G97/><T58/><D134/><U118/><E118/><V119/><F95/><W117/><G117/><T78/><D33/><U56/><E107/><V106/><F92/><W126/><G126/><T30/><D62/><U101/><E9/><V28/><F106/><W128/><G45/><T8/><REACH who="0" step="1"/><D77/><REACH who="0" ten="69,336,256,329" step="2"/><U55/><E76/><V88/><F119/><W41/><G35/><T72/><D72/><U14/><E74/><V71/><F71/><W47/><G135/><T67/><D67/><U66/><E65/><V124/><F124/><W11/><G34/><T98/><D98/><U112/><E66/><V64/><F64/><W50/><G128/><T116/><D116/><U49/><E60/><V51/><F111/><W13/><G122/><T4/><D4/><U12/><E112/><V104/><F120/><W19/><G121/><T44/><D44/><U73/><E73/><V75/><F75/><W6/><G59/><T113/><D113/><U89/><E101/><V96/><F115/><W102/><G102/><T108/><D108/><U63/><E63/><V114/><F109/><W54/><G57/><T80/><AGARI ba="0,1" hai="5,7,8,15,17,22,25,30,52,58,61,78,80,84" machi="80" ten="30,11700,0" yaku="1,1,0,1,8,1,54,1,53,0" doraHai="70" doraHaiUra="37" who="0" fromWho="0" sc="69,127,336,-39,256,-39,329,-39" /><INIT seed="4,1,0,1,0,79" ten="196,297,217,290" oya="0" hai0="127,2,27,30,86,39,10,53,20,69,84,105,85" hai1="120,16,114,22,129,81,12,50,72,131,104,4,48" hai2="58,59,21,95,134,121,42,82,15,123,33,38,55" hai3="67,77,65,24,52,94,97,28,80,47,100,51,25"/><T111/><D105/><U18/><E120/><V23/><F33/><W68/><G68/><T89/><D69/><U56/><E114/><V7/><F134/><W13/><G13/><T90/><D39/><U71/><E71/><V46/><F58/><W60/><G60/><T62/><D111/><U91/><E104/><V70/><F95/><W128/><G128/><N who="1" m="49226" /><E4/><V63/><F23/><W14/><G14/><T54/><D127/><U108/><E108/><V45/><F45/><W8/><G8/><T118/><D118/><U110/><E110/><V32/><F32/><W96/><G96/><T88/><REACH who="0" step="1"/><D62/><REACH who="0" ten="186,297,217,290" step="2"/><U92/><E50/><V115/><F70/><W6/><G51/><T93/><D93/><U26/><E48/><V11/><F115/><W64/><G94/><T43/><D43/><U35/><E56/><V44/><F44/><W112/><G47/><T40/><D40/><U61/><E61/><V124/><F124/><W66/><G112/><T116/><D116/><U113/><E113/><V101/><F101/><W130/><G130/><T135/><D135/><U1/><E92/><V98/><F98/><W29/><G97/><T31/><D31/><U119/><E119/><V3/><REACH who="2" step="1"/><F82/><REACH who="2" ten="186,297,207,290" step="2"/><W57/><G80/><T99/><D99/><U102/><E81/><V9/><F9/><W78/><G100/><T133/><D133/><U132/><E102/><V74/><F74/><W36/><G57/><T19/><D19/><AGARI ba="1,2" hai="3,7,11,15,19,21,38,42,46,55,59,63,121,123" machi="19" ten="40,1300,0" yaku="1,1,53,0" doraHai="79" doraHaiUra="109" who="2" fromWho="0" sc="186,-16,297,0,207,36,290,0" /><INIT seed="5,0,0,0,2,101" ten="170,297,243,290" oya="1" hai0="80,72,100,95,56,10,112,92,20,57,75,81,121" hai1="102,38,127,58,86,66,125,47,9,0,73,12,129" hai2="21,68,17,113,1,7,123,13,91,5,44,87,14" hai3="69,51,90,11,60,61,130,124,78,110,59,15,27"/><U40/><E73/><V18/><F68/><W64/><G110/><T35/><D100/><U32/><E32/><V96/><F123/><W6/><G130/><T79/><D35/><U63/><E129/><V43/><F113/><W99/><G124/><T36/><D112/><U89/><E102/><V2/><F96/><W85/><G27/><T37/><D20/><U29/><E29/><V82/><F2/><W97/><G78/><T128/><D10/><U131/><E0/><V54/><F1/><W84/><G51/><T50/><D128/><U115/><E115/><V49/><REACH who="2" step="1"/><F43/><REACH who="2" ten="170,297,233,290" step="2"/><W122/><G122/><T42/><D121/><U98/><E131/><V119/><F119/><W25/><G99/><T62/><D42/><U41/><E98/><V88/><F88/><W52/><REACH who="3" step="1"/><G25/><REACH who="3" ten="170,297,233,280" step="2"/><T108/><D79/><U22/><E127/><V26/><F26/><W23/><G23/><AGARI ba="0,2" hai="5,7,13,14,17,18,21,23,44,49,54,82,87,91" machi="23" ten="30,7700,0" yaku="1,1,7,1,9,1,8,1,53,0" doraHai="101" doraHaiUra="24" who="2" fromWho="3" sc="170,0,297,0,233,97,280,-77" /><INIT seed="6,0,0,5,3,62" ten="170,297,330,203" oya="2" hai0="113,36,13,9,58,31,54,100,64,10,93,123,102" hai1="83,38,8,110,47,116,79,121,120,32,42,2,89" hai2="7,103,66,128,80,53,92,115,37,77,63,15,35" hai3="33,49,119,51,96,85,45,56,111,25,74,98,67"/><V50/><F35/><W101/><G74/><T117/><D36/><U108/><E32/><V94/><F115/><W125/><G111/><T99/><D113/><U91/><E116/><V12/><F37/><W135/><G135/><T129/><D123/><N who="1" m="47179" /><E89/><V72/><F128/><W4/><G125/><T105/><D31/><U73/><E91/><V6/><F94/><W55/><G4/><AGARI ba="0,0" hai="2,4,8,38,42,47,73,79,83,108,110" m="47179" machi="4" ten="30,3900,0" yaku="25,1,13,1,23,1" doraHai="62" who="1" fromWho="3" sc="170,0,297,39,330,0,203,-39" /><INIT seed="7,0,0,1,2,34" ten="170,336,330,164" oya="3" hai0="79,48,5,102,33,47,104,24,122,90,132,10,7" hai1="81,13,89,83,30,46,103,121,105,19,127,93,109" hai2="55,71,134,59,17,99,31,108,9,21,126,35,54" hai3="120,84,106,116,73,112,70,114,125,53,40,56,32"/><W110/><RYUUKYOKU type="yao9" ba="0,0" sc="170,0,336,0,330,0,164,0" hai3="32,40,53,56,70,73,84,106,110,112,114,116,120,125" /><INIT seed="7,1,0,5,1,97" ten="170,336,330,164" oya="3" hai0="40,95,20,79,23,11,27,89,59,129,122,34,113" hai1="65,106,96,124,72,118,50,80,107,33,110,7,116" hai2="24,100,73,63,51,135,46,115,36,8,120,84,67" hai3="53,25,6,134,44,94,93,61,132,78,102,14,10"/><W101/><G78/><T9/><D122/><U41/><E33/><V17/><F73/><W29/><G44/><T42/><D34/><U85/><E110/><V43/><F120/><W128/><G128/><T22/><D113/><U114/><E114/><V18/><F115/><W26/><G53/><T49/><D79/><U15/><E65/><V71/><F135/><N who="3" m="51755" /><G61/><T39/><D27/><N who="3" m="10249" /><G29/><T56/><D39/><U66/><E66/><V62/><F62/><W90/><G94/><T28/><D28/><U112/><E112/><V19/><F100/><W75/><G75/><T123/><D123/><U21/><E72/><V130/><F130/><W64/><G64/><T103/><D103/><U0/><E107/><V81/><F36/><W83/><G83/><T121/><D121/><U119/><E80/><V88/><F24/><W74/><G74/><T32/><D32/><U105/><E106/><V60/><REACH who="2" step="1"/><F60/><REACH who="2" ten="170,336,320,164" step="2"/><W30/><G30/><T35/><D129/><U87/><E119/><V38/><F38/><W86/><AGARI ba="1,1" hai="6,10,14,86,90,93,101,102" m="10249,51755" machi="86" ten="30,6000,0" yaku="20,1,52,2" doraHai="97" who="3" fromWho="3" sc="170,-21,336,-21,320,-21,164,73" /><INIT seed="7,2,0,4,0,65" ten="149,315,299,237" oya="3" hai0="3,68,22,6,122,109,69,47,91,20,43,44,61" hai1="25,49,124,45,128,75,90,12,7,97,35,84,38" hai2="51,120,36,108,11,29,16,53,105,34,2,110,78" hai3="30,39,15,86,82,107,129,80,88,89,71,77,116"/><W98/><G39/><T131/><D109/><U9/><E75/><V102/><F36/><W17/><G116/><T1/><D122/><U83/><E128/><V123/><F78/><W70/><G30/><T95/><D131/><U50/><E124/><V96/><F34/><W24/><G24/><T114/><D61/><U73/><E73/><V37/><F37/><W42/><G42/><T125/><D125/><U111/><E111/><V121/><F29/><W14/><G129/><T106/><D106/><U52/><E38/><V79/><F79/><W13/><G17/><T104/><D104/><U119/><E119/><V58/><F2/><W112/><G112/><T18/><D114/><U130/><E97/><V21/><F11/><W66/><G66/><T23/><D18/><U31/><E50/><V117/><F117/><W85/><G77/><T28/><D28/><U46/><E130/><V19/><F19/><W67/><G67/><T48/><D44/><AGARI ba="2,0" hai="7,9,12,25,31,35,44,45,46,49,52,83,84,90" machi="44" ten="30,2000,0" yaku="7,1,54,1" doraHai="65" who="1" fromWho="0" sc="149,-26,315,26,299,0,237,0" owari="123,-38.0,341,44.0,299,10.0,237,-16.0" /></mjloggm>