<mjloggm ver="2.3"><GO type="41" lobby="0"/><UN n0="%59%6F%70%70%69%6E" n1="%E3%81%93%E3%81%91%E3%81%9F%E3%81%91" n2="%E2%93%9D%53%75%70%68%78" n3="%E3%81%BF%E3%83%BC%E3%82%84%E3%81%99" dan="14,13,18,14" rate="1886.87,1809.85,2061.27,1956.64" sx="M,F,M,M"/><TAIKYOKU oya="0"/><INIT seed="0,0,0,5,0,26" ten="250,250,250,250" oya="0" hai0="1,48,123,103,122,29,117,119,80,86,19,44,22" hai1="83,57,118,112,101,32,129,37,135,9,89,66,38" hai2="15,125,20,49,45,69,5,59,34,97,82,27,91" hai3="2,99,74,109,40,11,90,114,124,120,95,43,131"/><T64/><D1/><U63/><E118/><V107/><F125/><W77/><G114/><T127/><D127/><U67/><E129/><V78/><F69/><W79/><G131/><T105/><D119/><U28/><E135/><V87/><F34/><W25/><G120/><T110/><D117/><U71/><E112/><V3/><F3/><W31/><G109/><T42/><D110/><U72/><E9/><V134/><F59/><W55/><G55/><T12/><D64/><U0/><E0/><V13/><F134/><W81/><G79/><T41/><D41/><U116/><E101/><V111/><F107/><W84/><G124/><T7/><D7/><U102/><E102/><V113/><F113/><W36/><G36/><T85/><D85/><U16/><E16/><N who="2" m="12679" /><F5/><W47/><G47/><T17/><D17/><U52/><E72/><V108/><F108/><W93/><G11/><T96/><REACH who="0" step="1"/><D29/><REACH who="0" ten="240,250,250,250" step="2"/><U10/><E67/><V65/><F65/><W133/><G2/><T58/><D58/><U8/><E66/><V53/><F111/><W50/><G133/><T61/><D61/><U39/><E71/><V6/><F6/><W70/><G70/><T100/><D100/><U60/><E63/><V92/><AGARI ba="0,1" hai="13,15,45,49,53,78,82,87,91,92,97" m="12679" machi="92" ten="30,2000,0" yaku="8,1,54,1" doraHai="26" who="2" fromWho="2" sc="240,-10,250,-5,250,30,250,-5" /><INIT seed="1,0,0,0,5,129" ten="230,245,280,245" oya="1" hai0="53,103,116,35,28,118,93,101,59,83,60,46,102" hai1="64,88,4,84,17,36,78,56,7,111,29,6,134" hai2="91,68,121,98,57,42,25,125,86,40,94,52,112" hai3="62,9,34,51,48,54,115,77,27,120,90,128,92"/><U95/><E36/><V131/><F121/><W37/><G115/><T24/><D93/><U32/><E32/><V15/><F68/><W55/><G77/><T82/><REACH who="0" step="1"/><D46/><REACH who="0" ten="220,245,280,245" step="2"/><U8/><E111/><V71/><F94/><W133/><G92/><T3/><D3/><U126/><E126/><V100/><F125/><W76/><G120/><T22/><D22/><U31/><E78/><V41/><F112/><W109/><G76/><T21/><D21/><U11/><E134/><V39/><F131/><W117/><G133/><T10/><D10/><N who="1" m="3627" /><E17/><V18/><F18/><W96/><G109/><T14/><D14/><U124/><E124/><V87/><F15/><W23/><G128/><T130/><D130/><U127/><E127/><V13/><F13/><W79/><G79/><T26/><D26/><U66/><E66/><V1/><F25/><W47/><G27/><T70/><D70/><U44/><E44/><V113/><F71/><W0/><G47/><T105/><D105/><U80/><E95/><V97/><F113/><W50/><G0/><T45/><D45/><U123/><E123/><V61/><F1/><W104/><G104/><T49/><D49/><U67/><E64/><V33/><F42/><W30/><G50/><T89/><D89/><U106/><E106/><V63/><F91/><W119/><G90/><T69/><D69/><U19/><E19/><V65/><F65/><W75/><G51/><T2/><D2/><U114/><E114/><V20/><F41/><W108/><G48/><T85/><D85/><U110/><E110/><V99/><F40/><W135/><G108/><RYUUKYOKU ba="0,1" sc="220,15,245,15,280,-15,245,-15" hai0="24,28,35,53,59,60,82,83,101,102,103,116,118" hai1="4,6,7,29,31,56,67,80,84,88" /><INIT seed="1,1,1,1,5,63" ten="235,260,265,230" oya="1" hai0="86,133,5,45,134,19,70,33,13,74,87,115,62" hai1="113,25,53,129,65,123,97,103,2,7,71,27,8" hai2="77,108,91,73,44,14,23,4,117,10,135,90,105" hai3="81,94,28,49,72,98,64,68,100,18,122,107,59"/><U124/><E123/><V31/><F105/><W132/><G132/><N who="0" m="50795" /><D74/><U89/><E113/><V82/><F135/><W99/><G122/><T47/><D33/><U21/><E129/><V78/><F108/><W55/><G28/><T126/><D115/><U131/><E131/><V37/><F78/><W116/><G116/><T119/><D126/><U128/><E128/><V69/><F69/><W61/><G18/><T120/><D119/><U32/><E124/><V36/><F117/><W130/><G130/><T125/><D125/><U39/><E89/><V83/><F83/><W54/><G54/><T79/><D5/><U58/><E39/><V9/><F37/><W109/><G81/><N who="0" m="47423" /><D87/><U20/><E32/><V51/><F36/><W92/><G109/><T104/><D104/><U42/><E42/><V30/><F30/><W46/><G72/><T93/><D93/><U26/><E103/><V29/><F29/><W112/><G112/><T41/><D41/><U3/><E97/><V16/><F31/><W24/><G99/><T17/><D17/><U101/><E101/><V127/><F127/><W34/><G34/><T35/><D35/><U57/><E2/><V67/><F4/><W80/><G80/><T118/><D118/><U43/><E43/><N who="2" m="24991" /><F91/><W66/><G24/><T110/><D110/><U38/><E38/><V60/><F90/><W111/><G111/><T22/><D120/><U56/><E53/><V11/><F23/><W0/><G0/><T114/><D114/><U75/><E75/><V1/><F1/><W76/><G76/><T12/><D12/><U95/><E95/><RYUUKYOKU ba="1,1" sc="235,0,260,0,265,0,230,0" hai0="13,19,22,45,47,62,70" hai1="3,7,8,20,21,25,26,27,56,57,58,65,71" hai2="9,10,11,14,16,60,67,73,77,82" hai3="46,49,55,59,61,64,66,68,92,94,98,100,107" /><INIT seed="1,2,1,4,0,18" ten="235,260,265,230" oya="1" hai0="0,100,35,25,116,36,5,7,110,39,135,66,77" hai1="83,72,12,81,82,89,61,45,79,49,34,62,24" hai2="33,64,133,97,101,54,90,68,102,75,84,6,106" hai3="40,67,55,125,88,117,21,70,80,51,115,53,47"/><U50/><E49/><V19/><F6/><W27/><G115/><T124/><D116/><U85/><E82/><V1/><F1/><W107/><G107/><T17/><D66/><U118/><E118/><V93/><F33/><W122/><G125/><T87/><D124/><U126/><E126/><V60/><F102/><W98/><G122/><T128/><D110/><U28/><REACH who="1" step="1"/><E12/><REACH who="1" ten="235,250,265,230" step="2"/><V120/><F120/><W48/><G117/><T111/><D111/><U46/><E46/><V32/><F133/><W16/><G51/><T119/><D135/><U57/><E57/><V129/><F68/><W2/><G70/><T86/><D119/><U52/><AGARI ba="2,2" hai="24,28,34,45,50,52,61,62,72,79,81,83,85,89" machi="52" ten="20,12000,1" yaku="1,1,0,1,7,1,54,1,53,1" doraHai="18" doraHaiUra="44" who="1" fromWho="1" sc="235,-42,250,146,265,-42,230,-42" /><INIT seed="1,3,0,5,0,68" ten="193,396,223,188" oya="1" hai0="5,58,53,106,77,127,121,132,83,26,47,11,62" hai1="15,38,84,13,118,89,85,39,17,79,16,102,114" hai2="29,73,4,19,95,59,115,91,49,24,34,125,108" hai3="128,111,30,80,28,71,135,3,40,76,129,72,33"/><U113/><E102/><V31/><F73/><W112/><G111/><T20/><D127/><U35/><E35/><V51/><F108/><W69/><G112/><N who="1" m="43114" /><E89/><V99/><F4/><W27/><G135/><T75/><D132/><U42/><E79/><V67/><F125/><W0/><G30/><T37/><D121/><U92/><E92/><V109/><F109/><W65/><G40/><T103/><D103/><U87/><E118/><V96/><F31/><W104/><G104/><T66/><D106/><U116/><E116/><V1/><F1/><W57/><G57/><T70/><D20/><U55/><E42/><V44/><F99/><W130/><G71/><T120/><D26/><U56/><E56/><V61/><F115/><W88/><REACH who="3" step="1"/><G88/><REACH who="3" ten="193,396,223,178" step="2"/><T78/><D120/><U2/><E2/><V101/><F91/><W7/><G7/><T107/><D107/><U124/><E124/><V23/><F34/><W123/><G123/><T110/><D110/><U119/><E119/><V12/><F44/><W122/><G122/><T9/><D5/><U36/><E55/><V64/><F64/><W18/><G18/><AGARI ba="3,1" hai="13,15,16,17,18,36,38,39,84,85,87" m="43114" machi="18" ten="40,18000,2" yaku="28,2,52,3,54,1" doraHai="68" who="1" fromWho="3" sc="193,0,396,199,223,0,178,-189" owari="193,-21.0,595,70.0,223,2.0,-11,-51.0" /></mjloggm>