<mjloggm ver="2.3"><GO type="41" lobby="0"/><UN n0="%E9%BB%92%E6%A3%92%E5%87%BA%E3%81%97%E3%81%8C%E3%81%A1" n1="%E2%93%9D%53%75%70%68%78" n2="%E8%B6%85%E4%BB%A3%E6%89%93" n3="%6C%61%6D%6F%74%74%61" dan="14,18,14,13" rate="1843.00,2087.42,2017.95,1815.42" sx="M,M,F,M"/><TAIKYOKU oya="0"/><INIT seed="0,0,0,1,2,50" ten="250,250,250,250" oya="0" hai0="130,30,102,134,132,11,42,89,28,74,86,49,79" hai1="10,46,59,114,63,76,38,77,106,17,52,15,31" hai2="58,101,73,48,83,47,34,70,109,100,16,32,35" hai3="85,118,56,124,65,6,133,112,95,129,117,84,24"/><T88/><D102/><U61/><E106/><V121/><F121/><W123/><G6/><T1/><D74/><U57/><E114/><V97/><F70/><W111/><G24/><T4/><D79/><U108/><E108/><V110/><F73/><W131/><G56/><T78/><D78/><U22/><E38/><V12/><F58/><W68/><G65/><T81/><D89/><U7/><E31/><V39/><F39/><W96/><G68/><T33/><D130/><N who="3" m="49673" /><G112/><T25/><REACH who="0" step="1"/><D30/><REACH who="0" ten="240,250,250,250" step="2"/><U3/><REACH who="1" step="1"/><E46/><AGARI ba="0,1" hai="1,4,11,25,28,33,42,46,49,81,86,88,132,134" machi="46" ten="40,7700,0" yaku="1,1,2,1,54,1,53,0" doraHai="50" doraHaiUra="113" who="0" fromWho="1" sc="240,87,250,-77,250,0,250,0" /><INIT seed="0,1,0,1,2,56" ten="327,173,250,250" oya="0" hai0="91,50,79,64,124,73,27,29,131,89,104,63,49" hai1="53,118,41,38,77,92,6,106,33,128,45,54,48" hai2="47,85,43,62,32,135,35,13,99,111,28,0,4" hai3="5,110,119,18,1,17,82,31,121,65,126,14,90"/><T46/><D104/><U94/><E106/><V75/><F75/><W15/><G119/><T30/><D124/><U10/><E33/><V98/><F111/><W101/><G110/><T95/><D131/><U113/><E118/><V86/><F0/><W26/><G101/><T83/><D30/><U108/><E128/><V12/><F135/><W123/><G65/><T96/><D89/><U55/><E113/><V130/><F130/><W57/><G57/><T109/><D46/><U81/><E108/><V22/><F62/><W134/><G82/><T2/><D2/><U125/><E38/><V102/><F32/><W80/><G80/><T3/><D3/><U115/><E125/><V51/><F35/><W112/><G90/><T60/><D109/><U19/><E19/><N who="2" m="10599" /><F28/><W58/><G58/><T24/><D64/><U34/><E34/><V44/><F44/><W66/><G66/><T103/><D103/><U37/><E37/><V133/><F133/><W72/><G72/><T87/><D73/><U71/><E71/><V42/><F42/><W105/><G105/><T97/><D97/><N who="2" m="36874" /><F102/><W107/><G107/><T68/><D68/><U7/><E115/><V116/><F116/><W20/><G112/><T25/><D29/><U21/><E21/><V132/><F132/><W88/><G134/><T129/><D129/><U74/><REACH who="1" step="1"/><E10/><AGARI ba="1,0" hai="4,10,13,43,47,51,85,86" m="36874,10599" machi="10" ten="30,1000,0" yaku="8,1" doraHai="56" who="2" fromWho="1" sc="327,0,173,-13,250,13,250,0" /><INIT seed="1,0,0,2,2,19" ten="327,160,263,250" oya="1" hai0="9,26,42,93,82,15,34,109,24,22,11,46,119" hai1="18,135,130,41,36,65,5,133,32,2,73,94,116" hai2="105,89,99,64,16,129,33,85,69,95,75,8,55" hai3="80,81,6,79,92,125,21,70,51,59,62,96,20"/><U38/><E116/><V90/><F129/><W124/><G6/><T100/><D119/><U3/><E94/><V110/><F110/><W63/><G51/><T56/><D109/><U126/><E130/><V23/><F33/><W7/><G7/><T45/><D34/><U91/><E32/><V49/><F75/><W78/><G70/><T128/><D82/><U101/><E101/><V39/><F39/><N who="1" m="14889" /><E5/><V29/><F69/><W13/><G13/><T112/><D112/><U115/><E18/><V111/><F111/><W57/><G92/><T104/><D128/><U66/><E41/><V88/><F64/><N who="1" m="24681" /><E91/><N who="2" m="55807" /><F105/><W37/><G37/><T44/><D104/><U98/><E98/><AGARI ba="0,0" hai="20,21,57,59,62,63,78,79,80,81,96,98,124,125" machi="98" ten="25,6400,0" yaku="22,2,52,2" doraHai="19" who="3" fromWho="1" sc="327,0,160,-64,263,0,250,64" /><INIT seed="2,0,0,3,4,41" ten="327,96,263,314" oya="2" hai0="134,60,71,85,19,112,93,14,118,107,131,68,51" hai1="1,77,34,53,45,3,99,94,122,78,79,11,42" hai2="55,48,50,76,96,113,124,120,121,32,81,129,70" hai3="18,10,16,135,30,127,102,25,29,87,52,100,110"/><V59/><F113/><W21/><G110/><T104/><D112/><U24/><E122/><V98/><F32/><W83/><G135/><T111/><D111/><U65/><E65/><V6/><F70/><W2/><G127/><T73/><D73/><U7/><E53/><V97/><F124/><W28/><G2/><T5/><D134/><U4/><E34/><V74/><F129/><W64/><G64/><T90/><D131/><U130/><E24/><V72/><F72/><W69/><G69/><T80/><D5/><U35/><E35/><V9/><REACH who="2" step="1"/><F48/><REACH who="2" ten="327,96,253,314" step="2"/><W15/><REACH who="3" step="1"/><G52/><REACH who="3" ten="327,96,253,304" step="2"/><T82/><D71/><U88/><E130/><V128/><F128/><W12/><G12/><AGARI ba="0,2" hai="6,9,12,50,55,59,74,76,81,96,97,98,120,121" machi="12" ten="40,2000,0" yaku="1,1,53,0" doraHai="41" doraHaiUra="91" who="2" fromWho="3" sc="327,0,96,0,253,40,304,-20" /><INIT seed="2,1,0,2,2,30" ten="327,96,293,284" oya="2" hai0="61,40,46,13,3,22,18,25,76,86,67,72,62" hai1="44,24,118,111,113,68,43,130,132,83,94,73,47" hai2="17,110,75,54,16,28,109,121,48,6,105,53,41" hai3="81,52,64,12,126,9,79,129,116,92,123,93,114"/><V66/><F121/><W60/><G123/><T134/><D134/><U51/><E113/><V104/><F75/><W42/><G116/><T27/><D3/><U59/><E118/><V21/><F6/><W90/><G114/><T36/><D72/><U7/><E130/><V99/><F66/><W19/><G129/><T11/><D27/><U4/><E111/><N who="2" m="42507" /><F28/><W91/><G42/><T98/><D67/><U120/><E132/><V57/><F41/><W55/><G126/><T122/><D122/><U108/><E108/><V103/><F21/><W38/><G38/><T124/><D124/><U119/><E119/><V128/><F128/><W20/><G20/><T49/><D36/><U1/><E7/><V31/><F31/><W45/><G45/><T35/><D98/><U77/><E47/><N who="2" m="27807" /><F104/><W15/><G15/><T82/><REACH who="0" step="1"/><D35/><REACH who="0" ten="317,96,293,284" step="2"/><U58/><E120/><V70/><F70/><W100/><G64/><T80/><D80/><U23/><E68/><V95/><F95/><W101/><G60/><AGARI ba="1,1" hai="16,17,54,57,60,99,103,105" m="27807,42507" machi="60" ten="30,5800,0" yaku="14,1,10,1,54,1" doraHai="30" who="2" fromWho="3" sc="317,0,96,0,293,71,284,-61" /><INIT seed="2,2,0,1,0,96" ten="317,96,364,223" oya="2" hai0="74,113,37,99,88,8,72,108,61,87,107,67,29" hai1="119,5,103,34,90,115,114,105,124,134,89,97,13" hai2="68,83,3,28,43,92,17,73,127,70,78,71,129" hai3="121,62,131,79,106,45,11,128,39,122,76,135,59"/><V116/><F116/><W85/><G11/><T38/><D113/><U14/><E119/><V16/><F129/><N who="3" m="49739" /><G106/><T50/><D108/><U7/><E34/><V100/><F3/><W48/><G39/><T132/><D132/><U69/><E69/><V22/><F127/><W102/><G135/><T91/><D29/><U2/><E134/><V58/><F43/><N who="3" m="24639" /><G102/><T20/><D20/><U81/><E124/><V82/><F82/><N who="3" m="47303" /><G79/><T109/><D109/><U94/><E2/><V0/><F0/><W18/><G18/><T53/><D8/><U66/><E105/><V93/><F100/><W49/><G49/><T64/><D107/><U125/><E125/><V42/><F28/><W110/><G110/><T86/><D38/><U51/><E51/><V104/><F42/><W80/><G80/><T6/><D37/><U41/><E81/><V133/><F133/><W44/><G44/><T46/><D6/><U25/><E41/><V47/><F47/><W56/><G56/><T32/><D72/><U112/><E7/><V30/><F104/><W52/><AGARI ba="2,0" hai="52,59,62,121,122" m="47303,24639,49739" machi="52" ten="30,2000,0" yaku="19,1,54,1" doraHai="96" who="3" fromWho="3" sc="317,-7,96,-7,364,-12,223,26" /><INIT seed="3,0,0,4,2,51" ten="310,89,352,249" oya="3" hai0="4,92,41,23,130,45,72,87,132,30,86,9,0" hai1="14,19,6,85,62,18,109,54,75,55,35,64,57" hai2="77,60,81,102,67,47,104,108,99,116,94,113,42" hai3="123,37,28,122,39,118,127,90,128,34,68,129,98"/><W97/><G118/><T121/><D121/><U3/><E75/><V105/><F116/><W33/><G90/><T13/><D130/><U82/><E35/><V1/><F113/><W38/><G28/><T83/><D132/><U48/><E109/><V133/><F108/><W17/><G17/><T8/><D92/><U120/><E3/><V26/><F133/><W74/><G74/><T53/><D23/><U115/><E115/><V15/><F1/><W131/><G68/><T20/><D20/><U88/><E120/><N who="3" m="46122" /><G127/><T73/><D30/><U107/><E107/><V58/><F26/><W96/><AGARI ba="0,0" hai="33,34,37,38,39,96,97,98,128,129,131" m="46122" machi="96" ten="50,12000,1" yaku="29,2,28,2,19,1" doraHai="51" who="3" fromWho="3" sc="310,-40,89,-40,352,-40,249,120" /><INIT seed="3,1,0,2,5,58" ten="270,49,312,369" oya="3" hai0="87,11,57,66,77,93,82,80,14,25,83,21,79" hai1="42,74,24,4,7,54,64,30,78,86,112,70,18" hai2="111,50,73,99,127,29,72,119,108,13,85,134,135" hai3="49,2,60,113,130,117,97,6,105,120,52,118,68"/><W33/><G33/><T124/><D93/><U51/><E74/><V98/><F29/><W55/><G120/><T94/><D94/><U12/><E112/><V126/><F50/><W1/><G113/><T15/><D124/><U36/><E36/><V92/><F13/><N who="0" m="4618" /><D11/><U46/><E64/><V129/><F92/><W107/><G130/><T122/><D122/><U22/><E70/><V63/><F63/><W61/><G49/><T84/><D57/><U44/><E44/><V43/><F43/><W34/><G34/><T0/><D66/><U59/><E78/><N who="0" m="29705" /><D0/><U102/><E102/><V8/><F8/><W103/><G103/><T56/><D56/><U91/><E42/><V75/><F129/><W131/><G131/><T121/><D121/><U81/><REACH who="1" step="1"/><E59/><REACH who="1" ten="270,39,312,369" step="2"/><V48/><F48/><W32/><G32/><AGARI ba="1,1" hai="4,7,12,18,22,24,30,32,46,51,54,81,86,91" machi="32" ten="30,7700,0" yaku="1,1,2,1,7,1,53,1" doraHai="58" doraHaiUra="41" who="1" fromWho="3" sc="270,0,39,90,312,0,369,-80" /><INIT seed="4,0,0,1,0,22" ten="270,129,312,289" oya="0" hai0="62,65,91,60,88,100,96,25,111,125,54,106,118" hai1="43,72,101,115,57,41,82,4,87,63,120,70,66" hai2="71,83,135,56,90,67,11,33,98,40,122,99,59" hai3="42,31,52,49,26,61,126,51,75,9,34,119,15"/><T16/><D118/><U123/><E72/><V109/><F109/><W20/><G75/><T114/><D111/><U53/><E101/><V93/><F122/><W117/><G126/><T35/><D125/><U27/><E4/><V113/><F33/><W80/><G61/><T32/><D32/><U50/><E115/><V102/><F113/><W37/><G37/><T68/><D114/><U17/><E123/><V85/><F135/><W132/><G132/><T6/><D6/><U23/><REACH who="1" step="1"/><E120/><REACH who="1" ten="270,119,312,289" step="2"/><V124/><F102/><W7/><G119/><T47/><D16/><U39/><E39/><V130/><F124/><W3/><G117/><T104/><D106/><U105/><E105/><V129/><F129/><W28/><G42/><T18/><D18/><U55/><E55/><V103/><F40/><W131/><G131/><T79/><D79/><AGARI ba="0,1" hai="17,23,27,41,43,50,53,57,63,66,70,79,82,87" machi="79" ten="30,3900,0" yaku="1,1,7,1,52,1,53,0" doraHai="22" doraHaiUra="86" who="1" fromWho="0" sc="270,-39,119,49,312,0,289,0" /><INIT seed="5,0,0,5,5,114" ten="231,168,312,289" oya="1" hai0="40,59,50,6,71,73,19,12,4,39,2,128,131" hai1="36,95,45,43,130,72,92,133,122,34,42,1,69" hai2="117,96,81,55,79,18,33,135,31,3,98,14,107" hai3="51,101,5,91,32,37,121,108,57,53,80,88,20"/><U119/><RYUUKYOKU type="yao9" ba="0,0" sc="231,0,168,0,312,0,289,0" hai1="1,34,36,42,43,45,69,72,92,95,119,122,130,133" /><INIT seed="5,1,0,2,1,67" ten="231,168,312,289" oya="1" hai0="45,120,44,127,97,71,126,92,85,13,11,58,111" hai1="91,0,129,78,55,35,16,29,51,90,40,113,75" hai2="34,52,124,76,88,1,26,131,93,106,121,42,43" hai3="12,134,66,8,72,32,115,107,82,104,105,112,48"/><U132/><E0/><V100/><F121/><W118/><G32/><T39/><D111/><U63/><E113/><N who="3" m="43594" /><G48/><T108/><D108/><U19/><E129/><V68/><F131/><W98/><G134/><T81/><D120/><U114/><E114/><V15/><F1/><W77/><G66/><T24/><D24/><U37/><E132/><V41/><F124/><N who="0" m="47658" /><D71/><U117/><E117/><V47/><F68/><W86/><G118/><T128/><D58/><U94/><E37/><V20/><F34/><W46/><G46/><T14/><D128/><U101/><E29/><V17/><F106/><W27/><G27/><T102/><BYE who="3" /><D39/><U130/><E35/><V28/><F100/><W69/><G69/><T89/><D14/><U18/><E130/><V96/><F76/><W25/><G25/><T70/><D70/><U5/><E78/><V61/><F15/><W135/><G135/><T79/><D79/><UN n3="%6C%61%6D%6F%74%74%61" /><U123/><E123/><V6/><F6/><AGARI ba="1,0" hai="6,11,13,44,45,81,85,89,92,97,102" m="47658" machi="6" ten="30,1000,0" yaku="18,1" doraHai="67" who="0" fromWho="2" sc="231,13,168,0,312,-13,289,0" /><INIT seed="6,0,0,5,4,41" ten="244,168,299,289" oya="2" hai0="115,16,85,22,43,54,108,81,127,37,27,107,55" hai1="3,121,65,57,97,92,116,95,45,61,1,96,18" hai2="20,90,134,87,19,64,69,123,11,13,38,62,39" hai3="77,25,80,21,124,23,66,110,76,49,29,103,0"/><V53/><F123/><W128/><G0/><T52/><D107/><U72/><E116/><V73/><F73/><W26/><G110/><T34/><D108/><U31/><E72/><V2/><F134/><W14/><G124/><T82/><D127/><U8/><E121/><V88/><F53/><W93/><G128/><T125/><D125/><U7/><E31/><V28/><F90/><W63/><G14/><T120/><D120/><U84/><E84/><V70/><F70/><W111/><G49/><T129/><D129/><U112/><E112/><V9/><F9/><W51/><G51/><T24/><D115/><U67/><E18/><V114/><F114/><W42/><G42/><T100/><D100/><U48/><E67/><V126/><F126/><W5/><G5/><T33/><D81/><U131/><E131/><V46/><F46/><W74/><G111/><T130/><D27/><U58/><E58/><V98/><F98/><W102/><G93/><T78/><REACH who="0" step="1"/><D130/><REACH who="0" ten="234,168,299,289" step="2"/><U122/><E122/><V75/><F75/><W71/><REACH who="3" step="1"/><G77/><REACH who="3" ten="234,168,299,279" step="2"/><T118/><D118/><U56/><E3/><V68/><F2/><W117/><G117/><T133/><D133/><U101/><E1/><V83/><F83/><W109/><G109/><T79/><D79/><U132/><E132/><V99/><F13/><W86/><G86/><T135/><D135/><U40/><E97/><V119/><F119/><W4/><G4/><T106/><D106/><U35/><E95/><V91/><F87/><W104/><G104/><T32/><D32/><U94/><E35/><V89/><F99/><W10/><G10/><RYUUKYOKU ba="0,2" sc="234,15,168,-15,299,-15,279,15" hai0="16,22,24,33,34,37,43,52,54,55,78,82,85" hai3="21,23,25,26,29,63,66,71,74,76,80,102,103" /><INIT seed="7,1,2,1,4,29" ten="249,153,284,294" oya="3" hai0="15,53,44,111,43,11,17,98,67,8,91,106,2" hai1="125,38,0,36,101,80,99,49,129,130,21,118,4" hai2="82,63,121,89,114,50,95,77,117,10,28,62,24" hai3="102,19,52,59,39,47,108,105,26,92,126,46,3"/><W96/><G3/><T124/><D111/><U60/><E49/><V85/><F117/><W104/><G108/><T64/><D124/><U23/><E125/><V7/><F114/><W18/><G126/><T100/><D53/><U58/><E80/><V20/><F121/><W84/><G39/><T112/><D91/><U88/><E4/><V65/><F65/><W69/><G69/><T134/><D134/><U35/><E0/><V66/><F66/><W119/><G119/><T116/><D112/><U120/><E35/><V37/><F37/><N who="1" m="14441" /><E101/><V6/><F50/><N who="3" m="31127" /><G105/><T128/><D116/><U78/><E78/><V56/><F56/><W76/><G104/><T14/><D2/><U94/><E120/><V71/><F71/><W12/><G26/><T115/><D115/><U83/><E83/><V34/><F34/><W132/><G132/><T110/><D110/><U81/><E81/><V25/><F25/><W13/><G84/><T41/><D41/><U127/><E127/><V45/><F45/><N who="3" m="16907" /><G76/><T75/><D75/><U22/><E118/><V113/><F113/><W73/><G73/><T5/><D44/><U74/><E74/><V33/><F33/><W61/><G61/><N who="2" m="23049" /><F10/><W90/><G102/><T31/><D43/><U79/><E79/><V9/><F9/><W40/><G40/><T123/><D123/><U55/><E130/><V70/><F70/><W135/><G135/><T133/><D133/><U103/><E103/><V1/><F1/><W57/><G57/><T32/><D128/><U48/><E129/><V68/><F68/><W42/><G42/><T107/><D106/><RYUUKYOKU ba="1,2" sc="249,0,153,0,284,0,294,0" hai0="5,8,11,14,15,17,31,32,64,67,98,100,107" hai1="21,22,23,48,55,58,60,88,94,99" hai2="6,7,20,24,28,77,82,85,89,95" hai3="12,13,18,19,90,92,96" /><INIT seed="7,2,2,0,5,106" ten="249,153,284,294" oya="3" hai0="29,1,24,53,69,58,61,34,130,94,114,2,62" hai1="39,116,92,50,123,99,31,128,96,6,63,9,76" hai2="91,66,57,124,93,43,102,17,80,119,134,85,14" hai3="26,131,98,45,122,60,101,120,23,77,37,48,19"/><W107/><G131/><T84/><D130/><U74/><E128/><V132/><F119/><W49/><G60/><T100/><D114/><U32/><E123/><V5/><F43/><W46/><G37/><T30/><D29/><U7/><E39/><V70/><F5/><W44/><REACH who="3" step="1"/><G77/><REACH who="3" ten="249,153,284,284" step="2"/><T78/><D62/><U112/><E63/><V55/><F124/><W38/><G38/><T33/><D61/><U51/><E112/><V18/><F66/><W97/><G97/><T21/><D69/><U15/><E99/><N who="2" m="59759" /><F70/><W88/><G88/><T108/><D78/><U129/><E129/><V117/><F117/><W110/><G110/><T10/><D108/><U68/><E68/><V104/><F104/><W126/><G126/><T67/><D67/><U89/><E116/><V27/><F132/><W71/><G71/><T75/><D100/><U90/><E90/><V73/><F134/><W56/><G56/><T3/><D58/><U82/><REACH who="1" step="1"/><E7/><REACH who="1" ten="249,143,284,284" step="2"/><V25/><F91/><W59/><G59/><T133/><D133/><U109/><E109/><V79/><F57/><W8/><G8/><T41/><D10/><U11/><E11/><V65/><F65/><W87/><G87/><T42/><D84/><U113/><E113/><V64/><F85/><W105/><G105/><T28/><D3/><U111/><E111/><V127/><F64/><W135/><G135/><T72/><D2/><U115/><E115/><V12/><F127/><W86/><G86/><T95/><D1/><U36/><E36/><V16/><F79/><W83/><G83/><T35/><D72/><U125/><E125/><RYUUKYOKU ba="2,4" sc="249,-15,143,15,284,-15,284,15" hai1="6,9,15,31,32,50,51,74,76,82,89,92,96" hai3="19,23,26,44,45,46,48,49,98,101,107,120,122" /><INIT seed="7,3,4,0,5,107" ten="234,158,269,299" oya="3" hai0="6,103,126,28,40,8,34,89,100,25,39,121,37" hai1="10,73,9,90,91,66,5,72,106,46,60,29,79" hai2="130,26,78,59,125,54,32,70,117,42,12,57,114" hai3="95,134,119,13,63,48,31,128,36,110,24,74,113"/><W23/><G36/><T58/><D121/><U2/><E106/><V69/><F117/><W82/><G119/><T30/><D39/><U94/><E79/><V84/><F114/><W16/><G113/><T7/><D7/><U132/><E132/><V105/><F105/><W86/><G134/><T55/><D89/><U127/><E127/><V109/><F109/><W50/><G110/><T38/><D37/><U17/><E29/><V131/><F125/><W112/><G112/><T64/><D64/><U99/><E46/><V92/><F42/><W49/><G128/><N who="2" m="49193" /><F12/><W4/><G74/><T123/><D123/><U124/><E124/><V88/><F78/><N who="3" m="46423" /><G63/><T71/><D71/><N who="2" m="27146" /><F54/><W129/><G129/><T22/><D38/><U104/><E104/><V76/><F76/><W14/><G4/><T122/><D6/><U3/><E3/><V53/><F53/><W75/><G75/><T41/><D55/><U27/><E91/><V101/><F101/><W115/><G115/><T1/><D100/><U116/><E116/><V18/><F32/><W33/><G95/><T83/><D126/><U85/><E99/><V67/><F67/><W52/><G14/><T21/><D34/><U44/><E44/><V118/><F118/><W61/><G61/><T0/><D0/><U108/><E108/><V51/><F51/><W77/><G77/><T102/><D1/><U20/><REACH who="1" step="1"/><E10/><REACH who="1" ten="234,148,269,299" step="2"/><V93/><F93/><W11/><G33/><T19/><D8/><U87/><E87/><V96/><F96/><W135/><G135/><T111/><D111/><U68/><AGARI ba="3,5" hai="2,5,9,17,20,27,60,66,68,72,73,85,90,94" machi="68" ten="20,8000,1" yaku="1,1,0,1,7,1,52,2,53,0" doraHai="107" doraHaiUra="45" who="1" fromWho="1" sc="234,-23,148,139,269,-23,299,-43" /><INIT seed="8,0,0,3,5,36" ten="211,287,246,256" oya="0" hai0="88,51,35,20,65,1,89,31,135,39,52,26,66" hai1="72,19,25,95,0,5,74,76,43,114,64,98,57" hai2="40,50,53,113,10,30,16,21,107,120,86,49,78" hai3="133,118,67,34,79,15,103,14,102,130,4,38,29"/><T119/><D1/><U82/><E114/><V11/><F113/><W70/><G118/><T127/><D135/><U105/><E105/><V22/><F107/><W61/><G133/><T122/><D122/><U96/><E43/><V58/><F120/><W80/><G130/><T24/><D39/><U46/><E46/><N who="2" m="25799" /><F21/><W106/><G38/><T134/><D134/><U45/><E45/><V62/><F30/><W83/><G102/><T13/><D13/><N who="3" m="4617" /><G79/><T28/><D119/><U27/><E76/><V17/><F62/><W100/><G100/><T97/><D127/><U77/><E77/><V112/><F112/><W32/><G32/><T91/><REACH who="0" step="1"/><D97/><REACH who="0" ten="201,287,246,256" step="2"/><U84/><E98/><V54/><F10/><W56/><G4/><T85/><D85/><U87/><E87/><V47/><F11/><W55/><G55/><T121/><D121/><U59/><E5/><V125/><F125/><W115/><G115/><T101/><D101/><U128/><E84/><V99/><F99/><N who="3" m="61823" /><G56/><AGARI ba="0,1" hai="20,24,26,28,31,35,51,52,56,65,66,88,89,91" machi="56" ten="40,7700,0" yaku="1,1,54,2,53,0" doraHai="36" doraHaiUra="71" who="0" fromWho="3" sc="201,87,287,0,246,0,256,-77" /><INIT seed="8,1,0,4,3,51" ten="288,287,246,179" oya="0" hai0="75,18,6,47,36,61,28,74,42,88,24,99,93" hai1="115,48,83,95,89,9,111,46,122,41,128,50,127" hai2="121,70,31,35,55,0,84,45,21,7,118,130,116" hai3="96,17,37,67,101,62,90,1,129,108,134,19,34"/><T39/><D36/><U43/><E111/><V105/><F121/><W65/><G1/><T123/><D123/><U15/><E122/><V77/><F70/><W109/><G37/><T82/><D18/><U2/><E2/><V86/><F105/><W10/><G90/><T126/><D126/><U54/><E128/><V125/><F130/><W81/><G129/><T27/><D27/><U87/><E115/><V52/><F125/><W20/><G81/><T131/><D6/><N who="1" m="3511" /><E127/><V13/><F0/><W38/><G38/><T29/><D29/><U91/><E50/><V4/><F35/><W60/><G134/><T124/><D124/><U23/><E23/><V66/><F66/><W58/><G34/><T98/><D98/><AGARI ba="1,0" hai="41,43,46,48,54,83,87,89,91,95,98" m="3511" machi="98" ten="30,2000,0" yaku="8,1,52,1" doraHai="51" who="1" fromWho="0" sc="288,-23,287,23,246,0,179,0" owari="265,7.0,310,40.0,246,-15.0,179,-32.0" /></mjloggm>