<mjloggm ver="2.3"><GO type="41" lobby="0"/><UN n0="%74%77%69%74%63%68" n1="%E3%83%8E%E3%83%BC%E3%83%AA%E3%83%84%E6%A0%AA%E8%B2%B7%E3%81%88%E3%82%84" n2="%E3%81%AA%E3%81%8A%E3%81%8D%E3%81%A6%E3%81%83%30%32" n3="%E2%93%9D%53%75%70%68%78" dan="13,13,13,18" rate="1898.15,2023.31,1814.60,2170.17" sx="M,M,M,M"/><TAIKYOKU oya="0"/><INIT seed="0,0,0,3,2,99" ten="250,250,250,250" oya="0" hai0="116,41,87,115,67,79,109,48,72,44,15,43,105" hai1="18,46,40,124,14,50,42,27,8,51,16,20,4" hai2="49,70,83,108,12,65,126,10,1,78,66,31,59" hai3="112,92,118,93,135,3,128,33,110,47,53,22,23"/><T39/><D115/><U74/><E74/><V52/><F1/><W80/><G33/><T84/><D116/><U34/><E124/><V125/><F31/><W81/><G3/><T28/><D109/><U25/><E34/><V38/><F38/><W6/><G128/><T17/><D105/><U134/><E134/><V19/><F108/><W94/><G6/><T55/><D28/><U120/><E120/><V73/><REACH who="2" step="1"/><F70/><REACH who="2" ten="250,250,240,250" step="2"/><W98/><G110/><T63/><D39/><U11/><E27/><V64/><AGARI ba="0,1" hai="10,12,19,49,52,59,64,65,66,73,78,83,125,126" machi="64" ten="30,7900,0" yaku="1,1,2,1,0,1,54,1,53,0" doraHai="99" doraHaiUra="91" who="2" fromWho="2" sc="250,-39,250,-20,240,89,250,-20" /><INIT seed="1,0,0,3,1,5" ten="211,230,329,230" oya="1" hai0="121,93,90,126,54,44,3,47,7,78,79,103,2" hai1="125,63,39,94,55,45,100,70,1,20,40,107,67" hai2="52,43,25,34,131,28,6,82,71,113,69,22,81" hai3="29,26,48,105,95,88,17,49,108,109,87,115,101"/><U89/><E125/><V83/><F131/><W122/><G122/><T114/><D114/><U23/><E1/><V96/><F43/><W64/><G115/><T51/><D126/><U57/><E100/><V112/><F96/><W129/><G64/><T0/><D121/><U119/><E107/><V74/><F74/><W37/><G37/><T61/><D7/><U24/><E24/><V118/><F118/><W86/><G17/><T4/><D4/><U134/><E134/><V98/><F113/><W60/><G60/><T56/><D103/><U50/><E119/><V30/><F112/><W66/><G66/><T80/><D80/><U75/><REACH who="1" step="1"/><E75/><REACH who="1" ten="211,220,329,230" step="2"/><V46/><F25/><W124/><G124/><T8/><D0/><U10/><E10/><V18/><F34/><W27/><G101/><T53/><D2/><U41/><E41/><V117/><F117/><W14/><G105/><T91/><D3/><U9/><E9/><V32/><F32/><W102/><G102/><T12/><D8/><U135/><E135/><V77/><F30/><W58/><G29/><T36/><D12/><U19/><E19/><V120/><F28/><W132/><G14/><T106/><D106/><U59/><E59/><V72/><F18/><W123/><G132/><T38/><D56/><U15/><E15/><V33/><F72/><W76/><G58/><T111/><D36/><U16/><E16/><V73/><F33/><W130/><G123/><T42/><D38/><U128/><E128/><V127/><F73/><W133/><G133/><T21/><D42/><U35/><E35/><V85/><F127/><RYUUKYOKU ba="0,1" sc="211,-10,220,30,329,-10,230,-10" hai1="20,23,39,40,45,50,55,57,63,67,70,89,94" /><INIT seed="1,1,1,3,1,65" ten="201,250,319,220" oya="1" hai0="74,112,92,13,73,28,131,70,82,104,40,109,48" hai1="85,130,113,61,132,57,90,53,76,15,27,72,44" hai2="119,45,81,50,101,93,35,62,108,37,16,80,120" hai3="87,23,64,52,58,118,51,95,46,126,96,31,39"/><U121/><E121/><V7/><F35/><W33/><G33/><T49/><D104/><U103/><E113/><V111/><F119/><W6/><G126/><T133/><D112/><U14/><E130/><V86/><F120/><W84/><G6/><T124/><D131/><U41/><E132/><V56/><F37/><W110/><G110/><N who="2" m="42025" /><F7/><W22/><G118/><T30/><D109/><U117/><E117/><V1/><F1/><W77/><G77/><T135/><D124/><U34/><E103/><V3/><F3/><W55/><G64/><T97/><D13/><U134/><E134/><V100/><F81/><W69/><G69/><T78/><D73/><U43/><E43/><N who="2" m="24895" /><F93/><W9/><G9/><T63/><D133/><U122/><E122/><V4/><F4/><W38/><G38/><T123/><D135/><U105/><E105/><V79/><F16/><W66/><G39/><T47/><D123/><U75/><E76/><V116/><F116/><W115/><G115/><T94/><D92/><U42/><E42/><V71/><F71/><W125/><G125/><T36/><D28/><U88/><E90/><V11/><F11/><W68/><G31/><T102/><REACH who="0" step="1"/><D30/><REACH who="0" ten="191,250,319,220" step="2"/><U32/><E72/><V91/><F79/><W127/><G127/><T26/><D26/><U17/><E75/><V18/><F18/><W19/><G19/><T2/><D2/><U24/><E14/><V10/><F10/><W89/><G95/><T60/><D60/><U12/><E12/><V107/><F107/><W29/><G29/><T25/><D25/><U5/><E27/><V54/><AGARI ba="1,2" hai="54,56,62,80,86,91,100,101" m="24895,42025" machi="54" ten="30,2000,0" yaku="5,1,14,1" doraHai="65" who="2" fromWho="2" sc="191,-6,250,-11,319,43,220,-6" /><INIT seed="2,0,0,1,5,128" ten="185,239,362,214" oya="2" hai0="45,115,122,20,77,90,79,1,55,7,39,82,106" hai1="49,50,19,100,23,15,38,2,113,92,48,123,68" hai2="37,89,53,10,35,127,132,3,87,116,78,26,41" hai3="119,18,95,98,131,22,108,24,86,25,88,44,126"/><V64/><F116/><W11/><G119/><T65/><D122/><U111/><E113/><V17/><F127/><W121/><G131/><T57/><D115/><U69/><E38/><V112/><F112/><W120/><G108/><T133/><D106/><U94/><E2/><V27/><F78/><W130/><G130/><T32/><D32/><U34/><E34/><V73/><F73/><W125/><G25/><T40/><D65/><U91/><E111/><V74/><F74/><W9/><G44/><T42/><D42/><U52/><E123/><V85/><F85/><W71/><G71/><T107/><D107/><U70/><E100/><V21/><F64/><W81/><G121/><T5/><D20/><U16/><E19/><V103/><F103/><W43/><G43/><T62/><D133/><U118/><E118/><V96/><F96/><W51/><G51/><T63/><D63/><U60/><E91/><V117/><F117/><W66/><G66/><T59/><D59/><U67/><REACH who="1" step="1"/><E67/><REACH who="1" ten="185,229,362,214" step="2"/><V29/><F17/><W0/><G120/><T129/><D129/><U80/><E80/><V6/><F3/><W13/><G0/><T134/><D1/><U114/><E114/><V33/><F35/><W75/><G126/><T4/><D90/><U8/><E8/><V99/><F89/><N who="3" m="51407" /><G125/><T104/><D39/><U36/><E36/><V14/><F37/><W56/><G11/><T12/><D79/><U28/><E28/><V135/><F29/><N who="3" m="17559" /><G75/><T76/><D77/><U109/><E109/><V110/><F110/><W54/><G56/><AGARI ba="0,1" hai="15,16,23,48,49,50,52,56,60,68,69,70,92,94" machi="56" ten="50,6400,0" yaku="1,1,54,2,53,0" doraHai="128" doraHaiUra="101" who="1" fromWho="3" sc="185,0,229,74,362,0,214,-64" /><INIT seed="3,0,0,3,3,28" ten="185,303,362,150" oya="3" hai0="98,10,132,124,125,35,82,69,79,120,51,49,63" hai1="25,107,37,90,33,68,123,122,38,16,22,56,31" hai2="74,1,64,19,11,135,87,121,109,67,129,93,30" hai3="57,12,133,32,95,43,99,50,58,126,41,73,134"/><W77/><G126/><N who="0" m="48747" /><D120/><U24/><E68/><V76/><F109/><W54/><G77/><T7/><D132/><N who="3" m="50793" /><G73/><N who="0" m="43375" /><D98/><U101/><E90/><V115/><F115/><W9/><G58/><T105/><D105/><U65/><E56/><V46/><F121/><W97/><G97/><T17/><D17/><U81/><E81/><V119/><F119/><W102/><G32/><T84/><D84/><U44/><E44/><V80/><F129/><W130/><G130/><T20/><D20/><U42/><E65/><V23/><F30/><W100/><G100/><T52/><D35/><U36/><REACH who="1" step="1"/><E42/><REACH who="1" ten="185,293,362,150" step="2"/><V61/><F67/><W114/><G114/><T117/><D117/><U83/><E83/><V112/><F112/><W15/><G43/><T71/><D71/><U86/><E86/><V111/><F111/><W88/><G41/><T5/><D69/><U110/><E110/><V118/><F118/><W26/><G102/><T3/><D5/><U72/><E72/><V92/><F74/><W34/><G9/><T18/><D10/><U4/><E4/><V116/><F116/><W27/><G34/><T113/><D7/><U47/><E47/><V8/><F46/><W75/><G75/><T104/><D113/><U127/><E127/><V29/><F135/><W45/><G45/><T106/><D3/><U55/><E55/><V13/><F1/><W59/><G59/><T60/><D52/><U66/><E66/><V94/><F8/><W85/><G85/><T128/><D128/><U131/><E131/><V96/><F11/><W6/><G6/><T2/><D2/><U48/><E48/><RYUUKYOKU ba="0,1" sc="185,-15,293,15,362,-15,150,15" hai1="16,22,24,25,31,33,36,37,38,101,107,122,123" hai3="12,15,26,27,50,54,57,88,95,99" /><INIT seed="3,1,1,5,0,74" ten="170,308,347,165" oya="3" hai0="78,47,104,61,64,42,90,56,115,126,67,53,62" hai1="107,20,33,133,130,30,52,83,13,128,111,112,10" hai2="87,37,76,72,43,86,91,94,123,101,93,92,65" hai3="2,129,84,89,41,44,73,114,110,102,122,57,18"/><W23/><G114/><T55/><D104/><U120/><E107/><V50/><F37/><W59/><G73/><T85/><D90/><U26/><E83/><N who="2" m="45447" /><F65/><N who="0" m="25162" /><D85/><N who="2" m="32266" /><F43/><W34/><G129/><T22/><D22/><U68/><E68/><V7/><F7/><W106/><G122/><T100/><D100/><U27/><E52/><N who="0" m="20041" /><D78/><U96/><E96/><N who="2" m="59527" /><F50/><W79/><G79/><T99/><D99/><U21/><E112/><V135/><F123/><W88/><G102/><T49/><D115/><U48/><E48/><V45/><F45/><W125/><G44/><T113/><D113/><U95/><E120/><V127/><F127/><W31/><G125/><T16/><D16/><N who="1" m="8247" /><E95/><N who="2" m="36363" /><F135/><W81/><G106/><T14/><D14/><U3/><E133/><V77/><F77/><W103/><G103/><T69/><D126/><U119/><E3/><V6/><F6/><W4/><G4/><T105/><D105/><U19/><E33/><V98/><F98/><W54/><G34/><T38/><D69/><U117/><E111/><V118/><F91/><W82/><G110/><T8/><D8/><U25/><E27/><V1/><F1/><W124/><G124/><T5/><D5/><U36/><E36/><V28/><F28/><W116/><G31/><T75/><D75/><U51/><E51/><V35/><F35/><W109/><G109/><T134/><D134/><U9/><E9/><V121/><F121/><W24/><G89/><T97/><D97/><U71/><E71/><V63/><F118/><AGARI ba="1,1" hai="19,20,21,25,26,30,117,118,119,128,130" m="8247" machi="118" ten="30,7700,0" yaku="12,1,34,2,54,1" doraHai="74" who="1" fromWho="2" sc="170,0,308,90,347,-80,165,0" /><INIT seed="4,0,0,0,1,82" ten="170,398,267,165" oya="0" hai0="125,65,126,114,18,10,95,85,22,57,48,8,45" hai1="14,76,11,34,3,97,116,121,0,5,44,54,70" hai2="118,9,1,59,127,51,90,13,115,15,130,27,101" hai3="129,81,75,89,112,72,77,41,52,35,28,99,62"/><T33/><D33/><U4/><E116/><V113/><F127/><N who="0" m="48650" /><D65/><U36/><E121/><V74/><F74/><W31/><G129/><T19/><D57/><U21/><E70/><V43/><F130/><W46/><G112/><N who="2" m="43081" /><F101/><W69/><G75/><T110/><D110/><U98/><E76/><V80/><F118/><W83/><G35/><T135/><D135/><U60/><E34/><V106/><F106/><W117/><G117/><T47/><D114/><U103/><E21/><V58/><F27/><W122/><G122/><T16/><D22/><U84/><E84/><N who="2" m="50439" /><F1/><W25/><G25/><T20/><D20/><U133/><E133/><V56/><F9/><N who="0" m="3690" /><D48/><U71/><E5/><V78/><F78/><W32/><G77/><T105/><D105/><U29/><E29/><V63/><F63/><W132/><G62/><T49/><D49/><U42/><E97/><V119/><F119/><W7/><G99/><T128/><D128/><U134/><E134/><V12/><F43/><W120/><G41/><T88/><AGARI ba="0,0" hai="16,18,19,45,47,85,88,95" m="3690,48650" machi="88" ten="40,12000,1" yaku="18,1,52,1,54,2" doraHai="82" who="0" fromWho="0" sc="170,120,398,-40,267,-40,165,-40" /><INIT seed="4,1,0,0,2,23" ten="290,358,227,125" oya="0" hai0="76,89,98,55,111,45,67,60,100,126,42,17,71" hai1="18,90,1,118,134,72,27,6,50,135,8,69,28" hai2="130,38,88,103,24,80,66,115,92,105,31,58,86" hai3="16,109,68,48,125,124,96,120,84,91,82,127,81"/><T131/><D126/><U49/><E69/><V52/><F38/><W59/><G68/><T44/><D131/><U34/><E72/><V75/><F130/><W35/><G35/><T102/><D111/><U39/><E39/><V13/><F115/><W133/><G109/><T64/><D76/><U5/><E118/><V87/><F66/><W9/><G133/><N who="1" m="50698" /><E6/><V47/><F47/><W94/><G120/><T43/><D17/><U106/><E106/><V41/><F41/><W19/><G9/><T128/><D128/><U30/><E30/><V10/><F75/><W46/><G59/><T114/><D114/><U129/><E129/><V29/><F105/><W51/><G82/><T113/><D113/><U32/><E32/><V65/><F65/><W56/><G56/><T107/><D71/><U21/><E90/><N who="2" m="53335" /><F24/><AGARI ba="1,0" hai="1,5,8,18,21,24,27,28,34,49,50" m="50698" machi="24" ten="30,3900,0" yaku="20,1,52,2" doraHai="23" who="1" fromWho="2" sc="290,0,358,42,227,-42,125,0" /><INIT seed="5,0,0,5,2,66" ten="290,400,185,125" oya="1" hai0="88,95,31,4,47,27,7,42,2,60,119,1,22" hai1="123,35,84,122,78,70,29,58,59,128,48,116,25" hai2="96,69,113,49,89,131,107,9,0,72,118,16,127" hai3="33,135,6,13,86,28,64,134,50,124,91,104,102"/><U77/><E116/><V130/><F72/><W105/><G50/><T41/><D119/><U40/><E70/><V19/><F118/><W24/><G124/><T98/><D60/><U108/><E128/><N who="2" m="49195" /><F127/><W36/><G36/><T87/><D41/><U51/><E108/><V67/><F49/><W110/><G110/><T90/><D2/><U114/><E114/><V12/><F0/><W14/><G64/><T56/><D56/><U133/><E133/><N who="3" m="50698" /><G102/><T21/><D21/><U5/><E5/><N who="2" m="3119" /><F113/><W75/><G75/><T115/><D115/><U126/><E126/><V99/><F99/><W61/><G61/><T18/><D31/><U37/><E37/><V94/><F107/><N who="3" m="41035" /><G6/><T68/><D68/><U53/><E59/><V52/><F52/><W121/><G121/><T38/><REACH who="0" step="1"/><D1/><REACH who="0" ten="280,400,185,125" step="2"/><U80/><E122/><V117/><F117/><W34/><G34/><T63/><D63/><AGARI ba="0,1" hai="16,19,63,67,69,89,94,96" m="3119,49195" machi="63" ten="30,3900,0" yaku="19,1,52,1,54,1" doraHai="66" who="2" fromWho="0" sc="280,-39,400,0,185,49,125,0" /><INIT seed="6,0,0,2,2,74" ten="241,400,234,125" oya="2" hai0="31,81,133,37,130,97,51,105,82,18,57,131,47" hai1="41,40,134,127,30,62,44,78,114,123,50,12,48" hai2="125,9,69,3,10,24,85,113,36,56,76,2,35" hai3="107,71,118,15,80,119,120,65,104,5,55,87,124"/><V89/><F36/><W101/><G65/><T88/><D37/><U116/><E116/><V110/><F113/><W129/><G5/><T63/><D31/><U68/><E114/><V7/><F125/><W23/><G71/><T106/><D133/><U58/><E134/><V43/><F43/><W27/><G15/><T46/><D18/><U108/><E108/><V13/><F69/><W135/><G135/><T32/><D32/><U45/><E68/><V103/><F103/><W73/><G129/><N who="0" m="49163" /><D81/><U61/><E127/><V84/><F35/><W38/><G38/><T28/><D28/><U79/><E123/><V96/><F24/><W17/><G73/><T70/><D70/><U33/><E12/><V90/><F96/><W67/><G67/><N who="0" m="39407" /><D46/><U29/><E58/><V25/><F56/><W126/><G120/><T93/><D82/><U0/><E33/><V99/><F99/><W66/><G126/><T117/><D117/><U111/><E111/><V109/><F25/><W8/><G124/><T115/><D115/><U14/><E14/><V52/><F13/><W11/><G119/><T42/><AGARI ba="0,0" hai="42,47,51,88,93,97,105,106" m="39407,49163" machi="42" ten="30,2000,0" yaku="19,1,54,1" doraHai="74" who="0" fromWho="0" sc="241,20,400,-5,234,-10,125,-5" /><INIT seed="7,0,0,2,4,120" ten="261,395,224,120" oya="3" hai0="15,10,128,67,30,68,41,112,91,75,110,19,114" hai1="127,63,93,82,8,24,42,88,20,100,125,1,44" hai2="48,131,16,70,60,27,103,101,65,9,74,72,73" hai3="69,36,6,66,134,38,39,40,85,90,0,104,37"/><W45/><G134/><T5/><D110/><U14/><E100/><V58/><F131/><W106/><G90/><T52/><D128/><U111/><E1/><V34/><F34/><W76/><G85/><T4/><D41/><U43/><E111/><V56/><F70/><W83/><G66/><T71/><D75/><U49/><E63/><V86/><F86/><W130/><G69/><N who="0" m="26699" /><D67/><U129/><E82/><V108/><F108/><W57/><G57/><T12/><D30/><U107/><E107/><V133/><F133/><W50/><G50/><T78/><D78/><U105/><E105/><V22/><REACH who="2" step="1"/><F9/><REACH who="2" ten="261,395,214,120" step="2"/><N who="3" m="2247" /><G130/><T87/><D114/><U18/><E129/><V126/><F126/><W59/><G59/><T97/><D87/><U92/><E42/><V84/><F84/><W13/><G13/><T117/><D15/><U109/><E109/><V113/><F113/><W89/><G89/><T99/><D91/><U121/><E121/><V23/><F23/><W54/><G54/><AGARI ba="0,1" hai="16,22,27,48,54,56,58,60,65,72,73,74,101,103" machi="54" ten="40,2600,0" yaku="1,1,54,1,53,0" doraHai="120" doraHaiUra="7" who="2" fromWho="3" sc="261,0,395,0,214,36,120,-26" owari="261,6.0,395,50.0,250,-15.0,94,-41.0" /></mjloggm>