<mjloggm ver="2.3"><GO type="41" lobby="0"/><UN n0="%E3%81%82%E3%82%93%E3%82%89%E3%81%A3%E3%81%8D%E3%83%BC" n1="%E2%93%9D%53%75%70%68%78" n2="%6E%61%67%6C%65" n3="%5A%45%4E%5A%45%4E" dan="15,17,15,13" rate="1952.87,2080.91,2006.38,1804.56" sx="M,M,M,M"/><TAIKYOKU oya="0"/><INIT seed="0,0,0,0,4,130" ten="250,250,250,250" oya="0" hai0="22,91,85,15,32,79,24,117,29,16,114,131,135" hai1="103,3,2,64,58,80,96,57,127,41,39,59,56" hai2="78,87,102,8,93,115,99,28,89,116,105,70,42" hai3="122,109,50,108,90,17,128,101,20,36,13,46,73"/><T77/><D117/><U26/><E127/><V65/><F116/><W72/><G128/><T61/><D114/><U112/><E112/><V40/><F115/><W30/><G122/><T14/><D131/><U35/><E80/><V107/><F107/><W126/><G126/><T95/><D15/><U60/><E41/><V76/><F8/><W71/><G71/><T97/><D135/><U10/><E39/><V98/><F28/><W106/><G36/><T86/><D86/><U19/><E10/><V94/><F65/><W12/><G30/><T100/><REACH who="0" step="1"/><D61/><REACH who="0" ten="240,250,250,250" step="2"/><U63/><E63/><V134/><F134/><W23/><G73/><T38/><D38/><U37/><E37/><V43/><REACH who="2" step="1"/><F70/><REACH who="2" ten="240,250,240,250" step="2"/><W119/><G119/><T124/><D124/><U129/><E129/><V21/><F21/><W45/><G23/><T33/><D33/><U53/><E35/><V7/><F7/><W6/><G20/><T67/><D67/><U54/><E64/><V66/><F66/><W34/><G6/><T11/><D11/><U88/><E60/><V49/><F49/><W51/><G34/><T84/><D84/><U31/><E31/><V68/><F68/><W27/><G72/><T1/><D1/><U82/><E3/><V113/><F113/><W120/><G120/><T92/><AGARI ba="0,2" hai="14,16,22,24,29,32,77,79,85,91,92,95,97,100" machi="92" ten="20,12000,1" yaku="1,1,0,1,7,1,54,1,53,1" doraHai="130" doraHaiUra="81" who="0" fromWho="0" sc="240,140,250,-40,240,-40,250,-40" /><INIT seed="0,1,0,5,0,132" ten="380,210,200,210" oya="0" hai0="15,129,35,128,108,60,130,69,53,73,44,121,86" hai1="88,47,123,119,95,48,101,13,133,40,34,61,59" hai2="134,127,99,112,71,17,57,114,2,32,7,27,38" hai3="105,50,64,68,78,31,75,42,51,106,12,1,107"/><T80/><D35/><U91/><E119/><V79/><F71/><W30/><G1/><T3/><D3/><U103/><E123/><V37/><F79/><W45/><G78/><T125/><D121/><U89/><E133/><V116/><F2/><W8/><G75/><T55/><D73/><U111/><E111/><V10/><F134/><W33/><G33/><T135/><D135/><U29/><E34/><V41/><F32/><W100/><G100/><T72/><D72/><U21/><E95/><V36/><F41/><W23/><G23/><T28/><D28/><U20/><E20/><V94/><F116/><W104/><G64/><N who="0" m="41095" /><D15/><U56/><E59/><V76/><F76/><W58/><G68/><T97/><D97/><U43/><E40/><V96/><F7/><W52/><N who="3" m="26624" /><DORA hai="124" /><W70/><REACH who="3" step="1"/><G70/><REACH who="3" ten="380,210,200,200" step="2"/><T65/><D108/><U22/><E22/><V92/><F114/><W87/><G87/><T18/><D86/><U98/><E98/><V16/><F112/><W115/><G115/><T77/><D77/><U4/><E21/><V46/><F99/><W67/><G67/><T117/><D65/><N who="1" m="39079" /><E29/><V110/><F96/><W82/><G82/><T66/><D117/><U14/><E14/><V24/><F110/><W126/><G126/><T102/><D125/><U9/><AGARI ba="1,1" hai="4,9,13,43,47,48,88,89,91,101,103" m="39079" machi="9" ten="30,2000,0" yaku="8,1,54,1" doraHai="132,124" who="1" fromWho="1" sc="380,-11,210,33,200,-6,200,-6" /><INIT seed="1,0,0,2,5,88" ten="369,243,194,194" oya="1" hai0="31,94,132,66,87,64,54,21,93,61,99,48,71" hai1="77,5,56,37,84,23,59,73,42,101,85,112,22" hai2="123,18,47,60,134,130,28,131,58,110,79,29,24" hai3="119,102,133,109,6,51,70,81,41,65,118,80,25"/><U69/><E69/><V12/><F123/><W115/><G115/><T78/><D132/><U104/><E73/><V116/><F116/><N who="3" m="44587" /><G133/><T11/><D11/><U106/><E42/><V10/><F134/><W57/><G70/><T53/><D53/><U75/><E75/><V15/><F110/><W89/><G102/><T16/><D31/><U128/><E101/><V72/><F29/><W125/><G6/><T4/><D4/><U121/><E5/><V32/><F79/><W67/><G25/><T96/><D71/><U45/><E77/><V36/><F72/><W97/><G57/><N who="0" m="32967" /><D61/><U107/><E112/><V82/><F82/><W33/><G33/><T124/><D124/><U40/><E121/><V20/><F36/><W90/><G67/><N who="0" m="25643" /><D78/><U92/><E56/><V105/><F105/><W46/><G65/><T103/><D87/><U39/><E59/><V38/><F38/><W52/><G109/><T111/><D111/><U129/><E37/><V74/><F74/><W44/><G125/><T2/><D2/><U98/><E84/><V9/><F60/><W127/><G127/><T83/><D83/><N who="3" m="31817" /><G97/><N who="0" m="37451" /><D103/><N who="1" m="60871" /><E85/><V7/><F58/><W3/><G3/><T126/><D126/><U1/><E1/><V27/><F47/><W0/><G0/><T113/><D113/><U86/><E86/><V34/><F34/><W100/><G100/><T114/><D114/><U55/><E55/><V62/><F62/><W68/><G68/><T108/><D108/><U95/><E39/><AGARI ba="0,0" hai="39,41,44,46,51,52,89,90" m="31817,44587" machi="39" ten="30,2000,0" yaku="12,1,54,1" doraHai="88" who="3" fromWho="1" sc="369,0,243,-20,194,0,194,20" /><INIT seed="2,0,0,1,2,120" ten="369,223,194,214" oya="2" hai0="81,35,94,27,79,37,15,9,128,132,106,72,23" hai1="69,18,97,13,62,112,70,102,88,5,87,110,134" hai2="93,26,38,2,129,96,4,14,63,64,80,43,127" hai3="25,114,7,49,92,119,10,16,100,17,85,19,76"/><V103/><F127/><W74/><G119/><T46/><D106/><U53/><E112/><V41/><F129/><W11/><G74/><T22/><D35/><U123/><E5/><V42/><F2/><W126/><G126/><T59/><D132/><U60/><E134/><V1/><F1/><W32/><G100/><T0/><D0/><U28/><E28/><V131/><F131/><W12/><G49/><T133/><D133/><U47/><E110/><V90/><F26/><W105/><G105/><T48/><D37/><U75/><E75/><V73/><F38/><W99/><G114/><T51/><D94/><N who="1" m="58679" /><E69/><V125/><F125/><W21/><G32/><T33/><D59/><U20/><E70/><V98/><F73/><W118/><G118/><T101/><D51/><N who="1" m="28927" /><E123/><V122/><F122/><W40/><G40/><T8/><D101/><U36/><E36/><V84/><F98/><W115/><G115/><T117/><D117/><U95/><AGARI ba="0,0" hai="13,18,20,60,62,87,88,95" m="28927,58679" machi="95" ten="30,2000,0" yaku="8,1,54,1" doraHai="120" who="1" fromWho="1" sc="369,-5,223,20,194,-10,214,-5" /><INIT seed="3,0,0,4,2,35" ten="364,243,184,209" oya="3" hai0="2,80,83,67,23,1,27,57,121,37,36,99,131" hai1="19,96,92,50,108,93,85,51,16,86,28,100,20" hai2="126,24,70,52,130,30,91,76,109,117,69,94,46" hai3="134,11,3,60,77,115,18,65,66,111,49,104,17"/><W112/><G104/><T97/><D121/><U105/><E108/><V118/><F109/><W64/><G111/><T58/><D67/><U124/><E105/><V4/><F126/><W41/><G134/><T31/><D23/><U119/><E124/><V45/><F130/><W132/><G132/><T106/><D106/><U56/><E119/><V6/><F76/><W8/><G77/><T127/><D127/><U125/><E125/><V0/><F4/><W102/><G102/><T10/><D10/><U9/><E28/><V116/><F70/><W13/><G60/><T78/><D78/><U33/><E33/><V129/><F69/><W90/><G90/><T107/><D107/><U55/><E92/><V22/><F129/><W88/><G49/><T15/><D15/><N who="1" m="7279" /><E50/><V63/><F6/><W32/><G32/><T26/><D131/><U114/><E114/><V81/><F81/><W39/><G18/><T101/><D101/><U48/><E51/><V54/><F0/><W59/><G59/><T84/><D84/><U113/><E113/><V14/><F14/><AGARI ba="0,0" hai="14,19,20,48,55,56,85,86,93,96,100" m="7279" machi="14" ten="30,2000,0" yaku="8,1,54,1" doraHai="35" who="1" fromWho="2" sc="364,0,243,20,184,-20,209,0" /><INIT seed="4,0,0,2,4,58" ten="364,263,164,209" oya="0" hai0="53,99,111,78,97,16,21,61,47,108,130,1,62" hai1="52,101,89,22,51,72,10,37,11,128,84,126,54" hai2="71,46,57,2,104,42,74,103,55,98,19,93,67" hai3="123,64,96,120,133,121,7,29,28,115,116,75,80"/><T33/><D1/><U112/><E72/><V100/><F2/><W63/><G116/><T118/><D78/><U68/><E37/><V49/><F74/><W129/><G129/><T48/><D118/><U110/><E68/><V105/><F103/><W117/><G117/><T65/><D33/><U43/><E110/><N who="0" m="42025" /><D65/><U6/><E126/><V127/><F127/><W4/><G115/><T135/><D135/><U8/><E101/><V13/><F67/><W76/><G96/><N who="0" m="36939" /><D130/><U45/><E112/><V15/><F71/><N who="3" m="42399" /><G133/><T125/><D125/><U20/><E6/><AGARI ba="0,0" hai="4,6,7,28,29,75,76,80,120,121,123" m="42399" machi="6" ten="30,2000,0" yaku="13,1,52,1" doraHai="58" who="3" fromWho="1" sc="364,0,263,-20,164,0,209,20" /><INIT seed="5,0,0,1,3,96" ten="364,243,164,229" oya="1" hai0="0,22,118,16,7,88,14,10,78,93,121,114,12" hai1="33,98,51,116,86,2,57,82,102,32,113,24,108" hai2="70,100,128,45,64,81,127,50,99,63,42,95,75" hai3="46,85,65,122,132,83,133,73,80,40,26,68,21"/><U54/><E116/><V34/><F127/><W109/><G122/><T59/><D114/><U37/><E113/><V119/><F128/><W17/><G109/><T62/><D118/><U9/><E37/><V66/><F119/><W4/><G4/><T111/><D111/><U28/><E108/><V79/><F34/><W11/><G11/><T71/><D71/><U38/><E38/><V76/><F66/><W94/><G68/><T110/><D110/><U6/><E24/><V23/><F23/><W74/><G94/><T19/><D78/><U3/><E28/><V135/><F135/><N who="3" m="51787" /><G65/><T89/><D121/><U56/><E57/><V41/><REACH who="2" step="1"/><F79/><REACH who="2" ten="364,243,154,229" step="2"/><N who="3" m="46239" /><G83/><T107/><D22/><U36/><E33/><V30/><F30/><W124/><G124/><T25/><D25/><U13/><E32/><V52/><AGARI ba="0,1" hai="41,42,45,50,52,63,64,70,75,76,81,95,99,100" machi="52" ten="20,8000,1" yaku="1,1,0,1,7,1,52,1,54,1,53,0" doraHai="96" doraHaiUra="18" who="2" fromWho="2" sc="364,-20,243,-40,154,90,229,-20" /><INIT seed="6,0,0,4,5,121" ten="344,203,244,209" oya="2" hai0="53,86,67,54,56,29,106,21,13,91,4,99,28" hai1="97,124,59,18,115,6,20,80,90,95,119,129,60" hai2="66,34,16,71,30,100,52,101,49,103,61,48,69" hai3="23,70,42,109,55,19,40,126,35,73,45,133,98"/><V12/><F71/><W123/><G123/><T3/><D3/><U14/><E119/><V37/><F37/><W85/><G73/><T68/><D68/><U26/><E115/><V113/><F113/><W72/><G72/><T102/><D67/><U58/><E129/><V0/><F0/><W57/><G35/><T128/><D54/><U36/><E36/><V81/><F81/><W8/><G126/><T111/><D111/><U65/><E124/><V46/><F48/><W63/><G109/><T127/><D128/><U47/><E47/><V43/><F30/><W83/><G133/><T39/><D39/><U41/><E41/><V2/><F2/><W135/><G8/><T130/><D130/><U32/><E80/><V15/><F34/><W89/><G135/><T24/><D4/><U9/><REACH who="1" step="1"/><E32/><REACH who="1" ten="344,193,244,209" step="2"/><V92/><F43/><W107/><G45/><T88/><D127/><U27/><E27/><V17/><F12/><W94/><G107/><T82/><D13/><U33/><E33/><V44/><F44/><W117/><G117/><T84/><D106/><U120/><E120/><V7/><F92/><W132/><G132/><T125/><D125/><U118/><E118/><V93/><F93/><W96/><G70/><AGARI ba="0,1" hai="6,9,14,18,20,26,58,59,60,65,70,90,95,97" machi="70" ten="30,2000,0" yaku="1,1,7,1,53,0" doraHai="121" doraHaiUra="108" who="1" fromWho="3" sc="344,0,193,30,244,0,209,-20" /><INIT seed="7,0,0,2,3,25" ten="344,223,244,189" oya="3" hai0="72,28,115,117,109,16,62,0,19,42,21,122,91" hai1="90,113,58,103,101,126,53,51,40,57,49,112,75" hai2="81,82,18,10,71,34,79,27,65,52,26,63,93" hai3="116,1,76,23,68,80,69,98,11,59,106,74,102"/><W50/><G116/><T2/><D72/><U12/><E75/><V127/><F127/><W133/><G133/><T9/><D117/><U78/><E78/><V44/><F93/><W20/><G20/><T17/><D42/><U31/><E12/><V110/><F110/><W7/><G50/><T120/><D62/><U128/><E90/><V45/><F82/><W36/><G36/><T119/><D91/><U118/><E118/><V22/><F10/><W35/><G23/><T70/><D70/><U87/><E87/><V129/><F129/><W83/><G59/><T61/><D115/><U37/><E128/><V97/><F97/><W134/><G134/><T56/><D109/><U54/><E126/><V107/><F107/><W123/><G123/><T95/><D95/><U48/><E48/><V38/><F38/><W33/><G83/><T85/><D85/><U55/><E55/><V60/><F27/><W6/><REACH who="3" step="1"/><G7/><REACH who="3" ten="344,223,244,179" step="2"/><T4/><D21/><U124/><E124/><V114/><F114/><N who="1" m="44137" /><E31/><V94/><F81/><W43/><G43/><T24/><D28/><U135/><E135/><V13/><F71/><AGARI ba="0,1" hai="1,6,11,33,35,68,69,71,74,76,80,98,102,106" machi="71" ten="40,12000,1" yaku="1,1,33,3,53,1" doraHai="25" doraHaiUra="99" who="3" fromWho="2" sc="344,0,223,0,244,-120,179,130" /><INIT seed="7,1,0,3,5,112" ten="344,223,124,309" oya="3" hai0="29,64,118,81,52,12,89,121,70,2,83,131,72" hai1="57,40,100,54,82,19,115,66,91,107,37,31,59" hai2="98,22,9,15,114,93,14,27,26,48,108,56,96" hai3="6,105,135,117,62,47,20,129,49,8,7,126,39"/><W63/><G105/><T90/><D121/><U5/><E115/><V24/><F114/><W36/><G126/><T78/><D2/><U13/><E37/><V120/><F108/><W51/><G20/><T60/><D118/><U74/><E40/><V25/><F120/><W132/><G8/><T11/><D29/><U18/><E100/><V45/><F56/><W130/><G47/><T88/><D52/><U61/><E74/><V85/><F85/><W30/><G30/><T119/><D119/><AGARI ba="1,0" hai="6,7,36,39,49,51,62,63,117,119,129,130,132,135" machi="119" ten="25,9600,0" yaku="22,2,52,2" doraHai="112" who="3" fromWho="0" sc="344,-99,223,0,124,0,309,99" owari="245,5.0,223,-18.0,124,-38.0,408,51.0" /></mjloggm>