<mjloggm ver="2.3"><GO type="41" lobby="0"/><UN n0="%E9%BA%BB%E8%81%96%E5%A4%95" n1="%E6%A0%BC%E9%97%98%E5%80%B6%E6%A5%BD%E9%83%A8%E6%B5%B7%E8%B3%8A%E5%9B%A3" n2="%E3%81%AF%E3%82%84%E3%81%A6%40%E3%82%B5%E3%82%B0%46%42" n3="%E2%93%9D%53%75%70%68%78" dan="13,14,15,18" rate="1811.97,1876.29,2010.60,2071.20" sx="M,M,M,M"/><TAIKYOKU oya="0"/><INIT seed="0,0,0,0,0,135" ten="250,250,250,250" oya="0" hai0="99,59,84,6,61,111,72,113,86,40,52,76,56" hai1="39,29,110,32,2,57,30,130,49,16,0,117,68" hai2="100,118,77,17,7,97,134,102,13,125,34,98,20" hai3="3,124,101,89,95,1,93,27,85,58,24,51,31"/><T122/><D113/><U62/><E117/><V96/><F134/><W115/><G115/><T114/><D114/><U21/><E39/><V25/><F118/><W65/><G124/><T19/><D6/><U126/><E68/><V50/><F125/><W22/><G27/><T4/><D4/><U123/><E123/><V94/><F77/><W28/><G28/><T75/><D122/><U112/><E126/><V132/><F132/><W12/><G12/><T35/><D35/><U74/><E74/><V104/><F50/><W91/><G101/><T107/><D40/><U26/><E112/><V11/><F34/><W92/><G92/><T90/><D111/><U47/><E30/><V69/><F69/><W67/><G3/><T127/><D127/><U87/><E110/><V41/><F97/><W23/><G23/><T66/><D19/><U38/><E38/><V109/><F109/><W15/><G15/><T18/><D18/><U55/><E130/><V64/><F64/><W42/><G1/><T131/><D131/><U106/><E106/><V105/><REACH who="2" step="1"/><F41/><REACH who="2" ten="250,250,240,250" step="2"/><W103/><G42/><T83/><D99/><U37/><E37/><V78/><F78/><W5/><G67/><T9/><D107/><AGARI ba="0,1" hai="7,11,13,17,20,25,94,96,98,100,102,104,105,107" machi="107" ten="30,2000,0" yaku="1,1,7,1,53,0" doraHai="135" doraHaiUra="54" who="2" fromWho="0" sc="250,-20,250,0,240,30,250,0" /><INIT seed="1,0,0,5,3,32" ten="230,250,270,250" oya="1" hai0="86,111,134,126,1,112,6,104,130,47,28,11,80" hai1="27,57,65,73,113,12,24,135,15,102,50,49,53" hai2="62,76,54,59,109,10,127,4,45,74,77,72,133" hai3="34,93,38,17,85,68,33,79,42,31,115,7,98"/><U81/><E113/><V61/><F133/><W100/><G115/><T3/><D112/><U40/><E135/><V44/><F109/><W129/><G68/><T35/><D134/><U19/><E102/><V90/><F127/><W91/><G129/><T13/><D111/><U89/><E65/><V78/><F90/><W23/><G31/><T9/><D130/><U0/><E0/><V51/><F61/><W75/><G7/><T83/><D126/><U39/><E39/><V131/><F131/><W16/><G17/><T117/><D117/><U105/><E105/><V58/><F58/><W118/><G42/><T116/><D116/><U122/><E122/><V123/><F123/><W94/><G38/><T67/><D104/><U25/><E73/><V43/><REACH who="2" step="1"/><F45/><REACH who="2" ten="230,250,260,250" step="2"/><W41/><G118/><T99/><D47/><N who="1" m="25831" /><E19/><V36/><F36/><W119/><G119/><T87/><D6/><U48/><E48/><V108/><F108/><W97/><G16/><T29/><D35/><U121/><E121/><V37/><F37/><W21/><G34/><T69/><D69/><U14/><E89/><V63/><F63/><W110/><G33/><T18/><D18/><U106/><E106/><V26/><F26/><W66/><G110/><T88/><D88/><U46/><E46/><V70/><F70/><W120/><G120/><T30/><D30/><U20/><E20/><V96/><F96/><W22/><G98/><T103/><D99/><U84/><E27/><V128/><F128/><W92/><G92/><T114/><D114/><U82/><E82/><V64/><F64/><W107/><G107/><RYUUKYOKU ba="0,1" sc="230,-15,250,15,260,15,250,-15" hai1="12,14,15,24,25,50,53,57,81,84" hai2="4,10,43,44,51,54,59,62,72,74,76,77,78" /><INIT seed="1,1,1,5,1,55" ten="215,265,275,235" oya="1" hai0="2,45,86,35,114,15,98,34,102,32,72,112,92" hai1="64,48,39,43,67,18,133,127,135,1,119,116,118" hai2="44,65,84,5,74,82,77,129,22,9,57,36,33" hai3="16,81,70,78,88,95,6,120,134,111,50,11,124"/><U79/><E1/><V117/><F117/><W71/><G120/><T69/><D2/><U29/><E29/><V123/><F123/><W94/><G94/><T8/><D69/><U3/><E3/><N who="2" m="191" /><F22/><W12/><G111/><T101/><D72/><U24/><E79/><V56/><F65/><W89/><G89/><T76/><D102/><U17/><E39/><V121/><F121/><W128/><G128/><T104/><D45/><N who="1" m="25663" /><E24/><V96/><F33/><W93/><G93/><T4/><REACH who="0" step="1"/><D76/><REACH who="0" ten="205,265,275,235" step="2"/><U85/><E119/><V27/><F129/><W108/><G71/><T60/><D60/><U61/><E118/><V53/><F96/><W131/><G131/><T20/><D20/><U14/><E116/><V46/><F84/><W62/><G78/><T28/><D28/><U26/><E85/><V0/><F0/><W87/><G87/><T52/><D52/><U40/><E67/><V80/><F80/><W21/><G81/><T23/><D23/><U63/><E64/><V109/><F109/><W49/><G108/><T66/><D66/><U130/><E130/><V68/><F68/><W126/><G70/><T31/><D31/><U107/><E40/><N who="2" m="22535" /><F27/><W100/><G21/><T125/><D125/><U58/><E127/><V19/><F46/><W97/><G126/><T59/><D59/><N who="2" m="22602" /><F53/><W54/><G124/><T113/><D113/><U25/><E25/><V90/><F90/><AGARI ba="1,2" hai="4,8,15,32,34,35,86,90,92,98,101,104,112,114" machi="90" ten="40,1300,0" yaku="1,1,53,0" doraHai="55" doraHaiUra="105" who="0" fromWho="2" sc="205,36,265,0,275,-16,235,0" /><INIT seed="2,0,0,3,5,67" ten="241,265,259,235" oya="2" hai0="45,77,130,117,115,104,128,73,122,82,59,119,1" hai1="64,37,70,35,105,68,124,111,79,98,23,62,2" hai2="54,92,107,44,129,121,28,102,95,13,30,32,36" hai3="8,19,80,48,21,58,5,20,69,42,40,56,3"/><V41/><F129/><W106/><G106/><T99/><D1/><U63/><E79/><V133/><F133/><W9/><G80/><T47/><D122/><U53/><E35/><V55/><F121/><W88/><G69/><T86/><D115/><U87/><E37/><V11/><F107/><W116/><G116/><N who="0" m="44619" /><D59/><U18/><E2/><V26/><F30/><W34/><G34/><T10/><D10/><U93/><E105/><V39/><F39/><W31/><G31/><T12/><D12/><U110/><E124/><V91/><F102/><W75/><G75/><T52/><D73/><U109/><E87/><V134/><F134/><W97/><G9/><T126/><D126/><U103/><E53/><V43/><F43/><W15/><G21/><T27/><D27/><U24/><E63/><V14/><F14/><W7/><G7/><T84/><D84/><U132/><E132/><V78/><F78/><W16/><G19/><T90/><D52/><U65/><E65/><V118/><F92/><W85/><G97/><T57/><D57/><AGARI ba="0,0" hai="18,23,24,57,62,64,68,70,93,98,103,109,110,111" machi="57" ten="40,5200,0" yaku="14,1,52,2" doraHai="67" who="1" fromWho="0" sc="241,-52,265,52,259,0,235,0" /><INIT seed="3,0,0,2,1,80" ten="189,317,259,235" oya="3" hai0="133,110,31,64,101,49,118,2,95,11,46,79,98" hai1="67,90,21,82,120,135,3,15,128,71,85,111,13" hai2="53,42,5,28,54,84,105,20,0,50,99,7,47" hai3="33,87,100,56,83,58,70,96,127,116,69,19,6"/><W66/><G116/><T23/><D118/><U44/><E120/><V4/><F0/><W76/><G33/><T88/><D110/><U92/><E3/><V115/><F115/><W123/><G123/><T81/><D133/><U40/><E111/><V94/><F105/><W35/><G35/><T32/><D32/><U25/><E135/><V104/><F104/><W132/><G6/><T89/><D64/><U60/><E128/><V78/><F28/><W62/><G127/><T22/><D2/><U52/><E40/><V41/><F20/><W119/><G119/><T34/><D11/><U108/><E108/><V10/><F42/><W121/><G121/><T27/><D22/><U107/><E107/><V126/><F126/><W117/><G117/><T12/><D12/><U122/><E122/><V68/><F68/><W63/><G19/><T112/><D112/><U8/><E92/><V129/><F129/><W93/><REACH who="3" step="1"/><G132/><REACH who="3" ten="189,317,259,225" step="2"/><T18/><D18/><U74/><E8/><V131/><F131/><W124/><G124/><T16/><D34/><U113/><E113/><V9/><F9/><W134/><G134/><T130/><D130/><U103/><E71/><V75/><F10/><W39/><G39/><T114/><D114/><U72/><E72/><V73/><F75/><W55/><AGARI ba="0,1" hai="55,56,58,62,63,66,69,70,76,83,87,93,96,100" machi="55" ten="20,12000,1" yaku="1,1,0,1,7,1,52,1,53,1" doraHai="80" doraHaiUra="91" who="3" fromWho="3" sc="189,-40,317,-40,259,-40,225,130" /><INIT seed="3,1,0,5,2,34" ten="149,277,219,355" oya="3" hai0="135,106,94,123,9,4,1,70,15,19,55,45,20" hai1="62,124,26,58,21,127,93,38,79,91,8,80,115" hai2="37,134,49,74,12,105,111,14,25,118,98,85,6" hai3="112,17,87,129,46,13,83,3,50,7,119,76,66"/><W96/><G112/><T101/><D123/><U122/><E122/><V51/><F111/><W130/><G119/><T5/><D5/><U72/><E115/><V107/><F6/><W54/><G66/><T125/><D70/><U52/><E38/><V117/><F37/><W61/><G61/><T103/><D135/><U120/><E120/><V27/><F85/><W128/><G96/><T90/><D106/><U24/><E8/><V2/><F98/><W65/><G65/><T78/><D78/><U84/><REACH who="1" step="1"/><E21/><REACH who="1" ten="149,267,219,355" step="2"/><V69/><F134/><W88/><G7/><T108/><D108/><U48/><E48/><V92/><F69/><W67/><G67/><T114/><D114/><U73/><E73/><V104/><F74/><W99/><G130/><T63/><D125/><AGARI ba="1,1" hai="24,26,52,58,62,72,79,80,84,91,93,124,125,127" machi="125" ten="40,8000,1" yaku="1,1,18,1,54,1,53,2" doraHai="34" doraHaiUra="23" who="1" fromWho="0" sc="149,-83,267,93,219,0,355,0" /><INIT seed="4,0,0,1,4,37" ten="66,360,219,355" oya="0" hai0="89,135,30,114,77,103,79,11,31,104,118,69,107" hai1="6,105,112,90,95,48,93,13,5,50,65,4,32" hai2="102,17,96,58,85,99,12,127,8,15,1,2,7" hai3="132,74,42,53,10,111,51,71,73,98,116,55,70"/><T119/><D114/><U86/><E105/><V121/><F121/><W44/><G98/><T97/><D135/><U84/><E32/><V128/><F128/><W80/><G80/><T45/><D11/><U52/><E65/><V108/><F108/><W82/><G82/><T0/><D45/><U27/><E112/><V101/><F85/><W43/><G10/><T130/><D130/><U38/><E38/><V16/><F7/><W75/><G111/><T33/><D89/><U39/><E39/><V81/><F81/><W26/><G116/><T29/><D0/><U91/><E27/><V64/><F127/><W115/><G115/><T47/><D47/><U76/><E76/><V20/><F64/><W110/><G110/><T62/><D62/><U106/><E106/><V34/><F34/><W59/><G26/><T126/><D126/><U129/><E129/><V18/><F18/><W131/><G132/><T87/><D30/><U19/><REACH who="1" step="1"/><E52/><REACH who="1" ten="66,350,219,355" step="2"/><V54/><F102/><W56/><G131/><T21/><D33/><U24/><E24/><V92/><REACH who="2" step="1"/><F99/><REACH who="2" ten="66,350,209,355" step="2"/><W61/><G75/><T40/><D97/><U35/><E35/><V66/><F66/><N who="3" m="39207" /><G74/><T100/><D87/><U78/><E78/><V134/><F134/><W14/><G73/><T123/><D123/><U41/><E41/><N who="3" m="15370" /><G14/><T67/><D67/><U120/><E120/><V125/><F125/><W25/><G25/><T88/><D40/><U46/><E46/><V109/><F109/><W133/><G133/><T49/><D119/><U3/><E3/><V28/><F28/><W72/><G72/><T83/><D118/><RYUUKYOKU ba="0,2" sc="66,-30,350,10,209,10,355,10" hai1="4,5,6,13,19,48,50,84,86,90,91,93,95" hai2="1,2,8,12,15,16,17,20,54,58,92,96,101" hai3="44,51,53,55,59,70,71" /><INIT seed="5,1,2,3,0,74" ten="36,360,219,365" oya="1" hai0="91,35,16,55,65,4,79,125,3,48,110,68,75" hai1="26,84,17,19,20,40,111,13,122,131,25,93,46" hai2="32,96,128,63,88,60,86,112,92,1,5,50,45" hai3="103,27,70,89,108,24,69,133,8,117,120,118,94"/><U104/><E104/><V114/><F128/><W95/><G108/><T7/><D110/><U62/><E122/><V36/><F32/><W126/><G120/><T43/><D35/><U135/><E111/><V12/><F36/><W73/><G73/><T97/><D125/><U83/><E131/><V81/><F1/><W90/><G8/><T78/><D75/><U101/><E135/><V116/><F116/><N who="3" m="44651" /><G103/><T0/><D3/><U80/><E62/><V53/><F12/><W72/><G72/><T107/><D0/><U115/><E115/><N who="2" m="44075" /><F5/><N who="0" m="2122" /><D68/><N who="3" m="26217" /><G133/><T52/><D65/><U6/><E6/><V132/><F132/><W130/><G126/><T109/><D107/><U42/><E46/><V34/><F34/><W99/><G130/><T76/><D109/><U85/><E101/><AGARI ba="1,2" hai="45,50,53,60,63,81,86,88,92,96,101" m="44075" machi="101" ten="30,3900,0" yaku="15,1,11,1,54,1" doraHai="74" who="2" fromWho="1" sc="36,0,360,-42,219,62,365,0" /><INIT seed="6,0,0,1,0,48" ten="36,318,281,365" oya="2" hai0="79,107,30,119,92,99,91,85,44,67,16,7,65" hai1="37,6,70,114,117,83,77,49,31,131,66,74,78" hai2="122,52,58,60,130,76,93,23,36,9,115,105,84" hai3="24,42,5,2,50,111,41,46,68,4,3,25,126"/><V43/><F122/><W32/><G111/><T118/><D7/><U82/><E117/><V129/><F105/><W104/><G104/><T94/><D30/><U127/><E114/><V59/><F115/><W56/><G56/><T96/><D16/><U110/><E37/><V15/><F23/><W90/><G90/><T29/><D29/><U61/><E110/><V11/><F11/><W40/><G68/><T27/><D27/><U75/><E6/><V55/><F43/><W133/><G133/><T88/><D44/><U71/><E31/><V121/><F36/><W69/><G69/><T63/><D65/><U64/><E49/><N who="2" m="30991" /><F121/><W28/><G126/><T53/><D53/><U103/><E103/><V73/><F73/><W132/><G132/><T98/><D63/><U10/><E10/><V134/><F134/><W45/><G42/><T0/><D67/><U125/><E131/><N who="2" m="50187" /><F93/><N who="0" m="35946" /><D0/><U13/><E13/><V89/><F76/><W51/><G28/><T57/><D57/><U35/><E35/><AGARI ba="0,0" hai="2,3,4,5,24,25,32,35,40,41,45,46,50,51" machi="35" ten="25,1600,0" yaku="22,2" doraHai="48" who="3" fromWho="1" sc="36,0,318,-16,281,0,365,16" /><INIT seed="7,0,0,2,3,50" ten="36,302,281,381" oya="3" hai0="115,122,77,36,79,124,59,93,28,54,61,13,90" hai1="131,35,102,44,80,17,64,49,9,16,56,135,116" hai2="8,98,132,25,22,128,43,130,74,81,27,46,92" hai3="88,12,73,113,33,39,71,4,26,45,134,40,112"/><W87/><G73/><T0/><D0/><U67/><E116/><V94/><F8/><W89/><G71/><T19/><D122/><U48/><E35/><V11/><F11/><N who="3" m="4199" /><G134/><T10/><D36/><U111/><E111/><V5/><F5/><W97/><G97/><T85/><D124/><U104/><E135/><V58/><F132/><W42/><G42/><T41/><D115/><N who="3" m="44105" /><G87/><T107/><D107/><U78/><E104/><V108/><F108/><W3/><G3/><T82/><D41/><U109/><E109/><V15/><F15/><W126/><G126/><T20/><D28/><AGARI ba="0,0" hai="26,28,33,39,40,45,88,89" m="44105,4199" machi="28" ten="30,2900,0" yaku="15,1,54,1" doraHai="50" who="3" fromWho="0" sc="36,-29,302,0,281,0,381,29" owari="7,-49.0,302,10.0,281,-12.0,410,51.0" /></mjloggm>