<mjloggm ver="2.3"><GO type="41" lobby="0"/><UN n0="%E2%93%9D%53%75%70%68%78" n1="%E7%A5%9E%E7%A0%82%E5%B5%90" n2="%E3%82%AB%E3%83%97%E3%83%81%E3%83%BC%E3%83%8E%E2%98%85" n3="%E3%82%82%E3%81%93%E2%97%AF" dan="17,15,14,15" rate="2070.59,1981.69,1957.25,2017.45" sx="M,M,M,M"/><TAIKYOKU oya="0"/><INIT seed="0,0,0,3,2,117" ten="250,250,250,250" oya="0" hai0="92,59,6,5,7,123,48,0,78,115,55,33,122" hai1="73,113,133,8,75,29,47,108,16,79,121,105,26" hai2="83,106,30,52,11,66,90,10,27,87,129,58,94" hai3="95,109,120,64,50,31,43,34,118,69,41,18,93"/><T126/><D115/><U74/><E105/><V80/><F106/><W124/><G118/><T23/><D33/><U132/><E108/><V135/><F66/><W13/><G109/><T100/><D0/><U2/><E113/><V67/><F67/><W119/><G119/><T42/><D126/><U110/><E110/><V14/><F129/><W91/><G95/><T63/><D78/><U17/><E47/><V125/><F125/><W114/><G50/><T49/><D23/><U130/><E130/><V99/><F135/><N who="1" m="51785" /><E79/><V103/><F80/><W77/><G77/><T101/><D48/><U131/><E131/><V44/><F44/><W32/><G32/><T68/><D42/><U9/><E121/><V96/><F96/><W84/><G120/><T57/><D68/><U104/><E104/><V51/><REACH who="2" step="1"/><F14/><REACH who="2" ten="250,250,240,250" step="2"/><W62/><G124/><T98/><REACH who="0" step="1"/><D100/><REACH who="0" ten="240,250,240,250" step="2"/><U85/><E2/><V45/><F45/><W107/><G69/><T22/><D22/><AGARI ba="0,2" hai="10,11,22,27,30,51,52,58,83,87,90,94,99,103" machi="22" ten="30,7700,0" yaku="1,1,7,1,8,1,54,1,53,0" doraHai="117" doraHaiUra="3" who="2" fromWho="0" sc="240,-77,250,0,240,97,250,0" /><INIT seed="1,0,0,3,1,72" ten="163,250,337,250" oya="1" hai0="27,23,103,30,47,123,57,53,122,3,5,28,89" hai1="40,1,18,11,120,134,50,95,128,113,46,69,49" hai2="10,52,107,91,74,81,65,29,70,59,77,90,124" hai3="14,115,106,20,21,16,108,22,44,94,62,118,39"/><U2/><E120/><N who="0" m="46121" /><D103/><U71/><E113/><V109/><F107/><W63/><G115/><T110/><D47/><U100/><E128/><V24/><F109/><W76/><G106/><T125/><D89/><U117/><E117/><V105/><F105/><W51/><G39/><T98/><D98/><U83/><E134/><V33/><F124/><W48/><G108/><T34/><D53/><U4/><E1/><V126/><F126/><W8/><G118/><T42/><D57/><U31/><E31/><V119/><F119/><W121/><G121/><T41/><D125/><U37/><E83/><V86/><F10/><W99/><G76/><T66/><D66/><U84/><E18/><V61/><REACH who="2" step="1"/><F74/><REACH who="2" ten="163,250,327,250" step="2"/><W54/><REACH who="3" step="1"/><G51/><AGARI ba="0,1" hai="24,29,33,51,52,59,61,65,70,77,81,86,90,91" machi="51" ten="30,12000,2" yaku="1,1,2,1,7,1,52,1,54,1,53,2" doraHai="72" doraHaiUra="85" who="2" fromWho="3" sc="163,0,250,0,327,130,250,-120" /><INIT seed="2,0,0,4,5,8" ten="163,250,457,130" oya="2" hai0="119,133,59,30,109,108,63,61,113,41,35,4,96" hai1="107,38,12,1,106,114,89,105,36,121,31,65,74" hai2="81,16,103,125,19,14,44,92,127,77,62,115,33" hai3="48,85,49,117,7,23,5,76,98,45,66,0,46"/><V68/><F33/><W60/><G117/><T112/><D4/><U29/><E114/><N who="0" m="44137" /><D96/><U118/><E118/><V86/><F115/><W22/><G98/><T28/><D119/><U40/><E74/><V64/><F44/><W17/><G0/><T73/><D73/><U116/><E116/><V51/><F51/><W24/><G76/><T102/><D35/><U32/><E1/><V75/><F19/><W123/><G123/><T42/><D59/><U54/><E121/><V26/><F26/><W27/><G85/><T20/><D20/><U99/><E65/><V91/><REACH who="2" step="1"/><F103/><REACH who="2" ten="163,250,447,130" step="2"/><W25/><G25/><T15/><D102/><U87/><E32/><V50/><F50/><W93/><G46/><T79/><D30/><U128/><E31/><V134/><F134/><W58/><G48/><T21/><D28/><U130/><E29/><V9/><AGARI ba="0,1" hai="9,14,16,62,64,68,75,77,81,86,91,92,125,127" machi="9" ten="30,11700,0" yaku="1,1,0,1,52,1,54,1,53,0" doraHai="8" doraHaiUra="37" who="2" fromWho="2" sc="163,-39,250,-39,447,127,130,-39" /><INIT seed="2,1,0,1,0,36" ten="124,211,574,91" oya="2" hai0="73,25,103,98,4,106,26,34,32,126,64,45,24" hai1="66,31,10,121,91,14,38,129,47,71,118,99,33" hai2="42,41,111,100,35,62,114,88,2,16,93,74,57" hai3="112,59,15,28,82,22,53,54,76,61,40,17,27"/><V56/><F114/><W23/><G112/><T81/><D126/><U55/><E118/><V132/><F35/><W109/><G109/><T30/><D4/><U113/><E113/><V19/><F2/><W108/><G108/><T92/><D64/><U21/><E129/><V84/><F111/><W86/><REACH who="3" step="1"/><G40/><REACH who="3" ten="124,211,574,81" step="2"/><N who="2" m="15465" /><F74/><W79/><G79/><T0/><D73/><U116/><E116/><V3/><F3/><W1/><G1/><T135/><D0/><U9/><E121/><V49/><F132/><W85/><G85/><T60/><D135/><U11/><E99/><V101/><F49/><W95/><G95/><T75/><D92/><U133/><E38/><V107/><F107/><W131/><G131/><T87/><D75/><U69/><E133/><V125/><F125/><W78/><G78/><T20/><D106/><U77/><E77/><V119/><F119/><W5/><G5/><T89/><D34/><U48/><E33/><V18/><F56/><W122/><G122/><T90/><D32/><U102/><E71/><V110/><F110/><W6/><G6/><T29/><D87/><U68/><E69/><V52/><AGARI ba="1,1" hai="16,18,19,52,57,62,84,88,93,100,101" m="15465" machi="52" ten="30,18000,2" yaku="8,1,52,3,54,3" doraHai="36" who="2" fromWho="2" sc="124,-61,211,-61,574,193,81,-61" /><INIT seed="2,2,0,5,0,5" ten="63,150,767,20" oya="2" hai0="74,12,91,90,104,24,18,36,79,132,54,103,16" hai1="87,115,65,67,113,10,23,127,88,130,38,66,40" hai2="46,129,81,92,25,98,107,34,28,29,41,124,22" hai3="94,106,62,82,6,45,7,52,125,37,21,126,112"/><V58/><F124/><N who="3" m="47723" /><G106/><T3/><D3/><U116/><E127/><V93/><F129/><W43/><G112/><T14/><D36/><U15/><E116/><V60/><F107/><W131/><G131/><T27/><D104/><U118/><E130/><V35/><F81/><W71/><G94/><T121/><D79/><U102/><E118/><V114/><F114/><W110/><G110/><T99/><D54/><U8/><E102/><V39/><F29/><W64/><G21/><T48/><D48/><U69/><E69/><V101/><REACH who="2" step="1"/><F92/><REACH who="2" ten="63,150,757,20" step="2"/><W42/><G82/><T76/><D74/><U19/><E115/><V2/><F2/><W97/><G97/><T135/><D99/><U9/><E113/><V84/><F84/><W120/><G120/><T86/><D86/><U0/><E0/><V33/><F33/><W51/><G42/><T111/><D121/><U119/><E119/><V4/><F4/><W68/><G68/><T63/><D111/><U57/><E40/><V26/><F26/><W95/><G95/><T77/><D103/><U56/><E38/><V109/><F109/><W117/><G117/><T128/><D128/><U53/><E53/><AGARI ba="2,1" hai="22,25,28,34,35,39,41,46,53,58,60,93,98,101" machi="53" ten="30,11600,0" yaku="1,1,7,1,53,2" doraHai="5" doraHaiUra="31" who="2" fromWho="1" sc="63,0,150,-122,757,132,20,0" /><INIT seed="2,3,0,3,0,122" ten="63,28,889,20" oya="2" hai0="121,70,1,59,61,97,75,86,76,18,53,68,48" hai1="11,90,81,63,51,113,106,73,129,119,118,33,38" hai2="134,83,32,19,99,78,92,3,25,89,10,79,4" hai3="54,135,47,31,6,35,123,114,62,133,39,128,74"/><V67/><F134/><N who="3" m="51211" /><G123/><T103/><D1/><U117/><E38/><V104/><F67/><W72/><G128/><T2/><D75/><U20/><E33/><V50/><F104/><W8/><G114/><T82/><D2/><U64/><E106/><V91/><F50/><N who="3" m="29023" /><G39/><T77/><D77/><U124/><E113/><V14/><F89/><W16/><G16/><T43/><D18/><U100/><E129/><V9/><REACH who="2" step="1"/><F83/><REACH who="2" ten="63,28,879,20" step="2"/><W36/><G36/><T80/><D82/><U96/><E81/><V15/><F15/><N who="3" m="5527" /><G62/><T66/><D121/><U24/><E119/><V42/><F42/><W84/><G84/><T102/><D43/><U65/><E51/><V95/><F95/><W0/><G0/><T107/><D103/><U12/><E118/><V88/><F88/><W30/><G30/><AGARI ba="3,1" hai="3,4,9,10,14,19,25,30,32,78,79,91,92,99" machi="30" ten="40,2000,0" yaku="1,1,53,0" doraHai="122" doraHaiUra="55" who="2" fromWho="3" sc="63,0,28,0,879,39,20,-29" owari="63,-14.0,28,-37.0,918,102.0,-9,-51.0" /></mjloggm>