<mjloggm ver="2.3"><GO type="41" lobby="0"/><UN n0="%6B%61%7A%75%2D%30%31%34" n1="%E2%93%9D%53%75%70%68%78" n2="%E3%81%BE%E3%82%82%E3%81%A3%E3%81%8F%E3%81%99" n3="%E3%83%9C%E3%83%BC%E3%83%88%E3%83%94%E3%82%A2" dan="15,18,14,15" rate="1979.97,2085.64,1910.03,1964.84" sx="M,M,M,M"/><TAIKYOKU oya="0"/><INIT seed="0,0,0,4,0,106" ten="250,250,250,250" oya="0" hai0="36,118,81,44,52,129,123,95,124,7,111,1,41" hai1="10,53,74,97,89,102,120,104,4,39,94,66,13" hai2="105,133,100,71,28,121,5,125,88,56,93,135,18" hai3="62,96,24,19,132,30,23,55,112,76,3,126,22"/><T63/><D123/><U79/><E120/><V103/><F71/><W47/><G132/><N who="2" m="50761" /><F125/><W17/><G126/><T46/><D129/><U80/><E53/><V92/><F28/><W14/><G112/><T128/><D118/><U45/><E66/><V73/><F73/><W35/><G3/><T58/><D128/><U108/><E108/><V115/><F115/><W114/><G114/><T0/><D111/><U42/><REACH who="1" step="1"/><E104/><REACH who="1" ten="250,240,250,250" step="2"/><V48/><F105/><W6/><G55/><T37/><D124/><U59/><E59/><V117/><F117/><W29/><G47/><T91/><D7/><U49/><E49/><V15/><F5/><W20/><G6/><T83/><D1/><U70/><E70/><V33/><F56/><W87/><G35/><T127/><D0/><U122/><E122/><V16/><F48/><W85/><G30/><T38/><D127/><U90/><AGARI ba="0,1" hai="4,10,13,39,42,45,74,79,80,89,90,94,97,102" machi="90" ten="30,4000,0" yaku="1,1,0,1,52,1,53,0" doraHai="106" doraHaiUra="61" who="1" fromWho="1" sc="250,-20,240,50,250,-10,250,-10" /><INIT seed="1,0,0,0,3,46" ten="230,290,240,240" oya="1" hai0="8,81,50,16,66,83,47,88,6,30,82,60,72" hai1="135,41,43,52,116,14,32,69,23,75,12,117,122" hai2="27,7,48,18,100,51,105,114,91,1,93,31,59" hai3="21,45,15,124,76,134,125,36,33,118,61,35,63"/><U112/><E75/><V131/><F131/><W111/><G76/><T25/><D72/><U85/><E32/><V121/><F121/><W123/><G123/><T128/><D128/><U4/><E122/><V0/><F105/><W29/><G134/><T106/><D106/><U102/><E69/><V56/><F100/><W73/><G73/><T3/><D60/><N who="3" m="23113" /><G111/><T22/><D66/><U64/><E112/><V132/><F132/><W11/><G21/><T90/><REACH who="0" step="1"/><D30/><REACH who="0" ten="220,290,240,240" step="2"/><U101/><E64/><V129/><F31/><W94/><G29/><T5/><D5/><U87/><E135/><V71/><F114/><W86/><G125/><T126/><D126/><U26/><E4/><V119/><F7/><W95/><G124/><T103/><D103/><U113/><E113/><V74/><F129/><W20/><G118/><T39/><D39/><U62/><E62/><V77/><F74/><W9/><G36/><T89/><D89/><U79/><E79/><V57/><F91/><W104/><G104/><T38/><D38/><U17/><E117/><V24/><F77/><W108/><G108/><T133/><D133/><U68/><E116/><V42/><F119/><W98/><G35/><T97/><D97/><U92/><E102/><V54/><F71/><W130/><G33/><T127/><D127/><U80/><E101/><V10/><F18/><N who="3" m="10335" /><G130/><T58/><D58/><U55/><E68/><V40/><F57/><W107/><G107/><T49/><D49/><U37/><E37/><V53/><F93/><W84/><G95/><T99/><D99/><U65/><E92/><V34/><F34/><RYUUKYOKU ba="0,1" sc="220,15,290,-15,240,15,240,-15" hai0="3,6,8,16,22,25,47,50,81,82,83,88,90" hai2="0,1,10,24,27,40,42,48,51,53,54,56,59" /><INIT seed="2,1,1,0,1,129" ten="235,275,255,225" oya="2" hai0="98,8,124,83,75,123,7,41,12,3,56,23,81" hai1="29,39,34,10,127,28,71,57,21,103,44,67,16" hai2="116,27,2,119,86,63,49,105,104,0,132,91,106" hai3="42,22,66,35,95,68,53,109,94,85,134,37,72"/><V1/><F63/><W84/><G35/><T54/><D123/><U74/><E74/><V114/><F114/><W99/><G72/><T64/><D64/><U88/><E71/><V55/><F27/><W51/><G109/><T14/><D41/><U92/><E103/><V36/><F36/><W102/><G95/><T93/><D75/><U101/><E101/><V65/><F65/><W125/><G125/><T40/><D40/><U100/><E100/><V111/><F132/><W24/><G134/><T120/><D3/><U96/><E34/><V20/><F20/><W61/><G42/><T107/><D107/><U31/><E127/><V5/><F5/><W130/><G37/><T62/><D120/><U50/><E10/><V48/><F111/><W108/><G130/><T87/><D98/><U89/><E39/><V60/><F60/><W43/><G43/><T46/><D46/><U122/><E122/><V131/><F131/><W25/><G25/><T82/><D124/><U59/><E89/><V19/><F19/><W52/><G53/><T135/><D135/><U97/><E97/><V26/><F26/><W79/><G79/><N who="0" m="46527" /><D93/><U126/><E67/><V121/><F121/><W76/><G76/><T90/><D90/><U128/><E128/><V45/><REACH who="2" step="1"/><F49/><REACH who="2" ten="235,275,245,225" step="2"/><W118/><G108/><T115/><D115/><U47/><E126/><V17/><F17/><AGARI ba="1,2" hai="7,8,12,14,17,23,54,56,62,82,83" m="46527" machi="17" ten="30,1000,0" yaku="8,1" doraHai="129" who="0" fromWho="2" sc="235,33,275,0,245,-13,225,0" /><INIT seed="3,0,0,4,4,2" ten="268,275,232,225" oya="3" hai0="99,24,3,75,61,104,13,5,128,15,126,135,28" hai1="106,0,96,64,42,129,4,45,78,10,54,102,29" hai2="131,22,86,19,119,79,47,18,67,49,115,53,116" hai3="82,68,74,33,91,72,60,121,40,113,1,133,112"/><W21/><G33/><T56/><D75/><U87/><E129/><V76/><F131/><W107/><G121/><T30/><D128/><U114/><E114/><V44/><F115/><W36/><G91/><T92/><D104/><U41/><E64/><V48/><F67/><N who="3" m="41063" /><G21/><T62/><D3/><U46/><E29/><V83/><F79/><N who="3" m="44391" /><G74/><T12/><D28/><U55/><E78/><V122/><F122/><W101/><G133/><T93/><D135/><U108/><E87/><V105/><F105/><W59/><G59/><T8/><D62/><U80/><E80/><V43/><REACH who="2" step="1"/><F18/><REACH who="2" ten="268,275,222,225" step="2"/><W7/><G107/><T69/><D69/><U31/><E106/><V35/><F35/><W130/><G130/><T37/><D30/><U118/><E31/><V132/><F132/><W109/><G109/><T9/><D93/><U84/><E108/><V20/><F20/><W117/><G117/><T81/><D92/><U34/><E118/><V11/><F11/><N who="3" m="2543" /><G101/><T98/><D9/><U57/><E34/><V100/><F100/><W73/><G73/><T27/><D8/><U70/><E102/><V127/><F127/><W90/><G90/><T51/><D126/><U89/><E89/><V125/><F125/><W63/><G63/><T38/><D61/><U77/><E70/><V32/><F32/><W17/><G17/><T85/><D81/><U25/><E77/><V111/><F111/><W123/><G123/><T23/><D23/><U26/><E10/><V124/><F124/><W66/><G66/><T95/><D95/><U52/><E0/><V14/><AGARI ba="0,1" hai="14,19,22,43,44,47,48,49,53,76,83,86,116,119" machi="14" ten="20,2700,0" yaku="1,1,0,1,7,1,53,0" doraHai="2" doraHaiUra="6" who="2" fromWho="2" sc="268,-7,275,-7,222,37,225,-13" /><INIT seed="4,0,0,5,1,31" ten="261,268,259,212" oya="0" hai0="81,50,48,92,6,54,99,39,55,22,112,98,113" hai1="45,97,67,104,37,78,43,4,120,127,12,71,135" hai2="36,16,15,46,19,70,7,101,17,128,2,116,115" hai3="82,10,106,95,62,63,18,69,75,61,60,114,109"/><T103/><D39/><U130/><E120/><V27/><F70/><W91/><G109/><T93/><D81/><U13/><E127/><V107/><F107/><W56/><G106/><T80/><D80/><U30/><E135/><V84/><F84/><W119/><G119/><T124/><D22/><U23/><E130/><V24/><F101/><W76/><G114/><T29/><D29/><U96/><E78/><V51/><F36/><W118/><G118/><T131/><D6/><U79/><E79/><V25/><F116/><W134/><G134/><T34/><D124/><U47/><E47/><V33/><F2/><W122/><G122/><T66/><D66/><U88/><E67/><V74/><F74/><W9/><G69/><T26/><D26/><U44/><E44/><V133/><F133/><W49/><G49/><T89/><D131/><U72/><E72/><V126/><F126/><W35/><G35/><T58/><D34/><U83/><E71/><V87/><F87/><W3/><G3/><T123/><D123/><U20/><E83/><V73/><F73/><W85/><REACH who="3" step="1"/><G18/><REACH who="3" ten="261,268,259,202" step="2"/><N who="2" m="6665" /><F33/><W64/><AGARI ba="0,1" hai="9,10,56,60,61,62,63,64,75,76,82,85,91,95" machi="64" ten="30,2000,0" yaku="1,1,0,1,53,0" doraHai="31" doraHaiUra="129" who="3" fromWho="3" sc="261,-10,268,-5,259,-5,202,30" /><INIT seed="5,0,0,5,4,63" ten="251,263,254,232" oya="1" hai0="131,115,24,22,78,87,20,44,81,108,7,106,61" hai1="31,10,1,112,119,120,5,65,32,102,133,109,55" hai2="38,37,126,60,125,75,80,110,3,77,86,124,64" hai3="39,100,59,97,68,15,52,76,128,85,62,73,27"/><U21/><E119/><V111/><F86/><W103/><G128/><T135/><D131/><U67/><E120/><V46/><F3/><W54/><G68/><T0/><D106/><U70/><E70/><V2/><F2/><W83/><G39/><T88/><D108/><N who="2" m="41514" /><F46/><W104/><G103/><T34/><D34/><U33/><E133/><V91/><F91/><W49/><G15/><T47/><D0/><U89/><E112/><V92/><F92/><W42/><G42/><T45/><D7/><U107/><E89/><V84/><F84/><W50/><G54/><T98/><D115/><U51/><E109/><V130/><F130/><W101/><G101/><T53/><D135/><U129/><E129/><V6/><F6/><W8/><G8/><T29/><D22/><U127/><E33/><V56/><AGARI ba="0,0" hai="37,38,56,60,64,75,77,80,124,125,126" m="41514" machi="56" ten="40,2700,0" yaku="18,1,52,1" doraHai="63" who="2" fromWho="2" sc="251,-7,263,-13,254,27,232,-7" /><INIT seed="6,0,0,2,4,9" ten="244,250,281,225" oya="2" hai0="81,38,132,49,90,94,72,101,87,54,4,124,76" hai1="32,53,21,63,46,23,69,26,106,115,13,0,22" hai2="70,37,134,75,130,56,102,121,83,14,51,2,35" hai3="59,133,28,24,42,64,126,88,19,86,113,112,92"/><V95/><F2/><W111/><G111/><T135/><D38/><U62/><E106/><V100/><F70/><W65/><G133/><N who="0" m="51275" /><D54/><U118/><E0/><V109/><F35/><W104/><G126/><T98/><D49/><U131/><E115/><N who="3" m="44106" /><G104/><N who="0" m="63543" /><D4/><U79/><E131/><V29/><F29/><W3/><G42/><T17/><D17/><U12/><E118/><V16/><F37/><W50/><G19/><T8/><D8/><U107/><E107/><V45/><F109/><W36/><G36/><T47/><D47/><U33/><E46/><V127/><F127/><AGARI ba="0,0" hai="72,76,81,87,90,94,124,127" m="63543,51275" machi="127" ten="30,7700,0" yaku="24,1,20,1,34,2" doraHai="9" who="0" fromWho="2" sc="244,77,250,0,281,-77,225,0" /><INIT seed="7,0,0,5,5,89" ten="321,250,204,225" oya="3" hai0="15,103,43,4,81,124,130,93,60,134,41,63,16" hai1="13,113,105,0,87,88,118,55,129,91,7,19,44" hai2="49,104,24,46,37,25,14,64,51,112,119,123,1" hai3="114,10,82,12,47,54,11,86,2,27,62,111,102"/><W117/><G114/><T135/><D130/><U85/><E105/><V48/><F104/><W21/><G117/><T32/><D124/><U68/><E68/><V99/><F119/><W57/><G111/><T72/><D4/><U31/><E31/><V45/><F123/><W92/><G2/><T84/><D72/><U42/><E129/><V5/><F112/><W29/><G47/><T77/><D32/><U70/><E70/><V127/><F127/><W101/><G92/><T9/><D93/><N who="1" m="54415" /><E0/><V132/><F132/><N who="0" m="50730" /><D103/><N who="3" m="39433" /><G12/><T107/><D107/><U75/><E75/><V17/><F99/><W90/><AGARI ba="0,0" hai="10,11,21,27,29,54,57,62,82,86,90" m="39433" machi="90" ten="30,1500,0" yaku="8,1" doraHai="89" who="3" fromWho="3" sc="321,-5,250,-5,204,-5,225,15" /><INIT seed="7,1,0,5,2,33" ten="316,245,199,240" oya="3" hai0="109,28,96,37,9,114,74,52,73,71,14,42,82" hai1="58,134,78,79,112,124,30,131,10,103,22,16,108" hai2="84,128,59,132,115,60,67,49,20,72,88,130,7" hai3="91,101,23,15,25,133,54,5,61,92,47,105,12"/><W85/><G133/><T135/><D71/><U46/><E108/><V99/><F132/><W27/><G27/><T11/><D109/><U13/><E134/><V40/><F115/><W35/><G35/><T104/><D28/><U129/><E124/><V51/><F72/><W106/><G101/><T122/><D42/><U125/><E125/><V110/><F110/><W120/><G120/><T107/><D37/><U18/><E30/><V113/><F113/><W63/><G63/><T45/><D122/><U70/><E70/><V32/><F32/><W62/><G62/><T1/><D96/><U87/><E58/><V75/><F75/><W119/><G119/><T4/><D82/><U69/><E103/><V97/><F7/><W24/><G24/><T34/><D34/><U93/><E69/><V48/><F40/><W102/><G102/><T39/><D39/><U77/><E46/><V50/><N who="2" m="12288" /><DORA hai="66" /><V65/><F65/><W55/><G47/><T126/><D45/><U127/><E127/><V3/><F3/><W8/><G12/><T17/><D114/><U111/><E111/><V94/><REACH who="2" step="1"/><F20/><REACH who="2" ten="316,245,189,240" step="2"/><W53/><REACH who="3" step="1"/><G61/><REACH who="3" ten="316,245,189,230" step="2"/><T90/><D135/><U98/><E112/><V36/><F36/><W29/><AGARI ba="1,2" hai="5,8,15,23,25,29,53,54,55,85,91,92,105,106" machi="29" ten="30,6000,0" yaku="1,1,2,1,0,1,53,0" doraHai="33,66" doraHaiUra="95,64" who="3" fromWho="3" sc="316,-21,245,-21,189,-21,230,83" owari="295,10.0,224,-18.0,168,-33.0,313,41.0" /></mjloggm>