<mjloggm ver="2.3"><GO type="41" lobby="0"/><UN n0="%E4%B8%8A%E3%81%8C%E3%82%8A%33%E3%83%8F%E3%83%AD%E3%83%B3" n1="%E2%93%9D%53%75%70%68%78" n2="%23%31%38" n3="%E7%89%8C%E3%81%9F%E3%82%93" dan="14,18,15,14" rate="1911.80,2102.26,1981.42,1866.60" sx="M,M,M,F"/><TAIKYOKU oya="0"/><INIT seed="0,0,0,2,4,24" ten="250,250,250,250" oya="0" hai0="76,54,48,72,41,105,114,58,65,83,82,80,53" hai1="100,102,10,19,115,55,79,40,86,93,16,15,129" hai2="130,108,21,27,73,29,43,3,111,96,124,81,131" hai3="28,91,87,70,88,95,71,119,51,2,18,5,26"/><T46/><D114/><U52/><E129/><N who="2" m="49163" /><F43/><W57/><G119/><T47/><D105/><U30/><E40/><V31/><F96/><W6/><G18/><T25/><D65/><U127/><E127/><V44/><F44/><W123/><G123/><T116/><D116/><U128/><E115/><V11/><F81/><W98/><G71/><T89/><D89/><N who="1" m="53431" /><E79/><V49/><F49/><W122/><G70/><T61/><REACH who="0" step="1"/><D25/><REACH who="0" ten="240,250,250,250" step="2"/><U45/><E128/><V134/><F124/><W68/><G122/><T17/><D17/><U101/><E19/><N who="2" m="12735" /><F134/><W20/><G68/><T132/><D132/><U56/><E102/><V66/><F66/><W135/><G135/><T4/><D4/><U84/><E101/><V94/><F94/><N who="3" m="54559" /><G2/><T117/><D117/><U121/><E100/><V85/><F73/><W34/><G34/><T125/><D125/><U42/><E121/><V92/><F92/><W74/><G74/><T90/><D90/><U7/><E7/><N who="2" m="1535" /><F85/><W103/><G103/><T77/><D77/><U36/><E84/><V109/><AGARI ba="0,1" hai="29,31,108,109,111" m="1535,12735,49163" machi="109" ten="40,12000,2" yaku="14,1,19,1,34,2,52,2" doraHai="24" who="2" fromWho="2" sc="240,-60,250,-30,250,130,250,-30" /><INIT seed="1,0,0,4,4,133" ten="180,220,380,220" oya="1" hai0="86,12,111,109,19,5,36,115,28,20,70,9,54" hai1="46,40,44,106,103,118,62,34,13,38,32,27,75" hai2="117,76,55,85,82,15,83,128,108,119,87,47,0" hai3="91,24,120,33,30,68,61,63,112,92,59,26,23"/><U35/><E118/><V58/><F0/><W129/><G112/><T78/><D70/><U37/><E13/><V29/><F128/><W89/><G120/><T71/><D71/><U73/><E62/><V8/><F108/><N who="0" m="41546" /><D36/><U94/><E94/><V79/><F47/><W56/><G68/><T14/><D115/><U31/><E103/><V39/><F29/><W77/><G77/><T125/><D54/><U72/><E106/><V22/><F22/><W16/><G129/><T81/><D28/><U60/><E60/><V66/><F66/><W135/><G135/><T80/><D81/><U53/><E53/><V100/><F100/><W2/><G2/><T97/><D97/><U121/><E121/><V11/><F39/><W130/><G130/><T99/><D99/><U42/><AGARI ba="0,0" hai="27,31,32,34,35,37,38,40,42,44,46,72,73,75" machi="42" ten="40,12000,1" yaku="0,1,9,1,33,3" doraHai="133" who="1" fromWho="1" sc="180,-40,220,120,380,-40,220,-40" /><INIT seed="1,1,0,2,4,60" ten="140,340,340,180" oya="1" hai0="7,116,53,11,85,19,97,131,40,51,81,17,52" hai1="42,8,75,56,105,6,110,16,100,132,113,121,77" hai2="32,61,129,92,49,82,45,46,33,72,71,37,79" hai3="28,125,101,43,135,39,24,126,9,93,89,48,95"/><U67/><E113/><V134/><F134/><W102/><G39/><T50/><D116/><U87/><E121/><V36/><F129/><W21/><G135/><T62/><D131/><U108/><E132/><V57/><F71/><W76/><G76/><T83/><D40/><U30/><E30/><V20/><F92/><W133/><G133/><T64/><D97/><U127/><E127/><N who="3" m="48650" /><G9/><T31/><D31/><U10/><E75/><V99/><F99/><N who="3" m="57775" /><G95/><T118/><D118/><U96/><E42/><V94/><F94/><W15/><G15/><N who="0" m="5631" /><D83/><N who="1" m="47599" /><E6/><V103/><F20/><W114/><G114/><T84/><D84/><U128/><E128/><V66/><F103/><W12/><G12/><T29/><D29/><U63/><E16/><N who="0" m="6217" /><D85/><U2/><E2/><V88/><F88/><W90/><G90/><T115/><D81/><U27/><E27/><V70/><F37/><W123/><G123/><T119/><D119/><U91/><E91/><V59/><F36/><W73/><G73/><T104/><D104/><U109/><AGARI ba="1,0" hai="8,10,56,63,67,96,100,105,108,109,110" m="47599" machi="109" ten="30,6000,0" yaku="14,1,10,1,52,1" doraHai="60" who="1" fromWho="1" sc="140,-21,340,63,340,-21,180,-21" /><INIT seed="1,2,0,0,3,69" ten="119,403,319,159" oya="1" hai0="75,107,86,44,53,123,19,22,67,27,4,3,65" hai1="26,39,105,55,97,23,121,60,113,84,95,58,96" hai2="89,5,62,126,11,134,1,122,70,38,129,42,131" hai3="64,8,46,119,33,76,0,29,101,15,45,94,25"/><U90/><E121/><V20/><F122/><W61/><G119/><T85/><D75/><U108/><E113/><V16/><F126/><W118/><G118/><T100/><D123/><U56/><E108/><V48/><F134/><W34/><G34/><T102/><D4/><U79/><E39/><V93/><F48/><W51/><G76/><T127/><D3/><U103/><E58/><V66/><F42/><W82/><G82/><T24/><D127/><U10/><E10/><V81/><F81/><W31/><G31/><T91/><D107/><U72/><E72/><V18/><F38/><W68/><G0/><T14/><D14/><U99/><REACH who="1" step="1"/><E79/><REACH who="1" ten="119,393,319,159" step="2"/><V92/><F129/><W52/><G46/><T73/><D73/><U115/><E115/><V71/><F131/><W6/><REACH who="3" step="1"/><G101/><REACH who="3" ten="119,393,319,149" step="2"/><T41/><D102/><U63/><E63/><V130/><F130/><W109/><G109/><T50/><D100/><U12/><E12/><V106/><F1/><W36/><G36/><T80/><D44/><U32/><E32/><V35/><F35/><W135/><G135/><T37/><D27/><U125/><E125/><V133/><F133/><W98/><G98/><T30/><D24/><U40/><E40/><V2/><F2/><W13/><G13/><T28/><D41/><U83/><E83/><V117/><F117/><W132/><G132/><T110/><D80/><U47/><E47/><V74/><F89/><W111/><G111/><T54/><D110/><U59/><E59/><V128/><F128/><W120/><G120/><T77/><D37/><U7/><E7/><V17/><F5/><RYUUKYOKU ba="2,2" sc="119,-15,393,15,319,-15,149,15" hai1="23,26,55,56,60,84,90,95,96,97,99,103,105" hai3="6,8,15,25,29,33,45,51,52,61,64,68,94" /><INIT seed="1,3,2,1,4,50" ten="104,408,304,164" oya="1" hai0="43,0,18,4,118,129,122,117,36,83,127,61,12" hai1="135,26,49,123,23,128,16,133,31,131,97,14,99" hai2="121,106,56,58,59,5,93,60,63,25,42,94,41" hai3="30,91,21,17,126,70,79,96,82,115,22,72,111"/><U8/><E123/><V134/><F106/><W120/><G115/><T74/><D122/><U2/><E49/><V15/><F121/><W124/><G120/><T39/><D39/><U76/><E76/><V89/><F134/><N who="1" m="51209" /><E2/><V47/><F25/><N who="3" m="16687" /><G70/><T62/><D62/><N who="2" m="23594" /><F47/><W107/><G111/><T130/><D61/><U24/><E24/><V119/><F119/><W85/><G22/><T10/><D118/><U81/><E81/><V114/><F114/><W33/><G17/><T87/><D127/><N who="3" m="48681" /><G33/><T73/><D117/><U1/><E1/><V67/><F67/><W51/><G51/><T108/><D108/><U110/><E110/><V3/><F3/><W6/><G6/><T65/><D36/><U78/><E78/><V109/><F109/><W46/><G46/><T11/><D0/><U102/><E102/><V103/><F15/><W132/><G132/><T7/><D12/><U29/><E29/><V112/><F5/><W20/><G107/><T19/><D4/><U101/><E101/><V92/><F103/><W66/><G79/><T40/><D7/><U38/><E38/><V100/><F100/><W54/><G66/><T125/><D125/><U113/><E113/><V52/><F112/><W75/><G82/><T27/><D65/><U35/><E35/><V28/><F28/><W98/><G75/><T68/><D83/><U13/><E13/><V90/><F89/><W53/><G72/><T45/><D74/><U64/><E64/><V32/><F90/><W48/><G91/><T44/><D73/><U37/><E37/><V86/><F32/><W34/><G34/><RYUUKYOKU ba="3,2" sc="104,-10,408,30,304,-10,164,-10" hai1="8,14,16,23,26,31,97,99,128,131" /><INIT seed="1,4,2,2,5,13" ten="94,438,294,154" oya="1" hai0="66,132,93,94,64,15,105,98,58,38,59,87,129" hai1="54,73,121,118,7,17,18,88,123,67,122,130,109" hai2="60,110,11,69,90,80,114,128,76,63,19,91,127" hai3="4,108,101,21,24,134,135,16,131,28,113,3,85"/><U1/><E118/><V74/><F110/><W47/><G108/><T53/><D38/><U27/><E109/><V9/><F127/><W106/><G113/><T42/><D105/><U104/><E104/><V62/><F128/><W40/><G85/><T0/><D0/><U10/><E73/><V33/><F69/><W125/><G125/><T20/><D129/><U70/><E130/><V46/><F114/><W116/><G131/><T111/><D42/><U65/><E54/><V82/><F33/><W61/><G61/><T97/><D111/><U55/><E55/><V102/><F102/><W29/><G116/><T57/><D87/><U117/><E117/><V34/><F34/><W49/><G4/><T51/><D132/><N who="3" m="50729" /><G3/><T35/><D35/><U48/><E48/><V115/><F115/><W45/><G47/><T44/><D64/><U89/><E27/><V107/><F107/><W52/><G40/><T39/><D66/><U96/><E67/><V56/><F46/><W84/><G84/><T133/><D133/><U8/><E8/><V23/><F56/><W41/><G41/><T12/><D39/><U26/><E26/><V81/><F76/><W31/><G31/><T5/><D5/><U86/><E65/><V79/><F79/><W103/><G103/><N who="0" m="60847" /><D20/><U22/><E22/><V6/><F74/><W43/><G43/><T36/><D36/><U25/><E70/><V95/><F6/><W119/><G119/><T92/><D98/><AGARI ba="4,2" hai="16,21,24,28,29,45,49,52,98,101,106" m="50729" machi="98" ten="30,7700,0" yaku="20,1,52,1,54,2" doraHai="13" who="3" fromWho="0" sc="94,-89,438,0,294,0,154,109" /><INIT seed="2,0,0,2,2,90" ten="5,438,294,263" oya="2" hai0="93,54,65,118,69,47,84,78,48,53,27,104,9" hai1="60,114,127,32,120,35,26,82,29,62,77,5,76" hai2="129,87,66,46,98,10,34,8,44,15,67,86,133" hai3="49,52,126,64,107,45,116,131,88,121,96,70,99"/><V73/><F73/><W6/><G116/><T103/><D118/><U33/><E114/><V102/><F34/><W108/><G121/><T128/><D128/><U61/><E127/><V16/><F129/><W109/><G131/><T89/><D104/><U106/><E106/><V28/><F133/><W100/><G126/><T101/><D78/><U20/><E5/><V124/><F28/><W2/><G70/><T85/><D65/><N who="2" m="24586" /><F124/><W135/><G64/><T31/><D69/><U42/><E120/><V13/><F86/><W23/><G135/><T1/><D1/><U18/><E42/><V40/><F87/><W19/><G6/><T43/><D9/><U57/><E29/><V59/><F59/><W51/><G2/><T24/><D84/><U111/><E57/><V75/><F75/><W105/><G51/><T94/><D31/><U117/><E117/><V123/><F40/><W30/><G30/><T55/><D103/><U83/><E111/><N who="3" m="42570" /><G99/><AGARI ba="0,0" hai="24,27,43,47,48,53,54,55,85,89,93,94,99,101" machi="99" ten="40,5200,0" yaku="8,1,52,2" doraHai="90" who="0" fromWho="3" sc="5,52,438,0,294,0,263,-52" /><INIT seed="3,0,0,3,3,8" ten="57,438,294,211" oya="3" hai0="18,117,36,107,100,104,108,43,93,78,92,7,66" hai1="135,59,9,90,44,61,33,121,11,55,128,45,120" hai2="85,65,83,79,6,82,38,94,64,10,129,34,0" hai3="89,28,51,99,123,22,97,110,29,35,71,26,75"/><W103/><G123/><T118/><D7/><U131/><E33/><V54/><F38/><W57/><G71/><T122/><D122/><N who="1" m="47211" /><E90/><V105/><F105/><W125/><G125/><T50/><D36/><U96/><E96/><V114/><F129/><N who="1" m="49737" /><E135/><V53/><F34/><W124/><G124/><T86/><D66/><U25/><E25/><V69/><F114/><W52/><G75/><T40/><D40/><U48/><E45/><V81/><F94/><W77/><G77/><T116/><D92/><U134/><E134/><V112/><F112/><W5/><G110/><T60/><D108/><U39/><E39/><V115/><F115/><W49/><G89/><T1/><D93/><U133/><E133/><V42/><F42/><AGARI ba="0,0" hai="9,11,42,44,48,55,59,61" m="49737,47211" machi="42" ten="30,1000,0" yaku="19,1" doraHai="8" who="1" fromWho="2" sc="57,0,438,10,294,-10,211,0" /><INIT seed="4,0,0,1,1,71" ten="57,448,284,211" oya="0" hai0="109,10,47,16,101,39,29,74,38,32,55,65,84" hai1="9,100,81,62,120,132,13,128,45,75,58,15,99" hai2="112,12,27,66,61,42,119,108,134,21,121,49,60" hai3="51,53,18,2,124,4,80,77,92,76,135,20,96"/><T59/><D74/><U78/><E128/><V28/><F108/><W115/><G124/><T40/><D109/><U37/><E132/><V110/><F110/><W73/><G115/><T105/><D65/><U106/><E120/><V54/><F112/><W25/><G135/><T0/><D84/><U113/><E113/><V8/><F134/><W91/><G77/><T104/><D101/><U46/><E37/><V56/><F121/><W72/><G72/><T23/><D38/><U35/><E15/><V116/><F42/><W122/><G122/><T33/><D33/><U79/><E35/><V69/><REACH who="2" step="1"/><F60/><REACH who="2" ten="57,448,274,211" step="2"/><W6/><REACH who="3" step="1"/><G2/><REACH who="3" ten="57,448,274,201" step="2"/><T19/><D0/><U30/><E75/><V88/><F88/><W123/><G123/><T93/><D32/><U117/><E79/><V68/><F68/><W131/><G131/><T97/><D29/><U1/><E30/><V129/><F129/><W26/><G26/><T89/><D10/><U90/><E9/><V111/><F111/><W133/><G133/><T22/><D22/><U17/><E78/><V85/><F85/><W95/><G95/><T127/><D127/><U107/><E1/><V48/><F48/><W114/><G114/><T31/><D31/><U70/><E70/><V86/><F86/><W64/><G64/><T11/><D11/><U36/><E36/><V63/><F63/><W67/><G67/><T83/><D83/><U41/><E62/><V103/><F103/><W50/><G50/><N who="0" m="31223" /><D23/><U126/><E100/><V125/><F125/><W24/><G24/><T98/><D98/><U14/><E99/><V118/><F118/><RYUUKYOKU ba="0,2" sc="57,10,448,-30,274,10,201,10" hai0="16,19,39,40,47,89,93,97,104,105" hai2="8,12,21,27,28,49,54,56,61,66,69,116,119" hai3="4,6,18,20,25,51,53,73,76,80,91,92,96" /><INIT seed="4,1,2,1,0,5" ten="67,418,284,211" oya="0" hai0="113,73,134,132,21,12,77,94,60,80,82,89,9" hai1="0,66,33,35,126,1,39,128,42,121,87,91,104" hai2="85,32,47,67,30,40,6,135,92,51,25,7,118" hai3="37,50,97,18,44,59,24,58,68,52,111,130,114"/><T81/><D113/><U106/><E121/><V11/><F135/><N who="0" m="51754" /><D21/><U108/><E108/><V70/><F118/><W10/><G111/><T53/><D53/><U62/><E126/><V31/><F6/><W38/><G114/><T64/><D94/><U71/><E128/><V116/><F31/><W119/><G119/><T133/><N who="0" m="51762" /><T83/><DORA hai="79" /><D89/><U45/><E87/><V3/><F116/><W57/><G130/><T17/><D83/><U110/><E91/><V65/><REACH who="2" step="1"/><F70/><AGARI ba="1,2" hai="9,12,17,60,64,70,73,77,80,81,82" m="51762" machi="70" ten="40,12000,1" yaku="20,1,52,4" doraHai="5,79" who="0" fromWho="2" sc="67,143,418,0,284,-123,211,0" /><INIT seed="4,2,0,3,5,53" ten="210,418,161,211" oya="0" hai0="8,75,5,105,39,36,20,128,63,51,70,83,126" hai1="101,71,115,120,17,90,27,61,32,25,0,131,58" hai2="123,78,4,41,59,133,80,95,24,121,52,28,19" hai3="109,45,42,108,93,102,56,112,47,62,96,38,3"/><T55/><D105/><U73/><E0/><V33/><F133/><W50/><G112/><T72/><D126/><U29/><E71/><V127/><F41/><W10/><G3/><T129/><D20/><U91/><E131/><N who="0" m="50249" /><D63/><U34/><E73/><N who="0" m="28233" /><D70/><U2/><E120/><V31/><F4/><W13/><G38/><T69/><D83/><U40/><E61/><V86/><F127/><W9/><G45/><N who="0" m="28143" /><D69/><U15/><E34/><V26/><F95/><W49/><G49/><T79/><D79/><U125/><E32/><V82/><F19/><W44/><G44/><T23/><D23/><U104/><E104/><V124/><F124/><W98/><G98/><T21/><D21/><U6/><E17/><V89/><F26/><W65/><REACH who="3" step="1"/><G10/><REACH who="3" ten="210,418,161,201" step="2"/><T92/><D92/><U57/><E125/><V111/><F121/><W132/><G132/><T85/><D39/><U76/><E115/><V74/><F123/><W81/><G81/><T116/><D36/><U100/><E2/><V60/><REACH who="2" step="1"/><F31/><REACH who="2" ten="210,418,151,201" step="2"/><W117/><G117/><T84/><D116/><U77/><E29/><V18/><F18/><AGARI ba="2,2" hai="9,13,18,42,47,50,56,62,65,93,96,102,108,109" machi="18" ten="30,7700,0" yaku="1,1,7,1,52,1,53,1" doraHai="53" doraHaiUra="37" who="3" fromWho="2" sc="210,0,418,0,151,-83,201,103" /><INIT seed="5,0,0,4,2,114" ten="210,418,68,304" oya="1" hai0="65,111,40,3,50,1,105,107,35,67,9,4,48" hai1="0,54,31,29,86,133,60,61,126,10,95,64,83" hai2="118,108,32,104,128,74,49,17,52,27,41,112,110" hai3="62,100,123,134,88,84,37,69,109,90,46,20,68"/><U53/><E126/><V44/><F104/><N who="0" m="40010" /><D9/><U36/><E133/><V12/><F74/><W70/><G109/><T103/><D40/><U11/><E95/><V97/><F112/><W18/><G100/><T79/><D4/><U23/><E36/><V19/><F128/><W131/><G131/><T76/><D35/><U21/><E86/><V135/><F135/><W43/><G134/><T51/><D103/><U7/><E64/><N who="0" m="24649" /><D111/><U115/><E115/><V120/><F120/><W8/><G8/><T125/><D125/><U93/><E93/><V122/><F122/><W57/><G123/><T33/><D33/><U22/><E83/><V117/><F97/><W98/><G98/><T47/><D47/><U92/><E92/><V42/><F32/><W78/><G78/><AGARI ba="0,0" hai="1,3,48,50,51,76,78,79" m="24649,40010" machi="78" ten="40,2600,0" yaku="28,2" doraHai="114" who="0" fromWho="3" sc="210,26,418,0,68,0,304,-26" /><INIT seed="6,0,0,2,4,53" ten="236,418,68,278" oya="2" hai0="117,68,27,72,113,125,44,116,4,24,48,31,78" hai1="121,35,79,111,101,89,88,73,39,84,99,49,133" hai2="23,17,64,115,112,85,98,109,22,86,108,42,2" hai3="103,127,94,26,34,3,93,128,33,41,7,135,25"/><V126/><F2/><W20/><G41/><T47/><D68/><U80/><E39/><V40/><F64/><W5/><G103/><T131/><D113/><N who="2" m="43594" /><F98/><W12/><G94/><T10/><D125/><U123/><E35/><N who="3" m="13322" /><G93/><T50/><D131/><U21/><E99/><V97/><F97/><W29/><G127/><T58/><D31/><U51/><E101/><V92/><F126/><W11/><G135/><T16/><D78/><U56/><E79/><V30/><F92/><W61/><G61/><T96/><D96/><U0/><E0/><V37/><F30/><N who="3" m="17703" /><G128/><T87/><D87/><N who="2" m="33290" /><F37/><W69/><G69/><T82/><D72/><U134/><E73/><V66/><F66/><W105/><G105/><T74/><D82/><U62/><E80/><V114/><N who="2" m="43602" /><V70/><DORA hai="95" /><F70/><W104/><G104/><T77/><D77/><U45/><E84/><V54/><F54/><W118/><G118/><T71/><D74/><U18/><E89/><V36/><F36/><W59/><G3/><T32/><D117/><U91/><E91/><V43/><F17/><N who="3" m="8351" /><G59/><T65/><D58/><U110/><E56/><V90/><F90/><W129/><G129/><T55/><D116/><U100/><E100/><V46/><F46/><W52/><G52/><N who="0" m="29703" /><D65/><U124/><E124/><V57/><F57/><W6/><G29/><T122/><D71/><U132/><E88/><V107/><F107/><W14/><G26/><T15/><D27/><N who="1" m="14775" /><E45/><V13/><F13/><AGARI ba="0,0" hai="5,6,7,13,14" m="8351,17703,13322" machi="13" ten="30,8000,1" yaku="35,5" doraHai="53,95" who="3" fromWho="2" sc="236,0,418,0,68,-80,278,80" owari="236,-16.0,418,51.0,-12,-51.0,358,16.0" /></mjloggm>