<mjloggm ver="2.3"><GO type="41" lobby="0"/><UN n0="%E6%82%B2%E3%81%97%E3%81%84%E3%80%82" n1="%E3%82%84%E3%81%BE%E3%81%B7%E3%81%85" n2="%E3%82%8A%E3%82%85%E3%81%86%E3%81%AE%E3%81%91" n3="%E2%93%9D%53%75%70%68%78" dan="14,14,15,19" rate="2022.52,1879.23,1952.60,2105.54" sx="M,M,M,M"/><TAIKYOKU oya="0"/><INIT seed="0,0,0,4,3,4" ten="250,250,250,250" oya="0" hai0="84,94,121,135,36,13,77,128,122,93,131,105,31" hai1="12,6,115,25,56,72,50,15,110,74,101,1,89" hai2="120,116,83,38,2,85,5,80,106,79,44,132,60" hai3="63,104,90,24,26,53,100,19,123,8,108,113,129"/><T41/><D31/><U0/><E115/><V47/><F120/><N who="0" m="46186" /><D41/><U43/><E101/><V88/><F106/><W127/><G129/><N who="0" m="49739" /><D13/><U111/><E43/><V102/><F102/><W32/><G127/><T45/><D45/><U70/><E70/><V52/><F132/><W78/><G26/><T81/><D36/><U30/><E25/><V22/><F116/><W57/><G24/><T124/><D124/><U20/><E6/><V133/><F38/><W7/><G19/><T27/><D27/><U97/><E20/><V103/><F103/><W96/><G32/><T64/><D64/><U98/><E50/><V18/><F133/><W119/><G119/><T51/><D51/><U130/><E130/><V125/><F125/><W29/><G29/><T39/><D39/><U118/><E118/><V68/><F68/><W10/><G7/><T59/><D59/><U55/><E30/><V99/><F99/><W46/><G46/><T73/><D105/><U62/><E56/><N who="2" m="34823" /><F2/><W117/><G123/><T109/><D135/><U61/><E55/><V40/><F40/><W65/><G53/><T112/><D112/><U14/><E12/><N who="2" m="9543" /><F5/><W86/><G117/><T71/><D71/><U9/><E1/><V126/><F126/><W92/><G113/><T48/><D109/><U11/><E0/><V3/><F3/><W37/><G37/><T28/><D28/><U95/><E111/><V82/><F47/><W49/><G108/><T23/><D73/><U67/><E110/><V35/><F35/><W69/><G69/><T107/><D107/><U76/><E72/><N who="2" m="43111" /><F44/><W54/><G78/><RYUUKYOKU ba="0,0" sc="250,-15,250,-15,250,15,250,15" hai2="82,83,85,88" hai3="8,10,49,54,57,63,65,86,90,92,96,100,104" /><INIT seed="1,1,0,5,4,43" ten="235,235,265,265" oya="1" hai0="68,53,71,88,21,32,105,83,28,84,107,14,40" hai1="129,34,86,114,18,75,121,70,66,54,24,19,124" hai2="122,42,87,25,16,79,132,12,33,104,69,110,73" hai3="64,63,50,131,101,91,51,20,22,57,72,80,98"/><U85/><E75/><V0/><F122/><W7/><G131/><T47/><D32/><U35/><E129/><V130/><F73/><W111/><G111/><T102/><D53/><U27/><E54/><V5/><F69/><W94/><G7/><T96/><D107/><U115/><E70/><V128/><F104/><W2/><G2/><T81/><D81/><U82/><E82/><N who="2" m="47583" /><F42/><W58/><G58/><T30/><D30/><U77/><E77/><V106/><F106/><W90/><G72/><T13/><D13/><U49/><E66/><V3/><F110/><W112/><G112/><T127/><D127/><U52/><E124/><V78/><F78/><W67/><G67/><T62/><D62/><U113/><E121/><V31/><F3/><W46/><G51/><T44/><D44/><U95/><E34/><V6/><F6/><W120/><G120/><T60/><D60/><U65/><E65/><V100/><F100/><W56/><G56/><T37/><REACH who="0" step="1"/><D28/><REACH who="0" ten="225,235,265,265" step="2"/><U99/><E35/><V89/><F33/><W61/><G61/><T118/><D118/><U17/><E113/><V55/><F31/><W123/><G123/><T1/><D1/><U92/><E114/><V133/><F0/><W76/><G76/><T41/><D41/><U10/><E115/><V126/><F126/><W8/><G80/><T135/><D135/><U36/><E27/><V125/><F125/><W29/><G29/><T134/><D134/><U48/><E24/><V38/><F132/><W9/><G64/><T116/><D116/><U4/><E52/><V23/><F133/><W93/><G63/><RYUUKYOKU ba="1,1" sc="225,30,235,-10,265,-10,265,-10" hai0="14,21,37,40,47,68,71,83,84,88,96,102,105" /><INIT seed="2,2,1,4,4,15" ten="255,225,255,255" oya="2" hai0="86,125,118,10,73,58,16,13,11,79,60,111,110" hai1="82,49,100,113,112,128,63,53,31,52,12,43,20" hai2="55,134,92,105,5,97,6,83,37,38,74,46,7" hai3="72,87,19,135,21,44,22,26,132,27,129,8,123"/><V108/><F105/><W17/><G72/><T69/><D125/><U119/><E119/><V101/><F134/><N who="3" m="51243" /><G129/><T32/><D32/><U64/><E128/><V99/><F108/><N who="0" m="41514" /><D73/><U29/><E100/><V54/><F97/><W56/><G123/><T98/><D69/><U94/><E94/><V65/><F65/><W57/><G44/><T96/><D118/><U68/><E82/><V35/><F35/><W88/><G8/><N who="0" m="6183" /><D86/><U34/><E34/><V45/><F45/><W89/><G89/><T4/><D79/><U59/><E43/><V114/><F114/><W67/><G67/><N who="0" m="39319" /><D10/><U42/><E112/><V126/><F126/><W70/><G70/><T91/><D91/><U9/><E113/><V95/><F92/><AGARI ba="2,1" hai="17,19,21,22,26,27,56,57,87,88,92" m="51243" machi="92" ten="30,7700,0" yaku="20,1,52,2,54,1" doraHai="15" who="3" fromWho="2" sc="255,0,225,0,255,-83,255,93" /><INIT seed="3,0,0,2,4,132" ten="255,225,172,348" oya="3" hai0="49,134,57,6,18,105,127,68,21,61,2,65,94" hai1="98,47,3,118,22,45,9,114,112,51,29,104,74" hai2="13,37,117,36,58,130,16,131,85,110,20,33,44" hai3="41,102,80,67,73,82,43,64,101,70,89,76,34"/><W50/><G34/><T60/><D105/><U15/><E74/><V77/><F117/><W56/><G70/><T53/><D134/><U26/><E3/><V113/><F113/><W25/><G25/><T96/><D127/><U81/><E81/><N who="2" m="47279" /><F110/><W107/><G107/><T124/><D124/><U123/><E45/><V52/><F33/><W95/><G50/><T71/><D6/><U0/><E0/><V119/><F44/><W38/><G38/><T1/><D68/><U92/><E104/><V59/><F59/><W19/><G19/><T72/><D61/><U86/><E86/><V75/><F75/><W111/><G56/><T31/><D31/><U27/><E27/><V90/><F90/><W115/><G89/><T128/><D72/><U103/><E123/><V88/><F88/><W116/><G73/><T23/><D23/><U11/><E9/><V54/><F119/><W14/><G116/><T100/><REACH who="0" step="1"/><D128/><REACH who="0" ten="245,225,172,348" step="2"/><N who="2" m="49194" /><F54/><W99/><G115/><T109/><D109/><U8/><E118/><V12/><F13/><AGARI ba="0,1" hai="1,2,13,18,21,49,53,57,60,65,71,94,96,100" machi="13" ten="30,2000,0" yaku="1,1,7,1,53,0" doraHai="132" doraHaiUra="79" who="0" fromWho="2" sc="245,30,225,0,172,-20,348,0" /><INIT seed="4,0,0,5,4,51" ten="275,225,152,348" oya="0" hai0="108,5,127,83,131,125,35,96,49,56,76,120,6" hai1="73,67,34,105,111,66,7,58,90,59,23,47,123" hai2="109,129,110,98,119,128,31,24,114,8,42,112,9" hai3="54,11,121,20,46,78,1,37,85,133,60,107,27"/><T106/><D35/><U126/><E34/><V40/><F98/><W39/><G107/><T101/><D120/><U38/><E73/><V30/><F42/><W124/><G133/><T62/><D49/><U55/><E7/><V0/><F40/><W17/><G124/><N who="0" m="47691" /><D131/><N who="2" m="50250" /><F119/><W132/><G39/><T22/><D22/><U3/><E105/><V79/><F79/><W89/><G132/><T72/><D108/><N who="2" m="41578" /><F0/><W81/><G37/><T45/><D45/><U102/><E3/><V13/><F24/><W135/><G135/><T16/><D16/><U15/><E111/><V32/><F32/><W84/><G1/><T69/><D69/><U53/><E38/><V117/><F117/><W87/><G17/><T130/><D130/><U25/><E25/><V134/><F134/><W93/><G27/><T29/><D29/><N who="2" m="10762" /><F13/><W4/><G46/><T115/><D115/><AGARI ba="0,0" hai="8,9,112,114,115" m="10762,41578,50250" machi="115" ten="40,12000,2" yaku="28,2,15,1,19,1,34,2" doraHai="51" who="2" fromWho="0" sc="275,-120,225,0,152,120,348,0" /><INIT seed="5,0,0,0,5,66" ten="155,225,272,348" oya="1" hai0="122,65,121,90,92,126,96,12,31,34,51,23,39" hai1="2,131,32,8,64,67,60,85,129,99,52,76,19" hai2="93,73,36,124,45,100,80,134,20,46,70,9,14" hai3="55,132,118,81,30,29,15,88,83,17,5,87,107"/><U78/><E32/><V94/><F73/><W74/><G107/><T123/><D126/><U109/><E109/><V116/><F80/><W113/><G113/><T115/><D115/><U11/><E99/><V119/><F20/><W69/><G69/><T6/><D65/><U40/><E40/><V89/><F14/><W49/><G132/><T114/><D114/><U3/><E85/><V27/><F9/><N who="3" m="6383" /><G5/><T18/><D6/><U37/><E19/><V86/><F86/><N who="3" m="50255" /><G118/><T38/><REACH who="0" step="1"/><D51/><REACH who="0" ten="145,225,272,348" step="2"/><U7/><E7/><V53/><F124/><W59/><G74/><T79/><D79/><AGARI ba="0,1" hai="29,30,49,55,59,79,83,87" m="50255,6383" machi="79" ten="30,2000,0" yaku="8,1,54,1" doraHai="66" who="3" fromWho="0" sc="145,-20,225,0,272,0,348,30" /><INIT seed="6,0,0,1,2,10" ten="125,225,272,378" oya="2" hai0="52,124,133,40,127,73,135,77,25,128,131,121,95" hai1="112,20,120,70,125,44,84,108,29,67,101,85,28" hai2="114,64,115,17,9,99,15,36,102,60,132,110,75" hai3="74,11,3,134,48,129,18,126,83,2,30,38,13"/><V94/><F132/><N who="0" m="50762" /><D121/><U111/><E120/><V63/><F36/><W24/><G126/><N who="0" m="48171" /><D40/><U45/><E125/><V88/><F75/><W21/><G129/><N who="0" m="49739" /><D95/><U8/><E70/><V19/><F110/><W33/><G134/><T104/><D104/><U100/><E108/><V50/><F50/><W53/><G38/><T89/><D89/><U107/><E107/><V61/><F88/><W1/><G83/><N who="0" m="45487" /><D52/><U42/><E42/><V0/><F114/><W87/><G74/><T90/><D90/><U92/><E112/><V122/><F115/><W86/><REACH who="3" step="1"/><G33/><REACH who="3" ten="125,225,272,368" step="2"/><T43/><D43/><U56/><E111/><V59/><F94/><W65/><G65/><T35/><D25/><U16/><E92/><V119/><F64/><W97/><G97/><T66/><D66/><U106/><E67/><V4/><F99/><W80/><G80/><T91/><D91/><U98/><E106/><V22/><F122/><W7/><G7/><T27/><D27/><U5/><E98/><V6/><F4/><W23/><G23/><T71/><D35/><U105/><E105/><V68/><F22/><W34/><G34/><T54/><D54/><U55/><E55/><V31/><F6/><W57/><AGARI ba="0,1" hai="1,2,3,11,13,18,21,24,30,48,53,57,86,87" machi="57" ten="30,4000,0" yaku="1,1,0,1,52,1,53,0" doraHai="10" doraHaiUra="93" who="3" fromWho="3" sc="125,-10,225,-10,272,-20,368,50" /><INIT seed="7,0,0,0,1,116" ten="115,215,252,418" oya="3" hai0="42,132,48,25,10,50,4,89,1,0,30,79,76" hai1="118,128,108,49,29,66,45,19,130,31,61,114,26" hai2="35,70,102,23,95,68,46,72,62,88,127,16,101" hai3="110,100,123,6,41,115,87,54,57,111,125,82,56"/><W107/><G123/><T11/><D132/><U21/><E118/><V44/><F35/><W94/><G115/><T24/><D89/><U124/><E114/><V3/><F72/><W52/><G41/><T92/><D42/><U20/><E108/><N who="3" m="41514" /><G6/><T33/><D92/><U112/><E124/><V119/><F119/><W97/><G107/><T104/><D104/><U77/><E77/><V15/><F3/><W37/><G37/><T9/><D33/><U113/><E112/><V63/><F70/><W65/><G65/><T69/><D30/><U98/><E98/><N who="2" m="57703" /><F68/><W17/><G17/><T103/><D69/><U105/><E105/><V109/><F127/><W12/><G12/><T67/><D67/><U86/><E113/><V53/><F109/><W99/><G99/><T85/><D85/><U59/><E86/><V80/><F80/><W34/><G34/><T36/><D36/><U90/><E90/><V106/><F106/><W122/><G122/><T117/><D117/><U131/><E21/><V18/><F18/><W133/><G133/><T38/><D38/><U93/><E93/><V84/><F84/><W60/><G125/><T126/><D126/><U13/><E26/><V135/><F135/><W74/><G74/><T40/><D40/><AGARI ba="0,0" hai="13,19,20,29,31,40,45,49,59,61,66,128,130,131" machi="40" ten="40,1300,0" yaku="19,1" doraHai="116" who="1" fromWho="0" sc="115,-13,215,13,252,0,418,0" owari="102,-40.0,228,-17.0,252,5.0,418,52.0" /></mjloggm>