<mjloggm ver="2.3"><GO type="41" lobby="0"/><UN n0="%6A%6D%64%74%66" n1="%7A%75%72%61%7A%75%72%61" n2="%E3%83%AB%E3%82%A4%E3%82%B3%E3%82%B9%E3%82%BF" n3="%E2%93%9D%53%75%70%68%78" dan="14,14,14,18" rate="1938.02,1933.28,1826.54,2041.48" sx="M,M,M,M"/><TAIKYOKU oya="0"/><INIT seed="0,0,0,5,5,52" ten="250,250,250,250" oya="0" hai0="135,68,66,124,115,31,105,76,24,28,118,7,30" hai1="17,37,133,121,39,92,84,101,112,113,129,123,77" hai2="110,85,0,22,87,43,59,67,38,42,49,5,20" hai3="32,26,134,47,69,48,25,41,82,106,90,131,53"/><T81/><D115/><N who="1" m="44107" /><E17/><V61/><F110/><W4/><G131/><T120/><D118/><U103/><E129/><V104/><F104/><W89/><G134/><T11/><D120/><N who="1" m="46155" /><E133/><V83/><F38/><N who="1" m="14345" /><E92/><V40/><F0/><W29/><G106/><T78/><D105/><U109/><E109/><V127/><F127/><W9/><G26/><T94/><D124/><U50/><E50/><V1/><F1/><W51/><G82/><AGARI ba="0,0" hai="77,82,84,101,103" m="14345,46155,44107" machi="82" ten="40,1300,0" yaku="11,1" doraHai="52" who="1" fromWho="3" sc="250,0,250,13,250,0,250,-13" /><INIT seed="1,0,0,0,5,78" ten="250,263,250,237" oya="1" hai0="32,55,126,130,58,82,33,84,117,81,3,38,36" hai1="105,63,99,92,17,76,22,59,0,128,65,12,124" hai2="72,13,19,88,69,27,113,80,134,98,133,95,104" hai3="2,66,111,40,1,109,4,60,54,114,132,77,93"/><U110/><E0/><V90/><F69/><W91/><G114/><T39/><D117/><U103/><E124/><V56/><F27/><W21/><G40/><T14/><D126/><U135/><E128/><V127/><F127/><W67/><G77/><T106/><D130/><U74/><E135/><N who="2" m="51723" /><F56/><W129/><G21/><T52/><D3/><U41/><E110/><V73/><F19/><W75/><G75/><N who="2" m="28745" /><F13/><W50/><G129/><T97/><D14/><U85/><E41/><V89/><F113/><W120/><G2/><T125/><D125/><U15/><E74/><V79/><F104/><W37/><G1/><T43/><D43/><U108/><E108/><V26/><F26/><W107/><G107/><T118/><D118/><U23/><E12/><V122/><F122/><W86/><G120/><T34/><D84/><AGARI ba="0,0" hai="79,80,84,88,89,90,95,98" m="28745,51723" machi="84" ten="30,8000,1" yaku="20,1,34,2,52,1,54,1" doraHai="78" who="2" fromWho="0" sc="250,-80,263,0,250,80,237,0" /><INIT seed="2,0,0,2,5,38" ten="170,263,330,237" oya="2" hai0="111,134,1,17,98,32,2,51,73,8,91,50,19" hai1="101,23,7,56,71,85,108,47,46,81,135,10,131" hai2="28,9,109,124,68,61,13,52,4,62,103,118,90" hai3="94,78,60,133,87,27,114,82,80,44,11,113,86"/><V14/><F118/><W70/><G27/><T116/><D111/><U42/><E71/><V96/><F28/><W59/><G70/><T76/><D116/><U92/><E108/><V43/><F43/><W104/><G11/><T121/><D121/><U93/><E56/><V64/><F124/><W37/><G104/><T110/><D110/><U77/><E131/><V100/><F109/><W65/><G94/><T16/><D134/><U36/><E101/><V88/><F14/><W125/><G133/><T75/><D32/><U120/><E120/><V57/><REACH who="2" step="1"/><F103/><REACH who="2" ten="170,263,320,237" step="2"/><W79/><G125/><T54/><D1/><U69/><E135/><V84/><F84/><W74/><G74/><T128/><D75/><U40/><E23/><V53/><F53/><W89/><G89/><T6/><D128/><U107/><E107/><AGARI ba="0,1" hai="4,9,13,52,57,61,62,64,68,88,90,96,100,107" machi="107" ten="30,11600,0" yaku="1,1,7,1,54,2,53,0" doraHai="38" doraHaiUra="24" who="2" fromWho="1" sc="170,0,263,-116,320,126,237,0" /><INIT seed="2,1,0,0,0,8" ten="170,147,446,237" oya="2" hai0="76,21,29,130,46,123,82,100,126,1,84,81,92" hai1="45,122,132,109,128,43,33,65,11,26,39,111,95" hai2="68,3,12,9,2,98,40,120,35,60,17,53,90" hai3="51,28,117,62,56,10,44,104,55,6,47,50,86"/><V110/><F120/><W22/><G104/><T89/><D123/><U37/><E122/><V32/><F40/><W101/><G117/><T58/><D130/><U93/><E128/><V70/><F110/><W102/><G86/><T80/><D126/><U20/><E33/><V106/><F70/><W31/><G22/><T72/><D1/><U113/><E11/><V134/><F134/><W69/><G69/><T135/><D135/><U16/><E132/><V4/><F2/><W54/><G31/><T57/><D46/><U99/><E65/><V15/><F3/><W59/><G28/><T67/><D100/><U127/><E127/><V73/><F73/><W91/><G91/><T121/><D121/><U87/><E39/><V129/><F129/><W85/><G85/><T66/><D66/><U124/><E113/><V14/><F68/><W103/><G62/><T108/><D108/><U48/><E37/><V30/><F30/><W96/><G96/><T133/><D133/><U78/><E124/><V64/><F64/><W0/><AGARI ba="1,0" hai="0,6,10,44,47,50,51,54,55,56,59,101,102,103" machi="0" ten="30,2000,0" yaku="0,1,9,1" doraHai="8" who="3" fromWho="3" sc="170,-6,147,-6,446,-11,237,23" /><INIT seed="3,0,0,3,4,79" ten="164,141,435,260" oya="3" hai0="106,73,97,44,39,107,112,70,54,59,61,121,102" hai1="12,25,84,1,96,68,51,123,104,2,42,86,21" hai2="47,38,115,120,45,127,0,52,13,41,118,9,91" hai3="85,28,87,34,50,37,130,49,98,114,32,6,76"/><W95/><G114/><T46/><D121/><U126/><E123/><V81/><F120/><W134/><G37/><T66/><D112/><U48/><E68/><V100/><F0/><W71/><G71/><T18/><D73/><U7/><E126/><V35/><F35/><W132/><G6/><T43/><D44/><U113/><E113/><V8/><F118/><W16/><G130/><T82/><D18/><U31/><E2/><V131/><F131/><W26/><G34/><T57/><D57/><U55/><E1/><V111/><F111/><W74/><G74/><T62/><D82/><U110/><E110/><V119/><F127/><W24/><G76/><T122/><D122/><U33/><E104/><AGARI ba="0,0" hai="39,43,46,54,59,61,62,66,70,97,102,104,106,107" machi="104" ten="30,1000,0" yaku="7,1" doraHai="79" who="0" fromWho="1" sc="164,10,141,-10,435,0,260,0" /><INIT seed="4,0,0,0,2,3" ten="174,131,435,260" oya="0" hai0="70,85,45,97,14,129,124,42,95,52,83,84,90" hai1="116,87,114,127,22,12,53,135,71,41,76,94,20" hai2="72,131,93,17,32,68,7,69,79,54,37,36,59" hai3="39,34,57,0,38,100,101,13,88,104,75,10,99"/><T86/><D124/><U9/><E127/><V47/><F131/><W115/><G0/><T107/><D129/><U58/><E116/><V25/><F36/><W61/><G34/><T117/><D117/><U4/><E71/><V1/><F93/><W29/><G29/><T132/><D132/><U121/><E121/><V65/><F17/><W24/><G24/><T120/><D120/><U118/><E118/><V91/><F91/><W63/><G75/><T98/><D70/><U60/><E135/><V109/><F109/><W51/><G115/><T126/><D126/><U73/><E114/><V40/><F25/><W110/><G110/><T8/><D107/><U15/><E73/><V49/><F32/><W55/><G101/><T102/><D98/><U30/><E30/><V103/><F103/><W106/><G106/><T56/><D42/><U19/><E41/><V82/><REACH who="2" step="1"/><F65/><REACH who="2" ten="174,131,425,260" step="2"/><W105/><G105/><T48/><REACH who="0" step="1"/><D56/><REACH who="0" ten="164,131,425,260" step="2"/><U133/><E133/><V89/><F89/><W112/><G112/><T33/><D33/><U96/><E96/><V35/><F35/><W78/><G88/><T46/><D46/><U77/><E94/><V6/><F6/><AGARI ba="0,2" hai="6,8,14,45,48,52,83,84,85,86,90,95,97,102" machi="6" ten="30,12000,1" yaku="1,1,7,1,8,1,52,1,54,1,53,0" doraHai="3" doraHaiUra="74" who="0" fromWho="2" sc="164,140,131,0,425,-120,260,0" /><INIT seed="4,1,0,5,5,113" ten="304,131,305,260" oya="0" hai0="112,12,69,8,57,1,23,3,29,46,61,109,60" hai1="37,108,27,79,100,85,134,28,20,105,45,132,44" hai2="116,96,89,14,31,53,38,91,135,72,103,15,36" hai3="24,17,7,129,0,122,30,43,5,11,106,67,101"/><T102/><D112/><U127/><E108/><V25/><F72/><W93/><G106/><T41/><D109/><U62/><E127/><V126/><F126/><W121/><G43/><T76/><D69/><U21/><E105/><V77/><F77/><W71/><G101/><T117/><D117/><U114/><E100/><V47/><F116/><W2/><G93/><T13/><D76/><U92/><E114/><V97/><F135/><W22/><G67/><T16/><D102/><U130/><E130/><V82/><F103/><W99/><G99/><T9/><D9/><U42/><E45/><V48/><F82/><W87/><G87/><T65/><D61/><U52/><E20/><N who="2" m="15783" /><F38/><W111/><G71/><T125/><D125/><U40/><E40/><V80/><F36/><W94/><G94/><T74/><D74/><U119/><E119/><V32/><F32/><W18/><G111/><T81/><D81/><U86/><E79/><V64/><F64/><W95/><G95/><T84/><D84/><U35/><E35/><V33/><F33/><W120/><G129/><T26/><D13/><N who="2" m="4618" /><F80/><W49/><G49/><AGARI ba="1,0" hai="1,3,8,12,16,23,26,29,41,46,49,57,60,65" machi="49" ten="30,2900,0" yaku="7,1,54,1" doraHai="113" who="0" fromWho="3" sc="304,32,131,0,305,0,260,-32" /><INIT seed="4,2,0,3,3,43" ten="336,131,305,228" oya="0" hai0="36,0,67,123,59,88,6,95,85,54,31,10,79" hai1="57,127,102,48,122,112,106,60,46,29,65,51,128" hai2="18,58,53,30,135,11,7,8,52,25,38,73,37" hai3="44,93,23,66,61,134,78,1,118,16,4,62,96"/><T87/><D123/><U26/><E122/><V90/><F73/><W41/><G134/><T19/><D36/><U92/><E106/><V20/><F135/><W103/><G118/><T63/><D31/><U113/><E128/><V100/><F100/><W131/><G131/><T114/><D114/><N who="1" m="44139" /><E102/><V75/><F75/><W130/><G130/><T98/><D79/><U133/><E92/><V84/><F38/><W27/><G78/><T117/><D117/><U72/><E72/><V74/><F74/><W83/><G83/><T120/><D120/><U68/><E133/><V15/><F37/><W2/><G4/><T21/><REACH who="0" step="1"/><D67/><REACH who="0" ten="326,131,305,228" step="2"/><U77/><E77/><V33/><F58/><W116/><G116/><T126/><D126/><U47/><E127/><V129/><F129/><W111/><G111/><T99/><D99/><U35/><E68/><V107/><F107/><W34/><G34/><T12/><AGARI ba="2,1" hai="0,6,10,12,19,21,54,59,63,85,87,88,95,98" machi="12" ten="20,18000,2" yaku="1,1,0,1,7,1,54,1,53,2" doraHai="43" doraHaiUra="80" who="0" fromWho="0" sc="326,196,131,-62,305,-62,228,-62" /><INIT seed="4,3,0,4,0,87" ten="522,69,243,166" oya="0" hai0="115,132,111,94,109,129,108,119,86,79,22,31,26" hai1="55,13,34,123,54,84,42,105,133,73,47,106,28" hai2="36,56,10,25,113,53,118,60,33,110,76,100,91" hai3="88,8,58,12,131,74,85,114,14,72,1,0,18"/><T65/><D119/><U38/><E73/><V19/><F110/><W6/><G114/><T59/><D115/><U52/><E123/><V16/><F113/><W77/><G131/><T80/><D129/><U41/><E133/><V5/><F36/><W126/><G126/><T24/><D132/><U124/><E124/><V29/><F118/><W95/><G58/><T122/><D122/><U98/><E42/><V125/><F125/><W27/><G27/><N who="0" m="16887" /><D94/><U96/><E34/><V61/><F100/><W93/><G93/><T128/><D128/><U99/><E28/><V48/><F76/><W44/><G44/><T90/><D79/><U39/><E39/><V117/><F117/><W40/><G40/><T103/><D103/><U9/><REACH who="1" step="1"/><E84/><REACH who="1" ten="522,59,243,166" step="2"/><V32/><F32/><W97/><G74/><T4/><D111/><U37/><E37/><V15/><REACH who="2" step="1"/><F91/><REACH who="2" ten="522,59,233,166" step="2"/><W135/><G135/><T112/><D90/><U50/><E50/><V130/><F130/><W7/><G72/><T20/><D108/><U83/><E83/><V102/><F102/><W62/><G88/><T69/><D80/><U45/><E45/><V68/><F68/><W81/><G81/><T92/><D69/><U46/><E46/><V89/><F89/><W35/><G77/><T116/><D109/><U75/><E75/><V70/><F70/><W101/><G85/><T120/><D86/><U51/><E51/><V17/><AGARI ba="3,2" hai="5,10,15,16,17,19,25,29,33,48,53,56,60,61" machi="17" ten="30,4000,0" yaku="1,1,0,1,54,1,53,0" doraHai="87" doraHaiUra="82" who="2" fromWho="2" sc="522,-23,59,-13,233,69,166,-13" /><INIT seed="5,0,0,0,5,81" ten="499,46,302,153" oya="1" hai0="88,23,120,71,47,16,46,8,103,53,63,93,89" hai1="85,96,130,44,106,66,77,111,105,43,5,134,123" hai2="80,115,26,33,122,52,42,40,6,113,25,55,126" hai3="86,97,41,10,32,21,135,51,84,61,76,83,4"/><U9/><E123/><V65/><F122/><W82/><G32/><T0/><D120/><U74/><E66/><V57/><F6/><W128/><G128/><T109/><D109/><U1/><E130/><V70/><F80/><W11/><G135/><T72/><D72/><U14/><E134/><V133/><F133/><W13/><G97/><N who="0" m="59823" /><D8/><U125/><E111/><V94/><F94/><W60/><G21/><T36/><D36/><U117/><E117/><V79/><F79/><N who="3" m="46175" /><G11/><T100/><D100/><U15/><E125/><V104/><F104/><W12/><G12/><N who="0" m="9607" /><D71/><U108/><E108/><V87/><F87/><W68/><G68/><T78/><D78/><U18/><E96/><V56/><F33/><W107/><G107/><T131/><D0/><U38/><E85/><V64/><REACH who="2" step="1"/><F70/><REACH who="2" ten="499,46,292,153" step="2"/><W37/><G37/><T95/><D131/><U35/><E35/><V49/><F49/><W90/><G76/><T30/><D95/><U98/><E98/><V50/><F50/><W39/><G39/><T114/><D63/><U19/><E1/><V48/><F48/><W110/><G110/><T17/><D89/><U69/><E69/><V99/><F99/><W28/><G28/><T127/><D30/><U101/><E101/><V116/><F116/><W67/><G67/><T92/><D88/><U59/><E59/><V58/><F58/><W119/><G119/><T7/><D92/><U73/><E5/><V2/><F2/><W102/><G102/><T121/><D7/><U112/><E112/><V45/><F45/><AGARI ba="0,1" hai="4,10,13,41,45,51,60,61,83,86,90" m="46175" machi="45" ten="30,7700,0" yaku="25,1,8,1,52,2" doraHai="81" who="3" fromWho="2" sc="499,0,46,0,292,-77,153,87" /><INIT seed="6,0,0,0,1,73" ten="499,46,215,240" oya="2" hai0="64,66,18,36,9,95,106,119,1,16,96,58,81" hai1="135,63,108,104,38,105,82,94,90,114,22,67,84" hai2="98,39,113,123,41,2,4,128,74,13,42,85,28" hai3="33,7,54,47,62,49,57,103,5,69,31,6,37"/><V14/><F123/><W131/><G131/><T25/><D119/><U86/><E38/><V92/><F74/><W116/><G116/><T132/><D132/><U15/><E15/><V71/><F71/><W56/><G33/><T30/><D36/><U127/><E22/><V93/><F2/><W133/><G133/><T55/><D106/><U87/><E63/><V44/><F42/><W0/><G31/><T97/><D81/><U115/><E67/><V17/><F128/><W121/><G121/><T109/><D109/><U53/><E53/><V125/><F28/><W79/><G103/><T21/><D96/><U24/><E108/><V101/><F125/><W29/><G29/><T51/><D1/><U11/><E11/><V91/><F113/><N who="1" m="43017" /><E24/><V12/><REACH who="2" step="1"/><F4/><REACH who="2" ten="499,46,205,240" step="2"/><W61/><G7/><T46/><D30/><U43/><E127/><V126/><F126/><W89/><G6/><T50/><D18/><AGARI ba="0,1" hai="12,13,14,17,18,39,41,44,85,91,92,93,98,101" machi="18" ten="40,2000,0" yaku="1,1,53,0" doraHai="73" doraHaiUra="129" who="2" fromWho="0" sc="499,-20,46,0,205,30,240,0" /><INIT seed="6,1,0,2,2,22" ten="479,46,235,240" oya="2" hai0="80,108,9,73,107,7,70,105,3,37,110,131,31" hai1="119,63,6,35,91,115,111,0,61,97,12,39,135" hai2="88,89,40,109,130,90,71,36,60,68,117,133,99" hai3="94,123,8,81,19,124,134,14,69,49,2,64,46"/><V51/><F117/><W5/><G123/><T56/><D70/><U122/><E12/><V121/><F121/><W47/><G134/><T96/><D131/><U32/><E97/><V116/><F116/><W23/><G124/><T53/><D31/><U114/><E91/><V16/><F36/><W92/><G47/><T65/><D65/><U67/><E6/><V100/><F133/><W52/><REACH who="3" step="1"/><G81/><REACH who="3" ten="479,46,235,230" step="2"/><T38/><D80/><U79/><E122/><V26/><F130/><W62/><AGARI ba="1,1" hai="2,5,8,14,19,23,46,49,52,62,64,69,92,94" machi="62" ten="30,7900,0" yaku="1,1,2,1,0,1,54,1,53,0" doraHai="22" doraHaiUra="129" who="3" fromWho="3" sc="479,-21,46,-21,235,-40,230,92" /><INIT seed="7,0,0,5,2,29" ten="458,25,195,322" oya="3" hai0="60,130,70,31,38,17,49,115,77,18,30,54,83" hai1="45,99,28,37,10,7,73,74,132,98,44,47,72" hai2="65,63,81,2,61,118,23,93,113,131,64,42,40" hai3="129,14,85,91,6,116,16,11,104,5,87,101,55"/><W84/><G116/><T4/><D38/><U48/><E37/><V32/><F118/><W135/><G129/><T20/><D130/><U121/><E28/><V15/><F131/><W24/><G135/><T94/><D4/><U21/><E21/><V57/><F2/><W92/><G104/><T124/><D124/><U75/><N who="1" m="18432" /><DORA hai="36" /><U13/><E48/><V126/><F126/><W110/><G110/><T26/><D30/><U27/><E27/><V82/><F113/><W111/><G111/><T95/><D115/><U107/><E107/><V58/><F32/><W9/><G101/><T69/><D69/><U56/><E56/><V89/><F82/><W52/><G24/><T43/><D43/><N who="2" m="16426" /><F81/><W12/><REACH who="3" step="1"/><G6/><REACH who="3" ten="458,25,195,312" step="2"/><T96/><D26/><U97/><REACH who="1" step="1"/><E132/><REACH who="1" ten="458,15,195,312" step="2"/><V108/><F108/><W25/><G25/><T51/><D31/><U105/><E105/><V19/><F93/><W122/><G122/><AGARI ba="0,2" hai="7,10,13,44,45,47,97,98,99,121,122" m="18432" machi="122" ten="80,8000,1" yaku="1,1,29,2,53,0" doraHai="29,36" doraHaiUra="128,50" who="1" fromWho="3" sc="458,0,15,100,195,0,312,-80" owari="458,55.0,115,-38.0,195,-20.0,232,3.0" /></mjloggm>