<mjloggm ver="2.3"><GO type="41" lobby="0"/><UN n0="%E2%93%9D%53%75%70%68%78" n1="%E7%B5%90%E3%82%86%E3%81%84" n2="%4C%69%6D%61%63%6E" n3="%E3%82%B0%E3%83%AA%E3%82%B3%E3%83%BC%E3%82%B2%E3%83%B3" dan="18,14,14,14" rate="2132.99,1968.80,1929.38,1904.07" sx="M,M,M,M"/><TAIKYOKU oya="0"/><INIT seed="0,0,0,1,2,15" ten="250,250,250,250" oya="0" hai0="8,47,53,34,57,48,71,106,35,63,72,29,0" hai1="90,32,92,18,91,13,131,99,51,52,70,94,11" hai2="45,62,115,80,121,54,113,20,12,132,116,122,87" hai3="31,85,110,16,88,117,125,96,108,37,127,9,130"/><T10/><D72/><U64/><E131/><V118/><F132/><W93/><G117/><N who="2" m="45161" /><F62/><W79/><G37/><T65/><D106/><U40/><E32/><V36/><F36/><W49/><G31/><T26/><D0/><U89/><E40/><V66/><F66/><W23/><G9/><T73/><D73/><U58/><E70/><V42/><F54/><W78/><G49/><T21/><D35/><U101/><E64/><V97/><F97/><AGARI ba="0,0" hai="11,13,18,51,52,58,89,90,91,92,94,97,99,101" machi="97" ten="30,7700,0" yaku="7,1,8,1,52,1,54,1" doraHai="15" who="1" fromWho="2" sc="250,0,250,77,250,-77,250,0" /><INIT seed="1,0,0,0,4,107" ten="250,327,173,250" oya="1" hai0="5,89,38,13,67,56,58,4,111,17,96,47,91" hai1="28,19,98,74,45,7,35,44,23,104,68,78,84" hai2="16,12,30,3,117,127,34,62,131,79,82,80,14" hai3="63,0,87,20,134,8,126,83,9,123,15,114,73"/><U116/><E116/><V115/><F117/><W49/><G123/><T129/><D111/><U128/><E68/><V121/><F115/><W26/><G0/><T100/><D129/><U75/><E7/><V99/><F131/><W120/><G73/><T54/><D38/><U122/><E122/><V39/><F121/><W21/><G120/><T101/><D47/><U76/><E128/><V6/><F39/><W50/><G114/><T29/><D29/><U109/><E28/><V22/><F127/><W132/><G126/><T41/><D41/><U10/><E10/><N who="2" m="2399" /><F99/><W102/><G102/><T37/><D37/><U33/><E104/><V18/><F62/><W112/><G112/><T71/><D71/><U31/><E31/><V64/><F64/><W70/><G132/><T11/><D5/><U72/><E98/><V105/><F79/><W55/><G134/><T42/><D42/><U65/><E65/><V97/><F97/><W66/><G15/><T59/><D67/><U48/><E109/><V77/><F77/><W93/><G93/><N who="0" m="58383" /><D101/><U113/><E45/><V103/><F103/><W86/><G20/><T90/><D4/><U24/><E113/><V51/><F51/><AGARI ba="0,0" hai="11,13,17,51,54,56,58,59,89,90,91" m="58383" machi="51" ten="30,1000,0" yaku="8,1" doraHai="107" who="0" fromWho="2" sc="250,10,327,0,173,-10,250,0" /><INIT seed="2,0,0,1,3,9" ten="260,327,163,250" oya="2" hai0="96,124,6,119,30,51,84,89,7,99,64,112,101" hai1="115,105,67,130,110,113,1,88,31,27,121,108,13" hai2="134,86,135,54,82,100,131,91,49,0,76,80,34" hai3="43,132,17,45,81,70,53,103,129,52,14,32,35"/><V107/><F34/><W87/><G70/><T77/><D112/><U12/><E105/><V38/><F38/><W19/><G129/><T56/><D124/><U44/><E67/><V22/><F0/><W57/><G132/><N who="2" m="50729" /><F22/><W48/><G19/><T106/><D119/><U23/><E130/><V42/><F42/><W127/><G103/><T65/><D77/><U8/><E44/><V73/><F49/><W109/><G109/><N who="1" m="42090" /><E121/><V20/><F20/><W63/><G43/><T92/><D30/><U61/><E61/><V74/><F54/><W39/><G39/><T122/><D122/><U72/><E72/><N who="2" m="43015" /><F131/><W60/><G60/><T75/><D65/><U94/><E1/><V111/><F111/><W98/><G98/><AGARI ba="0,0" hai="73,74,82,86,91,98,100,107" m="43015,50729" machi="98" ten="30,5800,0" yaku="20,1,34,2" doraHai="9" who="2" fromWho="3" sc="260,0,327,0,163,58,250,-58" /><INIT seed="2,1,0,1,4,41" ten="260,327,221,192" oya="2" hai0="84,59,128,58,65,72,37,28,10,126,78,96,83" hai1="123,79,3,31,117,12,33,102,122,114,45,132,46" hai2="17,69,56,120,25,124,118,13,43,20,26,63,24" hai3="101,57,107,115,44,121,95,67,66,54,74,104,131"/><V51/><F118/><W40/><G121/><N who="1" m="46090" /><E114/><V88/><F120/><W32/><G131/><T0/><D126/><U98/><E117/><V110/><F110/><W38/><G32/><T52/><D37/><U22/><E3/><V71/><F124/><W49/><G74/><T62/><D128/><U23/><E79/><V47/><REACH who="2" step="1"/><F88/><REACH who="2" ten="260,327,211,192" step="2"/><W53/><G115/><T60/><D78/><U4/><E132/><V35/><F35/><W116/><G116/><T125/><D125/><U70/><E70/><V76/><F76/><W133/><G133/><T100/><D100/><U36/><E36/><V50/><F50/><W130/><G130/><T103/><D103/><U89/><E89/><V7/><F7/><W91/><G101/><T15/><D62/><U80/><E33/><V39/><F39/><W64/><REACH who="3" step="1"/><G53/><AGARI ba="1,1" hai="13,17,20,24,25,26,43,47,51,53,56,63,69,71" machi="53" ten="40,7700,0" yaku="1,1,52,1,53,1" doraHai="41" doraHaiUra="9" who="2" fromWho="3" sc="260,0,327,0,211,90,192,-80" /><INIT seed="2,2,0,0,0,29" ten="260,327,301,112" oya="2" hai0="59,11,118,64,57,71,63,73,135,14,24,82,55" hai1="34,109,84,108,87,50,38,51,56,67,122,60,130" hai2="42,120,62,4,78,66,30,76,131,47,132,80,12" hai3="44,129,100,18,27,61,7,90,117,98,5,94,22"/><V103/><F120/><W2/><G117/><T58/><D135/><U19/><E122/><V99/><F132/><W49/><G129/><T74/><D118/><U119/><E119/><V17/><F4/><W113/><G2/><T86/><D24/><U72/><E72/><V128/><F30/><W26/><G113/><T37/><D37/><U77/><E38/><V13/><F13/><W45/><G45/><T133/><D133/><U114/><E114/><V41/><F41/><W88/><G61/><T68/><D68/><U1/><E1/><V28/><F28/><W21/><G5/><T110/><D110/><N who="1" m="42603" /><E19/><V70/><F80/><W125/><G7/><T102/><D102/><U33/><E130/><N who="2" m="49707" /><F17/><N who="3" m="12591" /><G125/><T123/><D123/><U35/><E77/><V9/><F12/><W127/><G127/><T79/><D55/><AGARI ba="2,0" hai="18,22,27,44,49,55,88,90,94,98,100" m="12591" machi="55" ten="30,2000,0" yaku="8,1,54,1" doraHai="29" who="3" fromWho="0" sc="260,-26,327,0,301,0,112,26" /><INIT seed="3,0,0,5,5,43" ten="234,327,301,138" oya="3" hai0="80,98,6,73,84,113,18,28,19,49,79,91,69" hai1="133,2,104,121,40,76,86,54,94,61,103,41,129" hai2="5,66,35,14,132,110,85,21,71,46,67,52,96" hai3="0,42,92,16,134,82,75,123,47,131,57,135,124"/><W20/><G123/><T108/><D69/><U95/><E121/><V99/><F132/><N who="3" m="50731" /><G0/><T70/><D70/><U100/><E2/><V90/><F35/><W105/><G105/><T114/><D6/><U127/><E61/><V51/><F110/><W102/><G124/><T109/><D28/><U17/><E17/><N who="0" m="6153" /><D49/><U27/><E27/><V115/><F21/><W107/><G131/><T10/><D10/><U112/><E54/><V68/><F68/><W65/><G107/><T38/><D38/><U74/><E40/><V111/><F115/><N who="0" m="44042" /><D98/><N who="2" m="37418" /><F111/><W36/><G92/><AGARI ba="0,0" hai="73,79,80,84,91,92,108,109" m="44042,6153" machi="92" ten="30,1000,0" yaku="11,1" doraHai="43" who="0" fromWho="3" sc="234,10,327,0,301,0,138,-10" /><INIT seed="4,0,0,3,2,18" ten="244,327,301,128" oya="0" hai0="133,107,71,108,121,122,40,5,0,57,83,50,23" hai1="97,79,62,104,46,25,94,74,14,28,29,125,92" hai2="44,53,9,106,6,99,127,56,4,11,116,98,35" hai3="8,81,68,47,33,67,21,117,78,38,1,34,134"/><T95/><D107/><U84/><E125/><V31/><F127/><W70/><G117/><T2/><D71/><U17/><E74/><V114/><F114/><W124/><G124/><T112/><D112/><U58/><E104/><V63/><F116/><W32/><G67/><T60/><D133/><U76/><E46/><V118/><F118/><W103/><G103/><T61/><D83/><U69/><E69/><V91/><F106/><W55/><G134/><T65/><D5/><U93/><E84/><V128/><F128/><W120/><G55/><T77/><D77/><N who="1" m="29771" /><E97/><V41/><F91/><W72/><G21/><T22/><D40/><U42/><E25/><V87/><F87/><W20/><G20/><T80/><D80/><U85/><E85/><V30/><F35/><W129/><G120/><T39/><D65/><N who="1" m="39127" /><E42/><V16/><F6/><W64/><G64/><T43/><D43/><U135/><E135/><V49/><F4/><N who="3" m="1039" /><G129/><T13/><D122/><U101/><E101/><V19/><F9/><AGARI ba="0,0" hai="9,14,17,28,29,92,93,94" m="39127,29771" machi="9" ten="30,1000,0" yaku="8,1" doraHai="18" who="1" fromWho="2" sc="244,0,327,10,301,-10,128,0" /><INIT seed="5,0,0,5,2,59" ten="244,337,291,128" oya="1" hai0="123,62,85,86,29,72,47,27,20,135,21,98,54" hai1="9,130,32,11,36,1,80,61,34,132,10,7,119" hai2="64,84,115,2,105,52,56,0,65,35,41,63,110" hai3="96,73,97,129,8,77,31,13,38,89,17,121,12"/><U88/><E36/><V19/><F105/><W33/><G129/><T125/><D72/><U131/><E119/><V42/><F110/><W112/><G121/><T51/><D135/><U16/><E132/><V117/><F35/><W114/><G38/><T133/><D125/><U70/><E11/><V118/><F84/><W127/><G73/><T113/><D113/><U30/><E30/><V120/><F19/><W67/><G77/><T104/><D123/><U23/><E10/><V25/><F25/><W5/><G89/><T39/><D39/><U68/><E68/><V55/><F2/><W116/><G67/><N who="2" m="25673" /><F0/><W26/><G96/><T48/><D98/><U45/><E45/><V82/><F82/><W71/><G97/><T134/><D104/><U78/><E61/><V28/><F28/><W87/><G87/><T106/><D62/><U18/><E70/><V90/><F90/><W103/><G103/><T107/><D29/><U57/><E57/><N who="2" m="35239" /><F118/><W76/><G76/><T53/><D47/><U81/><E81/><V108/><F108/><W6/><G71/><T91/><D91/><U126/><E78/><V46/><F120/><W79/><G79/><T75/><D75/><U66/><E34/><V14/><F117/><W95/><G95/><T43/><D27/><U49/><E32/><V94/><F94/><W40/><G116/><T3/><D3/><U4/><E7/><N who="3" m="2570" /><G127/><T15/><D15/><N who="3" m="5705" /><G40/><AGARI ba="0,0" hai="20,21,40,43,48,51,53,54,85,86,106,107,133,134" machi="40" ten="25,1600,0" yaku="22,2" doraHai="59" who="0" fromWho="3" sc="244,16,337,0,291,0,128,-16" /><INIT seed="6,0,0,5,3,120" ten="260,337,291,112" oya="2" hai0="22,35,128,98,131,80,45,20,63,127,49,16,62" hai1="1,64,38,70,129,13,60,11,71,83,89,99,19" hai2="43,59,90,67,26,33,3,5,132,2,58,24,93" hai3="0,76,39,30,92,74,124,48,52,110,10,9,82"/><V81/><F33/><W112/><G0/><T104/><D35/><U32/><E38/><V23/><F132/><W34/><G39/><T88/><D22/><U12/><E1/><V27/><F43/><W135/><G135/><T72/><D127/><U40/><E40/><V6/><F81/><W29/><G124/><T41/><D104/><U7/><E129/><N who="0" m="49737" /><D72/><U109/><E109/><V95/><F23/><W84/><G110/><T107/><D107/><U103/><E89/><V117/><F117/><W77/><G112/><T8/><D8/><U106/><E83/><V126/><F27/><W85/><G77/><T108/><D108/><U116/><E32/><V125/><REACH who="2" step="1"/><F90/><REACH who="2" ten="260,337,281,112" step="2"/><W113/><G113/><T86/><D98/><U87/><E116/><V47/><F47/><N who="3" m="27679" /><G34/><T56/><D56/><U134/><E134/><V78/><F78/><W51/><G74/><T102/><D102/><U94/><E71/><V61/><F61/><W130/><G130/><T17/><D17/><U69/><E69/><V66/><AGARI ba="0,1" hai="2,3,5,6,24,26,58,59,66,67,93,95,125,126" machi="66" ten="25,9600,0" yaku="1,1,0,1,22,2,53,0" doraHai="120" doraHaiUra="50" who="2" fromWho="2" sc="260,-32,337,-32,281,106,112,-32" /><INIT seed="6,1,0,4,4,53" ten="228,305,387,80" oya="2" hai0="45,7,63,38,84,128,114,132,130,107,96,23,108" hai1="41,111,33,4,85,44,135,9,79,109,26,25,40" hai2="20,75,91,134,48,102,58,18,19,62,101,133,14" hai3="72,3,10,118,94,2,8,92,113,13,126,64,77"/><V16/><F75/><W56/><G118/><T17/><D108/><U117/><E117/><V68/><F68/><W50/><G126/><T5/><D114/><U36/><E41/><V57/><F48/><W129/><G77/><T106/><D84/><U99/><E135/><N who="2" m="51723" /><F91/><W15/><G72/><T32/><D32/><U98/><E26/><N who="2" m="14599" /><F62/><W90/><G113/><T120/><D63/><U76/><E79/><V37/><F37/><W89/><G50/><T22/><D38/><U69/><E69/><V82/><F82/><W61/><G129/><T119/><D132/><U124/><E124/><V125/><F125/><W47/><G47/><T110/><D45/><U131/><E131/><V83/><F83/><W11/><G2/><T95/><D130/><U73/><E85/><V66/><F66/><W51/><G51/><T112/><D112/><U27/><E99/><V59/><F18/><W97/><REACH who="3" step="1"/><G3/><REACH who="3" ten="228,305,387,70" step="2"/><T78/><D128/><U115/><E115/><V21/><AGARI ba="1,1" hai="14,19,21,57,58,59,101,102" m="14599,51723" machi="21" ten="30,12000,1" yaku="20,1,52,3,54,1" doraHai="53" who="2" fromWho="2" sc="228,-41,305,-41,387,133,70,-41" /><INIT seed="6,2,0,4,1,74" ten="187,264,520,29" oya="2" hai0="26,4,27,84,105,8,126,73,7,5,61,21,28" hai1="70,118,67,75,122,41,22,119,65,56,96,54,55" hai2="121,101,31,15,14,115,77,60,13,52,36,9,18" hai3="97,127,117,82,40,91,42,38,69,37,76,59,2"/><V16/><F36/><W93/><G117/><T10/><D73/><U81/><E41/><V113/><F121/><W130/><G69/><T72/><D72/><U66/><E122/><V129/><F129/><W80/><G127/><T85/><D105/><U79/><E70/><V46/><F101/><W123/><G130/><T47/><D126/><U0/><E0/><V100/><F100/><W112/><G123/><T125/><D125/><U94/><E22/><V25/><F77/><W39/><G2/><T48/><D61/><U43/><E43/><V98/><F98/><W23/><G112/><N who="2" m="43081" /><F9/><N who="0" m="3690" /><D27/><U3/><E3/><V51/><F60/><W35/><G35/><AGARI ba="2,0" hai="13,14,15,16,18,25,31,35,46,51,52" m="43081" machi="35" ten="30,5800,0" yaku="15,1,54,2" doraHai="74" who="2" fromWho="3" sc="187,0,264,0,520,64,29,-64" owari="187,-21.0,264,6.0,584,69.0,-35,-54.0" /></mjloggm>