<mjloggm ver="2.3"><GO type="41" lobby="0"/><UN n0="%E4%BA%80%E5%B1%B1%E3%81%BF%E3%81%9D" n1="%E3%83%9A%E3%83%BC%E3%83%91%E3%83%BC" n2="%E3%82%86%E3%83%BC%E3%82%8A" n3="%E2%93%9D%53%75%70%68%78" dan="13,15,14,18" rate="1898.26,1936.71,1825.74,2088.56" sx="F,M,M,M"/><TAIKYOKU oya="0"/><INIT seed="0,0,0,4,1,120" ten="250,250,250,250" oya="0" hai0="103,82,33,123,78,79,93,108,67,72,71,128,23" hai1="24,104,115,97,17,45,38,68,34,111,48,25,30" hai2="53,59,102,6,84,124,109,132,51,96,92,112,106" hai3="60,66,42,39,85,37,90,73,99,121,129,89,58"/><T135/><D33/><U41/><E115/><V43/><F112/><W117/><G73/><T13/><D123/><U80/><E48/><V11/><F124/><W2/><G2/><T91/><D71/><U29/><E17/><V95/><F132/><W81/><G129/><T40/><D67/><U86/><E86/><V22/><F109/><W35/><G117/><T10/><D40/><U63/><E80/><V21/><F43/><W9/><G35/><T133/><D23/><U130/><E130/><V28/><F28/><W62/><G9/><T70/><D70/><U107/><E25/><V50/><F50/><W116/><G116/><T54/><D128/><U100/><E30/><V47/><F47/><W52/><G121/><T126/><D79/><U88/><E88/><N who="2" m="53255" /><F106/><W44/><G39/><T118/><D118/><U31/><E31/><V101/><F101/><W119/><G119/><T7/><D126/><U114/><E114/><V98/><F98/><W20/><G99/><T77/><D77/><U16/><E107/><V76/><F76/><W27/><G90/><T61/><D103/><U113/><E113/><V55/><F55/><W14/><G27/><T1/><D1/><U56/><E56/><V18/><F6/><W83/><G83/><T69/><D108/><U57/><E57/><V94/><F94/><W75/><G75/><T110/><D110/><U125/><E111/><V105/><F105/><W64/><G62/><T134/><D54/><U131/><E131/><V87/><F87/><W5/><G5/><T15/><D69/><U65/><E125/><V49/><F49/><RYUUKYOKU ba="0,0" sc="250,-30,250,10,250,10,250,10" hai1="16,24,29,34,38,41,45,63,65,68,97,100,104" hai2="11,18,21,22,51,53,59,95,96,102" hai3="14,20,37,42,44,52,58,60,64,66,81,85,89" /><INIT seed="1,1,0,2,0,71" ten="220,260,260,260" oya="1" hai0="41,113,77,17,96,53,115,44,30,27,14,2,129" hai1="7,95,133,90,6,59,73,104,1,120,111,109,93" hai2="121,4,114,116,84,49,103,68,0,92,118,105,39" hai3="97,40,18,37,112,16,55,57,29,61,64,88,85"/><U63/><E104/><V10/><F121/><W19/><G112/><T47/><D129/><U108/><E73/><V51/><F68/><W134/><G134/><T99/><D77/><U26/><E120/><V43/><F105/><W22/><G97/><T25/><D2/><U46/><E133/><V33/><F33/><W54/><G40/><T31/><D53/><N who="3" m="19977" /><G37/><T102/><D41/><U126/><E46/><V69/><F69/><W3/><G3/><T74/><D14/><U62/><E59/><V58/><F114/><W34/><G34/><T132/><D132/><U106/><E106/><V130/><F130/><W42/><G42/><T56/><D56/><U83/><E1/><V127/><F127/><W87/><G88/><T36/><D17/><N who="3" m="6761" /><G29/><T91/><D91/><U117/><E126/><V86/><F39/><W75/><G75/><T32/><D32/><U82/><E26/><AGARI ba="1,0" hai="19,22,26,57,61,64,85,87" m="6761,19977" machi="26" ten="30,2000,0" yaku="8,1,54,1" doraHai="71" who="3" fromWho="1" sc="220,0,260,-23,260,0,260,23" /><INIT seed="2,0,0,4,4,57" ten="220,237,260,283" oya="2" hai0="45,28,41,52,9,74,12,1,133,121,75,10,62" hai1="111,122,37,123,34,13,84,93,15,69,20,126,55" hai2="80,30,77,32,110,131,103,70,124,68,31,44,24" hai3="47,36,43,100,3,40,39,67,82,11,91,63,134"/><V96/><F124/><W7/><G134/><T89/><D133/><U95/><E37/><V117/><F131/><W54/><G100/><T49/><D121/><U2/><E34/><V33/><F117/><W5/><G5/><T86/><D28/><U98/><E69/><V25/><F44/><W71/><G54/><T8/><D1/><U73/><E84/><V104/><REACH who="2" step="1"/><F110/><REACH who="2" ten="220,237,250,283" step="2"/><W99/><G39/><T51/><D12/><U21/><E126/><V88/><F88/><W83/><REACH who="3" step="1"/><G43/><REACH who="3" ten="220,237,250,273" step="2"/><T85/><D41/><U106/><E111/><V19/><F19/><W114/><G114/><T29/><D29/><U27/><E123/><V116/><F116/><W18/><G18/><T81/><D45/><U125/><E122/><V16/><F16/><W92/><AGARI ba="0,2" hai="3,7,11,36,40,47,63,67,71,82,83,91,92,99" machi="92" ten="30,4000,0" yaku="1,1,0,1,52,1,53,0" doraHai="57" doraHaiUra="23" who="3" fromWho="3" sc="220,-10,237,-10,250,-20,273,60" /><INIT seed="3,0,0,4,4,10" ten="210,227,230,333" oya="3" hai0="84,46,6,104,93,88,55,7,82,14,42,92,72" hai1="87,25,100,31,64,21,127,126,4,3,19,70,2" hai2="63,57,62,80,81,54,133,52,28,58,20,13,47" hai3="78,60,37,32,95,68,124,74,73,45,56,16,130"/><W51/><G32/><T65/><D65/><U38/><E38/><V109/><F109/><W50/><G78/><T35/><D35/><U96/><E87/><V122/><F122/><W22/><G68/><T91/><D104/><U43/><E43/><V5/><F133/><W134/><G130/><T116/><D72/><U97/><E97/><V8/><F47/><W66/><G124/><T11/><D116/><U77/><E77/><V18/><F28/><W40/><G134/><T107/><D107/><U118/><E118/><V113/><REACH who="2" step="1"/><F113/><REACH who="2" ten="210,227,220,333" step="2"/><W48/><REACH who="3" step="1"/><G95/><REACH who="3" ten="210,227,220,323" step="2"/><T120/><D120/><U44/><E127/><V61/><F61/><W94/><G94/><T123/><D123/><U26/><E126/><V98/><F98/><W86/><G86/><T131/><D93/><U103/><E96/><V90/><F90/><W1/><G1/><AGARI ba="0,2" hai="1,5,8,13,18,20,52,54,57,58,62,63,80,81" machi="1" ten="30,8000,1" yaku="1,1,7,1,9,1,52,1,54,1,53,0" doraHai="10" doraHaiUra="75" who="2" fromWho="3" sc="210,0,227,0,220,100,323,-80" /><INIT seed="4,0,0,4,5,122" ten="210,227,320,243" oya="0" hai0="96,44,103,69,48,104,4,46,89,94,25,64,67" hai1="28,47,38,114,80,102,99,55,63,34,132,30,124" hai2="45,74,13,100,23,10,78,7,0,79,108,106,81" hai3="43,72,56,130,77,53,82,14,19,9,115,112,91"/><T18/><D4/><U125/><E132/><V85/><F106/><W17/><G43/><T87/><D69/><U65/><E114/><N who="3" m="43562" /><G130/><T84/><D84/><U68/><E80/><V88/><F100/><W3/><G3/><T16/><D46/><U5/><E28/><V59/><F59/><W70/><G70/><T90/><D90/><U105/><E5/><V129/><F129/><W1/><G1/><T131/><D131/><U128/><E128/><V118/><F118/><W73/><G91/><T135/><D135/><U98/><E98/><V110/><F45/><W21/><G19/><T107/><D107/><U6/><E6/><V117/><F117/><W8/><G73/><T27/><D27/><U109/><E109/><V111/><REACH who="2" step="1"/><F74/><REACH who="2" ten="210,227,310,243" step="2"/><W35/><G35/><T119/><D119/><U20/><E38/><V86/><F86/><W71/><G71/><T120/><D120/><U127/><E47/><V31/><F31/><W101/><G101/><T75/><D75/><U54/><REACH who="1" step="1"/><E20/><REACH who="1" ten="210,217,310,243" step="2"/><V66/><F66/><W83/><G21/><T36/><D36/><U92/><E92/><V42/><F42/><W24/><G72/><T57/><D67/><U61/><E61/><V22/><F22/><W133/><G133/><T40/><REACH who="0" step="1"/><D25/><AGARI ba="0,2" hai="25,30,34,54,55,63,65,68,99,102,105,124,125,127" machi="25" ten="40,8000,1" yaku="1,1,25,2,18,1,53,1" doraHai="122" doraHaiUra="29" who="1" fromWho="0" sc="210,-80,217,100,310,0,243,0" /><INIT seed="5,0,0,5,3,64" ten="130,317,310,243" oya="1" hai0="30,106,24,17,32,43,39,96,105,57,115,18,73" hai1="91,4,37,7,11,63,128,124,50,54,130,104,84" hai2="5,126,21,47,81,94,65,14,90,135,33,27,93" hai3="34,109,116,36,41,100,6,120,103,49,31,99,38"/><U107/><E37/><V66/><F33/><W113/><G109/><T40/><D73/><U9/><E124/><V59/><F135/><W129/><G120/><T119/><D119/><U25/><E25/><V111/><F111/><W123/><G113/><T15/><D115/><U3/><E63/><V61/><F81/><W60/><G129/><T55/><D18/><U92/><E130/><V2/><F2/><W108/><G103/><T110/><D110/><U122/><E122/><V77/><F77/><W78/><G49/><T46/><D43/><U82/><E82/><V51/><F66/><W0/><G78/><T26/><D26/><U28/><E28/><V12/><F5/><W16/><G116/><T67/><D67/><U127/><E127/><V118/><F126/><W87/><G31/><T29/><D96/><U117/><E117/><V88/><F94/><W114/><G114/><T86/><D86/><U74/><E74/><V132/><F132/><W75/><G87/><T8/><REACH who="0" step="1"/><D30/><REACH who="0" ten="120,317,310,243" step="2"/><U79/><E128/><V42/><F118/><W71/><G108/><T58/><D58/><U70/><E84/><N who="2" m="52359" /><F90/><W35/><G75/><T131/><D131/><U89/><E89/><V52/><F42/><W98/><G41/><T53/><D53/><U1/><E91/><V23/><F27/><W85/><G85/><T13/><D13/><AGARI ba="0,1" hai="12,13,14,21,23,47,51,52,59,61,65" m="52359" machi="13" ten="30,3900,0" yaku="8,1,54,2" doraHai="64" who="2" fromWho="0" sc="120,-39,317,0,310,49,243,0" /><INIT seed="6,0,0,3,3,126" ten="81,317,359,243" oya="2" hai0="41,10,5,84,73,99,69,100,38,43,93,116,36" hai1="91,32,55,13,114,71,11,135,51,29,128,62,127" hai2="134,78,121,64,20,119,54,63,30,59,131,8,111" hai3="44,57,81,123,52,42,56,98,66,46,95,23,22"/><V0/><F121/><W92/><G123/><T103/><D69/><U75/><E127/><V61/><F119/><W109/><G109/><T34/><D73/><U133/><E75/><V26/><F111/><W47/><G42/><T90/><D34/><U89/><E29/><V15/><F0/><W88/><G81/><T67/><D67/><U3/><E3/><V16/><F78/><W31/><G31/><T60/><D60/><U82/><E32/><V113/><F113/><W107/><G107/><T40/><D116/><U17/><E114/><V14/><F134/><W105/><G105/><T37/><REACH who="0" step="1"/><D99/><REACH who="0" ten="71,317,359,243" step="2"/><U4/><E62/><V21/><F63/><N who="3" m="38247" /><G95/><T7/><D7/><U125/><E4/><V53/><F131/><W50/><AGARI ba="0,1" hai="22,23,44,46,47,50,52,57,88,92,98" m="38247" machi="50" ten="30,4000,0" yaku="8,1,54,2" doraHai="126" who="3" fromWho="3" sc="71,-10,317,-10,359,-20,243,50" /><INIT seed="7,0,0,0,5,6" ten="61,307,339,293" oya="3" hai0="134,5,8,133,80,128,61,18,11,107,120,21,26" hai1="33,93,87,116,110,91,69,79,62,88,44,111,76" hai2="20,42,83,125,40,114,121,25,48,55,14,95,113" hai3="29,60,119,123,47,67,34,131,127,45,50,49,86"/><W7/><G123/><T132/><D107/><U12/><E33/><V130/><F121/><W101/><G119/><T63/><D80/><U104/><E104/><V84/><F130/><W81/><G131/><T3/><D120/><U52/><E116/><V9/><F95/><W105/><G127/><T37/><D37/><U19/><E69/><V89/><F125/><W117/><G117/><T124/><D63/><U97/><E111/><V78/><F78/><W71/><G7/><T66/><D61/><U85/><E110/><V98/><F98/><N who="3" m="61623" /><G47/><T94/><D94/><N who="1" m="56543" /><E85/><V70/><F70/><W22/><G22/><T90/><D90/><U108/><E108/><V77/><F77/><N who="3" m="46383" /><G45/><T59/><D59/><N who="1" m="35175" /><E44/><N who="2" m="28039" /><F114/><W126/><G126/><T102/><D66/><U39/><E39/><V43/><F113/><W64/><G64/><T68/><D102/><U129/><E129/><V28/><F43/><W99/><G99/><T30/><D68/><U92/><E92/><V4/><AGARI ba="0,0" hai="4,9,14,20,25,28,40,42,83,84,89" m="28039" machi="4" ten="30,2000,0" yaku="8,1,52,1" doraHai="6" who="2" fromWho="2" sc="61,-5,307,-5,339,20,293,-10" owari="56,-44.0,302,10.0,359,46.0,283,-12.0" /></mjloggm>