<mjloggm ver="2.3"><GO type="41" lobby="0"/><UN n0="%E3%81%B6%E3%81%95%E3%81%AA%E3%82%8A%E3%81%B2" n1="%E5%90%89%E7%94%B0%E3%83%89%E3%83%9F%E3%83%8D%E3%83%BC%E3%82%BF%E3%83%BC" n2="%E2%93%9D%53%75%70%68%78" n3="%62%6C%6F%77%69%6E" dan="15,13,18,15" rate="1985.65,1889.92,2091.02,2005.38" sx="M,M,M,M"/><TAIKYOKU oya="0"/><INIT seed="0,0,0,1,0,95" ten="250,250,250,250" oya="0" hai0="110,1,93,70,132,106,55,6,51,66,33,57,42" hai1="117,94,115,134,23,49,40,89,58,54,39,47,88" hai2="65,27,50,73,5,86,43,0,63,41,17,8,120" hai3="83,81,131,91,10,125,45,77,64,48,101,3,36"/><T74/><D106/><U108/><E89/><V100/><F73/><W25/><G131/><T4/><D74/><U112/><E108/><V13/><F120/><W52/><G125/><T76/><D76/><U119/><E134/><V113/><F113/><N who="1" m="43593" /><E23/><V84/><F100/><W7/><G101/><T121/><D121/><U53/><E53/><V71/><F27/><W38/><G64/><T20/><D132/><U30/><E30/><V130/><F130/><W122/><G122/><T129/><D33/><U102/><E102/><V109/><F109/><W26/><G91/><T2/><D110/><U60/><E60/><V46/><REACH who="2" step="1"/><F43/><REACH who="2" ten="250,250,240,250" step="2"/><W22/><G26/><T67/><D42/><U104/><E104/><V87/><F87/><AGARI ba="0,1" hai="39,40,47,49,54,58,87,88,94,117,119" m="43593" machi="87" ten="30,2000,0" yaku="11,1,54,1" doraHai="95" who="1" fromWho="2" sc="250,0,250,30,240,-20,250,0" /><INIT seed="1,0,0,0,3,69" ten="250,280,220,250" oya="1" hai0="13,91,7,63,89,123,72,121,66,41,59,51,90" hai1="113,67,27,114,99,17,104,83,12,135,14,111,57" hai2="74,10,130,84,132,70,39,105,22,19,98,77,118" hai3="56,42,34,64,97,58,49,94,6,45,1,50,31"/><U28/><E14/><V48/><F118/><W54/><G1/><T134/><D134/><U0/><E135/><V129/><F70/><W107/><G107/><T103/><D72/><U87/><E0/><V122/><F122/><N who="0" m="46602" /><D103/><U23/><E99/><V95/><F48/><W101/><G6/><T125/><D125/><U126/><E104/><V24/><F74/><W61/><G34/><T29/><D29/><AGARI ba="0,0" hai="29,31,42,45,49,50,54,56,58,61,64,94,97,101" machi="29" ten="40,1300,0" yaku="8,1" doraHai="69" who="3" fromWho="0" sc="250,-13,280,0,220,0,250,13" /><INIT seed="2,0,0,5,1,96" ten="237,280,220,263" oya="2" hai0="44,83,103,59,81,41,16,78,108,114,99,102,1" hai1="46,115,52,67,70,94,11,110,55,21,45,128,24" hai2="121,5,4,33,8,91,32,133,77,20,17,116,88" hai3="40,111,54,113,12,43,71,61,90,85,49,31,19"/><V26/><F116/><W37/><G111/><T74/><D1/><U80/><E80/><V89/><F121/><W3/><G3/><T28/><D108/><U87/><E110/><V69/><F69/><W13/><G37/><T132/><D114/><U129/><E115/><V47/><F133/><W48/><G113/><T10/><D83/><U76/><E11/><V38/><F77/><W117/><G117/><T79/><D79/><U60/><E87/><V34/><REACH who="2" step="1"/><F8/><REACH who="2" ten="237,280,210,263" step="2"/><N who="3" m="6535" /><G71/><T72/><D132/><U39/><E76/><V122/><F122/><W75/><G75/><T29/><D72/><U42/><E46/><V109/><F109/><W57/><G31/><T84/><D74/><U56/><E70/><V15/><F15/><W93/><G13/><N who="0" m="7223" /><D29/><U68/><E68/><V62/><F62/><W58/><G49/><N who="0" m="26767" /><D28/><U7/><E128/><V14/><F14/><W120/><G120/><T73/><D73/><U100/><E129/><V27/><F27/><W51/><G51/><T82/><D82/><U106/><E60/><V66/><F66/><AGARI ba="0,1" hai="40,43,48,54,57,58,61,66,85,90,93" m="6535" machi="66" ten="30,1000,0" yaku="8,1" doraHai="96" who="3" fromWho="2" sc="237,0,280,0,210,-10,263,20" /><INIT seed="3,0,0,3,5,82" ten="237,280,200,283" oya="3" hai0="3,105,4,95,14,121,123,53,57,1,78,86,31" hai1="111,83,110,11,102,128,22,65,64,77,35,17,135" hai2="69,49,21,2,13,93,66,130,133,73,50,94,106" hai3="15,5,39,81,19,25,12,62,30,20,10,52,87"/><W126/><G39/><T84/><D105/><U114/><E35/><V90/><F2/><W36/><G36/><T33/><D14/><U26/><E114/><V28/><F73/><W60/><G126/><T99/><D33/><U56/><E135/><V119/><F130/><W43/><G43/><T6/><D31/><U9/><E102/><V45/><F119/><W32/><REACH who="3" step="1"/><G52/><REACH who="3" ten="237,280,200,273" step="2"/><T34/><D53/><U75/><E128/><V96/><F133/><W100/><G100/><T38/><D38/><U71/><E65/><V68/><F66/><W103/><G103/><T131/><D123/><U127/><E127/><V88/><F50/><W97/><G97/><T117/><D121/><U44/><E44/><V101/><F101/><W76/><AGARI ba="0,1" hai="5,10,12,15,19,20,25,30,32,60,62,76,81,87" machi="76" ten="20,7800,0" yaku="1,1,0,1,7,1,52,1,53,0" doraHai="82" doraHaiUra="132" who="3" fromWho="3" sc="237,-26,280,-26,200,-26,273,88" /><INIT seed="3,1,0,3,5,38" ten="211,254,174,361" oya="3" hai0="76,86,31,72,61,12,108,129,125,84,83,104,57" hai1="114,8,46,120,7,13,94,79,130,102,82,34,107" hai2="69,91,111,87,95,0,90,81,118,132,40,9,68" hai3="18,71,122,121,28,54,74,1,49,100,106,50,116"/><W53/><G28/><T131/><D108/><U25/><E107/><V128/><F118/><W45/><G74/><T113/><D104/><U47/><E120/><V112/><F112/><W3/><G71/><T109/><D109/><U27/><E130/><N who="0" m="49673" /><D125/><U97/><E114/><V39/><F132/><W119/><G106/><T101/><D101/><U55/><E34/><V59/><F59/><W60/><G100/><T44/><D12/><U103/><E103/><V127/><F127/><W30/><G30/><T135/><D135/><U123/><E123/><N who="3" m="47114" /><G18/><T6/><D6/><U4/><E7/><V75/><F111/><W96/><G96/><T16/><D16/><U2/><E2/><N who="3" m="522" /><G60/><T33/><D113/><U105/><E105/><V62/><F62/><W48/><G45/><T98/><D44/><U20/><E55/><AGARI ba="1,0" hai="48,49,50,53,54,55,116,119" m="522,47114" machi="55" ten="40,3900,0" yaku="28,2" doraHai="38" who="3" fromWho="1" sc="211,0,254,-42,174,0,361,42" /><INIT seed="3,2,0,3,2,59" ten="211,212,174,403" oya="3" hai0="50,131,98,112,55,106,130,37,73,84,134,51,36" hai1="35,48,2,126,44,77,12,116,121,72,71,74,54" hai2="87,107,57,100,0,3,65,33,111,135,8,40,113" hai3="32,118,125,13,82,70,123,14,104,120,92,94,99"/><W10/><G118/><T83/><D112/><U1/><E71/><V21/><F33/><W56/><G70/><T102/><D73/><U132/><E121/><V129/><F111/><W110/><G32/><T4/><D134/><U69/><E35/><V45/><F129/><N who="0" m="49162" /><D4/><U6/><E132/><V20/><F107/><W96/><G104/><T128/><N who="0" m="49170" /><T47/><DORA hai="5" /><D50/><U60/><E116/><V88/><F100/><W43/><G110/><T80/><D80/><U76/><E126/><V75/><F75/><W93/><G125/><T95/><D106/><U49/><E74/><V78/><F78/><AGARI ba="2,0" hai="36,37,47,51,55,78,83,84,95,98,102" m="49170" machi="78" ten="40,1300,0" yaku="19,1" doraHai="59,5" who="0" fromWho="2" sc="211,19,212,0,174,-19,403,0" /><INIT seed="4,0,0,4,2,45" ten="230,212,155,403" oya="0" hai0="58,26,23,8,52,1,34,36,55,67,6,30,118" hai1="54,25,38,20,91,33,51,27,84,104,44,21,127" hai2="73,64,7,102,124,39,29,133,57,2,31,16,28" hai3="65,86,105,66,3,61,111,40,9,56,98,113,13"/><T71/><D118/><U130/><E33/><V48/><F39/><W72/><G111/><T119/><D119/><U4/><E130/><V85/><F73/><W132/><G72/><T117/><D117/><U92/><E127/><V68/><F68/><W63/><G113/><T87/><D36/><U47/><E104/><V76/><F133/><W107/><G132/><T94/><D71/><U90/><E4/><V43/><F102/><W106/><G3/><T46/><D34/><U116/><E116/><V42/><F7/><W81/><G40/><T59/><D67/><U83/><E38/><V79/><F2/><W121/><G121/><T19/><D30/><U120/><E44/><V89/><F124/><W80/><G98/><T18/><D18/><U129/><E129/><V99/><F99/><W17/><REACH who="3" step="1"/><G86/><REACH who="3" ten="230,212,155,393" step="2"/><T82/><D94/><U88/><E120/><V53/><F43/><W108/><G108/><T115/><D115/><U122/><E122/><V69/><F42/><W112/><G112/><T49/><REACH who="0" step="1"/><D55/><REACH who="0" ten="220,212,155,393" step="2"/><U123/><E123/><V134/><F134/><W100/><G100/><T14/><D14/><U22/><E92/><V96/><F53/><W24/><G24/><AGARI ba="0,2" hai="20,21,22,24,25,27,47,51,54,83,84,88,90,91" machi="24" ten="40,5200,0" yaku="8,1,52,1,54,1" doraHai="45" who="1" fromWho="3" sc="220,0,212,72,155,0,393,-52" /><INIT seed="5,0,0,5,1,98" ten="220,284,155,341" oya="1" hai0="96,90,68,117,43,128,40,32,5,120,103,27,33" hai1="123,65,50,31,110,21,53,78,127,73,113,108,89" hai2="64,26,51,109,55,56,44,131,57,74,52,77,45" hai3="30,38,16,85,84,126,37,18,25,91,1,119,133"/><U66/><E73/><V104/><F104/><W130/><G1/><T97/><D117/><U54/><E78/><V114/><F77/><W48/><G119/><T112/><D112/><U9/><E113/><V3/><F3/><W29/><G133/><T4/><D68/><U80/><E123/><V71/><F26/><W100/><G25/><T39/><D39/><N who="3" m="14857" /><G48/><T6/><D128/><U36/><E127/><V0/><F0/><W86/><G130/><T13/><D13/><U12/><E36/><V95/><F95/><W67/><G67/><T72/><D72/><U134/><E21/><V58/><F74/><W102/><G91/><T35/><D120/><U75/><E31/><N who="3" m="11786" /><G126/><T42/><D27/><U70/><E70/><V99/><F114/><W101/><AGARI ba="0,0" hai="16,18,84,85,86,100,101,102" m="11786,14857" machi="101" ten="40,12000,2" yaku="28,2,52,3,54,1" doraHai="98" who="3" fromWho="3" sc="220,-30,284,-60,155,-30,341,120" /><INIT seed="6,0,0,1,1,19" ten="190,224,125,461" oya="2" hai0="59,95,127,123,93,109,11,80,22,108,110,119,29" hai1="89,71,78,9,57,15,25,134,26,45,34,73,18" hai2="24,61,33,2,86,10,46,111,28,83,14,112,81" hai3="17,72,67,100,16,77,69,104,117,68,64,63,55"/><V52/><F112/><W82/><G117/><T99/><D123/><U32/><E71/><V130/><F130/><W85/><G104/><T62/><D127/><U101/><E101/><V102/><F111/><W31/><G100/><T37/><D37/><U54/><E45/><V105/><F2/><W49/><G31/><T124/><D124/><U58/><E78/><V1/><F1/><W42/><G42/><T27/><D119/><U87/><E58/><V115/><F115/><W20/><G72/><T75/><D11/><U41/><E41/><V30/><F30/><W50/><G55/><T66/><REACH who="0" step="1"/><D99/><REACH who="0" ten="180,224,125,461" step="2"/><U126/><E126/><V122/><F122/><W96/><G96/><T53/><D53/><U6/><E134/><V0/><F0/><W70/><G67/><T48/><D48/><U74/><E54/><V128/><F128/><W125/><G125/><T91/><D91/><U3/><E89/><V135/><F135/><W132/><G132/><T7/><D7/><U76/><E6/><V4/><F102/><W107/><G107/><T129/><D129/><U23/><E3/><V97/><F105/><W121/><G121/><T12/><D12/><U38/><E38/><V98/><F98/><W114/><G114/><T36/><D36/><U40/><E15/><V79/><F97/><W8/><G8/><T5/><D5/><U60/><E9/><V90/><F46/><W39/><G39/><T118/><D118/><U88/><E60/><V92/><REACH who="2" step="1"/><F79/><AGARI ba="0,1" hai="22,27,29,59,62,66,75,79,80,93,95,108,109,110" machi="79" ten="40,2600,0" yaku="1,1,52,1,53,0" doraHai="19" doraHaiUra="94" who="0" fromWho="2" sc="180,36,224,0,125,-26,461,0" /><INIT seed="7,0,0,1,4,37" ten="216,224,99,461" oya="3" hai0="32,109,43,111,116,90,110,34,30,126,56,18,80" hai1="105,132,6,102,112,68,99,81,7,22,15,66,93" hai2="92,9,20,103,127,45,25,117,122,38,133,88,100" hai3="53,114,135,119,10,55,2,21,26,131,40,0,91"/><W84/><G119/><T35/><D116/><U36/><E105/><V72/><F117/><W28/><G114/><T46/><D30/><U123/><E112/><V13/><F127/><W58/><G135/><T31/><D31/><U121/><E132/><V11/><F133/><W50/><G131/><T3/><D3/><U71/><E7/><V82/><F122/><W94/><G40/><T107/><D107/><U77/><E68/><V86/><F72/><W61/><G10/><T12/><D56/><AGARI ba="0,0" hai="0,2,21,26,28,50,53,55,56,58,61,84,91,94" machi="56" ten="30,1500,0" yaku="7,1" doraHai="37" who="3" fromWho="0" sc="216,-15,224,0,99,0,461,15" owari="201,-20.0,224,2.0,99,-40.0,476,58.0" /></mjloggm>