<mjloggm ver="2.3"><GO type="41" lobby="0"/><UN n0="%E5%BF%83%E6%82%A6%E5%90%9B%E5%85%AE%E5%90%9B%E4%B8%8D%E7%9F%A5" n1="%E2%93%9D%53%75%70%68%78" n2="%74%74%74%74%32%34%36%38" n3="%E3%81%BB%E3%81%82%E3%81%8D%E3%82%93" dan="15,18,14,13" rate="1947.19,2129.25,1945.75,1877.84" sx="F,M,M,M"/><TAIKYOKU oya="0"/><INIT seed="0,0,0,1,1,16" ten="250,250,250,250" oya="0" hai0="51,4,76,6,94,122,3,130,7,114,20,112,53" hai1="39,11,75,131,106,113,45,85,133,36,8,43,84" hai2="101,91,93,64,0,90,73,56,29,22,14,5,108" hai3="41,46,103,115,58,98,52,129,78,121,109,30,111"/><T2/><D122/><U74/><E106/><V126/><F108/><N who="3" m="41547" /><G115/><T18/><D76/><U105/><E105/><V31/><F126/><W83/><G121/><T123/><D123/><U92/><E131/><V65/><F73/><N who="3" m="43471" /><G30/><T38/><D38/><U55/><E133/><V118/><F118/><W79/><G79/><T1/><D130/><U32/><E92/><V60/><F0/><W132/><G129/><T127/><D127/><U19/><E32/><V17/><F5/><W102/><G98/><T124/><D94/><U99/><E99/><N who="2" m="59631" /><F65/><W82/><G82/><T66/><D66/><U110/><E110/><V107/><F107/><W10/><G10/><T28/><D124/><U63/><E11/><V88/><AGARI ba="0,0" hai="14,17,22,29,31,56,60,64,88,90,91" m="59631" machi="88" ten="30,4000,0" yaku="8,1,52,1,54,1" doraHai="16" who="2" fromWho="2" sc="250,-20,250,-10,250,40,250,-10" /><INIT seed="1,0,0,5,5,56" ten="230,240,290,240" oya="1" hai0="93,43,17,20,115,3,76,18,32,125,90,75,120" hai1="77,102,123,85,80,38,83,25,111,99,36,129,0" hai2="48,22,37,28,82,1,86,61,7,94,122,42,49" hai3="44,41,16,59,109,119,34,39,113,133,74,132,2"/><U62/><E123/><V24/><F122/><W108/><G34/><T4/><D32/><U78/><E0/><V103/><F37/><W45/><G74/><T105/><D105/><U27/><E129/><V96/><F7/><W54/><G2/><T66/><D115/><U9/><E9/><V87/><F1/><W58/><G113/><T97/><D125/><U52/><E111/><N who="3" m="42570" /><G119/><T114/><D114/><U89/><E38/><V101/><F87/><W31/><G31/><T35/><D35/><U30/><E36/><V126/><F126/><W117/><G117/><T10/><D43/><U130/><E130/><V135/><F135/><N who="3" m="51787" /><G16/><T88/><D120/><U21/><E27/><V19/><F103/><W67/><G67/><T70/><D20/><U110/><E110/><V116/><F116/><W68/><G68/><T8/><D8/><U40/><E40/><V50/><F28/><W65/><G65/><T13/><D3/><U11/><E11/><V64/><F42/><W127/><G127/><T106/><D66/><U23/><E23/><V57/><F50/><AGARI ba="0,0" hai="39,41,44,45,50,54,58,59" m="51787,42570" machi="50" ten="30,7700,0" yaku="14,1,20,1,34,2" doraHai="56" who="3" fromWho="2" sc="230,0,240,0,290,-77,240,77" /><INIT seed="2,0,0,0,2,95" ten="230,240,213,317" oya="2" hai0="105,63,20,118,117,61,134,54,104,49,96,75,135" hai1="28,72,33,70,93,42,1,16,94,12,74,115,132" hai2="99,122,73,68,5,29,59,55,100,65,14,108,130" hai3="113,37,9,21,112,53,90,58,25,88,123,7,34"/><V102/><F122/><W127/><G37/><T106/><D75/><U3/><E70/><V13/><F73/><W69/><G69/><T97/><D20/><U77/><E115/><N who="3" m="44106" /><G123/><T19/><D19/><U85/><E42/><V44/><F29/><N who="3" m="19759" /><G21/><T103/><D103/><U8/><E132/><N who="0" m="50729" /><D63/><U62/><E62/><V46/><F68/><W82/><G82/><T86/><D86/><U48/><E85/><V125/><F65/><W26/><G26/><T109/><D109/><U36/><E74/><V101/><F108/><W38/><G38/><T45/><D61/><U57/><E36/><V119/><F119/><AGARI ba="0,0" hai="45,49,54,96,97,104,105,106,117,118,119" m="50729" machi="119" ten="40,8000,1" yaku="12,1,20,1,52,2" doraHai="95" who="0" fromWho="2" sc="230,80,240,0,213,-80,317,0" /><INIT seed="3,0,0,1,2,108" ten="310,240,133,317" oya="3" hai0="12,21,85,1,6,109,58,92,77,114,83,56,10" hai1="82,14,121,41,7,89,106,19,32,67,55,100,2" hai2="133,117,120,59,125,20,105,35,72,102,44,122,101" hai3="36,43,119,124,103,78,68,0,42,61,63,84,66"/><W34/><G119/><T104/><D104/><U93/><E32/><V47/><F117/><W48/><G34/><T73/><D109/><U111/><E121/><N who="2" m="46699" /><F72/><W98/><G0/><T22/><D1/><U135/><E135/><V33/><F133/><W115/><G124/><T88/><D114/><U118/><E41/><V38/><F125/><W90/><G78/><T87/><D73/><U129/><E129/><V99/><F102/><W4/><G4/><T26/><REACH who="0" step="1"/><D22/><REACH who="0" ten="300,240,133,317" step="2"/><U107/><E107/><V91/><F20/><W17/><G115/><T27/><D27/><U134/><E106/><V123/><F123/><W70/><G36/><T8/><D8/><U24/><E24/><V126/><F38/><W54/><G17/><AGARI ba="0,1" hai="6,10,12,17,21,26,56,58,77,83,85,87,88,92" machi="17" ten="30,8000,1" yaku="1,1,7,1,8,1,54,1,53,1" doraHai="108" doraHaiUra="3" who="0" fromWho="3" sc="300,90,240,0,133,0,317,-80" /><INIT seed="4,0,0,4,0,65" ten="390,240,133,237" oya="0" hai0="104,125,4,5,10,56,131,44,70,133,128,59,109" hai1="129,118,39,40,113,3,23,76,90,114,61,73,33" hai2="14,45,19,79,24,54,41,120,105,38,102,124,108" hai3="25,85,8,21,36,103,20,16,127,115,13,57,84"/><T111/><D104/><U0/><E118/><V97/><F108/><N who="0" m="41546" /><D133/><U28/><E90/><V52/><F120/><W95/><G36/><T51/><D125/><U30/><E23/><V134/><F124/><W43/><G127/><T63/><D4/><U31/><E61/><V96/><F134/><W71/><G71/><T1/><D70/><U100/><E100/><V94/><F24/><W110/><G110/><T2/><D2/><U86/><E86/><V35/><F79/><W130/><G130/><N who="0" m="49707" /><D63/><U132/><E132/><V46/><F46/><W15/><G115/><N who="1" m="44042" /><E33/><V93/><F105/><W92/><G43/><AGARI ba="0,0" hai="1,5,10,43,44,51,56,59" m="49707,41546" machi="43" ten="30,2900,0" yaku="10,1,19,1" doraHai="65" who="0" fromWho="3" sc="390,29,240,0,133,0,237,-29" /><INIT seed="4,1,0,4,5,134" ten="419,240,133,208" oya="0" hai0="52,67,16,43,116,56,74,104,0,120,1,82,98" hai1="79,129,30,54,109,70,4,117,34,75,64,114,80" hai2="63,68,21,121,46,81,18,95,57,39,50,47,123" hai3="105,13,97,94,90,44,41,61,22,38,55,93,9"/><T26/><D116/><U58/><E109/><V42/><F81/><W119/><G119/><T132/><D132/><U96/><E117/><V25/><F95/><W35/><G105/><T76/><D120/><U12/><E129/><V27/><F27/><W87/><G35/><T89/><D43/><U72/><E70/><V2/><F2/><W33/><G33/><T31/><D67/><U65/><E75/><V7/><F7/><W36/><G22/><N who="0" m="13639" /><D104/><U131/><E114/><V115/><F115/><W60/><G38/><T86/><D74/><U107/><E131/><V135/><F135/><W125/><G55/><T5/><D31/><U84/><E30/><V103/><F103/><W127/><G61/><N who="0" m="35975" /><D5/><U17/><E4/><V102/><F102/><W29/><G60/><T91/><D91/><U45/><E72/><V6/><F6/><N who="3" m="3255" /><G29/><T51/><D51/><U3/><E107/><V130/><F130/><W113/><G113/><T48/><D48/><U20/><E65/><V118/><F118/><W73/><G73/><T15/><D15/><U53/><E12/><V69/><F69/><W62/><G62/><T101/><D101/><U49/><E64/><V92/><F68/><W19/><G19/><T126/><D0/><U10/><E3/><V122/><F122/><W111/><G111/><T78/><D1/><U112/><E112/><V133/><F133/><W88/><G97/><T40/><D98/><U11/><E96/><V83/><F123/><W77/><G77/><N who="0" m="29803" /><D40/><U108/><E108/><V14/><F121/><W128/><G128/><T100/><D100/><U71/><E79/><RYUUKYOKU ba="1,0" sc="419,15,240,-15,133,-15,208,15" hai0="82,86,89,126" hai3="36,41,44,87,88,90,93,94,125,127" /><INIT seed="4,2,0,4,5,42" ten="434,225,118,223" oya="0" hai0="130,135,91,73,98,36,103,13,20,72,17,112,52" hai1="40,28,16,77,31,64,35,0,11,71,104,68,90" hai2="51,105,117,27,41,3,88,23,48,76,43,83,6" hai3="86,56,95,121,108,110,9,84,100,101,69,59,81"/><T66/><D135/><U10/><E104/><V131/><F105/><W93/><G69/><T33/><D33/><U96/><E77/><V113/><F113/><W115/><G9/><T114/><D36/><U5/><E40/><V30/><F131/><W85/><G115/><N who="0" m="44075" /><D91/><U38/><E38/><V80/><F117/><W34/><G34/><T50/><D66/><U74/><E74/><V7/><F3/><W102/><G81/><T8/><D20/><U63/><E71/><V4/><F76/><W134/><G134/><T39/><D39/><U37/><E37/><V32/><F32/><W123/><G59/><N who="0" m="33175" /><D130/><U70/><E70/><V116/><F116/><W19/><G19/><T24/><D24/><U21/><E35/><V122/><F122/><N who="3" m="46603" /><G56/><T129/><D129/><U1/><E68/><V78/><F78/><W14/><G14/><T46/><D72/><U12/><E1/><V97/><F51/><W58/><G58/><T120/><D73/><U53/><E0/><V60/><F60/><W44/><G44/><T29/><D46/><U126/><E63/><V15/><F15/><W65/><G65/><T87/><D120/><U57/><E64/><V49/><F49/><W125/><G125/><T82/><D29/><U111/><E31/><V26/><F26/><W22/><G22/><T107/><D82/><N who="2" m="31274" /><F48/><W18/><G18/><T45/><D45/><U127/><E28/><V118/><F118/><W128/><G128/><T94/><D107/><U79/><E127/><V67/><F67/><W109/><AGARI ba="2,0" hai="84,85,86,93,95,100,101,102,108,109,110" m="46603" machi="109" ten="50,12000,2" yaku="29,2,28,2,13,1,34,2" doraHai="42" who="3" fromWho="3" sc="434,-62,225,-32,118,-32,223,126" /><INIT seed="5,0,0,1,3,19" ten="372,193,86,349" oya="1" hai0="87,118,44,69,36,80,108,61,117,56,62,73,59" hai1="113,96,83,94,21,37,30,58,71,106,88,63,125" hai2="67,65,18,25,100,27,127,26,50,33,82,79,31" hai3="135,72,9,112,20,103,53,45,40,129,16,14,102"/><U75/><E37/><V121/><F121/><W49/><G72/><T0/><D73/><U95/><E113/><V15/><F127/><W91/><G112/><T52/><D0/><U32/><E32/><V107/><F67/><W81/><G129/><T29/><D29/><U68/><E106/><V54/><F65/><W38/><G135/><T116/><D108/><U123/><E123/><V28/><F26/><W11/><G11/><T134/><D134/><U48/><E48/><V115/><F115/><W110/><G110/><T12/><D12/><U104/><E104/><V6/><F6/><W133/><G133/><T86/><D80/><U126/><E95/><V120/><F120/><W57/><G81/><T105/><D105/><U90/><E58/><V64/><F64/><W124/><G124/><N who="1" m="47722" /><E63/><V109/><F109/><W84/><G9/><T101/><D59/><U1/><E1/><V22/><F100/><W128/><G128/><T24/><D101/><U99/><E99/><V89/><F89/><W85/><G85/><T130/><D86/><N who="1" m="50271" /><E75/><V74/><F107/><W4/><G4/><T10/><D117/><U43/><E43/><V3/><F3/><W132/><G132/><T42/><D116/><U23/><E30/><V7/><F7/><W41/><G41/><T92/><D42/><U34/><E34/><V76/><F74/><W55/><G55/><T131/><D52/><U51/><E51/><V47/><F82/><N who="3" m="49559" /><G38/><T2/><D36/><U111/><E111/><V35/><AGARI ba="0,0" hai="15,18,22,25,27,28,31,33,35,47,50,54,76,79" machi="35" ten="20,5200,0" yaku="0,1,7,1,9,1,52,1" doraHai="19" who="2" fromWho="2" sc="372,-13,193,-26,86,52,349,-13" /><INIT seed="6,0,0,3,3,99" ten="359,167,138,336" oya="2" hai0="128,49,102,76,46,44,113,5,33,103,133,98,109" hai1="90,23,26,91,73,38,87,114,71,31,124,27,72" hai2="77,14,121,107,17,60,135,123,92,7,51,94,122" hai3="19,2,82,78,12,25,32,104,13,132,28,1,131"/><V85/><F107/><W37/><G132/><T8/><D109/><U41/><E71/><V15/><F135/><W69/><G131/><T127/><D133/><U108/><E108/><V134/><F134/><W18/><G69/><T48/><D127/><U125/><E114/><V29/><F29/><W40/><G104/><T16/><D33/><U74/><E41/><V101/><F60/><W83/><G40/><N who="0" m="24583" /><D5/><U65/><E65/><V20/><F51/><W4/><G37/><T130/><D113/><U111/><E111/><V64/><F64/><W116/><G116/><T89/><D76/><U35/><E38/><V67/><F67/><W59/><G59/><T30/><D30/><U126/><REACH who="1" step="1"/><E87/><REACH who="1" ten="359,157,138,336" step="2"/><V80/><REACH who="2" step="1"/><F101/><REACH who="2" ten="359,157,128,336" step="2"/><W53/><G28/><AGARI ba="0,2" hai="23,26,27,28,31,35,72,73,74,90,91,124,125,126" machi="28" ten="50,6400,0" yaku="1,1,2,1,18,1,53,0" doraHai="99" doraHaiUra="34" who="1" fromWho="3" sc="359,0,157,84,128,0,336,-64" /><INIT seed="7,0,0,0,5,14" ten="359,241,128,272" oya="3" hai0="84,130,68,25,4,95,27,48,28,77,91,125,98" hai1="50,122,62,121,105,116,117,103,81,42,96,8,132" hai2="119,35,26,104,34,118,131,109,40,134,114,21,90" hai3="126,92,30,3,100,45,135,53,86,52,0,2,60"/><W75/><G135/><T15/><D125/><U64/><E8/><V56/><F104/><W106/><G75/><T5/><D68/><U80/><E50/><V1/><F56/><W79/><G106/><T44/><D130/><U29/><E42/><V59/><F59/><W43/><G126/><T112/><D112/><U16/><E29/><V85/><F40/><W24/><G60/><T22/><D27/><U83/><E62/><V72/><F72/><W94/><G100/><N who="0" m="60511" /><D77/><U51/><E51/><V13/><F90/><W66/><G66/><T63/><D63/><U11/><E64/><V127/><F85/><W36/><G79/><T129/><D15/><N who="1" m="7295" /><E132/><V9/><F127/><W37/><G37/><T70/><D70/><U133/><E133/><V54/><F54/><W67/><G67/><T32/><D32/><N who="2" m="12330" /><F134/><W49/><G86/><T31/><D129/><U88/><E88/><V76/><F76/><W120/><G120/><T23/><D84/><U38/><E38/><V102/><F102/><W74/><G74/><T10/><D91/><U71/><E71/><V124/><F124/><W19/><G30/><T82/><D31/><U69/><E69/><V47/><F47/><W101/><G101/><T99/><D28/><U61/><E61/><V6/><F131/><W128/><G128/><T33/><D33/><U65/><E65/><V123/><F123/><W17/><G24/><T115/><D25/><U113/><E113/><V41/><F114/><W7/><G7/><T20/><D4/><U110/><E110/><V107/><F109/><W58/><G53/><N who="0" m="29831" /><D115/><U12/><E12/><RYUUKYOKU ba="0,0" sc="359,-15,241,15,128,-15,272,15" hai1="80,81,83,96,103,105,116,117,121,122" hai3="0,2,3,17,19,36,43,45,49,52,58,92,94" /><INIT seed="7,1,0,5,1,5" ten="344,256,113,287" oya="3" hai0="65,134,26,17,126,43,72,67,22,101,107,112,98" hai1="8,56,96,54,75,9,57,109,71,102,31,47,119" hai2="132,37,2,100,36,73,30,38,62,110,7,108,131" hai3="18,84,91,27,60,93,87,77,104,85,122,69,127"/><W42/><G122/><T99/><D72/><U121/><E71/><V55/><F73/><W6/><G104/><T39/><D126/><U34/><E109/><V0/><F110/><W124/><G42/><T117/><D117/><U115/><E121/><V78/><F108/><W90/><G6/><T29/><D134/><U76/><E115/><V45/><F78/><W118/><G118/><T92/><D112/><U12/><E34/><V116/><F116/><W23/><G69/><T74/><D74/><U28/><E76/><V16/><F30/><N who="1" m="11305" /><E75/><V10/><F100/><W135/><G135/><T66/><D39/><U83/><E83/><V20/><F132/><W128/><G128/><T113/><D113/><U14/><E96/><V105/><F105/><W49/><G60/><T125/><D43/><U111/><E102/><V103/><F103/><W35/><G35/><T13/><D125/><N who="3" m="48201" /><G49/><T40/><D40/><U51/><E111/><V11/><F131/><W86/><G77/><T25/><D29/><U82/><E82/><AGARI ba="1,0" hai="18,23,27,82,84,85,86,87,90,91,93" m="48201" machi="82" ten="30,1500,0" yaku="18,1" doraHai="5" who="3" fromWho="1" sc="344,0,256,-18,113,0,287,18" /><INIT seed="7,2,0,1,3,58" ten="344,238,113,305" oya="3" hai0="72,106,130,132,112,5,48,26,73,108,135,40,80" hai1="114,68,41,107,100,77,83,28,51,79,109,24,22" hai2="97,133,33,52,27,70,37,116,121,7,39,31,19" hai3="98,115,127,82,25,91,75,74,63,3,59,32,125"/><W64/><G115/><T61/><D108/><U113/><E109/><V42/><F116/><W131/><G3/><T120/><D120/><U17/><E68/><V53/><F121/><W89/><G131/><T1/><D130/><U0/><E0/><V88/><F133/><N who="0" m="51274" /><D106/><U86/><E107/><V94/><F70/><W122/><G122/><T103/><D103/><U46/><E100/><V95/><F7/><W57/><G98/><T15/><D1/><U47/><E79/><V14/><F95/><W6/><G6/><T123/><D123/><U90/><E47/><V81/><F81/><W66/><G32/><T34/><D61/><U50/><E50/><V84/><F97/><W4/><G4/><T110/><D110/><U62/><E77/><V43/><F43/><W96/><G25/><T76/><D112/><U35/><E114/><V128/><F128/><W78/><G75/><T111/><D111/><U38/><E113/><V124/><F124/><N who="3" m="47691" /><G96/><T104/><D104/><U21/><E38/><V119/><F119/><W2/><G2/><T67/><D72/><U44/><E35/><V9/><REACH who="2" step="1"/><F39/><REACH who="2" ten="344,238,103,305" step="2"/><W11/><G11/><T134/><D134/><U60/><E46/><AGARI ba="2,1" hai="9,14,19,27,31,33,37,42,46,52,53,84,88,94" machi="46" ten="40,8000,1" yaku="1,1,2,1,54,2,53,0" doraHai="58" doraHaiUra="92" who="2" fromWho="1" sc="344,0,238,-86,103,96,305,0" owari="344,44.0,152,-35.0,199,-20.0,305,11.0" /></mjloggm>