<mjloggm ver="2.3"><GO type="41" lobby="0"/><UN n0="%E7%88%86%E5%B2%A1%E5%84%AA%E4%BA%BA" n1="%E2%93%9D%53%75%70%68%78" n2="%E3%82%A8%E3%82%B8%E3%83%AA%E3%82%BA%E3%83%A0" n3="%E3%81%BE%E3%83%BC%E3%81%BC%E3%83%BC" dan="14,18,15,15" rate="1925.46,2112.80,2063.18,1961.95" sx="M,M,M,M"/><TAIKYOKU oya="0"/><INIT seed="0,0,0,3,0,104" ten="250,250,250,250" oya="0" hai0="121,78,65,103,44,64,84,70,99,22,18,133,19" hai1="23,112,55,59,106,40,125,20,132,34,37,101,32" hai2="35,66,43,24,54,116,56,110,0,126,36,122,120" hai3="51,114,117,42,26,30,80,77,130,9,14,87,81"/><T11/><D121/><U58/><E106/><V31/><F110/><W61/><G114/><T47/><D133/><U60/><E101/><V91/><F126/><W73/><G130/><T67/><D70/><U68/><E68/><V52/><F116/><W95/><G95/><T17/><D11/><U38/><E40/><V16/><F0/><W71/><G117/><T93/><REACH who="0" step="1"/><D22/><REACH who="0" ten="240,250,250,250" step="2"/><U45/><E23/><V72/><F120/><W76/><G71/><T53/><D53/><U4/><E20/><V107/><F52/><W83/><G42/><T123/><D123/><U111/><E55/><V105/><F54/><W50/><G9/><T1/><D1/><U75/><E132/><V100/><F43/><W94/><G61/><T5/><D5/><U63/><E4/><V97/><F122/><W21/><G21/><T27/><D27/><U128/><E63/><V62/><F24/><W124/><G26/><T102/><D102/><U41/><E60/><V12/><F100/><W113/><G30/><T74/><D74/><U25/><E75/><V89/><F31/><W108/><G73/><T3/><D3/><U69/><E69/><V13/><F72/><W134/><G134/><T118/><D118/><U8/><E8/><V129/><F62/><W92/><G14/><T109/><D109/><U131/><E25/><V86/><F12/><W49/><G108/><T98/><D98/><U7/><E111/><V135/><F13/><W115/><G113/><T88/><D88/><U29/><E112/><V10/><F135/><W15/><G15/><T33/><D33/><U127/><E29/><RYUUKYOKU ba="0,1" sc="240,30,250,-10,250,-10,250,-10" hai0="17,18,19,44,47,64,65,67,78,84,93,99,103" /><INIT seed="0,1,1,4,3,30" ten="270,240,240,240" oya="0" hai0="54,64,48,96,102,51,5,28,101,131,130,125,25" hai1="91,86,7,84,32,57,14,52,132,44,76,92,99" hai2="0,93,63,3,55,46,103,121,36,56,79,62,71" hai3="100,110,21,23,39,82,77,119,15,118,109,22,90"/><T126/><D64/><U66/><E132/><V26/><F121/><W33/><G39/><T17/><D17/><U124/><E124/><N who="0" m="47721" /><D5/><U13/><E32/><V35/><F79/><W89/><G100/><N who="0" m="38507" /><D96/><U24/><E24/><V123/><F71/><W129/><G129/><N who="0" m="49163" /><D54/><U10/><E66/><V67/><F55/><W75/><G33/><AGARI ba="1,1" hai="25,28,33,48,51" m="49163,38507,47721" machi="33" ten="30,5800,0" yaku="18,1,19,1,52,1" doraHai="30" who="0" fromWho="3" sc="270,71,240,0,240,0,240,-61" /><INIT seed="0,2,0,1,3,48" ten="341,240,240,179" oya="0" hai0="52,97,111,101,32,17,82,98,94,39,121,54,30" hai1="73,132,83,4,84,72,67,115,95,116,100,21,131" hai2="49,103,9,60,1,33,36,68,27,15,14,42,106" hai3="13,29,112,89,18,85,92,41,25,125,45,26,102"/><T108/><D121/><U8/><E116/><V6/><F36/><W43/><G125/><T22/><D39/><U69/><E132/><V128/><F128/><W56/><G102/><T5/><D5/><U88/><E131/><V117/><F117/><W63/><G112/><T38/><D38/><U31/><E115/><V44/><F103/><W3/><G3/><T12/><D32/><U61/><E31/><V135/><F106/><W104/><G104/><T127/><D30/><U34/><E21/><V47/><F135/><W118/><G45/><T35/><D35/><U51/><E34/><V86/><F44/><W76/><G76/><T77/><D98/><U37/><E51/><V119/><F86/><W75/><G75/><T107/><D107/><U74/><E37/><V16/><F119/><W124/><G124/><T55/><REACH who="0" step="1"/><D127/><REACH who="0" ten="331,240,240,179" step="2"/><U0/><REACH who="1" step="1"/><E100/><REACH who="1" ten="331,230,240,179" step="2"/><V96/><F33/><W59/><G118/><T126/><D126/><U53/><E53/><V81/><F42/><W10/><G41/><T62/><D62/><U134/><E134/><V46/><F60/><W129/><G43/><T20/><D20/><U65/><E65/><V11/><F11/><W23/><G129/><T78/><D78/><AGARI ba="2,2" hai="0,4,8,61,67,69,72,73,74,78,83,84,88,95" machi="78" ten="40,5200,0" yaku="1,1,54,1,53,1" doraHai="48" doraHaiUra="66" who="1" fromWho="0" sc="331,-58,230,78,240,0,179,0" /><INIT seed="1,0,0,3,2,115" ten="273,308,240,179" oya="1" hai0="96,39,131,79,30,91,69,49,77,61,135,125,70" hai1="112,99,78,46,87,132,120,57,66,11,72,100,19" hai2="62,97,0,2,38,128,86,50,40,13,34,121,130" hai3="117,68,52,80,90,23,84,122,108,33,114,106,42"/><U119/><E120/><V44/><F121/><W53/><G33/><T63/><D131/><N who="2" m="50218" /><F34/><W133/><G108/><T18/><D135/><U35/><E72/><V88/><F97/><W51/><G106/><T26/><D125/><U21/><E112/><V32/><F32/><W14/><G68/><T94/><D39/><U4/><E46/><N who="2" m="23831" /><F13/><W85/><G133/><T27/><D70/><U92/><E35/><V123/><F62/><W98/><G122/><T76/><D69/><U129/><E132/><V3/><F123/><W105/><G98/><T36/><D36/><U1/><E129/><V31/><F31/><W103/><G105/><T10/><D30/><U109/><E109/><V116/><F116/><W55/><G103/><T22/><D27/><U17/><E119/><V82/><F0/><W12/><G114/><T43/><D10/><U59/><E66/><V126/><F126/><W124/><G124/><T65/><D65/><U9/><E9/><V20/><F20/><W5/><G117/><T134/><D134/><U41/><E19/><V113/><F113/><W93/><G12/><T104/><D104/><U118/><E118/><V58/><F58/><N who="3" m="33055" /><G42/><AGARI ba="0,0" hai="2,3,42,44,50,82,86,88" m="23831,50218" machi="42" ten="30,2000,0" yaku="19,1,54,1" doraHai="115" who="2" fromWho="3" sc="273,0,308,0,240,20,179,-20" /><INIT seed="2,0,0,3,0,49" ten="273,308,260,159" oya="2" hai0="60,13,18,111,37,7,129,64,104,44,72,126,97" hai1="123,22,15,36,67,91,17,86,82,24,135,0,21" hai2="116,93,102,105,99,115,96,9,29,4,46,130,61" hai3="133,19,107,40,121,2,56,42,98,3,94,95,87"/><V84/><F130/><W132/><G121/><T117/><D111/><U58/><E135/><V83/><F115/><W101/><G94/><T55/><D129/><U1/><E36/><V124/><F124/><W80/><G133/><T114/><D126/><U68/><E68/><V76/><F116/><W106/><G106/><T11/><D114/><U59/><E123/><V52/><F29/><W108/><G108/><T23/><D72/><U90/><E1/><V119/><F119/><W48/><G107/><T113/><D113/><U57/><E0/><V118/><F118/><W78/><G3/><T35/><D35/><U53/><E67/><V34/><F34/><W14/><G2/><T30/><D30/><N who="1" m="17679" /><E91/><V27/><F27/><W12/><G132/><T89/><D37/><U75/><E75/><V69/><F69/><W120/><G120/><T65/><D104/><U62/><AGARI ba="0,0" hai="15,17,22,53,57,58,59,62,82,86,90" m="17679" machi="62" ten="30,2000,0" yaku="8,1,52,1" doraHai="49" who="1" fromWho="1" sc="273,-5,308,20,260,-10,159,-5" /><INIT seed="3,0,0,5,0,109" ten="268,328,250,154" oya="3" hai0="99,5,15,135,9,87,69,36,86,128,4,23,115" hai1="81,58,74,89,73,19,101,16,50,94,53,67,13" hai2="90,27,114,68,124,10,112,95,3,129,65,97,37" hai3="96,122,26,54,6,12,8,40,42,35,91,51,79"/><W110/><G122/><T30/><D135/><U83/><E74/><V76/><F37/><W43/><G110/><T85/><D128/><U18/><E73/><V55/><F129/><W121/><G121/><T33/><D33/><U100/><E67/><V14/><F3/><W57/><G79/><T49/><D36/><U24/><E24/><V105/><F124/><W98/><G35/><T134/><D134/><U130/><E130/><V62/><F76/><W21/><REACH who="3" step="1"/><G91/><REACH who="3" ten="268,328,250,144" step="2"/><T29/><D69/><U133/><E133/><V107/><F90/><W106/><G106/><T71/><D71/><U44/><E101/><V17/><F105/><W80/><G80/><T11/><D4/><U46/><E100/><V63/><F107/><W104/><G104/><T1/><D5/><U123/><E123/><V116/><F95/><W70/><G70/><T108/><D108/><U41/><E83/><V64/><F68/><W92/><G92/><T56/><D1/><U34/><E34/><V39/><F116/><W7/><G7/><T111/><D111/><U113/><E81/><V59/><F65/><W38/><G38/><T126/><D126/><U88/><E89/><V125/><F39/><W119/><G119/><T22/><D22/><U48/><E94/><V72/><F64/><W77/><G77/><T25/><D23/><U131/><E131/><V84/><F125/><W2/><G2/><T93/><D93/><U103/><E103/><V47/><F72/><W82/><G82/><T127/><D127/><U102/><E102/><V117/><F117/><W75/><G75/><T60/><D11/><RYUUKYOKU ba="0,1" sc="268,-10,328,-10,250,-10,144,30" hai3="6,8,12,21,26,40,42,43,51,54,57,96,98" /><INIT seed="3,1,1,4,5,90" ten="258,318,240,174" oya="3" hai0="36,11,112,108,53,126,135,50,87,68,69,35,125" hai1="84,37,103,89,46,73,76,132,0,33,30,66,96" hai2="104,105,31,34,8,102,101,121,16,120,110,57,3" hai3="17,70,78,28,91,85,94,4,56,48,1,13,62"/><W109/><G109/><T21/><D108/><U55/><E0/><V119/><F110/><W113/><G113/><T5/><D112/><U134/><E66/><V58/><F119/><W7/><G1/><T97/><D135/><U20/><E33/><V83/><F83/><W51/><G28/><T95/><D35/><U117/><E76/><V38/><F38/><W93/><G70/><T41/><D21/><U107/><E73/><V116/><F31/><W19/><G78/><T29/><D29/><U86/><E117/><V39/><F39/><W127/><G19/><T98/><D98/><U64/><E64/><V77/><F77/><W123/><G123/><N who="2" m="47177" /><F34/><W81/><G127/><N who="0" m="48651" /><D87/><U106/><E86/><V61/><F58/><W130/><G130/><T111/><D41/><U12/><E30/><V22/><F8/><N who="3" m="6311" /><G48/><T25/><D25/><U115/><E37/><V100/><F3/><W79/><G51/><T74/><D74/><U24/><E115/><V71/><F71/><W131/><G79/><T63/><D36/><U10/><E134/><V43/><F43/><W2/><G2/><N who="0" m="439" /><D63/><U49/><E132/><V82/><F116/><W72/><G72/><T129/><D129/><U114/><E114/><V40/><F40/><W99/><G131/><T60/><D60/><U92/><E20/><V88/><F104/><W23/><G23/><T14/><D111/><U59/><E107/><V75/><F105/><W18/><G18/><T65/><D69/><U32/><E32/><V44/><F75/><W54/><G99/><T67/><D68/><U128/><E128/><V52/><F22/><RYUUKYOKU ba="1,1" sc="258,-10,318,-10,240,-10,174,30" hai3="4,7,54,56,62,81,85,91,93,94" /><INIT seed="3,2,1,3,3,46" ten="248,308,230,204" oya="3" hai0="120,112,90,110,56,132,89,34,129,85,123,134,135" hai1="93,49,7,27,97,25,75,43,99,88,84,79,22" hai2="50,17,72,80,66,57,102,62,16,35,14,87,60" hai3="96,64,24,105,28,86,76,126,21,117,38,71,133"/><W47/><G117/><T10/><D34/><U83/><E7/><V119/><F35/><W33/><G86/><T67/><D110/><U130/><E130/><V42/><F72/><W40/><G76/><T91/><D129/><U44/><REACH who="1" step="1"/><E27/><REACH who="1" ten="248,298,230,204" step="2"/><V36/><F119/><W18/><G133/><T116/><D116/><U107/><E107/><V121/><F121/><W92/><G105/><T5/><D123/><U51/><E51/><V70/><F36/><W1/><G1/><T13/><D120/><U118/><E118/><V113/><F50/><W108/><G108/><T19/><D5/><U94/><E94/><V8/><F14/><W125/><G125/><T68/><D112/><U124/><E124/><V114/><F114/><W48/><G126/><T11/><D135/><U45/><E45/><V74/><F113/><W4/><G4/><T29/><D134/><U39/><E39/><V54/><F60/><W104/><G38/><T73/><D132/><U77/><E77/><V115/><F62/><N who="3" m="40343" /><G92/><T82/><D13/><U78/><E78/><V23/><F115/><W9/><G104/><T41/><D73/><U31/><AGARI ba="2,2" hai="22,25,31,43,44,49,75,79,83,84,88,93,97,99" machi="31" ten="20,8000,1" yaku="1,1,0,1,7,1,52,1,54,1,53,0" doraHai="46" doraHaiUra="69" who="1" fromWho="1" sc="248,-22,298,106,230,-22,204,-42" /><INIT seed="4,0,0,1,1,21" ten="226,404,208,162" oya="0" hai0="91,6,28,24,3,22,8,87,74,50,61,85,93" hai1="57,48,70,30,39,62,102,33,98,121,82,46,120" hai2="116,25,67,68,19,31,60,0,51,80,63,9,104" hai3="26,133,134,106,77,64,76,37,75,47,20,43,101"/><T84/><D74/><U56/><E82/><V29/><F104/><W111/><G64/><T86/><D50/><U126/><E126/><V124/><F124/><W88/><G111/><T2/><REACH who="0" step="1"/><D61/><REACH who="0" ten="216,404,208,162" step="2"/><U95/><E48/><V41/><F60/><W71/><G75/><T108/><D108/><U130/><E62/><V107/><F51/><W135/><G71/><T54/><D54/><U123/><E70/><V23/><F63/><W58/><G37/><T118/><D118/><U66/><E66/><V10/><F68/><W45/><G134/><T78/><D78/><U110/><E110/><V18/><F67/><W96/><G77/><T92/><D92/><U81/><E95/><V109/><F109/><W1/><G76/><T72/><D72/><U15/><E39/><V69/><F69/><W52/><G135/><T112/><D112/><U12/><E123/><V131/><F116/><W128/><G133/><T34/><D34/><U35/><E35/><V127/><F127/><W4/><G52/><T97/><D97/><U113/><E98/><V132/><F132/><W16/><G96/><T89/><D89/><U114/><E33/><V38/><F38/><W94/><G88/><T129/><D129/><U17/><E130/><V73/><F73/><W79/><G94/><T83/><D83/><U65/><E81/><V42/><F80/><W105/><G79/><T32/><D32/><U49/><E114/><V117/><F117/><W5/><G128/><T122/><D122/><U27/><E113/><V103/><F131/><W13/><G106/><T115/><D115/><U119/><E119/><RYUUKYOKU ba="0,1" sc="216,30,404,-10,208,-10,162,-10" hai0="2,3,6,8,22,24,28,84,85,86,87,91,93" /><INIT seed="4,1,1,2,2,133" ten="246,394,198,152" oya="0" hai0="121,63,76,87,70,125,120,105,43,38,56,8,47" hai1="58,42,57,78,54,84,34,115,67,4,106,45,59" hai2="107,51,85,60,88,23,12,50,124,3,11,77,30" hai3="15,119,132,109,135,68,79,81,29,91,93,1,44"/><T55/><D125/><U2/><E106/><V75/><F107/><W90/><G1/><T89/><D105/><U100/><E34/><V111/><F111/><W19/><G68/><T80/><D70/><U25/><E100/><V61/><F124/><W97/><G29/><T114/><D114/><U101/><E101/><V71/><F75/><W131/><G109/><T46/><D46/><U20/><E4/><V122/><F77/><W18/><G119/><T24/><D24/><U37/><E2/><V32/><F32/><W33/><G33/><T26/><D26/><U48/><E115/><V130/><F130/><W64/><G64/><T0/><D0/><U62/><E84/><V28/><F3/><W99/><G131/><T123/><REACH who="0" step="1"/><D8/><REACH who="0" ten="236,394,198,152" step="2"/><U104/><E104/><V14/><F11/><W5/><G44/><T9/><D9/><U128/><E128/><V17/><F71/><W127/><G127/><T98/><D98/><U31/><E78/><AGARI ba="1,2" hai="38,43,47,55,56,63,76,78,80,87,89,120,121,123" machi="78" ten="40,3900,0" yaku="1,1,53,1" doraHai="133" doraHaiUra="41" who="0" fromWho="1" sc="236,62,394,-42,198,0,152,0" /><INIT seed="4,2,0,1,2,92" ten="298,352,198,152" oya="0" hai0="105,1,31,69,82,24,117,97,37,75,113,39,106" hai1="61,74,14,36,49,99,52,80,26,41,18,2,57" hai2="30,98,21,94,23,71,83,77,102,120,127,103,129" hai3="34,12,20,3,64,33,66,4,9,43,115,38,118"/><T63/><D113/><U109/><E2/><V54/><F127/><W68/><G118/><T44/><D117/><U122/><E109/><V85/><F129/><W0/><G115/><T7/><D106/><U133/><E36/><V101/><F120/><W56/><G43/><T79/><D44/><U32/><E133/><V84/><F71/><W72/><G38/><T28/><D28/><U73/><E80/><V126/><F126/><W48/><G72/><T132/><D132/><U78/><E78/><V107/><F107/><W17/><G68/><T29/><D29/><U45/><E122/><V131/><F131/><W114/><G3/><T76/><D76/><U60/><E26/><V108/><F108/><W104/><G104/><T55/><D55/><U67/><E32/><V35/><F84/><W5/><G5/><T51/><D51/><U111/><E111/><V116/><F116/><W27/><G34/><N who="0" m="20839" /><D7/><U135/><E135/><V8/><F35/><W110/><G114/><T47/><D47/><U95/><E61/><V91/><F30/><W112/><G110/><T90/><D90/><U6/><E6/><V22/><F54/><N who="3" m="31815" /><G112/><T65/><D1/><U40/><E74/><V62/><F62/><W10/><G33/><T89/><D89/><N who="1" m="55791" /><E73/><V125/><F125/><W16/><G0/><T87/><D87/><U100/><E100/><AGARI ba="2,0" hai="37,39,63,65,69,75,79,82,97,100,105" m="20839" machi="100" ten="30,11600,0" yaku="25,1,33,2,52,1" doraHai="92" who="0" fromWho="1" sc="298,122,352,-122,198,0,152,0" /><INIT seed="4,3,0,0,4,77" ten="420,230,198,152" oya="0" hai0="127,102,24,97,36,46,7,22,6,23,123,107,67" hai1="21,44,51,50,2,1,12,33,91,89,92,131,39" hai2="76,59,103,116,124,47,45,84,118,132,3,20,37" hai3="29,85,96,93,18,115,73,9,35,31,53,111,70"/><T74/><D123/><U4/><E33/><V117/><F124/><W120/><G73/><T79/><D127/><U38/><E131/><V126/><F126/><W82/><G70/><T30/><D67/><U83/><E21/><V133/><F3/><W14/><G111/><T99/><D99/><U0/><E12/><V119/><F103/><W63/><G35/><T32/><D23/><U80/><E4/><V113/><F113/><W26/><G26/><T110/><D22/><U122/><E92/><V54/><F117/><W90/><G115/><T125/><D125/><U130/><E44/><V105/><F105/><W78/><G120/><T98/><D98/><U100/><E100/><V94/><F20/><W106/><G106/><T15/><D15/><U114/><E114/><V69/><F69/><W88/><G78/><T60/><D60/><U71/><E71/><V42/><F47/><W25/><G25/><T56/><D56/><AGARI ba="3,0" hai="9,14,18,29,31,53,56,63,82,85,88,90,93,96" machi="56" ten="40,5200,0" yaku="8,1,52,1,54,1" doraHai="77" who="3" fromWho="0" sc="420,-61,230,0,198,0,152,61" /><INIT seed="5,0,0,4,4,54" ten="359,230,198,213" oya="1" hai0="8,131,22,34,122,37,64,101,57,4,31,118,76" hai1="45,111,84,80,56,129,6,48,15,51,35,72,19" hai2="59,114,9,24,74,50,124,121,18,132,1,91,47" hai3="78,11,73,97,102,49,36,32,5,79,55,81,71"/><U41/><E129/><V21/><F124/><W135/><G36/><T53/><D118/><U0/><E35/><V61/><F132/><W130/><G32/><T105/><D131/><U92/><E72/><V39/><F121/><W123/><G71/><T120/><D37/><U67/><E0/><V134/><F114/><W88/><G123/><T115/><D115/><U28/><E28/><V58/><F74/><W82/><G135/><T70/><D34/><U17/><E92/><V127/><F39/><W66/><G66/><T83/><D64/><U98/><E98/><V89/><F127/><W104/><G130/><T14/><D70/><U133/><E111/><V65/><F134/><W112/><G112/><T26/><D101/><U68/><E68/><V99/><F99/><W25/><G25/><T90/><D90/><U23/><E133/><V116/><F58/><W27/><G27/><T128/><D128/><U87/><E6/><V10/><F116/><W13/><G88/><N who="2" m="33865" /><F1/><W42/><G42/><AGARI ba="0,0" hai="9,10,18,21,24,42,47,50,59,61,65" m="33865" machi="42" ten="30,3900,0" yaku="8,1,52,1,54,1" doraHai="54" who="2" fromWho="3" sc="359,0,230,0,198,39,213,-39" /><INIT seed="6,0,0,1,3,32" ten="359,230,237,174" oya="2" hai0="116,10,118,53,128,9,17,62,88,69,47,80,21" hai1="7,94,55,35,16,57,12,42,40,73,99,102,134" hai2="20,70,37,74,49,115,71,133,85,13,126,28,29" hai3="121,96,97,48,50,127,1,79,125,83,22,8,52"/><V100/><F37/><W86/><G121/><T67/><D128/><U41/><E35/><V132/><F74/><W25/><G50/><T65/><D65/><U77/><E134/><N who="2" m="51819" /><F100/><W30/><G127/><T123/><D123/><U34/><E34/><V120/><F120/><W107/><G107/><T19/><D19/><U24/><E73/><V6/><F126/><W76/><G76/><T82/><D82/><U39/><E77/><V122/><F122/><W135/><G135/><T111/><D111/><U18/><E39/><V4/><F85/><W5/><REACH who="3" step="1"/><G125/><REACH who="3" ten="359,230,237,164" step="2"/><T3/><D118/><U58/><E42/><V108/><F49/><W98/><G98/><T81/><D116/><U63/><E41/><V119/><F119/><W54/><G54/><T56/><D53/><U51/><E40/><V106/><F106/><W113/><G113/><T61/><D67/><N who="1" m="39407" /><E24/><V84/><F115/><W104/><G104/><T38/><D38/><U36/><E36/><V26/><F26/><W129/><G129/><T93/><D47/><AGARI ba="0,1" hai="1,5,8,22,25,30,47,48,52,79,83,86,96,97" machi="47" ten="30,8000,1" yaku="1,1,7,1,52,1,54,1,53,1" doraHai="32" doraHaiUra="33" who="3" fromWho="0" sc="359,-80,230,0,237,0,164,90" /><INIT seed="7,0,0,4,3,93" ten="279,230,237,254" oya="3" hai0="104,64,46,66,8,122,131,101,26,41,6,83,106" hai1="9,21,88,124,29,40,28,45,100,17,68,103,7" hai2="87,117,114,95,30,127,60,123,130,18,98,81,113" hai3="80,120,27,53,110,128,108,44,97,70,1,54,10"/><W61/><G120/><T67/><D122/><U109/><E68/><V58/><F30/><W43/><G128/><T94/><D131/><U86/><E109/><N who="3" m="42090" /><G27/><T39/><D26/><N who="1" m="14639" /><E124/><V20/><F123/><W48/><G80/><T33/><D33/><U2/><E2/><V89/><F117/><W55/><G97/><T135/><D135/><U77/><E77/><V36/><F36/><N who="3" m="21607" /><G10/><T116/><D116/><U57/><E57/><V5/><F127/><W107/><G107/><T84/><D94/><N who="1" m="54551" /><E7/><V59/><F5/><W133/><G1/><T56/><D101/><N who="1" m="38987" /><E9/><V37/><F130/><W52/><G133/><T119/><D119/><U32/><E32/><V15/><F37/><W74/><G74/><T85/><D106/><U51/><AGARI ba="0,0" hai="28,29,40,45,51" m="38987,54551,14639" machi="51" ten="30,2000,0" yaku="8,1,54,1" doraHai="93" who="1" fromWho="1" sc="279,-5,230,20,237,-5,254,-10" /><INIT seed="8,0,0,0,3,39" ten="274,250,232,244" oya="0" hai0="102,43,19,73,108,70,99,31,77,62,58,51,112" hai1="133,44,130,92,64,11,118,68,101,46,85,21,60" hai2="10,27,78,7,29,18,115,42,75,22,36,79,17" hai3="15,103,116,98,83,96,59,6,2,0,134,124,24"/><T74/><D112/><U48/><E118/><V113/><F113/><W45/><G124/><T4/><D108/><U117/><E117/><V110/><F110/><W82/><G98/><T65/><D77/><U91/><E130/><V129/><F129/><W9/><G134/><T80/><D80/><U12/><E133/><V67/><F67/><W37/><G59/><T121/><D121/><U111/><E111/><V90/><F115/><W38/><G24/><T71/><D71/><U135/><E135/><V30/><F90/><W53/><G38/><T50/><D50/><U23/><E101/><V104/><F104/><W131/><G116/><T16/><D4/><U28/><E28/><V1/><F29/><W107/><G131/><T87/><D87/><U52/><REACH who="1" step="1"/><E46/><REACH who="1" ten="274,240,232,244" step="2"/><N who="2" m="23879" /><F79/><W33/><G45/><T132/><D31/><U123/><E123/><V126/><F126/><W97/><G103/><T84/><D132/><U89/><E89/><V86/><F86/><W69/><G97/><T81/><D74/><U56/><E56/><V106/><F106/><W66/><G96/><T120/><D73/><U49/><E49/><V40/><F40/><W95/><G107/><T94/><D120/><U72/><E72/><V100/><F100/><W54/><G37/><T128/><D128/><U93/><E93/><V55/><F55/><W88/><G53/><T127/><D127/><U125/><E125/><V109/><F109/><W34/><G54/><T119/><D119/><U76/><E76/><V25/><F25/><W114/><G114/><T122/><D122/><U41/><E41/><V8/><F8/><RYUUKYOKU ba="0,1" sc="274,-15,240,15,232,15,244,-15" hai1="11,12,21,23,44,48,52,60,64,68,85,91,92" hai2="1,7,10,17,18,22,27,30,75,78" /><INIT seed="9,1,1,4,3,59" ten="259,255,247,229" oya="1" hai0="18,19,101,46,97,73,109,1,11,88,26,114,122" hai1="40,31,17,9,124,93,50,47,91,95,28,41,49" hai2="128,116,38,100,16,119,69,22,70,14,132,74,92" hai3="123,4,8,65,131,55,104,115,117,99,6,27,78"/><U20/><E124/><V108/><F108/><W15/><G115/><T130/><D114/><U13/><E95/><V105/><F105/><W133/><G123/><T111/><D122/><U107/><E107/><V7/><F128/><W24/><G131/><T120/><D120/><U30/><E50/><V23/><F132/><W96/><G133/><T58/><D130/><U64/><E64/><V5/><F74/><W82/><G117/><N who="2" m="45129" /><F23/><W118/><G118/><T34/><D73/><U127/><E127/><V113/><F38/><W33/><G6/><N who="2" m="2057" /><F113/><W2/><G2/><T3/><D3/><U112/><E112/><V56/><F56/><W89/><G55/><T53/><D1/><U72/><E72/><V129/><F129/><W68/><G33/><T39/><D11/><U60/><E9/><V110/><F110/><W21/><G89/><T83/><D101/><U76/><E76/><V87/><F87/><W81/><G81/><T125/><D125/><U126/><E126/><V80/><F80/><W71/><G27/><T75/><D75/><U94/><E91/><V10/><F10/><W43/><G43/><T42/><D83/><U85/><E85/><V57/><F57/><W103/><G96/><AGARI ba="1,1" hai="14,16,22,69,70,92,96,100" m="2057,45129" machi="96" ten="30,2000,0" yaku="16,1,54,1" doraHai="59" who="2" fromWho="3" sc="259,0,255,0,247,33,229,-23" /><INIT seed="10,0,0,3,0,40" ten="259,255,280,206" oya="2" hai0="8,103,23,120,83,4,89,41,108,44,27,35,77" hai1="53,62,26,85,111,76,75,93,31,72,14,49,117" hai2="97,29,129,68,11,113,67,74,125,22,21,20,56" hai3="106,121,99,16,57,1,64,0,91,39,102,36,50"/><V80/><F113/><W112/><G121/><T98/><D108/><U33/><E111/><V123/><F68/><W90/><G112/><T133/><D133/><U66/><E117/><V116/><F116/><W13/><G39/><T45/><D35/><U104/><E104/><V118/><F118/><W38/><G36/><T61/><D41/><U60/><E14/><V86/><F74/><W84/><G38/><T82/><D61/><U28/><E28/><V10/><F125/><W122/><G91/><T78/><D89/><U70/><E62/><N who="2" m="38343" /><F129/><W17/><G17/><N who="0" m="12783" /><D120/><U71/><E71/><V52/><F29/><W131/><G131/><T87/><D83/><U126/><E126/><V47/><F97/><W24/><G24/><T69/><D69/><U9/><E26/><V3/><F3/><W18/><G18/><T81/><D81/><U6/><E31/><V2/><F2/><W65/><G65/><T109/><D78/><U107/><E76/><N who="2" m="46343" /><F123/><W59/><G122/><T7/><D109/><U100/><E33/><V5/><F5/><N who="0" m="2122" /><D8/><U128/><E128/><V101/><F101/><W55/><G64/><T134/><D134/><U42/><E9/><V132/><F132/><W114/><G59/><T19/><D19/><U51/><E6/><V124/><F124/><W115/><G114/><T37/><D37/><U95/><E70/><V43/><F43/><W34/><G34/><T46/><D98/><U110/><E110/><V58/><F58/><W119/><G115/><T15/><D103/><U32/><E32/><V127/><F127/><W30/><G119/><T12/><AGARI ba="0,0" hai="12,15,44,45,46,77,82,87" m="2122,12783" machi="12" ten="30,8000,1" yaku="5,1,8,1,52,3" doraHai="40" who="0" fromWho="0" sc="259,80,255,-20,280,-40,206,-20" owari="339,43.0,235,-16.0,240,4.0,186,-31.0" /></mjloggm>