<mjloggm ver="2.3"><GO type="41" lobby="0"/><UN n0="%E2%93%9D%53%75%70%68%78" n1="%69%51%4F%53%E3%82%84%E3%82%81%E3%81%9F%E3%81%84" n2="%E3%81%99%E3%81%93%E3%82%84%E3%81%8B%E3%81%9F%E3%82%8D%E3%81%86" n3="%E3%82%B0%E3%83%A9%E3%82%B9%E6%9C%80%E5%BC%B7" dan="17,15,14,14" rate="2084.33,1977.82,1892.37,1903.57" sx="M,M,M,M"/><TAIKYOKU oya="0"/><INIT seed="0,0,0,4,2,30" ten="250,250,250,250" oya="0" hai0="109,16,98,48,22,79,55,12,82,41,120,131,24" hai1="92,25,100,86,57,40,21,59,67,32,126,99,70" hai2="135,42,124,35,20,63,97,9,96,58,29,0,10" hai3="45,56,43,116,31,66,121,128,47,18,71,74,111"/><T46/><D120/><U14/><E126/><V119/><F42/><W130/><G116/><T84/><D131/><N who="3" m="50217" /><G74/><T50/><D109/><U33/><E40/><V123/><F123/><W118/><G18/><T36/><D98/><U2/><E2/><V28/><F0/><W81/><G31/><T1/><D1/><U3/><E3/><V127/><F20/><W115/><G81/><T91/><D79/><U62/><E14/><V105/><F105/><W78/><G78/><T95/><D82/><U101/><E101/><V49/><F49/><W15/><G15/><T110/><D110/><U87/><E70/><V75/><F63/><N who="3" m="40415" /><G111/><T65/><D65/><U26/><E26/><V64/><F64/><W72/><G72/><T39/><REACH who="0" step="1"/><D24/><REACH who="0" ten="240,250,250,250" step="2"/><U132/><E132/><V4/><F135/><W76/><G76/><T133/><D133/><U129/><E129/><V117/><F75/><W122/><G118/><T113/><D113/><U52/><E87/><V88/><F117/><W112/><G115/><T37/><D37/><U54/><E86/><V104/><F119/><W8/><G112/><T83/><D83/><U69/><E69/><V44/><F124/><W125/><G125/><T5/><D5/><U6/><E6/><V114/><F4/><W27/><G27/><T19/><D19/><U107/><E107/><V17/><F104/><W103/><G122/><T80/><D80/><U108/><E108/><V89/><F127/><W85/><G121/><T73/><D73/><U7/><E7/><V102/><F114/><W134/><G85/><T13/><D13/><U38/><E38/><RYUUKYOKU ba="0,1" sc="240,30,250,-10,250,-10,250,-10" hai0="12,16,22,36,39,41,46,48,50,55,84,91,95" /><INIT seed="0,1,1,0,4,130" ten="270,240,240,240" oya="0" hai0="122,75,9,88,50,91,89,38,70,43,85,74,110" hai1="42,49,66,41,54,118,126,134,37,114,104,2,23" hai2="59,113,69,79,62,7,1,6,26,125,34,52,12" hai3="128,67,123,129,20,51,16,44,131,93,47,103,117"/><T115/><D122/><U30/><E104/><V15/><F113/><W46/><G117/><T18/><D115/><U28/><E2/><V77/><F125/><W121/><G67/><T21/><D38/><U81/><E114/><V120/><F120/><N who="3" m="46155" /><G93/><T97/><D70/><U22/><E66/><V61/><F1/><W109/><G103/><T135/><D9/><U84/><E37/><V111/><F111/><W80/><G80/><T100/><D110/><U35/><E126/><V98/><F98/><W53/><G109/><T32/><D32/><U116/><E35/><V86/><F69/><W17/><G17/><T13/><D85/><U99/><E99/><V58/><F86/><W102/><G102/><T96/><D96/><U106/><E84/><V127/><F127/><W45/><G45/><T10/><D10/><U27/><E49/><V57/><F34/><W3/><G3/><T133/><D50/><U73/><E81/><V107/><F107/><W63/><G63/><N who="2" m="24073" /><F26/><AGARI ba="1,1" hai="16,20,26,44,46,47,51,53,128,129,131" m="46155" machi="26" ten="40,5200,0" yaku="19,1,13,1,54,1" doraHai="130" who="3" fromWho="2" sc="270,0,240,0,240,-55,240,65" /><INIT seed="1,0,0,1,4,4" ten="270,240,185,305" oya="1" hai0="7,16,88,58,45,35,121,99,63,133,127,80,62" hai1="29,12,68,93,125,82,8,41,120,85,6,13,57" hai2="24,54,65,36,42,96,61,78,21,14,105,108,59" hai3="64,123,129,107,114,113,33,118,20,77,66,71,31"/><U50/><E68/><V102/><F108/><W89/><G123/><T27/><D127/><U122/><E125/><V25/><F78/><W70/><G89/><T51/><D133/><U74/><E29/><V106/><F36/><W46/><G20/><N who="0" m="13703" /><D35/><U87/><E74/><V95/><F42/><W128/><G46/><T103/><D7/><U86/><E13/><V60/><F14/><W2/><G77/><T117/><D117/><U81/><E122/><V56/><REACH who="2" step="1"/><F25/><REACH who="2" ten="270,240,175,305" step="2"/><W1/><G118/><T11/><D121/><U23/><E120/><V15/><F15/><W19/><G2/><T44/><D51/><U91/><E41/><V134/><F134/><W84/><G1/><T132/><D132/><U100/><E23/><V0/><F0/><W135/><G135/><T98/><D63/><U10/><E12/><V69/><F69/><W72/><G70/><T30/><D62/><U130/><E6/><V43/><F43/><W32/><G71/><T75/><D75/><U92/><E130/><V18/><AGARI ba="0,1" hai="18,21,24,54,56,59,60,61,65,95,96,102,105,106" machi="18" ten="20,2700,0" yaku="1,1,0,1,7,1,53,0" doraHai="4" doraHaiUra="73" who="2" fromWho="2" sc="270,-7,240,-13,175,37,305,-7" /><INIT seed="2,0,0,1,3,102" ten="263,227,212,298" oya="2" hai0="41,53,82,124,85,57,47,27,17,7,65,122,60" hai1="135,0,66,28,32,8,2,119,89,70,117,54,134" hai2="15,84,126,131,46,96,3,45,78,125,42,50,22" hai3="40,13,56,25,33,88,105,108,76,77,30,43,63"/><V95/><F3/><W59/><G108/><T100/><D124/><N who="2" m="47722" /><F78/><W75/><G105/><T71/><D7/><U118/><E70/><V113/><F113/><W61/><G13/><T52/><D122/><U115/><E66/><V129/><F84/><W37/><G37/><T112/><D100/><U36/><E36/><V133/><F22/><W83/><G76/><T132/><D132/><N who="1" m="50731" /><E89/><N who="2" m="55407" /><F133/><W14/><G14/><T109/><D112/><U39/><E39/><N who="2" m="21727" /><F15/><W120/><G120/><T116/><D85/><U1/><E54/><AGARI ba="0,0" hai="46,50,54,129,131" m="21727,55407,47722" machi="54" ten="30,1500,0" yaku="18,1" doraHai="102" who="2" fromWho="1" sc="263,0,227,-15,212,15,298,0" /><INIT seed="2,1,0,4,3,14" ten="263,212,227,298" oya="2" hai0="127,39,47,69,25,48,83,121,27,111,42,28,19" hai1="113,29,74,78,9,33,93,46,108,36,30,22,13" hai2="106,88,53,97,12,105,26,40,2,104,80,67,5" hai3="129,38,85,63,96,89,131,34,133,92,60,79,57"/><V81/><F2/><W37/><G34/><T94/><D121/><U82/><E113/><V59/><F67/><W98/><G133/><T58/><D69/><U10/><E108/><V4/><F40/><W101/><G79/><T123/><D127/><U62/><E33/><V132/><F132/><W11/><G11/><T24/><D111/><U125/><E125/><V118/><F118/><W99/><G101/><T77/><D94/><U1/><E62/><V86/><F26/><W65/><REACH who="3" step="1"/><G63/><REACH who="3" ten="263,212,227,288" step="2"/><T128/><D77/><U116/><E116/><V130/><F130/><AGARI ba="1,1" hai="37,38,57,60,65,85,89,92,96,98,99,129,130,131" machi="130" ten="40,8000,1" yaku="1,1,2,1,19,1,53,1" doraHai="14" doraHaiUra="87" who="3" fromWho="2" sc="263,0,212,0,227,-83,288,93" /><INIT seed="3,0,0,0,2,31" ten="263,212,144,381" oya="3" hai0="110,132,15,84,74,97,23,30,5,26,51,126,123" hai1="128,103,93,43,76,87,28,2,53,38,48,69,45" hai2="44,75,8,82,105,121,114,95,6,91,29,77,16" hai3="122,25,119,11,9,92,117,135,61,65,130,7,12"/><W78/><G122/><T62/><D74/><U21/><E128/><V58/><F114/><W4/><G130/><T13/><D123/><U67/><E2/><V68/><F105/><W41/><G135/><T72/><D72/><U81/><E69/><V83/><F68/><W52/><G41/><T116/><D110/><U113/><E113/><V108/><F108/><W133/><G133/><T88/><D126/><U111/><E111/><V90/><F29/><W27/><G78/><T70/><D116/><U94/><E67/><V39/><F58/><W54/><G92/><T99/><D62/><U124/><E124/><V101/><F83/><W46/><G119/><T134/><D70/><U118/><E118/><V125/><F125/><W100/><G100/><T10/><D132/><U0/><E0/><N who="2" m="71" /><F121/><W73/><G73/><T50/><D15/><U55/><E103/><V33/><F33/><W107/><G107/><T40/><D134/><U109/><E109/><V17/><F101/><W37/><G37/><T89/><D89/><N who="2" m="33802" /><F95/><N who="1" m="36361" /><E38/><V104/><F104/><W3/><G117/><T34/><D34/><U47/><E47/><V98/><F98/><N who="0" m="37386" /><D40/><AGARI ba="0,0" hai="16,17,39,40,44,75,77,82" m="33802,71" machi="40" ten="30,2000,0" yaku="25,1,54,1" doraHai="31" who="2" fromWho="0" sc="263,-20,212,0,144,20,381,0" /><INIT seed="4,0,0,2,1,77" ten="243,212,164,381" oya="0" hai0="28,97,71,89,67,43,53,39,79,76,74,111,63" hai1="103,27,92,38,58,121,6,56,8,124,83,101,26" hai2="75,113,132,60,30,40,41,44,133,14,91,115,72" hai3="88,46,118,52,25,24,51,54,35,5,68,122,29"/><T64/><D111/><U37/><E121/><V96/><F30/><W33/><G118/><T93/><D67/><U22/><E124/><V19/><F60/><W15/><G68/><T126/><D126/><U81/><E92/><V13/><F96/><W128/><G128/><T21/><D74/><N who="2" m="28202" /><F44/><W94/><G122/><T107/><D107/><U80/><E6/><V18/><F91/><W1/><G1/><T120/><D120/><U114/><E114/><N who="2" m="43531" /><F13/><W104/><G104/><T32/><D32/><U134/><E134/><N who="2" m="51819" /><F14/><W69/><G69/><T105/><D28/><U65/><E8/><V127/><F127/><W116/><G116/><T12/><D12/><U110/><E110/><V20/><F20/><W95/><G95/><T112/><D21/><U48/><E22/><V59/><F59/><N who="1" m="22569" /><E48/><V47/><F47/><W31/><G15/><T57/><D112/><U123/><E123/><V100/><F100/><N who="1" m="38473" /><E65/><V87/><F87/><W3/><G5/><T117/><D117/><U4/><E4/><V106/><F106/><W109/><G3/><T34/><D105/><U0/><E0/><V7/><F7/><W36/><G109/><T98/><D64/><U125/><E125/><V62/><F62/><W45/><G46/><N who="0" m="23935" /><D71/><U78/><E78/><N who="0" m="29737" /><D97/><U10/><E10/><V50/><F50/><W119/><G119/><T23/><D23/><U108/><E108/><V86/><F86/><W66/><G66/><T102/><D102/><U84/><E84/><V135/><N who="2" m="51827" /><V85/><DORA hai="70" /><F85/><N who="3" m="52495" /><G36/><AGARI ba="0,0" hai="26,27,36,37,38,80,81,83" m="38473,22569" machi="36" ten="40,16000,3" yaku="28,2,52,6" doraHai="77,70" who="1" fromWho="3" sc="243,0,212,160,164,0,381,-160" /><INIT seed="5,0,0,3,2,113" ten="243,372,164,221" oya="1" hai0="118,90,93,106,107,95,105,117,46,92,55,135,83" hai1="50,74,58,13,123,132,18,82,57,26,37,71,85" hai2="51,112,24,104,97,79,114,72,99,133,121,86,60" hai3="69,124,27,89,16,119,22,115,125,100,94,59,116"/><U78/><E123/><V8/><F121/><W5/><G69/><T129/><D55/><U23/><E37/><V15/><F72/><W61/><G115/><N who="2" m="44073" /><F104/><W66/><G100/><T109/><D46/><U54/><E71/><V103/><F133/><W10/><G10/><T134/><D109/><U84/><E132/><N who="0" m="50729" /><D129/><U19/><REACH who="1" step="1"/><E58/><REACH who="1" ten="243,362,164,221" step="2"/><V35/><F60/><W81/><G5/><T31/><D31/><U38/><E38/><V17/><F51/><W111/><G111/><T53/><D53/><U110/><E110/><V120/><F120/><W76/><G76/><T6/><D6/><U32/><E32/><V2/><F35/><W28/><G28/><T9/><D9/><AGARI ba="0,1" hai="9,13,18,19,23,26,50,54,57,74,78,82,84,85" machi="9" ten="30,2900,0" yaku="1,1,7,1,53,0" doraHai="113" doraHaiUra="70" who="1" fromWho="0" sc="243,-29,362,39,164,0,221,0" /><INIT seed="5,1,0,2,5,92" ten="214,401,164,221" oya="1" hai0="52,17,125,48,9,103,14,57,33,79,128,133,131" hai1="91,67,21,58,13,117,95,24,110,107,61,82,122" hai2="121,8,47,93,59,126,55,60,118,29,12,108,51" hai3="127,56,45,27,135,130,22,10,15,18,38,6,4"/><U63/><E122/><V96/><F121/><W19/><G38/><T85/><D33/><U2/><E2/><V84/><F118/><W83/><G45/><T89/><D125/><U77/><E117/><V1/><F108/><W105/><G105/><T120/><D120/><U69/><E107/><V42/><F126/><W76/><G127/><T86/><D133/><U66/><E13/><V20/><F1/><W7/><G135/><T3/><D103/><U80/><E110/><V129/><F84/><W99/><G130/><T35/><D35/><U26/><E77/><V65/><F129/><N who="0" m="49738" /><D3/><U87/><E26/><V71/><F29/><AGARI ba="1,0" hai="21,24,29,58,61,63,66,67,69,80,82,87,91,95" machi="29" ten="30,1500,0" yaku="7,1" doraHai="92" who="1" fromWho="2" sc="214,0,401,18,164,-18,221,0" /><INIT seed="5,2,0,3,1,133" ten="214,419,146,221" oya="1" hai0="71,95,72,45,96,94,86,11,49,73,10,58,99" hai1="20,39,74,64,76,30,7,57,34,84,35,52,78" hai2="24,18,105,54,50,6,48,114,65,9,53,28,100" hai3="82,87,43,101,131,104,41,118,25,93,59,70,66"/><U88/><E39/><V122/><F122/><W22/><G104/><T111/><D71/><U119/><E119/><V97/><F65/><W116/><G70/><T4/><D58/><U123/><E123/><V81/><F81/><W46/><G131/><T106/><D106/><U83/><E64/><V16/><F114/><W38/><G38/><T2/><D86/><U103/><E103/><V15/><F50/><W61/><G46/><T80/><D111/><U134/><E134/><V31/><F31/><W63/><G61/><T40/><D11/><U60/><E7/><V107/><F107/><W75/><G75/><T130/><D130/><U115/><E115/><V23/><REACH who="2" step="1"/><F53/><REACH who="2" ten="214,419,136,221" step="2"/><W29/><G118/><T79/><D72/><U90/><E74/><V14/><F14/><W5/><G116/><T1/><D2/><U13/><E35/><V26/><F26/><W109/><G109/><T32/><D32/><U98/><E34/><V128/><F128/><W33/><G33/><T37/><D49/><U112/><E112/><V21/><F21/><W124/><G22/><T125/><D95/><N who="1" m="56679" /><E30/><V0/><F0/><W3/><G3/><T102/><D96/><U62/><E62/><V27/><F27/><W8/><G25/><T51/><D51/><U19/><AGARI ba="2,1" hai="13,19,20,52,57,60,76,78,83,84,90" m="56679" machi="19" ten="30,6000,0" yaku="8,1,54,2" doraHai="133" who="1" fromWho="1" sc="214,-22,419,76,136,-22,221,-22" /><INIT seed="5,3,0,0,0,133" ten="192,495,114,199" oya="1" hai0="35,5,113,6,39,14,132,58,43,114,70,118,72" hai1="84,102,24,120,18,78,105,23,37,111,60,44,4" hai2="121,31,25,55,79,86,20,21,108,38,57,95,40" hai3="64,127,27,107,63,88,115,123,122,135,77,17,50"/><U53/><E120/><V10/><F108/><W9/><G135/><T101/><D70/><U91/><E111/><V19/><F121/><W124/><G107/><T89/><D132/><U46/><E4/><V62/><F38/><W99/><G77/><T100/><D35/><U103/><E78/><V29/><F40/><W125/><G50/><T94/><D72/><U81/><E37/><V59/><F10/><W71/><G115/><N who="0" m="44043" /><D58/><N who="1" m="34895" /><E105/><V96/><F59/><W117/><G117/><T49/><D39/><U42/><E42/><V131/><F131/><W126/><G126/><T15/><D5/><U85/><E85/><V110/><F110/><W61/><G63/><T33/><D33/><U134/><E134/><V28/><F79/><W66/><G66/><T13/><D6/><U109/><E109/><V16/><F86/><W36/><G36/><T11/><D11/><U119/><E119/><V26/><F31/><W73/><G73/><T65/><D65/><U90/><E91/><AGARI ba="3,0" hai="16,19,20,21,25,26,28,29,55,57,62,91,95,96" machi="91" ten="30,12000,2" yaku="7,1,9,1,25,2,8,1,54,1" doraHai="133" who="2" fromWho="1" sc="192,0,495,-129,114,129,199,0" /><INIT seed="6,0,0,2,3,52" ten="192,366,243,199" oya="2" hai0="65,90,35,131,125,13,71,42,100,64,70,82,44" hai1="40,119,4,72,108,81,75,109,127,113,59,96,80" hai2="91,8,56,101,93,63,31,62,89,20,122,11,0" hai3="54,107,58,2,104,7,85,121,67,29,9,115,12"/><V132/><F132/><W3/><G121/><T105/><D35/><U118/><E4/><V134/><F134/><W49/><G29/><T83/><D105/><U135/><E40/><V53/><F0/><W37/><G37/><T117/><D100/><U14/><E14/><V129/><F129/><W39/><G39/><T19/><D131/><U38/><E38/><V17/><F31/><W102/><G115/><T78/><D125/><U50/><E50/><V22/><F122/><W114/><G114/><T84/><D71/><U60/><E60/><V33/><F33/><W28/><G28/><T45/><D70/><U92/><E113/><V73/><F73/><W79/><G67/><T18/><D117/><U61/><E61/><V74/><F74/><W21/><G21/><N who="2" m="8297" /><F101/><W86/><G86/><N who="0" m="48503" /><D19/><U130/><E135/><V77/><F77/><W99/><REACH who="3" step="1"/><G107/><REACH who="3" ten="192,366,243,189" step="2"/><T112/><D112/><U110/><E130/><V69/><F69/><W94/><G94/><T32/><D32/><U36/><E36/><V66/><F93/><W88/><G88/><T97/><D65/><U23/><E23/><V34/><F91/><W124/><G124/><T106/><D64/><U30/><E30/><V76/><F89/><W41/><G41/><T1/><D42/><U10/><E92/><V111/><F76/><W16/><G16/><T51/><D106/><U103/><E127/><V5/><F34/><W68/><G68/><T43/><D43/><U120/><E120/><V87/><F17/><W133/><G133/><T15/><D18/><U98/><E119/><V57/><F66/><W25/><G25/><RYUUKYOKU ba="0,1" sc="192,-10,366,-10,243,-10,189,30" hai3="2,3,7,9,12,49,54,58,79,85,99,102,104" /><INIT seed="7,1,1,0,3,14" ten="182,356,233,219" oya="3" hai0="0,52,114,15,119,89,94,58,59,20,6,105,124" hai1="64,36,123,71,99,63,9,19,51,127,47,84,118" hai2="1,70,42,48,116,46,65,44,91,56,131,62,69" hai3="98,112,80,96,45,39,101,79,120,113,23,107,110"/><W12/><G120/><T134/><D119/><U82/><E123/><V117/><F91/><W104/><G45/><T76/><D105/><U83/><E127/><V18/><F18/><N who="3" m="10695" /><G39/><T92/><D124/><U40/><E118/><N who="2" m="45675" /><F1/><W115/><G110/><T109/><D134/><U5/><E19/><V53/><F131/><W132/><G132/><T22/><D0/><U27/><E27/><V38/><AGARI ba="1,1" hai="38,42,44,46,48,53,56,62,65,69,70" m="45675" machi="38" ten="30,2000,0" yaku="34,2" doraHai="14" who="2" fromWho="2" sc="182,-6,356,-6,233,33,219,-11" owari="176,-32.0,350,44.0,266,7.0,208,-19.0" /></mjloggm>