<mjloggm ver="2.3"><GO type="41" lobby="0"/><UN n0="%E6%9C%89%E4%B8%AD%E6%9C%89" n1="%E5%BE%85%E3%81%A3%E3%81%A6" n2="%4D%41%49%54%4F" n3="%E2%93%9D%53%75%70%68%78" dan="15,14,13,18" rate="2019.79,1975.20,1923.09,2091.57" sx="M,M,M,M"/><TAIKYOKU oya="0"/><INIT seed="0,0,0,2,5,32" ten="250,250,250,250" oya="0" hai0="108,39,119,70,90,9,37,88,91,86,46,1,80" hai1="72,82,118,2,3,12,128,85,100,23,40,130,123" hai2="51,84,78,89,41,113,22,71,38,19,53,27,104" hai3="111,110,68,103,83,105,65,101,67,99,112,10,52"/><T121/><D119/><U0/><E123/><V117/><F113/><W21/><G112/><T35/><D121/><U31/><E118/><V16/><F117/><W58/><G103/><T87/><D35/><U61/><E40/><V74/><F104/><W81/><G21/><T30/><D70/><U29/><E100/><V109/><F71/><W25/><G25/><T13/><D108/><N who="3" m="41513" /><G10/><T93/><D30/><U47/><E47/><V126/><F126/><W18/><G18/><T5/><D91/><U131/><E61/><V34/><F34/><W43/><G43/><T62/><D62/><U64/><E64/><N who="3" m="24650" /><G68/><T129/><D129/><U17/><E72/><V73/><F19/><W36/><G36/><T55/><REACH who="0" step="1"/><D13/><REACH who="0" ten="240,250,250,250" step="2"/><U33/><E33/><V75/><F109/><W8/><G8/><T7/><D7/><U59/><E59/><V48/><F89/><AGARI ba="0,1" hai="0,2,3,12,17,23,29,31,82,85,89,128,130,131" machi="89" ten="50,8000,1" yaku="19,1,52,3" doraHai="32" who="1" fromWho="2" sc="240,0,250,90,250,-80,250,0" /><INIT seed="1,0,0,3,0,37" ten="240,340,170,250" oya="1" hai0="99,32,21,71,102,49,112,27,131,69,43,110,34" hai1="127,62,80,106,17,48,108,14,46,114,15,2,122" hai2="121,75,100,36,64,38,33,135,93,97,72,10,129" hai3="130,82,35,111,90,54,113,20,92,56,16,44,124"/><U40/><E122/><V107/><F121/><W22/><G113/><T9/><D112/><U53/><E114/><V0/><F33/><W58/><G35/><T76/><D110/><U25/><E106/><V117/><F93/><W45/><G130/><T50/><D131/><U51/><E2/><V42/><F129/><W5/><G124/><T4/><D32/><U89/><E127/><V19/><F117/><W128/><G5/><T77/><D34/><U3/><E62/><V104/><F104/><W13/><G111/><T109/><D69/><U6/><E3/><V105/><F105/><W91/><G58/><T39/><D71/><U116/><E116/><V68/><F36/><W59/><G59/><T1/><D109/><U30/><E6/><N who="2" m="1351" /><F19/><W18/><G82/><T23/><D39/><U47/><E108/><V120/><F135/><W7/><G7/><T12/><D1/><U103/><E103/><V24/><F24/><W70/><G70/><T63/><D63/><U119/><E119/><V123/><F123/><W132/><G132/><T115/><D115/><U98/><E17/><V67/><F120/><W31/><G31/><N who="0" m="17903" /><D23/><N who="1" m="15679" /><E80/><V65/><F68/><W73/><G128/><T86/><D86/><U74/><E74/><V95/><F107/><W134/><G73/><T96/><D99/><U52/><E53/><V8/><F8/><W29/><G134/><T66/><D66/><N who="2" m="16898" /><V94/><DORA hai="61" /><F72/><W87/><G29/><T79/><D96/><U41/><E52/><V55/><F55/><W133/><G133/><T81/><D9/><U11/><E11/><V28/><F75/><RYUUKYOKU ba="0,0" sc="240,-10,340,30,170,-10,250,-10" hai1="14,15,40,41,46,47,48,51,89,98" /><INIT seed="1,1,0,4,0,96" ten="230,370,160,240" oya="1" hai0="126,38,66,87,123,131,1,98,129,104,83,78,74" hai1="128,135,50,29,134,91,76,132,89,133,54,24,82" hai2="17,40,79,22,99,19,9,6,33,102,15,5,2" hai3="73,52,124,12,88,80,106,7,77,53,21,16,0"/><U23/><N who="1" m="33792" /><DORA hai="127" /><U59/><REACH who="1" step="1"/><E128/><REACH who="1" ten="230,360,160,240" step="2"/><V100/><F79/><W110/><G124/><T114/><D126/><U75/><AGARI ba="1,1" hai="23,24,29,50,54,59,75,76,82,89,91" m="33792" machi="75" ten="60,12000,1" yaku="1,1,2,1,0,1,20,1,53,0" doraHai="96,127" doraHaiUra="103,112" who="1" fromWho="1" sc="230,-41,360,133,160,-41,240,-41" /><INIT seed="1,2,0,5,1,22" ten="189,493,119,199" oya="1" hai0="16,6,61,9,43,24,67,125,41,10,12,130,134" hai1="118,57,55,85,2,74,106,98,94,31,0,18,110" hai2="70,50,122,30,28,129,123,109,119,68,124,73,103" hai3="27,23,89,69,66,46,54,56,63,26,79,97,7"/><U107/><E118/><V101/><F50/><W78/><G7/><T114/><D114/><U131/><E74/><V47/><F47/><W93/><G27/><T5/><D130/><U116/><E116/><V51/><F51/><W120/><G120/><N who="2" m="46121" /><F119/><W25/><G25/><T13/><D134/><U20/><E31/><N who="2" m="11819" /><F73/><W115/><G115/><T11/><D125/><U135/><E131/><V91/><F129/><W99/><G99/><T62/><D24/><U76/><E135/><V37/><F37/><W36/><G36/><T84/><D84/><U4/><E110/><V83/><F83/><W128/><G128/><T72/><D72/><U121/><E121/><V113/><F113/><W40/><G40/><N who="0" m="15435" /><D67/><U32/><E107/><V19/><F19/><N who="3" m="12671" /><G46/><T105/><D105/><U82/><E106/><V65/><F65/><W17/><G17/><T96/><D16/><U38/><E38/><V60/><F60/><AGARI ba="2,0" hai="54,56,60,63,66,69,78,79,89,93,97" m="12671" machi="60" ten="30,2000,0" yaku="25,1,52,1" doraHai="22" who="3" fromWho="2" sc="189,0,493,0,119,-26,199,26" /><INIT seed="2,0,0,2,2,67" ten="189,493,93,225" oya="2" hai0="22,23,45,79,128,114,3,94,93,27,98,25,109" hai1="120,70,33,86,129,10,46,85,68,47,9,90,57" hai2="89,65,127,107,18,0,77,15,1,115,37,126,78" hai3="50,131,29,32,61,110,14,44,116,130,108,21,76"/><V121/><F115/><W13/><G76/><T132/><D114/><U72/><E33/><V84/><F121/><W52/><G32/><T40/><D3/><U133/><E72/><V4/><F37/><W122/><G29/><T71/><D128/><N who="3" m="49193" /><G21/><T113/><D113/><U56/><E129/><V124/><F107/><W17/><G17/><T87/><D132/><U74/><E74/><V104/><F104/><W135/><G116/><T103/><D109/><N who="3" m="42089" /><G122/><T55/><D55/><U99/><E120/><V92/><F65/><W123/><G123/><T53/><D53/><U42/><E133/><V59/><F59/><N who="3" m="35047" /><G135/><T106/><D23/><U6/><E6/><V51/><F51/><W119/><G119/><T102/><D25/><U80/><E9/><N who="2" m="2183" /><F1/><W117/><G117/><T30/><D106/><U26/><E10/><AGARI ba="0,0" hai="10,15,18,77,78,84,89,92,124,126,127" m="2183" machi="10" ten="30,1500,0" yaku="18,1" doraHai="67" who="2" fromWho="1" sc="189,0,493,-15,93,15,225,0" /><INIT seed="2,1,0,5,1,49" ten="189,478,108,225" oya="2" hai0="16,75,2,66,56,118,21,36,5,65,127,10,134" hai1="93,55,37,42,76,29,61,3,45,85,81,18,83" hai2="101,98,125,31,69,19,129,132,58,116,47,8,123" hai3="109,95,130,133,126,41,68,67,0,96,78,114,60"/><V59/><F123/><W71/><G0/><T12/><D75/><U104/><E3/><V46/><F116/><W15/><G109/><T88/><D36/><U86/><E104/><V77/><F125/><W32/><G130/><T43/><D127/><U112/><E112/><V82/><F129/><W62/><G133/><T54/><D134/><U117/><E117/><V26/><F69/><W97/><G41/><T23/><D43/><U106/><E106/><V27/><F132/><W92/><G78/><T28/><D118/><U91/><E29/><V40/><F98/><W90/><G32/><T124/><D124/><U84/><E18/><V105/><F105/><W80/><G80/><T39/><D39/><U108/><E108/><V11/><F101/><W57/><G114/><T72/><D72/><U64/><E83/><V34/><F82/><W50/><G126/><T7/><D88/><U53/><E85/><V14/><F77/><W25/><G25/><T107/><D107/><U20/><E20/><V121/><F121/><W102/><G71/><AGARI ba="1,0" hai="37,42,45,53,55,61,64,71,76,81,84,86,91,93" machi="71" ten="30,3900,0" yaku="7,1,52,2" doraHai="49" who="1" fromWho="3" sc="189,0,478,42,108,0,225,-42" /><INIT seed="3,0,0,5,3,123" ten="189,520,108,183" oya="3" hai0="7,15,72,1,9,79,75,91,41,76,77,65,95" hai1="117,59,133,85,29,27,16,5,92,66,110,105,4" hai2="23,108,3,119,86,104,45,70,12,47,126,125,71" hai3="61,55,28,42,52,57,101,35,124,37,120,21,46"/><W111/><G120/><T36/><D65/><U25/><E105/><V94/><F3/><W44/><G35/><T10/><D41/><U106/><E106/><V100/><F104/><W22/><G124/><T89/><D36/><U19/><E59/><V82/><F23/><W8/><G101/><T78/><N who="0" m="19456" /><DORA hai="49" /><T121/><D121/><U112/><E66/><V109/><F12/><W11/><G111/><N who="2" m="42569" /><F119/><W98/><G98/><T118/><D118/><U34/><E85/><V97/><F86/><W132/><G132/><T26/><D26/><N who="1" m="18743" /><E92/><V18/><F18/><N who="1" m="6697" /><E110/><V99/><F82/><W103/><G22/><T63/><D63/><U40/><E40/><V2/><F2/><W96/><G21/><T87/><REACH who="0" step="1"/><D91/><REACH who="0" ten="179,520,108,183" step="2"/><U80/><E117/><V51/><F99/><W107/><G28/><T81/><D81/><U113/><E80/><V62/><F62/><W130/><G61/><T134/><D134/><U20/><E133/><V115/><F115/><N who="1" m="44105" /><E20/><V67/><F67/><W64/><G64/><T30/><D30/><U114/><E114/><V17/><F71/><W135/><G135/><T102/><D102/><U116/><E116/><V14/><F70/><W58/><G103/><T53/><D53/><U93/><E93/><V43/><F47/><W122/><G46/><T127/><D127/><U128/><E128/><V68/><F68/><W88/><G130/><T69/><D69/><U131/><E131/><V6/><F126/><W129/><G129/><T39/><D39/><U74/><E74/><V38/><F38/><W60/><G122/><T32/><D32/><U56/><E56/><RYUUKYOKU ba="0,1" sc="179,15,520,15,108,-15,183,-15" hai0="1,7,9,10,15,72,75,87,89,95" hai1="4,5,25,27" /><INIT seed="4,1,1,0,3,83" ten="194,535,93,168" oya="0" hai0="112,40,15,78,122,70,27,49,33,91,107,84,2" hai1="7,6,99,129,109,74,85,52,26,126,81,59,55" hai2="4,123,11,104,28,90,98,35,8,29,133,42,60" hai3="73,113,115,54,80,45,0,95,21,56,34,75,5"/><T118/><D118/><U86/><E109/><V97/><F123/><W44/><G34/><T92/><D122/><U61/><E74/><V119/><F119/><W103/><G21/><T36/><D2/><U18/><E129/><V128/><F133/><W111/><G111/><T79/><D70/><U101/><E126/><V89/><F128/><W105/><G105/><T130/><D130/><U17/><E81/><V51/><F60/><W48/><G5/><N who="1" m="1546" /><E55/><V71/><F71/><W114/><G0/><T19/><D107/><U38/><E38/><V22/><F4/><W117/><G117/><T41/><D36/><U120/><E120/><V77/><F51/><W116/><G116/><T13/><D112/><U102/><E99/><V50/><F50/><W135/><G135/><T46/><D40/><U69/><E69/><V14/><F42/><W31/><G31/><T121/><D121/><U65/><E65/><V68/><F68/><W9/><G9/><T62/><D62/><U24/><E24/><V20/><F104/><W47/><G80/><N who="0" m="47135" /><D78/><U106/><E106/><V53/><F77/><W30/><G30/><T64/><D64/><U63/><E63/><V94/><F35/><W131/><G131/><T108/><D33/><U76/><E76/><V43/><F43/><W125/><G125/><T67/><D67/><U3/><E3/><V124/><F124/><W32/><G32/><T87/><D108/><U16/><E26/><V10/><F53/><W39/><G39/><T88/><D91/><U132/><E132/><V134/><F134/><W58/><G58/><T25/><D27/><RYUUKYOKU ba="1,1" sc="194,10,535,10,93,-30,168,10" hai0="13,15,19,25,41,46,49,87,88,92" hai1="16,17,18,52,59,61,85,86,101,102" hai3="44,45,47,48,54,56,73,75,95,103,113,114,115" /><INIT seed="4,2,1,5,3,79" ten="204,545,63,178" oya="0" hai0="130,8,74,116,108,37,107,10,6,123,110,131,129" hai1="16,66,58,20,5,62,57,121,33,12,13,134,23" hai2="113,53,125,103,122,63,60,9,69,27,4,45,98" hai3="25,68,51,90,127,50,126,106,15,40,47,7,119"/><T82/><D37/><U56/><E121/><V85/><F122/><W135/><G106/><T94/><D123/><U72/><E72/><V14/><F113/><W104/><G104/><T21/><D116/><U96/><E33/><V109/><F109/><N who="0" m="42090" /><D107/><U101/><E134/><V124/><F85/><W76/><G68/><T133/><D133/><U22/><E5/><V32/><F32/><W29/><G119/><T34/><D34/><U88/><E101/><V78/><F78/><W73/><G135/><T71/><D71/><U64/><E62/><V102/><F27/><W97/><G51/><T93/><D21/><N who="1" m="11399" /><E13/><V112/><F112/><W44/><G15/><N who="0" m="5527" /><D10/><U80/><E96/><V128/><F98/><W24/><G97/><T55/><D55/><U117/><E117/><V26/><F69/><W17/><G127/><T41/><D41/><U118/><E118/><V111/><F111/><W70/><G40/><T3/><D3/><U42/><E42/><V0/><F0/><W87/><G70/><T30/><D30/><U38/><E38/><V115/><F115/><W52/><G29/><T65/><D65/><U67/><E67/><V83/><F125/><W19/><G126/><T95/><D74/><U39/><E39/><V54/><F124/><W91/><G73/><T48/><D48/><U11/><E11/><V1/><F1/><W84/><G50/><T99/><D99/><U114/><E114/><V89/><F9/><W81/><G7/><T77/><D77/><U49/><E49/><N who="2" m="28847" /><F4/><W86/><G76/><T28/><D28/><U2/><E2/><V132/><F132/><RYUUKYOKU ba="2,1" sc="204,15,545,15,63,-15,178,-15" hai0="82,93,94,95,129,130,131" hai1="20,22,23,56,57,58,64,66,80,88" /><INIT seed="4,3,1,0,2,10" ten="219,560,48,163" oya="0" hai0="103,59,5,1,90,36,89,98,84,9,106,50,107" hai1="66,116,64,131,55,97,110,42,57,115,27,54,52" hai2="91,48,79,67,21,38,40,41,124,18,94,46,8" hai3="19,20,4,73,85,119,34,17,122,121,33,87,24"/><T61/><D36/><U14/><E27/><V26/><F124/><W45/><G73/><T80/><D50/><U6/><E110/><V108/><F108/><W16/><G45/><T25/><D25/><U74/><E74/><V60/><F79/><W88/><G87/><T76/><REACH who="0" step="1"/><D106/><REACH who="0" ten="209,560,48,163" step="2"/><U92/><E116/><V82/><F38/><W71/><G119/><T7/><D7/><U104/><E104/><V70/><F82/><N who="3" m="49207" /><G4/><T135/><D135/><U2/><E6/><V44/><F44/><W128/><G122/><T31/><D31/><U39/><E39/><V11/><F41/><W29/><G121/><T69/><D69/><U56/><E42/><V102/><F102/><W95/><G71/><T78/><D78/><U112/><E112/><V68/><F70/><W47/><G47/><T12/><D12/><U28/><E115/><V62/><F62/><W43/><G43/><T35/><D35/><U109/><E14/><V96/><AGARI ba="3,2" hai="8,11,18,21,26,40,46,48,60,67,68,91,94,96" machi="96" ten="20,1500,0" yaku="0,1,7,1" doraHai="10" who="2" fromWho="2" sc="209,-10,560,-7,48,44,163,-7" /><INIT seed="5,0,0,4,4,36" ten="199,553,92,156" oya="1" hai0="130,97,112,65,124,70,116,17,117,14,64,80,131" hai1="91,73,106,127,108,29,63,122,19,128,72,107,11" hai2="115,59,46,79,123,56,87,109,8,126,3,38,81" hai3="42,110,135,103,41,52,88,74,78,66,50,133,61"/><U58/><E122/><V20/><F109/><W26/><G103/><T119/><D112/><U54/><E128/><N who="0" m="49193" /><D124/><U98/><E127/><V2/><F126/><W51/><G78/><T12/><D80/><U10/><E108/><V34/><F34/><W33/><G74/><T71/><D97/><U113/><E113/><V15/><F123/><W69/><G110/><T1/><D1/><U0/><E29/><V94/><F115/><W105/><G105/><T90/><D90/><U25/><E107/><V129/><F129/><W30/><G88/><T47/><D47/><U24/><E24/><V48/><F38/><W68/><G68/><N who="0" m="26155" /><D17/><U21/><E0/><V27/><F94/><W111/><G111/><T76/><D76/><U16/><E73/><V39/><F39/><W125/><G125/><T62/><D62/><U13/><E72/><V132/><F3/><W86/><G86/><T84/><D84/><U40/><E106/><V120/><F2/><W9/><G51/><T118/><D116/><U55/><E10/><V99/><F99/><W18/><G18/><T82/><D82/><U100/><E100/><V89/><F120/><W83/><G83/><T35/><D35/><U49/><E98/><V6/><F89/><W23/><G9/><T44/><D44/><N who="1" m="25735" /><E91/><V104/><F104/><W121/><G33/><T28/><D28/><U77/><E77/><V7/><F7/><W114/><G121/><T75/><D75/><U45/><E45/><V134/><F27/><W4/><G4/><T92/><D92/><U96/><E96/><V43/><F20/><W22/><G114/><RYUUKYOKU ba="0,0" sc="199,10,553,10,92,10,156,-30" hai0="12,14,64,65,117,118,119" hai1="11,13,16,19,21,25,54,55,58,63" hai2="6,8,15,43,46,48,56,59,79,81,87,132,134" /><INIT seed="5,1,0,1,1,29" ten="209,563,102,126" oya="1" hai0="12,117,3,77,85,100,53,131,115,6,98,86,73" hai1="32,0,51,90,37,111,79,68,10,23,8,103,113" hai2="75,94,78,57,14,102,109,28,56,60,42,19,31" hai3="125,108,128,18,67,62,71,132,58,130,52,24,99"/><U95/><E68/><V106/><F109/><W2/><G2/><T72/><D117/><U84/><E37/><V69/><F106/><W120/><G108/><T25/><D3/><U97/><E111/><V74/><F42/><W13/><G120/><T34/><D115/><U93/><E32/><V110/><F110/><W54/><G132/><T122/><D131/><N who="3" m="50217" /><G125/><T44/><D85/><U36/><E36/><V38/><F38/><W61/><G99/><T26/><D86/><U88/><E113/><V104/><F104/><W33/><G54/><T5/><D53/><U66/><E66/><V27/><F31/><N who="3" m="19687" /><G13/><T17/><D12/><U63/><E0/><V59/><F78/><W40/><G18/><T127/><D17/><U46/><E63/><V126/><F126/><W21/><G21/><T47/><D127/><U82/><E23/><V7/><F7/><W135/><G135/><T1/><D1/><U15/><E15/><V20/><F69/><W121/><G121/><T49/><D122/><U11/><REACH who="1" step="1"/><E95/><REACH who="1" ten="209,553,102,126" step="2"/><V96/><REACH who="2" step="1"/><F60/><REACH who="2" ten="209,553,92,126" step="2"/><W105/><G105/><T87/><D5/><U55/><AGARI ba="1,2" hai="8,10,11,46,51,55,79,82,84,88,90,93,97,103" machi="55" ten="30,12000,1" yaku="1,1,2,1,0,1,8,1,54,1,53,0" doraHai="29" doraHaiUra="134" who="1" fromWho="1" sc="209,-41,553,143,92,-41,126,-41" /><INIT seed="5,2,0,1,2,135" ten="168,696,51,85" oya="1" hai0="42,66,43,100,69,32,55,131,102,12,110,47,111" hai1="6,112,90,78,115,62,106,9,98,18,80,124,99" hai2="123,95,25,81,125,114,7,11,40,128,132,88,41" hai3="96,105,101,38,53,29,8,68,91,121,57,2,27"/><U82/><E62/><V1/><F123/><W19/><G121/><T75/><D32/><U130/><E18/><V85/><F132/><W116/><G38/><T129/><D75/><N who="1" m="43103" /><E9/><V92/><F128/><N who="0" m="49226" /><D12/><U13/><E13/><V60/><F114/><N who="1" m="43561" /><E6/><V113/><F113/><W22/><G68/><T72/><D72/><U5/><E5/><V56/><F125/><W39/><G8/><T107/><D66/><U94/><E130/><V104/><F104/><W37/><G19/><T21/><D107/><U97/><E124/><V83/><F25/><W108/><G27/><T70/><D21/><U28/><E28/><V74/><F74/><W73/><G29/><T30/><D30/><U23/><E23/><V87/><F41/><N who="0" m="15370" /><D55/><U33/><E33/><V93/><F40/><W63/><G22/><T86/><D47/><U64/><E64/><V50/><F50/><W59/><G39/><T65/><D65/><U79/><E106/><V89/><REACH who="2" step="1"/><F93/><REACH who="2" ten="168,696,41,85" step="2"/><W45/><G37/><T127/><D127/><U52/><E52/><AGARI ba="2,1" hai="1,7,11,52,56,60,81,83,85,87,88,89,92,95" machi="52" ten="30,12000,2" yaku="1,1,2,1,7,1,9,1,54,2,53,0" doraHai="135" doraHaiUra="103" who="2" fromWho="1" sc="168,0,696,-126,41,136,85,0" /><INIT seed="6,0,0,2,3,55" ten="168,570,177,85" oya="2" hai0="106,20,57,66,104,30,73,12,62,122,96,125,10" hai1="120,77,105,47,79,2,21,54,43,112,65,53,111" hai2="7,59,34,50,129,41,85,61,113,70,31,13,64" hai3="78,48,92,4,101,45,115,38,6,16,82,123,27"/><V17/><F129/><W72/><G123/><T107/><D122/><U91/><E105/><V37/><F113/><W46/><G115/><T1/><D125/><U9/><E111/><V63/><F85/><W132/><G132/><T127/><D127/><U118/><E118/><V15/><F31/><W76/><G38/><T29/><D73/><U130/><E112/><V69/><F34/><W24/><G101/><T102/><D1/><U22/><E120/><V90/><F90/><W75/><G92/><T94/><REACH who="0" step="1"/><D20/><REACH who="0" ten="158,570,177,85" step="2"/><U28/><E22/><V98/><F7/><AGARI ba="0,1" hai="7,10,12,29,30,57,62,66,94,96,102,104,106,107" machi="7" ten="40,8000,1" yaku="1,1,2,1,52,1,53,1" doraHai="55" doraHaiUra="89" who="0" fromWho="2" sc="158,90,570,0,177,-80,85,0" /><INIT seed="7,0,0,2,2,107" ten="248,570,97,85" oya="3" hai0="135,111,69,94,52,18,79,66,103,118,78,58,20" hai1="87,73,31,42,114,128,70,65,125,56,112,49,64" hai2="110,17,82,13,57,4,9,3,133,40,15,74,95" hai3="22,63,16,14,67,50,35,90,120,68,97,53,8"/><W85/><G35/><T98/><D111/><U36/><E73/><V30/><F110/><W43/><G120/><T106/><D118/><U44/><E87/><V47/><F133/><W76/><G43/><T83/><D135/><U115/><E31/><V39/><F30/><W37/><G37/><T101/><D69/><U54/><E128/><V6/><F95/><W2/><G76/><T123/><D66/><N who="1" m="25707" /><E70/><V126/><F126/><AGARI ba="0,0" hai="36,42,44,49,54,56,112,114,115,125,126" m="25707" machi="126" ten="40,5200,0" yaku="15,1,34,2" doraHai="107" who="1" fromWho="2" sc="248,0,570,52,97,-52,85,0" owari="248,5.0,622,71.0,45,-45.0,85,-31.0" /></mjloggm>