<mjloggm ver="2.3"><GO type="41" lobby="0"/><UN n0="%E2%93%9D%53%75%70%68%78" n1="%E6%9C%A8%E4%BB%A3" n2="%E3%82%8C%E3%81%99%E3%81%93" n3="%E7%B4%AB%E6%B0%B4%E6%99%B6" dan="18,15,15,14" rate="2064.30,1979.58,2062.92,1974.15" sx="M,M,F,M"/><TAIKYOKU oya="0"/><INIT seed="0,0,0,2,3,132" ten="250,250,250,250" oya="0" hai0="11,53,0,134,16,69,107,89,7,67,90,119,122" hai1="106,100,87,105,86,72,51,56,28,24,21,82,66" hai2="17,63,54,117,43,3,19,12,128,52,102,48,26" hai3="101,111,110,114,58,9,104,30,33,42,29,118,96"/><T64/><D122/><U41/><E72/><V15/><F3/><W97/><G114/><T35/><D119/><U83/><E105/><V116/><F102/><W6/><G118/><N who="2" m="45673" /><F26/><W108/><G96/><T37/><D37/><U92/><E106/><V135/><F135/><W18/><G18/><N who="2" m="6665" /><F128/><W59/><G42/><T23/><D35/><U80/><E41/><V32/><F32/><W34/><G34/><T133/><D107/><U44/><E44/><N who="2" m="25631" /><F63/><W68/><G68/><T79/><D134/><U78/><E51/><V45/><F45/><W62/><G33/><T121/><D133/><U5/><E5/><V81/><F81/><W91/><G91/><T22/><D90/><U98/><E78/><V93/><F93/><W123/><G123/><T46/><D79/><U125/><E125/><V57/><F57/><N who="3" m="21515" /><G62/><AGARI ba="0,0" hai="21,24,28,56,62,66,80,82,83,86,87,92,98,100" machi="62" ten="40,5200,0" yaku="25,2,8,1" doraHai="132" who="1" fromWho="3" sc="250,0,250,52,250,0,250,-52" /><INIT seed="1,0,0,3,4,24" ten="250,302,250,198" oya="1" hai0="49,2,106,111,70,88,60,52,95,74,58,37,108" hai1="20,68,103,54,53,31,43,78,44,97,42,89,8" hai2="116,57,132,11,67,115,102,23,45,105,39,80,81" hai3="1,28,12,51,135,128,126,36,123,117,38,85,21"/><U66/><E78/><V3/><F116/><W4/><G123/><T62/><D106/><U77/><E77/><V46/><F132/><W25/><G117/><T16/><D37/><U110/><E110/><N who="0" m="42025" /><D2/><U134/><E134/><V92/><F105/><W119/><G135/><T34/><D34/><U79/><E79/><V33/><F33/><W121/><G119/><T120/><D74/><U30/><E103/><V124/><F124/><W99/><G121/><T122/><D16/><U47/><E8/><V35/><F35/><W125/><G128/><T17/><D17/><U9/><E9/><V26/><F11/><N who="3" m="4199" /><G1/><T93/><D93/><N who="1" m="56495" /><E68/><V94/><F3/><W90/><G99/><N who="0" m="57831" /><D70/><U73/><E73/><V96/><F39/><W118/><G118/><T64/><D64/><U72/><E66/><V104/><F104/><W19/><G36/><T27/><D27/><U59/><E20/><V75/><F75/><W50/><G38/><T91/><D91/><U76/><E76/><V29/><F94/><N who="3" m="54607" /><G126/><T18/><D18/><U15/><E15/><V109/><F109/><W87/><G125/><T71/><D71/><U130/><E130/><V98/><F98/><W5/><G5/><T0/><D0/><U40/><E72/><V7/><F7/><W82/><G19/><T107/><D107/><U133/><E133/><V61/><F115/><W32/><G32/><T113/><D113/><U48/><E44/><AGARI ba="0,0" hai="23,26,29,44,45,46,57,61,67,80,81,92,96,102" machi="44" ten="40,8000,1" yaku="25,2,8,1,52,1" doraHai="24" who="2" fromWho="1" sc="250,0,302,-80,250,80,198,0" /><INIT seed="2,0,0,0,5,72" ten="250,222,330,198" oya="2" hai0="57,27,34,33,42,102,58,114,82,116,25,112,100" hai1="96,113,91,71,44,10,16,1,26,43,35,85,69" hai2="6,84,11,2,74,48,45,64,119,68,51,0,127" hai3="101,29,21,83,94,59,70,66,23,63,126,118,13"/><V3/><F119/><W121/><G121/><T108/><D82/><U40/><E113/><V88/><F74/><W124/><G118/><T81/><D81/><U47/><E96/><V99/><F127/><N who="3" m="48683" /><G29/><T62/><D116/><U131/><E131/><V46/><F99/><N who="3" m="59639" /><G70/><T30/><D30/><U18/><E1/><V120/><F120/><W22/><G83/><T97/><D97/><U105/><E10/><V56/><F68/><W90/><G90/><T36/><D42/><U54/><E26/><V37/><F37/><W104/><G104/><T111/><REACH who="0" step="1"/><D62/><REACH who="0" ten="240,222,330,198" step="2"/><U41/><E41/><V93/><F64/><W122/><G122/><T123/><D123/><U133/><E43/><V98/><F98/><W92/><G92/><T60/><D60/><U31/><E40/><V55/><REACH who="2" step="1"/><F51/><REACH who="2" ten="240,222,320,198" step="2"/><W125/><N who="3" m="48691" /><W24/><DORA hai="49" /><G24/><T5/><D5/><U7/><E7/><V87/><F87/><W78/><G13/><AGARI ba="0,2" hai="0,2,3,6,11,13,45,46,48,55,56,84,88,93" machi="13" ten="40,18000,2" yaku="1,1,52,1,54,1,53,4" doraHai="72,49" doraHaiUra="80,32" who="2" fromWho="3" sc="240,0,222,0,320,200,198,-180" /><INIT seed="2,1,0,3,1,29" ten="240,222,520,18" oya="2" hai0="13,121,93,112,90,67,113,20,130,50,124,91,52" hai1="54,39,83,35,34,42,2,131,115,11,40,79,135" hai2="72,16,10,88,71,31,128,73,21,120,81,36,26" hai3="57,74,103,111,105,33,75,1,96,65,98,102,118"/><V104/><F120/><W68/><G1/><T47/><D121/><U45/><E115/><V134/><F104/><N who="3" m="63559" /><G57/><T116/><D130/><U3/><E131/><V107/><F128/><W76/><G118/><T23/><D124/><U32/><E135/><V87/><F107/><W6/><G6/><T117/><D67/><U84/><E42/><V127/><F127/><W46/><G46/><T63/><D63/><U41/><E41/><V132/><F36/><W94/><G94/><T9/><D113/><U106/><E106/><V86/><F71/><W19/><G19/><T15/><D112/><U56/><REACH who="1" step="1"/><E11/><REACH who="1" ten="240,212,520,18" step="2"/><V108/><F10/><W126/><G126/><T61/><D117/><U119/><E119/><V82/><F108/><W122/><G111/><T95/><D116/><U101/><E101/><V48/><F134/><W24/><G122/><T100/><D100/><U49/><AGARI ba="1,1" hai="2,3,32,34,35,39,40,45,49,54,56,79,83,84" machi="49" ten="30,8000,1" yaku="1,1,0,1,52,3,53,0" doraHai="29" doraHaiUra="129" who="1" fromWho="1" sc="240,-21,212,93,520,-41,18,-21" owari="219,-18.0,305,11.0,479,57.0,-3,-50.0" /></mjloggm>