<mjloggm ver="2.3"><GO type="41" lobby="0"/><UN n0="%41%5A%E4%B8%BC" n1="%E2%93%9D%53%75%70%68%78" n2="%E9%8A%80%E6%99%82%E8%A8%88" n3="%72%61%6E%39%36" dan="15,18,14,13" rate="1942.03,2097.97,1930.62,1851.12" sx="M,M,M,M"/><TAIKYOKU oya="0"/><INIT seed="0,0,0,4,3,62" ten="250,250,250,250" oya="0" hai0="129,72,31,101,34,25,80,111,7,21,85,83,41" hai1="6,48,61,29,2,11,65,133,106,54,130,89,18" hai2="49,120,116,33,52,73,91,16,36,127,131,123,114" hai3="81,64,132,26,107,117,110,102,92,14,39,58,23"/><T38/><D129/><U96/><E133/><V75/><F114/><W108/><G39/><T90/><D111/><U12/><E130/><V20/><F131/><W70/><G70/><T77/><D101/><U22/><E106/><V66/><F33/><W105/><G132/><T42/><D38/><U30/><E96/><V68/><F127/><W0/><G0/><T76/><D7/><U69/><REACH who="1" step="1"/><E89/><REACH who="1" ten="250,240,250,250" step="2"/><V59/><F116/><W93/><G107/><T57/><D90/><U35/><E35/><V118/><F118/><W112/><G117/><T4/><D34/><U67/><E67/><V24/><F91/><W32/><G32/><T124/><D124/><U46/><AGARI ba="0,1" hai="2,6,11,12,18,22,29,30,46,48,54,61,65,69" machi="46" ten="20,5200,0" yaku="1,1,0,1,7,1,52,1,53,0" doraHai="62" doraHaiUra="87" who="1" fromWho="1" sc="250,-26,240,62,250,-13,250,-13" /><INIT seed="1,0,0,3,5,69" ten="224,302,237,237" oya="1" hai0="26,67,114,125,88,133,110,58,43,53,134,82,124" hai1="29,6,66,84,129,42,72,25,89,105,99,17,135" hai2="16,109,1,11,87,61,86,98,118,19,63,106,56" hai3="75,59,41,50,3,70,130,47,96,0,71,78,5"/><U127/><E72/><V64/><F118/><W4/><G130/><T13/><D114/><U73/><E73/><V44/><F109/><W24/><G5/><T112/><D112/><U30/><E135/><N who="0" m="51721" /><D110/><U108/><E127/><N who="0" m="48713" /><D43/><U90/><E6/><V20/><F106/><W122/><G122/><T46/><D26/><U123/><E42/><V117/><F98/><W74/><G24/><T37/><D37/><U91/><E123/><V31/><F117/><W95/><G71/><T52/><D46/><U38/><E38/><V107/><F107/><W10/><G70/><T21/><D67/><U103/><E66/><V77/><F44/><W2/><G59/><T54/><D58/><U102/><E129/><V35/><F35/><W15/><REACH who="3" step="1"/><G78/><REACH who="3" ten="224,302,237,227" step="2"/><T9/><D21/><U115/><E108/><V36/><F77/><W100/><AGARI ba="0,1" hai="0,2,3,4,10,15,41,47,50,74,75,95,96,100" machi="100" ten="30,4000,0" yaku="1,1,2,1,0,1,53,0" doraHai="69" doraHaiUra="51" who="3" fromWho="3" sc="224,-10,302,-20,237,-10,227,50" /><INIT seed="2,0,0,4,0,43" ten="214,282,227,277" oya="2" hai0="46,20,97,71,131,88,25,32,65,106,31,18,3" hai1="127,115,24,19,56,36,129,128,37,125,44,94,120" hai2="22,95,99,40,0,69,30,17,64,124,80,116,5" hai3="93,61,34,70,91,111,77,105,126,38,67,8,51"/><V100/><F116/><W62/><G38/><T133/><D3/><U122/><E94/><V72/><F124/><N who="1" m="47689" /><E19/><V58/><F69/><W9/><G105/><T66/><D133/><U78/><E78/><V130/><F130/><N who="1" m="50281" /><E24/><V103/><F103/><W60/><G34/><T107/><D131/><U47/><E56/><V75/><F80/><W119/><G119/><T84/><D46/><N who="1" m="17451" /><E115/><V79/><F79/><W81/><G126/><T68/><D68/><U33/><E33/><V48/><F17/><W102/><G102/><T54/><D71/><U21/><E21/><V76/><F76/><W27/><G27/><T23/><D32/><U132/><E132/><V39/><F75/><W29/><G29/><T101/><D107/><U117/><E117/><V63/><F72/><W90/><G93/><T85/><D23/><U98/><E98/><V1/><F22/><W15/><G77/><T26/><D26/><U11/><E11/><V89/><F30/><W92/><G8/><T108/><D18/><U135/><E135/><V50/><F100/><W59/><G9/><T118/><D118/><U123/><AGARI ba="0,0" hai="36,37,120,122,123" m="17451,50281,47689" machi="123" ten="40,16000,3" yaku="28,2,13,1,18,1,19,1,34,2,52,3" doraHai="43" who="1" fromWho="1" sc="214,-40,282,160,227,-80,277,-40" /><INIT seed="3,0,0,3,5,101" ten="174,442,147,237" oya="3" hai0="117,55,26,105,34,50,43,36,109,123,86,77,130" hai1="116,106,76,115,85,114,1,98,62,68,102,40,8" hai2="9,107,75,19,33,100,54,31,49,110,41,127,81" hai3="13,112,66,45,15,7,126,52,120,73,87,18,122"/><W32/><G112/><T103/><D117/><U79/><E79/><V11/><F110/><W82/><G32/><T4/><D123/><U65/><E40/><V28/><F127/><W29/><G73/><T12/><D36/><U37/><E37/><V61/><F41/><W53/><G29/><T88/><D43/><U72/><E85/><V93/><F93/><W91/><G126/><T30/><D77/><U121/><E121/><V128/><F128/><W25/><G66/><T131/><D12/><U67/><E67/><V119/><F61/><W118/><G118/><T129/><D4/><N who="1" m="1039" /><E116/><V6/><F119/><W60/><G25/><T71/><D71/><U80/><AGARI ba="0,0" hai="62,65,68,72,76,80,98,102,106,114,115" m="1039" machi="80" ten="30,2000,0" yaku="23,1,52,1" doraHai="101" who="1" fromWho="1" sc="174,-5,442,20,147,-5,237,-10" /><INIT seed="4,0,0,0,3,14" ten="169,462,142,227" oya="0" hai0="50,82,108,100,109,9,21,111,67,118,39,66,89" hai1="19,52,7,97,91,92,24,68,80,83,77,81,45" hai2="90,38,131,129,71,93,13,98,126,116,47,75,87" hai3="26,78,88,130,95,55,113,28,4,30,105,73,127"/><T43/><D118/><U1/><E68/><V125/><F71/><W12/><G113/><T36/><D100/><U5/><E1/><V41/><F75/><W27/><G105/><T6/><D50/><N who="1" m="28751" /><E77/><V123/><F123/><W57/><G127/><N who="2" m="48649" /><F116/><W132/><G130/><N who="2" m="49673" /><F13/><W122/><G132/><T53/><D53/><U103/><E103/><V16/><F98/><W120/><G122/><T35/><D35/><U58/><E58/><V86/><F86/><W31/><G120/><T37/><D21/><AGARI ba="0,0" hai="5,7,19,21,24,80,81,83,91,92,97" m="28751" machi="21" ten="30,3900,0" yaku="8,1,52,1,54,1" doraHai="14" who="1" fromWho="0" sc="169,-39,462,39,142,0,227,0" /><INIT seed="5,0,0,0,3,127" ten="130,501,142,227" oya="1" hai0="121,28,23,133,6,14,36,73,102,118,109,58,60" hai1="37,106,56,27,55,29,101,94,87,10,21,25,39" hai2="2,124,26,9,41,13,81,119,12,15,64,98,16" hai3="103,52,62,42,1,105,11,5,107,65,61,116,99"/><U122/><E106/><V80/><F119/><W71/><G116/><T76/><D118/><U70/><E122/><V84/><F124/><W3/><G42/><T72/><D109/><U90/><E70/><V95/><F41/><W49/><G61/><T91/><D36/><U69/><E69/><V135/><F135/><W115/><G115/><T34/><D34/><U120/><E10/><V20/><F64/><W96/><G1/><T97/><D91/><U57/><E57/><V22/><F20/><W86/><G86/><T79/><D72/><U19/><E101/><V66/><F66/><W67/><G67/><N who="0" m="39319" /><D73/><U114/><E120/><V110/><F110/><W38/><G38/><T74/><D74/><U46/><E46/><V123/><F123/><W85/><G85/><T112/><D133/><U89/><E114/><V92/><F92/><W35/><G35/><T7/><D112/><U8/><E90/><V17/><F2/><W82/><G82/><N who="2" m="31849" /><F84/><W40/><G40/><T0/><D0/><U48/><E8/><V129/><F129/><W30/><G30/><T126/><D126/><U43/><E43/><V59/><F59/><W45/><REACH who="3" step="1"/><G96/><REACH who="3" ten="130,501,142,217" step="2"/><T125/><D121/><U75/><E75/><V68/><F68/><W18/><G18/><N who="0" m="10711" /><D28/><U93/><E39/><V104/><F104/><AGARI ba="0,1" hai="3,5,11,45,49,52,62,65,71,99,103,104,105,107" machi="104" ten="30,7700,0" yaku="1,1,7,1,54,1,53,1" doraHai="127" doraHaiUra="4" who="3" fromWho="2" sc="130,0,501,0,142,-77,217,87" /><INIT seed="6,0,0,4,5,119" ten="130,501,65,304" oya="2" hai0="6,23,94,14,90,67,52,122,32,36,76,114,72" hai1="13,3,80,26,50,66,42,5,131,107,43,101,127" hai2="132,48,25,128,60,71,99,47,74,56,40,85,21" hai3="7,88,135,4,0,100,64,57,61,45,35,79,63"/><V31/><F74/><W20/><G35/><T34/><D114/><U78/><E127/><V96/><F132/><W73/><G100/><T65/><D36/><U29/><E3/><V15/><F128/><W113/><G135/><T120/><D72/><U126/><E107/><V115/><F115/><W95/><G0/><T106/><D106/><U39/><E126/><V103/><F71/><W129/><G129/><T121/><D76/><U38/><E50/><V44/><F47/><W118/><G118/><T9/><D23/><U62/><E43/><V58/><F85/><W83/><G45/><T117/><D117/><U93/><E42/><V75/><F75/><W97/><G113/><T69/><D69/><U109/><E109/><V134/><F134/><W87/><G73/><T51/><D32/><U46/><E39/><V17/><F103/><W49/><G49/><T105/><D34/><U124/><E38/><V53/><REACH who="2" step="1"/><F56/><REACH who="2" ten="130,501,55,304" step="2"/><W59/><REACH who="3" step="1"/><G20/><AGARI ba="0,1" hai="15,17,20,21,25,31,40,44,48,53,58,60,96,99" machi="20" ten="30,12000,1" yaku="1,1,2,1,7,1,8,1,53,1" doraHai="119" doraHaiUra="12" who="2" fromWho="3" sc="130,0,501,0,55,130,304,-120" /><INIT seed="6,1,0,0,2,82" ten="130,501,185,184" oya="2" hai0="6,115,107,12,40,26,120,36,128,130,22,69,110" hai1="134,90,41,11,24,32,65,55,58,98,51,4,81" hai2="93,66,84,108,64,10,104,14,29,52,80,62,106" hai3="23,114,126,77,60,68,102,7,127,97,123,20,74"/><V129/><F129/><N who="0" m="49770" /><D107/><U121/><E134/><V56/><F108/><W89/><G123/><T78/><D69/><U37/><E41/><V95/><F104/><W124/><G7/><T103/><D103/><U79/><E32/><V87/><F29/><W0/><G0/><T54/><D115/><U72/><E37/><V28/><F28/><W94/><G114/><T91/><D78/><U35/><E65/><N who="2" m="25195" /><F106/><W86/><G60/><T83/><D54/><U92/><E35/><V44/><F44/><W25/><G68/><T2/><D2/><U19/><E121/><V30/><F30/><W49/><G49/><T57/><D57/><U61/><E51/><V111/><F111/><W105/><REACH who="3" step="1"/><G25/><REACH who="3" ten="130,501,185,174" step="2"/><T31/><D120/><U132/><E24/><V33/><F33/><W67/><G67/><T101/><D110/><U15/><E132/><V3/><F3/><W118/><G118/><T18/><D6/><U9/><E4/><N who="2" m="3399" /><F80/><AGARI ba="1,1" hai="20,23,74,77,80,86,89,94,97,102,105,124,126,127" machi="80" ten="40,12000,2" yaku="1,1,24,2,18,1,52,1,53,1" doraHai="82" doraHaiUra="96" who="3" fromWho="2" sc="130,0,501,0,185,-123,174,133" /><INIT seed="7,0,0,1,1,135" ten="130,501,62,307" oya="3" hai0="19,50,1,110,2,117,68,24,61,35,104,72,9" hai1="97,93,49,20,75,27,23,101,32,102,119,67,109" hai2="70,48,124,16,130,95,33,54,57,113,31,82,25" hai3="83,51,59,39,112,88,11,18,46,53,81,7,125"/><W66/><G112/><T22/><D110/><U128/><E128/><V5/><F70/><W55/><G39/><T60/><D117/><U106/><E109/><V28/><F113/><W21/><G66/><T4/><D72/><U3/><E3/><V103/><F130/><W26/><G125/><T47/><D104/><U65/><E32/><V44/><F5/><W0/><REACH who="3" step="1"/><G88/><REACH who="3" ten="130,501,62,297" step="2"/><T56/><D68/><U96/><E67/><V127/><F82/><W38/><G38/><T45/><D35/><U29/><E65/><V64/><F103/><W14/><G14/><T74/><D1/><U79/><E102/><V111/><F111/><W108/><G108/><T91/><D91/><U69/><E101/><V92/><F95/><W134/><G134/><T76/><D76/><U13/><E93/><V132/><F92/><W15/><G15/><T94/><D94/><U12/><E12/><V98/><F132/><W122/><G122/><T100/><D100/><U85/><E13/><V62/><F98/><W131/><G131/><T90/><D90/><U99/><E99/><V73/><F73/><W107/><G107/><T105/><D105/><U120/><E97/><V10/><F10/><W78/><G78/><T80/><D74/><U86/><E96/><V43/><F64/><W129/><G129/><T6/><D80/><U87/><E106/><V37/><F37/><W36/><G36/><T89/><D89/><U123/><E123/><V8/><F8/><W121/><G121/><T34/><D34/><U30/><E120/><V17/><F31/><W126/><G126/><AGARI ba="0,1" hai="16,17,25,28,33,43,44,48,54,57,62,124,126,127" machi="126" ten="40,8000,1" yaku="18,1,52,3,54,1" doraHai="135" who="2" fromWho="3" sc="130,0,501,0,62,90,297,-80" owari="130,-37.0,501,60.0,152,-25.0,217,2.0" /></mjloggm>