<mjloggm ver="2.3"><GO type="41" lobby="0"/><UN n0="%E9%A3%9B%E8%8B%B1%E7%89%B9" n1="%E2%93%9D%53%75%70%68%78" n2="%E3%82%B7%E3%83%A5%E3%83%97%E3%83%A9%32" n3="%E2%93%9D%4E%41%47%41%32%35" dan="14,17,14,17" rate="1941.22,2031.37,1931.57,2051.05" sx="F,M,M,F"/><TAIKYOKU oya="0"/><INIT seed="0,0,0,0,5,120" ten="250,250,250,250" oya="0" hai0="17,4,48,30,114,119,11,129,87,54,131,92,127" hai1="16,28,14,88,40,82,113,86,91,19,24,96,63" hai2="80,66,111,26,108,123,84,107,77,51,39,2,71" hai3="118,100,68,94,58,89,46,81,35,0,69,7,52"/><T21/><D119/><U50/><E113/><V75/><F2/><W45/><G35/><T97/><D114/><U8/><E63/><N who="2" m="40415" /><F84/><W109/><G118/><T31/><D87/><U72/><E72/><V70/><F51/><W76/><G100/><T135/><D135/><U42/><E19/><V133/><F70/><W83/><G69/><T124/><D11/><U3/><E3/><V110/><F133/><W34/><G34/><T103/><D4/><U62/><E62/><V99/><F123/><W125/><G68/><T41/><D41/><U112/><E112/><V9/><F9/><W29/><G29/><N who="0" m="10763" /><D17/><U64/><E64/><V74/><F26/><W55/><G7/><T25/><D25/><U134/><E134/><V61/><F61/><W6/><G6/><T20/><D20/><N who="1" m="15367" /><E50/><V15/><F15/><W98/><G0/><T49/><D48/><U57/><E57/><V43/><F99/><W59/><G59/><N who="0" m="33231" /><D21/><U47/><E47/><N who="2" m="24063" /><F75/><W85/><G46/><T101/><D101/><U18/><E18/><V102/><F102/><W106/><G45/><T73/><D73/><U27/><E27/><V90/><F90/><W12/><G89/><T33/><D33/><U130/><E91/><V38/><F38/><W13/><G58/><T104/><D104/><AGARI ba="0,0" hai="74,77,80,104,107,108,110,111" m="24063,40415" machi="104" ten="30,8000,1" yaku="14,1,23,1,52,3" doraHai="120" who="2" fromWho="0" sc="250,-80,250,0,250,80,250,0" /><INIT seed="1,0,0,2,5,56" ten="170,250,330,250" oya="1" hai0="90,108,81,97,23,63,49,67,121,100,111,110,7" hai1="34,129,48,93,107,91,86,22,70,64,69,8,6" hai2="41,120,125,82,10,132,60,101,114,109,26,99,38" hai3="76,17,127,116,44,19,89,61,119,130,106,92,115"/><U87/><E34/><V35/><F120/><W21/><G115/><T28/><D121/><U59/><E107/><V128/><F10/><W55/><G106/><T72/><D7/><U113/><E113/><V14/><F14/><W96/><G130/><T43/><D43/><U73/><E73/><V39/><F114/><W25/><G127/><T94/><D49/><U27/><E129/><V15/><F128/><W46/><G76/><T29/><D23/><U98/><E70/><V71/><F15/><W131/><G19/><T78/><REACH who="0" step="1"/><D90/><REACH who="0" ten="160,250,330,250" step="2"/><U0/><E48/><V18/><F41/><W65/><G131/><T68/><AGARI ba="0,1" hai="28,29,63,67,68,72,78,81,94,97,100,108,110,111" machi="68" ten="30,8000,1" yaku="1,1,2,1,0,1,14,1,52,1,53,0" doraHai="56" doraHaiUra="16" who="0" fromWho="0" sc="160,90,250,-40,330,-20,250,-20" /><INIT seed="2,0,0,5,0,93" ten="250,210,310,230" oya="2" hai0="135,105,132,5,57,75,3,29,124,45,38,64,88" hai1="117,53,10,58,89,120,60,82,111,107,91,87,68" hai2="25,28,48,97,63,32,14,85,51,104,73,44,31" hai3="123,116,92,78,66,102,118,76,81,61,72,98,114"/><V27/><F73/><W65/><G123/><T71/><D57/><U133/><E117/><V26/><F63/><W39/><G39/><T2/><D88/><U67/><E111/><V7/><F51/><W96/><G114/><T8/><D124/><U46/><E133/><N who="0" m="51273" /><D29/><U86/><E107/><V128/><F128/><W74/><G66/><T11/><D75/><U83/><E120/><V33/><F27/><W77/><G77/><T112/><D112/><U69/><E10/><V20/><F85/><W56/><REACH who="3" step="1"/><G98/><REACH who="3" ten="250,210,310,220" step="2"/><T40/><D64/><U42/><REACH who="1" step="1"/><E67/><REACH who="1" ten="250,200,310,220" step="2"/><V16/><F104/><W24/><G24/><T94/><D105/><U43/><E43/><V130/><F130/><W59/><G59/><T109/><D71/><U115/><E115/><V121/><F121/><W113/><G113/><T99/><D109/><U41/><E41/><V52/><F97/><W80/><AGARI ba="0,2" hai="56,61,65,72,74,76,78,80,81,92,96,102,116,118" machi="80" ten="30,12000,2" yaku="1,1,0,1,9,1,52,1,53,2" doraHai="93" doraHaiUra="106" who="3" fromWho="3" sc="250,-30,200,-30,310,-60,220,140" /><INIT seed="3,0,0,0,3,133" ten="220,170,250,360" oya="3" hai0="100,59,82,97,28,33,64,110,131,22,26,2,32" hai1="34,30,16,21,93,45,61,129,117,36,40,52,99" hai2="66,115,102,5,6,4,123,104,23,134,79,39,122" hai3="95,77,132,108,27,81,24,86,20,56,114,113,15"/><W89/><G132/><T119/><D119/><U96/><E129/><V101/><F134/><W63/><G108/><T103/><D110/><U84/><E117/><V13/><F39/><W68/><G68/><T124/><D2/><U75/><E75/><V9/><F115/><W70/><G70/><T105/><D103/><N who="2" m="39434" /><F104/><W118/><G118/><T135/><D135/><U74/><E74/><V121/><F79/><W58/><G15/><T130/><D124/><U73/><E73/><V29/><F66/><W69/><G69/><T72/><D59/><U67/><E30/><V54/><F54/><W111/><G58/><T116/><D64/><U88/><E34/><V35/><F35/><W71/><G71/><T98/><D116/><U60/><E67/><V51/><F51/><W80/><G80/><T0/><D82/><U14/><REACH who="1" step="1"/><E52/><REACH who="1" ten="220,160,250,360" step="2"/><V55/><F55/><N who="3" m="34207" /><G111/><T17/><D72/><U109/><E109/><V25/><AGARI ba="0,1" hai="4,5,6,9,13,23,25,29,121,122,123" m="39434" machi="25" ten="40,1500,0" yaku="13,1" doraHai="133" who="2" fromWho="2" sc="220,-4,160,-4,250,25,360,-7" /><INIT seed="4,0,0,0,5,62" ten="216,156,275,353" oya="0" hai0="12,110,86,104,3,41,19,121,55,130,81,77,109" hai1="45,129,133,7,106,103,131,57,11,66,128,76,40" hai2="33,34,96,82,35,90,75,30,1,125,116,29,135" hai3="123,46,42,15,2,97,48,24,58,112,93,26,63"/><T0/><D121/><U87/><E133/><V113/><F135/><W18/><G112/><T85/><D130/><U64/><E57/><V9/><F116/><W14/><G2/><T38/><D104/><U28/><E28/><V39/><F39/><W8/><G15/><T17/><D85/><U22/><E22/><V124/><F113/><W105/><G105/><T56/><D41/><U16/><E103/><V132/><F132/><W100/><REACH who="3" step="1"/><G123/><REACH who="3" ten="216,156,275,343" step="2"/><T108/><D3/><N who="1" m="511" /><E106/><V102/><F125/><W13/><G13/><T65/><D0/><U98/><E98/><V61/><F124/><W83/><G83/><T36/><D12/><U5/><E5/><V117/><F1/><W74/><G74/><T44/><D110/><U73/><E87/><N who="2" m="50551" /><F9/><W47/><G47/><T27/><D109/><U111/><E111/><V52/><F75/><W80/><G80/><T20/><D108/><U126/><E126/><V68/><F96/><W89/><G89/><T99/><D99/><U78/><E73/><V115/><F102/><W59/><G59/><T91/><D91/><U134/><E134/><V127/><F127/><W10/><G10/><T101/><D101/><U51/><E78/><V118/><F115/><W23/><G23/><T70/><D44/><U37/><E76/><V94/><F94/><W69/><G69/><T84/><D84/><U43/><E131/><V95/><F95/><W122/><G122/><T60/><REACH who="0" step="1"/><D19/><REACH who="0" ten="206,156,275,343" step="2"/><U120/><E120/><V71/><F117/><W54/><AGARI ba="0,2" hai="8,14,18,24,26,42,46,48,54,58,63,93,97,100" machi="54" ten="20,5200,0" yaku="1,1,0,1,7,1,8,1,53,0" doraHai="62" doraHaiUra="119" who="3" fromWho="3" sc="206,-26,156,-13,275,-13,343,72" /><INIT seed="5,0,0,5,2,60" ten="180,143,262,415" oya="1" hai0="126,117,83,87,15,121,119,122,65,89,41,28,93" hai1="14,67,31,42,63,52,55,70,114,20,134,112,5" hai2="130,76,19,88,0,120,11,133,123,18,115,102,75" hai3="127,6,30,16,90,36,79,99,86,129,116,59,66"/><U40/><E5/><V29/><F133/><W96/><G36/><T104/><D41/><N who="1" m="15979" /><E14/><V98/><F29/><W54/><G129/><T77/><D28/><U53/><E20/><V39/><F130/><W68/><G127/><T108/><D65/><N who="1" m="41279" /><E31/><V73/><F39/><W111/><G111/><T61/><D61/><U85/><E85/><V7/><F75/><W1/><G116/><N who="0" m="44619" /><D15/><U132/><E67/><V69/><F69/><W26/><G79/><T17/><D17/><U48/><E48/><V64/><F64/><W106/><G86/><N who="0" m="48495" /><D108/><U35/><E35/><V9/><F19/><W25/><G99/><T10/><D10/><U8/><E8/><V80/><F18/><W131/><G90/><T27/><D27/><U49/><E49/><V21/><F11/><W47/><G106/><T51/><D51/><U128/><E128/><V91/><F21/><W105/><G96/><T3/><D3/><U57/><E57/><V124/><F124/><W13/><G59/><T125/><D104/><U97/><E97/><V56/><F56/><W44/><G105/><T22/><D22/><U100/><E100/><V34/><F34/><N who="3" m="20815" /><G26/><T58/><D58/><U12/><E12/><V78/><F78/><W2/><G131/><T33/><D33/><U37/><E37/><V23/><F23/><N who="3" m="11663" /><G6/><T94/><D94/><U101/><E101/><V135/><F7/><W24/><G24/><T38/><D38/><U4/><E4/><V43/><F0/><N who="3" m="107" /><G66/><T72/><D72/><U32/><E32/><V45/><F73/><W118/><G118/><T50/><D50/><U113/><AGARI ba="0,0" hai="52,53,55,112,113,114,132,134" m="41279,15979" machi="113" ten="40,18000,2" yaku="5,1,15,1,34,2,52,1,54,1" doraHai="60" who="1" fromWho="1" sc="180,-60,143,180,262,-60,415,-60" /><INIT seed="5,1,0,3,1,76" ten="120,323,202,355" oya="1" hai0="121,103,130,85,21,122,99,9,7,60,49,51,38" hai1="23,52,58,80,111,131,70,94,36,107,90,30,114" hai2="112,82,95,62,74,120,65,16,71,118,110,79,33" hai3="81,132,46,116,20,22,31,133,91,119,124,15,59"/><U89/><E107/><V92/><F118/><N who="3" m="45099" /><G124/><T108/><D108/><U29/><E70/><V0/><F110/><W87/><G59/><T10/><D38/><U47/><E114/><V63/><F112/><W125/><G125/><T75/><D75/><U26/><E131/><V105/><F105/><W41/><G31/><T43/><D130/><U115/><E115/><V123/><F33/><W72/><G72/><T25/><D10/><U64/><E111/><V12/><F0/><W4/><G4/><T86/><D121/><U14/><E30/><V84/><F63/><W48/><G15/><T101/><D101/><U57/><E36/><V37/><F37/><W113/><G113/><T53/><D43/><U97/><E64/><V98/><F74/><W129/><G129/><T96/><D60/><U44/><E58/><V102/><REACH who="2" step="1"/><F95/><REACH who="2" ten="120,323,192,355" step="2"/><W3/><G3/><T109/><D109/><U18/><E94/><V88/><F88/><W106/><G106/><T77/><D122/><U50/><E90/><V128/><F128/><W56/><G91/><T67/><D103/><U100/><E100/><V39/><F39/><W126/><G126/><T61/><D61/><U55/><E97/><N who="0" m="37449" /><D77/><U11/><E55/><V68/><F68/><W66/><G66/><T17/><D67/><U134/><E134/><V5/><F5/><W1/><G133/><T117/><D117/><U28/><E28/><V13/><F13/><W2/><G132/><T54/><D54/><U93/><E93/><V40/><F40/><W78/><G41/><T8/><D53/><U83/><E89/><V35/><F35/><RYUUKYOKU ba="1,1" sc="120,-15,323,15,192,15,355,-15" hai1="11,14,18,23,26,29,44,47,50,52,57,80,83" hai2="12,16,62,65,71,79,82,84,92,98,102,120,123" /><INIT seed="5,2,1,1,0,4" ten="105,338,207,340" oya="1" hai0="91,46,23,22,119,135,57,85,19,18,41,0,130" hai1="42,28,97,88,106,122,120,11,80,63,15,49,84" hai2="31,51,81,103,58,105,2,83,129,26,109,1,20" hai3="12,34,116,82,102,43,127,118,56,44,35,60,89"/><U14/><E28/><V96/><F109/><W3/><G3/><T126/><D119/><N who="3" m="45609" /><G127/><T30/><D126/><U45/><E15/><V55/><F129/><W93/><G102/><T53/><D0/><U29/><E29/><V50/><F2/><W61/><G82/><T133/><D130/><U6/><REACH who="1" step="1"/><E63/><REACH who="1" ten="105,328,207,340" step="2"/><V117/><F1/><W112/><G12/><T48/><D30/><U74/><E74/><V124/><F124/><W39/><G61/><N who="0" m="36015" /><D135/><U21/><E21/><N who="0" m="7689" /><D133/><U90/><E90/><V100/><F117/><W79/><G79/><T98/><D98/><U66/><E66/><V7/><F7/><W94/><G89/><T24/><D24/><U37/><E37/><V36/><F36/><W10/><G39/><T27/><D27/><U38/><E38/><V72/><F72/><W69/><G60/><T131/><D131/><U75/><E75/><V8/><F103/><AGARI ba="2,2" hai="6,11,14,42,45,49,80,84,88,97,103,106,120,122" machi="103" ten="40,12000,1" yaku="1,1,52,1,54,1,53,1" doraHai="4" doraHaiUra="86" who="1" fromWho="2" sc="105,0,328,146,207,-126,340,0" /><INIT seed="5,3,0,1,2,49" ten="105,474,81,340" oya="1" hai0="97,0,28,51,120,44,125,80,90,60,113,117,68" hai1="64,106,10,88,43,13,40,7,130,34,71,79,14" hai2="54,17,124,111,9,4,77,47,121,11,118,12,20" hai3="65,15,57,122,107,32,84,82,85,48,98,119,30"/><U91/><E130/><V35/><F121/><W135/><G122/><T59/><D68/><U24/><E106/><V83/><F118/><W73/><G119/><T37/><D117/><U45/><E79/><V2/><F111/><W62/><G135/><T134/><D37/><U104/><E104/><V1/><F124/><W55/><G15/><T131/><D0/><U115/><E115/><V128/><F128/><W112/><G112/><T110/><D110/><U19/><E64/><V31/><F54/><W26/><G73/><T129/><D113/><U38/><E43/><V6/><F47/><W58/><REACH who="3" step="1"/><G82/><REACH who="3" ten="105,474,81,330" step="2"/><T70/><D80/><U103/><E14/><N who="2" m="9271" /><F83/><W127/><G127/><T3/><D3/><U22/><E13/><N who="2" m="5287" /><F77/><W61/><G61/><T36/><D60/><U126/><E126/><V67/><F67/><W69/><G69/><T108/><D70/><U101/><E71/><V46/><F46/><W8/><G8/><T50/><D44/><U52/><E45/><V87/><F87/><W92/><G92/><N who="0" m="56471" /><D108/><U109/><E10/><V93/><F93/><W72/><G72/><T23/><D120/><U102/><E109/><V74/><F74/><W5/><G5/><T16/><D125/><U41/><E7/><V89/><F89/><W66/><G66/><T25/><D131/><U42/><E91/><V99/><F99/><W21/><G21/><N who="0" m="15407" /><D129/><U133/><E42/><V63/><F63/><W96/><G96/><T39/><D134/><U86/><E41/><V116/><F116/><W81/><G81/><T18/><D23/><U29/><E40/><V94/><F94/><RYUUKYOKU ba="3,1" sc="105,-15,474,-15,81,15,330,15" hai2="1,2,6,11,12,31,35" hai3="26,30,32,48,55,57,58,62,65,84,85,98,107" /><INIT seed="6,4,1,5,2,70" ten="90,459,96,345" oya="2" hai0="66,55,100,79,112,37,105,64,17,1,39,109,59" hai1="27,65,10,3,30,108,69,11,74,36,73,60,122" hai2="32,45,94,88,15,114,103,78,129,49,104,33,7" hai3="29,119,101,58,97,68,41,93,38,47,117,87,56"/><V12/><F78/><W115/><G68/><T71/><D109/><U26/><E36/><V75/><F75/><W46/><G29/><T110/><D110/><U125/><E108/><V44/><F129/><W20/><G20/><T43/><D1/><U23/><E125/><V4/><F114/><W62/><G115/><T124/><D112/><U107/><E107/><V67/><F67/><W2/><G2/><T16/><D124/><U24/><E122/><V99/><F44/><W76/><G47/><N who="0" m="24063" /><D37/><U128/><E128/><V92/><F104/><W72/><G72/><T34/><D34/><U98/><E3/><V85/><F33/><W123/><G123/><T116/><D79/><U8/><E98/><V113/><F32/><W126/><G126/><T120/><D66/><U135/><E74/><V51/><F51/><W22/><G22/><T18/><D120/><U48/><E73/><V95/><F95/><W130/><G130/><T31/><D31/><U61/><E65/><V132/><F113/><W91/><G76/><T106/><D100/><U81/><E69/><V83/><F94/><W90/><G90/><T118/><D106/><U9/><E30/><V0/><F0/><W80/><REACH who="3" step="1"/><G58/><REACH who="3" ten="90,459,96,335" step="2"/><T53/><D71/><U86/><E23/><V25/><F25/><W102/><G102/><T14/><D59/><U5/><E27/><V96/><F96/><W54/><AGARI ba="4,2" hai="38,41,46,54,56,62,80,87,91,93,97,101,117,119" machi="54" ten="20,5200,0" yaku="1,1,0,1,7,1,52,1,53,0" doraHai="70" doraHaiUra="35" who="3" fromWho="3" sc="90,-17,459,-17,96,-30,335,84" /><INIT seed="7,0,0,2,5,48" ten="73,442,66,419" oya="3" hai0="77,58,54,131,96,105,98,23,44,38,60,17,72" hai1="120,35,97,86,130,99,85,55,101,18,113,128,116" hai2="32,43,135,36,94,21,134,103,19,9,46,112,109" hai3="12,29,4,100,75,1,74,56,33,59,132,57,107"/><W42/><G1/><T91/><D131/><N who="1" m="50219" /><E113/><V119/><F112/><W108/><G132/><N who="2" m="50729" /><F109/><W66/><G108/><T7/><D7/><U37/><E120/><V62/><F119/><W71/><G42/><T52/><D72/><U127/><E127/><V122/><F62/><N who="3" m="40407" /><G12/><N who="0" m="9639" /><D38/><U84/><E35/><V15/><F32/><W106/><G106/><T123/><D105/><U89/><E37/><V67/><F67/><W16/><G16/><T11/><D77/><U13/><E101/><V125/><F125/><W121/><G4/><T69/><D69/><U3/><E3/><V34/><F34/><W63/><G63/><T126/><D126/><U70/><E70/><V78/><F78/><W117/><G117/><T50/><D123/><U90/><E116/><V0/><F122/><W111/><G111/><T25/><D25/><U65/><E65/><V76/><F76/><W61/><G61/><T51/><D60/><U73/><E73/><V104/><F104/><W30/><G30/><T45/><D11/><N who="1" m="6463" /><E55/><V110/><F110/><W82/><G121/><T133/><D133/><U118/><E118/><V5/><F94/><W31/><G82/><T10/><D54/><U83/><E83/><V28/><F103/><W79/><G79/><T102/><D102/><U124/><E124/><V95/><F95/><W92/><G92/><N who="0" m="56351" /><D52/><U39/><E39/><V115/><F115/><W26/><G31/><AGARI ba="0,0" hai="0,5,9,15,19,21,28,31,36,43,46" m="50729" machi="31" ten="30,1000,0" yaku="20,1" doraHai="48" who="2" fromWho="3" sc="73,0,442,0,66,10,419,-10" owari="73,-43.0,442,54.0,76,-32.0,409,21.0" /></mjloggm>