<mjloggm ver="2.3"><GO type="41" lobby="0"/><UN n0="%E3%82%A2%E3%83%93%E3%82%B3" n1="%E9%87%A3%E3%82%8A%E4%BA%BA%E4%BA%A6%E9%87%8E%E8%AA%A0%E5%AD%90" n2="%E6%BC%86%E9%BB%92%EF%BC%B3%65%6E%73%65" n3="%E2%93%9D%53%75%70%68%78" dan="14,14,13,17" rate="1977.31,1860.70,1860.48,2054.62" sx="M,F,M,M"/><TAIKYOKU oya="0"/><INIT seed="0,0,0,5,5,96" ten="250,250,250,250" oya="0" hai0="86,126,82,4,100,107,112,120,54,32,72,122,46" hai1="52,17,99,3,123,7,9,11,116,80,119,98,26" hai2="25,60,37,102,108,103,50,42,125,69,124,55,38" hai3="110,64,35,12,81,128,111,90,51,6,78,121,41"/><T24/><D112/><U65/><E123/><V76/><F108/><W63/><G35/><T14/><D126/><N who="2" m="48746" /><F76/><W105/><G105/><T68/><D72/><U101/><E65/><N who="2" m="41127" /><F25/><W118/><G128/><T28/><D68/><U19/><E98/><V45/><F37/><W47/><G118/><T135/><D135/><U23/><E80/><V79/><F79/><W134/><G134/><T58/><D46/><AGARI ba="0,0" hai="38,42,45,46,50,55,102,103" m="41127,48746" machi="46" ten="30,3900,0" yaku="18,1,52,2" doraHai="96" who="2" fromWho="0" sc="250,-39,250,0,250,39,250,0" /><INIT seed="1,0,0,3,2,55" ten="211,250,289,250" oya="1" hai0="1,130,134,66,83,128,76,21,80,0,50,122,74" hai1="95,8,24,27,64,85,106,101,118,48,52,78,36" hai2="62,99,119,17,54,102,6,37,43,113,98,108,73" hai3="11,72,75,53,29,7,25,46,33,116,30,105,87"/><U132/><E118/><V129/><F119/><W15/><G116/><T2/><D134/><U12/><E36/><V16/><F108/><W22/><G105/><T79/><D122/><U34/><E132/><V38/><F73/><W107/><G107/><T135/><D135/><U123/><E123/><V71/><F6/><W104/><G104/><T45/><D66/><U96/><E64/><V5/><F5/><W115/><G115/><T32/><D21/><U126/><E34/><V28/><F28/><W51/><G30/><T100/><D100/><U110/><E110/><V19/><F71/><W3/><REACH who="3" step="1"/><G87/><REACH who="3" ten="211,250,289,240" step="2"/><T23/><D130/><U42/><E126/><V4/><F129/><W91/><G91/><T114/><D114/><U90/><E78/><V10/><F113/><W58/><G58/><T68/><D128/><U89/><E90/><V31/><F31/><W120/><G120/><T47/><D68/><U124/><E124/><V70/><F70/><W127/><G127/><T14/><D74/><U56/><REACH who="1" step="1"/><E42/><REACH who="1" ten="211,240,289,240" step="2"/><V133/><F43/><W109/><G109/><T86/><D76/><U20/><E20/><V88/><F88/><W125/><G125/><T13/><D23/><U131/><E131/><V81/><F133/><W59/><G59/><T39/><D32/><U65/><E65/><V94/><F102/><W82/><G82/><T26/><D83/><U111/><E111/><V93/><F81/><W40/><G40/><N who="0" m="22687" /><D26/><U18/><AGARI ba="0,2" hai="8,12,18,24,27,48,52,56,85,89,95,96,101,106" machi="18" ten="20,18000,2" yaku="1,1,0,1,7,1,52,1,54,1,53,1" doraHai="55" doraHaiUra="103" who="1" fromWho="1" sc="211,-60,240,200,289,-60,240,-60" /><INIT seed="1,1,0,2,3,93" ten="151,440,229,180" oya="1" hai0="83,122,43,45,8,18,109,34,133,81,33,134,110" hai1="131,21,56,64,80,13,78,73,99,39,7,84,89" hai2="128,103,26,85,92,16,91,68,30,55,118,3,54" hai3="130,86,77,24,61,66,75,47,69,59,96,29,100"/><U63/><E131/><V76/><F118/><W9/><G130/><T40/><D45/><U52/><E39/><V42/><F68/><W71/><G75/><T4/><D18/><N who="1" m="10447" /><E73/><V113/><F3/><W102/><G102/><T132/><D8/><U51/><E7/><V20/><F128/><W57/><G47/><T67/><D4/><U94/><E51/><V53/><F113/><W74/><G74/><T41/><D67/><AGARI ba="1,0" hai="52,56,63,64,67,78,80,84,89,94,99" m="10447" machi="67" ten="30,5800,0" yaku="8,1,52,1,54,1" doraHai="93" who="1" fromWho="0" sc="151,-61,440,61,229,0,180,0" /><INIT seed="1,2,0,3,1,79" ten="90,501,229,180" oya="1" hai0="24,13,104,27,100,56,44,126,128,76,122,60,34" hai1="2,6,109,127,72,29,50,108,23,37,70,120,84" hai2="98,78,121,63,61,52,28,53,12,46,129,18,92" hai3="112,124,73,86,102,40,75,36,97,87,1,101,133"/><U107/><E120/><V39/><F121/><W20/><G1/><T123/><D123/><U95/><E37/><V43/><F129/><W21/><G36/><T131/><D122/><U91/><E107/><V45/><F28/><W105/><G40/><T116/><D116/><U15/><E70/><V115/><F115/><W90/><G21/><T17/><D126/><U65/><E127/><V94/><F94/><W4/><G20/><T99/><D44/><U106/><E106/><V5/><F5/><W57/><G57/><T8/><D76/><U111/><E72/><N who="3" m="27722" /><G4/><T71/><D71/><U22/><E65/><V42/><F39/><W67/><G67/><N who="0" m="39303" /><D34/><U93/><E93/><V33/><F33/><W9/><G9/><T49/><D49/><U26/><E50/><V58/><F45/><W125/><G112/><T0/><D0/><U32/><E2/><V83/><F46/><W110/><G105/><T10/><D10/><AGARI ba="2,0" hai="6,10,15,22,23,26,29,32,84,91,95,108,109,111" machi="10" ten="40,3900,0" yaku="14,1,10,1" doraHai="79" who="1" fromWho="0" sc="90,-45,501,45,229,0,180,0" /><INIT seed="1,3,0,1,5,9" ten="45,546,229,180" oya="1" hai0="6,43,7,134,68,13,74,27,31,128,118,67,121" hai1="107,103,85,105,60,111,0,108,110,130,55,57,114" hai2="26,82,119,78,41,83,80,58,102,96,90,89,49" hai3="63,84,92,120,33,115,44,65,39,16,56,17,10"/><U122/><E130/><V97/><F119/><W12/><G120/><T35/><D118/><U2/><E114/><V24/><F78/><W19/><G33/><T21/><D74/><U86/><E122/><V50/><F41/><W95/><G115/><T29/><D121/><U66/><E66/><V25/><F58/><W4/><REACH who="3" step="1"/><G84/><REACH who="3" ten="45,546,229,170" step="2"/><N who="1" m="32362" /><E103/><V99/><REACH who="2" step="1"/><F102/><REACH who="2" ten="45,546,219,170" step="2"/><W22/><G22/><T125/><D21/><U14/><E105/><V8/><F8/><W71/><G71/><T124/><D68/><U113/><E107/><V132/><F132/><W11/><G11/><T62/><D134/><U38/><E113/><V34/><F34/><W59/><G59/><T91/><D35/><U106/><E106/><V135/><F135/><W32/><G32/><T40/><D125/><U54/><E38/><V70/><F70/><W129/><G129/><T48/><D124/><U93/><E0/><V52/><F52/><W53/><G53/><T116/><D128/><U72/><E2/><V64/><F64/><W81/><G81/><T101/><D67/><U133/><E133/><V73/><F73/><W18/><N who="3" m="4096" /><DORA hai="112" /><W76/><G76/><T104/><D116/><U87/><E55/><V77/><F77/><W28/><G28/><T47/><D31/><U94/><E72/><V69/><F69/><W51/><G51/><AGARI ba="3,2" hai="24,25,26,49,50,51,80,82,83,89,90,96,97,99" machi="51" ten="50,12000,2" yaku="1,1,29,2,28,2,8,1,53,0" doraHai="9,112" doraHaiUra="75,1" who="2" fromWho="3" sc="45,0,546,0,219,149,170,-129" /><INIT seed="2,0,0,4,5,101" ten="45,546,368,41" oya="2" hai0="1,17,21,15,126,8,26,51,58,72,43,63,42" hai1="92,60,125,29,38,65,53,37,16,67,44,118,82" hai2="90,30,120,14,99,104,23,49,41,102,106,5,132" hai3="33,97,116,107,78,122,18,70,28,45,68,77,94"/><V46/><F120/><W34/><G122/><T98/><D72/><U89/><E118/><V74/><F74/><W71/><G116/><T83/><D1/><U80/><E125/><V7/><F132/><W22/><G45/><T124/><D83/><N who="1" m="31787" /><E38/><V115/><F115/><W2/><G2/><T39/><D39/><U134/><E37/><V105/><F90/><W47/><G47/><T59/><D98/><N who="1" m="57615" /><E134/><V4/><REACH who="2" step="1"/><F14/><REACH who="2" ten="45,546,358,41" step="2"/><W32/><G78/><T3/><D3/><U66/><E29/><V13/><F13/><W91/><G77/><T128/><D126/><U11/><E65/><V12/><F12/><W76/><G76/><T25/><D124/><U48/><E60/><V123/><F123/><W69/><G28/><T131/><D128/><U35/><E35/><V117/><F117/><W61/><G61/><T50/><D131/><U112/><E112/><V36/><F36/><W52/><G34/><T86/><D63/><U108/><E108/><V31/><F31/><W121/><G33/><T62/><D62/><U6/><E6/><V130/><F130/><W109/><G121/><T40/><D51/><U9/><E11/><V88/><F88/><W129/><G32/><T111/><D50/><U113/><E113/><V79/><F79/><W135/><G129/><T93/><D111/><U64/><E64/><V96/><F96/><W55/><G135/><T133/><D133/><U114/><E114/><V0/><F0/><W119/><G119/><T95/><D8/><U19/><E9/><V56/><F56/><N who="0" m="21546" /><D86/><U73/><E73/><V127/><F127/><W100/><G109/><RYUUKYOKU ba="0,1" sc="45,10,546,10,358,10,41,-30" hai0="15,17,21,25,26,40,42,43,93,95" hai1="16,19,44,48,53,66,67" hai2="4,5,7,23,30,41,46,49,99,102,104,105,106" /><INIT seed="2,1,1,0,2,71" ten="55,556,368,11" oya="2" hai0="133,42,21,20,110,124,131,32,34,120,31,58,8" hai1="3,13,41,96,109,100,4,89,25,105,67,132,63" hai2="86,126,130,9,91,44,99,69,103,52,83,114,38" hai3="51,19,54,119,56,18,76,43,49,72,23,70,95"/><V40/><F114/><W60/><G119/><T0/><D120/><U115/><E115/><V75/><F69/><W118/><G118/><T127/><D58/><U6/><E109/><V123/><F123/><W2/><G2/><T39/><D110/><U16/><E132/><V87/><F130/><W59/><G70/><T102/><D102/><U12/><E41/><V10/><F126/><N who="0" m="48170" /><D131/><U85/><E3/><V112/><F112/><W79/><G72/><T27/><D133/><U77/><E77/><N who="3" m="29770" /><G95/><T104/><D104/><U129/><E129/><V74/><F75/><W28/><G43/><T94/><D94/><U55/><E55/><V62/><F74/><W64/><G51/><T17/><D42/><U45/><E45/><V53/><F86/><W122/><G122/><T78/><D78/><U11/><E25/><AGARI ba="1,1" hai="18,19,23,25,28,49,54,56,59,60,64" m="29770" machi="25" ten="30,1000,0" yaku="8,1" doraHai="71" who="3" fromWho="1" sc="55,0,556,-13,368,0,11,23" /><INIT seed="3,0,0,2,2,40" ten="55,543,368,34" oya="3" hai0="94,116,59,32,93,84,60,25,76,126,87,79,51" hai1="41,135,52,30,113,24,3,132,109,100,64,111,124" hai2="72,10,26,46,39,15,11,36,83,63,127,80,13" hai3="97,37,35,71,81,50,4,5,17,70,47,96,31"/><W23/><G37/><T44/><D116/><U92/><E113/><V88/><F88/><W120/><G120/><T122/><D122/><U134/><E124/><V8/><F8/><W65/><G35/><T53/><D126/><U67/><E3/><V117/><F117/><W121/><G31/><T91/><D32/><N who="1" m="20551" /><E41/><V9/><F9/><W133/><G133/><T77/><D25/><U125/><E125/><V48/><F48/><W112/><G112/><T66/><REACH who="0" step="1"/><D94/><REACH who="0" ten="45,543,368,34" step="2"/><U75/><E92/><V49/><F49/><W89/><G121/><T104/><D104/><U90/><E109/><V19/><F19/><W78/><G17/><T69/><D69/><U1/><E111/><V7/><F7/><W110/><G71/><T105/><D105/><U102/><E132/><V58/><F58/><W34/><G34/><T123/><D123/><U128/><E135/><V54/><F127/><W56/><G70/><T28/><D28/><U16/><E134/><V55/><F55/><W119/><G119/><T43/><D43/><U114/><E52/><V130/><F54/><W118/><G118/><T27/><D27/><U45/><E114/><V74/><F26/><W95/><G110/><T106/><D106/><U22/><E67/><V107/><F107/><W21/><G5/><T0/><D0/><U68/><E64/><V108/><F108/><W14/><G65/><T2/><D2/><U82/><E1/><V103/><F103/><W99/><G4/><T6/><D6/><U33/><E102/><V115/><F115/><W62/><G95/><T131/><D131/><U18/><E100/><RYUUKYOKU ba="0,1" sc="45,30,543,-10,368,-10,34,-10" hai0="44,51,53,59,60,66,76,77,79,84,87,91,93" /><INIT seed="4,1,1,4,0,92" ten="75,533,358,24" oya="0" hai0="111,71,97,55,0,77,117,37,72,108,40,125,78" hai1="102,134,93,57,80,66,99,22,46,30,33,36,130" hai2="47,61,85,54,112,67,101,34,129,87,119,9,96" hai3="24,107,48,88,39,84,53,50,81,100,6,103,59"/><T44/><D117/><U104/><E130/><V60/><F119/><W132/><G39/><T38/><D0/><U3/><E3/><V75/><F75/><W19/><G132/><T5/><D5/><U89/><E134/><V25/><F112/><W2/><G107/><T27/><D37/><U58/><E33/><V82/><F129/><W1/><G1/><T4/><D4/><U29/><E36/><V17/><F34/><W105/><G105/><T76/><D71/><U95/><E104/><V23/><F9/><W127/><G127/><T26/><D125/><U115/><E80/><V113/><F85/><W83/><G6/><T35/><D72/><U128/><E128/><V12/><F25/><W8/><G2/><T42/><D42/><U110/><E110/><N who="0" m="42025" /><D35/><U20/><E115/><V74/><F74/><W90/><G50/><T68/><D68/><U63/><E46/><V73/><F73/><W52/><G53/><T124/><D124/><U126/><E58/><V18/><F54/><W133/><G133/><T109/><N who="0" m="42033" /><T122/><DORA hai="123" /><D122/><U91/><E102/><V45/><F47/><W43/><G43/><T70/><D70/><U62/><E62/><V121/><F45/><W32/><G32/><T135/><D135/><U120/><E120/><V21/><F61/><W41/><G41/><T28/><D28/><N who="1" m="10859" /><E126/><V79/><F121/><W118/><G118/><T131/><D131/><U51/><E51/><V56/><F113/><W7/><G7/><T10/><D55/><U31/><E31/><V114/><F114/><W49/><G49/><T14/><D97/><AGARI ba="1,1" hai="20,22,57,63,66,89,91,93,95,97,99" m="10859" machi="97" ten="30,7700,0" yaku="6,1,8,1,52,2" doraHai="92,123" who="1" fromWho="0" sc="75,-80,533,90,358,0,24,0" owari="-5,-51.0,623,73.0,358,16.0,24,-38.0" /></mjloggm>