<mjloggm ver="2.3"><GO type="41" lobby="0"/><UN n0="%E2%93%9D%53%75%70%68%78" n1="%E3%83%A4%E3%83%B3%E3%82%B2%E3%83%B3" n2="%E3%83%9F%E3%83%83%E3%82%AD%E3%83%BC%30%37%31%30" n3="%E7%B7%91%E8%99%8E" dan="18,13,13,15" rate="2057.40,1893.59,1876.63,2017.41" sx="M,M,M,M"/><TAIKYOKU oya="0"/><INIT seed="0,0,0,0,3,57" ten="250,250,250,250" oya="0" hai0="114,115,34,46,36,73,32,16,68,48,96,14,33" hai1="21,1,4,11,109,97,113,51,37,105,30,77,7" hai2="10,26,72,25,80,49,135,67,130,44,98,102,53" hai3="94,95,40,17,6,63,84,76,93,35,39,38,78"/><T90/><D36/><U62/><E37/><V127/><F130/><W121/><G35/><T83/><D68/><U66/><E109/><V99/><F135/><W88/><G121/><T70/><D70/><U12/><E77/><V134/><F134/><W71/><G6/><T128/><D128/><U120/><E120/><V124/><F10/><W82/><G39/><T22/><D73/><U79/><E51/><V23/><F67/><W45/><REACH who="3" step="1"/><G17/><REACH who="3" ten="250,250,250,240" step="2"/><T47/><D115/><U111/><E113/><V61/><F124/><W129/><G129/><T103/><D114/><U42/><E111/><V55/><F127/><W52/><G52/><T41/><D34/><U5/><E1/><V118/><F55/><W85/><G85/><T104/><REACH who="0" step="1"/><D47/><REACH who="0" ten="240,250,250,240" step="2"/><U43/><E43/><V91/><F44/><W126/><G126/><T133/><D133/><U15/><E42/><V92/><F72/><W108/><G108/><T29/><D29/><U2/><E30/><V28/><F28/><W58/><G58/><T106/><D106/><U31/><E31/><V59/><F59/><W117/><G117/><T122/><D122/><U19/><E105/><V75/><F75/><W74/><G74/><T116/><D116/><U112/><E112/><V54/><F118/><W24/><G24/><T119/><D119/><U89/><E2/><V20/><F26/><W69/><G69/><T3/><D3/><U81/><E97/><V27/><F99/><W56/><G56/><T60/><D60/><U64/><E62/><V13/><F61/><W123/><G123/><T50/><D50/><U8/><E66/><AGARI ba="0,2" hai="38,40,45,63,66,71,76,78,82,84,88,93,94,95" machi="66" ten="40,8000,1" yaku="1,1,6,1,52,1,54,1,53,0" doraHai="57" doraHaiUra="9" who="3" fromWho="1" sc="240,0,250,-80,250,0,240,100" /><INIT seed="1,0,0,4,0,58" ten="240,170,250,340" oya="1" hai0="128,117,92,99,13,12,90,14,33,119,62,67,135" hai1="122,16,78,59,60,81,57,39,105,36,116,121,96" hai2="64,109,102,82,103,2,66,107,10,18,98,24,76" hai3="3,53,123,108,112,40,38,95,134,94,11,100,104"/><U111/><E116/><V1/><F109/><W23/><G112/><T35/><D135/><U50/><E111/><V120/><F120/><W87/><G108/><T48/><D128/><U80/><E80/><V115/><F115/><W93/><G123/><T28/><D48/><U46/><E59/><V63/><F64/><W54/><G134/><T30/><D119/><U110/><E110/><V0/><F102/><W26/><G38/><T27/><D117/><U8/><E96/><V83/><F76/><W73/><G73/><T7/><D7/><U32/><E105/><V44/><F44/><W132/><G40/><T84/><D30/><U75/><E32/><V71/><REACH who="2" step="1"/><F10/><REACH who="2" ten="240,170,240,340" step="2"/><W15/><G100/><T127/><D127/><U22/><E8/><V85/><F85/><W21/><G87/><T37/><D84/><U56/><E121/><V113/><F113/><W114/><G114/><T25/><D37/><U77/><E77/><V34/><F34/><W89/><G11/><T106/><D35/><U51/><E122/><V118/><F118/><W124/><G23/><AGARI ba="0,1" hai="0,1,2,18,23,24,63,66,71,82,83,98,103,107" machi="23" ten="40,2600,0" yaku="1,1,52,1,53,0" doraHai="58" doraHaiUra="70" who="2" fromWho="3" sc="240,0,170,0,240,36,340,-26" /><INIT seed="2,0,0,4,5,17" ten="240,170,276,314" oya="2" hai0="8,56,134,109,46,108,71,74,93,59,75,117,81" hai1="91,50,0,129,96,12,63,54,18,6,45,100,132" hai2="92,95,120,23,94,106,34,2,124,130,101,116,127" hai3="83,72,21,82,43,20,9,40,69,64,115,85,122"/><V102/><F116/><W67/><G122/><T99/><D71/><U42/><E129/><V77/><F34/><W29/><G115/><T52/><D134/><U14/><E132/><V111/><F120/><W97/><G72/><T58/><D8/><U65/><E91/><V19/><F130/><W84/><G69/><T51/><D117/><U76/><E76/><V118/><F118/><W11/><G29/><T10/><D10/><U103/><E6/><V60/><F2/><W110/><REACH who="3" step="1"/><G97/><REACH who="3" ten="240,170,276,304" step="2"/><T44/><D75/><U1/><E96/><V79/><F124/><W80/><G80/><T7/><D81/><U114/><E114/><V48/><F127/><W22/><G22/><T55/><D74/><U53/><E0/><V30/><F30/><W24/><G24/><T126/><D126/><U86/><E1/><V49/><F23/><W133/><G133/><T57/><D7/><U135/><E135/><V131/><F131/><W89/><G89/><T25/><D25/><U61/><E86/><V107/><F102/><W128/><G128/><T41/><D99/><U37/><E12/><V105/><F101/><W26/><G26/><T62/><REACH who="0" step="1"/><D93/><REACH who="0" ten="230,170,276,304" step="2"/><U38/><E14/><V36/><F95/><W87/><G87/><T4/><D4/><U47/><E18/><V31/><F92/><W78/><G78/><T113/><D113/><U73/><E73/><V16/><F94/><W35/><G35/><T3/><D3/><U88/><E103/><V68/><F79/><W32/><G32/><T123/><D123/><U39/><E100/><V33/><F77/><W70/><G70/><RYUUKYOKU ba="0,2" sc="230,15,170,-15,276,-15,304,15" hai0="41,44,46,51,52,55,56,57,58,59,62,108,109" hai3="9,11,20,21,40,43,64,67,82,83,84,85,110" /><INIT seed="3,1,2,2,3,56" ten="245,155,261,319" oya="3" hai0="79,54,78,108,43,9,62,12,95,41,101,130,48" hai1="69,102,26,71,8,103,52,34,123,92,86,17,75" hai2="107,55,121,112,18,35,29,126,91,7,13,37,5" hai3="21,81,6,58,61,119,97,128,127,70,98,3,116"/><W67/><G127/><T125/><D108/><U96/><E75/><V65/><F112/><W16/><G128/><T66/><D130/><U74/><E74/><V132/><F126/><W57/><G57/><N who="0" m="37199" /><D125/><U31/><E123/><V109/><F109/><W122/><G122/><T46/><D101/><U39/><E39/><V72/><F72/><W115/><G115/><T105/><D105/><U45/><E103/><V1/><F107/><W0/><G116/><T93/><D93/><U22/><E8/><V19/><F37/><W73/><G119/><T85/><D95/><U124/><E86/><V87/><F132/><W11/><G3/><T94/><D94/><U49/><REACH who="1" step="1"/><E124/><REACH who="1" ten="245,145,261,319" step="2"/><V89/><F87/><W38/><G38/><T82/><D79/><U59/><E59/><V4/><F121/><W42/><G73/><T113/><D113/><U20/><E20/><V32/><F35/><W15/><G81/><T28/><D28/><U118/><E118/><V84/><F84/><W114/><G114/><T40/><D9/><U106/><E106/><V51/><F32/><W131/><G131/><T111/><D111/><U80/><E80/><V129/><F29/><W63/><G42/><T110/><D110/><U33/><E33/><V44/><F129/><W104/><G104/><T36/><D36/><U50/><E50/><V68/><F51/><W117/><G117/><T30/><D30/><U64/><E64/><AGARI ba="1,3" hai="0,6,11,15,16,21,58,61,63,64,67,70,97,98" machi="64" ten="30,11600,0" yaku="7,1,52,2,54,1" doraHai="56" who="3" fromWho="1" sc="245,0,145,-119,261,0,319,149" /><INIT seed="3,2,0,4,1,102" ten="245,26,261,468" oya="3" hai0="83,23,128,31,71,65,101,21,64,75,93,38,25" hai1="127,133,59,20,108,88,12,130,96,8,27,84,95" hai2="30,60,51,2,119,107,4,111,52,97,121,126,132" hai3="118,131,70,15,77,48,109,123,56,19,116,6,80"/><W74/><G123/><T63/><D128/><U50/><E108/><V129/><F111/><W53/><G70/><T92/><D38/><U22/><E130/><V37/><F119/><W103/><G131/><T135/><D135/><U134/><E127/><V33/><F37/><W94/><G6/><T98/><D65/><U78/><E50/><V86/><F129/><W41/><G109/><T29/><D75/><U113/><E59/><V28/><F60/><W18/><G18/><T47/><D83/><U40/><E40/><V68/><F68/><W99/><REACH who="3" step="1"/><G41/><REACH who="3" ten="245,26,261,458" step="2"/><T120/><D120/><U35/><E113/><V34/><F4/><W14/><G14/><T5/><D5/><U112/><E112/><V72/><F121/><W42/><G42/><T85/><D71/><U36/><E134/><V122/><F132/><W67/><G67/><T79/><D64/><U66/><E66/><V24/><F122/><W32/><G32/><T110/><D110/><U69/><E69/><V0/><F34/><W91/><G91/><T13/><D13/><U106/><E133/><V55/><F33/><W54/><G54/><T45/><D31/><U76/><E76/><V46/><F28/><W81/><G81/><T26/><D79/><U117/><E117/><V3/><F55/><W104/><G104/><T105/><D105/><U100/><E78/><V11/><F107/><W49/><G49/><T115/><D115/><U7/><REACH who="1" step="1"/><E36/><REACH who="1" ten="245,16,261,458" step="2"/><V39/><F51/><W73/><G73/><T1/><D63/><U125/><E125/><V87/><F72/><W57/><G57/><T89/><D1/><RYUUKYOKU ba="2,2" sc="245,10,16,10,261,-30,458,10" hai0="21,23,25,26,29,45,47,85,89,92,93,98,101" hai1="7,8,12,20,22,27,35,84,88,95,96,100,106" hai3="15,19,48,53,56,74,77,80,94,99,103,116,118" /><INIT seed="3,3,2,3,1,40" ten="255,26,231,468" oya="3" hai0="56,18,28,96,115,2,23,100,81,68,91,48,64" hai1="17,112,41,26,71,53,120,9,70,117,114,58,54" hai2="74,4,24,108,110,127,65,60,132,121,20,83,131" hai3="47,3,94,118,13,57,107,78,1,87,35,10,0"/><W42/><G118/><T29/><D2/><U89/><E120/><V61/><F121/><W84/><G107/><T36/><D36/><U101/><E117/><V32/><F32/><W67/><G35/><T109/><D68/><U8/><E101/><V86/><F74/><W66/><G84/><T30/><D109/><N who="2" m="42090" /><F132/><W130/><G130/><T111/><D115/><U116/><E41/><V128/><F4/><W113/><G113/><T82/><D91/><U104/><E58/><N who="2" m="37015" /><F61/><W59/><G59/><T88/><D100/><U46/><E26/><V63/><F63/><W44/><G57/><T99/><D64/><U90/><E104/><V22/><F127/><W75/><G75/><T49/><D111/><U76/><E76/><N who="2" m="46439" /><F20/><W33/><G33/><T97/><D56/><U92/><E116/><V15/><F15/><W51/><G66/><T134/><D134/><U43/><E43/><V119/><F119/><W122/><G67/><T98/><D82/><U6/><E6/><V38/><F38/><N who="3" m="21591" /><G122/><T69/><D69/><U12/><E12/><V19/><AGARI ba="3,2" hai="19,22,24,128,131" m="46439,37015,42090" machi="19" ten="30,1100,0" yaku="14,1" doraHai="40" who="2" fromWho="2" sc="255,-6,26,-6,231,40,468,-8" /><INIT seed="4,0,0,2,1,45" ten="249,20,271,460" oya="0" hai0="21,65,99,58,30,64,35,132,11,74,85,18,120" hai1="15,92,23,72,117,108,103,39,81,107,50,68,67" hai2="32,87,10,16,56,97,119,112,100,98,5,83,102" hai3="109,2,48,88,8,69,127,4,47,122,36,76,3"/><T101/><D74/><U9/><E39/><V134/><F32/><W130/><G69/><T123/><D35/><U27/><E107/><V59/><F112/><W77/><G109/><T115/><D115/><U43/><E108/><V89/><F134/><W135/><G135/><T126/><D126/><U121/><E68/><V14/><F5/><W61/><G127/><T124/><D124/><U71/><E71/><V52/><F119/><W55/><G122/><T26/><D132/><U42/><E67/><V34/><F34/><W114/><G114/><T94/><D85/><U110/><E110/><V40/><F40/><W24/><G3/><T86/><D86/><U75/><E43/><V82/><F82/><W66/><G130/><T38/><D38/><U70/><E70/><V90/><F90/><W105/><G105/><T131/><D131/><U46/><E81/><V37/><F59/><W54/><G66/><T28/><D65/><U125/><E117/><V80/><F80/><W78/><G36/><T96/><D96/><N who="2" m="36970" /><F37/><W1/><G1/><T57/><D57/><U79/><E121/><V0/><F0/><W133/><G133/><T6/><D123/><U7/><E125/><V95/><F95/><W22/><G61/><AGARI ba="0,0" hai="10,14,16,52,56,61,83,87,89,100,102" m="36970" machi="61" ten="30,3900,0" yaku="8,1,54,2" doraHai="45" who="2" fromWho="3" sc="249,0,20,0,271,39,460,-39" /><INIT seed="5,0,0,1,0,88" ten="249,20,310,421" oya="1" hai0="14,33,132,34,51,94,73,65,108,102,64,99,0" hai1="79,3,86,101,52,36,70,126,89,69,84,118,91" hai2="115,41,9,5,95,45,90,104,55,19,35,134,127" hai3="83,1,80,56,23,40,87,120,21,48,7,76,6"/><U75/><E36/><V110/><F104/><W62/><G120/><T28/><D108/><U117/><E3/><V125/><F110/><W106/><G106/><T16/><D73/><U20/><E126/><V12/><F35/><W72/><G1/><T97/><D0/><U61/><E101/><V10/><F134/><W114/><G114/><T58/><D132/><U71/><E75/><V133/><F55/><N who="3" m="34079" /><G72/><T60/><D65/><U47/><E79/><V129/><F129/><W93/><G83/><T78/><D78/><U113/><E20/><N who="3" m="7754" /><G93/><T119/><D119/><U130/><E130/><V46/><F115/><W68/><G68/><T13/><D28/><U98/><E98/><N who="2" m="57719" /><F133/><W2/><G2/><T43/><D99/><U42/><E113/><V112/><F112/><W66/><G66/><T44/><REACH who="0" step="1"/><D14/><REACH who="0" ten="239,20,310,421" step="2"/><U74/><E74/><V39/><F12/><W131/><G131/><T17/><D17/><U38/><E117/><V103/><F19/><W53/><G7/><T92/><D92/><U81/><E118/><V105/><F5/><W82/><G6/><T37/><D37/><U116/><E116/><V63/><F39/><W22/><G80/><T25/><D25/><U4/><E4/><V100/><F125/><W85/><G82/><T30/><D30/><U121/><E121/><V124/><F127/><W109/><G76/><T107/><D107/><U50/><E38/><V18/><F105/><W128/><G109/><T135/><D135/><U11/><E11/><AGARI ba="0,1" hai="11,13,16,33,34,43,44,51,58,60,64,94,97,102" machi="11" ten="30,8000,1" yaku="1,1,7,1,52,1,54,1,53,1" doraHai="88" doraHaiUra="59" who="0" fromWho="1" sc="239,90,20,-80,310,0,421,0" owari="329,13.0,-60,-56.0,310,-9.0,421,52.0" /></mjloggm>