<mjloggm ver="2.3"><GO type="41" lobby="0"/><UN n0="%E3%81%BE%E3%81%A1%E3%82%8B" n1="%41%59%4F%59%4F" n2="%45%2E%63%6F%6C%69" n3="%E2%93%9D%53%75%70%68%78" dan="13,13,13,18" rate="1819.49,1850.68,1864.41,2120.97" sx="M,F,M,M"/><TAIKYOKU oya="0"/><INIT seed="0,0,0,5,3,59" ten="250,250,250,250" oya="0" hai0="85,115,39,62,47,63,13,50,86,31,82,95,132" hai1="116,121,44,133,66,118,27,90,23,22,57,40,20" hai2="112,18,97,41,89,84,19,96,34,2,92,98,46" hai3="8,36,6,80,5,111,33,129,108,79,48,122,117"/><T107/><D39/><U119/><E121/><V53/><F112/><W109/><G36/><T103/><D115/><U3/><E133/><V76/><F2/><W12/><G129/><T70/><D107/><U28/><E90/><V32/><F53/><W68/><G33/><T51/><D70/><U49/><REACH who="1" step="1"/><E3/><REACH who="1" ten="250,240,250,250" step="2"/><V24/><F76/><W30/><G122/><T100/><D132/><U102/><E102/><V110/><F110/><W15/><G111/><T87/><D103/><U101/><E101/><V7/><F34/><W37/><G109/><T1/><D100/><U113/><E113/><V61/><F32/><W126/><G79/><T105/><D1/><U135/><E135/><V9/><F89/><W104/><G108/><T130/><D105/><U14/><E14/><V0/><F0/><W91/><G15/><T26/><D13/><U125/><E125/><V25/><F25/><W17/><G126/><T11/><D130/><U74/><E74/><V75/><F24/><W56/><G12/><T123/><D123/><U127/><E127/><V43/><F75/><W4/><G4/><T69/><D82/><U38/><E38/><V55/><F7/><W128/><G80/><T72/><D72/><U60/><AGARI ba="0,1" hai="20,22,23,27,28,40,44,49,57,60,66,116,118,119" machi="60" ten="40,5200,0" yaku="1,1,0,1,52,1,53,0" doraHai="59" doraHaiUra="65" who="1" fromWho="1" sc="250,-26,240,62,250,-13,250,-13" /><INIT seed="1,0,0,0,3,85" ten="224,302,237,237" oya="1" hai0="77,73,63,134,46,17,118,28,42,84,114,30,36" hai1="109,133,25,97,48,24,130,14,0,127,76,34,47" hai2="6,52,8,64,121,80,102,99,71,32,111,19,41" hai3="1,113,70,37,135,33,88,65,106,132,79,92,117"/><U93/><E0/><V110/><F121/><W123/><RYUUKYOKU type="yao9" ba="0,0" sc="224,0,302,0,237,0,237,0" hai3="1,33,37,65,70,79,88,92,106,113,117,123,132,135" /><INIT seed="1,1,0,0,4,106" ten="224,302,237,237" oya="1" hai0="63,48,28,10,4,133,122,87,70,35,108,66,25" hai1="52,96,126,20,124,81,64,128,50,132,77,9,95" hai2="86,75,78,58,130,32,91,85,21,67,37,127,27" hai3="120,135,41,94,19,43,72,89,23,114,109,80,93"/><U88/><E128/><V74/><F37/><W3/><G3/><T60/><D133/><U101/><E132/><V12/><F130/><W97/><G114/><T16/><D122/><U103/><E64/><V14/><F127/><N who="1" m="48681" /><E20/><V61/><F32/><W49/><G109/><T59/><D108/><U79/><E9/><V65/><F67/><W51/><G120/><T40/><D70/><U76/><E81/><V113/><F113/><W44/><G94/><T56/><D87/><U102/><E102/><V53/><F85/><W118/><G118/><T98/><D98/><U121/><E121/><V36/><F36/><W46/><G135/><T129/><D129/><U125/><N who="1" m="48689" /><U15/><DORA hai="62" /><E15/><V71/><F78/><W104/><G104/><T99/><D99/><U0/><E0/><V90/><F90/><W7/><G7/><T110/><D110/><U47/><AGARI ba="1,0" hai="47,50,52,76,77,79,88,95,96,101,103" m="48689" machi="47" ten="50,9600,0" yaku="18,1,54,2" doraHai="106,62" who="1" fromWho="1" sc="224,-33,302,99,237,-33,237,-33" /><INIT seed="1,2,0,2,5,98" ten="191,401,204,204" oya="1" hai0="82,116,112,94,109,100,97,115,43,79,92,96,90" hai1="52,29,107,60,50,38,134,15,80,72,21,62,63" hai2="2,84,34,24,108,85,56,99,104,111,17,57,11" hai3="35,40,101,127,54,26,22,59,69,129,66,33,25"/><U121/><E121/><V68/><F68/><W123/><G123/><T93/><D43/><U10/><E38/><V135/><F135/><W76/><G129/><T30/><D116/><U120/><E120/><V78/><F78/><W3/><G3/><T18/><D30/><U8/><E134/><V14/><F57/><W95/><G40/><T19/><D109/><N who="2" m="42058" /><F56/><W114/><G127/><T77/><D93/><U42/><E42/><V31/><F2/><W105/><G105/><T45/><D45/><U46/><E107/><V9/><F9/><W48/><G114/><T58/><D58/><U103/><E80/><V130/><F130/><W118/><G76/><T119/><D119/><U132/><E132/><V5/><F5/><W41/><G69/><T133/><D133/><U27/><E72/><V102/><AGARI ba="2,0" hai="11,14,17,24,31,34,84,85,99,102,104" m="42058" machi="102" ten="30,2000,0" yaku="14,1,52,1" doraHai="98" who="2" fromWho="2" sc="191,-7,401,-12,204,26,204,-7" /><INIT seed="2,0,0,3,5,4" ten="184,389,230,197" oya="2" hai0="71,28,68,132,52,31,75,120,65,134,89,44,90" hai1="49,84,103,17,127,12,112,20,7,0,99,25,64" hai2="22,26,130,91,73,126,18,38,104,8,129,116,106" hai3="47,81,61,11,67,72,114,70,93,85,119,56,55"/><V83/><F38/><W37/><G119/><T102/><D75/><U19/><E112/><V92/><F116/><W128/><G128/><N who="2" m="49257" /><F126/><W74/><G93/><T77/><D77/><U1/><E127/><V39/><F39/><W113/><G85/><T35/><D102/><U121/><E121/><V76/><F8/><W133/><G81/><T109/><D120/><U48/><E64/><V95/><F95/><W21/><G21/><T79/><D79/><U6/><E84/><AGARI ba="0,0" hai="18,22,26,73,76,83,84,91,92,104,106" m="49257" machi="84" ten="30,1500,0" yaku="19,1" doraHai="4" who="2" fromWho="1" sc="184,0,389,-15,230,15,197,0" /><INIT seed="2,1,0,4,5,29" ten="184,374,245,197" oya="2" hai0="122,102,27,39,112,130,106,85,66,127,20,93,50" hai1="73,84,34,89,63,2,100,23,53,76,65,0,114" hai2="6,121,59,129,68,58,94,118,38,115,78,30,1" hai3="135,49,110,5,98,81,9,17,83,25,19,15,99"/><V134/><F115/><W71/><G71/><T105/><D122/><U72/><E114/><V74/><F121/><W103/><G110/><T96/><D39/><U13/><E100/><V26/><F118/><W56/><G135/><T51/><D112/><U109/><E109/><V111/><F111/><W47/><G56/><T92/><D127/><U133/><E133/><V14/><F68/><W87/><G83/><T12/><D12/><U44/><E89/><V70/><F134/><W18/><G25/><T113/><D113/><U101/><E101/><V62/><F38/><W57/><G57/><T28/><D130/><U43/><E84/><V124/><F129/><W116/><G116/><T108/><D108/><U77/><E77/><V46/><F124/><W22/><G22/><T8/><D8/><U69/><E34/><V97/><F1/><W36/><G36/><T40/><D66/><U67/><E67/><V88/><F70/><W35/><G35/><T42/><D106/><U31/><E53/><V33/><F46/><W86/><G86/><T120/><D120/><U4/><E76/><V117/><F117/><W60/><G60/><T80/><D105/><U95/><E95/><V41/><F41/><N who="0" m="15978" /><D92/><U104/><E104/><V126/><F62/><W54/><REACH who="3" step="1"/><G103/><REACH who="3" ten="184,374,245,187" step="2"/><T125/><D125/><U90/><E63/><V119/><F119/><W21/><G21/><T3/><D80/><U75/><E69/><V132/><F132/><W79/><AGARI ba="1,1" hai="5,9,15,17,18,19,47,49,54,79,81,87,98,99" machi="79" ten="30,4000,0" yaku="1,1,0,1,8,1,53,0" doraHai="29" doraHaiUra="131" who="3" fromWho="3" sc="184,-11,374,-11,245,-21,187,53" /><INIT seed="3,0,0,1,3,93" ten="173,363,224,240" oya="3" hai0="124,30,34,66,125,104,59,112,3,2,20,95,63" hai1="85,14,51,19,127,131,122,50,32,128,113,40,118" hai2="119,16,49,55,83,0,29,96,42,133,116,24,105" hai3="111,134,11,101,39,54,81,25,90,23,13,126,22"/><W61/><G39/><T36/><D104/><U47/><E113/><V86/><F0/><W74/><G134/><T4/><D36/><U89/><E122/><V117/><F133/><W135/><G135/><T38/><D38/><U73/><E73/><V35/><F42/><W26/><G126/><N who="0" m="48747" /><D34/><U48/><E32/><V31/><F29/><W123/><G111/><T75/><D75/><U94/><E118/><V68/><F68/><W87/><G123/><T12/><D112/><U5/><E5/><V71/><F71/><W88/><G101/><T84/><D4/><U44/><E127/><V108/><F108/><W67/><G74/><T21/><D21/><N who="3" m="7689" /><G67/><T76/><D76/><U1/><E1/><V8/><F105/><W100/><G100/><T70/><D70/><U53/><REACH who="1" step="1"/><E48/><REACH who="1" ten="173,353,224,240" step="2"/><V64/><F117/><W92/><G61/><T60/><D60/><U41/><E41/><V120/><F119/><W91/><G54/><T121/><D121/><U62/><E62/><V6/><F120/><W9/><G9/><AGARI ba="0,1" hai="9,14,19,40,44,47,50,51,53,85,89,94,128,131" machi="9" ten="40,1300,0" yaku="1,1,53,0" doraHai="93" doraHaiUra="33" who="1" fromWho="3" sc="173,0,353,23,224,0,240,-13" /><INIT seed="4,0,0,4,3,25" ten="173,376,224,227" oya="0" hai0="61,92,27,33,132,3,39,19,9,95,96,72,35" hai1="131,122,135,76,134,8,56,81,117,41,40,116,73" hai2="104,26,109,84,60,49,113,80,29,32,17,121,14" hai3="55,23,107,105,48,50,34,128,100,30,53,1,90"/><T2/><D39/><U63/><E122/><V37/><F109/><W91/><G34/><T119/><D72/><U129/><E8/><V97/><F121/><W83/><G1/><T78/><D78/><U54/><E40/><V114/><F37/><W67/><G67/><T70/><D119/><N who="1" m="45643" /><E41/><V24/><F60/><W7/><G7/><T11/><D132/><AGARI ba="0,0" hai="54,56,63,73,76,81,129,131,132,134,135" m="45643" machi="132" ten="30,1000,0" yaku="20,1" doraHai="25" who="1" fromWho="0" sc="173,-10,376,10,224,0,227,0" /><INIT seed="5,0,0,4,3,65" ten="163,386,224,227" oya="1" hai0="72,96,14,81,57,124,48,120,45,128,105,22,93" hai1="68,35,113,116,6,85,123,30,23,64,100,101,15" hai2="73,86,94,20,44,43,41,40,104,16,42,126,87" hai3="71,4,38,32,52,51,122,55,39,67,102,19,107"/><U25/><E116/><V66/><F104/><W1/><G19/><T129/><D105/><U78/><E113/><V88/><F73/><W46/><G32/><T83/><D72/><U92/><E123/><V108/><F108/><W56/><G4/><T127/><D120/><U12/><E35/><V62/><F126/><N who="0" m="48170" /><D57/><U80/><E6/><V132/><F132/><W90/><G90/><N who="0" m="55351" /><D14/><U59/><E100/><V60/><F86/><W31/><G102/><T17/><D17/><U82/><E82/><V0/><F0/><W121/><G1/><T74/><D22/><U33/><E33/><V89/><F89/><W131/><G107/><T34/><D34/><U75/><E75/><V9/><F9/><W3/><G3/><T69/><D74/><U11/><E11/><V21/><F21/><W76/><G122/><T91/><D91/><U36/><E23/><V29/><F29/><W58/><G31/><T18/><D18/><U112/><E30/><V61/><F66/><W26/><G67/><T79/><D83/><U49/><E80/><V84/><F87/><W98/><G121/><T53/><D81/><U13/><E112/><V8/><F8/><W133/><G26/><T28/><D28/><U111/><E111/><V103/><F103/><W7/><G7/><T118/><D79/><U37/><E78/><V2/><F2/><W99/><G76/><T135/><D118/><U70/><E25/><N who="2" m="14471" /><F62/><W125/><G125/><T47/><D135/><U10/><E10/><V110/><F110/><W114/><G133/><T106/><D106/><U134/><E12/><V63/><F63/><RYUUKYOKU ba="0,0" sc="163,-10,386,-10,224,30,227,-10" hai2="40,41,42,43,44,60,61,84,88,94" /><INIT seed="6,1,0,4,4,22" ten="153,376,254,217" oya="2" hai0="87,60,57,56,99,128,71,48,101,19,65,100,20" hai1="75,122,46,24,42,55,77,62,52,95,6,84,90" hai2="94,13,86,28,73,2,78,107,121,36,61,26,81" hai3="133,130,27,114,110,103,4,3,51,66,11,59,23"/><V123/><F36/><W96/><G110/><T29/><D128/><U120/><E6/><V34/><F2/><W1/><G130/><T30/><D87/><U40/><E24/><V129/><F129/><W50/><G133/><T18/><D18/><U43/><E46/><V64/><F107/><W91/><G91/><T102/><D99/><U115/><E115/><V21/><F73/><W127/><G127/><T89/><D89/><U54/><REACH who="1" step="1"/><E62/><REACH who="1" ten="153,366,254,217" step="2"/><V7/><F7/><W85/><G114/><T33/><D33/><U124/><E124/><V25/><F13/><W47/><G3/><T16/><D19/><U97/><E97/><V41/><F41/><W80/><G47/><T58/><REACH who="0" step="1"/><D48/><REACH who="0" ten="143,366,254,217" step="2"/><U68/><E68/><V63/><F121/><W12/><G51/><T116/><D116/><U111/><E111/><V10/><F123/><W17/><G50/><T14/><AGARI ba="1,2" hai="14,16,20,29,30,56,57,58,60,65,71,100,101,102" machi="14" ten="30,7900,0" yaku="1,1,0,1,54,1,53,1" doraHai="22" doraHaiUra="9" who="0" fromWho="0" sc="143,102,366,-21,254,-40,217,-21" /><INIT seed="7,0,0,4,5,135" ten="245,345,214,196" oya="3" hai0="126,72,104,89,83,59,109,16,103,123,71,95,100" hai1="97,12,0,99,119,63,124,110,9,91,82,36,114" hai2="134,50,130,14,29,93,112,80,41,70,37,116,69" hai3="38,26,3,49,48,54,68,77,86,10,120,133,113"/><W23/><G120/><T127/><D71/><U47/><E110/><V73/><F116/><W11/><G38/><T92/><D123/><U5/><E119/><V111/><F111/><W64/><G133/><T53/><D109/><U31/><E114/><V98/><F37/><W94/><G113/><T45/><D45/><U43/><E124/><N who="0" m="47657" /><D104/><U4/><E47/><V75/><F134/><W56/><G3/><T88/><D16/><U96/><E31/><V17/><F29/><N who="3" m="17631" /><G68/><T34/><D34/><U131/><E131/><V8/><F130/><W51/><G64/><T122/><D122/><U24/><E4/><V81/><F112/><W65/><G65/><T61/><D72/><U74/><E74/><V22/><F69/><W78/><G94/><N who="0" m="35883" /><D83/><U44/><E82/><V19/><F70/><W117/><G117/><T39/><D39/><U107/><E36/><V25/><F73/><W18/><G18/><T30/><D30/><U102/><E107/><V6/><F75/><W27/><G27/><T67/><D67/><U32/><E24/><V28/><F19/><W7/><G7/><T52/><D53/><U60/><E32/><V85/><F28/><W121/><G121/><T57/><D57/><U79/><E44/><N who="2" m="25871" /><F80/><N who="3" m="47375" /><G78/><T118/><D118/><U62/><E79/><V129/><F81/><W33/><G33/><T1/><D1/><U106/><E0/><V42/><F129/><W13/><G13/><T40/><D40/><U2/><E43/><V21/><F42/><W20/><G20/><T46/><D46/><U76/><E12/><V108/><F108/><W87/><G87/><RYUUKYOKU ba="0,0" sc="245,15,345,-15,214,-15,196,15" hai0="52,59,61,88,89,100,103" hai3="10,11,48,49,51,54,56" /><INIT seed="7,1,0,5,5,48" ten="260,330,199,211" oya="3" hai0="4,79,47,25,120,12,88,17,110,107,95,33,72" hai1="75,77,32,61,132,14,113,91,30,1,106,71,45" hai2="99,73,26,125,70,131,8,10,37,41,35,103,60" hai3="130,38,29,118,46,52,3,21,42,50,81,68,133"/><W62/><G3/><T83/><D120/><U31/><E1/><V80/><F125/><W6/><G6/><T114/><D110/><U39/><E106/><N who="2" m="63871" /><F131/><W59/><G130/><T49/><D4/><U84/><E113/><V134/><F134/><W51/><G118/><T7/><D7/><U43/><E32/><V36/><F41/><W100/><G100/><T94/><D114/><U119/><E14/><V23/><F23/><W56/><G81/><T102/><D107/><U90/><E119/><V101/><F101/><W76/><G76/><T19/><D102/><U108/><E108/><V65/><F80/><W16/><G133/><T27/><D95/><U0/><E0/><V64/><F65/><N who="3" m="41015" /><G29/><T15/><D33/><U9/><E132/><V105/><F105/><W121/><G121/><T86/><D12/><U96/><E77/><V58/><F58/><N who="3" m="33047" /><G51/><T117/><D117/><U53/><E90/><V55/><F73/><W135/><G135/><T63/><D19/><U85/><E30/><N who="2" m="19927" /><F8/><W115/><G115/><T127/><D127/><U34/><E31/><V104/><F104/><W18/><G18/><T24/><D63/><U112/><E91/><V128/><F128/><W111/><G111/><T74/><D74/><U67/><E75/><V78/><F78/><W92/><G92/><T2/><D2/><U57/><E61/><N who="2" m="40207" /><F10/><W28/><G28/><T87/><D72/><U44/><E84/><V89/><F89/><W22/><G22/><N who="0" m="13391" /><D15/><AGARI ba="1,0" hai="15,16,21,38,42,46,56,59" m="33047,41015" machi="15" ten="30,11600,0" yaku="24,1,52,1,54,2" doraHai="48" who="3" fromWho="0" sc="260,-119,330,0,199,0,211,119" /><INIT seed="7,2,0,5,2,90" ten="141,330,199,330" oya="3" hai0="56,66,61,67,135,29,14,122,60,85,92,13,27" hai1="64,15,117,88,87,75,48,26,82,30,55,103,45" hai2="57,31,6,83,86,81,46,123,99,44,105,77,65" hai3="41,127,20,33,62,73,69,59,100,113,98,11,17"/><W106/><G73/><T71/><D122/><U42/><E117/><V108/><F108/><W104/><G33/><T129/><D135/><U78/><E64/><V2/><F123/><W84/><G69/><T28/><D129/><U4/><E103/><V94/><F31/><W101/><G113/><T80/><D29/><U49/><E4/><V10/><F105/><W128/><G41/><T35/><D80/><U134/><E134/><V54/><F65/><W38/><G38/><T36/><D36/><U8/><E75/><V114/><F114/><W12/><G127/><T43/><D43/><U116/><E116/><V133/><F133/><W130/><G84/><T34/><D34/><U109/><E109/><V50/><F83/><W47/><G47/><T95/><REACH who="0" step="1"/><D85/><REACH who="0" ten="131,330,199,330" step="2"/><U5/><E87/><V111/><F111/><W74/><G74/><T115/><D115/><U0/><E82/><V18/><REACH who="2" step="1"/><F18/><REACH who="2" ten="131,330,189,330" step="2"/><W89/><G130/><T132/><D132/><U79/><E30/><V24/><F24/><W76/><G128/><T39/><D39/><U32/><E26/><V91/><AGARI ba="2,2" hai="2,6,10,44,46,50,54,57,77,81,86,91,94,99" machi="91" ten="20,5200,0" yaku="1,1,0,1,7,1,52,1,53,0" doraHai="90" doraHaiUra="131" who="2" fromWho="2" sc="131,-15,330,-15,189,78,330,-28" owari="116,-38.0,315,41.0,267,-13.0,302,10.0" /></mjloggm>