<mjloggm ver="2.3"><GO type="41" lobby="0"/><UN n0="%E2%93%9D%4E%41%47%41%32%35" n1="%E9%A3%9F%E3%81%B9%E3%81%BE%E3%81%99%56" n2="%E5%8B%9D%E6%97%A9%E6%A1%9C%31%31" n3="%E2%93%9D%53%75%70%68%78" dan="18,14,13,18" rate="2123.14,1915.30,1859.80,2143.21" sx="F,M,M,M"/><TAIKYOKU oya="0"/><INIT seed="0,0,0,4,4,130" ten="250,250,250,250" oya="0" hai0="49,44,69,25,36,16,107,87,30,67,68,52,17" hai1="132,54,13,134,70,92,31,122,24,12,118,63,72" hai2="121,3,99,58,76,78,119,114,116,100,115,6,26" hai3="66,18,5,89,53,133,128,37,19,29,98,33,28"/><T97/><D36/><U43/><E72/><V0/><F58/><W73/><G37/><T50/><D87/><U9/><E122/><V46/><F46/><W129/><G66/><T32/><D50/><U71/><E43/><V22/><F121/><W51/><G5/><T117/><D117/><N who="2" m="45130" /><F6/><W42/><G33/><T10/><D10/><U77/><E92/><V95/><F78/><W135/><G42/><T47/><D47/><U102/><E77/><V20/><F20/><W41/><G41/><T11/><D11/><U4/><E102/><V127/><F76/><W57/><G73/><T111/><D111/><U93/><E93/><V48/><F48/><W109/><G109/><T34/><D34/><U7/><E118/><V75/><F127/><W86/><G98/><T61/><D69/><U88/><E54/><V125/><F125/><W14/><G19/><T56/><D44/><U101/><E101/><AGARI ba="0,0" hai="16,17,25,30,32,49,52,56,61,67,68,97,101,107" machi="101" ten="40,12000,1" yaku="25,2,54,2" doraHai="130" who="0" fromWho="1" sc="250,120,250,-120,250,0,250,0" /><INIT seed="0,1,0,2,1,121" ten="370,130,250,250" oya="0" hai0="88,15,43,120,31,128,105,29,111,52,38,124,80" hai1="130,25,98,42,109,90,115,59,64,127,87,122,11" hai2="97,107,110,0,19,17,99,75,67,119,63,6,89" hai3="116,135,34,7,83,2,23,93,36,114,106,82,50"/><T48/><D120/><U60/><E122/><V49/><F75/><W134/><G106/><T91/><D105/><U96/><E115/><V95/><F119/><W45/><G34/><T69/><D69/><U125/><E130/><V92/><F107/><W33/><G33/><T100/><D100/><U40/><E25/><V46/><F6/><W54/><G36/><T94/><D128/><U71/><E11/><V73/><F73/><W117/><G93/><T28/><D124/><N who="1" m="47691" /><E87/><V112/><F0/><W85/><G83/><T4/><D38/><U37/><E90/><V3/><F3/><W47/><G23/><T103/><D43/><N who="1" m="16427" /><E96/><V18/><F95/><W13/><G2/><T78/><D111/><U133/><E98/><V126/><F112/><W70/><G114/><T8/><D103/><U53/><E133/><N who="3" m="50698" /><G13/><T81/><D78/><U113/><E113/><V20/><F99/><W84/><G84/><N who="0" m="52487" /><D91/><U123/><E123/><V41/><F126/><W131/><G131/><T61/><D61/><N who="1" m="40335" /><E37/><V32/><F32/><W39/><G117/><T129/><D129/><U26/><E26/><V79/><F79/><W62/><G116/><T132/><D132/><U68/><E68/><V65/><F89/><N who="3" m="51383" /><G39/><T51/><D51/><U22/><E22/><V77/><F20/><W10/><G70/><T55/><D48/><U44/><E44/><V24/><F49/><W76/><G47/><T101/><D101/><U14/><E14/><V86/><F46/><W66/><G76/><T58/><D58/><U35/><E35/><V30/><F77/><W27/><G45/><T12/><D12/><RYUUKYOKU ba="1,0" sc="370,15,130,15,250,-15,250,-15" hai0="4,8,15,28,29,31,52,55,80,81" hai1="53,59,60,109" /><INIT seed="0,2,0,1,0,66" ten="385,145,235,235" oya="0" hai0="65,61,58,105,2,92,110,9,80,52,99,125,7" hai1="32,34,108,71,59,120,14,64,37,30,112,103,21" hai2="121,33,114,133,134,18,19,128,118,15,70,84,89" hai3="106,67,42,28,49,63,97,109,41,77,116,46,102"/><T95/><D125/><U12/><E120/><V86/><F33/><W78/><G116/><T20/><D110/><U101/><E37/><V75/><F75/><W29/><G109/><T27/><D80/><U88/><E108/><V90/><F15/><W53/><G42/><T135/><D135/><U87/><E112/><V83/><F114/><W24/><G41/><T123/><D123/><U26/><E59/><V93/><F121/><W100/><G100/><T57/><D105/><U129/><E129/><V104/><F104/><W85/><G85/><T130/><D130/><U4/><E14/><V56/><F56/><W96/><G96/><T62/><REACH who="0" step="1"/><D99/><REACH who="0" ten="375,145,235,235" step="2"/><U40/><E34/><V107/><F107/><W50/><G97/><T16/><AGARI ba="2,1" hai="2,7,9,16,20,27,52,57,58,61,62,65,92,95" machi="16" ten="20,18000,2" yaku="1,1,2,1,0,1,7,1,54,2,53,1" doraHai="66" doraHaiUra="0" who="0" fromWho="0" sc="375,196,145,-62,235,-62,235,-62" /><INIT seed="0,3,0,4,3,106" ten="571,83,173,173" oya="0" hai0="52,61,16,42,108,86,116,19,33,113,100,21,0" hai1="30,118,101,80,47,79,126,28,96,95,121,83,103" hai2="78,85,51,13,128,135,41,124,18,123,132,73,6" hai3="31,25,5,43,87,76,38,32,77,112,22,55,24"/><T35/><D113/><U97/><E121/><V8/><F124/><W92/><G112/><T64/><D116/><U102/><E118/><V107/><F128/><W50/><G38/><T15/><D0/><U84/><E126/><V110/><F107/><W2/><G43/><T98/><D42/><U88/><E47/><V53/><F110/><W69/><G69/><T94/><D108/><U99/><E30/><V105/><F105/><W120/><G5/><T90/><D19/><U27/><E27/><V3/><F123/><W131/><G2/><T48/><D61/><U14/><E14/><V57/><F41/><W104/><G104/><T45/><REACH who="0" step="1"/><D64/><REACH who="0" ten="561,83,173,173" step="2"/><U60/><E60/><V71/><F3/><W23/><G120/><T17/><D17/><U34/><E28/><V122/><F18/><W49/><G31/><T12/><D12/><U65/><E65/><V109/><F122/><W29/><G29/><T44/><D44/><U4/><E4/><V10/><F109/><W129/><G25/><T130/><D130/><U58/><E34/><V91/><F6/><W54/><G24/><T70/><D70/><U37/><E37/><V39/><F71/><W46/><G46/><T75/><D75/><N who="1" m="43135" /><E58/><V36/><F36/><W26/><G26/><T125/><D125/><U11/><E11/><N who="2" m="4139" /><F13/><W62/><G32/><T68/><D68/><U7/><E7/><V117/><F39/><W66/><G66/><T74/><D74/><U82/><AGARI ba="3,1" hai="82,83,84,88,95,96,97,99,101,102,103" m="43135" machi="82" ten="40,12000,2" yaku="35,5,52,1,54,1" doraHai="106" who="1" fromWho="1" sc="561,-63,83,139,173,-33,173,-33" /><INIT seed="1,0,0,4,5,61" ten="498,222,140,140" oya="1" hai0="112,7,114,48,15,1,68,14,51,56,100,106,127" hai1="99,128,75,8,38,71,52,67,91,131,41,47,21" hai2="83,60,110,134,94,58,27,13,9,124,26,34,121" hai3="118,109,5,97,90,77,30,95,89,28,23,81,2"/><U123/><E75/><V24/><F110/><W10/><G109/><T65/><D1/><U105/><E123/><V16/><F134/><W135/><G135/><T40/><D68/><U57/><E21/><V54/><F124/><W63/><G118/><T44/><D127/><U22/><E22/><V6/><F121/><W18/><G90/><T104/><D7/><U87/><E8/><V78/><F94/><W103/><G103/><T66/><D100/><U73/><E73/><V3/><F34/><W120/><G120/><T79/><D56/><U108/><E108/><V4/><REACH who="2" step="1"/><F3/><REACH who="2" ten="498,222,130,140" step="2"/><W111/><G111/><T31/><D106/><U69/><E105/><V107/><F107/><W86/><REACH who="3" step="1"/><G63/><REACH who="3" ten="498,222,130,130" step="2"/><T117/><D104/><U11/><E128/><V49/><F49/><W35/><G35/><T29/><D51/><U43/><E131/><V33/><F33/><W59/><G59/><T125/><D48/><U82/><E71/><V25/><N who="2" m="6144" /><DORA hai="96" /><V126/><F126/><W85/><G85/><AGARI ba="0,2" hai="4,6,9,13,16,54,58,60,78,83,85" m="6144" machi="85" ten="50,6400,0" yaku="1,1,8,1,54,1,53,0" doraHai="61,96" doraHaiUra="70,17" who="2" fromWho="3" sc="498,0,222,0,130,84,130,-64" /><INIT seed="2,0,0,2,1,34" ten="498,222,214,66" oya="2" hai0="61,14,27,45,67,4,44,111,18,75,130,25,47" hai1="35,115,15,89,0,99,43,65,134,46,123,2,66" hai2="19,20,107,101,92,94,91,104,64,31,9,59,8" hai3="78,116,128,103,37,63,127,86,135,55,117,51,95"/><V22/><F107/><W112/><G128/><T42/><D75/><U96/><E115/><V41/><F41/><W76/><G37/><T11/><D111/><U90/><E35/><V125/><F104/><W53/><G127/><T84/><D130/><U93/><E134/><V52/><F125/><W129/><G129/><T97/><D97/><U82/><E15/><V133/><F64/><W74/><G74/><T110/><D110/><U3/><E123/><V49/><F133/><W120/><G135/><T10/><D84/><U114/><E114/><V106/><F106/><W50/><G63/><T57/><REACH who="0" step="1"/><D42/><REACH who="0" ten="488,222,214,66" step="2"/><U68/><E96/><N who="2" m="59527" /><F31/><W23/><G112/><T122/><D122/><U108/><E108/><V132/><F132/><W36/><G120/><T30/><D30/><U13/><E68/><V80/><F80/><W56/><G117/><T87/><D87/><U88/><E82/><V24/><F22/><W12/><G116/><T58/><D58/><U124/><E124/><V21/><F21/><W60/><G23/><T69/><D69/><U113/><E113/><V17/><F17/><W109/><G109/><T118/><D118/><U32/><E32/><V6/><F6/><W105/><G56/><T71/><D71/><U26/><E99/><AGARI ba="0,1" hai="8,9,19,20,24,49,52,59,91,94,99" m="59527" machi="99" ten="30,2900,0" yaku="8,1,54,1" doraHai="34" who="2" fromWho="1" sc="488,0,222,-29,214,39,66,0" /><INIT seed="2,1,0,3,3,65" ten="488,193,253,66" oya="2" hai0="8,79,60,27,63,56,44,69,109,46,49,43,66" hai1="71,16,48,59,22,5,38,104,14,76,2,134,129" hai2="1,83,58,115,4,45,119,20,55,42,81,18,47" hai3="111,88,15,127,74,114,6,34,98,103,29,113,131"/><V62/><F115/><N who="3" m="44043" /><G34/><T7/><D109/><U117/><E104/><V37/><F119/><W72/><G29/><T9/><D79/><U87/><E117/><V133/><F133/><W53/><G6/><T32/><D32/><U19/><E38/><V121/><F121/><W31/><G31/><T95/><D27/><U25/><E129/><V123/><F123/><W86/><G15/><T97/><D46/><U40/><E71/><V106/><F106/><N who="3" m="63863" /><G53/><T67/><REACH who="0" step="1"/><D7/><REACH who="0" ten="478,193,253,66" step="2"/><U92/><E5/><V30/><F30/><W108/><G131/><T33/><D33/><U118/><E118/><V61/><F47/><W28/><G28/><T50/><D50/><U122/><E122/><V124/><F124/><W0/><G127/><T132/><D132/><U11/><E134/><V90/><F4/><W36/><G36/><T80/><D80/><U17/><E76/><V54/><F1/><W26/><G26/><T99/><D99/><U125/><E2/><V96/><F83/><N who="3" m="49247" /><G0/><T68/><D68/><U102/><E125/><V35/><F35/><W116/><G116/><T120/><D120/><U3/><E3/><V82/><F82/><W10/><G10/><T93/><D93/><U105/><E92/><N who="2" m="56343" /><F81/><W21/><G21/><T100/><AGARI ba="1,1" hai="8,9,43,44,49,56,60,63,66,67,69,95,97,100" machi="100" ten="20,5200,0" yaku="1,1,0,1,7,1,52,1,53,0" doraHai="65" doraHaiUra="23" who="0" fromWho="0" sc="478,65,193,-14,253,-27,66,-14" /><INIT seed="3,0,0,4,1,127" ten="543,179,226,52" oya="3" hai0="92,31,74,84,25,70,8,69,126,17,57,37,102" hai1="58,96,27,86,41,75,117,52,40,101,5,91,32" hai2="16,28,12,13,68,56,131,66,113,80,19,133,98" hai3="23,108,4,124,111,64,26,47,39,53,15,1,97"/><W89/><G64/><T119/><D74/><U79/><E117/><V103/><F68/><W134/><G124/><T106/><D37/><U7/><E79/><V100/><F113/><W115/><G115/><T63/><D106/><U43/><E75/><V118/><F118/><W78/><G1/><T6/><D17/><U50/><E32/><V34/><F34/><W2/><G2/><T22/><D126/><U67/><E27/><V121/><F121/><W120/><G134/><T94/><D94/><U95/><REACH who="1" step="1"/><E67/><REACH who="1" ten="543,169,226,52" step="2"/><V71/><F66/><W129/><G78/><T105/><D25/><U62/><E62/><V72/><F72/><W20/><G120/><T9/><D63/><U36/><E36/><V30/><F133/><W35/><G35/><T99/><D119/><U54/><E54/><V128/><F71/><W51/><G39/><T107/><D70/><U104/><AGARI ba="0,1" hai="5,7,40,41,43,50,52,58,86,91,95,96,101,104" machi="104" ten="30,8000,1" yaku="1,1,0,1,54,1,53,2" doraHai="127" doraHaiUra="3" who="1" fromWho="1" sc="543,-20,169,90,226,-20,52,-40" /><INIT seed="4,0,0,4,2,125" ten="523,259,206,12" oya="0" hai0="3,128,104,118,8,90,99,85,110,75,54,82,76" hai1="40,45,57,130,48,96,21,127,78,43,79,22,80" hai2="15,111,34,77,68,120,88,0,116,49,9,7,65" hai3="58,26,31,50,39,69,52,107,70,134,29,5,131"/><T46/><D118/><U71/><E71/><V16/><F111/><W19/><G107/><T62/><D110/><U126/><E130/><V13/><F120/><W114/><G39/><T55/><D128/><U27/><E96/><V67/><F34/><W105/><G131/><T84/><D84/><U51/><E78/><V28/><F28/><W12/><G105/><T87/><D87/><N who="1" m="48543" /><E27/><V89/><F68/><W30/><G134/><T94/><D62/><U100/><E100/><V1/><F77/><W2/><G114/><T41/><D3/><U83/><E83/><V112/><F112/><W66/><G26/><T11/><D11/><U37/><E57/><V117/><F49/><N who="1" m="19017" /><E43/><V4/><REACH who="2" step="1"/><F9/><REACH who="2" ten="523,259,196,12" step="2"/><W81/><G70/><T33/><D8/><U60/><E37/><V18/><AGARI ba="0,1" hai="0,1,4,7,13,15,16,18,65,67,88,89,116,117" machi="18" ten="25,12000,2" yaku="1,1,2,1,0,1,22,2,54,2,53,0" doraHai="125" doraHaiUra="36" who="2" fromWho="2" sc="523,-60,259,-30,196,130,12,-30" owari="463,56.0,229,-17.0,326,13.0,-18,-52.0" /></mjloggm>