<mjloggm ver="2.3"><GO type="41" lobby="0"/><UN n0="%74%61%6E%69%6B%79%61" n1="%74%61%6B%75%33%30%34" n2="%E2%93%9D%53%75%70%68%78" n3="%4C%41%59%44%4F%57%4E" dan="15,15,18,15" rate="2020.98,2009.99,2159.93,1964.67" sx="M,M,M,M"/><TAIKYOKU oya="0"/><INIT seed="0,0,0,2,3,26" ten="250,250,250,250" oya="0" hai0="120,39,24,13,22,64,19,84,115,42,100,6,105" hai1="0,125,28,132,49,103,4,43,21,53,7,16,111" hai2="73,78,60,54,129,114,88,71,61,101,69,102,131" hai3="82,17,80,79,35,68,116,67,110,25,14,9,62"/><T34/><D115/><U32/><E111/><V74/><F78/><W98/><G110/><T83/><D120/><U124/><E132/><V128/><F54/><W63/><G116/><T37/><D64/><U77/><E103/><N who="2" m="39435" /><F88/><W30/><G63/><N who="2" m="24137" /><F114/><W48/><G98/><T52/><D42/><U91/><E43/><V29/><F29/><W121/><G121/><T87/><D87/><U1/><E77/><V86/><F86/><W96/><G96/><T41/><D41/><U40/><E40/><V70/><AGARI ba="0,0" hai="69,70,71,73,74,128,129,131" m="24137,39435" machi="70" ten="50,6400,0" yaku="28,2,19,1" doraHai="26" who="2" fromWho="2" sc="250,-32,250,-16,250,64,250,-16" /><INIT seed="1,0,0,4,3,89" ten="218,234,314,234" oya="1" hai0="10,72,35,66,29,95,83,81,47,51,73,46,18" hai1="113,55,85,59,34,107,45,80,96,13,92,105,65" hai2="91,90,120,36,97,68,134,50,8,39,56,117,3" hai3="125,58,7,115,112,135,61,114,24,87,25,110,84"/><U106/><E113/><V63/><F117/><W77/><G110/><T40/><D66/><U88/><E34/><V43/><F120/><W119/><G119/><T11/><D35/><U17/><E65/><V118/><F134/><W12/><G125/><T20/><D29/><U15/><E45/><V86/><F68/><W6/><G135/><T42/><D73/><U28/><E28/><V26/><F26/><W101/><G101/><T71/><D71/><U109/><E109/><V74/><F50/><W102/><G102/><T53/><D72/><U44/><E44/><V41/><F74/><W38/><G38/><T67/><D67/><U37/><E37/><V60/><F56/><W52/><G6/><T103/><D53/><U31/><E31/><V62/><F118/><W79/><G7/><T2/><D83/><U111/><E111/><V122/><F122/><W27/><REACH who="3" step="1"/><G12/><REACH who="3" ten="218,234,314,224" step="2"/><T49/><D2/><U126/><E126/><V0/><F0/><W57/><G57/><T130/><D130/><U1/><E1/><V78/><F39/><W69/><G69/><T127/><D127/><U75/><E17/><V108/><F36/><W129/><G129/><T32/><D103/><U128/><E128/><V104/><F108/><W94/><G94/><T16/><D95/><U100/><REACH who="1" step="1"/><E75/><REACH who="1" ten="218,224,314,224" step="2"/><V5/><F3/><W54/><G54/><T14/><D40/><U116/><E116/><V22/><F43/><W131/><G131/><T123/><D42/><U70/><E70/><V33/><F41/><W64/><G64/><T48/><D123/><U98/><E98/><V23/><F97/><RYUUKYOKU ba="0,2" sc="218,-15,224,15,314,-15,224,15" hai1="13,15,55,59,80,85,88,92,96,100,105,106,107" hai3="24,25,27,52,58,61,77,79,84,87,112,114,115" /><INIT seed="1,1,2,3,0,78" ten="203,239,299,239" oya="1" hai0="128,122,26,53,107,69,116,103,47,44,127,85,63" hai1="84,114,113,42,95,104,89,97,40,55,29,31,12" hai2="132,86,111,19,126,71,39,73,110,81,93,27,6" hai3="16,58,38,82,35,135,32,72,37,43,109,14,30"/><U131/><E131/><V65/><F39/><W8/><G109/><N who="2" m="41481" /><F6/><W90/><G135/><T18/><D116/><U33/><E33/><V50/><F126/><W20/><G38/><T79/><D127/><U25/><E12/><V102/><F73/><W4/><G37/><T21/><D128/><U94/><E104/><V59/><F71/><W92/><G43/><T70/><D122/><U120/><E120/><V129/><F132/><W36/><G36/><T68/><D107/><U118/><E118/><V66/><F50/><W17/><G58/><T75/><D75/><U56/><E113/><V15/><F27/><W22/><G72/><T96/><D63/><U0/><E0/><V130/><F59/><W123/><G123/><T67/><D67/><N who="2" m="25610" /><F93/><W117/><G117/><T54/><D44/><U23/><E31/><V91/><F102/><W125/><G125/><T46/><D46/><U105/><E105/><V99/><F99/><W76/><G32/><T80/><D47/><U100/><REACH who="1" step="1"/><E114/><REACH who="1" ten="203,229,299,239" step="2"/><V51/><F51/><AGARI ba="1,3" hai="23,25,29,40,42,51,55,56,84,89,94,95,97,100" machi="51" ten="30,11600,0" yaku="1,1,2,1,7,1,8,1,53,0" doraHai="78" doraHaiUra="74" who="1" fromWho="2" sc="203,0,229,149,299,-119,239,0" /><INIT seed="1,2,0,1,0,135" ten="203,378,180,239" oya="1" hai0="63,91,15,104,21,88,42,121,55,26,108,85,70" hai1="19,87,5,40,16,53,65,46,98,35,105,106,49" hai2="131,123,125,38,59,75,97,3,32,62,36,76,17" hai3="128,64,56,8,129,100,71,69,102,11,133,13,90"/><U25/><E5/><V20/><F123/><W115/><G115/><T126/><D108/><U50/><E65/><V116/><F32/><W39/><G39/><T37/><D121/><U109/><E109/><V92/><F131/><N who="3" m="50251" /><G133/><T94/><D104/><U120/><E120/><V117/><F3/><W22/><G8/><T67/><D15/><U130/><E130/><V28/><F28/><W41/><G41/><T54/><D126/><U89/><E35/><V0/><F0/><W77/><G77/><T34/><D34/><U82/><E98/><V122/><F122/><W47/><G47/><T23/><D23/><U95/><E82/><V72/><F38/><W52/><G22/><T27/><D27/><U29/><E29/><V111/><F36/><W4/><G90/><T78/><D78/><U61/><E61/><V113/><F76/><W101/><G64/><T57/><D70/><U79/><E79/><V112/><F111/><W30/><G30/><N who="0" m="17743" /><D42/><U7/><E7/><V96/><F113/><W119/><G119/><T103/><D103/><U83/><E83/><V66/><F112/><W12/><G13/><T124/><D124/><U118/><E118/><V18/><F125/><W134/><G134/><T114/><D114/><U81/><E81/><V68/><F117/><W60/><AGARI ba="2,0" hai="4,11,12,52,56,60,69,71,100,101,102" m="50251" machi="60" ten="30,2000,0" yaku="19,1,54,1" doraHai="135" who="3" fromWho="3" sc="203,-7,378,-12,180,-7,239,26" /><INIT seed="2,0,0,5,0,79" ten="196,366,173,265" oya="2" hai0="106,18,83,70,49,114,121,110,59,32,107,108,104" hai1="14,113,0,84,87,74,57,52,9,55,53,101,11" hai2="17,80,118,65,34,95,46,125,75,91,10,135,72" hai3="81,24,86,30,119,67,4,44,78,64,27,21,19"/><V132/><F34/><W105/><G119/><T61/><D121/><U103/><E113/><V116/><F65/><W98/><G4/><T48/><D114/><U7/><E74/><N who="2" m="28203" /><F17/><W39/><G105/><T124/><D124/><U123/><E123/><V8/><F46/><W77/><G77/><T20/><D70/><U127/><E57/><V120/><F10/><W1/><G1/><T128/><D128/><U25/><E25/><V92/><F8/><W117/><G98/><T51/><D32/><U22/><E22/><V131/><F120/><W60/><G117/><N who="2" m="45161" /><F131/><W66/><G39/><T76/><D61/><U97/><E127/><V13/><F13/><W36/><G36/><T50/><N who="0" m="12288" /><DORA hai="109" /><T134/><D134/><N who="2" m="51242" /><F125/><W73/><G44/><T41/><D41/><U71/><E11/><V129/><F129/><W43/><G43/><T16/><D59/><U100/><E0/><V68/><F68/><W47/><G73/><T3/><D3/><U126/><E71/><V56/><F56/><N who="3" m="36871" /><G47/><T102/><D20/><AGARI ba="0,0" hai="19,20,21,24,27,30,66,67,78,81,86" m="36871" machi="20" ten="30,2000,0" yaku="8,1,52,1" doraHai="79,109" who="3" fromWho="0" sc="196,-20,366,0,173,0,265,20" /><INIT seed="3,0,0,2,4,101" ten="176,366,173,285" oya="3" hai0="71,23,132,135,30,93,13,34,115,130,81,125,48" hai1="89,103,12,128,116,118,133,134,41,98,66,61,88" hai2="112,20,86,38,65,126,50,74,129,63,31,76,78" hai3="24,70,106,45,55,114,111,122,127,120,47,43,1"/><W35/><G114/><T40/><D71/><N who="1" m="42447" /><E12/><V28/><F38/><W110/><G106/><T95/><D48/><U10/><E10/><V14/><F74/><W56/><G1/><T85/><D40/><U94/><E41/><V102/><F129/><W22/><G35/><T8/><D115/><U96/><E128/><V33/><F126/><W73/><G73/><T97/><D34/><U109/><E109/><N who="3" m="41482" /><G127/><T59/><D59/><U67/><E67/><V58/><F33/><W15/><G15/><T37/><D37/><U80/><E80/><V26/><F14/><W17/><G70/><T82/><D130/><U57/><E57/><V42/><F112/><W25/><G24/><N who="0" m="16671" /><D125/><U75/><E75/><V90/><F31/><W107/><G107/><T72/><D72/><U53/><E53/><V119/><F42/><W2/><G2/><T105/><D13/><U62/><E62/><V29/><F63/><N who="3" m="36255" /><G45/><T36/><D8/><U16/><E96/><V79/><F65/><W121/><G120/><T123/><D123/><U64/><E64/><V32/><F32/><W11/><G11/><T6/><D6/><U39/><E39/><AGARI ba="0,0" hai="17,22,25,39,43,47,121,122" m="36255,41482" machi="39" ten="30,2900,0" yaku="14,1,10,1" doraHai="101" who="3" fromWho="1" sc="176,0,366,-29,173,0,285,29" /><INIT seed="3,1,0,1,3,36" ten="176,337,173,314" oya="3" hai0="29,129,76,93,115,77,85,34,105,122,13,78,73" hai1="79,25,111,86,35,6,18,3,99,134,127,40,130" hai2="106,8,123,14,46,23,62,45,126,48,7,114,65" hai3="10,97,11,74,84,0,60,113,15,107,47,128,70"/><W16/><G128/><T59/><D122/><U31/><E99/><V58/><F126/><W87/><G113/><T56/><D129/><U66/><E130/><V131/><F131/><W101/><G74/><T117/><D117/><U2/><E66/><V26/><F123/><W89/><G0/><T94/><D73/><U119/><E111/><V108/><F108/><W61/><G10/><T98/><D115/><U33/><E33/><V38/><F106/><W4/><G4/><T17/><D34/><U53/><E53/><V104/><F104/><W1/><G1/><T20/><D29/><U80/><E134/><V19/><F38/><W68/><G84/><T92/><D105/><U57/><E57/><N who="0" m="22089" /><D85/><U69/><E69/><V54/><REACH who="2" step="1"/><F114/><REACH who="2" ten="176,337,163,314" step="2"/><W55/><G70/><AGARI ba="1,1" hai="7,8,14,19,23,26,45,46,48,54,58,62,65,70" machi="70" ten="30,3900,0" yaku="1,1,2,1,7,1,53,0" doraHai="36" doraHaiUra="82" who="2" fromWho="3" sc="176,0,337,0,163,52,314,-42" /><INIT seed="4,0,0,1,1,33" ten="176,337,215,272" oya="0" hai0="15,34,49,24,126,111,50,23,62,68,113,102,96" hai1="63,77,67,118,78,39,17,44,127,107,14,51,9" hai2="3,1,103,89,122,135,82,56,73,99,116,80,128" hai3="72,97,105,85,114,125,55,42,60,13,123,53,81"/><T6/><D113/><U101/><E127/><V75/><F122/><W65/><G114/><T86/><D126/><U26/><E118/><V108/><F56/><W66/><G125/><T16/><D111/><U12/><E39/><V119/><F128/><W132/><G72/><N who="2" m="27721" /><F135/><W4/><G132/><T120/><D86/><U48/><E26/><V54/><F54/><W43/><G123/><T91/><D91/><U84/><E84/><N who="2" m="50311" /><F108/><W112/><G112/><T88/><D88/><U93/><E107/><N who="2" m="63999" /><F82/><W11/><G42/><T21/><D120/><U46/><E14/><V27/><F27/><W61/><G43/><T115/><D115/><U30/><E30/><V124/><F124/><W57/><G105/><T35/><D35/><U8/><E8/><V90/><F90/><N who="3" m="51503" /><G97/><T121/><D121/><U134/><E63/><N who="3" m="24138" /><G57/><T41/><D41/><U70/><E67/><AGARI ba="0,0" hai="4,11,13,53,55,65,66,67" m="24138,51503" machi="67" ten="30,1000,0" yaku="8,1" doraHai="33" who="3" fromWho="1" sc="176,0,337,-10,215,0,272,10" /><INIT seed="5,0,0,2,2,127" ten="176,327,215,282" oya="1" hai0="38,68,66,91,129,109,84,125,1,87,123,4,45" hai1="39,54,35,120,93,60,90,124,12,131,56,106,49" hai2="16,126,46,82,3,15,47,0,58,94,9,24,102" hai3="44,57,7,34,48,36,128,26,105,76,25,20,103"/><U92/><E120/><V23/><F126/><W122/><G128/><T17/><D125/><U59/><E124/><V80/><F3/><W21/><G122/><T8/><D109/><U96/><E39/><V97/><F0/><W133/><G133/><T135/><D135/><U18/><E106/><V19/><REACH who="2" step="1"/><F58/><REACH who="2" ten="176,327,205,282" step="2"/><W27/><G57/><T53/><D123/><U78/><E56/><V31/><F31/><W130/><G34/><T95/><D68/><U6/><E59/><V121/><F121/><W81/><G36/><T50/><D66/><U33/><E49/><V61/><F61/><W73/><G48/><T32/><D38/><U42/><E60/><V77/><F77/><W22/><G76/><T5/><D32/><U30/><E78/><V72/><F72/><W132/><G73/><T100/><D129/><U79/><E30/><V101/><F101/><W43/><G130/><T11/><D100/><U62/><E79/><V55/><F55/><W86/><G103/><T107/><D107/><U88/><E54/><V113/><F113/><W63/><G105/><T134/><D134/><U13/><E62/><V69/><F69/><W112/><G63/><T98/><REACH who="0" step="1"/><D17/><REACH who="0" ten="166,327,205,282" step="2"/><U29/><E18/><V65/><F65/><W37/><G132/><T2/><AGARI ba="0,2" hai="1,2,4,5,8,11,45,50,53,84,87,91,95,98" machi="2" ten="20,8000,1" yaku="1,1,2,1,0,1,7,1,9,1,53,0" doraHai="127" doraHaiUra="111" who="0" fromWho="0" sc="166,100,327,-40,205,-20,282,-20" /><INIT seed="6,0,0,5,1,125" ten="266,287,185,262" oya="2" hai0="94,53,20,49,112,18,78,1,83,14,90,5,57" hai1="132,32,95,80,121,77,59,41,81,100,58,103,93" hai2="96,37,35,85,28,38,91,11,119,71,17,9,15" hai3="68,130,115,102,108,92,114,111,65,43,97,128,27"/><V134/><F119/><W25/><G43/><T70/><D112/><N who="3" m="43049" /><G65/><T56/><D70/><U7/><E32/><V34/><F71/><W87/><G68/><T127/><D127/><U129/><E132/><V110/><F134/><W8/><G8/><T75/><D1/><U133/><E133/><V13/><F96/><W29/><G87/><T126/><D126/><U47/><E7/><V12/><F110/><N who="3" m="42027" /><G25/><T67/><D5/><U72/><E81/><V44/><F15/><W52/><G52/><T61/><D94/><U30/><E30/><V36/><F28/><W19/><G19/><T16/><D18/><U63/><E121/><V60/><F60/><W46/><G46/><T62/><REACH who="0" step="1"/><D90/><REACH who="0" ten="256,287,185,262" step="2"/><U113/><E93/><V6/><REACH who="2" step="1"/><F44/><REACH who="2" ten="256,287,175,262" step="2"/><W82/><G82/><AGARI ba="0,2" hai="6,9,11,12,13,17,34,35,36,37,38,82,85,91" machi="82" ten="40,3900,0" yaku="1,1,2,1,53,0" doraHai="125" doraHaiUra="74" who="2" fromWho="3" sc="256,0,287,0,175,59,262,-39" /><INIT seed="6,1,0,1,0,112" ten="256,287,234,223" oya="2" hai0="128,118,30,11,69,68,29,124,36,121,75,3,52" hai1="8,60,57,131,25,19,88,26,66,24,48,10,54" hai2="39,1,71,32,35,117,91,92,89,103,33,50,113" hai3="51,31,84,15,81,111,63,86,74,106,129,17,107"/><V98/><F39/><W18/><G111/><T134/><RYUUKYOKU type="yao9" ba="1,0" sc="256,0,287,0,234,0,223,0" hai0="3,11,29,30,36,52,68,69,75,118,121,124,128,134" /><INIT seed="6,2,0,1,3,115" ten="256,287,234,223" oya="2" hai0="71,22,95,77,78,127,52,110,44,36,35,68,49" hai1="103,105,94,118,135,61,13,14,109,12,7,111,99" hai2="134,104,59,19,34,107,131,83,76,6,54,17,40" hai3="33,79,28,129,46,89,88,91,4,74,132,113,47"/><V85/><F34/><W82/><G129/><T16/><D110/><U70/><E135/><V96/><F134/><W38/><G132/><T42/><D127/><U18/><E7/><V15/><F131/><W41/><G46/><T101/><D35/><U39/><E118/><V108/><F108/><W32/><G28/><T93/><D68/><U90/><E39/><V62/><F40/><W119/><G113/><T102/><D71/><U24/><E24/><V27/><F96/><W112/><G112/><T37/><D37/><U0/><E0/><V84/><F84/><W67/><G67/><T51/><D36/><U25/><E25/><V98/><F98/><W100/><G100/><N who="0" m="38507" /><D95/><U126/><E126/><V106/><REACH who="2" step="1"/><F27/><REACH who="2" ten="256,287,224,223" step="2"/><W2/><REACH who="3" step="1"/><G119/><REACH who="3" ten="256,287,224,213" step="2"/><T72/><D72/><U123/><E109/><V53/><F53/><W124/><G124/><T125/><D125/><U60/><E111/><V114/><F114/><W128/><G128/><T11/><D52/><U86/><E103/><V69/><F69/><W81/><G81/><T10/><D42/><U117/><E70/><V120/><F120/><W133/><G133/><T75/><D75/><U43/><E117/><V73/><F73/><W92/><G92/><T87/><D93/><U21/><E43/><V50/><F50/><W3/><G3/><T20/><D51/><U9/><E94/><V23/><F23/><W97/><G97/><T1/><D22/><U64/><E99/><V45/><F45/><W122/><G122/><T121/><D121/><U55/><E123/><V65/><F65/><W58/><G58/><T8/><D49/><RYUUKYOKU ba="2,2" sc="256,-15,287,-15,224,15,213,15" hai2="6,15,17,19,54,59,62,76,83,85,104,106,107" hai3="2,4,32,33,38,41,47,74,79,82,88,89,91" /><INIT seed="6,3,2,2,3,24" ten="241,272,239,228" oya="2" hai0="66,1,83,2,109,68,84,9,29,32,74,77,95" hai1="57,35,7,71,102,98,60,17,80,45,18,69,34" hai2="115,119,31,97,114,43,105,104,112,52,19,121,59" hai3="113,12,36,27,48,65,4,88,47,130,61,75,118"/><V53/><F119/><W11/><G118/><T96/><D109/><U89/><E7/><V123/><F43/><W62/><G75/><T13/><D74/><U40/><E69/><V30/><F19/><W33/><G130/><T22/><D32/><U103/><E71/><V41/><F41/><W72/><G72/><T50/><D50/><N who="1" m="26919" /><E34/><V76/><F76/><W108/><G108/><T64/><D1/><U15/><E35/><V116/><F116/><W100/><G100/><N who="1" m="38442" /><E15/><V46/><F97/><W26/><G36/><T131/><D2/><U21/><E21/><V128/><F46/><W70/><G113/><T106/><D106/><N who="2" m="41066" /><F128/><W107/><G33/><T25/><D68/><U67/><E80/><V93/><F93/><AGARI ba="3,2" hai="17,18,57,60,67,89,93,98" m="38442,26919" machi="93" ten="30,1000,0" yaku="8,1" doraHai="24" who="1" fromWho="2" sc="241,0,272,39,239,-19,228,0" /><INIT seed="7,0,0,5,1,106" ten="241,311,220,228" oya="3" hai0="22,99,124,6,72,75,31,20,65,30,103,102,32" hai1="73,40,130,16,128,64,114,53,89,131,14,94,81" hai2="55,54,33,98,39,83,108,29,87,107,121,17,109" hai3="112,132,56,10,48,34,135,82,122,115,60,80,120"/><W123/><G34/><T76/><D124/><U36/><E114/><N who="3" m="43562" /><G10/><T51/><D76/><N who="1" m="44175" /><E64/><V13/><F39/><W2/><G2/><T69/><D6/><U52/><E40/><V21/><F121/><W105/><G105/><N who="0" m="63711" /><D103/><U46/><E36/><V125/><F125/><W23/><G23/><N who="0" m="8747" /><D51/><N who="1" m="28791" /><E53/><V117/><F55/><N who="3" m="33823" /><G48/><T11/><D30/><U126/><E126/><V116/><F29/><W113/><N who="3" m="43570" /><W85/><DORA hai="1" /><G85/><T133/><D11/><N who="1" m="6239" /><E89/><V111/><F111/><W101/><G101/><T66/><D66/><U12/><E12/><V62/><F109/><W41/><G41/><T38/><D38/><U110/><E94/><V119/><F108/><AGARI ba="0,0" hai="108,110,128,130,131" m="6239,28791,44175" machi="108" ten="30,7700,0" yaku="19,1,52,1,54,2" doraHai="106,1" who="1" fromWho="2" sc="241,0,311,77,220,-77,228,0" owari="241,4.0,388,49.0,143,-36.0,228,-17.0" /></mjloggm>