<mjloggm ver="2.3"><GO type="41" lobby="0"/><UN n0="%6E%65%6E%62%75%74%75" n1="%E3%81%BF%E3%81%A4%E3%81%82%E3%81%82%E3%81%82" n2="%46%4D%36%33%34" n3="%E2%93%9D%53%75%70%68%78" dan="14,14,13,17" rate="1975.30,1903.27,1939.01,2029.03" sx="M,M,M,M"/><TAIKYOKU oya="0"/><INIT seed="0,0,0,5,5,96" ten="250,250,250,250" oya="0" hai0="112,58,29,89,84,23,2,44,17,61,51,108,48" hai1="21,133,135,53,103,18,45,101,122,70,131,0,32" hai2="24,6,100,106,92,99,97,134,113,67,88,64,74" hai3="73,127,102,130,3,37,11,119,36,8,129,71,34"/><T109/><D2/><U62/><E122/><V31/><F113/><W125/><G73/><T81/><D29/><U93/><E32/><V118/><F134/><N who="1" m="51209" /><E0/><V10/><F74/><W91/><G91/><T14/><D112/><U12/><E131/><N who="3" m="50186" /><G119/><T79/><D79/><U5/><E5/><V16/><F118/><W65/><G34/><T63/><D51/><N who="1" m="28911" /><E93/><V114/><F114/><W104/><G65/><AGARI ba="0,0" hai="12,18,21,62,65,70,101,103" m="28911,51209" machi="65" ten="30,3900,0" yaku="20,1,52,2" doraHai="96" who="1" fromWho="3" sc="250,0,250,39,250,0,250,-39" /><INIT seed="1,0,0,3,0,48" ten="250,289,250,211" oya="1" hai0="27,72,43,57,98,112,122,100,135,75,121,31,60" hai1="96,104,107,129,16,28,94,105,9,37,131,114,58" hai2="44,124,109,68,66,76,51,120,21,7,134,59,130" hai3="70,6,116,82,10,11,113,54,84,126,55,32,49"/><U12/><E114/><V1/><F68/><W20/><G32/><T63/><D112/><U36/><E28/><V106/><F106/><W22/><G70/><T99/><D43/><U111/><E111/><V64/><F76/><W110/><G113/><T119/><D119/><U95/><E95/><V15/><F1/><W81/><G126/><T47/><D47/><U92/><E92/><V132/><F21/><N who="3" m="8299" /><G110/><T69/><D135/><N who="2" m="51754" /><F15/><N who="3" m="5591" /><G116/><T45/><D45/><U91/><REACH who="1" step="1"/><E58/><REACH who="1" ten="250,279,250,211" step="2"/><V35/><F59/><N who="3" m="33231" /><G82/><T93/><D69/><U101/><E101/><V89/><F109/><W26/><G26/><T19/><D31/><U80/><E80/><V123/><F120/><W33/><G33/><T133/><D133/><U0/><E0/><V8/><F123/><W14/><G81/><T53/><D100/><U30/><E30/><V18/><F124/><W77/><G84/><T65/><D93/><U127/><E127/><V97/><F35/><W62/><G77/><T5/><D27/><U90/><E90/><V50/><F89/><W3/><G3/><T61/><D121/><U108/><E108/><V17/><F97/><W117/><G117/><T56/><D122/><U85/><E85/><V118/><F118/><W67/><G14/><T71/><D99/><U83/><E83/><V103/><F103/><W87/><G87/><T79/><D98/><U34/><E34/><V86/><F86/><W102/><G102/><T42/><D71/><U39/><AGARI ba="0,1" hai="9,12,16,36,37,39,91,94,96,104,105,107,129,131" machi="39" ten="40,12000,1" yaku="1,1,0,1,54,1,53,2" doraHai="48" doraHaiUra="125" who="1" fromWho="1" sc="250,-40,279,130,250,-40,211,-40" /><INIT seed="1,1,0,4,1,21" ten="210,409,210,171" oya="1" hai0="109,125,117,59,57,123,35,121,58,33,115,93,65" hai1="74,88,61,10,63,32,100,41,54,11,27,133,6" hai2="39,95,23,34,75,8,20,29,26,3,120,70,45" hai3="38,119,18,84,103,73,53,98,25,80,7,40,68"/><U97/><E74/><V79/><F70/><W47/><G68/><T0/><D0/><U44/><E133/><V105/><F105/><W1/><G119/><T12/><D12/><U131/><E131/><V16/><F120/><N who="0" m="46154" /><D125/><U127/><E127/><V104/><F104/><W111/><G111/><T126/><D126/><U37/><E100/><V135/><F135/><W85/><G53/><T78/><D78/><U124/><E124/><V86/><F75/><W22/><G7/><T81/><D81/><U82/><E54/><V76/><F79/><W15/><G1/><T67/><D109/><U89/><E10/><V9/><F39/><W17/><G73/><T49/><D115/><U69/><E69/><V110/><F110/><W28/><G80/><T101/><D117/><U107/><E107/><V92/><F45/><W99/><G18/><T129/><D129/><U13/><E89/><V62/><F62/><W50/><G38/><T2/><D2/><U134/><E134/><V19/><F9/><W83/><G103/><T90/><D101/><U36/><E36/><V130/><F130/><W112/><G112/><T31/><D49/><U116/><E116/><V52/><F3/><W46/><G46/><T51/><D51/><U43/><E43/><V72/><F72/><W113/><G113/><T60/><D60/><U5/><E5/><V42/><F76/><N who="3" m="46183" /><G85/><N who="0" m="52431" /><D35/><U71/><E71/><V132/><F132/><W128/><G128/><T114/><D114/><U48/><E37/><V56/><F34/><W102/><G102/><T64/><D33/><U30/><E82/><V24/><F8/><RYUUKYOKU ba="1,0" sc="210,10,409,10,210,-30,171,10" hai0="31,57,58,59,64,65,67" hai1="6,11,13,27,30,32,41,44,48,61,63,88,97" hai3="15,17,22,25,28,40,47,50,98,99" /><INIT seed="1,2,0,5,0,14" ten="220,419,180,181" oya="1" hai0="44,9,88,84,6,83,95,0,21,131,128,92,73" hai1="15,75,69,41,113,25,102,10,2,37,129,34,54" hai2="40,36,4,66,26,58,81,18,89,79,11,12,85" hai3="97,59,122,104,62,127,39,48,3,8,80,100,16"/><U116/><E113/><V121/><F121/><W110/><G122/><T91/><D73/><U46/><E116/><V65/><F36/><W112/><G39/><T60/><D60/><U13/><E75/><V86/><F40/><W101/><G110/><T33/><D33/><U120/><E120/><V5/><F58/><W107/><G127/><T55/><D83/><U38/><E38/><V68/><F68/><W31/><G31/><T114/><D114/><U103/><E69/><V57/><F57/><W52/><G112/><T98/><D55/><U82/><E82/><V123/><F123/><W7/><G80/><T77/><D77/><U72/><E72/><V90/><F89/><W1/><G1/><T23/><REACH who="0" step="1"/><D44/><REACH who="0" ten="210,419,180,181" step="2"/><U29/><E54/><V51/><F66/><W130/><G62/><T111/><D111/><U109/><E109/><V96/><F65/><W118/><G118/><T78/><D78/><U125/><E125/><V135/><F79/><W99/><G130/><AGARI ba="2,1" hai="0,6,9,21,23,84,88,91,92,95,98,128,130,131" machi="130" ten="40,5200,0" yaku="1,1,19,1,54,1,53,0" doraHai="14" doraHaiUra="64" who="0" fromWho="3" sc="210,68,419,0,180,0,181,-58" /><INIT seed="2,0,0,5,1,105" ten="278,419,180,123" oya="2" hai0="88,104,120,6,71,54,48,128,98,26,17,8,73" hai1="46,24,82,72,118,117,87,84,16,40,0,68,110" hai2="35,129,10,45,39,19,119,52,80,44,63,122,112" hai3="131,101,7,9,134,3,56,1,65,97,107,125,78"/><V55/><F35/><W93/><G131/><T38/><D38/><U2/><E68/><V132/><F119/><W25/><G134/><T135/><D71/><U113/><E113/><V42/><F112/><W126/><G3/><T99/><D128/><U11/><E110/><V50/><F129/><W62/><G78/><T21/><D135/><U47/><E24/><V58/><F132/><W60/><G60/><T91/><D120/><U90/><E11/><V49/><F122/><W86/><G86/><T67/><D67/><U124/><E124/><V36/><F80/><W100/><G100/><T28/><D73/><U12/><E12/><V34/><REACH who="2" step="1"/><F34/><REACH who="2" ten="278,419,170,123" step="2"/><W37/><G126/><T31/><D104/><U29/><E82/><V94/><F94/><W96/><G125/><T116/><D116/><U23/><E118/><V66/><F66/><W70/><G107/><T33/><D33/><U133/><E133/><V108/><F108/><W64/><G64/><T41/><D41/><U121/><E40/><V83/><F83/><W130/><G70/><T74/><D74/><U30/><E121/><V69/><F69/><W27/><G130/><T77/><D77/><U76/><E76/><V59/><F59/><W95/><G37/><T53/><D53/><U20/><E117/><V81/><F81/><W109/><G109/><T5/><D54/><U79/><E79/><V111/><F111/><W32/><G32/><T123/><D123/><U14/><E72/><V115/><F115/><W15/><G1/><T18/><D99/><U61/><E0/><V43/><F43/><W57/><G57/><RYUUKYOKU ba="0,1" sc="278,-15,419,-15,170,15,123,15" hai2="10,19,36,39,42,44,45,49,50,52,55,58,63" hai3="7,9,15,25,27,56,62,65,93,95,96,97,101" /><INIT seed="2,1,1,0,4,97" ten="263,404,185,138" oya="2" hai0="46,60,101,111,78,31,65,57,45,4,43,16,71" hai1="49,131,40,84,19,63,122,18,55,118,105,62,133" hai2="114,94,106,124,113,126,54,24,116,88,119,53,17" hai3="91,127,123,85,0,117,98,81,92,28,83,20,107"/><V13/><F106/><W70/><G0/><T74/><D111/><U25/><E118/><V6/><F116/><W66/><G117/><T108/><D108/><U129/><E40/><V75/><F75/><W80/><G123/><T2/><D31/><U130/><E105/><V14/><F119/><W33/><G127/><N who="2" m="48681" /><F24/><W132/><G132/><T36/><D46/><U104/><E104/><V5/><F13/><W102/><G20/><T110/><D110/><U99/><E99/><N who="2" m="57799" /><F53/><W77/><G28/><T32/><D32/><U59/><E133/><V67/><F67/><W100/><G33/><T95/><D16/><N who="1" m="6187" /><E122/><V50/><F50/><W11/><G11/><N who="0" m="2455" /><D57/><U44/><E25/><V79/><F79/><W89/><G66/><T134/><D134/><U76/><E44/><V8/><F54/><W29/><G29/><T64/><D64/><U48/><E48/><V109/><F109/><W47/><G47/><T10/><D10/><U135/><E135/><V87/><F87/><N who="3" m="50407" /><G107/><T56/><D56/><U23/><E23/><V86/><F86/><N who="3" m="48431" /><G70/><T42/><D42/><U120/><E120/><V21/><F8/><W58/><G58/><T26/><D26/><U37/><E37/><V39/><F39/><W128/><G128/><T93/><D74/><U15/><E15/><V72/><F72/><W121/><G121/><T73/><D73/><U7/><E7/><AGARI ba="1,1" hai="5,6,7,14,17,21,113,114" m="57799,48681" machi="7" ten="30,2900,0" yaku="18,1,54,1" doraHai="97" who="2" fromWho="1" sc="263,0,404,-32,185,42,138,0" /><INIT seed="2,2,0,2,3,107" ten="263,372,227,138" oya="2" hai0="96,11,15,4,68,45,28,104,121,46,85,99,132" hai1="95,39,82,123,105,30,26,112,5,0,66,74,20" hai2="103,27,59,6,13,77,9,92,35,126,128,73,8" hai3="86,106,75,16,133,109,7,10,52,14,48,38,29"/><V119/><F119/><W84/><G38/><T12/><D132/><U41/><E105/><V88/><F126/><W34/><G106/><T134/><D134/><U70/><E112/><V55/><F128/><W19/><G75/><T31/><D68/><U127/><E95/><V64/><F103/><W17/><G133/><T53/><D121/><U43/><E123/><V125/><F125/><W76/><G109/><T93/><D104/><U124/><E66/><V118/><F118/><W1/><G76/><T54/><D85/><U24/><E70/><V47/><F64/><W49/><G49/><T65/><D65/><U89/><E89/><V36/><F36/><W108/><G108/><T44/><D12/><U42/><E26/><V25/><F47/><W71/><G71/><T113/><D113/><U22/><E20/><V91/><F91/><W98/><G98/><N who="0" m="37419" /><D93/><U57/><E57/><V58/><F58/><W51/><G51/><T115/><D115/><U3/><E39/><V72/><F77/><W21/><G86/><T40/><D40/><U2/><E5/><V37/><F37/><W131/><G84/><T130/><D130/><U100/><E100/><V83/><F83/><W61/><G131/><T90/><D90/><U114/><E114/><V79/><F79/><W80/><G80/><T87/><D87/><U32/><E32/><V111/><F111/><W56/><G48/><T23/><D23/><U120/><E120/><V81/><F81/><W62/><G62/><T102/><D102/><U135/><E135/><V94/><F35/><W116/><G116/><T117/><D117/><RYUUKYOKU ba="2,0" sc="263,10,372,10,227,-30,138,10" hai0="4,11,15,28,31,44,45,46,53,54" hai1="0,2,3,22,24,30,41,42,43,74,82,124,127" hai3="1,7,10,14,16,17,19,21,29,34,52,56,61" /><INIT seed="3,3,0,0,5,45" ten="273,382,197,148" oya="3" hai0="59,77,10,13,64,21,65,118,51,131,72,83,135" hai1="109,86,22,9,133,42,96,102,19,107,74,6,81" hai2="85,49,54,90,37,116,104,119,122,126,8,98,11" hai3="132,71,33,93,17,18,101,5,120,123,108,39,78"/><W15/><G71/><T82/><D118/><U124/><E109/><V3/><F37/><W16/><G39/><T92/><D135/><U84/><E124/><V40/><F126/><W43/><G78/><T46/><D21/><U112/><E112/><V100/><F122/><W114/><G43/><T105/><D105/><U52/><E42/><V62/><F40/><W60/><G60/><T7/><D131/><U70/><E70/><V117/><F3/><W80/><G80/><T32/><D32/><U34/><E34/><V110/><F62/><W97/><G114/><T134/><D59/><U2/><E133/><V69/><F69/><W24/><G132/><T4/><D4/><U26/><E74/><V91/><F110/><W20/><G108/><T50/><D92/><U79/><E79/><V56/><REACH who="2" step="1"/><F91/><REACH who="2" ten="273,382,187,148" step="2"/><W53/><G123/><T57/><D134/><U76/><E76/><V103/><F103/><W87/><G120/><T115/><D115/><U67/><E67/><N who="0" m="25673" /><D77/><U66/><E66/><V27/><F27/><W111/><G111/><T28/><D72/><U25/><E26/><V113/><F113/><W38/><G38/><T99/><D13/><U35/><E35/><V125/><F125/><W128/><G33/><T68/><D68/><U0/><E0/><V58/><F58/><W48/><G128/><T106/><D57/><U127/><E127/><V95/><AGARI ba="3,1" hai="8,11,49,54,56,85,90,95,98,100,104,116,117,119" machi="95" ten="30,7900,0" yaku="1,1,0,1,52,1,53,1" doraHai="45" doraHaiUra="88" who="2" fromWho="2" sc="273,-23,382,-23,187,98,148,-42" /><INIT seed="4,0,0,0,3,56" ten="250,359,285,106" oya="0" hai0="52,32,57,85,12,82,30,84,8,110,135,11,44" hai1="97,2,93,109,70,106,45,66,118,29,3,48,19" hai2="120,90,53,123,126,24,4,68,113,111,127,132,131" hai3="129,38,73,54,20,21,62,81,31,95,28,33,128"/><T18/><D135/><U49/><E118/><V96/><F4/><W40/><G95/><T103/><D103/><U71/><E106/><V51/><F24/><W117/><G40/><T1/><D110/><U88/><E29/><V58/><F96/><W9/><G38/><T46/><D32/><U99/><E99/><V17/><F17/><W63/><G54/><T41/><D30/><N who="3" m="11305" /><G9/><T77/><D85/><U15/><E49/><V22/><F22/><N who="3" m="8811" /><G117/><T133/><D133/><U13/><E70/><V72/><F72/><W98/><G98/><T121/><D121/><N who="2" m="46666" /><F90/><W64/><G64/><T79/><D79/><U34/><E34/><V78/><F78/><N who="3" m="44239" /><G33/><T61/><REACH who="0" step="1"/><D41/><REACH who="0" ten="240,359,285,106" step="2"/><U23/><E109/><V107/><F111/><W0/><G0/><T74/><D74/><U89/><E89/><V86/><F86/><W91/><G91/><T10/><D10/><U60/><E13/><V80/><F132/><W125/><G125/><T134/><D134/><U124/><E124/><V67/><F126/><W6/><G6/><AGARI ba="0,1" hai="1,6,8,11,12,18,44,46,52,57,61,77,82,84" machi="6" ten="40,12000,1" yaku="1,1,52,1,54,1,53,1" doraHai="56" doraHaiUra="59" who="0" fromWho="3" sc="240,130,359,0,285,0,106,-120" owari="370,46.0,359,16.0,285,-11.0,-14,-51.0" /></mjloggm>