<mjloggm ver="2.3"><GO type="41" lobby="0"/><UN n0="%E5%A5%A5%33" n1="%74%2D%72%61%6E%72%61%6E" n2="%E2%93%9D%53%75%70%68%78" n3="%64%64%32%30%30%35%64%64" dan="13,13,18,13" rate="1853.75,1880.38,2122.42,1901.20" sx="M,M,M,M"/><TAIKYOKU oya="0"/><INIT seed="0,0,0,2,4,63" ten="250,250,250,250" oya="0" hai0="20,104,133,62,131,22,28,53,11,27,29,107,16" hai1="43,113,75,89,130,99,61,90,8,76,121,30,132" hai2="127,126,110,40,3,38,17,19,37,2,49,69,41" hai3="103,119,55,92,71,70,84,97,58,86,72,9,13"/><T134/><D131/><U91/><E30/><V83/><F83/><W25/><G72/><T129/><D129/><U59/><E121/><V78/><F49/><W39/><G39/><N who="2" m="14857" /><F78/><W74/><G74/><T7/><D107/><U98/><E130/><V73/><F73/><W14/><G25/><N who="0" m="16423" /><D104/><U32/><E32/><V100/><F100/><W6/><G119/><T54/><D62/><U111/><E43/><N who="2" m="16459" /><F69/><W81/><G14/><N who="0" m="9495" /><D54/><U42/><E113/><V33/><F33/><W12/><G12/><N who="0" m="5247" /><D53/><U106/><E111/><V114/><F110/><W112/><G112/><T125/><D125/><N who="2" m="47626" /><F114/><W102/><G102/><T26/><D29/><U94/><E106/><V24/><F24/><AGARI ba="0,0" hai="24,26,27,133,134" m="5247,9495,16423" machi="24" ten="30,5800,0" yaku="34,2,54,1" doraHai="63" who="0" fromWho="2" sc="250,58,250,0,250,-58,250,0" /><INIT seed="0,1,0,1,1,81" ten="308,250,192,250" oya="0" hai0="36,71,84,89,18,12,119,106,117,77,83,50,4" hai1="28,64,69,118,100,132,10,114,21,58,94,107,101" hai2="26,126,68,2,40,95,8,38,3,120,62,47,9" hai3="135,76,131,90,130,113,116,15,55,57,31,1,87"/><T5/><D36/><U98/><E118/><V127/><F120/><W7/><G1/><T25/><D71/><U128/><E69/><V22/><F95/><W37/><G37/><T32/><D106/><U93/><E114/><V46/><F68/><W53/><G113/><T133/><D133/><U49/><E132/><V96/><F96/><W42/><G116/><T73/><D50/><U20/><E128/><N who="3" m="49194" /><G135/><T35/><D35/><U13/><E107/><V82/><F62/><W111/><G76/><T45/><D45/><U29/><E49/><V75/><F47/><W48/><G111/><T61/><D61/><N who="1" m="37943" /><E93/><V43/><F43/><W125/><G125/><N who="2" m="47625" /><F3/><W122/><G122/><T80/><D119/><U134/><E134/><V39/><F39/><W105/><G105/><T51/><D51/><U97/><E97/><V103/><F2/><W85/><G31/><N who="1" m="11850" /><E101/><V115/><F103/><W52/><G42/><T109/><D109/><U79/><E79/><N who="2" m="44415" /><F115/><W88/><G15/><T34/><D117/><U56/><E56/><V17/><AGARI ba="1,0" hai="8,9,17,22,26,38,40,46" m="44415,47625" machi="17" ten="30,1100,0" yaku="18,1" doraHai="81" who="2" fromWho="2" sc="308,-6,250,-4,192,14,250,-4" /><INIT seed="1,0,0,1,5,99" ten="302,246,206,246" oya="1" hai0="122,13,73,2,110,11,76,105,61,21,72,54,4" hai1="27,31,29,70,85,22,34,81,133,40,96,121,129" hai2="130,107,0,20,94,39,79,95,47,118,23,1,87" hai3="41,16,115,74,8,77,9,38,6,135,66,80,26"/><U106/><E70/><V125/><F107/><W37/><G115/><T109/><D122/><U112/><E121/><V102/><F130/><W60/><G135/><T123/><D123/><U89/><E112/><V36/><F87/><W59/><G41/><T43/><D43/><U68/><E68/><V18/><F79/><W3/><G26/><T32/><D32/><U12/><E133/><V91/><F91/><W57/><REACH who="3" step="1"/><G57/><REACH who="3" ten="302,246,206,236" step="2"/><T108/><D105/><U5/><E129/><V103/><F47/><W119/><G119/><T100/><D73/><U51/><E106/><V114/><F114/><W56/><G56/><T134/><D134/><U116/><E116/><V86/><F118/><W14/><AGARI ba="0,1" hai="3,6,8,9,14,16,37,38,59,60,66,74,77,80" machi="14" ten="30,4000,0" yaku="1,1,0,1,54,1,53,0" doraHai="99" doraHaiUra="84" who="3" fromWho="3" sc="302,-10,246,-20,206,-10,236,50" /><INIT seed="2,0,0,0,1,43" ten="292,226,196,286" oya="2" hai0="100,64,107,83,2,128,115,74,37,38,116,26,11" hai1="46,48,119,12,123,68,31,55,3,95,110,71,61" hai2="42,47,32,70,85,57,134,79,117,5,99,33,122" hai3="104,34,87,8,92,54,96,93,72,41,73,108,24"/><V80/><F117/><W67/><G67/><T21/><D116/><U98/><E3/><V17/><F70/><W45/><G54/><T62/><D115/><U27/><E119/><V90/><F122/><W102/><G8/><T44/><D128/><U89/><E123/><V113/><F134/><W91/><G24/><T126/><D126/><U86/><E110/><V9/><F17/><W84/><G34/><T29/><D100/><U121/><E121/><V10/><F10/><W14/><G14/><T0/><D107/><U124/><E124/><V50/><F113/><W114/><G114/><T6/><D2/><U82/><E61/><V127/><F57/><W23/><G23/><T133/><D133/><U135/><E135/><V109/><F109/><W15/><G15/><T69/><REACH who="0" step="1"/><D44/><REACH who="0" ten="282,226,196,286" step="2"/><U13/><E71/><V52/><F127/><W40/><G108/><T4/><D4/><U118/><E118/><V77/><F33/><W22/><G45/><T39/><D39/><U130/><E68/><V105/><F32/><W132/><G132/><T75/><D75/><U60/><E130/><V18/><F42/><W76/><G73/><T97/><D97/><U25/><E25/><V66/><F5/><W103/><G72/><T63/><D63/><U111/><E111/><V65/><F105/><W94/><G104/><T7/><D7/><U78/><REACH who="1" step="1"/><E60/><REACH who="1" ten="282,216,196,286" step="2"/><V88/><F50/><W36/><G36/><T129/><D129/><U1/><E1/><V49/><F49/><W56/><G41/><T58/><D58/><U51/><E51/><V28/><F47/><W35/><G56/><RYUUKYOKU ba="0,2" sc="282,15,216,15,196,-15,286,-15" hai0="0,6,11,21,26,29,37,38,62,64,69,74,83" hai1="12,13,27,31,46,48,55,78,82,86,89,95,98" /><INIT seed="3,1,2,0,4,7" ten="297,231,181,271" oya="3" hai0="26,97,95,16,51,17,113,29,23,100,66,122,13" hai1="126,70,57,77,102,78,108,130,91,118,110,48,76" hai2="99,9,87,112,92,59,43,25,117,65,89,60,22" hai3="109,67,88,0,50,133,58,11,103,28,105,81,85"/><W34/><G133/><T47/><D122/><U106/><E70/><V75/><F112/><W72/><G72/><T86/><D113/><U62/><E57/><V41/><F75/><W39/><G39/><T2/><D2/><U63/><E48/><V1/><F117/><W82/><G34/><T38/><D38/><U69/><E69/><V135/><F135/><W46/><G28/><T111/><D111/><N who="1" m="42539" /><E63/><V131/><F131/><W64/><G109/><T56/><D86/><U115/><E62/><V33/><F33/><W40/><G82/><T10/><D66/><U30/><E30/><V121/><F121/><W120/><G120/><T94/><D56/><U124/><E115/><V73/><F73/><W98/><REACH who="3" step="1"/><G58/><REACH who="3" ten="297,231,181,261" step="2"/><T19/><REACH who="0" step="1"/><D94/><REACH who="0" ten="287,231,181,261" step="2"/><U45/><E118/><V35/><F59/><W127/><G127/><N who="1" m="48682" /><E45/><V3/><F92/><W14/><G14/><T52/><AGARI ba="1,4" hai="10,13,16,17,19,23,26,29,47,51,52,95,97,100" machi="52" ten="20,16000,3" yaku="1,1,0,1,7,1,8,1,52,1,54,2,53,1" doraHai="7" doraHaiUra="42" who="0" fromWho="0" sc="287,203,231,-41,181,-41,261,-81" /><INIT seed="4,0,0,2,1,41" ten="490,190,140,180" oya="0" hai0="96,56,54,30,9,114,61,18,89,14,73,45,127" hai1="49,62,59,98,92,4,37,107,27,94,75,134,128" hai2="1,36,106,11,103,64,6,91,82,69,63,57,60" hai3="119,76,110,104,125,72,21,43,120,19,80,20,83"/><T135/><D114/><U38/><E75/><V58/><F36/><W28/><G119/><T17/><D135/><U113/><E134/><V13/><F106/><W33/><G104/><T131/><D131/><U116/><E128/><V66/><F103/><W102/><G110/><T68/><D127/><U2/><E116/><V105/><F105/><W3/><G3/><T126/><D126/><U70/><E70/><V109/><F109/><W78/><G125/><T71/><D73/><U90/><E113/><V52/><F1/><W10/><G102/><T0/><D0/><U95/><E2/><V97/><F69/><W85/><G120/><T46/><D30/><U40/><E4/><V39/><F39/><W24/><G43/><T44/><REACH who="0" step="1"/><D18/><REACH who="0" ten="480,190,140,180" step="2"/><U77/><E107/><V99/><REACH who="2" step="1"/><F66/><REACH who="2" ten="480,190,130,180" step="2"/><W123/><G123/><T81/><D81/><U65/><E37/><V118/><F118/><W7/><G80/><T51/><D51/><U130/><E38/><V12/><F12/><W122/><G122/><T15/><D15/><U34/><E130/><V29/><F29/><W8/><G28/><T26/><D26/><U100/><E27/><V22/><F22/><W47/><G20/><T88/><D88/><U53/><E34/><V79/><F79/><W74/><G78/><T124/><D124/><U117/><E77/><V32/><F32/><W86/><G76/><T132/><D132/><U25/><E25/><V84/><AGARI ba="0,2" hai="6,11,13,52,57,58,60,63,64,82,84,91,97,99" machi="84" ten="30,7900,0" yaku="1,1,0,1,8,1,54,1,53,0" doraHai="41" doraHaiUra="129" who="2" fromWho="2" sc="480,-39,190,-20,130,99,180,-20" /><INIT seed="5,0,0,1,4,97" ten="441,170,229,160" oya="1" hai0="60,14,75,70,112,102,5,95,124,0,6,62,34" hai1="2,38,78,19,39,12,43,8,22,1,37,72,118" hai2="69,86,80,17,98,116,55,49,73,20,63,135,35" hai3="13,54,125,48,134,122,121,119,120,64,9,90,103"/><U111/><E118/><V126/><F35/><W129/><G64/><T88/><D75/><U25/><E111/><V108/><F73/><W123/><N who="3" m="30720" /><DORA hai="28" /><W7/><G119/><T96/><D112/><U23/><E43/><V59/><F135/><W42/><G134/><T130/><D130/><U16/><REACH who="1" step="1"/><E8/><REACH who="1" ten="441,160,229,160" step="2"/><V65/><F108/><W71/><G129/><T77/><D124/><U50/><E50/><V24/><F116/><W15/><G125/><T41/><D41/><U133/><E133/><V11/><F126/><W105/><G42/><T100/><D34/><U117/><E117/><V18/><F11/><W46/><G71/><T31/><D0/><U85/><E85/><V74/><F74/><W132/><G132/><T68/><D68/><U29/><E29/><V67/><F69/><W113/><G113/><T99/><D70/><U128/><E128/><V81/><F86/><W83/><G105/><T36/><D31/><U58/><E58/><V33/><F59/><W109/><G109/><T21/><D36/><U4/><E4/><V82/><F49/><W91/><G9/><T89/><D6/><U115/><E115/><V53/><F33/><W61/><G7/><T10/><D21/><U104/><E104/><V94/><F18/><W47/><G48/><T110/><D110/><U76/><E76/><V32/><F32/><W27/><G54/><N who="2" m="20489" /><F63/><N who="0" m="24106" /><D77/><U26/><E26/><V84/><F84/><W57/><G57/><T44/><D44/><U30/><E30/><V40/><F40/><W114/><G47/><T93/><AGARI ba="0,1" hai="5,10,14,88,89,93,95,96,99,100,102" m="24106" machi="93" ten="30,7900,0" yaku="8,1,52,2,54,1" doraHai="97,28" who="0" fromWho="0" sc="441,89,160,-39,229,-20,160,-20" /><INIT seed="6,0,0,3,2,42" ten="530,121,209,140" oya="2" hai0="65,107,110,85,106,118,73,48,78,122,21,87,64" hai1="27,126,57,61,135,60,29,67,37,94,59,26,5" hai2="63,32,1,79,74,12,132,3,108,92,30,69,120" hai3="116,93,66,51,36,46,133,130,88,53,0,70,6"/><V127/><F120/><W22/><G116/><T117/><D110/><U58/><E126/><V89/><F132/><W54/><G133/><T115/><D122/><U11/><E135/><V111/><F12/><W40/><G130/><T49/><D115/><U109/><E37/><V105/><F105/><N who="0" m="39946" /><D21/><U17/><E109/><V56/><F79/><W95/><G22/><T90/><D78/><U41/><E41/><V131/><F69/><W38/><G95/><T45/><D73/><U134/><E134/><V14/><F92/><W20/><G20/><T50/><D45/><U52/><E17/><V83/><F74/><W35/><G35/><T119/><D90/><U18/><E18/><V15/><F89/><W99/><G6/><T4/><D4/><U129/><E129/><V9/><F32/><W100/><G0/><T121/><D121/><U113/><E113/><V43/><F3/><W24/><G24/><T77/><D77/><U28/><E94/><V84/><F1/><W25/><G25/><T97/><D97/><U101/><E101/><V62/><F111/><W34/><G34/><T104/><D104/><U10/><E5/><V124/><F108/><W123/><G123/><T47/><D47/><U13/><E13/><V2/><F15/><W68/><G100/><T125/><D125/><U23/><REACH who="1" step="1"/><E59/><REACH who="1" ten="530,111,209,140" step="2"/><V39/><F127/><W96/><G70/><T7/><D7/><U128/><E128/><V33/><F131/><W31/><G68/><T82/><D82/><U75/><E75/><V16/><F124/><W102/><G40/><T112/><D112/><U19/><E19/><RYUUKYOKU ba="0,1" sc="530,15,111,15,209,-15,140,-15" hai0="48,49,50,64,65,85,87,117,118,119" hai1="10,11,23,26,27,28,29,52,57,58,60,61,67" /><INIT seed="7,1,1,2,4,81" ten="545,126,194,125" oya="3" hai0="79,117,34,1,48,13,71,2,58,97,29,5,112" hai1="60,12,18,61,66,129,128,51,92,119,118,111,127" hai2="22,134,68,108,23,47,114,45,91,98,16,110,35" hai3="109,53,59,82,113,62,77,102,50,40,33,124,52"/><W28/><G113/><T9/><D71/><N who="1" m="42439" /><E92/><V101/><F35/><W105/><G124/><T132/><D117/><N who="1" m="44555" /><E12/><V88/><F68/><W67/><G109/><T41/><D13/><U135/><E18/><V72/><F72/><W55/><G33/><T84/><D112/><U25/><E25/><V96/><F114/><W86/><G28/><T31/><D58/><U30/><E30/><V63/><F101/><W26/><G26/><T94/><D132/><U87/><E87/><V69/><F69/><W70/><REACH who="3" step="1"/><G40/><REACH who="3" ten="545,126,194,115" step="2"/><T85/><D31/><U100/><E111/><V80/><F110/><W36/><G36/><T125/><D29/><U46/><E127/><V65/><F108/><W78/><G78/><T74/><D34/><U32/><E32/><V93/><F134/><W49/><G49/><T39/><D79/><U43/><E100/><V44/><F91/><W42/><G42/><T126/><D48/><U95/><E135/><V75/><F88/><W122/><G122/><T37/><D41/><U27/><E27/><V104/><F23/><W133/><G133/><T0/><D39/><U116/><N who="1" m="44563" /><U64/><DORA hai="17" /><E95/><V99/><F93/><W11/><G11/><T21/><D37/><U106/><E106/><V107/><F107/><W19/><G19/><T73/><D125/><U3/><E3/><V10/><F104/><W131/><G131/><T14/><D0/><U89/><E89/><V15/><F10/><W8/><G8/><T90/><D1/><U7/><E7/><V120/><F16/><W20/><G20/><T57/><D126/><U4/><E4/><RYUUKYOKU ba="1,2" sc="545,-15,126,15,194,-15,115,15" hai1="43,46,51,61,64,128,129" hai3="50,52,53,55,59,62,67,70,77,82,86,102,105" /><INIT seed="7,2,2,3,2,110" ten="530,141,179,130" oya="3" hai0="127,63,76,83,66,116,69,98,79,125,56,134,35" hai1="61,9,42,91,53,14,102,41,104,130,108,111,89" hai2="8,11,22,59,55,107,32,71,29,85,46,30,38" hai3="96,88,94,48,34,24,82,70,20,105,62,16,75"/><W58/><G70/><T84/><D116/><U113/><E130/><V106/><F32/><W5/><G34/><T67/><D35/><U17/><E111/><V65/><F107/><W114/><G114/><T23/><D134/><U49/><E108/><V119/><F106/><W122/><G122/><T64/><D69/><U123/><E123/><V115/><F115/><W31/><G105/><T124/><D23/><U33/><E33/><V80/><F38/><W28/><G5/><T99/><D76/><U1/><E1/><V128/><F128/><W132/><G132/><T52/><AGARI ba="2,2" hai="52,56,63,64,66,67,79,83,84,98,99,124,125,127" machi="52" ten="40,5200,0" yaku="0,1,18,1,54,1" doraHai="110" who="0" fromWho="0" sc="530,78,141,-15,179,-15,130,-28" owari="608,71.0,126,-27.0,164,-4.0,102,-40.0" /></mjloggm>