<mjloggm ver="2.3"><GO type="41" lobby="0"/><UN n0="%E3%82%B9%E3%83%94%E3%83%BC%E3%83%89%E3%82%AD%E3%83%B3%E3%82%B0" n1="%74%2D%72%61%6E%72%61%6E" n2="%E2%93%9D%53%75%70%68%78" n3="%E9%A3%9B%E8%8B%B1%E7%89%B9" dan="13,13,18,13" rate="1922.54,1875.17,2129.26,1984.22" sx="M,M,M,F"/><TAIKYOKU oya="0"/><INIT seed="0,0,0,0,5,90" ten="250,250,250,250" oya="0" hai0="45,25,39,78,14,115,22,29,79,97,32,126,20" hai1="121,85,73,89,24,100,82,102,13,98,46,92,9" hai2="35,94,129,66,107,74,11,124,33,71,116,67,93" hai3="47,41,95,2,65,96,30,125,15,50,23,131,3"/><T40/><D126/><U4/><E121/><V83/><F107/><W0/><G125/><T87/><D115/><U128/><E128/><V72/><F124/><W34/><G131/><T53/><D87/><U56/><E56/><V132/><F129/><W6/><G65/><T69/><D69/><U120/><E120/><V130/><F130/><W109/><G109/><T37/><D37/><U122/><E122/><V26/><F11/><W44/><G34/><T36/><D36/><U103/><E46/><V64/><F26/><W111/><G111/><T108/><D108/><U60/><E60/><V80/><F67/><W61/><G61/><T119/><D119/><U75/><REACH who="1" step="1"/><E24/><REACH who="1" ten="250,240,250,250" step="2"/><V110/><F110/><W57/><G57/><T105/><D53/><U134/><E134/><V27/><F27/><W77/><G47/><T104/><D32/><U19/><E19/><V1/><F132/><W81/><G30/><T12/><D45/><U84/><E84/><V42/><F116/><W7/><G7/><T5/><D40/><U18/><E18/><V99/><F42/><W62/><G62/><T43/><D5/><U86/><E86/><V88/><F35/><W114/><G6/><T48/><D43/><U91/><AGARI ba="0,1" hai="4,9,13,73,75,82,85,89,91,92,98,100,102,103" machi="91" ten="30,4000,0" yaku="1,1,0,1,52,1,53,0" doraHai="90" doraHaiUra="55" who="1" fromWho="1" sc="250,-20,240,50,250,-10,250,-10" /><INIT seed="1,0,0,1,5,92" ten="230,290,240,240" oya="1" hai0="81,1,35,72,93,74,57,126,19,112,51,50,7" hai1="28,10,9,34,44,8,15,11,75,125,21,16,90" hai2="123,17,89,49,66,14,135,54,78,68,62,37,86" hai3="52,95,117,134,67,107,65,87,104,83,61,108,69"/><U56/><E75/><V53/><F135/><W85/><G108/><T113/><D35/><U2/><E44/><V118/><F118/><W80/><G134/><T22/><D126/><U99/><E99/><V77/><F37/><W110/><G117/><T36/><D36/><U105/><E105/><V71/><F71/><W88/><G110/><T4/><D93/><U64/><E64/><V127/><F54/><W45/><G67/><T5/><D1/><U116/><E56/><V39/><F123/><W41/><G87/><T82/><D22/><U6/><E90/><V120/><F127/><W133/><G133/><T29/><D19/><U46/><E46/><V131/><F131/><W115/><G115/><T91/><D57/><U3/><E116/><V13/><F13/><W76/><G83/><N who="0" m="31755" /><D91/><U43/><E43/><V124/><F120/><W132/><G132/><T84/><D29/><U100/><E100/><V31/><F31/><W128/><G128/><T114/><D84/><U121/><E121/><V12/><F124/><W101/><G101/><T26/><D26/><N who="1" m="18711" /><E125/><V25/><F89/><W58/><G69/><T47/><D47/><U59/><E59/><N who="2" m="33199" /><F39/><W119/><G119/><T70/><D70/><U32/><E32/><V97/><F86/><N who="3" m="48391" /><G65/><T63/><D63/><U103/><E103/><V73/><F73/><AGARI ba="0,0" hai="4,5,7,50,51,72,73,74,112,113,114" m="31755" machi="73" ten="40,2600,0" yaku="28,2" doraHai="92" who="0" fromWho="2" sc="230,26,290,0,240,-26,240,0" /><INIT seed="2,0,0,0,3,98" ten="256,290,214,240" oya="2" hai0="101,42,123,124,115,57,9,132,27,116,22,0,99" hai1="52,66,11,64,53,50,2,32,88,4,102,30,103" hai2="28,72,79,131,35,107,106,34,60,59,26,126,121" hai3="95,19,41,122,18,16,70,20,74,117,61,10,128"/><V21/><F121/><W83/><G122/><T91/><D123/><U118/><E118/><V89/><F131/><W119/><G128/><T54/><D115/><U81/><E32/><V63/><F126/><W111/><G111/><T125/><D42/><U48/><E30/><V114/><F114/><W38/><G10/><T130/><D130/><U127/><E127/><N who="0" m="48713" /><D91/><U112/><E112/><V67/><F89/><W97/><G41/><T36/><D36/><U82/><E2/><V29/><F21/><W8/><G38/><T37/><D37/><U133/><E133/><V14/><F14/><W62/><G8/><T33/><D33/><U3/><E3/><V68/><F59/><W25/><G70/><T15/><D0/><U51/><E4/><V129/><F63/><W85/><G74/><T109/><D132/><U87/><E11/><V39/><F129/><W44/><G44/><T90/><D90/><U5/><E5/><V31/><F39/><W96/><G119/><T43/><D43/><U86/><E48/><V94/><F94/><W84/><G95/><N who="0" m="58623" /><D109/><U6/><E6/><V134/><F134/><W58/><G117/><T1/><D1/><U17/><REACH who="1" step="1"/><E88/><REACH who="1" ten="256,280,214,240" step="2"/><V40/><F35/><W56/><G20/><T100/><D116/><U7/><E7/><V92/><F34/><W120/><G120/><T76/><D9/><U105/><E105/><V93/><F107/><W80/><G19/><AGARI ba="0,1" hai="17,19,50,51,52,53,64,66,81,82,86,87,102,103" machi="19" ten="25,16000,3" yaku="1,1,22,2,8,1,52,2,54,1,53,2" doraHai="98" doraHaiUra="49" who="1" fromWho="3" sc="256,0,280,170,214,0,240,-160" /><INIT seed="3,0,0,1,2,96" ten="256,450,214,80" oya="3" hai0="85,92,104,124,118,49,34,38,76,47,78,91,79" hai1="40,44,23,135,26,93,123,84,2,36,107,60,19" hai2="102,106,82,57,97,122,39,27,75,58,32,37,61" hai3="67,110,101,51,87,115,113,80,48,129,103,59,29"/><W7/><G129/><T66/><D34/><U81/><E123/><V83/><F122/><W18/><G110/><T90/><D38/><U130/><E130/><V41/><F58/><W86/><G7/><T133/><D66/><U46/><E135/><V65/><F41/><W10/><G29/><T119/><D47/><U62/><E107/><V108/><F108/><W114/><G10/><T4/><D49/><U35/><E2/><V12/><F12/><W8/><G8/><T15/><D15/><U131/><E131/><V132/><F132/><W121/><G121/><T77/><D4/><U94/><E35/><V126/><F126/><W69/><G69/><T116/><D133/><U117/><E117/><V13/><F13/><W100/><G18/><T72/><D104/><U68/><E68/><V21/><F32/><W53/><G67/><T45/><D91/><U24/><E46/><V1/><F1/><W20/><G20/><T71/><D45/><U98/><E26/><V128/><F128/><W31/><G31/><T25/><D25/><U9/><E9/><V11/><F11/><W73/><REACH who="3" step="1"/><G48/><REACH who="3" ten="256,450,214,70" step="2"/><T74/><D71/><U112/><E112/><V17/><F39/><W33/><G33/><T50/><D50/><U56/><E36/><V105/><F37/><W43/><G43/><T0/><D0/><U22/><E40/><V42/><F42/><W63/><G63/><T95/><D119/><U5/><E23/><V99/><F75/><W125/><G125/><T3/><D124/><U111/><E5/><V134/><F134/><W30/><G30/><T109/><D118/><RYUUKYOKU ba="0,1" sc="256,-15,450,-15,214,15,70,15" hai2="17,21,27,57,61,65,82,83,97,99,102,105,106" hai3="51,53,59,73,80,86,87,100,101,103,113,114,115" /><INIT seed="3,1,1,2,5,50" ten="241,435,229,85" oya="3" hai0="92,127,103,19,60,32,23,62,70,68,96,43,7" hai1="65,88,105,111,97,8,61,118,135,76,81,28,54" hai2="22,133,0,21,112,11,119,100,16,95,56,83,48" hai3="134,120,71,66,17,29,106,18,35,82,104,59,109"/><W72/><G120/><T123/><D32/><U73/><E118/><V69/><F69/><W126/><G126/><T125/><D123/><U9/><E111/><V5/><F112/><W34/><G109/><T84/><D43/><U46/><E135/><V86/><F22/><W44/><G134/><T114/><D7/><U13/><E28/><V38/><F38/><W42/><G35/><T131/><D131/><U129/><E129/><V10/><F119/><W26/><G59/><T113/><D84/><U87/><E105/><V99/><F133/><W63/><G18/><T27/><D62/><U124/><E124/><N who="0" m="47689" /><D60/><U89/><E97/><V12/><F0/><W25/><G25/><T55/><D55/><U14/><E65/><V33/><F33/><W52/><G52/><T57/><D57/><N who="1" m="34999" /><E46/><V51/><F56/><W93/><G17/><T102/><D102/><U101/><E101/><V67/><F67/><W116/><G116/><T77/><D77/><U91/><E73/><V122/><F122/><W41/><G41/><T4/><D4/><N who="1" m="3207" /><E91/><N who="2" m="51679" /><F5/><AGARI ba="1,1" hai="5,9,14,76,81,87,88,89" m="3207,34999" machi="5" ten="30,3900,0" yaku="8,1,52,1,54,1" doraHai="50" who="1" fromWho="2" sc="241,0,435,52,229,-42,85,0" /><INIT seed="4,0,0,3,3,4" ten="241,487,187,85" oya="0" hai0="18,25,116,92,65,42,90,106,85,34,88,87,67" hai1="19,28,64,12,108,73,95,61,109,3,124,8,44" hai2="66,50,13,89,105,31,133,54,47,24,45,33,80" hai3="129,79,110,15,2,41,30,60,39,103,70,102,127"/><T36/><D116/><U115/><E73/><V6/><F133/><W101/><G2/><T96/><D36/><U69/><E124/><V118/><F105/><W81/><G127/><T93/><D42/><U59/><E115/><V134/><F134/><W100/><N who="3" m="25600" /><DORA hai="75" /><W130/><G110/><T135/><D135/><U52/><E28/><V107/><F66/><W26/><G15/><T128/><D106/><U76/><E3/><V38/><F107/><W22/><G70/><T35/><D96/><U11/><E44/><V9/><F118/><W63/><G41/><T112/><D128/><U10/><E109/><V14/><F38/><W0/><G0/><T55/><D55/><U126/><E126/><V125/><F125/><W49/><G49/><T86/><D86/><U23/><E108/><V40/><F14/><W46/><G46/><T27/><REACH who="0" step="1"/><D18/><REACH who="0" ten="231,487,187,85" step="2"/><U1/><E1/><V97/><F40/><W94/><G39/><T20/><D20/><U72/><E95/><V99/><F47/><W113/><G94/><T21/><D21/><U77/><REACH who="1" step="1"/><E72/><REACH who="1" ten="231,477,187,85" step="2"/><V123/><F45/><W5/><G113/><AGARI ba="0,2" hai="25,27,34,35,65,67,85,87,88,90,92,93,112,113" machi="113" ten="25,18000,2" yaku="1,1,22,2,54,1,53,2" doraHai="4,75" doraHaiUra="131,29" who="0" fromWho="3" sc="231,200,477,0,187,0,85,-180" owari="431,23.0,477,58.0,187,-21.0,-95,-60.0" /></mjloggm>