<mjloggm ver="2.3"><GO type="41" lobby="0"/><UN n0="%E7%B5%A6%E6%B9%AF%E5%AE%A4%E5%AE%A4%E9%95%B7" n1="%E2%93%9D%53%75%70%68%78" n2="%E6%9C%88%E7%B5%90" n3="%E3%81%BF%E3%81%BF%E3%81%9A%E3%81%8F%E3%81%8F%E3%81%98%E3%82%83%E3%81%8F" dan="13,18,13,14" rate="1833.22,2081.99,1848.73,1978.38" sx="M,M,F,M"/><TAIKYOKU oya="0"/><INIT seed="0,0,0,4,0,39" ten="250,250,250,250" oya="0" hai0="68,44,34,96,124,70,132,6,21,94,66,31,80" hai1="24,9,126,129,106,53,37,91,5,76,87,12,14" hai2="18,133,3,48,88,13,56,59,54,58,108,52,92" hai3="71,4,104,78,25,50,32,110,123,128,113,64,111"/><T97/><D132/><U86/><E106/><V2/><F108/><W117/><G113/><T77/><D124/><U125/><E37/><V46/><F133/><W75/><G117/><T89/><D34/><U101/><E101/><V17/><F54/><W93/><G4/><T8/><D31/><U109/><E129/><V55/><F55/><W30/><G128/><T83/><D21/><U22/><E109/><V73/><F73/><W100/><G93/><T43/><D66/><U98/><E14/><V42/><F42/><W105/><G105/><T49/><D97/><U61/><E76/><V72/><F72/><W16/><G50/><T60/><D60/><U19/><E126/><V127/><F127/><W38/><G38/><T67/><D67/><U35/><E35/><V27/><F27/><W103/><G103/><T82/><REACH who="0" step="1"/><D77/><REACH who="0" ten="240,250,250,250" step="2"/><U130/><E125/><V121/><F121/><W131/><G123/><T51/><D51/><U85/><E130/><V40/><F48/><W47/><G131/><T15/><AGARI ba="0,1" hai="6,8,15,43,44,49,68,70,80,82,83,89,94,96" machi="15" ten="30,6000,0" yaku="1,1,0,1,52,1,53,0" doraHai="39" doraHaiUra="135" who="0" fromWho="0" sc="240,70,250,-20,250,-20,250,-20" /><INIT seed="0,1,0,5,5,44" ten="310,230,230,230" oya="0" hai0="81,105,48,28,68,134,93,13,72,30,3,119,66" hai1="38,112,77,133,132,122,94,117,79,78,131,51,97" hai2="92,128,52,45,42,61,76,23,70,0,57,110,95" hai3="109,100,120,65,85,53,35,2,91,55,29,56,80"/><T106/><D134/><N who="1" m="51819" /><E38/><V114/><F114/><W99/><G109/><T103/><D119/><U123/><E51/><N who="2" m="27063" /><F70/><W37/><G120/><N who="1" m="46122" /><E117/><V62/><F0/><W14/><G2/><T84/><D13/><U71/><E71/><V39/><F39/><W86/><G37/><T31/><D3/><U102/><E131/><V64/><F110/><W69/><G85/><T32/><D72/><U75/><E112/><V26/><F128/><W127/><G127/><T129/><D32/><U60/><E60/><N who="2" m="23147" /><F64/><W82/><G65/><T19/><D66/><U33/><E33/><V59/><F76/><W40/><G40/><T107/><D68/><U90/><E102/><V89/><F59/><W21/><G35/><T121/><D129/><U1/><E1/><V50/><F89/><W88/><G69/><T22/><D121/><U58/><E58/><V74/><F74/><AGARI ba="1,0" hai="74,75,77,78,79,90,94,97" m="46122,51819" machi="74" ten="40,5200,0" yaku="20,1,34,2" doraHai="44" who="1" fromWho="2" sc="310,0,230,55,230,-55,230,0" /><INIT seed="1,0,0,2,1,42" ten="310,285,175,230" oya="1" hai0="66,59,48,47,89,0,133,72,126,107,25,128,81" hai1="20,46,40,54,63,60,115,131,12,55,10,119,29" hai2="70,88,83,41,4,74,75,57,85,99,13,108,5" hai3="117,62,100,130,92,91,124,93,21,56,35,19,97"/><U50/><E115/><V64/><F70/><W86/><G130/><T87/><D133/><U77/><E119/><V49/><F108/><W80/><G124/><T52/><D126/><U17/><E131/><V65/><F99/><W34/><G117/><T94/><D128/><U36/><E77/><V32/><F32/><W30/><G30/><T51/><D0/><U9/><E55/><V98/><F75/><W69/><G69/><T1/><D1/><U135/><E135/><V76/><F98/><W45/><G80/><T53/><D66/><U84/><E84/><V38/><F38/><W111/><G111/><T26/><REACH who="0" step="1"/><D107/><REACH who="0" ten="300,285,175,230" step="2"/><U123/><E123/><V68/><F65/><W58/><G35/><T73/><D73/><U14/><E29/><V23/><F64/><W79/><G34/><T105/><D105/><U82/><E82/><V15/><F74/><W134/><G134/><T24/><D24/><U61/><REACH who="1" step="1"/><E14/><REACH who="1" ten="300,275,175,230" step="2"/><V8/><F83/><W67/><G67/><T78/><AGARI ba="0,2" hai="25,26,47,48,51,52,53,59,72,78,81,87,89,94" machi="78" ten="30,7900,0" yaku="1,1,0,1,52,1,54,1,53,0" doraHai="42" doraHaiUra="71" who="0" fromWho="0" sc="300,99,275,-39,175,-20,230,-20" /><INIT seed="2,0,0,1,0,16" ten="399,236,155,210" oya="2" hai0="38,89,28,53,36,66,52,134,47,105,135,19,64" hai1="124,67,69,88,77,57,113,2,63,20,126,112,94" hai2="43,119,87,33,115,123,97,60,84,108,98,31,58" hai3="75,15,86,14,100,44,79,21,29,132,8,93,78"/><V114/><F119/><W5/><G75/><T37/><D89/><U7/><E77/><V6/><F123/><W133/><G44/><T103/><D19/><U74/><E74/><V24/><F6/><W91/><G100/><T109/><D28/><U61/><E7/><V96/><F43/><W27/><REACH who="3" step="1"/><G14/><REACH who="3" ten="399,236,155,200" step="2"/><T90/><D103/><U101/><E101/><V128/><F128/><W73/><G73/><T71/><D47/><U95/><E113/><V3/><F3/><W42/><G42/><T4/><D135/><AGARI ba="0,1" hai="5,8,15,21,27,29,78,79,86,91,93,132,133,135" machi="135" ten="40,5200,0" yaku="1,1,20,1,52,1,53,0" doraHai="16" doraHaiUra="45" who="3" fromWho="0" sc="399,-52,236,0,155,0,200,62" /><INIT seed="3,0,0,2,4,22" ten="347,236,155,262" oya="3" hai0="134,48,116,64,93,133,73,35,52,101,45,69,28" hai1="86,60,127,67,47,61,71,40,9,19,68,103,41" hai2="90,11,66,124,31,39,112,59,51,113,123,108,25" hai3="104,120,119,94,14,105,80,132,23,50,89,84,72"/><W18/><G120/><T2/><D116/><U130/><E103/><V38/><F108/><W92/><G119/><T37/><D2/><U70/><E86/><V100/><F123/><W55/><G132/><N who="0" m="50795" /><D73/><U46/><E19/><V30/><F124/><W131/><G131/><T42/><D28/><U20/><E20/><V135/><F135/><W4/><G4/><T98/><D35/><U8/><E8/><V129/><F129/><W114/><G114/><T58/><D64/><U10/><E130/><V33/><F100/><W26/><G14/><T79/><D79/><U107/><E107/><V111/><F31/><W95/><REACH who="3" step="1"/><G72/><REACH who="3" ten="347,236,155,252" step="2"/><T56/><D69/><U53/><E71/><V85/><F113/><W106/><G106/><T102/><D102/><U12/><E12/><V81/><F112/><W15/><G15/><T125/><D125/><U117/><E117/><V96/><F25/><W82/><G82/><T121/><D121/><U62/><E127/><V74/><F81/><W29/><G29/><T36/><D36/><U0/><E70/><V24/><F38/><W78/><G78/><T54/><D58/><AGARI ba="0,1" hai="18,23,26,50,55,58,80,84,89,92,94,95,104,105" machi="58" ten="40,3900,0" yaku="1,1,52,1,53,0" doraHai="22" doraHaiUra="115" who="3" fromWho="0" sc="347,-39,236,0,155,0,252,49" /><INIT seed="3,1,0,0,5,119" ten="308,236,155,301" oya="3" hai0="96,84,45,59,67,68,46,106,86,3,111,75,0" hai1="85,60,95,43,116,55,25,34,90,127,83,28,122" hai2="58,121,11,32,77,36,76,15,115,4,38,78,71" hai3="109,98,112,39,107,30,64,100,24,50,70,93,66"/><W21/><G39/><T1/><D111/><U51/><E127/><V80/><F115/><W54/><G112/><T18/><D75/><U31/><E116/><V7/><F71/><W134/><G134/><T79/><D68/><U104/><E104/><V33/><F80/><W52/><G109/><T94/><D106/><U23/><E122/><V44/><F58/><W101/><G54/><T102/><D18/><U118/><E118/><V132/><F132/><W2/><G2/><T56/><D79/><U91/><E34/><V26/><F121/><W48/><G48/><T125/><D125/><U72/><E72/><V88/><F4/><W8/><G8/><T12/><D12/><U47/><E31/><V27/><F33/><W89/><G70/><T123/><D123/><U129/><E129/><V62/><F32/><W57/><REACH who="3" step="1"/><G107/><REACH who="3" ten="308,236,155,291" step="2"/><T16/><D67/><AGARI ba="1,1" hai="21,24,30,50,52,57,64,66,67,89,93,98,100,101" machi="67" ten="40,12000,1" yaku="1,1,2,1,8,1,54,1,53,0" doraHai="119" doraHaiUra="13" who="3" fromWho="0" sc="308,-123,236,0,155,0,291,133" /><INIT seed="3,2,0,5,2,12" ten="185,236,155,424" oya="3" hai0="84,103,36,59,107,26,85,11,111,71,129,124,86" hai1="77,58,56,14,30,112,7,34,104,88,127,57,4" hai2="23,123,38,126,3,116,0,95,75,24,98,122,18" hai3="76,89,72,132,134,42,78,65,70,64,68,67,25"/><W101/><G101/><T73/><D111/><U15/><E112/><V50/><F116/><W22/><G42/><T119/><D129/><U115/><E115/><V74/><F126/><W2/><G2/><T53/><D124/><U5/><E127/><V40/><F38/><W120/><G120/><N who="2" m="46121" /><F3/><W27/><G89/><T133/><D133/><N who="3" m="51305" /><G72/><T28/><D119/><U118/><E104/><V8/><F0/><W113/><G113/><T43/><D71/><N who="3" m="27177" /><G22/><T29/><D73/><U51/><E77/><AGARI ba="2,0" hai="25,27,64,65,67,76,77,78" m="27177,51305" machi="77" ten="40,7700,0" yaku="28,2,20,1" doraHai="12" who="3" fromWho="1" sc="185,0,236,-83,155,0,424,83" /><INIT seed="3,3,0,2,2,7" ten="185,153,155,507" oya="3" hai0="17,26,53,46,97,70,65,14,106,54,63,57,52" hai1="102,82,121,112,47,74,60,23,28,124,66,79,1" hai2="33,118,56,45,51,11,38,64,127,77,93,21,126" hai3="3,9,135,111,100,22,73,129,49,110,83,81,42"/><W30/><G135/><T104/><D26/><U92/><E121/><V105/><F118/><W37/><G100/><T44/><D70/><U101/><E1/><V115/><F105/><W43/><G49/><T12/><D12/><U40/><E112/><V113/><F33/><W80/><G129/><T13/><D13/><U89/><E124/><N who="2" m="47659" /><F77/><W59/><G59/><T98/><D106/><U6/><E6/><V32/><F32/><W62/><G62/><T130/><D130/><U95/><E95/><V85/><F85/><W36/><G3/><T50/><D104/><U10/><E102/><V131/><F93/><W31/><G22/><N who="0" m="11575" /><D44/><U122/><E47/><V24/><F45/><W71/><G71/><T8/><D8/><U72/><E10/><V27/><F11/><W67/><G67/><T29/><D29/><N who="3" m="10761" /><G73/><T68/><D68/><U5/><E74/><V4/><F64/><W86/><G86/><T19/><D19/><U84/><E66/><V99/><F113/><W39/><G9/><T108/><D108/><AGARI ba="3,0" hai="36,37,39,42,43,80,81,83,108,110,111" m="10761" machi="108" ten="40,12000,1" yaku="28,2,14,1,10,1" doraHai="7" who="3" fromWho="0" sc="185,-129,153,0,155,0,507,129" /><INIT seed="3,4,0,3,4,75" ten="56,153,155,636" oya="3" hai0="25,106,6,20,39,85,14,62,115,46,108,88,118" hai1="92,5,31,60,63,22,18,105,52,121,98,28,15" hai2="56,76,23,100,70,72,114,77,41,61,68,17,26" hai3="89,19,124,103,116,117,4,64,71,112,86,3,16"/><W38/><G38/><T30/><D108/><U83/><E105/><V82/><F114/><W55/><G112/><T36/><D118/><U119/><E121/><V126/><F126/><W50/><G103/><T130/><D130/><U33/><E33/><V42/><F100/><W87/><G71/><T109/><D109/><U2/><E2/><V9/><F9/><W97/><G64/><T67/><D115/><U111/><E5/><V66/><F68/><W73/><G73/><T35/><D106/><U40/><E40/><V58/><F58/><W101/><G124/><T94/><D46/><U133/><E133/><V110/><F110/><W95/><G86/><T78/><D78/><U48/><E83/><V125/><F125/><W49/><G49/><T27/><D20/><U79/><E79/><V104/><F104/><W24/><G4/><T81/><D94/><U32/><E32/><V122/><F122/><W43/><G43/><T54/><D54/><U120/><E119/><V44/><F76/><W91/><G91/><T84/><D85/><U131/><E131/><V74/><F74/><W127/><G19/><T129/><D27/><U59/><E120/><V10/><F70/><W57/><G3/><T134/><D134/><U123/><E123/><V29/><F44/><W34/><G127/><T53/><D53/><U7/><E7/><V132/><F132/><W113/><G113/><T96/><D96/><U0/><E0/><V93/><F93/><N who="3" m="54463" /><G34/><T90/><D90/><N who="1" m="55575" /><E111/><V135/><F135/><W99/><G99/><T13/><D129/><U47/><E47/><V37/><F37/><RYUUKYOKU ba="4,0" sc="56,-30,153,10,155,10,636,10" hai1="15,18,22,28,31,48,52,59,60,63" hai2="10,17,23,26,29,41,42,56,61,66,72,77,82" hai3="16,24,50,55,57,95,97,101,116,117" /><INIT seed="3,5,0,0,4,81" ten="26,163,165,646" oya="3" hai0="122,8,91,33,119,129,120,101,76,126,37,98,19" hai1="70,0,79,7,15,108,90,104,45,106,133,134,100" hai2="39,116,59,13,56,93,114,10,95,65,66,1,102" hai3="41,110,130,83,34,74,88,117,23,36,12,51,53"/><W58/><G34/><T128/><D37/><U71/><E15/><V132/><F114/><W62/><G117/><T11/><D33/><U22/><E22/><V97/><F39/><W46/><G130/><N who="0" m="50283" /><D119/><U16/><E79/><V38/><F59/><W3/><G3/><T43/><D43/><U2/><E100/><V32/><F95/><W35/><G35/><T55/><D126/><U72/><E7/><V57/><F97/><W30/><G110/><T9/><D76/><U109/><E45/><V123/><F65/><W14/><G74/><T17/><D91/><U82/><E90/><V4/><F57/><W78/><G78/><T118/><D55/><U42/><E42/><V25/><F116/><W28/><G36/><T103/><D98/><U67/><E67/><V115/><F38/><W40/><G40/><T24/><D24/><U61/><E72/><V47/><F25/><N who="3" m="16447" /><G30/><T112/><D112/><U99/><E109/><V5/><F32/><W69/><G69/><T63/><D63/><U27/><E61/><N who="2" m="38183" /><F1/><W85/><AGARI ba="5,0" hai="12,14,41,46,51,53,58,62,83,85,88" m="16447" machi="85" ten="30,6000,0" yaku="8,1,52,1,54,1" doraHai="81" who="3" fromWho="3" sc="26,-25,163,-25,165,-25,646,75" /><INIT seed="3,6,0,3,3,1" ten="1,138,140,721" oya="3" hai0="68,41,56,108,109,62,30,106,51,85,64,58,17" hai1="117,23,53,129,95,89,93,87,123,39,46,122,119" hai2="48,32,115,78,14,102,104,2,16,103,38,33,99" hai3="69,34,24,6,75,83,40,116,132,112,43,135,74"/><W110/><G116/><N who="1" m="44618" /><E129/><V127/><F16/><W12/><G112/><T11/><D85/><U86/><E23/><V126/><F48/><W96/><G69/><T27/><D106/><U67/><E67/><V18/><F2/><W94/><G110/><N who="0" m="42603" /><D17/><U0/><E0/><V22/><F38/><W107/><G107/><T105/><D105/><U4/><E4/><V114/><F102/><W84/><G34/><N who="2" m="13417" /><F78/><N who="3" m="46199" /><G24/><T49/><D11/><U54/><E39/><V77/><F77/><W42/><G12/><T61/><D30/><U47/><E87/><V90/><F90/><N who="3" m="55383" /><G6/><T128/><D27/><U130/><E95/><V118/><F118/><W92/><G92/><T66/><D128/><U28/><E130/><V120/><F120/><N who="1" m="46121" /><E28/><V9/><F9/><W98/><G98/><T36/><D68/><U25/><E25/><V73/><F115/><W65/><G65/><T55/><D55/><AGARI ba="6,0" hai="46,47,53,54,55,86,89,93" m="46121,44618" machi="55" ten="30,1000,0" yaku="12,1" doraHai="1" who="1" fromWho="0" sc="1,-28,138,28,140,0,721,0" owari="-27,-53.0,166,-3.0,140,-26.0,721,82.0" /></mjloggm>