<mjloggm ver="2.3"><GO type="41" lobby="0"/><UN n0="%47%53%32%30%31%32" n1="%E8%B1%86%E7%89%B9%E6%B0%91" n2="%E3%81%93%E3%81%8F%E3%82%89%E3%81%82%E3%81%95%E3%81%B2" n3="%E2%93%9D%53%75%70%68%78" dan="14,15,14,18" rate="1830.02,2072.15,1955.32,2083.05" sx="M,M,F,M"/><TAIKYOKU oya="0"/><INIT seed="0,0,0,1,2,51" ten="250,250,250,250" oya="0" hai0="117,85,8,76,96,106,59,129,86,79,26,131,13" hai1="70,92,56,112,134,9,39,28,83,116,14,33,72" hai2="10,132,65,44,111,128,48,21,121,119,122,60,91" hai3="102,87,1,50,104,54,40,55,29,18,27,135,42"/><T31/><D117/><U126/><E116/><V84/><F119/><W61/><G1/><T23/><D59/><U108/><E108/><V32/><F111/><W113/><G113/><T2/><D2/><U47/><E70/><V69/><F32/><W73/><G73/><T130/><D106/><U52/><E126/><V88/><F128/><W36/><G135/><T107/><D107/><U120/><E120/><V115/><F115/><W63/><G18/><T38/><D38/><U74/><E134/><V6/><F132/><W133/><G36/><T95/><D86/><U24/><E83/><V68/><F21/><W5/><G5/><N who="0" m="3215" /><D85/><U101/><E112/><V11/><F68/><W0/><G0/><T25/><D25/><U93/><E39/><V82/><F91/><AGARI ba="0,0" hai="23,26,31,76,79,91,95,96,129,130,131" m="3215" machi="91" ten="30,1500,0" yaku="19,1" doraHai="51" who="0" fromWho="2" sc="250,15,250,0,250,-15,250,0" /><INIT seed="0,1,0,1,4,92" ten="265,250,235,250" oya="0" hai0="119,106,51,78,60,121,88,49,62,6,35,87,0" hai1="13,96,101,94,132,30,67,18,38,84,97,52,116" hai2="41,91,76,43,72,40,134,71,124,120,22,28,16" hai3="12,99,104,112,8,39,7,70,44,135,3,11,48"/><T128/><D121/><U68/><E116/><V23/><F120/><W100/><G135/><T111/><D119/><U57/><E132/><V10/><F134/><W117/><G117/><T55/><D106/><U126/><E126/><V42/><F124/><W86/><G70/><T29/><D128/><U19/><E38/><V54/><F71/><W82/><G39/><T113/><D113/><U64/><E68/><V50/><F91/><W25/><G25/><T36/><D36/><U58/><E30/><V131/><F28/><W75/><G75/><T1/><D78/><U26/><E26/><V79/><F131/><W77/><G112/><T74/><D74/><U115/><E115/><V45/><N who="2" m="10240" /><DORA hai="93" /><V33/><F33/><W53/><REACH who="3" step="1"/><G11/><REACH who="3" ten="265,250,235,240" step="2"/><T17/><D35/><U107/><E58/><V27/><F72/><W61/><G61/><N who="0" m="23659" /><D29/><U4/><E107/><V2/><REACH who="2" step="1"/><F22/><REACH who="2" ten="265,250,225,240" step="2"/><W65/><G65/><N who="1" m="25162" /><E101/><V37/><F37/><W122/><G122/><T95/><D111/><U127/><E127/><V110/><F110/><W109/><G109/><T56/><D0/><AGARI ba="1,2" hai="0,3,7,8,12,44,48,53,77,82,86,99,100,104" machi="0" ten="40,8000,1" yaku="1,1,52,2,53,1" doraHai="92,93" doraHaiUra="24,80" who="3" fromWho="0" sc="265,-83,250,0,225,0,240,103" /><INIT seed="1,0,0,0,1,117" ten="182,250,225,343" oya="1" hai0="39,134,79,46,86,133,54,80,131,10,112,6,34" hai1="63,67,118,70,22,40,115,111,33,35,107,61,121" hai2="25,77,128,95,16,109,97,81,15,55,74,82,90" hai3="2,38,105,104,44,18,92,7,64,120,71,20,113"/><U28/><E115/><V98/><F109/><W62/><G120/><T56/><D112/><U127/><E118/><V26/><F128/><W101/><G113/><T58/><D34/><U14/><E111/><V11/><F55/><W45/><G7/><T85/><D131/><U88/><E127/><V68/><F68/><W93/><G2/><T87/><D46/><U130/><E130/><V110/><F110/><W83/><G83/><T135/><D39/><U126/><E126/><V66/><F66/><W123/><G123/><T9/><D9/><U48/><E107/><V102/><REACH who="2" step="1"/><F81/><REACH who="2" ten="182,250,215,343" step="2"/><W27/><G71/><T78/><D54/><U17/><E121/><V119/><F119/><W96/><G64/><T4/><D80/><U0/><E63/><V41/><F41/><W47/><G62/><T72/><D72/><U24/><E0/><V89/><F89/><W3/><G3/><T76/><D10/><U65/><E65/><V42/><F42/><W23/><G38/><T8/><D8/><U51/><E40/><V52/><F52/><W73/><G73/><T59/><AGARI ba="0,1" hai="4,6,56,58,59,76,78,79,85,86,87,133,134,135" machi="59" ten="50,32000,5" yakuman="40" doraHai="117" who="0" fromWho="0" sc="182,330,250,-160,215,-80,343,-80" /><INIT seed="2,0,0,2,4,87" ten="512,90,135,263" oya="2" hai0="78,114,5,47,65,18,72,9,91,58,122,76,17" hai1="30,55,95,94,12,25,73,66,56,99,80,126,35" hai2="124,88,3,104,105,127,82,117,103,33,50,125,39" hai3="26,86,129,90,106,27,133,115,123,51,43,52,34"/><V13/><F117/><W112/><G123/><T79/><D122/><U77/><E126/><V46/><F3/><W10/><G106/><T97/><D72/><U71/><E71/><V64/><F33/><W0/><G43/><T14/><D114/><N who="3" m="43561" /><G129/><T29/><D29/><U23/><E66/><V100/><F64/><W53/><G133/><T121/><D47/><U2/><E2/><V16/><F39/><W8/><G53/><T49/><D121/><U83/><E83/><V75/><F104/><W74/><G74/><T44/><D58/><U70/><E70/><V89/><F75/><W31/><G27/><T38/><D65/><U59/><E95/><V15/><F82/><N who="3" m="49495" /><G0/><T36/><D36/><U61/><E59/><AGARI ba="0,0" hai="8,10,26,31,34,51,52,59" m="49495,43561" machi="59" ten="30,3900,0" yaku="11,1,52,1,54,1" doraHai="87" who="3" fromWho="1" sc="512,0,90,-39,135,0,263,39" /><INIT seed="3,0,0,0,4,35" ten="512,51,135,302" oya="3" hai0="114,10,79,5,132,25,126,134,84,64,96,54,100" hai1="115,127,8,104,20,40,118,68,95,77,90,107,50" hai2="0,72,130,13,46,111,57,110,85,128,102,11,60" hai3="52,124,98,15,76,61,2,4,26,23,109,59,18"/><W92/><G124/><T12/><D114/><U122/><E68/><V48/><F72/><W74/><G109/><N who="2" m="41481" /><F102/><W39/><G39/><T75/><D126/><U49/><E115/><V19/><F85/><W14/><G74/><T94/><D75/><U80/><E122/><V53/><F57/><W71/><G71/><T99/><D99/><U32/><E127/><V33/><F60/><W73/><G76/><T47/><D64/><U89/><E118/><V93/><F93/><W16/><G73/><T88/><D25/><U58/><E32/><V31/><F31/><W9/><G18/><T106/><D79/><U78/><E40/><V112/><F33/><W101/><AGARI ba="0,0" hai="2,4,9,14,15,16,23,26,52,59,61,92,98,101" machi="101" ten="20,12000,1" yaku="0,1,7,1,52,1,54,2" doraHai="35" who="3" fromWho="3" sc="512,-40,51,-40,135,-40,302,120" /><INIT seed="3,1,0,3,5,69" ten="472,11,95,422" oya="3" hai0="129,43,15,100,45,68,1,124,63,89,21,128,57" hai1="24,12,67,37,31,50,121,41,80,114,53,22,118" hai2="49,72,79,27,56,110,112,119,8,97,75,88,17" hai3="66,111,28,0,44,93,19,103,86,82,127,47,11"/><W115/><G115/><T133/><D1/><U125/><E121/><V40/><F112/><W71/><G127/><T33/><D33/><U120/><E125/><V61/><F119/><W35/><G111/><T36/><D124/><U130/><E120/><V132/><F110/><W76/><G71/><T42/><D100/><U55/><E130/><N who="0" m="50281" /><D133/><U81/><E118/><V46/><F132/><W26/><G66/><N who="0" m="39279" /><D43/><U10/><E114/><V94/><F79/><W38/><G38/><T99/><D68/><U3/><E67/><V126/><F126/><W5/><REACH who="3" step="1"/><G19/><REACH who="3" ten="472,11,95,412" step="2"/><N who="0" m="10495" /><D99/><AGARI ba="1,1" hai="0,5,11,26,28,35,44,47,76,82,86,93,99,103" machi="99" ten="40,2000,0" yaku="1,1,53,0" doraHai="69" doraHaiUra="18" who="3" fromWho="0" sc="472,-23,11,0,95,0,412,33" /><INIT seed="3,2,0,3,0,116" ten="449,11,95,445" oya="3" hai0="29,93,32,0,18,91,3,1,10,115,47,54,97" hai1="20,6,7,85,86,34,82,69,57,9,131,108,4" hai2="42,96,49,130,129,87,114,39,95,48,122,17,110" hai3="90,62,99,8,66,76,33,16,53,51,120,121,117"/><W132/><G117/><T103/><D115/><U100/><E69/><V63/><F114/><W21/><G33/><T36/><D29/><U30/><E34/><V28/><F110/><W22/><G76/><T27/><D32/><U80/><E108/><V50/><F28/><W79/><G79/><T73/><D73/><U2/><E131/><V88/><F88/><W23/><BYE who="2" /><G132/><UN n2="%E3%81%93%E3%81%8F%E3%82%89%E3%81%82%E3%81%95%E3%81%B2" /><T127/><D127/><U113/><E113/><V55/><F17/><W72/><G72/><T24/><D103/><U14/><E100/><V65/><F55/><W104/><G104/><T19/><D36/><U44/><E44/><V102/><F87/><W75/><G75/><T68/><D68/><U101/><E101/><V56/><REACH who="2" step="1"/><F122/><REACH who="2" ten="449,11,85,445" step="2"/><W59/><G90/><T111/><D111/><U78/><E57/><V43/><F43/><W40/><G40/><T64/><D64/><U61/><E61/><V106/><F106/><W35/><G35/><T134/><D134/><U13/><E2/><V37/><F37/><W77/><G77/><T60/><D60/><U70/><E70/><V71/><F71/><W109/><G109/><T125/><D125/><U41/><E41/><V133/><F133/><W83/><G121/><T92/><D54/><U112/><E112/><V67/><F67/><W31/><G120/><T105/><D47/><AGARI ba="2,1" hai="39,42,47,48,49,50,56,63,65,95,96,102,129,130" machi="47" ten="40,2600,0" yaku="1,1,53,1" doraHai="116" doraHaiUra="98" who="2" fromWho="0" sc="449,-32,11,0,85,42,445,0" /><INIT seed="4,0,0,0,3,94" ten="417,11,127,445" oya="0" hai0="104,95,85,29,6,31,51,117,131,45,99,101,72" hai1="108,81,38,28,97,58,53,50,42,69,84,78,13" hai2="71,120,1,90,14,7,113,73,20,39,56,129,98" hai3="107,4,123,87,61,54,86,11,27,22,76,80,3"/><T46/><D117/><U134/><E108/><V15/><F120/><W49/><G107/><T65/><D72/><U30/><E134/><V63/><F39/><W5/><G123/><T135/><D131/><U23/><E69/><V41/><F129/><W25/><G61/><T37/><D135/><U48/><E38/><V74/><F113/><W109/><G109/><T102/><D37/><U44/><E23/><V43/><F98/><W8/><G87/><T67/><D6/><U83/><E83/><V82/><F90/><W96/><G96/><T18/><D18/><U133/><E133/><V52/><F71/><W12/><REACH who="3" step="1"/><G22/><REACH who="3" ten="417,11,127,435" step="2"/><T32/><D32/><U106/><REACH who="1" step="1"/><E13/><REACH who="1" ten="417,1,127,435" step="2"/><V118/><F14/><W21/><G21/><T33/><D33/><U16/><E16/><V125/><F20/><W68/><G68/><T128/><D128/><U75/><E75/><V114/><F73/><W66/><G66/><N who="0" m="25099" /><D104/><U130/><E130/><V10/><F15/><W100/><G100/><AGARI ba="0,2" hai="28,30,42,44,48,50,53,58,78,81,84,97,100,106" machi="100" ten="40,5200,0" yaku="1,1,52,1,53,1" doraHai="94" doraHaiUra="103" who="1" fromWho="3" sc="417,0,1,72,127,0,435,-52" /><INIT seed="5,0,0,0,2,96" ten="417,73,127,383" oya="1" hai0="135,95,49,86,85,0,20,2,68,24,79,72,123" hai1="111,98,35,22,122,116,48,43,27,110,92,91,84" hai2="10,58,121,17,33,14,82,37,119,94,130,76,100" hai3="75,67,12,34,115,31,69,46,103,113,56,73,87"/><U80/><E116/><V90/><F119/><W51/><G69/><T30/><D68/><U63/><E35/><V13/><F121/><W21/><G34/><T23/><D123/><U78/><E122/><V134/><F33/><W129/><G87/><T55/><D135/><U4/><E4/><V117/><F117/><W120/><G129/><T44/><D72/><U53/><E63/><V28/><F130/><W109/><G109/><T18/><D79/><U11/><E11/><V77/><F134/><W26/><G12/><T29/><D29/><U74/><E43/><V52/><F28/><W131/><G131/><T108/><D108/><U102/><E53/><V54/><F37/><W65/><G120/><T71/><D71/><U15/><E15/><V38/><F13/><W59/><G75/><T47/><D47/><U124/><E48/><V1/><F38/><W41/><G73/><T118/><D118/><U60/><E60/><N who="2" m="35911" /><F54/><W61/><G67/><T50/><D50/><U70/><E70/><V93/><F82/><W89/><G59/><T132/><D132/><U64/><E64/><V19/><F19/><W5/><G5/><T45/><D45/><U99/><E124/><V39/><F1/><W127/><G127/><T128/><D128/><U42/><E42/><V126/><F39/><W25/><G25/><N who="0" m="14487" /><D2/><U125/><E125/><V6/><F126/><W97/><G89/><N who="0" m="53679" /><D0/><U88/><E22/><V9/><F9/><W105/><AGARI ba="0,0" hai="21,26,31,41,46,51,56,61,65,97,103,105,113,115" machi="105" ten="30,2000,0" yaku="0,1,52,1" doraHai="96" who="3" fromWho="3" sc="417,-5,73,-10,127,-5,383,20" /><INIT seed="6,0,0,3,1,13" ten="412,63,122,403" oya="2" hai0="132,125,49,16,51,128,66,7,88,26,93,123,134" hai1="101,107,103,90,135,3,70,71,58,106,83,129,114" hai2="75,91,87,28,20,99,21,112,73,67,41,131,23" hai3="113,39,84,4,8,55,14,59,42,92,46,64,104"/><V35/><F112/><W120/><G104/><T89/><D123/><U124/><E114/><V79/><F131/><W9/><G113/><T117/><D128/><U82/><E129/><V76/><F41/><W109/><G109/><T1/><D117/><U105/><E3/><V110/><F110/><W36/><G120/><T47/><D66/><U30/><E30/><V44/><F67/><W2/><G64/><T43/><D51/><U54/><E135/><N who="0" m="51753" /><D125/><U50/><E124/><V69/><F44/><W0/><G39/><T17/><D26/><U77/><E90/><N who="0" m="34921" /><D93/><U45/><E45/><V56/><F69/><W32/><G32/><T126/><D126/><U68/><REACH who="1" step="1"/><E77/><REACH who="1" ten="412,53,122,403" step="2"/><V98/><F76/><W33/><G46/><T57/><D57/><U65/><E65/><V80/><F28/><W61/><G59/><T85/><D85/><U12/><E12/><V133/><F79/><W24/><G14/><T100/><D100/><AGARI ba="0,1" hai="50,54,58,68,70,71,82,83,100,101,103,105,106,107" machi="100" ten="50,1600,0" yaku="1,1,53,0" doraHai="13" doraHaiUra="122" who="1" fromWho="0" sc="412,-16,53,26,122,0,403,0" /><INIT seed="7,0,0,1,3,122" ten="396,79,122,403" oya="3" hai0="131,7,119,0,26,45,36,11,71,78,103,105,108" hai1="13,89,6,56,104,125,127,81,55,110,126,5,93" hai2="16,113,1,115,99,60,4,40,15,70,72,98,109" hai3="132,29,61,48,42,106,37,128,23,46,2,86,52"/><W114/><G2/><T68/><D119/><U58/><E104/><V18/><F72/><W59/><G106/><T17/><D131/><U120/><E120/><V49/><F113/><W38/><G114/><T83/><D17/><U64/><E81/><V8/><F115/><W112/><G112/><T135/><D26/><U88/><E64/><V75/><F75/><W19/><G128/><T130/><D130/><U96/><E110/><V73/><F109/><W124/><G132/><T43/><D108/><U69/><E69/><V111/><F111/><W33/><G124/><N who="1" m="31746" /><U44/><DORA hai="82" /><E89/><V12/><F73/><W57/><G33/><T32/><D32/><U100/><E100/><V91/><F91/><W34/><G34/><T80/><D80/><U121/><E121/><V24/><F70/><W25/><G29/><T47/><D47/><U85/><E96/><V92/><F92/><W66/><G86/><T76/><D76/><U54/><E13/><V28/><F12/><W50/><AGARI ba="0,0" hai="19,23,25,37,38,42,46,48,50,52,57,59,61,66" machi="50" ten="20,3900,0" yaku="0,1,7,1,54,1" doraHai="122,82" who="3" fromWho="3" sc="396,-13,79,-13,122,-13,403,39" owari="383,18.0,66,-43.0,109,-29.0,442,54.0" /></mjloggm>