<mjloggm ver="2.3"><GO type="41" lobby="0"/><UN n0="%E3%81%A1%E3%81%8B%E5%AD%90" n1="%E9%9F%B3%E8%A6%8B" n2="%E2%93%9D%53%75%70%68%78" n3="%E3%81%98%E3%82%8D%E3%81%91%E3%82%93" dan="14,13,18,15" rate="1892.94,1895.91,2156.30,2070.85" sx="M,M,M,M"/><TAIKYOKU oya="0"/><INIT seed="0,0,0,2,3,3" ten="250,250,250,250" oya="0" hai0="116,121,36,5,9,55,119,42,79,90,104,111,88" hai1="23,100,109,72,103,74,45,18,50,63,96,123,14" hai2="58,6,49,34,37,31,125,56,82,52,62,47,115" hai3="89,98,118,16,53,59,21,105,75,66,120,113,60"/><T7/><D121/><U11/><E109/><V68/><F115/><W95/><G118/><T26/><D104/><U83/><E123/><V48/><F34/><W91/><G120/><T27/><D111/><U94/><E100/><V76/><F31/><W44/><G75/><T13/><D79/><U35/><E35/><V108/><F108/><W127/><G127/><T25/><D36/><U4/><E63/><V0/><F125/><W20/><G20/><T61/><D42/><U92/><E92/><V129/><F129/><W33/><G33/><T22/><D119/><U2/><REACH who="1" step="1"/><E83/><REACH who="1" ten="250,240,250,250" step="2"/><V69/><F62/><W71/><G113/><T107/><D116/><U122/><E122/><V80/><F80/><W78/><G105/><T112/><D107/><U106/><E106/><V30/><F82/><W10/><G60/><T70/><D112/><U57/><E57/><V85/><F58/><W101/><G59/><N who="0" m="35071" /><D70/><U124/><E124/><V12/><F69/><W128/><G71/><T126/><D126/><U17/><E17/><V86/><F68/><W32/><G16/><N who="0" m="8239" /><D22/><U87/><E87/><V99/><F86/><W81/><G21/><T130/><D130/><U39/><E39/><V114/><F37/><W102/><G32/><T110/><D110/><U51/><E51/><V41/><F49/><W77/><G128/><T65/><D65/><U132/><E132/><V43/><F114/><W46/><G77/><T133/><D133/><U93/><E93/><V64/><F64/><W97/><G66/><T8/><D8/><U84/><E84/><V117/><F117/><W67/><G10/><RYUUKYOKU ba="0,1" sc="250,15,240,15,250,-15,250,-15" hai0="5,7,25,26,27,88,90" hai1="2,4,11,14,18,23,45,50,72,74,94,96,103" /><INIT seed="0,1,1,4,4,82" ten="265,255,235,235" oya="0" hai0="118,6,42,100,120,35,95,7,74,32,16,129,58" hai1="25,130,127,60,24,119,38,133,53,44,98,128,80" hai2="13,41,84,104,109,9,107,93,106,81,2,57,12" hai3="64,135,11,78,112,61,113,27,83,63,94,33,19"/><T23/><D120/><U37/><E119/><V131/><F109/><W17/><G135/><T67/><D74/><U88/><E133/><V66/><F131/><N who="1" m="50217" /><E127/><V71/><F71/><W89/><G61/><N who="0" m="38327" /><D35/><U116/><E116/><V111/><F41/><W70/><G11/><T121/><D32/><U14/><E14/><V91/><F111/><W103/><G103/><T132/><D121/><U21/><E25/><V69/><F69/><W5/><G5/><N who="0" m="1547" /><D132/><U26/><E26/><V76/><F2/><W22/><G17/><T28/><D28/><N who="1" m="17423" /><E60/><V77/><F13/><W39/><G33/><T50/><D129/><U125/><E125/><V54/><F66/><W102/><G63/><T79/><D79/><U59/><E44/><V56/><F77/><W30/><G78/><T86/><D118/><U34/><E34/><V3/><F3/><W4/><G64/><T72/><D72/><U124/><E124/><V68/><F68/><W52/><G70/><T48/><D42/><U75/><E75/><V126/><F126/><W43/><G43/><T0/><D0/><U45/><E45/><V87/><REACH who="2" step="1"/><F54/><REACH who="2" ten="265,255,225,235" step="2"/><W51/><G52/><T46/><D46/><U40/><E40/><V99/><F99/><W62/><G112/><T10/><D10/><U110/><E110/><V96/><F96/><W92/><G113/><T122/><D122/><U18/><E98/><V123/><F123/><W114/><G114/><T1/><D1/><U108/><E108/><V8/><F8/><W90/><G4/><AGARI ba="1,2" hai="4,9,12,56,57,76,81,84,87,91,93,104,106,107" machi="4" ten="40,8000,1" yaku="1,1,52,2,53,1" doraHai="82" doraHaiUra="73" who="2" fromWho="3" sc="265,0,255,0,225,103,235,-83" /><INIT seed="1,0,0,0,3,134" ten="265,255,328,152" oya="1" hai0="51,50,62,119,131,72,65,114,116,73,107,34,41" hai1="126,110,0,25,14,109,9,120,70,96,53,20,60" hai2="48,32,102,2,5,123,85,93,82,58,81,133,66" hai3="10,46,29,112,69,87,75,23,90,17,11,6,36"/><U124/><E120/><V26/><F123/><W71/><G75/><T33/><D107/><U121/><E121/><V43/><F2/><W49/><G112/><T108/><D114/><U97/><E0/><V4/><F32/><N who="0" m="12394" /><D41/><U79/><E79/><V8/><F26/><W35/><G36/><T42/><D42/><U130/><E130/><V106/><F133/><W13/><G29/><T91/><D91/><U113/><E113/><V38/><F8/><W40/><G35/><T105/><D105/><U95/><E96/><V77/><F106/><W31/><G31/><T128/><D62/><U84/><E84/><V125/><F82/><W89/><G89/><T39/><D65/><N who="1" m="41255" /><E53/><V18/><F85/><W118/><G11/><T44/><D44/><U100/><E20/><V28/><F43/><W24/><REACH who="3" step="1"/><G118/><REACH who="3" ten="265,255,328,142" step="2"/><N who="0" m="45099" /><D73/><U37/><E37/><V76/><F38/><W21/><G21/><T132/><D72/><U30/><E30/><V56/><F28/><W68/><G68/><T83/><D39/><U98/><E25/><V61/><F77/><W117/><G117/><T122/><D122/><U1/><E1/><V99/><F76/><W15/><G15/><T7/><D132/><U19/><E97/><V111/><F99/><W63/><G63/><T45/><D131/><U64/><E64/><V57/><F66/><W52/><G52/><T86/><D128/><U127/><AGARI ba="0,1" hai="9,14,19,95,98,100,109,110,124,126,127" m="41255" machi="127" ten="40,12000,1" yaku="18,1,52,3" doraHai="134" who="1" fromWho="1" sc="265,-40,255,130,328,-40,142,-40" /><INIT seed="1,1,0,4,3,11" ten="225,385,288,102" oya="1" hai0="42,97,110,86,75,28,25,127,53,112,70,128,46" hai1="17,109,107,4,83,68,114,122,51,37,99,118,69" hai2="55,35,33,85,12,0,72,91,14,66,67,29,44" hai3="45,113,103,100,105,104,73,27,120,30,3,6,43"/><U8/><E114/><V132/><F0/><W87/><G113/><T59/><D110/><U90/><E118/><V95/><F72/><W125/><G120/><T49/><D112/><U102/><E122/><V65/><F132/><W18/><G73/><T116/><D128/><U126/><E37/><V130/><F130/><W47/><G125/><T19/><D75/><U52/><E126/><V76/><F76/><W32/><G6/><T101/><D70/><U129/><E129/><V93/><F29/><W89/><G3/><T98/><D127/><U15/><E4/><V131/><F131/><W54/><G104/><T123/><D19/><U22/><E22/><V36/><F95/><W57/><G105/><T117/><D98/><U88/><E109/><V135/><F135/><W40/><G18/><T124/><D86/><N who="1" m="50271" /><E90/><V7/><F7/><W61/><G45/><AGARI ba="1,0" hai="8,15,17,45,51,52,68,69,99,102,107" m="50271" machi="45" ten="30,11600,0" yaku="25,1,52,1,54,2" doraHai="11" who="1" fromWho="3" sc="225,0,385,119,288,0,102,-119" owari="225,-17.0,504,60.0,288,9.0,-17,-52.0" /></mjloggm>