<mjloggm ver="2.3"><GO type="41" lobby="0"/><UN n0="%E3%81%A0%E3%82%8D%E3%81%BE%E3%81%AB%E3%81%8F" n1="%E3%81%A1%E3%82%85%EF%BD%9E%E3%81%9D%E3%82%93" n2="%E3%83%AC%E3%82%AA%E3%83%B3%E3%83%8F%E3%83%AB%E3%83%88" n3="%E2%93%9D%53%75%70%68%78" dan="13,14,15,18" rate="1804.02,1961.32,1990.64,2077.87" sx="M,M,M,M"/><TAIKYOKU oya="0"/><INIT seed="0,0,0,1,3,103" ten="250,250,250,250" oya="0" hai0="62,97,6,106,124,39,22,132,8,26,130,46,135" hai1="80,65,113,69,76,35,100,75,4,57,19,37,105" hai2="111,68,3,41,93,24,110,87,82,15,42,127,34" hai3="48,123,94,129,50,1,88,109,11,27,36,28,5"/><T85/><D124/><U102/><E37/><V134/><F3/><W59/><G109/><T17/><D130/><U0/><E19/><V95/><F68/><W43/><G129/><T16/><D17/><U67/><E35/><V119/><F82/><W61/><G123/><T58/><D85/><U63/><E113/><V12/><F87/><W31/><G36/><T128/><D128/><U71/><E57/><V126/><F34/><W45/><G50/><T29/><D29/><U53/><E53/><V120/><F24/><W92/><G92/><N who="2" m="35401" /><F134/><W18/><G18/><T47/><D97/><U7/><E100/><V74/><F74/><W99/><REACH who="3" step="1"/><G27/><REACH who="3" ten="250,250,250,240" step="2"/><T107/><D39/><U30/><E30/><V108/><F120/><W79/><G79/><T44/><D132/><U101/><E7/><V91/><F119/><W98/><G98/><T25/><D25/><U56/><E4/><V116/><F116/><W38/><G38/><T21/><D135/><U81/><E76/><V14/><F91/><W51/><G51/><T96/><D96/><U55/><E63/><V2/><F2/><W23/><G23/><T32/><D22/><U125/><E125/><AGARI ba="0,1" hai="12,14,15,41,42,108,110,111,125,126,127" m="35401" machi="125" ten="40,8000,1" yaku="28,2,14,1,18,1" doraHai="103" who="2" fromWho="1" sc="250,0,250,-80,250,90,240,0" /><INIT seed="1,0,0,2,3,60" ten="250,170,340,240" oya="1" hai0="26,134,118,13,58,45,9,73,59,108,44,38,66" hai1="102,30,29,76,18,50,124,16,20,12,115,78,131" hai2="22,119,36,128,52,8,96,68,31,53,101,122,80" hai3="104,2,46,14,63,54,27,47,77,113,10,121,103"/><U114/><E50/><V19/><F119/><W37/><G121/><T86/><D118/><U24/><E102/><V74/><F122/><W79/><G2/><T90/><D73/><U33/><E78/><V1/><F36/><W48/><G113/><N who="1" m="43018" /><E76/><V93/><F128/><W71/><G27/><T133/><D108/><U28/><E131/><V129/><F68/><W67/><G104/><T135/><D26/><N who="1" m="14599" /><E124/><V32/><F80/><W62/><G103/><T23/><D23/><AGARI ba="0,0" hai="12,18,23,24,28,29,30,33" m="14599,43018" machi="23" ten="30,5800,0" yaku="34,2,54,1" doraHai="60" who="1" fromWho="0" sc="250,-58,170,58,340,0,240,0" /><INIT seed="1,1,0,5,2,47" ten="192,228,340,240" oya="1" hai0="31,41,53,97,72,30,82,79,114,39,83,125,126" hai1="89,35,66,7,11,111,117,115,121,40,6,28,94" hai2="65,113,129,90,95,61,44,133,131,27,99,3,74" hai3="68,45,63,26,55,77,80,38,15,116,73,127,54"/><U25/><E121/><V52/><F3/><W36/><G127/><T112/><D97/><U58/><E117/><V102/><F74/><W17/><G26/><T108/><D108/><U42/><E115/><V33/><F133/><W76/><G76/><T29/><D83/><U10/><E111/><V134/><F134/><W123/><G123/><T92/><D92/><U12/><E58/><V118/><F118/><W104/><G104/><T18/><D39/><U110/><E66/><V109/><F113/><W59/><G68/><T9/><D41/><U8/><E110/><V106/><F27/><W13/><G13/><T21/><D9/><U85/><REACH who="1" step="1"/><E11/><REACH who="1" ten="192,218,340,240" step="2"/><V91/><F109/><W105/><G116/><T88/><D114/><U34/><E34/><V43/><F33/><W57/><G57/><T50/><D112/><U107/><E107/><V1/><F65/><W46/><G105/><T19/><D125/><U69/><E69/><V119/><F119/><W70/><G70/><T81/><D126/><U48/><E48/><V120/><F120/><W5/><G38/><T132/><D132/><U86/><E86/><V64/><F64/><W24/><G36/><T96/><D21/><U98/><E98/><V51/><F106/><W122/><G122/><T14/><D96/><U67/><E67/><V128/><F99/><W16/><G73/><T103/><D103/><U124/><E124/><V4/><F102/><W93/><G59/><T78/><D72/><U56/><E56/><V135/><F135/><W84/><G84/><T20/><D50/><U130/><E130/><V101/><F131/><RYUUKYOKU ba="1,1" sc="192,-10,218,30,340,-10,240,-10" hai1="6,7,8,10,12,25,28,35,40,42,85,89,94" /><INIT seed="1,2,1,1,2,53" ten="182,248,330,230" oya="1" hai0="22,30,114,131,130,13,10,46,36,117,109,92,5" hai1="125,102,2,12,27,126,103,81,96,44,77,72,108" hai2="78,101,68,39,41,84,37,73,119,54,85,110,43" hai3="113,65,83,99,17,124,33,120,23,0,129,91,29"/><U122/><E122/><V57/><F119/><W82/><G0/><T24/><D109/><U38/><E108/><V21/><F68/><W133/><G33/><T69/><D69/><U52/><E2/><V112/><F110/><W26/><G129/><T31/><D114/><U128/><E128/><V48/><F73/><W11/><G133/><T70/><D70/><U76/><E38/><V79/><F37/><W97/><G124/><N who="1" m="47722" /><E77/><N who="2" m="29195" /><F39/><W45/><G65/><T62/><D117/><U55/><E27/><V60/><F101/><N who="1" m="38409" /><E96/><V32/><F32/><W104/><G99/><T1/><D92/><U132/><E132/><V94/><F94/><W123/><G123/><T135/><D135/><U80/><E44/><N who="2" m="27911" /><F21/><W34/><G34/><T20/><D131/><U95/><E95/><V4/><F4/><W56/><G120/><T75/><D130/><U106/><E106/><V100/><F100/><W9/><G104/><T47/><D75/><U59/><E81/><V18/><F18/><W6/><G83/><T35/><D36/><U7/><E7/><V8/><F8/><W88/><G82/><T50/><D46/><U93/><E93/><V105/><F112/><W14/><G113/><T121/><D121/><U90/><E12/><V19/><F19/><W3/><G97/><T61/><D35/><U74/><E74/><V51/><F105/><W67/><G45/><T118/><D118/><U86/><E72/><V107/><F107/><W89/><G89/><T116/><D116/><U25/><E76/><V87/><F51/><W98/><G98/><T63/><D1/><U28/><E59/><RYUUKYOKU ba="2,1" sc="182,-30,248,10,330,10,230,10" hai1="25,28,52,55,80,86,90" hai2="41,43,57,60,84,85,87" hai3="3,6,9,11,14,17,23,26,29,56,67,88,91" /><INIT seed="1,3,1,5,1,45" ten="152,258,340,240" oya="1" hai0="100,5,96,52,60,44,109,43,33,34,93,112,117" hai1="85,58,2,128,107,14,17,57,21,64,120,119,98" hai2="127,89,56,122,61,6,12,79,131,78,99,65,80" hai3="39,27,90,126,38,123,1,49,24,3,73,70,26"/><U95/><E120/><V75/><F122/><W92/><G123/><T111/><D112/><U22/><E119/><V40/><F127/><W101/><G70/><T135/><D117/><U59/><E128/><V42/><F131/><W134/><G101/><T66/><D5/><U48/><E2/><V97/><F78/><W28/><G28/><T124/><D124/><U25/><E107/><V15/><F15/><W19/><G73/><T31/><D135/><U7/><E85/><V132/><F132/><W53/><G19/><T54/><D31/><U72/><E7/><V74/><F74/><W118/><G118/><T67/><D33/><U36/><E36/><V81/><F99/><W116/><G116/><T133/><D34/><U108/><E72/><V121/><F121/><W115/><G115/><T83/><D83/><U50/><E108/><N who="0" m="41545" /><D133/><U68/><E64/><N who="0" m="24617" /><D60/><U30/><REACH who="1" step="1"/><E68/><REACH who="1" ten="152,248,340,240" step="2"/><V88/><F6/><W84/><G134/><T105/><D105/><U29/><E29/><V20/><F75/><W55/><G126/><T104/><D104/><U82/><E82/><V0/><F81/><W94/><G3/><T102/><D102/><AGARI ba="3,2" hai="14,17,21,22,25,30,48,50,57,58,59,95,98,102" machi="102" ten="40,12000,1" yaku="1,1,8,1,52,2,53,0" doraHai="45" doraHaiUra="69" who="1" fromWho="0" sc="152,-129,248,149,340,0,240,0" /><INIT seed="1,4,0,4,3,126" ten="23,397,340,240" oya="1" hai0="57,6,30,73,26,98,8,27,119,36,114,85,113" hai1="118,10,18,122,2,52,70,40,106,56,13,103,39" hai2="107,9,41,87,72,92,108,17,78,111,99,105,1" hai3="132,67,88,58,97,5,29,115,89,133,20,46,123"/><U61/><E122/><V22/><F41/><W59/><G123/><T104/><D119/><U83/><E118/><V101/><F9/><W54/><G115/><T12/><D36/><U35/><E35/><V38/><F1/><W117/><G5/><T134/><D73/><U94/><E106/><V43/><F43/><W71/><G71/><T49/><D134/><N who="3" m="51817" /><G97/><T121/><D121/><U31/><E31/><V74/><F38/><W28/><G46/><T37/><D37/><U64/><E83/><N who="2" m="47607" /><F22/><W11/><G11/><T51/><D27/><U4/><E39/><V0/><F17/><W68/><G68/><T3/><D3/><U130/><E40/><V116/><F0/><W124/><G124/><T50/><D57/><U66/><E130/><V42/><F42/><W24/><G29/><T100/><REACH who="0" step="1"/><D85/><REACH who="0" ten="13,397,340,240" step="2"/><U102/><E66/><V21/><F116/><W135/><G117/><T14/><D14/><U34/><E34/><AGARI ba="4,1" hai="6,8,12,26,30,34,49,50,51,98,100,104,113,114" machi="34" ten="40,8000,1" yaku="1,1,53,3" doraHai="126" doraHaiUra="45" who="0" fromWho="1" sc="13,102,397,-92,340,0,240,0" /><INIT seed="2,0,0,2,5,30" ten="115,305,340,240" oya="2" hai0="104,59,35,67,40,109,98,90,87,123,17,93,38" hai1="32,116,25,101,48,92,3,58,131,106,94,16,100" hai2="43,5,85,134,8,15,96,108,117,102,80,121,77" hai3="69,91,119,19,124,60,112,107,34,75,6,95,44"/><V46/><F117/><W11/><G107/><T54/><D123/><U63/><E116/><V21/><F121/><W47/><G75/><T13/><D35/><U84/><E3/><V24/><F134/><W118/><G124/><T70/><D109/><U27/><E131/><V83/><F108/><W115/><G19/><T120/><D120/><U14/><E106/><V41/><F83/><W53/><G34/><T37/><D67/><U52/><E48/><V33/><F33/><W42/><G69/><T73/><D40/><U55/><E55/><V31/><REACH who="2" step="1"/><F46/><REACH who="2" ten="115,305,330,240" step="2"/><W125/><G119/><T0/><D73/><U57/><E32/><V99/><F99/><W20/><G47/><T82/><D82/><U61/><E101/><V2/><F2/><W56/><G118/><T66/><D98/><U127/><E100/><V88/><F88/><W71/><G125/><T39/><D0/><U76/><E76/><V105/><AGARI ba="0,1" hai="5,8,15,21,24,31,41,43,77,80,85,96,102,105" machi="105" ten="20,7800,0" yaku="1,1,0,1,7,1,53,1" doraHai="30" doraHaiUra="18" who="2" fromWho="2" sc="115,-26,305,-26,330,88,240,-26" /><INIT seed="2,1,0,4,0,14" ten="89,279,418,214" oya="2" hai0="115,113,71,132,103,97,100,104,91,81,10,34,40" hai1="50,55,32,52,17,106,70,120,46,19,9,54,93" hai2="11,128,53,51,76,124,130,72,28,78,45,35,58" hai3="98,99,63,109,27,75,42,111,126,133,62,67,36"/><V85/><F72/><W92/><G75/><T5/><D71/><U125/><E106/><V26/><F124/><W84/><G126/><T61/><D34/><U64/><E32/><V119/><F119/><W96/><G133/><T74/><D132/><U22/><E125/><V122/><F122/><W56/><G42/><T3/><D40/><N who="1" m="24903" /><E70/><V134/><F134/><W108/><G36/><T13/><D100/><U23/><E64/><V39/><F39/><W4/><G4/><T87/><D61/><U59/><E120/><V41/><F11/><W65/><G27/><T102/><D102/><U117/><E9/><V66/><F66/><W79/><G79/><T95/><D3/><U2/><E2/><V21/><F35/><W60/><G56/><T69/><D69/><U49/><E49/><N who="2" m="26799" /><F85/><W44/><G44/><T16/><D5/><U107/><E107/><V89/><F89/><AGARI ba="1,0" hai="60,62,63,65,67,84,89,92,96,98,99,108,109,111" machi="89" ten="50,6400,0" yaku="29,2,14,1" doraHai="14" who="3" fromWho="2" sc="89,0,279,0,418,-67,214,67" /><INIT seed="3,0,0,1,5,132" ten="89,279,351,281" oya="3" hai0="75,93,66,88,87,80,125,8,89,70,34,35,100" hai1="119,79,6,68,118,1,130,110,77,30,123,45,43" hai2="59,120,24,113,27,10,111,63,78,19,129,20,91" hai3="69,16,58,0,86,31,12,48,53,108,40,47,114"/><W76/><G114/><T102/><D125/><U134/><E30/><V14/><F111/><W33/><G0/><T39/><D39/><U18/><E18/><V61/><F129/><W2/><G2/><T15/><D75/><U29/><E29/><V128/><F128/><W60/><G108/><T62/><D34/><U42/><E42/><V85/><F120/><W99/><G69/><T74/><D35/><U55/><E55/><V124/><F124/><W9/><G99/><T23/><D23/><U135/><E110/><V97/><F78/><W26/><REACH who="3" step="1"/><G86/><REACH who="3" ten="89,279,351,271" step="2"/><T11/><D74/><U101/><E68/><V109/><F97/><W13/><G13/><T94/><D80/><U115/><E115/><V41/><F109/><W28/><G28/><T25/><D25/><U36/><E123/><V121/><F27/><W82/><G82/><T5/><REACH who="0" step="1"/><D8/><REACH who="0" ten="79,279,351,271" step="2"/><N who="1" m="2127" /><E130/><V105/><F113/><W133/><G133/><T116/><D116/><U64/><E135/><V106/><F121/><W90/><G90/><T83/><D83/><U38/><E134/><V81/><F24/><W71/><G71/><T22/><D22/><U46/><E119/><V98/><F20/><W21/><G21/><T49/><D49/><U57/><E118/><V126/><F126/><W17/><G17/><T4/><D4/><U95/><E38/><V96/><F19/><W3/><G3/><T37/><D37/><U117/><E36/><V51/><F10/><W127/><G127/><T65/><D65/><U52/><E64/><V72/><F72/><W122/><G122/><T56/><D56/><U67/><E57/><RYUUKYOKU ba="0,2" sc="79,15,279,-15,351,-15,271,15" hai0="5,11,15,62,66,70,87,88,89,93,94,100,102" hai3="9,12,16,26,31,33,40,47,48,53,58,60,76" /><INIT seed="3,1,2,1,2,37" ten="94,264,336,286" oya="3" hai0="11,19,79,105,111,2,88,22,106,23,96,71,7" hai1="110,93,107,32,122,68,33,38,76,65,73,86,25" hai2="48,63,34,60,12,27,58,117,103,36,45,90,123" hai3="130,72,104,51,131,100,4,116,91,119,83,49,128"/><W46/><G4/><T80/><D71/><U40/><E122/><V5/><F117/><N who="3" m="45131" /><G91/><T115/><D111/><U3/><E3/><V13/><F123/><W113/><G113/><T75/><D115/><U47/><E110/><V56/><F36/><W52/><G100/><T35/><D35/><U29/><E107/><V108/><F103/><W64/><G104/><T15/><REACH who="0" step="1"/><D23/><REACH who="0" ten="84,264,336,286" step="2"/><U77/><E33/><V41/><F108/><W16/><G131/><T66/><D66/><U50/><E73/><V125/><F34/><W112/><G64/><T8/><D8/><U62/><REACH who="1" step="1"/><E38/><REACH who="1" ten="84,254,336,286" step="2"/><V57/><F125/><W1/><G112/><T44/><D44/><U121/><E121/><V69/><F45/><W84/><G72/><T28/><D28/><U17/><E17/><V55/><F5/><W134/><G16/><T120/><D120/><U20/><E20/><V129/><F129/><W114/><G130/><T53/><D53/><U39/><E39/><V133/><F55/><W61/><G128/><T102/><D102/><U78/><E78/><V98/><F90/><AGARI ba="1,4" hai="25,29,32,40,47,50,62,65,68,76,77,86,90,93" machi="90" ten="40,2600,0" yaku="1,1,52,1,53,0" doraHai="37" doraHaiUra="126" who="1" fromWho="2" sc="84,0,254,69,336,-29,286,0" /><INIT seed="4,0,0,0,0,27" ten="84,323,307,286" oya="0" hai0="35,16,11,59,56,48,29,133,22,114,100,21,97" hai1="124,104,113,37,129,110,57,130,0,6,73,54,105" hai2="134,40,108,72,86,132,109,77,36,121,3,127,8" hai3="82,71,45,30,41,126,24,52,33,68,46,62,96"/><T50/><D114/><U39/><E110/><V112/><F86/><W90/><G126/><T88/><D35/><U19/><E73/><V80/><F121/><W98/><G46/><T101/><D133/><N who="2" m="51306" /><F112/><W9/><G9/><T102/><D11/><N who="1" m="2503" /><E113/><V116/><F127/><W12/><G12/><N who="0" m="9351" /><D48/><U128/><E124/><V65/><F65/><W10/><G10/><T34/><D34/><U42/><E19/><V49/><F49/><W25/><G25/><N who="0" m="16567" /><D50/><N who="1" m="30935" /><E42/><V61/><F61/><W69/><G41/><T17/><D17/><U123/><E123/><V106/><F106/><AGARI ba="0,0" hai="37,39,104,105,106,128,129,130" m="30935,2503" machi="106" ten="40,1300,0" yaku="19,1" doraHai="27" who="1" fromWho="2" sc="84,0,323,13,307,-13,286,0" /><INIT seed="5,0,0,5,0,12" ten="84,336,294,286" oya="1" hai0="43,58,32,54,80,99,85,3,97,118,106,126,23" hai1="34,47,104,0,38,93,132,94,8,105,56,135,4" hai2="44,41,134,117,50,125,84,79,1,130,59,112,108" hai3="110,11,91,21,5,78,71,53,77,68,25,14,100"/><U66/><E34/><V16/><F108/><W55/><G110/><T52/><D118/><U19/><E93/><V82/><F117/><W72/><G100/><T65/><D32/><U95/><E95/><V39/><F1/><W30/><G91/><T73/><D3/><U70/><E56/><V17/><F130/><W40/><G40/><T26/><D43/><N who="1" m="23031" /><E19/><V42/><F134/><N who="1" m="51241" /><E94/><V124/><F112/><W48/><G55/><T101/><D97/><U81/><E81/><V83/><F41/><W115/><G115/><T29/><D73/><U27/><E27/><V87/><F59/><W63/><G72/><T57/><D126/><N who="2" m="48746" /><F39/><W45/><REACH who="3" step="1"/><G63/><AGARI ba="0,0" hai="0,4,8,63,66,70,104,105" m="51241,23031" machi="63" ten="30,2900,0" yaku="20,1,23,1" doraHai="12" who="1" fromWho="3" sc="84,0,336,29,294,0,286,-29" /><INIT seed="5,1,0,4,3,96" ten="84,365,294,257" oya="1" hai0="48,28,51,7,15,121,87,132,105,106,12,95,30" hai1="55,43,1,128,24,127,112,82,49,66,65,116,60" hai2="133,40,84,129,79,17,90,35,8,37,19,33,2" hai3="74,23,57,107,10,63,45,115,34,69,58,42,11"/><U108/><E82/><V59/><F129/><W98/><G34/><T32/><D95/><U64/><E1/><V14/><F133/><W20/><G74/><T109/><D32/><U29/><E116/><V3/><F37/><W52/><G69/><T124/><D7/><U71/><E29/><V88/><F40/><W119/><G115/><T46/><D46/><N who="1" m="25823" /><E24/><V4/><F79/><W16/><G23/><T83/><D83/><U92/><E92/><V38/><F38/><W118/><G58/><T101/><D87/><U22/><E22/><V54/><F90/><W50/><G119/><T85/><D85/><U41/><E112/><V75/><F75/><W18/><G118/><T44/><D44/><U102/><E102/><V135/><F135/><W120/><G120/><T31/><D132/><U97/><E97/><V93/><F2/><W126/><G126/><T27/><D27/><U122/><E122/><V130/><F130/><W73/><G73/><T103/><D31/><U89/><E89/><V123/><F19/><W25/><REACH who="3" step="1"/><G18/><REACH who="3" ten="84,365,294,247" step="2"/><T114/><D114/><U47/><E127/><V21/><REACH who="2" step="1"/><F123/><REACH who="2" ten="84,365,284,247" step="2"/><W39/><G39/><T91/><D121/><U117/><E128/><V9/><F9/><W131/><G131/><T53/><D124/><U6/><E117/><V68/><F68/><W26/><G26/><T13/><D30/><U81/><E71/><V110/><F110/><W100/><AGARI ba="1,2" hai="10,11,16,20,25,42,45,50,52,57,63,98,100,107" machi="100" ten="30,12000,2" yaku="1,1,0,1,52,1,54,2,53,1" doraHai="96" doraHaiUra="99" who="3" fromWho="3" sc="84,-31,365,-61,284,-31,247,143" /><INIT seed="6,0,0,4,1,84" ten="53,304,253,390" oya="2" hai0="37,78,108,43,119,130,66,41,132,35,0,134,22" hai1="118,69,94,34,124,46,61,44,76,19,88,97,110" hai2="96,48,20,57,127,12,31,18,68,53,74,60,131" hai3="49,32,5,40,72,6,122,75,85,95,50,64,38"/><V103/><F131/><W107/><G107/><T7/><D35/><U58/><E118/><V99/><F127/><W28/><G38/><T126/><D108/><U79/><E110/><V29/><F74/><W30/><G64/><T10/><D78/><N who="1" m="29739" /><E69/><V114/><F114/><W27/><G40/><T101/><D119/><U91/><E34/><V116/><F116/><W81/><G95/><T70/><D126/><U21/><E124/><V80/><F80/><W1/><G1/><T67/><D130/><U93/><E93/><V89/><F103/><W90/><G122/><T25/><D101/><N who="1" m="60599" /><E46/><V117/><F117/><W15/><G75/><T135/><D37/><U55/><E44/><V63/><F68/><W82/><G72/><T100/><D100/><U104/><E104/><V14/><F14/><AGARI ba="0,0" hai="14,19,21,55,58,61,88,91" m="60599,29739" machi="14" ten="30,7700,0" yaku="8,1,52,2,54,1" doraHai="84" who="1" fromWho="2" sc="53,0,304,77,253,-77,390,0" /><INIT seed="7,0,0,3,4,48" ten="53,381,176,390" oya="3" hai0="76,26,94,4,37,45,123,68,53,24,50,64,117" hai1="36,46,62,11,44,28,86,15,60,135,96,83,118" hai2="9,32,66,12,112,0,69,99,33,59,125,84,115" hai3="87,5,82,122,25,92,39,130,129,100,85,109,16"/><W1/><G122/><T81/><D117/><U27/><E118/><V34/><F69/><W71/><G39/><T107/><D123/><U120/><E120/><V78/><F0/><W126/><G71/><T95/><D107/><U128/><E128/><N who="3" m="49258" /><G126/><T106/><D106/><U49/><E36/><V55/><F66/><W7/><G109/><T40/><D4/><N who="3" m="1609" /><G1/><T51/><D94/><U103/><E135/><V93/><F84/><W73/><G73/><T18/><D95/><N who="1" m="58783" /><E28/><V61/><F78/><W102/><G92/><T104/><D104/><U77/><E27/><V113/><F125/><W57/><G57/><T35/><D35/><U90/><E77/><V98/><F93/><W8/><G87/><T42/><D18/><AGARI ba="0,0" hai="9,12,18,32,33,34,55,59,61,98,99,112,113,115" machi="18" ten="50,3200,0" yaku="15,1,52,1" doraHai="48" who="2" fromWho="0" sc="53,-32,381,0,176,32,390,0" owari="21,-48.0,381,18.0,208,-19.0,390,49.0" /></mjloggm>