<mjloggm ver="2.3"><GO type="41" lobby="0"/><UN n0="%E3%81%84%E3%81%A1%E3%81%AE%E3%81%9B%E3%81%BB%E3%81%AA%E3%81%BF" n1="%E2%93%9D%53%75%70%68%78" n2="%E6%8E%A5%E7%B7%9A%4C" n3="%E5%87%AA%4E%61%67%69" dan="15,18,15,15" rate="2083.57,2138.71,2035.22,1965.04" sx="F,M,M,M"/><TAIKYOKU oya="0"/><INIT seed="0,0,0,3,1,39" ten="250,250,250,250" oya="0" hai0="99,103,52,101,10,49,58,132,16,113,46,86,73" hai1="106,21,105,100,80,121,89,61,31,133,91,82,129" hai2="114,122,119,134,66,40,7,8,54,62,125,60,2" hai3="107,38,112,37,12,17,1,0,56,26,79,72,92"/><T120/><D73/><U111/><E31/><V123/><F114/><W97/><G107/><N who="1" m="40970" /><E21/><V45/><F62/><W87/><G112/><T81/><D113/><U74/><E61/><V50/><F125/><W34/><G87/><T41/><D120/><U90/><E129/><V116/><F134/><W35/><G56/><T14/><D132/><U67/><E67/><V68/><REACH who="2" step="1"/><F54/><REACH who="2" ten="250,250,240,250" step="2"/><W51/><G35/><T102/><D99/><U63/><E63/><V109/><F109/><W22/><G34/><T115/><D115/><U55/><E55/><V18/><F18/><W131/><G97/><T96/><D96/><U69/><E133/><V9/><F9/><W127/><G127/><T42/><REACH who="0" step="1"/><D58/><REACH who="0" ten="240,250,240,250" step="2"/><U23/><E121/><AGARI ba="0,2" hai="2,7,8,40,45,50,60,66,68,116,119,121,122,123" machi="121" ten="40,2600,0" yaku="1,1,52,1,53,0" doraHai="39" doraHaiUra="75" who="2" fromWho="1" sc="240,0,250,-26,240,46,250,0" /><INIT seed="1,0,0,5,5,26" ten="240,224,286,250" oya="1" hai0="5,0,115,80,19,114,13,20,40,74,106,132,37" hai1="117,134,38,14,112,103,68,127,116,94,129,1,93" hai2="3,57,71,82,95,51,36,89,63,29,49,107,123" hai3="121,28,100,98,27,64,101,97,7,2,32,47,76"/><U85/><E1/><V4/><F71/><W8/><G121/><T17/><D132/><U113/><E14/><V52/><F107/><W30/><G64/><T102/><D102/><U133/><E38/><V22/><F36/><W75/><G47/><N who="0" m="23951" /><D19/><U12/><E12/><V96/><F123/><W120/><G120/><T45/><D45/><U50/><E50/><V23/><F23/><W34/><G100/><T128/><D106/><U81/><E68/><V83/><F4/><W99/><G76/><N who="0" m="44055" /><D128/><U79/><E127/><V11/><F11/><AGARI ba="0,0" hai="0,5,11,13,17,20,114,115" m="44055,23951" machi="11" ten="30,1000,0" yaku="25,1" doraHai="26" who="0" fromWho="2" sc="240,10,224,0,286,-10,250,0" /><INIT seed="2,0,0,5,1,8" ten="250,224,276,250" oya="2" hai0="124,1,67,125,118,79,87,113,76,135,55,133,22" hai1="122,43,81,12,50,52,116,32,13,84,108,123,72" hai2="89,102,53,91,10,68,14,38,51,23,20,95,18" hai3="120,19,85,44,82,37,103,4,86,16,99,46,41"/><V45/><F68/><W130/><G120/><N who="1" m="46122" /><E116/><V128/><F128/><W80/><G130/><T61/><D118/><U77/><E108/><V73/><F73/><W49/><G4/><T90/><D1/><U35/><E43/><V6/><F38/><W31/><G31/><T112/><D55/><U132/><E132/><N who="0" m="50761" /><D22/><U36/><E36/><V27/><F23/><W15/><G19/><T34/><D34/><N who="1" m="12843" /><E72/><V121/><F121/><W7/><G7/><T105/><D105/><U117/><E117/><V64/><F64/><W71/><G71/><N who="0" m="42479" /><D113/><U62/><E62/><V100/><REACH who="2" step="1"/><F91/><REACH who="2" ten="250,224,266,250" step="2"/><W119/><G119/><T96/><D112/><U88/><E77/><N who="0" m="29769" /><D96/><AGARI ba="0,1" hai="6,10,14,18,20,27,45,51,53,89,95,96,100,102" machi="96" ten="30,11600,0" yaku="1,1,7,1,8,1,52,1,53,0" doraHai="8" doraHaiUra="129" who="2" fromWho="0" sc="250,-116,224,0,266,126,250,0" /><INIT seed="2,1,0,0,5,67" ten="134,224,392,250" oya="2" hai0="132,98,50,24,135,51,77,104,129,34,88,17,92" hai1="59,38,60,46,125,134,47,68,116,130,37,123,61" hai2="99,69,82,31,131,117,22,15,109,18,96,118,105" hai3="55,111,25,3,106,73,133,119,10,49,80,85,63"/><V121/><F121/><W128/><G119/><T112/><D112/><U126/><E116/><V32/><F99/><W75/><G106/><T81/><D104/><U16/><E16/><V54/><F131/><W21/><G111/><T7/><D7/><U48/><E134/><N who="0" m="51241" /><D129/><U12/><E12/><V44/><F109/><W64/><G128/><T45/><D45/><N who="1" m="16907" /><E130/><V41/><F54/><W11/><G3/><T4/><D4/><U27/><E27/><V13/><F13/><W113/><G113/><T115/><D115/><U72/><E72/><V28/><F28/><W2/><G2/><T74/><D17/><U43/><E123/><V1/><F1/><W39/><G39/><N who="1" m="14858" /><E43/><V107/><F107/><W29/><G75/><T65/><D65/><N who="1" m="40999" /><E48/><V58/><F41/><W35/><G35/><T103/><D103/><U76/><E76/><V108/><F82/><W19/><G29/><AGARI ba="1,0" hai="24,29,34,50,51,74,77,81,88,92,98" m="51241" machi="29" ten="30,2000,0" yaku="20,1,54,1" doraHai="67" who="0" fromWho="3" sc="134,23,224,0,392,0,250,-23" /><INIT seed="3,0,0,2,0,15" ten="157,224,392,227" oya="3" hai0="32,87,35,134,120,59,93,5,82,123,27,20,39" hai1="43,58,122,95,6,60,65,74,1,132,80,121,79" hai2="48,118,4,103,25,45,18,129,21,53,29,111,76" hai3="34,102,78,9,86,57,109,67,104,75,135,105,73"/><W68/><G34/><T61/><D39/><U88/><E132/><V38/><F111/><W7/><G135/><T33/><D134/><U49/><E6/><V91/><F129/><W128/><G128/><T100/><D5/><U69/><E1/><V110/><F110/><W131/><G131/><T3/><D3/><U16/><E43/><V37/><F103/><W31/><G31/><T70/><D70/><U98/><E49/><V2/><F76/><W28/><G28/><T62/><D62/><U8/><REACH who="1" step="1"/><E69/><REACH who="1" ten="157,214,392,227" step="2"/><V81/><F4/><W63/><G68/><T124/><D123/><U115/><E115/><V46/><F2/><W127/><G109/><T22/><D120/><U30/><E30/><V36/><F29/><W77/><G75/><T56/><D35/><U133/><E133/><V108/><F108/><W66/><G73/><T14/><D33/><U114/><E114/><V19/><F38/><W96/><G7/><T119/><D32/><U40/><E40/><V12/><F37/><W92/><G105/><T90/><D124/><U117/><E117/><V72/><F118/><W54/><G104/><T50/><D50/><U52/><E52/><V126/><F126/><W0/><G127/><T84/><D119/><U94/><E94/><V41/><F72/><W113/><G113/><T47/><D93/><U64/><E64/><V71/><F71/><W83/><G67/><T89/><D82/><U112/><E112/><V55/><F81/><W51/><G0/><T24/><D47/><U10/><E10/><N who="2" m="6423" /><F55/><W44/><G9/><T107/><D107/><U23/><E23/><RYUUKYOKU ba="0,1" sc="157,-30,214,10,392,10,227,10" hai1="8,16,58,60,65,74,79,80,88,95,98,121,122" hai2="19,21,25,36,41,45,46,48,53,91" hai3="44,51,54,57,63,66,77,78,83,86,92,96,102" /><INIT seed="3,1,1,3,0,61" ten="127,224,402,237" oya="3" hai0="93,113,75,72,12,64,43,35,111,37,96,87,120" hai1="3,52,30,125,36,1,81,14,41,39,134,108,49" hai2="122,10,38,24,69,6,44,104,110,84,90,59,76" hai3="98,19,85,0,57,32,106,123,29,58,21,48,54"/><W135/><G123/><T2/><D120/><U130/><E108/><V60/><F110/><W16/><G0/><T101/><D2/><U86/><E130/><V53/><F104/><W63/><G32/><T55/><D111/><U119/><E134/><V11/><F76/><W34/><G34/><T33/><D33/><U94/><E125/><V92/><F24/><N who="3" m="16527" /><G106/><T107/><D35/><U131/><E41/><N who="2" m="22583" /><F6/><W73/><G73/><T68/><D113/><U99/><E119/><V115/><F115/><W103/><G103/><T42/><D42/><U25/><E131/><V129/><F129/><W70/><G70/><T124/><D124/><U121/><E39/><V116/><F116/><W27/><G135/><T28/><D43/><U79/><E36/><V71/><F71/><W89/><G98/><T133/><D37/><U100/><E121/><V20/><F20/><W56/><G27/><T80/><D133/><U22/><REACH who="1" step="1"/><E14/><REACH who="1" ten="127,214,402,237" step="2"/><V105/><F122/><W88/><G89/><T4/><D12/><U45/><AGARI ba="1,2" hai="1,3,22,25,30,45,49,52,79,81,86,94,99,100" machi="45" ten="20,12000,2" yaku="1,1,2,1,0,1,7,1,54,1,53,1" doraHai="61" doraHaiUra="18" who="1" fromWho="1" sc="127,-31,214,143,402,-31,237,-61" /><INIT seed="4,0,0,0,0,55" ten="96,357,371,176" oya="0" hai0="56,73,51,104,81,17,85,83,78,134,133,91,26" hai1="15,13,6,82,93,25,97,10,121,7,37,11,77" hai2="35,107,0,36,135,95,131,67,130,125,22,115,105" hai3="63,47,42,98,132,68,74,38,113,62,102,23,119"/><T21/><REACH who="0" step="1"/><D104/><REACH who="0" ten="86,357,371,176" step="2"/><U99/><E121/><V103/><F105/><W8/><G119/><T127/><D127/><U45/><E93/><V1/><F95/><W14/><G132/><T53/><AGARI ba="0,1" hai="17,21,26,51,53,56,73,78,81,83,85,91,133,134" machi="53" ten="30,11700,0" yaku="21,2,0,1,52,1,53,0" doraHai="55" doraHaiUra="5" who="0" fromWho="0" sc="86,127,357,-39,371,-39,176,-39" /><INIT seed="4,1,0,1,3,119" ten="213,318,332,137" oya="0" hai0="106,21,16,101,33,27,121,2,13,24,8,122,32" hai1="29,77,39,15,42,133,49,47,57,63,128,131,70" hai2="18,20,66,110,98,112,5,30,56,105,22,111,65" hai3="90,31,81,3,78,55,74,54,135,89,45,68,60"/><T99/><D27/><U72/><E77/><V12/><F112/><W127/><G127/><T123/><REACH who="0" step="1"/><D2/><REACH who="0" ten="203,318,332,137" step="2"/><U71/><E15/><V25/><F25/><W0/><G3/><T35/><D35/><U62/><E29/><AGARI ba="1,1" hai="8,13,16,21,24,29,32,33,99,101,106,121,122,123" machi="29" ten="40,12000,1" yaku="1,1,52,3,54,1,53,0" doraHai="119" doraHaiUra="69" who="0" fromWho="1" sc="203,133,318,-123,332,0,137,0" /><INIT seed="4,2,0,5,2,114" ten="336,195,332,137" oya="0" hai0="63,105,134,88,91,43,0,125,118,75,70,3,21" hai1="37,1,115,74,71,113,17,128,116,2,112,53,133" hai2="24,85,25,58,6,101,126,31,39,111,100,97,55" hai3="127,8,45,68,83,98,11,107,64,121,77,57,23"/><T124/><D134/><U40/><E133/><V90/><F111/><W103/><G121/><T47/><D75/><U122/><E122/><V95/><F39/><W89/><G127/><N who="0" m="48715" /><D105/><U80/><E128/><V62/><F126/><W36/><G68/><T117/><D21/><U29/><E53/><V94/><F6/><W99/><G98/><T119/><D70/><U123/><E123/><V44/><F44/><W82/><G89/><N who="0" m="34379" /><D63/><U72/><E72/><V48/><F101/><W87/><G82/><T130/><D130/><U18/><E80/><V42/><F42/><W96/><G96/><T67/><D67/><U16/><E74/><V92/><F92/><W38/><G23/><T35/><D35/><U86/><E71/><V120/><F120/><W9/><G64/><T60/><D60/><U93/><E93/><V15/><F62/><W19/><G19/><T132/><D132/><U108/><E115/><V56/><F56/><W131/><G131/><T54/><D54/><U27/><E113/><V49/><F58/><W41/><G57/><T10/><D10/><U34/><E112/><V32/><F55/><W51/><AGARI ba="2,0" hai="8,9,11,36,38,41,45,51,77,83,87,99,103,107" machi="51" ten="30,1100,0" yaku="0,1" doraHai="114" who="3" fromWho="3" sc="336,-7,195,-5,332,-5,137,17" /><INIT seed="5,0,0,3,3,39" ten="329,190,327,154" oya="1" hai0="49,42,53,121,102,95,66,34,103,56,90,119,21" hai1="0,35,67,57,82,72,5,26,131,107,133,86,94" hai2="97,1,93,77,85,31,17,71,68,44,112,96,106" hai3="24,38,27,105,127,12,45,104,83,14,11,108,22"/><U51/><E107/><V126/><F1/><W65/><G108/><T101/><D34/><U62/><E131/><V13/><F31/><W111/><G111/><T116/><D121/><U124/><E133/><V9/><F126/><W73/><G127/><T25/><D66/><U130/><E130/><V15/><F112/><W123/><G123/><T6/><D6/><U54/><E72/><V3/><F3/><W87/><G73/><T132/><D132/><U29/><E94/><V92/><F106/><W122/><G122/><T115/><D115/><U114/><E124/><V88/><F77/><W98/><G65/><T50/><D119/><U89/><E114/><V129/><F129/><W16/><G105/><T75/><D75/><U63/><REACH who="1" step="1"/><E67/><REACH who="1" ten="329,180,327,154" step="2"/><V70/><F93/><W100/><G38/><T76/><D95/><U52/><E52/><V41/><F85/><W4/><REACH who="3" step="1"/><G45/><REACH who="3" ten="329,180,327,144" step="2"/><T79/><D116/><U10/><AGARI ba="0,2" hai="0,5,10,26,29,35,51,54,57,62,63,82,86,89" machi="10" ten="30,3000,0" yaku="1,1,0,1,53,0" doraHai="39" doraHaiUra="69" who="1" fromWho="1" sc="329,-10,180,50,327,-10,144,-10" /><INIT seed="5,1,0,1,5,38" ten="319,230,317,134" oya="1" hai0="42,33,71,67,56,54,31,55,87,1,119,85,10" hai1="45,53,49,7,44,47,15,127,83,68,102,94,77" hai2="14,73,76,50,57,30,37,93,129,24,104,79,28" hai3="106,117,97,13,19,21,114,20,62,133,95,35,125"/><U101/><E68/><V131/><F104/><W74/><G74/><T96/><D119/><U128/><E128/><N who="2" m="49227" /><F37/><W80/><G35/><T12/><D1/><U64/><E127/><V118/><F73/><W23/><G125/><T6/><D71/><U16/><E64/><V66/><F30/><W58/><G117/><T90/><D33/><U9/><E7/><V111/><F111/><W5/><G133/><T99/><D87/><N who="1" m="48623" /><E94/><V18/><F93/><W124/><G124/><T70/><D31/><U46/><AGARI ba="1,0" hai="9,15,16,44,45,46,47,49,53,101,102" m="48623" machi="46" ten="30,3000,0" yaku="8,1,54,1" doraHai="38" who="1" fromWho="1" sc="319,-11,230,33,317,-11,134,-11" /><INIT seed="5,2,0,1,4,125" ten="308,263,306,123" oya="1" hai0="64,27,66,108,69,9,58,90,118,37,57,39,97" hai1="60,84,123,3,103,102,106,67,127,68,61,31,95" hai2="91,74,20,116,22,48,124,114,104,8,43,105,1" hai3="93,101,49,34,110,113,92,94,99,13,44,122,15"/><U119/><E119/><V107/><F74/><W55/><G122/><T21/><D108/><U6/><E123/><V129/><F1/><W36/><G110/><T111/><D118/><U100/><E127/><V62/><F8/><W121/><G121/><T96/><D9/><U42/><E106/><V14/><F62/><W23/><G34/><T46/><D111/><U120/><E120/><V19/><F124/><W77/><G113/><T11/><D11/><U63/><E42/><V112/><F116/><W16/><G36/><T128/><D46/><U131/><E31/><V78/><F78/><W82/><REACH who="3" step="1"/><G13/><REACH who="3" ten="308,263,306,113" step="2"/><T47/><D39/><U109/><E109/><V76/><F14/><W40/><G40/><T86/><D37/><U26/><E3/><V28/><F43/><W25/><G25/><T72/><D27/><U56/><E26/><V87/><F112/><W5/><G5/><T7/><D7/><U135/><E6/><V52/><F114/><W134/><G134/><T17/><D17/><U24/><E135/><V18/><F19/><W10/><G10/><T75/><D21/><U54/><E24/><V73/><F18/><W80/><G80/><T30/><D30/><U35/><E35/><V2/><F2/><W89/><G89/><T133/><D90/><N who="1" m="53703" /><E68/><V65/><F28/><W45/><G45/><T41/><D69/><U38/><E38/><V98/><F91/><W88/><G88/><T32/><D41/><U59/><E131/><V70/><F70/><W12/><G12/><T126/><D128/><U117/><E117/><V51/><F76/><W53/><G53/><RYUUKYOKU ba="2,1" sc="308,-15,263,15,306,-15,113,15" hai1="54,56,59,60,61,63,67,100,102,103" hai3="15,16,23,44,49,55,77,82,92,93,94,99,101" /><INIT seed="5,3,1,0,2,76" ten="293,278,291,128" oya="1" hai0="107,20,15,101,10,96,45,122,51,102,98,28,61" hai1="29,86,71,108,19,39,81,35,130,80,43,103,133" hai2="26,111,37,16,56,88,100,118,112,11,6,34,85" hai3="124,14,70,27,4,21,109,1,12,44,55,68,115"/><U90/><E71/><V95/><F118/><W54/><G109/><T65/><D122/><U94/><E108/><V132/><F111/><W92/><G124/><T49/><D28/><U22/><E130/><V113/><F37/><W46/><G115/><N who="2" m="44105" /><F132/><W123/><G92/><T8/><D20/><U18/><E35/><V126/><F126/><W128/><G128/><T117/><D117/><U62/><E39/><V9/><F100/><W106/><G106/><T72/><D72/><U105/><E43/><V25/><F34/><W60/><G60/><T7/><D10/><U121/><E121/><V74/><F74/><W77/><G77/><T104/><REACH who="0" step="1"/><D45/><REACH who="0" ten="283,278,291,128" step="2"/><U13/><E29/><V64/><F11/><W82/><G123/><T66/><D66/><U17/><E133/><V125/><F125/><W42/><G46/><T79/><D79/><U50/><E22/><V38/><F64/><W31/><G1/><T116/><D116/><U75/><E75/><V48/><F9/><W32/><G32/><T73/><D73/><U53/><E13/><V23/><F23/><W36/><G14/><T3/><D3/><U0/><E0/><V33/><F33/><W134/><G134/><T41/><D41/><U5/><E5/><V2/><F6/><W99/><G12/><T135/><D135/><U40/><E40/><V52/><F2/><W84/><G4/><T87/><D87/><U127/><E127/><V30/><F30/><W24/><G24/><N who="2" m="9321" /><F16/><W114/><G114/><T59/><AGARI ba="3,2" hai="7,8,15,49,51,59,61,65,96,98,101,102,104,107" machi="59" ten="20,5200,0" yaku="1,1,0,1,7,1,9,1,53,0" doraHai="76" doraHaiUra="83" who="0" fromWho="0" sc="283,81,278,-29,291,-16,128,-16" /><INIT seed="6,0,0,3,3,122" ten="364,249,275,112" oya="2" hai0="95,92,134,109,108,106,66,29,96,117,84,65,116" hai1="15,25,110,114,124,112,105,9,17,103,90,111,102" hai2="101,133,93,77,14,115,123,19,85,104,31,87,60" hai3="71,62,70,18,3,119,51,47,39,58,36,125,97"/><V75/><F123/><W107/><G3/><T74/><D74/><U89/><E124/><V54/><F31/><W22/><G107/><T8/><D8/><U81/><E25/><V52/><F115/><N who="1" m="44073" /><E105/><V46/><F133/><W59/><G97/><T69/><D134/><U129/><E129/><V38/><F104/><W94/><G94/><N who="0" m="35883" /><D29/><U28/><E28/><V13/><F77/><W37/><G22/><T80/><D69/><N who="3" m="26121" /><G18/><T135/><D66/><U88/><E81/><V100/><F75/><W23/><G23/><T41/><D65/><U98/><E98/><N who="2" m="59471" /><F38/><W40/><G125/><T5/><D41/><U35/><E35/><V132/><F132/><W44/><G119/><N who="0" m="45643" /><D5/><U73/><E73/><V2/><F101/><AGARI ba="0,0" hai="9,15,17,88,89,90,101,102,103,110,111" m="44073" machi="101" ten="30,7700,0" yaku="15,1,52,2,54,1" doraHai="122" who="1" fromWho="2" sc="364,0,249,77,275,-77,112,0" /><INIT seed="7,0,0,5,5,59" ten="364,326,198,112" oya="3" hai0="94,63,45,42,13,131,29,135,124,69,26,133,83" hai1="34,82,112,111,122,81,80,36,99,97,24,41,31" hai2="56,7,53,17,72,43,108,22,79,0,61,123,8" hai3="25,12,57,101,6,132,38,134,64,115,92,98,129"/><W33/><G38/><T78/><D124/><U107/><E111/><V110/><F43/><W106/><G106/><T126/><D126/><U103/><E112/><V105/><F105/><W20/><G33/><T48/><D131/><U71/><E99/><V4/><F4/><W117/><G117/><T65/><D13/><U109/><E109/><V40/><F40/><W9/><G129/><T58/><D94/><U86/><E122/><V90/><F123/><W68/><G68/><T102/><D102/><U128/><E128/><V30/><F79/><W32/><G32/><T46/><D46/><U91/><E41/><V52/><F72/><W27/><G115/><T73/><REACH who="0" step="1"/><D69/><REACH who="0" ten="354,326,198,112" step="2"/><U3/><E3/><V67/><F0/><W127/><G127/><T70/><D70/><U93/><REACH who="1" step="1"/><E71/><REACH who="1" ten="354,316,198,112" step="2"/><V125/><F125/><W39/><G39/><AGARI ba="0,2" hai="24,31,34,36,39,80,81,82,86,91,93,97,103,107" machi="39" ten="40,2600,0" yaku="1,1,2,1,53,0" doraHai="59" doraHaiUra="18" who="1" fromWho="3" sc="354,0,316,46,198,0,112,-26" owari="354,15.0,362,46.0,198,-20.0,86,-41.0" /></mjloggm>