<mjloggm ver="2.3"><GO type="41" lobby="0"/><UN n0="%42%41%54%41%43%4F" n1="%E2%93%9D%53%75%70%68%78" n2="%E3%81%82%E3%81%B3%E3%81%B0" n3="%4D%E5%B0%82%E5%8B%99" dan="15,18,14,16" rate="2046.18,2121.65,1871.75,2145.85" sx="F,M,F,M"/><TAIKYOKU oya="0"/><INIT seed="0,0,0,5,2,102" ten="250,250,250,250" oya="0" hai0="15,6,104,106,63,19,119,117,74,101,14,24,88" hai1="67,52,126,10,96,107,116,84,109,5,13,58,72" hai2="95,43,123,32,94,97,41,3,115,29,68,89,7" hai3="11,85,45,28,62,0,73,131,80,99,54,48,39"/><T38/><D38/><U30/><E116/><V21/><F123/><W2/><G131/><T59/><D74/><U4/><E72/><V78/><F115/><W100/><G73/><T90/><D24/><U134/><E109/><V20/><F68/><W40/><G28/><T133/><D133/><U64/><E126/><V53/><F78/><W55/><G62/><T128/><D128/><U17/><E30/><V22/><F32/><W37/><G37/><T65/><D119/><U121/><E121/><V70/><F70/><W8/><G55/><T135/><D135/><U26/><E84/><V76/><F76/><W34/><G34/><T113/><D113/><U118/><E118/><V130/><F130/><W42/><G42/><T87/><D101/><U66/><E26/><V50/><F3/><W93/><G0/><T69/><D90/><U23/><E23/><V75/><F7/><W77/><G2/><T16/><D69/><U44/><E44/><AGARI ba="0,0" hai="8,11,39,40,44,45,48,54,77,80,85,93,99,100" machi="44" ten="30,1000,0" yaku="7,1" doraHai="102" who="3" fromWho="1" sc="250,0,250,-10,250,0,250,10" /><INIT seed="1,0,0,0,3,135" ten="250,240,250,260" oya="1" hai0="134,120,46,12,53,11,6,117,61,84,0,65,55" hai1="23,90,123,32,20,95,92,91,121,114,133,82,66" hai2="26,116,104,41,54,86,57,72,73,113,38,2,127" hai3="132,37,80,99,110,79,30,88,96,85,22,52,124"/><U109/><E32/><V45/><F116/><W81/><G132/><T48/><D117/><U13/><E133/><V106/><F113/><W16/><G37/><T126/><D134/><U24/><E82/><V89/><F2/><W87/><G30/><T83/><D120/><U34/><E34/><V28/><F127/><W100/><G124/><T31/><D31/><U59/><E13/><V118/><F73/><W93/><G110/><T7/><D126/><U49/><E49/><V18/><F18/><W111/><G111/><T15/><D7/><U75/><E75/><V39/><F39/><W8/><G8/><T43/><D15/><U119/><E109/><V3/><F3/><W105/><G52/><T69/><REACH who="0" step="1"/><D0/><REACH who="0" ten="240,240,250,260" step="2"/><U42/><E119/><V67/><F118/><W108/><G108/><T115/><D115/><U78/><E114/><V131/><F28/><W74/><G81/><T4/><D4/><U25/><E123/><V29/><F29/><W56/><G56/><T36/><D36/><U40/><E121/><V64/><F38/><W19/><G19/><T1/><D1/><U107/><E59/><V128/><F57/><W129/><G129/><T97/><D97/><U70/><E70/><V33/><F131/><W98/><G98/><T10/><D10/><U122/><E122/><V14/><F14/><AGARI ba="0,1" hai="14,16,22,74,79,80,85,87,88,93,96,99,100,105" machi="14" ten="30,3900,0" yaku="7,1,54,2" doraHai="135" who="3" fromWho="2" sc="240,0,240,0,250,-39,260,49" /><INIT seed="2,0,0,2,5,108" ten="240,240,211,309" oya="2" hai0="33,31,58,84,78,116,130,71,39,28,5,72,10" hai1="21,65,121,52,6,32,96,18,67,55,85,127,79" hai2="93,26,20,119,23,51,97,35,36,64,30,0,109" hai3="54,60,107,37,59,87,82,129,45,114,63,83,81"/><V80/><F119/><W53/><G107/><T100/><D84/><U102/><E32/><V68/><F36/><W50/><G129/><T19/><D58/><U14/><E127/><V24/><F0/><W61/><G37/><T11/><D100/><U44/><E121/><V46/><F109/><W104/><G104/><T48/><D48/><U8/><E79/><V94/><F80/><W115/><REACH who="3" step="1"/><G87/><REACH who="3" ten="240,240,211,299" step="2"/><T131/><D39/><U3/><E85/><V89/><F68/><W57/><G57/><T122/><D71/><U73/><E73/><V38/><F38/><W17/><G17/><T135/><D72/><U123/><E123/><V25/><F64/><W92/><G92/><T62/><D19/><U91/><E67/><V111/><F111/><W1/><G1/><T41/><D122/><U22/><E65/><V113/><F35/><W77/><G77/><T4/><D33/><U27/><E3/><V74/><F74/><W125/><G125/><T69/><D69/><U124/><E124/><V7/><F94/><W132/><G132/><T56/><D135/><U118/><E18/><V95/><F7/><W15/><G15/><T88/><D56/><U12/><E12/><V76/><F76/><W75/><G75/><T133/><D133/><U126/><E126/><V101/><F30/><W42/><G42/><T103/><D41/><U128/><E6/><V49/><F26/><W117/><G117/><T98/><D116/><U2/><E118/><V40/><F25/><W66/><G66/><T110/><D110/><U70/><E27/><V86/><F24/><W13/><G13/><RYUUKYOKU ba="0,1" sc="240,-10,240,-10,211,-10,299,30" hai3="45,50,53,54,59,60,61,63,81,82,83,114,115" /><INIT seed="3,1,1,1,4,13" ten="230,230,201,329" oya="3" hai0="111,24,128,114,126,69,107,93,43,90,60,91,20" hai1="54,65,62,104,2,9,88,27,125,41,109,129,26" hai2="28,81,40,63,72,121,80,82,15,7,87,75,99" hai3="53,135,77,8,37,6,79,110,112,92,56,35,102"/><W10/><G112/><T0/><D0/><U12/><E104/><V113/><F113/><W22/><G35/><T48/><D107/><U67/><E2/><V116/><F116/><W34/><G34/><T100/><D114/><U17/><E109/><V115/><F115/><W29/><G37/><T84/><D126/><U96/><E129/><V89/><F121/><W119/><G119/><T25/><D111/><U86/><E41/><V50/><F28/><W36/><G36/><T21/><D69/><U44/><E96/><V33/><F33/><W83/><G110/><T49/><D128/><U14/><E14/><V130/><F130/><W70/><G70/><T71/><D71/><U123/><E125/><V103/><F63/><W46/><G46/><T74/><D74/><U11/><E11/><V76/><F40/><W4/><G10/><T105/><D60/><U97/><E97/><V5/><F50/><W42/><G8/><T52/><D91/><U32/><E32/><V59/><F15/><W61/><G42/><T85/><D85/><U124/><E123/><V64/><F59/><W23/><G29/><N who="0" m="17543" /><D43/><U131/><E124/><V39/><F39/><W98/><G79/><T122/><D122/><U55/><E131/><V95/><REACH who="2" step="1"/><F64/><REACH who="2" ten="230,230,191,329" step="2"/><N who="1" m="24649" /><E62/><V51/><F51/><W38/><G38/><T66/><D66/><U118/><E118/><V18/><F18/><W73/><G135/><T57/><D49/><N who="1" m="28967" /><E55/><V94/><F94/><AGARI ba="1,2" hai="9,12,17,26,27,86,88,94" m="28967,24649" machi="94" ten="30,3900,0" yaku="8,1,52,1,54,1" doraHai="13" who="1" fromWho="2" sc="230,0,230,62,191,-42,329,0" /><INIT seed="4,0,0,5,2,59" ten="230,292,149,329" oya="0" hai0="11,103,21,17,30,56,79,35,98,73,77,44,76" hai1="2,132,52,111,3,97,19,65,60,72,8,80,41" hai2="69,46,23,48,68,62,134,50,63,105,18,81,94" hai3="36,71,117,15,112,118,116,123,6,101,31,128,43"/><T91/><D35/><U5/><E111/><V22/><F105/><W100/><G112/><T40/><D73/><U25/><E41/><V20/><F134/><W12/><G128/><T78/><N who="0" m="19456" /><DORA hai="9" /><T106/><D30/><U93/><E132/><V133/><F81/><W86/><G71/><T119/><D119/><U109/><E109/><V1/><F1/><W75/><G75/><T27/><D11/><U38/><E38/><V49/><F133/><W64/><G64/><T10/><D10/><U83/><E3/><V110/><F110/><W96/><G6/><T54/><D91/><U26/><E72/><V66/><F94/><W24/><G86/><T0/><D0/><U61/><E65/><V107/><F107/><W99/><G123/><T70/><D70/><N who="2" m="27242" /><F18/><W125/><G43/><T104/><D104/><U87/><E19/><V37/><F66/><W89/><G89/><T13/><D27/><U53/><E26/><V45/><F37/><W122/><G36/><T131/><D131/><U85/><E25/><V95/><F95/><W129/><G129/><T67/><D67/><U33/><E33/><V47/><AGARI ba="0,0" hai="20,22,23,45,46,47,48,49,50,62,63" m="27242" machi="47" ten="40,12000,2" yaku="29,2,28,2,52,2" doraHai="59,9" who="2" fromWho="2" sc="230,-60,292,-30,149,120,329,-30" /><INIT seed="5,0,0,5,3,71" ten="170,262,269,299" oya="1" hai0="32,94,82,74,93,127,120,121,90,124,65,12,95" hai1="34,66,112,91,107,75,51,61,81,69,33,27,10" hai2="55,4,20,38,23,44,59,30,99,2,87,97,68" hai3="24,109,58,22,17,62,53,26,6,76,35,126,114"/><U56/><E112/><V48/><F68/><W57/><G109/><T5/><D32/><U31/><E107/><V103/><F2/><W108/><G108/><T16/><D65/><U43/><E10/><V116/><F4/><W79/><G114/><T13/><D5/><U113/><E113/><V125/><F116/><W25/><G126/><N who="0" m="48171" /><D13/><U101/><E101/><V77/><F125/><W80/><G35/><T119/><D119/><U29/><E75/><V3/><F3/><W86/><G6/><T122/><D82/><U60/><E43/><V85/><F77/><W123/><G123/><N who="0" m="31491" /><T1/><DORA hai="36" /><D1/><U40/><E81/><V106/><F99/><W131/><G131/><T105/><D105/><U11/><E11/><V128/><F128/><W54/><REACH who="3" step="1"/><G76/><REACH who="3" ten="170,262,269,289" step="2"/><T28/><D28/><U118/><E31/><V73/><F30/><W63/><AGARI ba="0,1" hai="17,22,24,25,26,53,54,57,58,62,63,79,80,86" machi="63" ten="20,16000,3" yaku="1,1,2,1,0,1,7,1,9,1,8,1,53,2" doraHai="71,36" doraHaiUra="132,49" who="3" fromWho="3" sc="170,-40,262,-80,269,-40,289,170" /><INIT seed="6,0,0,2,2,127" ten="130,182,229,459" oya="2" hai0="131,115,27,94,19,56,41,1,22,110,17,37,122" hai1="102,118,76,86,69,72,113,71,109,129,10,83,130" hai2="96,14,7,36,16,132,24,88,107,42,60,114,6" hai3="112,84,11,82,35,43,59,48,117,101,93,30,4"/><V133/><F114/><W75/><G117/><T18/><D110/><U65/><E118/><V108/><F108/><W80/><G112/><T40/><D115/><U9/><E113/><V0/><F0/><W58/><G75/><T134/><D122/><U51/><E109/><V125/><F125/><W74/><G74/><T121/><D121/><U26/><E102/><V73/><F73/><W39/><G39/><T99/><D1/><U57/><E26/><V70/><F24/><W31/><G35/><T119/><D119/><U61/><E72/><V29/><F29/><W33/><G33/><T34/><D34/><U13/><E10/><V68/><F42/><W67/><G59/><T12/><D134/><N who="2" m="51818" /><F36/><W135/><G82/><T95/><D131/><N who="1" m="50187" /><E51/><V5/><F60/><W44/><G93/><T45/><D41/><U49/><E49/><V55/><F55/><W104/><G101/><T126/><D126/><U111/><E111/><V21/><F107/><W90/><G104/><T54/><D95/><AGARI ba="0,0" hai="5,6,7,14,16,21,68,70,88,95,96" m="51818" machi="95" ten="30,5800,0" yaku="20,1,54,2" doraHai="127" who="2" fromWho="0" sc="130,-58,182,0,229,58,459,0" /><INIT seed="6,1,0,5,3,64" ten="72,182,287,459" oya="2" hai0="54,120,71,90,33,74,40,104,2,32,93,91,5" hai1="36,123,128,103,113,41,85,42,76,67,10,7,34" hai2="83,20,49,9,96,94,92,14,78,1,77,53,4" hai3="63,80,126,58,81,57,19,12,121,6,131,65,132"/><V109/><F109/><W108/><G108/><T110/><D104/><U118/><E118/><V31/><F94/><W60/><G126/><T18/><D74/><U62/><E34/><V111/><F111/><W135/><G6/><T84/><D40/><U116/><E128/><V11/><F83/><W46/><G46/><T70/><D110/><U119/><E113/><V45/><F31/><W50/><G50/><T114/><D120/><U129/><E129/><V122/><F20/><W101/><G101/><T99/><D114/><U30/><E123/><V97/><F97/><W134/><G121/><T35/><D54/><U68/><E30/><V115/><F115/><W51/><G51/><T37/><D37/><U127/><E127/><V106/><F106/><W125/><G125/><T72/><D72/><U133/><E103/><V13/><F1/><W27/><G27/><T44/><D44/><U22/><E36/><V52/><F53/><N who="3" m="33839" /><G131/><T66/><D66/><U3/><E119/><V56/><F45/><W23/><AGARI ba="1,0" hai="12,19,23,58,63,65,80,81,132,134,135" m="33839" machi="23" ten="30,1100,0" yaku="20,1" doraHai="64" who="3" fromWho="3" sc="72,-4,182,-4,287,-6,459,14" /><INIT seed="7,0,0,4,1,65" ten="68,178,281,473" oya="3" hai0="8,52,27,108,101,71,56,77,115,124,104,84,16" hai1="82,36,4,54,48,73,58,9,131,80,132,90,57" hai2="26,110,126,122,35,44,59,72,98,19,50,63,23" hai3="127,49,70,12,38,33,46,75,39,83,85,99,134"/><W5/><G33/><T69/><D108/><U29/><E36/><V45/><F72/><W113/><G70/><T37/><D37/><U7/><E131/><V47/><F110/><W91/><G113/><T107/><D115/><U111/><E132/><V74/><F126/><W96/><G134/><T106/><D101/><U14/><E73/><V64/><F74/><W40/><G127/><T133/><D124/><U129/><E129/><V61/><F35/><W18/><G5/><T112/><D112/><U10/><E29/><V86/><F98/><W135/><G135/><T78/><D133/><U130/><E130/><V121/><F86/><W20/><G75/><T79/><D84/><U81/><E111/><V25/><F25/><W118/><G118/><T53/><D8/><U66/><E90/><V119/><F63/><W51/><G39/><T89/><D89/><U21/><E21/><V128/><F128/><W17/><G17/><T30/><D16/><N who="1" m="8271" /><E10/><V76/><F119/><W15/><G15/><T62/><REACH who="0" step="1"/><D53/><REACH who="0" ten="58,178,281,473" step="2"/><N who="1" m="31911" /><E66/><V125/><F125/><W60/><G60/><AGARI ba="0,1" hai="4,7,54,58,60,80,81,82" m="31911,8271" machi="60" ten="30,2000,0" yaku="8,1,54,1" doraHai="65" who="1" fromWho="3" sc="58,0,178,30,281,0,473,-20" owari="58,-44.0,208,-19.0,281,8.0,453,55.0" /></mjloggm>