<mjloggm ver="2.3"><GO type="41" lobby="0"/><UN n0="%E5%8D%8A%E5%85%B5%E8%A1%9B" n1="%E3%83%88%E3%83%AD%E3%83%BC%E3%83%81" n2="%E2%93%9D%53%75%70%68%78" n3="%E3%83%94%E3%83%B3%E3%82%B5%E3%83%AD%E5%BA%97%E5%93%A1" dan="13,15,18,16" rate="1868.88,1996.38,2095.87,2077.77" sx="M,M,M,M"/><TAIKYOKU oya="0"/><INIT seed="0,0,0,4,1,81" ten="250,250,250,250" oya="0" hai0="107,100,88,54,29,4,50,71,28,62,77,106,129" hai1="82,74,69,120,40,125,0,37,44,86,67,38,39" hai2="102,14,48,1,45,119,27,13,133,105,75,73,96" hai3="121,25,70,10,21,98,23,49,72,66,124,19,126"/><T114/><D77/><N who="1" m="44343" /><E120/><V92/><F1/><W20/><G72/><T60/><D4/><U80/><E86/><V101/><F133/><W89/><G121/><T135/><D71/><U43/><E80/><V84/><F119/><W111/><G111/><T109/><D135/><U94/><E94/><V108/><F108/><W123/><G123/><T47/><D109/><U132/><E132/><V32/><F75/><W56/><G70/><T115/><D129/><U116/><E116/><V16/><F32/><W41/><G10/><T76/><D76/><U46/><E125/><N who="3" m="48234" /><G41/><T97/><D107/><U91/><E91/><N who="2" m="53351" /><F105/><W118/><G118/><T24/><D88/><U110/><E110/><V78/><F78/><W51/><G98/><T130/><D130/><U122/><E122/><V57/><F73/><W18/><G89/><T79/><D79/><U64/><E64/><V9/><F96/><W52/><G66/><T68/><D29/><U58/><E58/><V65/><F57/><W117/><G117/><T127/><D127/><U53/><E53/><N who="2" m="29839" /><F65/><W7/><G7/><T34/><REACH who="0" step="1"/><D68/><REACH who="0" ten="240,250,250,250" step="2"/><U134/><E134/><V33/><F102/><W30/><G30/><T59/><D59/><U12/><E69/><V2/><F101/><W42/><G19/><T61/><AGARI ba="0,1" hai="24,28,34,47,50,54,60,61,62,97,100,106,114,115" machi="61" ten="30,3000,0" yaku="1,1,0,1,53,0" doraHai="81" doraHaiUra="63" who="0" fromWho="0" sc="240,40,250,-10,250,-10,250,-10" /><INIT seed="0,1,0,5,0,0" ten="280,240,240,240" oya="0" hai0="86,39,132,80,114,13,56,15,116,31,77,2,47" hai1="35,26,107,75,92,134,84,127,130,4,82,95,62" hai2="111,98,87,110,93,129,121,100,89,117,14,44,133" hai3="105,49,59,123,46,8,32,118,125,48,17,41,112"/><T103/><D2/><U57/><E107/><V33/><F33/><W85/><G125/><T68/><D68/><U38/><E38/><V106/><F14/><W73/><G112/><T25/><D114/><U52/><E127/><V119/><F44/><W64/><G118/><N who="2" m="45065" /><F129/><W67/><G73/><T28/><D116/><U20/><E75/><V76/><F133/><W135/><G105/><T43/><D132/><U6/><E35/><V65/><F65/><W51/><G32/><T81/><D103/><U122/><E122/><V19/><F19/><W12/><G123/><T11/><D15/><U88/><E130/><V66/><F66/><N who="3" m="25131" /><G135/><T94/><D94/><N who="1" m="35883" /><E134/><V5/><F5/><W1/><G1/><T30/><D81/><U97/><E97/><N who="2" m="61711" /><F121/><W74/><G74/><T9/><D9/><U128/><E128/><V79/><F98/><W34/><G34/><T101/><D101/><U23/><E23/><V53/><F53/><W126/><G126/><T16/><D56/><U70/><E70/><V58/><F58/><W91/><G59/><T90/><REACH who="0" step="1"/><D77/><AGARI ba="1,0" hai="76,77,79,87,89,93,110,111" m="61711,45065" machi="77" ten="30,3900,0" yaku="12,1,34,2" doraHai="0" who="2" fromWho="0" sc="280,-42,240,0,240,42,240,0" /><INIT seed="1,0,0,0,5,102" ten="238,240,282,240" oya="1" hai0="47,61,133,14,46,131,32,125,72,86,63,35,82" hai1="43,15,97,27,34,40,60,127,130,56,119,45,0" hai2="95,21,92,80,66,124,44,20,122,129,103,126,120" hai3="8,114,26,113,116,121,23,118,67,76,17,38,18"/><U22/><E119/><N who="3" m="45610" /><G67/><T107/><D72/><U11/><E127/><N who="2" m="48683" /><F66/><W128/><G38/><T57/><D125/><U50/><E130/><V16/><F21/><N who="3" m="13615" /><G76/><T30/><D131/><U51/><E0/><V59/><F59/><W110/><G128/><T81/><D14/><U112/><E112/><N who="3" m="43114" /><G121/><T33/><D133/><U123/><E34/><V68/><F68/><W84/><G84/><T48/><D30/><N who="1" m="17783" /><E123/><V3/><F122/><W71/><G71/><T108/><D108/><U89/><E51/><V62/><F120/><W39/><G39/><T101/><D48/><U75/><E75/><V37/><F37/><W9/><G110/><T19/><D19/><N who="1" m="8703" /><E50/><V134/><F129/><W7/><G7/><T90/><D35/><U83/><E45/><V77/><F44/><W111/><G111/><T6/><D6/><U41/><E97/><V79/><F134/><W55/><G55/><T100/><D57/><U115/><E115/><V93/><F62/><W94/><G94/><T132/><D132/><U58/><E60/><V5/><F5/><W98/><G98/><T52/><D52/><U29/><E29/><V53/><F53/><W42/><G42/><T69/><D69/><U99/><E99/><N who="2" m="59879" /><F95/><W135/><G135/><T117/><D117/><U87/><AGARI ba="0,0" hai="40,41,43,56,58,83,87,89" m="8703,17783" machi="87" ten="30,1500,0" yaku="8,1" doraHai="102" who="1" fromWho="1" sc="238,-5,240,15,282,-5,240,-5" /><INIT seed="1,1,0,2,5,77" ten="233,255,277,235" oya="1" hai0="47,50,76,132,119,73,123,96,91,103,65,81,131" hai1="42,79,59,113,35,28,52,18,0,99,11,32,95" hai2="104,36,126,23,26,128,78,39,55,69,68,85,34" hai3="56,62,94,120,49,107,124,19,87,2,25,115,72"/><U88/><E113/><V100/><F34/><W15/><G124/><T84/><D65/><U5/><E28/><V93/><F104/><W3/><G120/><T67/><D67/><U90/><E42/><V46/><F128/><W106/><G72/><T57/><D131/><U86/><E79/><V80/><F126/><W12/><G25/><T41/><D57/><U75/><E75/><V127/><F127/><W58/><G115/><T112/><D112/><U101/><E18/><V66/><F55/><N who="3" m="31855" /><G15/><T102/><D119/><U24/><E24/><V30/><F46/><W105/><G58/><T97/><D132/><U33/><REACH who="1" step="1"/><E86/><REACH who="1" ten="233,245,277,235" step="2"/><V118/><F118/><W51/><G87/><T129/><D123/><U60/><AGARI ba="1,1" hai="0,5,11,32,33,35,52,59,60,88,90,95,99,101" machi="60" ten="30,12000,1" yaku="1,1,2,1,0,1,54,2,53,0" doraHai="77" doraHaiUra="8" who="1" fromWho="1" sc="233,-41,245,133,277,-41,235,-41" /><INIT seed="1,2,0,4,2,27" ten="192,378,236,194" oya="1" hai0="16,130,109,75,35,128,110,112,76,121,24,100,105" hai1="86,28,64,92,33,95,97,69,19,40,15,43,39" hai2="122,94,38,117,58,62,1,4,119,25,12,90,47" hai3="84,22,73,46,79,85,67,81,71,53,55,44,17"/><U103/><E69/><V80/><F122/><W77/><G71/><T59/><D75/><U78/><E64/><V98/><F1/><W42/><G67/><T83/><D105/><U66/><E66/><V135/><F135/><W5/><G5/><T31/><D100/><U57/><E57/><V60/><F38/><W115/><G115/><T87/><D112/><U32/><E32/><V123/><F123/><W96/><G96/><T132/><D59/><U21/><E39/><V37/><F80/><N who="3" m="47119" /><G73/><T107/><D107/><U56/><E56/><V118/><F58/><W9/><G9/><T13/><D132/><U65/><E65/><V111/><F37/><W129/><G129/><T104/><D104/><U49/><E49/><V30/><F47/><N who="3" m="17963" /><G42/><T45/><D45/><U20/><E33/><V52/><F52/><W29/><G29/><T23/><REACH who="0" step="1"/><D121/><REACH who="0" ten="182,378,236,194" step="2"/><U99/><E43/><V36/><F36/><W127/><G127/><T101/><D101/><U124/><E40/><V6/><F119/><W108/><G108/><AGARI ba="2,1" hai="13,16,23,24,31,35,76,83,87,108,109,110,128,130" machi="108" ten="40,8000,1" yaku="1,1,14,1,52,1,54,1,53,0" doraHai="27" doraHaiUra="93" who="0" fromWho="3" sc="182,96,378,0,236,0,194,-86" /><INIT seed="2,0,0,0,4,99" ten="278,378,236,108" oya="2" hai0="95,40,107,70,31,87,79,0,133,62,22,129,71" hai1="47,4,11,35,34,60,2,114,115,110,59,134,125" hai2="33,83,85,81,20,46,29,66,9,75,16,58,96" hai3="69,43,67,7,10,113,84,119,112,30,89,49,97"/><V25/><F75/><W76/><G119/><T63/><D107/><U57/><E134/><V41/><F9/><W80/><G30/><T19/><D0/><U116/><E116/><V53/><F66/><W51/><G67/><T102/><D133/><U65/><E125/><V55/><F96/><W14/><G69/><T78/><D31/><U54/><E110/><V90/><F83/><W44/><REACH who="3" step="1"/><G51/><REACH who="3" ten="278,378,236,98" step="2"/><T48/><D71/><U109/><E65/><V36/><REACH who="2" step="1"/><F58/><REACH who="2" ten="278,378,226,98" step="2"/><W8/><G8/><T45/><D70/><U1/><E11/><V124/><F124/><W93/><AGARI ba="0,2" hai="7,10,14,43,44,49,76,80,84,89,93,97,112,113" machi="93" ten="30,8000,1" yaku="1,1,0,1,25,2,53,1" doraHai="99" doraHaiUra="73" who="3" fromWho="3" sc="278,-20,378,-20,226,-40,98,100" /><INIT seed="3,0,0,1,3,0" ten="258,358,186,198" oya="3" hai0="31,74,54,27,102,53,89,25,23,4,49,96,82" hai1="104,115,94,67,127,76,103,71,43,12,90,123,19" hai2="91,98,56,64,29,21,28,48,129,8,97,78,118" hai3="35,72,119,68,26,135,24,117,128,30,50,5,107"/><W116/><G128/><T62/><D74/><U86/><E127/><V99/><F118/><W114/><G114/><T57/><D27/><U2/><E2/><V77/><F129/><W122/><G135/><T100/><D4/><U42/><E71/><V46/><F91/><W92/><G122/><T6/><D6/><U73/><E67/><V55/><F8/><W88/><G107/><T61/><D62/><U36/><E36/><V11/><F11/><W59/><G68/><T16/><D31/><N who="2" m="11850" /><F21/><W18/><G72/><T112/><D112/><U69/><E69/><V44/><F64/><W20/><G5/><T66/><D66/><U105/><E105/><V133/><F133/><W17/><G17/><T106/><D106/><U70/><E19/><V63/><F63/><W126/><G126/><T134/><D134/><U32/><E32/><V51/><F56/><W84/><G59/><T7/><D7/><U124/><E123/><V22/><F22/><W132/><G132/><T131/><D131/><U15/><E70/><V108/><F108/><W38/><REACH who="3" step="1"/><G50/><REACH who="3" ten="258,358,186,188" step="2"/><T87/><D96/><N who="1" m="59799" /><E73/><V95/><F95/><W113/><G113/><T81/><REACH who="0" step="1"/><D81/><REACH who="0" ten="248,358,186,188" step="2"/><U130/><E104/><V52/><AGARI ba="0,2" hai="44,46,48,51,52,55,77,78,97,98,99" m="11850" machi="52" ten="30,2000,0" yaku="8,1,54,1" doraHai="0" who="2" fromWho="2" sc="248,-5,358,-5,186,40,188,-10" /><INIT seed="4,0,0,5,3,64" ten="243,353,226,178" oya="0" hai0="14,28,129,128,18,1,61,51,32,131,26,63,108" hai1="16,56,60,49,43,66,81,50,34,123,48,119,101" hai2="126,125,135,94,42,76,59,58,99,17,40,45,89" hai3="33,62,31,102,38,36,127,24,23,87,37,44,117"/><T25/><D51/><N who="1" m="19531" /><E34/><V11/><F76/><W5/><G127/><N who="2" m="48649" /><F135/><W0/><G117/><T3/><D108/><U7/><E119/><V41/><F45/><W73/><G73/><T6/><D6/><U72/><E72/><V77/><F77/><W93/><G62/><T116/><D116/><U115/><E123/><V120/><F120/><W20/><G44/><T52/><D26/><U67/><E81/><V54/><F54/><W106/><G106/><T113/><D113/><U78/><E78/><V19/><F11/><W39/><N who="3" m="9216" /><DORA hai="22" /><W29/><G29/><T74/><D74/><U103/><E67/><V79/><F79/><W96/><REACH who="3" step="1"/><G87/><REACH who="3" ten="243,353,226,168" step="2"/><T68/><D63/><U53/><E60/><V90/><F59/><W104/><G104/><T100/><D100/><U107/><E101/><N who="2" m="60663" /><F58/><W21/><G21/><N who="0" m="11479" /><D68/><U8/><E56/><AGARI ba="0,1" hai="1,3,25,28,32,52,56,61,128,129,131" m="11479" machi="56" ten="30,5800,0" yaku="19,1,52,1,54,1" doraHai="64,22" who="0" fromWho="1" sc="243,68,353,-58,226,0,168,0" /><INIT seed="4,1,0,3,1,124" ten="311,295,226,168" oya="0" hai0="87,29,26,81,64,40,20,107,23,73,32,93,97" hai1="18,55,33,12,54,120,77,111,35,45,116,8,46" hai2="13,99,27,95,52,85,44,123,36,82,34,104,127" hai3="121,16,119,92,68,6,7,5,25,71,21,66,79"/><T14/><D107/><U135/><E116/><V133/><F123/><W53/><G119/><T108/><D73/><U37/><E120/><V38/><F104/><W62/><G121/><T96/><D108/><U39/><E111/><V83/><F133/><W67/><G79/><T109/><D109/><U49/><E135/><V11/><F127/><W126/><G126/><T72/><D72/><U15/><E77/><V2/><F2/><W0/><G92/><T9/><D40/><U131/><E131/><V76/><F27/><W101/><G101/><T98/><D64/><U113/><E113/><V125/><F34/><W10/><REACH who="3" step="1"/><G53/><REACH who="3" ten="311,295,226,158" step="2"/><T51/><D93/><U22/><E55/><V57/><F125/><W86/><G86/><T56/><D56/><U90/><E90/><V4/><F83/><W91/><G91/><T130/><D98/><U115/><E115/><V105/><F105/><W122/><G122/><T60/><D97/><U75/><E75/><V100/><REACH who="2" step="1"/><F44/><REACH who="2" ten="311,295,216,158" step="2"/><W28/><G28/><T24/><D81/><U58/><E46/><V48/><AGARI ba="1,2" hai="4,11,13,36,38,48,52,57,76,82,85,95,99,100" machi="48" ten="20,12000,2" yaku="1,1,2,1,0,1,7,1,54,1,53,2" doraHai="124" doraHaiUra="70" who="2" fromWho="2" sc="311,-61,295,-31,216,143,158,-31" /><INIT seed="5,0,0,1,0,101" ten="250,264,359,127" oya="1" hai0="3,30,43,47,95,0,106,123,85,128,57,109,20" hai1="23,104,15,115,118,129,38,17,87,114,45,29,122" hai2="50,42,48,108,83,27,49,60,75,36,67,102,41" hai3="25,1,13,55,98,61,40,64,24,53,59,133,16"/><U76/><E122/><V79/><F108/><W131/><G131/><T71/><D71/><U93/><E118/><V2/><F2/><W107/><G133/><T10/><D128/><U33/><E129/><V21/><F36/><W110/><G1/><T22/><D123/><U91/><E76/><V44/><F102/><W34/><G110/><T116/><D116/><U74/><E74/><V65/><F42/><W7/><G7/><T6/><D3/><U82/><E82/><V78/><F78/><W119/><G119/><T130/><D109/><U46/><E104/><V35/><F35/><W37/><G98/><T120/><D106/><U88/><E91/><V105/><F67/><W14/><G107/><T5/><D5/><U19/><E19/><V54/><F105/><W51/><G14/><T58/><D130/><U92/><E93/><V68/><F41/><W121/><G121/><T117/><D117/><U52/><E38/><V9/><F9/><W69/><G55/><T135/><D135/><U89/><E89/><V134/><F134/><W32/><G32/><T125/><D125/><U103/><E103/><V124/><F124/><W28/><G25/><T12/><D30/><AGARI ba="0,0" hai="21,27,30,44,48,49,50,54,60,65,68,75,79,83" machi="30" ten="30,1000,0" yaku="7,1" doraHai="101" who="2" fromWho="0" sc="250,-10,264,0,359,10,127,0" /><INIT seed="6,0,0,0,0,93" ten="240,264,369,127" oya="2" hai0="1,59,75,100,84,82,133,96,135,71,91,79,7" hai1="114,2,113,102,132,43,42,125,22,108,94,62,70" hai2="109,53,17,72,10,26,130,106,39,15,45,110,13" hai3="9,4,107,38,28,77,36,76,95,63,47,18,118"/><V87/><F106/><W97/><G118/><T46/><D1/><U51/><E2/><V67/><F72/><W41/><G107/><T126/><D71/><U66/><E108/><V33/><F67/><W65/><G18/><T99/><D7/><U40/><E125/><V80/><F130/><W68/><G28/><T35/><D35/><U134/><E51/><V74/><F74/><W52/><G38/><T64/><D126/><U20/><E94/><V25/><F33/><W86/><G86/><T57/><D46/><U60/><E102/><V0/><F0/><W119/><G119/><T16/><D64/><N who="1" m="41223" /><E20/><V131/><F131/><W44/><G44/><T5/><D5/><U19/><E19/><V21/><F110/><W83/><G83/><T48/><D100/><U122/><E22/><V8/><F21/><W98/><G52/><N who="0" m="31879" /><D59/><N who="1" m="37215" /><E122/><V24/><F109/><W14/><REACH who="3" step="1"/><G98/><REACH who="3" ten="240,264,369,117" step="2"/><N who="0" m="37419" /><D16/><U11/><E43/><V123/><F17/><W56/><G56/><T34/><D75/><U55/><E42/><V85/><F45/><W90/><AGARI ba="0,1" hai="4,9,14,36,41,47,63,65,68,76,77,90,95,97" machi="90" ten="20,8000,1" yaku="1,1,0,1,7,1,52,1,53,1" doraHai="93" doraHaiUra="3" who="3" fromWho="3" sc="240,-20,264,-20,369,-40,117,90" /><INIT seed="7,0,0,2,5,57" ten="220,244,329,207" oya="3" hai0="97,36,107,133,21,70,80,55,102,105,115,65,94" hai1="48,15,126,87,37,28,100,117,20,76,118,54,51" hai2="53,26,92,19,77,11,74,58,114,35,69,6,72" hai3="79,43,4,110,44,59,89,93,75,41,90,111,46"/><W45/><G4/><T101/><D36/><U83/><E126/><V42/><F42/><N who="3" m="15883" /><G59/><T112/><D133/><U13/><E37/><V66/><F69/><W104/><G104/><T128/><D128/><U108/><E100/><V5/><F66/><W18/><G18/><T64/><D80/><U127/><E127/><V125/><F6/><W62/><G62/><T0/><D0/><U38/><E38/><V27/><F19/><W99/><G79/><T91/><D21/><U119/><E108/><N who="3" m="41514" /><G75/><T9/><D9/><U7/><E7/><V33/><F77/><W123/><G123/><T124/><D124/><U49/><E54/><V22/><F74/><W131/><G131/><T82/><D55/><U2/><E2/><V78/><F53/><W95/><G99/><N who="0" m="61631" /><D65/><U17/><E28/><V24/><F125/><W67/><G67/><T120/><D64/><U122/><E122/><V23/><F5/><W63/><G63/><T34/><D34/><U52/><E52/><V86/><F35/><W1/><G1/><T50/><D70/><U81/><E81/><V73/><F33/><W135/><G135/><T96/><D120/><U8/><E118/><V40/><F73/><W98/><G98/><T61/><D61/><U30/><E30/><V3/><F72/><W29/><G29/><T14/><D14/><U12/><E12/><V85/><F3/><W103/><G103/><N who="0" m="62951" /><D50/><U60/><E60/><V56/><F56/><W68/><G68/><T129/><D129/><U116/><E116/><V113/><F58/><W10/><G10/><T109/><D109/><U106/><E106/><RYUUKYOKU ba="0,0" sc="220,10,244,10,329,-30,207,10" hai0="82,91,94,97,102,112,115" hai1="8,13,15,17,20,48,49,51,76,83,87,117,119" hai3="44,45,46,89,90,93,95" /><INIT seed="7,1,0,1,2,22" ten="230,254,299,217" oya="3" hai0="56,70,51,132,62,5,108,122,50,109,48,73,2" hai1="103,124,111,3,80,28,14,42,95,47,49,44,40" hai2="121,34,133,36,68,84,30,20,29,46,96,69,7" hai3="67,118,112,97,117,18,119,63,107,15,82,94,52"/><W79/><G112/><T104/><D73/><U87/><E111/><V25/><F7/><W8/><G107/><T1/><D104/><U24/><E3/><V23/><F133/><W45/><G67/><T65/><D5/><U127/><E14/><V105/><F84/><W61/><G45/><T77/><D77/><U113/><E113/><V31/><F121/><W76/><G52/><N who="0" m="31751" /><D2/><U92/><E103/><V4/><F4/><W41/><G41/><T11/><D11/><U54/><E54/><V60/><F34/><W27/><G27/><T58/><D1/><U101/><E101/><V90/><F69/><W120/><G120/><T135/><D122/><U78/><E124/><V37/><F68/><W89/><REACH who="3" step="1"/><G76/><REACH who="3" ten="230,254,299,207" step="2"/><T126/><D126/><U129/><E127/><V93/><F105/><W115/><G115/><T106/><D106/><U116/><E47/><V128/><F46/><W102/><G102/><T26/><D26/><U21/><E42/><V12/><F25/><W91/><G91/><T131/><D131/><U0/><E129/><V114/><F128/><W86/><AGARI ba="1,1" hai="8,15,18,61,63,79,82,86,89,94,97,117,118,119" machi="86" ten="30,3000,0" yaku="1,1,0,1,53,0" doraHai="22" doraHaiUra="32" who="3" fromWho="3" sc="230,-11,254,-11,299,-11,207,43" /><INIT seed="7,2,0,4,1,54" ten="219,243,288,250" oya="3" hai0="66,64,18,53,11,39,91,77,74,87,111,0,81" hai1="118,93,12,86,2,58,100,31,103,59,36,97,50" hai2="113,28,29,62,24,27,130,32,44,30,125,10,37" hai3="134,5,1,17,70,33,61,110,49,20,38,25,52"/><W135/><G38/><T116/><D111/><U60/><E2/><V120/><F113/><W57/><G110/><T40/><D116/><U15/><E36/><V84/><F130/><W55/><G33/><T45/><D18/><U126/><E126/><V96/><F62/><W79/><G79/><T82/><REACH who="0" step="1"/><D53/><REACH who="0" ten="209,243,288,250" step="2"/><N who="1" m="32055" /><E118/><V8/><F125/><W67/><G5/><AGARI ba="2,1" hai="0,5,11,39,40,45,64,66,74,77,81,82,87,91" machi="5" ten="40,5200,0" yaku="1,1,25,2,53,0" doraHai="54" doraHaiUra="13" who="0" fromWho="3" sc="209,68,243,0,288,0,250,-58" /><INIT seed="8,0,0,5,2,92" ten="277,243,288,192" oya="0" hai0="113,22,33,52,59,28,71,70,84,49,57,1,8" hai1="124,96,21,86,126,111,114,38,35,103,17,18,13" hai2="75,135,10,87,67,102,42,69,34,131,64,88,47" hai3="82,7,80,101,29,90,115,25,99,61,11,100,40"/><T4/><D33/><U134/><E38/><V54/><F75/><W110/><G110/><T43/><D113/><U51/><E35/><V3/><F34/><W81/><G115/><T97/><D84/><U94/><E111/><V85/><F85/><W98/><G40/><T12/><D43/><U9/><E114/><V2/><F102/><N who="3" m="39531" /><G90/><T74/><D74/><U119/><E119/><V133/><F54/><W58/><G11/><T125/><D125/><U56/><E134/><N who="2" m="51211" /><F131/><W106/><G7/><T32/><D59/><U83/><E56/><V39/><F10/><W109/><G106/><T50/><D49/><U27/><REACH who="1" step="1"/><E51/><REACH who="1" ten="277,233,288,192" step="2"/><V36/><F36/><W37/><G37/><T73/><D71/><U122/><E122/><V15/><F69/><W105/><G109/><T132/><D70/><U68/><E68/><V108/><F108/><W60/><G105/><T72/><D132/><U112/><E112/><V95/><F15/><W128/><G128/><T77/><D32/><U118/><E118/><V45/><F45/><W120/><G120/><T24/><D1/><AGARI ba="0,1" hai="1,2,3,39,42,47,64,67,87,88,95" m="51211" machi="1" ten="30,2000,0" yaku="20,1,54,1" doraHai="92" who="2" fromWho="0" sc="277,-20,233,0,288,30,192,0" owari="257,6.0,233,-17.0,318,42.0,192,-31.0" /></mjloggm>