<mjloggm ver="2.3"><GO type="41" lobby="0"/><UN n0="%E5%AF%8C%E7%94%B0%E6%9D%BE%E7%94%B0" n1="%E3%81%AA%E3%81%A3%E3%81%95%E3%82%93%E3%81%A7%E3%81%99%E3%82%88" n2="%46%32%30%4D%53%50" n3="%E2%93%9D%53%75%70%68%78" dan="15,14,15,18" rate="2000.51,1971.05,2030.34,2129.02" sx="M,F,M,M"/><TAIKYOKU oya="0"/><INIT seed="0,0,0,1,3,109" ten="250,250,250,250" oya="0" hai0="108,69,0,37,126,55,4,46,56,15,24,49,60" hai1="90,54,31,87,112,16,89,98,57,121,106,59,88" hai2="9,13,35,14,99,30,91,75,79,113,61,36,97" hai3="70,125,94,26,82,8,116,43,73,68,34,28,110"/><T65/><D126/><U42/><E121/><V93/><F36/><W6/><G116/><T124/><D124/><U83/><E31/><V117/><F117/><W39/><G94/><T19/><D108/><U67/><E42/><V25/><F61/><W41/><G41/><T10/><D24/><U50/><E106/><V33/><F33/><W22/><G22/><T102/><D102/><U123/><E123/><V84/><F113/><W63/><G125/><T133/><D133/><U128/><E128/><V45/><F45/><N who="3" m="23807" /><G63/><T71/><REACH who="0" step="1"/><D37/><REACH who="0" ten="240,250,250,250" step="2"/><U21/><E112/><V40/><F25/><W100/><G100/><T38/><D38/><U107/><E107/><V104/><F104/><W101/><G101/><T78/><D78/><U23/><E90/><V52/><F91/><W44/><G110/><T51/><D51/><U20/><E89/><V62/><F79/><N who="3" m="44399" /><G44/><T122/><D122/><U111/><E111/><V11/><F62/><W131/><G131/><T74/><D74/><U80/><E98/><V115/><F99/><W96/><G96/><T32/><D32/><U66/><E88/><V18/><F97/><W77/><G77/><T53/><D53/><N who="1" m="31927" /><E87/><V86/><F84/><W72/><G72/><T135/><D135/><U134/><E134/><V7/><F86/><W130/><G130/><T27/><D27/><N who="1" m="14727" /><E66/><V64/><F64/><W76/><G76/><T29/><D29/><U103/><E67/><V120/><F30/><W92/><G92/><T118/><D118/><U2/><E103/><V95/><F95/><W105/><G105/><T114/><D114/><U5/><E54/><RYUUKYOKU ba="0,1" sc="240,15,250,-15,250,-15,250,15" hai0="0,4,10,15,19,46,49,55,56,60,65,69,71" hai3="6,8,26,28,34,68,70" /><INIT seed="0,1,1,0,1,24" ten="255,235,235,265" oya="0" hai0="13,63,15,14,128,118,42,66,122,22,119,33,69" hai1="83,126,57,50,120,19,40,30,7,110,48,23,130" hai2="75,100,71,111,26,98,93,135,32,27,52,113,21" hai3="80,64,86,55,8,127,89,124,125,85,123,36,46"/><T47/><D122/><U92/><E120/><V34/><F113/><W104/><G123/><T88/><D33/><U41/><E110/><V74/><F71/><W90/><G64/><T54/><D128/><U134/><E130/><V103/><F111/><W62/><G104/><T45/><D22/><U96/><E126/><V3/><F3/><W109/><G109/><T29/><D29/><U65/><E134/><V131/><F135/><W133/><G133/><T73/><D73/><U6/><E83/><V99/><F131/><W28/><G8/><T35/><D35/><U87/><E87/><V105/><F75/><W9/><G9/><T17/><D17/><U67/><E30/><V77/><F77/><W61/><G28/><T106/><D106/><U20/><E57/><V10/><F10/><W79/><G79/><T101/><D101/><U76/><E76/><V16/><F74/><W121/><G121/><T53/><D88/><U43/><E43/><V60/><REACH who="2" step="1"/><F27/><REACH who="2" ten="255,235,225,265" step="2"/><W59/><G127/><T18/><D118/><U31/><E65/><V117/><F117/><W44/><G125/><T114/><D119/><U94/><E67/><V129/><F129/><W112/><G112/><T1/><D1/><U25/><E25/><V56/><AGARI ba="1,2" hai="16,21,26,32,34,52,56,60,93,98,99,100,103,105" machi="56" ten="30,8000,1" yaku="1,1,0,1,54,2,53,1" doraHai="24" doraHaiUra="12" who="2" fromWho="2" sc="255,-41,235,-21,225,103,265,-21" /><INIT seed="1,0,0,4,2,44" ten="214,214,328,244" oya="1" hai0="114,68,76,66,12,95,55,45,94,133,10,19,14" hai1="73,28,46,79,9,74,0,134,23,105,16,38,99" hai2="40,83,62,116,35,42,84,120,51,11,126,128,53" hai3="58,124,18,13,106,47,131,104,37,87,107,90,41"/><U86/><E134/><V129/><F116/><W30/><G131/><N who="2" m="50249" /><F120/><W132/><G124/><T59/><D114/><U108/><E28/><V36/><F35/><W4/><G4/><T25/><D133/><U8/><E108/><V115/><F11/><W65/><G30/><T20/><D76/><U15/><E105/><V5/><F5/><W61/><G132/><T7/><D68/><U96/><E96/><V117/><F117/><W88/><REACH who="3" step="1"/><G87/><REACH who="3" ten="214,214,328,234" step="2"/><T24/><D7/><U78/><E0/><V85/><F85/><W91/><G91/><T21/><D66/><U103/><E86/><V39/><F126/><W50/><G50/><N who="0" m="29135" /><D59/><U72/><E103/><V29/><F29/><W70/><G70/><T125/><D125/><U27/><E99/><V3/><F115/><W54/><G54/><T77/><D77/><U80/><E78/><N who="2" m="46199" /><F62/><W67/><G67/><T26/><D14/><U123/><E123/><V48/><F3/><W97/><G97/><T112/><D112/><U32/><E32/><V71/><F71/><W52/><G52/><T135/><D135/><U101/><E101/><V122/><F122/><W110/><G110/><T22/><AGARI ba="0,1" hai="10,12,19,20,21,22,24,25,26,94,95" m="29135" machi="22" ten="30,2000,0" yaku="8,1,52,1" doraHai="44" who="0" fromWho="0" sc="214,30,214,-10,328,-5,234,-5" /><INIT seed="2,0,0,4,5,40" ten="244,204,323,229" oya="2" hai0="19,9,64,85,7,66,54,127,77,59,117,111,103" hai1="37,71,126,121,6,115,47,11,51,48,58,102,46" hai2="135,18,1,20,112,61,107,16,74,12,76,30,72" hai3="118,93,104,10,50,17,44,25,120,34,86,32,49"/><V26/><F112/><W67/><G104/><T70/><D70/><U31/><E115/><V28/><F107/><W89/><G120/><T122/><D122/><U125/><E71/><V68/><F1/><W75/><G75/><T39/><D39/><U101/><E37/><V129/><F76/><W82/><G118/><T133/><D111/><U106/><E121/><V83/><F83/><W5/><G50/><T81/><D133/><U88/><E31/><V55/><F135/><W91/><G67/><T15/><D127/><N who="1" m="48651" /><E58/><V134/><F134/><W45/><G49/><N who="1" m="19018" /><E88/><V36/><F36/><W79/><G91/><T96/><D7/><U113/><E113/><V33/><F129/><W99/><G34/><T27/><D27/><U3/><E106/><V94/><F94/><W63/><G63/><N who="0" m="36343" /><D117/><U42/><E42/><V38/><F38/><W2/><REACH who="3" step="1"/><G17/><REACH who="3" ten="244,204,323,219" step="2"/><T4/><D19/><U132/><E132/><V22/><F33/><W43/><G43/><T69/><D69/><U60/><E60/><V92/><F74/><W110/><G110/><T119/><D119/><U13/><E3/><V114/><F72/><W100/><G100/><AGARI ba="0,1" hai="6,11,13,46,47,100,101,102" m="19018,48651" machi="100" ten="30,3900,0" yaku="18,1,52,2" doraHai="40" who="1" fromWho="3" sc="244,0,204,49,323,0,219,-39" /><INIT seed="3,0,0,2,3,121" ten="244,253,323,180" oya="3" hai0="23,86,57,104,72,9,11,93,98,25,65,122,8" hai1="50,67,80,26,16,19,126,77,91,10,37,131,15" hai2="45,68,33,51,94,69,135,95,129,7,29,81,24" hai3="58,116,87,54,113,78,35,48,100,41,108,84,120"/><W40/><G120/><T106/><D72/><U75/><E37/><V0/><F81/><W64/><G35/><T14/><D122/><U4/><E126/><V18/><F18/><W111/><G113/><T127/><D127/><U82/><E131/><V134/><F129/><W62/><G100/><T123/><D123/><U2/><E67/><V47/><F7/><W124/><G124/><T89/><D14/><U49/><E26/><V107/><F0/><W130/><G116/><T117/><D117/><U42/><E42/><N who="3" m="16490" /><G78/><T99/><D104/><U61/><E61/><V70/><F107/><W28/><G28/><T3/><D3/><U101/><E101/><V43/><REACH who="2" step="1"/><F47/><REACH who="2" ten="244,253,313,180" step="2"/><N who="3" m="27935" /><G130/><T63/><REACH who="0" step="1"/><D106/><REACH who="0" ten="234,253,313,180" step="2"/><U110/><E2/><V6/><F6/><W114/><G114/><T133/><D133/><AGARI ba="0,2" hai="24,29,33,43,45,51,68,69,70,94,95,133,134,135" machi="133" ten="50,6400,0" yaku="1,1,20,1,53,1" doraHai="121" doraHaiUra="31" who="2" fromWho="0" sc="234,-64,253,0,313,84,180,0" /><INIT seed="4,0,0,1,3,12" ten="170,253,397,180" oya="0" hai0="25,111,6,93,82,86,106,34,55,35,3,115,64" hai1="103,53,26,107,60,16,28,73,108,99,20,74,14" hai2="129,11,100,50,118,126,19,21,134,89,91,119,131" hai3="7,5,78,27,30,49,88,52,101,41,62,58,56"/><T92/><D106/><U45/><E108/><V110/><F110/><W61/><G78/><T96/><D111/><U72/><E45/><V125/><F100/><W37/><G101/><T59/><D115/><U66/><E53/><V77/><F77/><W122/><G37/><T94/><D64/><U102/><E102/><V75/><F50/><W36/><G36/><T24/><D96/><U117/><E117/><N who="2" m="44555" /><F11/><W84/><G122/><T10/><D35/><U121/><E121/><V31/><F31/><W128/><G128/><N who="2" m="49225" /><F75/><W127/><G127/><N who="2" m="48649" /><F134/><W95/><G41/><T54/><D34/><U17/><REACH who="1" step="1"/><E14/><AGARI ba="0,0" hai="14,19,21,89,91" m="48649,49225,44555" machi="14" ten="40,8000,1" yaku="12,1,19,1,18,1,52,1" doraHai="12" who="2" fromWho="1" sc="170,0,253,-80,397,80,180,0" /><INIT seed="5,0,0,3,1,127" ten="170,173,477,180" oya="1" hai0="131,25,130,17,61,134,29,16,39,13,85,2,74" hai1="28,3,42,108,38,125,62,33,34,126,89,95,10" hai2="20,69,87,24,94,80,114,31,48,57,21,71,5" hai3="22,104,98,46,118,72,86,92,49,9,35,123,19"/><U65/><E108/><V60/><F5/><W1/><G72/><T43/><D74/><U14/><E3/><V66/><F94/><W124/><G35/><T88/><D2/><U37/><E28/><V78/><F114/><W64/><G123/><T120/><D120/><U93/><E93/><V30/><F48/><W84/><G104/><T100/><D100/><U107/><E107/><V109/><F109/><W23/><G64/><T75/><D75/><U112/><E112/><V45/><F45/><W102/><G124/><N who="1" m="47722" /><E42/><V81/><F81/><W52/><G118/><T44/><D134/><U132/><E132/><V4/><F4/><W68/><G68/><T103/><D103/><U47/><E47/><V50/><F50/><W101/><G101/><T110/><D110/><U55/><E55/><V36/><F36/><N who="1" m="13929" /><E89/><V97/><F97/><W63/><G1/><T8/><D61/><U111/><E95/><V99/><F99/><W0/><G63/><T26/><D17/><N who="1" m="8407" /><E111/><V121/><F121/><W32/><G32/><T56/><D56/><AGARI ba="0,0" hai="33,34,56,62,65" m="8407,13929,47722" machi="56" ten="30,1500,0" yaku="18,1" doraHai="127" who="1" fromWho="0" sc="170,-15,173,15,477,0,180,0" /><INIT seed="5,1,0,0,0,135" ten="155,188,477,180" oya="1" hai0="72,130,86,47,91,26,79,116,0,24,63,50,44" hai1="104,8,127,61,102,75,90,69,22,111,97,16,115" hai2="71,19,94,119,78,45,37,80,131,38,55,68,29" hai3="53,113,117,1,82,34,66,54,9,110,100,60,59"/><U40/><E127/><V18/><F119/><W62/><G110/><T31/><D116/><U114/><E111/><V28/><F131/><W103/><G117/><T87/><D0/><U2/><E40/><V101/><F55/><W17/><G34/><T93/><D130/><U106/><E75/><V126/><F45/><W3/><G113/><N who="1" m="43018" /><E90/><V98/><F78/><W56/><G66/><T76/><D72/><U64/><E8/><V6/><F101/><W42/><G42/><T112/><D112/><U107/><E2/><V123/><F94/><W125/><G82/><T46/><D50/><U105/><E105/><V25/><F80/><W99/><G103/><T20/><D87/><U67/><E67/><V124/><F98/><W89/><G89/><T5/><D5/><U35/><E35/><V121/><F25/><AGARI ba="1,0" hai="16,22,25,61,64,69,97,102,104,106,107" m="43018" machi="25" ten="30,2900,0" yaku="15,1,54,1" doraHai="135" who="1" fromWho="2" sc="155,0,188,32,477,-32,180,0" /><INIT seed="5,2,0,3,1,53" ten="155,220,445,180" oya="1" hai0="125,93,69,80,77,113,25,99,7,39,51,106,47" hai1="127,105,90,86,9,40,21,16,61,57,26,123,73" hai2="66,23,107,50,36,1,130,55,89,94,2,20,11" hai3="42,131,87,91,120,81,22,58,29,118,43,63,119"/><U33/><E123/><V129/><F107/><W14/><G120/><T85/><D113/><U48/><E73/><V71/><F36/><W27/><G131/><N who="2" m="50185" /><F66/><W103/><G103/><T126/><D69/><U104/><E127/><V17/><F71/><W101/><G101/><T97/><D39/><U96/><E96/><N who="2" m="57423" /><F11/><W100/><G100/><N who="0" m="62735" /><D7/><U30/><E9/><V135/><F135/><W108/><G108/><T116/><D25/><U84/><E48/><V82/><F82/><W110/><G110/><T60/><D60/><U65/><E40/><V31/><F31/><W122/><G122/><T37/><D37/><U46/><E46/><N who="2" m="28119" /><F23/><W62/><G62/><T5/><D5/><U49/><E49/><V132/><F132/><W8/><G119/><T59/><D116/><U6/><E6/><V13/><AGARI ba="2,0" hai="1,2,13,17,20" m="28119,57423,50185" machi="13" ten="30,1100,0" yaku="19,1" doraHai="53" who="2" fromWho="2" sc="155,-5,220,-7,445,17,180,-5" /><INIT seed="6,0,0,0,3,118" ten="150,213,462,175" oya="2" hai0="3,44,93,26,54,64,116,50,96,25,113,103,37" hai1="14,69,121,94,5,8,104,117,70,48,99,100,72" hai2="115,95,124,82,106,78,40,21,36,55,101,42,123" hai3="11,111,9,62,34,67,57,18,77,10,91,29,46"/><V27/><F106/><W33/><G111/><T75/><D75/><U0/><E117/><V63/><F36/><W47/><G77/><T1/><D113/><U35/><E35/><V131/><F115/><W15/><G34/><T110/><D116/><U56/><E72/><V120/><F131/><W45/><REACH who="3" step="1"/><G91/><REACH who="3" ten="150,213,462,165" step="2"/><T85/><D110/><U58/><E121/><V112/><F123/><W108/><G108/><T126/><D126/><U20/><E70/><V134/><F120/><W59/><G59/><T43/><D64/><U83/><E69/><V24/><F124/><W17/><G17/><T4/><D85/><U79/><E58/><V65/><F78/><W88/><G88/><T41/><D41/><U53/><E20/><V128/><F21/><W89/><G89/><T32/><D32/><U80/><E79/><V73/><F42/><W38/><G38/><T22/><D4/><U61/><E5/><V49/><F40/><W52/><G52/><T28/><D26/><AGARI ba="0,1" hai="9,10,11,15,18,26,29,33,45,46,47,57,62,67" machi="26" ten="40,1300,0" yaku="1,1,53,0" doraHai="118" doraHaiUra="19" who="3" fromWho="0" sc="150,-13,213,0,462,0,165,23" /><INIT seed="7,0,0,3,0,43" ten="137,213,462,188" oya="3" hai0="15,135,109,62,13,91,108,129,6,125,26,84,27" hai1="116,11,32,31,54,12,117,33,40,81,36,14,74" hai2="29,106,101,55,56,66,68,47,64,123,128,93,50" hai3="100,37,104,19,102,105,121,122,52,94,76,10,72"/><W16/><G37/><T113/><D135/><U2/><E2/><V67/><F106/><W119/><G10/><T131/><D62/><U7/><E14/><N who="0" m="5129" /><D91/><U80/><E54/><V120/><F29/><W126/><G126/><T44/><D84/><U39/><E31/><V3/><F3/><W134/><G119/><N who="1" m="45642" /><E74/><V8/><F8/><W118/><G118/><T69/><D69/><U82/><E40/><N who="2" m="24935" /><F93/><W42/><G42/><T112/><D6/><U77/><E77/><V20/><F20/><W71/><G76/><T35/><D44/><U127/><E127/><V130/><F101/><W73/><G71/><T34/><D125/><U24/><E24/><N who="0" m="9257" /><D131/><N who="2" m="50218" /><F68/><W95/><G134/><T17/><D17/><U60/><E60/><AGARI ba="0,0" hai="55,56,60,64,66,67,120,123" m="50218,24935" machi="60" ten="30,7700,0" yaku="19,1,34,2,52,1" doraHai="43" who="2" fromWho="1" sc="137,0,213,-77,462,77,188,0" owari="137,-26.0,136,-36.0,539,63.0,188,-1.0" /></mjloggm>