<mjloggm ver="2.3"><GO type="41" lobby="0"/><UN n0="%E5%85%8E%E3%81%A8%E4%BA%80" n1="%E7%A5%9E%E6%9E%97%E4%BB%81" n2="%47%47%47%47%5A%5A%5A%5A" n3="%E2%93%9D%53%75%70%68%78" dan="15,15,14,18" rate="2038.92,1963.06,1958.77,2129.48" sx="M,M,M,M"/><TAIKYOKU oya="0"/><INIT seed="0,0,0,3,5,50" ten="250,250,250,250" oya="0" hai0="24,130,100,37,80,26,35,52,72,132,0,120,97" hai1="95,33,104,18,117,103,6,106,84,83,102,10,63" hai2="60,17,121,93,28,58,88,61,53,25,74,29,125" hai3="14,34,119,127,27,134,110,31,91,32,55,40,54"/><T90/><D120/><U131/><E117/><V107/><F107/><W47/><G119/><T118/><D118/><U126/><E131/><V70/><F74/><W99/><G110/><T42/><D130/><U49/><E126/><V124/><F121/><W76/><G34/><T109/><D109/><U67/><E33/><V89/><F89/><W82/><G134/><T13/><D0/><U71/><E18/><V19/><F70/><W68/><G68/><T65/><D132/><U69/><E69/><V115/><F115/><W111/><G14/><T41/><D65/><U43/><E103/><V96/><F61/><W5/><G5/><T87/><D72/><U46/><E95/><V64/><F64/><W38/><G127/><N who="2" m="48713" /><F17/><W12/><G12/><T66/><D66/><U78/><REACH who="1" step="1"/><E102/><REACH who="1" ten="250,240,250,250" step="2"/><V108/><F108/><W128/><G128/><T122/><D35/><U2/><AGARI ba="0,1" hai="2,6,10,43,46,49,63,67,71,78,83,84,104,106" machi="2" ten="20,5200,0" yaku="1,1,2,1,0,1,7,1,53,0" doraHai="50" doraHaiUra="94" who="1" fromWho="1" sc="250,-26,240,62,250,-13,250,-13" /><INIT seed="1,0,0,0,4,68" ten="224,302,237,237" oya="1" hai0="62,94,59,61,100,71,134,98,18,53,35,34,52" hai1="72,132,6,83,119,79,51,12,5,29,56,87,114" hai2="14,122,65,22,49,21,77,4,82,48,127,44,60" hai3="67,85,104,91,23,97,101,107,110,73,47,70,45"/><U126/><E114/><V30/><F122/><W124/><G107/><T120/><D120/><U93/><E119/><V20/><F127/><W2/><G2/><T135/><D18/><U9/><E126/><V76/><F30/><W130/><G124/><T32/><REACH who="0" step="1"/><D71/><REACH who="0" ten="214,302,237,237" step="2"/><U125/><E125/><V131/><F131/><W117/><G70/><T64/><D64/><U50/><E132/><V31/><F31/><W116/><G67/><T15/><D15/><U106/><E29/><V54/><F14/><W69/><G69/><T129/><D129/><U109/><E109/><V111/><F111/><W88/><G110/><T46/><D46/><U80/><E5/><V17/><F4/><W25/><G130/><T1/><D1/><U113/><E113/><V42/><F17/><W118/><G47/><T8/><D8/><U13/><E13/><V133/><F133/><W28/><G73/><T105/><D105/><U96/><E106/><V40/><F40/><W26/><G26/><T121/><D121/><U103/><REACH who="1" step="1"/><E56/><AGARI ba="0,1" hai="32,34,35,52,53,56,59,61,62,94,98,100,134,135" machi="56" ten="50,6400,0" yaku="1,1,9,1,54,1,53,0" doraHai="68" doraHaiUra="84" who="0" fromWho="1" sc="214,74,302,-64,237,0,237,0" /><INIT seed="2,0,0,4,5,70" ten="288,238,237,237" oya="2" hai0="17,117,51,125,106,46,10,14,103,26,115,5,50" hai1="129,135,122,31,48,92,133,87,22,19,116,118,64" hai2="45,78,104,89,56,8,49,90,130,35,124,98,42" hai3="37,66,20,105,18,97,55,11,7,54,67,30,38"/><V74/><F35/><W120/><G30/><T1/><D115/><U2/><E87/><V131/><F124/><W108/><G120/><T102/><D125/><U27/><E64/><V101/><F8/><W73/><G73/><T43/><D117/><U15/><E92/><V25/><F25/><W61/><G108/><T4/><D106/><U132/><E48/><V71/><F71/><W94/><G105/><T111/><D111/><U100/><E100/><V77/><F56/><W96/><G11/><T88/><D5/><U41/><E41/><V3/><F3/><W72/><G72/><T110/><D110/><U44/><E44/><V83/><REACH who="2" step="1"/><F77/><REACH who="2" ten="288,238,227,237" step="2"/><W82/><G20/><T33/><D26/><U79/><E79/><V23/><F23/><W47/><G7/><T127/><D1/><U123/><E2/><V40/><F40/><W58/><G58/><T113/><D33/><N who="1" m="20735" /><E129/><AGARI ba="0,1" hai="42,45,49,74,78,83,89,90,98,101,104,129,130,131" machi="129" ten="40,3900,0" yaku="1,1,19,1,53,0" doraHai="70" doraHaiUra="128" who="2" fromWho="1" sc="288,0,238,-39,227,49,237,0" /><INIT seed="2,1,0,4,4,122" ten="288,199,276,237" oya="2" hai0="127,71,51,41,58,115,62,83,121,134,59,114,70" hai1="32,133,130,37,77,30,4,81,113,26,43,34,44" hai2="82,13,108,124,36,74,98,31,53,95,72,33,128" hai3="123,47,116,1,42,85,93,39,88,125,40,35,97"/><V99/><F36/><W57/><G123/><T110/><D83/><U80/><E113/><N who="0" m="43017" /><D121/><U0/><E81/><V111/><F13/><W28/><G125/><T107/><D107/><U78/><E78/><V100/><F124/><W109/><G1/><T67/><D127/><U106/><E106/><V66/><F66/><W7/><G7/><T102/><D102/><U8/><E130/><V112/><F112/><W86/><G116/><T24/><D24/><U69/><E133/><V79/><F53/><W65/><G42/><T17/><D17/><U132/><E132/><V90/><F128/><W60/><REACH who="3" step="1"/><G109/><REACH who="3" ten="288,199,276,227" step="2"/><N who="2" m="42057" /><F31/><W120/><G120/><T16/><D110/><U96/><E69/><V2/><F2/><W126/><G126/><T11/><D71/><U6/><E6/><V14/><F14/><W129/><G129/><T84/><D70/><U55/><E0/><V45/><F33/><W118/><G118/><T20/><D41/><U104/><E4/><V117/><F117/><W54/><G54/><T23/><D134/><U9/><E32/><V18/><F18/><W46/><G46/><T27/><D16/><U91/><E55/><V63/><F45/><W87/><G87/><T38/><D84/><U10/><E44/><V92/><F63/><W135/><G135/><T119/><D62/><U5/><E5/><V50/><F50/><W75/><G75/><AGARI ba="1,1" hai="72,74,75,79,82,90,92,95,98,99,100" m="42057" machi="75" ten="30,18000,2" yaku="14,1,10,1,34,2,52,3" doraHai="122" who="2" fromWho="3" sc="288,0,199,0,276,193,227,-183" /><INIT seed="2,2,0,4,2,58" ten="288,199,469,44" oya="2" hai0="17,83,18,107,84,135,103,110,25,81,23,9,57" hai1="15,54,43,80,52,121,89,115,98,120,97,108,88" hai2="85,55,123,95,93,5,94,40,67,7,92,70,105" hai3="60,26,124,119,36,6,22,68,96,75,109,117,66"/><V30/><F123/><N who="1" m="47177" /><E115/><V130/><F105/><W86/><G75/><T78/><D110/><U16/><E43/><V106/><F106/><W127/><G86/><T114/><D114/><U1/><E1/><V56/><F130/><W0/><G36/><T74/><D135/><U28/><E28/><V8/><F30/><W61/><G96/><N who="1" m="36970" /><E108/><V4/><F40/><W11/><G109/><T12/><D107/><U129/><E129/><V20/><F20/><W126/><REACH who="3" step="1"/><G61/><REACH who="3" ten="288,199,469,34" step="2"/><T73/><D73/><U113/><E113/><V77/><F85/><W111/><G111/><T76/><D74/><U116/><E116/><V82/><F82/><W99/><G99/><T65/><D83/><U71/><E80/><V33/><F77/><W62/><G62/><N who="0" m="38095" /><D103/><U122/><E122/><V39/><F39/><W38/><G38/><T63/><D63/><U101/><E101/><V24/><F95/><W13/><G13/><T133/><D133/><U131/><E131/><V27/><F94/><W72/><G72/><T132/><D132/><U14/><E14/><V46/><F93/><W112/><G112/><T90/><AGARI ba="2,1" hai="9,12,17,18,23,25,76,78,81,84,90" m="38095" machi="90" ten="30,2000,0" yaku="8,1,52,1" doraHai="58" who="0" fromWho="0" sc="288,36,199,-7,469,-12,34,-7" /><INIT seed="3,0,0,1,3,36" ten="324,192,457,27" oya="3" hai0="70,90,39,35,32,80,125,135,86,117,81,58,132" hai1="105,65,41,56,40,64,128,33,38,100,60,121,43" hai2="42,27,52,91,101,21,24,66,59,22,2,94,50" hai3="77,11,99,57,116,102,71,69,67,130,75,79,45"/><W93/><G116/><T76/><D70/><U68/><E33/><V122/><F2/><W53/><G130/><T119/><D125/><U114/><E105/><V115/><F122/><W133/><G133/><N who="0" m="51275" /><D39/><U126/><E100/><V88/><F115/><W84/><G75/><N who="0" m="43039" /><D58/><U92/><E92/><V25/><F66/><W14/><G71/><T54/><D54/><N who="1" m="33815" /><E114/><V46/><F101/><W108/><G108/><T113/><D113/><U49/><E121/><V19/><F21/><W8/><G69/><T63/><D63/><N who="1" m="39967" /><E126/><V131/><F131/><W61/><G11/><T0/><D0/><U12/><E12/><V112/><F112/><W73/><G73/><T111/><D111/><U44/><E128/><V124/><F124/><W29/><G84/><T97/><D97/><U30/><E30/><V16/><F19/><W7/><REACH who="3" step="1"/><G29/><REACH who="3" ten="324,192,457,17" step="2"/><T37/><D86/><U72/><E72/><V13/><REACH who="2" step="1"/><F94/><REACH who="2" ten="324,192,447,17" step="2"/><W78/><G78/><T28/><D28/><U3/><E65/><V47/><F47/><W110/><G110/><T134/><D134/><U26/><E3/><V129/><F129/><W118/><G118/><T1/><D1/><U5/><E5/><V9/><F9/><W20/><G20/><T104/><D119/><U31/><E31/><V51/><AGARI ba="0,2" hai="13,16,22,24,25,27,42,46,50,51,52,59,88,91" machi="51" ten="30,12000,2" yaku="1,1,0,1,8,1,52,1,54,3,53,0" doraHai="36" doraHaiUra="6" who="2" fromWho="2" sc="324,-30,192,-30,447,140,17,-60" owari="294,9.0,162,-24.0,587,69.0,-43,-54.0" /></mjloggm>