<mjloggm ver="2.3"><GO type="41" lobby="0"/><UN n0="%E3%83%86%E3%83%8A%E3%82%AC%E3%83%AA%E3%82%AA%E3%83%B3%EF%BC%92" n1="%E2%93%9D%53%75%70%68%78" n2="%E3%83%8B%E3%83%A3%E3%83%BC%E3%83%8F%E3%83%AB%E3%83%88" n3="%E3%83%AA%E3%83%BC%E3%83%81%E3%83%89%E3%83%A9%33" dan="13,18,14,13" rate="1858.19,2093.47,1902.84,1933.69" sx="M,M,M,M"/><TAIKYOKU oya="0"/><INIT seed="0,0,0,5,1,65" ten="250,250,250,250" oya="0" hai0="88,104,13,92,39,118,61,55,4,95,132,85,66" hai1="81,115,109,45,44,30,122,43,22,101,110,67,1" hai2="14,35,105,117,25,2,71,20,28,62,69,106,70" hai3="11,40,58,38,98,91,24,87,46,50,42,72,80"/><T63/><D104/><U17/><E122/><V90/><F117/><W59/><G72/><T47/><D132/><U130/><E1/><V36/><F36/><W16/><G40/><T100/><D39/><U56/><E30/><V86/><F62/><W73/><G73/><T107/><D107/><U111/><E130/><V18/><REACH who="2" step="1"/><F2/><REACH who="2" ten="250,250,240,250" step="2"/><W121/><G38/><T124/><D118/><U23/><E111/><V51/><F51/><W82/><G121/><T32/><D124/><U7/><E110/><V123/><F123/><W84/><G98/><N who="0" m="59463" /><D63/><U89/><E109/><V83/><AGARI ba="0,1" hai="14,18,20,25,28,35,69,70,71,83,86,90,105,106" machi="83" ten="30,8000,1" yaku="1,1,0,1,52,3,53,0" doraHai="65" doraHaiUra="133" who="2" fromWho="2" sc="250,-40,250,-20,240,90,250,-20" /><INIT seed="1,0,0,5,0,90" ten="210,230,330,230" oya="1" hai0="91,48,99,1,4,28,92,16,70,39,30,44,132" hai1="40,105,19,54,65,135,121,133,79,17,108,53,86" hai2="98,6,43,7,46,109,113,85,58,104,94,124,52" hai3="51,74,68,21,24,117,33,37,106,49,72,61,22"/><U129/><E121/><V76/><F109/><W82/><G37/><T107/><D132/><N who="1" m="50763" /><E105/><V64/><F124/><W5/><G106/><T119/><D119/><U73/><E73/><V14/><F113/><W36/><G36/><T81/><D70/><U130/><E40/><V128/><F128/><N who="1" m="49257" /><E65/><V118/><F118/><W0/><G33/><T45/><D39/><U57/><E108/><V25/><F25/><W10/><G22/><T114/><D107/><U110/><E110/><V32/><F32/><W67/><G117/><T50/><D114/><U71/><E71/><V75/><F64/><W26/><G26/><T47/><D81/><N who="1" m="47423" /><E54/><V66/><F104/><W84/><G72/><T13/><D4/><U77/><E77/><V2/><F75/><W60/><G74/><T103/><D1/><U27/><E27/><V112/><F66/><W89/><REACH who="3" step="1"/><G61/><AGARI ba="0,0" hai="17,19,53,57,61" m="47423,49257,50763" machi="61" ten="30,2900,0" yaku="20,1,19,1" doraHai="90" who="1" fromWho="3" sc="210,0,230,29,330,0,230,-29" /><INIT seed="1,1,0,5,0,11" ten="210,259,330,201" oya="1" hai0="129,56,5,110,2,21,13,73,58,77,37,7,103" hai1="87,17,126,66,98,19,99,9,20,105,107,36,52" hai2="32,25,22,120,31,4,114,24,78,93,134,63,45" hai3="100,65,116,30,81,123,133,95,94,12,69,10,82"/><U132/><E36/><V33/><F120/><W124/><G123/><T92/><D129/><U49/><E66/><V26/><F78/><W34/><G124/><T135/><D110/><U15/><E126/><V8/><F93/><W131/><G131/><T43/><D135/><U14/><E132/><V53/><F134/><W89/><G133/><T96/><D7/><U88/><E107/><V97/><F97/><W50/><G116/><T108/><D108/><U115/><E105/><V54/><F114/><W46/><G30/><T23/><D13/><U28/><E28/><V80/><F80/><W118/><G34/><T38/><D21/><U60/><E60/><V55/><F63/><W117/><G100/><T29/><D23/><U83/><E115/><V85/><F85/><W122/><G94/><T119/><D29/><U71/><E71/><V91/><F91/><W57/><G69/><T121/><D37/><U68/><E68/><V6/><F45/><AGARI ba="1,0" hai="9,14,15,17,19,20,45,49,52,83,87,88,98,99" machi="45" ten="30,24000,3" yaku="7,1,25,2,8,1,52,2,54,2" doraHai="11" who="1" fromWho="2" sc="210,0,259,243,330,-243,201,0" /><INIT seed="1,2,0,4,4,125" ten="210,502,87,201" oya="1" hai0="78,70,97,7,5,33,9,42,129,61,80,126,98" hai1="79,124,8,24,57,55,0,43,87,67,10,31,15" hai2="117,44,127,16,71,28,74,114,1,65,39,46,36" hai3="84,64,119,105,94,37,66,12,110,133,104,113,47"/><U120/><E120/><V35/><F1/><W118/><G113/><T100/><D33/><U92/><E43/><V99/><F117/><W72/><G110/><T26/><D126/><U101/><E67/><V132/><F127/><W68/><G72/><T128/><D26/><U19/><E0/><V20/><F114/><W41/><G133/><T111/><D111/><U77/><E10/><V106/><F132/><W52/><G12/><N who="0" m="5167" /><D42/><U13/><E13/><V95/><F74/><W17/><G17/><T93/><D98/><U14/><E14/><V18/><F106/><W6/><G6/><T75/><D61/><U32/><E124/><V130/><F130/><N who="0" m="50282" /><D7/><U121/><E24/><V86/><F39/><W23/><G118/><T60/><D60/><U90/><E32/><V34/><F36/><W62/><G119/><T85/><D70/><U88/><E15/><V27/><F71/><W49/><G66/><T102/><D102/><U115/><E101/><V69/><F65/><W38/><G23/><T76/><D75/><U91/><E115/><V96/><F69/><W51/><G37/><T123/><D123/><U134/><E121/><V103/><F35/><W53/><G53/><T108/><D108/><U48/><E55/><V73/><F73/><W59/><G51/><T56/><D56/><U122/><E48/><V109/><F109/><W3/><G3/><T50/><D50/><U82/><E57/><V4/><F4/><W116/><G116/><T30/><D30/><U40/><E31/><V112/><F112/><W83/><G38/><T58/><D58/><U22/><E122/><RYUUKYOKU ba="2,0" sc="210,30,502,-10,87,-10,201,-10" hai0="76,78,80,85,93,97,100" /><INIT seed="2,3,0,4,5,29" ten="240,492,77,191" oya="2" hai0="125,71,1,95,106,0,70,80,44,23,92,78,122" hai1="5,33,13,124,99,22,102,67,47,6,66,12,28" hai2="59,91,17,51,64,128,86,77,127,87,93,89,75" hai3="65,40,53,104,31,34,135,10,114,36,4,108,81"/><V62/><F127/><W38/><G104/><T63/><D125/><U79/><E33/><V85/><F128/><W48/><G108/><T112/><D106/><U126/><E47/><V7/><F7/><W46/><G135/><T43/><D112/><U8/><E79/><V115/><F115/><W116/><G116/><T105/><D122/><U57/><E57/><V110/><F75/><W131/><G131/><T52/><D105/><U96/><E28/><V39/><F39/><W15/><G114/><T98/><D71/><U26/><E26/><V32/><F32/><W94/><G65/><T42/><D70/><U14/><E22/><V35/><F35/><W88/><G81/><T37/><D1/><U30/><E30/><V9/><F110/><W107/><G107/><T73/><D0/><U49/><E49/><V103/><F51/><W133/><G133/><T60/><D43/><U90/><E14/><N who="2" m="7375" /><F77/><W19/><G4/><T76/><D76/><U101/><E90/><N who="2" m="34315" /><F103/><W117/><G117/><T24/><D98/><U54/><E8/><V61/><F61/><W58/><G31/><T129/><D60/><U74/><E74/><V72/><F72/><W25/><G34/><T41/><D129/><U55/><AGARI ba="3,0" hai="5,6,12,13,54,55,66,67,96,99,101,102,124,126" machi="55" ten="25,3200,0" yaku="0,1,22,2" doraHai="29" who="1" fromWho="1" sc="240,-11,492,41,77,-19,191,-11" /><INIT seed="3,0,0,1,2,105" ten="229,533,58,180" oya="3" hai0="68,29,6,88,101,107,78,98,82,90,122,4,77" hai1="11,18,106,113,42,15,51,27,61,87,89,3,86" hai2="13,39,25,134,67,10,126,79,85,110,14,45,56" hai3="47,64,75,116,41,26,123,120,38,55,34,0,57"/><W74/><G116/><T100/><D68/><U22/><E113/><V50/><F110/><W24/><G0/><T70/><D70/><U95/><E106/><V91/><F126/><W71/><G120/><T65/><D65/><U44/><E3/><V127/><F127/><W40/><G40/><T111/><D29/><N who="1" m="17655" /><E61/><V119/><F119/><W62/><G123/><T19/><D19/><U118/><E118/><V117/><F117/><W63/><REACH who="3" step="1"/><G24/><REACH who="3" ten="229,533,58,170" step="2"/><T72/><D122/><U66/><E66/><V5/><F67/><W54/><G54/><T93/><D111/><U76/><E76/><V121/><F79/><W35/><G35/><T81/><D6/><U97/><AGARI ba="0,1" hai="11,15,18,42,44,51,86,87,89,95,97" m="17655" machi="97" ten="30,1100,0" yaku="8,1" doraHai="105" who="1" fromWho="1" sc="229,-3,533,21,58,-3,170,-5" /><INIT seed="4,0,0,2,3,10" ten="226,554,55,165" oya="0" hai0="86,113,91,32,33,60,48,73,47,59,11,9,61" hai1="25,18,121,22,112,80,14,51,114,3,90,83,49" hai2="108,84,65,74,105,118,101,88,115,15,0,66,27" hai3="28,54,30,12,135,104,100,111,127,122,56,1,2"/><T81/><D113/><N who="1" m="43627" /><E3/><V78/><F115/><W64/><G111/><T98/><D60/><U93/><E121/><V17/><F108/><W129/><G127/><T57/><D57/><U120/><E120/><V8/><F118/><W116/><G116/><T45/><D73/><U95/><E95/><V128/><F128/><W37/><G37/><T52/><D47/><U7/><E7/><V5/><F78/><W58/><G135/><T23/><D32/><U133/><E25/><V39/><F74/><W63/><G129/><T26/><D33/><U123/><E123/><V103/><F39/><W96/><G122/><T6/><D6/><U94/><E94/><V130/><F130/><W35/><G35/><T125/><D98/><N who="1" m="57655" /><E133/><V13/><F0/><W107/><G107/><T110/><D125/><U69/><E69/><V75/><F75/><W109/><G109/><T71/><D71/><U31/><E31/><V126/><F27/><W19/><G28/><T79/><D79/><U36/><E36/><V42/><F42/><W132/><G30/><N who="0" m="17759" /><D110/><U131/><E131/><V38/><F38/><W77/><G77/><T92/><D81/><AGARI ba="0,0" hai="14,18,22,49,51,80,81,83" m="57655,43627" machi="81" ten="30,3900,0" yaku="15,1,11,1,52,1" doraHai="10" who="1" fromWho="0" sc="226,-39,554,39,55,0,165,0" /><INIT seed="5,0,0,1,3,29" ten="187,593,55,165" oya="1" hai0="101,35,56,116,63,122,42,12,4,74,125,134,16" hai1="86,60,112,80,71,49,18,33,72,84,1,25,133" hai2="100,127,128,0,52,113,9,126,89,44,115,64,36" hai3="88,59,38,135,51,129,19,23,107,28,123,118,48"/><U104/><E1/><V87/><F100/><W82/><G123/><T39/><D74/><U120/><E112/><N who="2" m="43083" /><F64/><W26/><G107/><T54/><D116/><U96/><E133/><V62/><F128/><W17/><G135/><T65/><D122/><U73/><E49/><N who="2" m="28711" /><F36/><W47/><G38/><T68/><D125/><N who="2" m="47626" /><F62/><W50/><G118/><T2/><D134/><U31/><E18/><N who="3" m="6666" /><G129/><T124/><D101/><N who="1" m="62503" /><E120/><V70/><F70/><W98/><G59/><T24/><D124/><U21/><E21/><V58/><F58/><W97/><G47/><N who="0" m="24031" /><D4/><U83/><E71/><V57/><F57/><W91/><G82/><T76/><D2/><U37/><E83/><V102/><F102/><W15/><G15/><T27/><D76/><U3/><E80/><N who="2" m="49383" /><F0/><W77/><G77/><T110/><D110/><U6/><E37/><V30/><F30/><W130/><G130/><T11/><D27/><U61/><E25/><V81/><F81/><W78/><G78/><T114/><D24/><U69/><E69/><V67/><F67/><W66/><G66/><T79/><D114/><U92/><E73/><V53/><F9/><W108/><G51/><N who="0" m="30815" /><D79/><U106/><E72/><V93/><F93/><W40/><G50/><T117/><D117/><U43/><E92/><V46/><F53/><W7/><G48/><T14/><D14/><U41/><E106/><V132/><F132/><W32/><G28/><T90/><D90/><U119/><E119/><V94/><F94/><W85/><G91/><T75/><D75/><U22/><E31/><V10/><F10/><W45/><G88/><T8/><D8/><RYUUKYOKU ba="0,0" sc="187,15,593,-15,55,15,165,-15" hai0="11,12,16,35,63,65,68" hai2="46" /><INIT seed="6,1,0,3,2,15" ten="202,578,70,150" oya="2" hai0="113,82,50,78,61,130,48,80,53,14,26,133,107" hai1="20,96,83,24,122,132,57,98,25,19,116,60,81" hai2="90,91,3,8,21,6,40,31,127,124,70,104,22" hai3="95,12,34,85,66,118,76,67,135,27,37,92,56"/><V88/><F70/><W42/><G118/><T43/><D107/><U126/><E132/><V44/><F104/><W65/><G135/><T108/><D113/><U114/><E126/><V54/><F54/><W68/><G68/><T79/><D130/><U125/><E122/><V46/><F31/><W72/><G72/><T58/><D108/><U28/><E114/><V110/><F110/><W86/><G37/><T99/><D133/><U71/><E125/><V33/><F33/><W38/><G38/><T59/><D99/><U51/><E51/><V97/><F97/><W39/><G39/><T89/><D26/><U119/><E71/><V112/><F112/><W17/><G42/><T101/><D101/><U0/><E0/><V18/><F22/><W102/><G56/><T84/><D43/><U5/><E5/><V9/><F9/><W129/><G129/><T55/><D14/><U93/><E98/><V69/><F69/><W13/><G34/><T52/><REACH who="0" step="1"/><D82/><REACH who="0" ten="192,578,70,150" step="2"/><U115/><E83/><V10/><F10/><W75/><G102/><T87/><D87/><U109/><E109/><V73/><F73/><W77/><G75/><T64/><D64/><N who="1" m="38927" /><E115/><V128/><F128/><W41/><G41/><T106/><D106/><U105/><E105/><V30/><F30/><W131/><G131/><T123/><D123/><U62/><E81/><V100/><F100/><W49/><G86/><T74/><D74/><U2/><E28/><V36/><REACH who="2" step="1"/><F44/><AGARI ba="1,1" hai="44,48,50,52,53,55,58,59,61,78,79,80,84,89" machi="44" ten="30,7700,0" yaku="1,1,7,1,8,1,54,1,53,0" doraHai="15" doraHaiUra="103" who="0" fromWho="2" sc="192,90,578,0,70,-80,150,0" owari="282,8.0,578,68.0,-10,-51.0,150,-25.0" /></mjloggm>