<mjloggm ver="2.3"><GO type="41" lobby="0"/><UN n0="%54%65%74%73%75%79%61%33" n1="%E3%83%8F%E3%83%A0%E3%82%B9%E3%83%88%E3%83%AA%E3%83%B3%E3%82%B0" n2="%E3%81%8C%E3%81%B6%E3%82%8A%E5%AF%84%E3%82%8A" n3="%E2%93%9D%53%75%70%68%78" dan="14,14,15,17" rate="1919.00,1912.94,1986.10,2044.79" sx="M,M,M,M"/><TAIKYOKU oya="0"/><INIT seed="0,0,0,1,4,39" ten="250,250,250,250" oya="0" hai0="94,109,131,119,85,78,12,64,104,42,116,54,69" hai1="61,81,135,122,86,120,72,91,59,129,79,124,105" hai2="49,3,77,19,0,99,130,76,113,16,134,67,100" hai3="121,55,128,103,37,106,44,101,71,74,117,43,23"/><T35/><D35/><U95/><E61/><V13/><F113/><W126/><G117/><T31/><D31/><U60/><E60/><V108/><F67/><W51/><G74/><T21/><D104/><U2/><E2/><V112/><F112/><W9/><G128/><T127/><D64/><U56/><E56/><V47/><F130/><W70/><G126/><T5/><D69/><U40/><E59/><V28/><F28/><W84/><G121/><T27/><D54/><U29/><E29/><V75/><F108/><W62/><G23/><T90/><D5/><U63/><E63/><V107/><F134/><W22/><G22/><T36/><D12/><U11/><E11/><V110/><F110/><W68/><G84/><T30/><D131/><U20/><E20/><V24/><F24/><W10/><G62/><T46/><D109/><U132/><E129/><V58/><F58/><W92/><G92/><T52/><D52/><U80/><E105/><V45/><F45/><W111/><G111/><T93/><D127/><U6/><E6/><V102/><F102/><W15/><G106/><T50/><D36/><U83/><E124/><V115/><F115/><W73/><G73/><T89/><D78/><N who="2" m="30314" /><F75/><W33/><G33/><T26/><D26/><U123/><E40/><N who="2" m="24807" /><F19/><N who="3" m="8687" /><G10/><T98/><AGARI ba="0,0" hai="21,27,30,42,46,50,85,89,90,93,94,98,116,119" machi="98" ten="20,3900,0" yaku="0,1,7,1,52,1" doraHai="39" who="0" fromWho="0" sc="250,39,250,-13,250,-13,250,-13" /><INIT seed="0,1,0,5,2,31" ten="289,237,237,237" oya="0" hai0="81,116,83,20,66,55,71,19,110,8,10,61,15" hai1="73,16,28,82,25,18,124,101,121,17,77,74,59" hai2="106,12,130,107,27,109,36,62,111,117,13,88,108" hai3="103,100,49,30,4,125,92,29,105,43,99,51,42"/><T72/><D116/><U22/><E121/><V122/><F36/><W94/><G4/><T69/><D71/><U37/><E37/><V96/><F122/><W114/><G105/><T0/><D72/><U93/><E124/><V44/><F44/><W87/><G87/><T135/><D135/><U56/><E74/><V60/><F117/><W50/><G114/><T112/><D112/><U46/><E46/><V32/><F130/><W98/><REACH who="3" step="1"/><G51/><REACH who="3" ten="289,237,237,227" step="2"/><T89/><D0/><U79/><E73/><V104/><F13/><W95/><G95/><T35/><D83/><U76/><E82/><V86/><F12/><W90/><G90/><T23/><D81/><U113/><E113/><V134/><F134/><W123/><G123/><T5/><D89/><U2/><E2/><V126/><F126/><AGARI ba="1,1" hai="29,30,42,43,49,50,92,94,98,99,100,103,125,126" machi="126" ten="25,3200,0" yaku="1,1,22,2,53,0" doraHai="31" doraHaiUra="21" who="3" fromWho="2" sc="289,0,237,0,237,-35,227,45" /><INIT seed="1,0,0,3,0,106" ten="289,237,202,272" oya="1" hai0="124,58,21,111,8,50,16,96,107,65,110,100,125" hai1="77,102,108,55,48,40,47,127,128,101,42,59,72" hai2="23,80,122,123,46,18,130,51,25,103,61,135,97" hai3="1,83,112,90,116,60,12,6,113,105,131,114,75"/><U71/><E128/><V121/><F130/><W63/><G131/><T79/><D79/><U81/><E127/><N who="0" m="48713" /><D8/><U109/><E71/><V133/><F61/><W120/><G105/><T43/><D43/><U31/><E31/><V11/><F11/><W36/><G120/><T33/><D33/><U118/><E118/><V41/><REACH who="2" step="1"/><F80/><REACH who="2" ten="289,237,192,272" step="2"/><W66/><G63/><N who="0" m="38135" /><D50/><N who="1" m="31223" /><E40/><V54/><F54/><W115/><G115/><T78/><D78/><U22/><E22/><V134/><F134/><W88/><G114/><T82/><D82/><U56/><E56/><V24/><F24/><AGARI ba="0,1" hai="16,21,24,96,100,107,110,111" m="38135,48713" machi="24" ten="30,2000,0" yaku="18,1,54,1" doraHai="106" who="0" fromWho="2" sc="289,30,237,0,192,-20,272,0" /><INIT seed="2,0,0,4,2,100" ten="319,237,172,272" oya="2" hai0="101,106,4,25,111,29,42,38,54,69,131,96,122" hai1="20,30,1,45,83,70,0,34,22,126,74,57,37" hai2="28,15,47,125,129,128,2,40,14,46,73,93,134" hai3="91,87,41,68,61,24,62,39,89,85,119,44,118"/><V133/><F73/><W72/><G72/><T116/><D122/><U107/><E57/><V49/><F2/><W11/><G24/><T23/><D69/><U114/><E20/><V6/><F28/><W66/><G11/><T36/><D116/><U27/><E22/><V127/><F93/><W65/><G87/><T8/><D131/><N who="2" m="50250" /><F6/><W132/><G132/><N who="2" m="50793" /><F47/><W108/><G91/><T120/><D120/><U76/><E114/><V121/><F121/><W104/><G89/><T13/><D42/><N who="1" m="22735" /><E126/><AGARI ba="0,0" hai="14,15,40,46,49,125,126,127" m="50793,50250" machi="126" ten="40,48000,5" yakuman="39" doraHai="100" who="2" fromWho="1" sc="319,0,237,-480,172,480,272,0" owari="319,12.0,-243,-74.0,652,75.0,272,-13.0" /></mjloggm>