<mjloggm ver="2.3"><GO type="41" lobby="0"/><UN n0="%E2%93%9D%53%75%70%68%78" n1="%E3%81%A9%E3%82%89%E3%82%88%E3%82%93" n2="%4D%E5%B0%82%E5%8B%99" n3="%E8%8F%8A%E5%9C%B0%E3%83%9E%E3%83%88%E3%82%B3" dan="18,15,16,15" rate="2031.65,1947.56,2079.45,1941.85" sx="M,M,M,M"/><TAIKYOKU oya="0"/><INIT seed="0,0,0,5,3,80" ten="250,250,250,250" oya="0" hai0="17,122,75,91,97,33,5,92,66,26,64,100,104" hai1="14,114,30,98,59,72,84,93,49,82,115,87,65" hai2="74,24,99,15,71,88,18,126,11,86,52,68,9" hai3="101,20,16,1,120,103,25,89,113,3,28,117,50"/><T63/><D122/><U81/><E30/><V62/><F74/><W40/><G113/><N who="1" m="43018" /><E72/><V128/><F126/><W70/><G70/><T21/><D75/><U106/><E106/><V110/><F128/><W39/><G117/><T32/><D5/><U45/><E65/><V10/><F110/><W54/><G39/><T83/><D66/><U95/><E59/><N who="2" m="35175" /><F71/><W67/><G40/><T130/><D83/><N who="1" m="31755" /><E14/><V12/><F99/><W43/><G43/><T134/><D134/><U77/><E77/><V37/><F37/><W42/><G42/><T47/><D47/><U2/><E2/><V78/><F78/><W0/><G67/><T131/><D131/><U60/><E60/><V55/><F55/><W36/><G36/><T29/><D130/><U56/><E56/><V90/><F90/><W121/><G89/><T79/><D79/><U51/><E45/><V69/><F69/><W61/><G61/><T58/><REACH who="0" step="1"/><D29/><REACH who="0" ten="240,250,250,250" step="2"/><U116/><E116/><V127/><F127/><W38/><G28/><T111/><D111/><U118/><E118/><V135/><F135/><W109/><G109/><T73/><D73/><U23/><E49/><V27/><F68/><W53/><G38/><T94/><D94/><U96/><E51/><V124/><F124/><W132/><G132/><T34/><D34/><U107/><E107/><V119/><F119/><W44/><G54/><T105/><D105/><U102/><E23/><V57/><F57/><W125/><G125/><T31/><D31/><U4/><E4/><N who="2" m="3111" /><F10/><W8/><G8/><T7/><D7/><U13/><E95/><AGARI ba="0,1" hai="11,15,18,24,27,86,88,95" m="3111,35175" machi="95" ten="30,7700,0" yaku="8,1,52,1,54,2" doraHai="80" who="2" fromWho="1" sc="240,0,250,-77,250,87,250,0" /><INIT seed="1,0,0,0,2,109" ten="240,173,337,250" oya="1" hai0="71,46,128,87,108,24,95,89,38,55,100,60,92" hai1="47,103,80,74,81,105,39,21,94,18,93,3,116" hai2="16,27,132,104,35,122,33,42,0,49,121,14,1" hai3="70,101,28,6,129,75,15,17,53,86,97,124,20"/><U5/><E116/><V113/><F104/><W37/><G75/><T34/><D108/><U25/><E80/><V62/><F62/><W119/><G37/><T131/><D34/><U7/><E7/><V36/><F49/><W135/><G124/><T61/><D24/><U43/><E103/><V110/><F110/><W82/><G129/><N who="0" m="49739" /><D71/><U23/><E23/><V22/><F42/><W56/><G70/><T76/><D76/><N who="1" m="44183" /><E105/><V117/><F36/><W120/><G135/><T45/><D38/><U96/><E96/><V83/><F83/><W30/><G120/><T59/><D61/><U88/><E88/><V10/><F132/><W13/><G119/><T134/><D134/><U78/><E78/><V125/><F125/><W118/><G118/><T91/><D100/><U73/><E73/><V107/><F107/><W85/><G13/><T26/><D26/><U99/><E99/><AGARI ba="0,0" hai="45,46,55,59,60,87,89,91,92,95,99" m="49739" machi="99" ten="30,1000,0" yaku="19,1" doraHai="109" who="0" fromWho="1" sc="240,10,173,-10,337,0,250,0" /><INIT seed="2,0,0,0,3,9" ten="250,163,337,250" oya="2" hai0="112,2,85,88,86,37,38,12,90,4,130,11,23" hai1="115,20,129,70,121,35,79,113,124,71,75,91,84" hai2="99,18,19,52,89,72,36,68,77,53,80,51,24" hai3="128,3,116,69,31,56,78,87,97,29,81,45,64"/><V83/><F36/><W1/><G69/><T17/><D130/><U34/><E129/><V25/><F68/><W55/><G116/><T14/><D112/><U8/><E124/><V16/><F53/><W62/><G128/><T127/><D127/><U96/><E20/><V119/><F119/><W26/><G31/><T48/><D2/><U110/><E8/><V134/><F134/><W57/><G45/><T7/><D48/><U47/><E47/><V0/><F0/><W41/><G97/><T58/><D58/><U123/><E96/><V82/><F72/><W5/><G5/><T131/><D131/><U103/><E103/><V118/><F77/><W22/><REACH who="3" step="1"/><G41/><REACH who="3" ten="250,163,337,240" step="2"/><T33/><D7/><U27/><E113/><V125/><F118/><W92/><G92/><T93/><D33/><U135/><E115/><V74/><F125/><W13/><G13/><T98/><D98/><U104/><E35/><V6/><F6/><W132/><G132/><T105/><D105/><U109/><E135/><V107/><F74/><W114/><G114/><T94/><AGARI ba="0,1" hai="4,11,12,14,17,23,37,38,85,86,88,90,93,94" machi="94" ten="20,12000,2" yaku="0,1,7,1,9,1,52,2,54,1" doraHai="9" who="0" fromWho="0" sc="250,130,163,-30,337,-60,240,-30" /><INIT seed="3,0,0,3,5,74" ten="380,133,277,210" oya="3" hai0="6,76,115,80,0,79,88,71,34,51,36,24,37" hai1="50,83,25,73,118,11,81,32,123,75,87,17,135" hai2="66,127,1,129,16,43,125,64,26,113,77,121,27" hai3="91,105,52,46,92,72,67,2,69,65,128,29,114"/><W14/><G114/><T84/><D71/><U44/><E123/><V41/><F113/><W130/><G2/><T99/><D115/><U59/><E135/><V57/><F1/><W23/><G105/><T45/><D6/><U60/><E83/><V30/><F121/><W7/><G72/><T97/><D37/><U124/><E124/><V12/><F129/><N who="3" m="49771" /><G69/><T8/><D36/><U70/><E70/><V47/><F57/><W93/><G7/><T101/><D8/><U61/><E61/><V53/><F53/><W56/><G46/><T120/><D120/><U62/><E62/><V95/><F43/><W19/><G29/><T21/><D34/><U86/><E32/><V39/><F30/><W49/><G93/><N who="0" m="58543" /><D99/><AGARI ba="0,0" hai="14,19,23,49,52,56,65,67,91,92,99" m="49771" machi="99" ten="30,2900,0" yaku="19,1,54,1" doraHai="74" who="3" fromWho="0" sc="380,-29,133,0,277,0,210,29" /><INIT seed="3,1,0,5,2,123" ten="351,133,277,239" oya="3" hai0="132,94,58,83,92,86,49,88,134,22,113,67,59" hai1="47,27,116,71,97,135,40,129,34,121,101,46,18" hai2="4,77,79,5,20,117,56,124,24,51,106,48,120" hai3="43,122,28,23,118,68,119,37,107,65,105,76,35"/><W112/><G122/><T12/><D113/><U53/><E121/><V26/><F120/><W9/><G23/><T80/><D67/><U131/><E71/><V25/><F117/><N who="3" m="44555" /><G9/><T128/><D128/><N who="1" m="49227" /><E135/><N who="0" m="51753" /><D94/><N who="1" m="58551" /><E116/><V108/><F106/><W21/><G35/><T126/><D126/><U109/><E109/><V64/><F108/><W13/><G65/><T36/><D36/><U78/><E78/><N who="2" m="29707" /><F20/><W16/><G68/><T96/><D49/><N who="2" m="19018" /><F124/><W45/><G112/><T91/><D83/><U70/><E70/><V74/><F74/><W3/><G107/><T104/><D104/><U52/><E18/><AGARI ba="1,0" hai="12,18,22,58,59,80,86,88,91,92,96" m="51753" machi="18" ten="30,2000,0" yaku="20,1,54,1" doraHai="123" who="0" fromWho="1" sc="351,23,133,-23,277,0,239,0" /><INIT seed="4,0,0,0,2,35" ten="374,110,277,239" oya="0" hai0="72,44,91,117,39,92,28,78,94,97,73,77,1" hai1="46,109,132,3,55,85,98,61,71,99,118,95,42" hai2="84,103,75,82,67,51,0,124,122,4,5,79,120" hai3="80,13,134,96,101,119,6,127,52,60,123,83,50"/><T54/><D28/><U22/><E132/><V70/><F124/><W26/><G119/><T11/><D117/><U34/><E34/><V93/><F5/><W7/><G123/><T113/><D113/><U76/><E109/><V129/><F129/><W49/><G127/><T27/><D27/><U104/><E104/><V17/><F17/><W130/><G60/><T86/><D54/><U121/><E121/><V8/><F51/><W56/><G130/><T58/><D58/><U69/><E98/><V25/><F25/><W125/><G125/><T14/><D44/><U48/><E118/><V45/><F84/><W135/><G49/><T12/><D39/><U128/><E128/><V9/><F9/><N who="3" m="4279" /><G26/><T89/><D11/><U87/><E87/><V43/><F93/><N who="3" m="58511" /><G7/><T106/><D14/><U16/><E3/><V10/><F10/><W107/><G107/><T74/><D12/><U90/><E61/><V81/><F103/><W59/><G56/><T30/><D30/><U36/><E85/><V110/><F110/><W131/><G131/><T41/><D106/><U31/><E31/><V62/><REACH who="2" step="1"/><F81/><REACH who="2" ten="374,110,267,239" step="2"/><W88/><G83/><T53/><D94/><U126/><E126/><V102/><F102/><W37/><G37/><T116/><D116/><U29/><E29/><V24/><F24/><W68/><G80/><T23/><D92/><U100/><E100/><V20/><F20/><W18/><G18/><T115/><D23/><U21/><E21/><V65/><F65/><W47/><G50/><T105/><D105/><U112/><E48/><V33/><F33/><W2/><G47/><RYUUKYOKU ba="0,1" sc="374,-10,110,-10,267,30,239,-10" hai2="0,4,8,43,45,62,67,70,75,79,82,120,122" /><INIT seed="5,1,1,3,0,42" ten="364,100,297,229" oya="1" hai0="9,83,121,25,78,64,45,123,110,97,93,32,28" hai1="61,27,60,67,65,108,17,116,14,91,127,15,107" hai2="129,114,96,90,36,79,71,99,21,59,19,10,13" hai3="124,85,34,113,88,115,132,117,134,50,18,2,33"/><U40/><E116/><V52/><F71/><W47/><G2/><T76/><D110/><U26/><E107/><V101/><F129/><W11/><G124/><T39/><D64/><U130/><E130/><V128/><F128/><W7/><G7/><T22/><D32/><U80/><E127/><V51/><F36/><W66/><G66/><N who="1" m="25098" /><E108/><V104/><F79/><W106/><G106/><T131/><D9/><N who="1" m="6351" /><E15/><V133/><F133/><N who="3" m="51307" /><G117/><T70/><D70/><U125/><E40/><V48/><F114/><N who="3" m="43531" /><G18/><T119/><D119/><U69/><E69/><V5/><F99/><W100/><G11/><T98/><D98/><U8/><E8/><V16/><F90/><W89/><G100/><T23/><D131/><U29/><E125/><V37/><F37/><W49/><G49/><T6/><D39/><U75/><E75/><V112/><F112/><W111/><G111/><T54/><D123/><U30/><E30/><V53/><F21/><W87/><G87/><T120/><D23/><N who="1" m="15583" /><E27/><V35/><F35/><N who="3" m="13323" /><G85/><AGARI ba="1,1" hai="60,61,80,85,91" m="15583,6351,25098" machi="85" ten="30,1500,0" yaku="8,1" doraHai="42" who="1" fromWho="3" sc="364,0,100,28,297,0,229,-18" /><INIT seed="5,2,0,0,0,104" ten="364,128,297,211" oya="1" hai0="20,30,9,37,35,134,7,83,113,114,17,48,132" hai1="44,94,42,100,71,131,25,65,90,87,29,99,118" hai2="112,61,75,88,119,49,38,64,110,92,12,66,98" hai3="101,115,46,4,41,78,74,63,58,62,1,124,133"/><U56/><E118/><V47/><F119/><W127/><G101/><T52/><D37/><U129/><E71/><V97/><F110/><W82/><G115/><N who="0" m="44043" /><D83/><U73/><E73/><V76/><F112/><W53/><G133/><N who="0" m="51307" /><D30/><U10/><E10/><V81/><F38/><N who="3" m="21815" /><G63/><T16/><D20/><U67/><E56/><V123/><F123/><W122/><G122/><T45/><D35/><U86/><E86/><V135/><F135/><W21/><G21/><T3/><AGARI ba="2,0" hai="3,7,9,16,17,45,48,52" m="51307,44043" machi="3" ten="30,7900,0" yaku="15,1,20,1,54,2" doraHai="104" who="0" fromWho="0" sc="364,85,128,-41,297,-22,211,-22" /><INIT seed="6,0,0,0,0,67" ten="449,87,275,189" oya="2" hai0="69,102,58,62,103,4,126,17,121,57,88,86,135" hai1="106,105,70,2,92,7,46,65,47,14,83,68,127" hai2="125,84,119,91,3,12,122,128,133,99,95,20,11" hai3="44,75,51,29,48,9,104,55,6,97,90,52,101"/><V110/><F122/><W43/><G75/><T22/><D69/><U72/><E2/><V59/><F119/><W114/><G114/><T18/><D135/><U10/><E127/><V34/><F34/><W100/><G29/><T85/><D4/><U39/><E65/><V31/><F133/><W124/><G124/><T54/><D86/><U79/><E92/><V130/><F125/><W15/><G101/><T5/><D5/><U25/><E25/><N who="2" m="16807" /><F3/><W13/><G90/><T89/><D89/><U60/><E60/><V123/><F123/><W134/><G134/><T50/><D18/><U94/><E94/><V1/><F1/><W30/><G30/><T96/><D96/><U107/><REACH who="1" step="1"/><E39/><REACH who="1" ten="449,77,275,189" step="2"/><V37/><F37/><W71/><G71/><AGARI ba="0,1" hai="7,10,14,46,47,68,70,71,72,79,83,105,106,107" machi="71" ten="50,8000,1" yaku="1,1,2,1,52,3,53,0" doraHai="67" doraHaiUra="93" who="1" fromWho="3" sc="449,0,77,90,275,0,189,-80" /><INIT seed="7,0,0,1,0,11" ten="449,167,275,109" oya="3" hai0="50,8,118,112,68,39,57,33,102,20,89,34,87" hai1="79,78,101,26,135,83,54,56,82,62,15,104,111" hai2="108,41,73,21,134,74,6,51,113,5,3,125,19" hai3="115,84,43,109,32,12,114,13,7,90,66,58,106"/><W2/><G106/><T61/><D112/><N who="3" m="43049" /><G32/><T65/><D118/><U47/><E111/><V86/><F108/><W24/><G109/><T131/><D131/><U64/><E104/><V99/><F113/><W124/><G124/><T132/><D132/><U80/><E101/><V121/><F125/><W35/><G43/><T77/><D8/><U97/><E97/><V117/><F117/><W60/><G2/><T110/><D39/><U130/><E135/><V4/><F3/><W119/><G7/><T72/><D72/><U96/><E96/><V76/><F74/><W0/><G0/><T46/><D34/><U94/><E94/><V37/><F37/><W95/><G119/><T126/><D33/><U120/><E120/><V29/><F73/><W36/><G36/><T91/><D68/><U127/><E127/><V123/><F29/><AGARI ba="0,0" hai="12,13,24,29,35,58,60,66,84,90,95" m="43049" machi="29" ten="30,5800,0" yaku="15,1,52,2" doraHai="11" who="3" fromWho="2" sc="449,0,167,0,275,-58,109,58" /><INIT seed="7,1,0,0,2,19" ten="449,167,217,167" oya="3" hai0="10,106,31,109,113,61,92,115,23,127,3,33,88" hai1="118,103,78,59,74,124,69,119,21,68,29,62,86" hai2="67,130,129,46,135,131,39,79,126,57,8,22,108" hai3="2,18,63,72,132,0,40,50,83,13,84,14,65"/><W12/><G72/><T134/><D127/><U110/><E110/><V122/><F108/><W121/><G121/><T107/><D134/><U41/><E74/><V60/><F122/><W47/><G132/><T56/><D23/><U105/><E41/><N who="2" m="22847" /><F135/><W114/><G114/><N who="0" m="43531" /><D31/><U15/><E103/><V51/><F8/><W53/><G40/><T95/><D95/><U52/><E105/><V25/><F79/><W48/><G50/><T28/><D28/><U17/><E29/><N who="2" m="17591" /><F51/><W90/><REACH who="3" step="1"/><G18/><REACH who="3" ten="449,167,217,157" step="2"/><T111/><D111/><U125/><E124/><AGARI ba="1,1" hai="57,60,67,124,126,129,130,131" m="17591,22847" machi="124" ten="40,2600,0" yaku="19,1,52,1" doraHai="19" who="2" fromWho="1" sc="449,0,167,-29,217,39,157,0" owari="449,54.0,138,-36.0,256,6.0,157,-24.0" /></mjloggm>