<mjloggm ver="2.3"><GO type="41" lobby="0"/><UN n0="%E3%83%8D%E3%82%B4%E3%83%AA%E3%83%B3" n1="%E2%93%9D%53%75%70%68%78" n2="%E7%A0%82%E6%BC%A0%E3%81%AE%E5%B0%91%E5%B9%B4" n3="%50%61%6C%69%6F%74%6F%6C" dan="13,17,15,14" rate="1853.55,2030.72,2040.46,1933.21" sx="M,M,M,M"/><TAIKYOKU oya="0"/><INIT seed="0,0,0,1,2,58" ten="250,250,250,250" oya="0" hai0="41,37,22,85,96,130,107,112,0,24,9,92,84" hai1="110,2,108,26,48,27,40,64,42,19,39,28,69" hai2="36,45,76,3,31,68,57,50,128,32,6,95,133" hai3="12,59,81,65,78,114,17,1,49,135,7,83,14"/><T62/><D112/><U10/><E48/><V127/><F68/><W4/><G114/><T60/><D107/><U47/><E42/><V111/><F111/><N who="1" m="42537" /><E19/><V52/><F127/><W66/><G49/><T35/><D35/><U121/><E121/><V18/><F128/><W82/><G1/><T117/><D117/><U91/><E91/><V102/><F133/><W43/><G43/><T105/><D105/><U87/><E87/><V132/><F132/><W77/><G135/><T71/><D71/><U98/><E98/><V5/><F76/><N who="3" m="29291" /><G59/><T97/><D130/><U15/><E15/><N who="3" m="5674" /><G17/><T122/><D122/><U125/><E28/><V89/><F102/><W115/><G115/><T86/><D37/><U67/><E125/><V11/><F6/><AGARI ba="0,0" hai="4,6,7,65,66,81,82,83" m="5674,29291" machi="6" ten="30,3900,0" yaku="28,2,8,1" doraHai="58" who="3" fromWho="2" sc="250,0,250,0,250,-39,250,39" /><INIT seed="1,0,0,2,3,5" ten="250,250,211,289" oya="1" hai0="34,70,60,67,30,90,55,116,59,61,74,51,115" hai1="7,132,53,56,133,71,110,21,118,89,109,103,93" hai2="57,81,120,41,12,78,72,73,25,123,42,111,26" hai3="18,63,27,32,3,38,23,54,126,15,48,94,102"/><U29/><E71/><V66/><F111/><N who="1" m="42505" /><E103/><V131/><F131/><W24/><G38/><T22/><D74/><U106/><E106/><V79/><F26/><W69/><G3/><T99/><D116/><U84/><E118/><V16/><F25/><W121/><G121/><T124/><D34/><U45/><E45/><V62/><F120/><W129/><G129/><T113/><D124/><U130/><E130/><V95/><F95/><W112/><G112/><T97/><D30/><U100/><E100/><V105/><F105/><W76/><G76/><T127/><D22/><U47/><E47/><V31/><F31/><W11/><G32/><T125/><D90/><U75/><E7/><V20/><REACH who="2" step="1"/><F123/><REACH who="2" ten="250,250,201,289" step="2"/><W98/><G126/><N who="0" m="48139" /><D99/><U0/><E29/><V68/><F68/><W44/><G27/><T9/><D97/><U28/><E28/><V49/><F49/><W64/><G24/><T58/><D115/><U107/><E107/><V87/><F87/><W40/><G40/><T104/><D104/><U17/><E75/><V6/><F6/><W134/><G69/><T108/><D113/><U128/><E128/><V101/><F101/><W96/><G102/><T43/><D108/><U13/><E0/><V1/><F1/><W37/><G94/><T85/><D85/><U83/><E93/><V65/><F65/><W88/><G98/><T19/><D43/><U10/><E21/><V135/><F135/><W36/><G134/><T114/><D114/><U4/><E4/><V35/><F35/><W77/><G23/><T122/><D122/><U82/><E82/><AGARI ba="0,1" hai="12,16,20,41,42,57,62,66,72,73,78,79,81,82" machi="82" ten="40,5200,0" yaku="1,1,9,1,54,1,53,0" doraHai="5" doraHaiUra="33" who="2" fromWho="1" sc="250,0,250,-52,201,62,289,0" /><INIT seed="2,0,0,2,1,19" ten="250,198,263,289" oya="2" hai0="37,124,86,78,117,101,25,8,93,109,76,27,115" hai1="113,49,39,52,120,105,30,104,26,123,50,32,54" hai2="75,85,119,114,6,87,94,82,99,63,21,128,127" hai3="69,103,95,58,116,53,9,90,41,72,131,108,96"/><V89/><F114/><W92/><G116/><T68/><D115/><U47/><E39/><V83/><F119/><W97/><G69/><T12/><D68/><U24/><E113/><V55/><F127/><W5/><G108/><T112/><D117/><U14/><E14/><V29/><F128/><W7/><G131/><T122/><D112/><U126/><E126/><V16/><F6/><W2/><G72/><T0/><D37/><U48/><E26/><N who="2" m="14631" /><F75/><W56/><G7/><T77/><D122/><N who="1" m="46635" /><E50/><V107/><F107/><W88/><G41/><T73/><D0/><U121/><N who="1" m="46643" /><U33/><DORA hai="125" /><E33/><V70/><F70/><W4/><G4/><T10/><D124/><U134/><E134/><V3/><F3/><W36/><G36/><T57/><D73/><U130/><E130/><V34/><F29/><W80/><G53/><T28/><D28/><U40/><E40/><V42/><F34/><W66/><G66/><T60/><D10/><U35/><E35/><V23/><F42/><W118/><G118/><T84/><D93/><U38/><E38/><V67/><F67/><W46/><G46/><AGARI ba="0,0" hai="24,30,32,46,47,48,49,52,54,104,105" m="46643" machi="46" ten="40,2600,0" yaku="13,1,54,1" doraHai="19,125" who="1" fromWho="3" sc="250,0,198,26,263,0,289,-26" /><INIT seed="3,0,0,3,4,78" ten="250,224,263,263" oya="3" hai0="119,83,123,14,20,40,67,57,97,36,99,27,124" hai1="5,112,122,63,88,64,68,128,21,18,55,75,6" hai2="15,50,80,103,115,120,66,37,129,8,52,114,23" hai3="94,85,93,73,45,35,92,22,121,65,51,71,9"/><W31/><G121/><T25/><D40/><U2/><E122/><V117/><F120/><W105/><G105/><T54/><D67/><U46/><E112/><V3/><F117/><W100/><G35/><T113/><D36/><U132/><E75/><V47/><F129/><W28/><G73/><T130/><D130/><U135/><E128/><V118/><F118/><W48/><G65/><T39/><D39/><U41/><E55/><V69/><F37/><W84/><G71/><T110/><D123/><U116/><E2/><V58/><F69/><W56/><G9/><T81/><D119/><U17/><E17/><V79/><F103/><W30/><G22/><T60/><D124/><U74/><E74/><V89/><F89/><W53/><REACH who="3" step="1"/><G100/><REACH who="3" ten="250,224,263,253" step="2"/><T125/><D125/><U1/><E116/><V32/><F32/><W44/><G44/><T127/><D127/><U10/><E10/><V108/><F23/><W101/><G101/><T7/><D113/><U109/><E21/><V11/><F115/><W61/><G61/><T134/><D134/><U42/><E63/><V91/><F108/><W12/><G12/><T0/><D110/><U90/><E109/><V29/><F15/><W106/><G106/><T104/><D104/><U33/><E33/><V102/><F102/><W133/><G133/><T34/><D34/><U126/><E126/><V86/><F114/><W72/><G72/><T96/><D0/><U16/><E1/><V70/><F3/><W38/><G38/><T131/><D131/><U98/><E68/><V19/><F8/><W82/><G82/><N who="0" m="31243" /><D20/><U87/><E135/><RYUUKYOKU ba="0,1" sc="250,15,224,-15,263,-15,253,15" hai0="7,14,25,27,54,57,60,96,97,99" hai3="28,30,31,45,48,51,53,56,84,85,92,93,94" /><INIT seed="3,1,1,5,1,68" ten="265,209,248,268" oya="3" hai0="84,70,118,15,65,13,75,46,34,61,31,111,101" hai1="126,127,102,9,41,112,79,76,130,106,17,45,121" hai2="99,35,63,107,78,37,73,69,100,5,60,115,124" hai3="53,114,82,90,74,62,120,30,0,64,7,89,38"/><W91/><G120/><T77/><D75/><U25/><E121/><V48/><F115/><W24/><G114/><T29/><D118/><U1/><E112/><V93/><F35/><W116/><G116/><T55/><D101/><U18/><E130/><V66/><F124/><N who="1" m="47657" /><E25/><V85/><F5/><W47/><G53/><T20/><D34/><U97/><E1/><V133/><F133/><W129/><G129/><T88/><D77/><N who="1" m="29771" /><E9/><V36/><F48/><AGARI ba="1,1" hai="17,18,41,45,48,97,102,106" m="29771,47657" machi="48" ten="30,1000,0" yaku="18,1" doraHai="68" who="1" fromWho="2" sc="265,0,209,23,248,-13,268,0" /><INIT seed="4,0,0,0,1,89" ten="265,232,235,268" oya="0" hai0="46,64,47,54,96,26,37,100,8,125,131,94,14" hai1="22,122,130,2,128,133,61,120,43,70,101,67,17" hai2="58,21,95,57,38,127,112,66,28,74,119,12,16" hai3="99,36,59,18,6,56,24,25,45,90,88,9,7"/><T110/><D125/><U82/><E2/><V132/><F127/><W62/><G36/><T48/><D131/><N who="1" m="50219" /><E82/><V80/><F112/><W51/><G18/><T104/><D64/><U78/><E78/><V109/><F119/><W108/><G108/><T103/><D37/><U92/><E43/><V4/><F132/><W123/><G123/><T49/><D26/><N who="3" m="10345" /><G9/><T3/><D3/><U106/><E106/><V77/><F109/><W116/><G116/><T87/><D87/><U115/><E133/><V44/><F28/><W107/><G107/><T31/><D31/><U75/><E75/><V0/><F66/><W15/><G15/><T63/><D63/><U19/><E115/><V27/><F95/><N who="3" m="56807" /><G90/><N who="0" m="55383" /><D104/><U13/><E19/><V10/><REACH who="2" step="1"/><F12/><REACH who="2" ten="265,232,225,268" step="2"/><W118/><G118/><T1/><D1/><U117/><E117/><V72/><F72/><W135/><G135/><T85/><D110/><U97/><AGARI ba="0,1" hai="13,17,22,61,67,70,92,97,101,120,122" m="50219" machi="97" ten="30,2000,0" yaku="19,1,52,1" doraHai="89" who="1" fromWho="1" sc="265,-10,232,30,225,-5,268,-5" /><INIT seed="5,0,0,0,3,95" ten="255,262,220,263" oya="1" hai0="108,125,36,94,123,47,84,100,23,5,101,132,34" hai1="110,111,102,44,73,113,122,46,114,77,83,51,55" hai2="19,57,133,54,112,103,3,31,87,13,14,74,59" hai3="28,65,124,128,48,115,20,121,35,134,96,93,76"/><U58/><E102/><V90/><F133/><W117/><G121/><T81/><D132/><U99/><E99/><V9/><F74/><W1/><G1/><T64/><D34/><U135/><E135/><V116/><F116/><W85/><G35/><T80/><D123/><U10/><E10/><V22/><F3/><W92/><G65/><T18/><D5/><U98/><E98/><V91/><F112/><N who="1" m="43113" /><E122/><V67/><F31/><W78/><G134/><T11/><D11/><U69/><E69/><V49/><F103/><W70/><G70/><T15/><D64/><U118/><E118/><V16/><F87/><W63/><G117/><T66/><D66/><U131/><E131/><V126/><F126/><W127/><G128/><T52/><D80/><U50/><E50/><V107/><F107/><W12/><G48/><N who="0" m="28703" /><D125/><U89/><E89/><V32/><F32/><W6/><G115/><T7/><D7/><U62/><E51/><V60/><AGARI ba="0,0" hai="9,13,14,16,19,22,49,54,57,59,60,67,90,91" machi="60" ten="30,4000,0" yaku="0,1,8,1,54,1" doraHai="95" who="2" fromWho="2" sc="255,-10,262,-20,220,40,263,-10" /><INIT seed="6,0,0,5,4,16" ten="245,242,260,253" oya="2" hai0="3,5,63,99,11,115,24,73,117,43,88,60,103" hai1="133,70,36,130,77,122,48,90,76,45,7,129,35" hai2="78,57,121,23,105,123,111,83,131,82,135,46,20" hai3="128,112,134,27,25,67,132,110,31,17,58,74,56"/><V12/><F105/><W61/><G74/><T29/><D73/><U127/><E35/><V68/><F68/><W32/><G110/><T49/><D115/><U62/><E36/><V97/><F131/><N who="1" m="50185" /><E127/><V81/><F111/><W59/><G128/><T85/><D49/><U87/><E7/><V40/><F135/><N who="3" m="51755" /><G112/><T86/><D85/><U93/><E122/><V15/><F78/><W52/><G67/><T13/><D3/><U34/><E34/><V100/><F57/><W98/><G98/><T106/><D43/><N who="1" m="24639" /><E133/><V64/><F64/><AGARI ba="0,0" hai="62,64,70,76,77,87,90,93" m="24639,50185" machi="64" ten="30,1000,0" yaku="19,1" doraHai="16" who="1" fromWho="2" sc="245,0,242,10,260,-10,253,0" /><INIT seed="7,0,0,4,0,45" ten="245,252,250,253" oya="3" hai0="25,1,10,109,59,97,71,90,67,5,52,38,72" hai1="20,3,102,48,42,81,104,28,130,14,37,99,133" hai2="112,100,135,85,91,26,128,51,12,43,132,116,117" hai3="4,115,124,19,125,68,121,63,33,84,134,96,131"/><W44/><G121/><T0/><D72/><U60/><E3/><V103/><F112/><W24/><G115/><T17/><D109/><U129/><E37/><V49/><F43/><W80/><G4/><T86/><D97/><U16/><E133/><N who="2" m="51275" /><F128/><N who="1" m="49257" /><E60/><V73/><F73/><W41/><G134/><T18/><D38/><U93/><E81/><N who="2" m="49583" /><F26/><W53/><G96/><T113/><D113/><U120/><E28/><V74/><F74/><W7/><G7/><T55/><D0/><U78/><E78/><V105/><F12/><W23/><G33/><T34/><D34/><U62/><E62/><V64/><F64/><W94/><G131/><T79/><D79/><U47/><E120/><V111/><F111/><W22/><G68/><T39/><D39/><U9/><E20/><V107/><F103/><W27/><G63/><T21/><D71/><U82/><E82/><V32/><F32/><W35/><G35/><T87/><D67/><U119/><E119/><N who="2" m="45643" /><F100/><W95/><G41/><T57/><D1/><U54/><E42/><V50/><AGARI ba="0,0" hai="49,50,51,105,107" m="45643,49583,51275" machi="50" ten="40,8000,1" yaku="20,1,52,3" doraHai="45" who="2" fromWho="2" sc="245,-20,252,-20,250,80,253,-40" owari="225,-17.0,232,3.0,330,43.0,213,-29.0" /></mjloggm>