<mjloggm ver="2.3"><GO type="41" lobby="0"/><UN n0="%E4%BB%8A%E6%97%A5%E3%82%82%E6%99%B4%E5%A4%A9" n1="%E2%93%9D%53%75%70%68%78" n2="%61%6C%6C" n3="%E3%83%89%E3%83%A9%E3%82%AF%E3%82%A8%E5%B7%9D%E6%9D%91" dan="13,18,13,16" rate="1895.76,2133.15,1882.26,2018.20" sx="M,M,M,F"/><TAIKYOKU oya="0"/><INIT seed="0,0,0,1,1,20" ten="250,250,250,250" oya="0" hai0="28,19,35,89,73,46,48,93,91,6,83,115,15" hai1="108,10,7,55,36,121,45,104,132,25,111,124,65" hai2="98,80,92,77,66,33,8,126,134,122,125,74,16" hai3="42,9,4,131,76,127,57,71,106,64,100,119,116"/><T39/><D115/><U68/><E104/><V58/><F33/><W53/><G127/><N who="2" m="48649" /><F122/><W2/><G131/><T107/><D107/><U56/><E132/><V95/><F134/><W135/><G135/><T117/><D117/><U123/><E10/><V103/><F66/><W87/><G42/><T51/><D39/><U1/><E7/><V97/><F58/><W54/><G100/><T113/><D113/><U44/><E25/><V105/><F98/><W0/><G71/><T79/><D51/><N who="1" m="30847" /><E1/><V40/><F40/><W52/><G2/><T133/><D133/><U102/><E102/><V22/><F8/><W94/><G106/><T109/><D109/><N who="1" m="42059" /><E124/><V5/><F5/><W11/><G9/><T24/><D6/><U90/><E90/><V118/><F118/><W86/><G119/><T70/><D93/><U130/><E130/><V41/><F41/><W129/><G129/><T62/><D70/><U69/><E69/><V88/><F88/><W72/><G116/><T101/><D62/><N who="1" m="39991" /><E36/><V99/><F99/><W30/><G4/><T81/><D81/><U29/><E29/><V110/><F110/><W23/><G94/><T26/><D101/><U128/><E128/><V114/><F114/><W32/><G0/><T75/><D75/><U38/><E38/><V60/><F60/><W31/><G72/><T85/><D73/><U49/><E49/><V120/><F120/><AGARI ba="0,0" hai="44,45,120,121,123" m="39991,42059,30847" machi="120" ten="30,3900,0" yaku="14,1,34,2" doraHai="20" who="1" fromWho="2" sc="250,0,250,39,250,-39,250,0" /><INIT seed="1,0,0,5,3,74" ten="250,289,211,250" oya="1" hai0="12,100,0,135,123,44,95,17,111,64,15,121,122" hai1="107,92,31,87,23,26,90,7,81,80,102,52,57" hai2="110,89,104,96,25,125,61,16,11,19,94,14,3" hai3="109,75,42,18,10,127,45,28,27,48,67,70,68"/><U98/><REACH who="1" step="1"/><E7/><REACH who="1" ten="250,279,211,250" step="2"/><V34/><F3/><W93/><G127/><T82/><D0/><U9/><E9/><V38/><F125/><W47/><G10/><T97/><D135/><U119/><E119/><V50/><F110/><W86/><G109/><T106/><D111/><U41/><E41/><V43/><F38/><W91/><G42/><T71/><D106/><U83/><E83/><V134/><F134/><W120/><G120/><T76/><D71/><U131/><E131/><V13/><F61/><AGARI ba="0,1" hai="23,26,31,52,57,61,80,81,87,90,92,98,102,107" machi="61" ten="30,11600,0" yaku="21,2,7,1,54,1,53,0" doraHai="74" doraHaiUra="40" who="1" fromWho="2" sc="250,0,279,126,211,-116,250,0" /><INIT seed="1,1,0,3,3,51" ten="250,405,95,250" oya="1" hai0="13,123,41,53,115,54,74,44,77,2,29,93,48" hai1="69,84,87,72,16,26,71,98,114,111,113,6,130" hai2="99,1,119,65,56,45,135,12,40,133,131,116,110" hai3="79,67,17,102,118,55,109,121,107,28,68,129,112"/><U59/><E72/><V36/><F1/><W15/><G112/><T91/><D115/><U76/><E6/><V7/><F7/><W47/><G121/><T39/><D2/><U90/><E130/><V35/><F35/><W23/><G129/><T33/><D123/><U50/><E111/><V89/><F131/><W8/><G109/><T95/><D13/><U43/><E71/><V88/><F110/><W37/><G118/><T24/><D39/><U81/><E69/><V14/><F99/><W101/><G79/><T5/><D5/><U30/><E98/><V32/><F32/><W21/><G107/><T19/><D19/><U117/><E30/><V49/><F14/><W127/><G37/><T57/><D41/><U31/><E31/><V0/><F12/><W20/><G127/><T86/><D74/><U106/><E106/><V120/><F0/><W3/><G3/><T64/><D77/><U63/><E117/><N who="2" m="45131" /><F120/><W104/><G104/><T126/><D64/><U80/><E114/><V85/><F85/><W22/><G68/><T125/><REACH who="0" step="1"/><D95/><REACH who="0" ten="240,405,95,250" step="2"/><U108/><E113/><V58/><F65/><W38/><G67/><T34/><D34/><U96/><E108/><V94/><F94/><W128/><G128/><T4/><D4/><U46/><E76/><V97/><F36/><W83/><G38/><T18/><D18/><U73/><E73/><V100/><F100/><W105/><G105/><T134/><D134/><N who="2" m="51210" /><F97/><W122/><G122/><T60/><AGARI ba="1,1" hai="24,29,33,44,48,53,54,57,60,86,91,93,125,126" machi="60" ten="30,7900,0" yaku="1,1,0,1,52,2,53,0" doraHai="51" doraHaiUra="10" who="0" fromWho="0" sc="240,92,405,-40,95,-21,250,-21" /><INIT seed="2,0,0,4,1,52" ten="332,365,74,229" oya="2" hai0="89,119,118,67,59,20,105,123,87,109,83,63,93" hai1="66,82,90,120,43,110,32,95,134,29,79,97,8" hai2="16,38,21,0,71,103,11,40,62,127,57,65,61" hai3="9,111,51,126,18,75,81,3,121,117,135,60,114"/><V133/><F38/><W80/><G121/><T56/><D123/><U50/><E110/><V122/><F40/><W45/><G111/><T14/><D109/><U99/><E134/><V115/><F122/><W44/><G117/><N who="0" m="44555" /><D105/><U12/><E32/><V77/><F115/><W131/><G135/><T113/><D113/><U42/><E29/><V76/><F103/><W98/><G114/><T104/><D104/><U49/><E66/><V24/><F127/><W15/><G126/><T19/><D83/><U6/><E99/><V116/><F116/><W10/><G131/><T64/><D64/><U4/><E4/><V102/><F102/><W101/><G60/><T58/><AGARI ba="0,0" hai="14,19,20,56,58,59,63,67,87,89,93" m="44555" machi="58" ten="30,7900,0" yaku="12,1,52,3" doraHai="52" who="0" fromWho="0" sc="332,79,365,-20,74,-39,229,-20" /><INIT seed="3,0,0,1,1,52" ten="411,345,35,209" oya="3" hai0="64,1,51,120,11,102,32,59,77,132,61,87,103" hai1="107,30,14,115,101,108,112,43,123,19,16,2,118" hai2="95,126,66,131,86,105,10,73,129,50,39,133,106" hai3="80,29,8,98,97,111,110,117,100,20,9,15,45"/><W130/><G117/><T37/><D120/><U33/><E43/><V109/><F39/><W36/><G130/><N who="2" m="49673" /><F73/><W70/><G70/><T28/><D132/><U93/><E107/><N who="2" m="40971" /><F66/><W5/><G80/><T85/><D37/><U92/><E2/><V91/><F133/><W128/><G128/><T114/><D114/><U41/><E41/><V44/><F126/><W57/><G36/><T3/><D32/><U78/><E123/><V71/><F71/><W49/><G100/><N who="0" m="38443" /><D28/><U31/><E101/><V134/><F134/><W104/><G104/><T122/><D122/><U127/><E127/><V47/><F109/><N who="3" m="41483" /><G45/><T113/><D113/><U24/><E108/><V53/><F10/><W23/><G9/><T26/><D26/><U34/><E24/><V76/><F76/><W7/><G7/><T4/><D3/><U67/><E78/><V56/><AGARI ba="0,0" hai="44,47,50,53,56,86,91,95" m="40971,49673" machi="56" ten="30,2000,0" yaku="19,1,52,1" doraHai="52" who="2" fromWho="2" sc="411,-5,345,-5,35,20,209,-10" /><INIT seed="4,0,0,5,1,72" ten="406,340,55,199" oya="0" hai0="127,20,51,28,130,59,71,87,105,30,1,16,62" hai1="38,76,0,122,128,27,66,23,22,107,129,25,102" hai2="53,4,65,115,119,85,126,34,26,55,32,96,90" hai3="46,61,57,13,104,8,111,63,60,73,6,108,17"/><T67/><D105/><U52/><E66/><V48/><F65/><W10/><G104/><T5/><D130/><N who="1" m="50283" /><E38/><V45/><F4/><W47/><G108/><T64/><D127/><U33/><E0/><V11/><F126/><W2/><G111/><T42/><D87/><U14/><E33/><V135/><F11/><W133/><G133/><T92/><D71/><U134/><E14/><V77/><F135/><W123/><G123/><T95/><D1/><U54/><E122/><V124/><F115/><W79/><G57/><T43/><D5/><U15/><E15/><V106/><F124/><W18/><G17/><T113/><D113/><U50/><E50/><V39/><F39/><W88/><G88/><T103/><D67/><U75/><E102/><V110/><F110/><W49/><G49/><T29/><D103/><U36/><E36/><V24/><F53/><N who="1" m="20585" /><E107/><V82/><F119/><W68/><G68/><T21/><D51/><U80/><E134/><V116/><F116/><W131/><G131/><T91/><D21/><AGARI ba="0,0" hai="21,22,23,25,27,75,76,80" m="20585,50283" machi="21" ten="30,3900,0" yaku="19,1,52,1,54,1" doraHai="72" who="1" fromWho="0" sc="406,-39,340,39,55,0,199,0" /><INIT seed="5,0,0,1,3,92" ten="367,379,55,199" oya="1" hai0="18,26,38,68,41,44,10,104,3,96,125,64,95" hai1="48,32,63,103,72,89,115,134,12,1,28,132,94" hai2="57,83,13,34,2,110,100,22,47,29,43,117,93" hai3="131,66,25,80,0,5,37,81,36,39,9,101,109"/><U133/><E115/><V31/><F2/><W106/><G109/><T40/><D125/><U21/><E72/><V79/><F34/><W124/><G124/><T53/><D41/><U46/><E1/><V33/><F33/><W98/><G131/><T11/><D104/><U135/><E32/><V128/><F110/><W56/><G25/><T85/><D3/><U15/><E103/><V102/><F128/><W20/><G20/><T87/><D68/><U88/><E63/><V51/><F117/><W50/><G66/><T55/><D64/><U73/><E73/><V14/><F102/><W74/><G74/><T122/><D122/><U76/><E76/><V84/><F57/><W82/><G56/><T108/><D108/><U4/><E89/><V7/><F7/><W19/><G50/><T8/><D38/><U27/><E4/><V120/><F120/><W59/><G59/><T91/><D40/><N who="1" m="24647" /><E135/><V70/><F70/><W17/><AGARI ba="0,0" hai="0,5,9,17,19,36,37,39,80,81,82,98,101,106" machi="17" ten="40,2700,0" yaku="0,1,52,1" doraHai="92" who="3" fromWho="3" sc="367,-7,379,-13,55,-7,199,27" /><INIT seed="6,0,0,0,4,1" ten="360,366,48,226" oya="2" hai0="89,113,104,37,6,116,73,55,83,13,34,43,96" hai1="128,15,72,124,120,48,14,2,110,30,32,42,85" hai2="93,105,36,135,0,132,52,118,23,51,65,134,98" hai3="70,27,99,115,69,82,117,46,125,130,90,77,103"/><V41/><F105/><W45/><G117/><T108/><D113/><U47/><E2/><V129/><F0/><W100/><G115/><T25/><D116/><U127/><E110/><V16/><F118/><W39/><G27/><T56/><D108/><U53/><E128/><V74/><F74/><W126/><G90/><T80/><D37/><U86/><E72/><V21/><F65/><W101/><G99/><T7/><D34/><U123/><E30/><V66/><F66/><W67/><G130/><T107/><D43/><U91/><E32/><V62/><F62/><W54/><G54/><T26/><D73/><U92/><E86/><V75/><F75/><W12/><G12/><N who="1" m="4650" /><E53/><V8/><F8/><W35/><G35/><T94/><D13/><U109/><E109/><V106/><F106/><W76/><G82/><N who="0" m="31275" /><D107/><U87/><E87/><V97/><F129/><W49/><G39/><T61/><D104/><U102/><E102/><N who="2" m="60751" /><F97/><W133/><G103/><T5/><AGARI ba="0,0" hai="5,6,7,25,26,55,56,61,89,94,96" m="31275" machi="5" ten="30,7900,0" yaku="8,1,52,3" doraHai="1" who="0" fromWho="0" sc="360,79,366,-20,48,-39,226,-20" /><INIT seed="7,0,0,5,4,19" ten="439,346,9,206" oya="3" hai0="74,45,96,128,67,115,63,2,77,10,17,76,108" hai1="50,20,135,5,16,91,97,1,82,65,29,106,33" hai2="109,28,131,25,31,118,105,87,83,26,133,37,58" hai3="41,116,129,3,98,107,94,62,110,132,104,124,51"/><W85/><G116/><T73/><D108/><U80/><E135/><V111/><F105/><W8/><G132/><T66/><D128/><U24/><E65/><V48/><F37/><W7/><G129/><T79/><D115/><U35/><E35/><V27/><F118/><W39/><G110/><T21/><D2/><U18/><E18/><V123/><F123/><W54/><G124/><T120/><D10/><U100/><E91/><V0/><F0/><W89/><G62/><T71/><D67/><U117/><E117/><V125/><F133/><W52/><G54/><T119/><D119/><U9/><REACH who="1" step="1"/><E50/><REACH who="1" ten="439,336,9,206" step="2"/><V23/><F131/><W93/><G39/><T78/><D120/><U86/><E86/><V56/><F125/><W112/><G112/><T59/><N who="0" m="19456" /><DORA hai="84" /><T113/><D113/><U90/><E90/><V99/><F109/><W68/><G68/><T13/><D71/><U12/><AGARI ba="0,1" hai="1,5,9,12,16,20,24,29,33,80,82,97,100,106" machi="12" ten="20,16000,3" yaku="1,1,0,1,7,1,24,2,52,1,54,1,53,1" doraHai="19,84" doraHaiUra="75,15" who="1" fromWho="1" sc="439,-40,336,170,9,-40,206,-80" owari="399,20.0,506,60.0,-31,-53.0,126,-27.0" /></mjloggm>