<mjloggm ver="2.3"><GO type="41" lobby="0"/><UN n0="%E7%A5%9E%E7%A0%82%E5%B5%90" n1="%E2%93%9D%53%75%70%68%78" n2="%32%33%73%70%61%63%65" n3="%E3%83%81%E3%83%A5%E3%82%A6%E3%83%AC%E3%83%B3%E3%83%9D%E3%83%88%E3%83%95" dan="16,18,13,15" rate="1995.75,2086.80,1833.32,1993.19" sx="M,M,M,M"/><TAIKYOKU oya="0"/><INIT seed="0,0,0,3,5,52" ten="250,250,250,250" oya="0" hai0="0,11,110,89,79,111,80,131,66,36,121,59,108" hai1="68,118,82,4,93,74,69,64,5,46,12,106,72" hai2="126,132,33,15,98,78,75,122,24,90,120,3,25" hai3="48,87,43,134,62,81,42,116,30,86,47,109,123"/><T44/><D121/><U119/><E93/><V23/><F126/><W9/><G116/><T114/><D114/><U57/><E46/><V17/><F132/><W50/><G109/><T22/><D22/><U32/><E82/><V130/><F130/><W95/><G134/><T67/><D89/><U56/><E64/><V8/><F78/><W19/><G30/><T104/><D104/><U129/><E12/><V7/><F75/><W49/><G62/><N who="0" m="38239" /><D131/><U127/><E129/><V58/><F25/><W101/><G123/><T97/><D97/><U53/><E53/><V117/><F117/><W55/><G43/><N who="0" m="22631" /><D11/><U65/><E65/><V115/><F115/><W26/><G42/><T28/><D28/><U40/><E40/><V103/><F90/><N who="3" m="53719" /><G101/><T13/><D13/><U92/><E92/><V85/><F85/><W88/><G26/><T10/><D10/><U31/><E31/><N who="2" m="19687" /><F58/><W16/><G19/><T61/><D0/><U14/><E14/><AGARI ba="0,0" hai="9,14,16,47,48,49,50,55,81,87,88" m="53719" machi="14" ten="30,7700,0" yaku="25,1,8,1,54,2" doraHai="52" who="3" fromWho="1" sc="250,0,250,-77,250,0,250,77" /><INIT seed="1,0,0,0,4,47" ten="250,173,250,327" oya="1" hai0="30,1,103,109,52,80,29,24,16,12,89,72,33" hai1="54,34,37,73,86,44,19,87,79,7,18,134,56" hai2="65,97,58,129,64,67,55,111,88,61,2,101,48" hai3="95,104,53,90,6,105,83,42,26,14,4,102,27"/><U36/><E34/><V5/><F111/><W116/><G42/><T22/><D109/><U60/><E73/><V131/><F2/><W91/><G53/><T106/><D1/><U135/><E7/><V119/><F119/><W38/><G14/><T100/><D106/><U28/><E28/><V118/><F5/><W21/><G83/><T75/><D30/><U110/><E110/><V108/><F108/><W50/><G95/><T68/><D68/><U77/><E44/><V117/><F88/><W126/><G21/><T25/><D25/><U11/><E54/><V94/><F117/><W84/><G84/><T8/><D33/><U133/><E60/><V114/><F118/><W130/><G116/><T112/><D112/><U76/><E56/><V128/><REACH who="2" step="1"/><F114/><REACH who="2" ten="250,173,240,327" step="2"/><W45/><G4/><T99/><D103/><U93/><E11/><V17/><F17/><N who="1" m="6153" /><E93/><V3/><F3/><W0/><G6/><T69/><D100/><U43/><E43/><V40/><F40/><W78/><G102/><T70/><D89/><U92/><E92/><V20/><F20/><W41/><G90/><T62/><D29/><U120/><E120/><V49/><AGARI ba="0,1" hai="48,49,55,58,61,64,65,67,94,97,101,128,129,131" machi="49" ten="40,12000,2" yaku="1,1,0,1,19,1,52,2,53,2" doraHai="47" doraHaiUra="46" who="2" fromWho="2" sc="250,-30,173,-60,240,130,327,-30" /><INIT seed="2,0,0,2,1,114" ten="220,113,370,297" oya="2" hai0="16,39,20,108,18,54,58,77,89,61,31,103,75" hai1="25,45,109,107,117,10,14,53,65,41,87,1,80" hai2="17,91,2,94,32,26,125,120,79,128,112,38,70" hai3="127,95,29,67,47,135,24,35,27,116,0,118,68"/><V121/><F79/><W69/><G0/><T51/><D39/><U21/><E109/><V106/><F94/><W15/><G68/><T100/><D108/><U99/><E1/><V8/><F91/><W22/><G127/><T81/><D89/><U88/><E65/><V133/><F17/><W83/><G15/><T55/><D31/><U64/><E64/><V57/><F57/><W33/><G135/><T73/><D73/><U105/><E117/><V76/><F76/><W44/><G33/><T122/><D122/><U34/><E34/><V82/><F82/><W42/><G95/><T60/><D60/><U124/><E124/><V111/><F26/><W84/><G44/><T28/><D28/><U50/><E99/><V7/><F8/><W98/><G98/><T130/><D130/><U126/><E41/><V129/><F7/><W4/><G4/><T85/><D75/><U12/><E12/><V6/><F6/><W40/><G40/><T115/><D115/><U56/><E56/><V131/><F131/><W90/><G67/><T59/><REACH who="0" step="1"/><D18/><REACH who="0" ten="210,113,370,297" step="2"/><N who="1" m="8535" /><E126/><V97/><F129/><W43/><G69/><T102/><D102/><U110/><E110/><V134/><F134/><W66/><G66/><T5/><D5/><U132/><E132/><V62/><F62/><W74/><G74/><T72/><D72/><U101/><E101/><V9/><F121/><W49/><G42/><T52/><D52/><U86/><E86/><V119/><F38/><W104/><G104/><T13/><AGARI ba="0,1" hai="13,16,20,51,54,55,58,59,61,77,81,85,100,103" machi="13" ten="20,8000,1" yaku="1,1,0,1,7,1,8,1,54,1,53,0" doraHai="114" doraHaiUra="71" who="0" fromWho="0" sc="210,90,113,-20,370,-40,297,-20" /><INIT seed="3,0,0,4,4,79" ten="300,93,330,277" oya="3" hai0="0,29,74,120,96,18,10,127,65,71,64,90,43" hai1="117,126,110,53,52,2,103,56,59,76,3,84,114" hai2="31,21,33,34,99,94,44,87,70,25,6,130,69" hai3="105,77,100,42,107,131,16,35,20,24,111,92,134"/><W128/><G134/><T91/><D120/><U36/><E114/><V75/><F130/><N who="3" m="49707" /><G35/><T41/><D74/><U47/><E110/><V133/><F75/><W11/><G111/><T89/><D127/><U97/><E126/><V23/><F133/><W108/><G108/><T123/><D123/><U49/><E117/><V98/><F6/><W54/><G42/><T28/><D96/><U67/><E67/><N who="0" m="25673" /><D71/><U95/><E36/><V50/><F34/><W86/><G54/><T38/><D38/><U78/><E47/><V121/><F121/><W17/><G100/><T22/><D0/><U119/><E119/><V101/><F98/><W5/><G17/><T93/><D93/><U85/><E3/><V135/><F135/><W62/><G62/><T51/><D10/><U32/><E2/><V14/><F70/><W115/><G92/><T12/><D41/><U118/><E32/><V102/><F69/><W116/><G115/><T81/><D43/><U129/><E129/><V106/><F33/><W60/><G60/><T55/><D81/><U19/><E118/><V112/><F112/><W15/><G116/><T1/><D1/><U82/><E19/><V66/><F106/><W13/><G13/><T132/><D132/><U109/><E109/><V124/><F124/><W8/><G8/><T122/><D122/><U104/><E104/><V39/><F39/><W7/><G7/><T37/><D37/><U113/><E113/><V46/><F14/><W26/><G26/><T9/><D9/><U68/><E68/><V63/><F25/><W73/><G73/><T45/><AGARI ba="0,0" hai="12,18,22,28,29,45,51,55,89,90,91" m="25673" machi="45" ten="30,2000,0" yaku="5,1,8,1" doraHai="79" who="0" fromWho="0" sc="300,20,93,-5,330,-5,277,-10" /><INIT seed="4,0,0,4,2,103" ten="320,88,325,267" oya="0" hai0="84,123,70,61,26,98,75,59,132,34,114,30,89" hai1="129,68,62,57,87,73,91,12,95,43,76,19,127" hai2="115,86,101,33,116,82,32,93,58,15,105,96,71" hai3="85,55,50,97,23,118,88,110,121,31,5,2,90"/><T13/><D75/><U3/><E129/><V66/><F115/><W135/><G110/><T69/><D123/><U41/><E3/><V25/><F116/><W22/><G118/><T107/><D114/><U46/><E68/><V11/><F71/><W72/><G72/><T80/><D132/><U100/><E127/><V102/><F102/><W106/><G135/><T63/><D13/><U104/><E46/><V8/><F93/><W48/><G50/><T38/><D38/><U77/><E77/><V10/><F25/><W78/><G78/><T4/><D4/><U6/><E6/><V51/><F15/><W65/><G65/><T1/><D1/><U108/><E108/><V134/><F134/><W54/><G54/><T126/><D126/><U39/><E39/><V44/><F58/><W74/><G74/><T49/><D49/><U28/><E28/><V81/><F66/><W119/><G31/><T112/><D112/><U40/><E76/><V17/><F17/><W14/><G2/><T36/><D36/><U9/><E73/><V120/><F120/><W94/><G106/><T52/><REACH who="0" step="1"/><D63/><REACH who="0" ten="310,88,325,267" step="2"/><U131/><E131/><V24/><F51/><W7/><G121/><T37/><D37/><U64/><REACH who="1" step="1"/><E43/><REACH who="1" ten="310,78,325,267" step="2"/><V27/><F33/><W0/><G0/><T130/><D130/><U111/><E111/><V128/><F32/><W45/><G119/><T113/><D113/><U79/><E79/><V133/><F128/><W20/><REACH who="3" step="1"/><G14/><REACH who="3" ten="310,78,325,257" step="2"/><T67/><D67/><U29/><E29/><V21/><F133/><W60/><G60/><T99/><D99/><AGARI ba="0,3" hai="9,12,19,40,41,57,62,64,87,91,95,99,100,104" machi="99" ten="40,2600,0" yaku="1,1,52,1,53,0" doraHai="103" doraHaiUra="124" who="1" fromWho="0" sc="310,-26,78,56,325,0,257,0" /><INIT seed="5,0,0,3,5,89" ten="284,134,325,257" oya="1" hai0="88,56,62,66,84,65,107,3,74,59,16,112,101" hai1="38,71,106,114,51,64,30,109,130,122,127,69,58" hai2="132,2,75,46,52,14,82,67,35,105,60,100,1" hai3="115,20,108,117,123,24,103,5,22,19,25,79,98"/><U0/><RYUUKYOKU type="yao9" ba="0,0" sc="284,0,134,0,325,0,257,0" hai1="0,30,38,51,58,64,69,71,106,109,114,122,127,130" /><INIT seed="5,1,0,1,0,60" ten="284,134,325,257" oya="1" hai0="87,31,43,39,41,68,36,124,100,14,92,35,55" hai1="21,12,75,37,76,127,5,110,61,107,111,45,13" hai2="105,40,15,66,30,58,103,71,52,135,132,78,94" hai3="90,128,117,29,84,134,22,109,79,102,48,25,123"/><U51/><E107/><V82/><F40/><W8/><G109/><N who="1" m="41482" /><E37/><V131/><F131/><W129/><G123/><T72/><D72/><U46/><E127/><V38/><F38/><W42/><G134/><T70/><D124/><U33/><E33/><V115/><F115/><W28/><G117/><T95/><D14/><N who="1" m="5739" /><E5/><V104/><F15/><W3/><G8/><T62/><D35/><U93/><E93/><V108/><F108/><W96/><G3/><T20/><D100/><U73/><E76/><V83/><F78/><W11/><G79/><T4/><D4/><U133/><E133/><V114/><F94/><N who="3" m="58647" /><G11/><T130/><D130/><U47/><E21/><V65/><F114/><W44/><G129/><T16/><D20/><U7/><E7/><V89/><F30/><N who="3" m="17719" /><G128/><T24/><D31/><U34/><E34/><V2/><F2/><W23/><G23/><T81/><D39/><U125/><E125/><V69/><F103/><W88/><G90/><T57/><D36/><U67/><E51/><V126/><F89/><W77/><G77/><T85/><D81/><AGARI ba="1,0" hai="28,29,42,44,48,81,84,88" m="17719,58647" machi="81" ten="30,2000,0" yaku="8,1,54,1" doraHai="60" who="3" fromWho="0" sc="284,-23,134,0,325,0,257,23" /><INIT seed="6,0,0,1,3,81" ten="261,134,325,280" oya="2" hai0="88,75,76,42,45,129,13,126,103,19,132,134,135" hai1="85,99,131,21,130,97,6,80,1,12,111,90,38" hai2="14,39,128,9,117,66,63,53,44,91,54,101,56" hai3="98,119,77,41,16,114,0,127,112,84,11,120,5"/><V10/><F128/><N who="1" m="49193" /><E38/><V32/><F117/><W110/><G110/><T71/><D129/><U125/><E6/><V89/><F32/><W60/><G120/><T67/><D103/><U43/><E43/><V33/><F33/><W3/><G119/><T121/><D121/><U118/><E12/><V57/><F101/><W27/><G0/><T52/><D126/><U96/><E21/><V28/><F28/><W2/><G2/><T82/><D67/><U46/><E46/><V92/><F66/><W94/><G60/><T26/><D71/><U93/><E1/><V113/><F113/><N who="3" m="43627" /><G41/><T95/><D26/><U55/><E55/><V24/><F24/><W51/><G51/><N who="0" m="28783" /><D42/><U4/><E4/><V17/><F44/><W86/><G77/><T47/><D47/><U23/><E118/><V106/><F106/><W79/><G127/><T36/><D36/><U18/><E125/><V7/><F92/><W50/><G50/><T58/><D58/><U78/><E111/><V100/><F100/><N who="3" m="60503" /><G79/><T102/><D102/><U25/><AGARI ba="0,0" hai="18,23,25,78,80,85,90,93,96,97,99" m="49193" machi="25" ten="30,2000,0" yaku="19,1,52,1" doraHai="81" who="1" fromWho="1" sc="261,-5,134,20,325,-10,280,-5" /><INIT seed="7,0,0,0,1,45" ten="256,154,315,275" oya="3" hai0="114,96,72,76,128,109,79,86,40,14,100,88,16" hai1="98,5,135,118,102,17,66,62,36,101,63,115,84" hai2="103,32,46,95,0,60,105,23,130,91,6,57,22" hai3="11,89,51,27,31,43,39,131,44,7,90,124,30"/><W52/><G124/><T133/><D109/><U74/><E74/><V119/><F130/><W117/><G117/><T94/><D128/><U70/><E118/><V111/><F111/><W37/><G131/><T107/><D133/><U48/><E36/><V15/><F32/><W29/><G27/><T1/><D1/><U127/><E135/><V67/><F105/><W21/><G21/><T47/><D114/><U126/><E5/><V125/><F103/><W108/><G108/><T24/><D24/><U87/><E17/><V41/><F125/><W80/><G80/><T3/><D3/><U33/><E33/><V9/><F0/><W123/><G123/><T34/><D34/><U92/><E115/><V38/><F119/><W132/><G132/><T113/><D113/><U75/><E75/><V55/><F67/><W71/><G71/><T81/><D76/><U77/><E77/><V18/><F6/><W8/><G39/><T12/><D16/><U68/><E66/><V26/><F26/><W20/><G20/><T99/><D99/><AGARI ba="0,0" hai="9,15,18,22,23,38,41,46,55,57,60,91,95,99" machi="99" ten="30,1000,0" yaku="7,1" doraHai="45" who="2" fromWho="0" sc="256,-10,154,0,315,10,275,0" owari="246,-15.0,154,-35.0,325,42.0,275,8.0" /></mjloggm>