<mjloggm ver="2.3"><GO type="41" lobby="0"/><UN n0="%6F%6B%61%70%61" n1="%E3%82%A2%E3%82%B9%E3%82%BF%E3%83%8A%E3%81%AE%E6%98%8E%E6%97%A5" n2="%E3%81%B0%E3%82%93%E3%81%8B%E3%81%9A" n3="%E2%93%9D%53%75%70%68%78" dan="14,14,13,17" rate="1995.22,1916.64,1924.01,2072.76" sx="M,M,M,M"/><TAIKYOKU oya="0"/><INIT seed="0,0,0,2,0,80" ten="250,250,250,250" oya="0" hai0="122,64,100,40,22,89,3,37,94,117,128,116,84" hai1="134,82,56,81,97,47,6,127,55,86,102,83,36" hai2="66,1,4,96,120,51,79,31,52,2,123,68,70" hai3="88,67,106,39,108,129,27,71,38,34,99,59,69"/><T23/><D122/><U35/><E127/><V73/><F1/><W72/><G59/><T9/><D64/><U131/><E131/><V10/><F31/><W125/><G72/><T19/><D128/><U28/><E134/><V133/><F133/><W74/><G74/><T54/><D100/><U50/><E6/><V126/><F126/><W46/><G108/><T7/><D23/><U130/><E130/><V85/><F73/><W90/><G129/><T45/><REACH who="0" step="1"/><D54/><REACH who="0" ten="240,250,250,250" step="2"/><U132/><E132/><V95/><F120/><W20/><G67/><T53/><D53/><U92/><E35/><V43/><F123/><W103/><G34/><T11/><D11/><U18/><E28/><V98/><F66/><W77/><G125/><T75/><D75/><U76/><REACH who="1" step="1"/><E18/><REACH who="1" ten="240,240,250,250" step="2"/><V105/><F68/><W121/><G121/><T8/><D8/><U57/><E57/><V104/><F70/><W15/><G71/><T16/><D16/><U91/><E91/><V13/><F10/><W26/><G90/><T113/><D113/><U24/><E24/><AGARI ba="0,2" hai="3,7,9,19,22,24,37,40,45,84,89,94,116,117" machi="24" ten="30,11600,0" yaku="1,1,7,1,52,1,53,1" doraHai="80" doraHaiUra="5" who="0" fromWho="1" sc="240,136,240,-116,250,0,250,0" /><INIT seed="0,1,0,1,4,105" ten="376,124,250,250" oya="0" hai0="127,132,81,122,31,90,99,44,23,52,12,73,18" hai1="84,121,5,116,54,78,33,89,36,35,75,83,10" hai2="34,98,63,128,47,134,20,39,110,87,57,59,2" hai3="108,37,92,56,101,95,107,72,1,8,68,42,111"/><T85/><D122/><U61/><E116/><V41/><F34/><W45/><G56/><T115/><D115/><U22/><E121/><V80/><F110/><N who="3" m="42027" /><G68/><T60/><D132/><U103/><E22/><V131/><F134/><W77/><G101/><T0/><D127/><U14/><E103/><V30/><F2/><W3/><G107/><T93/><D0/><N who="3" m="73" /><G8/><T112/><D112/><U76/><E76/><V102/><F57/><W86/><G86/><T106/><D106/><U135/><E135/><V4/><F80/><AGARI ba="1,0" hai="37,42,45,72,77,80,92,95" m="73,42027" machi="80" ten="30,2000,0" yaku="14,1,52,1" doraHai="105" who="3" fromWho="2" sc="376,0,124,0,250,-23,250,23" /><INIT seed="1,0,0,3,0,50" ten="376,124,227,273" oya="1" hai0="74,71,110,76,82,126,70,29,109,106,58,98,37" hai1="93,77,39,46,115,103,116,48,4,36,31,67,78" hai2="108,68,127,131,64,16,47,44,23,122,119,10,22" hai3="42,1,111,41,85,91,2,26,52,60,3,128,83"/><U97/><E115/><V117/><F122/><W100/><G111/><N who="0" m="42507" /><D29/><U25/><E116/><V12/><F108/><W8/><G128/><T66/><D37/><U55/><E67/><V35/><F127/><W61/><G100/><N who="0" m="62743" /><D126/><U43/><E4/><V63/><F35/><W120/><G120/><T101/><D101/><U11/><E11/><V45/><REACH who="2" step="1"/><F131/><REACH who="2" ten="376,124,217,273" step="2"/><W69/><G3/><T132/><D132/><U89/><E103/><V72/><F72/><W54/><G2/><T17/><D17/><U94/><E94/><V14/><F14/><W95/><G1/><T121/><D121/><U9/><E9/><V56/><F56/><W21/><G8/><T30/><D30/><U59/><REACH who="1" step="1"/><E36/><REACH who="1" ten="376,114,217,273" step="2"/><V92/><F92/><W33/><G95/><T88/><D82/><U114/><E114/><V28/><F28/><W87/><G83/><T15/><D15/><U112/><E112/><V104/><F104/><W81/><G81/><T129/><D129/><U133/><E133/><V53/><F53/><W57/><G54/><T40/><D40/><U86/><E86/><V107/><F107/><W19/><G87/><T62/><D74/><U125/><E125/><V134/><F134/><W20/><G42/><T105/><D105/><U49/><E49/><V99/><F99/><W102/><G41/><T32/><D66/><U123/><E123/><V5/><F5/><W84/><G84/><T75/><D75/><U38/><E38/><V124/><F124/><W65/><G102/><T24/><D71/><U0/><E0/><V118/><AGARI ba="0,2" hai="10,12,16,22,23,44,45,47,63,64,68,117,118,119" machi="118" ten="40,5200,0" yaku="1,1,0,1,54,1,53,0" doraHai="50" doraHaiUra="96" who="2" fromWho="2" sc="376,-13,114,-26,217,72,273,-13" /><INIT seed="2,0,0,0,5,22" ten="363,88,289,260" oya="2" hai0="45,1,133,28,32,108,81,13,27,88,8,98,57" hai1="127,18,33,25,0,51,134,68,69,63,117,112,121" hai2="113,96,5,41,67,43,36,62,85,56,86,42,70" hai3="115,109,31,50,49,132,29,71,3,82,102,19,20"/><V125/><F125/><W95/><G71/><T14/><D108/><U30/><E117/><V101/><F113/><W53/><G3/><T55/><D45/><U40/><E112/><V38/><F70/><W114/><G109/><T7/><D133/><U78/><E134/><V35/><F35/><W72/><G132/><T61/><REACH who="0" step="1"/><D98/><REACH who="0" ten="353,88,289,260" step="2"/><U105/><E121/><V46/><F46/><W39/><G115/><T60/><D60/><U111/><E63/><V123/><F123/><W99/><G114/><T90/><D90/><U80/><E127/><V135/><F135/><W52/><G39/><T107/><D107/><U100/><E105/><V74/><F36/><W4/><G50/><T131/><D131/><U64/><E51/><V129/><F38/><W110/><G110/><T21/><D21/><U75/><E111/><V83/><F96/><W87/><G49/><T122/><D122/><U10/><E10/><V73/><F129/><W16/><G20/><T23/><D23/><U11/><E11/><V128/><F128/><W119/><G99/><T44/><D44/><U94/><E33/><V92/><F62/><W126/><G126/><T130/><D130/><U76/><E78/><V48/><F73/><W89/><G72/><T106/><D106/><U54/><E76/><V12/><F74/><W104/><G104/><T116/><D116/><U103/><E75/><V91/><F91/><W65/><G89/><T120/><D120/><U37/><E37/><V6/><F101/><W77/><G102/><T66/><D66/><U9/><E100/><V26/><F67/><W79/><G65/><RYUUKYOKU ba="0,1" sc="353,30,88,-10,289,-10,260,-10" hai0="1,7,8,13,14,27,28,32,55,57,61,81,88" /><INIT seed="3,1,1,2,2,104" ten="383,78,279,250" oya="3" hai0="118,122,37,54,67,63,25,62,19,8,110,119,124" hai1="21,9,48,11,75,96,58,106,86,64,105,46,6" hai2="88,91,53,4,127,112,120,27,129,23,56,78,70" hai3="77,57,108,94,40,90,43,123,125,3,41,97,79"/><W16/><G123/><T12/><D37/><U109/><E109/><V35/><F112/><W59/><G3/><T116/><D110/><U24/><E86/><V100/><F129/><W2/><G108/><T71/><D122/><U133/><E133/><V44/><F127/><W102/><G2/><T1/><D124/><U22/><E11/><V38/><F120/><W69/><G69/><T15/><D15/><U5/><E22/><V34/><F70/><W84/><G125/><T0/><D25/><U114/><E114/><V81/><F100/><W7/><G7/><T135/><D135/><U32/><E32/><V99/><F4/><W83/><G16/><T26/><D26/><U132/><E6/><V82/><F82/><W31/><REACH who="3" step="1"/><G31/><REACH who="3" ten="383,78,279,240" step="2"/><T50/><D1/><U121/><E132/><V14/><F34/><W134/><G134/><T10/><D0/><U60/><E121/><V80/><F35/><W103/><G103/><T111/><D111/><U29/><E5/><V36/><F36/><W49/><G49/><T73/><D119/><U85/><E9/><V117/><F38/><W18/><G18/><T87/><D8/><U113/><E113/><V115/><F115/><W66/><G66/><T39/><D39/><U101/><E48/><V89/><F117/><W51/><G51/><T98/><D50/><U68/><E68/><V130/><F130/><W55/><G55/><T45/><D118/><U17/><E17/><V128/><F53/><W92/><G92/><T20/><D54/><U65/><E64/><V13/><F128/><W93/><G93/><T42/><D116/><RYUUKYOKU ba="1,2" sc="383,-10,78,-10,279,-10,240,30" hai3="40,41,43,57,59,77,79,83,84,90,94,97,102" /><INIT seed="3,2,2,0,5,67" ten="373,68,269,270" oya="3" hai0="32,118,58,122,46,85,62,16,4,18,80,106,35" hai1="98,100,78,49,24,53,129,28,113,131,39,125,132" hai2="22,104,26,121,25,23,56,68,128,70,0,73,93" hai3="45,59,115,15,75,27,74,84,47,95,124,114,66"/><W110/><G15/><T11/><D106/><U40/><E78/><V30/><F104/><W20/><G124/><T54/><D122/><U13/><E113/><V41/><F121/><W116/><G116/><T44/><D118/><U65/><E125/><V7/><F128/><N who="1" m="49225" /><E65/><V33/><F73/><W126/><G126/><T134/><D134/><U37/><E13/><V76/><F41/><W79/><G110/><T57/><D57/><N who="1" m="32943" /><E40/><V101/><F76/><W64/><G79/><T89/><D35/><N who="1" m="20871" /><E132/><V102/><F0/><W90/><G66/><T94/><D32/><U88/><E88/><V112/><F7/><W36/><G75/><T83/><D83/><U133/><E133/><V51/><F112/><W5/><G74/><T10/><D80/><U105/><AGARI ba="2,2" hai="37,39,98,100,105" m="20871,32943,49225" machi="105" ten="30,1100,0" yaku="19,1" doraHai="67" who="1" fromWho="1" sc="373,-5,68,37,269,-5,270,-7" /><INIT seed="4,0,0,3,3,16" ten="368,105,264,263" oya="0" hai0="44,115,29,121,20,69,104,123,56,32,0,101,37" hai1="84,107,6,87,79,24,39,130,105,80,63,21,73" hai2="76,28,41,57,98,81,126,67,48,72,97,35,68" hai3="55,124,93,89,49,61,46,4,110,120,83,52,26"/><T135/><D69/><U14/><E39/><V116/><F126/><W82/><G110/><T34/><D0/><U129/><E105/><V106/><F116/><W133/><G133/><T11/><D115/><U92/><E107/><V102/><F98/><W10/><G120/><T50/><D11/><U33/><E33/><V15/><F15/><W100/><G100/><T74/><D74/><U96/><E6/><V5/><F5/><W42/><G124/><T111/><D135/><U117/><E14/><V85/><F85/><W99/><G26/><T17/><D111/><U70/><E117/><V54/><F41/><W60/><G60/><T19/><D19/><U12/><E12/><V3/><F3/><W53/><REACH who="3" step="1"/><G61/><REACH who="3" ten="368,105,264,253" step="2"/><T127/><D127/><U23/><E129/><V18/><F102/><W128/><G128/><T43/><D101/><U7/><E130/><V58/><F106/><W75/><G75/><T95/><D104/><U1/><E24/><V125/><F125/><W64/><G64/><T45/><D123/><U112/><E112/><V51/><F72/><W40/><G40/><T77/><D121/><U131/><E131/><V13/><F68/><W25/><G25/><T47/><D43/><U22/><E63/><V38/><F67/><W109/><G109/><T62/><D62/><U30/><E70/><V66/><F66/><W114/><G114/><T134/><D134/><U9/><REACH who="1" step="1"/><E30/><REACH who="1" ten="368,95,264,253" step="2"/><V59/><F18/><W94/><G94/><T108/><D95/><U90/><AGARI ba="0,2" hai="1,7,9,21,22,23,73,79,80,84,87,90,92,96" machi="90" ten="30,12000,2" yaku="1,1,2,1,0,1,52,3,53,1" doraHai="16" doraHaiUra="88" who="1" fromWho="1" sc="368,-60,95,140,264,-30,253,-30" /><INIT seed="5,0,0,2,5,106" ten="308,235,234,223" oya="1" hai0="92,95,16,80,68,97,132,67,87,35,96,9,71" hai1="102,46,7,59,89,120,131,42,125,114,130,124,41" hai2="15,128,111,116,1,85,88,101,33,13,61,108,123" hai3="105,107,74,134,121,63,4,86,56,65,40,12,27"/><U34/><E34/><V62/><F116/><W91/><G121/><T50/><D35/><U103/><E7/><V23/><F123/><W70/><G134/><T72/><D72/><U58/><E89/><V60/><F128/><N who="1" m="49193" /><E46/><V73/><F33/><W26/><G74/><T84/><D132/><U10/><E10/><V129/><F129/><W38/><G70/><T113/><D113/><U99/><E99/><V3/><F101/><N who="1" m="38409" /><E120/><V135/><F73/><W66/><G38/><T127/><D127/><N who="1" m="48715" /><E114/><V30/><F135/><W133/><G133/><T24/><D9/><U11/><E11/><V122/><F122/><W109/><G4/><T0/><D0/><U117/><E117/><V2/><F108/><W112/><G109/><T78/><D97/><U104/><E104/><V69/><F111/><W44/><G107/><T32/><D96/><U90/><E90/><V98/><F98/><W79/><G105/><T5/><D5/><U119/><E119/><V39/><F39/><W48/><G112/><T75/><D75/><U17/><E17/><V110/><F110/><W51/><G91/><T19/><D32/><U126/><N who="1" m="48723" /><U53/><DORA hai="29" /><E53/><V76/><F88/><W47/><G66/><T81/><D19/><U64/><E64/><V43/><F43/><AGARI ba="0,0" hai="41,42,43,58,59" m="48723,38409,49193" machi="43" ten="50,12000,1" yaku="28,2,19,1,18,1" doraHai="106,29" who="1" fromWho="2" sc="308,0,235,120,234,-120,223,0" /><INIT seed="5,1,0,5,2,132" ten="308,355,114,223" oya="1" hai0="52,69,82,73,70,75,2,28,27,12,54,134,19" hai1="20,0,124,131,7,135,74,96,42,113,22,122,125" hai2="87,21,57,114,41,130,118,37,127,115,26,36,31" hai3="55,94,112,104,76,116,58,68,49,39,60,121,35"/><U89/><E122/><V99/><F118/><W95/><G35/><T3/><D134/><U120/><E135/><V65/><F130/><W61/><G104/><T72/><D82/><U67/><E120/><V110/><F110/><W77/><G121/><T43/><D43/><U11/><E74/><V119/><F119/><W79/><G39/><T29/><D12/><U25/><E113/><N who="2" m="43019" /><F41/><W106/><G106/><T62/><D19/><U6/><E6/><V84/><F127/><N who="1" m="48713" /><E131/><V107/><F107/><W38/><G68/><N who="0" m="26219" /><D62/><U18/><E67/><V9/><F9/><W53/><G38/><T30/><D27/><N who="1" m="14743" /><E42/><V80/><F65/><W88/><G116/><T50/><D50/><U129/><E129/><V4/><F4/><W1/><G112/><T5/><D5/><U34/><E34/><V85/><F36/><W59/><G49/><T16/><D16/><N who="1" m="12487" /><E89/><V98/><F37/><W78/><G78/><T17/><D17/><U101/><E96/><V47/><F98/><W111/><G79/><T102/><D102/><AGARI ba="1,0" hai="0,7,11,101,102" m="12487,14743,48713" machi="102" ten="30,12000,1" yaku="18,1,52,3,54,1" doraHai="132" who="1" fromWho="0" sc="308,-123,355,123,114,0,223,0" /><INIT seed="5,2,0,3,4,45" ten="185,478,114,223" oya="1" hai0="125,127,66,59,74,55,49,114,2,40,30,116,9" hai1="5,58,57,100,83,48,82,56,29,63,4,132,112" hai2="77,130,120,72,25,79,76,19,64,23,34,12,33" hai3="133,16,70,11,26,118,42,110,24,107,86,3,10"/><U36/><E36/><V117/><F117/><W50/><G110/><T92/><D114/><U44/><E112/><V122/><F72/><W108/><G107/><T47/><D74/><U46/><E63/><V20/><F130/><W32/><G108/><T78/><D78/><U102/><E57/><V38/><F38/><W81/><G133/><T99/><D116/><U90/><E29/><V53/><F64/><W17/><G3/><T14/><D2/><U97/><E97/><V75/><F75/><W111/><G32/><T95/><D66/><U103/><E103/><V115/><F115/><W28/><G70/><T89/><D95/><U94/><E94/><V131/><F131/><W22/><G111/><T35/><D35/><U31/><E31/><V60/><F122/><W71/><G71/><T39/><REACH who="0" step="1"/><D30/><REACH who="0" ten="175,478,114,223" step="2"/><U8/><E132/><V69/><F33/><W67/><G67/><T123/><D123/><U124/><E90/><V7/><F34/><W62/><G28/><T101/><D101/><U37/><E37/><V98/><F120/><W134/><G134/><T52/><D52/><U73/><E73/><V87/><F79/><W105/><G118/><T61/><D61/><U41/><E41/><V15/><F60/><W128/><G62/><T27/><D27/><U54/><E54/><V0/><F53/><W126/><G26/><T21/><D21/><U96/><E8/><V68/><F20/><W109/><G109/><T6/><AGARI ba="2,1" hai="6,9,14,39,40,47,49,55,59,89,92,99,125,127" machi="6" ten="30,4000,0" yaku="1,1,0,1,52,1,53,0" doraHai="45" doraHaiUra="106" who="0" fromWho="0" sc="175,56,478,-22,114,-12,223,-12" /><INIT seed="6,0,0,4,2,93" ten="231,456,102,211" oya="2" hai0="9,12,109,102,33,120,51,50,130,47,113,31,124" hai1="54,30,7,99,11,18,103,16,34,3,5,110,67" hai2="101,63,32,82,111,134,6,91,21,39,17,43,108" hai3="78,59,2,112,1,121,19,88,24,118,92,129,68"/><V81/><F134/><W100/><G118/><T26/><D120/><U96/><E110/><V117/><F117/><W85/><G68/><T58/><D113/><U94/><E67/><V48/><F39/><W75/><G121/><T80/><D109/><N who="2" m="42058" /><F32/><W27/><G129/><T20/><D124/><U44/><E7/><V89/><F6/><W135/><G135/><T56/><D130/><U23/><E44/><N who="2" m="25631" /><F63/><W60/><G2/><T73/><D51/><U77/><E77/><V4/><F4/><W52/><G1/><T15/><D33/><U115/><E54/><V65/><F65/><W119/><G112/><T45/><D45/><U106/><E115/><V49/><F49/><W83/><G119/><T10/><D10/><U114/><E114/><V46/><F46/><W8/><REACH who="3" step="1"/><G100/><REACH who="3" ten="231,456,102,201" step="2"/><T122/><D102/><U125/><E125/><V90/><F101/><W64/><G64/><T87/><D122/><U107/><E34/><V28/><F28/><W84/><G84/><T22/><D73/><U25/><E107/><V14/><AGARI ba="0,1" hai="14,17,21,81,82,89,90,91" m="25631,42058" machi="14" ten="30,1500,0" yaku="10,1" doraHai="93" who="2" fromWho="2" sc="231,-5,456,-5,102,25,201,-5" /><INIT seed="6,1,0,4,5,129" ten="226,451,127,196" oya="2" hai0="47,26,48,107,82,1,55,49,115,74,28,92,130" hai1="19,43,90,81,14,50,30,98,66,4,93,112,123" hai2="34,45,32,121,99,67,128,64,5,133,116,21,106" hai3="36,132,131,7,0,39,52,2,124,108,11,80,23"/><V35/><F45/><W71/><G108/><T15/><D115/><U10/><E112/><V33/><N who="2" m="8192" /><DORA hai="69" /><V96/><F116/><W17/><G71/><T22/><D107/><U118/><E118/><V85/><F121/><W102/><G131/><T46/><D1/><U110/><E110/><V53/><F128/><W62/><G102/><T63/><D130/><U79/><E30/><V103/><F133/><W84/><G2/><T87/><D74/><U86/><E66/><V60/><F5/><W135/><G124/><T76/><D15/><U40/><E123/><V29/><F96/><W101/><G101/><T77/><D63/><U113/><E113/><V13/><F85/><W38/><G52/><T12/><D12/><N who="1" m="5191" /><E50/><V9/><F21/><AGARI ba="1,0" hai="14,19,21,40,43,79,81,86,90,93,98" m="5191" machi="21" ten="30,1000,0" yaku="8,1" doraHai="129,69" who="1" fromWho="2" sc="226,0,451,13,127,-13,196,0" /><INIT seed="7,0,0,4,2,104" ten="226,464,114,196" oya="3" hai0="120,80,4,124,41,53,58,125,91,78,96,61,3" hai1="71,22,17,42,76,73,82,100,36,28,54,57,31" hai2="19,98,110,0,81,51,37,67,114,134,44,50,11" hai3="14,46,97,24,103,34,63,6,94,59,62,45,7"/><W75/><G75/><T89/><D120/><U52/><E71/><V113/><F0/><W29/><G63/><T48/><D4/><U25/><E100/><V111/><F11/><W122/><G122/><T68/><D3/><U135/><E54/><V40/><F19/><W83/><G83/><T66/><D41/><U130/><E135/><V108/><F81/><W32/><G32/><T90/><REACH who="0" step="1"/><D96/><REACH who="0" ten="216,464,114,196" step="2"/><U87/><E130/><V10/><F98/><W128/><G128/><T20/><D20/><U101/><E101/><V95/><F10/><W39/><G7/><T18/><D18/><U85/><E17/><V47/><F95/><W21/><G34/><T119/><D119/><U64/><E31/><V127/><F127/><W35/><G35/><T107/><D107/><U133/><E42/><N who="2" m="24855" /><F134/><W26/><G39/><T23/><D23/><U92/><E22/><V118/><F118/><W86/><G26/><T117/><D117/><U115/><E25/><V132/><F132/><W129/><G129/><T13/><D13/><U56/><E36/><V106/><F106/><W2/><G2/><T126/><D126/><U27/><E133/><V9/><F9/><N who="3" m="4407" /><G86/><AGARI ba="0,1" hai="48,53,58,61,66,68,78,80,86,89,90,91,124,125" machi="86" ten="40,1300,0" yaku="1,1,53,0" doraHai="104" doraHaiUra="131" who="0" fromWho="3" sc="216,23,464,0,114,0,196,-13" owari="239,4.0,464,57.0,114,-39.0,183,-22.0" /></mjloggm>