<mjloggm ver="2.3"><GO type="41" lobby="0"/><UN n0="%E2%93%9D%53%75%70%68%78" n1="%74%61%64%2D%6E%69%73%68" n2="%31%38%30%E6%97%A5%E6%9C%9F%E9%99%90%E5%88%87%E3%82%8C" n3="%6B%75%72%6F%2D%79%79" dan="18,14,14,13" rate="2101.38,1955.89,1891.74,1894.33" sx="M,M,M,M"/><TAIKYOKU oya="0"/><INIT seed="0,0,0,5,3,105" ten="250,250,250,250" oya="0" hai0="83,77,33,96,112,116,23,49,21,12,20,108,5" hai1="81,107,90,63,27,31,118,70,43,4,94,87,73" hai2="62,93,68,36,125,45,8,50,89,122,119,133,14" hai3="9,69,55,124,134,74,28,47,131,18,52,42,7"/><T11/><D116/><U19/><E107/><V58/><F122/><W51/><G69/><T121/><D121/><U46/><E118/><V41/><F119/><W103/><G131/><T128/><D112/><U95/><E4/><V113/><F113/><W16/><G28/><T17/><D128/><U91/><E70/><V120/><F120/><W66/><G66/><T78/><D33/><U99/><E63/><V34/><F133/><W35/><G35/><T104/><D78/><U57/><E57/><V79/><F125/><W32/><G32/><T88/><D108/><U92/><E19/><N who="3" m="7210" /><G124/><T59/><D104/><U56/><E56/><V115/><F115/><W130/><G74/><T76/><D17/><U72/><E95/><V0/><F34/><W60/><G60/><T26/><D26/><U127/><E127/><V84/><F0/><W114/><G114/><T86/><REACH who="0" step="1"/><D96/><REACH who="0" ten="240,250,250,250" step="2"/><U48/><E81/><V1/><F79/><W2/><G130/><T29/><D29/><U100/><E100/><V82/><F82/><W80/><G103/><T111/><D111/><U25/><E25/><V61/><F1/><W53/><G134/><T38/><D38/><U39/><E39/><V132/><F36/><W44/><G80/><T110/><D110/><U54/><E43/><V101/><F132/><W126/><G126/><T129/><D129/><U37/><E37/><V71/><F101/><W85/><G44/><T3/><D3/><U67/><E67/><V6/><F62/><W123/><G123/><T24/><D24/><U15/><E15/><V13/><F13/><W64/><G64/><AGARI ba="0,1" hai="6,8,14,41,45,50,58,61,64,68,71,84,89,93" machi="64" ten="30,2000,0" yaku="6,1,7,1" doraHai="105" who="2" fromWho="3" sc="240,0,250,0,250,30,250,-20" /><INIT seed="1,0,0,2,4,71" ten="240,250,280,230" oya="1" hai0="135,97,52,11,90,61,134,8,15,123,59,132,133" hai1="114,35,32,33,60,1,44,17,119,98,42,80,56" hai2="18,16,85,6,20,94,109,48,0,70,12,99,55" hai3="5,82,108,93,50,92,76,100,112,4,73,75,53"/><U104/><E1/><V107/><F70/><W83/><G112/><T106/><N who="0" m="34560" /><DORA hai="74" /><T57/><D123/><U34/><E114/><V117/><F117/><W125/><G108/><T58/><D11/><U127/><E119/><V110/><F0/><W68/><G68/><T87/><D97/><U10/><E127/><V63/><F63/><W77/><G125/><T41/><D41/><U19/><E80/><V30/><F107/><W128/><G128/><T62/><D106/><U126/><E126/><V95/><F85/><W88/><G100/><T131/><D131/><U45/><E104/><V25/><F6/><W13/><G13/><T122/><D122/><U31/><E98/><V89/><F95/><W2/><G2/><T43/><D43/><U66/><E10/><V64/><F64/><W29/><G93/><N who="0" m="54495" /><D62/><U103/><E103/><V124/><F124/><W130/><G130/><T115/><D115/><U79/><E79/><V37/><F37/><W7/><G29/><T69/><D69/><U81/><E81/><V26/><F110/><W27/><G27/><T9/><D9/><U28/><E45/><V116/><F116/><W39/><G39/><T22/><D22/><U113/><E113/><V40/><F40/><W96/><G4/><AGARI ba="0,0" hai="4,8,15,52,57,58,59,61" m="54495,34560" machi="4" ten="60,3900,0" yaku="20,1,54,1" doraHai="71,74" who="0" fromWho="3" sc="240,39,250,0,280,0,230,-39" /><INIT seed="2,0,0,5,1,94" ten="279,250,280,191" oya="2" hai0="133,17,28,12,7,123,116,108,67,72,129,24,56" hai1="122,95,96,79,47,112,62,8,120,115,70,77,21" hai2="107,49,16,109,63,32,68,3,54,41,55,43,80" hai3="76,15,105,27,30,34,130,125,85,92,84,58,106"/><V114/><F114/><W2/><G2/><T36/><D72/><U132/><E132/><V60/><F32/><W127/><G130/><T135/><D36/><U64/><E8/><V39/><F3/><W88/><G15/><T81/><D81/><U20/><E47/><V22/><F107/><W119/><G119/><T78/><D78/><U128/><E128/><V52/><F109/><W69/><G69/><T103/><D103/><U104/><E104/><V14/><F39/><W102/><G58/><T48/><D123/><U131/><E131/><V6/><F6/><W82/><G102/><T90/><D90/><U121/><E21/><V10/><F22/><W18/><G18/><T37/><D37/><U126/><E126/><AGARI ba="0,0" hai="27,30,34,76,82,84,85,88,92,105,106,125,126,127" machi="126" ten="40,2600,0" yaku="18,1,54,1" doraHai="94" who="3" fromWho="1" sc="279,0,250,-26,280,0,191,26" /><INIT seed="3,0,0,3,2,120" ten="279,224,280,217" oya="3" hai0="102,45,69,80,86,22,99,129,20,34,87,121,5" hai1="27,91,101,97,78,76,54,7,104,2,95,6,75" hai2="43,114,130,83,124,125,74,1,108,106,107,127,15" hai3="71,100,72,122,77,59,133,29,88,68,66,65,12"/><W53/><G122/><T37/><D34/><U18/><E54/><V57/><F1/><W44/><G100/><T63/><D129/><U47/><E47/><V49/><F114/><W109/><G77/><T96/><D5/><U28/><E18/><V84/><F130/><W105/><G72/><T89/><D121/><U3/><E3/><V119/><F119/><W94/><G29/><T4/><D4/><U25/><E25/><V23/><F74/><W81/><G81/><T131/><D131/><U11/><E7/><V117/><F117/><W16/><G105/><T50/><D37/><U85/><REACH who="1" step="1"/><E75/><REACH who="1" ten="279,214,280,217" step="2"/><V82/><F43/><W110/><G44/><T17/><D17/><U135/><E135/><V52/><F15/><W30/><G133/><T118/><D118/><U103/><E103/><V36/><F36/><W58/><G30/><T41/><D102/><U51/><E51/><V33/><F33/><AGARI ba="0,1" hai="2,6,11,27,28,33,76,78,85,91,95,97,101,104" machi="33" ten="30,2000,0" yaku="1,1,7,1,53,0" doraHai="120" doraHaiUra="132" who="1" fromWho="2" sc="279,0,214,30,280,-20,217,0" /><INIT seed="4,0,0,5,1,64" ten="279,244,260,217" oya="0" hai0="105,33,86,132,78,70,61,20,11,79,134,129,12" hai1="21,57,51,101,46,109,50,125,89,121,133,76,18" hai2="75,93,82,127,104,95,31,25,9,17,83,52,74" hai3="1,107,112,94,13,60,58,3,124,118,66,0,2"/><T128/><D33/><U108/><E121/><V16/><F104/><W48/><G107/><T15/><D105/><U36/><E36/><V37/><F37/><W123/><G118/><T49/><D49/><U42/><E101/><V54/><F9/><W113/><G123/><T29/><D29/><U55/><E133/><N who="0" m="51305" /><D20/><U56/><E125/><V59/><F127/><W84/><N who="3" m="0" /><DORA hai="135" /><W26/><G48/><T73/><D86/><U47/><E76/><N who="0" m="29225" /><D73/><U120/><E120/><V14/><F14/><N who="0" m="5162" /><D11/><U130/><E130/><N who="0" m="50281" /><D61/><U92/><E109/><V88/><F74/><W68/><G13/><T40/><D40/><U24/><REACH who="1" step="1"/><E108/><REACH who="1" ten="279,234,260,217" step="2"/><V119/><F119/><W34/><G124/><T90/><D90/><U71/><E71/><AGARI ba="0,1" hai="70,71" m="50281,5162,29225,51305" machi="71" ten="40,18000,2" yaku="28,2,20,1,19,1,52,2" doraHai="64,135" who="0" fromWho="1" sc="279,190,234,-180,260,0,217,0" /><INIT seed="4,1,0,3,2,33" ten="469,54,260,217" oya="0" hai0="81,76,24,50,38,122,39,21,57,92,95,44,77" hai1="72,34,108,73,135,36,51,96,84,3,16,32,8" hai2="132,62,134,126,1,129,78,102,121,116,91,70,94" hai3="120,35,6,7,123,113,4,75,64,86,56,45,20"/><T114/><D114/><U23/><E108/><V17/><F121/><N who="3" m="46667" /><G75/><T27/><D122/><U49/><E36/><V99/><F116/><W54/><G35/><T65/><D39/><U52/><E135/><N who="2" m="51755" /><F78/><W87/><G113/><T22/><D38/><U60/><E96/><V67/><F129/><W111/><G111/><T109/><D57/><U66/><E84/><N who="3" m="32298" /><G45/><T82/><D109/><U14/><E73/><V5/><F126/><W119/><G119/><T25/><D65/><U31/><E72/><V69/><F17/><W10/><G20/><N who="0" m="7787" /><D77/><U93/><E93/><N who="0" m="35913" /><D76/><U2/><E32/><V105/><F5/><W46/><G46/><T58/><D58/><U98/><E34/><V9/><F9/><W85/><N who="3" m="32306" /><W71/><DORA hai="131" /><G64/><T15/><D15/><U127/><E127/><V83/><F83/><W12/><G71/><T55/><AGARI ba="1,0" hai="24,25,27,44,50,55,81,82" m="35913,7787" machi="55" ten="30,1500,0" yaku="8,1" doraHai="33,131" who="0" fromWho="0" sc="469,18,54,-6,260,-6,217,-6" /><INIT seed="4,2,0,5,5,121" ten="487,48,254,211" oya="0" hai0="84,127,1,119,78,70,26,132,75,7,93,0,50" hai1="125,39,11,73,113,124,131,99,6,4,80,8,46" hai2="42,130,25,117,69,87,89,68,24,61,74,100,94" hai3="91,122,27,10,118,86,34,20,55,29,83,59,79"/><T96/><D132/><U35/><E35/><V67/><F74/><W71/><G71/><T82/><D127/><U97/><E131/><V101/><F130/><W85/><G118/><T19/><D70/><U53/><E113/><V41/><F117/><W40/><G40/><T76/><D7/><U110/><E73/><V129/><F129/><W43/><G43/><T128/><D96/><U105/><E80/><V51/><F69/><W126/><G10/><T104/><D104/><U23/><E23/><V49/><F42/><W32/><G32/><T5/><D93/><U65/><E65/><V103/><F41/><W109/><G34/><T12/><D5/><U72/><E39/><V114/><F114/><W48/><G126/><N who="1" m="48746" /><E72/><V18/><F25/><W45/><G122/><T116/><D26/><U64/><E64/><V107/><F107/><W66/><G66/><T16/><D78/><U31/><E31/><V54/><F54/><W21/><G20/><T111/><D128/><U92/><E105/><V106/><F106/><W77/><G77/><T57/><D119/><U102/><E99/><V3/><F3/><W58/><G109/><T33/><D111/><U22/><E22/><V135/><F135/><W2/><G2/><T98/><D1/><U90/><E110/><V28/><F18/><W60/><G60/><T14/><D19/><U44/><E102/><V36/><F36/><W88/><G79/><T38/><D76/><U47/><E53/><V56/><F68/><W95/><AGARI ba="2,0" hai="21,27,29,45,48,55,58,59,83,85,86,88,91,95" machi="95" ten="20,5200,0" yaku="0,1,7,1,8,1,54,1" doraHai="121" who="3" fromWho="3" sc="487,-28,48,-15,254,-15,211,58" /><INIT seed="5,0,0,0,4,50" ten="459,33,239,269" oya="1" hai0="105,72,12,54,10,2,64,11,60,51,14,4,17" hai1="70,94,74,100,80,19,78,124,63,58,95,56,43" hai2="114,41,22,69,68,16,99,71,117,120,127,28,134" hai3="110,23,108,102,45,6,128,96,103,125,77,126,118"/><U89/><E43/><V61/><F120/><W111/><G6/><T46/><D72/><U9/><E124/><N who="3" m="47722" /><G77/><T86/><D105/><U116/><E116/><V104/><F127/><W132/><G118/><T135/><D135/><U21/><E9/><V34/><F117/><W38/><G132/><T133/><D133/><U29/><E29/><V27/><F134/><W85/><G85/><T44/><D86/><U40/><E40/><V55/><F41/><N who="3" m="22711" /><G128/><T84/><D84/><U32/><E32/><V47/><F114/><W113/><G113/><T59/><D2/><U52/><E70/><AGARI ba="0,0" hai="4,10,11,12,14,17,44,46,51,54,59,60,64,70" machi="70" ten="30,2000,0" yaku="7,1,52,1" doraHai="50" who="0" fromWho="1" sc="459,20,33,-20,239,0,269,0" /><INIT seed="6,0,0,0,2,26" ten="479,13,239,269" oya="2" hai0="67,15,126,6,49,132,72,16,52,115,24,76,51" hai1="79,111,9,63,101,55,128,106,44,56,88,133,73" hai2="103,38,50,40,28,61,90,60,109,2,129,80,83" hai3="68,1,97,71,95,42,48,11,53,47,86,104,119"/><V8/><F38/><W117/><G71/><T64/><D132/><U114/><E111/><V43/><F109/><W118/><G104/><T87/><D72/><U85/><E79/><V3/><F103/><W66/><G1/><T31/><D115/><U116/><E73/><V122/><F122/><W131/><G131/><T93/><D51/><U105/><E116/><V100/><F100/><W69/><G86/><T130/><D126/><U57/><E133/><V10/><F50/><W75/><G75/><T113/><D6/><U91/><E114/><V96/><F96/><W82/><G82/><T45/><D130/><U30/><E128/><V46/><F129/><W124/><G11/><T54/><D54/><U35/><E101/><V84/><F46/><W19/><G69/><T107/><D107/><U92/><E44/><V7/><F7/><W99/><G19/><T36/><D36/><U121/><E121/><V20/><F20/><W59/><G95/><T112/><D112/><U62/><E9/><V94/><F94/><W22/><G22/><N who="0" m="15767" /><D113/><U120/><E120/><V108/><F108/><W23/><G23/><N who="0" m="11679" /><D93/><U27/><REACH who="1" step="1"/><E91/><REACH who="1" ten="479,3,239,269" step="2"/><V125/><F90/><W102/><G102/><T5/><D5/><U41/><E41/><V110/><F110/><W21/><G124/><T89/><D89/><U58/><E58/><V12/><F125/><W81/><G99/><T14/><D76/><U34/><E34/><V29/><F84/><W18/><G97/><T77/><D77/><U4/><E4/><V123/><F123/><W98/><G98/><T0/><D87/><U17/><E17/><RYUUKYOKU ba="0,1" sc="479,-15,3,15,239,15,269,-15" hai1="27,30,35,55,56,57,62,63,85,88,92,105,106" hai2="2,3,8,10,12,28,29,40,43,60,61,80,83" /><INIT seed="6,1,1,1,0,23" ten="464,18,254,254" oya="2" hai0="81,61,102,101,19,86,50,135,124,122,85,134,62" hai1="47,53,43,21,38,127,68,30,66,40,92,10,55" hai2="4,42,78,18,39,27,88,1,16,103,111,96,51" hai3="14,105,7,99,79,8,15,46,98,25,41,0,52"/><V9/><F39/><W60/><G79/><T37/><D124/><U36/><E66/><V67/><F67/><W120/><G120/><T70/><D19/><U72/><E68/><V80/><F111/><W45/><G0/><T6/><D6/><U44/><E72/><V115/><F115/><W133/><G133/><N who="0" m="50699" /><D37/><U33/><E33/><V58/><F88/><W5/><G41/><T104/><D104/><U65/><E65/><V113/><F113/><W119/><G105/><T123/><D50/><U54/><E127/><V109/><F109/><W132/><G132/><T82/><D70/><U49/><E10/><V57/><F18/><W11/><G119/><T35/><D35/><U31/><E49/><V114/><F114/><W59/><REACH who="3" step="1"/><G25/><REACH who="3" ten="464,18,254,244" step="2"/><T71/><D123/><U69/><E69/><V12/><F27/><W116/><G116/><T56/><D122/><U29/><REACH who="1" step="1"/><E92/><REACH who="1" ten="464,8,254,244" step="2"/><V117/><F117/><W83/><G83/><T17/><D82/><U73/><E73/><V89/><F80/><W94/><G94/><T100/><D81/><U130/><E130/><V128/><F128/><W76/><G76/><T112/><D112/><U110/><E110/><V74/><F78/><W108/><G108/><T125/><D125/><U20/><AGARI ba="1,3" hai="20,21,29,30,31,36,38,40,43,44,47,53,54,55" machi="20" ten="40,5200,0" yaku="1,1,0,1,9,1,53,0" doraHai="23" doraHaiUra="95" who="1" fromWho="1" sc="464,-14,8,85,254,-27,244,-14" /><INIT seed="7,0,0,1,0,133" ten="450,93,227,230" oya="3" hai0="56,60,42,50,40,25,63,127,120,111,126,134,62" hai1="67,37,57,96,107,74,84,121,10,92,2,112,100" hai2="41,12,23,98,123,16,97,39,28,22,35,115,69" hai3="44,14,90,122,64,27,99,89,110,65,114,78,94"/><W124/><G114/><T32/><D111/><U47/><E121/><V31/><F69/><W91/><G122/><T54/><D134/><U101/><E112/><V95/><F123/><W71/><G71/><T17/><D120/><U80/><E74/><V106/><F115/><W104/><G104/><T117/><D117/><U83/><E107/><V4/><F35/><W0/><G0/><T85/><D85/><U76/><E101/><V88/><F4/><W129/><G78/><T81/><D81/><U29/><E29/><V52/><F39/><W70/><G70/><T1/><D1/><U13/><E2/><V36/><F23/><W119/><G119/><T66/><D66/><N who="3" m="25705" /><G129/><T113/><D113/><U7/><E80/><V77/><F77/><W75/><G75/><T108/><D108/><U68/><E68/><V73/><F73/><W8/><G27/><T3/><D3/><U72/><E67/><V131/><F131/><W135/><G110/><T58/><D32/><U55/><E37/><V125/><F52/><W61/><G61/><T59/><D54/><U26/><E72/><V45/><REACH who="2" step="1"/><F125/><REACH who="2" ten="450,93,217,230" step="2"/><N who="0" m="47626" /><D50/><U130/><E130/><V103/><AGARI ba="0,1" hai="12,16,22,28,31,36,41,45,88,95,97,98,103,106" machi="103" ten="30,8000,1" yaku="1,1,0,1,54,2,53,1" doraHai="133" doraHaiUra="87" who="2" fromWho="2" sc="450,-20,93,-20,217,90,230,-40" owari="430,53.0,73,-43.0,307,11.0,190,-21.0" /></mjloggm>