<mjloggm ver="2.3"><GO type="41" lobby="0"/><UN n0="%E2%93%9D%53%75%70%68%78" n1="%E3%81%B2%E3%81%A3%E3%81%93%E3%82%8D%32%36" n2="%E3%82%A2%E3%83%95%E3%83%AA%E3%82%AB%E8%B1%A1%E3%81%AE%E3%81%AF%E3%81%AA" n3="%E3%81%A7%E3%81%83%E3%81%B0%E3%82%89" dan="18,14,13,13" rate="2118.00,1937.45,1848.46,1939.64" sx="M,M,M,M"/><TAIKYOKU oya="0"/><INIT seed="0,0,0,5,3,117" ten="250,250,250,250" oya="0" hai0="38,71,49,127,125,80,36,12,70,42,9,11,15" hai1="97,58,74,60,66,77,72,63,101,81,83,91,69" hai2="107,111,41,45,86,113,4,50,37,1,112,47,0" hai3="87,85,132,120,14,130,99,35,5,93,133,25,27"/><T52/><D42/><U103/><E91/><V110/><F111/><W21/><G35/><T88/><D80/><U129/><E129/><V116/><F107/><W7/><G130/><T79/><D79/><U90/><E90/><V126/><F110/><W8/><G120/><T95/><D49/><U48/><E48/><V84/><F126/><N who="0" m="48138" /><D52/><U3/><E3/><V43/><F116/><W114/><G114/><T73/><D73/><U13/><E13/><N who="0" m="5193" /><D95/><U53/><REACH who="1" step="1"/><E97/><REACH who="1" ten="250,240,250,250" step="2"/><V102/><F112/><W2/><G99/><T57/><D88/><U67/><E67/><V54/><F113/><W100/><G100/><T39/><D57/><U68/><E68/><AGARI ba="0,1" hai="9,11,36,38,39,68,70,71" m="5193,48138" machi="68" ten="40,7700,0" yaku="28,2,18,1" doraHai="117" who="0" fromWho="1" sc="250,87,240,-77,250,0,250,0" /><INIT seed="0,1,0,3,3,18" ten="337,163,250,250" oya="0" hai0="35,50,76,102,60,22,29,117,27,6,25,90,54" hai1="24,9,133,119,98,75,115,105,62,107,123,125,113" hai2="30,12,100,84,99,7,43,96,1,128,46,31,11" hai3="40,42,95,101,61,44,57,87,64,0,110,79,135"/><T86/><D117/><U109/><E119/><V93/><F128/><W91/><G110/><T103/><D76/><U114/><E109/><V67/><F67/><W83/><G0/><T49/><D6/><U127/><E123/><V34/><F34/><W66/><G135/><T85/><D85/><U126/><E133/><V41/><F1/><W37/><G101/><T48/><D60/><U36/><E36/><V3/><F3/><W116/><G116/><T130/><D130/><U111/><E9/><V71/><F71/><W15/><G42/><T4/><D4/><U16/><E111/><V5/><F5/><W121/><G121/><T77/><D77/><U52/><E75/><V72/><F72/><W2/><G2/><T63/><D63/><U47/><E98/><V129/><F129/><W51/><G15/><T33/><D54/><U53/><E53/><V68/><F68/><W45/><G44/><T78/><D78/><U88/><E88/><V112/><F112/><W13/><G13/><T97/><D27/><U8/><E47/><V38/><F43/><W20/><G37/><T132/><D103/><U19/><E19/><V82/><F99/><N who="3" m="57855" /><G66/><T58/><D132/><U21/><E8/><V106/><F106/><W10/><G10/><T122/><D122/><U70/><E70/><V131/><F131/><W118/><G118/><T134/><D134/><U80/><E80/><V28/><F84/><W65/><G65/><T32/><D97/><U69/><E69/><V92/><F82/><W39/><G39/><T94/><D102/><U26/><E26/><V14/><F14/><RYUUKYOKU ba="1,0" sc="337,0,163,0,250,0,250,0" hai0="22,25,29,32,33,35,48,49,50,58,86,90,94" hai1="16,21,24,52,62,105,107,113,114,115,125,126,127" hai2="7,11,12,28,30,31,38,41,46,92,93,96,100" hai3="20,40,45,51,57,61,64,79,83,87" /><INIT seed="0,2,0,5,5,84" ten="337,163,250,250" oya="0" hai0="6,96,23,81,115,17,56,111,9,61,135,116,59" hai1="85,86,102,107,21,55,46,110,98,134,71,100,117" hai2="126,106,73,122,12,133,39,80,54,33,74,0,14" hai3="112,20,52,49,70,34,127,66,29,114,4,97,75"/><T10/><D115/><U35/><E117/><V118/><RYUUKYOKU type="yao9" ba="2,0" sc="337,0,163,0,250,0,250,0" hai2="0,12,14,33,39,54,73,74,80,106,118,122,126,133" /><INIT seed="0,3,0,3,3,132" ten="337,163,250,250" oya="0" hai0="23,90,102,81,53,8,91,4,87,51,59,29,15" hai1="11,7,128,0,35,10,3,73,2,76,77,56,130" hai2="131,89,124,69,118,33,64,45,92,36,27,95,97" hai3="83,135,108,134,40,28,120,109,68,60,49,66,26"/><T5/><D102/><U121/><E73/><V78/><F118/><W117/><G83/><T57/><D5/><U113/><E56/><V114/><F114/><W17/><G17/><T111/><D111/><N who="3" m="42569" /><G117/><T88/><REACH who="0" step="1"/><D59/><REACH who="0" ten="327,163,250,250" step="2"/><U101/><E101/><V21/><F131/><N who="1" m="50217" /><E113/><V48/><F69/><W32/><G120/><T116/><D116/><U31/><E121/><V18/><F33/><W99/><G99/><T43/><D43/><U47/><E47/><AGARI ba="3,1" hai="26,28,32,40,47,49,60,66,68,134,135" m="42569" machi="47" ten="30,1000,0" yaku="14,1" doraHai="132" who="3" fromWho="1" sc="327,0,163,-19,250,0,250,29" /><INIT seed="1,0,0,1,5,124" ten="327,144,250,279" oya="1" hai0="128,83,40,125,49,18,37,115,46,112,58,80,91" hai1="85,107,15,88,131,130,23,116,100,3,110,73,29" hai2="67,25,105,47,28,1,101,2,24,94,57,74,31" hai3="72,16,48,134,50,9,64,70,102,68,89,62,111"/><U35/><E116/><V45/><F74/><W76/><G111/><T82/><D125/><U129/><E73/><V21/><F105/><W43/><G134/><T36/><D91/><U65/><E110/><V126/><F126/><W12/><G102/><T95/><D95/><N who="1" m="54671" /><E3/><V10/><F10/><W92/><G70/><T79/><D79/><U63/><E15/><V90/><F101/><W71/><G71/><T77/><D77/><U96/><E23/><V38/><F38/><W26/><G26/><T54/><D37/><U33/><E29/><V122/><F122/><W59/><G68/><AGARI ba="0,0" hai="33,35,63,65,68,96,100,107,129,130,131" m="54671" machi="68" ten="30,12000,1" yaku="19,1,52,3,54,1" doraHai="124" who="1" fromWho="3" sc="327,0,144,120,250,0,279,-120" /><INIT seed="1,1,0,5,4,112" ten="327,264,250,159" oya="1" hai0="131,77,79,34,84,104,76,115,99,35,22,19,64" hai1="26,118,62,105,47,9,87,107,58,8,25,21,97" hai2="94,27,24,70,114,126,135,43,20,111,55,2,98" hai3="14,60,57,42,29,23,11,129,69,53,82,101,7"/><U18/><E118/><V75/><F114/><W81/><G129/><T96/><D115/><U16/><E47/><V28/><F111/><W116/><G69/><T86/><D64/><U123/><E123/><V45/><F135/><W1/><G101/><T83/><D131/><U108/><E108/><V6/><F126/><W93/><G93/><T12/><D104/><U88/><E105/><V31/><F75/><W117/><G1/><T46/><D46/><U17/><E97/><V73/><F73/><W128/><G128/><T61/><D61/><U52/><E107/><V127/><F127/><W5/><G7/><T54/><D54/><U66/><E66/><V38/><F70/><W4/><G5/><T72/><D72/><U109/><E109/><V133/><F133/><W39/><G39/><T110/><D110/><U132/><E132/><V51/><F2/><W59/><G57/><T119/><D119/><N who="3" m="45641" /><G42/><T48/><D99/><U122/><E122/><V37/><F6/><W85/><G85/><T15/><D86/><U49/><E62/><V92/><F43/><W67/><G67/><T130/><D96/><U125/><E125/><V74/><F74/><W32/><G32/><T90/><D130/><U89/><E89/><V0/><F0/><W121/><G121/><T80/><D35/><U65/><E65/><V50/><F94/><W3/><G3/><T95/><D34/><U41/><E41/><V71/><F71/><W33/><G33/><T44/><D95/><N who="1" m="54687" /><E25/><AGARI ba="1,0" hai="4,11,14,23,25,29,53,59,60,81,82" m="45641" machi="25" ten="30,7700,0" yaku="12,1,52,3" doraHai="112" who="3" fromWho="1" sc="327,0,264,-80,250,0,159,80" /><INIT seed="2,0,0,5,1,95" ten="327,184,250,239" oya="2" hai0="51,50,104,62,90,68,116,61,88,126,117,115,113" hai1="77,124,53,2,46,14,56,93,120,17,15,128,45" hai2="78,91,123,134,92,64,10,99,22,83,100,107,131" hai3="127,4,63,42,130,82,36,18,52,108,41,32,6"/><V125/><F123/><W12/><G32/><T19/><D19/><U1/><E120/><V98/><F125/><W20/><G108/><T69/><REACH who="0" step="1"/><D104/><REACH who="0" ten="317,184,250,239" step="2"/><U122/><E17/><V67/><F134/><W23/><G127/><AGARI ba="0,1" hai="50,51,61,62,68,69,88,90,113,115,116,117,126,127" machi="127" ten="25,12000,2" yaku="1,1,2,1,22,2,54,1,53,2" doraHai="95" doraHaiUra="112" who="0" fromWho="3" sc="317,130,184,0,250,0,239,-120" /><INIT seed="3,0,0,1,0,66" ten="447,184,250,119" oya="3" hai0="118,115,18,1,84,12,41,97,50,95,104,90,37" hai1="23,51,25,121,82,130,114,107,112,48,16,31,3" hai2="49,127,89,71,101,77,7,135,62,92,109,117,22" hai3="42,67,76,39,46,54,4,29,10,60,11,129,99"/><W64/><G76/><T105/><D1/><U70/><E121/><V69/><F117/><W93/><G129/><T94/><D37/><U0/><E107/><V81/><F109/><W73/><G29/><T28/><D115/><U15/><E70/><V78/><F135/><W9/><G73/><T133/><D28/><U38/><E38/><V44/><F127/><W110/><G54/><T36/><D36/><U45/><E130/><V126/><F126/><W27/><G27/><T2/><D2/><U65/><E65/><V34/><F34/><W108/><G4/><T59/><D118/><U21/><E51/><V83/><F7/><W86/><G86/><T113/><D113/><U53/><E0/><V100/><F22/><W43/><G43/><T30/><D30/><U123/><E3/><V56/><F100/><W120/><G120/><T32/><D32/><U134/><E134/><V103/><F103/><W40/><G42/><T91/><D133/><U98/><E123/><V35/><F101/><W19/><G19/><T128/><D128/><U61/><E98/><V14/><F35/><W33/><G33/><T87/><D97/><U24/><E24/><V72/><F14/><W102/><REACH who="3" step="1"/><G64/><REACH who="3" ten="447,184,250,109" step="2"/><T119/><D119/><U74/><E114/><V85/><F77/><W20/><G20/><N who="0" m="11335" /><D41/><U96/><E112/><V55/><F81/><W131/><G131/><T13/><D13/><U132/><E82/><V125/><F125/><W57/><AGARI ba="0,1" hai="9,10,11,39,40,46,57,60,67,93,99,102,108,110" machi="57" ten="30,6000,0" yaku="1,1,0,1,53,1" doraHai="66" doraHaiUra="88" who="3" fromWho="3" sc="447,-20,184,-20,250,-20,109,70" /><INIT seed="3,1,0,5,5,125" ten="427,164,230,179" oya="3" hai0="24,117,11,19,57,102,134,0,62,101,8,109,58" hai1="70,61,107,89,34,26,95,81,106,84,121,27,111" hai2="108,15,47,51,29,91,53,48,41,1,88,135,94" hai3="118,115,110,13,72,112,82,98,46,63,75,86,7"/><W43/><G118/><T100/><D109/><U119/><E111/><V65/><F108/><W69/><G110/><T4/><D134/><U42/><E121/><V130/><F135/><W68/><G98/><T14/><D117/><U132/><E119/><V5/><F1/><W83/><G7/><T21/><REACH who="0" step="1"/><D62/><REACH who="0" ten="417,164,230,179" step="2"/><U35/><E132/><V39/><F65/><W23/><G63/><T54/><D54/><U45/><E61/><V120/><F120/><W93/><G112/><T116/><D116/><U2/><E70/><V12/><F53/><W33/><G115/><T66/><D66/><U124/><E124/><V55/><F55/><W87/><G43/><T38/><D38/><U104/><E2/><V30/><F39/><W20/><G13/><T78/><D78/><U122/><E122/><V103/><F41/><W9/><G46/><T113/><D113/><U50/><E26/><V28/><F47/><W79/><G79/><T76/><D76/><U126/><E126/><V17/><F51/><W131/><G68/><T49/><D49/><U31/><REACH who="1" step="1"/><E81/><REACH who="1" ten="417,154,230,179" step="2"/><V3/><F3/><W74/><G69/><T129/><D129/><U56/><E56/><V36/><F130/><W64/><G131/><T85/><D85/><U60/><E60/><V128/><F36/><W59/><G82/><T97/><D97/><U10/><E10/><V90/><F128/><W123/><G83/><T96/><D96/><U44/><E44/><V52/><F48/><W40/><G9/><T114/><D114/><U80/><E80/><V77/><F103/><W99/><G123/><T32/><D32/><AGARI ba="1,2" hai="27,31,32,34,35,42,45,50,84,89,95,104,106,107" machi="32" ten="40,5200,0" yaku="1,1,6,1,53,1" doraHai="125" doraHaiUra="22" who="1" fromWho="0" sc="417,-55,154,75,230,0,179,0" /><INIT seed="4,0,0,4,2,47" ten="362,229,230,179" oya="0" hai0="15,60,118,55,10,127,88,112,85,0,117,24,59" hai1="69,83,37,20,1,14,56,100,97,79,36,89,71" hai2="114,31,116,135,72,124,108,18,82,53,11,67,75" hai3="120,66,62,61,78,94,45,81,87,102,92,28,73"/><T51/><D112/><U98/><E1/><V91/><F108/><W34/><G120/><T3/><D127/><U29/><E71/><V21/><F114/><W57/><G34/><T6/><D24/><U109/><E69/><V128/><F128/><W13/><G28/><T7/><D60/><U99/><E109/><V111/><F111/><W25/><G25/><T104/><D104/><U38/><E29/><V12/><F116/><W133/><G133/><T32/><D32/><U22/><E89/><V131/><F131/><W42/><G62/><T17/><D3/><U5/><E56/><V4/><F124/><W90/><G102/><T26/><D26/><U122/><E100/><V48/><F135/><W63/><G61/><T86/><D86/><U65/><E65/><V44/><F31/><W93/><REACH who="3" step="1"/><G13/><REACH who="3" ten="362,229,230,169" step="2"/><T101/><D101/><U58/><E122/><V126/><F126/><W96/><G96/><T33/><D33/><U27/><E27/><V80/><F67/><W84/><G84/><T30/><D30/><U49/><E14/><V121/><F121/><W132/><G132/><T77/><D0/><U64/><E64/><V52/><F75/><W43/><G43/><T125/><D125/><U39/><E98/><V113/><F72/><W129/><G129/><T95/><D118/><U119/><E99/><V123/><F113/><W107/><G107/><T2/><D117/><U70/><E97/><V106/><F123/><W8/><G8/><T74/><D2/><U76/><E119/><V16/><F106/><W130/><G130/><T19/><D7/><U134/><E5/><RYUUKYOKU ba="0,1" sc="362,15,229,-15,230,-15,169,15" hai0="6,10,15,17,19,51,55,59,74,77,85,88,95" hai3="42,45,57,63,66,73,78,81,87,90,92,93,94" /><INIT seed="4,1,1,5,2,49" ten="377,214,215,184" oya="0" hai0="33,68,89,51,129,71,22,99,62,103,2,66,112" hai1="95,124,114,13,117,96,101,69,24,10,82,30,5" hai2="3,104,118,81,120,29,20,26,50,107,21,7,16" hai3="14,60,48,119,85,39,53,86,131,110,88,70,38"/><T76/><D2/><U27/><E117/><V134/><F120/><W108/><G119/><T84/><D33/><U32/><E124/><V40/><F118/><W72/><G72/><T87/><D112/><U23/><E114/><V41/><F134/><W126/><G86/><T45/><D129/><U4/><E69/><V43/><F3/><W115/><G115/><T91/><D71/><U77/><E24/><V19/><F7/><W111/><G126/><T28/><D28/><U15/><E32/><V133/><F133/><W18/><G131/><T127/><D22/><U47/><E47/><V56/><F81/><W35/><G60/><T125/><D76/><U80/><REACH who="1" step="1"/><E77/><REACH who="1" ten="377,204,215,184" step="2"/><V8/><F104/><W42/><G35/><T100/><D127/><U65/><E65/><V31/><F107/><W113/><G70/><T54/><D125/><U74/><E74/><V58/><F8/><AGARI ba="1,2" hai="4,5,8,10,13,15,23,27,30,80,82,95,96,101" machi="8" ten="40,5200,0" yaku="1,1,9,1,8,1,53,0" doraHai="49" doraHaiUra="52" who="1" fromWho="2" sc="377,0,204,75,215,-55,184,0" /><INIT seed="5,0,0,5,0,51" ten="377,279,160,184" oya="1" hai0="14,118,40,112,126,108,134,46,1,105,128,71,111" hai1="58,123,41,129,32,60,34,44,88,87,119,53,26" hai2="102,75,31,22,97,99,83,37,82,3,91,33,20" hai3="78,65,100,55,69,6,101,84,77,49,104,131,21"/><U5/><E123/><V90/><F37/><W94/><G131/><T98/><RYUUKYOKU type="yao9" ba="0,0" sc="377,0,279,0,160,0,184,0" hai0="1,14,40,46,71,98,105,108,111,112,118,126,128,134" /><INIT seed="5,1,0,5,1,9" ten="377,279,160,184" oya="1" hai0="77,61,10,100,1,112,98,35,2,75,88,6,11" hai1="131,30,107,129,73,83,60,120,74,67,130,52,124" hai2="128,92,95,58,28,14,8,90,46,111,113,116,49" hai3="54,69,55,36,24,62,17,31,71,122,41,87,65"/><U32/><E120/><V91/><F111/><W119/><G119/><T26/><D112/><U68/><E107/><V76/><F116/><W64/><G122/><T134/><D134/><U47/><E124/><V22/><F128/><W16/><G41/><T97/><D77/><U37/><E83/><V63/><F113/><W57/><G36/><T20/><D35/><U84/><E84/><V94/><F76/><W42/><G42/><T86/><D61/><U27/><E52/><V117/><F117/><W108/><G108/><T23/><D75/><U101/><E101/><V102/><F102/><W135/><G135/><T13/><D23/><U80/><E80/><V56/><F22/><W3/><G3/><T115/><D115/><U7/><E7/><V59/><F28/><W5/><G5/><T96/><D11/><U82/><REACH who="1" step="1"/><E82/><REACH who="1" ten="377,269,160,184" step="2"/><V93/><N who="2" m="23552" /><DORA hai="127" /><V25/><F25/><W118/><G87/><T89/><D100/><U15/><E15/><V104/><F104/><W110/><G118/><T126/><D126/><U19/><E19/><V21/><F63/><W39/><G110/><T18/><D86/><U81/><E81/><V70/><F70/><W44/><G54/><T40/><D40/><AGARI ba="1,1" hai="27,30,32,37,40,47,60,67,68,73,74,129,130,131" machi="40" ten="40,18000,2" yaku="1,1,19,1,23,2,52,3,53,0" doraHai="9,127" doraHaiUra="48,99" who="1" fromWho="0" sc="377,-183,269,193,160,0,184,0" /><INIT seed="5,2,0,1,3,36" ten="194,462,160,184" oya="1" hai0="9,15,20,90,16,80,60,13,98,83,119,104,122" hai1="18,23,118,89,112,1,2,64,27,132,95,109,46" hai2="85,34,45,77,70,22,0,117,133,52,129,28,111" hai3="55,24,10,130,6,92,120,124,63,115,72,14,114"/><U25/><E118/><V75/><F117/><W116/><G72/><T76/><D119/><U73/><E73/><V135/><F111/><W33/><G116/><T62/><D122/><U3/><E109/><V86/><F70/><W42/><G120/><T123/><D123/><U103/><E103/><V126/><F0/><W106/><G106/><T40/><D40/><U100/><E100/><V44/><F34/><W81/><G81/><T41/><D41/><U82/><E82/><V61/><F126/><W102/><G42/><T67/><D104/><U127/><E46/><V48/><F129/><W26/><G55/><T78/><D83/><U37/><E37/><V93/><F93/><W107/><G63/><N who="0" m="24107" /><D67/><U97/><E64/><V128/><F128/><W65/><G107/><T68/><D68/><U35/><E127/><V11/><F11/><W21/><G65/><T53/><D53/><U131/><E131/><V125/><F125/><W12/><G92/><N who="0" m="56599" /><D80/><U7/><E132/><N who="2" m="50763" /><F75/><W31/><G102/><T38/><D38/><U57/><E57/><N who="2" m="34983" /><F77/><W43/><G43/><T84/><D84/><N who="2" m="32362" /><F48/><W5/><G124/><T66/><D66/><U59/><E59/><V94/><F94/><W87/><G130/><T56/><D56/><U4/><REACH who="1" step="1"/><E112/><REACH who="1" ten="194,452,160,184" step="2"/><V88/><F88/><W29/><G87/><T8/><D78/><U79/><E79/><V30/><F45/><W108/><G108/><T39/><D76/><U50/><E50/><V121/><F44/><W113/><G115/><T99/><D39/><U19/><E19/><V105/><F121/><W101/><G101/><T54/><D16/><RYUUKYOKU ba="2,1" sc="194,-15,452,15,160,-15,184,15" hai1="1,2,3,4,7,18,23,25,27,35,89,95,97" hai3="5,6,10,12,14,21,24,26,29,31,33,113,114" /><INIT seed="5,3,1,0,3,95" ten="179,467,145,199" oya="1" hai0="16,0,8,59,3,27,18,66,107,79,109,58,82" hai1="134,23,48,114,69,91,113,36,6,57,102,117,25" hai2="39,99,97,21,87,9,116,53,13,104,31,118,96" hai3="89,108,35,47,101,123,60,81,129,78,100,50,135"/><U112/><E69/><V42/><F104/><W124/><G35/><T29/><D109/><U12/><E36/><V75/><F75/><W44/><G108/><T106/><D66/><U51/><E117/><V49/><F87/><W17/><G123/><T22/><D107/><U92/><E102/><V94/><F94/><W111/><G111/><T61/><D106/><U46/><E57/><V119/><F39/><W127/><G129/><T14/><D59/><U110/><E110/><V41/><F21/><W80/><G135/><T70/><D70/><U72/><E72/><V125/><F31/><W115/><G89/><T71/><D71/><U4/><E12/><V30/><F30/><W131/><G131/><T121/><D121/><U7/><E46/><V26/><F26/><W11/><G11/><T40/><D40/><U132/><E23/><V33/><F33/><W84/><G17/><T130/><D130/><U88/><E25/><V83/><F83/><W67/><G67/><T76/><D29/><U19/><E19/><V38/><F38/><W5/><G5/><T103/><D103/><U56/><E56/><V74/><F74/><W128/><G128/><T37/><D37/><U2/><E2/><V43/><F125/><W105/><G105/><T1/><REACH who="0" step="1"/><D82/><REACH who="0" ten="169,467,145,199" step="2"/><N who="3" m="31849" /><G100/><T86/><D86/><N who="1" m="52247" /><E91/><V10/><REACH who="2" step="1"/><F13/><REACH who="2" ten="169,467,135,199" step="2"/><W68/><G84/><T24/><D24/><U93/><E93/><V73/><F73/><W120/><G124/><T65/><AGARI ba="3,3" hai="0,1,3,8,14,16,18,22,27,58,61,65,76,79" machi="65" ten="30,4000,0" yaku="1,1,0,1,54,1,53,0" doraHai="95" doraHaiUra="45" who="0" fromWho="0" sc="169,79,467,-23,135,-13,199,-13" /><INIT seed="6,0,0,3,4,108" ten="248,444,122,186" oya="2" hai0="106,126,29,24,53,66,23,54,52,28,64,95,113" hai1="10,84,71,0,49,6,133,55,111,45,18,128,109" hai2="41,90,96,43,100,76,129,91,123,25,105,82,74" hai3="27,48,116,72,119,112,47,115,83,16,30,87,118"/><V63/><F123/><W59/><G72/><T20/><D106/><U33/><E33/><V75/><F129/><W94/><G94/><T51/><D113/><N who="3" m="43593" /><G59/><T2/><D2/><U19/><E128/><V46/><F25/><W93/><G93/><T4/><D126/><U67/><E133/><V89/><F63/><W81/><G87/><T61/><D4/><U1/><E1/><V39/><REACH who="2" step="1"/><F43/><REACH who="2" ten="248,444,112,186" step="2"/><N who="3" m="24703" /><G16/><T131/><D131/><U122/><E19/><V7/><F7/><W101/><G101/><T37/><D61/><U13/><E18/><V38/><F38/><W21/><AGARI ba="0,1" hai="21,27,30,81,83,116,118,119" m="24703,43593" machi="21" ten="40,8000,1" yaku="15,1,11,1,52,3" doraHai="108" who="3" fromWho="3" sc="248,-20,444,-20,112,-40,186,90" /><INIT seed="7,0,0,3,3,118" ten="228,424,72,276" oya="3" hai0="113,6,12,135,20,50,18,36,119,133,35,30,33" hai1="77,55,11,45,106,61,53,104,79,91,56,123,85" hai2="48,99,121,44,26,4,40,9,100,65,52,102,132" hai3="96,0,128,93,51,28,59,7,124,111,87,64,32"/><W1/><G124/><T27/><D50/><N who="1" m="28879" /><E123/><V57/><F132/><N who="0" m="50762" /><D36/><U63/><E106/><V109/><F109/><W116/><G116/><T89/><D89/><U34/><E34/><N who="0" m="12809" /><D119/><U80/><E104/><V39/><F26/><W130/><G87/><T8/><D113/><U42/><E42/><V43/><F43/><W47/><G111/><T10/><D10/><U112/><E112/><V58/><F121/><W17/><G64/><T15/><D15/><U66/><E66/><V131/><F131/><W29/><G32/><T110/><D110/><U38/><E38/><V14/><F99/><W13/><G128/><T81/><D81/><U71/><E71/><V88/><F58/><W83/><G83/><T76/><D76/><N who="1" m="29259" /><E11/><V125/><F125/><W117/><G130/><T120/><D120/><U46/><E46/><V41/><F41/><W78/><G78/><T54/><D54/><U37/><E37/><V24/><F24/><W75/><G117/><T126/><D126/><U31/><E31/><AGARI ba="0,0" hai="6,8,12,18,20,27,30,31" m="12809,50762" machi="31" ten="30,3900,0" yaku="20,1,34,2" doraHai="118" who="0" fromWho="1" sc="228,39,424,-39,72,0,276,0" owari="267,-13.0,385,48.0,72,-43.0,276,8.0" /></mjloggm>