<mjloggm ver="2.3"><GO type="41" lobby="0"/><UN n0="%E5%A4%A9%E4%B8%8B%E7%84%A1%E5%8F%8C" n1="%E3%81%A8%E3%81%8F%E3%81%98%E3%82%8D%E3%81%86%EF%BC%A0%E9%BA%BB%E9%9B%80" n2="%E2%93%9D%53%75%70%68%78" n3="%E3%81%AB%E3%82%93%E3%81%AB%E3%81%8F%E5%90%89%E7%94%B0" dan="15,13,18,13" rate="1951.23,1855.84,2148.64,1829.40" sx="M,M,M,M"/><TAIKYOKU oya="0"/><INIT seed="0,0,0,4,0,34" ten="250,250,250,250" oya="0" hai0="119,109,10,88,84,125,48,33,111,71,79,55,80" hai1="116,26,76,107,113,131,59,68,93,1,128,54,118" hai2="31,132,46,98,82,5,65,32,100,117,78,58,7" hai3="90,77,29,85,30,123,122,96,66,24,49,40,9"/><T23/><D33/><U126/><E107/><V35/><F132/><W38/><G38/><T75/><D119/><N who="1" m="45611" /><E68/><V2/><F117/><W4/><G66/><T50/><D71/><U97/><E76/><V20/><F46/><N who="3" m="25799" /><G96/><T13/><D125/><U110/><E26/><V43/><F43/><W94/><G77/><T70/><D70/><U14/><E14/><V108/><F35/><W37/><G37/><T92/><D23/><U134/><E1/><V105/><F32/><W112/><G24/><T12/><D12/><U45/><E45/><V86/><F2/><N who="3" m="151" /><G112/><T36/><D36/><U42/><E42/><V63/><F108/><N who="0" m="41546" /><D55/><U106/><E106/><V56/><F105/><W114/><G114/><T39/><D39/><U16/><E110/><V67/><F67/><W121/><AGARI ba="0,0" hai="29,30,85,90,94,121,122,123" m="151,25799" machi="121" ten="30,2000,0" yaku="13,1,52,1" doraHai="34" who="3" fromWho="3" sc="250,-10,250,-5,250,-5,250,20" /><INIT seed="1,0,0,5,5,23" ten="240,245,245,270" oya="1" hai0="1,27,6,59,18,51,33,131,100,54,55,86,88" hai1="124,76,56,68,82,66,62,92,130,60,128,106,28" hai2="107,120,134,4,7,91,81,83,10,8,37,101,14" hai3="104,43,38,3,32,31,71,114,39,20,123,15,40"/><U80/><E106/><V119/><F119/><W58/><G71/><T89/><D131/><N who="1" m="50219" /><E124/><V21/><F37/><W115/><G3/><T105/><D105/><U125/><E125/><V116/><F120/><W113/><G104/><T53/><D100/><U22/><E92/><V41/><F41/><W24/><G123/><T16/><D89/><U117/><E117/><V36/><F36/><W109/><G109/><T84/><D84/><U48/><E48/><V12/><F134/><W45/><G58/><T29/><D1/><U122/><E122/><V69/><F69/><W47/><REACH who="3" step="1"/><G15/><REACH who="3" ten="240,245,245,260" step="2"/><T95/><REACH who="0" step="1"/><D6/><REACH who="0" ten="230,245,245,260" step="2"/><U9/><E68/><V25/><F116/><W132/><G132/><T102/><D102/><U87/><E66/><V135/><F135/><W73/><G73/><T13/><D13/><U133/><E133/><V121/><F121/><W30/><G30/><T97/><D97/><U34/><E28/><V42/><F101/><W90/><G90/><T0/><D0/><U126/><E126/><V72/><F91/><W19/><G19/><AGARI ba="0,2" hai="16,18,19,27,29,33,51,53,54,55,59,86,88,95" machi="19" ten="40,8000,1" yaku="1,1,52,1,54,2,53,0" doraHai="23" doraHaiUra="127" who="0" fromWho="3" sc="230,100,245,0,245,0,260,-80" /><INIT seed="2,0,0,3,1,10" ten="330,245,245,180" oya="2" hai0="82,16,2,13,37,57,115,33,112,58,51,56,61" hai1="28,81,130,12,113,125,123,52,96,134,75,44,111" hai2="60,19,4,14,38,128,6,25,65,114,90,11,29" hai3="48,108,102,1,17,46,59,40,103,72,66,74,55"/><V50/><F38/><W104/><G1/><T71/><D37/><U105/><E113/><V70/><F114/><W27/><G108/><T47/><D2/><U100/><E111/><V43/><F128/><W53/><G66/><T85/><D33/><U26/><E130/><V3/><F3/><W119/><G119/><T106/><D106/><U127/><E134/><V129/><F129/><W30/><G17/><T5/><D5/><U54/><E123/><V42/><F90/><W83/><G55/><T62/><D71/><U135/><E135/><V89/><F89/><W116/><G116/><T79/><D115/><U73/><E81/><V36/><F36/><W68/><G68/><T22/><REACH who="0" step="1"/><D112/><REACH who="0" ten="320,245,245,180" step="2"/><U0/><E0/><V21/><REACH who="2" step="1"/><F50/><REACH who="2" ten="320,245,235,180" step="2"/><W131/><G131/><T8/><D8/><U110/><E110/><V84/><F84/><W86/><G72/><T109/><D109/><U122/><E75/><V78/><F78/><W35/><G74/><T93/><D93/><U64/><E73/><V91/><F91/><W121/><G121/><T9/><D9/><U94/><E94/><V69/><F69/><W97/><G103/><T118/><D118/><U92/><E92/><V120/><F120/><W23/><G86/><T95/><D95/><U87/><E87/><V7/><AGARI ba="0,2" hai="4,6,7,11,14,19,21,25,29,42,43,60,65,70" machi="7" ten="30,6000,0" yaku="1,1,0,1,52,1,53,0" doraHai="10" doraHaiUra="101" who="2" fromWho="2" sc="320,-20,245,-20,235,80,180,-20" /><INIT seed="2,1,0,2,3,91" ten="300,225,315,160" oya="2" hai0="95,54,133,8,29,113,117,92,68,34,106,28,120" hai1="109,30,7,58,31,27,38,49,16,47,116,33,53" hai2="126,45,101,79,100,42,134,85,94,69,97,76,62" hai3="78,90,115,6,77,21,118,15,114,75,104,13,18"/><V36/><F134/><W105/><G118/><T32/><D113/><N who="3" m="43017" /><G75/><T19/><D120/><U64/><E116/><V125/><F101/><W50/><G50/><T84/><D106/><N who="3" m="41065" /><G90/><T4/><D68/><U1/><E109/><V135/><F135/><W107/><N who="3" m="41073" /><W73/><DORA hai="26" /><G73/><T59/><D133/><U98/><E7/><V43/><F43/><W66/><G66/><T131/><D117/><U14/><E1/><V130/><F130/><W102/><G102/><T74/><D74/><U82/><E82/><V86/><F79/><W25/><G6/><T46/><D4/><U112/><E112/><V132/><F76/><AGARI ba="1,0" hai="13,15,18,21,25,76,77,78" m="41073,43017" machi="76" ten="50,1600,0" yaku="11,1" doraHai="91,26" who="3" fromWho="2" sc="300,0,225,0,315,-19,160,19" /><INIT seed="3,0,0,5,4,102" ten="300,225,296,179" oya="3" hai0="54,119,26,65,131,64,35,85,25,104,20,13,40" hai1="74,133,117,120,1,9,93,30,121,118,66,87,23" hai2="98,24,42,111,51,134,17,116,109,39,63,106,124" hai3="60,18,61,105,122,31,110,56,36,58,112,3,86"/><W72/><G72/><T91/><D119/><N who="1" m="45579" /><E74/><V75/><F134/><W46/><G122/><N who="1" m="47210" /><E66/><V5/><F124/><W114/><G31/><T128/><D104/><U14/><E93/><V135/><F135/><W125/><G3/><T12/><D40/><U0/><E87/><V84/><F75/><W11/><G36/><T123/><D123/><U53/><E53/><V82/><F39/><W79/><G46/><T4/><D54/><U81/><E81/><V83/><F83/><W57/><G125/><T103/><D103/><U89/><E89/><V38/><F84/><W99/><G86/><T49/><D49/><U126/><E126/><V19/><F51/><W67/><G79/><T48/><D48/><U15/><E133/><V101/><F82/><W62/><G67/><T47/><D65/><U107/><E107/><V37/><F116/><W78/><G78/><T71/><D64/><U33/><E33/><V70/><F38/><W34/><G34/><T44/><D35/><U73/><E73/><V92/><F106/><W97/><G105/><T41/><D71/><U10/><E30/><V77/><F77/><W132/><G132/><T59/><D85/><U100/><E100/><V16/><F70/><W94/><G94/><T27/><D91/><U32/><E32/><V76/><F76/><W68/><G68/><T69/><D69/><U130/><E130/><V21/><F101/><W127/><G127/><T88/><D88/><U96/><E96/><V2/><F98/><W55/><G99/><T6/><D131/><U22/><E1/><V45/><F92/><W43/><G97/><RYUUKYOKU ba="0,0" sc="300,0,225,0,296,0,179,0" /><INIT seed="4,1,0,2,4,8" ten="300,225,296,179" oya="0" hai0="106,13,30,85,133,63,75,11,7,43,109,16,38" hai1="15,99,91,129,83,118,107,96,5,101,70,104,119" hai2="25,58,37,2,22,23,125,1,28,112,94,12,95" hai3="128,81,65,79,84,54,46,131,111,130,74,47,3"/><T87/><D75/><U50/><E70/><V80/><F37/><W14/><G3/><T29/><D106/><U48/><E129/><V93/><F112/><W110/><G65/><T113/><D113/><U71/><E71/><V9/><F125/><W67/><G67/><T78/><D133/><U17/><E5/><V60/><F23/><W132/><G132/><T120/><D120/><U19/><E91/><V61/><F80/><W59/><G74/><T21/><D109/><U57/><E83/><V51/><F51/><W116/><G116/><T102/><D102/><U89/><E89/><V121/><F121/><W41/><G41/><T124/><D124/><U108/><E101/><V32/><F32/><W4/><G110/><T98/><D98/><U26/><E108/><V45/><F45/><W127/><G111/><T20/><D63/><U105/><E105/><V18/><REACH who="2" step="1"/><F61/><REACH who="2" ten="300,225,286,179" step="2"/><N who="3" m="36087" /><G127/><T100/><D21/><U72/><E118/><V69/><F69/><W90/><G79/><T27/><D78/><U53/><E119/><V0/><F0/><W115/><G115/><T135/><D38/><U49/><E49/><V97/><F97/><W6/><G6/><T82/><D7/><U40/><E96/><V24/><F24/><W34/><G34/><T36/><D27/><U73/><E99/><V66/><AGARI ba="1,1" hai="1,2,9,12,18,22,25,28,58,60,66,93,94,95" machi="66" ten="30,4000,0" yaku="1,1,0,1,52,1,53,0" doraHai="8" doraHaiUra="64" who="2" fromWho="2" sc="300,-21,225,-11,286,53,179,-11" /><INIT seed="5,0,0,4,3,16" ten="279,214,339,168" oya="1" hai0="131,134,3,59,33,13,20,28,130,12,52,127,125" hai1="30,73,43,113,7,32,0,82,95,86,105,63,9" hai2="2,110,96,83,17,93,126,45,55,115,26,103,97" hai3="65,4,50,68,102,76,27,78,108,91,119,132,122"/><U100/><E113/><V41/><F110/><W84/><G122/><T34/><D3/><U49/><E73/><V1/><F126/><N who="0" m="48138" /><D59/><U101/><E105/><V60/><F97/><W80/><G108/><T53/><D53/><U54/><E30/><V6/><F6/><W88/><G102/><T29/><D52/><U118/><E32/><N who="0" m="12393" /><D134/><U47/><E95/><V133/><F133/><W42/><G132/><T51/><D51/><U79/><E118/><V61/><F2/><W71/><G50/><T56/><D56/><N who="1" m="35223" /><E0/><V35/><F55/><W46/><G119/><T44/><D44/><U66/><E66/><V117/><F45/><W69/><G65/><T64/><D64/><U124/><E124/><V120/><F1/><W99/><G46/><T106/><D106/><U114/><E114/><V90/><F115/><W77/><G42/><T67/><D67/><U129/><E7/><V8/><F117/><W62/><G4/><T112/><D112/><U74/><E9/><V21/><F8/><W5/><G5/><T70/><D70/><U10/><E10/><V98/><F61/><W94/><G62/><T22/><D28/><U24/><E74/><V107/><F60/><W23/><REACH who="3" step="1"/><G71/><REACH who="3" ten="279,214,339,158" step="2"/><T48/><D48/><U128/><E100/><V25/><F103/><W92/><G92/><T104/><D104/><U87/><E101/><V11/><F93/><W31/><AGARI ba="0,1" hai="23,27,31,68,69,76,77,78,80,84,88,91,94,99" machi="31" ten="30,7900,0" yaku="1,1,0,1,52,1,54,1,53,0" doraHai="16" doraHaiUra="14" who="3" fromWho="3" sc="279,-20,214,-39,339,-20,158,89" /><INIT seed="6,0,0,2,3,52" ten="259,175,319,247" oya="2" hai0="22,32,97,119,71,65,68,120,125,108,35,16,130" hai1="60,85,49,94,14,115,9,20,47,27,26,55,129" hai2="83,33,121,74,70,57,135,73,48,15,58,126,103" hai3="37,96,79,39,56,91,99,12,113,101,36,67,40"/><V78/><F121/><W38/><G79/><T76/><D120/><U75/><E75/><V81/><F70/><W87/><N who="3" m="9216" /><DORA hai="107" /><W77/><G113/><T133/><D108/><U98/><E115/><V17/><F33/><W29/><G77/><T7/><D130/><U111/><E129/><V100/><F48/><W69/><G69/><T51/><D133/><U6/><E111/><V61/><F126/><W46/><G29/><T50/><D125/><U23/><E85/><V19/><F78/><W131/><G131/><T80/><D7/><U72/><E72/><V109/><F61/><W124/><G124/><T105/><D119/><U63/><E26/><V116/><F15/><W28/><G28/><T10/><D10/><U25/><E25/><V41/><F109/><W123/><G123/><T92/><D105/><U30/><REACH who="1" step="1"/><E23/><REACH who="1" ten="259,165,319,247" step="2"/><V127/><F127/><W134/><G87/><T5/><D22/><U104/><E104/><V53/><F74/><W4/><G134/><T64/><D32/><U88/><AGARI ba="0,1" hai="6,9,14,20,27,30,47,49,55,60,63,88,94,98" machi="88" ten="20,8000,1" yaku="1,1,0,1,7,1,8,1,54,1,53,0" doraHai="52,107" doraHaiUra="110,122" who="1" fromWho="1" sc="259,-20,165,90,319,-40,247,-20" /><INIT seed="7,0,0,4,0,135" ten="239,255,279,227" oya="3" hai0="61,45,134,108,109,130,70,104,72,41,56,21,107" hai1="19,37,85,58,75,27,7,111,133,91,24,10,52" hai2="15,123,16,122,81,30,106,89,126,112,119,102,80" hai3="62,42,86,1,51,35,65,0,39,4,14,5,29"/><W13/><G39/><T26/><D134/><U57/><E75/><V2/><F126/><W53/><G42/><T125/><D72/><U60/><E37/><V46/><F112/><W129/><G129/><T55/><D70/><U67/><E133/><V90/><F2/><W59/><G0/><T54/><D130/><U6/><E111/><V22/><F119/><W43/><G43/><T38/><D55/><U87/><E19/><V76/><F46/><W114/><G114/><T97/><D125/><U44/><E44/><V3/><F3/><W17/><G1/><T124/><D124/><U25/><E87/><N who="2" m="48519" /><F81/><W40/><G40/><T49/><D38/><U118/><E118/><V68/><F68/><W132/><G132/><T116/><D116/><U103/><E103/><V110/><F30/><W128/><G128/><T105/><D97/><U127/><E10/><V33/><F33/><W121/><G121/><N who="2" m="46089" /><F110/><W28/><G35/><T31/><AGARI ba="0,0" hai="21,26,31,41,45,49,54,56,61,104,105,107,108,109" machi="31" ten="30,1100,0" yaku="0,1" doraHai="135" who="0" fromWho="0" sc="239,11,255,-3,279,-3,227,-5" /><INIT seed="8,0,0,3,4,59" ten="250,252,276,222" oya="0" hai0="1,47,52,98,69,123,132,0,96,82,119,84,34" hai1="51,130,26,41,45,105,60,20,62,5,16,46,89" hai2="13,114,99,76,109,40,90,80,71,36,102,77,18" hai3="29,73,8,58,61,39,33,100,92,81,17,12,106"/><T28/><D123/><U124/><E105/><V112/><F71/><W97/><G39/><T10/><D69/><U42/><E124/><V93/><F40/><W2/><G2/><T115/><D115/><U24/><E130/><V70/><F36/><W104/><G73/><T83/><D119/><U32/><E5/><V86/><F109/><W66/><G81/><T126/><D132/><U78/><E78/><V72/><F70/><W131/><G131/><T65/><D65/><U14/><E89/><V95/><REACH who="2" step="1"/><F77/><REACH who="2" ten="250,252,266,222" step="2"/><W120/><G120/><T107/><D126/><U4/><E42/><V64/><F64/><W11/><G11/><AGARI ba="0,1" hai="11,13,18,72,76,80,86,90,93,95,99,102,112,114" machi="11" ten="30,2000,0" yaku="1,1,7,1,53,0" doraHai="59" doraHaiUra="21" who="2" fromWho="3" sc="250,0,252,0,266,30,222,-20" /><INIT seed="9,0,0,4,2,59" ten="250,252,296,202" oya="1" hai0="89,96,62,36,10,99,63,122,76,72,26,56,88" hai1="101,64,131,2,25,41,125,37,22,94,23,133,87" hai2="71,54,14,11,102,31,100,18,130,48,126,46,79" hai3="108,95,30,4,29,50,135,20,61,115,93,118,66"/><U44/><E2/><V119/><F71/><W85/><G108/><T47/><D72/><U0/><E0/><V73/><F119/><W104/><G115/><T6/><D76/><U5/><E5/><V69/><F69/><W42/><G104/><T12/><D122/><U67/><E133/><V68/><F68/><W38/><G135/><T51/><D36/><U97/><E131/><V103/><F126/><W132/><G38/><T15/><D26/><U78/><E125/><V39/><F39/><W98/><G132/><T111/><D15/><U13/><E13/><V24/><F130/><W7/><G85/><T90/><D111/><U55/><E55/><V16/><F73/><W75/><G93/><T84/><D84/><U105/><E23/><N who="2" m="15775" /><F79/><W65/><G65/><N who="0" m="39111" /><D63/><U74/><E74/><V134/><F134/><W1/><G1/><T91/><N who="0" m="22528" /><DORA hai="35" /><T57/><D57/><U116/><E116/><V40/><F40/><AGARI ba="0,0" hai="6,10,12,40,47,51,96,99" m="22528,39111" machi="40" ten="40,5200,0" yaku="8,1,52,1,54,1" doraHai="59,35" who="0" fromWho="2" sc="250,52,252,0,296,-52,202,0" owari="302,41.0,252,5.0,244,-16.0,202,-30.0" /></mjloggm>