<mjloggm ver="2.3"><GO type="41" lobby="0"/><UN n0="%E2%93%9D%53%75%70%68%78" n1="%E8%BB%8A%E8%BB%8A%E8%BB%8A" n2="%7A%7A%64%6F%74%7A%7A" n3="%E5%B9%B8%E3%81%9B%E3%82%B9%E3%83%91%E3%82%A4%E3%83%A9%E3%83%AB" dan="17,13,15,14" rate="2078.32,1948.54,1978.64,1844.43" sx="M,M,M,F"/><TAIKYOKU oya="0"/><INIT seed="0,0,0,3,1,9" ten="250,250,250,250" oya="0" hai0="74,45,128,31,53,104,121,21,112,3,33,126,90" hai1="57,91,94,135,25,7,95,117,0,134,23,98,56" hai2="58,51,82,11,18,36,59,88,73,32,72,132,38" hai3="129,114,80,48,12,79,50,43,29,130,75,5,69"/><T89/><D112/><U109/><E117/><V116/><F116/><W65/><G114/><T52/><D121/><U101/><E109/><V10/><F32/><W127/><G127/><T14/><D3/><U62/><E7/><V34/><F34/><W76/><G29/><T115/><D115/><U39/><E39/><V124/><F124/><W92/><G43/><T61/><D74/><U47/><E47/><V118/><F118/><W106/><G106/><T27/><D104/><U78/><E78/><V40/><F132/><N who="1" m="50729" /><E62/><V133/><F133/><W49/><G76/><T64/><D128/><N who="3" m="49257" /><G92/><T77/><D77/><U125/><E125/><V110/><F110/><W122/><G122/><T99/><D126/><U19/><E0/><V83/><F40/><W119/><G119/><T105/><D105/><U37/><E37/><V85/><F51/><W108/><G108/><T111/><D111/><U70/><E70/><V41/><F41/><W2/><G2/><T71/><D45/><U97/><AGARI ba="0,0" hai="19,23,25,56,57,91,94,95,97,98,101" m="50729" machi="97" ten="30,1100,0" yaku="20,1" doraHai="9" who="1" fromWho="1" sc="250,-5,250,11,250,-3,250,-3" /><INIT seed="1,0,0,3,3,104" ten="245,261,247,247" oya="1" hai0="23,27,59,112,74,18,11,77,118,55,119,123,75" hai1="115,4,114,60,22,54,131,80,14,113,9,78,134" hai2="95,76,35,58,110,108,70,53,86,91,3,69,67" hai3="63,48,121,120,81,62,84,31,107,101,57,36,16"/><U43/><E131/><V38/><F3/><W94/><G36/><T20/><D112/><U93/><E134/><V135/><F35/><W90/><G31/><T132/><D77/><U41/><E22/><V111/><F135/><W33/><G33/><T65/><D132/><U21/><E21/><V39/><F76/><W45/><G107/><T126/><D65/><U12/><E12/><V37/><REACH who="2" step="1"/><F67/><REACH who="2" ten="245,261,237,247" step="2"/><W0/><G0/><T49/><D123/><U96/><E115/><V83/><F83/><W125/><G120/><T47/><D126/><U105/><E114/><V10/><F10/><W98/><G125/><T64/><D11/><U103/><E113/><V68/><F68/><W34/><G34/><T127/><D127/><U92/><E105/><V1/><F1/><W89/><G121/><T32/><D32/><U133/><E93/><V8/><F8/><W109/><G81/><T51/><D23/><U29/><E133/><V117/><F117/><W28/><G94/><T97/><D64/><U42/><E78/><V129/><F129/><W17/><G109/><T122/><D122/><U100/><E80/><V79/><F79/><W116/><G116/><T61/><D118/><U40/><E92/><V106/><F106/><W73/><G73/><T56/><D119/><U66/><E66/><V19/><F19/><W25/><G17/><T128/><D128/><U30/><E9/><V13/><F13/><W99/><G16/><T44/><D74/><U102/><E4/><V124/><F124/><W52/><G28/><T72/><D75/><U82/><N who="1" m="10240" /><DORA hai="5" /><U24/><E30/><RYUUKYOKU ba="0,1" sc="245,-10,261,-10,237,30,247,-10" hai2="37,38,39,53,58,69,70,86,91,95,108,110,111" /><INIT seed="2,1,1,0,1,132" ten="235,251,267,237" oya="2" hai0="16,68,20,31,48,78,120,26,99,82,81,40,22" hai1="61,18,73,8,85,128,43,42,64,47,96,127,77" hai2="126,131,66,17,55,75,116,51,90,133,33,45,123" hai3="135,1,35,53,3,24,110,65,50,49,105,107,21"/><V93/><F123/><W117/><G135/><T79/><D68/><U4/><E128/><V7/><F116/><W58/><G117/><T104/><D120/><U72/><E18/><V84/><F133/><W74/><G74/><T30/><D104/><U0/><E96/><V88/><F75/><W91/><G35/><T83/><D99/><U92/><E43/><V103/><F131/><W56/><G110/><T100/><D100/><U125/><E92/><N who="2" m="54343" /><F33/><W32/><G32/><T39/><D39/><U129/><E129/><V12/><F126/><N who="1" m="48137" /><E85/><N who="2" m="52367" /><F103/><W111/><G105/><T34/><D34/><U106/><E77/><V112/><F112/><W113/><G107/><T67/><D78/><U10/><E10/><N who="2" m="6295" /><F66/><W5/><G65/><T63/><D79/><U25/><E25/><V109/><F109/><W52/><G111/><T19/><D67/><U54/><E106/><V37/><F37/><W6/><G113/><T27/><D26/><U108/><E108/><V89/><F89/><W121/><G121/><T118/><D118/><U97/><E97/><V102/><F102/><W70/><G91/><T69/><D27/><U101/><E101/><V115/><F115/><W80/><G24/><T13/><D31/><U41/><E64/><V60/><F60/><W62/><G62/><T15/><D30/><U11/><E11/><V119/><F119/><W29/><G29/><T76/><D76/><U59/><E41/><V9/><F9/><W114/><G114/><T44/><D63/><U71/><E71/><V86/><F86/><W2/><G70/><T87/><D69/><U28/><E28/><RYUUKYOKU ba="1,1" sc="235,10,251,10,267,10,237,-30" hai0="13,15,16,19,20,22,40,44,48,81,82,83,87" hai1="0,4,8,42,47,54,59,61,72,73" hai2="7,45,51,55" /><INIT seed="2,2,1,1,0,107" ten="245,261,277,207" oya="2" hai0="80,118,61,74,9,128,18,13,41,98,126,40,47" hai1="134,56,31,70,17,69,45,64,72,67,26,104,60" hai2="49,135,92,48,85,76,110,15,71,38,78,35,51" hai3="113,108,122,121,2,91,65,96,66,29,63,133,97"/><V58/><F35/><W1/><G108/><T21/><D128/><U132/><E104/><V93/><F71/><W82/><G133/><N who="1" m="51306" /><E72/><V0/><F135/><W54/><G29/><T103/><D126/><U124/><E124/><V119/><F119/><W24/><G24/><T116/><D61/><N who="1" m="40079" /><E45/><V79/><F0/><W77/><G113/><T34/><D34/><N who="1" m="20855" /><E17/><V81/><F110/><W125/><G125/><T7/><D47/><U86/><E86/><V94/><F15/><W16/><G63/><T102/><D118/><U4/><E4/><V114/><F114/><W25/><G122/><T57/><D116/><U123/><E70/><V50/><F38/><W27/><G121/><AGARI ba="2,1" hai="56,60,67,121,123" m="20855,40079,51306" machi="121" ten="30,1000,0" yaku="20,1" doraHai="107" who="1" fromWho="3" sc="245,0,261,26,277,0,207,-16" /><INIT seed="3,0,0,3,3,129" ten="245,287,277,191" oya="3" hai0="16,110,29,74,134,35,46,24,75,111,107,130,5" hai1="66,114,112,76,42,127,95,108,105,13,53,33,45" hai2="125,0,19,37,38,18,133,106,26,123,84,59,11" hai3="40,36,20,25,89,103,87,73,90,17,1,39,96"/><W100/><G73/><T120/><D107/><U31/><E105/><V101/><F106/><W58/><G1/><T44/><D120/><U135/><E76/><V49/><F101/><W60/><G103/><T30/><D5/><U3/><E3/><V118/><F118/><W78/><G78/><T70/><D70/><U64/><E53/><V48/><F84/><W117/><G117/><T115/><D130/><U63/><E95/><V50/><F59/><W131/><G131/><T68/><D68/><U22/><E33/><V65/><F65/><W94/><G40/><T81/><D115/><U82/><E82/><V69/><F69/><W122/><G122/><T104/><D104/><U2/><E2/><V47/><F125/><W43/><G43/><T132/><D16/><U109/><E63/><V12/><F0/><W56/><G56/><T54/><D54/><U85/><E85/><V93/><F93/><W91/><REACH who="3" step="1"/><G87/><REACH who="3" ten="245,287,277,181" step="2"/><T77/><D74/><U14/><E114/><V98/><F123/><W113/><G113/><T102/><D102/><U4/><E42/><V124/><F124/><W61/><G61/><T72/><D72/><U121/><E112/><V7/><F47/><N who="0" m="17962" /><D29/><U71/><E31/><V52/><F98/><W28/><G28/><T27/><D27/><U6/><E45/><V83/><F26/><W119/><G119/><T126/><D126/><U23/><E127/><V51/><F83/><W15/><G15/><T10/><D10/><U80/><E71/><V41/><F11/><W86/><G86/><T116/><D116/><U79/><E121/><V97/><F12/><RYUUKYOKU ba="0,1" sc="245,15,287,-15,277,-15,181,15" hai0="24,30,35,75,77,81,110,111,132,134" hai3="17,20,25,36,39,58,60,89,90,91,94,96,100" /><INIT seed="3,1,1,2,1,21" ten="260,272,262,196" oya="3" hai0="11,101,40,47,118,8,42,127,120,65,23,130,83" hai1="89,131,51,16,46,122,15,110,74,84,6,61,75" hai2="2,60,107,125,45,4,30,62,133,41,86,71,13" hai3="78,10,56,44,94,53,58,115,134,28,100,63,92"/><W97/><G115/><T20/><D118/><U117/><E117/><V128/><F128/><W88/><G134/><T0/><D130/><U121/><E131/><V111/><F111/><W135/><G135/><T105/><D65/><U25/><E110/><V70/><F125/><W96/><G78/><T55/><D105/><U18/><E6/><V116/><F107/><W112/><G112/><T26/><D101/><U68/><E75/><V106/><F106/><W126/><G126/><T82/><D127/><U12/><E74/><V29/><F133/><W102/><G10/><T50/><D23/><U54/><E61/><V14/><F86/><W80/><G28/><T57/><D40/><U49/><E68/><V123/><F116/><W90/><G80/><N who="0" m="30763" /><D0/><U95/><E51/><V48/><F2/><W91/><G58/><T43/><D43/><U119/><E119/><V66/><F123/><W34/><G34/><T129/><D120/><U93/><E93/><V98/><F98/><W36/><G36/><T27/><D20/><N who="1" m="13447" /><E122/><V59/><F4/><W1/><G1/><T77/><D77/><U87/><E12/><V33/><F13/><W103/><REACH who="3" step="1"/><G100/><REACH who="3" ten="260,272,262,186" step="2"/><T76/><D76/><U109/><E121/><V113/><F59/><W24/><G24/><N who="0" m="9259" /><D129/><U5/><E109/><V9/><F113/><W35/><G35/><T108/><D108/><U99/><E5/><V7/><F33/><W3/><G3/><T114/><D114/><U32/><E32/><V31/><F31/><W124/><G124/><T19/><D19/><U132/><E132/><V64/><AGARI ba="1,2" hai="7,9,14,29,30,41,45,48,60,62,64,66,70,71" machi="64" ten="30,2000,0" yaku="0,1,9,1" doraHai="21" who="2" fromWho="2" sc="260,-6,272,-6,262,43,186,-11" /><INIT seed="4,0,0,2,1,49" ten="254,266,305,175" oya="0" hai0="20,121,32,10,79,29,77,58,75,123,42,48,83" hai1="126,101,68,119,0,11,19,109,129,82,14,60,85" hai2="17,41,7,128,28,35,53,98,44,34,113,70,16" hai3="33,62,69,80,117,90,89,92,30,134,73,54,115"/><T50/><D32/><U6/><E109/><V47/><F113/><W132/><G117/><T13/><D79/><U57/><E119/><V36/><F128/><W114/><G30/><T12/><D48/><U74/><E126/><V112/><F112/><N who="3" m="43051" /><G33/><T96/><D96/><U120/><E120/><V55/><F70/><W105/><G69/><T63/><D42/><U91/><E129/><V95/><F7/><W46/><G105/><T103/><D103/><U9/><E68/><V66/><F66/><W31/><G31/><T116/><D50/><U72/><REACH who="1" step="1"/><E101/><REACH who="1" ten="254,256,305,175" step="2"/><V21/><F35/><W59/><G46/><T97/><D116/><U23/><E23/><V22/><F34/><W65/><G134/><T99/><D121/><U2/><E2/><V122/><F22/><W67/><G132/><T61/><D123/><U8/><E8/><V111/><F111/><W64/><G73/><T100/><D100/><U81/><E81/><V104/><F122/><W43/><G80/><T39/><D10/><U135/><E135/><V106/><F47/><W24/><G24/><T131/><D131/><U25/><E25/><V130/><F21/><W1/><G1/><T26/><D20/><U5/><E5/><V107/><F44/><W45/><G92/><T93/><D93/><U125/><E125/><V87/><F130/><W94/><G94/><T124/><D124/><U52/><AGARI ba="0,1" hai="0,6,9,11,14,19,52,57,60,72,74,82,85,91" machi="52" ten="20,12000,2" yaku="1,1,0,1,7,1,52,1,54,1,53,1" doraHai="49" doraHaiUra="15" who="1" fromWho="1" sc="254,-60,256,130,305,-30,175,-30" /><INIT seed="5,0,0,2,0,86" ten="194,386,275,145" oya="1" hai0="55,131,113,93,22,60,135,12,42,67,134,26,114" hai1="39,117,124,98,80,49,24,40,68,50,107,69,7" hai2="75,41,28,132,72,82,58,118,102,127,8,96,53" hai3="89,11,29,33,128,74,110,18,1,10,119,19,61"/><U45/><E7/><V105/><F127/><W34/><G74/><T91/><D12/><U103/><E124/><V111/><F111/><W109/><G61/><T21/><D55/><U79/><E117/><V126/><F132/><N who="0" m="50730" /><D42/><U48/><REACH who="1" step="1"/><E24/><REACH who="1" ten="194,376,275,145" step="2"/><V14/><F126/><W44/><G119/><T47/><D26/><U122/><E122/><V51/><F118/><W35/><G109/><T94/><D113/><U70/><E70/><V38/><F38/><W3/><G110/><T32/><D114/><U16/><E16/><V101/><F28/><W90/><G29/><T121/><D121/><U92/><E92/><V120/><F120/><W23/><G19/><T104/><D93/><U15/><E15/><V66/><F14/><W59/><G3/><T30/><D94/><U76/><E76/><V100/><F105/><W5/><G5/><T52/><D104/><U65/><E65/><V36/><F66/><W99/><G1/><T83/><D67/><U123/><E123/><V108/><F36/><W130/><G130/><T77/><D77/><U46/><E46/><V2/><F2/><W4/><G4/><T63/><D47/><U116/><E116/><V27/><F27/><N who="3" m="14839" /><G44/><T64/><D131/><U84/><AGARI ba="0,1" hai="39,40,45,48,49,50,68,69,79,80,84,98,103,107" machi="84" ten="30,3000,0" yaku="1,1,0,1,53,0" doraHai="86" doraHaiUra="17" who="1" fromWho="1" sc="194,-10,376,40,275,-10,145,-10" /><INIT seed="5,1,0,3,5,32" ten="184,416,265,135" oya="1" hai0="130,50,93,7,64,109,23,57,36,82,58,1,124" hai1="83,63,101,122,54,132,62,89,97,135,107,80,60" hai2="117,39,46,3,67,74,108,76,15,61,33,12,79" hai3="99,125,94,30,5,20,102,65,113,88,13,27,84"/><U126/><E122/><V70/><F108/><W34/><G113/><T42/><D109/><U105/><E105/><V81/><F117/><W40/><G125/><T19/><D36/><U111/><E111/><V114/><F114/><W38/><G65/><T120/><D130/><U106/><E106/><V41/><F79/><W16/><G38/><T78/><D124/><U131/><E126/><V2/><REACH who="2" step="1"/><F33/><REACH who="2" ten="184,416,255,135" step="2"/><W35/><G5/><T37/><D78/><U9/><E131/><V116/><F116/><W104/><REACH who="3" step="1"/><G40/><REACH who="3" ten="184,416,255,125" step="2"/><T51/><D42/><U6/><E135/><V10/><F10/><AGARI ba="1,2" hai="10,13,16,20,27,30,34,35,84,88,94,99,102,104" machi="10" ten="30,12000,2" yaku="1,1,2,1,7,1,54,2,53,1" doraHai="32" doraHaiUra="21" who="3" fromWho="2" sc="184,0,416,0,255,-123,125,143" /><INIT seed="6,0,0,5,5,7" ten="184,416,132,268" oya="2" hai0="120,4,21,12,85,51,44,34,130,33,117,1,81" hai1="127,96,65,135,23,46,5,47,71,31,68,61,88" hai2="78,6,109,75,107,15,11,77,28,121,60,42,36" hai3="97,133,64,41,79,91,94,49,19,73,26,113,2"/><V69/><F121/><W105/><G2/><T56/><D120/><U29/><E127/><V106/><F109/><W3/><G3/><T108/><D130/><U48/><E71/><V131/><F131/><W110/><G110/><T43/><D117/><U45/><E5/><V90/><F28/><W103/><G64/><T76/><D108/><U53/><E135/><V16/><F69/><W63/><G63/><T122/><D122/><U66/><E66/><V104/><F60/><W20/><G133/><T62/><D1/><U129/><E129/><V52/><F90/><W87/><G113/><T82/><D82/><U115/><E115/><V100/><F100/><W14/><G41/><T57/><D57/><U50/><E50/><V59/><F42/><W119/><G49/><T25/><D12/><U132/><E29/><V126/><F36/><W67/><G67/><T128/><D4/><U134/><E134/><V111/><F111/><W24/><G119/><T93/><D93/><U102/><E88/><V114/><F114/><W27/><G27/><T101/><D101/><U32/><E23/><V10/><F126/><W39/><G39/><T30/><REACH who="0" step="1"/><D128/><REACH who="0" ten="174,416,132,268" step="2"/><U116/><E116/><V22/><F75/><W83/><AGARI ba="0,1" hai="14,19,20,24,26,73,79,83,87,91,94,97,103,105" machi="83" ten="30,4000,0" yaku="0,1,24,2" doraHai="7" who="3" fromWho="3" sc="174,-10,416,-10,132,-20,268,50" /><INIT seed="7,0,0,5,0,54" ten="164,406,112,318" oya="3" hai0="9,78,46,23,40,99,55,6,127,58,118,32,39" hai1="13,10,37,4,68,52,22,75,45,126,91,34,67" hai2="131,88,24,18,30,63,102,20,47,128,73,108,82" hai3="112,61,92,129,49,8,12,64,19,81,71,21,133"/><W106/><G106/><T27/><D127/><U66/><E34/><V86/><F108/><W123/><G123/><T98/><D78/><U38/><E75/><V105/><F73/><W109/><G112/><T65/><D65/><U116/><E38/><V104/><F47/><W1/><G109/><T60/><D32/><U35/><E35/><V125/><F125/><W101/><G81/><T119/><D99/><U89/><E68/><V134/><F134/><W51/><G133/><T43/><D98/><U83/><E37/><V5/><F5/><W121/><G121/><T100/><D100/><U26/><E116/><V31/><F31/><W111/><G129/><T29/><D40/><U117/><E117/><V74/><F74/><W0/><G0/><AGARI ba="0,0" hai="0,6,9,23,27,29,39,43,46,55,58,60,118,119" machi="0" ten="30,2000,0" yaku="7,1,52,1" doraHai="54" who="0" fromWho="3" sc="164,20,406,0,112,0,318,-20" owari="184,-22.0,406,51.0,112,-39.0,298,10.0" /></mjloggm>