<mjloggm ver="2.3"><GO type="41" lobby="0"/><UN n0="%74%61%6D%69%70%61%32" n1="%41%73%68%79%65" n2="%28%3D%5E%CF%89%5E%3D%29" n3="%E2%93%9D%53%75%70%68%78" dan="14,14,15,17" rate="1869.75,1914.48,2018.37,2054.61" sx="M,M,F,M"/><TAIKYOKU oya="0"/><INIT seed="0,0,0,2,4,14" ten="250,250,250,250" oya="0" hai0="5,37,91,21,73,12,86,84,19,128,60,6,33" hai1="110,20,49,112,131,47,29,18,3,41,58,35,107" hai2="133,61,97,135,81,34,132,27,55,105,92,67,130" hai3="85,0,88,70,50,123,98,66,38,129,125,119,2"/><T127/><D73/><U122/><E110/><V45/><F130/><W1/><G119/><T80/><D37/><U114/><E122/><V83/><F105/><W111/><G38/><T54/><D128/><U115/><E107/><V53/><F34/><W79/><G125/><T99/><D33/><U46/><E3/><V72/><F27/><W44/><G111/><T28/><D28/><U126/><E126/><V17/><F17/><W32/><G79/><T75/><D75/><U64/><E35/><V57/><F72/><W39/><G39/><T4/><D99/><U63/><E29/><V43/><F43/><W109/><G123/><T24/><D86/><U76/><E47/><V59/><F45/><W82/><G109/><T124/><D124/><U118/><E76/><V52/><REACH who="2" step="1"/><F59/><REACH who="2" ten="250,250,240,250" step="2"/><W93/><G129/><T13/><D127/><U120/><E131/><V102/><AGARI ba="0,1" hai="52,53,55,57,61,67,81,83,92,97,102,132,133,135" machi="102" ten="40,12000,2" yaku="1,1,2,1,0,1,20,1,54,1,53,1" doraHai="14" doraHaiUra="95" who="2" fromWho="2" sc="250,-60,250,-30,240,130,250,-30" /><INIT seed="1,0,0,4,4,62" ten="190,220,370,220" oya="1" hai0="52,118,32,124,74,115,49,18,113,43,35,82,83" hai1="121,5,30,110,108,11,63,114,132,65,102,25,93" hai2="28,97,123,2,130,42,119,96,126,8,105,101,98" hai3="10,4,31,57,117,40,100,60,133,104,89,34,17"/><U84/><E121/><V106/><F123/><W135/><G40/><T94/><D124/><U64/><E132/><V66/><F119/><W19/><G117/><T39/><D43/><U27/><E114/><V58/><F126/><W125/><G125/><T29/><D118/><U1/><E63/><V54/><F130/><W78/><G78/><T45/><D39/><U0/><E0/><V73/><F73/><W14/><G89/><T77/><D83/><U38/><E38/><V59/><F42/><W107/><G31/><T131/><D131/><U20/><E27/><V37/><F37/><W61/><G61/><T44/><D44/><U127/><E127/><V22/><F66/><W48/><G48/><T55/><D55/><U116/><E116/><V81/><F81/><W95/><G34/><T9/><D32/><U79/><E79/><V109/><F109/><N who="1" m="42089" /><E84/><V72/><F72/><W128/><G128/><T92/><D113/><U26/><E26/><V56/><F54/><W91/><G135/><T134/><D134/><U87/><E87/><V75/><F75/><W76/><G76/><T120/><D120/><U53/><E53/><V50/><F50/><W80/><G133/><T70/><D70/><U90/><E90/><V86/><F86/><N who="3" m="50631" /><G60/><T3/><D3/><U16/><E30/><V21/><F28/><W68/><G68/><T99/><D29/><U69/><E69/><V33/><F33/><W12/><G57/><T111/><D35/><U36/><E36/><V41/><F41/><W13/><G13/><T6/><D111/><U112/><E112/><V71/><F71/><RYUUKYOKU ba="0,0" sc="190,-10,220,30,370,-10,220,-10" hai1="1,5,11,16,20,25,64,65,93,102" /><INIT seed="1,1,0,1,0,107" ten="180,250,360,210" oya="1" hai0="54,127,81,45,26,82,134,98,117,70,125,129,104" hai1="130,86,101,60,131,92,94,75,95,24,29,47,120" hai2="126,72,80,1,112,77,121,22,11,83,30,58,106" hai3="7,12,118,66,46,115,67,91,44,53,113,20,84"/><U110/><E120/><V56/><F121/><W33/><G33/><T87/><D70/><U105/><E47/><V128/><F106/><W31/><G118/><T74/><D54/><U111/><E60/><V39/><F39/><W9/><G115/><T34/><D26/><U4/><E4/><V76/><F112/><W48/><G113/><T88/><D34/><U41/><E41/><V89/><F89/><W28/><G46/><T123/><D45/><U108/><E24/><V109/><F109/><W50/><G50/><T63/><D63/><U61/><E61/><V93/><F93/><W97/><G97/><T100/><D123/><U102/><E29/><N who="3" m="11338" /><G20/><T51/><D51/><U21/><E21/><V38/><F38/><W52/><G53/><T79/><D117/><U37/><E37/><V36/><F36/><W99/><G99/><T32/><D32/><U116/><E116/><V43/><F43/><W73/><G73/><T2/><D2/><U64/><E64/><V124/><F22/><W114/><G114/><T18/><D18/><U57/><E57/><V27/><F27/><W16/><G7/><T133/><D129/><N who="1" m="49163" /><E75/><N who="2" m="43455" /><F30/><W3/><G3/><T35/><D35/><U68/><E68/><V42/><F42/><W135/><G135/><AGARI ba="1,0" hai="74,79,81,82,87,88,98,100,104,125,127,133,134,135" machi="135" ten="40,12000,2" yaku="20,1,34,3,52,1,54,1" doraHai="107" who="0" fromWho="3" sc="180,123,250,0,360,0,210,-123" /><INIT seed="2,0,0,2,2,33" ten="303,250,360,87" oya="2" hai0="119,57,11,9,82,128,101,84,6,28,87,86,79" hai1="38,110,133,83,111,30,95,24,35,61,70,116,47" hai2="118,27,55,12,20,125,26,17,77,1,64,73,54" hai3="2,45,96,94,100,42,23,31,93,92,58,98,108"/><V134/><F118/><W76/><G108/><N who="1" m="41514" /><E95/><V5/><F134/><W3/><G76/><T72/><D128/><U51/><E51/><V46/><F125/><W43/><G58/><T16/><D28/><U68/><E83/><V59/><F64/><W131/><G131/><T7/><D101/><U123/><E116/><V53/><F46/><W40/><G45/><T102/><D102/><U21/><E21/><V85/><F73/><W115/><G115/><T113/><D113/><U135/><E123/><V49/><F1/><W103/><G94/><T120/><D119/><U10/><E10/><N who="2" m="4175" /><F27/><AGARI ba="0,0" hai="2,3,23,27,31,40,42,43,92,93,96,98,100,103" machi="27" ten="40,5200,0" yaku="9,1,52,2" doraHai="33" who="3" fromWho="2" sc="303,0,250,0,360,-52,87,52" /><INIT seed="3,0,0,2,4,114" ten="303,250,308,139" oya="3" hai0="121,12,6,48,4,71,105,28,94,116,64,30,108" hai1="34,119,65,8,31,97,42,40,118,125,37,23,75" hai2="13,110,49,79,129,19,128,91,133,115,92,36,27" hai3="84,25,50,134,32,57,44,47,20,88,43,21,130"/><W85/><G130/><N who="2" m="50281" /><F36/><W66/><G134/><T76/><D105/><U93/><E75/><V86/><F115/><W59/><G32/><T53/><D121/><U124/><E34/><V1/><F1/><W10/><G85/><T61/><D108/><U54/><E8/><V5/><F110/><W90/><G10/><T62/><D76/><U74/><E74/><V117/><F133/><W24/><G66/><T87/><D62/><U14/><E65/><V3/><F3/><W51/><G84/><T0/><D0/><U96/><E54/><V101/><F5/><W103/><G103/><T39/><D39/><U46/><E40/><AGARI ba="0,0" hai="20,21,24,25,40,43,44,47,50,51,57,59,88,90" machi="40" ten="25,9600,0" yaku="22,2,8,1,54,1" doraHai="114" who="3" fromWho="1" sc="303,0,250,-96,308,0,139,96" /><INIT seed="3,1,0,0,5,91" ten="303,154,308,235" oya="3" hai0="77,72,63,98,29,108,52,86,87,38,119,59,8" hai1="61,2,68,17,130,56,102,123,115,16,26,95,67" hai2="60,126,27,109,62,0,41,82,5,90,70,78,33" hai3="31,104,37,21,57,124,111,10,58,19,14,103,100"/><W3/><G37/><T25/><D108/><U66/><E123/><V64/><F109/><W40/><G111/><T101/><D38/><U131/><E2/><V30/><F126/><W36/><G124/><T39/><D39/><U133/><E115/><V35/><F41/><W121/><G121/><T53/><D119/><U48/><E133/><V120/><F120/><W127/><G127/><T105/><D8/><U11/><E11/><V43/><F43/><W24/><G104/><T76/><D76/><U107/><E107/><V49/><F49/><W114/><G114/><T73/><D53/><U92/><E102/><V80/><F62/><W15/><G3/><T45/><D45/><U55/><E67/><V20/><F5/><W54/><G58/><T93/><D105/><U6/><E6/><V88/><F0/><W79/><G79/><T83/><REACH who="0" step="1"/><D73/><REACH who="0" ten="293,154,308,235" step="2"/><U89/><E130/><V50/><F78/><W7/><G36/><T69/><D69/><U84/><E131/><V113/><F113/><W23/><REACH who="3" step="1"/><G40/><REACH who="3" ten="293,154,308,225" step="2"/><T9/><D9/><U128/><E128/><V110/><F110/><W71/><G71/><T74/><D74/><U51/><E68/><V112/><F112/><W44/><G44/><T22/><AGARI ba="1,2" hai="22,25,29,52,59,63,72,77,83,86,87,93,98,101" machi="22" ten="20,8000,1" yaku="1,1,0,1,7,1,52,1,54,1,53,0" doraHai="91" doraHaiUra="85" who="0" fromWho="0" sc="293,103,154,-21,308,-21,225,-41" /><INIT seed="4,0,0,1,3,53" ten="396,133,287,184" oya="0" hai0="84,123,108,85,69,118,68,121,52,59,30,49,28" hai1="119,40,56,127,75,107,122,55,124,57,13,33,34" hai2="72,31,126,105,19,93,11,22,14,109,73,7,43" hai3="130,116,70,99,77,36,106,74,48,32,76,94,1"/><T115/><D118/><U18/><E122/><V135/><F105/><W51/><G116/><T58/><D115/><U132/><E107/><V82/><F109/><W50/><G36/><T44/><D108/><U47/><E119/><V87/><F135/><W38/><G38/><T3/><D3/><U96/><E75/><V6/><F126/><N who="1" m="48169" /><E96/><V16/><F43/><W66/><G32/><N who="1" m="12394" /><E55/><V10/><F93/><W12/><G74/><T63/><D44/><U103/><E103/><V98/><F98/><W71/><G106/><T131/><D52/><U102/><E102/><V113/><F113/><W26/><G99/><T78/><D49/><N who="1" m="26855" /><E132/><V111/><F111/><W120/><G51/><T64/><D64/><U8/><AGARI ba="0,0" hai="8,13,18,56,57" m="26855,12394,48169" machi="8" ten="30,4000,0" yaku="18,1,52,2" doraHai="53" who="1" fromWho="1" sc="396,-20,133,40,287,-10,184,-10" /><INIT seed="5,0,0,1,1,67" ten="376,173,277,174" oya="1" hai0="55,0,2,19,35,20,70,32,22,76,15,80,84" hai1="51,126,56,64,73,93,23,101,121,106,75,62,49" hai2="86,122,14,129,104,87,57,95,29,74,40,105,71" hai3="21,92,53,119,9,58,61,60,131,107,41,44,134"/><U77/><E121/><V69/><F74/><W13/><G107/><T72/><D70/><U34/><E126/><V109/><F109/><W3/><G131/><T78/><D72/><U108/><E106/><V54/><F122/><W47/><G3/><T124/><D124/><U111/><E34/><V17/><F40/><W10/><G134/><T59/><D78/><U102/><E73/><V33/><F129/><W50/><G119/><T63/><REACH who="0" step="1"/><D22/><REACH who="0" ten="366,173,277,174" step="2"/><U113/><E77/><V39/><F71/><W100/><G21/><T96/><D96/><U123/><E75/><V115/><F69/><W127/><G127/><T4/><D4/><U79/><E79/><V43/><F33/><AGARI ba="0,1" hai="0,2,15,19,20,32,33,35,55,59,63,76,80,84" machi="33" ten="40,1300,0" yaku="1,1,53,0" doraHai="67" doraHaiUra="7" who="0" fromWho="2" sc="366,23,173,0,277,-13,174,0" /><INIT seed="6,0,0,3,1,1" ten="389,173,264,174" oya="2" hai0="13,72,35,127,125,66,9,129,26,42,117,87,40" hai1="85,114,33,100,0,105,106,63,11,53,113,52,7" hai2="97,60,73,89,108,78,48,116,133,2,12,3,81" hai3="45,5,132,58,120,70,31,23,77,76,74,88,21"/><V104/><F116/><W62/><G70/><T17/><D72/><U6/><E33/><V103/><F133/><W75/><G120/><T111/><D111/><U121/><E121/><V124/><F124/><N who="0" m="47690" /><D129/><U95/><E85/><V118/><F118/><W86/><G132/><T99/><D66/><U134/><E134/><V82/><F108/><W50/><G75/><T30/><D117/><U128/><E128/><V44/><F60/><W92/><G5/><T119/><D119/><U90/><E7/><V101/><F101/><W91/><G91/><T130/><D130/><U65/><E100/><V109/><F109/><W29/><G74/><T79/><D99/><U16/><E16/><V49/><F49/><W24/><G23/><T22/><D35/><U47/><E47/><V8/><F82/><AGARI ba="0,0" hai="9,13,17,22,26,30,40,42,79,82,87" m="47690" machi="82" ten="30,1000,0" yaku="18,1" doraHai="1" who="0" fromWho="2" sc="389,10,173,0,264,-10,174,0" /><INIT seed="7,0,0,1,4,72" ten="399,173,254,174" oya="3" hai0="121,19,68,36,41,110,4,81,106,53,116,35,24" hai1="115,43,40,31,33,125,38,135,120,122,101,88,23" hai2="67,61,44,75,1,3,99,12,54,6,65,91,9" hai3="2,133,26,80,132,130,131,21,50,62,92,13,32"/><W37/><G37/><T58/><D106/><U76/><E33/><V48/><F75/><W97/><G2/><T70/><D4/><U89/><E115/><V11/><F67/><W47/><G13/><T18/><D110/><U64/><E135/><N who="3" m="51786" /><G62/><T63/><D121/><U85/><E125/><V7/><F12/><W15/><G80/><T39/><D39/><U69/><E101/><V74/><F74/><W56/><G56/><T29/><D41/><U59/><E69/><V124/><F124/><W123/><G15/><T126/><D36/><U109/><E109/><V129/><F129/><N who="3" m="49163" /><G32/><T127/><D116/><U17/><E38/><V108/><F108/><W113/><G123/><T128/><D128/><U93/><E122/><V55/><F61/><W95/><G97/><T57/><D70/><U100/><E120/><V111/><F111/><W66/><G66/><T82/><D68/><U42/><E64/><V30/><F65/><W27/><G113/><T60/><D126/><U45/><E59/><V10/><F10/><W5/><G5/><T94/><D94/><N who="3" m="35881" /><G21/><T79/><D82/><N who="1" m="47303" /><E45/><V20/><F20/><W52/><AGARI ba="0,0" hai="26,27,47,50,52" m="35881,49163,51786" machi="52" ten="40,7800,0" yaku="20,1,19,1,54,1" doraHai="72" who="3" fromWho="3" sc="399,-26,173,-26,254,-26,174,78" /><INIT seed="7,1,0,3,1,34" ten="373,147,228,252" oya="3" hai0="17,109,119,104,11,28,114,14,97,4,21,106,118" hai1="115,55,59,15,52,45,103,46,5,102,95,56,129" hai2="48,9,23,41,121,31,105,135,96,3,33,112,98" hai3="64,35,122,58,66,113,125,49,40,0,131,68,117"/><W37/><RYUUKYOKU type="yao9" ba="1,0" sc="373,0,147,0,228,0,252,0" hai3="0,35,37,40,49,58,64,66,68,113,117,122,125,131" /><INIT seed="7,2,0,1,1,87" ten="373,147,228,252" oya="3" hai0="81,53,6,78,120,14,73,72,10,132,54,116,19" hai1="126,24,38,48,129,5,111,107,80,15,47,25,60" hai2="33,30,34,113,18,97,7,66,20,69,133,121,59" hai3="27,58,56,44,85,76,83,70,71,94,84,36,125"/><W17/><G125/><T74/><D120/><U61/><E111/><V28/><F69/><W103/><G71/><T124/><D132/><U77/><E126/><V96/><F133/><W130/><G70/><T114/><D116/><U68/><E38/><V119/><F119/><W105/><G130/><T91/><D114/><U11/><E107/><V135/><F135/><W49/><G105/><T51/><D54/><U118/><E129/><V13/><F113/><W106/><G36/><T65/><D65/><U16/><E118/><V128/><F128/><W98/><G106/><T39/><D39/><U102/><E102/><V109/><F109/><W95/><G27/><T67/><D67/><U112/><E112/><V122/><F7/><W93/><G17/><T123/><D123/><N who="2" m="47114" /><F59/><N who="3" m="22571" /><G85/><T82/><D6/><U31/><E68/><V89/><F66/><W22/><G22/><T79/><D73/><U100/><E100/><V35/><F97/><W64/><G64/><T92/><D124/><U52/><E25/><V63/><F63/><W29/><G29/><T86/><D53/><AGARI ba="2,0" hai="44,49,53,76,83,84,93,94,95,98,103" m="22571" machi="53" ten="30,1500,0" yaku="8,1" doraHai="87" who="3" fromWho="0" sc="373,-21,147,0,228,0,252,21" /><INIT seed="7,3,0,5,0,113" ten="352,147,228,273" oya="3" hai0="30,48,122,27,33,114,31,29,76,51,63,13,115" hai1="44,40,129,96,80,6,98,24,93,84,125,15,58" hai2="99,133,65,102,77,14,87,19,7,12,124,82,126" hai3="57,43,53,49,16,95,85,9,71,109,60,11,134"/><W120/><G120/><T117/><D122/><U25/><E129/><V111/><F111/><W91/><G134/><T36/><D36/><U20/><E125/><N who="2" m="48235" /><F133/><W100/><G109/><T42/><D76/><U62/><E6/><V103/><F65/><W64/><G100/><T78/><D78/><U39/><E15/><V41/><F41/><W47/><REACH who="3" step="1"/><G16/><REACH who="3" ten="352,147,228,263" step="2"/><T18/><D18/><U83/><E24/><V89/><F19/><W73/><G73/><T35/><D27/><U108/><E108/><V28/><F103/><W94/><G94/><T131/><D131/><U121/><E121/><V55/><F102/><W17/><G17/><T81/><D31/><U128/><E128/><V72/><F28/><W90/><G90/><T101/><D29/><U105/><E105/><V119/><F89/><W52/><G52/><T74/><D30/><U70/><E93/><V38/><F55/><W106/><G106/><T26/><D26/><U97/><E83/><V79/><F82/><W54/><G54/><T50/><D81/><U45/><E80/><V1/><F72/><W23/><G23/><T10/><D74/><U22/><E25/><V116/><F79/><W112/><G112/><T110/><D115/><U56/><E45/><V4/><F77/><W66/><G66/><T130/><D101/><U59/><E84/><V5/><F87/><W67/><G67/><T21/><D130/><U32/><E32/><V69/><F99/><W2/><G2/><T123/><D114/><U68/><E62/><AGARI ba="3,1" hai="9,11,43,47,49,53,57,60,62,64,71,85,91,95" machi="62" ten="30,5800,0" yaku="1,1,7,1,53,1" doraHai="113" doraHaiUra="46" who="3" fromWho="1" sc="352,0,147,-67,228,0,263,77" /><INIT seed="7,4,0,4,2,36" ten="352,80,228,340" oya="3" hai0="94,29,23,102,106,133,61,88,2,86,96,8,72" hai1="9,13,73,128,70,49,114,100,87,130,41,103,60" hai2="30,84,127,125,104,135,118,129,39,76,3,126,47" hai3="69,112,57,78,43,46,77,55,40,120,93,50,45"/><W38/><G120/><T59/><D133/><U105/><E73/><V95/><F3/><W0/><G0/><T134/><D134/><U22/><E105/><V92/><F30/><W16/><G69/><T35/><D35/><U33/><E33/><V113/><F135/><W65/><G112/><T81/><D2/><U25/><E114/><V99/><F113/><W119/><G119/><T90/><D8/><U11/><E70/><V131/><F47/><N who="3" m="28127" /><G38/><T115/><D115/><U26/><E60/><V7/><F7/><W83/><G93/><N who="2" m="35913" /><F39/><W6/><G6/><T75/><D23/><U48/><E87/><V97/><F118/><W15/><G46/><T14/><D14/><U71/><E71/><V107/><F84/><N who="3" m="48239" /><G45/><T28/><D75/><U56/><E56/><V19/><F19/><W101/><G101/><T27/><D72/><U117/><E117/><V116/><F76/><W111/><G78/><T64/><D27/><U21/><REACH who="1" step="1"/><E13/><REACH who="1" ten="352,70,228,340" step="2"/><V44/><F116/><W121/><G121/><T124/><D106/><N who="2" m="40490" /><F44/><W98/><G111/><T66/><D59/><U31/><E31/><V74/><F74/><W82/><G98/><AGARI ba="4,1" hai="97,98,99,125,126,127,129,131" m="40490,35913" machi="98" ten="40,8000,1" yaku="28,2,18,1,34,2" doraHai="36" who="2" fromWho="3" sc="352,0,70,0,228,102,340,-92" owari="352,45.0,70,-43.0,330,13.0,248,-15.0" /></mjloggm>