<mjloggm ver="2.3"><GO type="41" lobby="0"/><UN n0="%43%68%69%6B%61%72%61%62" n1="%E3%83%86%E3%82%A3%E3%83%A2%E5%A4%AA%E9%83%8E" n2="%E8%A5%BF%E6%9D%91%E5%81%A5" n3="%E2%93%9D%53%75%70%68%78" dan="13,14,15,18" rate="1895.78,1904.96,2050.76,2126.92" sx="M,M,M,M"/><TAIKYOKU oya="0"/><INIT seed="0,0,0,2,3,113" ten="250,250,250,250" oya="0" hai0="22,70,2,13,98,126,50,72,76,37,68,36,92" hai1="3,108,23,74,49,109,80,82,7,75,4,100,61" hai2="96,44,69,115,28,31,119,133,42,129,65,51,20" hai3="45,41,122,84,132,10,17,34,57,62,97,71,14"/><T90/><D2/><U26/><E100/><V107/><F115/><W121/><G34/><T101/><D126/><U67/><E49/><V94/><F107/><W18/><G71/><T30/><D70/><U131/><E131/><V127/><F129/><W0/><G0/><T1/><D68/><U47/><E47/><V114/><F114/><W19/><G84/><T16/><D1/><U39/><E39/><V5/><F5/><N who="1" m="2121" /><E3/><V12/><F69/><W79/><G79/><T83/><D30/><N who="1" m="17759" /><E61/><V118/><F65/><W77/><G77/><T135/><D135/><U6/><N who="1" m="2129" /><U120/><DORA hai="53" /><E67/><V93/><F133/><W9/><G97/><T87/><REACH who="0" step="1"/><D50/><REACH who="0" ten="240,250,250,250" step="2"/><U125/><E125/><V110/><F31/><W123/><G132/><T33/><D33/><U59/><E120/><V64/><F127/><W117/><G123/><T56/><D56/><U86/><E59/><V73/><F28/><W85/><G122/><T134/><D134/><U104/><E74/><V43/><F73/><W15/><G121/><T89/><D89/><U81/><E75/><V35/><F35/><W130/><G130/><T124/><D124/><U102/><E102/><V99/><F51/><W78/><G57/><T38/><D38/><U29/><E29/><V46/><F46/><W27/><G45/><T11/><D11/><U106/><E86/><V66/><F44/><W58/><G85/><T8/><D8/><U91/><E91/><V48/><F48/><W25/><G10/><T54/><D54/><U105/><E109/><V112/><F110/><W95/><G9/><T55/><D55/><RYUUKYOKU ba="0,1" sc="240,15,250,15,250,-15,250,-15" hai0="13,16,22,36,37,72,76,83,87,90,92,98,101" hai1="80,81,82,104,105,106,108" /><INIT seed="0,1,1,2,5,45" ten="255,265,235,235" oya="0" hai0="111,61,12,70,49,47,25,91,34,98,42,17,118" hai1="103,8,29,92,128,84,6,123,134,20,23,87,105" hai2="131,86,41,16,80,27,32,55,125,44,31,76,28" hai3="108,7,67,22,68,101,63,99,112,38,21,66,117"/><T65/><D118/><U120/><E128/><V113/><F113/><W26/><G112/><T115/><D115/><U51/><E134/><V94/><F125/><W0/><G38/><T82/><D111/><U15/><E105/><V10/><F131/><W127/><G117/><T13/><D34/><U81/><E120/><V9/><F55/><W104/><G67/><T57/><D70/><U126/><E126/><V52/><F94/><W72/><G127/><T1/><D1/><U97/><E29/><V48/><F31/><W116/><G72/><T95/><D82/><U114/><E114/><V4/><F4/><W75/><G75/><T107/><D107/><U53/><E123/><V77/><F77/><W69/><G69/><T11/><D25/><U79/><REACH who="1" step="1"/><E87/><REACH who="1" ten="255,255,235,235" step="2"/><V83/><F83/><W130/><G130/><T62/><D62/><U88/><E88/><V78/><F76/><W129/><G129/><T33/><D33/><U19/><E19/><V36/><REACH who="2" step="1"/><F16/><REACH who="2" ten="255,255,225,235" step="2"/><W46/><G116/><T2/><D2/><U64/><E64/><V85/><F85/><W14/><G66/><T96/><D13/><U122/><E122/><V5/><F5/><W119/><G14/><T135/><D135/><U106/><E106/><V40/><F40/><W43/><G119/><T93/><D93/><U54/><E54/><V132/><F132/><W3/><G3/><T89/><D89/><U102/><E102/><V35/><F35/><W110/><G0/><T90/><D90/><U121/><E121/><V37/><F37/><N who="3" m="21871" /><G7/><T56/><D96/><U24/><E24/><V100/><F100/><RYUUKYOKU ba="1,3" sc="255,10,255,10,225,10,235,-30" hai0="11,12,17,42,47,49,56,57,61,65,91,95,98" hai1="6,8,15,20,23,51,53,79,81,84,92,97,103" hai2="9,10,27,28,32,36,41,44,48,52,78,80,86" /><INIT seed="0,2,3,0,4,78" ten="265,265,235,205" oya="0" hai0="34,56,41,14,9,46,12,26,54,75,33,107,5" hai1="55,11,100,61,95,18,15,80,69,74,52,48,37" hai2="93,7,133,6,19,121,89,47,94,71,30,59,13" hai3="119,109,124,29,87,118,49,116,83,16,32,31,27"/><T23/><D75/><U21/><E37/><V91/><F71/><W110/><G124/><T73/><D73/><U62/><E74/><V76/><F76/><W57/><G31/><T128/><D107/><U79/><E69/><V108/><F30/><W98/><G98/><T45/><D128/><U65/><E55/><V132/><F121/><W60/><G49/><T39/><D45/><N who="1" m="27663" /><E65/><V90/><F47/><W68/><G68/><T102/><D102/><U82/><E79/><V67/><F108/><N who="3" m="41579" /><G16/><T1/><D34/><U2/><E2/><V72/><F72/><W106/><G106/><T130/><D33/><U58/><E58/><V40/><F40/><W20/><G32/><T50/><D130/><U53/><E53/><V105/><F105/><W122/><G122/><T112/><D112/><U120/><E120/><V135/><F6/><W22/><G22/><T81/><D81/><N who="1" m="31339" /><E21/><N who="2" m="11503" /><F59/><W129/><G129/><T77/><D77/><U28/><E28/><AGARI ba="2,3" hai="1,5,9,12,14,23,26,28,39,41,46,50,54,56" machi="28" ten="30,1500,0" yaku="7,1" doraHai="78" who="0" fromWho="1" sc="265,51,265,-21,235,0,205,0" /><INIT seed="0,3,0,2,0,15" ten="316,244,235,205" oya="0" hai0="4,78,131,21,99,34,29,135,116,52,73,124,69" hai1="1,25,9,81,118,59,92,36,106,70,87,23,62" hai2="43,109,35,7,79,17,107,54,111,89,13,132,76" hai3="74,45,85,72,64,104,77,105,40,119,95,134,37"/><T75/><D69/><U47/><E106/><V112/><F107/><W42/><G119/><T14/><D116/><U108/><E108/><V27/><F112/><W44/><G64/><T63/><D124/><U58/><E118/><V121/><F7/><W114/><G114/><T2/><D131/><U60/><E70/><V94/><F43/><W12/><G134/><T125/><D125/><U115/><E115/><V41/><F41/><W93/><G12/><T6/><D135/><U10/><E1/><V130/><F132/><W91/><G77/><T46/><D6/><U55/><E92/><V51/><F121/><W128/><G128/><T86/><D99/><U103/><E103/><V126/><F126/><W61/><G61/><T30/><D2/><U33/><E33/><V98/><F130/><W56/><G56/><N who="0" m="35207" /><D73/><U67/><E47/><V66/><F66/><W80/><G74/><T53/><D75/><U71/><E36/><V16/><F35/><W100/><G72/><T110/><D34/><U129/><E71/><V90/><F90/><W133/><G133/><T101/><D101/><U49/><E49/><V50/><F50/><W38/><REACH who="3" step="1"/><G105/><REACH who="3" ten="316,244,235,195" step="2"/><T39/><D110/><N who="2" m="41994" /><F13/><W123/><G123/><T113/><D113/><U18/><E129/><V3/><F3/><W83/><G83/><T20/><D14/><U48/><E62/><V97/><F27/><W19/><G19/><N who="2" m="7241" /><F79/><AGARI ba="3,1" hai="9,10,18,23,25,48,55,58,59,60,67,79,81,87" machi="79" ten="30,3900,0" yaku="7,1,8,1,52,1" doraHai="15" who="1" fromWho="2" sc="316,0,244,58,235,-48,195,0" /><INIT seed="1,0,0,0,0,115" ten="316,302,187,195" oya="1" hai0="86,35,23,10,39,127,135,84,31,60,83,105,132" hai1="112,123,53,95,8,74,104,32,63,129,44,125,61" hai2="7,118,18,57,41,47,128,89,55,99,103,48,19" hai3="88,130,67,134,110,2,91,14,27,4,76,119,45"/><U78/><E95/><V36/><F128/><W37/><G130/><T120/><D39/><U106/><E8/><V98/><F7/><W28/><G110/><T114/><D35/><U64/><E112/><V101/><F89/><W24/><G76/><T69/><D114/><U107/><E129/><V1/><F1/><W9/><G134/><T59/><D69/><U16/><E32/><V50/><F36/><W93/><G67/><T96/><D120/><U126/><E123/><V85/><F85/><W58/><G58/><T109/><D109/><U113/><E113/><V25/><F25/><W102/><G27/><T42/><D42/><U121/><E121/><V21/><F21/><W90/><G119/><T111/><D111/><U124/><E16/><V17/><F118/><W79/><G79/><T117/><D10/><U3/><E3/><V116/><F116/><W12/><G102/><AGARI ba="0,0" hai="17,18,19,41,47,48,50,55,57,98,99,101,102,103" machi="102" ten="40,1300,0" yaku="8,1" doraHai="115" who="2" fromWho="3" sc="316,0,302,0,187,13,195,-13" /><INIT seed="2,0,0,0,0,29" ten="316,302,200,182" oya="2" hai0="19,4,113,114,80,134,20,32,89,81,132,15,58" hai1="125,66,62,28,56,5,128,122,126,96,76,73,9" hai2="109,25,67,110,1,8,53,42,18,27,39,105,85" hai3="17,49,11,129,35,106,47,54,101,71,3,75,123"/><V93/><F105/><W127/><G123/><T12/><D58/><U121/><E128/><V13/><F67/><W119/><G127/><N who="1" m="48650" /><E96/><V69/><F69/><W84/><G75/><T0/><D89/><U77/><E28/><V7/><F42/><W14/><G119/><T2/><D80/><N who="1" m="45071" /><E77/><V94/><F39/><W79/><G3/><AGARI ba="0,0" hai="3,5,9,56,62,66,121,122" m="45071,48650" machi="3" ten="30,1000,0" yaku="18,1" doraHai="29" who="1" fromWho="3" sc="316,0,302,10,200,0,182,-10" /><INIT seed="3,0,0,2,4,65" ten="316,312,200,172" oya="3" hai0="68,91,62,47,84,1,54,36,17,6,60,57,26" hai1="5,132,129,93,122,22,10,90,15,110,20,103,28" hai2="16,27,98,38,104,95,70,0,113,40,128,82,19" hai3="30,74,75,116,124,31,44,85,59,101,49,56,52"/><W46/><G116/><T130/><D130/><U89/><E110/><V32/><F104/><W48/><G101/><T69/><D1/><U105/><E132/><V7/><F128/><W134/><G85/><T111/><D6/><U109/><E109/><V119/><F113/><W14/><G14/><T51/><D111/><U72/><E72/><V13/><F0/><W66/><G66/><T11/><D36/><U107/><E122/><V33/><F7/><W25/><G25/><T78/><D78/><U127/><E127/><V9/><F82/><W34/><G34/><T2/><D62/><U79/><E79/><V121/><F121/><W106/><G106/><T115/><D115/><U88/><E129/><V86/><F86/><W18/><G18/><T12/><D26/><U96/><REACH who="1" step="1"/><E20/><REACH who="1" ten="316,302,200,172" step="2"/><V64/><F33/><W135/><G124/><T100/><D2/><U4/><E4/><V118/><F32/><W102/><G102/><T41/><D100/><U126/><E126/><V24/><F118/><W39/><G39/><T123/><D123/><U67/><E67/><V21/><F119/><W114/><G114/><T117/><D117/><U81/><E81/><AGARI ba="0,1" hai="11,12,17,41,47,51,54,57,60,68,69,81,84,91" machi="81" ten="30,3900,0" yaku="7,1,52,2" doraHai="65" who="0" fromWho="1" sc="316,49,302,-39,200,0,172,0" /><INIT seed="4,0,0,4,2,28" ten="365,263,200,172" oya="0" hai0="80,84,75,64,56,2,90,24,126,95,99,87,54" hai1="25,44,92,3,91,110,89,5,127,105,107,61,32" hai2="83,119,34,103,19,20,26,33,116,102,130,74,94" hai3="133,63,77,0,7,15,117,12,132,16,88,30,118"/><T52/><D2/><U86/><E110/><V14/><F74/><W49/><G77/><T58/><D126/><U70/><E127/><V121/><F121/><W122/><G63/><T6/><D6/><U93/><E44/><V81/><F130/><W13/><G49/><T134/><D134/><N who="3" m="51817" /><G88/><N who="0" m="55783" /><D75/><U97/><E25/><V36/><F36/><W128/><G128/><T47/><D64/><U22/><E22/><V31/><F83/><W29/><G122/><T67/><D67/><U18/><E18/><V38/><F81/><W111/><G111/><T35/><D35/><N who="2" m="13322" /><F38/><W50/><G50/><N who="0" m="28767" /><D24/><U21/><E21/><N who="2" m="15823" /><F94/><W82/><G82/><N who="0" m="49431" /><D54/><U115/><E32/><V124/><F124/><W125/><G125/><T101/><D101/><U68/><E68/><V98/><F98/><W112/><G30/><T17/><D17/><U53/><E70/><V79/><F79/><AGARI ba="0,0" hai="56,58,79,80,87" m="49431,28767,55783" machi="79" ten="30,5800,0" yaku="8,1,54,2" doraHai="28" who="0" fromWho="2" sc="365,58,263,0,200,-58,172,0" /><INIT seed="4,1,0,2,2,104" ten="423,263,142,172" oya="0" hai0="54,58,31,56,91,37,63,27,73,25,103,47,42" hai1="66,87,92,113,114,19,4,16,126,123,110,34,112" hai2="61,55,62,107,125,83,28,1,2,106,101,60,94" hai3="67,82,75,81,39,43,3,20,93,135,77,21,74"/><T7/><D7/><U17/><E66/><V79/><F28/><W96/><G135/><T116/><D116/><U49/><E110/><V95/><F125/><W133/><G133/><T41/><D103/><U59/><E123/><V23/><F101/><W30/><G67/><T48/><D91/><N who="1" m="53375" /><E34/><V36/><F36/><W29/><G3/><T108/><D108/><U122/><E122/><V88/><F107/><W121/><G43/><T14/><D14/><U119/><E119/><V45/><F95/><W46/><G46/><T44/><D73/><U78/><E78/><V70/><F106/><W97/><G93/><T72/><D72/><U118/><E118/><V100/><F100/><W131/><G121/><T130/><D130/><U40/><E4/><V71/><F23/><W8/><G77/><T57/><REACH who="0" step="1"/><D31/><REACH who="0" ten="413,263,142,172" step="2"/><U18/><E126/><V132/><F132/><W89/><G131/><T0/><D0/><U6/><E6/><V65/><F1/><W76/><G76/><T26/><AGARI ba="1,1" hai="25,26,27,37,41,42,44,47,48,54,56,57,58,63" machi="26" ten="30,3000,0" yaku="1,1,0,1,53,0" doraHai="104" doraHaiUra="12" who="0" fromWho="0" sc="413,43,263,-11,142,-11,172,-11" /><INIT seed="4,2,0,5,3,68" ten="456,252,131,161" oya="0" hai0="11,38,99,19,36,18,132,27,116,88,114,32,26" hai1="90,10,23,110,83,78,14,92,112,98,74,101,75" hai2="63,49,130,24,8,65,60,126,81,17,2,86,52" hai3="43,31,56,0,22,50,12,9,96,40,87,29,79"/><T1/><D116/><U28/><E110/><V30/><F130/><W45/><G0/><T13/><D1/><U108/><E108/><V107/><F107/><W71/><G71/><T16/><D132/><U80/><E112/><V64/><F126/><W35/><G35/><T91/><D114/><U53/><E28/><V94/><F94/><W117/><G43/><T115/><D115/><U125/><E125/><V133/><F133/><W119/><G96/><T25/><D32/><U122/><E122/><V118/><F118/><W46/><G46/><T6/><REACH who="0" step="1"/><D99/><REACH who="0" ten="446,252,131,161" step="2"/><U42/><E98/><V21/><F2/><W33/><G33/><T54/><D54/><U102/><E53/><V120/><F120/><W3/><G3/><T77/><D77/><U106/><E78/><V97/><F97/><W111/><G111/><T58/><D58/><U34/><E34/><V67/><F67/><W131/><G119/><T135/><D135/><U70/><E70/><V134/><F65/><W44/><G56/><T103/><D103/><U51/><E102/><V72/><F64/><W41/><G117/><T121/><D121/><U89/><E101/><V109/><F109/><W59/><G59/><T55/><D55/><U100/><E100/><V48/><F134/><W73/><G79/><T113/><D113/><U105/><E105/><V129/><F52/><W82/><G131/><T127/><D127/><U95/><E106/><V85/><F129/><W20/><G41/><T69/><D69/><U61/><E42/><V5/><F63/><W7/><G40/><T39/><AGARI ba="2,1" hai="6,11,13,16,18,19,25,26,27,36,38,39,88,91" machi="39" ten="40,24000,3" yaku="1,1,0,1,29,2,52,3,54,2,53,0" doraHai="68" doraHaiUra="124" who="0" fromWho="0" sc="446,256,252,-82,131,-82,161,-82" /><INIT seed="4,3,0,2,1,102" ten="702,170,49,79" oya="0" hai0="99,70,83,112,0,113,77,31,34,65,67,69,98" hai1="5,32,81,14,75,111,12,88,30,110,79,56,13" hai2="23,68,60,47,114,45,11,26,35,55,74,89,94" hai3="6,7,134,128,28,8,1,86,73,97,59,33,106"/><T118/><D0/><U123/><E123/><V135/><F74/><W117/><G86/><T57/><D118/><U76/><E76/><V120/><F35/><W95/><G117/><T103/><D57/><U29/><E5/><V52/><F120/><W127/><G73/><T21/><D21/><U49/><E32/><V20/><F11/><W116/><G134/><T133/><D133/><U42/><E42/><V16/><F114/><W100/><G128/><T125/><D125/><U9/><E9/><V10/><F10/><W85/><G7/><T124/><D124/><U93/><E49/><V19/><F68/><W17/><G116/><T39/><D39/><U109/><REACH who="1" step="1"/><E56/><REACH who="1" ten="702,160,49,79" step="2"/><N who="2" m="34823" /><F135/><W2/><G127/><T82/><D34/><U71/><E71/><V4/><F4/><W72/><G6/><T96/><D31/><U40/><E40/><V25/><F55/><W104/><G33/><T129/><D129/><U115/><E115/><N who="0" m="44105" /><D69/><U15/><N who="1" m="3072" /><DORA hai="78" /><U90/><E90/><V131/><F131/><W126/><G126/><T121/><D121/><U37/><E37/><V36/><F36/><W61/><G8/><T63/><D77/><U3/><E3/><V80/><F47/><W92/><G2/><T119/><D119/><U50/><E50/><V18/><F45/><W53/><G1/><T46/><D46/><U48/><E48/><V64/><F64/><N who="0" m="24650" /><D103/><U27/><E27/><N who="2" m="10251" /><F23/><W41/><G59/><T44/><D44/><U22/><E22/><V66/><F20/><W54/><G41/><T87/><D87/><AGARI ba="3,1" hai="29,30,75,79,81,87,88,93,109,110,111" m="3072" machi="87" ten="60,8000,1" yaku="1,1,52,1,54,1,53,1" doraHai="102,78" doraHaiUra="84,51" who="1" fromWho="0" sc="702,-89,160,99,49,0,79,0" /><INIT seed="5,0,0,5,1,42" ten="613,259,49,79" oya="1" hai0="10,79,26,63,108,58,68,97,99,80,39,67,36" hai1="9,102,62,56,124,105,35,12,123,72,83,18,132" hai2="82,20,25,85,115,94,95,88,14,3,53,110,19" hai3="127,84,69,11,34,29,52,64,133,119,51,128,81"/><U49/><E35/><V1/><F110/><W122/><G122/><T106/><D108/><U107/><E123/><V46/><F115/><W78/><G128/><T37/><D10/><U109/><E109/><V38/><F1/><W59/><G133/><T13/><D13/><U17/><E124/><V32/><F3/><W126/><G119/><T87/><D106/><U86/><E72/><V8/><F32/><W121/><G121/><T23/><REACH who="0" step="1"/><D68/><REACH who="0" ten="603,259,49,79" step="2"/><U5/><E107/><V130/><F130/><W73/><G11/><T114/><D114/><U96/><E132/><V103/><F103/><W76/><G69/><T21/><D21/><U134/><E134/><V2/><F2/><W60/><G34/><T118/><D118/><U31/><E12/><V66/><F66/><W74/><G127/><T4/><D4/><U77/><E9/><V116/><F116/><W50/><G64/><T111/><D111/><U117/><E5/><V6/><REACH who="2" step="1"/><F38/><REACH who="2" ten="603,259,39,79" step="2"/><W75/><G126/><T131/><D131/><U55/><E117/><V24/><F24/><W104/><G75/><T48/><D48/><AGARI ba="0,2" hai="6,8,14,19,20,25,46,48,53,82,85,88,94,95" machi="48" ten="40,8000,1" yaku="1,1,8,1,52,1,54,1,53,0" doraHai="42" doraHaiUra="71" who="2" fromWho="0" sc="603,-80,259,0,39,100,79,0" /><INIT seed="6,0,0,3,5,66" ten="523,259,139,79" oya="2" hai0="64,60,79,91,129,127,109,90,38,14,108,110,19" hai1="120,107,18,25,13,35,22,113,117,51,70,12,95" hai2="86,65,92,132,4,61,118,30,55,49,121,8,26" hai3="52,34,83,42,135,75,57,2,89,32,46,93,0"/><V50/><F121/><W87/><G135/><T5/><D38/><U134/><E107/><V97/><F132/><W56/><G56/><T48/><D127/><U82/><E82/><V104/><F104/><W62/><G34/><T59/><D129/><U94/><E134/><V9/><F86/><W128/><G32/><T6/><D79/><U37/><E37/><V45/><F50/><W44/><G128/><T131/><D131/><U15/><E117/><V53/><F118/><W67/><G46/><T16/><D19/><U31/><E113/><V123/><F55/><W100/><G67/><T105/><D105/><U98/><E51/><V71/><F4/><W72/><G100/><T81/><D48/><U85/><E85/><V28/><F123/><W116/><G116/><T33/><D33/><U122/><E95/><V40/><F40/><W102/><G102/><T77/><D6/><U54/><E54/><V76/><F76/><W27/><G27/><T3/><D5/><U23/><E94/><V96/><F30/><W78/><REACH who="3" step="1"/><G75/><REACH who="3" ten="523,259,139,69" step="2"/><T119/><D119/><U29/><E122/><V103/><REACH who="2" step="1"/><F97/><REACH who="2" ten="523,259,129,69" step="2"/><W101/><G101/><T130/><D130/><U80/><E98/><V111/><F111/><W126/><G126/><T84/><REACH who="0" step="1"/><D3/><REACH who="0" ten="513,259,129,69" step="2"/><U58/><E120/><V125/><F125/><W11/><G11/><AGARI ba="0,3" hai="11,14,16,59,60,64,77,81,84,90,91,108,109,110" machi="11" ten="40,5200,0" yaku="1,1,2,1,54,1,53,0" doraHai="66" doraHaiUra="114" who="0" fromWho="3" sc="513,82,259,0,129,0,69,-52" /><INIT seed="7,0,0,2,5,15" ten="595,259,129,17" oya="3" hai0="2,120,130,90,61,57,89,39,47,109,102,7,48" hai1="119,37,105,12,112,16,71,103,3,129,101,95,23" hai2="134,21,79,62,99,118,43,52,67,26,66,77,131" hai3="115,32,44,96,45,17,14,114,6,35,91,18,113"/><W0/><G0/><T82/><D120/><U36/><E3/><V98/><F43/><W97/><G6/><T117/><D109/><U46/><E112/><V116/><F131/><W87/><G87/><T22/><D130/><U31/><E71/><V85/><F134/><W74/><G14/><T81/><D117/><U49/><E105/><V100/><F99/><N who="3" m="37963" /><G91/><T19/><D39/><U75/><E75/><V76/><F85/><W124/><G74/><T10/><D102/><U133/><E133/><V65/><F118/><W110/><G124/><T106/><D106/><U111/><E111/><V86/><F86/><W94/><G94/><T9/><D9/><U122/><E122/><V25/><F116/><W24/><G110/><T30/><D30/><U13/><E31/><V53/><F62/><W78/><G78/><T126/><D126/><U5/><E119/><V64/><N who="2" m="16384" /><DORA hai="50" /><V73/><F73/><W59/><G59/><T8/><D8/><N who="1" m="4111" /><E36/><V132/><F132/><W33/><G24/><T68/><D68/><U40/><E37/><V20/><F98/><W107/><G107/><T27/><D57/><U51/><E95/><V135/><F135/><W69/><G69/><T1/><D61/><U127/><E127/><V125/><F125/><W121/><G121/><T108/><D108/><U128/><E128/><V41/><F100/><N who="1" m="38473" /><E129/><V93/><F93/><W63/><G63/><T56/><D56/><U88/><E49/><V104/><F104/><W11/><G11/><T4/><D4/><U92/><E92/><V123/><F123/><W29/><G29/><T54/><D1/><RYUUKYOKU ba="0,0" sc="595,10,259,10,129,-30,17,10" hai0="2,7,10,19,22,27,47,48,54,81,82,89,90" hai1="13,16,23,40,46,51,88" hai3="17,18,32,33,35,44,45,113,114,115" /><INIT seed="7,1,0,5,5,99" ten="605,269,99,27" oya="3" hai0="53,4,84,42,127,112,110,115,0,18,21,89,65" hai1="103,107,111,13,100,75,118,72,1,87,128,77,91" hai2="54,11,29,14,40,82,101,28,19,86,93,123,104" hai3="45,90,130,44,114,95,70,60,116,50,52,133,30"/><W20/><G116/><T124/><D110/><U6/><E1/><V49/><F40/><W63/><G114/><N who="0" m="43563" /><D42/><U80/><E6/><V109/><F104/><W120/><G120/><T57/><D65/><U5/><E5/><V32/><F32/><W117/><G117/><T31/><D31/><U67/><E13/><V37/><F37/><W34/><G34/><T78/><D78/><U33/><E67/><V108/><F123/><W69/><G130/><T105/><D105/><U113/><E33/><V134/><F134/><W97/><G133/><T73/><D73/><N who="1" m="43055" /><E118/><V88/><F108/><W43/><G70/><T17/><D4/><U55/><E55/><V102/><F93/><W68/><G68/><T9/><D9/><U59/><E59/><V76/><F76/><W132/><G69/><T51/><D0/><U10/><E10/><V56/><F109/><W135/><G135/><T125/><D21/><U3/><E3/><V94/><F94/><AGARI ba="1,0" hai="17,18,51,53,57,84,89,94,124,125,127" m="43563" machi="94" ten="40,5200,0" yaku="18,1,15,1,11,1" doraHai="99" who="0" fromWho="2" sc="605,55,269,0,99,-55,27,0" owari="660,76.0,269,7.0,44,-36.0,27,-47.0" /></mjloggm>