<mjloggm ver="2.3"><GO type="41" lobby="0"/><UN n0="%E3%81%8F%E3%82%8D%E3%81%99%E3%81%91%38%38" n1="%6B%69%74%61%72%6F%6E" n2="%73%65%65%79%6F%75%6B%79" n3="%E2%93%9D%53%75%70%68%78" dan="13,14,15,18" rate="1814.87,1899.76,2009.95,2125.38" sx="M,M,M,M"/><TAIKYOKU oya="0"/><INIT seed="0,0,0,1,1,66" ten="250,250,250,250" oya="0" hai0="64,23,77,133,44,21,78,43,116,65,54,85,35" hai1="51,91,45,19,101,110,131,115,70,111,132,3,39" hai2="62,5,26,104,22,18,61,67,24,59,63,80,79" hai3="33,7,34,107,46,125,123,28,74,72,25,103,27"/><T114/><D35/><U108/><E3/><V106/><F5/><W88/><G125/><T94/><D114/><U13/><E115/><V126/><F126/><W73/><G7/><T38/><D116/><U113/><E113/><V71/><F26/><W120/><G46/><T105/><D105/><U2/><E2/><V134/><F63/><W87/><G103/><T48/><D133/><U57/><E57/><V124/><F134/><W52/><G52/><T47/><D94/><U117/><E117/><V14/><F24/><W1/><G1/><T15/><D78/><U68/><E39/><V102/><F102/><W84/><G107/><T98/><D98/><U50/><E132/><V55/><REACH who="2" step="1"/><F124/><REACH who="2" ten="250,250,240,250" step="2"/><W127/><G127/><T29/><D29/><U82/><E101/><V99/><F99/><W58/><G28/><T89/><D15/><U4/><E4/><V76/><F76/><W130/><G27/><T135/><D77/><U37/><E131/><V92/><F92/><W90/><G25/><T60/><D135/><U96/><E96/><V81/><F81/><W100/><G100/><T17/><D65/><U93/><E93/><V8/><F8/><W10/><G10/><T86/><D17/><U12/><E82/><V36/><F36/><W20/><G130/><T118/><D118/><U95/><E37/><V32/><F32/><W119/><G119/><T16/><D16/><U53/><E51/><V75/><AGARI ba="0,1" hai="14,18,22,55,59,61,62,67,71,75,79,80,104,106" machi="75" ten="20,5200,0" yaku="1,1,0,1,7,1,52,1,53,0" doraHai="66" doraHaiUra="128" who="2" fromWho="2" sc="250,-26,250,-13,240,62,250,-13" /><INIT seed="1,0,0,3,2,74" ten="224,237,302,237" oya="1" hai0="104,7,16,3,135,112,88,44,51,31,80,92,5" hai1="91,70,101,87,62,17,103,89,56,21,81,40,0" hai2="53,121,133,127,113,23,125,54,58,72,116,29,45" hai3="28,61,134,130,78,38,10,95,2,19,33,27,60"/><U76/><E0/><V65/><F116/><W100/><G38/><T115/><D104/><U43/><E70/><V66/><F121/><W93/><G130/><T57/><D135/><U71/><E71/><V63/><F72/><W120/><G120/><T117/><D117/><U109/><E109/><V86/><F23/><W82/><G134/><T124/><D31/><U94/><E89/><V26/><F86/><W123/><G123/><T1/><D124/><N who="2" m="47690" /><F133/><W14/><G2/><T111/><D111/><U119/><E119/><V41/><F26/><W22/><G33/><T34/><D34/><U90/><E90/><V48/><F29/><W107/><G107/><T6/><D3/><U59/><E101/><V52/><F113/><W35/><G35/><T49/><D1/><U20/><E103/><V13/><F13/><W108/><G108/><T97/><D80/><U36/><E20/><V98/><F98/><W83/><G83/><T132/><D132/><U68/><E68/><N who="2" m="42047" /><F66/><W99/><REACH who="3" step="1"/><G95/><REACH who="3" ten="224,237,302,227" step="2"/><T84/><D115/><U15/><E36/><AGARI ba="0,1" hai="36,41,45,48,52,53,54,58" m="42047,47690" machi="36" ten="30,8000,1" yaku="24,1,18,1,34,2,54,1" doraHai="74" who="2" fromWho="1" sc="224,0,237,-80,302,90,227,0" /><INIT seed="2,0,0,1,3,55" ten="224,157,392,227" oya="2" hai0="80,76,19,132,5,26,9,124,25,54,65,20,61" hai1="89,104,96,122,95,0,128,40,119,16,73,7,113" hai2="100,97,13,79,135,120,17,123,74,60,81,49,41" hai3="77,126,15,78,6,4,101,30,83,110,52,108,56"/><V24/><F135/><W46/><G126/><T121/><D132/><U37/><E7/><V116/><F116/><W66/><G101/><T67/><D67/><U34/><E40/><V44/><F24/><W21/><G66/><T105/><D105/><U23/><E23/><V98/><F60/><W29/><G46/><T130/><D130/><U71/><E16/><V84/><F74/><W106/><G106/><T1/><D124/><U31/><E31/><N who="3" m="11786" /><G21/><T72/><D121/><U87/><E89/><V109/><F109/><N who="3" m="42091" /><G15/><T53/><REACH who="0" step="1"/><D26/><REACH who="0" ten="214,157,392,227" step="2"/><U39/><E122/><V114/><F123/><W57/><G78/><T59/><AGARI ba="0,1" hai="1,5,9,19,20,25,53,54,59,61,65,72,76,80" machi="59" ten="20,8000,1" yaku="1,1,2,1,0,1,7,1,52,1,53,0" doraHai="55" doraHaiUra="45" who="0" fromWho="0" sc="214,90,157,-20,392,-40,227,-20" /><INIT seed="3,0,0,4,0,96" ten="304,137,352,207" oya="3" hai0="30,76,124,91,90,131,111,62,41,38,88,50,13" hai1="79,65,19,92,70,46,10,45,14,39,89,73,43" hai2="120,42,53,133,37,132,69,7,12,16,102,66,52" hai3="78,123,114,128,84,99,40,113,71,83,31,56,86"/><W47/><G71/><T122/><D122/><U127/><E127/><V105/><F120/><W64/><G123/><T58/><D124/><U74/><E79/><V21/><F7/><W81/><G31/><T59/><D111/><U57/><E70/><V118/><F42/><W77/><G128/><T18/><D76/><U25/><E25/><V1/><F1/><W110/><G110/><T93/><D30/><U15/><E45/><V17/><F37/><W98/><G114/><T106/><D106/><U117/><E117/><V82/><F82/><W129/><G129/><T3/><D3/><U68/><E68/><V135/><F118/><W63/><REACH who="3" step="1"/><G113/><REACH who="3" ten="304,137,352,197" step="2"/><T61/><D131/><U27/><E65/><V116/><F69/><W112/><G112/><T48/><D38/><AGARI ba="0,1" hai="38,40,47,56,63,64,77,78,81,83,84,86,98,99" machi="38" ten="30,5800,0" yaku="1,1,7,1,9,1,53,0" doraHai="96" doraHaiUra="49" who="3" fromWho="0" sc="304,-58,137,0,352,0,197,68" /><INIT seed="3,1,0,3,3,52" ten="246,137,352,265" oya="3" hai0="28,5,58,51,40,125,54,119,50,12,109,76,10" hai1="42,1,124,32,80,123,23,122,114,102,27,38,46" hai2="96,78,104,106,60,121,44,97,7,112,22,41,131" hai3="63,13,94,45,79,117,74,18,118,11,128,29,6"/><W16/><G128/><T55/><D119/><U91/><E114/><V111/><F111/><W14/><G29/><T98/><D109/><U39/><E39/><V30/><F112/><W134/><G134/><T127/><D76/><U71/><E71/><V69/><F7/><W130/><G130/><T107/><D28/><U70/><E70/><V49/><F78/><W20/><G94/><T108/><D40/><U72/><E32/><V43/><F69/><W0/><G63/><T59/><D108/><U53/><E124/><V105/><F43/><W77/><G45/><T65/><D65/><U8/><E102/><AGARI ba="1,0" hai="5,10,12,50,51,54,55,58,59,98,102,107,125,127" machi="102" ten="40,5200,0" yaku="9,1,52,2" doraHai="52" who="0" fromWho="1" sc="246,55,137,-55,352,0,265,0" /><INIT seed="4,0,0,3,0,5" ten="301,82,352,265" oya="0" hai0="87,84,63,79,23,48,81,50,108,72,101,31,90" hai1="74,114,11,89,106,46,93,27,16,4,85,69,29" hai2="47,134,116,122,36,45,44,111,49,57,75,34,39" hai3="97,95,20,32,40,129,53,119,13,131,91,105,19"/><T71/><D108/><U2/><E69/><V65/><F34/><W99/><G119/><T17/><D31/><U135/><E135/><V66/><F75/><W25/><G40/><T100/><D72/><U88/><E74/><V76/><F76/><W35/><G53/><T123/><D123/><U22/><E114/><V70/><F122/><W9/><G105/><T68/><D68/><U1/><E106/><V51/><F116/><W41/><G41/><T8/><D8/><U110/><E110/><V94/><F94/><W24/><G99/><T37/><D37/><N who="2" m="14410" /><F134/><W78/><G78/><T127/><D127/><U30/><E2/><V109/><F109/><W92/><G92/><N who="0" m="54343" /><D63/><U96/><E46/><V126/><F126/><W83/><G83/><AGARI ba="0,0" hai="1,4,11,16,22,27,29,30,83,85,88,89,93,96" machi="83" ten="30,7700,0" yaku="7,1,52,1,54,2" doraHai="5" who="1" fromWho="3" sc="301,0,82,77,352,0,265,-77" /><INIT seed="5,0,0,4,5,86" ten="301,159,352,188" oya="1" hai0="2,12,53,132,38,79,51,89,70,100,50,36,114" hai1="131,102,60,52,62,4,91,3,77,61,27,67,119" hai2="71,75,48,6,56,111,13,45,7,76,78,11,99" hai3="33,74,90,47,72,115,101,129,82,24,95,128,54"/><U120/><E120/><V39/><F111/><W30/><G101/><T107/><D2/><U17/><E119/><V22/><F71/><W113/><G54/><T122/><D70/><U93/><E67/><V112/><F99/><N who="3" m="57847" /><G47/><T73/><D122/><U42/><E42/><V35/><F35/><W130/><G82/><T109/><D109/><U10/><E131/><N who="3" m="33538" /><W31/><DORA hai="40" /><G31/><T57/><D79/><U5/><E77/><V43/><F112/><AGARI ba="0,0" hai="24,30,33,72,74,112,113,115" m="33538,57847" machi="112" ten="40,5200,0" yaku="15,1,19,1,52,1" doraHai="86,40" who="3" fromWho="2" sc="301,0,159,0,352,-52,188,52" /><INIT seed="6,0,0,4,4,131" ten="301,159,300,240" oya="2" hai0="18,106,114,54,89,122,58,87,36,128,73,39,45" hai1="37,16,51,118,32,78,124,24,96,103,116,94,63" hai2="30,117,111,35,26,70,21,5,91,60,82,46,80" hai3="130,79,134,121,98,23,102,127,59,41,44,61,81"/><V77/><F117/><W110/><G127/><T33/><D33/><U104/><E37/><V14/><F111/><W129/><G121/><T109/><D106/><U50/><E124/><V85/><F35/><W135/><G23/><T56/><D73/><U52/><E63/><V65/><F46/><W100/><G110/><T29/><D29/><U49/><E78/><V105/><F105/><W6/><G6/><T119/><D119/><U43/><E43/><V10/><REACH who="2" step="1"/><F77/><REACH who="2" ten="301,159,290,240" step="2"/><W66/><G130/><T68/><D109/><U74/><E32/><V8/><F8/><W76/><G76/><T7/><D128/><U38/><E116/><V1/><F1/><W71/><G129/><T55/><D45/><U83/><E104/><V42/><F42/><W90/><G44/><T97/><D39/><U88/><E38/><V132/><F132/><N who="3" m="50731" /><G41/><T112/><D36/><U75/><E118/><V93/><AGARI ba="0,1" hai="5,10,14,21,26,30,60,65,70,80,82,85,91,93" machi="93" ten="20,3900,0" yaku="1,1,0,1,7,1,53,0" doraHai="131" doraHaiUra="101" who="2" fromWho="2" sc="301,-13,159,-13,290,49,240,-13" /><INIT seed="6,1,0,1,5,130" ten="288,146,339,227" oya="2" hai0="132,14,49,82,90,85,52,129,102,50,133,37,56" hai1="135,64,4,20,101,124,55,116,127,19,43,3,30" hai2="115,87,97,134,53,69,118,41,63,93,88,67,100" hai3="76,48,10,13,119,5,29,86,79,94,114,65,74"/><V120/><F115/><W104/><G119/><T92/><D129/><U36/><E116/><V11/><F118/><W80/><G104/><T24/><D37/><U46/><E64/><V108/><F120/><W39/><G39/><T70/><D70/><U75/><E101/><V8/><F108/><W51/><G114/><T62/><D24/><U57/><E30/><V122/><F122/><W77/><G74/><T28/><D28/><U44/><E75/><V121/><F121/><W125/><G125/><T84/><D14/><U0/><E46/><V9/><F41/><W131/><G131/><T47/><D102/><U60/><E4/><V78/><F53/><W111/><G111/><T123/><D123/><U1/><E127/><V96/><F78/><W95/><G65/><T106/><D106/><U21/><E124/><V45/><F45/><W68/><G68/><T109/><D109/><U61/><E61/><V31/><F31/><W103/><G29/><T71/><D71/><U40/><E40/><V58/><F69/><W112/><G112/><T126/><D126/><U18/><REACH who="1" step="1"/><E135/><REACH who="1" ten="288,136,339,227" step="2"/><N who="0" m="51785" /><D47/><U81/><E81/><V113/><F134/><W33/><G80/><T23/><D23/><AGARI ba="1,1" hai="0,1,3,18,19,20,21,23,36,43,44,55,57,60" machi="23" ten="40,5200,0" yaku="1,1,53,2" doraHai="130" doraHaiUra="15" who="1" fromWho="0" sc="288,-55,136,65,339,0,227,0" /><INIT seed="7,0,0,3,3,34" ten="233,201,339,227" oya="3" hai0="103,67,62,80,43,95,2,11,74,70,72,89,104" hai1="40,111,78,12,42,105,29,107,17,18,102,99,127" hai2="57,106,92,124,118,61,116,58,51,7,123,135,122" hai3="55,96,8,36,114,129,47,68,49,97,134,21,110"/><W3/><G68/><T50/><D43/><U9/><E111/><V66/><F7/><W79/><G110/><T53/><D104/><U86/><E107/><V125/><F92/><W30/><G36/><T119/><D103/><U4/><E127/><N who="2" m="48715" /><F106/><W130/><G79/><T108/><D80/><U87/><E87/><V44/><F58/><W115/><G134/><T77/><D77/><U37/><E29/><V64/><F64/><W128/><G21/><T84/><D108/><U81/><E37/><V101/><F101/><W121/><G30/><T132/><D132/><U91/><E91/><V5/><F5/><N who="3" m="1087" /><G121/><N who="2" m="46089" /><F135/><W69/><G69/><T39/><D39/><U133/><E133/><V45/><F45/><W19/><G19/><T60/><D62/><U35/><E35/><V16/><F16/><W93/><G97/><T131/><D119/><U88/><E40/><AGARI ba="0,0" hai="40,44,51,57,61,66,116,118" m="46089,48715" machi="40" ten="30,7700,0" yaku="18,1,13,1,34,2" doraHai="34" who="2" fromWho="1" sc="233,0,201,-77,339,77,227,0" owari="233,3.0,124,-38.0,416,52.0,227,-17.0" /></mjloggm>