<mjloggm ver="2.3"><GO type="41" lobby="0"/><UN n0="%E9%9B%AA%E8%90%BD" n1="%73%68%6F%6B%6F%6C%61%32" n2="%78%61%62%69%38" n3="%E2%93%9D%53%75%70%68%78" dan="14,15,15,18" rate="2004.83,2033.33,2020.96,2125.86" sx="F,M,M,M"/><TAIKYOKU oya="0"/><INIT seed="0,0,0,4,3,95" ten="250,250,250,250" oya="0" hai0="85,61,89,77,117,123,58,100,3,134,11,38,84" hai1="19,12,24,14,66,80,16,8,111,106,28,78,46" hai2="120,132,51,88,72,107,69,121,23,15,113,44,43" hai3="135,13,42,21,76,73,122,110,130,36,112,70,119"/><T29/><D117/><U62/><E111/><V105/><F69/><W59/><RYUUKYOKU type="yao9" ba="0,0" sc="250,0,250,0,250,0,250,0" hai3="13,21,36,42,59,70,73,76,110,112,119,122,130,135" /><INIT seed="0,1,0,2,3,55" ten="250,250,250,250" oya="0" hai0="25,54,27,132,48,78,34,87,59,122,62,113,14" hai1="96,42,4,88,135,2,131,44,118,29,53,35,119" hai2="43,93,123,86,72,63,105,121,69,111,23,116,66" hai3="6,40,32,49,97,41,104,126,81,16,58,10,102"/><T36/><D113/><U39/><E135/><V94/><F105/><W60/><G32/><T26/><D132/><U75/><E75/><V109/><F72/><W82/><G126/><T8/><D122/><U24/><E131/><V114/><F43/><W17/><G41/><T130/><D130/><U112/><E112/><V64/><F23/><W74/><G49/><T77/><D36/><U18/><E18/><V5/><F5/><W52/><G40/><T84/><D34/><U120/><E120/><V56/><F86/><N who="0" m="32810" /><D62/><U9/><REACH who="1" step="1"/><E53/><REACH who="1" ten="250,240,250,250" step="2"/><N who="2" m="34191" /><F114/><W99/><G74/><T85/><N who="0" m="32818" /><T98/><DORA hai="12" /><D98/><U95/><AGARI ba="1,1" hai="2,4,9,24,29,35,39,42,44,88,95,96,118,119" machi="95" ten="30,4000,0" yaku="1,1,0,1,54,1,53,0" doraHai="55,12" doraHaiUra="67,19" who="1" fromWho="1" sc="250,-21,240,53,250,-11,250,-11" /><INIT seed="1,0,0,1,1,24" ten="229,293,239,239" oya="1" hai0="123,55,87,42,74,2,108,30,27,51,52,113,99" hai1="32,89,3,120,23,67,125,81,93,86,46,83,114" hai2="92,84,10,11,68,19,59,17,115,13,73,6,69" hai3="109,82,128,107,18,100,91,134,135,70,65,116,47"/><U64/><E114/><V101/><F73/><W41/><G109/><T118/><D113/><U106/><E32/><V8/><F115/><W104/><G128/><T61/><D118/><U45/><E106/><V20/><F69/><W127/><G127/><T43/><D108/><U119/><E119/><V50/><F68/><W111/><G111/><T97/><D74/><U112/><E112/><V88/><F101/><W130/><G130/><T58/><D2/><U39/><E3/><V26/><F6/><W28/><G18/><T133/><D133/><U60/><E120/><V105/><F105/><W15/><G15/><T57/><D87/><U103/><E67/><V124/><F124/><W56/><G70/><T25/><D123/><U90/><E103/><V98/><F84/><W9/><G100/><T129/><D129/><U35/><E35/><V54/><AGARI ba="0,0" hai="8,10,11,13,17,19,20,26,50,54,59,88,92,98" machi="54" ten="30,4000,0" yaku="0,1,8,1,54,1" doraHai="24" who="2" fromWho="2" sc="229,-10,293,-20,239,40,239,-10" /><INIT seed="2,0,0,3,2,81" ten="219,273,279,229" oya="2" hai0="5,54,49,52,104,105,44,56,33,23,129,91,130" hai1="12,57,113,17,110,135,85,84,35,83,18,117,25" hai2="9,128,41,118,16,116,73,3,4,46,79,82,99" hai3="53,100,31,10,88,40,62,19,132,38,47,63,102"/><V32/><F128/><N who="0" m="49258" /><D33/><U55/><E117/><V78/><F78/><W45/><G31/><T119/><D119/><U26/><E113/><V124/><F124/><W27/><G132/><T131/><D5/><U1/><E1/><V120/><F120/><W86/><G47/><T61/><N who="0" m="49266" /><T22/><DORA hai="87" /><D22/><U95/><E135/><V97/><F32/><W108/><G108/><T92/><D23/><U39/><E39/><V134/><F134/><W11/><G27/><N who="1" m="10250" /><E35/><V123/><F123/><W43/><G43/><T64/><D54/><U36/><E36/><V125/><F125/><W70/><G53/><T2/><D2/><U77/><E110/><V13/><F116/><W90/><G19/><N who="1" m="7178" /><E12/><V121/><F121/><W112/><G112/><T101/><D101/><U127/><E127/><V106/><F106/><W29/><G102/><T24/><D24/><U96/><E83/><V65/><F65/><W103/><G38/><T115/><D115/><U60/><E77/><V42/><F42/><W98/><G40/><T122/><D122/><U94/><E94/><V7/><F7/><W76/><G76/><T48/><D48/><U30/><E30/><V68/><F68/><W80/><G70/><T34/><D34/><U51/><E51/><V58/><F58/><W20/><G29/><T66/><D66/><U93/><E93/><V72/><F118/><W74/><G80/><T37/><D37/><U0/><E0/><V50/><F72/><W59/><G74/><T89/><D92/><U21/><E21/><AGARI ba="0,0" hai="3,4,9,13,16,21,41,46,50,73,79,82,97,99" machi="21" ten="30,2900,0" yaku="7,1,54,1" doraHai="81,87" who="2" fromWho="1" sc="219,0,273,-29,279,29,229,0" /><INIT seed="2,1,0,3,3,42" ten="219,244,308,229" oya="2" hai0="38,129,109,83,104,82,21,107,84,74,46,60,31" hai1="75,49,128,11,28,53,34,93,35,130,19,20,8" hai2="100,96,25,119,54,17,9,80,103,79,134,102,16" hai3="116,81,113,39,112,69,1,117,33,47,111,97,78"/><V132/><F119/><W89/><G33/><N who="1" m="12298" /><E75/><V127/><F127/><W124/><G1/><T126/><D126/><U50/><E93/><V68/><F68/><W58/><G58/><T131/><D60/><U64/><E64/><V105/><F25/><W70/><G111/><T37/><D109/><U135/><E50/><V87/><F54/><W30/><G30/><T63/><D63/><U26/><E135/><N who="2" m="51755" /><F17/><W15/><G70/><T101/><D31/><U57/><E28/><V88/><F9/><W44/><G39/><T85/><D74/><U95/><E95/><N who="2" m="54687" /><F16/><W52/><G69/><T40/><D21/><U27/><E27/><V24/><F24/><W92/><G124/><T118/><D118/><U62/><E62/><V6/><F6/><W114/><G117/><T123/><D40/><U106/><E106/><V71/><F71/><W7/><G116/><T51/><D51/><U67/><E67/><V4/><F4/><W14/><G7/><T121/><D101/><U43/><E43/><V13/><F13/><N who="3" m="4619" /><G52/><T66/><D66/><U108/><E108/><V59/><F59/><W23/><G23/><T55/><D55/><U86/><E8/><V5/><F5/><W41/><G41/><T72/><D72/><AGARI ba="1,0" hai="72,79,80,96,100,102,103,105" m="54687,51755" machi="72" ten="30,12000,1" yaku="24,1,20,1,34,2,54,1" doraHai="42" who="2" fromWho="0" sc="219,-123,244,0,308,123,229,0" /><AGARI ba="1,0" hai="44,47,72,78,81,89,92,97,112,113,114" m="4619" machi="72" ten="30,3900,0" yaku="11,1,52,2" doraHai="42" who="3" fromWho="0" sc="96,-39,244,0,431,0,229,39" /><INIT seed="2,2,0,2,1,66" ten="57,244,431,268" oya="2" hai0="53,5,118,75,41,111,124,18,52,119,28,22,50" hai1="21,54,110,32,90,87,61,44,71,96,81,8,82" hai2="85,37,13,15,83,130,103,97,63,7,76,98,132" hai3="56,19,2,78,73,30,35,91,59,36,77,104,65"/><V0/><F37/><W3/><G104/><T114/><D114/><U131/><E32/><V84/><F132/><W6/><G36/><T126/><D75/><U112/><E112/><V27/><F130/><W42/><G42/><T47/><D28/><U23/><E131/><V51/><F0/><W64/><G30/><T31/><D31/><U14/><E110/><V127/><F27/><W26/><G6/><T29/><D29/><U9/><E96/><V62/><F127/><N who="0" m="48682" /><D5/><U34/><E34/><V89/><F51/><W24/><G35/><T33/><D33/><U45/><E61/><V4/><F15/><W92/><G73/><T48/><D111/><U40/><E54/><N who="0" m="21097" /><D48/><U1/><E1/><V67/><F63/><W122/><G3/><T72/><D72/><U121/><E121/><V106/><F97/><W94/><G2/><T57/><D57/><U17/><E45/><V68/><REACH who="2" step="1"/><F13/><AGARI ba="2,0" hai="13,18,22,41,47,50,118,119" m="21097,48682" machi="13" ten="30,2000,0" yaku="18,1,54,1" doraHai="66" who="0" fromWho="2" sc="57,26,244,0,431,-26,268,0" /><INIT seed="3,0,0,5,0,77" ten="83,244,405,268" oya="3" hai0="90,131,55,26,116,120,44,71,58,15,25,93,89" hai1="79,129,87,3,35,13,121,10,81,98,86,70,91" hai2="133,75,134,107,28,27,51,0,63,61,2,103,110" hai3="104,123,45,124,82,42,24,33,106,9,6,114,59"/><W57/><G123/><T125/><D120/><U122/><E35/><V127/><F127/><W64/><G114/><T83/><D116/><U105/><E70/><V12/><F12/><W115/><G115/><T84/><D71/><U37/><E37/><V30/><F51/><W52/><G64/><T4/><D125/><U128/><E3/><V101/><F75/><W76/><G59/><T18/><D131/><N who="1" m="50251" /><E10/><V43/><F43/><W54/><G124/><T69/><D69/><U85/><E13/><V135/><F27/><W49/><G54/><T78/><D4/><U8/><E8/><V62/><F107/><W23/><G33/><T60/><D44/><U1/><E1/><N who="2" m="619" /><F110/><W113/><G113/><T47/><D47/><U41/><E87/><V48/><F48/><W17/><G9/><T80/><D15/><U38/><E41/><V19/><F19/><W40/><G40/><T99/><REACH who="0" step="1"/><D18/><REACH who="0" ten="73,244,405,268" step="2"/><U32/><E38/><V132/><F132/><W20/><G6/><T39/><D39/><U72/><E122/><V102/><AGARI ba="0,1" hai="28,30,61,62,63,101,102,103,133,134,135" m="619" machi="102" ten="50,8000,1" yaku="29,2,28,2,20,1" doraHai="77" who="2" fromWho="2" sc="73,-20,244,-20,405,90,268,-40" /><INIT seed="4,0,0,0,1,105" ten="53,224,495,228" oya="0" hai0="20,131,62,132,27,124,78,91,51,135,2,79,40" hai1="127,126,123,38,75,120,76,66,69,103,113,41,92" hai2="37,46,109,86,17,107,119,35,70,93,14,54,29" hai3="28,39,33,77,1,94,5,56,12,84,16,64,110"/><T19/><D2/><U26/><E26/><V72/><F70/><W68/><G39/><T80/><D124/><N who="1" m="47659" /><E66/><V115/><F107/><W61/><G110/><T30/><D131/><U59/><E69/><V73/><F109/><W87/><G5/><T34/><D62/><U32/><E32/><V85/><F85/><W121/><G1/><T15/><D91/><U104/><E59/><V116/><F54/><W88/><G121/><T82/><D51/><U89/><E41/><N who="2" m="22831" /><F86/><W96/><G77/><T55/><D40/><U111/><E38/><V10/><F93/><W44/><G44/><T133/><REACH who="0" step="1"/><D55/><REACH who="0" ten="43,224,495,228" step="2"/><U58/><E111/><V49/><F49/><W7/><G61/><T63/><D63/><U81/><E123/><V125/><F125/><W67/><G67/><T36/><D36/><U42/><E120/><V50/><F50/><W130/><G64/><T117/><D117/><U31/><E42/><V45/><F45/><W108/><G108/><T102/><D102/><U128/><E128/><V129/><F129/><W122/><G130/><T97/><D97/><U95/><E103/><V9/><F119/><W6/><G122/><T22/><D22/><U18/><E89/><V83/><F116/><W90/><G90/><T52/><D52/><U112/><E104/><V99/><F99/><W100/><G100/><T3/><D3/><U134/><E95/><V47/><F47/><W25/><G96/><T98/><D98/><U0/><E92/><V118/><F118/><W57/><G94/><T101/><D101/><U13/><E0/><V65/><F65/><W23/><G88/><RYUUKYOKU ba="0,1" sc="43,30,224,-10,495,-10,228,-10" hai0="15,19,20,27,30,34,78,79,80,82,132,133,135" /><INIT seed="4,1,1,1,3,0" ten="73,214,485,218" oya="0" hai0="124,83,35,134,118,77,123,3,60,25,71,43,72" hai1="29,34,50,24,62,125,132,16,10,98,39,26,78" hai2="90,54,100,30,75,127,113,1,87,44,17,61,27" hai3="73,12,84,5,21,8,97,129,89,7,107,82,63"/><T69/><D118/><U70/><E39/><V41/><F1/><W48/><G73/><T68/><D123/><U23/><E78/><V57/><F75/><W114/><G114/><T31/><D124/><U19/><E132/><V105/><F113/><W103/><G129/><T135/><D43/><U37/><E37/><V64/><F17/><W58/><G21/><T46/><D46/><U92/><E50/><V14/><F14/><W86/><G86/><T15/><D15/><U13/><E125/><V93/><F100/><W76/><G48/><T28/><D28/><U96/><E92/><V53/><F105/><W91/><REACH who="3" step="1"/><G7/><REACH who="3" ten="73,214,485,208" step="2"/><T52/><REACH who="0" step="1"/><D3/><REACH who="0" ten="63,214,485,208" step="2"/><U128/><E128/><V102/><F127/><W120/><G120/><T106/><D106/><U67/><AGARI ba="1,3" hai="10,13,16,19,23,24,26,29,34,62,67,70,96,98" machi="67" ten="30,2000,0" yaku="0,1,54,1" doraHai="0" who="1" fromWho="1" sc="63,-11,214,53,485,-6,208,-6" /><INIT seed="5,0,0,4,2,59" ten="52,267,479,202" oya="1" hai0="21,72,85,39,90,47,60,93,23,28,37,113,108" hai1="40,68,119,13,30,5,61,32,55,66,81,132,45" hai2="58,11,0,42,41,115,97,3,128,8,91,48,4" hai3="114,24,126,111,70,52,56,109,16,127,106,83,31"/><U116/><E32/><V84/><F128/><W107/><G70/><T96/><D108/><U130/><E30/><V104/><F115/><W18/><G83/><T77/><D113/><U17/><E5/><V92/><F3/><W75/><G75/><T15/><D47/><U105/><E105/><N who="3" m="39946" /><G114/><T1/><D1/><U44/><E132/><V43/><F11/><W35/><G111/><T7/><D72/><U54/><E130/><V120/><F120/><W110/><G110/><T65/><D77/><U133/><E133/><V99/><F104/><W6/><G6/><T82/><D7/><U95/><E95/><V100/><F100/><W103/><G103/><T34/><D34/><U36/><E81/><V123/><F123/><W67/><G67/><T64/><D64/><U63/><E17/><V122/><F122/><W53/><G53/><N who="1" m="19978" /><E13/><V101/><F58/><W2/><G2/><T88/><D15/><U51/><E63/><V131/><F131/><W25/><G25/><T22/><REACH who="0" step="1"/><D28/><REACH who="0" ten="42,267,479,202" step="2"/><U125/><E125/><N who="3" m="47626" /><G109/><T86/><D86/><U27/><E27/><V98/><REACH who="2" step="1"/><F101/><REACH who="2" ten="42,267,469,202" step="2"/><W80/><G35/><T89/><D89/><U129/><E129/><V73/><F73/><W134/><G134/><T79/><D79/><U38/><E45/><AGARI ba="0,2" hai="0,4,8,41,42,43,45,48,84,91,92,97,98,99" machi="45" ten="40,1300,0" yaku="1,1,53,0" doraHai="59" doraHaiUra="117" who="2" fromWho="1" sc="42,0,267,-13,469,33,202,0" /><INIT seed="6,0,0,1,2,128" ten="42,254,502,202" oya="2" hai0="22,61,46,115,125,92,16,74,48,106,123,36,58" hai1="53,2,86,96,118,89,132,102,8,44,3,33,127" hai2="73,0,129,116,37,49,121,71,114,82,19,94,29" hai3="17,135,91,12,87,85,62,63,39,77,55,70,124"/><V97/><F121/><W30/><G39/><T84/><D123/><U5/><E118/><V100/><F116/><W99/><G70/><T42/><D115/><U126/><E33/><V112/><F37/><W59/><G124/><N who="1" m="47658" /><E44/><V119/><F71/><W15/><G30/><T83/><D125/><U14/><E53/><V10/><F29/><W27/><G63/><T64/><D74/><U57/><E57/><V134/><F129/><W50/><G77/><T20/><D36/><U52/><E52/><V117/><F49/><W38/><G38/><T56/><D106/><N who="1" m="63815" /><E132/><V9/><F134/><W72/><G72/><T47/><D47/><U88/><E89/><V93/><F93/><AGARI ba="0,0" hai="2,3,5,8,14,86,88,93" m="63815,47658" machi="93" ten="30,2000,0" yaku="18,1,54,1" doraHai="128" who="1" fromWho="2" sc="42,0,254,20,502,-20,202,0" /><INIT seed="7,0,0,2,2,75" ten="42,274,482,202" oya="3" hai0="63,94,113,128,120,18,22,105,41,90,78,57,25" hai1="54,27,28,5,61,33,115,7,3,26,53,118,29" hai2="97,19,23,70,80,30,6,49,13,68,134,104,47" hai3="44,121,2,66,15,73,55,51,86,87,117,127,65"/><W48/><G73/><T82/><D128/><U123/><E115/><V52/><F134/><W36/><G2/><T81/><D113/><U42/><E123/><V11/><F30/><W74/><G74/><T76/><D120/><U58/><E118/><V34/><F80/><W39/><G15/><T0/><D0/><U98/><E42/><V43/><F34/><W62/><G87/><T21/><D105/><U4/><E98/><V111/><F111/><W84/><G84/><T85/><D41/><U16/><E16/><V67/><F67/><W83/><G86/><T110/><D110/><U14/><E3/><V50/><F104/><W10/><G10/><T101/><D81/><U108/><E108/><V132/><F97/><W124/><G83/><T92/><D101/><U60/><E14/><V103/><F103/><W106/><G106/><T126/><D126/><N who="3" m="48169" /><G117/><T12/><D92/><U9/><E9/><V20/><F20/><W95/><G95/><T96/><D21/><U77/><E77/><V125/><F132/><W100/><G100/><T109/><D109/><U46/><E46/><V116/><F116/><W114/><G121/><T88/><REACH who="0" step="1"/><D12/><REACH who="0" ten="32,274,482,202" step="2"/><U31/><E33/><V56/><F125/><W17/><G114/><T38/><D38/><U131/><E131/><V79/><F79/><W71/><G39/><T89/><D89/><U122/><E122/><V93/><F93/><W24/><G36/><T102/><D102/><U8/><E8/><V107/><F107/><W32/><G32/><T135/><D135/><U99/><E7/><V35/><F35/><W40/><G40/><RYUUKYOKU ba="0,1" sc="32,15,274,-15,482,15,202,-15" hai0="18,22,25,57,63,76,78,82,85,88,90,94,96" hai2="6,11,13,19,23,43,47,49,50,52,56,68,70" owari="47,-45.0,259,6.0,507,60.0,187,-21.0" /></mjloggm>