<mjloggm ver="2.3"><GO type="41" lobby="0"/><UN n0="%E2%93%9D%53%75%70%68%78" n1="%4B%53%32%32" n2="%E7%AF%A0%E5%B4%8E%EF%BC%A0%E8%8D%92%E6%AD%A6%E8%80%85" n3="%E5%A4%A7%E8%BF%AB%E5%8D%8A%E7%AB%AF%E3%81%AA%E3%81%84" dan="18,13,14,14" rate="2137.31,1927.71,1898.25,1881.25" sx="M,M,M,M"/><TAIKYOKU oya="0"/><INIT seed="0,0,0,2,2,44" ten="250,250,250,250" oya="0" hai0="58,103,73,72,62,2,79,85,86,11,83,135,10" hai1="124,5,81,14,104,76,91,31,127,116,114,101,117" hai2="112,74,54,19,88,27,28,108,82,38,37,130,63" hai3="53,128,50,0,46,113,84,119,33,68,26,95,13"/><T43/><D135/><U8/><E31/><V77/><F108/><W6/><G113/><T99/><D43/><U122/><E91/><V92/><F112/><W40/><G68/><T51/><D73/><U17/><E114/><V21/><F130/><W36/><G128/><T87/><D2/><U24/><E122/><V25/><F25/><W3/><G33/><T69/><D69/><U80/><E104/><V89/><F89/><W94/><G26/><T49/><D11/><U125/><E101/><V123/><F28/><W126/><G126/><T9/><D9/><U105/><E105/><V98/><REACH who="2" step="1"/><F123/><REACH who="2" ten="250,250,240,250" step="2"/><W106/><G119/><T66/><REACH who="0" step="1"/><D10/><REACH who="0" ten="240,250,240,250" step="2"/><U30/><E117/><V109/><F109/><W55/><G0/><T20/><D20/><U22/><E116/><V111/><F111/><W100/><G3/><T129/><D129/><U65/><E124/><V18/><F18/><W1/><G1/><T75/><D75/><U60/><E125/><V120/><F120/><W16/><G6/><T64/><D64/><U4/><E127/><V45/><F45/><W59/><G55/><T52/><D52/><U67/><E67/><V61/><F61/><W121/><G121/><T90/><D90/><U133/><E65/><V12/><F12/><W96/><REACH who="3" step="1"/><G84/><REACH who="3" ten="240,250,240,240" step="2"/><T7/><D7/><U134/><E5/><V35/><F35/><W41/><G41/><T132/><D132/><U34/><E4/><V110/><F110/><W115/><G115/><T42/><D42/><U29/><E134/><V48/><F48/><W131/><G131/><T97/><D97/><U39/><E133/><RYUUKYOKU ba="0,3" sc="240,10,250,-30,240,10,240,10" hai0="49,51,58,62,66,72,79,83,85,86,87,99,103" hai2="19,21,27,37,38,54,63,74,77,82,88,92,98" hai3="13,16,36,40,46,50,53,59,94,95,96,100,106" /><INIT seed="0,1,3,5,3,35" ten="250,220,250,250" oya="0" hai0="108,0,115,24,89,124,119,53,69,61,110,75,50" hai1="76,52,71,101,106,99,30,79,97,16,121,96,45" hai2="123,91,15,112,88,26,12,36,23,1,72,54,48" hai3="21,78,32,85,94,51,135,14,41,83,18,66,19"/><T93/><D115/><U70/><E121/><V104/><F1/><W27/><G135/><T116/><D75/><U31/><E71/><V39/><F104/><W114/><G32/><T131/><D24/><U22/><E70/><V63/><F123/><W11/><G114/><T17/><D17/><U10/><E10/><V42/><F112/><W33/><G33/><T81/><D81/><U92/><E106/><V57/><F72/><W4/><G66/><N who="0" m="41167" /><D124/><U20/><E101/><V84/><F39/><W77/><G94/><T117/><D0/><U46/><E92/><N who="2" m="54279" /><F91/><N who="3" m="51647" /><G4/><T120/><D131/><U133/><E133/><V129/><F36/><W86/><G86/><T2/><D2/><U107/><E107/><V28/><F129/><W100/><G100/><T73/><D73/><U128/><E128/><V132/><F132/><W127/><G127/><T59/><D120/><U130/><E130/><V126/><F126/><W62/><G62/><T90/><D93/><U87/><E87/><V29/><F29/><W7/><G7/><T37/><D37/><U68/><E68/><V44/><AGARI ba="1,3" hai="12,15,23,26,28,42,44,48,54,57,63" m="54279" machi="44" ten="30,2000,0" yaku="8,1,54,1" doraHai="35" who="2" fromWho="2" sc="250,-11,220,-6,250,53,250,-6" /><INIT seed="1,0,0,4,2,83" ten="239,214,303,244" oya="1" hai0="109,57,79,62,51,132,92,48,99,9,38,60,0" hai1="73,45,97,84,125,13,23,36,111,18,117,37,108" hai2="31,3,75,55,4,80,54,85,118,81,66,116,2" hai3="101,86,93,65,26,10,127,53,77,28,39,113,35"/><U131/><E117/><V130/><F66/><W46/><G113/><T89/><D38/><U129/><E73/><V110/><F31/><W30/><G127/><T67/><D109/><N who="1" m="42059" /><E45/><V102/><F110/><W122/><G30/><T15/><D132/><U11/><E97/><V24/><F102/><W119/><G122/><T17/><D0/><U25/><E125/><V74/><F24/><W68/><G101/><T82/><REACH who="0" step="1"/><D62/><REACH who="0" ten="229,214,303,244" step="2"/><U91/><E37/><V16/><F3/><W76/><G39/><T49/><D49/><U52/><E36/><V106/><F2/><W69/><G119/><T123/><D123/><U61/><E131/><V105/><F130/><W59/><G46/><T88/><D88/><U128/><E129/><V124/><F124/><W90/><G10/><T95/><D95/><N who="1" m="54759" /><E128/><V114/><F114/><W32/><G32/><T78/><D78/><U19/><E61/><V29/><F116/><W94/><G94/><T112/><D112/><U135/><E135/><V20/><F118/><W50/><REACH who="3" step="1"/><G65/><REACH who="3" ten="229,214,303,234" step="2"/><T6/><D6/><U100/><E100/><V44/><F4/><W12/><G12/><T5/><D5/><U33/><E33/><V56/><F106/><W107/><G107/><T133/><D133/><U126/><E126/><V14/><F105/><W98/><G98/><T58/><D58/><U63/><E63/><V70/><F70/><AGARI ba="0,2" hai="26,28,35,50,53,59,68,69,70,76,77,86,90,93" machi="70" ten="40,2600,0" yaku="1,1,52,1,53,0" doraHai="83" doraHaiUra="103" who="3" fromWho="2" sc="229,0,214,0,303,-26,234,46" /><INIT seed="2,0,0,3,2,33" ten="229,214,277,280" oya="2" hai0="72,87,85,29,39,6,49,51,83,31,75,30,16" hai1="107,135,42,56,105,103,24,112,86,11,88,104,41" hai2="97,102,127,48,55,1,99,62,60,13,111,58,101" hai3="89,64,95,20,35,17,106,132,47,18,36,54,21"/><V7/><F127/><W38/><G106/><T44/><D39/><U8/><E112/><V43/><F111/><W2/><G35/><T32/><D32/><U115/><E115/><V94/><F1/><W128/><G64/><T34/><D34/><U37/><E135/><V15/><F43/><W78/><G78/><T10/><D75/><U26/><E103/><V68/><F68/><W119/><G119/><T134/><D72/><U65/><E37/><V117/><F117/><W3/><G54/><T71/><D71/><U4/><E65/><V27/><F7/><W69/><G69/><T74/><D74/><U40/><E56/><V5/><F5/><W133/><G95/><T50/><D134/><U80/><REACH who="1" step="1"/><E4/><REACH who="1" ten="229,204,277,280" step="2"/><V98/><F101/><W116/><G116/><T113/><D113/><U130/><E130/><V12/><F27/><AGARI ba="0,1" hai="8,11,24,26,27,40,41,42,80,86,88,104,105,107" machi="27" ten="50,6400,0" yaku="1,1,54,1,53,1" doraHai="33" doraHaiUra="82" who="1" fromWho="2" sc="229,0,204,74,277,-64,280,0" /><INIT seed="3,0,0,2,4,29" ten="229,278,213,280" oya="3" hai0="15,82,94,124,11,121,27,37,110,85,10,12,58" hai1="97,30,96,22,46,91,44,104,49,19,68,48,86" hai2="0,18,76,39,14,87,79,99,66,47,127,41,92" hai3="34,13,116,32,70,119,106,4,103,40,62,73,75"/><W128/><G40/><T25/><D110/><U3/><E68/><V5/><F127/><W109/><G13/><T33/><D37/><U120/><E3/><V17/><F66/><N who="3" m="41303" /><G4/><T71/><D121/><U118/><E120/><V135/><F135/><W36/><G36/><T123/><D71/><U83/><E30/><V72/><F79/><W98/><G109/><T42/><D124/><U134/><E134/><V88/><F72/><N who="3" m="27723" /><G128/><T51/><D123/><U9/><E9/><V115/><F115/><W31/><G31/><T95/><D42/><N who="1" m="24599" /><E104/><V89/><F0/><W21/><G21/><T114/><D114/><U45/><E118/><AGARI ba="0,0" hai="32,34,98,103,106,116,118,119" m="27723,41303" machi="118" ten="30,5800,0" yaku="23,1,52,2" doraHai="29" who="3" fromWho="1" sc="229,0,278,-58,213,0,280,58" /><INIT seed="3,1,0,0,0,49" ten="229,220,213,338" oya="3" hai0="45,30,116,11,79,130,59,120,103,14,65,21,52" hai1="40,109,119,75,42,124,126,54,69,71,2,132,123" hai2="38,28,22,26,94,66,73,114,84,47,7,110,12" hai3="95,133,17,32,76,18,58,85,60,36,37,90,125"/><W121/><G121/><T89/><D116/><U111/><E75/><V105/><F105/><W0/><G32/><T8/><D130/><U72/><E2/><V127/><F73/><W99/><G0/><T80/><D103/><U91/><E91/><V93/><F114/><W25/><G125/><N who="1" m="48234" /><E72/><V131/><F110/><N who="1" m="41993" /><E123/><V5/><F131/><W96/><G133/><T134/><D89/><U98/><E98/><V67/><F5/><W115/><G115/><T57/><D134/><U81/><E81/><V100/><F94/><W1/><G1/><T61/><D45/><U46/><E132/><V41/><F127/><W106/><G99/><T24/><D120/><U88/><E88/><V128/><F128/><W129/><G18/><T48/><REACH who="0" step="1"/><D14/><REACH who="0" ten="219,220,213,338" step="2"/><U87/><E87/><AGARI ba="1,1" hai="8,11,21,24,30,48,52,57,59,61,65,79,80,87" machi="87" ten="30,12000,2" yaku="1,1,2,1,7,1,8,1,52,1,54,1,53,1" doraHai="49" doraHaiUra="44" who="0" fromWho="1" sc="219,133,220,-123,213,0,338,0" /><INIT seed="4,0,0,3,4,12" ten="352,97,213,338" oya="0" hai0="24,50,120,77,125,100,18,57,87,33,20,55,106" hai1="108,88,92,40,43,44,1,15,56,68,10,122,63" hai2="74,9,105,45,27,49,31,131,62,53,58,86,5" hai3="93,123,52,104,69,90,66,115,54,111,82,127,19"/><T135/><D120/><U48/><E1/><V119/><F74/><W38/><G104/><T46/><D135/><U14/><E122/><V84/><F105/><W29/><G111/><T107/><D125/><U116/><E116/><V95/><F131/><W0/><G123/><T78/><D33/><U8/><E108/><V37/><F37/><W28/><G38/><T16/><D107/><U32/><E32/><V98/><F9/><N who="1" m="3689" /><E68/><V134/><F5/><W91/><G0/><T39/><D106/><U130/><E43/><V13/><F13/><W128/><G115/><T75/><D75/><U36/><E36/><V85/><F134/><W118/><G118/><T124/><D100/><U51/><E51/><V47/><F119/><W83/><G127/><T25/><D124/><U30/><E30/><V4/><F4/><W11/><G69/><T80/><D39/><U22/><E22/><V23/><REACH who="2" step="1"/><F49/><REACH who="2" ten="352,97,203,338" step="2"/><W121/><G128/><T17/><D25/><U21/><E130/><V126/><F126/><W97/><G121/><T109/><D109/><U59/><E14/><V102/><AGARI ba="0,1" hai="23,27,31,45,47,53,58,62,84,85,86,95,98,102" machi="102" ten="30,4000,0" yaku="1,1,0,1,8,1,53,0" doraHai="12" doraHaiUra="6" who="2" fromWho="2" sc="352,-20,97,-10,203,50,338,-10" /><INIT seed="5,0,0,0,2,52" ten="332,87,253,328" oya="1" hai0="96,15,10,46,90,54,23,126,128,36,118,28,106" hai1="125,91,0,131,39,98,99,108,45,26,100,5,73" hai2="127,83,31,72,41,79,30,65,123,56,113,119,8" hai3="18,55,134,76,80,88,94,89,4,101,105,6,71"/><U48/><E39/><V57/><F119/><W51/><G71/><T86/><D128/><U102/><E26/><V78/><F123/><W130/><G134/><T84/><D126/><U112/><E0/><V14/><F65/><W13/><G105/><T50/><D36/><U40/><E5/><V67/><F67/><W3/><G101/><T97/><D86/><U117/><E117/><V81/><F41/><W74/><G3/><T93/><D106/><U63/><E73/><V47/><F47/><W64/><G64/><T103/><D118/><U111/><E91/><V114/><F127/><W43/><G43/><T87/><D87/><U21/><E125/><V110/><F110/><N who="1" m="42025" /><E21/><V32/><F32/><W62/><G62/><T25/><REACH who="0" step="1"/><D103/><REACH who="0" ten="322,87,253,328" step="2"/><N who="1" m="39467" /><E131/><V1/><F1/><W129/><G130/><T70/><D70/><U122/><E122/><V11/><F72/><W121/><G121/><T20/><D20/><U27/><E112/><V42/><F42/><W17/><G89/><T9/><D9/><U115/><E115/><V7/><F7/><AGARI ba="0,1" hai="7,10,15,23,25,28,46,50,54,84,90,93,96,97" machi="7" ten="30,7700,0" yaku="1,1,7,1,8,1,53,1" doraHai="52" doraHaiUra="22" who="0" fromWho="2" sc="322,87,87,0,253,-77,328,0" /><INIT seed="6,0,0,1,1,64" ten="409,87,176,328" oya="2" hai0="83,91,84,34,31,52,66,79,60,96,72,133,23" hai1="65,135,6,25,27,63,4,14,28,11,17,107,43" hai2="71,16,15,56,32,37,82,93,54,44,90,49,22" hai3="2,89,26,100,58,110,106,18,102,29,51,120,41"/><V86/><F32/><W118/><G110/><T97/><D34/><N who="1" m="20751" /><E107/><V40/><REACH who="2" step="1"/><F71/><REACH who="2" ten="409,87,166,328" step="2"/><W108/><G108/><T48/><D133/><U112/><E135/><V126/><F126/><W81/><G120/><T21/><D72/><U123/><E43/><V85/><F85/><W128/><G41/><T30/><D84/><U8/><E123/><V78/><F78/><W12/><G118/><T74/><D79/><U80/><E80/><AGARI ba="0,1" hai="15,16,22,37,40,44,49,54,56,80,82,86,90,93" machi="80" ten="40,12000,1" yaku="1,1,25,2,54,1,53,0" doraHai="64" doraHaiUra="121" who="2" fromWho="1" sc="409,0,87,-120,166,130,328,0" owari="409,50.0,-33,-53.0,296,-10.0,328,13.0" /></mjloggm>