<mjloggm ver="2.3"><GO type="41" lobby="0"/><UN n0="%E3%82%84%E3%81%9F%E3%82%8D%E3%81%86%3A%29" n1="%E2%93%9D%53%75%70%68%78" n2="%E2%98%86%E3%81%8B%E3%81%9A%E3%81%8A%E2%98%86" n3="%6C%75%6E%61%32%33%34%35" dan="14,18,13,15" rate="1914.75,2158.47,1864.17,1994.64" sx="M,M,M,F"/><TAIKYOKU oya="0"/><INIT seed="0,0,0,3,5,63" ten="250,250,250,250" oya="0" hai0="135,36,38,122,120,112,0,129,68,82,33,57,65" hai1="114,74,26,56,98,8,90,102,101,72,32,133,31" hai2="49,47,105,61,87,118,17,71,76,109,16,81,111" hai3="45,77,4,5,51,10,2,43,14,115,73,78,100"/><T94/><D112/><U62/><E114/><V92/><F105/><W46/><G115/><T21/><D33/><U110/><E110/><N who="2" m="41995" /><F118/><W25/><G100/><T11/><D68/><U80/><E133/><V126/><F92/><W107/><G107/><T119/><D135/><U127/><E127/><V59/><F71/><W60/><G25/><T48/><D119/><U70/><E102/><V54/><F126/><W9/><G73/><T39/><D129/><U50/><E50/><V13/><F13/><W79/><G60/><T34/><D34/><U88/><E8/><V108/><N who="2" m="42003" /><V116/><DORA hai="117" /><F116/><W75/><G75/><T30/><D82/><U58/><E74/><V44/><F44/><W83/><REACH who="3" step="1"/><G46/><REACH who="3" ten="250,250,250,240" step="2"/><T89/><D120/><U37/><E72/><V99/><F99/><W42/><G42/><AGARI ba="0,1" hai="16,17,42,47,49,54,59,61,76,81,87" m="42003" machi="42" ten="40,2600,0" yaku="14,1,54,1" doraHai="63,117" who="2" fromWho="3" sc="250,0,250,0,250,36,240,-26" /><INIT seed="1,0,0,4,5,42" ten="250,250,286,214" oya="1" hai0="41,71,123,47,115,33,130,69,62,46,8,79,116" hai1="99,51,98,45,83,34,48,90,114,19,128,1,60" hai2="17,23,6,2,22,88,132,24,68,35,105,11,126" hai3="107,119,84,54,67,125,56,32,3,38,52,50,26"/><U43/><E114/><V10/><F105/><W72/><G72/><T49/><D115/><U85/><E128/><V108/><F68/><W101/><G3/><T21/><D130/><U12/><E1/><V18/><F108/><W117/><G38/><T118/><D33/><U76/><E34/><V27/><F88/><W75/><G75/><T122/><D79/><U37/><E60/><V110/><F110/><W31/><G125/><T109/><D21/><U65/><E65/><V129/><F132/><W30/><G30/><T87/><D87/><U94/><REACH who="1" step="1"/><E99/><REACH who="1" ten="250,240,286,214" step="2"/><V102/><F129/><W89/><G67/><T121/><D109/><U64/><E64/><V134/><F134/><W20/><G32/><T92/><D62/><U44/><E44/><V58/><F126/><W100/><G117/><N who="0" m="45163" /><D46/><U7/><E7/><N who="2" m="1399" /><F58/><W57/><G119/><T120/><D120/><U40/><E40/><V4/><F102/><W9/><G101/><T53/><D41/><U77/><E77/><V80/><F4/><W91/><G100/><T103/><D71/><U29/><E29/><V97/><F97/><W28/><G31/><T113/><D69/><U66/><E66/><V131/><F131/><W59/><G59/><T15/><D113/><U16/><E16/><N who="2" m="6251" /><F35/><W78/><G57/><T14/><D103/><U82/><E82/><V36/><F80/><N who="3" m="47127" /><G54/><T74/><D122/><U70/><E70/><V25/><F36/><W135/><G56/><T86/><D123/><U104/><E104/><V81/><F81/><W96/><G107/><T63/><D121/><U13/><E13/><AGARI ba="0,1" hai="6,11,13,22,23,24,25,27" m="6251,1399" machi="13" ten="30,12000,2" yaku="35,5,54,1" doraHai="42" who="2" fromWho="1" sc="250,0,240,-120,286,130,214,0" /><INIT seed="2,0,0,2,2,113" ten="250,120,416,214" oya="2" hai0="36,97,19,63,62,121,16,6,32,68,20,88,66" hai1="126,112,59,84,70,51,117,47,81,118,77,56,53" hai2="100,26,132,99,7,123,130,52,106,60,23,9,39" hai3="93,85,10,29,69,111,8,28,55,12,57,96,33"/><V49/><F123/><W115/><G69/><T125/><D121/><U4/><E112/><V50/><F39/><W91/><G115/><T107/><D32/><U122/><E122/><V75/><F75/><W61/><G111/><T128/><D36/><U0/><E70/><V104/><F130/><W83/><G33/><T103/><D128/><U110/><E126/><V5/><F5/><W42/><G42/><T79/><D79/><U105/><E105/><V72/><F72/><W37/><G37/><T133/><D125/><U74/><E110/><V27/><F27/><W86/><G86/><T44/><D6/><U134/><E134/><V22/><F22/><W90/><REACH who="3" step="1"/><G8/><REACH who="3" ten="250,120,416,204" step="2"/><T3/><D133/><U13/><E74/><V1/><F132/><W76/><G76/><T35/><D35/><U127/><E127/><V43/><F43/><W92/><G92/><T87/><D68/><U71/><E71/><V135/><F106/><W34/><G34/><T30/><D107/><U120/><E120/><V98/><F135/><W11/><G11/><T67/><D97/><U17/><E0/><V73/><F99/><W38/><G38/><T102/><D3/><U46/><E4/><AGARI ba="0,1" hai="4,10,12,28,29,55,57,61,83,85,90,91,93,96" machi="4" ten="30,3900,0" yaku="1,1,7,1,8,1,53,0" doraHai="113" doraHaiUra="40" who="3" fromWho="1" sc="250,0,120,-39,416,0,204,49" /><INIT seed="3,0,0,4,3,2" ten="250,81,416,253" oya="3" hai0="122,6,17,123,45,12,114,41,53,11,85,98,103" hai1="26,38,35,48,135,60,86,5,106,19,97,81,93" hai2="69,34,67,111,113,89,50,65,116,20,23,43,119" hai3="71,29,118,108,72,121,62,37,63,0,54,130,16"/><W78/><G118/><T88/><D114/><U57/><E38/><V99/><F111/><W15/><G121/><T33/><D33/><U84/><E106/><V127/><F34/><W9/><G37/><T115/><D115/><U80/><E135/><V13/><F127/><W131/><G108/><T90/><D53/><U27/><E48/><V58/><F69/><W105/><G105/><T83/><D90/><U61/><E35/><V18/><F113/><W73/><G29/><T129/><D129/><N who="3" m="49161" /><G78/><T22/><D98/><U126/><E19/><V46/><F116/><W28/><G28/><T36/><REACH who="0" step="1"/><D103/><REACH who="0" ten="240,81,416,253" step="2"/><U101/><E101/><V75/><F89/><W74/><G54/><T70/><D70/><U1/><E97/><V112/><F99/><W102/><G102/><T117/><D117/><U107/><E126/><V100/><F100/><W8/><G71/><T32/><D32/><U14/><E107/><V124/><F124/><W44/><G44/><T64/><D64/><U59/><E57/><V120/><F58/><W95/><G95/><T25/><AGARI ba="0,1" hai="6,11,12,17,22,25,36,41,45,83,85,88,122,123" machi="25" ten="20,8000,1" yaku="1,1,0,1,7,1,52,1,54,1,53,0" doraHai="2" doraHaiUra="24" who="0" fromWho="0" sc="240,90,81,-20,416,-20,253,-40" /><INIT seed="4,0,0,5,0,32" ten="330,61,396,213" oya="0" hai0="102,80,117,46,71,69,115,79,61,50,15,10,47" hai1="92,70,25,85,29,2,21,6,4,31,127,105,24" hai2="0,35,1,37,8,38,99,82,133,83,11,45,111" hai3="9,48,36,81,120,114,30,39,74,104,73,72,53"/><T33/><D33/><U118/><E70/><V90/><F111/><W43/><G104/><T125/><D117/><U110/><E105/><V89/><F99/><W64/><G64/><T17/><D125/><U113/><E85/><V98/><F98/><W93/><G30/><T129/><D115/><U44/><E44/><V22/><F35/><W132/><G93/><T88/><D129/><U109/><E92/><V27/><F22/><W58/><G81/><T63/><D102/><U78/><E78/><V34/><F34/><W112/><G43/><T124/><D124/><U107/><E107/><V59/><F59/><W106/><G106/><T77/><D77/><U119/><E21/><V60/><F60/><W49/><G49/><T16/><D17/><U134/><E127/><V5/><F27/><W23/><G23/><T87/><D79/><U28/><E29/><V94/><F94/><W131/><G131/><T3/><D3/><U121/><E134/><V62/><F62/><N who="0" m="23562" /><D46/><U135/><E135/><V91/><F133/><W7/><G132/><T95/><D95/><U116/><E116/><V14/><F14/><W76/><G76/><T130/><D130/><U123/><REACH who="1" step="1"/><E2/><REACH who="1" ten="330,51,396,213" step="2"/><V108/><F45/><W57/><G73/><T122/><D122/><U20/><E20/><V75/><F75/><W100/><G72/><T86/><D87/><U18/><E18/><V56/><F56/><W51/><G58/><T42/><D71/><U13/><E13/><V101/><F0/><W52/><G74/><T55/><D69/><U103/><E103/><V67/><F101/><W128/><G100/><RYUUKYOKU ba="0,1" sc="330,15,51,15,396,-15,213,-15" hai0="10,15,16,42,47,50,55,80,86,88" hai1="4,6,24,25,28,31,109,110,113,118,119,121,123" /><INIT seed="4,1,1,3,0,34" ten="345,66,381,198" oya="0" hai0="122,120,39,77,47,96,49,78,28,84,119,114,81" hai1="88,62,109,106,63,104,11,36,16,48,7,85,32" hai2="117,52,23,26,75,93,72,31,86,113,38,50,131" hai3="115,59,121,43,20,21,118,83,124,46,79,107,73"/><T56/><D114/><U40/><E36/><V132/><F38/><W37/><G118/><T92/><D119/><U24/><E109/><V5/><F113/><W44/><G115/><T68/><D39/><U74/><E74/><V19/><F5/><W3/><G124/><T22/><D68/><U27/><E106/><V76/><F132/><W102/><G44/><T13/><D56/><U60/><E104/><V94/><F75/><W133/><G133/><T58/><D58/><U12/><E32/><V15/><F72/><W53/><G121/><T70/><D70/><U51/><E7/><V129/><F117/><W116/><G116/><T17/><D77/><U82/><REACH who="1" step="1"/><E48/><REACH who="1" ten="345,56,381,198" step="2"/><V30/><F129/><W108/><G108/><T2/><D122/><U87/><E87/><V90/><F131/><W91/><G73/><T110/><D120/><U128/><E128/><V41/><F86/><W14/><G37/><T35/><D35/><U45/><AGARI ba="1,2" hai="11,12,16,24,27,40,45,51,60,62,63,82,85,88" machi="45" ten="30,12000,2" yaku="1,1,0,1,8,1,54,2,53,1" doraHai="34" doraHaiUra="9" who="1" fromWho="1" sc="345,-61,56,143,381,-31,198,-31" /><INIT seed="5,0,0,1,3,82" ten="284,199,350,167" oya="1" hai0="54,108,74,66,24,120,132,29,1,50,57,62,31" hai1="6,104,121,37,94,79,14,72,122,85,41,36,38" hai2="98,12,23,130,107,112,44,46,100,75,39,33,16" hai3="40,99,43,21,114,64,0,87,45,65,86,133,77"/><U13/><E104/><V96/><F33/><W15/><G133/><T105/><D108/><U73/><E41/><V8/><F75/><N who="1" m="28745" /><E6/><V48/><F39/><W84/><G0/><T7/><D74/><U9/><E9/><V117/><F117/><W25/><G114/><T5/><D105/><U19/><E19/><V127/><F127/><W92/><G15/><N who="1" m="5642" /><E94/><V63/><F112/><W109/><G109/><T71/><D132/><U2/><E79/><V91/><F8/><W49/><G43/><T95/><D1/><U81/><E81/><V97/><F91/><N who="3" m="55711" /><G77/><T10/><D10/><U135/><E135/><V93/><F107/><W129/><G129/><T68/><D5/><U59/><E59/><V111/><F130/><W126/><G126/><T128/><D7/><U80/><E80/><V53/><F111/><W20/><G20/><T51/><D128/><U52/><E2/><V32/><F32/><W118/><G118/><T26/><D95/><U30/><E30/><AGARI ba="0,0" hai="21,25,30,40,45,49,64,65,84,86,87" m="55711" machi="30" ten="30,7700,0" yaku="8,1,52,3" doraHai="82" who="3" fromWho="1" sc="284,0,199,-77,350,0,167,77" /><INIT seed="6,0,0,4,3,16" ten="284,122,350,244" oya="2" hai0="114,38,76,135,122,2,52,60,81,100,48,34,56" hai1="133,54,79,67,129,75,108,29,25,85,10,124,68" hai2="5,41,28,13,9,90,26,18,80,104,23,73,51" hai3="62,69,115,17,57,20,127,87,118,110,11,24,78"/><V21/><F104/><W4/><G127/><T30/><D122/><U63/><E108/><V123/><F73/><W65/><G110/><T53/><D114/><U105/><E124/><V22/><F123/><W97/><G118/><T43/><D2/><U128/><E85/><N who="2" m="50471" /><F51/><W131/><G131/><T44/><D100/><U89/><E89/><V112/><F112/><W39/><G39/><T58/><D135/><U109/><E109/><V35/><F41/><W49/><G97/><T120/><D120/><U45/><E133/><V107/><F107/><W3/><G115/><T8/><D8/><U15/><E105/><V50/><F50/><W64/><G49/><T70/><D34/><U93/><E45/><V94/><F94/><W96/><G96/><T19/><D30/><U14/><E93/><V95/><F95/><W36/><G36/><T37/><D19/><U103/><E103/><V66/><F66/><W33/><G65/><N who="0" m="41255" /><D81/><U117/><E117/><V31/><F35/><W113/><G113/><T116/><D76/><U1/><E79/><V98/><F98/><W6/><G33/><T99/><D99/><U88/><E75/><V134/><F134/><W130/><G78/><T101/><D101/><U82/><E129/><V32/><F31/><W91/><G130/><T61/><D116/><U55/><E128/><V121/><F121/><W119/><G119/><T71/><D37/><U86/><E1/><AGARI ba="0,0" hai="1,5,9,13,18,21,22,23,26,28,32" m="50471" machi="1" ten="30,11600,0" yaku="24,1,52,3" doraHai="16" who="2" fromWho="1" sc="284,0,122,-116,350,116,244,0" /><INIT seed="6,1,0,1,2,43" ten="284,6,466,244" oya="2" hai0="64,125,35,79,6,99,28,47,124,57,3,101,112" hai1="4,5,131,50,102,122,24,127,83,45,12,8,53" hai2="74,26,17,20,60,51,31,92,72,113,14,34,39" hai3="114,133,59,117,61,48,93,84,82,36,7,16,15"/><V94/><F39/><W25/><G117/><T67/><D112/><U85/><E131/><V119/><F119/><W52/><G133/><T29/><D79/><U71/><E71/><V75/><F113/><W41/><G114/><T76/><D76/><U118/><E118/><V44/><REACH who="2" step="1"/><F60/><REACH who="2" ten="284,6,456,244" step="2"/><W132/><G36/><T90/><D124/><U105/><E127/><V37/><F37/><W11/><G61/><T78/><D125/><U109/><E109/><V135/><F135/><W62/><G132/><T49/><D67/><U80/><E122/><V13/><F13/><W40/><G62/><T33/><D64/><U111/><E111/><V22/><F22/><N who="3" m="13511" /><G93/><T30/><D33/><U18/><E105/><V32/><F32/><W88/><AGARI ba="1,1" hai="7,11,15,40,41,48,52,59,82,84,88" m="13511" machi="88" ten="30,7900,0" yaku="8,1,54,3" doraHai="43" who="3" fromWho="3" sc="284,-21,6,-21,456,-40,244,92" owari="263,-14.0,-15,-52.0,416,52.0,336,14.0" /></mjloggm>