<mjloggm ver="2.3"><GO type="41" lobby="0"/><UN n0="%E3%81%95%E3%81%8F%E3%82%89%E3%81%B1%E3%82%93%E3%81%A0" n1="%61%31%32%33%34%35%36%37" n2="%79%6F%77" n3="%E2%93%9D%53%75%70%68%78" dan="14,13,15,18" rate="1913.26,1903.10,2017.09,2113.67" sx="M,M,M,M"/><TAIKYOKU oya="0"/><INIT seed="0,0,0,3,0,122" ten="250,250,250,250" oya="0" hai0="14,24,37,134,109,73,107,45,62,11,106,133,47" hai1="94,25,51,10,115,1,2,43,27,32,79,126,46" hai2="50,64,105,128,104,31,30,88,49,8,100,118,22" hai3="114,66,7,116,41,108,129,103,90,39,68,112,53"/><T35/><D73/><U34/><E115/><V70/><F128/><W63/><G103/><T75/><D75/><U20/><E79/><V93/><F118/><W81/><G7/><T0/><D62/><U121/><E126/><V98/><F104/><W113/><G90/><T4/><D14/><U12/><E94/><V67/><F8/><W69/><G81/><T48/><D47/><U40/><E121/><V71/><F71/><W110/><G129/><T18/><D18/><U36/><E36/><V101/><F105/><W16/><G16/><T89/><D89/><U123/><E123/><V56/><F70/><N who="3" m="42335" /><G53/><T26/><D26/><U59/><E12/><V78/><F78/><W3/><G3/><T65/><D65/><U9/><E20/><V15/><F67/><W82/><G82/><T52/><D107/><U97/><E97/><V19/><F101/><W96/><G96/><T76/><D106/><U42/><E1/><V55/><F64/><W80/><G80/><T87/><D76/><U85/><E2/><V54/><F100/><W13/><G116/><T131/><D87/><U119/><E119/><V29/><REACH who="2" step="1"/><F30/><REACH who="2" ten="250,250,240,250" step="2"/><W111/><G13/><T23/><D131/><U125/><E10/><V120/><F120/><W95/><G95/><T21/><D134/><U74/><E9/><V28/><F28/><W60/><G60/><T130/><D133/><U92/><E125/><V33/><F33/><W57/><G57/><AGARI ba="0,1" hai="15,19,22,29,31,49,50,54,55,56,57,88,93,98" machi="57" ten="30,12000,2" yaku="1,1,7,1,9,1,8,1,54,1,53,1" doraHai="122" doraHaiUra="86" who="2" fromWho="3" sc="250,0,250,0,240,130,250,-120" /><INIT seed="1,0,0,1,5,41" ten="250,250,370,130" oya="1" hai0="52,131,103,43,115,75,74,32,96,62,37,98,24" hai1="127,72,95,63,121,64,104,107,23,85,12,34,114" hai2="57,88,45,99,59,69,89,130,87,58,0,5,76" hai3="26,8,106,128,122,44,135,54,80,70,108,16,86"/><U11/><E72/><V90/><F69/><W123/><G106/><T78/><D115/><U73/><E73/><V79/><F130/><W9/><G70/><T91/><D131/><U134/><E34/><V1/><F5/><W124/><G128/><T56/><D78/><U40/><E114/><V25/><F99/><W48/><G135/><T20/><D32/><U105/><E121/><V14/><F14/><W101/><G108/><T53/><D53/><U60/><E127/><V35/><F87/><W111/><G111/><T93/><D37/><U2/><E23/><V84/><F84/><W36/><G101/><T17/><REACH who="0" step="1"/><D43/><REACH who="0" ten="240,250,370,130" step="2"/><U10/><E40/><V116/><F79/><W118/><G36/><T68/><D68/><U112/><E112/><V21/><F76/><W117/><G123/><T109/><D109/><U49/><E134/><V33/><F33/><W110/><G122/><T81/><D81/><U66/><E66/><V71/><F35/><W4/><G110/><T47/><D47/><U46/><E64/><V119/><F45/><W42/><G42/><T38/><D38/><U51/><E46/><V29/><REACH who="2" step="1"/><F71/><REACH who="2" ten="240,250,360,130" step="2"/><W3/><G44/><T7/><D7/><U126/><E126/><V28/><F28/><W31/><G31/><T22/><D22/><U113/><E113/><V50/><F50/><W55/><G48/><T27/><D27/><U102/><E51/><V65/><F65/><W100/><G124/><T92/><AGARI ba="0,2" hai="17,20,24,52,56,62,74,75,91,92,93,96,98,103" machi="92" ten="20,12000,2" yaku="1,1,0,1,7,1,25,2,54,1,53,0" doraHai="41" doraHaiUra="132" who="0" fromWho="0" sc="240,140,250,-60,360,-30,130,-30" /><INIT seed="2,0,0,1,2,87" ten="380,190,330,100" oya="2" hai0="64,122,73,27,12,103,127,15,22,26,97,18,88" hai1="135,41,104,84,39,20,25,53,65,24,46,47,123" hai2="45,112,59,68,82,42,110,128,14,130,95,116,70" hai3="134,98,37,23,63,121,48,129,91,50,74,77,99"/><V117/><F82/><W107/><G37/><T67/><D122/><U2/><E104/><V13/><F112/><W111/><G121/><T79/><D79/><U120/><E2/><V114/><F114/><W57/><G111/><T17/><D73/><U44/><E135/><V89/><F110/><W85/><G129/><N who="2" m="49769" /><F59/><W1/><G1/><T28/><D127/><U93/><E44/><V5/><F5/><W83/><G134/><T6/><D6/><U100/><E65/><V125/><F125/><W19/><G74/><T9/><D103/><U106/><E106/><V52/><F14/><W40/><G107/><T56/><D56/><U80/><E25/><V10/><F42/><W101/><G101/><T76/><D76/><U108/><E108/><V131/><F13/><W7/><G7/><T21/><D27/><U78/><E47/><V11/><F11/><W75/><G40/><T115/><D115/><U29/><E53/><V43/><F10/><W119/><G75/><T113/><D113/><U92/><E100/><V61/><F43/><W72/><G72/><T86/><D97/><U133/><E133/><V8/><F8/><W132/><G99/><T60/><D60/><U105/><E105/><V118/><N who="2" m="49777" /><V55/><DORA hai="38" /><F61/><W71/><G132/><T3/><D3/><U81/><E81/><AGARI ba="0,0" hai="9,12,15,17,18,21,22,26,28,64,67,81,86,88" machi="81" ten="30,7700,0" yaku="7,1,8,1,52,1,54,1" doraHai="87,38" who="0" fromWho="1" sc="380,77,190,-77,330,0,100,0" /><INIT seed="3,0,0,5,2,121" ten="457,113,330,100" oya="3" hai0="131,101,29,26,8,129,34,54,46,47,93,85,71" hai1="51,36,74,82,94,107,115,65,63,116,6,10,103" hai2="109,80,27,60,0,111,24,13,128,122,57,17,70" hai3="117,61,44,66,52,48,68,59,64,79,37,81,126"/><W33/><G33/><T20/><D71/><U12/><E36/><V56/><F0/><W21/><G126/><T123/><D123/><U76/><E107/><V38/><F122/><W31/><G117/><T28/><D8/><U9/><E115/><V67/><F128/><N who="0" m="49226" /><D34/><U90/><E116/><V133/><F38/><W91/><G91/><N who="0" m="53487" /><D101/><U134/><E134/><V40/><F40/><W5/><G5/><T83/><D83/><U100/><E51/><V4/><F4/><W135/><G135/><T88/><D88/><U53/><E53/><V45/><F45/><N who="0" m="16906" /><D54/><U84/><REACH who="1" step="1"/><E9/><REACH who="1" ten="457,103,330,100" step="2"/><N who="2" m="6319" /><F133/><W3/><G37/><T18/><AGARI ba="0,1" hai="18,20,26,28,29" m="16906,53487,49226" machi="18" ten="30,1100,0" yaku="19,1" doraHai="121" who="0" fromWho="0" sc="457,21,103,-3,330,-3,100,-5" /><INIT seed="4,0,0,4,5,64" ten="478,100,327,95" oya="0" hai0="95,93,68,124,92,5,33,100,26,7,106,103,25" hai1="69,112,52,30,122,114,28,21,116,129,87,121,70" hai2="78,23,134,11,39,101,73,45,61,119,108,75,79" hai3="125,109,32,59,81,130,41,37,55,31,9,27,2"/><T57/><D106/><U1/><E1/><V6/><F108/><W89/><G109/><T113/><D57/><U76/><E116/><V110/><F110/><W115/><G115/><N who="1" m="44074" /><E129/><V8/><F119/><W24/><G125/><T4/><D113/><U77/><E52/><V38/><F23/><W131/><G27/><T98/><D98/><U127/><E127/><V135/><F45/><W67/><G67/><T3/><D124/><U66/><E66/><V12/><F12/><W65/><G65/><T22/><D3/><U91/><E21/><V105/><F6/><W60/><G41/><T80/><D22/><U88/><E91/><V17/><F17/><W42/><G42/><T56/><D56/><U117/><E117/><V94/><F94/><W34/><G34/><T62/><D80/><N who="1" m="49255" /><E76/><V102/><REACH who="2" step="1"/><F61/><REACH who="2" ten="478,100,317,95" step="2"/><W118/><G118/><T0/><D62/><U123/><E77/><V43/><F43/><W29/><G131/><T35/><D0/><U74/><E74/><V111/><F111/><W72/><G72/><T63/><D63/><U10/><E10/><V104/><AGARI ba="0,1" hai="8,11,38,39,73,75,78,79,101,102,104,105,134,135" machi="104" ten="25,6400,0" yaku="1,1,0,1,22,2,53,0" doraHai="64" doraHaiUra="50" who="2" fromWho="2" sc="478,-32,100,-16,317,74,95,-16" /><INIT seed="5,0,0,1,1,96" ten="446,84,391,79" oya="1" hai0="80,100,64,76,44,81,77,35,72,7,12,50,63" hai1="4,26,74,14,57,105,107,9,3,5,97,88,31" hai2="108,112,94,91,115,93,38,127,41,84,1,89,87" hai3="113,78,33,16,114,132,86,111,121,53,117,83,34"/><U10/><E74/><V2/><F41/><W68/><G111/><T11/><D35/><U8/><E8/><V98/><F38/><W124/><G121/><T54/><D80/><U134/><E134/><V102/><F2/><W46/><G68/><T123/><D123/><U130/><E130/><V61/><F61/><W42/><G124/><T128/><D128/><U18/><E18/><V29/><F29/><W60/><G117/><T59/><REACH who="0" step="1"/><D77/><REACH who="0" ten="436,84,391,79" step="2"/><U51/><E51/><V36/><F36/><W43/><G34/><T82/><D82/><U55/><E55/><V73/><F1/><W122/><G33/><T70/><D70/><U39/><E39/><V65/><F65/><W15/><G122/><T92/><D92/><U27/><E105/><N who="2" m="63703" /><F108/><W22/><G132/><T52/><D52/><U104/><E104/><V101/><F127/><W32/><G32/><T21/><D21/><U71/><E71/><V79/><F101/><AGARI ba="0,1" hai="7,11,12,44,50,54,59,63,64,72,76,81,100,101" machi="101" ten="40,8000,1" yaku="1,1,52,2,53,1" doraHai="96" doraHaiUra="49" who="0" fromWho="2" sc="436,90,84,0,391,-80,79,0" /><INIT seed="6,0,0,0,2,27" ten="526,84,311,79" oya="2" hai0="17,130,135,0,58,67,129,107,52,30,71,37,32" hai1="80,13,38,125,18,78,22,33,94,57,39,50,106" hai2="115,133,73,88,28,16,6,98,48,114,90,35,55" hai3="47,9,132,111,91,134,120,81,83,69,85,53,105"/><V10/><F73/><W79/><G69/><T41/><D0/><U23/><E106/><V75/><F75/><W49/><G111/><T21/><D107/><U93/><E33/><V102/><F133/><W108/><G108/><T2/><D2/><U11/><E125/><V95/><F6/><W14/><G105/><T77/><D77/><U89/><E39/><V121/><F121/><W96/><G120/><T116/><D116/><U25/><E38/><V7/><F7/><W68/><G68/><T63/><D32/><U86/><E23/><V66/><F66/><W97/><G134/><T29/><D135/><U4/><E78/><V3/><F3/><W19/><REACH who="3" step="1"/><G132/><REACH who="3" ten="526,84,311,69" step="2"/><T87/><D130/><U103/><E103/><V84/><F102/><W113/><G113/><T126/><D129/><U65/><E65/><V122/><F122/><W123/><G123/><T5/><D126/><U43/><REACH who="1" step="1"/><E43/><REACH who="1" ten="526,74,311,69" step="2"/><V45/><F115/><W82/><G82/><T1/><D41/><U92/><E92/><V110/><F114/><W59/><G59/><T36/><D71/><U26/><E26/><V128/><F128/><W51/><G51/><T118/><D67/><U104/><E104/><V124/><F110/><W42/><G42/><T46/><D118/><U127/><E127/><V44/><F124/><W15/><G15/><T56/><D36/><U12/><E12/><N who="2" m="7191" /><F48/><W64/><G64/><T20/><D37/><U112/><E112/><V99/><F95/><W101/><G101/><T72/><D58/><U100/><E100/><V8/><F45/><W24/><G24/><T40/><D46/><RYUUKYOKU ba="0,2" sc="526,-15,74,15,311,-15,69,15" hai1="4,11,13,18,22,25,50,57,80,86,89,93,94" hai3="9,14,19,47,49,53,79,81,83,85,91,96,97" /><INIT seed="7,1,2,5,3,47" ten="511,89,296,84" oya="3" hai0="12,110,20,107,58,27,4,59,116,7,62,25,119" hai1="115,46,36,89,42,30,102,127,132,28,64,57,14" hai2="111,103,95,114,10,51,97,93,33,3,61,34,9" hai3="120,90,129,69,17,79,84,67,26,39,78,65,0"/><W16/><G120/><T106/><D62/><U73/><E73/><V125/><F111/><W85/><G39/><T117/><D12/><U135/><E115/><V121/><F121/><W94/><G0/><T77/><D77/><N who="3" m="29193" /><G129/><T29/><D110/><U38/><E127/><V8/><F125/><W128/><G69/><T21/><D117/><U68/><E38/><V118/><F3/><W82/><G128/><T70/><D29/><N who="1" m="11371" /><E102/><V45/><F114/><W5/><G5/><T134/><D134/><N who="1" m="51243" /><E89/><V44/><F45/><W126/><G126/><T63/><D63/><N who="1" m="37999" /><E14/><V92/><F61/><W15/><G26/><T35/><D35/><U112/><E68/><AGARI ba="1,2" hai="4,7,20,21,25,27,58,59,68,70,106,107,116,119" machi="68" ten="25,1600,0" yaku="22,2" doraHai="47" who="0" fromWho="1" sc="511,39,89,-19,296,0,84,0" owari="550,65.0,70,-43.0,296,10.0,84,-32.0" /></mjloggm>