<mjloggm ver="2.3"><GO type="41" lobby="0"/><UN n0="%74%6F%72%69%6E%69%69" n1="%E3%81%96%E3%81%96%E3%82%80%E3%81%97%46%54" n2="%E2%93%9D%53%75%70%68%78" n3="%56%61%64%65%72%36%36" dan="15,15,18,13" rate="2001.44,2043.07,2082.91,1822.39" sx="F,F,M,M"/><TAIKYOKU oya="0"/><INIT seed="0,0,0,5,2,125" ten="250,250,250,250" oya="0" hai0="21,47,64,29,49,20,82,71,5,87,127,135,1" hai1="102,126,128,109,104,105,15,73,24,26,18,117,22" hai2="90,10,61,11,124,53,89,23,45,70,36,111,99" hai3="134,32,66,133,94,12,48,129,44,31,72,28,81"/><T79/><D127/><U63/><E109/><V83/><F124/><W58/><G94/><T120/><D120/><U131/><E117/><V122/><F122/><W33/><G12/><T91/><D135/><N who="3" m="51721" /><G129/><N who="1" m="49738" /><E126/><V78/><F23/><W41/><G81/><T16/><D71/><U95/><E73/><V132/><F111/><W98/><G98/><T106/><D64/><U27/><E63/><V60/><F60/><N who="3" m="38167" /><G72/><T55/><D106/><N who="1" m="41067" /><E95/><V96/><F61/><W3/><G3/><T42/><D1/><U88/><E88/><V35/><F90/><W56/><G56/><T84/><D91/><U46/><E46/><V118/><F45/><W59/><G59/><T62/><D47/><U101/><AGARI ba="0,0" hai="15,18,22,24,26,27,101,102" m="41067,49738" machi="101" ten="40,8000,1" yaku="19,1,52,3" doraHai="125" who="1" fromWho="1" sc="250,-40,250,80,250,-20,250,-20" /><INIT seed="1,0,0,0,1,34" ten="210,330,230,230" oya="1" hai0="35,70,54,4,5,112,120,49,80,118,29,9,125" hai1="100,42,26,58,41,103,88,82,45,98,22,0,73" hai2="12,72,111,53,32,64,90,129,84,101,99,116,109" hai3="38,134,104,97,11,83,13,3,117,7,133,71,66"/><U59/><E0/><V102/><F64/><W14/><G117/><T27/><D118/><U135/><E135/><N who="3" m="51722" /><G83/><T87/><D112/><U60/><E73/><V113/><F32/><W91/><G38/><T69/><D125/><U124/><E124/><V92/><F12/><W122/><G122/><T86/><D120/><U74/><E74/><V17/><F17/><W126/><G126/><T110/><D110/><N who="2" m="41994" /><F53/><W65/><G91/><T28/><D28/><U106/><E103/><V51/><F51/><W21/><G21/><T18/><D18/><U46/><E42/><V123/><F116/><W95/><G95/><T6/><D87/><U57/><E60/><V16/><F129/><W121/><G121/><T55/><D55/><U48/><E46/><V67/><F72/><W52/><G71/><T25/><D25/><U33/><E33/><V15/><F113/><W81/><G81/><T93/><D93/><U96/><E96/><V23/><F123/><W50/><G65/><T128/><D128/><U10/><E10/><V76/><F67/><W24/><G66/><T1/><D70/><U89/><REACH who="1" step="1"/><E82/><AGARI ba="0,0" hai="15,16,23,76,82,84,90,92,99,101,102" m="41994" machi="82" ten="30,2000,0" yaku="14,1,54,1" doraHai="34" who="2" fromWho="1" sc="210,0,330,-20,230,20,230,0" /><INIT seed="2,0,0,1,2,52" ten="210,310,250,230" oya="2" hai0="124,47,69,71,67,118,131,110,83,53,81,39,111" hai1="3,57,133,27,104,31,87,22,100,77,102,6,75" hai2="36,98,23,46,38,108,113,49,12,116,92,107,106" hai3="74,94,0,103,72,96,50,54,93,70,41,101,78"/><V17/><F113/><W35/><G0/><T79/><D118/><U82/><E133/><V13/><F116/><W129/><G129/><T58/><D79/><U130/><E130/><V62/><F108/><N who="0" m="41514" /><D83/><U11/><E104/><V91/><F107/><W80/><G35/><T32/><D32/><U8/><E75/><V55/><F106/><W119/><G70/><N who="0" m="26635" /><D81/><U24/><E11/><V125/><F125/><W59/><G119/><T68/><D131/><U45/><E45/><V127/><F127/><W44/><G74/><T112/><D124/><U64/><E27/><V115/><F115/><W88/><REACH who="3" step="1"/><G93/><REACH who="3" ten="210,310,250,220" step="2"/><T15/><D112/><U29/><E29/><V121/><F121/><W26/><G26/><T73/><D73/><U28/><E28/><V30/><F30/><W34/><G34/><T9/><D68/><U25/><E25/><V117/><F117/><W85/><G85/><T134/><D134/><U14/><E3/><V61/><REACH who="2" step="1"/><F13/><REACH who="2" ten="210,310,240,220" step="2"/><W122/><G122/><T76/><D15/><U19/><E31/><V90/><F90/><W89/><G89/><T18/><D76/><U43/><E14/><V48/><F48/><AGARI ba="0,2" hai="41,44,48,50,54,59,72,78,80,88,94,96,101,103" machi="48" ten="30,8000,1" yaku="1,1,7,1,52,1,54,1,53,1" doraHai="52" doraHaiUra="95" who="3" fromWho="2" sc="210,0,310,0,240,-80,220,100" /><INIT seed="3,0,0,5,0,15" ten="210,310,160,320" oya="3" hai0="110,46,72,67,7,34,105,97,10,107,106,18,85" hai1="39,94,87,13,116,16,127,35,88,5,104,55,122" hai2="62,112,65,29,83,103,54,124,37,96,19,17,102" hai3="1,27,49,3,26,64,30,128,48,20,31,84,57"/><W92/><G128/><T74/><D110/><U28/><E122/><V0/><F0/><W14/><G14/><T33/><D67/><U78/><E104/><V24/><F37/><W121/><G121/><T132/><D132/><U6/><E127/><V113/><F124/><W9/><G9/><T51/><D97/><U36/><E116/><V89/><F54/><W53/><G64/><T133/><D133/><U115/><E115/><V119/><F119/><W58/><G84/><T60/><D60/><U80/><E39/><V11/><F11/><W56/><G92/><T81/><D18/><U129/><E36/><V23/><F113/><W68/><G68/><T90/><D34/><U108/><E108/><V69/><F112/><W8/><G8/><T63/><D63/><U42/><E42/><V47/><F47/><W2/><REACH who="3" step="1"/><G53/><REACH who="3" ten="210,310,160,310" step="2"/><T71/><D71/><U118/><E129/><V99/><F83/><W75/><G75/><T44/><D74/><U100/><E55/><V38/><F69/><W61/><G61/><T25/><D72/><U125/><E125/><V50/><F62/><W43/><G43/><T40/><D10/><U70/><E70/><V86/><F65/><W59/><N who="3" m="14336" /><DORA hai="135" /><W93/><G93/><T111/><D40/><U45/><E118/><V134/><F134/><W66/><G66/><T120/><D120/><U4/><E94/><N who="2" m="54583" /><F38/><W126/><G126/><T130/><D130/><U98/><E87/><V114/><F114/><W12/><G12/><T77/><D85/><U52/><E52/><V82/><F82/><W76/><G76/><T131/><D77/><RYUUKYOKU ba="0,1" sc="210,-10,310,-10,160,-10,310,30" hai3="1,2,3,20,26,27,30,31,48,49" /><INIT seed="3,1,1,3,5,116" ten="200,300,150,340" oya="3" hai0="121,16,65,110,124,95,21,27,123,4,111,23,5" hai1="70,17,132,91,60,20,15,25,77,97,9,44,38" hai2="56,118,85,94,96,115,24,93,45,78,133,75,57" hai3="120,81,13,84,127,125,135,129,106,7,40,34,68"/><W53/><G120/><T130/><D130/><U109/><E109/><N who="0" m="41481" /><D124/><N who="3" m="47689" /><G68/><T64/><D95/><U87/><E132/><V89/><F115/><W36/><G34/><T82/><D82/><U61/><E77/><V73/><F118/><W3/><G106/><T49/><D49/><U1/><E1/><V98/><F24/><W50/><G135/><T66/><D23/><U112/><E97/><V104/><F45/><N who="3" m="23687" /><G3/><T33/><D33/><U107/><E70/><V47/><F47/><N who="3" m="27871" /><G129/><T69/><D69/><U108/><E107/><V48/><F104/><W100/><G100/><T102/><D102/><U55/><E108/><V80/><F133/><W52/><G52/><T42/><D42/><U103/><E103/><V119/><F119/><W12/><G7/><AGARI ba="1,1" hai="4,5,7,16,21,27,64,65,66,121,123" m="41481" machi="7" ten="30,7700,0" yaku="14,1,52,2,54,1" doraHai="116" who="0" fromWho="3" sc="200,90,300,0,150,0,340,-80" /><INIT seed="4,0,0,0,4,68" ten="290,300,150,260" oya="0" hai0="32,69,126,12,58,5,117,63,102,22,80,115,24" hai1="72,84,52,4,29,71,23,47,59,66,112,15,33" hai2="6,129,120,116,90,3,123,16,18,25,13,109,86" hai3="99,17,78,89,95,73,81,42,91,1,83,44,94"/><T93/><D117/><U7/><E72/><V35/><F86/><W74/><G1/><T122/><D122/><N who="2" m="46634" /><F90/><W65/><G65/><T64/><D126/><U10/><E33/><V2/><F116/><W46/><G17/><N who="2" m="6761" /><F109/><W106/><G42/><T55/><D115/><U62/><E7/><V114/><F114/><W135/><G135/><T132/><D132/><U38/><E112/><V85/><F85/><N who="3" m="52527" /><G46/><T49/><D80/><N who="3" m="30793" /><G44/><T133/><D133/><U92/><E84/><V31/><F129/><W9/><G9/><AGARI ba="0,0" hai="2,3,6,9,13,25,31,35" m="6761,46634" machi="9" ten="30,3900,0" yaku="34,2,54,1" doraHai="68" who="2" fromWho="3" sc="290,0,300,0,150,39,260,-39" /><INIT seed="5,0,0,4,1,49" ten="290,300,189,221" oya="1" hai0="23,31,60,135,133,94,24,100,106,130,111,21,67" hai1="19,120,28,16,47,63,50,6,5,107,113,117,45" hai2="98,11,41,72,83,88,22,9,132,42,84,54,114" hai3="46,38,118,87,20,131,69,134,74,18,127,126,82"/><U116/><E107/><V0/><F132/><N who="0" m="50762" /><D111/><U90/><E113/><V1/><F72/><W110/><G69/><N who="0" m="42215" /><D130/><U44/><E120/><V17/><F114/><W112/><G110/><T122/><D122/><U93/><E28/><V15/><F1/><W104/><G112/><T14/><D14/><U86/><E63/><V27/><F0/><W96/><G118/><T129/><D129/><U124/><E124/><N who="3" m="47658" /><G131/><T97/><D94/><U8/><E116/><V128/><F11/><W39/><G74/><T12/><D12/><N who="1" m="7175" /><E117/><V35/><F35/><AGARI ba="0,0" hai="21,23,24,31,35,97,100,106" m="42215,50762" machi="35" ten="30,2000,0" yaku="25,1,20,1" doraHai="49" who="0" fromWho="2" sc="290,20,300,0,189,-20,221,0" /><INIT seed="6,0,0,3,0,104" ten="310,300,169,221" oya="2" hai0="6,105,59,108,132,98,124,123,76,5,109,61,90" hai1="12,36,73,65,119,83,96,71,85,126,69,116,15" hai2="43,62,51,84,0,79,3,38,46,86,26,118,14" hai3="66,64,17,120,22,49,48,23,106,122,54,127,41"/><V94/><F118/><W55/><G106/><T88/><D123/><U89/><E36/><V27/><F38/><W130/><G41/><T112/><D112/><U39/><E39/><V115/><F115/><W97/><G97/><T128/><D124/><U16/><E126/><V92/><F62/><W25/><G127/><T32/><D32/><U110/><E110/><V102/><F3/><W95/><G95/><N who="2" m="36393" /><F0/><W134/><G134/><T56/><D132/><U63/><E71/><V135/><F135/><W103/><G103/><T4/><D128/><U70/><E70/><V113/><F102/><W77/><G77/><T8/><D76/><U121/><E121/><V72/><F72/><W67/><G130/><T93/><D8/><U107/><E73/><V100/><F100/><W57/><REACH who="3" step="1"/><G23/><REACH who="3" ten="310,300,169,211" step="2"/><T45/><D98/><U133/><E133/><V7/><F113/><W101/><G101/><T21/><D93/><U2/><E96/><V20/><F20/><W99/><G99/><T74/><D21/><U68/><E107/><V91/><F79/><W82/><G82/><T87/><D105/><U42/><E83/><N who="2" m="49567" /><F86/><W80/><G80/><T111/><D87/><U13/><E85/><V53/><F43/><W9/><G9/><AGARI ba="0,1" hai="7,9,14,26,27,46,51,53" m="49567,36393" machi="9" ten="30,1500,0" yaku="8,1" doraHai="104" who="2" fromWho="3" sc="310,0,300,0,169,25,211,-15" /><INIT seed="6,1,0,5,2,118" ten="310,300,194,196" oya="2" hai0="7,62,50,2,105,133,129,44,113,117,53,67,109" hai1="84,33,56,127,59,68,57,24,106,0,100,13,90" hai2="45,102,17,23,1,10,74,29,27,39,5,115,6" hai3="89,78,9,111,131,94,69,61,3,134,112,85,126"/><V65/><F74/><W43/><G111/><T132/><D105/><U124/><E68/><V19/><F65/><W34/><G34/><T88/><D109/><U95/><E0/><V8/><F102/><W91/><G131/><T71/><D113/><U70/><E70/><V73/><F73/><W86/><G126/><N who="1" m="48170" /><E13/><N who="2" m="5263" /><F45/><W135/><G43/><T122/><D7/><U31/><E100/><V96/><F96/><W110/><G110/><T119/><D2/><U125/><E125/><V52/><F52/><W26/><G26/><T120/><D88/><U16/><E16/><N who="2" m="6219" /><F39/><W49/><G69/><T54/><D129/><U40/><E40/><V21/><F115/><W11/><G112/><T58/><D71/><U81/><E106/><V18/><N who="2" m="6227" /><V104/><DORA hai="38" /><F104/><W76/><G94/><AGARI ba="1,0" hai="24,31,33,56,57,59,81,84,90,94,95" m="48170" machi="94" ten="30,1000,0" yaku="18,1" doraHai="118,38" who="1" fromWho="3" sc="310,0,300,13,194,0,196,-13" /><INIT seed="7,0,0,1,3,126" ten="310,313,194,183" oya="3" hai0="94,18,75,95,76,26,12,79,83,10,33,37,119" hai1="23,58,92,66,124,106,107,114,25,20,59,117,99" hai2="41,86,90,71,29,52,0,70,45,11,74,118,68" hai3="104,72,102,82,98,122,89,36,14,51,113,4,121"/><W84/><G36/><T53/><D119/><U56/><E124/><V77/><F118/><W1/><G1/><T39/><D79/><U43/><E114/><V123/><F29/><W125/><G125/><T21/><D33/><U100/><E117/><V5/><F123/><N who="3" m="47115" /><G51/><T7/><REACH who="0" step="1"/><D53/><REACH who="0" ten="300,313,194,183" step="2"/><U80/><E43/><V133/><F52/><W27/><G27/><T61/><D61/><U116/><E116/><V120/><F120/><W135/><G14/><T110/><D110/><U62/><E80/><V81/><F133/><W35/><G35/><T47/><D47/><U8/><E8/><V2/><F2/><W134/><G4/><T109/><D109/><U64/><E23/><V49/><REACH who="2" step="1"/><F74/><REACH who="2" ten="300,313,184,183" step="2"/><W17/><G17/><T132/><D132/><N who="3" m="50729" /><G72/><T22/><D22/><U34/><E34/><V91/><AGARI ba="0,2" hai="0,5,11,41,45,49,68,70,71,77,81,86,90,91" machi="91" ten="40,8000,1" yaku="1,1,0,1,53,2" doraHai="126" doraHaiUra="85" who="2" fromWho="2" sc="300,-20,313,-20,184,100,183,-40" /><INIT seed="8,0,0,3,2,75" ten="280,293,284,143" oya="0" hai0="114,53,135,7,72,96,89,99,36,30,44,48,134" hai1="2,105,87,111,68,29,49,129,22,38,126,5,73" hai2="32,40,45,16,83,9,92,123,46,17,110,1,106" hai3="88,130,90,101,94,19,4,131,120,35,54,12,107"/><T78/><D114/><U116/><RYUUKYOKU type="yao9" ba="0,0" sc="280,0,293,0,284,0,143,0" hai1="2,5,22,29,38,49,68,73,87,105,111,116,126,129" /><INIT seed="8,1,0,2,4,129" ten="280,293,284,143" oya="0" hai0="22,113,12,104,45,116,83,51,92,6,14,105,134" hai1="5,41,61,95,2,39,107,89,26,62,31,117,0" hai2="106,11,44,133,111,90,100,71,54,21,29,23,63" hai3="70,65,42,114,28,135,27,4,86,94,58,119,52"/><T35/><D113/><U57/><E107/><V15/><F111/><W47/><G114/><T125/><D35/><U34/><E117/><V123/><F123/><W87/><G119/><T60/><D116/><U108/><E108/><V88/><F133/><W43/><G4/><T50/><D134/><U24/><E24/><V33/><F33/><W73/><G73/><T10/><D125/><U72/><E72/><V1/><F1/><W80/><G135/><T40/><D60/><U36/><E62/><V18/><F100/><W127/><G127/><T103/><D83/><U78/><E78/><V84/><F106/><W85/><G94/><T64/><D64/><U110/><E110/><V49/><F29/><W99/><G99/><T118/><D118/><U132/><E132/><V3/><F3/><W131/><G131/><T67/><D67/><U124/><E124/><V68/><F90/><W46/><G65/><T48/><D105/><U8/><E41/><N who="3" m="15370" /><G70/><N who="2" m="26665" /><F63/><N who="3" m="36295" /><G80/><AGARI ba="1,0" hai="11,15,18,21,23,44,49,54,80,84,88" m="26665" machi="80" ten="30,2000,0" yaku="25,1,54,1" doraHai="129" who="2" fromWho="3" sc="280,0,293,0,284,23,143,-23" owari="280,-12.0,293,9.0,307,41.0,120,-38.0" /></mjloggm>