<mjloggm ver="2.3"><GO type="41" lobby="0"/><UN n0="%64%72%63%69" n1="%E8%B6%85%E7%B5%B6%E4%B8%8D%E9%81%8B" n2="%E6%B8%85%E6%B5%B7%E6%B9%96" n3="%E2%93%9D%53%75%70%68%78" dan="14,13,13,18" rate="1909.04,1893.01,1825.89,2073.54" sx="M,M,M,M"/><TAIKYOKU oya="0"/><INIT seed="0,0,0,4,3,118" ten="250,250,250,250" oya="0" hai0="115,62,48,22,21,55,82,75,135,108,86,28,87" hai1="110,18,98,92,91,52,81,12,76,68,83,27,25" hai2="9,19,113,84,33,1,11,126,31,51,95,89,77" hai3="63,60,49,90,124,58,130,100,80,107,24,85,70"/><T116/><D115/><U3/><E3/><V30/><F126/><W64/><G130/><T14/><D116/><U37/><E37/><V74/><F113/><W46/><G124/><T53/><D135/><U39/><E39/><V44/><F33/><W4/><G4/><T129/><D129/><U66/><E110/><V57/><F11/><W79/><G107/><T42/><D75/><U121/><E121/><V127/><F57/><W132/><G100/><T54/><D108/><U20/><E81/><V104/><F104/><W105/><G105/><T10/><D28/><U0/><E0/><V128/><F127/><W119/><G132/><T38/><D86/><U101/><E101/><V71/><F71/><W72/><G24/><T96/><D96/><U61/><E52/><V93/><F93/><W78/><G72/><AGARI ba="0,0" hai="12,18,20,25,27,61,66,68,72,76,83,91,92,98" machi="72" ten="30,1000,0" yaku="7,1" doraHai="118" who="1" fromWho="3" sc="250,0,250,10,250,0,250,-10" /><INIT seed="1,0,0,4,3,44" ten="250,260,250,240" oya="1" hai0="130,74,58,32,54,129,52,88,12,25,59,135,45" hai1="126,4,49,42,85,101,21,60,33,18,9,73,128" hai2="107,68,98,0,122,28,86,83,30,47,121,17,51" hai3="131,108,96,115,64,132,65,95,102,23,67,81,22"/><U104/><E73/><V87/><F68/><W2/><G115/><T89/><D74/><U111/><E33/><V11/><F87/><W56/><G2/><T5/><D135/><U78/><E126/><V134/><F134/><W8/><G108/><T34/><D45/><N who="1" m="25783" /><E104/><V38/><F38/><W114/><G131/><N who="0" m="50187" /><D12/><N who="1" m="5159" /><E128/><V57/><F57/><N who="0" m="21514" /><D5/><U15/><E111/><V93/><F107/><W117/><G117/><T105/><D105/><U119/><E119/><V10/><F0/><W124/><G114/><T112/><D112/><U14/><E101/><V55/><F122/><W48/><G124/><T24/><D34/><U120/><E120/><V113/><F121/><W100/><G100/><T35/><D32/><U125/><E125/><V77/><F113/><W62/><G132/><T1/><D1/><U43/><E43/><V26/><F17/><W63/><G63/><T20/><D20/><U40/><E40/><V70/><F70/><W97/><G23/><T123/><D123/><U31/><E31/><V13/><F30/><W82/><G22/><T50/><D35/><U116/><E116/><V92/><F28/><W99/><G62/><T36/><D36/><U103/><E103/><V110/><F110/><W53/><G8/><T37/><D37/><U133/><E133/><V19/><F11/><W69/><G69/><T29/><D29/><U90/><E60/><V16/><F98/><AGARI ba="0,0" hai="48,53,56,64,65,67,81,82,95,96,97,98,99,102" machi="98" ten="40,2600,0" yaku="8,1,52,1" doraHai="44" who="3" fromWho="2" sc="250,0,260,0,250,-26,240,26" /><INIT seed="2,0,0,0,0,97" ten="250,260,224,266" oya="2" hai0="79,45,50,106,53,76,7,96,34,116,67,134,23" hai1="16,4,3,14,112,110,99,15,129,26,36,69,52" hai2="59,115,60,19,68,132,2,125,84,55,51,126,22" hai3="111,65,48,31,57,8,58,33,91,43,9,95,64"/><V86/><F2/><W114/><G111/><T61/><D34/><U117/><E112/><V88/><F115/><W40/><G33/><T108/><D108/><U124/><E117/><V120/><F120/><W130/><G130/><T30/><D134/><U11/><E110/><V135/><F68/><W122/><G31/><T83/><D116/><U70/><E36/><V118/><F118/><W85/><G122/><T28/><D7/><U100/><E129/><V90/><F60/><W21/><G21/><T105/><D79/><U13/><E124/><N who="2" m="47723" /><F86/><W5/><G114/><T35/><D23/><U37/><E37/><V72/><F72/><W92/><G85/><T101/><D106/><U39/><E39/><V6/><F6/><W63/><G5/><T109/><D35/><U54/><E70/><V73/><F73/><W10/><G48/><T75/><REACH who="0" step="1"/><D109/><REACH who="0" ten="240,260,224,266" step="2"/><U80/><E3/><V46/><F46/><W41/><G10/><T103/><D103/><U0/><E0/><V62/><F62/><W74/><G63/><T32/><D32/><U29/><E69/><AGARI ba="0,1" hai="28,30,45,50,53,61,67,69,75,76,83,96,101,105" machi="69" ten="30,7700,0" yaku="1,1,7,1,52,1,53,1" doraHai="97" doraHaiUra="107" who="0" fromWho="1" sc="240,87,260,-77,224,0,266,0" /><INIT seed="3,0,0,1,5,4" ten="327,183,224,266" oya="3" hai0="75,84,107,59,82,123,87,48,11,121,33,108,44" hai1="10,91,109,69,18,36,50,61,9,133,67,15,54" hai2="6,71,76,111,116,104,86,37,95,134,81,35,103" hai3="119,62,65,26,23,101,130,34,122,117,24,77,8"/><W100/><G122/><T57/><D108/><U2/><E36/><V105/><F6/><W115/><G115/><T85/><D107/><U14/><E109/><V32/><F71/><W74/><G130/><T60/><D33/><U110/><E110/><V12/><F37/><W102/><G34/><T30/><D30/><U90/><E2/><V21/><F134/><W68/><G77/><T0/><D75/><U56/><E133/><V29/><F116/><W89/><G74/><T131/><D131/><U52/><E54/><V19/><F35/><W97/><G26/><T22/><D22/><U38/><E38/><V1/><F1/><W135/><G135/><T129/><D129/><U45/><E69/><V132/><F132/><W118/><G89/><T3/><D3/><U98/><E98/><V46/><F46/><W88/><G8/><T93/><D93/><U120/><E120/><V112/><F112/><W58/><G68/><T63/><D82/><U27/><E27/><V31/><F111/><W43/><G43/><T78/><D78/><U51/><E51/><V92/><F32/><W17/><REACH who="3" step="1"/><G88/><REACH who="3" ten="327,183,224,256" step="2"/><T66/><D11/><U13/><E13/><V16/><F103/><W28/><G28/><T113/><D113/><U41/><E41/><V53/><F76/><W125/><G125/><T70/><D70/><U79/><E79/><V42/><F31/><W99/><AGARI ba="0,1" hai="17,23,24,58,62,65,97,99,100,101,102,117,118,119" machi="99" ten="40,3900,0" yaku="1,1,0,1,53,0" doraHai="4" doraHaiUra="64" who="3" fromWho="3" sc="327,-13,183,-13,224,-13,256,49" /><INIT seed="3,1,0,0,4,22" ten="314,170,211,305" oya="3" hai0="8,106,71,26,83,15,79,133,9,7,37,117,91" hai1="24,59,103,72,16,75,54,30,70,119,73,90,87" hai2="80,125,61,121,99,88,58,6,114,120,132,35,33" hai3="55,118,115,5,127,107,65,41,45,4,40,86,11"/><W112/><G107/><T1/><D117/><U130/><E70/><V38/><F38/><W84/><G65/><T44/><D133/><U96/><E119/><V60/><F114/><W47/><G118/><T63/><D106/><U111/><E111/><V126/><F132/><W134/><G134/><T0/><D91/><U62/><E130/><V68/><F6/><W74/><G55/><T102/><D102/><U69/><E69/><V29/><F68/><W21/><G21/><T105/><D105/><U78/><E78/><V10/><F10/><W101/><G11/><T97/><D97/><U104/><E16/><V46/><F46/><W82/><G82/><T81/><D81/><U66/><E66/><V92/><F80/><W85/><G101/><T48/><D37/><U18/><E18/><V19/><F19/><W123/><G86/><T100/><D100/><U98/><E98/><V109/><F109/><W67/><G67/><T116/><D116/><U42/><E42/><V131/><F131/><W2/><G74/><T76/><D76/><U13/><E13/><V56/><F29/><W43/><G43/><T94/><D94/><U23/><E75/><V64/><F121/><W25/><G123/><T3/><D9/><U28/><E28/><V110/><F120/><W12/><G12/><T122/><D63/><U31/><E31/><V77/><F77/><W36/><G36/><T57/><D71/><U51/><E62/><V20/><F110/><W113/><G113/><T14/><D122/><U53/><E53/><N who="2" m="33807" /><F20/><W50/><G115/><T52/><D0/><U49/><E49/><RYUUKYOKU ba="1,0" sc="314,-15,170,15,211,15,305,-15" hai1="23,24,30,51,54,59,72,73,87,90,96,103,104" hai2="33,35,58,61,64,88,92,99,125,126" /><INIT seed="4,2,0,3,3,66" ten="299,185,226,290" oya="0" hai0="67,28,16,1,92,29,88,106,78,129,77,104,83" hai1="120,68,75,91,116,26,38,90,94,41,56,130,112" hai2="111,108,50,70,64,33,44,18,95,11,121,89,60" hai3="72,99,5,23,53,65,84,113,39,109,25,132,37"/><T8/><D129/><U118/><E120/><V21/><F121/><W96/><G109/><T62/><D1/><U79/><E130/><V17/><F11/><W36/><G72/><T86/><D106/><U126/><E126/><V103/><F103/><W6/><G65/><T40/><D40/><U52/><E112/><V24/><F18/><W87/><G53/><T134/><D104/><U13/><E91/><V73/><F33/><W55/><G55/><T82/><D134/><U74/><E74/><V49/><F49/><W128/><G128/><T15/><D83/><U51/><E26/><V93/><F93/><W12/><G12/><T42/><D42/><U100/><E100/><V80/><F80/><W32/><G32/><T125/><D78/><U127/><E127/><V34/><F34/><W3/><G3/><T123/><D125/><U85/><E79/><V133/><F133/><W46/><G113/><T135/><D135/><U59/><E75/><V115/><F73/><W45/><G132/><T9/><D9/><U105/><E105/><V69/><F69/><W35/><G35/><T57/><D123/><U117/><E59/><V124/><F115/><W7/><G46/><T47/><D47/><U14/><REACH who="1" step="1"/><E68/><REACH who="1" ten="299,175,226,290" step="2"/><V102/><F102/><W110/><G110/><T27/><D27/><U22/><E22/><V131/><F131/><W97/><G45/><AGARI ba="2,1" hai="13,14,38,41,45,51,52,56,85,90,94,116,117,118" machi="45" ten="40,5200,0" yaku="1,1,54,1,53,1" doraHai="66" doraHaiUra="43" who="1" fromWho="3" sc="299,0,175,68,226,0,290,-58" /><INIT seed="5,0,0,1,3,106" ten="299,243,226,232" oya="1" hai0="34,49,113,37,99,92,21,81,25,123,102,84,129" hai1="104,7,130,9,131,90,62,77,13,135,116,27,16" hai2="52,119,66,78,60,98,55,4,121,100,125,6,110" hai3="20,51,59,17,112,24,48,53,12,56,87,105,69"/><U58/><E116/><V95/><F125/><W124/><G69/><T128/><D37/><U23/><E104/><V97/><F110/><W68/><G68/><T10/><D113/><U19/><E77/><V42/><F121/><W111/><G111/><T65/><D123/><U35/><E35/><V71/><F42/><W22/><G105/><T28/><D65/><U108/><E108/><V109/><F119/><W85/><G112/><T127/><D10/><U11/><E90/><V40/><F40/><W79/><G124/><T83/><D127/><U15/><REACH who="1" step="1"/><E135/><REACH who="1" ten="299,233,226,232" step="2"/><V88/><F78/><W47/><G79/><T72/><D34/><U18/><E18/><V94/><REACH who="2" step="1"/><F109/><REACH who="2" ten="299,233,216,232" step="2"/><W82/><G82/><T61/><D83/><U74/><E74/><V80/><F80/><W126/><G126/><T103/><D72/><U107/><E107/><V45/><F45/><W96/><G47/><T76/><D81/><U26/><E26/><V1/><F1/><W36/><G24/><T54/><D76/><U89/><E89/><V64/><F64/><AGARI ba="0,2" hai="7,9,11,13,15,16,19,23,27,58,62,64,130,131" machi="64" ten="40,3900,0" yaku="1,1,54,1,53,0" doraHai="106" doraHaiUra="134" who="1" fromWho="2" sc="299,0,233,59,216,-39,232,0" /><INIT seed="5,1,0,5,1,116" ten="299,292,177,232" oya="1" hai0="81,97,84,80,7,92,55,71,60,134,49,13,57" hai1="59,73,61,111,99,110,46,83,1,68,58,106,34" hai2="87,127,26,76,103,31,129,131,3,95,123,75,69" hai3="6,53,21,121,104,105,37,133,2,18,79,72,126"/><U86/><E73/><V118/><F69/><W12/><G126/><T117/><D117/><U107/><E1/><V8/><F118/><W11/><G133/><T39/><D134/><U33/><E46/><V115/><F3/><W124/><G124/><T41/><D7/><U94/><E68/><V30/><F127/><W122/><G53/><T93/><D13/><U0/><E0/><V89/><F8/><W109/><G109/><N who="1" m="41482" /><E59/><V32/><F31/><W74/><G37/><T29/><D29/><U15/><E15/><V91/><F91/><W36/><G36/><T4/><D4/><U10/><E10/><V27/><F27/><W54/><G54/><T70/><D93/><U5/><E5/><V78/><F78/><W88/><G79/><T47/><D84/><U135/><E135/><V48/><F48/><W82/><G74/><T125/><D125/><U44/><E44/><V38/><F38/><W63/><G72/><T23/><D71/><U42/><E42/><V35/><F35/><N who="1" m="13321" /><E86/><V67/><F87/><W64/><G105/><T85/><D85/><U56/><E83/><V77/><F75/><W17/><G104/><N who="1" m="39978" /><E61/><V20/><F77/><W102/><G2/><T25/><D70/><U98/><E98/><V90/><F76/><W51/><G6/><T130/><D39/><U22/><E22/><V14/><F20/><W9/><G21/><T120/><D23/><U40/><E40/><V28/><F32/><W66/><G11/><T62/><D60/><U128/><E128/><V132/><F131/><W100/><G9/><T52/><D130/><U50/><E50/><RYUUKYOKU ba="1,0" sc="299,-10,292,30,177,-10,232,-10" hai1="56,58,94,99" /><INIT seed="5,2,0,1,3,6" ten="289,322,167,222" oya="1" hai0="47,19,116,90,129,100,76,97,17,64,8,75,21" hai1="125,70,36,13,133,117,49,71,2,7,40,96,111" hai2="63,4,110,56,131,78,43,101,1,69,83,25,24" hai3="119,46,68,31,27,135,28,39,52,108,87,130,30"/><U103/><E117/><V123/><F110/><W86/><G108/><T107/><D116/><U41/><E111/><V94/><F123/><W93/><G68/><T32/><D129/><U66/><E13/><V3/><F131/><W55/><G130/><T14/><D32/><U15/><E15/><V92/><F69/><W62/><G135/><T50/><D64/><U44/><E133/><V33/><F43/><W29/><G119/><T124/><D124/><U126/><E41/><V98/><F94/><W35/><G39/><T59/><D59/><U12/><E12/><V42/><F42/><W112/><G112/><T61/><D61/><U102/><E49/><V0/><F33/><W67/><G67/><T23/><D90/><U37/><E37/><V134/><F134/><W84/><G62/><T104/><D104/><N who="1" m="63559" /><E103/><V118/><F118/><W57/><G57/><T105/><D105/><U58/><E58/><V5/><F4/><W72/><G72/><T73/><D73/><U45/><E45/><V89/><F89/><W38/><G38/><T120/><D120/><U85/><E85/><V51/><F51/><W20/><G35/><T114/><D114/><U113/><E113/><V26/><F5/><W48/><REACH who="3" step="1"/><G93/><REACH who="3" ten="289,322,167,212" step="2"/><T128/><D128/><U74/><E74/><N who="2" m="43479" /><F63/><W60/><G60/><T54/><D75/><U53/><E66/><V80/><F56/><W16/><G16/><T10/><D76/><U106/><E70/><V34/><F34/><W9/><G9/><T11/><D10/><N who="1" m="2423" /><E71/><V109/><F109/><W132/><G132/><T77/><D77/><U95/><E95/><RYUUKYOKU ba="2,1" sc="289,10,322,-30,167,10,212,10" hai0="8,11,14,17,19,21,23,47,50,54,97,100,107" hai2="0,1,3,24,25,26,80,92,98,101" hai3="20,27,28,29,30,31,46,48,52,55,84,86,87" /><INIT seed="6,3,1,4,4,108" ten="299,292,177,222" oya="2" hai0="81,80,14,52,109,5,18,53,73,131,115,45,1" hai1="69,6,127,31,128,17,48,32,126,56,103,121,49" hai2="114,94,21,111,106,26,92,129,93,60,23,78,118" hai3="13,57,27,83,19,9,113,61,97,47,12,116,50"/><V30/><F118/><W39/><G116/><T100/><D109/><U74/><E69/><V96/><F111/><W10/><G39/><T41/><D131/><U120/><E128/><V75/><F129/><W51/><G113/><T82/><D115/><U122/><E74/><V33/><F114/><W36/><G36/><T28/><D28/><U85/><E6/><V37/><F37/><W72/><G27/><T88/><D100/><U90/><E103/><V119/><F119/><W98/><G83/><T16/><D73/><U99/><E99/><N who="3" m="37898" /><G47/><T44/><D5/><U38/><E38/><V8/><F8/><W25/><G25/><T66/><D66/><U58/><E17/><V15/><F15/><W43/><G43/><T2/><D41/><U76/><E76/><V40/><F40/><W125/><G125/><N who="1" m="47626" /><E31/><V63/><F78/><W130/><G72/><T0/><D14/><U101/><E101/><V77/><F77/><W95/><G130/><T22/><D22/><N who="2" m="8202" /><F75/><W112/><G112/><T65/><D2/><U68/><E68/><V35/><F35/><W135/><G13/><T104/><D104/><U46/><E32/><V133/><F133/><W20/><G135/><T55/><D1/><U59/><E46/><V67/><F67/><N who="3" m="39343" /><G10/><T71/><D0/><U4/><E4/><V34/><F34/><W105/><G105/><T117/><D65/><U54/><E54/><V89/><F106/><W124/><G124/><T110/><D71/><U3/><E3/><V79/><F79/><W70/><G70/><T24/><D117/><U134/><E134/><V7/><F7/><RYUUKYOKU ba="3,1" sc="299,-15,292,15,177,15,222,-15" hai1="48,49,56,58,59,85,90,120,121,122" hai2="26,30,33,60,63,89,92,93,94,96" /><INIT seed="6,4,1,3,2,99" ten="284,307,192,207" oya="2" hai0="56,42,103,118,55,116,31,8,78,11,111,0,41" hai1="50,94,52,69,43,37,38,40,115,46,12,59,89" hai2="77,113,125,15,97,26,121,105,58,34,67,101,2" hai3="85,131,70,68,133,100,92,14,110,54,76,109,24"/><V106/><F113/><W71/><G131/><T93/><D111/><U74/><E115/><V13/><F125/><W130/><G130/><T32/><D78/><U132/><E74/><V53/><F2/><W120/><G120/><T18/><D32/><U49/><E132/><V47/><F121/><W129/><G129/><T57/><D31/><U29/><E29/><V27/><F106/><W127/><G24/><T95/><D55/><U107/><E107/><V21/><F77/><W117/><G117/><T87/><D87/><U83/><E83/><V22/><F34/><W61/><G14/><T86/><D86/><U17/><E69/><V66/><F47/><W60/><G133/><T62/><D62/><U80/><E80/><V7/><F15/><W19/><G19/><T28/><D18/><U96/><E40/><V33/><F33/><W3/><G3/><T119/><D28/><U1/><E1/><V72/><F72/><W20/><G20/><AGARI ba="4,1" hai="12,17,20,37,38,43,46,49,50,52,59,89,94,96" machi="20" ten="30,2000,0" yaku="7,1,54,1" doraHai="99" who="1" fromWho="3" sc="284,0,307,42,192,0,207,-32" /><INIT seed="7,0,0,4,1,74" ten="284,349,192,175" oya="3" hai0="10,4,132,0,125,128,24,73,48,77,30,126,107" hai1="18,29,108,101,40,65,7,133,38,15,124,25,87" hai2="58,68,44,61,97,84,117,6,63,131,94,55,47" hai3="130,123,67,54,20,51,19,21,91,122,89,86,60"/><W79/><G130/><T23/><D107/><U72/><E72/><V81/><F117/><W53/><G123/><T28/><D48/><U26/><E108/><V12/><F131/><W35/><G35/><T34/><D128/><U93/><E7/><V16/><F6/><W78/><G122/><T121/><D73/><U110/><E110/><V83/><F63/><W105/><G105/><T33/><D77/><N who="3" m="29193" /><G67/><T56/><D121/><U27/><E65/><V82/><F84/><W118/><G118/><T31/><D56/><U13/><E29/><N who="0" m="11369" /><D132/><U103/><E133/><V5/><F5/><W45/><G19/><T62/><D62/><U88/><E124/><AGARI ba="0,0" hai="0,4,10,23,24,31,33,34,124,125,126" m="11369" machi="124" ten="30,3900,0" yaku="18,1,34,2" doraHai="74" who="0" fromWho="1" sc="284,39,349,-39,192,0,175,0" owari="323,42.0,310,11.0,192,-21.0,175,-32.0" /></mjloggm>