<mjloggm ver="2.3"><GO type="41" lobby="0"/><UN n0="%73%74%61%72%E6%98%9F%E8%BE%B0" n1="%E2%93%9D%53%75%70%68%78" n2="%E3%83%AB%E3%83%AB%E5%8F%82%E4%B8%8A" n3="%E5%A4%A7%E3%83%88%E3%83%88%E3%83%AD" dan="15,18,15,14" rate="2065.64,2080.38,1974.63,2093.94" sx="F,M,F,M"/><TAIKYOKU oya="0"/><INIT seed="0,0,0,2,4,38" ten="250,250,250,250" oya="0" hai0="45,36,72,59,115,96,92,126,75,102,56,21,83" hai1="35,79,15,90,78,135,49,131,80,97,118,105,25" hai2="93,51,52,34,11,119,40,0,26,132,55,69,108" hai3="2,73,16,68,65,8,76,89,10,133,106,121,61"/><T77/><D115/><U70/><E70/><V19/><F108/><W7/><G133/><T104/><D126/><U94/><E118/><V122/><F69/><W81/><G121/><T88/><D72/><U130/><E15/><V110/><F122/><W24/><G106/><T99/><REACH who="0" step="1"/><D21/><REACH who="0" ten="240,250,250,250" step="2"/><U1/><E135/><V134/><F110/><W113/><G113/><T112/><D112/><U120/><E120/><V74/><F74/><W60/><G89/><T127/><D127/><U3/><E90/><V98/><F132/><W17/><G8/><T6/><D6/><U116/><E116/><V107/><F34/><W129/><G129/><T32/><D32/><U5/><E5/><V84/><F134/><W41/><G24/><T111/><D111/><U30/><E25/><V50/><F119/><W57/><REACH who="3" step="1"/><G41/><AGARI ba="0,1" hai="36,41,45,56,59,75,77,83,88,92,96,99,102,104" machi="41" ten="40,12000,1" yaku="1,1,52,1,54,1,53,1" doraHai="38" doraHaiUra="37" who="0" fromWho="3" sc="240,130,250,0,250,0,250,-120" /><INIT seed="0,1,0,0,3,25" ten="370,250,250,130" oya="0" hai0="18,52,80,75,129,103,24,33,117,64,121,28,81" hai1="45,76,22,111,106,78,122,51,48,113,91,12,66" hai2="120,115,85,41,116,107,10,8,1,38,127,87,119" hai3="105,124,73,26,97,7,14,112,39,2,61,74,5"/><T84/><D117/><N who="2" m="45130" /><F107/><W16/><G112/><T49/><D121/><U98/><E111/><V134/><F120/><W62/><G39/><T126/><D129/><U70/><E70/><V13/><F115/><W47/><G124/><T3/><D126/><U44/><E66/><V125/><F1/><W65/><G47/><T56/><D3/><U128/><E106/><V131/><F131/><W110/><G62/><T79/><D64/><U135/><E135/><V42/><F134/><W114/><G114/><T9/><D103/><U68/><E68/><V40/><F38/><W17/><G2/><T53/><D53/><U54/><E122/><V104/><F104/><W82/><G74/><T90/><D9/><N who="2" m="3690" /><F13/><W34/><G14/><T72/><D18/><N who="1" m="10567" /><E128/><V94/><F85/><AGARI ba="1,0" hai="24,28,33,49,52,56,72,75,79,80,81,84,85,90" machi="85" ten="30,5800,0" yaku="7,1,52,1,54,1" doraHai="25" who="0" fromWho="2" sc="370,61,250,0,250,-61,130,0" /><INIT seed="0,2,0,0,4,47" ten="431,250,189,130" oya="0" hai0="24,88,83,25,104,82,41,133,16,99,36,8,59" hai1="10,102,78,67,72,34,121,3,127,0,4,98,42" hai2="74,128,33,55,9,26,132,53,87,113,11,2,23" hai3="94,6,129,97,79,100,60,44,56,39,19,45,62"/><T35/><D133/><U38/><E127/><V51/><F74/><W69/><G129/><T32/><D36/><U111/><E111/><V12/><F128/><W126/><G126/><T68/><D68/><U58/><E58/><V14/><F33/><W46/><G6/><T116/><D116/><U95/><E67/><V20/><F2/><W37/><G79/><T28/><D41/><U18/><E18/><V105/><F105/><W130/><G130/><T110/><D110/><U108/><E121/><V70/><F70/><W90/><G19/><T22/><D32/><U76/><E3/><V15/><F113/><W86/><G69/><T48/><D8/><N who="2" m="3146" /><F132/><W65/><REACH who="3" step="1"/><G60/><REACH who="3" ten="431,250,189,120" step="2"/><T5/><D5/><U64/><E78/><V119/><F119/><W122/><G122/><T31/><D16/><U73/><E76/><V63/><F26/><W89/><G89/><T92/><REACH who="0" step="1"/><D104/><AGARI ba="2,1" hai="37,39,44,45,46,56,62,65,86,90,94,97,100,104" machi="104" ten="40,1300,0" yaku="1,1,53,0" doraHai="47" doraHaiUra="30" who="3" fromWho="0" sc="431,-19,250,0,189,0,120,29" /><INIT seed="1,0,0,2,4,113" ten="412,250,189,149" oya="1" hai0="35,105,103,124,10,94,49,118,69,14,122,119,13" hai1="85,67,11,46,58,64,16,21,71,28,106,78,70" hai2="131,9,41,65,73,50,126,111,30,88,0,34,62" hai3="39,108,27,121,86,45,112,98,107,128,44,96,12"/><U56/><E106/><V97/><F73/><W23/><G112/><T54/><D35/><U52/><E28/><V20/><F34/><W83/><G121/><T7/><D122/><U43/><E11/><V26/><F111/><W29/><G108/><T116/><D69/><U18/><E78/><V3/><F131/><W40/><G128/><T6/><D105/><U61/><E85/><V87/><F97/><W8/><G45/><T60/><D124/><U101/><E101/><V66/><F66/><W132/><G132/><T127/><D127/><U123/><E18/><V104/><F104/><W129/><G129/><T82/><D82/><U32/><E32/><V135/><F135/><W102/><G102/><T80/><D80/><U59/><E16/><V1/><F9/><W114/><G114/><T99/><D60/><N who="1" m="37895" /><E21/><V89/><F126/><W72/><G72/><T5/><REACH who="0" step="1"/><D10/><REACH who="0" ten="402,250,189,149" step="2"/><U133/><E123/><V33/><F33/><W134/><G134/><T76/><D76/><U74/><E133/><V100/><F100/><W42/><G107/><T77/><D77/><U75/><E75/><V37/><F89/><W25/><G83/><T120/><D120/><U110/><E74/><V38/><F62/><W84/><G8/><T117/><N who="0" m="29952" /><DORA hai="31" /><T51/><D51/><N who="1" m="31007" /><E110/><V68/><F68/><W95/><G95/><T81/><D81/><U63/><E63/><V91/><F91/><W22/><G22/><T36/><D36/><AGARI ba="0,1" hai="36,43,46,59,61,67,70,71" m="31007,37895" machi="36" ten="30,18000,2" yaku="35,5,54,1" doraHai="113,31" who="1" fromWho="0" sc="402,-180,250,190,189,0,149,0" /><INIT seed="1,1,0,0,0,106" ten="222,440,189,149" oya="1" hai0="100,135,33,50,11,22,96,63,83,116,56,3,82" hai1="103,67,10,23,41,130,133,117,81,90,58,47,55" hai2="52,12,120,36,84,87,123,25,68,86,4,115,59" hai3="124,93,125,109,122,29,74,66,5,43,35,95,105"/><U8/><E130/><V21/><F68/><W73/><G122/><T45/><D116/><U80/><E133/><V107/><F107/><W2/><G109/><T104/><D33/><U98/><E67/><V49/><F36/><W111/><G111/><T76/><D135/><U78/><E90/><V118/><F118/><W128/><G128/><T65/><D22/><U71/><E81/><V32/><F115/><W89/><G105/><T132/><D132/><U99/><E71/><V131/><F131/><W37/><G66/><T38/><D38/><U17/><E99/><V18/><REACH who="2" step="1"/><F4/><REACH who="2" ten="222,440,179,149" step="2"/><W85/><G37/><T28/><D104/><U69/><E69/><V0/><F0/><W77/><G5/><T72/><D3/><U13/><E117/><V101/><F101/><W108/><G2/><T16/><D100/><U61/><E103/><V70/><F70/><W40/><G108/><T54/><D65/><U64/><E64/><V113/><F113/><W114/><G114/><T134/><D134/><U91/><E91/><V97/><F97/><W110/><G110/><T60/><D96/><U27/><E98/><V42/><F42/><W53/><G43/><T15/><D28/><AGARI ba="1,1" hai="12,18,21,25,28,32,49,52,59,84,86,87,120,123" machi="28" ten="40,2600,0" yaku="1,1,54,1,53,0" doraHai="106" doraHaiUra="129" who="2" fromWho="0" sc="222,-29,440,0,179,39,149,0" /><INIT seed="2,0,0,4,0,49" ten="193,440,218,149" oya="2" hai0="52,123,42,116,30,31,115,70,94,43,40,9,67" hai1="79,10,32,126,124,62,93,91,6,92,76,58,129" hai2="50,106,95,134,1,111,74,56,66,98,63,59,103" hai3="16,47,96,54,2,34,27,60,125,5,113,65,55"/><V0/><F134/><W130/><G130/><T14/><D123/><U33/><E129/><V86/><F74/><W102/><G2/><T57/><D115/><U112/><E112/><V7/><F111/><W97/><G113/><T89/><D70/><U75/><E75/><V81/><F106/><W26/><G5/><N who="0" m="3375" /><D67/><U87/><E93/><V15/><F15/><W39/><G125/><N who="1" m="48234" /><E79/><V132/><F132/><W122/><G122/><T23/><D23/><U12/><E76/><V25/><F25/><N who="3" m="9227" /><G39/><T85/><D116/><U100/><E100/><V101/><F101/><W133/><G47/><T22/><D22/><U104/><E104/><V110/><F110/><W13/><G34/><T46/><D46/><U44/><E44/><V120/><F120/><W135/><G135/><T37/><D37/><U24/><E24/><V3/><F7/><W19/><G19/><T45/><D45/><U118/><E118/><V121/><F121/><W18/><G18/><T131/><D131/><U88/><E91/><V73/><F73/><W72/><G72/><T108/><D108/><U84/><E84/><V29/><F29/><W109/><G109/><T83/><D83/><U53/><AGARI ba="0,0" hai="6,10,12,32,33,53,58,62,87,88,92" m="48234" machi="53" ten="30,4000,0" yaku="18,1,52,1,54,1" doraHai="49" who="1" fromWho="1" sc="193,-10,440,40,218,-20,149,-10" /><INIT seed="3,0,0,0,0,46" ten="183,480,198,139" oya="3" hai0="73,16,1,120,71,77,110,68,0,112,8,117,4" hai1="13,124,27,114,49,88,118,41,45,10,74,47,12" hai2="130,127,87,17,37,23,67,103,104,101,85,75,32" hai3="40,18,119,78,30,123,91,38,24,82,7,29,60"/><W19/><G123/><T105/><D120/><U96/><E114/><V80/><F32/><W54/><G119/><T62/><D117/><U99/><E124/><V128/><F37/><W70/><G7/><T14/><D112/><U65/><E74/><V125/><F67/><W121/><G121/><T107/><D110/><U11/><E65/><V64/><F64/><W51/><G70/><T93/><D62/><U57/><E57/><V98/><F23/><W106/><G60/><T92/><D73/><U69/><E27/><V131/><F17/><N who="3" m="6155" /><G106/><T109/><D109/><U52/><E69/><V36/><F36/><W135/><G135/><T116/><D116/><U25/><E25/><V26/><F26/><W39/><G38/><T108/><D68/><U55/><E118/><V6/><F6/><W129/><G129/><T42/><D108/><U76/><E76/><N who="2" m="44063" /><F101/><W53/><G39/><T95/><D71/><U9/><E41/><V72/><F72/><W86/><G78/><T122/><D77/><U58/><E47/><V115/><F115/><W22/><G30/><T81/><D122/><U61/><E88/><V20/><F20/><W90/><G90/><T94/><N who="0" m="24064" /><DORA hai="102" /><T84/><D42/><U2/><E2/><V126/><AGARI ba="0,0" hai="85,87,98,103,104,125,126,127,128,130,131" m="44063" machi="126" ten="40,8000,1" yaku="18,1,19,1,34,2,52,1" doraHai="46,102" who="2" fromWho="2" sc="183,-20,480,-20,198,80,139,-40" /><INIT seed="4,0,0,1,1,115" ten="163,460,278,99" oya="0" hai0="108,116,129,64,32,92,30,15,27,22,70,105,21" hai1="91,94,114,62,6,38,76,9,87,18,100,86,31" hai2="11,51,103,17,130,127,134,42,8,97,41,65,46" hai3="48,45,102,36,47,124,80,60,5,121,122,0,117"/><T71/><D105/><U106/><E38/><V4/><F130/><W26/><G102/><T90/><D129/><U44/><E31/><V66/><F134/><W99/><G99/><T96/><D108/><U69/><E44/><V84/><F127/><W104/><G104/><T2/><D2/><U35/><E35/><V125/><F125/><W49/><G124/><T23/><D15/><U118/><E118/><V28/><F28/><W111/><G26/><T1/><D1/><U37/><E62/><V40/><F17/><W13/><G13/><T101/><D64/><U85/><E69/><V93/><F84/><W14/><G14/><T88/><REACH who="0" step="1"/><D116/><REACH who="0" ten="153,460,278,99" step="2"/><U126/><E106/><V67/><F4/><W74/><G5/><T79/><D79/><U53/><BYE who="0" /><E76/><UN n0="%73%74%61%72%E6%98%9F%E8%BE%B0" /><V128/><F128/><W10/><G0/><T110/><D110/><U77/><BYE who="0" /><E77/><UN n0="%73%74%61%72%E6%98%9F%E8%BE%B0" /><V52/><AGARI ba="0,1" hai="8,11,40,41,42,46,51,52,65,66,67,93,97,103" machi="52" ten="30,4000,0" yaku="0,1,8,1,54,1" doraHai="115" who="2" fromWho="2" sc="153,-20,460,-10,278,50,99,-10" /><INIT seed="5,0,0,2,3,111" ten="133,450,328,89" oya="1" hai0="69,47,85,70,15,16,25,105,8,95,132,103,11" hai1="123,125,119,116,83,67,53,19,6,39,72,29,89" hai2="59,71,94,77,92,106,51,126,48,96,0,100,4" hai3="13,20,56,33,37,1,61,93,73,91,36,42,109"/><U52/><E123/><V46/><F71/><W110/><G73/><T3/><D132/><U74/><E67/><V44/><F126/><W82/><G1/><T58/><D58/><U117/><E29/><V78/><F0/><W24/><G82/><T130/><D130/><U21/><E39/><V10/><F106/><W99/><G13/><T63/><D63/><U38/><E38/><V43/><F4/><W134/><G33/><T68/><D25/><U102/><E102/><V18/><F59/><W23/><G20/><T129/><D129/><U131/><E125/><V66/><F66/><W128/><G134/><T122/><D122/><U54/><E6/><V112/><F112/><W41/><G37/><T86/><D105/><U88/><E131/><V34/><F34/><W26/><G24/><T30/><D30/><U65/><E65/><V81/><F92/><W79/><G79/><T62/><D62/><U87/><REACH who="1" step="1"/><E89/><REACH who="1" ten="133,440,328,89" step="2"/><V75/><F77/><W76/><G76/><T97/><D68/><U64/><E64/><V84/><F75/><W113/><G128/><T28/><D69/><U90/><E90/><V22/><F10/><W127/><G127/><T9/><D28/><U7/><E7/><V124/><F124/><W2/><G91/><T98/><D8/><U108/><E108/><V40/><F18/><N who="3" m="12663" /><G110/><T121/><D9/><U133/><E133/><V50/><F22/><W114/><G109/><T35/><D121/><U60/><E60/><V104/><F104/><W45/><G36/><AGARI ba="0,1" hai="36,40,43,44,46,48,50,51,78,81,84,94,96,100" machi="36" ten="30,1000,0" yaku="7,1" doraHai="111" who="2" fromWho="3" sc="133,0,440,0,328,20,89,-10" /><INIT seed="6,0,0,5,4,75" ten="133,440,348,79" oya="2" hai0="68,131,65,22,129,105,128,90,46,58,113,13,88" hai1="130,125,109,20,108,121,77,135,35,86,134,67,85" hai2="1,81,26,118,32,114,37,100,27,42,124,8,97" hai3="107,9,59,56,52,17,7,48,71,83,111,54,104"/><V103/><F118/><W122/><G122/><T76/><D105/><U55/><E125/><V89/><F124/><W61/><G111/><T28/><D68/><U93/><E130/><V106/><F114/><W74/><G71/><T91/><D113/><U3/><E3/><V4/><F103/><W96/><G17/><N who="0" m="10543" /><D28/><U78/><E55/><V2/><F2/><W33/><G33/><T30/><D30/><U57/><E57/><V119/><F119/><W39/><G39/><T99/><D46/><U116/><E20/><V82/><F32/><W87/><G74/><T70/><D70/><U80/><E67/><V133/><F133/><N who="1" m="50697" /><E35/><V62/><F62/><W98/><G104/><T66/><D99/><U64/><E64/><N who="0" m="24681" /><D58/><U132/><E121/><V31/><F31/><W63/><G48/><T69/><D69/><U92/><E132/><V6/><F6/><W0/><REACH who="3" step="1"/><G107/><REACH who="3" ten="133,440,348,69" step="2"/><T23/><D23/><U95/><E116/><V18/><F18/><W11/><G11/><T45/><D45/><U53/><E109/><V117/><F117/><W49/><G49/><T112/><D112/><U84/><E108/><V43/><F37/><W51/><G51/><T47/><D47/><U5/><E5/><V24/><F42/><W115/><G115/><T94/><D94/><U34/><E34/><V50/><F43/><W44/><G44/><T102/><D102/><U126/><E126/><V127/><F127/><W40/><G40/><T15/><D15/><U21/><E21/><V38/><F38/><W19/><G19/><T79/><AGARI ba="0,1" hai="76,79,88,90,91,128,129,131" m="24681,10543" machi="79" ten="40,8000,1" yaku="19,1,52,2,54,1" doraHai="75" who="0" fromWho="0" sc="133,90,440,-20,348,-40,69,-20" /><INIT seed="7,0,0,3,1,73" ten="223,420,308,49" oya="3" hai0="109,33,124,5,26,47,34,104,59,4,53,110,103" hai1="113,127,15,69,2,12,28,101,87,91,114,93,41" hai2="20,46,129,22,97,30,8,108,95,107,63,6,96" hai3="27,9,32,77,40,49,72,50,82,116,74,17,1"/><W125/><G116/><T67/><D47/><U31/><E2/><V122/><F108/><W60/><G125/><T99/><D124/><U115/><E127/><V54/><F129/><W121/><G121/><T62/><D33/><U75/><E75/><V106/><F97/><W90/><G60/><T10/><D53/><U102/><E41/><V57/><F122/><W105/><G105/><T120/><D59/><U25/><E69/><V132/><F132/><W83/><G40/><T94/><D120/><U66/><E66/><V29/><F106/><W133/><G133/><T98/><D4/><U55/><E55/><V51/><F107/><W78/><G90/><T88/><D5/><U117/><E117/><V44/><F44/><W37/><G37/><T21/><D10/><U126/><E126/><V11/><F22/><W71/><G71/><T119/><D119/><U16/><E15/><N who="2" m="5527" /><F11/><W76/><G1/><T58/><REACH who="0" step="1"/><D34/><REACH who="0" ten="213,420,308,49" step="2"/><N who="1" m="20751" /><E115/><V80/><F20/><N who="3" m="13711" /><G32/><T61/><D61/><U43/><E114/><V100/><F80/><N who="3" m="30763" /><G72/><T79/><D79/><N who="3" m="20225" /><W52/><DORA hai="68" /><G74/><T45/><D45/><U128/><E113/><V0/><F0/><W123/><G123/><T130/><D130/><U42/><E128/><V39/><F39/><W35/><G35/><T7/><D7/><U111/><E43/><AGARI ba="0,1" hai="29,30,43,46,51,54,57,63,95,96,100" m="5527" machi="43" ten="30,1000,0" yaku="8,1" doraHai="73,68" who="2" fromWho="1" sc="213,0,420,-10,308,20,49,0" owari="213,-19.0,410,51.0,328,13.0,49,-45.0" /></mjloggm>