<mjloggm ver="2.3"><GO type="41" lobby="0"/><UN n0="%74%65%72%69%79%61%6B%69" n1="%E8%8B%BA%E7%89%8C" n2="%E2%93%9D%53%75%70%68%78" n3="%E3%82%BC%E3%83%B3%E3%83%84%E3%83%9E%E3%82%B7%E3%83%BC%E3%83%B3" dan="14,14,18,14" rate="1865.20,1987.34,2135.70,1985.83" sx="F,M,M,M"/><TAIKYOKU oya="0"/><INIT seed="0,0,0,5,2,120" ten="250,250,250,250" oya="0" hai0="13,115,113,100,0,61,39,90,40,30,127,44,68" hai1="80,10,108,3,112,60,91,125,12,96,59,4,122" hai2="104,26,45,29,8,77,131,69,32,53,89,58,34" hai3="2,88,111,118,133,1,135,7,134,83,62,117,47"/><T95/><D0/><N who="3" m="105" /><G7/><T50/><D127/><U97/><E122/><V14/><F131/><W31/><G31/><T85/><D30/><U124/><E112/><V99/><F69/><W65/><G47/><T38/><D100/><U78/><E3/><V54/><F77/><W102/><G102/><T6/><D61/><U74/><E91/><V19/><F104/><W36/><G36/><T105/><D105/><U63/><E63/><V109/><F34/><W66/><G111/><T20/><D68/><U33/><E33/><V55/><F45/><W21/><G21/><T22/><D38/><U110/><E97/><V73/><F73/><W101/><G101/><T5/><D39/><U49/><E49/><V16/><F19/><W71/><G66/><T37/><D37/><U9/><E9/><V67/><F67/><W114/><G114/><T70/><D70/><U98/><E98/><V123/><F123/><W121/><G121/><T57/><D115/><U52/><REACH who="1" step="1"/><E96/><REACH who="1" ten="250,240,250,250" step="2"/><V23/><F32/><W72/><G118/><T75/><D113/><U84/><E84/><V43/><F99/><W28/><G117/><T56/><D75/><U18/><E18/><V27/><F16/><W35/><G72/><T87/><D85/><U119/><E119/><V11/><F29/><W24/><G88/><T42/><D5/><U106/><E106/><V25/><F89/><W76/><G76/><T94/><D6/><U116/><E116/><V128/><F11/><W15/><G83/><N who="0" m="49535" /><D22/><U41/><E41/><V86/><F23/><W51/><G51/><T64/><D40/><U126/><AGARI ba="0,1" hai="4,10,12,52,59,60,74,78,80,108,110,124,125,126" machi="126" ten="40,12000,2" yaku="1,1,5,1,0,1,18,1,52,2,54,1,53,0" doraHai="120" doraHaiUra="92" who="1" fromWho="1" sc="250,-60,240,130,250,-30,250,-30" /><INIT seed="1,0,0,1,0,12" ten="190,370,220,220" oya="1" hai0="108,64,119,85,101,71,4,10,53,21,55,41,86" hai1="51,100,66,39,3,68,106,84,90,95,75,34,113" hai2="96,102,30,1,7,74,38,107,9,65,62,50,124" hai3="61,81,14,56,43,37,105,26,52,44,125,13,40"/><U87/><E39/><V42/><F50/><W94/><G105/><T109/><D119/><U22/><E34/><V36/><F124/><W29/><G125/><T25/><D101/><U123/><E123/><V129/><F129/><W97/><G81/><T118/><D41/><U31/><E113/><V99/><F99/><W115/><G43/><T48/><D118/><U72/><E3/><V89/><F89/><W110/><G110/><N who="0" m="42603" /><D55/><U45/><E106/><V121/><F121/><W16/><G115/><T23/><D64/><U133/><E100/><V59/><F30/><W103/><REACH who="3" step="1"/><G29/><REACH who="3" ten="190,370,220,210" step="2"/><T116/><D116/><U111/><E31/><V33/><F42/><W70/><G70/><T54/><D71/><U0/><E68/><V120/><F120/><W24/><G24/><T69/><D25/><U17/><E72/><V93/><F74/><W5/><G5/><T67/><D69/><U78/><E75/><V134/><F107/><W112/><G112/><T27/><D27/><U117/><E117/><V104/><F104/><W82/><G82/><T58/><D67/><U73/><E73/><V57/><F65/><W15/><G15/><N who="0" m="5575" /><D53/><U18/><E66/><V122/><F122/><W83/><G83/><T80/><D80/><N who="1" m="47127" /><E111/><V79/><F1/><W128/><G128/><T127/><D127/><U35/><E0/><V130/><F130/><W47/><G47/><T28/><D28/><U46/><E46/><V6/><F33/><W92/><G92/><T126/><D126/><U63/><E35/><V11/><F93/><W20/><AGARI ba="0,1" hai="13,14,16,20,26,37,40,44,52,56,61,94,97,103" machi="20" ten="30,8000,1" yaku="1,1,0,1,52,1,54,2,53,0" doraHai="12" doraHaiUra="2" who="3" fromWho="3" sc="190,-20,370,-40,220,-20,210,90" /><INIT seed="2,0,0,0,5,114" ten="170,330,200,300" oya="2" hai0="48,40,94,83,51,130,112,24,43,132,135,119,104" hai1="102,56,113,85,35,14,120,129,103,100,87,71,67" hai2="28,68,29,115,6,10,22,1,58,3,59,92,125" hai3="63,82,79,133,72,17,5,26,122,15,66,90,116"/><V7/><F115/><W123/><G133/><N who="0" m="51275" /><D104/><U57/><E113/><V121/><F68/><W20/><G116/><T88/><D112/><U45/><E71/><V131/><F131/><W105/><G105/><T134/><D130/><U39/><E129/><V108/><F92/><W111/><G111/><T98/><D83/><U65/><E14/><V11/><F125/><W107/><G107/><T64/><D64/><U42/><E35/><V86/><F86/><W44/><G44/><T99/><D24/><U31/><E31/><V27/><F121/><W60/><G60/><T0/><N who="0" m="51283" /><T50/><DORA hai="23" /><D119/><U75/><E75/><V70/><F70/><W126/><G126/><T47/><D0/><U96/><E96/><N who="0" m="36905" /><D47/><U52/><E120/><V25/><F108/><W91/><G123/><T33/><D33/><AGARI ba="0,0" hai="1,3,6,7,10,11,22,25,27,28,29,33,58,59" machi="33" ten="30,11600,0" yaku="7,1,9,1,52,2" doraHai="114,23" who="2" fromWho="0" sc="170,-116,330,0,200,116,300,0" /><INIT seed="2,1,0,3,3,121" ten="54,330,316,300" oya="2" hai0="117,113,74,66,37,35,72,104,84,123,120,111,45" hai1="116,99,5,94,10,42,90,4,134,133,15,44,18" hai2="92,98,9,49,16,97,124,105,28,112,34,36,77" hai3="8,19,0,130,48,115,103,106,60,59,73,86,47"/><V26/><F36/><W25/><G130/><T68/><D45/><U17/><E116/><V78/><F112/><W62/><G73/><T56/><D66/><U88/><E90/><V125/><F105/><W85/><G115/><T129/><D56/><U46/><E46/><V132/><F132/><W96/><G0/><T33/><D84/><U58/><E58/><V12/><F49/><W135/><G135/><N who="1" m="51722" /><E4/><V83/><F98/><W119/><G119/><T53/><D53/><U1/><E1/><V31/><F31/><W80/><G59/><T50/><D37/><AGARI ba="1,0" hai="5,10,15,17,18,37,42,44,88,94,99" m="51722" machi="37" ten="30,2000,0" yaku="20,1,54,1" doraHai="121" who="1" fromWho="0" sc="54,-23,330,23,316,0,300,0" /><INIT seed="3,0,0,2,5,53" ten="31,353,316,300" oya="3" hai0="3,20,48,105,72,42,94,69,27,66,4,47,124" hai1="104,131,67,89,74,81,22,132,119,60,14,90,126" hai2="103,17,7,6,110,111,113,39,134,107,118,16,128" hai3="93,95,11,91,109,43,70,5,83,88,97,130,75"/><W79/><G130/><T41/><D72/><U65/><E104/><V87/><F39/><W1/><G109/><N who="2" m="41481" /><F118/><W8/><G70/><T44/><D105/><U34/><E34/><V92/><F113/><W80/><G43/><T96/><D124/><U73/><E126/><V38/><F38/><W98/><G11/><T116/><D116/><U102/><E102/><V51/><F134/><W56/><G83/><T115/><D115/><U59/><E131/><V46/><F107/><W49/><G49/><T123/><D123/><U71/><E119/><V0/><F0/><W15/><REACH who="3" step="1"/><G56/><REACH who="3" ten="31,353,316,290" step="2"/><T86/><D69/><U100/><E71/><V127/><F128/><W120/><G120/><T61/><D66/><U37/><E67/><V50/><F50/><W28/><G28/><T114/><D114/><U52/><E37/><V13/><F127/><W135/><G135/><T23/><D3/><AGARI ba="0,1" hai="1,3,5,8,15,75,79,80,88,91,93,95,97,98" machi="3" ten="40,7700,0" yaku="1,1,9,1,54,1,53,0" doraHai="53" doraHaiUra="36" who="3" fromWho="0" sc="31,-77,353,0,316,0,290,87" owari="-46,-55.0,353,15.0,316,-8.0,377,48.0" /></mjloggm>