<mjloggm ver="2.3"><GO type="41" lobby="0"/><UN n0="%41%6F" n1="%E9%B3%B3%E5%87%B0%E5%8D%93%E3%81%A7%E6%89%93%E3%81%A1%E3%81%9F%E3%81%84" n2="%E2%93%9D%53%75%70%68%78" n3="%E5%85%83%E6%B0%94%E5%B0%91%E5%B9%B4" dan="13,13,17,14" rate="1873.70,1887.02,2039.24,1930.45" sx="M,M,M,M"/><TAIKYOKU oya="0"/><INIT seed="0,0,0,3,2,54" ten="250,250,250,250" oya="0" hai0="111,75,56,107,48,99,40,59,120,101,20,8,3" hai1="9,51,64,62,102,88,15,38,126,26,134,72,18" hai2="121,4,91,47,98,135,60,31,70,73,2,85,132" hai3="17,19,89,30,5,57,69,46,86,0,58,118,63"/><T34/><D34/><U95/><E38/><V84/><F73/><W123/><G30/><T39/><D120/><U97/><E134/><V87/><F31/><W50/><G118/><T42/><D39/><U49/><E126/><V125/><F47/><W133/><G133/><N who="2" m="51273" /><F121/><W44/><G0/><T27/><D75/><U37/><E37/><V29/><F29/><W114/><G5/><T21/><D111/><U82/><E26/><V109/><F109/><W14/><G114/><T41/><D48/><U113/><E113/><V52/><F70/><W96/><G69/><T104/><D104/><U116/><E116/><V100/><F4/><W81/><G96/><T83/><D83/><U79/><REACH who="1" step="1"/><E102/><REACH who="1" ten="250,240,250,250" step="2"/><V66/><F125/><W33/><G123/><T28/><REACH who="0" step="1"/><D21/><REACH who="0" ten="240,240,250,250" step="2"/><U22/><E22/><V45/><F100/><W13/><G33/><T25/><D25/><U94/><E94/><V106/><F106/><W131/><G81/><T68/><D68/><AGARI ba="0,2" hai="9,15,18,49,51,62,64,68,72,79,82,88,95,97" machi="68" ten="30,7700,0" yaku="1,1,7,1,54,1,53,1" doraHai="54" doraHaiUra="105" who="1" fromWho="0" sc="240,-77,240,97,250,0,250,0" /><INIT seed="1,0,0,0,3,5" ten="163,337,250,250" oya="1" hai0="49,83,39,122,16,27,100,116,52,31,25,75,127" hai1="104,67,126,82,96,107,60,36,130,123,128,15,44" hai2="117,97,3,10,121,1,135,26,20,12,134,55,11" hai3="18,77,51,40,81,58,74,66,73,29,79,53,108"/><U46/><E123/><V72/><F72/><W110/><G29/><T32/><D39/><U70/><E126/><V85/><F97/><W2/><G2/><N who="2" m="521" /><F55/><W113/><G113/><T120/><D127/><U63/><E82/><V105/><F105/><W80/><G66/><T21/><D100/><U114/><E114/><V24/><F85/><W103/><G103/><T62/><D62/><U109/><E109/><V119/><F121/><N who="0" m="46698" /><D116/><N who="2" m="44618" /><F12/><W95/><G95/><T45/><D83/><U23/><E60/><V89/><F89/><W90/><G90/><T37/><D37/><U61/><E63/><V19/><F26/><W56/><G40/><T93/><D93/><U54/><E96/><V43/><F43/><W22/><G56/><T102/><D102/><U78/><E78/><V115/><F115/><W92/><G92/><T38/><D38/><U112/><E112/><V4/><F4/><W34/><G34/><T86/><D86/><U106/><E36/><V132/><AGARI ba="0,0" hai="10,11,19,20,24,132,134,135" m="44618,521" machi="132" ten="40,8000,1" yaku="20,1,34,2,52,2" doraHai="5" who="2" fromWho="2" sc="163,-20,337,-40,250,80,250,-20" /><INIT seed="2,0,0,3,5,17" ten="143,297,330,230" oya="2" hai0="110,88,41,74,23,14,86,123,79,85,42,7,124" hai1="80,15,65,96,127,8,94,21,95,71,119,18,2" hai2="57,100,83,133,134,104,35,22,37,55,125,108,32" hai3="64,107,103,62,135,16,84,77,67,47,49,0,101"/><V117/><F117/><W33/><G33/><T3/><D3/><U11/><E119/><V115/><F115/><W70/><G0/><T130/><D74/><U52/><E71/><V132/><F37/><W9/><G135/><T30/><D123/><U99/><E65/><V129/><F125/><W50/><G67/><T105/><D105/><U51/><E127/><V82/><F129/><W68/><G68/><T48/><D130/><U60/><E60/><V19/><F108/><W76/><G50/><T87/><D79/><U122/><E80/><N who="2" m="30763" /><F100/><W63/><G63/><T61/><D61/><U98/><E122/><V120/><F104/><W69/><G84/><T93/><D110/><U26/><E2/><V4/><F4/><W114/><G70/><T106/><D106/><U81/><E81/><V75/><F120/><W102/><G107/><T109/><D109/><U45/><REACH who="1" step="1"/><E8/><REACH who="1" ten="143,287,330,230" step="2"/><V131/><F131/><W116/><G116/><T44/><D124/><U90/><E90/><V89/><F89/><W36/><G114/><T24/><D42/><U59/><E59/><V10/><F10/><AGARI ba="0,1" hai="7,10,14,23,24,30,41,44,48,85,86,87,88,93" machi="10" ten="40,5200,0" yaku="8,1,52,1,54,1" doraHai="17" who="0" fromWho="2" sc="143,62,287,0,330,-52,230,0" /><INIT seed="3,0,0,5,5,99" ten="205,287,278,230" oya="3" hai0="0,63,5,86,16,53,131,103,1,59,101,128,68" hai1="69,43,49,52,10,67,11,46,9,54,23,124,18" hai2="74,71,98,72,35,25,51,7,48,121,135,112,122" hai3="106,38,62,42,105,41,120,33,96,29,102,44,109"/><W125/><G120/><N who="2" m="46185" /><F112/><W75/><G125/><T19/><D68/><U73/><E124/><V78/><F7/><W32/><G62/><T61/><D5/><U40/><E73/><N who="2" m="28267" /><F78/><W8/><G8/><T36/><D36/><U100/><E69/><V87/><F87/><W30/><G75/><T34/><D34/><U27/><E67/><V37/><F37/><W31/><G42/><N who="1" m="15914" /><E54/><V93/><F135/><W79/><G79/><T65/><D0/><U56/><E46/><V108/><F108/><W89/><G109/><T95/><D1/><U13/><E13/><V80/><F80/><W17/><G106/><T85/><D95/><U58/><E56/><V21/><F35/><W14/><REACH who="3" step="1"/><G89/><REACH who="3" ten="205,287,278,220" step="2"/><T90/><D90/><U45/><E45/><V66/><F71/><W81/><G81/><T55/><D65/><U127/><E127/><V28/><F66/><W84/><G84/><T92/><D92/><U133/><E133/><V113/><F113/><W107/><G107/><T4/><D4/><U88/><E88/><AGARI ba="0,1" hai="21,25,28,48,51,88,93,98" m="28267,46185" machi="88" ten="30,2000,0" yaku="13,1,54,1" doraHai="99" who="2" fromWho="1" sc="205,0,287,-20,278,30,220,0" /><INIT seed="4,0,0,3,2,66" ten="205,267,308,220" oya="0" hai0="21,29,101,41,20,115,48,22,43,94,64,85,13" hai1="49,130,30,87,95,89,3,96,134,108,82,19,120" hai2="18,79,38,74,1,54,127,98,50,76,102,128,112" hai3="70,129,37,62,36,56,46,10,110,35,88,2,103"/><T73/><D73/><U11/><E120/><V90/><F38/><W44/><G110/><T67/><D115/><U121/><E121/><V69/><F1/><W122/><G35/><T72/><D72/><U77/><E108/><V51/><F128/><W23/><G103/><T40/><D29/><U131/><E134/><V7/><F7/><W6/><G122/><T106/><D106/><U100/><E30/><V92/><F69/><W58/><G129/><N who="1" m="49162" /><E49/><V135/><F127/><W27/><G58/><T75/><D75/><N who="1" m="43327" /><E3/><V52/><F112/><W16/><G37/><T47/><D13/><U8/><E19/><V39/><F39/><W125/><G125/><T86/><D101/><U25/><E25/><V81/><F135/><W78/><G78/><T83/><D94/><AGARI ba="0,0" hai="8,11,87,89,94,95,96,100" m="43327,49162" machi="94" ten="30,1000,0" yaku="19,1" doraHai="66" who="1" fromWho="0" sc="205,-10,267,10,308,0,220,0" /><INIT seed="5,0,0,0,0,57" ten="195,277,308,220" oya="1" hai0="95,100,120,119,108,126,115,63,72,79,59,68,4" hai1="21,86,112,96,129,114,52,8,47,51,97,78,24" hai2="125,29,94,44,39,13,55,117,23,116,67,26,105" hai3="30,71,61,10,135,42,122,121,99,35,128,85,7"/><U75/><E129/><V56/><F105/><W53/><G128/><T32/><D108/><U27/><E8/><V64/><F125/><W46/><G99/><T25/><D119/><U90/><E75/><V77/><F77/><W91/><G135/><T16/><D126/><U73/><E78/><V133/><F133/><W98/><G98/><N who="1" m="37994" /><E73/><V132/><F132/><W130/><G130/><T12/><D95/><N who="1" m="54743" /><E21/><V106/><F106/><W6/><G30/><T118/><D100/><U84/><E84/><V102/><F102/><W0/><G7/><T65/><D118/><U88/><E88/><V9/><F117/><W131/><G35/><T48/><D4/><U49/><E51/><V93/><F116/><W134/><G134/><T62/><D48/><U11/><E11/><V1/><F94/><W20/><G20/><T83/><D120/><U92/><E92/><V70/><F93/><W110/><G110/><T107/><D107/><U19/><E19/><V113/><F9/><W15/><G0/><T43/><D43/><U31/><E31/><V2/><F2/><W54/><G131/><T104/><D104/><U103/><E103/><V89/><F1/><W40/><G122/><T17/><D17/><U34/><E34/><V109/><F29/><W101/><G101/><T50/><D50/><U36/><E36/><V33/><F39/><N who="3" m="21791" /><G42/><T76/><D76/><U60/><E60/><V22/><F33/><W81/><G121/><T3/><D3/><U69/><E69/><V14/><F70/><W80/><G80/><T123/><D123/><U18/><E18/><V45/><F109/><RYUUKYOKU ba="0,0" sc="195,-15,277,15,308,-15,220,15" hai1="24,27,47,49,52,112,114" hai3="6,10,15,53,54,61,71,81,85,91" /><INIT seed="5,1,0,4,1,50" ten="180,292,293,235" oya="1" hai0="129,83,25,15,0,28,75,66,113,54,57,117,84" hai1="14,45,89,126,96,27,20,19,114,74,103,26,5" hai2="79,56,100,130,1,52,128,69,64,61,86,31,105" hai3="4,44,53,132,13,60,51,112,21,73,30,46,131"/><U65/><E74/><V37/><F1/><W133/><G73/><T81/><D0/><U118/><E118/><V77/><F37/><W87/><G112/><T82/><D75/><U111/><E114/><V98/><F31/><W23/><G131/><N who="2" m="50217" /><F86/><W58/><G87/><T127/><D117/><U40/><E126/><V94/><F105/><W97/><G97/><T80/><D127/><U3/><E111/><V38/><F38/><W124/><G124/><T49/><D113/><U92/><E65/><V91/><F91/><W88/><G88/><T121/><D121/><U93/><E3/><V109/><F109/><W24/><G23/><T115/><D115/><U123/><E5/><V70/><F64/><W122/><G122/><T9/><D66/><U110/><E123/><V41/><F41/><W95/><G95/><T62/><D62/><U72/><E72/><V101/><F101/><W90/><G90/><T34/><D129/><U22/><E20/><V36/><F36/><W39/><G39/><T135/><D135/><N who="3" m="51785" /><G60/><T107/><D107/><U67/><E110/><V78/><AGARI ba="1,0" hai="52,56,61,69,70,77,78,79,94,98,100" m="50217" machi="78" ten="30,4000,0" yaku="19,1,52,1,54,1" doraHai="50" who="2" fromWho="2" sc="180,-11,292,-21,293,43,235,-11" /><INIT seed="6,0,0,3,1,26" ten="169,271,336,224" oya="2" hai0="108,135,120,58,103,80,99,61,35,3,12,101,74" hai1="73,0,92,118,86,69,36,49,106,50,17,85,52" hai2="134,123,125,66,65,60,45,25,27,97,77,89,13" hai3="22,133,41,132,62,48,72,56,128,109,100,96,40"/><V16/><F123/><W21/><G72/><T116/><D3/><U93/><E118/><V8/><F134/><N who="3" m="51819" /><G109/><T82/><D108/><U54/><E73/><V19/><F125/><W15/><G128/><T64/><D120/><U5/><E106/><V110/><F77/><W98/><G98/><T112/><D116/><U119/><E119/><V30/><F45/><N who="3" m="25639" /><G41/><T24/><D101/><U51/><E36/><V111/><F111/><W42/><G42/><T78/><D80/><U102/><E69/><V83/><F110/><W18/><G22/><T114/><D12/><U122/><E122/><V75/><F75/><W127/><G127/><T59/><D59/><U43/><E43/><V91/><F97/><W2/><G2/><T104/><D135/><U107/><E107/><V113/><F13/><W88/><G96/><T57/><D57/><U71/><E71/><V10/><F113/><W68/><G68/><T117/><D117/><U46/><E102/><V38/><F38/><W37/><G37/><T14/><D14/><U87/><E0/><V84/><F84/><W6/><G100/><T90/><D90/><U79/><E79/><V9/><F91/><W4/><G88/><T33/><D33/><U124/><E124/><V115/><F89/><W11/><G11/><T126/><D126/><U31/><E85/><V76/><F76/><W121/><G121/><T34/><D34/><U23/><E86/><V67/><F10/><W129/><G129/><T32/><D32/><U28/><E87/><V95/><F9/><W81/><G81/><T20/><D35/><U55/><E46/><RYUUKYOKU ba="0,0" sc="169,15,271,-15,336,-15,224,15" hai0="20,24,58,61,64,74,78,82,99,103,104,112,114" hai3="4,6,15,18,21,56,62" /><INIT seed="7,1,0,1,1,46" ten="184,256,321,239" oya="3" hai0="130,36,71,63,98,30,110,18,70,41,131,7,95" hai1="17,115,44,94,8,104,69,91,45,118,111,107,120" hai2="12,50,106,51,62,42,105,99,84,56,3,93,60" hai3="24,90,39,58,64,135,72,2,28,75,92,5,43"/><W126/><G39/><T121/><D110/><U77/><E111/><V33/><F3/><W27/><G43/><T76/><D121/><U6/><E120/><V80/><F33/><W4/><G126/><T86/><D7/><U13/><E118/><V22/><F106/><W116/><G116/><T29/><D76/><U108/><E108/><V68/><F68/><W125/><G125/><T16/><D86/><U102/><E115/><V1/><F62/><W54/><G64/><T109/><D109/><U96/><E69/><V21/><F105/><W59/><G28/><T82/><D82/><U100/><E77/><N who="2" m="46095" /><F1/><W61/><G59/><T88/><D70/><U25/><E107/><V66/><F42/><W67/><G67/><T48/><D30/><U134/><E134/><V119/><F119/><W133/><G4/><T87/><D29/><U103/><E104/><V65/><F65/><W122/><G122/><T0/><D87/><U32/><E32/><V128/><F128/><W101/><G101/><T19/><D0/><U123/><E123/><V37/><F37/><W85/><G75/><T112/><D112/><U79/><E79/><V15/><F22/><AGARI ba="1,0" hai="6,8,13,17,22,25,44,45,91,94,96,100,102,103" machi="22" ten="40,1300,0" yaku="8,1" doraHai="46" who="1" fromWho="2" sc="184,0,256,16,321,-16,239,0" owari="184,-32.0,272,7.0,305,41.0,239,-16.0" /></mjloggm>