<mjloggm ver="2.3"><GO type="41" lobby="0"/><UN n0="%49%69%69%69%73%73%73%73" n1="%E2%93%9D%53%75%70%68%78" n2="%79%61%68%69%72%6F%6E%6E" n3="%E3%83%A8%E3%82%B3%E3%83%86%E3%82%A3%E3%83%B3%40" dan="14,17,14,14" rate="1954.04,2048.51,1903.95,1922.50" sx="M,M,M,M"/><TAIKYOKU oya="0"/><INIT seed="0,0,0,2,2,110" ten="250,250,250,250" oya="0" hai0="113,61,124,79,24,41,22,65,4,29,48,30,92" hai1="37,60,77,112,50,83,17,121,127,51,53,64,114" hai2="87,31,107,101,85,71,73,12,43,96,132,82,45" hai3="32,42,94,34,9,15,128,133,47,81,21,26,108"/><T16/><D113/><N who="1" m="43627" /><E121/><V52/><F71/><W19/><G108/><T98/><D124/><U5/><E37/><V57/><F31/><W120/><G133/><T130/><D130/><U10/><E17/><V20/><F132/><W90/><G128/><T6/><D79/><U123/><E123/><V76/><F20/><W78/><G120/><T35/><D35/><U99/><E99/><V109/><F12/><W27/><G27/><T13/><D4/><U33/><E53/><V55/><F55/><W135/><G135/><T95/><D6/><U80/><E80/><V62/><REACH who="2" step="1"/><F109/><REACH who="2" ten="250,250,240,250" step="2"/><W115/><G115/><T46/><D24/><U126/><E33/><V91/><F91/><W97/><G9/><T66/><D66/><U104/><E127/><V23/><F23/><W119/><G15/><T102/><REACH who="0" step="1"/><D95/><REACH who="0" ten="240,250,240,250" step="2"/><U59/><E126/><V49/><AGARI ba="0,2" hai="43,45,49,52,57,62,73,76,82,85,87,96,101,107" machi="49" ten="20,5200,0" yaku="1,1,0,1,7,1,54,1,53,0" doraHai="110" doraHaiUra="116" who="2" fromWho="2" sc="240,-26,250,-13,240,72,250,-13" /><INIT seed="1,0,0,5,0,40" ten="214,237,312,237" oya="1" hai0="0,133,28,38,91,83,121,69,111,59,102,35,3" hai1="80,58,7,82,39,29,2,61,94,76,101,131,48" hai2="31,32,8,116,78,127,97,52,86,104,49,77,42" hai3="95,74,117,27,18,24,103,118,63,130,120,20,114"/><U1/><E39/><V37/><F116/><N who="3" m="44651" /><G114/><T99/><D69/><U85/><E131/><V45/><F127/><W100/><G120/><T113/><D113/><U6/><E29/><V21/><F32/><W53/><G130/><T62/><D38/><U26/><E26/><V115/><F115/><W70/><G74/><T132/><D111/><U68/><E68/><V108/><F108/><W25/><G95/><N who="0" m="58751" /><D121/><U89/><E2/><V92/><F86/><W88/><G88/><T56/><D56/><U106/><E1/><V12/><F104/><W4/><G4/><T96/><D28/><U64/><E82/><V17/><F21/><W65/><G53/><N who="0" m="34159" /><D35/><U50/><E106/><V11/><F11/><W33/><G33/><T84/><D96/><N who="1" m="59543" /><E89/><V134/><F31/><W109/><G109/><T72/><D72/><U128/><E128/><V119/><F134/><AGARI ba="0,0" hai="0,3,83,84,91,132,133,134" m="34159,58751" machi="134" ten="30,1000,0" yaku="20,1" doraHai="40" who="0" fromWho="2" sc="214,10,237,0,312,-10,237,0" /><INIT seed="2,0,0,0,4,77" ten="224,237,302,237" oya="2" hai0="2,91,5,118,13,132,28,12,17,108,62,88,72" hai1="48,10,98,84,100,46,120,128,35,41,116,47,24" hai2="117,6,70,133,30,101,58,106,63,86,125,81,25" hai3="21,115,97,18,60,112,22,80,3,71,122,87,123"/><V82/><F117/><W61/><G3/><T92/><D72/><U9/><E128/><V67/><F133/><W124/><G124/><T52/><D2/><U135/><E116/><V103/><F125/><W104/><G104/><T49/><D108/><U94/><E135/><V31/><F31/><W55/><G97/><T4/><D132/><U110/><E110/><V23/><F6/><N who="0" m="2666" /><D28/><U32/><E120/><V65/><F86/><W1/><G1/><T85/><D62/><U56/><E35/><V131/><F131/><W69/><G87/><N who="0" m="52255" /><D17/><U64/><E32/><V126/><F126/><W33/><G18/><T99/><D99/><U121/><E121/><V16/><F106/><W114/><G33/><T8/><D8/><U96/><E96/><V68/><F30/><W76/><G76/><T27/><D27/><U111/><E24/><V51/><F51/><W36/><G115/><T0/><D0/><U59/><E111/><V54/><F70/><W44/><G36/><T107/><D107/><U113/><E113/><V20/><F20/><W79/><G79/><T11/><D11/><U15/><E10/><V134/><F134/><W90/><G114/><T34/><D34/><U83/><E9/><V66/><F68/><W119/><G112/><T73/><D73/><U53/><E15/><V29/><F29/><W74/><G74/><T129/><D129/><U93/><E98/><V75/><F75/><W95/><G123/><T37/><D37/><U43/><E48/><V19/><F19/><W50/><G122/><T7/><N who="0" m="2674" /><T39/><DORA hai="38" /><D39/><U14/><E14/><RYUUKYOKU ba="0,0" sc="224,-10,237,-10,302,30,237,-10" hai2="16,23,25,54,58,63,65,66,67,81,82,101,103" /><INIT seed="2,1,0,3,1,19" ten="214,227,332,227" oya="2" hai0="20,23,78,109,127,49,43,79,72,12,118,122,99" hai1="71,10,46,102,130,35,58,29,27,36,67,32,132" hai2="76,124,25,66,16,52,103,39,64,98,11,75,92" hai3="21,7,9,17,51,82,5,34,68,6,88,105,81"/><V65/><F124/><W70/><G105/><T96/><D122/><U54/><E130/><V114/><F114/><W134/><G134/><T3/><D3/><U123/><E132/><V128/><F39/><W31/><G34/><T69/><D69/><U129/><E129/><V33/><F128/><W97/><G31/><T115/><D115/><U55/><E10/><V85/><F33/><W74/><G74/><T107/><D107/><U126/><E102/><V30/><F75/><W61/><G70/><T116/><D109/><U14/><E14/><V120/><F120/><W125/><G125/><T26/><D12/><U60/><E126/><V15/><F52/><W133/><G133/><T86/><D72/><U94/><E94/><V4/><F85/><W80/><G51/><T45/><D127/><U113/><E113/><V111/><F111/><W59/><G68/><T100/><D86/><U131/><E131/><V117/><F117/><N who="0" m="45162" /><D26/><U57/><E123/><V53/><F53/><N who="3" m="34031" /><G9/><T91/><D91/><U63/><E71/><V104/><F76/><N who="0" m="29226" /><D100/><U121/><E121/><V77/><F77/><W40/><G40/><T135/><D135/><U95/><E35/><V87/><F87/><N who="3" m="50279" /><G97/><AGARI ba="1,0" hai="20,23,43,45,49,96,97,99" m="29226,45162" machi="97" ten="30,3900,0" yaku="12,1,52,2" doraHai="19" who="0" fromWho="3" sc="214,42,227,0,332,0,227,-42" /><INIT seed="3,0,0,4,5,10" ten="256,227,332,185" oya="3" hai0="80,6,20,100,68,105,113,24,78,12,65,119,124" hai1="81,73,55,25,92,116,112,127,129,71,83,132,21" hai2="115,57,99,103,91,38,128,9,29,82,93,122,43" hai3="94,64,101,131,47,1,58,4,133,114,134,3,42"/><W111/><G114/><T89/><D119/><U36/><E36/><V88/><F115/><W135/><G131/><T118/><D118/><U45/><E71/><V18/><F128/><W60/><G111/><T23/><D113/><U123/><E127/><V79/><F29/><W75/><G75/><T109/><D109/><U97/><E132/><V110/><F110/><W41/><G41/><T52/><D124/><U53/><E123/><V17/><F122/><W51/><REACH who="3" step="1"/><G4/><REACH who="3" ten="256,227,332,175" step="2"/><T72/><D6/><U30/><E129/><V63/><F43/><W76/><G76/><T33/><D72/><U107/><E73/><V96/><F79/><W15/><G15/><T49/><D12/><U27/><E116/><V61/><F38/><W16/><G16/><T54/><D78/><U62/><E112/><V46/><F18/><W98/><AGARI ba="0,1" hai="1,3,42,47,51,58,60,64,94,98,101,133,134,135" machi="98" ten="40,7800,0" yaku="1,1,0,1,20,1,53,0" doraHai="10" doraHaiUra="48" who="3" fromWho="3" sc="256,-26,227,-26,332,-26,175,88" /><INIT seed="3,1,0,0,1,52" ten="230,201,306,263" oya="3" hai0="53,11,84,42,55,120,72,86,114,80,104,123,23" hai1="74,101,77,41,31,87,128,37,76,129,26,109,1" hai2="71,69,51,89,8,127,12,17,112,20,130,45,68" hai3="22,50,44,79,100,97,108,102,121,98,111,83,119"/><W60/><G121/><T99/><D42/><U16/><E1/><V91/><F130/><N who="1" m="50281" /><E74/><V2/><F127/><W13/><G119/><T93/><D23/><N who="1" m="13671" /><E109/><N who="3" m="42058" /><G60/><T47/><D47/><N who="1" m="23983" /><E101/><N who="3" m="39018" /><G22/><T66/><D123/><U115/><E115/><V78/><F112/><W28/><G13/><T63/><D120/><U73/><E73/><V95/><F2/><W132/><G28/><T32/><D72/><U5/><E5/><V107/><F107/><W18/><G18/><T94/><D104/><U21/><E87/><V0/><F0/><W49/><G132/><T62/><D114/><U6/><E6/><V126/><F126/><W75/><G49/><T57/><D86/><U125/><E125/><V105/><F105/><W118/><G118/><T103/><D84/><U133/><E133/><V43/><F20/><W9/><G9/><T90/><D11/><U124/><E124/><V27/><F8/><W88/><G44/><T4/><D4/><U46/><E46/><V54/><F45/><W82/><G50/><T40/><D62/><U116/><E116/><V96/><F51/><W3/><G3/><T56/><D63/><U131/><E131/><V122/><F122/><W110/><G110/><T39/><D39/><U70/><E70/><V81/><F71/><W67/><G67/><T85/><D66/><U33/><E21/><N who="2" m="13743" /><F69/><W19/><G19/><T58/><D40/><U30/><E30/><V64/><F68/><W134/><G134/><T24/><D32/><U10/><E10/><V106/><F43/><W38/><G38/><T15/><D15/><U65/><E65/><V117/><F64/><RYUUKYOKU ba="1,0" sc="230,-15,201,15,306,-15,263,15" hai1="31,33,76,77" hai3="75,79,82,83,88,97,98" /><INIT seed="3,2,0,5,1,101" ten="215,216,291,278" oya="3" hai0="45,34,105,132,108,103,115,37,92,4,81,80,91" hai1="99,127,18,56,78,88,3,10,1,20,60,135,49" hai2="30,67,27,71,117,41,35,12,128,113,76,2,0" hai3="9,44,59,52,109,24,85,36,75,42,116,64,15"/><W126/><G116/><T40/><D34/><U82/><E135/><V110/><F110/><W55/><G75/><T61/><D108/><U73/><E127/><V39/><F117/><W54/><G126/><T120/><D120/><U68/><E68/><V112/><F128/><W84/><G109/><T23/><D132/><U51/><E10/><V72/><F12/><W43/><G43/><T123/><D123/><U111/><E3/><V63/><F76/><W125/><G125/><T129/><D129/><U47/><E1/><V79/><F79/><W74/><G74/><T17/><D4/><U46/><E46/><N who="2" m="23871" /><F72/><W69/><G24/><T106/><D61/><U102/><E47/><V87/><F87/><W83/><G69/><T104/><D103/><U48/><E111/><V93/><F93/><W124/><G64/><T38/><D38/><U58/><E60/><V131/><F131/><W77/><G85/><T66/><D66/><U89/><E58/><V133/><F133/><W11/><G124/><T22/><D22/><U134/><E56/><V86/><F86/><W50/><REACH who="3" step="1"/><G9/><REACH who="3" ten="215,216,291,268" step="2"/><T8/><D8/><U16/><E134/><V57/><F71/><W19/><AGARI ba="2,1" hai="11,15,19,36,42,44,50,52,54,55,59,77,83,84" machi="19" ten="20,12000,1" yaku="1,1,2,1,0,1,7,1,54,1,53,0" doraHai="101" doraHaiUra="29" who="3" fromWho="3" sc="215,-42,216,-42,291,-42,268,136" /><INIT seed="3,3,0,0,0,42" ten="173,174,249,404" oya="3" hai0="125,29,49,109,9,3,34,70,89,50,122,66,56" hai1="10,87,41,55,67,18,112,28,97,69,53,114,85" hai2="48,131,132,57,107,12,68,106,90,59,16,124,72" hai3="84,5,93,45,1,43,111,135,83,37,134,81,116"/><W38/><G116/><T6/><D122/><U31/><E41/><V100/><F131/><W14/><G38/><T44/><D70/><U78/><E69/><V105/><F132/><N who="3" m="50731" /><G1/><T63/><D109/><U80/><E67/><V27/><F68/><W96/><G111/><T7/><D125/><U25/><E97/><V61/><F100/><N who="3" m="60431" /><G84/><T39/><D7/><U76/><E10/><AGARI ba="3,0" hai="5,10,14,37,43,45,81,83" m="60431,50731" machi="10" ten="30,2900,0" yaku="20,1,52,1" doraHai="42" who="3" fromWho="1" sc="173,0,174,-38,249,0,404,38" /><INIT seed="3,4,0,2,3,85" ten="173,136,249,442" oya="3" hai0="83,41,128,59,118,132,3,4,53,99,60,103,0" hai1="25,121,91,35,43,133,51,117,19,100,72,14,54" hai2="11,63,71,86,81,96,131,130,9,65,82,24,108" hai3="90,73,20,64,40,50,70,67,62,31,119,120,15"/><W92/><G120/><T28/><D118/><U34/><E72/><V49/><F108/><W109/><G73/><T38/><D4/><U102/><E133/><V44/><F82/><W46/><G119/><T48/><D38/><U129/><E129/><V32/><F96/><W22/><G109/><T23/><D128/><N who="2" m="49194" /><F24/><W125/><G125/><T126/><D126/><U105/><E43/><N who="2" m="24735" /><F32/><W93/><G93/><T26/><D132/><U112/><E112/><V97/><F97/><W122/><G122/><T58/><D83/><U7/><E105/><V39/><F39/><W17/><G67/><T127/><D127/><U124/><E35/><V84/><F84/><W56/><G70/><T36/><D36/><U98/><E34/><V80/><F80/><W18/><G31/><T57/><D41/><U78/><E121/><V16/><F16/><N who="3" m="6251" /><G15/><T74/><D74/><U5/><E14/><V114/><F114/><W61/><G61/><T27/><D27/><U116/><E25/><V95/><F95/><W45/><G45/><T47/><REACH who="0" step="1"/><D60/><REACH who="0" ten="163,136,249,442" step="2"/><U111/><E117/><V8/><F81/><W55/><G40/><T77/><D77/><U107/><E116/><V2/><F2/><W29/><G29/><T135/><D135/><U52/><E124/><V123/><F123/><W13/><G13/><T89/><D89/><U87/><E91/><V68/><F86/><AGARI ba="4,1" hai="20,22,46,50,55,56,62,64,86,90,92" m="6251" machi="86" ten="30,5800,0" yaku="8,1,52,1,54,1" doraHai="85" who="3" fromWho="2" sc="163,0,136,0,249,-70,442,80" /><INIT seed="3,5,0,2,3,25" ten="163,136,179,522" oya="3" hai0="44,18,64,49,78,70,16,95,53,21,4,83,75" hai1="132,81,101,48,58,57,94,76,42,2,116,133,127" hai2="124,20,79,90,114,62,71,40,24,93,39,51,66" hai3="0,68,99,15,106,100,104,73,125,105,96,38,56"/><W26/><G125/><T110/><D110/><U121/><E2/><V123/><F114/><W11/><G0/><T59/><D4/><U91/><E121/><V63/><F123/><W13/><G73/><T14/><D70/><U115/><E115/><V134/><F134/><N who="1" m="51817" /><E101/><V102/><F124/><W8/><G68/><T1/><D1/><U36/><E36/><V37/><F79/><W87/><G38/><T31/><D95/><U23/><E23/><V46/><F63/><W41/><G41/><T135/><D135/><U33/><E33/><V19/><REACH who="2" step="1"/><F102/><REACH who="2" ten="163,136,169,522" step="2"/><W35/><G100/><T128/><D128/><U85/><E127/><V129/><F129/><W34/><G106/><T30/><REACH who="0" step="1"/><D18/><REACH who="0" ten="153,136,169,522" step="2"/><U12/><E116/><V69/><F69/><W92/><G105/><T97/><D97/><AGARI ba="5,2" hai="19,20,24,37,39,40,46,51,62,66,71,90,93,97" machi="97" ten="30,2000,0" yaku="1,1,7,1,53,0" doraHai="25" doraHaiUra="108" who="2" fromWho="0" sc="153,-35,136,0,169,55,522,0" /><INIT seed="4,0,0,3,5,85" ten="118,136,224,522" oya="0" hai0="100,1,66,103,10,116,33,81,76,120,7,110,84" hai1="36,19,80,126,42,112,60,26,134,29,101,55,130" hai2="77,50,6,41,40,0,25,83,49,5,45,123,12" hai3="74,61,39,59,107,24,28,135,78,18,91,111,93"/><T3/><D116/><U32/><E130/><V119/><F123/><W118/><G111/><T69/><D120/><U92/><E134/><V48/><F119/><W54/><G118/><T63/><D110/><U108/><E108/><V95/><F0/><W98/><G107/><T79/><D33/><U15/><E126/><V132/><F132/><W106/><G106/><T75/><REACH who="0" step="1"/><D1/><REACH who="0" ten="108,136,224,522" step="2"/><U34/><E34/><V47/><F25/><W86/><G135/><T16/><D16/><U46/><E19/><V72/><F12/><W23/><G18/><T53/><D53/><U9/><E55/><V30/><F30/><W22/><G54/><T17/><D17/><U27/><E27/><V62/><F5/><W87/><G24/><T73/><D73/><U127/><E32/><V13/><F6/><W109/><G74/><T89/><D89/><U58/><E26/><V99/><F13/><W35/><G91/><T20/><D20/><U124/><E29/><V4/><F4/><W65/><G22/><T11/><D11/><U8/><E8/><V131/><F131/><W128/><G23/><T70/><D70/><U90/><E15/><V52/><F40/><W68/><G35/><T117/><D117/><U14/><E14/><V51/><F41/><W56/><G28/><T44/><D44/><U115/><E9/><V57/><N who="2" m="12288" /><DORA hai="64" /><V94/><REACH who="2" step="1"/><F95/><REACH who="2" ten="108,136,214,522" step="2"/><W121/><G93/><T122/><D122/><U125/><E92/><V21/><F21/><W37/><G128/><T67/><D67/><N who="1" m="39319" /><E127/><V105/><F105/><W114/><G121/><T82/><AGARI ba="0,2" hai="3,7,10,63,66,69,75,76,79,81,82,84,100,103" machi="82" ten="30,6000,0" yaku="1,1,0,1,52,1,53,0" doraHai="85,64" doraHaiUra="31,88" who="0" fromWho="0" sc="108,80,136,-20,214,-20,522,-20" /><INIT seed="4,1,0,4,3,74" ten="188,116,194,502" oya="0" hai0="107,42,17,48,90,110,133,97,30,93,23,92,50" hai1="95,100,69,76,109,18,34,62,73,38,103,46,120" hai2="35,29,128,105,134,7,122,5,39,123,83,20,8" hai3="68,58,112,106,130,75,67,66,6,2,119,72,88"/><T40/><D107/><U63/><E120/><V57/><F105/><W36/><G36/><T54/><D110/><U121/><E121/><V24/><F39/><W44/><G119/><T60/><D133/><U125/><E109/><V70/><F70/><W56/><G106/><T49/><D30/><U14/><E34/><V32/><F134/><W85/><G44/><T71/><D93/><U79/><E73/><V53/><F128/><W26/><G26/><T12/><REACH who="0" step="1"/><D71/><REACH who="0" ten="178,116,194,502" step="2"/><U127/><E69/><V0/><F123/><W94/><G68/><T3/><D3/><U21/><E95/><V116/><F122/><W28/><G28/><T78/><D78/><N who="1" m="29739" /><E103/><V108/><F116/><W114/><G2/><T111/><D111/><U102/><E102/><V132/><F108/><W104/><G104/><T89/><D89/><U118/><E100/><V19/><F132/><W1/><G1/><T126/><D126/><N who="1" m="48139" /><E118/><V31/><F35/><W10/><G94/><T41/><D41/><AGARI ba="1,1" hai="14,18,21,38,41,46,62,63" m="48139,29739" machi="41" ten="30,7700,0" yaku="18,1,52,3" doraHai="74" who="1" fromWho="0" sc="178,-80,116,90,194,0,502,0" /><INIT seed="5,0,0,0,3,78" ten="98,206,194,502" oya="1" hai0="69,116,46,12,131,65,42,101,95,72,80,79,128" hai1="85,3,16,51,52,2,120,70,60,130,105,45,13" hai2="15,126,40,9,86,47,114,22,109,49,107,99,37" hai3="112,122,39,89,103,5,14,24,81,91,133,64,97"/><U30/><E120/><V74/><F74/><W10/><G122/><T59/><D69/><U135/><E105/><V48/><F109/><W32/><G39/><T62/><D116/><U118/><E118/><V119/><F126/><W18/><G133/><T117/><D117/><U54/><E130/><V111/><F111/><W71/><G81/><T134/><D134/><U21/><E135/><V125/><F125/><W82/><G82/><T20/><D20/><U35/><E85/><V108/><F108/><W28/><G18/><T121/><D121/><U50/><E35/><V23/><F119/><W31/><G31/><T76/><D76/><U44/><E30/><V75/><F75/><W8/><G8/><T0/><D0/><U129/><E129/><V6/><F86/><W38/><G38/><T90/><D12/><U77/><E77/><V11/><F114/><W58/><G58/><T55/><D65/><AGARI ba="0,0" hai="2,3,13,16,21,44,45,50,51,52,54,60,65,70" machi="65" ten="40,7700,0" yaku="9,1,54,2" doraHai="78" who="1" fromWho="0" sc="98,-77,206,77,194,0,502,0" /><INIT seed="5,1,0,4,4,134" ten="21,283,194,502" oya="1" hai0="74,85,53,54,111,123,5,105,91,72,104,59,99" hai1="77,46,63,20,118,102,114,78,49,93,92,97,9" hai2="131,17,124,94,29,71,100,51,66,52,33,119,14" hai3="112,101,126,125,25,87,76,67,2,65,135,15,113"/><U115/><E118/><V62/><F131/><W12/><G135/><T122/><D5/><U35/><E35/><V83/><F119/><W81/><G2/><T96/><D59/><U73/><E63/><V132/><F132/><W84/><G101/><T1/><D1/><U31/><E9/><V44/><F83/><W130/><G130/><T18/><D18/><U128/><E73/><V64/><F64/><N who="3" m="24651" /><G25/><T23/><D23/><U48/><E128/><V39/><F124/><N who="3" m="47723" /><G84/><T32/><D32/><U89/><E102/><V55/><F100/><W61/><G61/><T34/><D34/><U22/><E97/><V47/><F33/><W86/><G86/><T107/><D85/><U50/><E31/><V82/><F29/><W3/><G3/><T27/><D27/><U95/><E89/><V4/><F82/><W129/><G129/><T88/><REACH who="0" step="1"/><D107/><REACH who="0" ten="11,283,194,502" step="2"/><U36/><E22/><V38/><F17/><W110/><G110/><AGARI ba="1,1" hai="53,54,72,74,88,91,96,99,104,105,110,111,122,123" machi="110" ten="25,8000,1" yaku="1,1,2,1,22,2,54,1,53,0" doraHai="134" doraHaiUra="19" who="0" fromWho="3" sc="11,93,283,0,194,0,502,-83" /><INIT seed="6,0,0,0,5,89" ten="104,283,194,419" oya="2" hai0="26,68,28,120,49,122,24,50,13,78,67,129,51" hai1="56,20,96,22,133,45,12,57,97,5,94,126,101" hai2="33,103,55,87,131,41,117,116,86,30,65,91,6" hai3="114,88,60,36,21,79,75,52,115,77,104,99,59"/><V34/><F65/><W18/><G36/><T40/><D40/><U69/><E133/><V102/><F41/><W19/><G75/><T58/><D68/><U32/><E32/><V14/><F131/><W92/><G104/><T3/><D3/><U0/><E126/><V73/><F73/><W61/><G61/><T43/><D43/><U8/><E69/><V98/><F98/><W7/><G7/><T38/><D38/><U46/><E0/><V70/><F70/><W31/><G31/><T39/><D39/><U121/><E121/><N who="0" m="46697" /><D78/><U53/><E97/><V9/><F55/><W25/><G18/><T63/><D13/><U109/><E109/><V105/><F87/><W112/><AGARI ba="0,0" hai="19,21,25,52,59,60,77,79,88,92,99,112,114,115" machi="112" ten="30,16000,3" yaku="0,1,25,2,15,1,11,1,52,1,54,2" doraHai="89" who="3" fromWho="3" sc="104,-40,283,-40,194,-80,419,160" /><INIT seed="7,0,0,1,5,66" ten="64,243,114,579" oya="3" hai0="89,54,86,82,107,48,134,45,81,95,30,69,6" hai1="63,128,84,99,122,108,111,47,3,59,38,105,56" hai2="18,78,71,1,88,0,33,64,76,36,126,21,39" hai3="113,22,115,92,35,43,16,37,60,73,13,104,31"/><W32/><G104/><T2/><D134/><U87/><E3/><V15/><F33/><W28/><G73/><T53/><D107/><U40/><E87/><V135/><F135/><W26/><G60/><T57/><D30/><U91/><E128/><V133/><F133/><W58/><G92/><T25/><D25/><U75/><E122/><V67/><F126/><W102/><G102/><T24/><D24/><U62/><E75/><V61/><F67/><W116/><G58/><T8/><REACH who="0" step="1"/><D69/><REACH who="0" ten="54,243,114,579" step="2"/><U41/><E105/><V65/><F71/><W123/><G123/><T20/><D20/><U4/><E111/><V50/><F21/><W70/><G22/><T42/><D42/><U9/><E41/><V131/><F131/><W112/><G43/><T77/><D77/><U68/><E68/><V90/><F78/><W98/><G70/><T120/><D120/><U97/><E40/><V5/><F76/><W52/><G28/><T103/><D103/><U118/><E108/><V85/><F39/><W125/><G37/><T7/><D7/><U132/><E4/><V117/><F36/><W14/><G31/><T29/><D29/><U80/><E38/><V19/><F5/><W10/><G26/><T12/><D12/><U55/><E132/><V101/><F15/><W109/><G14/><T11/><D11/><U23/><E9/><V96/><F101/><W119/><G10/><T74/><D74/><U114/><E23/><V44/><F0/><W100/><G13/><T72/><D72/><U79/><E79/><V124/><F1/><W130/><G115/><T94/><D94/><RYUUKYOKU ba="0,1" sc="54,30,243,-10,114,-10,579,-10" hai0="2,6,8,45,48,53,54,57,81,82,86,89,95" owari="84,-42.0,233,3.0,104,-30.0,579,69.0" /></mjloggm>