<mjloggm ver="2.3"><GO type="41" lobby="0"/><UN n0="%6C%69%73%7A%74%31%37" n1="%54%53%4D%2D%30%37" n2="%79%75%63%61" n3="%E2%93%9D%53%75%70%68%78" dan="14,14,13,18" rate="2042.73,1941.66,1842.72,2131.71" sx="M,M,M,M"/><TAIKYOKU oya="0"/><INIT seed="0,0,0,1,2,126" ten="250,250,250,250" oya="0" hai0="119,118,112,87,113,128,134,74,133,62,107,36,75" hai1="55,11,50,89,102,69,9,2,121,27,51,109,4" hai2="73,123,90,3,15,115,12,40,111,6,8,80,94" hai3="5,49,17,82,131,30,83,106,66,127,81,98,96"/><T53/><D36/><U48/><E121/><V86/><F111/><W29/><G127/><T72/><D62/><U14/><E109/><V76/><F115/><N who="0" m="44106" /><D53/><U103/><E69/><V47/><REACH who="2" step="1"/><F123/><REACH who="2" ten="250,250,240,250" step="2"/><W84/><G106/><T13/><D128/><U110/><E110/><V57/><F57/><W7/><G131/><T23/><D107/><U125/><E125/><V59/><F59/><W116/><G116/><T91/><D23/><U63/><E11/><V21/><F21/><W16/><G66/><T39/><D39/><AGARI ba="0,1" hai="3,6,8,12,15,39,40,47,73,76,80,86,90,94" machi="39" ten="30,7700,0" yaku="1,1,7,1,25,2,53,0" doraHai="126" doraHaiUra="18" who="2" fromWho="0" sc="250,-77,250,0,240,87,250,0" /><INIT seed="1,0,0,3,1,28" ten="173,250,327,250" oya="1" hai0="30,106,134,121,11,24,21,101,16,58,0,82,98" hai1="32,60,89,72,117,52,53,29,49,76,45,43,81" hai2="42,37,8,2,1,78,31,68,27,18,100,50,77" hai3="126,105,96,80,17,108,3,61,57,44,94,110,83"/><U40/><E117/><V95/><F68/><W85/><G3/><T9/><D134/><U91/><E91/><V64/><F37/><W47/><G105/><T111/><D111/><N who="3" m="42537" /><G126/><T73/><D121/><U13/><E13/><V70/><F2/><W15/><G83/><T66/><D0/><U6/><E6/><V26/><F1/><W38/><G38/><T5/><D5/><U62/><E89/><V67/><F70/><W87/><G87/><T55/><D66/><U132/><E132/><V36/><F36/><W48/><G48/><T10/><D82/><U7/><E7/><V107/><F107/><W102/><G85/><T51/><REACH who="0" step="1"/><D73/><REACH who="0" ten="163,250,327,250" step="2"/><U86/><E72/><V22/><F67/><N who="3" m="39343" /><G80/><T109/><D109/><U119/><E119/><V69/><F64/><W133/><G133/><T19/><AGARI ba="0,1" hai="9,10,11,16,19,21,24,30,51,55,58,98,101,106" machi="19" ten="30,4000,0" yaku="1,1,0,1,54,1,53,0" doraHai="28" doraHaiUra="125" who="0" fromWho="0" sc="163,50,250,-20,327,-10,250,-10" /><INIT seed="2,0,0,4,1,36" ten="213,230,317,240" oya="2" hai0="73,127,100,79,58,117,43,74,99,107,49,110,94" hai1="123,0,95,70,3,122,135,131,118,10,18,1,105" hai2="109,119,67,102,45,134,52,92,28,82,30,101,48" hai3="40,126,33,75,22,21,24,128,56,53,86,125,115"/><V27/><F119/><W112/><G75/><T133/><D110/><U69/><E105/><V96/><F109/><W46/><G86/><T88/><D133/><U47/><E118/><V59/><F134/><W12/><G12/><T44/><D117/><U84/><E135/><V2/><F2/><W39/><G33/><T65/><D127/><N who="3" m="48649" /><G128/><T103/><D79/><U5/><E131/><V51/><F102/><W23/><G24/><T17/><D103/><U25/><E47/><V50/><F27/><W11/><G11/><T66/><D17/><U57/><E57/><V77/><F51/><AGARI ba="0,0" hai="21,22,23,39,40,46,51,53,56,112,115" m="48649" machi="51" ten="30,2000,0" yaku="18,1,52,1" doraHai="36" who="3" fromWho="2" sc="213,0,230,0,317,-20,240,20" /><INIT seed="3,0,0,0,5,89" ten="213,230,297,260" oya="3" hai0="99,61,28,15,129,37,71,60,48,31,98,68,131" hai1="44,114,24,85,10,100,59,64,74,124,33,104,5" hai2="30,122,38,14,3,108,20,42,25,88,105,91,103" hai3="135,120,106,45,52,86,83,54,7,126,78,116,63"/><W53/><G116/><T17/><D37/><U102/><E74/><V76/><F3/><W43/><G120/><T9/><D48/><U16/><E114/><V46/><F122/><W0/><G106/><T34/><D34/><U73/><E73/><V75/><F108/><W36/><G135/><T67/><D28/><U58/><E124/><V132/><F132/><W96/><G126/><T134/><D31/><U113/><E113/><V50/><F38/><W8/><REACH who="3" step="1"/><G96/><REACH who="3" ten="213,230,297,250" step="2"/><T66/><D134/><U125/><E104/><V11/><F105/><W92/><G92/><T69/><D69/><U70/><E70/><V130/><F130/><AGARI ba="0,1" hai="9,15,17,60,61,66,67,68,71,98,99,129,130,131" machi="130" ten="40,2600,0" yaku="9,1,19,1" doraHai="89" who="0" fromWho="2" sc="213,36,230,0,297,-26,250,0" /><INIT seed="4,0,0,4,0,48" ten="249,230,271,250" oya="0" hai0="88,41,30,61,9,91,107,104,78,116,20,3,66" hai1="109,99,32,10,13,70,134,44,113,100,35,117,121" hai2="56,85,127,123,125,64,94,40,105,26,37,87,51" hai3="132,6,38,49,67,33,54,79,43,69,15,47,25"/><T4/><D116/><U122/><E117/><V7/><F105/><W14/><G132/><T103/><D78/><U111/><E70/><V50/><F7/><W8/><G79/><T96/><D107/><U135/><E44/><V106/><F106/><W83/><G83/><T24/><REACH who="0" step="1"/><D41/><REACH who="0" ten="239,230,271,250" step="2"/><U58/><E135/><V86/><F40/><W63/><G43/><T101/><D101/><U93/><E134/><V34/><F123/><W71/><G38/><T12/><D12/><U102/><E122/><V119/><F37/><W59/><REACH who="3" step="1"/><G15/><REACH who="3" ten="239,230,271,240" step="2"/><T81/><D81/><U11/><E13/><V42/><F42/><W19/><G19/><T73/><D73/><U126/><E121/><V89/><F119/><W82/><G82/><T115/><D115/><U45/><E113/><V129/><F129/><W2/><G2/><T18/><D18/><U23/><E111/><V68/><F127/><W128/><G128/><T39/><D39/><U76/><E109/><V52/><F125/><W57/><G57/><AGARI ba="0,2" hai="3,4,9,20,24,30,57,61,66,88,91,96,103,104" machi="57" ten="30,5800,0" yaku="1,1,7,1,54,1,53,0" doraHai="48" doraHaiUra="133" who="0" fromWho="3" sc="239,78,230,0,271,0,240,-58" /><INIT seed="4,1,0,4,2,39" ten="317,230,271,182" oya="0" hai0="27,15,17,83,40,46,82,52,50,33,32,116,24" hai1="104,31,23,56,89,110,84,11,111,48,12,61,45" hai2="132,20,94,14,62,100,79,59,108,77,4,113,71" hai3="18,86,38,74,81,55,133,76,22,53,0,65,80"/><T96/><D116/><U134/><E104/><V1/><F71/><W105/><G133/><T101/><D33/><U92/><E134/><V72/><F113/><W87/><G105/><T67/><D67/><U88/><E31/><V63/><F108/><W85/><G0/><T73/><D73/><U102/><E102/><V125/><F125/><W115/><G115/><T117/><D117/><U9/><E23/><V60/><F1/><W57/><G38/><T26/><D32/><U25/><E25/><V51/><F72/><W21/><G21/><T49/><D96/><U64/><E89/><V43/><F132/><W91/><G65/><T123/><D101/><U8/><REACH who="1" step="1"/><E12/><REACH who="1" ten="317,220,271,182" step="2"/><V3/><F3/><W93/><G81/><T69/><D123/><U99/><E99/><N who="2" m="59511" /><F20/><W30/><G30/><T126/><D126/><U2/><E2/><V37/><F14/><W130/><G130/><T36/><D83/><U112/><E112/><V44/><F4/><W5/><G5/><T128/><D82/><U127/><E127/><V75/><F75/><W122/><G122/><T95/><D15/><U119/><E119/><V129/><F129/><W34/><G34/><T54/><D128/><U16/><E16/><V68/><F79/><W35/><G35/><T19/><D26/><U97/><E97/><V66/><F77/><W118/><G118/><T107/><D24/><U121/><E121/><V98/><F98/><N who="3" m="57663" /><G22/><T120/><D120/><U7/><E7/><V29/><F29/><W42/><G18/><T135/><D17/><U103/><E103/><V90/><F90/><W114/><G114/><RYUUKYOKU ba="1,1" sc="317,-15,220,15,271,15,182,-15" hai1="8,9,11,45,48,56,61,64,84,88,92,110,111" hai2="37,43,44,51,59,60,62,63,66,68" /><INIT seed="5,2,1,0,1,7" ten="302,235,286,167" oya="1" hai0="99,106,43,67,123,73,17,58,37,134,22,110,86" hai1="36,131,10,90,70,118,3,13,74,63,98,45,62" hai2="35,96,12,107,94,28,129,26,130,112,109,135,82" hai3="31,65,46,5,81,57,102,41,33,56,66,27,61"/><U71/><E118/><V101/><F109/><W19/><G102/><T47/><D110/><U53/><E74/><V93/><F135/><W95/><G95/><T42/><D73/><U125/><E3/><V4/><F82/><W92/><G92/><T8/><D134/><U121/><E121/><V21/><F112/><W38/><G19/><T108/><D43/><U9/><E125/><V128/><F35/><W29/><G29/><T25/><D108/><U119/><E119/><V103/><F101/><W0/><G81/><T1/><D86/><U124/><E124/><V24/><F24/><W104/><G104/><T52/><D67/><U78/><E78/><V49/><F49/><W111/><G111/><T83/><D83/><U91/><E53/><V120/><F120/><W87/><G87/><T127/><D127/><U15/><E45/><V11/><AGARI ba="2,1" hai="4,11,12,21,26,28,93,94,96,103,107,128,129,130" machi="11" ten="40,5200,0" yaku="0,1,19,1,52,1" doraHai="7" who="2" fromWho="2" sc="302,-15,235,-28,286,68,167,-15" /><INIT seed="6,0,0,2,3,114" ten="287,207,354,152" oya="2" hai0="24,125,16,128,55,87,12,63,64,80,36,91,0" hai1="99,34,124,21,126,100,73,44,52,122,105,98,120" hai2="111,117,29,13,103,1,97,96,127,61,39,25,33" hai3="7,69,53,4,59,22,2,30,15,19,134,43,82"/><V95/><F117/><W88/><G69/><T72/><D0/><U31/><E34/><V86/><F39/><W121/><G121/><N who="1" m="46698" /><E73/><V93/><F1/><W67/><G134/><T66/><D125/><N who="1" m="48235" /><E98/><V17/><F111/><W116/><G67/><T47/><D24/><N who="1" m="16783" /><E44/><V135/><F135/><W76/><G2/><T26/><D26/><U46/><E46/><V56/><F86/><W113/><G43/><T11/><D72/><U51/><E51/><V123/><F123/><W129/><G113/><T90/><D128/><U107/><E52/><V32/><F32/><W40/><G129/><T94/><D55/><U110/><E110/><V118/><F118/><W92/><G116/><T57/><D64/><U42/><E42/><V74/><F74/><W102/><G40/><T83/><D47/><U8/><E8/><V6/><F127/><W28/><G102/><T62/><D62/><U71/><E71/><V70/><F70/><W10/><G30/><T119/><D119/><U27/><E27/><V38/><F38/><W48/><G28/><T65/><D65/><U133/><E133/><V132/><F132/><W20/><G20/><T5/><D36/><U35/><E35/><V101/><F61/><W130/><G130/><T14/><D90/><U75/><E75/><V54/><F54/><W112/><G112/><T68/><D68/><U81/><E81/><V9/><F56/><W108/><G108/><T18/><D83/><U77/><E77/><V115/><F115/><W84/><G10/><N who="0" m="4175" /><D80/><U104/><AGARI ba="0,0" hai="99,100,104,105,107" m="16783,48235,46698" machi="104" ten="40,2700,0" yaku="13,1,18,1" doraHai="114" who="1" fromWho="1" sc="287,-7,207,27,354,-13,152,-7" /><INIT seed="7,0,0,3,0,54" ten="280,234,341,145" oya="3" hai0="14,53,72,120,115,103,85,13,10,76,130,0,126" hai1="121,80,108,127,65,62,66,113,102,97,133,77,34" hai2="88,49,6,30,100,73,64,32,70,71,11,31,24" hai3="37,12,111,84,78,110,109,94,36,2,48,104,52"/><W45/><G104/><T15/><D120/><U67/><E108/><V63/><F31/><W79/><G2/><T116/><D116/><U92/><E121/><V75/><F71/><W123/><G123/><T41/><D72/><U55/><E34/><V56/><F100/><W93/><G12/><T5/><D41/><U128/><E128/><V124/><F124/><W98/><G94/><T107/><D115/><U112/><E133/><V89/><F75/><W105/><G105/><T28/><D28/><U8/><E8/><V19/><F19/><W96/><G96/><T39/><D39/><N who="3" m="14921" /><G84/><T4/><D126/><U74/><E127/><V7/><F7/><W135/><G135/><T81/><D130/><U119/><E119/><V58/><F73/><W90/><AGARI ba="0,0" hai="45,48,52,78,79,90,93,98,109,110,111" m="14921" machi="90" ten="40,3900,0" yaku="10,1,54,1" doraHai="54" who="3" fromWho="3" sc="280,-13,234,-13,341,-13,145,39" /><INIT seed="7,1,0,5,1,52" ten="267,221,328,184" oya="3" hai0="21,72,81,50,117,28,13,32,45,20,123,99,48" hai1="63,126,58,23,29,91,80,74,18,75,105,120,35" hai2="16,90,110,0,19,102,37,98,121,92,10,3,133" hai3="31,6,77,54,125,95,88,43,39,86,46,55,76"/><W47/><G125/><T8/><D117/><U51/><E105/><V5/><F37/><W96/><G31/><T14/><D32/><U36/><E36/><V114/><F110/><W94/><G6/><T64/><D14/><U69/><E120/><V112/><F0/><W79/><REACH who="3" step="1"/><G47/><REACH who="3" ten="267,221,328,174" step="2"/><T84/><D45/><U65/><E126/><V109/><F109/><W26/><G26/><T122/><D28/><U106/><E29/><V130/><F121/><W115/><G115/><N who="2" m="44073" /><F130/><W15/><G15/><T56/><D13/><U132/><E35/><V119/><F119/><W62/><G62/><T135/><D123/><U38/><E63/><V53/><F133/><W103/><AGARI ba="1,1" hai="39,43,46,54,55,76,77,79,86,88,94,95,96,103" machi="103" ten="30,6000,0" yaku="1,1,0,1,54,1,53,0" doraHai="52" doraHaiUra="22" who="3" fromWho="3" sc="267,-21,221,-21,328,-21,174,73" /><INIT seed="7,2,0,0,4,133" ten="246,200,307,247" oya="3" hai0="62,103,23,55,109,76,65,85,79,8,32,6,30" hai1="106,43,74,81,107,1,68,54,39,38,69,52,101" hai2="50,116,56,130,19,135,63,86,127,41,125,33,110" hai3="17,49,75,9,7,132,22,29,122,0,88,126,112"/><W99/><G122/><T128/><D109/><U92/><E1/><V20/><F110/><W27/><G75/><T95/><D32/><U40/><E92/><V115/><F33/><W120/><G120/><T87/><D128/><U46/><E74/><V123/><F123/><W5/><G112/><T58/><D55/><U114/><E81/><V35/><F35/><W113/><G113/><T10/><D85/><U45/><REACH who="1" step="1"/><E114/><REACH who="1" ten="246,190,307,247" step="2"/><V118/><F115/><W117/><G0/><T18/><D95/><U72/><E72/><V61/><F135/><W105/><G132/><T84/><D79/><U47/><E47/><V104/><F104/><W90/><G105/><T36/><D76/><U67/><E67/><V34/><F130/><W100/><G90/><T131/><D65/><U89/><E89/><V26/><F118/><W71/><G88/><T111/><D131/><U44/><E44/><V108/><F108/><W16/><G117/><T31/><D111/><U94/><E94/><V77/><F116/><W53/><G100/><AGARI ba="2,1" hai="38,39,40,43,45,46,52,54,68,69,100,101,106,107" machi="100" ten="25,6400,0" yaku="1,1,22,2,54,1,53,0" doraHai="133" doraHaiUra="21" who="1" fromWho="3" sc="246,0,190,80,307,0,247,-70" owari="246,-15.0,270,7.0,307,40.0,177,-32.0" /></mjloggm>