<mjloggm ver="2.3"><GO type="41" lobby="0"/><UN n0="%E2%93%9D%53%75%70%68%78" n1="%E7%83%88%E5%85%83" n2="%E5%90%89%E7%A5%A5%2E%79%66" n3="%E9%AB%AA%E7%95%99%E3%82%81" dan="18,15,14,15" rate="2176.88,1944.99,1982.87,2029.72" sx="M,M,M,F"/><TAIKYOKU oya="0"/><INIT seed="0,0,0,2,4,124" ten="250,250,250,250" oya="0" hai0="69,43,96,24,46,129,102,57,111,7,109,107,117" hai1="11,34,77,134,60,56,74,75,84,32,16,58,48" hai2="121,9,128,70,80,119,104,2,23,79,126,133,114" hai3="106,116,81,61,26,13,93,71,65,127,103,4,44"/><T132/><D117/><U15/><E134/><V130/><F23/><W86/><G116/><T78/><D132/><U21/><E84/><V73/><F9/><W6/><G127/><T39/><D57/><U76/><E74/><V87/><F87/><W36/><G13/><T1/><D24/><U14/><E75/><V52/><F52/><W110/><G110/><N who="0" m="41995" /><D78/><U40/><E34/><V97/><F97/><W20/><G106/><T22/><D22/><U33/><E33/><V53/><F53/><W49/><G36/><T118/><D118/><U62/><E32/><V105/><F119/><W66/><G66/><T123/><D123/><U31/><E31/><V101/><F121/><W54/><G20/><T18/><D18/><U92/><E92/><V120/><F120/><W25/><G25/><T67/><D7/><U83/><E83/><V82/><F126/><W51/><G26/><T35/><D35/><U5/><E40/><V122/><F122/><W64/><G64/><T47/><D47/><U42/><E42/><V12/><F12/><W59/><G71/><T68/><D1/><U115/><E115/><V72/><F70/><N who="0" m="27242" /><D67/><N who="1" m="39303" /><E48/><V89/><F2/><W99/><REACH who="3" step="1"/><G51/><REACH who="3" ten="250,250,250,240" step="2"/><T45/><D45/><U125/><E125/><V85/><F133/><W10/><G10/><T135/><D135/><U27/><E27/><V91/><F114/><W41/><G41/><T113/><D113/><U17/><E5/><V98/><F105/><W100/><G100/><T63/><D63/><U50/><E50/><V38/><F38/><W19/><G19/><T88/><D88/><AGARI ba="0,1" hai="4,6,44,49,54,59,61,65,81,86,88,93,99,103" machi="88" ten="30,12000,2" yaku="1,1,7,1,8,1,54,1,53,2" doraHai="124" doraHaiUra="0" who="3" fromWho="0" sc="250,-120,250,0,250,0,240,130" /><INIT seed="1,0,0,2,4,15" ten="130,250,250,370" oya="1" hai0="30,121,39,47,31,33,7,91,28,94,51,67,118" hai1="6,9,36,135,120,117,42,104,34,41,64,92,58" hai2="95,1,77,126,66,130,129,84,32,103,100,62,59" hai3="108,89,119,46,73,69,68,63,128,79,122,27,55"/><U127/><E117/><V123/><F123/><W97/><G108/><T88/><D118/><U102/><E120/><V45/><F1/><W17/><G122/><T116/><D121/><U81/><E104/><V43/><F32/><W10/><G119/><T23/><D39/><U111/><E127/><V37/><F126/><W40/><G128/><T25/><D116/><U78/><E135/><V19/><F77/><W13/><G73/><T105/><D105/><U124/><E124/><V5/><F5/><W133/><G133/><T50/><D33/><U65/><E34/><V110/><F110/><W57/><G79/><T24/><D67/><U90/><E102/><V29/><F29/><W80/><G27/><T18/><D7/><U72/><E111/><V83/><F83/><W8/><G8/><T134/><D134/><U86/><E58/><V21/><F84/><W101/><G89/><N who="0" m="34379" /><D94/><U54/><E54/><V48/><F37/><W26/><G80/><T93/><D93/><U35/><E35/><V74/><F74/><W98/><G26/><N who="0" m="14711" /><D51/><U0/><REACH who="1" step="1"/><E41/><AGARI ba="0,0" hai="24,25,28,30,31,41,47,50" m="14711,34379" machi="41" ten="30,3900,0" yaku="8,1,52,1,54,1" doraHai="15" who="0" fromWho="1" sc="130,39,250,-39,250,0,370,0" /><INIT seed="2,0,0,1,4,6" ten="169,211,250,370" oya="2" hai0="90,75,78,100,20,91,65,33,40,94,19,26,111" hai1="39,72,41,8,84,1,107,59,22,99,121,68,133" hai2="77,92,48,66,31,87,103,116,112,49,14,89,115" hai3="29,0,5,50,56,119,76,44,124,60,69,81,114"/><V32/><F116/><W63/><G119/><T88/><D111/><U79/><E133/><V11/><F66/><W17/><G124/><T127/><D127/><U126/><E126/><V101/><F77/><W58/><G114/><T108/><D108/><U134/><E134/><V12/><F112/><W131/><G131/><T123/><D123/><U25/><E68/><V113/><F32/><W4/><G69/><T106/><D40/><U36/><E121/><V83/><F31/><W46/><G29/><T3/><D3/><U28/><E84/><N who="2" m="52263" /><F113/><W54/><G17/><T13/><D65/><U16/><E72/><V47/><F14/><W85/><G0/><T64/><D64/><U15/><E1/><V71/><F71/><W30/><G30/><T98/><D33/><U118/><E118/><V97/><F97/><W55/><REACH who="3" step="1"/><G44/><REACH who="3" ten="169,211,250,360" step="2"/><T105/><D26/><U10/><E28/><V86/><F115/><W73/><G73/><T51/><D75/><U67/><E16/><N who="2" m="8223" /><F47/><W52/><AGARI ba="0,1" hai="4,5,46,50,52,54,55,56,58,60,63,76,81,85" machi="52" ten="20,12000,2" yaku="1,1,0,1,7,1,9,1,8,1,54,1,53,0" doraHai="6" doraHaiUra="132" who="3" fromWho="3" sc="169,-30,211,-30,250,-60,360,130" /><INIT seed="3,0,0,3,2,77" ten="139,181,190,490" oya="3" hai0="84,93,19,135,110,101,115,130,56,80,28,95,51" hai1="117,34,102,69,62,108,6,15,52,57,72,119,47" hai2="55,107,106,32,26,64,75,50,59,43,38,60,121" hai3="0,68,116,33,70,5,71,88,23,112,134,31,63"/><W21/><G116/><N who="1" m="44618" /><E34/><V9/><F121/><W46/><G112/><T36/><D36/><U40/><E108/><V39/><F75/><W94/><G134/><T97/><D130/><U114/><E114/><V16/><F38/><W27/><G46/><T53/><D115/><U54/><E72/><V127/><F127/><W87/><REACH who="3" step="1"/><G63/><REACH who="3" ten="139,181,190,480" step="2"/><T78/><D135/><U18/><E62/><V24/><F60/><W120/><G120/><T30/><D110/><U123/><E47/><V90/><F64/><W42/><G42/><T7/><D7/><U76/><E40/><V35/><F43/><W83/><G83/><T89/><REACH who="0" step="1"/><D19/><REACH who="0" ten="129,181,190,480" step="2"/><U133/><E18/><V125/><F39/><W131/><G131/><T91/><D91/><U2/><E133/><V37/><F37/><W81/><G81/><T8/><D8/><AGARI ba="0,2" hai="0,5,8,21,23,27,31,33,68,70,71,87,88,94" machi="8" ten="40,3900,0" yaku="1,1,54,1,53,0" doraHai="77" doraHaiUra="100" who="3" fromWho="0" sc="129,-39,181,0,190,0,480,59" /><INIT seed="3,1,0,0,4,116" ten="90,181,190,539" oya="3" hai0="89,118,49,92,12,53,43,85,4,114,90,66,44" hai1="130,3,135,25,52,111,63,129,30,57,39,99,100" hai2="102,56,67,109,1,128,33,61,28,18,113,73,14" hai3="24,72,106,80,93,75,8,96,105,107,122,81,78"/><W88/><G24/><T32/><D118/><U27/><E111/><V2/><F113/><W94/><G8/><T15/><D114/><U50/><E39/><V17/><F73/><W68/><G68/><T36/><D32/><U121/><E3/><V23/><F109/><W98/><G122/><T48/><D36/><U42/><E135/><V7/><F128/><N who="1" m="49257" /><E30/><V71/><F102/><N who="3" m="60687" /><G81/><T126/><D126/><U120/><E42/><V16/><F71/><W45/><G45/><T11/><D66/><U132/><E132/><V64/><F64/><W77/><G77/><T5/><D90/><U124/><E124/><V127/><F127/><W31/><G31/><T35/><D35/><U0/><E0/><V54/><F67/><W87/><AGARI ba="1,0" hai="72,75,78,80,87,88,94,98,105,106,107" m="60687" machi="87" ten="30,18000,2" yaku="35,5,54,1" doraHai="116" who="3" fromWho="3" sc="90,-61,181,-61,190,-61,539,183" /><INIT seed="3,2,0,0,0,50" ten="29,120,129,722" oya="3" hai0="65,45,74,131,52,112,89,109,117,23,9,75,129" hai1="62,71,20,134,114,26,88,84,34,135,70,83,81" hai2="113,28,77,36,15,106,31,4,5,61,100,93,125" hai3="105,13,124,55,7,127,53,29,17,40,2,37,128"/><W25/><G105/><T11/><D117/><U51/><E114/><V95/><F113/><W21/><G128/><N who="0" m="49227" /><D112/><U107/><E34/><V24/><F36/><W58/><G58/><T132/><D65/><U47/><E107/><V67/><F125/><N who="3" m="48203" /><G40/><T19/><D89/><U133/><E81/><V72/><F72/><N who="0" m="27690" /><D109/><U54/><REACH who="1" step="1"/><E62/><REACH who="1" ten="29,110,129,722" step="2"/><V82/><F82/><W115/><G115/><T8/><D132/><U120/><E120/><V42/><F106/><W59/><G59/><T1/><D1/><U44/><E44/><V101/><F77/><W64/><G64/><T99/><D45/><U60/><E60/><V14/><F61/><W98/><G37/><T92/><D92/><U111/><E111/><V96/><F67/><W130/><G130/><T102/><D102/><U122/><E122/><V6/><F42/><W3/><G3/><T30/><D30/><AGARI ba="2,1" hai="20,26,30,47,51,54,70,71,83,84,88,133,134,135" machi="30" ten="40,8000,1" yaku="1,1,20,1,52,1,54,1,53,1" doraHai="50" doraHaiUra="22" who="1" fromWho="0" sc="29,-86,110,96,129,0,722,0" owari="-57,-56.0,206,1.0,129,-27.0,722,82.0" /></mjloggm>