<mjloggm ver="2.3"><GO type="41" lobby="0"/><UN n0="%E5%89%8D%E9%AB%AA%E3%81%8A%E3%81%84%E3%81%97%E3%81%84" n1="%74%2D%72%61%6E%72%61%6E" n2="%E2%93%9D%53%75%70%68%78" n3="%E3%83%9D%E3%83%B3%E3%81%A1%E3%82%83%E3%82%93%E2%98%86" dan="13,13,16,15" rate="1879.72,1862.68,2019.70,2027.08" sx="M,M,M,M"/><TAIKYOKU oya="0"/><INIT seed="0,0,0,0,4,110" ten="250,250,250,250" oya="0" hai0="71,63,23,27,73,55,116,72,112,13,68,81,98" hai1="96,41,51,115,57,25,82,47,114,109,106,7,12" hai2="5,15,107,69,130,101,78,95,117,33,44,61,87" hai3="36,40,94,122,120,121,54,83,119,129,92,29,79"/><T126/><D116/><U74/><E109/><V133/><F130/><W45/><G119/><T70/><D126/><U6/><E106/><V80/><F133/><W86/><G129/><T49/><D112/><N who="1" m="43051" /><E96/><V42/><F33/><W131/><G131/><T9/><D98/><U52/><E25/><V62/><F69/><W39/><G39/><T132/><D27/><U58/><E74/><V93/><F107/><W90/><G29/><T37/><D73/><U123/><E123/><V0/><F0/><W100/><G100/><T17/><D72/><U124/><E124/><V104/><F104/><W91/><G54/><T113/><D132/><U108/><E108/><V11/><F117/><W34/><G34/><T127/><D113/><U1/><E1/><V66/><F101/><W118/><G118/><T105/><D127/><U102/><E102/><V30/><F30/><W60/><G60/><T16/><D105/><U24/><E82/><V103/><F103/><W75/><G91/><T64/><D81/><AGARI ba="0,0" hai="36,40,45,75,79,81,83,86,90,92,94,120,121,122" machi="81" ten="40,1300,0" yaku="13,1" doraHai="110" who="3" fromWho="0" sc="250,-13,250,0,250,0,250,13" /><INIT seed="1,0,0,2,5,86" ten="237,250,250,263" oya="1" hai0="2,17,29,63,57,46,124,0,47,116,113,51,97" hai1="56,54,84,88,85,110,37,42,78,83,48,7,81" hai2="14,27,24,135,102,12,98,117,67,36,1,53,92" hai3="108,43,119,60,4,131,109,132,52,93,11,77,23"/><U112/><E112/><V8/><F117/><W99/><G43/><T74/><D113/><U134/><E134/><V33/><F36/><W26/><G77/><T9/><D116/><U76/><E110/><V64/><F1/><W101/><G119/><T6/><D74/><U122/><E122/><V16/><F135/><W87/><G87/><T125/><D29/><U55/><E7/><V90/><F33/><W75/><G75/><T128/><D128/><U82/><E37/><V91/><F53/><W15/><G131/><T100/><D17/><U61/><E42/><V126/><F126/><N who="0" m="48746" /><D51/><U106/><E106/><V28/><F14/><W123/><G123/><T58/><D2/><U3/><E3/><V34/><REACH who="2" step="1"/><F27/><REACH who="2" ten="237,250,240,263" step="2"/><W20/><G132/><T18/><D0/><U73/><E48/><V25/><F25/><W107/><G26/><T114/><D114/><U115/><E115/><V111/><F111/><N who="3" m="42571" /><G107/><T104/><D104/><U127/><E127/><V71/><F71/><W62/><G52/><AGARI ba="0,1" hai="52,54,55,56,61,73,76,78,81,82,83,84,85,88" machi="52" ten="30,11600,0" yaku="7,1,52,1,54,2" doraHai="86" who="1" fromWho="3" sc="237,0,250,126,240,0,263,-116" /><INIT seed="1,1,0,4,0,66" ten="237,376,240,147" oya="1" hai0="5,129,7,38,87,101,104,13,20,96,126,114,30" hai1="59,120,112,70,121,98,69,106,71,45,62,61,84" hai2="103,74,26,122,4,60,105,49,23,41,27,11,134" hai3="68,131,77,42,100,86,17,95,57,117,65,25,132"/><U46/><E106/><V133/><F74/><W94/><G132/><N who="2" m="50793" /><F122/><N who="1" m="47209" /><E98/><N who="2" m="61687" /><F60/><N who="1" m="23145" /><E84/><V29/><F27/><W78/><G131/><T79/><D129/><U9/><E9/><V108/><F108/><W22/><G117/><T34/><D34/><U102/><E102/><V24/><F24/><W75/><G68/><N who="1" m="26218" /><E112/><V3/><F11/><W2/><G2/><T110/><D104/><U51/><N who="1" m="26226" /><U123/><N who="1" m="47217" /><DORA hai="47" /><U89/><DORA hai="63" /><E89/><V28/><F3/><W33/><G65/><T39/><D101/><U97/><E97/><V10/><F10/><W43/><G57/><T55/><D114/><U135/><E135/><V31/><F4/><W48/><G48/><T6/><D7/><U19/><E19/><V0/><F0/><W58/><G58/><T12/><D5/><U111/><E111/><V91/><F91/><N who="3" m="53623" /><G75/><T73/><D6/><U81/><E81/><V1/><F1/><W36/><G36/><T113/><D73/><U37/><E37/><V14/><F31/><W53/><G53/><AGARI ba="1,0" hai="45,46,51,53,59" m="26226,23145,47217" machi="53" ten="60,18000,2" yaku="34,2,52,5" doraHai="66,47,63" who="1" fromWho="3" sc="237,0,376,183,240,0,147,-183" owari="237,-16.0,559,66.0,240,4.0,-36,-54.0" /></mjloggm>