<mjloggm ver="2.3"><GO type="41" lobby="0"/><UN n0="%59%6F%75%44%61" n1="%47%6F%6F%64%59%65%61%72" n2="%6F%E6%96%B0%E5%B1%85%EF%BC%93%E3%81%AA%E3%81%AE%EF%BC%9F" n3="%E2%93%9D%53%75%70%68%78" dan="14,15,13,17" rate="1942.63,2062.31,1848.26,2057.48" sx="M,M,F,M"/><TAIKYOKU oya="0"/><INIT seed="0,0,0,2,1,10" ten="250,250,250,250" oya="0" hai0="39,9,76,134,88,62,86,133,6,117,2,80,25" hai1="129,54,23,22,18,70,100,61,102,124,59,37,71" hai2="1,11,90,72,122,103,45,126,14,55,113,128,135" hai3="43,68,118,116,30,95,89,121,58,111,38,48,66"/><T131/><D117/><U107/><E37/><V7/><F122/><W132/><G30/><T81/><D131/><U78/><E129/><V29/><F113/><W16/><G111/><T109/><D109/><U97/><E124/><V119/><F135/><W36/><G95/><T17/><D39/><U120/><E120/><V94/><F72/><W99/><G99/><T106/><D106/><U51/><E78/><V63/><F126/><W26/><G89/><T15/><D25/><U57/><E102/><V130/><F103/><W0/><G0/><T65/><D80/><U34/><E34/><V105/><F105/><W32/><G32/><T93/><D6/><U92/><E23/><V60/><F29/><W41/><G68/><T24/><D24/><U12/><REACH who="1" step="1"/><E107/><REACH who="1" ten="250,240,250,250" step="2"/><V44/><F130/><W56/><G121/><T19/><D2/><U125/><E125/><V69/><F1/><W4/><G118/><T104/><D104/><U73/><E73/><V67/><F128/><W42/><G38/><T21/><D134/><U53/><AGARI ba="0,1" hai="12,18,22,51,53,54,57,59,61,70,71,92,97,100" machi="53" ten="20,5200,0" yaku="1,1,0,1,7,1,52,1,53,0" doraHai="10" doraHaiUra="28" who="1" fromWho="1" sc="250,-26,240,62,250,-13,250,-13" /><INIT seed="1,0,0,0,4,42" ten="224,302,237,237" oya="1" hai0="97,8,59,95,50,15,37,114,135,105,33,29,81" hai1="26,30,107,54,72,45,23,0,70,51,17,27,61" hai2="55,104,1,6,99,24,124,93,111,10,77,134,11" hai3="131,35,128,49,96,12,90,130,83,76,84,43,60"/><U133/><E133/><V122/><F111/><W7/><G35/><T80/><D135/><U108/><E108/><V69/><F69/><W73/><G60/><T3/><D37/><U88/><E0/><V14/><F104/><W123/><G123/><T53/><D114/><U113/><E113/><V25/><F122/><W38/><G38/><T98/><D3/><U5/><E107/><V79/><F134/><W86/><G7/><T47/><D105/><U34/><E5/><V31/><F124/><W4/><G96/><T56/><D33/><U22/><E72/><V58/><F1/><W32/><G32/><T78/><D29/><U125/><E125/><V101/><F11/><N who="3" m="4199" /><G90/><T132/><D81/><U126/><E126/><V18/><F6/><W28/><G28/><T21/><D21/><U48/><E34/><V52/><F55/><W57/><G57/><T100/><D98/><U91/><REACH who="1" step="1"/><E48/><REACH who="1" ten="224,292,237,237" step="2"/><N who="2" m="30983" /><F31/><W71/><G73/><T120/><D132/><U117/><E117/><V92/><F25/><W116/><G116/><T110/><D110/><U89/><E89/><V112/><F24/><W44/><G131/><T2/><D2/><U119/><E119/><V67/><F112/><W19/><G130/><T68/><D120/><U20/><E20/><V82/><F79/><W127/><G128/><T94/><D8/><U85/><E85/><N who="2" m="48335" /><F92/><W46/><G127/><T109/><D95/><U16/><E16/><V65/><AGARI ba="0,1" hai="10,14,18,65,67,93,99,101" m="48335,30983" machi="65" ten="30,2000,0" yaku="8,1,54,1" doraHai="42" who="2" fromWho="2" sc="224,-5,292,-10,237,30,237,-5" /><INIT seed="2,0,0,0,0,75" ten="219,282,267,232" oya="2" hai0="116,93,80,41,18,92,72,114,46,129,91,64,90" hai1="81,54,79,39,131,28,25,101,62,31,38,84,16" hai2="119,7,125,17,8,61,15,98,100,42,83,52,71" hai3="30,36,33,124,34,88,135,132,120,113,58,19,87"/><V122/><F119/><W23/><G120/><T20/><D116/><U67/><E131/><V121/><F125/><W112/><G36/><T134/><D129/><U9/><E101/><V70/><F42/><W2/><G58/><T128/><D128/><U56/><E67/><V10/><F83/><W13/><G124/><T106/><D106/><U97/><E97/><V103/><F103/><W118/><G118/><T96/><D114/><N who="3" m="44137" /><G2/><T22/><D64/><U82/><E31/><V0/><F70/><W51/><G51/><T32/><D32/><N who="3" m="12393" /><G30/><T43/><D43/><U57/><E57/><V117/><F117/><W133/><G87/><T73/><D134/><U94/><E94/><V102/><F102/><W68/><G68/><T11/><D11/><U49/><E49/><V27/><F27/><W14/><G88/><T59/><D73/><U5/><E82/><V53/><F71/><W66/><G66/><T110/><D72/><U111/><E111/><V105/><REACH who="2" step="1"/><F61/><REACH who="2" ten="219,282,257,232" step="2"/><W4/><G4/><T35/><D41/><U40/><E40/><V104/><F104/><W45/><G45/><T108/><D46/><U60/><E62/><V1/><F1/><W24/><AGARI ba="0,1" hai="13,14,19,23,24,132,133,135" m="12393,44137" machi="24" ten="40,8000,1" yaku="20,1,11,1,34,2" doraHai="75" who="3" fromWho="3" sc="219,-20,282,-20,257,-40,232,90" /><INIT seed="3,0,0,1,3,103" ten="199,262,217,322" oya="3" hai0="63,128,57,11,85,106,50,10,126,111,31,28,130" hai1="131,56,16,100,9,119,135,125,2,129,61,41,40" hai2="124,79,17,108,15,84,95,60,70,33,37,7,132" hai3="35,97,59,92,13,3,25,38,55,99,19,75,27"/><W127/><G3/><T80/><D50/><U21/><E119/><V73/><F108/><W54/><G75/><T14/><D111/><U110/><E110/><V52/><F33/><W51/><G38/><T120/><D120/><U6/><E135/><V44/><F124/><W123/><G123/><T102/><D126/><U104/><E125/><V69/><F7/><W30/><G127/><T113/><D113/><U81/><E81/><V53/><F132/><W48/><G27/><T89/><D11/><U22/><E22/><V49/><F73/><W20/><REACH who="3" step="1"/><G92/><REACH who="3" ten="199,262,217,312" step="2"/><T64/><D130/><U94/><E94/><V8/><F37/><W42/><G42/><T93/><D128/><U66/><E131/><V39/><F39/><W133/><G133/><T18/><REACH who="0" step="1"/><D93/><REACH who="0" ten="189,262,217,312" step="2"/><U107/><E129/><V47/><F95/><W76/><G76/><T0/><D0/><U24/><REACH who="1" step="1"/><E100/><REACH who="1" ten="189,252,217,312" step="2"/><V5/><F79/><W134/><G134/><T101/><D101/><U1/><E1/><V72/><F72/><W116/><G116/><T77/><D77/><U96/><E96/><AGARI ba="0,3" hai="10,14,18,28,31,57,63,64,80,85,89,96,102,106" machi="96" ten="40,2600,0" yaku="1,1,52,1,53,0" doraHai="103" doraHaiUra="114" who="0" fromWho="1" sc="189,56,252,-26,217,0,312,0" /><INIT seed="4,0,0,2,4,0" ten="245,226,217,312" oya="0" hai0="44,84,114,66,22,108,35,43,9,64,127,51,126" hai1="83,85,118,48,75,20,50,28,80,12,8,59,49" hai2="34,105,133,97,123,91,13,32,89,16,106,72,74" hai3="17,135,98,37,23,5,40,61,120,15,116,113,100"/><T103/><D35/><U2/><E118/><V122/><F133/><W134/><G116/><T58/><D103/><U38/><E38/><V42/><F42/><W3/><G113/><T115/><D84/><U112/><E112/><N who="0" m="43049" /><D22/><U92/><E2/><V125/><F97/><W79/><G120/><T88/><D9/><U77/><E92/><V54/><F54/><W99/><G99/><T132/><D88/><U19/><E59/><V86/><F86/><W107/><G79/><T33/><D33/><U14/><E28/><V65/><F65/><N who="0" m="25194" /><D132/><U110/><E110/><V24/><F24/><W1/><G100/><T6/><D6/><U26/><REACH who="1" step="1"/><E8/><REACH who="1" ten="245,216,217,312" step="2"/><V47/><F122/><W109/><G135/><T39/><D108/><U93/><E93/><V111/><F123/><W52/><G109/><T82/><D82/><U31/><E31/><V131/><F111/><W95/><G95/><T29/><D29/><U21/><E21/><V124/><F34/><W25/><G23/><T41/><D58/><U53/><E53/><V129/><F32/><W62/><G52/><N who="0" m="29799" /><D39/><U36/><E36/><V70/><F106/><W11/><G107/><T121/><D121/><U81/><E81/><V63/><F105/><W55/><G134/><T30/><D30/><U128/><E128/><V87/><F131/><W56/><G37/><T68/><D68/><U117/><E117/><V94/><F129/><W27/><G56/><T119/><D119/><U96/><E96/><V46/><F70/><W7/><G98/><T67/><D67/><U45/><E45/><V71/><F47/><W104/><G104/><RYUUKYOKU ba="0,1" sc="245,15,216,15,217,-15,312,-15" hai0="41,43,126,127" hai1="12,14,19,20,26,48,49,50,75,77,80,83,85" /><INIT seed="4,1,1,2,3,120" ten="260,231,202,297" oya="0" hai0="109,90,40,58,96,81,75,0,74,9,46,4,7" hai1="72,32,103,70,107,44,33,112,125,47,65,31,22" hai2="8,87,15,61,118,36,51,130,28,3,105,55,12" hai3="127,26,108,99,113,56,76,131,114,29,11,117,25"/><T111/><D7/><U39/><E125/><V2/><F105/><W104/><G117/><T43/><D58/><U134/><E134/><V123/><F36/><W89/><G76/><N who="0" m="44183" /><D75/><U77/><E112/><V60/><F123/><W79/><G79/><T68/><D68/><U100/><E22/><V84/><F118/><W88/><G131/><T53/><D53/><U116/><E116/><V17/><F28/><W69/><G56/><T20/><D20/><U82/><E100/><V102/><F102/><W83/><G11/><T128/><D128/><U98/><E47/><V13/><F130/><W52/><G69/><T122/><D122/><U71/><E71/><V34/><F34/><W64/><G64/><T16/><D16/><U10/><E10/><V124/><F124/><W37/><G127/><T135/><D135/><U73/><E73/><V86/><F3/><W95/><G29/><T66/><D66/><U106/><E106/><V121/><F121/><W5/><G5/><T48/><D48/><U115/><E115/><V62/><F2/><W35/><G114/><T91/><D43/><N who="1" m="22655" /><E31/><V30/><REACH who="2" step="1"/><F30/><REACH who="2" ten="260,231,192,297" step="2"/><W38/><G113/><T6/><D6/><U18/><E18/><V67/><F67/><W78/><G35/><T97/><D0/><U19/><E19/><V27/><F27/><W24/><G24/><T57/><D4/><U126/><E126/><V50/><F50/><W85/><G26/><T63/><D63/><AGARI ba="1,2" hai="32,33,63,65,70,72,77,82,98,103,107" m="22655" machi="63" ten="30,2000,0" yaku="33,2" doraHai="120" who="1" fromWho="0" sc="260,-23,231,43,192,0,297,0" /><INIT seed="5,0,0,3,1,28" ten="237,274,192,297" oya="1" hai0="108,116,77,102,53,120,18,133,14,26,12,104,126" hai1="98,17,92,22,41,24,36,95,109,35,78,73,20" hai2="34,67,80,16,60,101,72,106,62,103,79,27,9" hai3="111,105,23,15,130,45,49,121,84,96,113,55,25"/><U68/><E68/><V86/><F62/><W38/><G111/><T89/><D108/><U81/><E109/><V71/><F86/><W40/><G130/><T19/><D116/><U99/><E36/><V93/><F93/><W37/><G113/><T64/><D120/><U57/><E41/><V31/><REACH who="2" step="1"/><F106/><REACH who="2" ten="237,274,182,297" step="2"/><W3/><G105/><T63/><D63/><U2/><E95/><V4/><F4/><W134/><G84/><T21/><D104/><U115/><E92/><V56/><F56/><W118/><G96/><T107/><D107/><U42/><E57/><V54/><F54/><W131/><G55/><T8/><D53/><U51/><E99/><V124/><F124/><W75/><G131/><T127/><D127/><U87/><E87/><V58/><F58/><W0/><G118/><T94/><D126/><U76/><E98/><V66/><F66/><W6/><G6/><N who="0" m="3095" /><D64/><U10/><E115/><V112/><F112/><W135/><G121/><T114/><D114/><U46/><E81/><V52/><F52/><W29/><G75/><T85/><D102/><U82/><E82/><V97/><F97/><W13/><G135/><T50/><D133/><U91/><E73/><V69/><F69/><W129/><G129/><T110/><D110/><U128/><E128/><V122/><F122/><W61/><G61/><T43/><D85/><U90/><E42/><V47/><F47/><W1/><G134/><T83/><D83/><U11/><E46/><V117/><F117/><W44/><G44/><N who="0" m="25887" /><D94/><U74/><E74/><V59/><F59/><W32/><G32/><T5/><D5/><RYUUKYOKU ba="0,1" sc="237,-15,274,-15,182,15,297,15" hai2="9,16,27,31,34,60,67,71,72,79,80,101,103" hai3="0,1,3,13,15,23,25,29,37,38,40,45,49" /><INIT seed="6,1,1,5,4,106" ten="222,259,197,312" oya="2" hai0="36,37,38,84,62,66,4,48,96,49,12,101,68" hai1="51,129,91,39,127,75,97,117,46,3,82,83,128" hai2="0,11,114,15,104,35,135,27,80,125,89,63,29" hai3="70,40,52,71,2,72,133,31,79,121,42,116,99"/><V103/><F125/><W28/><G2/><T61/><D84/><U17/><E117/><V94/><F135/><W81/><G121/><T67/><D12/><U100/><E3/><V55/><F114/><W7/><G7/><T22/><D22/><U120/><E127/><V20/><F80/><W16/><G99/><T33/><D4/><U6/><E6/><N who="2" m="1479" /><F104/><W86/><G116/><T74/><D33/><U21/><E120/><V23/><F23/><W14/><G72/><T54/><D74/><U108/><E39/><V93/><F103/><W73/><G73/><T111/><D111/><U88/><E108/><V57/><F89/><N who="1" m="34377" /><E75/><V65/><F65/><W115/><G133/><T64/><D96/><U118/><E118/><V60/><F60/><W47/><G115/><T25/><D25/><N who="1" m="14511" /><E100/><V87/><F87/><W43/><G71/><N who="0" m="42383" /><D101/><U124/><E124/><V92/><F92/><W131/><G70/><N who="0" m="42327" /><D54/><N who="1" m="30071" /><E97/><V19/><AGARI ba="1,1" hai="15,19,20,27,29,35,55,57,63,93,94" m="1479" machi="19" ten="30,1500,0" yaku="24,1" doraHai="106" who="2" fromWho="2" sc="222,-6,259,-6,197,28,312,-6" /><INIT seed="6,2,0,4,0,116" ten="216,253,225,306" oya="2" hai0="61,107,130,71,110,103,109,132,113,27,54,5,55" hai1="89,117,6,63,72,90,62,79,88,1,35,41,47" hai2="97,44,50,52,124,127,37,38,69,3,24,115,33" hai3="74,59,43,36,56,121,13,0,92,118,75,78,10"/><V18/><F3/><W99/><G121/><T131/><D5/><U82/><E117/><V133/><F133/><W122/><G122/><T11/><D11/><N who="1" m="2511" /><E35/><V16/><F69/><W40/><G0/><T123/><D27/><U42/><E42/><V111/><F111/><W84/><G75/><T20/><D20/><U85/><E85/><V119/><F119/><W19/><G74/><T66/><D103/><U65/><E65/><V23/><F33/><W77/><G36/><AGARI ba="2,0" hai="36,41,47,62,63,72,79,82,88,89,90" m="2511" machi="36" ten="30,2000,0" yaku="25,1,54,1" doraHai="116" who="1" fromWho="3" sc="216,0,253,26,225,0,306,-26" /><INIT seed="7,0,0,4,5,97" ten="216,279,225,280" oya="3" hai0="33,119,21,103,62,81,38,105,98,5,110,135,52" hai1="87,69,49,40,29,28,117,134,6,112,11,55,18" hai2="106,80,0,104,60,100,130,126,73,120,43,90,79" hai3="12,85,22,17,72,78,1,37,74,125,61,118,54"/><W94/><G1/><T63/><D33/><U51/><E69/><V59/><F0/><W124/><G37/><T58/><D119/><U127/><E117/><V34/><F120/><W116/><G116/><T129/><D38/><U46/><E112/><V7/><F34/><W88/><G78/><T2/><D110/><U14/><E134/><V4/><F130/><W70/><G118/><T99/><D135/><U109/><E127/><N who="3" m="48714" /><G54/><T13/><D129/><U114/><E114/><V53/><F43/><W39/><G39/><T121/><D121/><U48/><E109/><V68/><F68/><W76/><G76/><T102/><D2/><U133/><E133/><V9/><F126/><W27/><G27/><T16/><D81/><U91/><E6/><V131/><F131/><W93/><G93/><T132/><D132/><U42/><E42/><V89/><F106/><W122/><G122/><T77/><D77/><U41/><E41/><V36/><F36/><W115/><G115/><T3/><D3/><U23/><E11/><V10/><F9/><W128/><G128/><T67/><D5/><U57/><REACH who="1" step="1"/><E49/><REACH who="1" ten="216,269,225,280" step="2"/><V66/><F10/><W84/><G70/><T56/><D105/><U20/><E20/><V64/><F7/><W25/><G22/><T65/><D65/><U8/><E8/><V24/><F4/><W47/><G61/><T108/><D108/><U75/><E75/><V101/><F64/><W95/><G74/><T35/><D35/><U83/><AGARI ba="0,1" hai="14,18,23,28,29,40,46,48,51,55,57,83,87,91" machi="83" ten="20,12000,2" yaku="1,1,0,1,7,1,8,1,53,2" doraHai="97" doraHaiUra="44" who="1" fromWho="1" sc="216,-30,269,130,225,-30,280,-60" owari="186,-31.0,399,49.0,195,-20.0,220,2.0" /></mjloggm>