<mjloggm ver="2.3"><GO type="41" lobby="0"/><UN n0="%E5%8B%9D%E6%97%A9%E6%A1%9C%31%31" n1="%E3%81%BE%E3%82%8B%E3%81%BE%E3%82%8B%E3%81%BE%E3%82%82%E3%82%8B" n2="%E2%93%9D%53%75%70%68%78" n3="%73%65%61%73%75%69" dan="13,13,18,14" rate="1885.16,1898.21,2094.75,1949.60" sx="M,M,M,M"/><TAIKYOKU oya="0"/><INIT seed="0,0,0,5,0,125" ten="250,250,250,250" oya="0" hai0="71,1,22,3,93,108,82,47,80,106,20,116,131" hai1="17,6,124,36,18,60,39,81,83,55,98,78,85" hai2="94,129,102,11,13,15,91,65,28,127,29,115,67" hai3="89,84,33,118,59,30,103,135,31,12,54,64,8"/><T99/><D71/><U38/><E124/><V23/><F127/><W95/><G118/><T26/><D116/><U61/><E6/><V27/><F115/><W126/><G126/><T68/><D68/><U41/><E41/><V63/><F29/><W46/><G135/><T5/><D106/><U77/><E98/><V113/><F113/><W48/><G33/><T14/><D22/><U9/><E9/><V37/><F37/><W133/><G133/><T73/><D47/><U123/><E123/><V42/><F42/><W112/><G112/><T4/><D108/><U40/><E40/><V132/><F129/><W24/><G24/><T100/><D73/><U104/><E104/><V92/><F15/><W43/><G64/><T58/><D58/><U109/><E109/><V128/><F128/><W72/><G103/><T114/><D114/><U2/><E2/><V21/><F21/><W86/><G84/><T101/><D100/><U50/><E61/><V35/><F35/><W75/><G72/><T107/><D107/><U57/><REACH who="1" step="1"/><E60/><REACH who="1" ten="250,240,250,250" step="2"/><V45/><F63/><W110/><G110/><T134/><D3/><U44/><E44/><V130/><F45/><W111/><G111/><T96/><D1/><U52/><E52/><V76/><F132/><W122/><G122/><T66/><D134/><U79/><E79/><V51/><F76/><W70/><G46/><T74/><D131/><U119/><E119/><V25/><F130/><W87/><G43/><T19/><D4/><U62/><E62/><V53/><F53/><W97/><G54/><T121/><D5/><U49/><E49/><RYUUKYOKU ba="0,1" sc="250,-10,240,30,250,-10,250,-10" hai1="17,18,36,38,39,50,55,57,77,78,81,83,85" /><INIT seed="1,1,1,5,1,118" ten="240,270,240,240" oya="1" hai0="61,78,36,48,97,84,109,10,82,11,53,122,44" hai1="38,41,79,102,0,49,37,14,5,96,87,2,13" hai2="100,104,32,23,8,116,25,64,107,103,30,113,73" hai3="12,114,77,71,111,46,94,89,125,81,76,126,47"/><U60/><E0/><V7/><F116/><W33/><G114/><T74/><D109/><U127/><E2/><V91/><F73/><W121/><G71/><T86/><D74/><U35/><E35/><V54/><F64/><W42/><G33/><T62/><D36/><U105/><E37/><V57/><F113/><W16/><G111/><T50/><D97/><U98/><E38/><V21/><F91/><W63/><G63/><T56/><D122/><U1/><E1/><V40/><F40/><W129/><G129/><T90/><D62/><U59/><E59/><V133/><F133/><W58/><G58/><T101/><D101/><U92/><E127/><N who="3" m="48650" /><G81/><T132/><D132/><U112/><E60/><V27/><F32/><W39/><G47/><T108/><D108/><U17/><E5/><V24/><F107/><W75/><G75/><T52/><REACH who="0" step="1"/><D61/><REACH who="0" ten="230,270,240,240" step="2"/><U51/><E112/><V130/><F103/><W128/><G121/><T43/><D43/><U123/><E123/><V69/><F100/><W88/><G128/><T6/><D6/><U68/><E105/><V72/><F104/><W134/><G134/><T124/><D124/><U115/><E115/><V93/><F72/><W3/><G42/><T31/><D31/><U70/><E41/><V83/><F30/><W20/><G39/><T19/><D19/><U67/><E70/><V45/><F69/><W18/><G16/><T106/><D106/><U120/><E68/><V28/><F28/><W65/><G18/><T26/><D26/><U131/><E120/><V4/><F130/><W80/><G65/><T110/><D110/><RYUUKYOKU ba="1,2" sc="230,30,270,-10,240,-10,240,-10" hai0="10,11,44,48,50,52,53,56,78,82,84,86,90" /><INIT seed="2,2,2,3,5,99" ten="260,260,230,230" oya="2" hai0="121,19,78,87,102,65,59,119,3,128,20,37,42" hai1="132,92,9,30,76,123,126,120,112,18,129,2,109" hai2="135,52,100,133,98,82,24,17,35,63,134,1,69" hai3="86,29,7,51,12,127,57,91,22,124,45,58,11"/><V94/><F1/><W79/><G79/><T105/><D121/><U118/><E112/><V55/><F82/><W122/><G122/><T67/><D3/><U80/><E118/><V48/><F48/><W117/><G117/><T62/><D119/><U15/><E109/><V56/><F69/><W40/><G127/><T13/><D37/><U70/><E132/><V104/><F55/><W53/><G124/><T131/><D42/><U89/><E129/><N who="0" m="49737" /><D87/><U95/><E70/><V64/><F64/><W0/><G40/><T101/><D78/><U4/><E30/><N who="2" m="19911" /><F17/><W72/><G72/><T8/><D8/><U33/><E33/><V31/><F31/><W54/><G54/><N who="0" m="34167" /><D105/><AGARI ba="2,2" hai="52,56,63,94,98,100,104,105,133,134,135" m="19911" machi="105" ten="30,5800,0" yaku="20,1,52,1,54,1" doraHai="99" who="2" fromWho="0" sc="260,-64,260,0,230,84,230,0" /><INIT seed="2,3,0,5,2,73" ten="196,260,314,230" oya="2" hai0="74,35,21,20,110,38,25,69,64,10,42,78,129" hai1="115,3,80,39,65,76,16,43,5,111,132,34,91" hai2="45,83,0,54,18,9,117,86,123,104,61,97,31" hai3="26,27,56,36,50,87,71,89,32,119,33,96,67"/><V51/><F117/><W44/><G119/><T114/><D114/><U127/><E111/><V66/><F123/><W124/><G124/><T131/><D110/><U47/><E132/><V49/><F31/><W17/><G96/><T29/><D21/><U118/><E127/><V12/><F0/><W125/><G71/><T57/><D57/><U2/><E118/><V109/><F109/><W55/><G125/><T46/><D20/><U105/><E105/><V62/><F66/><W1/><G1/><T11/><D11/><U8/><E34/><V93/><F51/><W41/><G67/><T88/><D88/><U121/><E65/><V84/><F84/><W128/><G128/><T126/><D10/><U53/><E121/><V81/><F81/><W70/><G70/><T90/><D90/><U103/><E103/><N who="2" m="60847" /><F104/><W95/><G33/><T85/><D85/><U106/><E106/><V60/><F60/><W52/><G32/><T122/><D122/><U92/><E2/><V48/><F48/><W28/><G28/><T6/><D6/><U134/><E134/><V133/><F133/><W77/><G17/><T13/><D13/><U94/><E115/><V120/><F120/><W79/><REACH who="3" step="1"/><G55/><REACH who="3" ten="196,260,314,220" step="2"/><T82/><D126/><U63/><E53/><V98/><F98/><W40/><G40/><T101/><D101/><U15/><E63/><AGARI ba="3,1" hai="25,29,35,38,42,46,63,64,69,74,78,82,129,131" machi="63" ten="40,5200,0" yaku="23,2,52,1" doraHai="73" who="0" fromWho="1" sc="196,71,260,-61,314,0,220,0" /><INIT seed="3,0,0,5,4,17" ten="267,199,314,220" oya="3" hai0="63,58,16,37,49,105,78,29,62,125,61,40,113" hai1="53,120,36,74,56,21,91,35,119,19,68,80,114" hai2="82,124,94,111,67,22,20,2,39,116,110,30,118" hai3="24,66,9,69,8,108,132,77,10,126,107,73,26"/><W100/><G132/><T27/><D105/><U57/><E119/><N who="2" m="45611" /><F39/><W135/><G135/><T104/><D104/><U85/><E120/><V15/><F82/><W81/><G126/><T75/><D37/><U3/><E3/><V59/><F2/><W70/><G108/><N who="2" m="41513" /><F30/><W86/><G86/><T5/><D5/><U1/><E1/><V122/><F15/><W0/><G0/><T41/><D113/><U106/><E106/><V99/><F124/><W84/><G84/><T109/><D109/><U34/><E114/><V72/><F72/><W51/><G51/><T88/><D78/><U54/><E36/><V11/><F11/><W4/><G4/><T130/><D75/><U55/><E68/><V127/><F122/><W102/><G70/><T123/><D29/><U92/><E56/><V79/><F79/><W60/><G102/><T131/><D123/><U133/><E133/><V64/><F127/><W28/><G28/><T134/><D134/><U31/><E31/><V47/><F47/><W6/><G6/><T95/><D125/><U90/><E57/><V65/><F59/><W129/><G8/><T33/><D33/><U38/><E38/><V97/><F97/><N who="3" m="61839" /><G9/><T13/><D58/><U18/><E18/><V93/><F93/><W71/><G10/><T117/><D117/><U128/><E74/><V48/><F48/><W83/><G71/><T43/><D49/><U112/><E112/><V121/><F121/><W50/><G50/><T25/><D13/><U98/><REACH who="1" step="1"/><E128/><REACH who="1" ten="267,189,314,220" step="2"/><N who="0" m="49193" /><D16/><U14/><AGARI ba="0,1" hai="14,19,21,34,35,53,54,55,80,85,90,91,92,98" machi="14" ten="30,4000,0" yaku="1,1,0,1,52,1,53,0" doraHai="17" doraHaiUra="46" who="1" fromWho="1" sc="267,-10,189,50,314,-10,220,-20" /><INIT seed="4,0,0,2,0,81" ten="257,239,304,200" oya="0" hai0="111,87,74,21,99,97,122,94,132,64,119,84,91" hai1="1,44,124,112,63,42,98,90,102,19,82,135,9" hai2="123,65,49,14,28,117,131,92,58,126,13,25,130" hai3="8,35,24,57,75,95,68,79,72,18,116,4,29"/><T129/><D64/><U31/><E112/><V80/><F126/><W77/><G116/><T67/><D67/><U6/><E135/><V88/><F80/><W110/><G110/><T36/><D36/><U61/><E124/><V5/><F123/><W101/><G68/><T93/><D119/><U118/><E31/><V17/><F5/><W107/><G107/><T32/><D32/><U104/><E118/><V59/><F117/><W113/><G113/><T115/><D122/><U108/><E108/><V78/><F78/><W50/><G77/><T3/><D3/><U73/><E19/><V114/><F49/><W134/><G134/><T89/><D21/><U48/><REACH who="1" step="1"/><E73/><REACH who="1" ten="257,229,304,200" step="2"/><V56/><F17/><W133/><G18/><T16/><D16/><U40/><E40/><V128/><F114/><W70/><G75/><T15/><D115/><U106/><E106/><V27/><F27/><W85/><G72/><T105/><D111/><U37/><E37/><V2/><F65/><W26/><G29/><T86/><D74/><U43/><E43/><V52/><F52/><W76/><G133/><T127/><D127/><U11/><E11/><V30/><F30/><W45/><G8/><T23/><D132/><U71/><E71/><V121/><F121/><W0/><G70/><T53/><D105/><U103/><E103/><V51/><F28/><W83/><G101/><T33/><D33/><U120/><E120/><V10/><F25/><W41/><G35/><T69/><D69/><U100/><E100/><V38/><F10/><W12/><G41/><T39/><D53/><U109/><E109/><RYUUKYOKU ba="0,1" sc="257,-10,229,30,304,-10,200,-10" hai1="1,6,9,42,44,48,61,63,82,90,98,102,104" /><INIT seed="5,1,1,0,2,109" ten="247,259,294,190" oya="1" hai0="3,100,126,75,34,83,6,30,129,81,44,65,82" hai1="97,54,48,14,45,99,32,63,117,46,67,133,93" hai2="29,90,0,132,127,12,22,114,130,58,104,2,77" hai3="128,8,49,35,103,37,26,88,56,42,107,52,55"/><U13/><E117/><V125/><F104/><W20/><G35/><T134/><D126/><N who="2" m="48138" /><F77/><W5/><G128/><T50/><D65/><U71/><E32/><V116/><F132/><W28/><G107/><T91/><D100/><U98/><E133/><V78/><F78/><W33/><G103/><T108/><D108/><U110/><E110/><V41/><F114/><W9/><G33/><T16/><D91/><U96/><REACH who="1" step="1"/><E46/><REACH who="1" ten="247,249,294,190" step="2"/><V38/><F116/><W40/><G37/><T10/><D134/><U25/><E25/><V27/><F38/><W17/><G55/><T61/><D44/><U70/><E70/><V112/><F27/><W86/><G28/><T69/><D69/><U95/><E95/><V79/><F29/><W36/><G36/><T135/><D34/><U72/><E72/><V92/><F92/><W47/><G47/><T15/><D30/><U19/><E19/><V53/><F53/><W102/><G102/><AGARI ba="1,2" hai="13,14,45,48,54,63,67,71,93,96,97,98,99,102" machi="102" ten="40,2000,0" yaku="1,1,53,0" doraHai="109" doraHaiUra="1" who="1" fromWho="3" sc="247,0,249,43,294,0,190,-23" /><INIT seed="5,2,0,1,5,98" ten="247,292,294,167" oya="1" hai0="66,7,93,58,73,22,49,129,27,28,119,64,70" hai1="59,44,90,61,130,50,0,5,128,118,111,48,97" hai2="69,116,30,55,132,96,20,38,40,63,37,53,115" hai3="117,11,10,82,26,6,68,9,87,100,123,109,113"/><U43/><E118/><V86/><F86/><W13/><G123/><T133/><D129/><U60/><E5/><V1/><F1/><W114/><G117/><T36/><D36/><N who="1" m="21607" /><E97/><V3/><F3/><W31/><G68/><T84/><D73/><U135/><E90/><V134/><F115/><N who="3" m="44043" /><G87/><T14/><D70/><U62/><E0/><V108/><F108/><W18/><G82/><T32/><D32/><U23/><E23/><V83/><F20/><N who="3" m="15815" /><G100/><T85/><D85/><U76/><E76/><V105/><F116/><W46/><G46/><T112/><D133/><U65/><E135/><V121/><F134/><W120/><G109/><T24/><D24/><U19/><E19/><V29/><F132/><W80/><G80/><T92/><D92/><U95/><E95/><V75/><F83/><W39/><G39/><T67/><D119/><U2/><E2/><V57/><F38/><W89/><G89/><N who="0" m="53415" /><D112/><U106/><E106/><V88/><F105/><W8/><G120/><T12/><D7/><AGARI ba="2,0" hai="6,7,8,9,10,11,13,18" m="15815,44043" machi="7" ten="30,3900,0" yaku="15,1,34,2" doraHai="98" who="3" fromWho="0" sc="247,-45,292,0,294,0,167,45" /><INIT seed="6,0,0,0,0,93" ten="202,292,294,212" oya="2" hai0="105,109,11,119,52,35,85,100,75,72,8,135,56" hai1="83,113,114,102,1,108,78,32,96,67,21,104,43" hai2="76,19,82,98,13,46,107,121,95,127,20,25,58" hai3="27,112,120,103,59,97,92,101,38,36,57,68,23"/><V63/><F127/><W60/><G120/><T99/><D109/><U106/><E1/><V115/><F115/><W42/><G112/><N who="1" m="43114" /><E32/><V37/><F107/><W4/><G4/><T90/><D119/><U134/><E67/><V77/><F121/><W86/><G68/><T66/><D66/><U40/><E108/><V64/><F37/><W48/><G103/><T62/><D135/><U39/><E106/><V18/><F46/><W54/><G86/><T125/><D35/><U33/><E33/><V117/><F82/><W129/><G129/><T122/><D122/><U71/><E71/><V10/><REACH who="2" step="1"/><F117/><REACH who="2" ten="202,292,284,212" step="2"/><W17/><REACH who="3" step="1"/><G42/><REACH who="3" ten="202,292,284,202" step="2"/><T116/><D125/><U88/><E40/><V131/><F131/><W34/><G34/><T110/><D116/><U61/><E43/><V5/><F5/><W133/><G133/><T94/><REACH who="0" step="1"/><D110/><REACH who="0" ten="192,292,284,202" step="2"/><U55/><E39/><V70/><F70/><W7/><G7/><T118/><D118/><U28/><E134/><V44/><F44/><W74/><G74/><AGARI ba="0,3" hai="8,11,52,56,62,72,74,75,85,90,94,99,100,105" machi="74" ten="40,5200,0" yaku="1,1,52,1,54,1,53,0" doraHai="93" doraHaiUra="128" who="0" fromWho="3" sc="192,82,292,0,284,0,202,-52" /><INIT seed="7,0,0,5,4,125" ten="274,292,284,150" oya="3" hai0="131,109,60,75,31,129,70,51,100,55,21,68,69" hai1="23,128,90,63,9,1,95,99,117,113,50,14,10" hai2="85,121,120,16,19,108,38,67,58,27,93,56,124" hai3="112,86,48,57,49,102,97,76,77,42,66,8,6"/><W134/><G134/><T78/><D109/><U98/><E113/><V2/><F108/><W91/><G112/><T118/><D118/><U116/><E128/><N who="0" m="49225" /><D100/><U53/><E1/><V7/><F38/><W28/><G28/><T84/><D75/><U32/><E32/><V59/><F67/><W24/><G24/><N who="0" m="16783" /><D60/><U0/><E0/><V22/><F124/><W25/><G25/><T88/><D78/><N who="3" m="30313" /><G97/><T92/><D70/><U64/><E23/><V52/><F121/><W15/><G102/><T133/><D133/><U36/><E36/><V18/><F120/><W81/><G42/><T87/><D87/><U72/><E72/><V44/><F85/><W122/><G122/><T94/><D94/><U73/><E73/><V111/><F93/><W35/><G35/><T54/><D54/><U71/><E99/><V29/><F111/><W114/><G114/><T4/><D4/><U79/><E79/><V43/><F7/><W39/><G39/><T62/><D62/><AGARI ba="0,0" hai="6,8,15,48,49,57,62,66,81,86,91" m="30313" machi="62" ten="30,1500,0" yaku="8,1" doraHai="125" who="3" fromWho="0" sc="274,-15,292,0,284,0,150,15" /><INIT seed="7,1,0,0,5,55" ten="259,292,284,165" oya="3" hai0="5,113,13,17,92,44,122,101,34,63,135,76,67" hai1="89,134,126,125,64,73,68,69,83,19,127,57,112" hai2="121,39,49,75,21,35,114,131,6,105,71,111,82" hai3="115,11,18,110,116,29,107,117,87,47,0,10,25"/><W62/><G107/><T100/><D122/><U93/><E112/><V124/><RYUUKYOKU type="yao9" ba="1,0" sc="259,0,292,0,284,0,165,0" hai2="6,21,35,39,49,71,75,82,105,111,114,121,124,131" /><INIT seed="7,2,0,3,3,85" ten="259,292,284,165" oya="3" hai0="8,61,28,104,41,1,90,88,23,89,67,87,79" hai1="12,27,15,43,99,17,66,130,33,5,93,7,74" hai2="105,94,80,0,34,112,9,111,35,102,59,57,77" hai3="119,109,2,6,118,129,45,91,73,16,101,11,72"/><W115/><G101/><T107/><D41/><U131/><E74/><N who="3" m="28778" /><G45/><T96/><D79/><U25/><E66/><V37/><F105/><W24/><G115/><T132/><D132/><U21/><E43/><V82/><F102/><W117/><G91/><T50/><D50/><U133/><E133/><V49/><F77/><W60/><G60/><T32/><D87/><U19/><E33/><V26/><F49/><W44/><G44/><T58/><D32/><U56/><E56/><V122/><F59/><W84/><G84/><T65/><D65/><U83/><E83/><V14/><F82/><W68/><G68/><T38/><D38/><U126/><E126/><V54/><F80/><W98/><G98/><T86/><D86/><U116/><E116/><N who="3" m="29698" /><W69/><DORA hai="127" /><G69/><T71/><D71/><U100/><E5/><V4/><F57/><W114/><G114/><T125/><D125/><U31/><E7/><V53/><F112/><W36/><G36/><T40/><D40/><U110/><E110/><V108/><F108/><W30/><G109/><T121/><D96/><U134/><E134/><V70/><F70/><W10/><G129/><N who="1" m="49162" /><E31/><V48/><F111/><W55/><G55/><T47/><D47/><U52/><E52/><V103/><F54/><W29/><G11/><AGARI ba="2,0" hai="11,12,15,17,19,21,25,27,93,99,100" m="49162" machi="11" ten="30,7700,0" yaku="19,1,52,3" doraHai="85,127" who="1" fromWho="3" sc="259,0,292,83,284,0,165,-83" owari="259,-14.0,375,48.0,284,8.0,82,-42.0" /></mjloggm>