<mjloggm ver="2.3"><GO type="41" lobby="0"/><UN n0="%E6%AF%94%E5%A5%88%E6%A3%AE%E5%A6%99%E5%B7%A7" n1="%6D%6B%77%69%7A%61%72%64" n2="%E2%93%9D%53%75%70%68%78" n3="%4E%4F%42%4F%4D%41%58" dan="14,15,19,14" rate="1899.46,1975.76,2113.75,1962.75" sx="F,M,M,M"/><TAIKYOKU oya="0"/><INIT seed="0,0,0,5,2,19" ten="250,250,250,250" oya="0" hai0="35,112,33,6,84,134,96,99,3,120,40,47,32" hai1="29,63,8,82,91,10,2,16,49,78,39,58,86" hai2="4,69,44,118,70,129,74,14,123,90,46,127,1" hai3="109,28,22,103,111,124,41,98,50,110,101,15,104"/><T87/><D120/><U117/><E39/><V59/><F1/><W119/><G119/><T83/><D112/><U37/><E37/><V75/><F129/><W31/><G124/><T43/><D134/><U54/><E29/><V52/><F90/><W30/><G103/><T106/><D106/><U73/><E2/><V66/><F14/><W128/><G128/><T135/><D87/><U125/><E125/><V7/><F127/><W56/><G15/><T95/><D135/><U25/><E117/><V5/><F66/><W48/><G48/><T9/><D99/><U89/><E89/><V26/><F26/><N who="3" m="16471" /><G41/><T17/><D17/><U80/><REACH who="1" step="1"/><E49/><REACH who="1" ten="250,240,250,250" step="2"/><V121/><F118/><W55/><AGARI ba="0,1" hai="30,31,50,55,56,98,101,104,109,110,111" m="16471" machi="55" ten="40,2700,0" yaku="14,1,52,1" doraHai="19" who="3" fromWho="3" sc="250,-13,240,-7,250,-7,250,37" /><INIT seed="1,0,0,4,1,123" ten="237,233,243,287" oya="1" hai0="64,100,11,3,29,6,79,76,45,84,101,105,16" hai1="49,21,56,62,26,36,98,52,30,103,89,51,72" hai2="124,108,125,91,75,107,19,112,65,14,129,111,27" hai3="10,9,74,95,2,4,78,122,42,70,115,68,61"/><U114/><E114/><V12/><F107/><W104/><G115/><T110/><D64/><U66/><E36/><V33/><F112/><W85/><G122/><T134/><D134/><U47/><E72/><V88/><F75/><W128/><G128/><T126/><D29/><U73/><E73/><V22/><F65/><W24/><G104/><T93/><D126/><N who="2" m="48746" /><F129/><W99/><G74/><T40/><D105/><U118/><E118/><V38/><F38/><W119/><G119/><T77/><D110/><N who="2" m="42026" /><F14/><W97/><G42/><T86/><D16/><U8/><E8/><N who="2" m="6535" /><F33/><W63/><G78/><T39/><D79/><U53/><E89/><V135/><F135/><W57/><G70/><T28/><D77/><U96/><REACH who="1" step="1"/><E103/><REACH who="1" ten="237,223,243,287" step="2"/><V113/><F113/><W116/><G116/><T44/><D100/><U82/><E82/><V1/><F1/><W41/><G2/><T48/><D101/><U131/><E131/><V69/><F69/><AGARI ba="0,1" hai="21,26,30,47,49,51,52,53,56,62,66,69,96,98" machi="69" ten="30,5800,0" yaku="1,1,7,1,54,1,53,0" doraHai="123" doraHaiUra="130" who="1" fromWho="2" sc="237,0,223,68,243,-58,287,0" /><INIT seed="1,1,0,2,2,69" ten="237,291,185,287" oya="1" hai0="41,115,63,96,76,66,120,6,106,61,83,102,116" hai1="51,60,94,79,131,126,22,112,1,133,74,111,134" hai2="75,28,34,5,110,77,95,99,15,19,124,54,33" hai3="0,11,59,8,65,50,35,43,62,87,39,78,67"/><U128/><E1/><V12/><F110/><W47/><G35/><T98/><D115/><U46/><E74/><V23/><F124/><W121/><G121/><T37/><D120/><U56/><E79/><V109/><F109/><W113/><G113/><T71/><D116/><U81/><E81/><V36/><F54/><W55/><G67/><T73/><D6/><U92/><E22/><V42/><F28/><W38/><G0/><T90/><D90/><U80/><E80/><V49/><F49/><W52/><G78/><T57/><D41/><N who="1" m="25039" /><E111/><V127/><F127/><W26/><G26/><T40/><D40/><U13/><E13/><V132/><F15/><W125/><G125/><T20/><D20/><U123/><E126/><V24/><F77/><W84/><G84/><T17/><D17/><U10/><E10/><V32/><F75/><W108/><G108/><T30/><D30/><U93/><E112/><V119/><F119/><W2/><G87/><T107/><D98/><U64/><E123/><V130/><F5/><W86/><G86/><T82/><D82/><U16/><E16/><V85/><F85/><W68/><G2/><T129/><D107/><U100/><E100/><V25/><F130/><AGARI ba="1,0" hai="56,60,64,92,93,94,128,130,131,133,134" m="25039" machi="130" ten="30,1500,0" yaku="19,1" doraHai="69" who="1" fromWho="2" sc="237,0,291,18,185,-18,287,0" /><INIT seed="1,2,0,0,1,86" ten="237,309,167,287" oya="1" hai0="63,45,76,41,96,135,31,47,3,32,81,110,73" hai1="132,115,75,103,94,37,90,70,83,131,2,85,74" hai2="24,18,129,6,29,122,48,91,35,58,40,22,72" hai3="68,98,61,71,13,124,46,102,51,59,17,104,121"/><U84/><E2/><V16/><F122/><W0/><G121/><T130/><D135/><U119/><E70/><V114/><F72/><N who="1" m="27689" /><E37/><V66/><F129/><W26/><G26/><T1/><D130/><U69/><E69/><V34/><F114/><W27/><G27/><N who="0" m="18559" /><D47/><U116/><E131/><V21/><F6/><W67/><G124/><T77/><D77/><N who="1" m="46191" /><E115/><V105/><F105/><W112/><G0/><T52/><D52/><U57/><E57/><V38/><F38/><W55/><REACH who="3" step="1"/><G112/><REACH who="3" ten="237,309,167,277" step="2"/><T111/><D3/><U11/><E132/><V28/><F35/><W125/><G125/><T118/><D1/><U23/><E23/><AGARI ba="2,1" hai="13,17,23,46,51,55,59,61,67,68,71,98,102,104" machi="23" ten="30,2000,0" yaku="1,1,7,1,53,0" doraHai="86" doraHaiUra="7" who="3" fromWho="1" sc="237,0,309,-26,167,0,277,36" /><INIT seed="2,0,0,5,5,38" ten="237,283,167,313" oya="2" hai0="87,70,57,81,131,109,28,100,22,41,67,78,135" hai1="63,85,34,124,97,19,122,48,18,54,45,4,59" hai2="92,128,96,93,99,55,47,24,108,6,13,113,60" hai3="31,29,30,62,89,17,110,65,15,56,80,98,42"/><V117/><F113/><W84/><G110/><T82/><D109/><U25/><E124/><V40/><F108/><W43/><REACH who="3" step="1"/><G98/><REACH who="3" ten="237,283,167,303" step="2"/><T35/><D135/><U123/><E122/><V101/><F117/><W66/><G66/><T9/><D67/><U14/><E123/><V61/><F128/><W130/><G130/><T114/><D131/><U0/><E97/><V52/><F24/><W86/><G86/><T116/><D87/><U104/><E85/><V3/><F3/><W76/><G76/><T79/><D79/><U90/><E90/><V5/><F13/><W129/><G129/><T26/><D26/><U94/><E14/><V51/><F61/><W33/><G33/><T74/><D35/><U95/><E34/><V37/><F60/><W75/><G75/><T44/><D78/><U50/><E25/><V11/><F11/><AGARI ba="0,1" hai="11,15,17,29,30,31,42,43,56,62,65,80,84,89" machi="11" ten="40,8000,1" yaku="1,1,8,1,52,2,53,0" doraHai="38" doraHaiUra="88" who="3" fromWho="2" sc="237,0,283,0,167,-80,303,90" /><INIT seed="3,0,0,1,5,88" ten="237,283,87,393" oya="3" hai0="80,90,45,44,124,132,120,76,51,47,33,35,53" hai1="68,42,4,93,57,116,95,17,107,24,125,16,31" hai2="108,118,115,111,134,96,15,60,70,72,89,128,98" hai3="75,36,3,65,0,7,63,8,84,109,135,86,56"/><W101/><G135/><T79/><D120/><U25/><E68/><V37/><F37/><W82/><G109/><N who="2" m="42057" /><F15/><W43/><G75/><T67/><D67/><U73/><E73/><V58/><F70/><W2/><G101/><T20/><D132/><U113/><E107/><V27/><F27/><N who="1" m="10313" /><E113/><V49/><F128/><W64/><G64/><T32/><D20/><U102/><E102/><V54/><F118/><W29/><G29/><T131/><D131/><U85/><E31/><V112/><F72/><W77/><REACH who="3" step="1"/><G84/><REACH who="3" ten="237,283,87,383" step="2"/><T66/><D66/><U34/><E85/><V129/><F134/><W130/><G130/><T83/><D32/><U39/><E34/><V1/><F129/><W28/><G28/><T22/><D33/><U81/><E116/><V21/><F115/><W38/><G38/><T103/><D103/><U105/><E105/><V10/><F112/><W30/><G30/><T106/><D106/><U50/><E39/><V78/><F98/><W61/><G61/><T62/><D62/><U94/><E125/><V41/><F96/><W19/><G19/><T91/><D35/><U100/><E100/><V52/><F60/><W119/><G119/><T92/><D124/><U13/><E17/><V87/><F87/><W122/><G122/><T5/><D5/><U121/><E121/><V9/><F49/><W117/><G117/><T40/><D51/><U12/><E4/><V11/><F89/><W123/><G123/><T99/><D91/><U59/><E16/><V18/><F18/><W74/><G74/><T69/><D90/><U97/><E97/><V110/><F110/><RYUUKYOKU ba="0,1" sc="237,-10,283,-10,87,-10,383,30" hai3="0,2,3,7,8,36,43,56,63,65,77,82,86" /><INIT seed="3,1,1,3,0,7" ten="227,273,77,413" oya="3" hai0="124,121,3,15,82,120,34,10,42,101,33,18,75" hai1="129,51,30,91,20,85,77,23,65,45,108,9,99" hai2="50,17,37,57,43,123,135,39,84,48,102,98,32" hai3="100,4,22,122,44,40,67,69,104,36,38,81,28"/><W24/><G122/><T16/><D42/><U73/><E108/><V29/><F135/><W119/><G119/><T117/><D101/><U128/><E65/><V133/><F133/><W118/><G118/><T132/><D132/><U113/><E99/><V80/><F32/><W76/><G4/><N who="0" m="1311" /><D82/><U31/><E77/><V96/><F29/><N who="1" m="10761" /><E73/><V95/><F123/><N who="0" m="47178" /><D75/><U126/><E23/><V64/><F39/><W112/><G112/><T131/><D117/><U54/><E20/><V25/><F43/><W14/><G14/><T63/><D63/><U106/><E106/><V56/><F37/><N who="3" m="21519" /><G81/><T58/><D58/><U70/><E113/><V66/><F57/><W92/><G92/><T60/><D60/><U89/><E70/><V12/><F56/><W105/><G76/><T47/><D47/><U79/><E79/><V8/><F95/><W41/><G41/><T13/><D131/><N who="1" m="50251" /><E85/><V61/><F84/><W88/><G69/><T26/><D26/><U11/><E126/><V103/><F25/><W115/><G24/><T116/><D124/><U78/><E78/><V49/><F80/><W93/><G38/><T127/><D127/><U68/><E68/><V2/><F61/><W1/><G36/><T94/><D116/><U111/><E111/><V52/><F66/><W110/><G105/><T134/><D134/><U125/><E125/><V90/><F64/><W55/><G104/><T87/><D34/><U130/><N who="1" m="50259" /><U35/><DORA hai="114" /><E35/><V97/><F103/><W5/><G115/><T6/><D33/><U109/><E109/><V53/><F102/><W27/><G110/><RYUUKYOKU ba="1,1" sc="227,-10,273,30,77,-10,413,-10" hai1="9,11,45,51,54,89,91" /><INIT seed="4,2,1,4,2,7" ten="217,303,67,403" oya="0" hai0="104,6,50,109,55,5,41,40,1,0,15,117,134" hai1="108,82,94,127,34,8,128,90,69,21,39,11,12" hai2="20,3,22,97,91,126,113,13,51,107,19,80,132" hai3="92,101,68,36,78,23,86,48,43,9,33,105,135"/><T75/><D75/><U37/><E108/><V87/><F113/><W2/><G135/><T83/><D109/><U85/><E34/><V120/><F132/><W130/><G130/><T10/><D134/><U115/><E69/><V61/><F3/><W62/><G105/><T77/><D104/><U89/><E128/><V53/><F126/><W14/><G33/><T28/><D28/><U103/><E103/><V124/><F120/><W76/><G2/><T96/><D96/><U38/><E127/><V66/><F124/><W98/><G36/><T59/><D15/><U133/><E133/><V54/><F107/><W65/><G23/><T73/><D117/><U26/><E12/><V60/><F54/><W52/><G43/><T106/><D106/><U79/><E115/><V111/><F111/><W24/><G24/><T4/><D4/><U114/><E114/><V88/><F66/><W121/><G86/><T100/><D100/><U125/><E90/><V102/><F102/><W42/><G42/><T35/><REACH who="0" step="1"/><D35/><REACH who="0" ten="207,303,67,403" step="2"/><U72/><REACH who="1" step="1"/><E125/><REACH who="1" ten="207,293,67,403" step="2"/><V74/><F13/><W47/><G121/><T46/><D46/><U57/><E57/><V93/><F97/><W116/><G116/><T27/><D27/><U123/><E123/><V56/><F56/><W58/><G68/><T70/><D70/><U29/><AGARI ba="2,3" hai="8,11,21,26,29,37,38,39,72,79,82,85,89,94" machi="29" ten="30,8000,1" yaku="1,1,0,1,52,2,53,1" doraHai="7" doraHaiUra="17" who="1" fromWho="1" sc="207,-42,293,116,67,-22,403,-22" /><INIT seed="5,0,0,0,3,36" ten="165,409,45,381" oya="1" hai0="81,53,2,91,89,83,12,109,75,18,116,114,104" hai1="111,135,85,117,23,42,94,7,40,134,30,103,93" hai2="66,45,123,33,64,47,52,20,3,49,61,31,32" hai3="98,118,112,121,38,76,79,59,34,4,69,119,84"/><U6/><E117/><V130/><F3/><W46/><G121/><T41/><D116/><N who="3" m="44585" /><G112/><T43/><D2/><U68/><E68/><V74/><F74/><W57/><G69/><T14/><D104/><U50/><E50/><V122/><F20/><W87/><G34/><T78/><D114/><U67/><E67/><V97/><F97/><W106/><G4/><N who="1" m="1578" /><E103/><V21/><F21/><W5/><G5/><T101/><D101/><U17/><E30/><V51/><F31/><W25/><G25/><T63/><D109/><U71/><E71/><V62/><REACH who="2" step="1"/><F130/><REACH who="2" ten="165,409,35,381" step="2"/><W13/><G98/><T70/><D75/><U29/><E29/><V102/><F102/><W22/><G84/><N who="0" m="48183" /><D83/><U48/><E111/><V115/><F115/><W37/><G87/><T88/><D70/><U77/><E77/><V107/><F107/><W125/><G106/><T129/><D129/><U9/><E9/><V24/><F24/><W105/><G105/><T110/><D110/><U26/><E85/><V95/><F95/><W92/><G92/><T124/><D124/><U73/><E73/><V28/><F28/><W56/><G79/><T108/><D108/><U128/><E94/><V19/><F19/><W0/><G76/><T55/><D18/><U86/><E128/><V72/><F72/><W44/><G125/><T127/><D127/><U16/><E17/><V15/><F15/><W10/><G0/><T100/><D100/><U82/><E93/><V58/><F58/><W120/><G22/><T126/><D126/><U131/><E131/><V132/><F132/><W35/><G13/><T60/><D12/><RYUUKYOKU ba="0,1" sc="165,-10,409,-10,35,30,381,-10" hai2="32,33,45,47,49,51,52,61,62,64,66,122,123" /><INIT seed="6,1,1,2,5,90" ten="155,399,65,371" oya="2" hai0="22,50,106,100,99,116,87,1,113,32,2,118,3" hai1="97,11,108,21,47,30,13,115,14,52,10,94,129" hai2="81,27,65,60,61,35,38,82,43,105,75,72,70" hai3="107,73,69,49,79,4,33,89,64,41,119,16,80"/><V17/><F17/><W44/><G119/><N who="0" m="45611" /><D32/><U134/><E115/><V37/><F105/><W103/><G33/><T131/><D113/><U96/><E134/><V120/><F120/><W126/><G126/><T57/><D131/><U39/><E97/><V125/><F125/><W114/><G114/><T42/><D87/><U5/><E129/><V135/><F135/><W109/><G109/><T76/><D76/><U20/><E30/><V9/><F9/><W66/><G4/><T78/><D78/><U23/><E39/><V91/><F43/><W77/><G77/><T56/><D22/><U92/><E96/><V68/><F35/><W101/><G89/><T12/><D12/><U67/><E67/><V127/><F127/><W83/><G83/><T86/><D86/><U93/><E108/><V54/><F91/><W122/><G122/><T111/><D111/><U29/><E29/><V117/><F117/><W40/><G40/><T51/><D42/><U112/><E112/><V6/><F6/><W34/><G34/><T55/><D51/><N who="1" m="28799" /><E20/><V102/><F65/><N who="3" m="25195" /><G69/><T71/><D71/><U124/><E124/><V31/><F31/><W74/><G74/><T132/><D132/><U36/><E36/><V130/><F130/><W133/><G133/><T58/><AGARI ba="1,1" hai="1,2,3,50,55,56,57,58,99,100,106" m="45611" machi="58" ten="40,1500,0" yaku="12,1" doraHai="90" who="0" fromWho="0" sc="155,28,399,-5,65,-8,371,-5" /><INIT seed="7,0,0,1,2,89" ten="183,394,57,366" oya="3" hai0="127,53,88,62,109,70,74,83,61,23,19,129,41" hai1="123,128,117,135,6,54,25,99,65,111,98,20,95" hai2="133,94,126,27,21,108,43,38,35,18,0,58,34" hai3="92,29,28,96,97,84,81,101,56,72,39,42,16"/><W63/><G72/><T118/><D118/><U125/><E111/><V68/><F68/><W120/><G120/><T15/><D129/><U52/><E123/><V105/><F105/><W82/><G39/><T134/><D109/><U73/><E128/><V14/><F108/><W32/><G42/><T93/><D41/><U64/><E73/><V8/><F58/><W30/><G32/><T86/><D134/><U37/><E37/><V46/><F126/><W31/><G31/><T26/><D127/><U122/><E122/><V124/><F133/><W66/><G97/><N who="0" m="57511" /><D70/><U130/><E117/><V132/><F132/><W121/><G121/><T11/><D53/><U36/><E36/><V110/><F124/><W51/><G51/><T119/><D74/><U77/><E54/><V44/><F110/><W33/><G33/><T76/><D119/><U12/><E52/><V40/><F0/><W7/><G7/><AGARI ba="0,0" hai="7,11,15,19,23,26,61,62,76,83,86" m="57511" machi="7" ten="30,3900,0" yaku="8,1,52,1,54,1" doraHai="89" who="0" fromWho="3" sc="183,39,394,0,57,0,366,-39" owari="222,-18.0,394,49.0,57,-44.0,327,13.0" /></mjloggm>