<mjloggm ver="2.3"><GO type="41" lobby="0"/><UN n0="%E5%A4%8F%E8%A1%A3" n1="%E2%93%9D%53%75%70%68%78" n2="%53%70%57%65%65%6B" n3="%E7%A5%9E%E4%BB%99%E9%85%B5%E6%AF%8D" dan="15,18,13,15" rate="1998.97,2115.59,1854.38,1986.60" sx="M,M,M,F"/><TAIKYOKU oya="0"/><INIT seed="0,0,0,2,0,75" ten="250,250,250,250" oya="0" hai0="120,135,13,37,0,53,106,110,102,16,12,111,100" hai1="69,77,22,88,29,21,92,31,49,66,52,131,94" hai2="68,24,108,34,17,117,48,71,76,14,15,63,42" hai3="105,32,101,8,56,84,89,4,112,81,115,44,10"/><T114/><D120/><U45/><E131/><V28/><F108/><N who="0" m="41514" /><D114/><U30/><E94/><V62/><F117/><W98/><G32/><T116/><D116/><U83/><E69/><V3/><F3/><W46/><G10/><N who="0" m="6167" /><D135/><U113/><E66/><V90/><F90/><W27/><G112/><T123/><D123/><U5/><E5/><V130/><F48/><W86/><G115/><T38/><D0/><U65/><E65/><V70/><F42/><W125/><G125/><T55/><D13/><U129/><E129/><V6/><F6/><W11/><G4/><T54/><D106/><U74/><REACH who="1" step="1"/><E113/><REACH who="1" ten="250,240,250,250" step="2"/><V36/><F130/><W124/><G105/><T35/><D35/><U104/><E104/><V132/><F132/><W51/><G124/><T61/><D61/><U58/><E58/><V133/><F133/><W1/><G56/><T99/><D99/><AGARI ba="0,1" hai="21,22,29,30,31,45,49,52,74,77,83,88,92,99" machi="99" ten="40,12000,2" yaku="1,1,52,1,54,2,53,2" doraHai="75" doraHaiUra="18" who="1" fromWho="0" sc="250,-120,240,130,250,0,250,0" /><INIT seed="1,0,0,5,5,11" ten="130,370,250,250" oya="1" hai0="102,32,97,14,94,114,58,84,81,119,12,104,123" hai1="43,85,20,133,45,6,93,135,80,91,30,115,9" hai2="109,131,39,73,24,74,56,120,63,46,107,100,4" hai3="108,95,128,71,70,26,0,36,54,29,1,99,125"/><U66/><E115/><V64/><F120/><W117/><G108/><T44/><D32/><U18/><E30/><V126/><F126/><W76/><G125/><T129/><D129/><U134/><E66/><V127/><F127/><W111/><G111/><T62/><D114/><U2/><E93/><V22/><F131/><W90/><G36/><T83/><D123/><U110/><E110/><V33/><F4/><W69/><G117/><T10/><D119/><U27/><REACH who="1" step="1"/><E45/><REACH who="1" ten="130,360,250,250" step="2"/><V49/><F109/><W17/><G128/><T15/><D44/><U86/><E86/><V5/><F39/><W103/><G95/><T106/><D10/><U88/><E88/><V121/><F121/><W53/><G90/><T50/><D83/><U37/><E37/><V67/><F107/><W101/><G101/><T55/><REACH who="0" step="1"/><D50/><REACH who="0" ten="120,360,250,250" step="2"/><U48/><E48/><V122/><F122/><W78/><G71/><T68/><D68/><U89/><E89/><AGARI ba="0,2" hai="12,14,15,55,58,62,81,84,89,94,97,102,104,106" machi="89" ten="40,8000,1" yaku="1,1,52,3,53,0" doraHai="11" doraHaiUra="3" who="0" fromWho="1" sc="120,100,360,-80,250,0,250,0" /><INIT seed="2,0,0,3,4,68" ten="220,280,250,250" oya="2" hai0="47,12,99,26,53,108,131,8,128,124,44,14,72" hai1="130,63,2,132,89,129,86,50,101,55,87,37,117" hai2="69,61,82,103,70,46,56,120,48,9,24,7,41" hai3="28,115,79,66,104,71,25,84,83,91,92,59,29"/><V57/><F120/><W76/><G104/><T21/><D72/><U35/><E2/><V102/><F24/><W23/><G71/><T54/><D99/><U112/><E35/><V100/><F57/><W106/><G106/><T1/><D108/><U88/><E112/><V3/><REACH who="2" step="1"/><F82/><REACH who="2" ten="220,280,240,250" step="2"/><W17/><G115/><T19/><D128/><U107/><E130/><V64/><AGARI ba="0,1" hai="3,7,9,41,46,48,56,61,64,69,70,100,102,103" machi="64" ten="30,6000,0" yaku="1,1,2,1,0,1,53,0" doraHai="68" doraHaiUra="105" who="2" fromWho="2" sc="220,-20,280,-20,240,70,250,-20" /><INIT seed="2,1,0,5,3,65" ten="200,260,310,230" oya="2" hai0="115,7,51,100,38,82,80,109,107,118,27,36,72" hai1="86,104,11,92,96,26,52,46,90,28,62,128,77" hai2="122,125,111,95,59,45,98,37,106,97,85,15,56" hai3="135,130,3,127,54,102,68,57,18,119,49,43,39"/><V64/><F122/><W4/><G102/><T74/><D115/><U121/><E128/><V133/><F125/><W131/><G18/><T87/><D7/><U21/><E121/><V19/><F133/><W23/><G23/><T32/><D51/><U105/><E11/><V10/><F111/><W50/><G3/><T2/><D2/><U113/><E113/><V94/><F106/><W116/><G4/><T84/><D109/><U81/><REACH who="1" step="1"/><E46/><REACH who="1" ten="200,250,310,230" step="2"/><V5/><F45/><N who="3" m="23807" /><G135/><T134/><D134/><U61/><E61/><V110/><F110/><W123/><G123/><T31/><D72/><U16/><E16/><V60/><F37/><W35/><G130/><T14/><D74/><U66/><E66/><V33/><F19/><W67/><G131/><T41/><D38/><U63/><E63/><V114/><F114/><W120/><G120/><T29/><D36/><U112/><E112/><V71/><F33/><W1/><G127/><T117/><D32/><U30/><E30/><V34/><F34/><W8/><G35/><T24/><D31/><U12/><E12/><V91/><REACH who="2" step="1"/><F97/><REACH who="2" ten="200,250,300,230" step="2"/><W83/><G116/><T88/><D117/><U70/><E70/><V124/><F124/><W40/><G68/><T93/><D118/><U48/><E48/><V89/><AGARI ba="1,2" hai="5,10,15,56,59,60,64,71,85,89,91,94,95,98" machi="89" ten="20,7800,0" yaku="1,1,0,1,7,1,52,1,53,0" doraHai="65" doraHaiUra="129" who="2" fromWho="2" sc="200,-27,250,-27,300,101,230,-27" /><INIT seed="2,2,0,4,3,20" ten="173,223,401,203" oya="2" hai0="52,74,131,104,126,90,119,68,18,53,130,102,17" hai1="63,23,111,66,36,100,61,75,42,22,87,93,116" hai2="127,34,62,88,25,94,108,92,40,67,77,99,80" hai3="69,72,73,106,103,112,39,118,79,110,58,50,41"/><V107/><F127/><W109/><G69/><T2/><D126/><U55/><E75/><V78/><F40/><W125/><G118/><T85/><D119/><U101/><E111/><N who="3" m="42506" /><G79/><T117/><D117/><U16/><E23/><V54/><F54/><N who="0" m="21098" /><D2/><U1/><E1/><V35/><F94/><W9/><G50/><T56/><D68/><U37/><E37/><V96/><F35/><W43/><G112/><T8/><D74/><U89/><E42/><V133/><F133/><W38/><G43/><T124/><D56/><N who="1" m="37159" /><E36/><V46/><F46/><N who="3" m="23863" /><G39/><T29/><D124/><U65/><E65/><V32/><F32/><W26/><G125/><T98/><D8/><U49/><E63/><V86/><F108/><W11/><G11/><T14/><D14/><N who="1" m="9495" /><E116/><V122/><F122/><W6/><G9/><T91/><D130/><U4/><E4/><V27/><F34/><W114/><G6/><T33/><D33/><U113/><E113/><V0/><F0/><W64/><G114/><T123/><D123/><U60/><E60/><V19/><F19/><W45/><G72/><T76/><D18/><U105/><E105/><V3/><F3/><W21/><G73/><T120/><D17/><U13/><E13/><V132/><F132/><W59/><G64/><T70/><D131/><U44/><AGARI ba="2,0" hai="44,49,55,87,89,93,100,101" m="9495,37159" machi="44" ten="30,2000,0" yaku="8,1,54,1" doraHai="20" who="1" fromWho="1" sc="173,-7,223,26,401,-12,203,-7" /><INIT seed="3,0,0,1,4,30" ten="166,249,389,196" oya="3" hai0="108,56,17,83,95,103,134,116,6,67,110,38,105" hai1="29,78,77,131,94,84,21,48,74,62,16,93,119" hai2="28,7,52,11,106,133,117,102,13,18,120,3,113" hai3="132,90,44,37,46,128,59,65,73,4,24,63,32"/><W51/><G73/><T20/><D116/><U101/><E74/><V22/><F113/><W79/><G79/><T92/><D38/><U12/><E131/><V45/><F117/><W68/><G128/><T61/><D6/><U99/><E119/><V26/><F102/><W135/><G4/><T36/><D36/><U5/><E29/><V75/><F75/><W43/><G24/><T9/><D9/><U109/><E109/><N who="0" m="42089" /><D83/><U71/><E71/><V88/><F106/><W97/><G97/><N who="0" m="61679" /><D134/><N who="3" m="51241" /><G90/><T85/><D85/><U40/><E5/><V129/><F120/><W98/><G98/><T121/><D121/><U80/><E78/><V23/><F88/><W111/><G111/><T49/><D49/><U55/><E99/><V41/><F129/><W50/><G32/><T14/><AGARI ba="0,0" hai="14,17,20,56,61,67,92,95" m="61679,42089" machi="14" ten="30,1100,0" yaku="14,1" doraHai="30" who="0" fromWho="0" sc="166,11,249,-3,389,-3,196,-5" /><INIT seed="4,0,0,5,1,37" ten="177,246,386,191" oya="0" hai0="113,2,109,76,84,33,34,59,95,66,67,51,30" hai1="61,121,18,44,63,104,43,42,40,72,10,87,134" hai2="64,116,79,60,98,11,100,126,115,123,119,114,101" hai3="1,88,15,23,85,45,103,122,29,81,35,75,31"/><T117/><D113/><N who="2" m="43018" /><F11/><W13/><G1/><T56/><D117/><N who="2" m="45130" /><F126/><W128/><G122/><T82/><D109/><U89/><E72/><V3/><F3/><W52/><G128/><T70/><D2/><U57/><E104/><N who="2" m="63511" /><F101/><W69/><G75/><T16/><D70/><U99/><E121/><V65/><F79/><W125/><G69/><T83/><D30/><U47/><E134/><V120/><F64/><N who="0" m="24618" /><D33/><U130/><E130/><V78/><F78/><W27/><G103/><T24/><D34/><U105/><E105/><V94/><F94/><W8/><G35/><T129/><D129/><U32/><E32/><V55/><F55/><W48/><G125/><T22/><D95/><N who="1" m="56815" /><E63/><V90/><F90/><W93/><G31/><T106/><D106/><U58/><E61/><V80/><F80/><W135/><G135/><T28/><D28/><U118/><E118/><V19/><F19/><W41/><G81/><T0/><D0/><U21/><E18/><V74/><F74/><W50/><G8/><T53/><D83/><U20/><E10/><V7/><F7/><W96/><G96/><T71/><D71/><AGARI ba="0,0" hai="60,65,71,120,123" m="63511,45130,43018" machi="71" ten="30,3900,0" yaku="15,1,12,1,23,1" doraHai="37" who="2" fromWho="0" sc="177,-39,246,0,386,39,191,0" /><INIT seed="5,0,0,3,3,57" ten="138,246,425,191" oya="1" hai0="40,103,4,38,101,125,106,70,68,75,79,122,121" hai1="1,61,77,21,26,25,42,36,94,93,33,51,56" hai2="107,99,80,110,8,96,47,32,63,95,29,126,104" hai3="65,43,23,55,34,86,53,9,131,27,83,16,54"/><U116/><E36/><V128/><F110/><W85/><G131/><T72/><D4/><U115/><E116/><V50/><F126/><W24/><G43/><T6/><D6/><U17/><E115/><V129/><F8/><W62/><G9/><T84/><D84/><U2/><E77/><V133/><F29/><W114/><G114/><T20/><D125/><U78/><E78/><V64/><F32/><W134/><G134/><T48/><D48/><U105/><E105/><V119/><F119/><W14/><G34/><T11/><D11/><U73/><E73/><N who="0" m="28233" /><D20/><U81/><E81/><V46/><F80/><W92/><G92/><T90/><D90/><U76/><E76/><V98/><F95/><W3/><G3/><T97/><D79/><U37/><E37/><V49/><F133/><W41/><G83/><T108/><D103/><U112/><E112/><V18/><F18/><W69/><REACH who="3" step="1"/><G41/><REACH who="3" ten="138,246,425,181" step="2"/><T28/><D108/><U22/><E33/><V39/><F129/><W19/><G19/><T5/><D5/><U15/><E2/><V118/><F128/><W127/><G127/><T7/><D7/><U71/><E1/><V10/><F118/><W82/><G82/><T87/><D87/><AGARI ba="0,1" hai="14,16,23,24,27,53,54,55,62,65,69,85,86,87" machi="87" ten="40,5200,0" yaku="1,1,52,1,54,1,53,0" doraHai="57" doraHaiUra="52" who="3" fromWho="0" sc="138,-52,246,0,425,0,181,62" /><INIT seed="6,0,0,2,3,99" ten="86,246,425,243" oya="2" hai0="94,116,38,20,78,91,54,103,50,75,62,76,49" hai1="19,16,65,39,29,119,131,98,45,106,10,130,35" hai2="18,97,57,15,8,118,110,127,61,52,87,32,2" hai3="126,44,79,48,59,66,102,109,37,82,58,121,108"/><V47/><F118/><W41/><G121/><T74/><D116/><U120/><E119/><V115/><F32/><W80/><G80/><T14/><D38/><U71/><E10/><V51/><F115/><W1/><G1/><T28/><D75/><U11/><E11/><V63/><F127/><W104/><G126/><T53/><D74/><U125/><E125/><V117/><F2/><W72/><G59/><T40/><D62/><N who="1" m="40375" /><E45/><V101/><F87/><W77/><G77/><T69/><D69/><U84/><E39/><V26/><F117/><W56/><G56/><T70/><D70/><U9/><E9/><V27/><F110/><W25/><G66/><T123/><D123/><U43/><E43/><V112/><F112/><W17/><G37/><T95/><D40/><U23/><E84/><V73/><F73/><W0/><G58/><T24/><D14/><N who="1" m="9623" /><E19/><V90/><F90/><W135/><G0/><T89/><D20/><U124/><E120/><V92/><F61/><W5/><G5/><T85/><D85/><U30/><E35/><V6/><F6/><W122/><G122/><T12/><D12/><U3/><E3/><V134/><F134/><W64/><G109/><T96/><D96/><U13/><E13/><V68/><F68/><W129/><G135/><T83/><D83/><U34/><E34/><V86/><F86/><W7/><G108/><T21/><D21/><U114/><E124/><V55/><AGARI ba="0,0" hai="8,15,18,26,27,47,51,52,55,57,63,92,97,101" machi="55" ten="20,12000,1" yaku="0,1,7,1,8,1,52,1,54,1" doraHai="99" who="2" fromWho="2" sc="86,-40,246,-40,425,120,243,-40" /><INIT seed="6,1,0,4,1,107" ten="46,206,545,203" oya="2" hai0="133,85,89,125,13,71,4,23,81,1,10,119,19" hai1="106,2,122,35,17,134,130,55,28,75,115,82,57" hai2="27,62,20,65,36,110,25,79,118,77,9,8,15" hai3="39,32,83,88,14,46,92,128,117,111,43,84,49"/><V11/><F118/><W116/><G111/><T113/><D125/><U21/><E2/><V87/><F36/><W93/><G32/><T108/><D133/><U38/><E106/><V64/><F110/><W26/><G128/><T91/><D113/><U58/><E28/><V37/><F37/><W98/><G93/><T74/><D119/><U6/><E6/><V99/><F99/><W123/><G123/><T7/><D108/><U31/><E31/><V24/><F87/><W42/><G26/><T3/><D71/><U102/><E58/><N who="2" m="36951" /><F65/><W50/><G39/><T105/><D105/><U45/><E130/><V109/><F109/><W41/><G116/><T126/><D126/><U0/><E134/><V86/><F86/><W68/><G68/><T52/><D52/><U59/><E55/><V121/><F121/><W33/><G33/><T97/><D97/><U96/><E35/><V135/><F135/><W72/><G50/><T12/><D12/><U22/><E96/><V56/><F56/><W78/><G117/><T34/><D34/><U67/><E59/><V18/><AGARI ba="1,0" hai="8,9,11,15,18,20,24,25,27,77,79" m="36951" machi="18" ten="40,2100,0" yaku="8,1" doraHai="107" who="2" fromWho="2" sc="46,-8,206,-8,545,24,203,-8" /><INIT seed="6,2,0,1,4,57" ten="38,198,569,195" oya="2" hai0="72,120,122,79,91,100,34,0,65,78,129,73,16" hai1="10,60,134,45,59,24,119,133,103,109,135,12,74" hai2="15,48,41,50,63,54,112,37,117,35,92,9,126" hai3="87,4,128,8,27,36,108,85,114,55,44,23,20"/><V124/><F35/><W5/><G108/><T123/><D34/><U26/><E109/><V106/><F106/><W3/><G128/><T32/><D32/><U113/><E119/><V38/><F117/><W76/><G5/><T2/><D65/><U1/><E113/><V46/><F112/><W80/><G114/><T7/><D7/><U90/><E74/><V29/><F29/><W49/><G36/><N who="2" m="13929" /><F92/><W98/><G98/><T86/><D16/><N who="1" m="8215" /><E103/><V127/><F15/><W47/><G47/><T52/><D52/><N who="1" m="33895" /><E1/><V70/><F9/><W28/><G23/><T118/><D118/><U51/><E90/><V69/><F63/><W104/><G104/><T84/><D129/><U111/><E111/><V96/><F96/><W102/><G102/><T42/><D100/><U115/><E115/><V88/><F88/><W17/><G28/><T121/><D121/><U14/><E14/><V107/><F107/><W6/><G6/><T110/><D110/><U64/><E64/><V95/><F95/><W43/><G4/><T31/><D31/><U25/><E25/><V82/><F82/><W130/><G27/><T30/><D30/><U83/><E83/><V132/><F132/><W89/><G3/><T99/><D122/><U75/><E75/><V33/><F33/><W105/><G105/><T53/><D91/><U13/><E13/><V94/><F94/><N who="3" m="54575" /><G130/><T131/><D131/><U125/><E125/><V22/><F22/><W101/><G101/><T67/><D67/><U71/><E71/><V18/><F18/><W116/><G116/><T19/><D120/><U61/><E61/><RYUUKYOKU ba="2,0" sc="38,-15,198,15,569,15,195,-15" hai1="24,26,45,51,133,134,135" hai2="41,46,48,50,54,69,70,124,126,127" /><INIT seed="6,3,0,2,1,13" ten="23,213,584,180" oya="2" hai0="55,133,14,103,127,59,2,25,131,132,86,45,4" hai1="63,65,0,26,105,21,109,115,10,90,88,24,118" hai2="129,125,120,62,130,22,78,123,96,113,39,82,38" hai3="101,54,7,28,116,94,122,43,53,68,93,57,102"/><V106/><F113/><W77/><G68/><T117/><D103/><U66/><E109/><V95/><F62/><W40/><G116/><T134/><D117/><U3/><E118/><V15/><F125/><W6/><G77/><T64/><D127/><U70/><E105/><V107/><F22/><W92/><G28/><T76/><D76/><U16/><E115/><V32/><F32/><W108/><G122/><N who="2" m="46633" /><F15/><W41/><G108/><T98/><D98/><U17/><E10/><V89/><F39/><W97/><G54/><T46/><D86/><U9/><E9/><V128/><F38/><W58/><G58/><T79/><D79/><U71/><E21/><V74/><AGARI ba="3,0" hai="74,78,82,89,95,96,106,107,128,129,130" m="46633" machi="74" ten="40,7800,0" yaku="19,1,34,2" doraHai="13" who="2" fromWho="2" sc="23,-29,213,-29,584,87,180,-29" owari="-6,-51.0,184,-2.0,671,78.0,151,-25.0" /></mjloggm>