<mjloggm ver="2.3"><GO type="41" lobby="0"/><UN n0="%46%69%73%68%4B%69%6E%67" n1="%E2%93%9D%53%75%70%68%78" n2="%61%69%74%73%75%6D%6F" n3="%42%41%4E%4B%49%4E%EF%BC%81" dan="13,17,14,14" rate="1894.61,2038.26,1919.06,1969.43" sx="M,M,M,M"/><TAIKYOKU oya="0"/><INIT seed="0,0,0,3,4,127" ten="250,250,250,250" oya="0" hai0="33,123,51,67,56,106,111,23,132,13,135,49,78" hai1="121,22,126,134,68,14,8,133,42,11,21,129,130" hai2="54,48,28,93,70,91,113,30,53,34,116,100,72" hai3="46,102,118,40,84,50,89,112,119,131,103,45,117"/><T80/><D123/><U39/><E68/><V87/><F70/><W114/><G131/><N who="1" m="50186" /><E126/><V29/><F113/><W58/><G58/><T109/><D33/><U115/><E121/><V26/><F72/><W120/><G120/><T64/><D106/><U94/><E115/><V85/><F100/><W104/><G104/><T65/><D13/><U101/><E42/><V31/><F116/><W122/><G122/><T18/><D18/><N who="1" m="8519" /><E11/><V4/><F4/><W74/><G74/><T37/><D37/><U43/><E43/><V83/><F48/><N who="0" m="18506" /><D23/><N who="1" m="8715" /><E39/><V3/><F3/><W55/><G114/><T10/><D10/><U86/><E86/><V60/><F60/><W38/><REACH who="3" step="1"/><G112/><REACH who="3" ten="250,250,250,240" step="2"/><T62/><D67/><U66/><E66/><V57/><F57/><W88/><G88/><T107/><D107/><U15/><E15/><V95/><F95/><AGARI ba="0,1" hai="38,40,45,46,50,55,84,89,95,102,103,117,118,119" machi="95" ten="40,2600,0" yaku="1,1,53,1" doraHai="127" doraHaiUra="71" who="3" fromWho="2" sc="250,0,250,0,250,-26,240,36" /><INIT seed="1,0,0,0,3,129" ten="250,250,224,276" oya="1" hai0="19,14,94,29,75,22,76,124,18,97,115,99,64" hai1="11,1,98,116,67,72,41,49,71,106,58,48,33" hai2="25,107,119,26,53,81,7,2,101,42,109,45,110" hai3="121,55,61,0,36,40,120,104,46,28,100,57,3"/><U73/><E116/><V125/><F119/><W20/><G104/><T27/><D115/><U13/><E1/><V60/><F125/><W63/><G100/><T134/><D124/><U83/><E33/><V88/><F101/><W79/><G79/><T9/><D64/><U103/><E71/><V95/><F107/><W91/><G91/><T111/><D111/><U47/><E83/><V5/><F81/><W122/><REACH who="3" step="1"/><G63/><REACH who="3" ten="250,250,224,266" step="2"/><T82/><D76/><U108/><E108/><V92/><F110/><W85/><G85/><T44/><D75/><U93/><E106/><V70/><F109/><W102/><G102/><T133/><D82/><U112/><E112/><V87/><F95/><W135/><G135/><N who="0" m="51723" /><D94/><U131/><E131/><V132/><F132/><W90/><G90/><T114/><D114/><U24/><E73/><V68/><F60/><W113/><G113/><T65/><D65/><U23/><E72/><V96/><F96/><N who="0" m="36938" /><D44/><U74/><E74/><V105/><F105/><W66/><G66/><T39/><D39/><U52/><E67/><V118/><F118/><W80/><G80/><T89/><D89/><U78/><E78/><V31/><F88/><W59/><G59/><T126/><D126/><U51/><E58/><V21/><F92/><W34/><G34/><T130/><D130/><U30/><E41/><V16/><F70/><W15/><G15/><T62/><D62/><U37/><REACH who="1" step="1"/><E37/><REACH who="1" ten="250,240,224,266" step="2"/><V127/><F68/><W117/><G117/><T84/><D84/><U50/><E50/><V10/><F87/><W43/><G43/><T123/><D123/><U56/><E56/><RYUUKYOKU ba="0,2" sc="250,10,240,10,224,-30,266,10" hai0="9,14,18,19,22,27,29" hai1="11,13,23,24,30,47,48,49,51,52,93,98,103" hai3="0,3,20,28,36,40,46,55,57,61,120,121,122" /><INIT seed="1,1,2,2,2,54" ten="260,250,194,276" oya="1" hai0="84,12,69,116,122,125,79,35,49,27,7,67,64" hai1="92,31,8,74,80,103,37,45,66,113,135,65,129" hai2="32,11,63,48,110,123,109,29,55,101,87,62,99" hai3="17,9,106,96,41,52,43,119,15,112,30,51,75"/><U59/><E113/><V117/><F123/><W18/><G119/><T33/><D116/><U16/><E31/><V91/><F117/><W97/><G75/><T102/><D122/><U70/><E70/><V98/><F11/><W21/><G112/><T76/><D125/><U100/><E129/><V93/><F99/><N who="3" m="37963" /><G30/><T131/><D131/><U3/><E135/><V19/><F19/><W39/><G39/><T108/><D108/><U58/><E92/><V111/><F29/><W73/><G73/><T53/><D102/><N who="1" m="38955" /><E80/><V105/><REACH who="2" step="1"/><F32/><REACH who="2" ten="260,250,184,276" step="2"/><W36/><G36/><T10/><D33/><U81/><E16/><V126/><F126/><W90/><G18/><T68/><D35/><U40/><E66/><V56/><AGARI ba="1,3" hai="48,55,56,62,63,87,91,93,98,101,105,109,110,111" machi="56" ten="30,7900,0" yaku="1,1,0,1,14,1,52,1,53,0" doraHai="54" doraHaiUra="133" who="2" fromWho="2" sc="260,-21,250,-40,184,112,276,-21" /><INIT seed="2,0,0,1,5,5" ten="239,210,296,255" oya="2" hai0="38,118,116,74,43,12,98,94,101,85,23,131,120" hai1="19,60,27,9,37,40,76,28,127,56,130,41,72" hai2="103,15,63,6,69,48,53,79,112,34,54,49,129" hai3="26,108,67,102,73,25,107,3,110,50,114,20,65"/><V2/><F2/><W70/><G73/><T32/><D32/><U123/><E127/><V17/><F34/><W95/><G3/><T125/><D120/><U124/><E130/><V88/><F79/><W80/><G114/><T31/><D125/><U61/><E124/><V62/><F129/><W16/><G107/><T36/><D74/><U57/><E37/><V105/><F6/><W104/><G104/><T75/><D75/><U121/><E28/><V71/><F112/><W82/><G70/><T45/><D38/><U66/><E76/><V13/><F105/><W55/><G26/><T7/><D85/><U86/><E86/><V18/><F88/><W39/><G39/><T78/><D78/><U58/><E27/><V109/><F109/><N who="3" m="42091" /><G95/><T122/><D122/><N who="1" m="46603" /><E72/><V35/><REACH who="2" step="1"/><F35/><REACH who="2" ten="239,210,286,255" step="2"/><W128/><G102/><AGARI ba="0,1" hai="13,15,17,18,48,49,53,54,62,63,69,71,102,103" machi="102" ten="25,9600,0" yaku="1,1,2,1,22,2,53,0" doraHai="5" doraHaiUra="33" who="2" fromWho="3" sc="239,0,210,0,286,106,255,-96" /><INIT seed="2,1,0,2,1,115" ten="239,210,392,159" oya="2" hai0="83,75,126,40,103,111,22,135,59,42,133,104,46" hai1="70,11,41,38,48,23,21,119,6,13,118,92,5" hai2="60,9,110,78,82,29,88,36,25,73,27,28,116" hai3="62,45,85,112,86,26,79,16,50,123,4,125,30"/><V117/><F36/><W109/><G112/><T72/><D111/><U102/><E38/><V7/><F110/><W3/><G109/><T63/><D126/><U53/><E41/><V129/><F129/><W130/><G130/><T49/><D42/><U95/><E70/><V61/><F60/><W96/><G125/><T131/><D131/><U90/><E102/><V57/><F27/><W122/><G62/><T91/><D22/><U134/><E95/><V54/><F28/><W105/><G105/><T71/><D71/><U132/><E6/><V100/><F100/><W128/><G96/><T51/><D51/><U113/><E23/><V89/><F89/><W47/><G128/><T106/><D106/><U32/><E32/><V43/><F43/><W34/><G45/><T65/><D103/><U44/><E21/><V80/><F80/><W76/><G76/><T20/><D20/><U1/><E1/><V10/><F88/><W2/><G4/><T74/><D104/><U39/><E39/><V68/><F68/><W114/><G114/><T81/><REACH who="0" step="1"/><D91/><REACH who="0" ten="229,210,392,159" step="2"/><U64/><E113/><V108/><F108/><W66/><G123/><T35/><D35/><U18/><E90/><V8/><REACH who="2" step="1"/><F7/><REACH who="2" ten="229,210,382,159" step="2"/><W94/><G122/><T67/><D67/><U98/><E64/><V56/><F56/><W97/><G66/><T101/><D101/><N who="1" m="60615" /><E5/><V127/><F127/><W19/><G34/><AGARI ba="1,2" hai="8,9,10,25,29,34,54,57,61,73,78,82,116,117" machi="34" ten="40,7700,0" yaku="1,1,52,2,53,0" doraHai="115" doraHaiUra="93" who="2" fromWho="3" sc="229,0,210,0,382,100,159,-80" /><INIT seed="2,2,0,1,1,90" ten="229,210,482,79" oya="2" hai0="92,43,118,8,30,109,6,97,63,25,69,124,112" hai1="40,122,73,83,126,130,36,94,0,127,74,98,103" hai2="86,125,104,54,23,35,80,60,128,50,11,93,115" hai3="75,111,28,19,79,20,135,131,9,129,3,21,51"/><V82/><F104/><W107/><G107/><T102/><D112/><U68/><E68/><V41/><F35/><W132/><G75/><T113/><D113/><U108/><E0/><V65/><F115/><W78/><G51/><T47/><D109/><U95/><E40/><V100/><F128/><W62/><G62/><T96/><D124/><N who="1" m="47659" /><E36/><V14/><F125/><W81/><G111/><T87/><D87/><U7/><E7/><V18/><F41/><W71/><G71/><T91/><D63/><U42/><E108/><V4/><F60/><W59/><G59/><T48/><D118/><U114/><E42/><V101/><F65/><W49/><G49/><T55/><D69/><U66/><E66/><V46/><F100/><W105/><G105/><T38/><D102/><N who="1" m="60759" /><E122/><V89/><REACH who="2" step="1"/><F101/><REACH who="2" ten="229,210,472,79" step="2"/><W37/><G132/><T121/><D121/><U24/><E130/><V99/><F99/><W27/><G135/><T133/><D97/><N who="1" m="59839" /><E114/><V77/><F77/><W120/><G79/><T85/><D96/><U67/><E67/><V119/><F119/><W84/><G131/><T31/><D133/><U2/><E2/><AGARI ba="2,1" hai="2,4,11,14,18,23,46,50,54,80,82,86,89,93" machi="2" ten="30,11600,0" yaku="1,1,7,1,52,1,53,1" doraHai="90" doraHaiUra="17" who="2" fromWho="1" sc="229,0,210,-122,472,132,79,0" /><INIT seed="2,3,0,4,2,35" ten="229,88,604,79" oya="2" hai0="57,69,48,5,4,59,97,70,88,32,80,99,39" hai1="121,122,73,30,67,74,44,7,89,82,51,10,19" hai2="1,95,81,28,119,102,103,9,110,85,91,27,54" hai3="3,127,132,36,120,112,106,65,130,11,16,24,105"/><V12/><F119/><W128/><G36/><T45/><D39/><U123/><E30/><V20/><F110/><W98/><G120/><T100/><D32/><U64/><E19/><V116/><F116/><W53/><G127/><T114/><D114/><U87/><E67/><V117/><F117/><W94/><G112/><T135/><D135/><U0/><REACH who="1" step="1"/><E64/><REACH who="1" ten="229,78,604,79" step="2"/><V60/><F103/><W49/><G65/><T14/><D69/><U13/><E13/><V52/><F1/><W134/><G3/><T124/><D70/><U29/><E29/><V125/><F125/><W129/><G24/><T33/><D124/><U41/><AGARI ba="3,1" hai="0,7,10,41,44,51,73,74,82,87,89,121,122,123" machi="41" ten="30,8000,1" yaku="1,1,0,1,13,1,52,1,53,1" doraHai="35" doraHaiUra="76" who="1" fromWho="1" sc="229,-23,78,99,604,-43,79,-23" /><INIT seed="3,0,0,5,0,127" ten="206,177,561,56" oya="3" hai0="15,133,123,67,24,26,125,7,3,34,131,46,54" hai1="22,40,76,81,30,60,79,101,119,104,109,96,49" hai2="33,4,69,107,59,114,71,111,135,16,102,28,56" hai3="65,112,70,1,38,12,128,61,63,95,80,83,130"/><W90/><G38/><T35/><D123/><U87/><E109/><V66/><F4/><W85/><G1/><T21/><D67/><U8/><E119/><V99/><F111/><W88/><G112/><T39/><D39/><U72/><E60/><V93/><F93/><W100/><G61/><T84/><D131/><N who="3" m="50217" /><G12/><T0/><D125/><U115/><E115/><V57/><F114/><W42/><G42/><T94/><D133/><U55/><E40/><V113/><F135/><W45/><G100/><T97/><D0/><U43/><E43/><V75/><F75/><W121/><G121/><T118/><D3/><U73/><E73/><V117/><F117/><W105/><G45/><T89/><D46/><U58/><E72/><V52/><F113/><W13/><G13/><T53/><D118/><U6/><E49/><V50/><F66/><W18/><G18/><T124/><D124/><U25/><E6/><V108/><F16/><W82/><G105/><T47/><D15/><U129/><E129/><V122/><F122/><W23/><G23/><T91/><D21/><U27/><E22/><V103/><F103/><W44/><G44/><T5/><D47/><U36/><E36/><V41/><F41/><W110/><G90/><T120/><D120/><U77/><E101/><V116/><F116/><W48/><G48/><T51/><D51/><U31/><E104/><V32/><F108/><AGARI ba="0,0" hai="63,65,70,80,82,83,85,88,95,108,110" m="50217" machi="108" ten="40,12000,1" yaku="19,1,52,3,54,1" doraHai="127" who="3" fromWho="2" sc="206,0,177,0,561,-120,56,120" /><INIT seed="3,1,0,0,1,116" ten="206,177,441,176" oya="3" hai0="94,43,112,22,31,44,26,63,68,84,4,117,19" hai1="123,81,37,59,90,65,48,134,8,64,12,67,78" hai2="70,91,74,88,69,13,129,29,61,128,47,66,119" hai3="9,25,52,38,40,106,135,108,97,58,124,53,28"/><W103/><G135/><T33/><D117/><U87/><E37/><V100/><F119/><W133/><G133/><T45/><D112/><U132/><E132/><V20/><F74/><W92/><G124/><T46/><D4/><U86/><E134/><V41/><F100/><W95/><G53/><T56/><D68/><U126/><E126/><V15/><F69/><W39/><G108/><T101/><D84/><U21/><E21/><V23/><F23/><W49/><G9/><T99/><D43/><U1/><E1/><V5/><F5/><W55/><G40/><T125/><D125/><U85/><E123/><V32/><F32/><W18/><G18/><T3/><D3/><U118/><E118/><V98/><F29/><W36/><REACH who="3" step="1"/><G55/><REACH who="3" ten="206,177,441,166" step="2"/><T111/><D111/><U102/><E8/><V34/><F129/><W71/><G71/><T17/><REACH who="0" step="1"/><D33/><AGARI ba="1,1" hai="25,28,33,36,38,39,49,52,58,92,95,97,103,106" machi="33" ten="40,3900,0" yaku="1,1,54,1,53,0" doraHai="116" doraHaiUra="72" who="3" fromWho="0" sc="206,-42,177,0,441,0,166,52" /><INIT seed="3,2,0,5,4,9" ten="164,177,441,218" oya="3" hai0="133,66,69,103,17,127,108,28,56,87,41,53,88" hai1="0,75,70,83,130,33,107,78,20,42,71,125,45" hai2="7,10,126,8,124,132,99,21,109,85,23,44,104" hai3="55,131,27,16,50,31,106,15,93,113,96,121,2"/><W110/><G121/><T29/><D108/><U14/><E33/><V46/><F109/><W63/><G113/><T100/><D127/><U59/><E107/><V32/><F32/><W112/><G112/><T60/><D133/><U65/><E0/><V116/><F85/><W30/><G2/><T80/><D41/><U62/><E130/><V72/><F72/><W6/><G110/><T73/><D73/><U129/><E129/><V134/><F99/><W111/><G106/><T97/><D17/><U58/><E125/><V47/><F104/><W68/><G131/><T39/><D39/><U25/><E59/><V22/><F116/><W48/><G68/><T76/><D76/><U18/><REACH who="1" step="1"/><E25/><REACH who="1" ten="164,167,441,218" step="2"/><V26/><F26/><W117/><G111/><T82/><D82/><U19/><E19/><V34/><F34/><W37/><G27/><T122/><D122/><U11/><E11/><V13/><F10/><W128/><G128/><T35/><D35/><U95/><E95/><V101/><F101/><W102/><G117/><T38/><D100/><U3/><E3/><V90/><F126/><W92/><G93/><N who="0" m="58799" /><D69/><U81/><E81/><V64/><F124/><W120/><G120/><T118/><D118/><U52/><E52/><V123/><F123/><W24/><G55/><T40/><D53/><U135/><E135/><N who="2" m="51755" /><F64/><W61/><G102/><T77/><D77/><U57/><E57/><V5/><F90/><W94/><G24/><T51/><D38/><AGARI ba="2,1" hai="14,18,20,38,42,45,58,62,65,70,71,75,78,83" machi="38" ten="30,3900,0" yaku="1,1,7,1,52,1,53,0" doraHai="9" doraHaiUra="119" who="1" fromWho="0" sc="164,-45,167,55,441,0,218,0" /><INIT seed="4,0,0,0,3,101" ten="119,222,441,218" oya="0" hai0="128,82,19,15,69,6,49,70,129,36,122,102,31" hai1="43,20,45,53,57,133,60,38,42,55,58,59,63" hai2="89,77,68,24,14,115,72,21,64,73,29,76,47" hai3="10,103,116,18,66,131,41,50,88,87,97,12,94"/><T32/><D122/><U2/><E2/><V61/><F115/><W112/><G112/><T11/><D36/><U119/><E20/><V75/><F47/><W109/><G109/><T67/><D102/><U126/><E119/><V125/><F125/><W113/><G113/><T17/><D31/><U23/><E23/><V0/><F0/><W108/><G108/><T39/><D39/><U99/><E99/><V13/><F89/><W95/><G131/><N who="0" m="50251" /><D32/><U27/><E27/><V48/><F48/><W84/><G116/><T4/><D82/><U46/><E133/><V71/><F71/><N who="0" m="27146" /><D67/><U106/><E106/><V56/><F68/><W123/><G66/><T28/><D28/><U91/><E91/><V124/><F124/><W44/><G123/><T25/><D49/><N who="1" m="26807" /><E126/><V107/><F107/><W26/><G26/><T22/><AGARI ba="0,0" hai="4,6,11,15,17,19,22,25" m="27146,50251" machi="22" ten="40,2100,0" yaku="19,1" doraHai="101" who="0" fromWho="0" sc="119,21,222,-7,441,-7,218,-7" /><INIT seed="4,1,0,2,1,54" ten="140,215,434,211" oya="0" hai0="73,42,35,28,110,121,46,52,132,108,103,62,17" hai1="115,83,15,57,77,5,56,111,37,131,8,87,48" hai2="31,80,124,88,134,43,69,135,72,91,76,98,122" hai3="105,81,117,116,125,107,9,44,71,99,26,4,22"/><T29/><D121/><U11/><E111/><N who="0" m="42537" /><D73/><U75/><E37/><V14/><F43/><W86/><G71/><T20/><D132/><U10/><E131/><V19/><F69/><W32/><G32/><T16/><D103/><U118/><E118/><V2/><F2/><W49/><G125/><T47/><D35/><U126/><E115/><V45/><F31/><N who="0" m="11850" /><D20/><U41/><E75/><V66/><F122/><W53/><G22/><T34/><D34/><U39/><E39/><V97/><F124/><W104/><G26/><T23/><D23/><U64/><E126/><V51/><F66/><W127/><G127/><T89/><D89/><U92/><E64/><V74/><F74/><W68/><G68/><T70/><D70/><U106/><E106/><V85/><F91/><W33/><G33/><T84/><D84/><U67/><E92/><V7/><F76/><W93/><G93/><T13/><D13/><U90/><E90/><V40/><F72/><W123/><G123/><T6/><D6/><U133/><E133/><N who="2" m="50699" /><F7/><W63/><G99/><T128/><D128/><U112/><E112/><V119/><F119/><W109/><G109/><T18/><D42/><U24/><E24/><V38/><F98/><W36/><G117/><T3/><D3/><U130/><E130/><V129/><F97/><W102/><G116/><T65/><D65/><U114/><E114/><V55/><F129/><W120/><G102/><T59/><AGARI ba="1,0" hai="16,17,18,46,47,52,59,62" m="11850,42537" machi="59" ten="40,12000,1" yaku="10,1,52,1,54,2" doraHai="54" who="0" fromWho="0" sc="140,123,215,-41,434,-41,211,-41" /><INIT seed="4,2,0,5,3,75" ten="263,174,393,170" oya="0" hai0="16,135,37,106,43,97,120,50,1,100,87,81,66" hai1="133,42,14,95,101,72,11,12,35,80,28,114,52" hai2="4,131,49,61,71,88,103,7,126,51,44,89,64" hai3="31,122,92,13,67,24,127,121,57,90,128,130,59"/><T15/><D1/><U5/><E42/><V54/><F131/><N who="3" m="50219" /><G67/><T69/><D120/><N who="3" m="46185" /><G13/><T53/><D135/><U8/><E114/><V29/><F126/><W73/><G73/><T60/><D37/><U125/><E125/><V6/><F103/><W118/><G118/><T94/><D43/><U119/><E119/><V34/><F34/><N who="3" m="20839" /><G127/><T85/><D106/><U25/><E133/><V113/><F29/><W110/><G110/><T76/><D85/><AGARI ba="2,0" hai="57,59,85,90,92" m="20839,46185,50219" machi="85" ten="30,2000,0" yaku="19,1,13,1" doraHai="75" who="3" fromWho="0" sc="263,-26,174,0,393,0,170,26" /><INIT seed="5,0,0,1,0,105" ten="237,174,393,196" oya="1" hai0="96,118,123,112,16,90,50,2,52,62,11,28,78" hai1="121,111,42,102,4,77,82,5,87,101,114,113,116" hai2="88,9,47,29,26,38,66,106,59,35,120,84,30" hai3="1,65,43,93,79,99,34,6,25,86,15,27,10"/><U117/><E42/><V53/><F106/><W0/><G65/><T36/><D118/><N who="1" m="45675" /><E5/><V49/><F30/><W129/><G129/><T45/><D36/><U60/><E4/><V48/><F120/><W71/><G71/><T46/><D28/><U125/><E60/><V124/><F38/><W100/><G43/><T14/><D123/><U85/><E121/><V103/><F103/><N who="1" m="39433" /><E125/><V40/><F124/><W130/><G130/><T58/><D46/><U97/><E97/><V24/><F24/><W70/><G70/><T81/><D96/><U37/><E37/><V51/><F9/><W3/><G34/><T23/><D23/><U18/><E18/><V21/><F66/><W67/><G67/><T95/><D45/><U94/><E111/><V57/><F35/><W134/><G134/><T12/><D12/><U91/><AGARI ba="0,0" hai="77,82,85,87,91,94,113,114" m="39433,45675" machi="91" ten="40,3900,0" yaku="34,2" doraHai="105" who="1" fromWho="1" sc="237,-13,174,39,393,-13,196,-13" /><INIT seed="5,1,0,4,2,51" ten="224,213,380,183" oya="1" hai0="112,46,89,105,106,83,26,48,131,16,43,45,54" hai1="25,36,63,22,50,44,84,38,121,19,21,129,4" hai2="114,79,39,3,0,104,1,110,37,119,30,11,127" hai3="12,27,116,98,58,93,8,115,73,9,109,49,17"/><U94/><E121/><V28/><F119/><W72/><G115/><T67/><D112/><U108/><E129/><V100/><F114/><W70/><G109/><T132/><D67/><U88/><E108/><V82/><F110/><W99/><G70/><T15/><D26/><U81/><E4/><V69/><F127/><W20/><G116/><T59/><D132/><U123/><E123/><V68/><F11/><W130/><G130/><T60/><D131/><U134/><E134/><V2/><F30/><W133/><G133/><T41/><D45/><U91/><E63/><V74/><F28/><W102/><G9/><T40/><D105/><U77/><E22/><V103/><F103/><W65/><G99/><T31/><D31/><U125/><E91/><V10/><F10/><W96/><G96/><T34/><D106/><U113/><E125/><V42/><F42/><W55/><REACH who="3" step="1"/><G65/><REACH who="3" ten="224,213,380,173" step="2"/><T124/><D124/><U71/><E71/><N who="2" m="27211" /><F3/><W75/><G75/><T118/><D118/><U29/><E113/><V24/><F2/><W128/><G128/><T135/><D135/><U56/><E29/><AGARI ba="1,1" hai="8,12,17,20,27,29,49,55,58,72,73,93,98,102" machi="29" ten="30,3900,0" yaku="1,1,7,1,52,1,53,0" doraHai="51" doraHaiUra="61" who="3" fromWho="1" sc="224,0,213,-42,380,0,173,52" /><INIT seed="6,0,0,3,0,30" ten="224,171,380,225" oya="2" hai0="131,70,19,96,2,97,23,107,29,34,56,134,104" hai1="106,52,110,83,8,24,44,88,85,49,17,133,123" hai2="0,126,71,62,40,55,51,22,37,47,31,121,43" hai3="60,125,15,119,127,10,32,128,9,48,42,27,58"/><V28/><F0/><W113/><G119/><T75/><D2/><U116/><E116/><V98/><F121/><W91/><G128/><T54/><D70/><U18/><E110/><V79/><F79/><W66/><G113/><T112/><D75/><U59/><E106/><V20/><F126/><W81/><G10/><T73/><D73/><U69/><E69/><V25/><F43/><W53/><G42/><T35/><D134/><U41/><E133/><V92/><F71/><W93/><G81/><T82/><D82/><U103/><E123/><V108/><F108/><W11/><G27/><T115/><D131/><U38/><E103/><V111/><F111/><W94/><G94/><T101/><D29/><U84/><E24/><V61/><F22/><W36/><G36/><T99/><D101/><U86/><REACH who="1" step="1"/><E18/><REACH who="1" ten="224,161,380,225" step="2"/><V57/><F28/><W77/><G127/><T105/><D112/><U6/><E6/><V45/><F45/><W67/><G125/><T21/><D115/><U90/><E90/><AGARI ba="0,1" hai="20,25,31,37,40,47,51,55,57,61,62,90,92,98" machi="90" ten="30,1500,0" yaku="7,1" doraHai="30" who="2" fromWho="1" sc="224,0,161,-15,380,25,225,0" /><INIT seed="6,1,0,2,2,112" ten="224,146,405,225" oya="2" hai0="43,115,87,101,128,10,31,52,107,61,97,7,116" hai1="126,73,57,108,96,9,82,37,94,66,49,44,125" hai2="95,36,117,71,99,102,130,86,120,106,11,38,111" hai3="4,27,63,47,89,114,91,21,6,42,30,48,45"/><V84/><F71/><W16/><G114/><T54/><D115/><U75/><E37/><V119/><F120/><W32/><G63/><T76/><D43/><U22/><E108/><V55/><F36/><W20/><G32/><T50/><D128/><U93/><E9/><V51/><F38/><W131/><G131/><T3/><D31/><U80/><E22/><V135/><F130/><W67/><G67/><T17/><D17/><U2/><E2/><V77/><F111/><W24/><G47/><T92/><D116/><U58/><E44/><V12/><F135/><W133/><G133/><T74/><D74/><U68/><E49/><V39/><F39/><W129/><G129/><T70/><D107/><U53/><E96/><V83/><F84/><W123/><G123/><T18/><D18/><U88/><E53/><V40/><F106/><W118/><G118/><T104/><D104/><U5/><E5/><AGARI ba="1,0" hai="4,5,6,16,20,21,24,27,30,42,45,48,89,91" machi="5" ten="40,2600,0" yaku="8,1,54,1" doraHai="112" who="3" fromWho="1" sc="224,0,146,-29,405,0,225,29" /><INIT seed="7,0,0,1,1,90" ten="224,117,405,254" oya="3" hai0="108,127,44,106,75,4,109,120,81,98,80,128,32" hai1="119,5,37,66,126,61,36,71,114,9,104,102,63" hai2="131,54,121,89,86,6,62,65,48,122,45,76,10" hai3="85,13,2,41,1,50,39,25,51,21,64,92,12"/><W82/><G39/><T42/><D32/><U35/><E114/><V67/><F76/><W69/><G69/><T125/><D120/><N who="2" m="46186" /><F62/><W15/><G64/><T77/><D4/><U58/><E126/><N who="0" m="48137" /><D44/><U93/><E119/><V27/><F27/><W28/><G2/><T99/><D42/><U72/><E104/><V124/><F131/><W116/><G1/><T3/><D3/><U38/><E72/><V105/><F105/><W26/><G116/><T17/><D17/><U40/><E35/><V117/><F117/><W30/><G41/><T134/><D134/><U133/><E133/><V0/><F124/><W55/><G55/><T83/><D128/><U70/><E40/><V20/><F20/><N who="3" m="15399" /><G92/><AGARI ba="0,0" hai="0,6,10,45,48,54,65,67,86,89,92" m="46186" machi="92" ten="30,2000,0" yaku="13,1,52,1" doraHai="90" who="2" fromWho="3" sc="224,0,117,0,405,20,254,-20" owari="224,-18.0,117,-38.0,425,53.0,234,3.0" /></mjloggm>