<mjloggm ver="2.3"><GO type="41" lobby="0"/><UN n0="%E3%82%AA%E3%83%9E%E3%83%BC%E3%82%B7%E3%83%A3%E3%83%AA%E3%83%95" n1="%E5%B0%8F%E5%80%89%E5%AD%9D%EF%BC%88%E4%BB%AE%EF%BC%89" n2="%E3%82%84%E3%81%BE%E6%82%A0%59%59%59%59" n3="%E2%93%9D%53%75%70%68%78" dan="14,14,13,18" rate="1947.66,1997.16,1822.16,2150.57" sx="M,M,M,M"/><TAIKYOKU oya="0"/><INIT seed="0,0,0,2,4,74" ten="250,250,250,250" oya="0" hai0="130,16,27,13,60,42,9,129,14,57,19,78,117" hai1="49,40,32,45,29,82,55,30,25,88,86,131,97" hai2="102,106,96,83,122,12,56,36,84,11,35,99,69" hai3="75,101,121,67,125,64,15,85,128,0,133,114,134"/><T66/><D117/><U21/><E131/><N who="0" m="50185" /><D42/><U8/><E97/><V92/><F69/><W79/><G114/><T123/><D27/><U126/><E126/><V90/><F35/><W5/><G0/><T17/><D123/><U115/><E115/><V108/><F108/><W81/><G125/><T107/><D107/><U20/><E8/><V80/><F36/><W31/><G31/><T105/><D105/><U98/><E29/><V109/><F109/><W41/><G41/><T33/><D33/><U87/><E98/><V28/><F28/><W2/><G2/><T103/><D103/><U118/><E118/><V95/><F56/><W4/><G101/><T68/><D78/><U113/><E113/><V61/><F61/><W44/><G121/><T37/><D37/><U72/><E72/><V3/><F3/><W112/><G75/><T59/><D14/><U48/><REACH who="1" step="1"/><E86/><REACH who="1" ten="250,240,250,250" step="2"/><V24/><F122/><W70/><G128/><T54/><D68/><U38/><E38/><V50/><F99/><W93/><G112/><T52/><D66/><U26/><E26/><V71/><F24/><W127/><G67/><T18/><D18/><U94/><E94/><V7/><F95/><W116/><G64/><T63/><AGARI ba="0,1" hai="9,13,16,17,19,52,54,57,59,60,63" m="50185" machi="63" ten="30,6000,0" yaku="19,1,54,2" doraHai="74" who="0" fromWho="0" sc="250,70,240,-20,250,-20,250,-20" /><INIT seed="0,1,0,4,2,93" ten="320,220,230,230" oya="0" hai0="132,120,62,128,54,115,60,122,92,64,71,51,123" hai1="76,83,14,80,112,56,32,4,81,85,55,2,43" hai2="121,67,117,53,7,68,28,127,42,41,86,100,104" hai3="29,13,45,27,65,0,25,114,108,63,26,59,1"/><T50/><D92/><U79/><E112/><V135/><F121/><W30/><G114/><T133/><D115/><U58/><E32/><V130/><F135/><N who="0" m="51786" /><D128/><U88/><E2/><V5/><F127/><W89/><G108/><T3/><D3/><U16/><E4/><V17/><F28/><W95/><G1/><T52/><D62/><N who="1" m="36127" /><E58/><V22/><F67/><W40/><G13/><T69/><D60/><U39/><E39/><V134/><F68/><N who="0" m="26186" /><D64/><U105/><E105/><V107/><F100/><W78/><G78/><N who="1" m="29738" /><E43/><V131/><F134/><W101/><G0/><T31/><D31/><U97/><E97/><V24/><F86/><W119/><G30/><T116/><D116/><U94/><E94/><V48/><F107/><W8/><G29/><T66/><D66/><U87/><E85/><V106/><F104/><W118/><G101/><T20/><D20/><AGARI ba="1,0" hai="14,16,20,80,81,83,87,88" m="29738,36127" machi="20" ten="30,3900,0" yaku="8,1,54,2" doraHai="93" who="1" fromWho="0" sc="320,-42,220,42,230,0,230,0" /><INIT seed="1,0,0,0,4,54" ten="278,262,230,230" oya="1" hai0="56,82,117,105,2,90,0,52,75,74,37,44,19" hai1="17,36,42,48,81,25,130,125,93,49,13,78,113" hai2="132,67,15,114,47,92,39,110,30,115,80,16,89" hai3="28,66,77,108,84,79,71,60,6,5,128,32,73"/><U103/><E125/><V10/><F110/><W21/><G32/><T23/><D105/><U8/><E113/><V72/><F67/><W27/><G108/><T55/><D117/><U33/><E130/><V63/><F30/><W51/><G73/><T64/><D74/><U94/><E36/><V120/><F120/><W100/><G128/><T38/><D75/><U135/><E135/><V97/><F63/><W121/><G121/><T98/><D64/><U134/><E134/><V43/><F132/><W111/><G100/><T65/><D65/><U59/><E103/><V14/><F15/><W40/><G111/><T109/><D82/><U126/><E126/><V22/><REACH who="2" step="1"/><F10/><REACH who="2" ten="278,262,220,230" step="2"/><W88/><G60/><T61/><D109/><U91/><E8/><V11/><F11/><W20/><G66/><T41/><D0/><U131/><E13/><V46/><F46/><W76/><G71/><T4/><D2/><U68/><E68/><V127/><F127/><W7/><G21/><T58/><D4/><U3/><E3/><V35/><F35/><W95/><G7/><T102/><D44/><AGARI ba="0,1" hai="5,6,20,27,28,40,44,51,76,77,79,84,88,95" machi="44" ten="40,2600,0" yaku="8,1,54,1" doraHai="54" who="3" fromWho="0" sc="278,-26,262,0,220,0,230,36" /><INIT seed="2,0,0,5,3,80" ten="252,262,220,266" oya="2" hai0="53,135,117,41,93,96,37,19,59,18,33,48,17" hai1="123,92,110,61,44,65,47,42,64,82,58,87,130" hai2="55,94,28,83,121,27,76,4,114,5,39,109,97" hai3="111,74,107,54,90,119,11,32,7,98,99,78,106"/><V62/><F39/><W75/><G32/><T105/><D33/><U73/><E123/><V8/><F121/><W56/><G11/><T26/><D105/><N who="3" m="39945" /><G56/><T36/><D135/><U40/><E110/><V120/><F114/><W46/><G54/><T84/><D117/><U23/><E92/><V104/><F104/><W66/><G46/><T63/><D26/><U3/><E73/><N who="3" m="27658" /><G66/><T6/><D6/><U124/><E130/><V103/><F109/><W115/><G7/><T69/><D36/><U38/><E124/><V20/><F8/><W24/><G24/><T129/><D129/><U95/><E3/><V13/><F13/><W116/><G111/><T113/><D113/><U86/><E23/><V131/><F131/><W49/><G49/><T108/><D108/><U126/><E126/><V1/><F1/><W85/><G78/><T34/><D34/><U134/><E65/><V91/><F120/><W81/><G115/><T21/><D21/><U71/><E71/><V127/><F76/><W72/><G72/><T88/><D69/><U112/><E112/><V60/><F127/><W31/><G31/><T89/><D37/><U57/><E58/><N who="2" m="34911" /><F62/><W102/><G102/><T35/><D35/><U16/><E61/><V125/><F125/><W68/><G68/><T118/><D118/><AGARI ba="0,0" hai="81,85,90,98,99,116,118,119" m="27658,39945" machi="118" ten="40,5200,0" yaku="34,2,52,1" doraHai="80" who="3" fromWho="0" sc="252,-52,262,0,220,0,266,52" /><INIT seed="3,0,0,3,3,118" ten="200,262,220,318" oya="3" hai0="80,9,85,0,116,28,10,11,79,70,2,96,132" hai1="131,17,4,24,12,1,18,20,106,84,29,114,134" hai2="37,59,120,113,8,41,33,111,124,121,127,89,51" hai3="93,32,129,69,110,109,45,13,66,87,61,105,6"/><W25/><G105/><T97/><D70/><U68/><E106/><V82/><F33/><W43/><G129/><T57/><D116/><U76/><E68/><V115/><F111/><N who="3" m="42507" /><G6/><T119/><D119/><U60/><E60/><V104/><F104/><W100/><G13/><T40/><D28/><U38/><E84/><N who="2" m="50327" /><F37/><N who="3" m="21743" /><G87/><T31/><D31/><U35/><E76/><V83/><F83/><W99/><G25/><T64/><D40/><U55/><E55/><N who="2" m="32255" /><F8/><W73/><G32/><T62/><D132/><U7/><E38/><V5/><F5/><N who="1" m="2121" /><E114/><N who="2" m="43531" /><F41/><W98/><G98/><N who="0" m="37995" /><D0/><U112/><E112/><V53/><F53/><W63/><G63/><N who="0" m="37999" /><D2/><U36/><E36/><V125/><AGARI ba="0,0" hai="120,121,124,125,127" m="43531,32255,50327" machi="125" ten="40,5200,0" yaku="18,1,52,2" doraHai="118" who="2" fromWho="2" sc="200,-13,262,-13,220,52,318,-26" /><INIT seed="4,0,0,4,1,80" ten="187,249,272,292" oya="0" hai0="131,58,84,28,65,8,16,46,100,130,23,67,111" hai1="88,115,120,48,118,26,11,14,97,85,45,64,93" hai2="25,129,121,31,38,87,68,44,123,126,39,113,40" hai3="95,124,112,32,66,7,35,36,63,21,128,57,0"/><T62/><D100/><N who="1" m="60463" /><E118/><V5/><F68/><W81/><G36/><T4/><D28/><U73/><E73/><V76/><F113/><W19/><G128/><N who="0" m="49195" /><D46/><U127/><E120/><V55/><F129/><W17/><G124/><T134/><D134/><U90/><E127/><V51/><F5/><W92/><G35/><T74/><D74/><U54/><E90/><V15/><F15/><W69/><G32/><T83/><D111/><U103/><E103/><V109/><F109/><W108/><G112/><T42/><D42/><U102/><E102/><V125/><F125/><W94/><G69/><T78/><D58/><U98/><E98/><V13/><F13/><W33/><G33/><T106/><D62/><U49/><E26/><V114/><F114/><W47/><G108/><T86/><D106/><U29/><E29/><V99/><F99/><W79/><G47/><T107/><D107/><U105/><E105/><V52/><F38/><W53/><G63/><T6/><D6/><N who="1" m="3447" /><E115/><V119/><F119/><W122/><G122/><T1/><D86/><U43/><E64/><V34/><F55/><W3/><G53/><T77/><D78/><U91/><E85/><V89/><F76/><W96/><G96/><T110/><D110/><U2/><E2/><V30/><F31/><W41/><G3/><T18/><D18/><U61/><E61/><V20/><F34/><W10/><G19/><T117/><D117/><U56/><AGARI ba="0,0" hai="43,45,48,49,54,56,88,91" m="3447,60463" machi="56" ten="30,2000,0" yaku="8,1,54,1" doraHai="80" who="1" fromWho="1" sc="187,-10,249,20,272,-5,292,-5" /><INIT seed="5,0,0,1,2,18" ten="177,269,267,287" oya="1" hai0="125,62,39,38,59,118,123,129,124,34,66,36,16" hai1="4,69,56,106,135,40,58,54,41,20,71,128,101" hai2="122,67,8,78,0,134,126,115,6,86,114,43,132" hai3="111,70,42,27,50,102,30,47,25,91,52,107,127"/><U112/><E112/><N who="2" m="43051" /><F122/><W2/><G111/><T5/><D34/><U98/><E135/><N who="2" m="51755" /><F126/><N who="0" m="48746" /><D5/><U104/><E104/><V63/><F43/><W57/><G70/><T131/><D118/><U45/><E128/><N who="0" m="49225" /><D16/><U119/><E119/><V96/><F96/><W26/><G2/><T120/><AGARI ba="0,0" hai="36,38,39,59,62,66,120,123" m="49225,48746" machi="120" ten="50,8000,1" yaku="18,1,19,1,34,2" doraHai="18" who="0" fromWho="0" sc="177,80,269,-40,267,-20,287,-20" /><INIT seed="6,0,0,5,2,65" ten="257,229,247,267" oya="2" hai0="77,34,37,130,13,101,131,83,98,28,70,93,115" hai1="14,53,87,122,110,75,22,18,30,74,135,35,127" hai2="24,111,21,25,62,20,108,99,73,15,61,68,4" hai3="109,85,102,79,119,86,125,31,113,41,45,43,46"/><V134/><F73/><W106/><G109/><T32/><D13/><U12/><E110/><N who="2" m="42027" /><F134/><W27/><G119/><T94/><D37/><U100/><E135/><V36/><F36/><W29/><G106/><T114/><D28/><U72/><E127/><V47/><F47/><W9/><G102/><T56/><D56/><U52/><E122/><V44/><F44/><W90/><G113/><N who="0" m="43019" /><D94/><U3/><E3/><V132/><F132/><W6/><G31/><T97/><D97/><U81/><E100/><V66/><F61/><W95/><G125/><T105/><D93/><U7/><E7/><V120/><F120/><W0/><G43/><T33/><D70/><U117/><E117/><V48/><F48/><W59/><G41/><T104/><D105/><U118/><E118/><V2/><F99/><W128/><G46/><T107/><D104/><U39/><E39/><V123/><F123/><W11/><G45/><T91/><D91/><U19/><E30/><V38/><F38/><W78/><G90/><T5/><D5/><U42/><E35/><V64/><F64/><W54/><G6/><T8/><D8/><U129/><E42/><V50/><F50/><W51/><G51/><T88/><D88/><N who="1" m="51311" /><E129/><N who="0" m="49161" /><D32/><U23/><E72/><AGARI ba="0,0" hai="33,34,72,77,83,98,101,107" m="49161,43019" machi="72" ten="30,3900,0" yaku="15,1,19,1,23,1" doraHai="65" who="0" fromWho="1" sc="257,39,229,-39,247,0,267,0" /><INIT seed="7,0,0,5,2,51" ten="296,190,247,267" oya="3" hai0="27,76,22,65,21,30,28,85,55,110,87,105,24" hai1="79,71,90,89,98,66,82,32,126,47,73,120,43" hai2="123,44,5,46,108,124,7,74,102,18,116,97,33" hai3="70,135,14,56,52,39,26,121,91,54,38,84,60"/><W81/><G121/><T35/><D105/><U78/><E120/><V64/><F116/><W113/><G113/><T13/><D35/><U133/><E126/><V100/><F108/><W61/><G135/><T48/><D65/><U2/><E2/><V16/><F123/><W29/><G14/><T6/><D76/><U4/><E4/><V88/><F64/><W58/><G70/><T125/><D110/><U67/><E32/><AGARI ba="0,0" hai="26,29,32,38,39,52,54,56,58,60,61,81,84,91" machi="32" ten="30,12000,1" yaku="7,1,9,1,52,2,54,1" doraHai="51" who="3" fromWho="1" sc="296,0,190,-120,247,0,267,120" owari="296,10.0,70,-43.0,247,-15.0,387,48.0" /></mjloggm>