<mjloggm ver="2.3"><GO type="41" lobby="0"/><UN n0="%E3%81%82%E3%81%A3%E3%81%8D%E3%83%BC%E2%99%AA" n1="%E7%8B%AD%E5%B1%B1%E8%8C%B6" n2="%E2%93%9D%53%75%70%68%78" n3="%E6%89%93%E9%9B%80%E6%96%B0%E6%89%8B" dan="15,14,17,14" rate="2010.80,1927.95,2016.11,1941.55" sx="M,M,M,M"/><TAIKYOKU oya="0"/><INIT seed="0,0,0,2,4,22" ten="250,250,250,250" oya="0" hai0="106,105,65,6,45,35,128,110,23,71,18,48,75" hai1="76,77,11,81,31,34,15,80,91,39,111,1,120" hai2="124,36,60,99,86,78,17,68,16,49,38,103,83" hai3="4,44,67,41,98,94,20,55,123,95,24,114,14"/><T132/><D75/><U82/><E120/><V32/><F124/><W70/><G123/><T100/><D35/><U116/><E116/><V53/><F32/><W8/><G114/><T74/><D74/><U33/><E1/><V26/><F68/><W108/><G108/><T21/><D6/><U47/><E111/><V58/><F49/><W63/><G55/><T93/><D110/><U92/><E39/><V37/><REACH who="2" step="1"/><F26/><REACH who="2" ten="250,250,240,250" step="2"/><W115/><G115/><T73/><D71/><U125/><E34/><V126/><F126/><W133/><G133/><T40/><D48/><U19/><E125/><V3/><F3/><W107/><G107/><AGARI ba="0,1" hai="16,17,36,37,38,53,58,60,78,83,86,99,103,107" machi="107" ten="40,2600,0" yaku="1,1,54,1,53,0" doraHai="22" doraHaiUra="87" who="2" fromWho="3" sc="250,0,250,0,240,36,250,-26" /><INIT seed="1,0,0,3,2,66" ten="250,250,276,224" oya="1" hai0="9,74,51,58,101,95,44,121,59,24,91,79,127" hai1="83,85,80,77,28,4,71,76,69,120,36,34,29" hai2="19,70,108,124,98,67,82,130,86,42,128,105,54" hai3="73,113,38,41,90,47,10,49,55,103,88,107,94"/><U35/><E36/><V89/><F42/><W92/><G113/><T15/><D127/><U119/><E4/><V118/><F54/><W129/><G129/><N who="2" m="49769" /><F19/><W72/><G10/><T23/><D101/><U53/><E53/><V37/><F37/><W56/><G107/><T18/><D79/><U57/><E57/><V60/><F108/><W12/><G103/><T39/><D74/><U84/><REACH who="1" step="1"/><E119/><REACH who="1" ten="250,240,276,224" step="2"/><V16/><F118/><W87/><REACH who="3" step="1"/><G12/><REACH who="3" ten="250,240,276,214" step="2"/><T45/><D15/><U62/><E62/><V111/><F60/><W133/><G133/><T63/><D63/><U96/><E96/><AGARI ba="0,2" hai="38,41,47,49,55,56,72,73,87,88,90,92,94,96" machi="96" ten="30,3900,0" yaku="1,1,7,1,54,1,53,0" doraHai="66" doraHaiUra="3" who="3" fromWho="1" sc="250,0,240,-39,276,0,214,59" /><INIT seed="2,0,0,1,3,103" ten="250,201,276,273" oya="2" hai0="104,87,48,101,117,110,76,97,98,99,108,123,3" hai1="113,37,52,131,95,6,62,2,86,39,127,50,30" hai2="111,33,78,36,63,105,71,68,129,23,114,132,18" hai3="80,11,89,83,20,44,67,0,24,1,124,92,94"/><V70/><F114/><W85/><G124/><T79/><D3/><U13/><E113/><V100/><F36/><W47/><G67/><T125/><D123/><U82/><E127/><V106/><F33/><W74/><G1/><T135/><D125/><U8/><E131/><V102/><F78/><N who="0" m="29738" /><D48/><U9/><E30/><V25/><F132/><W10/><G0/><T96/><D135/><U12/><E2/><V121/><F121/><W45/><G74/><T28/><D28/><U5/><E95/><V75/><F75/><W66/><G66/><T26/><D26/><U27/><E62/><V46/><F46/><W41/><G41/><T122/><D122/><U32/><E27/><V116/><F116/><W119/><G119/><T4/><D4/><U90/><REACH who="1" step="1"/><E32/><REACH who="1" ten="250,191,276,273" step="2"/><V55/><F129/><W17/><G94/><T42/><D117/><U22/><E22/><V34/><F34/><W107/><G107/><T115/><D115/><U112/><E112/><V16/><F106/><W88/><G92/><T57/><D104/><U77/><E77/><V133/><F133/><W7/><G7/><T19/><D101/><U61/><E61/><V29/><F102/><W69/><G69/><T40/><D108/><U65/><E65/><V49/><F63/><W21/><G20/><T130/><D110/><U126/><E126/><V109/><F109/><W15/><G24/><T118/><D130/><U35/><E35/><V128/><F111/><W58/><G58/><AGARI ba="0,1" hai="5,6,8,9,12,13,37,39,50,52,58,82,86,90" machi="58" ten="30,8000,1" yaku="1,1,7,1,9,1,54,1,53,1" doraHai="103" doraHaiUra="84" who="1" fromWho="3" sc="250,0,191,90,276,0,273,-80" /><INIT seed="3,0,0,4,3,132" ten="250,281,276,193" oya="3" hai0="82,25,135,131,92,56,0,93,17,44,80,40,55" hai1="102,94,120,96,105,63,71,73,48,85,50,62,45" hai2="26,115,99,27,15,46,107,108,98,72,133,9,18" hai3="121,54,28,125,24,89,122,30,109,43,39,14,12"/><W16/><G89/><T53/><D0/><U111/><E120/><N who="3" m="46186" /><G43/><T119/><D119/><U90/><E111/><V33/><F72/><W127/><G39/><T88/><D93/><U67/><E45/><V11/><F133/><W75/><G54/><T41/><D135/><U81/><REACH who="1" step="1"/><E63/><REACH who="1" ten="250,271,276,193" step="2"/><V42/><F46/><W128/><G109/><T13/><D44/><U123/><E123/><V104/><F108/><W87/><G128/><T106/><D131/><U52/><E52/><V100/><F42/><W95/><G75/><T79/><D53/><U31/><E31/><N who="3" m="11818" /><G95/><T116/><D41/><U78/><AGARI ba="0,1" hai="48,50,62,67,71,73,78,81,85,90,94,96,102,105" machi="78" ten="30,7900,0" yaku="1,1,0,1,24,2,53,0" doraHai="132" doraHaiUra="118" who="1" fromWho="1" sc="250,-20,271,89,276,-20,193,-39" /><INIT seed="4,0,0,1,4,52" ten="230,360,256,154" oya="0" hai0="34,58,27,103,35,94,5,12,118,61,54,75,93" hai1="130,37,70,32,7,109,24,105,15,25,104,113,96" hai2="128,98,31,77,38,20,67,79,108,40,115,47,48" hai3="23,29,17,36,53,33,62,97,69,43,21,42,59"/><T80/><D118/><U13/><E37/><V76/><F108/><W65/><G97/><T46/><D46/><U41/><E41/><V107/><F128/><W19/><G33/><T74/><D34/><U89/><E32/><V3/><F3/><W14/><G29/><T125/><D125/><U112/><E70/><V84/><F115/><N who="1" m="44105" /><E109/><V8/><F8/><W131/><G131/><T117/><D117/><U0/><E0/><V102/><F67/><W26/><REACH who="3" step="1"/><G36/><REACH who="3" ten="230,360,256,144" step="2"/><T101/><D35/><U60/><E96/><V123/><F38/><W18/><G18/><T134/><D103/><U92/><E130/><V135/><F98/><W63/><AGARI ba="0,1" hai="14,17,19,21,23,26,42,43,53,59,62,63,65,69" machi="63" ten="20,5200,0" yaku="1,1,0,1,7,1,52,1,53,0" doraHai="52" doraHaiUra="72" who="3" fromWho="3" sc="230,-26,360,-13,256,-13,144,62" /><INIT seed="5,0,0,1,1,30" ten="204,347,243,206" oya="1" hai0="48,121,58,81,57,85,51,118,28,3,94,33,10" hai1="123,122,22,108,40,101,67,98,19,80,25,38,4" hai2="128,23,17,52,27,34,18,72,103,69,55,50,5" hai3="130,135,115,20,75,90,68,42,88,63,97,93,116"/><U2/><E108/><V37/><F37/><W62/><G116/><T44/><D118/><U119/><E119/><V133/><F72/><W89/><G115/><T39/><D39/><U41/><E67/><V126/><F69/><W113/><G113/><T79/><D121/><U31/><E2/><V66/><F5/><W36/><G75/><T54/><D94/><U96/><E4/><V107/><F133/><W105/><G135/><T84/><D3/><U87/><E96/><V71/><F128/><W35/><G130/><T117/><D10/><U134/><E134/><V16/><F55/><W83/><G35/><T125/><D125/><U7/><E7/><V13/><F126/><W92/><G20/><T132/><D117/><U1/><E1/><V56/><F103/><W11/><G11/><T9/><D9/><U32/><E38/><V29/><REACH who="2" step="1"/><F107/><REACH who="2" ten="204,347,233,206" step="2"/><W95/><G68/><T82/><D132/><U24/><E123/><V8/><F8/><W60/><G36/><T78/><REACH who="0" step="1"/><D51/><REACH who="0" ten="194,347,233,206" step="2"/><U43/><E122/><V70/><F70/><W74/><G105/><T91/><D91/><U73/><E101/><V127/><F127/><W65/><G90/><T110/><D110/><U64/><E73/><V49/><F49/><W6/><G74/><T109/><D109/><U106/><E106/><V21/><F21/><W12/><G89/><T100/><D100/><U45/><E22/><V0/><F0/><W120/><G120/><T15/><D15/><U14/><E14/><V111/><F111/><W61/><N who="3" m="15360" /><DORA hai="104" /><W86/><G12/><T53/><D53/><U26/><E64/><RYUUKYOKU ba="0,2" sc="194,15,347,-15,233,15,206,-15" hai0="28,33,44,48,54,57,58,78,79,81,82,84,85" hai2="13,16,17,18,23,27,29,34,50,52,56,66,71" /><INIT seed="6,1,2,3,5,82" ten="209,332,248,191" oya="2" hai0="2,86,84,92,93,79,123,91,112,44,51,73,130" hai1="4,80,103,106,8,67,107,14,72,18,12,53,110" hai2="117,43,98,26,35,75,11,83,115,105,129,21,30" hai3="36,134,50,108,10,76,17,42,114,121,1,33,15"/><V100/><F117/><W9/><G121/><T120/><D2/><U41/><E110/><V32/><F115/><W29/><G108/><T37/><D37/><U54/><E67/><V126/><F129/><W46/><G114/><T62/><D112/><U55/><E41/><V78/><F126/><W22/><G134/><T119/><D130/><U74/><E103/><V124/><F124/><W7/><G76/><T128/><D128/><U64/><E64/><V122/><F122/><W13/><G36/><T96/><D119/><U56/><E56/><V58/><F43/><W97/><G97/><T99/><D62/><U25/><E25/><V88/><F11/><W109/><G109/><T104/><D104/><U71/><E71/><V95/><F58/><W31/><REACH who="3" step="1"/><G33/><REACH who="3" ten="209,332,248,181" step="2"/><T40/><D73/><U118/><E74/><V89/><F89/><W48/><G48/><T87/><REACH who="0" step="1"/><D79/><REACH who="0" ten="199,332,248,181" step="2"/><U101/><E72/><V6/><F6/><AGARI ba="1,4" hai="1,6,7,9,10,13,15,17,22,29,31,42,46,50" machi="6" ten="30,7700,0" yaku="1,1,7,1,53,2" doraHai="82" doraHaiUra="27" who="3" fromWho="2" sc="199,0,332,0,248,-80,181,120" /><INIT seed="7,0,0,1,1,26" ten="199,332,168,301" oya="3" hai0="48,130,82,100,128,105,63,19,11,121,57,77,34" hai1="22,8,74,84,32,102,94,65,43,42,17,24,29" hai2="91,116,55,45,35,10,78,37,75,67,3,76,18" hai3="69,97,119,31,41,101,6,88,133,92,20,28,93"/><W14/><G69/><T104/><D121/><U103/><E74/><V64/><F116/><W50/><G119/><T109/><D34/><U61/><E8/><V52/><F35/><W108/><G108/><T12/><D109/><U80/><E103/><V44/><F75/><W49/><G133/><T127/><D48/><N who="3" m="18537" /><G41/><T16/><D19/><U89/><E102/><V15/><F3/><W70/><G70/><T39/><D39/><U118/><E80/><V129/><F129/><N who="0" m="49770" /><D100/><U135/><E135/><V25/><F25/><W27/><G6/><T99/><D99/><U110/><E118/><V111/><F111/><W120/><G120/><T113/><D113/><U0/><E0/><V83/><F37/><W40/><G40/><T33/><D33/><U124/><E124/><V106/><F106/><W23/><G14/><T112/><D127/><U107/><E107/><V71/><F71/><W115/><G115/><T131/><D112/><U96/><E96/><V9/><F15/><W62/><G62/><T30/><D131/><U60/><E110/><V72/><F72/><W7/><G7/><T87/><D105/><U85/><E61/><V126/><F126/><W46/><G46/><T73/><D104/><U125/><E125/><V81/><F18/><W68/><G68/><T51/><D73/><U86/><E43/><V114/><F114/><W5/><G5/><T56/><D63/><U117/><E42/><V2/><F2/><W66/><G97/><T36/><D36/><U123/><E117/><V13/><F13/><W122/><G122/><T132/><D132/><U21/><E123/><RYUUKYOKU ba="0,0" sc="199,-10,332,-10,168,30,301,-10" hai2="9,10,44,45,52,55,64,67,76,78,81,83,91" owari="189,-31.0,322,42.0,198,-20.0,291,9.0" /></mjloggm>