<mjloggm ver="2.3"><GO type="41" lobby="0"/><UN n0="%E3%81%84%E3%81%AE%E3%81%A1%E3%81%AE%E9%A3%9F%E3%81%B9%E6%96%B9" n1="%E9%AB%AD%E9%AF%A8" n2="%E2%93%9D%53%75%70%68%78" n3="%E5%A4%A9%E6%89%8D%E9%BA%BB%E5%B0%86%E6%9D%8F%E6%9D%8F" dan="13,15,18,15" rate="1936.49,1972.13,2099.76,2072.39" sx="M,M,M,F"/><TAIKYOKU oya="0"/><INIT seed="0,0,0,0,2,91" ten="250,250,250,250" oya="0" hai0="85,127,51,29,62,32,15,86,70,25,30,71,9" hai1="92,22,104,60,20,96,76,0,56,49,121,88,19" hai2="111,50,74,83,110,113,16,119,63,133,78,59,31" hai3="93,23,117,66,10,65,102,99,107,57,98,33,89"/><T52/><D127/><U46/><E121/><V100/><F113/><W72/><G117/><T108/><D30/><U2/><E104/><V97/><F31/><W39/><G33/><T103/><D103/><U123/><E123/><V131/><F50/><W118/><G39/><T112/><D112/><U36/><E36/><V80/><F131/><W132/><G72/><T135/><D135/><U124/><E124/><V79/><F16/><W24/><G118/><T42/><D42/><U41/><E76/><V81/><F59/><W8/><G132/><T21/><D32/><U58/><E22/><V37/><F63/><W54/><G65/><T28/><D28/><U14/><REACH who="1" step="1"/><E58/><REACH who="1" ten="250,240,250,250" step="2"/><V12/><F37/><W35/><G35/><T69/><D108/><U61/><E61/><V120/><F120/><W13/><G66/><AGARI ba="0,1" hai="0,2,14,19,20,41,46,49,56,60,66,88,92,96" machi="66" ten="30,7700,0" yaku="1,1,7,1,52,1,54,1,53,0" doraHai="91" doraHaiUra="106" who="1" fromWho="3" sc="250,0,240,87,250,0,250,-77" /><INIT seed="1,0,0,4,5,56" ten="250,327,250,173" oya="1" hai0="129,49,117,124,133,16,41,78,23,76,52,51,31" hai1="75,45,82,101,111,30,24,69,42,9,67,113,79" hai2="3,87,27,83,18,63,20,127,86,34,55,21,53" hai3="4,77,58,8,89,22,72,39,14,116,44,15,28"/><U6/><E113/><V38/><F34/><W94/><G116/><T7/><D117/><U88/><E101/><V32/><F32/><W96/><G72/><T43/><D129/><U29/><E111/><V93/><F3/><W132/><G132/><T25/><D133/><U107/><E29/><V66/><F38/><W112/><G77/><T122/><D124/><U119/><E119/><V105/><F105/><W64/><G112/><T134/><D134/><U2/><E88/><N who="2" m="53399" /><F127/><W98/><G39/><T57/><D7/><U103/><E30/><V65/><F21/><W50/><G98/><T108/><D122/><U109/><E24/><V40/><F40/><W26/><G15/><T90/><D49/><U36/><E109/><V10/><F10/><W74/><G74/><T35/><D108/><U37/><E37/><V118/><F118/><W71/><G71/><T85/><D41/><U120/><E120/><V70/><F70/><W62/><REACH who="3" step="1"/><G50/><REACH who="3" ten="250,327,250,163" step="2"/><T1/><D1/><U73/><E73/><V12/><F12/><W100/><G100/><T61/><D51/><U126/><E126/><V130/><F130/><W33/><G33/><T60/><D76/><U97/><E69/><V81/><F87/><W19/><G19/><T135/><D78/><U13/><E13/><V59/><F18/><W102/><G102/><T110/><D110/><U95/><E107/><V123/><F123/><W121/><G121/><T131/><D131/><U47/><E47/><AGARI ba="0,1" hai="4,8,14,22,26,28,44,47,58,62,64,89,94,96" machi="47" ten="40,5200,0" yaku="1,1,8,1,52,1,53,0" doraHai="56" doraHaiUra="80" who="3" fromWho="1" sc="250,0,327,-52,250,0,163,62" /><INIT seed="2,0,0,1,1,122" ten="250,275,250,225" oya="2" hai0="3,107,128,106,9,28,61,40,93,12,70,114,53" hai1="126,65,104,99,102,89,54,74,87,47,96,121,84" hai2="86,8,22,78,23,119,75,71,76,24,125,44,49" hai3="98,120,60,20,131,100,133,83,88,18,10,130,48"/><V62/><F119/><W32/><G32/><T38/><D128/><N who="3" m="49193" /><G120/><T27/><D114/><U79/><E121/><V55/><F75/><W118/><G133/><T42/><D3/><U25/><E65/><V95/><F125/><W91/><G118/><T13/><D13/><U110/><E25/><V134/><F23/><W15/><G60/><T101/><D106/><U19/><E19/><V34/><F34/><W11/><G48/><T127/><D127/><U0/><E47/><V14/><F71/><W17/><G83/><T46/><D42/><U36/><E54/><V135/><F62/><W4/><G18/><T82/><D82/><N who="1" m="45431" /><E36/><V94/><F135/><W69/><G69/><T33/><D107/><U92/><E0/><V109/><F134/><W111/><G111/><T112/><D70/><U66/><E66/><V124/><F109/><W43/><G43/><T108/><D108/><U58/><E58/><V123/><F124/><W80/><G80/><T72/><D61/><U57/><E57/><V2/><F2/><N who="3" m="279" /><G20/><T85/><D53/><U5/><E126/><V77/><F123/><W26/><G26/><T68/><D68/><U132/><E110/><V105/><F24/><W31/><G31/><T103/><D27/><U113/><E132/><V41/><F55/><W115/><G115/><T129/><D112/><U59/><E113/><V35/><F35/><W90/><G100/><T50/><D28/><U29/><E29/><V52/><F41/><W39/><G39/><T7/><D38/><U1/><E59/><V45/><F52/><W81/><G81/><T16/><D33/><RYUUKYOKU ba="0,0" sc="250,-15,275,15,250,-15,225,15" hai1="1,5,84,87,89,92,96,99,102,104" hai3="11,15,17,88,90,91,98" /><INIT seed="3,1,0,3,5,123" ten="235,290,235,240" oya="3" hai0="26,130,56,7,48,106,6,85,2,68,62,97,43" hai1="20,45,49,3,133,79,66,9,105,64,134,72,80" hai2="127,103,120,34,29,39,31,37,13,104,28,110,111" hai3="113,112,57,70,94,5,40,0,30,88,55,118,24"/><W117/><G70/><T35/><D130/><U54/><E105/><V107/><F34/><W86/><G113/><T21/><D35/><U81/><E81/><V96/><F120/><W99/><G112/><T121/><D2/><U23/><E9/><V60/><F127/><W61/><G40/><T33/><D33/><U93/><E93/><V17/><F60/><W14/><G0/><T27/><D68/><U73/><E3/><V132/><F132/><N who="1" m="50793" /><E72/><V10/><REACH who="2" step="1"/><F107/><REACH who="2" ten="235,290,225,240" step="2"/><W135/><G135/><T95/><D106/><U25/><E23/><V90/><F90/><W44/><G118/><T16/><D121/><U8/><E8/><V124/><F124/><W4/><G117/><T59/><D62/><U11/><E11/><V129/><F129/><W122/><G122/><T71/><D21/><U65/><E20/><V128/><F128/><W1/><G88/><T84/><D6/><U38/><E25/><V101/><F101/><W51/><G4/><T98/><D7/><U58/><E38/><AGARI ba="1,1" hai="10,13,17,28,29,31,37,38,39,96,103,104,110,111" machi="38" ten="40,5200,0" yaku="1,1,52,2,53,0" doraHai="123" doraHaiUra="32" who="2" fromWho="1" sc="235,0,290,-55,225,65,240,0" /><INIT seed="4,0,0,5,2,123" ten="235,235,290,240" oya="0" hai0="118,13,79,25,73,93,77,122,40,126,43,82,96" hai1="17,35,80,116,61,99,71,97,65,5,105,90,2" hai2="9,39,111,81,62,85,91,128,127,44,94,1,37" hai3="84,74,76,119,50,101,75,8,3,100,24,36,117"/><T59/><D122/><U60/><E116/><V86/><F111/><W21/><G36/><T121/><D121/><U66/><E17/><V20/><F128/><W109/><G84/><T6/><D118/><U104/><E35/><V87/><F127/><W12/><G3/><T102/><D126/><U47/><E47/><V134/><F134/><W46/><G109/><T125/><D79/><U95/><E80/><V129/><F129/><W28/><G117/><T64/><D125/><U27/><E27/><V83/><F62/><W133/><G133/><T113/><D113/><U89/><E5/><V131/><F131/><W135/><G135/><T69/><D69/><U108/><E2/><V55/><F39/><W0/><G0/><T110/><D110/><U15/><E15/><V31/><F37/><W52/><G119/><T33/><D59/><U58/><E108/><V124/><F9/><W56/><G56/><T23/><D64/><U42/><E42/><V30/><F1/><W120/><G120/><T16/><REACH who="0" step="1"/><D33/><REACH who="0" ten="225,235,290,240" step="2"/><U107/><E58/><V67/><F67/><W103/><REACH who="3" step="1"/><G76/><REACH who="3" ten="225,235,290,230" step="2"/><T68/><D68/><U29/><E71/><V106/><F124/><W72/><G72/><T92/><D92/><U22/><E66/><V130/><F94/><W88/><G88/><T48/><D48/><U18/><E65/><V34/><F130/><W112/><G112/><T98/><D98/><U7/><E99/><V38/><F38/><W45/><G45/><T32/><D32/><U78/><E90/><V41/><F34/><W14/><G14/><T115/><D115/><U54/><E97/><RYUUKYOKU ba="0,2" sc="225,15,235,-15,290,-15,230,15" hai0="6,13,16,23,25,40,43,73,77,82,93,96,102" hai3="8,12,21,24,28,46,50,52,74,75,100,101,103" /><INIT seed="4,1,2,3,4,130" ten="240,220,275,245" oya="0" hai0="58,39,37,18,118,74,9,129,56,68,61,82,48" hai1="13,91,33,109,55,121,89,101,10,41,106,83,112" hai2="93,76,80,24,43,0,35,117,105,22,123,6,31" hai3="12,2,67,71,62,110,87,70,100,36,81,75,47"/><T11/><D118/><U19/><E109/><V126/><F105/><W127/><G2/><T107/><D107/><U95/><E121/><V98/><F126/><W49/><G36/><T53/><D129/><U90/><E33/><V14/><F43/><W3/><G3/><T128/><D128/><U40/><E112/><V134/><F123/><W38/><G38/><T104/><D68/><U23/><E83/><V115/><F115/><W133/><G110/><T8/><D104/><U108/><E108/><V46/><F46/><W122/><G75/><T34/><D34/><U92/><E55/><V85/><F117/><W64/><G127/><T1/><D18/><U94/><E106/><V27/><F0/><W65/><G100/><T96/><D96/><U84/><E101/><V25/><F134/><W132/><G122/><T20/><D20/><U51/><E84/><V116/><F35/><W57/><G12/><T120/><D1/><U7/><REACH who="1" step="1"/><E51/><REACH who="1" ten="240,210,275,245" step="2"/><V63/><F116/><W103/><G103/><T26/><D120/><U17/><E17/><V60/><F31/><W52/><G87/><T54/><REACH who="0" step="1"/><D26/><AGARI ba="1,3" hai="7,10,13,19,23,26,40,41,89,90,91,92,94,95" machi="26" ten="40,2600,0" yaku="1,1,8,1,53,0" doraHai="130" doraHaiUra="78" who="1" fromWho="0" sc="240,-29,210,59,275,0,245,0" /><INIT seed="5,0,0,3,5,84" ten="211,269,275,245" oya="1" hai0="58,19,45,123,79,35,37,95,0,116,56,26,2" hai1="117,4,127,38,90,60,12,17,125,129,24,66,64" hai2="83,115,118,28,32,41,113,80,91,87,1,68,31" hai3="40,134,16,77,23,114,43,42,100,111,74,57,88"/><U44/><E117/><V65/><F118/><W51/><G111/><T119/><D123/><U135/><E135/><V106/><F106/><W10/><G74/><T3/><D79/><U98/><E129/><V97/><F1/><W92/><G114/><N who="2" m="43529" /><F41/><W126/><G126/><N who="1" m="48138" /><E24/><N who="2" m="18439" /><F97/><N who="3" m="59431" /><G77/><T128/><D128/><U36/><E4/><V47/><F47/><W53/><G10/><T94/><D116/><U133/><E133/><V21/><F65/><W102/><G102/><T75/><D75/><U48/><E66/><V76/><F68/><W46/><G134/><T25/><D119/><U5/><E5/><V34/><F34/><W121/><G121/><T49/><D37/><U33/><E33/><V99/><F99/><W52/><G53/><T78/><D35/><U107/><E107/><V39/><F39/><W89/><G46/><T104/><D104/><U105/><E105/><V59/><F59/><W72/><G72/><T8/><D56/><U110/><E38/><V103/><F103/><W30/><G30/><T27/><D58/><U11/><E36/><V67/><F67/><W14/><AGARI ba="0,0" hai="14,16,23,40,42,43,51,52,57,88,89" m="59431" machi="14" ten="30,12000,2" yaku="8,1,52,2,54,3" doraHai="84" who="3" fromWho="3" sc="211,-30,269,-60,275,-30,245,120" /><INIT seed="6,0,0,5,1,6" ten="181,209,245,365" oya="2" hai0="40,16,119,4,133,113,69,82,129,73,135,123,90" hai1="27,106,29,108,86,68,45,15,78,18,2,36,39" hai2="100,130,117,37,80,24,52,122,93,94,92,85,105" hai3="32,89,88,53,70,25,13,34,19,56,84,101,11"/><V60/><F37/><W31/><G70/><T96/><D123/><U115/><E108/><V111/><F122/><W98/><G84/><T131/><D69/><U5/><E68/><V12/><F117/><W28/><G28/><T103/><D40/><U51/><E106/><V83/><F24/><W109/><G32/><T26/><D4/><U47/><E115/><V20/><F130/><N who="0" m="49674" /><D119/><U77/><E47/><V71/><F105/><W55/><G55/><T8/><D113/><U104/><E104/><V112/><F100/><W65/><G65/><T7/><D90/><U87/><E39/><V114/><F111/><W49/><G109/><T30/><D82/><U38/><E38/><V132/><F83/><W128/><G128/><T10/><D73/><U50/><E36/><V59/><F132/><N who="0" m="50762" /><D16/><U21/><E78/><V91/><F71/><W110/><G110/><T46/><D46/><U42/><E77/><V95/><F80/><W120/><G120/><T67/><D7/><U76/><E76/><V66/><F114/><W43/><G43/><T72/><D67/><U116/><E116/><V22/><F112/><W121/><G121/><T57/><D57/><U54/><E5/><V125/><F66/><W124/><G89/><T62/><D62/><U35/><E2/><V23/><F60/><W9/><G88/><T97/><D72/><U0/><E0/><V134/><F134/><W41/><G41/><T64/><D64/><U75/><E75/><V74/><F74/><W14/><G56/><T58/><D58/><U118/><E118/><V61/><F59/><W102/><G19/><RYUUKYOKU ba="0,0" sc="181,-10,209,30,245,-10,365,-10" hai1="15,18,21,27,29,35,42,45,50,51,54,86,87" /><INIT seed="7,1,0,3,4,107" ten="171,239,235,355" oya="3" hai0="24,18,120,57,131,132,118,99,15,41,95,25,6" hai1="14,53,75,32,34,101,44,58,121,35,69,8,111" hai2="63,49,26,48,23,62,42,81,105,66,122,52,64" hai3="56,134,67,33,92,1,126,20,19,74,68,0,5"/><W104/><G104/><T47/><D131/><U109/><E69/><V16/><F105/><W60/><G74/><T2/><D132/><U98/><E121/><V123/><F81/><W30/><G5/><T43/><D118/><U31/><E31/><V114/><F114/><W113/><G126/><T7/><D120/><N who="2" m="46122" /><F42/><W89/><G113/><T103/><D43/><U9/><E44/><N who="2" m="27655" /><F49/><W39/><G39/><T90/><D57/><U21/><E109/><V100/><F100/><W65/><G33/><T59/><D59/><U3/><E111/><V94/><F94/><W124/><G30/><T61/><D61/><AGARI ba="1,0" hai="16,23,26,61,62,63,64,66" m="27655,46122" machi="61" ten="30,3900,0" yaku="13,1,54,2" doraHai="107" who="2" fromWho="0" sc="171,-42,239,0,235,42,355,0" owari="129,-37.0,239,-16.0,277,8.0,355,45.0" /></mjloggm>