<mjloggm ver="2.3"><GO type="41" lobby="0"/><UN n0="%E2%93%9D%53%75%70%68%78" n1="%4C%6E%69%6B%69" n2="%E4%BA%8C%E6%9E%9A%E9%8A%80" n3="%E3%81%88%E3%81%84%E3%81%B2%E3%82%8C" dan="17,14,13,14" rate="2032.09,1994.13,1911.83,1993.11" sx="M,M,M,M"/><TAIKYOKU oya="0"/><INIT seed="0,0,0,2,5,119" ten="250,250,250,250" oya="0" hai0="39,30,104,25,59,38,54,1,81,135,121,93,79" hai1="96,99,27,117,77,26,75,97,101,42,49,40,7" hai2="86,37,128,52,21,61,115,31,17,6,68,23,28" hai3="105,126,76,0,92,95,13,44,110,73,5,132,85"/><T63/><D104/><U65/><E117/><V15/><F115/><W114/><G114/><T56/><D1/><U41/><E101/><V36/><F128/><W120/><G110/><T67/><D135/><U66/><E7/><V32/><F32/><W57/><G0/><T51/><D93/><U78/><E49/><V112/><F112/><W35/><G35/><T98/><D98/><U58/><E75/><V24/><F68/><W122/><G105/><T89/><D89/><U124/><E58/><V106/><F106/><W111/><G111/><T11/><D11/><U125/><E26/><V34/><F34/><W82/><G126/><N who="1" m="48746" /><E27/><V19/><F36/><W62/><G44/><T108/><D108/><U12/><E12/><V14/><F37/><W113/><G132/><T50/><D50/><U94/><E94/><V45/><F45/><W55/><G73/><T129/><D129/><U133/><E133/><V107/><F107/><W16/><G5/><T47/><D59/><U22/><E22/><V91/><F24/><W33/><G33/><T69/><D39/><U53/><E53/><V46/><F6/><W88/><G76/><AGARI ba="0,0" hai="40,41,42,65,66,76,77,78,96,97,99" m="48746" machi="76" ten="40,5200,0" yaku="28,2,18,1" doraHai="119" who="1" fromWho="3" sc="250,0,250,52,250,0,250,-52" /><INIT seed="1,0,0,4,0,55" ten="250,302,250,198" oya="1" hai0="56,62,99,100,15,70,123,82,16,90,89,19,1" hai1="57,8,17,52,4,10,50,127,106,109,30,65,94" hai2="54,86,47,118,29,135,44,122,43,20,7,2,124" hai3="120,6,103,119,46,128,60,9,38,132,13,5,116"/><U49/><E106/><V92/><F118/><W69/><G120/><T31/><D1/><U28/><E127/><V67/><F124/><W96/><G132/><T121/><D31/><U3/><E109/><V35/><F35/><W84/><G128/><T91/><D70/><U133/><E133/><V125/><F125/><W68/><G6/><T134/><D82/><U95/><E65/><V59/><F67/><W93/><G84/><T117/><D117/><N who="3" m="45129" /><G60/><T104/><D134/><U105/><E105/><V76/><F122/><N who="0" m="46602" /><D15/><U114/><E114/><V14/><F2/><W26/><G26/><T51/><D51/><U18/><E49/><N who="2" m="31183" /><F76/><W75/><G75/><T98/><D98/><U63/><E50/><V36/><F36/><W66/><G66/><AGARI ba="0,0" hai="16,19,56,62,66,89,90,91,99,100,104" m="46602" machi="66" ten="30,3900,0" yaku="13,1,52,1,54,1" doraHai="55" who="0" fromWho="3" sc="250,39,302,0,250,0,198,-39" /><INIT seed="2,0,0,3,0,51" ten="289,302,250,159" oya="2" hai0="14,39,95,30,70,69,119,25,50,29,37,106,68" hai1="64,9,124,79,49,16,57,36,126,71,44,11,60" hai2="54,22,132,0,67,75,41,8,34,23,97,96,117" hai3="107,40,20,53,47,102,90,62,13,111,6,82,127"/><V61/><F117/><W72/><G111/><T104/><D14/><U133/><E133/><V18/><F75/><W113/><G113/><T130/><D50/><U17/><E79/><V4/><F132/><W121/><G127/><N who="1" m="48682" /><E9/><V59/><F41/><W109/><G109/><T26/><D95/><U80/><E80/><V66/><F34/><W24/><G121/><T19/><D19/><U92/><E92/><V46/><F23/><W110/><G110/><T123/><D130/><U73/><E73/><V83/><F46/><W125/><G102/><T89/><D89/><U87/><E87/><V12/><REACH who="2" step="1"/><F83/><REACH who="2" ten="289,302,240,159" step="2"/><W116/><G116/><T108/><D108/><U118/><E118/><V42/><F42/><W115/><G72/><T94/><D119/><U76/><E11/><V2/><F2/><W1/><G1/><T131/><D123/><U101/><E44/><V27/><F27/><W122/><G125/><T48/><D26/><U81/><E81/><V58/><F58/><N who="3" m="35151" /><G47/><T56/><D25/><U31/><E57/><V32/><F32/><W38/><G122/><T78/><D70/><U84/><E71/><V21/><F21/><W128/><G115/><T98/><D69/><U52/><E36/><V28/><F28/><W15/><G38/><T105/><D68/><U5/><E31/><V100/><F100/><W91/><G40/><T129/><D39/><U99/><E101/><V45/><F45/><W134/><G82/><T135/><D37/><U65/><E5/><V63/><F63/><W103/><G134/><T35/><D135/><U93/><E60/><V88/><F88/><RYUUKYOKU ba="0,1" sc="289,-10,302,-10,240,30,159,-10" hai2="0,4,8,12,18,22,54,59,61,66,67,96,97" /><INIT seed="2,1,1,2,0,135" ten="279,292,270,149" oya="2" hai0="119,13,70,2,100,61,20,50,115,22,118,93,39" hai1="44,6,29,129,3,33,67,133,103,65,45,77,81" hai2="47,37,111,59,112,46,16,40,82,79,125,53,15" hai3="124,52,23,90,66,48,0,94,4,114,80,104,60"/><V88/><F112/><W128/><G114/><T10/><D39/><U1/><E133/><V17/><F111/><W89/><G104/><T98/><D2/><U54/><E103/><V83/><F125/><W63/><G128/><T85/><D50/><U35/><E81/><V49/><F47/><W57/><G124/><T11/><D11/><U91/><E29/><V72/><REACH who="2" step="1"/><F15/><REACH who="2" ten="279,292,260,149" step="2"/><W73/><G0/><T14/><D14/><U110/><E110/><V105/><F105/><W113/><G113/><T74/><D115/><U121/><E1/><V38/><F38/><W116/><G116/><T108/><D108/><U76/><E3/><V107/><F107/><W7/><G4/><T62/><D13/><U75/><E44/><V87/><AGARI ba="1,2" hai="16,17,37,40,46,49,53,59,72,79,82,83,87,88" machi="87" ten="30,11700,0" yaku="1,1,0,1,54,2,53,0" doraHai="135" doraHaiUra="28" who="2" fromWho="2" sc="279,-40,292,-40,260,140,149,-40" /><INIT seed="2,2,0,5,4,27" ten="239,252,400,109" oya="2" hai0="22,55,15,94,25,43,88,6,123,54,21,32,129" hai1="82,0,10,130,101,117,70,41,30,44,53,134,51" hai2="98,84,79,33,69,28,35,131,36,111,12,2,38" hai3="23,37,5,48,118,67,135,46,106,18,13,68,72"/><V65/><F2/><W97/><G135/><T45/><D129/><U119/><E130/><V120/><F131/><W85/><G72/><T52/><D123/><U77/><E134/><V7/><F120/><W91/><G37/><T29/><D6/><U76/><E70/><V81/><F69/><W80/><G118/><T107/><D107/><U86/><E101/><V24/><F65/><W66/><G68/><T40/><D15/><U47/><E76/><V11/><F111/><W100/><REACH who="3" step="1"/><G5/><REACH who="3" ten="239,252,400,99" step="2"/><T104/><D104/><U31/><E119/><V102/><F35/><W125/><G125/><T42/><REACH who="0" step="1"/><D45/><REACH who="0" ten="229,252,400,99" step="2"/><U62/><E117/><V8/><F11/><W74/><G74/><T89/><D89/><U9/><E47/><V59/><F59/><W114/><G114/><T1/><D1/><U56/><E0/><V57/><F57/><W60/><G60/><T87/><AGARI ba="2,2" hai="21,22,25,29,32,40,42,43,52,54,55,87,88,94" machi="87" ten="30,8000,1" yaku="1,1,0,1,52,1,54,2,53,0" doraHai="27" doraHaiUra="58" who="0" fromWho="0" sc="229,106,252,-22,400,-42,99,-22" /><INIT seed="3,0,0,4,3,97" ten="335,230,358,77" oya="3" hai0="55,33,129,89,96,39,134,41,8,100,104,70,126" hai1="25,94,61,15,7,74,53,68,35,11,109,47,108" hai2="64,57,130,3,133,105,121,103,48,51,49,46,117" hai3="1,112,125,82,29,56,65,20,113,60,59,6,116"/><W91/><G116/><T69/><D55/><U14/><E74/><V13/><F3/><W52/><G125/><T2/><D89/><U90/><E35/><V23/><F117/><W44/><G1/><T36/><D129/><U37/><E25/><V132/><F130/><W111/><G6/><N who="0" m="1111" /><D134/><U16/><E68/><N who="0" m="26217" /><D41/><U122/><E122/><V10/><F121/><W45/><G111/><N who="1" m="42570" /><E61/><V17/><F64/><W115/><G29/><T107/><D126/><U127/><E127/><V77/><F57/><W93/><G20/><T106/><D33/><U40/><E53/><V80/><F46/><W38/><G82/><T120/><D120/><U131/><E131/><V9/><F10/><W43/><G44/><T99/><D99/><N who="1" m="57815" /><E15/><V31/><F23/><W102/><G91/><T62/><D62/><U18/><AGARI ba="0,0" hai="7,11,14,16,18,37,40,47" m="57815,42570" machi="18" ten="30,2000,0" yaku="14,1,54,1" doraHai="97" who="1" fromWho="1" sc="335,-5,230,20,358,-5,77,-10" /><INIT seed="4,0,0,2,5,91" ten="330,250,353,67" oya="0" hai0="79,103,29,18,89,12,68,115,24,134,106,43,1" hai1="97,53,4,123,28,111,33,69,32,132,81,23,120" hai2="88,51,70,49,66,126,105,96,50,86,114,10,131" hai3="60,19,35,40,72,104,20,27,64,100,25,102,8"/><T67/><D1/><U122/><E111/><V110/><F110/><W99/><G72/><T26/><D115/><U117/><E117/><V45/><F114/><W65/><G40/><T48/><D79/><U3/><E69/><V47/><F131/><W39/><G39/><T0/><D0/><U129/><E129/><V135/><F135/><W62/><G8/><T21/><D134/><U127/><E132/><V94/><F126/><W98/><G35/><T9/><D103/><U92/><E127/><V2/><F66/><W125/><G125/><T38/><D106/><U93/><E81/><V73/><F73/><W80/><G80/><T78/><D78/><U44/><E4/><V41/><F70/><W133/><G133/><T30/><D38/><U61/><E3/><V36/><F105/><W108/><G108/><T95/><D67/><U13/><E97/><V77/><F96/><W56/><G25/><N who="0" m="16559" /><D30/><U130/><E130/><V57/><F77/><W116/><G116/><T46/><D68/><U16/><E28/><V128/><F128/><W71/><G99/><AGARI ba="0,0" hai="9,12,18,24,26,43,46,48,89,95,99" m="16559" machi="99" ten="30,2900,0" yaku="8,1,52,1" doraHai="91" who="0" fromWho="3" sc="330,29,250,0,353,0,67,-29" /><INIT seed="4,1,0,4,0,67" ten="359,250,353,38" oya="0" hai0="88,0,23,83,77,129,29,44,25,76,113,132,125" hai1="24,116,85,56,17,12,127,115,21,90,11,98,1" hai2="66,59,118,103,126,110,54,28,18,35,4,20,50" hai3="32,61,91,8,9,135,53,47,104,112,30,114,19"/><T78/><D113/><U34/><E116/><V58/><F110/><W63/><G135/><T108/><D108/><U42/><E127/><V99/><F126/><W74/><G74/><T48/><D125/><U68/><E98/><V119/><F4/><W71/><G91/><T13/><D129/><U41/><E115/><V15/><F119/><W102/><G19/><T84/><D0/><U70/><E56/><V22/><F35/><W95/><G95/><T33/><D132/><U92/><E41/><V128/><F128/><W2/><G2/><T14/><REACH who="0" step="1"/><D33/><REACH who="0" ten="349,250,353,38" step="2"/><U122/><E122/><V60/><F118/><W65/><G114/><T94/><D94/><U75/><E34/><V39/><F39/><W45/><G112/><T120/><D120/><U100/><E1/><V86/><F28/><W87/><G30/><T46/><D46/><U3/><E3/><V73/><F73/><W131/><G32/><T106/><D106/><U79/><E100/><V27/><F103/><W111/><G102/><T109/><D109/><U133/><E133/><V31/><F99/><W5/><G104/><T101/><D101/><U89/><E89/><V124/><F124/><W16/><G111/><T117/><D117/><U38/><E38/><V10/><F86/><W107/><G107/><T7/><D7/><U49/><E75/><V55/><F31/><W36/><G87/><T52/><AGARI ba="1,1" hai="13,14,23,25,29,44,48,52,76,77,78,83,84,88" machi="52" ten="30,12000,1" yaku="1,1,0,1,8,1,54,2,53,0" doraHai="67" doraHaiUra="105" who="0" fromWho="0" sc="349,133,250,-41,353,-41,38,-41" owari="482,58.0,209,-19.0,312,11.0,-3,-50.0" /></mjloggm>