<mjloggm ver="2.3"><GO type="41" lobby="0"/><UN n0="%E3%81%B0%E3%81%84%E3%81%A1" n1="%E7%B4%A0%E6%95%B5%E3%81%AA%E5%8B%98%E9%81%95%E3%81%84" n2="%E4%B8%AD%E5%8B%95%E6%85%8B" n3="%E2%93%9D%53%75%70%68%78" dan="13,15,15,16" rate="1820.28,2041.40,2058.28,2019.09" sx="M,M,M,M"/><TAIKYOKU oya="0"/><INIT seed="0,0,0,1,4,16" ten="250,250,250,250" oya="0" hai0="112,51,32,70,104,11,43,59,45,56,13,8,96" hai1="109,46,31,92,29,37,99,122,50,12,58,100,87" hai2="128,62,30,14,26,55,19,63,119,84,60,117,83" hai3="111,134,25,10,102,20,0,95,89,121,33,74,22"/><T123/><D123/><U85/><E122/><V105/><F105/><W1/><G74/><T27/><D70/><U101/><E37/><V107/><F107/><W17/><G102/><T106/><D112/><U65/><E101/><V71/><F128/><W2/><G121/><T64/><D106/><U129/><E109/><V57/><F71/><W21/><G111/><T91/><D32/><U34/><E34/><V40/><F40/><W103/><G103/><T53/><D104/><U54/><E12/><V36/><F36/><W23/><G134/><T90/><D96/><U126/><E126/><V4/><F4/><W44/><G44/><T39/><D27/><U120/><E129/><V48/><F30/><N who="1" m="11273" /><E120/><V69/><F26/><W108/><G108/><T3/><D3/><U35/><E35/><V116/><F69/><W97/><REACH who="3" step="1"/><G33/><REACH who="3" ten="250,250,250,240" step="2"/><T7/><REACH who="0" step="1"/><D11/><AGARI ba="0,1" hai="0,1,2,10,11,17,20,21,22,23,25,89,95,97" machi="11" ten="50,12000,2" yaku="1,1,2,1,52,4,53,0" doraHai="16" doraHaiUra="110" who="3" fromWho="0" sc="250,-120,250,0,250,0,240,130" /><INIT seed="1,0,0,2,4,124" ten="130,250,250,370" oya="1" hai0="51,17,35,89,108,41,134,102,65,67,92,59,16" hai1="40,90,50,81,113,130,44,112,125,7,56,109,87" hai2="111,104,101,132,103,96,21,12,72,5,25,26,61" hai3="74,119,135,128,69,4,49,54,18,19,14,84,10"/><U126/><E130/><V1/><F72/><W78/><G69/><T123/><D108/><U55/><E7/><V68/><F132/><W95/><G74/><T71/><D35/><U76/><E109/><V106/><F111/><W93/><G119/><T131/><D71/><U58/><E58/><V85/><F1/><W29/><G29/><T8/><D134/><U122/><E122/><V20/><F85/><W13/><G128/><T9/><D123/><U62/><REACH who="1" step="1"/><E76/><REACH who="1" ten="130,240,250,370" step="2"/><V33/><F5/><W121/><G121/><T45/><D131/><U3/><E3/><V107/><F68/><W31/><G4/><T57/><D59/><U24/><E24/><V118/><F118/><W129/><G129/><T34/><D57/><U27/><E27/><V83/><F12/><W28/><G135/><T47/><D47/><U15/><E15/><V46/><F46/><W99/><G78/><T82/><D45/><U133/><E133/><V98/><F61/><W105/><G14/><T2/><D2/><U37/><E37/><V97/><F33/><W38/><G38/><T39/><D39/><U22/><E22/><V52/><F26/><W42/><G13/><T73/><D34/><U43/><E43/><V80/><F25/><W53/><G42/><T127/><D41/><U88/><E88/><V63/><F63/><W94/><G31/><T117/><D89/><U110/><E110/><V115/><F20/><W36/><G28/><T48/><D48/><U64/><E64/><V0/><F0/><W79/><G49/><T120/><D67/><U100/><E100/><N who="2" m="38475" /><F21/><W66/><G66/><RYUUKYOKU ba="0,1" sc="130,-10,240,30,250,-10,370,-10" hai1="40,44,50,55,56,62,81,87,90,112,113,125,126" /><INIT seed="1,1,1,0,4,69" ten="120,270,240,360" oya="1" hai0="84,126,40,9,29,110,113,60,39,31,65,38,111" hai1="46,118,36,43,37,71,103,80,124,44,131,125,91" hai2="134,45,87,90,11,99,96,21,82,116,64,104,23" hai3="117,105,75,33,10,68,7,2,13,93,26,109,66"/><U53/><E118/><V81/><F104/><W30/><G109/><N who="0" m="41483" /><D126/><N who="1" m="48747" /><E103/><V94/><F116/><W34/><G75/><T101/><D113/><U56/><E71/><V135/><F45/><N who="1" m="17513" /><E43/><V19/><F11/><W72/><G93/><T73/><D40/><U18/><E131/><V6/><F6/><W121/><G121/><T86/><D73/><U49/><E18/><V24/><F64/><W85/><G66/><T17/><D101/><U62/><E62/><V48/><F48/><W95/><G68/><N who="0" m="42023" /><D17/><U32/><E32/><V25/><F134/><W115/><G34/><T106/><D106/><U129/><E129/><V59/><F59/><W22/><G105/><T74/><D74/><U107/><E107/><V63/><F63/><W130/><G72/><T102/><D102/><U4/><E4/><V47/><F47/><W98/><G130/><T132/><D132/><U83/><E91/><V120/><F135/><W35/><G117/><T79/><D79/><U76/><E76/><V3/><F120/><W5/><G5/><T78/><D78/><U41/><E41/><V112/><F19/><W55/><G7/><T54/><D9/><U89/><E89/><V88/><F90/><W108/><G108/><T133/><D133/><U127/><N who="1" m="48755" /><U67/><DORA hai="77" /><E67/><V51/><F88/><W50/><G10/><T61/><D61/><U57/><E57/><V52/><F51/><W8/><G50/><T123/><D123/><U15/><E15/><V20/><F96/><W114/><G98/><T58/><D58/><U70/><E70/><V28/><F99/><W27/><G8/><RYUUKYOKU ba="1,1" sc="120,-10,270,30,240,-10,360,-10" hai1="36,37,49,53,56,80,83" /><INIT seed="1,2,1,3,1,70" ten="110,300,230,350" oya="1" hai0="7,133,105,12,19,45,135,28,17,65,42,84,33" hai1="100,120,16,32,106,51,58,15,121,117,50,134,68" hai2="126,124,93,21,43,6,13,4,108,5,62,132,125" hai3="73,56,9,74,30,23,115,79,47,86,111,26,49"/><U118/><E32/><V41/><F62/><W102/><G111/><T92/><D105/><U52/><E68/><V78/><F108/><W72/><G115/><T114/><D65/><U53/><E106/><V97/><F78/><W11/><G102/><T31/><D114/><U18/><E100/><V95/><F132/><N who="0" m="50762" /><D33/><U109/><E134/><V101/><REACH who="2" step="1"/><F93/><REACH who="2" ten="110,300,220,350" step="2"/><W34/><G79/><T2/><D92/><U55/><E109/><V122/><F122/><N who="1" m="47209" /><E15/><V60/><F60/><W67/><G67/><T94/><D12/><U20/><E58/><V35/><F35/><W14/><G56/><T25/><D25/><U87/><E20/><V77/><F77/><W10/><G34/><T89/><D31/><U80/><E80/><V24/><F24/><W119/><G14/><T81/><D28/><U27/><E27/><V36/><F36/><W83/><G83/><T63/><D81/><U8/><E8/><V91/><F91/><W90/><G11/><N who="0" m="2551" /><D63/><U39/><E39/><AGARI ba="2,2" hai="17,19,39,42,45,84,89,94" m="2551,50762" machi="39" ten="30,2000,0" yaku="20,1,52,1" doraHai="70" who="0" fromWho="1" sc="110,46,300,-26,220,0,350,0" /><INIT seed="2,0,0,0,5,55" ten="156,274,220,350" oya="2" hai0="127,5,10,79,15,99,58,50,112,76,14,56,83" hai1="27,101,49,123,85,92,25,35,48,4,78,132,117" hai2="88,16,107,115,129,72,21,0,135,3,20,46,95" hai3="60,126,7,43,133,30,32,39,81,62,68,94,23"/><V80/><F107/><W64/><G32/><T44/><D112/><U103/><E117/><V57/><F115/><W11/><G133/><T67/><D127/><U109/><E123/><V125/><F21/><W134/><G134/><T100/><D67/><U70/><E70/><V40/><F135/><W61/><G94/><N who="0" m="58487" /><D15/><U118/><E118/><V74/><F125/><W66/><G43/><N who="0" m="24863" /><D83/><U1/><E35/><V111/><F129/><W122/><G39/><T33/><D33/><U36/><E36/><V96/><F111/><W45/><G122/><T13/><D13/><U26/><E109/><V34/><F34/><W69/><G45/><T6/><D5/><U114/><E4/><V53/><F74/><W108/><G108/><T18/><D6/><U73/><E1/><V65/><F65/><W106/><G106/><T119/><D119/><U91/><E132/><V31/><F31/><W97/><G126/><T51/><D51/><N who="1" m="19531" /><E114/><V47/><F40/><W84/><G30/><T12/><D14/><U86/><E73/><V90/><F0/><W37/><G37/><T82/><D82/><AGARI ba="0,0" hai="25,26,27,78,82,85,86,91,92,101,103" m="19531" machi="82" ten="30,1000,0" yaku="8,1" doraHai="55" who="1" fromWho="0" sc="156,-10,274,10,220,0,350,0" /><INIT seed="3,0,0,1,0,28" ten="146,284,220,350" oya="3" hai0="5,99,113,75,47,43,92,129,70,36,102,120,11" hai1="106,32,79,133,58,46,110,109,34,8,85,2,48" hai2="81,89,108,62,114,98,40,95,112,107,69,100,9" hai3="91,1,51,17,132,15,135,130,103,73,88,39,71"/><W35/><G39/><T121/><D129/><U116/><E106/><V96/><F40/><W22/><G73/><T134/><D134/><N who="3" m="51241" /><G1/><T60/><D113/><U127/><E58/><V54/><F108/><N who="1" m="41577" /><E133/><V123/><F123/><W57/><G71/><T38/><D38/><U18/><E116/><V26/><F9/><W42/><G103/><T61/><D60/><U118/><E118/><V115/><F81/><W78/><G78/><T66/><REACH who="0" step="1"/><D75/><REACH who="0" ten="136,284,220,350" step="2"/><U76/><E127/><V33/><F69/><W4/><G130/><T16/><D16/><U56/><E18/><V20/><F112/><W59/><G17/><T90/><D90/><U44/><E8/><V31/><F115/><W84/><G91/><T124/><D124/><U0/><E79/><V12/><F114/><W93/><G88/><T27/><D27/><U86/><E76/><V82/><F82/><W41/><G51/><T117/><D117/><U80/><E80/><V45/><F62/><W125/><G125/><T6/><D6/><U30/><E30/><V77/><F77/><W49/><G4/><T3/><AGARI ba="0,1" hai="3,5,11,36,43,47,61,66,70,92,99,102,120,121" machi="3" ten="20,2700,0" yaku="1,1,0,1,7,1,53,0" doraHai="28" doraHaiUra="24" who="0" fromWho="0" sc="136,37,284,-7,220,-7,350,-13" /><INIT seed="4,0,0,3,4,18" ten="173,277,213,337" oya="0" hai0="85,12,108,27,105,88,73,16,23,39,22,54,132" hai1="25,114,33,34,26,40,107,21,52,117,58,86,122" hai2="100,41,55,35,106,56,78,135,15,71,50,59,48" hai3="30,103,24,37,42,126,124,66,76,97,9,17,121"/><T57/><D132/><U4/><E122/><V118/><F35/><W110/><G110/><T80/><D108/><U3/><E107/><V111/><F111/><W101/><G76/><T112/><D112/><U11/><E26/><V63/><F78/><W75/><G75/><T31/><D105/><U46/><E117/><V1/><F1/><W53/><G66/><T44/><D39/><U36/><E86/><V120/><F106/><W79/><G53/><T81/><D44/><U62/><REACH who="1" step="1"/><E114/><REACH who="1" ten="173,267,213,337" step="2"/><V98/><F120/><W82/><G24/><T20/><D73/><U89/><E89/><V38/><F118/><W94/><G121/><T70/><D70/><U64/><E64/><V127/><F71/><W28/><G103/><T92/><REACH who="0" step="1"/><D23/><REACH who="0" ten="163,267,213,337" step="2"/><U5/><E5/><V43/><F135/><W93/><G126/><T13/><D13/><U119/><E119/><V130/><F15/><W10/><G124/><T60/><AGARI ba="0,2" hai="12,16,20,22,27,31,54,57,60,80,81,85,88,92" machi="60" ten="20,24000,3" yaku="1,1,0,1,7,1,8,1,52,2,54,2,53,0" doraHai="18" doraHaiUra="47" who="0" fromWho="0" sc="163,260,267,-80,213,-80,337,-80" /><INIT seed="4,1,0,3,5,35" ten="423,187,133,257" oya="0" hai0="11,21,4,58,52,44,18,24,48,5,64,65,85" hai1="102,87,117,14,127,88,110,72,31,122,83,107,104" hai2="98,69,131,10,82,93,135,57,32,38,84,124,61" hai3="53,105,54,62,20,108,28,103,23,47,42,109,71"/><T91/><D11/><U59/><E122/><V96/><F69/><W33/><G23/><T100/><D100/><U46/><E117/><V113/><F32/><W111/><G20/><T132/><D132/><U120/><E120/><V16/><F38/><W81/><G81/><N who="0" m="49583" /><D58/><U15/><E110/><V112/><F135/><W123/><G103/><T29/><D18/><U1/><E1/><V17/><F98/><W106/><G123/><T2/><D2/><U60/><E31/><V41/><F41/><W119/><G119/><T0/><D0/><U66/><E127/><V34/><F34/><W130/><G106/><T74/><D74/><U94/><E46/><V92/><F92/><W121/><G105/><T125/><D125/><U114/><E114/><N who="2" m="44139" /><F10/><W9/><G9/><T86/><D86/><U90/><E107/><V115/><N who="2" m="44147" /><V37/><DORA hai="77" /><F37/><W40/><G111/><T70/><D70/><U99/><REACH who="1" step="1"/><E90/><REACH who="1" ten="423,177,133,257" step="2"/><N who="2" m="51479" /><F124/><W55/><G109/><T63/><D63/><U68/><E68/><V128/><F128/><W89/><G130/><T30/><D30/><U19/><E19/><V26/><F131/><W25/><G121/><T80/><D5/><U7/><E7/><V129/><F129/><W79/><G108/><T45/><D4/><U67/><E67/><N who="2" m="39343" /><F26/><W101/><G25/><T49/><D65/><U133/><E133/><V13/><F13/><W50/><G28/><T76/><D64/><U39/><E39/><V3/><F3/><W8/><G71/><T118/><D118/><U12/><E12/><V56/><F56/><W97/><G47/><T126/><D45/><RYUUKYOKU ba="1,1" sc="423,-15,177,15,133,15,257,-15" hai1="14,15,59,60,66,72,83,87,88,94,99,102,104" hai2="16,17,93,96" /><INIT seed="5,2,1,1,2,26" ten="408,192,148,242" oya="1" hai0="98,109,22,120,105,84,45,9,107,92,42,96,33" hai1="134,61,76,132,55,127,71,103,52,30,36,63,82" hai2="78,74,129,4,91,3,54,124,80,48,25,100,87" hai3="27,32,95,13,49,93,17,128,111,118,114,115,135"/><U11/><E127/><V90/><F3/><W47/><G111/><T24/><D33/><U113/><E103/><V28/><F129/><W29/><G135/><N who="1" m="51754" /><E36/><V67/><F124/><W1/><G1/><T119/><D109/><U89/><E113/><N who="3" m="43018" /><G118/><T112/><D107/><U41/><E41/><V101/><F4/><W131/><G17/><T60/><D105/><U104/><E104/><V102/><F67/><W121/><G13/><T106/><D106/><U0/><E89/><V99/><F99/><W77/><G77/><T73/><D98/><U14/><E30/><V110/><F74/><W18/><G18/><T37/><D73/><N who="1" m="43279" /><E0/><V44/><REACH who="2" step="1"/><F110/><REACH who="2" ten="408,192,138,242" step="2"/><W40/><G121/><T85/><D120/><U20/><E71/><V79/><F79/><W83/><G83/><T59/><D42/><U64/><E64/><V97/><F97/><W72/><G72/><T94/><D96/><U2/><E63/><V43/><F43/><W66/><G66/><T50/><D37/><U130/><E61/><V5/><F5/><W56/><G131/><T12/><D60/><U125/><E130/><V86/><F86/><W58/><G128/><T39/><D85/><U117/><E125/><V123/><F123/><W23/><G95/><T6/><D94/><U69/><E69/><V75/><F75/><W68/><G93/><T133/><D92/><U16/><E117/><V21/><AGARI ba="2,2" hai="21,25,28,44,48,54,78,80,87,90,91,100,101,102" machi="21" ten="30,8000,1" yaku="1,1,0,1,8,1,52,1,53,1" doraHai="26" doraHaiUra="81" who="2" fromWho="2" sc="408,-22,192,-42,138,106,242,-22" /><INIT seed="6,0,0,3,0,98" ten="386,150,244,220" oya="2" hai0="28,45,42,63,99,81,119,102,21,105,112,118,91" hai1="49,66,46,24,18,48,116,72,62,40,71,54,64" hai2="120,83,27,60,129,111,132,127,110,77,69,41,43" hai3="26,97,44,19,85,0,122,92,74,59,38,57,15"/><V7/><F7/><W37/><G74/><T86/><D112/><U94/><E72/><V68/><F120/><W61/><G0/><T6/><D63/><N who="1" m="40351" /><E94/><V84/><F127/><W103/><G122/><T126/><D126/><U89/><E24/><V121/><F121/><W117/><G59/><T65/><D65/><U2/><E18/><V13/><F13/><W47/><G117/><N who="0" m="44555" /><D6/><U133/><E2/><V101/><F60/><W32/><G38/><N who="0" m="21719" /><D21/><U35/><E89/><V75/><F75/><W51/><G37/><T109/><D109/><N who="2" m="41482" /><F27/><W29/><G51/><T34/><D34/><U36/><E35/><V128/><F132/><W4/><G4/><T115/><D28/><U135/><E116/><V23/><F23/><W5/><G5/><T50/><D115/><U106/><E106/><V113/><F113/><W14/><G14/><T114/><D114/><U39/><E135/><V9/><F9/><W87/><G15/><T52/><D105/><U82/><E82/><V100/><F41/><W56/><G19/><T80/><D80/><U67/><E133/><V125/><F43/><W134/><G134/><T25/><D81/><U16/><E16/><V20/><F20/><W95/><G32/><T30/><D25/><U130/><E130/><N who="2" m="50283" /><F125/><W3/><G3/><T12/><D12/><U123/><E123/><V90/><F90/><W131/><G131/><T58/><D91/><U1/><E1/><V107/><F107/><W70/><G26/><T104/><D30/><U55/><E39/><V78/><F78/><W76/><G76/><T124/><D124/><U79/><E36/><RYUUKYOKU ba="0,0" sc="386,15,150,-15,244,15,220,-15" hai0="50,52,58,86,99,102,104" hai2="68,69,77,83,84,100,101" /><INIT seed="6,1,0,3,4,82" ten="401,135,259,205" oya="2" hai0="121,115,132,90,74,99,120,104,111,77,96,51,117" hai1="25,71,134,59,85,41,63,130,37,17,26,122,131" hai2="133,102,72,95,88,28,126,116,15,84,21,67,69" hai3="80,47,56,22,29,19,7,62,100,103,73,98,54"/><V123/><F72/><W23/><G7/><T16/><D51/><U112/><E122/><N who="0" m="47209" /><D16/><U119/><E119/><V24/><F123/><W39/><G39/><T35/><D35/><U70/><E134/><V20/><F116/><W27/><G73/><T36/><D36/><U81/><E37/><V87/><F102/><W43/><G80/><N who="0" m="45111" /><D132/><U118/><E112/><V128/><F133/><W11/><G11/><T124/><D115/><U106/><E106/><V83/><F128/><N who="1" m="49193" /><E41/><V13/><F126/><W38/><REACH who="3" step="1"/><G98/><REACH who="3" ten="401,135,259,195" step="2"/><T9/><D9/><U68/><E118/><V135/><F135/><W3/><G3/><T10/><D10/><U31/><E17/><V44/><F44/><W58/><G58/><T60/><D99/><U127/><E31/><N who="2" m="17799" /><F69/><N who="1" m="17665" /><U66/><DORA hai="108" /><E127/><V101/><F28/><W89/><G89/><AGARI ba="1,1" hai="25,26,59,63,66,81,85,89" m="17665,49193" machi="89" ten="40,2600,0" yaku="19,1,52,1" doraHai="82,108" who="1" fromWho="3" sc="401,0,135,39,259,0,195,-29" /><INIT seed="7,0,0,3,5,6" ten="401,174,259,166" oya="3" hai0="101,95,62,96,78,131,42,133,106,122,52,23,124" hai1="47,54,92,91,83,3,77,0,22,116,24,12,26" hai2="17,111,7,41,58,55,132,49,63,60,114,80,48" hai3="11,38,108,51,110,36,71,105,73,31,87,4,99"/><W9/><G73/><T72/><D133/><U56/><E116/><V2/><F2/><W121/><G121/><T113/><D122/><U15/><E47/><N who="2" m="25711" /><F7/><W53/><G71/><T10/><D42/><U64/><E26/><V74/><F74/><W59/><G31/><T130/><D52/><U32/><E64/><V129/><F111/><N who="3" m="42539" /><G87/><T128/><D62/><N who="2" m="23594" /><F129/><W86/><G86/><T82/><D72/><U81/><E32/><V117/><F114/><W76/><G76/><T5/><D113/><U135/><E135/><V102/><F132/><W84/><G84/><N who="0" m="48215" /><D106/><U27/><E77/><V107/><F107/><W34/><G34/><T30/><D30/><N who="1" m="17687" /><E3/><V16/><F117/><W118/><G118/><T21/><D124/><U68/><E68/><V79/><F79/><W98/><G4/><T88/><D101/><U103/><E103/><V85/><F102/><N who="3" m="62679" /><G99/><T109/><D109/><U70/><E70/><V104/><F104/><W97/><G97/><T8/><D5/><U90/><E0/><V18/><F85/><W75/><G75/><T44/><D96/><N who="1" m="57367" /><E91/><V112/><F112/><W93/><G93/><T40/><D88/><U66/><E83/><AGARI ba="0,0" hai="16,17,18,49,55,58,80,83" m="23594,25711" machi="83" ten="30,2000,0" yaku="8,1,54,1" doraHai="6" who="2" fromWho="1" sc="401,0,174,-20,259,20,166,0" owari="401,50.0,154,-35.0,279,8.0,166,-23.0" /></mjloggm>