<mjloggm ver="2.3"><GO type="41" lobby="0"/><UN n0="%74%65%77%65%69" n1="%E2%93%9D%53%75%70%68%78" n2="%E3%81%A9%E3%82%93%E3%81%8D%E3%81%A1" n3="%E7%89%8C%E5%8A%B9%E7%8E%87%E8%87%B3%E4%B8%8A%E4%B8%BB%E7%BE%A9" dan="14,18,14,15" rate="1936.84,2145.63,1884.41,2003.91" sx="M,M,M,M"/><TAIKYOKU oya="0"/><INIT seed="0,0,0,2,4,55" ten="250,250,250,250" oya="0" hai0="107,102,61,45,133,60,70,81,36,29,30,12,135" hai1="23,59,127,41,40,115,16,57,121,69,96,48,126" hai2="51,42,87,38,93,97,123,44,49,46,83,84,20" hai3="43,26,109,50,58,98,71,110,90,37,99,72,19"/><T25/><D81/><U1/><E121/><V77/><F123/><W118/><G118/><T82/><D82/><U131/><E1/><V54/><F38/><W108/><G72/><T63/><D70/><U105/><E69/><V31/><F87/><W67/><G90/><T0/><D0/><U2/><E2/><V39/><F39/><W6/><G6/><T75/><D75/><U91/><E131/><V95/><F97/><W13/><G26/><AGARI ba="0,0" hai="20,26,31,42,44,46,49,51,54,77,83,84,93,95" machi="26" ten="40,1300,0" yaku="8,1" doraHai="55" who="2" fromWho="3" sc="250,0,250,0,250,13,250,-13" /><INIT seed="1,0,0,4,4,26" ten="250,250,263,237" oya="1" hai0="1,35,2,130,41,45,6,74,36,27,120,12,50" hai1="0,103,34,68,14,92,30,126,22,123,91,86,128" hai2="44,122,108,51,127,113,31,78,23,89,132,110,61" hai3="43,76,29,8,17,49,46,93,134,99,58,16,18"/><U42/><E123/><V131/><F127/><W56/><G134/><T119/><D119/><U64/><E0/><V5/><F131/><W95/><G76/><T53/><D130/><U28/><E34/><V90/><F132/><W129/><G129/><T38/><D120/><U117/><E117/><V88/><F113/><W15/><G29/><N who="1" m="11370" /><E68/><V25/><F122/><W135/><G135/><T3/><D27/><U82/><E126/><V67/><F78/><W98/><G95/><T114/><D114/><U65/><E42/><V104/><F5/><W20/><G98/><T54/><D35/><U69/><E69/><V72/><F72/><W63/><G20/><T125/><D125/><U40/><E40/><V121/><F104/><W115/><G115/><T70/><D70/><U124/><E128/><V84/><F121/><W105/><G105/><T10/><D74/><U13/><E124/><V94/><F110/><W100/><REACH who="3" step="1"/><G56/><REACH who="3" ten="250,250,263,227" step="2"/><T33/><D33/><U87/><E22/><V77/><F108/><W116/><G116/><T96/><D96/><N who="1" m="59783" /><E87/><V75/><F75/><W109/><G109/><T4/><D36/><U71/><E71/><V133/><F133/><W52/><AGARI ba="0,1" hai="8,15,16,17,18,43,46,49,52,58,63,93,99,100" machi="52" ten="20,12000,2" yaku="1,1,0,1,7,1,8,1,54,2,53,1" doraHai="26" doraHaiUra="9" who="3" fromWho="3" sc="250,-30,250,-60,263,-30,227,130" /><INIT seed="2,0,0,3,2,2" ten="220,190,233,357" oya="2" hai0="49,129,32,116,121,96,15,3,93,60,77,55,112" hai1="80,119,131,114,47,69,82,113,70,10,107,98,8" hai2="6,44,20,28,124,30,95,108,81,94,132,118,1" hai3="53,79,97,67,126,58,72,84,45,134,33,22,100"/><V127/><F118/><W83/><G33/><T111/><D112/><U62/><E98/><V78/><F132/><W17/><G134/><T61/><D121/><U85/><E62/><V135/><F135/><W120/><G120/><T66/><D111/><U90/><E47/><V39/><F108/><W106/><G126/><N who="2" m="48169" /><F20/><W11/><G67/><T122/><D122/><U48/><E48/><V92/><F39/><W71/><G71/><T42/><D129/><U86/><E107/><V40/><F40/><W76/><G45/><T21/><D116/><U37/><E119/><V13/><F1/><W31/><G31/><T130/><D3/><U24/><E24/><V128/><F44/><W50/><G11/><T65/><D32/><U87/><E87/><N who="2" m="48567" /><F128/><W101/><G101/><T109/><D130/><U7/><E131/><V0/><F0/><W29/><G29/><T43/><D109/><U5/><REACH who="1" step="1"/><E90/><REACH who="1" ten="220,180,233,357" step="2"/><V14/><F14/><W64/><G97/><T25/><D96/><U12/><E12/><V23/><F23/><W73/><G22/><T104/><D21/><U59/><E59/><V99/><F99/><W16/><G58/><T115/><D15/><U91/><E91/><V41/><F41/><W63/><G106/><T38/><D104/><U88/><E88/><V46/><F46/><W52/><G100/><T57/><D42/><U18/><E18/><V56/><F56/><W74/><G17/><T36/><D43/><U117/><E117/><V9/><AGARI ba="0,1" hai="6,9,13,28,30,92,94,95" m="48567,48169" machi="9" ten="40,3900,0" yaku="18,1,52,1" doraHai="2" who="2" fromWho="2" sc="220,-13,180,-13,233,49,357,-13" /><INIT seed="2,1,0,0,4,77" ten="207,167,282,344" oya="2" hai0="3,50,78,53,107,72,108,60,46,69,73,75,41" hai1="11,87,71,14,91,23,112,117,122,105,5,34,54" hai2="109,30,48,103,43,123,32,10,33,113,84,76,19" hai3="97,96,124,38,79,67,1,57,49,64,134,116,102"/><V37/><F113/><W120/><G116/><T22/><D108/><U4/><E117/><V70/><F70/><W36/><G120/><T47/><D107/><U16/><E112/><V118/><F37/><W51/><G1/><T66/><D3/><U15/><E105/><V132/><F132/><W63/><G79/><T26/><D78/><U111/><E34/><V58/><F123/><W7/><G7/><T45/><REACH who="0" step="1"/><D41/><REACH who="0" ten="197,167,282,344" step="2"/><U2/><E111/><V92/><F109/><W31/><G134/><T8/><D8/><U98/><E122/><V119/><F118/><W95/><G124/><T89/><D89/><U83/><E2/><V131/><F119/><W27/><G38/><T128/><D128/><U125/><E125/><V133/><F131/><W110/><G36/><T130/><D130/><U9/><E71/><V74/><F133/><W62/><G110/><T106/><D106/><U90/><E90/><V6/><F76/><W42/><G42/><T52/><D52/><U80/><E54/><V115/><F115/><W29/><G97/><T68/><D68/><U99/><E83/><V104/><F104/><W40/><G40/><T39/><D39/><U55/><E55/><V93/><F43/><W17/><G96/><T86/><D86/><U135/><E135/><V12/><F84/><W28/><G102/><T81/><D81/><U127/><E127/><V25/><F103/><W13/><G95/><T88/><D88/><U85/><E85/><V94/><F74/><W35/><G67/><T114/><D114/><U59/><E59/><V21/><F6/><W129/><G129/><RYUUKYOKU ba="1,1" sc="197,10,167,10,282,10,344,-30" hai0="22,26,45,46,47,50,53,60,66,69,72,73,75" hai1="4,5,9,11,14,15,16,23,80,87,91,98,99" hai2="10,12,19,21,25,30,32,33,48,58,92,93,94" /><INIT seed="2,2,1,0,2,31" ten="207,177,292,314" oya="2" hai0="61,46,116,95,68,13,111,99,7,56,96,66,47" hai1="117,59,26,4,19,70,65,69,121,21,76,101,64" hai2="58,106,44,105,43,93,12,100,23,113,55,35,108" hai3="8,92,60,17,88,80,78,41,57,103,120,36,72"/><V11/><F113/><W29/><G120/><T0/><D111/><U133/><E117/><V86/><F108/><W3/><G29/><T16/><D116/><U130/><E133/><V2/><F2/><W134/><G134/><T14/><D0/><U5/><E130/><V18/><F35/><W110/><G110/><T15/><D68/><U119/><E119/><V45/><F105/><W1/><G17/><T71/><D71/><U87/><E101/><V30/><F106/><W129/><G129/><T52/><D7/><U114/><E70/><V74/><F74/><W34/><G34/><T27/><D27/><U125/><E125/><V107/><F107/><W37/><G103/><N who="0" m="60831" /><D99/><U135/><E69/><V62/><F43/><W122/><G122/><T118/><D118/><U49/><E114/><V91/><REACH who="2" step="1"/><F100/><REACH who="2" ten="207,177,282,314" step="2"/><W75/><G72/><T124/><D124/><U20/><E135/><V84/><F84/><W115/><G115/><T38/><D38/><U89/><E121/><V97/><F97/><W51/><G1/><T67/><D67/><U39/><E65/><V109/><F109/><W127/><G3/><T132/><D132/><U77/><E39/><V85/><F85/><W32/><G37/><T81/><D66/><U79/><E64/><V10/><F10/><W42/><G8/><N who="0" m="6183" /><D81/><N who="1" m="49391" /><E21/><V24/><AGARI ba="2,2" hai="11,12,18,23,24,30,44,45,55,58,62,86,91,93" machi="24" ten="30,6000,0" yaku="1,1,0,1,8,1,53,0" doraHai="31" doraHaiUra="28" who="2" fromWho="2" sc="207,-22,177,-22,282,86,314,-22" /><INIT seed="2,3,0,4,4,24" ten="185,155,368,292" oya="2" hai0="108,112,86,19,80,74,0,16,21,43,81,30,5" hai1="109,82,118,41,64,32,23,65,128,131,27,25,68" hai2="39,59,2,63,38,79,90,49,123,124,99,45,85" hai3="132,56,127,126,116,36,51,107,94,129,119,13,66"/><V61/><F123/><W91/><G107/><T22/><D112/><U84/><E118/><V57/><F2/><W20/><G36/><T11/><D108/><U35/><E41/><V103/><F124/><N who="3" m="47659" /><G132/><T31/><D43/><U46/><E46/><V53/><F79/><W26/><G13/><T101/><D101/><U75/><E75/><V60/><F39/><W9/><G9/><T17/><D74/><U69/><E84/><V121/><F121/><W77/><G77/><T50/><D50/><U12/><E12/><V76/><F76/><W47/><G56/><T42/><D42/><U7/><E23/><V34/><F34/><W10/><G10/><T92/><D80/><U28/><E82/><V29/><F38/><W6/><G6/><T73/><D73/><U70/><E7/><V134/><F134/><W55/><G66/><T113/><D113/><U62/><E109/><V93/><REACH who="2" step="1"/><F29/><REACH who="2" ten="185,155,358,292" step="2"/><N who="3" m="17607" /><G129/><N who="1" m="49738" /><E65/><V122/><F122/><W14/><G14/><T52/><D0/><U88/><E35/><V115/><F115/><W1/><G1/><T8/><D30/><U4/><E27/><V100/><F100/><W15/><G15/><T44/><D31/><U67/><E67/><V83/><AGARI ba="3,1" hai="45,49,53,57,59,60,61,63,83,85,90,93,99,103" machi="83" ten="30,6000,0" yaku="1,1,0,1,8,1,53,0" doraHai="24" doraHaiUra="72" who="2" fromWho="2" sc="185,-23,155,-23,358,79,292,-23" /><INIT seed="2,4,0,2,3,10" ten="162,132,437,269" oya="2" hai0="109,73,31,67,74,6,46,12,98,64,92,119,24" hai1="121,76,29,53,85,93,107,87,108,61,33,51,11" hai2="78,38,22,120,125,123,19,80,114,77,5,39,118" hai3="7,56,113,72,117,42,0,40,75,91,18,101,2"/><V36/><F114/><W25/><G113/><T110/><D119/><U13/><E107/><V132/><F125/><W58/><G117/><T131/><D131/><U88/><E108/><N who="0" m="41577" /><D46/><U102/><E121/><V105/><F118/><W66/><G101/><N who="0" m="60615" /><D24/><U21/><E33/><V95/><F132/><W112/><G91/><T9/><D31/><U32/><E32/><V104/><F5/><W23/><G112/><T124/><D124/><U3/><E3/><V14/><F95/><W47/><G42/><T96/><D96/><U52/><E102/><V28/><F28/><W44/><G44/><T81/><D81/><N who="1" m="47271" /><E61/><V79/><REACH who="2" step="1"/><F80/><REACH who="2" ten="162,132,427,269" step="2"/><W99/><G7/><T84/><D6/><N who="1" m="3319" /><E51/><V17/><F17/><W45/><G18/><T62/><D62/><U83/><E83/><V129/><F129/><W69/><G2/><T86/><D73/><U35/><E35/><V94/><F94/><W100/><G0/><T59/><D74/><U130/><E130/><V63/><F63/><W111/><G75/><T103/><D103/><U54/><E29/><V90/><F90/><W34/><G72/><T134/><D134/><U1/><E1/><V97/><F97/><W30/><G111/><T122/><D122/><AGARI ba="4,1" hai="14,19,22,36,38,39,77,78,79,104,105,120,122,123" machi="122" ten="50,4800,0" yaku="1,1,52,1,53,0" doraHai="10" doraHaiUra="135" who="2" fromWho="0" sc="162,-60,132,0,427,70,269,0" /><INIT seed="2,5,0,5,3,20" ten="102,132,497,269" oya="2" hai0="114,70,81,4,72,5,35,92,11,66,47,117,76" hai1="22,57,46,69,110,64,71,10,116,84,39,77,3" hai2="128,49,32,85,1,91,15,59,86,67,102,53,79" hai3="73,125,97,62,37,38,68,29,9,95,87,55,131"/><V96/><F128/><W33/><G73/><T19/><D114/><U93/><E116/><V120/><F120/><W132/><G131/><T43/><D35/><U40/><E110/><V14/><F1/><W54/><G132/><T75/><D117/><U27/><E57/><V13/><F32/><W48/><G125/><T105/><D105/><U36/><E36/><V8/><F67/><W118/><G118/><T74/><D92/><U127/><E64/><V2/><F79/><W111/><G111/><T51/><D19/><U98/><E127/><V119/><F119/><W23/><G9/><T63/><D4/><U24/><E22/><V112/><F112/><W0/><G87/><T113/><D113/><U56/><E56/><V17/><F2/><W124/><G0/><T134/><D134/><U100/><E71/><V30/><F30/><W52/><G48/><T34/><D34/><U12/><E69/><V104/><REACH who="2" step="1"/><F86/><REACH who="2" ten="102,132,487,269" step="2"/><W94/><G33/><T90/><REACH who="0" step="1"/><D90/><REACH who="0" ten="92,132,487,269" step="2"/><U123/><E123/><V126/><F126/><W115/><G124/><T121/><D121/><U65/><E3/><AGARI ba="5,2" hai="3,5,11,43,47,51,63,66,70,72,74,75,76,81" machi="3" ten="30,2000,0" yaku="1,1,7,1,53,0" doraHai="20" doraHaiUra="25" who="0" fromWho="1" sc="92,55,132,-35,487,0,269,0" /><INIT seed="3,0,0,2,5,46" ten="147,97,487,269" oya="3" hai0="118,81,41,72,93,7,124,103,2,62,33,26,3" hai1="71,44,92,82,43,30,115,134,122,120,67,49,36" hai2="35,109,125,123,96,12,48,51,117,128,121,14,37" hai3="0,40,80,88,112,50,85,24,68,94,61,65,60"/><W11/><G112/><T113/><D118/><U18/><E30/><V22/><F37/><W70/><G24/><T47/><D113/><U111/><E92/><V98/><F109/><W76/><G0/><T34/><D124/><U101/><E101/><V75/><F22/><W16/><G61/><T13/><D62/><U55/><E82/><V64/><F128/><W126/><G126/><T90/><D103/><U15/><E134/><V29/><F125/><W84/><G68/><T1/><D81/><U4/><E4/><V53/><F53/><W21/><G11/><T91/><D72/><U132/><E132/><V108/><F108/><W133/><G133/><T23/><D91/><U135/><E135/><V31/><F64/><W19/><REACH who="3" step="1"/><G21/><REACH who="3" ten="147,97,487,259" step="2"/><T79/><D13/><U27/><E115/><V86/><F117/><W127/><G127/><T78/><D7/><U102/><E27/><V5/><F5/><W129/><G129/><T52/><D33/><U39/><E111/><V99/><F35/><W131/><G131/><T17/><D34/><U114/><E114/><V105/><F105/><W74/><G74/><T25/><D25/><U9/><E71/><V45/><F75/><W42/><G42/><T38/><D41/><U58/><E67/><V56/><F121/><W10/><G10/><T20/><D20/><U73/><E73/><V130/><F123/><W116/><G116/><T100/><D2/><U89/><E122/><V110/><F130/><W83/><G83/><T106/><D1/><U97/><E120/><V6/><F110/><W69/><G69/><T8/><D3/><RYUUKYOKU ba="0,1" sc="147,-10,97,-10,487,-10,259,30" hai3="16,19,40,50,60,65,70,76,80,84,85,88,94" /><INIT seed="3,1,1,4,3,40" ten="137,87,477,289" oya="3" hai0="8,124,52,19,6,32,65,18,98,85,80,47,30" hai1="34,29,78,95,39,114,15,110,68,56,66,38,12" hai2="13,14,133,126,112,93,90,58,135,2,87,82,35" hai3="42,9,23,75,92,94,54,10,130,79,101,49,77"/><W97/><G130/><T118/><D124/><U96/><E114/><V76/><F2/><W111/><G111/><T127/><D127/><U36/><E68/><V121/><F126/><W44/><G23/><T86/><D118/><U105/><E105/><V72/><F35/><W61/><G75/><T122/><D122/><U123/><E78/><V59/><F112/><W26/><G26/><T71/><D98/><U25/><E123/><V28/><F28/><W20/><G20/><T51/><D30/><U73/><E73/><V45/><F121/><W0/><G94/><T106/><D32/><U24/><E24/><V128/><F128/><W3/><G3/><T89/><D106/><U88/><REACH who="1" step="1"/><E110/><REACH who="1" ten="137,77,477,289" step="2"/><V103/><F133/><W107/><G107/><T63/><REACH who="0" step="1"/><D86/><REACH who="0" ten="127,77,477,289" step="2"/><U21/><E21/><V125/><F125/><W57/><G0/><AGARI ba="1,3" hai="0,6,8,18,19,47,51,52,63,65,71,80,85,89" machi="0" ten="30,8000,1" yaku="1,1,2,1,7,1,52,1,54,1,53,0" doraHai="40" doraHaiUra="134" who="0" fromWho="3" sc="127,113,77,0,477,0,289,-83" /><INIT seed="4,0,0,5,3,51" ten="240,77,477,206" oya="0" hai0="20,128,55,50,23,67,117,77,14,93,19,112,29" hai1="0,82,99,42,130,90,111,9,3,25,61,6,108" hai2="66,34,75,47,13,70,37,129,11,63,109,125,38" hai3="118,76,78,57,84,72,120,107,122,28,17,95,123"/><T124/><D112/><U103/><E130/><V79/><F125/><W45/><G28/><T36/><D117/><U121/><E121/><V81/><F129/><W18/><G118/><T113/><D128/><U26/><E42/><V135/><F135/><W69/><G69/><T105/><D124/><U87/><E3/><V104/><F109/><W10/><G107/><T44/><D105/><U46/><E46/><V41/><F34/><W92/><G45/><T89/><D113/><U65/><E111/><V33/><F33/><W86/><G57/><T74/><D67/><U21/><E108/><V127/><F104/><W73/><G10/><T96/><D36/><U8/><E8/><V97/><F127/><W59/><G59/><T7/><D7/><U56/><REACH who="1" step="1"/><E21/><REACH who="1" ten="240,67,477,206" step="2"/><V91/><F37/><W131/><G131/><T52/><D23/><U71/><E71/><V85/><F38/><W39/><G39/><T80/><REACH who="0" step="1"/><D29/><REACH who="0" ten="230,67,477,206" step="2"/><U88/><E88/><V133/><F91/><W116/><G116/><T22/><D22/><U60/><E60/><V102/><F63/><W110/><G122/><T54/><AGARI ba="0,2" hai="14,19,20,44,50,52,54,55,74,77,80,89,93,96" machi="54" ten="20,18000,2" yaku="1,1,0,1,7,1,52,3,54,1,53,0" doraHai="51" doraHaiUra="4" who="0" fromWho="0" sc="230,200,67,-60,477,-60,206,-60" /><INIT seed="4,1,0,2,3,12" ten="430,7,417,146" oya="0" hai0="120,0,126,123,57,61,64,93,72,115,79,81,32" hai1="47,44,59,9,22,68,41,107,128,29,103,135,89" hai2="110,91,77,82,63,5,66,14,100,97,109,20,58" hai3="111,10,124,104,16,51,25,19,94,75,43,15,112"/><T18/><D32/><U33/><E128/><V70/><F91/><W34/><G111/><T13/><D0/><U8/><E33/><V98/><F70/><W117/><G117/><T102/><D115/><U78/><E68/><V60/><F60/><W113/><G104/><T122/><D126/><U3/><E135/><V95/><F97/><W21/><G75/><T38/><D38/><U80/><E59/><V27/><F14/><W45/><G124/><T92/><REACH who="0" step="1"/><D102/><REACH who="0" ten="420,7,417,146" step="2"/><U53/><E103/><V133/><F133/><W1/><G1/><T73/><D73/><U37/><E3/><V105/><F105/><W26/><G34/><T125/><D125/><U24/><E107/><V30/><REACH who="2" step="1"/><F5/><REACH who="2" ten="420,7,407,146" step="2"/><W4/><G112/><T129/><D129/><U101/><E101/><V114/><F114/><W7/><G113/><T54/><D54/><U31/><E53/><V96/><F96/><W49/><G4/><T39/><D39/><U108/><E37/><V76/><F76/><W106/><G106/><T131/><D131/><U2/><E78/><V65/><F65/><W71/><G7/><T83/><D83/><U119/><E80/><V62/><F62/><W50/><G94/><T56/><D56/><U130/><E130/><V46/><F46/><W67/><G67/><T121/><N who="0" m="30720" /><DORA hai="132" /><T42/><D42/><U55/><E41/><V6/><F6/><N who="3" m="3543" /><G71/><T35/><D35/><U36/><E36/><V40/><F40/><W84/><G43/><T118/><D118/><U87/><E119/><V86/><AGARI ba="1,2" hai="20,27,30,58,63,66,77,82,86,95,98,100,109,110" machi="86" ten="20,12000,2" yaku="1,1,0,1,7,1,25,2,53,1" doraHai="12,132" doraHaiUra="116,99" who="2" fromWho="2" sc="420,-61,7,-31,407,143,146,-31" owari="359,16.0,-24,-52.0,550,64.0,115,-28.0" /></mjloggm>