<mjloggm ver="2.3"><GO type="41" lobby="0"/><UN n0="%E5%A4%8F%E3%81%AE%E3%83%A2%E3%82%BA" n1="%E2%93%9D%53%75%70%68%78" n2="%46%72%65%65%4C%69%66%65" n3="%E6%84%9B%E9%9B%84" dan="14,18,14,14" rate="1930.51,2150.58,1893.54,1946.36" sx="M,M,M,M"/><TAIKYOKU oya="0"/><INIT seed="0,0,0,2,4,124" ten="250,250,250,250" oya="0" hai0="110,129,135,24,12,25,16,81,18,104,101,2,3" hai1="87,52,86,47,22,92,28,36,31,42,1,131,111" hai2="134,115,114,65,130,68,48,10,79,45,46,40,38" hai3="108,41,90,58,91,35,78,72,75,32,57,80,62"/><T97/><D135/><U37/><E1/><V123/><F79/><W30/><G108/><T95/><D110/><U106/><E106/><V71/><F10/><W113/><G113/><N who="2" m="43017" /><F123/><W116/><G116/><T118/><D118/><U29/><E111/><V107/><F107/><W102/><G102/><T133/><D133/><U66/><E66/><V17/><F17/><W4/><G4/><T132/><D132/><U8/><E8/><V103/><F103/><W119/><G119/><T69/><D69/><N who="2" m="26698" /><F134/><W127/><G41/><T76/><D129/><U121/><E121/><V49/><F65/><W74/><G127/><T7/><D104/><U59/><E131/><V20/><F20/><W13/><G13/><T125/><D125/><U85/><E37/><V15/><F15/><W128/><G128/><T89/><D101/><U99/><E22/><V64/><F130/><W14/><G14/><T98/><D98/><U21/><E21/><V73/><F73/><W117/><G117/><T27/><D7/><U67/><E67/><V43/><F64/><W100/><G100/><T23/><REACH who="0" step="1"/><D18/><REACH who="0" ten="240,250,250,250" step="2"/><U84/><E99/><V53/><F38/><W109/><G109/><T50/><D50/><N who="2" m="19562" /><F53/><W54/><G54/><T63/><D63/><U11/><E52/><V70/><N who="2" m="26706" /><V88/><DORA hai="120" /><F88/><W112/><G62/><T60/><D60/><U105/><E105/><V82/><F82/><W93/><G91/><T39/><D39/><U44/><E36/><V5/><F5/><W19/><G112/><T56/><D56/><N who="3" m="21609" /><G19/><T9/><D9/><U61/><E11/><V122/><F122/><RYUUKYOKU ba="0,1" sc="240,15,250,-15,250,15,250,-15" hai0="2,3,12,16,23,24,25,27,76,81,89,95,97" hai2="40,43,45,46" /><INIT seed="0,1,1,0,3,80" ten="255,235,265,235" oya="0" hai0="46,19,30,54,124,96,56,52,71,109,69,37,89" hai1="121,18,0,21,20,5,45,68,78,6,41,132,38" hai2="134,133,7,90,42,75,15,34,44,48,119,72,63" hai3="49,53,32,13,81,24,126,99,31,97,104,64,76"/><T39/><D124/><U115/><E121/><V107/><F34/><W77/><G126/><T83/><D30/><U28/><E68/><V105/><F119/><W60/><G13/><T88/><D109/><U79/><E132/><N who="2" m="50795" /><F63/><W66/><G66/><T91/><D19/><U112/><E28/><V84/><F15/><W8/><G8/><T43/><D37/><U17/><E45/><V23/><F23/><W14/><G14/><T11/><D11/><U86/><E41/><V102/><F7/><W110/><G110/><T114/><D114/><U9/><E9/><V117/><F117/><W98/><G76/><T61/><D54/><U12/><E12/><V1/><F1/><W74/><G53/><T47/><D47/><U58/><E58/><V122/><F122/><W93/><G49/><T22/><D22/><U82/><E38/><V101/><F48/><W3/><G3/><T128/><D128/><U123/><E123/><V26/><F26/><W129/><G129/><T57/><D57/><U70/><E70/><V106/><F44/><W95/><G104/><N who="2" m="26625" /><V16/><DORA hai="35" /><F16/><W118/><REACH who="3" step="1"/><G118/><REACH who="3" ten="255,235,265,225" step="2"/><T4/><D4/><U111/><E111/><V85/><F42/><W120/><G120/><T94/><REACH who="0" step="1"/><D83/><REACH who="0" ten="245,235,265,225" step="2"/><U87/><E82/><N who="2" m="49431" /><F85/><W113/><G113/><T65/><D65/><U125/><E125/><V36/><F36/><W40/><G40/><T67/><D67/><U108/><E108/><V103/><AGARI ba="1,3" hai="72,75,101,102,103" m="49431,26625,50795" machi="103" ten="50,8000,1" yaku="20,1,34,2,52,1" doraHai="80,35" who="2" fromWho="2" sc="245,-41,235,-21,265,113,225,-21" /><INIT seed="1,0,0,0,1,82" ten="204,214,378,204" oya="1" hai0="3,35,37,79,69,15,49,86,62,85,8,70,17" hai1="12,93,9,75,48,133,74,1,111,43,31,42,118" hai2="36,108,87,41,18,120,7,94,28,64,68,78,119" hai3="46,20,95,113,61,132,116,81,19,44,83,55,131"/><U59/><E118/><V11/><F119/><W92/><G132/><T104/><D37/><U122/><E1/><V107/><F120/><W90/><G131/><T126/><D104/><U115/><E122/><V109/><F107/><W101/><G101/><T54/><D35/><U99/><E115/><V0/><F28/><W73/><G73/><T76/><D3/><U34/><E111/><N who="2" m="42571" /><F18/><W21/><G113/><T66/><D70/><U50/><E31/><V91/><F78/><W39/><G39/><T58/><REACH who="0" step="1"/><D126/><REACH who="0" ten="194,214,378,204" step="2"/><U110/><E34/><V5/><F87/><AGARI ba="0,1" hai="8,15,17,49,54,58,62,66,69,76,79,85,86,87" machi="87" ten="40,12000,2" yaku="1,1,2,1,52,3,53,1" doraHai="82" doraHaiUra="60" who="0" fromWho="2" sc="194,130,214,0,378,-120,204,0" /><INIT seed="2,0,0,4,5,93" ten="324,214,258,204" oya="2" hai0="56,50,45,73,100,96,52,8,55,31,121,79,63" hai1="90,103,57,85,23,88,60,13,19,68,126,65,131" hai2="44,116,51,133,109,12,92,4,42,22,119,110,39" hai3="99,21,10,117,61,47,112,2,86,3,72,87,29"/><V104/><F116/><W98/><G72/><T89/><D121/><U25/><E131/><V70/><F70/><W123/><G123/><T127/><D127/><U27/><E126/><V41/><F119/><W32/><G32/><T24/><D8/><U124/><E124/><V134/><F92/><W80/><G117/><T115/><D115/><U129/><E129/><V62/><F104/><W84/><G3/><T5/><D89/><U128/><E128/><V0/><F0/><W132/><G132/><N who="2" m="50793" /><F22/><W37/><G37/><T114/><D114/><U46/><E68/><V113/><F12/><W106/><G106/><T122/><D122/><U107/><E90/><V111/><F4/><W6/><G47/><T36/><D5/><U7/><E46/><N who="2" m="23871" /><F113/><W38/><G38/><T40/><D79/><U94/><REACH who="1" step="1"/><E7/><REACH who="1" ten="324,204,258,204" step="2"/><V66/><F62/><W130/><G130/><T30/><D63/><U64/><E64/><AGARI ba="0,1" hai="42,44,51,64,66,109,110,111" m="23871,50793" machi="64" ten="40,12000,1" yaku="14,1,10,1,20,1,34,2" doraHai="93" who="2" fromWho="1" sc="324,0,204,-120,258,130,204,0" /><INIT seed="2,1,0,4,5,2" ten="324,84,388,204" oya="2" hai0="66,90,95,56,106,43,35,23,107,131,73,93,57" hai1="27,61,74,26,118,44,37,19,45,70,21,126,46" hai2="115,48,105,79,59,116,86,97,91,54,134,83,102" hai3="52,75,122,55,124,36,41,110,113,69,92,1,129"/><V30/><F116/><W7/><RYUUKYOKU type="yao9" ba="1,0" sc="324,0,84,0,388,0,204,0" hai3="1,7,36,41,52,55,69,75,92,110,113,122,124,129" /><INIT seed="2,2,0,5,3,43" ten="324,84,388,204" oya="2" hai0="60,50,5,23,84,116,13,111,42,6,49,94,45" hai1="130,63,66,127,92,29,20,10,26,81,41,91,68" hai2="9,118,114,31,76,134,65,128,62,18,119,34,33" hai3="22,103,47,88,27,115,89,72,8,77,117,53,12"/><V126/><F76/><W122/><G122/><T35/><D35/><N who="2" m="13322" /><F62/><W105/><G117/><N who="2" m="44553" /><F65/><W75/><G115/><T70/><D111/><U120/><E130/><V14/><F114/><W108/><G108/><T109/><D109/><U7/><E127/><V110/><F110/><W30/><G105/><T97/><D84/><U73/><E120/><V61/><F61/><W69/><G69/><T58/><D70/><U39/><E73/><V135/><F126/><W0/><G0/><T38/><D116/><U106/><E106/><V83/><F83/><W112/><G112/><T85/><D85/><U2/><E81/><V15/><F128/><W52/><G75/><T71/><D71/><U1/><E1/><V25/><F15/><W51/><G103/><T79/><D79/><U80/><E80/><V57/><F57/><W86/><G72/><T129/><D129/><U55/><E66/><V113/><F113/><W87/><G53/><T100/><D23/><AGARI ba="2,0" hai="9,14,18,23,25,31,134,135" m="44553,13322" machi="23" ten="30,2900,0" yaku="34,2" doraHai="43" who="2" fromWho="0" sc="324,-35,84,0,388,35,204,0" /><INIT seed="2,3,0,1,1,34" ten="289,84,423,204" oya="2" hai0="74,130,54,88,99,2,27,84,81,25,133,38,22" hai1="112,3,57,11,98,66,100,108,24,71,103,92,18" hai2="116,113,65,97,131,72,128,31,119,89,37,64,73" hai3="35,93,104,12,1,114,95,0,10,90,121,43,117"/><V19/><F19/><W60/><G104/><T46/><D130/><N who="2" m="49706" /><F31/><W53/><G121/><T86/><D133/><U132/><E108/><V75/><F37/><W8/><G117/><N who="2" m="45129" /><F64/><W118/><G118/><T49/><D2/><U110/><E112/><V4/><F4/><W9/><G35/><T115/><D115/><U111/><E132/><V59/><F59/><W51/><G114/><T124/><D124/><U96/><E57/><V102/><F65/><W41/><G60/><T94/><D38/><U52/><E66/><V23/><F23/><W15/><G53/><T101/><D22/><U45/><E71/><V107/><F113/><W105/><G105/><T61/><D61/><U82/><E111/><V6/><F6/><W67/><G67/><T20/><D20/><U5/><E110/><V16/><F16/><W77/><G77/><N who="0" m="46127" /><D74/><N who="2" m="18946" /><V39/><DORA hai="63" /><F39/><W123/><G123/><T30/><D30/><U26/><E18/><V134/><F89/><W85/><G90/><T83/><AGARI ba="3,0" hai="25,27,46,49,54,83,86,88,94,99,101" m="46127" machi="83" ten="30,2000,0" yaku="8,1,54,1" doraHai="34,63" who="0" fromWho="0" sc="289,29,84,-8,423,-13,204,-8" /><INIT seed="3,0,0,5,0,52" ten="318,76,410,196" oya="3" hai0="127,28,79,81,57,80,25,18,59,70,82,6,65" hai1="42,37,106,114,14,54,4,27,111,67,9,38,40" hai2="104,119,47,45,75,21,94,3,19,30,33,58,1" hai3="73,97,100,5,131,101,12,49,50,46,24,105,32"/><W55/><G73/><T121/><D121/><U125/><E106/><V99/><F75/><W64/><G131/><T35/><D127/><U36/><E114/><V60/><F104/><W29/><G100/><T7/><D18/><U61/><E111/><V0/><F119/><W71/><G50/><T84/><D65/><U69/><E125/><V39/><F39/><W113/><G113/><T53/><D70/><U62/><REACH who="1" step="1"/><E27/><REACH who="1" ten="318,66,410,196" step="2"/><V83/><F94/><W43/><G12/><T41/><D25/><U134/><E134/><V77/><F83/><W10/><G10/><T110/><D110/><U95/><E95/><V17/><F0/><W93/><G93/><T128/><D82/><U48/><E48/><V72/><F1/><W107/><G107/><T74/><D81/><U44/><E44/><V98/><F3/><W135/><G135/><T20/><D80/><U117/><E117/><V116/><F45/><W88/><G88/><T13/><D79/><U91/><E91/><V109/><F47/><W78/><G78/><T120/><D74/><U115/><E115/><V16/><F77/><W92/><G92/><T96/><D120/><U66/><E66/><V23/><F72/><W34/><G43/><T22/><D41/><U108/><E108/><V8/><F116/><W89/><G89/><T31/><D128/><U87/><E87/><V86/><F109/><W26/><G5/><T129/><D6/><U15/><E15/><N who="2" m="7271" /><F86/><W11/><G11/><T112/><D129/><U103/><E103/><V51/><F17/><W130/><G130/><T85/><D85/><U56/><AGARI ba="0,1" hai="4,9,14,36,37,38,40,42,54,56,61,62,67,69" machi="56" ten="40,8000,1" yaku="1,1,5,1,0,1,52,1,53,0" doraHai="52" doraHaiUra="123" who="1" fromWho="1" sc="318,-20,66,90,410,-20,196,-40" /><INIT seed="4,0,0,3,1,77" ten="298,156,390,156" oya="0" hai0="91,87,54,53,70,24,113,109,9,66,63,107,103" hai1="117,43,16,10,94,56,4,128,121,6,29,22,52" hai2="79,32,58,34,108,132,122,44,67,90,33,120,83" hai3="36,3,14,15,25,48,37,55,102,74,28,134,0"/><T131/><D113/><U12/><E128/><V50/><F108/><W38/><G102/><T133/><D131/><U65/><E117/><V8/><F132/><W99/><G134/><T18/><D133/><U2/><E121/><V1/><F90/><W115/><G115/><T62/><D109/><U71/><E43/><V81/><F8/><W40/><G40/><T127/><D127/><U30/><E6/><V11/><F1/><W78/><G99/><T64/><D103/><U7/><E7/><V21/><F11/><W110/><G110/><T57/><D107/><U126/><E126/><V129/><F21/><W100/><G100/><T23/><REACH who="0" step="1"/><D9/><REACH who="0" ten="288,156,390,156" step="2"/><U42/><E2/><V5/><F129/><W27/><G0/><T111/><D111/><U31/><E4/><V41/><F5/><W114/><G3/><T123/><D123/><U85/><E10/><V95/><F122/><W112/><G112/><T125/><D125/><U82/><E94/><AGARI ba="0,1" hai="18,23,24,53,54,57,62,63,64,66,70,87,91,94" machi="94" ten="30,5800,0" yaku="1,1,7,1,53,1" doraHai="77" doraHaiUra="20" who="0" fromWho="1" sc="288,68,156,-58,390,0,156,0" /><INIT seed="4,1,0,0,4,12" ten="356,98,390,156" oya="0" hai0="42,45,107,64,113,31,73,98,114,35,66,47,85" hai1="99,21,29,90,62,4,26,92,15,50,116,3,70" hai2="89,79,80,1,112,23,32,58,71,18,51,61,88" hai3="8,87,95,52,22,41,94,33,9,6,105,97,69"/><T20/><D73/><U104/><E116/><V60/><F112/><N who="0" m="43114" /><D35/><U120/><E120/><V67/><F32/><W19/><G33/><T11/><D85/><U24/><E3/><V106/><F106/><W46/><G105/><T76/><D76/><U34/><E50/><V40/><F1/><W101/><G6/><T30/><D11/><U68/><E104/><V25/><F61/><W37/><G69/><T125/><D125/><U10/><REACH who="1" step="1"/><E62/><REACH who="1" ten="356,88,390,156" step="2"/><V49/><F49/><W110/><G110/><T78/><D107/><U65/><E65/><V118/><F118/><W28/><G28/><AGARI ba="1,1" hai="4,10,15,21,24,26,28,29,34,68,70,90,92,99" machi="28" ten="30,2000,0" yaku="1,1,7,1,53,0" doraHai="12" doraHaiUra="117" who="1" fromWho="3" sc="356,0,88,33,390,0,156,-23" /><INIT seed="5,0,0,0,0,73" ten="356,121,390,133" oya="1" hai0="71,46,95,100,48,116,8,79,108,24,9,77,3" hai1="27,68,18,59,109,36,40,16,2,104,1,70,23" hai2="39,7,32,117,15,21,123,129,82,131,42,130,105" hai3="132,80,126,87,94,57,66,58,54,5,51,31,74"/><U76/><E104/><V64/><F105/><W44/><G132/><T99/><D108/><U17/><E109/><V12/><F32/><W89/><G126/><T98/><D116/><U134/><E134/><V97/><F117/><W84/><G74/><T53/><D71/><U118/><E118/><V125/><F123/><W37/><G37/><T93/><D24/><U88/><E59/><V78/><F97/><W33/><G5/><T13/><D3/><U47/><E76/><N who="0" m="29257" /><D13/><U55/><E55/><V35/><F35/><W20/><G33/><T30/><D30/><U62/><E70/><V114/><F64/><W22/><G31/><T43/><D43/><U91/><E2/><V83/><F83/><W106/><G106/><T124/><D124/><U50/><E1/><V49/><F125/><W60/><REACH who="3" step="1"/><G57/><REACH who="3" ten="356,121,390,123" step="2"/><T65/><D65/><U29/><REACH who="1" step="1"/><E36/><REACH who="1" ten="356,111,390,123" step="2"/><V72/><F39/><W26/><G26/><T128/><D128/><U38/><E38/><V119/><F119/><W81/><G81/><T4/><D4/><U92/><E92/><V61/><F7/><W127/><G127/><T101/><AGARI ba="0,2" hai="8,9,46,48,53,93,95,98,99,100,101" m="29257" machi="101" ten="30,7900,0" yaku="8,1,52,3" doraHai="73" who="0" fromWho="0" sc="356,99,111,-39,390,-20,123,-20" /><INIT seed="6,0,0,3,2,114" ten="455,72,370,103" oya="2" hai0="11,28,56,100,93,130,103,50,122,31,78,107,104" hai1="111,84,85,65,80,110,53,68,44,98,3,19,48" hai2="29,106,60,96,121,135,17,128,127,105,74,97,129" hai3="37,133,13,36,22,90,109,117,54,9,58,79,83"/><V75/><F60/><W49/><G109/><T43/><D122/><U87/><E3/><V91/><F17/><W72/><G133/><T8/><D130/><N who="2" m="50282" /><F29/><W73/><G73/><N who="2" m="27657" /><F121/><W81/><G117/><T64/><D78/><U66/><E68/><V2/><F2/><W126/><G126/><T76/><D76/><U101/><E111/><V4/><F4/><W123/><G123/><T33/><D33/><U6/><E6/><V18/><F18/><W116/><G116/><T51/><D31/><U41/><E110/><V118/><F118/><W12/><G22/><T131/><D28/><U30/><E30/><V52/><F52/><W55/><G55/><T94/><D131/><U99/><E53/><V35/><F35/><W21/><G21/><T39/><D43/><U77/><E19/><V40/><F40/><W119/><G119/><T70/><D64/><U86/><REACH who="1" step="1"/><E99/><REACH who="1" ten="455,62,370,103" step="2"/><N who="2" m="37963" /><F135/><W25/><G54/><T112/><D70/><U45/><E45/><V7/><F7/><W1/><G1/><T62/><D39/><U34/><E34/><V69/><F69/><W16/><G37/><T124/><D62/><U115/><E115/><V92/><F127/><W27/><G36/><T5/><D124/><U102/><E102/><V46/><F46/><W63/><G63/><T15/><D103/><U125/><E125/><V61/><F61/><W24/><G49/><T20/><D51/><U14/><E14/><V67/><F67/><W95/><G13/><T71/><D15/><U59/><E59/><V88/><F91/><W47/><G58/><T38/><D56/><U26/><E26/><RYUUKYOKU ba="0,1" sc="455,-15,62,15,370,15,103,-15" hai1="41,44,48,65,66,77,80,84,85,86,87,98,101" hai2="88,92,105,106" /><INIT seed="6,1,1,5,1,50" ten="440,77,385,88" oya="2" hai0="42,122,71,68,61,121,45,28,93,19,15,36,131" hai1="81,80,20,16,110,96,1,17,48,108,10,35,102" hai2="47,94,75,92,38,0,70,40,23,30,65,21,109" hai3="26,74,84,112,52,87,129,55,34,39,12,126,133"/><V124/><F124/><W119/><G119/><T78/><D131/><U135/><E35/><V27/><F109/><W91/><G74/><T54/><D28/><U11/><E135/><V9/><F75/><W98/><G39/><T69/><D78/><U104/><E1/><V49/><F21/><W115/><G133/><T90/><D61/><U44/><E110/><V125/><F125/><W118/><G126/><T59/><D93/><U99/><E108/><V3/><F3/><W2/><G2/><T85/><D85/><N who="3" m="32841" /><G129/><T66/><D90/><U72/><E99/><V77/><F77/><W31/><G12/><T100/><D100/><U88/><E72/><V18/><F38/><W58/><G58/><T60/><D121/><U46/><E46/><V116/><F116/><W22/><G22/><T107/><D107/><U14/><E88/><V53/><F40/><W7/><G7/><T29/><D29/><U123/><E123/><V130/><F130/><W24/><G24/><T83/><D122/><U101/><E101/><V33/><F65/><W113/><G118/><T79/><D71/><U32/><E32/><V105/><F70/><W134/><G134/><T8/><REACH who="0" step="1"/><D66/><REACH who="0" ten="430,77,385,88" step="2"/><U95/><E104/><V128/><F128/><W13/><G13/><T25/><D25/><N who="1" m="14471" /><E11/><V4/><REACH who="2" step="1"/><F105/><REACH who="2" ten="430,77,375,88" step="2"/><W132/><G132/><T117/><D117/><U120/><E120/><V62/><F62/><W86/><G98/><T6/><D6/><U106/><E106/><V73/><F73/><W97/><G97/><T63/><D63/><U76/><E76/><V56/><F56/><W43/><G43/><AGARI ba="1,3" hai="10,14,17,43,44,48,80,81,95,96,102" m="14471" machi="43" ten="30,3900,0" yaku="6,1,8,1,54,1" doraHai="50" who="1" fromWho="3" sc="430,0,77,72,375,0,88,-42" /><INIT seed="7,0,0,3,5,116" ten="430,149,375,46" oya="3" hai0="117,135,134,33,15,129,31,50,115,112,28,69,23" hai1="84,12,114,72,40,11,71,63,42,8,100,9,126" hai2="60,107,93,77,18,65,41,32,132,87,16,96,102" hai3="131,56,44,51,113,98,2,67,7,111,95,79,120"/><W48/><G113/><N who="0" m="43595" /><D69/><U29/><E126/><V34/><F132/><N who="0" m="50730" /><D117/><U101/><E72/><V58/><F41/><N who="1" m="15977" /><E71/><V80/><REACH who="2" step="1"/><F107/><REACH who="2" ten="430,149,365,46" step="2"/><W70/><G131/><T59/><D129/><U53/><E114/><V21/><F21/><W127/><G127/><T73/><D23/><U94/><E11/><V104/><F104/><W86/><G120/><T103/><D103/><U26/><E9/><V88/><F88/><W19/><G111/><T52/><D33/><AGARI ba="0,1" hai="16,18,32,33,34,58,60,65,77,80,87,93,96,102" machi="33" ten="40,2600,0" yaku="1,1,54,1,53,0" doraHai="116" doraHaiUra="133" who="2" fromWho="0" sc="430,-26,149,0,365,36,46,0" owari="404,50.0,149,-25.0,401,20.0,46,-45.0" /></mjloggm>