<mjloggm ver="2.3"><GO type="41" lobby="0"/><UN n0="%E5%A4%A7%E9%98%AA%E3%81%BE%E3%82%81%E3%82%93%33" n1="%E3%81%8A%E3%83%BC%E3%81%93%E3%83%BC" n2="%74%61%6B%65%72%73%73%73" n3="%E2%93%9D%53%75%70%68%78" dan="14,15,16,18" rate="1955.08,1934.51,2085.30,2106.96" sx="M,M,M,M"/><TAIKYOKU oya="0"/><INIT seed="0,0,0,1,3,86" ten="250,250,250,250" oya="0" hai0="90,110,48,45,18,1,2,84,99,85,120,83,134" hai1="34,44,115,108,128,47,96,111,53,69,67,80,132" hai2="118,36,11,39,105,0,131,63,82,117,76,102,97" hai3="20,12,123,61,38,56,59,21,62,3,93,71,72"/><T27/><D120/><U25/><E128/><V52/><F131/><W77/><G38/><T6/><D134/><U70/><E132/><V66/><F0/><W17/><G71/><T13/><D99/><U7/><E115/><V122/><F11/><W81/><G3/><T64/><D6/><U41/><E7/><V37/><F52/><W26/><G123/><T40/><D27/><U127/><E53/><V9/><F9/><W15/><G93/><T101/><D101/><U23/><E127/><V98/><F122/><W121/><G121/><T124/><D124/><U57/><E57/><V135/><F135/><W46/><G46/><T133/><D133/><U92/><E80/><V103/><F82/><W60/><REACH who="3" step="1"/><G15/><REACH who="3" ten="250,250,250,240" step="2"/><T16/><D2/><U112/><E44/><V14/><F14/><W129/><G129/><T78/><D1/><U8/><E47/><V29/><F29/><AGARI ba="0,1" hai="12,17,20,21,26,29,56,59,60,61,62,72,77,81" machi="29" ten="40,2600,0" yaku="1,1,53,1" doraHai="86" doraHaiUra="107" who="3" fromWho="2" sc="250,0,250,0,250,-26,240,36" /><INIT seed="1,0,0,2,2,42" ten="250,250,224,276" oya="1" hai0="47,20,106,98,79,62,19,95,78,63,90,5,81" hai1="111,122,18,38,59,82,24,1,52,30,23,88,3" hai2="37,128,54,114,50,130,2,34,21,45,116,67,33" hai3="61,86,29,120,132,76,87,119,51,110,43,6,115"/><U46/><E122/><V133/><F2/><W80/><G115/><T108/><D5/><U40/><E111/><V64/><F114/><W103/><G132/><T9/><D9/><U123/><E123/><V32/><F116/><W100/><G29/><T14/><D108/><U121/><E121/><V44/><F133/><W129/><G129/><N who="2" m="49769" /><F21/><W107/><G107/><T83/><D106/><U27/><E82/><V109/><F109/><W26/><G119/><T118/><D118/><U85/><E88/><V135/><F135/><W117/><G103/><T35/><D35/><N who="2" m="8962" /><V74/><DORA hai="55" /><F74/><W112/><G112/><T105/><D105/><U16/><E85/><V97/><F97/><W36/><G87/><T96/><D98/><U92/><E92/><V49/><F37/><W125/><G36/><T0/><D0/><U93/><E93/><V22/><F22/><W66/><G110/><T84/><REACH who="0" step="1"/><D47/><REACH who="0" ten="240,250,224,276" step="2"/><N who="2" m="17994" /><F50/><W56/><G51/><T8/><D8/><U15/><E1/><V60/><F60/><W131/><G61/><T53/><D53/><U113/><E3/><V126/><F126/><W101/><G125/><T17/><D17/><U94/><E18/><V7/><F7/><W127/><G127/><T72/><AGARI ba="0,1" hai="14,19,20,62,63,72,78,79,81,83,84,90,95,96" machi="72" ten="20,8000,1" yaku="1,1,0,1,7,1,53,2" doraHai="42,55" doraHaiUra="71,73" who="0" fromWho="0" sc="240,90,250,-40,224,-20,276,-20" /><INIT seed="2,0,0,5,5,111" ten="330,210,204,256" oya="2" hai0="14,42,96,76,34,51,20,8,84,26,11,31,86" hai1="122,23,50,110,117,19,127,47,58,98,100,105,107" hai2="3,0,7,62,89,49,12,118,40,48,129,25,5" hai3="2,80,30,78,44,9,18,21,59,114,92,37,67"/><V125/><F118/><W128/><G128/><T116/><D116/><U99/><E117/><V38/><F129/><W22/><G30/><T69/><D69/><U87/><E110/><V66/><F125/><W24/><G92/><T32/><D11/><U64/><E127/><V132/><F132/><W13/><G2/><T124/><D124/><U85/><E122/><V71/><F38/><W28/><G114/><T55/><D96/><U90/><E58/><V121/><F121/><W29/><G37/><T63/><D63/><U35/><E64/><V4/><F25/><W60/><G44/><T6/><D42/><U54/><E35/><V97/><F12/><W83/><G78/><T53/><D53/><U1/><E1/><V102/><F89/><W119/><G119/><T56/><D76/><U134/><E134/><V33/><F33/><W112/><G112/><T91/><REACH who="0" step="1"/><D84/><REACH who="0" ten="320,210,204,256" step="2"/><U101/><REACH who="1" step="1"/><E90/><REACH who="1" ten="320,200,204,256" step="2"/><V135/><F135/><W75/><G67/><T39/><D39/><U82/><E82/><AGARI ba="0,2" hai="6,8,14,20,26,31,32,34,51,55,56,82,86,91" machi="82" ten="30,2000,0" yaku="1,1,7,1,53,0" doraHai="111" doraHaiUra="106" who="0" fromWho="1" sc="320,40,200,-20,204,0,256,0" /><INIT seed="3,0,0,0,1,51" ten="360,180,204,256" oya="3" hai0="58,41,90,56,131,59,49,63,10,64,76,20,14" hai1="107,115,26,66,17,38,94,122,96,127,124,83,86" hai2="92,109,11,77,111,108,37,114,47,117,46,35,128" hai3="67,9,87,42,132,113,118,78,70,8,31,65,36"/><W69/><G113/><T30/><D131/><U5/><E115/><V24/><F114/><W15/><G31/><T130/><D130/><U134/><E122/><V98/><F128/><W101/><G101/><T81/><D90/><U75/><E38/><V55/><F77/><W16/><G132/><T112/><D112/><U44/><E134/><V48/><F117/><W120/><G120/><T110/><D110/><U27/><E107/><V91/><F11/><W102/><G102/><T45/><D20/><U119/><E66/><V25/><REACH who="2" step="1"/><F35/><REACH who="2" ten="360,180,194,256" step="2"/><W19/><G118/><T95/><D30/><U32/><E119/><V89/><F89/><W40/><G78/><T73/><D95/><U50/><E32/><V61/><F61/><W39/><G87/><T57/><D73/><U72/><E72/><V7/><F7/><W60/><G60/><T34/><D34/><U12/><E5/><V74/><F74/><W22/><G22/><T62/><D76/><U85/><E75/><V43/><AGARI ba="0,1" hai="24,25,37,43,46,47,48,55,91,92,98,108,109,111" machi="43" ten="40,8000,1" yaku="1,1,0,1,14,1,52,1,53,1" doraHai="51" doraHaiUra="93" who="2" fromWho="2" sc="360,-20,180,-20,194,90,256,-40" /><INIT seed="4,0,0,5,0,103" ten="340,160,284,216" oya="0" hai0="60,111,75,20,91,79,56,134,88,30,76,11,106" hai1="72,49,1,108,102,7,92,18,71,74,54,40,5" hai2="125,26,44,24,126,104,22,98,128,101,97,10,115" hai3="135,57,3,16,39,8,34,23,70,80,87,35,118"/><T94/><D106/><U65/><E108/><V129/><F10/><W42/><G70/><T109/><D11/><U89/><E102/><N who="2" m="62543" /><F44/><W59/><G118/><T78/><D75/><U119/><E40/><V4/><F4/><W81/><G135/><T68/><D68/><U50/><E119/><V64/><F64/><W116/><G81/><T6/><D6/><U93/><E18/><V86/><F24/><W61/><G59/><T95/><D134/><U47/><E50/><V122/><F122/><W114/><G114/><T62/><D20/><U107/><E107/><N who="2" m="63927" /><F86/><W131/><G8/><T133/><D30/><U53/><E53/><V38/><F38/><W82/><G39/><T32/><D133/><U2/><E7/><V36/><F36/><W28/><G28/><T110/><D32/><U121/><E121/><V29/><F115/><W112/><G112/><T69/><D69/><U73/><E5/><V14/><F14/><W13/><G13/><T9/><D9/><U99/><E65/><V45/><F45/><W100/><G116/><T83/><D56/><U66/><E66/><V130/><AGARI ba="0,0" hai="22,26,29,125,126,128,129,130" m="63927,62543" machi="130" ten="40,5200,0" yaku="19,1,52,2" doraHai="103" who="2" fromWho="2" sc="340,-26,160,-13,284,52,216,-13" /><INIT seed="5,0,0,5,4,112" ten="314,147,336,203" oya="1" hai0="116,79,2,8,44,32,85,101,24,117,53,103,104" hai1="3,130,111,99,105,97,92,5,33,77,72,96,87" hai2="98,133,89,107,27,39,51,109,125,131,134,31,54" hai3="127,13,118,12,0,25,123,129,122,63,7,30,52"/><U49/><E33/><V115/><F109/><W59/><G129/><T68/><D101/><U17/><E17/><V21/><F39/><W64/><G127/><T43/><D53/><U114/><E114/><V15/><F115/><W80/><G0/><T55/><D55/><U47/><E130/><V124/><F131/><W11/><G13/><T18/><D85/><U67/><E111/><V121/><F15/><W23/><G118/><T42/><D79/><U48/><E105/><V61/><F61/><W38/><G38/><N who="0" m="21591" /><D43/><U28/><E28/><V93/><F107/><W10/><G10/><T14/><D68/><U29/><E29/><V100/><F100/><W83/><REACH who="3" step="1"/><G64/><REACH who="3" ten="314,147,336,193" step="2"/><T58/><D2/><U88/><E67/><V135/><REACH who="2" step="1"/><F121/><AGARI ba="0,1" hai="7,11,12,23,25,30,52,59,63,80,83,121,122,123" machi="121" ten="40,8000,1" yaku="1,1,2,1,54,1,53,1" doraHai="112" doraHaiUra="26" who="3" fromWho="2" sc="314,0,147,0,336,-80,193,90" /><INIT seed="6,0,0,1,4,129" ten="314,147,256,283" oya="2" hai0="26,70,25,57,47,37,41,46,108,94,125,123,132" hai1="89,112,121,77,116,61,67,12,72,38,36,51,32" hai2="81,31,98,55,79,90,50,44,96,43,131,53,56" hai3="99,126,115,82,86,42,27,76,106,118,29,2,113"/><V114/><F131/><W8/><G118/><T88/><D108/><U102/><E116/><V93/><F114/><N who="3" m="43531" /><G42/><T14/><D123/><U13/><E32/><V58/><F31/><W101/><G126/><T9/><D125/><U134/><E112/><V92/><F56/><W6/><G27/><T71/><D47/><U21/><E121/><V49/><F43/><W5/><G5/><T59/><D132/><U3/><E102/><V105/><F105/><W16/><G29/><T11/><D11/><U103/><E103/><V119/><F119/><W91/><G16/><N who="0" m="8271" /><D70/><U40/><E3/><V74/><F92/><W110/><G110/><T124/><D124/><U117/><E117/><V17/><REACH who="2" step="1"/><F17/><REACH who="2" ten="314,147,246,283" step="2"/><W80/><G80/><T133/><D71/><U69/><E40/><V1/><F1/><W128/><G128/><T54/><D57/><U52/><E38/><V85/><AGARI ba="0,1" hai="44,49,50,53,55,58,74,79,81,85,90,93,96,98" machi="85" ten="20,3900,0" yaku="1,1,0,1,7,1,53,0" doraHai="129" doraHaiUra="66" who="2" fromWho="2" sc="314,-13,147,-13,246,49,283,-13" /><INIT seed="6,1,0,0,4,100" ten="301,134,295,270" oya="2" hai0="90,27,129,7,41,4,45,134,38,68,64,44,81" hai1="24,0,55,67,50,86,97,28,78,77,9,112,61" hai2="34,95,33,99,119,18,32,92,1,5,69,76,58" hai3="29,74,89,105,113,83,6,17,26,42,111,106,14"/><V84/><F119/><W30/><G111/><T47/><D134/><U127/><E112/><V79/><F69/><W36/><G6/><T116/><D116/><U126/><E97/><V65/><F18/><W13/><G42/><T94/><D129/><U11/><E0/><V62/><F84/><W124/><G36/><T120/><D120/><U96/><E96/><V39/><F92/><W108/><G108/><T20/><D81/><U115/><E115/><V132/><F39/><W12/><G113/><T57/><D68/><U114/><E114/><V43/><F43/><W21/><G124/><T46/><D57/><U135/><E135/><V88/><REACH who="2" step="1"/><F132/><REACH who="2" ten="301,134,285,270" step="2"/><W93/><G74/><T8/><D41/><U109/><E86/><V52/><F52/><W87/><REACH who="3" step="1"/><G93/><REACH who="3" ten="301,134,285,260" step="2"/><T75/><D38/><U56/><E127/><V82/><F82/><W40/><G40/><T117/><D75/><U101/><E126/><V59/><F59/><W98/><G98/><N who="0" m="57687" /><D117/><U15/><E109/><V53/><F53/><W133/><G133/><T51/><D45/><U49/><E55/><V23/><F23/><W122/><G122/><T131/><D46/><U31/><E56/><V60/><F60/><W66/><G66/><T3/><D64/><U123/><E61/><V118/><F118/><W63/><G63/><T25/><D47/><U70/><E67/><V85/><F85/><W102/><G102/><T121/><D121/><U10/><E101/><V130/><F130/><W48/><G48/><T19/><D131/><U91/><E123/><V103/><F103/><W37/><G37/><T71/><D44/><RYUUKYOKU ba="1,2" sc="301,-15,134,-15,285,15,260,15" hai2="1,5,32,33,34,58,62,65,76,79,88,95,99" hai3="12,13,14,17,21,26,29,30,83,87,89,105,106" /><INIT seed="6,2,2,5,2,48" ten="286,119,300,275" oya="2" hai0="7,23,66,98,50,26,89,19,69,29,77,113,75" hai1="86,57,132,16,11,73,107,46,41,39,65,24,5" hai2="14,34,17,52,82,127,74,105,36,133,76,90,25" hai3="123,35,22,8,92,40,62,64,12,121,117,93,3"/><V32/><F127/><W110/><G35/><T119/><D119/><U58/><E73/><V9/><F36/><W51/><G117/><T118/><D75/><U91/><E132/><V87/><F133/><W120/><G110/><T112/><D77/><U99/><E65/><V10/><F105/><W109/><G3/><T81/><D81/><U1/><E107/><V114/><F114/><N who="0" m="44138" /><D50/><U33/><E99/><V55/><F9/><W42/><G22/><N who="0" m="15575" /><D7/><U102/><E102/><V47/><F47/><W108/><G108/><T104/><D66/><U15/><E24/><V122/><F122/><W21/><G109/><T18/><D69/><U49/><E39/><V72/><F72/><W56/><G21/><T103/><D118/><U31/><E31/><V130/><F130/><W2/><G2/><T54/><D89/><U63/><E63/><V95/><REACH who="2" step="1"/><F32/><REACH who="2" ten="286,119,290,275" step="2"/><W37/><G37/><T6/><D23/><U134/><E33/><V67/><F67/><W129/><G129/><T78/><D6/><U131/><E131/><V80/><F80/><W116/><G116/><T115/><D115/><U88/><E134/><V85/><F85/><W4/><REACH who="3" step="1"/><G42/><REACH who="3" ten="286,119,290,265" step="2"/><T59/><D78/><U68/><E41/><V61/><F61/><W79/><G79/><T53/><D59/><U96/><E58/><V70/><F70/><W106/><G106/><T125/><D125/><U43/><E57/><V20/><F20/><W30/><G30/><AGARI ba="2,4" hai="10,14,17,25,30,34,52,55,74,76,82,87,90,95" machi="30" ten="40,12000,1" yaku="1,1,52,2,54,1,53,0" doraHai="48" doraHaiUra="124" who="2" fromWho="3" sc="286,0,119,0,290,166,265,-126" /><INIT seed="6,3,0,1,0,77" ten="286,119,456,139" oya="2" hai0="86,118,87,116,26,128,70,16,30,0,94,99,104" hai1="29,60,96,57,78,24,28,119,72,37,125,113,51" hai2="7,45,64,5,63,107,20,134,21,15,85,55,43" hai3="44,97,109,39,95,115,74,133,103,65,58,93,6"/><V105/><F134/><W42/><G109/><T71/><D0/><U22/><E119/><V132/><F55/><W92/><G133/><T122/><D122/><U33/><E37/><V46/><F132/><W2/><G74/><T17/><D128/><U88/><E113/><V102/><F102/><W67/><G115/><T62/><D104/><U79/><E125/><V126/><F126/><W38/><G38/><T52/><D71/><U89/><E51/><V130/><F130/><W12/><G2/><T31/><D70/><U68/><E68/><V27/><F85/><W41/><G41/><T1/><D1/><U14/><E14/><V123/><F15/><W91/><G58/><N who="0" m="35143" /><D87/><U13/><E13/><V100/><F100/><W90/><G103/><N who="0" m="60919" /><D86/><U34/><E34/><V19/><F107/><W53/><G97/><T61/><D61/><U47/><E33/><V111/><F105/><W11/><REACH who="3" step="1"/><G53/><REACH who="3" ten="286,119,456,129" step="2"/><T10/><D118/><U9/><E72/><V3/><F111/><W106/><G106/><T110/><D116/><U54/><E54/><V131/><F3/><W108/><G108/><T83/><D110/><U129/><E129/><V36/><F131/><W32/><G32/><T73/><D73/><U50/><E57/><V69/><F36/><W56/><G56/><T8/><D30/><U23/><E29/><V18/><F123/><W35/><G35/><T81/><D31/><U59/><E59/><V112/><F112/><W121/><G121/><T49/><D17/><U66/><E28/><V82/><F19/><W124/><G124/><T98/><D98/><U114/><E114/><RYUUKYOKU ba="3,1" sc="286,-10,119,-10,456,-10,129,30" hai3="6,11,12,39,42,44,65,67,90,91,92,93,95" /><INIT seed="7,4,1,5,1,17" ten="276,109,446,159" oya="3" hai0="22,23,122,56,121,76,39,25,91,0,16,47,5" hai1="112,52,75,1,19,57,18,2,71,116,45,69,108" hai2="63,111,36,34,53,90,20,78,66,8,67,133,33" hai3="92,62,120,118,130,55,11,123,58,31,87,6,86"/><W13/><G118/><T119/><D76/><U105/><E105/><V51/><F111/><W109/><G130/><T82/><D56/><U59/><E75/><V85/><F36/><W97/><G109/><T50/><D39/><U70/><E108/><V101/><F101/><W30/><G123/><T72/><D72/><U115/><E116/><V54/><F78/><W7/><G7/><T37/><D37/><U113/><E45/><N who="2" m="27887" /><F33/><W81/><G120/><T32/><D119/><U128/><E128/><V99/><F34/><W15/><G15/><T73/><D73/><U127/><E127/><V129/><F99/><W4/><G4/><T89/><D32/><U124/><E124/><V74/><F8/><W110/><G110/><T134/><D134/><U27/><E27/><V28/><F74/><W44/><G44/><T42/><D5/><U83/><E83/><N who="2" m="49471" /><F133/><W126/><G126/><T100/><D0/><N who="1" m="107" /><E59/><N who="2" m="35319" /><F129/><W68/><G68/><N who="1" m="17410" /><U131/><DORA hai="40" /><E131/><V60/><F60/><W77/><REACH who="3" step="1"/><G87/><REACH who="3" ten="276,109,446,149" step="2"/><N who="0" m="50423" /><D121/><U79/><E79/><V3/><F3/><W35/><G35/><T65/><D122/><U38/><E38/><V135/><F135/><W84/><G84/><T125/><D125/><U29/><E29/><V14/><F28/><W64/><G64/><T117/><D65/><U41/><E41/><V95/><F67/><W88/><AGARI ba="4,2" hai="6,11,13,30,31,55,58,62,77,81,86,88,92,97" machi="88" ten="20,18000,2" yaku="1,1,0,1,7,1,8,1,54,1,53,1" doraHai="17,40" doraHaiUra="49,21" who="3" fromWho="3" sc="276,-64,109,-64,446,-64,149,212" /><INIT seed="7,5,0,3,2,96" ten="212,45,382,361" oya="3" hai0="71,132,12,108,36,3,124,107,134,84,49,122,28" hai1="69,130,2,66,125,38,63,94,9,85,20,119,90" hai2="58,133,48,114,109,110,10,18,47,117,7,42,51" hai3="77,41,121,13,123,127,4,8,5,135,106,118,61"/><W76/><G118/><T103/><D12/><U37/><E119/><V83/><F117/><W16/><G106/><T99/><D49/><U0/><E125/><V88/><F133/><W14/><G127/><T65/><D124/><U43/><E130/><V1/><F114/><W93/><G135/><T82/><D108/><U91/><E20/><V113/><F113/><W22/><G41/><T120/><D132/><U17/><E17/><V78/><F88/><W72/><G72/><T75/><D36/><U81/><E9/><V57/><F18/><N who="3" m="10575" /><G123/><T116/><D116/><U44/><E38/><V45/><F109/><W112/><G121/><T129/><D129/><U24/><E24/><V25/><F25/><W29/><G112/><T95/><D3/><U53/><E53/><V59/><F110/><W128/><G128/><T21/><D65/><U23/><E23/><V34/><F34/><W40/><G40/><T39/><D71/><U15/><E15/><V80/><REACH who="2" step="1"/><F78/><REACH who="2" ten="212,45,372,361" step="2"/><N who="3" m="30315" /><G29/><T33/><D134/><U52/><E52/><AGARI ba="5,1" hai="1,7,10,42,45,47,48,51,52,57,58,59,80,83" machi="52" ten="40,2600,0" yaku="1,1,54,1,53,0" doraHai="96" doraHaiUra="30" who="2" fromWho="1" sc="212,0,45,-41,372,51,361,0" owari="212,-19.0,4,-50.0,423,53.0,361,16.0" /></mjloggm>