<mjloggm ver="2.3"><GO type="41" lobby="0"/><UN n0="%E3%81%A1%E3%82%87%E3%81%93%E3%81%93%E3%82%8D%E3%81%AD" n1="%35%70%6F%30%6E" n2="%E3%81%84%E3%81%8C%E3%81%95%E3%82%93" n3="%E2%93%9D%53%75%70%68%78" dan="14,13,15,17" rate="1951.86,1873.66,1980.26,2070.29" sx="F,M,M,M"/><TAIKYOKU oya="0"/><INIT seed="0,0,0,3,5,55" ten="250,250,250,250" oya="0" hai0="64,78,100,51,48,61,77,116,121,30,86,123,81" hai1="32,49,19,91,103,29,129,66,63,92,126,33,113" hai2="122,89,54,72,40,120,21,57,70,12,111,42,11" hai3="80,45,96,115,4,90,27,36,85,119,20,130,56"/><T88/><D116/><U84/><E113/><V83/><F70/><W132/><G115/><T5/><D100/><U37/><E37/><V39/><F111/><W124/><G119/><T18/><D5/><U131/><E126/><V23/><F23/><W15/><G124/><T128/><D30/><U75/><E49/><V106/><F106/><W41/><G132/><T31/><D31/><U109/><E75/><V99/><F21/><W104/><G130/><T118/><D118/><U82/><E109/><V58/><F72/><W26/><G104/><T68/><D18/><U60/><E63/><V134/><F134/><W102/><G4/><T9/><D9/><U98/><E19/><V52/><F39/><W46/><G46/><T135/><D135/><U28/><E33/><V7/><F120/><W17/><G96/><T74/><D128/><N who="1" m="49227" /><E32/><V3/><F3/><W73/><G73/><T110/><D110/><U2/><E2/><V105/><F122/><W34/><G34/><T67/><D123/><U97/><E98/><V16/><F7/><W24/><REACH who="3" step="1"/><G102/><REACH who="3" ten="250,250,250,240" step="2"/><T108/><D74/><U107/><E107/><V25/><F105/><W44/><G44/><T6/><D121/><U65/><E103/><V93/><F25/><W8/><G8/><T53/><D6/><U10/><E10/><V112/><F112/><W94/><G94/><T79/><D108/><U125/><E125/><V38/><F99/><W127/><G127/><T76/><D68/><U71/><E66/><V62/><F11/><W87/><G87/><T47/><D64/><U43/><E43/><V101/><F40/><RYUUKYOKU ba="0,1" sc="250,-15,250,15,250,-15,240,15" hai1="28,29,60,65,71,82,84,91,92,97" hai3="15,17,20,24,26,27,36,41,45,56,80,85,90" /><INIT seed="1,1,1,3,3,93" ten="235,265,235,255" oya="1" hai0="34,134,72,104,31,45,107,14,49,60,47,128,58" hai1="29,46,33,7,92,98,20,111,48,130,54,103,11" hai2="75,135,115,129,117,1,55,82,42,12,100,89,62" hai3="94,57,86,123,32,22,28,67,4,127,119,69,15"/><U40/><E130/><V10/><F117/><W50/><G69/><T110/><D72/><U24/><E111/><V113/><F129/><W80/><G32/><T121/><D128/><U9/><E33/><V70/><F135/><W81/><G127/><T3/><D3/><U77/><E77/><V109/><F109/><W90/><G123/><T18/><D110/><U41/><REACH who="1" step="1"/><E9/><REACH who="1" ten="235,255,235,255" step="2"/><V125/><F10/><W51/><G119/><T56/><D34/><U102/><E102/><V114/><F100/><W8/><G22/><T16/><D134/><U133/><E133/><V132/><F132/><W21/><G21/><T19/><D121/><U95/><E95/><V35/><F35/><W38/><G94/><T36/><D107/><U76/><E76/><V23/><F23/><W118/><G118/><T68/><D104/><U96/><E96/><V6/><F113/><W101/><G101/><T61/><D14/><AGARI ba="1,2" hai="7,11,14,20,24,29,40,41,46,48,54,92,98,103" machi="14" ten="30,12000,1" yaku="1,1,7,1,8,1,52,1,53,1" doraHai="93" doraHaiUra="2" who="1" fromWho="0" sc="235,-123,255,143,235,0,255,0" /><INIT seed="1,2,0,5,4,12" ten="112,398,235,255" oya="1" hai0="65,8,59,114,4,124,56,26,75,30,29,86,49" hai1="118,0,77,27,16,102,89,88,108,74,104,85,130" hai2="78,133,63,50,132,38,134,113,40,111,37,58,93" hai3="10,119,109,7,83,125,91,20,81,79,72,82,35"/><U24/><E118/><V33/><F111/><W126/><G35/><T84/><D75/><U67/><E0/><V11/><F33/><W110/><G20/><T3/><D124/><N who="3" m="47721" /><G10/><T99/><D114/><U116/><E116/><V44/><F78/><W25/><G25/><T122/><D122/><U17/><E74/><V23/><F93/><W98/><G7/><T131/><D131/><U112/><E112/><V100/><F100/><W47/><G47/><T71/><D71/><U94/><E130/><V55/><F11/><W52/><G52/><T41/><D99/><N who="1" m="59767" /><E104/><V46/><F23/><W66/><G66/><T53/><D41/><U106/><E106/><V90/><F90/><N who="1" m="34921" /><E67/><N who="2" m="39415" /><F113/><W129/><G119/><T76/><D76/><U9/><E9/><V107/><F107/><W51/><G129/><T128/><D128/><U64/><E64/><V127/><F127/><W34/><G34/><T80/><D30/><U48/><E108/><N who="3" m="41578" /><G51/><AGARI ba="2,0" hai="37,38,40,44,46,50,51,55,132,133,134" m="39415" machi="51" ten="30,3900,0" yaku="20,1,34,2" doraHai="12" who="2" fromWho="3" sc="112,0,398,0,235,45,255,-45" /><INIT seed="2,0,0,3,4,29" ten="112,398,280,210" oya="2" hai0="1,125,55,14,53,9,118,25,59,42,93,34,84" hai1="101,105,5,50,100,6,31,68,0,41,111,21,128" hai2="44,81,132,43,62,67,94,54,116,91,86,24,131" hai3="115,102,19,114,98,4,22,113,56,28,89,85,124"/><V12/><F116/><W17/><G124/><T103/><D125/><U104/><E68/><V11/><F131/><W135/><G4/><T23/><D1/><U108/><E41/><V66/><F132/><W65/><G135/><T7/><D42/><U57/><E0/><V119/><F119/><W18/><G65/><T70/><D70/><U71/><E71/><V99/><F24/><W95/><G56/><T35/><D118/><U92/><E57/><V36/><F54/><W76/><G76/><T123/><D123/><U122/><E50/><V117/><F62/><W13/><REACH who="3" step="1"/><G28/><REACH who="3" ten="112,398,280,200" step="2"/><T83/><D55/><U49/><E31/><V63/><F117/><W73/><G73/><T133/><D133/><U120/><E128/><V61/><F67/><W72/><G72/><T15/><D15/><U30/><E30/><V20/><F66/><W64/><G64/><T127/><D127/><U27/><E49/><V39/><F36/><W74/><G74/><T46/><D59/><U45/><E45/><V37/><F39/><W51/><G51/><T129/><D46/><U33/><E120/><V110/><F37/><W82/><AGARI ba="0,1" hai="13,17,18,19,22,82,85,89,95,98,102,113,114,115" machi="82" ten="30,7900,0" yaku="1,1,0,1,11,1,53,1" doraHai="29" doraHaiUra="90" who="3" fromWho="3" sc="112,-20,398,-20,280,-39,200,89" /><INIT seed="3,0,0,3,5,124" ten="92,378,241,289" oya="3" hai0="60,75,54,48,130,61,78,110,116,103,65,46,40" hai1="71,39,80,34,8,95,51,63,18,128,74,120,105" hai2="118,102,97,83,24,86,66,91,122,53,107,37,132" hai3="59,108,28,106,101,36,2,45,33,6,70,43,104"/><W87/><G59/><T56/><D116/><U98/><E105/><V4/><F37/><W35/><G87/><T113/><D103/><U67/><E39/><V52/><F118/><W62/><G108/><T93/><D93/><U94/><E34/><N who="3" m="12810" /><G28/><T3/><D3/><U16/><E120/><V15/><F132/><W115/><G115/><T26/><D26/><U9/><E74/><V1/><F122/><W89/><G89/><T125/><D78/><U114/><E114/><V44/><F1/><W42/><G42/><T32/><D75/><U127/><E127/><V88/><F66/><N who="3" m="41303" /><G101/><T92/><D32/><U27/><E27/><V117/><F117/><W22/><G22/><T55/><D92/><U133/><E133/><V11/><F24/><W81/><G81/><T73/><D73/><U134/><E80/><V135/><F135/><W14/><G14/><T20/><D20/><U121/><E121/><V10/><F44/><W129/><G129/><T99/><D125/><U41/><E98/><V112/><F112/><W21/><G21/><T58/><D99/><U111/><E111/><V17/><F91/><W0/><G0/><T69/><D110/><U23/><E41/><V85/><F86/><W123/><G123/><T109/><D109/><U7/><E23/><V84/><F85/><W50/><G50/><N who="0" m="26951" /><D113/><U119/><E119/><V100/><F102/><W82/><G82/><T76/><D76/><U38/><E51/><V90/><F90/><W31/><G31/><T79/><D79/><U13/><E38/><V5/><F5/><W126/><G126/><T68/><D130/><RYUUKYOKU ba="0,0" sc="92,10,378,-30,241,10,289,10" hai0="48,54,55,56,58,60,61,65,68,69" hai2="4,10,11,15,17,52,53,83,84,88,97,100,107" hai3="2,6,36,43,45,104,106" /><INIT seed="3,1,0,2,4,29" ten="102,348,251,299" oya="3" hai0="58,83,117,133,37,120,28,81,68,105,100,122,64" hai1="23,44,78,70,73,11,124,25,135,118,76,59,98" hai2="126,26,34,33,79,61,65,36,45,130,16,66,97" hai3="63,48,38,62,131,90,14,56,102,129,31,21,18"/><W119/><G38/><T49/><D117/><U91/><E70/><V42/><F79/><W35/><G119/><T7/><D37/><U52/><E124/><V72/><F72/><W43/><G102/><T57/><D7/><U92/><E73/><V95/><F126/><W60/><G90/><T46/><D133/><U6/><E135/><V69/><F130/><N who="3" m="49675" /><G43/><T96/><D120/><U55/><E44/><V101/><REACH who="2" step="1"/><F66/><REACH who="2" ten="102,348,241,299" step="2"/><N who="3" m="39271" /><G48/><T0/><D64/><U54/><E118/><V39/><F39/><W85/><G85/><T128/><D122/><U87/><E78/><V9/><F9/><W106/><G106/><T71/><D105/><U41/><E76/><V13/><F13/><W127/><G127/><T116/><D116/><U17/><E87/><V75/><F75/><W51/><G51/><T32/><D49/><N who="1" m="31183" /><E41/><V113/><F113/><W104/><G104/><T30/><D128/><U99/><E98/><V125/><F125/><W53/><G53/><T24/><D96/><U94/><E6/><V134/><F134/><W74/><G74/><T1/><D1/><U84/><E11/><V103/><F103/><AGARI ba="1,1" hai="17,23,25,52,55,84,91,92,94,99,103" m="31183" machi="103" ten="30,2000,0" yaku="8,1,54,1" doraHai="29" who="1" fromWho="2" sc="102,0,348,33,241,-23,299,0" /><INIT seed="4,0,0,3,5,91" ten="102,381,218,299" oya="0" hai0="76,48,32,90,105,56,133,88,3,19,97,22,23" hai1="16,98,57,29,51,5,12,45,13,7,10,113,99" hai2="89,80,112,47,30,50,103,55,114,65,95,2,42" hai3="17,70,53,124,41,6,58,62,127,81,68,78,116"/><T125/><D32/><U73/><E73/><V77/><F2/><W14/><G6/><T27/><D3/><U132/><E132/><V109/><F109/><W69/><G41/><T34/><D34/><U86/><E29/><V118/><F118/><W120/><G116/><T38/><D38/><U96/><E113/><N who="2" m="43627" /><F65/><W44/><G44/><T102/><D133/><U36/><E36/><V84/><F103/><W39/><G120/><T25/><D125/><U123/><E123/><V35/><F35/><W9/><REACH who="3" step="1"/><G39/><REACH who="3" ten="102,381,218,289" step="2"/><T15/><D76/><U37/><E37/><V111/><F111/><W107/><G107/><T92/><D105/><U117/><E117/><V131/><F42/><W26/><G26/><N who="0" m="9739" /><D23/><N who="1" m="11655" /><E7/><V75/><F30/><W1/><G1/><T83/><D83/><U121/><E121/><V21/><F47/><W71/><N who="3" m="17920" /><DORA hai="18" /><W126/><G126/><T4/><D4/><U40/><E57/><V31/><F31/><W66/><G66/><T63/><D48/><U59/><E59/><V79/><F50/><W33/><G33/><T85/><D85/><AGARI ba="0,1" hai="5,10,13,40,45,51,85,86,96,98,99" m="11655" machi="85" ten="30,3900,0" yaku="8,1,52,1,54,1" doraHai="91,18" who="1" fromWho="0" sc="102,-39,381,49,218,0,289,0" /><AGARI ba="0,0" hai="9,14,17,53,58,62,78,81,85,124,127" m="17920" machi="85" ten="70,4500,0" yaku="1,1,53,1" doraHai="91,18" doraHaiUra="8,115" who="3" fromWho="0" sc="63,-45,430,0,218,0,289,45" /><INIT seed="5,0,0,3,1,7" ten="18,430,218,334" oya="1" hai0="111,38,71,105,112,48,51,106,122,104,26,50,134" hai1="23,77,64,13,0,36,83,55,1,20,41,33,81" hai2="109,14,60,45,121,110,25,72,42,8,40,31,86" hai3="65,73,125,3,61,127,102,18,2,16,95,84,52"/><U56/><E33/><V90/><F72/><W59/><G73/><T113/><D111/><U24/><E64/><V27/><F121/><W117/><G117/><T15/><D122/><U39/><E41/><V12/><F60/><W82/><G95/><T78/><D15/><U68/><E68/><V99/><F99/><W130/><G102/><T37/><D71/><U22/><E24/><V19/><F42/><W85/><G130/><T9/><D26/><U43/><E13/><V32/><F27/><W116/><G116/><T124/><D78/><U79/><E43/><V107/><F107/><W49/><G84/><T87/><D87/><U58/><REACH who="1" step="1"/><E23/><REACH who="1" ten="18,420,218,334" step="2"/><V91/><F14/><W108/><G3/><T53/><D53/><AGARI ba="0,1" hai="0,1,20,22,36,39,53,55,56,58,77,79,81,83" machi="53" ten="25,9600,0" yaku="1,1,2,1,22,2,53,0" doraHai="7" doraHaiUra="98" who="1" fromWho="0" sc="18,-96,420,106,218,0,334,0" owari="-78,-58.0,526,63.0,218,-18.0,334,13.0" /></mjloggm>