<mjloggm ver="2.3"><GO type="41" lobby="0"/><UN n0="%4D%75%73%63%61" n1="%E2%93%9D%53%75%70%68%78" n2="%E3%83%9F%E3%83%88%E3%83%A9%32" n3="%28%E3%83%BB%CE%98%E3%83%BB%29%E3%81%93%E3%81%A3%E3%81%93" dan="13,18,14,15" rate="1848.42,2121.82,1956.57,1995.01" sx="M,M,M,M"/><TAIKYOKU oya="0"/><INIT seed="0,0,0,0,3,4" ten="250,250,250,250" oya="0" hai0="76,126,119,51,45,1,89,122,111,19,23,88,40" hai1="130,33,52,57,18,43,21,2,20,110,103,124,49" hai2="31,99,60,24,78,63,28,15,70,42,101,123,48" hai3="69,118,36,14,13,128,105,58,74,92,5,95,93"/><T117/><D122/><U56/><E33/><V107/><F123/><W3/><G118/><T65/><D126/><U32/><E32/><V100/><F100/><W98/><G128/><T75/><D75/><U87/><E2/><V0/><F0/><W67/><G69/><T35/><D76/><U121/><E110/><V39/><F39/><W37/><G74/><T90/><D65/><U46/><E124/><V17/><F78/><W6/><G6/><T127/><D127/><U125/><E130/><V38/><F38/><W108/><G108/><T102/><D111/><U80/><E103/><V77/><F77/><W113/><G113/><T115/><D115/><U82/><E121/><V64/><F63/><W84/><G84/><T12/><D35/><U16/><E57/><V62/><F62/><W79/><G79/><T47/><D102/><U68/><E68/><V133/><F133/><W83/><G83/><N who="1" m="31786" /><E87/><V73/><F73/><W55/><G58/><T86/><D86/><U7/><E7/><V29/><F48/><W135/><G5/><T53/><REACH who="0" step="1"/><D1/><REACH who="0" ten="240,250,250,250" step="2"/><U41/><E125/><V50/><F64/><W134/><G67/><T131/><D131/><U59/><E21/><V112/><F112/><W61/><G3/><T26/><D26/><N who="1" m="14599" /><E59/><V120/><F70/><W30/><G135/><T11/><D11/><U9/><E56/><V104/><F120/><W109/><G109/><T34/><D34/><U132/><E132/><V114/><F24/><W71/><G71/><T54/><D54/><U94/><E94/><V96/><F114/><W72/><G93/><T10/><D10/><RYUUKYOKU ba="0,1" sc="240,15,250,15,250,-15,250,-15" hai0="12,19,23,40,45,47,51,53,88,89,90,117,119" hai1="9,18,41,43,46,49,52" /><INIT seed="0,1,1,0,5,97" ten="255,265,235,235" oya="0" hai0="10,31,14,72,56,111,58,70,2,52,80,32,119" hai1="22,33,42,54,133,43,84,57,65,47,55,101,113" hai2="116,9,131,48,98,49,124,0,37,102,30,19,12" hai3="41,91,107,13,86,96,69,21,82,50,28,134,112"/><T117/><D70/><U16/><E33/><V79/><F131/><W85/><G112/><T34/><D34/><U59/><E133/><V29/><F124/><W99/><G134/><T8/><D32/><U127/><E65/><V103/><F37/><W64/><G107/><T46/><D31/><U118/><E118/><V105/><F116/><W27/><G13/><T92/><D2/><U62/><E127/><V74/><F103/><W81/><G64/><T126/><D126/><U1/><E1/><V45/><F0/><W67/><G67/><T60/><D46/><U15/><E113/><V38/><F38/><W78/><REACH who="3" step="1"/><G69/><REACH who="3" ten="255,265,235,225" step="2"/><T106/><D106/><U3/><E3/><V44/><F105/><W115/><G115/><T93/><D14/><U17/><E15/><V11/><F12/><W89/><G89/><T76/><D119/><U23/><E101/><V110/><F102/><W77/><G77/><T123/><D117/><U53/><E62/><V88/><F79/><W63/><G63/><T36/><D60/><U6/><E6/><V135/><F88/><W71/><G71/><T24/><D76/><U61/><E61/><V125/><F125/><W18/><G18/><T87/><D72/><U35/><E17/><V66/><F19/><W109/><G109/><T73/><D73/><U5/><E16/><V104/><F110/><W20/><G20/><T94/><D111/><U120/><E35/><V90/><F74/><W130/><G130/><T83/><D24/><U122/><E5/><V39/><F66/><W26/><G26/><T7/><D7/><U129/><E129/><RYUUKYOKU ba="1,2" sc="255,-10,265,-10,235,-10,225,30" hai3="21,27,28,41,50,78,81,82,85,86,91,96,99" /><INIT seed="1,2,2,5,4,28" ten="245,255,225,255" oya="1" hai0="116,134,114,104,77,15,65,18,51,59,9,86,89" hai1="21,16,40,101,119,35,100,56,6,57,17,44,79" hai2="29,69,4,68,131,94,106,74,0,3,91,117,37" hai3="55,36,13,87,7,102,62,135,127,111,126,10,33"/><U47/><E119/><V39/><F117/><W98/><G36/><T66/><D116/><U124/><E6/><V128/><F74/><W43/><G43/><T1/><D114/><U71/><E71/><N who="2" m="27211" /><F106/><W97/><G111/><T12/><D134/><U41/><E21/><V46/><F4/><W8/><G135/><T5/><D77/><U82/><E79/><V24/><F94/><W25/><G87/><T2/><D104/><U23/><E23/><V54/><F91/><W64/><G10/><T67/><D2/><N who="2" m="554" /><F54/><W88/><G55/><T81/><D1/><U72/><E82/><V26/><F46/><W38/><G38/><N who="2" m="14345" /><F29/><N who="3" m="19631" /><G88/><T112/><D112/><U50/><E72/><V20/><F20/><W48/><G48/><T52/><D67/><U113/><E113/><V32/><F32/><W58/><G102/><T115/><D115/><U19/><E35/><V61/><F61/><W70/><G58/><N who="1" m="22634" /><E50/><V130/><AGARI ba="2,2" hai="24,26,128,130,131" m="14345,554,27211" machi="130" ten="50,6400,0" yaku="28,2,19,1" doraHai="28" who="2" fromWho="2" sc="245,-18,255,-34,225,90,255,-18" /><INIT seed="2,0,0,0,0,102" ten="227,221,315,237" oya="2" hai0="106,101,36,38,18,51,14,11,59,85,58,129,117" hai1="115,55,135,4,49,3,42,23,88,34,112,10,19" hai2="16,71,53,109,118,83,22,28,5,76,30,7,89" hai3="91,95,131,123,52,79,103,134,12,69,20,9,73"/><V43/><F118/><W130/><G123/><T93/><D117/><U111/><E42/><V64/><F43/><W2/><G134/><T60/><D38/><U8/><E111/><V87/><F64/><W84/><G69/><T105/><D36/><U86/><E34/><V65/><F65/><W126/><G126/><T72/><D72/><U44/><E135/><V128/><F71/><W119/><G119/><T94/><D129/><N who="3" m="49161" /><G2/><T54/><D93/><U46/><E46/><V122/><F122/><W31/><G20/><T75/><D75/><U40/><E40/><V132/><F132/><W114/><G31/><N who="2" m="11817" /><F109/><W24/><G24/><T48/><D48/><U97/><E97/><V39/><F39/><W90/><G90/><T13/><D13/><U80/><REACH who="1" step="1"/><E10/><REACH who="1" ten="227,211,315,237" step="2"/><V113/><F128/><W37/><G9/><T133/><D133/><U21/><E21/><V61/><F113/><W66/><G37/><T33/><D33/><U29/><E29/><V127/><F127/><W81/><G114/><T17/><D11/><U25/><AGARI ba="0,1" hai="3,4,8,19,23,25,44,49,55,80,86,88,112,115" machi="25" ten="20,5200,0" yaku="1,1,0,1,7,1,54,1,53,0" doraHai="102" doraHaiUra="107" who="1" fromWho="1" sc="227,-13,211,62,315,-26,237,-13" /><INIT seed="3,0,0,4,0,70" ten="214,273,289,224" oya="3" hai0="24,110,120,30,92,35,59,25,46,108,45,117,65" hai1="131,48,5,83,47,104,29,20,86,41,123,27,75" hai2="12,39,60,115,11,82,128,79,80,6,94,98,57" hai3="67,105,32,112,95,91,55,64,77,52,31,34,119"/><W102/><G119/><T103/><D120/><U44/><E131/><V22/><F128/><W66/><G112/><T56/><D117/><U97/><E75/><V54/><F115/><W42/><G77/><T17/><D17/><U7/><E123/><V124/><F124/><W106/><G42/><T36/><D65/><U49/><E97/><V129/><F129/><W72/><G72/><T73/><D73/><U109/><E104/><V90/><F79/><W84/><G105/><T121/><D121/><U21/><E109/><N who="0" m="42089" /><D25/><U9/><E21/><V19/><REACH who="2" step="1"/><F39/><REACH who="2" ten="214,273,279,224" step="2"/><W118/><G118/><T68/><D36/><U16/><E29/><V61/><F61/><W116/><G116/><T125/><D30/><U18/><E49/><V87/><F87/><W76/><G76/><T63/><D63/><U58/><E86/><V88/><F88/><W3/><G3/><AGARI ba="0,1" hai="3,6,11,12,19,22,54,57,60,80,82,90,94,98" machi="3" ten="30,2000,0" yaku="1,1,7,1,53,0" doraHai="70" doraHaiUra="111" who="2" fromWho="3" sc="214,0,273,0,279,30,224,-20" /><INIT seed="4,0,0,4,3,57" ten="214,273,309,204" oya="0" hai0="4,87,118,47,40,122,76,30,2,127,114,9,128" hai1="115,124,129,26,3,112,113,91,133,16,121,21,96" hai2="92,14,51,72,6,60,50,135,80,34,110,106,64" hai3="59,24,102,77,49,54,90,131,65,73,94,8,78"/><T56/><D114/><U84/><E121/><V134/><F106/><W41/><G73/><T46/><D118/><U81/><E129/><V62/><F34/><W18/><G131/><T123/><D128/><U79/><E133/><N who="2" m="50699" /><F110/><W119/><G102/><T126/><D123/><U5/><E124/><N who="0" m="47657" /><D122/><U12/><E3/><V32/><F32/><W53/><G119/><T109/><D109/><U37/><E37/><V45/><F92/><W58/><G65/><T85/><D30/><U105/><E5/><V1/><F1/><W93/><G93/><T71/><D71/><U132/><E132/><V25/><F25/><W95/><G95/><T104/><D104/><U99/><E105/><V117/><F64/><W38/><G41/><T107/><D107/><U120/><E120/><V31/><F31/><W89/><G38/><N who="0" m="21783" /><D56/><U88/><E26/><V13/><F117/><W125/><G125/><T27/><D47/><U69/><E69/><V22/><F22/><N who="3" m="13399" /><G8/><T97/><D97/><AGARI ba="0,0" hai="12,16,21,79,81,84,88,91,96,97,99,112,113,115" machi="97" ten="40,8000,1" yaku="15,1,11,1,54,2" doraHai="57" who="1" fromWho="0" sc="214,-80,273,80,309,0,204,0" /><INIT seed="5,0,0,1,0,3" ten="134,353,309,204" oya="1" hai0="122,39,15,92,103,10,23,83,57,108,55,71,102" hai1="19,90,113,5,2,94,106,97,135,110,33,59,68" hai2="124,20,42,58,45,80,1,76,98,91,123,100,79" hai3="96,25,65,99,37,26,35,28,126,74,21,0,131"/><U121/><E121/><V112/><F123/><W29/><G74/><T107/><D122/><U24/><E113/><V44/><F1/><W133/><G37/><T63/><D108/><U60/><E135/><V61/><F124/><W53/><G133/><T38/><D103/><U86/><E68/><V115/><F20/><W43/><G126/><T77/><D107/><U87/><E106/><V81/><F91/><W27/><G131/><T50/><D23/><N who="1" m="13439" /><E33/><V132/><F132/><W111/><G111/><T109/><D109/><U119/><E119/><V69/><F69/><W16/><G53/><T78/><D39/><U104/><E104/><V88/><F100/><W75/><G75/><T56/><D38/><U40/><E40/><V8/><F42/><W51/><G65/><T22/><D22/><U117/><E117/><V72/><F8/><W134/><G134/><T101/><D71/><U52/><E110/><V46/><F115/><W49/><G0/><T47/><D101/><U9/><AGARI ba="0,0" hai="2,5,9,52,59,60,86,87,90,94,97" m="13439" machi="9" ten="30,6000,0" yaku="25,1,52,1,54,1" doraHai="3" who="1" fromWho="1" sc="134,-20,353,60,309,-20,204,-20" /><INIT seed="5,1,0,2,3,70" ten="114,413,289,184" oya="1" hai0="105,77,88,75,7,128,94,32,83,12,69,28,90" hai1="1,14,68,100,133,131,127,30,103,122,129,15,2" hai2="3,80,119,60,25,89,114,23,120,6,52,124,49" hai3="11,31,13,50,85,82,91,22,8,102,81,92,130"/><U36/><E127/><V57/><F124/><W95/><G130/><N who="1" m="49674" /><E122/><V112/><F119/><W56/><G11/><T62/><D128/><U58/><E58/><V61/><F120/><W135/><G135/><T99/><D7/><U134/><E30/><V73/><F6/><W48/><G48/><T4/><D12/><N who="1" m="4651" /><E36/><V111/><F3/><N who="1" m="1033" /><E68/><V106/><F106/><W107/><G107/><T115/><D4/><U110/><E110/><V78/><F111/><W108/><G108/><T71/><D71/><U43/><E43/><V19/><REACH who="2" step="1"/><F89/><REACH who="2" ten="114,413,279,184" step="2"/><W104/><G104/><T65/><D90/><U44/><E44/><V125/><F125/><W27/><G102/><AGARI ba="1,1" hai="100,102,103,133,134" m="1033,4651,49674" machi="102" ten="40,7700,0" yaku="28,2,19,1" doraHai="70" who="1" fromWho="3" sc="114,0,413,90,279,0,184,-80" /><INIT seed="5,2,0,3,5,29" ten="114,503,279,104" oya="1" hai0="6,48,0,77,14,117,17,90,125,79,55,135,23" hai1="91,94,78,42,39,114,15,81,36,68,21,108,34" hai2="121,98,128,118,46,64,49,10,41,74,8,105,58" hai3="71,95,24,60,133,52,4,13,131,69,43,7,3"/><U50/><E114/><V2/><F118/><W123/><G123/><T103/><D117/><U82/><E42/><V80/><F121/><W76/><G133/><T110/><D110/><U85/><E50/><V61/><F128/><W22/><G131/><T11/><D125/><U19/><E82/><V122/><F2/><W1/><G76/><T33/><D103/><U132/><E68/><V67/><F122/><W99/><G43/><T9/><D9/><U72/><E132/><V18/><F67/><W66/><G7/><T100/><D100/><U44/><E44/><V126/><F126/><W62/><G71/><T115/><D115/><U129/><E129/><V35/><F35/><W113/><G113/><T5/><D5/><U28/><E108/><V111/><F111/><W101/><G13/><T73/><D73/><U32/><REACH who="1" step="1"/><E28/><REACH who="1" ten="114,493,279,104" step="2"/><V124/><F80/><W57/><REACH who="3" step="1"/><G4/><REACH who="3" ten="114,493,279,94" step="2"/><T75/><D135/><U102/><E102/><V127/><F41/><W20/><G20/><T87/><D75/><U25/><E25/><V89/><F74/><W130/><G130/><T65/><D79/><U12/><E12/><V51/><F127/><W16/><AGARI ba="2,2" hai="1,3,16,22,24,52,57,60,62,66,69,95,99,101" machi="16" ten="20,12000,2" yaku="1,1,0,1,7,1,54,2,53,1" doraHai="29" doraHaiUra="54" who="3" fromWho="3" sc="114,-32,493,-62,279,-32,94,146" /><INIT seed="6,0,0,4,1,128" ten="82,431,247,240" oya="2" hai0="79,122,40,22,42,57,112,116,101,62,125,114,127" hai1="98,73,37,34,89,94,110,111,14,19,46,115,71" hai2="36,76,92,131,44,4,135,43,107,109,50,113,27" hai3="80,24,11,25,32,108,51,99,60,66,90,20,30"/><V49/><F131/><W75/><G108/><T33/><D33/><U10/><E115/><N who="0" m="44073" /><D79/><U26/><E71/><V118/><F113/><W87/><G11/><T132/><D101/><U129/><E73/><V48/><F107/><W39/><G39/><T31/><D22/><U93/><E93/><V67/><F76/><W102/><G75/><T35/><D31/><U121/><E121/><V7/><F118/><W6/><G6/><T105/><D35/><U17/><E46/><V61/><F109/><W64/><G51/><T5/><D105/><U106/><E37/><V1/><F1/><W104/><G60/><T45/><D5/><U21/><E129/><V117/><F117/><W47/><G47/><T9/><D9/><U65/><E106/><V63/><F63/><W54/><G54/><N who="0" m="34103" /><D116/><U52/><E34/><V88/><F27/><W70/><G70/><T97/><D97/><U8/><E8/><V91/><F91/><W74/><G74/><T133/><D122/><U58/><E65/><V85/><F4/><W82/><G80/><T126/><D42/><U119/><E119/><V16/><F7/><W41/><G41/><T13/><D13/><U23/><E10/><V130/><F130/><W59/><G20/><T15/><D15/><U12/><E12/><V124/><F43/><W83/><G82/><T38/><AGARI ba="0,0" hai="38,40,45,125,126,127,132,133" m="34103,44073" machi="38" ten="40,12000,2" yaku="18,1,15,1,34,2,52,2" doraHai="128" who="0" fromWho="0" sc="82,120,431,-30,247,-60,240,-30" /><INIT seed="7,0,0,2,1,110" ten="202,401,187,210" oya="3" hai0="33,60,129,6,116,72,84,56,135,9,89,12,66" hai1="121,35,38,15,47,55,11,52,118,75,130,16,82" hai2="126,40,57,14,17,92,109,122,67,64,42,39,103" hai3="44,49,104,105,30,106,10,36,86,19,46,1,23"/><W76/><G30/><T98/><D116/><U101/><E130/><V85/><F109/><W88/><G76/><T123/><D123/><U58/><E35/><V78/><F122/><W87/><G87/><T124/><D72/><U26/><E101/><V51/><F126/><W77/><G77/><T99/><D129/><U132/><E132/><V65/><F39/><W93/><G36/><T24/><D135/><U125/><E55/><N who="2" m="31999" /><F103/><W100/><G100/><T54/><D124/><U128/><E26/><V113/><F113/><W62/><G62/><T48/><D24/><U13/><E13/><V81/><F81/><W96/><G96/><T63/><D33/><U115/><E115/><V5/><F5/><W28/><G28/><T74/><D74/><U120/><E118/><V20/><F78/><W80/><G80/><N who="0" m="49287" /><D60/><U108/><E108/><V112/><F112/><W127/><G49/><T102/><D102/><U117/><E117/><V111/><F111/><W27/><REACH who="3" step="1"/><G127/><REACH who="3" ten="202,401,187,200" step="2"/><T79/><D79/><N who="1" m="44415" /><E125/><V45/><F45/><AGARI ba="0,1" hai="6,9,12,45,48,54,56,63,66,98,99" m="49287" machi="45" ten="30,1000,0" yaku="8,1" doraHai="110" who="0" fromWho="2" sc="202,20,401,0,187,-10,200,0" owari="222,2.0,401,50.0,177,-32.0,200,-20.0" /></mjloggm>