<mjloggm ver="2.3"><GO type="41" lobby="0"/><UN n0="%E2%93%9D%53%75%70%68%78" n1="%68%6C%64%6D%75%63%75%73" n2="%E8%A8%93%E7%B7%B4%E7%94%A8%49%44" n3="%E3%81%BF%E3%81%AB%E3%82%89" dan="18,14,15,13" rate="2104.59,1889.74,2017.32,1868.56" sx="M,F,M,M"/><TAIKYOKU oya="0"/><INIT seed="0,0,0,1,4,104" ten="250,250,250,250" oya="0" hai0="132,86,64,92,49,11,16,77,18,68,32,21,133" hai1="24,96,123,102,30,121,58,7,54,101,83,129,74" hai2="59,28,85,47,82,38,53,130,126,15,10,63,0" hai3="112,33,131,39,51,36,42,89,35,37,71,57,103"/><T50/><D32/><U31/><E129/><V44/><F130/><W113/><G131/><T91/><D68/><U79/><E7/><V100/><F0/><W8/><G71/><T97/><D64/><U125/><E125/><V9/><F126/><W22/><G103/><T27/><D77/><U43/><E43/><V3/><F3/><W98/><G8/><T40/><D40/><U117/><E117/><V134/><F28/><W93/><G22/><T19/><D97/><U69/><E69/><V6/><F10/><W62/><G35/><T76/><D76/><U66/><E66/><V84/><F134/><N who="0" m="51818" /><D11/><U108/><E108/><V120/><F120/><W94/><G33/><T109/><D109/><U119/><E119/><V90/><F38/><W70/><G70/><T135/><N who="0" m="51826" /><T48/><AGARI ba="0,0" hai="16,18,19,21,27,48,49,50,86,91,92" m="51826" machi="48" ten="50,9600,0" yaku="4,1,20,1,54,1" doraHai="104" who="0" fromWho="0" sc="250,96,250,-32,250,-32,250,-32" /><INIT seed="0,1,0,5,4,88" ten="346,218,218,218" oya="0" hai0="9,107,43,122,123,39,114,8,82,12,104,98,4" hai1="126,117,46,20,129,121,37,97,29,71,135,27,116" hai2="40,74,68,25,115,113,28,131,3,61,17,53,70" hai3="49,6,69,73,19,23,32,133,110,128,45,81,55"/><T102/><D114/><U66/><E121/><V52/><F17/><W94/><G32/><T31/><D107/><U54/><E126/><V42/><F74/><W96/><G69/><T48/><D39/><U99/><E129/><V24/><F28/><W106/><G106/><T22/><D9/><U18/><E135/><V35/><F61/><W10/><G128/><T112/><D112/><U1/><E1/><V15/><F15/><W105/><G105/><T77/><D22/><U50/><E37/><V89/><F89/><W91/><G133/><T108/><D108/><U21/><E66/><V33/><REACH who="2" step="1"/><F131/><REACH who="2" ten="346,218,208,218" step="2"/><W47/><G73/><T38/><D31/><U5/><E5/><V11/><F11/><W127/><G127/><T30/><D30/><U101/><E71/><V76/><F76/><W75/><G75/><T124/><D124/><U56/><E56/><V64/><F64/><W59/><G110/><T58/><D58/><U13/><REACH who="1" step="1"/><E101/><REACH who="1" ten="346,208,208,218" step="2"/><V120/><F120/><W0/><REACH who="3" step="1"/><G81/><REACH who="3" ten="346,208,208,208" step="2"/><T60/><D123/><U65/><E65/><V90/><F90/><W16/><G16/><T100/><D122/><U83/><E83/><V26/><F26/><AGARI ba="1,3" hai="0,6,10,19,23,26,45,47,49,55,59,91,94,96" machi="26" ten="30,7700,0" yaku="1,1,7,1,52,1,53,1" doraHai="88" doraHaiUra="84" who="3" fromWho="2" sc="346,0,208,0,208,-80,208,110" /><INIT seed="1,0,0,2,2,49" ten="346,208,128,318" oya="1" hai0="13,39,26,18,111,4,96,112,130,52,65,123,32" hai1="89,14,33,127,10,28,30,55,29,3,41,6,66" hai2="132,35,122,104,76,85,62,102,135,70,51,80,109" hai3="40,15,91,53,83,117,24,16,134,103,75,1,90"/><U43/><E127/><V106/><F122/><W79/><G1/><T115/><D65/><U99/><E66/><N who="2" m="41303" /><F35/><W46/><G134/><N who="2" m="51241" /><F109/><W77/><G117/><T67/><D67/><U124/><E124/><V114/><F114/><W22/><G79/><T42/><D42/><U87/><E3/><V45/><F102/><W17/><G103/><T0/><D130/><U19/><E99/><V37/><F37/><W23/><REACH who="3" step="1"/><G53/><AGARI ba="0,0" hai="45,51,53,76,80,85,104,106" m="51241,41303" machi="53" ten="30,2000,0" yaku="20,1,52,1" doraHai="49" who="2" fromWho="3" sc="346,0,208,0,128,20,318,-20" /><INIT seed="2,0,0,2,0,8" ten="346,208,148,298" oya="2" hai0="7,107,128,60,122,77,5,13,80,93,121,64,19" hai1="71,124,59,22,51,85,11,27,42,117,133,101,72" hai2="111,35,17,50,53,90,25,15,66,120,33,108,134" hai3="105,86,49,67,57,2,48,129,69,118,38,110,6"/><V73/><F120/><W89/><G38/><T1/><D107/><U112/><E71/><V132/><F73/><W75/><G75/><T16/><D1/><U94/><E72/><V44/><F66/><W92/><G105/><T65/><D128/><U126/><E112/><V95/><F25/><W37/><G37/><T58/><D93/><U127/><E117/><V20/><F95/><W113/><G118/><T10/><D65/><U63/><E133/><N who="2" m="51307" /><F90/><W68/><G113/><T114/><D114/><U78/><E78/><V29/><F29/><W109/><G129/><T21/><D122/><U24/><E24/><V99/><F99/><W52/><G49/><T62/><D62/><U87/><E101/><V45/><F45/><W14/><G2/><T43/><D121/><U100/><E100/><V18/><F18/><W131/><G131/><T47/><D19/><U61/><E94/><V130/><F130/><W30/><G30/><T96/><D96/><U79/><E79/><V104/><F104/><W28/><G28/><T3/><D77/><U39/><E39/><V32/><AGARI ba="0,0" hai="15,17,20,32,33,35,44,50,53,108,111" m="51307" machi="32" ten="40,3900,0" yaku="20,1,52,1" doraHai="8" who="2" fromWho="2" sc="346,-13,208,-13,148,39,298,-13" /><INIT seed="2,1,0,1,4,100" ten="333,195,187,285" oya="2" hai0="124,13,69,97,47,103,19,22,81,66,26,109,37" hai1="113,35,131,5,71,93,46,55,115,130,70,8,65" hai2="110,3,119,52,114,123,107,21,57,1,41,72,2" hai3="54,33,98,102,88,34,6,43,64,40,44,133,28"/><V83/><F123/><W87/><G133/><T111/><D124/><U7/><E35/><V116/><F114/><W50/><G64/><T127/><D127/><U62/><E71/><V96/><F41/><W53/><G6/><T120/><D120/><U90/><E7/><V77/><F110/><N who="0" m="41994" /><D81/><U48/><E131/><V78/><F78/><W60/><G28/><T27/><D66/><U38/><E38/><V108/><F108/><W135/><G135/><T112/><D69/><U134/><E134/><V30/><F21/><W75/><G75/><T99/><D99/><U56/><E70/><V129/><F30/><W31/><G31/><T73/><D73/><U85/><REACH who="1" step="1"/><E130/><REACH who="1" ten="333,185,187,285" step="2"/><V16/><F129/><W14/><G33/><T105/><D112/><U74/><E74/><V45/><F119/><W24/><G34/><T63/><D63/><U122/><E122/><V36/><F116/><W9/><G60/><T32/><D32/><U25/><E25/><V106/><F72/><W117/><G24/><T39/><D39/><U121/><E121/><V101/><F36/><W15/><G117/><T51/><D37/><U94/><E94/><V61/><F107/><W92/><G43/><AGARI ba="1,1" hai="13,19,22,26,27,43,47,51,97,103,105" m="41994" machi="43" ten="30,2000,0" yaku="14,1,52,1" doraHai="100" who="0" fromWho="3" sc="333,33,185,0,187,0,285,-23" /><INIT seed="3,0,0,4,0,22" ten="366,185,187,262" oya="3" hai0="104,105,119,2,6,42,122,9,109,125,5,89,59" hai1="51,19,75,85,127,129,32,40,28,16,72,93,78" hai2="126,113,116,96,12,25,94,81,102,88,52,0,82" hai3="99,103,44,70,112,90,84,100,115,10,53,46,67"/><W15/><G70/><T124/><D119/><U77/><E127/><N who="0" m="48713" /><D109/><U73/><E129/><V1/><F126/><W97/><G67/><T21/><D6/><U114/><E114/><V45/><F113/><W23/><G115/><T18/><D42/><U117/><E117/><V43/><F116/><W55/><G112/><T80/><D59/><U118/><E118/><V35/><F12/><W79/><G79/><T17/><D17/><U86/><E40/><V134/><F134/><W49/><G23/><T101/><D101/><U13/><E51/><V65/><F65/><W61/><G103/><T91/><D122/><U33/><E93/><V131/><F131/><W128/><G128/><T60/><D60/><U108/><E13/><V111/><F111/><W110/><G110/><T11/><D11/><U57/><E75/><V132/><F132/><W34/><G34/><T14/><D80/><U62/><E108/><V92/><F43/><W58/><G46/><T106/><AGARI ba="0,0" hai="2,5,9,14,18,21,89,91,104,105,106" m="48713" machi="106" ten="40,1500,0" yaku="18,1" doraHai="22" who="0" fromWho="0" sc="366,15,185,-4,187,-4,262,-7" /><INIT seed="4,0,0,3,1,6" ten="381,181,183,255" oya="0" hai0="101,116,26,32,83,17,82,127,125,80,19,97,65" hai1="111,34,114,105,131,94,53,95,23,109,43,59,62" hai2="130,15,36,122,3,8,110,63,75,47,91,103,88" hai3="64,2,54,20,0,24,56,135,90,37,120,96,99"/><T89/><D65/><U10/><E105/><V5/><F110/><W12/><G37/><T33/><D89/><U30/><E34/><N who="0" m="13417" /><D26/><U46/><E131/><V118/><F130/><W117/><G117/><T74/><D74/><U57/><E114/><V48/><F122/><W55/><G120/><T49/><D49/><U124/><E124/><N who="0" m="47689" /><D116/><U106/><E106/><AGARI ba="0,0" hai="17,19,80,82,83,97,101,106" m="47689,13417" machi="106" ten="40,2000,0" yaku="18,1" doraHai="6" who="0" fromWho="1" sc="381,20,181,-20,183,0,255,0" /><INIT seed="4,1,0,3,4,67" ten="401,161,183,255" oya="0" hai0="66,92,79,115,103,25,64,86,76,100,101,13,65" hai1="58,48,52,130,28,111,11,19,1,95,8,14,3" hai2="23,37,112,133,120,34,98,134,128,127,113,7,68" hai3="114,116,81,53,38,71,105,49,131,85,102,15,4"/><T31/><D115/><N who="2" m="44106" /><F37/><W59/><G38/><T121/><D121/><U10/><E111/><V119/><F120/><W39/><G114/><T109/><D109/><U35/><E130/><V20/><F98/><W84/><G39/><T117/><D117/><U22/><E35/><V94/><F94/><W45/><G116/><T18/><D31/><U135/><E28/><V57/><F119/><W9/><G131/><T132/><D25/><U73/><E73/><V74/><F74/><W82/><G71/><T62/><D132/><N who="2" m="50794" /><F128/><W88/><G105/><T110/><D110/><U72/><E72/><V89/><F89/><W60/><G102/><T106/><D106/><U26/><E135/><V97/><F97/><W29/><G29/><T0/><D0/><U46/><E26/><V47/><F47/><W17/><G4/><T108/><D108/><U126/><E126/><V99/><F99/><W90/><REACH who="3" step="1"/><G60/><REACH who="3" ten="401,161,183,245" step="2"/><T91/><D62/><U83/><E48/><V78/><F68/><W69/><G69/><T16/><REACH who="0" step="1"/><D18/><REACH who="0" ten="391,161,183,245" step="2"/><U61/><E19/><V118/><F118/><W50/><G50/><T55/><D55/><U42/><E52/><V12/><F127/><W24/><G24/><T77/><D77/><U30/><E30/><V21/><F78/><W33/><G33/><T70/><D70/><U43/><E61/><V104/><F104/><W41/><G41/><T124/><D124/><U123/><E43/><V51/><F34/><W36/><G36/><T5/><D5/><U63/><E63/><V87/><F7/><W54/><G54/><T75/><D75/><U2/><E42/><RYUUKYOKU ba="1,2" sc="391,15,161,-15,183,-15,245,15" hai0="13,16,64,65,66,76,79,86,91,92,100,101,103" hai3="9,15,17,45,49,53,59,81,82,84,85,88,90" /><INIT seed="4,2,2,5,5,96" ten="406,146,168,260" oya="0" hai0="19,26,40,80,22,92,11,61,78,20,31,23,133" hai1="56,122,50,1,104,119,135,48,32,82,74,60,41" hai2="70,7,100,63,90,120,14,102,15,66,69,39,132" hai3="5,10,129,33,124,105,18,128,118,103,58,45,130"/><T53/><D133/><U114/><E119/><V97/><F120/><W54/><G118/><T93/><D40/><U25/><E122/><V16/><F132/><W85/><G124/><T87/><D11/><U57/><E1/><V38/><F70/><W99/><G33/><T125/><D125/><U111/><E111/><V117/><F117/><W109/><G109/><T2/><D2/><U0/><E0/><V110/><F110/><W134/><G134/><T91/><D93/><U6/><E6/><V46/><F46/><W36/><G85/><T86/><D31/><U59/><E135/><V89/><F14/><W17/><G45/><T49/><REACH who="0" step="1"/><D61/><REACH who="0" ten="396,146,168,260" step="2"/><U108/><E108/><V30/><F30/><W83/><G83/><T94/><D94/><U64/><E104/><V127/><F127/><W72/><G36/><T116/><D116/><U67/><E41/><V9/><F39/><W52/><G105/><T47/><AGARI ba="2,3" hai="19,20,22,23,26,47,49,53,78,80,86,87,91,92" machi="47" ten="20,12000,1" yaku="1,1,0,1,7,1,8,1,53,1" doraHai="96" doraHaiUra="75" who="0" fromWho="0" sc="396,156,146,-42,168,-42,260,-42" /><INIT seed="4,3,0,0,3,109" ten="552,104,126,218" oya="0" hai0="61,102,85,5,10,59,28,69,113,42,60,125,83" hai1="135,9,36,96,127,94,15,11,24,53,108,44,97" hai2="50,91,123,84,4,35,14,43,22,117,8,12,56" hai3="73,100,101,87,120,38,67,34,65,124,3,131,106"/><T23/><D113/><U75/><E108/><V89/><F117/><W76/><G38/><T51/><D125/><U81/><E127/><V37/><F123/><W103/><G34/><T118/><D69/><U46/><E135/><V129/><F129/><W112/><G3/><T134/><D102/><U86/><E75/><V132/><F132/><W63/><G124/><T72/><D61/><U110/><E110/><V105/><F105/><W41/><G106/><T49/><D42/><U98/><E24/><V45/><F35/><W47/><G73/><T92/><D92/><U93/><E36/><V77/><F56/><W20/><G120/><T128/><D23/><U32/><E32/><V119/><F37/><W27/><G131/><T6/><D10/><U16/><E11/><N who="2" m="4199" /><F22/><W74/><G74/><T126/><D59/><U0/><E0/><V25/><F25/><W95/><G112/><T19/><D118/><U122/><E122/><V68/><F68/><W133/><G133/><T7/><D72/><U107/><E107/><V39/><F39/><W130/><G130/><T99/><D126/><U114/><E114/><V82/><F119/><W40/><G47/><N who="1" m="17962" /><E53/><V18/><AGARI ba="3,0" hai="8,14,18,43,45,50,77,82,84,89,91" m="4199" machi="18" ten="30,2000,0" yaku="25,1,8,1" doraHai="109" who="2" fromWho="2" sc="552,-13,104,-8,126,29,218,-8" /><INIT seed="5,0,0,5,4,12" ten="539,96,155,210" oya="1" hai0="120,128,87,32,21,38,78,81,18,0,70,85,103" hai1="133,22,89,54,118,84,31,121,110,3,44,29,57" hai2="98,20,109,71,108,25,86,8,59,27,5,17,104" hai3="125,130,65,102,127,80,123,9,47,40,50,119,48"/><U66/><E118/><V43/><F71/><W97/><G123/><T124/><D0/><U42/><E121/><V111/><F27/><W14/><G119/><T68/><D128/><U39/><E133/><V94/><F104/><W23/><G130/><T58/><D124/><N who="3" m="47689" /><G65/><T7/><D7/><U112/><E3/><V135/><F86/><W24/><G80/><T55/><D38/><U1/><E1/><V107/><F107/><N who="3" m="63951" /><G47/><T26/><D32/><U75/><E75/><V100/><F135/><W117/><G40/><T126/><D103/><U122/><E122/><V74/><F74/><W93/><G93/><T63/><D120/><U95/><E112/><V49/><F43/><W134/><G134/><T56/><D126/><U64/><E110/><V77/><F77/><W113/><G113/><T46/><D46/><U45/><E44/><V92/><F92/><W101/><G101/><T4/><D70/><U114/><E114/><V76/><F76/><W28/><G117/><T82/><D68/><U131/><E131/><V11/><REACH who="2" step="1"/><F5/><AGARI ba="0,0" hai="5,9,14,23,24,28,48,50" m="63951,47689" machi="5" ten="30,1000,0" yaku="18,1" doraHai="12" who="3" fromWho="2" sc="539,0,96,0,155,-10,210,10" /><INIT seed="6,0,0,3,1,45" ten="539,96,145,220" oya="2" hai0="131,77,111,60,62,8,7,32,113,40,33,122,64" hai1="16,39,88,49,107,128,25,92,93,129,114,65,29" hai2="119,112,51,109,120,96,78,69,126,3,134,97,56" hai3="30,116,22,14,48,81,130,85,123,28,18,76,31"/><V83/><F3/><W52/><G116/><T43/><D131/><N who="1" m="50251" /><E107/><V0/><F0/><W100/><G130/><T132/><D113/><U102/><E39/><V95/><F69/><W103/><REACH who="3" step="1"/><G123/><REACH who="3" ten="539,96,145,210" step="2"/><T54/><D122/><U46/><E114/><V105/><F112/><W87/><G87/><T47/><D43/><N who="1" m="24799" /><E65/><V50/><F120/><W63/><G63/><T84/><D62/><U61/><E61/><V91/><F119/><W53/><G53/><T127/><D54/><U82/><E102/><V66/><F66/><W23/><G23/><T104/><D60/><U99/><E99/><V58/><F97/><W2/><G2/><T75/><D84/><N who="1" m="50199" /><E29/><V55/><F55/><W21/><G21/><AGARI ba="0,1" hai="16,21,25,92,93" m="50199,24799,50251" machi="21" ten="30,7700,0" yaku="19,1,52,1,54,2" doraHai="45" who="1" fromWho="3" sc="539,0,96,87,145,0,210,-77" /><INIT seed="7,0,0,5,2,48" ten="539,183,145,133" oya="3" hai0="89,100,20,18,50,6,75,95,76,26,71,54,8" hai1="111,51,128,80,52,45,126,4,15,66,58,77,106" hai2="131,109,91,92,14,43,56,65,96,94,40,44,0" hai3="31,73,35,113,49,117,90,1,74,22,23,104,68"/><W42/><G117/><T133/><D133/><U30/><E111/><V114/><F109/><W60/><G104/><T129/><D129/><U9/><E106/><V59/><F114/><W125/><G1/><T69/><D76/><U19/><E126/><V120/><F0/><W102/><G102/><T93/><D93/><U81/><E30/><V88/><F131/><W53/><G113/><T86/><D75/><U116/><E128/><V25/><F120/><W37/><G125/><T34/><D34/><U99/><E99/><V27/><F14/><W83/><G35/><T135/><D135/><U79/><E116/><V72/><F72/><W33/><G33/><T115/><D100/><U119/><E4/><V7/><F7/><W105/><G105/><T127/><D115/><U24/><E24/><V118/><F118/><W36/><G74/><T67/><D67/><U28/><E28/><V5/><F5/><W21/><G31/><T107/><D107/><U64/><E119/><V82/><F65/><N who="1" m="25193" /><E58/><V112/><F112/><W103/><G103/><T29/><D127/><U61/><E61/><V130/><F130/><W16/><G68/><T87/><D87/><U84/><E84/><V11/><F44/><N who="3" m="25751" /><G16/><T110/><D110/><U17/><E17/><V98/><F11/><W12/><G12/><N who="0" m="5143" /><D29/><U108/><E108/><V62/><F62/><W47/><G73/><T41/><D71/><U57/><E57/><V55/><F55/><W121/><G121/><T46/><D69/><U13/><E13/><V134/><F134/><W39/><G39/><T97/><D54/><U132/><E132/><RYUUKYOKU ba="0,0" sc="539,10,183,10,145,10,133,-30" hai0="18,20,26,41,46,50,86,89,95,97" hai1="9,15,19,45,51,52,77,79,80,81" hai2="25,27,40,43,56,59,82,88,91,92,94,96,98" owari="549,65.0,193,-1.0,155,-24.0,103,-40.0" /></mjloggm>