<mjloggm ver="2.3"><GO type="41" lobby="0"/><UN n0="%68%69%73%61%74%68%69%6E" n1="%67%69%6B%6B%75%72%69%35" n2="%E2%93%9D%53%75%70%68%78" n3="%4E%E3%83%AA%E3%83%BC%E3%82%AC%E3%83%BC" dan="14,14,18,13" rate="2021.85,1937.24,2137.64,1803.12" sx="M,M,M,M"/><TAIKYOKU oya="0"/><INIT seed="0,0,0,4,5,118" ten="250,250,250,250" oya="0" hai0="44,33,132,80,117,71,126,11,125,62,13,65,86" hai1="45,73,52,122,72,95,84,28,1,19,120,98,23" hai2="25,131,78,3,17,87,2,46,88,74,111,107,85" hai3="43,128,36,29,123,119,130,135,0,60,70,108,133"/><T55/><D33/><U37/><E28/><V4/><F107/><W54/><G29/><T56/><D117/><U50/><E1/><V40/><F111/><W114/><G43/><T106/><D106/><U69/><E69/><V77/><F131/><W16/><G54/><T49/><D132/><U31/><E31/><V96/><F96/><W53/><G53/><T22/><D22/><U39/><E84/><V61/><F87/><W59/><G16/><T121/><D121/><U68/><E68/><V89/><F61/><W18/><G18/><T27/><D27/><U101/><E39/><V129/><F129/><W79/><G59/><T26/><D26/><U57/><E37/><V35/><F74/><W112/><G60/><T41/><D71/><U82/><E45/><V24/><F85/><W92/><G92/><T6/><REACH who="0" step="1"/><D65/><REACH who="0" ten="240,250,250,250" step="2"/><U97/><E97/><V12/><F25/><W76/><G135/><T14/><D14/><U113/><E113/><V5/><F24/><W93/><G128/><T134/><D134/><U9/><E9/><V90/><F35/><W115/><G114/><T30/><D30/><U8/><E8/><V124/><F3/><W103/><G115/><T15/><D15/><U21/><E23/><V42/><F2/><W81/><G0/><T105/><D105/><U20/><E20/><V32/><F32/><W66/><G112/><T34/><D34/><U83/><E21/><V94/><F12/><W58/><G130/><T109/><D109/><U47/><E19/><V10/><F17/><W63/><G133/><T102/><D102/><U75/><E47/><RYUUKYOKU ba="0,1" sc="240,15,250,15,250,-15,250,-15" hai0="6,11,13,41,44,49,55,56,62,80,86,125,126" hai1="50,52,57,72,73,75,82,83,95,98,101,120,122" /><INIT seed="0,1,1,0,0,59" ten="255,265,235,235" oya="0" hai0="61,60,99,54,7,90,14,0,134,76,129,35,13" hai1="5,53,62,9,94,3,80,58,118,29,10,27,81" hai2="116,28,42,46,108,91,92,78,103,52,101,30,70" hai3="130,128,86,77,97,123,49,32,47,45,104,31,82"/><T36/><D36/><U107/><E107/><V17/><F108/><W21/><G32/><T68/><D35/><U125/><E118/><V23/><F70/><W12/><G123/><T132/><D76/><U84/><E125/><V100/><F78/><W72/><G72/><T37/><D37/><U24/><E10/><V56/><F46/><W109/><G109/><T75/><D75/><U18/><E27/><N who="2" m="14831" /><F42/><W122/><G122/><T79/><D79/><U73/><E73/><V34/><F34/><W43/><G45/><T11/><D129/><U106/><E106/><V44/><F44/><W127/><G127/><T111/><D111/><U25/><E25/><V38/><F38/><W2/><G2/><T98/><D68/><U131/><E131/><V85/><F116/><W50/><G49/><AGARI ba="1,1" hai="28,30,49,52,56,85,91,92,100,101,103" m="14831" machi="49" ten="30,2000,0" yaku="8,1,54,1" doraHai="59" who="2" fromWho="3" sc="255,0,265,0,235,33,235,-23" /><INIT seed="1,0,0,2,2,25" ten="255,265,268,212" oya="1" hai0="58,87,54,132,38,108,68,120,15,88,21,134,30" hai1="111,7,37,114,14,8,3,18,53,48,83,20,133" hai2="41,89,112,35,73,71,27,69,90,85,74,1,125" hai3="42,110,118,47,61,79,67,51,130,81,49,59,0"/><U44/><E114/><V57/><F1/><W107/><G107/><T26/><D68/><U10/><E133/><N who="0" m="51305" /><D38/><U11/><E37/><V12/><F125/><W29/><G0/><T109/><D15/><U39/><E39/><V128/><F41/><W63/><G130/><T119/><D119/><U40/><E111/><V93/><F57/><W103/><G110/><N who="0" m="42603" /><D120/><U65/><E40/><V94/><F12/><W6/><G6/><T105/><D105/><U121/><E121/><V2/><F2/><W56/><G103/><T106/><D106/><U64/><E83/><V92/><F128/><W72/><G118/><T98/><D98/><U16/><E11/><V77/><F71/><W100/><G100/><T115/><D115/><U135/><E135/><V129/><F69/><W117/><G117/><T78/><D78/><U45/><E44/><V97/><F77/><W76/><G79/><T96/><D96/><U99/><REACH who="1" step="1"/><E99/><REACH who="1" ten="255,255,268,212" step="2"/><V101/><F129/><W126/><G126/><T17/><D17/><U62/><E62/><V23/><F112/><W86/><G72/><T113/><D113/><U19/><E19/><V95/><F74/><W75/><G75/><T4/><D4/><U36/><E36/><V66/><F73/><W52/><REACH who="3" step="1"/><G29/><REACH who="3" ten="255,255,268,202" step="2"/><T32/><D30/><U84/><E84/><V82/><F101/><W31/><G31/><T104/><D87/><U43/><E43/><V122/><F122/><W123/><G123/><T124/><D124/><U5/><E5/><V80/><F85/><W22/><G22/><T46/><D21/><U127/><E127/><V60/><F23/><RYUUKYOKU ba="0,2" sc="255,-15,255,15,268,-15,202,15" hai1="3,7,8,10,14,16,18,20,45,48,53,64,65" hai3="42,47,49,51,52,56,59,61,63,67,76,81,86" /><INIT seed="1,1,2,5,4,28" ten="240,270,253,217" oya="1" hai0="55,100,38,126,133,123,102,21,134,0,97,111,1" hai1="130,30,10,107,128,29,67,77,127,34,79,80,72" hai2="117,74,48,20,91,44,120,61,60,2,35,31,103" hai3="16,81,6,132,121,43,14,4,69,86,66,24,64"/><U135/><E107/><V53/><F2/><W108/><G108/><T8/><D38/><U131/><E127/><V65/><F74/><W23/><G132/><N who="0" m="50795" /><D111/><U98/><E135/><V68/><F117/><W32/><G121/><T90/><D123/><U33/><E67/><V47/><F20/><W46/><G69/><T45/><D21/><U50/><E79/><V13/><F13/><W41/><G41/><T5/><D126/><U40/><E98/><V73/><F73/><W78/><G4/><T115/><D115/><U118/><E118/><V49/><F103/><W99/><G99/><T124/><D124/><U18/><E29/><V89/><F61/><W84/><G84/><T22/><D22/><U39/><E30/><V15/><F15/><W125/><G125/><T129/><D129/><U63/><E63/><V110/><F120/><W116/><G116/><T12/><D90/><U94/><E94/><V119/><F110/><W75/><G75/><T11/><D11/><U83/><E83/><V88/><F119/><W71/><G71/><T85/><D85/><U104/><E104/><V96/><F96/><W112/><G112/><T113/><D113/><U51/><E18/><V95/><F95/><W114/><G114/><T52/><D100/><U56/><E10/><V26/><F91/><W37/><G6/><T3/><D45/><N who="1" m="23711" /><E56/><V7/><F7/><W58/><REACH who="3" step="1"/><G58/><REACH who="3" ten="240,270,253,207" step="2"/><T92/><AGARI ba="1,3" hai="0,1,3,5,8,12,52,55,92,97,102" m="50795" machi="92" ten="40,2700,0" yaku="20,1,54,1" doraHai="28" who="0" fromWho="0" sc="240,60,270,-14,253,-8,207,-8" /><INIT seed="2,0,0,1,4,95" ten="300,256,245,199" oya="2" hai0="21,123,48,103,99,75,6,80,25,30,65,16,56" hai1="39,117,78,68,64,14,97,27,9,35,131,124,84" hai2="5,111,17,89,46,23,114,38,37,104,96,100,98" hai3="116,36,101,61,135,132,20,42,54,90,31,69,127"/><V121/><F114/><W120/><G116/><T19/><D123/><U11/><E117/><V66/><F121/><W34/><G120/><T0/><D0/><U76/><E39/><V67/><F5/><W60/><G34/><T85/><D6/><U74/><E74/><V108/><F89/><W43/><G101/><T18/><D75/><U4/><E11/><V45/><F23/><W32/><G20/><T128/><D128/><U122/><E122/><V41/><F17/><W106/><G31/><T58/><D48/><U83/><E68/><V77/><F77/><W119/><G106/><T57/><D65/><U47/><E64/><V115/><F115/><W8/><G8/><T102/><REACH who="0" step="1"/><D99/><REACH who="0" ten="290,256,245,199" step="2"/><U59/><E97/><V126/><F100/><W3/><G3/><T72/><D72/><U26/><E131/><V13/><F104/><W62/><G119/><T133/><D133/><U70/><E84/><V2/><F2/><W44/><G132/><T109/><D109/><U118/><E118/><V22/><F67/><W51/><G135/><T49/><D49/><U125/><E124/><V33/><F66/><W87/><G127/><T91/><AGARI ba="0,1" hai="16,18,19,21,25,30,56,57,58,80,85,91,102,103" machi="91" ten="30,7900,0" yaku="1,1,0,1,8,1,54,1,53,0" doraHai="95" doraHaiUra="63" who="0" fromWho="0" sc="290,89,256,-20,245,-39,199,-20" /><INIT seed="3,0,0,4,2,111" ten="379,236,206,179" oya="3" hai0="128,68,80,65,24,30,29,2,23,113,54,13,78" hai1="52,120,81,47,32,8,87,102,86,122,104,20,0" hai2="3,17,57,98,106,10,36,107,135,94,42,53,126" hai3="132,119,35,96,45,66,89,26,115,60,14,9,7"/><W101/><G119/><T95/><D2/><U19/><E32/><V34/><F34/><W112/><G132/><T27/><D128/><U63/><E87/><V114/><F135/><W123/><G123/><T31/><D65/><U83/><E81/><V108/><F126/><W48/><G89/><T5/><D68/><U99/><E0/><V117/><F108/><W33/><G48/><T118/><D118/><U11/><E11/><V110/><F114/><W127/><G45/><T39/><D39/><U62/><E62/><V130/><F130/><W40/><G40/><T121/><D121/><U125/><E125/><V6/><F110/><W41/><G41/><T73/><D113/><U84/><E84/><V71/><F71/><W92/><G127/><T37/><D37/><U55/><E55/><V38/><F17/><W1/><G14/><T74/><D74/><U100/><E100/><V22/><F22/><W58/><REACH who="3" step="1"/><G35/><REACH who="3" ten="379,236,206,169" step="2"/><T61/><D13/><U72/><E122/><V15/><F117/><W82/><G82/><T59/><D80/><U93/><E120/><V70/><F38/><W4/><G4/><T103/><D5/><U44/><E72/><V91/><F3/><W77/><G77/><T28/><D78/><U69/><E83/><V25/><F36/><W50/><G50/><T79/><D79/><U51/><E44/><V67/><F42/><W21/><G21/><N who="0" m="15375" /><D73/><U16/><E8/><V116/><F116/><W64/><G64/><T109/><D109/><U43/><E20/><V46/><F10/><W85/><G85/><T76/><D76/><U49/><E86/><RYUUKYOKU ba="0,1" sc="379,15,236,-15,206,-15,169,15" hai0="23,27,29,30,31,54,59,61,95,103" hai3="1,7,9,26,33,58,60,66,92,96,101,112,115" /><INIT seed="3,1,1,3,3,5" ten="394,221,191,184" oya="3" hai0="38,57,130,80,61,60,68,56,8,76,81,75,42" hai1="106,78,115,109,20,96,71,29,33,102,107,4,119" hai2="73,36,14,51,45,103,135,9,64,94,12,97,79" hai3="112,116,11,127,23,44,77,39,108,35,118,37,3"/><W125/><G35/><T134/><D68/><U100/><E109/><V27/><F36/><W132/><G112/><T113/><D113/><U92/><E115/><V74/><F14/><W31/><G31/><T89/><D42/><U83/><E119/><V101/><F135/><W126/><G23/><T13/><D38/><N who="3" m="14345" /><G44/><T111/><D134/><U66/><E20/><V70/><F103/><W99/><G132/><T16/><D111/><U7/><E102/><V47/><F47/><W49/><G49/><T59/><D130/><U19/><E19/><V30/><F79/><W86/><G108/><T105/><D105/><U110/><E110/><V52/><F64/><W72/><G99/><T87/><AGARI ba="1,1" hai="8,13,16,56,57,59,60,61,75,76,80,81,87,89" machi="87" ten="30,4000,0" yaku="0,1,52,1,54,1" doraHai="5" who="0" fromWho="0" sc="394,53,221,-11,191,-11,184,-21" /><INIT seed="4,0,0,5,4,26" ten="447,210,180,163" oya="0" hai0="2,25,50,120,33,69,65,21,126,84,108,51,77" hai1="110,82,125,61,70,124,15,96,45,64,131,6,113" hai2="104,58,27,78,22,75,0,115,62,88,36,101,1" hai3="60,93,68,38,71,73,133,123,95,8,86,13,19"/><T121/><D2/><U56/><E110/><V135/><F36/><W24/><G38/><T5/><D5/><U20/><E96/><V39/><F39/><W99/><G73/><T49/><D126/><U72/><E131/><V105/><F115/><W3/><G3/><T118/><D118/><U103/><E103/><V94/><F135/><W127/><G133/><T119/><D119/><U117/><E117/><V114/><F114/><W116/><G116/><T130/><D130/><U4/><E113/><V41/><F41/><W106/><G106/><T134/><D134/><U10/><E6/><V47/><F47/><W90/><G127/><N who="1" m="48714" /><E45/><V66/><F105/><W98/><G123/><T83/><D33/><U81/><E72/><V80/><F101/><W23/><G60/><T92/><D108/><U89/><E70/><V48/><F48/><W107/><G107/><T53/><D53/><U44/><E44/><V129/><F104/><W28/><REACH who="3" step="1"/><G86/><REACH who="3" ten="447,210,180,153" step="2"/><T43/><D120/><U111/><E111/><V14/><F129/><W109/><G109/><T52/><D121/><U128/><E128/><V100/><F1/><W63/><G63/><T16/><D43/><U54/><E64/><V40/><F40/><W34/><G34/><T37/><D84/><U57/><E20/><V18/><F0/><W76/><G76/><T31/><D65/><N who="1" m="39079" /><E89/><AGARI ba="0,1" hai="8,13,19,23,24,28,68,71,89,90,93,95,98,99" machi="89" ten="30,7700,0" yaku="1,1,7,1,9,1,52,1,53,0" doraHai="26" doraHaiUra="102" who="3" fromWho="1" sc="447,0,210,-77,180,0,153,87" /><INIT seed="5,0,0,4,0,73" ten="447,133,180,240" oya="1" hai0="4,0,105,106,44,107,28,96,31,34,114,122,100" hai1="29,75,33,14,2,15,115,92,10,56,103,130,85" hai2="47,135,133,93,70,17,3,43,37,119,21,58,91" hai3="36,104,8,121,64,128,52,69,90,30,5,110,79"/><U84/><E75/><V89/><F70/><W82/><G110/><T12/><D114/><U57/><E115/><V68/><F68/><W71/><G104/><T22/><D28/><U98/><E130/><V72/><F3/><W80/><G36/><T35/><D122/><U27/><E2/><V113/><F119/><W102/><G102/><T45/><D34/><U16/><E15/><V20/><F113/><W11/><G30/><T117/><D117/><U109/><E109/><V94/><F58/><W26/><G26/><T123/><D123/><U41/><E41/><V129/><F72/><W53/><G64/><T60/><D60/><U118/><E118/><V127/><F127/><W66/><G90/><N who="2" m="34313" /><F21/><W132/><G66/><T87/><D35/><U67/><REACH who="1" step="1"/><E56/><REACH who="1" ten="447,123,180,240" step="2"/><V74/><F74/><W88/><G128/><T131/><D0/><U13/><E13/><N who="2" m="9263" /><F129/><W23/><G121/><T39/><D12/><U40/><E40/><V6/><F6/><W63/><G5/><T99/><D4/><U24/><E24/><V125/><F125/><W134/><G71/><T95/><D131/><U83/><E83/><V38/><F38/><W48/><G82/><T126/><D39/><U62/><AGARI ba="0,1" hai="10,14,16,27,29,33,57,62,67,84,85,92,98,103" machi="62" ten="30,6000,0" yaku="1,1,0,1,54,1,53,0" doraHai="73" doraHaiUra="65" who="1" fromWho="1" sc="447,-20,123,70,180,-20,240,-20" /><INIT seed="5,1,0,5,2,82" ten="427,193,160,220" oya="1" hai0="125,81,64,58,72,16,62,46,44,121,96,30,5" hai1="14,65,91,37,106,61,113,47,129,117,49,34,23" hai2="51,66,73,69,11,89,20,116,52,7,75,22,79" hai3="38,13,59,135,18,21,71,3,104,70,111,119,131"/><U83/><E117/><V55/><F116/><W134/><G59/><T88/><D125/><U56/><E34/><V68/><F79/><W95/><G119/><T77/><D121/><U33/><E33/><V35/><F35/><W90/><G104/><T108/><D108/><U15/><E113/><V126/><F66/><W114/><G38/><T78/><D30/><U45/><E106/><V54/><F51/><W9/><G114/><T36/><D5/><U107/><E107/><V74/><F89/><W118/><G111/><T93/><D36/><U40/><E129/><V115/><F115/><W4/><G131/><T112/><D77/><U2/><E2/><V48/><F48/><W100/><G100/><T29/><D29/><U85/><REACH who="1" step="1"/><E23/><REACH who="1" ten="427,183,160,220" step="2"/><V84/><F126/><W1/><G118/><T122/><D112/><U17/><E17/><V99/><F22/><W28/><G1/><T105/><D122/><U25/><E25/><V0/><F20/><W80/><G28/><T60/><D105/><U127/><E127/><V133/><F133/><W92/><G134/><T67/><D16/><U76/><E76/><V94/><F99/><W19/><G19/><T57/><AGARI ba="1,1" hai="44,46,57,58,60,62,64,67,72,78,81,88,93,96" machi="57" ten="20,5200,0" yaku="0,1,7,1,9,1,54,1" doraHai="82" who="0" fromWho="0" sc="427,65,183,-27,160,-14,220,-14" /><INIT seed="6,0,0,5,3,91" ten="492,156,146,206" oya="2" hai0="70,56,127,19,38,58,40,5,97,72,74,41,34" hai1="100,60,99,73,3,36,78,53,13,117,21,84,114" hai2="22,39,122,96,0,29,17,98,105,102,129,124,47" hai3="126,94,79,50,116,32,133,51,69,86,45,130,42"/><V82/><F122/><W83/><G116/><T6/><D34/><U28/><E117/><V55/><F0/><W48/><G32/><T81/><D70/><U37/><E3/><V57/><F129/><W67/><G130/><T113/><D113/><U80/><E114/><V12/><F124/><W11/><G126/><T14/><D38/><U88/><E60/><V134/><F134/><W24/><G133/><T85/><D97/><U132/><E132/><V2/><F2/><W77/><G79/><T61/><D72/><U9/><E53/><V106/><F29/><W109/><G109/><T123/><D74/><U118/><E118/><V90/><F47/><W8/><G24/><T18/><D123/><U76/><E21/><V92/><F39/><W35/><G35/><T20/><D18/><U131/><E28/><V135/><F135/><W26/><G26/><T107/><D107/><U54/><E78/><V128/><F128/><W68/><G68/><T4/><D58/><U15/><E54/><V108/><F108/><W112/><G112/><T16/><D19/><U111/><E15/><V27/><F82/><W120/><G120/><T64/><D127/><U59/><E59/><V119/><F119/><W66/><G69/><T75/><D75/><U44/><E44/><V121/><F121/><W49/><G94/><T110/><D110/><U43/><E43/><V25/><REACH who="2" step="1"/><F106/><REACH who="2" ten="492,156,136,206" step="2"/><W93/><G45/><T125/><D125/><U89/><E111/><V46/><F46/><W71/><G42/><T95/><D81/><U52/><E131/><V63/><AGARI ba="0,1" hai="12,17,22,25,27,55,57,63,90,92,96,98,102,105" machi="63" ten="20,12000,1" yaku="1,1,0,1,7,1,52,1,53,1" doraHai="91" doraHaiUra="101" who="2" fromWho="2" sc="492,-40,156,-40,136,130,206,-40" /><INIT seed="6,1,0,1,5,19" ten="452,116,266,166" oya="2" hai0="58,135,14,130,123,57,114,96,74,124,20,128,85" hai1="118,24,77,117,68,76,67,107,3,60,46,82,97" hai2="38,105,16,37,111,28,108,121,91,88,112,103,94" hai3="92,25,50,55,63,87,53,71,17,102,48,84,132"/><V101/><F28/><W90/><G132/><T98/><D74/><U7/><E76/><V36/><F121/><W40/><G102/><N who="2" m="38921" /><F112/><W39/><G39/><T126/><D135/><U47/><E47/><V113/><F113/><W81/><G40/><T27/><D14/><U31/><E46/><V125/><F125/><N who="0" m="48234" /><D85/><U119/><E97/><N who="0" m="37481" /><D123/><U80/><E107/><V10/><F94/><W75/><G75/><T106/><D106/><U69/><E69/><V18/><F10/><W11/><G71/><T122/><D122/><U12/><E12/><V34/><F34/><W42/><G42/><T120/><D114/><U5/><E3/><V13/><F13/><W21/><G11/><T66/><D120/><U41/><E41/><V22/><F105/><W70/><G70/><T79/><D79/><U115/><E115/><V6/><F6/><W4/><G4/><T51/><D51/><N who="3" m="19497" /><G63/><N who="0" m="38255" /><D58/><U61/><E61/><V99/><F99/><W43/><G43/><T72/><D72/><U44/><E44/><V23/><F38/><W131/><G131/><T100/><D100/><U26/><E7/><V109/><F37/><W56/><G56/><T95/><D95/><U8/><E5/><V49/><F36/><W35/><G35/><T104/><D104/><U30/><E8/><V65/><F49/><W86/><G81/><T54/><D54/><AGARI ba="1,0" hai="17,21,25,53,54,55,84,86,87,90,92" m="19497" machi="54" ten="30,2000,0" yaku="8,1,52,1" doraHai="19" who="3" fromWho="0" sc="452,-23,116,0,266,0,166,23" /><INIT seed="7,0,0,0,5,27" ten="429,116,266,189" oya="3" hai0="75,19,51,47,89,113,37,103,74,49,97,59,56" hai1="9,46,129,88,133,3,14,62,45,61,25,29,122" hai2="38,124,102,71,104,30,127,80,55,126,57,11,23" hai3="115,112,58,128,110,44,67,50,94,48,66,35,79"/><W28/><G128/><T107/><D37/><U120/><E3/><V105/><F71/><W60/><G79/><T41/><D113/><U52/><E129/><V10/><F38/><W24/><G110/><T125/><D125/><U108/><E108/><V93/><F80/><W78/><G67/><T118/><D118/><U8/><E133/><V1/><F93/><W13/><G78/><T116/><D116/><U26/><E14/><V32/><F32/><W100/><G13/><T70/><D70/><U21/><E88/><V73/><F73/><W84/><G50/><T111/><D111/><U22/><REACH who="1" step="1"/><E52/><REACH who="1" ten="429,106,266,189" step="2"/><V34/><F55/><W68/><G112/><T95/><D89/><U83/><E83/><V33/><F127/><W86/><G115/><T40/><D107/><U54/><E54/><V85/><F105/><W15/><G100/><T101/><D75/><U109/><E109/><V98/><F104/><W114/><G114/><T16/><D74/><U36/><E36/><V121/><F126/><W77/><G94/><T106/><D103/><U6/><E6/><V87/><F102/><W31/><G77/><T99/><D106/><U72/><E72/><V96/><F124/><W90/><G90/><T53/><D99/><U76/><E76/><V131/><F98/><W42/><G84/><T17/><D53/><U64/><E64/><V4/><F96/><W91/><G15/><T5/><D5/><U134/><E134/><V69/><F87/><W7/><G7/><T65/><D65/><U81/><E81/><V132/><F132/><W130/><G130/><T18/><D97/><RYUUKYOKU ba="0,1" sc="429,-10,106,30,266,-10,189,-10" hai1="8,9,21,22,25,26,29,45,46,61,62,120,122" owari="429,52.0,136,-36.0,256,6.0,179,-22.0" /></mjloggm>