<mjloggm ver="2.3"><GO type="41" lobby="0"/><UN n0="%E9%B3%B4%E3%81%8B%E3%81%9A%E3%81%AE%E5%8C%97%E9%87%8E%E3%80%82" n1="%6E%79%61%6B%6F" n2="%E3%83%9D%E3%82%AB%E3%83%AA%34%39%30" n3="%E2%93%9D%53%75%70%68%78" dan="13,13,15,18" rate="1855.91,1903.80,1918.57,2102.91" sx="M,M,M,M"/><TAIKYOKU oya="0"/><INIT seed="0,0,0,2,1,73" ten="250,250,250,250" oya="0" hai0="27,83,58,4,45,131,51,95,47,125,62,115,13" hai1="33,68,10,26,53,7,84,35,74,105,109,69,111" hai2="71,123,23,3,30,86,97,34,77,59,12,46,41" hai3="119,117,25,92,14,128,134,130,43,85,31,37,38"/><T82/><D115/><U29/><E35/><V72/><F71/><W28/><G43/><T88/><D131/><N who="3" m="50217" /><G14/><T121/><D125/><U22/><E74/><V57/><F34/><W19/><G19/><T52/><D121/><U32/><E105/><V133/><F123/><W49/><G49/><T76/><D27/><U78/><E32/><V100/><F3/><W102/><G25/><T65/><D45/><U11/><E33/><V1/><F1/><W39/><G134/><T113/><D113/><U44/><E10/><V79/><F41/><W107/><G107/><T124/><D124/><U114/><E114/><V127/><F46/><W75/><G75/><T54/><D65/><U50/><E68/><V94/><F72/><W15/><G15/><T2/><D2/><U8/><E69/><V110/><F133/><W120/><G120/><T90/><D83/><N who="1" m="47223" /><E7/><V106/><F106/><W66/><G66/><T96/><D13/><U18/><E18/><V89/><F12/><W5/><G5/><T48/><D4/><U103/><E103/><V20/><F100/><W64/><G64/><T36/><D36/><U80/><E8/><V112/><F20/><W108/><G102/><N who="0" m="60703" /><D62/><U0/><E11/><V135/><F23/><W99/><G39/><T17/><D17/><U16/><E0/><V118/><F112/><W101/><G38/><T104/><D104/><U56/><E29/><V129/><F30/><W132/><G37/><T116/><D116/><U40/><E40/><V98/><F129/><W55/><G119/><T122/><D122/><U87/><E44/><V42/><F118/><RYUUKYOKU ba="0,0" sc="250,15,250,15,250,-15,250,-15" hai0="47,48,51,52,54,58,76,82,88,90" hai1="16,22,26,50,53,56,80,87,109,111" /><INIT seed="0,1,0,3,2,16" ten="265,265,235,235" oya="0" hai0="3,116,124,56,17,134,76,63,48,26,90,92,41" hai1="9,85,70,73,6,61,18,128,67,115,0,96,107" hai2="84,24,52,5,68,133,22,31,44,97,36,20,105" hai3="117,60,33,32,35,1,62,103,80,75,19,15,95"/><T2/><D116/><U87/><E128/><V57/><F68/><W45/><G1/><T47/><D134/><U66/><E73/><V29/><F133/><W135/><G135/><T72/><D124/><U51/><E67/><V8/><F36/><W39/><G117/><T64/><D72/><U4/><E4/><V58/><F105/><W129/><G129/><T53/><D76/><U126/><E126/><V74/><F97/><W79/><G103/><T123/><D123/><U99/><E115/><V38/><F38/><W78/><G95/><T46/><D46/><U59/><E99/><V127/><F74/><W34/><N who="3" m="8448" /><DORA hai="43" /><W83/><G83/><T10/><D64/><U42/><E70/><V114/><F114/><W110/><G110/><T7/><D2/><U11/><E11/><V54/><F84/><W113/><G79/><T13/><D3/><U23/><E96/><V101/><F101/><W14/><G14/><T81/><D81/><U119/><E107/><V55/><F44/><W132/><G113/><T86/><D26/><U50/><E50/><V125/><F125/><W37/><G37/><T28/><D28/><U108/><E108/><V130/><F130/><W65/><G65/><T122/><D122/><U30/><E30/><V49/><F49/><W71/><G71/><T21/><D7/><U94/><E94/><V25/><F127/><W100/><G132/><T104/><D104/><U98/><E98/><V93/><F93/><W131/><G131/><T40/><D40/><U89/><E119/><V111/><F111/><W102/><G75/><T12/><D12/><AGARI ba="1,0" hai="5,8,12,20,22,24,25,29,31,52,54,55,57,58" machi="12" ten="40,12000,2" yaku="6,1,9,1,8,1,52,2,54,1" doraHai="16,43" who="2" fromWho="0" sc="265,-123,265,0,235,123,235,0" /><INIT seed="1,0,0,4,4,96" ten="142,265,358,235" oya="1" hai0="82,80,76,20,36,51,10,43,135,53,92,84,98" hai1="89,58,66,14,121,4,67,73,134,86,87,109,93" hai2="39,6,131,68,106,62,128,11,102,133,34,107,95" hai3="119,112,77,123,22,81,78,110,48,3,60,111,47"/><U122/><E73/><V115/><F39/><W71/><G3/><T30/><D36/><U17/><E134/><V100/><F133/><W132/><G123/><T1/><D1/><U0/><E109/><N who="3" m="41482" /><G112/><T54/><D135/><U74/><E74/><V64/><F115/><W35/><G35/><T45/><D82/><U12/><E0/><V105/><F34/><W118/><G22/><T108/><D108/><U21/><E4/><V24/><F24/><W75/><G78/><T46/><D46/><U127/><E127/><V38/><F95/><W32/><G32/><T83/><D83/><U90/><E12/><V5/><F38/><W26/><G26/><T85/><D85/><U79/><E79/><V59/><F68/><W129/><G129/><N who="2" m="49737" /><F6/><W113/><G113/><T44/><D44/><U91/><E91/><V63/><F62/><W117/><G132/><T97/><D97/><U57/><E121/><V61/><F61/><W7/><G7/><T23/><D23/><U28/><E28/><V114/><F114/><W65/><G119/><T2/><D2/><AGARI ba="0,0" hai="2,5,11,59,63,64,100,102,105,106,107" m="49737" machi="2" ten="40,5200,0" yaku="19,1,52,2" doraHai="96" who="2" fromWho="0" sc="142,-52,265,0,358,52,235,0" /><INIT seed="2,0,0,4,3,100" ten="90,265,410,235" oya="2" hai0="97,1,96,121,107,17,64,123,87,95,39,63,57" hai1="5,22,119,115,114,111,59,0,34,135,65,128,54" hai2="47,124,14,55,53,110,7,43,49,84,32,13,24" hai3="82,71,61,66,104,9,134,15,102,21,81,93,131"/><V117/><F117/><W112/><G131/><T130/><D1/><U108/><E65/><V62/><F124/><W50/><G134/><T113/><D39/><U30/><E59/><V28/><F62/><W25/><G112/><T23/><D130/><U79/><E54/><V8/><F110/><W99/><G50/><T101/><D113/><U116/><E79/><V67/><F67/><W122/><G122/><T74/><D87/><U127/><E22/><V52/><REACH who="2" step="1"/><F84/><REACH who="2" ten="90,265,400,235" step="2"/><W75/><G75/><T126/><D74/><U31/><E128/><V76/><F76/><W109/><G109/><T45/><D126/><U18/><E127/><V20/><F20/><W11/><G61/><T40/><D40/><U58/><E135/><V88/><F88/><W69/><G66/><T41/><D41/><U133/><E133/><V36/><F36/><W4/><G71/><T118/><D118/><U98/><E34/><V51/><F51/><W2/><G69/><T42/><D42/><U90/><E90/><V92/><F92/><W68/><G68/><T6/><D123/><U94/><E94/><V86/><F86/><W60/><G60/><T70/><D121/><U27/><E114/><V3/><AGARI ba="0,1" hai="3,7,8,13,14,24,28,32,43,47,49,52,53,55" machi="3" ten="30,6000,0" yaku="1,1,0,1,54,1,53,0" doraHai="100" doraHaiUra="78" who="2" fromWho="2" sc="90,-20,265,-20,400,70,235,-20" /><INIT seed="2,1,0,4,2,18" ten="70,245,470,215" oya="2" hai0="11,56,130,131,83,85,101,115,69,117,103,34,47" hai1="79,119,24,10,54,52,135,16,60,92,78,121,12" hai2="48,21,14,4,97,134,113,17,102,118,26,96,109" hai3="9,76,1,20,37,0,91,22,38,100,114,106,72"/><V5/><F113/><W66/><G114/><T89/><D34/><U44/><E119/><V132/><F118/><W95/><G66/><T2/><D69/><U41/><E135/><N who="2" m="51755" /><F109/><W125/><G125/><T107/><D11/><U62/><E121/><V51/><F97/><W27/><G106/><T36/><D47/><U67/><E78/><V133/><F133/><W65/><G100/><T19/><D36/><U71/><E79/><V105/><F14/><W84/><G65/><T57/><D2/><U70/><E92/><V63/><F63/><W116/><G116/><T46/><D46/><U58/><E70/><V13/><F4/><W73/><G76/><T35/><D35/><U49/><E54/><V8/><AGARI ba="1,0" hai="5,8,13,17,21,26,48,51,96,102,105" m="51755" machi="8" ten="30,3000,0" yaku="20,1,52,1" doraHai="18" who="2" fromWho="2" sc="70,-11,245,-11,470,33,215,-11" /><INIT seed="2,2,0,3,0,114" ten="59,234,503,204" oya="2" hai0="40,102,90,51,6,57,74,81,34,87,129,123,52" hai1="0,103,41,112,104,124,13,82,109,125,65,3,119" hai2="31,55,111,56,36,107,86,26,37,32,1,62,4" hai3="117,131,80,44,85,121,96,47,18,78,63,135,61"/><V21/><F107/><W134/><G121/><T16/><D34/><U54/><E112/><V91/><F32/><W10/><G131/><T94/><D129/><U105/><E41/><V8/><REACH who="2" step="1"/><F111/><REACH who="2" ten="59,234,493,204" step="2"/><W46/><G135/><T29/><D123/><U67/><E109/><V130/><F130/><W66/><G134/><T116/><D29/><U49/><E104/><V14/><F14/><W22/><G117/><T95/><D6/><U113/><E13/><V120/><F120/><W2/><G2/><T97/><D40/><U48/><E105/><V99/><F99/><W75/><G96/><T24/><D74/><U79/><E119/><V45/><F45/><W92/><G47/><T53/><D116/><U69/><E0/><V39/><F39/><W11/><G46/><T100/><D100/><U72/><E3/><V71/><F71/><W98/><G44/><T118/><D118/><U132/><E103/><V30/><F30/><W122/><G75/><T73/><D73/><U9/><E132/><V68/><F68/><W42/><G122/><T89/><D57/><U60/><E69/><V133/><F133/><W28/><G28/><T93/><D51/><U5/><E48/><V106/><F106/><W17/><G42/><T58/><D58/><N who="1" m="34903" /><E49/><V115/><F115/><W128/><G128/><T33/><D33/><U12/><E113/><V7/><F7/><W20/><G18/><T38/><D38/><U25/><E25/><V108/><F108/><W23/><G17/><T84/><D94/><AGARI ba="2,1" hai="1,4,8,21,26,31,36,37,55,56,62,86,91,94" machi="94" ten="30,2900,0" yaku="1,1,7,1,53,0" doraHai="114" doraHaiUra="127" who="2" fromWho="0" sc="59,-35,234,0,493,45,204,0" /><INIT seed="2,3,0,3,5,85" ten="24,234,538,204" oya="2" hai0="117,64,26,91,24,113,100,77,47,112,58,130,69" hai1="22,93,80,81,72,11,120,46,83,60,52,94,96" hai2="14,2,9,123,43,40,51,29,88,87,82,70,119" hai3="3,134,131,50,1,90,53,62,121,25,4,7,135"/><V84/><F70/><W86/><G121/><T118/><D69/><U103/><E120/><V19/><F123/><W133/><G62/><T74/><D47/><U38/><E38/><V78/><F119/><W49/><G25/><T48/><D48/><N who="3" m="18537" /><G131/><T98/><D64/><U95/><E72/><V55/><F2/><N who="3" m="523" /><G53/><T128/><D58/><N who="1" m="34887" /><E46/><N who="2" m="28151" /><F29/><W61/><G61/><T79/><D26/><U109/><E109/><V23/><F23/><W108/><G108/><T16/><D24/><U111/><E111/><V105/><F105/><W30/><G30/><T20/><D20/><U101/><E22/><V31/><F31/><W73/><G73/><T99/><D74/><U114/><E114/><V36/><F36/><W35/><G35/><T28/><D28/><U44/><E44/><V13/><F13/><W106/><G106/><T76/><D76/><U102/><E11/><V6/><F6/><W5/><G5/><T33/><D33/><U129/><E129/><V34/><F34/><W97/><G7/><T116/><D116/><U0/><E0/><V57/><F57/><W125/><G4/><T132/><D16/><U66/><E66/><V10/><F9/><W68/><G68/><T12/><D12/><U39/><E39/><V32/><F32/><W89/><G135/><T104/><D104/><U110/><E110/><V41/><F41/><W65/><G65/><T127/><D132/><U56/><E56/><V124/><F124/><W37/><G125/><T59/><D59/><U15/><E15/><V67/><F67/><W71/><G37/><T107/><D127/><U75/><E75/><RYUUKYOKU ba="3,0" sc="24,-15,234,15,538,15,204,-15" hai1="80,81,83,93,94,95,96,101,102,103" hai2="10,14,19,40,43,78,82,84,87,88" /><INIT seed="2,4,0,0,4,0" ten="9,249,553,189" oya="2" hai0="80,92,59,76,24,106,15,25,41,52,57,82,51" hai1="120,60,108,79,23,50,99,9,110,32,132,56,10" hai2="77,87,84,107,125,39,47,28,128,116,78,7,61" hai3="37,72,124,64,26,88,18,94,65,93,71,81,123"/><V8/><F107/><W73/><G37/><T100/><D106/><U27/><E32/><V30/><F116/><W45/><G123/><T117/><D117/><U21/><E132/><V5/><F128/><W4/><G71/><T109/><D109/><U34/><E34/><V20/><F125/><W16/><G45/><T114/><D114/><U40/><E79/><N who="2" m="30219" /><F39/><W118/><G118/><T126/><D126/><U66/><E120/><V67/><F47/><W22/><G124/><T91/><D41/><U85/><E85/><N who="2" m="32843" /><F8/><W3/><G73/><T122/><D122/><U38/><E38/><V115/><F115/><W48/><G72/><T36/><D36/><U134/><E134/><V53/><F67/><W19/><G65/><T95/><D76/><U102/><E23/><V46/><F20/><W69/><G64/><T135/><D135/><U127/><E127/><V63/><F46/><W44/><G69/><T31/><D31/><N who="2" m="11818" /><F53/><W35/><G35/><T13/><D100/><U130/><E130/><V98/><F98/><W133/><G133/><T42/><D42/><U113/><E40/><V83/><F83/><N who="0" m="31786" /><D59/><U55/><E113/><V129/><F129/><W104/><G81/><T121/><D121/><U105/><E108/><V12/><F12/><N who="0" m="4682" /><D95/><U86/><E110/><V43/><F43/><N who="3" m="24607" /><G104/><T112/><D112/><U29/><E86/><AGARI ba="4,0" hai="24,25,51,52,57,86,91,92" m="4682,31786" machi="86" ten="30,2000,0" yaku="8,1,54,1" doraHai="0" who="0" fromWho="1" sc="9,32,249,-32,553,0,189,0" /><INIT seed="3,0,0,5,4,43" ten="41,217,553,189" oya="3" hai0="83,24,63,98,3,64,110,35,129,1,100,75,36" hai1="102,113,81,40,111,67,61,115,112,56,12,0,17" hai2="106,126,46,27,20,45,15,131,122,33,29,135,44" hai3="119,50,108,5,65,107,37,114,48,76,89,78,79"/><W116/><G37/><T34/><D129/><U68/><E0/><V59/><F106/><W21/><G114/><T10/><D110/><U13/><E111/><V30/><F131/><W60/><G108/><T16/><D36/><U51/><E102/><V105/><F105/><W74/><G74/><T120/><D120/><U88/><E68/><V41/><F41/><W26/><G5/><T9/><D35/><U53/><E40/><V91/><F135/><W54/><G107/><T84/><D75/><U58/><REACH who="1" step="1"/><E17/><REACH who="1" ten="41,207,553,189" step="2"/><V80/><F122/><W99/><G119/><T123/><D123/><U94/><E94/><V101/><F101/><W95/><G116/><T23/><D1/><U31/><E31/><V6/><F30/><W19/><REACH who="3" step="1"/><G54/><REACH who="3" ten="41,207,553,179" step="2"/><T32/><D3/><U130/><E130/><V14/><F6/><W66/><G66/><T133/><D133/><U73/><E73/><V118/><F118/><W25/><G25/><T97/><D24/><U117/><E117/><V72/><F27/><W42/><G42/><T39/><D39/><U77/><E77/><V49/><F72/><W132/><G132/><T8/><D100/><U70/><E70/><AGARI ba="0,2" hai="19,21,26,48,50,60,65,70,76,78,79,89,95,99" machi="70" ten="40,2000,0" yaku="1,1,53,0" doraHai="43" doraHaiUra="4" who="3" fromWho="1" sc="41,0,207,-20,553,0,179,40" /><INIT seed="3,1,0,3,5,38" ten="41,187,553,219" oya="3" hai0="7,75,4,45,121,77,70,81,35,56,9,58,13" hai1="2,43,14,88,96,3,86,59,25,27,61,83,23" hai2="16,31,11,122,116,115,80,120,109,5,17,104,12" hai3="8,15,98,73,72,103,91,132,21,65,108,99,52"/><W55/><G132/><T123/><D70/><U74/><E74/><V94/><F104/><W84/><G108/><T78/><D35/><U39/><E2/><V112/><F80/><W130/><G130/><T101/><D78/><U51/><E39/><V46/><F94/><W53/><G65/><T76/><D76/><U89/><E3/><V1/><F46/><W36/><G36/><T68/><D68/><U71/><E71/><V10/><F109/><W42/><G21/><T85/><D4/><U48/><E14/><N who="2" m="7255" /><F112/><W44/><G73/><T114/><D114/><U110/><E25/><V32/><F116/><W117/><G103/><T131/><D131/><U41/><E110/><V87/><F87/><W135/><G135/><T125/><D125/><U33/><E33/><V100/><F100/><W118/><G72/><T20/><D20/><U67/><E48/><V64/><F64/><W34/><G34/><T127/><D127/><U18/><E51/><V28/><F115/><W107/><G107/><T69/><D69/><U133/><E133/><V0/><F0/><W24/><G118/><T128/><D128/><U40/><E96/><V111/><F111/><W54/><G99/><T50/><D101/><U37/><E37/><V57/><F57/><N who="0" m="22122" /><D75/><U134/><E134/><V106/><F106/><W124/><G124/><T93/><D93/><U66/><E67/><V79/><F32/><W129/><G129/><T126/><D126/><U90/><AGARI ba="1,0" hai="18,23,27,40,41,43,59,61,66,83,86,88,89,90" machi="90" ten="30,12000,2" yaku="0,1,8,1,52,3,54,1" doraHai="38" who="1" fromWho="1" sc="41,-31,187,123,553,-31,219,-61" /><INIT seed="4,0,0,1,2,102" ten="10,310,522,158" oya="0" hai0="45,31,28,75,123,49,50,106,81,100,104,6,105" hai1="115,30,69,25,84,117,121,63,46,11,128,62,82" hai2="39,71,101,57,93,111,96,23,132,8,87,2,48" hai3="36,32,95,90,107,27,86,10,77,73,43,130,53"/><T5/><D123/><U114/><E117/><V133/><F111/><W129/><G53/><T41/><D100/><U135/><E121/><V35/><F71/><W76/><G10/><T79/><D50/><U112/><E128/><N who="3" m="49258" /><G73/><T89/><D89/><U124/><E124/><V131/><F39/><W98/><G43/><T52/><D41/><U26/><E135/><V13/><F35/><W118/><G36/><T42/><D42/><U7/><E46/><V78/><F2/><W72/><G118/><T4/><AGARI ba="0,0" hai="4,5,6,28,31,45,49,52,75,79,81,104,105,106" machi="4" ten="40,12000,1" yaku="0,1,52,3,54,1" doraHai="102" who="0" fromWho="0" sc="10,120,310,-40,522,-40,158,-40" /><INIT seed="4,1,0,3,2,24" ten="130,270,482,118" oya="0" hai0="79,99,134,78,98,126,1,97,76,132,109,102,123" hai1="75,68,22,96,71,15,59,35,44,42,27,60,34" hai2="2,48,83,46,119,37,66,114,0,72,81,129,93" hai3="108,51,7,115,86,112,74,118,20,62,5,94,82"/><T122/><D1/><U29/><E75/><V43/><F129/><W107/><G107/><T128/><D128/><U92/><E34/><V55/><F114/><N who="3" m="43563" /><G118/><T113/><D113/><U120/><E120/><N who="0" m="46121" /><D126/><U125/><E125/><V103/><F119/><W38/><G38/><T36/><D36/><U106/><E106/><V127/><F66/><W23/><G108/><T88/><D109/><U65/><E15/><V3/><F72/><W40/><G62/><T56/><D56/><U70/><E35/><V57/><F127/><W45/><G94/><N who="0" m="56519" /><D102/><U116/><E116/><V121/><F121/><W11/><G74/><T130/><D130/><U64/><E64/><V39/><F37/><W26/><G7/><T28/><D28/><U10/><E10/><V135/><F103/><W100/><G100/><T101/><D101/><N who="1" m="60551" /><E68/><V16/><F0/><N who="3" m="423" /><G26/><T47/><D47/><U124/><E124/><V105/><F2/><W31/><G31/><T19/><D19/><U50/><AGARI ba="1,0" hai="22,27,29,42,44,50,59,60,65,70,71" m="60551" machi="50" ten="30,2000,0" yaku="25,1,52,1" doraHai="24" who="1" fromWho="1" sc="130,-11,270,23,482,-6,118,-6" /><INIT seed="5,0,0,2,4,93" ten="119,293,476,112" oya="1" hai0="132,105,58,26,118,100,133,102,129,82,112,90,14" hai1="116,39,49,54,85,37,81,20,55,73,119,63,57" hai2="79,88,67,111,75,124,127,107,33,78,40,101,76" hai3="19,64,98,41,28,35,74,97,30,89,42,114,84"/><U51/><E73/><V48/><F33/><W22/><G74/><T27/><D118/><U32/><E32/><V80/><F67/><W104/><G104/><T106/><D14/><U3/><E3/><V96/><F40/><N who="3" m="15467" /><G114/><T46/><D46/><U56/><E63/><V5/><F5/><W60/><G35/><T2/><D2/><U12/><E12/><V123/><F48/><W68/><G68/><T87/><D58/><U25/><E37/><V34/><F34/><W70/><G70/><T86/><D112/><U128/><E39/><V103/><F111/><W125/><G125/><N who="2" m="48201" /><F123/><W36/><G36/><T16/><D129/><U94/><E94/><N who="2" m="56391" /><F107/><W61/><G61/><T77/><D27/><U13/><E13/><V91/><F75/><W121/><G121/><T53/><D26/><U71/><E71/><V24/><F24/><N who="3" m="14431" /><G64/><T52/><D90/><U45/><E128/><V95/><F80/><N who="3" m="49287" /><G60/><T47/><D47/><U135/><E45/><V0/><F0/><W21/><G21/><T131/><D131/><U11/><E11/><V108/><F108/><W8/><G8/><T50/><D50/><U43/><E43/><V92/><F92/><W6/><G6/><T130/><D130/><U99/><E116/><V65/><F65/><W7/><G7/><T122/><D122/><U62/><E119/><V10/><F10/><W44/><G44/><T72/><D72/><U38/><E38/><V69/><F69/><W66/><G66/><T113/><D113/><U18/><E62/><V109/><F109/><W4/><G4/><T120/><D120/><U17/><E49/><RYUUKYOKU ba="0,0" sc="119,-15,293,-15,476,15,112,15" hai2="76,78,79,91,95,101,103" hai3="28,30,97,98" /><INIT seed="6,1,0,4,1,84" ten="104,278,491,127" oya="2" hai0="108,95,67,110,39,125,131,102,49,109,115,18,72" hai1="135,30,28,79,25,112,116,0,16,8,77,17,127" hai2="129,82,32,23,54,92,101,4,71,90,10,97,78" hai3="53,121,11,96,85,56,133,75,98,40,73,15,13"/><V74/><F32/><W1/><G121/><T22/><D39/><U68/><E68/><V99/><F71/><W58/><G1/><T105/><D72/><U35/><E77/><V20/><F129/><W47/><G133/><T48/><D131/><U104/><E79/><V122/><F122/><W45/><G85/><T89/><D125/><U42/><E42/><V44/><F44/><W124/><G11/><T50/><D67/><U69/><E104/><V128/><F128/><W65/><G53/><T55/><D102/><U114/><E69/><V61/><F61/><W134/><G40/><T119/><D105/><U88/><E116/><V64/><F64/><W126/><G65/><T117/><D115/><U37/><E37/><V76/><F76/><W107/><G107/><T46/><D117/><U36/><E36/><V62/><F54/><W51/><G51/><T59/><D46/><U130/><E130/><V103/><F62/><W83/><G83/><T21/><D119/><U63/><E63/><V19/><F19/><W57/><G57/><T66/><D66/><U27/><E127/><V94/><F103/><W3/><G3/><AGARI ba="1,0" hai="3,4,10,20,23,74,78,82,90,92,94,97,99,101" machi="3" ten="30,2900,0" yaku="7,1,52,1" doraHai="84" who="2" fromWho="3" sc="104,0,278,0,491,32,127,-32" /><INIT seed="6,2,0,3,0,8" ten="104,278,523,95" oya="2" hai0="115,56,51,118,45,53,27,116,122,81,46,99,60" hai1="126,41,50,131,91,18,24,17,68,16,64,11,7" hai2="19,12,92,106,87,78,0,61,104,57,75,54,119" hai3="30,86,83,102,77,97,3,82,89,31,134,105,2"/><V14/><F0/><W84/><REACH who="3" step="1"/><G134/><REACH who="3" ten="104,278,523,85" step="2"/><T47/><D122/><U117/><E117/><N who="0" m="45161" /><D27/><U123/><E24/><V20/><F119/><W93/><G93/><T130/><D81/><U124/><E123/><V109/><F109/><W35/><G35/><T28/><D28/><AGARI ba="2,1" hai="2,3,28,30,31,77,82,83,84,86,89,97,102,105" machi="28" ten="40,2600,0" yaku="21,2,53,0" doraHai="8" doraHaiUra="58" who="3" fromWho="0" sc="104,-32,278,0,523,0,85,42" /><INIT seed="7,0,0,2,5,24" ten="72,278,523,127" oya="3" hai0="69,124,47,108,76,60,135,102,30,32,93,92,53" hai1="2,23,19,105,91,3,22,55,106,44,5,25,88" hai2="18,54,13,84,56,1,42,31,9,57,7,115,121" hai3="29,123,40,6,37,10,95,109,125,129,58,11,87"/><W65/><G123/><T34/><D135/><U17/><E44/><V45/><F31/><W94/><G125/><T86/><D124/><U79/><E55/><V75/><F115/><W131/><G109/><T116/><D116/><U122/><E25/><V8/><F75/><W48/><G37/><T35/><D108/><U107/><E79/><V73/><F73/><W133/><G133/><T134/><D134/><U15/><E5/><V78/><F54/><W68/><G68/><T0/><D0/><U74/><E74/><V26/><F26/><W49/><G40/><T110/><D110/><U130/><E130/><V77/><F77/><W117/><G117/><T33/><D102/><U61/><E61/><V50/><F121/><W62/><G131/><T89/><D76/><U39/><E39/><V120/><F120/><W82/><G29/><T71/><N who="0" m="8192" /><DORA hai="70" /><T83/><D30/><U132/><E132/><V12/><F1/><W72/><G72/><T27/><D27/><U98/><E98/><V104/><F104/><W4/><G129/><T63/><D63/><U41/><E41/><V85/><F85/><W28/><G28/><T100/><D71/><U114/><E122/><V38/><F38/><W113/><G113/><T103/><D103/><U43/><E43/><V16/><F7/><N who="3" m="2603" /><G49/><T119/><D119/><U101/><E101/><V52/><F42/><W51/><G51/><T96/><D47/><U67/><E114/><V118/><F118/><W81/><G48/><T21/><D21/><U126/><E126/><V111/><F111/><W80/><G62/><T64/><D53/><RYUUKYOKU ba="0,0" sc="72,15,278,-15,523,15,127,-15" hai0="60,64,69,83,86,89,92,93,96,100" hai2="8,9,12,13,16,18,45,50,52,56,57,78,84" owari="87,-41.0,263,6.0,538,64.0,112,-29.0" /></mjloggm>