<mjloggm ver="2.3"><GO type="41" lobby="0"/><UN n0="%E5%8A%A0%E8%97%A4%E8%8B%B1%E6%A8%B9%E2%96%B3" n1="%E2%93%9D%53%75%70%68%78" n2="%47%E3%83%90%E3%83%86%E3%82%A3" n3="%E7%84%A1%E6%88%91" dan="13,18,14,13" rate="1890.81,2093.32,1878.24,1822.90" sx="M,M,M,M"/><TAIKYOKU oya="0"/><INIT seed="0,0,0,3,1,17" ten="250,250,250,250" oya="0" hai0="26,109,101,4,54,86,81,40,24,64,63,44,77" hai1="0,123,96,99,76,89,38,87,3,27,43,35,37" hai2="128,36,48,102,14,100,107,133,97,111,12,61,30" hai3="41,33,119,72,45,11,55,117,122,95,18,94,103"/><T88/><D4/><U93/><E123/><V49/><F111/><W79/><G33/><T16/><D101/><U129/><E129/><V46/><F133/><W118/><G122/><T7/><D7/><U8/><E43/><V53/><F128/><W82/><G55/><T31/><D54/><U56/><E56/><V75/><F75/><W115/><G115/><T104/><D104/><U29/><E8/><V15/><F30/><W13/><REACH who="3" step="1"/><G103/><REACH who="3" ten="250,250,250,240" step="2"/><T6/><D109/><U71/><E35/><V78/><F102/><W83/><G83/><T52/><D40/><U90/><E93/><V60/><F53/><W132/><G132/><T69/><D31/><U113/><E29/><V25/><F100/><W1/><G1/><T134/><D134/><U125/><E3/><V105/><F46/><W135/><G135/><T67/><D67/><U130/><E0/><V66/><F105/><W62/><G62/><T98/><D81/><U121/><E130/><V19/><F61/><W112/><G112/><T58/><D64/><U85/><E121/><V126/><F60/><W110/><G110/><T92/><D63/><U127/><E113/><V84/><F66/><W114/><G114/><T42/><D42/><U10/><E127/><V47/><F126/><W32/><G32/><T65/><D65/><U120/><E125/><V9/><F107/><W74/><G74/><T20/><D52/><U23/><E120/><V39/><F47/><W108/><G108/><T106/><D44/><U131/><E131/><V116/><F116/><W59/><G59/><T2/><D58/><U50/><E71/><RYUUKYOKU ba="0,1" sc="250,-10,250,-10,250,-10,240,30" hai3="11,13,18,41,45,72,79,82,94,95,117,118,119" /><INIT seed="1,1,1,4,3,89" ten="240,240,240,270" oya="1" hai0="39,13,78,27,9,51,21,25,83,43,73,57,20" hai1="55,95,47,11,58,104,112,110,33,66,71,61,126" hai2="93,82,60,127,31,121,114,98,72,135,120,1,132" hai3="15,124,5,14,44,34,63,24,6,12,107,29,32"/><U59/><E104/><V17/><F1/><W100/><G124/><T8/><D39/><U0/><E33/><V37/><F31/><W4/><G44/><T70/><D70/><U117/><E112/><V54/><F17/><W36/><G36/><T23/><D43/><U118/><E95/><V77/><F37/><W7/><G63/><T80/><D9/><U45/><E11/><V84/><F54/><W2/><G100/><T109/><D109/><U102/><E102/><V48/><F48/><W28/><G107/><T35/><D35/><N who="3" m="13353" /><G24/><T115/><D115/><U119/><E0/><V40/><F40/><W76/><G76/><T53/><D80/><U125/><E110/><V90/><F60/><W65/><G65/><T18/><AGARI ba="1,1" hai="8,13,18,20,21,23,25,27,51,53,57,73,78,83" machi="18" ten="30,1100,0" yaku="0,1" doraHai="89" who="0" fromWho="0" sc="240,24,240,-6,240,-4,270,-4" /><INIT seed="2,0,0,3,1,126" ten="264,234,236,266" oya="2" hai0="82,99,112,85,17,6,64,12,130,120,135,47,79" hai1="36,3,37,51,110,31,101,42,23,103,20,60,62" hai2="2,30,71,8,76,119,65,87,54,105,106,121,93" hai3="59,55,45,124,13,67,16,74,94,73,114,9,104"/><V90/><F119/><W63/><G104/><T1/><D120/><U48/><E31/><V4/><F121/><W0/><G124/><T108/><D112/><U49/><E3/><V11/><F30/><W61/><G114/><T116/><D64/><U33/><E42/><V117/><F117/><W69/><G0/><T131/><D116/><U70/><E33/><V27/><F27/><W57/><G45/><T66/><D66/><U118/><E118/><V127/><F127/><W125/><G125/><T91/><D47/><U5/><E5/><V123/><F8/><W22/><G94/><N who="0" m="56799" /><D108/><U134/><E51/><V14/><F2/><W100/><G100/><T41/><D41/><U52/><E134/><V96/><F123/><W19/><REACH who="3" step="1"/><G69/><REACH who="3" ten="264,234,236,256" step="2"/><T102/><D102/><U86/><E70/><V44/><F71/><W133/><G133/><T80/><D135/><U128/><E110/><V18/><F44/><W109/><G109/><T10/><D1/><U78/><E103/><V129/><F105/><W35/><G35/><T81/><D6/><U89/><E101/><V7/><F106/><W25/><AGARI ba="0,1" hai="9,13,16,19,22,25,55,57,59,61,63,67,73,74" machi="25" ten="20,5200,0" yaku="1,1,0,1,7,1,54,1,53,0" doraHai="126" doraHaiUra="40" who="3" fromWho="3" sc="264,-13,234,-13,236,-26,256,62" /><INIT seed="3,0,0,0,4,64" ten="251,221,210,318" oya="3" hai0="87,51,106,98,65,77,40,128,29,31,88,42,4" hai1="5,6,95,19,11,79,60,89,25,131,127,39,10" hai2="63,113,108,7,28,53,62,9,122,12,129,8,101" hai3="13,21,36,93,0,22,58,56,112,32,105,16,24"/><W37/><G105/><T49/><D4/><U135/><E39/><V94/><F108/><W35/><G0/><T120/><D120/><U14/><E131/><V81/><F113/><W20/><G112/><T119/><D119/><U67/><E135/><V59/><F129/><W109/><G37/><T2/><D2/><U73/><E127/><V54/><F28/><W104/><G104/><T74/><D65/><U72/><E79/><V17/><F81/><W18/><G36/><T3/><D3/><U100/><E100/><V41/><F41/><N who="0" m="15978" /><D74/><U61/><E73/><V134/><F134/><W90/><G109/><T83/><D106/><U69/><E72/><V76/><F76/><W85/><REACH who="3" step="1"/><G20/><REACH who="3" ten="251,221,210,308" step="2"/><T114/><D114/><U38/><E38/><V57/><F122/><W97/><G97/><T118/><D128/><U55/><E11/><V115/><F115/><W48/><G48/><N who="0" m="18507" /><D118/><U102/><E10/><V123/><F123/><W110/><G110/><T133/><D133/><U50/><E50/><V92/><REACH who="2" step="1"/><F101/><REACH who="2" ten="251,221,200,308" step="2"/><W23/><G23/><T45/><D45/><U47/><E102/><V1/><AGARI ba="0,2" hai="1,7,8,9,12,17,53,54,57,59,62,63,92,94" machi="1" ten="20,8000,1" yaku="1,1,2,1,0,1,7,1,9,1,53,0" doraHai="64" doraHaiUra="117" who="2" fromWho="2" sc="251,-20,221,-20,200,100,308,-40" /><INIT seed="4,0,0,1,4,10" ten="231,201,300,268" oya="0" hai0="28,85,119,98,108,27,64,83,24,32,79,84,4" hai1="112,80,46,49,6,106,93,19,124,132,125,78,69" hai2="104,128,76,114,97,53,23,21,2,100,109,22,0" hai3="8,58,26,45,31,15,52,101,71,82,94,134,110"/><T17/><D119/><U99/><E69/><V91/><F109/><W67/><G110/><T39/><D39/><U61/><E61/><V95/><F114/><W11/><G134/><T111/><D4/><U25/><E106/><V56/><F128/><W36/><G71/><T43/><D43/><U18/><E6/><V90/><F76/><W126/><G126/><N who="1" m="48746" /><E25/><V113/><F113/><W59/><G82/><T57/><D98/><U73/><E132/><V130/><F104/><W96/><G8/><T81/><D57/><U105/><E105/><V20/><F130/><W1/><G1/><T7/><D7/><U54/><E112/><V41/><F41/><W55/><G36/><T116/><D64/><U123/><E123/><V68/><F68/><W16/><G45/><T62/><D62/><U34/><E34/><V135/><F0/><W89/><G101/><AGARI ba="0,0" hai="18,19,46,49,54,73,78,80,93,99,101" m="48746" machi="101" ten="30,1000,0" yaku="18,1" doraHai="10" who="1" fromWho="3" sc="231,0,201,10,300,0,268,-10" /><INIT seed="5,0,0,2,2,104" ten="231,211,300,258" oya="1" hai0="1,17,39,113,27,3,131,103,43,13,19,120,34" hai1="79,127,58,88,33,90,125,64,52,80,41,101,71" hai2="91,128,111,38,12,69,11,126,115,100,53,51,47" hai3="110,25,78,123,57,0,106,130,20,26,77,32,9"/><U46/><E101/><V98/><F111/><W133/><G110/><T102/><D113/><U129/><E33/><V95/><F126/><N who="1" m="48137" /><E64/><V67/><F128/><W21/><G106/><T31/><D131/><U49/><E71/><V6/><F115/><W82/><G133/><T54/><D120/><U74/><E129/><V61/><REACH who="2" step="1"/><F38/><AGARI ba="0,0" hai="38,41,46,49,52,58,74,79,80,88,90" m="48137" machi="38" ten="30,11600,0" yaku="18,1,52,1,54,2" doraHai="104" who="1" fromWho="2" sc="231,0,211,116,300,-116,258,0" /><INIT seed="5,1,0,4,4,78" ten="231,327,184,258" oya="1" hai0="99,45,10,102,52,8,61,25,100,123,44,131,36" hai1="80,21,92,96,107,65,35,121,30,24,91,71,73" hai2="62,112,108,111,58,18,87,88,23,4,103,82,59" hai3="117,34,0,84,12,93,122,106,29,9,31,68,86"/><U20/><E121/><V94/><F112/><W55/><G122/><T77/><D123/><U19/><E107/><V113/><F113/><W105/><G0/><T90/><D131/><U13/><E71/><V60/><F4/><W47/><G68/><T7/><D25/><U11/><REACH who="1" step="1"/><E65/><REACH who="1" ten="231,317,184,258" step="2"/><V17/><F108/><W120/><G106/><T101/><D36/><U43/><E43/><V64/><F111/><W130/><G105/><T63/><D77/><AGARI ba="1,1" hai="11,13,19,20,21,24,30,35,73,77,80,91,92,96" machi="77" ten="40,3900,0" yaku="1,1,52,1,53,0" doraHai="78" doraHaiUra="3" who="1" fromWho="0" sc="231,-42,317,52,184,0,258,0" /><INIT seed="5,2,0,5,2,117" ten="189,369,184,258" oya="1" hai0="123,57,42,2,68,8,124,80,105,132,91,63,108" hai1="76,59,15,118,120,29,0,4,38,33,12,101,110" hai2="103,65,48,95,61,16,13,21,135,69,99,127,55" hai3="27,45,43,96,84,100,37,9,18,130,109,87,6"/><U83/><E120/><V1/><F135/><W128/><G109/><T62/><D108/><U122/><E122/><V64/><F64/><W81/><G27/><T53/><D123/><U115/><E115/><V3/><REACH who="2" step="1"/><F127/><REACH who="2" ten="189,369,174,258" step="2"/><W74/><G130/><T10/><D124/><U66/><E66/><V40/><F40/><W126/><G128/><T17/><D42/><U107/><E110/><V11/><F11/><W67/><G67/><T28/><D10/><U77/><E118/><V31/><F31/><W41/><G43/><T133/><D28/><U25/><E29/><V35/><F35/><W52/><G126/><T7/><D133/><U75/><E33/><V56/><AGARI ba="2,1" hai="1,3,13,16,21,48,55,56,61,65,69,95,99,103" machi="56" ten="20,5200,0" yaku="1,1,0,1,7,1,54,1,53,0" doraHai="117" doraHaiUra="104" who="2" fromWho="2" sc="189,-15,369,-28,174,68,258,-15" /><INIT seed="6,0,0,5,0,10" ten="174,341,242,243" oya="2" hai0="105,98,84,71,108,61,52,42,91,87,66,58,80" hai1="130,81,129,73,19,124,21,99,107,59,68,74,27" hai2="103,51,47,33,22,112,41,109,100,30,53,128,64" hai3="55,88,110,122,20,126,67,54,132,1,46,14,104"/><V133/><F112/><W93/><G104/><T12/><D108/><U92/><E68/><V48/><F128/><N who="1" m="49257" /><E124/><V114/><F133/><W90/><G110/><T60/><D42/><U18/><E107/><V34/><F114/><W38/><G1/><T131/><D131/><U134/><E81/><V29/><F64/><W117/><G117/><T50/><D87/><U89/><E134/><V8/><F8/><W82/><G132/><T5/><D105/><U77/><E77/><V119/><F119/><W35/><G35/><T135/><D98/><U113/><E113/><V9/><F9/><W127/><G122/><T95/><D135/><U17/><E59/><V79/><F79/><W70/><G67/><T78/><D95/><U85/><E85/><V3/><F3/><W13/><G70/><T39/><D39/><U4/><E4/><V56/><F109/><W28/><G82/><T45/><D78/><U62/><E62/><V94/><F33/><W118/><G38/><T76/><D76/><U83/><E83/><V116/><F34/><W36/><G36/><T97/><D97/><U49/><E49/><V125/><F125/><W123/><G93/><T69/><D61/><U6/><E6/><V2/><F2/><W43/><G118/><T7/><REACH who="0" step="1"/><D7/><REACH who="0" ten="164,341,242,243" step="2"/><U0/><E99/><V25/><F116/><W120/><G127/><T23/><D23/><U44/><E21/><N who="2" m="15535" /><F94/><W24/><G126/><T63/><D63/><U115/><E115/><V26/><AGARI ba="0,1" hai="22,26,30,41,47,48,51,53,56,100,103" m="15535" machi="26" ten="30,1500,0" yaku="8,1" doraHai="10" who="2" fromWho="2" sc="164,-5,341,-5,242,25,243,-5" /><INIT seed="6,1,0,0,0,8" ten="159,336,267,238" oya="2" hai0="57,11,84,19,101,91,55,80,114,18,120,69,110" hai1="15,133,74,127,1,14,49,25,96,126,0,90,52" hai2="98,104,64,9,44,39,123,2,22,113,117,35,27" hai3="4,68,38,43,103,105,66,112,36,23,60,33,54"/><V78/><F117/><W130/><G33/><T87/><D69/><U51/><E133/><V124/><F123/><W58/><G130/><T111/><D120/><U122/><E122/><V128/><F124/><N who="1" m="47657" /><E51/><V3/><F64/><W82/><G112/><T76/><D101/><U50/><E50/><V116/><F116/><W79/><G103/><T46/><D114/><U93/><E74/><V45/><F35/><W6/><G105/><T28/><D28/><U118/><E25/><V63/><F63/><W24/><G43/><T34/><D34/><U134/><E134/><V81/><F2/><N who="1" m="1129" /><E118/><V5/><F113/><W30/><G4/><T106/><D106/><U53/><E53/><V40/><F44/><AGARI ba="1,0" hai="14,15,44,49,52,90,93,96" m="1129,47657" machi="44" ten="30,7700,0" yaku="18,1,52,2,54,1" doraHai="8" who="1" fromWho="2" sc="159,0,336,80,267,-80,238,0" /><INIT seed="7,0,0,3,1,76" ten="159,416,187,238" oya="3" hai0="87,103,126,7,123,28,115,66,50,11,67,129,89" hai1="42,40,6,70,25,33,128,107,118,119,83,80,75" hai2="43,31,124,14,21,57,47,2,111,56,51,85,77" hai3="60,30,22,131,19,98,65,74,113,120,130,15,12"/><W71/><G120/><T105/><D123/><U68/><E128/><N who="3" m="49194" /><G74/><T101/><D28/><N who="1" m="19599" /><E6/><V97/><F111/><W34/><G113/><T38/><D38/><U109/><E109/><V108/><F108/><W106/><G34/><T20/><D129/><U63/><E107/><V16/><F2/><W86/><G30/><T27/><D126/><U69/><E63/><V114/><F114/><W122/><G122/><T37/><D37/><U49/><E75/><V91/><F124/><W72/><G72/><T110/><D50/><U84/><E49/><V82/><F31/><W88/><G98/><T36/><D36/><U39/><E84/><V41/><F41/><N who="1" m="15977" /><E39/><V48/><F48/><W61/><G61/><T54/><D54/><U10/><E10/><V79/><F79/><W104/><G15/><N who="0" m="5631" /><D110/><U23/><E23/><V8/><F21/><W95/><AGARI ba="0,0" hai="12,19,22,60,65,71,86,88,95,104,106" m="49194" machi="95" ten="30,3000,0" yaku="19,1,54,1" doraHai="76" who="3" fromWho="3" sc="159,-10,416,-10,187,-10,238,30" /><INIT seed="7,1,0,1,3,15" ten="149,406,177,268" oya="3" hai0="10,114,105,29,18,135,81,30,79,58,110,134,100" hai1="75,57,63,116,115,32,13,22,129,65,126,5,45" hai2="50,56,122,14,131,103,1,127,24,130,0,96,7" hai3="88,125,19,42,72,99,111,54,101,124,97,118,92"/><W44/><G118/><T95/><D105/><U90/><E115/><V132/><F122/><W104/><G72/><T67/><D110/><U66/><E126/><V20/><F127/><W49/><G111/><T85/><D95/><U55/><E129/><N who="2" m="49163" /><F132/><N who="0" m="50730" /><D100/><U12/><E22/><V70/><F70/><W68/><G68/><T91/><D79/><U108/><E13/><V60/><F50/><W93/><G104/><T39/><D39/><U77/><E32/><V38/><F38/><W113/><G113/><T16/><D10/><U46/><E90/><V52/><F14/><W2/><G2/><T6/><D6/><U64/><E5/><V73/><F7/><W21/><REACH who="3" step="1"/><G42/><REACH who="3" ten="149,406,177,258" step="2"/><T102/><D114/><U133/><E75/><V78/><F73/><W25/><AGARI ba="1,1" hai="19,21,25,44,49,54,88,92,93,97,99,101,124,125" machi="25" ten="30,18000,2" yaku="1,1,2,1,0,1,52,1,54,1,53,1" doraHai="15" doraHaiUra="98" who="3" fromWho="3" sc="149,-61,406,-61,177,-61,258,193" owari="88,-41.0,345,15.0,116,-28.0,451,54.0" /></mjloggm>