<mjloggm ver="2.3"><GO type="41" lobby="0"/><UN n0="%E3%82%AD%E3%82%BB%E3%82%AD%E3%81%AE%E3%83%8A%E3%83%8A%E3%83%9F" n1="%73%65%65%65%66" n2="%E2%93%9D%53%75%70%68%78" n3="%E2%98%85%E2%98%85%E2%98%85" dan="14,15,17,13" rate="1977.08,2000.56,2073.41,1942.84" sx="M,M,M,M"/><TAIKYOKU oya="0"/><INIT seed="0,0,0,4,4,88" ten="250,250,250,250" oya="0" hai0="19,4,70,65,135,40,117,134,125,21,58,3,39" hai1="93,114,98,103,94,59,12,22,101,122,86,23,90" hai2="18,57,104,48,105,44,64,89,97,25,82,79,26" hai3="133,50,91,51,52,20,118,5,41,120,1,7,33"/><T131/><D117/><U85/><E114/><V16/><F64/><W0/><G118/><T30/><D70/><U130/><E122/><V95/><F57/><W49/><G120/><T78/><D78/><U116/><E116/><V87/><F105/><W126/><G33/><T74/><D74/><U83/><E130/><V38/><F38/><W106/><G106/><T80/><D80/><U17/><E103/><V123/><F123/><W96/><G126/><T14/><D65/><U43/><E43/><V61/><F61/><W67/><G67/><T62/><D40/><U73/><E73/><V60/><F60/><W76/><G76/><T27/><D39/><U99/><E59/><V53/><F104/><W24/><G41/><T75/><D75/><U56/><E56/><V132/><F132/><N who="0" m="50730" /><D58/><U71/><E71/><V113/><F113/><W45/><G0/><T69/><D62/><U68/><E68/><V109/><F109/><W36/><G36/><T128/><D69/><U72/><E72/><V110/><F110/><W46/><G133/><T81/><D81/><U115/><E115/><V15/><F18/><N who="3" m="12311" /><G1/><T35/><D125/><U108/><E108/><V32/><F32/><W107/><G107/><T8/><AGARI ba="0,0" hai="3,4,8,14,19,21,27,30,35,128,131" m="50730" machi="8" ten="30,11700,0" yaku="24,1,20,1,34,2" doraHai="88" who="0" fromWho="0" sc="250,117,250,-39,250,-39,250,-39" /><INIT seed="0,1,0,1,5,133" ten="367,211,211,211" oya="0" hai0="54,46,11,50,56,30,26,135,35,29,105,86,94" hai1="117,125,85,76,134,68,90,49,73,93,42,110,88" hai2="16,23,6,102,74,104,69,51,72,36,79,66,40" hai3="4,34,22,19,120,98,89,12,1,92,106,62,103"/><T52/><D105/><U31/><E117/><V38/><F6/><W75/><G75/><T107/><D135/><U17/><E134/><V28/><F28/><W64/><G34/><T121/><D121/><U65/><E110/><V2/><F2/><W122/><G4/><T32/><D107/><U67/><E31/><V112/><F112/><W37/><G37/><T9/><D86/><U96/><E76/><V115/><F115/><W3/><G122/><T108/><D94/><U47/><E73/><V8/><F8/><W77/><G77/><T10/><D108/><U100/><E125/><V21/><F21/><W116/><G116/><T111/><D111/><U55/><E68/><V44/><F74/><W128/><G128/><T113/><D113/><U114/><E114/><V60/><F102/><W20/><G20/><T101/><D101/><U129/><E129/><V33/><F33/><W95/><G106/><T126/><D126/><U130/><E130/><V84/><F72/><W119/><G119/><T91/><D91/><N who="1" m="34859" /><E85/><V61/><F104/><W71/><REACH who="3" step="1"/><G120/><REACH who="3" ten="367,211,211,201" step="2"/><T48/><D9/><U18/><E42/><V57/><F79/><W24/><G24/><AGARI ba="1,1" hai="10,11,24,26,29,30,32,35,46,48,50,52,54,56" machi="24" ten="40,3900,0" yaku="9,1,54,1" doraHai="133" who="0" fromWho="3" sc="367,52,211,0,211,0,201,-42" /><INIT seed="0,2,0,1,0,19" ten="419,211,211,159" oya="0" hai0="39,90,62,58,102,38,42,16,13,22,26,135,37" hai1="14,21,73,97,54,87,8,2,34,132,1,128,100" hai2="61,96,49,47,134,72,106,56,30,121,113,117,67" hai3="84,46,104,20,110,24,51,70,59,120,99,127,33"/><T122/><D122/><U5/><E73/><V123/><F72/><W95/><G33/><T31/><D135/><U114/><E132/><V0/><F0/><W23/><G110/><T93/><D102/><U18/><E128/><V3/><F3/><W66/><G104/><T109/><D109/><U10/><E114/><V103/><F113/><W60/><G120/><T71/><D71/><U101/><E34/><V133/><F117/><W9/><G127/><T65/><D42/><U57/><E87/><V11/><F11/><W94/><G24/><T53/><D65/><U92/><E2/><V91/><F134/><W79/><G9/><T25/><REACH who="0" step="1"/><D31/><REACH who="0" ten="409,211,211,159" step="2"/><U7/><E100/><V68/><F30/><W130/><G70/><T69/><D69/><U35/><E35/><V108/><F133/><W6/><G130/><T64/><D64/><U17/><REACH who="1" step="1"/><E21/><REACH who="1" ten="409,201,211,159" step="2"/><N who="3" m="8266" /><G6/><T105/><D105/><U98/><E98/><AGARI ba="2,2" hai="13,16,22,25,26,37,38,39,53,58,62,90,93,98" machi="98" ten="40,12000,1" yaku="1,1,52,1,54,1,53,1" doraHai="19" doraHaiUra="52" who="0" fromWho="1" sc="409,146,201,-126,211,0,159,0" /><INIT seed="0,3,0,1,4,93" ten="555,75,211,159" oya="0" hai0="128,8,82,40,57,117,80,89,70,91,3,50,4" hai1="101,121,31,120,36,86,97,74,42,30,64,22,48" hai2="73,2,38,110,104,52,134,126,12,100,1,79,58" hai3="122,23,61,92,102,107,133,66,95,5,106,71,29"/><T124/><D70/><U0/><E74/><V105/><F38/><W9/><G122/><T53/><D117/><U99/><E36/><V81/><F110/><W17/><G29/><T96/><D124/><U69/><E0/><V34/><F34/><W56/><G71/><T28/><D128/><U6/><E6/><V14/><F134/><W90/><G102/><T76/><D28/><U51/><E86/><V55/><F126/><W45/><G45/><T26/><D26/><U43/><E101/><V25/><F25/><W60/><G60/><T11/><D40/><U119/><E69/><V103/><F58/><W108/><G95/><T115/><D115/><U75/><E22/><V88/><F81/><W109/><G133/><T7/><D82/><U35/><E75/><V20/><F20/><W44/><G44/><T114/><D114/><U68/><E68/><V59/><F59/><W13/><G109/><T54/><D54/><U94/><E94/><V10/><F73/><W130/><G130/><T49/><D49/><U72/><E72/><V123/><F10/><W15/><REACH who="3" step="1"/><G108/><REACH who="3" ten="555,75,211,149" step="2"/><T63/><D63/><U132/><E132/><V116/><F123/><W41/><G41/><T87/><REACH who="0" step="1"/><D96/><AGARI ba="3,1" hai="5,9,13,15,17,23,56,61,66,90,92,96,106,107" machi="96" ten="30,3900,0" yaku="1,1,7,1,52,1,53,0" doraHai="93" doraHaiUra="21" who="3" fromWho="0" sc="555,-48,75,0,211,0,149,58" /><INIT seed="1,0,0,4,4,7" ten="507,75,211,207" oya="1" hai0="118,75,126,9,99,56,13,94,28,29,42,107,22" hai1="68,116,38,117,86,122,113,89,73,41,105,119,132" hai2="32,39,15,24,23,97,57,87,109,48,11,95,106" hai3="125,101,27,63,35,60,102,3,77,98,123,111,114"/><U36/><E122/><V14/><F109/><W52/><G123/><T85/><D118/><U127/><E113/><V44/><F32/><W12/><G3/><T112/><D75/><U121/><E121/><V88/><F39/><W82/><G111/><T17/><D112/><U69/><E105/><V45/><F15/><W18/><G114/><T65/><D126/><U104/><E127/><V6/><F106/><W92/><G102/><T46/><D107/><U66/><E104/><V133/><F133/><W31/><G125/><T25/><D85/><U110/><E132/><V33/><F33/><W76/><G63/><T58/><D65/><U0/><E110/><V62/><F48/><W47/><G82/><T115/><D29/><U79/><E0/><V90/><F90/><W34/><G34/><T30/><D30/><U5/><E38/><V100/><F87/><W70/><G70/><T84/><D84/><U78/><E36/><V61/><F100/><W2/><G2/><T81/><D81/><U50/><E69/><V51/><F51/><W71/><G71/><T129/><D129/><U72/><E68/><V128/><F128/><W8/><REACH who="3" step="1"/><G47/><REACH who="3" ten="507,75,211,197" step="2"/><N who="2" m="17993" /><F57/><AGARI ba="0,1" hai="8,12,18,27,31,35,52,57,60,76,77,92,98,101" machi="57" ten="40,8000,1" yaku="1,1,52,1,54,1,53,1" doraHai="7" doraHaiUra="10" who="3" fromWho="2" sc="507,0,75,0,211,-80,197,90" /><INIT seed="2,0,0,3,2,41" ten="507,75,131,287" oya="2" hai0="127,57,93,11,81,120,56,24,12,78,17,34,110" hai1="123,124,108,25,129,51,98,35,15,6,10,131,112" hai2="117,3,130,92,126,8,83,2,50,100,134,55,37" hai3="7,14,23,54,118,69,135,9,53,80,47,104,66"/><V84/><F117/><W73/><G118/><T132/><D120/><U67/><E112/><V58/><F37/><W94/><G104/><T76/><D110/><U13/><E108/><V39/><F39/><W49/><G135/><T70/><D78/><U113/><E113/><V40/><F130/><N who="1" m="49673" /><E123/><V128/><F126/><W62/><G23/><T109/><D70/><U48/><E124/><V22/><F40/><W82/><G73/><T65/><D127/><U44/><E67/><V68/><F68/><W30/><G30/><T19/><D132/><U103/><E48/><V4/><F134/><W43/><G94/><T52/><D65/><U101/><E101/><V26/><F128/><W91/><G91/><T36/><D36/><U29/><E103/><V64/><F64/><W16/><G7/><T77/><D57/><U122/><E98/><V121/><F121/><W74/><G74/><T114/><D114/><U86/><E86/><V32/><F100/><W87/><G87/><N who="0" m="48551" /><D77/><U119/><E122/><V85/><F92/><W1/><G1/><T97/><D34/><U27/><E27/><V107/><F32/><W61/><G61/><N who="0" m="35975" /><D109/><U89/><E119/><V31/><F107/><W20/><G9/><T90/><D24/><U72/><E72/><V96/><F96/><W5/><G5/><AGARI ba="0,0" hai="5,11,12,17,19,90,93,97" m="35975,48551" machi="5" ten="30,2000,0" yaku="8,1,54,1" doraHai="41" who="0" fromWho="3" sc="507,20,75,0,131,0,287,-20" /><INIT seed="3,0,0,0,0,17" ten="527,75,131,267" oya="3" hai0="30,20,57,105,76,83,60,114,13,59,111,56,51" hai1="64,1,135,97,91,27,62,80,16,115,116,123,52" hai2="40,53,108,90,112,100,41,95,129,121,36,93,61" hai3="98,22,127,19,78,134,110,29,55,45,102,38,72"/><W71/><G71/><T6/><D105/><U118/><E115/><V49/><F108/><W132/><G29/><T86/><D114/><U99/><E123/><V113/><F129/><W106/><G110/><T46/><D111/><U33/><E1/><V5/><F36/><W11/><G11/><T109/><D109/><U130/><E33/><V18/><F5/><W94/><G127/><T31/><D60/><U28/><E130/><V23/><F121/><W81/><G106/><T75/><D75/><U42/><E28/><V37/><F37/><W44/><G55/><T4/><D4/><U39/><E135/><N who="3" m="51754" /><G38/><T34/><D34/><U69/><E42/><V107/><F107/><W12/><AGARI ba="0,0" hai="12,19,22,44,45,72,78,81,94,98,102" m="51754" machi="12" ten="30,3000,0" yaku="20,1,52,1" doraHai="17" who="3" fromWho="3" sc="527,-10,75,-10,131,-10,267,30" /><INIT seed="3,1,0,2,1,123" ten="517,65,121,297" oya="3" hai0="2,90,63,114,76,100,31,40,3,65,102,101,48" hai1="45,75,97,47,131,135,6,17,119,107,52,10,53" hai2="71,61,46,103,89,20,117,87,79,51,27,50,34" hai3="74,104,113,108,126,96,49,127,88,93,128,68,64"/><W57/><G113/><T116/><D114/><U38/><E131/><V18/><F117/><W66/><G74/><T124/><D116/><U13/><E119/><V12/><F103/><W29/><G128/><T106/><D31/><U95/><E135/><V32/><F79/><W22/><G104/><T125/><D106/><U54/><E107/><V1/><F1/><N who="0" m="10" /><D90/><U112/><E75/><V44/><F61/><W25/><G68/><T7/><D7/><U73/><E73/><V86/><F71/><W80/><G80/><T21/><D21/><U55/><E112/><V132/><F132/><W83/><G83/><T56/><D76/><U14/><N who="1" m="13312" /><DORA hai="94" /><U19/><E38/><V122/><F122/><W11/><G49/><T70/><D70/><U118/><E6/><V99/><F51/><W9/><G66/><T35/><D35/><U33/><E33/><V37/><F34/><W23/><G23/><T8/><D8/><N who="1" m="6311" /><E118/><V78/><F32/><W39/><G39/><T0/><N who="0" m="18" /><T98/><DORA hai="120" /><D98/><U62/><E62/><V129/><F37/><W60/><REACH who="3" step="1"/><G108/><REACH who="3" ten="517,65,121,287" step="2"/><T134/><D134/><U4/><E4/><V16/><F129/><W69/><G69/><T77/><D77/><U67/><E67/><V84/><F78/><W26/><G26/><T36/><D36/><U81/><E81/><V42/><F27/><W133/><G133/><T91/><D48/><U92/><E95/><N who="2" m="56815" /><F46/><W24/><G24/><T41/><D65/><U111/><E111/><V130/><F130/><W82/><G82/><T28/><D63/><U30/><E30/><V121/><F121/><RYUUKYOKU ba="1,1" sc="517,-30,65,10,121,10,287,10" hai1="10,14,19,45,47,92,97" hai2="12,16,18,20,42,44,50,84,86,87" hai3="9,11,22,25,29,57,60,64,88,93,96,126,127" /><INIT seed="3,2,1,4,4,42" ten="487,75,131,297" oya="3" hai0="51,131,110,129,86,13,90,21,31,132,60,29,5" hai1="103,94,24,65,37,79,14,8,43,100,72,83,133" hai2="44,125,46,127,47,63,22,98,117,111,122,91,88" hai3="123,23,54,119,120,11,105,49,108,73,112,56,84"/><W20/><G73/><T12/><D110/><U81/><E133/><V41/><F117/><W62/><G105/><T69/><D132/><U107/><E107/><V116/><F116/><W61/><G119/><T126/><D126/><N who="2" m="48138" /><F111/><W57/><G108/><T59/><D51/><U87/><E65/><V55/><F41/><W68/><G68/><T89/><D69/><U50/><E37/><V121/><F22/><N who="3" m="8235" /><G112/><T64/><D5/><U109/><E24/><V82/><F98/><W32/><G32/><T36/><D36/><U113/><E113/><V135/><F135/><W48/><G123/><N who="2" m="47113" /><F82/><W1/><G1/><T96/><D96/><U106/><E106/><V93/><F93/><W7/><G120/><T134/><D134/><U28/><E28/><N who="0" m="10825" /><D21/><U26/><E26/><V92/><F92/><W40/><G40/><T45/><D45/><N who="1" m="25919" /><E94/><V95/><F95/><W115/><G115/><T9/><D86/><U80/><E109/><V4/><F4/><W124/><G124/><T104/><D104/><U15/><E72/><V53/><F63/><W27/><G27/><T33/><D33/><U58/><E15/><N who="0" m="5705" /><D9/><U75/><E75/><V71/><F71/><W17/><G11/><T77/><D131/><U2/><E2/><V34/><F34/><W18/><G7/><T35/><D129/><U114/><E114/><V85/><F85/><W10/><G10/><T128/><D128/><U118/><E118/><V101/><F101/><N who="1" m="38985" /><E58/><V16/><F16/><AGARI ba="2,1" hai="8,14,16,79,80,81,83,87" m="38985,25919" machi="16" ten="30,3900,0" yaku="8,1,52,1,54,1" doraHai="42" who="1" fromWho="2" sc="487,0,75,55,131,-45,297,0" /><INIT seed="4,0,0,2,5,102" ten="487,130,86,297" oya="0" hai0="21,123,20,112,73,48,130,83,133,75,14,115,81" hai1="12,125,66,105,85,8,71,89,47,25,33,28,70" hai2="116,121,49,97,44,37,22,5,53,60,67,111,38" hai3="13,82,96,30,87,135,15,91,1,42,62,6,24"/><T128/><D48/><U92/><E125/><V32/><F32/><W88/><G135/><T57/><D57/><U54/><E66/><V41/><F5/><W76/><G1/><T58/><D58/><U19/><E105/><V11/><F11/><W109/><G109/><T43/><D43/><U7/><E54/><V4/><F4/><W26/><G42/><T118/><D14/><N who="3" m="5129" /><G6/><T31/><D31/><U55/><E7/><V0/><F0/><W69/><G69/><T10/><D10/><U126/><REACH who="1" step="1"/><E126/><REACH who="1" ten="487,120,86,297" step="2"/><V98/><F53/><W45/><G30/><T23/><D118/><U124/><E124/><V16/><F116/><W127/><G127/><T64/><D64/><U131/><E131/><N who="0" m="50217" /><D133/><U117/><E117/><V68/><F111/><W90/><G96/><T114/><D123/><U52/><E52/><V40/><F121/><W129/><G129/><T122/><D122/><U95/><E95/><V99/><REACH who="2" step="1"/><F41/><REACH who="2" ten="487,120,76,297" step="2"/><W113/><G82/><AGARI ba="0,2" hai="20,21,23,73,75,81,82,83,112,114,115" m="50217" machi="82" ten="40,12000,1" yaku="28,2,15,1,19,1" doraHai="102" who="0" fromWho="3" sc="487,140,120,0,76,0,297,-120" /><INIT seed="4,1,0,5,2,102" ten="627,120,76,177" oya="0" hai0="123,35,133,23,54,88,131,99,94,92,38,14,66" hai1="7,55,29,87,82,75,60,86,31,2,48,45,69" hai2="11,109,90,58,110,22,42,26,64,16,9,126,10" hai3="56,61,12,77,4,27,36,34,76,3,52,78,13"/><T115/><D38/><U71/><E75/><V80/><F42/><W74/><G74/><T6/><D123/><U28/><E2/><V67/><F126/><W50/><G36/><T37/><D35/><U18/><E7/><V46/><F46/><W1/><G34/><T72/><D37/><U91/><E18/><V111/><REACH who="2" step="1"/><F58/><REACH who="2" ten="627,120,66,177" step="2"/><W47/><G27/><T130/><D130/><U120/><E120/><V125/><F125/><W43/><G4/><T63/><D131/><U95/><REACH who="1" step="1"/><E60/><REACH who="1" ten="627,110,66,177" step="2"/><V57/><F57/><W100/><G61/><T127/><D63/><U53/><E53/><V8/><N who="2" m="2816" /><DORA hai="101" /><V113/><F113/><W96/><G1/><T97/><D115/><U41/><E41/><V93/><F93/><W117/><G3/><T59/><D54/><U128/><E128/><V32/><F32/><W104/><G117/><T62/><D127/><U79/><AGARI ba="1,2" hai="28,29,31,45,48,55,69,71,79,82,86,87,91,95" machi="79" ten="30,4000,0" yaku="1,1,0,1,53,1" doraHai="102,101" doraHaiUra="49,108" who="1" fromWho="1" sc="627,-21,110,63,66,-11,177,-11" /><INIT seed="5,0,0,0,3,7" ten="606,173,55,166" oya="1" hai0="48,111,16,121,132,95,134,92,109,86,69,13,50" hai1="120,68,126,14,33,123,53,36,82,127,63,135,89" hai2="61,80,97,76,55,83,85,81,44,51,67,70,45" hai3="31,133,110,112,64,35,40,11,46,128,41,0,2"/><U125/><E33/><V96/><REACH who="2" step="1"/><F45/><REACH who="2" ten="606,173,45,166" step="2"/><W32/><G46/><T21/><D121/><N who="1" m="46667" /><E135/><N who="0" m="51753" /><D69/><U34/><E34/><V91/><F91/><W117/><G35/><T49/><D86/><N who="1" m="50391" /><E36/><V42/><F42/><W106/><G41/><T88/><D88/><U56/><E14/><V75/><F75/><W129/><G40/><T74/><D74/><U6/><E6/><V12/><F12/><W100/><G32/><T17/><D17/><U93/><E93/><AGARI ba="0,1" hai="13,16,21,48,49,50,92,93,95,109,111" m="51753" machi="93" ten="30,2000,0" yaku="20,1,54,1" doraHai="7" who="0" fromWho="1" sc="606,30,173,-20,45,0,166,0" /><INIT seed="6,0,0,3,5,115" ten="636,153,45,166" oya="2" hai0="7,65,41,52,125,50,59,11,103,44,112,36,102" hai1="128,101,76,54,99,124,94,10,81,15,45,114,26" hai2="71,43,25,16,91,110,0,121,96,107,14,55,33" hai3="40,66,98,129,63,48,27,111,90,61,58,123,60"/><V1/><F121/><W4/><G123/><T30/><D112/><U39/><E114/><V132/><F71/><W28/><G111/><T19/><D125/><U24/><E124/><V108/><F43/><W104/><G4/><T80/><D30/><U22/><E128/><V49/><F132/><W20/><G129/><T95/><D95/><U75/><E22/><V18/><F33/><W122/><G122/><T57/><D19/><U97/><E39/><V5/><F25/><W6/><G6/><T86/><D65/><U29/><E29/><V92/><F107/><W79/><G79/><T93/><D59/><U21/><E21/><V116/><F116/><W35/><G35/><T56/><D56/><U72/><E72/><V87/><F96/><W8/><G8/><T106/><D93/><U134/><E134/><V47/><F5/><W73/><G73/><T89/><D106/><U12/><E99/><V62/><F62/><W70/><G70/><T135/><D135/><U131/><E131/><V120/><F120/><W69/><G69/><T82/><D82/><U51/><E15/><AGARI ba="0,0" hai="7,11,15,36,41,44,50,52,57,80,86,89,102,103" machi="15" ten="30,2000,0" yaku="7,1,54,1" doraHai="115" who="0" fromWho="1" sc="636,20,153,-20,45,0,166,0" /><INIT seed="7,0,0,5,0,85" ten="656,133,45,166" oya="3" hai0="49,129,48,7,4,70,68,91,26,58,45,22,69" hai1="115,38,42,9,118,132,54,125,46,32,92,98,105" hai2="10,67,117,16,59,44,43,75,47,135,5,133,36" hai3="73,8,40,66,19,63,33,89,119,99,131,57,17"/><W30/><G119/><T2/><D129/><U51/><E115/><V25/><F75/><W116/><G116/><T76/><D76/><U97/><E118/><V127/><F117/><W94/><G73/><T128/><D128/><U34/><E132/><V121/><F127/><W106/><G106/><T107/><D107/><U65/><E125/><V82/><F47/><W78/><G131/><T86/><D58/><U111/><E111/><V61/><F82/><W110/><G110/><T122/><D122/><U13/><E65/><V114/><F114/><W134/><G134/><T80/><D2/><U6/><E105/><V23/><REACH who="2" step="1"/><F121/><REACH who="2" ten="656,133,35,166" step="2"/><W83/><G83/><T53/><REACH who="0" step="1"/><D48/><REACH who="0" ten="646,133,35,166" step="2"/><U95/><E38/><V88/><F88/><W21/><G89/><T56/><D56/><U123/><E51/><V20/><F20/><W35/><G57/><T55/><D55/><U52/><E123/><V104/><F104/><W15/><G21/><T31/><AGARI ba="0,2" hai="4,7,22,26,31,45,49,53,68,69,70,80,86,91" machi="31" ten="30,4000,0" yaku="1,1,0,1,52,1,53,0" doraHai="85" doraHaiUra="72" who="0" fromWho="0" sc="646,60,133,-10,35,-10,166,-20" owari="706,80.0,123,-28.0,25,-47.0,146,-5.0" /></mjloggm>