<mjloggm ver="2.3"><GO type="41" lobby="0"/><UN n0="%E2%93%9D%53%75%70%68%78" n1="%E3%83%AA%E3%83%9C%E3%83%B3%E5%8D%81%E4%BB%A3" n2="%31%75%6B%61%E6%98%AF%E4%B8%AA%E5%91%86%E7%B2%89" n3="%E3%82%8F%E3%82%8C%E3%81%8A%E3%82%93%E3%81%A9%E3%82%8C" dan="18,14,14,15" rate="2105.19,1976.88,1898.09,2007.31" sx="M,M,M,F"/><TAIKYOKU oya="0"/><INIT seed="0,0,0,0,1,84" ten="250,250,250,250" oya="0" hai0="125,69,52,48,13,83,61,85,91,66,27,4,113" hai1="97,40,71,87,119,78,122,72,24,90,6,53,109" hai2="74,92,20,29,115,121,49,108,12,43,76,21,28" hai3="7,9,39,46,26,86,124,120,38,94,64,60,80"/><T11/><D125/><U123/><E119/><V57/><F115/><W130/><G130/><T45/><REACH who="0" step="1"/><D27/><REACH who="0" ten="240,250,250,250" step="2"/><U18/><E122/><V50/><F121/><W31/><G124/><T104/><D104/><U10/><E123/><V128/><F128/><W0/><G120/><T111/><D111/><U67/><E109/><V47/><F108/><W35/><G46/><T30/><D30/><U99/><E24/><V23/><F29/><W75/><G94/><T70/><D70/><U58/><E71/><V25/><F92/><W114/><G114/><AGARI ba="0,1" hai="4,11,13,45,48,52,61,66,69,83,85,91,113,114" machi="114" ten="40,7700,0" yaku="1,1,52,1,54,1,53,0" doraHai="84" doraHaiUra="132" who="0" fromWho="3" sc="240,87,250,0,250,0,250,-77" /><INIT seed="0,1,0,5,5,62" ten="327,250,250,173" oya="0" hai0="106,1,126,73,118,26,99,37,46,11,38,22,65" hai1="29,51,75,43,50,80,95,74,36,13,84,108,133" hai2="33,132,109,83,86,66,41,117,59,81,94,107,5" hai3="20,97,42,53,113,35,69,98,71,131,17,39,54"/><T16/><D118/><U64/><E108/><V23/><F33/><W7/><G113/><T19/><D73/><U45/><E133/><V103/><F109/><W122/><G131/><T34/><D126/><U82/><E29/><V121/><F107/><W25/><G122/><T87/><D34/><U129/><E129/><V15/><F41/><W3/><G54/><T0/><D87/><U24/><E24/><V134/><F117/><W12/><G53/><T102/><D65/><U85/><E95/><V77/><F83/><W61/><G42/><T100/><D100/><U128/><E128/><V49/><F49/><W104/><G39/><T57/><D57/><U21/><E74/><V56/><F59/><W135/><G135/><T2/><REACH who="0" step="1"/><D46/><REACH who="0" ten="317,250,250,173" step="2"/><U44/><E75/><V72/><F72/><W6/><G69/><T78/><D78/><N who="1" m="46103" /><E64/><V89/><F66/><W55/><G71/><T48/><D48/><N who="1" m="18475" /><E36/><V31/><F134/><W92/><G61/><T9/><D9/><U79/><E43/><V112/><F132/><W116/><G35/><T96/><D96/><U32/><E32/><V27/><F121/><W52/><G98/><T67/><D67/><U114/><E114/><V47/><F112/><W8/><G116/><T4/><D4/><U18/><AGARI ba="1,1" hai="13,18,21,44,45,79,82,85" m="18475,46103" machi="18" ten="30,1100,0" yaku="8,1" doraHai="62" who="1" fromWho="1" sc="317,-6,250,24,250,-4,173,-4" /><INIT seed="1,0,0,2,2,62" ten="311,274,246,169" oya="1" hai0="38,122,39,88,134,66,126,58,67,49,99,35,73" hai1="97,112,11,84,2,86,132,12,115,53,128,96,105" hai2="63,93,120,5,102,40,116,51,42,16,6,54,100" hai3="104,92,130,14,10,129,31,106,117,9,41,1,34"/><U17/><E128/><N who="3" m="49258" /><G41/><N who="2" m="15977" /><F116/><W76/><G76/><T107/><D35/><U61/><E132/><V22/><F120/><W85/><G117/><T69/><D73/><U52/><E2/><V15/><F63/><W0/><G85/><N who="1" m="32874" /><E115/><V72/><F72/><W30/><G92/><T33/><D126/><U21/><E112/><V45/><F93/><W108/><G108/><T114/><D107/><N who="3" m="41001" /><G14/><T82/><D114/><U101/><E105/><V111/><F111/><W46/><G46/><T103/><D122/><U109/><E109/><V65/><F65/><W79/><G79/><T50/><D67/><U125/><E125/><V25/><F25/><W133/><G133/><T121/><D66/><U91/><E101/><AGARI ba="0,0" hai="5,6,15,16,22,45,51,54,100,101,102" m="15977" machi="101" ten="30,2000,0" yaku="8,1,54,1" doraHai="62" who="2" fromWho="1" sc="311,0,274,-20,246,20,169,0" /><INIT seed="2,0,0,0,4,67" ten="311,254,266,169" oya="2" hai0="79,76,53,4,55,135,90,61,84,74,31,121,104" hai1="22,75,127,33,65,49,131,106,18,39,92,105,30" hai2="36,28,133,64,38,120,83,80,26,60,58,56,23" hai3="114,130,37,116,1,123,7,112,44,89,128,71,40"/><V6/><F120/><W20/><G89/><T119/><D135/><U118/><E39/><V113/><F113/><N who="3" m="43627" /><G20/><T2/><D104/><U27/><E118/><V9/><F133/><W95/><G95/><T42/><D42/><U122/><E75/><V97/><F36/><W98/><G98/><T50/><D4/><U72/><E72/><V94/><F38/><W85/><G85/><T125/><D125/><U111/><E111/><V78/><F58/><W24/><G24/><T134/><D79/><U82/><E82/><V91/><REACH who="2" step="1"/><F78/><REACH who="2" ten="311,254,256,169" step="2"/><W100/><G100/><T32/><D76/><U8/><E122/><V41/><F41/><W66/><G123/><T34/><D134/><U46/><E127/><V12/><AGARI ba="0,1" hai="6,9,12,23,26,28,56,60,64,80,83,91,94,97" machi="12" ten="20,12000,1" yaku="1,1,0,1,7,1,8,1,53,1" doraHai="67" doraHaiUra="0" who="2" fromWho="2" sc="311,-40,254,-40,256,130,169,-40" /><INIT seed="2,1,0,3,1,125" ten="271,214,386,129" oya="2" hai0="25,44,126,21,9,117,127,13,116,130,94,28,46" hai1="40,102,1,4,16,128,41,103,114,74,90,57,27" hai2="51,108,39,5,33,100,26,34,50,68,60,37,30" hai3="38,7,81,91,122,10,0,115,107,65,131,18,113"/><V62/><F34/><W42/><G122/><T96/><D46/><U31/><E114/><V129/><F129/><W82/><G81/><T76/><D44/><U78/><E1/><V67/><F108/><W64/><G18/><N who="0" m="8495" /><D76/><U35/><E4/><V71/><F5/><W15/><G107/><T123/><D123/><U101/><E74/><V75/><F75/><W120/><G120/><T106/><D106/><U104/><E78/><V92/><F100/><W17/><G42/><T52/><D52/><U45/><E104/><V83/><F83/><W86/><G131/><T98/><D98/><U24/><E128/><V61/><F61/><W80/><G80/><T124/><D130/><U73/><E73/><V32/><F32/><W70/><G38/><T95/><D95/><U118/><E118/><V58/><F92/><W69/><G65/><T55/><D55/><U12/><E27/><V135/><F58/><W85/><G85/><T121/><D121/><U29/><E29/><V99/><F99/><W20/><REACH who="3" step="1"/><G64/><REACH who="3" ten="271,214,386,119" step="2"/><T56/><D117/><U132/><E40/><V43/><F43/><W59/><G59/><T105/><D105/><U8/><E57/><V48/><F67/><W112/><AGARI ba="1,1" hai="0,7,10,15,17,20,69,70,82,86,91,112,113,115" machi="112" ten="30,7900,0" yaku="1,1,0,1,11,1,53,1" doraHai="125" doraHaiUra="84" who="3" fromWho="3" sc="271,-21,214,-21,386,-40,119,92" /><INIT seed="3,0,0,3,0,125" ten="250,193,346,211" oya="3" hai0="63,48,53,4,39,14,134,10,103,20,21,65,80" hai1="110,73,42,60,8,104,93,117,102,114,46,78,25" hai2="7,81,54,122,90,0,88,101,56,44,128,16,133" hai3="74,89,132,61,72,121,30,3,33,123,15,107,76"/><W91/><G3/><T62/><D39/><U19/><E114/><V85/><F7/><W95/><G33/><T87/><D134/><U28/><E104/><V118/><F118/><W35/><G35/><T99/><D65/><U32/><E110/><V13/><F0/><W111/><G30/><T135/><D135/><U94/><E117/><V115/><F115/><W18/><G132/><T70/><D70/><U1/><E102/><V75/><F133/><W43/><G43/><T92/><D63/><U66/><E73/><V96/><F75/><N who="3" m="28715" /><G61/><T84/><D62/><U71/><E78/><V38/><F122/><N who="3" m="46603" /><G15/><T67/><D67/><U98/><E98/><V29/><F29/><W126/><G18/><T77/><REACH who="0" step="1"/><D87/><REACH who="0" ten="240,193,346,211" step="2"/><U27/><E25/><V9/><F85/><N who="3" m="52655" /><G111/><T41/><D41/><U11/><E27/><V31/><F38/><W59/><G59/><AGARI ba="0,1" hai="4,10,14,20,21,48,53,59,77,80,84,92,99,103" machi="59" ten="30,7700,0" yaku="1,1,7,1,8,1,53,1" doraHai="125" doraHaiUra="45" who="0" fromWho="3" sc="240,87,193,0,346,0,211,-77" /><INIT seed="4,0,0,2,5,90" ten="327,193,346,134" oya="0" hai0="22,3,53,70,86,32,131,34,83,47,119,71,43" hai1="99,19,107,115,39,8,35,68,123,64,52,109,37" hai2="129,29,78,77,18,1,46,105,85,17,54,63,44" hai3="88,4,73,127,87,100,9,50,31,103,120,113,67"/><T55/><D119/><U132/><E123/><V28/><F105/><W45/><G113/><T24/><D3/><U23/><E109/><V41/><F1/><W108/><G108/><T57/><D131/><U114/><E35/><V16/><F129/><W101/><G127/><T91/><D71/><U20/><E68/><V6/><F6/><W124/><G124/><T48/><D70/><U112/><E64/><V80/><F78/><W111/><G73/><T33/><REACH who="0" step="1"/><D57/><REACH who="0" ten="317,193,346,134" step="2"/><U12/><E132/><V117/><F117/><W36/><G120/><T84/><D84/><U11/><E11/><V61/><F46/><W98/><G111/><T40/><D40/><U81/><E81/><V38/><REACH who="2" step="1"/><F54/><REACH who="2" ten="317,193,336,134" step="2"/><N who="3" m="30031" /><G67/><T122/><D122/><U42/><E42/><V49/><F49/><W96/><G36/><N who="1" m="13898" /><E52/><V95/><F95/><N who="3" m="54687" /><G31/><AGARI ba="0,2" hai="22,24,31,32,33,34,43,47,48,53,55,83,86,91" machi="31" ten="40,2000,0" yaku="1,1,53,0" doraHai="90" doraHaiUra="62" who="0" fromWho="3" sc="317,40,193,0,336,0,134,-20" /><AGARI ba="0,0" hai="16,17,18,28,29,31,38,41,44,61,63,77,80,85" machi="31" ten="40,2600,0" yaku="1,1,54,1,53,0" doraHai="90" doraHaiUra="62" who="2" fromWho="3" sc="357,0,193,0,336,26,114,-26" /><INIT seed="4,1,0,1,5,45" ten="357,193,362,88" oya="0" hai0="90,121,36,23,26,133,19,77,63,52,100,15,22" hai1="101,110,116,132,97,35,64,76,16,87,61,74,127" hai2="70,27,78,20,126,21,134,79,51,60,29,107,50" hai3="43,92,96,13,102,130,40,58,68,11,53,44,6"/><T4/><D121/><U0/><E116/><V125/><F107/><W28/><G130/><T135/><D36/><U66/><E110/><V95/><F134/><N who="0" m="51210" /><D77/><U98/><E0/><V46/><F46/><W49/><G68/><T12/><D100/><U111/><E35/><V85/><F20/><W1/><G28/><N who="0" m="17495" /><D90/><U123/><E111/><V117/><F117/><W108/><G108/><T112/><D63/><U7/><E7/><V32/><F32/><W57/><G1/><T54/><D112/><U86/><E123/><V71/><F78/><W129/><G129/><T67/><D67/><U5/><E5/><V48/><F60/><W31/><G31/><T124/><D124/><N who="2" m="47722" /><F95/><W88/><G102/><T9/><AGARI ba="1,0" hai="4,9,12,15,19,23,52,54" m="17495,51210" machi="9" ten="30,3000,0" yaku="20,1,54,1" doraHai="45" who="0" fromWho="0" sc="357,33,193,-11,362,-11,88,-11" /><INIT seed="4,2,0,0,4,70" ten="390,182,351,77" oya="0" hai0="40,89,69,108,79,117,81,113,111,124,32,130,34" hai1="116,61,43,91,24,0,128,54,131,99,105,23,125" hai2="126,133,52,101,27,46,87,119,31,132,35,63,55" hai3="65,104,15,42,33,21,36,14,5,10,16,6,88"/><T97/><D69/><U86/><E116/><V100/><F119/><W58/><G104/><T118/><D40/><U93/><E0/><V122/><F122/><W26/><G65/><T3/><D3/><U60/><E125/><V37/><F126/><W84/><G58/><T25/><D124/><U106/><E43/><N who="2" m="22895" /><F87/><W114/><G114/><T45/><D130/><U2/><E2/><V103/><F63/><W38/><G42/><T76/><D25/><U56/><E61/><V30/><F30/><W20/><G33/><T112/><D45/><U51/><E51/><V72/><F72/><W85/><G85/><T109/><D97/><U107/><REACH who="1" step="1"/><E86/><REACH who="1" ten="390,172,351,77" step="2"/><V19/><F19/><AGARI ba="2,1" hai="19,23,24,54,56,60,91,93,99,105,106,107,128,131" machi="19" ten="40,8000,1" yaku="1,1,2,1,25,2,53,0" doraHai="70" doraHaiUra="68" who="1" fromWho="2" sc="390,0,172,96,351,-86,77,0" /><INIT seed="5,0,0,2,5,15" ten="390,268,265,77" oya="1" hai0="9,47,117,36,3,48,106,78,122,2,135,94,70" hai1="7,89,109,45,52,51,11,105,107,88,104,38,49" hai2="0,54,77,50,67,40,57,62,132,96,76,20,103" hai3="100,87,32,21,29,121,124,24,114,126,84,81,125"/><U53/><E38/><V22/><F0/><W93/><G121/><T37/><D94/><U82/><E82/><V30/><F132/><W16/><G114/><T17/><D106/><U74/><E74/><V61/><F40/><W6/><G6/><T56/><D56/><U75/><E75/><V79/><F30/><W91/><G100/><T133/><D117/><U28/><E28/><V69/><REACH who="2" step="1"/><F61/><REACH who="2" ten="390,268,255,77" step="2"/><W46/><G46/><T66/><D3/><U5/><E109/><V55/><F55/><W42/><G42/><T108/><D2/><U31/><E31/><V129/><F129/><W80/><REACH who="3" step="1"/><G84/><REACH who="3" ten="390,268,255,67" step="2"/><T112/><D47/><U10/><E105/><AGARI ba="0,2" hai="20,22,50,54,57,62,67,69,76,77,79,96,103,105" machi="105" ten="40,2600,0" yaku="1,1,53,1" doraHai="15" doraHaiUra="64" who="2" fromWho="1" sc="390,0,268,-26,255,46,67,0" /><INIT seed="6,0,0,3,2,121" ten="390,242,301,67" oya="2" hai0="22,4,79,82,67,103,86,29,132,53,110,96,128" hai1="50,109,98,115,114,15,89,31,42,104,55,123,97" hai2="101,33,113,130,131,87,3,106,80,126,105,76,78" hai3="23,28,74,2,119,59,40,60,65,125,68,118,135"/><V117/><F3/><W27/><G74/><T63/><D110/><U26/><E123/><V71/><F71/><W9/><G135/><T85/><D128/><N who="2" m="49194" /><F33/><W83/><G125/><T116/><D116/><U34/><E97/><N who="2" m="61615" /><F117/><W56/><G83/><T100/><D4/><U99/><E99/><V64/><F64/><W84/><G84/><T12/><D86/><U112/><E42/><V35/><F35/><W75/><G75/><T90/><D67/><U7/><E7/><V77/><F126/><W0/><G40/><T73/><D73/><U58/><E15/><V45/><F45/><W37/><G37/><T36/><D12/><U124/><E124/><V38/><F38/><W43/><G43/><T30/><D36/><U54/><E54/><V41/><F41/><W39/><G39/><T47/><D47/><U94/><REACH who="1" step="1"/><E104/><REACH who="1" ten="390,232,301,67" step="2"/><V13/><F106/><W5/><REACH who="3" step="1"/><G2/><REACH who="3" ten="390,232,301,57" step="2"/><T70/><D132/><U49/><E49/><V93/><F13/><W10/><G10/><T46/><D82/><U69/><E69/><V8/><F8/><W20/><G20/><T52/><D22/><U48/><E48/><V91/><F113/><W21/><G21/><T18/><D70/><U25/><E25/><V44/><F44/><W134/><G134/><T62/><D46/><U92/><E92/><AGARI ba="0,2" hai="76,77,78,80,87,91,92,93" m="61615,49194" machi="92" ten="30,5800,0" yaku="19,1,34,2" doraHai="121" who="2" fromWho="1" sc="390,0,232,-58,301,78,57,0" /><INIT seed="6,1,0,1,3,130" ten="390,174,379,57" oya="2" hai0="32,108,18,122,3,45,131,42,70,89,82,26,9" hai1="134,6,62,1,59,55,84,116,87,69,38,74,25" hai2="128,101,39,97,88,15,126,86,98,102,93,16,29" hai3="119,100,13,127,118,64,94,63,35,113,27,91,21"/><V76/><F39/><W123/><G123/><T44/><D108/><U14/><E116/><V95/><F128/><W96/><G127/><T117/><D70/><U72/><E38/><V5/><F126/><W47/><G113/><T49/><D122/><U61/><E1/><V75/><F75/><W111/><G111/><T31/><D131/><U51/><E25/><V106/><F76/><W66/><G64/><T103/><D103/><U121/><E121/><V124/><F124/><W71/><G47/><T80/><D117/><U4/><E14/><V81/><F29/><W36/><G36/><T22/><D89/><U60/><E69/><V105/><F5/><W107/><G13/><N who="0" m="9551" /><D45/><U132/><E60/><V115/><F115/><W10/><G10/><AGARI ba="1,0" hai="10,15,16,81,86,88,93,95,97,98,101,102,105,106" machi="10" ten="30,11600,0" yaku="7,1,9,1,54,2" doraHai="130" who="2" fromWho="3" sc="390,0,174,0,379,119,57,-119" owari="390,19.0,174,-23.0,498,60.0,-62,-56.0" /></mjloggm>