<mjloggm ver="2.3"><GO type="41" lobby="0"/><UN n0="%E3%83%97%E3%83%AD%E3%81%BC%E3%81%A3%E3%81%A1" n1="%E2%93%9D%53%75%70%68%78" n2="%61%73%61%73%69%6E" n3="%73%61%74%6F%35%31" dan="14,17,14,14" rate="2032.38,2065.71,1950.14,1960.30" sx="M,M,M,F"/><TAIKYOKU oya="0"/><INIT seed="0,0,0,3,1,48" ten="250,250,250,250" oya="0" hai0="126,114,62,112,86,9,78,129,96,95,82,115,45" hai1="33,58,47,15,25,131,26,93,28,4,118,72,117" hai2="5,69,38,34,97,31,11,20,85,108,94,109,22" hai3="40,59,87,111,23,46,18,27,98,84,16,61,14"/><T127/><D129/><U90/><E72/><V92/><F38/><W113/><G111/><N who="2" m="42569" /><F69/><W125/><G113/><T120/><D120/><U103/><E103/><V107/><F107/><W132/><G132/><T57/><D45/><U130/><E58/><V30/><F85/><W88/><G125/><T101/><REACH who="0" step="1"/><D9/><REACH who="0" ten="240,250,250,250" step="2"/><U68/><E47/><V17/><F34/><W56/><G46/><T63/><D63/><U75/><E131/><V80/><F22/><W67/><G40/><T105/><D105/><U66/><E130/><V53/><F20/><N who="3" m="11287" /><G59/><T24/><D24/><U29/><E26/><V3/><F11/><W91/><G91/><T110/><D110/><U79/><E90/><V106/><F106/><W21/><G21/><T1/><D1/><U49/><E25/><V77/><F3/><W104/><G104/><T10/><D10/><U8/><E8/><V133/><F31/><W39/><G39/><T13/><D13/><U128/><E29/><V51/><F30/><W122/><G122/><T43/><D43/><U99/><E28/><V54/><F5/><W70/><G70/><T2/><D2/><U6/><E128/><V55/><F17/><W100/><G100/><T50/><D50/><U7/><E7/><V135/><F51/><W76/><G76/><T64/><AGARI ba="0,1" hai="57,62,64,78,82,86,95,96,101,112,114,115,126,127" machi="64" ten="40,7800,0" yaku="1,1,0,1,53,1" doraHai="48" doraHaiUra="52" who="0" fromWho="0" sc="240,88,250,-26,250,-26,250,-26" /><INIT seed="0,1,0,5,2,125" ten="328,224,224,224" oya="0" hai0="83,120,35,16,53,54,123,39,101,111,24,51,82" hai1="121,78,48,104,50,41,13,115,62,55,110,118,1" hai2="38,40,79,6,100,15,47,72,10,116,124,97,109" hai3="132,113,42,22,70,94,105,122,74,88,64,99,37"/><T102/><D39/><U93/><E1/><V44/><F124/><W28/><G113/><T61/><D111/><U33/><E104/><V59/><F109/><W112/><G112/><T23/><D35/><U129/><E33/><V98/><F116/><W86/><G122/><T130/><D130/><U127/><E78/><V36/><F59/><W52/><G132/><T57/><D123/><U7/><E118/><V87/><F72/><W131/><G131/><T5/><D5/><U0/><E0/><V77/><F98/><W95/><G70/><T29/><D120/><U46/><E127/><V56/><F56/><W32/><G64/><T11/><D11/><U3/><E3/><V89/><F47/><W49/><G32/><T81/><REACH who="0" step="1"/><D29/><REACH who="0" ten="318,224,224,224" step="2"/><U63/><E129/><V66/><F38/><W68/><G28/><T76/><D76/><U69/><E121/><V92/><REACH who="2" step="1"/><F66/><REACH who="2" ten="318,224,214,224" step="2"/><W117/><G117/><T91/><D91/><U14/><E110/><V45/><F45/><AGARI ba="1,2" hai="16,23,24,45,51,53,54,57,61,81,82,83,101,102" machi="45" ten="40,7700,0" yaku="1,1,8,1,54,1,53,0" doraHai="125" doraHaiUra="119" who="0" fromWho="2" sc="318,100,224,0,214,-80,224,0" /><INIT seed="0,2,0,5,3,20" ten="418,224,134,224" oya="0" hai0="43,23,93,100,80,48,49,70,8,29,106,81,110" hai1="9,32,113,40,45,65,94,0,123,28,66,104,120" hai2="69,90,33,54,98,37,56,71,50,128,119,89,59" hai3="13,135,131,36,21,58,12,38,77,15,95,130,5"/><T68/><D106/><U102/><E94/><V74/><F37/><W27/><G77/><T118/><D118/><U10/><E10/><V126/><F74/><W72/><G72/><T30/><D110/><U101/><E113/><V75/><F75/><W73/><G73/><T97/><D70/><U96/><E102/><V79/><F79/><W22/><G95/><T122/><D68/><U19/><E19/><V76/><F76/><W105/><G105/><T78/><D49/><U62/><E66/><V16/><F33/><W67/><G67/><T11/><D122/><U117/><E9/><N who="0" m="3657" /><D78/><U7/><E7/><V82/><F71/><W132/><G58/><T46/><D23/><U125/><E117/><V24/><F69/><W57/><G57/><T86/><D86/><U124/><E123/><V107/><F119/><W51/><G51/><T115/><D115/><U18/><E120/><V64/><F82/><AGARI ba="2,0" hai="29,30,43,46,48,80,81,82,93,97,100" m="3657" machi="82" ten="30,1500,0" yaku="8,1" doraHai="20" who="0" fromWho="2" sc="418,21,224,0,134,-21,224,0" /><INIT seed="0,3,0,0,2,118" ten="439,224,113,224" oya="0" hai0="94,45,133,38,119,39,87,68,113,111,99,125,74" hai1="93,27,61,10,47,17,36,30,63,86,20,128,65" hai2="73,43,116,37,91,1,18,9,81,0,2,104,15" hai3="11,52,115,29,56,40,33,106,109,69,78,107,24"/><T23/><D113/><U25/><E128/><V82/><F104/><W5/><G115/><T75/><D68/><U79/><E36/><V72/><F116/><W19/><G109/><T48/><D119/><U26/><E47/><V28/><F28/><W7/><G69/><T88/><D125/><U117/><E117/><V102/><F102/><W50/><G78/><T44/><D133/><U89/><E79/><V100/><F100/><W84/><G40/><T8/><D111/><U22/><E65/><V80/><F91/><W64/><G64/><T31/><D8/><U112/><E112/><V59/><F37/><W126/><G126/><T83/><D75/><U122/><E122/><V70/><F70/><W76/><G107/><T131/><D74/><U58/><E58/><V127/><F43/><W130/><G130/><T85/><D85/><U110/><E110/><V121/><F127/><W98/><G98/><T97/><D97/><U123/><E123/><V92/><F92/><W132/><G132/><T32/><D32/><U62/><REACH who="1" step="1"/><E10/><REACH who="1" ten="439,214,113,224" step="2"/><V101/><F121/><W90/><G76/><N who="0" m="46567" /><D131/><U120/><E120/><V42/><F59/><W57/><G57/><T67/><D67/><U3/><E3/><V46/><F73/><W66/><G66/><T54/><D44/><U60/><N who="1" m="15616" /><DORA hai="21" /><U12/><AGARI ba="3,1" hai="12,17,20,22,25,26,27,30,86,89,93" m="15616" machi="12" ten="40,12000,2" yaku="1,1,4,1,0,1,8,1,52,3,53,0" doraHai="118,21" doraHaiUra="105,51" who="1" fromWho="1" sc="439,-63,214,139,113,-33,224,-33" /><INIT seed="1,0,0,0,4,80" ten="376,353,80,191" oya="1" hai0="45,115,82,8,62,112,130,86,99,66,23,42,104" hai1="15,48,61,117,53,26,54,95,37,32,20,124,21" hai2="39,71,98,100,31,79,60,121,110,10,40,132,50" hai3="77,85,24,84,126,87,83,14,49,133,109,102,94"/><U69/><E117/><V134/><F121/><W58/><G24/><T55/><D130/><U1/><E1/><V18/><F39/><W41/><G109/><T12/><D23/><U114/><E37/><V35/><F79/><W78/><G126/><T103/><D55/><U57/><E114/><V129/><F110/><W76/><G133/><T28/><D28/><U118/><E118/><V2/><F129/><W3/><G3/><T90/><D45/><U125/><E32/><V64/><F50/><W9/><G102/><T105/><D105/><U92/><E69/><V96/><F96/><W119/><G94/><T51/><D51/><U101/><E15/><V122/><F40/><W36/><G36/><T27/><D42/><U81/><E81/><V123/><F123/><W0/><G0/><T97/><D97/><U47/><E21/><V127/><F127/><N who="1" m="48713" /><E101/><V106/><F122/><W131/><G131/><T73/><D27/><U116/><E116/><V107/><F107/><W19/><G119/><T11/><D73/><U108/><E108/><V91/><F2/><W93/><G93/><T135/><D135/><U44/><E44/><V34/><F34/><W63/><G41/><T46/><D46/><U111/><E111/><V38/><F38/><W52/><G83/><T67/><D8/><U65/><E54/><V72/><F10/><W33/><REACH who="3" step="1"/><G33/><REACH who="3" ten="376,353,80,181" step="2"/><T59/><REACH who="0" step="1"/><D67/><REACH who="0" ten="366,353,80,181" step="2"/><U68/><E47/><V4/><F134/><W13/><G13/><T30/><D30/><AGARI ba="0,2" hai="20,26,30,48,53,57,61,65,68,92,95" m="48713" machi="30" ten="30,1500,0" yaku="18,1" doraHai="80" who="1" fromWho="0" sc="366,-15,353,35,80,0,181,0" /><INIT seed="1,1,0,4,5,52" ten="351,388,80,181" oya="1" hai0="3,0,23,109,77,75,97,63,29,30,112,44,27" hai1="121,91,6,53,51,73,74,25,24,116,134,79,13" hai2="98,93,16,113,95,118,86,84,31,119,67,62,85" hai3="96,71,133,124,14,43,126,19,50,45,125,99,130"/><U32/><E116/><V48/><F31/><W10/><G71/><T70/><D109/><U111/><E121/><V28/><F28/><W105/><G105/><T135/><D112/><U57/><E134/><V115/><F48/><W87/><G87/><T54/><D135/><U100/><E100/><V9/><F119/><W72/><G72/><T69/><D97/><N who="3" m="37449" /><G133/><T55/><D75/><U21/><E32/><V92/><F118/><W2/><G2/><T33/><D77/><U78/><E111/><V47/><F47/><W83/><G83/><T132/><D132/><U49/><E74/><V110/><F110/><W5/><G130/><T22/><D44/><U38/><E38/><V20/><F9/><W81/><G81/><T101/><D101/><U35/><E35/><V34/><F34/><W37/><G37/><T8/><D33/><U61/><E91/><V103/><F115/><W17/><AGARI ba="1,0" hai="5,10,14,17,19,43,45,50,124,125,126" m="37449" machi="17" ten="40,1500,0" yaku="18,1" doraHai="52" who="3" fromWho="3" sc="351,-5,388,-8,80,-5,181,18" /><INIT seed="2,0,0,5,2,62" ten="346,380,75,199" oya="2" hai0="51,113,18,38,120,65,98,102,109,17,50,118,37" hai1="108,124,74,97,135,72,86,57,28,95,117,68,80" hai2="16,42,29,14,93,84,131,106,43,36,110,66,134" hai3="48,5,25,81,94,54,123,6,115,19,127,34,7"/><V73/><F106/><W27/><G123/><T83/><D113/><U78/><E68/><V101/><F73/><W2/><G115/><T91/><D109/><U35/><E117/><V64/><F29/><W31/><G127/><T4/><D120/><U71/><E71/><V111/><F134/><W40/><G40/><N who="2" m="15401" /><F36/><W9/><G81/><T85/><D118/><U0/><E0/><V33/><F33/><W39/><G39/><T20/><D4/><U24/><E108/><N who="2" m="41515" /><F131/><W128/><G94/><T3/><D3/><U60/><E124/><V26/><F26/><W114/><G114/><T96/><D38/><U13/><E13/><V55/><F55/><W87/><G87/><T63/><D96/><U129/><E135/><V75/><F75/><W22/><REACH who="3" step="1"/><G128/><REACH who="3" ten="346,380,75,189" step="2"/><T58/><D37/><U92/><E129/><V121/><F121/><W41/><G41/><T130/><D130/><U70/><E74/><V59/><F59/><AGARI ba="0,1" hai="2,5,6,7,9,19,22,25,27,31,34,48,54,59" machi="59" ten="30,2000,0" yaku="1,1,7,1,53,0" doraHai="62" doraHaiUra="89" who="3" fromWho="2" sc="346,0,380,0,75,-20,189,30" /><INIT seed="3,0,0,2,2,43" ten="346,380,55,219" oya="3" hai0="54,5,110,26,87,100,46,127,57,114,62,129,45" hai1="58,75,53,126,40,49,120,122,25,50,47,19,117" hai2="118,59,115,101,28,7,84,108,13,8,44,23,18" hai3="116,34,30,112,132,61,90,99,24,29,95,35,3"/><W93/><G116/><T98/><D110/><U88/><E75/><V82/><F108/><W48/><G112/><T119/><D119/><U4/><E117/><V21/><F115/><W133/><G3/><T80/><D114/><U68/><E4/><V105/><F118/><W97/><G61/><T103/><D129/><U66/><E88/><V37/><F28/><W83/><G48/><T11/><D26/><U39/><E19/><V106/><F23/><W42/><G42/><T135/><D135/><U96/><E96/><V52/><F101/><W113/><G113/><T14/><D127/><U69/><E25/><V27/><F37/><W71/><G24/><T130/><D130/><U131/><E126/><V2/><F2/><W86/><G71/><N who="1" m="27210" /><E131/><V65/><F65/><W79/><G34/><T51/><D62/><N who="1" m="38231" /><E39/><V60/><REACH who="2" step="1"/><F44/><AGARI ba="0,0" hai="40,44,47,49,50,53,120,122" m="38231,27210" machi="44" ten="30,7700,0" yaku="34,2,52,2" doraHai="43" who="1" fromWho="2" sc="346,0,380,77,55,-77,219,0" owari="346,15.0,457,55.0,-22,-52.0,219,-18.0" /></mjloggm>