<mjloggm ver="2.3"><GO type="41" lobby="0"/><UN n0="%72%52%66%44%79%55%66" n1="%E3%82%AD%E3%83%B3%E3%82%B0%E3%82%AB%E3%83%A1%E3%83%8F%E3%83%A1%E3%83%8F" n2="%E5%9C%9F%E6%B5%A6%E5%81%A5%E5%BA%B7%E9%BA%BB%E9%9B%80" n3="%E2%93%9D%53%75%70%68%78" dan="15,14,13,18" rate="2038.33,1959.89,1851.17,2099.78" sx="M,M,M,M"/><TAIKYOKU oya="0"/><INIT seed="0,0,0,0,3,54" ten="250,250,250,250" oya="0" hai0="134,56,99,78,123,20,6,62,52,27,23,63,102" hai1="12,4,122,45,75,95,8,96,16,112,106,0,5" hai2="91,104,26,1,72,73,132,49,133,60,83,32,116" hai3="108,105,98,42,88,15,67,115,87,77,37,100,18"/><T41/><D134/><N who="2" m="51818" /><F104/><W103/><G115/><T40/><D123/><U125/><E122/><V117/><F1/><W33/><G33/><T119/><D119/><N who="2" m="45642" /><F49/><W69/><G108/><T38/><D38/><U65/><E125/><V11/><F11/><W43/><G103/><T51/><D78/><U21/><E75/><V29/><F60/><N who="0" m="23082" /><D6/><U46/><E65/><V71/><F71/><W68/><G67/><T79/><D79/><U126/><E126/><V61/><F61/><W35/><G77/><T31/><D20/><U94/><E5/><V14/><F14/><W76/><G35/><T90/><D102/><U131/><E131/><V113/><F113/><W57/><G76/><T58/><D58/><U110/><E110/><V85/><AGARI ba="0,0" hai="26,29,32,72,73,83,85,91" m="45642,51818" machi="85" ten="40,2700,0" yaku="20,1,12,1" doraHai="54" who="2" fromWho="2" sc="250,-13,250,-7,250,27,250,-7" /><INIT seed="1,0,0,3,2,127" ten="237,243,277,243" oya="1" hai0="22,119,59,87,104,43,85,39,114,72,134,123,44" hai1="6,65,131,9,99,0,2,121,29,135,62,122,80" hai2="92,61,86,76,116,117,60,73,12,82,115,34,32" hai3="49,133,109,18,84,31,106,88,102,90,128,68,118"/><U21/><E135/><V19/><F115/><W48/><G68/><T45/><D114/><U64/><E2/><V53/><F116/><W24/><G109/><T37/><D119/><U28/><E80/><V36/><F36/><W126/><G118/><T13/><D72/><U98/><E21/><V74/><F73/><W35/><G126/><T17/><D134/><U14/><E0/><V95/><F61/><W42/><G133/><T25/><D123/><U132/><E132/><V50/><F60/><W41/><G102/><T38/><D104/><U69/><E121/><V26/><F95/><W70/><G70/><T16/><D59/><U79/><E79/><V112/><F26/><W54/><G106/><T46/><REACH who="0" step="1"/><D43/><REACH who="0" ten="227,243,277,243" step="2"/><U8/><E122/><V97/><F112/><W51/><G42/><T78/><D78/><U5/><E65/><V93/><F74/><W55/><G41/><T15/><D15/><U111/><E111/><V91/><F117/><W81/><G55/><T105/><D105/><U20/><E69/><V23/><REACH who="2" step="1"/><F93/><REACH who="2" ten="227,243,267,243" step="2"/><W103/><G54/><T3/><D3/><U75/><E75/><V4/><F4/><W125/><G125/><T10/><AGARI ba="0,2" hai="10,13,16,17,22,25,37,38,39,44,45,46,85,87" machi="10" ten="40,5200,0" yaku="1,1,0,1,54,1,53,0" doraHai="127" doraHaiUra="77" who="0" fromWho="0" sc="227,72,243,-26,267,-13,243,-13" /><INIT seed="2,0,0,1,4,52" ten="299,217,254,230" oya="2" hai0="50,62,67,125,126,106,101,130,42,1,105,68,60" hai1="72,15,112,13,66,46,119,98,7,63,47,49,34" hai2="6,25,29,88,19,97,41,90,71,12,70,85,116" hai3="102,10,74,124,99,107,120,4,26,103,53,18,81"/><V80/><F116/><W54/><G120/><T86/><D1/><U56/><E34/><V51/><F6/><W33/><G103/><T129/><D86/><U131/><E72/><V69/><F41/><W94/><G124/><N who="0" m="47723" /><D101/><U16/><E131/><N who="0" m="50185" /><D62/><U58/><E119/><V17/><F51/><W109/><G107/><N who="0" m="40971" /><D50/><U83/><E112/><V76/><F97/><W122/><G99/><T96/><D96/><U31/><E31/><V32/><F17/><W95/><G18/><T108/><D42/><U65/><E98/><V100/><F100/><W128/><G128/><T36/><D108/><U21/><E83/><V111/><F111/><W9/><G81/><T127/><N who="0" m="47731" /><T23/><DORA hai="5" /><D23/><U61/><E7/><V57/><F71/><W117/><G109/><T132/><D36/><U77/><E77/><V30/><F70/><W64/><G102/><T113/><D113/><U84/><E84/><V121/><F69/><W55/><G117/><T93/><D93/><U38/><E38/><V123/><F123/><W2/><G95/><T78/><D78/><U59/><E15/><V28/><F12/><W134/><G94/><T135/><AGARI ba="0,0" hai="60,67,68,132,135" m="40971,50185,47731" machi="135" ten="50,8000,1" yaku="30,2,18,1,19,1,23,1" doraHai="52,5" who="0" fromWho="0" sc="299,80,217,-20,254,-40,230,-20" /><INIT seed="3,0,0,4,4,47" ten="379,197,214,210" oya="3" hai0="131,63,121,56,11,94,103,111,37,44,74,68,28" hai1="95,27,83,0,72,92,75,108,41,126,82,102,76" hai2="59,35,124,73,98,62,81,113,132,24,123,60,8" hai3="69,89,32,10,15,64,18,38,30,61,14,50,99"/><W54/><G38/><T78/><D111/><U46/><E0/><V109/><F123/><W21/><G32/><T67/><D131/><U115/><E27/><V40/><F109/><W43/><G43/><T118/><D118/><U23/><E23/><V26/><F73/><N who="1" m="28233" /><E41/><V106/><F106/><W70/><G70/><T84/><D74/><N who="1" m="43287" /><E46/><V29/><F8/><W97/><G89/><T101/><D121/><U133/><E108/><V77/><F24/><W2/><G2/><T3/><D28/><U96/><E115/><V104/><F60/><W130/><G130/><T127/><D37/><U20/><E20/><V88/><F26/><W122/><G122/><T58/><D44/><U48/><E48/><V25/><F25/><W105/><G105/><T12/><D12/><U119/><E119/><V55/><F104/><W125/><G125/><T79/><D58/><U42/><E42/><V31/><F59/><W5/><REACH who="3" step="1"/><G30/><REACH who="3" ten="379,197,214,200" step="2"/><T90/><D68/><U45/><E126/><V107/><F29/><W16/><G16/><T34/><D34/><U19/><E19/><V93/><F31/><W51/><G51/><T120/><D127/><U80/><E133/><V85/><F35/><W134/><G134/><T66/><D120/><U87/><E45/><AGARI ba="0,1" hai="5,10,14,15,18,21,45,50,54,61,64,69,97,99" machi="45" ten="30,5800,0" yaku="1,1,7,1,52,1,53,0" doraHai="47" doraHaiUra="128" who="3" fromWho="1" sc="379,0,197,-58,214,0,200,68" /><INIT seed="3,1,0,5,0,74" ten="379,139,214,268" oya="3" hai0="132,38,60,15,134,96,63,57,28,45,16,115,34" hai1="99,32,61,21,103,124,50,25,125,90,94,77,66" hai2="97,54,126,106,8,30,100,87,85,26,79,129,13" hai3="42,27,84,130,62,107,101,78,48,108,51,3,135"/><W105/><G3/><T47/><D115/><U4/><E32/><V64/><F129/><W91/><G130/><T36/><D96/><U20/><E4/><V5/><F126/><W37/><G37/><N who="0" m="14443" /><D28/><U123/><E123/><V72/><F64/><W92/><G135/><N who="0" m="51755" /><D34/><U93/><E125/><V73/><F73/><W75/><G108/><T29/><D29/><U83/><E124/><V31/><F31/><W112/><G112/><T23/><D63/><U114/><E50/><V41/><F41/><W33/><G62/><T131/><D131/><U70/><E114/><V52/><F72/><W98/><G107/><T104/><D104/><U65/><E65/><AGARI ba="1,0" hai="15,16,23,45,47,57,60,65" m="51755,14443" machi="65" ten="30,2000,0" yaku="20,1,54,1" doraHai="74" who="0" fromWho="1" sc="379,23,139,-23,214,0,268,0" /><INIT seed="4,0,0,1,1,118" ten="402,116,214,268" oya="0" hai0="82,100,19,124,72,8,105,49,56,104,116,103,11" hai1="53,129,17,78,42,58,73,110,91,93,94,12,132" hai2="90,7,6,51,14,31,75,134,41,36,81,113,47" hai3="57,52,98,55,127,92,130,95,18,45,120,66,67"/><T96/><D124/><U44/><E110/><V109/><F109/><W70/><G130/><T40/><D116/><U69/><E69/><V60/><F31/><W125/><G18/><T71/><D71/><U33/><E33/><V106/><F106/><W27/><G27/><T126/><D126/><N who="3" m="48137" /><G120/><T86/><D72/><U59/><E132/><V16/><F113/><W65/><G98/><T35/><D35/><U114/><E129/><V24/><F24/><W10/><G10/><T37/><D37/><U64/><E114/><V48/><F134/><W123/><G123/><T9/><D19/><U107/><E107/><V22/><F60/><N who="3" m="35879" /><G95/><T2/><D2/><U63/><E73/><V54/><F36/><W5/><G92/><T79/><D11/><U32/><E78/><V34/><F34/><W0/><G5/><T68/><D68/><U39/><E32/><V77/><REACH who="2" step="1"/><F90/><REACH who="2" ten="402,116,204,268" step="2"/><W108/><G108/><T26/><D26/><U112/><E112/><V102/><F102/><W61/><G0/><T21/><D103/><U131/><E131/><V121/><F121/><W119/><G119/><T50/><D104/><U117/><E117/><V15/><F15/><W84/><G84/><T4/><D86/><U76/><E76/><V85/><F85/><W99/><G99/><T97/><D97/><U62/><REACH who="1" step="1"/><E91/><REACH who="1" ten="402,106,204,268" step="2"/><V83/><F83/><W3/><G3/><T74/><D82/><U46/><E46/><AGARI ba="0,2" hai="6,7,14,16,22,41,46,47,48,51,54,75,77,81" machi="46" ten="30,7700,0" yaku="1,1,7,1,54,1,53,1" doraHai="118" doraHaiUra="13" who="2" fromWho="1" sc="402,0,106,-77,204,97,268,0" /><INIT seed="5,0,0,3,1,5" ten="402,29,301,268" oya="1" hai0="61,15,7,95,81,8,40,6,121,102,87,47,117" hai1="34,27,96,104,52,49,103,1,106,37,41,19,21" hai2="111,55,101,64,20,83,25,122,57,29,97,10,113" hai3="48,3,80,39,22,50,2,0,100,54,129,116,63"/><U86/><E1/><V67/><F111/><W135/><G39/><T17/><D117/><U59/><E34/><V98/><F122/><W60/><G116/><T88/><D121/><U114/><E114/><V14/><F83/><W99/><G129/><T92/><D61/><U43/><E37/><V85/><F85/><W74/><G135/><T26/><D26/><U11/><E106/><V58/><F98/><W93/><G50/><N who="0" m="26983" /><D102/><U110/><E110/><V78/><F78/><W68/><G68/><T125/><D125/><U108/><E108/><V109/><F113/><W38/><G38/><T131/><D131/><U90/><REACH who="1" step="1"/><E11/><REACH who="1" ten="402,19,301,268" step="2"/><V36/><F36/><W128/><G128/><T77/><D95/><AGARI ba="0,1" hai="19,21,27,41,43,49,52,59,86,90,95,96,103,104" machi="95" ten="30,12000,1" yaku="1,1,2,1,7,1,54,1,53,1" doraHai="5" doraHaiUra="82" who="1" fromWho="0" sc="402,-120,19,130,301,0,268,0" /><INIT seed="5,1,0,1,3,70" ten="282,149,301,268" oya="1" hai0="15,124,79,25,113,19,101,126,5,31,114,18,109" hai1="103,30,14,41,52,11,107,122,63,36,13,69,106" hai2="75,43,33,51,97,7,128,17,117,62,74,115,49" hai3="38,39,55,102,37,47,60,48,28,78,35,67,134"/><U59/><E122/><V129/><F33/><W91/><G78/><T83/><D101/><U66/><E30/><V64/><F117/><W10/><G134/><T29/><D83/><U110/><E110/><V56/><F7/><W96/><G10/><N who="0" m="4559" /><D79/><U89/><E103/><V121/><F121/><W12/><G12/><T131/><D109/><U82/><E14/><V132/><F132/><W44/><G91/><T127/><D131/><U24/><E24/><V123/><F123/><W92/><G35/><N who="0" m="20911" /><D31/><U45/><E82/><V95/><F43/><W32/><G28/><T54/><D54/><U87/><E87/><V120/><F75/><W119/><G32/><T88/><D88/><U2/><E89/><V71/><F74/><W8/><G8/><T93/><D93/><U116/><E2/><V27/><F71/><W80/><G80/><T85/><D85/><U90/><E90/><N who="2" m="55543" /><F120/><W99/><G99/><T53/><D53/><U0/><E0/><V111/><F111/><W26/><G26/><T20/><D20/><U57/><E57/><V4/><F27/><W130/><G130/><T1/><D1/><U34/><E34/><V100/><F128/><W108/><G108/><T73/><D73/><U46/><E46/><V112/><F129/><W94/><G94/><T105/><D105/><U118/><E116/><V68/><F100/><W84/><G84/><T81/><D81/><U72/><E72/><V125/><F68/><N who="3" m="42087" /><G119/><T22/><D22/><U77/><E77/><V50/><F64/><W135/><G135/><T21/><D21/><U9/><E118/><V23/><F23/><RYUUKYOKU ba="1,0" sc="282,15,149,-15,301,-15,268,15" hai0="18,19,113,114,124,126,127" hai3="37,38,39,44,47,48,55,92,96,102" /><INIT seed="6,2,0,3,3,36" ten="297,134,286,283" oya="2" hai0="20,119,80,111,0,18,38,8,27,24,82,30,78" hai1="66,72,68,59,61,42,103,31,56,11,35,88,65" hai2="48,125,81,4,71,128,126,49,94,17,37,118,5" hai3="79,53,41,9,2,51,60,132,69,23,6,75,45"/><V135/><F118/><W96/><G132/><T90/><D111/><U101/><E72/><V127/><F135/><W14/><G96/><T47/><D119/><U84/><E68/><V83/><F37/><W33/><G33/><T123/><D123/><U63/><E35/><V112/><F71/><W108/><G108/><T124/><D124/><U43/><E31/><V21/><F128/><W67/><G23/><T95/><D0/><U107/><E11/><V121/><F112/><W115/><G115/><T54/><D8/><U117/><E117/><V106/><F106/><W57/><G79/><T26/><D78/><U10/><E10/><V46/><F94/><W64/><G75/><T55/><D38/><U91/><E84/><V99/><F99/><W77/><G77/><T52/><D47/><U74/><E74/><V50/><F46/><W89/><G2/><T28/><D28/><U134/><E134/><V1/><F121/><W100/><G100/><T16/><D18/><U114/><E114/><V39/><F39/><W85/><G69/><T7/><D7/><N who="2" m="2634" /><F1/><W12/><G12/><AGARI ba="2,0" hai="12,17,21,48,49,50,81,83,125,126,127" m="2634" machi="12" ten="40,2000,0" yaku="18,1" doraHai="36" who="2" fromWho="3" sc="297,0,134,0,286,26,283,-26" /><INIT seed="6,3,0,5,0,72" ten="297,134,312,257" oya="2" hai0="93,123,45,6,66,20,54,135,92,97,48,11,83" hai1="46,104,107,87,129,8,111,84,113,120,25,37,68" hai2="52,67,80,134,44,33,81,76,121,22,128,86,16" hai3="62,63,126,30,96,38,64,77,122,101,31,4,73"/><V119/><F119/><W95/><G122/><T132/><D123/><U65/><E120/><V103/><F134/><N who="0" m="51242" /><D66/><U51/><E37/><V114/><F114/><W50/><G38/><T18/><D83/><U130/><E113/><V71/><F33/><W27/><G126/><T108/><D108/><U59/><E111/><V0/><F0/><W99/><G4/><T78/><D78/><U79/><E68/><V118/><F71/><W26/><G50/><T60/><D60/><U24/><E8/><V109/><F67/><W36/><G36/><T1/><D97/><U131/><E65/><V90/><F128/><W91/><G73/><T5/><D5/><U23/><E59/><V69/><F69/><W43/><G43/><T75/><D75/><U49/><E23/><V29/><F29/><W13/><G64/><T106/><D106/><U58/><E58/><V105/><F118/><W41/><G41/><T88/><D88/><U12/><E12/><AGARI ba="3,0" hai="1,6,11,12,18,20,45,48,54,92,93" m="51242" machi="12" ten="30,1000,0" yaku="20,1" doraHai="72" who="0" fromWho="1" sc="297,19,134,-19,312,0,257,0" /><INIT seed="7,0,0,1,5,90" ten="316,115,312,257" oya="3" hai0="40,80,101,96,74,18,131,130,122,120,53,37,1" hai1="28,81,62,83,126,50,93,10,110,108,59,54,116" hai2="84,115,26,56,4,30,82,103,127,85,70,61,69" hai3="34,98,106,20,23,97,124,5,68,76,7,119,112"/><W33/><G76/><N who="0" m="44055" /><D1/><U94/><E116/><V42/><F115/><W104/><G68/><T72/><D72/><U91/><E126/><V99/><F42/><W78/><G78/><T102/><D53/><U25/><E110/><V71/><F4/><W24/><G24/><T43/><D18/><U113/><E108/><V109/><F127/><W114/><REACH who="3" step="1"/><G124/><REACH who="3" ten="316,115,312,247" step="2"/><T65/><D122/><U58/><E113/><V3/><F70/><W52/><G52/><T128/><D120/><U44/><E10/><V0/><F69/><W107/><G107/><N who="0" m="63911" /><D65/><U48/><E91/><V35/><F71/><W2/><G2/><T15/><D15/><U38/><E38/><V16/><F109/><W118/><AGARI ba="0,1" hai="5,7,20,23,33,34,97,98,104,106,112,114,118,119" machi="118" ten="25,18000,2" yaku="1,1,0,1,22,2,53,2" doraHai="90" doraHaiUra="31" who="3" fromWho="3" sc="316,-60,115,-60,312,-60,247,190" owari="256,6.0,55,-44.0,252,-15.0,437,53.0" /></mjloggm>