<mjloggm ver="2.3"><GO type="41" lobby="0"/><UN n0="%53%55%42%4D%41%52%49%4E" n1="%73%6F%72%61%73%69" n2="%E9%B9%BF%E6%8C%87%E3%81%97%E3%81%A6%E9%A6%AC" n3="%E2%93%9D%53%75%70%68%78" dan="13,15,14,18" rate="1863.17,1977.35,1803.37,2104.16" sx="M,M,M,M"/><TAIKYOKU oya="0"/><INIT seed="0,0,0,5,4,102" ten="250,250,250,250" oya="0" hai0="110,123,26,90,64,13,45,82,132,32,44,131,71" hai1="18,29,37,41,22,24,122,128,96,119,69,0,120" hai2="104,78,56,95,59,38,53,86,84,127,39,118,27" hai3="106,115,121,16,7,109,40,133,97,103,89,50,28"/><T9/><D123/><U20/><E119/><V42/><F118/><W47/><G115/><T101/><D131/><U19/><E69/><V135/><F135/><W35/><G109/><T76/><D132/><U52/><E128/><V116/><F127/><W66/><G133/><T36/><D90/><U48/><E0/><V63/><F27/><W88/><G7/><T100/><D110/><U99/><E37/><V54/><F42/><W61/><G121/><T112/><D112/><U43/><E29/><V62/><F116/><W6/><G6/><T3/><D45/><U83/><E83/><V130/><F130/><W17/><G28/><T91/><D91/><U93/><E120/><V107/><F95/><W124/><G35/><T65/><D3/><U81/><E81/><V60/><F60/><W51/><G51/><T70/><D26/><N who="1" m="14615" /><E99/><V10/><F10/><W68/><REACH who="3" step="1"/><G124/><REACH who="3" ten="250,250,250,240" step="2"/><T33/><D36/><U25/><E122/><V111/><F111/><W55/><G55/><T21/><D33/><U92/><E43/><V8/><REACH who="2" step="1"/><F8/><REACH who="2" ten="250,250,240,240" step="2"/><W46/><G46/><T11/><D44/><U85/><E41/><V15/><F15/><W114/><G114/><T58/><D32/><U77/><E24/><V74/><F74/><W49/><G49/><T134/><D134/><U2/><E2/><V34/><F34/><W1/><G1/><T79/><D13/><U94/><E25/><V14/><F14/><W57/><G57/><T129/><D9/><U113/><E113/><V80/><F80/><W73/><G73/><T98/><D11/><U105/><E48/><V108/><F108/><RYUUKYOKU ba="0,2" sc="250,-15,250,-15,240,15,240,15" hai2="38,39,53,54,56,59,62,63,78,84,86,104,107" hai3="16,17,40,47,50,61,66,68,88,89,97,103,106" /><INIT seed="1,1,2,3,5,132" ten="235,235,255,255" oya="1" hai0="78,92,11,40,99,108,86,9,59,84,21,116,32" hai1="97,110,104,75,106,94,48,120,50,26,133,117,88" hai2="56,39,24,107,83,51,63,80,91,103,3,15,47" hai3="58,19,73,44,27,14,25,93,29,129,64,53,69"/><U101/><E117/><V127/><F3/><W17/><G73/><T77/><D32/><U112/><E112/><V76/><F39/><W43/><G129/><T55/><D108/><U126/><E120/><V123/><F123/><W10/><G69/><T111/><D111/><U70/><E110/><V7/><F24/><W105/><G105/><T60/><D40/><U38/><E104/><V119/><F91/><W1/><G64/><T13/><D21/><U72/><E38/><V113/><F119/><W71/><G71/><T125/><D125/><U30/><E70/><V5/><F83/><W95/><G19/><T98/><D116/><U128/><E133/><V65/><F15/><W35/><G27/><T109/><D109/><U134/><E134/><V61/><F127/><W68/><G68/><T31/><D31/><U82/><E126/><V57/><F103/><W85/><G85/><N who="0" m="32875" /><D98/><U18/><E18/><V22/><F107/><W130/><G130/><T66/><D55/><U54/><E128/><V67/><F22/><W42/><G42/><T6/><D9/><U33/><E82/><V37/><F37/><W96/><G96/><T87/><N who="0" m="32883" /><T41/><DORA hai="122" /><D41/><U81/><E81/><V34/><F34/><W2/><G95/><T79/><D79/><U28/><E28/><V90/><F90/><AGARI ba="1,2" hai="6,11,13,59,60,66,77,78,90,92,99" m="32883" machi="90" ten="30,1000,0" yaku="8,1" doraHai="132,122" who="0" fromWho="2" sc="235,33,235,0,255,-13,255,0" /><INIT seed="2,0,0,2,0,95" ten="268,235,242,255" oya="2" hai0="122,55,15,82,106,126,104,48,115,107,96,110,84" hai1="51,20,37,50,117,40,9,99,28,53,119,25,120" hai2="108,66,133,33,44,90,123,113,65,14,22,43,60" hai3="114,61,68,75,59,78,76,112,129,86,39,74,67"/><V63/><F33/><W89/><G39/><T127/><D115/><N who="3" m="44073" /><G68/><T45/><D122/><U131/><E37/><V71/><F113/><W70/><G70/><T132/><D110/><U57/><E120/><V121/><F133/><W34/><G34/><T135/><D15/><U26/><E131/><V83/><F108/><W116/><G129/><T31/><D31/><U118/><E9/><V73/><F65/><W10/><G10/><T69/><D69/><U23/><E40/><V94/><F63/><W85/><G116/><T62/><D62/><U91/><E51/><V109/><F73/><N who="3" m="27659" /><G86/><T46/><D46/><U77/><E77/><V87/><F109/><W105/><G105/><T100/><D132/><U58/><E58/><V134/><F134/><W35/><G35/><T128/><D128/><U111/><E111/><V47/><F83/><AGARI ba="0,0" hai="59,61,67,76,78,83,85,89" m="27659,44073" machi="83" ten="30,1000,0" yaku="11,1" doraHai="95" who="3" fromWho="2" sc="268,0,235,0,242,-10,255,10" /><INIT seed="3,0,0,4,3,5" ten="268,235,232,265" oya="3" hai0="70,121,91,87,85,114,118,111,133,92,59,47,129" hai1="104,103,119,8,26,86,44,15,74,122,76,33,125" hai2="106,56,43,80,135,110,101,66,90,22,100,131,94" hai3="123,7,40,60,25,45,99,107,50,51,82,96,83"/><W13/><G123/><T67/><D70/><U98/><E122/><V29/><F131/><W1/><G1/><T124/><D118/><U93/><E119/><V39/><F110/><W54/><G60/><T3/><D3/><U113/><E113/><V84/><F135/><W24/><G107/><T108/><D133/><U134/><E134/><V62/><F43/><W10/><G99/><T16/><D129/><U75/><E44/><V117/><F117/><W61/><G61/><T68/><D68/><U73/><E125/><V55/><F39/><W79/><G96/><T36/><D124/><U71/><E71/><V38/><F38/><W9/><G9/><T11/><D121/><U69/><E69/><V31/><F106/><W20/><G20/><T37/><D85/><U95/><E26/><V64/><F31/><W48/><G83/><T18/><D11/><U109/><E33/><V65/><F80/><W58/><REACH who="3" step="1"/><G51/><REACH who="3" ten="268,235,232,255" step="2"/><T28/><D114/><U112/><E112/><V81/><REACH who="2" step="1"/><F81/><REACH who="2" ten="268,235,222,255" step="2"/><W102/><G102/><T42/><D108/><U132/><E109/><V78/><F78/><W12/><G12/><T89/><D111/><U72/><E132/><V23/><F23/><W130/><G130/><T35/><D89/><N who="1" m="53431" /><E76/><V6/><F6/><W14/><G14/><T2/><D2/><U127/><E127/><V105/><F105/><W63/><G63/><T21/><D35/><U49/><N who="1" m="18432" /><DORA hai="46" /><U115/><E115/><V77/><F77/><W41/><G41/><T27/><D36/><U116/><E104/><V34/><F34/><W52/><G52/><T4/><D4/><RYUUKYOKU ba="0,2" sc="268,10,235,-30,222,10,255,10" hai0="16,18,21,27,28,37,42,47,59,67,87,91,92" hai2="22,29,55,56,62,64,65,66,84,90,94,100,101" hai3="7,10,13,24,25,40,45,48,50,54,58,79,82" /><INIT seed="3,1,2,0,2,27" ten="278,205,232,265" oya="3" hai0="59,56,43,61,100,25,12,26,91,97,125,82,95" hai1="30,109,28,115,40,71,90,65,102,88,18,63,36" hai2="124,96,49,92,31,98,53,5,42,3,74,34,2" hai3="94,112,119,62,78,60,21,81,99,105,7,33,128"/><W76/><G33/><T93/><D125/><U127/><E115/><V10/><F74/><W9/><G105/><T117/><D117/><U48/><E36/><V1/><F124/><W77/><G128/><T89/><D43/><U46/><E127/><V104/><F42/><W23/><G81/><T0/><D0/><U120/><E120/><V22/><F34/><W87/><G87/><N who="0" m="50423" /><D12/><U67/><E109/><V121/><F104/><W106/><G106/><T126/><D126/><U83/><E102/><V75/><F75/><W108/><G119/><T19/><D19/><U52/><E18/><V11/><F121/><W4/><G112/><T44/><D44/><N who="1" m="25607" /><E71/><V51/><F51/><W54/><G108/><T72/><D72/><U129/><E129/><V113/><F98/><W58/><G62/><T110/><D110/><U116/><E116/><V35/><F35/><W29/><G9/><T131/><D131/><U64/><E46/><V69/><F11/><W38/><G38/><T103/><D103/><U135/><E135/><V15/><F69/><W8/><G8/><T32/><D32/><U111/><E111/><V80/><F80/><W101/><G23/><T57/><D61/><U6/><E6/><V118/><F118/><W132/><G132/><T14/><D14/><U45/><E45/><V13/><F113/><W20/><G20/><T85/><AGARI ba="1,2" hai="25,26,56,57,59,85,91,93,95,97,100" m="50423" machi="85" ten="30,1100,0" yaku="8,1" doraHai="27" who="0" fromWho="0" sc="278,34,205,-4,232,-4,265,-6" /><INIT seed="4,0,0,5,0,0" ten="312,201,228,259" oya="0" hai0="16,59,42,56,131,21,1,57,35,104,20,83,29" hai1="125,33,54,97,30,31,11,118,120,86,72,80,51" hai2="79,116,13,38,76,28,18,130,89,58,109,4,6" hai3="122,82,107,37,9,5,90,2,73,123,135,93,8"/><T114/><D104/><U71/><E118/><V32/><F32/><W112/><G107/><T23/><D1/><U87/><E120/><N who="3" m="46122" /><G112/><T108/><D114/><U92/><E71/><V52/><F38/><W40/><G9/><T84/><D131/><U60/><E125/><V15/><F109/><W26/><G26/><T46/><D35/><U49/><E72/><V91/><F130/><W77/><G93/><T88/><D29/><N who="1" m="10763" /><E33/><V110/><F28/><W115/><G90/><N who="2" m="34313" /><F116/><W101/><G101/><T22/><D108/><U36/><E36/><V98/><F98/><W119/><G115/><T121/><D121/><U70/><E70/><V63/><F110/><W62/><G62/><T103/><D103/><N who="1" m="60839" /><E11/><N who="2" m="6463" /><F15/><W48/><G119/><T27/><D46/><U3/><E86/><V124/><F124/><W45/><G48/><T126/><D126/><U44/><E51/><V14/><F14/><W96/><G96/><T65/><D42/><U7/><E60/><AGARI ba="0,0" hai="16,20,21,22,23,27,56,57,59,60,65,83,84,88" machi="60" ten="40,7700,0" yaku="8,1,54,2" doraHai="0" who="0" fromWho="1" sc="312,77,201,-77,228,0,259,0" /><INIT seed="4,1,0,0,3,47" ten="389,124,228,259" oya="0" hai0="117,110,126,102,64,52,33,28,31,8,49,63,123" hai1="119,133,48,79,51,118,20,84,71,76,7,59,17" hai2="29,30,4,121,129,27,105,75,57,106,130,90,19" hai3="21,96,132,6,18,66,41,80,38,55,125,77,92"/><T44/><D117/><U12/><E71/><V1/><F19/><W89/><G132/><T112/><D123/><U67/><E119/><V127/><F30/><W62/><G125/><T111/><D112/><U100/><E118/><V9/><F127/><W128/><G128/><N who="2" m="49257" /><F121/><W74/><G41/><T45/><D126/><U82/><E133/><V72/><F90/><W2/><G38/><T134/><D102/><U131/><E131/><V35/><F57/><W104/><G104/><AGARI ba="1,0" hai="1,4,9,27,29,35,72,75,104,105,106" m="49257" machi="104" ten="30,2000,0" yaku="19,1,23,1" doraHai="47" who="2" fromWho="3" sc="389,0,124,0,228,23,259,-23" /><INIT seed="5,0,0,2,0,3" ten="389,124,251,236" oya="1" hai0="135,60,82,31,27,88,94,63,47,76,96,71,106" hai1="16,4,64,30,36,86,100,92,116,120,115,126,81" hai2="122,99,14,8,20,79,114,50,130,53,124,62,21" hai3="118,48,23,55,42,26,108,17,111,77,65,119,129"/><U72/><E116/><N who="3" m="44586" /><G129/><T5/><D135/><U91/><E120/><V70/><F130/><W43/><G65/><T101/><D47/><U97/><E36/><V134/><F134/><W7/><G77/><T69/><D71/><U2/><E30/><V44/><F124/><W12/><G55/><T110/><D110/><N who="3" m="42025" /><G48/><T117/><D117/><U61/><E72/><V28/><F114/><W67/><G67/><T51/><D51/><U103/><E126/><V39/><F39/><W22/><G7/><T0/><D69/><U83/><E115/><V57/><F79/><W87/><G87/><T41/><D41/><U121/><E121/><V25/><F70/><W33/><G33/><T128/><D128/><U35/><E35/><V78/><F78/><W10/><G10/><T56/><D63/><U133/><E133/><V95/><F122/><W131/><G131/><T105/><D101/><U11/><E16/><AGARI ba="0,0" hai="12,16,17,22,23,26,42,43" m="42025,44586" machi="16" ten="30,2000,0" yaku="12,1,54,1" doraHai="3" who="3" fromWho="1" sc="389,0,124,-20,251,0,236,20" /><INIT seed="6,0,0,5,2,107" ten="389,104,251,256" oya="2" hai0="114,40,128,89,116,48,67,1,56,2,15,32,106" hai1="64,23,47,131,95,61,122,43,31,13,53,11,20" hai2="119,51,45,135,57,70,81,22,118,16,115,112,129" hai3="97,69,74,126,12,102,38,27,132,25,99,5,62"/><V117/><F81/><W41/><G132/><T120/><D106/><U85/><E131/><V73/><F70/><W123/><G123/><T86/><D114/><N who="2" m="43562" /><F57/><W75/><G126/><T7/><D32/><U109/><E109/><V26/><F129/><W66/><G99/><T21/><D120/><U68/><E122/><V54/><F135/><W19/><G5/><T127/><D116/><U93/><E31/><V111/><F111/><W71/><G71/><T88/><D127/><U39/><E93/><V90/><F90/><W121/><G121/><T77/><D128/><U17/><E95/><V44/><F44/><W84/><G84/><T60/><D2/><U72/><E85/><V58/><F58/><W3/><G69/><T105/><D105/><U94/><E94/><V46/><F46/><W130/><G130/><T50/><D1/><U76/><REACH who="1" step="1"/><E53/><REACH who="1" ten="389,94,251,256" step="2"/><V87/><F87/><W30/><G30/><T78/><D40/><U113/><E113/><V55/><F55/><W8/><G41/><T0/><D0/><U103/><E103/><V134/><F134/><W80/><G102/><T9/><D21/><U96/><E96/><V10/><F119/><W4/><G97/><T14/><D14/><U36/><E36/><V104/><F104/><W98/><G38/><T124/><D124/><U49/><E49/><V65/><F118/><W18/><G98/><T52/><D50/><U33/><E33/><V91/><F117/><W133/><G133/><T108/><D108/><U34/><E34/><V100/><F100/><W37/><G37/><T59/><D86/><U82/><AGARI ba="0,1" hai="11,13,17,20,23,39,43,47,61,64,68,72,76,82" machi="82" ten="30,7900,0" yaku="1,1,5,1,0,1,52,1,53,0" doraHai="107" doraHaiUra="83" who="1" fromWho="1" sc="389,-20,94,89,251,-39,256,-20" /><INIT seed="7,0,0,5,2,56" ten="369,183,212,236" oya="3" hai0="51,8,132,65,113,61,70,50,98,20,89,57,30" hai1="26,7,75,93,83,131,107,53,4,109,128,3,72" hai2="29,120,111,103,133,64,76,68,79,108,82,126,102" hai3="67,66,42,119,134,104,94,0,92,48,99,44,69"/><W37/><G0/><T5/><D113/><U6/><E109/><N who="2" m="42059" /><F68/><W100/><G119/><T106/><D132/><U43/><E107/><V122/><F64/><W18/><G134/><T28/><D70/><U112/><E93/><V135/><F29/><N who="0" m="11370" /><D106/><U59/><E26/><V35/><F82/><W74/><G74/><T45/><D20/><U62/><E3/><V114/><F35/><W12/><G37/><T78/><D78/><N who="2" m="29738" /><F126/><W86/><G104/><T91/><D51/><U60/><E43/><V31/><F31/><W124/><G124/><T16/><D5/><N who="1" m="1283" /><U10/><DORA hai="17" /><E10/><V2/><F114/><W22/><G69/><T101/><D101/><N who="2" m="38410" /><F2/><W40/><G40/><N who="0" m="24871" /><D98/><U36/><E36/><V25/><F25/><W117/><G117/><T121/><D121/><AGARI ba="0,0" hai="120,121,122,133,135" m="38410,29738,42059" machi="121" ten="40,8000,1" yaku="28,2,13,1,34,2" doraHai="56,17" who="2" fromWho="0" sc="369,-80,183,0,212,80,236,0" /><INIT seed="8,0,0,3,0,134" ten="289,183,292,236" oya="0" hai0="8,109,113,54,112,41,25,7,121,129,67,130,95" hai1="58,65,111,79,74,107,82,11,87,101,104,46,96" hai2="61,88,50,36,3,23,33,38,13,24,20,39,91" hai3="10,90,37,108,103,30,72,132,123,86,66,2,6"/><T127/><D41/><U57/><E111/><V100/><F3/><W115/><G108/><T93/><D67/><U16/><E104/><V122/><F100/><W35/><G72/><T40/><D40/><U85/><E46/><V45/><F61/><W59/><G123/><T105/><D105/><U49/><E65/><V56/><F56/><W52/><G132/><T69/><D69/><U73/><E73/><V83/><F33/><W0/><G115/><T5/><D109/><U118/><E118/><V126/><F126/><W131/><G131/><N who="0" m="50187" /><D121/><U28/><E28/><V9/><F23/><W4/><G37/><T32/><D127/><U133/><E133/><V80/><F13/><W102/><G66/><T75/><D75/><U124/><E124/><V114/><F9/><W1/><G10/><T12/><D7/><U42/><E42/><V34/><F34/><W47/><G6/><T19/><D54/><U78/><E49/><V62/><F62/><W48/><G4/><T68/><D68/><U22/><E11/><V135/><F135/><W84/><G47/><T63/><D63/><U120/><E120/><V99/><F114/><N who="0" m="44138" /><D32/><U21/><E21/><AGARI ba="0,0" hai="5,8,12,19,21,25,93,95" m="44138,50187" machi="21" ten="30,1500,0" yaku="19,1" doraHai="134" who="0" fromWho="1" sc="289,15,183,-15,292,0,236,0" owari="304,40.0,168,-33.0,292,9.0,236,-16.0" /></mjloggm>