<mjloggm ver="2.3"><GO type="41" lobby="0"/><UN n0="%E2%93%9D%53%75%70%68%78" n1="%E3%81%B2%E3%81%94%E3%82%93%E3%81%9F" n2="%E5%AF%A6%E7%9B%9B%E4%BB%8A%E6%97%A5%E4%B8%80" n3="%E6%96%AD%E6%A9%9F%E4%B9%8B%E6%88%92" dan="18,14,13,13" rate="2133.19,1970.46,1878.41,1888.75" sx="M,M,M,M"/><TAIKYOKU oya="0"/><INIT seed="0,0,0,2,3,85" ten="250,250,250,250" oya="0" hai0="124,2,108,78,51,13,31,19,86,15,59,32,39" hai1="40,87,58,46,63,25,68,49,61,27,42,98,82" hai2="12,128,81,60,70,104,6,54,71,93,56,20,84" hai3="79,23,100,116,30,99,35,62,5,43,3,106,96"/><T134/><D2/><U53/><E98/><V17/><F104/><W36/><G116/><T83/><D39/><U48/><E42/><V114/><F114/><W14/><G79/><T130/><D130/><U22/><E68/><V47/><F128/><W112/><G112/><T9/><D134/><U0/><E0/><V105/><F105/><W41/><G62/><T7/><D124/><U94/><E94/><V115/><F115/><W57/><G57/><T72/><D108/><U50/><E63/><V117/><F117/><W10/><G96/><T21/><D32/><U118/><E118/><V4/><F71/><W74/><G74/><T103/><D31/><U113/><E113/><V16/><F70/><W37/><G43/><T24/><D72/><U29/><REACH who="1" step="1"/><E27/><REACH who="1" ten="250,240,250,250" step="2"/><V1/><F1/><W119/><G41/><T66/><D24/><U126/><E126/><V45/><F93/><W107/><G107/><T97/><D97/><U69/><E69/><V73/><F4/><W123/><G119/><T75/><D103/><U132/><E132/><V55/><F6/><W26/><G123/><T122/><D122/><U125/><E125/><V133/><F133/><W28/><G3/><T76/><D75/><U77/><AGARI ba="0,1" hai="22,25,29,40,46,48,49,50,53,58,61,77,82,87" machi="77" ten="20,5200,0" yaku="1,1,0,1,7,1,8,1,53,0" doraHai="85" doraHaiUra="65" who="1" fromWho="1" sc="250,-26,240,62,250,-13,250,-13" /><INIT seed="1,0,0,1,3,120" ten="224,302,237,237" oya="1" hai0="135,18,131,61,66,124,110,107,132,50,95,100,26" hai1="105,75,59,8,27,101,98,78,19,74,82,89,49" hai2="77,17,60,47,43,12,121,9,31,133,104,81,128" hai3="32,111,64,115,34,68,62,24,130,114,40,117,1"/><U127/><E127/><V38/><F104/><W71/><G40/><T122/><D107/><U55/><E89/><V90/><F121/><W56/><G1/><T67/><D122/><U16/><E74/><V21/><F128/><W123/><G130/><T3/><D3/><U14/><REACH who="1" step="1"/><E27/><REACH who="1" ten="224,292,237,237" step="2"/><V93/><F133/><W116/><G123/><T80/><D26/><U103/><E103/><V48/><F90/><W99/><G24/><T44/><D124/><U126/><E126/><V108/><F93/><W0/><G0/><T29/><D95/><U46/><E46/><V33/><F33/><W113/><G34/><T57/><D44/><U65/><E65/><V92/><F92/><W45/><G32/><T54/><D67/><U13/><E13/><V28/><F47/><W63/><G45/><T4/><D66/><U5/><AGARI ba="0,1" hai="5,8,14,16,19,49,55,59,75,78,82,98,101,105" machi="5" ten="20,7800,0" yaku="1,1,0,1,7,1,54,1,53,0" doraHai="120" doraHaiUra="134" who="1" fromWho="1" sc="224,-26,292,88,237,-26,237,-26" /><INIT seed="1,1,0,4,5,2" ten="198,380,211,211" oya="1" hai0="87,127,35,25,81,80,104,0,52,76,78,114,56" hai1="62,28,21,95,73,117,63,115,131,5,3,125,47" hai2="49,64,53,111,51,17,128,24,27,68,1,69,120" hai3="34,22,29,50,96,4,74,6,61,135,48,32,10"/><U113/><E117/><V110/><F1/><W88/><G74/><T54/><D114/><U97/><E125/><V31/><F120/><W85/><G34/><T112/><D112/><U133/><E133/><V65/><F31/><W126/><G126/><T39/><D127/><U9/><E131/><V8/><F8/><W134/><G32/><T92/><D104/><U16/><E28/><V19/><REACH who="2" step="1"/><F53/><REACH who="2" ten="198,380,201,211" step="2"/><W13/><G10/><T106/><D54/><U40/><E115/><V71/><F71/><W98/><G135/><T108/><D52/><U124/><E113/><V103/><F103/><W86/><G134/><T44/><D0/><U67/><E124/><V57/><F57/><W15/><G29/><T123/><D56/><U90/><E67/><V14/><F14/><W100/><G100/><T46/><D123/><U83/><E9/><V77/><F77/><W118/><G118/><T91/><D78/><U60/><E3/><V55/><F55/><W30/><G30/><T79/><D79/><U107/><E5/><V122/><F122/><W36/><G61/><T99/><D76/><U130/><E130/><AGARI ba="1,1" hai="17,19,24,27,49,51,64,65,68,69,110,111,128,130" machi="130" ten="25,3200,0" yaku="1,1,22,2,53,0" doraHai="2" doraHaiUra="38" who="2" fromWho="1" sc="198,0,380,-35,201,45,211,0" /><INIT seed="2,0,0,4,3,21" ten="198,345,246,211" oya="2" hai0="74,37,81,68,29,51,93,89,60,38,80,11,122" hai1="54,125,114,22,5,117,1,9,92,120,127,61,31" hai2="65,104,55,102,40,27,10,107,70,133,135,14,72" hai3="100,28,16,83,36,96,8,57,4,43,23,50,32"/><V84/><F72/><W58/><G83/><T97/><D122/><U105/><E120/><V87/><F40/><W3/><G36/><T0/><D51/><U2/><E114/><V59/><F70/><W42/><G42/><T62/><D29/><U109/><E117/><V7/><F65/><W128/><G128/><T63/><D68/><U134/><E109/><V116/><F116/><W18/><G18/><T12/><D0/><U110/><E110/><V67/><F67/><W25/><G50/><T35/><D35/><U86/><E134/><N who="2" m="51211" /><F27/><W17/><G17/><T13/><D13/><U48/><E105/><N who="2" m="40523" /><F102/><W45/><G45/><T108/><D108/><U19/><E31/><V75/><F75/><W56/><G43/><T15/><D15/><U95/><E61/><AGARI ba="0,0" hai="7,10,14,55,59,61,84,87" m="40523,51211" machi="61" ten="30,1500,0" yaku="20,1" doraHai="21" who="2" fromWho="1" sc="198,0,345,-15,246,15,211,0" /><INIT seed="2,1,0,4,1,88" ten="198,330,261,211" oya="2" hai0="133,127,121,51,91,131,123,125,100,95,72,29,48" hai1="50,113,120,69,21,30,110,56,102,126,5,128,28" hai2="71,35,61,31,80,87,4,97,104,106,0,78,17" hai3="108,18,109,33,25,54,66,41,59,83,40,44,67"/><V84/><F17/><W81/><G33/><T39/><D39/><U68/><E120/><N who="0" m="46153" /><D29/><U122/><E122/><V60/><F87/><W58/><G25/><T115/><D51/><U64/><E113/><V98/><F4/><W20/><G20/><T13/><D48/><U76/><E110/><N who="3" m="42602" /><G18/><T116/><D13/><U10/><E126/><N who="0" m="48137" /><D115/><U7/><E128/><V103/><F0/><W57/><G54/><T46/><D46/><U11/><E21/><V52/><F98/><W82/><G44/><T49/><D49/><U6/><E68/><V38/><F38/><W94/><G94/><T112/><D112/><U75/><E69/><V27/><F106/><W134/><G134/><T36/><D36/><U34/><E34/><V53/><REACH who="2" step="1"/><F60/><REACH who="2" ten="198,330,251,211" step="2"/><W129/><G129/><T26/><D131/><U86/><E86/><V19/><F19/><W22/><G22/><T8/><D133/><U12/><E75/><V70/><F70/><W47/><G47/><T1/><D72/><U119/><E5/><V105/><F105/><W89/><G89/><T77/><D91/><U117/><E6/><V15/><F15/><W118/><G118/><T9/><D116/><U85/><E12/><V73/><F73/><W90/><G90/><T132/><D132/><U63/><E7/><V55/><F55/><W96/><G96/><N who="0" m="59423" /><D1/><U42/><E119/><V124/><F124/><W111/><N who="3" m="42610" /><W23/><DORA hai="79" /><G23/><T93/><D93/><U114/><E117/><V101/><F101/><W135/><G135/><T14/><D14/><U43/><E102/><V99/><F99/><W45/><G45/><RYUUKYOKU ba="1,1" sc="198,-15,330,-15,251,15,211,15" hai2="27,31,35,52,53,61,71,78,80,84,97,103,104" hai3="40,41,57,58,59,66,67,81,82,83" /><INIT seed="2,2,1,3,5,119" ten="183,315,266,226" oya="2" hai0="56,32,7,67,120,104,124,105,28,2,10,38,43" hai1="27,72,58,91,103,90,127,130,110,93,41,71,133" hai2="128,22,115,88,26,75,97,40,65,23,126,52,77" hai3="101,21,8,74,48,106,60,121,84,78,44,29,100"/><V5/><F115/><W1/><G74/><T16/><D124/><U73/><E110/><V99/><F126/><W35/><G35/><T83/><D56/><U107/><E127/><V114/><F114/><W20/><G60/><T14/><D67/><U42/><E130/><V59/><F40/><W46/><G106/><T131/><D131/><U70/><E133/><V53/><F5/><W17/><G1/><T112/><D112/><U4/><E4/><V36/><F36/><W30/><G8/><T25/><D120/><U31/><E107/><V94/><F128/><W6/><G6/><T109/><D109/><U82/><E103/><V37/><F37/><W18/><G84/><T87/><D43/><U11/><E11/><V19/><F23/><W102/><G102/><T61/><D61/><U34/><E58/><V15/><F77/><W64/><G64/><T47/><D47/><U89/><E93/><V111/><F75/><W54/><G48/><T117/><D117/><U129/><E129/><V123/><F123/><W63/><G63/><T96/><D96/><U24/><E82/><V49/><F111/><W66/><G66/><T62/><D62/><U50/><E24/><V57/><F65/><W33/><G33/><T81/><D38/><U69/><REACH who="1" step="1"/><E42/><REACH who="1" ten="183,305,266,226" step="2"/><V68/><F68/><W95/><G95/><T134/><D134/><U76/><E76/><V80/><F80/><W108/><G108/><T113/><D113/><U125/><E125/><V3/><F3/><W92/><G92/><T135/><D135/><U122/><E122/><V118/><F118/><W12/><G121/><RYUUKYOKU ba="2,2" sc="183,-10,305,30,266,-10,226,-10" hai1="27,31,34,41,50,69,70,71,72,73,89,90,91" /><INIT seed="3,3,2,4,5,130" ten="173,335,256,216" oya="3" hai0="103,53,110,18,127,7,56,85,23,65,128,119,13" hai1="89,24,96,61,116,97,122,28,70,38,40,94,37" hai2="81,51,105,73,19,77,62,8,31,1,29,98,72" hai3="100,22,87,55,129,14,49,111,12,11,33,80,26"/><W92/><G129/><T44/><D119/><U112/><E122/><V83/><F62/><W21/><G33/><T99/><D128/><U113/><E116/><V10/><F98/><N who="3" m="59463" /><G111/><T102/><D127/><U79/><E79/><V123/><F123/><W32/><G32/><T125/><D110/><U108/><E108/><V109/><F105/><W63/><G63/><T93/><D125/><U4/><E4/><V66/><F66/><W133/><G133/><T95/><D7/><U57/><E70/><V86/><F109/><W126/><G126/><T135/><D65/><U2/><E2/><V107/><F107/><W101/><G101/><T47/><D135/><U118/><E97/><V50/><F10/><W115/><G115/><T69/><D69/><U82/><E82/><V48/><F72/><W59/><G26/><T46/><D103/><U124/><E124/><V35/><F35/><W75/><G75/><T52/><REACH who="0" step="1"/><D56/><REACH who="0" ten="163,335,256,216" step="2"/><U71/><E118/><V131/><F131/><W54/><G54/><T84/><D84/><U104/><E71/><V120/><F120/><W9/><G9/><T17/><D17/><U30/><E113/><V91/><REACH who="2" step="1"/><F19/><REACH who="2" ten="163,335,246,216" step="2"/><N who="3" m="8607" /><G14/><T42/><D42/><U41/><E40/><V132/><F132/><W25/><G25/><T6/><D6/><AGARI ba="3,4" hai="1,6,8,29,31,48,50,51,73,77,81,83,86,91" machi="6" ten="40,1300,0" yaku="1,1,53,0" doraHai="130" doraHaiUra="15" who="2" fromWho="0" sc="163,-22,335,0,246,62,216,0" /><INIT seed="4,0,0,4,2,61" ten="141,335,308,216" oya="0" hai0="47,94,106,1,55,79,69,96,116,71,16,53,13" hai1="17,73,74,20,114,31,108,102,76,32,4,29,57" hai2="101,22,27,0,44,56,23,48,41,84,80,124,62" hai3="40,34,111,18,8,128,65,6,100,109,113,99,72"/><T49/><D116/><U126/><E108/><V60/><F0/><W19/><G72/><T77/><D106/><U117/><E117/><V39/><F101/><W75/><G75/><T121/><D1/><U28/><E126/><V104/><F104/><W91/><G34/><T107/><D107/><U125/><E125/><V36/><F124/><W95/><G113/><T90/><D121/><U12/><E114/><V42/><F42/><W105/><G128/><T21/><REACH who="0" step="1"/><D55/><REACH who="0" ten="131,335,308,216" step="2"/><U122/><E122/><V127/><F127/><W82/><G111/><T118/><D118/><U26/><E32/><V9/><F41/><W110/><G109/><T67/><D67/><U37/><E74/><V15/><F36/><W54/><G110/><T45/><D45/><U135/><E73/><V93/><F39/><W50/><G40/><T85/><D85/><U112/><E37/><V134/><F44/><W58/><G65/><T10/><D10/><U59/><E112/><V119/><F119/><W81/><G105/><T115/><D115/><U35/><E35/><V120/><F120/><W43/><G43/><T46/><D46/><U86/><E86/><V70/><F9/><W64/><G64/><T63/><D63/><U30/><E20/><V24/><F62/><W97/><G97/><T130/><D130/><U92/><E135/><V83/><F134/><W5/><G8/><T131/><D131/><U14/><E4/><V25/><F60/><W66/><G66/><T133/><D133/><U38/><E38/><V98/><F23/><W7/><G7/><T87/><D87/><U129/><E129/><RYUUKYOKU ba="0,1" sc="131,30,335,-10,308,-10,216,-10" hai0="13,16,21,47,49,53,69,71,77,79,90,94,96" /><INIT seed="4,1,1,2,3,121" ten="161,325,298,206" oya="0" hai0="14,62,2,6,79,70,105,9,8,27,133,90,135" hai1="65,64,33,22,66,126,42,50,23,120,109,54,73" hai2="4,114,37,67,26,106,0,20,112,5,58,49,92" hai3="99,63,56,21,131,94,74,69,97,88,110,77,30"/><T12/><D105/><U98/><E120/><V55/><F37/><W31/><G69/><T91/><D79/><U46/><E126/><V123/><F123/><W85/><G131/><T59/><D70/><U128/><E128/><V95/><F106/><W40/><G40/><T129/><D129/><U101/><E73/><V107/><F107/><W3/><G3/><T19/><D27/><U96/><E33/><V125/><F125/><W93/><G110/><T48/><D48/><N who="1" m="26711" /><E109/><V61/><F0/><W52/><G74/><T1/><D1/><U104/><E104/><V44/><F4/><W17/><G77/><T118/><D2/><U111/><E111/><V35/><F35/><W36/><G36/><T84/><D118/><U113/><E113/><N who="2" m="43627" /><F5/><W78/><G78/><T124/><D124/><U10/><E10/><V51/><F51/><W43/><G43/><T60/><D60/><U45/><E101/><V11/><F11/><W89/><G85/><T119/><D119/><U53/><E54/><V130/><F130/><W13/><AGARI ba="1,1" hai="13,17,21,30,31,52,56,63,88,89,93,94,97,99" machi="13" ten="20,12000,2" yaku="0,1,7,1,9,1,8,1,54,2" doraHai="121" who="3" fromWho="3" sc="161,-61,325,-31,298,-31,206,133" /><INIT seed="5,0,0,2,3,39" ten="100,294,267,339" oya="1" hai0="21,58,59,96,89,87,122,2,13,16,23,20,88" hai1="19,4,107,12,48,94,5,73,33,112,84,31,62" hai2="24,86,3,7,92,47,82,108,0,114,105,80,52" hai3="125,132,128,9,117,10,135,85,45,133,57,98,44"/><U109/><E109/><V126/><F105/><W42/><G117/><T14/><D2/><U115/><E107/><V123/><F123/><W71/><G71/><T72/><D72/><U30/><E73/><V93/><F108/><W75/><G75/><T121/><D96/><U77/><E62/><V64/><F64/><W60/><G98/><T131/><D131/><U46/><E77/><V127/><F24/><W37/><G85/><T22/><D14/><U119/><E84/><V29/><F29/><N who="1" m="10761" /><E94/><V53/><F7/><N who="1" m="2633" /><E48/><V66/><F66/><W102/><G102/><T8/><N who="0" m="5376" /><DORA hai="130" /><T43/><D43/><U18/><E46/><V113/><F47/><W63/><G128/><T17/><D17/><N who="1" m="6155" /><E119/><V65/><F65/><N who="3" m="39055" /><G63/><T51/><D51/><U40/><E40/><V28/><F28/><W38/><G38/><T103/><D103/><U56/><E56/><V32/><F86/><W100/><G100/><T35/><D59/><U74/><E74/><V6/><F6/><W97/><G97/><T116/><D58/><U101/><E101/><V104/><REACH who="2" step="1"/><F104/><REACH who="2" ten="100,294,257,339" step="2"/><W70/><G45/><T124/><D116/><U61/><E12/><V129/><F129/><W67/><G67/><T76/><D87/><U90/><E33/><AGARI ba="0,1" hai="0,3,32,33,52,53,80,82,92,93,113,114,126,127" machi="33" ten="25,12000,2" yaku="1,1,22,2,54,1,53,2" doraHai="39,130" doraHaiUra="54,34" who="2" fromWho="1" sc="100,0,294,-120,257,130,339,0" /><INIT seed="6,0,0,5,2,72" ten="100,174,387,339" oya="2" hai0="78,124,5,18,106,76,84,12,7,63,9,3,131" hai1="17,44,77,116,129,69,34,30,33,117,0,53,15" hai2="86,14,74,10,97,94,2,127,36,112,123,66,128" hai3="21,24,22,52,113,132,11,1,80,95,96,26,108"/><V126/><F123/><W32/><G108/><T50/><D106/><U41/><E69/><V67/><F74/><W59/><G132/><T62/><D131/><U20/><E129/><V35/><F35/><W122/><G122/><T93/><D124/><N who="2" m="47658" /><F36/><W109/><G109/><T100/><D3/><U99/><E53/><V54/><F2/><W125/><G125/><T37/><D37/><U107/><E0/><V57/><F128/><W70/><G70/><T43/><D7/><U110/><E110/><V134/><F134/><W29/><G113/><T60/><D18/><U120/><E120/><V27/><F27/><W68/><G68/><T65/><D65/><U48/><E77/><N who="0" m="29801" /><D100/><U58/><E30/><V87/><F112/><W49/><G80/><T101/><D101/><U115/><E115/><V98/><F94/><W102/><G24/><T46/><D93/><U75/><E75/><V79/><F79/><W133/><G133/><T40/><D84/><N who="2" m="32298" /><F67/><W8/><G1/><T81/><D81/><U90/><E107/><V38/><F38/><W121/><G121/><T47/><D47/><U71/><E34/><V45/><F45/><W13/><G8/><T16/><D5/><AGARI ba="0,0" hai="5,11,13,21,22,26,29,32,49,52,59,95,96,102" machi="5" ten="30,2000,0" yaku="7,1,54,1" doraHai="72" who="3" fromWho="0" sc="100,-20,174,0,387,0,339,20" /><INIT seed="7,0,0,2,2,114" ten="80,174,387,359" oya="3" hai0="90,66,81,89,65,42,47,93,11,30,2,34,84" hai1="124,24,13,35,95,109,91,133,72,7,57,82,68" hai2="0,53,115,4,121,126,88,122,31,60,86,1,64" hai3="67,112,45,27,62,135,106,125,49,18,20,14,98"/><W97/><G112/><T43/><D34/><U79/><E68/><V52/><F31/><W51/><G125/><T32/><D32/><U23/><E109/><V46/><F115/><W99/><G135/><T113/><D113/><U12/><E133/><V134/><F134/><W105/><G49/><T102/><D30/><U63/><E124/><V94/><F126/><W39/><G39/><T74/><D74/><U129/><E7/><V8/><F1/><W127/><G127/><T70/><D102/><U48/><E48/><V128/><F128/><W100/><G106/><T80/><D70/><U17/><E35/><V33/><F33/><W132/><G132/><T103/><D103/><U131/><E131/><V75/><F75/><W110/><G110/><T21/><D2/><U44/><E44/><V59/><REACH who="2" step="1"/><F46/><REACH who="2" ten="80,174,377,359" step="2"/><W54/><REACH who="3" step="1"/><G27/><REACH who="3" ten="80,174,377,349" step="2"/><T6/><D47/><U116/><E129/><V26/><F26/><W9/><G9/><T120/><D11/><U118/><E24/><V117/><F117/><W73/><G73/><T78/><D120/><AGARI ba="0,2" hai="0,4,8,52,53,59,60,64,86,88,94,120,121,122" machi="120" ten="40,12000,2" yaku="1,1,13,1,54,2,53,2" doraHai="114" doraHaiUra="50" who="2" fromWho="0" sc="80,-120,174,0,377,140,349,0" owari="-40,-54.0,174,-23.0,517,62.0,349,15.0" /></mjloggm>