<mjloggm ver="2.3"><GO type="41" lobby="0"/><UN n0="%E2%93%9D%53%75%70%68%78" n1="%32%77%69%6E%67%73" n2="%E3%82%AB%E3%82%AA%E3%82%B9%E3%83%89%E3%83%A9%E3%82%B4%E3%83%B3" n3="%E3%83%9D%E3%83%B3%E3%82%B3%E3%83%84%E3%82%82%E3%81%B6" dan="17,14,14,13" rate="2032.39,1920.92,1880.82,1827.60" sx="M,M,M,F"/><TAIKYOKU oya="0"/><INIT seed="0,0,0,0,2,44" ten="250,250,250,250" oya="0" hai0="14,118,83,63,99,5,90,31,122,75,82,20,1" hai1="40,111,106,28,32,17,67,8,129,116,27,16,19" hai2="128,126,47,119,114,62,74,87,93,94,101,15,60" hai3="36,3,29,66,12,95,24,98,124,135,69,134,57"/><T39/><D118/><U4/><E116/><V11/><F114/><W133/><G3/><T103/><D39/><U50/><E106/><V131/><F74/><W30/><G36/><T121/><D1/><U33/><E67/><V26/><F119/><W110/><G69/><T10/><D83/><U91/><E111/><V49/><F126/><W81/><G81/><T104/><D63/><U71/><E71/><V61/><F26/><W18/><G110/><T117/><D117/><U120/><E91/><V86/><F94/><W78/><G78/><T109/><D109/><U125/><E125/><V23/><F23/><W102/><G124/><T59/><D59/><U37/><E37/><V79/><F79/><W2/><G2/><T45/><D45/><U96/><E96/><N who="2" m="59535" /><F131/><W35/><G35/><T89/><D75/><U107/><E107/><V7/><F128/><W13/><G18/><T105/><D105/><U112/><E129/><V64/><F64/><W72/><G72/><T58/><D82/><U123/><E33/><V51/><F51/><W55/><G29/><T46/><D90/><U97/><E50/><V88/><F88/><W132/><G132/><T108/><D89/><U22/><E112/><V21/><F21/><N who="3" m="15631" /><G55/><AGARI ba="0,0" hai="7,11,15,47,49,55,60,61,62,86,87" m="59535" machi="55" ten="30,2000,0" yaku="8,1,52,1" doraHai="44" who="2" fromWho="3" sc="250,0,250,0,250,20,250,-20" /><INIT seed="1,0,0,4,2,83" ten="250,250,270,230" oya="1" hai0="117,39,119,25,81,7,6,56,90,19,1,42,47" hai1="8,27,64,123,118,10,104,75,34,128,97,4,113" hai2="67,101,68,77,51,13,91,115,93,127,36,46,9" hai3="17,60,5,48,18,106,89,11,88,86,72,62,98"/><U78/><E118/><V95/><F127/><W40/><G72/><T59/><D119/><U54/><E123/><V2/><F2/><W87/><G106/><T131/><D131/><U71/><E128/><V84/><F36/><W125/><G125/><T29/><D19/><U57/><E113/><V45/><F115/><W130/><G98/><T66/><D117/><U114/><E114/><V96/><F77/><W43/><G5/><T70/><D70/><U37/><E37/><V126/><F126/><W108/><G130/><T133/><D133/><U31/><E64/><V26/><F26/><W32/><G32/><T110/><D110/><U69/><E8/><V49/><F68/><W50/><REACH who="3" step="1"/><G11/><REACH who="3" ten="250,250,270,220" step="2"/><T73/><D7/><U20/><E10/><V111/><F111/><AGARI ba="0,1" hai="17,18,40,43,48,50,60,62,86,87,88,89,108,111" machi="111" ten="25,12000,2" yaku="1,1,2,1,22,2,52,2,54,1,53,0" doraHai="83" doraHaiUra="116" who="3" fromWho="2" sc="250,0,250,0,270,-120,220,130" /><INIT seed="2,0,0,2,2,33" ten="250,250,150,350" oya="2" hai0="12,23,5,87,59,27,106,94,55,112,20,37,48" hai1="29,79,96,54,93,80,34,110,30,10,64,81,19" hai2="83,71,125,90,109,123,14,89,99,88,121,104,11" hai3="38,91,107,7,36,2,43,117,85,25,24,52,120"/><V13/><F71/><W50/><G120/><T113/><D106/><U131/><E110/><V26/><F125/><W31/><G107/><T69/><D37/><U8/><E131/><V51/><F109/><W118/><G25/><T68/><D68/><U6/><E19/><V72/><F26/><W22/><G43/><T75/><D75/><U41/><E8/><V67/><F67/><W134/><G134/><T35/><D35/><U15/><E64/><V39/><F39/><W116/><G7/><T47/><D69/><U74/><E41/><V84/><F14/><W56/><G2/><T132/><D132/><U95/><E81/><V57/><F72/><W17/><G31/><T115/><D47/><U108/><E108/><V86/><F104/><W16/><REACH who="3" step="1"/><G17/><REACH who="3" ten="250,250,150,340" step="2"/><T129/><D27/><U97/><E30/><V135/><F135/><W62/><G62/><T61/><D61/><U66/><E29/><V4/><F123/><W103/><G103/><T63/><D63/><U133/><E133/><V65/><F121/><W130/><G130/><T1/><D129/><U114/><E6/><V58/><F51/><W21/><G21/><T3/><D23/><U18/><E18/><V32/><F32/><W127/><G127/><T28/><D28/><U100/><E34/><V49/><F49/><W40/><G40/><T60/><D60/><U45/><E100/><V105/><F65/><W128/><G128/><T53/><D20/><U42/><E66/><V111/><F111/><W76/><G76/><T122/><D122/><U92/><E79/><V119/><F105/><W77/><G77/><RYUUKYOKU ba="0,1" sc="250,-10,250,-10,150,-10,340,30" hai3="16,22,24,36,38,50,52,56,85,91,116,117,118" /><INIT seed="3,1,1,1,3,63" ten="240,240,140,370" oya="3" hai0="94,48,107,67,86,45,27,25,23,82,29,17,30" hai1="70,115,12,101,65,20,36,56,6,96,103,123,83" hai2="78,22,51,40,104,88,24,99,134,62,95,3,19" hai3="60,106,109,52,72,91,114,74,126,90,84,4,129"/><W42/><G106/><T37/><D107/><U111/><E123/><V80/><F134/><W92/><G114/><T89/><D37/><U33/><E115/><V110/><F110/><W125/><G42/><T102/><D67/><U87/><E70/><V34/><F3/><W127/><G4/><T10/><D10/><U66/><E33/><V55/><F34/><W85/><G52/><N who="0" m="29711" /><D27/><U28/><E36/><V7/><F7/><W0/><G60/><T49/><D49/><U68/><E68/><V16/><F104/><W100/><G0/><T58/><D58/><U47/><E47/><V93/><F93/><W54/><G54/><T117/><D117/><U81/><E111/><V21/><F40/><W122/><G122/><T2/><D2/><U118/><E118/><V59/><F51/><W113/><G113/><T75/><D75/><U53/><E6/><V31/><REACH who="2" step="1"/><F22/><REACH who="2" ten="240,240,130,370" step="2"/><W57/><G109/><T69/><D69/><U97/><E20/><V121/><F121/><W73/><G92/><T26/><D26/><U124/><E83/><V43/><F43/><W128/><G128/><T38/><D38/><U8/><E81/><V50/><F50/><W39/><G129/><T35/><D35/><U131/><E131/><V64/><F64/><W105/><G39/><T18/><D30/><U76/><E28/><V11/><F11/><W116/><G105/><T61/><D61/><U14/><E66/><V98/><F98/><AGARI ba="1,2" hai="17,18,23,25,29,82,86,89,94,98,102" m="29711" machi="98" ten="30,2000,0" yaku="8,1,54,1" doraHai="63" who="0" fromWho="2" sc="240,43,240,0,130,-23,370,0" /><INIT seed="4,0,0,2,1,16" ten="283,240,107,370" oya="0" hai0="84,104,87,96,93,10,42,29,133,1,70,22,13" hai1="5,82,6,62,68,43,64,55,60,130,77,126,21" hai2="19,102,63,100,48,108,33,40,61,41,9,109,49" hai3="11,12,74,76,34,20,128,94,78,44,18,71,37"/><T122/><D122/><U51/><E126/><V123/><F19/><W80/><G71/><T46/><D104/><U129/><E43/><V67/><F9/><W26/><G128/><N who="1" m="49258" /><E60/><V36/><F33/><W75/><G34/><T105/><D105/><U101/><E101/><V89/><F89/><W23/><G37/><T32/><D133/><U56/><E21/><V59/><F59/><W115/><G44/><T47/><D32/><U50/><E50/><V98/><F98/><W95/><G115/><T4/><D70/><U57/><E68/><V118/><F36/><W116/><G116/><T79/><D1/><U121/><E121/><V58/><F58/><W112/><G112/><T131/><D131/><U72/><AGARI ba="0,0" hai="5,6,51,55,56,57,62,64,72,77,82" m="49258" machi="72" ten="30,1100,0" yaku="19,1" doraHai="16" who="1" fromWho="1" sc="283,-5,240,11,107,-3,370,-3" /><INIT seed="5,0,0,3,2,107" ten="278,251,104,367" oya="1" hai0="0,53,4,70,6,92,85,120,89,63,68,99,10" hai1="122,49,28,102,133,119,88,131,105,24,103,48,86" hai2="123,37,101,97,44,57,84,41,45,134,29,113,87" hai3="73,67,90,112,17,75,18,83,46,111,26,25,8"/><U128/><E122/><V38/><F123/><W16/><G67/><T7/><D120/><U3/><E119/><V110/><F110/><W76/><G111/><T118/><D118/><U20/><E3/><V50/><F134/><W109/><G109/><T124/><D124/><U79/><E133/><V2/><F2/><W71/><G71/><T95/><D70/><U98/><E79/><V66/><F113/><W81/><G112/><T54/><D68/><U34/><E103/><V82/><F29/><W100/><G100/><T36/><D36/><U22/><E22/><V9/><F9/><W104/><G104/><T51/><D63/><U40/><E34/><V39/><F45/><W64/><G64/><T62/><D62/><U130/><REACH who="1" step="1"/><E40/><REACH who="1" ten="278,241,104,367" step="2"/><V14/><F41/><W117/><G117/><T55/><D0/><U78/><E78/><V13/><F101/><W132/><G132/><T58/><D10/><U27/><E27/><V21/><F21/><W59/><G76/><T52/><D99/><U65/><E65/><V96/><F13/><W94/><G8/><T30/><REACH who="0" step="1"/><D30/><REACH who="0" ten="268,241,104,367" step="2"/><U69/><E69/><V114/><F96/><W12/><G25/><T1/><D1/><U91/><E91/><V116/><F97/><W135/><G90/><T5/><D5/><U115/><E115/><V33/><F114/><W56/><G26/><T121/><D121/><U11/><E11/><V23/><F116/><W129/><G135/><T72/><D72/><U42/><E42/><V74/><F74/><W106/><G75/><T31/><D31/><U15/><E15/><V93/><F14/><RYUUKYOKU ba="0,2" sc="268,15,241,15,104,-15,367,-15" hai0="4,6,7,51,52,53,54,55,58,85,89,92,95" hai1="20,24,28,48,49,86,88,98,102,105,128,130,131" /><INIT seed="5,1,2,5,2,43" ten="283,256,89,352" oya="1" hai0="116,129,77,111,114,5,74,110,65,55,8,4,123" hai1="105,128,130,46,119,25,58,0,33,118,89,70,49" hai2="121,91,81,30,26,109,87,83,18,88,60,102,39" hai3="9,40,127,86,31,36,82,20,17,76,32,103,72"/><U29/><E70/><V14/><F121/><W75/><G103/><T34/><D65/><U7/><E105/><V126/><F126/><W11/><G11/><T68/><D116/><U94/><E58/><V64/><F109/><W112/><G127/><T19/><D34/><U78/><E78/><V50/><F39/><W23/><G32/><T51/><D129/><N who="1" m="49771" /><E7/><V134/><F134/><W122/><G122/><T71/><D123/><U62/><E62/><V100/><F50/><W133/><G9/><T10/><D77/><U117/><E0/><V85/><F26/><W38/><G38/><T101/><D74/><U45/><E49/><V79/><F30/><W104/><G31/><T106/><D106/><U108/><E108/><V66/><F79/><W56/><G104/><T96/><D71/><U98/><AGARI ba="1,2" hai="25,29,33,45,46,89,94,98,117,118,119" m="49771" machi="98" ten="40,7800,0" yaku="19,1,52,2" doraHai="43" who="1" fromWho="1" sc="283,-27,256,101,89,-27,352,-27" /><INIT seed="5,2,0,1,0,73" ten="256,357,62,325" oya="1" hai0="122,100,10,47,34,84,105,45,23,17,27,55,49" hai1="99,24,28,39,8,117,102,11,135,115,112,67,80" hai2="56,3,79,86,83,32,72,107,16,12,33,93,36" hai3="35,62,75,48,69,71,19,119,127,58,2,124,131"/><U38/><E117/><V54/><F3/><W66/><G2/><T104/><D122/><U15/><E135/><V130/><F36/><W94/><G35/><T113/><D113/><N who="1" m="43595" /><E67/><V41/><F41/><W0/><G0/><T77/><D34/><N who="1" m="20743" /><E80/><V106/><F130/><W114/><G119/><T40/><D100/><U91/><E91/><V14/><F14/><W92/><G69/><T116/><D116/><U129/><E129/><V133/><F133/><W63/><G71/><T74/><D74/><U76/><E76/><V65/><F65/><W118/><G66/><T70/><D70/><U18/><E8/><V5/><F5/><W9/><G9/><T121/><D121/><U96/><E96/><V43/><F43/><W101/><G118/><T46/><D10/><U108/><E108/><V134/><F134/><W4/><G114/><T82/><REACH who="0" step="1"/><D40/><REACH who="0" ten="246,357,62,325" step="2"/><U64/><E64/><V21/><F33/><W103/><G131/><T87/><D87/><U29/><E29/><V57/><F32/><W68/><G75/><T50/><D50/><U20/><E11/><V126/><F72/><W1/><G68/><T26/><D26/><U123/><E123/><V89/><F86/><W78/><G101/><T52/><D52/><U22/><E22/><V125/><F54/><W53/><G103/><T6/><D6/><U109/><E109/><V44/><F21/><W7/><G53/><T51/><D51/><U111/><E111/><V61/><F61/><W120/><G48/><T37/><D37/><U85/><E85/><V59/><F12/><W97/><G62/><T25/><D25/><RYUUKYOKU ba="2,1" sc="246,15,357,15,62,-15,325,-15" hai0="17,23,27,45,46,47,49,55,77,82,84,104,105" hai1="15,18,20,38,39,99,102" /><INIT seed="5,3,1,5,1,105" ten="261,372,47,310" oya="1" hai0="25,37,22,77,23,62,110,133,6,129,89,3,81" hai1="131,45,31,114,24,59,72,111,127,43,103,115,58" hai2="52,10,96,68,38,101,1,84,7,76,87,19,4" hai3="73,75,50,104,29,97,53,27,122,78,60,49,99"/><U44/><E72/><V70/><F38/><W40/><G122/><T123/><D110/><U20/><E127/><V124/><F124/><W85/><G104/><T82/><D37/><U55/><E131/><V98/><F7/><W35/><G85/><T9/><D129/><U132/><E111/><V125/><F125/><W33/><G78/><T109/><D109/><U61/><E132/><V128/><F128/><W17/><G35/><T71/><D133/><U107/><E59/><V13/><F98/><W42/><G60/><T74/><D123/><U69/><E69/><V30/><F30/><W21/><G99/><T95/><D82/><U102/><E107/><V116/><F116/><W46/><G97/><T106/><D106/><U121/><E121/><V36/><F36/><W47/><G53/><T67/><REACH who="0" step="1"/><D25/><AGARI ba="3,1" hai="17,21,25,27,29,33,40,42,46,47,49,50,73,75" machi="25" ten="30,7700,0" yaku="7,1,9,1,52,2" doraHai="105" who="3" fromWho="0" sc="261,-86,372,0,47,0,310,96" /><INIT seed="6,0,0,2,1,133" ten="175,372,47,406" oya="2" hai0="22,101,56,3,103,59,30,32,134,117,111,71,65" hai1="127,49,2,131,27,58,91,34,52,90,130,75,93" hai2="86,1,47,72,135,38,74,35,110,13,14,24,94" hai3="10,84,87,102,99,4,19,40,63,29,107,89,57"/><V96/><F1/><W7/><G29/><T21/><D111/><U80/><E2/><V73/><F135/><W18/><G40/><T79/><D134/><U118/><E118/><V23/><F35/><W42/><G42/><T8/><D79/><U60/><E127/><V123/><F123/><W113/><G4/><T16/><D71/><U68/><E34/><V108/><F86/><W82/><G84/><T62/><D117/><U44/><E27/><V54/><F38/><W48/><G48/><T77/><D77/><U5/><E5/><V41/><F54/><W25/><G25/><N who="0" m="16687" /><D3/><U128/><E75/><V98/><F47/><W53/><G113/><T11/><D59/><U85/><E68/><V45/><F45/><W31/><G31/><T126/><D126/><U76/><REACH who="1" step="1"/><E93/><REACH who="1" ten="175,362,47,406" step="2"/><V64/><F41/><AGARI ba="0,1" hai="41,44,49,52,58,60,76,80,85,90,91,128,130,131" machi="41" ten="40,8000,1" yaku="1,1,2,1,19,1,54,1,53,0" doraHai="133" doraHaiUra="33" who="1" fromWho="2" sc="175,0,362,90,47,-80,406,0" owari="175,-22.0,452,54.0,-33,-53.0,406,21.0" /></mjloggm>