<mjloggm ver="2.3"><GO type="41" lobby="0"/><UN n0="%E2%93%9D%53%75%70%68%78" n1="%E3%83%89%E3%83%A9%E3%82%B4%E3%83%B3%31%30%32%36" n2="%42%4F%55%52%42%4F%4E" n3="%EF%BC%8A%E7%B4%97%E5%BC%A5%E8%8F%AF%EF%BC%8A" dan="17,15,13,16" rate="2048.75,1946.59,1904.00,2115.54" sx="M,M,M,F"/><TAIKYOKU oya="0"/><INIT seed="0,0,0,2,2,22" ten="250,250,250,250" oya="0" hai0="97,2,86,56,6,1,122,90,48,113,128,81,98" hai1="50,85,108,52,109,63,35,43,16,47,42,33,75" hai2="112,127,132,58,106,40,80,114,4,96,133,20,46" hai3="36,111,68,59,5,15,84,39,60,28,103,110,91"/><T72/><D113/><U25/><E75/><V51/><F127/><W37/><G68/><T102/><D122/><U13/><E85/><V82/><F4/><W104/><G28/><T125/><D128/><U18/><E63/><V67/><F20/><W73/><G73/><T89/><D125/><U70/><E70/><V54/><F67/><W62/><G103/><T99/><D72/><U126/><E126/><V26/><F106/><W17/><G5/><T44/><D102/><U65/><E33/><V134/><F96/><W30/><G104/><T3/><D56/><U79/><E79/><V71/><F71/><W21/><G30/><T55/><REACH who="0" step="1"/><D6/><REACH who="0" ten="240,250,250,250" step="2"/><U115/><E115/><V94/><F112/><W38/><N who="3" m="9216" /><DORA hai="117" /><W131/><G131/><T32/><D32/><U101/><E35/><V87/><F114/><W19/><G19/><T100/><D100/><U107/><E101/><V10/><F132/><W119/><G119/><T14/><D14/><U95/><E13/><V129/><F129/><W121/><G121/><T88/><AGARI ba="0,1" hai="1,2,3,44,48,55,81,86,88,89,90,97,98,99" machi="88" ten="40,7800,0" yaku="1,1,0,1,54,1,53,0" doraHai="22,117" doraHaiUra="24,135" who="0" fromWho="0" sc="240,88,250,-26,250,-26,250,-26" /><INIT seed="0,1,0,4,3,80" ten="328,224,224,224" oya="0" hai0="107,69,67,82,95,88,2,34,54,96,42,93,47" hai1="106,25,108,127,100,7,85,16,81,111,102,114,89" hai2="46,49,56,125,126,86,36,48,30,84,75,20,78" hai3="10,135,120,110,76,121,90,83,57,71,43,101,66"/><T40/><D2/><U24/><E7/><V58/><F36/><W23/><G71/><T128/><D107/><U52/><E114/><V28/><F75/><W44/><G101/><T134/><D34/><U87/><E127/><N who="2" m="48651" /><F78/><W38/><G110/><N who="1" m="42026" /><E106/><V14/><F14/><W55/><G66/><T39/><D128/><U8/><E102/><V97/><F97/><W65/><G65/><T123/><D134/><U72/><E72/><V26/><F30/><W109/><G109/><T19/><D123/><U74/><E100/><V27/><F27/><N who="1" m="10313" /><E89/><V21/><F21/><W15/><G23/><T116/><D88/><U32/><E32/><V53/><F58/><W17/><G90/><T50/><D69/><U11/><E74/><V4/><F4/><W9/><G135/><T37/><D96/><U103/><E81/><V122/><F122/><W131/><G131/><T29/><D82/><U5/><E103/><V105/><F105/><W63/><REACH who="3" step="1"/><G10/><REACH who="3" ten="328,224,224,214" step="2"/><T130/><D130/><U31/><E8/><V1/><F1/><W115/><G115/><T18/><D95/><U68/><E68/><V6/><F6/><W35/><G35/><T104/><D93/><U51/><E5/><V119/><F119/><W61/><G61/><T132/><D116/><U22/><E11/><V92/><F92/><W98/><G98/><T62/><D104/><U13/><E31/><V117/><F117/><W79/><G79/><T118/><D29/><U112/><E112/><V0/><F0/><W77/><G77/><T33/><D118/><U91/><E91/><V64/><F64/><W3/><G3/><RYUUKYOKU ba="1,1" sc="328,-30,224,10,224,10,214,10" hai1="13,16,22,51,52,85,87" hai2="20,26,28,46,48,49,53,56,84,86" hai3="9,15,17,38,43,44,55,57,63,76,83,120,121" /><INIT seed="1,2,1,1,3,52" ten="298,234,234,224" oya="1" hai0="34,24,66,126,62,118,80,129,128,0,134,97,94" hai1="103,81,85,14,26,99,130,64,69,88,116,33,21" hai2="122,54,41,51,76,59,18,87,111,120,35,108,119" hai3="78,132,44,96,27,5,6,25,16,38,70,56,104"/><U30/><E116/><V8/><F119/><W23/><G70/><T77/><D118/><U10/><E130/><N who="0" m="50281" /><D0/><U40/><E69/><V83/><F35/><W1/><G132/><T127/><D24/><U60/><E40/><V75/><F41/><W95/><G104/><T105/><D34/><U58/><E33/><V135/><F135/><W31/><G78/><T92/><D62/><U12/><REACH who="1" step="1"/><E10/><REACH who="1" ten="298,224,234,224" step="2"/><V109/><F75/><W131/><G131/><T115/><D134/><U65/><E65/><V91/><F76/><W45/><G38/><T112/><D66/><U72/><E72/><V50/><F122/><W15/><G1/><T42/><D42/><U71/><E71/><V55/><F120/><W19/><G6/><T101/><D115/><U114/><E114/><V106/><F8/><W89/><G5/><T90/><D112/><U36/><E36/><V57/><F18/><W121/><G121/><T2/><D2/><U93/><AGARI ba="2,2" hai="12,14,21,26,30,58,60,64,81,85,88,93,99,103" machi="93" ten="20,24000,3" yaku="1,1,0,1,7,1,25,2,8,1,52,1,54,1,53,0" doraHai="52" doraHaiUra="123" who="1" fromWho="1" sc="298,-82,224,266,234,-82,224,-82" /><INIT seed="1,3,0,3,1,14" ten="216,490,152,142" oya="1" hai0="120,99,124,45,110,82,105,102,123,56,58,66,119" hai1="68,132,71,65,23,31,7,80,47,0,52,96,77" hai2="109,59,103,4,24,106,37,61,41,114,3,44,22" hai3="46,86,53,18,10,125,29,25,97,69,5,33,26"/><U94/><E132/><V73/><F109/><W107/><G69/><T12/><D119/><U20/><E0/><V54/><F114/><W90/><G125/><T8/><D110/><U42/><E7/><V55/><F73/><W60/><G97/><T34/><D34/><U38/><E71/><V122/><F122/><N who="0" m="46634" /><D66/><U100/><E31/><V92/><F106/><W40/><G107/><T78/><D45/><U49/><E65/><V126/><F126/><W57/><G26/><T89/><D89/><U67/><E68/><V50/><F3/><W85/><G90/><T16/><D124/><U72/><REACH who="1" step="1"/><E67/><REACH who="1" ten="216,480,152,142" step="2"/><V19/><F4/><W129/><G5/><T87/><AGARI ba="3,1" hai="8,12,16,56,58,78,82,87,99,102,105" m="46634" machi="87" ten="30,4000,0" yaku="13,1,52,1,54,1" doraHai="14" who="0" fromWho="0" sc="216,59,480,-23,152,-13,142,-13" /><INIT seed="2,0,0,4,0,72" ten="275,457,139,129" oya="2" hai0="28,29,122,59,44,38,33,87,6,45,96,109,36" hai1="7,22,116,41,35,39,125,24,63,76,81,50,23" hai2="34,123,80,62,119,15,103,31,32,47,124,94,99" hai3="82,110,9,106,55,69,97,130,40,17,10,92,53"/><V98/><F123/><W112/><G106/><T51/><D109/><U18/><E116/><V48/><F119/><W79/><G110/><T26/><D6/><U27/><E35/><V91/><F124/><W2/><G69/><T113/><D96/><U93/><E7/><V114/><F114/><W102/><G112/><T128/><D128/><U57/><E125/><V135/><F135/><W105/><G130/><T70/><D87/><N who="1" m="48551" /><E39/><V133/><F133/><W61/><G2/><T83/><D59/><U13/><E93/><V67/><F15/><W73/><G40/><T100/><D51/><U64/><E22/><V78/><F31/><W54/><G61/><T107/><D29/><U88/><E88/><V58/><F99/><W5/><G5/><T56/><D28/><U71/><E71/><V121/><F103/><W77/><G17/><T95/><D100/><U84/><E84/><V30/><F30/><W126/><G126/><T115/><D70/><U127/><E127/><V42/><REACH who="2" step="1"/><F121/><REACH who="2" ten="275,457,129,129" step="2"/><W104/><G104/><T8/><D107/><U49/><E13/><V1/><F1/><W65/><G105/><T117/><D122/><U101/><E101/><V66/><F66/><W89/><G65/><T4/><D117/><U131/><E131/><V75/><AGARI ba="0,1" hai="32,34,42,47,48,58,62,67,75,78,80,91,94,98" machi="75" ten="20,7800,0" yaku="1,1,0,1,7,1,52,1,53,0" doraHai="72" doraHaiUra="16" who="2" fromWho="2" sc="275,-26,457,-26,129,88,129,-26" /><INIT seed="2,1,0,4,1,119" ten="249,431,217,103" oya="2" hai0="63,126,79,60,112,24,8,100,128,7,95,1,111" hai1="30,15,106,29,16,77,44,34,54,117,21,18,48" hai2="3,45,37,12,103,64,102,76,125,120,56,98,130" hai3="84,31,5,123,69,94,134,131,50,93,92,70,6"/><V43/><F3/><W87/><G31/><T118/><D112/><U65/><E106/><V14/><F130/><W72/><G72/><T0/><D79/><U13/><E34/><V32/><F32/><W115/><G131/><T49/><D126/><U109/><E117/><V113/><F113/><W73/><G73/><T82/><D82/><U101/><E101/><V105/><F125/><W62/><G115/><T80/><D80/><U51/><E77/><V91/><F76/><W89/><G134/><T2/><D111/><U25/><E109/><V96/><F91/><W127/><G127/><T110/><D49/><U85/><E65/><V59/><F120/><W68/><G62/><T90/><D100/><U53/><E85/><N who="3" m="32842" /><G50/><T57/><D63/><U121/><E25/><V55/><F64/><W20/><G20/><T46/><D118/><U28/><E121/><V41/><F41/><W26/><G26/><T35/><D110/><U75/><E75/><V108/><F108/><W122/><G89/><T132/><D132/><U81/><E81/><V67/><F67/><W124/><G124/><T11/><D24/><N who="1" m="14375" /><E18/><V74/><F74/><W61/><G61/><T36/><D35/><U17/><E17/><V99/><F99/><W104/><G104/><T58/><D60/><U133/><E133/><V19/><F55/><W38/><G38/><T27/><D128/><U22/><E22/><N who="2" m="11623" /><F14/><W83/><G83/><T10/><D27/><U23/><E23/><V47/><F98/><W52/><G52/><T107/><D107/><U116/><E116/><V129/><F129/><W88/><G88/><RYUUKYOKU ba="1,0" sc="249,-15,431,15,217,-15,103,15" hai1="13,15,28,29,30,44,48,51,53,54" hai3="5,6,68,69,70,92,93,94,122,123" /><INIT seed="3,2,0,0,2,78" ten="234,446,202,118" oya="3" hai0="24,95,13,97,68,121,46,31,92,109,44,51,127" hai1="57,75,63,100,25,70,126,10,88,0,55,134,28" hai2="87,32,101,9,106,117,43,65,104,122,58,49,67" hai3="66,94,62,36,33,23,42,60,125,77,35,6,99"/><W3/><G35/><T119/><D119/><U48/><E75/><V74/><F117/><W7/><G33/><T108/><D121/><U113/><E113/><V71/><F74/><W84/><G125/><T17/><D68/><U124/><E134/><V115/><F9/><W2/><G2/><T102/><D127/><N who="1" m="48683" /><E100/><V103/><F32/><W45/><G23/><N who="0" m="15775" /><D51/><U50/><E70/><V12/><F49/><W81/><G3/><T1/><D95/><U110/><E110/><N who="0" m="42601" /><D1/><U72/><E0/><V19/><F71/><W56/><REACH who="3" step="1"/><G62/><REACH who="3" ten="234,446,202,108" step="2"/><T38/><D38/><U114/><E63/><V16/><F122/><W76/><G76/><T79/><D79/><U111/><E111/><V116/><F115/><W73/><G73/><T107/><D107/><U22/><E72/><V133/><F116/><W52/><G52/><T112/><D112/><U105/><E114/><V61/><F133/><W85/><G85/><T118/><D118/><U131/><E55/><V98/><F67/><W93/><G93/><T14/><D14/><U34/><E105/><V86/><F106/><W64/><G64/><T89/><D102/><AGARI ba="2,1" hai="6,7,36,42,45,56,60,66,77,81,84,94,99,102" machi="102" ten="30,5800,0" yaku="1,1,7,1,52,1,53,0" doraHai="78" doraHaiUra="8" who="3" fromWho="0" sc="234,-64,446,0,202,0,108,74" /><INIT seed="3,3,0,5,1,92" ten="170,446,202,182" oya="3" hai0="125,68,22,43,91,93,38,51,25,24,53,2,35" hai1="120,109,123,76,56,82,26,105,113,23,66,129,1" hai2="115,59,34,11,80,83,40,128,74,32,27,41,86" hai3="112,33,106,117,118,44,90,65,71,62,42,132,3"/><W21/><G33/><T126/><D2/><U6/><E105/><V37/><F115/><W135/><G21/><T54/><D68/><U101/><E113/><V104/><F128/><W108/><G3/><T57/><D35/><U103/><E129/><V55/><F74/><W17/><G17/><T9/><D9/><U52/><E6/><V70/><F70/><W119/><G112/><T77/><D77/><U16/><E66/><V47/><F41/><W61/><G106/><T130/><D54/><U46/><E1/><V102/><F11/><W49/><G90/><T79/><D79/><U124/><E46/><V39/><F39/><W29/><G29/><T64/><D64/><U72/><E124/><N who="0" m="47721" /><D130/><U121/><REACH who="1" step="1"/><E109/><REACH who="1" ten="170,436,202,182" step="2"/><V134/><F47/><W100/><G108/><T87/><D38/><U58/><E58/><V110/><F59/><N who="3" m="37055" /><G100/><T8/><D57/><U73/><E73/><V63/><F102/><W96/><G71/><T45/><D45/><U78/><E78/><V60/><F104/><W84/><G44/><T69/><D69/><U31/><E31/><V107/><F107/><W5/><G5/><T98/><D43/><U81/><E81/><V133/><F80/><W97/><G42/><T94/><D53/><U13/><E13/><V127/><F83/><W75/><G75/><T114/><D114/><U67/><E67/><V36/><F127/><W50/><G119/><T7/><D7/><U12/><E12/><V20/><F40/><W88/><G118/><T14/><D14/><U89/><E89/><V99/><F110/><W116/><G116/><T18/><D91/><RYUUKYOKU ba="3,1" sc="170,-10,436,30,202,-10,182,-10" hai1="16,23,26,52,56,72,76,82,101,103,120,121,123" /><INIT seed="4,4,1,0,2,122" ten="160,466,192,172" oya="0" hai0="123,112,68,16,63,132,81,135,20,117,3,73,6" hai1="94,47,5,4,126,61,35,42,78,95,26,30,74" hai2="54,33,2,119,128,75,108,110,22,70,43,88,118" hai3="87,113,17,41,10,64,37,1,12,58,104,49,65"/><T55/><D123/><U111/><E126/><V71/><F33/><W106/><G113/><T15/><D117/><N who="2" m="44554" /><F2/><W46/><G1/><T18/><D112/><U124/><E61/><V23/><F75/><W28/><G28/><T32/><D32/><U93/><E124/><V115/><F115/><W133/><G133/><N who="0" m="51275" /><D18/><U97/><E4/><V96/><F43/><W67/><G58/><N who="0" m="35295" /><D68/><N who="2" m="26154" /><F54/><W92/><G37/><T103/><D103/><U120/><E5/><V27/><F128/><W72/><G72/><T121/><D121/><U8/><E74/><V24/><F88/><W89/><AGARI ba="4,1" hai="10,12,17,41,46,49,64,65,67,87,89,92,104,106" machi="89" ten="30,1100,0" yaku="0,1" doraHai="122" who="3" fromWho="3" sc="160,-9,466,-7,192,-7,172,33" /><INIT seed="5,0,0,2,5,29" ten="151,459,185,205" oya="1" hai0="132,23,118,70,65,25,40,122,121,72,1,90,98" hai1="52,5,34,27,135,117,114,46,128,119,50,88,91" hai2="61,18,92,131,8,101,83,60,49,89,120,42,20" hai3="125,104,79,10,80,26,109,38,36,51,6,105,39"/><U37/><E37/><V7/><F131/><W133/><G109/><T48/><D72/><U127/><E128/><V94/><F120/><N who="0" m="46186" /><D1/><U86/><E5/><V63/><F101/><W56/><G133/><T85/><D118/><U12/><E135/><V67/><F67/><W81/><G81/><T16/><D132/><U57/><E91/><V82/><F7/><W124/><G56/><T77/><D77/><U55/><E12/><N who="2" m="9287" /><F8/><W44/><G26/><T59/><D98/><U54/><E119/><V106/><F106/><W126/><G51/><T84/><D70/><U110/><E117/><V32/><F32/><W115/><G44/><N who="0" m="25607" /><D90/><U19/><E110/><V47/><F94/><W30/><G30/><T53/><D65/><U93/><E34/><V112/><F112/><W9/><G115/><T66/><D66/><U74/><E114/><V28/><F28/><W111/><G10/><T45/><D45/><U97/><E74/><V14/><F14/><W75/><G111/><T129/><D129/><U2/><E46/><V31/><F31/><W102/><G102/><T100/><D100/><U116/><E2/><AGARI ba="0,0" hai="2,6,9,36,38,39,75,79,80,104,105,124,125,126" machi="2" ten="50,6400,0" yaku="18,1,23,2" doraHai="29" who="3" fromWho="1" sc="151,0,459,-64,185,0,205,64" /><INIT seed="6,0,0,3,4,31" ten="151,395,185,269" oya="2" hai0="35,112,90,40,30,119,41,61,106,87,57,68,62" hai1="22,34,98,101,111,94,45,18,89,29,93,67,37" hai2="91,133,99,51,39,24,125,38,103,120,92,83,49" hai3="17,59,109,128,50,74,121,66,26,108,104,56,79"/><V6/><F120/><W14/><G104/><T2/><D2/><U107/><E111/><V60/><F133/><W102/><G121/><T131/><D106/><U124/><E124/><V65/><F125/><W117/><G117/><T7/><D7/><U84/><E107/><V82/><F6/><W11/><G102/><T122/><D122/><U33/><E29/><V44/><F24/><W86/><G74/><T132/><D131/><U20/><E67/><V130/><F130/><W19/><G128/><T13/><D112/><U3/><E3/><V85/><F51/><W16/><G109/><T81/><D132/><U129/><E129/><V72/><F82/><N who="3" m="47455" /><G26/><T25/><D119/><U42/><E20/><V32/><F72/><W113/><G113/><T58/><D68/><U118/><E118/><V36/><F36/><W105/><G105/><T64/><REACH who="0" step="1"/><D13/><AGARI ba="0,0" hai="13,18,22,33,34,37,42,45,84,89,93,94,98,101" machi="13" ten="30,3900,0" yaku="7,1,52,2" doraHai="31" who="1" fromWho="0" sc="151,-39,395,39,185,0,269,0" /><INIT seed="7,0,0,4,0,26" ten="112,434,185,269" oya="3" hai0="68,128,35,31,57,94,78,11,132,43,61,117,70" hai1="42,95,59,41,58,63,133,1,127,40,6,44,7" hai2="50,116,69,122,47,72,4,84,21,118,112,73,27" hai3="24,0,18,54,34,5,67,79,81,80,39,86,46"/><W103/><G67/><T83/><D117/><U108/><E1/><V56/><F112/><W124/><G103/><T109/><D109/><U106/><E106/><V23/><F69/><W13/><G124/><T82/><D128/><U111/><E127/><V91/><F122/><W131/><G81/><T90/><D132/><U19/><E133/><V64/><F4/><N who="1" m="1577" /><E44/><V119/><F64/><W99/><G99/><T55/><D11/><U134/><E134/><V37/><F56/><N who="1" m="21545" /><E63/><V45/><F37/><W101/><G101/><T129/><D129/><U92/><E19/><V48/><F84/><W88/><G79/><T105/><D105/><U2/><E2/><V135/><F135/><W123/><G123/><T49/><D43/><U97/><E97/><V126/><F126/><W100/><G100/><T15/><D61/><U17/><E17/><V107/><F107/><W110/><G110/><AGARI ba="0,0" hai="40,41,42,92,95,108,110,111" m="21545,1577" machi="110" ten="40,2600,0" yaku="28,2" doraHai="26" who="1" fromWho="3" sc="112,0,434,26,185,0,269,-26" owari="112,-39.0,460,56.0,185,-21.0,243,4.0" /></mjloggm>