<mjloggm ver="2.3"><GO type="41" lobby="0"/><UN n0="%E5%BF%83%E6%BB%85%E7%8D%A3%E8%BA%AB" n1="%64%72%61%66%74%6C%61%6E" n2="%E5%A4%A9%E7%AB%A5%E7%9C%9F%E7%9F%A2" n3="%E2%93%9D%53%75%70%68%78" dan="15,13,13,18" rate="2040.96,1865.26,1908.05,2064.38" sx="M,M,F,M"/><TAIKYOKU oya="0"/><INIT seed="0,0,0,2,5,133" ten="250,250,250,250" oya="0" hai0="14,59,4,107,134,109,58,3,75,81,79,62,18" hai1="28,15,68,50,70,98,119,73,121,12,30,114,69" hai2="74,47,97,9,82,23,96,128,41,43,60,92,64" hai3="124,94,120,122,52,86,31,130,78,2,101,118,35"/><T44/><D107/><U89/><E119/><V87/><F128/><W29/><G2/><T112/><D112/><U49/><E121/><N who="3" m="46698" /><G35/><T123/><D123/><U16/><E73/><V90/><F74/><W22/><G130/><T135/><D109/><U17/><E114/><V19/><F9/><W11/><G11/><T99/><D4/><U125/><E89/><V91/><F97/><N who="3" m="59575" /><G22/><T27/><D3/><U1/><E98/><V72/><F72/><W36/><G36/><T115/><D115/><U61/><E1/><V67/><F47/><W76/><G124/><T24/><D44/><U110/><E61/><V33/><F33/><W5/><G5/><T71/><D71/><U25/><E25/><V7/><F7/><W116/><G52/><N who="0" m="34119" /><D99/><U77/><E77/><N who="3" m="29802" /><G86/><T131/><D59/><U45/><E45/><V106/><F106/><W56/><G56/><T48/><D48/><U46/><E46/><V63/><F63/><W53/><G53/><T66/><D66/><U88/><E70/><V102/><F102/><W127/><G127/><T0/><D0/><U126/><REACH who="1" step="1"/><E110/><REACH who="1" ten="250,240,250,250" step="2"/><V132/><F132/><N who="0" m="50730" /><D131/><U83/><E83/><V108/><F108/><W129/><G129/><T51/><D51/><U6/><E6/><V85/><F60/><W113/><G113/><T38/><D38/><U54/><E54/><V39/><F96/><W84/><G84/><T55/><D55/><U57/><E57/><V117/><F117/><AGARI ba="0,1" hai="29,31,116,117,118" m="29802,59575,46698" machi="117" ten="30,1000,0" yaku="13,1" doraHai="133" who="3" fromWho="2" sc="250,0,240,0,250,-10,250,20" /><INIT seed="1,0,0,2,5,79" ten="250,240,240,270" oya="1" hai0="102,31,110,73,14,94,100,66,40,98,93,135,54" hai1="75,107,53,131,134,49,63,59,89,3,55,82,2" hai2="28,35,125,30,87,41,60,32,44,111,20,113,38" hai3="61,76,106,92,74,109,115,81,36,57,80,128,86"/><U10/><E107/><V16/><F111/><W25/><G115/><T12/><D110/><U88/><E131/><V132/><F113/><W47/><G109/><T118/><D118/><U133/><E2/><V108/><F108/><W46/><G106/><T120/><D135/><N who="1" m="51723" /><E10/><V67/><F132/><W69/><G69/><T45/><D73/><U84/><E3/><V126/><F30/><W39/><G92/><T56/><D66/><U129/><E75/><V42/><F42/><W117/><G117/><T119/><D119/><U64/><E55/><V22/><F28/><W77/><G128/><T105/><D31/><U19/><E19/><V71/><F87/><W24/><G39/><T103/><D120/><U37/><E37/><V124/><REACH who="2" step="1"/><F22/><REACH who="2" ten="250,240,230,270" step="2"/><W0/><G36/><T26/><D40/><U83/><E129/><V23/><F23/><W33/><G33/><T15/><D98/><U34/><E34/><V52/><F52/><W68/><G74/><T85/><D85/><N who="1" m="50231" /><E64/><V112/><F112/><W114/><G114/><T7/><D54/><U17/><E17/><V21/><F21/><W65/><G65/><T29/><D29/><U123/><E123/><V122/><F122/><W27/><G86/><T48/><D105/><U50/><AGARI ba="0,1" hai="49,50,53,59,63,83,84,89" m="50231,51723" machi="50" ten="30,11700,0" yaku="20,1,52,2,54,1" doraHai="79" who="1" fromWho="1" sc="250,-39,240,127,230,-39,270,-39" /><INIT seed="1,1,0,0,5,48" ten="211,367,191,231" oya="1" hai0="104,122,85,109,113,86,25,58,128,52,37,32,42" hai1="111,30,91,127,46,87,103,90,129,57,24,82,107" hai2="67,28,54,39,101,22,40,17,84,68,125,23,135" hai3="118,120,50,26,72,131,119,124,88,116,115,114,89"/><U27/><E129/><V93/><F135/><W19/><G131/><T14/><D128/><U41/><E127/><V121/><F125/><W79/><G124/><T64/><D104/><U99/><E111/><V133/><F121/><W98/><G19/><T18/><D113/><N who="3" m="43017" /><G26/><T95/><D109/><U105/><E57/><V123/><F123/><W35/><G35/><T92/><D122/><U102/><E102/><V8/><F133/><W9/><G9/><T80/><D64/><U4/><E107/><V62/><F8/><W61/><G61/><T31/><D86/><U47/><E4/><V73/><F73/><W74/><G50/><T77/><D42/><U97/><E27/><V59/><F28/><W1/><G1/><T94/><D37/><U108/><E108/><V70/><F70/><W13/><G13/><T60/><REACH who="0" step="1"/><D94/><REACH who="0" ten="201,367,191,231" step="2"/><U21/><REACH who="1" step="1"/><E41/><REACH who="1" ten="201,357,191,231" step="2"/><V49/><F40/><W66/><G120/><T45/><D45/><U12/><E12/><V75/><F68/><W34/><G119/><T7/><D7/><U29/><E29/><V11/><F39/><W6/><G118/><T15/><D15/><U134/><E134/><V117/><F117/><W100/><G6/><T78/><D78/><U55/><E55/><V5/><F54/><W36/><G79/><T69/><D69/><U110/><E110/><V56/><F67/><W3/><G66/><T53/><D53/><U51/><E51/><V132/><F49/><W81/><G36/><T44/><D44/><U2/><E2/><V126/><F132/><W43/><G116/><T71/><D71/><U33/><E33/><RYUUKYOKU ba="1,2" sc="201,15,357,15,191,-15,231,-15" hai0="14,18,25,31,32,52,58,60,77,80,85,92,95" hai1="21,24,30,46,47,82,87,90,91,97,99,103,105" /><INIT seed="1,2,2,3,4,51" ten="216,372,176,216" oya="1" hai0="27,73,29,0,69,48,71,135,130,102,47,78,34" hai1="53,38,75,56,24,132,1,16,68,119,50,49,12" hai2="35,37,104,97,59,58,93,52,106,41,55,7,26" hai3="70,88,45,83,79,94,57,6,123,80,95,107,81"/><U8/><E119/><V28/><F7/><W124/><G70/><T108/><D0/><U40/><E68/><V131/><F131/><W113/><G45/><T114/><D130/><U60/><E75/><V66/><F66/><W125/><G6/><T32/><D135/><U134/><E38/><V109/><F109/><W84/><G57/><T63/><D108/><U89/><E1/><V64/><F64/><W62/><G62/><T133/><D34/><U128/><E128/><V112/><F112/><W74/><G123/><T42/><D114/><U110/><E110/><V19/><F19/><W65/><G65/><T105/><D133/><N who="1" m="51307" /><E40/><V91/><F41/><W82/><G107/><T13/><D13/><U118/><E118/><V30/><F37/><W11/><G11/><T33/><D33/><U121/><E121/><V85/><F28/><W25/><G25/><T111/><D111/><U5/><E89/><V61/><REACH who="2" step="1"/><F97/><REACH who="2" ten="216,372,166,216" step="2"/><N who="3" m="57543" /><G113/><T3/><D3/><U23/><AGARI ba="2,3" hai="5,8,12,16,23,24,49,50,53,56,60" m="51307" machi="23" ten="30,6000,0" yaku="20,1,52,1,54,1" doraHai="51" who="1" fromWho="1" sc="216,-22,372,96,166,-22,216,-22" /><INIT seed="1,3,0,4,0,133" ten="194,468,144,194" oya="1" hai0="21,119,79,52,34,123,113,84,127,89,11,30,135" hai1="5,50,106,120,111,28,49,73,82,60,48,121,91" hai2="101,104,76,96,109,103,124,1,110,68,59,117,32" hai3="27,134,26,43,67,72,66,81,39,12,98,114,35"/><U25/><E106/><V9/><F117/><W99/><G114/><T90/><D113/><U15/><E111/><N who="2" m="42507" /><F103/><W46/><G134/><T74/><D119/><U122/><E60/><V0/><F68/><W105/><G12/><T47/><D135/><U3/><E3/><V44/><F32/><W42/><G81/><T102/><D34/><U65/><E65/><V88/><F76/><W64/><G72/><T53/><D74/><U36/><E36/><V51/><F59/><W129/><G129/><T128/><D128/><U6/><E15/><V24/><F24/><W78/><G78/><T86/><D102/><U69/><E69/><V29/><F29/><W107/><G35/><T77/><D11/><U130/><E130/><V83/><F124/><W70/><G70/><T95/><D123/><U38/><E38/><V75/><F9/><W16/><G39/><T19/><D30/><U112/><E112/><V14/><F14/><W4/><G67/><T41/><D127/><U22/><REACH who="1" step="1"/><E73/><REACH who="1" ten="194,458,144,194" step="2"/><V57/><F75/><W10/><G66/><T85/><D79/><U45/><E45/><V87/><F57/><W63/><G46/><T132/><D77/><U58/><E58/><V37/><F37/><W116/><G64/><T20/><D132/><U55/><E55/><AGARI ba="3,1" hai="0,1,44,51,55,83,87,88,96,101,104" m="42507" machi="55" ten="30,2000,0" yaku="14,1,54,1" doraHai="133" who="2" fromWho="1" sc="194,0,458,-29,144,39,194,0" /><INIT seed="2,0,0,3,3,49" ten="194,429,183,194" oya="2" hai0="86,0,105,17,131,37,110,23,63,115,11,47,114" hai1="100,122,74,118,106,102,44,22,130,20,71,3,43" hai2="64,88,13,116,113,4,65,19,117,85,56,15,66" hai3="6,112,25,72,7,76,123,79,97,41,135,60,83"/><V34/><F34/><W33/><G123/><T16/><D105/><U10/><E118/><V59/><F113/><W78/><G112/><T58/><D110/><U55/><E71/><V129/><F129/><W40/><G135/><T50/><D37/><U127/><E74/><V12/><F19/><W126/><G126/><T95/><D131/><U9/><E130/><V5/><F88/><W1/><G97/><T21/><D0/><U46/><E3/><V89/><F89/><W57/><G72/><T108/><D108/><U111/><E111/><V61/><F85/><W96/><G83/><T62/><D11/><U91/><E91/><V8/><F61/><W92/><G25/><T38/><D38/><U53/><E106/><V93/><F93/><W27/><G27/><T87/><D50/><U82/><E82/><V45/><F8/><W75/><G33/><T42/><D58/><N who="2" m="22058" /><F45/><W128/><G75/><T73/><D47/><U26/><E26/><V67/><N who="2" m="16384" /><DORA hai="14" /><V98/><F98/><W30/><G128/><T103/><D73/><U134/><E134/><V80/><F80/><W32/><G32/><T125/><D95/><U68/><E68/><V28/><F28/><W77/><G30/><T48/><D48/><U39/><E122/><V132/><F132/><W121/><G121/><T24/><D24/><U35/><E35/><V109/><F109/><W90/><G79/><T101/><D42/><N who="3" m="16489" /><G1/><T2/><D2/><U54/><E102/><V29/><F29/><W104/><G104/><T120/><D120/><U31/><E31/><V51/><F51/><W36/><G36/><RYUUKYOKU ba="0,0" sc="194,10,429,-30,183,10,194,10" hai0="16,17,21,23,62,63,86,87,101,103,114,115,125" hai2="4,5,12,13,15,116,117" hai3="6,7,57,60,76,77,78,90,92,96" /><INIT seed="2,1,0,1,3,53" ten="204,399,193,204" oya="2" hai0="98,17,14,119,66,21,113,122,34,95,134,72,10" hai1="50,132,64,87,31,20,114,124,133,19,24,60,1" hai2="59,22,2,27,26,83,88,74,47,107,102,36,108" hai3="94,116,3,54,120,104,56,91,8,130,16,121,105"/><V32/><F2/><W101/><G116/><T33/><D113/><U78/><E1/><V73/><F108/><W15/><G130/><T97/><D122/><U7/><E124/><V11/><F32/><W99/><G3/><T106/><D72/><U35/><E114/><V90/><F73/><W6/><G6/><T123/><D123/><U40/><E7/><V61/><F11/><W45/><G45/><T77/><D77/><U18/><E50/><V81/><F36/><W129/><G129/><T65/><D119/><U76/><E40/><V58/><F47/><W49/><REACH who="3" step="1"/><G105/><REACH who="3" ten="204,399,193,194" step="2"/><T4/><D106/><U110/><E110/><V48/><F107/><W67/><G67/><T135/><D66/><U37/><E64/><N who="2" m="38967" /><F102/><W89/><G89/><N who="2" m="34409" /><F74/><W12/><G12/><T131/><D65/><U79/><E79/><V70/><F70/><W42/><G42/><T85/><D131/><U5/><E78/><V44/><F44/><W112/><G112/><T128/><D128/><U46/><E76/><V118/><F118/><W13/><G13/><T25/><D14/><U92/><E46/><V100/><F100/><W30/><G30/><T38/><D4/><U117/><E5/><V63/><F63/><W41/><G41/><T62/><D62/><U80/><E60/><V29/><F27/><W69/><G69/><T71/><D25/><U111/><E24/><V109/><F109/><W82/><G82/><T51/><D71/><U86/><E111/><V39/><F39/><W9/><G9/><T93/><D38/><U57/><E37/><V52/><AGARI ba="1,1" hai="22,26,29,48,52,59,81,83" m="34409,38967" machi="52" ten="30,12000,1" yaku="8,1,52,2,54,2" doraHai="53" who="2" fromWho="2" sc="204,-41,399,-41,193,133,194,-41" /><INIT seed="2,2,0,3,0,62" ten="163,358,326,153" oya="2" hai0="92,131,34,21,125,77,41,72,29,107,16,2,69" hai1="45,128,95,111,14,66,20,25,12,48,67,124,71" hai2="55,57,116,8,3,1,121,103,28,86,79,89,23" hai3="49,105,123,118,130,96,40,119,13,100,50,64,63"/><V109/><F121/><W58/><G123/><T81/><D107/><U127/><E71/><V108/><F116/><W93/><G130/><T61/><D2/><U74/><E111/><N who="2" m="42571" /><F103/><W39/><G105/><T113/><D113/><U27/><E128/><V56/><F79/><W43/><G39/><T7/><D7/><U5/><E95/><N who="2" m="54711" /><F8/><W106/><G106/><T78/><D131/><U102/><E102/><V115/><F115/><W35/><G35/><T98/><D125/><N who="1" m="48203" /><E74/><V4/><F4/><W90/><G100/><T97/><D78/><U42/><E5/><V129/><F129/><W47/><REACH who="3" step="1"/><G13/><REACH who="3" ten="163,358,326,143" step="2"/><N who="1" m="5226" /><E25/><N who="2" m="16447" /><F56/><W52/><G52/><T76/><D69/><U19/><AGARI ba="2,1" hai="19,20,27,42,45,48,66,67" m="5226,48203" machi="19" ten="30,4000,0" yaku="18,1,52,2" doraHai="62" who="1" fromWho="1" sc="163,-12,358,56,326,-22,143,-12" /><INIT seed="3,0,0,4,5,19" ten="151,414,304,131" oya="3" hai0="135,35,6,53,94,117,45,22,105,63,106,118,44" hai1="79,21,36,11,83,60,16,124,24,132,130,95,90" hai2="120,1,89,133,26,129,111,69,73,18,62,64,116" hai3="93,28,56,126,23,2,49,108,39,71,97,119,15"/><W107/><G119/><T127/><D35/><U67/><E36/><V50/><F116/><W113/><G113/><T86/><D135/><U110/><E110/><V25/><F133/><W46/><G71/><T54/><D6/><U47/><E132/><V59/><F111/><W4/><G107/><T31/><D86/><U20/><E130/><V12/><F129/><W48/><G2/><T78/><D94/><U99/><E124/><V33/><F120/><W82/><G39/><T68/><D31/><U65/><E47/><V10/><F73/><W8/><G126/><T13/><D13/><N who="1" m="7231" /><E24/><V121/><F121/><W96/><G82/><T91/><D78/><U27/><E27/><V61/><F1/><W34/><G34/><T134/><D91/><U112/><E112/><V55/><F33/><W40/><G108/><T115/><D115/><U131/><E131/><V75/><F75/><W32/><G32/><T84/><D84/><N who="1" m="48255" /><E60/><V58/><REACH who="2" step="1"/><F89/><REACH who="2" ten="151,414,294,131" step="2"/><W0/><G0/><T14/><D134/><U43/><E43/><V30/><F30/><W122/><G122/><T17/><D118/><U103/><E103/><V77/><F77/><W109/><G109/><T98/><D117/><U88/><E90/><V3/><F3/><W92/><G28/><T7/><D127/><U42/><E42/><V66/><AGARI ba="0,1" hai="10,12,18,25,26,50,55,58,59,61,62,64,66,69" machi="66" ten="20,2700,0" yaku="1,1,0,1,7,1,53,0" doraHai="19" doraHaiUra="76" who="2" fromWho="2" sc="151,-7,414,-7,294,37,131,-13" /><INIT seed="4,0,0,5,2,15" ten="144,407,331,118" oya="0" hai0="92,87,0,98,48,47,85,40,52,9,37,31,6" hai1="95,89,88,13,104,108,20,134,50,69,105,78,86" hai2="19,14,18,118,34,30,5,129,54,3,111,97,42" hai3="116,16,128,90,99,67,17,41,36,49,59,57,96"/><T100/><REACH who="0" step="1"/><D31/><REACH who="0" ten="134,407,331,118" step="2"/><U32/><E134/><V29/><F111/><W60/><G116/><T110/><D110/><U38/><E108/><V21/><F30/><W61/><G128/><T33/><D33/><U26/><E32/><V102/><F29/><W132/><G132/><T22/><D22/><U123/><E20/><V130/><F34/><W66/><G36/><T64/><D64/><U44/><E38/><V25/><F21/><W23/><G23/><T7/><D7/><U127/><E123/><V107/><F5/><W125/><G125/><T28/><D28/><U135/><E127/><V94/><F129/><W81/><G41/><T113/><D113/><U2/><E135/><V75/><F42/><W126/><G126/><T71/><D71/><U91/><E69/><V79/><F130/><W120/><G120/><T114/><D114/><U63/><E26/><V80/><F25/><W106/><G49/><T35/><D35/><U10/><E50/><V119/><F119/><W82/><G90/><T121/><D121/><U43/><E91/><V93/><F118/><W55/><G55/><T115/><D115/><U65/><E89/><V72/><F54/><W103/><REACH who="3" step="1"/><G99/><REACH who="3" ten="134,407,331,108" step="2"/><T122/><D122/><U84/><E88/><V39/><F97/><W101/><G101/><T77/><D77/><U62/><E78/><V12/><F102/><W53/><G53/><T124/><D124/><U73/><E43/><V24/><F79/><W8/><G8/><T112/><D112/><U131/><E10/><V74/><F39/><W76/><G76/><T117/><D117/><U58/><E131/><RYUUKYOKU ba="0,2" sc="134,15,407,-15,331,-15,108,15" hai0="0,6,9,37,40,47,48,52,85,87,92,98,100" hai3="16,17,57,59,60,61,66,67,81,82,96,103,106" /><INIT seed="4,1,2,3,4,31" ten="149,392,316,123" oya="0" hai0="103,9,60,113,104,67,49,15,55,135,16,81,22" hai1="68,83,25,65,58,3,100,69,45,114,35,59,84" hai2="99,8,12,117,51,132,130,79,19,98,21,20,56" hai3="89,4,43,66,7,96,44,112,134,121,57,38,10"/><T64/><D113/><U72/><E3/><V105/><F117/><W119/><G119/><T71/><D135/><U126/><E72/><V131/><F132/><W63/><G134/><T18/><D67/><U108/><E108/><V40/><F79/><W17/><G112/><T33/><D33/><U70/><E114/><V101/><F99/><W13/><REACH who="3" step="1"/><G121/><REACH who="3" ten="149,392,316,113" step="2"/><T91/><D104/><U5/><E126/><V54/><REACH who="2" step="1"/><F40/><REACH who="2" ten="149,392,306,113" step="2"/><W128/><G128/><AGARI ba="1,4" hai="8,12,19,20,21,51,54,56,98,101,105,128,130,131" machi="128" ten="40,5200,0" yaku="1,1,2,1,19,1,53,0" doraHai="31" doraHaiUra="87" who="2" fromWho="3" sc="149,0,392,0,306,95,113,-55" /><INIT seed="5,0,0,1,1,116" ten="149,392,401,58" oya="1" hai0="71,68,60,70,95,1,74,118,59,53,119,123,127" hai1="124,105,94,99,12,133,121,114,76,33,58,20,90" hai2="66,55,84,37,129,47,11,61,122,109,8,23,106" hai3="9,3,104,97,111,56,13,96,81,51,16,78,83"/><U120/><E33/><V125/><F109/><W29/><G111/><T79/><D1/><U110/><E110/><V52/><F122/><W45/><G3/><T22/><D22/><U35/><E35/><V30/><F125/><W82/><G104/><T132/><D95/><U43/><E43/><V38/><F106/><W103/><G29/><T80/><D127/><U34/><E124/><V15/><F129/><W40/><G103/><T31/><D31/><U32/><E114/><V18/><F38/><W87/><G83/><T72/><D72/><U5/><E133/><V77/><F37/><W10/><G10/><T26/><D26/><U101/><E76/><V2/><F2/><W36/><G36/><T108/><D108/><U62/><E32/><V14/><F47/><W134/><G134/><T17/><D17/><U24/><E34/><V4/><F30/><W6/><G56/><T73/><D73/><U25/><E12/><V64/><F23/><W39/><G39/><T7/><D7/><U92/><E5/><V0/><F0/><W88/><REACH who="3" step="1"/><G16/><REACH who="3" ten="149,392,401,48" step="2"/><T100/><D100/><U48/><E105/><V49/><F18/><W42/><G42/><T107/><D107/><U86/><E121/><V65/><F4/><W28/><G28/><T93/><D123/><U54/><E120/><V19/><F11/><W85/><AGARI ba="0,1" hai="6,9,13,40,45,51,78,81,82,85,87,88,96,97" machi="85" ten="20,12000,2" yaku="1,1,0,1,7,1,25,2,8,1,54,1,53,0" doraHai="116" doraHaiUra="128" who="3" fromWho="3" sc="149,-30,392,-60,401,-30,48,130" /><INIT seed="6,0,0,2,5,23" ten="119,332,371,178" oya="2" hai0="5,125,19,61,81,54,113,109,65,44,85,74,129" hai1="38,87,45,79,48,103,66,40,18,88,14,24,57" hai2="133,121,126,30,12,20,71,76,13,9,128,29,100" hai3="32,0,42,112,82,131,62,60,86,72,68,33,36"/><V4/><F121/><W115/><G72/><T53/><D109/><U10/><E79/><V116/><F71/><W15/><G0/><T27/><D113/><N who="3" m="43593" /><G131/><T64/><D129/><U111/><E111/><V11/><F76/><N who="3" m="46407" /><G15/><T75/><D125/><U56/><E103/><V91/><F100/><W41/><G62/><T69/><D65/><U92/><E38/><V55/><F91/><W67/><G36/><T110/><D110/><U96/><E66/><V28/><F55/><W97/><G97/><T89/><D5/><U127/><E127/><V35/><F128/><W84/><G84/><T37/><D54/><U8/><E8/><V52/><F52/><W80/><G80/><T59/><D19/><U46/><E46/><V21/><F116/><W90/><G90/><T106/><D106/><U22/><REACH who="1" step="1"/><E87/><REACH who="1" ten="119,322,371,178" step="2"/><V94/><F126/><W98/><G98/><T104/><D104/><U2/><E2/><V101/><F11/><W95/><G67/><T108/><D108/><U120/><E120/><V134/><F9/><W34/><G68/><T83/><D83/><U58/><E58/><V7/><F101/><W130/><G130/><T119/><D119/><U73/><E73/><V123/><F123/><W31/><G95/><T39/><D75/><U26/><E26/><V17/><F94/><W135/><G42/><N who="0" m="22607" /><D74/><U49/><E49/><V114/><F114/><W70/><G41/><T107/><D107/><U51/><E51/><V118/><F118/><W16/><G70/><T99/><D39/><U6/><AGARI ba="0,1" hai="6,10,14,18,22,24,40,45,48,56,57,88,92,96" machi="6" ten="20,12000,2" yaku="1,1,0,1,7,1,8,1,52,1,54,1,53,0" doraHai="23" doraHaiUra="105" who="1" fromWho="1" sc="119,-30,322,130,371,-60,178,-30" /><INIT seed="7,0,0,2,1,88" ten="89,452,311,148" oya="3" hai0="9,20,72,70,97,55,49,80,37,13,125,40,135" hai1="112,123,95,5,114,132,83,75,128,42,68,33,43" hai2="110,38,124,101,65,111,60,36,47,8,105,12,78" hai3="35,87,103,63,85,64,115,129,91,34,127,48,41"/><W76/><G115/><N who="1" m="44074" /><E123/><V107/><F124/><W6/><G129/><T30/><D125/><U118/><E68/><V100/><F78/><W86/><G103/><T120/><D120/><U58/><E33/><V10/><F47/><W96/><G6/><T28/><D135/><U7/><E132/><V54/><F54/><W17/><G76/><T98/><D70/><U102/><E75/><V90/><F90/><W69/><G127/><T26/><D30/><U31/><E83/><V81/><F81/><W16/><G35/><T92/><D37/><U113/><E118/><V53/><F53/><W104/><G34/><T94/><D40/><N who="1" m="15403" /><E128/><V134/><F12/><W23/><G41/><T29/><D29/><U50/><E31/><V1/><F134/><W19/><G48/><T46/><D80/><U22/><E22/><V117/><F117/><W57/><G69/><T73/><D73/><U62/><E50/><V119/><F119/><W45/><G23/><T77/><D77/><U131/><E131/><V74/><F74/><W0/><G0/><T66/><D66/><U93/><E102/><V99/><F1/><W121/><G121/><T133/><D72/><U61/><E58/><V67/><REACH who="2" step="1"/><F99/><REACH who="2" ten="89,452,301,148" step="2"/><N who="0" m="37898" /><D133/><U56/><E113/><V82/><F82/><W51/><G45/><T18/><AGARI ba="0,1" hai="9,13,18,20,26,28,46,49,55,92,94" m="37898" machi="18" ten="30,4000,0" yaku="8,1,52,2" doraHai="88" who="0" fromWho="0" sc="89,50,452,-10,301,-10,148,-20" owari="139,-26.0,442,54.0,291,9.0,128,-37.0" /></mjloggm>