<mjloggm ver="2.3"><GO type="41" lobby="0"/><UN n0="%4C%75%6D%6F%73" n1="%E6%8F%90%E7%81%AF%E8%A2%96" n2="%4E%65%6D%6F" n3="%E2%93%9D%53%75%70%68%78" dan="14,13,15,18" rate="2182.71,1839.37,2003.25,2140.57" sx="M,F,M,M"/><TAIKYOKU oya="0"/><INIT seed="0,0,0,2,3,120" ten="250,250,250,250" oya="0" hai0="116,92,36,47,113,40,132,68,109,31,65,108,33" hai1="124,2,69,93,64,106,15,73,8,23,127,7,91" hai2="82,121,71,101,44,49,54,59,111,131,11,41,114" hai3="5,119,123,39,105,115,45,79,74,81,103,9,22"/><T107/><D113/><U28/><E73/><V53/><F121/><W42/><G123/><T32/><D116/><U112/><E106/><V100/><F131/><W46/><G115/><T89/><D132/><U38/><E38/><V4/><F114/><W128/><G46/><T43/><D43/><U118/><E64/><V19/><F111/><N who="0" m="42570" /><D107/><U102/><E69/><V135/><F135/><W62/><G128/><T87/><D31/><U12/><E102/><V67/><F19/><W10/><G103/><T122/><D122/><U0/><E112/><V117/><F117/><W125/><G125/><N who="1" m="48202" /><E118/><V13/><F54/><W97/><G105/><T84/><D84/><N who="1" m="52455" /><E28/><V76/><F71/><W51/><G119/><T80/><D80/><U86/><E86/><N who="2" m="48455" /><F67/><W77/><G81/><T99/><D87/><U60/><E60/><AGARI ba="0,0" hai="4,11,13,41,44,49,53,59,60,100,101" m="48455" machi="60" ten="30,2000,0" yaku="25,1,8,1" doraHai="120" who="2" fromWho="1" sc="250,0,250,-20,250,20,250,0" /><AGARI ba="0,0" hai="32,33,36,40,47,60,65,68,89,92,99" m="42570" machi="60" ten="30,12000,1" yaku="14,1,10,1,52,3" doraHai="120" who="0" fromWho="1" sc="250,120,230,-120,270,0,250,0" /><INIT seed="0,1,0,0,2,45" ten="370,110,270,250" oya="0" hai0="123,90,11,89,82,114,23,39,12,40,88,22,98" hai1="103,111,27,112,116,109,80,78,124,75,121,66,49" hai2="120,86,127,81,94,3,122,19,71,131,15,35,36" hai3="97,8,4,20,134,115,77,51,105,95,100,21,99"/><T118/><D118/><U126/><E66/><V9/><F127/><N who="1" m="48681" /><E27/><V59/><F131/><W62/><G134/><T10/><D114/><U41/><E41/><V47/><F71/><W87/><G115/><T44/><D123/><U53/><E121/><V84/><F35/><W55/><G62/><T30/><D10/><U17/><E112/><V42/><F3/><W24/><G87/><T85/><D98/><U64/><E64/><V101/><F59/><W58/><G77/><T7/><REACH who="0" step="1"/><D30/><REACH who="0" ten="360,110,270,250" step="2"/><U38/><E38/><V60/><F122/><W106/><G99/><T68/><D68/><U29/><E29/><V74/><F120/><W69/><G69/><T5/><D5/><U72/><E116/><V83/><F9/><W110/><G8/><T102/><D102/><U31/><E31/><V96/><F101/><W16/><G4/><T92/><D92/><U130/><E17/><V1/><F94/><W43/><G95/><T79/><AGARI ba="1,1" hai="7,11,12,22,23,39,40,44,79,82,85,88,89,90" machi="79" ten="30,6000,0" yaku="1,1,0,1,54,1,53,0" doraHai="45" doraHaiUra="113" who="0" fromWho="0" sc="360,73,110,-21,270,-21,250,-21" /><INIT seed="0,2,0,0,5,77" ten="433,89,249,229" oya="0" hai0="74,49,89,78,16,72,101,100,104,50,82,53,46" hai1="102,64,3,67,84,60,38,11,134,32,18,45,97" hai2="119,75,88,99,54,117,118,92,37,7,122,86,48" hai3="52,61,13,125,76,55,91,43,9,63,66,23,6"/><T70/><D70/><U95/><E134/><V58/><F122/><W121/><G125/><T90/><D74/><U85/><E32/><V93/><F37/><W5/><G121/><T109/><D109/><U80/><E84/><V123/><F123/><W111/><G111/><T1/><D1/><U108/><E108/><V14/><F75/><W31/><G43/><T35/><D35/><U42/><E60/><V103/><F14/><W133/><G76/><T56/><D101/><U116/><E116/><V59/><REACH who="2" step="1"/><F7/><REACH who="2" ten="433,89,239,229" step="2"/><W114/><G6/><T106/><D106/><U22/><E3/><V62/><F62/><W115/><G63/><T65/><D104/><U21/><E21/><V73/><F73/><W47/><G23/><T130/><D130/><U30/><E11/><V94/><F94/><W0/><G0/><T120/><D120/><U12/><REACH who="1" step="1"/><E30/><REACH who="1" ten="433,79,239,229" step="2"/><V36/><F36/><W124/><G31/><T25/><D72/><U81/><E81/><V83/><F83/><W28/><G28/><T8/><D82/><U44/><E44/><AGARI ba="2,2" hai="44,48,54,58,59,86,88,92,93,99,103,117,118,119" machi="44" ten="40,5200,0" yaku="1,1,12,1,54,1,53,0" doraHai="77" doraHaiUra="17" who="2" fromWho="1" sc="433,0,79,-58,239,78,229,0" /><INIT seed="1,0,0,4,2,43" ten="433,21,317,229" oya="1" hai0="3,0,23,124,120,121,55,54,24,135,42,115,75" hai1="33,94,91,65,39,1,28,5,44,53,70,76,2" hai2="88,11,12,83,37,61,79,45,36,103,93,117,32" hai3="84,14,7,112,129,110,101,89,59,97,71,19,113"/><U38/><E76/><V127/><F117/><W26/><G71/><T130/><D75/><U81/><E81/><V109/><F109/><W17/><G110/><T16/><D115/><U21/><E33/><V77/><F127/><W96/><G129/><T92/><D135/><U119/><E119/><V18/><F32/><W35/><G7/><T64/><D130/><U123/><E123/><N who="0" m="47177" /><D124/><U31/><E1/><V80/><F103/><W125/><G59/><T8/><D64/><U34/><E34/><V10/><F61/><W46/><G125/><T85/><D42/><U4/><E4/><V52/><F10/><W69/><G69/><T95/><D8/><U108/><E31/><V118/><F118/><W58/><G113/><T60/><D55/><U111/><E108/><V25/><F25/><W98/><G26/><T56/><D85/><U128/><E128/><V51/><F83/><W74/><G74/><T41/><D41/><U22/><E111/><V126/><F126/><W99/><G35/><T63/><D63/><U87/><E28/><V122/><F122/><W6/><G112/><T114/><D114/><U30/><E30/><V82/><F82/><W48/><G101/><T73/><D73/><U27/><E27/><V49/><F49/><W40/><G84/><T102/><D102/><U20/><E5/><V50/><F50/><W86/><G86/><T68/><D68/><U29/><E2/><AGARI ba="0,0" hai="0,2,3,16,23,24,54,56,60,92,95" m="47177" machi="2" ten="30,2000,0" yaku="13,1,54,1" doraHai="43" who="0" fromWho="1" sc="433,20,21,-20,317,0,229,0" /><INIT seed="2,0,0,3,5,25" ten="453,1,317,229" oya="2" hai0="106,0,6,57,9,23,55,127,85,39,97,73,63" hai1="2,124,107,12,21,69,128,20,14,72,81,60,10" hai2="11,61,87,101,103,118,53,94,77,119,19,113,51" hai3="89,56,29,105,31,48,78,68,38,126,70,45,58"/><V122/><F113/><W49/><G105/><T44/><D73/><U84/><E107/><V120/><F120/><W134/><G38/><T110/><D110/><U130/><E72/><V109/><F122/><W67/><G78/><T41/><D127/><U33/><E69/><V135/><F135/><W108/><G89/><T121/><D121/><U65/><E65/><V80/><F109/><W71/><G108/><T92/><D23/><N who="1" m="8779" /><E60/><V82/><F61/><W111/><G111/><T100/><D85/><U8/><E84/><V74/><F103/><W90/><G90/><T1/><D106/><U98/><E98/><V17/><F17/><W123/><G123/><T99/><D99/><U129/><E81/><V37/><F37/><W30/><G126/><T131/><D131/><U62/><E62/><V104/><F19/><W96/><G134/><T112/><D112/><U35/><E124/><V22/><F22/><W13/><G67/><T75/><D75/><U32/><E2/><AGARI ba="0,0" hai="0,1,2,6,9,39,41,44,55,57,63,92,97,100" machi="2" ten="30,1000,0" yaku="7,1" doraHai="25" who="0" fromWho="1" sc="453,10,1,-10,317,0,229,0" owari="463,56.0,-9,-51.0,317,12.0,229,-17.0" /></mjloggm>