<mjloggm ver="2.3"><GO type="41" lobby="0"/><UN n0="%69%64%65%6E%74%69%74%79" n1="%E6%9D%8E%E5%8D%93%E5%90%BE" n2="%E2%93%9D%53%75%70%68%78" n3="%37%31%74%61%6B" dan="15,14,17,14" rate="2116.81,1874.04,2039.57,1900.68" sx="F,M,M,M"/><TAIKYOKU oya="0"/><INIT seed="0,0,0,3,5,47" ten="250,250,250,250" oya="0" hai0="58,21,128,39,114,28,111,77,65,94,49,42,23" hai1="123,75,110,89,93,41,56,100,95,104,29,8,9" hai2="0,24,124,18,57,120,66,33,127,126,90,92,27" hai3="67,80,15,105,106,103,55,119,131,35,50,129,99"/><T102/><D114/><U107/><E110/><V59/><F120/><W101/><G119/><T38/><D111/><U122/><E56/><V48/><F0/><W81/><G35/><T130/><D77/><U11/><E29/><V74/><F74/><W31/><G31/><T87/><D42/><U96/><E41/><V6/><F6/><W98/><G67/><T5/><D5/><U70/><E70/><V121/><F121/><W36/><G36/><T19/><D28/><U14/><E75/><V44/><F33/><W109/><G109/><T133/><D133/><U13/><E122/><V1/><F1/><W132/><G15/><N who="0" m="9471" /><D23/><U60/><E60/><N who="2" m="38159" /><F59/><W97/><G97/><T76/><D102/><U51/><E123/><V16/><F27/><W7/><G7/><T62/><D76/><U71/><E71/><V125/><F24/><W17/><G17/><T34/><D34/><U3/><E3/><V79/><F79/><W72/><G72/><T82/><D82/><U135/><E135/><V112/><F112/><W26/><G26/><T53/><D65/><U25/><E25/><V20/><F20/><W78/><G78/><T63/><D38/><U12/><E107/><V2/><F2/><W84/><G84/><T32/><D39/><U113/><E104/><V134/><F134/><W4/><G4/><T52/><D32/><U46/><E113/><V117/><F117/><W86/><G86/><T22/><D22/><U83/><E83/><N who="3" m="31818" /><G132/><T73/><D73/><U30/><E30/><V54/><F127/><W118/><G118/><T43/><D62/><U91/><E95/><RYUUKYOKU ba="0,0" sc="250,-30,250,10,250,10,250,10" hai1="8,9,11,12,13,14,46,51,89,91,93,96,100" hai2="16,18,44,48,54,90,92,124,125,126" hai3="50,55,98,99,101,103,105,106,129,131" /><INIT seed="1,1,0,1,2,40" ten="220,260,260,260" oya="1" hai0="85,95,77,68,4,0,112,35,58,45,53,73,102" hai1="59,1,83,64,8,43,71,65,91,24,123,18,125" hai2="36,11,118,60,10,110,54,130,25,39,88,14,87" hai3="129,57,13,134,67,80,107,132,111,17,113,78,70"/><U15/><E123/><V100/><F118/><W108/><G107/><T63/><D112/><U44/><E125/><V23/><F110/><N who="3" m="42027" /><G70/><T92/><D35/><U117/><E117/><V56/><F130/><W61/><G129/><T66/><D73/><U82/><E71/><V32/><F32/><W22/><G113/><T116/><D116/><U7/><E91/><V131/><F100/><W122/><G122/><T79/><D0/><U96/><E96/><V133/><F133/><W126/><G126/><T41/><D4/><U38/><E24/><V55/><F131/><W33/><G33/><T119/><D119/><U47/><E59/><V97/><F97/><W101/><G101/><T124/><D124/><U99/><E99/><V26/><F39/><W75/><AGARI ba="1,0" hai="13,17,22,57,61,67,75,78,80,132,134" m="42027" machi="75" ten="30,1100,0" yaku="14,1" doraHai="40" who="3" fromWho="3" sc="220,-4,260,-6,260,-4,260,14" /><INIT seed="2,0,0,0,4,14" ten="216,254,256,274" oya="2" hai0="100,128,4,60,21,116,127,106,101,99,88,8,64" hai1="107,25,125,93,92,42,122,132,113,29,3,134,54" hai2="124,102,108,66,62,52,58,57,5,120,90,10,34" hai3="76,80,23,38,123,30,47,96,43,75,7,26,94"/><V115/><F115/><W103/><REACH who="3" step="1"/><G7/><REACH who="3" ten="216,254,256,264" step="2"/><T63/><D4/><U121/><E113/><V81/><F5/><W6/><G6/><T22/><D116/><U114/><E114/><V15/><F120/><AGARI ba="0,1" hai="23,26,30,38,43,47,75,76,80,94,96,103,120,123" machi="120" ten="40,2600,0" yaku="21,2,53,0" doraHai="14" doraHaiUra="45" who="3" fromWho="2" sc="216,0,254,0,256,-26,264,36" /><INIT seed="3,0,0,2,3,63" ten="216,254,230,300" oya="3" hai0="4,98,76,133,86,61,25,118,42,73,121,99,128" hai1="23,85,81,47,94,14,7,62,115,107,32,88,6" hai2="124,92,10,38,108,11,56,78,90,1,123,49,67" hai3="36,41,69,95,19,102,89,20,5,65,30,117,68"/><W39/><G117/><T26/><D118/><U48/><E107/><V35/><F35/><W57/><G30/><T8/><D121/><U24/><E32/><V106/><F106/><W31/><G31/><T64/><D73/><U112/><E62/><V82/><F38/><W54/><G102/><T87/><D128/><U127/><E127/><V51/><F108/><W74/><G74/><T100/><D133/><U93/><E112/><V135/><F1/><W125/><G5/><N who="1" m="1546" /><E14/><V126/><F135/><W113/><G113/><T52/><D42/><N who="1" m="24695" /><E115/><V77/><F123/><W2/><G2/><T16/><D61/><U80/><E80/><V46/><F82/><W50/><G125/><T109/><D109/><U134/><E134/><V130/><F130/><W71/><G41/><T9/><D100/><U66/><E66/><V37/><F67/><W120/><G65/><T29/><D64/><U17/><AGARI ba="0,0" hai="17,23,24,81,85,88,93,94" m="24695,1546" machi="17" ten="30,2000,0" yaku="8,1,54,1" doraHai="63" who="1" fromWho="1" sc="216,-5,254,20,230,-5,300,-10" /><INIT seed="4,0,0,1,2,0" ten="211,274,225,290" oya="0" hai0="131,39,112,128,10,77,8,122,111,127,89,76,61" hai1="40,84,60,116,110,58,37,119,117,7,79,82,64" hai2="20,1,14,65,67,36,97,38,105,95,102,43,3" hai3="74,57,34,121,92,11,24,19,100,96,25,75,87"/><T81/><D122/><U51/><E110/><V44/><F38/><W17/><G121/><T16/><D39/><U93/><E37/><V49/><F105/><W91/><G74/><T59/><D111/><U69/><E93/><V55/><F3/><W4/><G75/><T103/><D103/><U50/><E69/><V125/><F1/><W30/><G57/><T113/><D89/><U88/><E79/><V62/><F125/><W71/><G71/><T99/><D127/><U90/><E90/><V83/><F83/><W31/><G100/><T18/><D81/><U52/><E40/><V23/><F14/><W70/><G70/><T124/><D124/><U78/><E78/><N who="0" m="30313" /><D99/><U73/><E73/><V115/><F115/><N who="0" m="44106" /><D59/><U129/><E129/><N who="0" m="49737" /><D61/><U101/><E101/><V32/><F62/><W107/><G96/><T28/><D28/><U2/><REACH who="1" step="1"/><E64/><REACH who="1" ten="211,264,225,290" step="2"/><V118/><F67/><W80/><G92/><T130/><D130/><U68/><E68/><V42/><F65/><W109/><G109/><T26/><D26/><U63/><E63/><V46/><F102/><W104/><G104/><T41/><D41/><U66/><E66/><V45/><F43/><W123/><G107/><T106/><D106/><U35/><E35/><V12/><F32/><W126/><G126/><T132/><D132/><U108/><E108/><V86/><F36/><W72/><G123/><T53/><D53/><U54/><E54/><V85/><F42/><W21/><G72/><T47/><D47/><U48/><E48/><V13/><F55/><W6/><G34/><T15/><D15/><N who="2" m="5706" /><F49/><W29/><G29/><RYUUKYOKU ba="0,1" sc="211,15,264,15,225,-15,290,-15" hai0="8,10,16,18" hai1="2,7,50,51,52,58,60,82,84,88,116,117,119" /><INIT seed="4,1,1,5,2,85" ten="226,279,210,275" oya="0" hai0="98,9,27,25,13,123,40,39,74,113,54,44,36" hai1="110,105,109,97,65,35,84,2,14,117,66,116,15" hai2="132,108,4,95,16,112,46,31,69,91,56,126,104" hai3="47,48,78,81,87,125,11,127,99,80,37,33,63"/><T17/><D123/><U129/><E2/><V103/><F108/><W68/><G33/><T52/><D74/><U94/><E35/><V1/><F69/><W50/><G37/><T21/><D36/><U134/><E105/><V122/><F122/><W135/><G135/><T38/><D38/><U86/><E94/><V120/><F120/><W0/><G50/><T100/><D113/><U60/><E60/><V101/><F104/><W75/><G99/><T30/><REACH who="0" step="1"/><D25/><REACH who="0" ten="216,279,210,275" step="2"/><U72/><E72/><V106/><F112/><W88/><G127/><T92/><AGARI ba="1,2" hai="9,13,17,21,27,30,39,40,44,52,54,92,98,100" machi="92" ten="20,12000,1" yaku="1,1,2,1,0,1,7,1,54,1,53,0" doraHai="85" doraHaiUra="62" who="0" fromWho="0" sc="216,143,279,-41,210,-41,275,-41" /><INIT seed="4,2,0,0,5,14" ten="359,238,169,234" oya="0" hai0="82,125,52,29,65,0,43,117,89,27,107,70,90" hai1="54,26,53,15,56,109,108,38,130,39,2,20,50" hai2="41,131,95,62,84,116,112,119,113,77,94,110,67" hai3="100,19,23,61,85,115,45,127,97,28,21,68,91"/><T60/><D117/><N who="2" m="45130" /><F41/><W34/><G115/><N who="2" m="44105" /><F62/><W71/><G127/><T88/><D125/><U48/><E2/><V123/><F67/><W75/><G75/><T64/><D43/><U92/><E130/><V5/><F5/><W59/><G34/><T47/><D64/><U6/><E38/><V35/><F35/><W66/><G45/><T124/><D65/><U126/><E39/><V73/><F131/><W8/><G8/><T101/><D60/><U106/><E126/><V129/><F129/><W30/><G23/><T25/><D124/><U16/><E106/><V37/><F37/><W36/><G36/><T74/><D107/><U79/><E79/><V31/><F31/><W40/><G40/><T33/><D70/><U111/><E92/><N who="2" m="35371" /><F110/><W55/><G66/><T80/><D29/><U18/><E6/><V24/><F24/><W76/><G30/><T22/><D25/><U81/><E81/><N who="2" m="47151" /><F73/><W3/><G28/><T134/><D74/><U32/><E109/><V42/><F42/><W103/><G68/><T87/><D33/><U120/><E32/><V118/><N who="2" m="45138" /><V72/><DORA hai="4" /><F72/><W132/><G71/><T83/><D83/><U44/><E120/><AGARI ba="2,0" hai="120,123" m="47151,35371,44105,45138" machi="120" ten="50,8000,1" yaku="12,1,15,1,34,2" doraHai="14,4" who="2" fromWho="1" sc="359,0,238,-86,169,86,234,0" /><INIT seed="5,0,0,0,2,18" ten="359,152,255,234" oya="1" hai0="64,130,65,52,35,79,3,126,75,98,37,20,104" hai1="1,12,5,33,92,22,62,95,49,21,72,127,53" hai2="2,17,91,88,32,134,119,38,40,83,14,41,124" hai3="81,9,42,117,19,114,109,115,89,125,107,51,93"/><U132/><E72/><V46/><F119/><W131/><G107/><T4/><D35/><U105/><E105/><V133/><F2/><W60/><G109/><T80/><D130/><U39/><E39/><V68/><F68/><W55/><G131/><T111/><D111/><U99/><E33/><V103/><F124/><W26/><G125/><T6/><D126/><U94/><E1/><V7/><F7/><W129/><G129/><T58/><D20/><N who="1" m="7787" /><E127/><V74/><F103/><W56/><G81/><T90/><D37/><U113/><E62/><V123/><F32/><W108/><G108/><T76/><D104/><U23/><E132/><N who="2" m="50795" /><F123/><W69/><G26/><T57/><D3/><U116/><E113/><V61/><F61/><W85/><G117/><T82/><D75/><U106/><E106/><V47/><F74/><W96/><G69/><T54/><D98/><U128/><E128/><V16/><F14/><N who="3" m="7631" /><G96/><T13/><D13/><U50/><E116/><V25/><F25/><W77/><G77/><T43/><D90/><N who="2" m="34346" /><F83/><W31/><G31/><T30/><D30/><U66/><E66/><V102/><F102/><W44/><G115/><T84/><REACH who="0" step="1"/><D43/><REACH who="0" ten="349,152,255,234" step="2"/><U8/><N who="1" m="7795" /><U48/><DORA hai="67" /><E99/><V11/><F11/><W110/><G114/><T135/><D135/><U28/><E28/><V10/><F10/><W0/><G0/><T71/><D71/><U97/><E97/><V78/><F78/><W27/><G110/><T15/><D15/><U45/><AGARI ba="0,1" hai="5,8,12,45,48,49,50,53,92,94,95" m="7795" machi="45" ten="40,12000,1" yaku="8,1,52,4" doraHai="18,67" who="1" fromWho="1" sc="349,-40,152,130,255,-40,234,-40" /><INIT seed="5,1,0,4,3,21" ten="309,282,215,194" oya="1" hai0="71,25,120,74,101,99,30,27,18,42,126,86,5" hai1="131,100,49,80,60,55,119,32,121,24,57,93,22" hai2="115,51,17,61,13,65,7,12,132,36,35,130,31" hai3="85,2,82,48,118,39,38,92,6,98,9,52,102"/><U37/><E119/><V95/><F36/><W15/><G2/><T3/><D74/><U91/><E121/><V40/><F130/><W10/><G10/><T58/><D120/><U28/><E37/><V23/><F132/><W81/><G118/><T69/><D42/><U89/><E131/><V117/><F115/><W4/><G4/><T68/><D126/><U94/><E100/><V125/><F125/><W108/><G82/><T124/><D124/><U78/><E32/><V113/><F113/><W110/><G39/><T54/><D86/><U70/><E70/><V129/><F129/><W53/><G38/><T59/><D3/><U72/><E94/><V50/><F40/><W67/><G67/><T109/><D5/><U90/><E93/><V116/><F116/><W33/><G33/><T29/><D18/><U76/><E76/><V111/><F111/><W84/><G84/><T1/><D1/><U8/><E8/><V112/><F112/><W19/><G6/><T79/><D79/><U66/><REACH who="1" step="1"/><E90/><REACH who="1" ten="309,272,215,194" step="2"/><V96/><F35/><W16/><G19/><T73/><D68/><U47/><AGARI ba="1,1" hai="22,24,28,47,49,55,57,60,66,72,78,80,89,91" machi="47" ten="20,18000,2" yaku="1,1,2,1,0,1,7,1,52,1,53,1" doraHai="21" doraHaiUra="26" who="1" fromWho="1" sc="309,-61,272,193,215,-61,194,-61" /><INIT seed="5,2,0,3,3,51" ten="248,465,154,133" oya="1" hai0="18,125,122,21,95,48,98,61,90,49,86,5,111" hai1="76,123,9,20,67,45,25,78,19,128,55,132,81" hai2="112,113,4,42,120,68,16,129,52,64,33,105,43" hai3="118,110,115,116,69,53,34,10,135,130,50,97,62"/><U8/><E123/><V22/><F33/><W58/><G34/><T114/><D111/><U56/><E128/><V96/><F4/><W84/><G110/><T59/><D122/><U35/><E132/><V82/><F120/><W57/><G84/><T94/><D114/><N who="2" m="44138" /><F64/><N who="3" m="41111" /><G115/><T103/><D125/><U121/><E35/><V6/><F6/><W63/><G97/><T11/><D11/><U77/><E121/><V27/><F68/><W29/><G29/><T15/><D5/><U70/><E70/><V80/><F129/><W79/><G79/><T109/><D109/><U46/><E81/><N who="2" m="31339" /><F105/><W44/><G10/><N who="1" m="4202" /><E67/><AGARI ba="2,0" hai="15,18,21,48,49,59,61,67,86,90,94,95,98,103" machi="67" ten="30,2000,0" yaku="7,1,8,1" doraHai="51" who="0" fromWho="1" sc="248,26,465,-26,154,0,133,0" /><INIT seed="6,0,0,5,3,95" ten="274,439,154,133" oya="2" hai0="72,93,64,57,21,58,18,59,97,116,9,26,42" hai1="70,12,33,45,98,1,14,91,132,11,63,88,75" hai2="8,51,34,117,83,7,56,81,69,135,106,38,123" hai3="28,30,73,6,53,10,119,89,41,52,84,82,68"/><V108/><F123/><W37/><G119/><T122/><D122/><U78/><E33/><V60/><F117/><W96/><G68/><T100/><D116/><U113/><E113/><V48/><F38/><W24/><G30/><T130/><D72/><U4/><E45/><V111/><F34/><W112/><G112/><T47/><D130/><U23/><E132/><V101/><F69/><W86/><G86/><T118/><D118/><U2/><E78/><V49/><F135/><W129/><G129/><T134/><D134/><U107/><E75/><V66/><F101/><W3/><G73/><T90/><D9/><U61/><E61/><V40/><F106/><W17/><G17/><T133/><D133/><U92/><E63/><V131/><F40/><W35/><G41/><T124/><D124/><U65/><E65/><V5/><F131/><W39/><REACH who="3" step="1"/><G96/><REACH who="3" ten="274,439,154,123" step="2"/><T87/><D42/><U103/><E70/><V109/><REACH who="2" step="1"/><F7/><REACH who="2" ten="274,439,144,123" step="2"/><W127/><G127/><T29/><D64/><U43/><E4/><V19/><F19/><W102/><G102/><T128/><D128/><U31/><E103/><V76/><F76/><W46/><G46/><T55/><D18/><U0/><E107/><V120/><F120/><W50/><G50/><N who="0" m="30967" /><D47/><U20/><E43/><V104/><F104/><W13/><G13/><AGARI ba="0,2" hai="5,8,13,48,49,51,56,60,66,81,83,108,109,111" machi="13" ten="50,12000,1" yaku="1,1,10,1,53,2" doraHai="95" doraHaiUra="79" who="2" fromWho="3" sc="274,0,439,0,144,140,123,-120" /><INIT seed="6,1,0,4,0,124" ten="274,439,284,3" oya="2" hai0="2,91,77,29,74,35,46,24,94,93,52,90,105" hai1="95,79,13,76,110,14,84,115,108,55,114,39,54" hai2="60,99,63,75,34,10,30,119,80,19,117,22,69" hai3="31,37,41,129,111,57,68,128,32,98,33,48,82"/><V61/><F69/><W36/><G111/><T118/><D2/><U134/><E95/><V8/><F34/><N who="3" m="13419" /><G31/><T88/><D105/><U70/><E84/><V25/><F99/><W83/><G68/><T49/><REACH who="0" step="1"/><D118/><REACH who="0" ten="264,439,284,3" step="2"/><U78/><E108/><V45/><F119/><W112/><G98/><T53/><D53/><U16/><E54/><V102/><F117/><W38/><G57/><T109/><D109/><U106/><E55/><V72/><F102/><W87/><G112/><T101/><D101/><U66/><E106/><V104/><F104/><W42/><G48/><T56/><D56/><U71/><E110/><V59/><F59/><W0/><G0/><T6/><D6/><U9/><E70/><V113/><F113/><W4/><G4/><T20/><D20/><U96/><E71/><V103/><F103/><W100/><G100/><T5/><D5/><U81/><E114/><V21/><F45/><W130/><G83/><AGARI ba="1,1" hai="24,29,35,46,49,52,74,77,83,88,90,91,93,94" machi="83" ten="40,5200,0" yaku="1,1,54,2,53,0" doraHai="124" doraHaiUra="126" who="0" fromWho="3" sc="264,65,439,0,284,0,3,-55" owari="329,13.0,439,54.0,284,-12.0,-52,-55.0" /></mjloggm>