<mjloggm ver="2.3"><GO type="41" lobby="0"/><UN n0="%79%75%6A%69%2E%68" n1="%E2%93%9D%53%75%70%68%78" n2="%E3%81%A9%E3%82%93%E3%81%8F%E3%81%BE" n3="%E3%82%B4%E3%83%83%E3%83%89%E3%83%90%E3%83%BC%E3%83%89" dan="15,18,15,16" rate="2027.47,2088.10,1979.09,1976.49" sx="M,M,M,M"/><TAIKYOKU oya="0"/><INIT seed="0,0,0,0,1,37" ten="250,250,250,250" oya="0" hai0="72,73,55,43,28,19,18,46,58,65,40,20,124" hai1="67,11,17,89,116,30,84,77,16,2,120,83,126" hai2="127,32,125,34,70,109,24,100,21,103,76,8,36" hai3="71,15,60,95,78,114,111,102,110,104,5,50,14"/><T68/><D68/><U132/><E116/><V131/><F109/><N who="3" m="41483" /><G104/><T42/><D124/><U69/><E120/><V10/><F70/><W130/><G114/><T115/><D115/><U41/><E132/><V101/><F131/><W63/><G130/><T44/><D65/><U108/><E30/><V121/><F121/><W113/><G113/><T4/><D4/><U25/><E25/><V62/><F62/><N who="3" m="23595" /><G71/><T61/><D72/><U112/><E126/><V134/><F127/><W54/><G78/><T97/><D73/><U66/><E108/><V98/><F76/><W90/><G102/><T22/><D97/><U74/><E112/><V52/><F101/><W94/><G94/><T6/><D6/><U56/><E69/><V119/><F100/><W9/><G95/><T31/><D28/><U47/><E67/><V107/><F103/><W53/><G90/><T26/><D31/><U80/><E56/><V91/><F107/><W82/><G82/><T51/><REACH who="0" step="1"/><D46/><REACH who="0" ten="240,250,250,250" step="2"/><U85/><E66/><V12/><F125/><W135/><G135/><T33/><D33/><U57/><E74/><V129/><F32/><W128/><G128/><T133/><D133/><U1/><E57/><V48/><F34/><W122/><G122/><T13/><AGARI ba="0,1" hai="13,18,19,20,22,26,40,42,43,44,51,55,58,61" machi="13" ten="20,18000,2" yaku="1,1,0,1,7,1,8,1,52,3,53,0" doraHai="37" doraHaiUra="117" who="0" fromWho="0" sc="240,190,250,-60,250,-60,250,-60" /><INIT seed="0,1,0,0,0,61" ten="430,190,190,190" oya="0" hai0="88,56,44,26,99,0,86,12,30,64,20,18,115" hai1="27,83,121,1,31,74,132,19,131,52,109,63,76" hai2="84,92,110,134,51,73,43,14,101,55,96,90,41" hai3="62,124,13,8,22,125,89,34,54,80,94,40,129"/><T65/><D115/><U113/><E121/><V79/><F110/><W25/><G34/><T112/><D112/><U75/><E113/><V128/><F128/><W59/><G129/><T24/><D0/><U108/><E131/><V77/><F134/><W35/><G35/><T57/><D99/><U103/><E1/><V98/><F98/><N who="3" m="57679" /><G40/><T50/><D57/><U48/><E19/><V93/><F79/><W16/><G80/><T28/><D56/><U6/><E6/><AGARI ba="1,0" hai="6,8,13,16,22,25,54,59,62,124,125" m="57679" machi="6" ten="30,2000,0" yaku="25,1,54,1" doraHai="61" who="3" fromWho="1" sc="430,0,190,-23,190,0,190,23" /><INIT seed="1,0,0,5,1,39" ten="430,167,190,213" oya="1" hai0="67,26,90,99,117,82,23,56,5,52,60,70,106" hai1="120,37,71,72,102,62,33,19,53,54,98,130,73" hai2="27,31,1,46,135,63,84,45,49,87,34,13,25" hai3="4,18,29,124,107,100,57,111,47,127,21,59,48"/><U44/><E120/><V2/><F135/><W38/><G38/><T96/><D117/><U132/><E33/><V89/><F63/><W110/><G29/><T64/><D106/><U101/><E130/><V119/><F119/><W104/><G4/><T28/><D5/><U118/><E118/><V74/><F74/><W12/><G100/><T16/><D28/><U134/><E19/><V112/><F27/><W51/><G21/><T80/><D67/><U65/><E102/><V109/><F109/><N who="3" m="41483" /><G18/><T43/><D43/><N who="1" m="22639" /><E73/><V81/><F45/><W129/><G12/><T108/><D108/><U66/><E72/><V17/><F87/><W92/><G92/><T35/><D35/><U93/><E66/><V114/><F1/><W14/><G14/><T77/><D77/><U133/><AGARI ba="0,0" hai="53,54,62,65,71,93,98,101,132,133,134" m="22639" machi="133" ten="30,3000,0" yaku="20,1,52,1" doraHai="39" who="1" fromWho="1" sc="430,-10,167,30,190,-10,213,-10" /><INIT seed="1,1,0,3,2,18" ten="420,197,180,203" oya="1" hai0="115,7,15,103,121,50,62,124,95,34,39,96,27" hai1="100,33,129,126,94,72,59,80,54,57,31,11,55" hai2="19,99,28,134,58,38,130,91,20,84,119,92,65" hai3="135,46,0,37,132,133,104,8,131,88,45,85,79"/><U93/><E129/><V42/><F130/><W6/><G104/><T68/><D115/><U51/><E126/><V48/><F134/><W61/><G131/><T16/><D39/><U109/><E109/><V36/><F28/><W49/><G79/><T120/><D124/><U113/><E113/><V70/><F70/><W117/><G117/><T56/><D68/><U78/><E100/><V25/><F119/><W13/><G61/><T4/><D50/><U125/><E125/><V32/><F32/><W21/><G37/><T52/><D27/><U76/><E11/><V30/><F30/><W71/><G71/><T90/><D34/><U102/><E102/><V12/><F25/><W67/><G67/><T26/><D26/><U22/><E33/><V5/><F5/><W98/><G98/><T9/><D103/><U35/><E35/><V41/><F41/><W3/><G3/><T112/><D112/><U123/><E123/><AGARI ba="1,0" hai="4,7,9,15,16,52,56,62,90,95,96,120,121,123" machi="123" ten="40,5200,0" yaku="13,1,54,2" doraHai="18" who="0" fromWho="1" sc="420,55,197,-55,180,0,203,0" /><INIT seed="2,0,0,1,2,52" ten="475,142,180,203" oya="2" hai0="125,1,98,19,92,22,42,123,55,28,106,113,119" hai1="9,44,23,85,16,31,62,30,82,77,101,76,47" hai2="89,13,63,33,81,110,114,87,70,122,17,27,80" hai3="130,38,26,59,57,51,93,3,105,74,117,90,118"/><V48/><F114/><W14/><G3/><T128/><D28/><U8/><E101/><V34/><F122/><W75/><G105/><T50/><D22/><U108/><E108/><V116/><F116/><W60/><G38/><T7/><D19/><U126/><E126/><V21/><F110/><W5/><G26/><T61/><D7/><U127/><E127/><V0/><F0/><W79/><G79/><T132/><D92/><U18/><E62/><V39/><F39/><W10/><G130/><T111/><D98/><U25/><E77/><V104/><F104/><W84/><G51/><T109/><D55/><U129/><E129/><V133/><F133/><W135/><G135/><T69/><D42/><U120/><E120/><V86/><F48/><W95/><G95/><T20/><D20/><U46/><REACH who="1" step="1"/><E18/><REACH who="1" ten="475,132,180,203" step="2"/><V68/><F63/><W4/><G60/><T107/><D61/><U37/><E37/><V94/><F68/><W103/><G103/><T66/><D109/><U36/><E36/><V24/><F70/><W102/><G102/><T29/><D69/><U41/><E41/><V2/><F34/><W53/><G118/><T88/><D119/><U96/><E96/><V71/><F71/><W131/><G131/><T67/><D128/><U64/><E64/><V12/><F33/><W78/><G78/><T124/><D111/><U35/><E35/><V72/><F17/><W15/><G117/><T73/><D124/><U91/><E91/><V100/><F89/><W54/><G90/><T43/><D88/><U97/><E97/><V11/><F100/><W115/><G54/><RYUUKYOKU ba="0,1" sc="475,-10,132,30,180,-10,203,-10" hai1="8,9,16,23,25,30,31,44,46,47,76,82,85" /><INIT seed="3,1,1,2,1,111" ten="465,162,170,193" oya="3" hai0="108,82,4,46,125,72,124,15,121,45,65,80,0" hai1="74,117,34,116,44,16,104,130,88,79,43,25,69" hai2="61,81,40,58,103,86,92,51,135,11,52,53,109" hai3="39,56,96,64,27,17,78,54,62,9,5,12,94"/><W26/><G39/><T132/><D108/><U8/><E69/><V13/><F135/><W6/><G78/><N who="0" m="44103" /><D121/><U91/><E104/><V101/><F40/><W131/><G131/><T23/><D132/><U35/><E79/><V18/><F109/><W123/><G123/><T120/><D82/><U84/><E74/><V119/><F92/><W106/><G106/><T102/><D102/><U2/><E130/><V76/><REACH who="2" step="1"/><F119/><REACH who="2" ten="465,162,160,193" step="2"/><W47/><G6/><T127/><D120/><U60/><E117/><V99/><F99/><W68/><G5/><T32/><D4/><U57/><E116/><V59/><AGARI ba="1,2" hai="11,13,18,51,52,53,58,59,61,76,81,86,101,103" machi="59" ten="20,8000,1" yaku="1,1,0,1,7,1,8,1,54,1,53,0" doraHai="111" doraHaiUra="63" who="2" fromWho="2" sc="465,-21,162,-21,160,103,193,-41" /><INIT seed="4,0,0,3,3,104" ten="444,141,263,152" oya="0" hai0="37,107,73,29,89,49,114,91,51,74,76,124,123" hai1="66,50,77,28,54,18,120,117,113,3,106,128,65" hai2="94,56,43,64,86,19,111,110,119,25,126,90,81" hai3="32,92,0,34,122,1,131,134,27,88,105,52,93"/><T127/><D37/><U12/><E117/><V125/><F43/><W48/><G105/><T69/><D69/><U80/><E120/><V87/><F64/><W83/><G122/><T13/><D123/><U109/><E109/><V57/><F119/><W10/><G134/><T71/><D71/><U2/><E106/><V100/><F57/><W31/><G34/><T85/><D29/><U47/><E128/><V78/><F56/><W36/><G36/><T17/><D107/><U58/><E28/><V96/><F25/><W30/><G30/><T84/><D76/><U68/><E113/><V44/><F44/><W132/><G132/><T101/><D101/><U63/><E66/><V16/><F19/><W11/><G131/><T5/><D17/><U129/><E68/><V26/><F16/><W118/><G118/><T20/><D20/><U6/><E6/><V99/><F26/><W41/><G41/><T9/><D9/><U108/><E108/><V95/><F99/><W33/><G33/><T42/><D42/><U22/><REACH who="1" step="1"/><E129/><REACH who="1" ten="444,131,263,152" step="2"/><V55/><F55/><W75/><G31/><T23/><D5/><U133/><E133/><V116/><F116/><W24/><G32/><T130/><D130/><U135/><E135/><V79/><F111/><W102/><G1/><T97/><D114/><U59/><E59/><V62/><F110/><W14/><G0/><T121/><D121/><U103/><E103/><V98/><F62/><W115/><G102/><T8/><D8/><U39/><E39/><V60/><F60/><W53/><G115/><T46/><D46/><U82/><E82/><AGARI ba="0,1" hai="78,79,81,82,86,87,90,94,95,96,98,100,125,126" machi="82" ten="40,8000,1" yaku="6,1,9,1,34,3" doraHai="104" who="2" fromWho="1" sc="444,0,131,-80,263,90,152,0" /><INIT seed="5,0,0,4,5,128" ten="444,51,353,152" oya="1" hai0="69,44,35,50,53,42,122,11,83,95,59,133,29" hai1="63,60,1,112,73,32,118,126,57,2,110,100,23" hai2="125,94,70,16,28,111,109,97,40,8,30,10,84" hai3="131,64,82,71,27,119,114,58,15,116,88,80,7"/><U105/><E118/><N who="3" m="45098" /><G71/><T93/><D122/><U68/><E112/><V19/><F70/><W77/><G114/><T76/><D133/><U120/><E120/><V20/><F40/><W12/><G131/><T41/><D41/><U5/><E23/><V113/><F113/><W107/><G107/><T134/><D134/><U39/><E126/><V43/><F43/><W67/><G27/><T115/><D115/><U54/><E73/><V66/><F66/><N who="3" m="25131" /><G58/><T38/><D69/><U130/><E130/><V90/><F125/><W117/><G7/><T87/><REACH who="0" step="1"/><D11/><REACH who="0" ten="434,51,353,152" step="2"/><U56/><E68/><V9/><F111/><W46/><G117/><T14/><D14/><U85/><E110/><V51/><F109/><W13/><G13/><T31/><D31/><U17/><E2/><V6/><F30/><W121/><G15/><T79/><D79/><U55/><E1/><V65/><F28/><W18/><G77/><T33/><D33/><U24/><E32/><V4/><F6/><W132/><G132/><T99/><D99/><U102/><E5/><V104/><F4/><W47/><G121/><T3/><D3/><U48/><E17/><V96/><F8/><W74/><G12/><T129/><D129/><U49/><E24/><AGARI ba="0,1" hai="24,29,35,38,42,44,50,53,59,76,83,87,93,95" machi="24" ten="40,1300,0" yaku="1,1,53,0" doraHai="128" doraHaiUra="127" who="0" fromWho="1" sc="434,23,51,-13,353,0,152,0" /><INIT seed="6,0,0,3,4,7" ten="457,38,353,152" oya="2" hai0="23,59,47,109,58,29,61,86,66,135,37,41,70" hai1="78,106,79,3,55,67,15,35,13,125,107,118,16" hai2="97,39,49,126,28,124,83,120,91,112,18,115,75" hai3="9,93,72,71,129,32,34,117,20,92,134,44,114"/><V116/><F39/><W89/><G71/><T43/><D109/><U80/><E3/><V57/><F116/><W5/><G72/><T84/><D135/><U102/><E118/><V25/><F120/><W40/><G134/><T77/><D29/><U21/><E35/><V54/><F18/><W111/><G111/><T56/><D77/><U8/><E125/><N who="2" m="48235" /><F75/><W101/><G101/><T128/><D128/><U52/><E67/><V88/><F97/><W96/><G93/><T24/><D43/><U45/><E102/><V50/><F49/><W48/><G117/><T98/><D98/><U82/><E45/><V132/><F132/><W60/><G129/><T119/><D119/><U62/><E62/><V6/><F6/><W14/><G60/><T100/><D100/><U68/><E68/><V90/><F83/><N who="1" m="31785" /><E107/><V105/><F105/><W30/><G114/><N who="2" m="43561" /><F91/><W19/><G30/><T51/><D37/><U42/><E42/><V53/><F53/><N who="1" m="20553" /><E106/><V63/><F63/><W73/><G73/><T36/><D36/><U122/><E122/><V74/><F74/><W38/><G38/><T64/><D64/><U130/><E130/><V87/><F87/><W1/><AGARI ba="0,0" hai="1,5,9,14,19,20,32,34,40,44,48,89,92,96" machi="1" ten="20,2700,0" yaku="0,1,7,1,52,1" doraHai="7" who="3" fromWho="3" sc="457,-7,38,-7,353,-13,152,27" /><INIT seed="7,0,0,4,2,65" ten="450,31,340,179" oya="3" hai0="52,81,75,134,15,64,135,98,10,119,129,0,73" hai1="22,28,115,6,101,112,48,16,8,62,4,123,72" hai2="116,118,37,60,19,14,23,49,7,29,132,80,92" hai3="38,76,126,131,24,74,89,51,35,33,41,63,56"/><W93/><G38/><T50/><D0/><U105/><E101/><V106/><F106/><W70/><G70/><T27/><D119/><U21/><E48/><V96/><F60/><W58/><G58/><T97/><D129/><U13/><E62/><V40/><F132/><N who="0" m="50730" /><D27/><U100/><E100/><V108/><F108/><W30/><G131/><T3/><D3/><U86/><E86/><V55/><F37/><W2/><G2/><T26/><D26/><U36/><E72/><N who="0" m="27721" /><D81/><U54/><E54/><V67/><F40/><W84/><G126/><T133/><D133/><U43/><E43/><V90/><F67/><W113/><G74/><T17/><D64/><U87/><E87/><V85/><F29/><W57/><G76/><T12/><D12/><U59/><E59/><AGARI ba="0,0" hai="10,15,17,50,52,59,97,98" m="27721,50730" machi="59" ten="30,2000,0" yaku="20,1,54,1" doraHai="65" who="0" fromWho="1" sc="450,20,31,-20,340,0,179,0" owari="470,57.0,11,-49.0,340,14.0,179,-22.0" /></mjloggm>