<mjloggm ver="2.3"><GO type="41" lobby="0"/><UN n0="%E6%B1%9F%E6%88%B8%E5%B7%9D%E5%8C%BA%E3%82%AB%E3%83%94%E3%83%90%E3%83%A9" n1="%E2%93%9D%53%75%70%68%78" n2="%33%31%34%31%35%39%32" n3="%E3%83%94%E3%82%B6%E3%83%9D%E3%83%86%E3%83%88%E8%A6%AA%E5%88%86" dan="13,18,14,14" rate="1890.73,2137.84,1882.49,1925.61" sx="M,M,M,M"/><TAIKYOKU oya="0"/><INIT seed="0,0,0,5,0,75" ten="250,250,250,250" oya="0" hai0="90,47,21,132,80,121,62,71,68,29,25,110,61" hai1="57,60,52,72,50,63,1,104,130,97,14,99,16" hai2="82,56,101,78,133,84,117,128,102,24,107,70,123" hai3="66,23,20,7,76,91,124,12,35,9,112,67,2"/><T15/><D121/><U115/><E1/><V30/><F123/><W106/><G112/><T53/><D132/><U26/><E115/><V13/><F70/><W65/><G106/><T100/><D100/><U85/><E72/><V6/><F128/><W33/><G124/><T131/><D131/><U48/><E26/><V118/><F133/><W92/><G76/><T108/><D15/><U105/><E130/><V111/><F111/><N who="0" m="42538" /><D71/><U59/><E85/><V19/><F6/><W135/><G135/><T120/><D120/><U87/><E87/><V5/><F5/><W38/><G38/><T129/><D129/><U41/><E41/><V127/><F127/><W77/><G77/><T10/><D10/><U125/><E125/><V42/><F42/><W55/><G2/><T89/><D68/><U39/><E39/><V45/><F45/><W96/><REACH who="3" step="1"/><G55/><REACH who="3" ten="250,250,250,240" step="2"/><T126/><D126/><U88/><E105/><V114/><F107/><W86/><G86/><N who="0" m="50375" /><D90/><U28/><E88/><V134/><F134/><W0/><G0/><T22/><D53/><U32/><E104/><V116/><F114/><W79/><G79/><T46/><D46/><U69/><E52/><V113/><F113/><W36/><G36/><T11/><D47/><U64/><E99/><V40/><F40/><W34/><AGARI ba="0,1" hai="7,9,12,20,23,33,34,35,65,66,67,91,92,96" machi="34" ten="40,8000,1" yaku="1,1,0,1,53,2" doraHai="75" doraHaiUra="17" who="3" fromWho="3" sc="250,-40,250,-20,250,-20,240,90" /><INIT seed="1,0,0,1,1,34" ten="210,230,230,330" oya="1" hai0="107,90,114,116,80,27,115,49,59,133,40,123,92" hai1="53,47,76,94,65,33,127,95,106,103,119,2,11" hai2="39,54,68,48,108,46,86,101,5,77,128,113,111" hai3="42,24,82,64,44,97,35,56,55,79,38,29,132"/><U21/><E33/><V98/><F68/><W109/><G109/><N who="2" m="42057" /><F39/><W69/><G132/><T41/><D133/><U50/><E119/><V52/><F128/><W71/><G97/><T14/><D107/><U15/><E127/><V81/><F113/><W125/><G125/><T19/><D116/><U66/><E106/><N who="2" m="63799" /><F5/><W18/><G64/><T99/><D123/><U85/><E2/><V88/><F77/><W122/><G18/><T8/><D115/><U126/><E21/><V84/><F84/><W45/><G45/><T102/><D114/><U25/><E25/><V57/><F57/><W4/><G4/><T58/><D27/><U37/><E37/><V12/><F12/><W31/><G31/><T62/><D49/><U96/><E126/><V130/><F130/><W9/><G9/><T7/><D7/><U117/><E117/><V93/><F93/><W89/><G122/><T121/><D121/><U74/><E74/><V83/><F83/><W135/><G135/><T36/><D36/><U0/><E95/><V3/><F3/><W100/><G71/><T70/><D70/><U75/><E0/><V63/><F63/><W28/><G69/><T110/><D110/><U87/><E75/><V30/><F30/><W23/><G29/><T20/><D8/><U60/><E76/><V32/><F32/><W10/><G35/><T118/><D118/><U105/><E105/><V22/><F22/><W78/><G23/><T131/><D131/><U61/><E61/><V17/><F17/><W67/><G28/><T124/><D124/><U72/><E11/><V1/><F1/><RYUUKYOKU ba="0,0" sc="210,-10,230,-10,230,30,330,-10" hai2="46,48,52,54,81,86,88" /><INIT seed="2,1,0,4,1,25" ten="200,220,260,320" oya="2" hai0="46,90,109,4,128,103,122,85,113,59,131,65,68" hai1="123,89,33,38,69,91,116,92,61,78,18,66,17" hai2="71,98,47,132,94,112,52,83,134,15,57,2,56" hai3="29,13,93,24,28,118,115,102,70,73,107,105,95"/><V86/><F71/><W27/><G118/><T55/><D122/><U42/><E116/><V20/><F2/><W44/><G70/><T121/><D121/><U8/><E123/><V79/><F112/><W48/><G73/><T84/><D113/><U96/><E33/><V49/><F134/><W7/><G115/><T22/><D103/><U124/><E78/><V32/><F32/><W130/><G130/><T30/><D68/><U120/><E124/><V9/><F20/><W3/><G3/><T81/><D4/><U35/><E35/><V53/><F53/><W82/><G82/><T126/><D65/><U34/><E34/><V119/><F119/><W23/><G7/><T88/><D46/><U135/><E135/><V76/><F76/><W19/><G105/><T45/><D45/><U114/><E42/><V14/><F14/><W104/><G107/><T117/><D117/><U100/><E38/><V101/><F132/><W6/><G6/><AGARI ba="1,0" hai="6,9,15,47,49,52,56,57,79,83,86,94,98,101" machi="6" ten="30,5800,0" yaku="7,1,8,1,54,1" doraHai="25" who="2" fromWho="3" sc="200,0,220,0,260,61,320,-61" /><INIT seed="2,2,0,0,4,128" ten="200,220,321,259" oya="2" hai0="20,32,35,78,87,89,104,115,101,28,129,34,95" hai1="69,122,6,94,24,16,59,106,114,22,68,4,103" hai2="73,131,71,27,82,31,42,81,40,66,133,64,46" hai3="23,84,1,98,18,119,85,77,132,8,17,45,112"/><V21/><F131/><W91/><G119/><T93/><D129/><U53/><E106/><V102/><F133/><W2/><G112/><T0/><D115/><U116/><E114/><V13/><F42/><W123/><G123/><T50/><D0/><U90/><E116/><V3/><F3/><W127/><G127/><T88/><D78/><U11/><E103/><V100/><F13/><W110/><G110/><T120/><D120/><U29/><E122/><V130/><F130/><W86/><G77/><T41/><D104/><U33/><E33/><V113/><F113/><W30/><G30/><T117/><D101/><N who="2" m="39018" /><F73/><W96/><G132/><T99/><D117/><U105/><E105/><V26/><F26/><W14/><G2/><T44/><REACH who="0" step="1"/><D20/><REACH who="0" ten="190,220,321,259" step="2"/><U47/><E22/><V52/><F71/><W60/><G1/><T111/><D111/><U97/><E69/><V19/><F31/><AGARI ba="2,1" hai="28,31,32,34,35,41,44,50,87,88,89,93,95,99" machi="31" ten="40,2600,0" yaku="1,1,54,1,53,0" doraHai="128" doraHaiUra="10" who="0" fromWho="2" sc="190,42,220,0,321,-32,259,0" /><INIT seed="3,0,0,4,2,100" ten="232,220,289,259" oya="3" hai0="40,104,6,114,133,127,74,4,96,77,34,18,49" hai1="29,102,88,75,62,7,121,66,80,112,84,87,92" hai2="8,50,35,118,117,12,73,110,89,25,122,101,76" hai3="14,115,38,126,32,17,105,71,124,51,9,37,15"/><W113/><G71/><T2/><D114/><U42/><E121/><V93/><F110/><W86/><G32/><T130/><D34/><U0/><E112/><V90/><F122/><W119/><G119/><T111/><D111/><U63/><E75/><V20/><F35/><W82/><G113/><T22/><D127/><N who="3" m="48681" /><G115/><T47/><D130/><U68/><E29/><V27/><F27/><W55/><G105/><T58/><D133/><U125/><E42/><V10/><F10/><W24/><G24/><T78/><D58/><U129/><E129/><V98/><F76/><N who="3" m="46407" /><G15/><T107/><D96/><U81/><E125/><V45/><F73/><W131/><G131/><T97/><D97/><U106/><E87/><V120/><F120/><W26/><G26/><T65/><D78/><U5/><E0/><V13/><F13/><W69/><G69/><T16/><D18/><U61/><E68/><V59/><F118/><W44/><AGARI ba="0,0" hai="9,14,17,37,38,44,51,55" m="46407,48681" machi="44" ten="30,1500,0" yaku="18,1" doraHai="100" who="3" fromWho="3" sc="232,-5,220,-5,289,-5,259,15" /><INIT seed="3,1,0,2,0,94" ten="227,215,284,274" oya="3" hai0="129,112,100,107,124,25,6,60,69,125,123,45,14" hai1="0,12,88,90,73,96,119,52,133,42,37,68,113" hai2="75,95,93,19,79,105,84,81,120,36,89,132,127" hai3="1,109,38,47,32,30,126,41,99,22,72,58,63"/><W34/><G1/><T128/><D45/><U4/><E113/><V97/><F36/><W9/><G72/><T92/><D14/><U131/><E68/><V15/><F120/><W54/><G126/><N who="0" m="48747" /><D92/><U26/><E131/><N who="0" m="50249" /><D6/><U44/><E133/><V35/><F132/><W104/><G109/><T5/><D5/><U121/><E121/><V21/><F35/><W83/><G9/><T67/><D25/><U87/><E26/><V62/><F127/><W46/><G46/><T13/><D13/><U80/><E12/><V57/><F95/><W117/><G83/><T65/><D65/><U20/><E80/><V66/><REACH who="2" step="1"/><F105/><REACH who="2" ten="227,215,274,274" step="2"/><W135/><G135/><T115/><D123/><U110/><E110/><V40/><F40/><W106/><G34/><T101/><D101/><U53/><E42/><V116/><F116/><W29/><G117/><T61/><D61/><U114/><E119/><V85/><AGARI ba="1,1" hai="15,19,21,57,62,66,75,79,81,84,85,89,93,97" machi="85" ten="30,4000,0" yaku="1,1,0,1,52,1,53,0" doraHai="94" doraHaiUra="103" who="2" fromWho="2" sc="227,-11,215,-11,274,53,274,-21" /><INIT seed="4,0,0,0,3,44" ten="216,204,327,253" oya="0" hai0="20,8,41,34,43,122,27,131,115,101,52,46,13" hai1="118,108,104,23,29,50,120,80,89,116,60,58,28" hai2="109,54,31,117,97,3,91,129,85,82,111,72,19" hai3="77,1,25,119,92,76,106,48,24,121,15,39,42"/><T94/><D122/><U51/><E104/><V9/><F129/><W2/><G119/><T37/><D131/><U112/><E108/><V32/><F117/><W98/><G106/><T87/><D34/><U128/><E128/><V56/><F72/><W83/><G39/><T18/><D115/><U22/><E112/><V78/><F32/><W36/><G36/><T38/><D38/><U88/><E58/><V95/><F31/><W55/><G42/><T53/><D43/><U40/><E40/><V59/><F59/><W135/><G135/><T35/><D35/><U124/><E80/><V64/><F64/><W114/><G114/><T113/><D113/><U130/><E130/><V73/><F73/><W126/><G121/><T45/><D45/><U30/><E60/><V107/><F107/><W66/><G66/><T102/><D102/><U57/><E57/><V84/><F97/><W125/><G15/><T133/><D133/><U0/><E30/><V93/><F93/><W47/><G83/><T65/><D65/><U33/><E33/><V99/><F99/><W17/><G98/><T11/><D11/><U132/><E132/><V127/><F127/><N who="3" m="48651" /><G92/><T10/><D10/><U90/><E124/><V62/><F3/><N who="3" m="1035" /><G17/><T67/><D67/><U14/><E0/><V86/><F86/><W134/><G134/><T70/><D70/><U110/><E120/><V61/><F61/><W123/><G123/><T21/><D101/><U7/><E118/><V12/><AGARI ba="0,0" hai="9,12,19,54,56,62,78,82,84,85,91,95,109,111" machi="12" ten="30,1100,0" yaku="0,1" doraHai="44" who="2" fromWho="2" sc="216,-5,204,-3,327,11,253,-3" /><INIT seed="5,0,0,2,2,122" ten="211,201,338,250" oya="1" hai0="70,98,134,46,128,43,63,100,99,73,33,121,57" hai1="55,6,92,111,34,123,118,18,36,74,106,37,19" hai2="67,28,75,10,108,133,126,109,53,72,90,96,113" hai3="39,49,97,135,45,68,50,65,130,131,81,22,38"/><U76/><E106/><V88/><F28/><W95/><G81/><T24/><D121/><U20/><E123/><V84/><F67/><W124/><G22/><T110/><D73/><N who="2" m="28234" /><F10/><W62/><G97/><T41/><D110/><N who="2" m="42602" /><F133/><W5/><G95/><T7/><D134/><U101/><E92/><N who="2" m="56327" /><F53/><W35/><G35/><T80/><D70/><U52/><E55/><V120/><F120/><W29/><G29/><T132/><D132/><U114/><E52/><V26/><F26/><W30/><G135/><T77/><D24/><U48/><E111/><V17/><F17/><W47/><G30/><T115/><D33/><U87/><E19/><V16/><F16/><W116/><G5/><T25/><D7/><U56/><E6/><V85/><F126/><W102/><G124/><T129/><D25/><U3/><E18/><V27/><F27/><W42/><G116/><T61/><D43/><U93/><E118/><V105/><F113/><W13/><G13/><T89/><D41/><U112/><E112/><V51/><F51/><W0/><G0/><T21/><D115/><U78/><E48/><V104/><F90/><W82/><G49/><T69/><D89/><U12/><E114/><V8/><F8/><W2/><G2/><T15/><D15/><U125/><E12/><V71/><F71/><W31/><G31/><T11/><D69/><U32/><E125/><V58/><F58/><W9/><G9/><T79/><D57/><U1/><E56/><V103/><F103/><W4/><G4/><T44/><D100/><U14/><E101/><V59/><F59/><W83/><G102/><RYUUKYOKU ba="0,0" sc="211,-10,201,-10,338,30,250,-10" hai2="84,85,104,105" /><INIT seed="6,1,0,0,5,88" ten="201,191,368,240" oya="2" hai0="60,98,82,78,93,7,34,103,83,105,49,31,125" hai1="76,75,50,65,96,3,8,69,126,54,42,116,51" hai2="55,53,130,1,12,17,61,109,124,114,40,47,72" hai3="66,46,92,97,123,23,99,37,21,29,113,91,43"/><V118/><F114/><W135/><G123/><T90/><D125/><U80/><E116/><V22/><F124/><W30/><G135/><T112/><D112/><U5/><E126/><V62/><F72/><W71/><G113/><T132/><D132/><U74/><E74/><V15/><F118/><W77/><G77/><T24/><D7/><U89/><E42/><V56/><F1/><W70/><G99/><T131/><D131/><U127/><E127/><V100/><F130/><W58/><G71/><T111/><D111/><U104/><E54/><V106/><F109/><W87/><G70/><T6/><D6/><U41/><E41/><V128/><F128/><W0/><G0/><T48/><D60/><U64/><E69/><V108/><F108/><W120/><G120/><T33/><D83/><U16/><E16/><V2/><F2/><W84/><G66/><T9/><D9/><U67/><REACH who="1" step="1"/><E89/><REACH who="1" ten="201,181,368,240" step="2"/><V101/><F55/><W10/><G30/><T57/><D57/><U115/><E115/><V107/><F62/><W117/><G58/><T36/><D36/><U79/><E79/><V18/><F100/><AGARI ba="1,1" hai="3,5,8,50,51,64,65,67,75,76,80,96,100,104" machi="100" ten="40,1300,0" yaku="1,1,53,0" doraHai="88" doraHaiUra="28" who="1" fromWho="2" sc="201,0,181,26,368,-16,240,0" /><INIT seed="7,0,0,5,5,60" ten="201,207,352,240" oya="3" hai0="49,86,11,110,135,8,75,64,2,12,28,84,21" hai1="93,16,100,111,92,95,79,68,57,36,38,102,114" hai2="45,70,134,15,47,43,14,62,73,127,29,32,66" hai3="118,83,20,39,51,10,88,105,52,78,71,121,56"/><W6/><G118/><T108/><D75/><U87/><E68/><V101/><F73/><W115/><G121/><T13/><D49/><U74/><E111/><V126/><F134/><W103/><G39/><T96/><D135/><U30/><E30/><V53/><F101/><N who="1" m="39017" /><E74/><V94/><F94/><W27/><G71/><T33/><D28/><U104/><E38/><V81/><F81/><W133/><G133/><T37/><D37/><U132/><E104/><V119/><F119/><W72/><G115/><T17/><D2/><U65/><E36/><V46/><F53/><W82/><G105/><T58/><D33/><U128/><E128/><V129/><F43/><W106/><G106/><T25/><D96/><U31/><E31/><V122/><F122/><W23/><G103/><T3/><D3/><U120/><E114/><V50/><F50/><W67/><G27/><T19/><D110/><U44/><E44/><V26/><F129/><W34/><G34/><T123/><D123/><U59/><E132/><V61/><F61/><W80/><G72/><T35/><D35/><U89/><E79/><V99/><F99/><W98/><G78/><T112/><D112/><U117/><E117/><V63/><F63/><N who="3" m="38375" /><G6/><N who="0" m="3095" /><D108/><U124/><E120/><V91/><F91/><W76/><G10/><T5/><D5/><U54/><E89/><V1/><F1/><W0/><G76/><T55/><D64/><U85/><E65/><V4/><F4/><W90/><G0/><T48/><AGARI ba="0,0" hai="11,13,17,19,21,25,48,55,58,84,86" m="3095" machi="48" ten="30,1100,0" yaku="8,1" doraHai="60" who="0" fromWho="0" sc="201,11,207,-3,352,-3,240,-5" owari="212,-19.0,204,-30.0,349,45.0,235,4.0" /></mjloggm>