<mjloggm ver="2.3"><GO type="41" lobby="0"/><UN n0="%E2%93%9D%53%75%70%68%78" n1="%28%3D%5E%CF%89%5E%3D%29" n2="%E3%82%B4%E3%82%B7%E3%82%AB%E3%83%AD%E3%82%A4%E3%83%89" n3="%E3%81%82%E3%82%93%E3%81%93%E3%81%AE%E3%81%8A%E3%81%AA%E3%81%8B" dan="17,16,15,15" rate="2039.96,2113.13,1989.48,2028.53" sx="M,F,M,M"/><TAIKYOKU oya="0"/><INIT seed="0,0,0,0,2,119" ten="250,250,250,250" oya="0" hai0="15,84,54,36,61,118,111,22,32,123,31,76,47" hai1="121,122,88,130,63,38,53,94,128,112,64,71,116" hai2="58,69,91,96,30,67,42,41,9,117,28,93,126" hai3="104,21,107,99,33,44,12,89,29,114,110,62,50"/><T34/><D118/><U68/><E116/><V132/><F117/><W95/><G110/><T86/><D111/><U5/><E38/><V3/><F132/><W135/><G114/><T59/><D123/><U83/><E112/><V52/><F126/><W72/><G72/><T113/><D113/><U103/><E71/><V20/><F67/><W1/><G1/><T120/><D120/><U70/><E70/><V80/><F69/><W66/><G33/><T6/><D34/><U131/><E5/><V108/><F108/><W35/><G35/><T55/><D32/><U2/><E2/><V7/><F80/><W25/><G12/><T23/><D76/><U40/><E40/><V102/><F102/><W8/><G8/><N who="0" m="4503" /><D36/><U19/><E19/><V97/><F97/><W43/><REACH who="3" step="1"/><G135/><REACH who="3" ten="250,250,250,240" step="2"/><T74/><D74/><U105/><E105/><V92/><F3/><W129/><G129/><T124/><D124/><U45/><E103/><V82/><F9/><W109/><G109/><T133/><D133/><U14/><E14/><V127/><F127/><W48/><G48/><N who="0" m="28959" /><D23/><U46/><E83/><V65/><F82/><W16/><G16/><T11/><D11/><U134/><E134/><V90/><F20/><W49/><G49/><T98/><D22/><U77/><E77/><V37/><F37/><W56/><AGARI ba="0,1" hai="21,25,29,43,44,50,56,62,66,89,95,99,104,107" machi="56" ten="20,2700,0" yaku="1,1,0,1,7,1,53,0" doraHai="119" doraHaiUra="4" who="3" fromWho="3" sc="250,-13,250,-7,250,-7,240,37" /><INIT seed="1,0,0,2,4,117" ten="237,243,243,277" oya="1" hai0="99,90,89,29,73,11,14,31,22,61,102,45,33" hai1="55,103,47,18,48,24,54,120,26,0,125,66,109" hai2="27,39,36,9,104,122,78,94,81,131,38,57,75" hai3="72,133,30,108,106,21,135,76,62,52,68,126,35"/><U25/><E0/><V105/><F131/><W51/><G108/><T118/><D73/><U2/><E2/><V46/><F122/><W4/><G35/><T82/><D33/><U13/><E109/><V59/><F46/><W67/><G106/><T43/><D61/><U34/><E125/><V97/><F9/><W15/><G126/><T110/><D118/><U12/><E34/><V84/><F27/><W101/><G101/><T98/><D110/><U3/><E3/><V41/><F41/><W77/><G72/><T129/><D129/><U53/><E120/><V116/><F116/><W1/><G1/><T134/><D134/><N who="3" m="51209" /><G4/><T58/><D102/><U127/><E127/><V114/><F114/><W111/><G111/><T64/><D31/><U80/><E66/><V92/><F92/><W10/><G10/><T93/><D29/><U17/><E103/><N who="2" m="62575" /><F105/><W121/><G121/><T7/><D93/><U44/><E80/><V60/><F60/><W88/><G88/><AGARI ba="0,0" hai="36,38,39,57,59,75,78,81,84,88,94" m="62575" machi="88" ten="30,2000,0" yaku="24,1,54,1" doraHai="117" who="2" fromWho="3" sc="237,0,243,0,243,20,277,-20" /><INIT seed="2,0,0,1,2,95" ten="237,243,263,257" oya="2" hai0="49,119,100,135,62,134,59,122,42,92,118,113,34" hai1="70,104,26,23,57,13,72,65,36,8,44,91,32" hai2="97,129,106,131,9,0,74,40,17,96,4,47,90" hai3="63,94,24,3,98,25,29,66,115,77,10,46,5"/><V102/><F74/><W121/><G121/><T125/><D34/><U51/><E72/><V41/><F17/><W80/><G46/><N who="0" m="25815" /><D100/><U7/><E32/><V84/><F96/><W83/><G115/><T73/><D92/><U43/><E104/><V88/><F90/><W48/><G48/><T93/><D93/><U89/><E70/><V12/><F0/><W31/><G31/><T114/><D125/><U116/><E116/><N who="0" m="44585" /><D73/><U37/><E37/><V20/><F20/><W33/><G77/><T14/><D14/><U126/><E126/><V78/><F78/><W60/><G25/><T128/><D128/><N who="2" m="49226" /><F47/><W111/><G111/><T28/><D28/><U18/><E36/><V133/><F133/><N who="0" m="50698" /><D122/><U45/><E45/><V11/><F11/><W16/><G80/><AGARI ba="0,0" hai="4,9,12,40,41,80,84,88,97,102,106" m="49226" machi="80" ten="30,5800,0" yaku="19,1,52,1,54,1" doraHai="95" who="2" fromWho="3" sc="237,0,243,0,263,58,257,-58" /><INIT seed="2,1,0,0,2,109" ten="237,243,321,199" oya="2" hai0="88,48,61,2,98,102,108,42,87,36,83,126,125" hai1="110,93,131,86,28,57,94,128,45,53,11,65,43" hai2="21,22,59,66,68,64,18,12,133,96,81,105,38" hai3="5,89,130,104,71,37,13,46,121,52,47,103,77"/><V124/><F133/><W4/><G121/><T113/><D2/><U3/><E110/><V56/><F124/><N who="0" m="47722" /><D36/><U19/><E65/><V49/><F38/><W17/><G71/><T111/><D61/><U6/><E28/><V122/><F122/><W78/><G130/><N who="1" m="49706" /><E19/><V100/><F68/><W90/><G37/><T41/><D113/><U26/><E26/><V134/><F134/><W62/><G103/><T44/><D42/><U107/><E107/><AGARI ba="1,0" hai="41,44,48,83,87,88,98,102,107,108,111" m="47722" machi="107" ten="30,2000,0" yaku="18,1,54,1" doraHai="109" who="0" fromWho="1" sc="237,23,243,-23,321,0,199,0" /><INIT seed="3,0,0,5,1,94" ten="260,220,321,199" oya="3" hai0="22,91,73,2,56,33,17,112,121,101,127,48,44" hai1="79,68,5,7,110,130,61,81,134,11,18,117,87" hai2="109,41,0,97,55,64,12,51,38,14,74,63,40" hai3="28,31,23,45,107,62,128,116,54,108,19,103,119"/><W59/><G128/><T49/><D33/><U96/><E130/><V122/><F109/><W123/><G123/><T50/><D2/><U69/><E110/><V88/><F122/><W70/><G108/><T9/><D73/><U129/><E129/><V1/><F74/><W8/><G8/><T21/><D127/><U13/><E134/><V32/><F32/><W65/><G45/><T53/><D101/><U102/><E117/><V98/><F38/><W24/><G119/><T20/><D112/><U126/><E126/><V100/><F63/><W37/><G37/><T118/><D121/><U133/><E133/><V26/><F26/><W47/><G47/><T78/><D78/><U104/><REACH who="1" step="1"/><E61/><REACH who="1" ten="260,210,321,199" step="2"/><V16/><F0/><W120/><G116/><T58/><D118/><U92/><E92/><N who="2" m="58439" /><F1/><W82/><G120/><T43/><D50/><U52/><E52/><V71/><F64/><W39/><G39/><T80/><D49/><U113/><E113/><V106/><F106/><W42/><G42/><T99/><D43/><U132/><E132/><V29/><F40/><W84/><G54/><T60/><D60/><U72/><E72/><V90/><F41/><W131/><G131/><T35/><D53/><U89/><E89/><V125/><F90/><W30/><G70/><AGARI ba="0,1" hai="5,7,11,13,18,68,69,70,79,81,87,96,102,104" machi="70" ten="40,5200,0" yaku="1,1,52,1,53,1" doraHai="94" doraHaiUra="6" who="1" fromWho="3" sc="260,0,210,62,321,0,199,-52" /><INIT seed="4,0,0,2,0,58" ten="260,272,321,147" oya="0" hai0="125,15,20,57,135,102,119,8,34,55,134,99,124" hai1="12,0,69,126,5,47,122,96,88,72,37,111,54" hai2="78,3,117,85,105,94,123,104,49,35,91,116,82" hai3="22,120,21,95,36,24,28,106,51,97,87,92,48"/><T63/><D34/><U103/><E111/><V121/><F3/><W79/><G36/><T44/><D20/><U45/><E122/><N who="2" m="46603" /><F35/><W77/><G120/><T29/><D29/><U73/><E0/><V71/><F71/><W19/><G106/><N who="2" m="41065" /><F49/><N who="3" m="19019" /><G87/><AGARI ba="0,0" hai="78,82,85,87,91,94,116,117" m="41065,46603" machi="87" ten="30,2000,0" yaku="34,2" doraHai="58" who="2" fromWho="3" sc="260,0,272,0,321,20,147,-20" /><INIT seed="5,0,0,0,3,0" ten="260,272,341,127" oya="1" hai0="106,129,82,68,11,51,48,135,56,104,24,97,70" hai1="43,131,52,44,37,63,100,59,50,84,27,42,77" hai2="99,111,64,49,115,122,95,46,17,47,65,33,72" hai3="134,116,94,78,21,87,58,1,2,57,4,124,38"/><U35/><E131/><V113/><F111/><W102/><G124/><T75/><D129/><U28/><E100/><V23/><F122/><W66/><G38/><T8/><D24/><U7/><E7/><V79/><F33/><W15/><G134/><T69/><D56/><U128/><E128/><V90/><F79/><W55/><G1/><T29/><D29/><U16/><E16/><V54/><F47/><W71/><G71/><T25/><D25/><U117/><E117/><V91/><F91/><W101/><G2/><T31/><D31/><U6/><E6/><V109/><F72/><W61/><G116/><T118/><D97/><U18/><E18/><V112/><REACH who="2" step="1"/><F109/><REACH who="2" ten="260,272,331,127" step="2"/><W12/><G78/><N who="0" m="44383" /><D118/><U120/><E120/><V119/><F119/><W83/><G101/><T60/><D135/><U123/><E123/><V20/><F20/><W105/><G102/><T19/><D106/><U53/><REACH who="1" step="1"/><E37/><REACH who="1" ten="260,262,331,127" step="2"/><V62/><F62/><W132/><G132/><T36/><D36/><U114/><E114/><V81/><F81/><AGARI ba="0,2" hai="27,28,35,42,43,44,50,52,53,59,63,77,81,84" machi="81" ten="40,3900,0" yaku="1,1,54,1,53,0" doraHai="0" doraHaiUra="13" who="1" fromWho="2" sc="260,0,262,59,331,-39,127,0" /><INIT seed="5,1,0,2,2,92" ten="260,321,292,127" oya="1" hai0="95,68,2,80,47,118,72,123,82,87,60,117,37" hai1="18,132,31,41,61,135,97,69,121,27,126,30,32" hai2="130,62,125,98,51,115,114,66,40,46,54,42,16" hai3="17,12,109,4,100,89,112,73,84,129,122,99,48"/><U50/><E121/><V127/><F16/><W26/><G109/><T110/><D2/><U75/><E75/><V119/><F98/><W104/><G122/><T91/><D123/><U34/><E126/><N who="2" m="48139" /><F130/><W88/><G112/><N who="2" m="43049" /><F119/><W134/><G129/><T79/><D110/><U70/><E18/><V94/><F94/><W96/><G134/><N who="1" m="51242" /><E97/><N who="3" m="37450" /><G100/><T102/><D102/><U9/><E9/><V22/><F22/><N who="3" m="13647" /><G73/><T107/><D118/><U36/><E36/><V56/><AGARI ba="1,0" hai="40,42,46,51,54,56,62,66" m="43049,48139" machi="56" ten="30,8000,1" yaku="18,1,15,1,11,1,34,2" doraHai="92" who="2" fromWho="2" sc="260,-21,321,-41,292,83,127,-21" /><INIT seed="6,0,0,1,2,97" ten="239,280,375,106" oya="2" hai0="35,70,87,77,106,123,28,73,3,16,62,71,84" hai1="53,24,105,80,111,128,29,109,81,4,72,134,96" hai2="48,17,30,64,49,127,86,82,46,51,13,130,25" hai3="41,79,21,95,60,37,124,10,122,27,39,98,56"/><V121/><F130/><W118/><G122/><T104/><D3/><U5/><E128/><V92/><F127/><W66/><G118/><T15/><D73/><U32/><E134/><V8/><F121/><W99/><G124/><T115/><D123/><U36/><E36/><V12/><F12/><W93/><G79/><T131/><D115/><U54/><E72/><V45/><F92/><W2/><G2/><T40/><D40/><U129/><E129/><V14/><F14/><W59/><G41/><T9/><D131/><U47/><E47/><V7/><F7/><W43/><G43/><T125/><D125/><U22/><E32/><V55/><F64/><W90/><G10/><T88/><D62/><U50/><E50/><V52/><F49/><W135/><G59/><T85/><D77/><U116/><E116/><V100/><F25/><W63/><G63/><T69/><REACH who="0" step="1"/><D88/><REACH who="0" ten="229,280,375,106" step="2"/><U117/><E117/><V58/><F46/><W31/><REACH who="3" step="1"/><G135/><REACH who="3" ten="229,280,375,96" step="2"/><T103/><D103/><AGARI ba="0,2" hai="21,27,31,37,39,56,60,66,90,93,95,98,99,103" machi="103" ten="30,12000,2" yaku="1,1,2,1,7,1,25,2,52,1,53,0" doraHai="97" doraHaiUra="110" who="3" fromWho="0" sc="229,-120,280,0,375,0,96,140" /><INIT seed="7,0,0,3,4,112" ten="109,280,375,236" oya="3" hai0="93,43,85,28,122,2,29,118,73,17,21,66,57" hai1="16,127,35,131,117,108,111,45,100,7,130,37,41" hai2="67,42,102,47,12,39,13,82,89,62,98,3,123" hai3="115,61,84,126,99,32,30,11,24,104,65,86,6"/><W53/><G115/><T80/><D122/><U128/><E35/><V97/><F3/><W25/><G25/><T106/><D106/><U76/><E7/><V133/><F133/><W132/><G132/><T95/><D73/><U78/><E100/><V88/><F123/><W91/><G53/><T69/><D69/><U134/><E134/><V103/><F82/><W129/><G129/><T60/><D2/><U87/><E127/><V27/><F27/><W109/><G126/><T26/><D43/><U107/><E107/><V92/><F12/><W72/><G72/><T1/><D1/><U71/><E71/><V125/><F13/><W52/><G109/><N who="1" m="42058" /><E87/><V64/><F125/><W48/><G11/><T51/><D51/><U34/><E34/><V116/><F116/><W23/><G6/><T70/><D70/><U49/><E37/><V113/><F113/><W121/><G121/><T77/><D95/><U90/><E90/><V120/><F120/><W22/><G32/><T74/><D74/><U5/><E5/><V83/><F83/><W4/><G4/><T55/><D66/><U38/><E38/><V14/><F67/><W44/><G22/><T9/><D9/><U19/><E117/><V10/><F64/><W8/><G8/><T63/><D118/><U59/><E59/><V68/><F68/><W114/><G114/><T119/><D119/><U0/><E0/><V20/><F10/><W46/><G46/><T135/><D135/><U110/><E110/><V40/><F47/><W101/><G91/><T96/><D63/><U18/><AGARI ba="0,0" hai="16,18,19,41,45,49,76,78,128,130,131" m="42058" machi="18" ten="40,2700,0" yaku="19,1,54,1" doraHai="112" who="1" fromWho="1" sc="109,-7,280,27,375,-7,236,-13" owari="102,-40.0,307,11.0,368,47.0,223,-18.0" /></mjloggm>