<mjloggm ver="2.3"><GO type="41" lobby="0"/><UN n0="%E3%81%AF%E3%83%BC%E3%81%A6%E3%82%83%E3%82%93%E2%80%A6" n1="%E2%93%9D%53%75%70%68%78" n2="%E8%BB%A2%E7%94%9F" n3="%4A%6F%67%65" dan="13,17,14,14" rate="1885.60,2077.47,1902.26,1915.83" sx="M,M,M,M"/><TAIKYOKU oya="0"/><INIT seed="0,0,0,4,3,49" ten="250,250,250,250" oya="0" hai0="45,82,46,67,12,47,94,38,23,39,118,17,22" hai1="24,31,34,132,125,109,10,20,92,59,36,69,89" hai2="33,95,70,117,44,80,21,52,106,1,86,30,25" hai3="61,83,122,85,112,35,0,43,108,16,28,88,18"/><T63/><D118/><U54/><E69/><V73/><F70/><W81/><G112/><T66/><D82/><U91/><E109/><V119/><F106/><W79/><G0/><T101/><D23/><U121/><E125/><V65/><F65/><W11/><G108/><T129/><D129/><U133/><E36/><V124/><F124/><W42/><G122/><T134/><D134/><N who="1" m="51819" /><E121/><V60/><F73/><W48/><G61/><T27/><D12/><U62/><E10/><V99/><F1/><W68/><G68/><T56/><REACH who="0" step="1"/><D67/><REACH who="0" ten="240,250,250,250" step="2"/><U115/><E115/><V114/><F114/><W53/><G35/><T96/><AGARI ba="0,1" hai="17,22,27,38,39,45,46,47,56,63,66,94,96,101" machi="96" ten="30,6000,0" yaku="1,1,2,1,0,1,53,0" doraHai="49" doraHaiUra="131" who="0" fromWho="0" sc="240,70,250,-20,250,-20,250,-20" /><INIT seed="0,1,0,5,3,30" ten="310,230,230,230" oya="0" hai0="101,91,99,111,36,134,13,9,73,92,24,44,48" hai1="55,49,40,130,124,63,39,118,126,100,28,108,7" hai2="58,68,67,82,86,131,66,112,5,19,54,60,70" hai3="15,93,123,47,22,27,110,114,84,105,119,61,76"/><T11/><D73/><U74/><E100/><V38/><F112/><W4/><G105/><T133/><D36/><U32/><E7/><V43/><F5/><W46/><G119/><T26/><D111/><U53/><E74/><V37/><F19/><W83/><G114/><T116/><D116/><U72/><E72/><V90/><F131/><W113/><G113/><T115/><D115/><U117/><E28/><V23/><F23/><W121/><G110/><T96/><D44/><N who="1" m="23583" /><E32/><V20/><F20/><W3/><G3/><T25/><D48/><U94/><E94/><V125/><F125/><N who="1" m="48233" /><E108/><V104/><F104/><W10/><G121/><T128/><D128/><U29/><E29/><V17/><F17/><W45/><G123/><T65/><D65/><U52/><E130/><V1/><F1/><W135/><G135/><N who="0" m="51723" /><D13/><U132/><E132/><V79/><F37/><W16/><G61/><T14/><D14/><U129/><E129/><V95/><F38/><W2/><G2/><T98/><D101/><U97/><E97/><AGARI ba="1,0" hai="9,11,24,25,26,91,92,96,97,98,99" m="51723" machi="97" ten="40,2000,0" yaku="20,1" doraHai="30" who="0" fromWho="1" sc="310,23,230,-23,230,0,230,0" /><INIT seed="0,2,0,3,4,61" ten="333,207,230,230" oya="0" hai0="60,40,30,134,0,96,32,79,36,21,14,53,23" hai1="4,51,122,31,9,119,48,87,93,2,90,91,129" hai2="41,17,80,125,50,55,104,52,46,99,101,45,35" hai3="72,133,73,65,114,8,62,126,94,95,110,107,135"/><T7/><D134/><N who="3" m="51209" /><G8/><T1/><D79/><U44/><E119/><V86/><F35/><W42/><G42/><T78/><D78/><U92/><E129/><V124/><F17/><W70/><G114/><T113/><D113/><U98/><E122/><V57/><F46/><W16/><G107/><T64/><D36/><U67/><E31/><V24/><F24/><W39/><G39/><T10/><D40/><U28/><E28/><V117/><F117/><W6/><G6/><T33/><D53/><U68/><REACH who="1" step="1"/><E44/><REACH who="1" ten="333,197,230,230" step="2"/><V115/><F115/><W132/><G132/><T54/><D30/><U100/><E100/><V127/><REACH who="2" step="1"/><F57/><REACH who="2" ten="333,197,220,230" step="2"/><W89/><G110/><T108/><D108/><U111/><E111/><V121/><F121/><W84/><G126/><T81/><D32/><U83/><E83/><V25/><F25/><W37/><G70/><T118/><D81/><U85/><E85/><V88/><AGARI ba="2,2" hai="41,45,50,52,55,80,86,88,99,101,104,124,125,127" machi="88" ten="30,8000,1" yaku="1,1,0,1,18,1,54,2,53,0" doraHai="61" doraHaiUra="34" who="2" fromWho="2" sc="333,-42,197,-22,220,106,230,-22" /><INIT seed="1,0,0,5,4,58" ten="291,175,326,208" oya="1" hai0="32,128,59,105,60,27,1,81,72,56,89,48,69" hai1="98,124,61,117,2,19,5,14,94,23,101,54,86" hai2="47,108,21,53,129,133,132,7,25,52,11,74,42" hai3="63,10,49,39,36,26,71,92,35,44,29,82,38"/><U62/><E117/><V102/><F102/><W93/><G82/><T37/><D37/><U79/><E124/><V0/><F74/><W65/><REACH who="3" step="1"/><G10/><REACH who="3" ten="291,175,326,198" step="2"/><T125/><D81/><N who="1" m="47423" /><E2/><V115/><F115/><W68/><G68/><T135/><D69/><U107/><E107/><V8/><F8/><W127/><G127/><T55/><D105/><U50/><E5/><V103/><F129/><W24/><G24/><T87/><D27/><U13/><E14/><V9/><F9/><W34/><G34/><T51/><D32/><U99/><E98/><V43/><F103/><W100/><G100/><T130/><D1/><U3/><E3/><V46/><F108/><W121/><G121/><T4/><D4/><U33/><E33/><V80/><F80/><W18/><G18/><T75/><D125/><U41/><E41/><AGARI ba="0,1" hai="26,29,35,36,38,39,41,44,49,63,65,71,92,93" machi="41" ten="40,5200,0" yaku="1,1,52,1,53,1" doraHai="58" doraHaiUra="31" who="3" fromWho="1" sc="291,0,175,-52,326,0,198,62" /><INIT seed="2,0,0,4,1,30" ten="291,123,326,260" oya="2" hai0="10,92,71,88,125,85,117,134,37,113,122,34,20" hai1="118,56,64,78,133,46,128,43,106,98,100,107,32" hai2="115,67,80,5,59,116,101,97,6,126,69,130,7" hai3="1,42,83,86,132,31,49,18,55,112,53,75,127"/><V17/><F116/><W103/><G75/><T87/><D122/><U109/><E118/><V28/><F115/><W114/><G1/><T90/><D113/><N who="3" m="43625" /><G103/><T14/><D37/><U38/><E109/><V96/><F69/><W35/><G18/><T45/><D71/><U36/><E133/><V68/><F68/><W81/><G81/><T52/><D34/><U70/><E56/><V94/><F28/><W84/><G84/><T62/><D117/><U8/><E128/><V79/><F130/><W65/><G65/><T54/><D134/><U51/><E106/><V61/><F96/><W108/><G108/><T22/><D125/><U104/><E107/><V11/><F126/><W26/><G127/><T74/><D74/><U27/><E8/><V131/><F131/><W99/><G99/><T95/><D54/><U72/><E78/><V93/><F93/><W129/><G129/><T60/><D60/><N who="1" m="40199" /><E72/><V25/><F25/><W124/><G124/><T24/><D24/><U66/><E66/><V16/><REACH who="2" step="1"/><F11/><REACH who="2" ten="291,123,316,260" step="2"/><W91/><G132/><T40/><D10/><U48/><E38/><V29/><F29/><AGARI ba="0,1" hai="27,29,32,36,43,46,48,51,98,100,104" m="40199" machi="29" ten="30,2000,0" yaku="25,1,52,1" doraHai="30" who="1" fromWho="2" sc="291,0,123,30,316,-20,260,0" /><INIT seed="3,0,0,1,1,56" ten="291,153,296,260" oya="3" hai0="119,59,62,101,83,133,105,44,18,24,15,20,9" hai1="112,99,41,5,80,129,121,28,108,69,103,91,37" hai2="93,110,8,113,14,130,60,63,1,124,0,55,117" hai3="45,128,76,12,92,7,122,100,31,77,61,40,11"/><W49/><G122/><T94/><D119/><U106/><E121/><V74/><F74/><W21/><G128/><T33/><D133/><U134/><E112/><V36/><F36/><W82/><G82/><T116/><D116/><U97/><E134/><V30/><F117/><W79/><G100/><T96/><D33/><U125/><E129/><V78/><F78/><W17/><G31/><T127/><D127/><U25/><E125/><V58/><F130/><W47/><G47/><T81/><D44/><U46/><E108/><V123/><F123/><W4/><G92/><T87/><D105/><U107/><E5/><V13/><F30/><W35/><G35/><T102/><D87/><U16/><E69/><V53/><F110/><W29/><G29/><T72/><D102/><U104/><E99/><V42/><F42/><W98/><G98/><T71/><D71/><U86/><REACH who="1" step="1"/><E16/><REACH who="1" ten="291,143,296,260" step="2"/><V22/><F113/><W68/><REACH who="3" step="1"/><G11/><REACH who="3" ten="291,143,296,250" step="2"/><T51/><D9/><U70/><E70/><V95/><F124/><W73/><G73/><T39/><D72/><U114/><E114/><V90/><F8/><W48/><G48/><T89/><D39/><U54/><E54/><V26/><F0/><W43/><G43/><T85/><D51/><U111/><E111/><V23/><F1/><W52/><G52/><T84/><D96/><U115/><E115/><V57/><F95/><W50/><G50/><T32/><D94/><U10/><E10/><V64/><F53/><W3/><G3/><T66/><D101/><U109/><E109/><V132/><F132/><W38/><G38/><T135/><D135/><RYUUKYOKU ba="0,2" sc="291,-15,143,15,296,-15,250,15" hai1="25,28,37,41,46,80,86,91,97,103,104,106,107" hai3="4,7,12,17,21,40,45,49,61,68,76,77,79" /><INIT seed="3,1,2,4,2,92" ten="276,158,281,265" oya="3" hai0="29,0,27,4,122,103,81,51,20,18,24,117,39" hai1="90,60,25,15,98,102,37,7,34,9,14,46,28" hai2="110,54,121,41,5,42,97,69,35,71,19,88,120" hai3="68,66,55,111,32,13,22,53,30,119,64,133,10"/><W124/><G119/><T86/><D39/><U56/><E90/><V83/><F35/><W40/><G32/><T26/><D117/><U62/><E15/><V113/><F113/><W21/><G40/><T44/><D122/><U129/><E129/><V43/><F5/><W130/><G68/><T93/><D0/><U99/><E102/><V47/><F110/><W16/><G130/><T94/><D4/><U76/><E76/><V31/><F31/><W75/><G75/><T126/><D126/><U84/><E84/><V38/><F19/><W132/><G124/><T80/><D81/><U85/><E85/><V115/><F115/><W91/><G30/><T11/><D93/><U107/><E107/><V109/><F109/><W105/><G105/><T114/><D114/><U59/><E46/><V48/><F83/><W1/><G111/><T2/><D2/><U65/><REACH who="1" step="1"/><E37/><REACH who="1" ten="276,148,281,265" step="2"/><V89/><F89/><W108/><G108/><T123/><D103/><U82/><E82/><V61/><F38/><W23/><G91/><T116/><D80/><U70/><E70/><V6/><F71/><W67/><REACH who="3" step="1"/><G1/><REACH who="3" ten="276,148,281,255" step="2"/><T79/><D116/><U52/><AGARI ba="1,4" hai="7,9,14,25,28,34,52,56,59,60,62,65,98,99" machi="52" ten="20,12000,2" yaku="1,1,0,1,7,1,52,2,54,1,53,0" doraHai="92" doraHaiUra="101" who="1" fromWho="1" sc="276,-31,148,163,281,-31,255,-61" /><INIT seed="4,0,0,3,5,84" ten="245,311,250,194" oya="0" hai0="32,113,11,61,77,111,4,8,106,89,97,3,38" hai1="67,92,17,69,125,9,81,2,62,60,135,29,108" hai2="33,123,54,122,6,91,50,85,73,130,90,7,128" hai3="40,45,71,95,35,119,41,126,86,103,118,98,56"/><T47/><D32/><U78/><E108/><V107/><F107/><W1/><G71/><T0/><D111/><U13/><E135/><V24/><F73/><W114/><G35/><T14/><D113/><U58/><E125/><V5/><F85/><W87/><G126/><T30/><D30/><U131/><E131/><N who="2" m="50219" /><F24/><W63/><G1/><T99/><D77/><U83/><E2/><V93/><F93/><W10/><G10/><T110/><D110/><U16/><E29/><V112/><F33/><W36/><G40/><T120/><D120/><N who="2" m="46122" /><F112/><W116/><REACH who="3" step="1"/><G114/><REACH who="3" ten="245,311,250,184" step="2"/><T20/><D0/><U133/><E9/><V80/><F80/><W19/><G19/><T42/><D3/><U39/><E17/><V22/><F22/><W76/><G76/><T121/><D20/><U48/><E78/><V68/><F68/><W129/><G129/><T26/><D8/><U82/><E69/><V12/><F12/><W44/><G44/><AGARI ba="0,1" hai="5,6,7,44,50,54,90,91" m="46122,50219" machi="44" ten="40,5200,0" yaku="19,1,52,2" doraHai="84" who="2" fromWho="3" sc="245,0,311,0,250,62,184,-52" /><INIT seed="5,0,0,0,1,128" ten="245,311,312,132" oya="1" hai0="129,114,99,44,33,7,26,41,105,50,8,39,23" hai1="56,24,75,104,47,31,70,81,46,125,72,52,5" hai2="134,9,113,18,101,95,67,76,98,16,54,86,115" hai3="27,19,108,120,94,20,74,28,117,118,42,91,21"/><U15/><E70/><V45/><F67/><W133/><G74/><T68/><D129/><U3/><E3/><V66/><F66/><W84/><G120/><T25/><D114/><N who="2" m="43530" /><F9/><W12/><G108/><T83/><D68/><U135/><E104/><V116/><F116/><W100/><G42/><T96/><D33/><U73/><E125/><V37/><F134/><W122/><G122/><T36/><D25/><U65/><E135/><V35/><F35/><W60/><G100/><T63/><D63/><U87/><E65/><V29/><F29/><W10/><G60/><T59/><D59/><U97/><E15/><V13/><F13/><W38/><G38/><T0/><D83/><U55/><E5/><V107/><F37/><W43/><G43/><T61/><D61/><U49/><E55/><V79/><F107/><W132/><REACH who="3" step="1"/><G10/><REACH who="3" ten="245,311,312,122" step="2"/><T112/><D36/><U110/><E110/><V69/><F69/><W34/><G34/><T58/><D39/><U124/><E124/><V119/><F119/><AGARI ba="0,1" hai="12,19,20,21,27,28,84,91,94,117,118,119,132,133" machi="119" ten="40,8000,1" yaku="1,1,12,1,52,2,53,0" doraHai="128" doraHaiUra="123" who="3" fromWho="2" sc="245,0,311,0,312,-80,122,90" /><INIT seed="6,0,0,5,3,72" ten="245,311,232,212" oya="2" hai0="99,134,51,42,9,41,63,64,4,52,56,80,54" hai1="106,130,112,124,30,1,43,81,89,110,74,15,94" hai2="35,33,48,71,102,125,0,45,40,50,8,86,104" hai3="28,67,121,6,100,23,69,10,118,38,126,61,91"/><V13/><F71/><W62/><G121/><T34/><D34/><U65/><E1/><V22/><F0/><W39/><G118/><T79/><D134/><U133/><E65/><V7/><F22/><W20/><G126/><T17/><D99/><U49/><E30/><V24/><F24/><W87/><G100/><T115/><D115/><U117/><E106/><V96/><F125/><W105/><G105/><T57/><D17/><U127/><E110/><V25/><F25/><W135/><G135/><T27/><D27/><U90/><E130/><V120/><F120/><W36/><G28/><T129/><D64/><U12/><E112/><V93/><F104/><W47/><G47/><T16/><D129/><U5/><E117/><V37/><F37/><W131/><G61/><T31/><D31/><U55/><E133/><V11/><F11/><W103/><G103/><T116/><D116/><U92/><E124/><V59/><REACH who="2" step="1"/><F86/><REACH who="2" ten="245,311,222,212" step="2"/><W83/><REACH who="3" step="1"/><G131/><REACH who="3" ten="245,311,222,202" step="2"/><T85/><REACH who="0" step="1"/><D16/><REACH who="0" ten="235,311,222,202" step="2"/><U88/><E127/><V111/><F111/><W114/><G114/><T122/><D122/><U108/><E108/><V132/><F132/><W84/><G84/><T66/><D66/><U53/><E74/><V77/><F77/><W58/><G58/><T32/><D32/><U97/><E97/><V73/><F73/><W46/><G46/><T2/><AGARI ba="0,3" hai="2,4,9,41,42,51,52,54,56,57,63,79,80,85" machi="2" ten="20,12000,2" yaku="1,1,0,1,7,1,52,1,54,1,53,1" doraHai="72" doraHaiUra="82" who="0" fromWho="0" sc="235,150,311,-30,222,-60,202,-30" /><INIT seed="7,0,0,5,5,6" ten="385,281,162,172" oya="3" hai0="82,109,20,32,101,11,26,95,125,103,88,27,124" hai1="78,37,67,121,50,122,41,4,33,87,21,117,123" hai2="52,80,64,47,24,104,98,107,16,14,35,19,59" hai3="34,84,90,17,127,38,60,9,96,120,77,135,69"/><W81/><G120/><T23/><D109/><U83/><E33/><V132/><F132/><W10/><G34/><T46/><D82/><U12/><E37/><V1/><F1/><W45/><G135/><T29/><D46/><U8/><E67/><V5/><F35/><W40/><G127/><N who="0" m="48715" /><D11/><U106/><E106/><V71/><F71/><W2/><G2/><T39/><D39/><U3/><E117/><V126/><F126/><W51/><G38/><T55/><D55/><U119/><E119/><V74/><F74/><W15/><G69/><T0/><D0/><U91/><E3/><V62/><F107/><W131/><G60/><T53/><D53/><U134/><E134/><V116/><F116/><W99/><G131/><T129/><D129/><U85/><E21/><N who="0" m="8265" /><D26/><U79/><E87/><AGARI ba="0,0" hai="27,29,32,87,88,95,101,103" m="8265,48715" machi="87" ten="30,2000,0" yaku="18,1,54,1" doraHai="6" who="0" fromWho="1" sc="385,20,281,-20,162,0,172,0" owari="405,51.0,261,6.0,162,-34.0,172,-23.0" /></mjloggm>