<mjloggm ver="2.3"><GO type="41" lobby="0"/><UN n0="%47%E3%83%90%E3%83%86%E3%82%A3" n1="%E2%93%9D%53%75%70%68%78" n2="%6D%69%6A%61" n3="%E3%81%82%E3%81%A4%E3%81%97" dan="14,18,14,13" rate="1909.18,2091.46,1846.95,1862.55" sx="M,M,F,M"/><TAIKYOKU oya="0"/><INIT seed="0,0,0,4,0,10" ten="250,250,250,250" oya="0" hai0="23,1,33,76,103,84,61,101,95,6,121,98,126" hai1="96,99,47,43,48,32,29,55,129,46,124,86,54" hai2="85,22,93,130,109,91,5,128,50,31,3,15,25" hai3="94,13,62,58,89,69,12,107,67,26,117,14,110"/><T70/><D121/><U90/><E124/><V87/><F3/><W122/><G107/><T21/><D126/><U44/><E129/><N who="2" m="49771" /><F109/><W135/><G117/><T112/><D112/><U116/><E32/><V80/><F50/><W115/><G115/><T39/><D39/><U24/><E116/><V133/><F133/><W134/><G122/><T19/><D33/><U7/><E7/><V71/><F71/><W17/><G110/><T9/><D101/><U100/><E55/><V132/><F132/><N who="3" m="50731" /><G26/><T45/><D45/><U81/><E99/><N who="2" m="57791" /><F80/><W78/><G78/><T53/><D53/><U68/><E68/><V59/><F59/><W8/><G69/><T4/><D4/><U20/><REACH who="1" step="1"/><E54/><REACH who="1" ten="250,240,250,250" step="2"/><V74/><F5/><W51/><G51/><T105/><D70/><U88/><E88/><V72/><F15/><W34/><G34/><T65/><D6/><U57/><E57/><V131/><N who="2" m="49779" /><V40/><DORA hai="38" /><F40/><W66/><G66/><T119/><D119/><U92/><AGARI ba="0,1" hai="20,24,29,43,44,46,47,48,81,86,90,92,96,100" machi="92" ten="20,8000,1" yaku="1,1,0,1,7,1,8,1,52,1,53,0" doraHai="10,38" doraHaiUra="28,106" who="1" fromWho="1" sc="250,-40,240,90,250,-20,250,-20" /><INIT seed="1,0,0,3,0,121" ten="210,330,230,230" oya="1" hai0="43,93,16,100,115,131,9,82,124,94,11,55,1" hai1="84,73,45,18,79,46,37,112,70,28,56,67,8" hai2="19,104,106,95,134,107,126,21,14,125,6,87,114" hai3="50,71,96,86,88,32,92,133,119,74,81,129,72"/><U85/><E112/><V10/><F114/><W58/><G71/><T40/><D115/><U78/><E70/><V20/><F134/><W44/><G32/><T109/><D124/><N who="2" m="47722" /><F6/><W130/><G133/><T113/><D113/><U111/><E28/><V61/><F61/><W117/><G58/><T135/><D82/><U7/><E18/><V39/><F39/><W4/><G4/><T65/><D65/><U120/><E120/><V132/><F132/><W34/><G34/><T80/><D80/><U64/><E73/><N who="3" m="28266" /><G50/><T60/><D60/><U31/><E31/><V77/><F77/><N who="3" m="46383" /><G44/><T97/><D1/><U49/><E37/><V116/><F116/><AGARI ba="0,0" hai="88,92,96,116,117,119,129,130" m="46383,28266" machi="116" ten="30,7700,0" yaku="12,1,34,2,54,1" doraHai="121" who="3" fromWho="2" sc="210,0,330,0,230,-77,230,77" /><INIT seed="2,0,0,4,4,4" ten="210,330,153,307" oya="2" hai0="122,92,35,85,128,48,75,107,100,98,33,41,97" hai1="7,134,8,99,67,40,16,25,129,3,95,113,63" hai2="79,13,19,31,69,125,50,51,0,5,76,38,15" hai3="10,12,14,133,89,77,52,45,80,72,117,126,104"/><V34/><F38/><W103/><G117/><T124/><D122/><U61/><E113/><V57/><F69/><W30/><G30/><T26/><D124/><U73/><E73/><V60/><F125/><W56/><G126/><T36/><D36/><U70/><E129/><V110/><F110/><W9/><G104/><T64/><D75/><U78/><E78/><V2/><F34/><W74/><G103/><T21/><D85/><U94/><E134/><V23/><F31/><W1/><G1/><T58/><D41/><U91/><E63/><V27/><F2/><W68/><G68/><T93/><D107/><U62/><E62/><V6/><F0/><W83/><G133/><T87/><D87/><U130/><E40/><V131/><F131/><W44/><G74/><T55/><D64/><U135/><E135/><V81/><F81/><N who="3" m="31307" /><G89/><T53/><D53/><U109/><E130/><V66/><F76/><W37/><G37/><T49/><D49/><N who="2" m="18442" /><F79/><W96/><G96/><T47/><D47/><U111/><E95/><V132/><F132/><W24/><G24/><T114/><D114/><U54/><E54/><V127/><F127/><W121/><G72/><T88/><REACH who="0" step="1"/><D128/><REACH who="0" ten="200,330,153,307" step="2"/><U115/><E115/><V102/><F102/><W20/><G77/><T90/><D90/><U65/><E65/><V106/><F106/><W82/><G121/><T120/><D120/><U105/><E105/><V29/><F15/><W116/><G14/><T17/><AGARI ba="0,1" hai="17,21,26,33,35,48,55,58,88,92,93,97,98,100" machi="17" ten="20,5200,0" yaku="1,1,0,1,7,1,54,1,53,0" doraHai="4" doraHaiUra="119" who="0" fromWho="0" sc="200,62,330,-13,153,-26,307,-13" /><INIT seed="3,0,0,3,0,40" ten="262,317,127,294" oya="3" hai0="27,91,72,44,97,119,77,113,82,86,54,14,52" hai1="35,68,25,116,37,121,32,65,47,84,48,110,5" hai2="50,89,3,12,38,8,19,28,103,69,31,118,100" hai3="64,114,36,4,125,24,58,55,92,43,135,30,93"/><W117/><G117/><T13/><D119/><U94/><E37/><V96/><F38/><W76/><G114/><T46/><D113/><U7/><E121/><V102/><F69/><W79/><G4/><T34/><D34/><U129/><E129/><V83/><F3/><W63/><G135/><T111/><D111/><U132/><E110/><V51/><F118/><W45/><G125/><T62/><D27/><U1/><E65/><V59/><F51/><W57/><G92/><N who="0" m="56479" /><D72/><U78/><E68/><V29/><F50/><W108/><G108/><T133/><D133/><U126/><E1/><V98/><F59/><W74/><G74/><T106/><D106/><U16/><E35/><V90/><REACH who="2" step="1"/><F83/><REACH who="2" ten="262,317,117,294" step="2"/><W11/><G11/><T0/><D0/><U53/><E116/><V71/><F71/><W73/><G73/><T95/><D95/><U26/><E94/><V22/><F22/><W23/><G93/><T21/><D21/><U127/><E132/><V109/><F109/><W70/><REACH who="3" step="1"/><G58/><REACH who="3" ten="262,317,117,284" step="2"/><N who="0" m="35143" /><D54/><U2/><E53/><V120/><F120/><W115/><G115/><T17/><D17/><U105/><E16/><V134/><F134/><W85/><G85/><T88/><D77/><U131/><E78/><V39/><F39/><W99/><G99/><AGARI ba="0,2" hai="8,12,19,28,29,31,89,90,96,98,99,100,102,103" machi="99" ten="40,2600,0" yaku="1,1,8,1,53,0" doraHai="40" doraHaiUra="123" who="2" fromWho="3" sc="262,0,317,0,117,46,284,-26" /><INIT seed="4,0,0,2,5,60" ten="262,317,163,258" oya="0" hai0="95,45,63,23,127,24,126,37,73,84,82,76,109" hai1="111,89,108,15,25,103,56,122,62,120,123,118,87" hai2="99,47,69,54,19,91,85,93,51,29,88,8,70" hai3="5,130,34,7,71,101,121,129,90,100,6,3,49"/><T86/><D109/><U125/><E15/><V43/><F29/><W75/><G34/><T41/><D95/><U14/><E14/><N who="2" m="7623" /><F70/><W114/><G75/><T21/><D21/><U77/><E118/><V59/><F69/><W128/><G3/><T135/><D135/><U48/><E48/><N who="2" m="26751" /><F85/><W27/><G27/><T119/><D119/><U67/><E125/><N who="0" m="47625" /><D63/><U55/><E25/><V113/><F113/><W134/><G114/><T12/><D12/><U107/><E111/><V65/><F91/><W131/><G134/><T74/><D74/><U42/><E89/><V31/><F31/><AGARI ba="0,0" hai="23,24,31,37,41,45,73,76,82,84,86" m="47625" machi="31" ten="30,1500,0" yaku="18,1" doraHai="60" who="0" fromWho="2" sc="262,15,317,0,163,-15,258,0" /><INIT seed="4,1,0,1,5,22" ten="277,317,148,258" oya="0" hai0="0,2,20,134,100,120,3,16,39,93,45,5,84" hai1="74,103,47,27,111,52,132,14,35,31,6,21,50" hai2="81,18,102,91,75,37,30,96,66,24,68,67,73" hai3="36,26,62,7,49,1,116,59,99,11,113,38,65"/><T123/><D134/><U92/><E74/><V124/><F37/><W9/><G116/><T87/><D5/><U88/><E111/><V44/><F44/><W85/><G113/><T60/><D60/><U108/><E108/><V12/><F124/><W34/><G9/><T53/><D100/><U70/><E70/><V128/><F128/><W90/><G99/><T40/><D53/><U76/><E76/><V127/><F127/><W112/><G49/><T118/><D118/><U46/><E103/><V57/><F57/><W105/><G105/><T10/><D10/><N who="1" m="4439" /><E35/><N who="2" m="20935" /><F67/><W28/><REACH who="3" step="1"/><G112/><REACH who="3" ten="277,317,148,248" step="2"/><T33/><D33/><U17/><E132/><V110/><F110/><W51/><G51/><T130/><D130/><U126/><E126/><V97/><F97/><W135/><G135/><T83/><D93/><AGARI ba="1,1" hai="1,7,11,26,28,34,36,38,59,62,65,85,90,93" machi="93" ten="30,3900,0" yaku="1,1,7,1,52,1,53,0" doraHai="22" doraHaiUra="106" who="3" fromWho="0" sc="277,-42,317,0,148,0,248,52" /><INIT seed="5,0,0,4,0,20" ten="235,317,148,300" oya="1" hai0="113,37,17,78,105,116,81,118,114,54,64,43,135" hai1="25,9,67,117,83,15,60,42,125,52,120,95,62" hai2="103,111,30,4,91,66,85,22,44,84,27,21,11" hai3="53,0,70,80,82,40,87,86,39,134,47,49,115"/><U97/><E117/><N who="0" m="45161" /><D54/><U74/><E120/><V5/><F111/><W56/><G0/><T16/><D105/><U131/><E131/><V90/><F103/><W121/><G121/><T3/><D3/><U101/><E125/><V48/><F66/><W72/><G134/><T8/><D64/><U122/><E42/><V127/><F127/><W130/><G130/><T38/><D135/><U89/><E122/><V50/><F11/><W32/><G32/><T57/><D57/><U2/><E2/><V77/><F77/><W29/><G29/><T76/><D8/><U88/><E74/><V31/><REACH who="2" step="1"/><F44/><REACH who="2" ten="235,317,138,300" step="2"/><W36/><G115/><N who="0" m="44043" /><D78/><U1/><E67/><V34/><F34/><W109/><G109/><T108/><D108/><U35/><E35/><V123/><F123/><W92/><G70/><T13/><D13/><U10/><E15/><V23/><F23/><W106/><G47/><N who="0" m="24047" /><D38/><U51/><E10/><V58/><F58/><W46/><G39/><T93/><D93/><U18/><E95/><V6/><F6/><W124/><G92/><T100/><D100/><U7/><E7/><V26/><AGARI ba="0,1" hai="4,5,21,22,26,27,30,31,48,50,84,85,90,91" machi="26" ten="25,16000,3" yaku="1,1,0,1,22,2,8,1,52,2,53,2" doraHai="20" doraHaiUra="45" who="2" fromWho="2" sc="235,-40,317,-80,138,170,300,-40" /><INIT seed="6,0,0,5,5,114" ten="195,237,308,260" oya="2" hai0="28,72,118,6,34,48,49,20,54,131,83,117,9" hai1="29,74,4,13,67,102,80,110,3,60,122,45,1" hai2="27,86,130,17,104,57,88,127,124,51,19,91,126" hai3="79,25,85,26,63,98,7,33,65,16,134,53,68"/><V77/><F104/><W89/><G7/><T95/><D131/><U132/><E110/><V42/><F130/><W121/><G121/><T14/><D95/><U5/><E29/><V11/><F11/><W116/><G79/><T31/><D31/><U103/><E45/><N who="2" m="26039" /><F57/><W115/><G115/><T99/><D99/><U21/><E132/><V23/><F19/><W108/><G108/><T129/><D129/><U82/><E60/><V32/><F32/><W75/><G75/><T59/><D34/><U73/><E21/><V106/><F106/><W37/><G37/><T46/><D72/><U120/><REACH who="1" step="1"/><E13/><REACH who="1" ten="195,227,308,260" step="2"/><V100/><F100/><W70/><G33/><T96/><D96/><U0/><E0/><V87/><F77/><W30/><G98/><T61/><D83/><U41/><E41/><V56/><F56/><W107/><G30/><T81/><D81/><U76/><E76/><V40/><F40/><W62/><G63/><T123/><D123/><U71/><E71/><V133/><F133/><W66/><G68/><T2/><D2/><U69/><E69/><V119/><F119/><N who="0" m="45578" /><D46/><U105/><E105/><V90/><AGARI ba="0,1" hai="17,23,27,86,87,88,90,91,124,126,127" m="26039" machi="90" ten="40,3900,0" yaku="18,1,54,1" doraHai="114" who="2" fromWho="2" sc="195,-13,227,-13,308,49,260,-13" /><INIT seed="6,1,0,5,2,61" ten="182,214,357,247" oya="2" hai0="97,96,111,49,80,58,90,6,35,5,120,93,22" hai1="11,72,55,13,91,57,114,89,50,60,88,28,79" hai2="118,31,75,3,76,38,18,48,25,41,23,94,92" hai3="65,0,132,40,26,9,68,117,119,99,8,19,113"/><V51/><F3/><W73/><G73/><T78/><D111/><U95/><E114/><V104/><F104/><W126/><G40/><T33/><D120/><U62/><E28/><V84/><F118/><W124/><G99/><T86/><D33/><U16/><REACH who="1" step="1"/><E95/><REACH who="1" ten="182,204,357,247" step="2"/><V52/><F94/><W15/><G119/><T53/><D35/><U71/><E71/><V108/><F92/><W122/><G117/><T30/><REACH who="0" step="1"/><D96/><REACH who="0" ten="172,204,357,247" step="2"/><U102/><E102/><V116/><F116/><W66/><G122/><T85/><D85/><U69/><E69/><V83/><F84/><W21/><G68/><T59/><D59/><U12/><E12/><V36/><F108/><W10/><G113/><T56/><D56/><U121/><E121/><V106/><F75/><W130/><G0/><T115/><D115/><U34/><E34/><V98/><F98/><W103/><G15/><T110/><D110/><U2/><E2/><V123/><F123/><W42/><G124/><T129/><D129/><U20/><E20/><V105/><F23/><W131/><G126/><T14/><D14/><U64/><E64/><V87/><F87/><W43/><G130/><T39/><D39/><U46/><E46/><V37/><F37/><W133/><G131/><T70/><D70/><U107/><E107/><V127/><F106/><W81/><G66/><T101/><D101/><U7/><E7/><V82/><F105/><W74/><G103/><T134/><D134/><N who="3" m="51817" /><G65/><T29/><D29/><U109/><E109/><V112/><F31/><W135/><G135/><T100/><D100/><U4/><E4/><V77/><F38/><RYUUKYOKU ba="1,2" sc="172,10,204,10,357,-30,247,10" hai0="5,6,22,30,49,53,58,78,80,86,90,93,97" hai1="11,13,16,50,55,57,60,62,72,79,88,89,91" hai3="8,9,10,19,21,26,42,43,74,81" /><INIT seed="7,2,2,0,3,121" ten="182,214,327,257" oya="3" hai0="104,29,107,122,28,78,130,131,50,2,100,7,54" hai1="23,83,45,41,55,134,65,91,53,95,101,84,5" hai2="135,80,71,109,85,3,88,10,13,66,92,62,89" hai3="73,82,24,56,60,52,69,74,124,110,94,0,4"/><W17/><G94/><T18/><D122/><U14/><E134/><V43/><F3/><W58/><G69/><T67/><D78/><U99/><E65/><V116/><F116/><W22/><G124/><T11/><D67/><U93/><E93/><V61/><F109/><W129/><G129/><T51/><D18/><U33/><E33/><V31/><F135/><W112/><G112/><T79/><D79/><U40/><E40/><V32/><F43/><W35/><G35/><T44/><D51/><N who="1" m="27055" /><E23/><V123/><F123/><W19/><G110/><T46/><D46/><U57/><E57/><V34/><F31/><W37/><G37/><T38/><D38/><U63/><E63/><V20/><F20/><W117/><G82/><T102/><D102/><U103/><E103/><V70/><F62/><W9/><G117/><T68/><D68/><U15/><E5/><V1/><F1/><W87/><G87/><T12/><D2/><U119/><E119/><V30/><F30/><W39/><G39/><T90/><D90/><U126/><E126/><V25/><F25/><W111/><G111/><T48/><D48/><U81/><E81/><V16/><F71/><W105/><G105/><T59/><D59/><U86/><E86/><AGARI ba="2,2" hai="10,13,16,32,34,61,66,70,80,85,86,88,89,92" machi="86" ten="30,3900,0" yaku="7,1,54,2" doraHai="121" who="2" fromWho="1" sc="182,0,214,-45,327,65,257,0" owari="182,-22.0,169,-33.0,392,49.0,257,6.0" /></mjloggm>