<mjloggm ver="2.3"><GO type="41" lobby="0"/><UN n0="%E3%82%B5%E3%83%B3%26%E3%83%A0%E3%83%BC%E3%83%B3" n1="%E3%81%8A%E3%81%A3%E3%81%A1%E3%83%BC" n2="%31%32%33%34%35%39%36%33" n3="%E2%93%9D%53%75%70%68%78" dan="15,15,14,18" rate="2018.60,1988.31,1915.82,2185.80" sx="M,M,M,M"/><TAIKYOKU oya="0"/><INIT seed="0,0,0,3,2,115" ten="250,250,250,250" oya="0" hai0="98,30,114,132,99,17,106,57,111,129,107,84,88" hai1="19,43,87,5,118,121,22,18,10,13,86,35,20" hai2="38,16,91,28,46,134,96,39,103,53,73,11,68" hai3="66,40,49,63,127,95,65,60,109,4,8,33,105"/><T130/><D30/><U71/><E71/><V128/><F128/><N who="0" m="49258" /><D114/><U78/><E121/><V7/><F134/><W52/><G105/><N who="0" m="39947" /><D57/><U125/><E35/><V50/><F68/><W70/><G109/><T29/><D29/><U34/><E34/><V9/><F73/><W116/><G127/><T100/><D17/><U79/><E125/><V25/><F91/><W74/><G33/><T122/><D122/><U54/><E43/><V23/><F28/><W59/><G40/><T47/><D47/><U135/><E135/><V113/><F113/><W61/><G70/><T92/><D132/><U14/><E5/><V85/><F85/><W36/><G74/><T1/><D1/><U37/><E10/><V26/><F26/><W55/><G8/><T64/><D64/><U90/><E37/><V3/><REACH who="2" step="1"/><F11/><REACH who="2" ten="250,250,240,250" step="2"/><W83/><G66/><T44/><D111/><U89/><E54/><V0/><F0/><W123/><G55/><T62/><D44/><U119/><AGARI ba="0,1" hai="13,14,18,19,20,22,78,79,86,87,89,90,118,119" machi="119" ten="25,8000,1" yaku="0,1,22,2,52,2" doraHai="115" who="1" fromWho="1" sc="250,-40,250,90,240,-20,250,-20" /><INIT seed="1,0,0,5,3,60" ten="210,340,220,230" oya="1" hai0="55,98,119,77,114,30,99,5,65,100,31,96,128" hai1="59,132,115,70,85,37,101,83,10,56,28,126,62" hai2="91,13,79,97,50,94,20,129,57,2,103,12,78" hai3="131,7,53,38,108,16,24,95,134,6,110,17,124"/><U42/><E115/><V73/><F129/><W3/><G38/><T66/><D114/><U84/><E126/><V52/><F2/><W68/><G68/><T69/><D69/><U67/><E132/><V23/><F73/><W32/><G53/><T35/><D35/><U15/><E101/><V54/><F103/><W125/><G95/><T88/><D100/><U130/><E28/><N who="0" m="10793" /><D119/><U63/><E130/><V87/><F78/><W29/><G131/><T36/><D36/><U33/><E33/><V116/><F116/><W118/><G118/><T40/><D40/><U80/><E70/><V120/><F120/><W76/><G76/><T72/><D72/><U135/><E135/><V45/><F79/><W93/><G93/><N who="0" m="56359" /><D77/><U117/><E117/><V109/><F109/><N who="3" m="42091" /><G134/><T58/><D5/><N who="3" m="1545" /><G3/><T48/><D128/><U44/><E15/><N who="2" m="5707" /><F97/><AGARI ba="0,0" hai="48,55,58,65,66,97,98,99" m="56359,10793" machi="97" ten="30,7700,0" yaku="8,1,52,2,54,1" doraHai="60" who="0" fromWho="2" sc="210,77,340,0,220,-77,230,0" /><INIT seed="2,0,0,2,1,51" ten="287,340,143,230" oya="2" hai0="85,93,122,38,88,35,96,34,83,128,10,12,26" hai1="90,14,1,56,131,7,50,118,65,48,27,16,116" hai2="71,132,2,92,5,98,78,59,75,49,101,94,86" hai3="133,28,110,45,40,69,97,124,13,95,8,17,53"/><V68/><F132/><W84/><G110/><T62/><D128/><U9/><E131/><V121/><F121/><W73/><G73/><T64/><D38/><U129/><E129/><V0/><F75/><W80/><G124/><T25/><D35/><U99/><E27/><V134/><F134/><W108/><G69/><T30/><D122/><U82/><E65/><V6/><F2/><W100/><G108/><T19/><D25/><U74/><E48/><V15/><F0/><W107/><G107/><T119/><D119/><U114/><E114/><V87/><F71/><W43/><G28/><T103/><D62/><U72/><E72/><V135/><F68/><W47/><G133/><T55/><D55/><U20/><E99/><V127/><F135/><W3/><G3/><T18/><REACH who="0" step="1"/><D64/><REACH who="0" ten="277,340,143,230" step="2"/><U23/><E116/><V76/><F127/><W11/><G53/><T22/><D22/><U29/><E23/><V120/><F120/><W63/><G63/><T77/><D77/><U102/><E20/><V58/><F78/><N who="3" m="46103" /><G11/><T115/><D115/><U36/><E9/><V44/><F76/><W54/><G54/><T106/><D106/><U126/><E36/><V117/><F117/><W70/><G70/><T79/><D79/><U66/><E118/><V113/><F113/><W67/><G67/><T60/><D60/><U57/><E66/><V52/><F15/><W33/><G33/><T46/><D46/><AGARI ba="0,1" hai="8,13,17,40,43,45,46,47,95,97,100" m="46103" machi="46" ten="30,1000,0" yaku="8,1" doraHai="51" who="3" fromWho="0" sc="277,-10,340,0,143,0,230,20" /><INIT seed="3,0,0,4,0,6" ten="267,340,143,250" oya="3" hai0="98,85,92,132,120,128,50,94,97,44,32,8,95" hai1="119,4,45,26,42,14,0,33,67,125,41,56,84" hai2="117,43,126,46,109,104,11,121,79,54,134,37,13" hai3="60,63,12,57,27,21,24,52,83,30,17,105,80"/><W74/><G105/><T127/><D120/><U71/><E71/><V110/><F121/><W3/><G3/><T107/><D32/><U48/><E119/><V31/><F117/><W28/><G74/><T10/><D127/><U2/><E125/><V20/><F126/><W55/><G27/><T64/><D128/><U72/><E72/><V16/><F134/><W112/><G112/><T35/><D35/><U39/><E42/><V70/><F104/><W100/><G100/><T116/><D116/><U62/><E39/><V68/><F79/><W49/><G63/><T129/><D132/><U51/><E51/><V96/><F96/><N who="0" m="36970" /><D107/><U59/><E59/><V9/><F54/><W7/><G7/><T88/><D64/><U123/><E123/><V101/><F101/><W133/><G133/><T131/><D131/><U135/><E135/><V34/><F34/><W40/><G40/><N who="0" m="24839" /><D129/><U106/><E106/><V118/><F118/><W18/><G30/><T65/><D65/><U19/><E33/><V130/><F130/><W38/><G28/><T90/><D90/><U81/><E2/><V86/><F86/><W76/><G38/><T66/><D66/><U15/><E0/><V102/><F102/><W89/><G89/><T29/><D29/><U5/><E67/><V1/><F31/><W58/><G76/><T103/><D103/><U78/><E62/><V25/><F1/><W124/><G124/><T93/><AGARI ba="0,0" hai="8,10,85,88,92,93,94,95" m="24839,36970" machi="93" ten="30,7900,0" yaku="8,1,52,2,54,1" doraHai="6" who="0" fromWho="0" sc="267,79,340,-20,143,-20,250,-39" /><INIT seed="4,0,0,1,3,61" ten="346,320,123,211" oya="0" hai0="124,65,113,10,46,8,15,32,13,81,123,73,47" hai1="111,107,76,75,7,83,66,5,108,35,112,63,85" hai2="26,43,103,54,134,120,133,93,101,92,86,69,130" hai3="34,27,9,55,23,104,94,88,100,122,98,125,127"/><T106/><D123/><U45/><E107/><V59/><F120/><W38/><G122/><T33/><D106/><U90/><E35/><V118/><F130/><W91/><G38/><T42/><D73/><U89/><E112/><V109/><F109/><W16/><G34/><T126/><D81/><U80/><E90/><V119/><F69/><W56/><G9/><T102/><D42/><U40/><E108/><V30/><F43/><W44/><G44/><T79/><D79/><U70/><REACH who="1" step="1"/><E111/><REACH who="1" ten="346,310,123,211" step="2"/><V110/><F110/><W114/><G114/><T1/><D113/><U97/><E97/><V84/><F103/><W2/><G2/><T6/><D102/><U29/><E29/><V50/><F101/><W17/><G91/><T67/><D1/><U0/><E0/><V115/><F115/><W60/><REACH who="3" step="1"/><G17/><REACH who="3" ten="346,310,123,201" step="2"/><T28/><D28/><U62/><E62/><V129/><F119/><W52/><G52/><T87/><D6/><U19/><E19/><V78/><F118/><W77/><G77/><T64/><D67/><U74/><E74/><V71/><F78/><W135/><G135/><T51/><D51/><AGARI ba="0,2" hai="5,7,40,45,51,63,66,70,75,76,80,83,85,89" machi="51" ten="30,7700,0" yaku="1,1,7,1,52,1,53,1" doraHai="61" doraHaiUra="57" who="1" fromWho="0" sc="346,-77,310,97,123,0,201,0" /><INIT seed="5,0,0,2,5,72" ten="269,407,123,201" oya="1" hai0="131,23,68,44,48,90,65,126,33,89,34,125,13" hai1="85,127,73,2,11,91,8,5,43,10,35,122,86" hai2="100,71,62,108,81,83,117,14,27,75,26,115,61" hai3="82,58,77,114,133,22,123,25,110,88,96,55,78"/><U47/><E73/><V79/><F108/><W57/><G123/><T56/><D68/><U7/><E35/><V111/><F111/><W116/><G110/><T64/><D131/><U31/><E31/><V36/><F117/><W101/><G114/><T124/><D13/><U59/><E122/><V54/><F115/><W15/><G133/><T97/><D23/><U67/><E127/><V130/><F130/><W17/><G58/><T121/><D121/><U3/><E8/><V98/><F36/><W84/><G116/><T50/><D97/><U70/><E70/><V9/><F71/><W32/><G32/><T28/><D28/><U113/><E113/><V4/><F83/><W66/><G66/><T29/><D29/><U12/><E12/><V39/><F39/><W16/><G17/><T49/><D44/><U119/><E119/><V6/><F6/><W99/><G25/><T38/><D38/><U52/><E67/><N who="0" m="25673" /><D33/><U132/><E132/><V18/><F54/><W53/><G53/><N who="0" m="31783" /><D34/><U46/><E43/><V107/><REACH who="2" step="1"/><F4/><REACH who="2" ten="269,407,113,201" step="2"/><W134/><G134/><T103/><D124/><U24/><E7/><V69/><F69/><W80/><G80/><T109/><D109/><U105/><E5/><V95/><F95/><N who="3" m="58527" /><G99/><T60/><D125/><U45/><E3/><V19/><F19/><W92/><G82/><T128/><D126/><U42/><E2/><V102/><F102/><W93/><G93/><T63/><D103/><U120/><E105/><V40/><F40/><W51/><AGARI ba="0,1" hai="15,16,22,51,55,57,77,78,84,88,92" m="58527" machi="51" ten="30,12000,2" yaku="25,1,8,1,52,2,54,2" doraHai="72" who="3" fromWho="3" sc="269,-30,407,-60,113,-30,201,130" /><INIT seed="6,0,0,5,5,110" ten="239,347,83,331" oya="2" hai0="89,54,133,106,119,86,73,47,3,121,116,112,85" hai1="103,27,95,67,0,87,52,124,45,21,9,66,79" hai2="122,100,102,14,56,31,19,107,117,13,30,93,46" hai3="81,57,12,131,42,17,29,33,96,34,74,69,24"/><V36/><F117/><W41/><G69/><T77/><D3/><U80/><E124/><V135/><F122/><W82/><G131/><T99/><D47/><U20/><E20/><V70/><F135/><W123/><G123/><T92/><D54/><U109/><E109/><V115/><F115/><W65/><G34/><T2/><D2/><U11/><E0/><V125/><F125/><W25/><G25/><T120/><D121/><U39/><E103/><N who="2" m="39467" /><F107/><W63/><G96/><T98/><D120/><U108/><E95/><V128/><F70/><W38/><G38/><T114/><D133/><U104/><E104/><V113/><F113/><N who="0" m="43626" /><D106/><U16/><E108/><V132/><F36/><W94/><G94/><T32/><D32/><U51/><E39/><V75/><F75/><W84/><G74/><T26/><D26/><U23/><E23/><N who="2" m="11759" /><F132/><W1/><G1/><T15/><D15/><N who="1" m="7279" /><E11/><V10/><F128/><W101/><G33/><T130/><D130/><U43/><E43/><V97/><F56/><W78/><G42/><T126/><D126/><U127/><E127/><V8/><F46/><W64/><G41/><T53/><D53/><U71/><E71/><V4/><F10/><W129/><G129/><T40/><D40/><U111/><E111/><V62/><F62/><W6/><G63/><T134/><D134/><U55/><E55/><V7/><F7/><W22/><G6/><T118/><D73/><U61/><E61/><V105/><F105/><W68/><G68/><T91/><D77/><U28/><AGARI ba="0,0" hai="21,27,28,45,51,52,66,67,79,80,87" m="7279" machi="28" ten="30,4000,0" yaku="8,1,54,2" doraHai="110" who="1" fromWho="1" sc="239,-10,347,40,83,-20,331,-10" /><INIT seed="7,0,0,1,3,40" ten="229,387,63,321" oya="3" hai0="86,53,97,105,45,116,12,33,90,103,117,2,41" hai1="5,108,68,37,123,75,36,91,133,94,42,55,51" hai2="63,83,62,95,11,23,99,109,73,30,59,125,121" hai3="52,34,16,26,89,124,85,64,128,3,76,8,82"/><W96/><G128/><T110/><D110/><U50/><E75/><V111/><F125/><W118/><G118/><T39/><D2/><U24/><E68/><V93/><F121/><W102/><G124/><T38/><D33/><U130/><E108/><V119/><F119/><W106/><G64/><T127/><D38/><U115/><E130/><V6/><F111/><W19/><G3/><T77/><D127/><U60/><E123/><V70/><F109/><W72/><G8/><T31/><D31/><U47/><E5/><V48/><F70/><W113/><G113/><T65/><D65/><U17/><E115/><V134/><F134/><W14/><G14/><T10/><D77/><U107/><E107/><V135/><F135/><W79/><G79/><T80/><D53/><U49/><E133/><V44/><F73/><W35/><G52/><T98/><REACH who="0" step="1"/><D97/><REACH who="0" ten="219,387,63,321" step="2"/><N who="1" m="57567" /><E36/><V9/><F83/><W69/><G69/><T0/><D0/><U25/><E37/><V28/><F23/><W87/><G87/><T120/><D120/><U129/><E55/><V101/><F93/><N who="3" m="54447" /><G35/><T4/><AGARI ba="0,1" hai="4,10,12,39,41,45,80,86,90,98,103,105,116,117" machi="4" ten="20,5200,0" yaku="1,1,0,1,7,1,52,1,53,0" doraHai="40" doraHaiUra="32" who="0" fromWho="0" sc="219,62,387,-13,63,-13,321,-26" owari="281,-12.0,374,47.0,50,-45.0,295,10.0" /></mjloggm>