<mjloggm ver="2.3"><GO type="41" lobby="0"/><UN n0="%52%CE%B1%69" n1="%E3%81%8A%E9%A1%98%E3%81%84%E3%81%97%E3%81%BE%E3%81%99%E3%80%82" n2="%58%65%6E%61" n3="%E2%93%9D%53%75%70%68%78" dan="14,15,14,18" rate="1933.94,1969.31,1960.34,2073.96" sx="M,M,M,M"/><TAIKYOKU oya="0"/><INIT seed="0,0,0,5,4,51" ten="250,250,250,250" oya="0" hai0="15,76,56,87,27,134,130,57,2,48,62,77,9" hai1="133,92,100,55,19,83,54,113,41,65,132,23,126" hai2="1,37,20,14,50,121,32,28,7,18,93,34,97" hai3="42,135,69,44,38,81,85,98,112,118,79,49,66"/><T89/><D134/><N who="1" m="51819" /><E41/><V78/><F37/><W36/><G112/><T117/><D117/><U84/><E126/><V91/><F121/><W86/><G118/><T4/><D130/><U22/><E65/><V128/><F128/><W115/><G115/><T63/><D2/><U116/><E116/><V125/><F125/><W8/><G98/><T105/><D105/><U123/><E123/><V58/><F78/><W3/><G135/><T17/><D48/><U74/><E74/><V110/><F110/><W13/><G3/><T90/><D90/><N who="1" m="51487" /><E23/><V10/><REACH who="2" step="1"/><F28/><REACH who="2" ten="250,250,240,250" step="2"/><W111/><G111/><T127/><D127/><U131/><E131/><V108/><F108/><W46/><G38/><T52/><D77/><U45/><E113/><V72/><F72/><W47/><G36/><T95/><D76/><U31/><E31/><V68/><F68/><W88/><G69/><T39/><D39/><U67/><E67/><V43/><F43/><W119/><G66/><N who="0" m="39239" /><D27/><N who="1" m="14815" /><E45/><V101/><F101/><W12/><G119/><T73/><D73/><U24/><E24/><V5/><F5/><AGARI ba="0,1" hai="4,5,9,15,17,52,57,63,87,89,95" m="39239" machi="5" ten="30,5800,0" yaku="8,1,52,1,54,1" doraHai="51" who="0" fromWho="2" sc="250,68,250,0,240,-58,250,0" /><INIT seed="0,1,0,3,4,104" ten="318,250,182,250" oya="0" hai0="37,35,32,27,11,126,54,86,7,92,41,18,114" hai1="30,16,20,43,100,59,78,48,68,23,19,75,103" hai2="1,117,13,93,50,53,105,2,123,62,110,85,95" hai3="73,0,24,21,70,130,8,66,118,133,80,79,12"/><T96/><D114/><U45/><E68/><V3/><F123/><W106/><G118/><T44/><D126/><U46/><E30/><V69/><F110/><W82/><G106/><T129/><D129/><U77/><E77/><V120/><F120/><W47/><G133/><T88/><D54/><U38/><E59/><V89/><F105/><W67/><G0/><T112/><D112/><U57/><E57/><V107/><F107/><W31/><G130/><T60/><D60/><U40/><E75/><V97/><F117/><W81/><G47/><T128/><D128/><U83/><E83/><V10/><F62/><W108/><G108/><T121/><D121/><U49/><E78/><V98/><F69/><W56/><G70/><T124/><D124/><U58/><E58/><V39/><F39/><AGARI ba="1,0" hai="16,19,20,23,38,39,40,43,45,46,48,49,100,103" machi="39" ten="25,3200,0" yaku="22,2,54,1" doraHai="104" who="1" fromWho="2" sc="318,0,250,35,182,-35,250,0" /><INIT seed="1,0,0,4,0,127" ten="318,285,147,250" oya="1" hai0="84,102,45,118,58,129,103,132,15,60,57,113,128" hai1="4,3,19,66,2,79,80,48,23,22,52,97,29" hai2="40,100,77,82,0,122,86,116,135,30,56,59,85" hai3="49,133,126,38,21,69,67,18,98,90,9,17,61"/><U13/><E66/><V72/><F122/><W123/><G38/><T105/><D113/><U36/><E36/><V26/><F116/><W8/><G133/><T5/><D118/><U50/><E4/><V70/><F70/><W55/><G126/><T11/><D132/><U89/><E48/><V104/><F0/><W41/><G41/><T10/><D45/><U1/><E97/><V47/><F135/><W42/><G42/><T108/><D108/><U92/><E29/><V106/><F85/><W95/><G18/><T39/><D39/><U117/><E117/><V44/><F44/><W81/><G123/><T83/><D105/><U71/><E23/><V125/><F125/><W28/><G28/><T76/><D57/><U73/><E71/><V120/><F59/><W114/><G81/><T35/><D35/><U134/><E134/><V64/><F56/><W63/><G114/><T24/><D24/><U7/><E7/><V107/><F26/><W110/><G110/><T131/><D10/><U27/><E27/><V96/><F120/><W124/><G124/><T32/><D32/><U101/><E101/><V119/><F30/><W12/><G63/><T121/><D121/><U99/><REACH who="1" step="1"/><E1/><REACH who="1" ten="318,275,147,250" step="2"/><V130/><F100/><W51/><G51/><T94/><REACH who="0" step="1"/><D94/><REACH who="0" ten="308,275,147,250" step="2"/><U16/><E16/><V88/><F119/><W65/><G17/><T37/><D37/><U25/><E25/><V46/><F106/><W43/><G95/><T31/><D31/><U6/><E6/><V87/><F104/><W74/><G69/><T111/><D111/><U112/><E112/><V68/><F107/><RYUUKYOKU ba="0,2" sc="308,15,275,15,147,-15,250,-15" hai0="5,11,15,58,60,76,83,84,102,103,128,129,131" hai1="2,3,13,19,22,50,52,73,79,80,89,92,99" /><INIT seed="1,1,2,1,5,79" ten="323,290,132,235" oya="1" hai0="114,55,59,37,93,122,84,107,97,87,125,35,36" hai1="69,54,95,11,43,94,9,31,90,113,132,134,26" hai2="57,1,131,22,88,112,25,19,82,63,121,85,127" hai3="8,75,62,120,53,65,21,104,117,100,66,109,86"/><U111/><E69/><V42/><F121/><W60/><G75/><T118/><D114/><U4/><E113/><V12/><F112/><W10/><G120/><T47/><D35/><U58/><E43/><V123/><F123/><W81/><G109/><T45/><D118/><U24/><E111/><V126/><F1/><W18/><G100/><T27/><D107/><U80/><E80/><V71/><F71/><W116/><G53/><T38/><D27/><U64/><E64/><N who="2" m="39023" /><F42/><W76/><G104/><T0/><D0/><U77/><E77/><V74/><F74/><W70/><G62/><T83/><D125/><N who="2" m="47626" /><F131/><W16/><G66/><T101/><D87/><U30/><E4/><V128/><F128/><W102/><G102/><T20/><D20/><U32/><E90/><V72/><F72/><W124/><G124/><T98/><D98/><U28/><E32/><V106/><F106/><W14/><REACH who="3" step="1"/><G10/><REACH who="3" ten="323,290,132,225" step="2"/><T3/><D122/><U119/><E9/><V17/><F12/><AGARI ba="1,3" hai="8,12,14,16,18,21,60,65,70,76,81,86,116,117" machi="12" ten="40,8000,1" yaku="1,1,2,1,52,1,54,1,53,0" doraHai="79" doraHaiUra="99" who="3" fromWho="2" sc="323,0,290,0,132,-83,225,113" /><INIT seed="2,0,0,3,1,87" ten="323,290,49,338" oya="2" hai0="94,62,66,115,75,48,107,90,121,98,21,69,89" hai1="73,36,86,8,117,29,45,0,119,126,105,88,60" hai2="38,67,15,22,122,127,74,97,101,11,7,106,82" hai3="54,43,4,132,134,102,123,135,40,49,128,85,108"/><V1/><F122/><W124/><G102/><T10/><D115/><U17/><E73/><V46/><F127/><W28/><G4/><T24/><D75/><U18/><E105/><V99/><F67/><W81/><G108/><T34/><D107/><U93/><E126/><V114/><F114/><W39/><G128/><T96/><D34/><U56/><E29/><V116/><F116/><W70/><G39/><T33/><D33/><U31/><E31/><V68/><F68/><W23/><G70/><T2/><D48/><U13/><E0/><V51/><F97/><W35/><G35/><T110/><D110/><U77/><E77/><V30/><F38/><W37/><G37/><T57/><D10/><U12/><E45/><V14/><F74/><W78/><G123/><T129/><D129/><U19/><E36/><V112/><F82/><W20/><G124/><T131/><D131/><U59/><E59/><V61/><F61/><W125/><G125/><T9/><D9/><U27/><E27/><V63/><F63/><W53/><G28/><T103/><D2/><U3/><E3/><V5/><F112/><W79/><G79/><T80/><D121/><U104/><E104/><V41/><REACH who="2" step="1"/><F5/><REACH who="2" ten="323,290,39,338" step="2"/><W130/><G130/><T65/><D80/><U64/><REACH who="1" step="1"/><E8/><REACH who="1" ten="323,280,39,338" step="2"/><V84/><F84/><W100/><G85/><T44/><D69/><U72/><E72/><V25/><AGARI ba="0,2" hai="1,7,11,14,15,22,25,30,41,46,51,99,101,106" machi="25" ten="30,3000,0" yaku="1,1,0,1,53,0" doraHai="87" doraHaiUra="118" who="2" fromWho="2" sc="323,-10,280,-10,39,50,338,-10" /><INIT seed="2,1,0,5,2,54" ten="313,270,89,328" oya="2" hai0="123,122,104,134,63,90,106,100,131,130,10,65,47" hai1="94,0,97,20,98,53,1,32,85,37,107,119,68" hai2="61,27,69,2,24,60,33,8,118,116,132,49,7" hai3="34,93,28,127,88,39,22,48,44,56,5,125,72"/><V86/><F69/><W40/><G34/><T84/><D10/><U126/><E68/><V23/><F33/><W55/><G72/><T13/><D13/><U3/><E32/><V38/><F38/><W133/><G5/><T35/><D35/><U51/><E126/><N who="3" m="48138" /><G133/><T52/><D134/><U6/><E37/><V103/><F132/><W111/><G111/><T129/><D100/><U76/><E107/><V77/><F103/><W108/><G108/><T117/><D47/><U45/><E119/><V71/><F49/><W113/><G22/><T26/><D26/><U4/><E98/><V19/><F71/><W12/><G12/><T59/><D65/><U121/><E20/><V66/><F27/><W99/><G113/><T95/><REACH who="0" step="1"/><D117/><REACH who="0" ten="303,270,89,328" step="2"/><U21/><E121/><AGARI ba="1,1" hai="52,59,63,84,90,95,104,106,121,122,123,129,130,131" machi="121" ten="50,8000,1" yaku="1,1,2,1,19,1,52,1,54,1,53,0" doraHai="54" doraHaiUra="25" who="0" fromWho="1" sc="303,93,270,-83,89,0,328,0" /><INIT seed="3,0,0,5,4,70" ten="396,187,89,328" oya="3" hai0="23,68,99,54,60,114,6,34,127,66,2,49,0" hai1="98,121,63,118,42,35,51,107,112,94,100,97,119" hai2="1,113,65,82,48,15,128,28,58,39,17,93,45" hai3="9,11,135,79,21,104,103,8,90,76,47,108,78"/><W96/><G135/><T101/><D127/><U105/><E35/><V62/><F1/><W31/><G108/><T19/><D6/><U56/><E121/><V37/><F28/><W126/><G126/><T67/><D67/><U124/><E124/><V33/><F33/><W117/><G117/><N who="1" m="44554" /><E98/><V129/><F82/><W123/><G123/><T24/><D34/><U77/><E77/><V5/><F5/><W71/><G71/><T64/><D64/><N who="1" m="39015" /><E112/><V131/><F93/><W12/><G90/><T61/><D61/><U87/><E87/><V38/><F113/><W7/><REACH who="3" step="1"/><G47/><AGARI ba="0,0" hai="42,47,51,94,97,100,105,107" m="39015,44554" machi="47" ten="30,1000,0" yaku="12,1" doraHai="70" who="1" fromWho="3" sc="396,0,187,10,89,0,328,-10" /><INIT seed="4,0,0,0,3,44" ten="396,197,89,318" oya="0" hai0="94,105,57,28,53,76,124,11,10,104,25,2,92" hai1="19,99,123,75,23,65,31,41,4,133,114,127,62" hai2="103,54,0,112,126,66,36,59,100,30,60,77,26" hai3="46,34,130,20,85,121,73,88,52,40,97,95,78"/><T49/><D124/><U42/><E123/><V43/><F0/><W115/><G34/><T119/><D119/><U27/><E75/><V69/><F112/><W47/><G115/><T1/><D76/><U8/><E133/><V67/><F77/><W134/><G130/><T22/><D2/><U12/><E127/><V128/><F126/><W14/><G73/><T84/><D1/><U61/><E61/><V68/><F128/><W37/><G134/><T86/><D105/><U83/><E114/><V109/><F109/><W91/><G78/><T116/><D104/><U24/><E83/><V101/><F67/><W18/><G121/><T29/><D29/><U89/><E89/><V16/><F30/><W107/><G107/><T87/><D116/><U55/><E55/><V131/><F131/><W6/><G6/><T74/><D74/><U98/><E99/><V108/><F108/><W122/><G122/><T96/><REACH who="0" step="1"/><D92/><REACH who="0" ten="386,197,89,318" step="2"/><U64/><E31/><V81/><F81/><W106/><G106/><T118/><D118/><U33/><E33/><V9/><F69/><W120/><G120/><T70/><D70/><U7/><E7/><V63/><F68/><W129/><G129/><T50/><D50/><U113/><E4/><V48/><F63/><W117/><G117/><T71/><D71/><U45/><E19/><V13/><F60/><W3/><G3/><T56/><D56/><U111/><E62/><V17/><F17/><W38/><G38/><T135/><D135/><U51/><E111/><V132/><F132/><W93/><G47/><T110/><D110/><U58/><E58/><RYUUKYOKU ba="0,1" sc="386,15,197,-15,89,-15,318,15" hai0="10,11,22,25,28,49,53,57,84,86,87,94,96" hai3="14,18,20,37,40,46,52,85,88,91,93,95,97" /><INIT seed="4,1,1,0,2,4" ten="401,182,74,333" oya="0" hai0="42,31,130,112,133,121,44,57,18,25,110,66,7" hai1="24,48,36,47,63,1,21,60,106,135,43,59,55" hai2="125,74,108,23,100,76,129,45,78,114,54,134,98" hai3="11,86,56,52,83,3,119,37,88,58,68,87,122"/><T29/><D121/><U50/><E106/><V69/><F108/><W85/><G68/><T93/><D110/><U90/><E135/><V127/><F69/><W73/><G119/><T35/><D31/><U40/><E1/><V61/><F23/><W6/><G58/><T72/><D72/><U46/><E90/><V65/><F65/><W82/><G37/><T70/><D18/><AGARI ba="1,1" hai="18,21,24,36,40,43,46,47,48,50,55,59,60,63" machi="18" ten="30,1000,0" yaku="7,1" doraHai="4" who="1" fromWho="0" sc="401,-13,182,23,74,0,333,0" /><INIT seed="5,0,0,0,3,12" ten="388,205,74,333" oya="1" hai0="23,93,22,133,118,101,100,1,84,54,85,88,7" hai1="103,78,30,29,121,79,38,116,25,5,60,131,96" hai2="134,125,33,63,109,81,26,11,74,82,107,47,70" hai3="83,128,53,106,73,105,72,113,49,57,50,122,31"/><U68/><E121/><V56/><F109/><W18/><G122/><T90/><D118/><U75/><E75/><V0/><F47/><W27/><G128/><T98/><D133/><U123/><E123/><V15/><F125/><W32/><G113/><T59/><D7/><U111/><E116/><V119/><F107/><W24/><G50/><T48/><D1/><U46/><E30/><V36/><F36/><W52/><G53/><T21/><REACH who="0" step="1"/><D98/><REACH who="0" ten="378,205,74,333" step="2"/><U115/><E115/><V58/><F0/><W8/><G106/><T62/><D62/><U37/><E5/><V20/><F63/><W14/><G105/><T104/><D104/><U132/><E132/><V69/><F134/><W13/><G83/><AGARI ba="0,1" hai="21,22,23,48,54,59,83,84,85,88,90,93,100,101" machi="83" ten="40,8000,1" yaku="1,1,8,1,54,1,53,1" doraHai="12" doraHaiUra="51" who="0" fromWho="3" sc="378,90,205,0,74,0,333,-80" /><INIT seed="6,0,0,0,2,9" ten="468,205,74,253" oya="2" hai0="16,27,71,92,11,1,51,84,88,60,93,127,82" hai1="128,54,90,75,81,31,80,89,79,30,5,39,24" hai2="94,23,17,123,14,48,57,0,41,12,43,35,70" hai3="13,113,95,37,45,112,56,6,55,132,74,134,129"/><V7/><F123/><W76/><G129/><T26/><D1/><U98/><E39/><V52/><F70/><W106/><G106/><T29/><D27/><U103/><E128/><V122/><F122/><W46/><G95/><T109/><D109/><U97/><E97/><V4/><F35/><W110/><G76/><T108/><D127/><U61/><E81/><V15/><F0/><W66/><G74/><T102/><D102/><U135/><E31/><V101/><F101/><W50/><G13/><N who="2" m="3329" /><V21/><DORA hai="86" /><F94/><W85/><G110/><T69/><D11/><U72/><E72/><V47/><F41/><N who="3" m="22703" /><G6/><N who="2" m="2089" /><F17/><W114/><G85/><T38/><D16/><U87/><E5/><V28/><F28/><W19/><G19/><T121/><D71/><U65/><E75/><V20/><F43/><N who="3" m="24927" /><G66/><T126/><D108/><U59/><E65/><V62/><F47/><W73/><G73/><T107/><D29/><U36/><E36/><V117/><F117/><W8/><G8/><T53/><D38/><U3/><E3/><V2/><F2/><W68/><G68/><T100/><D107/><U34/><E135/><V119/><F119/><W111/><G111/><T133/><D133/><U22/><E34/><V115/><F115/><W32/><G32/><T120/><D121/><U124/><E124/><V40/><F40/><W44/><G44/><T104/><D126/><U83/><E83/><V63/><AGARI ba="0,0" hai="20,21,23,48,52,57,62,63" m="2089,3329" machi="63" ten="40,18000,2" yaku="8,1,52,4,54,1" doraHai="9,86" who="2" fromWho="2" sc="468,-60,205,-60,74,180,253,-60" /><INIT seed="6,1,0,3,2,62" ten="408,145,254,193" oya="2" hai0="73,70,24,87,102,119,48,131,60,54,64,81,76" hai1="86,130,78,32,95,61,79,93,68,110,94,112,17" hai2="82,134,55,128,129,98,40,29,71,27,101,114,5" hai3="121,28,96,67,135,91,18,83,72,108,30,89,1"/><V63/><F114/><W31/><G108/><T116/><D131/><N who="2" m="50250" /><F134/><W126/><G1/><T58/><D102/><U80/><E130/><V15/><F40/><W100/><G121/><T122/><D122/><U19/><E112/><V20/><F82/><W85/><G72/><T43/><D43/><U56/><E32/><V8/><F55/><W52/><G126/><T77/><D24/><U26/><E68/><V115/><F115/><W50/><G135/><T38/><D38/><U44/><E110/><V6/><F63/><W2/><G2/><T37/><D37/><U45/><E78/><V47/><F47/><W90/><G18/><T65/><D64/><N who="1" m="38951" /><E17/><N who="2" m="8423" /><F71/><W132/><G67/><T118/><D77/><U104/><E104/><AGARI ba="1,0" hai="5,6,20,27,29,98,101,104" m="8423,50250" machi="104" ten="30,1500,0" yaku="19,1" doraHai="62" who="2" fromWho="1" sc="408,0,145,-18,254,18,193,0" /><INIT seed="6,2,0,1,3,128" ten="408,127,272,193" oya="2" hai0="105,34,57,101,22,109,21,40,5,60,35,25,59" hai1="85,91,87,66,88,36,118,117,124,29,16,84,125" hai2="37,27,86,96,120,2,48,122,131,24,52,13,93" hai3="26,10,33,81,9,32,68,64,44,115,61,28,98"/><V50/><F37/><W62/><G33/><T43/><D5/><U51/><E36/><V90/><F2/><W41/><G115/><T11/><D11/><U134/><E66/><V39/><F39/><W99/><G62/><T7/><D7/><U97/><E51/><V30/><F131/><W69/><G69/><T112/><D105/><U1/><E1/><V104/><F13/><W12/><G10/><T38/><D101/><U47/><E47/><V67/><F67/><W123/><G123/><T102/><D102/><U70/><E70/><V63/><F63/><W4/><REACH who="3" step="1"/><G81/><REACH who="3" ten="408,127,272,183" step="2"/><T18/><D60/><U8/><E29/><V129/><F129/><W107/><G107/><T89/><D35/><U94/><E8/><V42/><F104/><W126/><G126/><N who="1" m="48746" /><E16/><V80/><F30/><W49/><AGARI ba="2,1" hai="4,9,12,26,28,32,41,44,49,61,64,68,98,99" machi="49" ten="20,2700,0" yaku="1,1,0,1,7,1,53,0" doraHai="128" doraHaiUra="113" who="3" fromWho="3" sc="408,-9,127,-9,272,-15,183,43" /><INIT seed="7,0,0,2,2,86" ten="399,118,257,226" oya="3" hai0="41,37,62,46,5,101,51,123,58,28,20,59,60" hai1="128,68,97,24,36,16,131,96,94,132,4,29,125" hai2="45,69,83,106,18,56,119,9,74,118,95,112,61" hai3="70,31,43,82,76,50,2,19,38,66,108,135,63"/><W22/><G2/><T98/><D5/><U93/><E68/><V77/><F106/><W81/><G135/><T75/><D75/><U53/><E36/><V34/><F69/><W110/><G31/><T133/><D123/><U79/><E79/><V14/><F34/><W85/><G38/><T116/><D116/><U89/><E4/><V26/><F45/><W39/><G39/><T67/><D133/><U122/><E122/><V23/><F95/><W27/><REACH who="3" step="1"/><G82/><REACH who="3" ten="399,118,257,216" step="2"/><T107/><D28/><U80/><E125/><V32/><F118/><W99/><G99/><T6/><D37/><U104/><E80/><V13/><F119/><W103/><G103/><T88/><D98/><U3/><E132/><V102/><F102/><W54/><G54/><T8/><D101/><U52/><E3/><V87/><F83/><W47/><AGARI ba="0,1" hai="19,22,27,43,47,50,63,66,70,76,81,85,108,110" machi="47" ten="30,3000,0" yaku="1,1,0,1,53,0" doraHai="86" doraHaiUra="10" who="3" fromWho="3" sc="399,-10,118,-10,257,-10,216,40" /><INIT seed="7,1,0,0,5,109" ten="389,108,247,256" oya="3" hai0="92,53,35,2,16,67,96,39,119,83,108,40,89" hai1="36,55,82,75,31,37,113,30,134,34,41,54,71" hai2="103,62,129,72,29,78,4,91,76,116,126,87,114" hai3="117,24,121,10,13,100,42,0,70,86,135,118,110"/><W104/><G70/><T69/><D2/><U23/><E71/><V3/><F116/><W1/><G42/><T44/><D35/><U51/><E34/><V115/><F129/><W7/><G86/><T98/><D108/><U46/><E134/><V26/><F126/><W97/><G110/><T131/><D131/><U77/><E113/><N who="2" m="43019" /><F103/><W124/><G121/><T128/><D69/><U48/><E55/><V63/><F4/><W59/><G135/><T130/><D67/><U58/><REACH who="1" step="1"/><E23/><REACH who="1" ten="389,98,247,256" step="2"/><N who="2" m="15583" /><F72/><W73/><G73/><T106/><D53/><U5/><E5/><V65/><F65/><W79/><G7/><T49/><D130/><U112/><E112/><V107/><F107/><W50/><G104/><T38/><D106/><U19/><E19/><V52/><F52/><W74/><G74/><T18/><D16/><U81/><E81/><N who="2" m="49647" /><F3/><W61/><G1/><T22/><D83/><U20/><E20/><V132/><F132/><W8/><G118/><T105/><D119/><U17/><E17/><V101/><F101/><W111/><G100/><T64/><D64/><U14/><E14/><V94/><F94/><W25/><G13/><T88/><D128/><U45/><E45/><V80/><F80/><W6/><G117/><T66/><D66/><U84/><E84/><V127/><F127/><W123/><G124/><T15/><D105/><U90/><E90/><V11/><F11/><W28/><G10/><T9/><D9/><U68/><E68/><V32/><F32/><W133/><G8/><T43/><D89/><U125/><E125/><V102/><F102/><W85/><G133/><RYUUKYOKU ba="1,1" sc="389,-15,98,15,247,15,256,-15" hai1="30,31,36,37,41,46,48,51,54,58,75,77,82" hai2="62,63,76,78" owari="384,49.0,113,-39.0,262,6.0,241,-16.0" /></mjloggm>