<mjloggm ver="2.3"><GO type="41" lobby="0"/><UN n0="%E3%81%97%E3%82%83%E3%81%97%E3%82%83%E3%81%8D" n1="%4D%61%72%63%54%59" n2="%E2%93%9D%53%75%70%68%78" n3="%52%69%63%6B%79" dan="15,13,18,14" rate="1989.42,1832.74,2097.09,1869.75" sx="M,M,M,F"/><TAIKYOKU oya="0"/><INIT seed="0,0,0,4,3,133" ten="250,250,250,250" oya="0" hai0="106,77,27,49,135,134,105,61,123,18,126,3,47" hai1="79,111,125,64,1,38,30,0,59,56,36,52,31" hai2="117,11,41,6,57,81,20,108,112,17,53,94,4" hai3="37,71,72,107,15,34,14,104,24,121,74,92,110"/><T114/><D114/><U132/><E111/><V70/><F70/><W93/><G110/><T116/><D116/><U58/><E132/><N who="0" m="50729" /><D123/><U66/><E79/><V45/><F112/><W2/><G37/><T128/><D3/><U10/><E10/><V83/><F108/><W68/><G24/><T26/><D128/><U102/><E59/><V43/><F94/><W82/><G82/><T35/><D77/><U33/><E102/><V25/><F117/><W8/><G8/><T101/><D101/><U60/><E60/><V122/><F122/><W98/><G98/><T103/><D103/><U46/><E33/><V63/><F43/><W129/><G34/><T89/><D89/><U118/><E46/><V80/><REACH who="2" step="1"/><F11/><REACH who="2" ten="250,250,240,250" step="2"/><W22/><G121/><T96/><D106/><U21/><E118/><V76/><F76/><W48/><G92/><T7/><D105/><U84/><E38/><AGARI ba="0,1" hai="4,6,17,20,25,38,41,45,53,57,63,80,81,83" machi="38" ten="40,2600,0" yaku="1,1,53,1" doraHai="133" doraHaiUra="55" who="2" fromWho="1" sc="250,0,250,-26,240,36,250,0" /><INIT seed="1,0,0,4,1,20" ten="250,224,276,250" oya="1" hai0="106,23,4,90,135,125,11,111,113,93,54,18,41" hai1="35,132,72,126,57,131,99,33,117,7,118,63,76" hai2="64,59,86,103,58,89,10,29,120,22,123,37,45" hai3="26,14,12,69,60,83,16,124,121,55,47,17,128"/><U24/><E132/><V46/><F103/><W67/><G121/><T115/><D106/><U95/><E131/><V71/><F10/><W70/><G128/><T101/><D101/><U98/><E126/><V5/><F5/><W127/><G70/><T82/><D111/><U30/><E7/><V108/><F89/><W52/><G83/><T32/><D32/><U66/><E35/><V75/><F22/><N who="3" m="13639" /><G17/><T44/><D82/><U114/><E114/><V97/><F29/><W53/><G47/><T51/><D41/><U34/><E34/><V79/><F46/><W61/><G60/><T3/><D135/><U78/><E99/><V130/><F97/><W94/><G94/><T96/><REACH who="0" step="1"/><D125/><AGARI ba="0,0" hai="12,14,52,53,55,61,67,69,124,125,127" m="13639" machi="125" ten="30,7700,0" yaku="18,1,52,1,54,2" doraHai="20" who="3" fromWho="0" sc="250,-77,224,0,276,0,250,77" /><INIT seed="2,0,0,0,4,81" ten="173,224,276,327" oya="2" hai0="86,39,20,48,76,18,105,95,121,29,107,124,106" hai1="54,32,8,120,79,26,117,21,56,134,27,87,133" hai2="38,110,69,130,135,58,47,9,108,112,62,88,115" hai3="37,1,102,61,7,90,57,80,119,28,50,128,73"/><V129/><F9/><W71/><G119/><T96/><D121/><U70/><E120/><V93/><F69/><W15/><G37/><T109/><D39/><U103/><E117/><V75/><F75/><W99/><G1/><T10/><D124/><U67/><E103/><V0/><F0/><W82/><G128/><N who="2" m="49257" /><F135/><N who="1" m="51721" /><E32/><V12/><F12/><W19/><G7/><T113/><D113/><N who="2" m="43594" /><F47/><W116/><G116/><T118/><D118/><U77/><E77/><V24/><F24/><W74/><G28/><T49/><D76/><U104/><E70/><V42/><F42/><W51/><G71/><T2/><D29/><U63/><E8/><V4/><F4/><W132/><G74/><T60/><D10/><U16/><E104/><V94/><F38/><W45/><G45/><T100/><D2/><U66/><E27/><V84/><F94/><N who="3" m="58743" /><G73/><T91/><D107/><U5/><E5/><V64/><AGARI ba="0,0" hai="58,62,64,84,88,93,108,110" m="43594,49257" machi="64" ten="40,7800,0" yaku="19,1,52,1,54,1" doraHai="81" who="2" fromWho="2" sc="173,-26,224,-26,276,78,327,-26" /><INIT seed="2,1,0,4,0,0" ten="147,198,354,301" oya="2" hai0="87,46,58,32,124,12,113,130,86,67,68,57,98" hai1="17,133,122,93,127,95,89,104,94,33,51,18,80" hai2="81,49,4,23,119,72,2,38,100,8,96,44,20" hai3="56,78,64,134,60,45,54,121,11,13,15,14,26"/><V82/><F119/><W101/><G121/><T76/><D113/><U9/><E122/><V34/><F34/><W41/><G134/><T55/><D32/><U66/><E133/><V10/><F10/><W106/><G78/><T115/><D115/><U79/><E104/><V61/><F61/><W117/><G117/><T88/><D130/><U53/><E33/><V40/><F49/><W92/><G106/><T5/><D124/><U99/><E66/><V21/><REACH who="2" step="1"/><F72/><REACH who="2" ten="147,198,344,301" step="2"/><W132/><G11/><T36/><D36/><U74/><E9/><V110/><F110/><W28/><G132/><T103/><D68/><U59/><E127/><V77/><F77/><W123/><G123/><T65/><D76/><U47/><E47/><V73/><F73/><W108/><G108/><T105/><D46/><U6/><E74/><V75/><F75/><W129/><G45/><T25/><D58/><U116/><E79/><V62/><F62/><W118/><G118/><T109/><D109/><U48/><E116/><V16/><F16/><W24/><G60/><T131/><D57/><U39/><E48/><V69/><F69/><W70/><G70/><T1/><D67/><U30/><E18/><V71/><F71/><W50/><G64/><T3/><D65/><U125/><E17/><V37/><F37/><W52/><G56/><T83/><D1/><U63/><E39/><V112/><F112/><W42/><G50/><T114/><D3/><U126/><E125/><V31/><F31/><W120/><G28/><T97/><D114/><U27/><E126/><V128/><F128/><W107/><G129/><RYUUKYOKU ba="1,1" sc="147,-10,198,-10,344,30,301,-10" hai2="2,4,8,20,21,23,38,40,44,81,82,96,100" /><INIT seed="2,2,1,5,0,66" ten="137,188,374,291" oya="2" hai0="95,122,76,18,120,99,41,53,72,15,23,135,101" hai1="107,36,55,74,86,40,60,97,17,49,21,62,38" hai2="58,96,130,126,75,8,6,81,34,115,105,112,2" hai3="110,11,77,83,44,5,106,19,51,109,87,132,14"/><V78/><F58/><W56/><G132/><T37/><D135/><U43/><E74/><V64/><F126/><W111/><G106/><T46/><REACH who="0" step="1"/><D53/><REACH who="0" ten="127,188,374,291" step="2"/><U4/><E40/><V71/><F130/><W98/><G110/><T61/><D61/><U22/><E43/><V25/><F115/><W73/><G109/><T67/><D67/><U127/><E62/><N who="2" m="40343" /><F112/><W33/><G111/><T42/><D42/><U119/><E60/><V3/><F3/><W54/><G54/><T35/><D35/><U70/><E55/><V82/><F75/><W9/><G33/><T29/><D29/><U123/><E127/><V20/><F34/><W65/><G73/><T16/><D16/><U117/><E17/><V13/><F2/><W10/><G19/><T93/><D93/><U28/><E107/><V45/><F105/><W129/><G129/><T124/><D124/><U48/><E28/><V79/><F82/><AGARI ba="2,2" hai="15,18,23,37,41,46,72,76,82,95,99,101,120,122" machi="82" ten="40,1300,0" yaku="1,1,53,0" doraHai="66" doraHaiUra="100" who="0" fromWho="2" sc="127,39,188,0,374,-19,291,0" /><INIT seed="3,0,0,2,3,24" ten="166,188,355,291" oya="3" hai0="105,120,6,80,40,97,53,65,30,15,116,21,82" hai1="26,45,42,84,50,12,7,37,54,60,131,124,117" hai2="75,43,5,23,9,114,73,77,93,68,18,106,47" hai3="71,14,27,132,52,33,13,67,49,51,72,0,59"/><W20/><G0/><T112/><D116/><U121/><E121/><V58/><F68/><W28/><G72/><T92/><D120/><U104/><E117/><V76/><F106/><W74/><G74/><T79/><D105/><U34/><E104/><V1/><F114/><W63/><G132/><T107/><D107/><U128/><E124/><V111/><F111/><W56/><G33/><T90/><D112/><U102/><E102/><V109/><F58/><W8/><G8/><N who="0" m="4503" /><D40/><U83/><E60/><V32/><F32/><W17/><G17/><T129/><D129/><U133/><E12/><V3/><F3/><W126/><G126/><T57/><D65/><U130/><E7/><V113/><F75/><W66/><G66/><T98/><D98/><U29/><E133/><V135/><F109/><W44/><G71/><T122/><D79/><U46/><E84/><V119/><F119/><W115/><G115/><T41/><D41/><AGARI ba="0,0" hai="13,14,20,27,28,41,44,49,51,52,56,59,63,67" machi="41" ten="30,11600,0" yaku="7,1,8,1,52,1,54,1" doraHai="24" who="3" fromWho="0" sc="166,-116,188,0,355,0,291,116" /><INIT seed="3,1,0,3,1,60" ten="50,188,355,407" oya="3" hai0="30,14,101,9,124,50,76,6,83,93,49,34,40" hai1="77,130,105,132,127,113,23,2,74,26,33,61,7" hai2="53,125,15,111,68,29,110,109,41,4,80,120,134" hai3="11,103,129,16,66,122,104,116,32,35,25,102,28"/><W82/><G122/><T31/><D124/><U87/><E87/><V84/><F125/><W19/><G116/><T36/><D36/><U65/><E105/><V38/><F134/><W112/><G112/><T10/><D34/><U54/><E33/><V63/><F29/><W17/><G129/><T89/><D101/><U42/><E132/><V24/><F24/><W108/><G82/><T98/><D50/><U59/><E77/><V121/><F15/><W115/><G115/><T56/><D10/><U107/><E74/><V20/><F20/><W133/><G133/><T135/><D135/><U79/><E79/><V39/><F4/><W67/><G104/><T71/><D71/><U62/><E107/><V96/><F96/><W123/><G123/><N who="2" m="47177" /><F41/><W0/><G35/><T100/><D100/><U99/><E99/><V85/><F85/><W48/><G48/><T75/><REACH who="0" step="1"/><D56/><REACH who="0" ten="40,188,355,407" step="2"/><N who="1" m="34967" /><E127/><V46/><F68/><W44/><G103/><T94/><D94/><U117/><E113/><V73/><F39/><W119/><G102/><T131/><D131/><U126/><E130/><V1/><F38/><W128/><G32/><T18/><D18/><U90/><E126/><V5/><F111/><W92/><G108/><T3/><D3/><U70/><E2/><V91/><F110/><W58/><G0/><T72/><D72/><U43/><E7/><V97/><F73/><W21/><G92/><T12/><D12/><U64/><E117/><V95/><F109/><W47/><G119/><T37/><D37/><U88/><E70/><V52/><F1/><W69/><G69/><T106/><D106/><RYUUKYOKU ba="1,1" sc="40,30,188,-10,355,-10,407,-10" hai0="6,9,14,30,31,40,49,75,76,83,89,93,98" /><INIT seed="4,2,1,1,5,117" ten="70,178,345,397" oya="0" hai0="51,44,26,39,90,4,127,76,111,25,105,14,95" hai1="96,82,122,94,97,5,104,8,36,107,38,93,75" hai2="69,61,33,10,66,118,131,64,2,62,28,29,130" hai3="92,84,7,77,65,6,43,115,42,57,71,15,50"/><T19/><D105/><N who="1" m="40523" /><E8/><V18/><F118/><W20/><G115/><T52/><D127/><U74/><E5/><N who="2" m="1335" /><F18/><W134/><G134/><T59/><D111/><U22/><E22/><V40/><F40/><W27/><G71/><T70/><D70/><U100/><E38/><V123/><F123/><W68/><G68/><T113/><D113/><U81/><E36/><V12/><F12/><W116/><G15/><T46/><D4/><U11/><E11/><V89/><F89/><W87/><G7/><T53/><D76/><U54/><E54/><V60/><F33/><W49/><G6/><T1/><D1/><U23/><E23/><V135/><F135/><W103/><G77/><T99/><D39/><U13/><E13/><V128/><F69/><W24/><G20/><T132/><D132/><U124/><E122/><V133/><F133/><W108/><G108/><T45/><REACH who="0" step="1"/><D53/><REACH who="0" ten="60,178,345,397" step="2"/><U56/><E124/><V9/><F9/><AGARI ba="2,2" hai="9,14,19,25,26,44,45,46,51,52,59,90,95,99" machi="9" ten="40,12000,1" yaku="1,1,2,1,8,1,54,1,53,0" doraHai="117" doraHaiUra="72" who="0" fromWho="2" sc="60,146,178,0,345,-126,397,0" /><INIT seed="4,3,0,1,1,122" ten="206,178,219,397" oya="0" hai0="113,79,45,61,115,81,80,42,114,48,91,111,49" hai1="106,36,101,68,32,52,2,60,70,99,109,108,117" hai2="27,94,125,3,5,13,8,73,107,15,25,123,119" hai3="58,96,31,110,44,11,86,54,97,56,28,72,64"/><T134/><D134/><U22/><E117/><V0/><F107/><W103/><G72/><T65/><D91/><U116/><E116/><V77/><F94/><W62/><G110/><T41/><D111/><U50/><E2/><N who="2" m="555" /><F77/><W135/><G135/><T89/><D89/><U26/><E36/><V118/><F73/><W63/><G11/><T132/><D132/><U102/><E102/><V78/><F78/><W76/><G44/><N who="0" m="25615" /><D79/><U104/><E104/><V47/><F47/><W9/><G9/><T129/><D129/><U24/><E24/><N who="2" m="9291" /><F123/><W18/><G18/><T90/><D90/><U95/><E95/><V87/><F87/><W34/><G34/><T133/><D133/><U1/><E1/><N who="2" m="47" /><F125/><W74/><G74/><T35/><D35/><U85/><E85/><V127/><F127/><W40/><G40/><T69/><AGARI ba="3,0" hai="42,45,49,61,65,69,80,81,113,114,115" m="25615" machi="69" ten="30,1500,0" yaku="15,1" doraHai="122" who="0" fromWho="0" sc="206,24,178,-8,219,-8,397,-8" /><INIT seed="4,4,0,2,1,118" ten="230,170,211,389" oya="0" hai0="5,42,109,132,81,114,41,103,31,9,14,11,111" hai1="0,116,59,85,84,68,91,128,122,58,102,24,121" hai2="108,76,83,75,6,28,8,47,55,94,61,37,77" hai3="66,22,126,112,4,107,15,21,93,48,74,97,113"/><T39/><D114/><N who="3" m="44137" /><G74/><T2/><D132/><U87/><E116/><V25/><F77/><W44/><G66/><T60/><D103/><U56/><E0/><V125/><F125/><W50/><G107/><T73/><D31/><U110/><E110/><N who="0" m="41993" /><D39/><U27/><E68/><V57/><F94/><W32/><G32/><T95/><D95/><U127/><E127/><V53/><F108/><W67/><G67/><T63/><D81/><U130/><E91/><V105/><F105/><W33/><G33/><T119/><D73/><U64/><E64/><V3/><F37/><W70/><G70/><T115/><D119/><U62/><E62/><N who="0" m="23593" /><D115/><U131/><E102/><V16/><F28/><W89/><G126/><T99/><D99/><U106/><E106/><V54/><REACH who="2" step="1"/><F47/><REACH who="2" ten="230,170,201,389" step="2"/><W34/><G44/><T46/><D46/><U1/><E1/><V134/><F134/><W26/><G93/><T20/><D20/><AGARI ba="4,1" hai="3,6,8,16,20,25,53,54,55,57,61,75,76,83" machi="20" ten="40,2600,0" yaku="1,1,54,1,53,0" doraHai="118" doraHaiUra="40" who="2" fromWho="0" sc="230,-38,170,0,201,48,389,0" /><INIT seed="5,0,0,2,1,60" ten="192,170,249,389" oya="1" hai0="86,36,104,18,12,24,26,32,34,58,77,87,78" hai1="89,80,98,23,21,61,66,7,122,106,17,59,42" hai2="37,131,20,53,27,125,14,82,13,123,132,110,95" hai3="103,47,71,56,127,3,44,120,64,28,41,130,15"/><U76/><E122/><V94/><F110/><W85/><G120/><T113/><D104/><U83/><E7/><V107/><F107/><W25/><G3/><T70/><D70/><U134/><E134/><V63/><F37/><W62/><G130/><T119/><D119/><U112/><E112/><V96/><F125/><W116/><G116/><T72/><D36/><U93/><E106/><V79/><F95/><W1/><G1/><T73/><D58/><U16/><E42/><V65/><F53/><W99/><G127/><T43/><D12/><U105/><E76/><V31/><F131/><W114/><G85/><T50/><D18/><U54/><E105/><V55/><F55/><W40/><G71/><T135/><D50/><U117/><E117/><V118/><F132/><W88/><G15/><T48/><D48/><U90/><E90/><V100/><F123/><W68/><G68/><T38/><D38/><U30/><E30/><V51/><F51/><W0/><G0/><T2/><D2/><U67/><E17/><V46/><F46/><N who="3" m="17451" /><G114/><T84/><D135/><U8/><E8/><V22/><F22/><N who="1" m="8201" /><E16/><V97/><F118/><W45/><G88/><T124/><D124/><U19/><E19/><V35/><F14/><W129/><G129/><T52/><D43/><U5/><E5/><V115/><F115/><W109/><G40/><T74/><D113/><U101/><E101/><V29/><F13/><W75/><G41/><T9/><D9/><U121/><E121/><V10/><F10/><W57/><G103/><T126/><D126/><U92/><E92/><V108/><F100/><RYUUKYOKU ba="0,0" sc="192,-10,170,30,249,-10,389,-10" hai1="54,59,61,66,67,80,83,89,93,98" /><INIT seed="5,1,0,3,5,63" ten="182,200,239,379" oya="1" hai0="119,31,114,104,107,90,69,36,130,94,21,64,78" hai1="106,56,11,124,126,68,45,110,16,123,93,13,50" hai2="100,44,51,105,48,96,80,103,55,99,52,98,40" hai3="102,38,26,14,25,30,108,79,62,81,19,92,72"/><U47/><E123/><V33/><F33/><W9/><G108/><T39/><D119/><U73/><E106/><V89/><F105/><W27/><G38/><T120/><D120/><U70/><E110/><V35/><F35/><W3/><G3/><T84/><D114/><U23/><E73/><V129/><F129/><W34/><G62/><T4/><D130/><U28/><E93/><V12/><F12/><W85/><G72/><T113/><D113/><U88/><E56/><V83/><F40/><W111/><G111/><T60/><D107/><U116/><E116/><V37/><F37/><W20/><G34/><T86/><D104/><U109/><E109/><V54/><F89/><W59/><G59/><T128/><D4/><U77/><E77/><V125/><F125/><N who="1" m="48233" /><E88/><V53/><REACH who="2" step="1"/><F51/><REACH who="2" ten="182,200,229,379" step="2"/><W133/><G133/><T5/><D128/><U67/><E50/><V17/><F17/><W0/><G0/><T15/><D5/><N who="1" m="3311" /><E28/><V76/><F76/><W112/><G112/><T132/><D132/><U22/><E22/><V46/><F46/><W127/><G127/><T115/><D115/><U97/><E47/><V91/><F91/><W74/><G102/><AGARI ba="1,1" hai="44,48,52,53,54,55,80,83,96,98,99,100,102,103" machi="102" ten="40,5200,0" yaku="1,1,8,1,54,1,53,0" doraHai="63" doraHaiUra="118" who="2" fromWho="3" sc="182,0,200,0,229,65,379,-55" /><INIT seed="6,0,0,3,0,11" ten="182,200,294,324" oya="2" hai0="46,95,45,114,2,32,80,67,1,125,63,92,77" hai1="134,18,57,27,42,43,36,64,106,9,14,122,7" hai2="73,88,35,56,68,0,17,108,26,130,82,123,54" hai3="13,31,115,97,100,49,133,132,117,75,135,124,69"/><V29/><F123/><W55/><G117/><T113/><D32/><U22/><E122/><V120/><F120/><W72/><G69/><T103/><D103/><U83/><E106/><V33/><F68/><W102/><G124/><T60/><D80/><U12/><E134/><V78/><F0/><W6/><G31/><T71/><D71/><U51/><E36/><V47/><F130/><W86/><G86/><T107/><D107/><U28/><E83/><V116/><F116/><W44/><G115/><T129/><D77/><U89/><E89/><V128/><F47/><W40/><G100/><T87/><D87/><U39/><E39/><V126/><F108/><W127/><G127/><T38/><D38/><U19/><E7/><V65/><F65/><W10/><REACH who="3" step="1"/><G40/><REACH who="3" ten="182,200,294,314" step="2"/><T8/><D125/><U81/><E81/><V96/><F126/><W110/><G110/><T59/><D129/><U34/><E43/><V3/><F128/><W118/><G118/><T50/><D113/><U20/><E42/><V84/><F84/><W5/><G5/><T99/><D114/><U85/><E85/><V131/><F131/><W93/><AGARI ba="0,1" hai="6,10,13,44,49,55,72,75,93,97,102,132,133,135" machi="93" ten="30,7900,0" yaku="1,1,0,1,20,1,52,1,53,0" doraHai="11" doraHaiUra="109" who="3" fromWho="3" sc="182,-20,200,-20,294,-39,314,89" /><INIT seed="7,0,0,0,4,41" ten="162,180,255,403" oya="3" hai0="106,96,9,119,74,43,48,132,30,38,52,103,25" hai1="11,76,87,135,13,44,62,56,3,18,105,29,73" hai2="47,2,12,104,21,31,80,112,94,93,118,4,51" hai3="60,34,79,37,14,133,17,124,117,97,101,98,115"/><W19/><G37/><T40/><D119/><U109/><E109/><V26/><F112/><W46/><G115/><T35/><D132/><U27/><E105/><V108/><F104/><W85/><G34/><T68/><D38/><U129/><E135/><V28/><F2/><W92/><G117/><T81/><D68/><U89/><E3/><V127/><F127/><W114/><G124/><T75/><D9/><U66/><E44/><V63/><F63/><W65/><G114/><T102/><D102/><U10/><E10/><V33/><F108/><W126/><G133/><T99/><D99/><U86/><E129/><V100/><F31/><W122/><G98/><T8/><D8/><U82/><E89/><V32/><F32/><AGARI ba="0,0" hai="11,13,18,27,29,32,56,62,66,73,76,82,86,87" machi="32" ten="30,1000,0" yaku="7,1" doraHai="41" who="1" fromWho="2" sc="162,0,180,10,255,-10,403,0" owari="162,-34.0,190,-21.0,245,5.0,403,50.0" /></mjloggm>