<mjloggm ver="2.3"><GO type="41" lobby="0"/><UN n0="%E5%A4%A2%E8%A6%8B%E3%82%8B%E5%BC%81%E8%AD%B7%E5%A3%AB" n1="%74%2D%74%61%6B%65" n2="%E6%98%8E%E6%B2%BB%E3%81%AE%E9%9B%80%E5%A3%AB" n3="%E2%93%9D%53%75%70%68%78" dan="14,13,16,18" rate="1920.68,1853.64,2080.15,2164.42" sx="M,M,M,M"/><TAIKYOKU oya="0"/><INIT seed="0,0,0,3,4,37" ten="250,250,250,250" oya="0" hai0="93,9,4,22,133,3,89,72,47,36,96,7,66" hai1="16,129,75,112,17,132,78,19,13,27,130,82,104" hai2="134,83,26,97,79,12,45,87,14,99,0,41,5" hai3="122,23,125,54,91,71,108,113,111,39,85,34,88"/><T65/><D72/><U15/><E104/><V51/><F134/><W49/><G113/><T95/><D133/><U84/><E132/><V60/><F0/><W1/><G39/><T103/><D7/><U106/><E112/><V70/><F26/><W102/><G34/><T123/><D123/><U43/><E106/><V86/><F86/><W80/><G71/><T25/><D36/><U110/><E110/><N who="3" m="42026" /><G102/><T131/><D47/><U50/><E75/><V59/><F70/><W11/><G125/><T8/><D8/><U32/><E32/><V35/><F35/><W29/><G122/><T2/><D2/><U81/><E27/><V124/><F124/><W63/><G63/><T40/><D40/><U33/><E82/><V10/><REACH who="2" step="1"/><F14/><REACH who="2" ten="250,250,240,250" step="2"/><W56/><G1/><T61/><D131/><N who="1" m="50187" /><E33/><V135/><F135/><W57/><G85/><T69/><D69/><U107/><E107/><V74/><F74/><W24/><G80/><T109/><D109/><U18/><N who="1" m="4096" /><DORA hai="126" /><U100/><E100/><V118/><F118/><W52/><G11/><T92/><D103/><U121/><E121/><V38/><F38/><W115/><G115/><T120/><D120/><U46/><AGARI ba="0,1" hai="13,15,43,46,50,78,81,84" m="4096,50187" machi="46" ten="50,12000,2" yaku="19,1,52,4,54,1" doraHai="37,126" who="1" fromWho="1" sc="250,-60,250,130,240,-30,250,-30" /><INIT seed="1,0,0,4,2,98" ten="190,380,210,220" oya="1" hai0="52,75,39,80,64,60,131,17,24,84,106,107,126" hai1="2,20,34,91,88,28,0,4,40,119,21,7,23" hai2="120,35,81,121,6,30,72,82,110,113,94,41,42" hai3="55,70,37,97,114,78,3,85,100,96,25,5,101"/><U133/><E40/><V111/><F6/><N who="1" m="2089" /><E28/><V8/><F8/><W102/><G114/><T128/><D39/><U99/><E99/><V118/><F30/><W117/><G70/><T112/><D112/><U109/><E119/><V43/><F113/><W93/><G37/><T46/><D75/><U73/><E73/><V16/><F118/><W27/><G117/><T125/><D17/><U124/><E34/><V105/><F105/><W132/><G132/><T62/><D24/><N who="3" m="9289" /><G3/><N who="1" m="1066" /><E133/><V83/><F72/><W127/><G127/><N who="0" m="48651" /><D107/><U51/><E124/><V10/><F35/><W36/><G36/><T76/><D106/><U63/><E63/><N who="0" m="24105" /><D64/><U31/><E31/><V87/><F121/><W130/><G5/><T47/><D47/><U44/><E44/><V13/><REACH who="2" step="1"/><F120/><REACH who="2" ten="190,380,200,220" step="2"/><W68/><G102/><T116/><D116/><U79/><E21/><V29/><F29/><W108/><G101/><T9/><D9/><U86/><E23/><V95/><F95/><W90/><G93/><T65/><D65/><U135/><E20/><V123/><F123/><W58/><G100/><T92/><D92/><U89/><E135/><V56/><F56/><W18/><G58/><T59/><D46/><U45/><E45/><V104/><F104/><W1/><G1/><T103/><D103/><U71/><E71/><V38/><F38/><W19/><G68/><T12/><D12/><U69/><E69/><V22/><F22/><W122/><G122/><T15/><D15/><U53/><E51/><AGARI ba="0,1" hai="51,52,59,76,80,84,128,131" m="24105,48651" machi="51" ten="30,2000,0" yaku="18,1,54,1" doraHai="98" who="0" fromWho="1" sc="190,30,380,-20,200,0,220,0" /><INIT seed="2,0,0,3,1,120" ten="220,360,200,220" oya="2" hai0="33,43,134,113,36,125,123,47,79,62,82,21,127" hai1="7,70,2,76,38,109,68,96,61,9,32,53,25" hai2="14,115,17,23,6,63,59,132,48,72,105,128,42" hai3="131,129,81,99,26,49,65,106,112,64,41,73,100"/><V30/><F115/><W29/><G112/><T102/><D113/><U58/><E38/><V97/><F72/><W90/><G41/><T124/><D123/><U91/><E76/><V126/><F126/><W85/><G49/><T46/><D33/><U74/><E74/><V133/><F128/><N who="3" m="49227" /><G73/><T1/><D1/><U78/><E78/><V107/><F6/><W19/><G19/><T56/><D102/><U67/><E32/><AGARI ba="0,0" hai="26,29,32,64,65,81,85,90,99,100,106" m="49227" machi="32" ten="30,1000,0" yaku="19,1" doraHai="120" who="3" fromWho="1" sc="220,0,360,-10,200,0,220,10" /><INIT seed="3,0,0,1,4,84" ten="220,350,200,230" oya="3" hai0="121,55,105,20,31,56,70,100,8,61,101,15,40" hai1="32,88,41,24,29,104,42,112,59,77,93,3,118" hai2="76,120,51,52,33,12,5,86,115,128,130,92,46" hai3="23,85,132,79,78,99,91,22,9,122,74,135,67"/><W73/><G67/><T95/><D121/><U6/><E112/><V25/><F115/><W17/><G9/><T28/><D105/><U127/><E104/><V111/><F120/><W96/><G17/><T126/><D126/><U80/><E6/><V19/><F111/><W2/><G122/><T81/><D70/><U62/><E3/><V0/><F0/><W35/><G2/><T97/><D40/><U60/><E118/><V107/><F107/><W89/><G85/><T90/><D81/><U129/><E129/><V94/><F5/><W18/><G18/><T38/><D38/><U50/><E50/><V37/><F37/><W16/><G16/><N who="0" m="8295" /><D20/><U47/><E59/><V124/><F124/><W117/><REACH who="3" step="1"/><G35/><REACH who="3" ten="220,350,200,220" step="2"/><T106/><D106/><U30/><E32/><V21/><F33/><W72/><G72/><T10/><D10/><U43/><E127/><V26/><F130/><W11/><G11/><T83/><D83/><U64/><E80/><N who="2" m="47367" /><F128/><W131/><G131/><T82/><D82/><U14/><E64/><V68/><F68/><W69/><G69/><T58/><D58/><U108/><E108/><V71/><F71/><W98/><G98/><T1/><D1/><U113/><E113/><V119/><F119/><AGARI ba="0,1" hai="22,23,73,74,78,79,89,91,96,99,117,119,132,135" machi="119" ten="25,12000,1" yaku="1,1,22,2,52,2,53,0" doraHai="84" doraHaiUra="44" who="3" fromWho="2" sc="220,0,350,0,200,-120,220,130" /><INIT seed="3,1,0,1,4,61" ten="220,350,80,350" oya="3" hai0="55,29,88,31,65,68,1,97,78,23,111,131,41" hai1="48,73,67,20,122,16,81,54,95,85,58,114,110" hai2="79,99,45,25,21,18,3,62,87,129,37,127,17" hai3="70,107,30,19,135,92,0,46,105,109,4,102,49"/><W124/><G30/><T103/><D1/><U8/><E114/><V32/><F3/><W36/><G36/><T76/><D41/><U27/><E122/><V47/><F47/><W106/><BYE who="2" /><G70/><T133/><D111/><U93/><E110/><V100/><F100/><W7/><G135/><T11/><D131/><UN n2="%E6%98%8E%E6%B2%BB%E3%81%AE%E9%9B%80%E5%A3%AB" /><U52/><E73/><V125/><F129/><W39/><G124/><N who="2" m="47689" /><F32/><W75/><G75/><T83/><D11/><U59/><E67/><V112/><F112/><W57/><G39/><T96/><D55/><U89/><REACH who="1" step="1"/><E8/><REACH who="1" ten="220,340,80,350" step="2"/><V123/><F123/><W50/><G109/><T9/><D9/><U77/><E77/><V26/><F99/><W56/><G0/><T91/><D65/><U43/><E43/><N who="2" m="22767" /><F79/><W35/><G7/><T12/><D76/><U5/><E5/><V130/><F130/><W86/><G4/><T60/><D78/><U132/><E132/><V71/><F87/><W121/><G86/><T33/><D97/><U15/><E15/><N who="2" m="9407" /><F18/><W120/><G19/><T6/><D96/><U13/><E13/><V44/><F44/><W74/><G46/><T2/><D12/><U94/><E94/><V104/><F104/><W84/><G92/><T117/><D133/><U42/><E42/><V118/><F118/><W115/><G107/><T66/><D117/><U64/><E64/><AGARI ba="1,1" hai="25,26,62,64,71" m="9407,22767,47689" machi="64" ten="30,2000,0" yaku="18,1,52,1" doraHai="61" who="2" fromWho="1" sc="220,0,340,-23,80,33,350,0" /><INIT seed="4,0,0,2,2,27" ten="220,317,113,350" oya="0" hai0="104,130,20,81,29,48,2,110,1,45,32,96,87" hai1="11,22,132,122,113,57,26,4,95,123,38,42,86" hai2="62,36,55,75,65,43,12,126,7,79,23,129,108" hai3="121,3,119,88,114,66,8,9,59,101,24,69,103"/><T68/><D68/><U131/><E38/><V109/><F129/><W50/><G114/><T64/><D64/><U28/><E131/><V34/><F34/><W61/><G119/><T115/><D115/><U37/><E37/><V63/><F126/><W124/><G3/><T107/><D32/><U106/><E106/><V10/><F79/><W51/><G121/><T84/><D130/><U91/><E42/><V102/><F75/><W72/><G72/><T73/><D73/><U46/><E46/><V17/><F102/><N who="3" m="38923" /><G69/><T98/><D110/><U82/><E132/><V39/><F39/><W128/><G124/><T70/><D70/><U127/><E113/><V83/><F83/><W31/><G88/><T92/><D92/><U89/><E57/><V94/><F94/><W47/><G51/><T21/><D48/><U76/><E89/><V0/><F36/><W135/><G135/><T13/><D81/><U100/><E100/><V85/><F85/><W134/><G134/><T18/><D13/><U14/><E127/><V56/><REACH who="2" step="1"/><F43/><REACH who="2" ten="220,317,103,350" step="2"/><N who="3" m="24959" /><G128/><T54/><D107/><U52/><E86/><V40/><F40/><W16/><G66/><T49/><D104/><U97/><E123/><V71/><AGARI ba="0,1" hai="0,7,10,12,17,23,55,56,62,63,65,71,108,109" machi="71" ten="20,2700,0" yaku="1,1,0,1,7,1,53,0" doraHai="27" doraHaiUra="78" who="2" fromWho="2" sc="220,-13,317,-7,103,37,350,-7" /><INIT seed="5,0,0,4,3,131" ten="207,310,140,343" oya="1" hai0="26,126,42,113,73,85,33,115,103,59,7,117,89" hai1="114,63,13,44,11,64,101,96,78,86,17,3,58" hai2="120,79,56,20,107,18,14,91,4,57,24,90,23" hai3="110,55,71,49,54,81,74,77,98,80,40,134,111"/><U46/><E114/><N who="0" m="43529" /><D73/><U37/><E37/><V83/><F120/><W15/><G98/><T32/><D42/><U16/><E3/><V69/><F69/><W30/><G30/><T122/><D117/><U76/><E17/><V25/><F107/><W8/><G81/><T34/><D126/><U95/><REACH who="1" step="1"/><E86/><REACH who="1" ten="207,300,140,343" step="2"/><V36/><F36/><W70/><G111/><T52/><D85/><U41/><E41/><V48/><F4/><W133/><G110/><T132/><D7/><U75/><E75/><V105/><F105/><W19/><G40/><T116/><D122/><U5/><E5/><V45/><F14/><W0/><G0/><T84/><D84/><U82/><E82/><V6/><F6/><W130/><G130/><T94/><D116/><U35/><E35/><V38/><F38/><W129/><G129/><T53/><D34/><U2/><E2/><V112/><F112/><W135/><G55/><T127/><D53/><U108/><E108/><V118/><F118/><W22/><G22/><T9/><D33/><U51/><E51/><V123/><F123/><W125/><G125/><T39/><D52/><U65/><E65/><V10/><F10/><W124/><G124/><T43/><D9/><U109/><E109/><V66/><F66/><W87/><G74/><T99/><D32/><U102/><E102/><V68/><F68/><W121/><G121/><T28/><D103/><U128/><E128/><V50/><F83/><W31/><G31/><T61/><D28/><U104/><E104/><V88/><F50/><W27/><G27/><T1/><D26/><N who="2" m="10346" /><F48/><W106/><G106/><RYUUKYOKU ba="0,1" sc="207,-15,300,15,140,-15,343,15" hai1="11,13,16,44,46,58,63,64,76,78,95,96,101" hai3="8,15,19,49,54,70,71,77,80,87,133,134,135" /><INIT seed="5,1,1,0,0,77" ten="192,315,125,358" oya="1" hai0="123,32,85,98,109,93,126,103,133,58,43,101,89" hai1="19,91,13,107,96,34,129,59,12,135,18,78,95" hai2="118,36,105,57,134,132,21,3,23,87,61,76,124" hai3="14,22,113,30,92,68,47,53,64,69,0,56,119"/><U127/><E34/><V6/><F118/><W88/><G0/><T116/><D32/><U106/><E135/><N who="2" m="51755" /><F105/><W35/><G113/><T66/><D133/><U130/><E127/><V17/><F36/><W46/><G64/><T8/><D109/><U39/><E78/><V70/><F70/><W28/><G69/><T40/><D116/><U97/><E39/><V54/><F124/><W82/><G35/><T72/><D72/><U1/><E59/><V24/><F6/><W73/><G73/><T79/><D126/><U115/><E1/><V9/><F3/><W80/><G68/><T120/><D8/><U49/><E49/><V16/><F9/><W121/><G121/><N who="0" m="46667" /><D79/><U38/><E38/><V71/><F71/><W128/><G128/><N who="1" m="49258" /><E115/><V81/><F23/><W75/><G75/><T29/><D29/><AGARI ba="1,1" hai="16,17,21,24,29,54,57,61,76,81,87" m="51755" machi="29" ten="30,3900,0" yaku="20,1,52,1,54,1" doraHai="77" who="2" fromWho="0" sc="192,-42,315,0,125,52,358,0" /><INIT seed="6,0,0,4,5,65" ten="150,315,177,358" oya="2" hai0="24,104,87,43,116,79,102,108,83,11,10,37,97" hai1="135,114,127,74,26,54,12,78,16,58,98,52,72" hai2="101,23,40,109,111,7,113,110,118,42,14,35,100" hai3="107,77,61,31,5,51,2,103,55,95,60,3,0"/><V25/><F118/><W96/><G31/><T13/><D108/><U20/><E74/><V56/><F113/><W112/><G5/><T18/><D116/><U22/><E72/><V15/><F35/><W63/><G112/><T9/><REACH who="0" step="1"/><D24/><REACH who="0" ten="140,315,177,358" step="2"/><U90/><E114/><V106/><F56/><W68/><G107/><T29/><D29/><N who="1" m="17623" /><E135/><V45/><F106/><W81/><G3/><T27/><D27/><U119/><E127/><V121/><F121/><W134/><G2/><T76/><D76/><U70/><E119/><V85/><F85/><W105/><G0/><T44/><AGARI ba="0,1" hai="9,10,11,13,18,37,43,44,79,83,87,97,102,104" machi="44" ten="30,2000,0" yaku="1,1,0,1,53,0" doraHai="65" doraHaiUra="130" who="0" fromWho="0" sc="140,30,315,-5,177,-10,358,-5" /><INIT seed="7,0,0,3,3,60" ten="170,310,167,353" oya="3" hai0="117,70,90,29,131,78,82,124,108,111,65,66,24" hai1="4,1,128,44,42,27,77,83,50,53,120,89,62" hai2="106,101,127,54,21,40,67,104,64,59,58,105,122" hai3="71,55,98,86,93,95,15,119,73,123,41,25,0"/><W134/><G0/><T92/><D117/><U13/><E128/><V74/><F74/><W31/><G71/><T6/><D131/><U96/><E120/><V76/><F122/><W132/><G41/><T45/><D124/><U84/><E27/><V26/><F127/><W61/><G15/><T102/><D102/><U97/><E89/><V72/><F40/><W68/><G55/><T36/><D6/><U80/><E83/><V112/><F112/><W129/><G61/><T19/><D19/><U43/><E1/><V46/><F101/><W3/><G95/><T57/><D70/><U35/><E35/><V33/><F33/><W133/><G119/><T118/><D118/><U10/><E43/><V38/><F38/><W8/><G68/><T85/><D36/><U87/><E84/><V16/><F46/><W5/><G86/><T88/><D45/><U22/><E22/><V109/><F109/><W14/><G129/><T49/><D90/><U130/><E130/><V48/><REACH who="2" step="1"/><F59/><AGARI ba="0,0" hai="4,10,13,42,44,50,53,59,62,77,80,87,96,97" machi="59" ten="40,5200,0" yaku="25,2,8,1" doraHai="60" who="1" fromWho="2" sc="170,0,310,52,167,-52,353,0" owari="170,-23.0,362,46.0,115,-38.0,353,15.0" /></mjloggm>