<mjloggm ver="2.3"><GO type="41" lobby="0"/><UN n0="%47%75%6E%5F%CE%B2" n1="%E3%82%A2%E3%83%AA%E3%83%8A%E3%83%BB%E3%82%B0%E3%83%AC%E3%82%A4" n2="%E2%93%9D%53%75%70%68%78" n3="%E3%82%8C%E3%81%8A%E3%81%97%E3%82%87%E3%81%86" dan="13,14,17,13" rate="1833.97,2006.87,2038.62,1850.27" sx="M,F,M,M"/><TAIKYOKU oya="0"/><INIT seed="0,0,0,4,4,94" ten="250,250,250,250" oya="0" hai0="28,127,51,83,16,84,130,89,82,77,91,100,3" hai1="70,15,56,59,67,90,0,96,128,68,108,43,22" hai2="78,131,102,86,125,48,37,95,122,114,19,69,71" hai3="27,134,126,85,112,87,24,110,55,66,62,5,30"/><T9/><D127/><U41/><E0/><V53/><F37/><W11/><G112/><T111/><D130/><U93/><E128/><V4/><F4/><W81/><G126/><T74/><D111/><U123/><E123/><V116/><F116/><W64/><G110/><T65/><D65/><U25/><E108/><V61/><F122/><W10/><G134/><T52/><D28/><U132/><E132/><V88/><F114/><W32/><G55/><T103/><D91/><U29/><E68/><V60/><F71/><W13/><G11/><T6/><REACH who="0" step="1"/><D16/><REACH who="0" ten="240,250,250,250" step="2"/><U104/><E67/><V38/><F19/><W20/><G64/><T31/><D31/><U72/><E29/><V12/><F131/><W21/><G32/><T8/><D8/><U1/><E90/><V33/><F33/><W54/><G66/><T17/><D17/><U135/><E70/><V58/><F69/><W23/><G23/><T45/><AGARI ba="0,1" hai="3,6,9,45,51,52,74,77,82,83,84,89,100,103" machi="45" ten="20,12000,1" yaku="1,1,0,1,7,1,54,1,53,1" doraHai="94" doraHaiUra="2" who="0" fromWho="0" sc="240,130,250,-40,250,-40,250,-40" /><INIT seed="0,1,0,1,0,86" ten="370,210,210,210" oya="0" hai0="3,45,2,99,117,16,77,97,47,134,60,88,50" hai1="96,90,83,132,75,30,130,93,133,35,8,115,33" hai2="17,113,102,37,11,27,44,42,92,32,100,89,127" hai3="84,36,95,82,0,64,63,112,101,66,23,104,53"/><T34/><D34/><U126/><E115/><V69/><F113/><W79/><G112/><T49/><D117/><U51/><E126/><V55/><F69/><W19/><G0/><T110/><D77/><U128/><E8/><V105/><F105/><W106/><G36/><T39/><D39/><U24/><E33/><V62/><F127/><W6/><G6/><T15/><D134/><N who="1" m="51819" /><E51/><N who="0" m="19465" /><D3/><U87/><E75/><V54/><F11/><W119/><G119/><T94/><D2/><U38/><E38/><V20/><F32/><W61/><G53/><T29/><D110/><U107/><E107/><V103/><REACH who="2" step="1"/><F62/><REACH who="2" ten="370,210,200,210" step="2"/><W111/><G106/><T46/><D60/><U56/><E56/><V48/><F48/><W131/><G104/><T74/><D74/><U116/><E116/><V114/><F114/><W129/><G63/><T85/><D29/><U91/><AGARI ba="1,1" hai="24,30,35,83,87,90,91,93,96,128,130" m="51819" machi="91" ten="30,4000,0" yaku="20,1,52,2" doraHai="86" who="1" fromWho="1" sc="370,-21,210,53,200,-11,210,-11" /><INIT seed="1,0,0,1,4,126" ten="349,263,189,199" oya="1" hai0="112,25,73,50,106,44,86,64,21,23,76,129,132" hai1="96,58,68,130,13,97,116,49,118,92,119,93,70" hai2="79,1,61,101,120,60,78,42,67,83,30,0,113" hai3="121,17,74,84,123,4,81,131,91,134,82,55,46"/><U100/><E13/><V12/><F120/><W115/><G115/><T6/><D106/><U65/><E130/><V36/><F113/><W52/><G134/><T32/><D73/><U41/><E41/><V94/><F30/><W51/><G4/><T63/><D112/><U75/><E75/><V85/><F79/><W111/><G131/><T31/><D132/><U71/><E65/><V19/><F61/><W62/><G111/><T87/><D129/><U54/><REACH who="1" step="1"/><E100/><REACH who="1" ten="349,253,189,199" step="2"/><V27/><F42/><W2/><G123/><T34/><D6/><U7/><E7/><V40/><F40/><W99/><G121/><T8/><D8/><U33/><E33/><V109/><F101/><W3/><G3/><T114/><D32/><U128/><E128/><V104/><F1/><W57/><G2/><T108/><D108/><U95/><AGARI ba="0,1" hai="49,54,58,68,70,71,92,93,95,96,97,116,118,119" machi="95" ten="50,18000,2" yaku="1,1,0,1,29,2,53,3" doraHai="126" doraHaiUra="88" who="1" fromWho="1" sc="349,-60,253,190,189,-60,199,-60" /><INIT seed="1,1,0,0,5,17" ten="289,443,129,139" oya="1" hai0="6,56,107,112,93,48,88,50,110,108,92,64,10" hai1="34,39,109,101,71,111,126,122,80,18,55,11,100" hai2="62,0,66,85,105,67,118,3,70,13,69,38,123" hai3="5,1,96,30,72,51,99,89,58,135,131,60,132"/><U81/><E122/><V26/><F118/><W16/><G72/><T76/><D107/><U119/><E119/><V82/><F38/><W28/><G131/><T24/><D76/><U121/><E121/><V83/><F105/><W53/><G1/><T40/><D112/><U73/><E39/><V32/><F13/><W115/><G5/><T86/><D93/><U41/><E41/><V44/><F44/><W68/><G115/><T19/><D40/><U8/><E126/><V74/><F123/><W7/><G7/><T61/><D24/><U133/><E133/><V125/><F85/><W129/><G129/><T31/><D19/><U120/><E120/><V84/><F84/><W98/><G89/><T9/><D31/><U15/><E109/><N who="0" m="42089" /><D10/><U75/><E8/><V87/><F87/><W4/><G4/><T63/><D61/><U65/><E111/><V77/><F125/><W128/><G128/><T49/><D50/><U79/><E80/><V23/><F83/><W90/><G90/><T104/><D104/><U27/><E79/><V33/><F82/><W37/><G37/><T20/><D20/><U103/><E73/><V25/><F77/><W95/><G95/><T21/><D21/><U91/><E81/><V117/><F117/><W29/><G16/><T116/><D116/><U35/><E75/><V22/><F74/><W42/><G68/><T102/><D102/><U134/><E71/><V12/><F12/><AGARI ba="1,0" hai="6,9,12,48,49,56,63,64,86,88,92" m="42089" machi="12" ten="30,2000,0" yaku="14,1,54,1" doraHai="17" who="0" fromWho="2" sc="289,23,443,0,129,-23,139,0" /><INIT seed="2,0,0,3,4,89" ten="312,443,106,139" oya="2" hai0="95,15,79,125,35,104,45,27,34,1,83,37,97" hai1="2,25,46,62,22,24,134,54,81,69,64,18,109" hai2="72,32,53,91,61,50,10,94,117,131,16,71,28" hai3="99,115,101,88,80,12,84,6,90,21,132,13,100"/><V63/><F117/><W20/><G132/><T123/><D125/><U56/><E134/><V92/><F72/><W17/><G115/><T70/><D123/><U74/><E2/><V73/><F73/><W29/><G29/><T4/><D15/><U98/><E109/><V75/><F75/><W114/><G114/><T11/><D27/><U49/><E74/><V76/><F76/><W38/><G38/><T103/><D70/><U26/><E81/><V51/><F131/><W116/><G116/><T57/><D104/><U124/><E124/><V129/><F129/><W107/><G107/><T55/><D45/><U43/><REACH who="1" step="1"/><E98/><REACH who="1" ten="312,433,106,139" step="2"/><V65/><F32/><W82/><G82/><T113/><D113/><U39/><AGARI ba="0,1" hai="18,22,24,25,26,39,43,46,49,54,56,62,64,69" machi="39" ten="20,12000,2" yaku="1,1,2,1,0,1,7,1,24,2,53,1" doraHai="89" doraHaiUra="48" who="1" fromWho="1" sc="312,-30,433,130,106,-60,139,-30" /><INIT seed="3,0,0,4,0,72" ten="282,563,46,109" oya="3" hai0="59,94,71,25,95,116,106,35,31,7,19,78,131" hai1="10,42,66,81,43,46,61,57,117,128,83,134,130" hai2="84,0,67,62,51,127,114,34,108,113,69,82,103" hai3="60,102,58,53,107,73,104,11,98,6,97,41,87"/><W101/><G41/><T5/><D71/><U96/><E117/><V1/><F108/><W126/><G126/><T33/><D106/><U17/><E134/><V120/><F127/><W89/><G73/><T135/><D135/><U118/><E118/><V27/><F120/><W26/><G26/><T52/><D116/><U13/><E42/><V80/><F80/><W21/><G21/><T132/><D132/><U110/><E110/><V88/><F51/><W56/><G56/><T93/><D131/><U75/><E75/><V37/><F37/><W18/><G18/><T86/><D35/><U39/><E96/><V92/><F103/><W54/><G11/><T8/><D19/><U45/><E45/><V121/><F121/><W100/><G100/><T23/><D33/><U9/><E9/><V99/><F114/><W4/><G54/><T30/><D30/><U55/><E55/><V12/><F12/><W122/><REACH who="3" step="1"/><G122/><REACH who="3" ten="282,563,46,99" step="2"/><T79/><D86/><U68/><E57/><V28/><REACH who="2" step="1"/><F113/><REACH who="2" ten="282,563,36,99" step="2"/><W16/><G16/><T64/><D7/><U112/><E112/><V14/><F14/><W119/><G119/><T85/><D5/><U36/><E17/><V47/><F47/><W115/><G115/><T91/><D31/><U111/><E13/><V105/><F105/><W29/><G29/><T129/><D25/><U63/><E46/><V22/><F22/><W123/><G123/><T24/><D24/><U90/><E10/><V74/><F74/><W44/><G44/><T133/><D8/><U38/><E38/><V32/><F32/><W48/><G48/><T76/><D133/><RYUUKYOKU ba="0,2" sc="282,-15,563,-15,36,15,99,15" hai2="0,1,27,28,34,62,67,69,82,84,88,92,99" hai3="4,6,53,58,60,87,89,97,98,101,102,104,107" /><INIT seed="3,1,2,5,1,44" ten="267,548,51,114" oya="3" hai0="71,99,123,17,0,88,116,75,40,63,72,11,109" hai1="90,76,87,132,77,19,7,51,115,81,74,53,84" hai2="118,67,131,57,101,18,130,91,121,55,108,52,129" hai3="30,113,2,122,35,24,97,37,31,134,128,110,125"/><W58/><RYUUKYOKU type="yao9" ba="1,2" sc="267,0,548,0,51,0,114,0" hai3="2,24,30,31,35,37,58,97,110,113,122,125,128,134" /><INIT seed="3,2,2,4,0,44" ten="267,548,51,114" oya="3" hai0="88,124,70,94,23,103,128,74,5,104,110,133,111" hai1="134,59,11,78,8,64,122,109,91,99,45,47,54" hai2="51,33,26,107,10,12,118,73,71,41,18,63,15" hai3="108,120,95,102,52,42,96,28,121,24,125,7,117"/><W25/><G117/><T2/><D70/><U84/><E122/><V92/><F107/><W29/><G42/><T123/><D5/><U86/><E134/><V112/><F73/><W90/><G125/><T6/><D6/><U132/><E132/><V14/><F112/><W68/><G68/><T79/><D2/><U100/><E109/><N who="0" m="41481" /><D23/><U38/><E38/><V77/><F77/><W35/><G7/><T21/><D21/><U17/><E64/><V9/><F118/><W36/><G36/><T129/><D133/><U55/><E17/><V97/><F33/><W106/><G108/><T39/><D39/><U105/><E78/><V115/><F115/><W127/><G127/><T131/><D123/><U135/><E135/><V58/><F26/><W37/><G37/><T49/><D49/><U81/><E8/><V46/><F71/><W62/><G25/><T67/><D67/><U89/><E11/><V72/><F72/><W32/><G29/><T85/><D124/><U30/><E30/><V56/><F10/><W22/><G121/><T1/><D1/><U19/><E19/><V50/><F50/><W31/><G31/><T0/><D0/><U53/><REACH who="1" step="1"/><E59/><REACH who="1" ten="267,538,51,114" step="2"/><N who="2" m="22571" /><F63/><W82/><G120/><T4/><D4/><U80/><AGARI ba="2,3" hai="45,47,53,54,55,80,81,84,86,89,91,99,100,105" machi="80" ten="30,4000,0" yaku="1,1,0,1,9,1,53,0" doraHai="44" doraHaiUra="126" who="1" fromWho="1" sc="267,-12,538,76,51,-12,114,-22" /><INIT seed="4,0,0,2,1,132" ten="255,614,39,92" oya="0" hai0="37,35,27,18,115,103,126,91,38,122,112,96,108" hai1="75,72,7,124,106,120,113,104,12,53,62,63,82" hai2="88,90,36,110,107,22,10,131,52,66,43,127,17" hai3="129,93,101,69,71,11,28,95,6,89,121,30,84"/><T61/><D122/><U97/><E120/><V70/><F110/><W64/><G129/><T26/><D108/><U86/><E113/><N who="0" m="43593" /><D91/><U83/><E7/><V123/><F107/><W73/><G73/><T40/><D40/><U4/><E4/><V48/><F131/><W98/><G121/><T80/><D80/><U50/><E12/><V54/><F123/><W111/><G111/><T79/><D79/><U118/><E118/><V49/><F10/><W0/><REACH who="3" step="1"/><G64/><REACH who="3" ten="255,614,39,82" step="2"/><T116/><D116/><U55/><E72/><V41/><F66/><W109/><G109/><T24/><D35/><U130/><E130/><V65/><F65/><W114/><G114/><T33/><D33/><U119/><E119/><V58/><F70/><AGARI ba="0,1" hai="0,6,11,28,30,69,70,71,84,89,93,95,98,101" machi="70" ten="40,1300,0" yaku="1,1,53,0" doraHai="132" doraHaiUra="56" who="3" fromWho="2" sc="255,0,614,0,39,-13,82,23" /><INIT seed="5,0,0,1,3,71" ten="255,614,26,105" oya="1" hai0="127,4,26,135,64,66,81,30,56,40,60,120,20" hai1="8,88,115,119,94,3,28,74,129,126,116,29,22" hai2="57,27,44,31,77,96,36,38,100,76,45,48,89" hai3="10,85,17,106,19,113,95,83,111,59,125,7,82"/><U11/><E88/><V80/><F89/><W112/><G111/><T23/><D120/><U6/><E94/><V91/><F91/><W118/><G106/><T25/><D127/><U0/><E74/><V107/><F57/><W122/><G122/><T70/><D135/><U102/><E102/><V18/><F18/><W53/><G125/><T124/><D124/><U98/><E98/><V33/><F77/><W73/><G73/><T13/><D40/><U133/><E126/><V92/><F92/><W12/><G95/><T50/><D50/><U24/><E133/><V1/><F1/><N who="1" m="585" /><E129/><V46/><REACH who="2" step="1"/><F48/><REACH who="2" ten="255,614,16,105" step="2"/><W67/><G19/><T42/><D81/><U63/><E116/><V54/><F54/><W43/><G17/><T84/><D84/><AGARI ba="0,1" hai="27,31,33,36,38,44,45,46,76,80,84,96,100,107" machi="84" ten="40,5200,0" yaku="1,1,52,2,53,0" doraHai="71" doraHaiUra="123" who="2" fromWho="0" sc="255,-52,614,0,16,62,105,0" /><INIT seed="6,0,0,5,0,71" ten="203,614,78,105" oya="2" hai0="51,52,66,88,50,122,108,36,1,77,70,94,104" hai1="38,85,113,17,134,112,39,3,132,37,28,135,131" hai2="130,6,105,64,74,57,95,12,120,80,87,8,68" hai3="110,79,58,32,42,121,22,84,45,43,73,83,33"/><V91/><F130/><W56/><G110/><T118/><D104/><U40/><E131/><V126/><F126/><W65/><G121/><T119/><D122/><U41/><E3/><V25/><F120/><W55/><G43/><N who="1" m="16458" /><E85/><V82/><F68/><W114/><G114/><N who="1" m="44138" /><E28/><V26/><F105/><W111/><G111/><T24/><D1/><U86/><E86/><V127/><F127/><W78/><G78/><T0/><D0/><U62/><E17/><V90/><F74/><W9/><G73/><T93/><D77/><U128/><E128/><V44/><F44/><W29/><G32/><T106/><D106/><U101/><E101/><V69/><F69/><W48/><G33/><T19/><D108/><U31/><E31/><V49/><F82/><W124/><G124/><T117/><D66/><U123/><E123/><V116/><F116/><W10/><G65/><T72/><D70/><U53/><E53/><N who="2" m="31919" /><F64/><W15/><G29/><T5/><D72/><U81/><E81/><V61/><F61/><AGARI ba="0,0" hai="37,38,39,61,62,132,134,135" m="44138,16458" machi="61" ten="50,16000,3" yaku="28,2,20,1,15,1,34,2,52,3" doraHai="71" who="1" fromWho="2" sc="203,0,614,160,78,-160,105,0" owari="203,0.0,774,87.0,-82,-58.0,105,-29.0" /></mjloggm>