<mjloggm ver="2.3"><GO type="41" lobby="0"/><UN n0="%6E%6F%77%72%69%76%65%72" n1="%E8%83%86%E5%9A%A2" n2="%E7%B4%80%E5%A5%88%E5%AD%90" n3="%E2%93%9D%53%75%70%68%78" dan="14,14,14,18" rate="1908.44,1960.51,1890.37,2074.29" sx="M,M,F,M"/><TAIKYOKU oya="0"/><INIT seed="0,0,0,5,3,65" ten="250,250,250,250" oya="0" hai0="41,27,48,125,51,22,1,35,16,101,19,96,49" hai1="86,105,40,83,55,67,29,9,130,76,30,31,52" hai2="8,102,110,122,73,90,39,21,47,4,74,82,68" hai3="85,71,5,45,124,26,77,18,128,53,93,6,121"/><T113/><D113/><U133/><E105/><V127/><F122/><W111/><G111/><T12/><D1/><U7/><E130/><V116/><F110/><W57/><G124/><T120/><D120/><U58/><E133/><V117/><F127/><W54/><G71/><T89/><D125/><U123/><E40/><V14/><F102/><W33/><G33/><T98/><D35/><U64/><E123/><V97/><F68/><W3/><G3/><T60/><D60/><U115/><E115/><V28/><F39/><W118/><G118/><T23/><D89/><U99/><E99/><V59/><F47/><W81/><G128/><T129/><D129/><U107/><E107/><V0/><F59/><W15/><G26/><T108/><D108/><U88/><E76/><V34/><F97/><W10/><G93/><T63/><D63/><N who="1" m="38007" /><E67/><V42/><F42/><W84/><G121/><T61/><D61/><U80/><E80/><V112/><F112/><W17/><G6/><T43/><REACH who="0" step="1"/><D98/><REACH who="0" ten="240,250,250,250" step="2"/><U94/><E83/><V70/><F90/><W131/><G131/><T36/><D36/><U91/><E91/><V135/><F82/><W56/><G85/><T69/><D69/><U109/><E109/><V62/><F135/><W13/><G84/><T66/><D66/><U11/><E11/><V44/><F116/><W92/><G81/><T132/><D132/><U2/><E9/><V25/><F117/><W95/><G10/><T126/><D126/><U46/><E2/><V106/><F62/><W72/><G77/><T79/><D79/><U104/><E7/><V20/><F0/><RYUUKYOKU ba="0,1" sc="240,30,250,-10,250,-10,250,-10" hai0="12,16,19,22,23,27,41,43,48,49,51,96,101" /><INIT seed="0,1,1,1,1,129" ten="270,240,240,240" oya="0" hai0="13,30,115,78,20,46,1,109,32,19,93,90,134" hai1="135,2,60,80,87,110,27,71,67,50,112,58,49" hai2="34,55,23,38,82,59,42,128,36,77,83,84,113" hai3="111,57,68,72,28,65,70,91,31,11,56,121,6"/><T95/><D115/><U100/><E112/><V131/><F34/><W74/><G91/><T66/><D109/><U7/><E110/><V92/><F113/><W25/><G111/><T45/><D1/><U114/><E114/><V126/><F126/><W52/><G65/><T108/><D108/><U15/><E2/><V24/><F92/><W89/><G89/><T69/><D78/><U53/><E100/><V132/><F42/><W5/><G25/><T35/><D95/><U127/><E127/><V48/><F83/><W106/><G11/><T88/><D90/><U12/><E135/><V43/><F132/><W117/><G52/><T51/><D134/><U17/><E7/><V124/><F124/><W118/><REACH who="3" step="1"/><G106/><REACH who="3" ten="270,240,240,230" step="2"/><T98/><D46/><U39/><E27/><V105/><F105/><W119/><G119/><T37/><D37/><U99/><E39/><V10/><F10/><W40/><G40/><T18/><D66/><U120/><E120/><AGARI ba="1,2" hai="5,6,28,31,56,57,68,70,72,74,117,118,120,121" machi="120" ten="25,3200,0" yaku="1,1,22,2,53,0" doraHai="129" doraHaiUra="123" who="3" fromWho="1" sc="270,0,240,-35,240,0,230,55" /><INIT seed="1,0,0,1,4,115" ten="270,205,240,285" oya="1" hai0="47,46,53,13,70,41,101,43,123,51,54,106,55" hai1="96,45,90,113,92,77,93,97,79,6,100,121,37" hai2="107,39,135,129,27,25,52,50,34,131,20,69,89" hai3="110,127,108,48,128,59,75,81,84,9,85,88,91"/><U78/><E6/><V63/><F39/><W109/><G128/><N who="2" m="49225" /><F107/><W19/><G127/><T32/><D32/><U74/><E37/><V22/><F135/><W86/><G9/><T8/><D123/><U4/><E4/><V26/><F34/><W58/><G19/><T3/><D3/><U120/><E45/><N who="2" m="27727" /><F89/><N who="3" m="34379" /><G48/><T42/><D106/><U71/><E71/><V66/><AGARI ba="0,0" hai="20,22,25,26,27,63,66,69" m="27727,49225" machi="66" ten="40,2700,0" yaku="19,1,54,1" doraHai="115" who="2" fromWho="2" sc="270,-7,205,-13,240,27,285,-7" /><INIT seed="2,0,0,5,4,112" ten="263,192,267,278" oya="2" hai0="95,24,126,73,21,124,2,74,30,45,120,111,3" hai1="35,15,133,82,108,87,11,51,104,86,129,67,114" hai2="27,60,22,128,29,56,33,46,76,57,38,99,81" hai3="8,105,89,7,116,83,34,90,101,41,94,71,61"/><V125/><F125/><N who="0" m="48234" /><D120/><U85/><E114/><V42/><F128/><W49/><G34/><T72/><D111/><U84/><E129/><V118/><F118/><W69/><G105/><T48/><D95/><U100/><E108/><V37/><F37/><W4/><G101/><T119/><D119/><U55/><E35/><V59/><F99/><W98/><G61/><T134/><D134/><U97/><E67/><V75/><REACH who="2" step="1"/><F33/><REACH who="2" ten="263,192,257,278" step="2"/><W13/><G116/><T19/><D30/><U6/><E133/><V25/><F25/><W92/><G98/><T79/><D79/><U10/><N who="1" m="21504" /><DORA hai="64" /><U28/><E82/><V53/><AGARI ba="0,1" hai="22,27,29,38,42,46,53,56,57,59,60,75,76,81" machi="53" ten="20,12000,1" yaku="1,1,0,1,7,1,53,2" doraHai="112,64" doraHaiUra="50,26" who="2" fromWho="2" sc="263,-40,192,-40,257,130,278,-40" /><INIT seed="2,1,0,3,4,70" ten="223,152,387,238" oya="2" hai0="88,80,17,66,24,92,58,111,103,118,98,78,57" hai1="127,60,85,130,93,56,110,44,63,61,50,64,65" hai2="41,96,106,77,3,1,11,23,107,89,91,40,14" hai3="39,84,53,119,100,87,95,47,72,128,46,34,135"/><V6/><F77/><W48/><G34/><T67/><D111/><U113/><E93/><V82/><F82/><W19/><G72/><T7/><D118/><U125/><E85/><V5/><F23/><W25/><G128/><T30/><D17/><U79/><E79/><V42/><F14/><W108/><G135/><T123/><D7/><U35/><E35/><V120/><F120/><W49/><G39/><T122/><D122/><U76/><E76/><V37/><F37/><W102/><G108/><T129/><D129/><U114/><E110/><V97/><REACH who="2" step="1"/><F42/><REACH who="2" ten="223,152,377,238" step="2"/><W8/><G119/><T54/><D123/><U55/><E130/><V12/><F12/><W33/><G33/><T132/><D132/><U101/><E101/><V133/><F133/><W18/><G102/><T32/><D103/><U124/><REACH who="1" step="1"/><E65/><REACH who="1" ten="223,142,377,238" step="2"/><V73/><F73/><W0/><G100/><T116/><D66/><U86/><E86/><V90/><F90/><W2/><G87/><T4/><D67/><U83/><E83/><V38/><F38/><W117/><G84/><T69/><D80/><U10/><E10/><AGARI ba="1,2" hai="1,3,5,6,10,11,40,41,89,91,96,97,106,107" machi="10" ten="25,4800,0" yaku="1,1,22,2,53,0" doraHai="70" doraHaiUra="104" who="2" fromWho="1" sc="223,0,142,-51,377,71,238,0" /><INIT seed="2,2,0,5,1,20" ten="223,91,448,238" oya="2" hai0="60,54,112,75,126,84,123,86,22,6,5,23,72" hai1="67,100,91,93,59,9,88,63,127,55,103,0,10" hai2="109,56,111,106,83,12,1,113,47,74,110,128,15" hai3="131,64,28,45,7,17,41,11,80,58,69,3,118"/><V49/><F1/><W21/><G118/><T66/><D112/><U87/><E127/><V107/><F113/><W38/><G131/><T135/><D126/><U46/><E0/><V40/><F128/><W108/><G108/><T44/><D123/><U76/><E76/><N who="2" m="44439" /><F56/><W29/><G69/><T31/><D135/><U61/><E91/><V78/><F78/><W8/><G8/><T26/><D75/><U85/><E85/><V16/><F15/><W105/><G105/><T33/><D72/><U13/><E46/><V90/><F90/><W32/><G32/><T37/><D37/><U133/><E133/><V92/><F92/><W27/><REACH who="3" step="1"/><G80/><REACH who="3" ten="223,91,448,228" step="2"/><T130/><D130/><U53/><E10/><AGARI ba="2,1" hai="10,12,16,40,47,49,106,107,109,110,111" m="44439" machi="10" ten="30,5800,0" yaku="14,1,10,1,54,1" doraHai="20" who="2" fromWho="1" sc="223,0,91,-64,448,74,228,0" /><INIT seed="2,3,0,3,2,71" ten="223,27,522,228" oya="2" hai0="113,41,105,58,48,92,117,1,6,12,68,60,126" hai1="128,132,31,17,112,54,72,40,100,120,65,70,89" hai2="67,111,36,8,103,50,25,76,22,115,5,63,133" hai3="124,27,15,107,49,73,45,88,129,127,91,130,114"/><V28/><F115/><W53/><G114/><T123/><D105/><U57/><E120/><V97/><F133/><W93/><G107/><T125/><D113/><U10/><E10/><V79/><F111/><W29/><G15/><T134/><D1/><U16/><E16/><V43/><F50/><W78/><G78/><T84/><D123/><U94/><E94/><V95/><F43/><W74/><G74/><T35/><D35/><U108/><E108/><V13/><REACH who="2" step="1"/><F36/><REACH who="2" ten="223,27,512,228" step="2"/><W14/><G49/><T61/><D134/><U51/><E51/><V96/><F96/><W19/><G127/><T83/><D117/><U21/><E21/><V39/><F39/><W4/><G124/><T98/><D125/><U18/><E18/><V99/><F99/><W66/><G19/><T118/><D126/><U104/><E104/><V101/><F101/><W109/><G109/><T26/><D118/><U3/><E3/><V34/><F34/><W85/><G130/><T75/><D41/><U131/><E131/><V23/><F23/><W59/><G129/><T47/><D48/><U32/><E32/><V64/><F64/><W55/><G66/><T42/><D42/><U0/><E0/><V20/><F20/><W9/><G55/><T11/><D98/><U121/><E121/><V86/><F86/><W30/><G85/><T62/><D84/><U37/><E37/><V116/><F116/><W102/><G53/><T81/><D75/><U56/><E56/><AGARI ba="3,1" hai="5,8,13,22,25,28,56,63,67,76,79,95,97,103" machi="56" ten="30,12000,1" yaku="1,1,7,1,25,2,8,1,53,0" doraHai="71" doraHaiUra="77" who="2" fromWho="1" sc="223,0,27,-129,512,139,228,0" owari="223,-18.0,-102,-60.0,651,75.0,228,3.0" /></mjloggm>