<mjloggm ver="2.3"><GO type="41" lobby="0"/><UN n0="%E7%8D%85%E5%AD%90%E5%8E%9F%E7%88%BD" n1="%EF%BC%A0%E3%81%BF%E3%81%A1" n2="%68%6E%6E%61%6B%6D%32" n3="%E2%93%9D%53%75%70%68%78" dan="15,15,13,18" rate="2049.16,2028.53,1833.81,2125.00" sx="F,M,M,M"/><TAIKYOKU oya="0"/><INIT seed="0,0,0,1,1,5" ten="250,250,250,250" oya="0" hai0="44,27,0,32,106,75,30,112,14,61,12,33,92" hai1="135,124,127,76,86,121,20,116,131,88,79,7,1" hai2="97,38,60,8,108,64,49,118,36,91,34,66,114" hai3="89,63,125,25,42,47,21,70,120,115,128,40,56"/><T43/><D112/><U2/><E116/><V99/><F34/><W58/><G115/><T37/><D106/><U113/><E113/><V78/><F78/><W28/><G125/><N who="1" m="48202" /><E121/><V55/><F108/><W80/><G128/><T74/><D0/><U100/><E100/><V84/><F38/><W119/><G70/><T122/><D122/><U69/><E69/><V71/><F64/><W129/><G129/><T3/><D3/><U68/><E68/><V53/><F36/><W105/><G58/><T133/><D133/><U26/><E131/><V77/><F77/><N who="1" m="29769" /><E7/><V18/><F55/><W22/><G105/><T90/><D61/><U110/><E135/><V104/><F104/><W10/><G119/><T111/><D111/><U19/><E110/><V81/><F118/><W96/><G120/><T4/><D32/><U59/><E59/><V57/><F114/><W17/><G47/><T132/><D132/><U72/><E72/><V13/><AGARI ba="0,0" hai="8,13,18,49,53,57,60,66,71,81,84,91,97,99" machi="13" ten="30,2000,0" yaku="0,1,52,1" doraHai="5" who="2" fromWho="2" sc="250,-10,250,-5,250,20,250,-5" /><INIT seed="1,0,0,5,0,121" ten="240,245,270,245" oya="1" hai0="81,48,68,61,50,93,117,10,99,8,44,123,17" hai1="102,40,71,37,106,94,133,35,130,16,85,39,129" hai2="14,127,84,13,5,47,59,111,80,45,53,9,74" hai3="64,70,126,105,38,30,27,103,11,128,83,91,87"/><U43/><E35/><V76/><F127/><W31/><G38/><T41/><D123/><U7/><E7/><V82/><F14/><W24/><G128/><T114/><D114/><U62/><E106/><V1/><F1/><W119/><G119/><T65/><D117/><U73/><E73/><V66/><F66/><W107/><G11/><T104/><D104/><U29/><E29/><V86/><F74/><W2/><G2/><T134/><D134/><U131/><E102/><V116/><F116/><W118/><G126/><T54/><D81/><U132/><E94/><V25/><F25/><W115/><G115/><T60/><D60/><U18/><E85/><V4/><F5/><W120/><G120/><T135/><D17/><N who="1" m="6763" /><E62/><N who="2" m="36207" /><F111/><W49/><G107/><T113/><D135/><N who="1" m="51787" /><E71/><V20/><F20/><W89/><G70/><T58/><REACH who="0" step="1"/><D113/><REACH who="0" ten="230,245,270,245" step="2"/><U96/><E96/><V110/><F82/><W36/><G118/><T90/><AGARI ba="0,1" hai="8,10,41,44,48,50,54,58,61,65,68,90,93,99" machi="90" ten="20,5200,0" yaku="1,1,2,1,0,1,7,1,53,0" doraHai="121" doraHaiUra="112" who="0" fromWho="0" sc="230,62,245,-26,270,-13,245,-13" /><INIT seed="2,0,0,4,4,25" ten="292,219,257,232" oya="2" hai0="115,93,7,128,107,36,120,75,53,81,73,30,97" hai1="124,101,65,109,102,54,37,132,24,59,0,123,104" hai2="86,47,48,111,98,103,82,56,110,77,84,50,6" hai3="27,39,57,74,118,129,105,52,88,29,14,131,33"/><V60/><F6/><W26/><G118/><T113/><D120/><U13/><E0/><V20/><F86/><W18/><G39/><T5/><D36/><U83/><E123/><V114/><F114/><W21/><G105/><T31/><D107/><U87/><E37/><V23/><F48/><W11/><G74/><T85/><D128/><U41/><E41/><V58/><F98/><W16/><REACH who="3" step="1"/><G88/><REACH who="3" ten="292,219,257,222" step="2"/><T64/><D73/><U51/><E104/><V108/><F103/><W62/><AGARI ba="0,1" hai="11,14,16,18,21,26,27,29,33,52,57,62,129,131" machi="62" ten="30,12000,2" yaku="1,1,2,1,0,1,52,1,54,2,53,0" doraHai="25" doraHaiUra="116" who="3" fromWho="3" sc="292,-30,219,-30,257,-60,222,130" /><INIT seed="3,0,0,5,0,124" ten="262,189,197,352" oya="3" hai0="127,32,125,15,17,129,2,116,41,89,60,62,85" hai1="115,55,29,43,9,33,74,122,6,64,52,58,65" hai2="103,99,113,36,105,22,119,93,11,44,40,77,63" hai3="83,104,12,24,86,73,50,34,20,35,114,123,38"/><W0/><G114/><T42/><D116/><U14/><E74/><V39/><F113/><W90/><G0/><T53/><D2/><U23/><E115/><V134/><F134/><W111/><G104/><T112/><D112/><U1/><E122/><V126/><F126/><N who="0" m="48138" /><D32/><U46/><E33/><V26/><F11/><W128/><G38/><T135/><D135/><U49/><E55/><V88/><F77/><W98/><G111/><T130/><D41/><U30/><E30/><V27/><F63/><N who="0" m="24106" /><D42/><U117/><E117/><V132/><F132/><W82/><G35/><T54/><D15/><U51/><REACH who="1" step="1"/><E1/><REACH who="1" ten="262,179,197,352" step="2"/><V57/><F119/><W78/><G34/><T66/><D66/><U94/><E94/><V108/><F105/><W81/><G123/><T95/><D17/><U106/><E106/><V8/><F108/><W68/><G73/><T19/><D19/><U5/><E5/><V45/><F39/><W133/><G133/><T80/><D95/><U97/><E97/><V131/><F36/><W109/><G98/><T79/><D79/><U31/><E31/><V84/><F103/><W10/><G78/><T59/><D53/><U87/><E87/><V7/><F84/><W25/><G86/><T107/><D107/><U121/><E121/><V18/><F7/><W110/><G110/><T16/><D16/><U75/><E75/><V3/><F3/><W48/><G109/><T69/><D69/><U28/><E28/><V118/><F118/><W56/><G68/><T21/><D21/><U37/><E37/><V76/><F22/><W4/><G20/><T101/><D101/><RYUUKYOKU ba="0,1" sc="262,15,179,15,197,-15,352,-15" hai0="54,59,80,85,89,129,130" hai1="6,9,14,23,29,43,46,49,51,52,58,64,65" /><INIT seed="4,1,1,0,3,22" ten="277,194,182,337" oya="0" hai0="49,29,16,48,84,77,131,25,122,3,63,69,100" hai1="21,115,103,46,15,109,66,55,14,91,0,81,33" hai2="118,79,40,113,2,42,5,30,78,8,107,106,125" hai3="52,92,18,26,135,112,23,73,1,97,51,102,99"/><T4/><D122/><U56/><E0/><V7/><F125/><W121/><G73/><T20/><D100/><U24/><E33/><V74/><F113/><W120/><G112/><T96/><D96/><U105/><E115/><V31/><F8/><W123/><G1/><T116/><D116/><U28/><E109/><V130/><F130/><W127/><G135/><T32/><D131/><U61/><E105/><V38/><F2/><W9/><G9/><N who="0" m="2207" /><D69/><U88/><E103/><V65/><F65/><W134/><G134/><T39/><D39/><U128/><E128/><V76/><F76/><W86/><G127/><T72/><D63/><U129/><E129/><V89/><F89/><N who="1" m="34377" /><E81/><V93/><F93/><W17/><G99/><T34/><D72/><U35/><E35/><V85/><F85/><W36/><G36/><T64/><D64/><U43/><E43/><V94/><F94/><W117/><G86/><T60/><D60/><U45/><E45/><V87/><F87/><W133/><G133/><T50/><D32/><U67/><E67/><V19/><F74/><W57/><G117/><T101/><D84/><U58/><E46/><V110/><F110/><W10/><G10/><T108/><D101/><U80/><E80/><V90/><F90/><W71/><G71/><T126/><D108/><U53/><E66/><V41/><F41/><W54/><G54/><T114/><D114/><U62/><AGARI ba="1,1" hai="14,15,21,24,28,53,55,56,58,61,62" m="34377" machi="62" ten="30,4000,0" yaku="8,1,52,1,54,1" doraHai="22" who="1" fromWho="1" sc="277,-21,194,53,182,-11,337,-11" /><INIT seed="5,0,0,2,2,105" ten="256,247,171,326" oya="1" hai0="58,50,20,117,51,59,134,127,126,23,8,5,71" hai1="33,100,56,94,72,110,54,108,116,125,93,52,19" hai2="22,48,21,87,86,53,96,16,101,7,38,65,103" hai3="109,123,78,98,112,3,2,43,60,121,115,111,73"/><U135/><E33/><V29/><F38/><W37/><G60/><T40/><D117/><U55/><E116/><V39/><F39/><W9/><G98/><T107/><D107/><U104/><E104/><V124/><F124/><N who="0" m="47658" /><D71/><U84/><E125/><V133/><F133/><W41/><G37/><T31/><D134/><U82/><E135/><V64/><F7/><W85/><G85/><N who="2" m="32265" /><F96/><W80/><G9/><T25/><D20/><U36/><E36/><V0/><F0/><N who="3" m="43" /><G43/><T14/><D40/><U91/><E56/><AGARI ba="0,0" hai="5,8,14,23,25,31,50,51,56,58,59" m="47658" machi="56" ten="30,1000,0" yaku="18,1" doraHai="105" who="0" fromWho="1" sc="256,10,247,-10,171,0,326,0" /><INIT seed="6,0,0,0,0,37" ten="266,237,171,326" oya="2" hai0="66,57,14,85,56,103,100,53,5,34,9,108,42" hai1="3,55,11,122,16,135,113,130,94,99,105,28,114" hai2="43,4,50,26,84,77,32,134,52,68,92,81,29" hai3="25,76,98,117,121,30,72,80,126,93,39,107,2"/><V91/><F134/><W95/><G2/><T49/><D108/><U118/><E105/><V33/><F68/><W132/><G39/><T82/><D34/><U10/><E118/><V86/><F4/><W48/><G126/><T64/><D42/><U124/><E124/><V101/><F101/><N who="0" m="38986" /><D56/><U31/><E99/><V60/><F33/><W67/><G121/><T59/><D59/><U58/><E94/><V62/><REACH who="2" step="1"/><F43/><REACH who="2" ten="266,237,161,326" step="2"/><W19/><G132/><T45/><D57/><AGARI ba="0,1" hai="26,29,32,50,52,57,60,62,77,81,84,86,91,92" machi="57" ten="30,12000,1" yaku="1,1,2,1,7,1,54,1,53,1" doraHai="37" doraHaiUra="21" who="2" fromWho="0" sc="266,-120,237,0,161,130,326,0" /><INIT seed="6,1,0,0,5,34" ten="146,237,291,326" oya="2" hai0="83,43,115,11,2,135,82,50,44,48,66,56,89" hai1="49,97,88,21,53,106,108,26,46,74,131,129,33" hai2="38,93,122,15,25,52,18,110,67,120,62,86,29" hai3="60,79,68,59,84,3,113,126,41,109,77,107,61"/><V31/><F110/><W94/><G3/><T8/><D115/><U69/><E74/><V125/><F38/><W128/><G107/><T130/><D135/><U112/><E69/><V1/><F125/><W9/><G41/><T47/><D130/><N who="1" m="49675" /><E112/><V96/><F86/><W42/><G9/><T22/><D22/><U78/><E108/><V101/><F1/><W102/><G61/><T37/><D37/><U10/><E10/><V98/><F96/><W92/><G126/><T20/><D20/><U27/><E78/><V105/><F93/><W114/><G68/><T16/><D89/><U116/><E116/><V45/><F29/><W85/><G79/><T100/><D100/><U104/><E33/><V7/><F7/><W39/><G77/><T4/><D56/><U117/><E117/><V54/><F120/><W13/><G128/><T24/><D66/><U65/><E65/><V63/><F45/><W71/><G71/><T6/><D24/><N who="1" m="9259" /><E21/><N who="2" m="11487" /><F62/><W0/><G60/><T81/><D4/><U133/><E133/><V119/><F122/><W12/><G109/><T19/><REACH who="0" step="1"/><D8/><REACH who="0" ten="136,237,291,326" step="2"/><U14/><E14/><V5/><F5/><W132/><G114/><T57/><D57/><U28/><E28/><V123/><F123/><W75/><G132/><T99/><D99/><U103/><E88/><V121/><F121/><W51/><G113/><T90/><D90/><U95/><AGARI ba="1,1" hai="46,49,53,95,97,103,104,106" m="9259,49675" machi="95" ten="30,1100,0" yaku="19,1" doraHai="34" who="1" fromWho="1" sc="136,-4,237,24,291,-6,326,-4" /><INIT seed="7,0,0,2,5,7" ten="132,261,285,322" oya="3" hai0="70,4,65,15,6,61,88,134,91,27,132,77,31" hai1="28,123,18,69,17,117,101,92,39,131,47,23,128" hai2="40,2,57,67,9,85,25,76,42,108,107,111,12" hai3="16,124,30,78,68,14,10,62,121,100,86,38,109"/><W99/><G121/><T11/><D77/><U93/><E69/><V51/><F107/><W37/><G30/><T90/><REACH who="0" step="1"/><D4/><REACH who="0" ten="122,261,285,322" step="2"/><U54/><E123/><V116/><F76/><W64/><G78/><T89/><N who="0" m="22528" /><DORA hai="106" /><T20/><AGARI ba="0,1" hai="6,11,15,20,27,31,61,65,70,132,134" m="22528" machi="20" ten="40,8000,1" yaku="1,1,4,1,0,1,52,1,54,1,53,0" doraHai="7,106" doraHaiUra="45,52" who="0" fromWho="0" sc="122,90,261,-20,285,-20,322,-40" /><INIT seed="8,0,0,2,1,20" ten="212,241,265,282" oya="0" hai0="108,126,6,46,129,106,88,27,132,127,65,37,5" hai1="111,91,66,101,121,90,122,98,61,48,56,95,79" hai2="62,68,36,78,55,38,53,19,33,63,24,125,3" hai3="72,100,51,82,67,74,11,28,113,15,134,83,135"/><T131/><D108/><U45/><E111/><V12/><F3/><W103/><G28/><T31/><D65/><U57/><E79/><V80/><F125/><N who="0" m="47626" /><D106/><U25/><E57/><V109/><F36/><W41/><G67/><T18/><D46/><U92/><E101/><N who="3" m="38986" /><G51/><T26/><D37/><U30/><E91/><V16/><F38/><W1/><G1/><T75/><D75/><N who="3" m="28713" /><G41/><T115/><D132/><N who="3" m="50729" /><G113/><T110/><D115/><U119/><E95/><V34/><F33/><W17/><AGARI ba="0,0" hai="11,15,17,82,83" m="50729,28713,38986" machi="17" ten="40,1500,0" yaku="20,1" doraHai="20" who="3" fromWho="3" sc="212,-7,241,-4,265,-4,282,15" /><INIT seed="9,0,0,2,0,129" ten="205,237,261,297" oya="1" hai0="45,96,59,124,11,43,62,77,55,120,7,99,105" hai1="22,85,52,68,90,125,81,73,6,9,84,21,109" hai2="132,35,65,103,34,63,76,102,32,118,57,87,54" hai3="8,25,18,36,110,119,58,114,82,10,116,39,33"/><U61/><E125/><V92/><F118/><N who="3" m="45099" /><G114/><T24/><D124/><U26/><E109/><V66/><F76/><W94/><G110/><T108/><D108/><U106/><E106/><V91/><F66/><W20/><G82/><T115/><D115/><U0/><E73/><V46/><F46/><W13/><G94/><T79/><D120/><U95/><E26/><V135/><F65/><W2/><G58/><T111/><D111/><U5/><E5/><V56/><F56/><W48/><G48/><T3/><D24/><U128/><E128/><V126/><F126/><W27/><G27/><T123/><D123/><U70/><E52/><V134/><AGARI ba="0,0" hai="32,34,35,54,57,63,87,91,92,102,103,132,134,135" machi="134" ten="40,8000,1" yaku="0,1,20,1,52,3" doraHai="129" who="2" fromWho="2" sc="205,-20,237,-40,261,80,297,-20" owari="185,-31.0,197,-20.0,341,43.0,277,8.0" /></mjloggm>