<mjloggm ver="2.3"><GO type="41" lobby="0"/><UN n0="%E2%93%9D%53%75%70%68%78" n1="%74%6F%6D%6F%6B%69%63%68" n2="%E5%8C%97%E3%81%AE%E3%82%B9%E3%83%8A%E3%83%95%E3%82%AD%E3%83%B3" n3="%E3%81%AD%E3%81%AD%E8%94%B5%E2%99%AA%E3%81%AE%E4%B8%80%E6%B4%BE" dan="18,13,13,15" rate="2128.18,1900.78,1864.57,2071.43" sx="M,M,M,F"/><TAIKYOKU oya="0"/><INIT seed="0,0,0,4,1,73" ten="250,250,250,250" oya="0" hai0="105,63,11,120,97,66,7,80,64,8,52,84,14" hai1="127,130,86,112,74,56,24,35,29,32,25,20,57" hai2="107,71,9,117,47,2,16,70,30,67,118,89,54" hai3="44,124,21,113,26,1,76,122,123,96,128,132,101"/><T46/><D120/><N who="3" m="46121" /><G1/><T15/><D105/><U109/><E112/><V115/><F115/><W28/><G113/><T69/><D97/><U106/><E74/><V12/><F67/><W4/><G4/><T83/><D83/><U37/><E37/><V33/><F107/><W116/><G116/><N who="2" m="44649" /><F2/><W34/><G128/><T18/><D69/><U94/><E106/><V88/><F30/><W108/><G44/><T3/><D3/><U131/><E127/><V121/><F33/><W87/><G124/><T90/><D63/><U78/><E109/><V6/><F6/><W38/><G38/><T104/><D104/><U85/><E94/><V39/><F121/><W99/><G101/><T19/><D7/><U81/><E86/><V10/><F10/><W135/><G108/><T43/><REACH who="0" step="1"/><D52/><REACH who="0" ten="240,250,250,250" step="2"/><U103/><E131/><V23/><F54/><W62/><G62/><T59/><D59/><U79/><E130/><V134/><F71/><W0/><G0/><T110/><D110/><U119/><E119/><V51/><F70/><W65/><G65/><T133/><D133/><N who="3" m="51273" /><G34/><T75/><D75/><U60/><E35/><V100/><F134/><W55/><G55/><T40/><D40/><U77/><E57/><V49/><F100/><W45/><G45/><T36/><AGARI ba="0,1" hai="8,11,14,15,18,19,36,43,46,64,66,80,84,90" machi="36" ten="20,7800,0" yaku="1,1,0,1,7,1,9,1,53,0" doraHai="73" doraHaiUra="58" who="0" fromWho="0" sc="240,88,250,-26,250,-26,250,-26" /><INIT seed="0,1,0,1,5,76" ten="328,224,224,224" oya="0" hai0="64,21,65,130,79,54,11,46,19,122,66,133,88" hai1="128,39,0,42,68,110,6,48,25,95,35,62,84" hai2="74,134,44,56,129,78,135,15,98,96,12,8,85" hai3="113,69,117,107,111,119,31,82,30,26,36,125,33"/><T89/><D122/><U28/><E110/><V91/><F74/><W92/><G92/><T29/><D130/><U58/><E128/><V90/><F129/><W60/><G111/><T50/><D133/><N who="2" m="50698" /><F56/><W17/><G125/><T100/><D100/><U16/><E68/><V94/><F78/><W7/><G113/><T109/><D109/><U20/><E39/><V14/><F44/><W75/><G17/><T45/><D79/><U120/><E120/><V49/><F49/><W126/><G126/><T81/><D46/><U63/><E6/><N who="2" m="3095" /><F98/><W97/><G30/><T104/><D104/><U22/><E0/><V131/><F131/><W13/><G36/><T43/><D29/><U3/><E3/><V55/><F55/><W118/><G75/><T73/><D54/><U10/><E42/><V115/><F115/><W72/><G72/><T77/><REACH who="0" step="1"/><D11/><REACH who="0" ten="318,224,224,224" step="2"/><U106/><E10/><V4/><F4/><W51/><G7/><T2/><D2/><U103/><E106/><V114/><F114/><W38/><G107/><T27/><AGARI ba="1,1" hai="19,21,27,43,45,50,64,65,66,73,77,81,88,89" machi="27" ten="30,11700,0" yaku="1,1,0,1,52,1,54,1,53,0" doraHai="76" doraHaiUra="123" who="0" fromWho="0" sc="318,130,224,-40,224,-40,224,-40" /><INIT seed="0,2,0,1,3,74" ten="448,184,184,184" oya="0" hai0="28,86,46,109,135,110,65,103,129,108,93,61,113" hai1="90,43,23,123,25,3,92,29,60,42,32,89,55" hai2="19,122,11,119,116,7,51,13,88,27,101,114,64" hai3="80,41,124,57,69,127,97,59,117,21,6,38,95"/><T24/><D113/><U75/><E123/><V94/><F101/><W58/><G69/><T84/><D129/><U98/><E75/><V18/><F122/><W10/><G117/><N who="2" m="45129" /><F114/><W77/><G38/><T112/><D135/><U111/><E111/><V85/><F64/><W40/><G21/><N who="0" m="15375" /><D46/><U99/><E3/><V20/><F51/><W9/><G40/><T76/><D76/><U53/><E32/><V126/><F126/><N who="3" m="48171" /><G41/><N who="1" m="15370" /><E60/><V70/><F70/><W56/><N who="3" m="14336" /><DORA hai="5" /><W68/><G6/><AGARI ba="2,0" hai="6,7,11,13,18,19,20,27,85,88,94" m="45129" machi="6" ten="30,3900,0" yaku="12,1,52,1,54,1" doraHai="74,5" who="2" fromWho="3" sc="448,0,184,0,184,45,184,-45" /><INIT seed="1,0,0,5,4,92" ten="448,184,229,139" oya="1" hai0="115,55,8,5,111,60,4,6,1,48,96,7,103" hai1="50,66,114,28,72,81,26,52,63,99,110,120,69" hai2="106,38,118,29,59,33,135,101,15,51,89,54,64" hai3="14,108,37,11,133,97,17,134,121,126,67,34,58"/><U84/><E114/><V95/><F38/><W23/><G34/><T129/><D111/><U100/><E120/><V57/><F118/><W94/><G37/><T47/><D129/><U10/><E10/><V56/><F135/><W87/><G126/><T24/><D115/><U125/><E72/><V119/><F119/><W75/><G75/><T124/><D24/><U80/><E125/><V117/><F117/><W40/><G40/><T19/><D19/><U76/><E110/><V62/><F101/><W70/><G70/><T12/><D60/><U2/><E2/><V22/><F106/><W21/><G87/><T109/><D109/><U79/><E81/><V128/><F33/><W39/><G39/><T73/><D73/><U43/><E43/><V77/><F77/><W35/><G35/><T18/><D124/><U112/><E112/><V20/><F128/><W113/><G121/><T82/><D82/><U116/><E116/><V61/><F15/><W88/><G113/><T130/><D130/><U78/><E26/><V83/><F29/><W41/><G41/><T122/><D122/><U31/><E31/><V123/><F83/><W9/><G9/><T107/><REACH who="0" step="1"/><D7/><REACH who="0" ten="438,184,229,139" step="2"/><U3/><E28/><V74/><F123/><W25/><G108/><T32/><D32/><U71/><E3/><AGARI ba="0,1" hai="1,3,4,5,6,8,12,18,47,48,55,96,103,107" machi="3" ten="40,2600,0" yaku="1,1,52,1,53,0" doraHai="92" doraHaiUra="65" who="0" fromWho="1" sc="438,36,184,-26,229,0,139,0" /><INIT seed="2,0,0,1,0,21" ten="474,158,229,139" oya="2" hai0="109,18,40,13,83,72,50,57,71,88,64,55,39" hai1="110,30,73,41,53,5,133,61,78,81,23,47,59" hai2="56,90,0,66,80,123,36,63,124,65,62,69,114" hai3="89,105,11,113,131,4,52,128,87,74,32,27,43"/><V111/><F0/><W96/><G74/><T119/><D109/><U35/><E110/><V29/><F111/><W68/><G43/><T100/><D100/><U115/><E115/><V108/><F108/><W106/><G68/><T15/><D119/><U51/><E35/><V102/><F102/><W77/><G77/><T130/><D130/><N who="3" m="49705" /><G96/><T118/><D118/><U14/><E133/><V19/><F36/><W2/><G113/><T97/><D72/><U92/><E92/><V82/><F114/><W112/><G112/><T67/><D15/><U84/><E73/><V125/><F123/><W121/><G121/><T135/><D40/><U20/><E30/><V120/><F120/><W34/><G52/><T46/><D39/><U117/><REACH who="1" step="1"/><E117/><REACH who="1" ten="474,148,229,139" step="2"/><V91/><F29/><N who="3" m="19519" /><G34/><T49/><D135/><U6/><E6/><V79/><F19/><W8/><G8/><AGARI ba="0,1" hai="5,8,14,20,23,41,47,51,53,59,61,78,81,84" machi="8" ten="40,8000,1" yaku="1,1,25,2,8,1,53,0" doraHai="21" doraHaiUra="103" who="1" fromWho="3" sc="474,0,148,90,229,0,139,-80" /><INIT seed="3,0,0,5,2,48" ten="474,238,229,59" oya="3" hai0="9,69,57,132,114,120,31,127,121,34,42,92,28" hai1="53,109,11,77,37,125,95,15,62,119,65,122,85" hai2="97,67,87,21,73,19,70,38,128,75,22,12,117" hai3="76,56,96,101,84,88,6,130,134,123,79,46,43"/><W108/><G123/><T94/><D132/><U41/><E109/><V61/><F117/><W66/><G134/><T50/><D127/><U98/><E122/><V60/><F128/><W33/><G33/><T89/><D114/><U116/><E125/><V93/><F38/><W118/><G118/><N who="1" m="45098" /><E41/><V44/><F87/><W78/><G130/><T0/><D9/><U47/><E37/><V13/><F44/><W3/><G108/><T7/><D57/><N who="1" m="35119" /><E85/><V26/><F61/><W106/><G66/><T14/><D14/><U36/><E47/><V18/><REACH who="2" step="1"/><F26/><REACH who="2" ten="474,238,219,59" step="2"/><W111/><G111/><T30/><D121/><U71/><E36/><V105/><F105/><W27/><G27/><T45/><D45/><U81/><E71/><V133/><F133/><W124/><G124/><T103/><D69/><U99/><E65/><V5/><F5/><W17/><G6/><T49/><D7/><N who="1" m="3583" /><E95/><V112/><F112/><W10/><G3/><T129/><D94/><U107/><E107/><V55/><F55/><W32/><G56/><T59/><D92/><U86/><AGARI ba="0,1" hai="77,81,86,98,99" m="3583,35119,45098" machi="86" ten="30,2000,0" yaku="12,1,52,1" doraHai="48" who="1" fromWho="1" sc="474,-5,238,30,219,-5,59,-10" /><INIT seed="4,0,0,1,1,90" ten="469,268,214,49" oya="0" hai0="32,28,14,26,87,80,114,86,15,19,128,133,83" hai1="105,116,53,20,70,94,134,129,112,4,69,52,41" hai2="43,46,110,65,57,34,48,63,78,24,6,126,29" hai3="119,64,3,77,127,17,30,45,56,71,68,79,102"/><T85/><D114/><U91/><E116/><V1/><F110/><W21/><G119/><T49/><D128/><U107/><E4/><V75/><F126/><W130/><G102/><T11/><D133/><U92/><E91/><V67/><F78/><W22/><G56/><T8/><REACH who="0" step="1"/><D49/><REACH who="0" ten="459,268,214,49" step="2"/><U16/><E129/><V100/><F48/><W44/><G130/><T76/><D76/><U93/><E134/><V35/><F75/><W74/><G74/><T55/><D55/><U23/><E112/><V10/><F67/><W103/><G64/><T39/><D39/><U118/><E118/><V117/><F65/><W5/><G127/><T12/><D12/><U59/><E41/><V61/><F43/><W7/><G103/><T104/><D104/><U66/><E66/><V120/><F100/><W106/><G106/><T89/><D89/><U124/><E124/><V62/><F117/><W96/><G96/><T131/><D131/><U50/><E107/><V37/><F37/><W82/><G82/><T123/><D123/><U97/><E53/><V95/><F120/><W18/><REACH who="3" step="1"/><G3/><REACH who="3" ten="459,268,214,39" step="2"/><T72/><D72/><U115/><E115/><V135/><F1/><W2/><G2/><T99/><D99/><U38/><E97/><V113/><F135/><W81/><G81/><T98/><D98/><U27/><E105/><V60/><F113/><W36/><G36/><T101/><D101/><U109/><E38/><V111/><F111/><W73/><G73/><T108/><D108/><U84/><E109/><V31/><F24/><W13/><G13/><T33/><D33/><U47/><E27/><RYUUKYOKU ba="0,2" sc="459,15,268,-15,214,-15,39,15" hai0="8,11,14,15,19,26,28,32,80,83,85,86,87" hai3="5,7,17,18,21,22,30,44,45,68,71,77,79" /><INIT seed="4,1,2,0,4,56" ten="474,253,199,54" oya="0" hai0="3,70,83,39,100,43,132,81,101,1,71,31,77" hai1="115,110,5,33,29,46,9,64,130,98,21,111,52" hai2="18,134,131,30,47,6,106,118,67,103,119,62,22" hai3="133,114,88,7,48,44,25,127,76,121,65,23,55"/><T93/><D93/><U12/><E130/><V92/><F106/><W78/><G121/><T35/><D132/><U28/><E64/><V0/><F131/><W27/><G127/><T61/><D31/><U58/><E46/><V86/><F47/><W11/><G133/><T99/><D99/><U49/><E33/><V82/><F134/><W24/><G114/><T90/><D90/><U42/><E42/><V41/><F41/><W109/><G109/><T63/><D43/><U80/><E115/><V54/><F54/><W108/><G108/><T126/><D77/><U85/><E98/><N who="2" m="59847" /><F6/><W102/><G102/><T2/><D2/><U26/><REACH who="1" step="1"/><E29/><REACH who="1" ten="474,243,199,54" step="2"/><V94/><F30/><W45/><G44/><T95/><D35/><U10/><E10/><V74/><F67/><W57/><G23/><T122/><D126/><U15/><E15/><V116/><F22/><W60/><REACH who="3" step="1"/><G88/><AGARI ba="1,3" hai="5,9,12,21,26,28,49,52,58,80,85,88,110,111" machi="88" ten="30,7700,0" yaku="1,1,7,1,54,2,53,0" doraHai="56" doraHaiUra="68" who="1" fromWho="3" sc="474,0,243,110,199,0,54,-80" owari="474,58.0,353,15.0,199,-20.0,-26,-53.0" /></mjloggm>