<mjloggm ver="2.3"><GO type="41" lobby="0"/><UN n0="%E3%81%BF%E3%82%93%E3%83%9F%E3%83%B3" n1="%6D%6B%77%69%7A%61%72%64" n2="%E2%93%9D%53%75%70%68%78" n3="%E5%B7%A6%E8%84%9A%30%32" dan="14,15,18,13" rate="1872.12,1972.51,2147.86,1873.48" sx="M,M,M,M"/><TAIKYOKU oya="0"/><INIT seed="0,0,0,2,3,104" ten="250,250,250,250" oya="0" hai0="63,38,115,113,26,125,37,106,81,55,59,5,120" hai1="102,51,112,122,3,114,61,23,95,14,58,33,129" hai2="64,29,117,56,101,71,82,62,68,90,53,121,74" hai3="42,78,134,46,36,93,17,110,108,7,119,31,99"/><T94/><D106/><U127/><E122/><V20/><F121/><W87/><G31/><T84/><D120/><U30/><E3/><V24/><F117/><W34/><G34/><T45/><D125/><U92/><E129/><V126/><F126/><W32/><G32/><T83/><D5/><U131/><E131/><V128/><F128/><W49/><G119/><T124/><D124/><U44/><E33/><V75/><F101/><W70/><G70/><T89/><D38/><U118/><E118/><V79/><F90/><W133/><G7/><T88/><D26/><U50/><E50/><V18/><F29/><W91/><G17/><T86/><D94/><U105/><E105/><V9/><F9/><W35/><G35/><T28/><D28/><U123/><E14/><V76/><F64/><W39/><G39/><T85/><D86/><U116/><E116/><V107/><F107/><W69/><G69/><T43/><AGARI ba="0,0" hai="37,43,45,55,59,63,81,83,84,85,88,89,113,115" machi="43" ten="30,6000,0" yaku="0,1,9,1,54,1" doraHai="104" who="0" fromWho="0" sc="250,60,250,-20,250,-20,250,-20" /><INIT seed="0,1,0,3,2,20" ten="310,230,230,230" oya="0" hai0="24,18,112,6,71,29,66,70,49,57,111,115,8" hai1="106,110,79,88,39,91,14,51,21,135,89,75,23" hai2="59,77,1,43,22,32,132,56,81,50,98,104,4" hai3="46,108,119,55,103,130,117,31,54,97,36,12,38"/><T76/><D71/><U45/><E110/><V92/><F32/><W48/><G108/><T64/><D70/><U25/><E106/><V61/><F104/><W120/><G120/><T113/><D111/><U107/><E107/><V80/><F132/><W19/><G130/><T72/><D18/><U13/><E135/><V118/><F1/><W34/><G55/><T109/><D109/><U122/><E39/><V83/><F4/><W26/><G38/><T105/><D105/><U2/><E2/><V63/><F118/><W47/><G36/><T85/><D72/><U94/><E23/><V69/><F69/><W102/><G47/><T125/><D125/><U42/><E122/><V127/><F77/><W99/><G103/><T90/><D76/><U67/><E67/><V60/><F127/><W73/><G73/><T27/><D29/><N who="1" m="17583" /><E75/><V40/><F22/><W17/><G17/><T5/><D66/><U126/><E126/><V37/><F37/><W16/><G19/><T114/><N who="0" m="28672" /><DORA hai="82" /><T15/><D6/><U128/><E128/><V116/><F116/><W7/><G7/><T53/><REACH who="0" step="1"/><D64/><REACH who="0" ten="300,230,230,230" step="2"/><U129/><E129/><V52/><REACH who="2" step="1"/><F59/><REACH who="2" ten="300,230,220,230" step="2"/><W68/><G68/><T101/><D101/><AGARI ba="1,2" hai="40,43,50,52,56,60,61,63,80,81,83,92,98,101" machi="101" ten="40,8000,1" yaku="1,1,2,1,8,1,54,1,53,0" doraHai="20,82" doraHaiUra="65,84" who="2" fromWho="0" sc="300,-83,230,0,220,103,230,0" /><INIT seed="1,0,0,1,1,72" ten="217,230,323,230" oya="1" hai0="81,115,50,134,95,39,3,34,41,59,85,101,54" hai1="132,11,90,110,70,31,80,32,46,69,112,91,130" hai2="9,23,92,65,133,19,74,6,4,57,111,76,77" hai3="52,125,75,40,33,88,98,121,118,0,79,84,97"/><U49/><E112/><V43/><F74/><W83/><G0/><T129/><D34/><U35/><E31/><V104/><F104/><W56/><G33/><T94/><D3/><U7/><E35/><V44/><F111/><W62/><G121/><T86/><D115/><U61/><E32/><V22/><F133/><W107/><G118/><T93/><D134/><U14/><E132/><V18/><F92/><W103/><G98/><T120/><D129/><U42/><E130/><V20/><F57/><W64/><G125/><T105/><D120/><U2/><E2/><V66/><F44/><W5/><G5/><N who="2" m="2153" /><F43/><W60/><G40/><T21/><D39/><U73/><E110/><V24/><F9/><W128/><G128/><T15/><D41/><U29/><E29/><V131/><F131/><W123/><G123/><T68/><D68/><U26/><E26/><N who="2" m="14615" /><F23/><W135/><G135/><T82/><D105/><U51/><E70/><V8/><F8/><W1/><G1/><T45/><D101/><U117/><E117/><V27/><F27/><W25/><G25/><T99/><D99/><U53/><E69/><V113/><F113/><W108/><G108/><T124/><D124/><U71/><E71/><V30/><F30/><W47/><G47/><T12/><D45/><U37/><E73/><V102/><F102/><W13/><G13/><N who="0" m="5195" /><D21/><U63/><E37/><V17/><F17/><W127/><G127/><T106/><D106/><U16/><E7/><V87/><F87/><AGARI ba="0,0" hai="50,54,59,81,82,85,86,87,93,94,95" m="5195" machi="87" ten="30,1000,0" yaku="8,1" doraHai="72" who="0" fromWho="2" sc="217,10,230,0,323,-10,230,0" /><INIT seed="2,0,0,5,2,33" ten="227,230,313,230" oya="2" hai0="131,128,68,16,117,28,134,27,21,7,122,38,99" hai1="45,51,57,2,1,105,121,101,19,50,92,66,20" hai2="71,17,109,93,40,78,25,4,111,49,9,63,75" hai3="87,130,39,30,97,100,59,114,14,107,52,95,58"/><V18/><F93/><W119/><G39/><T60/><D38/><U80/><E105/><V34/><F78/><W125/><G119/><T94/><D122/><U85/><E121/><V135/><F75/><W72/><G72/><T22/><D134/><U81/><E66/><V118/><F49/><W48/><G130/><N who="0" m="49707" /><D7/><U13/><E57/><V124/><F40/><W98/><G125/><T106/><D106/><U77/><E51/><V29/><F124/><W5/><G114/><T67/><D117/><U15/><E15/><V47/><F47/><W41/><G41/><T123/><D123/><U12/><E12/><V83/><F83/><W42/><G42/><T88/><D22/><U112/><E112/><V11/><F135/><W64/><G30/><AGARI ba="0,0" hai="16,21,27,28,30,60,67,68,88,94,99" m="49707" machi="30" ten="30,3900,0" yaku="19,1,54,2" doraHai="33" who="0" fromWho="3" sc="227,39,230,0,313,0,230,-39" /><INIT seed="3,0,0,5,5,106" ten="266,230,313,191" oya="3" hai0="51,11,98,37,93,80,119,62,29,75,27,17,49" hai1="91,54,50,124,74,0,81,72,102,57,13,1,134" hai2="82,95,42,66,32,76,68,94,120,129,30,67,132" hai3="125,90,28,48,9,3,92,5,59,105,70,33,25"/><W135/><G70/><T71/><D37/><U84/><E102/><V23/><F32/><W24/><G135/><T88/><D119/><U69/><E69/><V100/><F129/><W116/><G105/><T130/><D130/><U97/><E97/><V104/><F42/><W56/><G116/><T114/><D114/><U117/><E117/><V126/><F126/><W58/><G125/><T111/><D111/><U77/><E124/><V109/><F109/><W46/><G25/><T4/><D17/><U10/><E134/><V78/><F82/><W31/><G31/><T7/><D7/><U127/><E127/><V96/><F120/><W123/><G123/><T39/><D39/><U14/><E14/><V6/><F6/><W34/><G34/><T118/><D71/><U16/><REACH who="1" step="1"/><E72/><REACH who="1" ten="266,220,313,191" step="2"/><V113/><F68/><W20/><G33/><T112/><D118/><U52/><E52/><V73/><F73/><W53/><REACH who="3" step="1"/><G46/><REACH who="3" ten="266,220,313,181" step="2"/><T108/><D112/><U45/><E45/><V115/><F115/><W87/><AGARI ba="0,2" hai="3,5,9,20,24,28,48,53,56,58,59,87,90,92" machi="87" ten="20,18000,2" yaku="1,1,2,1,0,1,7,1,53,3" doraHai="106" doraHaiUra="55" who="3" fromWho="3" sc="266,-60,220,-60,313,-60,181,200" /><INIT seed="3,1,0,3,0,132" ten="206,160,253,381" oya="3" hai0="59,38,112,5,117,86,73,33,56,123,98,65,42" hai1="67,119,69,15,84,57,113,116,63,49,6,109,82" hai2="105,100,45,92,131,95,51,93,30,55,7,96,76" hai3="91,39,103,110,16,20,2,47,11,41,48,85,115"/><W102/><G115/><T68/><D112/><U129/><E109/><V104/><F131/><W64/><G110/><T66/><D33/><U44/><E129/><V97/><F30/><W72/><G72/><T130/><D73/><U83/><E69/><V23/><F23/><W124/><G124/><T135/><D98/><U106/><E106/><V21/><F21/><W52/><G64/><T107/><D86/><U43/><E113/><V37/><F7/><W28/><G28/><T62/><D5/><U90/><REACH who="1" step="1"/><E82/><REACH who="1" ten="206,150,253,381" step="2"/><V127/><F105/><W19/><G2/><T0/><D0/><U32/><E32/><V61/><F104/><W111/><G111/><T1/><D107/><U125/><E125/><V27/><F127/><W24/><G11/><AGARI ba="1,1" hai="6,11,15,43,44,49,57,63,67,83,84,90,116,119" machi="11" ten="40,1300,0" yaku="1,1,53,0" doraHai="132" doraHaiUra="74" who="1" fromWho="3" sc="206,0,150,26,253,0,381,-16" /><INIT seed="4,0,0,2,0,68" ten="206,176,253,365" oya="0" hai0="63,8,78,110,12,33,28,4,126,108,27,75,105" hai1="16,121,21,18,56,130,58,29,83,111,50,51,99" hai2="19,113,97,43,25,11,125,32,47,70,84,65,101" hai3="131,5,36,94,14,90,96,118,116,55,88,35,48"/><T86/><D105/><U127/><E111/><N who="0" m="42537" /><D75/><U26/><E130/><V98/><F113/><W128/><G35/><T59/><D78/><U74/><E127/><V45/><F98/><W79/><G79/><T49/><D86/><U0/><E0/><V103/><F103/><W46/><G90/><T112/><D49/><U81/><E121/><V10/><F47/><W129/><G36/><T23/><D63/><U54/><E99/><V34/><F125/><W40/><G40/><T109/><D59/><U120/><E120/><V61/><F84/><W24/><G24/><N who="0" m="18567" /><D126/><U71/><E71/><V80/><F80/><N who="1" m="30793" /><E74/><V76/><F76/><W38/><G38/><T67/><D67/><U42/><E42/><V134/><F43/><W2/><G2/><T85/><D85/><U72/><E72/><V73/><F73/><W6/><REACH who="3" step="1"/><G14/><REACH who="3" ten="206,176,253,355" step="2"/><N who="0" m="5383" /><D109/><U57/><E51/><V77/><F77/><W3/><G3/><T31/><D112/><U117/><E117/><AGARI ba="0,1" hai="5,6,46,48,55,88,94,96,116,117,118,128,129,131" machi="117" ten="50,6400,0" yaku="1,1,19,1,54,1,53,0" doraHai="68" doraHaiUra="13" who="3" fromWho="1" sc="206,0,176,-64,253,0,355,74" /><INIT seed="5,0,0,0,4,46" ten="206,112,253,429" oya="1" hai0="23,104,1,11,26,128,34,88,6,75,97,122,108" hai1="24,33,15,28,78,2,40,48,18,132,111,103,116" hai2="53,14,13,127,89,32,130,96,54,42,25,66,109" hai3="19,59,49,29,50,74,119,5,61,68,69,113,56"/><U27/><E116/><V76/><F109/><W4/><G74/><T57/><D75/><U80/><E111/><V99/><F42/><W51/><G29/><T36/><D108/><U107/><E2/><V77/><F32/><W58/><G119/><T94/><D36/><U105/><E132/><V3/><F3/><W71/><G113/><T87/><D128/><U72/><E27/><V65/><F25/><W62/><REACH who="3" step="1"/><G19/><REACH who="3" ten="206,112,253,419" step="2"/><T55/><D122/><U73/><E72/><V64/><F130/><W135/><G135/><T63/><D34/><U112/><E112/><V95/><F127/><W117/><G117/><T22/><D104/><U21/><REACH who="1" step="1"/><E103/><REACH who="1" ten="206,102,253,419" step="2"/><V9/><F14/><W91/><G91/><T126/><D126/><U120/><E120/><V114/><F114/><W52/><G52/><T47/><D26/><U118/><E118/><V16/><F54/><W31/><G31/><T38/><REACH who="0" step="1"/><D97/><REACH who="0" ten="196,102,253,419" step="2"/><U12/><E12/><V110/><F110/><W101/><G101/><T82/><D82/><U83/><E83/><V90/><F99/><W37/><G37/><T17/><D17/><U67/><E67/><V39/><F39/><W100/><G100/><T93/><D93/><U70/><E70/><V123/><F123/><W81/><G81/><T20/><D20/><U102/><E102/><V134/><F134/><W60/><AGARI ba="0,3" hai="4,5,49,50,51,56,58,59,60,61,62,68,69,71" machi="60" ten="50,32000,5" yakuman="40" doraHai="46" doraHaiUra="133" who="3" fromWho="3" sc="196,-80,102,-160,253,-80,419,350" owari="116,-28.0,-58,-56.0,173,-3.0,769,87.0" /></mjloggm>