<mjloggm ver="2.3"><GO type="41" lobby="0"/><UN n0="%E9%A2%A8%E3%81%AE%E5%9B%9E%E5%BB%8A" n1="%53%55%42%4D%41%52%49%4E" n2="%E3%81%A1%E3%81%8D%E3%81%A1%E3%81%8D" n3="%E2%93%9D%53%75%70%68%78" dan="14,13,13,18" rate="1894.71,1894.11,1961.61,2127.12" sx="M,M,F,M"/><TAIKYOKU oya="0"/><INIT seed="0,0,0,2,0,77" ten="250,250,250,250" oya="0" hai0="52,111,15,32,12,57,100,113,24,7,87,38,45" hai1="132,96,134,16,108,59,9,131,99,78,65,47,25" hai2="86,51,69,34,128,71,105,53,8,74,88,104,94" hai3="28,85,102,50,10,3,56,64,122,133,20,80,92"/><T27/><D113/><U76/><E108/><V117/><F117/><W68/><G133/><N who="1" m="51306" /><E47/><V118/><F118/><W67/><G68/><T126/><D111/><U42/><E42/><V23/><F128/><W130/><G10/><T91/><D100/><U115/><E115/><V61/><F34/><W83/><G3/><T109/><D109/><U95/><E99/><V21/><F74/><W66/><G122/><T124/><D32/><U79/><E131/><V93/><F8/><W40/><G130/><T11/><D15/><N who="1" m="7279" /><E25/><V37/><F37/><W4/><G4/><T33/><D45/><U84/><E59/><V127/><F127/><N who="0" m="48682" /><D33/><U63/><E63/><V73/><F73/><W75/><G75/><T36/><D36/><U19/><E19/><V46/><F61/><W22/><G56/><T125/><D38/><U35/><E35/><V89/><F46/><N who="3" m="25927" /><G28/><T49/><N who="0" m="48690" /><T26/><DORA hai="29" /><D24/><U31/><E31/><V14/><F14/><W129/><G129/><T58/><D57/><U110/><E65/><V5/><F5/><W6/><G6/><T119/><D119/><U55/><E55/><V106/><F53/><W121/><G121/><T60/><D60/><U120/><E120/><V90/><F51/><W98/><G67/><T62/><D62/><U1/><E1/><V135/><F135/><W30/><G66/><T48/><D48/><U103/><E110/><V2/><F2/><W116/><G116/><T112/><D112/><U123/><E123/><V43/><F71/><W0/><G64/><T101/><D101/><U82/><AGARI ba="0,0" hai="76,78,79,82,84,95,96,103" m="7279,51306" machi="82" ten="30,4000,0" yaku="20,1,52,1,54,1" doraHai="77,29" who="1" fromWho="1" sc="250,-20,250,40,250,-10,250,-10" /><INIT seed="1,0,0,0,3,23" ten="230,290,240,240" oya="1" hai0="71,74,12,76,47,24,31,120,100,48,78,44,42" hai1="111,94,10,99,104,28,86,33,70,18,102,96,52" hai2="1,3,126,36,66,7,4,132,129,60,50,55,112" hai3="41,20,27,46,67,59,43,40,77,25,114,133,9"/><U118/><E118/><V73/><F132/><W130/><G114/><T30/><D71/><U79/><E111/><V80/><F129/><W123/><G123/><T62/><D120/><U34/><E70/><V95/><F36/><W11/><G130/><T90/><D100/><U83/><E28/><V32/><F126/><W13/><G133/><T85/><D62/><U113/><E113/><V57/><F32/><W14/><G20/><T64/><D64/><U38/><E38/><V63/><F112/><W5/><G77/><T0/><D0/><U93/><E104/><V98/><F60/><N who="3" m="38303" /><G46/><T84/><D74/><U22/><E10/><V92/><F92/><W91/><G91/><T106/><D106/><U21/><E52/><V117/><F117/><W37/><G37/><T45/><D12/><U16/><E34/><V97/><F1/><W2/><G2/><T125/><D125/><U124/><E33/><V51/><F3/><W110/><G110/><T29/><D85/><U134/><E134/><V87/><F98/><W89/><G89/><T58/><D42/><U116/><E116/><V54/><F73/><W109/><G109/><T19/><D58/><U128/><E128/><V105/><F105/><W119/><G119/><T39/><D48/><N who="2" m="18474" /><F87/><W49/><G49/><T88/><D39/><U6/><E6/><AGARI ba="0,0" hai="5,6,9,11,13,14,25,27,40,41,43" m="38303" machi="6" ten="30,3900,0" yaku="8,1,52,2" doraHai="23" who="3" fromWho="1" sc="230,0,290,-39,240,0,240,39" /><INIT seed="2,0,0,3,2,77" ten="230,251,240,279" oya="2" hai0="122,45,102,87,38,97,95,37,49,6,100,76,59" hai1="42,107,4,18,22,61,83,46,116,56,33,19,110" hai2="127,10,41,29,0,1,2,80,104,84,88,7,32" hai3="109,73,129,108,115,126,20,99,130,12,14,17,65"/><V9/><F104/><W72/><G65/><T111/><D122/><U133/><E33/><V135/><F135/><W28/><G99/><T62/><D111/><N who="3" m="42569" /><G126/><T23/><D6/><U67/><E107/><V106/><F106/><W43/><G43/><T54/><D23/><U75/><E110/><V113/><F113/><W70/><G70/><T131/><D131/><N who="3" m="50185" /><G28/><T13/><D13/><N who="3" m="5225" /><G115/><T81/><REACH who="0" step="1"/><D102/><REACH who="0" ten="220,251,240,279" step="2"/><U44/><E133/><V31/><F127/><W79/><G79/><T48/><D48/><U27/><E4/><V120/><F7/><W35/><G35/><T123/><D123/><U105/><E116/><V24/><F31/><W16/><G20/><T117/><D117/><U60/><E22/><V112/><F112/><W15/><G15/><T119/><D119/><U90/><E27/><V71/><F120/><W121/><G121/><T34/><D34/><U94/><E61/><V30/><F30/><W89/><G89/><T78/><D78/><U66/><E60/><V93/><F71/><W86/><G86/><T69/><D69/><U36/><E75/><AGARI ba="0,1" hai="16,17,72,73,75" m="5225,50185,42569" machi="75" ten="40,8000,1" yaku="28,2,14,1,19,1,54,1" doraHai="77" who="3" fromWho="1" sc="220,0,251,-80,240,0,279,90" /><INIT seed="3,0,0,3,1,72" ten="220,171,240,369" oya="3" hai0="7,40,0,11,88,116,91,89,114,56,17,5,35" hai1="24,66,81,50,53,34,60,46,108,96,9,1,118" hai2="129,25,68,113,16,22,98,111,29,39,74,86,124" hai3="78,127,109,90,8,99,19,71,126,79,105,52,47"/><W117/><G117/><T63/><D116/><U76/><E108/><V57/><F113/><W36/><G71/><T37/><D35/><U83/><E118/><V64/><F111/><W43/><G109/><T21/><D114/><U84/><E96/><V132/><F124/><N who="3" m="47659" /><G19/><T97/><D7/><U28/><E83/><V104/><F132/><W80/><G8/><T54/><D40/><U18/><E18/><V13/><F129/><W75/><G52/><T94/><REACH who="0" step="1"/><D37/><REACH who="0" ten="210,171,240,369" step="2"/><U6/><E60/><V85/><F39/><W51/><G36/><T20/><D20/><U120/><E66/><V125/><F125/><W3/><G3/><T122/><D122/><U48/><REACH who="1" step="1"/><E48/><REACH who="1" ten="210,161,240,369" step="2"/><V87/><F64/><W69/><G51/><T42/><D42/><U103/><E103/><V55/><F68/><W93/><G69/><T102/><D102/><U31/><E31/><V92/><F29/><W23/><G43/><T58/><D58/><U70/><E70/><V119/><F119/><W115/><G115/><T41/><D41/><U10/><E10/><V101/><F57/><W45/><G45/><T62/><D62/><U77/><E77/><V82/><F101/><N who="3" m="62655" /><G47/><T133/><D133/><U14/><E14/><AGARI ba="0,2" hai="0,5,11,14,17,21,54,56,63,88,89,91,94,97" machi="14" ten="30,3900,0" yaku="1,1,7,1,54,1,53,0" doraHai="72" doraHaiUra="27" who="0" fromWho="1" sc="210,59,161,-39,240,0,369,0" /><INIT seed="4,0,0,3,2,68" ten="269,122,240,369" oya="0" hai0="11,1,69,82,47,6,61,43,67,96,49,113,132" hai1="63,57,37,19,91,102,64,72,8,93,76,58,65" hai2="23,108,127,2,34,30,60,9,48,97,83,119,77" hai3="73,116,129,99,109,87,13,31,32,66,33,29,3"/><T125/><D113/><U14/><E102/><V53/><F108/><W103/><G3/><T84/><D125/><U101/><E101/><V26/><F127/><W114/><G73/><T118/><D132/><U135/><E135/><V86/><F119/><W62/><G129/><T52/><D96/><U10/><E10/><V4/><F60/><W70/><G116/><T51/><D118/><U22/><E22/><V128/><F128/><W98/><G98/><T5/><D5/><U54/><E76/><V40/><F97/><W39/><G13/><T46/><D84/><U131/><E72/><V90/><F40/><W115/><G87/><T81/><AGARI ba="0,0" hai="1,6,11,43,46,47,49,51,52,61,67,69,81,82" machi="81" ten="30,3000,0" yaku="0,1,54,1" doraHai="68" who="0" fromWho="0" sc="269,30,122,-10,240,-10,369,-10" /><INIT seed="4,1,0,0,3,112" ten="299,112,230,359" oya="0" hai0="54,93,94,55,83,72,82,7,59,79,131,16,42" hai1="4,90,61,38,132,108,66,10,119,48,18,30,22" hai2="127,85,21,35,31,125,64,29,87,128,130,96,63" hai3="73,23,95,36,104,46,57,40,25,105,117,121,62"/><T32/><D32/><U53/><E108/><V118/><F35/><W6/><G117/><T101/><D131/><N who="2" m="50218" /><F96/><W49/><G73/><T113/><D113/><U52/><E132/><V68/><F118/><W2/><G121/><T5/><D42/><U133/><E133/><V20/><F20/><W1/><G6/><T102/><D59/><U124/><E38/><V60/><F21/><W99/><G36/><T67/><D67/><U110/><E30/><N who="2" m="11275" /><F60/><W80/><G105/><T15/><D72/><U92/><E110/><V70/><F63/><W3/><G104/><T111/><D79/><U76/><E76/><V86/><F64/><W98/><G98/><T75/><D75/><U0/><E124/><AGARI ba="1,0" hai="68,70,85,86,87,124,125,127" m="11275,50218" machi="124" ten="40,8000,1" yaku="28,2,18,1,19,1" doraHai="112" who="2" fromWho="1" sc="299,0,112,-83,230,83,359,0" /><INIT seed="5,0,0,4,2,9" ten="299,29,313,359" oya="1" hai0="63,81,16,8,31,114,75,43,27,22,82,72,66" hai1="37,47,64,13,76,65,108,2,56,15,59,126,73" hai2="62,96,57,120,98,55,6,25,51,60,79,122,124" hai3="49,46,91,18,92,110,100,29,45,0,30,12,123"/><U128/><E126/><V85/><F124/><W23/><G110/><T111/><D111/><U10/><E108/><V36/><F36/><W44/><G0/><T125/><D43/><N who="1" m="23023" /><E59/><V132/><F132/><W5/><G123/><T113/><D125/><U39/><E39/><V127/><F127/><W69/><G100/><T106/><D106/><U17/><E17/><V41/><F122/><W88/><G69/><T28/><D28/><N who="3" m="10857" /><G5/><T70/><D75/><U83/><E128/><V74/><F74/><W133/><G133/><T40/><D40/><U61/><E65/><V19/><F120/><W33/><G33/><T58/><D70/><U135/><E135/><V95/><F6/><AGARI ba="0,0" hai="2,6,10,13,15,56,61,64,73,76,83" m="23023" machi="6" ten="30,5800,0" yaku="25,1,52,2" doraHai="9" who="1" fromWho="2" sc="299,0,29,58,313,-58,359,0" /><INIT seed="5,1,0,2,2,104" ten="299,87,255,359" oya="1" hai0="13,60,43,17,14,70,34,57,101,73,108,115,69" hai1="80,44,35,100,12,84,40,78,95,3,67,38,46" hai2="45,102,98,109,90,39,112,72,24,23,82,123,117" hai3="106,83,103,77,113,122,131,128,22,61,52,134,55"/><U68/><E3/><V42/><F109/><W21/><G122/><T75/><D108/><U26/><E12/><V99/><F123/><W114/><G134/><T31/><D43/><U110/><E110/><V76/><F117/><W132/><G132/><T127/><D101/><U71/><E46/><V1/><F112/><N who="3" m="43115" /><G103/><T66/><D115/><U74/><E67/><V6/><F90/><W97/><G97/><T48/><D127/><U33/><E33/><V85/><F85/><N who="3" m="48367" /><G106/><T11/><D14/><U129/><E129/><N who="3" m="49738" /><G61/><T9/><D9/><U18/><E18/><N who="2" m="12407" /><F102/><W63/><G63/><T50/><D34/><U0/><E0/><V19/><F19/><W81/><G81/><T87/><D31/><U121/><E121/><V15/><F15/><W64/><G64/><T30/><D87/><U56/><E56/><V2/><F2/><W25/><G22/><T49/><REACH who="0" step="1"/><D30/><AGARI ba="1,0" hai="21,25,30,52,55" m="49738,48367,43115" machi="30" ten="30,3900,0" yaku="15,1,19,1,54,1" doraHai="104" who="3" fromWho="0" sc="299,-42,87,0,255,0,359,42" /><INIT seed="6,0,0,3,4,108" ten="257,87,255,401" oya="2" hai0="106,12,75,72,18,33,110,82,66,10,121,123,59" hai1="20,80,67,30,125,69,114,95,96,111,70,43,93" hai2="3,14,0,99,8,32,63,118,35,131,100,87,81" hai3="89,101,73,126,21,129,24,94,83,84,51,105,54"/><V112/><F118/><W62/><G129/><T44/><D106/><U58/><E111/><V5/><F131/><W79/><G126/><T115/><D33/><U124/><E114/><V91/><F63/><W42/><G42/><T19/><D110/><U16/><E30/><V97/><F99/><N who="3" m="61631" /><G62/><T29/><D29/><U36/><E58/><V31/><F112/><W27/><G21/><T41/><D115/><U86/><E67/><V109/><F109/><W98/><G98/><T122/><D82/><U55/><E55/><V53/><F31/><W15/><G15/><T77/><D77/><U34/><E34/><V132/><F132/><W26/><G26/><T120/><D66/><U107/><E107/><V134/><F134/><W128/><G128/><T74/><D59/><AGARI ba="0,0" hai="24,27,51,54,59,73,79,83,84,89,94" m="61631" machi="59" ten="30,1000,0" yaku="24,1" doraHai="108" who="3" fromWho="0" sc="257,-10,87,0,255,0,401,10" /><INIT seed="7,0,0,0,4,40" ten="247,87,255,411" oya="3" hai0="134,26,34,25,3,67,115,86,11,72,35,0,50" hai1="1,70,92,94,69,113,23,93,84,65,105,118,5" hai2="109,37,77,14,90,108,129,58,112,62,39,85,78" hai3="103,133,121,68,104,76,8,122,128,117,130,82,97"/><W21/><G8/><T7/><D86/><U119/><E105/><V80/><F112/><W27/><G68/><T60/><D50/><U10/><E23/><V55/><F129/><N who="3" m="49771" /><G117/><T75/><D60/><U116/><E65/><V15/><F109/><W95/><G133/><T88/><D88/><U98/><E98/><V32/><F32/><N who="0" m="12330" /><D67/><U48/><E113/><V30/><F30/><N who="3" m="17775" /><G95/><T131/><D131/><U19/><E19/><V102/><F108/><W33/><G33/><T44/><D44/><U107/><E107/><V52/><F37/><W120/><G82/><T110/><D110/><U96/><E96/><V13/><F39/><W127/><G76/><N who="2" m="29289" /><F102/><W47/><G127/><T64/><D64/><AGARI ba="0,0" hai="13,14,15,52,55,58,62,64,80,85,90" m="29289" machi="64" ten="30,2000,0" yaku="8,1,54,1" doraHai="40" who="2" fromWho="0" sc="247,-20,87,0,255,20,411,0" owari="227,-17.0,87,-41.0,275,8.0,411,50.0" /></mjloggm>