<mjloggm ver="2.3"><GO type="41" lobby="0"/><UN n0="%45%67%67%70%6C%61%6E%74" n1="%E3%81%B4%E3%81%AE%E3%81%93" n2="%E2%93%9D%53%75%70%68%78" n3="%69%6B%61%73%74%61%6B%6F" dan="13,13,18,14" rate="1880.56,1929.52,2080.23,1832.94" sx="M,M,M,F"/><TAIKYOKU oya="0"/><INIT seed="0,0,0,4,1,40" ten="250,250,250,250" oya="0" hai0="49,7,2,67,119,26,87,4,98,62,55,89,45" hai1="97,68,91,96,110,95,104,78,131,73,58,46,33" hai2="100,13,72,113,82,63,23,106,48,105,132,25,64" hai3="1,6,59,31,88,102,53,83,109,51,93,34,35"/><T94/><D119/><U133/><E68/><V71/><F113/><W120/><G109/><T32/><D2/><U99/><E33/><V8/><F132/><W116/><G116/><T135/><D135/><U52/><E133/><V30/><F100/><W103/><G120/><T21/><D32/><U129/><E110/><V86/><F72/><W80/><G35/><T65/><D98/><U85/><E73/><V118/><F48/><W125/><G125/><T3/><D3/><U77/><E104/><V108/><F118/><W5/><G1/><T15/><D15/><U36/><E36/><V20/><F20/><W54/><G34/><T37/><D37/><U44/><E77/><V60/><F60/><W121/><G121/><T17/><REACH who="0" step="1"/><D67/><REACH who="0" ten="240,250,250,250" step="2"/><U12/><E12/><V101/><F108/><W16/><G31/><T69/><AGARI ba="0,1" hai="4,7,17,21,26,45,49,55,62,65,69,87,89,94" machi="69" ten="20,18000,2" yaku="1,1,2,1,0,1,7,1,52,1,53,1" doraHai="40" doraHaiUra="81" who="0" fromWho="0" sc="240,190,250,-60,250,-60,250,-60" /><INIT seed="0,1,0,5,4,119" ten="430,190,190,190" oya="0" hai0="53,93,80,0,116,107,74,87,48,11,69,62,92" hai1="110,43,37,90,132,36,33,4,117,29,75,50,46" hai2="84,24,83,98,130,35,52,28,133,63,23,60,103" hai3="31,128,99,6,131,16,13,56,108,22,91,66,54"/><T59/><D107/><U89/><E117/><V30/><F130/><N who="3" m="49707" /><G108/><T126/><D116/><U67/><E33/><V12/><F133/><W47/><G6/><T129/><D126/><U55/><E29/><V7/><F30/><W106/><G31/><T127/><D127/><U1/><E132/><V68/><F68/><W17/><G66/><T82/><D74/><U102/><E110/><V77/><F35/><W95/><G106/><T109/><D109/><U118/><E118/><V42/><F42/><W49/><G17/><T123/><D82/><U94/><E102/><V111/><F111/><W113/><G113/><T64/><D123/><U58/><E4/><V44/><F7/><W5/><G5/><T18/><D129/><U124/><E75/><V25/><F12/><W8/><G47/><T121/><D121/><U73/><E73/><V41/><F25/><W70/><G70/><T96/><D96/><U20/><E1/><V26/><F26/><W76/><G76/><T38/><D38/><U15/><E37/><V10/><F10/><AGARI ba="1,0" hai="8,10,13,16,22,49,54,56,91,95,99" m="49707" machi="10" ten="30,2000,0" yaku="19,1,54,1" doraHai="119" who="3" fromWho="2" sc="430,0,190,0,190,-23,190,23" /><INIT seed="1,0,0,1,5,30" ten="430,190,167,213" oya="1" hai0="3,31,27,40,125,35,102,58,115,110,79,29,12" hai1="49,50,80,134,104,93,111,86,99,56,84,127,130" hai2="34,46,72,60,47,6,9,24,101,109,107,77,89" hai3="73,21,88,55,68,59,0,69,75,96,20,25,66"/><U81/><E127/><V76/><F109/><W18/><G0/><T39/><D115/><U133/><E50/><V61/><F107/><W38/><G38/><T4/><D102/><N who="1" m="62559" /><E49/><V128/><F101/><W119/><G119/><T37/><D40/><U13/><E13/><V90/><F24/><N who="3" m="14359" /><G75/><T123/><D39/><U57/><E57/><V43/><F72/><W15/><G73/><T14/><D37/><U131/><E56/><V52/><F43/><W42/><G69/><T65/><D79/><N who="1" m="46111" /><E93/><V117/><F117/><W17/><G68/><T87/><D125/><U112/><E112/><V16/><F47/><W100/><G42/><T23/><D65/><U51/><E51/><V108/><F46/><W7/><G7/><T97/><D58/><U129/><E111/><V10/><F108/><W121/><G121/><T105/><D123/><U85/><E85/><V71/><F71/><W98/><G66/><T114/><D110/><U67/><E67/><V70/><F70/><W95/><G15/><T5/><D87/><U113/><E113/><V53/><F6/><N who="0" m="2666" /><D114/><U62/><E62/><V63/><F63/><N who="3" m="36351" /><G100/><T132/><D3/><U74/><E74/><V2/><F2/><W103/><G103/><T22/><D105/><U32/><E32/><V1/><F1/><W54/><G54/><T33/><D97/><AGARI ba="0,0" hai="17,21,25,88,95,96,97,98" m="36351,14359" machi="97" ten="30,3900,0" yaku="25,1,8,1,54,1" doraHai="30" who="3" fromWho="0" sc="430,-39,190,0,167,0,213,39" /><INIT seed="2,0,0,1,5,51" ten="391,190,167,252" oya="2" hai0="100,68,55,30,35,130,107,7,16,58,86,38,128" hai1="119,31,17,85,104,12,46,29,2,127,0,111,109" hai2="54,50,84,103,9,99,105,125,77,101,49,126,116" hai3="83,91,15,13,62,94,90,26,132,76,80,41,98"/><V78/><F116/><W96/><G132/><T34/><D38/><U36/><E104/><V88/><F50/><W106/><G106/><T120/><D68/><U73/><E73/><V40/><F40/><W53/><G41/><T92/><D120/><U61/><E46/><V6/><F103/><W108/><G26/><T82/><D7/><U27/><E85/><V72/><F72/><W65/><G108/><N who="1" m="41546" /><E61/><V117/><F117/><W124/><G124/><N who="2" m="47721" /><F9/><W56/><G65/><T22/><D107/><U25/><E36/><V69/><F6/><W115/><G115/><T8/><D8/><N who="1" m="6279" /><E119/><V21/><F21/><W32/><G32/><T57/><D34/><N who="1" m="20783" /><E127/><V3/><F69/><W52/><G76/><T1/><D100/><U110/><N who="1" m="41554" /><U64/><DORA hai="43" /><E64/><V71/><F71/><W4/><G4/><T135/><D92/><U113/><E113/><V81/><F3/><W59/><G94/><T24/><D86/><U23/><AGARI ba="0,0" hai="0,2,23,27,31" m="20783,6279,41554" machi="23" ten="40,5200,0" yaku="14,1,34,2" doraHai="51,43" who="1" fromWho="1" sc="391,-13,190,52,167,-26,252,-13" /><INIT seed="3,0,0,0,3,27" ten="378,242,141,239" oya="3" hai0="12,26,10,75,119,134,5,97,68,127,76,52,43" hai1="96,6,35,63,62,112,44,89,36,88,23,54,110" hai2="20,8,29,94,9,121,120,50,107,103,55,39,60" hai3="65,130,109,129,73,91,0,48,124,13,126,51,45"/><W71/><G73/><T98/><D68/><U40/><E112/><V131/><F107/><W125/><G0/><T15/><D119/><U118/><E35/><V38/><F60/><N who="3" m="40359" /><G13/><T113/><D113/><U86/><E110/><V19/><F131/><N who="3" m="50187" /><G91/><T85/><D75/><U47/><E118/><V21/><F103/><W74/><G74/><T34/><D43/><U111/><E111/><V78/><F78/><W81/><G81/><T79/><D85/><U114/><E114/><V1/><F1/><W101/><G101/><T49/><D79/><U99/><E6/><V105/><F121/><W92/><G92/><T64/><D76/><U53/><E23/><V61/><F94/><W3/><G3/><T14/><D97/><U28/><E40/><V67/><F105/><W95/><G95/><T100/><D98/><U59/><E36/><V135/><F39/><W42/><G109/><T69/><D100/><U37/><E37/><AGARI ba="0,0" hai="37,42,45,48,51,124,125,126" m="50187,40359" machi="37" ten="40,12000,1" yaku="18,1,19,1,34,2" doraHai="27" who="3" fromWho="1" sc="378,0,242,-120,141,0,239,120" /><INIT seed="3,1,0,1,4,72" ten="378,122,141,359" oya="3" hai0="106,88,35,76,80,82,121,28,57,7,67,6,130" hai1="116,93,87,135,40,11,19,131,125,95,69,91,34" hai2="85,114,73,18,84,71,2,31,92,15,75,122,100" hai3="4,1,30,124,58,37,5,119,14,104,20,96,13"/><W64/><G37/><T29/><D106/><U61/><E125/><V99/><F2/><W94/><G104/><T26/><D121/><U21/><E131/><V115/><F31/><W132/><G119/><T54/><D67/><U0/><E135/><V43/><F43/><W98/><G1/><T68/><D68/><U38/><E116/><V127/><F18/><W46/><G132/><T123/><D123/><U66/><E34/><V117/><F15/><N who="3" m="5643" /><G124/><T22/><D130/><U103/><E40/><V55/><F55/><W10/><G46/><T52/><D54/><U74/><E74/><N who="2" m="28171" /><F71/><W89/><G10/><T79/><D35/><U78/><E38/><V48/><F48/><W102/><G102/><T27/><D27/><U45/><E21/><V65/><F65/><W108/><G98/><T133/><D28/><U49/><E19/><V111/><F117/><W8/><G108/><T32/><D32/><U97/><E0/><V59/><F59/><W86/><G96/><T36/><D36/><U62/><E11/><V126/><F111/><W128/><G128/><T41/><D41/><N who="1" m="24751" /><E69/><V101/><F122/><W90/><G90/><T109/><D88/><N who="1" m="53407" /><E66/><V120/><F120/><W63/><G8/><T70/><D70/><U16/><E16/><V47/><F127/><W110/><G110/><T12/><D109/><U44/><E44/><V53/><F126/><W56/><G56/><T17/><D133/><U51/><E91/><V113/><F101/><W50/><G50/><N who="0" m="30871" /><D6/><U33/><E51/><N who="2" m="28927" /><F115/><W81/><G81/><N who="0" m="31339" /><D29/><U112/><E112/><V83/><F83/><W118/><G118/><RYUUKYOKU ba="1,0" sc="378,10,122,-30,141,10,359,10" hai0="7,12,17,22,26,76,79" hai2="84,85,92,99,100,113,114" hai3="4,5,20,30,58,63,64,86,89,94" /><INIT seed="3,2,0,4,4,40" ten="388,92,151,369" oya="3" hai0="12,110,62,63,57,106,69,66,128,7,45,131,44" hai1="11,17,92,10,36,101,116,26,16,109,79,34,65" hai2="99,96,89,15,23,24,35,88,3,107,30,83,123" hai3="125,28,14,41,64,114,31,78,2,122,87,0,32"/><W94/><G114/><T37/><D106/><U102/><E109/><V97/><F3/><W38/><G122/><T115/><D110/><U124/><E124/><V9/><F123/><W52/><G125/><T47/><D115/><U84/><E116/><V127/><F127/><W130/><G130/><N who="0" m="49707" /><D12/><U117/><E117/><V104/><F35/><W100/><G2/><T72/><D7/><U113/><E113/><V111/><F111/><W48/><G0/><T56/><D72/><U135/><E135/><V91/><REACH who="2" step="1"/><F83/><REACH who="2" ten="388,92,141,369" step="2"/><W68/><G32/><T76/><D37/><U29/><E34/><V51/><F51/><W82/><G38/><T112/><D112/><U133/><E36/><V129/><F129/><W21/><G41/><T54/><D76/><U27/><E79/><V43/><F43/><W103/><G68/><AGARI ba="2,1" hai="44,45,47,54,56,57,62,63,66,68,69" m="49707" machi="68" ten="30,12000,2" yaku="19,1,34,2,52,3" doraHai="40" who="0" fromWho="3" sc="388,136,92,0,141,0,369,-126" /><INIT seed="4,0,0,1,5,56" ten="524,92,141,243" oya="0" hai0="95,30,112,113,36,79,55,127,33,48,67,41,96" hai1="134,15,54,119,19,133,103,14,23,45,120,40,104" hai2="126,71,5,109,47,111,0,100,123,52,64,73,101" hai3="2,91,42,20,105,22,53,6,74,117,106,3,34"/><T131/><D131/><U93/><E120/><V65/><F73/><W29/><G117/><T51/><D127/><U88/><E119/><V11/><F123/><W102/><G74/><T121/><D121/><U16/><E104/><V129/><F129/><W114/><G114/><T90/><D67/><U92/><E103/><V125/><F101/><W97/><G106/><T118/><D118/><U116/><E116/><V28/><F28/><W122/><G122/><T68/><D68/><U107/><E107/><V35/><F35/><W4/><G3/><T26/><D79/><U75/><E75/><V44/><F100/><W12/><G2/><T63/><D36/><U13/><E54/><V69/><F11/><W98/><G34/><T18/><D41/><U99/><E93/><V57/><F5/><W70/><G70/><N who="2" m="26633" /><F0/><W89/><G42/><T49/><D18/><U76/><E76/><V7/><F7/><W25/><G53/><T72/><D72/><U128/><E128/><V39/><F65/><W86/><G98/><T80/><D80/><U46/><E15/><V135/><F135/><N who="1" m="51721" /><E40/><N who="2" m="22559" /><F64/><W31/><G89/><T84/><D84/><U124/><E124/><N who="2" m="47723" /><F47/><W27/><G12/><T130/><D130/><U32/><E32/><V9/><F9/><AGARI ba="0,0" hai="9,13,14,16,19,23,45,46,88,92,99" m="51721" machi="9" ten="30,3900,0" yaku="20,1,54,2" doraHai="56" who="1" fromWho="2" sc="524,0,92,39,141,-39,243,0" /><INIT seed="5,0,0,3,3,23" ten="524,131,102,243" oya="1" hai0="118,80,41,12,133,105,97,94,109,28,96,16,65" hai1="122,106,13,123,68,54,102,111,83,88,86,57,89" hai2="82,129,108,27,55,62,9,4,5,81,56,99,10" hai3="134,70,104,36,33,85,113,35,46,107,101,58,66"/><U119/><E119/><V95/><F129/><W87/><G113/><T43/><D118/><U74/><E74/><V61/><F108/><W117/><G117/><T93/><D105/><U103/><E68/><V127/><F127/><W30/><G134/><T38/><D28/><U0/><E0/><V42/><F42/><W48/><G36/><T75/><D65/><U40/><E111/><V22/><F62/><W6/><G70/><T114/><D114/><U112/><E112/><V26/><F10/><W115/><G115/><T25/><D75/><U31/><E40/><V3/><F5/><W121/><G107/><T100/><D80/><U67/><E67/><V59/><F59/><W77/><G35/><T37/><D109/><U124/><E124/><V1/><F1/><W79/><G33/><T19/><D12/><U135/><E135/><V53/><F53/><W29/><G121/><T47/><D133/><U60/><E106/><V90/><REACH who="2" step="1"/><F27/><REACH who="2" ten="524,131,92,243" step="2"/><W51/><G6/><T116/><D116/><U32/><E123/><V49/><F49/><W2/><G2/><T76/><D41/><U110/><E122/><V14/><F14/><W20/><G51/><T84/><D37/><U17/><E110/><V125/><F125/><W71/><G48/><T92/><D38/><U44/><E44/><V73/><F73/><W91/><G71/><T126/><D47/><U11/><E89/><V7/><F7/><W98/><G46/><T8/><D43/><U78/><E88/><V39/><F39/><W52/><G91/><T130/><D126/><U132/><E132/><V69/><F69/><RYUUKYOKU ba="0,1" sc="524,-15,131,15,92,15,243,-15" hai1="11,13,17,31,32,54,57,60,78,83,86,102,103" hai2="3,4,9,22,26,55,56,61,81,82,90,95,99" /><INIT seed="5,1,1,3,0,112" ten="509,146,107,228" oya="1" hai0="26,68,13,89,132,52,103,120,133,66,5,87,118" hai1="55,85,25,1,80,121,15,127,128,57,53,65,123" hai2="42,113,8,40,46,73,43,104,21,27,77,37,2" hai3="3,0,114,134,106,70,60,102,90,30,74,99,48"/><U125/><E128/><V105/><F113/><W44/><G134/><T18/><D120/><U19/><E1/><V92/><F92/><W122/><G122/><T107/><D66/><U97/><E65/><V16/><F105/><W22/><G114/><T78/><D68/><U32/><E97/><V36/><F104/><W124/><G74/><T116/><D78/><U82/><E121/><V41/><F37/><W6/><G124/><N who="1" m="47690" /><E123/><V45/><F45/><W119/><G119/><N who="0" m="45611" /><D26/><U24/><E55/><V79/><REACH who="2" step="1"/><F73/><REACH who="2" ten="509,146,97,228" step="2"/><W83/><G106/><T28/><D107/><U108/><E108/><V58/><F58/><W129/><G70/><T14/><D103/><U7/><E82/><V69/><F69/><W98/><G129/><T10/><D28/><U47/><E47/><V86/><F86/><W135/><G30/><T91/><D87/><U12/><E80/><V64/><F64/><W96/><G44/><T4/><D52/><U67/><E85/><V76/><F76/><W20/><G135/><N who="0" m="51787" /><D89/><U38/><E53/><V111/><F111/><W117/><G117/><T59/><D59/><U101/><E57/><V71/><F71/><W88/><G102/><T94/><D94/><U72/><E67/><V93/><F93/><W126/><G126/><T17/><D91/><U9/><E101/><V115/><F115/><W131/><G131/><T33/><D33/><U39/><E72/><V54/><F54/><W109/><G109/><T23/><AGARI ba="1,2" hai="4,5,10,13,14,17,18,23" m="51787,45611" machi="23" ten="30,12000,2" yaku="20,1,34,2,52,3" doraHai="112" who="0" fromWho="0" sc="509,143,146,-61,97,-31,228,-31" /><INIT seed="6,0,0,5,3,45" ten="652,85,66,197" oya="2" hai0="109,63,34,125,133,54,79,61,96,107,19,44,100" hai1="4,103,16,67,32,131,21,116,72,0,53,88,117" hai2="94,130,80,35,13,24,92,121,15,29,85,12,122" hai3="126,50,28,70,119,115,91,27,57,65,26,17,37"/><V64/><F130/><W101/><G119/><T18/><D34/><U6/><E67/><V89/><REACH who="2" step="1"/><F64/><REACH who="2" ten="652,85,56,197" step="2"/><W104/><G65/><T120/><D120/><AGARI ba="0,1" hai="12,13,15,24,29,35,80,85,89,92,94,120,121,122" machi="120" ten="40,3900,0" yaku="1,1,2,1,53,0" doraHai="45" doraHaiUra="127" who="2" fromWho="0" sc="652,-39,85,0,56,49,197,0" /><INIT seed="6,1,0,2,2,37" ten="613,85,105,197" oya="2" hai0="133,113,47,96,18,73,124,55,116,23,11,26,0" hai1="50,25,87,122,131,67,82,12,58,130,20,61,100" hai2="108,13,80,60,95,17,54,4,43,135,69,29,97" hai3="105,85,93,9,6,81,34,35,30,71,38,33,76"/><V129/><F129/><N who="1" m="49161" /><E122/><V42/><F135/><W101/><G71/><T44/><D73/><U65/><E12/><V5/><F108/><W62/><G38/><T109/><D109/><U68/><E100/><V127/><F127/><W21/><G105/><T121/><D121/><U27/><E50/><V45/><F29/><W110/><G110/><T1/><D116/><U8/><E8/><V123/><F80/><W32/><N who="3" m="8192" /><DORA hai="51" /><W88/><G101/><T36/><D124/><U79/><E68/><V132/><F132/><W14/><G62/><T46/><D113/><U19/><E27/><V49/><F123/><W3/><G30/><T56/><D96/><U102/><E102/><N who="2" m="60735" /><F69/><W66/><G21/><T39/><D133/><U57/><E57/><N who="2" m="34871" /><F43/><W114/><G66/><AGARI ba="1,0" hai="19,20,25,58,61,65,66,67,79,82,87" m="49161" machi="66" ten="30,1000,0" yaku="19,1" doraHai="37,51" who="1" fromWho="3" sc="613,0,85,13,105,0,197,-13" /><INIT seed="7,0,0,0,3,110" ten="613,98,105,184" oya="3" hai0="91,29,59,47,106,108,27,39,41,131,125,129,104" hai1="48,67,70,54,133,53,31,74,33,90,51,128,63" hai2="55,25,78,79,107,26,66,85,88,58,84,120,52" hai3="11,117,123,113,15,46,126,87,14,69,77,40,21"/><W109/><G69/><T95/><D108/><U127/><E33/><V12/><F107/><W76/><G117/><T56/><D125/><U132/><E31/><V68/><F68/><W89/><G123/><T72/><D72/><U115/><E74/><V16/><F66/><W50/><G126/><T100/><D56/><N who="1" m="32807" /><E90/><V111/><F120/><W81/><G113/><T93/><D59/><N who="1" m="33247" /><E127/><V75/><F75/><W6/><G109/><T8/><D8/><U4/><E4/><V118/><F118/><W7/><G7/><T105/><D100/><U19/><E19/><AGARI ba="0,0" hai="6,11,14,15,19,21,40,46,50,76,77,81,87,89" machi="19" ten="40,2000,0" yaku="8,1" doraHai="110" who="3" fromWho="1" sc="613,0,98,-20,105,0,184,20" /><INIT seed="7,1,0,3,3,33" ten="613,78,105,204" oya="3" hai0="98,37,90,121,104,53,93,46,87,21,100,63,28" hai1="75,95,9,50,4,40,15,74,55,123,31,58,47" hai2="99,57,97,17,11,49,84,10,29,62,77,113,88" hai3="65,70,92,68,135,38,48,125,89,34,120,131,45"/><W134/><G34/><T109/><D121/><U128/><E123/><V35/><F113/><W105/><G120/><T39/><D109/><U102/><E128/><V72/><F72/><W18/><G105/><T30/><D30/><U122/><E122/><V101/><F77/><W126/><G38/><T42/><D63/><U124/><E124/><N who="3" m="47722" /><G65/><T36/><D53/><U71/><E71/><N who="3" m="27178" /><G18/><T117/><D117/><U133/><E133/><N who="3" m="50698" /><G45/><T80/><D28/><U96/><REACH who="1" step="1"/><E31/><REACH who="1" ten="613,68,105,204" step="2"/><V24/><F29/><W14/><G131/><T78/><D21/><U32/><E32/><V3/><F35/><W112/><G112/><T111/><D111/><U83/><E83/><V27/><F11/><W116/><G116/><T8/><D8/><U13/><E13/><V76/><F10/><W106/><G14/><T61/><D36/><AGARI ba="1,1" hai="4,9,15,36,40,47,50,55,58,74,75,95,96,102" machi="36" ten="30,2000,0" yaku="1,1,7,1,53,0" doraHai="33" doraHaiUra="25" who="1" fromWho="0" sc="613,-23,68,33,105,0,204,0" owari="590,69.0,101,-40.0,105,-29.0,204,0.0" /></mjloggm>