<mjloggm ver="2.3"><GO type="41" lobby="0"/><UN n0="%E4%B8%83%E8%89%B2%E3%81%AE%E3%83%AA%E3%83%BC%E3%83%81" n1="%E2%93%9D%53%75%70%68%78" n2="%EF%BC%A0%E4%BC%8A%E4%B9%8B%E5%8A%A9%EF%BC%A0" n3="%68%61%73%68%69%30%30%31" dan="17,18,14,15" rate="2117.74,2083.16,1986.52,1979.57" sx="M,M,M,M"/><TAIKYOKU oya="0"/><INIT seed="0,0,0,1,0,63" ten="250,250,250,250" oya="0" hai0="78,67,61,110,118,12,24,103,10,58,95,48,21" hai1="84,0,9,127,130,123,15,11,16,14,17,113,50" hai2="83,87,122,70,43,119,19,94,98,60,93,34,44" hai3="102,29,45,54,129,117,40,57,8,96,3,41,56"/><T13/><D118/><U90/><E130/><V81/><F34/><W1/><G129/><T47/><D78/><U52/><E127/><V26/><F119/><W5/><G57/><T88/><D10/><U69/><E69/><V38/><F122/><W91/><G91/><T128/><D103/><U62/><E0/><V121/><F94/><W46/><G29/><T109/><D128/><U73/><E73/><V53/><F87/><W124/><G124/><T20/><D20/><U2/><E2/><V76/><F76/><W79/><G79/><T51/><D51/><U75/><E75/><V65/><F53/><W111/><G3/><T7/><D7/><U132/><E132/><V99/><F99/><W135/><G135/><T114/><D114/><U4/><E62/><V6/><F6/><W74/><G74/><T133/><D133/><U85/><E123/><V112/><F112/><W97/><G111/><N who="0" m="42507" /><D48/><U30/><E113/><V92/><F92/><W100/><G117/><T64/><D64/><U28/><E4/><V107/><F107/><W22/><G22/><T86/><D47/><N who="1" m="27743" /><E85/><V31/><F121/><W39/><G102/><T72/><D72/><U36/><E36/><V115/><F115/><W104/><G97/><T66/><D66/><U33/><E33/><V101/><F31/><AGARI ba="0,0" hai="12,13,21,24,31,58,61,67,86,88,95" m="42507" machi="31" ten="30,11600,0" yaku="14,1,10,1,52,1,54,1" doraHai="63" who="0" fromWho="2" sc="250,116,250,0,250,-116,250,0" /><INIT seed="0,1,0,2,5,60" ten="366,250,134,250" oya="0" hai0="131,9,1,26,43,20,88,14,118,89,119,38,36" hai1="56,39,126,106,94,27,116,34,8,4,80,7,13" hai2="111,110,21,37,22,68,132,79,135,62,50,51,134" hai3="19,18,11,54,91,10,81,120,82,52,122,93,123"/><T103/><D1/><U83/><E106/><V109/><F79/><W61/><G61/><T90/><D131/><U78/><E39/><V25/><F37/><W32/><G93/><T73/><D73/><U104/><E104/><V55/><F22/><W57/><G57/><T53/><D103/><U71/><E126/><V23/><F23/><W47/><G32/><T3/><D3/><U35/><E71/><V113/><F21/><W67/><G91/><T0/><D0/><U30/><E116/><V15/><F15/><W24/><G24/><T128/><D128/><U41/><E41/><V58/><F25/><W86/><G86/><T115/><D115/><U76/><E94/><V127/><F113/><W29/><G29/><T75/><D75/><U92/><E92/><V107/><F107/><W44/><REACH who="3" step="1"/><G123/><REACH who="3" ten="366,250,134,240" step="2"/><T63/><D89/><U77/><E35/><V112/><F112/><W87/><G87/><T102/><D88/><U17/><REACH who="1" step="1"/><E56/><REACH who="1" ten="366,240,134,240" step="2"/><V95/><F95/><W130/><G130/><T101/><D118/><U124/><E124/><V33/><F33/><W2/><G2/><T31/><D119/><U96/><E96/><V99/><F99/><W5/><G5/><AGARI ba="1,2" hai="4,5,7,8,13,17,27,30,34,76,77,78,80,83" machi="5" ten="40,1300,0" yaku="1,1,53,0" doraHai="60" doraHaiUra="48" who="1" fromWho="3" sc="366,0,240,36,134,0,240,-16" /><INIT seed="1,0,0,2,4,123" ten="366,276,134,224" oya="1" hai0="54,88,119,43,25,51,10,50,0,104,24,53,70" hai1="84,77,66,75,21,34,31,91,115,61,89,63,72" hai2="111,17,12,93,135,38,22,26,35,73,16,118,69" hai3="33,64,96,7,13,47,133,65,56,45,107,105,57"/><U122/><E34/><V55/><F73/><W36/><G33/><T117/><D104/><U101/><E122/><V112/><F69/><W95/><G36/><T110/><D43/><U127/><E127/><V15/><F38/><W30/><G30/><T42/><D42/><U103/><E115/><V74/><F74/><W108/><G133/><T97/><D70/><U29/><E84/><V3/><F135/><W85/><G96/><T18/><D0/><U41/><E41/><V94/><F118/><W71/><G71/><T129/><D129/><U46/><E21/><V116/><F116/><W126/><G95/><T81/><D97/><U52/><E46/><V114/><F55/><W106/><G13/><T23/><D10/><U125/><E52/><V109/><F3/><W11/><G11/><T76/><D25/><U78/><REACH who="1" step="1"/><E125/><REACH who="1" ten="366,266,134,224" step="2"/><V44/><F44/><W27/><G126/><T121/><D121/><U92/><E92/><N who="2" m="35435" /><F35/><W90/><G85/><N who="0" m="50223" /><D117/><U49/><E49/><V68/><F68/><W128/><G47/><T124/><D119/><U67/><AGARI ba="0,1" hai="29,31,61,63,66,67,72,75,77,78,89,91,101,103" machi="67" ten="25,9600,0" yaku="1,1,0,1,22,2,53,0" doraHai="123" doraHaiUra="83" who="1" fromWho="1" sc="366,-32,266,106,134,-32,224,-32" /><INIT seed="1,1,0,4,4,88" ten="334,372,102,192" oya="1" hai0="110,19,82,61,132,16,128,100,113,106,41,14,134" hai1="63,0,80,104,26,130,48,103,87,84,43,20,122" hai2="54,114,76,118,120,96,75,40,123,117,108,12,127" hai3="23,8,78,1,38,126,52,121,74,57,93,18,91"/><U9/><E122/><N who="2" m="46635" /><F40/><W62/><G126/><T11/><D110/><U53/><E130/><V44/><F44/><W135/><G135/><T111/><D111/><U17/><E104/><V27/><F54/><W37/><G121/><T94/><D128/><U131/><E103/><V5/><F5/><W4/><G78/><T60/><D106/><U92/><E0/><V33/><F12/><W81/><G81/><T70/><D113/><U71/><E71/><V79/><F33/><W98/><REACH who="3" step="1"/><G74/><REACH who="3" ten="334,372,102,182" step="2"/><T7/><D82/><U115/><E131/><V10/><F75/><W73/><G73/><T50/><D132/><U112/><E112/><V116/><F114/><W42/><G42/><T102/><D134/><U28/><E43/><V31/><F108/><W56/><G56/><T69/><D69/><U3/><E115/><V66/><F79/><W36/><G36/><T77/><D77/><U35/><E80/><V119/><F76/><W49/><G49/><T39/><D50/><U64/><E48/><V30/><F127/><W46/><G46/><T58/><D58/><U47/><E47/><V13/><F119/><W25/><AGARI ba="1,1" hai="1,4,8,18,23,25,37,38,52,57,62,91,93,98" machi="25" ten="20,12000,2" yaku="1,1,0,1,7,1,25,2,52,1,54,1,53,0" doraHai="88" doraHaiUra="83" who="3" fromWho="3" sc="334,-31,372,-61,102,-31,182,133" /><INIT seed="2,0,0,1,4,6" ten="303,311,71,315" oya="2" hai0="11,111,78,101,77,50,0,41,81,87,126,58,10" hai1="5,62,83,100,8,134,98,57,75,4,18,122,84" hai2="114,109,103,32,124,21,48,105,88,20,31,82,125" hai3="16,118,1,68,12,25,127,74,52,46,73,45,106"/><V93/><F114/><W70/><G106/><T53/><D111/><U91/><E134/><V26/><F82/><W36/><G1/><T112/><D126/><N who="2" m="48746" /><F109/><W60/><G36/><T29/><D0/><U63/><E75/><V72/><F72/><W47/><G127/><T40/><D112/><U54/><E122/><V39/><F39/><W43/><G43/><N who="0" m="16459" /><D29/><U37/><E63/><V61/><F32/><W89/><G118/><T110/><D110/><U44/><E44/><V96/><F48/><W116/><G116/><T38/><D38/><U23/><E37/><V95/><F61/><W22/><G74/><T121/><D121/><U117/><E117/><V42/><F42/><W92/><G73/><T71/><D71/><U97/><E100/><V64/><F64/><W123/><G123/><T17/><D101/><U51/><E51/><V85/><F21/><W56/><REACH who="3" step="1"/><G12/><REACH who="3" ten="303,311,71,305" step="2"/><T19/><D77/><U28/><E54/><V86/><F105/><W33/><G33/><T129/><D129/><U94/><E23/><V76/><F76/><W79/><G79/><T113/><D113/><U7/><E62/><V80/><F80/><W69/><G69/><T135/><D135/><U13/><E83/><V9/><F86/><AGARI ba="0,1" hai="16,22,25,45,46,47,52,56,60,68,70,86,89,92" machi="86" ten="40,5200,0" yaku="1,1,54,2,53,0" doraHai="6" doraHaiUra="34" who="3" fromWho="2" sc="303,0,311,0,71,-52,305,62" /><INIT seed="3,0,0,1,5,115" ten="303,311,19,367" oya="3" hai0="102,41,97,117,94,131,66,33,105,128,113,5,125" hai1="109,81,10,0,60,6,118,35,108,62,31,74,4" hai2="50,91,15,3,98,135,17,85,39,71,110,37,40" hai3="20,112,120,55,79,16,106,19,68,84,101,87,18"/><W77/><G68/><T8/><D117/><U122/><E122/><V96/><F71/><W51/><G120/><T38/><D113/><U13/><E6/><V53/><F3/><W61/><G106/><T65/><D125/><U49/><E49/><V43/><F39/><W75/><G101/><T63/><D33/><U72/><E13/><V59/><F110/><N who="1" m="42601" /><E81/><V46/><F43/><W132/><G112/><T134/><D134/><U45/><E45/><V129/><F129/><N who="0" m="49738" /><D94/><U111/><E111/><V73/><F73/><N who="1" m="28265" /><E118/><V76/><F76/><N who="3" m="29259" /><G132/><T114/><D114/><U107/><E107/><V42/><F42/><W86/><G61/><T9/><D63/><U90/><E90/><V57/><F57/><N who="3" m="33023" /><G75/><T58/><D58/><U121/><E121/><V100/><F100/><W1/><G1/><N who="0" m="47" /><D9/><U92/><E92/><V24/><F24/><AGARI ba="0,0" hai="16,18,19,20,24,84,86,87" m="33023,29259" machi="24" ten="30,2900,0" yaku="8,1,54,1" doraHai="115" who="3" fromWho="2" sc="303,0,311,0,19,-29,367,29" /><AGARI ba="0,0" hai="0,4,10,24,31,35,60,62" m="28265,42601" machi="24" ten="30,1000,0" yaku="14,1" doraHai="115" who="1" fromWho="2" sc="303,0,311,10,-10,-10,396,0" owari="303,-10.0,321,12.0,-20,-52.0,396,50.0" /></mjloggm>