<mjloggm ver="2.3"><GO type="41" lobby="0"/><UN n0="%E2%93%9D%53%75%70%68%78" n1="%E5%A4%9A%E6%91%A9%E3%82%BD%E3%83%BC%E3%82%B8" n2="%6B%75%72%6F%6D%61%74%65" n3="%E3%80%8C%E3%83%92%E3%83%AD%E3%80%8D%34%30" dan="18,14,14,15" rate="2160.32,1977.21,2015.35,2023.87" sx="M,M,M,M"/><TAIKYOKU oya="0"/><INIT seed="0,0,0,0,0,28" ten="250,250,250,250" oya="0" hai0="129,103,59,102,21,54,25,66,24,58,65,13,79" hai1="94,4,131,61,45,42,87,74,120,5,93,3,75" hai2="18,15,40,34,115,89,125,116,49,80,29,88,46" hai3="20,82,90,17,130,22,64,12,112,56,37,122,127"/><T8/><D79/><U10/><E120/><V98/><F115/><W23/><G112/><T91/><D129/><U128/><E5/><V0/><F0/><W106/><G37/><T117/><D117/><U105/><E105/><V86/><F125/><W7/><G106/><T109/><D91/><N who="1" m="53503" /><E61/><V104/><F116/><W97/><G127/><T60/><D109/><U71/><E71/><V44/><F44/><W1/><G122/><T39/><D39/><N who="1" m="21727" /><E94/><V96/><F104/><W70/><G70/><T41/><D41/><U57/><E57/><V35/><F29/><W83/><G1/><T32/><D32/><U124/><E124/><V123/><F123/><W108/><G7/><T33/><D33/><U38/><E38/><V133/><F133/><W126/><G108/><T6/><D25/><U43/><E43/><V92/><F98/><W2/><G2/><T19/><REACH who="0" step="1"/><D66/><REACH who="0" ten="240,250,250,250" step="2"/><U27/><E27/><V111/><F111/><W78/><G126/><T72/><D72/><U114/><E114/><V95/><REACH who="2" step="1"/><F80/><REACH who="2" ten="240,250,240,250" step="2"/><W55/><G83/><T107/><D107/><U113/><E113/><V100/><F100/><W52/><G82/><T132/><D132/><U26/><E131/><V62/><F62/><AGARI ba="0,2" hai="6,8,13,19,21,24,54,58,59,60,62,65,102,103" machi="62" ten="30,11600,0" yaku="1,1,7,1,8,1,53,1" doraHai="28" doraHaiUra="16" who="0" fromWho="2" sc="240,136,250,0,240,-116,250,0" /><INIT seed="0,1,0,2,4,74" ten="376,250,124,250" oya="0" hai0="78,6,113,77,133,135,57,71,29,90,68,107,16" hai1="79,134,121,76,87,86,66,89,56,102,40,69,18" hai2="60,70,9,88,111,19,83,64,36,124,32,0,46" hai3="75,61,4,92,84,110,62,12,65,80,63,23,109"/><T97/><D113/><U28/><E121/><V33/><F124/><W50/><G75/><T130/><D29/><U93/><E69/><N who="0" m="26697" /><D6/><U104/><E134/><N who="0" m="51209" /><D130/><U119/><E119/><V21/><F111/><N who="3" m="42507" /><G65/><T122/><D122/><U115/><E115/><V27/><F9/><N who="3" m="4135" /><G92/><N who="0" m="56471" /><D107/><U3/><E3/><V95/><F0/><W22/><G50/><T120/><D120/><U59/><E28/><V117/><F117/><W20/><G63/><T30/><D30/><U96/><E40/><V72/><F72/><W49/><G49/><T43/><D43/><U125/><E125/><V126/><F126/><W129/><G129/><T8/><D57/><U14/><E87/><V11/><F83/><W31/><G31/><T17/><D8/><U114/><E114/><V51/><F11/><W25/><G25/><T45/><D45/><U39/><E39/><V35/><F36/><W100/><G100/><T118/><D118/><U91/><E91/><AGARI ba="1,0" hai="20,22,23,61,62,80,84,91" m="4135,42507" machi="91" ten="30,1000,0" yaku="14,1" doraHai="74" who="3" fromWho="1" sc="376,0,250,-13,124,0,250,13" /><INIT seed="1,0,0,1,2,133" ten="376,237,124,263" oya="1" hai0="51,38,61,63,124,42,49,71,8,76,116,131,24" hai1="134,45,17,33,111,60,114,55,31,35,2,40,13" hai2="34,108,98,37,46,14,15,30,125,117,43,102,74" hai3="4,90,59,48,9,58,127,93,41,39,132,79,47"/><U16/><E114/><V36/><F117/><W68/><G132/><T99/><D76/><U20/><E134/><V129/><F108/><W77/><G68/><T1/><D24/><U29/><E2/><V32/><F74/><W3/><G127/><T81/><D99/><U109/><E55/><V112/><F129/><W106/><G106/><T97/><D8/><N who="1" m="6311" /><E60/><V19/><F112/><W104/><G104/><T91/><D38/><U18/><E18/><V123/><F123/><W85/><G58/><T26/><D63/><U22/><E22/><V5/><F5/><W80/><G59/><T28/><D1/><U86/><E86/><V12/><F37/><W118/><G118/><T96/><D51/><U83/><E83/><V65/><F65/><W103/><G39/><T7/><D49/><U84/><E84/><V107/><F19/><W50/><REACH who="3" step="1"/><G48/><REACH who="3" ten="376,237,124,253" step="2"/><T95/><D116/><U113/><E113/><V94/><F107/><W120/><G120/><T52/><D71/><U6/><E45/><V89/><F125/><W57/><G57/><T11/><D124/><U27/><E40/><V88/><REACH who="2" step="1"/><F34/><REACH who="2" ten="376,237,114,253" step="2"/><N who="1" m="12809" /><E6/><V126/><F126/><W122/><G122/><T62/><D7/><U73/><E73/><V23/><F23/><W110/><G110/><AGARI ba="0,2" hai="16,20,27,29,31,109,110,111" m="12809,6311" machi="110" ten="30,12000,1" yaku="14,1,10,1,34,2,54,1" doraHai="133" who="1" fromWho="3" sc="376,0,237,140,114,0,253,-120" /><INIT seed="1,1,0,3,0,105" ten="376,377,114,133" oya="1" hai0="79,107,100,71,40,44,69,115,75,45,114,53,20" hai1="14,90,58,61,73,135,47,10,129,3,24,21,110" hai2="36,5,113,99,48,132,39,8,57,50,12,98,128" hai3="112,17,88,2,125,97,109,0,38,68,126,92,30"/><U64/><E129/><V62/><F128/><W25/><G112/><T134/><D20/><U46/><E135/><V130/><F130/><W119/><G68/><T43/><D100/><U60/><E110/><V65/><F132/><W122/><G122/><T34/><D79/><U29/><E3/><V42/><F113/><W91/><G109/><T78/><D78/><U51/><E73/><V28/><F28/><W76/><G76/><T23/><D23/><U89/><E61/><V26/><F26/><W59/><G38/><T84/><D84/><U86/><E51/><V85/><F85/><W102/><G119/><T35/><D134/><U111/><E111/><V31/><F31/><W6/><G17/><T18/><D18/><U19/><REACH who="1" step="1"/><E90/><REACH who="1" ten="376,367,114,133" step="2"/><V13/><F39/><W94/><G91/><T123/><D115/><U63/><E63/><V93/><F36/><W117/><G0/><T1/><D1/><U67/><E67/><V27/><F50/><W124/><G88/><T74/><D114/><U82/><AGARI ba="1,1" hai="10,14,19,21,24,29,46,47,58,60,64,82,86,89" machi="82" ten="20,7800,0" yaku="1,1,0,1,7,1,8,1,53,0" doraHai="105" doraHaiUra="101" who="1" fromWho="1" sc="376,-27,367,91,114,-27,133,-27" /><INIT seed="1,2,0,2,2,113" ten="349,458,87,106" oya="1" hai0="24,45,49,65,125,81,91,42,35,29,114,78,53" hai1="67,122,75,40,115,51,62,88,12,19,50,93,58" hai2="14,26,77,76,109,103,46,89,20,60,13,4,37" hai3="83,120,82,41,25,98,101,55,34,117,129,72,36"/><U22/><E115/><V43/><F109/><W99/><G120/><T74/><D114/><U124/><E124/><V130/><F130/><W121/><G121/><T59/><D125/><U105/><E122/><V92/><F103/><W79/><G129/><T111/><D111/><U32/><E105/><V119/><F60/><W112/><G112/><T80/><D65/><U86/><E75/><V33/><F33/><W23/><G34/><T48/><D81/><U71/><E32/><V61/><F61/><W17/><G83/><T18/><D18/><U38/><REACH who="1" step="1"/><E71/><REACH who="1" ten="349,448,87,106" step="2"/><V21/><F119/><W56/><G117/><T133/><D133/><U97/><E97/><V132/><F132/><W8/><G99/><T73/><D91/><U95/><E95/><V68/><F92/><W134/><G98/><T128/><D128/><U131/><E131/><V87/><F89/><W110/><G134/><T1/><D1/><U94/><E94/><V27/><F68/><W100/><G110/><T135/><D135/><U102/><E102/><V10/><F87/><AGARI ba="2,1" hai="24,29,35,42,45,48,49,53,59,73,74,78,80,87" machi="87" ten="30,1000,0" yaku="7,1" doraHai="113" who="0" fromWho="2" sc="349,26,448,0,87,-16,106,0" /><INIT seed="2,0,0,5,0,3" ten="375,448,71,106" oya="2" hai0="48,54,33,118,70,131,89,13,59,73,119,62,133" hai1="50,123,45,108,132,80,53,105,30,79,11,85,6" hai2="93,42,24,67,25,97,19,1,82,56,87,35,81" hai3="75,44,32,36,68,111,26,55,128,14,94,122,20"/><V130/><F130/><W112/><G122/><T127/><D73/><U109/><E132/><V64/><F1/><W124/><G68/><T125/><D33/><U107/><E30/><V92/><F42/><W9/><G32/><T52/><D89/><U63/><E63/><V18/><F35/><W126/><G75/><T104/><D104/><U134/><E134/><V121/><F121/><W101/><G112/><T16/><D133/><U7/><E123/><V76/><F56/><W88/><G101/><T51/><D131/><U39/><E39/><V86/><F97/><W90/><G128/><T113/><D113/><U115/><E115/><V66/><F66/><W28/><G111/><N who="1" m="42570" /><E6/><V2/><F2/><AGARI ba="0,0" hai="2,7,11,45,50,53,79,80,85,105,107" m="42570" machi="2" ten="30,2000,0" yaku="14,1,52,1" doraHai="3" who="1" fromWho="2" sc="375,0,448,20,71,-20,106,0" /><INIT seed="3,0,0,5,5,53" ten="375,468,51,106" oya="3" hai0="115,134,47,114,67,132,128,51,27,94,64,14,90" hai1="45,133,76,101,1,40,30,56,108,92,66,43,112" hai2="34,91,82,71,52,85,21,127,4,23,6,33,48" hai3="38,72,100,60,15,54,46,37,36,35,73,93,98"/><W118/><G118/><T11/><D27/><U26/><E112/><N who="0" m="43049" /><D14/><U80/><E108/><V75/><F127/><W44/><G35/><T122/><D11/><U97/><E133/><N who="0" m="51305" /><D94/><U55/><E66/><N who="0" m="25129" /><D90/><U96/><E1/><V124/><F71/><W3/><G3/><T79/><D79/><U99/><E99/><V63/><F124/><W78/><G15/><T113/><D113/><U129/><E97/><V41/><F75/><W0/><G0/><T117/><D128/><U13/><E129/><V126/><F126/><W121/><G78/><T109/><D109/><U86/><E13/><V103/><F103/><W42/><G73/><T49/><D117/><U116/><E116/><V88/><F34/><W105/><G72/><T8/><D8/><U5/><E5/><N who="2" m="2155" /><F33/><W81/><G81/><T57/><D122/><U107/><E107/><V20/><F91/><W24/><G121/><T19/><D19/><U16/><E16/><V9/><F9/><W29/><G105/><T84/><D84/><U59/><E26/><V123/><F123/><W28/><G24/><T62/><D47/><U22/><E30/><V83/><F83/><W58/><REACH who="3" step="1"/><G46/><REACH who="3" ten="375,468,51,96" step="2"/><T31/><D31/><AGARI ba="0,1" hai="28,29,31,36,37,38,42,44,54,58,60,93,98,100" machi="31" ten="40,7700,0" yaku="1,1,2,1,52,1,53,0" doraHai="53" doraHaiUra="61" who="3" fromWho="0" sc="375,-77,468,0,51,0,96,87" /><INIT seed="3,1,0,4,1,52" ten="298,468,51,183" oya="3" hai0="30,109,81,110,64,70,65,47,97,25,68,91,19" hai1="71,0,132,8,112,22,33,29,9,5,90,120,3" hai2="96,11,50,31,92,113,105,15,21,119,44,26,126" hai3="133,80,78,18,23,127,55,86,134,24,32,82,56"/><W108/><G127/><T118/><D19/><U123/><E71/><V53/><F119/><W40/><G108/><N who="0" m="41579" /><D47/><U57/><E112/><V115/><F126/><W125/><G125/><T37/><D37/><U117/><E117/><V46/><F105/><W87/><G40/><T94/><D81/><U124/><E124/><V7/><REACH who="2" step="1"/><F46/><REACH who="2" ten="298,468,41,183" step="2"/><W14/><G32/><N who="0" m="20559" /><D118/><U66/><E33/><V51/><F51/><N who="3" m="30847" /><G134/><T116/><D116/><U39/><E132/><V104/><F104/><W20/><G133/><T83/><D70/><U10/><E39/><V41/><F41/><W62/><G62/><T130/><D68/><U6/><E123/><V79/><F79/><N who="3" m="46367" /><G24/><T34/><D34/><U107/><E120/><V35/><F35/><W49/><G49/><T42/><D42/><U100/><E107/><V72/><F72/><W27/><G27/><T54/><D130/><U69/><E69/><V73/><F73/><W122/><G122/><T111/><D111/><U36/><E36/><V2/><F2/><W114/><G114/><T1/><D1/><U67/><E0/><V99/><F99/><W95/><G95/><T88/><D94/><U63/><E3/><V13/><F13/><W59/><G59/><T131/><D131/><U76/><E57/><V4/><F4/><W12/><G12/><T89/><D97/><U93/><E5/><V101/><AGARI ba="1,1" hai="7,11,15,21,26,31,44,50,53,92,96,101,113,115" machi="101" ten="20,2700,0" yaku="1,1,0,1,7,1,53,0" doraHai="52" doraHaiUra="85" who="2" fromWho="2" sc="298,-8,468,-8,41,40,183,-14" /><INIT seed="4,0,0,2,2,99" ten="290,460,81,169" oya="0" hai0="106,62,28,132,47,59,114,45,87,53,117,126,94" hai1="60,135,64,129,20,77,100,39,9,10,24,5,30" hai2="84,88,0,11,115,93,81,23,36,83,26,105,48" hai3="71,8,66,118,85,1,104,51,75,6,91,54,89"/><T110/><D106/><U49/><E39/><V127/><F36/><W17/><G118/><T32/><D114/><U70/><E135/><V119/><F115/><W14/><G75/><T33/><D117/><U2/><E129/><V74/><F119/><W112/><G112/><T18/><D126/><U12/><E77/><V61/><F127/><W111/><G111/><T68/><D68/><U3/><E100/><V34/><F34/><W116/><G116/><T55/><D28/><U46/><E10/><V31/><F105/><W16/><G104/><T78/><D132/><U130/><E130/><V122/><F122/><W108/><G108/><T124/><D33/><U90/><E90/><V96/><F74/><W37/><G37/><T57/><D32/><U109/><E109/><V22/><F83/><W123/><G89/><T38/><D38/><U56/><E70/><V103/><F23/><W40/><G40/><AGARI ba="0,0" hai="2,3,5,9,12,20,24,30,40,46,49,56,60,64" machi="40" ten="30,1000,0" yaku="7,1" doraHai="99" who="1" fromWho="3" sc="290,0,460,10,81,0,169,-10" /><INIT seed="5,0,0,0,4,42" ten="290,470,81,159" oya="1" hai0="88,9,58,87,17,92,11,45,19,7,114,118,121" hai1="112,55,22,67,59,83,95,31,56,16,43,77,96" hai2="123,108,8,75,21,74,34,79,46,78,70,73,13" hai3="44,0,49,52,129,99,37,40,4,113,116,38,81"/><U27/><E112/><V93/><F123/><W85/><G113/><T106/><D106/><U72/><E43/><V36/><F108/><W62/><G129/><T89/><D118/><U39/><E39/><V86/><F34/><W98/><G116/><T54/><D121/><U28/><E59/><V69/><F21/><W80/><G80/><T103/><D103/><U35/><E67/><V29/><F29/><W26/><G26/><T12/><D114/><U124/><E124/><V51/><F36/><W127/><G127/><T61/><D11/><U128/><E128/><V47/><F93/><W6/><G62/><T97/><REACH who="0" step="1"/><D45/><REACH who="0" ten="280,470,81,159" step="2"/><U111/><E111/><V14/><F8/><W60/><G38/><T125/><D125/><U5/><E35/><V41/><F75/><W25/><G37/><T30/><D30/><U76/><E31/><V104/><F104/><W110/><G110/><T63/><D63/><U119/><E28/><V84/><REACH who="2" step="1"/><F51/><REACH who="2" ten="280,470,71,159" step="2"/><W101/><G49/><T1/><D1/><U71/><E72/><V102/><F102/><W23/><G0/><T68/><D68/><U130/><E71/><V57/><F57/><W20/><G101/><T48/><D48/><U10/><E56/><V65/><F65/><W109/><G109/><T100/><D100/><U50/><E50/><V15/><F15/><W32/><G32/><T3/><D3/><U90/><E119/><V64/><F64/><W131/><G131/><T117/><D117/><U18/><E130/><V105/><F105/><W53/><G23/><T82/><AGARI ba="0,2" hai="7,9,12,17,19,54,58,61,82,87,88,89,92,97" machi="82" ten="20,12000,2" yaku="1,1,0,1,7,1,8,1,54,1,53,1" doraHai="42" doraHaiUra="94" who="0" fromWho="0" sc="280,140,470,-60,71,-30,159,-30" /><INIT seed="6,0,0,5,3,60" ten="420,410,41,129" oya="2" hai0="90,27,67,81,126,9,135,97,28,109,48,116,47" hai1="71,13,123,6,1,32,85,57,40,29,98,105,133" hai2="82,118,50,22,78,106,16,58,104,110,83,86,30" hai3="26,112,14,23,55,51,37,88,65,70,111,35,100"/><V124/><F118/><W93/><G111/><T95/><D109/><U119/><E119/><V130/><F130/><W108/><G108/><T121/><D121/><U34/><E133/><V73/><F110/><W44/><G112/><T125/><D116/><U102/><E123/><V31/><F124/><N who="0" m="47722" /><D67/><U3/><E40/><V39/><F39/><W68/><G37/><T12/><D81/><U24/><E34/><V96/><F106/><W4/><G35/><T122/><D122/><U87/><E57/><V64/><F96/><W38/><G38/><T80/><D80/><U74/><E74/><V0/><F104/><W115/><G100/><T63/><D63/><U69/><E13/><V18/><F0/><W128/><G65/><T56/><D56/><U42/><E42/><V89/><F18/><W17/><G115/><T114/><D135/><U53/><E53/><V41/><F41/><W5/><G128/><T20/><D114/><U45/><E45/><V19/><F19/><W7/><REACH who="3" step="1"/><G26/><REACH who="3" ten="420,410,41,119" step="2"/><T76/><D27/><U72/><E24/><V52/><REACH who="2" step="1"/><F64/><REACH who="2" ten="420,410,31,119" step="2"/><W117/><G117/><T21/><D97/><AGARI ba="0,2" hai="4,5,7,14,17,23,44,51,55,68,70,88,93,97" machi="97" ten="40,2600,0" yaku="1,1,54,1,53,0" doraHai="60" doraHaiUra="62" who="3" fromWho="0" sc="420,-26,410,0,31,0,119,46" /><INIT seed="7,0,0,5,4,68" ten="394,410,31,165" oya="3" hai0="134,106,17,105,18,95,113,64,94,109,132,32,9" hai1="80,48,59,74,102,76,91,86,33,130,120,108,36" hai2="115,42,19,87,96,66,16,124,11,4,83,114,10" hai3="81,84,22,85,69,23,50,128,47,129,13,77,71"/><W122/><G122/><T119/><D32/><U89/><E108/><V58/><F96/><W40/><G71/><T126/><D109/><U67/><E120/><V24/><F42/><W61/><G84/><T14/><D64/><U54/><E36/><V88/><F124/><W92/><G92/><N who="0" m="35371" /><D119/><U110/><E110/><V123/><F123/><W3/><G3/><T28/><D28/><U8/><E33/><V117/><F117/><W52/><G40/><T1/><D1/><U62/><E130/><N who="3" m="50282" /><G13/><N who="0" m="7343" /><D113/><U55/><E102/><V5/><F66/><AGARI ba="0,0" hai="22,23,47,50,52,61,66,69,77,81,85" m="50282" machi="66" ten="30,2900,0" yaku="19,1,54,1" doraHai="68" who="3" fromWho="2" sc="394,0,410,0,31,-29,165,29" /><INIT seed="7,1,0,5,1,125" ten="394,410,2,194" oya="3" hai0="88,69,108,126,78,53,47,76,66,14,120,39,20" hai1="26,89,64,97,48,24,34,8,13,23,19,112,128" hai2="21,115,91,85,3,18,33,46,70,62,6,119,87" hai3="35,84,51,61,40,28,41,29,68,102,2,127,106"/><W5/><G127/><T11/><D126/><U92/><E128/><V82/><F87/><W110/><G84/><T75/><D108/><U74/><E112/><V55/><F119/><W98/><G29/><T80/><D120/><U107/><E74/><V54/><F115/><W30/><G30/><T113/><D113/><U44/><E34/><V118/><F118/><W60/><G61/><T95/><D69/><U129/><E129/><V72/><F72/><W94/><G94/><T104/><D104/><U31/><E107/><V4/><F33/><W57/><G110/><T111/><D111/><U86/><E64/><V45/><F3/><W81/><G81/><T135/><D135/><U133/><E133/><V105/><F105/><W43/><G5/><N who="2" m="2153" /><F70/><W1/><G51/><N who="0" m="28927" /><D39/><U7/><E86/><V12/><F55/><W63/><G63/><T109/><D109/><U134/><E134/><V0/><F0/><W132/><G57/><AGARI ba="1,0" hai="12,18,21,45,46,54,57,62,82,85,91" m="2153" machi="57" ten="30,1000,0" yaku="8,1" doraHai="125" who="2" fromWho="3" sc="394,0,410,0,2,13,194,-13" owari="394,19.0,410,51.0,15,-48.0,181,-22.0" /></mjloggm>