<mjloggm ver="2.3"><GO type="41" lobby="0"/><UN n0="%E3%81%99%E3%82%93%E3%81%9F%E3%81%BE" n1="%74%61%6E%69%6B%79%61" n2="%E2%93%9D%53%75%70%68%78" n3="%E3%81%A8%E3%82%8A%E3%82%84%E3%81%BE%E3%81%A8%E3%82%8A%E3%81%8A" dan="13,15,18,14" rate="1831.35,2017.90,2129.23,1848.60" sx="F,M,M,M"/><TAIKYOKU oya="0"/><INIT seed="0,0,0,2,4,106" ten="250,250,250,250" oya="0" hai0="38,96,121,126,95,116,131,90,63,49,80,45,51" hai1="40,22,23,73,119,1,103,100,71,42,25,94,19" hai2="67,24,16,115,10,69,64,118,33,81,60,62,46" hai3="124,8,37,125,84,98,112,31,99,97,70,4,52"/><T82/><D121/><U35/><E119/><V110/><F115/><W9/><G70/><T134/><D116/><U123/><E123/><V3/><F118/><W102/><G37/><T89/><D126/><N who="3" m="48745" /><G31/><T133/><D131/><U65/><E1/><V57/><F110/><W87/><G102/><T20/><D63/><U120/><E120/><V66/><F46/><W128/><G112/><T91/><D38/><U132/><E35/><V34/><F67/><W21/><G21/><T26/><D133/><U59/><E132/><V85/><F3/><W105/><G105/><T76/><D134/><U48/><E73/><V53/><F66/><W117/><G128/><T101/><D76/><U61/><E71/><V54/><F54/><W83/><G83/><T127/><D127/><U108/><E108/><V129/><F129/><W135/><G117/><T39/><D39/><U68/><E103/><V7/><F7/><W88/><G135/><T5/><D5/><U44/><E68/><V32/><F24/><W47/><G4/><T113/><D113/><U122/><E122/><V74/><F34/><W111/><G111/><T14/><D14/><U56/><E23/><V27/><F27/><W2/><G2/><T43/><REACH who="0" step="1"/><D51/><REACH who="0" ten="240,250,250,250" step="2"/><U15/><E15/><N who="2" m="7287" /><F62/><W6/><G6/><T50/><D50/><U17/><E48/><N who="2" m="30887" /><F69/><W77/><G77/><T11/><D11/><U12/><E12/><V92/><F60/><W30/><G8/><T104/><D104/><U0/><E61/><V36/><F36/><W109/><G9/><T107/><D107/><U55/><E0/><V79/><F64/><RYUUKYOKU ba="0,1" sc="240,15,250,-15,250,15,250,-15" hai0="20,26,43,45,49,80,82,89,90,91,95,96,101" hai2="32,33,74,79,81,85,92" /><INIT seed="0,1,1,2,2,30" ten="255,235,265,235" oya="0" hai0="16,64,17,27,45,42,100,78,106,119,58,81,0" hai1="103,50,33,96,109,115,35,10,32,72,9,88,49" hai2="126,127,111,99,23,108,91,44,48,114,95,14,63" hai3="60,124,53,25,85,87,93,110,73,47,5,51,29"/><T135/><D119/><U94/><E72/><V57/><F114/><W104/><G73/><T61/><D0/><U92/><E115/><V70/><F23/><W107/><G124/><N who="2" m="47657" /><F14/><W98/><G110/><N who="2" m="42025" /><F70/><W38/><G5/><T19/><D100/><U2/><E109/><V76/><F76/><W79/><G38/><T128/><D106/><U54/><E2/><V21/><F21/><W55/><G79/><T74/><D128/><U125/><E125/><V56/><F63/><W80/><G80/><T36/><REACH who="0" step="1"/><D135/><REACH who="0" ten="245,235,265,235" step="2"/><U131/><E131/><V15/><F15/><W68/><G104/><T1/><D1/><U84/><REACH who="1" step="1"/><E50/><REACH who="1" ten="245,225,265,235" step="2"/><V39/><F39/><W4/><G51/><T86/><D86/><U43/><E43/><AGARI ba="1,3" hai="43,44,48,56,57,91,95,99" m="42025,47657" machi="43" ten="30,2000,0" yaku="18,1,14,1" doraHai="30" who="2" fromWho="1" sc="245,0,225,-23,265,53,235,0" /><INIT seed="1,0,0,3,3,25" ten="245,202,318,235" oya="1" hai0="66,120,89,109,100,79,73,121,87,118,42,49,20" hai1="45,114,63,57,112,119,38,65,76,64,117,14,62" hai2="134,82,83,59,123,70,103,129,17,56,19,29,113" hai3="108,43,13,81,98,130,31,24,75,72,80,54,23"/><U39/><E76/><V115/><F123/><N who="0" m="47178" /><D118/><U68/><E14/><V41/><F103/><W111/><G130/><T106/><D109/><N who="3" m="42057" /><G43/><T51/><D66/><U131/><E68/><V124/><F124/><W132/><G132/><T37/><D20/><U9/><E9/><V5/><F41/><W67/><G67/><T78/><D106/><U40/><E131/><V27/><F5/><W4/><G98/><T135/><D100/><U1/><E1/><V104/><F104/><W86/><G54/><T11/><D11/><U6/><E6/><V74/><F134/><W90/><G80/><T116/><D116/><N who="1" m="44619" /><E38/><V71/><F129/><W7/><G13/><T99/><D99/><U91/><E91/><V53/><F71/><W97/><G97/><T105/><D105/><U2/><E2/><V35/><F70/><W128/><G128/><T122/><D135/><U8/><E8/><V127/><F127/><W0/><G0/><T21/><D21/><U32/><E32/><V22/><F35/><W46/><G46/><N who="0" m="23887" /><D73/><AGARI ba="0,0" hai="4,7,23,24,31,72,73,75,81,86,90" m="42057" machi="73" ten="30,2000,0" yaku="14,1,52,1" doraHai="25" who="3" fromWho="0" sc="245,-20,202,0,318,0,235,20" /><INIT seed="2,0,0,2,2,121" ten="225,202,318,255" oya="2" hai0="67,134,45,70,61,42,88,84,69,48,1,19,129" hai1="132,118,10,24,92,64,76,26,124,60,95,29,58" hai2="11,36,17,113,114,71,35,12,9,49,82,90,122" hai3="66,131,108,85,4,77,68,62,2,97,128,87,96"/><V104/><F122/><W21/><G4/><T83/><D129/><U52/><E118/><V72/><F71/><W40/><G40/><T51/><D134/><U56/><E132/><V55/><F104/><W80/><G2/><T78/><D1/><U28/><E124/><V54/><F35/><W106/><G108/><T98/><D70/><U101/><E76/><V111/><F55/><W22/><G106/><T133/><D133/><U73/><E73/><V44/><F36/><W103/><G87/><T75/><D19/><U135/><E135/><V130/><F130/><N who="3" m="49707" /><G103/><T41/><D98/><AGARI ba="0,0" hai="21,22,62,66,68,77,80,85,96,97,98" m="49707" machi="98" ten="30,1000,0" yaku="19,1" doraHai="121" who="3" fromWho="0" sc="225,-10,202,0,318,0,255,10" /><INIT seed="3,0,0,5,2,129" ten="215,202,318,265" oya="3" hai0="59,98,61,51,90,87,0,2,105,94,57,12,113" hai1="120,41,63,131,114,96,27,47,67,104,66,50,5" hai2="35,44,30,89,93,60,64,55,103,8,123,107,18" hai3="116,16,14,73,52,91,68,56,121,49,80,42,36"/><W65/><G121/><T23/><D113/><U101/><E120/><V32/><F107/><W43/><G116/><T6/><D51/><U19/><E114/><V97/><F30/><W46/><G42/><T71/><D71/><U69/><E131/><V10/><F35/><W85/><G73/><T74/><D74/><U130/><E130/><V132/><F32/><W111/><G111/><T7/><D0/><U127/><E127/><V122/><F103/><W128/><G128/><T99/><D105/><U37/><E66/><V106/><F106/><W11/><G68/><T81/><D2/><U62/><E62/><V100/><F100/><W135/><REACH who="3" step="1"/><G65/><REACH who="3" ten="215,202,318,255" step="2"/><T79/><D6/><U3/><E37/><V34/><F64/><W77/><G77/><T33/><D33/><U31/><E3/><V72/><F34/><W119/><G119/><T25/><D79/><U22/><REACH who="1" step="1"/><E5/><REACH who="1" ten="215,192,318,255" step="2"/><V20/><F123/><W13/><G13/><T1/><D12/><U29/><AGARI ba="0,2" hai="19,22,27,29,31,41,47,50,63,67,69,96,101,104" machi="29" ten="30,4000,0" yaku="1,1,2,1,0,1,53,0" doraHai="129" doraHaiUra="118" who="1" fromWho="1" sc="215,-10,192,60,318,-10,255,-20" /><INIT seed="4,0,0,5,4,73" ten="205,252,308,235" oya="0" hai0="104,30,133,46,128,55,22,67,127,91,34,42,134" hai1="71,61,32,131,117,98,19,68,52,81,94,62,59" hai2="43,53,105,7,110,41,74,96,125,64,39,9,31" hai3="100,75,84,124,10,132,70,28,88,47,76,50,57"/><T56/><D127/><U13/><E117/><V90/><F110/><W92/><G132/><N who="0" m="50795" /><D128/><U25/><E131/><V40/><F74/><W29/><G70/><T63/><D104/><U35/><E81/><V6/><F39/><W95/><G57/><T37/><D91/><U38/><E38/><V17/><F31/><N who="3" m="11851" /><G75/><T1/><D1/><U12/><E12/><V87/><F64/><W112/><G112/><T36/><D34/><U85/><E85/><V79/><F105/><W113/><G113/><T109/><D109/><U18/><E35/><V102/><F102/><W135/><G135/><T80/><D80/><U0/><E0/><V114/><F125/><W15/><G124/><T48/><D22/><U72/><E72/><V106/><F106/><W2/><G2/><T3/><D30/><U126/><E62/><V129/><F114/><W14/><G100/><T23/><D23/><N who="1" m="13559" /><E32/><V116/><F129/><W21/><G21/><T51/><D3/><U69/><E126/><V93/><F116/><W97/><G10/><T66/><D66/><U108/><E69/><AGARI ba="0,0" hai="36,37,42,46,48,51,55,56,63,67,69" m="50795" machi="69" ten="30,5800,0" yaku="20,1,34,2" doraHai="73" who="0" fromWho="1" sc="205,58,252,-58,308,0,235,0" /><INIT seed="4,1,0,2,1,121" ten="263,194,308,235" oya="0" hai0="48,79,67,33,112,8,14,53,110,108,81,63,31" hai1="115,118,117,104,131,103,47,78,97,85,68,21,23" hai2="1,126,26,13,0,83,42,58,5,80,133,46,123" hai3="116,38,100,107,113,74,15,106,127,75,90,87,105"/><T9/><D112/><U32/><E32/><V19/><F123/><W59/><G38/><T25/><D14/><U120/><E68/><V122/><F133/><W52/><G116/><T114/><D114/><U82/><E115/><V92/><F126/><W18/><G127/><T95/><D95/><U65/><E120/><V36/><F122/><W93/><G100/><T132/><D132/><U57/><E131/><V28/><F58/><W109/><G109/><T101/><D101/><U134/><E134/><V99/><F5/><W119/><G119/><T29/><D29/><U124/><E124/><V125/><F125/><W4/><G4/><T34/><D34/><U45/><E118/><V61/><F61/><W88/><G90/><T30/><D30/><U76/><E76/><V98/><F98/><W7/><G7/><T27/><D27/><U49/><E117/><V102/><F1/><W69/><G69/><T84/><D63/><U135/><E135/><V71/><F0/><W41/><G41/><T17/><D17/><U129/><E129/><V12/><F71/><W16/><G113/><T55/><D67/><U54/><REACH who="1" step="1"/><E65/><REACH who="1" ten="263,184,308,235" step="2"/><V44/><F28/><W66/><G66/><T111/><D53/><U73/><E73/><V60/><F42/><W56/><G75/><T91/><D79/><U24/><E24/><V89/><F26/><W94/><G74/><T70/><D70/><U10/><E10/><V20/><F20/><AGARI ba="1,1" hai="20,21,23,45,47,49,54,57,78,82,85,97,103,104" machi="20" ten="40,1300,0" yaku="1,1,53,0" doraHai="121" doraHaiUra="64" who="1" fromWho="2" sc="263,0,184,26,308,-16,235,0" /><INIT seed="5,0,0,1,1,10" ten="263,210,292,235" oya="1" hai0="67,58,132,46,56,63,18,129,60,33,24,25,62" hai1="81,114,112,122,115,82,77,44,94,130,104,37,15" hai2="110,41,39,17,65,116,74,83,11,92,75,124,50" hai3="29,64,126,113,2,21,5,40,31,1,14,100,38"/><U118/><E118/><V70/><F110/><W135/><G113/><T28/><D129/><U103/><E122/><V76/><F124/><W80/><G100/><T97/><D132/><U43/><E130/><V72/><F50/><W91/><G126/><T79/><D79/><U108/><E108/><V0/><F92/><W71/><G135/><T106/><D46/><U66/><E104/><V134/><F17/><W55/><G64/><T35/><D67/><U54/><E66/><V7/><F116/><W69/><G55/><T105/><D97/><U6/><E54/><V45/><REACH who="2" step="1"/><F134/><REACH who="2" ten="263,210,282,235" step="2"/><W85/><G38/><T133/><D18/><U99/><REACH who="1" step="1"/><E77/><REACH who="1" ten="263,200,282,235" step="2"/><V68/><F68/><W32/><G71/><T119/><D133/><U127/><E127/><V125/><F125/><W131/><G69/><T87/><D119/><U53/><E53/><V120/><F120/><W84/><G131/><T86/><D105/><U88/><E88/><V96/><F96/><W52/><G52/><T78/><D106/><U20/><E20/><V3/><F3/><W101/><G2/><T9/><D78/><U30/><E30/><V98/><F98/><W42/><G1/><T34/><D33/><U27/><E27/><V8/><F8/><AGARI ba="0,2" hai="6,8,15,37,43,44,81,82,94,99,103,112,114,115" machi="8" ten="40,12000,1" yaku="1,1,15,1,52,1,53,1" doraHai="10" doraHaiUra="93" who="1" fromWho="2" sc="263,0,200,140,282,-120,235,0" /><INIT seed="5,1,0,3,1,17" ten="263,340,162,235" oya="1" hai0="91,121,15,79,11,4,68,128,21,23,78,92,116" hai1="101,102,35,0,12,110,125,87,19,6,2,86,85" hai2="72,36,31,135,47,75,66,32,123,103,63,119,111" hai3="25,53,64,129,115,93,100,13,9,22,109,41,98"/><U80/><E35/><V90/><F123/><W40/><G109/><T14/><D116/><U5/><E110/><V55/><F119/><W131/><G115/><T112/><D68/><U57/><E125/><V10/><F111/><W108/><G108/><T52/><D112/><U28/><E28/><V105/><F90/><W118/><G118/><T70/><D70/><U26/><E26/><V97/><F10/><W82/><G82/><T107/><D107/><U76/><E57/><V51/><F36/><W45/><G64/><T88/><D128/><U104/><E2/><V124/><F135/><W69/><G69/><T48/><D15/><U24/><E24/><V122/><F122/><W65/><G65/><T73/><D73/><U49/><E49/><V117/><F124/><W106/><G106/><T8/><D8/><U62/><E62/><V96/><F96/><W46/><G53/><T133/><D133/><U3/><E3/><V126/><F126/><W83/><G83/><T37/><D91/><U67/><E67/><V61/><F117/><W50/><G45/><N who="0" m="27663" /><D37/><U43/><E43/><V16/><F66/><W29/><REACH who="3" step="1"/><G41/><REACH who="3" ten="263,340,162,225" step="2"/><T130/><D121/><U94/><E104/><V132/><F132/><W56/><G56/><T7/><D130/><U44/><E44/><V113/><F113/><W1/><G1/><T33/><D4/><AGARI ba="1,1" hai="4,9,13,22,25,29,40,46,50,93,98,100,129,131" machi="4" ten="40,5200,0" yaku="1,1,52,1,53,1" doraHai="17" doraHaiUra="38" who="3" fromWho="0" sc="263,-55,340,0,162,0,225,65" /><INIT seed="6,0,0,1,0,79" ten="208,340,162,290" oya="2" hai0="108,118,37,49,85,135,27,110,19,44,52,48,50" hai1="29,98,11,10,42,61,91,25,77,24,129,31,36" hai2="123,80,54,41,124,57,62,120,4,2,117,105,6" hai3="38,112,14,102,125,133,3,99,39,114,13,97,116"/><V84/><F117/><W90/><G116/><T78/><D135/><U86/><E129/><V68/><F105/><W9/><G3/><T23/><D118/><U12/><E36/><V101/><F101/><W74/><G74/><T46/><D37/><N who="3" m="13833" /><G125/><T94/><D110/><U43/><E61/><V115/><F124/><W131/><G131/><T15/><D108/><U30/><E77/><V93/><F115/><N who="3" m="44075" /><G133/><T81/><D94/><U7/><E98/><V51/><F93/><N who="3" m="56503" /><G9/><N who="0" m="6639" /><D44/><U113/><E113/><V26/><F2/><W104/><AGARI ba="0,0" hai="13,14,99,102,104" m="56503,44075,13833" machi="104" ten="30,2000,0" yaku="15,1,11,1" doraHai="79" who="3" fromWho="3" sc="208,-5,340,-5,162,-10,290,20" /><INIT seed="7,0,0,5,3,23" ten="203,335,152,310" oya="3" hai0="22,135,80,16,31,115,106,29,130,105,44,127,0" hai1="99,7,4,8,69,78,93,126,133,63,62,42,46" hai2="17,76,27,88,95,38,43,128,45,5,30,25,114" hai3="48,67,59,54,119,117,112,107,37,1,28,70,108"/><W71/><G107/><T12/><D0/><U11/><E126/><V56/><F114/><W81/><G1/><T73/><D127/><U121/><E121/><V122/><F128/><W101/><G101/><T116/><D116/><U120/><E120/><V103/><F122/><W123/><G123/><T19/><D130/><U50/><E133/><V109/><F109/><W75/><G28/><T21/><D135/><U82/><E8/><V104/><F76/><W52/><G108/><T97/><D115/><U87/><E69/><N who="3" m="26122" /><G75/><T132/><D44/><U94/><E94/><V9/><F17/><W14/><G14/><T55/><D55/><U34/><E34/><V40/><F40/><W118/><G81/><T10/><D10/><U6/><E11/><V90/><F104/><W124/><G112/><T83/><D132/><U72/><E72/><V125/><F125/><W98/><G98/><T18/><D18/><U57/><E57/><V36/><F36/><W84/><G84/><T15/><REACH who="0" step="1"/><D97/><REACH who="0" ten="193,335,152,310" step="2"/><U24/><E24/><N who="2" m="9291" /><F30/><W2/><G124/><T64/><D64/><U47/><E47/><V51/><F38/><W113/><G113/><T102/><D102/><AGARI ba="0,1" hai="4,6,7,42,46,50,62,63,78,82,87,93,99,102" machi="102" ten="40,1300,0" yaku="8,1" doraHai="23" who="1" fromWho="0" sc="193,-13,335,23,152,0,310,0" owari="180,-22.0,358,46.0,152,-35.0,310,11.0" /></mjloggm>