<mjloggm ver="2.3"><GO type="41" lobby="0"/><UN n0="%E3%81%9F%E3%81%8C%E3%81%97%E3%82%89%E3%81%BF%E3%81%BB" n1="%E3%81%A9%E3%82%89%E3%81%84%E3%81%8B%E3%82%8C%E3%83%BC" n2="%E3%81%95%E3%81%8F%E3%82%92" n3="%E2%93%9D%53%75%70%68%78" dan="16,14,15,18" rate="2040.12,1936.99,1979.00,2168.38" sx="M,M,M,M"/><TAIKYOKU oya="0"/><INIT seed="0,0,0,1,1,0" ten="250,250,250,250" oya="0" hai0="98,133,117,37,119,120,116,83,28,12,36,105,134" hai1="112,59,55,73,89,124,46,4,35,111,66,77,24" hai2="130,94,56,10,84,135,103,39,70,95,61,122,104" hai3="76,65,52,5,43,48,8,100,30,68,118,128,121"/><T32/><D12/><U54/><E111/><V114/><F39/><N who="0" m="14922" /><D83/><U25/><E124/><V115/><F70/><W17/><G128/><T113/><D98/><U14/><E66/><V9/><F104/><W88/><G118/><T93/><D93/><U106/><E106/><V87/><F130/><W3/><G76/><T21/><D21/><U41/><E35/><V7/><F122/><W86/><G43/><T127/><D105/><U126/><E126/><V22/><F22/><W96/><G30/><T29/><D120/><U11/><E112/><V63/><F56/><W27/><G121/><T78/><D78/><U99/><E77/><V107/><F107/><W74/><G74/><T50/><D127/><U58/><E73/><V79/><F79/><W102/><G96/><T53/><D113/><U131/><E131/><V67/><F67/><W42/><G42/><T16/><D32/><U20/><E25/><V62/><F62/><W60/><G17/><T80/><D16/><N who="1" m="12295" /><E89/><V129/><F129/><W19/><G19/><T110/><D110/><U91/><E91/><V26/><F26/><W18/><G18/><T47/><D80/><U49/><E99/><V6/><REACH who="2" step="1"/><F135/><AGARI ba="0,0" hai="28,29,47,50,53,116,117,119,133,134,135" m="14922" machi="135" ten="40,2000,0" yaku="20,1" doraHai="0" who="0" fromWho="2" sc="250,20,250,0,250,-20,250,0" /><INIT seed="0,1,0,3,2,29" ten="270,250,230,250" oya="0" hai0="66,75,67,113,45,91,46,95,68,127,73,94,3" hai1="131,109,0,34,104,117,82,59,2,25,9,130,76" hai2="106,31,64,89,7,96,77,50,33,90,15,30,100" hai3="19,37,115,56,103,52,65,128,21,78,54,114,107"/><T134/><D3/><U47/><E117/><V44/><F77/><W24/><G37/><T119/><D119/><U99/><E109/><V83/><F64/><W93/><G107/><T35/><D127/><U105/><E47/><V10/><F83/><W12/><G128/><N who="1" m="49194" /><E59/><V51/><F51/><W14/><G78/><T5/><D134/><U108/><E108/><V62/><F62/><N who="3" m="38087" /><G115/><T57/><D57/><U4/><E99/><V32/><F30/><W41/><G41/><T27/><D113/><U124/><E0/><V18/><F7/><W16/><G114/><T70/><D5/><U120/><E120/><V28/><F31/><W55/><G19/><T97/><D97/><AGARI ba="1,0" hai="12,14,16,21,24,52,54,55,93,97,103" m="38087" machi="97" ten="30,3900,0" yaku="8,1,54,2" doraHai="29" who="3" fromWho="0" sc="270,-42,250,0,230,0,250,42" /><INIT seed="1,0,0,0,0,38" ten="228,250,230,292" oya="1" hai0="45,114,89,122,128,83,35,23,59,15,36,56,21" hai1="69,42,111,93,33,97,32,82,85,75,44,8,25" hai2="106,41,101,126,11,12,70,49,120,123,117,53,92" hai3="60,66,72,13,105,20,118,86,94,3,51,98,24"/><U10/><E69/><V63/><F106/><W84/><G72/><T61/><D114/><U47/><E75/><V96/><F117/><W76/><G3/><T30/><D128/><U109/><E47/><V58/><F126/><W2/><G2/><T27/><D122/><U68/><E68/><V90/><F101/><W31/><G105/><T52/><D15/><U26/><E26/><V62/><F62/><W64/><G76/><T103/><D103/><U50/><E25/><V87/><F96/><W73/><G73/><T135/><D135/><U113/><E113/><V102/><F102/><W125/><G125/><T91/><D59/><U19/><E8/><V112/><F112/><W121/><G121/><T78/><D23/><U80/><E19/><V67/><REACH who="2" step="1"/><F41/><REACH who="2" ten="228,250,220,292" step="2"/><W9/><G60/><T81/><D35/><U0/><E33/><V110/><F110/><N who="1" m="41993" /><E32/><V6/><AGARI ba="0,1" hai="6,11,12,49,53,58,63,67,70,87,90,92,120,123" machi="6" ten="20,2700,0" yaku="1,1,0,1,7,1,53,0" doraHai="38" doraHaiUra="16" who="2" fromWho="2" sc="228,-7,250,-13,220,37,292,-7" /><INIT seed="2,0,0,4,2,2" ten="221,237,257,285" oya="2" hai0="128,15,83,39,76,38,65,102,110,72,35,61,84" hai1="108,43,86,127,53,82,36,100,98,44,68,91,121" hai2="78,116,58,18,8,67,97,41,109,132,30,73,45" hai3="1,69,34,89,21,48,23,117,26,111,0,114,49"/><V133/><F116/><W16/><G117/><T63/><D110/><U17/><E108/><V4/><F30/><W123/><G111/><T106/><D128/><U24/><E127/><V25/><F97/><W47/><G69/><T42/><D35/><U22/><E68/><V3/><F109/><W88/><G34/><T32/><D32/><U79/><E53/><V10/><F25/><W120/><G47/><T29/><D29/><U80/><E121/><V77/><F10/><W104/><G26/><T103/><D63/><U50/><E36/><N who="2" m="21671" /><F18/><W46/><G46/><T129/><D42/><U64/><E64/><V5/><F5/><W119/><G119/><T9/><D72/><U87/><E82/><N who="2" m="45359" /><F78/><W105/><REACH who="3" step="1"/><G16/><REACH who="3" ten="221,237,257,275" step="2"/><T131/><D129/><U112/><E112/><AGARI ba="0,1" hai="0,1,21,23,48,49,88,89,104,105,112,114,120,123" machi="112" ten="25,8000,1" yaku="1,1,2,1,22,2,54,1,53,0" doraHai="2" doraHaiUra="99" who="3" fromWho="1" sc="221,0,237,-80,257,0,275,90" /><INIT seed="3,0,0,3,4,41" ten="221,157,257,365" oya="3" hai0="86,117,65,87,1,73,132,130,120,106,114,72,58" hai1="31,12,75,36,133,77,56,123,29,6,110,82,118" hai2="94,13,5,27,108,131,66,54,8,15,49,7,46" hai3="57,28,43,70,2,0,84,39,68,116,60,51,59"/><W122/><G28/><T97/><D58/><U96/><E110/><V88/><F108/><W24/><G24/><T99/><D65/><U98/><E123/><V21/><F131/><W74/><G84/><T126/><D1/><U35/><E36/><V89/><F66/><W18/><G18/><T128/><D120/><U16/><E133/><V124/><F124/><W47/><G2/><T4/><D4/><U45/><E118/><V93/><F93/><W53/><G74/><N who="0" m="28779" /><D117/><U81/><E81/><V104/><F104/><W119/><G0/><T78/><D132/><U9/><E56/><V113/><F113/><W30/><G30/><T50/><D50/><U69/><E69/><N who="3" m="26730" /><G122/><T80/><D126/><U67/><E67/><AGARI ba="0,0" hai="39,43,47,51,53,57,59,60,67,116,119" m="26730" machi="67" ten="30,5800,0" yaku="34,2,52,1" doraHai="41" who="3" fromWho="1" sc="221,0,157,-58,257,0,365,58" /><INIT seed="3,1,0,2,4,106" ten="221,99,257,423" oya="3" hai0="107,121,39,68,49,55,115,127,18,15,48,38,97" hai1="37,57,76,45,117,10,120,130,77,69,103,16,131" hai2="118,108,13,44,112,72,78,51,19,96,32,79,123" hai3="62,25,65,75,50,129,92,93,128,30,36,0,5"/><W134/><G50/><T33/><D121/><U84/><E120/><V132/><F32/><W28/><G36/><T70/><D33/><U105/><E69/><V101/><F112/><W80/><G5/><T116/><D116/><U53/><E117/><V41/><F123/><W122/><G134/><T46/><D127/><U47/><E103/><V22/><F132/><W24/><G0/><T66/><D68/><U110/><E110/><V26/><F108/><W81/><G122/><T64/><D70/><U42/><E105/><V34/><F72/><W29/><G62/><T111/><D111/><U89/><E47/><V52/><F118/><W59/><G59/><T119/><D119/><U3/><E3/><V21/><F34/><W102/><G102/><T88/><D107/><U7/><E7/><V63/><F41/><W124/><G65/><T4/><D39/><U86/><E86/><V17/><F63/><W125/><G30/><T35/><D35/><U83/><E130/><V104/><AGARI ba="1,0" hai="13,17,19,21,22,26,44,51,52,78,79,96,101,104" machi="104" ten="20,2700,0" yaku="0,1,7,1,54,1" doraHai="106" who="2" fromWho="2" sc="221,-8,99,-8,257,30,423,-14" /><INIT seed="4,0,0,0,2,111" ten="213,91,287,409" oya="0" hai0="30,82,91,68,9,118,66,127,85,53,76,61,28" hai1="58,37,88,46,79,72,96,84,2,93,101,1,115" hai2="75,4,35,109,116,126,54,108,22,47,26,33,39" hai3="19,97,100,5,44,27,94,42,43,121,20,120,3"/><T29/><D127/><U71/><E71/><V60/><F75/><W124/><G124/><T105/><D118/><U7/><E7/><V123/><F4/><W69/><G69/><T117/><D117/><U40/><E58/><V77/><F77/><W133/><G133/><T132/><D132/><U15/><E15/><V16/><F123/><N who="3" m="47179" /><G44/><T49/><D9/><AGARI ba="0,0" hai="3,5,9,19,20,27,42,43,94,97,100" m="47179" machi="9" ten="30,1000,0" yaku="13,1" doraHai="111" who="3" fromWho="0" sc="213,-10,91,0,287,0,409,10" /><INIT seed="5,0,0,2,5,73" ten="203,91,287,419" oya="1" hai0="10,110,46,81,78,5,74,97,71,109,9,68,118" hai1="57,86,134,111,98,96,80,8,116,27,66,82,85" hai2="89,0,16,39,30,55,6,34,36,94,67,117,133" hai3="28,72,29,101,127,123,7,126,26,62,130,37,106"/><U64/><E116/><V47/><F133/><W120/><G130/><T54/><D118/><U100/><E134/><V93/><F67/><W88/><G72/><T17/><D17/><U2/><E111/><V135/><F30/><W128/><G128/><T41/><D54/><U33/><E33/><V56/><F34/><W79/><G101/><T105/><D10/><U95/><E98/><V104/><F104/><W45/><G7/><T121/><D121/><U59/><E27/><V22/><F6/><W49/><G37/><T131/><D131/><U114/><E114/><V43/><F0/><W12/><G62/><T84/><D84/><U32/><E32/><V14/><F39/><W38/><G38/><T4/><D4/><U13/><E2/><V51/><F135/><W125/><G12/><T122/><D122/><U24/><E24/><V23/><F94/><W42/><G106/><T99/><D109/><U60/><E57/><V113/><F113/><W92/><G123/><T35/><D35/><U103/><E103/><V77/><F77/><W1/><G79/><T48/><D110/><U83/><REACH who="1" step="1"/><E66/><REACH who="1" ten="203,81,287,419" step="2"/><V102/><F102/><W53/><G120/><T107/><D99/><U20/><E20/><V65/><F65/><W40/><G1/><T15/><D105/><U76/><E76/><V52/><F23/><N who="3" m="15455" /><G29/><T25/><D25/><U11/><E11/><V108/><F108/><W50/><G127/><T91/><D107/><U31/><E31/><V124/><F124/><W70/><G126/><T69/><D97/><U63/><E63/><V87/><F117/><W44/><G125/><RYUUKYOKU ba="0,1" sc="203,10,81,10,287,10,419,-30" hai0="5,9,15,41,46,48,68,69,71,74,78,81,91" hai1="8,13,59,60,64,80,82,83,85,86,95,96,100" hai2="14,16,22,36,43,47,51,52,55,56,87,89,93" /><INIT seed="5,1,1,0,3,78" ten="213,91,297,389" oya="1" hai0="114,118,14,72,20,117,39,24,98,42,2,121,73" hai1="40,52,100,79,89,106,0,15,26,82,5,66,51" hai2="99,76,29,11,88,87,124,18,48,17,46,33,81" hai3="129,101,128,23,131,28,115,59,65,112,83,127,95"/><U105/><E0/><V35/><F124/><W111/><G111/><T21/><D2/><U94/><E66/><V84/><F99/><N who="3" m="59647" /><G127/><T71/><D71/><U8/><E40/><V56/><F56/><W123/><G123/><T22/><D24/><U19/><E100/><V57/><F57/><W50/><G83/><T122/><D98/><U38/><E38/><V53/><F29/><W44/><G23/><T30/><D30/><U92/><E19/><V134/><F134/><W41/><G28/><T16/><D114/><U10/><E26/><V43/><F43/><W37/><G50/><T86/><D86/><U132/><E10/><V90/><F76/><W113/><G59/><T63/><D63/><U49/><E132/><V91/><F91/><W4/><G4/><T6/><D6/><U47/><E51/><V12/><F18/><W55/><G55/><T32/><D32/><U93/><REACH who="1" step="1"/><E89/><REACH who="1" ten="213,81,297,389" step="2"/><V107/><F107/><W75/><G65/><T54/><D54/><U64/><E64/><V77/><F90/><W67/><G67/><T97/><D42/><U27/><E27/><V110/><REACH who="2" step="1"/><F110/><REACH who="2" ten="213,81,287,389" step="2"/><W126/><G126/><T85/><D16/><U119/><E119/><V1/><F1/><W125/><G125/><T116/><D118/><U80/><E80/><AGARI ba="1,3" hai="11,12,17,33,35,46,48,53,77,80,81,84,87,88" machi="80" ten="30,16000,3" yaku="1,1,7,1,25,2,52,2,54,1,53,1" doraHai="78" doraHaiUra="7" who="2" fromWho="1" sc="213,0,81,-163,287,193,389,0" owari="213,-19.0,-82,-58.0,480,58.0,389,19.0" /></mjloggm>