<mjloggm ver="2.3"><GO type="41" lobby="0"/><UN n0="%59%6F%75%44%61" n1="%E3%81%BE%E3%81%93%E3%81%9F%E3%82%8D%E3%81%99" n2="%E6%9F%8A" n3="%E2%93%9D%53%75%70%68%78" dan="15,15,14,18" rate="1961.34,1965.10,1940.63,2089.55" sx="M,M,M,M"/><TAIKYOKU oya="0"/><INIT seed="0,0,0,2,2,15" ten="250,250,250,250" oya="0" hai0="103,58,83,38,130,42,77,20,135,75,127,67,115" hai1="59,62,88,118,10,128,12,91,93,1,19,45,53" hai2="120,65,11,78,52,106,25,69,14,94,89,37,31" hai3="32,22,104,21,100,54,16,74,84,111,87,6,97"/><T99/><D115/><U13/><E118/><V41/><F106/><W29/><G74/><T27/><D127/><U125/><E1/><V114/><F114/><W96/><G32/><T101/><D135/><U98/><E125/><V112/><F112/><W61/><G111/><T119/><D119/><U81/><E128/><V102/><F102/><W109/><G6/><T85/><D130/><U39/><E39/><V30/><F78/><W50/><G61/><T35/><D35/><U117/><E117/><V2/><F2/><W7/><G7/><T55/><D67/><U34/><E34/><V46/><F120/><W17/><G29/><T26/><D75/><U66/><E13/><V40/><F40/><W122/><G109/><T92/><D38/><U116/><E116/><V24/><F31/><W56/><G97/><T5/><D5/><U121/><E121/><V57/><F65/><W68/><G68/><T80/><D83/><U70/><E45/><V126/><F30/><W131/><G122/><T63/><D42/><U51/><REACH who="1" step="1"/><E81/><REACH who="1" ten="250,240,250,250" step="2"/><V107/><F126/><W132/><G131/><T123/><D123/><U23/><E23/><V95/><F25/><W48/><G132/><T129/><D129/><U82/><E82/><V73/><F24/><N who="0" m="9258" /><D20/><U113/><E113/><V28/><F37/><W49/><G22/><T44/><D44/><U110/><E110/><V86/><F46/><W72/><G21/><T108/><D108/><U18/><E18/><N who="3" m="7274" /><G72/><T9/><D9/><U133/><E133/><V79/><F73/><W105/><G105/><T124/><D124/><U0/><E0/><RYUUKYOKU ba="0,1" sc="250,10,240,10,250,-30,250,10" hai0="55,58,63,77,80,85,92,99,101,103" hai1="10,12,19,51,53,59,62,66,70,88,91,93,98" hai3="48,49,50,54,56,84,87,96,100,104" /><INIT seed="0,1,1,1,3,73" ten="260,250,220,260" oya="0" hai0="17,27,5,59,89,33,120,16,104,61,118,15,90" hai1="114,14,21,111,57,115,32,116,54,117,28,64,119" hai2="39,105,124,1,30,44,107,133,94,102,46,112,45" hai3="36,68,88,84,132,18,70,78,85,93,63,53,56"/><T62/><D118/><U4/><E64/><V11/><F39/><W76/><G36/><T55/><D120/><U86/><E111/><V91/><F112/><N who="1" m="43049" /><E86/><V49/><F133/><W108/><G108/><T106/><D5/><U51/><E32/><V135/><F124/><W26/><G132/><T19/><D15/><U101/><E101/><V22/><F135/><W81/><REACH who="3" step="1"/><G78/><REACH who="3" ten="260,250,220,250" step="2"/><T34/><D27/><N who="1" m="16495" /><E116/><V23/><F1/><W83/><G83/><T97/><D62/><U122/><E122/><V35/><F49/><W103/><G103/><T96/><D96/><U87/><E87/><V2/><F102/><W13/><G13/><T65/><D65/><U10/><AGARI ba="1,2" hai="4,10,14,51,54,57,117,119" m="16495,43049" machi="10" ten="30,1100,0" yaku="11,1" doraHai="73" who="1" fromWho="1" sc="260,-6,250,34,220,-4,250,-4" /><INIT seed="1,0,0,1,5,66" ten="254,284,216,246" oya="1" hai0="84,26,87,127,94,12,111,108,113,123,50,83,91" hai1="25,20,112,97,114,88,73,45,119,61,130,110,31" hai2="133,81,13,121,22,11,55,51,93,99,80,129,128" hai3="135,58,126,5,120,54,125,118,69,103,90,0,36"/><U107/><E119/><V109/><F109/><N who="0" m="42058" /><D26/><U19/><E110/><V71/><F71/><W21/><G103/><T33/><D33/><U96/><E73/><V18/><F133/><W78/><G78/><N who="0" m="46199" /><D50/><U6/><E6/><V116/><F121/><W124/><G36/><T14/><D113/><U70/><E130/><N who="2" m="50283" /><F11/><W89/><G120/><T7/><D123/><U23/><E45/><N who="2" m="28143" /><F116/><W28/><G135/><T85/><D7/><U100/><E70/><V39/><F39/><W57/><G69/><T49/><D127/><U65/><E65/><V16/><F18/><W32/><G118/><T53/><D87/><U46/><E46/><AGARI ba="0,0" hai="12,14,46,49,53,85,91,94" m="46199,42058" machi="46" ten="30,1000,0" yaku="14,1" doraHai="66" who="0" fromWho="1" sc="254,10,284,-10,216,0,246,0" /><INIT seed="2,0,0,3,3,6" ten="264,274,216,246" oya="2" hai0="122,11,113,9,5,73,90,23,41,12,106,26,47" hai1="94,67,14,37,17,56,58,99,88,110,57,62,42" hai2="125,124,115,64,71,2,120,97,70,13,1,69,118" hai3="3,101,121,79,66,95,129,59,29,30,15,38,46"/><V86/><F118/><W39/><G3/><T22/><D122/><U92/><E110/><V85/><F120/><W8/><G121/><T131/><D113/><U34/><E34/><V21/><F64/><W78/><G129/><T114/><D114/><U132/><E132/><V19/><F115/><W74/><G74/><T96/><D73/><U54/><E37/><V65/><F65/><W89/><G101/><T117/><D117/><U48/><E42/><V40/><F40/><W50/><G39/><T31/><D131/><U10/><REACH who="1" step="1"/><E94/><REACH who="1" ten="264,264,216,246" step="2"/><V111/><F111/><W53/><G38/><T60/><D106/><U35/><E35/><V43/><F43/><W33/><G33/><T28/><D41/><U103/><E103/><V105/><F105/><W133/><G133/><T55/><D47/><AGARI ba="0,1" hai="10,14,17,47,48,54,56,57,58,62,67,88,92,99" machi="47" ten="30,16000,3" yaku="1,1,7,1,8,1,52,1,54,1,53,3" doraHai="6" doraHaiUra="52" who="1" fromWho="0" sc="264,-160,264,170,216,0,246,0" /><INIT seed="3,0,0,2,2,92" ten="104,434,216,246" oya="3" hai0="134,2,28,104,64,119,16,103,67,78,30,88,101" hai1="114,76,24,57,41,115,32,74,17,84,31,125,117" hai2="43,53,79,77,87,11,44,46,52,82,85,40,99" hai3="116,112,94,36,22,66,100,23,8,95,45,93,15"/><W54/><G112/><T29/><D119/><U55/><E74/><V108/><F108/><W1/><G1/><T0/><D78/><U4/><E41/><V3/><F3/><W71/><G116/><T42/><D42/><U110/><E110/><V48/><F11/><W18/><G71/><T10/><D134/><U59/><E59/><V96/><F48/><N who="3" m="28943" /><G36/><T26/><D2/><U107/><E107/><V89/><F89/><W25/><G66/><N who="0" m="25131" /><D104/><U73/><E73/><V50/><F50/><W81/><G23/><N who="0" m="13671" /><D0/><U90/><E76/><V51/><F51/><W35/><G35/><T37/><D37/><U86/><E117/><V97/><F97/><N who="3" m="59439" /><G81/><AGARI ba="0,0" hai="40,43,44,46,52,53,77,79,81,82,85,87,96,99" machi="81" ten="25,12000,2" yaku="22,2,8,1,52,2,54,1" doraHai="92" who="2" fromWho="3" sc="104,0,434,0,216,120,246,-120" /><INIT seed="4,0,0,5,0,29" ten="104,434,336,126" oya="0" hai0="7,126,40,110,114,48,98,41,127,19,117,50,64" hai1="16,72,30,109,108,111,17,94,57,21,78,24,89" hai2="6,15,12,39,27,71,130,134,49,54,88,80,124" hai3="55,100,102,95,107,129,97,131,86,118,60,62,8"/><T120/><D7/><U52/><E78/><V33/><F71/><W99/><G118/><T9/><D9/><U132/><E72/><V106/><F39/><W45/><G8/><T103/><D117/><U23/><E132/><V119/><F119/><W68/><G68/><T58/><D114/><U83/><E83/><V53/><F106/><W14/><G14/><T32/><D120/><U74/><E74/><V10/><F130/><N who="3" m="49675" /><G86/><T123/><D123/><U2/><E2/><V22/><F33/><W11/><G11/><T122/><D122/><U82/><E82/><V84/><F124/><N who="0" m="47658" /><D32/><U75/><E75/><V20/><F134/><W91/><G91/><T112/><D112/><U47/><E47/><V59/><F15/><W66/><G66/><T34/><D34/><U42/><E42/><N who="0" m="16489" /><D19/><U28/><E109/><V63/><F27/><W93/><G107/><N who="0" m="63991" /><D110/><U1/><E111/><V38/><REACH who="2" step="1"/><F38/><REACH who="2" ten="104,434,326,126" step="2"/><W135/><G135/><T87/><D87/><N who="1" m="52543" /><E108/><V105/><F105/><W73/><G73/><T18/><D18/><U85/><E85/><V44/><AGARI ba="0,1" hai="6,10,12,20,22,44,49,53,54,59,63,80,84,88" machi="44" ten="20,8000,1" yaku="1,1,0,1,7,1,8,1,54,1,53,0" doraHai="29" doraHaiUra="92" who="2" fromWho="2" sc="104,-40,434,-20,326,90,126,-20" /><INIT seed="5,0,0,1,1,116" ten="64,414,416,106" oya="1" hai0="114,86,64,75,57,100,134,132,15,113,9,41,119" hai1="58,105,133,67,16,22,10,115,54,2,34,31,35" hai2="109,56,70,74,95,47,36,27,79,33,69,130,40" hai3="7,17,89,14,124,110,76,19,104,66,103,120,122"/><U94/><E105/><V48/><F95/><W101/><G76/><T63/><D75/><U77/><E133/><N who="0" m="51305" /><D100/><U65/><E115/><N who="0" m="44041" /><D86/><U111/><E111/><V78/><F109/><W23/><G110/><T49/><D9/><U51/><E77/><V30/><F130/><W13/><G7/><T87/><D87/><U83/><E83/><V53/><F78/><W50/><G89/><T128/><D15/><U26/><E94/><V38/><F38/><W3/><G104/><T11/><D11/><U90/><E90/><V121/><F121/><W44/><G103/><T73/><D73/><U84/><E84/><V6/><REACH who="2" step="1"/><F6/><REACH who="2" ten="64,414,406,106" step="2"/><W82/><G122/><T108/><D108/><U91/><E91/><V92/><F92/><W126/><G120/><T37/><D119/><U1/><E35/><V106/><F106/><W118/><G118/><T46/><D128/><U59/><E59/><V29/><F29/><W28/><G28/><T55/><D37/><U129/><E129/><V68/><F68/><W21/><G101/><T102/><D102/><U60/><E60/><V107/><F107/><W125/><G82/><AGARI ba="0,1" hai="27,30,33,36,40,47,48,53,56,69,70,74,79,82" machi="82" ten="40,1300,0" yaku="1,1,53,0" doraHai="116" doraHaiUra="117" who="2" fromWho="3" sc="64,0,414,0,406,23,106,-13" /><INIT seed="6,0,0,4,0,55" ten="64,414,429,93" oya="2" hai0="50,80,86,115,81,28,54,59,90,129,133,72,32" hai1="63,108,14,61,21,4,5,128,41,39,76,127,20" hai2="45,125,102,113,77,95,7,98,49,124,132,51,92" hai3="111,87,93,30,88,122,123,22,89,64,105,82,97"/><V43/><F113/><W34/><G34/><T70/><D70/><U6/><E108/><V112/><F112/><W117/><G64/><T46/><D115/><U44/><E128/><V0/><F132/><W23/><G23/><T91/><D133/><U57/><E127/><V31/><F31/><W3/><G3/><T47/><D129/><U26/><E76/><V15/><F0/><W131/><G22/><T36/><D36/><U27/><E63/><V78/><F51/><W42/><G42/><T106/><D106/><U103/><E103/><V12/><F95/><W121/><G30/><T71/><D71/><U101/><E101/><V40/><F40/><W18/><G18/><T11/><D11/><U37/><E37/><V1/><F1/><W99/><G131/><T67/><D67/><U38/><E38/><V29/><F29/><W135/><G135/><T33/><D72/><U65/><REACH who="1" step="1"/><E21/><REACH who="1" ten="64,404,429,93" step="2"/><V2/><F78/><W53/><G111/><T110/><D110/><U48/><E48/><V10/><F77/><W107/><G123/><T9/><D9/><U109/><E109/><V96/><F124/><W62/><G122/><T94/><D33/><U8/><E8/><V126/><F126/><W75/><G121/><T100/><D100/><U69/><E69/><V35/><F35/><W60/><G60/><T25/><REACH who="0" step="1"/><D80/><REACH who="0" ten="54,404,429,93" step="2"/><U134/><E134/><V85/><F125/><W73/><G82/><T56/><D56/><U83/><E83/><V52/><F102/><W58/><G107/><T84/><AGARI ba="0,2" hai="25,28,32,46,47,50,54,59,81,84,86,90,91,94" machi="84" ten="20,5200,0" yaku="1,1,0,1,7,1,52,1,53,0" doraHai="55" doraHaiUra="118" who="0" fromWho="0" sc="54,72,404,-13,429,-26,93,-13" /><INIT seed="7,0,0,4,3,51" ten="126,391,403,80" oya="3" hai0="134,12,30,23,52,106,59,17,82,15,2,97,26" hai1="109,0,95,58,35,99,1,46,47,67,54,61,65" hai2="36,135,3,88,6,33,13,19,22,79,72,81,113" hai3="25,84,98,8,68,63,131,94,107,42,73,89,111"/><W90/><G131/><T64/><D2/><U56/><E109/><V32/><F113/><W83/><G111/><T44/><D134/><U77/><E35/><V38/><F135/><W127/><G127/><T74/><D44/><N who="1" m="16939" /><E1/><V16/><F19/><W21/><G42/><T10/><D74/><U126/><E0/><V121/><F121/><W128/><G128/><T5/><D82/><U133/><E133/><V57/><F32/><W96/><G8/><T7/><D64/><N who="1" m="38951" /><E77/><V50/><F33/><W116/><G116/><T45/><D45/><U104/><E104/><V55/><F6/><W24/><G73/><T122/><D122/><U49/><E126/><V66/><F3/><W34/><G34/><T20/><D97/><U123/><E123/><V117/><F117/><W120/><G120/><T101/><D101/><AGARI ba="0,0" hai="49,54,58,65,67,95,99,101" m="38951,16939" machi="101" ten="30,2000,0" yaku="8,1,52,1" doraHai="51" who="1" fromWho="0" sc="126,-20,391,20,403,0,80,0" owari="106,-29.0,411,51.0,403,20.0,80,-42.0" /></mjloggm>