<mjloggm ver="2.3"><GO type="41" lobby="0"/><UN n0="%E3%82%82%E3%82%93%E3%81%A1%E3%81%A3%E3%81%A1" n1="%78%79%7A%30%30%30%30%31" n2="%74%77%69%74%63%68" n3="%E2%93%9D%53%75%70%68%78" dan="14,13,14,18" rate="1929.52,1872.72,1943.37,2130.70" sx="M,M,M,M"/><TAIKYOKU oya="0"/><INIT seed="0,0,0,5,5,96" ten="250,250,250,250" oya="0" hai0="4,49,45,30,37,120,106,52,35,19,17,128,79" hai1="50,103,41,8,117,7,125,81,62,29,134,84,116" hai2="74,98,46,24,75,15,109,104,47,44,5,70,77" hai3="0,87,119,100,126,38,99,68,95,54,34,26,42"/><T11/><D120/><U127/><E29/><V67/><F77/><W10/><G119/><T61/><D128/><U23/><E23/><V124/><F109/><W89/><G126/><T25/><D106/><U91/><E62/><V55/><F55/><W73/><G68/><T20/><D79/><U48/><E41/><V92/><F104/><W39/><G73/><T72/><D72/><U63/><E63/><V58/><F70/><W2/><G54/><T18/><D37/><U108/><E108/><V57/><F24/><W102/><G42/><T76/><D76/><U60/><E60/><V130/><F130/><W31/><G102/><T32/><REACH who="0" step="1"/><D61/><REACH who="0" ten="240,250,250,250" step="2"/><U121/><E121/><V132/><F75/><W64/><G39/><T80/><D80/><U115/><E117/><V131/><F74/><W65/><G38/><T14/><AGARI ba="0,1" hai="4,11,14,17,18,19,20,25,30,32,35,45,49,52" machi="14" ten="30,11700,0" yaku="1,1,0,1,54,1,53,1" doraHai="96" doraHaiUra="9" who="0" fromWho="0" sc="240,127,250,-39,250,-39,250,-39" /><INIT seed="0,1,0,4,5,37" ten="367,211,211,211" oya="0" hai0="33,103,130,4,15,60,2,80,74,109,12,128,131" hai1="46,0,135,116,66,71,14,34,9,111,81,67,112" hai2="75,87,85,10,76,48,94,44,108,3,22,20,115" hai3="45,23,57,35,62,97,64,51,41,96,24,133,79"/><T127/><D103/><U58/><E34/><V72/><F115/><W113/><G113/><T7/><D60/><U47/><E112/><V78/><F108/><W61/><G35/><T26/><D80/><U119/><E0/><V29/><F72/><W31/><G133/><T38/><D74/><U92/><E71/><V27/><F22/><W25/><G79/><T123/><D38/><U114/><E114/><V19/><F75/><W6/><G6/><N who="0" m="2091" /><D109/><U118/><E111/><V1/><F3/><W49/><G25/><T63/><D63/><U56/><E81/><V77/><F94/><W40/><G62/><T68/><D68/><U18/><E92/><V105/><F105/><W21/><G21/><T110/><D110/><U106/><E106/><V121/><F121/><W43/><G51/><T125/><D2/><U50/><E50/><V91/><F91/><W70/><REACH who="3" step="1"/><G70/><REACH who="3" ten="367,211,211,201" step="2"/><T107/><D123/><U16/><E135/><V122/><F122/><W132/><G132/><T73/><D73/><U86/><E86/><V42/><REACH who="2" step="1"/><F1/><REACH who="2" ten="367,211,201,201" step="2"/><W82/><G82/><T104/><D33/><U28/><E119/><V102/><F102/><W69/><G69/><T65/><D26/><U84/><E84/><V124/><F124/><N who="0" m="47690" /><D12/><AGARI ba="1,2" hai="10,12,19,20,27,29,42,44,48,76,77,78,85,87" machi="12" ten="40,5200,0" yaku="1,1,8,1,52,1,53,0" doraHai="37" doraHaiUra="89" who="2" fromWho="0" sc="367,-55,211,0,201,75,201,0" /><INIT seed="1,0,0,0,4,59" ten="312,211,276,201" oya="1" hai0="57,113,73,119,25,2,100,47,61,53,74,13,34" hai1="133,39,20,45,4,37,30,72,109,48,42,77,67" hai2="106,46,10,117,8,121,116,130,98,50,123,120,31" hai3="38,33,82,58,62,64,92,127,40,51,5,101,95"/><U0/><E133/><V18/><F130/><W81/><G33/><T94/><D2/><U35/><E20/><V85/><F31/><W71/><G127/><T83/><D113/><U69/><E48/><V79/><F106/><W135/><G5/><T122/><D119/><U21/><E21/><V44/><F98/><W134/><G82/><T111/><D83/><U96/><E96/><V128/><F128/><W11/><G11/><T26/><D74/><U12/><E12/><V28/><F28/><W84/><G101/><T19/><D73/><U56/><E56/><V125/><F125/><W78/><G38/><T93/><D34/><U103/><E103/><V9/><F18/><W65/><G65/><N who="0" m="39087" /><D111/><U80/><E39/><V115/><F115/><W3/><G3/><T105/><D105/><U22/><E22/><V87/><F79/><W99/><G99/><N who="0" m="59503" /><D94/><U43/><E43/><V89/><F89/><W23/><G40/><T7/><D7/><U49/><E49/><V112/><F50/><W63/><G51/><N who="0" m="28927" /><D122/><U126/><E126/><V1/><F112/><W68/><G95/><T32/><D32/><U129/><E129/><V36/><F1/><W114/><G92/><T132/><D132/><N who="3" m="50729" /><G114/><T91/><D91/><U66/><E69/><N who="3" m="26698" /><G23/><AGARI ba="0,0" hai="13,19,23,25,26" m="28927,59503,39087" machi="23" ten="30,2000,0" yaku="8,1,52,1" doraHai="59" who="0" fromWho="3" sc="312,20,211,0,276,0,201,-20" /><INIT seed="2,0,0,0,3,75" ten="332,211,276,181" oya="2" hai0="29,79,99,119,7,35,93,19,73,55,72,86,84" hai1="65,90,17,92,68,46,113,53,23,8,20,125,83" hai2="16,121,30,133,100,36,94,81,66,85,12,106,126" hai3="98,67,91,0,22,95,134,76,38,34,37,47,96"/><V5/><F36/><W33/><G0/><T128/><D7/><U1/><E125/><V63/><F106/><W105/><G67/><T58/><D29/><U54/><E113/><V2/><F2/><W51/><G134/><T132/><D35/><U60/><E83/><V107/><F107/><W6/><G6/><T80/><D132/><U123/><E123/><V115/><F115/><W114/><G114/><T31/><D31/><U13/><E1/><V130/><F130/><W89/><G22/><T64/><D64/><U71/><E68/><V14/><F30/><W87/><G105/><T78/><D19/><U50/><E54/><V97/><F121/><W70/><G70/><T15/><D15/><U43/><E43/><V24/><F126/><W118/><G118/><T135/><D135/><U56/><REACH who="1" step="1"/><E71/><REACH who="1" ten="332,201,276,181" step="2"/><V48/><F133/><W103/><G34/><T88/><D119/><U129/><E129/><V74/><F81/><W59/><G33/><T57/><D128/><U77/><E77/><N who="0" m="29193" /><D73/><U41/><E41/><V111/><F74/><W18/><G76/><N who="0" m="46087" /><D72/><U116/><E116/><V26/><F66/><W69/><G69/><T39/><D39/><U27/><E27/><V21/><F26/><W4/><G38/><T110/><D110/><U44/><E44/><V52/><F111/><W131/><G131/><T49/><D58/><U3/><E3/><V104/><F24/><W108/><G108/><T32/><D32/><U11/><E11/><V112/><F112/><W124/><G59/><T62/><D49/><U120/><E120/><V61/><F48/><W102/><G51/><RYUUKYOKU ba="0,1" sc="332,15,201,15,276,-15,181,-15" hai0="55,57,62,86,88,93,99" hai1="8,13,17,20,23,46,50,53,56,60,65,90,92" /><INIT seed="3,1,1,3,2,58" ten="347,216,261,166" oya="3" hai0="1,20,18,61,62,121,123,101,54,16,97,128,48" hai1="76,33,64,40,85,56,38,116,103,88,111,92,126" hai2="34,96,31,11,14,52,19,118,115,78,27,120,21" hai3="44,63,10,105,25,6,43,100,91,66,45,134,41"/><W106/><G134/><T81/><D1/><U22/><E33/><V132/><F78/><W13/><G100/><T102/><D128/><U59/><E38/><V2/><F115/><W74/><G74/><T129/><D129/><U57/><E40/><V69/><F69/><W86/><G25/><N who="0" m="14471" /><D123/><U42/><E42/><V75/><F75/><W133/><G133/><T71/><D71/><U65/><E116/><V23/><F118/><W67/><G67/><T131/><D131/><U79/><E103/><N who="0" m="39433" /><D121/><U83/><E22/><V36/><F36/><W50/><G45/><N who="0" m="27919" /><D97/><U51/><E51/><V26/><F96/><W114/><G114/><T127/><D127/><U30/><E126/><V39/><F39/><W0/><G0/><T113/><D113/><U130/><E130/><V12/><F120/><W87/><G43/><T70/><D70/><U55/><E55/><V4/><F52/><W112/><G112/><T98/><D98/><U32/><E65/><V3/><F132/><W117/><G117/><T109/><D109/><U17/><E111/><V107/><F107/><W104/><REACH who="3" step="1"/><G91/><REACH who="3" ten="347,216,261,156" step="2"/><T24/><D81/><U108/><E64/><V68/><REACH who="2" step="1"/><F68/><AGARI ba="1,2" hai="6,10,13,41,44,50,63,66,68,86,87,104,105,106" machi="68" ten="40,12000,1" yaku="1,1,2,1,52,1,53,1" doraHai="58" doraHaiUra="8" who="3" fromWho="2" sc="347,0,216,0,261,-123,156,143" /><INIT seed="3,2,0,2,0,111" ten="347,216,138,299" oya="3" hai0="73,18,10,20,32,76,105,118,27,33,110,80,35" hai1="100,126,86,78,41,62,60,0,36,65,51,120,130" hai2="13,125,26,30,96,107,88,72,103,83,68,31,81" hai3="21,2,98,22,14,67,66,95,50,121,42,11,94"/><W12/><G2/><T85/><D118/><U49/><E120/><V46/><F125/><W122/><G42/><T87/><D105/><U91/><E0/><V63/><F31/><W114/><G50/><T47/><D110/><U79/><E126/><V38/><F13/><W89/><G89/><T97/><D97/><U58/><E100/><V45/><F72/><W24/><G98/><T59/><D59/><U16/><E130/><V104/><F81/><W56/><G56/><T23/><D10/><U57/><E36/><V44/><F107/><W53/><G11/><T29/><REACH who="0" step="1"/><D47/><REACH who="0" ten="337,216,138,299" step="2"/><U52/><E41/><V64/><F44/><W8/><G8/><T34/><N who="0" m="8192" /><DORA hai="116" /><T39/><D39/><U92/><E51/><V69/><F38/><W43/><G43/><T77/><D77/><U9/><E49/><V28/><F46/><W108/><G108/><T6/><D6/><U7/><E7/><V55/><F45/><W124/><G124/><T90/><D90/><U1/><E1/><V40/><F40/><W128/><G128/><T134/><D134/><U93/><E93/><V4/><F4/><W37/><G37/><T102/><D102/><U132/><E132/><V61/><F104/><W127/><G127/><T15/><AGARI ba="2,1" hai="15,18,20,23,27,29,73,76,80,85,87" m="8192" machi="15" ten="60,7900,0" yaku="1,1,0,1,53,1" doraHai="111,116" doraHaiUra="75,131" who="0" fromWho="0" sc="337,95,216,-22,138,-22,299,-41" /><INIT seed="4,0,0,3,1,59" ten="432,194,116,258" oya="0" hai0="48,77,103,121,26,23,135,5,3,118,58,128,6" hai1="81,21,130,18,60,92,40,57,89,68,67,7,4" hai2="17,47,28,69,84,83,14,29,91,73,78,90,104" hai3="11,123,132,94,33,93,44,95,56,74,61,63,105"/><T111/><D118/><U0/><E130/><V37/><F91/><W10/><G105/><T86/><D121/><U87/><E40/><V100/><F69/><W82/><G33/><T30/><D128/><U65/><E0/><V102/><F102/><W126/><G132/><T124/><D135/><U98/><E67/><V71/><F71/><W62/><G126/><T114/><D124/><U108/><E68/><V72/><F72/><W134/><G134/><T13/><D111/><U96/><E96/><V107/><F107/><W112/><G112/><T32/><D114/><U19/><E108/><V131/><F37/><W88/><G74/><T106/><D77/><U55/><E65/><V51/><F100/><W22/><G44/><T43/><D86/><U54/><E54/><V42/><F104/><W8/><G22/><T45/><D58/><U113/><E113/><V117/><F117/><W2/><G2/><T75/><D75/><U46/><E46/><V127/><F131/><W52/><G123/><T35/><D3/><U79/><E19/><V85/><F73/><W50/><G82/><T99/><REACH who="0" step="1"/><D13/><AGARI ba="0,0" hai="4,7,13,18,21,55,57,60,79,81,87,89,92,98" machi="13" ten="30,3900,0" yaku="7,1,8,1,52,1" doraHai="59" who="1" fromWho="0" sc="432,-39,194,39,116,0,258,0" /><INIT seed="5,0,0,3,0,95" ten="393,233,116,258" oya="1" hai0="53,68,39,2,80,109,36,134,23,48,30,74,12" hai1="100,108,123,10,96,15,27,11,75,4,43,88,20" hai2="99,21,52,29,56,131,71,122,31,58,16,6,66" hai3="28,77,105,50,37,86,63,45,64,127,55,24,113"/><U0/><E123/><V97/><F71/><W90/><G113/><T82/><D68/><U93/><E108/><V94/><F6/><W60/><G105/><T35/><D2/><U115/><E115/><V19/><F131/><W54/><G37/><T116/><D36/><U61/><E75/><V128/><F128/><W26/><G77/><T13/><D39/><U72/><E72/><V119/><F119/><W133/><G133/><T62/><D74/><U103/><E43/><V18/><F122/><W70/><G127/><T38/><D38/><U22/><E61/><N who="2" m="38183" /><F94/><W49/><G63/><T67/><D80/><U87/><E27/><N who="2" m="16623" /><F31/><W121/><G28/><T34/><D82/><U83/><REACH who="1" step="1"/><E103/><REACH who="1" ten="393,223,116,258" step="2"/><V76/><F76/><W85/><G121/><T79/><D62/><AGARI ba="0,1" hai="16,18,19,52,58,62,97,99" m="16623,38183" machi="62" ten="30,8000,1" yaku="8,1,52,2,54,2" doraHai="95" who="2" fromWho="0" sc="393,-80,223,0,116,90,258,0" /><INIT seed="6,0,0,5,4,14" ten="313,223,206,258" oya="2" hai0="52,2,105,23,85,73,120,110,129,74,91,48,125" hai1="29,117,94,99,104,56,36,93,41,92,39,44,31" hai2="78,58,128,5,67,123,68,50,126,100,131,72,9" hai3="21,47,42,108,15,77,20,80,40,34,65,97,66"/><V46/><F123/><W102/><G34/><T89/><D120/><U30/><E56/><V19/><F68/><W113/><G108/><T121/><D121/><U112/><E117/><V45/><F126/><W13/><G113/><T24/><D105/><U16/><E112/><V76/><F100/><W75/><G15/><T103/><D2/><U106/><E99/><V116/><F45/><W135/><G135/><T59/><D110/><U43/><E16/><V7/><F7/><W118/><G42/><T124/><D103/><U119/><E119/><V22/><F9/><W12/><G12/><T88/><D85/><U79/><E79/><N who="2" m="30251" /><F72/><W53/><G118/><T64/><D64/><U107/><REACH who="1" step="1"/><E44/><REACH who="1" ten="313,213,206,258" step="2"/><V134/><F116/><W63/><G47/><T90/><N who="0" m="22528" /><DORA hai="83" /><T61/><D129/><U101/><E101/><V0/><F5/><W86/><G102/><T130/><D130/><U10/><E10/><V18/><F134/><W111/><G111/><T32/><D125/><U51/><E51/><V3/><F131/><W38/><G97/><T127/><D127/><U25/><E25/><V81/><F128/><W28/><G77/><T49/><D124/><U4/><E4/><V98/><F98/><W1/><G75/><T122/><D122/><U6/><E6/><V8/><F8/><W133/><G133/><T71/><D74/><U115/><E115/><V55/><F0/><W132/><G132/><T62/><D73/><U27/><E27/><N who="2" m="14807" /><F3/><W26/><G1/><T96/><D96/><U33/><E33/><V11/><F11/><W69/><G26/><T35/><D24/><RYUUKYOKU ba="0,1" sc="313,-10,213,30,206,-10,258,-10" hai1="29,30,31,36,39,41,43,92,93,94,104,106,107" /><INIT seed="7,1,1,3,0,27" ten="303,243,196,248" oya="3" hai0="128,55,2,9,108,31,133,45,44,87,14,95,102" hai1="66,79,86,121,6,11,84,30,103,49,80,74,117" hai2="33,112,51,123,75,68,100,3,5,41,130,104,4" hai3="69,56,115,107,10,13,17,20,91,70,59,54,62"/><W53/><G115/><T111/><D2/><U134/><E117/><V77/><F5/><W18/><G107/><T82/><D108/><U89/><E134/><V52/><F41/><W8/><G91/><N who="0" m="51703" /><D111/><U94/><E121/><V24/><F130/><W119/><G119/><T43/><D128/><U32/><E103/><V38/><F38/><W124/><G124/><T110/><D110/><U25/><E66/><V132/><F132/><W99/><G99/><N who="0" m="59775" /><D133/><U39/><E49/><V64/><F112/><W113/><G113/><T21/><D43/><U23/><E39/><V57/><F123/><W88/><G88/><T71/><D71/><U126/><E126/><V109/><F109/><W37/><G37/><T36/><D36/><U116/><E116/><V125/><F125/><W127/><G127/><T58/><D21/><U22/><REACH who="1" step="1"/><E74/><REACH who="1" ten="303,233,196,248" step="2"/><V97/><F75/><W7/><G70/><T93/><D93/><U65/><E65/><V114/><F64/><W67/><G69/><T73/><D73/><U122/><E122/><V78/><F68/><W16/><G67/><T46/><D31/><U34/><E34/><V61/><F114/><W101/><G101/><T96/><D96/><U120/><E120/><V29/><REACH who="2" step="1"/><F61/><REACH who="2" ten="303,233,186,248" step="2"/><N who="3" m="35983" /><G10/><AGARI ba="1,3" hai="3,4,10,24,29,33,51,52,57,77,78,97,100,104" machi="10" ten="40,8000,1" yaku="1,1,52,1,54,1,53,1" doraHai="27" doraHaiUra="28" who="2" fromWho="3" sc="303,0,233,0,186,113,248,-83" owari="303,40.0,233,-17.0,299,10.0,165,-33.0" /></mjloggm>