<mjloggm ver="2.3"><GO type="41" lobby="0"/><UN n0="%E6%BD%AE" n1="%E3%81%BD%E3%83%BC%E3%81%BF%E3%82%93" n2="%E9%9B%AA%E5%8E%9F%E3%81%AE%E6%B1%82%E9%81%93%E8%80%85" n3="%E2%93%9D%53%75%70%68%78" dan="13,15,14,17" rate="1992.00,1983.01,1935.62,2043.85" sx="F,M,M,M"/><TAIKYOKU oya="0"/><INIT seed="0,0,0,5,4,15" ten="250,250,250,250" oya="0" hai0="45,78,42,110,25,82,38,58,122,28,33,40,117" hai1="93,59,9,13,83,60,121,31,41,63,101,105,10" hai2="23,104,97,48,123,94,19,1,37,56,81,24,113" hai3="52,95,55,79,99,5,70,14,54,51,111,76,65"/><T102/><D122/><U3/><E105/><V2/><F123/><W34/><G34/><T112/><D112/><U68/><E41/><V47/><F113/><W21/><G111/><T118/><D110/><U92/><E3/><V29/><F37/><W30/><G70/><T26/><D40/><U35/><E68/><V108/><F108/><W87/><G65/><T18/><D58/><U75/><E9/><V11/><F104/><W91/><G5/><T57/><D57/><U61/><E31/><V103/><F56/><W49/><G99/><T114/><D102/><U22/><E22/><V44/><F81/><W85/><G85/><T120/><D114/><U124/><E35/><V90/><F47/><W96/><G96/><T131/><D131/><U17/><E124/><V7/><F1/><W36/><G36/><T86/><REACH who="0" step="1"/><D120/><REACH who="0" ten="240,250,250,250" step="2"/><U20/><E121/><V66/><F66/><W32/><G55/><T67/><D67/><U0/><E59/><V16/><F103/><W134/><G54/><AGARI ba="0,1" hai="2,7,11,16,19,23,24,29,44,48,54,90,94,97" machi="54" ten="30,7700,0" yaku="7,1,52,2,54,1" doraHai="15" who="2" fromWho="3" sc="240,0,250,0,250,87,250,-77" /><INIT seed="1,0,0,3,1,32" ten="240,250,337,173" oya="1" hai0="106,64,56,116,133,94,11,134,73,115,118,83,13" hai1="107,67,54,75,48,129,89,27,69,60,79,62,109" hai2="46,95,38,39,72,135,57,6,30,80,19,49,45" hai3="77,43,14,99,4,114,104,47,18,70,122,51,121"/><U92/><E107/><V123/><F123/><W98/><G114/><T91/><D115/><U0/><E0/><V88/><F135/><N who="0" m="51722" /><D64/><U66/><E129/><V78/><F30/><W24/><G70/><T25/><D25/><U127/><E127/><V41/><F6/><W1/><G77/><N who="0" m="44463" /><D56/><U84/><E109/><V35/><F35/><W117/><G117/><T15/><D15/><U26/><E79/><V119/><F119/><N who="0" m="45610" /><D13/><U3/><E75/><V42/><F57/><W68/><G68/><T76/><D11/><U110/><E3/><V101/><F19/><W2/><G24/><T82/><D106/><U53/><E110/><V105/><F105/><W22/><G122/><T63/><D63/><U29/><E26/><V5/><F5/><W20/><G121/><T131/><D131/><U128/><E128/><V86/><REACH who="2" step="1"/><F101/><REACH who="2" ten="240,250,327,173" step="2"/><W113/><G4/><T120/><D120/><U74/><E69/><V44/><F44/><W50/><G113/><T126/><D126/><U71/><E71/><V31/><F31/><W96/><G104/><T108/><D108/><U37/><E29/><V130/><F130/><W65/><G18/><T124/><D124/><U112/><E112/><V125/><F125/><W59/><G59/><T102/><D102/><U9/><E66/><V52/><F52/><N who="3" m="29791" /><G65/><T58/><D58/><U85/><E67/><V97/><F97/><W7/><G2/><T40/><D40/><U90/><E54/><V55/><F55/><W87/><G1/><T100/><D100/><U132/><E53/><V33/><F33/><W103/><G103/><T21/><D76/><RYUUKYOKU ba="0,1" sc="240,-10,250,-10,327,30,173,-10" hai2="38,39,41,42,45,46,49,72,78,80,86,88,95" /><INIT seed="2,1,1,5,1,101" ten="230,240,357,163" oya="2" hai0="2,93,37,33,127,40,6,89,106,12,120,108,31" hai1="103,55,134,10,59,53,47,42,52,57,3,83,66" hai2="119,135,9,13,35,90,117,75,24,36,105,19,113" hai3="74,109,70,84,85,116,23,43,8,112,94,88,17"/><V129/><F113/><W92/><G116/><T45/><D120/><U49/><E134/><V124/><F135/><W18/><G74/><T44/><D127/><U28/><E28/><V50/><F124/><W80/><G70/><T128/><D128/><U95/><E83/><V1/><F129/><W5/><G109/><T91/><D108/><U122/><E10/><V65/><F36/><W7/><G112/><T104/><D2/><U118/><E3/><V78/><F105/><W79/><G43/><T63/><D44/><U100/><E103/><V46/><F65/><W56/><G94/><T72/><D72/><U71/><E95/><V123/><F123/><W64/><G18/><T121/><D121/><U48/><E100/><V96/><F96/><W107/><G8/><T38/><D38/><N who="1" m="21975" /><E118/><V14/><F90/><W68/><G68/><T16/><D6/><U58/><E122/><V86/><F75/><W62/><REACH who="3" step="1"/><G107/><REACH who="3" ten="230,240,357,153" step="2"/><T99/><D104/><U11/><E11/><N who="2" m="6591" /><F117/><W132/><G132/><T15/><D106/><U69/><E69/><V82/><F119/><W102/><G102/><T115/><D115/><U81/><E81/><V98/><F1/><W0/><G0/><T26/><D16/><U97/><E97/><V30/><F98/><W77/><G77/><T76/><D76/><U41/><E41/><N who="2" m="24911" /><F9/><W130/><G130/><T20/><D89/><U131/><E131/><V61/><F78/><W67/><G67/><T60/><D12/><AGARI ba="1,2" hai="5,7,12,17,23,56,62,64,79,80,84,85,88,92" machi="12" ten="30,8000,1" yaku="1,1,7,1,8,1,54,1,53,1" doraHai="101" doraHaiUra="87" who="3" fromWho="0" sc="230,-83,240,0,357,0,153,103" /><INIT seed="3,0,0,4,5,125" ten="147,240,357,256" oya="3" hai0="74,19,62,17,119,84,100,61,72,4,98,25,15" hai1="105,122,86,126,54,88,53,59,131,106,5,65,128" hai2="120,79,0,103,41,32,111,107,132,52,63,6,113" hai3="20,22,67,68,45,129,11,51,87,2,66,75,33"/><W93/><G75/><T39/><D119/><U95/><E122/><V77/><F113/><W104/><G104/><T18/><D39/><U83/><E126/><V73/><F120/><W70/><G33/><T26/><D84/><U71/><E71/><V42/><F111/><W116/><G2/><T46/><D46/><U112/><E65/><V94/><F132/><W12/><G116/><T3/><D3/><U135/><E112/><V13/><F0/><W34/><G34/><T117/><D117/><U36/><E36/><V31/><F107/><W76/><G70/><T91/><D91/><U69/><E69/><V23/><F31/><W108/><G108/><T60/><D4/><U92/><E5/><V80/><F77/><W102/><G129/><N who="1" m="49738" /><E135/><V49/><F52/><N who="1" m="20073" /><E59/><V121/><F121/><W7/><G67/><T114/><D114/><U134/><E134/><V37/><F37/><W101/><G66/><T133/><D133/><U43/><E43/><V130/><F41/><N who="3" m="25007" /><G68/><T89/><D72/><U1/><E1/><V35/><F42/><W58/><G58/><T50/><D74/><U24/><E24/><V118/><F6/><W48/><G48/><T124/><D50/><U29/><E29/><V30/><F49/><W81/><G102/><T90/><D124/><U57/><E57/><V14/><F30/><W27/><G27/><T21/><D25/><U40/><E40/><V38/><F118/><W9/><G101/><T99/><D100/><U47/><E47/><V8/><F38/><W110/><G110/><T16/><D26/><U123/><E123/><V78/><F130/><RYUUKYOKU ba="0,0" sc="147,15,240,15,357,-15,256,-15" hai0="15,16,17,18,19,21,60,61,62,89,90,98,99" hai1="83,86,88,92,95,105,106" /><INIT seed="4,1,0,2,2,99" ten="162,255,342,241" oya="0" hai0="126,16,13,1,64,132,92,87,124,107,119,8,31" hai1="19,122,38,61,131,117,36,22,30,78,123,94,111" hai2="49,118,116,24,75,69,41,95,98,96,39,86,134" hai3="0,45,52,10,81,60,12,113,130,89,56,80,77"/><T129/><D119/><N who="2" m="45610" /><F75/><W32/><G32/><T112/><D107/><U11/><E111/><V121/><F121/><W71/><G0/><T28/><D112/><U53/><E131/><V58/><F69/><W44/><G113/><T5/><D64/><U35/><E117/><V47/><F24/><W135/><G135/><T83/><D132/><U6/><E78/><V34/><F34/><W62/><G130/><T91/><D129/><U79/><E79/><V59/><F39/><W3/><G3/><T74/><D74/><U85/><E30/><V125/><F125/><N who="0" m="48234" /><D83/><U29/><E29/><V66/><F134/><W50/><G71/><T72/><D72/><U51/><E61/><N who="3" m="23658" /><G77/><T33/><D33/><U7/><E35/><V26/><F26/><W18/><G81/><T127/><N who="0" m="48242" /><T88/><DORA hai="105" /><D91/><U100/><E122/><V42/><F66/><W101/><G101/><T97/><D87/><AGARI ba="1,0" hai="10,12,18,44,45,50,52,56,80,87,89" m="23658" machi="87" ten="30,2000,0" yaku="8,1,54,1" doraHai="99,105" who="3" fromWho="0" sc="162,-23,255,0,342,0,241,23" /><INIT seed="5,0,0,4,0,0" ten="139,255,342,264" oya="1" hai0="32,60,33,121,61,69,15,134,133,129,37,82,39" hai1="65,76,80,43,22,4,67,90,100,21,94,126,51" hai2="3,73,10,120,14,97,18,93,11,30,109,66,17" hai3="6,19,20,95,130,79,36,42,84,99,131,89,96"/><U85/><E126/><V91/><F109/><W38/><G42/><T125/><D125/><U24/><E21/><V127/><F127/><W111/><G111/><T110/><D110/><U103/><E100/><V45/><F120/><W117/><G117/><T25/><D121/><U29/><E103/><V28/><F73/><W55/><G55/><T52/><D82/><U64/><E43/><V116/><F116/><W8/><G79/><T34/><D25/><U49/><REACH who="1" step="1"/><E4/><REACH who="1" ten="139,245,342,264" step="2"/><V31/><F31/><W16/><G20/><T98/><D32/><U50/><E50/><V57/><F28/><W77/><G38/><T54/><D129/><U9/><E9/><V105/><F30/><W122/><G36/><T106/><D106/><U1/><E1/><V123/><F11/><W71/><G122/><T2/><D2/><U113/><E113/><V12/><F10/><W108/><G108/><T101/><D101/><U58/><E58/><V88/><F3/><W13/><G131/><T92/><D69/><U102/><E102/><V81/><F57/><W115/><G71/><T63/><D63/><U83/><E83/><V5/><F81/><N who="3" m="47151" /><G130/><T44/><D44/><U132/><E132/><V62/><F123/><W48/><G115/><T59/><D59/><U114/><E114/><V86/><F5/><W70/><G70/><T72/><D33/><U78/><E78/><V7/><F7/><W26/><G48/><T104/><D37/><U118/><E118/><V46/><F62/><W27/><G6/><T107/><D107/><U112/><E112/><V40/><F40/><W35/><G35/><RYUUKYOKU ba="0,1" sc="139,-10,245,30,342,-10,264,-10" hai1="22,24,29,49,51,64,65,67,76,80,85,90,94" /><INIT seed="5,1,1,1,4,63" ten="129,275,332,254" oya="1" hai0="77,76,21,45,97,62,11,47,88,127,74,22,98" hai1="40,41,1,60,14,134,130,4,29,117,7,65,119" hai2="28,99,33,133,38,70,129,0,50,126,59,10,15" hai3="94,109,82,85,30,124,81,43,107,111,52,53,9"/><U102/><E1/><V17/><F38/><W121/><G107/><T114/><D114/><U120/><E120/><V89/><F70/><W123/><G30/><T48/><D127/><U68/><E130/><V34/><F126/><W24/><G124/><T105/><D105/><U116/><E134/><V101/><F129/><W83/><G24/><T32/><D32/><U8/><E102/><V19/><F133/><W55/><G43/><T26/><D74/><U27/><REACH who="1" step="1"/><E4/><REACH who="1" ten="129,265,332,254" step="2"/><V12/><F0/><W96/><G123/><T39/><D39/><U131/><E131/><V37/><F101/><W112/><G121/><T31/><D31/><U36/><E36/><V91/><F28/><W87/><G112/><T78/><D26/><U128/><E128/><V20/><F37/><W16/><G111/><T44/><D11/><U35/><AGARI ba="1,2" hai="7,8,14,27,29,35,40,41,60,65,68,116,117,119" machi="35" ten="30,6000,0" yaku="1,1,0,1,52,1,53,0" doraHai="63" doraHaiUra="125" who="1" fromWho="1" sc="129,-21,265,83,332,-21,254,-21" /><INIT seed="5,2,0,3,2,77" ten="108,348,311,233" oya="1" hai0="39,58,94,27,134,61,106,123,42,69,0,87,73" hai1="16,108,132,6,110,35,113,49,46,37,26,14,84" hai2="38,43,22,104,127,63,135,21,32,60,53,56,91" hai3="105,55,5,64,17,112,97,90,3,95,12,102,79"/><U48/><E37/><V29/><F127/><W119/><G112/><T45/><D73/><U59/><E6/><V76/><F135/><W116/><G64/><T34/><D134/><U83/><E132/><V50/><F104/><W44/><G5/><T8/><D123/><U65/><E26/><V67/><F32/><W41/><G55/><T28/><D8/><U82/><E35/><V62/><F76/><W68/><G68/><T126/><D126/><U10/><E84/><V129/><F129/><W103/><G3/><T114/><D114/><U2/><E2/><V30/><F91/><W23/><G79/><T52/><D106/><U118/><E113/><V78/><F78/><W80/><G80/><T85/><D0/><U101/><E101/><V122/><F122/><W40/><G40/><T13/><D13/><U57/><E118/><N who="3" m="45098" /><G105/><T96/><REACH who="0" step="1"/><D69/><REACH who="0" ten="98,348,311,233" step="2"/><U11/><E108/><V47/><F67/><W72/><G72/><T93/><D93/><U100/><E110/><V133/><F133/><W107/><G107/><T33/><D33/><U98/><E10/><V115/><F115/><W88/><G103/><AGARI ba="2,1" hai="27,28,34,39,42,45,52,58,61,85,87,94,96,103" machi="103" ten="30,3900,0" yaku="1,1,7,1,54,1,53,0" doraHai="77" doraHaiUra="18" who="0" fromWho="3" sc="98,55,348,0,311,0,233,-45" /><INIT seed="6,0,0,0,0,22" ten="153,348,311,188" oya="2" hai0="112,42,18,31,43,135,82,70,4,119,107,129,20" hai1="36,6,32,34,86,117,122,77,49,24,81,51,79" hai2="132,30,28,116,26,73,62,21,125,58,98,99,59" hai3="88,45,75,52,44,85,63,66,127,84,8,54,25"/><V76/><F116/><W1/><G75/><T108/><D108/><U2/><E36/><V90/><F132/><W113/><G127/><T29/><D135/><U56/><E34/><V16/><F125/><W102/><G102/><T5/><D107/><U74/><E77/><V105/><F105/><W60/><G1/><T67/><D119/><U130/><E117/><V134/><F134/><W14/><G113/><T80/><D112/><U104/><E130/><V61/><F76/><W23/><G85/><T94/><D129/><U114/><E114/><V39/><F39/><W95/><G66/><T65/><D70/><U120/><E86/><V3/><F3/><W128/><G128/><T40/><D94/><U12/><E12/><V68/><F68/><W46/><G63/><N who="2" m="24073" /><F73/><W7/><G60/><T131/><D131/><U97/><E56/><N who="2" m="21547" /><F90/><W87/><REACH who="3" step="1"/><G87/><REACH who="3" ten="153,348,311,178" step="2"/><T47/><D65/><U78/><E74/><V118/><F118/><W123/><G123/><T64/><D64/><U103/><E2/><V72/><F72/><W109/><G109/><T92/><D67/><U53/><E120/><V15/><F98/><W17/><AGARI ba="0,1" hai="7,8,14,17,23,25,44,45,46,52,54,84,88,95" machi="17" ten="30,12000,2" yaku="1,1,0,1,8,1,52,1,54,2,53,1" doraHai="22" doraHaiUra="0" who="3" fromWho="3" sc="153,-30,348,-30,311,-60,178,130" /><INIT seed="7,0,0,4,2,134" ten="123,318,251,308" oya="3" hai0="129,112,80,34,97,122,62,55,27,132,86,30,39" hai1="19,111,2,37,75,102,40,98,114,67,124,36,52" hai2="8,104,46,117,53,17,96,125,95,119,126,77,18" hai3="72,105,51,43,21,83,108,6,44,7,63,90,66"/><W115/><G105/><T48/><D122/><U58/><E124/><N who="2" m="47723" /><F104/><W42/><G115/><T78/><D132/><U135/><E111/><V103/><F77/><W24/><G108/><T100/><D129/><U89/><E75/><V31/><F31/><N who="3" m="17807" /><G72/><T87/><D112/><U10/><E114/><V20/><F8/><W71/><G71/><T92/><D39/><U127/><E127/><V15/><F17/><W1/><G1/><T11/><D11/><U70/><E135/><V121/><F121/><W101/><G101/><T26/><D34/><U59/><E70/><V130/><F130/><W14/><G43/><T35/><D35/><U0/><E0/><V29/><F29/><W73/><G73/><T25/><D62/><N who="1" m="38359" /><E2/><V16/><F18/><W60/><G66/><T3/><D3/><U45/><E102/><V93/><F95/><W57/><G14/><T118/><D118/><N who="2" m="45066" /><F46/><W54/><G63/><T41/><D41/><U88/><E98/><V106/><F106/><W113/><G113/><T33/><D33/><U84/><E84/><AGARI ba="0,0" hai="6,7,42,44,51,54,57,60,83,84,90" m="17807" machi="84" ten="30,1500,0" yaku="8,1" doraHai="134" who="3" fromWho="1" sc="123,0,318,-15,251,0,308,15" owari="123,-38.0,303,10.0,251,-15.0,323,43.0" /></mjloggm>