<mjloggm ver="2.3"><GO type="41" lobby="0"/><UN n0="%66%75%6D%69%66%75%6D%69" n1="%6B%65%6E%74%75%63%6B%79" n2="%E3%83%AA%E3%82%BD%E3%83%83%E3%83%89" n3="%E2%93%9D%53%75%70%68%78" dan="13,13,14,18" rate="1929.47,1816.00,1956.13,2050.09" sx="M,M,M,M"/><TAIKYOKU oya="0"/><INIT seed="0,0,0,2,2,26" ten="250,250,250,250" oya="0" hai0="88,92,117,104,13,29,89,121,23,11,48,42,84" hai1="111,22,119,82,10,58,45,134,37,52,101,57,114" hai2="41,66,103,120,83,0,8,63,81,80,71,31,44" hai3="64,94,3,124,17,93,91,54,130,36,107,113,53"/><T39/><D39/><U106/><E119/><V87/><F120/><W30/><G107/><T118/><D104/><U20/><E82/><V85/><F103/><W27/><G3/><T9/><D121/><U95/><E106/><V74/><F74/><W72/><G130/><T133/><D133/><U12/><E134/><V28/><F0/><W131/><G124/><T38/><D38/><U55/><E114/><V90/><F8/><W73/><G64/><T69/><D69/><U50/><E111/><V61/><F61/><W127/><G17/><T59/><D117/><U135/><E135/><V24/><F24/><W122/><G36/><T115/><D115/><U14/><E14/><V56/><F71/><W33/><G131/><T18/><D118/><U60/><E37/><V21/><F21/><W97/><G127/><T35/><D89/><U96/><REACH who="1" step="1"/><E58/><REACH who="1" ten="250,240,250,250" step="2"/><V102/><F102/><W77/><G113/><T6/><D59/><U98/><E98/><V1/><F1/><W108/><G122/><T19/><D6/><AGARI ba="0,1" hai="6,10,12,20,22,45,50,52,55,57,60,95,96,101" machi="6" ten="30,8000,1" yaku="1,1,7,1,8,1,54,1,53,1" doraHai="26" doraHaiUra="5" who="1" fromWho="0" sc="250,-80,240,90,250,0,250,0" /><INIT seed="1,0,0,1,2,19" ten="170,330,250,250" oya="1" hai0="110,10,107,56,61,76,51,87,94,101,121,6,42" hai1="125,59,112,85,25,86,113,21,80,7,100,111,78" hai2="118,60,17,135,77,73,97,32,133,98,88,40,27" hai3="126,30,0,29,99,109,91,33,67,16,106,90,123"/><U124/><E7/><V116/><F32/><W52/><G123/><T2/><D121/><U3/><E3/><V75/><F40/><W14/><G0/><T5/><D5/><U64/><E100/><V129/><F60/><W53/><G109/><T105/><D110/><U50/><E111/><V108/><F17/><W130/><G130/><T26/><D101/><U57/><E59/><V44/><F44/><W41/><G126/><N who="1" m="48746" /><E86/><V131/><F27/><W48/><G67/><T68/><D68/><U55/><E64/><V84/><F108/><W104/><G33/><T47/><D94/><U18/><AGARI ba="0,0" hai="18,21,25,50,55,57,78,80,85,112,113" m="48746" machi="18" ten="30,3000,0" yaku="18,1,52,1" doraHai="19" who="1" fromWho="1" sc="170,-10,330,30,250,-10,250,-10" /><INIT seed="1,1,0,0,4,44" ten="160,360,240,240" oya="1" hai0="38,61,117,73,51,15,103,111,26,116,50,58,48" hai1="42,7,124,52,59,86,47,3,71,96,41,31,81" hai2="22,6,98,40,82,97,135,16,17,115,14,77,134" hai3="113,112,8,109,60,18,110,35,29,119,120,92,131"/><U129/><E129/><V100/><F115/><N who="3" m="44107" /><G92/><T130/><D38/><U62/><E71/><V79/><F40/><W133/><G60/><T57/><D73/><U4/><E124/><V80/><F22/><W107/><G107/><T28/><D111/><N who="3" m="42505" /><G131/><T132/><D130/><U99/><E42/><V127/><F6/><W32/><G133/><T66/><D132/><U11/><E7/><V87/><F14/><N who="3" m="7495" /><G120/><T125/><D125/><U20/><E31/><V118/><F127/><W49/><G49/><T46/><D116/><U122/><E20/><V105/><F118/><W33/><G119/><T106/><D106/><U114/><E122/><V27/><F105/><W10/><G10/><T63/><D117/><U84/><E84/><V24/><REACH who="2" step="1"/><F87/><REACH who="2" ten="160,360,230,240" step="2"/><W53/><G53/><N who="0" m="33967" /><D46/><U108/><E108/><V55/><F55/><W0/><G0/><T94/><D15/><U101/><E114/><V72/><F72/><W69/><G69/><T91/><D103/><AGARI ba="1,1" hai="16,17,24,27,77,79,80,82,97,98,100,103,134,135" machi="103" ten="25,6400,0" yaku="1,1,22,2,54,1,53,0" doraHai="44" doraHaiUra="25" who="2" fromWho="0" sc="160,-67,360,0,230,77,240,0" /><INIT seed="2,0,0,2,3,105" ten="93,360,307,240" oya="2" hai0="108,100,7,33,70,109,86,104,37,52,60,101,74" hai1="119,121,59,54,112,120,5,55,79,89,47,9,128" hai2="87,98,17,45,42,133,80,82,28,77,110,135,25" hai3="73,114,134,50,130,103,27,24,13,21,83,10,107"/><V66/><F66/><W11/><G130/><T23/><D33/><U116/><E112/><V43/><F98/><W18/><G134/><N who="2" m="51209" /><F17/><W57/><G114/><T102/><D37/><U69/><E69/><V0/><F0/><W46/><G107/><T78/><D7/><U94/><E79/><N who="2" m="46495" /><F45/><W76/><G103/><N who="0" m="26371" /><T6/><DORA hai="1" /><D6/><U65/><E128/><V88/><F110/><N who="0" m="42602" /><D70/><U127/><E127/><V39/><F39/><W51/><G11/><T67/><D23/><U125/><E125/><V19/><F19/><W14/><G57/><N who="0" m="34855" /><D67/><U106/><E106/><V96/><F96/><W48/><REACH who="3" step="1"/><G46/><REACH who="3" ten="93,360,307,230" step="2"/><T71/><D104/><U118/><E47/><V85/><F77/><W68/><G68/><T62/><D71/><U61/><E121/><V3/><F3/><W111/><G111/><T12/><D12/><U99/><E120/><V30/><F25/><W95/><G95/><T41/><D41/><AGARI ba="0,1" hai="28,30,41,42,43,82,85,88" m="46495,51209" machi="41" ten="30,2900,0" yaku="20,1,54,1" doraHai="105,1" who="2" fromWho="0" sc="93,-29,360,0,307,39,230,0" /><INIT seed="2,1,0,5,3,74" ten="64,360,346,230" oya="2" hai0="91,37,4,44,99,78,69,111,85,39,23,1,52" hai1="2,81,8,38,58,98,118,31,73,68,6,5,12" hai2="89,41,61,75,127,24,122,35,25,121,133,72,15" hai3="49,16,114,71,132,94,80,14,65,100,3,45,33"/><V123/><F35/><W54/><G3/><T79/><D69/><U126/><E118/><V47/><F61/><W84/><G33/><T110/><D23/><U50/><E38/><V88/><F15/><W64/><G132/><T46/><D4/><U20/><E126/><V105/><F105/><W51/><G114/><T0/><D85/><U102/><E68/><V90/><F133/><W96/><G51/><T113/><D91/><U112/><E112/><V87/><F87/><W13/><G13/><T131/><D113/><U101/><E6/><V103/><F103/><W125/><G71/><T9/><D9/><U93/><E101/><V95/><F95/><W108/><G108/><T109/><D131/><U26/><E2/><N who="0" m="1129" /><D99/><U53/><E73/><N who="2" m="28235" /><F47/><N who="0" m="17962" /><D52/><U55/><E55/><V28/><F28/><W129/><G125/><T32/><D32/><U7/><REACH who="1" step="1"/><E81/><REACH who="1" ten="64,350,346,230" step="2"/><V119/><F127/><W107/><G129/><T86/><D86/><U29/><E29/><V63/><F119/><W43/><G54/><T66/><D66/><U22/><E22/><V106/><F106/><W21/><REACH who="3" step="1"/><G107/><REACH who="3" ten="64,350,346,220" step="2"/><T36/><AGARI ba="1,2" hai="36,37,39,78,79,109,110,111" m="17962,1129" machi="36" ten="50,8000,1" yaku="28,2,14,1,52,2" doraHai="74" who="0" fromWho="0" sc="64,103,350,-21,346,-41,220,-21" /><INIT seed="3,0,0,3,2,70" ten="167,329,305,199" oya="3" hai0="78,5,69,108,9,40,93,63,91,81,97,106,133" hai1="120,6,104,100,47,112,41,113,90,134,3,17,118" hai2="61,23,129,109,96,71,20,103,116,53,21,29,94" hai3="132,2,82,75,124,123,107,135,102,59,13,73,24"/><W84/><G2/><T34/><D133/><N who="3" m="51273" /><G13/><T126/><D126/><U0/><E120/><V35/><F116/><W105/><G59/><T122/><D122/><U67/><E67/><V98/><F109/><W49/><G49/><T95/><D108/><U86/><E118/><V83/><F83/><W30/><G123/><T7/><D7/><U101/><E134/><V60/><F129/><W32/><G102/><T64/><D34/><U56/><E56/><V45/><F45/><W131/><G131/><T19/><D19/><U58/><E58/><V74/><F74/><N who="3" m="28171" /><G124/><T80/><D78/><AGARI ba="0,0" hai="24,30,32,78,82,84,105,107" m="28171,51273" machi="78" ten="30,1500,0" yaku="20,1" doraHai="70" who="3" fromWho="0" sc="167,-15,329,0,305,0,199,15" /><INIT seed="3,1,0,0,1,12" ten="152,329,305,214" oya="3" hai0="70,93,117,84,55,85,134,129,88,17,38,0,7" hai1="36,1,42,121,63,9,39,10,76,60,116,68,90" hai2="127,30,22,11,81,128,47,25,125,8,16,48,56" hai3="43,126,74,44,97,91,62,19,27,103,34,105,24"/><W102/><G74/><T23/><D70/><U104/><E104/><V110/><F110/><W106/><G126/><N who="2" m="48137" /><F128/><W54/><G91/><T79/><D38/><U50/><E121/><V53/><F81/><W95/><G34/><T111/><D134/><U32/><E32/><V109/><F109/><W33/><G33/><T66/><D117/><U61/><E76/><V73/><F73/><W118/><G118/><T41/><D41/><U26/><E26/><V98/><F98/><W4/><G4/><T115/><D66/><U135/><E135/><V114/><F114/><W131/><G131/><T51/><D111/><U65/><E90/><V120/><F120/><W122/><G122/><T112/><D129/><U108/><E108/><V96/><F96/><W89/><G106/><T3/><D7/><U58/><E1/><V5/><F5/><W132/><G27/><T13/><D112/><U101/><E101/><V20/><F47/><W94/><G105/><T86/><D115/><U67/><E10/><V119/><F119/><W123/><G132/><T107/><D107/><U28/><E9/><V18/><F30/><W72/><G72/><T2/><REACH who="0" step="1"/><D79/><REACH who="0" ten="142,329,305,214" step="2"/><U21/><E116/><V45/><F45/><AGARI ba="1,1" hai="0,2,3,13,17,23,45,51,55,84,85,86,88,93" machi="45" ten="40,12000,2" yaku="1,1,2,1,52,1,54,1,53,3" doraHai="12" doraHaiUra="82" who="0" fromWho="2" sc="142,133,329,0,305,-123,214,0" /><INIT seed="4,0,0,3,1,35" ten="275,329,182,214" oya="0" hai0="23,70,4,64,46,54,63,68,130,33,30,128,102" hai1="40,118,62,57,27,111,6,1,67,43,91,24,18" hai2="3,7,107,12,92,14,80,112,90,94,31,58,44" hai3="45,125,105,114,117,77,53,109,120,15,82,99,20"/><T56/><D4/><U13/><E118/><V9/><F107/><W38/><G114/><T75/><D75/><U36/><E111/><V126/><F112/><W71/><G125/><T127/><D102/><U8/><E91/><V50/><F126/><W26/><G71/><T2/><D33/><U89/><E89/><V29/><F58/><W5/><G120/><T34/><D127/><U22/><E36/><V104/><F104/><W32/><G32/><T83/><D83/><U48/><E48/><V47/><F80/><W37/><G109/><T131/><D34/><U72/><REACH who="1" step="1"/><E72/><REACH who="1" ten="275,319,182,214" step="2"/><V106/><F106/><W85/><G38/><T49/><D30/><U108/><E108/><V52/><F92/><W79/><G37/><T103/><D103/><U129/><E129/><V97/><F47/><W28/><G117/><T95/><D95/><U122/><E122/><V135/><F135/><W74/><G74/><T17/><D68/><U76/><E76/><V21/><REACH who="2" step="1"/><F31/><REACH who="2" ten="275,319,172,214" step="2"/><W86/><G105/><T11/><D70/><U134/><E134/><V60/><F60/><W81/><G79/><T25/><REACH who="0" step="1"/><D11/><REACH who="0" ten="265,319,172,214" step="2"/><U123/><E123/><V116/><F116/><W119/><G119/><T65/><D65/><U113/><E113/><V41/><F41/><AGARI ba="0,3" hai="1,6,8,13,18,22,24,27,40,41,43,57,62,67" machi="41" ten="40,5200,0" yaku="1,1,52,1,53,1" doraHai="35" doraHaiUra="10" who="1" fromWho="2" sc="265,0,319,82,172,-52,214,0" /><INIT seed="5,0,0,0,2,58" ten="265,401,120,214" oya="1" hai0="102,49,24,21,83,54,77,27,59,101,51,50,14" hai1="106,127,103,88,128,39,94,33,91,55,30,32,124" hai2="115,22,18,37,131,121,112,63,29,122,82,3,87" hai3="80,125,36,42,16,109,28,70,86,60,95,129,13"/><U90/><E39/><V126/><F37/><W116/><G109/><T92/><D14/><U43/><E43/><V110/><F3/><W108/><G108/><T98/><D101/><U38/><E38/><V45/><F110/><W123/><G123/><T0/><D0/><U17/><E17/><V85/><F29/><W64/><G129/><T11/><D11/><U47/><E128/><V72/><F131/><W132/><G132/><T114/><D114/><N who="2" m="43562" /><F45/><W67/><G67/><T6/><D6/><U69/><E69/><V34/><F34/><W66/><G66/><T44/><D27/><U81/><E30/><V120/><F72/><W9/><G116/><T134/><D134/><U135/><E135/><V111/><F111/><W71/><G71/><T78/><D83/><U19/><E19/><V61/><F82/><W12/><G28/><T25/><D25/><U119/><E119/><V76/><F126/><W100/><G125/><T79/><REACH who="0" step="1"/><D44/><REACH who="0" ten="255,401,120,214" step="2"/><U107/><E127/><V15/><F76/><W93/><G13/><T99/><D99/><U7/><E81/><V8/><F8/><W46/><REACH who="3" step="1"/><G100/><REACH who="3" ten="255,401,120,204" step="2"/><T133/><D133/><U23/><E103/><V89/><F89/><AGARI ba="0,2" hai="9,12,16,36,42,46,60,64,70,80,86,89,93,95" machi="89" ten="30,12000,2" yaku="1,1,2,1,7,1,52,1,54,1,53,1" doraHai="58" doraHaiUra="41" who="3" fromWho="2" sc="255,0,401,0,120,-120,204,140" /><INIT seed="6,0,0,3,0,113" ten="255,401,0,344" oya="2" hai0="67,94,49,131,92,22,59,40,84,50,28,14,20" hai1="77,129,116,25,0,24,9,38,93,61,110,41,68" hai2="81,23,58,33,44,47,13,117,87,126,106,8,96" hai3="124,86,79,45,52,114,97,57,12,30,76,46,1"/><V109/><F33/><W127/><G1/><T6/><D131/><U125/><E110/><V104/><F109/><W123/><G123/><T88/><D92/><U98/><E77/><V130/><F130/><W74/><G30/><T80/><D80/><U2/><E2/><V112/><F112/><W83/><G114/><T19/><D6/><U73/><E73/><V118/><F126/><N who="3" m="48171" /><G12/><T4/><D4/><U75/><E75/><V27/><F58/><W48/><G97/><T90/><D90/><U39/><E38/><V62/><F62/><W100/><G100/><T56/><D40/><U105/><E105/><V122/><F122/><W10/><G10/><T85/><D85/><U91/><E129/><V99/><F8/><W17/><G17/><T43/><D43/><U121/><E121/><V54/><F13/><W135/><G135/><T51/><D67/><U133/><E133/><V16/><F54/><W69/><G69/><T18/><D28/><U101/><E9/><V37/><F37/><W103/><G103/><T82/><D82/><AGARI ba="0,0" hai="45,46,48,52,57,74,76,79,82,83,86" m="48171" machi="82" ten="30,2000,0" yaku="18,1,54,1" doraHai="113" who="3" fromWho="0" sc="255,-20,401,0,0,0,344,20" /><INIT seed="7,0,0,1,4,45" ten="235,401,0,364" oya="3" hai0="40,64,25,82,9,26,65,91,84,109,114,132,85" hai1="10,67,50,112,63,56,115,125,44,118,96,60,13" hai2="62,39,32,48,104,89,53,37,16,122,88,70,86" hai3="130,17,99,129,117,77,72,31,92,57,42,33,3"/><W49/><G3/><T7/><D109/><U21/><E96/><V81/><F32/><W24/><G117/><T5/><D114/><N who="1" m="43563" /><E21/><V103/><F122/><W131/><G17/><T78/><D132/><U123/><E13/><V22/><F70/><W2/><G2/><T0/><D0/><U19/><E19/><V54/><F62/><W93/><G99/><T29/><D29/><U73/><E10/><V47/><F104/><W75/><G77/><T128/><D128/><N who="3" m="32769" /><W36/><DORA hai="90" /><G36/><T38/><D38/><U15/><E15/><V105/><F105/><W107/><G107/><T79/><D40/><U116/><E73/><N who="3" m="28234" /><G42/><T30/><D30/><U119/><E125/><V87/><F103/><W46/><G46/><T80/><REACH who="0" step="1"/><D91/><REACH who="0" ten="225,401,0,364" step="2"/><U95/><E123/><V135/><F135/><W41/><G41/><T134/><D134/><U113/><E113/><V133/><F133/><W83/><G83/><T12/><D12/><U102/><E119/><V66/><F39/><W101/><G101/><T52/><D52/><AGARI ba="0,1" hai="24,31,33,49,52,57,92,93" m="28234,32769" machi="52" ten="50,12000,1" yaku="19,1,52,3,54,1" doraHai="45,90" who="3" fromWho="0" sc="225,-120,401,0,0,0,364,130" owari="105,-29.0,401,20.0,0,-50.0,494,59.0" /></mjloggm>