<mjloggm ver="2.3"><GO type="41" lobby="0"/><UN n0="%6A%6F%69%68" n1="%47%2D%32" n2="%E2%93%9D%53%75%70%68%78" n3="%E3%81%B1%E3%81%8A%E3%81%B1%E3%81%8A%E2%98%86" dan="14,15,17,14" rate="1902.18,2002.18,2041.12,1947.58" sx="M,M,M,M"/><TAIKYOKU oya="0"/><INIT seed="0,0,0,5,2,75" ten="250,250,250,250" oya="0" hai0="93,12,1,51,32,13,133,7,22,4,134,31,20" hai1="69,57,53,90,129,64,16,71,19,114,86,70,46" hai2="67,121,109,68,15,39,40,35,25,50,38,99,126" hai3="85,105,111,123,27,107,130,33,131,104,65,2,76"/><T94/><D51/><U95/><E129/><N who="3" m="49162" /><G111/><T119/><D94/><U28/><E114/><V106/><F15/><W124/><G124/><T42/><D93/><U128/><E128/><V10/><F10/><W0/><G123/><T54/><D54/><U116/><E116/><V58/><F99/><W23/><G33/><T43/><D42/><U29/><E64/><V79/><F25/><W135/><G135/><T6/><D43/><U91/><E46/><V9/><F9/><W55/><G65/><T87/><D87/><U21/><E91/><V115/><F106/><N who="3" m="27139" /><W24/><DORA hai="41" /><G55/><T118/><D1/><N who="3" m="617" /><G23/><N who="0" m="8747" /><D31/><U132/><E132/><N who="0" m="50793" /><D32/><U89/><E89/><V17/><F35/><W30/><G30/><T36/><D36/><U125/><E125/><V88/><F39/><W14/><G14/><AGARI ba="0,0" hai="4,6,7,12,13,14,118,119" m="50793,8747" machi="14" ten="40,12000,1" yaku="28,2,20,1,34,2" doraHai="75,41" who="0" fromWho="3" sc="250,120,250,0,250,0,250,-120" /><INIT seed="0,1,0,1,1,126" ten="370,250,250,130" oya="0" hai0="10,86,76,69,83,58,57,43,19,46,128,102,118" hai1="59,72,40,44,129,108,110,61,125,38,26,130,70" hai2="7,134,94,66,22,77,6,133,81,25,31,8,116" hai3="106,111,42,85,68,96,80,90,53,75,122,79,60"/><T100/><D118/><U37/><E72/><V0/><F66/><W33/><G111/><N who="1" m="42538" /><E125/><V99/><F7/><W74/><G122/><T88/><D69/><U17/><E70/><V121/><F121/><W62/><G33/><T5/><D19/><U23/><E38/><V78/><F116/><W73/><G42/><T67/><D88/><U103/><E103/><V124/><F124/><W65/><G60/><T47/><D47/><U28/><E28/><V112/><F112/><W34/><G34/><T82/><D82/><U120/><E120/><V115/><F115/><W95/><REACH who="3" step="1"/><G53/><AGARI ba="1,0" hai="17,23,26,37,40,44,53,59,61,129,130" m="42538" machi="53" ten="30,3900,0" yaku="14,1,52,2" doraHai="126" who="1" fromWho="3" sc="370,0,250,42,250,0,130,-42" /><INIT seed="1,0,0,4,5,61" ten="370,292,250,88" oya="1" hai0="106,58,45,126,124,125,103,80,54,87,99,85,83" hai1="33,36,64,96,37,79,34,90,134,21,110,74,107" hai2="62,2,76,49,109,66,118,128,56,18,133,102,24" hai3="91,35,32,104,130,127,9,132,22,50,84,113,88"/><U23/><E134/><V10/><F118/><W27/><G113/><T100/><D45/><U122/><E122/><V13/><F128/><W65/><G132/><T57/><D100/><U60/><E79/><V52/><F133/><W98/><G130/><T3/><D3/><U129/><E74/><V81/><F109/><W0/><G127/><T47/><D47/><U82/><E129/><V40/><F2/><W43/><G65/><T114/><D114/><U28/><E110/><V16/><F40/><W17/><G43/><T116/><D116/><U111/><E111/><V121/><F102/><W92/><G50/><T41/><D41/><U4/><E4/><V7/><F24/><W97/><G97/><T71/><D71/><U135/><E107/><V93/><F93/><W38/><G38/><T115/><D115/><U75/><E75/><V19/><F121/><W53/><G53/><T51/><D58/><U120/><E120/><V1/><F1/><W69/><G69/><T112/><D112/><U86/><E96/><V117/><F117/><W26/><G26/><T59/><D59/><U101/><E101/><V29/><F29/><W70/><G70/><T15/><D15/><U46/><E46/><N who="2" m="27703" /><F7/><W20/><G20/><N who="1" m="7754" /><E135/><V12/><F12/><N who="3" m="7311" /><G0/><T73/><D73/><U63/><E28/><V25/><F25/><W42/><G42/><T108/><D108/><U44/><E44/><V31/><F31/><N who="3" m="17911" /><G104/><T89/><D124/><U72/><E72/><V6/><F6/><W131/><G131/><T95/><D106/><U55/><E36/><V14/><F14/><W11/><G11/><RYUUKYOKU ba="0,0" sc="370,10,292,-30,250,10,88,10" hai0="51,54,57,80,83,85,87,89,95,99,103,125,126" hai2="10,13,16,18,19,56,62,66,76,81" hai3="32,35,84,88,91,92,98" /><INIT seed="2,1,0,4,5,71" ten="380,262,260,98" oya="2" hai0="61,83,78,116,1,37,110,22,102,95,77,13,10" hai1="14,11,134,66,38,70,31,128,40,133,97,23,59" hai2="87,72,30,9,117,94,79,50,52,132,35,4,26" hai3="67,73,85,121,129,82,123,24,86,75,0,47,62"/><V84/><F117/><W33/><G129/><T96/><D116/><U89/><E70/><V80/><F132/><W106/><G106/><T115/><D115/><U25/><E128/><V28/><F28/><W135/><G135/><T76/><D110/><U5/><E66/><V19/><F19/><W109/><G109/><T53/><D37/><U57/><E57/><V130/><F94/><W20/><G0/><T69/><D1/><U34/><E59/><V90/><F90/><W99/><G33/><T60/><D22/><U58/><E58/><V49/><F49/><W6/><G6/><T124/><D124/><U54/><E54/><V111/><F111/><W21/><G99/><T81/><D69/><U93/><REACH who="1" step="1"/><E34/><REACH who="1" ten="380,252,260,98" step="2"/><V127/><F130/><W91/><G67/><T45/><D53/><U112/><E112/><V100/><F127/><W104/><G123/><T17/><D45/><AGARI ba="1,1" hai="5,11,14,23,25,31,38,40,45,89,93,97,133,134" machi="45" ten="40,2600,0" yaku="1,1,52,1,53,0" doraHai="71" doraHaiUra="126" who="1" fromWho="0" sc="380,-29,252,39,260,0,98,0" /><INIT seed="3,0,0,0,3,50" ten="351,291,260,98" oya="3" hai0="76,22,42,8,107,98,87,73,88,12,109,66,11" hai1="68,20,135,102,30,132,24,5,120,43,75,82,95" hai2="34,23,19,90,26,46,1,126,113,28,2,116,115" hai3="44,60,58,16,99,89,112,53,133,92,106,121,41"/><W65/><G112/><N who="2" m="43081" /><F90/><W83/><G121/><T57/><D109/><U91/><E120/><V84/><F84/><W29/><G133/><T52/><D42/><U59/><E68/><V51/><F51/><W127/><G127/><T61/><D73/><U38/><E5/><V35/><F46/><W48/><G106/><T80/><D66/><U130/><E130/><V79/><F79/><W54/><G29/><T9/><D107/><U124/><E124/><V118/><F126/><W45/><G45/><T67/><D67/><U129/><E129/><V33/><F28/><W108/><G108/><T86/><D98/><U93/><E102/><V56/><F56/><W7/><G7/><N who="0" m="3103" /><D22/><U6/><E6/><V104/><F104/><W110/><G110/><T69/><D69/><U49/><E38/><V37/><F37/><W96/><G96/><T114/><D114/><U134/><E91/><V4/><F4/><W94/><G94/><AGARI ba="0,0" hai="9,11,52,57,61,76,80,86,87,88,94" m="3103" machi="94" ten="30,7700,0" yaku="8,1,52,1,54,2" doraHai="50" who="0" fromWho="3" sc="351,77,291,0,260,0,98,-77" /><INIT seed="4,0,0,2,1,59" ten="428,291,260,21" oya="0" hai0="8,46,100,38,90,101,40,42,108,123,132,64,41" hai1="21,118,26,130,68,4,20,135,62,84,65,15,7" hai2="75,76,109,1,60,43,67,39,131,3,50,81,97" hai3="56,6,63,28,48,54,22,77,55,58,119,115,127"/><T93/><D123/><U33/><E118/><V13/><F109/><W14/><G115/><T116/><D116/><U5/><E135/><V73/><F50/><W35/><G127/><T70/><D132/><U66/><E130/><V45/><F13/><W11/><G119/><T104/><D108/><U17/><E66/><V52/><F131/><W102/><G35/><T94/><D104/><U98/><E84/><V57/><F75/><W80/><G102/><T129/><D129/><U53/><E33/><V82/><F82/><W110/><G110/><T79/><D79/><U29/><E53/><V18/><F18/><W83/><REACH who="3" step="1"/><G77/><REACH who="3" ten="428,291,260,11" step="2"/><T88/><D100/><U128/><E128/><V10/><F97/><W133/><G133/><T69/><D101/><U25/><REACH who="1" step="1"/><E98/><REACH who="1" ten="428,281,260,11" step="2"/><V86/><F73/><W99/><G99/><T44/><D41/><U32/><E32/><V61/><REACH who="2" step="1"/><F10/><AGARI ba="0,2" hai="4,5,7,10,15,17,20,21,25,26,29,62,65,68" machi="10" ten="40,5200,0" yaku="1,1,52,1,53,1" doraHai="59" doraHaiUra="9" who="1" fromWho="2" sc="428,0,281,72,260,-52,11,0" /><INIT seed="5,0,0,5,5,86" ten="428,353,208,11" oya="1" hai0="83,20,15,130,24,49,75,70,91,102,12,32,82" hai1="63,97,74,76,55,2,132,43,124,48,128,67,126" hai2="104,69,56,87,100,6,81,93,31,120,96,8,65" hai3="18,98,66,105,135,92,73,133,61,127,36,11,46"/><U30/><E2/><V5/><F120/><W134/><G127/><N who="1" m="48682" /><E30/><V21/><F69/><W33/><G33/><T116/><D15/><U89/><E76/><V117/><F104/><W51/><G73/><T119/><D12/><U111/><E74/><V4/><F117/><W58/><G36/><T72/><D20/><U25/><E25/><V79/><F8/><W9/><G18/><T125/><D24/><U17/><E17/><V44/><F44/><W26/><G105/><T34/><D75/><U39/><E111/><V50/><F50/><W62/><G62/><T71/><D72/><U77/><E77/><V22/><REACH who="2" step="1"/><F31/><REACH who="2" ten="428,353,198,11" step="2"/><W23/><G51/><T35/><D119/><U78/><E48/><V122/><F122/><W115/><G46/><T59/><D49/><U57/><E39/><V129/><F129/><W16/><REACH who="3" step="1"/><G115/><REACH who="3" ten="428,353,198,1" step="2"/><T110/><D125/><U88/><E128/><V64/><F64/><W38/><G38/><T7/><D130/><U10/><E67/><V27/><F27/><W37/><G37/><T95/><D116/><U3/><E63/><AGARI ba="0,2" hai="4,5,6,21,22,56,63,65,79,81,87,93,96,100" machi="63" ten="40,2600,0" yaku="1,1,8,1,53,0" doraHai="86" doraHaiUra="40" who="2" fromWho="1" sc="428,0,353,-26,198,46,1,0" /><INIT seed="6,0,0,1,4,24" ten="428,327,244,1" oya="2" hai0="18,19,118,130,119,42,88,65,102,135,40,41,38" hai1="29,75,44,103,112,43,85,31,13,115,46,124,70" hai2="87,52,67,28,53,116,35,77,45,89,128,48,3" hai3="134,17,82,49,6,60,120,37,63,16,95,117,73"/><V98/><F116/><W50/><G37/><T109/><D109/><U47/><E75/><V129/><F3/><W86/><G117/><T32/><D130/><N who="2" m="50282" /><F67/><W20/><G73/><T54/><D42/><U15/><E70/><V126/><F77/><N who="3" m="46415" /><G120/><T92/><D19/><N who="3" m="7241" /><G134/><T132/><D18/><U104/><E43/><N who="2" m="24639" /><F126/><W39/><G39/><T59/><D41/><U5/><E124/><V51/><F98/><W122/><G122/><T10/><D40/><U74/><E74/><V90/><F87/><W23/><G6/><T83/><D38/><U58/><E85/><V30/><F35/><W69/><G69/><T25/><D32/><U61/><E103/><V99/><F53/><W106/><G106/><T0/><D54/><U72/><E104/><V12/><F12/><W8/><G8/><T66/><D135/><U91/><E72/><V131/><F131/><W97/><G50/><T14/><D132/><U123/><E123/><V64/><F64/><W56/><G49/><T68/><D66/><N who="1" m="39223" /><E5/><V125/><F125/><W93/><G93/><T22/><D65/><U114/><E13/><V9/><F9/><W107/><G107/><T4/><D14/><U36/><E36/><V79/><F79/><W96/><G96/><T133/><D133/><U34/><E34/><V105/><F105/><W110/><G110/><T33/><D33/><U121/><E121/><V2/><F2/><W71/><G71/><T81/><D68/><U21/><E15/><V94/><F90/><N who="3" m="55543" /><G56/><AGARI ba="0,0" hai="28,30,51,52,56,89,94,99" m="24639,50282" machi="56" ten="30,11600,0" yaku="19,1,52,2,54,1" doraHai="24" who="2" fromWho="3" sc="428,0,327,0,244,116,1,-116" owari="428,53.0,327,-7.0,360,16.0,-115,-62.0" /></mjloggm>