<mjloggm ver="2.3"><GO type="41" lobby="0"/><UN n0="%E2%93%9D%53%75%70%68%78" n1="%6D%61%6A%75%6E%69%61" n2="%6C%61%6B%61%6C%61%6B%61" n3="%E3%83%87%E3%82%A3%E3%83%B3%E3%82%B4%E3%83%80%E3%82%A4%E3%83%AB" dan="18,15,13,15" rate="2159.45,2010.20,1847.79,2013.72" sx="M,M,M,M"/><TAIKYOKU oya="0"/><INIT seed="0,0,0,5,1,71" ten="250,250,250,250" oya="0" hai0="9,115,20,98,27,109,118,11,104,102,28,89,37" hai1="133,23,72,68,83,5,26,55,120,103,88,10,32" hai2="4,69,43,24,111,50,34,75,84,126,52,64,2" hai3="127,58,92,3,90,81,108,19,49,53,21,15,130"/><T29/><D115/><U40/><E120/><V96/><F75/><W31/><G108/><T47/><D118/><U59/><E133/><V125/><F111/><W85/><G3/><T17/><D109/><U1/><E68/><V77/><F43/><W62/><G130/><T106/><D106/><U67/><E103/><V30/><F4/><W38/><G38/><T48/><D37/><U51/><E40/><V0/><F84/><W112/><G127/><N who="2" m="48649" /><F77/><W8/><G112/><T63/><D63/><U46/><E32/><V131/><F131/><W41/><G41/><T14/><D89/><U79/><E88/><V25/><F24/><W35/><G35/><T122/><D122/><U99/><E99/><V56/><F96/><W82/><G58/><T18/><REACH who="0" step="1"/><D11/><REACH who="0" ten="240,250,250,250" step="2"/><U121/><E121/><V134/><F134/><W100/><G62/><AGARI ba="0,1" hai="0,2,25,30,34,50,52,56,62,64,69" m="48649" machi="62" ten="30,2000,0" yaku="18,1,54,1" doraHai="71" who="2" fromWho="3" sc="240,0,250,0,250,30,250,-20" /><INIT seed="1,0,0,0,0,17" ten="240,250,280,230" oya="1" hai0="48,30,84,87,26,74,85,81,24,98,49,15,117" hai1="83,37,73,99,110,23,121,47,93,38,0,95,16" hai2="4,120,68,122,69,118,107,60,92,53,135,78,111" hai3="3,45,64,91,71,57,12,25,112,86,39,20,116"/><U67/><E121/><V19/><F118/><W28/><G3/><T27/><D117/><U100/><E0/><V127/><F111/><W56/><G112/><T103/><D74/><U21/><E110/><V52/><F107/><W50/><G39/><T18/><D30/><U6/><E6/><V66/><F4/><W29/><G29/><T88/><D103/><U58/><E95/><V51/><F78/><W106/><G106/><T10/><REACH who="0" step="1"/><D81/><REACH who="0" ten="230,250,280,230" step="2"/><U80/><E73/><V62/><F120/><W54/><G116/><T102/><D102/><U89/><E100/><V104/><F122/><W63/><REACH who="3" step="1"/><G12/><REACH who="3" ten="230,250,280,220" step="2"/><T34/><D34/><U76/><E76/><V8/><F104/><W5/><G5/><T96/><D96/><U124/><E99/><V132/><F19/><W126/><G126/><T59/><D59/><U40/><E124/><V131/><F127/><W7/><G7/><T75/><D75/><U123/><E58/><V133/><F92/><AGARI ba="0,2" hai="20,25,28,45,50,54,56,57,63,64,71,86,91,92" machi="92" ten="30,8000,1" yaku="1,1,7,1,52,1,53,2" doraHai="17" doraHaiUra="55" who="3" fromWho="2" sc="230,0,250,0,280,-80,220,100" /><AGARI ba="0,0" hai="10,15,18,24,26,27,48,49,84,85,87,88,92,98" machi="92" ten="40,5200,0" yaku="1,1,8,1,54,1,53,0" doraHai="17" doraHaiUra="55" who="0" fromWho="2" sc="230,52,250,0,200,-52,320,0" /><INIT seed="2,0,0,5,5,20" ten="282,250,148,320" oya="2" hai0="56,8,110,99,69,132,12,112,97,100,78,119,114" hai1="43,47,128,94,55,115,62,22,88,108,79,133,134" hai2="118,39,33,59,1,16,44,7,30,14,63,87,38" hai3="84,36,120,23,53,106,67,54,98,117,72,26,29"/><V127/><F118/><W19/><G72/><T4/><D69/><U123/><E115/><V2/><F127/><W9/><G117/><T111/><D119/><U40/><E123/><V101/><F44/><W121/><G36/><T49/><D78/><U50/><E128/><V131/><F131/><W109/><G109/><N who="0" m="41483" /><D132/><N who="1" m="50795" /><E108/><V37/><F101/><W68/><G120/><T61/><D49/><U85/><E79/><V83/><F7/><W0/><G84/><T5/><D5/><U75/><E75/><V76/><F30/><W77/><G77/><T129/><D129/><U91/><E62/><V31/><F31/><W74/><G74/><T103/><D103/><U104/><E104/><V92/><F33/><W64/><G106/><N who="0" m="63759" /><D99/><N who="1" m="57799" /><E22/><V3/><F92/><AGARI ba="0,0" hai="40,43,47,50,55,85,91,92" m="57799,50795" machi="92" ten="30,2000,0" yaku="20,1,54,1" doraHai="20" who="1" fromWho="2" sc="282,0,250,20,148,-20,320,0" /><INIT seed="3,0,0,5,5,74" ten="282,270,128,320" oya="3" hai0="44,49,20,2,77,105,58,54,55,120,82,92,22" hai1="129,16,53,43,108,52,111,112,118,0,47,14,128" hai2="110,70,38,116,35,126,106,61,46,90,65,113,40" hai3="131,121,67,37,117,101,57,89,123,7,103,18,87"/><W135/><G37/><T93/><D105/><U34/><E112/><V84/><F113/><W115/><G117/><T69/><D69/><U15/><E34/><V99/><F116/><W4/><G115/><T12/><D2/><U75/><E0/><V3/><F90/><W31/><G131/><N who="1" m="50250" /><E75/><V88/><F110/><N who="1" m="42025" /><E118/><V86/><F126/><W1/><G1/><T132/><D132/><U30/><E14/><V23/><F3/><W80/><G31/><T102/><D120/><U48/><E30/><V9/><F35/><W94/><G135/><T119/><D119/><U19/><E19/><V127/><F127/><W71/><G71/><T72/><D12/><U73/><E73/><V62/><F9/><AGARI ba="0,0" hai="9,15,16,43,47,48,52,53" m="42025,50250" machi="9" ten="30,7700,0" yaku="19,1,14,1,54,2" doraHai="74" who="1" fromWho="2" sc="282,0,270,77,128,-77,320,0" /><INIT seed="4,0,0,2,1,0" ten="282,347,51,320" oya="0" hai0="23,87,123,126,43,128,46,47,20,69,108,10,104" hai1="127,8,19,134,81,30,115,131,36,58,44,90,83" hai2="74,25,27,110,61,33,31,9,54,39,97,13,17" hai3="130,64,89,67,94,100,132,125,113,72,18,88,28"/><T1/><D123/><U79/><E127/><V119/><F110/><W105/><G113/><T2/><D69/><U66/><E131/><V32/><F39/><W7/><G105/><T14/><D104/><U4/><E134/><V101/><F119/><W16/><G130/><T51/><D128/><U120/><E120/><V109/><F74/><W60/><G72/><T116/><D116/><U53/><E30/><V92/><F109/><W59/><G132/><T102/><D102/><U15/><E66/><V68/><F54/><W80/><G67/><T38/><D126/><U63/><E115/><V24/><F33/><W5/><G28/><T3/><D87/><U111/><E111/><V73/><F73/><W70/><G70/><T77/><D77/><U37/><E44/><V55/><F55/><W62/><G62/><T86/><D86/><U135/><E135/><V107/><REACH who="2" step="1"/><F92/><REACH who="2" ten="282,347,41,320" step="2"/><W133/><G133/><T65/><D108/><U112/><E53/><V42/><F42/><W6/><G125/><T76/><D65/><AGARI ba="0,1" hai="9,13,17,24,25,27,31,32,61,65,68,97,101,107" machi="65" ten="40,5200,0" yaku="1,1,25,2,53,0" doraHai="0" doraHaiUra="106" who="2" fromWho="0" sc="282,-52,347,0,41,62,320,0" /><INIT seed="5,0,0,1,0,118" ten="230,347,103,320" oya="1" hai0="89,53,63,108,28,54,55,23,5,132,128,30,91" hai1="123,59,50,8,17,13,95,121,58,16,32,88,39" hai2="83,135,113,96,110,75,104,35,66,40,70,21,33" hai3="99,41,109,120,97,64,61,2,6,7,131,36,77"/><U119/><E39/><V85/><F110/><W125/><G109/><T68/><D108/><U98/><E119/><V52/><F40/><W122/><G131/><T56/><D68/><U107/><E32/><V78/><F135/><W57/><G125/><T100/><D132/><U103/><E17/><V12/><F113/><W60/><G77/><T22/><D100/><U101/><E101/><V133/><F133/><W102/><G97/><T20/><D5/><U43/><E59/><V81/><F96/><W31/><G31/><N who="0" m="11819" /><D128/><U38/><E38/><V90/><F104/><W134/><G134/><T69/><D69/><U67/><E67/><AGARI ba="0,0" hai="20,22,23,53,54,55,56,63,67,89,91" m="11819" machi="67" ten="30,1000,0" yaku="8,1" doraHai="118" who="0" fromWho="1" sc="230,10,347,-10,103,0,320,0" /><INIT seed="6,0,0,1,5,0" ten="240,337,103,320" oya="2" hai0="87,89,18,134,75,133,98,115,114,27,50,56,94" hai1="108,61,41,15,36,8,45,72,70,105,127,52,23" hai2="2,100,109,79,42,85,28,63,122,30,95,34,77" hai3="49,102,37,121,68,103,48,9,110,3,101,96,82"/><V31/><F122/><W117/><G37/><T126/><D56/><U54/><E108/><V38/><F34/><W5/><G110/><T119/><D50/><U17/><E127/><V118/><F109/><W71/><G117/><T19/><D19/><U57/><E105/><V131/><F118/><W58/><G96/><T64/><D64/><U6/><E70/><V11/><F63/><W104/><G104/><T120/><D18/><U78/><E78/><V29/><N who="2" m="7168" /><DORA hai="47" /><V116/><F116/><W4/><G121/><T135/><D27/><U106/><E106/><V130/><F42/><W26/><G26/><T113/><D119/><U69/><E69/><N who="3" m="26698" /><G82/><N who="0" m="49399" /><D75/><U51/><E72/><V10/><F2/><W128/><G58/><T90/><D120/><U129/><E129/><N who="2" m="49163" /><F38/><W1/><G9/><N who="2" m="3081" /><F85/><W74/><G128/><T13/><D13/><N who="1" m="5271" /><E36/><V35/><F35/><W67/><G74/><T24/><D24/><U99/><E99/><AGARI ba="0,0" hai="77,79,95,99,100" m="3081,49163,7168" machi="99" ten="50,2400,0" yaku="19,1" doraHai="0,47" who="2" fromWho="1" sc="240,0,337,-24,103,24,320,0" /><INIT seed="6,1,0,4,4,56" ten="240,313,127,320" oya="2" hai0="72,110,129,128,112,43,60,133,111,97,33,80,19" hai1="21,39,77,122,89,126,25,0,70,10,26,2,48" hai2="30,114,119,54,8,4,12,101,14,124,57,84,127" hai3="104,92,6,20,102,74,42,93,5,32,47,125,134"/><V22/><F119/><W58/><G32/><T94/><D43/><U103/><E122/><V90/><F101/><W50/><G74/><T120/><D19/><U107/><E39/><V16/><F114/><W79/><G79/><N who="0" m="44135" /><D33/><U118/><E70/><V91/><F91/><W78/><G78/><T18/><D18/><U69/><E69/><V52/><F54/><W55/><G125/><N who="2" m="48201" /><F30/><W95/><G134/><T64/><D120/><U23/><E126/><V28/><F28/><W115/><G115/><T66/><D66/><U131/><E131/><N who="0" m="50249" /><D112/><U83/><E118/><V17/><F90/><W123/><G123/><T31/><D31/><U100/><E89/><V61/><F84/><W117/><G117/><T7/><D133/><U82/><E107/><V11/><F4/><W41/><G41/><T121/><D7/><U99/><E10/><AGARI ba="1,0" hai="8,10,11,12,14,16,17,22,52,57,61" m="48201" machi="10" ten="30,11600,0" yaku="18,1,52,1,54,2" doraHai="56" who="2" fromWho="1" sc="240,0,313,-119,127,119,320,0" /><INIT seed="6,2,0,0,4,130" ten="240,194,246,320" oya="2" hai0="50,5,27,51,76,105,53,114,36,88,67,28,120" hai1="6,127,35,87,3,54,56,131,68,101,121,38,129" hai2="46,59,30,4,11,7,69,103,109,84,119,65,2" hai3="29,74,125,16,21,82,58,107,94,75,72,71,10"/><V115/><F119/><W128/><G71/><T52/><D36/><U112/><E121/><V31/><F109/><W13/><G107/><T98/><D120/><U8/><E38/><V99/><F69/><W100/><G128/><N who="1" m="49226" /><E68/><V61/><F115/><W57/><G82/><T89/><D67/><U45/><E127/><V12/><F46/><W116/><G125/><T133/><D5/><U63/><E35/><V44/><F44/><W96/><G116/><T95/><D105/><U77/><E101/><V23/><F23/><W102/><G102/><T41/><D76/><U48/><E112/><V18/><F84/><W122/><G122/><T113/><D41/><N who="1" m="24623" /><E87/><V60/><F60/><W86/><G86/><T134/><D114/><U25/><E25/><V14/><F2/><W40/><G40/><T24/><D113/><U0/><E77/><V32/><F32/><W111/><G111/><T43/><D43/><U37/><E37/><V39/><F39/><W33/><G33/><T20/><D27/><U135/><E0/><V1/><F1/><W126/><G126/><T70/><D89/><U132/><AGARI ba="2,0" hai="3,6,8,54,56,63,132,135" m="24623,49226" machi="132" ten="30,4000,0" yaku="19,1,52,2" doraHai="130" who="1" fromWho="1" sc="240,-12,194,46,246,-22,320,-12" /><INIT seed="7,0,0,3,0,61" ten="228,240,224,308" oya="3" hai0="99,120,75,5,1,117,96,101,131,23,46,66,18" hai1="71,49,122,9,58,31,35,103,126,119,95,20,33" hai2="73,11,52,16,116,7,0,77,8,6,80,55,102" hai3="91,98,21,113,92,60,111,4,57,12,36,47,93"/><W13/><G111/><T43/><D117/><U88/><E122/><V54/><F116/><W19/><G113/><T63/><D120/><U2/><E71/><V132/><F132/><W39/><G47/><T34/><D34/><U67/><E103/><V89/><F102/><W76/><G76/><T78/><D131/><U118/><E126/><V112/><F112/><W130/><G130/><T29/><D29/><U114/><E114/><V107/><F107/><W3/><G3/><T134/><D134/><U17/><E118/><V15/><REACH who="2" step="1"/><F89/><REACH who="2" ten="228,240,214,308" step="2"/><W104/><G104/><T83/><D101/><U110/><E88/><V40/><F40/><W108/><G108/><T27/><D1/><U105/><E110/><V51/><F51/><W128/><G128/><T87/><D75/><U133/><E49/><V86/><F86/><W50/><G50/><T115/><D115/><U72/><E105/><V37/><F37/><W30/><G39/><T127/><D127/><U85/><E72/><V68/><F68/><W56/><G36/><T125/><D125/><U32/><E133/><V64/><F64/><W100/><G100/><T22/><D99/><U24/><E119/><V106/><F106/><W82/><G98/><T90/><D96/><U44/><E85/><V45/><F45/><W48/><G48/><N who="0" m="26719" /><D90/><U79/><E44/><V14/><F14/><W62/><G12/><T84/><D84/><U70/><E70/><V10/><F10/><W81/><G13/><T97/><D97/><U129/><E9/><V135/><F135/><W42/><G91/><T41/><D41/><U74/><E74/><RYUUKYOKU ba="0,1" sc="228,-10,240,-10,214,30,308,-10" hai2="0,6,7,8,11,15,16,52,54,55,73,77,80" /><INIT seed="8,1,1,3,5,90" ten="218,230,244,298" oya="0" hai0="0,96,73,133,69,106,57,3,75,1,49,17,134" hai1="23,11,92,119,10,62,95,72,56,18,85,118,50" hai2="81,53,112,22,64,76,126,68,77,7,98,27,127" hai3="37,44,19,24,28,35,33,45,128,38,13,15,86"/><T93/><D69/><U31/><E72/><V107/><F112/><W26/><G128/><T8/><D106/><U117/><E85/><V71/><F7/><W20/><G33/><T124/><D124/><N who="2" m="47658" /><F53/><W91/><G44/><T6/><D17/><U43/><E31/><N who="2" m="17911" /><F81/><W42/><G37/><T12/><D49/><U83/><E83/><AGARI ba="1,1" hai="13,15,19,20,24,26,28,35,38,42,45,83,86,91" machi="83" ten="30,1000,0" yaku="7,1" doraHai="90" who="3" fromWho="1" sc="218,0,230,-13,244,0,298,23" owari="218,-18.0,217,-28.0,244,4.0,321,42.0" /></mjloggm>