<mjloggm ver="2.3"><GO type="41" lobby="0"/><UN n0="%E3%82%A8%E3%82%B0%E3%83%81%E3%80%81" n1="%E6%96%87%58" n2="%E2%93%9D%53%75%70%68%78" n3="%E5%A4%8F%E8%A1%A3" dan="15,14,18,14" rate="2051.00,1970.68,2100.03,2019.91" sx="M,M,M,M"/><TAIKYOKU oya="0"/><INIT seed="0,0,0,2,4,55" ten="250,250,250,250" oya="0" hai0="14,101,10,26,67,86,61,66,117,38,6,16,70" hai1="78,18,118,124,75,82,27,90,54,13,43,35,9" hai2="88,57,93,80,29,94,107,120,60,100,63,31,12" hai3="45,32,20,102,112,103,41,108,69,85,132,105,2"/><T11/><D117/><U17/><E118/><V7/><F107/><W110/><G112/><T131/><D131/><U71/><E71/><V116/><F120/><W22/><G2/><T39/><D101/><N who="3" m="38409" /><G32/><T115/><D115/><U83/><E124/><V104/><F63/><W59/><G69/><T77/><D67/><U135/><E135/><V49/><F49/><N who="3" m="26799" /><G105/><T42/><D42/><U74/><E43/><V28/><F104/><W52/><G85/><T23/><REACH who="0" step="1"/><D11/><REACH who="0" ten="240,250,250,250" step="2"/><U89/><E9/><N who="2" m="4159" /><F100/><W111/><G132/><T79/><D79/><U121/><E78/><V134/><F134/><W65/><G65/><T106/><D106/><U0/><E121/><V133/><F133/><W36/><G36/><T130/><D130/><U129/><E129/><V126/><F116/><W64/><G64/><T84/><D84/><U98/><E75/><V123/><F123/><W62/><AGARI ba="0,1" hai="20,22,52,59,62,108,110,111" m="26799,38409" machi="62" ten="40,5200,0" yaku="14,1,52,1,54,1" doraHai="55" who="3" fromWho="3" sc="240,-26,250,-13,250,-13,250,62" /><INIT seed="1,0,0,2,0,37" ten="214,237,237,312" oya="1" hai0="2,121,101,103,58,30,3,83,8,39,78,14,124" hai1="108,33,9,1,88,53,41,26,49,99,132,15,21" hai2="110,45,24,23,32,52,84,135,125,29,119,133,86" hai3="89,131,102,17,55,106,113,27,66,56,87,98,7"/><U69/><E69/><V11/><F119/><W128/><G7/><T127/><D39/><U36/><E132/><N who="2" m="50763" /><F110/><W47/><G113/><T82/><D30/><U70/><E70/><V126/><F11/><W65/><G17/><T67/><D67/><U85/><E99/><V95/><F95/><N who="3" m="54719" /><G27/><T112/><D58/><N who="1" m="33071" /><E108/><V50/><F32/><W129/><G47/><T38/><D112/><U22/><E36/><V134/><F134/><W12/><G12/><T61/><D61/><AGARI ba="0,0" hai="55,56,61,65,66,98,102,106,128,129,131" m="54719" machi="61" ten="30,1000,0" yaku="19,1" doraHai="37" who="3" fromWho="0" sc="214,-10,237,0,237,0,312,10" /><INIT seed="2,0,0,0,1,32" ten="204,237,237,322" oya="2" hai0="63,116,78,71,62,134,87,22,125,39,2,127,36" hai1="45,120,130,101,30,42,118,6,114,12,25,16,8" hai2="50,107,129,111,79,24,110,74,75,54,19,92,28" hai3="59,95,99,106,70,40,51,102,26,48,82,68,31"/><V117/><F107/><W115/><G115/><T41/><D87/><U93/><E114/><V69/><F69/><W94/><G68/><T81/><D81/><U108/><E120/><V46/><F117/><W60/><G82/><T124/><D78/><U4/><E118/><V85/><F19/><W98/><G40/><T132/><D22/><U29/><E108/><N who="2" m="41515" /><F129/><W83/><G83/><T104/><D104/><U49/><E130/><V55/><F55/><W76/><G76/><T128/><D2/><U38/><E38/><N who="0" m="14377" /><D116/><U84/><E30/><V27/><F27/><W1/><G95/><T96/><D96/><N who="1" m="59535" /><E84/><V35/><F79/><W21/><G1/><T89/><D89/><AGARI ba="0,0" hai="24,28,35,46,50,54,74,75,85,89,92" m="41515" machi="89" ten="30,2900,0" yaku="14,1,10,1" doraHai="32" who="2" fromWho="0" sc="204,-29,237,0,237,29,322,0" /><INIT seed="2,1,0,4,2,34" ten="175,237,266,322" oya="2" hai0="63,33,43,81,71,116,129,126,100,35,22,125,5" hai1="89,21,119,31,15,96,131,114,45,91,108,4,62" hai2="28,1,117,132,102,24,76,66,112,39,74,61,134" hai3="37,122,111,26,98,86,97,123,103,46,93,50,92"/><V69/><F112/><W41/><G111/><T40/><D100/><U106/><E108/><V11/><F117/><W75/><G75/><T9/><D116/><U58/><E114/><V73/><F39/><W109/><G109/><T107/><D107/><U82/><E119/><V36/><F36/><W115/><G115/><T8/><D22/><U130/><E45/><V51/><F51/><W120/><G26/><T53/><D81/><U80/><E106/><V94/><F94/><W54/><G86/><T10/><D5/><U77/><E96/><V2/><F11/><W44/><REACH who="3" step="1"/><G120/><REACH who="3" ten="175,237,266,312" step="2"/><T85/><D126/><U113/><E113/><V16/><F74/><W65/><G65/><T57/><D125/><U67/><E131/><V49/><F73/><W59/><G59/><T127/><D129/><U87/><E130/><V88/><F134/><W84/><G84/><T52/><D127/><U70/><E70/><V101/><F132/><W128/><G128/><T19/><D71/><U118/><E118/><V6/><F69/><W104/><G104/><T124/><D124/><U55/><E67/><V105/><F66/><W110/><G110/><T133/><D133/><U99/><E87/><V60/><F105/><W135/><G135/><T32/><D85/><U38/><E58/><V29/><F24/><W83/><G83/><T27/><REACH who="0" step="1"/><D53/><REACH who="0" ten="165,237,266,312" step="2"/><U12/><E55/><V25/><F76/><W42/><G42/><T23/><AGARI ba="1,2" hai="8,9,10,19,23,27,32,33,35,40,43,52,57,63" machi="23" ten="40,8000,1" yaku="1,1,2,1,0,1,54,1,53,0" doraHai="34" doraHaiUra="64" who="0" fromWho="0" sc="165,103,237,-21,266,-41,312,-21" /><INIT seed="3,0,0,5,1,82" ten="268,216,225,291" oya="3" hai0="110,103,12,124,70,32,97,67,19,102,46,26,57" hai1="83,35,52,69,123,112,96,109,59,39,2,135,5" hai2="79,98,8,43,6,24,11,13,61,111,88,18,90" hai3="126,125,94,100,134,68,91,22,113,93,49,127,120"/><W63/><G113/><T115/><D110/><U119/><RYUUKYOKU type="yao9" ba="0,0" sc="268,0,216,0,225,0,291,0" hai1="2,5,35,39,52,59,69,83,96,109,112,119,123,135" /><INIT seed="3,1,0,3,4,101" ten="268,216,225,291" oya="3" hai0="119,99,36,85,11,12,4,111,35,20,38,128,86" hai1="5,44,131,104,64,58,124,130,77,68,125,82,116" hai2="40,25,23,106,69,115,28,105,91,120,18,13,6" hai3="3,46,0,65,57,67,121,76,45,133,27,102,71"/><W48/><G133/><T96/><D119/><U62/><E5/><V2/><F115/><W88/><G121/><T112/><D111/><U32/><E58/><V97/><F69/><W51/><G76/><T24/><D112/><U72/><E44/><V114/><F114/><W79/><G79/><T16/><D128/><N who="1" m="49195" /><E32/><N who="2" m="20495" /><F40/><W52/><G102/><T108/><D108/><U43/><E43/><V78/><F78/><W87/><G71/><T74/><D74/><U110/><E110/><V122/><F91/><W127/><G127/><N who="1" m="48714" /><E116/><V56/><F97/><W39/><G39/><T123/><D123/><N who="2" m="47146" /><F56/><W22/><G3/><T84/><D38/><U41/><E41/><V1/><F6/><W83/><G0/><AGARI ba="1,0" hai="0,1,2,13,18,23,105,106" m="47146,20495" machi="0" ten="30,3900,0" yaku="13,1,52,2" doraHai="101" who="2" fromWho="3" sc="268,0,216,0,225,42,291,-42" /><INIT seed="4,0,0,2,5,7" ten="268,216,267,249" oya="0" hai0="8,22,10,3,103,23,47,133,42,57,100,93,98" hai1="85,11,5,74,121,44,108,79,87,112,80,14,111" hai2="20,124,129,54,40,75,37,33,16,107,127,101,105" hai3="130,89,71,86,43,94,61,73,4,126,48,90,52"/><T77/><D133/><U134/><E134/><V99/><F33/><W97/><G130/><T21/><D3/><U114/><E121/><V83/><F129/><W9/><G126/><N who="2" m="48169" /><F54/><W106/><G73/><T115/><D115/><N who="1" m="44075" /><E44/><N who="2" m="23567" /><F83/><W60/><G43/><T35/><D35/><U25/><E25/><N who="2" m="14471" /><F75/><W66/><G61/><T64/><D77/><U110/><AGARI ba="0,0" hai="5,11,14,74,79,80,85,87,108,110,111" m="44075" machi="110" ten="40,5200,0" yaku="15,1,11,1,52,1" doraHai="7" who="1" fromWho="1" sc="268,-26,216,52,267,-13,249,-13" /><INIT seed="5,0,0,1,1,5" ten="242,268,254,236" oya="1" hai0="126,33,37,115,73,6,19,45,56,53,68,87,54" hai1="118,85,2,31,58,119,75,113,10,133,0,3,44" hai2="83,17,134,55,86,110,36,42,57,98,30,16,93" hai3="43,27,84,95,64,26,23,77,130,18,63,71,105"/><U14/><E75/><V60/><F110/><W79/><G130/><T12/><D73/><U22/><E113/><V81/><F134/><W40/><G105/><T32/><D68/><U103/><E103/><V7/><F30/><W20/><G79/><T46/><D115/><U49/><E133/><V29/><F29/><W69/><G71/><T127/><D6/><U67/><E85/><V117/><F117/><W129/><G129/><T39/><D56/><U65/><E58/><V9/><F42/><W8/><G8/><T21/><D12/><U112/><E112/><V100/><F36/><W34/><G34/><T99/><D87/><U78/><E78/><V101/><F101/><W124/><G124/><T104/><D21/><U25/><E118/><V114/><F114/><W70/><G69/><T106/><REACH who="0" step="1"/><D19/><REACH who="0" ten="232,268,254,236" step="2"/><U72/><E72/><V82/><REACH who="2" step="1"/><F86/><REACH who="2" ten="232,268,244,236" step="2"/><W131/><G131/><T15/><D15/><AGARI ba="0,2" hai="7,9,15,16,17,55,57,60,81,82,83,93,98,100" machi="15" ten="40,8000,1" yaku="1,1,2,1,8,1,52,1,54,1,53,0" doraHai="5" doraHaiUra="24" who="2" fromWho="0" sc="232,-80,268,0,244,100,236,0" /><INIT seed="6,0,0,4,1,120" ten="152,268,344,236" oya="2" hai0="16,101,76,78,121,18,88,2,30,129,54,118,86" hai1="125,123,89,98,134,109,41,110,81,57,68,65,55" hai2="87,56,10,131,99,0,46,21,19,27,97,93,5" hai3="79,33,82,53,66,62,92,64,13,111,43,32,74"/><V7/><F131/><W52/><G43/><T49/><D121/><U15/><E123/><V22/><F46/><W91/><G66/><T104/><D118/><U45/><E15/><V102/><F7/><W1/><G1/><T9/><D129/><U130/><E98/><V44/><F44/><W135/><G135/><T26/><D101/><U34/><E34/><V59/><F87/><W48/><G13/><T71/><D104/><U106/><E106/><V85/><F85/><W124/><G124/><T83/><D71/><U122/><E81/><V37/><F37/><W39/><G39/><T132/><D132/><U75/><E75/><V73/><F73/><W12/><G12/><N who="0" m="7183" /><D2/><U105/><E89/><V17/><F99/><W112/><G112/><T94/><D18/><U117/><E105/><V28/><F19/><W128/><G128/><T70/><D70/><U107/><E107/><V20/><REACH who="2" step="1"/><F17/><REACH who="2" ten="152,268,334,236" step="2"/><W11/><G74/><T51/><D94/><U3/><E122/><V38/><F38/><W4/><G92/><T40/><D40/><U36/><E134/><V127/><F127/><W80/><G4/><T72/><D72/><U58/><E130/><V35/><AGARI ba="0,1" hai="0,5,10,20,21,22,27,28,35,56,59,93,97,102" machi="35" ten="30,3000,0" yaku="1,1,0,1,53,0" doraHai="120" doraHaiUra="61" who="2" fromWho="2" sc="152,-10,268,-10,334,40,236,-10" /><INIT seed="6,1,0,3,1,48" ten="142,258,374,226" oya="2" hai0="72,51,113,17,53,11,23,111,78,102,131,55,77" hai1="69,135,105,73,36,117,116,130,75,19,40,2,57" hai2="42,50,68,8,126,47,79,54,45,30,127,4,37" hai3="59,24,92,122,129,43,60,104,12,86,26,16,20"/><V93/><F30/><W134/><G122/><T110/><D113/><U21/><E21/><V3/><F68/><W13/><G104/><T18/><D131/><U15/><E15/><V44/><F93/><W0/><G0/><T89/><D102/><U125/><E57/><V70/><F70/><W7/><G129/><T1/><D89/><U119/><E40/><V14/><F79/><W63/><G43/><T27/><D51/><U29/><E19/><V61/><F61/><W94/><G134/><T6/><D17/><U65/><E65/><V67/><F67/><W39/><G39/><T83/><REACH who="0" step="1"/><D77/><REACH who="0" ten="132,258,374,226" step="2"/><U96/><E119/><V121/><F50/><W82/><G63/><T38/><D38/><U32/><E29/><V115/><F37/><W64/><G24/><T101/><D101/><U28/><E28/><V124/><F115/><W133/><G133/><T123/><D123/><U90/><E117/><V71/><F121/><W95/><G7/><T114/><D114/><U99/><E90/><AGARI ba="1,1" hai="12,13,16,20,26,59,60,64,82,86,90,92,94,95" machi="90" ten="40,2600,0" yaku="8,1,54,1" doraHai="48" who="3" fromWho="1" sc="132,0,258,-29,374,0,226,39" /><INIT seed="7,0,0,4,4,77" ten="132,229,374,265" oya="3" hai0="46,72,35,61,122,13,53,42,75,44,123,100,127" hai1="9,41,39,2,24,101,105,63,1,97,38,106,21" hai2="22,66,48,4,8,11,74,87,88,124,5,80,102" hai3="95,112,52,103,14,12,40,65,16,90,56,7,71"/><W107/><G112/><T76/><D100/><U89/><E106/><V129/><F74/><W62/><G40/><T84/><D35/><U49/><E49/><V17/><F129/><W45/><G45/><T47/><D13/><U36/><E63/><V132/><F132/><W130/><G130/><T29/><D29/><U94/><E9/><N who="2" m="3659" /><F124/><W79/><G7/><T98/><D47/><U135/><E135/><V3/><F3/><W60/><G79/><T113/><D76/><U114/><E114/><V20/><F66/><W133/><G133/><T19/><D19/><U93/><E41/><V86/><F102/><W115/><G115/><T28/><D42/><U33/><E33/><V64/><F64/><W50/><G62/><T54/><D113/><U57/><E57/><V118/><F118/><W18/><G18/><T85/><D61/><U81/><E81/><N who="2" m="49231" /><F48/><W43/><G43/><T26/><D28/><U108/><E24/><N who="2" m="14351" /><F22/><N who="3" m="11527" /><G14/><T104/><D26/><U131/><E94/><V83/><F83/><W32/><G32/><T91/><D104/><U134/><E97/><V78/><AGARI ba="0,0" hai="4,5,78,80,87" m="14351,49231,3659" machi="78" ten="30,7900,0" yaku="8,1,52,2,54,1" doraHai="77" who="2" fromWho="2" sc="132,-20,229,-20,374,79,265,-39" owari="112,-39.0,209,-19.0,453,55.0,226,3.0" /></mjloggm>