<mjloggm ver="2.3"><GO type="41" lobby="0"/><UN n0="%E2%93%9D%53%75%70%68%78" n1="%E3%81%BC%E3%81%AE" n2="%E6%9C%9D%E6%97%A5" n3="%6D%69%6E%61%30%36%30%36" dan="16,15,15,14" rate="2041.91,2043.46,2047.16,1968.65" sx="M,M,F,M"/><TAIKYOKU oya="0"/><INIT seed="0,0,0,2,1,39" ten="250,250,250,250" oya="0" hai0="19,116,0,104,38,44,60,37,88,23,32,27,5" hai1="63,59,16,25,66,112,134,14,102,98,7,73,13" hai2="101,89,48,11,106,42,58,76,53,18,41,132,72" hai3="47,35,15,17,10,65,46,122,118,86,51,24,71"/><T33/><D104/><U69/><E134/><V1/><F132/><W29/><G122/><T130/><D116/><U124/><E124/><V62/><F72/><W80/><G118/><T43/><D130/><U64/><E112/><V67/><F76/><W108/><G108/><T97/><D38/><U91/><E73/><V6/><F101/><W28/><G28/><T40/><D40/><U105/><E7/><V87/><F18/><W30/><G30/><T2/><D60/><U4/><E4/><V3/><F106/><W119/><G47/><T126/><D126/><U82/><E66/><V54/><F54/><W45/><G45/><T131/><D131/><U9/><E14/><V103/><F103/><W77/><G119/><T49/><D37/><U113/><E113/><V74/><F74/><W133/><G133/><T85/><D97/><U90/><E69/><V107/><F107/><W120/><G120/><T115/><D115/><U123/><E123/><V129/><F1/><W94/><G94/><T100/><D100/><U56/><E82/><V21/><F21/><W127/><G127/><T55/><D55/><U12/><E59/><V50/><F129/><W121/><G121/><T128/><D128/><U79/><E79/><V111/><F111/><W109/><G109/><T20/><D20/><N who="1" m="11279" /><E25/><V83/><REACH who="2" step="1"/><F50/><REACH who="2" ten="250,250,240,250" step="2"/><W52/><G65/><T78/><D78/><U26/><E26/><V99/><F99/><W92/><G51/><T114/><D114/><U96/><E96/><V36/><F36/><W75/><G75/><T93/><D2/><U84/><E84/><V70/><AGARI ba="0,1" hai="3,6,11,41,42,48,53,58,62,67,70,83,87,89" machi="70" ten="20,12000,2" yaku="1,1,5,1,0,1,7,1,52,2,53,0" doraHai="39" doraHaiUra="95" who="2" fromWho="2" sc="250,-60,250,-30,240,130,250,-30" /><INIT seed="1,0,0,2,4,83" ten="190,220,370,220" oya="1" hai0="2,67,44,102,104,57,132,15,100,58,124,111,69" hai1="129,133,117,64,48,59,18,31,113,92,52,66,120" hai2="56,7,77,1,81,135,134,127,119,26,22,36,51" hai3="4,38,114,53,12,23,6,27,74,34,47,35,105"/><U39/><E31/><V108/><F36/><W8/><G105/><T75/><D2/><U90/><E113/><V13/><F1/><W17/><G74/><T128/><D75/><U29/><E117/><V10/><F119/><W126/><G53/><T112/><D128/><U60/><E120/><V30/><F108/><W68/><G68/><T25/><D132/><U91/><E129/><V106/><F106/><W41/><G114/><T63/><D124/><U28/><E133/><V50/><F127/><W49/><G38/><T115/><D15/><U116/><E116/><V32/><F135/><W79/><G79/><T84/><D111/><U40/><E64/><V93/><F134/><W45/><G45/><T87/><D44/><U80/><E18/><V121/><F121/><W78/><G78/><T96/><D102/><U71/><E80/><V107/><F107/><W3/><G6/><T76/><D76/><U24/><E90/><V85/><F32/><W9/><G126/><T0/><D0/><U21/><E29/><V123/><F123/><W110/><G110/><T109/><D109/><U72/><E72/><V20/><F20/><W98/><G98/><T86/><REACH who="0" step="1"/><D25/><REACH who="0" ten="180,220,370,220" step="2"/><U97/><REACH who="1" step="1"/><E39/><REACH who="1" ten="180,210,370,220" step="2"/><V125/><F125/><W46/><G3/><T62/><D62/><U99/><E99/><V88/><REACH who="2" step="1"/><F56/><AGARI ba="0,2" hai="56,57,58,63,67,69,84,86,87,96,100,104,112,115" machi="56" ten="40,8000,1" yaku="1,1,52,3,53,0" doraHai="83" doraHaiUra="19" who="0" fromWho="2" sc="180,100,210,0,370,-80,220,0" /><INIT seed="2,0,0,1,2,131" ten="280,210,290,220" oya="2" hai0="14,110,122,127,119,33,53,134,106,26,46,66,115" hai1="11,120,24,49,52,75,88,112,64,13,89,47,55" hai2="78,23,56,16,68,69,125,135,114,60,113,4,0" hai3="71,95,27,121,93,86,100,74,128,126,51,76,92"/><V25/><F125/><W40/><G71/><T42/><D106/><U91/><E112/><V124/><F124/><W77/><G121/><T9/><D122/><U84/><E75/><V41/><F69/><W58/><G126/><T17/><D110/><U59/><E120/><V50/><F68/><W19/><G74/><T54/><D66/><U111/><E111/><V37/><F37/><W105/><G105/><T6/><D115/><U2/><E2/><V22/><F78/><W38/><G38/><T117/><D134/><U129/><E24/><V102/><F102/><W67/><G40/><T29/><D127/><U36/><E64/><V44/><F22/><W43/><G43/><T3/><D42/><U34/><E34/><V94/><F94/><W62/><G51/><T99/><D99/><U82/><E129/><V104/><F104/><W80/><G77/><T10/><REACH who="0" step="1"/><D46/><REACH who="0" ten="270,210,290,220" step="2"/><U28/><E36/><V20/><F135/><W109/><G109/><T132/><D132/><U72/><E72/><V21/><F114/><W98/><G128/><T61/><D61/><N who="1" m="36071" /><E28/><V133/><F113/><W70/><G70/><T81/><D81/><U65/><E65/><V5/><F133/><W87/><G80/><T8/><D8/><U45/><E47/><V39/><F39/><W48/><G98/><T79/><D79/><U103/><E103/><V30/><F30/><W107/><G76/><T97/><D97/><U108/><E108/><V96/><F96/><W83/><G107/><T85/><D85/><U63/><E63/><V101/><F60/><W57/><G87/><T73/><D73/><RYUUKYOKU ba="0,1" sc="270,15,210,15,290,-15,220,-15" hai0="3,6,9,10,14,17,26,29,33,53,54,117,119" hai1="11,13,45,49,55,82,84,88,89,91" /><INIT seed="3,1,1,2,5,77" ten="285,225,275,205" oya="3" hai0="30,87,111,112,64,69,1,40,13,59,17,122,63" hai1="117,74,32,66,65,78,16,19,114,34,85,102,35" hai2="68,110,37,36,92,62,109,52,86,91,27,33,76" hai3="107,56,26,108,97,127,89,3,73,38,44,67,120"/><W131/><G120/><T132/><D1/><U96/><E114/><V41/><F41/><W24/><G3/><T80/><D122/><U0/><E0/><V128/><F128/><W29/><G127/><T104/><D104/><U58/><E74/><V113/><F113/><W51/><G38/><T116/><D132/><U71/><E71/><V79/><F36/><W25/><G73/><T15/><D111/><N who="2" m="42506" /><F37/><W54/><G131/><T99/><D116/><U8/><E117/><V47/><F68/><W121/><G121/><T55/><D30/><U12/><E19/><V28/><F47/><W83/><G107/><T53/><D99/><U81/><REACH who="1" step="1"/><E58/><AGARI ba="1,1" hai="27,28,33,52,58,62,76,79,86,91,92" m="42506" machi="58" ten="30,2000,0" yaku="14,1,54,1" doraHai="77" who="2" fromWho="1" sc="285,0,225,-23,275,33,205,0" /><INIT seed="4,0,0,4,2,90" ten="285,202,308,205" oya="0" hai0="104,1,63,62,93,102,54,64,61,0,24,56,85" hai1="71,42,33,131,25,108,125,59,40,109,77,57,43" hai2="79,74,115,92,101,129,27,106,70,3,34,49,116" hai3="18,100,89,117,31,128,53,134,10,81,67,72,132"/><T50/><D104/><U45/><E33/><V41/><F92/><W15/><G100/><T4/><D1/><U91/><E77/><V17/><F17/><W120/><G117/><T46/><D0/><U7/><E7/><V123/><F49/><W28/><G67/><T29/><D4/><U78/><E78/><V86/><F86/><W96/><G128/><T6/><D6/><U20/><E131/><V5/><F41/><W66/><G66/><T82/><D82/><U47/><E71/><V107/><F107/><W22/><G72/><T119/><D119/><U121/><E121/><V110/><F101/><W11/><G53/><T95/><D95/><U21/><E91/><V44/><F44/><W68/><G68/><T51/><D51/><U76/><E76/><V52/><F5/><W114/><G120/><T60/><D85/><U97/><E40/><V73/><F79/><W8/><G114/><T83/><D83/><U55/><E55/><V135/><F52/><W58/><G58/><T103/><REACH who="0" step="1"/><D93/><REACH who="0" ten="275,202,308,205" step="2"/><U130/><E130/><V26/><F26/><W16/><G81/><T133/><D133/><U19/><E25/><V48/><F48/><W122/><G134/><T14/><D14/><U69/><E43/><V32/><F27/><W118/><G118/><T9/><D9/><U65/><E42/><V35/><F73/><W13/><G132/><T23/><AGARI ba="0,1" hai="23,24,29,46,50,54,56,60,61,62,63,64,102,103" machi="23" ten="30,6000,0" yaku="1,1,0,1,8,1,53,0" doraHai="90" doraHaiUra="126" who="0" fromWho="0" sc="275,70,202,-20,308,-20,205,-20" /><INIT seed="4,1,0,5,0,35" ten="345,182,288,185" oya="0" hai0="128,50,9,28,126,102,15,64,11,115,125,51,69" hai1="94,89,99,59,127,76,103,16,44,7,73,132,12" hai2="84,93,121,23,112,97,129,113,14,49,26,27,20" hai3="36,39,6,52,0,38,2,71,120,41,10,124,85"/><T13/><D115/><U1/><E132/><V101/><F121/><W87/><G71/><T100/><D28/><U92/><E127/><V3/><F129/><W117/><G117/><T83/><D83/><U55/><E73/><V79/><F14/><W68/><G68/><T105/><D69/><U40/><E76/><V60/><F113/><W4/><G41/><T95/><D95/><U24/><E24/><V110/><F112/><W114/><G114/><T46/><D46/><U25/><E25/><V98/><F60/><W32/><G32/><T61/><D61/><U80/><E80/><V5/><F98/><W109/><G109/><T21/><D21/><U34/><E34/><V88/><F79/><W82/><G124/><T17/><D105/><U74/><E74/><V58/><F110/><W19/><G19/><T72/><D72/><U123/><E44/><V122/><F122/><W30/><G30/><T78/><D78/><U47/><E47/><V104/><F23/><W116/><G116/><T75/><D75/><U130/><E40/><V96/><F96/><W53/><G120/><T18/><REACH who="0" step="1"/><D64/><REACH who="0" ten="335,182,288,185" step="2"/><U65/><E65/><V81/><F20/><W134/><G134/><T111/><D111/><U37/><E94/><V135/><F104/><W62/><G62/><T119/><D119/><U91/><E92/><V33/><F33/><W77/><G87/><T56/><D56/><U29/><E59/><V90/><F135/><W108/><G108/><T131/><AGARI ba="1,1" hai="9,11,13,15,17,18,50,51,100,102,125,126,128,131" machi="131" ten="25,9600,0" yaku="1,1,0,1,22,2,53,0" doraHai="35" doraHaiUra="106" who="0" fromWho="0" sc="335,109,182,-33,288,-33,185,-33" /><INIT seed="4,2,0,3,4,128" ten="444,149,255,152" oya="0" hai0="51,3,90,75,83,16,41,111,132,60,117,15,57" hai1="67,79,19,130,50,118,46,8,135,18,98,71,89" hai2="104,99,119,80,106,70,7,42,25,17,127,66,88" hai3="33,6,61,102,114,13,21,68,82,109,4,107,122"/><T78/><D3/><U121/><E118/><V26/><F119/><W28/><G82/><T96/><D111/><U2/><E121/><V48/><F7/><W52/><G109/><T34/><D34/><U113/><E130/><V129/><F129/><W53/><G33/><T133/><D117/><U32/><E32/><V31/><F70/><W11/><G6/><T74/><D51/><U1/><E79/><V35/><F66/><W97/><G114/><T38/><D41/><U44/><E67/><V69/><F69/><W115/><G115/><T94/><D38/><U77/><E71/><V72/><F72/><W55/><G68/><T43/><D43/><U108/><E113/><V65/><F65/><W116/><G116/><T45/><D45/><U62/><E62/><V124/><F25/><W27/><REACH who="3" step="1"/><G122/><REACH who="3" ten="444,149,255,142" step="2"/><T14/><D75/><U59/><E108/><V39/><F35/><W101/><G101/><T54/><D15/><U134/><E2/><V103/><F103/><W12/><G12/><T37/><D37/><U93/><E1/><V125/><F39/><W49/><G49/><T84/><D74/><U56/><E77/><V24/><F48/><W40/><G40/><T29/><D29/><U20/><E46/><V0/><F42/><W92/><G92/><T58/><D58/><AGARI ba="2,1" hai="4,11,13,21,27,28,52,53,55,58,61,97,102,107" machi="58" ten="40,2600,0" yaku="1,1,54,1,53,0" doraHai="128" doraHaiUra="64" who="3" fromWho="0" sc="444,-32,149,0,255,0,142,42" /><INIT seed="5,0,0,1,3,97" ten="412,149,255,184" oya="1" hai0="49,22,20,24,111,10,0,90,130,74,108,40,30" hai1="32,84,69,109,82,106,66,25,110,42,112,51,107" hai2="63,121,73,11,129,44,127,72,29,60,96,41,117" hai3="81,70,101,1,52,64,8,102,75,88,85,47,5"/><U18/><E69/><V54/><F117/><W58/><G75/><T67/><D130/><U23/><E66/><V135/><F121/><W55/><G70/><T89/><D74/><U122/><E122/><V2/><F129/><W93/><G64/><T68/><D0/><U83/><E112/><V103/><F29/><W27/><G27/><T86/><D90/><U28/><E42/><V59/><F60/><W125/><G125/><T53/><D10/><U56/><E56/><V50/><F127/><W113/><G113/><T35/><D40/><U36/><E51/><V13/><F2/><W12/><G1/><T38/><D38/><U123/><E36/><V26/><F26/><W114/><G114/><T116/><D116/><U33/><E83/><V132/><F132/><W57/><G47/><T14/><D14/><U92/><E92/><V133/><F133/><W19/><G5/><T98/><D68/><U15/><E32/><V119/><F119/><W118/><G81/><T79/><D35/><U134/><E123/><V3/><F3/><W48/><G118/><T115/><D115/><U34/><E34/><V17/><REACH who="2" step="1"/><F135/><REACH who="2" ten="412,149,245,184" step="2"/><W16/><G19/><T46/><D30/><U6/><E6/><V99/><F99/><W80/><G80/><T78/><D98/><U95/><E134/><V120/><F120/><W76/><G76/><T128/><D79/><N who="1" m="46175" /><E95/><AGARI ba="0,1" hai="11,13,17,41,44,50,54,59,63,72,73,95,96,103" machi="95" ten="30,3900,0" yaku="1,1,7,1,52,1,53,0" doraHai="97" doraHaiUra="100" who="2" fromWho="1" sc="412,0,149,-39,245,49,184,0" /><INIT seed="6,0,0,5,3,91" ten="412,110,294,184" oya="2" hai0="74,78,4,58,127,43,70,76,80,61,108,11,19" hai1="124,46,59,68,6,65,42,132,22,95,51,100,111" hai2="49,121,123,38,67,16,44,86,33,131,29,79,64" hai3="82,41,13,116,24,47,28,73,113,89,72,83,34"/><V57/><F38/><W10/><G116/><T32/><D108/><U88/><E124/><V3/><F3/><W101/><G101/><T48/><D32/><U104/><E132/><V110/><F110/><W87/><G83/><T31/><D70/><U26/><E6/><V128/><F29/><W115/><G115/><T133/><D19/><U130/><E130/><N who="2" m="49707" /><F33/><W25/><G25/><T35/><D78/><U62/><E104/><V53/><F79/><W112/><G112/><T40/><D48/><U30/><E111/><V75/><F75/><W125/><G125/><T37/><D133/><U39/><E100/><V36/><F86/><W17/><REACH who="3" step="1"/><G113/><REACH who="3" ten="412,110,294,174" step="2"/><T15/><D127/><U69/><REACH who="1" step="1"/><E39/><AGARI ba="0,1" hai="10,13,17,24,28,34,39,41,47,72,73,82,87,89" machi="39" ten="30,3900,0" yaku="1,1,2,1,7,1,53,0" doraHai="91" doraHaiUra="18" who="3" fromWho="1" sc="412,0,110,-39,294,0,174,49" /><INIT seed="7,0,0,4,0,32" ten="412,71,294,223" oya="3" hai0="133,103,126,82,2,94,96,36,69,41,64,87,24" hai1="90,98,55,9,14,70,66,10,52,117,92,84,118" hai2="61,7,53,26,49,79,108,105,19,99,11,95,40" hai3="81,89,76,8,29,38,4,110,91,58,47,104,123"/><W56/><G123/><T30/><D2/><U135/><E135/><V5/><F108/><W62/><G104/><T3/><D3/><U13/><E70/><V31/><F105/><W63/><G29/><T23/><D126/><U60/><E117/><V97/><F79/><W35/><G35/><T33/><D41/><U122/><E122/><V78/><F78/><W83/><G83/><T106/><D36/><U25/><E25/><V127/><F127/><W18/><G18/><T100/><D100/><U15/><E118/><V20/><F99/><W113/><G113/><T21/><D94/><U132/><E132/><V28/><F40/><W43/><G58/><T42/><D42/><U75/><E75/><V17/><F17/><W134/><G63/><N who="0" m="40095" /><D133/><U128/><E128/><V34/><F61/><W74/><G110/><T107/><D107/><U111/><E111/><V54/><F5/><W124/><G124/><T101/><D101/><U46/><E98/><V37/><F37/><W44/><G44/><T73/><D73/><U102/><E102/><N who="2" m="60735" /><F34/><W109/><G109/><T93/><D93/><U119/><E119/><V68/><F68/><W77/><G77/><AGARI ba="0,0" hai="21,23,24,30,33,77,82,87,96,103,106" m="40095" machi="77" ten="30,1000,0" yaku="25,1" doraHai="32" who="0" fromWho="3" sc="412,10,71,0,294,0,223,-10" owari="422,53.0,71,-43.0,294,9.0,213,-19.0" /></mjloggm>