<mjloggm ver="2.3"><GO type="41" lobby="0"/><UN n0="%E2%93%9D%53%75%70%68%78" n1="%7A%61%77%61%63%6F" n2="%E3%81%82%E3%81%8B%E3%81%84%E3%81%88%E3%82%93%E3%81%B4%E3%81%A4" n3="%4B%49%4E%59%41" dan="17,14,14,14" rate="2042.68,1916.04,1917.47,1905.47" sx="M,F,M,M"/><TAIKYOKU oya="0"/><INIT seed="0,0,0,4,5,26" ten="250,250,250,250" oya="0" hai0="65,29,37,36,51,76,33,101,22,134,42,73,105" hai1="46,6,50,12,80,127,84,103,48,0,66,57,124" hai2="23,125,40,5,31,34,17,120,95,94,92,109,99" hai3="14,87,102,3,41,117,104,88,111,63,116,9,72"/><T24/><D134/><U100/><E0/><V133/><F120/><W10/><G111/><T20/><D51/><U122/><E122/><V121/><F121/><W19/><G72/><T130/><D130/><U1/><E1/><V113/><F113/><W77/><G77/><T91/><D91/><U123/><E123/><V44/><F5/><W93/><G41/><T49/><D49/><U18/><E6/><V69/><F69/><W108/><G108/><T126/><D126/><N who="1" m="48171" /><E57/><V7/><F125/><W106/><G3/><T16/><D42/><N who="1" m="24663" /><E66/><V27/><F7/><W54/><G10/><T114/><D114/><U62/><E62/><V38/><F109/><W15/><G15/><T11/><D11/><N who="1" m="6431" /><E50/><V110/><F133/><W82/><G116/><T55/><D55/><U83/><E83/><V70/><F70/><W71/><G117/><T68/><D65/><U43/><E43/><V85/><F110/><W75/><G71/><T131/><D68/><U13/><E13/><V28/><F99/><W97/><REACH who="3" step="1"/><G75/><REACH who="3" ten="250,250,250,240" step="2"/><T135/><D73/><U39/><E39/><V4/><F4/><W8/><G8/><T118/><D37/><U47/><E47/><V67/><F40/><W132/><G132/><T60/><D135/><U2/><E2/><V90/><F44/><W78/><G78/><AGARI ba="0,1" hai="78,80,84,100,103" m="6431,24663,48171" machi="78" ten="30,1000,0" yaku="18,1" doraHai="26" who="1" fromWho="3" sc="250,0,250,20,250,0,240,-10" /><INIT seed="1,0,0,5,1,5" ten="250,270,250,230" oya="1" hai0="6,13,0,18,97,47,15,50,60,1,65,134,89" hai1="54,68,25,63,66,43,82,75,19,81,41,109,94" hai2="112,105,64,110,12,72,115,40,88,69,83,107,131" hai3="121,129,71,34,48,73,51,96,53,127,22,95,91"/><U21/><E109/><V130/><F40/><W98/><G121/><T36/><D36/><U61/><E94/><V135/><F12/><W39/><G39/><T99/><D134/><U123/><E123/><V23/><F23/><W8/><G34/><T102/><D89/><U85/><E75/><V20/><F20/><W100/><G71/><T108/><D108/><U106/><E106/><V33/><F110/><W113/><G113/><N who="2" m="43593" /><F33/><W9/><G73/><T52/><D6/><U45/><E61/><N who="2" m="40079" /><F88/><W42/><G127/><T10/><D15/><U28/><E28/><V78/><F135/><W24/><G129/><AGARI ba="0,0" hai="72,78,83,105,107,129,130,131" m="40079,43593" machi="129" ten="30,3900,0" yaku="19,1,11,1,23,1" doraHai="5" who="2" fromWho="3" sc="250,0,270,0,250,39,230,-39" /><INIT seed="2,0,0,5,2,92" ten="250,270,289,191" oya="2" hai0="4,133,11,131,32,82,86,45,49,102,3,12,129" hai1="18,25,63,97,66,33,41,15,26,72,109,36,111" hai2="55,27,6,54,17,94,42,79,78,50,118,65,77" hai3="56,1,90,76,71,123,99,20,31,48,43,52,23"/><V2/><F118/><W104/><G123/><T85/><D32/><U112/><E112/><V87/><F65/><W58/><G71/><T51/><D133/><U37/><E72/><V62/><F42/><W61/><G1/><T135/><D135/><U80/><E80/><V22/><F2/><W84/><G31/><T121/><D121/><U53/><E53/><V57/><F6/><W0/><G0/><T125/><D125/><U114/><E114/><V110/><F110/><N who="1" m="41993" /><E97/><V115/><F115/><W70/><G70/><T47/><D3/><U46/><E36/><V24/><F24/><W119/><G119/><T95/><D86/><U34/><E26/><V68/><F68/><W122/><G122/><T69/><D69/><N who="1" m="42207" /><E25/><V98/><F87/><W38/><G38/><T5/><D85/><U127/><E127/><V132/><F132/><W108/><G108/><T128/><D82/><U9/><AGARI ba="0,0" hai="9,15,18,33,34,37,41,46" m="42207,41993" machi="9" ten="30,1100,0" yaku="14,1" doraHai="92" who="1" fromWho="1" sc="250,-3,270,11,289,-5,191,-3" /><INIT seed="3,0,0,0,4,48" ten="247,281,284,188" oya="3" hai0="101,34,17,67,72,36,95,2,124,119,79,90,24" hai1="22,69,88,106,58,41,89,19,116,61,26,99,129" hai2="75,113,11,102,56,55,66,118,73,50,14,54,1" hai3="131,6,121,128,97,44,112,111,94,4,82,103,38"/><W74/><G121/><T135/><D36/><U7/><E129/><N who="3" m="49738" /><G112/><T5/><D67/><U71/><E116/><V133/><F118/><W46/><G111/><T27/><D135/><U25/><E41/><V60/><F113/><W0/><G0/><T120/><D124/><U85/><E7/><N who="3" m="2602" /><G38/><T123/><D119/><U16/><E106/><V51/><F1/><W64/><G64/><T127/><D127/><U47/><E47/><N who="3" m="17962" /><G82/><T28/><D123/><U35/><E26/><V52/><F133/><W98/><G74/><T114/><D72/><U32/><E25/><V80/><F73/><W107/><G98/><T70/><D120/><U39/><E99/><V68/><F75/><W115/><G115/><T130/><D130/><U84/><E39/><V105/><F80/><W30/><G30/><T21/><D114/><U81/><E81/><V29/><F29/><W9/><G9/><T18/><D2/><U23/><REACH who="1" step="1"/><E58/><REACH who="1" ten="247,271,284,188" step="2"/><N who="2" m="33143" /><F105/><AGARI ba="0,1" hai="94,97,103,105,107" m="17962,2602,49738" machi="105" ten="30,1500,0" yaku="19,1" doraHai="48" who="3" fromWho="2" sc="247,0,271,0,284,-15,188,25" /><INIT seed="3,1,0,3,0,28" ten="247,271,269,213" oya="3" hai0="86,23,91,51,33,97,56,108,18,114,30,12,105" hai1="9,69,121,117,49,52,130,63,22,57,112,89,131" hai2="118,26,54,21,14,124,66,1,110,127,102,84,123" hai3="81,47,75,106,70,31,134,101,24,6,25,5,111"/><W13/><G70/><T41/><D108/><U74/><E74/><V119/><F1/><W115/><G111/><T17/><D114/><U126/><E22/><V32/><F110/><W94/><G115/><T68/><D68/><U78/><E78/><V132/><F66/><W125/><G106/><T10/><D105/><U82/><E9/><V39/><F39/><W37/><G75/><T19/><D97/><U45/><E89/><V59/><F14/><W133/><G37/><T71/><D71/><U85/><E85/><V80/><F102/><W61/><G61/><T8/><D33/><U77/><E77/><V2/><F2/><W15/><G47/><N who="0" m="26095" /><D56/><U72/><E82/><V116/><F54/><W65/><G65/><T107/><D107/><U129/><E72/><V36/><F59/><W55/><G55/><T53/><D53/><N who="1" m="29871" /><E112/><V79/><F36/><W128/><G81/><N who="0" m="49615" /><D12/><N who="3" m="4681" /><G94/><T87/><D87/><U76/><E76/><V93/><F93/><W73/><G73/><T104/><D104/><U58/><E121/><V103/><F103/><W46/><G46/><T34/><D34/><U40/><E117/><V7/><F32/><N who="3" m="20583" /><G101/><T20/><D20/><U135/><E129/><V60/><F119/><W16/><G128/><T95/><D95/><U44/><E69/><V35/><F80/><W67/><G67/><T0/><D0/><U99/><E130/><V4/><F84/><W11/><G11/><T98/><D98/><U50/><E99/><V29/><F79/><W3/><G3/><T92/><D92/><U38/><E131/><V27/><F118/><W109/><G109/><RYUUKYOKU ba="1,0" sc="247,30,271,-10,269,-10,213,-10" hai0="8,10,17,18,19,23,30" /><INIT seed="4,2,0,1,5,74" ten="277,261,259,203" oya="0" hai0="76,107,128,69,85,81,73,131,4,37,68,109,106" hai1="25,119,0,88,96,26,84,31,15,135,130,65,72" hai2="101,40,105,80,9,102,13,115,50,66,38,64,3" hai3="94,59,35,132,52,57,71,47,123,5,6,95,125"/><T32/><D85/><U97/><E119/><V98/><F3/><W27/><G71/><N who="0" m="27211" /><D109/><U108/><E108/><V87/><F38/><W120/><G35/><T45/><D4/><U111/><E111/><V60/><F102/><W44/><G132/><T54/><D54/><U12/><E0/><V133/><F133/><W117/><G117/><T33/><D45/><U20/><E135/><V78/><F60/><W75/><G75/><T70/><D70/><U39/><E39/><V126/><F115/><W2/><G2/><T51/><D51/><U8/><E130/><N who="0" m="49705" /><D37/><U48/><E72/><V53/><F126/><W129/><G129/><T91/><D91/><U89/><E65/><V127/><F127/><W103/><G125/><T121/><D121/><U56/><E48/><V23/><F40/><W118/><G118/><T82/><D82/><U83/><E56/><V113/><F113/><W104/><G103/><T7/><D7/><U30/><E89/><V112/><F112/><W116/><G116/><T14/><D14/><U19/><REACH who="1" step="1"/><E12/><REACH who="1" ten="277,251,259,203" step="2"/><V34/><F66/><W124/><G124/><T67/><D67/><U114/><E114/><V17/><F64/><W46/><G46/><T90/><D90/><U92/><E92/><V43/><F43/><W110/><G110/><T122/><D122/><U99/><E99/><V134/><F134/><W16/><G123/><T36/><D36/><U93/><E93/><V28/><F50/><W79/><G120/><T62/><D62/><U42/><E42/><V22/><F53/><W55/><G95/><T63/><D63/><U29/><E29/><RYUUKYOKU ba="2,1" sc="277,10,251,10,259,10,203,-30" hai0="32,33,73,76,81,106,107" hai1="8,15,19,20,25,26,30,31,83,84,88,96,97" hai2="9,13,17,22,23,28,34,78,80,87,98,101,105" /><INIT seed="4,3,1,1,4,97" ten="287,261,269,173" oya="0" hai0="62,22,123,133,34,59,20,58,83,10,25,66,9" hai1="134,119,13,104,36,107,26,60,76,132,65,18,127" hai2="39,48,37,95,125,32,106,130,54,51,7,21,44" hai3="131,111,78,2,49,94,52,122,120,12,5,3,77"/><T64/><D123/><U17/><E119/><V0/><F32/><W35/><G35/><T4/><D133/><N who="1" m="51307" /><E36/><V114/><F106/><W47/><G131/><T89/><D34/><U112/><E127/><V82/><F114/><W100/><G111/><T84/><D22/><N who="1" m="13655" /><E76/><V27/><F7/><W135/><G135/><T1/><D1/><U117/><E112/><V121/><F0/><W68/><G68/><T46/><D4/><U113/><E117/><V129/><F121/><N who="3" m="46699" /><G3/><T56/><D46/><U99/><E99/><V126/><F95/><W45/><G2/><T128/><D128/><N who="2" m="49258" /><F82/><W71/><G71/><T87/><D87/><U79/><E79/><V85/><F85/><W98/><G47/><T29/><REACH who="0" step="1"/><D66/><REACH who="0" ten="277,261,269,173" step="2"/><U74/><E74/><V90/><F37/><W31/><G31/><T101/><D101/><U63/><E113/><V50/><F39/><W57/><G45/><T24/><D24/><U61/><E65/><V88/><F54/><W93/><G5/><T15/><D15/><U8/><AGARI ba="3,2" hai="8,13,17,60,61,63,104,107" m="13655,51307" machi="8" ten="30,1100,0" yaku="20,1" doraHai="97" who="1" fromWho="1" sc="277,-8,261,40,269,-6,173,-6" /><INIT seed="5,0,0,0,2,59" ten="269,301,263,167" oya="1" hai0="61,50,129,127,16,86,76,53,79,33,15,83,38" hai1="6,36,5,69,77,17,71,73,10,120,93,14,55" hai2="107,67,82,65,34,128,81,7,123,57,95,109,30" hai3="110,112,125,21,40,121,131,13,58,118,132,72,48"/><U35/><E120/><V105/><F95/><W91/><G40/><T64/><D33/><U62/><E35/><V1/><F34/><W85/><G85/><T133/><D38/><U26/><E36/><V68/><F68/><W19/><G48/><T0/><D0/><U60/><E77/><V27/><F27/><W78/><G58/><N who="0" m="36919" /><D129/><U115/><E73/><V8/><F8/><W12/><G91/><N who="0" m="51679" /><D127/><U47/><E69/><V99/><F99/><W56/><G56/><N who="0" m="32823" /><D133/><U75/><E71/><V28/><F57/><W96/><G96/><T20/><AGARI ba="0,0" hai="15,16,20,76,79" m="32823,51679,36919" machi="20" ten="30,4000,0" yaku="8,1,52,1,54,1" doraHai="59" who="0" fromWho="0" sc="269,40,301,-20,263,-10,167,-10" /><INIT seed="6,0,0,4,3,66" ten="309,281,253,157" oya="2" hai0="68,46,26,18,23,76,12,61,85,48,87,74,51" hai1="133,2,17,100,121,28,8,122,80,90,71,109,60" hai2="130,52,102,95,24,97,5,113,94,39,81,72,64" hai3="44,57,62,111,21,37,65,49,20,93,45,15,63"/><V75/><F64/><W103/><G111/><T106/><D106/><U101/><E109/><V131/><F39/><W69/><G15/><T127/><D74/><U107/><E28/><V19/><F5/><W9/><G9/><T88/><D127/><U50/><E133/><V53/><F113/><W105/><G105/><T128/><D128/><N who="2" m="49194" /><F94/><W40/><G103/><T92/><D68/><U86/><E50/><V58/><F81/><W108/><G93/><T70/><D70/><U132/><E132/><V67/><F67/><N who="3" m="41207" /><G21/><T77/><D61/><U123/><E60/><N who="2" m="35911" /><F53/><N who="3" m="29863" /><G20/><AGARI ba="0,0" hai="19,20,24,72,75,95,97,102" m="35911,49194" machi="20" ten="30,2900,0" yaku="19,1,54,1" doraHai="66" who="2" fromWho="3" sc="309,0,281,0,253,29,157,-29" /><INIT seed="6,1,0,5,1,47" ten="309,281,282,128" oya="2" hai0="0,25,31,43,94,16,112,49,78,41,121,117,17" hai1="86,70,133,131,87,65,13,84,108,90,55,74,82" hai2="66,27,35,26,20,12,62,59,116,114,53,39,2" hai3="107,83,106,7,96,81,11,50,6,76,56,104,123"/><V89/><F116/><W8/><G123/><T64/><D0/><U73/><E108/><V92/><F2/><W125/><G125/><T48/><D121/><U60/><E131/><V5/><F35/><W21/><G21/><N who="0" m="15791" /><D112/><U122/><E133/><V28/><F39/><W71/><G71/><T19/><D117/><U101/><E122/><V54/><F114/><W134/><G134/><T9/><D64/><U15/><E86/><V93/><F26/><W22/><G22/><T10/><D78/><U80/><E101/><V127/><F127/><W67/><G96/><T129/><D94/><U46/><E74/><V115/><F115/><W69/><G69/><T42/><D129/><U14/><E73/><V126/><F126/><W68/><G68/><T30/><D30/><U75/><E75/><V34/><F92/><W79/><G67/><T32/><D32/><U1/><E1/><V109/><F109/><W119/><G119/><T99/><D99/><U45/><REACH who="1" step="1"/><E55/><REACH who="1" ten="309,271,282,128" step="2"/><V113/><F113/><W61/><G107/><T4/><D4/><U40/><E40/><V85/><F34/><W37/><G106/><T98/><D98/><U91/><AGARI ba="1,1" hai="13,14,15,45,46,60,65,70,80,82,84,87,90,91" machi="91" ten="30,4000,0" yaku="1,1,0,1,9,1,53,0" doraHai="47" doraHaiUra="38" who="1" fromWho="1" sc="309,-11,271,53,282,-21,128,-11" /><INIT seed="7,0,0,1,1,75" ten="298,324,261,117" oya="3" hai0="36,13,4,17,18,31,10,71,54,120,109,8,128" hai1="118,110,119,125,133,98,135,25,56,74,33,15,63" hai2="73,123,83,23,50,66,126,121,55,70,77,79,86" hai3="80,47,0,72,89,58,43,96,124,116,132,62,107"/><W81/><G116/><N who="1" m="44586" /><E110/><V32/><F32/><W88/><G132/><T57/><D71/><U103/><E74/><V53/><F70/><W65/><G124/><T40/><D109/><U1/><E125/><V5/><F66/><W35/><G35/><T91/><D128/><U99/><E1/><V26/><F5/><W85/><G0/><T44/><D120/><N who="2" m="46154" /><F126/><W122/><G122/><T101/><D101/><U37/><E37/><V19/><F73/><W21/><G107/><T129/><D31/><N who="1" m="19695" /><E15/><V48/><F48/><N who="3" m="26751" /><G72/><T84/><D129/><U59/><E99/><V112/><F112/><W60/><G60/><T114/><D114/><U92/><E59/><N who="2" m="33271" /><F53/><AGARI ba="0,0" hai="53,56,63,92,98,103,133,135" m="19695,44586" machi="53" ten="30,1000,0" yaku="12,1" doraHai="75" who="1" fromWho="2" sc="298,0,324,10,261,-10,117,0" owari="298,10.0,334,43.0,251,-15.0,117,-38.0" /></mjloggm>