<mjloggm ver="2.3"><GO type="41" lobby="0"/><UN n0="%E3%81%AD%E3%81%AD%E8%94%B5%E3%81%AE%E4%B8%80%E5%91%B3%E2%98%86" n1="%E2%93%9D%53%75%70%68%78" n2="%52%59%4F%57" n3="%E6%8A%B9%E8%8C%B6%E3%82%B9%E3%83%A0%E3%83%BC%E3%82%B8%E3%83%BC" dan="15,17,14,14" rate="2017.36,2095.77,1876.85,1924.60" sx="F,M,M,F"/><TAIKYOKU oya="0"/><INIT seed="0,0,0,3,5,17" ten="250,250,250,250" oya="0" hai0="86,53,108,83,100,129,102,123,82,127,52,40,35" hai1="124,56,98,65,116,132,93,9,126,6,90,41,101" hai2="69,21,61,19,72,114,91,26,43,39,109,3,105" hai3="67,107,117,70,68,22,63,28,46,8,48,10,15"/><T64/><D35/><U121/><E116/><V134/><F114/><W119/><G107/><T92/><D123/><U81/><E121/><V1/><F105/><W95/><G70/><T51/><D64/><U94/><E41/><V120/><F120/><W135/><G135/><T47/><D127/><U12/><E81/><V128/><F134/><W54/><G95/><T73/><D129/><U31/><E132/><V131/><F72/><W14/><G14/><T88/><D73/><U104/><E31/><V112/><F43/><W29/><G119/><T45/><D108/><U58/><E104/><V87/><F39/><W113/><G113/><T16/><D40/><U74/><E74/><V37/><F37/><W23/><G117/><T11/><D82/><U103/><E103/><N who="0" m="39465" /><D83/><U77/><E77/><V24/><F109/><W42/><G42/><N who="0" m="25015" /><D47/><U5/><E65/><V13/><F112/><W27/><G15/><AGARI ba="0,0" hai="11,15,16,52,53,86,88,92" m="25015,39465" machi="15" ten="30,11600,0" yaku="8,1,54,3" doraHai="17" who="0" fromWho="3" sc="250,116,250,0,250,0,250,-116" /><INIT seed="0,1,0,5,2,108" ten="366,250,250,134" oya="0" hai0="1,4,60,68,10,15,26,69,127,6,42,2,105" hai1="103,16,110,32,135,45,41,100,8,94,107,132,73" hai2="18,104,46,82,130,48,97,98,40,92,33,59,38" hai3="34,49,43,36,51,99,88,114,57,122,93,53,118"/><T19/><D105/><U70/><E110/><V76/><F33/><W63/><G118/><T87/><D69/><U17/><E73/><V21/><F104/><W79/><G122/><T47/><D127/><U35/><E107/><V3/><F3/><W58/><G34/><N who="1" m="12842" /><E8/><V52/><F130/><W22/><G36/><T25/><D68/><U83/><E83/><V121/><F121/><W77/><G114/><T91/><D60/><U117/><E94/><V89/><F21/><W85/><G22/><T61/><D61/><U80/><E80/><V125/><F125/><W120/><G120/><T65/><D65/><U78/><E78/><V124/><F124/><W126/><G126/><T90/><D10/><U11/><E11/><V131/><F131/><W129/><G129/><T112/><D15/><U55/><E55/><V75/><REACH who="2" step="1"/><F18/><REACH who="2" ten="366,250,240,134" step="2"/><W20/><G20/><T111/><D19/><U67/><E17/><V56/><F56/><N who="3" m="32815" /><G43/><T74/><D1/><U62/><E16/><V109/><F109/><W28/><G28/><T64/><D111/><U113/><E41/><V7/><F7/><W128/><G128/><T13/><D42/><U9/><E70/><V0/><F0/><W133/><G133/><T14/><D2/><U24/><E135/><V119/><F119/><W27/><G27/><T86/><D4/><U123/><E24/><V96/><AGARI ba="1,1" hai="38,40,46,48,52,59,75,76,82,89,92,96,97,98" machi="96" ten="20,8000,1" yaku="1,1,0,1,7,1,54,1,53,1" doraHai="108" doraHaiUra="37" who="2" fromWho="2" sc="366,-41,250,-21,240,93,134,-21" /><INIT seed="1,0,0,5,0,69" ten="325,229,333,113" oya="1" hai0="121,30,95,102,34,98,26,73,42,49,45,29,68" hai1="127,123,129,35,104,33,118,55,9,103,44,14,43" hai2="100,15,1,8,12,2,81,31,39,108,78,101,66" hai3="120,82,116,117,97,67,107,92,112,20,110,54,128"/><U37/><E118/><N who="3" m="45674" /><G20/><T119/><D68/><U131/><E123/><V41/><F108/><W70/><G54/><T40/><D119/><U32/><E127/><V90/><F90/><N who="3" m="55447" /><G67/><T72/><D121/><U83/><E83/><V5/><F66/><W25/><G70/><T77/><D77/><U57/><E103/><N who="2" m="39499" /><F31/><W135/><G25/><T47/><REACH who="0" step="1"/><D30/><REACH who="0" ten="315,229,333,113" step="2"/><U132/><E132/><V76/><F76/><W74/><G120/><T22/><D22/><U65/><E104/><V114/><F114/><W21/><G135/><T58/><D58/><U62/><REACH who="1" step="1"/><E65/><REACH who="1" ten="315,219,333,113" step="2"/><V51/><F78/><N who="3" m="44375" /><G112/><T94/><D94/><U16/><AGARI ba="0,2" hai="9,14,16,32,33,35,37,43,44,55,57,62,129,131" machi="16" ten="40,12000,1" yaku="1,1,0,1,52,1,54,1,53,0" doraHai="69" doraHaiUra="60" who="1" fromWho="1" sc="315,-40,219,140,333,-40,113,-40" /><INIT seed="1,1,0,4,2,82" ten="275,359,293,73" oya="1" hai0="37,33,59,51,54,95,23,48,29,19,57,77,36" hai1="58,0,126,25,66,26,121,31,108,64,27,85,71" hai2="91,15,28,5,98,14,1,117,123,74,110,103,97" hai3="21,60,69,34,122,86,8,73,80,35,133,89,11"/><U87/><E121/><V102/><F123/><W124/><G122/><T114/><D33/><U92/><E0/><V30/><F117/><W79/><G124/><T32/><D114/><U113/><E71/><V46/><F74/><W12/><G133/><T7/><D7/><U4/><E113/><V128/><F1/><W101/><G101/><T44/><D32/><U43/><E126/><V88/><F46/><W49/><G69/><T18/><D29/><U22/><E4/><V107/><F5/><W38/><G38/><T115/><D115/><U120/><E108/><V10/><F110/><W72/><G72/><T50/><D77/><U39/><E39/><V132/><F10/><W105/><G105/><T3/><D3/><U45/><E92/><V109/><F109/><W135/><G135/><T20/><D50/><N who="1" m="26943" /><E120/><V116/><F116/><W70/><G49/><T67/><D67/><N who="1" m="25643" /><E58/><V118/><F118/><W53/><G34/><T61/><D57/><U6/><E6/><V55/><F55/><W129/><G35/><T96/><D37/><U63/><E63/><V78/><F132/><W40/><G129/><T52/><D36/><U84/><AGARI ba="1,0" hai="22,25,26,27,31,84,85,87" m="25643,26943" machi="84" ten="30,11700,0" yaku="8,1,52,3" doraHai="82" who="1" fromWho="1" sc="275,-40,359,120,293,-40,73,-40" /><INIT seed="1,2,0,2,5,76" ten="235,479,253,33" oya="1" hai0="123,130,28,75,17,4,116,119,57,129,33,44,113" hai1="52,1,126,81,62,124,39,94,20,83,117,90,34" hai2="27,38,85,35,125,110,101,88,103,18,77,0,8" hai3="115,84,99,50,134,48,14,29,98,32,128,91,74"/><U36/><E34/><V107/><F38/><N who="1" m="14377" /><E1/><V45/><F125/><N who="1" m="48233" /><E117/><V41/><F41/><W21/><G115/><T13/><D75/><U72/><E72/><V22/><F45/><W131/><G74/><T120/><D44/><U132/><E20/><V37/><F110/><W93/><G32/><T56/><D4/><U106/><E106/><V12/><F37/><W79/><G134/><T80/><D33/><U3/><E3/><V122/><F77/><W46/><G79/><T7/><D7/><U89/><E132/><V47/><F47/><W104/><G104/><T5/><D5/><U24/><E24/><V71/><F71/><W51/><G128/><N who="0" m="49259" /><D28/><U42/><E42/><V59/><F107/><W9/><G131/><T30/><D30/><U82/><E94/><N who="2" m="54543" /><F35/><W66/><G66/><T111/><D111/><U19/><E19/><N who="2" m="8583" /><F0/><W65/><G65/><T63/><D113/><U121/><E121/><N who="0" m="46665" /><D13/><U78/><E78/><V96/><F122/><W133/><G46/><T61/><D17/><U102/><E102/><N who="2" m="38923" /><F96/><W58/><G133/><T92/><D92/><U16/><E16/><V60/><F18/><N who="3" m="8527" /><G58/><AGARI ba="2,0" hai="52,58,62,81,82,83,89,90" m="48233,14377" machi="58" ten="40,12000,1" yaku="18,1,52,3,54,1" doraHai="76" who="1" fromWho="3" sc="235,0,479,126,253,0,33,-126" owari="235,-16.0,605,70.0,253,5.0,-93,-59.0" /></mjloggm>