<mjloggm ver="2.3"><GO type="41" lobby="0"/><UN n0="%74%6F%6E%62%6F%31%31%31" n1="%74%6F%6D%75%74%6F%6D%69" n2="%E3%81%9F%E3%81%8D%E3%82%82%E3%82%93%EF%BC%81" n3="%E2%93%9D%53%75%70%68%78" dan="14,15,16,18" rate="1943.31,1979.88,2081.13,2081.15" sx="M,M,M,M"/><TAIKYOKU oya="0"/><INIT seed="0,0,0,4,2,120" ten="250,250,250,250" oya="0" hai0="74,96,35,92,1,55,73,45,2,93,101,23,110" hai1="134,62,21,75,124,99,29,24,38,125,8,117,78" hai2="25,5,40,54,76,127,109,12,57,15,111,18,129" hai3="37,90,34,68,85,0,58,14,36,43,81,53,51"/><T91/><D35/><U94/><E117/><V42/><F76/><W126/><G0/><T4/><D2/><U84/><E75/><V98/><F127/><N who="1" m="48713" /><E38/><V20/><F129/><W9/><G126/><T17/><D4/><U128/><E128/><V132/><F132/><W52/><G34/><T50/><D1/><U46/><E134/><V70/><F70/><W130/><G68/><T118/><D118/><U28/><E46/><V30/><F98/><W80/><G43/><T87/><REACH who="0" step="1"/><D110/><REACH who="0" ten="240,250,250,250" step="2"/><N who="2" m="41994" /><F5/><W119/><G130/><T16/><D16/><N who="1" m="12327" /><E8/><N who="2" m="6407" /><F15/><AGARI ba="0,1" hai="15,17,23,45,50,55,73,74,87,91,92,93,96,101" machi="15" ten="30,2900,0" yaku="1,1,7,1,53,0" doraHai="120" doraHaiUra="56" who="0" fromWho="2" sc="240,39,250,0,250,-29,250,0" /><INIT seed="0,1,0,1,5,77" ten="279,250,221,250" oya="0" hai0="125,129,1,99,42,103,29,52,14,22,91,79,75" hai1="25,120,84,130,11,65,112,90,106,6,45,21,46" hai2="116,8,73,95,12,40,76,131,56,61,20,100,71" hai3="89,60,119,121,49,31,83,109,51,117,16,55,101"/><T9/><D1/><U37/><E120/><V111/><F40/><W94/><G109/><T133/><D42/><U53/><E106/><V50/><F111/><W114/><G114/><T134/><D125/><U30/><E130/><V18/><F116/><W80/><G31/><T5/><D129/><U92/><E37/><V82/><F131/><W105/><G105/><T88/><D79/><U85/><E65/><V86/><F71/><W104/><G104/><T66/><D66/><U7/><E112/><V35/><F35/><W115/><G101/><T126/><D75/><U15/><E7/><V13/><F50/><N who="3" m="18955" /><G115/><T69/><D69/><U59/><REACH who="1" step="1"/><E85/><REACH who="1" ten="279,240,221,250" step="2"/><V43/><F43/><W17/><G121/><T54/><D126/><U28/><E28/><V124/><F124/><W97/><G119/><T58/><D134/><U3/><E3/><V122/><F122/><W93/><G117/><T27/><D133/><U96/><E96/><V26/><F73/><W32/><G17/><T39/><D39/><U23/><E23/><V102/><F13/><W74/><G74/><T24/><D24/><U135/><E135/><V34/><F34/><W107/><G107/><T63/><D54/><U38/><E38/><V33/><F33/><W123/><G32/><T128/><D128/><U67/><E67/><N who="2" m="39335" /><F95/><AGARI ba="1,1" hai="5,9,14,22,27,29,52,58,63,88,91,95,99,103" machi="95" ten="30,11600,0" yaku="7,1,8,1,54,2" doraHai="77" who="0" fromWho="2" sc="279,129,240,0,221,-119,250,0" /><INIT seed="0,2,0,5,2,78" ten="408,240,102,250" oya="0" hai0="0,111,80,17,36,116,74,8,94,33,54,11,69" hai1="39,82,29,131,87,89,63,2,28,96,132,73,27" hai2="70,112,45,92,38,83,6,90,1,30,66,108,12" hai3="34,102,93,101,50,77,106,65,40,135,110,14,52"/><T35/><D116/><U43/><E2/><V59/><F112/><W44/><G106/><T22/><D69/><U20/><E131/><V58/><F30/><W103/><G34/><T62/><D36/><U99/><E132/><V21/><F108/><W57/><G110/><T48/><D62/><U113/><E113/><V5/><F70/><W100/><G135/><T91/><D0/><U117/><E117/><V7/><F1/><W42/><G77/><T55/><D55/><U88/><E73/><V31/><F66/><W84/><G14/><T114/><D35/><U133/><E133/><V9/><F45/><W49/><G65/><T122/><D33/><U123/><E123/><V129/><F38/><W109/><G109/><T68/><D68/><U120/><E120/><V119/><F129/><W56/><G84/><T53/><D53/><U126/><E126/><V64/><F119/><W61/><G57/><T72/><D72/><U3/><E3/><V47/><F47/><W13/><G13/><T75/><D75/><U16/><E63/><V4/><F64/><N who="3" m="38951" /><G50/><T97/><D122/><U32/><E32/><V15/><F15/><W23/><G23/><T26/><D114/><U121/><E121/><V79/><F31/><N who="1" m="11849" /><E43/><V86/><REACH who="2" step="1"/><F21/><REACH who="2" ten="408,240,92,250" step="2"/><W104/><G104/><T25/><D111/><U98/><E39/><V60/><F60/><W71/><G71/><T85/><D25/><U130/><E130/><V128/><F128/><W124/><G124/><T41/><D22/><U67/><E67/><V46/><F46/><W134/><G134/><T81/><D26/><U18/><E18/><RYUUKYOKU ba="2,1" sc="408,-30,240,10,92,10,250,10" hai1="16,20,27,82,87,88,89,96,98,99" hai2="4,5,6,7,9,12,58,59,79,83,86,90,92" hai3="40,42,44,49,52,93,100,101,102,103" /><INIT seed="1,3,1,5,4,133" ten="378,250,102,260" oya="1" hai0="3,23,33,0,31,103,71,21,42,48,32,81,82" hai1="19,97,96,99,16,67,22,122,40,104,134,64,6" hai2="88,65,119,66,84,2,49,95,135,15,7,94,76" hai3="25,57,89,107,124,106,77,44,50,47,108,132,86"/><U111/><E122/><V110/><F2/><W100/><G77/><T26/><D71/><U127/><E104/><V37/><F37/><W8/><G108/><T46/><D103/><U10/><E134/><V75/><F119/><W126/><G132/><T98/><D98/><U113/><E113/><V73/><F110/><W45/><G25/><T55/><D3/><U125/><E40/><V53/><F135/><W24/><G24/><T91/><D0/><U130/><E130/><V17/><F7/><W62/><G8/><T68/><D68/><U12/><E19/><V61/><F95/><W13/><G13/><T30/><D91/><U54/><E54/><V35/><F35/><W92/><G50/><T128/><D128/><U116/><E116/><V41/><F76/><W27/><G27/><N who="0" m="16751" /><D33/><U90/><E90/><V114/><F41/><W51/><G51/><N who="0" m="27095" /><D32/><U83/><E83/><V43/><F43/><W117/><G117/><T5/><D5/><U4/><E111/><V52/><F53/><N who="3" m="34095" /><G100/><T56/><AGARI ba="3,1" hai="23,26,31,48,55,56,81,82" m="27095,16751" machi="56" ten="30,1100,0" yaku="8,1" doraHai="133" who="0" fromWho="0" sc="378,30,250,-8,102,-6,260,-6" /><INIT seed="2,0,0,1,5,74" ten="408,242,96,254" oya="2" hai0="113,50,85,15,46,41,40,115,75,12,54,36,13" hai1="132,131,7,99,57,51,108,26,124,126,33,10,28" hai2="0,20,66,121,11,88,103,58,61,64,111,95,31" hai3="97,16,87,62,6,106,52,19,49,77,135,60,102"/><V55/><F121/><W63/><G6/><T101/><D75/><U73/><E99/><V25/><F111/><W14/><G135/><T56/><D41/><U76/><E132/><V48/><F103/><W134/><G134/><T30/><D30/><U100/><E100/><V105/><F105/><W53/><G19/><T127/><D127/><N who="1" m="48683" /><E108/><V34/><F34/><W71/><G71/><T3/><D3/><U69/><E69/><V68/><F66/><W32/><G32/><T92/><D101/><U4/><E131/><V133/><F133/><W119/><G119/><T125/><D125/><U43/><E10/><V86/><REACH who="2" step="1"/><F11/><REACH who="2" ten="408,242,86,254" step="2"/><W45/><G106/><T23/><D23/><U116/><E116/><V110/><F110/><W17/><G102/><T93/><D115/><U38/><E38/><V37/><F37/><W96/><G53/><T39/><D39/><U89/><E43/><V5/><F5/><W98/><G14/><T22/><D22/><U65/><E65/><V8/><F8/><W47/><G47/><T2/><D113/><U129/><E7/><V130/><F130/><W122/><G122/><T59/><D2/><AGARI ba="0,1" hai="0,2,20,25,31,48,55,58,61,64,68,86,88,95" machi="2" ten="40,3900,0" yaku="1,1,54,1,53,0" doraHai="74" doraHaiUra="29" who="2" fromWho="0" sc="408,-39,242,0,86,49,254,0" /><INIT seed="2,1,0,3,4,77" ten="369,242,135,254" oya="2" hai0="43,130,99,57,48,84,117,4,63,38,28,10,9" hai1="89,58,41,114,2,80,36,55,87,116,98,68,45" hai2="86,74,96,93,75,107,42,83,29,129,103,35,61" hai3="132,51,33,66,24,5,53,17,90,50,79,23,115"/><V26/><F129/><W108/><G108/><T121/><D130/><U3/><E114/><V21/><F42/><W123/><G123/><T71/><D121/><U109/><E109/><V49/><F49/><W15/><G132/><T6/><D117/><U134/><E116/><V110/><F110/><W52/><G66/><T113/><D71/><U133/><E68/><V105/><F35/><W82/><G90/><T88/><D38/><U104/><E104/><V22/><F22/><W118/><G115/><T72/><D72/><U94/><E134/><V40/><F40/><W106/><G106/><T59/><D99/><U32/><E32/><V112/><F112/><W131/><G131/><T16/><D28/><U73/><E73/><V7/><F7/><W119/><G33/><T34/><D34/><U100/><REACH who="1" step="1"/><E133/><REACH who="1" ten="369,232,135,254" step="2"/><V70/><F107/><W124/><G119/><T78/><D113/><U65/><E65/><V62/><F70/><W111/><G111/><T128/><D128/><U76/><E76/><N who="2" m="44439" /><F75/><W101/><G118/><T135/><D78/><U92/><E92/><V56/><F56/><W20/><G79/><T120/><D59/><U95/><E95/><V91/><AGARI ba="1,1" hai="21,26,29,61,62,86,91,93,96,103,105" m="44439" machi="91" ten="30,3000,0" yaku="24,1,52,1" doraHai="77" who="2" fromWho="2" sc="369,-11,232,-11,135,43,254,-11" /><INIT seed="2,2,0,3,0,100" ten="358,221,178,243" oya="2" hai0="94,132,78,18,68,124,73,128,135,83,108,87,43" hai1="88,101,50,22,61,19,39,16,30,11,17,120,69" hai2="2,71,79,121,26,60,99,98,41,4,28,12,9" hai3="47,7,66,59,123,122,116,82,93,130,38,33,57"/><V5/><F121/><W24/><G7/><T13/><D68/><U64/><E39/><V42/><F79/><W53/><G93/><T6/><D6/><U65/><E120/><V97/><F5/><W32/><G24/><T113/><D113/><U1/><E1/><V119/><F119/><W127/><G82/><T92/><D124/><U131/><E11/><V77/><F77/><W46/><G130/><T3/><D3/><U36/><E36/><V0/><F0/><W63/><G33/><T95/><D43/><U134/><E134/><N who="0" m="51241" /><D128/><U70/><E131/><V125/><F125/><W91/><G91/><N who="0" m="53375" /><D108/><U52/><E101/><V76/><F76/><W110/><G32/><T49/><D49/><U75/><E75/><V105/><F105/><W14/><G110/><T103/><D103/><U89/><E65/><V111/><F111/><W102/><G102/><T56/><D56/><U109/><E70/><V104/><F104/><W114/><G38/><T72/><D72/><U45/><REACH who="1" step="1"/><E109/><REACH who="1" ten="358,211,178,243" step="2"/><V10/><F71/><W27/><G123/><T126/><D126/><U29/><E29/><V115/><F115/><W8/><G122/><T55/><D55/><U85/><E85/><V40/><F2/><W74/><G127/><T133/><D133/><U23/><E23/><AGARI ba="2,1" hai="13,18,23,73,78,83,94,95" m="53375,51241" machi="23" ten="30,1000,0" yaku="20,1" doraHai="100" who="0" fromWho="1" sc="358,26,211,-16,178,0,243,0" /><INIT seed="3,0,0,2,2,49" ten="384,195,178,243" oya="3" hai0="34,134,123,22,47,33,30,24,70,99,52,89,48" hai1="111,16,71,14,56,132,119,46,50,109,66,18,124" hai2="101,117,74,87,5,45,27,65,15,9,83,38,40" hai3="35,80,39,81,20,90,61,104,75,93,62,73,36"/><W19/><G35/><T8/><D123/><U133/><E71/><V76/><F117/><W116/><G104/><T78/><D70/><U122/><E122/><V130/><F130/><W115/><G115/><T107/><D78/><U86/><E86/><V6/><F101/><W82/><G116/><T128/><D128/><U11/><E119/><V114/><F114/><W12/><G62/><T17/><D134/><N who="1" m="51819" /><E124/><V94/><F65/><W108/><G108/><N who="1" m="41546" /><E66/><V0/><F27/><W42/><G42/><T4/><D107/><U29/><E56/><V28/><F28/><W44/><G44/><T1/><D30/><U126/><E29/><V79/><F79/><W92/><G61/><T113/><D113/><U55/><E126/><V98/><F6/><AGARI ba="0,0" hai="6,11,14,16,18,46,50,55" m="41546,51819" machi="6" ten="30,7700,0" yaku="20,1,14,1,52,1,54,1" doraHai="49" who="1" fromWho="2" sc="384,0,195,77,178,-77,243,0" /><INIT seed="4,0,0,0,4,90" ten="384,272,101,243" oya="0" hai0="18,52,110,133,47,6,116,27,85,81,33,74,1" hai1="25,127,120,37,124,103,75,4,23,63,3,130,73" hai2="30,39,35,59,45,49,109,104,108,24,93,102,70" hai3="60,69,29,97,9,34,98,66,57,58,95,113,89"/><T8/><D116/><U111/><E111/><V42/><F104/><W15/><G113/><T0/><D110/><U53/><E120/><V134/><F70/><W114/><G114/><T80/><D74/><U94/><E37/><V61/><F39/><W77/><G77/><T14/><D133/><U86/><E130/><V41/><F41/><W117/><G117/><T131/><D81/><U11/><E63/><V54/><REACH who="2" step="1"/><F134/><REACH who="2" ten="384,272,91,243" step="2"/><W101/><G69/><T62/><D131/><U71/><E71/><V22/><F22/><W48/><G34/><T135/><D135/><U91/><E53/><V67/><F67/><W64/><G64/><T10/><D33/><U100/><E73/><V115/><F115/><W31/><G66/><T118/><D118/><U112/><E75/><V51/><F51/><W32/><G48/><T5/><D62/><U88/><E112/><V13/><F13/><W46/><G32/><T122/><D122/><U105/><E105/><V129/><F129/><W96/><G60/><T26/><D52/><U40/><E40/><V68/><F68/><W65/><G65/><T55/><D55/><U76/><E23/><V121/><F121/><W125/><G15/><T44/><D14/><U38/><E38/><V106/><F106/><W43/><G43/><T21/><D27/><U79/><E25/><V78/><F78/><AGARI ba="0,1" hai="0,1,5,6,8,10,18,21,26,44,47,78,80,85" machi="78" ten="30,2900,0" yaku="7,1,9,1" doraHai="90" who="0" fromWho="2" sc="384,39,272,0,91,-29,243,0" /><INIT seed="4,1,0,5,1,74" ten="423,272,62,243" oya="0" hai0="123,46,66,42,125,122,13,92,129,30,22,107,131" hai1="75,47,97,80,40,36,134,105,41,57,2,118,7" hai2="111,93,35,82,116,21,43,59,109,10,58,81,56" hai3="127,79,37,25,124,126,117,73,0,63,60,6,50"/><T51/><D107/><U12/><E134/><V103/><F35/><W102/><G37/><T17/><D30/><U108/><E108/><V28/><F116/><W120/><G117/><T24/><D24/><U3/><E118/><V18/><F43/><W27/><G102/><T88/><D66/><U100/><E41/><V86/><F111/><W96/><G96/><T83/><D83/><U38/><E12/><V112/><F109/><W64/><G50/><T77/><D77/><N who="1" m="44095" /><E57/><V94/><F112/><W132/><G120/><T72/><D72/><U31/><E31/><V15/><F82/><N who="3" m="45423" /><G132/><T14/><D125/><U5/><E5/><V65/><F103/><W39/><G39/><T113/><D113/><U119/><E38/><V23/><F65/><W121/><G121/><T48/><D48/><U68/><E119/><V135/><F135/><W89/><G63/><T91/><D123/><U45/><E45/><V70/><F70/><N who="3" m="42247" /><G89/><T62/><D122/><U95/><E95/><N who="2" m="36363" /><F28/><W20/><G20/><T29/><D92/><U99/><E99/><V32/><F32/><W128/><G127/><T1/><D62/><U19/><E19/><V67/><F67/><W90/><G126/><T53/><D51/><U55/><E55/><V110/><F110/><W84/><G124/><T44/><D53/><U33/><E33/><V54/><F54/><W52/><G52/><T8/><D17/><U85/><E85/><V106/><F106/><W133/><G133/><T26/><D14/><U34/><E34/><V49/><F49/><W78/><G84/><T130/><D13/><U69/><E2/><RYUUKYOKU ba="1,0" sc="423,-15,272,15,62,15,243,-15" hai1="3,7,36,40,47,68,69,97,100,105" hai2="10,15,18,21,23,56,58,59,81,86" /><INIT seed="5,2,0,1,2,110" ten="408,287,77,228" oya="1" hai0="119,30,124,67,75,62,10,71,51,21,114,26,6" hai1="20,113,63,96,94,112,2,24,13,91,15,134,122" hai2="127,79,72,11,7,115,68,33,45,132,87,99,82" hai3="47,133,64,123,90,29,128,104,92,40,66,44,130"/><U100/><E2/><V60/><F33/><W32/><G104/><T31/><D119/><U125/><E122/><V55/><F127/><W53/><G29/><T108/><D108/><U101/><E134/><V27/><F132/><W84/><G32/><T111/><D111/><U131/><E125/><V126/><F126/><W59/><G123/><T70/><D75/><U39/><E39/><V106/><F27/><W43/><G84/><T73/><D73/><U22/><E131/><N who="3" m="50218" /><G92/><T89/><D71/><U4/><E63/><V80/><F68/><W74/><G90/><T42/><D31/><U0/><E0/><V41/><F60/><N who="3" m="35951" /><G74/><T85/><D124/><U103/><E22/><V116/><F55/><W117/><G117/><T12/><D89/><U14/><REACH who="1" step="1"/><E4/><REACH who="1" ten="408,277,77,228" step="2"/><V129/><F116/><W78/><G133/><T1/><D1/><U97/><E97/><V107/><F129/><W3/><G3/><T83/><D6/><U105/><E105/><V57/><F107/><W38/><G78/><T23/><D21/><U121/><E121/><V76/><F7/><W52/><G43/><T17/><D42/><U109/><E109/><V46/><F106/><W35/><G35/><T81/><D23/><U77/><E77/><V25/><F99/><W58/><G47/><T37/><D37/><U9/><E9/><V65/><F11/><W69/><G69/><T18/><D70/><U50/><E50/><AGARI ba="2,1" hai="38,40,44,50,52,58,64,66" m="35951,50218" machi="50" ten="30,7700,0" yaku="19,1,34,2,54,1" doraHai="110" who="3" fromWho="1" sc="408,0,277,-83,77,0,228,93" /><INIT seed="6,0,0,3,0,129" ten="408,194,77,321" oya="2" hai0="49,87,17,77,117,3,80,85,82,69,71,133,78" hai1="18,8,124,91,35,36,134,75,104,60,26,37,55" hai2="121,120,125,94,92,14,68,19,2,0,119,65,107" hai3="58,109,42,34,22,118,122,131,21,5,90,53,115"/><V32/><F119/><W74/><G34/><T95/><D117/><U44/><E104/><V6/><F107/><W110/><G118/><T130/><D3/><U62/><E75/><V97/><F32/><W12/><G42/><T63/><D130/><U102/><E102/><V96/><F125/><W41/><G41/><T70/><D95/><U135/><E124/><V39/><F39/><W54/><G122/><T79/><D49/><N who="1" m="29095" /><E91/><V50/><F50/><W1/><G115/><T81/><D63/><N who="1" m="24107" /><E8/><V101/><F65/><W126/><G74/><T59/><D59/><U48/><E48/><V45/><F45/><W11/><G58/><T52/><D52/><U38/><E35/><V116/><F68/><W9/><G131/><T84/><D17/><U114/><E26/><V127/><F127/><W113/><G113/><T83/><N who="0" m="20480" /><DORA hai="16" /><T93/><D93/><U4/><E18/><V28/><F28/><W103/><G126/><T31/><D31/><U76/><E4/><V47/><F47/><W40/><G5/><T100/><D100/><U10/><E10/><N who="2" m="6615" /><F116/><W73/><G103/><T61/><D61/><U15/><E15/><V24/><F24/><W13/><G73/><T99/><D99/><U25/><E25/><V67/><F67/><W66/><G66/><T20/><D20/><U108/><E76/><V27/><F27/><W105/><G105/><T98/><D98/><U89/><E89/><N who="2" m="55311" /><F6/><W29/><G29/><T86/><N who="0" m="21504" /><DORA hai="123" /><T7/><D7/><U43/><E114/><V112/><F112/><W57/><G90/><T23/><D23/><U72/><E72/><RYUUKYOKU ba="0,0" sc="408,15,194,-15,77,15,321,-15" hai0="69,70,71,77,78,79,133" hai2="0,2,94,97,101,120,121" /><INIT seed="6,1,0,4,3,126" ten="423,179,92,306" oya="2" hai0="41,92,74,85,90,79,102,59,20,55,47,77,49" hai1="109,123,64,51,61,32,131,112,94,23,83,57,67" hai2="86,37,75,105,80,29,133,8,71,100,1,98,69" hai3="62,76,12,46,19,119,16,91,22,88,4,103,26"/><V39/><F133/><W54/><G119/><T52/><D74/><U101/><E32/><V0/><F29/><W17/><G76/><T106/><D55/><U82/><E109/><V129/><F129/><W63/><G103/><T7/><D7/><U73/><E112/><V121/><F121/><W9/><G63/><T56/><D56/><U24/><E131/><V115/><F115/><W34/><G34/><T48/><D106/><U78/><E123/><V14/><F14/><W50/><REACH who="3" step="1"/><G62/><REACH who="3" ten="423,179,92,296" step="2"/><T104/><D102/><U15/><E101/><V124/><F124/><W21/><G21/><T10/><D104/><U65/><E78/><V43/><F75/><W114/><G114/><T130/><D130/><U28/><E73/><V107/><F107/><W36/><G36/><T42/><D20/><U113/><E51/><V38/><F8/><W18/><AGARI ba="1,1" hai="4,9,12,16,17,18,19,22,26,46,50,54,88,91" machi="18" ten="30,8000,1" yaku="1,1,0,1,8,1,54,2,53,0" doraHai="126" doraHaiUra="127" who="3" fromWho="3" sc="423,-21,179,-21,92,-41,296,93" /><INIT seed="7,0,0,1,0,4" ten="402,158,51,389" oya="3" hai0="30,38,45,122,31,83,12,134,21,48,121,55,2" hai1="3,19,119,88,79,32,34,26,0,53,80,109,58" hai2="11,61,59,82,84,108,89,86,99,16,103,133,46" hai3="27,98,13,5,54,68,96,15,24,9,126,110,132"/><W47/><G68/><T116/><D116/><U118/><E109/><V81/><F108/><W18/><G110/><T105/><D105/><U111/><E111/><V97/><F133/><W35/><G132/><T63/><D134/><U10/><E0/><V127/><F46/><W14/><G126/><T94/><D2/><U22/><E88/><N who="2" m="51215" /><F103/><W117/><G117/><N who="1" m="44554" /><E10/><V36/><F36/><W100/><G35/><T51/><D38/><U125/><E3/><V71/><F71/><W107/><G98/><T124/><D124/><U6/><E6/><V129/><F129/><W91/><G91/><T43/><D63/><N who="1" m="36303" /><E125/><V93/><F93/><W37/><G15/><T106/><D106/><U73/><AGARI ba="0,0" hai="19,22,26,32,34,73,79,80" m="36303,44554" machi="73" ten="30,1100,0" yaku="12,1" doraHai="4" who="1" fromWho="1" sc="402,-3,158,11,51,-3,389,-5" owari="399,50.0,169,-23.0,48,-45.0,384,18.0" /></mjloggm>