<mjloggm ver="2.3"><GO type="41" lobby="0"/><UN n0="%50%2D%31" n1="%E4%BB%86%E8%A1%97%E5%A4%A9%E9%B3%A5%E7%89%8C%E6%93%8D%E6%8E%A7%E7%9A%84" n2="%E2%93%9D%53%75%70%68%78" n3="%E3%81%95%E3%81%A0" dan="14,13,18,14" rate="1956.02,1939.99,2151.93,1846.52" sx="M,M,M,M"/><TAIKYOKU oya="0"/><INIT seed="0,0,0,5,1,34" ten="250,250,250,250" oya="0" hai0="10,40,97,45,26,120,73,111,119,18,17,6,92" hai1="116,19,94,33,107,25,67,134,2,69,61,109,100" hai2="9,65,5,80,36,96,89,114,42,7,88,0,71" hai3="135,84,11,55,58,102,39,87,64,63,3,20,133"/><T1/><D119/><U29/><E116/><V28/><F114/><W75/><G75/><T95/><D120/><U49/><E109/><V90/><F28/><W110/><G110/><T60/><D111/><U74/><E94/><V44/><F7/><W14/><G102/><T52/><D73/><U24/><E134/><V121/><F121/><W83/><G39/><T37/><D26/><U43/><E74/><V66/><F71/><W59/><G20/><T70/><D92/><U76/><E76/><V56/><F56/><W32/><G32/><T131/><D131/><U51/><E43/><V86/><REACH who="2" step="1"/><F96/><REACH who="2" ten="250,250,240,250" step="2"/><W27/><G135/><T105/><D70/><U103/><E103/><V21/><F21/><W101/><G59/><T77/><D6/><U115/><E115/><V98/><F98/><W128/><G101/><T35/><D97/><N who="1" m="61839" /><E24/><V22/><F22/><W13/><G27/><T30/><D35/><U99/><E99/><V124/><F124/><W62/><G128/><T47/><D30/><U15/><E2/><V79/><AGARI ba="0,1" hai="0,5,9,36,42,44,65,66,79,80,86,88,89,90" machi="79" ten="30,8000,1" yaku="1,1,0,1,52,1,54,1,53,1" doraHai="34" doraHaiUra="41" who="2" fromWho="2" sc="250,-40,250,-20,240,90,250,-20" /><INIT seed="1,0,0,0,2,9" ten="210,230,330,230" oya="1" hai0="81,47,55,38,56,80,110,5,36,57,77,107,15" hai1="121,10,39,135,21,72,60,95,33,118,24,11,82" hai2="94,8,89,0,69,48,52,134,2,97,23,104,28" hai3="83,1,43,68,63,44,54,31,67,32,90,122,46"/><U103/><E121/><V64/><F134/><W133/><G133/><T42/><D107/><U105/><E118/><V45/><F104/><W114/><G122/><T75/><D110/><U71/><E135/><V127/><F127/><W76/><G1/><T78/><D5/><U115/><E115/><V112/><F112/><W130/><G130/><T13/><D36/><U6/><E11/><V86/><F69/><W34/><G114/><T18/><D18/><U96/><E39/><V99/><F64/><W22/><G90/><T35/><D35/><U73/><E33/><V16/><F28/><W79/><G79/><T117/><D117/><U53/><E105/><V41/><F41/><W100/><G100/><T109/><D109/><U91/><E71/><V25/><REACH who="2" step="1"/><F2/><REACH who="2" ten="210,230,320,230" step="2"/><W4/><G54/><T119/><D119/><U116/><E116/><V131/><F131/><W128/><G128/><T40/><D40/><U74/><E53/><V70/><F70/><W98/><G67/><T66/><D66/><U120/><E120/><V88/><F88/><W49/><G43/><T12/><REACH who="0" step="1"/><D55/><REACH who="0" ten="200,230,320,230" step="2"/><U61/><E61/><V58/><F58/><W132/><G63/><T124/><D124/><U37/><E60/><V108/><F108/><W27/><G68/><T84/><AGARI ba="0,2" hai="12,13,15,38,42,47,56,57,75,77,78,80,81,84" machi="84" ten="30,8000,1" yaku="1,1,0,1,52,3,53,0" doraHai="9" doraHaiUra="93" who="0" fromWho="0" sc="200,100,230,-40,320,-20,230,-20" /><INIT seed="2,0,0,3,4,25" ten="300,190,300,210" oya="2" hai0="1,28,55,74,0,76,91,73,121,135,21,41,116" hai1="44,100,83,107,2,98,129,125,3,56,87,113,80" hai2="23,108,75,103,64,123,126,60,11,7,95,120,106" hai3="29,16,38,71,49,110,132,96,101,97,69,94,19"/><V124/><F75/><N who="0" m="28682" /><D55/><U13/><E113/><V111/><F95/><W61/><G110/><N who="2" m="42025" /><F23/><W58/><G132/><T6/><D21/><U92/><E125/><N who="2" m="48235" /><F103/><W99/><G38/><T115/><D91/><U68/><E68/><N who="2" m="41991" /><F106/><W50/><G29/><T39/><D76/><U109/><E109/><V18/><F18/><W127/><G127/><T37/><D6/><U45/><E107/><V66/><F66/><W67/><G99/><T20/><D20/><U30/><E92/><V46/><F46/><W53/><G96/><T90/><D90/><U47/><E98/><V77/><F77/><W17/><REACH who="3" step="1"/><G71/><REACH who="3" ten="300,190,300,200" step="2"/><T119/><D28/><U33/><E100/><V35/><F35/><W51/><AGARI ba="0,1" hai="16,17,19,49,50,51,53,58,61,67,69,94,97,101" machi="51" ten="30,7900,0" yaku="1,1,2,1,0,1,54,1,53,0" doraHai="25" doraHaiUra="40" who="3" fromWho="3" sc="300,-20,190,-20,300,-39,200,89" /><INIT seed="3,0,0,3,3,82" ten="280,170,261,289" oya="3" hai0="119,91,105,127,47,101,5,63,69,12,28,98,13" hai1="3,1,41,113,62,43,88,10,4,46,26,133,14" hai2="134,59,0,87,8,110,56,64,79,19,108,70,132" hai3="112,52,53,60,122,24,32,45,2,107,75,130,65"/><W25/><G122/><T104/><D119/><U89/><E113/><V20/><F8/><W40/><G112/><T121/><D121/><U11/><E133/><N who="2" m="51307" /><F0/><W48/><G130/><T85/><D127/><U106/><E106/><V22/><F70/><W117/><G117/><T7/><D47/><U95/><E3/><V83/><F22/><W73/><G107/><T30/><D105/><U23/><E62/><N who="2" m="37959" /><F59/><W50/><G2/><T77/><D77/><U128/><E128/><V100/><F100/><W118/><G118/><T17/><D69/><U103/><E103/><V18/><F20/><W16/><G25/><T81/><D63/><U44/><E26/><V27/><F27/><W99/><G99/><T80/><D80/><U54/><E23/><V93/><F93/><W34/><G16/><AGARI ba="0,0" hai="16,18,19,79,83,87,108,110" m="37959,51307" machi="16" ten="30,3900,0" yaku="20,1,52,1,54,1" doraHai="82" who="2" fromWho="3" sc="280,0,170,0,261,39,289,-39" /><INIT seed="4,0,0,4,5,39" ten="280,170,300,250" oya="0" hai0="31,49,103,38,130,70,19,106,131,83,78,6,42" hai1="108,64,72,32,20,105,100,88,132,24,28,101,22" hai2="135,35,11,116,112,13,52,129,0,114,1,56,65" hai3="123,118,43,30,93,25,59,95,85,91,111,99,2"/><T96/><D70/><U124/><E108/><V117/><F65/><W122/><G111/><T134/><D19/><U7/><E72/><V61/><F35/><W125/><G118/><N who="2" m="45673" /><F135/><W47/><G125/><T33/><D49/><U14/><E124/><V67/><F129/><W55/><G2/><N who="2" m="1129" /><F67/><W75/><G75/><N who="0" m="43487" /><D6/><AGARI ba="0,0" hai="6,11,13,52,56,61,112,114" m="1129,45673" machi="6" ten="30,2000,0" yaku="12,1,54,1" doraHai="39" who="2" fromWho="0" sc="280,-20,170,0,300,20,250,0" /><INIT seed="5,0,0,1,4,96" ten="260,170,320,250" oya="1" hai0="49,110,24,104,99,57,101,135,131,112,48,128,97" hai1="98,34,45,1,106,28,93,4,114,134,36,5,51" hai2="85,47,8,105,123,20,53,14,38,113,15,59,111" hai3="102,126,72,88,117,120,3,115,91,70,92,77,26"/><U56/><E106/><V43/><F111/><W132/><G26/><T18/><D110/><U83/><E36/><V68/><F123/><W62/><G62/><T79/><D112/><U58/><E114/><V94/><F105/><W122/><G70/><T39/><D39/><U0/><E34/><V32/><F68/><W84/><G3/><T17/><D135/><U103/><E28/><V124/><F124/><W130/><G115/><T82/><D57/><N who="1" m="22123" /><E134/><V54/><F32/><W108/><G132/><T60/><D60/><U100/><E1/><V71/><F71/><W11/><G11/><T42/><D42/><N who="1" m="25015" /><E0/><V46/><F38/><W16/><G16/><N who="0" m="6251" /><D24/><U125/><E125/><V41/><F113/><W81/><G108/><T21/><D21/><U2/><E2/><V22/><F22/><W37/><G126/><T63/><D63/><U107/><E107/><V118/><F20/><W66/><G37/><T19/><D97/><N who="1" m="59439" /><E83/><V90/><F43/><W74/><G117/><T75/><N who="0" m="6259" /><T35/><DORA hai="27" /><D35/><U30/><E30/><V69/><F41/><W52/><G120/><T86/><D75/><U129/><E129/><AGARI ba="0,0" hai="48,49,79,82,86,99,101,104,128,129,131" m="6259" machi="129" ten="40,5200,0" yaku="19,1,52,1,54,1" doraHai="96,27" who="0" fromWho="1" sc="260,52,170,-52,320,0,250,0" /><INIT seed="6,0,0,5,2,98" ten="312,118,320,250" oya="2" hai0="42,40,45,20,110,38,82,58,73,19,69,96,67" hai1="37,25,51,126,102,68,1,14,31,54,0,59,79" hai2="85,47,16,87,6,27,22,111,101,94,49,55,95" hai3="44,50,127,114,103,8,71,53,112,34,107,18,125"/><V130/><F130/><W88/><G71/><T32/><D110/><U74/><E68/><V28/><F111/><W131/><G131/><T113/><D32/><U100/><E37/><V118/><F118/><W109/><G109/><T12/><D113/><N who="3" m="43625" /><G34/><T35/><D35/><U92/><E126/><N who="3" m="48138" /><G18/><T75/><D69/><U99/><E14/><V61/><F6/><W89/><G8/><T5/><D5/><U36/><E36/><V52/><F28/><W104/><G104/><T21/><D21/><U39/><E39/><V124/><F124/><W43/><G43/><T26/><D40/><U134/><E134/><V24/><F24/><W64/><G64/><T15/><D15/><U3/><E79/><V7/><F7/><W119/><G119/><T66/><D12/><U123/><E74/><V97/><F95/><W4/><G4/><T48/><D73/><U17/><E17/><V128/><F128/><W56/><G56/><AGARI ba="0,0" hai="16,22,27,47,49,52,55,56,61,85,87,94,97,101" machi="56" ten="40,12000,1" yaku="8,1,52,1,54,2" doraHai="98" who="2" fromWho="3" sc="312,0,118,0,320,120,250,-120" /><INIT seed="6,1,0,4,2,68" ten="312,118,440,130" oya="2" hai0="79,99,112,24,96,11,42,1,65,37,39,69,83" hai1="93,92,84,67,74,27,122,43,2,52,89,60,86" hai2="54,36,20,48,103,6,21,9,123,23,100,81,106" hai3="87,98,73,75,13,114,58,121,0,4,72,71,30"/><V127/><F36/><N who="0" m="13898" /><D24/><U113/><BYE who="3" /><E74/><V33/><F127/><W66/><G66/><T125/><D42/><U5/><E43/><V25/><F123/><W95/><G95/><T38/><N who="0" m="13906" /><T26/><DORA hai="129" /><D26/><U63/><E122/><V49/><F106/><W18/><G18/><T101/><D96/><U135/><E27/><V16/><F49/><W116/><G116/><T45/><D45/><U107/><E107/><V130/><F130/><W61/><G61/><N who="0" m="40111" /><D99/><U19/><E19/><V102/><F33/><W88/><G88/><T57/><D57/><U91/><E67/><V108/><F25/><W59/><G59/><T109/><D101/><U70/><E70/><V50/><F103/><W10/><G10/><T119/><D125/><U56/><E5/><V55/><F6/><W134/><G134/><T29/><D29/><U34/><E135/><V51/><F102/><W118/><G118/><T14/><D14/><U104/><E34/><V132/><F132/><W22/><G22/><T31/><D31/><U46/><E104/><V97/><F23/><W105/><G105/><T76/><D76/><U133/><E133/><V80/><F21/><W115/><G115/><T28/><D28/><U111/><E113/><V12/><F20/><W126/><G126/><T90/><D90/><U40/><E40/><V44/><F100/><W47/><G47/><T17/><D119/><U128/><E46/><V8/><F44/><W35/><G35/><T131/><D131/><U124/><E128/><V77/><F12/><W15/><G15/><N who="0" m="7423" /><D112/><U64/><E124/><V117/><F117/><RYUUKYOKU ba="1,0" sc="312,0,118,0,440,0,130,0" /><INIT seed="7,2,0,1,3,54" ten="312,118,440,130" oya="3" hai0="38,99,90,103,67,29,112,33,87,62,26,68,72" hai1="21,93,105,51,135,110,9,22,132,89,63,80,1" hai2="60,16,122,109,127,34,123,97,114,64,96,70,17" hai3="100,57,42,52,128,95,45,104,20,8,25,66,134"/><W53/><G53/><T3/><D72/><U79/><E110/><V32/><F114/><W27/><G27/><T125/><D125/><U23/><E105/><V108/><F127/><W0/><G0/><T126/><D126/><U41/><E63/><V121/><F97/><W28/><G28/><T102/><D38/><U115/><E115/><V56/><F70/><W40/><G40/><T49/><D112/><U10/><E51/><V71/><F96/><W119/><G119/><T94/><D49/><U69/><E41/><V73/><F71/><W24/><G24/><T59/><D3/><U30/><E30/><V5/><F5/><W85/><G85/><T44/><D44/><U88/><E69/><V61/><F73/><W13/><G13/><T4/><D4/><N who="1" m="1167" /><E10/><V18/><F61/><W82/><G82/><T46/><D46/><U14/><E14/><V48/><F48/><W101/><G101/><T2/><D2/><U120/><E120/><V131/><F131/><W37/><G37/><T92/><D103/><U117/><E117/><V78/><F78/><W124/><G124/><T118/><D118/><U19/><E19/><V81/><F81/><W12/><G12/><T76/><D76/><U77/><E77/><V39/><F39/><W116/><G116/><T15/><D15/><U58/><E58/><V107/><F107/><W74/><G74/><T7/><D7/><U91/><E93/><V98/><F98/><W50/><G50/><T83/><D92/><U111/><E111/><AGARI ba="2,0" hai="16,17,18,32,34,56,60,64,108,109,111,121,122,123" machi="111" ten="50,6400,0" yaku="13,1,52,1,54,1" doraHai="54" who="2" fromWho="1" sc="312,0,118,-70,440,70,130,0" owari="312,11.0,48,-45.0,510,61.0,130,-27.0" /></mjloggm>