<mjloggm ver="2.3"><GO type="41" lobby="0"/><UN n0="%E3%83%94%E3%83%B3%E3%82%B5%E3%83%AD%E5%AC%A2" n1="%E2%93%9D%53%75%70%68%78" n2="%74%75%72%6B%65%79%38" n3="%4A%4D%41%4E" dan="16,18,14,14" rate="2027.01,2126.50,1916.94,2031.77" sx="M,M,M,M"/><TAIKYOKU oya="0"/><INIT seed="0,0,0,5,3,52" ten="250,250,250,250" oya="0" hai0="35,34,58,30,81,82,97,77,12,6,33,88,18" hai1="51,72,47,104,125,9,123,76,5,60,83,15,14" hai2="23,107,131,69,129,130,133,24,21,4,29,13,75" hai3="70,95,96,73,84,26,109,1,80,78,31,112,32"/><T126/><D126/><U106/><E123/><V20/><F107/><W68/><G109/><T66/><D6/><U98/><E125/><V67/><F75/><W37/><G37/><T117/><D117/><U62/><E15/><V91/><F69/><W105/><G112/><T3/><D3/><U99/><E106/><V103/><F103/><W111/><G1/><T10/><D30/><U90/><E99/><V120/><F91/><W16/><G16/><T25/><D25/><U115/><E115/><V79/><F79/><W119/><G119/><T121/><D121/><U22/><E22/><V50/><F50/><W49/><G49/><T102/><D77/><U61/><E104/><V86/><F86/><W59/><G59/><T28/><D28/><U65/><E98/><V116/><F67/><W94/><G94/><T134/><D134/><U55/><REACH who="1" step="1"/><E90/><REACH who="1" ten="250,240,250,250" step="2"/><V71/><F120/><W128/><G96/><T113/><D113/><U101/><E101/><V0/><F133/><W87/><G105/><T127/><D127/><U44/><E44/><V38/><F116/><W42/><G111/><T48/><D102/><U11/><E11/><N who="2" m="2439" /><F71/><AGARI ba="0,1" hai="5,9,14,47,51,55,60,61,62,65,71,72,76,83" machi="71" ten="30,2000,0" yaku="1,1,7,1,53,0" doraHai="52" doraHaiUra="89" who="1" fromWho="2" sc="250,0,240,30,250,-20,250,0" /><INIT seed="1,0,0,0,0,62" ten="250,270,230,250" oya="1" hai0="51,27,28,64,89,124,43,135,66,11,96,102,38" hai1="63,79,29,17,39,85,133,67,5,125,127,19,112" hai2="70,72,93,15,13,115,48,7,26,110,36,35,69" hai3="34,130,12,65,60,10,22,57,52,84,54,128,76"/><U134/><E112/><V9/><F110/><W104/><G104/><T120/><D135/><N who="1" m="51723" /><E39/><V116/><F72/><W81/><G34/><T21/><D124/><N who="1" m="47691" /><E5/><V40/><F36/><W1/><G22/><T88/><D38/><U119/><E119/><V4/><F116/><W132/><G1/><T68/><D68/><N who="1" m="42111" /><E29/><V83/><F115/><W24/><G132/><T108/><D120/><U49/><E49/><V118/><F118/><W114/><G114/><T56/><D108/><U45/><E45/><V59/><F7/><W92/><G24/><T129/><D43/><U109/><E109/><V58/><F15/><W18/><REACH who="3" step="1"/><G92/><REACH who="3" ten="250,270,230,240" step="2"/><T23/><D27/><U77/><E85/><V6/><F35/><W107/><G107/><T46/><D23/><U90/><E90/><V103/><F26/><W73/><G73/><T71/><D21/><U37/><E37/><V95/><F48/><W121/><G121/><T30/><D51/><U47/><E47/><V117/><F117/><W44/><G44/><T25/><D46/><U61/><E61/><V111/><F111/><W106/><G106/><T0/><D25/><U101/><E101/><V94/><F103/><W87/><G87/><T80/><D102/><U99/><E99/><V53/><F40/><W32/><G32/><T123/><D96/><U82/><E82/><V55/><F83/><W16/><G16/><AGARI ba="0,1" hai="16,17,19,77,79" m="42111,47691,51723" machi="16" ten="30,11600,0" yaku="20,1,18,1,52,1,54,1" doraHai="62" who="1" fromWho="3" sc="250,0,270,126,230,0,240,-116" /><INIT seed="1,1,0,5,0,16" ten="250,396,230,124" oya="1" hai0="89,84,79,65,130,53,44,108,118,74,117,8,28" hai1="4,33,122,70,18,20,127,21,23,37,32,128,59" hai2="93,7,29,73,98,111,63,52,2,54,64,14,99" hai3="77,11,87,55,119,126,104,69,48,47,110,9,132"/><U42/><E70/><V31/><F111/><W95/><G69/><T5/><D108/><U72/><E72/><V100/><F73/><W91/><G110/><T125/><D130/><U80/><E122/><V94/><F2/><W30/><G126/><T66/><D125/><U120/><E120/><V3/><F3/><W121/><G132/><T62/><D28/><U34/><E127/><V90/><F64/><W133/><G133/><T50/><D79/><U39/><E4/><V61/><F61/><W17/><G104/><T56/><D66/><U41/><E18/><V97/><F97/><W19/><G119/><T107/><D74/><U10/><E10/><V0/><F0/><W92/><G30/><T43/><D107/><U75/><E59/><N who="2" m="35303" /><F54/><W40/><G77/><T38/><D8/><AGARI ba="1,0" hai="7,8,14,29,31,90,93,94,98,99,100" m="35303" machi="8" ten="30,2000,0" yaku="8,1,54,1" doraHai="16" who="2" fromWho="0" sc="250,-23,396,0,230,23,124,0" /><INIT seed="2,0,0,3,2,95" ten="227,396,253,124" oya="2" hai0="89,20,27,66,97,14,5,122,128,77,124,50,26" hai1="9,76,29,49,85,8,113,7,80,115,81,17,45" hai2="125,16,65,4,33,72,73,68,41,109,48,127,21" hai3="117,53,103,36,35,106,31,119,11,61,107,91,75"/><V2/><F33/><W104/><G36/><T105/><D122/><U133/><E133/><V98/><F109/><W6/><G75/><T135/><D128/><U47/><E29/><V55/><F41/><W19/><G19/><T12/><D135/><U130/><E130/><V40/><F40/><W84/><G117/><T64/><D124/><N who="2" m="47690" /><F98/><W114/><G114/><T39/><D39/><U87/><E17/><V38/><F38/><W43/><G43/><T58/><D77/><U54/><E47/><N who="2" m="28063" /><F65/><W67/><G53/><N who="0" m="32055" /><D105/><U116/><E116/><V69/><F2/><W96/><G119/><T18/><D27/><U132/><E132/><V82/><F4/><W13/><G84/><T51/><D51/><U134/><E134/><V37/><F37/><W108/><G91/><T100/><D100/><U63/><E115/><V90/><F90/><W74/><G74/><N who="2" m="28777" /><F82/><W129/><G129/><T52/><D52/><N who="1" m="29743" /><E7/><V0/><F0/><N who="3" m="455" /><G108/><T57/><D57/><N who="1" m="35255" /><E113/><V70/><F70/><N who="3" m="42351" /><G13/><AGARI ba="0,0" hai="13,16,21,68,69" m="28777,28063,47690" machi="13" ten="30,2900,0" yaku="18,1,54,1" doraHai="95" who="2" fromWho="3" sc="227,0,396,0,253,29,124,-29" /><INIT seed="2,1,0,1,3,85" ten="227,396,282,95" oya="2" hai0="90,18,15,81,43,95,75,39,62,3,32,123,124" hai1="101,114,29,92,132,128,4,135,14,53,126,46,86" hai2="83,110,80,67,119,8,38,6,104,27,7,20,70" hai3="88,23,21,118,109,63,47,31,17,51,65,107,89"/><V125/><F119/><W59/><G118/><T82/><D124/><U19/><E128/><V77/><F104/><W61/><G107/><T48/><D123/><U40/><E4/><V131/><F38/><W129/><G129/><T72/><D32/><U25/><E53/><V112/><F112/><W11/><G11/><T54/><D3/><U111/><E111/><V37/><F37/><W30/><G109/><T69/><D72/><U1/><E1/><V99/><F131/><W36/><G63/><T5/><D5/><U44/><E114/><V49/><F110/><W127/><G127/><T26/><D26/><U105/><E40/><V45/><F70/><W97/><G97/><T28/><D28/><N who="3" m="10793" /><G36/><T71/><D71/><U130/><E105/><V12/><F67/><W35/><G35/><T113/><D113/><U87/><E126/><V133/><F125/><W117/><G117/><T120/><D120/><U34/><E130/><V103/><F7/><W115/><G115/><T121/><D121/><U106/><E106/><V10/><F10/><W102/><G102/><T78/><D81/><U42/><E101/><V22/><F77/><W79/><G79/><T100/><D100/><U13/><E34/><V93/><F133/><W76/><G76/><T9/><D69/><U55/><E135/><V24/><F22/><N who="3" m="8203" /><G17/><T84/><D39/><U134/><E19/><N who="2" m="12319" /><F27/><W60/><G60/><T57/><D43/><AGARI ba="1,0" hai="6,8,12,43,45,49,80,83,93,99,103" m="12319" machi="43" ten="30,1500,0" yaku="8,1" doraHai="85" who="2" fromWho="0" sc="227,-18,396,0,282,18,95,0" /><AGARI ba="1,0" hai="43,47,51,59,61,65,88,89" m="8203,10793" machi="43" ten="30,7700,0" yaku="8,1,52,2,54,1" doraHai="85" who="3" fromWho="0" sc="209,-77,396,0,300,0,95,77" /><INIT seed="2,2,0,2,0,10" ten="132,396,300,172" oya="2" hai0="134,75,48,27,100,122,23,101,90,46,29,33,41" hai1="53,37,65,70,98,93,114,110,99,71,79,107,133" hai2="69,4,61,57,51,118,97,14,130,19,86,30,0" hai3="115,63,119,81,89,67,103,127,7,104,109,20,87"/><V32/><F130/><W47/><G119/><T128/><D128/><U123/><E110/><V40/><F69/><W5/><G127/><T94/><D134/><U131/><E37/><V26/><F118/><W35/><G109/><T95/><D75/><U22/><E107/><V59/><F0/><W78/><G115/><T2/><D2/><U96/><E79/><V116/><F4/><W73/><G47/><T21/><D122/><U120/><E53/><V132/><F132/><W108/><G20/><T42/><D42/><U84/><E65/><V44/><F97/><W135/><G135/><T12/><D33/><U125/><E114/><V82/><F61/><W129/><G129/><T68/><D68/><U121/><E125/><V56/><F116/><W111/><G35/><T18/><REACH who="0" step="1"/><D95/><REACH who="0" ten="122,396,300,172" step="2"/><U72/><E72/><V50/><F40/><W3/><G3/><T126/><D126/><U17/><E131/><V60/><F32/><W28/><G108/><T24/><D24/><N who="1" m="14415" /><E133/><V15/><F26/><W77/><G111/><T112/><D112/><U85/><E93/><V1/><F1/><W106/><G73/><T66/><D66/><U80/><E80/><V76/><F30/><W8/><G67/><T39/><D39/><U31/><E31/><V64/><F64/><W13/><G81/><T45/><D45/><U38/><E38/><V124/><F44/><W54/><G28/><T52/><D52/><U6/><E71/><V58/><F124/><W74/><G54/><T36/><D36/><U92/><E70/><V105/><F105/><N who="3" m="40555" /><G74/><T102/><D102/><N who="1" m="60679" /><E6/><V25/><F82/><RYUUKYOKU ba="2,1" sc="122,15,396,15,300,-15,172,-15" hai0="12,18,21,23,27,29,41,46,48,90,94,100,101" hai1="84,85,98,99,120,121,123" /><INIT seed="3,3,1,3,4,8" ten="137,411,285,157" oya="3" hai0="48,9,113,58,83,28,40,134,125,120,106,12,100" hai1="133,87,63,69,88,31,20,10,66,39,43,32,98" hai2="22,131,116,102,70,15,128,118,99,96,60,73,112" hai3="7,114,67,111,95,124,108,115,37,44,38,86,123"/><W30/><G30/><T34/><D120/><U24/><E133/><V55/><F73/><W61/><G7/><T65/><D134/><U17/><E98/><V92/><F112/><N who="3" m="43051" /><G86/><T0/><D113/><U50/><E39/><V74/><F74/><W71/><G95/><T89/><D125/><U104/><E104/><V135/><F135/><W3/><G3/><T64/><D0/><U130/><E130/><N who="2" m="49707" /><F99/><W101/><G101/><T33/><D106/><U90/><E10/><V117/><F117/><W6/><G6/><T23/><D100/><U80/><E43/><V75/><F75/><W46/><G123/><T19/><D33/><U57/><E50/><V84/><F84/><W105/><G105/><T13/><D34/><U47/><E47/><N who="3" m="17962" /><G124/><T54/><D40/><U18/><E32/><V59/><F70/><W129/><G129/><T91/><D28/><U127/><E69/><V2/><F2/><W21/><G21/><T5/><REACH who="0" step="1"/><D83/><REACH who="0" ten="127,411,285,157" step="2"/><N who="1" m="49279" /><E127/><V29/><F29/><W94/><G94/><T56/><D56/><U25/><E31/><V45/><F45/><W109/><AGARI ba="3,2" hai="37,38,61,67,71,108,109,111" m="17962,43051" machi="109" ten="40,12000,1" yaku="14,1,10,1,34,2" doraHai="8" who="3" fromWho="3" sc="127,-43,411,-43,285,-43,157,149" /><INIT seed="3,4,0,2,0,25" ten="84,368,242,306" oya="3" hai0="4,96,82,63,57,103,100,17,23,27,88,5,3" hai1="105,2,31,36,65,26,22,13,101,68,47,128,107" hai2="8,45,41,112,39,18,24,90,133,83,86,110,56" hai3="131,109,98,111,11,106,16,104,130,50,120,51,1"/><W70/><G70/><T61/><D3/><U72/><E72/><V32/><F110/><N who="3" m="41995" /><G120/><T37/><D37/><U77/><E128/><N who="3" m="49194" /><G1/><T44/><D44/><U113/><E113/><V121/><F133/><W126/><G126/><T34/><D34/><U59/><E77/><V76/><F112/><W12/><G98/><T108/><D108/><U10/><E68/><V91/><F121/><W123/><G123/><T52/><D63/><U79/><E2/><V15/><REACH who="2" step="1"/><F56/><REACH who="2" ten="84,368,232,306" step="2"/><W125/><G125/><T20/><D4/><U117/><E59/><V78/><F78/><W28/><G28/><AGARI ba="4,1" hai="8,15,18,24,28,32,39,41,45,76,83,86,90,91" machi="28" ten="40,8000,1" yaku="1,1,52,1,53,2" doraHai="25" doraHaiUra="87" who="2" fromWho="3" sc="84,0,368,0,232,102,306,-92" /><INIT seed="4,0,0,5,2,47" ten="84,368,334,214" oya="0" hai0="23,30,38,91,46,134,66,120,90,9,127,52,105" hai1="74,0,1,27,39,44,102,76,8,71,63,55,24" hai2="108,94,61,28,53,119,65,2,93,100,67,130,135" hai3="92,12,40,84,107,86,70,122,5,133,34,68,101"/><T43/><D120/><U56/><E102/><V14/><F108/><W87/><G133/><T54/><D134/><U37/><E71/><V81/><F2/><W77/><G107/><T117/><D117/><U126/><E126/><V3/><F3/><W36/><G34/><T110/><D105/><U49/><E1/><V121/><F119/><W26/><G26/><T123/><D123/><U73/><E27/><V79/><F130/><W7/><G122/><T62/><D127/><U82/><E74/><V29/><F121/><W10/><G7/><T128/><D128/><U18/><E0/><V111/><F111/><W59/><G36/><T11/><D110/><U124/><E124/><V13/><F53/><N who="0" m="20586" /><D30/><U97/><E97/><V103/><F81/><W25/><G70/><T131/><D38/><U50/><E39/><V69/><F69/><W106/><G68/><T42/><D131/><U99/><E99/><V17/><F135/><W31/><G106/><T45/><D23/><U116/><E116/><V22/><F22/><W80/><G31/><T32/><D32/><U19/><E37/><V132/><F132/><W113/><G25/><T33/><D33/><U78/><E24/><V35/><F35/><W48/><G12/><T58/><D46/><U125/><E44/><V95/><F17/><W88/><G10/><N who="0" m="3595" /><D45/><U75/><E125/><V4/><F14/><W20/><G20/><T83/><D83/><N who="1" m="45455" /><E8/><V104/><F13/><W115/><G80/><T51/><D51/><N who="1" m="19467" /><E19/><V118/><F29/><W89/><G48/><T6/><D6/><U21/><E21/><V16/><F28/><RYUUKYOKU ba="0,0" sc="84,15,368,15,334,-15,214,-15" hai0="42,43,58,62,66,90,91" hai1="18,55,56,63,75,78,82" /><INIT seed="4,1,0,4,0,87" ten="99,383,319,199" oya="0" hai0="116,9,65,132,117,125,52,75,106,14,62,127,122" hai1="83,115,56,88,51,31,64,55,103,16,110,67,46" hai2="57,59,4,71,19,36,128,131,41,23,92,66,123" hai3="96,97,101,79,49,45,18,53,70,40,63,33,95"/><T13/><D75/><U124/><E110/><V15/><F123/><W27/><G79/><T74/><D74/><U80/><E124/><N who="0" m="47689" /><D122/><U100/><E31/><V47/><F4/><W34/><G18/><T102/><D132/><U82/><E115/><V3/><F3/><W135/><G135/><T38/><D106/><U85/><E16/><V61/><F59/><W91/><G27/><T134/><D102/><N who="1" m="38955" /><E56/><V58/><F58/><W8/><G8/><T118/><D134/><U35/><E35/><V76/><F76/><W1/><G1/><T0/><D38/><U107/><E107/><V121/><F121/><W10/><G10/><T114/><D114/><U86/><E83/><V99/><REACH who="2" step="1"/><F57/><REACH who="2" ten="99,383,309,199" step="2"/><W39/><G70/><N who="0" m="42295" /><D52/><U29/><E29/><V113/><F113/><W73/><G53/><T130/><D130/><U68/><E68/><V126/><F126/><W98/><G73/><T129/><D129/><U120/><E120/><V133/><F133/><W69/><G69/><T7/><AGARI ba="1,1" hai="0,7,9,13,14,116,117,118" m="42295,47689" machi="7" ten="40,2100,0" yaku="18,1" doraHai="87" who="0" fromWho="0" sc="99,34,383,-8,309,-8,199,-8" /><INIT seed="4,2,0,4,4,97" ten="133,375,301,191" oya="0" hai0="119,57,18,82,27,15,121,115,67,81,63,127,104" hai1="105,95,32,79,30,91,98,5,39,14,126,86,70" hai2="60,85,116,84,13,28,2,129,29,65,90,118,54" hai3="77,24,9,99,46,31,83,20,0,71,45,34,113"/><T135/><D119/><N who="2" m="45610" /><F2/><W76/><G71/><T88/><D121/><U51/><E39/><V23/><F54/><W102/><G113/><T19/><D115/><U106/><E126/><V122/><F129/><W22/><G76/><T111/><D127/><U3/><E3/><V92/><F85/><W61/><G61/><T132/><D111/><U17/><E5/><V1/><F1/><W107/><G0/><T130/><D130/><U44/><E30/><V7/><F122/><W69/><G69/><T59/><D104/><U62/><E32/><V53/><F53/><W8/><G22/><T56/><D27/><U101/><E79/><V49/><F49/><W11/><REACH who="3" step="1"/><G20/><REACH who="3" ten="133,375,301,181" step="2"/><N who="0" m="11359" /><D19/><U64/><E17/><N who="2" m="10671" /><F7/><W42/><G42/><T40/><D40/><U89/><E70/><AGARI ba="2,1" hai="28,29,60,65,70,84,90,92" m="10671,45610" machi="70" ten="30,1000,0" yaku="12,1" doraHai="97" who="2" fromWho="1" sc="133,0,375,-16,301,26,181,0" /><INIT seed="5,0,0,0,3,88" ten="133,359,327,181" oya="1" hai0="2,3,89,13,12,65,30,127,91,23,24,59,90" hai1="70,98,130,55,79,21,15,77,78,66,132,32,22" hai2="50,94,29,48,47,7,82,69,14,43,34,42,58" hai3="112,63,16,11,100,129,27,123,81,68,119,122,19"/><U95/><E32/><V0/><F0/><W104/><G129/><T61/><REACH who="0" step="1"/><D127/><REACH who="0" ten="123,359,327,181" step="2"/><U57/><E130/><V71/><F71/><W131/><G131/><T51/><D51/><U111/><E70/><V76/><F69/><W36/><G68/><T92/><D92/><U116/><E95/><V120/><F94/><W41/><G104/><T121/><D121/><U10/><E111/><V93/><F93/><W101/><G122/><T45/><D45/><U99/><E99/><V117/><F120/><W44/><G123/><T97/><D97/><U64/><E98/><V40/><F117/><W39/><G44/><T133/><D133/><U56/><E132/><V96/><F96/><W1/><G119/><T5/><D5/><U108/><E108/><V17/><F7/><W33/><G36/><T8/><D8/><U134/><E134/><V87/><F34/><W128/><G11/><T105/><D105/><U60/><E116/><V28/><F50/><W135/><G33/><T4/><D4/><N who="1" m="3527" /><E66/><V125/><F125/><W114/><G39/><T85/><D85/><U80/><E80/><V52/><F47/><W103/><G81/><T126/><D126/><U75/><E75/><V113/><F113/><W73/><G135/><T54/><D54/><U74/><E74/><V31/><F40/><W107/><G128/><T25/><D25/><U6/><E6/><V106/><F106/><W53/><G107/><T38/><D38/><U109/><E109/><V83/><F83/><W67/><G112/><T62/><D62/><AGARI ba="0,1" hai="21,22,55,56,57,60,62,64,77,78,79" m="3527" machi="62" ten="30,1500,0" yaku="8,1" doraHai="88" who="1" fromWho="0" sc="123,-15,359,25,327,0,181,0" /><INIT seed="5,1,0,0,4,74" ten="108,384,327,181" oya="1" hai0="10,2,122,28,20,4,7,21,46,0,133,32,126" hai1="68,63,95,135,115,92,9,31,79,112,64,86,119" hai2="91,117,96,81,1,89,129,65,26,104,25,121,118" hai3="8,56,108,124,67,107,49,66,72,47,88,130,105"/><U51/><E119/><V73/><F1/><N who="0" m="618" /><D46/><U29/><E135/><V93/><F65/><W75/><G108/><T85/><D85/><U34/><E9/><V54/><F54/><W131/><G124/><T42/><D42/><U77/><E51/><V78/><F25/><W18/><G56/><T59/><D59/><U132/><E132/><V41/><F26/><W114/><G114/><N who="1" m="43562" /><E34/><V98/><F41/><W6/><G18/><T128/><D133/><U53/><E53/><V123/><F129/><W116/><G116/><N who="2" m="44649" /><F91/><W120/><G88/><T61/><D128/><U80/><E79/><V50/><F50/><W39/><G49/><T23/><D61/><U43/><E43/><V57/><F57/><W33/><G39/><T83/><D83/><U62/><E62/><V40/><F40/><W15/><G130/><T103/><D103/><AGARI ba="1,0" hai="73,78,81,89,93,96,98,103,104,121,123" m="44649" machi="103" ten="30,3900,0" yaku="34,2,52,1" doraHai="74" who="2" fromWho="0" sc="108,-42,384,0,327,42,181,0" /><INIT seed="6,0,0,0,1,24" ten="66,384,369,181" oya="2" hai0="120,123,36,42,11,61,4,101,23,7,39,133,30" hai1="47,64,115,65,117,88,127,18,26,68,87,34,57" hai2="110,121,111,91,83,80,103,118,28,37,2,122,16" hai3="45,48,32,20,54,29,73,69,67,130,9,55,40"/><V14/><F2/><W92/><G73/><T21/><D133/><U100/><E117/><V109/><F37/><W79/><G130/><T59/><D101/><U128/><E68/><V116/><F103/><W108/><G108/><T49/><D39/><U15/><E115/><V72/><F28/><W17/><G32/><T81/><D36/><U84/><E127/><V132/><F132/><W13/><G79/><T76/><D120/><N who="2" m="46186" /><F16/><W31/><G92/><T19/><D123/><U12/><E26/><V134/><F14/><W82/><G82/><N who="2" m="31273" /><F134/><W43/><G67/><T6/><D49/><U58/><E100/><V89/><F72/><W104/><G69/><T10/><D42/><U60/><E34/><V1/><F1/><W51/><G104/><T41/><D41/><U77/><E15/><V106/><F106/><W131/><G131/><T125/><D125/><U52/><E128/><V114/><F114/><W129/><G129/><T35/><D35/><U102/><E102/><V22/><F22/><W94/><G94/><T53/><D23/><U86/><E77/><V44/><F44/><N who="3" m="27911" /><G31/><T50/><D30/><U46/><E46/><V74/><F74/><W78/><G78/><T113/><D113/><U124/><E47/><V85/><F85/><N who="1" m="32841" /><E124/><V56/><F56/><W8/><G8/><N who="0" m="3115" /><D81/><N who="1" m="49231" /><E58/><V126/><F126/><W70/><G70/><T62/><D76/><U97/><E97/><V135/><F135/><W93/><G93/><T38/><D38/><U5/><E18/><V3/><F3/><W90/><G90/><AGARI ba="0,0" hai="89,90,91,109,110,111,116,118" m="31273,46186" machi="90" ten="40,12000,1" yaku="28,2,10,1,34,2" doraHai="24" who="2" fromWho="3" sc="66,0,384,0,369,120,181,-120" /><INIT seed="6,1,0,3,0,1" ten="66,384,489,61" oya="2" hai0="135,95,120,63,97,75,31,20,53,94,116,58,81" hai1="46,28,119,121,115,57,90,106,61,62,100,29,109" hai2="83,59,96,108,129,52,51,130,23,68,70,89,0" hai3="101,49,4,72,50,98,66,91,71,64,36,48,55"/><V107/><F108/><W10/><G72/><T30/><D120/><U56/><E109/><V92/><F107/><W40/><G36/><T43/><D135/><U74/><E74/><V127/><F127/><W122/><G122/><T18/><D18/><U13/><E115/><V12/><F0/><W11/><G11/><T22/><D116/><U85/><E106/><V24/><F83/><W117/><G117/><T128/><D128/><U27/><E100/><V8/><F129/><W131/><G131/><T9/><D43/><U123/><E46/><V102/><F102/><W39/><G39/><T87/><D75/><U17/><E119/><V38/><F38/><W73/><G73/><T79/><D9/><U132/><E132/><V15/><F130/><W114/><G91/><N who="0" m="55519" /><D95/><U21/><E123/><V14/><REACH who="2" step="1"/><F8/><REACH who="2" ten="66,384,479,61" step="2"/><W110/><G10/><T16/><D22/><U35/><E121/><V86/><F86/><W134/><G110/><T105/><D105/><U6/><E85/><V19/><AGARI ba="1,1" hai="12,14,15,19,23,24,51,52,59,68,70,89,92,96" machi="19" ten="30,6000,0" yaku="1,1,0,1,54,1,53,0" doraHai="1" doraHaiUra="5" who="2" fromWho="2" sc="66,-21,384,-21,479,73,61,-21" /><INIT seed="6,2,0,1,2,12" ten="45,363,552,40" oya="2" hai0="55,67,94,2,50,78,15,93,57,135,45,51,107" hai1="81,88,36,70,11,104,99,16,62,29,17,9,28" hai2="127,65,30,83,85,27,97,59,121,111,5,73,4" hai3="56,20,91,86,8,34,63,21,117,129,3,89,32"/><V60/><F73/><W134/><G129/><T75/><D135/><U43/><E36/><V68/><F127/><W58/><G134/><T120/><D120/><U7/><E43/><V31/><F121/><W80/><G117/><T82/><D107/><U1/><E104/><V126/><F126/><W74/><G74/><T79/><D2/><U115/><E115/><V131/><F131/><W77/><G3/><T87/><D75/><U40/><E40/><V14/><F111/><W0/><G0/><T119/><D78/><U128/><E128/><V113/><F31/><W103/><G103/><T92/><D119/><U35/><E35/><V69/><F97/><W33/><G8/><T125/><D125/><U22/><E70/><V54/><F69/><W49/><G49/><T84/><D84/><U23/><E62/><V41/><F14/><W66/><REACH who="3" step="1"/><G56/><REACH who="3" ten="45,363,552,30" step="2"/><T106/><D51/><U101/><E11/><V133/><F133/><W123/><G123/><T124/><D124/><U47/><E101/><V110/><F110/><W53/><G53/><T39/><D39/><U42/><E9/><V26/><F41/><W102/><G102/><T25/><D57/><U90/><E42/><V38/><F38/><W100/><G100/><T105/><D67/><U130/><E130/><V118/><F118/><W44/><G44/><T95/><D105/><U98/><E1/><V114/><F65/><W61/><G61/><T71/><D106/><U132/><E132/><V96/><F60/><W64/><G64/><T76/><N who="0" m="23552" /><DORA hai="52" /><T24/><D50/><U48/><E48/><V72/><F59/><RYUUKYOKU ba="2,1" sc="45,-10,363,-10,552,-10,30,30" hai3="20,21,32,33,34,58,63,66,77,80,86,89,91" /><INIT seed="7,3,1,0,5,121" ten="35,353,542,60" oya="3" hai0="25,37,2,57,90,63,18,52,65,39,127,7,48" hai1="1,78,54,27,9,55,126,88,74,61,50,36,104" hai2="105,21,33,123,53,45,26,98,96,134,34,40,23" hai3="30,38,29,22,58,94,117,72,44,15,130,14,116"/><W76/><G130/><T111/><D111/><U13/><E104/><V19/><F134/><W118/><G72/><T110/><D110/><U51/><E36/><V132/><F132/><W128/><G128/><T99/><D127/><U91/><E1/><V87/><F53/><W119/><N who="3" m="29696" /><DORA hai="124" /><W12/><G76/><T49/><D7/><U46/><E126/><V47/><F47/><W56/><G94/><N who="0" m="56791" /><D2/><U69/><E27/><V129/><F129/><W113/><G113/><T89/><D89/><U16/><E74/><V6/><F6/><W59/><REACH who="3" step="1"/><G22/><REACH who="3" ten="35,353,542,50" step="2"/><N who="0" m="13527" /><D65/><U3/><E78/><V0/><F23/><W68/><G68/><T60/><D60/><U62/><E62/><V102/><F123/><W43/><AGARI ba="3,2" hai="12,14,15,29,30,38,43,44,56,58,59" m="29696" machi="43" ten="70,12000,1" yaku="1,1,0,1,29,2,53,0" doraHai="121,124" doraHaiUra="85,84" who="3" fromWho="3" sc="35,-43,353,-43,542,-43,50,149" owari="-8,-51.0,310,11.0,499,60.0,199,-20.0" /></mjloggm>