<mjloggm ver="2.3"><GO type="41" lobby="0"/><UN n0="%E2%93%9D%53%75%70%68%78" n1="%55%28%E3%83%A6%E3%82%A6%29" n2="%4C%65%74%6F%2E" n3="%79%61%6D%61%73%75%6D%69" dan="17,15,15,14" rate="2085.14,2016.79,1996.37,1970.33" sx="M,M,M,M"/><TAIKYOKU oya="0"/><INIT seed="0,0,0,3,0,96" ten="250,250,250,250" oya="0" hai0="70,6,100,13,43,9,65,72,1,29,28,59,33" hai1="88,31,66,63,80,32,26,106,105,25,54,81,87" hai2="95,60,82,69,21,30,118,11,76,98,12,42,75" hai3="133,62,2,119,115,8,37,90,112,7,78,89,101"/><T91/><D70/><U128/><E128/><V40/><F118/><W77/><G119/><T84/><D72/><U126/><E126/><V14/><F14/><W48/><G37/><T107/><D43/><U27/><E54/><V127/><F127/><W79/><G62/><T116/><D116/><U56/><E25/><V47/><F47/><W85/><G48/><T121/><D121/><U22/><REACH who="1" step="1"/><E80/><REACH who="1" ten="250,240,250,250" step="2"/><V44/><F82/><W86/><G115/><T113/><D113/><U5/><E5/><V124/><F124/><W110/><G112/><T131/><D131/><U0/><E0/><V74/><F42/><W109/><G133/><T4/><D1/><U68/><E68/><V92/><F40/><W46/><G46/><T50/><D6/><U120/><E120/><V3/><F3/><W36/><G36/><T53/><D33/><U61/><E61/><V111/><F60/><W18/><G7/><T20/><D65/><U130/><E130/><V104/><F44/><W55/><G55/><T71/><D71/><U38/><E38/><V34/><F34/><W97/><G2/><T45/><D45/><U93/><E93/><V51/><F95/><N who="3" m="58559" /><G18/><AGARI ba="0,1" hai="18,22,26,27,31,32,56,63,66,81,87,88,105,106" machi="18" ten="30,3900,0" yaku="1,1,7,1,54,1,53,0" doraHai="96" doraHaiUra="49" who="1" fromWho="3" sc="250,0,240,49,250,0,250,-39" /><INIT seed="1,0,0,4,5,21" ten="250,289,250,211" oya="1" hai0="75,33,37,51,16,12,79,44,60,61,128,2,86" hai1="25,100,90,48,92,83,19,58,41,46,124,30,119" hai2="135,66,134,47,108,11,42,26,120,20,36,89,103" hai3="45,4,62,59,8,85,117,76,118,10,23,127,27"/><U55/><E119/><N who="3" m="45578" /><G127/><T64/><D2/><U125/><E100/><V97/><F120/><W74/><G74/><T69/><D128/><U14/><E83/><V18/><F108/><W5/><G45/><T17/><D75/><U107/><E107/><V101/><F66/><N who="3" m="39263" /><G76/><T49/><D33/><U52/><E124/><V71/><F71/><W81/><G81/><T63/><D37/><U40/><E125/><V94/><REACH who="2" step="1"/><F11/><REACH who="2" ten="250,289,240,211" step="2"/><N who="3" m="4139" /><G85/><T54/><D69/><U39/><E39/><V105/><F105/><W130/><G130/><T132/><D64/><U95/><E40/><V133/><AGARI ba="0,1" hai="18,20,26,36,42,47,89,94,97,101,103,133,134,135" machi="133" ten="30,7900,0" yaku="1,1,0,1,20,1,52,1,53,0" doraHai="21" doraHaiUra="78" who="2" fromWho="2" sc="250,-20,289,-39,240,89,211,-20" /><INIT seed="2,0,0,0,4,98" ten="230,250,329,191" oya="2" hai0="97,109,71,20,135,63,67,32,36,48,41,104,56" hai1="25,95,66,57,116,128,82,112,91,19,87,18,120" hai2="42,29,6,121,69,7,131,4,126,81,35,94,107" hai3="77,26,16,105,68,37,108,84,50,23,58,88,11"/><V64/><F121/><W8/><G108/><T55/><D32/><U45/><E112/><V125/><F131/><W14/><G68/><T12/><D109/><U75/><E116/><V111/><F111/><W93/><G37/><T123/><D135/><U118/><E118/><V92/><F107/><W74/><G105/><T60/><D12/><U114/><E114/><V78/><F42/><W15/><G74/><T70/><D20/><U31/><E128/><V113/><F113/><W127/><G77/><T80/><D80/><U61/><E45/><V89/><F64/><W65/><G127/><N who="2" m="48649" /><F69/><N who="0" m="26122" /><D97/><U133/><E133/><V47/><F47/><W17/><G65/><T53/><D104/><U73/><E120/><V62/><F62/><N who="0" m="23594" /><D123/><U99/><E73/><N who="2" m="43215" /><F89/><W49/><REACH who="3" step="1"/><G58/><REACH who="3" ten="230,250,329,181" step="2"/><T85/><D67/><U83/><E75/><V43/><F43/><W46/><G46/><N who="0" m="23847" /><D85/><U132/><E132/><V0/><F0/><W96/><G96/><T119/><D119/><U76/><REACH who="1" step="1"/><E82/><REACH who="1" ten="230,240,329,181" step="2"/><V30/><F35/><AGARI ba="0,2" hai="18,19,25,31,35,57,61,66,76,83,87,91,95,99" machi="35" ten="30,3900,0" yaku="1,1,2,1,7,1,53,0" doraHai="98" doraHaiUra="39" who="1" fromWho="2" sc="230,0,240,59,329,-39,181,0" /><INIT seed="3,0,0,1,4,109" ten="230,299,290,181" oya="3" hai0="120,1,112,105,88,20,3,92,6,19,119,86,15" hai1="56,12,47,42,53,98,90,128,122,64,18,123,104" hai2="62,30,29,106,131,126,26,50,102,39,135,80,130" hai3="116,114,4,125,73,91,34,41,70,48,76,28,111"/><W45/><G116/><T68/><D119/><U99/><E128/><V59/><F39/><W17/><G125/><T87/><D120/><U93/><E64/><V101/><F135/><W69/><G111/><T46/><D105/><U129/><E129/><N who="2" m="49163" /><F106/><W83/><G91/><T117/><D68/><U132/><E132/><V13/><F30/><W89/><G89/><T27/><D117/><U5/><E5/><V14/><F50/><W10/><G17/><T23/><D112/><U61/><E99/><V52/><F80/><W40/><G40/><T54/><D86/><U60/><E60/><V94/><F126/><W44/><G44/><T113/><D113/><U85/><E104/><V81/><F81/><W84/><G114/><T7/><D1/><U82/><E12/><N who="2" m="4715" /><F94/><W107/><G107/><T51/><REACH who="0" step="1"/><D3/><REACH who="0" ten="220,299,290,181" step="2"/><U24/><E122/><V49/><F62/><W8/><G73/><T115/><D115/><U133/><E123/><V103/><F103/><W74/><G74/><T31/><AGARI ba="0,1" hai="6,7,15,19,20,23,27,31,46,51,54,87,88,92" machi="31" ten="20,8000,1" yaku="1,1,0,1,7,1,8,1,54,1,53,0" doraHai="109" doraHaiUra="108" who="0" fromWho="0" sc="220,90,299,-20,290,-20,181,-40" /><INIT seed="4,0,0,4,2,41" ten="310,279,270,141" oya="0" hai0="55,66,63,2,62,106,132,12,97,5,56,113,96" hai1="29,110,94,77,59,64,43,111,134,126,121,46,8" hai2="37,35,45,0,83,123,104,11,57,95,75,125,109" hai3="124,87,53,91,79,34,74,112,13,69,127,18,101"/><T9/><D113/><U42/><E77/><N who="2" m="44479" /><F109/><N who="1" m="41481" /><E94/><V47/><F104/><W119/><G112/><T22/><D132/><U31/><E8/><V73/><F73/><W80/><G69/><T40/><D40/><N who="1" m="15403" /><E134/><V99/><F35/><W72/><G119/><T92/><D106/><U116/><E116/><V122/><F37/><W30/><G101/><T67/><D2/><U33/><E33/><V90/><F57/><W28/><G53/><T71/><D22/><U1/><E1/><V98/><F98/><W85/><G34/><T82/><D82/><U105/><E105/><V49/><F49/><W120/><G120/><T115/><D115/><U108/><E121/><V129/><F129/><W32/><G30/><N who="1" m="11274" /><E108/><V89/><F89/><W117/><G28/><T118/><D118/><U19/><E19/><V61/><F11/><W102/><G32/><T52/><REACH who="0" step="1"/><D97/><REACH who="0" ten="300,279,270,141" step="2"/><U44/><E126/><N who="3" m="48170" /><G117/><T50/><D50/><U78/><E78/><V39/><F0/><W26/><G26/><T15/><D15/><U76/><E76/><V128/><F125/><W23/><G102/><AGARI ba="0,1" hai="5,9,12,52,55,56,62,63,66,67,71,92,96,102" machi="102" ten="30,5800,0" yaku="1,1,7,1,54,1,53,0" doraHai="41" doraHaiUra="16" who="0" fromWho="3" sc="300,68,279,0,270,0,141,-58" /><INIT seed="4,1,0,1,2,11" ten="368,279,270,83" oya="0" hai0="13,90,27,83,62,21,58,78,14,16,72,19,33" hai1="123,131,56,30,110,49,6,108,29,37,40,66,42" hai2="98,103,48,24,47,9,18,26,117,114,92,59,105" hai3="76,85,96,82,74,116,55,31,80,44,125,52,34"/><T69/><D69/><U63/><E6/><V17/><F114/><W70/><G116/><T91/><D33/><U87/><E87/><V2/><F117/><W84/><G125/><T41/><D41/><U43/><E123/><V22/><F105/><W94/><G74/><T71/><D71/><U57/><E30/><V25/><F59/><W109/><G109/><N who="1" m="42090" /><E29/><V135/><F135/><W4/><G70/><T67/><REACH who="0" step="1"/><D27/><REACH who="0" ten="358,279,270,83" step="2"/><U20/><E37/><V54/><F2/><W115/><G115/><T65/><D65/><U12/><E40/><V38/><F38/><W120/><G120/><T119/><D119/><U89/><E42/><V121/><F121/><W45/><G4/><T39/><D39/><U100/><E43/><V8/><F26/><W111/><G111/><T15/><D15/><U124/><E12/><V81/><F24/><W60/><G34/><T5/><D5/><U132/><E66/><V86/><F18/><W122/><G31/><T1/><D1/><U126/><E132/><V112/><REACH who="2" step="1"/><F112/><REACH who="2" ten="358,279,260,83" step="2"/><W118/><G122/><T79/><D79/><AGARI ba="1,2" hai="8,9,17,22,25,47,48,54,79,81,86,92,98,103" machi="79" ten="30,8000,1" yaku="1,1,2,1,7,1,8,1,53,1" doraHai="11" doraHaiUra="99" who="2" fromWho="0" sc="358,-83,279,0,260,103,83,0" /><INIT seed="5,0,0,1,3,102" ten="275,279,363,83" oya="1" hai0="93,8,94,53,85,13,61,57,82,72,62,42,43" hai1="69,19,33,126,104,2,123,84,28,58,132,37,24" hai2="59,133,32,81,40,127,125,51,73,16,11,17,122" hai3="70,99,119,131,1,107,7,0,117,52,114,23,5"/><U36/><E123/><V63/><F122/><W129/><G70/><T106/><D72/><U55/><E69/><V14/><F32/><W34/><G34/><T105/><D61/><U111/><E126/><V86/><F73/><W21/><G114/><T3/><D3/><U97/><E132/><V18/><F133/><W78/><G78/><T67/><D67/><U90/><E111/><V121/><F121/><W44/><G44/><T91/><D93/><U116/><E116/><N who="3" m="44618" /><G52/><T96/><D42/><U35/><E35/><V65/><F127/><W4/><G99/><T113/><D43/><U135/><E135/><V98/><F98/><W26/><G26/><T60/><D60/><U118/><E118/><V124/><F124/><W76/><G76/><T103/><REACH who="0" step="1"/><D113/><REACH who="0" ten="265,279,363,83" step="2"/><U6/><E2/><N who="3" m="1130" /><G107/><T9/><D9/><U115/><E115/><V10/><F10/><W71/><G71/><T66/><D66/><U64/><E64/><V109/><F125/><W20/><AGARI ba="0,1" hai="4,5,7,20,21,23,129,131" m="1130,44618" machi="20" ten="40,8000,1" yaku="28,2,12,1,34,2" doraHai="102" who="3" fromWho="3" sc="265,-20,279,-40,363,-20,83,90" /><INIT seed="6,0,0,1,4,90" ten="245,239,343,173" oya="2" hai0="78,44,39,132,86,120,21,95,80,123,87,128,124" hai1="102,47,63,38,92,109,97,5,101,52,37,32,96" hai2="127,131,114,56,19,48,83,81,61,122,105,49,119" hai3="85,112,82,104,34,60,35,89,133,66,100,130,71"/><V10/><F119/><W4/><G133/><T108/><D39/><U65/><E109/><V22/><F122/><N who="0" m="46634" /><D44/><U88/><E32/><V103/><F114/><W43/><G130/><T46/><D21/><U70/><E5/><V121/><F121/><W24/><G112/><T27/><D46/><U79/><E79/><V1/><F105/><W129/><G129/><T67/><D27/><U30/><E30/><V59/><F103/><W54/><G54/><T36/><D67/><U33/><E33/><V20/><F59/><W16/><G4/><T2/><D2/><U98/><E98/><V40/><F1/><W28/><G35/><T62/><D62/><U55/><E101/><V107/><F107/><W53/><G53/><T116/><D36/><U93/><REACH who="1" step="1"/><E37/><REACH who="1" ten="245,229,343,173" step="2"/><V106/><F131/><W64/><G64/><T110/><D128/><U0/><E0/><V23/><F127/><W125/><G125/><T25/><D124/><U11/><E11/><V117/><F10/><W134/><G134/><T50/><D132/><U29/><E29/><V77/><F77/><W76/><G76/><T42/><D108/><U41/><AGARI ba="0,1" hai="38,41,47,52,55,63,65,70,88,92,93,96,97,102" machi="41" ten="30,12000,2" yaku="1,1,0,1,52,2,54,2,53,0" doraHai="90" doraHaiUra="12" who="1" fromWho="1" sc="245,-30,229,130,343,-60,173,-30" /><INIT seed="7,0,0,0,2,116" ten="215,359,283,143" oya="3" hai0="74,112,38,85,114,55,129,52,86,58,28,32,64" hai1="80,57,103,76,35,88,29,9,0,67,99,27,120" hai2="37,69,91,82,127,49,5,124,101,2,110,118,131" hai3="20,95,31,128,66,100,133,122,25,26,81,8,46"/><W70/><G122/><T61/><D74/><U41/><E120/><V39/><F110/><W71/><G133/><T15/><D38/><U111/><E111/><V68/><F131/><W34/><G128/><T30/><D15/><U10/><E41/><V119/><F101/><W3/><G46/><T132/><D129/><U42/><E42/><V14/><F2/><W106/><G81/><T65/><D32/><U89/><E0/><V78/><F49/><W134/><G134/><T90/><D132/><U48/><E103/><V83/><F91/><W7/><G106/><T92/><D85/><N who="1" m="48263" /><E35/><V87/><F14/><W59/><G100/><T47/><D55/><N who="1" m="31975" /><E67/><N who="0" m="25673" /><D47/><U73/><E73/><V60/><F60/><W12/><G95/><T79/><D79/><U13/><E99/><V54/><F78/><W93/><G93/><T75/><D75/><U11/><E27/><V53/><REACH who="2" step="1"/><F5/><REACH who="2" ten="215,359,273,143" step="2"/><W19/><G26/><T16/><D90/><N who="1" m="34923" /><E29/><V36/><F36/><W113/><G113/><T105/><D28/><U51/><E51/><V18/><F18/><AGARI ba="0,1" hai="9,10,11,13,18" m="34923,31975,48263" machi="18" ten="30,2000,0" yaku="8,1,54,1" doraHai="116" who="1" fromWho="2" sc="215,0,359,30,273,-20,143,0" owari="215,-18.0,389,49.0,253,5.0,143,-36.0" /></mjloggm>