<mjloggm ver="2.3"><GO type="41" lobby="0"/><UN n0="%E3%82%B3%E3%82%AB%E3%83%BB%E3%82%B3%E3%83%BC%E3%83%A9" n1="%E2%93%9D%53%75%70%68%78" n2="%E3%82%AB%E3%83%8D%E3%82%AD%E3%81%8F%E3%82%93" n3="%E7%AB%B9%E6%9C%AC%E6%97%A0%E5%BF%83" dan="15,18,14,14" rate="1992.95,2080.23,1932.29,1939.54" sx="M,M,F,M"/><TAIKYOKU oya="0"/><INIT seed="0,0,0,2,3,57" ten="250,250,250,250" oya="0" hai0="6,105,120,104,77,63,21,39,58,23,22,53,27" hai1="123,25,11,92,93,13,80,12,10,38,8,35,129" hai2="99,91,68,79,103,94,107,26,82,36,119,118,74" hai3="101,125,15,114,134,111,87,4,43,96,29,24,32"/><T106/><D120/><U0/><E38/><V1/><F1/><W52/><G114/><T49/><D39/><U115/><E80/><V86/><F68/><W124/><G111/><T62/><D77/><U130/><E93/><N who="2" m="54519" /><F36/><W132/><G43/><T5/><REACH who="0" step="1"/><D27/><REACH who="0" ten="240,250,250,250" step="2"/><U116/><E123/><V102/><F26/><W126/><G132/><T113/><D113/><U51/><E115/><V18/><F118/><W59/><G134/><T44/><D44/><U60/><E116/><V34/><F119/><W90/><G125/><T109/><D109/><U50/><E25/><V40/><F34/><W112/><G112/><T30/><D30/><U46/><E46/><V69/><F18/><W122/><G126/><T88/><D88/><U54/><E35/><V83/><F103/><W95/><G122/><T16/><D16/><U20/><E130/><V72/><F72/><W55/><G124/><T100/><D100/><U89/><E129/><V28/><F28/><W45/><G45/><T81/><D81/><U19/><E19/><V71/><F83/><W98/><G101/><T41/><D41/><U7/><E89/><V128/><F128/><W66/><G32/><T127/><D127/><U121/><E121/><V67/><F102/><W9/><G29/><T2/><D2/><U78/><E0/><V37/><F37/><W14/><G24/><T33/><D33/><U17/><E78/><V31/><F31/><W61/><G15/><T85/><D85/><U73/><E73/><V108/><F108/><W133/><G133/><T42/><D42/><U48/><E92/><V84/><F94/><RYUUKYOKU ba="0,1" sc="240,10,250,10,250,-30,250,10" hai0="5,6,21,22,23,49,53,58,62,63,104,105,106" hai1="7,8,10,11,12,13,17,20,48,50,51,54,60" hai3="4,9,14,52,55,59,61,66,87,90,95,96,98" /><INIT seed="0,1,1,3,2,79" ten="250,260,220,260" oya="0" hai0="54,84,14,100,92,43,62,25,124,47,16,30,42" hai1="1,134,123,121,106,122,86,102,125,78,2,8,98" hai2="112,58,67,57,70,101,108,103,35,118,126,91,129" hai3="27,74,44,32,50,55,4,135,93,111,88,46,18"/><T65/><D124/><U11/><E125/><V38/><F112/><W10/><G74/><T105/><D105/><U99/><E134/><V72/><F108/><W127/><G135/><T68/><D54/><U51/><E51/><V66/><F70/><W132/><G132/><T104/><D104/><U85/><E78/><V77/><F129/><W59/><G127/><T21/><D47/><U33/><E33/><V73/><F35/><W110/><G110/><T109/><D109/><U23/><E23/><V56/><F126/><W131/><G131/><T117/><D117/><U82/><E106/><V5/><F5/><W41/><G18/><T29/><D29/><U39/><E102/><V24/><F24/><W133/><G133/><T28/><D28/><U63/><E63/><V7/><F7/><W34/><G27/><T49/><D49/><U130/><E123/><V15/><F38/><W128/><G128/><T75/><D75/><U114/><E130/><V95/><F73/><W60/><G111/><T22/><REACH who="0" step="1"/><D84/><REACH who="0" ten="240,260,220,260" step="2"/><U115/><E39/><V37/><F118/><W90/><G46/><T31/><D31/><U116/><E116/><V107/><F107/><W19/><G34/><T80/><D80/><AGARI ba="1,2" hai="1,2,8,11,80,82,85,86,98,99,114,115,121,122" machi="80" ten="25,6400,0" yaku="22,2,52,2" doraHai="79" who="1" fromWho="0" sc="240,-67,260,87,220,0,260,0" /><INIT seed="1,0,0,1,5,37" ten="173,347,220,260" oya="1" hai0="65,111,56,91,21,94,28,76,36,13,63,23,114" hai1="0,8,104,20,61,81,40,16,30,127,34,35,69" hai2="124,79,135,62,83,70,44,129,125,73,128,46,42" hai3="5,74,113,32,131,7,47,49,24,10,130,90,80"/><U115/><E104/><V122/><F122/><W38/><G38/><T103/><D114/><U26/><E115/><V123/><F123/><W33/><G113/><T117/><D117/><U15/><E127/><V43/><F70/><W25/><G74/><T75/><D111/><U109/><E109/><V102/><F102/><W106/><G106/><T132/><D103/><U98/><E98/><V41/><F62/><W3/><G90/><T71/><D132/><U121/><E121/><V12/><F12/><W54/><G80/><T95/><D95/><U82/><E40/><V27/><F27/><N who="3" m="10315" /><G7/><T72/><D28/><U60/><E60/><V58/><F58/><W6/><G6/><T48/><D36/><U93/><E93/><V59/><F59/><W68/><G68/><T2/><D2/><U77/><E82/><V96/><F96/><W110/><G110/><T64/><D76/><U45/><E45/><N who="2" m="17515" /><F135/><W29/><G29/><T85/><D65/><U88/><E0/><V126/><AGARI ba="0,0" hai="41,42,43,73,79,83,124,125,126,128,129" m="17515" machi="126" ten="40,8000,1" yaku="18,1,52,3" doraHai="37" who="2" fromWho="2" sc="173,-20,347,-40,220,80,260,-20" /><INIT seed="2,0,0,3,4,130" ten="153,307,300,240" oya="2" hai0="66,5,54,87,15,70,30,119,128,28,63,67,129" hai1="7,88,78,101,57,9,39,69,44,38,106,34,134" hai2="99,1,133,64,20,81,41,33,2,49,83,40,53" hai3="65,55,50,85,14,116,122,71,26,100,45,56,123"/><V17/><F33/><W111/><G100/><T96/><D96/><U108/><E69/><V43/><F133/><W32/><G116/><T90/><D119/><U125/><E78/><V102/><F64/><W131/><G131/><N who="0" m="50251" /><D66/><U60/><E108/><V84/><F84/><W103/><G103/><T37/><D37/><U74/><E74/><V52/><F53/><W19/><G111/><T93/><D54/><U31/><E125/><V120/><F120/><W16/><G71/><T24/><D24/><U48/><E39/><V91/><F91/><W124/><G124/><T97/><D97/><U25/><E38/><V79/><F79/><W8/><G85/><T51/><D51/><U135/><E106/><V92/><F2/><W113/><G113/><T95/><D95/><U127/><E101/><V86/><F1/><W42/><G65/><T115/><D115/><U6/><E127/><V107/><F86/><W21/><REACH who="3" step="1"/><G32/><REACH who="3" ten="153,307,300,230" step="2"/><T117/><D117/><U62/><E34/><V89/><F107/><W109/><G109/><T58/><D70/><U10/><E135/><V132/><F132/><W59/><G59/><T105/><D105/><U35/><E57/><N who="2" m="32911" /><F89/><W94/><G94/><T73/><D73/><U12/><E134/><V36/><F36/><AGARI ba="0,1" hai="8,14,16,19,21,26,36,42,45,50,55,56,122,123" machi="36" ten="30,3900,0" yaku="1,1,7,1,54,1,53,0" doraHai="130" doraHaiUra="112" who="3" fromWho="2" sc="153,0,307,0,300,-39,230,49" /><INIT seed="3,0,0,3,1,57" ten="153,307,261,279" oya="3" hai0="77,116,14,38,128,32,1,66,110,63,37,108,98" hai1="24,12,68,70,104,73,119,23,86,44,88,40,49" hai2="8,103,50,31,74,132,79,133,100,67,58,126,109" hai3="134,13,72,61,0,55,29,48,28,62,107,130,42"/><W90/><G0/><T84/><D32/><U105/><E73/><V27/><F109/><N who="0" m="42090" /><D1/><U45/><E119/><V80/><F126/><W10/><G72/><T33/><D33/><U113/><E113/><V95/><F8/><W53/><G107/><T34/><D34/><U54/><E12/><V135/><F95/><W30/><G134/><T59/><D14/><U115/><E115/><V16/><F16/><N who="3" m="8247" /><G130/><T64/><D98/><U4/><E4/><V121/><F121/><W19/><G19/><T117/><D128/><U85/><E85/><V118/><F118/><N who="0" m="45674" /><D84/><U89/><E105/><V9/><F9/><W129/><G129/><T3/><D77/><U69/><E104/><V120/><F120/><W125/><G125/><T20/><D20/><U94/><E89/><V46/><F27/><W124/><G124/><T71/><D3/><U93/><E93/><V131/><F131/><W25/><G25/><T5/><D5/><U127/><E127/><V78/><F78/><W87/><G42/><T21/><D21/><U114/><E114/><V15/><F15/><W111/><G111/><T35/><D35/><U96/><E96/><V22/><F22/><W102/><G102/><T81/><D81/><U2/><E2/><V123/><F123/><W51/><G90/><T65/><D71/><U39/><REACH who="1" step="1"/><E70/><REACH who="1" ten="153,297,261,279" step="2"/><V52/><F31/><AGARI ba="0,1" hai="23,24,31,39,40,44,45,49,54,68,69,86,88,94" machi="31" ten="30,8000,1" yaku="1,1,2,1,7,1,54,1,53,1" doraHai="57" doraHaiUra="91" who="1" fromWho="2" sc="153,0,297,90,261,-80,279,0" /><INIT seed="4,0,0,5,5,30" ten="153,387,181,279" oya="0" hai0="72,127,111,75,49,115,97,122,86,124,0,108,33" hai1="6,76,69,105,107,15,125,66,17,16,134,101,114" hai2="110,85,77,9,103,74,100,71,29,40,19,55,92" hai3="11,126,63,84,2,88,44,39,109,79,10,87,68"/><T26/><D0/><U12/><E6/><V70/><F110/><N who="0" m="42026" /><D49/><U128/><E128/><V3/><F74/><N who="0" m="28202" /><D122/><U96/><E134/><V57/><F40/><W120/><G39/><T23/><D97/><U104/><E125/><N who="0" m="48201" /><D86/><U64/><E96/><V62/><F85/><W52/><G87/><T65/><D65/><U112/><E66/><V94/><F3/><W119/><G84/><T132/><D115/><N who="1" m="44075" /><E101/><V82/><F103/><W28/><G2/><T135/><D33/><U4/><E64/><V21/><F100/><W81/><G109/><T99/><D99/><U45/><E107/><V93/><F9/><W1/><G11/><T54/><D54/><U51/><E105/><V56/><F56/><W47/><G10/><T102/><D102/><U131/><E104/><V53/><F53/><W113/><G52/><T106/><D106/><U14/><E51/><V5/><F55/><W98/><G1/><T95/><D95/><U80/><E4/><V32/><F5/><W73/><G98/><T90/><D90/><U58/><E58/><V48/><F57/><W43/><G126/><T38/><D38/><U25/><E45/><V121/><F48/><W37/><G37/><T42/><D42/><U46/><E46/><V7/><F7/><W118/><G44/><T20/><D26/><U83/><E25/><N who="2" m="18479" /><F121/><W61/><G47/><T22/><AGARI ba="0,0" hai="20,22,23,132,135" m="48201,28202,42026" machi="22" ten="40,12000,1" yaku="28,2,10,1,18,1" doraHai="30" who="0" fromWho="0" sc="153,120,387,-40,181,-40,279,-40" /><INIT seed="4,1,0,2,5,28" ten="273,347,141,239" oya="0" hai0="88,133,126,124,35,93,100,11,110,92,14,135,16" hai1="108,19,36,103,20,21,53,7,123,91,38,115,97" hai2="63,109,101,32,113,76,104,23,58,99,5,45,61" hai3="80,26,47,33,94,1,121,30,59,73,56,22,37"/><T81/><D81/><U25/><E108/><V40/><F109/><W89/><G1/><T69/><D69/><U71/><E123/><V13/><F113/><W105/><G105/><T48/><D48/><U122/><E122/><V66/><F76/><W51/><G37/><T10/><D110/><U98/><E7/><V34/><F61/><W132/><G132/><N who="0" m="50763" /><D35/><U134/><E134/><V44/><F45/><W107/><G107/><T65/><D65/><U50/><E71/><V18/><REACH who="2" step="1"/><F5/><REACH who="2" ten="273,347,131,239" step="2"/><W57/><G121/><T78/><D78/><U128/><E115/><V95/><F95/><W87/><G73/><T127/><D93/><U12/><E38/><AGARI ba="1,1" hai="13,18,23,32,34,38,40,44,58,63,66,99,101,104" machi="38" ten="30,7700,0" yaku="1,1,7,1,52,2,53,0" doraHai="28" doraHaiUra="86" who="2" fromWho="1" sc="273,0,347,-80,131,90,239,0" /><INIT seed="5,0,0,0,4,35" ten="273,267,221,239" oya="1" hai0="94,89,39,58,49,40,15,30,32,54,59,3,29" hai1="88,67,63,4,130,36,86,53,1,102,56,43,97" hai2="123,9,96,48,75,6,47,13,16,64,134,65,72" hai3="34,74,99,117,108,95,107,82,61,106,10,133,105"/><U20/><E130/><V17/><F123/><W37/><G34/><T124/><D124/><U118/><E118/><V28/><F134/><W57/><G108/><T0/><D39/><U100/><E36/><V127/><F127/><W121/><G133/><T31/><D40/><U92/><E43/><V111/><F111/><W104/><G37/><T79/><D32/><U23/><E102/><V2/><F75/><W81/><G121/><T77/><D15/><U11/><REACH who="1" step="1"/><E67/><REACH who="1" ten="273,257,221,239" step="2"/><V55/><F65/><W18/><G117/><T78/><REACH who="0" step="1"/><D58/><REACH who="0" ten="263,257,221,239" step="2"/><U38/><E38/><V103/><F47/><W98/><G57/><T84/><AGARI ba="0,2" hai="0,3,29,30,31,49,54,59,77,78,79,84,89,94" machi="84" ten="30,12000,2" yaku="1,1,2,1,0,1,52,2,53,1" doraHai="35" doraHaiUra="50" who="0" fromWho="0" sc="263,140,257,-60,221,-30,239,-30" /><INIT seed="6,0,0,2,3,128" ten="403,197,191,209" oya="2" hai0="13,56,62,73,91,129,131,81,93,2,114,105,41" hai1="77,54,39,46,127,115,60,90,103,106,67,122,79" hai2="17,125,133,123,52,29,74,111,51,21,28,59,80" hai3="55,86,94,37,24,26,44,53,16,120,83,33,70"/><V66/><F123/><W102/><G70/><T116/><D2/><U82/><E122/><V84/><F74/><W19/><G120/><T71/><D71/><U43/><E115/><V18/><F125/><W113/><G113/><T38/><D114/><U0/><E0/><V6/><F6/><W121/><G121/><T58/><D105/><U99/><E127/><V36/><F36/><W126/><G126/><T119/><D38/><U132/><E54/><N who="3" m="20490" /><G44/><T20/><D41/><U88/><E132/><V85/><F133/><W63/><G63/><T75/><D62/><U72/><REACH who="1" step="1"/><E79/><REACH who="1" ten="403,187,191,209" step="2"/><V30/><F111/><W31/><G37/><T135/><D135/><U109/><E109/><V23/><F66/><W8/><G33/><T100/><D131/><U107/><E107/><V78/><F85/><W64/><G86/><T108/><D129/><U130/><E130/><V124/><F124/><W42/><G42/><T57/><D108/><U32/><E32/><V97/><F97/><W1/><G64/><T69/><D119/><U11/><E11/><V22/><AGARI ba="0,1" hai="17,18,21,22,23,28,29,30,51,52,59,78,80,84" machi="22" ten="30,6000,0" yaku="0,1,8,1,54,1" doraHai="128" who="2" fromWho="2" sc="403,-20,187,-20,191,70,209,-20" /><INIT seed="6,1,0,5,3,20" ten="383,167,261,189" oya="2" hai0="93,7,119,118,90,117,47,68,127,38,8,23,40" hai1="107,16,111,124,65,80,91,88,75,22,72,70,31" hai2="74,79,67,81,2,15,27,51,18,14,103,125,10" hai3="58,56,132,55,44,17,78,30,112,39,100,121,113"/><V5/><F125/><W9/><G121/><T41/><D127/><U129/><E124/><V84/><F103/><W36/><G78/><T128/><D68/><U97/><E31/><V114/><F114/><N who="3" m="44139" /><G100/><T26/><D41/><U48/><E111/><V76/><F79/><W29/><G17/><T95/><D128/><U42/><E129/><V12/><F67/><W25/><G9/><T35/><D35/><U116/><E116/><V4/><F51/><N who="3" m="29159" /><G132/><T32/><D32/><U59/><E70/><V120/><F120/><W62/><G30/><N who="0" m="17759" /><D90/><U13/><E75/><V123/><F123/><W28/><G28/><T69/><D69/><U63/><E72/><V60/><F74/><W105/><G105/><T50/><D50/><U53/><E107/><V133/><F133/><W37/><G62/><T101/><D101/><U33/><E33/><AGARI ba="1,0" hai="25,29,33,36,37,39,56,58" m="29159,44139" machi="33" ten="40,5200,0" yaku="15,1,11,1,52,1" doraHai="20" who="3" fromWho="1" sc="383,0,167,-55,261,0,189,55" /><INIT seed="7,0,0,4,0,89" ten="383,112,261,244" oya="3" hai0="111,104,49,73,5,9,105,122,135,18,14,34,36" hai1="22,37,11,26,114,132,85,28,108,94,82,50,0" hai2="29,76,58,21,61,124,129,87,84,55,127,35,24" hai3="113,19,74,62,123,106,126,2,103,38,48,120,30"/><W25/><G38/><T92/><D122/><U99/><E132/><V95/><F129/><W56/><G74/><T32/><D111/><U86/><E114/><V98/><F35/><W4/><G113/><T93/><D36/><U102/><E108/><V8/><F8/><W118/><G118/><T112/><D73/><U41/><E37/><V78/><F78/><W31/><G126/><N who="2" m="48169" /><F76/><W63/><G48/><T109/><D49/><U133/><E133/><V51/><F51/><W64/><G30/><T75/><D75/><U59/><E0/><V119/><F119/><W3/><G19/><T23/><D34/><U80/><E11/><V68/><F68/><W70/><G3/><T60/><D32/><U54/><REACH who="1" step="1"/><E41/><REACH who="1" ten="383,102,261,244" step="2"/><V83/><F83/><AGARI ba="0,1" hai="22,26,28,50,54,59,80,82,83,85,86,94,99,102" machi="83" ten="40,8000,1" yaku="1,1,2,1,8,1,52,1,53,0" doraHai="89" doraHaiUra="66" who="1" fromWho="2" sc="383,0,102,90,261,-80,244,0" owari="383,49.0,192,-21.0,181,-32.0,244,4.0" /></mjloggm>