<mjloggm ver="2.3"><GO type="41" lobby="0"/><UN n0="%E2%98%86%E5%AD%AB%E7%87%95%E5%A7%BF%E2%98%86" n1="%E2%93%9D%53%75%70%68%78" n2="%E8%BF%91%E8%97%A4%E3%82%A2%E3%83%8D%E3%83%B3%E3%82%B3%E3%83%95" n3="%E3%81%82%E3%82%8B%E3%81%91" dan="15,18,15,15" rate="2001.57,2153.16,1954.41,2023.55" sx="M,M,M,M"/><TAIKYOKU oya="0"/><INIT seed="0,0,0,3,2,120" ten="250,250,250,250" oya="0" hai0="18,71,50,135,80,64,7,113,126,95,89,45,55" hai1="21,14,44,98,32,103,12,29,85,67,2,90,61" hai2="74,58,49,42,1,79,22,9,25,72,99,13,114" hai3="19,110,57,131,24,23,87,51,3,33,123,5,69"/><T91/><D113/><U119/><E2/><V0/><F114/><W36/><G69/><T84/><D126/><U70/><E119/><V128/><F128/><W100/><G36/><T46/><D135/><U102/><E102/><V66/><F42/><W127/><G131/><T62/><D7/><U35/><E44/><V41/><F41/><W104/><G100/><T118/><D118/><U117/><E21/><V39/><F39/><W111/><G104/><T53/><D18/><U4/><E4/><V11/><F11/><N who="3" m="2495" /><G87/><T15/><D15/><U101/><E101/><V26/><F99/><W106/><G106/><T54/><REACH who="0" step="1"/><D46/><REACH who="0" ten="240,250,250,250" step="2"/><U81/><E117/><V38/><F13/><N who="3" m="9711" /><G127/><T17/><D17/><U108/><E14/><V115/><F115/><W76/><G123/><T97/><AGARI ba="0,1" hai="45,50,53,54,55,62,64,71,80,84,89,91,95,97" machi="97" ten="20,3900,0" yaku="1,1,0,1,7,1,53,0" doraHai="120" doraHaiUra="16" who="0" fromWho="0" sc="240,49,250,-13,250,-13,250,-13" /><INIT seed="0,1,0,1,3,66" ten="289,237,237,237" oya="0" hai0="43,101,85,103,37,74,68,120,121,82,88,48,86" hai1="3,73,20,29,54,116,123,131,61,96,118,104,64" hai2="90,56,44,57,87,109,18,55,41,117,126,53,72" hai3="4,130,24,122,51,92,38,27,2,45,89,40,70"/><T132/><D37/><U80/><E3/><V114/><F114/><W10/><G130/><T76/><D43/><U9/><E123/><N who="0" m="47177" /><D68/><U31/><E9/><V65/><F72/><W19/><G122/><T83/><D48/><U81/><E104/><V62/><F126/><W36/><G70/><T35/><D35/><U115/><E131/><V105/><F105/><W111/><G27/><T113/><D113/><U78/><E115/><V128/><F128/><W5/><G5/><T99/><D132/><U135/><E135/><V98/><F98/><W15/><G24/><T91/><D99/><U46/><E96/><V112/><F112/><W14/><G2/><T129/><D129/><U30/><E46/><V13/><F117/><W133/><G133/><T106/><D106/><U94/><E118/><V52/><F56/><W49/><G38/><T42/><D42/><U59/><E116/><V69/><F41/><W7/><G7/><T17/><D17/><U67/><E59/><V34/><F34/><W50/><G15/><T0/><D0/><U125/><E31/><V84/><F44/><W79/><G4/><T127/><D127/><U97/><E30/><V12/><F69/><W39/><G39/><T119/><D119/><U21/><E29/><V47/><F47/><W58/><G58/><T110/><D110/><U22/><E125/><V16/><F65/><W11/><G111/><T77/><D74/><U26/><E26/><V71/><F109/><W25/><G25/><T23/><D23/><U60/><E73/><V63/><F18/><W107/><G107/><T75/><D75/><RYUUKYOKU ba="1,0" sc="289,30,237,-10,237,-10,237,-10" hai0="76,77,82,83,85,86,88,91,101,103" /><INIT seed="0,2,0,4,4,83" ten="319,227,227,227" oya="0" hai0="26,50,74,15,61,119,131,44,56,7,39,91,3" hai1="23,104,116,38,33,20,132,67,43,60,51,128,42" hai2="62,14,28,45,109,52,32,130,135,121,101,41,22" hai3="10,46,77,114,129,107,118,134,76,110,69,126,58"/><T37/><D119/><U53/><E33/><V90/><F121/><W72/><G58/><T89/><D3/><U79/><E104/><V133/><F32/><W12/><G46/><T78/><D131/><U40/><E79/><V31/><F101/><W125/><G12/><T57/><D39/><U88/><E132/><N who="2" m="50763" /><F109/><W82/><G10/><N who="0" m="4575" /><D74/><U30/><E38/><V70/><F130/><W6/><G6/><T1/><D37/><U48/><E116/><V71/><F90/><N who="0" m="34314" /><D1/><U4/><E4/><V113/><F113/><W13/><G13/><T98/><D98/><U97/><E128/><V75/><F75/><W115/><G69/><N who="2" m="26121" /><F22/><W86/><G129/><T9/><D9/><U73/><E23/><V108/><F14/><W18/><G18/><T29/><D61/><U80/><E60/><V81/><F108/><W59/><G118/><T123/><D78/><U105/><E73/><V11/><F11/><W68/><G68/><T17/><D17/><U27/><E97/><V35/><F35/><W85/><G110/><T124/><D123/><U93/><E20/><V127/><F62/><W24/><G134/><T25/><D29/><U122/><E30/><V65/><F31/><W16/><G72/><T5/><D5/><U47/><E122/><V84/><F28/><W92/><G107/><T66/><D26/><U99/><E27/><V8/><F8/><W54/><G115/><T19/><D19/><U100/><E105/><V102/><F102/><W0/><G114/><T36/><D25/><U111/><E111/><V120/><F120/><W21/><G0/><T49/><D36/><RYUUKYOKU ba="2,0" sc="319,0,227,0,227,0,227,0" /><INIT seed="1,3,0,2,1,39" ten="319,227,227,227" oya="1" hai0="83,113,81,37,56,60,116,10,32,105,24,4,12" hai1="44,11,33,94,38,120,34,62,51,49,103,20,46" hai2="63,91,133,117,111,80,127,53,93,50,18,112,25" hai3="96,102,54,64,52,3,7,73,126,36,74,47,121"/><U29/><E38/><V19/><F117/><W0/><G121/><T2/><D113/><U67/><E120/><V61/><F112/><W89/><G64/><T68/><D68/><U130/><E11/><V75/><F111/><W43/><G89/><T28/><D105/><U9/><E9/><V1/><F1/><W6/><G126/><T22/><D37/><U59/><E130/><V26/><F127/><W97/><G36/><T78/><D78/><U100/><E34/><V48/><F75/><W101/><G47/><T129/><D129/><U110/><E33/><V124/><F80/><W125/><REACH who="3" step="1"/><G125/><REACH who="3" ten="319,227,227,217" step="2"/><T55/><REACH who="0" step="1"/><D116/><REACH who="0" ten="309,227,227,217" step="2"/><U57/><E110/><V104/><F124/><W90/><G90/><T132/><D132/><U95/><E67/><V23/><F133/><W123/><G123/><T98/><D98/><U71/><E71/><V134/><F134/><W77/><G77/><T66/><D66/><U114/><E114/><V14/><F91/><W122/><G122/><T58/><D58/><U131/><E131/><V45/><F45/><W65/><G65/><T13/><D13/><U115/><E115/><V119/><F119/><W107/><G107/><T35/><D35/><U16/><E59/><V99/><F104/><W82/><G82/><T88/><D88/><U79/><E57/><V31/><F14/><W135/><G135/><T5/><D5/><U30/><E79/><V76/><F76/><W72/><G72/><T87/><D87/><U92/><E46/><V118/><F118/><W40/><AGARI ba="3,2" hai="0,3,6,7,40,43,52,54,73,74,96,97,101,102" machi="40" ten="25,12000,2" yaku="1,1,0,1,22,2,52,2,54,1,53,0" doraHai="39" doraHaiUra="8" who="3" fromWho="3" sc="309,-33,227,-63,227,-33,217,149" /><INIT seed="2,0,0,0,2,124" ten="276,164,194,366" oya="2" hai0="6,93,74,45,36,55,59,19,43,117,133,72,57" hai1="111,80,54,112,16,65,76,134,20,113,29,102,79" hai2="88,94,126,84,32,3,48,106,11,115,5,70,90" hai3="64,114,61,120,30,86,13,56,69,42,44,104,121"/><V99/><F115/><W87/><G104/><T97/><D133/><U33/><E134/><V125/><F70/><W81/><G30/><T83/><D117/><U119/><E119/><V85/><F32/><W108/><G86/><T12/><D6/><U24/><E79/><V131/><F131/><W7/><G69/><T122/><D122/><U46/><E65/><V101/><REACH who="2" step="1"/><F48/><REACH who="2" ten="276,164,184,366" step="2"/><N who="3" m="26647" /><G114/><T77/><D36/><U8/><E113/><V35/><F35/><W27/><G120/><T63/><D59/><U60/><E112/><V17/><F17/><W0/><G121/><T109/><D19/><U14/><E33/><V96/><F96/><W78/><G108/><T127/><D97/><U49/><E111/><V103/><F103/><W67/><G0/><T40/><D57/><U9/><E102/><V110/><F110/><W135/><G135/><T18/><D18/><U15/><E60/><V25/><F25/><W21/><G27/><T50/><D63/><U100/><E100/><V41/><F41/><W26/><G26/><T82/><D43/><U1/><E1/><V71/><F71/><W31/><G31/><T118/><D40/><U51/><E51/><V37/><F37/><W10/><G21/><T34/><D34/><U107/><E15/><V4/><F4/><W58/><G58/><T92/><D109/><U123/><E123/><V47/><F47/><W132/><G132/><T2/><D2/><U130/><E29/><V66/><F66/><AGARI ba="0,1" hai="7,10,13,56,61,64,66,67,78,81,87" m="26647" machi="66" ten="30,2000,0" yaku="25,1,8,1" doraHai="124" who="3" fromWho="2" sc="276,0,164,0,184,-20,366,30" /><INIT seed="3,0,0,1,4,86" ten="276,164,164,396" oya="3" hai0="70,56,77,47,30,72,82,83,88,31,104,121,67" hai1="6,45,69,54,130,132,42,51,128,40,74,119,114" hai2="1,79,8,129,58,18,27,20,135,46,38,68,17" hai3="19,4,15,28,21,101,26,66,96,0,43,92,123"/><W91/><G123/><T122/><D70/><U112/><E74/><V133/><F68/><W97/><G43/><N who="1" m="16426" /><E6/><V59/><F38/><W34/><G66/><T50/><D104/><U134/><E69/><V22/><F46/><W98/><REACH who="3" step="1"/><G101/><REACH who="3" ten="276,164,164,386" step="2"/><T99/><D122/><U12/><E119/><V103/><F103/><W127/><G127/><T107/><D121/><U131/><E12/><V55/><F1/><W37/><G37/><T16/><D67/><U5/><E5/><V25/><F129/><W84/><G84/><T33/><D72/><U93/><E93/><V87/><F87/><W113/><G113/><AGARI ba="0,1" hai="45,51,54,112,113,114,128,130,131,132,134" m="16426" machi="113" ten="40,5200,0" yaku="19,1,34,2" doraHai="86" who="1" fromWho="3" sc="276,0,164,62,164,0,386,-52" /><INIT seed="4,0,0,1,0,72" ten="276,226,164,334" oya="0" hai0="92,50,88,4,53,23,24,21,95,91,44,96,78" hai1="84,113,22,93,81,46,110,94,56,1,135,63,0" hai2="55,133,108,85,36,118,99,101,38,11,103,102,48" hai3="97,121,30,2,6,77,73,107,9,20,89,130,70"/><T87/><D4/><U116/><E110/><V43/><F108/><W122/><G70/><T15/><D15/><U10/><E116/><V40/><F38/><W29/><G130/><T28/><REACH who="0" step="1"/><D78/><REACH who="0" ten="266,226,164,334" step="2"/><U35/><E1/><V104/><F118/><W115/><G121/><T126/><D126/><U19/><E0/><V61/><F133/><W120/><G120/><T82/><D82/><U52/><E135/><V71/><F104/><W114/><G122/><T80/><D80/><U57/><E81/><V45/><F103/><W74/><G77/><T5/><D5/><U62/><E94/><V37/><F102/><W16/><G107/><T47/><D47/><U128/><E46/><V106/><F45/><W100/><G100/><T7/><D7/><U54/><E128/><V79/><F79/><W75/><G114/><T64/><D64/><U111/><E113/><V123/><F123/><W67/><G67/><T31/><D31/><U105/><E111/><V58/><F106/><W42/><G115/><T131/><D131/><U3/><E105/><V14/><F101/><W18/><G18/><T17/><D17/><U41/><E3/><V13/><F13/><W32/><G32/><AGARI ba="0,1" hai="21,23,24,28,32,44,50,53,87,88,91,92,95,96" machi="32" ten="30,5800,0" yaku="1,1,7,1,54,1,53,0" doraHai="72" doraHaiUra="109" who="0" fromWho="3" sc="266,68,226,0,164,0,334,-58" /><INIT seed="4,1,0,4,4,4" ten="334,226,164,276" oya="0" hai0="21,52,126,119,113,87,63,46,122,37,8,101,7" hai1="61,59,96,71,13,109,34,44,108,23,76,9,134" hai2="69,65,79,131,80,66,68,135,93,118,102,103,26" hai3="41,56,117,83,29,18,48,133,39,58,47,2,82"/><T89/><D119/><U16/><E34/><V95/><F118/><W112/><G117/><T106/><D122/><U20/><E71/><V114/><F114/><W3/><G29/><T98/><D126/><U72/><E134/><V121/><F121/><W27/><G133/><T22/><D113/><U84/><E72/><V120/><F120/><W129/><G129/><T85/><D37/><U94/><E44/><V91/><F135/><W123/><G123/><T70/><D70/><U1/><E1/><V28/><F131/><W73/><G3/><T32/><D87/><U125/><E125/><V24/><F80/><W12/><G27/><T62/><D62/><U67/><E109/><V88/><F79/><W11/><G112/><T111/><D32/><U92/><E108/><V51/><F51/><W10/><G48/><T43/><D43/><U36/><E36/><V38/><F28/><W57/><REACH who="3" step="1"/><G73/><REACH who="3" ten="334,226,164,266" step="2"/><T99/><D111/><U116/><E116/><V5/><F38/><W50/><G50/><T124/><D124/><U55/><E55/><V45/><F45/><W15/><G15/><T97/><D46/><U104/><E104/><V81/><F81/><W31/><G31/><T0/><D106/><U105/><E105/><V42/><F42/><W54/><G54/><T127/><D127/><U90/><REACH who="1" step="1"/><E76/><REACH who="1" ten="334,216,164,266" step="2"/><V60/><F68/><W77/><G77/><T110/><D110/><U130/><E130/><V74/><F69/><W115/><G115/><T17/><D52/><U14/><E14/><V132/><F74/><W40/><G40/><T75/><D75/><U30/><E30/><RYUUKYOKU ba="1,2" sc="334,-15,216,15,164,-15,266,15" hai1="9,13,16,20,23,59,61,67,84,90,92,94,96" hai3="2,10,11,12,18,39,41,47,56,57,58,82,83" /><INIT seed="5,2,2,1,2,65" ten="319,231,149,281" oya="1" hai0="122,8,57,129,107,116,70,131,14,35,71,34,27" hai1="117,83,80,37,77,82,128,67,93,0,39,100,63" hai2="13,109,2,126,50,86,5,110,48,44,7,98,132" hai3="111,47,52,124,97,43,112,46,36,114,62,72,99"/><U1/><E117/><V89/><F2/><W108/><G72/><T121/><D107/><U68/><E77/><V21/><F132/><W120/><G99/><T41/><D41/><U61/><E128/><N who="0" m="49225" /><D57/><U54/><E54/><V96/><F126/><W64/><G97/><N who="2" m="37481" /><F109/><N who="3" m="42059" /><G120/><N who="0" m="46187" /><D116/><U88/><E100/><V90/><F110/><W102/><G102/><T15/><D15/><U69/><E93/><N who="2" m="54455" /><F90/><W16/><G16/><N who="0" m="8263" /><D27/><U25/><E25/><V29/><F7/><W66/><G124/><T42/><D42/><U30/><E88/><V6/><F6/><W12/><G12/><T92/><D92/><U78/><E78/><V28/><F5/><W85/><G85/><T33/><AGARI ba="2,2" hai="33,34,35,70,71" m="8263,46187,49225" machi="33" ten="40,8000,1" yaku="19,1,13,1,52,2,54,1" doraHai="65" who="0" fromWho="0" sc="319,106,231,-42,149,-22,281,-22" /><INIT seed="6,0,0,2,1,24" ten="425,189,127,259" oya="2" hai0="88,119,30,48,117,116,21,103,9,35,89,54,43" hai1="123,22,109,135,64,101,0,31,82,75,100,104,60" hai2="58,120,59,28,33,1,53,42,111,114,49,131,134" hai3="6,99,93,79,41,18,121,125,69,65,112,124,92"/><V132/><F120/><W14/><G6/><T108/><D108/><U80/><E0/><V66/><F111/><W133/><G41/><T56/><D35/><U46/><E109/><V15/><F1/><W32/><G32/><T36/><D103/><U40/><E135/><N who="2" m="51755" /><F114/><W11/><G79/><T2/><D30/><U19/><E104/><V70/><F70/><W25/><G133/><T23/><D43/><U126/><E126/><N who="3" m="48746" /><G121/><T38/><D23/><U98/><E75/><V39/><F131/><W12/><G25/><T74/><D21/><U130/><E130/><V45/><F15/><W118/><G93/><T77/><D77/><U96/><E123/><V10/><F10/><W57/><G69/><T106/><D106/><U90/><E82/><V81/><F81/><W78/><G78/><T29/><D29/><U13/><E31/><V34/><F28/><W86/><G86/><T110/><D74/><U47/><E80/><V85/><F85/><W122/><G122/><T7/><D110/><U3/><E3/><V52/><F66/><W97/><G112/><T67/><D67/><U94/><E98/><N who="3" m="37386" /><G92/><T91/><AGARI ba="0,0" hai="2,7,9,36,38,48,54,56,88,89,91,116,117,119" machi="91" ten="40,5200,0" yaku="0,1,12,1,54,1" doraHai="24" who="0" fromWho="0" sc="425,52,189,-13,127,-26,259,-13" /><INIT seed="7,0,0,3,0,107" ten="477,176,101,246" oya="3" hai0="88,69,113,43,53,83,110,132,39,61,12,4,80" hai1="9,55,105,65,60,93,119,90,6,46,103,64,134" hai2="24,14,79,71,22,37,50,35,62,104,73,68,133" hai3="54,97,121,114,49,40,11,52,89,27,51,127,29"/><W25/><G121/><T16/><D4/><U101/><E105/><V98/><F133/><W130/><G114/><T41/><D110/><U100/><E134/><V10/><F37/><W70/><G70/><T99/><D132/><U74/><E74/><V125/><F125/><W78/><G78/><T109/><D109/><U57/><E119/><V2/><F2/><W58/><G130/><T56/><D39/><U77/><E77/><V44/><F35/><W67/><G40/><N who="0" m="15435" /><D113/><U92/><E46/><V8/><F8/><W94/><G67/><N who="1" m="25674" /><E90/><V123/><F123/><W87/><G127/><T47/><D47/><U135/><E135/><V86/><F62/><W17/><G29/><T28/><D28/><U128/><E128/><V72/><F71/><W63/><G63/><T122/><D122/><U26/><E26/><V0/><F68/><W115/><G115/><T19/><D19/><U116/><E116/><V129/><F129/><W32/><G97/><T108/><D108/><U111/><E111/><V124/><F0/><W66/><G66/><T23/><D69/><U15/><AGARI ba="0,0" hai="6,9,15,55,57,60,92,93,100,101,103" m="25674" machi="15" ten="30,1100,0" yaku="8,1" doraHai="107" who="1" fromWho="1" sc="477,-3,176,11,101,-3,246,-5" owari="474,57.0,187,-21.0,98,-40.0,241,4.0" /></mjloggm>