<mjloggm ver="2.3"><GO type="41" lobby="0"/><UN n0="%E2%93%9D%53%75%70%68%78" n1="%E3%81%A8%E3%82%93%E3%81%8B%E3%81%A4%E3%80%82" n2="%E3%81%A1%E3%82%83%E3%81%A3%E3%81%91" n3="%E3%82%A8%E3%83%B3%E3%82%B8%E3%82%A7%E3%83%AB%E3%83%AD%E3%83%83%E3%82%AF" dan="17,13,14,15" rate="2046.83,1821.38,1909.83,1979.39" sx="M,M,M,F"/><TAIKYOKU oya="0"/><INIT seed="0,0,0,2,3,17" ten="250,250,250,250" oya="0" hai0="91,38,62,73,41,90,118,104,83,125,51,121,21" hai1="60,10,114,63,39,74,30,112,55,75,70,87,71" hai2="134,96,132,123,5,42,111,34,61,36,79,119,103" hai3="12,82,110,95,93,28,85,43,77,72,78,81,56"/><T9/><D118/><U22/><E39/><V120/><F34/><W94/><G43/><T18/><D121/><N who="2" m="46666" /><F5/><W29/><G110/><T24/><D125/><U66/><E10/><V13/><F13/><W122/><G122/><T33/><D104/><U108/><E87/><V101/><F61/><W54/><REACH who="3" step="1"/><G12/><REACH who="3" ten="250,250,250,240" step="2"/><T133/><D41/><U50/><E108/><V124/><F42/><W31/><G31/><T8/><D38/><U14/><E14/><V97/><F36/><W37/><G37/><T86/><D133/><N who="2" m="51306" /><F111/><W131/><G131/><T69/><D9/><U19/><E30/><V32/><F32/><W64/><G64/><T107/><D8/><U11/><E112/><V129/><F129/><W20/><G20/><T67/><D33/><U0/><E22/><V46/><F46/><W40/><G40/><T52/><D107/><U35/><E114/><V113/><F113/><W27/><G27/><T6/><D6/><U117/><E66/><V58/><F58/><W7/><G7/><T92/><D24/><U88/><E117/><V105/><F119/><W23/><G23/><T84/><D21/><U80/><E35/><V127/><F79/><W44/><G44/><N who="0" m="27751" /><D18/><U2/><E19/><V68/><F68/><W130/><G130/><T4/><D4/><U109/><E70/><V89/><F89/><W25/><G25/><T16/><D16/><U15/><E88/><V106/><AGARI ba="0,1" hai="96,97,101,103,105,106,124,127" m="51306,46666" machi="106" ten="40,8000,1" yaku="20,1,23,1,34,2" doraHai="17" who="2" fromWho="2" sc="250,-40,250,-20,250,90,240,-20" /><INIT seed="1,0,0,4,3,4" ten="210,230,340,220" oya="1" hai0="96,120,33,73,7,35,51,63,45,54,93,99,44" hai1="82,13,109,72,121,52,37,94,46,34,27,132,79" hai2="31,133,90,28,124,87,103,70,116,131,110,8,134" hai3="9,86,11,69,97,2,64,12,55,113,15,14,40"/><U77/><E121/><V6/><F116/><W112/><G40/><T23/><D73/><U32/><E132/><N who="2" m="50795" /><F70/><W0/><G55/><T115/><D115/><N who="3" m="44105" /><G64/><T67/><D120/><U102/><E109/><V59/><F110/><W41/><G41/><T26/><D99/><U39/><E79/><V5/><F124/><W130/><G69/><T100/><D7/><U43/><E37/><V10/><F103/><W53/><G53/><T129/><D129/><U83/><E82/><N who="2" m="49527" /><F59/><W127/><G86/><T61/><D45/><U16/><E27/><V111/><F131/><W47/><G97/><T106/><D106/><U88/><E102/><V62/><F62/><W126/><G47/><T24/><D24/><U36/><E39/><V122/><F122/><W18/><G130/><T84/><D63/><U56/><E56/><V65/><F65/><W125/><G18/><T50/><D50/><U25/><E52/><V19/><F19/><W104/><G104/><T20/><D67/><U118/><E118/><V30/><F111/><W123/><G123/><T128/><D61/><U80/><E25/><V60/><F60/><W108/><G108/><T68/><D68/><U74/><E80/><V98/><F98/><W92/><G92/><T1/><D128/><U78/><E74/><V66/><F66/><W89/><G89/><T57/><D57/><U105/><E77/><V58/><F58/><W17/><G17/><T21/><D84/><N who="1" m="52487" /><E105/><V38/><F38/><W71/><G71/><T49/><D49/><U3/><E3/><AGARI ba="0,0" hai="0,2,3,9,11,12,14,15,125,126,127" m="44105" machi="3" ten="40,12000,2" yaku="28,2,18,1,34,2,52,2" doraHai="4" who="3" fromWho="1" sc="210,0,230,-120,340,0,220,120" /><INIT seed="2,0,0,0,3,108" ten="210,110,340,340" oya="2" hai0="67,11,76,40,88,63,48,101,46,126,104,92,115" hai1="95,61,110,94,86,112,128,97,130,37,77,32,18" hai2="121,82,34,2,68,51,119,123,30,25,133,0,3" hai3="54,93,134,9,125,98,83,132,43,106,44,8,45"/><V58/><F68/><W131/><G106/><T24/><D126/><U87/><E61/><V47/><F119/><W135/><G83/><T127/><D127/><U57/><E37/><V52/><F133/><W74/><G74/><T53/><D104/><U99/><E57/><V56/><REACH who="2" step="1"/><F82/><REACH who="2" ten="210,110,330,340" step="2"/><W124/><G124/><T1/><D76/><U28/><E32/><V20/><F20/><W6/><G125/><T5/><D67/><U36/><E18/><V100/><F100/><W16/><G9/><T55/><D101/><U84/><E28/><V17/><F17/><W7/><G16/><T105/><D11/><U114/><E110/><V22/><F22/><W27/><G8/><T91/><D91/><N who="1" m="55519" /><E36/><V117/><F117/><W75/><G132/><T10/><D88/><N who="1" m="55783" /><E77/><V70/><F70/><W122/><G134/><T41/><D10/><U4/><E4/><V14/><F14/><W111/><G6/><T81/><D5/><U49/><E49/><V79/><F79/><W120/><G7/><T78/><D48/><U26/><E26/><V65/><F65/><W71/><G27/><T60/><D24/><U107/><E107/><V116/><F116/><W118/><G71/><T21/><D105/><U12/><E12/><V31/><F31/><W62/><G118/><T73/><D78/><U13/><E13/><V90/><F90/><N who="3" m="55607" /><G111/><T113/><D21/><U80/><E80/><V29/><F29/><W102/><G102/><T103/><D103/><U69/><E69/><V66/><F66/><W129/><G75/><T72/><D81/><U33/><E33/><V50/><F50/><RYUUKYOKU ba="0,1" sc="210,-15,110,15,330,15,340,-15" hai1="84,86,87,112,114,128,130" hai2="0,2,3,25,30,34,47,51,52,56,58,121,123" /><INIT seed="2,1,1,1,1,94" ten="195,125,345,325" oya="2" hai0="43,99,115,56,82,128,135,111,132,40,108,74,84" hai1="12,28,38,125,52,113,98,92,88,55,112,18,60" hai2="11,62,118,116,127,23,86,42,0,89,10,19,53" hai3="117,93,13,76,107,129,110,97,22,75,63,102,122"/><V31/><F31/><W72/><G110/><N who="0" m="42027" /><D115/><U15/><E38/><V77/><F127/><W26/><G117/><T67/><D74/><U105/><E125/><V133/><F133/><N who="0" m="51274" /><D128/><U95/><E105/><V30/><F30/><W6/><G122/><T54/><D99/><U51/><E28/><V73/><F77/><W134/><G134/><T69/><D84/><U46/><E92/><V24/><F73/><W25/><G129/><T7/><D7/><U21/><REACH who="1" step="1"/><E15/><REACH who="1" ten="195,115,345,325" step="2"/><V33/><F0/><W71/><G107/><T96/><D82/><U8/><E8/><V80/><F10/><W2/><G2/><T131/><D131/><U61/><E61/><V50/><F11/><W49/><G63/><N who="0" m="40191" /><D96/><U126/><E126/><V16/><F62/><AGARI ba="1,2" hai="40,43,54,56,62" m="40191,51274,42027" machi="62" ten="30,7700,0" yaku="14,1,20,1,34,2" doraHai="94" who="0" fromWho="2" sc="195,100,115,0,345,-80,325,0" /><INIT seed="3,0,0,4,4,130" ten="295,115,265,325" oya="3" hai0="44,4,91,87,10,7,120,8,41,45,115,1,104" hai1="47,113,66,17,34,94,3,39,12,9,25,96,81" hai2="83,62,16,131,124,92,48,60,88,129,61,95,79" hai3="5,31,135,13,30,116,6,75,98,2,28,133,64"/><W42/><G75/><T40/><D120/><U43/><E113/><V126/><F48/><W69/><G116/><T33/><D33/><U29/><E81/><V128/><F95/><W127/><G42/><T103/><D115/><U24/><E66/><V90/><F16/><W68/><G2/><T112/><D112/><U56/><E56/><V77/><F92/><W100/><G127/><N who="2" m="48681" /><F83/><W105/><G64/><T23/><D23/><U19/><E3/><V101/><F101/><W106/><G13/><T18/><D18/><U53/><E53/><V73/><F73/><W51/><G51/><T89/><D1/><U46/><E47/><V21/><F21/><W76/><G76/><AGARI ba="0,0" hai="60,61,62,76,77,79,88,90,128,129,131" m="48681" machi="76" ten="40,8000,1" yaku="28,2,19,1,18,1,54,1" doraHai="130" who="2" fromWho="3" sc="295,0,115,0,265,80,325,-80" /><INIT seed="4,0,0,3,3,114" ten="295,115,345,245" oya="0" hai0="127,15,25,41,97,55,80,83,116,89,49,90,128" hai1="76,53,122,44,32,107,61,71,5,132,86,82,126" hai2="59,99,73,104,47,43,48,10,95,72,94,92,37" hai3="46,33,1,39,101,9,130,111,35,117,125,13,3"/><T103/><D127/><U42/><E107/><V36/><F10/><W40/><G101/><T20/><D128/><U129/><E122/><V133/><F133/><W63/><G111/><T2/><D2/><U79/><E126/><V8/><F8/><W34/><G125/><T98/><D41/><U91/><E129/><V119/><F119/><W66/><G130/><T85/><D15/><U19/><E132/><V121/><F121/><W56/><REACH who="3" step="1"/><G117/><REACH who="3" ten="295,115,345,235" step="2"/><T45/><D116/><U21/><E32/><V6/><F104/><W113/><G113/><T131/><D131/><U23/><E5/><AGARI ba="0,1" hai="1,3,5,9,13,33,34,35,39,40,46,56,63,66" machi="5" ten="40,1300,0" yaku="1,1,53,0" doraHai="114" doraHaiUra="14" who="3" fromWho="1" sc="295,0,115,-13,345,0,235,23" /><INIT seed="5,0,0,4,0,25" ten="295,102,345,258" oya="1" hai0="83,64,20,103,122,44,46,5,2,0,53,28,80" hai1="17,50,113,24,4,89,34,18,90,101,81,94,72" hai2="132,120,108,100,36,49,39,26,21,119,15,133,56" hai3="7,77,67,47,85,79,19,13,130,52,37,135,82"/><U128/><E113/><V111/><F119/><W11/><G130/><T22/><D64/><U29/><E128/><V114/><F100/><W65/><G135/><N who="2" m="51785" /><F56/><W45/><G37/><T55/><D103/><U105/><E4/><V35/><F49/><N who="3" m="28719" /><G47/><T12/><D12/><U110/><E110/><N who="2" m="42027" /><F39/><W76/><G7/><T59/><D5/><U104/><E50/><V75/><F75/><W69/><G69/><T51/><D51/><U86/><E72/><V78/><F78/><AGARI ba="0,0" hai="11,13,19,65,67,76,77,78,79,82,85" m="28719" machi="78" ten="30,2000,0" yaku="8,1,54,1" doraHai="25" who="3" fromWho="2" sc="295,0,102,0,345,-20,258,20" /><INIT seed="6,0,0,3,3,50" ten="295,102,325,278" oya="2" hai0="67,59,114,80,64,102,82,97,77,52,129,118,4" hai1="5,73,41,11,47,69,31,119,9,84,117,105,38" hai2="93,124,15,98,30,37,46,8,18,62,33,109,71" hai3="44,130,92,94,32,35,54,39,133,3,89,83,78"/><V100/><F109/><W121/><G121/><T14/><D129/><U127/><E105/><V2/><F124/><W132/><G3/><T95/><D114/><U135/><E11/><V55/><F2/><W107/><G107/><T23/><D118/><U43/><E84/><V110/><F110/><W61/><G130/><T65/><D77/><U88/><E43/><V56/><F71/><W58/><G39/><T66/><D66/><U120/><E88/><V126/><F126/><W128/><G44/><T81/><D23/><U13/><E127/><V27/><F46/><W49/><G49/><N who="0" m="31119" /><D14/><U25/><E120/><V116/><REACH who="2" step="1"/><F37/><REACH who="2" ten="295,102,315,278" step="2"/><W68/><G68/><T87/><D4/><U112/><E69/><V99/><F99/><N who="3" m="57743" /><G128/><T104/><D104/><U60/><E112/><V53/><F53/><W19/><G94/><T1/><D1/><U70/><E60/><V22/><F22/><W6/><G6/><T111/><D111/><U108/><E70/><V72/><F72/><W86/><G19/><T90/><AGARI ba="0,1" hai="64,65,67,80,81,82,87,90,95,97,102" m="31119" machi="90" ten="30,4000,0" yaku="8,1,52,1,54,1" doraHai="50" who="0" fromWho="0" sc="295,50,102,-10,315,-20,278,-10" /><INIT seed="7,0,0,3,5,36" ten="345,92,295,268" oya="3" hai0="89,52,107,65,46,26,68,24,123,70,109,91,73" hai1="58,71,69,10,128,21,23,20,115,80,114,47,72" hai2="108,118,122,18,44,100,16,53,13,33,99,81,28" hai3="88,4,112,43,97,7,57,48,135,105,96,29,30"/><W92/><G112/><N who="1" m="43050" /><E58/><V83/><F118/><W106/><G135/><T94/><D109/><U124/><E80/><V95/><F108/><W19/><G19/><T9/><D107/><U59/><E10/><V134/><F134/><W5/><G105/><T35/><D73/><U111/><E59/><V78/><F122/><W98/><G106/><T61/><D35/><U42/><E111/><V84/><F33/><W40/><G57/><T45/><D123/><U17/><E17/><V56/><F28/><N who="3" m="10859" /><G48/><T39/><D39/><U86/><E86/><AGARI ba="0,0" hai="4,5,7,40,43,86,88,92,96,97,98" m="10859" machi="86" ten="30,11600,0" yaku="8,1,52,2,54,1" doraHai="36" who="3" fromWho="1" sc="345,0,92,-116,295,0,268,116" owari="345,15.0,-24,-52.0,295,-10.0,384,47.0" /></mjloggm>