<mjloggm ver="2.3"><GO type="41" lobby="0"/><UN n0="%E2%93%9D%53%75%70%68%78" n1="%E3%83%96%E3%83%AB%E3%83%BC%E3%83%99%E3%83%AA%E3%83%BC%E3%81%A7%E3%81%99" n2="%E5%A7%89%E5%A6%B9%E3%82%AD%E3%82%B9" n3="%E5%A0%82%E5%B3%B6" dan="18,13,14,14" rate="2101.44,1864.21,1950.88,1924.64" sx="M,M,F,M"/><TAIKYOKU oya="0"/><INIT seed="0,0,0,1,2,82" ten="250,250,250,250" oya="0" hai0="98,109,29,67,112,1,99,54,28,101,50,44,100" hai1="61,39,58,62,52,132,92,104,20,114,56,93,45" hai2="65,128,18,78,133,119,90,15,71,105,49,27,48" hai3="95,23,125,117,31,38,81,91,130,26,131,10,89"/><T121/><D112/><U70/><E104/><V76/><F105/><W123/><G38/><T86/><D121/><U41/><E114/><V24/><F128/><W103/><G117/><T124/><D1/><U53/><E132/><V17/><F133/><W135/><G135/><T83/><D124/><U42/><E70/><V122/><F122/><W12/><G123/><T13/><D67/><U4/><E4/><V79/><F119/><W43/><G43/><T115/><D109/><U80/><E42/><V2/><F2/><W8/><G125/><T85/><D115/><U22/><E22/><V21/><F90/><W88/><G81/><T111/><D111/><U74/><REACH who="1" step="1"/><E20/><REACH who="1" ten="250,240,250,250" step="2"/><V57/><F71/><W51/><G10/><T35/><D35/><U96/><E96/><N who="0" m="36905" /><D13/><U32/><E32/><V63/><REACH who="2" step="1"/><F27/><REACH who="2" ten="250,240,240,250" step="2"/><W36/><G131/><T97/><D101/><U25/><E25/><V87/><F87/><N who="0" m="33290" /><D83/><U59/><E59/><V16/><F16/><N who="3" m="8199" /><G130/><T3/><D3/><U64/><E64/><V129/><F129/><W108/><G103/><T0/><D0/><U6/><E6/><V84/><F84/><N who="3" m="52615" /><G108/><T7/><D7/><U120/><E120/><V127/><F127/><W69/><G69/><T40/><D40/><U77/><AGARI ba="0,2" hai="39,41,45,52,53,56,58,61,62,74,77,80,92,93" machi="77" ten="30,7900,0" yaku="1,1,0,1,9,1,54,1,53,0" doraHai="82" doraHaiUra="46" who="1" fromWho="1" sc="250,-39,240,99,240,-20,250,-20" /><INIT seed="1,0,0,4,5,70" ten="211,339,220,230" oya="1" hai0="54,124,3,76,49,94,20,35,89,57,18,129,66" hai1="83,22,112,135,98,34,113,39,68,75,33,43,95" hai2="133,134,21,65,6,48,117,60,52,125,17,114,80" hai3="53,15,42,106,13,58,47,116,28,104,132,10,62"/><U45/><E68/><N who="2" m="42023" /><F117/><W61/><G15/><T59/><D129/><U29/><E135/><N who="2" m="51723" /><F125/><W5/><G132/><T26/><D3/><U14/><E33/><V119/><F119/><W101/><G116/><T107/><D107/><U108/><E108/><V7/><F80/><W38/><G101/><T110/><D110/><U103/><E34/><V44/><F114/><W97/><G97/><T64/><D35/><U109/><E109/><V37/><F37/><W46/><G28/><T71/><D71/><U1/><E1/><V40/><F40/><W67/><REACH who="3" step="1"/><G47/><REACH who="3" ten="211,339,220,220" step="2"/><T51/><D124/><U87/><E14/><AGARI ba="0,1" hai="6,7,14,17,21,44,48,52" m="51723,42023" machi="14" ten="30,2000,0" yaku="20,1,54,1" doraHai="70" who="2" fromWho="1" sc="211,0,339,-20,220,30,220,0" /><INIT seed="2,0,0,3,4,135" ten="211,319,250,220" oya="2" hai0="115,78,5,36,121,66,106,73,126,30,77,127,82" hai1="55,46,34,63,62,50,108,27,4,81,97,68,104" hai2="105,99,6,118,32,103,89,2,38,80,113,67,33" hai3="129,102,61,64,47,74,107,100,1,24,69,112,37"/><V44/><F118/><W21/><G112/><T109/><D115/><U54/><E108/><V70/><F113/><W12/><G1/><T60/><D121/><U84/><E4/><V31/><F89/><W124/><G74/><T123/><D123/><U29/><E68/><V8/><F80/><W116/><G116/><T15/><D78/><U125/><E125/><N who="0" m="47625" /><D36/><U57/><E63/><N who="2" m="40319" /><F31/><W98/><G129/><T19/><D30/><U42/><E104/><V94/><F94/><W128/><G128/><T93/><D5/><U59/><E97/><V26/><F26/><W56/><G124/><T110/><D93/><U13/><E13/><V58/><F58/><W88/><G69/><N who="0" m="42183" /><D106/><U25/><E29/><V45/><F45/><W101/><G47/><T39/><D39/><U96/><E34/><V90/><F90/><W7/><G37/><T51/><D51/><N who="1" m="30943" /><E96/><V120/><F120/><W53/><G64/><T41/><D41/><AGARI ba="0,0" hai="2,6,8,32,33,38,41,44,99,103,105" m="40319" machi="41" ten="30,2900,0" yaku="33,2" doraHai="135" who="2" fromWho="0" sc="211,-29,319,0,250,29,220,0" /><INIT seed="2,1,0,2,2,27" ten="182,319,279,220" oya="2" hai0="85,81,25,9,58,133,104,34,68,13,117,70,75" hai1="20,115,32,10,109,131,107,60,74,108,78,55,91" hai2="94,132,50,43,114,7,33,38,124,119,113,134,3" hai3="18,89,96,24,42,46,45,122,88,56,29,26,127"/><V40/><F33/><W99/><G127/><T30/><D133/><N who="2" m="51306" /><F3/><W135/><G135/><T111/><D111/><N who="1" m="42571" /><E115/><N who="2" m="44043" /><F7/><W120/><G56/><T35/><D104/><U47/><E32/><V31/><F94/><W90/><G18/><T121/><D121/><U82/><E107/><V87/><F87/><W41/><G90/><T128/><D75/><U15/><E20/><V16/><F16/><W105/><G105/><T49/><D35/><U8/><E91/><V100/><F100/><W77/><G77/><T62/><D85/><U69/><E10/><V116/><F31/><AGARI ba="1,0" hai="24,26,29,31,41,42,45,46,88,89,96,99,120,122" machi="31" ten="25,8000,1" yaku="22,2,52,2,54,1" doraHai="27" who="3" fromWho="2" sc="182,0,319,0,279,-83,220,83" /><INIT seed="3,0,0,4,5,86" ten="182,319,196,303" oya="3" hai0="2,29,40,13,9,41,70,92,108,96,85,62,53" hai1="78,49,135,6,18,122,77,127,22,37,120,8,68" hai2="30,80,38,58,65,11,123,42,72,35,10,25,107" hai3="50,51,47,54,131,112,97,125,56,16,102,110,115"/><W118/><G118/><T90/><D108/><U48/><E37/><V126/><F107/><W119/><G119/><T124/><D2/><U83/><E68/><V73/><F126/><W39/><G131/><T82/><D124/><U44/><E127/><V17/><F123/><W81/><G39/><T57/><D29/><U52/><E135/><V7/><F38/><W27/><G125/><T76/><REACH who="0" step="1"/><D70/><REACH who="0" ten="172,319,196,303" step="2"/><U64/><E122/><V28/><F28/><W12/><G110/><T59/><D59/><U74/><E120/><V101/><F58/><W99/><G27/><T103/><D103/><U111/><E111/><V91/><F101/><W88/><G112/><T121/><D121/><U130/><E130/><V67/><F30/><W21/><G115/><T79/><D79/><U69/><E78/><V55/><F25/><W100/><G97/><T45/><D45/><U36/><E69/><V132/><F132/><W32/><G32/><T84/><D84/><U43/><E44/><V34/><F35/><W0/><G0/><T94/><D94/><U114/><E114/><V109/><F34/><W20/><G20/><T95/><D95/><U46/><E77/><V71/><F109/><W24/><G24/><T87/><D87/><U89/><E46/><V63/><F71/><W75/><G75/><T105/><D105/><U1/><E22/><V5/><F72/><W98/><G98/><T26/><D26/><U117/><E1/><V4/><F73/><W116/><G116/><T113/><D113/><U106/><E74/><V3/><F3/><W60/><G99/><T61/><D61/><RYUUKYOKU ba="0,1" sc="172,30,319,-10,196,-10,303,-10" hai0="9,13,40,41,53,57,62,76,82,85,90,92,96" /><INIT seed="4,1,1,2,2,83" ten="202,309,186,293" oya="0" hai0="60,51,105,132,62,114,121,27,74,97,95,77,14" hai1="112,12,84,107,61,13,55,129,99,26,3,135,76" hai2="46,54,67,133,9,44,21,66,64,35,104,78,29" hai3="126,125,0,5,120,65,96,85,103,23,68,131,93"/><T91/><D121/><U47/><E3/><V118/><F35/><W108/><G108/><T45/><D114/><U18/><E129/><V31/><F104/><W134/><G131/><T70/><D132/><U59/><E135/><V1/><F133/><W8/><G134/><T16/><D70/><U53/><E112/><V92/><F118/><W7/><G7/><T32/><D105/><U86/><E76/><V115/><F115/><W123/><G23/><T130/><D130/><U58/><E47/><V128/><F128/><W38/><G38/><T28/><D77/><U49/><E26/><V10/><F78/><W43/><G43/><T63/><D74/><U34/><E34/><V102/><F1/><W41/><G41/><T40/><REACH who="0" step="1"/><D63/><REACH who="0" ten="192,309,186,293" step="2"/><U106/><E106/><V111/><F111/><W101/><G68/><T79/><D79/><U48/><E61/><V75/><F75/><W73/><G73/><T57/><D57/><U71/><E71/><V81/><F46/><W113/><G113/><T110/><D110/><U98/><E107/><V94/><F44/><W124/><G65/><T36/><D36/><U11/><E11/><AGARI ba="1,2" hai="11,14,16,27,28,32,40,45,51,60,62,91,95,97" machi="11" ten="30,5800,0" yaku="1,1,7,1,54,1,53,0" doraHai="83" doraHaiUra="109" who="0" fromWho="1" sc="192,81,309,-61,186,0,293,0" /><INIT seed="4,2,0,2,2,12" ten="273,248,186,293" oya="0" hai0="105,55,44,84,39,71,99,130,27,1,32,85,19" hai1="3,53,45,50,68,60,33,129,48,54,79,95,83" hai2="87,61,106,116,102,100,30,123,89,132,63,107,35" hai3="49,93,23,58,38,111,74,18,134,121,16,131,133"/><T88/><D1/><U91/><E129/><V64/><F123/><W42/><G111/><T75/><D75/><U5/><E33/><V6/><F132/><N who="3" m="50795" /><G131/><T96/><D71/><U73/><E3/><V59/><F116/><W125/><G125/><T62/><D105/><U17/><E5/><V41/><F41/><W24/><G121/><T11/><D85/><U114/><E114/><V82/><F6/><W81/><G93/><T28/><D130/><U101/><E101/><V118/><F118/><W47/><G58/><T56/><D39/><U26/><E68/><V104/><REACH who="2" step="1"/><F63/><REACH who="2" ten="273,248,176,293" step="2"/><W51/><G74/><T34/><D62/><U78/><E60/><V117/><F117/><W57/><G81/><T7/><D7/><U8/><E83/><V10/><F10/><W92/><G92/><T126/><D11/><U109/><E73/><V128/><F128/><W29/><G57/><T77/><D56/><U86/><E109/><V2/><F2/><W115/><G115/><T76/><D126/><U110/><E8/><V65/><F65/><W72/><G72/><T40/><D40/><U90/><E110/><V21/><F21/><W122/><G122/><T127/><D127/><U13/><E95/><V14/><F14/><W98/><G98/><T112/><D99/><U94/><E13/><V52/><F52/><W25/><G25/><AGARI ba="2,1" hai="25,30,35,59,61,64,82,87,89,100,102,104,106,107" machi="25" ten="40,1300,0" yaku="1,1,53,0" doraHai="12" doraHaiUra="9" who="2" fromWho="3" sc="273,0,248,0,176,29,293,-19" /><INIT seed="5,0,0,1,5,135" ten="273,248,205,274" oya="1" hai0="70,108,3,67,53,43,123,91,23,38,68,134,1" hai1="65,92,94,25,18,114,96,125,14,4,131,33,100" hai2="98,20,34,120,121,47,16,64,48,35,32,30,133" hai3="73,19,118,74,56,105,59,10,88,86,126,61,46"/><U112/><E131/><V127/><F133/><W60/><G105/><T101/><D108/><U119/><E119/><V21/><F64/><W78/><G118/><T54/><D101/><U117/><E117/><V113/><F98/><W80/><G46/><T124/><D23/><N who="2" m="8778" /><F48/><W106/><G106/><T90/><D67/><U63/><E4/><V130/><F47/><W57/><G126/><T97/><D97/><U52/><E125/><V29/><F127/><W5/><G19/><T103/><D124/><U71/><E52/><V69/><F69/><W99/><G99/><T104/><D104/><U115/><E94/><V66/><F66/><W17/><G17/><T9/><D134/><U36/><E36/><V27/><F130/><W77/><G77/><T122/><D103/><U102/><E102/><V41/><F41/><W6/><G6/><T89/><D43/><U83/><E83/><V40/><F40/><W58/><N who="3" m="14336" /><DORA hai="109" /><W132/><G132/><T7/><D38/><U13/><E18/><V110/><F110/><W50/><G50/><T45/><D45/><U95/><E95/><V79/><F79/><W49/><G49/><T76/><D76/><U37/><E37/><V8/><F27/><W62/><REACH who="3" step="1"/><G78/><REACH who="3" ten="273,248,205,264" step="2"/><T39/><D39/><U12/><E25/><V107/><F107/><W31/><G31/><T0/><D7/><U85/><E85/><V11/><F16/><W2/><AGARI ba="0,1" hai="2,5,10,60,61,62,73,74,80,86,88" m="14336" machi="2" ten="50,8000,1" yaku="1,1,0,1,54,1,53,1" doraHai="135,109" doraHaiUra="82,116" who="3" fromWho="3" sc="273,-20,248,-40,205,-20,264,90" /><INIT seed="6,0,0,3,4,115" ten="253,208,185,354" oya="2" hai0="81,71,7,63,68,107,1,6,45,79,83,70,0" hai1="113,88,125,97,49,84,14,27,98,117,80,58,66" hai2="9,17,85,128,65,90,94,72,135,13,3,59,78" hai3="18,69,95,64,52,96,62,119,87,100,43,99,22"/><V89/><F128/><W67/><G119/><T8/><D107/><U109/><E109/><V93/><F135/><W56/><G43/><T50/><D63/><U5/><E113/><V106/><F106/><W91/><G69/><T53/><D83/><U51/><E125/><V129/><F129/><W105/><REACH who="3" step="1"/><G87/><REACH who="3" ten="253,208,185,344" step="2"/><T114/><D114/><U76/><E117/><V19/><F85/><W47/><G47/><T60/><D71/><U77/><E84/><V16/><F72/><W133/><G133/><T37/><D70/><U34/><E58/><V110/><F59/><W111/><G111/><T11/><D68/><U33/><E98/><V39/><F110/><W130/><G130/><T31/><D37/><U48/><E97/><V28/><F39/><W102/><G102/><T44/><D44/><U112/><E112/><V12/><F89/><W2/><G2/><T25/><D79/><U36/><E88/><V103/><F90/><W46/><G46/><T30/><D81/><U35/><E77/><V122/><F78/><W101/><G101/><T55/><D25/><AGARI ba="0,1" hai="18,22,25,52,56,62,64,67,91,95,96,99,100,105" machi="25" ten="30,8000,1" yaku="1,1,7,1,25,2,54,1,53,0" doraHai="115" doraHaiUra="118" who="3" fromWho="0" sc="253,-80,208,0,185,0,344,90" /><INIT seed="7,0,0,2,2,122" ten="173,208,185,434" oya="3" hai0="101,69,11,31,46,118,77,7,13,22,26,17,70" hai1="24,90,95,5,44,59,1,14,106,88,109,93,86" hai2="19,57,62,4,27,64,20,9,80,100,110,53,125" hai3="18,129,12,45,111,107,84,121,35,40,39,76,37"/><W117/><G121/><T102/><D118/><U79/><E109/><V38/><F110/><W56/><G117/><T41/><D77/><U123/><E123/><V47/><F125/><W116/><G111/><T65/><D65/><U130/><E106/><V6/><F100/><W128/><G116/><T15/><D70/><U98/><E130/><N who="3" m="50282" /><G107/><T92/><D69/><U103/><E1/><V85/><F9/><N who="3" m="6415" /><G35/><T54/><D54/><U51/><E79/><V120/><F120/><W82/><G56/><T60/><D60/><U96/><E59/><V115/><F115/><W25/><G25/><T89/><D15/><U94/><E24/><V30/><F30/><W32/><G32/><T34/><D34/><U108/><E108/><V48/><REACH who="2" step="1"/><F38/><AGARI ba="0,0" hai="37,38,39,40,45,76,82,84" m="6415,50282" machi="38" ten="30,1500,0" yaku="19,1" doraHai="122" who="3" fromWho="2" sc="173,0,208,0,185,-15,434,15" owari="173,-23.0,208,1.0,170,-33.0,449,55.0" /></mjloggm>