<mjloggm ver="2.3"><GO type="41" lobby="0"/><UN n0="%E2%93%9D%53%75%70%68%78" n1="%4B%2E%46%75" n2="%6D%6F%75%73%6F%75" n3="%E3%81%AA%E3%82%93%E3%81%B0%E3%83%BC%E3%82%8F%E3%82%93%E3%82%8F" dan="17,14,13,15" rate="2090.92,1893.28,1903.34,2148.32" sx="M,M,M,M"/><TAIKYOKU oya="0"/><INIT seed="0,0,0,2,1,25" ten="250,250,250,250" oya="0" hai0="13,63,82,62,123,54,127,93,126,122,50,28,45" hai1="69,53,78,43,71,103,35,130,119,55,58,124,128" hai2="20,4,96,5,108,61,37,74,133,79,116,73,68" hai3="117,104,110,32,120,72,132,46,113,97,10,101,94"/><T115/><D82/><U3/><E119/><V67/><F37/><W75/><G10/><T102/><D13/><U16/><E124/><N who="0" m="47657" /><D93/><U92/><E3/><V42/><F116/><W6/><G6/><T17/><D17/><U83/><E35/><V57/><F42/><W9/><G9/><T86/><D86/><U88/><E43/><V0/><F96/><W2/><G94/><T24/><D102/><U87/><E103/><V18/><F57/><W84/><G84/><T52/><D115/><U77/><E77/><V19/><F19/><W30/><G97/><T64/><D54/><U109/><E53/><V12/><F12/><W56/><G101/><T105/><D105/><U106/><E106/><V112/><F18/><W125/><G104/><T15/><D15/><U49/><E16/><V114/><F114/><W85/><G85/><T51/><D50/><U89/><E89/><V107/><F107/><W65/><G113/><T31/><D63/><U11/><E11/><V95/><F61/><W23/><G125/><T80/><D80/><U100/><E100/><V111/><F5/><W48/><G48/><T47/><D47/><U90/><E90/><V38/><F4/><W121/><G46/><T135/><D135/><U134/><E134/><V33/><F133/><W21/><G132/><T70/><D24/><U60/><E49/><V1/><F112/><W8/><G8/><T98/><D98/><U91/><E91/><V44/><F44/><W76/><G117/><T14/><D14/><U36/><E36/><V22/><F38/><W99/><G99/><T34/><D34/><RYUUKYOKU ba="0,0" sc="250,30,250,-10,250,-10,250,-10" hai0="28,31,45,51,52,62,64,70,122,123" /><INIT seed="0,1,0,0,0,7" ten="280,240,240,240" oya="0" hai0="40,44,126,119,43,109,31,101,93,68,127,90,2" hai1="128,116,14,24,73,46,104,52,105,39,107,84,64" hai2="10,27,20,113,21,110,89,51,48,100,28,11,103" hai3="125,124,117,57,76,30,67,56,62,58,118,69,5"/><T59/><D119/><N who="3" m="45577" /><G5/><T26/><D68/><U131/><E73/><V4/><F113/><W99/><G99/><T17/><D101/><N who="2" m="38986" /><F4/><W98/><G98/><T75/><D2/><U33/><E64/><V34/><F34/><W22/><G22/><N who="2" m="8809" /><F110/><W12/><G12/><T38/><D109/><U123/><E123/><V55/><F27/><W95/><G95/><T81/><D26/><U96/><E96/><V15/><F28/><W121/><G76/><T83/><D31/><U86/><E24/><V120/><F120/><W134/><G30/><T1/><D1/><U41/><E33/><V87/><F15/><W32/><G32/><T16/><D75/><U53/><E14/><V82/><F51/><W0/><G0/><T35/><D35/><U25/><E25/><V135/><F135/><W49/><G121/><T102/><D102/><U65/><E65/><V85/><F85/><W88/><G88/><T114/><D90/><U6/><E6/><V13/><F13/><W122/><G122/><T71/><D17/><U92/><E116/><V45/><AGARI ba="1,0" hai="10,11,45,48,55,82,87,89" m="8809,38986" machi="45" ten="30,4000,0" yaku="8,1,52,2" doraHai="7" who="2" fromWho="2" sc="280,-21,240,-11,240,43,240,-11" /><INIT seed="1,0,0,5,5,8" ten="259,229,283,229" oya="1" hai0="78,66,115,100,90,130,7,3,22,111,23,52,125" hai1="10,68,99,1,94,24,47,126,61,72,134,62,113" hai2="88,117,30,44,28,87,64,16,82,60,118,77,127" hai3="74,27,43,12,65,80,35,123,122,17,85,119,51"/><U92/><E72/><V48/><F127/><W25/><G74/><T70/><D115/><U79/><E113/><V2/><F2/><W112/><G112/><T135/><D125/><U106/><E126/><V56/><F118/><W97/><G119/><T59/><D111/><U29/><E79/><V86/><F117/><W54/><G43/><T38/><D38/><U73/><E73/><V103/><F103/><W91/><G65/><T32/><D32/><U53/><E134/><V34/><F34/><W42/><G42/><T96/><D130/><U105/><E94/><V110/><F110/><W84/><G97/><T58/><D70/><U114/><E114/><V46/><F16/><W26/><G85/><T108/><D7/><U41/><E68/><V101/><F101/><W20/><REACH who="3" step="1"/><G35/><REACH who="3" ten="259,229,283,219" step="2"/><T71/><D108/><U116/><E41/><V18/><F86/><W107/><G107/><T131/><D66/><U0/><E105/><V39/><F64/><W11/><G11/><T40/><D40/><U6/><E106/><V55/><F39/><W133/><G133/><T121/><D135/><U33/><E116/><V95/><F87/><W50/><G50/><T109/><D109/><U36/><E36/><V9/><F48/><W129/><G129/><T69/><D131/><U83/><E83/><V76/><F82/><W132/><G132/><T81/><D81/><U104/><E104/><V128/><F128/><W124/><G124/><T21/><D96/><U15/><E99/><V13/><F95/><W63/><G63/><N who="1" m="24074" /><E92/><V93/><F93/><W57/><AGARI ba="0,1" hai="12,17,20,25,26,27,51,54,57,80,84,91,122,123" machi="57" ten="30,4000,0" yaku="1,1,0,1,52,1,53,0" doraHai="8" doraHaiUra="75" who="3" fromWho="3" sc="259,-10,229,-20,283,-10,219,50" /><INIT seed="2,0,0,5,5,135" ten="249,209,273,269" oya="2" hai0="63,43,98,66,71,7,67,76,54,58,28,27,91" hai1="124,102,56,62,47,38,103,77,51,85,25,61,70" hai2="13,10,95,20,99,21,41,90,101,8,46,37,55" hai3="34,100,42,30,104,117,122,35,16,15,19,23,75"/><V80/><F55/><W22/><G75/><T68/><D76/><U31/><E62/><V112/><F112/><W116/><G100/><T106/><D7/><U26/><E70/><V6/><F80/><W9/><G104/><T36/><D91/><U44/><E38/><V133/><F133/><W84/><G84/><T131/><D131/><U134/><E134/><V3/><REACH who="2" step="1"/><F101/><REACH who="2" ten="249,209,263,269" step="2"/><W121/><G42/><T114/><D114/><U49/><E102/><V115/><F115/><W53/><G53/><T110/><D54/><U59/><E103/><V17/><AGARI ba="0,1" hai="3,6,8,10,13,17,20,21,37,41,46,90,95,99" machi="17" ten="20,7800,0" yaku="1,1,0,1,7,1,53,1" doraHai="135" doraHaiUra="1" who="2" fromWho="2" sc="249,-26,209,-26,263,88,269,-26" /><INIT seed="2,1,0,0,1,11" ten="223,183,351,243" oya="2" hai0="20,59,98,127,32,77,2,76,72,39,12,93,41" hai1="129,107,89,103,92,106,75,123,96,99,69,50,22" hai2="45,130,133,9,19,73,116,83,74,126,112,94,25" hai3="13,78,15,61,58,46,115,27,55,1,0,128,68"/><V47/><F112/><W91/><G128/><T44/><D2/><U119/><E69/><V131/><F116/><W10/><G115/><T23/><D32/><U14/><E119/><V57/><F126/><W6/><G68/><T67/><D127/><U90/><E123/><V29/><F133/><W37/><G78/><T95/><D95/><N who="1" m="56431" /><E50/><V21/><F57/><W85/><G27/><T52/><D67/><U30/><E30/><V121/><F121/><W42/><REACH who="3" step="1"/><G1/><REACH who="3" ten="223,183,351,233" step="2"/><T101/><D77/><U16/><E129/><V87/><F130/><W54/><G54/><T120/><D120/><U110/><E75/><V65/><F131/><W79/><G79/><T71/><D71/><U31/><E106/><V118/><F74/><W7/><G7/><T66/><D66/><U81/><E107/><V63/><F73/><W35/><G35/><T38/><D76/><U34/><E34/><V134/><F118/><W51/><G51/><T28/><D72/><U62/><E62/><V5/><F5/><W70/><G70/><T108/><D39/><U3/><E3/><V82/><F65/><W124/><G124/><T84/><D38/><U17/><E110/><V122/><F63/><W102/><G102/><T56/><D108/><U49/><E49/><V117/><F117/><W24/><G24/><T18/><D52/><U33/><E33/><V40/><F122/><W36/><G36/><T97/><D101/><U104/><E104/><V53/><F53/><W80/><AGARI ba="1,1" hai="0,6,10,13,15,37,42,46,55,58,61,80,85,91" machi="80" ten="20,12000,2" yaku="1,1,0,1,7,1,52,2,53,1" doraHai="11" doraHaiUra="86" who="3" fromWho="3" sc="223,-31,183,-31,351,-61,233,133" /><INIT seed="3,0,0,1,2,6" ten="192,152,290,366" oya="3" hai0="63,34,117,8,80,95,131,75,1,23,24,44,43" hai1="65,73,5,133,22,78,115,104,97,128,108,86,93" hai2="77,54,121,76,71,83,57,116,60,79,19,58,66" hai3="13,130,94,127,53,26,68,21,12,62,64,36,134"/><W87/><G130/><T42/><D117/><U30/><E65/><V98/><F116/><W45/><G134/><T40/><D34/><U0/><E128/><V82/><F121/><W51/><G127/><T32/><D32/><U52/><E115/><V2/><F2/><W29/><REACH who="3" step="1"/><G36/><REACH who="3" ten="192,152,290,356" step="2"/><T101/><D131/><U50/><E133/><V123/><F123/><W113/><G113/><T125/><D125/><U20/><E108/><V69/><F69/><W28/><G28/><T88/><D43/><U39/><E30/><V109/><F109/><W124/><G124/><T37/><D42/><U90/><E39/><V126/><F126/><W55/><G55/><T38/><D37/><U74/><E73/><V10/><F71/><W91/><AGARI ba="0,1" hai="12,13,21,26,29,45,51,53,62,64,68,87,91,94" machi="91" ten="30,6000,0" yaku="1,1,0,1,53,1" doraHai="6" doraHaiUra="84" who="3" fromWho="3" sc="192,-20,152,-20,290,-20,356,70" /><INIT seed="3,1,0,1,0,41" ten="172,132,270,426" oya="3" hai0="133,22,92,24,83,65,109,106,94,122,130,30,42" hai1="100,74,21,2,80,123,14,107,46,40,84,72,7" hai2="4,39,5,50,98,91,128,17,124,13,127,102,63" hai3="132,59,101,53,135,16,82,76,97,129,55,36,28"/><W29/><G36/><T31/><D122/><U134/><E123/><V108/><F39/><W87/><G129/><T115/><D106/><U103/><E2/><V6/><F128/><W8/><G8/><T34/><D130/><U38/><E134/><N who="3" m="51242" /><G16/><T18/><D133/><U96/><E103/><V131/><F131/><W33/><G33/><T49/><D109/><U86/><E86/><V118/><F108/><W1/><G1/><T52/><D42/><U43/><E43/><V3/><F118/><W47/><G47/><N who="0" m="27711" /><D34/><U77/><REACH who="1" step="1"/><E21/><REACH who="1" ten="172,122,270,426" step="2"/><V56/><F102/><W35/><G35/><T126/><D115/><U99/><E99/><V70/><F98/><W10/><G10/><AGARI ba="1,1" hai="7,10,14,38,40,46,72,74,77,80,84,96,100,107" machi="10" ten="40,2600,0" yaku="1,1,52,1,53,0" doraHai="41" doraHaiUra="119" who="1" fromWho="3" sc="172,0,122,39,270,0,426,-29" /><INIT seed="4,0,0,1,2,135" ten="172,161,270,397" oya="0" hai0="134,57,112,59,92,118,65,3,29,90,73,9,25" hai1="22,111,17,68,74,86,70,64,16,34,27,75,105" hai2="13,113,54,69,21,117,89,126,23,125,77,45,127" hai3="20,31,0,115,46,99,5,19,33,6,40,120,30"/><T35/><D118/><U123/><E105/><V95/><F69/><W109/><G115/><T15/><D134/><U82/><E111/><V110/><F110/><W85/><G109/><T72/><D3/><U62/><E123/><V104/><F104/><W39/><G120/><T128/><D128/><U2/><E2/><V58/><F113/><W101/><G85/><T51/><D57/><U38/><E38/><V11/><F45/><W42/><G42/><T132/><D132/><U4/><E4/><N who="2" m="3303" /><F77/><W83/><G83/><T49/><D112/><U61/><E34/><V24/><F24/><W97/><G97/><T50/><D65/><U41/><E41/><V107/><F107/><W103/><G103/><T131/><D59/><U81/><E81/><V130/><F117/><W10/><G6/><T71/><D71/><U80/><E82/><V129/><F23/><W91/><G91/><T108/><D131/><U56/><E17/><V96/><F21/><W121/><G33/><T76/><D76/><U79/><REACH who="1" step="1"/><E68/><REACH who="1" ten="172,151,270,397" step="2"/><V18/><F18/><W7/><G7/><T37/><D37/><U88/><E88/><V44/><F44/><W60/><G121/><T28/><D108/><U119/><E119/><V84/><F84/><W12/><G101/><T106/><D106/><U122/><E122/><V87/><F87/><W94/><G46/><T100/><D100/><U8/><E8/><V53/><F53/><AGARI ba="0,1" hai="16,22,27,53,56,61,62,64,70,74,75,79,80,86" machi="53" ten="30,3900,0" yaku="1,1,7,1,54,1,53,0" doraHai="135" doraHaiUra="26" who="1" fromWho="2" sc="172,0,151,49,270,-39,397,0" /><INIT seed="5,0,0,4,1,66" ten="172,200,231,397" oya="1" hai0="67,61,7,20,18,113,109,103,11,1,39,63,126" hai1="15,85,120,82,91,17,68,31,46,27,116,95,26" hai2="29,105,32,4,76,75,54,41,50,16,93,108,48" hai3="49,6,99,83,35,60,115,65,12,89,40,43,51"/><U110/><E116/><V90/><F105/><W45/><G115/><T131/><D109/><U106/><E120/><V111/><F4/><W125/><G35/><T21/><D113/><U2/><E106/><V42/><F111/><W127/><G12/><T53/><D131/><U100/><E2/><V3/><F3/><W25/><G25/><T8/><D126/><N who="3" m="48137" /><G6/><T37/><D103/><U81/><E100/><V38/><F38/><N who="3" m="21655" /><G43/><T87/><D11/><U28/><E46/><V30/><F32/><W114/><G114/><T71/><D20/><N who="1" m="11327" /><E68/><V47/><F42/><W130/><G130/><T119/><D119/><U57/><E57/><V128/><F128/><W9/><G9/><T78/><D21/><N who="1" m="15439" /><E110/><V70/><F70/><N who="3" m="42279" /><G99/><T55/><D1/><U135/><E135/><V73/><F108/><W59/><G59/><T77/><D71/><U74/><E74/><V58/><F75/><W132/><G132/><T133/><D133/><U64/><E64/><V97/><REACH who="2" step="1"/><F16/><REACH who="2" ten="172,200,221,397" step="2"/><W69/><G69/><T22/><D18/><U14/><E31/><V34/><F34/><W88/><G83/><AGARI ba="0,1" hai="29,30,41,47,48,50,54,58,73,76,83,90,93,97" machi="83" ten="40,2600,0" yaku="1,1,53,1" doraHai="66" doraHaiUra="94" who="2" fromWho="3" sc="172,0,200,0,221,36,397,-26" /><INIT seed="6,0,0,0,5,5" ten="172,200,257,371" oya="2" hai0="72,82,29,76,104,61,47,11,24,18,56,1,10" hai1="16,33,130,70,121,88,85,14,117,39,46,112,105" hai2="34,65,6,35,22,77,68,116,90,4,119,3,80" hai3="31,69,23,59,94,57,44,63,87,15,20,135,96"/><V17/><F90/><W73/><G73/><T95/><D104/><U86/><E33/><N who="2" m="12299" /><F65/><W98/><G135/><T84/><D1/><U75/><E70/><V45/><F45/><W0/><G0/><T100/><D29/><U79/><E105/><V103/><F103/><W113/><G113/><T133/><D133/><U92/><E75/><V54/><F54/><W118/><G118/><N who="2" m="45097" /><F80/><W40/><G69/><T19/><D47/><U67/><E67/><V101/><F77/><W110/><G110/><T62/><D72/><U2/><E2/><V7/><F101/><W107/><G107/><T134/><D134/><U60/><E60/><N who="0" m="23145" /><D56/><U27/><E46/><V52/><F52/><W81/><G87/><T120/><D120/><U37/><E85/><V48/><F48/><W64/><G81/><T9/><D24/><U132/><E79/><V108/><F68/><W55/><G94/><T125/><D125/><U129/><E117/><V38/><F38/><W50/><G57/><T99/><AGARI ba="0,0" hai="9,10,11,18,19,76,82,84,95,99,100" m="23145" machi="99" ten="30,7900,0" yaku="8,1,52,3" doraHai="5" who="0" fromWho="0" sc="172,79,200,-20,257,-39,371,-20" /><INIT seed="7,0,0,5,2,94" ten="251,180,218,351" oya="3" hai0="20,79,109,107,60,83,95,119,16,12,21,55,4" hai1="49,41,120,27,88,70,131,35,134,77,91,116,72" hai2="38,78,17,110,112,65,97,0,32,121,135,43,105" hai3="126,84,42,14,52,114,108,51,34,118,98,123,10"/><W104/><G114/><T6/><D107/><U87/><E120/><V2/><F110/><W18/><G126/><T82/><D119/><U71/><E116/><V103/><F112/><W48/><G123/><T50/><D60/><U58/><E131/><V40/><F121/><W62/><G34/><T101/><D20/><U57/><E134/><V3/><F135/><W66/><G108/><T92/><D92/><U24/><E72/><V31/><F78/><W64/><G84/><T25/><D83/><U76/><E87/><V102/><F102/><W56/><G118/><T45/><D25/><U47/><E35/><V28/><F65/><W36/><G36/><T80/><D80/><U5/><E5/><V86/><F86/><W26/><G26/><T75/><D109/><U61/><E61/><V22/><F32/><W89/><G104/><T53/><D53/><U133/><E133/><V54/><F54/><W85/><G98/><T111/><D111/><U93/><E93/><V115/><F115/><W81/><G51/><T74/><D74/><U117/><E117/><V113/><F113/><W90/><G90/><T46/><D46/><AGARI ba="0,0" hai="10,14,18,42,46,48,52,56,62,64,66,81,85,89" machi="46" ten="40,3900,0" yaku="8,1,54,1" doraHai="94" who="3" fromWho="0" sc="251,-39,180,0,218,0,351,39" owari="212,-19.0,180,-32.0,218,2.0,390,49.0" /></mjloggm>