<mjloggm ver="2.3"><GO type="41" lobby="0"/><UN n0="%E2%93%9D%53%75%70%68%78" n1="%33%30%38%50" n2="%4F%53%43%37%37%37" n3="%72%65%72%65%6D%61%72%75" dan="18,14,15,15" rate="2133.18,1950.49,1969.55,1976.19" sx="M,M,M,M"/><TAIKYOKU oya="0"/><INIT seed="0,0,0,5,1,33" ten="250,250,250,250" oya="0" hai0="67,99,69,4,9,20,134,28,81,21,18,102,39" hai1="112,5,58,31,14,104,135,47,101,94,42,133,71" hai2="74,46,125,108,70,111,109,66,78,117,6,12,65" hai3="11,35,72,106,48,25,38,27,59,17,127,56,10"/><T123/><D123/><U82/><E71/><V86/><F117/><W131/><G38/><T22/><D39/><U24/><E104/><V15/><F74/><W116/><G72/><T51/><D134/><U53/><E112/><V55/><F125/><W63/><G106/><T118/><D118/><U129/><E82/><N who="2" m="47447" /><F70/><W16/><G48/><T75/><D28/><U32/><E129/><V121/><F121/><W80/><G80/><T37/><D37/><U97/><E47/><V73/><F73/><W0/><G63/><T76/><D51/><U100/><E42/><V36/><F55/><W2/><G35/><T128/><D128/><U7/><E101/><V13/><F6/><W79/><G79/><T30/><D30/><U60/><REACH who="1" step="1"/><E7/><REACH who="1" ten="250,240,250,250" step="2"/><V64/><F36/><W115/><G131/><T113/><D113/><U107/><E107/><V1/><F46/><W52/><G115/><T34/><D69/><U92/><E92/><V54/><F1/><W61/><G116/><T130/><D130/><U40/><E40/><V90/><F90/><W29/><G127/><T88/><D88/><U50/><E50/><V132/><F132/><W57/><G61/><T96/><D102/><U114/><E114/><V110/><F110/><W45/><G45/><T87/><D4/><U44/><E44/><V93/><F93/><W83/><G83/><T126/><D126/><U8/><AGARI ba="0,1" hai="5,8,14,24,31,32,53,58,60,94,97,100,133,135" machi="8" ten="30,4000,0" yaku="1,1,0,1,53,1" doraHai="33" doraHaiUra="95" who="1" fromWho="1" sc="250,-20,240,50,250,-10,250,-10" /><INIT seed="1,0,0,5,2,70" ten="230,290,240,240" oya="1" hai0="24,63,128,49,44,30,52,101,55,25,29,6,67" hai1="121,0,48,41,68,39,53,81,64,10,73,14,133" hai2="83,46,32,84,8,108,28,100,94,17,12,7,58" hai3="98,103,45,23,124,91,135,4,27,123,11,110,15"/><U5/><E121/><V38/><F108/><W118/><G110/><T19/><D128/><U33/><E133/><V42/><F32/><W114/><G135/><T26/><D6/><U78/><E68/><V40/><F28/><W35/><G124/><T13/><D101/><U112/><E33/><V107/><F107/><W18/><G118/><T127/><D55/><U105/><E105/><V129/><F129/><W120/><G114/><T76/><D76/><U126/><E126/><V71/><F71/><W116/><G116/><T2/><D2/><U21/><E64/><V69/><F69/><W90/><G45/><T56/><REACH who="0" step="1"/><D127/><REACH who="0" ten="220,290,240,240" step="2"/><U113/><E53/><V20/><F42/><W111/><G111/><T86/><D86/><U65/><E65/><V75/><F75/><W89/><REACH who="3" step="1"/><G35/><REACH who="3" ten="220,290,240,230" step="2"/><T50/><D50/><U43/><E48/><V99/><F38/><W104/><AGARI ba="0,2" hai="4,11,15,18,23,27,89,90,91,98,103,104,120,123" machi="104" ten="30,7900,0" yaku="1,1,2,1,0,1,53,1" doraHai="70" doraHaiUra="102" who="3" fromWho="3" sc="220,-20,290,-39,240,-20,230,99" /><INIT seed="2,0,0,0,4,66" ten="200,251,220,329" oya="2" hai0="9,48,111,17,40,70,78,123,36,92,135,132,3" hai1="84,13,60,102,77,61,8,25,74,72,127,47,83" hai2="33,134,4,125,98,50,131,96,51,89,81,130,87" hai3="119,128,80,27,117,42,112,64,116,10,104,93,106"/><V0/><F33/><W31/><G112/><T49/><D78/><U6/><E127/><V108/><F0/><W121/><G121/><T71/><D92/><U37/><E102/><V26/><F4/><W52/><G128/><N who="2" m="49193" /><F125/><W18/><G42/><T44/><D111/><U118/><E118/><V32/><F134/><N who="0" m="51242" /><D123/><U67/><E60/><V101/><F108/><W1/><G80/><T95/><D95/><U43/><REACH who="1" step="1"/><E25/><REACH who="1" ten="200,241,220,329" step="2"/><V28/><F98/><W21/><G27/><T62/><D62/><U22/><E22/><V58/><F58/><AGARI ba="0,1" hai="6,8,13,37,43,47,58,61,67,72,74,77,83,84" machi="58" ten="30,3900,0" yaku="1,1,7,1,53,1" doraHai="66" doraHaiUra="55" who="1" fromWho="2" sc="200,0,241,49,220,-39,329,0" /><INIT seed="3,0,0,5,1,107" ten="200,290,181,329" oya="3" hai0="58,30,14,89,97,36,134,57,22,80,51,72,75" hai1="121,28,60,128,43,113,26,86,4,59,115,0,132" hai2="23,104,93,29,92,16,56,127,33,96,38,53,91" hai3="21,135,3,71,131,76,8,25,6,116,77,108,87"/><W101/><G116/><T84/><D36/><U130/><E43/><V12/><F104/><W17/><G131/><N who="1" m="50218" /><E121/><V106/><F106/><W62/><G135/><T109/><D109/><U49/><E49/><V79/><F127/><W37/><G37/><T112/><D112/><U19/><E19/><V69/><F38/><W103/><G108/><T10/><D134/><U20/><E86/><V34/><F69/><W5/><G5/><T118/><D118/><U63/><E132/><V24/><F79/><W129/><G129/><T35/><D35/><U82/><E82/><V66/><F66/><W39/><G39/><T46/><D97/><U52/><E63/><V18/><F93/><W74/><G87/><T120/><D120/><U32/><E20/><V55/><F55/><W95/><G95/><T83/><D22/><U31/><E31/><V47/><F47/><W11/><G11/><AGARI ba="0,0" hai="0,4,11,26,28,32,52,59,60,113,115" m="50218" machi="11" ten="30,2000,0" yaku="19,1,54,1" doraHai="107" who="1" fromWho="3" sc="200,0,290,20,181,0,329,-20" /><INIT seed="4,0,0,1,4,97" ten="200,310,181,309" oya="0" hai0="108,1,53,71,11,76,81,68,88,134,56,49,90" hai1="35,83,27,131,128,121,62,110,19,60,41,130,113" hai2="96,122,7,57,24,79,124,85,29,40,16,93,18" hai3="25,95,58,5,36,126,107,48,14,26,2,47,120"/><T78/><D134/><U52/><E110/><V15/><F122/><W125/><G107/><T12/><D1/><U31/><E121/><V98/><F124/><W117/><G117/><T64/><D108/><U66/><E41/><V32/><F40/><W115/><G120/><T65/><D71/><U74/><E113/><V28/><F28/><W34/><G2/><T61/><D65/><U46/><E66/><V94/><F57/><W23/><G34/><T91/><REACH who="0" step="1"/><D81/><REACH who="0" ten="190,310,181,309" step="2"/><U119/><E119/><V38/><F38/><W84/><G36/><T86/><D86/><U43/><E74/><V9/><F85/><W101/><G84/><T100/><D100/><U105/><E83/><V0/><F0/><W127/><G101/><T22/><D22/><U51/><E105/><V75/><F75/><W135/><G23/><T92/><D92/><U59/><REACH who="1" step="1"/><E19/><AGARI ba="0,1" hai="11,12,19,49,53,56,61,64,68,76,78,88,90,91" machi="19" ten="40,3900,0" yaku="1,1,54,1,53,0" doraHai="97" doraHaiUra="112" who="0" fromWho="1" sc="190,49,310,-39,181,0,309,0" /><INIT seed="4,1,0,3,1,70" ten="239,271,181,309" oya="0" hai0="28,21,54,37,103,7,26,127,69,110,111,8,75" hai1="5,123,105,3,9,25,107,19,14,101,118,20,53" hai2="108,32,114,84,34,35,49,129,55,90,133,38,10" hai3="74,41,51,30,42,52,12,64,11,109,4,0,79"/><T102/><D69/><U50/><E118/><V1/><F1/><W22/><G109/><N who="0" m="41483" /><D75/><U18/><E123/><V77/><F77/><W57/><G64/><T23/><D127/><U104/><E101/><N who="0" m="38409" /><D54/><U40/><E40/><V29/><F108/><W94/><G94/><T65/><D65/><U44/><REACH who="1" step="1"/><E107/><REACH who="1" ten="239,261,181,309" step="2"/><V76/><F129/><W117/><G117/><T17/><D37/><U66/><E66/><V86/><F38/><W82/><REACH who="3" step="1"/><G0/><REACH who="3" ten="239,261,181,299" step="2"/><N who="0" m="103" /><D17/><U47/><E47/><V6/><F133/><W122/><G122/><T124/><D124/><U61/><E61/><V27/><F6/><W31/><G31/><T59/><D59/><U97/><E97/><V92/><F29/><W36/><G36/><T33/><AGARI ba="1,2" hai="21,23,26,28,33" m="103,38409,41483" machi="33" ten="30,1500,0" yaku="10,1" doraHai="70" who="0" fromWho="0" sc="239,38,261,-6,181,-6,299,-6" /><INIT seed="4,2,0,0,1,32" ten="277,255,175,293" oya="0" hai0="53,134,104,96,0,94,71,8,119,43,59,54,123" hai1="30,29,52,58,47,45,114,80,75,132,67,66,81" hai2="2,107,56,124,82,127,61,42,97,57,125,20,88" hai3="63,92,46,33,55,50,28,73,49,48,39,91,98"/><T117/><D123/><U60/><E132/><V38/><F107/><W84/><G73/><T72/><D71/><U17/><E114/><V78/><F38/><W69/><G39/><T21/><D72/><U26/><E75/><V31/><F42/><W113/><G113/><T18/><D104/><U112/><E112/><V106/><F2/><W62/><G28/><N who="1" m="10858" /><E47/><V5/><F5/><W24/><G24/><T95/><D43/><U41/><E41/><V86/><F31/><W111/><G33/><T4/><D95/><U77/><E77/><V90/><F20/><W34/><G34/><T128/><D128/><U6/><E6/><V115/><F57/><W133/><G111/><T85/><D85/><U89/><E89/><V103/><REACH who="2" step="1"/><F115/><REACH who="2" ten="277,255,165,293" step="2"/><W101/><G69/><T76/><D59/><U37/><E37/><V9/><F9/><W110/><G110/><T10/><D10/><U68/><E68/><V120/><F120/><W7/><G7/><T3/><D8/><U22/><E45/><V14/><F14/><W12/><G12/><T87/><D4/><U116/><E116/><V15/><F15/><W99/><G46/><T118/><D118/><U40/><E40/><V23/><F23/><W16/><G16/><T65/><D18/><U100/><E100/><V129/><F129/><W126/><G101/><T135/><D119/><U36/><E36/><V19/><F19/><W105/><G105/><T130/><D130/><U79/><E79/><V74/><F74/><W83/><G91/><T64/><D117/><U122/><E122/><V51/><F51/><N who="3" m="19531" /><G63/><T121/><D121/><RYUUKYOKU ba="2,1" sc="277,-15,255,15,165,15,293,-15" hai1="17,22,26,52,58,60,66,67,80,81" hai2="56,61,78,82,86,88,90,97,103,106,124,125,127" /><INIT seed="5,3,1,4,1,62" ten="262,270,180,278" oya="1" hai0="1,63,79,80,39,109,21,83,88,134,101,84,69" hai1="52,114,49,96,50,23,59,86,74,8,97,5,92" hai2="106,72,15,133,113,76,57,118,6,48,17,32,98" hai3="38,123,90,37,44,36,85,78,46,95,2,67,100"/><U26/><E74/><V81/><F32/><W31/><G123/><T126/><D109/><U0/><E114/><V56/><F118/><W25/><G2/><T120/><D39/><U42/><E42/><V30/><F113/><W53/><G78/><T66/><D1/><U127/><E127/><V132/><F30/><W77/><G77/><T102/><D134/><N who="2" m="51818" /><F6/><W29/><G100/><T7/><D7/><U34/><E34/><V35/><F35/><W87/><G53/><T65/><D126/><U104/><E104/><V43/><F43/><W68/><G85/><T61/><D21/><U107/><E107/><V128/><F48/><W27/><G29/><T14/><D14/><U19/><E50/><V9/><F128/><W70/><G68/><T131/><D120/><U75/><E75/><V60/><F60/><W94/><G94/><T105/><D105/><U41/><E41/><V18/><F18/><W82/><G95/><T71/><D131/><U16/><REACH who="1" step="1"/><E19/><REACH who="1" ten="262,260,180,278" step="2"/><V110/><F110/><W93/><G37/><T108/><D108/><U4/><E4/><V122/><F122/><W55/><G36/><T54/><D54/><U119/><E119/><V3/><F3/><W103/><G55/><T124/><D124/><U111/><E111/><V121/><F121/><W12/><G38/><T116/><D116/><U24/><E24/><V135/><F135/><W115/><G25/><T73/><AGARI ba="3,2" hai="61,63,65,66,69,71,73,79,80,83,84,88,101,102" machi="73" ten="20,12000,2" yaku="0,1,7,1,9,1,52,2,54,1" doraHai="62" who="0" fromWho="0" sc="262,149,260,-63,180,-33,278,-33" /><INIT seed="6,0,0,4,3,31" ten="411,197,147,245" oya="2" hai0="10,2,108,70,18,3,83,121,64,17,106,96,94" hai1="91,51,99,32,9,110,134,115,35,80,78,53,12" hai2="22,95,43,56,119,120,73,104,11,6,39,16,111" hai3="88,129,107,72,52,100,128,84,125,54,46,25,81"/><V61/><F119/><W118/><G125/><T109/><D106/><U44/><E110/><V68/><F104/><W132/><G118/><T123/><D83/><U8/><E8/><V49/><F73/><W89/><G132/><T34/><D64/><U14/><E14/><V130/><F120/><W85/><G72/><T40/><D94/><U74/><E134/><V26/><F68/><W41/><G25/><T82/><D40/><U76/><E115/><V124/><F130/><N who="3" m="50283" /><G100/><T23/><D96/><U60/><E60/><V37/><F124/><W28/><G28/><T42/><D42/><U0/><E0/><V58/><F111/><W122/><G107/><T71/><D82/><U87/><E99/><V67/><F95/><N who="3" m="54663" /><G122/><T15/><D123/><U57/><E74/><V131/><F131/><W103/><G103/><T4/><D121/><U1/><E1/><V75/><F75/><W5/><G5/><T21/><D3/><U135/><E135/><V62/><F49/><AGARI ba="0,0" hai="41,46,49,52,54,81,85,89" m="54663,50283" machi="49" ten="30,3900,0" yaku="19,1,54,2" doraHai="31" who="3" fromWho="2" sc="411,0,197,0,147,-39,245,39" /><INIT seed="7,0,0,3,4,91" ten="411,197,108,284" oya="3" hai0="111,72,6,15,102,37,0,78,120,57,107,82,133" hai1="48,3,127,67,89,39,79,17,29,56,76,65,14" hai2="4,61,43,1,106,70,66,90,129,51,30,94,96" hai3="64,100,58,81,98,77,86,123,9,10,8,115,88"/><W45/><G115/><T93/><D111/><U124/><E3/><V12/><F129/><W27/><G123/><T42/><D133/><U97/><E39/><V74/><F74/><W49/><G27/><T109/><D107/><U38/><E38/><V130/><F130/><W122/><G122/><T59/><D15/><U7/><E7/><V11/><F106/><W110/><G110/><T41/><D41/><U16/><E29/><V105/><F105/><W131/><G131/><T53/><D93/><N who="1" m="56495" /><E17/><V83/><F30/><W118/><G118/><T50/><D59/><U95/><E95/><V22/><F83/><W114/><G114/><T47/><D102/><U2/><E2/><V119/><F119/><W68/><G68/><T112/><D109/><U101/><E101/><V31/><F31/><W18/><G100/><T40/><D40/><U21/><E48/><V44/><F22/><W34/><G34/><T80/><D80/><U87/><E87/><V73/><F73/><W85/><G98/><T52/><D112/><U103/><E103/><V33/><F33/><W121/><G121/><T32/><D120/><U104/><E104/><V28/><F28/><W20/><G20/><T46/><D32/><U99/><E99/><V135/><REACH who="2" step="1"/><F135/><REACH who="2" ten="411,197,98,284" step="2"/><W19/><G81/><T25/><D82/><U84/><E21/><V24/><F24/><W92/><G9/><T71/><D72/><U132/><E132/><V26/><F26/><W63/><G8/><T69/><D25/><U117/><E117/><V36/><F36/><W108/><G10/><T55/><D37/><U113/><E113/><RYUUKYOKU ba="0,1" sc="411,-10,197,-10,98,30,284,-10" hai2="1,4,11,12,43,44,51,61,66,70,90,94,96" owari="411,51.0,187,-21.0,128,-37.0,274,7.0" /></mjloggm>