<mjloggm ver="2.3"><GO type="41" lobby="0"/><UN n0="%E2%93%9D%53%75%70%68%78" n1="%E6%9C%9D%E9%9C%A7%E6%82%A0%E7%90%86" n2="%E5%8D%97%E3%81%AE%E5%9B%BD%E3%81%AE%E9%A2%A8%E8%8A%B1" n3="%E6%A8%AA%E5%9B%BD%E3%81%AE%E3%83%AA%E3%83%BC%E3%83%81%E8%B6%85%E4%BA%BA" dan="17,14,14,13" rate="2046.12,1965.08,1900.80,1922.98" sx="M,F,F,M"/><TAIKYOKU oya="0"/><INIT seed="0,0,0,1,3,95" ten="250,250,250,250" oya="0" hai0="121,60,56,65,43,74,94,106,75,71,3,14,117" hai1="128,17,80,58,39,110,19,86,78,5,102,113,99" hai2="68,35,135,119,50,81,18,108,6,33,16,107,23" hai3="31,73,36,64,21,4,51,126,72,87,10,66,100"/><T114/><D3/><U63/><E113/><V15/><F68/><W48/><G126/><T25/><D106/><U42/><E128/><V0/><F107/><W109/><G109/><T133/><D121/><U12/><E110/><V123/><F108/><W67/><G36/><T70/><D133/><U46/><E5/><V61/><F61/><W41/><G41/><T122/><D117/><U62/><E12/><N who="2" m="9607" /><F50/><W82/><G100/><T79/><D122/><U20/><E20/><N who="2" m="11359" /><F81/><W130/><G130/><T115/><D71/><U30/><E30/><V47/><F47/><W76/><G31/><T116/><D70/><U88/><E78/><V57/><F57/><W40/><G21/><T49/><D79/><U103/><E62/><V29/><F123/><W44/><REACH who="3" step="1"/><G51/><REACH who="3" ten="250,250,250,240" step="2"/><T90/><D49/><U32/><E102/><V111/><F111/><W91/><G91/><T59/><D90/><U92/><REACH who="1" step="1"/><E32/><REACH who="1" ten="250,240,250,240" step="2"/><V34/><F119/><W97/><G97/><T27/><D116/><U26/><E26/><N who="2" m="18615" /><F135/><W101/><G101/><T120/><D120/><U1/><E1/><AGARI ba="0,2" hai="1,4,10,40,44,48,64,66,67,72,73,76,82,87" machi="1" ten="40,1300,0" yaku="1,1,53,0" doraHai="95" doraHaiUra="127" who="3" fromWho="1" sc="250,0,240,-13,250,0,240,33" /><INIT seed="1,0,0,0,2,2" ten="250,227,250,273" oya="1" hai0="89,122,68,105,69,12,60,46,109,85,7,120,27" hai1="16,56,78,25,74,18,1,15,118,11,97,116,35" hai2="51,126,3,32,63,14,54,21,101,38,30,135,13" hai3="59,102,131,95,93,134,110,104,6,123,100,19,67"/><U132/><E97/><V29/><F38/><W37/><G37/><T31/><D105/><U65/><E132/><V96/><F3/><W92/><G19/><T45/><D109/><U42/><E42/><V129/><F129/><W115/><G6/><T87/><D60/><U55/><E65/><V130/><F130/><W44/><G44/><T121/><D87/><U57/><E1/><V10/><F126/><W112/><G67/><T124/><D124/><U70/><E70/><V48/><F32/><W53/><G53/><T80/><D69/><U76/><E35/><V23/><F63/><W113/><G59/><T114/><D114/><U36/><E36/><V98/><F54/><W58/><G58/><T0/><D12/><U88/><E74/><V52/><F52/><W103/><G131/><T47/><D68/><U49/><E56/><V77/><F77/><N who="1" m="29801" /><E116/><V50/><F10/><W84/><G123/><T79/><D79/><U22/><E118/><V5/><F51/><W119/><G119/><T128/><D128/><U91/><AGARI ba="0,0" hai="11,15,16,18,22,25,49,55,57,88,91" m="29801" machi="91" ten="30,6000,0" yaku="8,1,54,2" doraHai="2" who="1" fromWho="1" sc="250,-20,227,60,250,-20,273,-20" /><INIT seed="1,1,0,2,5,76" ten="230,287,230,253" oya="1" hai0="96,5,109,59,128,39,45,24,81,57,95,51,61" hai1="49,4,68,19,31,92,111,84,86,27,12,40,25" hai2="60,126,47,72,77,110,74,88,14,64,116,8,18" hai3="53,135,120,105,89,42,130,35,34,124,114,134,119"/><U132/><E68/><V107/><F116/><W75/><G89/><T2/><D109/><U22/><E111/><V7/><F107/><W106/><G53/><T91/><D128/><U50/><E132/><V125/><F110/><W102/><G42/><T0/><D39/><U113/><E113/><V38/><F47/><W87/><G87/><N who="1" m="33322" /><E40/><V73/><F38/><W37/><G102/><T23/><D5/><U63/><E63/><V80/><F7/><W13/><G13/><T20/><D2/><U15/><E92/><V17/><F17/><W100/><G100/><T1/><D1/><U127/><E127/><N who="2" m="48651" /><F88/><W94/><G94/><T97/><D0/><U103/><E103/><V48/><F48/><N who="1" m="18537" /><E31/><V58/><AGARI ba="1,0" hai="8,14,18,58,60,64,72,73,74,77,80" m="48651" machi="58" ten="30,2000,0" yaku="18,1,52,1" doraHai="76" who="2" fromWho="2" sc="230,-6,287,-11,230,23,253,-6" /><INIT seed="2,0,0,5,4,34" ten="224,276,253,247" oya="2" hai0="60,53,100,112,131,1,40,64,29,21,22,109,76" hai1="126,122,104,8,81,65,11,68,14,25,0,27,118" hai2="83,9,115,87,51,16,82,61,13,95,39,133,99" hai3="132,94,97,108,129,15,75,127,66,5,26,96,20"/><V113/><F39/><W33/><G108/><T28/><D112/><U91/><E118/><V2/><F133/><W92/><G132/><T119/><D76/><U98/><E126/><V120/><F120/><W41/><G127/><T84/><D40/><U74/><E122/><V43/><F83/><W70/><G75/><T44/><D131/><U62/><E74/><V24/><F61/><W101/><G129/><T59/><D1/><U23/><E81/><V114/><F24/><W55/><G41/><T106/><D106/><U102/><E91/><V103/><F2/><W18/><G33/><T125/><D100/><U105/><E105/><V77/><REACH who="2" step="1"/><F113/><REACH who="2" ten="224,276,243,247" step="2"/><W10/><G70/><T19/><D125/><U42/><E25/><V37/><F37/><W80/><G26/><T3/><D3/><U88/><E0/><V107/><F107/><W57/><G15/><T93/><D60/><U50/><E14/><V4/><F4/><W67/><G5/><T54/><D119/><U38/><E38/><V124/><F124/><W79/><G80/><T49/><D109/><U90/><E62/><V56/><F56/><W52/><G57/><T110/><D110/><U85/><E27/><V30/><F30/><W121/><G121/><T35/><D29/><U73/><E68/><V46/><AGARI ba="0,1" hai="9,13,16,43,46,51,77,82,87,95,99,103,114,115" machi="46" ten="30,6000,0" yaku="1,1,0,1,54,1,53,0" doraHai="34" doraHaiUra="71" who="2" fromWho="2" sc="224,-20,276,-20,243,70,247,-20" /><INIT seed="2,1,0,4,2,53" ten="204,256,313,227" oya="2" hai0="51,131,27,5,29,36,83,130,58,41,48,74,56" hai1="61,118,14,0,65,10,20,99,86,76,102,25,12" hai2="4,2,30,93,110,24,60,22,94,82,55,77,127" hai3="70,71,38,96,126,31,90,69,107,23,9,106,120"/><V84/><F127/><W35/><G120/><T125/><D5/><U87/><E118/><V43/><F110/><W7/><G23/><T121/><D121/><U112/><E112/><V68/><F43/><W97/><G126/><T113/><D125/><U19/><E0/><V13/><F2/><W89/><G89/><T44/><D113/><U92/><E76/><V124/><F124/><W100/><G90/><T15/><D15/><U64/><E12/><V129/><F129/><N who="0" m="49162" /><D51/><U115/><E115/><V59/><REACH who="2" step="1"/><F68/><REACH who="2" ten="204,256,303,227" step="2"/><W3/><G71/><T49/><D36/><U18/><REACH who="1" step="1"/><E64/><REACH who="1" ten="204,246,303,227" step="2"/><V67/><F67/><W46/><G70/><AGARI ba="1,2" hai="10,14,18,19,20,25,61,65,70,86,87,92,99,102" machi="70" ten="30,3900,0" yaku="1,1,2,1,7,1,53,0" doraHai="53" doraHaiUra="101" who="1" fromWho="3" sc="204,0,246,62,303,0,227,-42" /><INIT seed="3,0,0,1,4,110" ten="204,308,303,185" oya="3" hai0="65,36,104,70,49,90,109,68,118,132,34,4,86" hai1="62,47,61,128,16,25,11,75,130,39,135,127,98" hai2="76,80,55,53,60,8,26,134,24,59,42,31,115" hai3="33,38,15,19,122,73,14,124,121,69,30,79,28"/><W87/><G69/><T64/><D34/><U111/><E111/><V93/><F134/><W97/><G38/><T66/><D104/><U63/><E75/><V108/><F108/><W56/><G73/><T18/><D4/><U129/><E135/><V2/><F115/><W126/><G97/><T23/><D36/><U12/><E127/><N who="3" m="48682" /><G56/><T9/><D118/><U72/><E72/><V58/><F42/><W102/><G102/><T116/><D116/><U99/><REACH who="1" step="1"/><E25/><REACH who="1" ten="204,298,303,185" step="2"/><V52/><F26/><N who="3" m="18583" /><G79/><T78/><D78/><U82/><E82/><V88/><F80/><W120/><G87/><T107/><D132/><U3/><E3/><V133/><F133/><W77/><G77/><T7/><D109/><U117/><E117/><V10/><F2/><W74/><G74/><T51/><D70/><U125/><E125/><V71/><F71/><W101/><G101/><T67/><D68/><U41/><AGARI ba="0,1" hai="11,12,16,39,41,47,61,62,63,98,99,128,129,130" machi="41" ten="40,8000,1" yaku="1,1,0,1,19,1,54,1,53,1" doraHai="110" doraHaiUra="43" who="1" fromWho="1" sc="204,-20,298,90,303,-20,185,-40" /><INIT seed="4,0,0,5,2,36" ten="184,388,283,145" oya="0" hai0="32,115,83,132,58,95,103,26,129,47,90,127,110" hai1="113,116,62,38,118,107,12,49,57,74,40,126,91" hai2="4,51,88,102,19,33,122,63,64,128,101,94,131" hai3="45,121,13,25,108,111,2,96,134,109,20,84,43"/><T35/><D115/><U44/><E113/><V135/><F122/><W71/><G134/><T80/><D132/><U18/><E74/><V8/><F33/><W67/><G121/><T24/><D103/><U60/><E107/><V23/><F51/><W112/><G112/><T68/><D68/><U50/><E126/><V79/><F79/><W5/><G2/><T28/><D129/><N who="2" m="49738" /><F135/><W53/><G53/><T77/><D110/><U48/><E91/><V27/><F8/><W72/><G72/><T100/><D100/><U17/><E17/><V52/><F4/><W97/><G84/><T99/><D127/><U124/><E124/><V55/><F102/><W14/><G67/><T56/><D47/><U89/><E89/><V30/><F30/><W65/><G71/><T21/><D35/><U86/><E86/><N who="2" m="52503" /><F101/><W82/><G65/><T39/><D39/><U29/><E29/><V16/><F19/><W31/><G82/><T106/><D106/><U41/><E41/><V117/><F117/><W61/><G61/><T78/><D83/><U93/><E93/><V0/><F0/><W46/><G5/><T130/><D130/><U10/><REACH who="1" step="1"/><E60/><REACH who="1" ten="184,378,283,145" step="2"/><V54/><F54/><AGARI ba="0,1" hai="10,12,18,38,40,44,48,49,50,54,57,62,116,118" machi="54" ten="40,5200,0" yaku="1,1,2,1,52,1,53,0" doraHai="36" doraHaiUra="22" who="1" fromWho="2" sc="184,0,378,62,283,-52,145,0" /><INIT seed="5,0,0,1,2,88" ten="184,440,231,145" oya="1" hai0="39,10,45,104,25,109,29,126,118,47,130,114,53" hai1="7,31,110,21,67,113,55,60,102,14,103,115,129" hai2="66,12,133,3,123,84,59,125,101,79,27,28,91" hai3="13,87,124,41,68,95,58,135,50,5,71,40,65"/><U81/><E55/><V128/><F123/><W6/><G124/><T78/><D104/><U48/><E48/><V131/><F3/><W80/><G135/><T9/><D109/><U106/><E110/><V107/><F79/><W90/><G68/><T98/><D114/><N who="1" m="43531" /><E129/><N who="2" m="49739" /><F12/><W36/><G71/><T75/><D118/><U85/><E81/><V46/><F46/><W15/><G36/><T100/><D126/><U62/><E21/><V19/><F19/><W70/><G70/><T99/><D47/><U57/><E85/><V52/><F66/><W127/><G127/><T134/><D45/><U93/><E60/><N who="2" m="35943" /><F133/><W121/><G121/><T0/><D134/><U42/><E14/><N who="3" m="5130" /><G50/><T69/><D130/><U8/><E67/><V77/><F77/><W86/><G65/><T35/><D78/><U38/><E31/><V20/><F125/><W64/><G64/><T120/><D120/><U24/><E106/><V32/><F107/><W43/><G58/><T33/><D69/><U92/><E57/><V74/><F74/><W72/><G72/><T111/><D75/><U112/><E112/><V44/><F44/><W56/><G56/><T51/><D111/><U83/><E83/><N who="2" m="49567" /><F101/><W11/><G11/><T4/><D10/><U97/><E8/><V116/><F116/><W26/><G80/><T122/><D122/><U94/><E102/><V2/><F2/><W96/><G87/><T16/><D100/><U1/><E103/><V61/><F61/><W22/><G86/><T18/><D9/><U73/><E73/><V23/><AGARI ba="0,0" hai="20,23,27,28,32" m="49567,35943,49739" machi="23" ten="30,2000,0" yaku="19,1,54,1" doraHai="88" who="2" fromWho="2" sc="184,-5,440,-10,231,20,145,-5" /><INIT seed="6,0,0,0,0,51" ten="179,430,251,140" oya="2" hai0="18,20,7,114,28,70,37,5,110,131,26,81,67" hai1="68,132,126,135,50,38,65,48,125,119,49,118,42" hai2="10,83,127,52,34,17,3,98,44,82,129,27,109" hai3="103,88,16,63,30,46,128,0,94,62,104,107,77"/><V6/><F129/><W130/><G0/><T64/><D110/><U96/><E68/><V89/><F127/><N who="1" m="48649" /><E65/><N who="0" m="25161" /><D37/><U97/><E38/><V75/><F109/><W58/><G77/><T73/><D73/><U45/><E42/><V11/><F75/><W99/><G107/><T43/><D114/><U100/><E45/><V74/><F74/><W84/><G46/><T92/><D70/><U86/><E86/><N who="2" m="50391" /><F83/><W53/><G62/><T108/><D131/><U39/><E96/><V12/><F98/><W78/><G78/><T95/><D108/><U60/><E60/><V66/><F66/><W69/><G69/><T31/><D81/><U15/><E39/><V116/><F27/><W123/><G123/><T72/><D43/><U22/><E118/><V79/><F79/><W105/><G105/><T41/><D41/><U121/><E119/><V87/><F87/><W33/><G33/><T91/><D72/><U71/><E121/><V80/><F80/><W36/><G36/><T102/><D95/><N who="1" m="58431" /><E71/><V101/><F34/><W117/><G117/><T76/><D76/><U40/><E40/><V55/><F116/><W133/><G133/><T32/><D32/><U111/><E111/><V85/><F85/><W47/><G47/><T8/><D102/><U56/><E56/><V35/><F35/><W19/><REACH who="3" step="1"/><G30/><REACH who="3" ten="179,430,251,130" step="2"/><T115/><D31/><U1/><E1/><V23/><F44/><W59/><G59/><T124/><D124/><U25/><E25/><N who="2" m="14575" /><F3/><W13/><G13/><N who="0" m="7463" /><D115/><U4/><E132/><V93/><F12/><W134/><G134/><T57/><D57/><U112/><E15/><RYUUKYOKU ba="0,1" sc="179,15,430,-15,251,-15,130,15" hai0="5,7,20,26,28,91,92" hai3="16,19,53,58,63,84,88,94,99,103,104,128,130" /><INIT seed="7,1,1,3,5,78" ten="194,415,236,145" oya="3" hai0="15,117,121,131,58,112,135,79,26,66,127,31,28" hai1="118,14,88,60,54,100,73,134,16,92,50,89,57" hai2="51,40,64,8,103,125,98,46,80,35,0,42,13" hai3="33,75,72,21,24,3,91,41,47,38,4,107,12"/><W123/><G123/><T9/><D117/><U82/><E118/><V67/><F0/><W70/><G107/><T19/><D121/><U45/><E134/><V128/><F35/><W130/><G70/><T81/><D135/><U2/><E2/><V17/><F125/><W76/><G130/><T20/><D131/><U39/><E39/><V10/><F128/><W34/><G91/><T120/><D120/><U62/><E73/><V119/><F119/><W129/><G129/><T110/><D110/><U126/><E126/><V43/><F80/><W124/><G124/><T93/><D112/><U113/><E113/><V101/><F8/><N who="3" m="2079" /><G12/><T132/><D93/><U5/><E5/><V96/><F96/><W6/><G6/><T37/><D37/><U63/><E82/><V122/><F122/><W25/><G75/><T84/><D127/><U94/><E100/><N who="2" m="38475" /><F98/><W114/><G114/><T69/><D69/><U102/><E57/><V71/><F71/><W18/><G24/><T48/><D132/><U53/><E53/><AGARI ba="1,1" hai="10,13,17,40,42,43,46,51,53,64,67" m="38475" machi="53" ten="30,1000,0" yaku="8,1" doraHai="78" who="2" fromWho="1" sc="194,0,415,-13,236,23,145,0" owari="194,-21.0,402,50.0,259,6.0,145,-35.0" /></mjloggm>