<mjloggm ver="2.3"><GO type="41" lobby="0"/><UN n0="%E6%B8%85%E6%B5%B7%E6%B9%96" n1="%75%72%75%7A%37" n2="%E2%93%9D%53%75%70%68%78" n3="%E7%AF%A0%E5%B4%8E%EF%BC%A0%E8%8D%92%E6%AD%A6%E8%80%85" dan="13,14,18,13" rate="1820.62,1958.92,2180.46,1845.88" sx="M,M,M,M"/><TAIKYOKU oya="0"/><INIT seed="0,0,0,4,2,135" ten="250,250,250,250" oya="0" hai0="122,41,75,109,126,25,81,2,40,111,46,106,23" hai1="12,99,72,14,59,15,102,20,95,61,110,112,80" hai2="19,101,21,45,123,30,87,96,50,63,120,49,103" hai3="108,134,55,62,98,76,34,116,133,64,74,84,94"/><T51/><D122/><U11/><E110/><N who="0" m="41993" /><D106/><U53/><E112/><V117/><F117/><W8/><G116/><T36/><D2/><U77/><REACH who="1" step="1"/><E20/><REACH who="1" ten="250,240,250,250" step="2"/><V125/><F21/><W83/><G108/><T4/><D4/><AGARI ba="0,1" hai="4,11,12,14,15,53,59,61,72,77,80,95,99,102" machi="4" ten="30,7700,0" yaku="1,1,2,1,7,1,53,1" doraHai="135" doraHaiUra="52" who="1" fromWho="0" sc="250,-77,240,87,250,0,250,0" /><INIT seed="1,0,0,5,1,130" ten="173,327,250,250" oya="1" hai0="67,80,55,87,32,101,58,108,109,110,29,112,8" hai1="121,69,38,92,42,54,31,73,105,48,123,26,86" hai2="116,71,102,44,111,11,20,2,7,15,90,66,33" hai3="40,22,132,28,89,21,43,106,97,13,62,117,107"/><U72/><E105/><V74/><F74/><W4/><G107/><T61/><D112/><U95/><E69/><V113/><F116/><W41/><G117/><T134/><D101/><U60/><E38/><V83/><F111/><W51/><G106/><T52/><D8/><U99/><E42/><V70/><F66/><W16/><G132/><T129/><D129/><U76/><E60/><V34/><F102/><W119/><G119/><T126/><D126/><U1/><E1/><V50/><F113/><W5/><G62/><T19/><D19/><U77/><E48/><V75/><F71/><W124/><G124/><T64/><D64/><U24/><E54/><N who="0" m="20521" /><D29/><U68/><E68/><V47/><F70/><W46/><G28/><T79/><D32/><U18/><E18/><V91/><F34/><W133/><G133/><AGARI ba="0,0" hai="58,61,67,79,80,87,108,109,110,133,134" m="20521" machi="133" ten="40,8000,1" yaku="14,1,52,2,54,1" doraHai="130" who="0" fromWho="3" sc="173,80,327,0,250,0,250,-80" /><INIT seed="2,0,0,1,0,85" ten="253,327,250,170" oya="2" hai0="115,22,109,73,47,61,80,36,118,87,77,111,59" hai1="56,33,10,21,44,104,57,53,65,31,102,89,95" hai2="79,49,2,126,78,76,135,24,13,60,98,117,54" hai3="121,55,69,30,125,120,14,75,90,11,86,63,3"/><V23/><F117/><W1/><G75/><T70/><D115/><U8/><E33/><V96/><F2/><W34/><G125/><T19/><D70/><U68/><E68/><V7/><F135/><W28/><G3/><T133/><D133/><U97/><E44/><V113/><F113/><W9/><G1/><T20/><D118/><U127/><E127/><V107/><F107/><W43/><G43/><T27/><D22/><U134/><E65/><V32/><F60/><W128/><G128/><T124/><D124/><U74/><E74/><V94/><F32/><W18/><G9/><T40/><REACH who="0" step="1"/><D73/><REACH who="0" ten="243,327,250,170" step="2"/><U58/><E134/><V67/><F126/><W91/><G34/><T15/><D15/><U129/><E129/><V99/><F13/><W105/><G121/><T29/><D29/><U16/><E31/><V81/><F23/><W48/><G120/><T72/><D72/><U88/><E10/><V108/><F24/><W106/><G30/><T25/><D25/><N who="1" m="14503" /><E8/><V82/><F108/><W50/><G28/><T4/><D4/><U112/><E112/><V92/><F7/><W132/><G69/><T131/><D131/><U101/><E104/><V62/><F79/><W46/><G106/><T119/><D119/><U42/><E42/><V26/><F78/><W130/><G105/><T37/><D37/><U103/><E89/><V110/><F76/><W71/><G71/><T114/><D114/><U45/><E45/><N who="2" m="27951" /><F110/><W83/><G130/><T123/><D123/><U122/><E122/><V66/><F26/><W12/><G132/><T5/><D5/><U52/><AGARI ba="0,1" hai="52,53,56,57,58,88,95,97,101,102,103" m="14503" machi="52" ten="40,12000,2" yaku="5,1,8,1,52,1,54,3" doraHai="85" who="1" fromWho="1" sc="243,-30,327,130,250,-60,170,-30" /><INIT seed="3,0,0,5,3,48" ten="213,457,190,140" oya="3" hai0="92,135,83,82,4,79,103,9,85,6,71,35,90" hai1="91,117,3,28,51,94,121,32,59,26,81,24,122" hai2="19,100,44,72,134,36,53,131,109,120,123,101,104" hai3="7,105,80,10,119,84,25,33,111,55,97,23,124"/><W52/><G119/><T61/><D135/><U22/><E3/><V8/><F72/><W68/><G33/><T95/><D35/><U133/><E133/><V66/><F109/><W132/><G68/><T69/><D61/><U50/><E81/><V27/><F66/><W87/><G132/><T5/><D9/><U13/><E13/><V75/><F131/><W49/><G111/><T38/><D38/><U114/><E114/><V14/><F75/><W60/><G105/><T106/><D106/><U129/><E51/><N who="2" m="28903" /><F104/><W30/><G124/><T56/><D56/><U31/><E129/><V2/><F36/><W116/><G97/><T65/><D65/><U102/><E102/><V37/><F2/><W118/><G118/><T113/><D113/><U110/><E110/><V20/><F37/><W54/><G60/><T40/><D40/><U86/><E117/><V128/><F128/><W126/><G126/><T11/><D11/><U70/><E70/><V108/><F108/><W64/><G64/><T21/><D21/><U16/><E31/><N who="2" m="17895" /><F134/><W0/><G116/><T39/><D39/><U42/><E42/><V17/><F17/><W74/><REACH who="3" step="1"/><G49/><REACH who="3" ten="213,457,190,130" step="2"/><T47/><D71/><U73/><E122/><AGARI ba="0,1" hai="8,14,19,100,101,120,122,123" m="17895,28903" machi="122" ten="30,2000,0" yaku="13,1,52,1" doraHai="48" who="2" fromWho="1" sc="213,0,457,-20,190,30,130,0" /><INIT seed="4,0,0,2,0,91" ten="213,437,220,130" oya="0" hai0="134,101,84,73,30,83,129,13,99,74,118,120,130" hai1="23,76,21,127,1,92,19,80,71,34,128,98,77" hai2="114,40,12,113,51,36,15,82,14,116,79,55,132" hai3="97,42,35,65,49,43,25,119,96,53,85,90,22"/><T93/><D30/><U105/><E34/><V62/><F132/><W109/><G35/><T72/><D13/><U94/><E71/><V122/><F122/><W16/><G119/><T112/><D112/><N who="2" m="43114" /><F36/><W60/><G109/><T44/><D44/><U102/><E1/><V54/><F62/><W88/><G90/><N who="0" m="51487" /><D118/><U64/><E64/><V52/><F116/><W4/><G4/><T70/><D70/><U81/><E19/><V29/><F29/><W57/><G43/><T117/><D117/><U50/><E50/><V121/><F121/><W123/><G42/><T37/><D37/><U111/><E111/><V86/><F40/><W69/><G123/><T48/><D48/><AGARI ba="0,0" hai="12,14,15,48,51,52,54,55,79,82,86" m="43114" machi="48" ten="40,2600,0" yaku="15,1,54,1" doraHai="91" who="2" fromWho="0" sc="213,-26,437,0,220,26,130,0" /><INIT seed="5,0,0,4,4,47" ten="187,437,246,130" oya="1" hai0="87,132,37,84,46,3,52,124,55,125,120,109,16" hai1="19,127,35,25,114,131,24,119,106,54,100,66,86" hai2="22,72,63,45,89,80,28,26,130,88,93,134,5" hai3="11,8,21,78,12,129,58,70,57,14,23,116,96"/><U104/><E119/><V20/><F130/><W92/><G70/><T62/><D132/><U68/><E114/><V115/><F134/><W7/><G116/><T39/><D109/><U13/><E127/><N who="0" m="48713" /><D3/><U33/><E86/><N who="0" m="32809" /><D120/><U102/><E54/><N who="0" m="20521" /><D62/><U41/><E131/><V30/><F63/><W29/><G129/><T118/><D118/><U49/><E68/><V40/><F115/><W59/><G78/><T50/><D16/><U128/><E19/><V101/><F5/><N who="3" m="3087" /><G29/><T122/><D122/><U27/><E27/><V105/><F30/><W82/><G82/><T108/><D108/><U32/><E32/><V112/><F80/><W91/><AGARI ba="0,0" hai="7,11,14,21,23,57,58,59,91,92,96" m="3087" machi="91" ten="30,1100,0" yaku="8,1" doraHai="47" who="3" fromWho="3" sc="187,-3,437,-5,246,-3,130,11" /><INIT seed="6,0,0,1,3,66" ten="184,432,243,141" oya="2" hai0="31,46,97,33,7,103,68,108,100,95,27,51,30" hai1="85,42,11,9,130,133,1,35,44,34,37,123,41" hai2="8,111,38,75,54,65,0,78,74,61,129,26,24" hai3="48,57,14,105,6,17,58,73,39,4,50,118,52"/><V49/><F38/><W83/><G39/><T67/><D108/><U134/><E130/><V53/><F129/><W89/><G105/><T106/><D7/><U110/><E110/><V132/><F132/><N who="1" m="50793" /><E41/><V43/><F78/><W21/><G118/><T113/><D113/><U117/><E117/><V16/><F0/><W40/><G73/><T28/><D100/><U55/><E123/><V125/><F125/><W96/><G40/><T79/><D79/><U80/><E55/><V124/><F54/><W64/><G64/><T107/><D107/><U20/><E20/><V90/><F124/><W121/><G121/><T92/><D95/><U112/><E112/><V62/><F43/><W56/><G96/><T69/><D92/><U18/><E18/><V115/><F16/><W5/><REACH who="3" step="1"/><G50/><REACH who="3" ten="184,432,243,131" step="2"/><T81/><D81/><U60/><E42/><V3/><F49/><W126/><G126/><T15/><D51/><U87/><E37/><V22/><F111/><W98/><G98/><T71/><D46/><U19/><E44/><V29/><F115/><W91/><G91/><T59/><REACH who="0" step="1"/><D15/><REACH who="0" ten="174,432,243,131" step="2"/><U93/><E80/><V101/><F3/><W13/><G13/><T2/><D2/><U82/><E82/><V12/><F12/><W99/><G99/><T102/><D102/><U10/><E1/><V88/><F101/><W127/><G127/><T70/><N who="0" m="17408" /><DORA hai="104" /><T120/><D120/><U122/><E122/><V32/><F90/><W128/><G128/><T114/><D114/><U23/><E93/><V47/><F88/><W119/><G119/><T109/><D109/><U25/><E87/><AGARI ba="0,2" hai="4,5,6,14,17,21,48,52,56,57,58,83,87,89" machi="87" ten="40,8000,1" yaku="1,1,6,1,8,1,54,1,53,1" doraHai="66,104" doraHaiUra="76,72" who="3" fromWho="1" sc="174,0,432,-80,243,0,131,100" /><INIT seed="7,0,0,5,3,134" ten="174,352,243,231" oya="3" hai0="123,113,84,127,96,54,95,12,21,9,94,109,75" hai1="104,39,60,101,86,3,37,40,72,91,18,132,29" hai2="121,117,19,56,108,17,122,92,120,44,111,69,52" hai3="97,32,125,53,45,119,50,70,38,62,85,1,88"/><W116/><G1/><T28/><D123/><U46/><E72/><V74/><F74/><W33/><G38/><T30/><D109/><N who="2" m="42058" /><F69/><W81/><G97/><T10/><D75/><U58/><E3/><V110/><F117/><W118/><REACH who="3" step="1"/><G125/><REACH who="3" ten="174,352,243,221" step="2"/><T130/><D130/><U47/><E39/><V103/><F110/><W36/><G36/><T112/><D54/><U135/><E37/><V66/><F122/><W51/><G51/><T48/><D48/><U14/><E135/><V82/><F121/><W129/><G129/><T105/><D105/><U126/><E104/><V68/><F52/><W107/><G107/><T67/><D67/><AGARI ba="0,1" hai="32,33,45,50,53,62,67,70,81,85,88,116,118,119" machi="67" ten="40,3900,0" yaku="1,1,54,1,53,0" doraHai="134" doraHaiUra="22" who="3" fromWho="0" sc="174,-39,352,0,243,0,221,49" /><INIT seed="7,1,0,1,1,16" ten="135,352,243,270" oya="3" hai0="12,79,48,29,47,80,122,19,45,60,113,117,41" hai1="107,32,99,35,57,55,14,84,31,13,98,52,54" hai2="33,110,97,121,86,73,132,49,59,105,22,69,94" hai3="39,11,78,46,74,123,7,106,44,75,62,6,127"/><W126/><G123/><T120/><D117/><U15/><E84/><V0/><F33/><W104/><G62/><T50/><D113/><U108/><E108/><V111/><F0/><W40/><G78/><T18/><D29/><U43/><E43/><V4/><F4/><W21/><G21/><T83/><D60/><U118/><E118/><V34/><F34/><W82/><G82/><T36/><D12/><U89/><E107/><V96/><F132/><W100/><G100/><T101/><D41/><U70/><E70/><V88/><F69/><W67/><G67/><T10/><D101/><U87/><E32/><V90/><F73/><W116/><G116/><T53/><D79/><U58/><E31/><V109/><F121/><W72/><G7/><T102/><D102/><U26/><E26/><V103/><F22/><W5/><G46/><T112/><D112/><U61/><E35/><V2/><F2/><N who="3" m="439" /><G6/><T114/><D114/><U134/><E134/><V93/><F59/><N who="1" m="22537" /><E61/><V66/><F66/><W92/><G92/><AGARI ba="1,0" hai="13,14,15,52,54,55,87,89,92,98,99" m="22537" machi="92" ten="30,2000,0" yaku="8,1,54,1" doraHai="16" who="1" fromWho="3" sc="135,0,352,23,243,0,270,-23" owari="135,-36.0,375,47.0,243,-16.0,247,5.0" /></mjloggm>