<mjloggm ver="2.3"><GO type="41" lobby="0"/><UN n0="%E2%93%9D%53%75%70%68%78" n1="%73%61%6E%72%61%6E" n2="%E9%87%9C%E7%88%BA" n3="%6E%2D%6D%69%7A%75" dan="17,13,14,16" rate="2091.51,1865.85,1949.67,2040.92" sx="M,M,M,M"/><TAIKYOKU oya="0"/><INIT seed="0,0,0,2,3,59" ten="250,250,250,250" oya="0" hai0="47,58,72,74,69,125,36,34,21,5,73,124,127" hai1="99,102,71,31,97,101,1,107,37,110,118,94,103" hai2="52,43,12,15,6,11,8,95,66,30,130,85,111" hai3="77,23,109,65,22,106,61,40,2,27,115,86,114"/><T38/><D69/><U100/><E71/><V25/><F111/><W53/><G2/><T20/><D34/><U28/><E1/><V0/><F130/><W19/><G106/><T108/><D5/><U128/><E37/><N who="0" m="14441" /><D47/><U18/><E118/><V92/><F43/><W76/><G109/><T96/><D108/><U117/><E117/><V10/><F66/><W105/><G40/><T49/><D96/><U112/><E112/><V32/><F92/><W78/><G105/><T68/><D68/><U35/><E35/><V13/><F95/><W90/><G53/><AGARI ba="0,0" hai="20,21,49,53,58,72,73,74,124,125,127" m="14441" machi="53" ten="50,2400,0" yaku="18,1" doraHai="59" who="0" fromWho="3" sc="250,24,250,0,250,0,250,-24" /><INIT seed="0,1,0,5,3,72" ten="274,250,250,226" oya="0" hai0="67,100,83,33,116,10,127,134,102,106,126,99,71" hai1="103,91,18,87,38,112,17,96,68,109,56,55,53" hai2="45,114,16,31,78,79,48,93,122,66,75,21,41" hai3="2,44,52,28,70,23,110,54,37,133,97,65,36"/><T49/><D116/><U46/><E109/><V98/><F114/><W76/><G2/><T86/><D33/><U63/><E112/><V15/><F75/><W88/><G110/><T26/><D100/><U130/><E68/><V47/><F122/><W132/><G70/><T118/><D118/><U25/><E130/><V104/><F104/><W34/><G65/><T108/><D108/><U123/><E123/><V35/><F66/><W135/><G34/><T115/><D115/><U20/><E38/><N who="3" m="14954" /><G44/><T42/><D26/><U13/><E46/><N who="2" m="25679" /><F35/><W121/><G121/><T9/><D49/><U117/><E117/><V59/><F31/><W62/><G62/><N who="0" m="40439" /><D42/><U43/><E43/><V107/><F107/><W61/><G61/><T101/><D101/><U131/><E55/><N who="3" m="21034" /><G76/><N who="2" m="29225" /><F59/><W89/><G97/><T58/><D58/><U81/><E131/><V128/><F128/><W30/><G30/><T124/><D134/><N who="3" m="34305" /><W82/><DORA hai="90" /><G82/><T51/><D51/><U24/><REACH who="1" step="1"/><E18/><REACH who="1" ten="274,240,250,226" step="2"/><V120/><F120/><W95/><G95/><AGARI ba="1,1" hai="13,17,20,24,25,53,56,63,81,87,91,95,96,103" machi="95" ten="30,8000,1" yaku="1,1,2,1,7,1,8,1,52,1,53,0" doraHai="72,90" doraHaiUra="60,113" who="1" fromWho="3" sc="274,0,240,93,250,0,226,-83" /><INIT seed="1,0,0,0,0,21" ten="274,333,250,143" oya="1" hai0="89,37,59,17,117,97,49,16,122,48,30,23,52" hai1="7,87,116,24,78,58,88,95,54,6,67,15,55" hai2="131,5,9,110,60,25,113,1,107,85,68,90,83" hai3="94,57,4,133,74,121,91,32,71,56,124,92,8"/><U80/><E116/><V76/><F131/><W111/><G121/><T105/><D37/><U27/><E67/><V118/><F118/><W114/><G71/><T72/><D72/><U82/><E55/><V26/><F110/><W132/><G74/><T29/><D122/><U109/><E82/><V2/><F107/><W66/><G111/><T64/><D117/><U35/><E35/><V100/><F100/><W39/><G39/><T12/><D64/><U33/><E33/><V129/><F129/><W50/><G114/><T45/><D17/><U36/><E36/><V81/><F1/><W20/><G32/><T98/><D105/><U69/><E69/><V34/><F34/><W19/><G124/><T134/><D134/><N who="3" m="51817" /><G66/><T120/><D120/><U93/><E93/><N who="3" m="35946" /><G91/><T77/><D77/><U31/><E31/><N who="0" m="11785" /><D89/><U10/><E7/><V96/><F96/><W28/><G50/><T135/><D135/><U102/><E102/><V106/><F106/><W79/><G79/><T130/><D130/><U103/><E103/><V61/><F113/><W123/><G28/><T43/><AGARI ba="0,0" hai="12,16,23,43,45,48,49,52,59,97,98" m="11785" machi="43" ten="30,4000,0" yaku="8,1,54,2" doraHai="21" who="0" fromWho="0" sc="274,40,333,-20,250,-10,143,-10" /><INIT seed="2,0,0,1,1,13" ten="314,313,240,133" oya="2" hai0="84,130,60,9,35,104,101,44,96,86,52,133,45" hai1="25,2,77,98,63,18,102,95,68,135,105,14,119" hai2="120,10,57,115,20,111,4,70,38,99,33,64,73" hai3="5,83,91,66,47,53,71,131,129,132,12,110,82"/><V89/><F115/><W48/><G110/><T58/><D130/><N who="3" m="49673" /><G91/><T24/><D133/><U62/><E135/><V125/><F120/><W78/><G132/><T54/><D9/><U56/><E119/><V127/><F33/><W128/><N who="3" m="49681" /><W117/><DORA hai="16" /><G117/><T17/><D35/><U76/><E2/><V114/><F114/><W34/><G34/><T100/><D100/><U85/><E68/><V32/><F32/><W92/><G92/><T79/><D54/><U27/><E105/><V6/><F38/><W109/><G109/><T107/><D104/><U0/><E0/><V61/><F73/><W30/><G30/><T103/><D103/><U36/><E36/><V3/><F111/><W134/><G78/><T75/><D75/><U46/><E46/><V97/><F6/><W90/><G90/><T41/><D79/><N who="1" m="30283" /><E85/><V87/><F20/><W39/><G39/><T43/><D44/><U123/><E63/><V11/><F11/><N who="3" m="4207" /><G134/><T7/><D7/><U29/><E29/><V37/><F70/><W59/><G71/><T55/><D84/><U88/><E102/><V118/><F37/><W126/><G126/><N who="2" m="48137" /><F118/><W49/><G66/><T28/><D28/><U113/><E123/><V1/><F3/><W50/><G47/><T80/><D45/><U106/><E106/><V40/><F40/><W19/><G19/><T22/><D41/><U121/><E121/><V116/><F116/><W15/><G15/><T122/><D43/><U93/><E113/><V67/><F67/><W65/><G65/><N who="0" m="39063" /><D122/><U42/><E42/><V112/><F112/><W74/><G74/><RYUUKYOKU ba="0,0" sc="314,10,313,-30,240,10,133,10" hai0="17,22,24,52,55,80,86,96,101,107" hai2="1,4,10,57,61,64,87,89,97,99" hai3="48,49,50,53,59,82,83" /><INIT seed="2,1,0,1,0,28" ten="324,283,250,143" oya="2" hai0="87,5,131,1,24,98,45,133,71,102,132,61,3" hai1="103,33,4,59,0,51,105,12,15,69,120,108,29" hai2="67,77,48,56,93,110,55,74,89,72,68,57,104" hai3="62,81,84,134,106,42,122,118,30,116,126,60,6"/><V52/><F104/><W38/><G122/><T64/><D131/><U40/><E108/><V11/><F68/><W9/><G106/><N who="0" m="63831" /><D87/><U19/><E69/><V88/><F67/><W49/><G126/><T20/><D45/><U78/><E78/><V37/><F37/><W31/><G134/><N who="0" m="51819" /><D5/><U100/><E40/><V75/><F110/><W127/><G127/><T129/><D129/><U16/><E105/><V27/><F27/><W92/><G38/><T23/><D23/><N who="1" m="11655" /><E120/><V82/><F11/><W54/><G42/><T26/><D26/><N who="1" m="18615" /><E59/><V114/><F114/><W8/><G92/><T18/><AGARI ba="1,0" hai="1,3,18,20,24,61,64,71" m="51819,63831" machi="18" ten="30,1100,0" yaku="20,1" doraHai="28" who="0" fromWho="0" sc="324,14,283,-4,250,-6,143,-4" /><INIT seed="3,0,0,0,0,42" ten="338,279,244,139" oya="3" hai0="43,23,11,117,98,63,40,92,8,73,135,3,15" hai1="38,106,104,116,57,48,25,133,0,12,130,1,87" hai2="24,64,93,110,82,96,85,68,78,76,67,127,66" hai3="107,114,94,119,65,129,10,14,84,31,121,124,4"/><W122/><G107/><T56/><D73/><U19/><E38/><V115/><F110/><W62/><G114/><T13/><D3/><U51/><E116/><V113/><F127/><W7/><G119/><T128/><D135/><U72/><E72/><V109/><F109/><W95/><G124/><T32/><D32/><U36/><E36/><V77/><F68/><W20/><G129/><T112/><D23/><U34/><E130/><V105/><F105/><W37/><G7/><N who="0" m="3583" /><D112/><U74/><E74/><V123/><F123/><W111/><G111/><T18/><D117/><U26/><E1/><V89/><REACH who="2" step="1"/><F24/><REACH who="2" ten="338,279,234,139" step="2"/><N who="3" m="16775" /><G122/><T21/><D128/><U9/><E26/><V118/><F118/><W30/><G121/><T69/><D69/><U45/><E25/><V131/><F131/><W101/><G30/><T2/><D2/><U53/><E0/><V88/><AGARI ba="0,1" hai="64,66,67,76,77,78,82,85,88,89,93,96,113,115" machi="88" ten="30,4000,0" yaku="1,1,0,1,54,1,53,0" doraHai="42" doraHaiUra="99" who="2" fromWho="2" sc="338,-10,279,-10,234,50,139,-20" /><INIT seed="4,0,0,1,4,22" ten="328,269,284,119" oya="0" hai0="84,86,76,52,43,114,68,115,82,59,83,54,37" hai1="79,49,15,31,95,132,61,20,74,130,10,120,14" hai2="99,21,102,35,113,62,97,121,117,67,124,50,34" hai3="11,93,129,88,40,100,5,17,64,72,134,131,30"/><T123/><D68/><U57/><E132/><V2/><F2/><W65/><G72/><T38/><D43/><U42/><E130/><N who="3" m="49674" /><G100/><T9/><D9/><U98/><E120/><V126/><F121/><W116/><G116/><T18/><D18/><U90/><E74/><V78/><F78/><W28/><G17/><T8/><D8/><U111/><E111/><V69/><F117/><W71/><G40/><T96/><D96/><U58/><E79/><V70/><F50/><W89/><G89/><T7/><D59/><U33/><E33/><V80/><F80/><W81/><G81/><T107/><D76/><U56/><E61/><V60/><F21/><W110/><G110/><T91/><D123/><U36/><E36/><V75/><F75/><W112/><G134/><T85/><D85/><U118/><E118/><V29/><F29/><N who="3" m="11371" /><G112/><T51/><D91/><U32/><E32/><V63/><F113/><W103/><G103/><T24/><D114/><U101/><E101/><V27/><F60/><W23/><G23/><T47/><D115/><U53/><E42/><V25/><F102/><W55/><G55/><T125/><D54/><U77/><E77/><V106/><F106/><W133/><G71/><T48/><D107/><U108/><E108/><V4/><F4/><W16/><G133/><T12/><D7/><U127/><E31/><V13/><F13/><N who="3" m="7231" /><G5/><T119/><D119/><U135/><E135/><V39/><F67/><W46/><G46/><T45/><D47/><U19/><E90/><V104/><F104/><W6/><G6/><T44/><D45/><U94/><E98/><AGARI ba="0,0" hai="64,65,88,93,98" m="7231,11371,49674" machi="98" ten="30,7700,0" yaku="6,1,19,1,54,2" doraHai="22" who="3" fromWho="1" sc="328,0,269,-77,284,0,119,77" /><INIT seed="5,0,0,4,3,30" ten="328,192,284,196" oya="1" hai0="96,32,103,73,7,129,99,39,126,10,24,50,58" hai1="119,8,2,122,44,25,115,81,76,53,134,132,111" hai2="87,95,121,43,130,127,48,26,63,19,9,75,5" hai3="21,52,85,84,15,18,60,89,80,51,56,100,23"/><U66/><E122/><V38/><F121/><W91/><G100/><T70/><D39/><U94/><E119/><V102/><F75/><W37/><G37/><T11/><D70/><U88/><E115/><V109/><F48/><W59/><G23/><T90/><D73/><U55/><E66/><V36/><F43/><W27/><G27/><T114/><D126/><U118/><E118/><V77/><F127/><W123/><G123/><T31/><D129/><U108/><E25/><V14/><F130/><W34/><G34/><T93/><D114/><U57/><E44/><V33/><F63/><W97/><G97/><T54/><REACH who="0" step="1"/><D7/><REACH who="0" ten="318,192,284,196" step="2"/><N who="1" m="1143" /><E81/><V124/><F5/><W47/><REACH who="3" step="1"/><G60/><REACH who="3" ten="318,192,284,186" step="2"/><T12/><D12/><U86/><E76/><V112/><F77/><W16/><G16/><T117/><D117/><U64/><E64/><V71/><F19/><W0/><G0/><T13/><D13/><U78/><E78/><V28/><F14/><W62/><G62/><T82/><D82/><AGARI ba="0,2" hai="15,18,21,47,51,52,56,59,80,82,84,85,89,91" machi="82" ten="30,8000,1" yaku="1,1,7,1,9,1,8,1,54,1,53,0" doraHai="30" doraHaiUra="67" who="3" fromWho="0" sc="318,-80,192,0,284,0,186,100" /><INIT seed="6,0,0,1,2,32" ten="238,192,284,286" oya="2" hai0="48,60,77,70,58,22,95,106,88,28,25,125,27" hai1="97,42,6,64,75,31,74,34,57,38,104,82,134" hai2="103,52,122,91,109,96,41,2,99,108,17,80,94" hai3="92,111,40,72,47,98,13,101,133,90,129,51,79"/><V116/><F116/><W24/><G111/><N who="2" m="42569" /><F122/><W23/><G129/><T56/><D106/><U62/><E134/><V54/><F41/><W68/><G68/><T86/><D125/><U19/><E6/><V5/><F17/><W73/><G79/><T8/><D70/><U0/><E19/><V128/><F128/><W100/><G133/><T12/><D25/><N who="1" m="18799" /><E57/><V105/><F80/><W26/><G73/><N who="1" m="27658" /><E82/><V66/><F66/><W37/><G72/><T78/><D48/><U59/><E59/><N who="0" m="22569" /><D60/><U3/><E62/><V123/><F123/><W49/><G37/><T89/><D89/><U127/><E64/><V4/><F4/><AGARI ba="0,0" hai="4,8,12,22,27,28,77,78,86,88,95" m="22569" machi="4" ten="30,2000,0" yaku="8,1,54,1" doraHai="32" who="0" fromWho="2" sc="238,20,192,0,284,-20,286,0" /><INIT seed="7,0,0,2,5,24" ten="258,192,264,286" oya="3" hai0="120,91,34,97,9,129,28,76,112,60,106,111,113" hai1="83,22,20,90,122,80,56,38,105,103,92,115,132" hai2="63,133,35,62,11,128,26,95,72,100,73,31,18" hai3="33,30,16,84,49,78,82,5,8,79,96,134,40"/><W52/><G134/><T77/><D111/><U124/><E122/><V126/><F128/><W45/><G33/><T68/><D120/><U93/><E38/><V102/><F126/><W118/><G30/><T70/><D9/><U50/><E115/><N who="0" m="44105" /><D129/><U51/><E132/><V12/><F133/><W47/><G118/><T65/><D68/><U85/><E124/><V14/><F100/><W108/><G108/><T15/><D15/><U66/><E105/><V88/><F102/><W89/><G96/><T53/><D53/><U98/><E66/><V0/><F0/><W25/><G25/><N who="0" m="18703" /><D91/><U107/><E107/><V2/><F2/><W81/><G16/><T7/><D7/><U71/><E71/><V131/><F131/><W116/><G116/><T119/><D119/><U135/><E135/><V17/><F63/><W99/><G99/><T1/><D1/><U74/><E74/><V21/><F62/><W39/><G82/><T3/><D3/><AGARI ba="0,0" hai="3,5,8,39,40,45,47,49,52,78,79,81,84,89" machi="3" ten="30,2900,0" yaku="7,1,54,1" doraHai="24" who="3" fromWho="0" sc="258,-29,192,0,264,0,286,29" owari="229,-17.0,192,-31.0,264,6.0,315,42.0" /></mjloggm>