<mjloggm ver="2.3"><GO type="41" lobby="0"/><UN n0="%E3%82%82%E3%81%90%E3%81%93%E3%82%8D" n1="%E2%93%9D%53%75%70%68%78" n2="%44%41%52%4B%4D%41%4E" n3="%6B%61%62%6F" dan="14,18,13,15" rate="1981.85,2072.21,1835.91,1947.55" sx="M,M,M,M"/><TAIKYOKU oya="0"/><INIT seed="0,0,0,0,3,134" ten="250,250,250,250" oya="0" hai0="6,129,63,132,135,61,112,41,122,89,57,99,34" hai1="0,82,22,13,94,70,104,101,60,68,51,97,45" hai2="111,75,25,115,12,17,76,29,21,69,5,58,113" hai3="130,3,33,4,2,124,79,125,118,77,46,56,7"/><T31/><D122/><U55/><E0/><V80/><F69/><W18/><G118/><T39/><D112/><U16/><E104/><V81/><F111/><W103/><G103/><T109/><D129/><U10/><E60/><V102/><F102/><W49/><G56/><T52/><D6/><U23/><E70/><V107/><F107/><W85/><G33/><T114/><D114/><U119/><E68/><V62/><F81/><W83/><G130/><T73/><D73/><U14/><E119/><V30/><F30/><W38/><G38/><T19/><D19/><U133/><E133/><N who="0" m="51273" /><D31/><U88/><E14/><V50/><F50/><W93/><G93/><N who="0" m="56751" /><D34/><U71/><E71/><V128/><F5/><W43/><G18/><T126/><D126/><N who="3" m="48745" /><G79/><T78/><D78/><U121/><E121/><V72/><F72/><W8/><G7/><T95/><D95/><U96/><E96/><V91/><F91/><W74/><G74/><T47/><D109/><U53/><E53/><V28/><F28/><W98/><G98/><T105/><D105/><U36/><E36/><V32/><REACH who="2" step="1"/><F128/><REACH who="2" ten="250,250,240,250" step="2"/><W37/><G37/><T40/><D41/><U120/><E120/><V90/><F90/><W42/><G42/><T84/><D84/><AGARI ba="0,1" hai="10,13,16,22,23,45,51,55,82,84,88,94,97,101" machi="84" ten="40,8000,1" yaku="25,2,8,1,54,2" doraHai="134" who="1" fromWho="0" sc="250,-80,250,90,240,0,250,0" /><INIT seed="1,0,0,3,4,72" ten="170,340,240,250" oya="1" hai0="113,56,15,126,47,129,120,2,83,81,5,11,39" hai1="133,117,19,85,40,105,65,12,91,60,74,8,108" hai2="101,128,111,76,97,98,131,6,48,135,52,115,62" hai3="32,50,114,89,27,24,30,118,18,59,45,80,104"/><U34/><E74/><V64/><F135/><W28/><G114/><T61/><D113/><U127/><E117/><V75/><F111/><W95/><G104/><T124/><D129/><U42/><E34/><V23/><F115/><W84/><G18/><T125/><D120/><U107/><E127/><V51/><F23/><W102/><G59/><T96/><D96/><U123/><E123/><V63/><F48/><W36/><G36/><T44/><D2/><U94/><E133/><V16/><F6/><W93/><G102/><T41/><REACH who="0" step="1"/><D44/><REACH who="0" ten="160,340,240,250" step="2"/><U37/><E108/><V10/><F128/><W77/><G118/><T112/><D112/><U122/><E122/><V3/><F97/><W71/><G71/><T38/><D38/><U14/><E37/><V86/><F98/><W78/><G93/><T43/><D43/><U134/><E134/><V87/><F3/><W20/><G95/><T22/><D22/><U73/><E107/><V9/><F101/><W57/><G57/><T13/><D13/><U29/><E105/><V130/><F131/><W88/><G89/><T82/><D82/><U70/><E42/><AGARI ba="0,1" hai="20,24,27,28,30,32,42,45,50,77,78,80,84,88" machi="42" ten="30,7700,0" yaku="7,1,52,2,54,1" doraHai="72" who="3" fromWho="1" sc="160,0,340,-77,240,0,250,87" /><INIT seed="2,0,0,3,0,75" ten="160,263,240,337" oya="2" hai0="42,109,95,9,107,34,61,97,116,125,83,41,4" hai1="63,132,14,43,68,23,114,64,0,99,53,105,70" hai2="48,71,66,104,35,87,115,72,1,5,89,126,129" hai3="39,16,86,49,120,22,124,118,101,32,55,106,81"/><V8/><F129/><W7/><G120/><T59/><D109/><U100/><E114/><V44/><F126/><W51/><G39/><T29/><D125/><U50/><E0/><V123/><F104/><W54/><G32/><T130/><D130/><U2/><E2/><V58/><F123/><W117/><G124/><T103/><D116/><U11/><E132/><V20/><F72/><W122/><G7/><T52/><D107/><U60/><E23/><V93/><F35/><W28/><G28/><T113/><D113/><U108/><E43/><V30/><F71/><W40/><G40/><T80/><D29/><U131/><E108/><V57/><F66/><W98/><G51/><T12/><D34/><U79/><E79/><V94/><F94/><W36/><G36/><T119/><D119/><U77/><E77/><V85/><F115/><W26/><G54/><T134/><D134/><U18/><E131/><V102/><F102/><W92/><G106/><T17/><D17/><U56/><REACH who="1" step="1"/><E63/><REACH who="1" ten="160,253,240,337" step="2"/><V46/><F20/><W27/><G122/><T10/><D10/><U6/><E6/><V78/><F30/><W84/><G117/><T69/><D41/><U31/><E31/><V88/><F48/><W24/><G118/><T121/><D121/><U19/><E19/><V111/><F78/><N who="3" m="46135" /><G86/><T128/><D128/><U133/><E133/><V3/><F3/><W13/><G27/><T47/><D69/><AGARI ba="0,1" hai="11,14,18,50,53,56,60,64,68,69,70,99,100,105" machi="69" ten="30,2000,0" yaku="1,1,7,1,53,0" doraHai="75" doraHaiUra="33" who="1" fromWho="0" sc="160,-20,253,30,240,0,337,0" /><INIT seed="3,0,0,2,2,84" ten="140,283,240,337" oya="3" hai0="122,59,64,117,49,100,113,76,107,97,25,101,42" hai1="53,120,105,86,88,6,31,8,33,121,80,89,39" hai2="131,118,32,12,29,28,47,46,75,111,54,26,14" hai3="13,51,17,71,77,108,90,5,68,134,15,45,50"/><W65/><G77/><T85/><D117/><U69/><E69/><V123/><F111/><W110/><G134/><T44/><D122/><U125/><E105/><V116/><F123/><W124/><G124/><T96/><D113/><U83/><E39/><V21/><F131/><W60/><G5/><T81/><D25/><U24/><E125/><V135/><F75/><W16/><G90/><T19/><D19/><U27/><E27/><V38/><F135/><W43/><G51/><T1/><D1/><U126/><E126/><V127/><F38/><W52/><G68/><T128/><D128/><U67/><E67/><V66/><F127/><W87/><G87/><T23/><D23/><U94/><E53/><V103/><F66/><W56/><G15/><T93/><D64/><U30/><E30/><V58/><F103/><W22/><G17/><T73/><D59/><U99/><E83/><V57/><F26/><W36/><AGARI ba="0,0" hai="13,16,22,36,43,45,50,52,56,60,65,71,108,110" machi="36" ten="30,12000,1" yaku="0,1,24,2,54,2" doraHai="84" who="3" fromWho="3" sc="140,-40,283,-40,240,-40,337,120" /><INIT seed="3,1,0,3,5,40" ten="100,243,200,457" oya="3" hai0="87,126,12,10,74,52,134,97,47,27,122,105,18" hai1="90,61,133,106,59,65,130,86,62,0,84,41,46" hai2="89,95,96,119,34,131,128,92,91,70,29,4,53" hai3="123,107,103,45,49,118,81,75,127,66,93,60,67"/><W25/><G123/><T71/><D122/><U50/><E106/><V108/><F119/><W54/><G118/><T14/><D74/><U124/><E0/><V31/><F108/><W23/><G107/><T112/><D134/><U1/><E1/><V125/><F70/><W30/><G127/><T135/><D135/><U57/><E130/><V129/><F125/><W121/><G121/><T113/><D71/><U76/><E124/><V78/><F34/><W101/><G66/><T63/><D126/><U116/><E116/><V32/><F32/><W24/><G25/><T73/><D73/><U77/><E133/><V82/><F53/><W22/><G22/><T20/><D63/><U39/><E39/><V37/><F4/><W64/><G64/><T120/><D87/><U51/><E51/><V2/><F37/><W98/><G81/><T88/><D105/><U13/><E13/><V109/><F2/><W9/><G9/><T3/><D3/><U100/><E100/><V8/><F8/><W58/><G75/><T80/><D120/><U69/><E86/><V26/><F109/><W104/><G104/><T44/><D52/><N who="1" m="33959" /><E69/><V94/><F26/><W111/><G111/><T15/><D10/><U42/><E42/><V68/><F68/><W38/><G38/><T17/><D17/><U43/><E43/><V72/><REACH who="2" step="1"/><F95/><AGARI ba="1,0" hai="41,46,50,59,62,65,76,77,84,90,95" m="33959" machi="95" ten="30,3900,0" yaku="8,1,52,1,54,1" doraHai="40" who="1" fromWho="2" sc="100,0,243,42,200,-42,457,0" /><INIT seed="4,0,0,4,4,132" ten="100,285,158,457" oya="0" hai0="63,21,48,107,70,117,7,2,116,42,55,64,68" hai1="32,112,17,135,127,115,80,3,4,81,108,19,91" hai2="74,83,111,56,15,78,118,113,37,77,24,87,40" hai3="59,71,13,65,61,57,34,105,125,99,53,30,29"/><T49/><D107/><U60/><E108/><V98/><F113/><N who="1" m="43593" /><E32/><V41/><F111/><W97/><G125/><T121/><D2/><U93/><E135/><V73/><F118/><N who="0" m="45674" /><D21/><U103/><E103/><V101/><F77/><W84/><G84/><T43/><D7/><U75/><E60/><V109/><F40/><N who="0" m="15402" /><D121/><U8/><E127/><V129/><F56/><W46/><G13/><T47/><D49/><U89/><E89/><V52/><F109/><W26/><G30/><T119/><N who="0" m="45682" /><T12/><DORA hai="94" /><D12/><U114/><E114/><V35/><F15/><W102/><G99/><T104/><D104/><U133/><E133/><V90/><F52/><W28/><G29/><T36/><D36/><U6/><E6/><V39/><F129/><W22/><G22/><T38/><D38/><U33/><E33/><V92/><F74/><W0/><G0/><T126/><D70/><U66/><E4/><V69/><F69/><W131/><G131/><T18/><D18/><U120/><E19/><V67/><F67/><W106/><G105/><T16/><D16/><U51/><E17/><V9/><F9/><W128/><G128/><T58/><D68/><U27/><E8/><V5/><F5/><W96/><G96/><T100/><D100/><U85/><E3/><V123/><F123/><W88/><G88/><T76/><D76/><U124/><E120/><V86/><F73/><W11/><G11/><T79/><D79/><U23/><E75/><V45/><F39/><W25/><G26/><T31/><D31/><U122/><E122/><V134/><F134/><W130/><G130/><RYUUKYOKU ba="0,0" sc="100,15,285,-15,158,-15,457,15" hai0="47,48,55,58,63,64,126" hai3="25,28,34,46,53,57,59,61,65,71,97,102,106" /><INIT seed="4,1,0,5,0,18" ten="115,270,143,472" oya="0" hai0="15,8,120,53,27,26,64,77,6,95,82,41,52" hai1="13,116,105,131,46,103,112,117,56,107,36,130,91" hai2="68,74,17,99,96,51,71,14,124,47,48,61,37" hai3="110,24,132,73,80,62,84,25,67,118,133,83,54"/><T33/><D120/><U2/><E56/><V21/><F74/><W87/><G118/><T42/><D64/><U128/><E13/><V49/><F124/><W59/><G73/><T5/><D5/><U28/><E28/><V135/><F37/><W10/><G110/><T85/><D95/><U44/><E112/><V29/><F135/><N who="3" m="51787" /><G10/><T12/><D12/><U0/><E91/><V1/><F29/><W126/><G126/><T20/><D26/><N who="3" m="10345" /><G67/><T72/><D72/><U127/><E127/><V70/><F1/><N who="1" m="617" /><E103/><V55/><REACH who="2" step="1"/><F61/><REACH who="2" ten="115,270,133,472" step="2"/><W32/><G32/><T114/><D33/><U113/><E36/><V89/><F89/><W108/><G108/><T19/><REACH who="0" step="1"/><D114/><REACH who="0" ten="105,270,133,472" step="2"/><U23/><E113/><V35/><F35/><W76/><G83/><T16/><D16/><U60/><E117/><V119/><F119/><W66/><G80/><T11/><D11/><U129/><E129/><V31/><F31/><W93/><G93/><T65/><D65/><U125/><E125/><V134/><F134/><W39/><G66/><T22/><D22/><U34/><E116/><V57/><F57/><W109/><G109/><T100/><D100/><U106/><E34/><V94/><F94/><W75/><G75/><T104/><D104/><U7/><E23/><V4/><F4/><W102/><G59/><T9/><D9/><U43/><E7/><V58/><F58/><W92/><G92/><T78/><D78/><U38/><E60/><V63/><F63/><W86/><G102/><T3/><D3/><U90/><E90/><V115/><F115/><W45/><G76/><T122/><D122/><RYUUKYOKU ba="1,2" sc="105,10,270,10,133,10,472,-30" hai0="6,8,15,19,20,27,41,42,52,53,77,82,85" hai1="38,43,44,46,105,106,107,128,130,131" hai2="14,17,21,47,48,49,51,55,68,70,71,96,99" /><INIT seed="4,2,2,4,1,26" ten="115,280,143,442" oya="0" hai0="125,41,113,73,36,135,5,115,74,70,110,99,55" hai1="2,102,23,53,12,104,8,109,50,20,25,54,0" hai2="39,91,87,24,128,105,48,65,66,85,59,67,10" hai3="93,56,61,35,116,100,101,51,38,131,108,3,98"/><T49/><D135/><U84/><E109/><V14/><F105/><W76/><G116/><T111/><D125/><U132/><E132/><V96/><F39/><W123/><G3/><T134/><D134/><U15/><E104/><V75/><F128/><W126/><G38/><T90/><D70/><U45/><E102/><V103/><F75/><W28/><G108/><N who="0" m="41515" /><D5/><U114/><E114/><N who="0" m="43529" /><D41/><U120/><E120/><V52/><F24/><W112/><G123/><T79/><D36/><U42/><E2/><V27/><F27/><W107/><G35/><T77/><D90/><U71/><E71/><V34/><F34/><W31/><G76/><N who="0" m="29259" /><D99/><U30/><E0/><V92/><REACH who="2" step="1"/><F91/><REACH who="2" ten="115,280,133,442" step="2"/><W81/><G126/><T86/><D86/><U129/><E84/><V21/><F21/><W124/><G112/><T33/><D33/><U133/><E133/><V58/><F58/><AGARI ba="2,3" hai="49,55,58,73,74" m="29259,43529,41515" machi="58" ten="30,2900,0" yaku="10,1,15,1" doraHai="26" who="0" fromWho="2" sc="115,65,280,0,133,-35,442,0" /><INIT seed="4,3,0,2,1,57" ten="180,280,98,442" oya="0" hai0="25,88,65,14,102,71,44,17,96,135,110,26,114" hai1="82,38,86,123,100,83,53,45,87,28,2,34,42" hai2="55,62,116,63,84,134,79,127,64,43,1,10,81" hai3="92,130,15,54,125,67,58,128,8,111,103,115,80"/><T50/><D135/><U107/><E2/><V95/><F134/><W30/><G111/><T32/><D114/><U70/><E123/><V69/><F127/><W68/><G30/><T109/><D88/><U101/><E70/><V11/><F43/><W98/><G115/><T18/><D18/><U112/><E107/><V60/><F116/><W108/><G108/><N who="0" m="41579" /><D32/><U52/><E28/><V37/><F95/><W104/><G125/><T0/><D0/><U7/><E7/><V131/><F37/><W16/><G80/><T19/><D19/><U85/><E34/><V41/><F41/><W9/><G9/><N who="0" m="6351" /><D65/><U89/><E112/><V133/><F55/><W99/><G67/><T93/><D71/><U59/><E53/><AGARI ba="3,0" hai="25,26,44,50,53,93,96,102" m="6351,41579" machi="53" ten="30,1500,0" yaku="10,1" doraHai="57" who="0" fromWho="1" sc="180,24,280,-24,98,0,442,0" /><INIT seed="4,4,0,2,4,55" ten="204,256,98,442" oya="0" hai0="31,21,14,90,50,6,80,3,52,131,130,122,83" hai1="17,123,64,116,54,26,46,43,76,62,120,118,45" hai2="2,135,34,68,111,18,112,85,101,88,97,124,65" hai3="108,77,29,117,126,105,53,86,23,79,104,44,102"/><T28/><D122/><N who="1" m="46635" /><E17/><V36/><F34/><W8/><G108/><T27/><D3/><U41/><E26/><V95/><F2/><W67/><G8/><T109/><D109/><U72/><E76/><V81/><F111/><W114/><G67/><T87/><D28/><U48/><E72/><V10/><F135/><W99/><G114/><T89/><D6/><U42/><E46/><V129/><F124/><W11/><G126/><T25/><D14/><U7/><E7/><V30/><F112/><W128/><G128/><N who="0" m="49195" /><D25/><U107/><E107/><V19/><F129/><W93/><G11/><T84/><D80/><U4/><E4/><V134/><F36/><W39/><G117/><T51/><D51/><U20/><E20/><V69/><F134/><W56/><G29/><T96/><D96/><U132/><E132/><V33/><F30/><W35/><G23/><T24/><D24/><U16/><E16/><V5/><F33/><W78/><G35/><T106/><D106/><U60/><E60/><V75/><F75/><W100/><G86/><N who="0" m="32811" /><D83/><U115/><E115/><V12/><REACH who="2" step="1"/><F69/><AGARI ba="4,0" hai="41,42,43,45,48,54,62,64,69,116,118" m="46635" machi="69" ten="30,2000,0" yaku="34,2" doraHai="55" who="1" fromWho="2" sc="204,0,256,32,98,-32,442,0" /><INIT seed="5,0,0,2,3,53" ten="204,288,66,442" oya="1" hai0="103,87,123,112,133,25,104,119,84,121,29,109,13" hai1="97,95,59,16,4,5,17,56,63,90,101,9,64" hai2="70,92,118,125,88,51,115,81,93,102,26,114,100" hai3="18,129,79,11,126,86,98,134,57,82,124,76,135"/><U107/><E5/><V66/><F70/><W45/><G45/><T94/><D109/><U99/><REACH who="1" step="1"/><E59/><REACH who="1" ten="204,278,66,442" step="2"/><V1/><F66/><W38/><G57/><T39/><D121/><U24/><E24/><V131/><F26/><W130/><G38/><T19/><D123/><U14/><AGARI ba="0,1" hai="4,9,14,16,17,56,63,64,90,95,97,99,101,107" machi="14" ten="20,12000,1" yaku="1,1,0,1,7,1,52,1,54,1,53,0" doraHai="53" doraHaiUra="23" who="1" fromWho="1" sc="204,-40,278,130,66,-40,442,-40" /><INIT seed="5,1,0,3,2,130" ten="164,408,26,402" oya="1" hai0="108,47,30,75,126,3,96,119,16,10,110,55,105" hai1="6,52,91,61,7,74,118,83,34,66,97,77,14" hai2="44,64,22,19,69,124,113,23,102,27,117,135,68" hai3="73,125,42,88,133,37,127,57,51,86,115,112,43"/><U33/><E118/><V79/><F117/><W123/><G73/><T50/><D75/><U13/><E34/><V120/><F113/><N who="3" m="43595" /><G123/><T59/><D30/><U78/><E33/><V53/><F124/><N who="3" m="47691" /><G37/><T121/><D121/><U12/><E78/><V81/><F120/><W35/><G35/><T101/><D119/><U62/><E62/><V45/><F102/><W90/><G133/><T26/><D3/><U38/><E38/><V9/><F81/><N who="3" m="49231" /><G90/><T11/><D126/><U60/><E91/><V28/><F135/><W36/><G36/><T109/><D47/><U80/><E80/><V63/><F79/><W15/><G15/><T104/><D104/><U100/><E61/><V65/><F9/><W39/><G39/><T95/><D105/><U4/><E66/><V25/><REACH who="2" step="1"/><F53/><AGARI ba="1,0" hai="42,43,51,53,57" m="49231,47691,43595" machi="53" ten="30,3900,0" yaku="15,1,18,1,54,1" doraHai="130" who="3" fromWho="2" sc="164,0,408,0,26,-42,402,42" owari="164,-24.0,408,21.0,-16,-52.0,444,55.0" /></mjloggm>