<mjloggm ver="2.3"><GO type="41" lobby="0"/><UN n0="%E2%93%9D%53%75%70%68%78" n1="%E5%8D%9A%E6%89%93%E3%81%A8%E9%85%92%E3%81%A8%E3%82%B4%E3%83%AA%E3%83%A9" n2="%E7%B4%AC%E3%83%B4%E3%82%A7%E3%83%B3%E3%83%80%E3%83%BC%E3%82%B9" n3="%E6%B8%A9%E5%86%B7%E4%B8%A1%E7%94%A8" dan="18,14,13,13" rate="2102.14,1990.06,1957.92,1871.95" sx="M,F,F,M"/><TAIKYOKU oya="0"/><INIT seed="0,0,0,3,1,43" ten="250,250,250,250" oya="0" hai0="119,42,48,18,120,91,113,124,20,40,6,33,78" hai1="59,65,27,98,132,53,26,100,72,30,55,81,128" hai2="106,49,22,76,92,13,104,19,125,47,66,44,133" hai3="1,134,69,57,60,67,52,102,32,54,118,12,50"/><T31/><D113/><U135/><E128/><V97/><F125/><W36/><G1/><T88/><D119/><U61/><E72/><V115/><F115/><W14/><G118/><T117/><D120/><U95/><E81/><V51/><F133/><N who="1" m="51273" /><E27/><V8/><F76/><W17/><G134/><T23/><D33/><AGARI ba="0,0" hai="26,30,33,53,55,59,61,65,95,98,100" m="51273" machi="33" ten="30,1000,0" yaku="20,1" doraHai="43" who="1" fromWho="0" sc="250,-10,250,10,250,0,250,0" /><INIT seed="1,0,0,4,5,33" ten="240,260,250,250" oya="1" hai0="101,94,82,92,57,29,60,132,16,13,88,15,114" hai1="123,86,52,7,117,9,124,128,102,71,0,65,120" hai2="43,67,38,109,90,22,51,53,54,74,125,105,127" hai3="112,93,27,18,8,91,2,98,17,19,25,89,121"/><U64/><E117/><V62/><F105/><W59/><G121/><T31/><D132/><U26/><E102/><V100/><F100/><W108/><G108/><T55/><D15/><U106/><E106/><V110/><F74/><W47/><G112/><T95/><D114/><U66/><E71/><V72/><F72/><W104/><G104/><T3/><D3/><U24/><E128/><V116/><F90/><W135/><G135/><T129/><D129/><U56/><E124/><N who="2" m="47691" /><F22/><W49/><G59/><T21/><D101/><U58/><E86/><AGARI ba="0,0" hai="13,16,21,29,31,55,57,60,82,86,88,92,94,95" machi="86" ten="40,5200,0" yaku="8,1,54,2" doraHai="33" who="0" fromWho="1" sc="240,52,260,-52,250,0,250,0" /><INIT seed="2,0,0,1,5,131" ten="292,208,250,250" oya="2" hai0="88,119,49,82,78,94,86,104,39,126,36,129,115" hai1="33,29,23,42,2,67,35,31,10,87,30,18,85" hai2="74,133,120,8,70,52,50,11,5,99,54,0,61" hai3="96,124,43,16,102,130,112,123,58,12,125,98,17"/><V83/><F120/><W91/><G123/><T32/><D115/><U3/><E42/><V40/><F133/><W60/><G43/><T101/><D32/><N who="1" m="12363" /><E67/><V79/><F11/><W107/><G130/><T27/><D126/><N who="3" m="48745" /><G112/><T106/><D27/><N who="1" m="14839" /><E87/><V117/><F117/><W63/><G12/><T45/><D119/><U116/><E85/><V135/><F135/><W21/><G21/><T110/><D110/><U34/><E116/><V7/><F7/><W14/><G14/><T62/><D129/><U76/><E76/><V20/><F20/><W111/><G111/><T28/><D39/><U25/><E10/><V105/><F40/><W24/><G24/><T38/><D38/><U9/><E9/><V97/><F105/><W128/><G128/><T1/><D106/><U6/><E6/><V93/><F93/><N who="3" m="56383" /><G63/><T132/><D62/><U57/><E57/><V81/><F81/><W51/><G51/><T56/><D49/><U66/><E66/><AGARI ba="0,0" hai="16,17,58,60,66,98,102,107" m="56383,48745" machi="66" ten="30,2000,0" yaku="18,1,54,1" doraHai="131" who="3" fromWho="1" sc="292,0,208,-20,250,0,250,20" /><INIT seed="3,0,0,5,2,7" ten="292,188,250,270" oya="3" hai0="78,70,38,110,96,86,122,61,102,58,60,56,119" hai1="46,15,17,95,101,18,135,11,63,28,21,104,12" hai2="123,57,112,34,109,23,36,90,79,62,92,65,82" hai3="98,51,52,13,81,4,116,120,94,2,3,103,25"/><W100/><G120/><T31/><D119/><U41/><E104/><V134/><F34/><W84/><G116/><T35/><D38/><U87/><E135/><V131/><F109/><W1/><G103/><T69/><D122/><U105/><E63/><V68/><F131/><W80/><G25/><T19/><D19/><U64/><E64/><V6/><F134/><W30/><G30/><T132/><D86/><U50/><E105/><V107/><F107/><W106/><G106/><T91/><D78/><U9/><E87/><V129/><F129/><W48/><G48/><T99/><D91/><U26/><E101/><V24/><F112/><W93/><G93/><AGARI ba="0,0" hai="9,11,12,15,17,18,21,26,28,41,46,50,93,95" machi="93" ten="40,8000,1" yaku="9,1,8,1,52,2" doraHai="7" who="1" fromWho="3" sc="292,0,188,80,250,0,270,-80" /><INIT seed="4,0,0,3,2,56" ten="292,268,250,190" oya="0" hai0="44,72,127,75,125,79,129,69,33,27,35,84,115" hai1="90,101,57,5,41,51,99,98,119,47,92,100,112" hai2="76,121,1,46,13,65,73,126,62,49,31,89,61" hai3="37,39,11,134,23,74,68,96,93,102,133,43,71"/><T113/><D44/><U114/><E119/><V34/><F1/><W63/><G74/><N who="0" m="28203" /><D27/><U108/><E108/><V28/><F121/><W50/><G11/><T32/><D69/><U64/><E5/><V132/><F132/><N who="3" m="50795" /><G23/><T0/><D0/><U120/><E120/><V81/><F126/><N who="0" m="48138" /><D129/><U109/><E109/><V53/><F89/><W107/><G93/><T70/><D70/><N who="3" m="26665" /><G50/><T17/><D17/><U59/><E90/><V14/><F34/><W4/><G4/><T8/><D8/><U48/><E48/><V36/><F36/><N who="3" m="13899" /><G43/><T42/><D42/><U110/><E110/><V54/><F54/><W97/><G97/><T111/><D111/><U105/><REACH who="1" step="1"/><E64/><REACH who="1" ten="292,258,250,190" step="2"/><V29/><REACH who="2" step="1"/><F65/><REACH who="2" ten="292,258,240,190" step="2"/><W25/><G25/><T88/><D79/><U18/><E18/><V7/><F7/><W6/><G6/><T128/><D128/><U40/><E40/><V15/><AGARI ba="0,2" hai="13,14,15,28,29,31,46,49,53,61,62,73,76,81" machi="15" ten="30,8000,1" yaku="1,1,0,1,52,2,53,1" doraHai="56" doraHaiUra="78" who="2" fromWho="2" sc="292,-40,258,-20,240,100,190,-20" /><INIT seed="5,0,0,1,3,103" ten="252,238,340,170" oya="1" hai0="12,16,104,115,39,69,25,30,68,55,117,93,87" hai1="132,62,118,24,19,97,15,20,60,76,100,71,1" hai2="13,63,2,67,10,82,3,79,61,135,6,42,33" hai3="50,28,7,41,101,84,46,80,126,85,125,129,90"/><U75/><E118/><V99/><F135/><W107/><G28/><T86/><D39/><U66/><E1/><V114/><F114/><W22/><G22/><T27/><D117/><U105/><E132/><V110/><F110/><W92/><G7/><T40/><D40/><U32/><E62/><V81/><F33/><W88/><REACH who="3" step="1"/><G129/><REACH who="3" ten="252,238,340,160" step="2"/><T52/><D30/><N who="1" m="19527" /><E76/><V94/><F79/><W124/><G124/><T23/><D23/><U122/><E75/><V127/><F6/><W96/><AGARI ba="0,1" hai="41,46,50,80,84,85,88,90,92,96,101,107,125,126" machi="96" ten="30,8000,1" yaku="1,1,0,1,52,1,54,1,53,1" doraHai="103" doraHaiUra="98" who="3" fromWho="3" sc="252,-20,238,-40,340,-20,160,90" /><INIT seed="6,0,0,1,3,65" ten="232,198,320,250" oya="2" hai0="38,56,102,16,112,128,127,132,61,2,124,81,79" hai1="40,73,36,135,106,115,88,130,58,92,94,49,3" hai2="89,103,119,107,19,121,105,55,14,90,15,41,96" hai3="6,99,7,0,20,70,126,100,85,1,25,101,8"/><V118/><F121/><W109/><G109/><T133/><D2/><U91/><E106/><V116/><F41/><W117/><G117/><T24/><D102/><U21/><E73/><V68/><F107/><W76/><G126/><N who="0" m="48171" /><D38/><U64/><E3/><V13/><F68/><W60/><G76/><T108/><D112/><U86/><E115/><V23/><REACH who="2" step="1"/><F55/><REACH who="2" ten="232,198,310,250" step="2"/><W17/><G70/><T44/><D108/><U84/><E40/><V93/><F93/><W83/><G83/><T74/><D128/><U114/><E130/><V34/><F34/><W120/><G120/><T39/><D39/><U26/><E114/><V110/><F110/><W31/><G1/><T33/><D33/><U125/><E125/><V82/><F82/><W57/><G0/><T10/><D44/><U45/><E36/><V4/><F4/><W77/><G7/><T28/><D56/><U32/><E32/><V37/><F37/><W5/><G5/><T12/><D61/><U27/><E58/><V66/><F66/><W35/><G35/><T80/><D80/><U11/><E64/><V69/><F69/><W51/><G6/><T134/><D134/><U30/><E135/><V71/><F71/><W43/><G60/><T47/><D47/><U72/><E45/><V9/><F9/><W113/><G113/><T98/><D133/><U67/><E11/><V42/><F42/><W97/><G43/><T129/><D132/><U62/><E49/><V59/><F59/><W111/><G111/><T46/><D46/><U50/><E50/><V48/><F48/><W87/><G51/><T104/><D129/><RYUUKYOKU ba="0,1" sc="232,-10,198,-10,310,30,250,-10" hai2="13,14,15,19,23,89,90,96,103,105,116,118,119" /><INIT seed="6,1,1,2,4,95" ten="222,188,340,240" oya="2" hai0="96,48,104,72,54,101,73,93,66,87,77,114,105" hai1="102,110,71,67,20,16,132,81,31,12,76,55,43" hai2="3,107,130,2,5,47,15,63,134,49,23,74,18" hai3="30,33,35,46,50,78,38,131,10,19,69,86,27"/><V53/><F130/><W17/><G69/><T13/><D66/><U26/><E110/><V103/><F134/><W37/><G131/><T4/><D114/><U42/><E132/><V34/><F74/><W99/><G35/><T32/><D32/><U24/><E55/><V36/><F34/><W83/><G38/><T62/><D62/><U91/><E91/><V112/><F112/><W56/><G56/><T128/><D128/><U70/><E26/><V90/><F36/><W41/><G37/><T117/><D117/><U109/><E109/><V119/><F119/><W106/><G10/><T123/><D123/><U129/><E129/><V133/><F90/><W120/><G120/><T98/><D87/><U8/><E102/><V44/><F44/><W59/><REACH who="3" step="1"/><G59/><REACH who="3" ten="222,188,340,230" step="2"/><T9/><D9/><U22/><E8/><V6/><F133/><W115/><G115/><T80/><D4/><U121/><E121/><V58/><F6/><W85/><G85/><T7/><D73/><U64/><E70/><V29/><F5/><W65/><G65/><N who="1" m="25162" /><E71/><V122/><F122/><W100/><AGARI ba="1,2" hai="17,19,27,30,33,41,46,50,78,83,86,99,100,106" machi="100" ten="30,4000,0" yaku="1,1,0,1,52,1,53,0" doraHai="95" doraHaiUra="111" who="3" fromWho="3" sc="222,-11,188,-11,340,-21,230,63" /><INIT seed="7,0,0,3,4,61" ten="211,177,319,293" oya="3" hai0="84,6,107,19,104,129,7,74,50,120,70,52,96" hai1="66,46,33,103,98,113,126,8,112,40,68,10,102" hai2="56,83,91,15,111,132,80,127,130,97,67,39,31" hai3="14,133,9,78,93,49,60,71,54,90,48,65,20"/><W134/><G78/><T24/><D74/><U85/><E33/><V55/><F111/><W123/><G123/><T45/><D120/><U57/><E68/><V3/><F3/><W131/><G131/><T41/><D70/><U1/><E85/><V121/><F127/><W23/><G49/><T62/><D129/><U36/><E126/><V26/><F130/><W81/><G81/><T38/><D62/><N who="1" m="38223" /><E1/><V64/><F39/><W76/><G76/><T117/><D117/><U101/><E98/><V2/><F2/><W42/><G42/><T95/><D107/><U43/><E43/><V92/><F132/><N who="3" m="50795" /><G90/><T12/><D104/><U16/><E10/><V122/><F122/><W118/><G93/><T108/><D108/><U100/><N who="1" m="25600" /><DORA hai="34" /><U87/><E87/><V109/><F109/><W72/><G72/><T89/><D96/><U86/><E86/><V99/><F99/><W53/><G118/><T88/><D89/><U0/><E0/><V37/><F37/><W106/><G106/><T79/><D79/><U115/><E8/><V77/><F15/><W25/><G25/><T128/><D24/><U29/><E29/><V125/><F125/><W5/><G54/><T114/><D128/><U69/><E69/><V30/><F121/><W51/><G51/><T22/><REACH who="0" step="1"/><D114/><REACH who="0" ten="201,177,319,293" step="2"/><N who="1" m="29187" /><U110/><DORA hai="119" /><E110/><V18/><F77/><W135/><G135/><T82/><D82/><U32/><E32/><V58/><F83/><W17/><G5/><T35/><D35/><U75/><E75/><V11/><F80/><W27/><G27/><T47/><AGARI ba="0,1" hai="6,7,12,19,22,38,41,45,47,50,52,84,88,95" machi="47" ten="20,8000,1" yaku="1,1,0,1,7,1,54,2,53,0" doraHai="61,34,119" doraHaiUra="124,28,21" who="0" fromWho="0" sc="201,90,177,-20,319,-20,293,-40" /><INIT seed="8,0,0,4,1,79" ten="291,157,299,253" oya="0" hai0="16,12,57,80,66,71,95,92,109,34,75,101,88" hai1="77,32,89,47,118,116,115,20,23,17,104,19,56" hai2="13,22,125,70,7,26,67,132,42,97,96,105,117" hai3="65,10,4,33,48,84,128,111,61,31,62,55,102"/><T72/><D71/><U9/><E104/><V131/><F125/><W76/><G111/><T25/><D109/><U129/><E47/><V8/><F132/><W107/><G128/><T122/><D122/><U1/><E89/><V51/><F117/><N who="1" m="45161" /><E56/><V86/><F131/><W90/><G76/><T14/><D34/><U54/><E54/><V94/><F105/><W119/><G119/><T2/><D2/><U43/><E43/><V40/><F70/><W123/><G123/><T134/><D134/><U100/><E100/><N who="2" m="60439" /><F67/><W110/><G110/><T6/><D101/><U133/><E129/><V59/><F97/><W52/><G102/><T53/><D66/><U3/><E133/><V58/><F86/><W29/><G33/><T114/><D75/><U112/><E77/><V49/><F49/><W18/><G107/><T39/><D39/><U120/><E32/><V127/><F127/><W78/><G78/><N who="0" m="44103" /><D95/><U28/><E28/><N who="2" m="17495" /><F51/><W98/><G98/><N who="0" m="57607" /><D114/><N who="1" m="43563" /><E120/><V126/><F126/><W38/><G38/><T87/><D87/><U27/><E9/><V108/><F108/><W15/><G31/><T64/><D64/><U85/><E85/><V74/><F74/><W60/><G29/><T5/><D53/><N who="3" m="20553" /><G48/><T113/><D113/><U37/><E37/><V130/><F130/><W83/><G65/><T63/><D57/><AGARI ba="0,0" hai="7,8,13,40,42,57,58,59" m="17495,60439" machi="57" ten="30,1000,0" yaku="8,1" doraHai="79" who="2" fromWho="0" sc="291,-10,157,0,299,10,253,0" owari="281,8.0,157,-34.0,309,41.0,253,-15.0" /></mjloggm>