<mjloggm ver="2.3"><GO type="41" lobby="0"/><UN n0="%E2%93%9D%53%75%70%68%78" n1="%6F%6D%69%74%75" n2="%6F%6C%69%76%65%72" n3="%E5%8F%B0%E5%8C%97%E7%9B%B4%E7%9B%B4%E5%8F%A3%E3%83%B3" dan="17,14,15,14" rate="2063.12,1906.63,2043.07,1945.79" sx="M,M,M,M"/><TAIKYOKU oya="0"/><INIT seed="0,0,0,1,4,134" ten="250,250,250,250" oya="0" hai0="118,132,4,17,38,124,97,1,69,47,90,50,27" hai1="72,51,60,20,53,11,105,13,88,25,41,107,16" hai2="103,106,127,63,92,65,76,56,70,82,89,6,87" hai3="96,135,34,113,109,86,77,5,91,81,133,52,42"/><T68/><D118/><U117/><E117/><V80/><F6/><W31/><G31/><T37/><D132/><N who="3" m="50761" /><G34/><T29/><D17/><U2/><E2/><V26/><F82/><W7/><G113/><T131/><D131/><U74/><E41/><V44/><F44/><W79/><G109/><T130/><D130/><U85/><E60/><V102/><F106/><W3/><G42/><T104/><D90/><U67/><E67/><V108/><F108/><W95/><G3/><T58/><D58/><U55/><E107/><V12/><F70/><W101/><G52/><T94/><D38/><U40/><E105/><V10/><F26/><W84/><G7/><T112/><D37/><U32/><E32/><V22/><F127/><W30/><G5/><T122/><D124/><U110/><E110/><V62/><F62/><W115/><G30/><T23/><D122/><U64/><E64/><V15/><F10/><W21/><G21/><T54/><D104/><U73/><E40/><V61/><F61/><W19/><G19/><T59/><D112/><U36/><E36/><V45/><F45/><W125/><G115/><T129/><D129/><U28/><REACH who="1" step="1"/><E51/><REACH who="1" ten="250,240,250,250" step="2"/><V116/><F116/><W0/><G0/><T123/><D1/><U99/><E99/><V8/><F65/><W93/><G125/><T46/><D69/><U78/><E78/><AGARI ba="0,1" hai="77,78,79,81,84,86,91,93,95,96,101" m="50761" machi="78" ten="30,3900,0" yaku="20,1,34,2" doraHai="134" who="3" fromWho="1" sc="250,0,240,-39,250,0,250,49" /><INIT seed="1,0,0,0,3,57" ten="250,201,250,299" oya="1" hai0="82,130,36,83,22,5,100,79,58,28,43,48,67" hai1="84,53,124,12,70,8,34,16,101,35,50,80,85" hai2="72,123,97,21,44,95,117,106,51,54,10,132,26" hai3="41,75,3,71,125,103,62,110,27,46,88,45,69"/><U24/><E70/><V112/><F117/><W13/><G3/><T42/><D130/><U68/><E68/><V19/><F123/><W94/><G75/><T11/><D36/><U15/><E124/><V65/><F132/><W20/><G110/><T29/><D100/><U133/><E133/><V131/><F131/><W0/><G0/><T91/><D91/><U90/><E101/><V73/><F112/><W120/><G120/><T111/><D22/><U25/><E15/><V37/><F106/><W59/><G59/><T108/><D58/><U81/><E35/><V38/><F10/><W104/><G125/><T127/><D48/><U134/><E34/><V116/><F116/><W66/><G71/><T17/><D11/><U122/><E134/><V4/><F65/><W93/><G13/><T115/><D67/><U7/><E7/><V55/><F4/><W74/><G74/><T76/><D5/><U47/><REACH who="1" step="1"/><E122/><REACH who="1" ten="250,191,250,299" step="2"/><V61/><F38/><W60/><G103/><T98/><D127/><U87/><E87/><V63/><F37/><W1/><G69/><T64/><D111/><U126/><E126/><V78/><F72/><W109/><G109/><T114/><D108/><U77/><AGARI ba="0,1" hai="8,12,16,24,25,47,50,53,77,80,81,84,85,90" machi="77" ten="20,24000,3" yaku="1,1,0,1,7,1,25,2,8,1,54,1,53,1" doraHai="57" doraHaiUra="14" who="1" fromWho="1" sc="250,-80,191,250,250,-80,299,-80" /><INIT seed="1,1,0,3,2,33" ten="170,441,170,219" oya="1" hai0="56,26,54,61,100,12,91,14,86,62,20,80,81" hai1="47,134,63,24,72,17,97,75,126,34,2,124,16" hai2="110,95,27,52,15,106,89,74,49,118,35,66,105" hai3="90,94,31,88,45,7,37,71,101,55,77,50,58"/><U1/><E97/><V117/><F74/><N who="1" m="28201" /><E63/><V40/><F40/><W10/><G77/><T30/><D100/><U133/><E47/><V115/><F66/><W109/><G109/><T130/><D130/><U3/><E34/><V39/><F110/><W67/><G31/><T103/><D103/><U28/><E28/><V127/><F39/><W38/><G101/><T68/><D68/><U19/><E24/><V4/><F115/><W69/><G90/><T11/><D62/><U42/><E42/><V114/><F114/><W113/><G113/><T29/><D29/><U98/><E98/><V57/><F35/><W41/><G38/><T83/><REACH who="0" step="1"/><D14/><REACH who="0" ten="160,441,170,219" step="2"/><U21/><E21/><V85/><F15/><W18/><G67/><T65/><D65/><U51/><E51/><V121/><F49/><W36/><G36/><T53/><D53/><U119/><E119/><V9/><F52/><W32/><G55/><T76/><D76/><U116/><E116/><V135/><F117/><W132/><G69/><T128/><D128/><U70/><E70/><V87/><F118/><W13/><G13/><T102/><D102/><U84/><E84/><V25/><F87/><W5/><G71/><T108/><D108/><U44/><E44/><V60/><F85/><W79/><G45/><T123/><D123/><U129/><E129/><V0/><F121/><W43/><G43/><T48/><D48/><U93/><E93/><V122/><F122/><W64/><G64/><T112/><D112/><U96/><E96/><V46/><F46/><W78/><G41/><T59/><D59/><U99/><E99/><RYUUKYOKU ba="1,1" sc="160,15,441,15,170,-15,219,-15" hai0="11,12,20,26,30,54,56,61,80,81,83,86,91" hai1="1,2,3,16,17,19,124,126,133,134" /><INIT seed="1,2,1,4,1,35" ten="175,456,155,204" oya="1" hai0="26,81,102,84,112,117,119,124,111,97,79,54,86" hai1="76,51,126,28,87,47,75,42,85,99,108,103,50" hai2="12,107,55,88,72,118,113,61,127,46,68,70,9" hai3="66,49,129,14,104,25,123,58,36,101,41,69,33"/><U44/><E126/><V115/><F118/><W4/><G123/><T89/><D26/><U6/><E108/><V29/><F127/><W95/><G129/><T32/><D32/><U106/><E28/><V128/><F128/><W43/><G95/><T17/><D17/><U59/><E6/><V78/><F29/><W16/><G4/><T57/><D124/><U132/><E132/><V122/><F122/><W24/><G36/><T80/><D111/><U40/><E59/><V135/><F107/><W120/><G120/><T15/><D15/><U19/><E19/><V83/><F135/><W71/><G33/><T91/><D112/><N who="2" m="43082" /><F88/><W3/><G101/><T73/><D54/><U98/><E98/><V133/><F133/><W11/><G104/><N who="0" m="63567" /><D57/><U121/><E121/><V13/><F61/><W65/><G69/><N who="2" m="26729" /><F9/><W90/><G71/><T0/><D0/><U37/><E37/><V38/><F55/><N who="3" m="32111" /><G3/><T94/><AGARI ba="2,1" hai="73,79,80,81,84,86,89,91,94,117,119" m="63567" machi="94" ten="30,4000,0" yaku="24,1,34,2" doraHai="35" who="0" fromWho="0" sc="175,56,456,-22,155,-12,204,-12" /><INIT seed="2,0,0,5,3,23" ten="231,434,143,192" oya="2" hai0="108,106,33,40,98,36,24,0,18,114,28,70,34" hai1="59,11,105,32,8,77,122,29,107,75,30,96,78" hai2="37,117,60,27,26,97,93,43,88,20,7,58,95" hai3="91,74,120,113,52,94,63,54,71,1,118,62,101"/><V82/><F117/><W109/><G118/><T56/><D56/><U48/><E122/><V49/><F37/><W126/><G120/><T86/><D86/><U46/><E59/><V61/><F7/><W35/><G126/><T22/><D114/><U73/><E48/><V10/><F10/><W17/><G109/><T87/><D87/><U100/><E46/><N who="2" m="25823" /><F82/><W66/><G74/><T38/><D108/><U133/><E96/><N who="2" m="57383" /><F20/><W42/><G42/><T134/><D40/><U132/><E100/><N who="2" m="60479" /><F61/><W131/><G131/><T79/><D38/><U15/><REACH who="1" step="1"/><E15/><REACH who="1" ten="231,424,143,192" step="2"/><V76/><F76/><W111/><G111/><T80/><D79/><U81/><E81/><V14/><F14/><W123/><G123/><T83/><D83/><U129/><E129/><V69/><F69/><W124/><G124/><T72/><D70/><U45/><E45/><V4/><F4/><W25/><G113/><T103/><D80/><U12/><E12/><V41/><F41/><W85/><G101/><T51/><D36/><U68/><E68/><V135/><F135/><W102/><G102/><T9/><D134/><U39/><E39/><V6/><F6/><W119/><G119/><T90/><D103/><U130/><E130/><V99/><F99/><W3/><G63/><T112/><D98/><U89/><E89/><V2/><F2/><W65/><G3/><T47/><D0/><U44/><E44/><V50/><F50/><W115/><G1/><T13/><D112/><U67/><E67/><AGARI ba="0,1" hai="26,27,58,60,67" m="60479,57383,25823" machi="67" ten="30,11600,0" yaku="8,1,52,2,54,1" doraHai="23" who="2" fromWho="1" sc="231,0,424,-116,143,126,192,0" /><INIT seed="2,1,0,0,4,62" ten="231,308,269,192" oya="2" hai0="102,52,96,110,93,79,132,71,127,37,78,7,53" hai1="34,100,31,111,70,20,77,95,107,103,51,92,85" hai2="11,101,121,117,115,9,57,73,83,114,68,86,49" hai3="5,29,45,87,23,120,48,123,60,24,94,13,80"/><V84/><F117/><W64/><G94/><T32/><D37/><U0/><E70/><V12/><F121/><W58/><G13/><T30/><D110/><U97/><E0/><V6/><F68/><W44/><G5/><T40/><D40/><U46/><E34/><V28/><F28/><W16/><G29/><T25/><D127/><U63/><E63/><V131/><F131/><W89/><REACH who="3" step="1"/><G45/><REACH who="3" ten="231,308,269,182" step="2"/><T125/><D7/><U108/><E95/><V42/><F12/><W65/><G65/><T17/><D125/><U14/><E14/><V116/><F6/><W106/><G106/><T3/><D3/><U21/><E107/><V129/><F129/><W50/><G50/><T36/><D36/><U66/><E66/><V99/><F49/><W88/><G88/><T26/><D30/><U81/><E31/><V1/><F1/><W119/><G119/><T74/><D32/><U10/><E103/><V76/><F116/><W113/><G113/><T18/><D102/><U8/><E108/><V47/><F114/><W130/><G130/><T69/><D93/><U15/><E111/><V27/><F115/><W61/><G61/><T35/><D35/><U38/><E38/><V98/><F101/><W56/><G56/><T135/><REACH who="0" step="1"/><D96/><REACH who="0" ten="221,308,269,182" step="2"/><U19/><E97/><V118/><F118/><W109/><G109/><T126/><D126/><U72/><E92/><V128/><F128/><W54/><AGARI ba="1,2" hai="16,23,24,44,48,54,58,60,64,80,87,89,120,123" machi="54" ten="20,8000,1" yaku="1,1,0,1,7,1,52,1,54,1,53,0" doraHai="62" doraHaiUra="33" who="3" fromWho="3" sc="221,-21,308,-21,269,-41,182,103" /><INIT seed="3,0,0,3,4,83" ten="200,287,228,285" oya="3" hai0="16,105,75,132,12,17,3,19,112,107,13,95,63" hai1="91,100,101,129,125,106,78,127,44,85,115,54,65" hai2="56,39,124,26,52,46,51,10,80,76,67,48,88" hai3="35,60,122,4,110,61,50,117,15,53,62,34,37"/><W49/><G117/><T64/><D3/><U103/><E115/><V119/><F119/><W2/><G2/><T111/><D75/><U38/><E65/><V90/><F124/><N who="1" m="47689" /><E54/><V126/><F126/><W29/><G37/><T69/><D132/><U25/><E25/><V23/><F10/><W40/><G122/><T113/><D95/><N who="1" m="54767" /><E44/><V116/><F116/><W77/><G110/><T87/><D111/><U84/><E38/><V114/><F39/><W43/><G29/><T8/><D87/><U18/><E18/><V27/><F114/><N who="0" m="44138" /><D19/><U131/><E106/><V55/><F67/><W33/><G77/><T134/><D134/><U71/><E71/><V92/><F92/><W42/><G53/><T21/><AGARI ba="0,0" hai="8,12,13,16,17,21,63,64,69,105,107" m="44138" machi="21" ten="30,2000,0" yaku="11,1,54,1" doraHai="83" who="0" fromWho="0" sc="200,20,287,-5,228,-5,285,-10" /><INIT seed="4,0,0,1,1,102" ten="220,282,223,275" oya="0" hai0="120,119,27,59,96,77,83,73,25,112,92,40,88" hai1="34,44,45,56,12,37,129,28,22,43,11,114,118" hai2="124,128,41,108,106,74,10,48,101,87,32,31,91" hai3="53,0,35,93,126,17,82,110,14,111,65,52,122"/><T64/><D119/><U21/><E118/><V5/><F108/><W58/><G0/><T61/><D120/><U80/><E114/><V29/><F74/><W117/><G35/><T75/><D112/><U47/><E129/><V49/><F128/><W86/><G117/><T8/><D75/><U55/><E34/><V105/><F101/><W36/><G122/><T4/><REACH who="0" step="1"/><D40/><REACH who="0" ten="210,282,223,275" step="2"/><U7/><E43/><V85/><F41/><W16/><G126/><T94/><D94/><U135/><E135/><V115/><F115/><W121/><G121/><T116/><D116/><U103/><E80/><V39/><F124/><W68/><G111/><T113/><D113/><U69/><E37/><V9/><F39/><W2/><G110/><T1/><AGARI ba="0,1" hai="1,4,8,25,27,59,61,64,73,77,83,88,92,96" machi="1" ten="20,7800,0" yaku="1,1,0,1,7,1,54,1,53,0" doraHai="102" doraHaiUra="30" who="0" fromWho="0" sc="210,88,282,-26,223,-26,275,-26" /><INIT seed="4,1,0,5,0,90" ten="298,256,197,249" oya="0" hai0="7,4,133,92,75,66,28,20,24,109,17,61,88" hai1="57,1,38,37,65,15,72,40,125,47,30,98,53" hai2="100,79,70,10,67,5,91,105,110,128,69,85,132" hai3="25,86,124,50,102,95,111,23,122,96,101,29,16"/><T104/><D104/><U52/><E72/><V74/><F110/><W35/><G122/><T127/><D75/><U130/><E1/><V80/><F128/><W83/><G124/><T126/><D133/><U106/><E125/><N who="0" m="47625" /><D109/><U49/><E30/><V89/><F132/><W54/><G111/><T21/><D21/><U84/><E84/><V77/><F89/><N who="3" m="55407" /><G35/><T118/><D118/><U33/><E33/><V55/><F79/><N who="3" m="46463" /><G29/><T97/><D28/><U39/><E15/><V78/><F78/><W68/><G68/><AGARI ba="1,0" hai="4,7,17,20,24,61,66,68,88,92,97" m="47625" machi="68" ten="30,5800,0" yaku="18,1,52,1,54,1" doraHai="90" who="0" fromWho="3" sc="298,61,256,0,197,0,249,-61" /><INIT seed="4,2,0,3,0,76" ten="359,256,197,188" oya="0" hai0="115,78,91,57,127,13,135,105,88,116,54,42,15" hai1="38,8,107,25,97,92,95,16,87,67,36,2,39" hai2="63,62,94,75,9,43,124,93,128,77,90,83,28" hai3="14,133,113,122,125,31,51,74,111,80,110,56,4"/><T134/><D116/><U34/><E67/><V29/><F128/><W109/><G113/><T60/><D105/><U123/><E123/><V46/><F124/><W53/><G122/><T70/><D115/><U89/><E107/><V120/><F120/><W35/><G133/><N who="0" m="50699" /><D42/><U64/><E64/><V37/><F93/><W18/><G125/><T33/><D33/><U103/><E2/><V32/><F9/><W69/><G4/><T0/><D78/><U10/><REACH who="1" step="1"/><E16/><REACH who="1" ten="359,246,197,188" step="2"/><V21/><F29/><AGARI ba="2,1" hai="8,10,25,29,34,36,38,39,87,89,92,95,97,103" machi="29" ten="40,5200,0" yaku="1,1,2,1,53,1" doraHai="76" doraHaiUra="30" who="1" fromWho="2" sc="359,0,246,68,197,-58,188,0" /><INIT seed="5,0,0,0,4,129" ten="359,314,139,188" oya="1" hai0="67,73,77,119,135,111,23,35,126,17,30,56,42" hai1="78,133,81,62,6,74,41,72,12,9,4,132,130" hai2="48,33,85,49,65,58,55,103,123,25,16,64,118" hai3="2,128,31,89,28,104,95,0,54,14,97,86,105"/><U68/><E130/><V19/><F118/><W117/><G128/><T71/><D42/><U13/><E41/><V113/><F123/><W37/><G37/><T39/><D71/><U7/><E72/><V90/><F113/><W50/><G117/><T1/><D1/><U45/><E45/><V18/><F103/><W44/><G2/><T125/><D111/><U109/><E109/><V29/><REACH who="2" step="1"/><F48/><REACH who="2" ten="359,314,129,188" step="2"/><W88/><G0/><T83/><D119/><U38/><E38/><V22/><F22/><W87/><G104/><T92/><D23/><U82/><E9/><V27/><F27/><W101/><REACH who="3" step="1"/><G14/><REACH who="3" ten="359,314,129,178" step="2"/><T34/><D39/><U43/><E13/><V53/><F53/><W69/><G69/><T63/><D126/><U15/><E43/><V21/><F21/><W11/><G11/><T102/><D125/><U91/><E15/><V93/><AGARI ba="0,2" hai="16,18,19,25,29,33,49,55,58,64,65,85,90,93" machi="93" ten="30,8000,1" yaku="1,1,0,1,54,1,53,2" doraHai="129" doraHaiUra="60" who="2" fromWho="2" sc="359,-20,314,-40,129,100,178,-20" /><INIT seed="6,0,0,5,0,49" ten="339,274,229,158" oya="2" hai0="111,55,112,99,24,128,88,121,25,54,110,117,11" hai1="67,95,125,78,103,26,0,19,3,90,113,104,106" hai2="98,1,28,86,96,16,41,97,22,4,43,42,9" hai3="80,94,74,13,20,70,14,31,127,15,118,44,89"/><V107/><F86/><W65/><G118/><T81/><D121/><U35/><E113/><V58/><F28/><W75/><G127/><T36/><D36/><U5/><E125/><V105/><REACH who="2" step="1"/><F58/><REACH who="2" ten="339,274,219,158" step="2"/><W64/><G70/><T39/><D111/><U116/><E116/><V123/><F123/><W93/><G74/><T115/><D110/><U2/><E2/><V34/><F34/><W47/><G75/><T85/><D117/><U84/><E0/><V62/><F62/><W53/><G80/><T133/><D85/><U45/><E35/><V10/><F10/><W59/><G31/><T124/><D11/><U60/><E3/><V122/><F122/><W134/><G134/><T102/><D133/><U27/><E60/><V73/><F73/><W72/><G72/><T119/><D119/><U17/><E84/><V92/><F92/><W135/><G20/><T83/><D124/><U32/><E95/><N who="3" m="36362" /><G135/><T120/><D120/><U126/><E32/><V21/><F21/><W38/><G89/><T6/><D88/><U18/><E126/><V91/><F91/><W29/><G29/><T68/><D83/><U46/><E90/><V50/><F50/><N who="3" m="31159" /><G38/><T79/><D39/><U108/><E108/><V71/><F71/><W82/><G82/><T132/><D132/><U101/><E104/><V76/><F76/><W52/><G47/><T56/><D81/><U61/><E46/><V8/><F8/><W69/><G69/><T77/><D68/><U63/><E45/><V131/><F131/><W57/><G44/><T87/><D128/><U30/><E78/><N who="0" m="29705" /><D87/><U40/><E30/><RYUUKYOKU ba="0,1" sc="339,-15,274,-15,219,15,158,15" hai2="1,4,9,16,22,41,42,43,96,97,98,105,107" hai3="13,14,15,52,57,64,65" /><INIT seed="6,1,1,1,5,104" ten="324,259,234,173" oya="2" hai0="93,134,48,114,95,133,2,126,111,71,96,27,18" hai1="92,33,52,9,119,60,128,45,135,37,70,8,50" hai2="97,103,121,57,124,84,125,68,30,81,46,132,86" hai3="106,83,73,77,65,107,16,35,76,78,40,117,66"/><V110/><F121/><W53/><G35/><T123/><D114/><U39/><E33/><V6/><F68/><W67/><G40/><T25/><D126/><N who="2" m="48746" /><F30/><W80/><G117/><T99/><D111/><U41/><E92/><V32/><F32/><W108/><G108/><T47/><D2/><U1/><E1/><V31/><F110/><W91/><G91/><T129/><D129/><U63/><E119/><V112/><F31/><W36/><G36/><N who="1" m="13898" /><E9/><V23/><F6/><W127/><G127/><T43/><D71/><U69/><E8/><V55/><F112/><W11/><G53/><T21/><D123/><U3/><E3/><V59/><F23/><W19/><G11/><T122/><D122/><U101/><E101/><V12/><F12/><W89/><G89/><T105/><D27/><U4/><E4/><V7/><F7/><W120/><G120/><T74/><D25/><U38/><E128/><V75/><F75/><W88/><G88/><T79/><D21/><U98/><E98/><V131/><F131/><W44/><G44/><T64/><D99/><U49/><E135/><V54/><F132/><W100/><G100/><T10/><D134/><U42/><N who="1" m="13906" /><U13/><DORA hai="115" /><E13/><V56/><F46/><W34/><G34/><T62/><D133/><U90/><E90/><N who="2" m="51471" /><F86/><W24/><G24/><T61/><D10/><U28/><E28/><V113/><F113/><W102/><G102/><T118/><D96/><U116/><E41/><V109/><F109/><W94/><G94/><AGARI ba="1,1" hai="54,55,56,57,59,94,97,103" m="51471,48746" machi="94" ten="30,1500,0" yaku="18,1" doraHai="104,115" who="2" fromWho="3" sc="324,0,259,0,234,28,173,-18" /><INIT seed="6,2,0,5,5,21" ten="324,259,262,155" oya="2" hai0="106,25,51,128,67,0,95,102,24,108,101,88,55" hai1="109,12,29,99,104,111,125,61,5,3,103,119,78" hai2="70,120,49,39,31,32,6,110,113,97,87,17,38" hai3="73,64,52,82,133,83,58,89,33,79,50,11,86"/><V122/><F70/><W126/><G126/><T45/><D108/><U91/><E119/><V134/><F110/><W121/><G121/><T84/><D0/><U132/><E125/><V37/><F113/><W115/><G115/><T74/><D74/><U59/><E3/><V48/><F134/><W41/><G133/><T40/><D128/><U27/><E132/><V117/><F117/><W22/><G33/><T65/><D106/><U23/><E78/><V124/><F124/><W56/><G41/><T63/><D40/><U90/><E12/><V98/><F6/><W130/><G130/><T60/><D60/><U69/><E69/><V75/><F17/><W53/><G64/><N who="0" m="24651" /><D63/><U34/><E5/><V1/><F87/><W20/><REACH who="3" step="1"/><G11/><REACH who="3" ten="324,259,262,145" step="2"/><T100/><AGARI ba="2,1" hai="24,25,45,51,55,84,88,95,100,101,102" m="24651" machi="100" ten="30,7900,0" yaku="8,1,52,2,54,1" doraHai="21" who="0" fromWho="0" sc="324,95,259,-22,262,-41,145,-22" /><INIT seed="7,0,0,1,2,71" ten="419,237,221,123" oya="3" hai0="15,44,20,43,120,114,75,67,16,80,129,73,68" hai1="115,134,100,84,53,11,14,51,118,101,133,108,32" hai2="2,24,45,17,91,54,40,58,42,82,96,105,83" hai3="65,57,93,122,63,86,110,92,27,81,103,62,64"/><W88/><G122/><T119/><D129/><U22/><E32/><V109/><F109/><W13/><G110/><T52/><D114/><U55/><E118/><V106/><F2/><W85/><G103/><T95/><D67/><U46/><E108/><V98/><F105/><W34/><G13/><T94/><D68/><U7/><E115/><V35/><F106/><W125/><G125/><T69/><D52/><N who="1" m="29815" /><E22/><N who="2" m="13391" /><F35/><W90/><G34/><T132/><D132/><N who="1" m="50795" /><E84/><N who="2" m="50583" /><F83/><W25/><REACH who="3" step="1"/><G81/><REACH who="3" ten="419,237,221,113" step="2"/><T41/><D80/><U39/><E39/><V49/><F40/><W0/><G0/><T97/><D43/><U123/><E123/><V131/><F131/><W79/><G79/><T56/><D41/><U135/><E135/><V4/><F4/><W72/><G72/><T30/><D75/><U9/><E101/><V5/><F5/><W130/><G130/><T47/><D73/><U70/><E100/><V112/><F112/><W10/><G10/><T36/><D120/><U26/><E26/><V19/><F42/><W76/><G76/><T3/><D3/><U74/><E74/><V66/><F66/><W121/><G121/><T18/><D15/><U87/><E11/><V124/><F124/><W89/><G89/><T78/><D78/><U6/><E14/><V117/><F117/><W8/><G8/><T127/><D127/><U23/><E9/><V99/><F54/><W111/><G111/><T116/><D116/><U128/><E55/><V59/><F19/><W38/><G38/><T104/><D36/><U21/><E128/><V61/><F61/><W12/><G12/><T31/><D119/><RYUUKYOKU ba="0,1" sc="419,-15,237,-15,221,15,113,15" hai2="45,49,58,59,96,98,99" hai3="25,27,57,62,63,64,65,85,86,88,90,92,93" /><INIT seed="7,1,1,1,3,20" ten="404,222,236,128" oya="3" hai0="88,106,84,38,8,79,1,128,4,97,124,111,53" hai1="17,31,32,27,118,29,77,55,83,105,18,9,47" hai2="115,54,130,65,36,127,86,122,68,43,19,103,110" hai3="14,125,123,126,51,70,109,73,35,33,89,76,67"/><W66/><G123/><T11/><D124/><N who="3" m="47721" /><G109/><T96/><D128/><U91/><E105/><V62/><F110/><W50/><G89/><T100/><D11/><U61/><E118/><V28/><F122/><W22/><G76/><T12/><D38/><U44/><E31/><V102/><F130/><W34/><G73/><T78/><D1/><U93/><E9/><V10/><F115/><W134/><G134/><T21/><D106/><U119/><E119/><V60/><F102/><W59/><G70/><T46/><D100/><U69/><E47/><V48/><F103/><W94/><G94/><T107/><D107/><U25/><E25/><V129/><F129/><W98/><G98/><N who="0" m="37995" /><D111/><U42/><E93/><V75/><F75/><W40/><G40/><T82/><D21/><U95/><E95/><V87/><F127/><W116/><G116/><T132/><D132/><U57/><E91/><V13/><F43/><W6/><G6/><T114/><D114/><U71/><E69/><V104/><F104/><W64/><G59/><T16/><D4/><U30/><E71/><V90/><F68/><W63/><G63/><T85/><D85/><U23/><E32/><N who="3" m="8194" /><W0/><DORA hai="92" /><G0/><T2/><D2/><U58/><E30/><V49/><F86/><W3/><G3/><T113/><D113/><U39/><E57/><N who="2" m="34871" /><F28/><W37/><G37/><T117/><D117/><U80/><E80/><N who="2" m="49511" /><F36/><W72/><G72/><AGARI ba="1,1" hai="17,18,23,27,29,39,42,44,55,58,61,72,77,83" machi="72" ten="30,2000,0" yaku="7,1,52,1" doraHai="20,92" who="1" fromWho="3" sc="404,0,222,33,236,0,128,-23" owari="404,49.0,255,6.0,236,-16.0,105,-39.0" /></mjloggm>