<mjloggm ver="2.3"><GO type="41" lobby="0"/><UN n0="%E3%81%8B%E3%81%A4%E3%81%8A%E3%81%8B%E3%81%82%E3%81%A4" n1="%E2%93%9D%53%75%70%68%78" n2="%E3%83%A8%E3%83%9D%E3%83%9D%E3%82%A4" n3="%E3%81%AC%E3%81%AC%E3%81%84%E3%81%AC" dan="14,16,15,14" rate="1895.77,2040.35,2008.22,1859.24" sx="M,M,M,M"/><TAIKYOKU oya="0"/><INIT seed="0,0,0,1,5,133" ten="250,250,250,250" oya="0" hai0="31,118,55,134,135,105,18,104,106,44,130,63,65" hai1="117,87,0,10,113,49,64,71,34,2,8,75,11" hai2="131,13,108,54,28,36,128,123,101,97,69,46,22" hai3="37,1,27,125,84,42,19,74,61,109,115,58,120"/><T77/><D118/><U80/><E75/><V103/><F123/><W86/><G115/><T38/><D130/><U30/><E117/><V57/><F69/><W83/><G109/><T25/><D77/><U116/><E116/><V98/><F108/><W16/><G1/><T50/><D18/><U24/><E113/><V12/><F36/><W111/><G111/><T110/><D38/><U76/><REACH who="1" step="1"/><E49/><REACH who="1" ten="250,240,250,250" step="2"/><V52/><F131/><W92/><G120/><T90/><D110/><U94/><E94/><V102/><F128/><W114/><G74/><T47/><D47/><U5/><E5/><V51/><F13/><W124/><G92/><T81/><D81/><U43/><E43/><V68/><F12/><W3/><G83/><T88/><D134/><U41/><E41/><V15/><F15/><W59/><G42/><T45/><D45/><U4/><E4/><V32/><F32/><W129/><G37/><T85/><D85/><U96/><E96/><V39/><F39/><W40/><G40/><T67/><D135/><U33/><E33/><V66/><F97/><W56/><G129/><T70/><REACH who="0" step="1"/><D67/><REACH who="0" ten="240,240,250,250" step="2"/><U121/><E121/><V26/><F98/><W48/><G86/><T60/><D60/><AGARI ba="0,2" hai="0,2,8,10,11,24,30,34,60,64,71,76,80,87" machi="60" ten="40,2600,0" yaku="1,1,53,1" doraHai="133" doraHaiUra="21" who="1" fromWho="0" sc="240,-26,240,46,250,0,250,0" /><INIT seed="1,0,0,3,5,73" ten="214,286,250,250" oya="1" hai0="40,62,61,114,18,34,0,130,35,118,23,17,38" hai1="70,106,122,20,7,36,13,68,1,76,113,69,112" hai2="83,48,58,128,120,50,126,11,103,63,127,25,77" hai3="53,8,66,3,6,32,49,5,4,91,74,115,125"/><U16/><E122/><V110/><F120/><W87/><G115/><T72/><D118/><U108/><E106/><V33/><F103/><W44/><G32/><T55/><D72/><U12/><E36/><V26/><F128/><W105/><G105/><T135/><D130/><U80/><E1/><V47/><F11/><W104/><G104/><T99/><D114/><U94/><E108/><V39/><F39/><W81/><G125/><N who="2" m="47625" /><F110/><W129/><G129/><T95/><D0/><U24/><E94/><V22/><F33/><W54/><G66/><T89/><D18/><U46/><E46/><V79/><F83/><W29/><G29/><T30/><D30/><U134/><E134/><V64/><F64/><W65/><BYE who="2" /><G65/><T9/><D9/><U116/><E116/><V19/><F19/><W101/><G101/><T71/><D71/><U57/><E57/><V92/><F92/><W88/><G74/><T98/><D98/><U117/><E117/><V15/><F15/><W60/><REACH who="3" step="1"/><G91/><REACH who="3" ten="214,286,250,240" step="2"/><T97/><D35/><U100/><E100/><V37/><F37/><W67/><G67/><T102/><D34/><U78/><E113/><V43/><F43/><W45/><G45/><T84/><D102/><U27/><E112/><V107/><F107/><W41/><G41/><UN n2="%E3%83%A8%E3%83%9D%E3%83%9D%E3%82%A4" /><T109/><D40/><U59/><E70/><V31/><F26/><W86/><G86/><T90/><D38/><U93/><E27/><V85/><F85/><W2/><G2/><T51/><D84/><U133/><E24/><V82/><F47/><W42/><G42/><T21/><D89/><U123/><E69/><RYUUKYOKU ba="0,1" sc="214,-10,286,-10,250,-10,240,30" hai3="3,4,5,6,8,44,49,53,54,60,81,87,88" /><INIT seed="2,1,1,5,0,31" ten="204,276,240,270" oya="2" hai0="110,47,88,0,132,36,32,25,52,123,82,122,55" hai1="39,50,117,104,71,11,48,37,59,130,93,105,102" hai2="89,94,63,125,40,44,15,30,67,75,96,70,12" hai3="51,28,72,24,53,18,68,43,49,2,23,61,91"/><V127/><F75/><W14/><G2/><T35/><D0/><U57/><E93/><V73/><F73/><W131/><G131/><T21/><D110/><U86/><E86/><V60/><F60/><W134/><G134/><T26/><D132/><U69/><E11/><V4/><F30/><W5/><G5/><T126/><D126/><U13/><E13/><V58/><F70/><W133/><G133/><T80/><D36/><U79/><E102/><V66/><F66/><W107/><G72/><T3/><D3/><U20/><E20/><V45/><F45/><W95/><G107/><T46/><D21/><U65/><E65/><V112/><F112/><W9/><G43/><T62/><D62/><U129/><REACH who="1" step="1"/><E79/><REACH who="1" ten="204,266,240,270" step="2"/><V83/><F127/><W124/><G124/><T100/><D100/><U120/><E120/><V42/><F125/><W111/><G111/><T128/><D128/><U103/><E103/><V99/><F99/><W116/><G9/><T84/><D84/><U22/><E22/><V114/><F114/><W92/><G14/><T27/><D27/><U56/><E56/><V38/><F4/><W135/><G95/><T17/><D17/><U119/><AGARI ba="1,2" hai="37,39,48,50,57,59,69,71,104,105,117,119,129,130" machi="119" ten="25,6400,0" yaku="1,1,0,1,22,2,53,0" doraHai="31" doraHaiUra="121" who="1" fromWho="1" sc="204,-17,266,87,240,-33,270,-17" /><INIT seed="3,0,0,3,4,112" ten="187,353,207,253" oya="3" hai0="85,86,97,118,63,122,75,35,99,22,134,78,101" hai1="70,58,6,91,83,1,68,77,49,135,61,128,129" hai2="5,125,109,15,88,96,23,67,52,14,90,32,25" hai3="79,9,17,71,19,38,28,11,43,47,89,40,45"/><W44/><G71/><T34/><D122/><U111/><E111/><V131/><F131/><N who="1" m="50249" /><E49/><V33/><F125/><W57/><G79/><T53/><D134/><U76/><E76/><V114/><F67/><W94/><G28/><T92/><D75/><N who="1" m="43455" /><E91/><V98/><F114/><W102/><G102/><T80/><D86/><U62/><E62/><V41/><F41/><W108/><G108/><T16/><D118/><U18/><E18/><V93/><F109/><W36/><G57/><T59/><REACH who="0" step="1"/><D97/><REACH who="0" ten="177,353,207,253" step="2"/><U87/><E87/><V110/><F110/><W72/><G72/><T115/><D115/><U133/><E133/><V7/><F93/><W8/><REACH who="3" step="1"/><G47/><REACH who="3" ten="177,353,207,243" step="2"/><T27/><AGARI ba="0,2" hai="16,22,27,34,35,53,59,63,78,80,85,92,99,101" machi="27" ten="20,5200,0" yaku="1,1,0,1,7,1,54,1,53,0" doraHai="112" doraHaiUra="26" who="0" fromWho="0" sc="177,72,353,-13,207,-13,243,-26" /><INIT seed="4,0,0,3,5,22" ten="249,340,194,217" oya="0" hai0="83,102,7,20,88,131,124,69,86,13,65,121,27" hai1="21,38,66,73,100,48,15,103,16,6,62,33,130" hai2="0,44,10,43,36,95,134,23,24,101,106,42,126" hai3="71,67,128,64,122,26,57,105,104,82,54,51,77"/><T63/><D121/><U111/><E111/><V12/><F0/><W93/><G128/><T3/><D3/><U80/><E38/><V56/><F106/><W107/><G122/><T37/><D37/><U109/><E33/><V50/><F134/><W92/><G71/><T4/><D131/><U84/><E73/><V110/><F110/><W127/><G127/><T8/><D102/><U29/><E109/><V28/><F126/><W112/><G112/><T35/><D35/><U17/><E29/><V2/><F2/><W116/><G116/><T99/><D99/><U81/><E6/><V18/><F36/><W9/><G9/><T19/><REACH who="0" step="1"/><D124/><REACH who="0" ten="239,340,194,217" step="2"/><U46/><E103/><V1/><F1/><W119/><G119/><T85/><D85/><U96/><E84/><V76/><F101/><W34/><G34/><T133/><D133/><U53/><E130/><V117/><F117/><W59/><G107/><T108/><D108/><U115/><E115/><V118/><F118/><W129/><G105/><T91/><D91/><U41/><E100/><V98/><F76/><W11/><G129/><T72/><D72/><U97/><E97/><V30/><F98/><W123/><G104/><T78/><D78/><U45/><E96/><V75/><F75/><W58/><G77/><T94/><D94/><U125/><E125/><V55/><F95/><W70/><G92/><T74/><D74/><U87/><E87/><V113/><F113/><W40/><G93/><T31/><AGARI ba="0,1" hai="4,7,8,13,19,20,27,31,63,65,69,83,86,88" machi="31" ten="20,12000,1" yaku="1,1,0,1,7,1,52,1,54,1,53,0" doraHai="22" doraHaiUra="52" who="0" fromWho="0" sc="239,130,340,-40,194,-40,217,-40" /><INIT seed="4,1,0,2,5,44" ten="369,300,154,177" oya="0" hai0="110,68,15,45,2,83,82,16,19,111,14,47,73" hai1="43,130,1,65,92,36,23,115,29,21,49,59,99" hai2="109,124,75,90,25,72,98,56,117,24,128,30,93" hai3="55,28,101,114,106,34,120,103,78,18,61,46,3"/><T112/><D2/><U87/><E1/><V38/><F38/><W22/><G114/><T32/><D32/><U70/><E130/><V134/><F109/><W39/><G120/><T91/><D68/><U20/><E115/><V69/><F69/><W127/><G127/><T74/><D91/><U4/><E4/><V86/><F128/><W71/><G78/><T40/><D40/><U118/><E118/><V0/><F0/><W102/><G3/><T51/><D112/><U100/><E36/><V85/><F75/><W41/><G34/><T35/><D35/><U131/><E70/><V108/><F72/><W105/><G28/><T123/><REACH who="0" step="1"/><D51/><REACH who="0" ten="359,300,154,177" step="2"/><U57/><E131/><V53/><F117/><W58/><REACH who="3" step="1"/><G71/><REACH who="3" ten="359,300,154,167" step="2"/><T6/><D6/><U95/><E29/><V76/><F108/><W11/><G11/><T116/><D116/><U77/><E23/><V129/><F129/><W126/><G126/><T119/><D119/><U121/><E21/><V8/><F124/><W10/><G10/><T37/><D37/><U42/><E20/><V17/><F8/><W135/><G135/><T60/><D60/><U81/><E121/><AGARI ba="1,2" hai="14,15,16,19,45,47,73,74,82,83,110,111,121,123" machi="121" ten="25,9600,0" yaku="1,1,22,2,54,1,53,0" doraHai="44" doraHaiUra="63" who="0" fromWho="1" sc="359,119,300,-99,154,0,167,0" /><INIT seed="4,2,0,3,4,39" ten="478,201,154,167" oya="0" hai0="6,7,51,90,71,9,94,119,47,135,76,13,116" hai1="23,91,125,112,98,77,19,89,50,85,62,123,66" hai2="108,48,24,75,32,82,59,127,100,60,45,63,103" hai3="120,54,35,132,0,110,17,56,80,8,40,78,95"/><T88/><D71/><U58/><E125/><V25/><F127/><W55/><G110/><T109/><D109/><U15/><E123/><V121/><F121/><W26/><G132/><T134/><D76/><U74/><E74/><V73/><F108/><W97/><G120/><T64/><D64/><U126/><E112/><V115/><F115/><W11/><G0/><T33/><D33/><U130/><E130/><V57/><F82/><W104/><G104/><T65/><D65/><U72/><E72/><V129/><F45/><W34/><G34/><T67/><D67/><U31/><E31/><V20/><F32/><W3/><G3/><T99/><D90/><U117/><E117/><V5/><F20/><W96/><G96/><T114/><D6/><U4/><E4/><V52/><F5/><W28/><G54/><T1/><D1/><U37/><E37/><V111/><F111/><W102/><G17/><T53/><REACH who="0" step="1"/><D114/><REACH who="0" ten="468,201,154,167" step="2"/><U118/><E126/><V2/><F2/><W21/><G35/><T14/><D14/><U36/><E15/><V70/><F70/><W44/><G78/><T122/><D122/><U29/><E77/><V86/><F24/><W27/><G27/><T30/><D30/><U133/><E29/><V83/><F25/><W106/><G26/><T101/><D101/><U107/><E91/><V131/><F103/><W87/><G28/><T10/><D10/><U92/><E89/><V128/><F100/><W61/><G21/><T43/><D43/><U18/><E23/><V22/><F22/><W113/><G113/><T41/><D41/><U124/><E124/><RYUUKYOKU ba="2,1" sc="468,30,201,-10,154,-10,167,-10" hai0="7,9,13,47,51,53,88,94,99,116,119,134,135" /><INIT seed="4,3,1,4,2,44" ten="498,191,144,157" oya="0" hai0="39,47,132,49,86,106,12,103,58,73,8,71,108" hai1="53,26,70,59,29,36,117,130,104,22,34,11,41" hai2="50,31,65,68,122,23,85,75,13,80,19,40,72" hai3="66,133,9,79,17,61,116,1,107,96,51,52,62"/><T88/><D73/><U93/><E104/><V37/><F37/><W24/><G116/><T3/><D71/><U119/><E70/><V5/><F122/><W115/><G79/><T84/><D84/><U60/><E130/><V89/><F31/><W16/><G115/><T32/><D39/><U131/><E131/><V69/><F68/><W21/><G1/><T0/><D32/><U35/><E41/><V55/><F40/><W18/><G133/><T110/><D58/><U56/><E36/><V15/><F65/><W102/><G66/><T128/><D128/><U48/><E11/><V81/><F69/><W129/><G129/><T78/><D78/><U54/><REACH who="1" step="1"/><E93/><REACH who="1" ten="498,181,144,157" step="2"/><V46/><F81/><W28/><REACH who="3" step="1"/><G9/><REACH who="3" ten="498,181,144,147" step="2"/><T111/><D132/><U124/><E124/><V25/><F72/><W43/><G43/><T6/><D0/><U105/><E105/><V2/><F75/><W135/><G135/><T33/><D3/><U20/><E20/><V27/><F2/><W42/><G42/><T10/><D10/><AGARI ba="3,3" hai="5,10,13,15,19,23,25,27,46,50,55,80,85,89" machi="10" ten="40,2600,0" yaku="8,1,52,1" doraHai="44" who="2" fromWho="0" sc="498,-35,181,0,144,65,147,0" /><INIT seed="5,0,0,3,5,73" ten="463,181,209,147" oya="1" hai0="3,65,88,85,48,45,72,8,113,75,33,9,56" hai1="125,10,117,133,74,14,66,110,15,30,59,54,28" hai2="25,119,70,34,31,21,132,18,16,108,93,6,83" hai3="90,36,126,4,124,11,127,111,12,86,109,50,44"/><U128/><E117/><V71/><F70/><W98/><G98/><T76/><D33/><U64/><E74/><V23/><F83/><W35/><G36/><T106/><D106/><U7/><E128/><V22/><F71/><W107/><G107/><T0/><D75/><U79/><E133/><V135/><F93/><W100/><G100/><T89/><D65/><N who="1" m="25195" /><E125/><V46/><F108/><W5/><G35/><T38/><D56/><U47/><E47/><V49/><F119/><W67/><G5/><T29/><D29/><N who="1" m="11371" /><E110/><V114/><F49/><W42/><REACH who="3" step="1"/><G67/><REACH who="3" ten="463,181,209,137" step="2"/><T116/><D38/><U81/><E7/><V53/><F132/><W13/><G13/><T121/><D0/><U61/><E10/><V120/><F135/><W43/><G43/><T118/><D9/><U84/><AGARI ba="0,1" hai="14,15,54,59,61,79,81,84" m="11371,25195" machi="84" ten="30,3000,0" yaku="8,1,52,1" doraHai="73" who="1" fromWho="1" sc="463,-10,181,40,209,-10,137,-10" /><INIT seed="5,1,0,0,4,36" ten="453,221,199,127" oya="1" hai0="31,123,2,102,69,60,59,63,88,117,48,40,53" hai1="81,110,89,1,22,14,99,115,116,4,37,34,23" hai2="50,17,124,68,35,135,46,8,74,125,114,75,127" hai3="52,129,120,98,101,61,96,103,119,54,106,73,134"/><U118/><E37/><V130/><F35/><W30/><G120/><T56/><D2/><U97/><E34/><V24/><F68/><W55/><G129/><T18/><D117/><U90/><E1/><V10/><F130/><W77/><G134/><T107/><D31/><U82/><E14/><V70/><F70/><W16/><G119/><T133/><D102/><U67/><E67/><V49/><F135/><W57/><G30/><T3/><D107/><U65/><E65/><V71/><F71/><W93/><G73/><N who="2" m="27657" /><F114/><W45/><G77/><T26/><D3/><U43/><E4/><V13/><F24/><W64/><REACH who="3" step="1"/><G16/><REACH who="3" ten="453,221,199,117" step="2"/><T85/><D123/><U111/><E115/><V131/><F131/><W94/><G94/><T51/><D133/><U121/><E121/><V47/><F17/><W66/><G66/><T132/><D18/><U105/><E105/><V109/><F109/><W25/><G25/><T100/><D26/><U84/><E84/><V7/><F8/><W44/><AGARI ba="1,1" hai="44,45,52,54,55,57,61,64,93,96,98,101,103,106" machi="44" ten="30,4000,0" yaku="1,1,0,1,54,1,53,0" doraHai="36" doraHaiUra="12" who="3" fromWho="3" sc="453,-11,221,-21,199,-11,117,53" /><INIT seed="6,0,0,0,4,52" ten="442,200,188,170" oya="2" hai0="75,5,119,14,4,32,74,37,117,7,57,38,2" hai1="96,114,121,81,8,125,69,33,58,126,49,132,18" hai2="19,128,92,104,12,93,113,79,124,42,3,13,123" hai3="133,103,22,55,63,28,31,88,17,46,98,23,51"/><V112/><F3/><W99/><G133/><T107/><D107/><U101/><E69/><V56/><F104/><W43/><G103/><T116/><D32/><U45/><E33/><V53/><F123/><W106/><G106/><T10/><D2/><U108/><E114/><V105/><F105/><W67/><G98/><T50/><D50/><U30/><E30/><V11/><F128/><W62/><G62/><T29/><D57/><U118/><E118/><V82/><F42/><W40/><G40/><T78/><D29/><U134/><E81/><V76/><F13/><W0/><G0/><T80/><D75/><U41/><E108/><V95/><F124/><N who="1" m="47721" /><E58/><V90/><F90/><W26/><G23/><T110/><D110/><U54/><E41/><V68/><F68/><W72/><G72/><T87/><D74/><U9/><E121/><V35/><F35/><W115/><G67/><T20/><D20/><U102/><E9/><V25/><F25/><W34/><G34/><T84/><D84/><U71/><E71/><V135/><F135/><N who="1" m="51753" /><E96/><V85/><REACH who="2" step="1"/><F79/><REACH who="2" ten="442,200,178,170" step="2"/><W122/><G122/><T77/><D78/><U15/><AGARI ba="0,1" hai="8,15,18,45,49,54,101,102" m="51753,47721" machi="15" ten="40,2700,0" yaku="18,1,20,1" doraHai="52" who="1" fromWho="1" sc="442,-7,200,37,178,-13,170,-7" /><INIT seed="7,0,0,3,4,54" ten="435,237,165,163" oya="3" hai0="130,102,3,70,79,75,74,4,65,29,77,133,20" hai1="94,99,95,32,90,14,2,24,62,33,10,61,50" hai2="85,48,93,96,117,68,81,118,69,13,51,49,57" hai3="82,107,78,89,80,19,115,114,132,135,23,64,8"/><W7/><G64/><T5/><D102/><U27/><E2/><V124/><F124/><W36/><G36/><T87/><D29/><U97/><E50/><V128/><F128/><W121/><G23/><T15/><D3/><U73/><E73/><V131/><F131/><W122/><G19/><T63/><D130/><U16/><E33/><V58/><F117/><W37/><G37/><T109/><D20/><U120/><E120/><N who="3" m="46186" /><G107/><T12/><D87/><U111/><E111/><V125/><F118/><W38/><G38/><T113/><D109/><U88/><E32/><V18/><F125/><W42/><G42/><T66/><D63/><AGARI ba="0,0" hai="10,14,16,24,27,61,62,63,88,90,94,95,97,99" machi="63" ten="40,8000,1" yaku="9,1,8,1,54,2" doraHai="54" who="1" fromWho="0" sc="435,-80,237,80,165,0,163,0" owari="355,45.0,317,12.0,165,-23.0,163,-34.0" /></mjloggm>