<mjloggm ver="2.3"><GO type="41" lobby="0"/><UN n0="%E3%81%9B%E3%81%A9%E3%81%AA%E3%82%8A%E3%81%82%E3%82%93" n1="%54%4F%4D%4F%43%48%41%4E" n2="%E9%89%84%E3%81%AE%E3%83%9E%E3%82%B9%E3%82%AF" n3="%E2%93%9D%53%75%70%68%78" dan="15,16,15,18" rate="2007.95,2094.50,2044.71,2134.92" sx="M,M,M,M"/><TAIKYOKU oya="0"/><INIT seed="0,0,0,0,4,59" ten="250,250,250,250" oya="0" hai0="111,8,127,7,73,129,25,26,67,81,13,105,31" hai1="89,29,83,76,58,134,39,61,16,71,53,108,4" hai2="41,1,88,90,79,92,125,78,110,74,37,19,115" hai3="35,120,22,57,133,82,98,24,114,84,48,106,42"/><T126/><D105/><U52/><E108/><V101/><F1/><W10/><G133/><T30/><D73/><U66/><E134/><V94/><F41/><W34/><G114/><T93/><D81/><U27/><E39/><V2/><F2/><W63/><G10/><T96/><D93/><N who="2" m="35946" /><F37/><W69/><G69/><T18/><D96/><U121/><E4/><V87/><F19/><W131/><G131/><T117/><D67/><U75/><E121/><V56/><F56/><W122/><G48/><T62/><D62/><U68/><E89/><N who="2" m="34411" /><F125/><N who="0" m="47626" /><D129/><U54/><REACH who="1" step="1"/><E16/><REACH who="1" ten="250,240,250,250" step="2"/><V86/><F110/><W32/><G122/><T124/><D111/><U33/><AGARI ba="0,1" hai="27,29,33,52,53,54,58,61,66,68,71,75,76,83" machi="33" ten="30,12000,2" yaku="1,1,2,1,0,1,52,1,54,1,53,1" doraHai="59" doraHaiUra="28" who="1" fromWho="1" sc="250,-60,240,130,250,-30,250,-30" /><INIT seed="1,0,0,0,0,39" ten="190,370,220,220" oya="1" hai0="101,34,44,69,113,18,54,33,11,49,79,96,92" hai1="35,23,41,75,61,82,133,12,60,78,32,15,27" hai2="70,21,45,8,4,119,42,10,66,128,17,85,6" hai3="106,109,53,1,48,117,87,126,118,89,114,46,97"/><U100/><E133/><V59/><F70/><W122/><G114/><T104/><D113/><U124/><E124/><V88/><F128/><W74/><G74/><T130/><D69/><U99/><E35/><V131/><F131/><W132/><G1/><T57/><D130/><U28/><E15/><V93/><F119/><W7/><G109/><T64/><D79/><U83/><E82/><V91/><F91/><W115/><G122/><T25/><D104/><U24/><E12/><V30/><F30/><W2/><G115/><T80/><D80/><U0/><E0/><V52/><F66/><W111/><G111/><T26/><D11/><U98/><E99/><V76/><F76/><W107/><G126/><T55/><D64/><U127/><E127/><V62/><F6/><W108/><G108/><T56/><D44/><U3/><E3/><V37/><F4/><W129/><G97/><T121/><D121/><U40/><E61/><V36/><F36/><W5/><G132/><T120/><D120/><U51/><E51/><V67/><F67/><W58/><G129/><T95/><D18/><U38/><E60/><V31/><F31/><W84/><G2/><T77/><D77/><U68/><E38/><V63/><F63/><W19/><G19/><T110/><D110/><U65/><E65/><V43/><F43/><W73/><G118/><T71/><D71/><U9/><E9/><V112/><F112/><W135/><G135/><T125/><D125/><U81/><E68/><V20/><F20/><W13/><G117/><T16/><D96/><U116/><E116/><V47/><F47/><RYUUKYOKU ba="0,0" sc="190,-10,370,-10,220,30,220,-10" hai2="8,10,17,21,37,42,45,52,59,62,85,88,93" /><INIT seed="2,1,0,1,5,14" ten="180,360,250,210" oya="2" hai0="11,32,131,76,120,102,132,61,65,91,31,130,17" hai1="22,46,37,4,128,59,85,88,42,45,0,29,69" hai2="109,26,5,113,106,12,54,23,114,36,87,50,103" hai3="8,62,10,25,78,57,104,71,127,44,75,101,96"/><V135/><F36/><W7/><G127/><T60/><D120/><U15/><E128/><V27/><F135/><W74/><G71/><T84/><D132/><U51/><E0/><V24/><F109/><W48/><G78/><T73/><D61/><U2/><E2/><V20/><F103/><W40/><G25/><T72/><D102/><U123/><E69/><V99/><F99/><W63/><G63/><T68/><D31/><U95/><E59/><V6/><F106/><W52/><REACH who="3" step="1"/><G10/><REACH who="3" ten="180,360,250,200" step="2"/><T1/><D76/><U33/><E123/><V41/><F114/><W125/><G125/><T67/><D67/><U121/><E121/><V105/><F113/><W94/><G94/><T93/><D32/><U79/><E79/><V89/><F105/><W111/><G111/><T107/><D107/><U55/><E33/><V100/><F20/><W28/><G28/><T18/><D73/><U118/><E118/><V70/><F70/><W19/><G19/><T83/><D93/><U126/><E126/><V16/><F100/><W21/><G21/><T34/><D72/><U124/><E124/><V49/><F49/><W9/><G9/><T38/><D34/><U129/><E22/><V122/><F122/><W92/><G92/><T112/><D112/><U115/><E115/><V64/><F64/><W82/><G82/><T66/><D38/><U43/><E37/><V13/><F23/><W117/><G117/><T53/><D66/><U119/><E119/><V133/><F133/><W81/><G81/><T116/><D116/><U58/><E51/><V90/><F50/><W97/><G97/><RYUUKYOKU ba="1,1" sc="180,-10,360,-10,250,-10,200,30" hai3="7,8,40,44,48,52,57,62,74,75,96,101,104" /><INIT seed="3,2,1,5,0,102" ten="170,350,240,230" oya="3" hai0="75,76,122,82,60,123,21,71,91,61,133,132,38" hai1="80,84,113,48,49,130,94,131,93,25,35,55,96" hai2="13,67,135,89,52,95,103,2,98,62,90,33,34" hai3="126,8,17,112,107,129,118,12,73,15,125,83,22"/><W127/><G118/><T40/><D61/><U111/><E111/><V44/><F2/><W69/><G112/><T9/><D21/><U81/><E113/><V47/><F135/><N who="0" m="51786" /><D91/><N who="2" m="34826" /><F34/><W79/><G69/><T115/><D115/><U1/><E1/><V56/><F33/><W41/><G41/><T86/><D86/><U65/><E35/><V104/><F104/><W28/><G129/><T92/><D92/><U105/><E25/><V0/><F0/><W128/><G128/><T54/><D9/><U134/><E84/><V114/><F114/><W50/><G50/><T26/><D26/><U43/><E134/><V77/><F77/><W3/><G3/><T32/><D32/><U16/><E43/><V70/><F70/><W42/><G42/><T74/><D74/><U29/><E105/><V46/><F13/><W4/><G107/><T97/><D97/><U20/><E96/><V7/><F7/><W31/><AGARI ba="2,1" hai="4,8,12,15,17,22,28,31,73,79,83,125,126,127" machi="31" ten="40,3900,0" yaku="0,1,18,1" doraHai="102" who="3" fromWho="3" sc="170,-15,350,-15,240,-15,230,55" /><INIT seed="3,3,0,3,4,103" ten="155,335,225,285" oya="3" hai0="96,70,59,116,77,22,124,131,122,62,21,13,40" hai1="74,10,135,23,108,111,58,79,107,19,115,89,26" hai2="118,25,71,82,91,44,101,83,69,76,94,41,80" hai3="24,52,28,65,20,119,8,97,109,18,54,102,64"/><W104/><G119/><T75/><D116/><U63/><E115/><V99/><F118/><W86/><G109/><N who="1" m="42058" /><E135/><V128/><F128/><W126/><G126/><T37/><D122/><U7/><E89/><V123/><F123/><W117/><G117/><T68/><D131/><U72/><E79/><V9/><F25/><W130/><G130/><T78/><D124/><U113/><E107/><N who="2" m="63935" /><F9/><W11/><G86/><T66/><D40/><U4/><E113/><V49/><F69/><W32/><G11/><T35/><D37/><U133/><E133/><V14/><F71/><W100/><G100/><T42/><D42/><U27/><E27/><V3/><F14/><W55/><REACH who="3" step="1"/><G8/><REACH who="3" ten="155,335,225,275" step="2"/><T47/><D75/><N who="1" m="28715" /><E10/><V85/><F3/><W0/><G0/><T127/><D127/><U48/><E48/><V98/><F49/><W34/><G34/><T29/><D35/><U36/><E36/><V60/><F60/><W56/><G56/><T95/><D59/><U15/><E58/><V12/><F44/><W84/><G84/><T105/><D47/><U51/><E51/><V45/><F45/><W93/><G93/><T2/><D2/><U114/><E63/><V81/><F41/><W132/><G132/><T67/><D70/><U134/><E134/><V53/><F53/><W92/><G92/><T31/><D67/><U46/><E46/><V43/><F43/><W57/><G57/><T87/><D95/><U90/><E114/><V106/><F12/><AGARI ba="3,1" hai="12,18,20,24,28,32,52,54,55,64,65,97,102,104" machi="12" ten="40,12000,1" yaku="1,1,52,1,54,1,53,2" doraHai="103" doraHaiUra="61" who="3" fromWho="2" sc="155,0,335,0,225,-129,275,139" /><INIT seed="3,4,0,4,4,97" ten="155,335,96,414" oya="3" hai0="84,104,44,22,38,37,56,102,75,11,72,24,70" hai1="99,126,50,125,89,3,17,32,68,133,106,41,18" hai2="28,112,117,120,64,14,4,15,78,108,27,40,10" hai3="39,69,98,121,83,92,116,129,100,60,79,132,35"/><W26/><G116/><T87/><D70/><U51/><E68/><V71/><F64/><W25/><G121/><T76/><D11/><U57/><E32/><N who="2" m="20511" /><F78/><W16/><G39/><T124/><D124/><U29/><E29/><V119/><F40/><W81/><G129/><T80/><D75/><U65/><E3/><N who="2" m="287" /><F71/><W101/><G132/><T54/><D38/><U23/><E18/><V88/><F88/><N who="3" m="55559" /><G35/><T114/><D114/><U105/><E133/><V67/><F67/><W110/><G110/><T9/><D9/><U19/><E19/><V59/><F59/><W7/><G7/><T13/><D13/><N who="2" m="4618" /><F112/><W128/><G128/><T111/><D44/><U8/><E57/><V31/><F120/><W45/><G69/><T61/><D37/><U73/><E65/><V6/><F108/><W86/><G83/><T2/><D111/><U21/><E73/><V113/><F113/><W74/><G74/><T123/><D123/><U66/><E66/><V96/><F96/><W131/><G131/><T47/><D47/><U53/><E99/><V43/><F43/><W118/><G45/><T82/><D82/><U77/><E41/><V33/><F6/><W30/><G118/><T36/><D36/><U90/><E77/><V94/><F94/><W20/><G60/><T34/><D104/><U49/><E49/><V109/><F109/><W134/><G134/><T115/><D72/><U63/><E63/><V62/><F62/><W1/><G1/><T93/><D2/><U0/><E51/><V91/><F91/><W135/><G135/><T42/><D115/><U5/><E50/><RYUUKYOKU ba="4,0" sc="155,-15,335,-15,96,15,414,15" hai2="31,33,117,119" hai3="16,20,25,26,30,79,81,86,100,101" /><INIT seed="3,5,0,4,0,32" ten="140,320,111,429" oya="3" hai0="97,16,43,133,19,65,53,64,34,3,84,102,98" hai1="2,72,8,129,12,63,122,92,50,0,131,99,76" hai2="116,128,57,51,90,79,86,6,126,11,113,66,74" hai3="61,111,15,68,132,95,101,108,121,30,58,38,94"/><W62/><G121/><T119/><D119/><U89/><E122/><V1/><F116/><W9/><G38/><T40/><D34/><U7/><E63/><V52/><F113/><W45/><G30/><T49/><D133/><U70/><E70/><V67/><F128/><N who="1" m="49225" /><E50/><V120/><F126/><W110/><G132/><T36/><D84/><U23/><E23/><V82/><REACH who="2" step="1"/><F120/><REACH who="2" ten="140,320,101,429" step="2"/><W26/><G111/><T80/><D36/><U130/><E130/><V41/><F41/><W75/><G110/><T14/><D43/><U104/><E104/><V37/><F37/><W106/><G106/><T93/><D40/><U103/><E103/><V22/><F22/><W100/><G100/><T83/><D102/><U55/><E55/><V127/><F127/><W105/><G101/><T59/><D53/><U118/><E118/><V44/><F44/><W60/><G45/><T13/><D49/><U87/><E72/><V91/><F91/><W125/><G75/><T73/><D73/><U47/><E47/><V35/><F35/><W31/><G125/><T39/><D39/><U117/><E117/><V48/><F48/><W112/><G108/><T123/><D123/><U4/><E76/><V114/><F114/><W85/><G112/><T78/><D78/><U135/><E135/><V5/><F5/><W28/><G105/><T24/><D65/><U107/><E4/><V21/><F21/><W81/><G58/><T134/><D64/><U33/><E33/><V10/><F10/><W17/><G9/><T109/><D134/><U27/><E107/><V115/><F115/><W25/><G68/><RYUUKYOKU ba="5,1" sc="140,-10,320,-10,101,30,429,-10" hai2="1,6,11,51,52,57,66,67,74,79,82,86,90" /><INIT seed="4,6,1,3,0,34" ten="130,310,131,419" oya="0" hai0="121,103,77,115,4,86,81,123,92,7,20,31,126" hai1="119,111,118,66,112,83,25,44,113,90,50,58,117" hai2="47,19,79,134,24,105,106,116,102,27,65,61,16" hai3="3,49,8,133,104,43,62,56,38,22,55,87,114"/><T1/><D115/><N who="1" m="44107" /><E25/><V93/><F134/><W12/><G104/><T85/><D126/><U96/><E96/><V6/><F6/><W135/><G38/><T71/><D71/><U127/><E90/><V63/><F79/><W21/><G3/><T69/><D69/><U107/><E83/><V36/><F47/><N who="3" m="25855" /><G114/><T91/><D103/><U70/><E107/><V108/><F36/><W5/><G87/><T84/><D84/><U33/><E33/><V72/><F72/><W132/><AGARI ba="6,1" hai="5,8,12,21,22,55,56,62,132,133,135" m="25855" machi="132" ten="30,1100,0" yaku="20,1" doraHai="34" who="3" fromWho="3" sc="130,-11,310,-9,131,-9,419,39" /><INIT seed="5,0,0,2,5,34" ten="119,301,122,458" oya="1" hai0="25,28,2,27,89,50,63,107,115,113,9,91,39" hai1="133,38,46,6,99,100,60,135,59,74,97,57,40" hai2="24,70,13,131,116,109,21,130,41,23,53,90,126" hai3="29,5,65,95,114,37,49,106,128,86,54,117,129"/><U76/><E99/><V1/><F70/><W105/><G114/><N who="0" m="43531" /><D39/><U78/><E6/><V118/><F41/><W33/><G117/><T0/><D9/><U56/><E60/><V80/><F53/><W7/><G95/><T96/><D27/><U101/><E100/><V111/><F90/><N who="0" m="34314" /><D50/><U121/><E121/><V134/><F80/><W18/><G106/><T68/><D68/><U104/><REACH who="1" step="1"/><E74/><REACH who="1" ten="119,291,122,458" step="2"/><V120/><F13/><W47/><G7/><T72/><D72/><U19/><E19/><V3/><F24/><W66/><G18/><T30/><D63/><U79/><AGARI ba="0,1" hai="38,40,46,56,57,59,76,78,79,97,101,104,133,135" machi="79" ten="40,3900,0" yaku="1,1,0,1,53,0" doraHai="34" doraHaiUra="11" who="1" fromWho="1" sc="119,-13,291,49,122,-13,458,-13" /><INIT seed="5,1,0,5,5,39" ten="106,340,109,445" oya="1" hai0="115,82,0,62,34,57,56,129,22,120,37,104,127" hai1="55,54,98,60,45,51,36,44,64,12,2,93,47" hai2="15,23,109,117,29,61,97,85,133,11,50,132,40" hai3="123,126,83,79,1,111,38,30,135,14,88,26,5"/><U6/><E2/><V78/><F109/><W130/><G126/><T21/><D0/><U90/><E36/><V102/><F117/><W4/><G130/><T77/><D37/><U20/><E54/><V7/><F61/><W46/><G135/><T18/><D34/><U118/><E118/><V3/><F3/><W33/><G123/><T35/><D35/><U105/><E105/><V73/><F73/><W10/><G111/><T27/><D104/><U134/><E134/><N who="2" m="51819" /><F29/><W16/><G88/><T8/><D115/><U128/><E128/><V103/><F97/><W112/><G112/><T116/><D127/><U110/><E110/><V119/><F23/><W101/><G101/><T121/><D129/><U107/><E107/><V49/><F49/><W124/><G124/><T41/><D41/><U13/><E20/><V72/><F72/><W63/><G63/><T80/><D116/><U81/><E81/><N who="2" m="47287" /><F119/><W86/><G1/><T42/><D8/><U91/><E91/><V17/><F17/><W87/><G87/><T74/><D80/><U71/><REACH who="1" step="1"/><E6/><REACH who="1" ten="106,330,109,445" step="2"/><V114/><F114/><W75/><G5/><T108/><D108/><U131/><E131/><V95/><F95/><W67/><G4/><T32/><D22/><U113/><E113/><V68/><F68/><W94/><G94/><T31/><D120/><U122/><E122/><V66/><F66/><W25/><G67/><T76/><D121/><U53/><E53/><V52/><F52/><W89/><G33/><T92/><D32/><U84/><E84/><V69/><F69/><W43/><G30/><T106/><D31/><RYUUKYOKU ba="1,1" sc="106,-30,330,10,109,10,445,10" hai1="12,13,44,45,47,51,55,60,64,71,90,93,98" hai2="7,11,15,40,50,102,103" hai3="10,14,16,25,26,38,43,46,75,79,83,86,89" /><INIT seed="5,2,1,1,5,63" ten="76,340,119,455" oya="1" hai0="125,72,7,95,105,73,87,70,24,119,61,8,124" hai1="128,22,2,80,36,88,132,62,104,102,71,53,0" hai2="66,13,4,114,26,28,81,96,9,40,16,60,89" hai3="103,109,21,57,33,58,116,100,133,49,85,41,98"/><U92/><E36/><V30/><F40/><W12/><G109/><T99/><D119/><U75/><E128/><V79/><F114/><W107/><G33/><T18/><D105/><U118/><E118/><V56/><F96/><W78/><G133/><T5/><D5/><U35/><E35/><V47/><F47/><W129/><G103/><T6/><D6/><U42/><E42/><V10/><F89/><W111/><G111/><T134/><D134/><U108/><E132/><V84/><REACH who="2" step="1"/><F26/><REACH who="2" ten="76,340,109,455" step="2"/><W67/><G98/><T83/><D24/><U17/><E88/><V48/><F48/><W34/><G49/><T117/><D117/><U54/><E108/><V127/><F127/><W68/><G41/><T69/><D124/><U113/><E113/><V1/><AGARI ba="2,2" hai="1,4,9,10,13,16,28,30,56,60,66,79,81,84" machi="1" ten="20,8000,1" yaku="1,1,0,1,7,1,52,1,54,1,53,0" doraHai="63" doraHaiUra="44" who="2" fromWho="2" sc="76,-22,340,-42,109,106,455,-22" /><INIT seed="6,0,0,5,1,56" ten="54,298,215,433" oya="2" hai0="97,107,13,129,22,65,131,108,94,115,62,40,47" hai1="130,34,110,80,6,49,5,53,106,11,98,28,37" hai2="21,23,63,77,122,132,7,70,50,24,2,126,36" hai3="48,125,27,12,123,33,95,101,120,124,1,128,66"/><V116/><F122/><W68/><G128/><T88/><D108/><U16/><E110/><V96/><F36/><W17/><G1/><T41/><D115/><U100/><E130/><V15/><F116/><W32/><G48/><T29/><D41/><U109/><E109/><V4/><F2/><W91/><G101/><T118/><D107/><U74/><E28/><V46/><F132/><W73/><G73/><T112/><D112/><U113/><E113/><V78/><F96/><W71/><G66/><T102/><D102/><U121/><E34/><N who="3" m="13418" /><G27/><T43/><D43/><U85/><E74/><V42/><F126/><N who="3" m="48747" /><G17/><T10/><D118/><U35/><E35/><V61/><F70/><N who="3" m="26667" /><G12/><T92/><D29/><U59/><E37/><V38/><F38/><W103/><G103/><T18/><D22/><N who="2" m="8202" /><F24/><W20/><G20/><T30/><D30/><U135/><E135/><V72/><F72/><W83/><G83/><T25/><D25/><U79/><REACH who="1" step="1"/><E121/><REACH who="1" ten="54,288,215,433" step="2"/><V0/><F0/><W84/><AGARI ba="0,1" hai="84,91,95,120,123" m="26667,48747,13418" machi="84" ten="40,1500,0" yaku="18,1" doraHai="56" who="3" fromWho="3" sc="54,-4,288,-4,215,-7,433,25" /><INIT seed="7,0,0,2,1,79" ten="50,284,208,458" oya="3" hai0="47,13,101,2,76,50,40,22,119,54,108,117,44" hai1="21,69,67,128,91,72,34,24,131,104,58,12,97" hai2="75,35,41,28,99,23,112,90,42,129,64,135,30" hai3="95,1,103,52,87,56,3,132,4,37,102,9,89"/><W17/><G132/><T11/><D2/><U125/><E125/><V98/><F35/><W73/><G37/><T127/><D101/><U48/><E72/><V124/><F75/><W115/><G115/><T86/><D22/><U20/><E69/><V61/><F112/><W100/><G73/><T31/><D31/><U33/><E12/><V85/><F124/><W51/><G17/><T36/><D127/><U96/><E67/><V110/><F129/><W66/><G66/><T121/><D121/><U53/><E21/><V29/><F110/><W122/><G122/><T60/><D108/><U46/><E46/><V82/><F135/><W133/><G133/><T71/><D71/><U26/><E26/><V45/><F23/><W134/><G134/><T83/><D44/><U39/><E39/><V38/><REACH who="2" step="1"/><F41/><REACH who="2" ten="50,284,198,458" step="2"/><W81/><G3/><T5/><REACH who="0" step="1"/><D36/><REACH who="0" ten="40,284,198,458" step="2"/><U123/><E123/><V32/><F32/><W10/><G10/><T107/><D107/><U93/><E34/><V94/><F94/><W63/><G95/><T105/><D105/><U114/><E33/><V7/><F7/><W106/><G106/><T113/><D113/><U18/><E114/><V111/><F111/><W70/><G9/><T126/><D126/><U65/><E131/><V8/><F8/><W19/><G4/><T15/><D15/><U120/><E128/><V130/><F130/><W0/><G0/><T77/><D77/><U59/><E120/><V84/><F84/><W68/><G1/><T14/><D14/><U118/><E104/><V57/><AGARI ba="0,2" hai="28,29,30,38,42,45,57,61,64,82,85,90,98,99" machi="57" ten="30,4000,0" yaku="1,1,0,1,52,1,53,0" doraHai="79" doraHaiUra="74" who="2" fromWho="2" sc="40,-10,284,-10,198,60,458,-20" owari="30,-47.0,274,7.0,258,-14.0,438,54.0" /></mjloggm>