<mjloggm ver="2.3"><GO type="41" lobby="0"/><UN n0="%73%61%64%35%31%34" n1="%E3%83%89%E3%83%AA%E3%83%BC" n2="%5F%63%6F%73%6D%6F%5F" n3="%E2%93%9D%53%75%70%68%78" dan="14,14,15,18" rate="1925.58,1888.61,1990.49,2073.46" sx="M,M,M,M"/><TAIKYOKU oya="0"/><INIT seed="0,0,0,4,5,36" ten="250,250,250,250" oya="0" hai0="96,45,134,42,111,101,130,108,37,104,13,87,81" hai1="116,122,68,99,29,63,78,92,76,83,17,67,88" hai2="113,107,28,26,80,0,24,53,86,31,89,8,48" hai3="132,77,66,14,30,133,71,61,6,109,44,27,72"/><T16/><D130/><U75/><E76/><V115/><F107/><W55/><G109/><N who="0" m="42059" /><D134/><U39/><E39/><V21/><F8/><W47/><G14/><T110/><N who="0" m="42067" /><T94/><DORA hai="90" /><D87/><U98/><E116/><V64/><F64/><W82/><G6/><T95/><D81/><U129/><E129/><V70/><F70/><BYE who="2" /><W50/><REACH who="3" step="1"/><G47/><REACH who="3" ten="250,250,250,240" step="2"/><T1/><D1/><UN n2="%5F%63%6F%73%6D%6F%5F" /><U46/><E46/><V9/><F0/><W59/><G59/><T60/><D60/><U135/><E135/><V84/><F113/><W103/><G103/><T43/><D43/><U33/><E122/><V22/><F115/><W40/><G40/><T93/><D104/><U58/><E58/><V118/><F118/><W10/><G10/><AGARI ba="0,1" hai="10,13,16,37,42,45,93,94,95,96,101" m="42067" machi="10" ten="40,18000,2" yaku="14,1,10,1,52,4,54,1" doraHai="36,90" who="0" fromWho="3" sc="250,190,250,0,250,0,240,-180" /><INIT seed="0,1,0,3,3,50" ten="440,250,250,60" oya="0" hai0="18,2,31,76,120,19,91,10,99,47,15,45,132" hai1="77,41,16,81,39,97,95,74,129,9,133,110,131" hai2="117,29,35,20,108,48,68,28,128,96,69,66,6" hai3="103,75,5,113,127,46,118,4,125,130,11,88,90"/><T51/><D76/><U37/><E110/><V114/><F108/><W80/><G113/><T78/><D78/><U61/><E61/><V17/><F35/><W27/><G103/><T26/><D2/><U59/><E59/><V85/><F117/><W8/><G27/><T70/><D70/><U53/><E41/><V34/><F34/><W122/><G130/><N who="1" m="49674" /><E133/><V100/><F114/><W64/><G118/><T55/><D132/><U86/><E39/><V92/><F6/><W116/><G116/><T135/><D120/><U115/><E37/><V3/><F3/><W106/><G64/><T57/><D19/><U123/><E123/><V56/><F69/><W84/><G106/><T43/><D135/><U25/><E115/><V1/><F1/><W126/><G122/><T32/><D45/><U58/><E74/><V30/><F68/><W60/><G60/><T33/><D99/><U82/><E82/><V62/><F128/><W94/><G46/><T71/><D71/><U79/><E79/><V98/><F85/><W36/><G36/><T22/><D91/><N who="1" m="55551" /><E58/><V93/><F48/><AGARI ba="1,0" hai="10,15,18,22,26,31,32,33,43,47,48,51,55,57" machi="48" ten="30,2900,0" yaku="7,1,52,1" doraHai="50" who="0" fromWho="2" sc="440,32,250,0,250,-32,60,0" /><INIT seed="0,2,0,0,4,112" ten="472,250,218,60" oya="0" hai0="0,30,128,90,104,85,84,51,7,57,131,111,27" hai1="77,39,24,115,15,116,125,58,5,64,59,62,65" hai2="101,49,107,71,31,86,123,44,67,3,13,69,42" hai3="75,88,54,114,23,29,37,40,45,120,63,72,43"/><T21/><D104/><U38/><E115/><V89/><F3/><W73/><G114/><T99/><D111/><U98/><E77/><V108/><F108/><W127/><G127/><T134/><D134/><U78/><E78/><V124/><F124/><W47/><G120/><T132/><D132/><U46/><E125/><V8/><F31/><W55/><G63/><T91/><D99/><U76/><E76/><V130/><F123/><W100/><G100/><T105/><D105/><U133/><E98/><V9/><F101/><W113/><G113/><T110/><D110/><U118/><E133/><V68/><F67/><W56/><G56/><T28/><D7/><U95/><E95/><V18/><F107/><W4/><G4/><T61/><D51/><U87/><E87/><V70/><F130/><N who="0" m="49706" /><D0/><U117/><E24/><V35/><F35/><W106/><G106/><T52/><D30/><U6/><E46/><V1/><F71/><W83/><G29/><T19/><D28/><U109/><E109/><V129/><F129/><W17/><G47/><T93/><D93/><U81/><E81/><V103/><F103/><W119/><G43/><T34/><D34/><U97/><E97/><V80/><REACH who="2" step="1"/><F1/><REACH who="2" ten="472,250,208,60" step="2"/><W48/><G75/><T60/><D90/><U92/><E65/><V14/><F14/><N who="3" m="9655" /><G73/><T10/><D91/><U126/><E15/><V22/><AGARI ba="2,1" hai="8,9,13,18,22,42,44,49,68,69,70,80,86,89" machi="22" ten="30,2000,0" yaku="1,1,0,1,53,0" doraHai="112" doraHaiUra="74" who="2" fromWho="2" sc="472,-12,250,-7,208,36,60,-7" /><INIT seed="1,0,0,4,3,29" ten="460,243,244,53" oya="1" hai0="4,23,22,40,125,131,7,47,67,32,111,90,54" hai1="38,46,102,34,84,49,8,1,93,119,11,41,12" hai2="30,48,94,68,85,6,86,104,72,35,108,89,127" hai3="117,77,135,62,64,82,109,88,118,2,87,15,37"/><U121/><E119/><N who="3" m="45578" /><G2/><T5/><D67/><U0/><E121/><V81/><F68/><W133/><G37/><T70/><D70/><U59/><E34/><V44/><F72/><N who="3" m="43303" /><G15/><T24/><D54/><U63/><E8/><V57/><F108/><W106/><G62/><T61/><D61/><U66/><E102/><V124/><F104/><W73/><G64/><T3/><D111/><U130/><E130/><V79/><F6/><W55/><G55/><T31/><D131/><U9/><E9/><V58/><F30/><W96/><G73/><T33/><D47/><U110/><E110/><V51/><F35/><N who="0" m="13386" /><D40/><U42/><E42/><V21/><F21/><N who="0" m="7690" /><D90/><U18/><E38/><V10/><F10/><W80/><G109/><T36/><D36/><U129/><REACH who="1" step="1"/><E129/><REACH who="1" ten="460,233,244,53" step="2"/><V71/><F71/><W120/><G120/><T99/><D3/><U52/><E52/><V76/><F44/><W56/><G56/><T122/><D122/><U105/><E105/><V75/><F58/><W115/><G115/><T123/><D123/><U50/><E50/><V107/><F51/><W114/><G114/><T43/><D43/><U98/><E98/><V126/><F107/><W134/><G106/><T83/><D99/><AGARI ba="0,1" hai="80,87,88,96,99,133,134,135" m="43303,45578" machi="99" ten="40,8000,1" yaku="20,1,12,1,34,2,54,1" doraHai="29" who="3" fromWho="0" sc="460,-80,233,0,244,0,53,90" /><INIT seed="2,0,0,5,0,87" ten="380,233,244,143" oya="2" hai0="132,49,91,92,108,40,73,26,12,47,33,128,78" hai1="105,20,100,118,60,64,116,0,57,53,84,130,122" hai2="42,58,68,86,119,18,96,83,88,15,99,101,77" hai3="135,1,6,46,114,14,76,125,17,117,30,55,32"/><V79/><F68/><W44/><G117/><T7/><D73/><U38/><E0/><V103/><F119/><W109/><G109/><T115/><D108/><U113/><E38/><V24/><F24/><W95/><G125/><T61/><D78/><N who="2" m="29706" /><F58/><W70/><G135/><T27/><D132/><U63/><E113/><V80/><F80/><W37/><G70/><T31/><D27/><U81/><E130/><V10/><F42/><W110/><G30/><T82/><D128/><U11/><E122/><V51/><F51/><W75/><G37/><T126/><D126/><U35/><E35/><V2/><F2/><W94/><G32/><T69/><D82/><U127/><E127/><V121/><F121/><W13/><G1/><T104/><D104/><U120/><E120/><V123/><F123/><W22/><G110/><T25/><D26/><U124/><E124/><V56/><F56/><W89/><G76/><T16/><D7/><U23/><E116/><V5/><F5/><W48/><G114/><T29/><D29/><U134/><E118/><V102/><AGARI ba="0,0" hai="10,15,18,83,86,88,96,99,101,102,103" m="29706" machi="102" ten="30,6000,0" yaku="8,1,52,1,54,1" doraHai="87" who="2" fromWho="2" sc="380,-20,233,-20,244,60,143,-20" /><INIT seed="2,1,0,4,3,105" ten="360,213,304,123" oya="2" hai0="31,58,100,98,125,60,28,50,128,122,135,52,92" hai1="11,108,67,1,116,96,59,73,134,115,17,63,47" hai2="38,109,127,79,9,114,14,42,88,22,2,124,0" hai3="62,6,132,56,68,16,123,13,126,37,120,30,94"/><V23/><F114/><W24/><G68/><T26/><D122/><U8/><E115/><V69/><F69/><W25/><G37/><T46/><D135/><U86/><E116/><V5/><F42/><W29/><G94/><T131/><D125/><N who="2" m="48202" /><F38/><W18/><G56/><T27/><D131/><U7/><E134/><V99/><F79/><W74/><G62/><T45/><D128/><U106/><E108/><V35/><F35/><W95/><G95/><T91/><D91/><U107/><E47/><V54/><F54/><W65/><G65/><T112/><D112/><U75/><E86/><V12/><F109/><W113/><G126/><T33/><D60/><U84/><E84/><V70/><F70/><W36/><G36/><T121/><D121/><U133/><E133/><V64/><F64/><W48/><G132/><T72/><REACH who="0" step="1"/><D72/><REACH who="0" ten="350,213,304,123" step="2"/><U61/><E63/><V76/><F76/><W81/><G113/><T97/><D97/><U55/><E67/><V39/><F88/><W118/><G123/><T93/><D93/><U19/><E107/><V44/><F99/><W21/><G120/><T51/><D51/><U129/><E129/><V10/><F39/><W49/><G49/><T71/><D71/><U57/><E96/><V82/><F82/><W111/><G111/><T78/><D78/><U20/><E106/><V80/><F80/><W102/><G81/><T117/><D117/><U119/><E119/><V43/><F2/><W110/><G118/><T3/><D3/><U66/><E1/><V89/><F0/><W40/><G110/><T101/><D101/><U15/><E66/><RYUUKYOKU ba="1,1" sc="350,30,213,-10,304,-10,123,-10" hai0="26,27,28,31,33,45,46,50,52,58,92,98,100" /><INIT seed="3,2,1,5,1,14" ten="380,203,294,113" oya="3" hai0="25,7,107,100,40,77,2,116,20,67,106,49,47" hai1="65,56,117,31,33,130,102,27,74,32,35,44,66" hai2="80,104,29,38,3,69,123,94,78,132,93,73,134" hai3="112,131,57,133,15,81,64,36,60,71,124,76,82"/><W75/><G112/><T43/><D2/><U11/><E74/><V19/><F69/><W0/><G0/><T99/><D107/><U129/><E102/><V48/><F38/><W97/><G36/><T101/><D100/><U72/><E72/><V41/><F104/><W4/><G133/><N who="2" m="51305" /><F3/><W122/><G131/><N who="1" m="50186" /><E117/><V22/><F29/><W88/><G124/><T9/><D67/><N who="1" m="25611" /><E44/><N who="2" m="25615" /><F123/><W79/><G122/><T68/><D68/><U1/><E56/><V54/><F54/><W58/><G71/><T61/><D61/><U24/><E31/><V87/><F73/><W92/><G58/><T62/><D62/><U128/><N who="1" m="50194" /><U50/><DORA hai="105" /><E50/><V103/><F103/><W34/><G34/><N who="1" m="8706" /><U52/><DORA hai="111" /><E52/><V119/><F119/><W16/><G4/><AGARI ba="2,1" hai="1,4,11,24,27" m="8706,25611,50194" machi="4" ten="60,2000,0" yaku="19,1" doraHai="14,105,111" who="1" fromWho="3" sc="380,0,203,36,294,0,113,-26" /><INIT seed="4,0,0,4,2,1" ten="380,239,294,87" oya="0" hai0="37,60,131,21,109,74,18,11,59,24,130,106,30" hai1="87,52,22,58,46,96,44,34,5,102,66,38,31" hai2="65,78,35,116,125,72,114,33,111,119,8,51,86" hai3="3,64,107,27,4,75,67,120,39,132,49,95,62"/><T128/><D74/><U14/><E34/><V61/><F111/><W42/><G132/><T135/><D106/><U121/><E38/><V2/><F72/><W91/><G120/><T100/><D37/><U26/><E87/><V108/><F108/><W56/><G107/><T98/><D109/><U88/><E66/><V97/><F125/><W71/><G75/><T47/><D47/><U70/><E70/><V101/><F51/><W63/><G27/><T84/><D84/><U12/><E102/><V54/><F54/><W6/><G3/><T50/><D50/><N who="1" m="30999" /><E121/><V10/><F10/><W81/><G81/><T7/><D135/><U118/><E118/><V82/><F119/><W23/><G23/><T53/><D98/><U90/><E14/><V104/><F116/><W105/><G105/><T85/><D85/><U124/><E124/><V40/><F40/><W134/><G134/><T127/><D100/><U32/><E32/><V68/><F114/><W45/><REACH who="3" step="1"/><G39/><REACH who="3" ten="380,239,294,77" step="2"/><T99/><D127/><U103/><E103/><V79/><F2/><W36/><G36/><T126/><D126/><U80/><E80/><V16/><F35/><W25/><G25/><T43/><D131/><U29/><E31/><V73/><F33/><W113/><G113/><T112/><D30/><U117/><E117/><V89/><F73/><W69/><G69/><T133/><D112/><U0/><E0/><V83/><F82/><W9/><G9/><T77/><D133/><U122/><E29/><V55/><F8/><W15/><G15/><T17/><D11/><U115/><E12/><V92/><F104/><RYUUKYOKU ba="0,1" sc="380,-10,239,-10,294,-10,77,30" hai3="4,6,42,45,49,56,62,63,64,67,71,91,95" /><INIT seed="5,1,1,5,1,118" ten="370,229,284,107" oya="1" hai0="78,88,18,72,131,11,67,73,80,43,54,41,124" hai1="1,45,123,96,27,116,89,3,50,130,76,44,10" hai2="91,2,108,121,70,9,25,57,0,16,56,37,29" hai3="66,113,62,74,92,87,119,120,79,105,53,69,19"/><U82/><E130/><V111/><F70/><W77/><G119/><T85/><D131/><U28/><E116/><V128/><F37/><W17/><G105/><T68/><D73/><U134/><E134/><V30/><F128/><W86/><G113/><T61/><D54/><U135/><E135/><V51/><F51/><W58/><G74/><T55/><D55/><U63/><E63/><V132/><F132/><W110/><G110/><T21/><D11/><U104/><E44/><V133/><F133/><W75/><G75/><T90/><D90/><U23/><E3/><V42/><F91/><W52/><G69/><T22/><D22/><U5/><E89/><V14/><F42/><W65/><G62/><T33/><D33/><U93/><E104/><V13/><F9/><W48/><G92/><T101/><D101/><U32/><E93/><V49/><F49/><W40/><G48/><T39/><D39/><U31/><E96/><V95/><F95/><W20/><G20/><T106/><D106/><U125/><E31/><V99/><F99/><W117/><G117/><T126/><D124/><U107/><E125/><V127/><F127/><W129/><G129/><T71/><D71/><U97/><E32/><V38/><F38/><W114/><G114/><T4/><D4/><U102/><E82/><V34/><F34/><W109/><G109/><T46/><D46/><U15/><E76/><V112/><F112/><W94/><G94/><N who="0" m="54543" /><D126/><U60/><E1/><V7/><F7/><W35/><G35/><T6/><D6/><U24/><E27/><V103/><F111/><W64/><G79/><RYUUKYOKU ba="1,1" sc="370,30,229,-10,284,-10,107,-10" hai0="18,21,41,43,61,67,68,72,78,80" /><INIT seed="6,2,1,1,5,123" ten="400,219,274,97" oya="2" hai0="4,65,99,20,62,48,31,61,89,64,50,130,34" hai1="74,110,112,115,36,68,8,80,19,27,91,75,93" hai2="102,56,52,79,10,116,107,73,108,113,95,3,135" hai3="83,120,41,13,97,45,53,98,30,96,21,122,106"/><V32/><F116/><W29/><G106/><T81/><D34/><U131/><E68/><V104/><F32/><W40/><G83/><T5/><D31/><U44/><E27/><V76/><F135/><W87/><G87/><N who="0" m="50415" /><D20/><U67/><E67/><N who="0" m="25673" /><D99/><N who="1" m="57791" /><E19/><V24/><F24/><W126/><G126/><T129/><D130/><U7/><E131/><V16/><F73/><N who="1" m="27657" /><E80/><V37/><F37/><W109/><G21/><T114/><D114/><N who="1" m="43563" /><E44/><V117/><F3/><W66/><G45/><T1/><D1/><N who="1" m="111" /><E36/><V111/><F113/><W118/><G66/><T103/><D103/><U22/><E22/><V134/><F134/><W84/><G118/><T38/><D38/><U33/><E33/><V57/><F104/><W85/><G98/><T63/><D129/><U28/><E28/><V55/><F107/><W2/><G2/><T90/><D90/><U46/><E46/><V0/><F0/><W43/><G43/><T59/><D59/><N who="2" m="22602" /><F95/><W6/><G6/><AGARI ba="2,1" hai="4,5,6,48,50,61,62,63" m="25673,50415" machi="6" ten="30,1000,0" yaku="8,1" doraHai="123" who="0" fromWho="3" sc="400,26,219,0,274,0,97,-16" /><INIT seed="7,0,0,3,3,98" ten="426,219,274,81" oya="3" hai0="87,97,109,9,72,62,29,25,63,108,95,113,18" hai1="79,1,94,67,91,125,71,36,126,66,82,123,2" hai2="70,52,44,58,23,73,60,124,84,101,27,19,6" hai3="133,15,102,99,134,41,4,26,88,48,55,135,131"/><W92/><G41/><T32/><D72/><U127/><E36/><V89/><F73/><W128/><G26/><T93/><D113/><U0/><E123/><V75/><F75/><W17/><G4/><T64/><D87/><N who="1" m="48607" /><E71/><V5/><F124/><N who="1" m="31745" /><U34/><DORA hai="16" /><E34/><V46/><F70/><W10/><REACH who="3" step="1"/><G102/><REACH who="3" ten="426,219,274,71" step="2"/><T37/><D25/><U50/><E2/><V40/><F101/><W90/><G90/><T86/><D109/><U110/><E1/><V31/><F6/><W83/><G83/><T103/><D103/><U130/><E0/><V112/><F5/><W132/><N who="3" m="34048" /><DORA hai="28" /><W20/><G20/><T24/><D24/><U65/><E110/><V35/><F112/><W51/><G51/><T43/><D43/><U33/><E50/><V118/><F40/><W57/><AGARI ba="0,1" hai="10,15,17,48,55,57,88,92,99,128,131" m="34048" machi="57" ten="60,12000,1" yaku="1,1,0,1,20,1,54,1,53,1" doraHai="98,16,28" doraHaiUra="77,42,12" who="3" fromWho="3" sc="426,-40,219,-40,274,-40,71,130" /><INIT seed="7,1,0,3,5,112" ten="386,179,234,201" oya="3" hai0="27,116,57,66,121,81,59,64,69,46,126,73,51" hai1="86,67,79,133,82,11,45,42,97,122,33,48,31" hai2="109,13,135,3,130,29,101,84,20,60,87,129,47" hai3="23,70,49,72,98,119,93,32,124,100,91,120,1"/><W134/><G120/><T104/><D121/><U0/><E133/><V99/><F3/><W125/><G32/><T95/><D104/><U43/><E122/><V74/><F74/><W80/><G1/><T4/><D69/><U56/><E33/><V107/><F109/><W22/><G70/><T6/><D73/><U18/><E31/><V10/><F60/><W76/><G119/><T44/><D81/><U75/><E97/><V15/><F47/><N who="0" m="17962" /><D116/><U115/><E115/><V12/><F10/><W26/><G49/><T83/><D83/><U19/><E75/><V63/><F63/><W28/><G134/><T62/><D27/><U37/><E42/><V61/><F61/><W30/><G100/><T106/><D106/><U90/><E67/><V118/><F118/><W17/><REACH who="3" step="1"/><G30/><REACH who="3" ten="386,179,234,191" step="2"/><T55/><D66/><U7/><REACH who="1" step="1"/><E79/><REACH who="1" ten="386,169,234,191" step="2"/><V78/><F78/><W77/><G77/><T38/><D64/><U71/><E71/><V89/><F29/><W102/><G102/><T41/><D51/><U24/><E24/><AGARI ba="1,2" hai="17,22,23,24,26,28,72,76,80,91,93,98,124,125" machi="24" ten="40,2000,0" yaku="1,1,53,0" doraHai="112" doraHaiUra="114" who="3" fromWho="1" sc="386,0,169,-23,234,0,191,43" /><INIT seed="7,2,0,3,1,48" ten="386,146,234,234" oya="3" hai0="30,78,76,53,25,19,17,45,102,104,6,83,87" hai1="91,36,80,120,109,58,81,73,59,49,72,18,42" hai2="70,21,108,123,4,43,77,132,103,127,112,99,29" hai3="85,22,13,34,126,1,5,134,111,3,118,8,61"/><W12/><G61/><T28/><D6/><U52/><E109/><V7/><F70/><W92/><G85/><T66/><D66/><U9/><E120/><V46/><F108/><W20/><G92/><T32/><D30/><U57/><E73/><V114/><F123/><W51/><G51/><T54/><D78/><U35/><E35/><V107/><F127/><W60/><G60/><T122/><D122/><U65/><E72/><V115/><F77/><W62/><G62/><T27/><D104/><U15/><E80/><V75/><F75/><W106/><G106/><T56/><D102/><U105/><E105/><V16/><F29/><W97/><G97/><T125/><D45/><N who="1" m="27695" /><E36/><N who="2" m="21863" /><F132/><W79/><G79/><T44/><D44/><U128/><E128/><V14/><AGARI ba="2,0" hai="4,7,14,16,21,99,103,107,112,114,115" m="21863" machi="14" ten="30,2000,0" yaku="15,1,54,1" doraHai="48" who="2" fromWho="2" sc="386,-7,146,-7,234,26,234,-12" owari="379,48.0,139,-36.0,260,6.0,222,-18.0" /></mjloggm>