<mjloggm ver="2.3"><GO type="41" lobby="0"/><UN n0="%E3%83%88%E3%83%A9%E3%83%B3%E3%82%B9%E8%84%82%E8%82%AA%E9%85%B8" n1="%E3%81%8B%E3%81%9A%E3%81%AE%E3%81%97%E3%82%93" n2="%4D%61%74%59%75" n3="%E2%93%9D%53%75%70%68%78" dan="14,13,15,18" rate="2066.16,1869.62,1996.77,2074.88" sx="M,M,M,M"/><TAIKYOKU oya="0"/><INIT seed="0,0,0,5,0,99" ten="250,250,250,250" oya="0" hai0="100,66,18,45,25,71,15,135,61,7,34,115,53" hai1="125,14,49,69,119,93,82,91,107,103,104,30,134" hai2="114,79,74,78,77,123,111,75,10,23,51,31,2" hai3="12,28,19,35,4,52,41,89,86,16,110,20,126"/><T68/><D115/><U72/><E119/><V6/><F111/><W0/><G41/><T70/><D135/><U9/><E69/><V76/><F114/><W5/><G110/><T128/><D128/><U17/><E134/><V65/><F123/><W56/><G126/><T113/><D113/><U80/><E125/><V63/><F51/><W13/><G0/><T44/><D7/><U122/><E122/><V132/><F132/><W3/><G3/><T38/><D53/><U85/><E30/><V32/><F32/><W33/><G28/><T39/><D25/><U109/><E109/><V87/><F31/><W40/><G40/><T127/><D34/><U105/><E49/><V84/><N who="2" m="19456" /><DORA hai="24" /><V83/><F23/><N who="3" m="11655" /><G35/><T26/><D26/><U37/><E37/><V54/><F54/><W43/><G43/><T21/><D127/><U116/><E116/><V81/><F81/><N who="3" m="49359" /><G33/><T118/><D118/><U94/><REACH who="1" step="1"/><E72/><REACH who="1" ten="250,240,250,250" step="2"/><V92/><F75/><W11/><G20/><T8/><D71/><U131/><E131/><V46/><F74/><W108/><G108/><T88/><D70/><U112/><E112/><V59/><F83/><W29/><G29/><T73/><D73/><U106/><N who="1" m="26624" /><DORA hai="96" /><U36/><E36/><V117/><F117/><W1/><G1/><T27/><D39/><U121/><E121/><V120/><F120/><W48/><AGARI ba="0,1" hai="4,5,11,13,19,48,52,56" m="49359,11655" machi="48" ten="30,4000,0" yaku="8,1,54,2" doraHai="99,24,96" who="3" fromWho="3" sc="250,-20,240,-10,250,-10,250,50" /><INIT seed="1,0,0,4,1,104" ten="230,230,240,300" oya="1" hai0="103,122,47,64,74,44,58,128,32,15,131,129,90" hai1="102,84,117,87,19,123,66,99,110,81,78,17,4" hai2="67,3,49,86,18,106,112,88,72,95,41,107,118" hai3="2,71,52,35,53,8,45,108,134,115,34,23,38"/><U24/><E117/><V36/><F118/><W96/><G115/><T46/><D32/><U89/><E123/><V11/><F67/><W30/><G71/><T57/><D103/><U63/><E110/><V22/><F112/><W94/><G134/><T82/><D122/><U33/><E4/><V65/><F36/><W69/><G69/><T100/><D100/><U79/><E79/><V20/><F20/><W126/><G126/><T54/><D64/><U55/><E55/><V116/><F116/><W97/><G8/><T114/><D114/><U25/><E25/><V127/><F127/><W70/><G2/><T37/><D37/><U109/><E109/><V93/><F72/><W120/><G70/><T26/><D26/><U119/><E119/><V92/><F107/><W0/><G0/><T135/><D135/><U83/><E83/><V91/><F106/><W14/><G38/><T5/><D54/><U42/><E42/><V21/><F21/><W28/><G108/><T29/><D29/><N who="1" m="19623" /><E87/><V50/><F65/><W85/><G35/><T48/><D48/><U77/><E19/><V39/><F39/><W111/><G34/><T43/><D43/><U9/><E17/><V68/><F68/><W56/><G30/><T7/><D90/><N who="2" m="34346" /><F86/><W27/><G120/><T61/><D61/><U125/><E9/><V51/><F3/><W101/><G111/><T121/><D121/><U13/><E13/><N who="2" m="9551" /><F11/><W16/><G28/><T10/><D7/><U76/><E125/><V60/><F60/><N who="3" m="35847" /><G27/><T62/><D62/><U80/><E80/><V133/><F133/><W113/><G113/><RYUUKYOKU ba="0,0" sc="230,15,230,-15,240,15,300,-15" hai0="5,10,15,44,46,47,57,58,74,82,128,129,131" hai2="41,49,50,51,92,93,95" /><INIT seed="2,1,0,2,0,68" ten="245,215,255,285" oya="2" hai0="128,62,134,78,9,120,105,97,72,38,16,35,14" hai1="33,40,37,100,0,84,1,30,118,27,73,123,3" hai2="28,43,23,102,106,127,108,66,19,42,52,5,10" hai3="75,109,90,18,67,69,29,131,110,101,56,95,32"/><V113/><F113/><W54/><G75/><T117/><D120/><U88/><E118/><V116/><F116/><W34/><G101/><T104/><D117/><U81/><E73/><V50/><F66/><W65/><G18/><T89/><D35/><U87/><E87/><V130/><F28/><W94/><G131/><T93/><D128/><U103/><REACH who="1" step="1"/><E123/><REACH who="1" ten="245,205,255,285" step="2"/><V48/><F130/><W39/><G110/><T47/><D72/><U86/><E86/><V135/><F108/><W64/><G109/><T126/><D134/><U53/><E53/><V74/><F135/><W31/><G54/><T6/><D126/><U133/><E133/><V45/><F74/><W98/><G67/><T49/><D78/><U82/><E82/><V20/><F127/><W13/><G65/><T55/><D62/><U36/><E36/><V115/><F115/><W70/><G39/><T12/><REACH who="0" step="1"/><D38/><REACH who="0" ten="235,205,255,285" step="2"/><U24/><E24/><V2/><F106/><W15/><G70/><T121/><D121/><U51/><E51/><V77/><F77/><W122/><G69/><T92/><D92/><U61/><E61/><V112/><F112/><W132/><G122/><T4/><D4/><U57/><E57/><V46/><F5/><W21/><G56/><T80/><D80/><U91/><E91/><V22/><F102/><W7/><G132/><T99/><D99/><U41/><E41/><N who="2" m="24623" /><F2/><W58/><G58/><T119/><D119/><U83/><E83/><V26/><F26/><W71/><G71/><T124/><D124/><U63/><E63/><V125/><F125/><W44/><G90/><T85/><D85/><RYUUKYOKU ba="1,2" sc="235,10,205,10,255,10,285,-30" hai0="6,9,12,14,16,47,49,55,89,93,97,104,105" hai1="0,1,3,27,30,33,37,40,81,84,88,100,103" hai2="10,19,20,22,23,42,43,46,50,52" /><INIT seed="2,2,2,0,4,49" ten="245,215,265,255" oya="2" hai0="67,72,22,107,35,19,63,0,101,55,95,81,62" hai1="132,115,86,98,5,78,129,121,13,120,103,8,131" hai2="15,7,114,90,3,44,37,17,125,18,60,68,52" hai3="48,106,135,9,93,4,36,99,109,33,84,1,2"/><V45/><F114/><W10/><G36/><T41/><D35/><U122/><E115/><V91/><F3/><W75/><G75/><T42/><D0/><U117/><E117/><V30/><F30/><W24/><G106/><T28/><D28/><U14/><E132/><V59/><F68/><W25/><G84/><T26/><D107/><U56/><E56/><V21/><F125/><W124/><G109/><T128/><D128/><N who="1" m="49227" /><E86/><V127/><F127/><W43/><G33/><T61/><D67/><U94/><E78/><V66/><F7/><W100/><G135/><T126/><D126/><U46/><E46/><N who="2" m="18027" /><F37/><W54/><G43/><N who="0" m="16395" /><D81/><U47/><E47/><V58/><F18/><W116/><G116/><T34/><D34/><U97/><E97/><V108/><F108/><W77/><G124/><T29/><D29/><U65/><E65/><V102/><F102/><W112/><G112/><T133/><D72/><U50/><E50/><AGARI ba="2,2" hai="15,17,21,50,52,58,59,60,66,90,91" m="18027" machi="50" ten="30,5800,0" yaku="8,1,52,1,54,1" doraHai="49" who="2" fromWho="1" sc="245,0,215,-64,265,84,255,0" /><INIT seed="2,3,0,0,4,102" ten="245,151,349,255" oya="2" hai0="114,29,119,84,26,16,83,12,34,33,23,59,21" hai1="28,51,79,56,25,126,123,10,9,36,95,80,111" hai2="70,18,131,74,110,13,116,105,127,64,20,55,90" hai3="81,61,6,50,52,48,107,78,117,49,134,99,101"/><V130/><F116/><W1/><G117/><T4/><D114/><U104/><E36/><V67/><F74/><W89/><G134/><T7/><D119/><U63/><E123/><V17/><F90/><W65/><G89/><T121/><D121/><U133/><E133/><V75/><F75/><W135/><G6/><N who="0" m="2091" /><D59/><U69/><E69/><V109/><F55/><W106/><G1/><T118/><D84/><U58/><E111/><N who="2" m="42507" /><F127/><W96/><G135/><T30/><D83/><U129/><E126/><V42/><F42/><W132/><G132/><T40/><D40/><U38/><E38/><V86/><F86/><W37/><G37/><T87/><D87/><N who="1" m="48543" /><E104/><V22/><F70/><W97/><G101/><T60/><D60/><U3/><E3/><V39/><F39/><W27/><G81/><T62/><D62/><U72/><E72/><V91/><F91/><W15/><G78/><T108/><D118/><U14/><E129/><N who="2" m="49163" /><F105/><W124/><G124/><T125/><D125/><U32/><E95/><V11/><F11/><N who="1" m="4105" /><E14/><AGARI ba="3,0" hai="13,14,17,18,20,22,64,67" m="49163,42507" machi="14" ten="30,5800,0" yaku="14,1,10,1,19,1" doraHai="102" who="2" fromWho="1" sc="245,0,151,-67,349,67,255,0" /><INIT seed="2,4,0,4,5,71" ten="245,84,416,255" oya="2" hai0="12,7,2,32,3,56,46,13,92,104,94,73,72" hai1="134,126,28,30,81,41,120,93,24,44,88,82,105" hai2="76,113,67,53,89,102,101,131,23,1,54,31,116" hai3="6,95,107,78,119,5,118,91,36,33,45,100,59"/><V125/><F116/><W80/><G33/><T16/><D104/><U99/><E120/><V55/><F113/><W98/><G59/><T51/><D32/><U66/><E126/><V15/><F1/><W48/><G119/><T47/><D56/><U60/><E134/><V17/><F125/><W111/><G111/><T103/><D51/><U121/><E121/><V8/><F131/><W90/><G36/><T132/><D7/><U68/><E105/><V75/><F67/><W122/><G91/><T57/><D57/><U130/><E130/><V69/><F69/><W79/><G79/><T106/><D106/><U87/><E24/><V128/><F128/><W38/><G38/><T9/><D16/><U63/><E63/><V0/><F89/><W40/><G122/><T29/><D29/><U58/><E68/><V34/><F76/><W124/><G118/><T127/><D127/><U65/><E65/><V10/><F75/><W19/><G19/><T86/><D86/><U18/><E18/><V70/><F70/><W22/><G22/><T115/><D103/><U4/><E4/><N who="2" m="1031" /><F10/><W37/><G124/><T114/><REACH who="0" step="1"/><D9/><REACH who="0" ten="235,84,416,255" step="2"/><U133/><E133/><AGARI ba="4,1" hai="2,3,12,13,46,47,72,73,92,94,114,115,132,133" machi="133" ten="25,6400,0" yaku="1,1,2,1,22,2,53,0" doraHai="71" doraHaiUra="123" who="0" fromWho="1" sc="235,86,84,-76,416,0,255,0" /><INIT seed="3,0,0,4,0,95" ten="321,8,416,255" oya="3" hai0="5,114,84,107,25,70,109,67,91,128,103,119,127" hai1="99,85,125,71,68,100,69,18,39,124,117,63,111" hai2="121,16,79,83,9,130,28,20,60,8,115,31,78" hai3="54,22,93,92,134,58,10,106,129,97,41,0,132"/><W24/><G41/><T35/><D5/><U26/><E117/><V33/><F115/><W1/><G106/><T40/><D40/><U19/><E39/><V82/><F33/><W56/><G93/><T75/><D25/><U50/><E111/><V80/><F130/><W42/><G42/><T55/><D55/><U53/><E63/><V15/><F121/><W118/><G118/><T65/><D65/><U6/><E6/><V108/><F108/><W104/><G104/><T38/><D91/><U30/><E85/><V29/><F60/><W113/><G10/><T135/><D84/><U94/><E30/><V96/><F9/><W74/><G74/><T49/><D49/><U89/><E100/><V102/><REACH who="2" step="1"/><F8/><REACH who="2" ten="321,8,406,255" step="2"/><W76/><G129/><T7/><D7/><U45/><E26/><V57/><F57/><W27/><G113/><T66/><D66/><U131/><E131/><V36/><F36/><W13/><G58/><T123/><D67/><U59/><E59/><V62/><F62/><W34/><G34/><T87/><D87/><U14/><E14/><V3/><F3/><W110/><G110/><T2/><D103/><U112/><E112/><AGARI ba="0,1" hai="2,35,38,70,75,107,109,112,114,119,123,127,128,135" machi="112" ten="0,32000,5" yakuman="48" doraHai="95" who="0" fromWho="1" sc="321,330,8,-320,406,0,255,0" owari="651,74.0,-312,-81.0,406,21.0,255,-14.0" /></mjloggm>