<mjloggm ver="2.3"><GO type="41" lobby="0"/><UN n0="%E3%83%AB%E3%83%83%E3%83%81" n1="%E2%93%9D%53%75%70%68%78" n2="%67%67%67%61" n3="%E3%8C%A7%E3%81%BE" dan="14,17,14,14" rate="1984.60,2077.11,1841.99,1893.29" sx="M,M,F,M"/><TAIKYOKU oya="0"/><INIT seed="0,0,0,3,3,124" ten="250,250,250,250" oya="0" hai0="30,58,44,74,43,27,97,56,113,89,53,83,42" hai1="63,105,0,98,91,128,69,100,64,16,51,134,77" hai2="130,2,45,70,10,101,132,22,13,12,80,116,118" hai3="129,33,23,123,38,120,66,50,115,75,107,52,5"/><T11/><D113/><U7/><E134/><V81/><F132/><W47/><G115/><T8/><D58/><U28/><E77/><V46/><F70/><W67/><G33/><T135/><D135/><U1/><E7/><V133/><F133/><W4/><G75/><T39/><D43/><U103/><E103/><V87/><F101/><W3/><G107/><T18/><D18/><U99/><E128/><V25/><F2/><W111/><G111/><T82/><D82/><N who="2" m="31850" /><F87/><W96/><G96/><T31/><D31/><U32/><E51/><V21/><F25/><W84/><G84/><T109/><D109/><U65/><E65/><N who="3" m="24586" /><G38/><T48/><D97/><U41/><E41/><V6/><F130/><W125/><G125/><T117/><D117/><N who="2" m="45162" /><F10/><W86/><G86/><T72/><D89/><U85/><E99/><V122/><F122/><N who="3" m="46635" /><G23/><N who="2" m="8713" /><F6/><N who="3" m="2667" /><G3/><T49/><D39/><U73/><E1/><V61/><F61/><W36/><G36/><T40/><D40/><U79/><E0/><V29/><F29/><W78/><G78/><T94/><D94/><N who="1" m="54639" /><E79/><V102/><F102/><W20/><G20/><T112/><D83/><U37/><E37/><V54/><F54/><W76/><G76/><T59/><D74/><U88/><E73/><V57/><F57/><W114/><G114/><T104/><D72/><U106/><E88/><V26/><F26/><W60/><G60/><T17/><D112/><U68/><E68/><V15/><AGARI ba="0,0" hai="12,13,15,45,46" m="8713,45162,31850" machi="15" ten="40,5200,0" yaku="28,2,12,1" doraHai="124" who="2" fromWho="2" sc="250,-26,250,-13,250,52,250,-13" /><INIT seed="1,0,0,4,2,38" ten="224,237,302,237" oya="1" hai0="115,52,104,42,60,14,16,5,126,2,20,64,100" hai1="133,55,17,61,69,67,117,101,51,125,9,12,74" hai2="116,78,36,85,114,10,28,84,49,7,45,3,132" hai3="128,88,87,23,120,107,41,40,43,46,44,19,119"/><U86/><E117/><V71/><F71/><W82/><G120/><T57/><D115/><U39/><E125/><V106/><F106/><W66/><G107/><T18/><D126/><U25/><E39/><V124/><F116/><W0/><G0/><T31/><D104/><U92/><E74/><V91/><F132/><W122/><G122/><T90/><D100/><U102/><E133/><V98/><F28/><W110/><G119/><T68/><D90/><U109/><E109/><V50/><F98/><W103/><G103/><T95/><D95/><U80/><E25/><V11/><F11/><W56/><G110/><T81/><D81/><U129/><E129/><V30/><F30/><W99/><G99/><T53/><D31/><U6/><E6/><V21/><F21/><W111/><G128/><T47/><D18/><U27/><E27/><V35/><F35/><W63/><G111/><T34/><D34/><U113/><E92/><V8/><F8/><W89/><G89/><T131/><D131/><U97/><E113/><V75/><F91/><W54/><G66/><T37/><REACH who="0" step="1"/><D68/><REACH who="0" ten="214,237,302,237" step="2"/><U94/><E94/><V123/><F114/><W93/><G82/><T127/><D127/><U134/><E134/><V76/><F124/><W65/><G65/><T79/><D79/><U73/><E97/><V33/><F33/><W130/><G130/><T48/><D48/><U112/><E112/><V29/><F29/><W77/><G77/><T135/><D135/><U13/><E102/><V26/><F78/><W59/><G59/><T72/><D72/><U70/><E73/><V62/><F75/><RYUUKYOKU ba="0,1" sc="214,15,237,-15,302,-15,237,15" hai0="2,5,14,16,20,37,42,47,52,53,57,60,64" hai3="19,23,40,41,43,44,46,54,56,63,87,88,93" /><INIT seed="2,1,1,4,0,85" ten="229,222,287,252" oya="2" hai0="66,44,13,118,22,40,130,89,43,106,6,88,90" hai1="75,30,79,102,82,81,127,134,117,33,69,77,28" hai2="122,126,80,103,46,104,115,73,86,41,101,1,11" hai3="18,65,39,47,63,42,10,72,19,12,56,94,38"/><V111/><F122/><W129/><G72/><T0/><D106/><U24/><E117/><V52/><F115/><W121/><G129/><T64/><D130/><U3/><E134/><V59/><F73/><W23/><G121/><T14/><D0/><U15/><E69/><V123/><F123/><W132/><G132/><T135/><D135/><U2/><E127/><V60/><F126/><W100/><G39/><T35/><D35/><U71/><E71/><V25/><F25/><W131/><G131/><T37/><D118/><U49/><E102/><V32/><F32/><W99/><G23/><T93/><D43/><U128/><E128/><V91/><F111/><W92/><G92/><T50/><D37/><U51/><E15/><N who="0" m="5641" /><D6/><AGARI ba="1,1" hai="6,10,12,18,19,38,42,47,56,63,65,94,99,100" machi="6" ten="30,1000,0" yaku="7,1" doraHai="85" who="3" fromWho="0" sc="229,-13,222,0,287,0,252,23" /><INIT seed="3,0,0,5,3,111" ten="216,222,287,275" oya="3" hai0="45,85,132,88,81,30,91,117,102,40,13,97,52" hai1="51,96,78,89,134,119,48,60,54,133,99,109,36" hai2="63,27,57,16,79,9,25,112,37,75,5,105,67" hai3="100,56,58,46,77,113,49,101,82,7,22,106,23"/><W47/><G7/><T120/><D120/><U86/><E36/><V61/><F105/><W35/><G35/><T20/><D132/><N who="1" m="50795" /><E78/><V64/><F37/><W6/><G6/><T44/><D117/><U103/><E109/><V90/><F90/><W83/><G106/><T10/><D30/><U115/><E60/><V93/><F93/><W128/><G128/><T127/><D127/><U53/><E103/><V73/><F112/><W34/><G34/><T8/><D20/><U110/><E110/><V41/><F41/><W39/><G49/><N who="1" m="19018" /><E119/><V29/><F27/><W21/><G39/><T15/><D40/><U59/><E59/><V18/><F79/><W135/><G135/><T84/><D102/><U76/><E76/><V26/><F26/><W65/><G77/><T124/><D124/><U55/><E115/><V118/><F118/><W31/><G23/><T80/><REACH who="0" step="1"/><D97/><REACH who="0" ten="206,222,287,275" step="2"/><U4/><E99/><V62/><F67/><W68/><G113/><T122/><D122/><U74/><E96/><V24/><F29/><W125/><G125/><T19/><D19/><U107/><E107/><V98/><F98/><W33/><G33/><T3/><D3/><U69/><E4/><V50/><F73/><W28/><G65/><T92/><D92/><N who="1" m="54327" /><E74/><V0/><F64/><W70/><AGARI ba="0,1" hai="21,22,28,31,46,47,56,58,68,70,82,83,100,101" machi="70" ten="25,4800,0" yaku="0,1,22,2" doraHai="111" who="3" fromWho="3" sc="206,-16,222,-16,287,-16,275,58" /><INIT seed="3,1,0,1,5,36" ten="190,206,271,333" oya="3" hai0="73,96,3,83,76,133,5,72,118,124,110,4,129" hai1="108,37,16,10,51,85,33,106,132,67,42,18,79" hai2="57,52,53,87,49,122,62,94,123,24,121,46,126" hai3="34,22,45,88,40,104,107,7,28,11,69,23,105"/><W75/><G75/><T117/><D96/><U13/><E33/><V55/><F126/><W84/><G69/><T59/><D59/><U65/><E37/><V128/><F128/><W56/><G34/><T77/><D124/><U21/><E108/><V30/><F94/><W125/><G125/><T74/><D110/><U80/><E106/><V91/><F91/><W12/><G56/><T135/><D129/><U6/><E132/><N who="0" m="50761" /><D3/><U8/><E8/><V61/><F87/><W113/><G28/><T48/><D48/><U9/><E9/><V92/><F92/><W43/><G113/><T89/><D89/><U14/><E18/><V90/><F90/><W78/><G78/><N who="0" m="30315" /><D83/><U114/><E114/><V100/><F100/><W58/><G58/><T35/><D35/><U82/><E82/><V109/><F109/><W81/><REACH who="3" step="1"/><G45/><AGARI ba="1,0" hai="6,10,13,14,16,21,42,45,51,65,67,79,80,85" machi="45" ten="40,8000,1" yaku="25,2,8,1,52,1,54,1" doraHai="36" who="1" fromWho="3" sc="190,0,206,83,271,0,333,-83" /><INIT seed="4,0,0,1,3,89" ten="190,289,271,250" oya="0" hai0="38,104,19,42,114,127,58,28,107,128,6,52,33" hai1="44,3,113,119,63,23,16,77,112,129,32,80,0" hai2="71,116,53,34,57,14,103,96,56,50,30,12,121" hai3="27,47,49,37,97,13,110,85,90,26,66,15,101"/><T51/><D127/><U125/><E119/><V102/><F121/><W22/><G37/><T91/><D114/><N who="1" m="44139" /><E32/><V78/><F71/><W120/><G110/><T126/><D126/><U39/><E129/><V43/><F78/><W111/><G111/><T65/><D128/><U64/><E44/><V40/><F30/><W115/><G115/><T35/><D6/><U55/><E55/><V99/><F34/><W94/><G66/><T1/><D1/><U81/><E39/><V131/><F131/><W108/><G120/><T21/><D35/><U93/><E93/><V123/><F123/><W87/><G87/><T61/><D33/><U2/><E77/><V10/><F10/><W83/><G108/><T88/><D28/><U75/><E75/><V54/><REACH who="2" step="1"/><F50/><REACH who="2" ten="190,289,261,250" step="2"/><W48/><G48/><T73/><D107/><U109/><E125/><V8/><F8/><W79/><G79/><T68/><D104/><U134/><E109/><V41/><F41/><N who="3" m="24815" /><G22/><T86/><D73/><U18/><E23/><V31/><F31/><W7/><G7/><T69/><D69/><N who="1" m="42143" /><E134/><V95/><F95/><W122/><G122/><T72/><D72/><U4/><E4/><V9/><F9/><W60/><G60/><T92/><D92/><U74/><E74/><V25/><F25/><AGARI ba="0,1" hai="13,15,25,26,27,83,85,90,94,97,101" m="24815" machi="25" ten="30,2000,0" yaku="8,1,52,1" doraHai="89" who="3" fromWho="2" sc="190,0,289,0,261,-20,250,30" /><INIT seed="5,0,0,5,3,88" ten="190,289,241,280" oya="1" hai0="4,3,89,80,67,65,20,32,97,0,54,70,98" hai1="9,93,12,64,73,84,96,132,76,118,55,22,46" hai2="117,72,27,31,87,39,47,128,131,114,133,71,107" hai3="85,101,37,11,75,110,49,106,1,51,60,109,99"/><U82/><E132/><V57/><F57/><W115/><G75/><T90/><D32/><U13/><E118/><V5/><F5/><W59/><G37/><T79/><D70/><U123/><E123/><V130/><F72/><W45/><G115/><T29/><D4/><U125/><E125/><V8/><F8/><W92/><G51/><T36/><D36/><U17/><E64/><V6/><F6/><W23/><G11/><T100/><D0/><U21/><E73/><V40/><F71/><W28/><G1/><T50/><D3/><U81/><E81/><V2/><F2/><W83/><G106/><T124/><D124/><U108/><E108/><V56/><F107/><W86/><G86/><N who="0" m="48415" /><D100/><N who="1" m="60431" /><E13/><V68/><F133/><W74/><G74/><T69/><D69/><U33/><E33/><N who="2" m="20735" /><F68/><W34/><G34/><T19/><D29/><U53/><E46/><V62/><F117/><W135/><G135/><T120/><D120/><U26/><E22/><V18/><F18/><AGARI ba="0,0" hai="9,12,17,18,21,26,53,55,76,82,84" m="60431" machi="18" ten="30,2900,0" yaku="8,1,52,1" doraHai="88" who="1" fromWho="2" sc="190,0,289,29,241,-29,280,0" /><INIT seed="5,1,0,2,2,60" ten="190,318,212,280" oya="1" hai0="133,19,131,45,46,86,21,24,109,16,58,122,23" hai1="35,76,64,123,121,55,18,10,41,120,6,56,112" hai2="9,57,87,104,83,127,13,124,53,85,12,61,8" hai3="74,117,51,14,20,29,82,1,65,72,71,70,52"/><U2/><E35/><V27/><F104/><W67/><G1/><T47/><D109/><U48/><E76/><V90/><F27/><W129/><G129/><T62/><D131/><U116/><E116/><V97/><F97/><W43/><G117/><T103/><D133/><U96/><E112/><V22/><F22/><W59/><G71/><T17/><D122/><U77/><E77/><V49/><F49/><W80/><G43/><T28/><D103/><U25/><E41/><V130/><F130/><W102/><G70/><T4/><D4/><U15/><E96/><V101/><F101/><W63/><G102/><T7/><D7/><U3/><E25/><V135/><F135/><W5/><G74/><T93/><D93/><U30/><E30/><V68/><F68/><W54/><G72/><T126/><D86/><U31/><E31/><V69/><F69/><W34/><G34/><T114/><D126/><U11/><E3/><V92/><F127/><W125/><G125/><T99/><D99/><U100/><E100/><V105/><F105/><W94/><G94/><T50/><D114/><U0/><E0/><V113/><F113/><W79/><G79/><T111/><D111/><U66/><AGARI ba="1,0" hai="2,6,10,11,15,18,48,55,56,64,66,120,121,123" machi="66" ten="40,7800,0" yaku="0,1,52,2" doraHai="60" who="1" fromWho="1" sc="190,-27,318,81,212,-27,280,-27" /><INIT seed="5,2,0,4,0,119" ten="163,399,185,253" oya="1" hai0="32,125,131,68,39,12,63,76,4,94,115,5,83" hai1="52,70,67,9,80,41,73,108,62,2,61,11,104" hai2="66,18,79,3,28,112,93,47,128,75,130,64,129" hai3="102,126,55,90,20,25,10,101,21,23,43,97,19"/><U78/><E104/><V0/><F28/><W16/><G126/><T1/><D1/><U50/><E108/><V87/><F47/><W127/><G127/><T91/><D32/><U53/><E41/><V105/><F105/><W7/><G43/><T132/><D125/><U95/><E95/><V65/><F75/><W42/><G42/><T46/><D115/><U117/><E117/><V36/><F36/><W89/><G55/><T38/><D131/><U57/><REACH who="1" step="1"/><E2/><REACH who="1" ten="163,389,185,253" step="2"/><V40/><F40/><W72/><G97/><T86/><D132/><U114/><E114/><V109/><F109/><W99/><G99/><T110/><D110/><U30/><E30/><V123/><F112/><W84/><G72/><T44/><D39/><U15/><E15/><V33/><F3/><W81/><G25/><T37/><D37/><U29/><E29/><V133/><F133/><W85/><G102/><T22/><D38/><U122/><E122/><V17/><F0/><W45/><G101/><T51/><D12/><U26/><E26/><V48/><F123/><W111/><G111/><T98/><D98/><U124/><E124/><V71/><F93/><W135/><G135/><T100/><D94/><U106/><E106/><V58/><F129/><W88/><G81/><T59/><D83/><U8/><E8/><V27/><F128/><W13/><G45/><AGARI ba="2,1" hai="9,11,45,50,52,53,57,61,62,67,70,73,78,80" machi="45" ten="30,11600,0" yaku="1,1,7,1,54,1,53,1" doraHai="119" doraHaiUra="107" who="1" fromWho="3" sc="163,0,389,132,185,0,253,-122" /><INIT seed="5,3,0,4,1,15" ten="163,521,185,131" oya="1" hai0="135,55,49,127,76,23,97,108,46,6,72,40,116" hai1="98,24,42,96,59,31,110,79,5,123,8,118,73" hai2="132,89,131,26,67,0,41,18,53,14,129,9,133" hai3="125,92,47,94,29,112,64,1,114,126,33,107,17"/><U56/><E118/><V124/><F67/><W32/><G107/><T87/><D108/><U52/><E59/><V95/><F41/><W109/><G64/><T71/><D116/><U82/><E123/><V7/><F53/><W10/><G109/><T60/><D135/><N who="2" m="51786" /><F124/><N who="3" m="47723" /><G47/><T22/><D127/><U27/><E27/><V88/><F26/><W120/><G1/><T61/><D72/><U80/><E80/><V134/><N who="2" m="51794" /><V43/><DORA hai="51" /><F43/><W45/><G45/><T13/><D97/><U100/><E8/><N who="2" m="6471" /><F89/><W30/><G120/><T3/><D3/><U90/><E90/><V63/><F63/><N who="0" m="24138" /><D71/><U44/><E110/><V58/><F58/><W35/><G17/><T106/><D106/><U103/><E56/><V38/><F38/><W12/><G12/><T54/><D6/><U4/><E4/><V34/><F34/><W21/><G21/><N who="0" m="7691" /><D13/><U16/><E5/><V93/><F93/><N who="3" m="35947" /><G10/><T130/><D130/><U99/><E42/><V70/><F70/><W81/><G81/><AGARI ba="3,0" hai="40,46,49,54,55,76,81,87" m="7691,24138" machi="81" ten="30,3900,0" yaku="8,1,52,2" doraHai="15,51" who="0" fromWho="3" sc="163,48,521,0,185,0,131,-48" /><INIT seed="6,0,0,1,1,5" ten="211,521,185,83" oya="2" hai0="6,134,64,54,74,133,1,111,92,51,96,91,25" hai1="49,40,44,27,39,113,79,112,13,65,22,124,108" hai2="41,94,18,56,10,130,21,126,110,80,93,35,73" hai3="34,3,105,0,123,95,122,24,60,37,116,31,23"/><V100/><F126/><W38/><G23/><T118/><D111/><U127/><E108/><V16/><F35/><W125/><G95/><T15/><D74/><U81/><E65/><V47/><F110/><W50/><G50/><T121/><D121/><U9/><E39/><V135/><F135/><N who="0" m="51722" /><D118/><U129/><E129/><V85/><F73/><W4/><G116/><T19/><D64/><U97/><E97/><V7/><F100/><W90/><G90/><T101/><D25/><U53/><E53/><V66/><F18/><W72/><G60/><T28/><D28/><U107/><E107/><V46/><F46/><W11/><G105/><T14/><D1/><U68/><E68/><V131/><F56/><W103/><G103/><T82/><D6/><N who="1" m="3255" /><E22/><V29/><F29/><W120/><G72/><T8/><D14/><U67/><E67/><V59/><F59/><W104/><G104/><T71/><D71/><U78/><E27/><N who="2" m="14759" /><F66/><W43/><G125/><N who="1" m="48202" /><E79/><N who="2" m="46239" /><F130/><W69/><G69/><T77/><D101/><U83/><E78/><V26/><F26/><W109/><G109/><T2/><D2/><U99/><E44/><V32/><F32/><W45/><G3/><T89/><D77/><U88/><E88/><V55/><F55/><W75/><G75/><T12/><D12/><U20/><E20/><V84/><F131/><W128/><G128/><T117/><D117/><U87/><E40/><V76/><F47/><W132/><G132/><T52/><D51/><U42/><E42/><V115/><F41/><W63/><G38/><T57/><D57/><U119/><E119/><V33/><F76/><RYUUKYOKU ba="0,0" sc="211,15,521,-15,185,-15,83,15" hai0="8,15,19,52,54,82,89,91,92,96" hai3="0,4,11,24,31,34,37,43,45,63,120,122,123" /><INIT seed="7,1,0,2,4,128" ten="226,506,170,98" oya="3" hai0="118,3,96,123,98,30,47,29,108,40,54,2,88" hai1="16,72,67,89,105,83,117,37,120,130,8,39,53" hai2="33,76,84,81,58,0,4,101,17,48,129,63,135" hai3="68,116,23,109,90,25,99,107,34,24,104,82,1"/><W134/><G116/><T44/><D118/><U106/><E106/><V103/><F33/><W32/><G109/><T36/><D108/><U11/><E105/><V95/><F129/><W122/><G122/><T10/><D123/><U70/><E72/><V27/><F4/><W121/><G121/><T78/><D2/><U102/><E70/><V86/><F0/><W110/><G110/><T22/><D22/><U9/><E102/><V112/><F112/><W133/><G1/><T77/><D54/><U119/><E67/><V59/><F48/><W43/><G43/><T61/><D61/><U114/><E89/><V124/><F124/><W125/><G68/><T14/><D47/><U18/><E83/><V45/><F45/><W41/><G41/><T92/><D3/><U79/><E79/><V55/><F95/><W21/><G82/><T64/><D64/><U15/><E114/><V71/><F71/><W62/><G62/><T73/><D98/><U57/><E15/><V127/><F127/><W69/><G69/><T49/><D36/><U113/><E113/><V6/><F6/><W132/><G125/><T51/><D51/><U19/><E130/><V42/><F42/><W20/><G90/><T60/><D73/><U87/><E120/><V65/><F135/><W26/><G99/><T74/><D60/><N who="1" m="35887" /><E87/><V46/><F86/><W91/><G91/><T131/><D131/><U66/><E66/><V126/><F126/><W35/><AGARI ba="1,0" hai="20,21,23,24,25,26,32,34,35,104,107,132,133,134" machi="35" ten="50,48000,5" yakuman="40" doraHai="128" who="3" fromWho="3" sc="226,-161,506,-161,170,-161,98,483" owari="65,-33.0,345,15.0,9,-49.0,581,67.0" /></mjloggm>