<mjloggm ver="2.3"><GO type="41" lobby="0"/><UN n0="%E3%81%82%E3%82%93%E3%82%89%E3%81%A3%E3%81%8D%E3%83%BC" n1="%72%65%72%65%6D%61%72%75" n2="%72%79%6F%31%37" n3="%E2%93%9D%53%75%70%68%78" dan="15,15,15,18" rate="1991.30,1975.96,1960.87,2094.39" sx="M,M,M,M"/><TAIKYOKU oya="0"/><INIT seed="0,0,0,1,2,4" ten="250,250,250,250" oya="0" hai0="46,27,74,118,53,33,106,39,37,15,117,83,25" hai1="122,43,55,97,85,69,34,40,108,115,89,79,35" hai2="98,38,19,105,22,11,110,131,48,54,99,30,70" hai3="42,9,17,133,61,94,81,128,73,121,57,0,52"/><T116/><D106/><U102/><E122/><V88/><F38/><W119/><G119/><T59/><D33/><U18/><E108/><V93/><F70/><W127/><G128/><T20/><D39/><U63/><E115/><V24/><F110/><W96/><G133/><T14/><D37/><U49/><E79/><V2/><F131/><W134/><G127/><T23/><D46/><U100/><E100/><V125/><F125/><W86/><G73/><T111/><D111/><U95/><E35/><V68/><F68/><W41/><G134/><T62/><D83/><U82/><E34/><V124/><F124/><W130/><G0/><T64/><D74/><U103/><E103/><V32/><F105/><W47/><G47/><T92/><D92/><U44/><E69/><V29/><F32/><W56/><G56/><T78/><D78/><U28/><E28/><V120/><F99/><W5/><G17/><T50/><D23/><U112/><E112/><V12/><F2/><W31/><G31/><T16/><REACH who="0" step="1"/><D27/><REACH who="0" ten="240,250,250,250" step="2"/><U71/><E71/><V123/><REACH who="2" step="1"/><F30/><REACH who="2" ten="240,250,240,250" step="2"/><W65/><G130/><T10/><D10/><U113/><E113/><V21/><F21/><W13/><G9/><T80/><D80/><U26/><E82/><V109/><F109/><W1/><G81/><T51/><D51/><U114/><E49/><V7/><F7/><W77/><G5/><T36/><D36/><U75/><E114/><V84/><F84/><W8/><G86/><T58/><AGARI ba="0,2" hai="14,15,16,20,25,50,53,58,59,62,64,116,117,118" machi="58" ten="30,6000,0" yaku="1,1,0,1,54,1,53,0" doraHai="4" doraHaiUra="104" who="0" fromWho="0" sc="240,80,250,-20,240,-20,250,-20" /><INIT seed="0,1,0,1,3,36" ten="320,230,220,230" oya="0" hai0="105,27,45,35,114,75,69,112,20,73,65,46,24" hai1="77,96,111,95,52,0,97,32,109,123,131,81,55" hai2="12,11,6,3,71,129,99,17,78,16,85,86,25" hai3="51,1,5,68,122,58,116,118,67,54,2,107,134"/><T21/><D105/><U87/><E0/><V72/><F71/><W120/><G107/><T98/><D98/><U83/><E32/><V31/><F129/><W4/><G134/><T60/><D60/><U40/><E131/><V130/><F130/><W13/><G13/><T56/><D56/><U132/><E132/><V59/><F72/><W43/><G5/><T102/><D35/><U108/><E123/><N who="3" m="47146" /><G4/><T66/><REACH who="0" step="1"/><D69/><REACH who="0" ten="310,230,220,230" step="2"/><U50/><E97/><V94/><F59/><W74/><G68/><T113/><D113/><U37/><E96/><V90/><F78/><W82/><G67/><T8/><D8/><U126/><E77/><V76/><F76/><W15/><G58/><T9/><D9/><U14/><E109/><V104/><F104/><W39/><G118/><T103/><AGARI ba="1,1" hai="20,21,24,27,45,46,65,66,73,75,102,103,112,114" machi="103" ten="25,18000,2" yaku="1,1,0,1,22,2,53,2" doraHai="36" doraHaiUra="42" who="0" fromWho="0" sc="310,193,230,-61,220,-61,230,-61" /><INIT seed="0,2,0,3,1,100" ten="503,169,159,169" oya="0" hai0="103,120,49,30,6,88,4,118,28,87,131,107,121" hai1="84,59,50,105,99,42,85,108,76,37,27,20,78" hai2="19,52,89,48,54,114,60,70,2,104,41,86,98" hai3="22,9,63,56,21,75,125,10,130,83,53,82,31"/><T1/><D118/><U32/><E108/><V93/><F114/><W26/><G130/><T13/><D131/><U81/><E37/><V101/><F2/><W133/><G133/><T110/><D110/><U127/><E32/><V129/><F129/><W97/><G125/><T44/><D1/><U79/><E127/><V35/><F19/><W8/><G75/><T5/><D13/><U113/><E113/><V128/><F128/><W77/><G77/><T16/><D16/><U65/><E42/><V46/><REACH who="2" step="1"/><F35/><REACH who="2" ten="503,169,149,169" step="2"/><W33/><G33/><T18/><D18/><U62/><E50/><V68/><F68/><W115/><G115/><T39/><D49/><U15/><E15/><V124/><F124/><W67/><G22/><T119/><D4/><U0/><E0/><V90/><F90/><W126/><G126/><T95/><D5/><U122/><E20/><V57/><F57/><W34/><G34/><T117/><D6/><U40/><E59/><V12/><F12/><W106/><G10/><T51/><D51/><U72/><E78/><V123/><F123/><W112/><G112/><T24/><D120/><U134/><E79/><V73/><F73/><W109/><G109/><T132/><D121/><U66/><E76/><V29/><F29/><W69/><G9/><T80/><D30/><U45/><E72/><V7/><F7/><W96/><G8/><T25/><D28/><U116/><E122/><V91/><F91/><W55/><G69/><T14/><D14/><U71/><E71/><V94/><F94/><W11/><G11/><T102/><D95/><U74/><E74/><RYUUKYOKU ba="2,1" sc="503,-10,169,-10,149,30,169,-10" hai2="41,46,48,52,54,60,70,86,89,93,98,101,104" /><INIT seed="1,3,1,2,3,87" ten="493,159,179,159" oya="1" hai0="70,9,122,15,73,114,74,45,69,19,84,94,5" hai1="3,120,115,85,91,26,38,35,90,116,6,39,51" hai2="108,103,10,8,34,23,1,135,53,25,83,80,36" hai3="101,48,119,33,133,131,79,59,32,86,68,28,14"/><U61/><E116/><V96/><F34/><W126/><G68/><T76/><D114/><U112/><E120/><V46/><F108/><W117/><G101/><T129/><D129/><U63/><E85/><V55/><F135/><W65/><G126/><T67/><D67/><U24/><E51/><V97/><F36/><W7/><G28/><T125/><D125/><U57/><E57/><V134/><F134/><W41/><G131/><T44/><D70/><U72/><E35/><V71/><F71/><W17/><G7/><T75/><D69/><U12/><E12/><V56/><F46/><W49/><G133/><T47/><D122/><U64/><E64/><V128/><F128/><W113/><G113/><T21/><D76/><U82/><E82/><V66/><F66/><W111/><G111/><T62/><D62/><U2/><REACH who="1" step="1"/><E6/><REACH who="1" ten="493,149,179,159" step="2"/><N who="2" m="1103" /><F56/><W109/><G109/><T99/><D84/><U89/><E89/><V77/><F83/><W22/><G33/><T105/><D5/><U20/><E20/><V124/><F23/><W102/><G32/><T132/><D21/><U30/><E30/><V81/><F81/><N who="3" m="47423" /><G65/><T88/><D132/><U42/><E42/><V104/><F124/><W78/><G41/><T127/><D127/><U93/><E93/><V52/><F55/><N who="3" m="32231" /><G119/><T18/><D105/><U4/><E4/><V13/><F104/><W54/><G117/><T29/><D29/><U100/><E100/><V27/><F103/><W130/><G130/><T121/><D121/><U16/><E16/><N who="2" m="8247" /><F53/><W123/><G123/><T118/><D118/><U43/><E43/><V98/><F52/><RYUUKYOKU ba="3,2" sc="493,10,149,10,179,10,159,-30" hai0="9,15,18,19,44,45,47,73,74,75,88,94,99" hai1="2,3,24,26,38,39,61,63,72,90,91,112,115" hai2="25,27,77,80,96,97,98" /><INIT seed="1,4,2,2,3,41" ten="503,159,189,129" oya="1" hai0="108,96,120,129,24,82,77,124,135,128,49,38,126" hai1="40,67,94,17,83,127,4,115,19,16,12,61,22" hai2="23,111,57,122,91,70,113,116,66,3,104,8,75" hai3="39,53,45,88,87,6,78,110,60,109,30,43,74"/><U32/><E127/><N who="0" m="48681" /><D38/><U131/><E94/><V47/><F122/><W92/><G30/><T100/><D24/><U29/><E131/><N who="0" m="50249" /><D49/><U81/><E115/><V134/><F113/><W48/><G6/><T9/><D9/><U93/><E93/><V86/><F8/><W69/><G74/><N who="0" m="43319" /><D108/><N who="3" m="41577" /><G78/><T95/><D120/><U59/><E40/><V0/><F111/><W15/><G15/><T72/><D72/><U10/><E32/><V54/><F75/><W5/><G5/><T97/><D97/><U42/><E42/><V89/><F3/><W34/><G34/><T121/><D121/><U51/><E51/><V21/><F0/><W55/><G39/><T27/><D27/><AGARI ba="4,2" hai="4,10,12,16,17,19,22,27,29,59,61,67,81,83" machi="27" ten="40,3900,0" yaku="8,1,54,1" doraHai="41" who="1" fromWho="0" sc="503,-51,159,71,189,0,129,0" /><INIT seed="1,5,0,0,1,7" ten="452,230,189,129" oya="1" hai0="133,6,135,27,101,46,103,65,45,28,48,120,12" hai1="20,52,2,86,84,9,79,105,3,117,29,13,10" hai2="11,112,73,40,76,89,126,17,24,121,67,66,31" hai3="38,15,33,70,111,51,95,54,93,39,47,43,49"/><U91/><E117/><V69/><F121/><W4/><G33/><T122/><D65/><U82/><E105/><V35/><F126/><W113/><G113/><T78/><D78/><U100/><E100/><V128/><F112/><W92/><G111/><T53/><D46/><U109/><E109/><V85/><F128/><W88/><G70/><T5/><D5/><U80/><E2/><V30/><F69/><W72/><G72/><T115/><D115/><U116/><E3/><V119/><F119/><W118/><G118/><T50/><D50/><U104/><E104/><V129/><F129/><W102/><G102/><T130/><D130/><U58/><E116/><V1/><F31/><W18/><G4/><T107/><D107/><U134/><E134/><N who="0" m="51209" /><D101/><U62/><E13/><V90/><F40/><W16/><G18/><T21/><D103/><U108/><REACH who="1" step="1"/><E108/><REACH who="1" ten="452,220,189,129" step="2"/><V32/><F1/><W96/><G39/><T123/><D120/><U63/><E63/><V57/><F73/><W41/><G38/><T23/><D122/><U124/><E124/><V114/><F114/><W55/><G43/><T81/><D12/><U22/><E22/><V36/><F36/><W75/><G75/><T26/><D23/><U110/><E110/><V99/><F35/><W64/><G41/><T60/><D60/><U34/><E34/><V61/><F61/><W71/><G51/><T42/><D48/><U19/><E19/><V83/><F17/><W37/><G37/><T77/><D42/><U131/><E131/><V8/><F32/><W44/><G44/><T125/><D123/><U127/><E127/><RYUUKYOKU ba="5,1" sc="452,-10,220,30,189,-10,129,-10" hai1="9,10,20,29,52,58,62,79,80,82,84,86,91" /><INIT seed="1,6,1,0,0,119" ten="442,250,179,119" oya="1" hai0="23,108,46,20,87,27,59,71,80,133,47,57,84" hai1="12,112,65,56,62,123,76,18,26,81,54,128,110" hai2="99,74,11,6,126,48,131,125,134,9,4,83,40" hai3="122,88,66,50,72,58,55,24,63,86,67,7,39"/><U117/><E117/><V0/><F134/><W77/><G39/><T64/><D108/><U41/><E112/><V36/><F131/><W127/><G127/><T124/><D124/><U129/><E110/><V42/><F48/><W53/><G72/><T15/><D15/><U70/><E41/><V121/><F99/><W32/><G77/><T61/><D133/><U38/><E26/><V45/><F42/><W29/><G7/><T28/><D71/><U19/><E38/><V37/><F37/><W14/><G122/><T75/><D75/><U82/><E123/><V105/><F105/><W2/><G2/><T107/><D107/><U31/><E31/><V111/><F111/><W94/><REACH who="3" step="1"/><G14/><REACH who="3" ten="442,250,179,109" step="2"/><T30/><D27/><U25/><E25/><V89/><F121/><W33/><G33/><T115/><D115/><U104/><E76/><N who="2" m="44439" /><F89/><W34/><G34/><T51/><D28/><U101/><E12/><AGARI ba="6,2" hai="0,4,6,9,11,12,36,40,45,125,126" m="44439" machi="12" ten="30,1000,0" yaku="25,1" doraHai="119" who="2" fromWho="1" sc="442,0,250,-28,179,48,109,0" /><INIT seed="2,0,0,4,5,93" ten="442,222,227,109" oya="2" hai0="87,72,119,128,133,52,94,51,58,0,39,103,13" hai1="132,65,100,86,36,102,11,32,107,18,17,63,47" hai2="7,9,89,117,95,115,73,28,113,125,81,120,3" hai3="127,4,37,38,80,10,16,96,82,79,129,66,29"/><V59/><F120/><W114/><G129/><T131/><D72/><U34/><E132/><V111/><F117/><W53/><G29/><T8/><D0/><U62/><E86/><V92/><F28/><W70/><G127/><T122/><D122/><U24/><E36/><V74/><F125/><W68/><G53/><T118/><D39/><U50/><E63/><V77/><F74/><W112/><G66/><T135/><D87/><U30/><E34/><V76/><F76/><W55/><G55/><T109/><D109/><U35/><E35/><V22/><F22/><W48/><G48/><T26/><D26/><U33/><E33/><V130/><F130/><N who="0" m="49706" /><D94/><U101/><E11/><V108/><F59/><W71/><G79/><T19/><D103/><U99/><E17/><V31/><F31/><W21/><G38/><T90/><D90/><U12/><E18/><V84/><REACH who="2" step="1"/><F95/><REACH who="2" ten="442,222,217,109" step="2"/><W40/><G71/><T20/><D20/><U23/><E23/><V49/><F49/><W105/><G70/><T123/><D123/><U56/><REACH who="1" step="1"/><E12/><REACH who="1" ten="442,212,217,109" step="2"/><V69/><F69/><W106/><G68/><T54/><D54/><AGARI ba="0,2" hai="24,30,32,47,50,54,56,62,65,99,100,101,102,107" machi="54" ten="30,8000,1" yaku="1,1,2,1,7,1,52,1,53,1" doraHai="93" doraHaiUra="46" who="1" fromWho="0" sc="442,-80,212,100,217,0,109,0" /><INIT seed="3,0,0,4,3,25" ten="362,312,217,109" oya="3" hai0="61,45,4,101,114,120,58,32,51,103,34,28,0" hai1="20,91,126,135,12,60,124,92,33,107,8,119,48" hai2="115,46,5,110,13,77,55,112,83,40,57,67,133" hai3="132,99,47,59,88,131,130,81,108,96,73,37,10"/><W104/><G59/><T62/><D120/><U65/><E107/><V90/><F110/><W75/><G10/><T6/><D0/><U74/><E33/><V52/><F133/><W71/><G71/><T44/><D51/><U82/><E135/><V93/><F67/><W72/><G47/><T21/><D21/><U116/><E48/><V7/><F55/><W94/><G37/><T41/><D58/><U122/><E20/><V127/><F127/><N who="1" m="48681" /><E122/><V100/><F100/><N who="3" m="62471" /><G132/><T43/><D114/><U54/><E54/><V97/><F115/><W63/><G63/><T49/><D49/><U105/><E105/><V53/><F112/><W36/><G36/><T125/><D125/><U98/><E82/><V38/><F53/><W23/><G23/><T39/><D39/><U17/><E74/><N who="3" m="28170" /><G108/><T85/><D85/><U31/><E31/><AGARI ba="0,0" hai="4,6,28,31,32,34,41,43,44,45,61,62,101,103" machi="31" ten="25,6400,0" yaku="22,2,52,2" doraHai="25" who="0" fromWho="1" sc="362,64,312,-64,217,0,109,0" /><INIT seed="4,0,0,3,0,116" ten="426,248,217,109" oya="0" hai0="39,89,91,77,115,82,113,96,21,51,30,47,1" hai1="101,100,7,62,50,95,120,130,110,11,117,12,70" hai2="88,133,98,22,127,112,55,56,63,15,92,72,3" hai3="46,83,124,48,106,135,108,26,69,41,94,33,109"/><T44/><D1/><U128/><E117/><V71/><F3/><W93/><G106/><T75/><D39/><U68/><E110/><V78/><F112/><W29/><G135/><T23/><D47/><U86/><E50/><V4/><F133/><W37/><G124/><T104/><D91/><U60/><E86/><V66/><F127/><W111/><G69/><T8/><D8/><U105/><E105/><V14/><F78/><W28/><G28/><T131/><D131/><U32/><E32/><V73/><F15/><W97/><G83/><T119/><D119/><U65/><E120/><V9/><REACH who="2" step="1"/><F22/><REACH who="2" ten="426,248,207,109" step="2"/><W57/><G111/><T107/><D23/><U43/><E12/><V31/><F31/><W99/><G109/><T0/><D21/><U79/><E79/><V36/><F36/><W123/><G108/><T38/><D30/><U10/><E130/><V80/><F80/><W18/><G37/><T25/><D38/><U122/><E128/><V53/><F53/><W49/><G29/><T134/><D0/><U84/><E11/><V59/><F59/><W64/><G33/><T58/><D58/><U20/><E10/><V54/><F54/><W24/><G57/><T13/><D134/><U81/><E20/><V114/><F114/><W34/><G34/><T74/><D13/><U27/><E81/><V5/><F5/><W76/><G76/><T118/><D82/><U67/><E70/><V2/><F2/><W85/><G26/><T17/><D113/><U125/><E68/><V90/><F90/><W132/><G132/><T103/><D115/><U61/><E125/><RYUUKYOKU ba="0,1" sc="426,-10,248,-10,207,30,109,-10" hai2="4,9,14,55,56,63,66,71,72,73,88,92,98" /><INIT seed="5,1,1,4,3,128" ten="416,238,237,99" oya="1" hai0="81,103,38,91,105,115,20,41,77,87,102,124,98" hai1="79,46,37,75,131,2,9,36,47,26,111,65,14" hai2="86,39,133,42,6,121,126,4,99,18,24,21,95" hai3="106,52,19,59,132,104,130,93,33,40,51,57,114"/><U118/><E2/><V109/><F121/><W5/><G130/><T0/><D41/><U17/><E131/><V68/><F109/><W94/><G33/><T50/><D50/><U15/><E118/><V66/><F126/><W84/><G5/><T49/><D49/><U96/><E111/><V108/><F108/><W45/><G114/><T74/><D38/><U32/><E65/><V78/><F66/><W61/><G132/><T31/><D20/><U69/><E69/><V117/><F68/><W11/><G106/><T35/><D31/><U23/><E96/><V12/><F117/><W70/><G104/><T82/><D35/><U129/><E129/><V55/><F133/><W127/><G70/><T56/><D56/><U101/><E101/><V100/><F55/><W54/><G127/><T134/><D0/><U71/><E71/><V92/><F42/><W8/><G19/><T110/><D110/><U60/><E60/><V58/><F58/><W112/><G112/><T34/><D134/><U85/><E75/><V63/><F63/><W44/><G84/><T43/><D34/><U125/><E125/><V10/><F39/><W80/><G80/><T7/><D124/><U72/><E72/><V97/><F86/><W88/><G94/><T122/><D103/><U119/><E119/><V30/><F78/><W73/><G73/><T28/><D74/><U90/><E79/><V123/><F123/><W64/><G64/><T13/><D122/><U120/><E120/><V76/><F76/><W113/><G113/><T107/><D77/><U83/><E37/><V29/><F29/><RYUUKYOKU ba="1,1" sc="416,-10,238,-10,237,30,99,-10" hai2="4,6,10,12,18,21,24,30,92,95,97,99,100" /><INIT seed="6,2,1,3,0,63" ten="406,228,267,89" oya="2" hai0="9,61,90,30,104,27,75,66,53,89,120,52,82" hai1="35,96,56,46,44,70,125,33,31,131,3,8,115" hai2="135,0,22,20,78,100,19,114,87,107,80,121,42" hai3="28,94,95,17,18,111,37,126,21,45,50,81,62"/><V129/><F121/><W23/><G126/><T88/><D104/><U58/><E70/><V43/><F0/><W68/><G37/><T55/><D120/><U2/><E125/><V101/><F114/><W51/><G28/><T86/><D75/><U99/><E31/><V83/><F129/><W74/><G74/><T106/><D106/><U4/><E8/><V118/><F135/><W54/><G111/><T85/><D9/><U76/><E76/><V11/><F11/><W124/><G124/><T132/><D132/><U15/><E15/><V60/><F118/><W36/><G36/><T71/><REACH who="0" step="1"/><D86/><REACH who="0" ten="396,228,267,89" step="2"/><U49/><E115/><V57/><F107/><W127/><G127/><T93/><D93/><U5/><E131/><V103/><F83/><W67/><G81/><T117/><D117/><U108/><REACH who="1" step="1"/><E49/><REACH who="1" ten="396,218,267,89" step="2"/><V29/><F29/><W26/><REACH who="3" step="1"/><G51/><REACH who="3" ten="396,218,267,79" step="2"/><T130/><D130/><U10/><E10/><V122/><F122/><W32/><G32/><AGARI ba="2,4" hai="27,30,32,52,53,55,61,66,71,82,85,88,89,90" machi="32" ten="40,8000,1" yaku="1,1,52,1,54,2,53,0" doraHai="63" doraHaiUra="91" who="0" fromWho="3" sc="396,126,218,0,267,0,79,-86" owari="522,62.0,218,-18.0,267,7.0,-7,-51.0" /></mjloggm>