<mjloggm ver="2.3"><GO type="41" lobby="0"/><UN n0="%E2%93%9D%53%75%70%68%78" n1="%E3%81%BE%E3%82%82%E3%81%A3%E3%81%8F%E3%81%99" n2="%59%6F%79%6F%79%6F" n3="%5A%65%72%6F%53%50" dan="17,14,14,14" rate="2062.96,1924.62,1980.56,1869.15" sx="M,M,M,M"/><TAIKYOKU oya="0"/><INIT seed="0,0,0,4,0,70" ten="250,250,250,250" oya="0" hai0="68,17,30,5,130,69,82,50,131,59,113,1,12" hai1="21,119,132,116,129,4,96,87,33,52,79,109,51" hai2="56,74,91,88,80,121,2,3,7,78,61,100,135" hai3="117,75,127,34,42,114,95,85,81,105,19,128,122"/><T13/><D113/><U23/><E109/><V0/><F121/><W60/><G114/><T63/><D30/><U38/><E33/><V37/><F135/><W92/><G117/><T106/><D106/><U84/><E4/><V125/><F125/><W66/><G127/><T77/><D50/><U110/><E110/><V29/><F100/><W107/><G122/><T16/><D5/><U49/><E96/><V43/><F29/><W64/><G75/><T126/><D1/><U71/><E51/><V9/><F2/><W72/><G72/><T65/><D126/><U28/><E49/><V76/><F76/><W48/><G34/><T115/><D115/><U99/><E52/><N who="2" m="33927" /><F0/><W123/><G107/><T6/><D6/><U55/><E71/><V97/><F97/><W120/><G105/><T46/><D46/><AGARI ba="0,0" hai="3,7,9,37,43,46,74,78,80,88,91" m="33927" machi="46" ten="30,7700,0" yaku="25,1,52,1,54,2" doraHai="70" who="2" fromWho="0" sc="250,-77,250,0,250,77,250,0" /><INIT seed="1,0,0,5,3,91" ten="173,250,327,250" oya="1" hai0="32,72,59,37,28,123,71,106,99,133,118,39,113" hai1="95,19,27,81,16,58,77,119,74,92,117,53,15" hai2="135,46,18,132,60,49,9,131,111,109,26,94,44" hai3="29,20,64,30,0,8,130,5,83,110,41,14,80"/><U38/><E38/><V129/><F9/><W107/><G107/><T98/><RYUUKYOKU type="yao9" ba="0,0" sc="173,0,250,0,327,0,250,0" hai0="28,32,37,39,59,71,72,98,99,106,113,118,123,133" /><INIT seed="1,1,0,3,3,116" ten="173,250,327,250" oya="1" hai0="69,71,121,5,77,131,102,92,123,118,37,68,124" hai1="135,85,23,90,59,73,27,14,46,134,99,60,115" hai2="83,76,33,41,94,66,17,26,49,51,104,53,112" hai3="54,55,1,105,82,52,86,19,4,20,35,97,108"/><U64/><E115/><V120/><F104/><W100/><G35/><T65/><D118/><U125/><E73/><V43/><F112/><W48/><G108/><T74/><D37/><U75/><E75/><V110/><F110/><W91/><G4/><T132/><D124/><U0/><E0/><V70/><F94/><W114/><G1/><T32/><D32/><U101/><E125/><V106/><F49/><W7/><G7/><T8/><D131/><U79/><E79/><V9/><F106/><W88/><G114/><T103/><D65/><U129/><E129/><V80/><F80/><W111/><G111/><T24/><D24/><U34/><E14/><V58/><F66/><W62/><G62/><T96/><D132/><U36/><E36/><V61/><F70/><W16/><G48/><T29/><D29/><U72/><E72/><V13/><F51/><W25/><REACH who="3" step="1"/><G91/><REACH who="3" ten="173,250,327,240" step="2"/><T81/><REACH who="0" step="1"/><D103/><REACH who="0" ten="163,250,327,240" step="2"/><U93/><E134/><V44/><F33/><W45/><G45/><T2/><AGARI ba="1,2" hai="2,5,8,68,69,71,74,77,81,92,96,102,121,123" machi="2" ten="40,12000,2" yaku="1,1,2,1,0,1,52,2,53,1" doraHai="116" doraHaiUra="95" who="0" fromWho="0" sc="163,143,250,-61,327,-31,240,-31" /><INIT seed="2,0,0,1,5,7" ten="306,189,296,209" oya="2" hai0="75,123,9,29,129,107,3,66,25,125,95,45,113" hai1="100,22,102,72,14,85,79,96,105,121,32,92,57" hai2="86,88,70,54,76,28,18,19,64,38,104,81,12" hai3="5,56,10,24,39,130,82,23,80,93,132,68,101"/><V48/><F38/><W52/><G68/><T94/><D107/><U27/><E121/><V120/><F104/><W97/><G132/><T40/><D75/><U36/><E36/><V114/><F114/><W51/><G39/><T30/><D125/><U49/><E32/><V55/><F120/><W33/><G33/><T8/><D129/><U61/><E49/><V50/><F28/><W78/><G130/><T58/><D3/><U109/><E109/><V106/><F106/><W47/><G56/><T122/><D113/><U43/><E43/><V103/><F103/><W6/><G6/><T77/><D77/><U74/><E14/><V67/><F70/><W91/><G78/><T11/><D123/><U134/><E134/><V90/><F76/><W69/><G101/><T53/><D66/><N who="1" m="39215" /><E105/><V15/><F86/><W112/><G69/><T37/><D122/><U89/><E79/><V111/><F81/><W13/><G112/><T41/><D41/><U17/><E102/><V87/><F87/><W46/><G46/><T1/><D1/><U119/><E119/><V62/><REACH who="2" step="1"/><F62/><REACH who="2" ten="306,189,286,209" step="2"/><W71/><G71/><T98/><D98/><U108/><E108/><AGARI ba="0,1" hai="12,15,18,19,48,50,54,55,64,67,88,90,108,111" machi="108" ten="25,12000,1" yaku="1,1,2,1,22,2,54,1,53,0" doraHai="7" doraHaiUra="133" who="2" fromWho="1" sc="306,0,189,-120,286,130,209,0" /><INIT seed="2,1,0,2,2,88" ten="306,69,416,209" oya="2" hai0="69,18,90,118,73,58,114,59,67,28,34,19,63" hai1="29,91,74,35,106,113,53,107,20,102,51,89,15" hai2="46,101,10,26,44,124,80,100,32,22,85,79,25" hai3="120,55,86,116,77,129,84,95,75,60,133,4,3"/><V21/><F32/><W2/><G116/><T92/><D114/><U38/><E113/><V11/><F124/><W17/><G120/><T72/><D118/><U132/><E132/><V42/><F101/><W87/><G133/><T130/><D130/><U14/><E38/><V110/><F100/><W9/><G3/><T16/><D28/><U13/><E74/><V64/><F64/><W43/><G129/><T62/><D34/><U7/><E7/><V78/><F110/><W1/><G1/><T39/><D39/><U24/><E102/><V5/><F85/><W96/><G43/><T127/><D127/><U99/><E99/><V6/><F80/><W65/><G55/><T117/><D117/><U0/><E0/><V54/><F54/><W93/><G17/><T31/><D31/><U128/><E128/><V115/><REACH who="2" step="1"/><F115/><REACH who="2" ten="306,69,406,209" step="2"/><W57/><REACH who="3" step="1"/><G96/><REACH who="3" ten="306,69,406,199" step="2"/><T52/><REACH who="0" step="1"/><D69/><REACH who="0" ten="296,69,406,199" step="2"/><U81/><E81/><AGARI ba="1,3" hai="2,4,9,57,60,65,75,77,81,84,86,87,93,95" machi="81" ten="40,8000,1" yaku="1,1,2,1,52,2,53,0" doraHai="88" doraHaiUra="36" who="3" fromWho="1" sc="296,0,69,-83,406,0,199,113" owari="296,-10.0,-14,-51.0,406,50.0,312,11.0" /></mjloggm>