<mjloggm ver="2.3"><GO type="41" lobby="0"/><UN n0="%E2%93%9D%53%75%70%68%78" n1="%E3%81%8A%E3%83%BC%E3%82%84%E3%82%93" n2="%52%65%63%61%6C%74%71" n3="%52%6F%6C%61%6E" dan="18,14,14,13" rate="2116.12,1941.42,1966.11,1874.06" sx="M,M,M,M"/><TAIKYOKU oya="0"/><INIT seed="0,0,0,1,0,4" ten="250,250,250,250" oya="0" hai0="135,58,118,87,94,14,49,109,32,7,24,26,5" hai1="3,69,0,64,75,2,132,121,51,113,38,90,91" hai2="81,23,122,131,92,60,16,47,62,120,8,13,99" hai3="107,31,18,134,63,19,59,73,9,74,61,41,39"/><T34/><D118/><U80/><E121/><V101/><F131/><W98/><G41/><T95/><D135/><U17/><E132/><V105/><F105/><W79/><G39/><T103/><D109/><U33/><E33/><V124/><F124/><W96/><G79/><T72/><D72/><U129/><E129/><V110/><F110/><W108/><G108/><T111/><D111/><U57/><E38/><V125/><F125/><W123/><G31/><T67/><D67/><U53/><E69/><V55/><F122/><W46/><G46/><T82/><D58/><U89/><E113/><V115/><F115/><W97/><G107/><T88/><D34/><U106/><E106/><V1/><F1/><W15/><G123/><T11/><D7/><U76/><E64/><V10/><F120/><W78/><G78/><T86/><D32/><U83/><E83/><V56/><F47/><W128/><G128/><T104/><D49/><U35/><E35/><V20/><F20/><W71/><G71/><T100/><D104/><U133/><E133/><V50/><F81/><W43/><G43/><T21/><D26/><U93/><E17/><V40/><F40/><W25/><G134/><T68/><D68/><U84/><AGARI ba="0,0" hai="0,2,3,51,53,57,75,76,80,84,89,90,91,93" machi="84" ten="30,1100,0" yaku="0,1" doraHai="4" who="1" fromWho="1" sc="250,-5,250,11,250,-3,250,-3" /><INIT seed="1,0,0,2,3,128" ten="245,261,247,247" oya="1" hai0="23,26,69,58,56,133,32,60,129,73,126,132,110" hai1="101,107,6,11,81,72,4,20,130,12,14,105,65" hai2="85,49,121,31,114,122,15,47,104,77,29,24,88" hai3="2,113,54,97,13,7,124,91,57,71,87,21,115"/><U10/><E65/><V76/><F104/><W92/><G92/><T82/><D110/><U40/><E40/><V112/><F15/><W117/><G71/><T34/><D129/><U1/><E101/><V106/><F106/><W66/><G117/><T36/><D36/><U84/><E72/><V131/><F131/><W53/><G66/><T102/><D126/><U52/><E130/><V22/><F31/><W30/><G97/><T3/><D3/><U46/><E1/><V41/><F77/><W19/><G124/><T83/><D102/><U116/><E116/><V67/><F76/><W45/><G45/><T64/><D73/><U134/><E134/><N who="0" m="51817" /><D58/><U43/><E43/><V62/><F114/><W100/><G100/><T90/><D69/><U59/><E46/><V16/><F29/><W25/><G91/><T127/><D127/><U5/><E5/><V70/><REACH who="2" step="1"/><F112/><REACH who="2" ten="245,261,237,247" step="2"/><W17/><G115/><T38/><D38/><U68/><E107/><V18/><F18/><W119/><G19/><N who="0" m="12671" /><D90/><U74/><E74/><V118/><F118/><W108/><G119/><T63/><D63/><U48/><E68/><V33/><F33/><AGARI ba="0,1" hai="32,33,34,56,60,64,82,83" m="12671,51817" machi="33" ten="30,7700,0" yaku="20,1,52,3" doraHai="128" who="0" fromWho="2" sc="245,87,261,0,237,-77,247,0" /><INIT seed="2,0,0,5,1,127" ten="332,261,160,247" oya="2" hai0="90,98,79,36,73,20,102,46,86,71,117,112,120" hai1="92,80,4,60,93,94,132,62,27,19,21,52,113" hai2="26,78,119,28,18,109,13,97,76,126,58,30,85" hai3="14,123,122,40,77,55,84,111,75,105,100,47,104"/><V0/><F119/><W61/><G111/><T42/><D71/><U65/><E113/><V44/><F126/><W1/><G1/><T87/><D112/><U133/><E4/><V15/><F109/><W33/><G33/><T25/><D120/><U38/><E38/><V7/><F97/><W114/><G75/><T89/><D73/><U5/><E5/><V81/><F76/><W95/><G114/><T45/><D45/><U82/><E65/><V31/><F58/><W34/><G34/><T70/><D70/><U2/><E2/><V83/><F83/><W103/><G14/><T43/><D43/><U50/><E80/><V12/><F44/><W91/><G61/><T49/><D36/><U35/><E35/><V69/><F69/><W10/><G10/><T64/><D64/><U108/><E108/><V130/><F130/><W23/><G23/><T54/><D79/><U131/><E131/><V68/><F68/><W115/><G55/><T96/><D54/><U53/><E82/><V116/><F116/><W57/><G57/><T8/><D8/><U99/><E99/><N who="0" m="37929" /><D102/><N who="3" m="38953" /><G115/><T72/><D72/><U129/><E129/><V134/><F134/><N who="1" m="51817" /><E53/><V56/><F56/><AGARI ba="0,0" hai="19,21,27,50,52,56,60,62,92,93,94" m="51817" machi="56" ten="30,2000,0" yaku="20,1,54,1" doraHai="127" who="1" fromWho="2" sc="332,0,261,20,160,-20,247,0" /><INIT seed="3,0,0,1,3,62" ten="332,281,140,247" oya="3" hai0="105,23,25,64,121,83,49,66,32,9,88,65,73" hai1="92,55,37,135,31,21,113,132,0,110,67,50,99" hai2="127,70,134,5,63,74,101,80,129,48,85,79,130" hai3="3,114,16,103,117,61,2,58,40,57,11,126,76"/><W1/><G117/><T96/><D32/><U90/><E37/><V94/><F5/><W33/><G33/><T7/><D121/><U56/><E0/><V111/><F111/><W20/><G114/><T8/><D73/><U123/><E123/><V17/><F134/><N who="1" m="51241" /><E113/><V69/><F127/><W116/><G116/><T12/><D105/><U19/><E31/><V89/><F17/><W34/><G34/><T84/><D9/><U109/><E67/><V26/><F26/><AGARI ba="0,0" hai="19,21,26,50,55,56,90,92,99,109,110" m="51241" machi="26" ten="30,1000,0" yaku="20,1" doraHai="62" who="1" fromWho="2" sc="332,0,281,10,140,-10,247,0" /><INIT seed="4,0,0,2,5,56" ten="332,291,130,247" oya="0" hai0="112,130,135,120,24,89,46,124,103,33,31,104,133" hai1="54,21,68,71,35,3,122,38,79,39,4,115,52" hai2="91,70,126,80,50,73,69,134,15,87,47,77,83" hai3="62,128,117,94,36,99,92,95,13,107,75,72,59"/><T93/><D120/><U18/><E122/><V37/><F134/><N who="0" m="51210" /><D112/><U48/><E35/><V8/><F37/><W98/><G128/><T12/><D124/><U127/><E127/><V32/><F32/><W129/><G129/><T51/><D12/><U60/><E115/><V14/><F14/><W10/><G117/><T23/><D103/><U42/><E79/><V81/><F81/><W58/><G36/><T121/><D104/><U125/><E125/><V41/><F126/><W34/><G34/><T76/><D76/><U66/><E4/><V105/><F105/><W82/><G58/><T17/><D121/><U55/><E3/><V102/><F102/><W0/><G0/><T44/><D51/><U57/><E18/><V96/><REACH who="2" step="1"/><F96/><REACH who="2" ten="332,291,120,247" step="2"/><W101/><G99/><N who="0" m="57775" /><D130/><U116/><E116/><V5/><AGARI ba="0,1" hai="5,8,15,41,47,50,69,70,73,77,80,83,87,91" machi="5" ten="20,5200,0" yaku="1,1,0,1,7,1,53,1" doraHai="56" doraHaiUra="6" who="2" fromWho="2" sc="332,-26,291,-13,120,62,247,-13" /><INIT seed="5,0,0,4,5,123" ten="306,278,182,234" oya="1" hai0="35,106,62,43,21,93,12,33,71,24,51,39,30" hai1="61,103,67,26,114,79,84,4,19,75,126,36,55" hai2="120,133,115,9,100,111,134,80,56,69,70,32,58" hai3="83,27,81,107,23,78,96,49,17,132,10,128,11"/><U82/><E36/><V108/><F120/><W14/><G128/><T101/><D39/><U3/><E114/><V99/><F80/><W122/><G122/><T118/><D118/><U85/><E126/><V77/><F77/><W37/><G37/><T40/><D93/><U18/><E103/><V97/><F9/><W29/><G132/><N who="2" m="50793" /><F32/><W46/><G107/><T86/><D35/><U52/><E19/><V91/><F91/><W25/><G96/><N who="2" m="36937" /><F115/><W64/><G64/><T15/><D33/><U73/><E73/><V8/><F8/><W125/><G125/><T16/><D101/><U98/><E98/><V92/><F92/><W65/><G65/><T109/><D86/><U63/><E63/><V7/><F7/><W74/><G83/><T105/><D62/><U66/><E66/><V130/><F130/><W95/><G95/><T53/><D106/><U127/><E127/><V129/><F129/><W121/><G121/><T45/><D105/><U89/><E75/><V117/><F117/><W60/><G60/><T94/><D94/><U20/><E4/><V44/><F44/><W47/><G46/><T90/><D45/><U124/><E124/><V31/><F31/><W1/><G11/><T28/><D28/><U76/><E3/><V88/><F88/><W38/><G1/><T116/><D30/><U59/><REACH who="1" step="1"/><E85/><REACH who="1" ten="306,268,182,234" step="2"/><V135/><N who="2" m="50801" /><V48/><DORA hai="68" /><F100/><W42/><G38/><T0/><D0/><U102/><E102/><V34/><F34/><W104/><G104/><T41/><D116/><U57/><E57/><N who="2" m="22123" /><F48/><W112/><G112/><T6/><D51/><RYUUKYOKU ba="0,1" sc="306,-30,268,10,182,10,234,10" hai1="18,20,26,52,55,59,61,67,76,79,82,84,89" hai2="69,70,108,111" hai3="10,14,17,23,25,27,29,42,47,49,74,78,81" /><INIT seed="5,1,1,2,0,60" ten="276,278,192,244" oya="1" hai0="49,121,108,112,86,84,1,118,6,107,50,116,29" hai1="100,87,3,67,33,109,117,68,98,96,44,76,73" hai2="20,58,129,14,113,82,70,78,52,106,54,126,99" hai3="92,125,59,10,94,69,74,61,47,13,34,105,111"/><U11/><E117/><V2/><F129/><W97/><G111/><T134/><D29/><U45/><E33/><V120/><F126/><W19/><G34/><T37/><D6/><U133/><E109/><V102/><F120/><W46/><G125/><T28/><D28/><U0/><E73/><V57/><F2/><W48/><G69/><T115/><D108/><U122/><E122/><V89/><F113/><W30/><G30/><T32/><D32/><U39/><E39/><V18/><F70/><W104/><G74/><T103/><D134/><U93/><E133/><V7/><F7/><W64/><G47/><T130/><D37/><U101/><E0/><V72/><F58/><W83/><G83/><T26/><BYE who="2" /><D1/><UN n2="%52%65%63%61%6C%74%71" /><U80/><E3/><V4/><F4/><W23/><G10/><T77/><D121/><U9/><E9/><V40/><F40/><W43/><REACH who="3" step="1"/><G94/><REACH who="3" ten="276,278,192,234" step="2"/><T38/><D115/><U21/><E11/><V132/><F132/><W81/><G81/><T5/><D112/><U131/><E131/><V56/><F56/><W53/><G53/><T91/><D130/><U110/><E110/><V114/><F114/><W51/><G51/><T66/><D38/><U135/><E135/><V62/><F54/><W85/><G85/><T8/><D86/><U88/><E68/><V95/><REACH who="2" step="1"/><F106/><REACH who="2" ten="276,278,182,234" step="2"/><W35/><G35/><T55/><D107/><U24/><E44/><V79/><F79/><W25/><BYE who="2" /><G25/><T127/><D77/><U63/><E45/><V16/><F16/><W90/><AGARI ba="1,3" hai="13,19,23,43,46,48,59,61,64,90,92,97,104,105" machi="90" ten="20,5200,0" yaku="1,1,0,1,7,1,52,1,53,0" doraHai="60" doraHaiUra="119" who="3" fromWho="3" sc="276,-14,278,-27,182,-14,234,85" /><UN n2="%52%65%63%61%6C%74%71" /><INIT seed="6,0,0,0,4,50" ten="262,251,168,319" oya="2" hai0="56,96,106,112,43,51,113,8,28,102,19,62,61" hai1="26,95,45,20,100,42,68,67,83,9,30,78,6" hai2="129,117,92,13,36,35,15,11,131,91,3,29,66" hai3="114,32,65,81,127,41,38,17,55,39,122,116,4"/><V77/><F36/><W75/><G75/><T128/><D28/><U22/><E22/><V134/><F117/><W123/><G81/><T69/><D128/><N who="2" m="49226" /><F77/><W125/><G4/><T16/><D69/><U2/><E68/><V7/><F66/><W23/><G23/><T89/><D89/><U115/><E115/><N who="0" m="44105" /><D8/><U97/><E67/><V120/><F120/><W33/><G17/><N who="0" m="6731" /><D56/><U44/><REACH who="1" step="1"/><E42/><REACH who="1" ten="262,241,168,319" step="2"/><V14/><F134/><W58/><G65/><T101/><D101/><U87/><AGARI ba="0,1" hai="2,6,9,20,26,30,44,45,78,83,87,95,97,100" machi="87" ten="20,5200,0" yaku="1,1,2,1,0,1,7,1,53,0" doraHai="50" doraHaiUra="53" who="1" fromWho="1" sc="262,-13,241,62,168,-26,319,-13" /><INIT seed="7,0,0,5,2,50" ten="249,303,142,306" oya="3" hai0="13,9,63,28,27,51,117,101,59,115,129,44,32" hai1="20,49,4,119,73,124,19,98,77,86,71,92,120" hai2="134,91,6,81,106,11,66,17,107,36,2,84,105" hai3="78,33,7,75,22,1,3,87,58,34,125,127,0"/><W5/><G75/><T88/><D129/><U18/><E71/><V135/><F36/><W113/><G78/><T61/><D117/><U108/><E108/><V118/><F118/><W102/><G102/><T128/><D128/><U45/><E119/><V111/><F111/><W90/><G58/><T99/><D115/><U65/><E120/><V94/><F66/><W55/><G55/><T39/><D39/><U103/><E73/><V56/><F17/><W46/><G46/><T48/><D48/><U96/><E96/><V110/><F110/><W132/><G113/><T95/><D101/><U41/><E124/><N who="3" m="47690" /><G132/><T30/><D30/><U38/><E38/><V31/><F31/><W23/><G90/><T104/><D104/><U64/><E4/><N who="3" m="1610" /><G87/><T72/><D72/><U89/><E77/><V133/><REACH who="2" step="1"/><F56/><REACH who="2" ten="249,303,132,306" step="2"/><W70/><G70/><T69/><D59/><U126/><E126/><V74/><F74/><W97/><G97/><T16/><REACH who="0" step="1"/><D69/><REACH who="0" ten="239,303,132,306" step="2"/><U62/><E98/><V47/><F47/><W25/><G34/><T54/><AGARI ba="0,2" hai="9,13,16,27,28,32,44,51,54,61,63,88,95,99" machi="54" ten="20,12000,2" yaku="1,1,2,1,0,1,7,1,52,1,54,2,53,0" doraHai="50" doraHaiUra="80" who="0" fromWho="0" sc="239,140,303,-30,132,-30,306,-60" owari="379,48.0,273,7.0,102,-40.0,246,-15.0" /></mjloggm>