<mjloggm ver="2.3"><GO type="41" lobby="0"/><UN n0="%40%E5%AE%AE%E6%B0%B8%E5%92%B2" n1="%52%32%34%31%32" n2="%E2%93%9D%4C%75%63%6B%79%4A" n3="%E3%82%B5%E3%83%BC%E3%83%AA" dan="15,13,18,15" rate="1992.22,1877.36,2217.59,1966.03" sx="M,M,M,M"/><TAIKYOKU oya="0"/><INIT seed="0,0,0,5,0,26" ten="250,250,250,250" oya="0" hai0="1,109,69,57,9,128,81,75,27,34,74,66,91" hai1="78,80,123,77,7,28,38,121,46,59,122,50,103" hai2="130,99,0,3,111,31,71,72,124,70,63,119,88" hai3="79,58,108,92,6,95,133,118,83,24,2,17,54"/><T49/><D128/><U36/><E28/><V89/><F72/><W115/><G118/><T90/><D69/><U4/><E103/><V19/><F130/><W120/><G108/><T43/><D109/><U105/><E105/><V48/><F111/><W84/><G133/><T106/><D106/><U11/><E77/><V68/><F48/><W102/><G2/><T5/><D66/><U101/><E101/><V73/><F19/><W25/><G6/><T134/><D134/><U8/><E59/><V93/><F73/><W97/><G115/><T61/><D61/><U40/><E36/><V14/><F14/><W104/><G120/><T100/><D100/><U132/><E132/><V10/><F124/><W65/><G65/><T131/><D131/><U56/><E56/><V85/><F10/><W45/><G45/><T60/><D60/><U117/><E117/><V37/><F37/><W96/><G17/><T18/><D43/><U64/><E64/><V82/><F119/><W33/><G33/><T22/><D34/><U42/><E42/><V41/><F41/><W107/><G107/><T52/><REACH who="0" step="1"/><D75/><REACH who="0" ten="240,250,250,250" step="2"/><U126/><E123/><V114/><F63/><N who="3" m="36311" /><G104/><T67/><D67/><U20/><E122/><V98/><F114/><W23/><G102/><T94/><D94/><U125/><E121/><V30/><REACH who="2" step="1"/><F99/><REACH who="2" ten="240,250,240,250" step="2"/><W15/><G97/><T21/><D21/><U12/><E20/><V135/><F135/><W32/><G32/><T55/><D55/><U76/><E126/><V87/><F87/><W116/><G96/><T29/><D29/><AGARI ba="0,2" hai="0,3,29,30,31,68,70,71,82,85,88,89,93,98" machi="29" ten="40,12000,2" yaku="1,1,52,3,54,1,53,2" doraHai="26" doraHaiUra="86" who="2" fromWho="0" sc="240,-120,250,0,240,140,250,0" /><INIT seed="1,0,0,5,2,132" ten="120,250,380,250" oya="1" hai0="70,85,32,120,94,126,127,119,5,30,49,93,42" hai1="28,87,107,7,106,21,63,74,125,50,16,115,82" hai2="105,35,53,103,13,92,109,0,60,95,80,23,86" hai3="64,51,22,56,129,54,81,46,113,124,14,97,78"/><U11/><E115/><V99/><F35/><W34/><G129/><T89/><D119/><U90/><E125/><N who="0" m="47625" /><D70/><U79/><E28/><V110/><F0/><W27/><G34/><T88/><D120/><U121/><E121/><V128/><F53/><W100/><G14/><T75/><D75/><U6/><E63/><V68/><F13/><W4/><G4/><T57/><D5/><U104/><E50/><V2/><F23/><W112/><G124/><T8/><D8/><U47/><E47/><V72/><F2/><W31/><G46/><N who="0" m="25815" /><D57/><U114/><E114/><V15/><F72/><W61/><G51/><T83/><D89/><U134/><E134/><V59/><F59/><W116/><G54/><T37/><D37/><U130/><E130/><V65/><F128/><W9/><G9/><T20/><D32/><U12/><REACH who="1" step="1"/><E11/><REACH who="1" ten="120,240,380,250" step="2"/><V123/><F123/><W58/><G116/><T45/><D45/><U44/><E44/><V122/><F122/><W98/><G113/><T117/><D117/><U131/><E131/><V73/><F60/><W76/><G61/><T29/><D29/><U69/><E69/><V55/><F68/><W43/><G31/><T84/><D84/><U38/><E38/><V10/><F86/><W24/><G112/><T111/><D111/><U25/><E25/><AGARI ba="0,1" hai="20,25,30,83,85,88,93,94" m="25815,47625" machi="25" ten="30,8000,1" yaku="18,1,52,3,54,1" doraHai="132" who="0" fromWho="1" sc="120,90,240,-80,380,0,250,0" /><INIT seed="2,0,0,1,0,60" ten="210,160,380,250" oya="2" hai0="87,115,55,119,89,19,27,41,23,110,62,121,118" hai1="68,71,111,56,49,133,107,51,61,106,83,47,2" hai2="134,117,67,76,86,59,123,20,7,81,39,82,91" hai3="102,45,104,105,44,40,26,80,50,34,79,73,95"/><V131/><F123/><W38/><G34/><T8/><D115/><U22/><E2/><V14/><F117/><W9/><G26/><T108/><D41/><U75/><E133/><V52/><F131/><W46/><G45/><T88/><D121/><U78/><E111/><N who="0" m="42537" /><D8/><U29/><E49/><V37/><F134/><W63/><G9/><T43/><D43/><U48/><E48/><V13/><F7/><W96/><REACH who="3" step="1"/><G63/><REACH who="3" ten="210,160,380,240" step="2"/><T10/><D10/><U21/><E47/><V1/><F1/><W124/><G124/><T64/><D55/><AGARI ba="0,1" hai="38,40,44,46,50,55,73,79,80,95,96,102,104,105" machi="55" ten="30,2000,0" yaku="1,1,7,1,53,0" doraHai="60" doraHaiUra="15" who="3" fromWho="0" sc="210,-20,160,0,380,0,240,30" /><INIT seed="3,0,0,1,3,117" ten="190,160,380,270" oya="3" hai0="110,65,49,131,103,62,15,85,0,48,87,127,51" hai1="21,116,86,25,34,106,2,28,115,46,16,36,52" hai2="124,114,79,42,105,1,93,64,57,90,119,112,33" hai3="132,6,83,99,66,133,41,72,3,96,129,40,14"/><W55/><G3/><T39/><D0/><U43/><E2/><V4/><F119/><W69/><G129/><T32/><D110/><U135/><E116/><V7/><F105/><W10/><G69/><T61/><D131/><U37/><E115/><V9/><F33/><W8/><G10/><T84/><D39/><U5/><E135/><N who="3" m="51786" /><G66/><T107/><D32/><U29/><E106/><V38/><F7/><W120/><G55/><T23/><D127/><U13/><E36/><V54/><F64/><W108/><G108/><T109/><D109/><U11/><E86/><V60/><F124/><W113/><G113/><T97/><REACH who="0" step="1"/><D65/><REACH who="0" ten="180,160,380,270" step="2"/><U126/><E126/><V88/><F114/><W63/><G120/><T102/><D102/><U58/><E34/><V53/><F112/><W73/><G73/><T122/><D122/><U89/><REACH who="1" step="1"/><E89/><REACH who="1" ten="180,150,380,270" step="2"/><V22/><F90/><W81/><G72/><T123/><D123/><U98/><E98/><V35/><F35/><W100/><G99/><T68/><D68/><U18/><E18/><AGARI ba="0,2" hai="15,18,23,48,49,51,61,62,84,85,87,97,103,107" machi="18" ten="40,8000,1" yaku="1,1,53,3" doraHai="117" doraHaiUra="82" who="0" fromWho="1" sc="180,100,150,-80,380,0,270,0" /><INIT seed="4,0,0,4,4,73" ten="280,70,380,270" oya="0" hai0="83,61,90,102,30,72,113,56,101,117,7,26,38" hai1="87,98,84,45,53,96,44,111,11,119,2,32,112" hai2="43,27,80,132,68,120,21,106,94,70,10,128,114" hai3="91,97,129,67,15,126,22,52,17,13,31,104,89"/><T99/><D38/><U74/><E111/><V36/><F106/><W41/><G67/><T107/><D113/><U55/><E74/><V57/><F10/><W1/><G1/><T82/><D117/><U20/><E32/><V93/><F120/><W135/><G41/><T50/><D7/><U86/><E119/><V37/><F57/><W24/><G129/><T25/><D50/><U28/><E112/><V92/><F114/><W123/><G126/><T64/><D101/><U124/><E124/><V9/><F9/><W5/><G104/><T58/><D26/><U77/><E2/><V14/><F14/><W39/><G97/><N who="1" m="37482" /><E11/><V127/><F132/><W116/><G135/><T29/><D72/><U78/><E28/><V110/><F110/><W108/><G39/><T48/><D30/><U122/><E20/><V19/><F37/><W79/><G5/><T63/><D48/><U8/><E8/><V133/><F133/><W16/><G123/><T121/><D121/><U95/><E122/><V134/><F134/><W65/><G31/><T115/><D115/><U130/><E130/><V0/><F0/><W103/><G17/><T18/><D18/><U131/><E131/><V85/><F128/><W59/><G103/><T49/><D49/><U34/><E34/><V69/><F127/><W23/><G116/><T100/><D100/><U105/><E105/><V40/><REACH who="2" step="1"/><F36/><REACH who="2" ten="280,70,370,270" step="2"/><W125/><G125/><T66/><D107/><U12/><E12/><V60/><F60/><N who="3" m="35943" /><G15/><T46/><D102/><U75/><E75/><V81/><F81/><W118/><G118/><T33/><D46/><RYUUKYOKU ba="0,1" sc="280,15,70,-15,370,15,270,-15" hai0="25,29,33,56,58,61,63,64,66,82,83,90,99" hai2="19,21,27,40,43,68,69,70,80,85,92,93,94" /><INIT seed="4,1,1,0,3,43" ten="295,55,385,255" oya="0" hai0="10,98,115,12,20,35,4,55,40,119,58,79,3" hai1="42,29,75,7,134,50,32,15,77,92,130,83,123" hai2="47,21,121,41,44,128,53,64,102,51,84,129,81" hai3="66,16,34,68,31,56,105,125,18,49,97,94,8"/><T9/><D119/><U27/><E123/><V11/><F121/><W65/><G105/><T13/><D35/><U99/><E134/><V70/><F102/><W85/><G68/><T62/><D115/><U73/><E130/><N who="2" m="50283" /><F11/><W108/><G108/><T57/><D79/><U120/><E120/><V93/><F93/><W14/><G125/><T104/><D40/><U61/><E61/><N who="2" m="40207" /><F21/><W133/><G133/><T116/><D116/><U63/><E63/><V30/><F30/><W96/><G31/><T91/><D10/><U122/><E122/><V118/><F118/><W23/><G85/><T48/><D20/><U69/><E69/><V95/><F95/><W76/><G96/><T59/><D91/><U78/><E7/><V2/><F2/><W0/><G0/><T45/><REACH who="0" step="1"/><D62/><REACH who="0" ten="285,55,385,255" step="2"/><U117/><E117/><V22/><F22/><W111/><G76/><T60/><D60/><U86/><E77/><N who="2" m="46127" /><F41/><W80/><G34/><T114/><D114/><U82/><E42/><V33/><F33/><W101/><G111/><T103/><AGARI ba="1,2" hai="3,4,9,12,13,45,48,55,57,58,59,98,103,104" machi="103" ten="30,6000,0" yaku="1,1,0,1,52,1,53,0" doraHai="43" doraHaiUra="24" who="0" fromWho="0" sc="285,83,55,-21,385,-21,255,-21" /><INIT seed="4,2,0,0,1,78" ten="368,34,364,234" oya="0" hai0="10,122,67,71,106,60,57,102,99,43,125,14,70" hai1="85,59,48,3,62,46,5,108,135,93,129,130,23" hai2="104,19,68,12,49,28,117,4,24,96,133,76,80" hai3="15,33,127,27,8,25,123,45,34,6,101,113,65"/><T105/><D122/><U88/><E3/><V7/><F68/><W87/><G101/><T29/><D125/><U40/><E108/><V66/><F66/><W83/><G127/><T126/><D126/><U38/><E135/><V131/><F131/><W44/><G113/><T120/><D120/><U22/><E5/><V114/><F49/><W73/><G73/><T55/><D29/><U95/><E130/><V100/><F117/><W64/><G33/><T42/><D105/><U39/><E129/><V116/><F116/><W81/><G34/><T16/><REACH who="0" step="1"/><D70/><REACH who="0" ten="358,34,364,234" step="2"/><U91/><E38/><V21/><F114/><W74/><G123/><T31/><D31/><U11/><E39/><V111/><F133/><W63/><G65/><T89/><D89/><U37/><E37/><V41/><F111/><W112/><G64/><T17/><D17/><U97/><REACH who="1" step="1"/><E11/><REACH who="1" ten="358,24,364,234" step="2"/><V50/><F28/><W26/><G112/><T1/><D1/><U47/><E47/><V51/><F7/><W69/><G45/><T32/><D32/><U54/><AGARI ba="2,2" hai="22,23,40,46,48,54,59,62,85,88,91,93,95,97" machi="54" ten="20,8000,1" yaku="1,1,0,1,7,1,8,1,54,1,53,0" doraHai="78" doraHaiUra="77" who="1" fromWho="1" sc="358,-42,24,106,364,-22,234,-22" /><INIT seed="5,0,0,4,5,32" ten="316,130,342,212" oya="1" hai0="50,130,1,102,21,85,6,34,98,122,39,135,8" hai1="3,9,41,25,24,10,118,66,131,22,99,119,115" hai2="35,91,87,75,83,43,97,71,59,37,128,19,121" hai3="30,27,79,13,63,86,126,56,23,42,93,104,70"/><U68/><E68/><V55/><F121/><W51/><G126/><T69/><D39/><U20/><E66/><V129/><F35/><W84/><G104/><T134/><D34/><U127/><E41/><V28/><F28/><W46/><G70/><T67/><D130/><N who="2" m="50282" /><F75/><W4/><G79/><T103/><D50/><U113/><E131/><V16/><F97/><W100/><G4/><T123/><D85/><U62/><E62/><N who="2" m="36223" /><F71/><W12/><G86/><T101/><D21/><N who="1" m="8299" /><E127/><V106/><F106/><W53/><G84/><T5/><D5/><N who="1" m="1215" /><E99/><AGARI ba="0,0" hai="12,13,23,27,30,42,46,51,53,56,63,93,99,100" machi="99" ten="40,1300,0" yaku="8,1" doraHai="32" who="3" fromWho="1" sc="316,0,130,-13,342,0,212,13" /><INIT seed="6,0,0,3,3,39" ten="316,117,342,225" oya="2" hai0="30,25,134,12,129,38,81,106,128,31,6,4,73" hai1="88,96,79,0,87,116,103,18,75,135,86,107,42" hai2="51,105,133,74,14,29,70,54,10,117,64,77,56" hai3="125,120,17,80,35,9,126,114,21,53,41,101,99"/><V127/><F117/><W82/><G120/><T33/><D106/><U98/><E116/><V2/><F2/><W66/><G35/><T44/><D134/><U62/><E0/><V57/><F105/><W8/><G66/><T85/><D73/><U95/><E62/><V27/><F127/><N who="3" m="48651" /><G53/><T55/><D31/><U50/><E18/><V100/><F100/><W68/><G68/><T7/><D12/><U124/><E124/><V5/><F133/><W72/><G41/><N who="0" m="22583" /><D55/><U59/><E135/><V65/><F70/><W109/><G80/><T58/><D58/><U71/><E71/><V19/><F57/><W15/><G109/><T32/><D25/><U47/><E59/><V90/><F74/><W22/><G82/><T61/><D30/><U20/><E20/><V28/><F29/><W43/><G43/><T113/><D61/><U76/><REACH who="1" step="1"/><E75/><REACH who="1" ten="316,107,342,225" step="2"/><V93/><F28/><W84/><G72/><T112/><D33/><U130/><E130/><N who="0" m="50281" /><D32/><U60/><E60/><V115/><F56/><W48/><G9/><T24/><D24/><U118/><E118/><V69/><F69/><W89/><G8/><T63/><D63/><U34/><E34/><V104/><F10/><W46/><G22/><T78/><AGARI ba="0,1" hai="4,6,7,78,81,85,112,113" m="50281,22583" machi="78" ten="40,2700,0" yaku="19,1,52,1" doraHai="39" who="0" fromWho="0" sc="316,37,107,-7,342,-13,225,-7" /><INIT seed="7,0,0,5,3,117" ten="353,100,329,218" oya="3" hai0="124,101,134,11,51,10,53,73,15,4,70,115,74" hai1="120,54,92,2,93,129,49,37,127,113,23,109,75" hai2="89,121,59,67,118,82,8,47,66,19,111,71,41" hai3="126,18,30,40,104,133,103,42,132,20,119,102,96"/><W48/><G119/><T12/><D70/><U9/><E37/><V14/><F118/><W112/><G112/><T43/><D134/><N who="3" m="51817" /><G126/><T65/><D65/><U84/><E75/><V88/><F111/><W45/><G103/><T106/><D43/><U77/><E109/><V125/><F121/><W29/><G40/><T76/><D76/><U7/><E127/><V3/><F3/><W38/><G38/><T46/><D124/><U105/><E129/><V6/><F71/><W85/><G85/><T99/><D115/><U72/><E113/><V26/><F125/><W34/><G34/><T122/><D122/><U35/><E35/><V128/><F128/><W95/><G104/><T55/><D55/><U5/><E105/><V90/><F82/><W57/><G57/><T31/><D31/><U135/><E72/><V39/><F59/><W131/><G131/><T52/><D53/><U100/><E135/><V44/><F47/><W97/><G97/><T68/><D68/><U58/><E120/><V1/><REACH who="2" step="1"/><F26/><AGARI ba="0,0" hai="18,20,26,29,30,42,45,48,95,96,102" m="51817" machi="26" ten="30,1500,0" yaku="20,1" doraHai="117" who="3" fromWho="2" sc="353,0,100,0,329,-15,218,15" /><INIT seed="7,1,0,3,2,55" ten="353,100,314,233" oya="3" hai0="38,91,37,86,131,21,46,32,45,66,127,34,56" hai1="69,93,59,9,26,116,114,83,73,13,16,41,117" hai2="23,3,70,65,79,94,84,96,120,52,112,30,33" hai3="27,87,7,92,130,10,90,103,28,43,108,102,40"/><W88/><G130/><T111/><D111/><U123/><E123/><V54/><F33/><W39/><G108/><T19/><D37/><U72/><E69/><V58/><F70/><W134/><G134/><T101/><D38/><U68/><E68/><V63/><F3/><W100/><G90/><T67/><D127/><U115/><E41/><V89/><F112/><W126/><G39/><T98/><D34/><U42/><E42/><V44/><F120/><W64/><G64/><N who="0" m="24619" /><D56/><U105/><E105/><V47/><F79/><W99/><G99/><T78/><D32/><U74/><E93/><V124/><F124/><W106/><G106/><T77/><D101/><U35/><E83/><V113/><F113/><W36/><G36/><T125/><D98/><U20/><E74/><V129/><F129/><W104/><G104/><T75/><D75/><U81/><E73/><V51/><F96/><W60/><G60/><T50/><D131/><U2/><E72/><V128/><F128/><W107/><G107/><T18/><D18/><U17/><E81/><V29/><F23/><N who="3" m="15487" /><G126/><T80/><D125/><U24/><E59/><N who="2" m="37119" /><F47/><N who="0" m="17930" /><D50/><AGARI ba="1,0" hai="29,30,44,50,51,52,54,58,84,89,94" m="37119" machi="50" ten="30,7700,0" yaku="8,1,52,2,54,1" doraHai="55" who="2" fromWho="0" sc="353,-80,100,0,314,80,233,0" owari="273,7.3,100,-40.0,394,49.4,233,-16.7" /></mjloggm>