<mjloggm ver="2.3"><GO type="41" lobby="0"/><UN n0="%E5%80%A9" n1="%E6%84%9A%E8%80%85%E3%81%AE%E7%A7%8B" n2="%E2%93%9D%4C%75%63%6B%79%4A" n3="%61%69%6F%61%61%69" dan="13,15,18,13" rate="1864.06,2028.12,2213.43,1831.75" sx="M,F,M,M"/><TAIKYOKU oya="0"/><INIT seed="0,0,0,1,4,54" ten="250,250,250,250" oya="0" hai0="52,11,50,14,92,98,51,71,20,101,15,132,35" hai1="105,90,1,48,57,61,42,128,103,31,32,135,80" hai2="27,62,134,99,119,28,86,69,120,30,110,4,107" hai3="129,102,46,34,39,58,56,73,93,96,117,63,95"/><T66/><D35/><U43/><E1/><V29/><F120/><W83/><G117/><T125/><D125/><U21/><E32/><V81/><F119/><W44/><G34/><T19/><D132/><U75/><E135/><V12/><F134/><W97/><G129/><T64/><D71/><U94/><E105/><V53/><F110/><W79/><G39/><T123/><D50/><U100/><E128/><V130/><F99/><W16/><G16/><N who="0" m="8287" /><D123/><U78/><E48/><V111/><F107/><W77/><G77/><T59/><AGARI ba="0,0" hai="15,19,20,51,52,59,64,66,92,98,101" m="8287" machi="59" ten="30,11700,0" yaku="8,1,52,1,54,2" doraHai="54" who="0" fromWho="0" sc="250,117,250,-39,250,-39,250,-39" /><INIT seed="0,1,0,0,1,84" ten="367,211,211,211" oya="0" hai0="69,129,135,24,79,42,7,20,49,93,0,14,57" hai1="130,26,113,19,74,78,3,1,121,71,51,23,80" hai2="97,30,28,62,72,16,128,60,75,76,54,21,95" hai3="34,64,50,47,35,12,27,65,59,120,86,4,87"/><T119/><D119/><U70/><E121/><V112/><F112/><W110/><G120/><T39/><D69/><U114/><E130/><V115/><F115/><N who="1" m="44041" /><E51/><V17/><F128/><W10/><G87/><T36/><D129/><U40/><E40/><V38/><F38/><W22/><G110/><T92/><D135/><U33/><E33/><V43/><F43/><W32/><G59/><T66/><D79/><U83/><E83/><V118/><F118/><W41/><REACH who="3" step="1"/><G86/><REACH who="3" ten="367,211,211,201" step="2"/><T67/><D57/><U90/><E71/><V127/><F75/><W81/><G81/><T2/><D7/><U37/><E70/><V133/><F72/><W11/><G11/><T82/><D82/><U45/><E80/><V125/><F76/><W13/><G13/><T104/><D14/><U18/><E78/><V58/><F133/><W77/><G77/><T102/><D0/><U108/><E74/><V48/><F127/><W63/><G63/><N who="2" m="24105" /><F125/><W89/><G89/><T8/><D2/><U131/><E108/><V101/><F21/><W103/><G103/><T122/><D102/><U126/><E126/><V94/><F95/><W107/><G107/><T91/><D93/><U56/><E131/><V53/><F101/><W116/><G116/><T98/><D104/><U100/><E100/><V109/><F109/><W68/><G68/><T73/><D73/><U88/><E56/><V5/><F58/><W9/><G9/><T55/><D8/><U106/><E106/><V15/><F15/><W117/><G117/><T31/><D92/><U124/><E124/><V99/><F94/><W123/><G123/><RYUUKYOKU ba="1,1" sc="367,-10,211,-10,211,-10,201,30" hai3="4,10,12,22,27,32,34,35,41,47,50,64,65" /><INIT seed="1,2,1,1,4,129" ten="357,201,201,231" oya="1" hai0="82,98,121,101,56,25,84,96,21,39,54,123,113" hai1="93,117,67,78,20,58,49,10,87,57,22,127,4" hai2="28,104,106,55,112,29,119,42,69,41,12,43,32" hai3="33,35,68,72,134,135,14,116,100,131,83,46,38"/><U65/><E117/><V18/><F119/><W50/><G116/><T77/><D39/><U88/><E127/><V132/><F69/><W103/><G68/><T107/><D98/><U13/><E78/><V37/><F37/><W17/><G38/><T89/><D113/><U16/><E22/><V61/><F112/><W3/><G3/><T128/><D128/><U31/><E31/><V90/><F32/><N who="3" m="12363" /><G72/><T40/><D40/><U102/><E102/><V2/><F2/><W74/><G74/><T30/><REACH who="0" step="1"/><D77/><REACH who="0" ten="347,201,201,231" step="2"/><U66/><REACH who="1" step="1"/><E49/><AGARI ba="2,2" hai="21,25,30,49,54,56,82,84,89,96,101,107,121,123" machi="49" ten="40,8000,1" yaku="1,1,2,1,53,2" doraHai="129" doraHaiUra="118" who="0" fromWho="1" sc="347,106,201,-86,201,0,231,0" /><INIT seed="2,0,0,1,3,11" ten="453,115,201,231" oya="2" hai0="38,105,76,123,18,71,72,116,8,2,88,132,40" hai1="77,46,60,93,10,80,106,110,133,59,95,134,41" hai2="83,39,98,131,102,84,100,44,119,135,58,24,90" hai3="86,57,62,50,127,129,120,118,9,114,21,117,22"/><V70/><F70/><W64/><G120/><T29/><D123/><U109/><E106/><V55/><F119/><W111/><G114/><T33/><D105/><U0/><E95/><V45/><F135/><N who="1" m="51721" /><E93/><V121/><F131/><W91/><G129/><T14/><D2/><U31/><E31/><V61/><F121/><W78/><G78/><T94/><D116/><U97/><E97/><V67/><F39/><W25/><G22/><T75/><D71/><U113/><E113/><V56/><F24/><W36/><G127/><T107/><D107/><U82/><E0/><V32/><F32/><W108/><G50/><T17/><D76/><U42/><E10/><V122/><F122/><W16/><G36/><T73/><D132/><U13/><E13/><V43/><F43/><N who="1" m="16393" /><E46/><N who="2" m="18027" /><F98/><W26/><G26/><T92/><D33/><U28/><E28/><V115/><F115/><W66/><G9/><T5/><D29/><U63/><E63/><AGARI ba="0,0" hai="55,56,58,61,63,67,83,84,90,100,102" m="18027" machi="63" ten="30,1500,0" yaku="8,1" doraHai="11" who="2" fromWho="1" sc="453,0,115,-15,201,15,231,0" /><INIT seed="2,1,0,5,1,72" ten="453,100,216,231" oya="2" hai0="131,100,38,64,16,83,46,85,118,82,80,13,109" hai1="61,84,36,105,132,17,103,39,29,10,55,68,112" hai2="58,71,95,93,53,31,14,116,50,113,40,74,115" hai3="87,91,60,123,34,130,76,121,59,66,81,120,41"/><V79/><F116/><W28/><G130/><T110/><D118/><U5/><E112/><V86/><F71/><W20/><G34/><T89/><D131/><U119/><E119/><V7/><F74/><W3/><G3/><T52/><D64/><U62/><E29/><V117/><F117/><W106/><G106/><T26/><D26/><U67/><E17/><V15/><F40/><W57/><G57/><T1/><D1/><U102/><E55/><V27/><F115/><W63/><G63/><T107/><D100/><U12/><E61/><V65/><F65/><W24/><REACH who="3" step="1"/><G41/><REACH who="3" ten="453,100,216,221" step="2"/><T42/><D107/><U98/><E132/><V33/><F113/><W135/><G135/><T32/><D32/><U48/><E62/><V94/><REACH who="2" step="1"/><F7/><REACH who="2" ten="453,100,206,221" step="2"/><W51/><G51/><T75/><D42/><U77/><E48/><V25/><F25/><W22/><G22/><T43/><D43/><U124/><E5/><V111/><F111/><W30/><G30/><T35/><D110/><U134/><E134/><V37/><F37/><W23/><G23/><T128/><D38/><U99/><E39/><V108/><F108/><W69/><G69/><T73/><D109/><U44/><E36/><V6/><F6/><W122/><N who="3" m="30720" /><DORA hai="21" /><W97/><G97/><T96/><D96/><U104/><E99/><V19/><F19/><W11/><G11/><T56/><D128/><U4/><E98/><V49/><F49/><W78/><AGARI ba="1,2" hai="20,24,28,59,60,66,76,78,81,87,91" m="30720" machi="78" ten="60,12000,2" yaku="1,1,0,1,52,3,53,1" doraHai="72,21" doraHaiUra="45,54" who="3" fromWho="3" sc="453,-31,100,-31,206,-61,221,143" /><INIT seed="3,0,0,5,3,21" ten="422,69,145,364" oya="3" hai0="87,110,101,117,124,126,74,37,2,1,114,86,84" hai1="106,29,59,103,102,24,96,109,45,100,40,98,113" hai2="70,105,118,12,67,112,79,121,108,75,16,80,69" hai3="32,0,23,99,28,89,30,46,60,81,25,14,39"/><W8/><G30/><T82/><D37/><U92/><E109/><V41/><F112/><W63/><G39/><T83/><D117/><U91/><E113/><V95/><F105/><W130/><G130/><T93/><D114/><U133/><E133/><V129/><F118/><W78/><G99/><N who="0" m="59631" /><D2/><U119/><E59/><V5/><F5/><N who="3" m="1063" /><G46/><T27/><D27/><U132/><E132/><V68/><F108/><W52/><G52/><T3/><D1/><U4/><E4/><V26/><F129/><W17/><G89/><N who="0" m="51351" /><D3/><U53/><E53/><V97/><F41/><W111/><G111/><T107/><D110/><U50/><REACH who="1" step="1"/><E119/><REACH who="1" ten="422,59,145,364" step="2"/><V120/><F70/><W19/><G17/><T116/><D116/><U88/><E88/><V33/><F69/><W85/><AGARI ba="0,1" hai="14,19,23,25,28,32,60,63,78,81,85" m="1063" machi="85" ten="30,3000,0" yaku="24,1,52,1" doraHai="21" who="3" fromWho="3" sc="422,-10,59,-10,145,-10,364,40" /><INIT seed="3,1,0,0,3,5" ten="412,49,135,404" oya="3" hai0="93,46,11,45,87,23,15,2,57,33,120,81,58" hai1="13,107,62,133,111,28,116,126,89,20,66,32,47" hai2="132,55,51,25,134,129,4,84,78,76,14,112,17" hai3="121,124,100,42,72,96,21,69,74,83,29,39,18"/><W103/><G121/><T34/><D120/><U79/><E107/><V80/><F112/><W22/><G69/><T7/><D34/><U114/><E114/><V117/><F117/><W113/><G113/><T86/><D33/><U24/><E79/><V37/><F37/><W73/><G103/><T48/><D93/><U130/><E111/><V108/><F4/><W60/><G42/><T110/><D110/><U52/><E116/><V131/><F25/><W90/><G39/><T106/><D106/><U128/><E126/><V35/><F35/><W115/><G29/><T98/><D98/><U16/><E89/><V94/><F94/><W88/><G115/><T31/><D87/><U105/><E105/><V36/><F36/><W102/><G60/><T43/><D46/><U12/><E12/><V56/><F78/><W123/><G123/><T101/><D101/><N who="3" m="39017" /><G96/><T82/><D82/><U75/><E75/><V3/><F3/><W40/><G40/><T8/><D31/><U64/><E133/><N who="2" m="51307" /><F108/><W119/><G83/><T104/><D104/><U50/><REACH who="1" step="1"/><E66/><REACH who="1" ten="412,39,135,404" step="2"/><V63/><F63/><W27/><G119/><T26/><D2/><U38/><E38/><V135/><N who="2" m="51315" /><V53/><DORA hai="44" /><F55/><W125/><G74/><T67/><D67/><U70/><AGARI ba="1,1" hai="13,16,20,24,28,32,47,50,52,62,64,70,128,130" machi="70" ten="30,8000,1" yaku="1,1,0,1,52,1,54,2,53,0" doraHai="5,44" doraHaiUra="122,85" who="1" fromWho="1" sc="412,-21,39,93,135,-21,404,-41" /><INIT seed="4,0,0,0,1,50" ten="391,132,114,363" oya="0" hai0="30,104,87,126,117,14,132,100,26,114,54,80,47" hai1="9,7,15,90,49,88,93,38,133,98,131,101,63" hai2="31,135,77,128,111,78,99,86,40,34,112,68,127" hai3="45,11,4,73,39,37,43,32,102,52,35,96,17"/><T56/><D117/><U51/><E38/><V59/><F68/><W129/><G73/><T1/><D1/><U84/><E133/><V21/><F34/><W24/><G39/><T124/><D132/><U20/><E131/><V48/><F111/><W118/><G129/><T46/><D114/><U85/><E63/><V122/><F122/><W74/><G17/><T134/><D14/><U119/><E119/><V109/><F99/><W79/><G24/><T66/><D66/><U2/><E2/><V0/><F127/><N who="0" m="48682" /><D100/><U120/><E20/><V130/><F21/><W53/><G35/><N who="0" m="20951" /><D104/><U5/><E5/><V60/><F112/><W6/><G32/><T125/><D134/><U105/><REACH who="1" step="1"/><E120/><REACH who="1" ten="391,122,114,363" step="2"/><V23/><F135/><W121/><G118/><T116/><D116/><U108/><E108/><V27/><F109/><W71/><G4/><T55/><D125/><U3/><E3/><V42/><F0/><N who="3" m="455" /><G121/><T107/><D107/><U57/><E57/><V91/><F130/><W81/><G71/><T13/><D56/><U82/><AGARI ba="0,1" hai="7,9,15,49,51,82,84,85,88,90,93,98,101,105" machi="82" ten="20,8000,1" yaku="1,1,0,1,7,1,54,1,53,1" doraHai="50" doraHaiUra="103" who="1" fromWho="1" sc="391,-40,122,90,114,-20,363,-20" /><INIT seed="5,0,0,3,0,89" ten="351,212,94,343" oya="1" hai0="39,83,127,100,29,69,61,65,71,18,15,73,25" hai1="49,40,101,97,94,64,19,59,125,31,3,37,90" hai2="12,44,38,72,63,77,126,74,14,113,115,107,58" hai3="85,96,51,99,67,120,54,117,88,102,50,11,68"/><U119/><E119/><V81/><F107/><W52/><G120/><T2/><D2/><U16/><E3/><V36/><F126/><W118/><G68/><T0/><D0/><U92/><E37/><V82/><F58/><N who="3" m="33047" /><G67/><T9/><D39/><N who="2" m="14890" /><F63/><W86/><G86/><T32/><D127/><U10/><E31/><V62/><F62/><W116/><G11/><T26/><D26/><U66/><E125/><V48/><F48/><W23/><G23/><T47/><D47/><N who="1" m="25831" /><E59/><V104/><F104/><W57/><G102/><T35/><D100/><U114/><E114/><N who="2" m="43531" /><F44/><W132/><G132/><T21/><D71/><U56/><E56/><V7/><F7/><W110/><G110/><T91/><D73/><N who="2" m="28266" /><F77/><W75/><G75/><T13/><D13/><AGARI ba="0,0" hai="12,13,14,81,82" m="28266,43531,14890" machi="13" ten="40,8000,1" yaku="28,2,15,1,11,1" doraHai="89" who="2" fromWho="0" sc="351,-80,212,0,94,80,343,0" /><INIT seed="6,0,0,0,5,9" ten="271,212,174,343" oya="2" hai0="37,25,67,119,40,29,26,8,35,23,3,93,130" hai1="6,87,76,75,63,80,129,11,10,135,106,70,99" hai2="91,41,97,74,39,101,73,115,28,98,0,90,78" hai3="21,114,104,58,17,55,43,7,92,123,4,88,120"/><V124/><F0/><W85/><G104/><T117/><D93/><U66/><E129/><V100/><F41/><W24/><G114/><T102/><D102/><N who="2" m="39530" /><F39/><W57/><G43/><T79/><D79/><U133/><E106/><V54/><F28/><W34/><G34/><T52/><D67/><U36/><E99/><N who="2" m="37899" /><F54/><W14/><G120/><T19/><D130/><U45/><E87/><V72/><F124/><W22/><G123/><T69/><D69/><U49/><E36/><V32/><F32/><W71/><G71/><T62/><D40/><U56/><E70/><V68/><F68/><W81/><G81/><T134/><D134/><N who="1" m="51211" /><E6/><N who="3" m="2090" /><G55/><AGARI ba="0,0" hai="10,11,45,49,55,56,63,66,75,76,80" m="51211" machi="55" ten="30,1000,0" yaku="20,1" doraHai="9" who="1" fromWho="3" sc="271,0,212,10,174,0,343,-10" /><INIT seed="7,0,0,4,5,114" ten="271,222,174,333" oya="3" hai0="20,94,4,5,96,15,68,53,48,118,65,58,90" hai1="66,23,106,113,103,17,43,29,98,82,129,100,120" hai2="49,81,39,72,25,59,93,55,27,89,75,79,40" hai3="83,24,44,99,41,56,47,133,95,36,69,8,73"/><W126/><G69/><T80/><D68/><U125/><E120/><V84/><F39/><W132/><G47/><T87/><D118/><U57/><E103/><V112/><F112/><W109/><G24/><T123/><D123/><U7/><E7/><V52/><F40/><W121/><G121/><T124/><D65/><U116/><E29/><V22/><F27/><W119/><G119/><T104/><D104/><U111/><E111/><V97/><REACH who="2" step="1"/><F55/><REACH who="2" ten="271,222,164,333" step="2"/><W45/><G41/><T51/><D124/><U26/><E125/><V67/><F67/><W128/><G36/><T91/><D48/><U34/><E43/><V127/><F127/><W122/><G126/><T64/><D64/><U12/><E113/><V78/><F78/><W107/><G122/><T63/><D51/><U50/><E116/><V11/><F11/><W76/><G76/><T61/><D61/><U31/><E50/><V102/><F102/><W33/><G107/><T101/><D101/><U70/><E66/><V3/><F3/><W134/><G132/><T71/><D71/><U77/><E70/><V10/><F10/><W42/><G133/><T85/><D53/><U74/><E100/><V0/><F0/><W38/><G134/><T1/><D1/><U35/><E106/><V2/><F2/><W92/><G42/><T117/><D117/><U37/><E77/><V54/><F54/><W19/><G38/><T108/><D63/><U131/><E26/><V105/><F105/><W28/><G109/><T6/><D108/><U60/><E37/><V110/><F110/><W13/><G8/><T14/><D14/><RYUUKYOKU ba="0,1" sc="271,-10,222,-10,164,30,333,-10" hai2="22,25,49,52,59,72,75,79,81,84,89,93,97" owari="261,6.1,212,-18.8,194,-30.6,333,43.3" /></mjloggm>