<mjloggm ver="2.3"><GO type="41" lobby="0"/><UN n0="%4A%77%69%6C%6C" n1="%E2%93%9D%4C%75%63%6B%79%4A" n2="%E3%81%92%E3%82%93%E8%8C%B6" n3="%E5%A4%AA%E3%81%84%E3%81%8A" dan="14,17,13,14" rate="1902.81,2163.80,1928.94,1993.11" sx="M,M,M,M"/><TAIKYOKU oya="0"/><INIT seed="0,0,0,4,2,68" ten="250,250,250,250" oya="0" hai0="10,61,3,64,41,105,38,127,107,23,109,85,9" hai1="36,116,56,17,101,29,25,24,77,106,28,113,16" hai2="18,100,11,114,103,12,82,102,55,94,47,86,80" hai3="96,40,54,63,30,126,84,35,22,90,125,69,6"/><T71/><D127/><U98/><E116/><V46/><F114/><W66/><G35/><T121/><D121/><U135/><E113/><V32/><F32/><W44/><G96/><T67/><D67/><U129/><E77/><V21/><F94/><W59/><G6/><T5/><D109/><U45/><E129/><V123/><F123/><W99/><G99/><T122/><D10/><U132/><E56/><V111/><F111/><W134/><G22/><T115/><D115/><U73/><E73/><V34/><F34/><W95/><G30/><N who="1" m="11882" /><E25/><V31/><F82/><W124/><G134/><N who="1" m="51242" /><E24/><V52/><F31/><W53/><REACH who="3" step="1"/><G59/><REACH who="3" ten="250,250,250,240" step="2"/><T4/><D122/><U50/><E50/><AGARI ba="0,1" hai="40,44,50,53,54,63,66,69,84,90,95,124,125,126" machi="50" ten="40,5200,0" yaku="1,1,2,1,18,1,53,0" doraHai="68" doraHaiUra="108" who="3" fromWho="1" sc="250,0,250,-52,250,0,240,62" /><INIT seed="1,0,0,2,4,118" ten="250,198,250,302" oya="1" hai0="61,98,112,81,104,92,9,107,67,62,128,54,21" hai1="0,119,132,6,13,43,25,83,75,106,111,87,73" hai2="115,88,74,105,124,114,84,39,1,59,44,19,47" hai3="90,99,8,117,68,10,64,30,33,5,23,80,16"/><U113/><E119/><V3/><F74/><W131/><G117/><T7/><D112/><N who="2" m="43050" /><F105/><W86/><G131/><T100/><D128/><U65/><E113/><V24/><F124/><W130/><G130/><T78/><D21/><U133/><E65/><V95/><F59/><W28/><G64/><T121/><D121/><U123/><E43/><N who="2" m="22655" /><F47/><W60/><G60/><T126/><D54/><U101/><E0/><V77/><F77/><W34/><G68/><T18/><D62/><U38/><E38/><V103/><F103/><W46/><G46/><T17/><D104/><U63/><E63/><V57/><F57/><W40/><G40/><T42/><D42/><U79/><E111/><V109/><F109/><W45/><G45/><T4/><D107/><U48/><E48/><V27/><F27/><W35/><G99/><T41/><D126/><U85/><E25/><V50/><F50/><W89/><G89/><T56/><D41/><U135/><E75/><V51/><F51/><W129/><G129/><T49/><D49/><U31/><E101/><V116/><F116/><W134/><G90/><T71/><D56/><U12/><E106/><V58/><F58/><W14/><G86/><N who="1" m="32778" /><E31/><V55/><F55/><W11/><G80/><T32/><D81/><U91/><E91/><V69/><F69/><W96/><G96/><T108/><D108/><U72/><E73/><V70/><F70/><W53/><G53/><T22/><D98/><U97/><E97/><V37/><F37/><W20/><G30/><T15/><D100/><U82/><E83/><V102/><F102/><W93/><G28/><RYUUKYOKU ba="0,0" sc="250,-10,198,-10,250,30,302,-10" hai2="1,3,19,24,84,88,95" /><INIT seed="2,1,0,5,4,106" ten="240,188,280,292" oya="2" hai0="85,0,22,131,97,54,110,92,90,130,36,67,1" hai1="60,25,105,134,121,135,55,61,63,82,125,49,12" hai2="19,3,21,84,93,73,18,39,30,26,56,68,116" hai3="53,99,8,74,7,11,58,111,46,34,13,42,6"/><V81/><F116/><W70/><G70/><T124/><D110/><U88/><E105/><V64/><F68/><W23/><G111/><T50/><D36/><U86/><E125/><V48/><F3/><W45/><G34/><T51/><D124/><U83/><E121/><V128/><F39/><W133/><G133/><T123/><D123/><U35/><E12/><V16/><F128/><W91/><G74/><T44/><D67/><U126/><E126/><V69/><F69/><W29/><G91/><T47/><D22/><U14/><E14/><V114/><F114/><W43/><G99/><T2/><REACH who="0" step="1"/><D97/><REACH who="0" ten="230,188,280,292" step="2"/><U59/><E35/><V117/><F117/><W66/><G66/><T71/><D71/><U72/><REACH who="1" step="1"/><E25/><REACH who="1" ten="230,178,280,292" step="2"/><V95/><F73/><W9/><G23/><T28/><D28/><U100/><E100/><V41/><F30/><W108/><G29/><T57/><D57/><U102/><E102/><V20/><F26/><W76/><G58/><T65/><D65/><U31/><E31/><V52/><F64/><W132/><G46/><T5/><D5/><U98/><E98/><V122/><F122/><W77/><G6/><T37/><D37/><U17/><E17/><V32/><F32/><W115/><G108/><T10/><D10/><U15/><E15/><V103/><F21/><W107/><G13/><T120/><D120/><U113/><E113/><V78/><F20/><W62/><G7/><T79/><D79/><AGARI ba="1,2" hai="49,55,59,60,61,63,72,79,82,83,86,88,134,135" machi="79" ten="40,5200,0" yaku="1,1,52,1,54,1,53,0" doraHai="106" doraHaiUra="33" who="1" fromWho="0" sc="230,-55,178,75,280,0,292,0" /><INIT seed="3,0,0,4,5,112" ten="175,253,280,292" oya="3" hai0="14,108,82,117,75,5,31,125,65,130,70,86,111" hai1="95,25,68,105,2,39,120,55,46,59,33,81,91" hai2="119,18,122,38,50,3,13,61,123,52,78,85,90" hai3="98,42,103,4,77,124,118,76,107,0,37,132,64"/><W60/><G132/><T101/><D130/><U20/><E33/><V93/><F38/><W9/><G124/><T127/><D31/><U17/><E68/><V49/><F3/><W126/><G126/><N who="0" m="48139" /><D101/><U22/><E2/><V16/><F78/><W24/><G24/><T62/><D75/><U58/><E105/><V96/><F18/><W83/><G77/><N who="0" m="46415" /><D5/><U48/><E120/><N who="2" m="46123" /><F119/><W15/><G15/><T128/><D14/><U21/><E81/><V71/><F71/><N who="3" m="42375" /><G83/><T26/><D26/><U102/><E102/><V10/><F96/><W27/><G27/><T134/><D128/><U51/><E39/><V104/><F104/><W41/><G41/><T35/><D35/><U63/><E25/><V113/><F113/><W100/><G100/><T97/><D97/><U32/><E32/><V94/><F94/><W67/><G67/><T47/><D134/><U53/><E17/><V129/><F129/><W79/><G79/><T115/><D115/><U99/><REACH who="1" step="1"/><E22/><REACH who="1" ten="175,243,280,292" step="2"/><V29/><F29/><W30/><G30/><T74/><D74/><U34/><E34/><V8/><F10/><W6/><G76/><T133/><D133/><U73/><E73/><V56/><AGARI ba="0,1" hai="8,13,16,49,50,52,56,61,85,90,93" m="46123" machi="56" ten="30,4000,0" yaku="13,1,54,2" doraHai="112" who="2" fromWho="2" sc="175,-10,243,-10,280,50,292,-20" /><INIT seed="4,0,0,2,0,50" ten="165,233,330,272" oya="0" hai0="51,99,24,127,41,30,79,87,35,43,4,59,97" hai1="5,119,89,121,101,2,38,10,129,114,27,122,13" hai2="112,76,21,126,109,19,123,88,63,46,56,116,28" hai3="47,134,44,93,20,48,6,102,86,57,111,91,11"/><T110/><D127/><U14/><E101/><V37/><F109/><W8/><G111/><T45/><D110/><U9/><E38/><V103/><F123/><W83/><G134/><T73/><D73/><U49/><E89/><V100/><F76/><W66/><G20/><T84/><D4/><U82/><E82/><V53/><F28/><W34/><G34/><T96/><D79/><U133/><E49/><V117/><F112/><W120/><G120/><T29/><D29/><U95/><E95/><V128/><F128/><W25/><G25/><T135/><D135/><U67/><E67/><V32/><F32/><W68/><G68/><T7/><D7/><U16/><E119/><V12/><F126/><W23/><G23/><T33/><D35/><U69/><E69/><V131/><F131/><W80/><G80/><T81/><D81/><U55/><E55/><V61/><F61/><N who="3" m="38191" /><G6/><T108/><D108/><U31/><E129/><V54/><F88/><N who="3" m="51295" /><G102/><T3/><D3/><U58/><E133/><V42/><REACH who="2" step="1"/><F54/><REACH who="2" ten="165,233,320,272" step="2"/><N who="3" m="29959" /><G47/><T22/><D33/><N who="1" m="20735" /><E122/><V71/><F71/><W98/><AGARI ba="0,1" hai="8,11,91,93,98" m="29959,51295,38191" machi="98" ten="30,4000,0" yaku="8,1,52,1,54,1" doraHai="50" who="3" fromWho="3" sc="165,-20,233,-10,320,-10,272,50" /><INIT seed="5,0,0,2,5,54" ten="145,223,310,322" oya="1" hai0="75,27,122,46,63,98,9,60,17,19,10,97,15" hai1="24,78,6,48,25,114,131,41,51,102,55,93,53" hai2="95,135,3,1,44,50,12,91,0,56,79,35,33" hai3="72,100,84,37,26,103,65,113,86,126,83,87,81"/><U20/><E131/><V49/><F79/><W124/><G37/><T88/><D75/><U82/><E114/><V22/><F135/><W106/><G65/><T14/><D122/><U85/><E6/><V31/><F31/><W30/><G113/><T133/><D27/><U121/><E121/><V123/><F123/><W128/><G128/><T16/><D133/><U90/><E102/><N who="3" m="38954" /><G26/><T104/><D46/><U80/><E41/><V71/><F71/><W134/><G30/><T111/><D111/><U38/><E38/><V127/><F127/><N who="3" m="48683" /><G134/><T66/><D66/><U68/><E68/><V7/><F33/><W101/><G72/><T118/><D118/><U99/><E82/><N who="3" m="31242" /><G101/><T76/><D76/><U21/><E25/><V109/><F35/><W67/><G67/><T32/><D32/><U61/><E61/><N who="0" m="23625" /><D104/><AGARI ba="0,0" hai="84,86,87,104,106" m="31242,48683,38954" machi="104" ten="40,8000,1" yaku="28,2,18,1,34,2" doraHai="54" who="3" fromWho="0" sc="145,-80,223,0,310,0,322,80" /><INIT seed="6,0,0,5,0,70" ten="65,223,310,402" oya="2" hai0="90,128,22,125,78,32,27,21,115,63,76,79,29" hai1="133,25,28,33,93,37,31,20,36,80,64,43,34" hai2="97,84,57,126,40,112,67,69,45,81,17,59,51" hai3="12,131,7,6,105,16,108,89,74,62,11,23,13"/><V44/><F112/><W49/><G108/><T65/><D115/><U113/><E113/><V61/><F126/><W102/><G131/><T101/><D128/><U114/><E114/><V53/><F97/><W104/><G74/><T119/><D90/><U73/><E43/><V8/><F8/><W39/><G39/><T15/><D125/><U94/><E64/><V2/><F2/><W116/><G116/><T88/><D15/><U4/><E4/><V58/><F17/><W87/><G6/><T55/><D55/><U106/><E106/><V82/><F84/><W30/><G30/><T135/><D135/><U9/><E9/><V91/><F91/><W110/><G110/><T85/><D119/><U100/><E100/><V18/><F18/><W121/><G62/><T96/><D21/><U66/><E66/><V92/><F92/><W42/><G102/><T103/><D32/><U24/><E20/><V60/><F82/><W111/><G111/><T3/><D3/><U72/><E80/><V71/><F81/><W107/><G49/><T52/><D96/><U68/><E68/><N who="2" m="26187" /><F67/><W134/><G134/><AGARI ba="0,0" hai="24,25,28,31,33,34,36,37,72,73,93,94,133,134" machi="134" ten="25,6400,0" yaku="22,2,52,2" doraHai="70" who="1" fromWho="3" sc="65,0,223,64,310,0,402,-64" /><INIT seed="7,0,0,0,4,111" ten="65,287,310,338" oya="3" hai0="46,59,62,87,26,49,3,119,44,55,12,65,96" hai1="120,80,23,74,27,21,38,79,9,107,8,133,4" hai2="22,92,43,91,83,110,112,95,77,114,64,37,129" hai3="58,31,52,75,24,103,93,61,134,90,89,15,57"/><W109/><G109/><T121/><D3/><U56/><E120/><V123/><F110/><W48/><G134/><T16/><D87/><U86/><E133/><V63/><F37/><W72/><G15/><T60/><D96/><U29/><E38/><V25/><F43/><W11/><G11/><T7/><D7/><U33/><E107/><V97/><F123/><W18/><G18/><T118/><D26/><U127/><E127/><V100/><F129/><W130/><G130/><T69/><D16/><U45/><E45/><V135/><F135/><W70/><G70/><T42/><D12/><U113/><E113/><N who="2" m="43627" /><F22/><W54/><G103/><T41/><D121/><U47/><E47/><V117/><F117/><W115/><G90/><T14/><REACH who="0" step="1"/><D14/><REACH who="0" ten="55,287,310,338" step="2"/><U66/><E4/><V104/><F25/><W71/><G115/><T85/><D85/><U36/><E86/><N who="2" m="48495" /><F91/><W67/><G72/><T108/><D108/><U30/><E27/><V128/><F128/><W106/><G75/><T40/><D40/><U10/><E74/><V125/><F125/><W94/><G89/><T5/><D5/><U102/><E102/><V124/><F124/><W122/><G122/><T13/><D13/><U76/><E10/><V19/><F19/><W35/><G106/><T88/><D88/><U116/><E9/><V73/><F73/><W1/><G1/><T39/><AGARI ba="0,1" hai="39,41,42,44,46,49,55,59,60,62,65,69,118,119" machi="39" ten="20,12000,2" yaku="1,1,0,1,7,1,34,3,53,0" doraHai="111" doraHaiUra="34" who="0" fromWho="0" sc="55,130,287,-30,310,-30,338,-60" /><INIT seed="8,0,0,4,4,68" ten="185,257,280,278" oya="0" hai0="55,116,87,21,57,80,54,4,9,52,127,23,46" hai1="11,112,24,58,82,123,37,126,2,31,26,3,0" hai2="93,92,33,106,44,83,41,119,69,27,5,100,6" hai3="8,22,125,90,101,30,115,10,104,110,73,124,51"/><T1/><D116/><U70/><E70/><V13/><F69/><W96/><G115/><T79/><D127/><N who="3" m="48713" /><G110/><T16/><D46/><U15/><E82/><V49/><F119/><W103/><G73/><T78/><D78/><U47/><E126/><V114/><F114/><W117/><G117/><T62/><REACH who="0" step="1"/><D23/><REACH who="0" ten="175,257,280,278" step="2"/><U108/><E47/><V128/><F128/><W32/><G22/><T29/><D29/><U109/><E31/><V64/><F33/><W56/><G30/><T50/><D50/><U17/><E112/><V60/><F27/><AGARI ba="0,1" hai="1,4,9,16,21,27,52,54,55,57,62,79,80,87" machi="27" ten="30,11600,0" yaku="1,1,7,1,54,2,53,0" doraHai="68" doraHaiUra="65" who="0" fromWho="2" sc="175,126,257,0,280,-116,278,0" owari="301,40.1,257,-14.3,164,-33.6,278,7.8" /></mjloggm>