<mjloggm ver="2.3"><GO type="41" lobby="0"/><UN n0="%79%75%79%75%79%75%34%38" n1="%E2%93%9D%4C%75%63%6B%79%4A" n2="%50%61%6C%61%64%69%6E" n3="%E3%83%89%E3%83%93%E3%83%B3%E3%82%A8%E3%83%B3%E3%83%96%E3%83%AC%E3%83%A0" dan="14,18,13,15" rate="1874.00,2221.34,1865.26,1990.67" sx="M,M,M,M"/><TAIKYOKU oya="0"/><INIT seed="0,0,0,0,1,65" ten="250,250,250,250" oya="0" hai0="84,110,51,119,25,131,66,120,62,86,105,85,52" hai1="56,48,33,64,78,0,67,43,47,35,1,83,107" hai2="5,82,53,90,100,106,38,135,2,37,9,63,101" hai3="34,55,134,112,123,6,114,20,72,133,24,108,91"/><T116/><D120/><U113/><E107/><V70/><F135/><N who="3" m="51723" /><G91/><T68/><D105/><U49/><E113/><V57/><F70/><W88/><G72/><T30/><D131/><U44/><E56/><V115/><F115/><W61/><G61/><T98/><D98/><U77/><E83/><V4/><F4/><W28/><G55/><T74/><D74/><U95/><REACH who="1" step="1"/><E43/><REACH who="1" ten="250,240,250,250" step="2"/><V11/><F106/><W54/><G112/><T13/><D110/><U14/><E14/><V96/><F82/><W99/><G108/><T81/><D13/><U46/><E46/><V80/><F80/><W69/><G114/><T17/><D81/><U39/><E39/><V102/><REACH who="2" step="1"/><F9/><REACH who="2" ten="250,240,240,250" step="2"/><W129/><G129/><T103/><D116/><U27/><E27/><V124/><F124/><W23/><G24/><T32/><D119/><U94/><AGARI ba="0,2" hai="0,1,33,35,44,47,48,49,64,67,77,78,94,95" machi="94" ten="25,6400,0" yaku="1,1,0,1,22,2,53,0" doraHai="65" doraHaiUra="76" who="1" fromWho="1" sc="250,-32,240,84,240,-16,250,-16" /><INIT seed="1,0,0,0,1,125" ten="218,324,224,234" oya="1" hai0="45,70,22,87,26,8,40,55,88,14,130,15,61" hai1="63,3,106,126,32,115,112,7,113,28,78,4,42" hai2="64,23,65,38,77,39,68,5,51,93,69,133,59" hai3="53,105,96,30,24,71,35,76,49,17,98,100,82"/><U56/><E106/><V101/><F77/><W73/><G98/><T92/><D130/><U21/><E42/><V12/><F101/><W83/><G83/><T20/><D14/><U135/><E135/><V81/><F93/><W128/><G17/><T62/><D70/><N who="2" m="27242" /><F81/><W72/><G71/><T0/><D0/><U127/><E78/><V80/><F80/><W121/><G121/><T52/><D62/><U31/><E56/><V54/><F12/><W99/><G99/><T6/><D61/><U123/><E63/><V13/><F13/><W74/><REACH who="3" step="1"/><G128/><REACH who="3" ten="218,324,224,224" step="2"/><T25/><D25/><N who="1" m="18543" /><E123/><V1/><F5/><N who="1" m="2121" /><E3/><V34/><F1/><W84/><G84/><T102/><D102/><U29/><E29/><V114/><F34/><W66/><G66/><N who="2" m="25705" /><F23/><W44/><AGARI ba="0,1" hai="24,30,35,44,49,53,72,73,74,76,82,96,100,105" machi="44" ten="20,12000,2" yaku="1,1,0,1,7,1,53,3" doraHai="125" doraHaiUra="107" who="3" fromWho="3" sc="218,-30,324,-60,224,-30,224,130" /><INIT seed="2,0,0,1,0,52" ten="188,264,194,354" oya="2" hai0="78,64,117,26,10,111,91,1,62,9,101,28,87" hai1="92,49,66,124,35,128,93,19,81,113,95,50,30" hai2="15,71,79,33,56,6,74,80,25,0,75,85,39" hai3="120,133,96,59,65,2,127,41,23,109,83,106,51"/><V125/><F71/><W3/><G120/><T53/><D111/><U37/><E37/><V5/><F125/><W22/><G127/><T68/><D117/><U115/><E124/><V61/><F39/><W57/><G109/><T94/><D1/><U47/><E30/><V4/><F0/><W123/><G123/><T42/><D42/><U32/><E81/><V24/><F15/><W107/><G83/><T17/><D17/><U46/><E19/><V89/><F33/><N who="1" m="12873" /><E66/><V67/><REACH who="2" step="1"/><F79/><REACH who="2" ten="188,264,184,354" step="2"/><W55/><G3/><T29/><D78/><U8/><E8/><V110/><F110/><W43/><G2/><T112/><D9/><U14/><E14/><V105/><F105/><W129/><G106/><T84/><D10/><U131/><E115/><V121/><F121/><W126/><G107/><T97/><D68/><U27/><E113/><V36/><F36/><W122/><G126/><T88/><D112/><U18/><E131/><V98/><F98/><W100/><G96/><T63/><D97/><U45/><E128/><V20/><F20/><W118/><G129/><T114/><D114/><U130/><E130/><V40/><F40/><W134/><G122/><T34/><D34/><U70/><E70/><V116/><F116/><W31/><G118/><T77/><D77/><U7/><E7/><V76/><F76/><W108/><G23/><T103/><D26/><AGARI ba="0,1" hai="4,5,6,24,25,26,56,61,67,74,75,80,85,89" machi="26" ten="40,3900,0" yaku="1,1,52,1,53,0" doraHai="52" doraHaiUra="11" who="2" fromWho="0" sc="188,-39,264,0,184,49,354,0" /><INIT seed="2,1,0,0,0,61" ten="149,264,233,354" oya="2" hai0="60,9,75,73,12,120,47,69,105,85,113,5,63" hai1="49,112,64,30,17,78,104,115,43,122,11,24,46" hai2="45,34,41,58,22,84,4,28,111,134,129,95,68" hai3="0,79,25,101,100,127,97,123,83,99,37,119,19"/><V90/><F68/><W35/><G37/><T13/><D120/><U92/><E104/><V76/><F129/><W10/><G123/><T133/><D113/><U128/><E122/><V126/><F126/><W70/><G119/><T109/><D109/><U18/><E78/><V21/><F134/><W74/><G70/><T106/><D85/><U29/><E128/><V7/><F34/><W135/><G135/><T44/><D69/><U82/><E82/><N who="2" m="47175" /><F111/><W124/><G0/><T88/><D9/><U40/><E11/><V16/><F58/><W114/><G114/><T6/><REACH who="0" step="1"/><D133/><REACH who="0" ten="139,264,233,354" step="2"/><U8/><E8/><V33/><F33/><W103/><G10/><T77/><D77/><U55/><E115/><V66/><F66/><W52/><G35/><T93/><D93/><U132/><E92/><V48/><F28/><W89/><G79/><T50/><D50/><U86/><E49/><V118/><F118/><W108/><G108/><T20/><D20/><N who="2" m="7786" /><F16/><W80/><G19/><T15/><D15/><U14/><E14/><V56/><F56/><W96/><G124/><T23/><D23/><U42/><E112/><V26/><F26/><W98/><G127/><T53/><D53/><U67/><E55/><V107/><F107/><N who="3" m="63879" /><G52/><T110/><D110/><U91/><E132/><V94/><F94/><W71/><G25/><T81/><D81/><N who="3" m="31305" /><G71/><T1/><D1/><U130/><E24/><V72/><F72/><W117/><G117/><T102/><D102/><N who="3" m="38921" /><G74/><T32/><D32/><U38/><E18/><V54/><F54/><W125/><G125/><T39/><D39/><N who="1" m="21887" /><E17/><V131/><F131/><RYUUKYOKU ba="1,1" sc="139,10,264,-30,233,10,354,10" hai0="5,6,12,13,44,47,60,63,73,75,88,105,106" hai2="4,7,41,45,48,90,95" hai3="89,97,98,99" /><INIT seed="2,2,1,5,3,48" ten="149,234,243,364" oya="2" hai0="93,66,132,109,107,87,61,57,14,128,125,133,17" hai1="97,46,129,40,124,64,45,73,92,77,72,29,105" hai2="83,33,113,27,5,37,127,11,106,41,98,20,100" hai3="74,2,34,122,111,54,112,24,91,50,47,32,117"/><V84/><F113/><W39/><G117/><T49/><D107/><U9/><E105/><V99/><F127/><W10/><G122/><T42/><D109/><U13/><E124/><V52/><F98/><W0/><G111/><T114/><D114/><U89/><E46/><V82/><F33/><W88/><G74/><T118/><D125/><U62/><E29/><V16/><F84/><W12/><G112/><T30/><D118/><U101/><E129/><V53/><F41/><W94/><G91/><T75/><D30/><U134/><E134/><V80/><REACH who="2" step="1"/><F37/><REACH who="2" ten="149,234,233,364" step="2"/><W102/><G39/><T38/><D38/><U58/><E73/><V70/><F70/><W21/><G34/><T85/><D75/><U121/><E72/><V108/><F108/><W71/><G71/><T115/><D115/><U22/><E40/><V96/><F96/><W55/><G32/><T60/><D85/><U90/><E97/><V51/><F51/><W123/><G123/><T68/><D87/><U120/><E121/><V35/><F35/><W135/><G50/><T81/><D49/><U86/><E120/><V126/><F126/><W4/><G135/><T23/><D42/><U8/><E86/><V26/><F26/><W131/><G24/><T110/><D110/><U25/><E25/><V28/><F28/><W103/><G47/><T7/><D132/><U1/><E45/><V65/><F65/><W130/><G131/><T95/><D68/><U18/><E64/><V59/><F59/><W31/><G31/><T56/><D133/><U19/><E58/><V67/><F67/><W78/><G130/><RYUUKYOKU ba="2,2" sc="149,-10,234,-10,233,30,364,-10" hai2="5,11,16,20,27,52,53,80,82,83,99,100,106" /><INIT seed="2,3,2,0,4,89" ten="139,224,263,354" oya="2" hai0="20,37,124,11,68,117,21,78,132,10,126,2,36" hai1="69,88,83,96,38,109,133,29,41,92,106,60,107" hai2="118,5,51,75,101,128,66,35,71,95,77,45,111" hai3="114,56,79,113,97,125,27,112,115,76,23,64,6"/><V39/><F118/><W129/><G129/><T31/><D117/><U93/><E29/><V30/><F39/><N who="0" m="14922" /><D68/><U57/><E69/><V131/><F5/><W48/><G115/><T105/><D31/><U123/><E109/><V127/><F111/><W54/><G64/><T53/><D53/><U52/><E133/><V62/><F77/><W46/><G6/><T16/><D78/><U63/><E123/><V73/><F30/><N who="3" m="17791" /><G125/><N who="0" m="48235" /><D105/><U8/><E107/><V116/><F127/><W50/><G97/><T32/><D32/><U9/><E106/><V103/><F35/><W85/><G85/><T55/><D55/><AGARI ba="3,2" hai="46,48,50,54,55,56,76,79,112,113,114" m="17791" machi="55" ten="30,1000,0" yaku="11,1" doraHai="89" who="3" fromWho="0" sc="139,-19,224,0,263,0,354,39" /><INIT seed="3,0,0,3,1,125" ten="120,224,263,393" oya="3" hai0="95,116,96,80,119,73,113,87,41,8,106,2,50" hai1="128,103,104,122,107,70,120,14,118,64,52,131,109" hai2="76,86,133,44,130,9,28,82,11,108,46,21,36" hai3="117,85,114,92,4,68,62,43,132,26,25,121,53"/><W30/><G114/><T40/><D113/><U57/><E109/><V54/><F108/><W48/><G117/><T49/><D106/><U15/><E64/><V100/><F133/><W89/><G121/><N who="1" m="46698" /><E70/><V38/><F100/><W58/><G132/><T42/><D73/><U19/><E118/><V99/><F99/><W35/><G4/><T33/><D33/><U47/><E47/><V135/><F135/><W31/><G68/><T110/><D110/><U79/><E79/><V83/><F76/><W65/><G43/><T126/><D126/><U0/><E0/><V13/><F28/><W16/><G16/><T94/><D116/><U67/><E67/><V71/><F71/><W32/><REACH who="3" step="1"/><G65/><REACH who="3" ten="120,224,263,383" step="2"/><T59/><D40/><U7/><E7/><V134/><F134/><W22/><G22/><T101/><D41/><U23/><E23/><V127/><F127/><W98/><G98/><T84/><D96/><N who="1" m="61927" /><E19/><V18/><F13/><W112/><G112/><T90/><D119/><U3/><E3/><V69/><F69/><W115/><G115/><T91/><D2/><U56/><E15/><V63/><F21/><W37/><G37/><T66/><D66/><U17/><E14/><V34/><F18/><W29/><G29/><T111/><D111/><U45/><E17/><V60/><F34/><W77/><G77/><T124/><D42/><U51/><E104/><V74/><F54/><W72/><G72/><T102/><D124/><U12/><E12/><V75/><REACH who="2" step="1"/><F86/><REACH who="2" ten="120,224,253,383" step="2"/><W93/><G93/><T27/><D94/><U61/><E52/><V24/><F24/><W10/><G10/><RYUUKYOKU ba="0,2" sc="120,-15,224,-15,253,15,383,15" hai2="9,11,36,38,44,46,60,63,74,75,82,83,130" hai3="25,26,30,31,32,35,48,53,58,62,85,89,92" /><INIT seed="3,1,2,3,5,11" ten="105,209,268,398" oya="3" hai0="69,3,2,49,24,99,52,100,8,115,130,118,19" hai1="33,1,97,44,114,101,94,71,119,27,84,41,93" hai2="121,67,75,38,78,127,13,92,113,54,25,59,125" hai3="103,31,77,76,53,28,85,5,107,66,50,110,17"/><W81/><G5/><T104/><D118/><U70/><E114/><V82/><F113/><W117/><G117/><T56/><D115/><U61/><E119/><V57/><F38/><W133/><G133/><T72/><D130/><U34/><E1/><V39/><F39/><W62/><G110/><T128/><D128/><U51/><E27/><V88/><F121/><W45/><G76/><T21/><D69/><U106/><E71/><V79/><F25/><W108/><G108/><T95/><D72/><U87/><E87/><V4/><F67/><W10/><G103/><T134/><D134/><U58/><E70/><V73/><F4/><W116/><G107/><T91/><REACH who="0" step="1"/><D8/><REACH who="0" ten="95,209,268,398" step="2"/><U36/><E34/><V18/><F75/><W46/><G10/><T135/><D135/><U43/><E33/><V60/><F57/><W26/><G116/><T129/><D129/><U83/><E58/><V89/><F78/><W42/><G77/><T122/><D122/><U40/><E36/><V35/><F35/><W55/><G46/><T16/><D16/><U12/><E44/><V0/><F0/><W111/><G17/><T74/><D74/><U30/><E30/><V124/><F92/><W102/><G31/><T123/><D123/><U15/><E94/><V23/><AGARI ba="1,3" hai="13,18,23,54,59,60,73,79,82,88,89,124,125,127" machi="23" ten="30,7900,0" yaku="0,1,18,1,52,1,54,1" doraHai="11" who="2" fromWho="2" sc="95,-21,209,-21,268,112,398,-40" /><INIT seed="4,0,0,5,2,67" ten="74,188,380,358" oya="0" hai0="66,61,23,101,42,75,128,14,96,38,49,116,105" hai1="70,31,82,41,47,24,60,51,2,32,9,52,34" hai2="125,50,131,133,98,81,8,68,130,89,27,80,48" hai3="65,30,3,45,124,43,15,33,90,74,1,35,7"/><T40/><D116/><U126/><E126/><V100/><F68/><W64/><G124/><T73/><D128/><N who="2" m="49194" /><F125/><W117/><G117/><T103/><D38/><U134/><E134/><V54/><F133/><W16/><G74/><T4/><D103/><U6/><E82/><N who="2" m="31851" /><F89/><W87/><G7/><T55/><D73/><U17/><E17/><V21/><F8/><W107/><G1/><T120/><D120/><U26/><E26/><V93/><F54/><W44/><G3/><T69/><D75/><U83/><E83/><V0/><F0/><W77/><G77/><T104/><D104/><U99/><E99/><V19/><AGARI ba="0,0" hai="19,21,27,48,50,93,98,100" m="31851,49194" machi="19" ten="30,1100,0" yaku="19,1" doraHai="67" who="2" fromWho="2" sc="74,-5,188,-3,380,11,358,-3" /><INIT seed="5,0,0,2,2,109" ten="69,185,391,355" oya="1" hai0="132,37,45,73,19,40,33,28,42,74,111,83,7" hai1="133,99,93,81,32,35,39,8,58,56,60,12,129" hai2="106,79,14,54,11,117,125,105,122,31,6,1,36" hai3="41,24,44,119,17,51,2,27,13,21,5,70,115"/><U4/><E39/><V29/><F117/><W63/><G119/><T25/><D111/><U135/><E81/><V76/><F36/><W124/><G124/><T68/><D132/><N who="1" m="50763" /><E129/><V134/><F134/><W0/><G27/><T71/><D40/><U49/><E49/><V126/><F122/><W118/><G118/><T38/><D38/><U59/><E60/><V112/><F112/><W57/><G70/><T130/><D130/><U110/><E110/><V77/><F54/><W3/><G115/><T48/><D48/><U127/><E127/><N who="2" m="48651" /><F1/><W47/><G47/><T85/><D19/><U120/><E120/><V121/><F121/><W43/><G43/><T90/><REACH who="0" step="1"/><D7/><REACH who="0" ten="59,185,391,355" step="2"/><U131/><E131/><V50/><F50/><W67/><REACH who="3" step="1"/><G24/><REACH who="3" ten="59,185,391,345" step="2"/><T80/><D80/><U15/><E15/><V94/><F14/><W98/><G98/><T78/><D78/><U26/><E26/><V22/><F77/><W66/><G66/><T16/><D16/><U61/><E61/><V128/><F128/><W53/><G53/><T9/><D9/><AGARI ba="0,2" hai="0,2,3,5,9,13,17,21,41,44,51,57,63,67" machi="9" ten="40,1300,0" yaku="1,1,53,0" doraHai="109" doraHaiUra="116" who="3" fromWho="0" sc="59,-13,185,0,391,0,345,33" /><INIT seed="6,0,0,2,5,73" ten="46,185,391,378" oya="2" hai0="134,48,24,119,75,0,132,11,92,42,39,5,55" hai1="28,123,99,88,96,14,56,4,29,79,77,54,18" hai2="116,44,72,124,74,13,80,102,33,122,19,94,130" hai3="120,37,128,98,111,93,126,87,62,89,112,32,81"/><V86/><F116/><W46/><G120/><T23/><D119/><U30/><E4/><V20/><F122/><W106/><G111/><T117/><D117/><U58/><E123/><V115/><F33/><W114/><G32/><T76/><D92/><N who="1" m="56711" /><E96/><V133/><F44/><W66/><G126/><T34/><D55/><U135/><E135/><V82/><F20/><W25/><G25/><T45/><D48/><N who="1" m="31047" /><E56/><V97/><F13/><W49/><G128/><T36/><D36/><U121/><E121/><V57/><F19/><W2/><G2/><T21/><D21/><U17/><E18/><V85/><F57/><W59/><G106/><T53/><D53/><U6/><E6/><V108/><F124/><W69/><G37/><T109/><D109/><U60/><E60/><V43/><F108/><W15/><G69/><T26/><D26/><U103/><E103/><V35/><F133/><W68/><G68/><T50/><D50/><U83/><E83/><N who="2" m="31787" /><F130/><W129/><G129/><T95/><D95/><U3/><E3/><V100/><F115/><N who="3" m="44075" /><G49/><T31/><REACH who="0" step="1"/><D23/><AGARI ba="0,0" hai="14,17,23,28,29,30,77,79" m="31047,56711" machi="23" ten="30,7700,0" yaku="8,1,52,2,54,1" doraHai="73" who="1" fromWho="0" sc="46,-77,185,77,391,0,378,0" owari="-31,-53.1,262,-13.8,391,49.1,378,17.8" /></mjloggm>