<mjloggm ver="2.3"><GO type="41" lobby="0"/><UN n0="%E3%82%8B%E3%83%AA%E3%82%BF%E3%81%A6%E3%83%8F" n1="%E2%93%9D%4C%75%63%6B%79%4A" n2="%52%61%74%72%69" n3="%E3%81%8B%E3%82%81%E3%81%98%E3%82%8D%E3%81%86" dan="15,18,13,15" rate="2001.18,2202.52,1978.61,2051.92" sx="M,M,M,M"/><TAIKYOKU oya="0"/><INIT seed="0,0,0,1,4,121" ten="250,250,250,250" oya="0" hai0="90,77,45,87,48,118,9,93,54,102,19,94,129" hai1="30,97,104,114,35,23,41,116,15,31,95,64,13" hai2="106,84,80,46,61,100,52,24,81,6,122,47,2" hai3="37,89,78,117,62,4,26,53,82,60,127,132,75"/><T96/><D118/><U10/><E116/><V73/><F122/><W58/><G117/><T105/><D129/><U16/><E104/><V21/><F73/><W27/><G37/><T33/><D33/><U57/><E114/><V22/><F6/><W124/><G132/><T12/><REACH who="0" step="1"/><D77/><REACH who="0" ten="240,250,250,250" step="2"/><U107/><E35/><V14/><F80/><AGARI ba="0,1" hai="9,12,19,45,48,54,80,87,90,93,94,96,102,105" machi="80" ten="30,12000,1" yaku="1,1,2,1,7,1,25,2,53,0" doraHai="121" doraHaiUra="110" who="0" fromWho="2" sc="240,130,250,0,250,-120,250,0" /><INIT seed="0,1,0,5,5,69" ten="370,250,130,250" oya="0" hai0="43,23,70,98,118,21,35,85,37,53,114,55,108" hai1="17,33,117,63,89,82,112,87,4,49,20,132,62" hai2="84,58,3,57,46,42,133,61,40,64,12,126,19" hai3="130,123,134,119,26,131,31,105,115,106,102,92,91"/><T107/><D114/><U9/><E112/><V101/><F3/><W77/><G31/><T127/><D70/><U71/><E117/><V44/><F126/><W24/><G24/><T99/><D85/><U32/><E132/><V128/><F133/><W83/><G26/><T95/><D95/><U104/><E104/><V5/><F128/><N who="3" m="49195" /><G119/><T25/><D107/><U28/><E28/><V122/><F122/><W124/><G115/><T79/><D25/><U125/><E125/><V120/><F120/><W76/><G134/><T2/><D43/><U10/><E33/><V109/><F109/><W38/><G38/><T1/><D79/><U129/><E32/><V78/><F5/><W0/><G0/><T80/><D80/><U7/><E7/><V74/><F74/><W97/><G123/><T59/><D59/><U16/><E4/><V22/><F101/><W6/><G6/><T29/><D127/><U103/><E103/><V36/><F57/><W66/><G66/><T18/><D18/><U47/><E17/><V11/><F84/><N who="3" m="50591" /><G124/><T50/><D50/><U93/><E49/><V75/><F75/><W116/><G116/><T48/><D48/><U56/><E129/><V45/><F78/><AGARI ba="1,0" hai="76,77,78,92,97,102,105,106" m="50591,49195" machi="78" ten="30,3900,0" yaku="19,1,34,2" doraHai="69" who="3" fromWho="2" sc="370,0,250,0,130,-42,250,42" /><INIT seed="1,0,0,0,4,134" ten="370,250,88,292" oya="1" hai0="104,89,12,22,78,24,16,41,44,30,103,1,122" hai1="64,123,7,86,114,112,87,26,4,3,46,15,50" hai2="109,45,83,49,69,75,39,131,100,65,37,63,53" hai3="66,11,105,115,95,124,10,9,133,0,74,33,48"/><U110/><E123/><V92/><F75/><W38/><G38/><T5/><D122/><U94/><E3/><V67/><F83/><W113/><G105/><T28/><D78/><U80/><E64/><V107/><F107/><W57/><G74/><T77/><D89/><U73/><E110/><V60/><F92/><W116/><G33/><T25/><D77/><U121/><E26/><V101/><F109/><W27/><G27/><T23/><D103/><U106/><E106/><V128/><F100/><W17/><G133/><T125/><D125/><U32/><E32/><V117/><F101/><W85/><G116/><T36/><D1/><U52/><E121/><V20/><F20/><W40/><G0/><T43/><D43/><U58/><E73/><V129/><REACH who="2" step="1"/><F117/><REACH who="2" ten="370,250,78,292" step="2"/><W108/><G95/><T93/><D93/><U99/><E80/><V34/><F34/><W98/><G108/><T91/><D104/><U14/><E94/><V19/><F19/><W70/><G85/><T76/><D91/><U97/><E87/><V59/><AGARI ba="0,1" hai="37,39,45,49,53,59,60,63,65,67,69,128,129,131" machi="59" ten="30,12000,2" yaku="1,1,0,1,19,1,34,3,53,0" doraHai="134" doraHaiUra="84" who="2" fromWho="2" sc="370,-30,250,-60,78,130,292,-30" /><INIT seed="2,0,0,4,3,129" ten="340,190,208,262" oya="2" hai0="33,44,109,17,74,32,130,81,105,16,110,117,4" hai1="0,48,108,38,43,35,128,82,77,114,112,46,26" hai2="61,64,11,20,111,134,58,13,113,72,54,88,89" hai3="97,59,125,8,34,21,63,91,122,5,121,104,52"/><V85/><F113/><W132/><G34/><N who="0" m="13419" /><D130/><U94/><E128/><V37/><F37/><W123/><G132/><T80/><D105/><U19/><E108/><N who="0" m="41577" /><D117/><U9/><E94/><V126/><F111/><W55/><G125/><T69/><D69/><U56/><E56/><V50/><F72/><W23/><G55/><T115/><D115/><U70/><E48/><V84/><F126/><W47/><G47/><T41/><D4/><N who="1" m="1159" /><E19/><N who="0" m="7241" /><D74/><N who="1" m="43319" /><E70/><V40/><F40/><W53/><G53/><T3/><D3/><U106/><E106/><V6/><F84/><W18/><G18/><T124/><D124/><U10/><E10/><V51/><F11/><W86/><G104/><T135/><D135/><U29/><AGARI ba="0,0" hai="26,29,35,38,43,46,112,114" m="43319,1159" machi="29" ten="30,2000,0" yaku="25,1,23,1" doraHai="129" who="1" fromWho="1" sc="340,-5,190,20,208,-10,262,-5" /><INIT seed="3,0,0,5,0,14" ten="335,210,198,257" oya="3" hai0="74,69,7,82,68,95,65,121,43,135,96,124,2" hai1="117,102,120,19,91,58,40,1,55,132,131,17,70" hai2="109,84,18,107,3,81,130,10,115,103,30,80,73" hai3="125,76,39,100,85,89,56,12,86,15,64,99,83"/><W52/><G39/><T93/><D93/><U35/><E70/><V28/><F115/><W31/><G64/><T61/><D43/><U129/><E120/><V111/><F130/><N who="1" m="49673" /><E35/><V51/><F73/><W126/><G31/><T42/><D7/><U11/><E102/><V97/><F51/><W114/><G114/><T60/><D2/><U46/><E132/><V16/><F3/><W119/><G119/><T90/><D42/><U47/><E91/><N who="2" m="51591" /><F81/><W77/><G125/><T8/><D8/><U20/><E117/><V67/><F67/><W106/><G126/><T71/><D135/><U62/><E20/><V49/><F10/><W45/><G45/><N who="1" m="16906" /><E40/><V34/><F49/><W112/><G112/><T21/><D61/><U32/><E32/><V27/><F28/><W54/><G54/><T13/><D121/><U72/><E72/><V23/><F34/><W26/><G77/><T36/><D36/><U87/><E87/><V25/><F25/><W78/><G26/><T123/><D123/><U0/><E1/><V38/><F38/><W9/><G85/><T33/><D33/><U59/><E59/><V127/><F127/><W88/><G76/><N who="0" m="44311" /><D124/><U44/><N who="1" m="16914" /><U92/><DORA hai="122" /><E92/><V22/><F22/><W98/><G98/><T113/><D113/><U94/><E94/><V6/><F6/><AGARI ba="0,0" hai="0,6,11,17,19,55,58,62" m="16914,49673" machi="6" ten="40,5200,0" yaku="19,1,52,2" doraHai="14,122" who="1" fromWho="2" sc="335,0,210,52,198,-52,257,0" /><INIT seed="4,0,0,0,4,13" ten="335,262,146,257" oya="0" hai0="28,68,78,53,89,26,38,126,124,97,39,41,0" hai1="23,115,29,57,67,135,131,14,1,16,72,73,86" hai2="11,94,130,36,19,76,31,123,114,40,122,61,104" hai3="47,17,125,103,20,121,18,80,15,51,8,44,82"/><T55/><D68/><U85/><E1/><V5/><F104/><W127/><G103/><T95/><D78/><U33/><E135/><V77/><F114/><W3/><G3/><T106/><D0/><U12/><E131/><V119/><F130/><W7/><G121/><T79/><D79/><U113/><E29/><V102/><F119/><W98/><G98/><T48/><D106/><U81/><E33/><V84/><F31/><W100/><G100/><T107/><D107/><U96/><E96/><V43/><F61/><W45/><G51/><T24/><D24/><U120/><E120/><V112/><F112/><N who="1" m="43081" /><E14/><V32/><F32/><W101/><G101/><T56/><D26/><U91/><E86/><V134/><F134/><W9/><G9/><T87/><D28/><U27/><E27/><V74/><F74/><N who="1" m="28777" /><E57/><V60/><F122/><W66/><G20/><T90/><D90/><U109/><E67/><V54/><F84/><W118/><G66/><T128/><D87/><U133/><E133/><V34/><F34/><W52/><G118/><T58/><D128/><U37/><E37/><V22/><F36/><W50/><G82/><T92/><D92/><U70/><E70/><V46/><F94/><W83/><G80/><T10/><D38/><U21/><E109/><V99/><F123/><W116/><G83/><T88/><D89/><U65/><E65/><V59/><F77/><W111/><G111/><T62/><D10/><AGARI ba="0,0" hai="10,12,16,21,23,81,85,91" m="28777,43081" machi="10" ten="30,7700,0" yaku="15,1,11,1,52,1,54,1" doraHai="13" who="1" fromWho="0" sc="335,-77,262,77,146,0,257,0" /><INIT seed="5,0,0,3,5,38" ten="258,339,146,257" oya="1" hai0="83,16,72,32,126,128,1,114,55,30,88,124,56" hai1="15,3,10,61,28,43,118,92,54,78,82,49,104" hai2="69,12,130,132,57,29,109,62,80,11,115,13,22" hai3="58,108,129,67,106,119,64,134,36,0,117,122,84"/><U125/><E118/><V86/><F109/><W71/><RYUUKYOKU type="yao9" ba="0,0" sc="258,0,339,0,146,0,257,0" hai3="0,36,58,64,67,71,84,106,108,117,119,122,129,134" /><INIT seed="5,1,0,3,4,42" ten="258,339,146,257" oya="1" hai0="65,4,48,63,40,31,52,124,26,15,33,68,74" hai1="34,123,58,95,39,62,102,73,118,87,85,128,23" hai2="35,27,104,6,70,51,32,36,61,98,79,11,44" hai3="127,46,90,66,108,133,96,114,9,83,77,16,86"/><U72/><E34/><V111/><F111/><W71/><G108/><T130/><D124/><U0/><E0/><V117/><F117/><W93/><G127/><T20/><D130/><U120/><E39/><V47/><F79/><W8/><G114/><T67/><D74/><U94/><E62/><V112/><F112/><W101/><G133/><T81/><D81/><U55/><E55/><V10/><F36/><W116/><G116/><T91/><D67/><U22/><E118/><V131/><F131/><W3/><G3/><T109/><D91/><U21/><E58/><V88/><F10/><W107/><G71/><T13/><D40/><U69/><E102/><N who="2" m="62551" /><F88/><W103/><G66/><T28/><D4/><U38/><E38/><V121/><F51/><W49/><G16/><T125/><D109/><U80/><E80/><V135/><F135/><W119/><G119/><T106/><D106/><U99/><E99/><V60/><F60/><W75/><G103/><T92/><D92/><N who="1" m="35371" /><E69/><V132/><F132/><W76/><G76/><T57/><REACH who="0" step="1"/><D125/><REACH who="0" ten="248,339,146,257" step="2"/><U41/><E41/><AGARI ba="1,1" hai="8,9,41,46,49,75,77,83,86,90,93,96,101,107" machi="41" ten="30,7700,0" yaku="7,1,24,2,52,1" doraHai="42" who="3" fromWho="1" sc="248,0,339,-80,146,0,257,90" /><INIT seed="6,0,0,0,3,93" ten="248,259,146,347" oya="2" hai0="45,32,124,101,15,129,59,135,71,21,95,73,97" hai1="4,49,2,62,29,41,110,79,20,53,134,126,119" hai2="81,132,127,67,66,102,104,30,75,43,23,116,40" hai3="72,133,80,94,70,37,6,125,10,65,22,54,16"/><V8/><F116/><W0/><G37/><T34/><D135/><U107/><E107/><V39/><F132/><W46/><G133/><T87/><D129/><U115/><E79/><V64/><F8/><W26/><G125/><T63/><D73/><U1/><E41/><V106/><F127/><W24/><G70/><T9/><D21/><U77/><E77/><V83/><F75/><W57/><G65/><T85/><D71/><U82/><E115/><V96/><F104/><W36/><G94/><T19/><D45/><U100/><E100/><V31/><F31/><W60/><G72/><T12/><D12/><U33/><E110/><V86/><F39/><W121/><G80/><T131/><D131/><U50/><E82/><V17/><F30/><W14/><G121/><T108/><D108/><U128/><E119/><V117/><F81/><W130/><G130/><T111/><D124/><U52/><E4/><V103/><F103/><W76/><G76/><T109/><D109/><U38/><E38/><V92/><F106/><W74/><G74/><T69/><D69/><U91/><E91/><N who="2" m="51679" /><F117/><W84/><G84/><T25/><D111/><U27/><E134/><V58/><F58/><W98/><G36/><T122/><D122/><U47/><E128/><V99/><F99/><W3/><G98/><T56/><D56/><N who="1" m="35087" /><E126/><V78/><F78/><W48/><G0/><N who="1" m="106" /><E33/><V113/><F113/><W114/><G114/><T5/><D34/><U7/><E7/><V112/><F112/><W120/><G120/><T11/><D32/><U89/><E89/><V42/><F42/><N who="3" m="24663" /><G3/><N who="0" m="191" /><D25/><AGARI ba="0,0" hai="17,23,25,40,43,64,66,67,92,96,102" m="51679" machi="25" ten="30,2900,0" yaku="8,1,52,1" doraHai="93" who="2" fromWho="0" sc="248,-29,259,0,146,29,347,0" /><INIT seed="6,1,0,0,5,11" ten="219,259,175,347" oya="2" hai0="52,112,7,128,20,21,9,124,19,48,24,31,120" hai1="25,126,54,83,30,26,50,37,51,36,17,134,1" hai2="94,6,117,88,135,60,55,119,65,90,70,39,130" hai3="107,35,78,116,41,77,101,100,123,67,49,47,58"/><V111/><F39/><W22/><G35/><T127/><D120/><U118/><E1/><V103/><F130/><W96/><G123/><T16/><D128/><U93/><E118/><V125/><F103/><W81/><G116/><T95/><D112/><U14/><E126/><N who="0" m="48169" /><D95/><U59/><E134/><V114/><F125/><W28/><G100/><T0/><D21/><U57/><E83/><V80/><F114/><W129/><G129/><T113/><D113/><U89/><E37/><V5/><F135/><W106/><G106/><T76/><D76/><U46/><E36/><V53/><F111/><W23/><G28/><T104/><D104/><U44/><E30/><V45/><F80/><W18/><G81/><T110/><D110/><U42/><E26/><V122/><F122/><W61/><G23/><T92/><D92/><U66/><E66/><V27/><F27/><AGARI ba="1,0" hai="18,22,27,41,47,49,58,61,67,77,78,96,101,107" machi="27" ten="30,1000,0" yaku="7,1" doraHai="11" who="3" fromWho="2" sc="219,0,259,0,175,-13,347,13" /><INIT seed="7,0,0,5,3,16" ten="219,259,162,360" oya="3" hai0="29,32,44,43,63,116,88,28,38,65,21,97,18" hai1="40,132,3,60,35,47,59,90,1,94,84,69,24" hai2="19,135,6,126,31,74,67,26,115,15,123,104,118" hai3="114,102,117,5,129,20,80,83,46,62,10,52,125"/><W77/><G114/><T45/><D116/><U87/><E69/><V51/><F118/><W98/><G117/><T33/><D45/><U58/><E59/><V101/><F74/><W64/><G125/><T71/><D33/><U49/><E132/><V120/><F115/><W56/><G129/><T99/><D32/><U108/><E108/><V36/><F36/><W106/><G20/><T103/><D99/><U66/><E35/><V57/><F126/><W86/><G80/><T128/><D128/><U121/><E121/><V78/><F78/><W82/><G83/><T54/><D54/><U111/><E111/><V22/><F6/><W76/><G46/><T17/><D17/><U37/><E24/><V130/><F130/><W131/><G131/><T96/><D96/><U53/><E87/><V100/><F135/><W68/><G68/><T110/><D110/><U75/><E75/><V89/><F89/><W42/><G42/><T7/><D7/><U34/><E34/><V9/><F104/><W112/><G112/><T41/><D41/><U113/><E113/><V39/><F39/><W14/><G64/><T91/><D29/><U61/><E37/><V23/><F9/><W122/><G122/><N who="2" m="46633" /><F51/><W4/><G5/><T107/><REACH who="0" step="1"/><D28/><REACH who="0" ten="209,259,162,360" step="2"/><U133/><E133/><V25/><F25/><AGARI ba="0,1" hai="18,21,25,38,43,44,63,65,71,88,91,97,103,107" machi="25" ten="30,8000,1" yaku="1,1,2,1,7,1,52,1,54,1,53,0" doraHai="16" doraHaiUra="50" who="0" fromWho="2" sc="209,90,259,0,162,-80,360,0" owari="299,9.9,259,-14.1,82,-41.8,360,46.0" /></mjloggm>