<mjloggm ver="2.3"><GO type="41" lobby="0"/><UN n0="%E2%93%9D%4C%75%63%6B%79%4A" n1="%E7%B4%BA%E7%A2%A7%E3%81%AE%E6%B5%B7" n2="%E3%83%AF%E3%82%A4%E3%81%AF%E5%98%98%E3%81%A4%E3%81%8D%E3%82%84" n3="%E3%81%A9%E3%82%89%E3%81%A3%E3%81%8B%EF%BD%9E" dan="17,13,13,14" rate="2151.98,1819.84,1912.63,1822.85" sx="M,M,M,M"/><TAIKYOKU oya="0"/><INIT seed="0,0,0,5,3,49" ten="250,250,250,250" oya="0" hai0="26,45,110,60,15,57,28,107,81,6,118,72,59" hai1="25,99,126,44,3,13,117,98,5,70,20,84,93" hai2="131,132,1,97,33,30,87,36,96,29,111,11,41" hai3="128,64,18,24,34,79,89,94,38,115,90,76,58"/><T61/><D118/><U54/><E70/><V0/><F111/><W101/><G38/><T109/><D107/><U113/><E3/><V122/><F132/><W127/><G128/><T67/><D72/><U22/><E113/><V37/><F131/><W74/><G127/><T78/><D45/><U121/><E126/><V51/><F122/><W119/><G115/><T35/><D6/><U120/><E117/><V7/><F87/><W4/><G4/><T63/><D15/><U100/><E120/><V112/><F51/><W135/><G135/><T77/><D63/><U16/><E121/><V42/><F112/><W23/><G34/><T21/><D35/><U125/><E5/><V32/><F7/><W9/><G9/><AGARI ba="0,0" hai="0,1,9,11,29,30,32,33,36,37,41,42,96,97" machi="9" ten="25,1600,0" yaku="22,2" doraHai="49" who="2" fromWho="3" sc="250,0,250,0,250,16,250,-16" /><INIT seed="1,0,0,3,0,23" ten="250,250,266,234" oya="1" hai0="54,109,18,76,9,57,21,95,119,116,64,73,91" hai1="80,8,2,53,82,118,135,121,103,126,105,122,40" hai2="20,67,123,34,97,71,130,100,61,134,108,133,127" hai3="6,110,96,101,87,60,0,14,120,50,7,92,107"/><U114/><E118/><V30/><F123/><W44/><G120/><T66/><D109/><U32/><E114/><V81/><F20/><W77/><G110/><T48/><D119/><U43/><E32/><V33/><F108/><W63/><G0/><T128/><D128/><U12/><E2/><V16/><F16/><W74/><G74/><T113/><D113/><U59/><E135/><N who="2" m="51723" /><F130/><W10/><G7/><T125/><D125/><U24/><E126/><V36/><F127/><W94/><G107/><T22/><D22/><U106/><E103/><V84/><F36/><W78/><G78/><T79/><D9/><U41/><E122/><V98/><F30/><W26/><G26/><T19/><D19/><N who="1" m="8583" /><E106/><N who="2" m="63759" /><F98/><W68/><G68/><T115/><D115/><U90/><E105/><V37/><F37/><W85/><G85/><N who="0" m="52719" /><D116/><U131/><E131/><V55/><F55/><W47/><G47/><T25/><D73/><U58/><E121/><V112/><F112/><W49/><G49/><T75/><D75/><U56/><E90/><AGARI ba="0,0" hai="33,34,61,67,71,81,84,90" m="63759,51723" machi="90" ten="30,1000,0" yaku="20,1" doraHai="23" who="2" fromWho="1" sc="250,0,250,-10,266,10,234,0" /><INIT seed="2,0,0,1,1,102" ten="250,240,276,234" oya="2" hai0="64,94,81,3,51,63,36,62,121,25,86,1,20" hai1="45,13,109,105,27,5,77,80,120,110,76,28,125" hai2="67,55,131,22,19,104,38,130,98,66,40,24,133" hai3="128,68,10,116,93,113,6,95,34,41,83,91,92"/><V12/><F133/><W79/><G68/><T57/><D36/><U15/><E120/><V14/><F55/><W111/><G34/><T118/><D121/><U71/><E71/><V30/><F40/><W29/><G116/><T39/><D39/><U47/><E125/><V82/><F38/><W8/><G29/><T50/><D118/><U124/><E124/><V49/><F49/><W54/><G128/><N who="2" m="49193" /><F82/><W9/><G113/><T87/><D3/><U97/><E5/><V18/><F14/><W74/><G111/><N who="1" m="42506" /><E13/><V59/><F59/><W46/><G54/><T72/><D1/><U33/><E15/><V85/><F85/><W69/><G69/><T89/><D72/><N who="1" m="43015" /><E77/><V61/><F61/><W90/><REACH who="3" step="1"/><G6/><REACH who="3" ten="250,240,276,224" step="2"/><T48/><D64/><N who="2" m="24618" /><F12/><W58/><G58/><T129/><D57/><U126/><E126/><V108/><F108/><W56/><G56/><T117/><D129/><U52/><E52/><V107/><F98/><W132/><G132/><T31/><REACH who="0" step="1"/><D117/><REACH who="0" ten="240,240,276,224" step="2"/><U106/><E97/><V32/><F32/><W73/><G73/><T112/><D112/><U70/><E70/><V16/><AGARI ba="0,2" hai="16,18,19,22,24,30,104,107" m="24618,49193" machi="16" ten="40,12000,1" yaku="19,1,52,2,54,1" doraHai="102" who="2" fromWho="2" sc="240,-40,240,-40,276,140,224,-40" /><INIT seed="2,1,0,1,0,11" ten="200,200,416,184" oya="2" hai0="96,135,66,46,8,88,84,77,0,29,51,92,70" hai1="125,38,80,109,130,119,90,100,47,49,89,118,33" hai2="14,132,5,114,65,131,31,24,25,40,72,91,48" hai3="93,63,41,117,7,127,61,124,106,19,105,54,13"/><V9/><F72/><W67/><G117/><T71/><D135/><U85/><E33/><V133/><F114/><W116/><G7/><T68/><D29/><U34/><E34/><V58/><F131/><W36/><G116/><T4/><D77/><U107/><E38/><V122/><F122/><W76/><G76/><T39/><D39/><U98/><E130/><V78/><F78/><W10/><G54/><T74/><D74/><U97/><E49/><V64/><F132/><W115/><G115/><T26/><D26/><N who="2" m="10346" /><F31/><W6/><G63/><T12/><D66/><U110/><E47/><N who="2" m="25703" /><F133/><W53/><G53/><T112/><D112/><U27/><E27/><V32/><F32/><W99/><G41/><T69/><N who="0" m="17408" /><DORA hai="60" /><T87/><REACH who="0" step="1"/><D0/><REACH who="0" ten="190,200,416,184" step="2"/><U45/><E45/><V44/><F44/><W17/><G36/><T62/><D62/><U42/><E42/><AGARI ba="1,1" hai="4,8,12,42,46,51,84,87,88,92,96" m="17408" machi="42" ten="70,8000,1" yaku="1,1,52,1,54,1,53,0" doraHai="11,60" doraHaiUra="59,73" who="0" fromWho="1" sc="190,93,200,-83,416,0,184,0" /><INIT seed="3,0,0,5,1,56" ten="283,117,416,184" oya="3" hai0="58,57,88,62,54,71,114,97,87,133,94,22,117" hai1="116,4,118,108,67,105,110,11,40,18,42,24,45" hai2="29,0,90,1,28,23,66,77,81,19,48,128,47" hai3="134,61,120,92,124,122,121,93,13,25,51,36,111"/><W35/><G36/><T131/><D117/><N who="1" m="45163" /><E105/><V16/><F128/><W69/><G134/><T130/><D71/><U6/><E67/><V84/><F66/><W100/><G13/><T96/><D114/><U106/><E106/><V78/><F1/><W43/><G124/><T99/><D133/><U85/><E85/><V37/><F37/><W44/><G100/><T31/><D31/><N who="2" m="11850" /><F0/><W8/><G8/><T129/><D22/><N who="1" m="13399" /><E45/><V68/><F68/><W10/><G10/><T27/><D27/><U86/><E86/><V38/><F38/><W119/><G119/><T80/><REACH who="0" step="1"/><D58/><REACH who="0" ten="273,117,416,184" step="2"/><U53/><E53/><N who="2" m="29855" /><F19/><W102/><G69/><T49/><D49/><U9/><E42/><V3/><F3/><W14/><G122/><T82/><AGARI ba="0,1" hai="54,57,62,80,82,87,88,94,96,97,99,129,130,131" machi="82" ten="40,8000,1" yaku="1,1,0,1,19,1,52,1,54,1,53,0" doraHai="56" doraHaiUra="123" who="0" fromWho="0" sc="273,90,117,-20,416,-20,184,-40" /><INIT seed="4,0,0,4,4,95" ten="363,97,396,144" oya="0" hai0="109,117,61,65,78,48,3,23,26,114,20,14,88" hai1="111,83,125,64,108,118,81,62,29,39,127,6,77" hai2="102,30,91,56,135,63,76,34,73,67,99,43,9" hai3="97,2,93,41,54,8,82,70,49,106,119,28,129"/><T19/><D117/><U31/><E39/><V103/><F135/><W104/><G70/><T11/><D78/><U53/><E53/><V38/><F9/><W71/><G71/><T74/><D74/><U47/><E47/><V89/><F103/><W60/><G129/><T100/><D114/><U94/><E6/><V46/><F76/><W84/><G28/><T110/><D100/><U101/><E29/><V87/><F73/><W120/><G120/><T72/><D48/><U112/><E31/><V90/><F30/><W10/><G41/><T4/><D72/><U1/><E62/><V116/><F34/><W24/><G24/><T44/><D44/><U134/><E64/><V58/><F116/><W122/><G122/><T57/><D23/><U96/><E1/><V27/><F27/><W105/><G2/><T13/><REACH who="0" step="1"/><D88/><REACH who="0" ten="353,97,396,144" step="2"/><N who="1" m="55367" /><E118/><V50/><F38/><W79/><G119/><T80/><D80/><N who="1" m="30795" /><E112/><V45/><F45/><W131/><G60/><T7/><D7/><U40/><E40/><V17/><F17/><W32/><G32/><T98/><D98/><U25/><E25/><V42/><F42/><W85/><G10/><T37/><D37/><U52/><E52/><V107/><REACH who="2" step="1"/><F56/><REACH who="2" ten="353,97,386,144" step="2"/><W123/><G8/><T15/><AGARI ba="0,2" hai="3,4,11,13,14,15,19,20,26,57,61,65,109,110" machi="15" ten="30,6000,0" yaku="1,1,0,1,53,1" doraHai="95" doraHaiUra="0" who="0" fromWho="0" sc="353,80,97,-20,386,-20,144,-20" /><INIT seed="4,1,0,5,4,7" ten="433,77,366,124" oya="0" hai0="47,38,35,57,17,46,28,92,111,128,91,1,112" hai1="129,102,56,76,39,123,75,126,0,81,18,82,95" hai2="3,122,33,26,27,125,30,118,113,14,132,6,70" hai3="96,90,93,9,110,61,71,121,59,22,8,10,66"/><T84/><D1/><U2/><E39/><V105/><RYUUKYOKU type="yao9" ba="1,0" sc="433,0,77,0,366,0,124,0" hai2="3,6,14,26,27,30,33,70,105,113,118,122,125,132" /><INIT seed="4,2,0,4,0,52" ten="433,77,366,124" oya="0" hai0="25,38,128,3,126,111,14,15,50,85,9,42,63" hai1="6,56,22,71,26,7,10,82,35,78,79,113,34" hai2="119,39,8,81,27,93,23,91,2,46,130,98,104" hai3="116,55,73,90,24,115,37,86,83,19,133,69,95"/><T70/><D38/><U87/><E71/><V75/><F130/><W32/><G69/><T49/><D3/><U5/><E79/><V20/><F119/><W84/><G133/><T96/><D15/><U28/><E113/><V41/><F104/><W131/><G131/><T59/><D70/><U48/><REACH who="1" step="1"/><E10/><REACH who="1" ten="433,67,366,124" step="2"/><V29/><F8/><W101/><G115/><T100/><D9/><U61/><E61/><V97/><F2/><W66/><G116/><T43/><D63/><U30/><E30/><V76/><F98/><W45/><G37/><T54/><D96/><U11/><E11/><V68/><F68/><W80/><G73/><T0/><D0/><U92/><E92/><V58/><REACH who="2" step="1"/><F23/><REACH who="2" ten="433,67,356,124" step="2"/><N who="3" m="13439" /><G32/><T16/><D128/><U124/><E124/><V134/><F134/><W110/><G110/><T40/><D111/><U102/><E102/><V1/><F1/><W122/><G101/><T107/><D100/><U120/><E120/><V99/><F99/><W103/><G122/><T77/><D126/><U64/><E64/><V31/><F31/><W105/><G66/><T123/><D123/><U125/><E125/><V57/><AGARI ba="2,2" hai="20,27,29,39,41,46,57,58,75,76,81,91,93,97" machi="57" ten="30,7900,0" yaku="1,1,0,1,52,2,53,0" doraHai="52" doraHaiUra="51" who="2" fromWho="2" sc="433,-41,67,-22,356,105,124,-22" /><INIT seed="5,0,0,5,4,48" ten="392,45,461,102" oya="1" hai0="26,19,100,129,33,10,88,2,8,67,44,79,126" hai1="82,93,9,97,75,118,92,42,83,81,135,25,90" hai2="36,56,43,121,71,27,34,11,96,22,6,112,70" hai3="7,124,50,13,127,133,110,122,109,66,61,94,68"/><U38/><E38/><V114/><F121/><W23/><G122/><T20/><D100/><N who="1" m="60455" /><E42/><V113/><F34/><W55/><G94/><T24/><D79/><N who="1" m="44287" /><E25/><V29/><F56/><W16/><G7/><T99/><D129/><U105/><E9/><V87/><F96/><W123/><G123/><T101/><D126/><U31/><E31/><V45/><F87/><W53/><G133/><T72/><D72/><U80/><E118/><V14/><AGARI ba="0,0" hai="6,11,14,22,27,29,36,43,45,70,71,112,113,114" machi="14" ten="30,4000,0" yaku="0,1,15,1,11,1" doraHai="48" who="2" fromWho="2" sc="392,-10,45,-20,461,40,102,-10" /><BYE who="1" /><INIT seed="6,0,0,2,3,68" ten="382,25,501,92" oya="2" hai0="76,45,106,66,37,8,3,133,94,96,2,77,26" hai1="7,105,124,63,29,32,123,67,10,111,61,80,95" hai2="39,38,101,82,110,115,120,114,117,33,75,69,135" hai3="51,97,130,14,73,20,81,126,98,116,122,56,52"/><V129/><RYUUKYOKU type="yao9" ba="0,0" sc="382,0,25,0,501,0,92,0" hai2="33,38,39,69,75,82,101,110,114,115,117,120,129,135" /><INIT seed="6,1,0,0,5,24" ten="382,25,501,92" oya="2" hai0="41,4,21,77,90,16,96,10,54,120,99,119,112" hai1="25,57,129,49,76,134,29,59,69,30,39,117,101" hai2="78,98,135,93,67,65,86,124,68,23,71,84,8" hai3="88,105,81,12,33,40,56,48,37,109,5,104,45"/><V55/><F124/><W107/><G33/><T50/><D120/><U44/><E44/><V19/><F135/><W51/><G109/><T14/><D112/><U131/><E131/><V95/><F8/><W66/><G66/><T73/><D119/><U35/><E35/><V53/><F23/><W126/><G126/><T46/><D73/><U72/><E72/><V128/><F98/><W11/><REACH who="3" step="1"/><G56/><REACH who="3" ten="382,25,501,82" step="2"/><T97/><D77/><U32/><E32/><V15/><F78/><W130/><G130/><T28/><D90/><U18/><E18/><V108/><F128/><W102/><G102/><T123/><D123/><U1/><E1/><V31/><F67/><W27/><G27/><N who="0" m="16495" /><D54/><U43/><E43/><V89/><F65/><W74/><G74/><T63/><D63/><U26/><E26/><V110/><F68/><W91/><G91/><T47/><D47/><U42/><E42/><V13/><F71/><W58/><G58/><T36/><D36/><U62/><E62/><V3/><F3/><W79/><G79/><T2/><D2/><U121/><E121/><V106/><F108/><W64/><G64/><T6/><AGARI ba="1,1" hai="4,6,10,14,16,41,46,50,96,97,99" m="16495" machi="6" ten="30,4000,0" yaku="8,1,52,1,54,1" doraHai="24" who="0" fromWho="0" sc="382,53,25,-11,501,-21,82,-11" /><INIT seed="7,0,0,3,2,0" ten="435,14,480,71" oya="3" hai0="48,26,52,11,21,29,87,130,108,14,114,128,72" hai1="125,41,113,37,110,126,122,38,88,123,25,13,106" hai2="105,79,63,115,97,119,20,35,103,102,31,49,56" hai3="9,22,54,66,101,1,60,77,12,132,62,89,117"/><W91/><G132/><T74/><D87/><U42/><E42/><V15/><F115/><W90/><G117/><T92/><D92/><U98/><E98/><V96/><F119/><W134/><G134/><T80/><D80/><U36/><E36/><V83/><F35/><W68/><G101/><T135/><D108/><U93/><E93/><V40/><F40/><W78/><G1/><T75/><D114/><U73/><E73/><V47/><F47/><W50/><G22/><T76/><D76/><U43/><E43/><V39/><F39/><W70/><G70/><T104/><D104/><U100/><E100/><V3/><F49/><W32/><G32/><T124/><D124/><U7/><E7/><V53/><F3/><W107/><G62/><T67/><D67/><U118/><E118/><V95/><F15/><W116/><G107/><T18/><REACH who="0" step="1"/><D135/><REACH who="0" ten="425,14,480,71" step="2"/><U17/><E17/><V131/><F131/><W109/><G109/><T129/><D129/><U51/><E51/><V2/><F105/><W111/><G111/><T121/><D121/><U33/><E33/><V127/><F127/><W84/><G116/><T28/><D28/><U23/><E23/><V82/><F95/><W44/><REACH who="3" step="1"/><G84/><REACH who="3" ten="425,14,480,61" step="2"/><T24/><D24/><U85/><E85/><V94/><F79/><W6/><AGARI ba="0,2" hai="6,9,12,44,50,54,60,66,68,77,78,89,90,91" machi="6" ten="30,12000,1" yaku="1,1,2,1,0,1,52,1,53,1" doraHai="0" doraHaiUra="65" who="3" fromWho="3" sc="425,-40,14,-40,480,-40,61,140" owari="385,18.5,-26,-52.6,440,54.0,201,-19.9" /></mjloggm>