<mjloggm ver="2.3"><GO type="41" lobby="0"/><UN n0="%4B%61%59" n1="%E2%93%9D%4C%75%63%6B%79%4A" n2="%E3%81%82%E3%81%AA%E3%81%9F%E3%81%AE%E3%81%98%E3%82%83%E3%82%93" n3="%E3%81%AD%E3%81%93%E3%81%B1%E3%82%93%E3%81%A1" dan="15,16,14,14" rate="2040.58,2145.37,1977.89,1931.03" sx="M,M,M,M"/><TAIKYOKU oya="0"/><INIT seed="0,0,0,2,0,63" ten="250,250,250,250" oya="0" hai0="76,15,112,35,45,103,71,19,54,99,50,12,124" hai1="14,88,104,120,66,94,114,18,61,110,109,126,25" hai2="102,96,5,2,59,24,70,68,0,77,107,16,85" hai3="132,38,119,55,80,64,79,100,49,123,40,31,60"/><T47/><D112/><U57/><E104/><V51/><F2/><W87/><G119/><T106/><D124/><U13/><E120/><V46/><F59/><W22/><G123/><T36/><D35/><U117/><E117/><V83/><F5/><W73/><G132/><T98/><D76/><U131/><E114/><V8/><F0/><W27/><G100/><T11/><D71/><U41/><E41/><V48/><F48/><W9/><G9/><T42/><D98/><U84/><E131/><V37/><F37/><W113/><G38/><T21/><REACH who="0" step="1"/><D11/><REACH who="0" ten="240,250,250,250" step="2"/><U30/><E126/><V130/><F130/><W101/><G113/><T69/><D69/><U20/><REACH who="1" step="1"/><E14/><AGARI ba="0,1" hai="12,14,15,19,21,36,42,45,47,50,54,99,103,106" machi="14" ten="30,5800,0" yaku="1,1,7,1,53,1" doraHai="63" doraHaiUra="97" who="0" fromWho="1" sc="240,68,250,-58,250,0,250,0" /><INIT seed="0,1,0,2,3,125" ten="308,192,250,250" oya="0" hai0="99,79,80,86,73,116,63,43,9,117,53,103,48" hai1="45,39,30,92,67,41,58,89,29,23,114,126,118" hai2="74,127,40,49,35,13,14,83,77,113,115,66,76" hai3="64,17,71,132,24,10,134,59,108,36,31,2,27"/><T96/><D96/><U54/><E118/><V106/><F35/><W11/><G36/><T93/><D43/><U65/><E126/><V128/><F127/><W111/><G71/><T19/><D63/><U1/><E1/><V101/><F66/><W69/><G64/><T8/><D73/><U72/><E114/><V12/><F77/><W94/><G59/><T3/><D3/><U22/><E72/><V75/><F75/><W87/><G69/><T107/><D107/><U21/><E67/><V119/><F119/><W85/><G94/><T18/><D116/><U4/><E4/><V20/><F20/><N who="3" m="13327" /><G87/><T90/><D103/><U60/><REACH who="1" step="1"/><E65/><REACH who="1" ten="308,182,250,250" step="2"/><V46/><F115/><W82/><G2/><T104/><D117/><U102/><E102/><V105/><F113/><W42/><G134/><T131/><D104/><U95/><E95/><V130/><REACH who="2" step="1"/><F106/><REACH who="2" ten="308,182,240,250" step="2"/><W88/><G132/><T34/><D34/><U0/><E0/><V51/><F51/><W25/><G111/><T109/><D109/><U16/><E16/><V129/><F129/><W62/><G108/><T123/><D131/><U6/><E6/><V61/><F61/><W135/><G62/><T57/><D123/><U5/><E5/><V33/><F33/><W100/><G135/><T55/><D18/><U84/><AGARI ba="1,2" hai="21,22,23,29,30,39,41,45,54,58,60,84,89,92" machi="84" ten="30,4000,0" yaku="1,1,0,1,53,1" doraHai="125" doraHaiUra="68" who="1" fromWho="1" sc="308,-21,182,63,240,-11,250,-11" /><INIT seed="1,0,0,3,4,16" ten="287,245,229,239" oya="1" hai0="126,58,23,107,62,103,81,41,38,86,31,20,19" hai1="106,95,92,8,94,60,98,33,87,108,56,18,30" hai2="24,93,83,48,125,91,52,109,2,4,72,129,37" hai3="99,112,32,84,57,78,65,61,96,21,50,89,130"/><U3/><E33/><V75/><F109/><W0/><G32/><T117/><D117/><U11/><E108/><V82/><F37/><W10/><G112/><T101/><D107/><U97/><E30/><V115/><F115/><W64/><G78/><T102/><D38/><U123/><E123/><V59/><F129/><W124/><G124/><T44/><D126/><U51/><E106/><V34/><F125/><W69/><G69/><T13/><D44/><U53/><E3/><V79/><F4/><W85/><G10/><N who="0" m="6583" /><D41/><U118/><E118/><V120/><F120/><W39/><G39/><T28/><D28/><U14/><E11/><V66/><F2/><W122/><G130/><T5/><D5/><U88/><REACH who="1" step="1"/><E51/><REACH who="1" ten="287,235,229,239" step="2"/><V111/><F111/><W7/><G50/><T42/><D31/><U131/><E131/><V25/><F34/><W40/><G0/><T80/><D42/><U36/><E36/><V6/><F6/><W17/><G40/><T127/><D127/><U68/><E68/><V12/><F12/><W54/><G7/><T132/><D132/><U134/><E134/><V46/><F25/><W71/><G71/><T22/><D86/><N who="3" m="33385" /><G122/><T43/><D43/><U74/><E74/><V114/><F114/><W29/><G29/><T35/><D35/><U49/><E49/><V121/><F121/><W77/><G99/><AGARI ba="0,1" hai="8,14,18,53,56,60,87,88,92,94,95,97,98,99" machi="99" ten="40,7700,0" yaku="1,1,8,1,54,1,53,0" doraHai="16" doraHaiUra="110" who="1" fromWho="3" sc="287,0,235,87,229,0,239,-77" /><INIT seed="1,1,0,3,1,14" ten="287,322,229,162" oya="1" hai0="79,70,29,73,67,93,46,133,98,45,13,92,49" hai1="41,54,71,15,48,102,87,32,56,59,18,83,94" hai2="23,7,5,81,50,121,1,123,128,72,64,22,61" hai3="80,30,6,134,40,104,57,25,74,99,131,42,16"/><U28/><E71/><V2/><F50/><W130/><G6/><N who="2" m="2057" /><F81/><W117/><G117/><T110/><D29/><U82/><E32/><V38/><F61/><W3/><G3/><N who="2" m="1033" /><F64/><W119/><G119/><T35/><D35/><U34/><E34/><V27/><F38/><W63/><G80/><T53/><D79/><U76/><E28/><N who="2" m="17527" /><F72/><W47/><G74/><T55/><D73/><U127/><E127/><V33/><F33/><W51/><G99/><T103/><D49/><U0/><E0/><V124/><F124/><W88/><G104/><T84/><D98/><N who="1" m="59735" /><E83/><V115/><F115/><W4/><G42/><T125/><D92/><U129/><E129/><V21/><F128/><W113/><G113/><T109/><D93/><U91/><E41/><V12/><F12/><W26/><G40/><T126/><D13/><U36/><E36/><V120/><AGARI ba="1,0" hai="21,23,120,121,123" m="17527,1033,2057" machi="120" ten="40,2700,0" yaku="34,2" doraHai="14" who="2" fromWho="2" sc="287,-8,322,-14,229,30,162,-8" /><INIT seed="2,0,0,1,5,84" ten="279,308,259,154" oya="2" hai0="83,55,27,47,48,91,12,11,106,82,51,41,54" hai1="104,24,38,124,8,33,7,59,58,62,90,92,86" hai2="67,66,56,94,127,2,40,115,80,5,64,34,118" hai3="108,101,52,110,65,125,68,10,69,77,126,22,96"/><V134/><F118/><W89/><G77/><T73/><D106/><U42/><E124/><N who="3" m="47722" /><G65/><T70/><D70/><U6/><E104/><V31/><F115/><W36/><G36/><T13/><D73/><U85/><E33/><V130/><F130/><W37/><G37/><T72/><D72/><U105/><E105/><V123/><F123/><W95/><G101/><T44/><D27/><U9/><E24/><V75/><F127/><W112/><G22/><T113/><D113/><U49/><E38/><V20/><F34/><W21/><G21/><T88/><D11/><U19/><E19/><V122/><F122/><W78/><G10/><T15/><D15/><U61/><E49/><V120/><F120/><W71/><G78/><T135/><REACH who="0" step="1"/><D41/><REACH who="0" ten="269,308,259,154" step="2"/><U107/><E42/><V29/><F2/><W98/><G112/><T103/><D103/><U45/><E107/><V17/><F40/><W111/><G98/><T0/><D0/><U26/><E9/><V4/><F75/><W128/><G128/><T43/><D43/><U87/><E8/><V93/><F5/><W14/><G14/><T132/><AGARI ba="0,1" hai="12,13,44,47,48,51,54,55,82,83,88,91,132,135" machi="132" ten="25,12000,2" yaku="1,1,0,1,22,2,52,2,54,1,53,0" doraHai="84" doraHaiUra="3" who="0" fromWho="0" sc="269,130,308,-30,259,-60,154,-30" /><INIT seed="3,0,0,2,0,112" ten="399,278,199,124" oya="3" hai0="12,13,129,66,127,19,94,43,25,31,50,26,30" hai1="104,134,73,71,108,21,60,53,93,120,96,110,99" hai2="47,23,42,22,7,37,41,135,15,17,86,75,38" hai3="33,65,9,18,69,40,34,106,113,125,29,70,8"/><W97/><G113/><T59/><D127/><U64/><E120/><V62/><F75/><W121/><G121/><T48/><D129/><U78/><E53/><V45/><F135/><W3/><G40/><T14/><D94/><U88/><E21/><V28/><F7/><W49/><G49/><T115/><D115/><U4/><E4/><V83/><F62/><W133/><G18/><T67/><D19/><U124/><E124/><V82/><F86/><W119/><G29/><T81/><D81/><N who="1" m="45263" /><E64/><V55/><F55/><W54/><G54/><T56/><D14/><U117/><E71/><V5/><F5/><W109/><G65/><T111/><D111/><N who="1" m="42539" /><E60/><V122/><REACH who="2" step="1"/><F122/><REACH who="2" ten="399,278,189,124" step="2"/><W61/><G61/><T20/><D43/><U85/><E134/><V63/><F63/><W130/><G133/><T11/><D66/><U80/><E117/><V52/><F52/><W36/><G119/><T89/><D67/><U46/><E46/><V32/><F32/><W84/><G34/><T90/><D56/><U132/><E132/><V76/><F76/><W10/><G33/><T107/><D59/><U101/><E99/><V98/><F98/><W103/><G97/><T0/><D0/><U116/><E116/><V102/><F102/><W24/><G103/><T79/><D79/><U95/><AGARI ba="0,1" hai="80,85,88,93,95,96,101,104" m="42539,45263" machi="95" ten="30,7900,0" yaku="14,1,34,2,54,1" doraHai="112" who="1" fromWho="1" sc="399,-20,278,89,189,-20,124,-39" /><INIT seed="4,0,0,3,5,38" ten="379,367,169,85" oya="0" hai0="68,131,72,115,48,54,51,59,13,34,132,2,45" hai1="33,64,110,85,83,73,42,0,96,92,76,7,125" hai2="67,58,90,79,94,111,61,82,84,28,37,29,4" hai3="104,102,60,127,93,91,62,128,12,8,22,106,134"/><T101/><D2/><U39/><E33/><V9/><F111/><W31/><G106/><T10/><D68/><U43/><E110/><V50/><F37/><W65/><G104/><T135/><D72/><U52/><E39/><V71/><F71/><W114/><G114/><T53/><D34/><U26/><E64/><V49/><F29/><W103/><G127/><T16/><D115/><U15/><E0/><V97/><REACH who="2" step="1"/><F28/><REACH who="2" ten="379,367,159,85" step="2"/><W108/><G108/><T87/><D132/><U36/><E36/><V124/><F124/><W130/><G134/><T25/><D135/><U40/><E125/><V98/><F98/><W14/><G31/><T122/><D122/><U23/><E73/><V30/><F30/><W70/><G70/><T21/><D131/><U41/><E96/><V32/><F32/><W6/><G130/><T123/><D123/><U126/><E126/><V120/><F120/><W69/><G128/><T77/><D101/><U119/><E119/><V80/><F80/><W117/><G117/><T17/><D87/><U88/><E83/><V109/><F109/><W20/><G103/><T74/><D74/><U24/><N who="1" m="10240" /><DORA hai="27" /><U11/><E76/><AGARI ba="0,1" hai="10,13,16,17,21,25,45,48,51,53,54,59,76,77" machi="76" ten="40,3900,0" yaku="8,1,54,1" doraHai="38,27" who="0" fromWho="1" sc="379,49,367,-39,159,0,85,0" /><INIT seed="4,1,0,2,1,16" ten="428,328,159,85" oya="0" hai0="55,18,31,26,107,41,9,3,65,115,46,73,22" hai1="80,29,91,62,83,58,106,59,68,121,51,123,4" hai2="67,76,118,113,114,69,37,78,95,24,94,109,97" hai3="89,134,100,70,57,44,40,50,82,111,42,98,75"/><T119/><D73/><U12/><E68/><V124/><F37/><W0/><G70/><T60/><D107/><U93/><E106/><V11/><F11/><W39/><G0/><T33/><D119/><U1/><E1/><V19/><F109/><W110/><G134/><T74/><D74/><U99/><E29/><V8/><F118/><W52/><G42/><T120/><D115/><N who="2" m="44042" /><F124/><W81/><G89/><T86/><D55/><N who="1" m="32255" /><E123/><V35/><F35/><W47/><G47/><T112/><D120/><U108/><E108/><V96/><F67/><W72/><G72/><T14/><D86/><U23/><E4/><V20/><F8/><W7/><G7/><T131/><D131/><U66/><E121/><V63/><F63/><N who="3" m="36263" /><G39/><T128/><D128/><U13/><E13/><V101/><F69/><W85/><G75/><T30/><D112/><U71/><E71/><V103/><AGARI ba="1,0" hai="19,20,24,76,78,94,95,96,97,101,103" m="44042" machi="103" ten="30,2000,0" yaku="15,1,52,1" doraHai="16" who="2" fromWho="2" sc="428,-11,328,-6,159,23,85,-6" /><INIT seed="5,0,0,2,1,109" ten="417,322,182,79" oya="1" hai0="61,66,3,96,36,73,19,75,59,65,134,62,107" hai1="67,108,78,77,49,80,89,129,113,14,55,91,34" hai2="58,133,39,15,28,25,101,13,50,128,7,104,118" hai3="16,98,121,4,27,1,45,83,92,8,122,112,38"/><U68/><E34/><V42/><F118/><W57/><G83/><T69/><D36/><U102/><E108/><V10/><F133/><W85/><G85/><T37/><D37/><U64/><E129/><V132/><F132/><W70/><G70/><T30/><D3/><U56/><E102/><V81/><F128/><W5/><G45/><T115/><D19/><U22/><E68/><V9/><F39/><W11/><G38/><T71/><D134/><U32/><E32/><V72/><F101/><W24/><G57/><T88/><D30/><U94/><E91/><V125/><F104/><W21/><G92/><T47/><D47/><U93/><E94/><V105/><F105/><W31/><G98/><T123/><D123/><U99/><E113/><V95/><F95/><W106/><G112/><T111/><D111/><U33/><E33/><V97/><F97/><W126/><G126/><T51/><D115/><U82/><E82/><V127/><F81/><W103/><G103/><T135/><D135/><U20/><E78/><V63/><F72/><W12/><G106/><T40/><D40/><U2/><E2/><V43/><F50/><W117/><G117/><T23/><D88/><U6/><E77/><V46/><F46/><W90/><G90/><T54/><D96/><U29/><E80/><V116/><F116/><W114/><G114/><T86/><D86/><U35/><E35/><AGARI ba="0,0" hai="1,4,5,8,11,12,16,21,24,27,31,35,121,122" machi="35" ten="30,8000,1" yaku="7,1,34,3,54,1" doraHai="109" who="3" fromWho="1" sc="417,0,322,-80,182,0,79,80" /><INIT seed="6,0,0,5,2,78" ten="417,242,182,159" oya="2" hai0="123,125,98,42,67,122,30,46,55,74,26,60,69" hai1="2,22,91,110,61,79,92,37,126,18,16,111,115" hai2="40,9,64,34,124,71,15,99,116,44,52,87,54" hai3="117,76,88,58,28,103,77,135,7,127,14,84,70"/><V94/><F116/><W39/><G70/><T53/><D125/><U59/><E2/><V13/><F124/><W72/><G39/><T118/><D118/><U57/><E126/><V6/><F34/><W108/><G72/><T43/><D74/><U3/><E3/><V29/><F29/><W51/><G108/><T65/><D98/><U0/><E0/><V24/><F24/><W109/><G109/><T80/><D80/><U12/><E115/><V132/><F132/><W45/><G135/><T114/><D114/><U62/><E37/><V56/><F15/><W81/><G117/><T119/><D43/><U131/><E131/><V23/><F23/><W133/><G133/><T4/><D4/><U11/><E79/><V5/><F5/><W47/><G103/><T130/><D65/><U100/><E100/><N who="2" m="60535" /><F71/><W8/><G28/><T38/><D130/><U107/><E107/><V33/><F33/><W49/><G58/><N who="1" m="22026" /><E111/><V128/><F128/><W21/><G21/><T96/><D119/><U19/><E110/><V86/><F64/><W35/><G35/><T105/><D122/><U25/><E19/><V66/><F66/><W32/><G32/><N who="0" m="20567" /><D123/><U104/><E104/><V89/><F87/><AGARI ba="0,0" hai="11,12,16,18,22,25,61,62,87,91,92" m="22026" machi="87" ten="30,2000,0" yaku="8,1,54,1" doraHai="78" who="1" fromWho="2" sc="417,0,242,20,182,-20,159,0" /><INIT seed="7,0,0,2,1,91" ten="417,262,162,159" oya="3" hai0="113,78,37,125,129,95,65,58,73,63,10,19,84" hai1="108,48,54,76,106,77,109,23,69,124,20,11,100" hai2="115,103,44,119,55,62,114,112,28,71,104,57,29" hai3="9,89,117,36,120,12,52,38,15,127,99,50,41"/><W132/><G120/><T66/><D66/><U34/><E34/><V96/><F119/><W53/><G117/><T22/><D22/><U17/><E69/><V42/><REACH who="2" step="1"/><F71/><REACH who="2" ten="417,262,152,159" step="2"/><W87/><G127/><T0/><D125/><U126/><E126/><V31/><F31/><W13/><G132/><T107/><D129/><U90/><E124/><V74/><F74/><W5/><G38/><AGARI ba="0,1" hai="28,29,38,42,44,55,57,62,96,103,104,112,114,115" machi="38" ten="40,2600,0" yaku="1,1,15,1,53,0" doraHai="91" doraHaiUra="7" who="2" fromWho="3" sc="417,0,262,0,152,36,159,-26" owari="417,51.7,262,6.2,188,-21.2,133,-36.7" /></mjloggm>