<mjloggm ver="2.3"><GO type="41" lobby="0"/><UN n0="%E3%82%B5%E3%83%B3%E3%82%B9%E3%83%99%E3%83%AA%E3%82%A2%E5%90%9B" n1="%E2%93%9D%4C%75%63%6B%79%4A" n2="%46%6C%79" n3="%E3%83%88%E3%83%84" dan="14,18,14,13" rate="1919.72,2138.61,2033.86,2025.76" sx="M,M,M,F"/><TAIKYOKU oya="0"/><INIT seed="0,0,0,1,0,130" ten="250,250,250,250" oya="0" hai0="109,19,44,114,56,35,92,93,28,9,119,5,50" hai1="118,110,103,4,88,86,83,123,127,54,128,101,38" hai2="135,49,58,120,27,98,95,65,111,62,69,41,70" hai3="125,117,68,26,20,99,47,53,90,100,18,133,64"/><T45/><D119/><U113/><E38/><V10/><F120/><W78/><G117/><T34/><D114/><U84/><E118/><V0/><F111/><W115/><G115/><T66/><D19/><U116/><E113/><V59/><F27/><W2/><G2/><T79/><D79/><U52/><E127/><V81/><F81/><W33/><G125/><T3/><D109/><U15/><E128/><V29/><F29/><W16/><G78/><T40/><D34/><U11/><E123/><V124/><F135/><W72/><G72/><T108/><D108/><U71/><E71/><V24/><F24/><W39/><G133/><T122/><D122/><U37/><E37/><V94/><F94/><W67/><G33/><T31/><D35/><U106/><E106/><V129/><F129/><W6/><G6/><T42/><D56/><U63/><E116/><V75/><F75/><W55/><G90/><T131/><D66/><U60/><E86/><V97/><F97/><W74/><G18/><T12/><D3/><U121/><E121/><V91/><F124/><W89/><G89/><T36/><D131/><U76/><E76/><V61/><F10/><W17/><G17/><T80/><D80/><U32/><E32/><V48/><F0/><W8/><G8/><T87/><D87/><U51/><E110/><V96/><F96/><W104/><G74/><T30/><AGARI ba="0,0" hai="5,9,12,28,30,31,36,40,42,44,45,50,92,93" machi="30" ten="30,1500,0" yaku="0,1" doraHai="130" who="0" fromWho="0" sc="250,15,250,-5,250,-5,250,-5" /><INIT seed="0,1,0,0,2,117" ten="265,245,245,245" oya="0" hai0="84,21,115,45,62,114,27,42,86,126,73,107,24" hai1="36,59,113,22,97,79,44,78,119,80,81,5,127" hai2="33,104,87,3,43,28,52,67,103,19,130,105,118" hai3="11,20,134,70,12,74,57,106,64,89,125,131,122"/><T90/><D73/><U8/><E119/><V102/><F118/><W83/><G106/><T101/><D126/><U133/><E127/><V110/><F3/><W40/><G125/><T92/><D62/><U17/><E133/><V109/><F43/><W15/><G134/><T108/><D108/><U50/><E36/><V29/><F87/><W47/><G131/><T35/><D35/><U135/><E59/><V75/><F67/><W0/><G70/><T18/><D84/><U91/><E113/><V128/><F19/><W61/><G20/><T49/><REACH who="0" step="1"/><D24/><REACH who="0" ten="255,245,245,245" step="2"/><U100/><E135/><V26/><F26/><W1/><G74/><T69/><D69/><U120/><E79/><V51/><F75/><W77/><G77/><T56/><D56/><U82/><E78/><V34/><REACH who="2" step="1"/><F51/><REACH who="2" ten="255,245,235,245" step="2"/><W95/><G61/><T7/><D7/><U48/><E5/><V129/><F129/><W85/><G85/><T13/><D13/><U60/><E60/><V72/><F72/><W76/><G12/><T63/><D63/><U39/><E50/><V71/><F71/><W37/><G15/><T2/><D2/><U25/><E25/><V32/><F32/><W96/><G0/><T123/><D123/><U65/><E120/><V41/><F41/><W54/><G122/><T30/><D30/><U94/><E17/><V10/><F10/><W16/><G11/><T9/><D9/><U124/><E8/><V4/><F4/><W38/><G1/><T121/><D121/><U53/><E124/><V68/><F68/><W23/><G16/><T31/><D31/><U132/><E132/><RYUUKYOKU ba="1,2" sc="255,15,245,-15,235,15,245,-15" hai0="18,21,27,42,45,49,86,90,92,101,107,114,115" hai2="28,29,33,34,52,102,103,104,105,109,110,128,130" /><INIT seed="0,2,2,1,3,94" ten="270,230,250,230" oya="0" hai0="45,85,98,133,95,10,111,91,73,82,16,65,118" hai1="128,25,59,52,135,23,120,48,100,24,75,36,20" hai2="51,81,117,123,99,124,26,44,6,72,79,19,88" hai3="8,17,32,63,130,89,29,11,46,5,115,97,60"/><T105/><D118/><U3/><E120/><V114/><F123/><W126/><G115/><T28/><D133/><U107/><E36/><V58/><F114/><W112/><G112/><T21/><D73/><U37/><E37/><V33/><F124/><W68/><G126/><T4/><D105/><U106/><E3/><V61/><F6/><W92/><G130/><T70/><D70/><U110/><E75/><V96/><F117/><W113/><G113/><T67/><D111/><U40/><E110/><V9/><F33/><W80/><G68/><T109/><D109/><U134/><E40/><V69/><F69/><W56/><G46/><T125/><D125/><U57/><E100/><V53/><F88/><W42/><G42/><T119/><D45/><U132/><E59/><V39/><F39/><W22/><G32/><T131/><D28/><N who="1" m="17471" /><E128/><V55/><REACH who="2" step="1"/><F9/><REACH who="2" ten="270,230,240,230" step="2"/><W77/><G5/><T108/><D108/><U71/><E71/><V101/><F101/><W93/><G8/><T35/><D35/><U127/><E127/><V103/><F103/><W31/><G11/><T2/><D131/><U12/><E12/><V38/><F38/><W122/><G122/><T47/><D119/><U41/><E41/><V49/><F49/><W50/><G50/><T14/><D47/><U0/><E0/><V129/><F129/><W27/><G60/><T116/><D116/><U121/><E121/><V34/><F34/><W7/><G7/><T1/><D2/><U30/><AGARI ba="2,3" hai="20,24,30,48,52,57,106,107,132,134,135" m="17471" machi="30" ten="30,2000,0" yaku="20,1,54,1" doraHai="94" who="1" fromWho="1" sc="270,-12,230,56,240,-7,230,-7" /><INIT seed="1,0,0,4,3,106" ten="258,286,233,223" oya="1" hai0="94,92,73,77,85,93,133,1,112,128,131,130,59" hai1="60,29,95,134,26,5,39,89,69,63,46,37,56" hai2="18,16,99,57,67,17,20,111,80,8,68,122,25" hai3="125,58,50,108,88,120,103,86,71,96,117,102,101"/><U83/><E134/><V6/><F111/><W65/><G108/><T27/><D1/><U43/><E5/><V32/><F122/><W47/><G120/><T74/><D27/><U34/><E69/><V41/><F68/><W115/><G71/><T126/><D59/><U4/><E4/><V30/><F41/><W118/><G115/><T97/><D112/><U45/><E83/><V36/><F36/><W81/><G125/><T51/><D51/><U82/><E82/><V119/><F119/><N who="3" m="45579" /><G65/><T15/><D15/><U13/><E13/><V110/><F110/><W132/><G58/><T28/><D28/><U21/><E34/><V23/><F99/><W66/><G66/><T55/><D55/><U75/><E75/><N who="0" m="28681" /><D126/><U87/><E56/><V61/><REACH who="2" step="1"/><F80/><REACH who="2" ten="258,286,223,223" step="2"/><W98/><G132/><T9/><D133/><U53/><E53/><AGARI ba="0,1" hai="47,50,53,81,86,88,96,98,101,102,103" m="45579" machi="53" ten="30,2000,0" yaku="12,1,54,1" doraHai="106" who="3" fromWho="1" sc="258,0,286,-20,223,0,223,30" /><INIT seed="2,0,0,1,0,93" ten="258,266,223,253" oya="2" hai0="85,73,6,14,50,112,45,5,62,9,3,116,71" hai1="113,13,15,81,31,51,128,55,49,66,16,122,52" hai2="104,28,1,92,39,42,105,131,121,61,133,119,68" hai3="17,86,96,106,72,27,98,2,21,35,83,110,30"/><V115/><RYUUKYOKU type="yao9" ba="0,0" sc="258,0,266,0,223,0,253,0" hai2="1,28,39,42,61,68,92,104,105,115,119,121,131,133" /><INIT seed="2,1,0,0,1,87" ten="258,266,223,253" oya="2" hai0="123,110,4,79,7,97,80,12,58,60,129,82,28" hai1="34,111,108,33,113,99,130,90,51,116,1,40,47" hai2="96,54,38,133,45,100,30,69,84,52,0,63,61" hai3="101,67,2,106,114,86,39,43,124,37,78,91,112"/><V75/><F75/><W19/><G2/><T134/><D110/><N who="1" m="42027" /><E113/><N who="3" m="43626" /><G124/><T81/><D123/><U22/><E116/><V5/><F133/><W57/><G43/><T73/><D134/><U44/><E1/><V135/><F135/><W89/><G19/><T62/><D129/><U25/><E47/><V107/><F30/><W53/><G67/><T17/><D28/><N who="1" m="17463" /><E130/><V119/><F119/><W127/><G127/><T74/><D97/><U115/><E115/><V65/><F63/><N who="3" m="36271" /><G101/><T50/><D50/><U24/><E24/><V70/><F70/><W41/><G106/><T21/><D60/><U35/><E35/><V128/><F128/><W32/><G32/><T93/><D93/><AGARI ba="1,0" hai="33,34,40,44,51,90,93,99" m="17463,42027" machi="93" ten="30,2000,0" yaku="14,1,52,1" doraHai="87" who="1" fromWho="0" sc="258,-23,266,23,223,0,253,0" /><INIT seed="3,0,0,0,3,115" ten="235,289,223,253" oya="3" hai0="48,20,105,57,76,37,80,99,91,43,104,122,117" hai1="51,110,86,11,114,119,17,94,129,83,59,41,123" hai2="32,21,39,85,78,74,30,89,49,13,50,118,131" hai3="63,68,65,121,60,107,61,96,77,124,97,31,52"/><W98/><G121/><T45/><D122/><U103/><E123/><V120/><F120/><RYUUKYOKU type="kaze4" ba="0,0" sc="235,0,289,0,223,0,253,0" /><INIT seed="3,1,0,3,1,89" ten="235,289,223,253" oya="3" hai0="77,42,31,28,2,50,93,13,121,61,109,88,9" hai1="133,33,94,82,108,96,75,47,118,128,36,78,73" hai2="99,25,8,112,30,54,62,97,21,66,68,67,57" hai3="49,92,22,19,52,41,59,98,11,70,10,32,91"/><W122/><G122/><T111/><D121/><U20/><E33/><V65/><F112/><W84/><G32/><T24/><D2/><U4/><E4/><V116/><F116/><W17/><G70/><T38/><D38/><U80/><E20/><V119/><F119/><W43/><G17/><T127/><D127/><U126/><E47/><V106/><F106/><W101/><G10/><T124/><D124/><U40/><E40/><V7/><REACH who="2" step="1"/><F68/><REACH who="2" ten="235,289,213,253" step="2"/><W110/><G110/><N who="0" m="41995" /><D77/><U48/><E78/><V15/><AGARI ba="1,1" hai="7,8,15,21,25,30,54,57,62,65,66,67,97,99" machi="15" ten="30,12000,2" yaku="1,1,0,1,8,1,53,3" doraHai="89" doraHaiUra="60" who="2" fromWho="2" sc="235,-31,289,-31,213,133,253,-61" /><INIT seed="4,0,0,4,4,12" ten="204,258,346,192" oya="0" hai0="21,81,27,55,109,10,80,5,132,74,126,75,131" hai1="17,88,87,134,118,0,53,1,76,14,121,94,68" hai2="99,77,106,60,96,128,44,49,98,56,129,35,25" hai3="104,123,86,72,112,32,29,70,46,6,105,69,125"/><T103/><D109/><U100/><E121/><V42/><F77/><W90/><G123/><T108/><D108/><U83/><E68/><V93/><F106/><W19/><G72/><T64/><D131/><N who="2" m="50250" /><F25/><W52/><G6/><T34/><D34/><U13/><E118/><V115/><F35/><W50/><G112/><T20/><D126/><U120/><E134/><V127/><F115/><W18/><G125/><T84/><D132/><U92/><E14/><V71/><F71/><W101/><G69/><T8/><D64/><U66/><E66/><N who="2" m="39175" /><F127/><W33/><G70/><T38/><D38/><U63/><E120/><V117/><F117/><W43/><G32/><T15/><D103/><AGARI ba="0,0" hai="42,44,49,93,96,98,99,103" m="39175,50250" machi="103" ten="30,1000,0" yaku="19,1" doraHai="12" who="2" fromWho="0" sc="204,-10,258,0,346,10,192,0" /><INIT seed="5,0,0,3,3,54" ten="194,258,356,192" oya="1" hai0="75,99,97,109,29,63,69,49,102,117,85,73,58" hai1="26,39,106,24,52,91,104,68,130,78,38,32,7" hai2="105,51,41,16,129,100,72,96,67,119,122,110,84" hai3="112,76,19,57,124,22,88,40,116,6,42,65,53"/><U87/><E68/><V55/><F110/><W121/><G121/><T95/><D109/><U13/><E78/><V23/><F72/><W126/><G112/><T0/><D0/><U56/><E39/><V77/><F129/><W90/><G76/><T43/><D117/><U5/><E38/><V37/><F122/><W10/><G116/><T135/><D135/><U94/><E130/><V44/><F67/><W74/><G74/><T80/><D69/><U101/><E32/><V118/><F84/><W113/><G113/><T9/><D9/><U8/><E7/><V61/><F61/><N who="3" m="36015" /><G65/><N who="0" m="39159" /><D75/><U11/><E11/><V36/><F77/><W45/><G10/><T115/><D73/><U46/><E46/><V34/><F34/><W14/><G6/><T131/><D131/><U3/><E3/><V1/><F1/><W17/><G17/><T133/><D133/><U79/><E79/><V82/><F82/><W66/><G66/><T4/><D4/><U123/><E123/><V103/><F103/><W114/><G45/><N who="0" m="25791" /><D115/><U2/><E2/><V31/><F31/><W12/><G12/><T33/><D33/><U86/><E101/><V134/><F36/><W92/><G114/><T93/><D29/><U81/><E106/><V47/><REACH who="2" step="1"/><F134/><REACH who="2" ten="194,258,346,192" step="2"/><W18/><G90/><N who="0" m="55479" /><D85/><U60/><E104/><V28/><F28/><W15/><G18/><T127/><D80/><U120/><E120/><V20/><F20/><W132/><G132/><T48/><D48/><U59/><E81/><V70/><F70/><W83/><G83/><T62/><D62/><N who="1" m="36199" /><E87/><V111/><F111/><W89/><G22/><RYUUKYOKU ba="0,1" sc="194,10,258,10,346,10,192,-30" hai0="95,99,102,127" hai1="5,8,13,24,26,56,60,86,91,94" hai2="16,23,37,41,44,47,51,55,96,100,105,118,119" /><INIT seed="5,1,1,3,0,1" ten="204,268,356,162" oya="1" hai0="101,103,89,66,127,51,44,112,11,35,29,110,31" hai1="74,80,63,61,93,109,32,64,114,94,111,107,28" hai2="97,118,24,84,134,78,116,56,12,71,3,115,124" hai3="55,125,40,91,62,54,121,59,90,122,13,30,70"/><U17/><E107/><V41/><F71/><W20/><G125/><T10/><D110/><N who="1" m="41995" /><E17/><V108/><F3/><W21/><G70/><T117/><D117/><U102/><E114/><V86/><F124/><W15/><G40/><N who="0" m="24967" /><D112/><U14/><E14/><V85/><F115/><W73/><G30/><N who="0" m="11275" /><D35/><U129/><E129/><V57/><F41/><W60/><REACH who="3" step="1"/><G59/><REACH who="3" ten="204,268,356,152" step="2"/><T133/><D127/><U99/><E28/><V37/><F108/><W95/><G95/><T132/><D66/><U50/><E64/><V106/><F56/><W38/><G38/><T119/><D119/><U0/><E94/><V96/><F57/><W65/><G65/><T126/><D126/><U82/><E32/><V48/><F37/><W5/><G5/><T39/><D39/><U4/><E50/><V87/><F48/><W36/><G36/><T9/><D89/><U23/><E4/><V105/><F116/><W100/><G100/><T83/><D83/><U47/><E82/><V79/><F118/><W120/><G120/><T98/><D98/><U72/><E99/><V19/><F97/><W88/><G88/><T43/><D43/><U123/><E123/><V16/><F96/><W130/><G130/><T135/><AGARI ba="1,2" hai="9,10,11,101,103,132,133,135" m="11275,24967" machi="135" ten="40,1500,0" yaku="20,1" doraHai="1" who="0" fromWho="0" sc="204,38,268,-8,356,-5,152,-5" /><INIT seed="6,0,0,5,0,125" ten="242,260,351,147" oya="2" hai0="93,133,10,121,40,67,2,4,66,129,118,74,49" hai1="46,76,44,36,64,82,35,37,43,59,101,135,80" hai2="134,105,6,126,111,87,33,89,122,61,100,1,47" hai3="88,73,72,5,21,27,17,106,20,75,81,115,50"/><V53/><F122/><W97/><G5/><T117/><D121/><U42/><E135/><V127/><F33/><W91/><G50/><T77/><D93/><U83/><E35/><V18/><F134/><W103/><G81/><N who="0" m="45239" /><D49/><U13/><E101/><V22/><F111/><W28/><REACH who="3" step="1"/><G115/><REACH who="3" ten="242,260,351,137" step="2"/><T31/><D133/><U99/><E83/><V57/><F6/><W124/><G124/><T11/><D129/><U16/><E76/><V8/><F127/><W3/><G3/><T107/><D107/><U30/><E82/><V90/><F1/><W48/><G48/><T63/><D63/><U112/><E80/><V84/><F105/><W98/><G98/><T41/><D31/><U86/><E30/><V132/><F61/><W102/><G102/><T120/><D120/><U110/><E99/><V56/><F100/><W24/><AGARI ba="0,1" hai="17,20,21,24,27,28,72,73,75,88,91,97,103,106" machi="24" ten="40,5200,0" yaku="1,1,0,1,54,1,53,0" doraHai="125" doraHaiUra="51" who="3" fromWho="3" sc="242,-13,260,-13,351,-26,137,62" /><INIT seed="7,0,0,2,0,7" ten="229,247,325,199" oya="3" hai0="8,52,93,71,85,92,28,49,84,83,42,132,25" hai1="35,129,46,58,77,117,47,36,32,94,44,121,105" hai2="103,75,79,106,34,62,13,10,48,24,45,11,111" hai3="116,3,135,70,112,33,37,55,130,73,95,23,107"/><W18/><G116/><T57/><D71/><U43/><E105/><V101/><F111/><W128/><G33/><T110/><D110/><U41/><E77/><V127/><F127/><W21/><G107/><T16/><D132/><U99/><E47/><V61/><F34/><W15/><G135/><T96/><D42/><U9/><E58/><V124/><F106/><W26/><G3/><T4/><D84/><U104/><E121/><V90/><F24/><W51/><G37/><T114/><D114/><U131/><E9/><V17/><F124/><W6/><G112/><T86/><D85/><U89/><E104/><V88/><F79/><W38/><G38/><T64/><D64/><U27/><E27/><V118/><F11/><N who="3" m="4599" /><G73/><T20/><D28/><U78/><E78/><V119/><F75/><W81/><G81/><T53/><D53/><U108/><E117/><V102/><F119/><W69/><G95/><T0/><D96/><U122/><E122/><V72/><F72/><W29/><G21/><T2/><D2/><U82/><E82/><V40/><F118/><W68/><G51/><T133/><D133/><U91/><E108/><V134/><F134/><W22/><G55/><T39/><D39/><N who="1" m="21887" /><E35/><V60/><AGARI ba="0,0" hai="10,13,17,40,45,48,60,61,62,88,90,101,102,103" machi="60" ten="30,7900,0" yaku="0,1,8,1,52,1,54,1" doraHai="7" who="2" fromWho="2" sc="229,-20,247,-20,325,79,199,-39" owari="209,-19.1,227,2.7,404,50.4,160,-34.0" /></mjloggm>