<mjloggm ver="2.3"><GO type="41" lobby="0"/><UN n0="%E2%93%9D%4C%75%63%6B%79%4A" n1="%E5%8D%8A%E7%86%9F%E7%85%AE%E5%8D%B5" n2="%4B%4B%E3%81%95%E3%82%93" n3="%E3%83%A2%E3%83%83%E3%82%AB%34" dan="16,14,14,13" rate="2152.08,1951.32,1954.35,1933.04" sx="M,M,F,M"/><TAIKYOKU oya="0"/><INIT seed="0,0,0,5,5,15" ten="250,250,250,250" oya="0" hai0="17,74,3,103,5,121,105,39,113,78,68,50,128" hai1="48,29,52,21,31,118,106,112,2,67,101,4,25" hai2="73,93,86,80,115,14,89,125,16,63,66,27,56" hai3="85,119,32,127,35,84,135,61,34,114,129,110,75"/><T20/><D113/><U92/><E106/><V90/><F125/><W0/><G61/><T108/><D121/><U42/><E118/><V88/><F115/><W9/><G9/><T77/><D39/><U87/><E42/><V1/><F1/><W60/><G60/><T45/><D128/><U71/><E71/><V8/><F27/><W82/><G85/><T102/><D68/><U79/><E67/><V57/><F73/><W130/><G84/><T51/><D108/><U97/><E2/><V23/><F57/><W33/><G82/><T111/><D111/><U26/><E4/><N who="2" m="3335" /><F80/><W99/><G35/><T109/><D109/><U124/><E124/><V30/><F30/><W13/><G13/><T64/><D74/><U11/><E11/><V36/><F36/><W43/><G34/><T96/><D64/><U28/><E112/><V49/><F49/><W69/><G33/><T53/><D103/><U123/><E123/><V24/><AGARI ba="0,0" hai="16,23,24,56,63,66,86,88,89,90,93" m="3335" machi="24" ten="30,7900,0" yaku="8,1,52,1,54,2" doraHai="15" who="2" fromWho="2" sc="250,-39,250,-20,250,79,250,-20" /><INIT seed="1,0,0,3,4,69" ten="211,230,329,230" oya="1" hai0="135,35,52,43,18,116,6,16,39,70,23,95,78" hai1="68,59,3,24,129,65,19,123,126,46,101,20,67" hai2="57,91,132,37,112,85,75,105,128,27,82,29,127" hai3="118,26,64,5,30,114,41,38,133,42,115,2,92"/><U63/><E123/><V34/><F57/><W90/><G133/><T4/><D35/><U111/><E3/><V71/><F112/><W21/><G118/><T25/><D70/><U31/><E126/><V32/><F127/><W55/><G64/><T107/><D107/><U76/><E129/><V97/><F132/><W83/><G83/><T72/><D116/><U108/><E76/><V113/><F113/><W77/><G77/><T49/><D39/><U33/><E101/><V86/><F71/><W84/><G55/><T125/><D43/><U104/><E104/><V100/><F128/><W134/><G42/><T28/><D125/><U94/><E94/><V58/><F34/><W130/><G134/><T60/><D60/><U56/><E46/><V15/><F86/><W0/><G130/><T17/><D135/><U103/><E103/><V53/><F15/><W22/><G0/><T124/><D124/><U44/><E44/><V40/><F40/><W13/><G2/><T51/><D51/><U88/><E88/><V47/><F47/><W110/><G41/><T80/><REACH who="0" step="1"/><D95/><REACH who="0" ten="201,230,329,230" step="2"/><U120/><E120/><V117/><F117/><W93/><G92/><T61/><D61/><U81/><E81/><V45/><F45/><AGARI ba="0,1" hai="4,6,16,17,18,23,25,28,45,49,52,72,78,80" machi="45" ten="40,8000,1" yaku="1,1,54,2,53,1" doraHai="69" doraHaiUra="74" who="0" fromWho="2" sc="201,90,230,0,329,-80,230,0" /><INIT seed="2,0,0,1,1,132" ten="291,230,249,230" oya="2" hai0="56,71,50,13,35,43,25,91,85,39,32,106,113" hai1="29,14,78,59,44,93,46,22,101,104,42,131,118" hai2="8,54,119,80,108,21,28,60,102,26,126,55,98" hai3="30,16,1,0,20,97,57,17,127,18,81,40,41"/><V72/><F119/><W38/><G38/><T63/><D106/><U110/><E118/><V117/><F117/><W53/><G0/><T15/><D113/><U19/><E110/><V2/><F108/><W67/><G1/><T65/><D35/><U64/><E104/><V109/><F109/><W51/><G97/><T70/><D32/><U69/><E69/><V62/><F72/><W61/><G81/><T12/><D25/><U5/><E78/><V37/><F80/><W89/><G89/><T36/><D71/><U4/><E29/><V88/><F37/><W84/><G84/><T128/><D128/><U23/><E131/><V82/><F2/><W73/><G127/><T6/><D6/><U124/><E22/><V96/><F126/><W31/><G73/><T48/><D50/><U45/><E42/><N who="3" m="16490" /><G20/><T58/><D39/><U74/><E74/><V129/><F8/><W114/><G114/><T68/><D36/><U125/><E4/><V94/><F129/><W103/><G103/><T105/><D105/><U76/><E76/><V116/><F116/><W100/><G100/><T9/><D9/><U135/><E5/><V112/><F112/><W7/><G7/><T111/><D111/><U134/><E101/><V27/><F27/><W90/><G90/><T95/><D70/><U115/><E93/><N who="2" m="58639" /><F82/><W75/><G75/><T123/><D123/><U122/><E122/><V133/><F133/><N who="1" m="50697" /><E115/><V79/><F79/><W77/><G77/><T52/><D68/><U34/><E34/><V92/><F92/><W130/><G130/><T3/><D3/><U87/><E87/><RYUUKYOKU ba="0,0" sc="291,0,230,0,249,0,230,0" hai0="12,13,15,43,48,52,56,58,63,65,85,91,95" hai1="14,19,23,44,45,46,59,64,124,125" hai2="21,26,28,54,55,60,62,88,94,98" hai3="16,17,18,30,31,51,53,57,61,67" /><INIT seed="2,1,0,0,2,50" ten="291,230,249,230" oya="2" hai0="121,131,15,126,63,53,17,73,21,18,3,108,36" hai1="89,71,96,76,57,2,26,120,86,91,0,132,19" hai2="32,78,67,22,49,107,38,24,6,92,12,101,81" hai3="133,16,103,48,37,90,5,80,102,119,97,115,60"/><V11/><F38/><W39/><G119/><T58/><D121/><U34/><E71/><V79/><F107/><W33/><G33/><T94/><D3/><U44/><E120/><V64/><F32/><W41/><G5/><T61/><D73/><U83/><E132/><V40/><F92/><W43/><G60/><T127/><D108/><U122/><E122/><V56/><F101/><W87/><G39/><T68/><D131/><U95/><E44/><V20/><F20/><W35/><G35/><T74/><D74/><U116/><E116/><V105/><F105/><W93/><G37/><T129/><D129/><U118/><E118/><V9/><F9/><W124/><G115/><T98/><D36/><U66/><E34/><V110/><F110/><W85/><G103/><T25/><D63/><U23/><E66/><V62/><F67/><W123/><G123/><T69/><D18/><U54/><REACH who="1" step="1"/><E76/><REACH who="1" ten="291,220,249,230" step="2"/><V99/><F79/><W7/><G133/><T14/><D69/><U128/><E128/><V75/><F99/><W42/><G97/><T104/><D68/><U30/><E30/><V45/><F24/><W13/><G85/><T51/><D25/><U106/><E106/><V46/><F46/><W52/><G87/><T112/><D104/><U88/><E88/><V59/><F22/><W114/><G90/><T134/><D21/><U31/><E31/><V100/><F100/><W70/><G102/><T130/><D130/><U113/><E113/><V125/><F125/><N who="0" m="47626" /><D112/><U135/><E135/><V29/><F29/><W82/><G124/><T10/><D134/><U47/><E47/><RYUUKYOKU ba="1,1" sc="291,-15,220,15,249,15,230,-15" hai1="0,2,19,23,26,54,57,83,86,89,91,95,96" hai2="6,11,12,40,45,49,56,59,62,64,75,78,81" /><INIT seed="2,2,1,1,5,117" ten="276,235,264,215" oya="2" hai0="18,69,126,94,129,98,92,16,9,30,8,60,97" hai1="0,7,116,85,19,105,119,36,122,46,76,20,104" hai2="68,96,44,62,72,6,108,93,51,14,38,134,5" hai3="40,59,31,101,89,121,41,106,131,124,99,66,43"/><V47/><F72/><W27/><G131/><T39/><D129/><U35/><E35/><V26/><F134/><W49/><G124/><T22/><D39/><U113/><E113/><V55/><F38/><W1/><G1/><T71/><D60/><U100/><E7/><V102/><F47/><W61/><G89/><T11/><D30/><U25/><E0/><V112/><F112/><W111/><G111/><T29/><D29/><U125/><E125/><V65/><F108/><W3/><G3/><T50/><D50/><U10/><E10/><V115/><F115/><W42/><G42/><T13/><D126/><U90/><E76/><V58/><F68/><W81/><G81/><T84/><D84/><U48/><E36/><V83/><F14/><W103/><G103/><T70/><REACH who="0" step="1"/><D18/><REACH who="0" ten="266,235,264,215" step="2"/><U133/><E133/><V64/><F64/><W57/><G49/><T73/><D73/><U54/><E119/><V75/><F75/><W78/><G61/><T52/><D52/><U88/><E116/><V2/><F2/><W91/><G31/><T53/><D53/><U34/><E34/><V118/><F118/><W21/><G43/><T17/><D17/><U79/><E79/><V123/><F65/><W56/><G41/><T32/><D32/><U33/><E33/><V110/><F110/><W77/><G40/><T82/><D82/><U135/><E135/><V28/><F83/><W63/><G77/><T130/><D130/><U4/><E4/><V128/><F128/><W12/><G78/><T132/><D132/><U127/><E127/><V114/><F114/><W86/><G66/><RYUUKYOKU ba="2,2" sc="266,30,235,-10,264,-10,215,-10" hai0="8,9,11,13,16,22,69,70,71,92,94,97,98" /><INIT seed="3,3,2,2,5,46" ten="296,225,254,205" oya="3" hai0="90,99,112,26,44,37,118,3,0,49,32,121,103" hai1="38,106,8,22,115,114,132,66,73,15,76,67,80" hai2="102,17,110,40,122,69,16,117,77,58,45,88,50" hai3="92,18,125,10,1,70,7,48,130,65,12,98,97"/><W124/><G130/><T30/><D121/><U82/><E38/><V81/><F117/><W84/><G70/><T33/><D118/><U123/><E123/><V39/><F69/><W6/><G65/><T56/><D90/><U131/><E106/><V100/><F122/><W129/><G129/><T9/><D33/><U78/><E131/><V79/><F110/><W53/><G7/><T42/><D112/><U93/><E132/><V36/><F36/><W4/><G4/><T105/><D9/><U61/><E22/><V54/><F77/><W71/><G71/><T89/><D89/><U43/><E93/><V57/><F57/><W128/><G128/><T113/><D113/><U64/><E61/><N who="2" m="36055" /><F39/><W23/><G84/><T41/><D42/><U5/><REACH who="1" step="1"/><E43/><REACH who="1" ten="296,215,254,205" step="2"/><V111/><F111/><W85/><G92/><T62/><REACH who="0" step="1"/><D37/><REACH who="0" ten="286,215,254,205" step="2"/><U25/><E25/><V52/><F40/><W27/><G27/><T13/><D13/><U47/><E47/><V126/><F126/><W120/><G120/><T83/><D83/><U34/><E34/><V134/><F134/><W127/><REACH who="3" step="1"/><G85/><AGARI ba="3,4" hai="5,8,15,64,66,67,73,76,78,80,82,85,114,115" machi="85" ten="40,1300,0" yaku="1,1,53,0" doraHai="46" doraHaiUra="87" who="1" fromWho="3" sc="286,0,215,62,254,0,205,-22" /><INIT seed="4,0,0,4,3,67" ten="286,277,254,183" oya="0" hai0="116,30,29,94,0,23,133,78,79,90,107,106,17" hai1="132,82,128,31,63,76,6,64,126,56,114,44,55" hai2="87,123,15,120,46,3,104,84,95,119,80,118,105" hai3="109,25,99,42,71,18,125,127,20,93,54,19,50"/><T134/><D0/><U98/><E126/><V2/><F15/><W40/><G109/><T57/><D57/><U24/><E132/><N who="0" m="50793" /><D23/><U16/><E128/><V38/><F46/><W39/><G39/><T28/><D17/><U51/><E6/><V96/><F38/><W129/><G129/><T88/><D94/><U61/><E98/><V74/><F2/><W12/><G71/><T69/><D69/><U89/><E89/><N who="0" m="34409" /><D116/><N who="2" m="44586" /><F3/><W72/><G72/><T122/><D122/><N who="2" m="46634" /><F74/><W62/><G127/><T1/><D1/><U75/><E114/><V49/><F49/><W112/><G125/><T4/><D4/><U108/><E108/><V32/><F32/><W59/><G112/><T124/><D124/><U65/><E31/><V45/><F45/><W66/><G50/><T10/><D10/><U7/><E7/><V52/><F52/><W115/><G115/><T86/><D86/><N who="2" m="32810" /><F80/><W26/><G54/><T41/><D41/><U85/><E75/><V92/><F96/><W131/><G131/><T83/><D83/><U9/><E61/><V113/><F113/><W121/><G121/><T91/><N who="0" m="34417" /><T110/><DORA hai="58" /><D110/><U60/><E60/><V48/><F48/><W111/><G111/><T21/><D21/><N who="1" m="13351" /><E9/><V37/><F37/><W27/><G18/><T117/><D117/><U73/><E73/><V47/><F47/><W135/><G40/><AGARI ba="0,0" hai="40,44,51,55,56,63,64,65,76,82,85" m="13351" machi="40" ten="30,3900,0" yaku="8,1,52,1,54,1" doraHai="67,58" who="1" fromWho="3" sc="286,0,277,39,254,0,183,-39" /><INIT seed="5,0,0,2,5,127" ten="286,316,254,144" oya="1" hai0="85,54,84,20,23,59,114,50,66,119,94,13,118" hai1="123,102,105,45,69,93,99,107,95,47,36,57,26" hai2="1,35,96,5,72,71,81,15,79,108,42,9,38" hai3="53,32,22,2,25,67,134,74,46,7,24,132,90"/><U122/><E69/><V113/><F15/><W14/><G74/><T4/><D114/><U41/><E107/><V19/><F19/><N who="3" m="10615" /><G67/><T8/><D119/><U76/><E76/><V80/><F80/><W51/><G90/><T58/><D118/><U104/><E104/><V125/><F108/><W44/><G44/><T6/><D6/><U121/><E45/><N who="2" m="23767" /><F125/><W28/><G53/><T86/><REACH who="0" step="1"/><D94/><REACH who="0" ten="276,316,254,144" step="2"/><U49/><E93/><V88/><F113/><W83/><G83/><T73/><D73/><U62/><E105/><V101/><F35/><N who="3" m="20871" /><G51/><T12/><D12/><U11/><E49/><V124/><F124/><W120/><G120/><T126/><D126/><U3/><E26/><V16/><F72/><W27/><G46/><T91/><D91/><U77/><E77/><V111/><F88/><W116/><G116/><T87/><N who="0" m="21504" /><DORA hai="103" /><T63/><AGARI ba="0,1" hai="4,8,13,20,23,50,54,58,59,63,66" m="21504" machi="63" ten="40,12000,2" yaku="1,1,4,1,0,1,8,1,53,2" doraHai="127,103" doraHaiUra="18,30" who="0" fromWho="0" sc="276,130,316,-60,254,-30,144,-30" /><INIT seed="6,0,0,0,1,19" ten="406,256,224,114" oya="2" hai0="76,126,12,106,55,75,37,58,114,9,71,25,133" hai1="89,45,47,83,65,59,35,87,101,96,122,99,77" hai2="17,64,130,39,4,38,8,5,13,69,90,21,127" hai3="105,117,57,66,103,120,40,10,102,116,49,30,124"/><V27/><F130/><W79/><G124/><T60/><D106/><U74/><E35/><V109/><F127/><W72/><G120/><T121/><D37/><U34/><E34/><V115/><F115/><W50/><G105/><T36/><D36/><U44/><E122/><V48/><F109/><W23/><G72/><T98/><D71/><U82/><E65/><V16/><F69/><W123/><G123/><T93/><D114/><U43/><E59/><V32/><F64/><W3/><G79/><T33/><D133/><U15/><E99/><V100/><F100/><W0/><G66/><T113/><D76/><U52/><E43/><V94/><F38/><W61/><G61/><T110/><D75/><U51/><REACH who="1" step="1"/><E15/><REACH who="1" ten="406,246,224,114" step="2"/><V53/><F32/><W128/><G57/><T104/><D58/><U24/><E24/><V1/><F1/><W54/><G40/><T135/><D25/><U2/><E2/><V131/><F131/><W81/><G128/><T22/><D33/><U31/><E31/><V73/><F73/><W108/><G30/><T85/><D121/><U132/><E132/><V41/><F41/><W42/><G42/><T118/><D135/><U97/><E97/><N who="2" m="57559" /><F39/><W7/><G0/><T95/><D98/><U80/><E80/><V29/><F29/><W78/><G81/><T46/><D113/><U26/><E26/><V112/><F112/><W107/><G3/><T88/><D126/><U67/><E67/><V11/><F11/><W134/><G10/><T56/><D9/><U6/><E6/><V62/><F62/><W84/><G134/><T20/><D60/><RYUUKYOKU ba="0,1" sc="406,-15,246,15,224,15,114,-15" hai1="44,45,47,51,52,74,77,82,83,87,89,96,101" hai2="4,5,8,13,16,17,21,27,48,53" /><INIT seed="6,1,1,4,1,132" ten="391,261,239,99" oya="2" hai0="22,48,79,108,71,67,103,23,90,113,125,10,35" hai1="115,29,30,24,9,122,91,16,75,58,14,28,101" hai2="92,88,62,131,45,25,76,109,57,19,46,13,8" hai3="123,116,26,18,15,41,56,70,119,77,100,99,6"/><V49/><F131/><W85/><G70/><T87/><D35/><U105/><E75/><V66/><F109/><W31/><G41/><T4/><D103/><U47/><E101/><V121/><F121/><W51/><G6/><T42/><D113/><U52/><E105/><V110/><F110/><W65/><G123/><T34/><D34/><U55/><E115/><V120/><F120/><W59/><G59/><T104/><D79/><U127/><E127/><V118/><F118/><W112/><G112/><T32/><D32/><U43/><E122/><V36/><F36/><W83/><G119/><T40/><D104/><U5/><E91/><V94/><F76/><W111/><G111/><T37/><D37/><U1/><E1/><V74/><F74/><W72/><G72/><T17/><D23/><N who="1" m="13415" /><E58/><V124/><F124/><W53/><G65/><T130/><D125/><U69/><E69/><V80/><F25/><W78/><G78/><T106/><D106/><U86/><E86/><N who="2" m="50247" /><F46/><W133/><G133/><T114/><D114/><U93/><E93/><V12/><F12/><W0/><G0/><T128/><D130/><U20/><E20/><V38/><F38/><W97/><G116/><T102/><D128/><U2/><E2/><V39/><F39/><W84/><G84/><T82/><D108/><U107/><E107/><V27/><F27/><W7/><G26/><N who="0" m="14671" /><D71/><U98/><E98/><N who="3" m="37386" /><G100/><T33/><D102/><U135/><E135/><V68/><F68/><W64/><G31/><T117/><D117/><U96/><E96/><V54/><AGARI ba="1,1" hai="8,13,19,45,49,54,57,62,66,92,94" m="50247" machi="54" ten="30,6000,0" yaku="25,1,8,1,54,1" doraHai="132" who="2" fromWho="2" sc="391,-21,261,-21,239,73,99,-21" /><INIT seed="6,2,0,5,5,14" ten="370,240,312,78" oya="2" hai0="99,4,104,63,132,57,33,133,95,42,22,43,69" hai1="110,7,93,100,86,91,129,81,37,79,47,6,122" hai2="41,11,34,72,55,29,5,121,98,101,94,27,54" hai3="83,74,3,46,18,111,89,17,52,40,70,117,26"/><V123/><F72/><W118/><G70/><T31/><D104/><U73/><E110/><V107/><F41/><W103/><G3/><T113/><D33/><U44/><E129/><V77/><F77/><W61/><G111/><T20/><D4/><U1/><E122/><V84/><F121/><W109/><G109/><T96/><D69/><U10/><E6/><V59/><F123/><W50/><G118/><T67/><D99/><U53/><E53/><V23/><F34/><W25/><G117/><T38/><D113/><U126/><E126/><V32/><F32/><W2/><G2/><T48/><D48/><U0/><E0/><V124/><F124/><W90/><G103/><N who="0" m="60831" /><D22/><U102/><REACH who="1" step="1"/><E47/><REACH who="1" ten="370,230,312,78" step="2"/><V127/><F127/><W71/><G74/><T45/><D43/><AGARI ba="2,1" hai="1,7,10,37,43,44,73,79,81,86,91,93,100,102" machi="43" ten="40,8000,1" yaku="1,1,2,1,25,2,53,1" doraHai="14" doraHaiUra="68" who="1" fromWho="0" sc="370,-86,230,96,312,0,78,0" /><INIT seed="7,0,0,0,3,108" ten="284,326,312,78" oya="3" hai0="128,81,24,64,33,72,39,6,65,117,99,5,121" hai1="47,74,107,7,134,70,82,115,22,46,110,84,54" hai2="102,95,50,30,118,36,88,48,97,56,57,14,98" hai3="59,100,90,20,85,133,11,66,71,23,35,104,106"/><W78/><G35/><T109/><D109/><U125/><E110/><V19/><F36/><W94/><G71/><T105/><D117/><U17/><E74/><V111/><F111/><W77/><G133/><T15/><D15/><U38/><E107/><V83/><F30/><W101/><G11/><T113/><D39/><U26/><E134/><V16/><F19/><W131/><G131/><T49/><D49/><N who="2" m="19050" /><F118/><W27/><G106/><T129/><D121/><U96/><E54/><V80/><F98/><W58/><G104/><T79/><D24/><U119/><E119/><V37/><F37/><W91/><G66/><T42/><D42/><U75/><E75/><V8/><F102/><W116/><G116/><T122/><D122/><U135/><E135/><V31/><F31/><W52/><G94/><T61/><D65/><U73/><E73/><V29/><F29/><W1/><G1/><T93/><D33/><U51/><E38/><V86/><F80/><W55/><REACH who="3" step="1"/><G85/><REACH who="3" ten="284,326,312,68" step="2"/><T18/><D105/><U124/><E70/><V60/><F83/><W25/><AGARI ba="0,1" hai="20,23,25,27,52,55,58,59,77,78,90,91,100,101" machi="25" ten="25,18000,2" yaku="1,1,2,1,0,1,22,2,8,1,54,1,53,0" doraHai="108" doraHaiUra="120" who="3" fromWho="3" sc="284,-60,326,-60,312,-60,68,190" /><INIT seed="7,1,0,0,2,121" ten="224,266,252,258" oya="3" hai0="3,83,5,110,77,124,57,28,70,79,120,41,8" hai1="32,72,134,93,103,88,135,44,40,82,59,4,69" hai2="122,36,52,126,0,50,71,43,15,64,129,31,56" hai3="1,118,85,114,81,38,13,35,80,111,27,39,74"/><W125/><G1/><T16/><D70/><U24/><E69/><V55/><F0/><W78/><G118/><T58/><D120/><U23/><E32/><V127/><F31/><W60/><G125/><N who="2" m="47625" /><F15/><W89/><G114/><T34/><D79/><U92/><E4/><V9/><F9/><W51/><G51/><T54/><D110/><U65/><E72/><V84/><F84/><W91/><G91/><T45/><D54/><U47/><E82/><V53/><F122/><W25/><G25/><T109/><D109/><U116/><E116/><V95/><F95/><W73/><G73/><T75/><D124/><U112/><E112/><V66/><F129/><W17/><G111/><T87/><D87/><U63/><E103/><V115/><F115/><W132/><G60/><T99/><D99/><N who="1" m="57735" /><E40/><V37/><F71/><W117/><G117/><T130/><D130/><U90/><E135/><V86/><F86/><W2/><G2/><T10/><D34/><U29/><E134/><V42/><F50/><W133/><G133/><T22/><D10/><U128/><E128/><V14/><F14/><W26/><G26/><N who="0" m="14663" /><D28/><U19/><E29/><V119/><F119/><W18/><G132/><T12/><D12/><U49/><E49/><V108/><F108/><W21/><REACH who="3" step="1"/><G35/><REACH who="3" ten="224,266,252,248" step="2"/><T33/><D33/><U48/><E48/><V68/><F68/><W62/><G62/><T46/><D46/><U76/><E76/><V20/><F37/><AGARI ba="1,1" hai="3,5,8,37,41,45,57,58,75,77,83" m="14663" machi="37" ten="30,2000,0" yaku="25,1,54,1" doraHai="121" who="0" fromWho="2" sc="224,33,266,0,252,-23,248,0" /><INIT seed="8,0,0,4,4,103" ten="257,266,229,248" oya="0" hai0="63,17,94,85,124,109,121,132,5,91,73,128,134" hai1="22,35,111,123,46,97,77,16,71,23,51,28,36" hai2="113,62,27,93,41,104,20,122,33,102,52,129,15" hai3="127,79,80,108,75,135,114,53,110,11,10,39,67"/><T99/><D5/><U133/><E111/><V42/><F122/><W32/><G32/><T37/><D37/><U119/><E123/><V68/><F113/><W61/><G39/><T105/><D121/><U54/><E36/><V126/><F129/><W106/><G114/><T76/><D17/><U29/><E35/><V64/><F126/><W56/><G127/><T83/><D124/><U89/><E71/><V74/><F74/><W4/><G135/><N who="0" m="51755" /><D63/><U18/><E133/><V59/><F93/><W19/><G106/><T49/><D49/><U115/><E77/><V47/><F15/><W12/><REACH who="3" step="1"/><G67/><REACH who="3" ten="257,266,229,238" step="2"/><T84/><D109/><U14/><E115/><V9/><F33/><W78/><G78/><T24/><D128/><U82/><E119/><V86/><F9/><W38/><G38/><T34/><D105/><U95/><E82/><V6/><F104/><W3/><AGARI ba="0,1" hai="3,4,10,11,12,19,53,56,61,75,79,80,108,110" machi="3" ten="20,2700,0" yaku="1,1,0,1,7,1,53,0" doraHai="103" doraHaiUra="45" who="3" fromWho="3" sc="257,-13,266,-7,229,-7,238,37" /><INIT seed="9,0,0,2,3,106" ten="244,259,222,275" oya="1" hai0="3,10,81,29,9,107,21,87,104,59,48,119,105" hai1="68,47,122,69,55,131,11,12,32,8,57,116,42" hai2="37,76,110,18,33,45,88,90,78,126,1,71,44" hai3="95,25,73,30,86,124,17,94,46,34,64,51,2"/><U98/><E122/><V50/><F71/><W91/><G124/><T101/><D101/><U84/><E32/><V22/><F33/><W112/><G112/><T97/><D97/><U40/><E131/><V135/><F1/><W39/><G39/><T89/><D3/><U19/><E116/><V58/><F37/><W96/><G2/><T35/><D35/><U125/><E125/><V31/><F126/><W114/><G64/><T132/><D132/><U61/><E8/><V113/><F113/><W77/><G114/><T75/><D75/><U27/><E27/><V49/><F110/><W100/><G17/><T129/><D129/><U28/><E28/><V103/><F31/><W99/><G73/><T121/><D121/><U72/><E72/><V26/><F103/><W111/><G77/><N who="2" m="29801" /><F135/><W134/><G111/><T65/><D119/><U102/><E84/><V127/><F127/><W60/><G60/><T36/><D36/><U85/><E85/><V20/><F58/><W83/><G134/><T82/><D59/><U13/><E13/><V120/><F22/><W5/><G5/><T38/><D21/><U15/><E15/><V115/><F115/><W79/><G34/><T130/><D130/><U23/><E23/><V133/><F133/><W63/><G63/><T70/><D29/><U24/><E24/><V52/><F120/><W93/><G25/><T67/><D38/><N who="1" m="21911" /><E42/><AGARI ba="0,0" hai="18,20,26,42,44,45,49,50,52,88,90" m="29801" machi="42" ten="30,3900,0" yaku="8,1,54,2" doraHai="106" who="2" fromWho="1" sc="244,0,259,-39,222,39,275,0" /><INIT seed="10,0,0,2,1,66" ten="244,220,261,275" oya="2" hai0="39,1,87,113,18,56,127,25,43,80,33,67,58" hai1="24,94,129,77,22,47,28,40,86,85,133,65,6" hai2="119,9,105,107,96,46,118,16,70,92,83,30,60" hai3="82,12,71,5,109,19,53,104,15,97,117,23,50"/><V95/><F30/><W101/><G109/><T63/><D1/><U123/><E133/><V7/><F46/><W20/><G117/><T14/><D113/><U52/><E129/><V78/><F95/><W32/><G32/><T115/><D127/><U135/><E135/><V64/><F16/><W62/><G82/><T102/><D102/><U4/><E123/><V68/><F68/><W3/><G3/><T81/><D81/><N who="1" m="47279" /><E65/><V48/><F48/><W125/><G125/><T17/><D39/><U36/><E36/><V69/><F69/><W131/><G131/><T84/><D87/><U112/><E40/><V55/><F55/><W2/><G2/><T41/><D115/><U116/><E116/><V75/><F119/><W11/><G62/><T37/><D37/><U130/><E130/><V114/><F114/><W110/><G71/><T42/><D58/><U111/><E112/><V72/><F72/><W44/><G110/><T91/><D33/><U121/><E121/><V21/><F21/><AGARI ba="0,0" hai="5,11,12,15,19,20,21,23,44,50,53,97,101,104" machi="21" ten="30,1000,0" yaku="7,1" doraHai="66" who="3" fromWho="2" sc="244,0,220,0,261,-10,275,10" /><INIT seed="11,0,0,3,0,99" ten="244,220,251,285" oya="3" hai0="43,10,1,59,100,65,120,26,4,32,115,76,110" hai1="24,70,130,52,0,48,9,132,86,114,124,129,61" hai2="27,21,30,18,95,111,74,60,97,34,29,116,19" hai3="82,20,125,16,11,23,39,92,47,126,36,88,134"/><W50/><G134/><T40/><D76/><U119/><E114/><V69/><F111/><W3/><G82/><T87/><D87/><U13/><E132/><V83/><F116/><W62/><G62/><T128/><D59/><U117/><E0/><V102/><F30/><W53/><G23/><T57/><D57/><U14/><E24/><V12/><F18/><W122/><G122/><T33/><D65/><N who="1" m="41263" /><E86/><V38/><F38/><W135/><G135/><T107/><D26/><U7/><E13/><V90/><F60/><W85/><G36/><T45/><D115/><U58/><E124/><N who="3" m="47722" /><G39/><T73/><D120/><U75/><E75/><V123/><F123/><W89/><G89/><T118/><D73/><U91/><E91/><V121/><F121/><W101/><G101/><T133/><D100/><U55/><E55/><V15/><F69/><W77/><G77/><T41/><D133/><U6/><E7/><V80/><F74/><W71/><G71/><T35/><D4/><U49/><E49/><V84/><REACH who="2" step="1"/><F12/><REACH who="2" ten="244,220,241,285" step="2"/><N who="3" m="7199" /><G3/><T44/><D1/><U2/><E2/><V68/><F68/><W106/><G20/><T93/><D35/><U42/><E42/><V113/><F113/><W79/><G79/><T8/><D43/><U51/><E51/><V131/><F131/><AGARI ba="0,1" hai="6,9,14,48,52,58,117,119,129,130,131" m="41263" machi="131" ten="30,2000,0" yaku="19,1,54,1" doraHai="99" who="1" fromWho="2" sc="244,0,220,30,241,-20,285,0" owari="244,-15.6,250,5.0,221,-27.9,285,38.5" /></mjloggm>