<mjloggm ver="2.3"><GO type="41" lobby="0"/><UN n0="%E2%93%9D%4C%75%63%6B%79%4A" n1="%47%72%6F%77%52%44%53" n2="%73%61%69%6B%69%79" n3="%41%6E%64%79%5F%32" dan="15,13,15,14" rate="2143.25,1881.96,2007.91,1879.67" sx="M,M,M,M"/><TAIKYOKU oya="0"/><INIT seed="0,0,0,0,4,77" ten="250,250,250,250" oya="0" hai0="107,20,103,57,67,98,48,19,104,46,100,97,30" hai1="132,33,42,35,1,10,36,11,29,85,114,66,63" hai2="120,108,17,119,26,41,65,69,38,122,127,64,60" hai3="59,43,37,47,130,126,28,52,2,21,95,123,80"/><T99/><D30/><U115/><E132/><V40/><F108/><W5/><G126/><T93/><D67/><U68/><E33/><V106/><F106/><W27/><G130/><T88/><D57/><U78/><E11/><V94/><F127/><W61/><G123/><T73/><D73/><U109/><E109/><V44/><F119/><W54/><G2/><T14/><D48/><U105/><E105/><V4/><F4/><W86/><G5/><T129/><REACH who="0" step="1"/><D46/><REACH who="0" ten="240,250,250,250" step="2"/><U45/><E29/><V9/><F65/><W128/><G128/><AGARI ba="0,1" hai="14,19,20,88,93,97,98,99,100,103,104,107,128,129" machi="128" ten="40,12000,1" yaku="1,1,2,1,9,1,54,1,53,0" doraHai="77" doraHaiUra="71" who="0" fromWho="3" sc="240,130,250,0,250,0,250,-120" /><INIT seed="0,1,0,1,2,29" ten="370,250,250,130" oya="0" hai0="70,77,117,31,95,13,25,126,36,79,43,103,97" hai1="64,96,15,131,22,4,58,80,16,108,135,122,3" hai2="130,46,2,121,128,116,115,119,65,85,17,94,44" hai3="89,12,125,53,18,129,69,134,124,112,123,24,91"/><T72/><D117/><N who="2" m="45130" /><F121/><W99/><G112/><T33/><D70/><U55/><E108/><V87/><F115/><W56/><G69/><T63/><D126/><U82/><E122/><V5/><F65/><W54/><G123/><T20/><D72/><U107/><E135/><V75/><F75/><W83/><G134/><T51/><D36/><U88/><E64/><V7/><F17/><W30/><G129/><N who="2" m="49769" /><F2/><W1/><G1/><T132/><D132/><U39/><E107/><V32/><F32/><W78/><G99/><T93/><D63/><U49/><E39/><V37/><F94/><W26/><G124/><T90/><D33/><U38/><E38/><V68/><F68/><W66/><G26/><T114/><D13/><U47/><E131/><V100/><F100/><W76/><G53/><T110/><D110/><U28/><E3/><V105/><F105/><W48/><G76/><T127/><D127/><U102/><E102/><V111/><F111/><W113/><G66/><T101/><D103/><U50/><E4/><N who="2" m="1611" /><F37/><W67/><G67/><T104/><D104/><U52/><E28/><V19/><F19/><W73/><G125/><T120/><D120/><U106/><E106/><V59/><F59/><W92/><G92/><AGARI ba="1,0" hai="15,16,22,47,49,50,52,55,58,80,82,88,92,96" machi="92" ten="40,8000,1" yaku="8,1,54,3" doraHai="29" who="1" fromWho="3" sc="370,0,250,83,250,0,130,-83" /><INIT seed="1,0,0,2,2,52" ten="370,333,250,47" oya="1" hai0="96,59,101,67,135,103,132,58,56,77,41,95,121" hai1="122,115,6,46,7,21,105,65,53,45,126,93,35" hai2="16,24,133,116,131,27,11,30,47,92,112,33,36" hai3="31,110,118,55,98,129,70,28,123,8,76,1,125"/><U50/><E35/><V109/><F116/><W130/><G123/><T69/><D121/><U60/><E105/><V75/><F75/><W119/><G70/><T117/><D117/><N who="3" m="44553" /><G76/><T91/><D41/><U10/><E115/><V44/><F112/><W62/><G98/><T39/><D39/><U14/><E126/><V64/><F109/><W88/><G125/><T86/><D77/><U61/><E122/><V9/><F133/><N who="0" m="51274" /><D69/><U94/><E21/><V106/><F106/><W134/><G134/><T108/><D108/><U17/><E46/><V0/><F131/><N who="3" m="50187" /><G110/><T82/><D103/><U107/><E107/><V68/><F92/><N who="1" m="35433" /><E60/><AGARI ba="0,0" hai="56,58,59,60,67,82,86,91,95,96,101" m="51274" machi="60" ten="30,7700,0" yaku="20,1,52,3" doraHai="52" who="0" fromWho="1" sc="370,77,333,-77,250,0,47,0" /><INIT seed="2,0,0,0,4,86" ten="447,256,250,47" oya="2" hai0="116,118,26,5,18,69,21,42,49,38,16,62,67" hai1="56,114,20,122,126,50,108,72,71,41,44,131,132" hai2="37,81,100,47,36,120,66,22,31,76,52,43,109" hai3="103,124,79,53,7,17,39,19,74,77,73,121,87"/><V24/><F120/><W40/><G121/><T134/><D5/><U12/><E72/><V106/><F109/><W61/><G124/><T65/><D67/><U13/><E71/><V110/><F110/><W3/><G103/><T85/><D38/><U111/><E114/><V105/><F66/><W135/><G87/><T8/><D134/><U23/><E122/><V64/><F64/><W102/><G102/><T58/><D8/><U107/><E132/><V14/><F14/><W92/><G92/><T119/><D85/><U0/><E0/><V32/><F100/><W75/><G135/><T91/><D91/><U112/><E107/><V55/><F36/><W33/><G33/><T88/><D18/><U15/><E112/><V133/><F133/><W113/><G113/><T99/><D42/><U84/><E126/><V35/><F35/><W101/><G101/><T83/><D49/><U80/><E131/><V104/><REACH who="2" step="1"/><F32/><REACH who="2" ten="447,256,240,47" step="2"/><W63/><G39/><T117/><D119/><U97/><E108/><V94/><F94/><W98/><G3/><T89/><D69/><U30/><E111/><V48/><F48/><W54/><G73/><AGARI ba="0,1" hai="22,24,31,37,43,47,52,55,73,76,81,104,105,106" machi="73" ten="40,3900,0" yaku="1,1,54,1,53,0" doraHai="86" doraHaiUra="57" who="2" fromWho="3" sc="447,0,256,0,240,49,47,-39" /><INIT seed="2,1,0,1,2,134" ten="447,256,289,8" oya="2" hai0="114,129,65,47,133,70,82,33,71,104,105,89,115" hai1="135,132,25,84,43,4,24,95,97,102,7,79,37" hai2="113,118,22,27,50,9,11,55,116,96,109,57,99" hai3="30,48,120,21,76,91,103,131,125,86,35,8,42"/><V20/><F113/><W46/><G120/><T119/><D65/><U124/><E43/><V31/><F20/><W108/><G35/><T122/><D89/><U98/><E37/><V53/><F109/><W3/><G108/><T39/><D82/><U69/><E69/><N who="0" m="26121" /><D129/><U90/><E79/><V75/><F75/><W66/><G66/><T6/><D6/><U110/><E110/><V60/><F116/><W26/><G131/><T18/><D18/><U117/><E117/><V15/><F118/><W36/><G103/><T73/><D133/><N who="1" m="51275" /><E98/><N who="2" m="37419" /><F15/><W29/><G76/><T17/><D122/><U68/><E68/><V2/><F2/><W92/><G36/><T45/><D39/><U49/><E49/><V101/><F101/><W62/><G62/><T23/><D115/><U40/><E40/><V56/><AGARI ba="1,0" hai="9,11,22,27,31,50,53,55,56,57,60" m="37419" machi="56" ten="30,1500,0" yaku="8,1" doraHai="134" who="2" fromWho="2" sc="447,-6,256,-6,289,18,8,-6" /><INIT seed="2,2,0,5,4,40" ten="441,250,307,2" oya="2" hai0="100,115,92,0,116,97,7,82,90,20,81,27,26" hai1="105,89,64,13,135,65,72,106,47,18,1,14,127" hai2="84,15,59,75,25,10,134,11,101,22,50,41,104" hai3="70,98,107,42,45,129,66,119,87,32,48,124,49"/><V123/><F123/><W38/><G32/><T4/><D115/><U56/><E72/><V68/><F134/><W69/><G107/><T111/><D111/><U118/><E1/><V2/><F75/><W109/><G98/><T9/><D27/><U85/><E118/><V6/><F68/><W132/><G87/><T112/><D112/><U130/><E135/><V79/><F104/><W51/><G132/><T28/><D116/><U52/><E130/><V110/><F110/><W54/><G119/><T88/><REACH who="0" step="1"/><D7/><REACH who="0" ten="431,250,307,2" step="2"/><U31/><E127/><V34/><F25/><W121/><G109/><T94/><D94/><N who="1" m="54575" /><E106/><V76/><F6/><W126/><G121/><T128/><D128/><U117/><E105/><V12/><F2/><W24/><G129/><T96/><D96/><U80/><E117/><V102/><F34/><W39/><G24/><T44/><D44/><U5/><E31/><V61/><F101/><W46/><G38/><T3/><D3/><U77/><E47/><N who="2" m="25967" /><F102/><W91/><G91/><AGARI ba="2,1" hai="0,4,9,20,26,28,81,82,88,90,91,92,97,100" machi="91" ten="40,2600,0" yaku="1,1,54,1,53,0" doraHai="40" doraHaiUra="113" who="0" fromWho="3" sc="431,42,250,0,307,0,2,-32" owari="473,57.3,250,-15.0,307,10.7,-30,-53.0" /></mjloggm>