<mjloggm ver="2.3"><GO type="137" lobby="0"/><UN n0="%E2%93%9D%4C%75%63%6B%79%4A" n1="%79%6F%5F%63%68%79%61%6E" n2="%44%6F%6F%70%6C%69%73" n3="%E3%81%BF%E3%81%8B%E3%81%AB%E3%81%A3%E3%81%8F" dan="11,12,11,11" rate="1786.66,1765.71,1552.67,1603.48" sx="M,M,M,M"/><TAIKYOKU oya="0"/><BYE who="2" /><UN n2="%44%6F%6F%70%6C%69%73" /><INIT seed="0,0,0,2,0,59" ten="250,250,250,250" oya="0" hai0="68,109,22,10,80,25,99,30,119,102,67,106,14" hai1="88,65,58,113,97,81,114,118,64,93,90,35,27" hai2="72,98,41,28,26,61,96,75,83,56,108,128,8" hai3="62,125,85,29,134,50,124,126,19,76,120,38,121"/><T36/><D119/><U94/><E118/><V103/><F108/><W122/><G38/><T48/><D109/><U2/><E2/><V78/><F128/><W49/><G29/><T131/><D131/><U1/><E1/><V46/><F72/><W69/><G19/><T54/><D36/><U107/><E35/><V5/><F103/><W95/><G134/><T87/><D67/><U11/><E11/><V132/><F132/><W60/><G69/><T40/><D68/><U39/><E39/><V79/><F79/><W82/><G95/><T101/><D40/><U9/><E9/><V12/><F26/><W77/><G77/><T86/><D102/><U135/><E135/><V53/><REACH who="2" step="1"/><F28/><REACH who="2" ten="250,250,240,250" step="2"/><W16/><G16/><T115/><D115/><U133/><E27/><V51/><AGARI ba="0,1" hai="5,8,12,41,46,51,53,56,61,75,78,83,96,98" machi="51" ten="20,8000,1" yaku="1,1,2,1,0,1,7,1,52,1,53,0" doraHai="59" doraHaiUra="15" who="2" fromWho="2" sc="250,-40,250,-20,240,90,250,-20" /><INIT seed="1,0,0,0,4,57" ten="210,230,330,230" oya="1" hai0="23,53,10,95,130,20,62,125,110,2,25,114,115" hai1="126,38,85,97,106,68,98,118,6,108,132,87,32" hai2="104,15,123,35,55,0,49,83,63,48,47,44,37" hai3="28,12,72,69,94,74,64,41,30,99,45,86,135"/><U105/><E68/><V101/><F123/><W122/><G135/><T134/><D134/><U52/><E32/><V42/><F0/><W5/><G86/><T89/><D110/><U66/><E38/><V133/><F133/><W8/><G122/><T100/><D100/><U116/><E132/><V4/><F37/><W40/><G30/><T119/><D119/><U71/><E6/><V50/><F35/><W34/><G28/><T60/><D125/><U61/><E126/><V19/><F4/><W46/><G45/><T92/><D53/><U59/><E108/><V56/><F83/><W81/><G34/><T80/><D80/><U96/><E87/><V75/><F47/><W36/><G41/><T58/><D58/><U113/><E85/><V112/><F75/><W127/><G127/><T65/><D65/><U1/><E1/><V11/><REACH who="2" step="1"/><F112/><REACH who="2" ten="210,230,320,230" step="2"/><W13/><G5/><T91/><D2/><U84/><E113/><V103/><F103/><W27/><G74/><T102/><D102/><U43/><E118/><V70/><F70/><W124/><G72/><T26/><REACH who="0" step="1"/><D130/><REACH who="0" ten="200,230,320,230" step="2"/><U109/><E116/><V120/><F120/><W77/><G81/><T16/><D16/><U67/><E109/><V131/><F131/><W117/><G117/><T111/><D111/><U33/><E71/><V76/><F76/><W3/><G69/><T17/><D17/><U9/><E43/><V78/><F78/><W21/><G77/><T93/><D93/><U31/><E105/><V90/><F90/><W121/><G121/><T129/><D129/><U73/><E106/><V107/><F107/><RYUUKYOKU ba="0,2" sc="200,15,230,-15,320,15,230,-15" hai0="10,20,23,25,26,60,62,89,91,92,95,114,115" hai2="11,15,19,42,44,48,49,50,55,56,63,101,104" /><INIT seed="2,1,2,3,2,80" ten="215,215,335,215" oya="2" hai0="28,97,128,15,124,31,102,64,109,29,89,72,7" hai1="49,85,126,61,108,132,90,35,106,18,58,86,130" hai2="53,57,81,10,113,26,51,4,79,118,134,52,34" hai3="69,63,65,54,14,19,131,96,73,76,42,114,21"/><V84/><F118/><W103/><G114/><T23/><D72/><U45/><E35/><V16/><F113/><W75/><G76/><T112/><D112/><U117/><E106/><V37/><F134/><W115/><G115/><T98/><D109/><U50/><E117/><V33/><F37/><W101/><G101/><T55/><D64/><U135/><E108/><V47/><F26/><W40/><G131/><T95/><D124/><U105/><E130/><V120/><F120/><W60/><G63/><T92/><D128/><U70/><E126/><V5/><F5/><W1/><G1/><T83/><D83/><U133/><E105/><V107/><F107/><W121/><G121/><T68/><D68/><U104/><E70/><V22/><F53/><W99/><G54/><T123/><D123/><U25/><E104/><V119/><F47/><W125/><G125/><T38/><D38/><U27/><E90/><V44/><F44/><W39/><G99/><T11/><REACH who="0" step="1"/><D55/><REACH who="0" ten="205,215,335,215" step="2"/><U13/><E133/><V94/><F119/><W36/><G39/><T93/><D93/><U71/><E135/><V9/><F94/><W32/><G36/><T116/><D116/><U24/><E71/><V59/><F81/><W127/><G127/><T82/><D82/><U66/><E132/><V110/><F52/><W30/><G42/><T12/><D12/><U48/><REACH who="1" step="1"/><E45/><REACH who="1" ten="205,205,335,215" step="2"/><V91/><F110/><W20/><G69/><T46/><D46/><U41/><E41/><V0/><F0/><W77/><G40/><T111/><D111/><U17/><E17/><V87/><F16/><W3/><G19/><RYUUKYOKU ba="1,4" sc="205,15,205,15,335,-15,215,-15" hai0="7,11,15,23,28,29,31,89,92,95,97,98,102" hai1="13,18,24,25,27,48,49,50,58,61,66,85,86" /><INIT seed="3,2,4,0,1,126" ten="220,220,320,200" oya="3" hai0="31,112,84,24,61,81,55,44,100,124,53,64,76" hai1="122,45,32,75,92,17,60,28,134,6,80,12,103" hai2="135,88,42,27,113,47,96,105,22,68,79,41,94" hai3="48,21,5,109,35,63,83,117,99,127,90,59,71"/><W108/><G117/><T107/><D112/><U10/><E122/><V66/><F113/><W57/><G127/><T8/><D124/><U70/><E134/><V102/><F135/><W58/><G71/><T33/><D8/><U91/><E45/><V119/><F119/><W1/><G35/><T86/><D86/><U128/><E103/><V23/><F79/><W2/><G5/><T29/><D31/><U16/><E75/><V106/><F106/><W131/><G131/><T9/><D9/><U37/><E80/><V19/><F23/><W65/><G48/><T121/><D44/><U36/><E70/><V77/><F77/><W50/><G50/><T93/><D93/><U120/><E60/><V11/><F11/><W118/><G118/><T101/><D121/><U72/><E120/><V51/><F66/><W46/><G46/><T18/><D18/><U125/><E72/><V132/><F132/><W129/><G129/><T111/><D111/><N who="3" m="42569" /><G21/><T52/><REACH who="0" step="1"/><D107/><REACH who="0" ten="210,220,320,200" step="2"/><U4/><E125/><V67/><F105/><W0/><G83/><T54/><N who="0" m="13312" /><DORA hai="87" /><T89/><D89/><U104/><E104/><V43/><REACH who="2" step="1"/><F102/><REACH who="2" ten="210,220,310,200" step="2"/><W14/><G0/><T123/><D123/><U74/><E128/><V78/><F78/><W26/><G1/><T97/><D97/><U116/><E116/><V62/><AGARI ba="2,6" hai="19,22,27,41,42,43,47,51,62,67,68,88,94,96" machi="62" ten="30,16000,3" yaku="1,1,0,1,52,1,54,1,53,4" doraHai="126,87" doraHaiUra="20,38" who="2" fromWho="2" sc="210,-42,220,-42,310,226,200,-82" /><INIT seed="4,0,0,5,4,20" ten="168,178,536,118" oya="0" hai0="112,24,11,46,111,129,120,63,70,33,110,106,5" hai1="108,7,61,117,22,18,133,30,53,34,107,83,64" hai2="47,86,9,126,73,77,41,58,105,96,6,37,88" hai3="66,114,32,51,128,57,36,13,29,90,8,89,127"/><T16/><D106/><U91/><E107/><V15/><F126/><W43/><G36/><T124/><D120/><U19/><E117/><V131/><F131/><W59/><G32/><T21/><D124/><U42/><E108/><N who="0" m="41513" /><D129/><U10/><E133/><V99/><F58/><W69/><G69/><T78/><D78/><U75/><E42/><V101/><F96/><W56/><G66/><N who="0" m="41311" /><D33/><U72/><E34/><V116/><F116/><W115/><G127/><T94/><D94/><U0/><E30/><V52/><F52/><W71/><G71/><T100/><D100/><U125/><E53/><V45/><F77/><W27/><G128/><T60/><D60/><U122/><E19/><V85/><F73/><W44/><G13/><N who="0" m="5359" /><D46/><U80/><E122/><V50/><REACH who="2" step="1"/><F88/><REACH who="2" ten="168,178,526,118" step="2"/><W67/><G67/><T62/><D62/><U74/><E125/><V87/><F87/><W65/><G65/><T103/><D103/><U55/><E91/><V40/><AGARI ba="0,1" hai="6,9,15,37,40,41,45,47,50,85,86,99,101,105" machi="40" ten="20,2700,0" yaku="1,1,0,1,7,1,53,0" doraHai="20" doraHaiUra="48" who="2" fromWho="2" sc="168,-13,178,-7,526,37,118,-7" /><INIT seed="5,0,0,2,5,95" ten="155,171,563,111" oya="1" hai0="28,106,3,51,93,27,54,116,15,133,32,105,52" hai1="99,44,1,59,53,46,4,57,13,34,26,122,130" hai2="129,104,68,79,80,58,84,98,16,115,39,43,126" hai3="83,120,88,102,111,10,101,87,127,128,85,91,82"/><U71/><E71/><V6/><F126/><W117/><G10/><T89/><D116/><U65/><E1/><V45/><F129/><W118/><G127/><T50/><D3/><U5/><E122/><V110/><F110/><W22/><G22/><T41/><D41/><U0/><E130/><V19/><F6/><W94/><G94/><T36/><D36/><U12/><E0/><V61/><F68/><W47/><G47/><T21/><D133/><U96/><E34/><V20/><F115/><W124/><G128/><T37/><D37/><U77/><E26/><V69/><F20/><W60/><G60/><T62/><D62/><U64/><E77/><V132/><F132/><W33/><G33/><T74/><D74/><U67/><E53/><V66/><REACH who="2" step="1"/><F69/><REACH who="2" ten="155,171,553,111" step="2"/><W11/><G11/><T56/><D32/><U76/><E4/><V109/><F109/><W70/><G70/><T63/><D15/><U100/><E5/><V29/><F29/><W107/><G111/><T125/><D125/><U113/><E113/><V108/><F108/><W72/><G124/><T131/><D131/><U24/><E12/><V90/><F90/><W31/><G31/><T7/><D7/><U81/><E13/><V135/><F135/><W48/><G72/><T123/><D123/><U92/><E24/><V38/><F38/><W35/><G120/><T114/><D114/><U2/><E2/><V78/><F78/><W40/><G91/><T134/><D134/><U119/><E76/><V49/><F49/><W9/><G48/><N who="0" m="18475" /><D54/><U25/><E25/><V18/><F18/><W55/><G88/><RYUUKYOKU ba="0,1" sc="155,15,171,-15,553,15,111,-15" hai0="21,27,28,52,56,63,89,93,105,106" hai2="16,19,39,43,45,58,61,66,79,80,84,98,104" /><INIT seed="6,1,1,5,2,115" ten="170,156,568,96" oya="2" hai0="54,66,43,2,124,102,52,16,92,26,81,56,3" hai1="0,10,78,68,22,111,69,70,8,17,94,101,4" hai2="75,97,73,128,112,100,77,46,34,38,1,18,84" hai3="125,39,29,44,71,7,119,107,33,106,89,57,55"/><V83/><F112/><W113/><G71/><T20/><D43/><U61/><E111/><V13/><F128/><W21/><G33/><T80/><D3/><U88/><E101/><V135/><F1/><W12/><G125/><T105/><D105/><U120/><E120/><V36/><F135/><W133/><G133/><T60/><D2/><U9/><E61/><V126/><F126/><W82/><G113/><T47/><D124/><U122/><E78/><V85/><F85/><W76/><G39/><T48/><D66/><U24/><REACH who="1" step="1"/><E122/><REACH who="1" ten="170,146,568,96" step="2"/><V118/><F77/><W64/><G64/><T50/><D60/><U23/><E23/><V96/><F100/><W110/><G110/><T87/><D102/><U53/><E53/><V42/><F34/><W103/><G103/><T41/><D54/><U5/><E5/><V132/><F132/><W74/><G7/><T27/><D27/><U58/><E58/><V117/><F42/><W49/><G57/><T6/><D6/><U35/><E35/><V63/><F63/><W127/><G127/><T19/><D19/><U51/><E51/><V59/><F18/><W131/><G131/><T99/><D99/><AGARI ba="1,2" hai="0,4,8,9,10,17,22,24,68,69,70,88,94,99" machi="99" ten="40,2600,0" yaku="1,1,54,1,53,0" doraHai="115" doraHaiUra="123" who="1" fromWho="0" sc="170,-29,146,49,568,0,96,0" /><INIT seed="7,0,0,1,2,49" ten="141,195,568,96" oya="3" hai0="42,32,113,60,127,65,18,97,79,89,62,70,39" hai1="5,68,102,108,85,129,63,91,124,41,98,117,45" hai2="116,31,28,81,24,88,6,2,58,134,101,72,35" hai3="100,21,71,8,44,27,7,17,112,74,1,82,115"/><W38/><G71/><T92/><D32/><U19/><E108/><V126/><F58/><W95/><G100/><T51/><D127/><U29/><E124/><V73/><F88/><W12/><G95/><T104/><D39/><U10/><E117/><V25/><F81/><W118/><G118/><T52/><D113/><U55/><E29/><V61/><F61/><W56/><G56/><T133/><D133/><U46/><E19/><V47/><F47/><W20/><G44/><T67/><D104/><U16/><E46/><V57/><F57/><W106/><G106/><T128/><D128/><U37/><E5/><V59/><F59/><W109/><G38/><T40/><D79/><U121/><E121/><V30/><F25/><W15/><G82/><T9/><D62/><U43/><E43/><N who="0" m="16425" /><D60/><U114/><E114/><N who="3" m="43562" /><G74/><T4/><D4/><U125/><E125/><V131/><F6/><W36/><G36/><T94/><D94/><U105/><E129/><V130/><F73/><W14/><G21/><T77/><D77/><U50/><E68/><V84/><F101/><W22/><G22/><T110/><D70/><U23/><E10/><V86/><F72/><W103/><G103/><T135/><D135/><U123/><E63/><V34/><F116/><W13/><N who="3" m="3072" /><DORA hai="83" /><W69/><G69/><T99/><D9/><U119/><E123/><V33/><F126/><W64/><G64/><T53/><D67/><U3/><E119/><V66/><F130/><W111/><AGARI ba="0,0" hai="1,7,8,17,20,27,109,111" m="3072,43562" machi="111" ten="50,9600,0" yaku="15,1,34,2" doraHai="49,83" who="3" fromWho="3" sc="141,-32,195,-32,568,-32,96,96" /><INIT seed="7,1,0,2,5,40" ten="109,163,536,192" oya="3" hai0="103,67,52,49,20,75,127,101,53,48,16,19,96" hai1="118,22,14,94,70,55,21,56,112,10,1,9,78" hai2="18,107,15,26,63,38,47,81,110,104,111,58,89" hai3="98,125,92,132,64,42,50,24,35,135,85,3,46"/><W4/><G125/><T120/><D127/><U34/><E70/><V95/><F81/><W41/><G3/><T93/><D120/><U76/><E34/><V28/><F47/><W45/><G4/><T105/><D75/><U0/><E94/><V72/><F38/><N who="3" m="21687" /><G35/><T79/><D67/><U80/><E76/><V124/><F72/><W117/><G24/><T12/><D79/><U91/><E91/><V97/><F124/><W74/><G85/><T37/><D37/><U133/><E1/><V17/><F17/><W36/><G74/><T60/><D60/><U109/><E109/><V90/><F90/><W30/><G30/><T69/><D69/><U32/><E32/><V88/><F88/><W102/><G36/><T106/><D103/><U134/><E0/><V54/><F104/><W122/><G122/><T114/><D114/><U29/><E112/><V66/><F66/><W68/><G68/><T128/><D128/><U23/><E29/><V33/><F107/><W108/><G64/><T87/><D87/><U77/><E77/><V7/><F7/><W44/><G44/><N who="0" m="27815" /><D106/><U62/><E118/><V65/><F65/><W13/><G13/><T11/><D105/><U5/><REACH who="1" step="1"/><E9/><AGARI ba="1,0" hai="9,15,18,26,28,33,54,58,63,89,95,97,110,111" machi="9" ten="30,1000,0" yaku="7,1" doraHai="40" who="2" fromWho="1" sc="109,0,163,-13,536,13,192,0" owari="109,-39.1,150,-25.0,549,64.9,192,-0.8" /></mjloggm>