<mjloggm ver="2.3"><GO type="41" lobby="0"/><UN n0="%EF%BC%A5%EF%BC%AC%EF%BC%AC%EF%BC%A5%EF%BC%97" n1="%39%39%38%39%38%39%39%38" n2="%E2%93%9D%4C%75%63%6B%79%4A" n3="%63%68%69%62%61%30" dan="15,13,15,14" rate="2003.78,1903.97,2134.50,1903.38" sx="M,M,M,M"/><TAIKYOKU oya="0"/><INIT seed="0,0,0,4,3,29" ten="250,250,250,250" oya="0" hai0="118,14,81,83,113,30,119,98,86,126,28,108,49" hai1="26,57,130,133,45,53,35,25,0,73,18,103,135" hai2="3,117,38,76,8,60,125,15,134,91,95,88,20" hai3="34,65,122,70,116,115,80,27,61,41,114,110,87"/><T5/><D113/><U67/><E73/><V120/><F38/><W128/><G116/><T47/><D119/><U123/><E123/><V66/><F117/><W90/><G122/><T71/><D71/><U99/><E0/><V24/><F3/><W112/><G128/><T106/><D118/><U79/><E79/><V59/><F134/><N who="1" m="51209" /><E130/><V6/><F125/><W11/><G110/><T33/><D108/><U124/><E45/><V131/><F131/><W64/><G64/><T12/><D126/><U43/><E43/><V107/><F107/><W100/><G41/><T94/><D106/><N who="1" m="63871" /><E124/><V77/><F120/><W129/><G129/><T39/><D39/><U85/><E67/><V2/><F2/><W132/><G132/><T13/><D5/><U52/><E85/><V63/><F63/><W9/><G100/><T46/><D46/><U7/><E7/><V72/><F72/><W19/><REACH who="3" step="1"/><G19/><REACH who="3" ten="250,250,250,240" step="2"/><T1/><D47/><U75/><E18/><N who="2" m="12311" /><F91/><W16/><G16/><T51/><D98/><AGARI ba="0,1" hai="6,8,15,59,60,66,76,77,88,95,98" m="12311" machi="98" ten="30,2000,0" yaku="8,1,54,1" doraHai="29" who="2" fromWho="0" sc="250,-20,250,0,250,30,240,0" /><INIT seed="1,0,0,4,1,40" ten="230,250,280,240" oya="1" hai0="42,119,106,82,14,92,53,35,96,16,72,37,2" hai1="110,123,99,34,50,22,61,4,13,77,115,54,8" hai2="86,113,129,85,122,125,94,108,91,79,80,102,18" hai3="84,31,69,49,132,10,57,9,39,45,30,65,109"/><U51/><E123/><V98/><F122/><W78/><G109/><T93/><D119/><U116/><E116/><V19/><F108/><W114/><G132/><T104/><D2/><U66/><E115/><V36/><F36/><W23/><G114/><T43/><D35/><U15/><E34/><V5/><F113/><W28/><G23/><T0/><D0/><U62/><E110/><V1/><F125/><W55/><G78/><T107/><D53/><U27/><E77/><V33/><F33/><W38/><G84/><T121/><D121/><U63/><E15/><V48/><F129/><W20/><G20/><T127/><D127/><U134/><E134/><V100/><F102/><W46/><G39/><T41/><D37/><U135/><E135/><V67/><F67/><W24/><G24/><T73/><D82/><U103/><E54/><V126/><F126/><W117/><G117/><T70/><D70/><U130/><E130/><V95/><F1/><W87/><G87/><T81/><D81/><U12/><E12/><V26/><F5/><W68/><G38/><T44/><D44/><U29/><REACH who="1" step="1"/><E66/><REACH who="1" ten="230,240,280,240" step="2"/><V32/><F32/><W71/><REACH who="3" step="1"/><G65/><REACH who="3" ten="230,240,280,230" step="2"/><T25/><D25/><U58/><E58/><V120/><F120/><W56/><G56/><T11/><REACH who="0" step="1"/><D96/><REACH who="0" ten="220,240,280,230" step="2"/><U124/><E124/><V88/><F79/><W90/><G90/><T111/><D111/><U133/><E133/><V60/><F80/><W83/><G83/><T3/><D3/><U74/><E74/><AGARI ba="0,3" hai="11,14,16,41,42,43,72,73,74,92,93,104,106,107" machi="74" ten="50,3200,0" yaku="1,1,54,1,53,0" doraHai="40" doraHaiUra="128" who="0" fromWho="1" sc="220,62,240,-32,280,0,230,0" /><INIT seed="2,0,0,2,2,112" ten="282,208,280,230" oya="2" hai0="103,134,35,63,36,58,10,128,132,72,29,82,124" hai1="67,43,75,52,92,117,47,107,48,41,21,49,26" hai2="44,95,70,64,85,17,11,121,125,87,46,59,90" hai3="16,66,76,78,89,69,13,130,118,25,135,61,122"/><V7/><F121/><W38/><G122/><T88/><D36/><U80/><E107/><V91/><F70/><W109/><G130/><T4/><D128/><U86/><E75/><V108/><F125/><W98/><G135/><N who="0" m="51755" /><D124/><U30/><E117/><V99/><F17/><W5/><G109/><T62/><D103/><U77/><E67/><V110/><F59/><W34/><G38/><T106/><D106/><U0/><E0/><V45/><F64/><W83/><G118/><T102/><D102/><U18/><E49/><V22/><F22/><W20/><G98/><T51/><D35/><U54/><E54/><V42/><F42/><W1/><G89/><T131/><D29/><U27/><REACH who="1" step="1"/><E92/><REACH who="1" ten="282,198,280,230" step="2"/><V2/><REACH who="2" step="1"/><F99/><REACH who="2" ten="282,198,270,230" step="2"/><W133/><G133/><T123/><D131/><U24/><E24/><V56/><F56/><W105/><G66/><T101/><D123/><U8/><E8/><V94/><AGARI ba="0,2" hai="2,7,11,44,45,46,85,87,90,91,94,95,108,110" machi="94" ten="30,6000,0" yaku="1,1,0,1,9,1,53,0" doraHai="112" doraHaiUra="14" who="2" fromWho="2" sc="282,-20,198,-20,270,80,230,-20" /><INIT seed="2,1,0,4,4,13" ten="262,178,350,210" oya="2" hai0="7,109,99,23,71,10,27,73,60,47,85,59,0" hai1="31,19,17,124,44,111,21,70,95,68,29,14,134" hai2="55,86,66,42,88,48,9,37,117,43,51,22,125" hai3="96,106,135,74,122,40,78,58,3,90,80,107,28"/><V84/><F117/><W76/><G3/><T67/><D109/><U2/><E124/><V120/><F37/><W104/><G28/><T91/><D73/><U52/><E111/><V97/><F120/><W103/><G40/><N who="2" m="15401" /><F66/><W105/><G58/><T46/><D99/><U64/><E2/><V83/><F125/><W113/><G122/><T77/><D77/><U118/><E118/><V116/><F9/><W26/><G26/><T36/><D71/><U11/><E134/><V100/><F116/><W12/><G12/><T89/><D89/><U75/><E75/><V24/><F86/><W81/><G135/><T101/><D101/><U18/><E70/><V4/><F4/><W25/><G25/><T127/><D127/><U126/><E126/><V38/><F38/><W94/><G113/><T115/><D36/><U32/><E32/><V79/><F55/><W69/><G69/><T5/><D5/><U35/><E35/><V108/><F79/><N who="3" m="30251" /><G74/><T114/><D114/><U33/><E33/><V133/><F133/><W41/><G41/><T62/><D62/><U82/><E68/><V87/><F87/><AGARI ba="1,0" hai="80,81,87,90,94,96,103,104,105,106,107" m="30251" machi="87" ten="30,8000,1" yaku="35,5" doraHai="13" who="3" fromWho="2" sc="262,0,178,0,350,-83,210,83" /><INIT seed="3,0,0,1,5,109" ten="262,178,267,293" oya="3" hai0="59,48,66,68,98,56,76,64,47,126,93,25,15" hai1="60,13,27,73,121,99,29,124,62,84,65,33,106" hai2="69,74,61,22,71,134,113,133,101,80,81,115,63" hai3="94,87,11,17,119,91,88,77,103,58,130,3,0"/><W123/><G123/><T50/><D126/><U1/><E121/><V30/><F30/><W96/><G130/><T127/><D127/><U114/><E124/><V53/><F22/><W31/><G119/><T82/><D25/><U14/><E1/><V117/><F101/><W12/><G31/><T35/><D35/><U41/><E73/><V6/><F6/><W102/><G0/><T36/><D36/><U83/><E106/><V86/><F86/><W78/><G3/><T92/><D68/><U100/><E41/><V2/><F2/><W55/><G91/><T54/><D15/><U19/><E19/><V7/><F7/><W10/><G10/><T57/><D50/><U85/><E84/><V111/><F53/><W110/><G110/><T23/><D23/><U24/><E24/><V38/><F38/><W112/><G112/><T89/><REACH who="0" step="1"/><D92/><REACH who="0" ten="252,178,267,293" step="2"/><U16/><E114/><V51/><F51/><N who="3" m="31103" /><G103/><T46/><D46/><U28/><E62/><V129/><F111/><W97/><G102/><T128/><D128/><U108/><E108/><V52/><F129/><W67/><G67/><T5/><D5/><U105/><E29/><V90/><F115/><W125/><G125/><T135/><D135/><U45/><E45/><V39/><F113/><W49/><G49/><T20/><D20/><U4/><E4/><V132/><F134/><W70/><G70/><T122/><D122/><U116/><E116/><V18/><F117/><W42/><G42/><T8/><D8/><U37/><E37/><V43/><F39/><W32/><G32/><T44/><D44/><U34/><E34/><RYUUKYOKU ba="0,1" sc="252,15,178,-15,267,-15,293,15" hai0="47,48,54,56,57,59,64,66,76,82,89,93,98" hai3="11,12,17,77,78,87,88,94,96,97" /><INIT seed="3,1,1,0,1,117" ten="267,163,252,308" oya="3" hai0="45,104,26,44,76,92,100,69,60,108,128,16,2" hai1="133,10,0,124,87,1,11,82,122,3,20,23,97" hai2="18,118,52,94,95,75,46,15,101,40,37,29,21" hai3="93,102,96,28,27,107,17,77,123,30,34,130,67"/><W74/><G130/><T7/><D104/><U6/><E97/><V35/><F118/><W109/><G30/><T84/><D128/><U83/><E87/><V64/><F64/><W14/><G109/><T116/><D116/><U111/><E83/><V86/><F75/><W81/><G67/><T24/><D108/><U110/><E82/><V71/><F71/><W80/><G80/><T125/><D69/><U33/><E124/><V134/><F134/><W99/><G123/><T22/><D125/><U131/><E133/><V42/><F42/><W43/><G43/><T51/><D7/><U53/><E131/><V112/><F112/><W54/><G54/><T79/><D2/><U59/><E53/><V38/><F38/><W126/><G126/><T63/><D26/><U85/><E59/><V135/><F101/><W88/><G17/><T70/><D70/><U41/><E85/><V68/><F86/><W120/><G120/><T58/><D51/><U9/><E41/><V132/><F68/><W65/><G65/><N who="0" m="39063" /><D63/><U56/><E56/><V62/><F62/><W47/><REACH who="3" step="1"/><G14/><REACH who="3" ten="267,163,252,298" step="2"/><T4/><D4/><U12/><E122/><V31/><F135/><W115/><G115/><T32/><D32/><U129/><E129/><V73/><F35/><W25/><G25/><T5/><D5/><U127/><E127/><V66/><F66/><W105/><G105/><T89/><D100/><U55/><E55/><V61/><F132/><W72/><G72/><T91/><D89/><U113/><E113/><V57/><F73/><W19/><G19/><T8/><D8/><N who="1" m="4119" /><E33/><V49/><F61/><RYUUKYOKU ba="1,2" sc="267,0,163,0,252,0,298,0" hai0="16,22,24,44,45,76,79,84,91,92" hai1="0,1,3,9,10,11,20,23,110,111" hai2="15,18,21,29,31,37,40,46,49,52,57,94,95" hai3="27,28,34,47,74,77,81,88,93,96,99,102,107" /><INIT seed="3,2,2,5,3,118" ten="267,163,252,298" oya="3" hai0="62,36,3,48,33,16,37,12,43,4,56,59,111" hai1="80,95,5,46,10,121,45,115,49,91,133,28,83" hai2="120,19,32,130,70,116,103,101,92,58,117,15,31" hai3="14,79,71,104,53,66,57,50,105,11,86,90,47"/><W88/><G105/><T112/><D111/><U27/><E115/><V109/><F70/><W55/><G104/><T9/><D112/><U128/><E128/><V124/><F109/><W122/><G71/><T1/><D1/><U65/><E65/><V40/><F40/><W98/><G66/><T64/><D33/><U52/><E133/><V51/><F31/><W30/><G30/><T22/><D56/><U34/><E46/><V0/><F0/><W54/><G122/><T99/><D99/><U42/><E42/><V74/><F124/><W23/><G23/><T6/><REACH who="0" step="1"/><D4/><REACH who="0" ten="257,163,252,298" step="2"/><U39/><E121/><V7/><F7/><N who="3" m="3455" /><G98/><T126/><D126/><U44/><E44/><AGARI ba="2,3" hai="3,6,9,12,16,22,36,37,43,44,48,59,62,64" machi="44" ten="40,2600,0" yaku="1,1,54,1,53,0" doraHai="118" doraHaiUra="123" who="0" fromWho="1" sc="257,62,163,-32,252,0,298,0" /><INIT seed="4,0,0,2,1,29" ten="319,131,252,298" oya="0" hai0="117,127,77,37,94,106,83,85,42,10,120,70,123" hai1="50,40,128,99,30,0,62,57,39,119,109,98,20" hai2="63,121,36,1,105,108,12,116,32,76,21,129,79" hai3="28,82,58,9,55,61,52,34,100,16,132,15,6"/><T35/><D106/><U59/><E109/><V95/><F1/><W72/><G132/><T3/><D117/><U22/><E119/><V88/><F36/><W46/><G100/><T102/><D70/><U125/><E39/><V14/><F121/><W41/><G72/><T87/><D127/><U134/><E0/><V91/><F116/><W51/><G82/><T53/><D42/><U86/><E125/><V133/><F105/><W13/><G28/><T78/><D37/><U103/><E134/><V25/><F32/><W126/><G34/><T11/><D35/><U115/><E115/><V93/><F63/><W5/><G126/><T31/><D31/><U4/><E128/><V27/><F133/><W65/><REACH who="3" step="1"/><G5/><REACH who="3" ten="319,131,252,288" step="2"/><T33/><D33/><U43/><E4/><V2/><F129/><W92/><G92/><T18/><D102/><U60/><E103/><V67/><F108/><W111/><G111/><T122/><D94/><U104/><E104/><V7/><F7/><W48/><G48/><T90/><D83/><U89/><E50/><V19/><F19/><W49/><G49/><T47/><D123/><U23/><E30/><V113/><F113/><W80/><G80/><T45/><D122/><U56/><E86/><V75/><F75/><W114/><G114/><T26/><D120/><U97/><REACH who="1" step="1"/><E89/><REACH who="1" ten="319,121,252,288" step="2"/><V107/><F107/><W118/><G118/><T24/><D90/><U96/><N who="1" m="24576" /><DORA hai="38" /><U66/><E66/><V73/><F67/><W101/><G101/><T69/><D78/><U124/><E124/><V81/><F79/><W130/><G130/><T8/><D77/><RYUUKYOKU ba="0,2" sc="319,-15,121,15,252,-15,288,15" hai1="20,22,23,40,43,56,57,59,60,62" hai3="6,9,13,15,16,41,46,51,52,55,58,61,65" /><INIT seed="5,1,2,5,1,116" ten="304,136,237,303" oya="1" hai0="55,115,9,43,21,51,16,124,20,90,5,89,105" hai1="77,53,52,32,2,49,125,3,62,6,42,46,63" hai2="36,93,0,135,83,81,134,47,133,69,38,129,57" hai3="86,28,113,56,123,97,121,10,91,122,96,109,87"/><U66/><E125/><V41/><F69/><W106/><G28/><T29/><D105/><U74/><E32/><V13/><F0/><W88/><G10/><T12/><D124/><U40/><E3/><V119/><F119/><W104/><G56/><T75/><D75/><U73/><E2/><V127/><F127/><W50/><G50/><T17/><D115/><U108/><E6/><V65/><F129/><W31/><G31/><T25/><D43/><U130/><E130/><V114/><F93/><N who="3" m="54423" /><G109/><T45/><REACH who="0" step="1"/><D29/><REACH who="0" ten="294,136,237,303" step="2"/><U67/><E73/><V22/><F114/><W23/><G113/><T24/><AGARI ba="1,3" hai="5,9,12,16,17,20,21,24,25,45,51,55,89,90" machi="24" ten="20,16000,3" yaku="1,1,2,1,0,1,7,1,9,1,8,1,54,1,53,1" doraHai="116" doraHaiUra="11" who="0" fromWho="0" sc="294,193,136,-81,237,-41,303,-41" /><INIT seed="6,0,0,4,4,94" ten="487,55,196,262" oya="2" hai0="126,0,6,21,100,70,12,72,69,86,135,55,39" hai1="111,41,133,81,8,52,105,35,37,49,80,5,17" hai2="90,118,50,103,123,112,129,108,84,24,85,88,93" hai3="79,22,87,11,48,3,68,95,16,122,26,7,20"/><V76/><F123/><W45/><G68/><T66/><D72/><U71/><E111/><V29/><F108/><W117/><G117/><T109/><D39/><U132/><E35/><V125/><F118/><W134/><G134/><T99/><D109/><U10/><E105/><V65/><F125/><W19/><G122/><T119/><D126/><U89/><E37/><V74/><F65/><W25/><G79/><T120/><D135/><N who="1" m="51787" /><E41/><V83/><F112/><W54/><G95/><T2/><D120/><U107/><E71/><V124/><F124/><W106/><REACH who="3" step="1"/><G87/><REACH who="3" ten="487,55,196,252" step="2"/><T57/><D86/><N who="1" m="50375" /><E107/><AGARI ba="0,1" hai="3,7,11,16,19,20,22,25,26,45,48,54,106,107" machi="107" ten="40,5200,0" yaku="1,1,9,1,54,1,53,0" doraHai="94" doraHaiUra="78" who="3" fromWho="1" sc="487,0,55,-52,196,0,252,62" /><INIT seed="7,0,0,5,5,119" ten="487,3,196,314" oya="3" hai0="15,100,102,31,122,30,52,94,25,84,133,77,79" hai1="103,55,4,129,132,61,53,91,12,82,98,135,47" hai2="64,65,36,51,9,29,27,60,88,109,3,68,13" hai3="22,69,117,7,97,116,43,110,92,134,87,40,125"/><W41/><G69/><T104/><D122/><U62/><E47/><V16/><F109/><W0/><G110/><T66/><D104/><U59/><E129/><V101/><F36/><W5/><G87/><T44/><D66/><U83/><E91/><V118/><F118/><W37/><G37/><T90/><D133/><U86/><E86/><V124/><F124/><W108/><G108/><T38/><D15/><U128/><E128/><V14/><F14/><W11/><G7/><T78/><D38/><U127/><E12/><V112/><F112/><W121/><G22/><N who="0" m="15671" /><D31/><U18/><E4/><V71/><F101/><W33/><G121/><T48/><AGARI ba="0,0" hai="44,48,52,77,78,79,84,90,94,100,102" m="15671" machi="48" ten="30,2000,0" yaku="8,1,54,1" doraHai="119" who="0" fromWho="0" sc="487,20,3,-5,196,-5,314,-10" owari="507,60.7,-2,-50.2,191,-20.9,304,10.4" /></mjloggm>