<mjloggm ver="2.3"><GO type="41" lobby="0"/><UN n0="%68%72%77%31%32%38" n1="%E2%93%9D%4C%75%63%6B%79%4A" n2="%62%6C%6F%77%69%6E" n3="%E8%98%AD%E3%81%82%E3%81%8A" dan="15,17,15,15" rate="1994.13,2133.28,2037.66,1993.41" sx="M,M,M,M"/><TAIKYOKU oya="0"/><INIT seed="0,0,0,3,4,69" ten="250,250,250,250" oya="0" hai0="4,58,87,67,119,19,44,15,92,123,2,124,12" hai1="129,25,97,46,111,101,66,39,23,61,0,107,55" hai2="117,95,32,106,131,113,40,114,93,74,127,133,36" hai3="115,130,22,105,118,17,59,64,10,85,76,102,78"/><T128/><D119/><U84/><E129/><V5/><RYUUKYOKU type="yao9" ba="0,0" sc="250,0,250,0,250,0,250,0" hai2="5,32,36,40,74,93,95,106,113,114,117,127,131,133" /><INIT seed="0,1,0,4,5,79" ten="250,250,250,250" oya="0" hai0="101,18,109,1,67,77,96,56,57,106,38,8,15" hai1="118,132,11,83,47,46,22,122,94,58,99,34,86" hai2="41,48,39,9,108,75,69,68,116,81,71,64,88" hai3="61,28,89,36,17,115,65,54,45,100,124,97,3"/><T44/><D109/><U6/><E34/><V128/><F108/><W127/><G115/><T50/><D38/><U7/><E122/><V95/><F128/><W121/><G121/><T53/><D1/><U93/><E118/><V110/><F110/><W72/><G72/><T5/><D67/><U29/><E94/><V35/><F116/><W0/><G89/><T23/><REACH who="0" step="1"/><D77/><REACH who="0" ten="240,250,250,250" step="2"/><U26/><E132/><V129/><F129/><W63/><G65/><T113/><D113/><U84/><E7/><V73/><F35/><W117/><G36/><T90/><D90/><U74/><E6/><V91/><F39/><W92/><G3/><T120/><D120/><U51/><E74/><V32/><F32/><W80/><G0/><T85/><D85/><U78/><E86/><V131/><F131/><W30/><G117/><T82/><D82/><U43/><E43/><V76/><F75/><W40/><G80/><T21/><D21/><U123/><E123/><V66/><F9/><W87/><G87/><T16/><D16/><U59/><E11/><V33/><F33/><W107/><G17/><T133/><D133/><U24/><E22/><V4/><F4/><W49/><G40/><T111/><D111/><U103/><E78/><V37/><F37/><W60/><REACH who="3" step="1"/><G107/><REACH who="3" ten="240,250,250,240" step="2"/><T25/><AGARI ba="1,2" hai="5,8,15,18,23,25,44,50,53,56,57,96,101,106" machi="25" ten="20,7800,0" yaku="1,1,0,1,7,1,53,1" doraHai="79" doraHaiUra="19" who="0" fromWho="0" sc="240,101,250,-27,250,-27,240,-27" /><INIT seed="0,2,0,3,1,26" ten="341,223,223,213" oya="0" hai0="3,92,99,23,98,121,12,18,117,134,106,133,84" hai1="33,63,29,116,77,110,43,122,101,44,21,74,103" hai2="48,35,52,71,72,91,95,30,132,109,108,53,45" hai3="10,20,25,85,81,49,31,115,4,50,9,118,102"/><T17/><D117/><U39/><E116/><V1/><F72/><W126/><G118/><T61/><D121/><U129/><E122/><V2/><F71/><W51/><G115/><T68/><D3/><U7/><E33/><V8/><F132/><W89/><G126/><T46/><D106/><U38/><E39/><V55/><F8/><W60/><G102/><T86/><D99/><U104/><E110/><N who="2" m="42603" /><F35/><W15/><G60/><T123/><D123/><U128/><E7/><V64/><F64/><W5/><REACH who="3" step="1"/><G50/><REACH who="3" ten="341,223,223,203" step="2"/><T19/><D61/><U96/><E63/><V32/><F48/><W111/><G111/><T82/><D133/><U100/><E103/><V24/><F45/><W42/><G42/><T69/><D46/><U70/><E101/><V135/><F135/><W67/><G67/><T14/><D134/><U76/><E44/><V28/><F28/><W75/><G75/><T87/><D68/><U130/><E70/><V119/><F119/><W114/><G114/><T120/><D69/><U79/><E43/><V80/><F80/><W36/><G36/><T37/><D37/><U34/><E38/><V113/><F113/><W93/><G93/><T73/><D120/><U40/><E40/><V6/><F6/><W58/><G58/><T22/><D73/><U124/><E74/><V78/><F95/><W41/><G41/><T107/><D82/><U54/><E130/><V27/><F30/><W11/><G11/><T112/><D112/><U131/><E131/><V94/><F94/><W47/><G47/><T13/><D107/><U127/><E129/><V125/><F125/><RYUUKYOKU ba="2,1" sc="341,15,223,-15,223,-15,203,15" hai0="12,13,14,17,18,19,22,23,84,86,87,92,98" hai3="4,5,9,10,15,20,25,31,49,51,81,85,89" /><INIT seed="0,3,1,5,2,53" ten="356,208,208,218" oya="0" hai0="21,100,88,33,125,65,5,31,52,17,96,103,62" hai1="68,0,47,12,105,83,69,106,54,34,104,56,73" hai2="112,10,39,25,26,116,122,120,37,27,115,102,50" hai3="29,58,51,61,32,80,111,11,78,60,43,70,81"/><T113/><D113/><N who="2" m="43594" /><F50/><W6/><G111/><T108/><D125/><U75/><E0/><V92/><F10/><W85/><G70/><T82/><D5/><U114/><E114/><V45/><F45/><N who="3" m="26047" /><G32/><T97/><D31/><U67/><E67/><V76/><F76/><N who="3" m="46215" /><G29/><T7/><D7/><U22/><E47/><V128/><F128/><W118/><G58/><N who="0" m="35143" /><D33/><U126/><E126/><V135/><F135/><W18/><G118/><T79/><D65/><U121/><E34/><V15/><F15/><N who="3" m="5623" /><G18/><T41/><D41/><U20/><E69/><V19/><F116/><W99/><G99/><N who="0" m="37963" /><D79/><U134/><E68/><V42/><F37/><W49/><G49/><T127/><D108/><U38/><E38/><V63/><F39/><W101/><G101/><T59/><D59/><U86/><E56/><V55/><F102/><W133/><G133/><T16/><D17/><U14/><E134/><V36/><F19/><W74/><AGARI ba="3,1" hai="60,61,74,78,81" m="5623,46215,26047" machi="74" ten="30,1100,0" yaku="25,1" doraHai="53" who="3" fromWho="3" sc="356,-8,208,-6,208,-6,218,30" /><INIT seed="1,0,0,3,1,74" ten="348,202,202,248" oya="1" hai0="38,63,67,43,21,4,103,84,95,60,58,50,51" hai1="85,117,11,44,93,34,5,70,30,36,40,130,14" hai2="129,28,54,132,12,98,106,32,109,2,125,3,86" hai3="113,13,55,75,115,101,56,62,96,82,41,52,17"/><U68/><E117/><V26/><F109/><W102/><G41/><T88/><D38/><U116/><E116/><V100/><F132/><W80/><G55/><T45/><D4/><U19/><E130/><V99/><F129/><W27/><G27/><T71/><D103/><U31/><E34/><V72/><F72/><W76/><G82/><T59/><D51/><U33/><E33/><V64/><F125/><W42/><G42/><T48/><D48/><U121/><E121/><V15/><F54/><W120/><G120/><T87/><D21/><U0/><E31/><V91/><F99/><W92/><REACH who="3" step="1"/><G101/><REACH who="3" ten="348,202,202,238" step="2"/><T46/><D46/><U20/><REACH who="1" step="1"/><E30/><REACH who="1" ten="348,192,202,238" step="2"/><V1/><REACH who="2" step="1"/><F64/><REACH who="2" ten="348,192,192,238" step="2"/><W123/><G123/><T127/><D67/><U134/><E134/><V10/><F10/><AGARI ba="0,3" hai="10,13,17,52,56,62,75,76,80,92,96,102,113,115" machi="10" ten="30,8000,1" yaku="1,1,7,1,52,1,54,1,53,1" doraHai="74" doraHaiUra="9" who="3" fromWho="2" sc="348,0,192,0,192,-80,238,110" /><INIT seed="2,0,0,3,4,131" ten="348,192,112,348" oya="2" hai0="86,103,49,26,71,88,135,110,119,85,25,113,20" hai1="77,43,134,7,50,107,59,95,14,127,118,28,2" hai2="29,47,32,8,109,133,112,63,36,44,24,15,70" hai3="114,117,94,62,1,0,38,69,91,41,129,74,84"/><V106/><F112/><W105/><G114/><T23/><D113/><U42/><E107/><V46/><F106/><W96/><G117/><T45/><D71/><U99/><E2/><V33/><F36/><W48/><G129/><T3/><D3/><U83/><E28/><V97/><F97/><W30/><G30/><T19/><D110/><U37/><E127/><V6/><F109/><W11/><G11/><T87/><D135/><U34/><E34/><V17/><F133/><W104/><G38/><T89/><D103/><U60/><E50/><V56/><F70/><W93/><G74/><T121/><D121/><U72/><E118/><V92/><F92/><W98/><G41/><N who="0" m="24751" /><D119/><U58/><E59/><V78/><F78/><W73/><G48/><T16/><AGARI ba="0,0" hai="16,19,20,23,25,26,85,86,87,88,89" m="24751" machi="16" ten="30,4000,0" yaku="8,1,54,2" doraHai="131" who="0" fromWho="0" sc="348,40,192,-10,112,-20,348,-10" /><INIT seed="3,0,0,4,0,84" ten="388,182,92,338" oya="3" hai0="16,107,85,37,67,101,17,95,29,12,70,111,9" hai1="3,121,59,6,64,99,80,90,113,79,133,94,73" hai2="5,105,92,66,65,31,56,21,20,77,75,35,68" hai3="51,2,89,125,103,14,34,109,32,88,87,38,116"/><W46/><G116/><T19/><D37/><U106/><E113/><V74/><F105/><W110/><G2/><T104/><D111/><N who="3" m="42505" /><G125/><T50/><D29/><U131/><E121/><V60/><F5/><W98/><G38/><T8/><D70/><U126/><E126/><V58/><F77/><W26/><G14/><T7/><D67/><U114/><E114/><V122/><F122/><W123/><G123/><T132/><D132/><U96/><E133/><V130/><F130/><W33/><G26/><T83/><D104/><U129/><E64/><V115/><F115/><W43/><G87/><T54/><D107/><AGARI ba="0,0" hai="32,33,34,43,46,51,88,89,98,103,107" m="42505" machi="107" ten="40,12000,1" yaku="14,1,10,1,52,2,54,1" doraHai="84" who="3" fromWho="0" sc="388,-120,182,0,92,0,338,120" /><INIT seed="3,1,0,3,4,130" ten="268,182,92,458" oya="3" hai0="135,103,19,32,4,132,90,3,74,78,85,110,124" hai1="101,51,120,9,52,116,88,46,107,126,96,76,95" hai2="66,71,112,94,118,109,105,99,26,48,33,59,86" hai3="0,62,77,15,128,91,82,131,68,67,125,37,117"/><W30/><G0/><T64/><D32/><U45/><E120/><V113/><F118/><W123/><G117/><T108/><D64/><U79/><E116/><V54/><F109/><N who="0" m="42090" /><D103/><U121/><E121/><V129/><F129/><W104/><G37/><T115/><D124/><U70/><E70/><V63/><F86/><W43/><G43/><T55/><D115/><U49/><E126/><V35/><F35/><W58/><G104/><T122/><D122/><U14/><E101/><N who="2" m="62655" /><F94/><W12/><G123/><T57/><D19/><N who="1" m="8655" /><E107/><V102/><F102/><W80/><G30/><AGARI ba="1,0" hai="26,30,33,48,54,59,63,66,71,112,113" m="62655" machi="30" ten="30,1000,0" yaku="25,1" doraHai="130" who="2" fromWho="3" sc="268,0,182,0,92,13,458,-13" /><INIT seed="4,0,0,1,3,28" ten="268,182,105,445" oya="0" hai0="14,49,110,9,36,88,135,29,37,66,75,103,40" hai1="98,2,91,129,133,90,130,114,44,86,73,96,126" hai2="54,78,17,48,18,108,31,52,30,15,113,132,124" hai3="35,23,57,50,111,11,115,68,61,43,119,67,27"/><T81/><D135/><U94/><E2/><V39/><F132/><W59/><G115/><T24/><D103/><U112/><E133/><V99/><F113/><N who="1" m="43625" /><E44/><V69/><F108/><W55/><G111/><T13/><D66/><U120/><E73/><V121/><F121/><W45/><G119/><T12/><D110/><U58/><E58/><V22/><F39/><W16/><G43/><T102/><D102/><U65/><E65/><V80/><F69/><W89/><G89/><T71/><D71/><U104/><E120/><V7/><F124/><W109/><G109/><T38/><D49/><U20/><E20/><V25/><F7/><W123/><G123/><T8/><D40/><U1/><E1/><V107/><F107/><W62/><G35/><T74/><D88/><U85/><E126/><V105/><F105/><W46/><G11/><T128/><D128/><N who="1" m="49259" /><E104/><V79/><F22/><W92/><G92/><AGARI ba="0,0" hai="85,86,90,91,92,94,96,98" m="49259,43625" machi="92" ten="30,8000,1" yaku="15,1,11,1,19,1,34,2" doraHai="28" who="1" fromWho="3" sc="268,0,182,80,105,0,445,-80" /><INIT seed="5,0,0,3,5,67" ten="268,262,105,365" oya="1" hai0="91,100,68,23,104,73,46,119,131,57,75,47,30" hai1="125,26,70,1,13,6,63,103,3,17,10,12,84" hai2="132,66,25,5,96,24,81,7,56,120,2,129,15" hai3="36,71,51,29,87,109,9,117,64,135,134,27,133"/><U58/><E103/><V92/><F2/><W90/><G36/><T8/><D119/><U106/><E106/><V82/><F120/><W59/><G109/><T79/><D57/><U112/><E112/><V37/><F37/><W121/><G117/><T114/><D91/><U85/><E125/><V111/><F111/><W20/><G121/><T118/><D131/><U54/><E3/><V93/><F129/><W126/><G126/><T22/><D8/><U16/><E70/><V124/><F124/><W0/><G71/><T115/><D30/><U39/><E39/><V127/><F127/><W99/><G99/><T42/><D79/><U97/><E97/><V32/><F32/><W76/><G76/><T98/><D98/><U95/><E26/><N who="2" m="10347" /><F132/><W80/><G64/><T72/><D118/><U41/><E41/><V78/><F15/><W43/><G59/><T49/><D68/><U55/><E95/><N who="2" m="36427" /><F96/><W108/><G108/><T21/><D100/><U88/><E1/><V110/><F110/><W38/><G38/><T48/><D104/><U45/><E13/><V60/><F78/><W62/><G43/><AGARI ba="0,0" hai="21,22,23,42,43,46,47,48,49,72,73,75,114,115" machi="43" ten="50,1600,0" yaku="9,1" doraHai="67" who="0" fromWho="3" sc="268,16,262,0,105,0,365,-16" /><INIT seed="6,0,0,4,3,17" ten="284,262,105,349" oya="2" hai0="112,115,74,129,59,22,135,103,62,57,100,73,123" hai1="8,99,134,48,102,21,15,37,75,89,36,106,91" hai2="84,130,101,34,2,50,126,128,65,127,31,20,80" hai3="23,79,9,33,117,25,118,61,68,5,124,132,52"/><V93/><F2/><W38/><G33/><T94/><D94/><U30/><E75/><V0/><F0/><W1/><G124/><N who="2" m="47657" /><F65/><W12/><G132/><T51/><D51/><U67/><E134/><V69/><F69/><W110/><G110/><T7/><D135/><U47/><E37/><V116/><F116/><W122/><G122/><T10/><D62/><U87/><E36/><V108/><F108/><W46/><G79/><T19/><D19/><U60/><E87/><V16/><F50/><W11/><G68/><T66/><D10/><U28/><E30/><V40/><F40/><W42/><G52/><T58/><D7/><U41/><E28/><V88/><F31/><W104/><G61/><T3/><D3/><U114/><E114/><V54/><F54/><W113/><G104/><T97/><D66/><U83/><E83/><V96/><F34/><W77/><G77/><T109/><D109/><U63/><E63/><V82/><F80/><W24/><G113/><T133/><D133/><U13/><E60/><V55/><F55/><W39/><G38/><T44/><D112/><U43/><E43/><V18/><F18/><N who="3" m="8463" /><G24/><AGARI ba="0,0" hai="16,20,24,82,84,88,93,96,101,128,130" m="47657" machi="24" ten="30,11600,0" yaku="18,1,52,1,54,2" doraHai="17" who="2" fromWho="3" sc="284,0,262,0,105,116,349,-116" /><INIT seed="6,1,0,4,2,83" ten="284,262,221,233" oya="2" hai0="115,33,117,10,28,51,50,95,62,35,100,14,48" hai1="29,46,133,16,45,0,27,128,64,55,113,126,21" hai2="110,105,36,78,84,65,82,122,44,120,79,69,91" hai3="103,23,77,80,58,85,68,108,107,8,129,22,89"/><V43/><F105/><W61/><G68/><T86/><D115/><U125/><E64/><V34/><F34/><W24/><G108/><T47/><D117/><U31/><E113/><V25/><F25/><W66/><G129/><T15/><D15/><U40/><E0/><V1/><F1/><W116/><G116/><T104/><D47/><U109/><E133/><V39/><F39/><W52/><G8/><T5/><D28/><U124/><E109/><V41/><F41/><W131/><G131/><T97/><D62/><U118/><E118/><V121/><REACH who="2" step="1"/><F110/><REACH who="2" ten="284,262,211,233" step="2"/><W106/><G103/><T90/><AGARI ba="1,1" hai="5,10,14,33,35,48,50,51,86,90,95,97,100,104" machi="90" ten="30,2000,0" yaku="0,1,52,1" doraHai="83" who="0" fromWho="0" sc="284,33,262,-6,211,-11,233,-6" /><INIT seed="7,0,0,2,1,27" ten="317,256,200,227" oya="3" hai0="86,110,49,51,48,103,37,35,36,124,26,43,111" hai1="74,20,0,2,18,23,102,106,96,135,128,67,71" hai2="93,52,9,65,89,100,80,72,87,16,57,122,125" hai3="60,70,115,25,32,30,113,62,134,31,44,5,99"/><W53/><G134/><T13/><D103/><U109/><E23/><V15/><F125/><W95/><G5/><T69/><D69/><U133/><E74/><V84/><F122/><W116/><G116/><T77/><D124/><U63/><E109/><V73/><F65/><W104/><G104/><T108/><D43/><U38/><E38/><V40/><F40/><W12/><G70/><T54/><D54/><U126/><E128/><V14/><F14/><W118/><G118/><T119/><D119/><U81/><E81/><V105/><F105/><W76/><G76/><T59/><D59/><U98/><E98/><V21/><F9/><W79/><G79/><T45/><D45/><U3/><REACH who="1" step="1"/><E126/><REACH who="1" ten="317,246,200,227" step="2"/><V107/><F107/><W39/><G39/><T11/><D36/><U68/><E68/><V112/><F112/><N who="3" m="43083" /><G12/><AGARI ba="0,1" hai="0,2,3,12,18,20,63,67,71,96,102,106,133,135" machi="12" ten="40,2600,0" yaku="1,1,53,1" doraHai="27" doraHaiUra="19" who="1" fromWho="3" sc="317,0,246,36,200,0,227,-26" owari="317,41.7,282,8.2,200,-30.0,201,-19.9" /></mjloggm>