<mjloggm ver="2.3"><GO type="41" lobby="0"/><UN n0="%6E%6F%6B%65%6E" n1="%E2%93%9D%4C%75%63%6B%79%4A" n2="%73%75%75%75%75%75%75%67" n3="%E3%83%95%E3%83%AA%E3%82%B4%E3%83%AA" dan="14,16,15,13" rate="1973.46,2147.14,1946.23,1840.23" sx="M,M,M,M"/><TAIKYOKU oya="0"/><INIT seed="0,0,0,3,1,78" ten="250,250,250,250" oya="0" hai0="72,31,73,83,125,59,94,65,39,89,119,85,0" hai1="93,15,91,30,134,58,61,122,99,108,80,6,54" hai2="106,63,76,34,70,127,8,92,77,82,5,114,115" hai3="87,28,40,25,33,17,48,69,18,105,14,110,10"/><T42/><D119/><U97/><E122/><V71/><F106/><W51/><G105/><T26/><D125/><U27/><E108/><V41/><F127/><W11/><G110/><T135/><D135/><U88/><E134/><V126/><F126/><W101/><G69/><T20/><D0/><U132/><E132/><V1/><F34/><W2/><G101/><T29/><D29/><U23/><E6/><V49/><F77/><W62/><G62/><T44/><REACH who="0" step="1"/><D94/><REACH who="0" ten="240,250,250,250" step="2"/><N who="1" m="56799" /><E15/><V111/><F111/><W124/><G124/><T52/><D52/><U121/><E121/><V74/><F92/><W21/><G28/><T95/><D95/><U107/><E107/><V103/><F115/><W109/><G109/><T81/><D81/><AGARI ba="0,1" hai="23,27,30,54,58,61,80,81,88,93,97" m="56799" machi="81" ten="30,7700,0" yaku="8,1,52,2,54,1" doraHai="78" who="1" fromWho="0" sc="240,-77,250,87,250,0,250,0" /><INIT seed="1,0,0,0,2,15" ten="163,337,250,250" oya="1" hai0="22,4,85,38,90,46,26,112,87,51,19,24,113" hai1="81,118,21,91,134,60,96,121,124,39,14,56,2" hai2="73,59,16,126,44,12,37,66,100,6,45,13,111" hai3="57,68,52,48,27,49,128,20,34,123,79,115,86"/><U28/><E118/><V8/><F73/><W35/><G123/><T32/><D38/><U18/><E121/><V33/><F33/><W61/><G115/><T74/><D74/><U31/><E2/><V67/><F111/><W129/><G68/><T10/><D32/><U106/><E39/><V55/><F126/><W89/><G79/><T64/><D64/><U83/><E134/><V63/><F100/><W29/><G35/><T99/><D26/><U23/><E124/><V62/><F37/><W132/><G132/><T42/><D99/><U122/><E122/><V11/><REACH who="2" step="1"/><F55/><REACH who="2" ten="163,337,240,250" step="2"/><W84/><G34/><T92/><REACH who="0" step="1"/><D87/><REACH who="0" ten="153,337,240,250" step="2"/><U5/><E96/><V58/><AGARI ba="0,2" hai="6,8,11,12,13,16,44,45,58,59,62,63,66,67" machi="58" ten="20,16000,3" yaku="1,1,2,1,0,1,7,1,9,1,8,1,52,1,54,1,53,0" doraHai="15" doraHaiUra="94" who="2" fromWho="2" sc="153,-40,337,-80,240,180,250,-40" /><INIT seed="2,0,0,4,4,118" ten="113,257,420,210" oya="2" hai0="16,86,125,79,135,73,104,28,116,21,111,84,27" hai1="87,92,41,68,36,49,12,29,81,39,112,35,76" hai2="7,24,32,123,71,131,25,10,128,40,33,132,50" hai3="59,113,122,48,90,70,55,54,99,100,60,19,127"/><V56/><F71/><W38/><G19/><T34/><D111/><U44/><E112/><V124/><F40/><W74/><G90/><T85/><D116/><U11/><E68/><V0/><F56/><W43/><G74/><T77/><D135/><U57/><E92/><V121/><F50/><W91/><G91/><T15/><D125/><U67/><E35/><N who="2" m="13387" /><F124/><W20/><G20/><T4/><D104/><U8/><E11/><V58/><F58/><W1/><G1/><T119/><D119/><U63/><REACH who="1" step="1"/><E29/><REACH who="1" ten="113,247,420,210" step="2"/><V88/><F132/><W83/><G113/><T45/><D73/><U6/><AGARI ba="0,1" hai="6,8,12,36,39,41,44,49,57,63,67,76,81,87" machi="6" ten="20,12000,2" yaku="1,1,2,1,0,1,7,1,25,2,53,0" doraHai="118" doraHaiUra="14" who="1" fromWho="1" sc="113,-30,247,130,420,-60,210,-30" /><INIT seed="3,0,0,5,3,56" ten="83,377,360,180" oya="3" hai0="24,31,127,129,83,88,36,99,44,61,15,43,114" hai1="50,22,104,131,107,112,69,57,117,26,6,59,10" hai2="124,39,67,17,46,51,20,30,38,33,78,106,73" hai3="113,66,8,94,3,96,29,64,2,95,32,84,132"/><W85/><G113/><T9/><D129/><U101/><E69/><V40/><F106/><W70/><G132/><T128/><D128/><U52/><E112/><V12/><F124/><W34/><G8/><T119/><D127/><U16/><E131/><V19/><F78/><W75/><G96/><T125/><D125/><U81/><E117/><V115/><F73/><W18/><G75/><T21/><D119/><U134/><E134/><V105/><F105/><W47/><G18/><T55/><D114/><U54/><E81/><V97/><F97/><W109/><G109/><T11/><D11/><U120/><E120/><V87/><F33/><W122/><G122/><T14/><D9/><U71/><E71/><V79/><F30/><W37/><G70/><T49/><D36/><U72/><E101/><V118/><F118/><W102/><G102/><T108/><D108/><U93/><E93/><V111/><F111/><W65/><G37/><T80/><D80/><U7/><E72/><V82/><F115/><W103/><G103/><T110/><D110/><U13/><REACH who="1" step="1"/><E7/><REACH who="1" ten="83,367,360,180" step="2"/><V126/><F126/><W58/><G95/><N who="0" m="56807" /><D83/><U100/><E100/><V89/><F79/><W1/><G94/><T48/><D48/><AGARI ba="0,1" hai="6,10,13,16,22,26,48,50,52,54,57,59,104,107" machi="48" ten="30,8000,1" yaku="1,1,7,1,9,1,54,2,53,0" doraHai="56" doraHaiUra="25" who="1" fromWho="0" sc="83,-80,367,90,360,0,180,0" /><INIT seed="4,0,0,3,5,118" ten="3,457,360,180" oya="0" hai0="65,60,61,31,15,97,94,87,23,14,2,126,25" hai1="37,57,46,107,64,52,32,70,50,73,48,106,29" hai2="80,1,43,7,0,47,21,9,4,77,111,6,45" hai3="85,28,35,128,27,59,79,68,24,135,12,104,71"/><T11/><D126/><U134/><E73/><V3/><F111/><W17/><G104/><T120/><D120/><U16/><E29/><V42/><F21/><W51/><G135/><T36/><D36/><U75/><E75/><V125/><F125/><W55/><G128/><T20/><D20/><U109/><E32/><V10/><F80/><W83/><REACH who="3" step="1"/><G27/><REACH who="3" ten="3,457,360,170" step="2"/><T34/><D34/><U86/><E107/><V8/><REACH who="2" step="1"/><F77/><REACH who="2" ten="3,457,350,170" step="2"/><W84/><G84/><T110/><D87/><U129/><E86/><V89/><F89/><W100/><G100/><N who="0" m="60471" /><D110/><U30/><E109/><V5/><N who="2" m="1024" /><DORA hai="78" /><V119/><F119/><W74/><G74/><T92/><D92/><U88/><E106/><V131/><F131/><W19/><G19/><N who="0" m="8671" /><D2/><U132/><E129/><V91/><F91/><W66/><G66/><T121/><D121/><U76/><E64/><V115/><F115/><W122/><G122/><T38/><D38/><U101/><E37/><V58/><F58/><W33/><G33/><T113/><D113/><U82/><E134/><V98/><F98/><W44/><G44/><AGARI ba="0,2" hai="0,1,3,8,9,10,42,43,44,45,47" m="1024" machi="44" ten="60,8000,1" yaku="1,1,29,2,28,2,53,0" doraHai="118,78" doraHaiUra="117,18" who="2" fromWho="3" sc="3,0,457,0,350,100,170,-80" /><INIT seed="5,0,0,1,2,48" ten="3,457,450,90" oya="1" hai0="124,37,74,45,58,101,62,102,85,118,114,87,12" hai1="92,81,97,51,13,80,82,14,73,50,131,103,35" hai2="59,36,115,60,111,122,43,121,17,126,21,116,130" hai3="30,10,132,34,3,31,11,9,42,134,64,44,98"/><U49/><E35/><V109/><F130/><W72/><G64/><T67/><D118/><U93/><E131/><V18/><F116/><W89/><G72/><T33/><D74/><U16/><E73/><V47/><F18/><W99/><G3/><T125/><D33/><U8/><E14/><V100/><F100/><N who="0" m="38506" /><D114/><U108/><E108/><N who="2" m="41547" /><F21/><W113/><G113/><T24/><D24/><U1/><REACH who="1" step="1"/><E1/><REACH who="1" ten="3,447,450,90" step="2"/><V6/><F17/><W71/><G34/><T107/><D12/><U88/><E88/><V79/><F6/><W38/><G89/><T84/><D107/><AGARI ba="0,1" hai="8,13,16,49,50,51,80,81,82,92,93,97,103,107" machi="107" ten="40,3900,0" yaku="1,1,54,1,53,0" doraHai="48" doraHaiUra="70" who="1" fromWho="0" sc="3,-39,447,49,450,0,90,0" owari="-36,-53.6,496,59.6,450,25.0,90,-31.0" /></mjloggm>