<mjloggm ver="2.3"><GO type="41" lobby="0"/><UN n0="%E3%83%9D%E3%83%83%E3%83%9D%E3%83%B3" n1="%E5%A4%A9%E9%9D%92%E8%89%B2%E6%98%A0%E8%8A%B1%E6%B5%B7" n2="%E2%93%9D%4C%75%63%6B%79%4A" n3="%52%55%4D%49%4F%4E" dan="14,14,15,14" rate="1995.38,2066.39,2159.72,1929.91" sx="M,M,M,M"/><TAIKYOKU oya="0"/><INIT seed="0,0,0,0,2,49" ten="250,250,250,250" oya="0" hai0="59,108,82,36,48,43,38,71,132,33,61,74,26" hai1="121,3,76,88,13,46,47,0,67,7,62,32,42" hai2="29,84,10,97,1,104,16,99,70,120,119,14,68" hai3="55,12,51,39,15,129,54,124,127,116,78,80,30"/><T34/><D108/><U86/><E121/><V126/><F120/><W5/><G116/><T8/><D132/><U134/><E32/><V96/><F119/><W90/><G39/><T44/><D71/><U111/><E76/><V35/><F104/><W92/><G30/><T57/><D57/><U64/><E111/><V94/><F1/><W112/><G112/><T72/><D8/><U24/><E24/><V131/><F131/><W6/><G129/><T11/><D11/><U2/><E134/><V87/><F126/><N who="3" m="48171" /><G51/><T100/><D100/><U41/><E13/><N who="3" m="5194" /><G6/><T105/><D105/><U63/><E7/><V19/><F29/><W110/><G5/><T125/><D125/><U123/><E123/><V73/><F35/><W93/><G110/><T85/><D34/><U109/><E109/><V52/><F19/><W114/><G114/><T135/><D135/><U58/><E42/><V81/><F70/><W45/><G45/><T113/><D113/><U107/><E107/><V133/><F68/><W23/><G23/><T91/><D26/><U130/><E130/><V22/><F22/><W75/><G93/><T9/><D33/><U69/><REACH who="1" step="1"/><E41/><REACH who="1" ten="250,240,250,250" step="2"/><V117/><F133/><W53/><G78/><T122/><D122/><U27/><E27/><V40/><F40/><W25/><G25/><T4/><D4/><U28/><E28/><V37/><F117/><W79/><G92/><AGARI ba="0,1" hai="0,2,3,46,47,58,62,63,64,67,69,86,88,92" machi="92" ten="40,2600,0" yaku="1,1,54,1,53,0" doraHai="49" doraHaiUra="102" who="1" fromWho="3" sc="250,0,240,36,250,0,250,-26" /><INIT seed="1,0,0,2,0,109" ten="250,276,250,224" oya="1" hai0="97,15,110,13,115,95,25,107,81,133,120,49,31" hai1="43,64,60,102,23,7,65,35,104,0,91,121,39" hai2="94,24,106,127,79,85,68,67,76,108,44,17,12" hai3="59,114,77,14,54,50,112,87,69,58,10,34,8"/><U130/><E121/><V66/><F106/><W5/><G34/><T119/><D110/><U131/><E35/><V4/><F108/><W100/><G69/><T82/><D119/><U83/><E23/><V11/><F127/><W71/><G71/><T78/><D107/><U28/><E28/><V40/><F68/><W47/><G100/><T88/><D133/><U80/><E43/><V2/><F2/><W123/><G123/><T128/><D128/><N who="1" m="49195" /><E39/><V90/><F24/><W116/><G116/><T84/><D120/><U9/><E91/><V73/><F17/><W63/><G59/><T124/><D124/><U30/><E30/><V113/><F73/><W101/><G101/><T21/><D115/><U6/><E6/><V41/><F113/><W46/><G47/><T55/><REACH who="0" step="1"/><D82/><REACH who="0" ten="240,276,250,224" step="2"/><N who="1" m="31275" /><E60/><V98/><F79/><W70/><G114/><T27/><D27/><U36/><E36/><V45/><F76/><W118/><G118/><T96/><D96/><AGARI ba="0,1" hai="0,7,9,64,65,96,102,104" m="31275,49195" machi="96" ten="30,1500,0" yaku="19,1" doraHai="109" who="1" fromWho="0" sc="240,-15,276,25,250,0,224,0" /><INIT seed="1,1,0,1,2,22" ten="225,301,250,224" oya="1" hai0="92,94,57,107,109,23,122,79,30,83,90,21,43" hai1="26,104,98,124,64,78,34,70,28,17,59,40,80" hai2="88,12,134,118,9,54,24,121,99,13,95,114,116" hai3="37,16,77,2,105,127,71,100,32,36,67,102,131"/><U35/><E124/><V69/><F69/><W68/><G2/><T89/><D109/><U65/><E40/><V51/><F121/><W41/><G127/><T0/><D122/><U85/><E34/><V6/><F134/><W27/><G77/><T103/><D0/><U111/><E111/><V31/><F13/><W86/><G86/><T18/><D43/><U29/><E29/><V97/><F99/><N who="3" m="61599" /><G102/><T61/><D107/><U52/><E70/><V133/><F114/><W87/><G87/><T117/><D117/><U47/><E47/><V38/><F38/><W75/><G16/><T39/><D39/><N who="3" m="14921" /><G41/><T82/><D79/><U113/><E113/><V33/><REACH who="2" step="1"/><F133/><REACH who="2" ten="225,301,240,224" step="2"/><W14/><G14/><T45/><D83/><U126/><E126/><V25/><F25/><W4/><G27/><T58/><D82/><U72/><E98/><V46/><AGARI ba="1,1" hai="6,9,12,24,31,33,46,51,54,88,95,97,116,118" machi="46" ten="20,8000,1" yaku="1,1,0,1,7,1,52,1,54,1,53,0" doraHai="22" doraHaiUra="123" who="2" fromWho="2" sc="225,-21,301,-41,240,93,224,-21" /><INIT seed="2,0,0,2,3,16" ten="204,260,333,203" oya="2" hai0="15,127,119,81,10,120,83,124,39,26,67,44,59" hai1="118,65,123,52,32,109,125,5,102,13,7,37,74" hai2="88,82,21,9,114,45,23,18,4,112,0,71,87" hai3="101,54,103,122,34,135,77,90,72,69,129,55,68"/><V47/><F71/><W78/><G122/><T97/><D120/><U111/><E123/><V50/><F47/><W61/><G34/><T56/><D119/><U22/><E32/><V60/><F60/><W3/><G3/><T57/><D67/><U31/><E74/><V8/><F9/><W110/><G72/><T36/><D97/><U11/><E37/><V30/><F30/><W33/><G33/><T73/><D26/><N who="1" m="16855" /><E65/><V79/><F79/><W28/><G28/><T75/><D57/><U43/><E43/><V17/><F18/><W100/><G110/><N who="1" m="41994" /><E102/><V128/><F128/><W40/><G40/><T85/><D85/><U91/><E118/><V89/><F89/><W12/><G12/><T70/><D70/><U86/><E125/><V6/><F6/><W99/><G129/><T19/><D39/><U95/><E5/><V80/><F82/><N who="0" m="31242" /><D73/><U14/><E14/><V126/><F126/><N who="0" m="48170" /><D75/><U94/><E94/><V106/><F106/><W134/><G61/><T76/><D76/><N who="3" m="29289" /><G99/><T49/><D36/><U108/><E108/><V1/><F1/><W84/><G84/><T104/><D104/><U62/><E62/><V117/><F117/><W25/><G90/><T20/><D10/><U35/><E35/><V38/><F38/><W131/><G131/><T121/><D121/><U2/><E2/><V98/><F98/><W63/><G63/><T116/><D116/><U64/><E64/><V42/><REACH who="2" step="1"/><F23/><REACH who="2" ten="204,260,323,203" step="2"/><W93/><G69/><T24/><D15/><AGARI ba="0,1" hai="0,4,8,15,17,21,42,45,50,80,87,88,112,114" machi="15" ten="30,12000,1" yaku="1,1,2,1,7,1,52,1,54,1,53,0" doraHai="16" doraHaiUra="29" who="2" fromWho="0" sc="204,-120,260,0,323,130,203,0" /><INIT seed="2,1,0,2,1,82" ten="84,260,453,203" oya="2" hai0="69,119,54,114,34,74,7,73,67,102,84,5,101" hai1="86,103,120,80,87,122,93,32,63,61,59,49,48" hai2="40,20,85,68,98,76,52,92,133,1,83,64,62" hai3="9,134,126,75,25,24,99,121,113,50,55,47,51"/><V105/><F133/><W27/><G75/><T78/><D114/><U97/><E32/><V19/><F1/><W127/><G121/><N who="1" m="46698" /><E63/><V18/><F105/><W10/><G134/><T35/><D119/><U39/><E39/><V88/><F40/><W70/><G70/><T45/><D69/><U72/><E72/><V81/><F20/><W124/><G113/><T29/><D67/><N who="1" m="39359" /><E80/><V33/><F33/><W95/><REACH who="3" step="1"/><G51/><AGARI ba="1,0" hai="48,49,51,86,87,93,97,103" m="39359,46698" machi="51" ten="30,3900,0" yaku="13,1,52,2" doraHai="82" who="1" fromWho="3" sc="84,0,260,42,453,0,203,-42" /><INIT seed="3,0,0,5,1,75" ten="84,302,453,161" oya="3" hai0="128,54,32,60,118,46,30,43,20,19,119,103,37" hai1="89,134,26,50,51,12,28,34,57,77,8,100,92" hai2="81,107,98,113,93,39,99,18,70,87,79,74,126" hai3="97,21,109,115,85,22,116,10,36,61,47,127,96"/><W24/><G116/><T63/><D128/><U64/><E134/><V4/><F70/><W52/><G115/><T94/><D32/><U53/><E100/><N who="2" m="62879" /><F4/><W69/><G127/><T131/><D131/><U76/><E64/><V7/><F7/><W124/><G124/><T129/><D30/><U112/><E50/><V38/><F18/><W2/><G109/><T73/><D129/><U13/><E112/><V71/><F71/><W49/><G36/><T104/><D104/><U23/><E34/><V56/><F56/><W65/><G2/><T84/><D73/><U130/><E130/><V110/><F39/><W135/><G135/><T55/><D60/><U3/><E3/><V80/><F38/><W111/><G111/><T83/><D94/><U117/><E117/><V27/><F27/><W62/><G10/><T11/><D103/><U114/><E114/><V121/><F121/><W66/><G85/><T9/><D11/><U132/><E132/><V40/><F40/><W105/><G105/><T48/><D9/><U35/><E35/><V16/><F16/><W59/><G22/><T122/><D122/><U120/><E120/><V88/><F113/><W1/><G1/><T72/><D72/><U78/><E8/><V86/><F126/><W82/><G82/><T102/><D118/><U25/><E25/><V14/><F14/><W17/><AGARI ba="0,0" hai="17,21,24,47,49,52,59,61,62,65,66,69,96,97" machi="17" ten="20,3900,0" yaku="0,1,7,1,54,1" doraHai="75" who="3" fromWho="3" sc="84,-13,302,-13,453,-13,161,39" /><INIT seed="3,1,0,3,0,98" ten="71,289,440,200" oya="3" hai0="37,20,78,121,127,80,35,29,39,129,84,134,108" hai1="133,52,128,8,65,53,11,22,81,92,48,119,28" hai2="97,46,105,66,73,109,41,70,100,60,6,18,71" hai3="89,95,87,102,93,79,61,85,91,55,132,13,14"/><W23/><G132/><T131/><D121/><U62/><E133/><V86/><F109/><W123/><G123/><T67/><D134/><U0/><E128/><N who="0" m="49225" /><D108/><U42/><E119/><V2/><F86/><W16/><G79/><T90/><D35/><U72/><E42/><V4/><F71/><W49/><G61/><T36/><D127/><U1/><E92/><V113/><F113/><W96/><G13/><T63/><D29/><U130/><E130/><V74/><F18/><W5/><G5/><T44/><D20/><U7/><E72/><V68/><F70/><W21/><G21/><T15/><D15/><U9/><E81/><V83/><F83/><W120/><G120/><T101/><D44/><U112/><E112/><V106/><F106/><W117/><G117/><T59/><D78/><U3/><E7/><V99/><F99/><W12/><G14/><T56/><D59/><U32/><E32/><V54/><F6/><W45/><G91/><T107/><D107/><U31/><E22/><V43/><F74/><W19/><G19/><T110/><D110/><U94/><E28/><V103/><F73/><W135/><G135/><T111/><D111/><U58/><E31/><V38/><F105/><W82/><G82/><T125/><D125/><U17/><E17/><V10/><F97/><AGARI ba="1,0" hai="12,16,23,45,49,55,85,87,89,93,95,96,97,102" machi="97" ten="30,11600,0" yaku="7,1,8,1,52,1,54,1" doraHai="98" who="3" fromWho="2" sc="71,0,289,0,440,-119,200,119" /><INIT seed="3,2,0,2,3,133" ten="71,289,321,319" oya="3" hai0="79,107,92,46,50,125,68,13,99,61,128,80,9" hai1="43,120,8,98,19,84,27,16,119,57,34,83,72" hai2="74,96,60,15,130,58,12,104,10,55,3,75,33" hai3="124,122,106,45,20,49,70,126,86,25,117,22,30"/><W103/><G122/><T26/><D128/><U91/><E120/><V35/><F3/><W69/><G117/><T88/><D107/><U5/><E119/><V1/><F1/><W63/><G106/><T132/><D132/><U89/><E72/><V29/><F15/><W24/><G103/><T42/><D26/><U121/><E121/><V31/><F130/><W21/><G86/><T56/><D68/><U51/><E34/><V38/><F38/><W41/><G63/><T73/><D125/><N who="3" m="48233" /><G25/><T23/><D23/><AGARI ba="2,0" hai="20,21,22,23,24,30,41,45,49,69,70" m="48233" machi="23" ten="30,11600,0" yaku="18,1,52,3" doraHai="133" who="3" fromWho="0" sc="71,-122,289,0,321,0,319,122" owari="-51,-55.1,289,-11.1,321,12.1,441,54.1" /></mjloggm>