<mjloggm ver="2.3"><GO type="41" lobby="0"/><UN n0="%E3%81%95%E3%81%84%E3%81%A8%E3%81%86%E3%81%93%E3%81%86%E3%81%98" n1="%52%75%6E%32" n2="%E2%93%9D%4C%75%63%6B%79%4A" n3="%E5%AD%A6%E7%8E%8B" dan="15,13,18,14" rate="2009.56,1884.73,2164.44,1869.76" sx="M,M,M,M"/><TAIKYOKU oya="0"/><INIT seed="0,0,0,5,4,79" ten="250,250,250,250" oya="0" hai0="74,55,47,32,1,97,92,81,68,73,58,11,34" hai1="70,87,53,108,12,52,94,75,109,112,100,49,132" hai2="125,45,102,36,119,82,16,126,50,95,72,46,77" hai3="21,5,41,10,38,62,2,56,22,0,20,121,40"/><T105/><D68/><U116/><E75/><V93/><F119/><W127/><G38/><T91/><D73/><U43/><E70/><V88/><F36/><W44/><G127/><N who="2" m="48649" /><F102/><W106/><G106/><T51/><D105/><U78/><E116/><V98/><F95/><W64/><G121/><T31/><D31/><U128/><E132/><V120/><F120/><W80/><G44/><T83/><D74/><U18/><E128/><V71/><F71/><W69/><G0/><T134/><D134/><U25/><E25/><V89/><F89/><W29/><G29/><T67/><D67/><U122/><E122/><V135/><F135/><W133/><G133/><T129/><D129/><U7/><E7/><V42/><F46/><W23/><N who="3" m="5120" /><DORA hai="27" /><W115/><G115/><T131/><D131/><U59/><E43/><V30/><F30/><W35/><G35/><T37/><D34/><U17/><E112/><V57/><F57/><W104/><G104/><T4/><REACH who="0" step="1"/><D32/><REACH who="0" ten="240,250,250,250" step="2"/><U33/><E33/><V39/><F39/><W61/><G69/><T85/><D85/><U113/><E113/><V114/><F114/><W6/><G2/><T28/><D28/><U86/><E86/><V14/><F14/><W66/><G66/><T103/><D103/><U123/><E123/><V65/><F65/><W118/><G64/><T19/><D19/><AGARI ba="0,1" hai="16,19,42,45,50,72,77,82,88,93,98" m="48649" machi="19" ten="30,7700,0" yaku="18,1,52,1,54,2" doraHai="79,27" who="2" fromWho="0" sc="240,-77,250,0,250,87,250,0" /><INIT seed="1,0,0,4,3,121" ten="163,250,337,250" oya="1" hai0="30,18,64,44,73,36,28,21,118,131,132,11,27" hai1="107,116,5,94,45,51,75,74,4,81,34,16,82" hai2="96,59,61,54,2,1,128,95,7,58,120,114,68" hai3="123,83,39,65,97,6,89,12,87,37,88,130,14"/><U72/><E34/><V53/><F120/><W122/><G130/><T20/><D73/><U92/><E107/><V67/><F128/><W111/><G97/><T134/><D64/><U78/><E116/><V47/><F114/><W133/><G65/><T52/><D36/><U80/><E78/><V49/><F7/><W110/><G6/><T8/><D118/><U23/><E4/><V50/><REACH who="2" step="1"/><F47/><REACH who="2" ten="163,250,327,250" step="2"/><W125/><G125/><T40/><D131/><U71/><E5/><V76/><F76/><W24/><G133/><T46/><D134/><U3/><E3/><V41/><F41/><W77/><G77/><T91/><D132/><U129/><E129/><V103/><AGARI ba="0,1" hai="1,2,49,50,53,54,58,59,61,67,68,95,96,103" machi="103" ten="20,12000,2" yaku="1,1,0,1,7,1,9,1,53,2" doraHai="121" doraHaiUra="55" who="2" fromWho="2" sc="163,-30,250,-60,327,130,250,-30" /><INIT seed="2,0,0,0,1,33" ten="133,190,457,220" oya="2" hai0="93,51,63,17,4,0,105,69,66,58,68,94,129" hai1="82,65,86,88,89,15,67,118,115,2,3,61,81" hai2="125,9,95,99,25,28,103,41,29,74,23,100,30" hai3="13,114,31,53,21,38,62,40,112,48,47,77,90"/><V32/><F74/><W119/><G119/><T109/><D105/><U16/><E118/><V60/><F32/><W55/><G77/><T52/><D129/><U19/><E115/><N who="3" m="44074" /><G90/><T8/><D68/><U42/><E42/><V49/><F125/><W117/><G117/><T110/><REACH who="0" step="1"/><D17/><REACH who="0" ten="123,190,457,220" step="2"/><U120/><E120/><V56/><F103/><W72/><G72/><T45/><D45/><U133/><E133/><V10/><F30/><W92/><G31/><T73/><D73/><U108/><E108/><AGARI ba="0,1" hai="0,4,8,51,52,58,63,66,69,93,94,108,109,110" machi="108" ten="40,8000,1" yaku="1,1,14,1,52,1,54,1,53,0" doraHai="33" doraHaiUra="71" who="0" fromWho="1" sc="123,90,190,-80,457,0,220,0" /><INIT seed="3,0,0,0,2,22" ten="213,110,457,220" oya="3" hai0="41,106,113,75,2,48,108,60,30,37,92,118,7" hai1="15,25,83,20,112,51,102,84,77,67,71,97,74" hai2="132,27,3,110,76,133,124,88,98,104,96,9,81" hai3="36,12,23,39,57,55,127,101,8,134,24,135,43"/><W90/><G101/><T103/><D75/><U33/><E33/><V13/><F3/><W38/><G127/><T64/><D30/><U72/><E112/><V54/><F54/><W35/><G35/><T86/><D106/><U128/><E128/><V80/><F110/><W121/><G121/><T28/><D108/><U68/><E67/><V99/><F13/><W94/><G43/><T111/><D37/><U17/><E51/><V11/><F11/><W70/><G70/><T85/><D111/><U40/><E40/><V26/><F9/><W78/><G78/><T10/><D113/><U95/><REACH who="1" step="1"/><E15/><REACH who="1" ten="213,100,457,220" step="2"/><V6/><F124/><W45/><G45/><T69/><D48/><U62/><E62/><V66/><F66/><W49/><G8/><T114/><D41/><U47/><E47/><V52/><F52/><W73/><G12/><T5/><D60/><U65/><E65/><V16/><F133/><W58/><G58/><T116/><D64/><U120/><E120/><V87/><F132/><W89/><G73/><AGARI ba="0,1" hai="17,20,25,68,71,72,73,74,77,83,84,95,97,102" machi="73" ten="40,2600,0" yaku="1,1,52,1,53,0" doraHai="22" doraHaiUra="44" who="1" fromWho="3" sc="213,0,100,36,457,0,220,-26" /><INIT seed="4,0,0,4,4,132" ten="213,136,457,194" oya="0" hai0="86,80,102,71,125,113,76,42,60,65,55,92,70" hai1="4,50,2,101,58,40,115,100,5,79,26,23,24" hai2="112,17,53,10,15,119,67,36,57,74,129,127,3" hai3="14,103,68,46,30,27,62,90,31,89,81,135,11"/><T28/><D113/><U13/><E115/><V43/><F112/><W114/><G114/><RYUUKYOKU type="kaze4" ba="0,0" sc="213,0,136,0,457,0,194,0" /><INIT seed="4,1,0,0,2,96" ten="213,136,457,194" oya="0" hai0="56,33,132,130,46,109,128,116,89,21,73,58,34" hai1="53,13,103,6,57,81,40,66,41,71,68,10,49" hai2="74,114,102,25,67,121,48,100,83,19,86,104,37" hai3="91,55,32,87,3,9,43,101,119,24,0,54,11"/><T79/><D116/><U31/><E31/><V78/><F37/><W82/><G119/><T36/><D79/><U51/><E71/><V80/><F121/><W117/><G117/><T28/><D73/><U27/><E27/><V85/><F114/><W126/><G126/><T42/><D132/><U15/><E68/><V2/><F2/><W105/><G43/><T127/><D127/><U111/><E111/><V135/><F104/><W93/><G105/><T1/><D1/><U39/><E39/><V131/><F131/><N who="0" m="50218" /><D109/><U18/><E66/><V12/><F67/><W124/><G0/><T72/><D72/><U65/><E65/><V22/><F135/><W110/><G110/><T69/><D69/><U113/><E113/><V60/><F60/><W122/><G122/><T84/><D21/><U98/><E81/><V106/><F106/><W47/><G3/><T107/><D107/><U61/><E41/><V4/><F48/><W52/><G47/><T97/><D97/><U115/><E40/><V64/><F64/><W134/><G134/><T123/><D123/><U63/><E63/><V77/><F74/><W92/><G124/><T29/><D29/><U7/><E115/><V90/><F78/><N who="3" m="46551" /><G24/><N who="0" m="18567" /><D34/><U129/><E6/><V17/><F4/><W8/><G32/><T118/><D118/><U20/><E129/><V125/><F125/><W112/><G112/><T45/><D45/><U14/><E14/><V95/><F83/><AGARI ba="1,0" hai="36,42,46,56,58,83,84,89" m="18567,50218" machi="83" ten="30,1500,0" yaku="19,1" doraHai="96" who="0" fromWho="2" sc="213,18,136,0,457,-18,194,0" /><INIT seed="4,2,0,4,5,6" ten="231,136,439,194" oya="0" hai0="38,106,129,62,101,31,71,67,109,83,93,55,115" hai1="8,24,44,54,72,122,123,46,120,96,41,105,16" hai2="70,110,40,10,124,113,47,76,114,127,59,130,85" hai3="25,131,58,97,119,12,7,99,2,39,35,57,5"/><T89/><D115/><N who="2" m="44042" /><F76/><W28/><G119/><T37/><D129/><U32/><E72/><V118/><F85/><W94/><G2/><T27/><D109/><U26/><E105/><V18/><F110/><W65/><G39/><T73/><D55/><U79/><E79/><V80/><F80/><W100/><G131/><T45/><D83/><U11/><E96/><V102/><F70/><W21/><G65/><T14/><D73/><U98/><E98/><V50/><F102/><W132/><G132/><T56/><D56/><U48/><E26/><V133/><F118/><W68/><G68/><T116/><D116/><U104/><E104/><V117/><F117/><W69/><G69/><T78/><D78/><U17/><E17/><V34/><F34/><W15/><G35/><T95/><D95/><U0/><E0/><V33/><F33/><W61/><G61/><T82/><D82/><U88/><E88/><V13/><F130/><W107/><G15/><T36/><D14/><U90/><E90/><V74/><F74/><W121/><G5/><T20/><D101/><U135/><E135/><V66/><F133/><W52/><G52/><T112/><D112/><U64/><E64/><V108/><F108/><W134/><G134/><T23/><D106/><U9/><E32/><V87/><F87/><W103/><REACH who="3" step="1"/><G121/><REACH who="3" ten="231,136,439,184" step="2"/><T30/><D45/><U81/><E46/><V49/><F66/><W126/><G126/><N who="2" m="48169" /><F59/><W60/><G60/><T19/><REACH who="0" step="1"/><D20/><REACH who="0" ten="221,136,439,184" step="2"/><N who="1" m="13319" /><E81/><V29/><F47/><W91/><G91/><T53/><D53/><U92/><E54/><V86/><F13/><W22/><G22/><RYUUKYOKU ba="2,2" sc="221,10,136,10,439,-30,184,10" hai0="19,23,27,30,31,36,37,38,62,67,71,89,93" hai1="8,9,11,41,44,48,92,120,122,123" hai3="7,12,21,25,28,57,58,94,97,99,100,103,107" /><INIT seed="4,3,2,4,4,98" ten="231,146,409,194" oya="0" hai0="16,104,71,119,30,134,110,97,124,75,92,4,66" hai1="102,49,133,72,109,106,73,94,78,29,18,55,19" hai2="9,38,85,34,86,27,17,125,46,59,113,47,44" hai3="13,2,105,111,118,88,53,95,80,99,21,28,84"/><T100/><D119/><U52/><E109/><V32/><F38/><W93/><G111/><T63/><D110/><U68/><E68/><V37/><F37/><W69/><G118/><T62/><D4/><U15/><E133/><V87/><F113/><W91/><G2/><T14/><D75/><U48/><E106/><V65/><F125/><W114/><G114/><T127/><D134/><U43/><E29/><V5/><F65/><W3/><G3/><T116/><D63/><U112/><E112/><V40/><F59/><W81/><G69/><T25/><D92/><U120/><E120/><V42/><F17/><N who="3" m="10415" /><G105/><T51/><D51/><U31/><E31/><V6/><F27/><W1/><G28/><T96/><D96/><U22/><E43/><N who="2" m="16427" /><F9/><W77/><G1/><T8/><REACH who="0" step="1"/><D116/><REACH who="0" ten="221,146,409,194" step="2"/><U10/><E72/><V103/><F103/><N who="3" m="60911" /><G81/><T20/><AGARI ba="3,3" hai="8,14,16,20,25,30,62,66,71,97,100,104,124,127" machi="20" ten="30,18000,2" yaku="1,1,0,1,52,1,54,1,53,2" doraHai="98" doraHaiUra="132" who="0" fromWho="0" sc="221,219,146,-63,409,-63,194,-63" /><INIT seed="4,4,0,5,5,42" ten="440,83,346,131" oya="0" hai0="31,63,35,76,20,4,11,33,44,17,21,105,16" hai1="128,122,97,49,57,67,39,83,108,102,99,107,18" hai2="53,86,114,103,3,0,28,22,69,6,78,131,125" hai3="112,92,93,116,118,41,124,127,89,2,82,115,46"/><T12/><D105/><U106/><E39/><V43/><F53/><W73/><G2/><T25/><D76/><U5/><E122/><V134/><F103/><W113/><G41/><T61/><D61/><U10/><E108/><V24/><F125/><N who="3" m="48203" /><G46/><T91/><D91/><U109/><E109/><V96/><F3/><W123/><G123/><T90/><D90/><U84/><E18/><V88/><F0/><W56/><G56/><T129/><D63/><U74/><E74/><V95/><F43/><W26/><G26/><T54/><D129/><U80/><E128/><V8/><F131/><W9/><G9/><T135/><D135/><U104/><E102/><V85/><F134/><W51/><G51/><T130/><D130/><U68/><E68/><V62/><F69/><W75/><G93/><T71/><D71/><U40/><E67/><V117/><F95/><W94/><G92/><T60/><D60/><U32/><E32/><V30/><F62/><W1/><G1/><T120/><D31/><U38/><E38/><V23/><F30/><W101/><G101/><T110/><D120/><U37/><E37/><V66/><F28/><W87/><G94/><T79/><D110/><U45/><E57/><V13/><F66/><W59/><G59/><T126/><D126/><U100/><E100/><V7/><F24/><W119/><AGARI ba="4,0" hai="73,75,82,87,89,112,113,115,116,118,119" m="48203" machi="119" ten="50,8000,1" yaku="15,1,18,1,34,2" doraHai="42" who="3" fromWho="3" sc="440,-44,83,-24,346,-24,131,92" /><INIT seed="5,0,0,4,2,107" ten="396,59,322,223" oya="1" hai0="24,1,39,130,82,90,15,28,69,105,31,11,19" hai1="18,65,47,40,53,91,113,102,127,118,10,26,44" hai2="21,92,74,8,112,37,95,41,57,13,55,72,43" hai3="109,22,50,6,51,71,93,60,101,106,134,89,20"/><U12/><E118/><V116/><F116/><W98/><G109/><T17/><D69/><U34/><E113/><V67/><F67/><W115/><G134/><T42/><D105/><U84/><E65/><V128/><F21/><W46/><G115/><T78/><D130/><U75/><E102/><V2/><F2/><W0/><G60/><T9/><D90/><U4/><E127/><V61/><F112/><W5/><G51/><T29/><D42/><U123/><E123/><V62/><F128/><W108/><G108/><T63/><D63/><U27/><E75/><V3/><F3/><W81/><G81/><T32/><D39/><U97/><E97/><V103/><F103/><W66/><G66/><T87/><D17/><U79/><E79/><V64/><F43/><W58/><G58/><T45/><D45/><U49/><E34/><V76/><F41/><W59/><G59/><T36/><D36/><U99/><E99/><V38/><F38/><W117/><G71/><T23/><REACH who="0" step="1"/><D11/><REACH who="0" ten="386,59,322,223" step="2"/><U135/><E135/><V132/><F37/><W96/><G117/><T33/><D33/><U133/><E133/><V124/><F132/><W94/><G106/><T104/><D104/><U125/><E125/><V86/><F124/><W122/><G122/><T80/><D80/><N who="1" m="49543" /><E18/><N who="2" m="8487" /><F95/><W119/><G119/><T85/><D85/><U48/><AGARI ba="0,1" hai="4,10,12,26,27,40,44,47,48,49,53" m="49543" machi="48" ten="30,1500,0" yaku="8,1" doraHai="107" who="1" fromWho="1" sc="386,-5,59,25,322,-5,223,-5" /><INIT seed="5,1,0,3,3,104" ten="381,84,317,218" oya="1" hai0="63,129,67,11,15,36,120,12,3,130,39,29,80" hai1="124,123,78,69,125,21,25,64,9,62,107,58,86" hai2="59,46,92,0,95,112,61,42,65,84,14,16,6" hai3="32,10,89,81,33,100,122,128,113,117,52,71,110"/><U109/><E107/><V8/><F112/><W13/><G122/><T79/><D29/><U68/><E123/><V28/><F28/><W18/><G110/><T37/><D3/><U43/><E109/><V22/><REACH who="2" step="1"/><F84/><REACH who="2" ten="381,84,307,218" step="2"/><W4/><G113/><T118/><D120/><U49/><E86/><V66/><F66/><W91/><G117/><T17/><D118/><U87/><E87/><V38/><AGARI ba="1,1" hai="0,6,8,14,16,22,38,42,46,59,61,65,92,95" machi="38" ten="20,8000,1" yaku="1,1,0,1,7,1,54,1,53,1" doraHai="104" doraHaiUra="2" who="2" fromWho="2" sc="381,-21,84,-41,307,93,218,-21" /><INIT seed="6,0,0,2,5,50" ten="360,43,400,197" oya="2" hai0="41,6,118,73,110,91,44,23,90,88,126,103,25" hai1="39,13,62,76,28,59,68,26,83,121,65,117,46" hai2="74,10,87,98,2,111,77,115,99,66,40,128,24" hai3="122,32,101,31,107,18,134,100,61,49,14,108,81"/><V48/><F74/><W20/><G122/><T54/><D110/><U63/><E121/><V82/><F111/><W21/><G32/><T93/><D73/><U85/><E117/><V55/><F66/><W72/><G134/><T131/><D6/><U124/><E124/><V43/><F115/><W69/><G107/><T3/><D3/><U22/><E13/><V130/><F24/><W19/><G31/><T42/><D131/><N who="2" m="50218" /><F10/><W17/><G17/><T104/><D104/><U86/><E86/><V75/><F75/><W114/><G114/><T97/><D126/><U71/><E39/><V15/><F15/><W120/><G120/><T116/><D116/><U112/><E112/><V135/><F2/><W96/><G69/><T129/><D129/><U125/><E125/><V132/><F43/><W0/><G0/><T60/><D118/><U80/><E83/><V92/><F40/><W64/><G64/><T5/><D5/><U109/><E109/><V30/><F30/><W119/><G81/><T37/><D42/><U36/><E36/><V56/><F92/><W95/><G72/><T8/><D8/><U27/><E46/><V123/><F123/><W35/><G14/><T58/><D103/><U16/><REACH who="1" step="1"/><E63/><REACH who="1" ten="360,33,400,197" step="2"/><V12/><F12/><N who="3" m="9287" /><G61/><T70/><D70/><U89/><E89/><V78/><F78/><W45/><G108/><T9/><D9/><U106/><E106/><V102/><F102/><N who="3" m="60703" /><G119/><T79/><D79/><U34/><AGARI ba="0,1" hai="16,22,26,27,28,34,59,62,65,68,71,76,80,85" machi="34" ten="20,5200,0" yaku="1,1,0,1,7,1,54,1,53,0" doraHai="50" doraHaiUra="113" who="1" fromWho="1" sc="360,-13,33,62,400,-26,197,-13" /><INIT seed="7,0,0,2,0,128" ten="347,95,374,184" oya="3" hai0="102,92,67,97,96,99,51,25,94,11,72,10,120" hai1="21,84,104,86,9,22,89,103,34,76,88,116,24" hai2="126,28,66,91,80,35,65,50,79,36,54,23,17" hai3="7,85,58,131,81,75,26,33,62,27,40,118,106"/><W30/><G118/><T1/><D72/><U15/><E116/><V59/><F35/><W41/><G131/><T125/><D120/><U5/><E76/><V71/><F36/><W78/><G106/><T52/><D125/><U107/><E103/><V70/><F28/><W3/><G3/><T39/><D39/><U29/><E107/><V4/><F4/><W98/><G7/><T0/><D0/><U49/><E104/><V55/><F55/><W111/><G111/><T32/><D67/><U74/><E74/><V20/><F23/><W47/><G26/><T8/><D1/><U135/><E49/><V6/><F6/><W14/><G14/><T16/><D32/><U93/><REACH who="1" step="1"/><E135/><REACH who="1" ten="347,85,374,184" step="2"/><V19/><F79/><W132/><G132/><T43/><D43/><U122/><E122/><V83/><F126/><W127/><G127/><T133/><D133/><U13/><E13/><N who="2" m="9327" /><F71/><W101/><G75/><T45/><D102/><U60/><E60/><V95/><F70/><W69/><G69/><T61/><D61/><U46/><E46/><V129/><F129/><W12/><G12/><T108/><D108/><U57/><E57/><V100/><F100/><W63/><G63/><T73/><D73/><U44/><E44/><V2/><F2/><W105/><G47/><T110/><D110/><U112/><E112/><V90/><F91/><W130/><G130/><T18/><D25/><U115/><E115/><V123/><F123/><W56/><G56/><T119/><D119/><U124/><E124/><V77/><F77/><W42/><G58/><T53/><D53/><U68/><E68/><RYUUKYOKU ba="0,1" sc="347,10,85,10,374,-30,184,10" hai0="8,10,11,16,18,45,51,52,92,94,96,97,99" hai1="5,9,15,21,22,24,29,34,84,86,88,89,93" hai3="27,30,33,40,41,42,62,78,81,85,98,101,105" /><INIT seed="7,1,1,4,2,105" ten="357,95,344,194" oya="3" hai0="31,102,17,120,39,27,94,82,76,65,23,132,88" hai1="114,66,119,108,99,128,33,98,61,92,127,78,110" hai2="69,0,48,96,124,46,5,13,22,8,56,49,40" hai3="41,15,60,115,87,113,101,86,90,4,64,58,80"/><W55/><G101/><T24/><D39/><U36/><E36/><V104/><F69/><W81/><G41/><T71/><D102/><U109/><E33/><V14/><F124/><W95/><G4/><T91/><D120/><U84/><E127/><V30/><F104/><W67/><G15/><T118/><D118/><U2/><E2/><V106/><F106/><W10/><G10/><T45/><D45/><U117/><E61/><V43/><F96/><W77/><G95/><T16/><D132/><U53/><E53/><N who="2" m="31791" /><F0/><W131/><G131/><T123/><D123/><U75/><E66/><V73/><F73/><W18/><G18/><T28/><D65/><U52/><E52/><N who="2" m="29719" /><F30/><W85/><G87/><N who="0" m="50295" /><D76/><U51/><E51/><V7/><F7/><W12/><G12/><T50/><D71/><U25/><E25/><V19/><AGARI ba="1,1" hai="5,8,13,14,19,22,40,43" m="29719,31791" machi="19" ten="30,2000,0" yaku="8,1,54,1" doraHai="105" who="2" fromWho="2" sc="357,-6,95,-6,344,33,194,-11" owari="351,15.1,89,-41.1,377,47.7,183,-21.7" /></mjloggm>