<mjloggm ver="2.3"><GO type="41" lobby="0"/><UN n0="%E2%93%9D%4C%75%63%6B%79%4A" n1="%73%65%64%65%61%6E%31" n2="%49%51%36%39" n3="%4D%61%73%74%65%72%48%4F" dan="18,14,15,14" rate="2215.73,1894.95,2085.90,1931.84" sx="M,M,M,M"/><TAIKYOKU oya="0"/><INIT seed="0,0,0,2,4,27" ten="250,250,250,250" oya="0" hai0="30,14,129,69,34,108,133,117,21,3,125,1,60" hai1="36,61,72,132,85,76,118,46,105,5,110,62,45" hai2="6,49,78,90,73,44,19,48,121,111,103,104,80" hai3="4,82,57,94,9,98,70,97,126,83,0,40,55"/><T96/><D117/><U119/><E110/><V42/><F121/><W101/><G70/><T93/><D108/><U39/><E72/><V68/><F111/><W128/><G40/><T77/><D77/><U56/><E132/><V106/><F68/><W37/><G37/><T88/><D133/><U41/><E105/><V26/><F6/><W71/><G71/><T51/><D34/><U59/><E85/><V74/><F74/><W43/><G43/><T8/><D125/><U50/><E76/><V112/><F112/><W89/><G128/><T11/><D129/><U81/><E81/><V13/><F26/><W131/><G126/><T86/><D51/><U127/><E5/><V134/><F134/><W75/><G75/><T7/><D11/><U25/><E25/><V47/><F90/><W120/><G120/><T28/><D21/><U109/><E109/><V38/><F103/><W24/><G24/><T123/><D123/><U22/><E22/><V65/><F65/><W135/><G135/><T17/><D7/><U122/><E122/><V23/><F38/><N who="1" m="14377" /><E127/><V31/><F31/><W87/><G131/><T102/><D3/><U100/><E100/><V63/><F63/><N who="1" m="24073" /><E46/><V2/><F2/><W53/><G57/><AGARI ba="0,0" hai="41,45,50,56,57,59,118,119" m="24073,14377" machi="57" ten="30,2000,0" yaku="34,2" doraHai="27" who="1" fromWho="3" sc="250,0,250,20,250,0,250,-20" /><INIT seed="1,0,0,5,2,2" ten="250,270,250,230" oya="1" hai0="62,52,99,44,114,92,23,67,119,27,1,108,132" hai1="81,61,98,117,123,126,59,112,82,31,9,7,130" hai2="50,87,4,116,74,75,131,135,124,3,121,26,33" hai3="54,107,86,100,8,95,134,22,28,105,94,58,15"/><U93/><E112/><V12/><F116/><W77/><G107/><T14/><D1/><U96/><E117/><V29/><F121/><W39/><G39/><T24/><D114/><U63/><E123/><V51/><F3/><W71/><G71/><T118/><D108/><U40/><E130/><V91/><F131/><W102/><G105/><T110/><D27/><U113/><E113/><V115/><F115/><W127/><G134/><T104/><D104/><U17/><E126/><V53/><F124/><W21/><G127/><T66/><D110/><U90/><E40/><V125/><F135/><W43/><G43/><T16/><D132/><U68/><E68/><V103/><F103/><N who="3" m="39467" /><G77/><T34/><D34/><U11/><E31/><V37/><F37/><W101/><N who="3" m="39475" /><W89/><DORA hai="42" /><G95/><T60/><D119/><U73/><E73/><V55/><F125/><W122/><G28/><T30/><D118/><U69/><E69/><V83/><F12/><W133/><G122/><T13/><D14/><N who="1" m="5439" /><E98/><V45/><REACH who="2" step="1"/><F4/><REACH who="2" ten="250,270,240,230" step="2"/><N who="3" m="3463" /><G133/><T49/><D13/><N who="1" m="7359" /><E63/><AGARI ba="0,1" hai="21,22,54,58,63,86,89,94" m="3463,39475" machi="63" ten="30,2000,0" yaku="8,1,52,1" doraHai="2,42" who="3" fromWho="1" sc="250,0,270,-20,240,0,230,30" /><INIT seed="2,0,0,1,0,65" ten="250,250,240,260" oya="2" hai0="121,135,87,117,11,124,30,58,67,92,15,126,119" hai1="12,98,125,105,63,99,51,75,3,21,52,78,55" hai2="39,114,101,85,76,62,113,61,25,37,64,2,42" hai3="6,23,83,109,70,27,131,112,18,35,53,86,95"/><V104/><F2/><W134/><G109/><T66/><D30/><U28/><E3/><V19/><F76/><W77/><G112/><T41/><D41/><U56/><E125/><N who="0" m="48233" /><D121/><U4/><E105/><V81/><F101/><W90/><G70/><T5/><D58/><U82/><E4/><V59/><F104/><W48/><G134/><T40/><D40/><U132/><E132/><V26/><F61/><W16/><G35/><T71/><D135/><U45/><REACH who="1" step="1"/><E12/><REACH who="1" ten="250,240,240,260" step="2"/><V22/><F113/><W73/><G6/><T93/><D5/><U122/><E122/><V106/><F114/><W84/><G73/><T13/><D15/><U32/><E32/><V46/><F106/><W68/><G131/><T31/><D13/><U14/><E14/><V118/><F118/><W0/><G0/><T10/><D119/><U9/><E9/><V107/><F107/><W88/><G77/><T8/><D117/><U1/><E1/><V57/><F39/><W29/><REACH who="3" step="1"/><G68/><REACH who="3" ten="250,240,240,250" step="2"/><T7/><D71/><U54/><E54/><V20/><F37/><W100/><G100/><T128/><D7/><U60/><E60/><V96/><F62/><W103/><G103/><T115/><D115/><U69/><E69/><V120/><F120/><W129/><G129/><T102/><D128/><U94/><E94/><V44/><F64/><W38/><G38/><T89/><D67/><U110/><E110/><V108/><F108/><W74/><G74/><T72/><D72/><U47/><E47/><AGARI ba="0,2" hai="16,18,23,27,29,47,48,53,83,84,86,88,90,95" machi="47" ten="30,8000,1" yaku="1,1,7,1,8,1,54,2,53,0" doraHai="65" doraHaiUra="97" who="3" fromWho="1" sc="250,0,240,-80,240,0,250,100" /><INIT seed="3,0,0,0,1,57" ten="250,160,240,350" oya="3" hai0="34,80,31,20,8,18,98,38,103,60,36,17,101" hai1="110,69,48,62,124,63,113,5,90,104,91,49,28" hai2="68,47,64,35,114,128,9,58,11,106,134,87,10" hai3="33,32,53,42,75,46,115,109,81,19,2,72,6"/><W86/><G109/><T76/><D34/><U126/><E104/><V4/><F114/><W92/><G115/><T61/><D31/><U99/><E113/><V120/><F35/><W16/><G33/><T102/><D98/><U22/><E110/><V105/><F68/><W95/><G32/><T94/><D94/><U29/><E69/><V30/><F30/><W119/><G119/><T97/><D97/><U52/><E5/><V1/><F128/><W112/><G112/><T45/><D8/><U13/><E99/><V37/><F120/><W50/><G72/><T12/><D18/><N who="3" m="6697" /><G75/><T100/><N who="0" m="25600" /><DORA hai="107" /><T108/><D108/><U73/><E73/><V14/><F87/><W59/><G6/><T88/><D88/><U40/><E52/><V129/><F47/><W77/><G2/><T7/><D7/><U82/><E40/><V21/><F37/><W85/><G85/><N who="0" m="48263" /><D38/><U66/><E66/><V3/><F4/><W70/><G70/><T51/><D36/><U26/><E82/><V123/><F10/><W54/><G42/><AGARI ba="0,0" hai="12,17,20,42,45,51,60,61" m="48263,25600" machi="42" ten="40,5200,0" yaku="8,1,52,2" doraHai="57,107" who="0" fromWho="3" sc="250,52,160,0,240,0,350,-52" /><INIT seed="4,0,0,4,2,8" ten="302,160,240,298" oya="0" hai0="35,22,89,85,93,103,70,124,27,46,92,132,57" hai1="30,37,65,95,48,16,44,78,104,24,80,125,76" hai2="119,134,14,64,52,1,73,110,4,118,59,29,38" hai3="5,77,90,71,97,135,43,68,33,15,61,83,115"/><T102/><D70/><U60/><E37/><V120/><F110/><W112/><G33/><T100/><D35/><U25/><E104/><V18/><F120/><W114/><G135/><T116/><D116/><N who="2" m="44586" /><F38/><W107/><G43/><T81/><D132/><U128/><E128/><V109/><F134/><W39/><G39/><T58/><D124/><U113/><E125/><V36/><F36/><W96/><G61/><T53/><D46/><U40/><E95/><V55/><F109/><W41/><G41/><T66/><D66/><U126/><E126/><V74/><F29/><W122/><G122/><T99/><D93/><U49/><E113/><V75/><F4/><W31/><G31/><T20/><D22/><U101/><E101/><V0/><F64/><W11/><G90/><T131/><D131/><U121/><E121/><V26/><F26/><W34/><G34/><T32/><D32/><U105/><E105/><V13/><F55/><W130/><G130/><T117/><D117/><U23/><E49/><N who="2" m="31119" /><F18/><W50/><G50/><T28/><REACH who="0" step="1"/><D58/><REACH who="0" ten="292,160,240,298" step="2"/><N who="1" m="37015" /><E80/><V129/><F129/><W111/><G111/><T88/><D88/><U12/><E30/><V84/><F84/><N who="3" m="48239" /><G107/><T106/><D106/><U123/><E123/><V9/><F9/><W10/><G71/><T45/><D45/><U7/><E7/><V98/><F98/><W69/><G69/><T51/><AGARI ba="0,1" hai="20,27,28,51,53,57,81,85,89,92,99,100,102,103" machi="51" ten="20,12000,1" yaku="1,1,0,1,7,1,8,1,53,1" doraHai="8" doraHaiUra="86" who="0" fromWho="0" sc="292,130,160,-40,240,-40,298,-40" /><INIT seed="4,1,0,5,0,4" ten="422,120,200,258" oya="0" hai0="100,22,126,112,25,36,50,71,23,60,70,114,115" hai1="135,133,109,68,17,65,0,120,119,26,53,47,32" hai2="48,38,56,1,123,34,20,110,19,64,11,7,130" hai3="78,77,73,98,125,3,61,14,6,62,58,66,16"/><T97/><D36/><U39/><E17/><V105/><F123/><W117/><G117/><T10/><D126/><U24/><E24/><V129/><F38/><W90/><G3/><T52/><D60/><U54/><E26/><N who="2" m="14623" /><F105/><W21/><G6/><T8/><D71/><U9/><E54/><N who="2" m="31815" /><F34/><W44/><G125/><T31/><D70/><U132/><E53/><V87/><F110/><W63/><G73/><T86/><D86/><U83/><E119/><V116/><F116/><W35/><G35/><T113/><D23/><U55/><E120/><V72/><F72/><W67/><G44/><N who="0" m="27719" /><D115/><U118/><E118/><V49/><F49/><W27/><G27/><T2/><D2/><U111/><E55/><V43/><F43/><W89/><G98/><T101/><D101/><U75/><E32/><V12/><F87/><W57/><G62/><T108/><D108/><U127/><E127/><V94/><F94/><AGARI ba="1,0" hai="8,10,22,25,31,94,97,100,112,113,114" m="27719" machi="94" ten="30,11600,0" yaku="15,1,52,2,54,1" doraHai="4" who="0" fromWho="2" sc="422,119,120,0,200,-119,258,0" /><INIT seed="4,2,0,0,3,129" ten="541,120,81,258" oya="0" hai0="104,68,117,41,70,105,122,112,83,79,56,87,74" hai1="39,60,46,110,11,106,102,27,97,72,42,64,120" hai2="47,93,49,54,44,22,10,8,132,26,78,28,95" hai3="92,52,32,21,94,125,80,1,29,89,88,101,135"/><T118/><D56/><U17/><E110/><V16/><F132/><W82/><G32/><T62/><D41/><U115/><E120/><V81/><F47/><W128/><G1/><T45/><D87/><U50/><E72/><V38/><F38/><W109/><G109/><T37/><D122/><U98/><E98/><V40/><F40/><W13/><G135/><T34/><D34/><U77/><E77/><V103/><F103/><W25/><G128/><T51/><D51/><U73/><E73/><V19/><F19/><W71/><G71/><N who="0" m="27179" /><D62/><U59/><E115/><V33/><F8/><W130/><G125/><T18/><D18/><U63/><E63/><V126/><F10/><W114/><G114/><T121/><D121/><U86/><E86/><V67/><F67/><W3/><G3/><T35/><D35/><U76/><E76/><V14/><REACH who="2" step="1"/><F126/><REACH who="2" ten="541,120,71,258" step="2"/><W108/><G130/><T133/><D133/><U69/><E11/><V58/><F58/><W100/><G108/><T30/><D112/><U55/><E17/><V24/><F24/><AGARI ba="2,1" hai="24,27,39,42,46,50,55,59,60,64,69,97,102,106" machi="24" ten="40,2600,0" yaku="24,2" doraHai="129" who="1" fromWho="2" sc="541,0,120,42,71,-32,258,0" /><INIT seed="5,0,0,0,1,61" ten="541,162,39,258" oya="1" hai0="74,5,60,7,37,70,3,27,36,52,119,128,78" hai1="6,123,24,108,1,67,98,62,35,99,46,87,57" hai2="14,32,133,31,12,126,20,50,95,45,113,71,101" hai3="118,77,64,39,122,100,135,69,54,121,102,23,107"/><U96/><E123/><V11/><F32/><W89/><G39/><T8/><D119/><U132/><E108/><V94/><F126/><W17/><G118/><T59/><D7/><U30/><E132/><V105/><F133/><W88/><G135/><T114/><D114/><U21/><E1/><V84/><F71/><W104/><G77/><T80/><D128/><U112/><E112/><V103/><F113/><W83/><G54/><T51/><REACH who="0" step="1"/><D27/><REACH who="0" ten="531,162,39,258" step="2"/><U41/><E6/><V16/><F31/><W97/><G122/><T76/><D76/><U15/><E15/><V22/><F14/><W38/><G121/><T73/><D73/><U63/><E35/><V25/><F25/><W4/><G4/><T40/><D40/><U120/><E120/><V129/><F129/><W86/><G107/><T116/><D116/><U125/><E125/><V10/><F105/><W19/><G104/><T13/><D13/><U44/><E41/><V58/><F12/><W131/><G131/><T109/><D109/><U127/><E127/><V134/><F134/><W115/><G115/><T42/><D42/><U55/><REACH who="1" step="1"/><E87/><REACH who="1" ten="531,152,39,258" step="2"/><V110/><F84/><W33/><G86/><T49/><D49/><U106/><E106/><V130/><F50/><W91/><G33/><T2/><D2/><U29/><E29/><V0/><F110/><W85/><G38/><T9/><D9/><U72/><E72/><V111/><F0/><W82/><G85/><T48/><D48/><U28/><E28/><V66/><F111/><W124/><G124/><T81/><D81/><U92/><E92/><V68/><F95/><RYUUKYOKU ba="0,2" sc="531,15,152,15,39,-15,258,-15" hai0="3,5,8,36,37,51,52,59,60,70,74,78,80" hai1="21,24,30,44,46,55,57,62,63,67,96,98,99" /><INIT seed="5,1,2,2,2,74" ten="546,167,24,243" oya="1" hai0="88,133,17,127,113,79,112,90,1,97,19,73,128" hai1="8,14,5,63,26,87,48,15,109,78,32,105,116" hai2="38,117,91,39,118,30,103,56,44,16,122,104,123" hai3="102,129,120,37,52,70,94,40,47,28,20,89,135"/><U75/><E116/><V107/><F16/><N who="0" m="6218" /><D1/><U2/><E75/><V110/><F30/><W66/><G120/><N who="2" m="46121" /><F103/><W9/><G129/><T11/><D127/><U80/><E105/><N who="2" m="40523" /><F56/><W64/><G135/><T45/><D128/><U85/><E109/><V55/><F44/><W65/><G102/><T131/><D131/><U124/><E124/><V61/><F61/><W43/><G70/><T27/><D11/><U3/><E63/><V134/><F55/><W49/><G37/><N who="2" m="13833" /><F91/><W24/><REACH who="3" step="1"/><G9/><REACH who="3" ten="546,167,24,233" step="2"/><T77/><D90/><U54/><E2/><V42/><F42/><W6/><G6/><T95/><D133/><U46/><REACH who="1" step="1"/><E87/><AGARI ba="1,3" hai="20,24,28,40,43,47,49,52,64,65,66,87,89,94" machi="87" ten="40,8000,1" yaku="1,1,8,1,54,1,53,1" doraHai="74" doraHaiUra="84" who="3" fromWho="1" sc="546,0,167,-83,24,0,233,113" /><INIT seed="6,0,0,5,0,24" ten="546,84,24,346" oya="2" hai0="40,76,90,6,1,8,13,36,23,34,128,27,100" hai1="75,102,39,56,62,88,38,105,4,121,49,98,106" hai2="122,50,60,16,96,92,130,85,104,97,126,9,51" hai3="72,82,71,131,70,118,55,17,59,112,45,46,74"/><V52/><F122/><W3/><G3/><T28/><D100/><U108/><E108/><V33/><F33/><W20/><G118/><T7/><D76/><U53/><E75/><V86/><F104/><W25/><G131/><T123/><D90/><U69/><E121/><V42/><F130/><W93/><G112/><T68/><D68/><U61/><E106/><V19/><F126/><W12/><G70/><T127/><D40/><U91/><E4/><V31/><F31/><W11/><G71/><T5/><D36/><U78/><E78/><V35/><F35/><W95/><G74/><T66/><D66/><U110/><E110/><V133/><F133/><W30/><G82/><T47/><D47/><N who="3" m="17929" /><G72/><T119/><D123/><U120/><E120/><V77/><F42/><W115/><G115/><T15/><D127/><U48/><E39/><V57/><F96/><W99/><G99/><T107/><D107/><U129/><E38/><V63/><F51/><AGARI ba="0,0" hai="11,12,17,20,25,30,51,55,59,93,95" m="17929" machi="51" ten="30,2000,0" yaku="8,1,52,1" doraHai="24" who="3" fromWho="2" sc="546,0,84,0,24,-20,346,20" /><INIT seed="7,0,0,3,4,59" ten="546,84,4,366" oya="3" hai0="63,114,69,90,60,130,110,95,96,81,128,67,20" hai1="31,51,35,23,27,117,6,45,105,97,56,64,36" hai2="103,111,100,8,4,43,127,26,80,5,54,123,71" hai3="24,38,92,1,88,32,44,102,74,19,122,94,50"/><W84/><G122/><T48/><D110/><U133/><E133/><V0/><F43/><W33/><G74/><T28/><D114/><U30/><E117/><V83/><F71/><W39/><G19/><T118/><D118/><U129/><E129/><N who="0" m="49769" /><D48/><U18/><E36/><V79/><F111/><W99/><G1/><T106/><D106/><U58/><E6/><V17/><F123/><W40/><REACH who="3" step="1"/><G24/><REACH who="3" ten="546,84,4,356" step="2"/><N who="0" m="16391" /><D63/><U91/><E18/><V98/><F17/><W132/><G132/><T116/><D116/><U125/><E27/><V113/><F5/><W11/><G11/><T131/><D131/><U46/><E31/><V22/><F113/><W65/><G65/><T104/><D104/><U112/><E30/><V37/><F26/><W70/><G70/><T76/><D76/><U68/><E64/><V34/><F79/><W53/><G53/><T115/><D115/><U47/><E68/><V119/><F54/><W101/><G101/><T25/><D25/><U86/><E105/><V85/><F119/><W93/><G93/><T89/><D81/><U13/><E112/><V12/><F83/><W126/><G126/><T15/><D15/><U120/><E125/><V134/><F127/><W135/><G135/><T75/><D75/><U55/><E13/><V124/><F124/><W10/><G10/><T21/><D21/><U73/><E23/><V3/><F134/><W29/><G29/><T9/><D9/><U42/><E73/><V61/><F34/><AGARI ba="0,1" hai="32,33,34,38,39,40,44,50,84,88,92,94,99,102" machi="34" ten="40,3900,0" yaku="1,1,54,1,53,0" doraHai="59" doraHaiUra="49" who="3" fromWho="2" sc="546,0,84,0,4,-39,356,49" owari="546,64.6,84,-31.6,-35,-53.5,405,20.5" /></mjloggm>