<mjloggm ver="2.3"><GO type="41" lobby="0"/><UN n0="%E2%93%9D%4C%75%63%6B%79%4A" n1="%E5%85%AB%E5%88%87%E6%AD%A2%E5%A4%AB%E2%98%86" n2="%67%65%6E%35%35" n3="%E3%81%B3%E3%81%82%E3%82%93%E3%81%8B" dan="18,14,15,15" rate="2161.90,1972.66,2052.60,2043.33" sx="M,M,M,M"/><TAIKYOKU oya="0"/><INIT seed="0,0,0,3,5,29" ten="250,250,250,250" oya="0" hai0="91,88,85,62,23,116,28,75,35,117,102,15,125" hai1="98,61,127,13,87,108,14,3,45,9,74,129,48" hai2="76,10,69,51,95,78,133,66,97,79,80,107,54" hai3="119,73,72,32,118,109,94,100,132,89,126,43,39"/><T81/><D75/><U49/><E74/><V38/><F38/><W112/><G112/><T31/><D102/><U8/><E3/><V101/><F133/><W131/><G43/><T33/><D62/><U68/><E127/><V130/><F130/><W124/><G39/><T30/><D125/><N who="3" m="48233" /><G131/><T106/><D106/><U0/><E0/><V2/><F66/><W104/><G132/><T52/><D52/><U84/><E129/><V18/><F69/><W44/><G44/><T16/><REACH who="0" step="1"/><D91/><REACH who="0" ten="240,250,250,250" step="2"/><U111/><E61/><V50/><F107/><W115/><G104/><T83/><D83/><U53/><E53/><V90/><F54/><W21/><G100/><T120/><D120/><U56/><E45/><V77/><F50/><W114/><G114/><T24/><D24/><U4/><E56/><V42/><F51/><W60/><G115/><T65/><D65/><U19/><E68/><V135/><F101/><W134/><G60/><T17/><D17/><U58/><E58/><V93/><F90/><W41/><G89/><T128/><D128/><U46/><E46/><V27/><F18/><W67/><G67/><T47/><D47/><U103/><E103/><V99/><F78/><W96/><G73/><T11/><D11/><U92/><E19/><V6/><F79/><W1/><G72/><T36/><D36/><U40/><E92/><V7/><F77/><W121/><G94/><T55/><D55/><U70/><E70/><V71/><F76/><W122/><G121/><T26/><D26/><U63/><E63/><V110/><F95/><W57/><G122/><T22/><D22/><RYUUKYOKU ba="0,1" sc="240,30,250,-10,250,-10,250,-10" hai0="15,16,23,28,30,31,33,35,81,85,88,116,117" /><INIT seed="0,1,1,5,5,23" ten="270,240,240,240" oya="0" hai0="65,108,88,93,38,24,110,102,63,60,75,96,28" hai1="123,26,59,55,37,47,3,111,125,94,117,15,18" hai2="131,16,73,130,100,42,41,128,83,36,5,35,133" hai3="120,121,58,50,129,56,113,122,95,43,33,132,1"/><T4/><D75/><U80/><E111/><N who="0" m="42537" /><D38/><U51/><E117/><V82/><F35/><W46/><G1/><T77/><D77/><U72/><E123/><V119/><F119/><W66/><G33/><N who="0" m="20615" /><D4/><U124/><E3/><V17/><F5/><W48/><G113/><T49/><D49/><U27/><E94/><V115/><F133/><W62/><G95/><N who="0" m="58655" /><D65/><U78/><E37/><V39/><F115/><W13/><G13/><T118/><D118/><U34/><E34/><V25/><F131/><W116/><G116/><T10/><D10/><U84/><E72/><V29/><F73/><W126/><G132/><T7/><D7/><U81/><E81/><V22/><F100/><W0/><G0/><T109/><N who="0" m="42545" /><T11/><DORA hai="12" /><D11/><N who="1" m="6527" /><E125/><V114/><F114/><W32/><G32/><T85/><AGARI ba="1,1" hai="60,63,85,88,93" m="58655,20615,42545" machi="85" ten="40,12000,1" yaku="14,1,10,1,52,1,54,1" doraHai="23,12" who="0" fromWho="0" sc="270,133,240,-41,240,-41,240,-41" /><INIT seed="0,2,0,3,5,64" ten="403,199,199,199" oya="0" hai0="33,133,66,114,46,39,72,70,99,20,129,2,115" hai1="96,21,0,63,106,83,97,75,16,120,104,53,45" hai2="98,125,94,108,30,41,89,118,132,59,4,85,43" hai3="119,78,48,87,80,13,107,122,105,100,14,79,32"/><T73/><D20/><U52/><E120/><V12/><F118/><W61/><G119/><T111/><D99/><U121/><E0/><V3/><F3/><W91/><G32/><T84/><D84/><U86/><E75/><N who="0" m="28745" /><D129/><U130/><E130/><V81/><F30/><W29/><G29/><T123/><D123/><U51/><E106/><V18/><F4/><W60/><G122/><T109/><D133/><U28/><E28/><V55/><F132/><W131/><G131/><T113/><D2/><U50/><E63/><V27/><F27/><W116/><G116/><T10/><D10/><U65/><E65/><V58/><F58/><W40/><G100/><T24/><D24/><N who="1" m="14375" /><E104/><V26/><F26/><W134/><G134/><T88/><D33/><U7/><E7/><V42/><F125/><W36/><G107/><T103/><D103/><U47/><E121/><V69/><F69/><W135/><G135/><T17/><D17/><U127/><E127/><V15/><F18/><W5/><G5/><T92/><D70/><U74/><E74/><V128/><F128/><W110/><G105/><T124/><D66/><U56/><E56/><V9/><F9/><W1/><G1/><T19/><D19/><U117/><E117/><V35/><F35/><W54/><G13/><T71/><D71/><U34/><E34/><V101/><F108/><N who="0" m="41546" /><D124/><U22/><E22/><V67/><F67/><W112/><G110/><T11/><D11/><U23/><E23/><V76/><F101/><W6/><G6/><T44/><D39/><U102/><E102/><V82/><F82/><W38/><G38/><RYUUKYOKU ba="2,0" sc="403,10,199,10,199,10,199,-30" hai0="44,46,88,92,113,114,115" hai1="45,47,50,51,52,53,83,86,96,97" hai2="12,15,41,42,43,55,59,76,81,85,89,94,98" /><INIT seed="0,3,0,2,3,83" ten="413,209,209,169" oya="0" hai0="89,101,23,52,61,3,121,1,60,18,105,14,129" hai1="71,15,34,133,66,127,98,102,116,134,49,36,80" hai2="24,110,0,106,70,91,85,109,2,25,31,111,54" hai3="65,94,8,27,123,11,117,10,45,67,84,33,59"/><T39/><D121/><U81/><E36/><V51/><F70/><W5/><G117/><T88/><D39/><U47/><E116/><V97/><F25/><W32/><G123/><T107/><D129/><U78/><E81/><N who="2" m="49583" /><F97/><W79/><G27/><T115/><D115/><U125/><E15/><V82/><F82/><W74/><G74/><T113/><D113/><U43/><E34/><N who="2" m="20839" /><F106/><W100/><G5/><T120/><D120/><U77/><E66/><V104/><F104/><W28/><G33/><T108/><D101/><U95/><E71/><V118/><F118/><W69/><G28/><T19/><D14/><U53/><E53/><V26/><F26/><W122/><G32/><T96/><D96/><U62/><E62/><V4/><F4/><W55/><G45/><AGARI ba="3,0" hai="0,2,45,51,54,109,110,111" m="20839,49583" machi="45" ten="30,2000,0" yaku="14,1,52,1" doraHai="83" who="2" fromWho="3" sc="413,0,209,0,209,29,169,-29" /><INIT seed="1,0,0,2,5,73" ten="413,209,238,140" oya="1" hai0="71,40,120,43,87,28,22,86,104,112,66,76,103" hai1="29,61,113,64,95,52,91,57,111,78,127,105,48" hai2="114,126,17,122,4,44,68,8,94,72,77,124,117" hai3="11,93,102,84,130,25,38,70,59,132,101,10,116"/><U85/><E113/><V100/><F122/><W19/><G38/><T21/><D112/><U1/><E127/><N who="2" m="48683" /><F117/><W106/><G70/><T58/><D71/><U108/><E105/><V18/><F68/><W92/><G106/><T6/><D6/><U56/><E1/><N who="2" m="15" /><F114/><W24/><G132/><T110/><D28/><U9/><E9/><V51/><F100/><W97/><G116/><T82/><D110/><N who="1" m="42027" /><E29/><V53/><F94/><W96/><G84/><T123/><D87/><U115/><E115/><V131/><F131/><W36/><G36/><T80/><D103/><U33/><E33/><V109/><F109/><W16/><REACH who="3" step="1"/><G59/><REACH who="3" ten="413,209,238,130" step="2"/><T75/><D58/><U99/><E85/><V35/><F35/><W133/><G133/><T2/><D86/><U65/><E65/><V129/><F129/><AGARI ba="0,1" hai="10,11,16,19,24,25,92,93,96,97,101,102,129,130" machi="129" ten="25,6400,0" yaku="1,1,22,2,54,1,53,0" doraHai="73" doraHaiUra="27" who="3" fromWho="2" sc="413,0,209,0,238,-64,130,74" /><INIT seed="2,0,0,1,5,34" ten="413,209,174,204" oya="2" hai0="20,83,115,125,8,36,112,32,31,101,14,57,33" hai1="51,49,88,77,104,75,48,60,74,19,105,108,16" hai2="98,124,116,59,13,44,2,94,26,119,70,3,106" hai3="58,29,103,65,73,78,81,130,129,4,102,89,85"/><V40/><F70/><W93/><G29/><T42/><D101/><N who="3" m="38409" /><G4/><T30/><D83/><U92/><E108/><V84/><F106/><W53/><G58/><T35/><D42/><U71/><E105/><V41/><F59/><W55/><G65/><T133/><D36/><U5/><E5/><V46/><F26/><W54/><G54/><T12/><D125/><U111/><E111/><V27/><F27/><W90/><G53/><T18/><D133/><U118/><E118/><V79/><F124/><W126/><G55/><T131/><D131/><N who="3" m="50185" /><G90/><T9/><D57/><U86/><E104/><V61/><F61/><W66/><G66/><T113/><D20/><U56/><E71/><V80/><F13/><W69/><G69/><T43/><D43/><U87/><E75/><V17/><F17/><AGARI ba="0,0" hai="8,9,12,14,17,18,30,31,32,33,35,112,113,115" machi="17" ten="50,8000,1" yaku="9,1,34,3" doraHai="34" who="0" fromWho="2" sc="413,80,209,0,174,-80,204,0" /><INIT seed="3,0,0,2,5,94" ten="493,209,94,204" oya="3" hai0="75,67,107,11,5,125,121,86,68,19,106,120,114" hai1="8,119,134,132,95,30,72,40,123,84,7,46,112" hai2="49,20,31,76,51,127,16,57,29,99,37,100,135" hai3="77,65,35,59,96,81,55,2,62,93,79,82,14"/><W122/><G35/><T71/><D86/><U61/><E72/><V83/><F37/><W60/><G122/><T131/><D19/><U85/><E123/><N who="0" m="47177" /><D67/><U10/><E30/><V21/><F135/><W39/><G39/><T45/><D45/><U52/><E119/><V129/><F129/><W13/><G2/><T69/><D75/><U128/><E128/><V48/><F127/><W124/><G124/><T28/><D28/><U109/><E109/><V25/><F21/><W32/><G32/><T78/><D78/><U80/><E95/><V73/><REACH who="2" step="1"/><F57/><REACH who="2" ten="493,209,84,204" step="2"/><W58/><G58/><T34/><D131/><U97/><E134/><V26/><F26/><W4/><G59/><T90/><D125/><U47/><E132/><V18/><F18/><W63/><G4/><T126/><D5/><U105/><E7/><V117/><F117/><W113/><G65/><T12/><D126/><U56/><E56/><V41/><F41/><W108/><G108/><T9/><D71/><U101/><E40/><V36/><F36/><W133/><G133/><T87/><D69/><U17/><E17/><V92/><AGARI ba="0,1" hai="16,20,25,29,31,48,49,51,73,76,83,92,99,100" machi="92" ten="30,8000,1" yaku="1,1,0,1,52,1,54,1,53,1" doraHai="94" doraHaiUra="15" who="2" fromWho="2" sc="493,-20,209,-20,84,90,204,-40" /><INIT seed="4,0,0,2,5,6" ten="473,189,174,164" oya="0" hai0="108,121,135,58,73,52,94,127,48,101,54,109,105" hai1="61,35,81,89,38,34,71,28,23,51,103,56,63" hai2="26,37,132,97,33,112,41,0,125,4,129,27,36" hai3="14,50,111,57,107,113,85,69,45,43,40,9,115"/><T39/><D73/><U133/><E38/><V86/><F112/><N who="3" m="43083" /><G107/><T49/><D105/><U91/><E23/><V7/><F132/><W80/><G69/><T75/><D75/><U47/><E71/><V62/><F129/><W82/><G57/><T25/><D121/><U24/><E103/><V123/><F125/><W116/><G116/><T134/><D25/><U13/><E35/><V66/><F123/><W95/><G111/><N who="0" m="42571" /><D39/><U29/><E29/><V128/><F128/><W122/><G122/><T99/><D127/><U12/><E63/><V79/><F41/><N who="3" m="24879" /><G95/><T44/><AGARI ba="0,0" hai="44,48,49,52,54,58,94,99,101,134,135" m="42571" machi="44" ten="30,3000,0" yaku="10,1,54,1" doraHai="6" who="0" fromWho="0" sc="473,30,189,-10,174,-10,164,-10" /><INIT seed="4,1,0,0,3,29" ten="503,179,164,154" oya="0" hai0="27,88,57,90,78,69,92,87,3,74,101,70,34" hai1="10,15,33,39,96,44,58,63,0,60,6,81,64" hai2="32,25,36,118,8,42,109,77,38,26,41,1,9" hai3="135,62,129,79,106,72,130,28,107,49,45,68,50"/><T97/><D3/><U23/><E33/><V115/><F109/><W19/><G28/><N who="0" m="19743" /><D90/><U86/><E96/><V4/><F118/><W110/><G110/><T108/><D57/><U114/><E114/><V99/><F115/><W12/><G68/><T111/><D111/><U85/><E85/><V52/><F99/><W35/><G35/><T17/><D17/><U11/><E23/><V66/><F66/><W22/><G62/><T48/><D48/><U73/><E63/><V117/><F117/><W2/><G2/><T113/><D113/><U94/><E94/><V46/><F77/><W112/><G112/><T59/><D59/><U105/><E105/><V132/><F132/><W131/><G135/><T37/><D37/><U61/><E61/><V95/><F95/><W65/><G65/><T51/><D51/><N who="3" m="19465" /><G45/><T126/><D126/><U43/><E73/><V5/><F32/><W83/><AGARI ba="1,0" hai="12,19,22,72,79,83,106,107,129,130,131" m="19465" machi="83" ten="40,1500,0" yaku="19,1" doraHai="29" who="3" fromWho="3" sc="503,-8,179,-5,164,-5,154,18" /><INIT seed="5,0,0,4,5,46" ten="495,174,159,172" oya="1" hai0="41,94,15,106,7,130,29,81,60,56,34,42,9" hai1="101,8,118,57,66,24,119,69,87,13,91,6,78" hai2="55,58,92,112,52,30,11,43,14,71,111,50,95" hai3="2,73,90,88,63,97,104,108,32,110,70,105,40"/><U4/><E69/><V16/><F111/><W132/><G2/><T89/><D106/><U93/><E119/><V36/><F71/><W25/><G40/><T124/><D124/><U44/><E118/><V53/><F112/><W38/><G38/><T102/><D130/><U54/><E101/><V47/><F30/><N who="3" m="19535" /><G73/><T12/><D34/><U131/><E131/><V134/><F134/><W39/><G39/><T49/><D29/><U21/><E44/><V80/><F80/><W17/><G17/><T48/><D15/><U121/><E121/><V0/><F0/><W51/><G51/><N who="0" m="19531" /><D81/><U107/><E107/><V100/><F95/><W75/><G75/><T10/><D10/><U74/><E74/><V84/><F84/><W3/><G3/><T19/><D102/><U129/><E129/><V103/><REACH who="2" step="1"/><F103/><REACH who="2" ten="495,174,149,172" step="2"/><W68/><G68/><T82/><D82/><U85/><E85/><V31/><F31/><W125/><G105/><T86/><D19/><U23/><E4/><V45/><F45/><W79/><G110/><T113/><D113/><U26/><E78/><V62/><F62/><W76/><G79/><T96/><D86/><U72/><E72/><V65/><F65/><AGARI ba="0,1" hai="7,9,12,41,42,56,60,65,89,94,96" m="19531" machi="65" ten="30,7700,0" yaku="8,1,52,3" doraHai="46" who="0" fromWho="2" sc="495,87,174,0,149,-77,172,0" /><INIT seed="6,0,0,1,2,78" ten="582,174,72,172" oya="2" hai0="105,89,86,106,34,7,0,61,15,33,73,84,118" hai1="104,69,65,58,81,85,87,107,66,123,77,52,127" hai2="17,59,130,8,121,14,125,64,114,38,53,67,129" hai3="94,120,46,102,122,10,19,1,29,99,11,37,12"/><V132/><F121/><W60/><G29/><T110/><D73/><U115/><E127/><V35/><F38/><W68/><G68/><T83/><D110/><U18/><E123/><V40/><F40/><W13/><G1/><T75/><D75/><U63/><E115/><V36/><F36/><W24/><G24/><T70/><D0/><U92/><E107/><V93/><F35/><W55/><G60/><T133/><D133/><U124/><E104/><V56/><F114/><W41/><REACH who="3" step="1"/><G55/><REACH who="3" ten="582,174,72,162" step="2"/><T26/><D26/><U32/><E69/><V43/><F132/><W47/><G47/><T90/><D61/><U25/><E124/><V98/><F125/><W97/><G97/><T116/><D70/><U95/><E32/><V128/><F43/><W2/><G2/><T27/><D27/><U22/><E66/><N who="2" m="25131" /><F53/><W135/><G135/><T62/><D62/><U50/><E65/><V23/><F23/><W48/><G48/><T96/><D34/><U117/><E117/><V82/><F82/><W45/><G45/><T111/><D33/><U112/><E112/><V21/><F21/><W57/><G57/><T9/><D118/><U39/><E39/><V108/><F108/><W42/><G42/><T72/><D111/><U76/><E50/><V5/><F17/><AGARI ba="0,1" hai="10,11,12,13,17,19,37,41,46,94,99,102,120,122" machi="17" ten="30,3900,0" yaku="1,1,7,1,9,1,53,0" doraHai="78" doraHaiUra="113" who="3" fromWho="2" sc="582,0,174,0,72,-39,162,49" /><INIT seed="7,0,0,3,0,4" ten="582,174,33,211" oya="3" hai0="30,113,7,83,16,122,55,94,6,110,37,80,63" hai1="92,89,0,74,50,121,96,87,133,38,57,76,58" hai2="14,54,72,11,53,104,70,125,32,23,77,75,15" hai3="86,36,135,105,2,25,109,67,129,47,42,24,88"/><W40/><G2/><T21/><D122/><U111/><E0/><V69/><F23/><W123/><G105/><T5/><D37/><U106/><E38/><V10/><F104/><W127/><G123/><T114/><D30/><U68/><E68/><V99/><F99/><W98/><G42/><T27/><D110/><U13/><E111/><V81/><F81/><N who="0" m="31306" /><D94/><U100/><E121/><V26/><F26/><W60/><G109/><T126/><D126/><U101/><E101/><V19/><F19/><W82/><G129/><T22/><D22/><U62/><E133/><V66/><F66/><W134/><G127/><T102/><D102/><U1/><E1/><V3/><F125/><W85/><G85/><T84/><D84/><U35/><E35/><V73/><F3/><W116/><G116/><T131/><D131/><U65/><E74/><V93/><F93/><W120/><G98/><T51/><D63/><U128/><E76/><V90/><F90/><W71/><REACH who="3" step="1"/><G120/><REACH who="3" ten="582,174,33,201" step="2"/><T118/><D118/><U44/><E128/><V115/><F73/><W46/><G46/><N who="0" m="28151" /><D114/><U59/><E44/><V8/><F115/><W61/><G61/><T117/><D113/><U52/><E62/><V28/><F75/><W97/><G97/><T64/><D117/><U132/><E65/><AGARI ba="0,1" hai="5,6,7,16,21,27,64,65" m="28151,31306" machi="65" ten="30,2000,0" yaku="8,1,54,1" doraHai="4" who="0" fromWho="1" sc="582,30,174,-20,33,0,201,0" owari="612,71.2,154,-24.6,33,-46.7,201,0.1" /></mjloggm>