<mjloggm ver="2.3"><GO type="9" lobby="0"/><UN n0="%74%61%6B%61%34%33%32%26" n1="%72%68%79%74%68%6D%2E%30" n2="%E3%81%8A%E3%81%8A%E3%81%AA%E3%82%8A" n3="%E2%93%9D%4C%75%63%6B%79%4A" dan="11,7,9,1" rate="1765.27,1470.93,1514.65,1485.56" sx="M,M,M,M"/><TAIKYOKU oya="0"/><INIT seed="0,0,0,4,4,1" ten="250,250,250,250" oya="0" hai0="134,52,70,66,47,131,109,21,63,68,123,43,89" hai1="39,75,118,67,78,102,108,46,22,29,120,12,127" hai2="82,34,33,17,112,24,55,80,88,3,49,45,124" hai3="57,107,10,104,85,84,71,28,87,111,117,56,62"/><T35/><D123/><U54/><E118/><V74/><F112/><W15/><G117/><T4/><D134/><U58/><E67/><V105/><F105/><W119/><G119/><T91/><D131/><U135/><E102/><V20/><F124/><W53/><G71/><T77/><D70/><U31/><E78/><V61/><F3/><W32/><G111/><T18/><D35/><U90/><E75/><V6/><F6/><W92/><G28/><T19/><D109/><U16/><E120/><V97/><F61/><W100/><G32/><T30/><D77/><U9/><E108/><V114/><F114/><W7/><REACH who="3" step="1"/><G57/><REACH who="3" ten="250,250,250,240" step="2"/><T65/><D30/><U13/><E135/><V83/><F34/><W128/><G128/><T0/><D65/><U133/><E133/><V93/><F33/><W25/><G25/><T41/><D41/><U116/><E116/><V130/><F130/><W44/><G44/><T40/><D40/><U95/><E46/><V96/><F74/><W37/><G37/><T76/><D43/><U26/><E26/><V81/><N who="2" m="20480" /><DORA hai="129" /><V110/><REACH who="2" step="1"/><F110/><REACH who="2" ten="250,250,240,240" step="2"/><W23/><G23/><T132/><D76/><U38/><E127/><V103/><F103/><W59/><G59/><T51/><D19/><N who="1" m="8591" /><E39/><V36/><F36/><W11/><G11/><T126/><D132/><U125/><E38/><V8/><F8/><W5/><G5/><T60/><D126/><U48/><E125/><V115/><F115/><W121/><G121/><T2/><D63/><U101/><E101/><V73/><F73/><W64/><G64/><T122/><D122/><U106/><E106/><RYUUKYOKU ba="0,2" sc="250,-30,250,10,240,10,240,10" hai1="13,16,22,29,31,48,54,58,90,95" hai2="17,20,24,45,49,55,88,93,96,97" hai3="7,10,15,53,56,62,84,85,87,92,100,104,107" /><INIT seed="1,1,2,0,4,33" ten="220,260,250,250" oya="1" hai0="51,123,57,15,45,116,5,25,106,63,85,94,97" hai1="93,21,65,92,108,129,60,114,62,87,47,119,111" hai2="39,115,43,102,77,74,50,26,61,128,18,95,30" hai3="56,40,16,88,110,112,132,91,44,81,69,99,107"/><U90/><E119/><V73/><F115/><W84/><G112/><T72/><D116/><U125/><E125/><V36/><F77/><W100/><G69/><T1/><D106/><U101/><E114/><V6/><F6/><W70/><G70/><T130/><D130/><U9/><E129/><V89/><F128/><W79/><G110/><N who="1" m="42026" /><E65/><V124/><F124/><W59/><G132/><T8/><D72/><U66/><E66/><V42/><F102/><W117/><G117/><T113/><D113/><U29/><E9/><V75/><F18/><W3/><G3/><T27/><D123/><U0/><E0/><V38/><F61/><N who="1" m="23657" /><E101/><V103/><F103/><W67/><G67/><T118/><D85/><U122/><E47/><V11/><F11/><W64/><G64/><T58/><D118/><U54/><E54/><V32/><REACH who="2" step="1"/><F50/><REACH who="2" ten="220,260,240,250" step="2"/><W12/><G79/><T7/><D63/><U78/><E78/><V104/><F104/><W127/><G127/><T28/><D5/><U120/><E93/><V53/><F53/><W96/><G100/><N who="0" m="60471" /><D1/><U10/><E10/><V52/><F52/><W48/><G107/><T109/><D109/><U98/><E98/><AGARI ba="1,3" hai="26,30,32,36,38,39,42,43,73,74,75,89,95,98" machi="98" ten="50,1600,0" yaku="1,1,53,0" doraHai="33" doraHaiUra="133" who="2" fromWho="1" sc="220,0,260,-19,240,49,250,0" /><INIT seed="2,0,0,1,4,13" ten="220,241,289,250" oya="2" hai0="86,123,107,25,92,133,125,96,126,117,3,111,8" hai1="131,105,32,90,41,85,57,55,7,26,99,88,106" hai2="68,43,53,34,120,103,46,18,1,58,23,10,14" hai3="73,128,69,54,87,132,12,5,78,82,98,122,22"/><V127/><F120/><W95/><G122/><T61/><D123/><U11/><E41/><V113/><F113/><W70/><G132/><T114/><D117/><U64/><E64/><V94/><F68/><W47/><G128/><T42/><D114/><U20/><E32/><V80/><F80/><W29/><G73/><T51/><D133/><U84/><E131/><V65/><F127/><N who="0" m="48650" /><D111/><U60/><E106/><V77/><F77/><W39/><G5/><N who="0" m="1087" /><D107/><U118/><E90/><V83/><F83/><W62/><G39/><T116/><D116/><U59/><E59/><V91/><F1/><W124/><G70/><T2/><D2/><U4/><E4/><V71/><F71/><W30/><G69/><T27/><D86/><U56/><E56/><V74/><F74/><W33/><G33/><T40/><D61/><U76/><E76/><V6/><F103/><W104/><G62/><T97/><D97/><U101/><E88/><V110/><F110/><W119/><G104/><T115/><D115/><U45/><E45/><V17/><F34/><W109/><G109/><T35/><D35/><U108/><E118/><V19/><F65/><W31/><G124/><T75/><D75/><U36/><E36/><V38/><F23/><W0/><G22/><T63/><D63/><U79/><E108/><V100/><F100/><N who="3" m="60511" /><G119/><T67/><D67/><U81/><E85/><N who="2" m="52591" /><F19/><W48/><G0/><T112/><D112/><U121/><E121/><V16/><F16/><W93/><G93/><T134/><D134/><U130/><E130/><V28/><F28/><W66/><G66/><T50/><D42/><RYUUKYOKU ba="0,0" sc="220,-15,241,-15,289,15,250,15" hai2="6,10,14,17,18,38,43,46,53,58" hai3="12,29,30,31,47,48,54,78,82,87" /><INIT seed="2,1,0,5,5,101" ten="205,226,304,265" oya="2" hai0="99,49,62,17,36,37,44,109,106,35,63,131,100" hai1="51,4,93,18,124,7,108,14,25,16,38,118,113" hai2="135,20,88,69,70,0,121,30,85,103,129,53,111" hai3="126,10,119,67,72,48,71,22,115,77,79,133,56"/><V47/><F121/><W116/><G72/><T26/><D109/><U65/><E118/><V24/><F129/><W87/><G71/><T92/><D131/><U2/><E113/><V86/><F111/><W12/><G115/><T64/><D63/><U11/><E108/><V120/><F120/><W84/><G22/><T59/><D92/><U42/><E38/><V23/><F135/><W13/><G10/><T58/><D37/><U122/><E124/><V96/><F0/><W81/><G67/><T8/><D8/><U80/><E122/><V107/><F23/><W125/><G48/><T130/><D130/><U50/><E93/><V27/><F86/><W21/><G21/><T95/><D36/><U83/><E2/><V41/><F53/><W32/><G56/><T34/><D34/><U94/><E65/><V75/><F75/><W60/><G60/><T132/><D132/><U102/><E102/><V66/><F27/><W40/><G40/><T55/><D95/><U6/><E94/><V15/><F15/><W117/><G32/><T29/><REACH who="0" step="1"/><D17/><REACH who="0" ten="195,226,304,265" step="2"/><U61/><E61/><V73/><F73/><W9/><G133/><T1/><D1/><U57/><E50/><V3/><F3/><W98/><G119/><T74/><D74/><U91/><E83/><V112/><F112/><W110/><G110/><T39/><D39/><U31/><E80/><V97/><F66/><W68/><G81/><T19/><D19/><U28/><E18/><V105/><F70/><AGARI ba="1,1" hai="26,29,35,44,49,55,58,59,62,64,70,99,100,106" machi="70" ten="30,8000,1" yaku="1,1,7,1,25,2,52,1,53,0" doraHai="101" doraHaiUra="134" who="0" fromWho="2" sc="195,93,226,0,304,-83,265,0" /><INIT seed="3,0,0,4,1,114" ten="288,226,221,265" oya="3" hai0="34,92,15,61,96,105,6,40,78,28,33,130,55" hai1="43,62,52,134,107,1,120,20,0,10,116,126,115" hai2="119,91,4,65,38,25,18,111,132,89,46,76,77" hai3="73,57,36,101,49,24,122,86,127,53,71,14,7"/><W135/><G122/><T42/><D130/><U8/><E120/><V22/><F111/><W44/><G73/><T124/><D124/><U82/><E126/><V17/><F65/><W58/><G127/><T69/><D105/><U80/><E134/><V99/><F119/><W70/><G101/><T110/><D110/><U72/><E107/><V85/><F4/><W19/><G7/><T56/><D78/><U118/><E43/><N who="0" m="16425" /><D69/><U88/><E20/><V83/><F132/><W129/><G36/><T11/><D34/><U133/><E133/><V21/><F99/><W54/><G24/><T16/><D33/><U121/><E121/><V100/><F100/><W31/><G31/><T64/><D28/><U113/><E72/><V41/><REACH who="2" step="1"/><F77/><REACH who="2" ten="288,226,211,265" step="2"/><W12/><G135/><T123/><D123/><U98/><E98/><V103/><F103/><W131/><G131/><T30/><D30/><U26/><E88/><V32/><F32/><W13/><G129/><T97/><D6/><U48/><E62/><V79/><F79/><W81/><G71/><T95/><D97/><U63/><E63/><V27/><AGARI ba="0,1" hai="17,18,21,22,25,27,38,41,46,76,83,85,89,91" machi="27" ten="20,5200,0" yaku="1,1,0,1,7,1,9,1,53,0" doraHai="114" doraHaiUra="5" who="2" fromWho="2" sc="288,-13,226,-13,211,62,265,-26" /><INIT seed="4,0,0,2,3,134" ten="275,213,273,239" oya="0" hai0="79,72,62,87,34,133,25,104,129,130,96,77,6" hai1="14,3,66,9,110,84,23,29,28,40,118,100,69" hai2="58,128,17,55,44,63,74,48,101,46,82,107,26" hai3="36,76,39,125,91,51,16,127,7,80,19,56,27"/><T106/><D133/><U89/><E110/><V21/><F74/><W132/><G7/><T124/><D6/><U81/><E118/><V12/><F128/><N who="0" m="49258" /><D62/><U13/><E3/><V20/><F82/><W31/><G91/><T121/><D121/><U42/><E66/><V103/><F107/><N who="0" m="41002" /><D25/><U90/><E69/><V47/><REACH who="2" step="1"/><F63/><REACH who="2" ten="275,213,263,239" step="2"/><W68/><G80/><N who="0" m="45095" /><D34/><U105/><E105/><V88/><F88/><W119/><G76/><T116/><D116/><U126/><E100/><V60/><F60/><W10/><G119/><T95/><D79/><N who="1" m="46143" /><E29/><AGARI ba="0,1" hai="12,17,20,21,26,29,44,46,47,48,55,58,101,103" machi="29" ten="40,2600,0" yaku="1,1,8,1,53,0" doraHai="134" doraHaiUra="37" who="2" fromWho="1" sc="275,0,213,-26,263,36,239,0" /><INIT seed="5,0,0,0,5,134" ten="275,187,299,239" oya="1" hai0="99,29,104,16,14,31,124,123,47,128,71,12,23" hai1="108,38,36,133,72,33,90,97,94,46,3,117,21" hai2="5,78,80,52,66,81,1,18,24,87,127,43,40" hai3="2,63,45,91,10,119,102,96,37,70,65,32,39"/><U61/><E33/><V68/><F68/><W88/><G119/><T84/><D71/><U107/><E117/><V57/><F66/><W86/><G32/><T126/><D123/><U79/><E3/><V6/><F1/><W129/><G129/><T4/><D128/><U44/><E133/><V58/><F127/><N who="0" m="48682" /><D84/><U95/><E107/><V17/><F87/><W114/><G114/><T41/><D104/><U50/><E108/><V100/><F24/><W34/><G34/><T98/><D4/><U22/><E79/><V42/><F78/><W25/><G25/><T60/><D60/><U115/><E72/><V19/><F52/><W7/><G45/><T135/><D135/><U49/><E61/><V48/><F48/><W83/><REACH who="3" step="1"/><G91/><REACH who="3" ten="275,187,299,229" step="2"/><T122/><D122/><U67/><E115/><V106/><F106/><AGARI ba="0,1" hai="2,7,10,37,39,63,65,70,83,86,88,96,102,106" machi="106" ten="30,8000,1" yaku="1,1,2,1,7,1,54,1,53,1" doraHai="134" doraHaiUra="56" who="3" fromWho="2" sc="275,0,187,0,299,-80,229,90" /><INIT seed="6,0,0,3,4,66" ten="275,187,219,319" oya="2" hai0="91,74,62,57,95,132,34,35,1,71,44,13,122" hai1="7,94,134,76,79,51,83,33,36,4,119,109,46" hai2="68,21,97,86,93,37,129,102,100,120,77,11,17" hai3="0,20,55,22,123,61,82,50,90,126,96,39,128"/><V78/><F120/><W81/><G123/><T15/><D122/><U26/><E119/><V28/><F37/><W43/><G0/><T52/><D74/><U72/><E109/><V16/><F129/><W5/><G5/><T130/><D1/><U10/><E36/><V107/><F11/><W58/><G126/><T38/><D130/><U47/><E134/><V59/><F102/><W41/><G39/><T127/><D127/><U3/><E7/><V85/><F28/><W124/><G124/><T131/><D131/><U108/><E108/><V101/><F17/><W56/><G96/><T14/><D132/><U32/><E79/><V125/><F125/><W113/><G113/><T64/><D38/><U103/><E26/><V24/><F59/><W49/><G90/><T84/><REACH who="0" step="1"/><D44/><REACH who="0" ten="265,187,219,319" step="2"/><U19/><E47/><V80/><F107/><W29/><G128/><T110/><D110/><U133/><E133/><V69/><REACH who="2" step="1"/><F100/><REACH who="2" ten="265,187,209,319" step="2"/><W31/><G31/><T12/><N who="0" m="3072" /><DORA hai="25" /><T2/><D2/><U18/><E33/><V135/><F135/><W8/><G8/><T48/><AGARI ba="0,2" hai="34,35,48,52,57,62,64,71,84,91,95" m="3072" machi="48" ten="40,8000,1" yaku="1,1,0,1,52,1,54,1,53,0" doraHai="66,25" doraHaiUra="6,42" who="0" fromWho="0" sc="265,100,187,-20,209,-40,319,-20" /><INIT seed="7,0,0,0,3,67" ten="365,167,169,299" oya="3" hai0="123,45,106,17,105,73,20,133,110,63,10,114,118" hai1="28,50,43,112,66,113,108,124,103,31,26,46,122" hai2="3,15,38,4,89,70,13,30,72,85,2,92,14" hai3="25,104,7,91,23,93,24,54,82,101,47,69,97"/><W116/><G116/><T90/><D118/><U51/><E108/><V61/><F38/><W0/><G69/><T79/><D123/><U135/><E122/><V19/><F72/><W83/><G25/><T55/><D133/><U120/><E120/><V18/><F4/><W134/><G134/><T53/><D110/><U29/><E135/><V48/><F48/><W119/><G119/><T33/><D33/><U64/><E124/><V74/><F74/><W35/><G35/><T131/><D131/><U58/><E103/><V125/><F125/><W65/><G65/><T94/><D114/><U109/><E109/><V34/><F30/><W62/><G0/><T99/><D10/><U132/><E132/><V98/><F34/><W39/><G7/><T16/><D73/><U57/><E26/><V86/><F61/><W40/><G54/><T8/><D79/><U80/><E80/><V36/><F36/><W127/><G62/><T1/><D1/><U128/><E128/><V60/><F60/><W87/><REACH who="3" step="1"/><G127/><REACH who="3" ten="365,167,169,289" step="2"/><T76/><D53/><U37/><E37/><V100/><F70/><W71/><G71/><T95/><D76/><U6/><E6/><V111/><F111/><W121/><G121/><T22/><D63/><U44/><E113/><V52/><F52/><W102/><G102/><T11/><D55/><U32/><E32/><V75/><F75/><W117/><G117/><T129/><D129/><U78/><E112/><V81/><REACH who="2" step="1"/><F86/><REACH who="2" ten="365,167,159,289" step="2"/><W77/><G77/><T59/><D45/><U107/><E78/><V12/><N who="2" m="3072" /><DORA hai="9" /><V42/><F42/><W56/><G56/><RYUUKYOKU ba="0,2" sc="365,-15,167,-15,159,15,289,15" hai2="2,3,18,19,81,85,89,92,98,100" hai3="23,24,39,40,47,82,83,87,91,93,97,101,104" /><INIT seed="7,1,2,2,2,93" ten="350,152,174,304" oya="3" hai0="40,4,55,54,77,110,78,70,38,94,118,29,21" hai1="39,19,14,82,6,7,25,72,85,67,74,125,57" hai2="113,123,12,50,79,65,66,100,61,27,111,127,11" hai3="45,119,22,28,56,37,105,62,135,121,43,86,44"/><W46/><G121/><T71/><D110/><U132/><E39/><V49/><F111/><W129/><G105/><T89/><D118/><U96/><E132/><V84/><F127/><W126/><G119/><T98/><D4/><U9/><E125/><V5/><F123/><W122/><G122/><T104/><D71/><U1/><E1/><V69/><F66/><W30/><G126/><T53/><D70/><U63/><E74/><V16/><F113/><W13/><G135/><T59/><D104/><U91/><E72/><V32/><F100/><W60/><G62/><T101/><D38/><U58/><E58/><V80/><F32/><W17/><G129/><T90/><D40/><U31/><REACH who="1" step="1"/><E96/><REACH who="1" ten="350,142,174,304" step="2"/><V75/><F75/><W97/><G97/><T18/><D59/><U73/><E73/><V33/><F33/><AGARI ba="1,3" hai="6,7,9,14,19,25,31,33,57,63,67,82,85,91" machi="33" ten="30,2000,0" yaku="1,1,7,1,53,0" doraHai="93" doraHaiUra="109" who="1" fromWho="2" sc="350,0,142,53,174,-23,304,0" owari="350,45.0,195,-20.5,151,-34.9,304,10.4" /></mjloggm>