<mjloggm ver="2.3"><GO type="41" lobby="0"/><UN n0="%E8%B6%8A%E5%BE%8C%E3%81%AE%E9%AC%BC%E7%A5%9E%52" n1="%62%75%6E%62%75%6E%32%34" n2="%74%65%74%65%6B%75%32%31" n3="%E2%93%9D%4C%75%63%6B%79%4A" dan="15,14,14,18" rate="2009.55,1829.71,1991.79,2190.94" sx="M,M,M,M"/><TAIKYOKU oya="0"/><INIT seed="0,0,0,0,2,129" ten="250,250,250,250" oya="0" hai0="33,0,122,88,78,114,119,77,103,132,40,97,56" hai1="48,44,130,106,51,105,67,22,10,90,109,96,55" hai2="68,71,95,20,49,39,94,101,89,123,73,135,84" hai3="75,2,74,30,18,124,8,64,60,32,61,6,7"/><T93/><D114/><U58/><E109/><V108/><F39/><W50/><G124/><T45/><D119/><U34/><E130/><V17/><F108/><W57/><G7/><T102/><D122/><U128/><E34/><V14/><F73/><W12/><G50/><T62/><D33/><U126/><E128/><V27/><F123/><W53/><G30/><T87/><D0/><U104/><E126/><V11/><F68/><W63/><G32/><T66/><D132/><U121/><E121/><V5/><F135/><W46/><G46/><T113/><D113/><U9/><E67/><V83/><F71/><W115/><G63/><T70/><D70/><U29/><E29/><V41/><F101/><W28/><G28/><T110/><D110/><U131/><E131/><V72/><F72/><W19/><G19/><T3/><D3/><U54/><E22/><V36/><F36/><W26/><G26/><T100/><REACH who="0" step="1"/><D97/><REACH who="0" ten="240,250,250,250" step="2"/><U52/><E96/><V35/><F35/><W99/><G99/><T91/><D91/><U127/><E127/><V76/><F89/><W21/><G115/><T31/><D31/><U59/><E90/><V107/><F107/><W134/><G134/><T15/><D15/><U38/><E38/><AGARI ba="0,1" hai="38,40,45,56,62,66,77,78,87,88,93,100,102,103" machi="38" ten="40,7700,0" yaku="1,1,54,1,53,1" doraHai="129" doraHaiUra="37" who="0" fromWho="1" sc="240,87,250,-77,250,0,250,0" /><INIT seed="0,1,0,1,1,9" ten="327,173,250,250" oya="0" hai0="135,46,103,90,118,78,73,125,3,40,64,63,59" hai1="69,17,111,75,11,53,41,32,82,102,74,108,37" hai2="42,98,52,101,34,61,15,105,131,2,8,25,10" hai3="88,51,45,56,12,128,31,0,132,127,133,76,113"/><T80/><D118/><U48/><E69/><V13/><F2/><W29/><G76/><T65/><D125/><U85/><E32/><V100/><F131/><W5/><G113/><T33/><D135/><N who="3" m="51785" /><G0/><T62/><D3/><U86/><E41/><V89/><F42/><N who="3" m="25015" /><G127/><T28/><D90/><U70/><E37/><V99/><F89/><W22/><G56/><T4/><D103/><U58/><E70/><V27/><F34/><W93/><G128/><T126/><D126/><U77/><E102/><N who="2" m="39531" /><F105/><W1/><G1/><T91/><D91/><U44/><E58/><N who="2" m="35015" /><F98/><N who="3" m="57639" /><G22/><T130/><D130/><U21/><E11/><AGARI ba="1,0" hai="5,11,12,29,31" m="57639,25015,51785" machi="11" ten="30,3900,0" yaku="20,1,52,1,54,1" doraHai="9" who="3" fromWho="1" sc="327,0,173,-42,250,0,250,42" /><INIT seed="1,0,0,2,2,81" ten="327,131,250,292" oya="1" hai0="125,21,120,99,40,8,39,79,44,41,45,100,97" hai1="133,118,36,19,134,93,74,73,77,128,107,0,75" hai2="35,83,126,1,68,112,129,78,130,25,13,15,12" hai3="80,132,38,96,58,62,33,110,30,53,42,6,63"/><U3/><E118/><V54/><F68/><W104/><G6/><T43/><D21/><U121/><E121/><V4/><F1/><N who="1" m="585" /><E107/><V59/><F4/><W119/><G132/><N who="1" m="50794" /><E77/><V9/><F126/><W89/><G110/><T76/><D125/><U51/><E51/><V14/><F112/><W94/><G119/><T116/><D120/><U85/><E19/><V67/><F67/><W66/><G104/><T86/><D116/><U11/><E11/><V98/><F98/><W69/><G38/><T70/><D76/><U122/><E122/><V72/><F25/><W49/><G42/><T48/><D43/><U17/><E17/><V47/><F47/><W65/><G30/><T92/><D8/><U60/><E60/><V111/><F35/><W103/><G33/><T109/><D70/><U124/><E124/><V27/><F27/><W26/><G26/><T95/><D79/><U117/><E117/><V56/><F111/><W113/><G113/><T106/><D106/><U108/><E108/><V105/><F105/><W127/><G127/><T131/><D109/><U50/><E50/><V34/><F34/><W115/><G115/><T123/><D123/><U88/><E128/><N who="2" m="49259" /><F54/><W71/><G53/><T114/><D131/><U22/><E22/><V16/><AGARI ba="0,0" hai="9,12,13,14,15,16,56,59,72,78,83" m="49259" machi="16" ten="30,2000,0" yaku="19,1,54,1" doraHai="81" who="2" fromWho="2" sc="327,-5,131,-10,250,20,292,-5" /><INIT seed="2,0,0,0,5,31" ten="322,121,270,287" oya="2" hai0="76,114,35,135,34,32,47,99,122,120,119,83,9" hai1="123,13,43,65,90,97,58,36,95,7,67,29,78" hai2="92,20,70,100,54,126,96,132,125,24,91,55,39" hai3="109,117,113,107,37,30,62,66,82,60,12,11,129"/><V26/><F70/><W44/><G117/><T51/><D114/><U80/><E123/><V61/><F39/><W118/><G107/><T130/><D119/><U116/><E116/><V57/><F132/><W106/><G106/><T40/><D135/><U81/><E36/><V85/><F55/><W16/><G113/><T63/><D130/><U86/><E43/><V45/><F45/><W101/><G101/><T17/><D99/><U131/><E131/><V108/><F108/><W103/><G103/><T115/><D115/><U27/><E81/><V110/><F110/><W89/><G30/><T52/><D17/><U105/><E105/><V56/><F57/><W10/><G109/><T79/><D9/><U111/><E111/><V75/><F75/><W128/><G11/><T18/><D18/><U22/><E58/><V121/><F121/><W104/><G104/><T69/><D79/><U59/><E59/><V134/><F134/><W6/><G6/><T46/><D69/><U0/><E0/><V64/><F54/><W73/><G118/><T23/><D23/><U25/><E25/><V53/><F53/><W19/><G19/><T71/><D71/><U77/><E78/><V21/><F26/><W102/><G102/><T42/><D63/><N who="3" m="24105" /><G66/><T133/><D133/><U49/><E49/><V14/><F14/><W5/><G5/><T8/><D8/><AGARI ba="0,0" hai="7,8,13,22,27,29,65,67,77,80,86,90,95,97" machi="8" ten="40,1300,0" yaku="8,1" doraHai="31" who="1" fromWho="0" sc="322,-13,121,13,270,0,287,0" /><INIT seed="3,0,0,1,1,18" ten="309,134,270,287" oya="3" hai0="39,81,126,110,19,3,62,111,116,107,78,117,73" hai1="51,134,22,104,133,57,60,0,32,128,74,80,108" hai2="109,12,125,55,90,86,92,69,119,124,46,120,58" hai3="64,36,10,24,59,23,40,97,21,88,105,6,95"/><W17/><G105/><T31/><D39/><U85/><E32/><V89/><F69/><W66/><G36/><T9/><D107/><U93/><E108/><N who="0" m="41513" /><D31/><U27/><E104/><V79/><F79/><W72/><G72/><T98/><D126/><U47/><E0/><V33/><F33/><W68/><G68/><T54/><D98/><U7/><E128/><V38/><F119/><W87/><G40/><T115/><D115/><U44/><E74/><V135/><F135/><W48/><G23/><T121/><D121/><U4/><E93/><V49/><F120/><W70/><G70/><T103/><D103/><U67/><E134/><V114/><F114/><W30/><G30/><T1/><D19/><U100/><E100/><V29/><F29/><W102/><G48/><T75/><D75/><U20/><E133/><V130/><F130/><W34/><G59/><N who="0" m="35191" /><D9/><U131/><E27/><V132/><F132/><W106/><REACH who="3" step="1"/><G34/><REACH who="3" ten="309,134,270,277" step="2"/><T37/><D37/><U113/><E131/><V61/><F38/><W26/><G26/><T76/><D117/><U99/><E113/><V11/><F109/><W77/><G77/><T42/><D42/><N who="1" m="24983" /><E47/><V71/><F71/><W15/><AGARI ba="0,1" hai="6,10,15,17,21,24,64,66,87,88,95,97,102,106" machi="15" ten="20,12000,1" yaku="1,1,0,1,7,1,52,1,54,1,53,0" doraHai="18" doraHaiUra="127" who="3" fromWho="3" sc="309,-40,134,-40,270,-40,277,130" /><INIT seed="3,1,0,1,4,15" ten="269,94,230,407" oya="3" hai0="14,55,78,89,36,28,22,122,108,105,7,71,117" hai1="54,45,13,87,115,120,74,9,52,10,133,4,73" hai2="24,62,49,91,77,107,102,59,69,66,86,125,65" hai3="33,47,70,76,101,31,57,68,56,5,61,79,42"/><W37/><G101/><T110/><D117/><U106/><E120/><V104/><F125/><W128/><G5/><T123/><D105/><U80/><E115/><V84/><F66/><W100/><G100/><T98/><D71/><N who="3" m="27177" /><G31/><T1/><D36/><U32/><E133/><V6/><F102/><W18/><G33/><T8/><D78/><U126/><E126/><V30/><F6/><W114/><G18/><N who="0" m="10583" /><D55/><U96/><E32/><V83/><F86/><W119/><G79/><T16/><D89/><U58/><E9/><V21/><F77/><W129/><G76/><T93/><D93/><U26/><E26/><V116/><F116/><W97/><G97/><T85/><D98/><U118/><E118/><V121/><F121/><N who="0" m="46090" /><D85/><U41/><E54/><V99/><F99/><W63/><G114/><T12/><D28/><U3/><E13/><V44/><F69/><W81/><G81/><T53/><D53/><AGARI ba="1,0" hai="21,24,30,44,49,53,59,62,65,83,84,91,104,107" machi="53" ten="30,1000,0" yaku="7,1" doraHai="15" who="2" fromWho="0" sc="269,-13,94,0,230,13,407,0" /><INIT seed="4,0,0,2,0,71" ten="256,94,243,407" oya="0" hai0="39,124,45,127,40,18,106,28,10,67,88,82,122" hai1="117,54,29,37,27,126,63,75,8,68,96,24,42" hai2="112,56,70,66,104,65,77,135,128,97,6,38,125" hai3="86,36,78,81,123,114,133,16,41,55,43,91,64"/><T4/><D122/><U131/><E117/><V3/><F112/><W14/><G123/><T113/><D113/><U116/><E116/><V17/><F70/><W84/><G114/><T109/><D106/><U60/><E131/><V7/><F77/><W22/><G133/><T13/><D28/><U52/><E126/><N who="0" m="48169" /><D109/><U46/><E96/><V12/><F3/><W120/><G64/><T129/><D129/><U33/><E27/><V58/><F125/><W83/><G120/><T107/><D107/><U53/><E75/><V89/><F104/><W23/><G36/><T30/><D30/><U61/><REACH who="1" step="1"/><E8/><REACH who="1" ten="256,84,243,407" step="2"/><N who="2" m="6279" /><F135/><W15/><G55/><T99/><D67/><AGARI ba="0,1" hai="24,29,33,37,42,46,52,53,54,60,61,63,67,68" machi="67" ten="40,5200,0" yaku="1,1,52,1,54,1,53,0" doraHai="71" doraHaiUra="98" who="1" fromWho="0" sc="256,-52,84,62,243,0,407,0" /><INIT seed="5,0,0,3,3,87" ten="204,146,243,407" oya="1" hai0="132,131,81,74,33,39,84,60,57,114,4,99,47" hai1="30,23,19,122,79,0,85,1,117,71,56,72,54" hai2="128,45,51,7,108,42,77,118,69,34,80,41,59" hai3="109,89,15,110,107,11,36,24,26,9,10,123,127"/><U65/><E122/><V112/><F69/><W50/><G36/><T104/><D114/><U25/><E117/><V106/><F108/><W5/><G107/><T13/><D33/><U61/><E72/><V48/><F34/><W29/><G50/><T90/><D131/><U52/><E71/><V133/><F106/><W62/><G62/><T119/><D119/><U43/><E43/><V95/><F118/><W55/><G55/><T64/><D132/><U67/><E0/><V20/><F7/><W96/><G96/><T17/><D4/><U78/><E1/><V27/><F133/><W121/><G89/><T82/><D39/><U58/><E30/><V113/><F95/><W37/><G37/><T40/><D104/><U53/><E78/><V3/><F59/><W12/><G5/><T130/><D130/><U6/><E6/><V49/><F45/><W28/><G11/><T66/><D66/><U94/><E79/><V73/><F3/><W103/><G103/><T21/><D99/><U100/><E100/><V38/><F38/><W22/><G22/><T76/><D40/><U44/><E44/><V70/><F70/><W92/><G92/><T124/><REACH who="0" step="1"/><D47/><REACH who="0" ten="194,146,243,407" step="2"/><U86/><E94/><V98/><F98/><W135/><G135/><T125/><AGARI ba="0,1" hai="13,17,21,57,60,64,74,76,81,82,84,90,124,125" machi="125" ten="30,8000,1" yaku="1,1,2,1,0,1,52,1,53,1" doraHai="87" doraHaiUra="63" who="0" fromWho="0" sc="194,90,146,-40,243,-20,407,-20" /><INIT seed="6,0,0,4,1,39" ten="284,106,223,387" oya="2" hai0="29,132,129,130,38,93,128,2,67,77,100,107,55" hai1="103,121,45,37,106,78,5,23,6,32,82,60,36" hai2="22,127,111,53,123,46,18,65,72,115,134,10,49" hai3="84,7,80,27,99,97,71,88,83,31,11,113,62"/><V17/><F123/><W48/><G113/><T119/><D2/><U12/><E121/><V40/><F72/><W109/><G109/><T57/><D107/><U1/><E32/><V70/><F115/><W122/><G122/><T28/><D77/><U14/><E106/><V47/><F134/><W125/><G125/><T51/><D132/><U43/><E103/><V74/><F74/><W98/><G48/><T9/><D9/><U3/><E60/><V124/><F65/><W16/><G71/><T33/><D119/><U0/><E23/><V104/><F70/><W102/><G83/><T54/><D67/><U75/><REACH who="1" step="1"/><E36/><REACH who="1" ten="284,96,223,387" step="2"/><V116/><F104/><W86/><G62/><T20/><D38/><U41/><E41/><V35/><F35/><W76/><G102/><T87/><D33/><U52/><E52/><V94/><F116/><W110/><G110/><T68/><D55/><U63/><E63/><V19/><F111/><W24/><G31/><T58/><D29/><U59/><E59/><V15/><F124/><W4/><G27/><N who="0" m="16487" /><D58/><U112/><E112/><V108/><F127/><W117/><G24/><T61/><D61/><U69/><E69/><V105/><F105/><W34/><G34/><T135/><D68/><U120/><E120/><V114/><F108/><W79/><G117/><T89/><D135/><U66/><E66/><V101/><F114/><W95/><G79/><T30/><D30/><U90/><E90/><V44/><F40/><W25/><G25/><T133/><D133/><U126/><E126/><V81/><F22/><W8/><G11/><T26/><D100/><RYUUKYOKU ba="0,1" sc="284,10,96,10,223,-30,387,10" hai0="26,51,54,57,87,89,93,128,129,130" hai1="0,1,3,5,6,12,14,37,43,45,75,78,82" hai3="4,7,8,16,76,80,84,86,88,95,97,98,99" /><INIT seed="7,1,1,4,1,122" ten="294,106,193,397" oya="3" hai0="20,68,110,4,43,18,129,101,58,107,95,120,77" hai1="99,103,133,83,89,66,33,36,52,39,109,59,78" hai2="118,13,69,21,130,64,123,26,14,22,79,17,98" hai3="32,37,87,56,74,1,23,132,85,25,60,88,45"/><W81/><G32/><T113/><D120/><U106/><E33/><V57/><F69/><W124/><G74/><T9/><D68/><U50/><E133/><V102/><F118/><W117/><G45/><T51/><D107/><U80/><E80/><V70/><F70/><W65/><G1/><T135/><D135/><U6/><E6/><V24/><F79/><W19/><G37/><T121/><D121/><U72/><E66/><V127/><F127/><W53/><G124/><T104/><D104/><U15/><E15/><V7/><F130/><W94/><G117/><T47/><D129/><U119/><E119/><V82/><F82/><W76/><G132/><T86/><D77/><U116/><E116/><V73/><F73/><W48/><G48/><T114/><D58/><U27/><E27/><V93/><F123/><W12/><G25/><N who="0" m="14487" /><D101/><U41/><E41/><V2/><F2/><W131/><G131/><T5/><D95/><U16/><E16/><N who="2" m="12615" /><F7/><W8/><G23/><T63/><D86/><U91/><E91/><V29/><F17/><W55/><AGARI ba="1,1" hai="8,12,19,53,55,56,60,65,76,81,85,87,88,94" machi="55" ten="30,6000,0" yaku="0,1,8,1,54,1" doraHai="122" who="3" fromWho="3" sc="294,-21,106,-21,193,-21,397,73" owari="273,7.3,85,-41.5,172,-22.8,470,57.0" /></mjloggm>