<mjloggm ver="2.3"><GO type="41" lobby="0"/><UN n0="%E3%83%90%E3%83%A9%E3%83%9F%E3%83%86%E3%82%A3" n1="%E2%93%9D%4C%75%63%6B%79%4A" n2="%E3%82%B9%E3%83%8A%E3%83%9E%E3%83%9F%E3%83%AC%E3%83%B3" n3="%E5%85%AB%E5%88%87%E6%AD%A2%E5%A4%AB%E2%98%86" dan="15,18,15,14" rate="1975.66,2170.46,2004.17,1971.09" sx="M,M,M,M"/><TAIKYOKU oya="0"/><INIT seed="0,0,0,4,4,134" ten="250,250,250,250" oya="0" hai0="51,69,60,115,131,133,93,73,91,126,107,103,96" hai1="17,11,86,57,117,111,34,25,20,30,32,46,70" hai2="41,24,76,45,128,6,38,4,83,87,125,40,66" hai3="21,52,130,5,105,36,12,64,43,132,68,92,13"/><T109/><D115/><U22/><E70/><V61/><F125/><W44/><G105/><T75/><D133/><U99/><E46/><V65/><F128/><W120/><G132/><T27/><D131/><U116/><E86/><V89/><F65/><W18/><G130/><T42/><D126/><U3/><E99/><V74/><F40/><W82/><G82/><T16/><D109/><U59/><E59/><V15/><F24/><W0/><G0/><T67/><D51/><U7/><E57/><V39/><F39/><W110/><G120/><T100/><D42/><U55/><E55/><V56/><REACH who="2" step="1"/><F15/><REACH who="2" ten="250,250,240,250" step="2"/><W108/><G12/><T85/><REACH who="0" step="1"/><D103/><REACH who="0" ten="240,250,240,250" step="2"/><U49/><E111/><V1/><F1/><W26/><G110/><T98/><D98/><U62/><E117/><V104/><F104/><W63/><G108/><T19/><D19/><U122/><E17/><V95/><AGARI ba="0,2" hai="4,6,38,41,45,56,61,66,74,76,83,87,89,95" machi="95" ten="20,2700,0" yaku="1,1,0,1,7,1,53,0" doraHai="134" doraHaiUra="129" who="2" fromWho="2" sc="240,-13,250,-7,240,47,250,-7" /><INIT seed="1,0,0,5,2,90" ten="227,243,287,243" oya="1" hai0="5,122,35,69,30,47,102,15,3,109,108,40,113" hai1="42,78,81,79,106,94,128,76,12,120,86,85,75" hai2="18,22,1,103,29,45,65,68,104,6,10,132,32" hai3="127,50,16,56,41,11,105,77,9,111,13,101,28"/><U23/><E120/><V135/><F45/><W130/><G111/><T70/><D113/><U107/><E23/><V74/><F74/><W37/><G127/><T34/><D122/><U89/><E12/><N who="2" m="9543" /><F68/><W27/><G130/><T43/><D3/><U25/><E25/><N who="2" m="18479" /><F65/><W26/><G37/><T38/><D43/><U72/><E42/><V73/><F73/><N who="1" m="28233" /><E128/><V112/><F112/><W61/><G77/><AGARI ba="0,0" hai="76,77,78,79,81,85,86,89,94,106,107" m="28233" machi="77" ten="30,18000,2" yaku="35,5,52,1" doraHai="90" who="1" fromWho="3" sc="227,0,243,180,287,0,243,-180" /><INIT seed="1,1,0,2,2,117" ten="227,423,287,63" oya="1" hai0="65,109,10,66,135,99,15,57,41,13,84,87,0" hai1="27,37,40,49,86,119,62,3,63,95,122,89,64" hai2="29,128,92,8,14,88,107,58,43,98,60,124,48" hai3="127,6,9,131,69,20,81,68,33,96,52,108,42"/><U123/><E119/><V44/><F124/><W111/><G33/><T39/><D109/><N who="3" m="42057" /><G127/><T97/><D0/><U112/><E112/><V125/><F125/><W103/><G42/><T74/><D74/><U51/><E3/><V110/><F110/><W94/><G131/><T79/><D135/><U106/><E106/><V120/><F128/><W7/><G20/><T76/><D41/><U1/><E1/><V31/><F107/><W46/><G81/><T113/><D57/><U11/><E11/><V22/><F120/><W67/><G67/><T73/><D73/><U50/><E27/><V53/><REACH who="2" step="1"/><F22/><REACH who="2" ten="227,423,277,63" step="2"/><W23/><G23/><T71/><D113/><U21/><E21/><V116/><F116/><W83/><G9/><T12/><D10/><U72/><E72/><V93/><F93/><W24/><G83/><T132/><D12/><U100/><E100/><V82/><F82/><W75/><G75/><T70/><REACH who="0" step="1"/><D132/><REACH who="0" ten="217,423,277,63" step="2"/><U134/><E134/><V36/><F36/><AGARI ba="1,2" hai="13,15,36,39,65,66,70,71,76,79,84,87,97,99" machi="36" ten="25,6400,0" yaku="1,1,2,1,22,2,53,0" doraHai="117" doraHaiUra="77" who="0" fromWho="2" sc="217,87,423,0,277,-67,63,0" /><INIT seed="2,0,0,2,4,82" ten="304,423,210,63" oya="2" hai0="31,42,102,32,21,5,107,27,135,54,91,116,36" hai1="48,86,83,127,38,92,66,120,62,53,95,115,72" hai2="22,73,8,101,106,25,87,130,93,13,18,26,77" hai3="97,132,43,133,103,39,69,35,28,37,0,41,9"/><V44/><F130/><W129/><G69/><T34/><D135/><N who="3" m="51785" /><G28/><T70/><D116/><U11/><E72/><V56/><F106/><W63/><G35/><T88/><D70/><U75/><E75/><V121/><F121/><W110/><G63/><T128/><D128/><U78/><E115/><V2/><F73/><W79/><G79/><T81/><D5/><U105/><E38/><N who="3" m="14346" /><G129/><T123/><D123/><U1/><E127/><V30/><F44/><W57/><G57/><T64/><D64/><U134/><E105/><V59/><F77/><W51/><G51/><T40/><D36/><U61/><E62/><V89/><F101/><W47/><G47/><T96/><D34/><U65/><E66/><V125/><F125/><W16/><G110/><T46/><D32/><U7/><E120/><V108/><F108/><W111/><G111/><T85/><REACH who="0" step="1"/><D91/><REACH who="0" ten="294,423,210,63" step="2"/><U80/><E134/><V118/><F118/><W12/><G0/><T33/><D33/><U84/><E65/><V55/><F2/><W71/><G71/><T10/><D10/><U90/><REACH who="1" step="1"/><E61/><REACH who="1" ten="294,413,210,63" step="2"/><V17/><REACH who="2" step="1"/><F55/><REACH who="2" ten="294,413,200,63" step="2"/><W19/><G43/><T104/><D104/><U122/><E122/><V20/><AGARI ba="0,3" hai="8,13,17,18,20,22,25,26,30,56,59,87,89,93" machi="20" ten="20,18000,2" yaku="1,1,2,1,0,1,7,1,8,1,52,1,53,0" doraHai="82" doraHaiUra="3" who="2" fromWho="2" sc="294,-60,413,-60,200,210,63,-60" /><INIT seed="2,1,0,4,2,104" ten="234,353,410,3" oya="2" hai0="26,63,58,88,15,67,121,75,107,41,72,13,35" hai1="112,39,42,123,55,21,131,94,80,10,25,16,62" hai2="127,119,1,130,120,134,129,115,48,128,8,43,126" hai3="91,99,23,19,77,76,85,46,124,7,111,3,27"/><V29/><F29/><W110/><G124/><N who="2" m="47657" /><F115/><W82/><G3/><T28/><D121/><U92/><E112/><V32/><F32/><W103/><G7/><T132/><D132/><U54/><E131/><V89/><F119/><W70/><G70/><T108/><D108/><U2/><E39/><V116/><F116/><W69/><G69/><T113/><D113/><U65/><E42/><V31/><F31/><W20/><G20/><T93/><D107/><U68/><E123/><V4/><F120/><W133/><G133/><T36/><D41/><U51/><E55/><V18/><F18/><W57/><G57/><T87/><REACH who="0" step="1"/><D36/><REACH who="0" ten="224,353,410,3" step="2"/><U34/><E68/><V33/><F134/><W9/><G9/><T135/><D135/><U78/><E10/><V118/><F118/><W117/><G117/><T96/><D96/><U53/><E34/><V50/><F33/><W14/><G27/><T79/><D79/><U59/><E78/><V125/><F43/><W83/><G46/><T95/><D95/><U61/><E94/><V40/><F40/><W0/><G0/><T11/><D11/><U73/><E2/><V100/><F125/><W71/><G71/><T101/><D101/><U37/><E37/><V122/><F122/><W6/><G6/><T102/><D102/><U90/><E92/><V24/><F100/><W5/><G5/><T60/><D60/><U74/><E62/><V12/><F1/><W97/><G76/><T84/><D84/><N who="1" m="50439" /><E51/><N who="2" m="19499" /><F24/><W56/><G56/><T47/><D47/><U44/><E44/><V22/><F22/><W45/><G45/><T64/><D64/><RYUUKYOKU ba="1,1" sc="224,10,353,10,410,10,3,-30" hai0="13,15,26,28,35,58,63,67,72,75,87,88,93" hai1="16,21,25,53,54,59,61,65,73,74" hai2="4,8,12,89,128,129,130" owari="234,-16.6,363,16.3,430,53.0,-27,-52.7" /></mjloggm>