<mjloggm ver="2.3"><GO type="41" lobby="0"/><UN n0="%E2%93%9D%4C%75%63%6B%79%4A" n1="%E3%82%91%28%EF%BC%A0%EF%BC%BE%EF%BC%90%EF%BC%BE%29" n2="%E5%8F%A4%E4%BB%B2%E5%8F%AF%E5%A5%88%E5%BF%9C%E6%8F%B4%E9%9A%8A%EF%BC%81" n3="%73%36%75" dan="17,14,14,15" rate="2150.46,2006.28,1983.87,1971.21" sx="M,M,M,M"/><TAIKYOKU oya="0"/><INIT seed="0,0,0,3,5,26" ten="250,250,250,250" oya="0" hai0="89,51,82,11,21,25,72,112,75,80,13,56,10" hai1="132,130,114,0,33,103,54,2,108,133,34,126,31" hai2="122,111,61,79,131,71,67,42,94,135,55,129,14" hai3="8,125,113,7,66,49,1,27,124,73,23,63,32"/><T4/><D112/><U22/><E54/><V15/><F122/><W74/><G113/><T83/><D11/><U50/><E50/><V68/><F68/><W118/><G118/><T43/><D89/><U76/><E103/><V6/><F111/><W39/><G39/><T102/><D102/><U45/><E45/><V28/><F42/><W105/><G105/><T12/><D13/><U97/><E97/><V29/><F79/><W104/><G104/><T99/><D99/><U95/><E95/><V59/><F135/><N who="1" m="51785" /><E76/><V84/><F15/><W92/><G32/><N who="1" m="12394" /><E114/><V91/><F14/><W101/><G49/><T123/><D123/><U38/><E38/><V69/><F6/><W93/><G74/><T52/><REACH who="0" step="1"/><D43/><REACH who="0" ten="240,250,250,250" step="2"/><U53/><E108/><V90/><F91/><W65/><G101/><T115/><D115/><U47/><E0/><V81/><F81/><W117/><G92/><T37/><D37/><U107/><E2/><V36/><F36/><W48/><G93/><T18/><AGARI ba="0,1" hai="4,10,12,18,21,25,51,52,56,72,75,80,82,83" machi="18" ten="30,18000,2" yaku="1,1,0,1,54,1,53,3" doraHai="26" doraHaiUra="78" who="0" fromWho="0" sc="240,190,250,-60,250,-60,250,-60" /><INIT seed="0,1,0,4,2,65" ten="430,190,190,190" oya="0" hai0="130,28,69,13,110,60,115,102,16,43,62,135,86" hai1="116,73,26,36,24,76,18,0,72,51,119,100,63" hai2="105,52,90,82,89,112,67,70,61,111,68,1,46" hai3="122,120,98,19,74,57,59,99,87,118,40,10,27"/><T11/><D115/><U5/><E36/><V3/><F112/><W109/><G74/><T91/><D135/><U127/><E100/><V134/><F105/><W117/><G40/><T103/><D130/><U123/><E123/><N who="3" m="47146" /><G27/><T77/><D110/><U22/><E127/><V8/><F134/><W12/><G87/><T29/><D77/><U113/><E113/><V45/><F111/><W88/><G109/><T124/><D124/><U58/><E51/><V92/><F8/><W9/><G9/><T33/><D33/><U131/><E131/><V35/><F35/><W129/><G129/><T48/><D103/><U14/><E0/><V25/><F25/><W34/><G34/><T81/><D102/><U95/><E95/><V66/><F92/><N who="3" m="56583" /><G99/><T32/><D32/><U49/><E73/><V6/><F82/><W44/><G44/><N who="0" m="25631" /><D69/><U85/><E72/><V108/><F108/><W23/><G23/><T93/><D81/><N who="1" m="47271" /><E116/><AGARI ba="1,0" hai="10,12,19,57,59,116,117,118" m="56583,47146" machi="116" ten="30,2000,0" yaku="13,1,54,1" doraHai="65" who="3" fromWho="1" sc="430,0,190,-23,190,0,190,23" /><INIT seed="1,0,0,5,4,64" ten="430,167,190,213" oya="1" hai0="78,135,130,124,48,49,104,9,52,23,57,126,45" hai1="21,129,35,93,103,43,25,54,41,0,108,59,95" hai2="86,19,34,113,8,61,11,51,131,87,122,102,98" hai3="6,116,44,120,22,111,56,68,14,7,97,107,27"/><U3/><E35/><V24/><F122/><W90/><G120/><T32/><D104/><U39/><E129/><V66/><F131/><W132/><G111/><T28/><D78/><U46/><E43/><V15/><F8/><W118/><G132/><T106/><D106/><U37/><E39/><V83/><F51/><W60/><G44/><T89/><D32/><U16/><E108/><V38/><F38/><W13/><G13/><T75/><D75/><U81/><E81/><V47/><F47/><W105/><G90/><T84/><D9/><U112/><E112/><V50/><F50/><W77/><G77/><T31/><D135/><U128/><E128/><V82/><F82/><W110/><G107/><T76/><D76/><U121/><E121/><V53/><F53/><N who="3" m="33807" /><G68/><T58/><D130/><U123/><E123/><V55/><F55/><W29/><G14/><T65/><D65/><U119/><E119/><N who="3" m="45610" /><G110/><T20/><D45/><U30/><E30/><V73/><F73/><W67/><G67/><T69/><D89/><U70/><E70/><V72/><F72/><W1/><G1/><T80/><D80/><U40/><E40/><V12/><F12/><W100/><AGARI ba="0,0" hai="6,7,22,27,29,97,100,105" m="45610,33807" machi="100" ten="30,1100,0" yaku="12,1" doraHai="64" who="3" fromWho="3" sc="430,-3,167,-5,190,-3,213,11" /><INIT seed="2,0,0,1,2,11" ten="427,162,187,224" oya="2" hai0="9,83,34,131,54,71,14,2,33,35,107,74,27" hai1="68,55,17,21,15,124,121,118,24,99,113,10,92" hai2="101,5,6,23,104,100,109,16,65,95,129,82,39" hai3="52,93,77,111,85,122,135,1,79,60,126,130,30"/><V59/><F39/><W51/><G122/><T3/><D107/><U64/><E118/><V50/><F104/><W37/><G37/><T42/><D71/><U112/><E121/><V31/><F31/><W32/><G1/><N who="0" m="11" /><D54/><U45/><E124/><V70/><F129/><W25/><G126/><T47/><D47/><U22/><E64/><V120/><F70/><W134/><G130/><T7/><D83/><U63/><E68/><V117/><F117/><W105/><G105/><T58/><D58/><U72/><E72/><V73/><F73/><W62/><G111/><T43/><D43/><U36/><E36/><V26/><F109/><W48/><G48/><T88/><D88/><N who="1" m="55687" /><E22/><V81/><F120/><W94/><G94/><T28/><D42/><U38/><E38/><V49/><F49/><W91/><G77/><T123/><D74/><U40/><E40/><V8/><F95/><W86/><G86/><T0/><D131/><U41/><E45/><V89/><F89/><W56/><REACH who="3" step="1"/><G79/><REACH who="3" ten="427,162,187,214" step="2"/><T12/><D123/><U76/><E76/><V78/><F78/><W61/><AGARI ba="0,1" hai="25,30,32,51,52,56,60,61,62,85,91,93,134,135" machi="61" ten="30,8000,1" yaku="1,1,2,1,0,1,54,1,53,1" doraHai="11" doraHaiUra="87" who="3" fromWho="3" sc="427,-20,162,-20,187,-40,214,90" /><INIT seed="3,0,0,3,5,105" ten="407,142,147,304" oya="3" hai0="57,49,58,106,36,100,31,25,40,90,92,74,88" hai1="73,77,16,30,81,86,134,103,133,44,76,99,122" hai2="89,78,70,41,68,104,28,34,53,24,39,94,111" hai3="65,3,63,54,132,112,14,114,56,6,125,5,29"/><W35/><G132/><N who="1" m="50794" /><E30/><V21/><F111/><W61/><G125/><T126/><D36/><U42/><E42/><V117/><F117/><W1/><G5/><T123/><D106/><N who="1" m="63871" /><E44/><V75/><F104/><W66/><G14/><T97/><D123/><U37/><E37/><V32/><F53/><W98/><G54/><T43/><D74/><N who="1" m="43159" /><E16/><V119/><F119/><W59/><G98/><T60/><D126/><U69/><E69/><V113/><F21/><W48/><G48/><T79/><D79/><U12/><E12/><V22/><F22/><W18/><G18/><T55/><D43/><U120/><E86/><V7/><F7/><W91/><G3/><T67/><REACH who="0" step="1"/><D40/><REACH who="0" ten="397,142,147,304" step="2"/><U13/><E13/><V51/><F41/><W23/><G35/><AGARI ba="0,1" hai="25,31,35,49,55,57,58,60,67,88,90,92,97,100" machi="35" ten="30,7700,0" yaku="1,1,2,1,7,1,54,1,53,0" doraHai="105" doraHaiUra="121" who="0" fromWho="3" sc="397,87,142,0,147,0,304,-77" /><INIT seed="4,0,0,5,3,100" ten="484,142,147,227" oya="0" hai0="33,63,99,60,11,125,73,27,124,32,93,101,7" hai1="47,79,78,59,21,129,126,96,58,103,75,102,17" hai2="61,16,77,8,106,80,117,48,39,22,65,132,13" hai3="94,84,68,64,42,135,86,0,107,119,51,91,34"/><T66/><D73/><U31/><E31/><V82/><F39/><W81/><G119/><T45/><D45/><U24/><E129/><V111/><F111/><W50/><G0/><T133/><D133/><U74/><E126/><N who="0" m="48745" /><D27/><U76/><E47/><V43/><F132/><W128/><G135/><T118/><D118/><U95/><E102/><V10/><F106/><W36/><G34/><N who="0" m="13419" /><D66/><U134/><E134/><V49/><F117/><W35/><G35/><T41/><D41/><U90/><E103/><V130/><F130/><W127/><G64/><T83/><D83/><N who="2" m="31786" /><F77/><W62/><G81/><T19/><D19/><U120/><E120/><V105/><F105/><W89/><G68/><T38/><D38/><U55/><REACH who="1" step="1"/><E59/><REACH who="1" ten="484,132,147,227" step="2"/><N who="2" m="37055" /><F43/><W40/><G40/><T20/><D20/><U98/><E98/><V5/><F8/><W85/><G42/><T28/><D28/><U37/><E37/><V114/><F114/><W30/><G36/><T122/><D122/><U104/><E104/><V2/><F2/><AGARI ba="0,1" hai="2,7,11,60,63,93,99,101" m="13419,48745" machi="2" ten="30,1500,0" yaku="18,1" doraHai="100" who="0" fromWho="2" sc="484,25,132,0,147,-15,227,0" /><INIT seed="4,1,0,1,3,106" ten="509,132,132,227" oya="0" hai0="116,66,108,112,21,107,100,23,98,74,16,13,36" hai1="75,103,85,102,80,129,27,126,31,20,53,114,7" hai2="131,123,6,120,95,39,105,51,64,96,124,32,68" hai3="37,62,89,91,127,24,118,97,88,92,84,40,125"/><T121/><D121/><U44/><E126/><N who="3" m="48138" /><G62/><T43/><D116/><U63/><E129/><V109/><F109/><W54/><G54/><T10/><D108/><U110/><E110/><V42/><F51/><W19/><G118/><T0/><D112/><U61/><E114/><V47/><F95/><N who="3" m="56559" /><G40/><T72/><D66/><U50/><E7/><V26/><F6/><W83/><G37/><T71/><D71/><U8/><E8/><V18/><F18/><W111/><G19/><T78/><D78/><U33/><E33/><V17/><F17/><W34/><G111/><T81/><D81/><U25/><E25/><V14/><F14/><W86/><G24/><T104/><D107/><U122/><E122/><V4/><F4/><W59/><G59/><T79/><D79/><U22/><E22/><V1/><F1/><W29/><G29/><T57/><D57/><U11/><E11/><V94/><F94/><N who="3" m="54631" /><G34/><T35/><D35/><U38/><E38/><V93/><F93/><AGARI ba="1,0" hai="83,86,88,92,93" m="54631,56559,48138" machi="93" ten="30,7700,0" yaku="18,1,34,2,54,1" doraHai="106" who="3" fromWho="2" sc="509,0,132,0,132,-80,227,80" /><INIT seed="5,0,0,5,3,49" ten="509,132,52,307" oya="1" hai0="6,99,36,47,8,17,70,84,24,134,63,78,104" hai1="100,88,9,35,50,62,121,57,4,86,21,37,11" hai2="51,32,89,34,87,95,23,109,120,79,16,124,77" hai3="93,97,128,131,25,43,5,40,125,64,123,33,69"/><U110/><E35/><V30/><F109/><W60/><G123/><T106/><D17/><U29/><E121/><V132/><F120/><W45/><G125/><T103/><D134/><U130/><E37/><V91/><F124/><W129/><G5/><T127/><D84/><U126/><E126/><V41/><F132/><W13/><G13/><T31/><D78/><U7/><E100/><V83/><F30/><N who="3" m="19663" /><G45/><T115/><D115/><U46/><E130/><N who="3" m="33282" /><W12/><DORA hai="71" /><G12/><T53/><D127/><U135/><E135/><V133/><F133/><W28/><G28/><T101/><D103/><AGARI ba="0,0" hai="40,43,60,64,69,93,97,103" m="33282,19663" machi="103" ten="40,1300,0" yaku="19,1" doraHai="49,71" who="3" fromWho="0" sc="509,-13,132,0,52,0,307,13" /><INIT seed="6,0,0,0,4,80" ten="496,132,52,320" oya="2" hai0="111,110,96,105,32,64,35,92,59,93,36,31,47" hai1="16,1,132,86,89,42,54,117,11,87,18,135,74" hai2="6,55,108,56,134,30,128,133,24,120,48,83,68" hai3="118,95,109,3,67,99,103,40,85,62,77,123,15"/><V90/><F120/><W122/><G3/><T60/><D105/><U27/><E74/><V33/><F68/><W50/><G109/><T4/><D4/><U100/><E100/><V34/><F108/><W37/><G37/><T102/><D93/><U57/><E42/><V8/><F34/><W130/><G118/><T29/><D35/><U125/><E125/><V88/><F128/><W76/><G130/><T115/><D115/><U20/><E117/><V58/><F58/><W113/><G15/><T124/><D124/><U121/><E121/><V23/><F33/><W43/><G76/><T119/><D119/><U7/><E18/><V98/><F98/><W5/><G5/><T69/><D69/><U21/><E21/><V28/><F28/><W107/><G40/><T53/><D31/><U106/><E106/><V81/><F81/><W78/><G78/><T17/><D29/><U97/><E132/><V10/><F10/><W61/><G61/><T94/><D32/><U114/><E114/><V82/><F82/><N who="3" m="47311" /><G107/><T45/><D36/><U112/><E112/><V52/><F55/><W129/><G129/><T41/><D53/><U49/><E135/><N who="2" m="51723" /><F83/><W104/><G104/><T2/><D111/><U63/><E49/><V14/><AGARI ba="0,0" hai="6,8,14,23,24,30,48,52,56,88,90" m="51723" machi="14" ten="30,6000,0" yaku="20,1,54,2" doraHai="80" who="2" fromWho="2" sc="496,-20,132,-20,52,60,320,-20" /><INIT seed="6,1,0,2,1,44" ten="476,112,112,300" oya="2" hai0="65,42,30,117,38,134,130,59,94,109,132,68,106" hai1="75,23,0,95,27,115,81,2,19,89,60,102,71" hai2="34,76,120,127,79,82,20,48,129,98,4,70,57" hai3="18,24,43,105,39,123,108,29,45,5,69,3,32"/><V14/><F120/><W99/><G123/><T11/><D106/><U63/><E115/><V74/><F34/><W85/><G85/><T12/><D109/><U62/><E71/><V126/><F70/><W88/><G18/><T124/><D130/><U55/><E102/><V107/><F129/><W36/><G88/><T113/><D124/><N who="2" m="47658" /><F79/><W97/><G97/><T114/><D30/><U33/><E33/><V111/><F111/><W40/><G69/><T28/><D28/><U73/><E73/><V46/><F57/><W90/><G90/><T64/><D59/><U66/><E66/><V13/><F20/><W17/><G40/><T83/><D42/><U133/><E133/><V58/><F58/><W9/><G39/><T121/><D38/><U125/><E125/><V51/><F4/><W91/><G91/><T37/><D121/><U67/><E67/><V61/><F61/><W135/><G135/><T131/><D68/><U104/><E104/><V100/><F46/><W53/><G108/><T8/><D131/><U21/><E21/><V47/><F47/><W10/><G5/><T72/><D134/><U31/><E31/><V35/><F35/><W26/><G32/><T25/><D132/><U77/><E55/><V122/><F122/><W22/><G53/><T16/><D65/><U52/><E52/><V54/><F54/><W112/><G3/><T78/><D64/><U87/><AGARI ba="1,0" hai="0,2,19,23,27,60,62,63,75,77,81,87,89,95" machi="87" ten="30,1100,0" yaku="0,1" doraHai="44" who="1" fromWho="1" sc="476,-4,112,14,112,-6,300,-4" /><INIT seed="7,0,0,1,5,19" ten="472,126,106,296" oya="3" hai0="12,83,70,3,94,65,116,2,24,23,96,5,13" hai1="9,50,14,95,10,18,126,67,74,92,6,131,33" hai2="66,27,38,1,113,103,75,26,80,29,123,30,117" hai3="49,134,122,59,81,73,31,35,78,97,91,99,135"/><W21/><G35/><T61/><D116/><U48/><E74/><V128/><F117/><W37/><G37/><T25/><D25/><U39/><E39/><V79/><F1/><W43/><G122/><T52/><D83/><U44/><E33/><V22/><F113/><W15/><G91/><T108/><D3/><U4/><E126/><V120/><F38/><W32/><G32/><T130/><D130/><U77/><E67/><V101/><F66/><W84/><G73/><T129/><D129/><U119/><E119/><V7/><F7/><N who="1" m="2601" /><E77/><V0/><F0/><W98/><G59/><T54/><D108/><U109/><E109/><V86/><F128/><W55/><G43/><T57/><D5/><N who="1" m="3375" /><E131/><V112/><F112/><W114/><G114/><T40/><D40/><N who="1" m="24583" /><E50/><V118/><F118/><W46/><REACH who="3" step="1"/><G15/><AGARI ba="0,0" hai="10,15,18,92,95" m="24583,3375,2601" machi="15" ten="30,1000,0" yaku="8,1" doraHai="19" who="1" fromWho="3" sc="472,0,126,10,106,0,296,-10" owari="472,57.2,136,-26.4,106,-39.4,286,8.6" /></mjloggm>