<mjloggm ver="2.3"><GO type="9" lobby="0"/><UN n0="%75%6E%61%67%69%32%32" n1="%4B%65%76%69%6E%2E%4B" n2="%E2%93%9D%4C%75%63%6B%79%4A" n3="%70%61%63%6F%64%65%6C" dan="10,11,1,10" rate="1491.99,1646.02,1497.29,1608.10" sx="M,M,M,M"/><TAIKYOKU oya="0"/><INIT seed="0,0,0,0,4,24" ten="250,250,250,250" oya="0" hai0="112,114,126,74,118,97,63,28,133,86,16,102,6" hai1="21,104,52,67,54,17,53,65,89,43,70,8,23" hai2="11,128,98,41,91,12,116,94,100,50,69,3,113" hai3="2,1,59,64,96,7,20,30,46,13,95,51,25"/><T115/><D74/><U75/><E75/><V132/><F113/><W107/><G107/><T34/><D118/><U10/><E104/><V40/><F3/><W19/><G7/><T82/><D6/><U84/><E70/><V103/><F69/><W60/><G13/><T90/><D126/><U39/><E43/><V4/><F132/><W122/><G122/><T80/><D133/><U61/><E39/><V9/><F128/><W111/><G19/><T47/><D47/><U109/><E61/><V93/><F116/><W135/><G135/><T81/><D63/><U26/><E109/><V33/><F33/><W22/><G22/><T83/><D16/><U57/><E23/><V36/><F36/><W85/><G85/><T106/><N who="0" m="20480" /><DORA hai="76" /><T119/><D119/><U131/><E57/><V32/><F32/><W117/><G117/><T125/><D125/><U129/><E131/><V73/><F73/><W72/><G72/><T15/><D15/><U38/><E38/><V31/><F11/><N who="1" m="4137" /><E129/><V14/><F14/><W124/><G124/><T130/><D130/><U45/><E45/><V110/><F110/><W0/><G0/><T5/><D5/><U42/><E42/><V108/><F41/><N who="3" m="25039" /><G111/><T120/><D120/><U66/><E84/><N who="2" m="52583" /><F108/><W105/><G105/><T27/><D27/><U71/><E71/><V101/><F40/><W123/><G123/><T55/><D55/><U35/><E35/><V77/><F4/><W88/><G2/><T37/><D37/><U44/><E44/><V29/><F9/><W78/><G1/><T127/><D127/><U49/><E49/><RYUUKYOKU ba="0,0" sc="250,-15,250,15,250,-15,250,15" hai1="17,21,26,52,53,54,65,66,67,89" hai3="20,25,30,59,60,64,78,88,95,96" /><INIT seed="1,1,0,5,5,44" ten="235,265,235,265" oya="1" hai0="124,117,73,3,25,84,20,46,41,120,113,39,122" hai1="11,15,96,99,66,106,68,17,123,74,131,91,92" hai2="109,26,24,33,111,103,19,57,29,1,21,133,54" hai3="14,112,53,126,76,70,98,116,114,75,49,127,47"/><U132/><E123/><V51/><F1/><W87/><G75/><T59/><D73/><U125/><E131/><V13/><F133/><W30/><G30/><T101/><D117/><U65/><E132/><V94/><F103/><W42/><G98/><T6/><D113/><U12/><E125/><V62/><F94/><W119/><G70/><T23/><D124/><N who="3" m="47657" /><G14/><T72/><D23/><U67/><E74/><V85/><F85/><W40/><G76/><T48/><D101/><U5/><E68/><V35/><F62/><W0/><G0/><T8/><D84/><U2/><E106/><V110/><REACH who="2" step="1"/><F26/><REACH who="2" ten="235,265,225,265" step="2"/><W105/><G87/><T64/><D72/><U55/><E2/><V108/><N who="2" m="27648" /><DORA hai="115" /><V97/><F97/><W118/><G105/><T22/><D120/><U129/><E129/><V128/><F128/><W71/><G114/><T34/><D25/><U80/><E80/><V50/><F50/><W28/><G112/><T121/><D48/><U90/><E55/><V102/><F102/><W135/><G135/><T107/><D121/><U31/><E31/><V58/><F58/><W27/><G71/><T82/><D107/><U36/><E36/><V16/><F16/><W95/><G95/><T69/><D69/><U56/><E56/><V61/><F61/><W63/><G63/><T7/><D59/><U18/><E12/><V78/><F78/><W38/><G38/><T45/><D122/><U32/><E32/><AGARI ba="1,1" hai="13,19,21,24,29,32,33,35,51,54,57" m="27648" machi="32" ten="70,8000,1" yaku="1,1,14,1,52,1,53,0" doraHai="44,115" doraHaiUra="79,89" who="2" fromWho="1" sc="235,0,265,-83,225,93,265,0" /><AGARI ba="1,0" hai="27,28,32,40,42,47,49,53,116,118,119" m="47657" machi="32" ten="40,12000,2" yaku="12,1,18,1,52,4" doraHai="44,115" who="3" fromWho="1" sc="235,0,182,-120,318,0,265,120" /><INIT seed="2,0,0,3,0,88" ten="235,62,318,385" oya="2" hai0="89,69,7,23,75,109,102,122,62,72,105,41,18" hai1="121,128,95,135,9,111,124,2,46,21,35,3,64" hai2="40,116,78,68,60,126,130,24,74,61,33,8,15" hai3="17,92,59,10,120,12,112,83,99,110,14,47,80"/><V48/><F116/><W36/><G120/><T53/><D109/><U70/><E111/><V97/><F68/><W66/><G110/><T114/><D114/><U4/><E121/><V52/><F40/><W51/><G36/><T77/><D122/><U119/><E119/><V107/><F126/><W16/><G112/><T131/><D131/><U86/><E124/><V118/><F118/><W38/><G59/><T13/><D7/><U0/><E128/><V42/><F42/><W90/><G66/><T108/><D108/><U101/><E135/><V123/><F74/><W11/><REACH who="3" step="1"/><G38/><REACH who="3" ten="235,62,318,375" step="2"/><T115/><D115/><U20/><E64/><V82/><F123/><W94/><G94/><T96/><D69/><U91/><E70/><V6/><F130/><W129/><G129/><T27/><D105/><U67/><E67/><V57/><F107/><W43/><AGARI ba="0,1" hai="10,11,12,14,16,17,43,47,51,80,83,90,92,99" machi="43" ten="20,12000,2" yaku="1,1,0,1,7,1,9,1,8,1,52,1,54,1,53,0" doraHai="88" doraHaiUra="100" who="3" fromWho="3" sc="235,-30,62,-30,318,-60,375,130" /><INIT seed="3,0,0,2,0,107" ten="205,32,258,505" oya="3" hai0="30,64,43,46,105,19,74,18,25,36,52,57,80" hai1="42,29,6,17,115,44,77,120,135,125,37,67,134" hai2="81,122,39,35,100,92,41,63,31,15,109,2,131" hai3="13,103,1,10,99,26,90,54,75,119,47,38,20"/><W132/><G119/><T112/><D105/><U94/><E94/><V22/><F2/><W129/><G129/><T123/><D123/><U104/><E17/><V106/><F39/><W108/><G132/><T62/><D112/><U95/><E95/><V16/><F41/><W66/><G66/><T27/><D27/><U65/><E29/><V88/><F109/><W98/><G98/><T45/><D45/><U78/><E6/><V113/><F113/><W5/><G90/><T21/><D74/><U71/><E104/><V117/><F117/><W68/><G54/><T124/><D80/><U33/><E33/><V48/><F131/><W58/><G58/><T59/><REACH who="0" step="1"/><D124/><REACH who="0" ten="195,32,258,505" step="2"/><U32/><E125/><V127/><F81/><W28/><G75/><T111/><D111/><U128/><E120/><V11/><F106/><W116/><G108/><T96/><D96/><U7/><E115/><V60/><F122/><W133/><G116/><T102/><D102/><U14/><E128/><V97/><F100/><W83/><G83/><T85/><D85/><U82/><E82/><V76/><F127/><W72/><G72/><T118/><D118/><U69/><E134/><V61/><F76/><W50/><G133/><T51/><AGARI ba="0,1" hai="18,19,21,25,30,36,43,46,51,52,57,59,62,64" machi="51" ten="20,12000,2" yaku="1,1,0,1,7,1,54,1,53,2" doraHai="107" doraHaiUra="53" who="0" fromWho="0" sc="195,130,32,-30,258,-30,505,-60" /><INIT seed="4,0,0,2,1,84" ten="325,2,228,445" oya="0" hai0="115,67,5,7,44,122,97,131,129,85,14,63,24" hai1="62,74,125,104,103,54,35,9,76,88,16,57,80" hai2="22,36,61,72,87,113,42,100,117,31,114,55,106" hai3="0,101,17,23,94,68,81,111,91,70,47,8,39"/><T50/><D122/><U123/><E35/><V27/><F72/><W45/><G111/><T86/><D115/><N who="2" m="44042" /><F42/><W64/><G64/><T65/><D24/><U1/><E123/><V59/><F36/><W19/><G39/><T15/><D63/><U107/><E125/><V18/><F117/><W28/><G28/><T133/><D97/><U124/><E124/><V98/><F87/><W69/><G8/><T30/><D30/><AGARI ba="0,0" hai="18,22,27,30,31,55,59,61,98,100,106" m="44042" machi="30" ten="30,1000,0" yaku="15,1" doraHai="84" who="2" fromWho="0" sc="325,-10,2,0,228,10,445,0" /><INIT seed="5,0,0,4,3,61" ten="315,2,238,445" oya="1" hai0="59,42,12,74,49,110,25,37,130,83,58,54,102" hai1="71,116,50,66,1,85,86,3,81,79,89,56,98" hai2="36,97,63,87,20,13,52,108,91,128,126,45,69" hai3="5,10,8,48,39,29,103,4,7,76,26,33,30"/><U90/><E116/><V95/><F108/><W43/><G39/><T100/><D110/><U53/><E71/><V24/><F126/><W57/><G76/><T120/><D130/><U2/><E79/><V77/><F128/><W80/><G80/><T64/><D120/><U75/><E75/><V9/><F36/><W34/><G57/><T88/><D25/><U122/><E98/><V84/><F77/><W70/><G70/><T82/><D82/><U113/><E113/><V27/><F27/><W133/><G133/><T51/><D74/><U135/><E122/><V134/><F134/><W78/><G78/><T106/><D37/><U73/><E73/><V41/><F41/><W31/><G48/><T18/><D106/><U35/><E35/><N who="3" m="13322" /><G103/><T68/><D68/><U22/><E22/><V105/><F105/><W112/><G43/><T129/><D129/><U65/><E135/><V119/><F119/><W99/><G99/><T32/><D32/><U40/><E40/><V127/><F127/><W60/><G112/><T104/><D104/><U15/><E15/><V6/><F69/><W16/><G60/><N who="0" m="37911" /><D42/><U46/><E46/><V23/><F45/><W21/><AGARI ba="0,0" hai="4,5,7,8,10,16,21,26,29,30,31" m="13322" machi="21" ten="40,12000,2" yaku="35,5,54,1" doraHai="61" who="3" fromWho="3" sc="315,-30,2,-60,238,-30,445,120" owari="285,8.5,-58,-55.8,208,-19.2,565,66.5" /></mjloggm>