<mjloggm ver="2.3"><GO type="41" lobby="0"/><UN n0="%E2%93%9D%4C%75%63%6B%79%4A" n1="%53%65%31%6E" n2="%E3%81%84%E3%82%93%E3%81%9F%E3%83%BC%E3%82%8B%E3%83%BC%E3%81%A9%E2%99%AA" n3="%44%6A%6F%6B%65%72%32%32" dan="17,13,14,14" rate="2133.46,1981.67,1882.55,1998.24" sx="M,M,M,M"/><TAIKYOKU oya="0"/><INIT seed="0,0,0,1,2,83" ten="250,250,250,250" oya="0" hai0="107,66,101,13,121,84,45,35,16,59,103,22,14" hai1="104,73,11,64,41,88,28,20,33,87,19,5,3" hai2="117,71,125,128,21,63,96,7,65,44,52,9,97" hai3="55,99,18,68,30,39,25,0,62,72,98,127,76"/><T90/><D121/><U112/><E104/><V134/><F128/><W77/><G39/><T70/><D35/><U17/><E73/><V86/><F125/><W130/><G0/><T108/><D70/><U37/><E112/><V110/><F110/><W53/><G127/><T118/><D118/><U31/><E64/><V15/><F134/><W80/><G130/><T27/><D45/><U67/><E67/><V89/><F117/><W116/><G116/><T54/><D66/><U74/><E74/><V10/><F21/><W115/><G115/><T36/><D36/><U85/><E19/><V47/><F9/><W60/><G18/><T32/><D32/><U124/><E124/><V126/><F126/><W91/><G68/><T105/><D107/><U129/><E129/><V1/><F1/><W82/><G91/><T56/><D59/><U106/><E106/><V48/><REACH who="2" step="1"/><F44/><REACH who="2" ten="250,250,240,250" step="2"/><W61/><G72/><T109/><D109/><U95/><E33/><V12/><F12/><N who="0" m="4714" /><D108/><U38/><E20/><V24/><F24/><W51/><G25/><T8/><D8/><U34/><E34/><V79/><F79/><W133/><G77/><T57/><D105/><U49/><E11/><V135/><F135/><W132/><G76/><T75/><D75/><U100/><E3/><V123/><F123/><W4/><G133/><T131/><D131/><U58/><E5/><V40/><F40/><W102/><G132/><T111/><D111/><U92/><E41/><V6/><F6/><W2/><G4/><T94/><D54/><U81/><E37/><V119/><F119/><W26/><G2/><RYUUKYOKU ba="0,1" sc="250,15,250,-15,240,15,250,-15" hai0="16,22,27,56,57,84,90,94,101,103" hai2="7,10,15,47,48,52,63,65,71,86,89,96,97" /><INIT seed="0,1,1,3,5,63" ten="265,235,255,235" oya="0" hai0="29,111,115,99,19,97,22,121,92,73,41,105,51" hai1="11,38,67,9,123,72,6,66,26,78,114,36,55" hai2="119,116,129,47,12,39,28,17,65,60,80,1,117" hai3="45,21,81,91,75,83,2,85,14,128,50,59,53"/><T88/><D121/><U86/><E123/><V101/><F129/><W134/><G2/><T64/><D115/><U125/><E72/><V74/><F1/><W127/><G134/><T87/><D73/><U18/><E114/><V4/><F101/><W109/><G128/><T131/><D131/><U3/><E125/><V27/><F4/><W84/><G75/><T7/><D29/><U43/><E55/><V93/><F93/><W79/><G127/><T10/><D105/><U54/><E54/><V104/><F104/><W46/><G109/><T56/><D111/><U76/><E43/><V57/><F39/><W52/><G53/><N who="0" m="31807" /><D41/><U69/><E69/><V24/><F47/><W82/><G82/><T40/><D40/><U5/><E86/><V113/><F113/><W32/><G32/><T94/><D94/><U133/><E26/><V31/><F31/><W126/><G126/><T71/><D71/><U25/><E25/><V103/><F103/><W0/><G0/><N who="0" m="359" /><D64/><U16/><E3/><V107/><F107/><W100/><G100/><T70/><D70/><U112/><E112/><V98/><F98/><W8/><REACH who="3" step="1"/><G21/><REACH who="3" ten="265,235,255,225" step="2"/><T77/><D77/><U102/><E102/><V96/><F74/><W135/><G135/><AGARI ba="1,2" hai="5,6,9,11,16,18,36,38,66,67,76,78,133,135" machi="135" ten="25,8000,1" yaku="22,2,52,2,54,1" doraHai="63" who="1" fromWho="3" sc="265,0,235,103,255,0,225,-83" /><INIT seed="1,0,0,4,2,29" ten="265,338,255,142" oya="1" hai0="83,90,134,31,73,58,59,52,43,123,98,130,70" hai1="132,105,67,25,41,50,68,7,16,111,92,5,95" hai2="115,19,126,62,75,121,49,34,20,108,101,44,0" hai3="69,79,96,129,37,89,102,80,85,97,6,22,84"/><U104/><E68/><V55/><F121/><W117/><G69/><T15/><D70/><U10/><E67/><V13/><F108/><W106/><G37/><T116/><D116/><U56/><E132/><V107/><F126/><W71/><G71/><T11/><D130/><U93/><E111/><V120/><F120/><W4/><G22/><T100/><D43/><U35/><E5/><V8/><F75/><N who="3" m="43135" /><G6/><T53/><D134/><U21/><E35/><V30/><F115/><W65/><G65/><T88/><D31/><U74/><E74/><V99/><F62/><W32/><G32/><T40/><D40/><U113/><E113/><V77/><F77/><W66/><G4/><T76/><D123/><U46/><REACH who="1" step="1"/><E56/><REACH who="1" ten="265,328,255,142" step="2"/><V1/><F34/><W94/><G66/><T112/><D112/><U135/><E135/><V42/><F0/><AGARI ba="0,1" hai="0,7,10,16,21,25,41,46,50,92,93,95,104,105" machi="0" ten="40,7700,0" yaku="1,1,54,1,53,1" doraHai="29" doraHaiUra="14" who="1" fromWho="2" sc="265,0,328,87,255,-77,142,0" /><INIT seed="1,1,0,5,3,130" ten="265,415,178,142" oya="1" hai0="19,25,23,46,45,34,103,96,105,38,10,65,133" hai1="109,42,54,106,22,12,57,87,74,47,31,116,0" hai2="92,20,2,81,15,80,97,36,70,64,29,56,66" hai3="115,3,52,59,99,86,24,111,43,125,78,85,118"/><U120/><E74/><V100/><F2/><W124/><G115/><T122/><D122/><U30/><E120/><V48/><F36/><W108/><G3/><T40/><D34/><U4/><E116/><V11/><F70/><W39/><G118/><T63/><D46/><U1/><E106/><V75/><F75/><W62/><G99/><T121/><D121/><U102/><E102/><V98/><F98/><W127/><G78/><T9/><REACH who="0" step="1"/><D133/><REACH who="0" ten="255,415,178,142" step="2"/><U67/><E47/><V71/><F71/><AGARI ba="1,1" hai="9,10,19,23,25,38,40,45,63,65,71,96,103,105" machi="71" ten="30,3900,0" yaku="1,1,2,1,7,1,53,0" doraHai="130" doraHaiUra="84" who="0" fromWho="2" sc="255,52,415,0,178,-42,142,0" /><INIT seed="2,0,0,4,4,10" ten="307,415,136,142" oya="2" hai0="100,119,86,54,7,101,72,16,133,51,67,114,28" hai1="85,60,127,30,40,112,56,25,26,105,124,37,14" hai2="93,132,18,38,74,36,35,126,12,53,107,62,104" hai3="47,58,109,110,15,78,50,68,82,117,135,66,115"/><V70/><F132/><W84/><G117/><T63/><D72/><U42/><E105/><V49/><F126/><N who="1" m="48169" /><E112/><V95/><F74/><W69/><G135/><T8/><D28/><U57/><E57/><V43/><F35/><W3/><G3/><T129/><D114/><U134/><E134/><V6/><F6/><W118/><G118/><T48/><D51/><U113/><E113/><V2/><F2/><W103/><G103/><T99/><D86/><U52/><E37/><V96/><F93/><W128/><G128/><T90/><D90/><U21/><E26/><V55/><F55/><W88/><G115/><T125/><D129/><U81/><E14/><V11/><F43/><W91/><G58/><T24/><D119/><U131/><E131/><V45/><F36/><W31/><G31/><T71/><D125/><U17/><E30/><V22/><F38/><W121/><G121/><T130/><D130/><U120/><E120/><V75/><F75/><W65/><G69/><T77/><D71/><U123/><E123/><V102/><REACH who="2" step="1"/><F11/><REACH who="2" ten="307,415,126,142" step="2"/><W76/><G82/><T73/><D8/><U98/><E42/><V41/><F41/><W13/><G68/><T80/><D133/><U59/><E40/><V0/><F0/><W20/><G20/><T111/><D73/><U32/><E32/><V92/><F92/><W1/><G1/><T46/><D80/><U19/><E21/><V79/><F79/><W33/><G33/><T39/><D77/><U122/><E81/><V108/><F108/><W5/><G5/><T87/><D7/><U4/><E4/><V61/><F61/><RYUUKYOKU ba="0,1" sc="307,-10,415,-10,126,30,142,-10" hai2="12,18,22,45,49,53,62,70,95,96,102,104,107" /><INIT seed="2,1,1,1,2,122" ten="297,405,156,132" oya="2" hai0="40,110,75,79,95,11,45,24,8,39,108,126,32" hai1="123,131,21,10,54,44,38,107,120,7,55,33,119" hai2="48,56,86,35,97,9,100,92,84,30,20,52,94" hai3="59,115,128,17,73,135,127,18,31,114,76,69,26"/><V83/><F35/><W12/><G69/><T4/><D95/><U49/><E119/><V118/><F118/><W43/><G43/><T27/><D11/><U61/><E33/><V132/><F132/><W104/><G104/><T91/><D91/><U112/><E112/><N who="3" m="43050" /><G76/><T106/><D106/><U89/><E107/><V37/><F37/><W88/><G73/><T13/><D126/><U102/><E102/><V74/><F9/><W16/><G135/><T58/><D58/><U2/><E131/><V93/><F74/><W46/><G46/><T70/><D70/><U133/><E133/><V81/><F30/><W3/><G59/><T15/><D15/><U111/><E61/><V22/><F84/><W71/><G71/><T78/><D32/><U109/><E38/><V28/><F28/><W80/><G3/><T85/><D85/><U124/><E89/><N who="2" m="53303" /><F93/><W57/><G57/><T105/><D105/><U1/><E1/><V25/><F25/><N who="0" m="9802" /><D75/><U0/><E0/><V82/><AGARI ba="1,1" hai="20,22,48,52,56,81,82,83,94,97,100" m="53303" machi="82" ten="30,3000,0" yaku="8,1,54,1" doraHai="122" who="2" fromWho="2" sc="297,-11,405,-11,156,43,132,-11" /><INIT seed="2,2,0,0,0,97" ten="286,394,199,121" oya="2" hai0="71,93,87,16,69,82,84,9,57,45,102,24,72" hai1="41,90,135,96,30,35,2,129,111,31,17,61,81" hai2="122,99,4,36,123,23,10,101,3,25,107,106,33" hai3="60,54,112,120,74,15,20,44,105,64,53,79,43"/><V19/><F36/><W80/><G105/><T118/><D72/><U98/><E2/><V88/><F107/><W95/><G120/><T67/><D118/><U5/><E5/><V14/><REACH who="2" step="1"/><F88/><REACH who="2" ten="286,394,189,121" step="2"/><W29/><G112/><T78/><D71/><U52/><E90/><V131/><F131/><W70/><G95/><T8/><D93/><U83/><E129/><V103/><F103/><W66/><G66/><T85/><D67/><U6/><E81/><V38/><F38/><W21/><G70/><T46/><D69/><U12/><E83/><V27/><F27/><W117/><G64/><T127/><D24/><U125/><E98/><V91/><F91/><W109/><G117/><T130/><D102/><U56/><E96/><V124/><F124/><W55/><G80/><T34/><D82/><U13/><E125/><V0/><F0/><W126/><G126/><T104/><D104/><U48/><E12/><V114/><F114/><W89/><G89/><T65/><D130/><U73/><E13/><V47/><F47/><W121/><G15/><T134/><D46/><U39/><E39/><V49/><F49/><W42/><G44/><T32/><D45/><U116/><E48/><V77/><F77/><W110/><G79/><T51/><D78/><U108/><E116/><V1/><F1/><W128/><G128/><T132/><D51/><U37/><E37/><V59/><F59/><W26/><G121/><T7/><D127/><U76/><E76/><V100/><F100/><W63/><G74/><T115/><D115/><U68/><E73/><V18/><F18/><W133/><G133/><RYUUKYOKU ba="2,1" sc="286,-10,394,-10,189,30,121,-10" hai2="3,4,10,14,19,23,25,33,99,101,106,122,123" /><INIT seed="2,3,1,5,4,5" ten="276,384,219,111" oya="2" hai0="78,43,100,49,9,109,127,54,34,71,77,45,108" hai1="128,17,91,107,130,106,104,41,74,133,126,37,114" hai2="95,89,129,73,27,61,52,67,69,38,70,30,14" hai3="64,12,26,132,68,33,60,28,72,35,57,31,112"/><V23/><F129/><N who="1" m="49769" /><E37/><V29/><F73/><W118/><G118/><T121/><D34/><U103/><E41/><V123/><F123/><W76/><G132/><T135/><D121/><U21/><E114/><V53/><F70/><W84/><G112/><T22/><D100/><U24/><E74/><V20/><F20/><BYE who="2" /><UN n2="%E3%81%84%E3%82%93%E3%81%9F%E3%83%BC%E3%82%8B%E3%83%BC%E3%81%A9%E2%99%AA" /><W25/><G72/><T82/><D71/><U39/><E39/><V92/><F38/><W11/><G76/><T116/><D127/><U10/><E133/><V117/><F117/><W110/><G110/><N who="0" m="42603" /><D135/><U98/><E126/><V131/><F131/><W90/><G68/><T86/><D22/><U115/><E115/><V13/><F30/><W65/><G65/><T7/><D116/><U111/><E111/><V99/><F13/><W75/><G75/><T36/><D36/><U97/><E10/><V125/><F125/><W83/><G12/><N who="0" m="5183" /><D78/><U101/><E91/><V48/><F48/><W1/><REACH who="3" step="1"/><G1/><REACH who="3" ten="276,384,219,101" step="2"/><T120/><D120/><U80/><E80/><V124/><F124/><W55/><G55/><AGARI ba="3,2" hai="43,45,49,54,55,77,82,86" m="5183,42603" machi="55" ten="30,3900,0" yaku="25,1,14,1,52,1" doraHai="5" who="0" fromWho="3" sc="276,68,384,0,219,0,101,-48" /><INIT seed="3,0,0,4,1,24" ten="344,384,219,53" oya="3" hai0="127,125,39,38,106,14,105,100,133,108,56,132,80" hai1="70,115,135,67,28,123,73,83,116,20,49,35,76" hai2="9,51,0,10,23,82,95,89,63,130,72,69,25" hai3="45,37,110,81,104,18,126,98,2,43,22,7,61"/><W42/><G126/><N who="0" m="48139" /><D100/><U119/><E115/><V53/><F130/><W118/><G118/><N who="1" m="45098" /><E35/><V114/><F114/><W87/><G43/><T36/><D14/><U32/><E32/><V6/><F9/><W71/><G110/><T102/><D102/><U1/><E70/><V68/><F63/><W88/><G7/><T5/><D56/><U19/><E67/><V13/><F72/><W78/><G2/><T93/><D93/><U54/><E135/><N who="0" m="51785" /><D5/><U4/><E4/><V52/><F82/><W48/><G104/><N who="0" m="40043" /><D80/><U30/><E1/><V57/><F53/><W94/><G71/><T91/><D91/><U58/><E123/><V59/><F59/><W50/><REACH who="3" step="1"/><G61/><REACH who="3" ten="344,384,219,43" step="2"/><T109/><AGARI ba="0,1" hai="36,38,39,108,109" m="40043,51785,48139" machi="109" ten="50,12000,2" yaku="28,2,18,1,20,1,31,2" doraHai="24" who="0" fromWho="0" sc="344,130,384,-30,219,-30,43,-60" owari="474,57.4,354,15.4,189,-21.1,-17,-51.7" /></mjloggm>