<mjloggm ver="2.3"><GO type="41" lobby="0"/><UN n0="%E3%81%8A%E3%81%97%E3%82%85%E3%81%8A%E3%81%97%E3%82%85" n1="%74%6F%74%6F%72%6F%30%31" n2="%73%68%79%6E%61%6B%61" n3="%E2%93%9D%4C%75%63%6B%79%4A" dan="15,14,14,18" rate="1991.74,1959.82,1867.40,2147.87" sx="M,M,M,M"/><TAIKYOKU oya="0"/><INIT seed="0,0,0,0,2,97" ten="250,250,250,250" oya="0" hai0="107,19,29,110,55,99,88,45,5,40,126,128,87" hai1="48,39,122,70,24,61,21,120,90,75,57,119,76" hai2="20,17,46,43,36,51,37,8,114,109,131,80,35" hai3="89,72,84,54,85,4,25,16,92,103,11,0,106"/><T47/><BYE who="1" /><D126/><UN n1="%74%6F%74%6F%72%6F%30%31" /><U124/><E119/><V129/><F114/><W67/><G72/><T68/><D128/><N who="2" m="49226" /><F35/><W95/><G67/><T98/><D68/><U50/><E39/><V14/><F109/><W111/><G111/><T53/><D110/><U105/><E70/><V132/><F132/><W52/><G106/><T73/><D73/><U130/><E105/><V91/><F20/><N who="3" m="13447" /><G0/><T82/><D29/><U15/><E130/><V27/><F27/><W18/><G4/><T79/><D5/><U34/><E34/><V115/><F115/><W74/><G74/><T133/><D133/><U66/><E76/><V71/><F71/><W38/><G38/><T32/><D32/><U10/><E75/><V78/><F91/><N who="3" m="53743" /><G103/><T44/><D40/><U100/><E124/><V77/><F78/><W3/><G3/><T116/><D116/><U96/><E90/><V69/><F69/><W42/><G42/><T63/><D107/><U123/><E15/><AGARI ba="0,0" hai="11,15,18,52,54,84,89,92" m="53743,13447" machi="15" ten="30,3900,0" yaku="8,1,54,2" doraHai="97" who="3" fromWho="1" sc="250,0,250,-39,250,0,250,39" /><INIT seed="1,0,0,1,0,31" ten="250,211,250,289" oya="1" hai0="56,106,43,127,51,37,126,13,76,91,107,121,38" hai1="7,55,122,57,90,24,78,12,48,6,79,94,3" hai2="96,116,20,70,44,89,8,125,23,15,33,14,47" hai3="35,75,49,130,28,21,10,17,113,40,124,1,34"/><U45/><E122/><V80/><F116/><W5/><G75/><T65/><D76/><U73/><E3/><V22/><F70/><W54/><G40/><T66/><D91/><U42/><E73/><V41/><F33/><N who="3" m="12299" /><G49/><T60/><D13/><N who="2" m="4618" /><F125/><N who="0" m="47626" /><D121/><U59/><E59/><V61/><F61/><W133/><G54/><N who="0" m="33815" /><D107/><U105/><E105/><V32/><F32/><W67/><G67/><N who="0" m="25611" /><D106/><U19/><E24/><V16/><F41/><W103/><G103/><T68/><D68/><U92/><E94/><N who="2" m="56399" /><F80/><W69/><G69/><T77/><D77/><N who="1" m="29195" /><E45/><AGARI ba="0,0" hai="37,38,43,45,51" m="25611,33815,47626" machi="45" ten="30,3900,0" yaku="18,1,34,2" doraHai="31" who="0" fromWho="1" sc="250,39,211,-39,250,0,289,0" /><INIT seed="2,0,0,3,5,71" ten="289,172,250,289" oya="2" hai0="50,122,11,24,60,73,48,39,105,115,95,62,120" hai1="30,130,119,125,76,35,6,112,7,47,66,26,68" hai2="33,9,42,44,75,85,36,69,111,81,0,135,104" hai3="118,100,113,21,126,133,128,51,110,96,49,74,93"/><V97/><F135/><W65/><G118/><T77/><D105/><U132/><E119/><V19/><F111/><W123/><G110/><T31/><D115/><U3/><E112/><V56/><F69/><W92/><G74/><T58/><D39/><U10/><E132/><V55/><F33/><W32/><G32/><T117/><D117/><U134/><E134/><V83/><F75/><W98/><G133/><T102/><D60/><U88/><E130/><V121/><F121/><W106/><G106/><T108/><D108/><U72/><E7/><V5/><F19/><W78/><G78/><T63/><D63/><U29/><E29/><V61/><REACH who="2" step="1"/><F85/><REACH who="2" ten="289,172,240,289" step="2"/><W114/><G123/><T15/><D122/><U82/><E68/><V124/><F124/><W40/><G126/><T34/><D120/><U53/><E125/><V14/><F14/><W25/><G114/><T28/><D73/><U16/><E66/><V18/><F18/><W89/><G65/><T94/><D31/><U103/><E103/><AGARI ba="0,1" hai="0,5,9,36,42,44,55,56,61,81,83,97,103,104" machi="103" ten="40,3900,0" yaku="1,1,52,1,53,0" doraHai="71" doraHaiUra="80" who="2" fromWho="1" sc="289,0,172,-39,240,49,289,0" /><INIT seed="2,1,0,3,2,98" ten="289,133,289,289" oya="2" hai0="84,134,68,38,125,18,77,30,62,101,114,55,60" hai1="102,110,67,44,118,65,99,116,63,33,57,124,95" hai2="85,108,14,37,15,104,128,36,20,88,23,100,42" hai3="52,22,71,39,29,79,129,105,127,0,16,123,135"/><V81/><F128/><W40/><G71/><T53/><D30/><U96/><E33/><V56/><F108/><W112/><G105/><T61/><D114/><U2/><E2/><V54/><F15/><W10/><G79/><T89/><D38/><U103/><E124/><V113/><F113/><W66/><G66/><T46/><D125/><U11/><E110/><V82/><F82/><W9/><G40/><T51/><D134/><U94/><E67/><V120/><F120/><W27/><G39/><T87/><D68/><U43/><REACH who="1" step="1"/><E11/><REACH who="1" ten="289,123,289,289" step="2"/><V47/><F23/><W3/><G10/><T34/><D34/><U119/><E119/><V122/><F122/><W73/><G9/><T12/><D55/><U86/><E86/><V75/><F75/><W69/><G73/><T115/><D87/><U6/><E6/><V83/><F20/><W58/><G127/><T35/><D35/><U13/><E13/><V106/><F14/><W31/><G123/><T49/><D12/><U109/><E109/><V5/><F5/><W17/><G3/><T26/><D84/><U41/><E41/><V8/><F8/><W32/><G0/><T50/><D53/><U76/><E76/><V25/><F42/><W48/><G112/><T92/><D115/><U121/><E121/><V70/><F54/><W117/><G117/><T4/><D4/><U21/><E21/><V7/><F7/><W78/><G78/><T1/><D77/><U28/><E28/><V132/><F85/><W24/><G31/><T97/><D1/><U111/><E111/><V131/><F83/><W80/><G80/><RYUUKYOKU ba="1,1" sc="289,-10,123,30,289,-10,289,-10" hai1="43,44,57,63,65,94,95,96,99,102,103,116,118" /><INIT seed="3,2,1,0,2,102" ten="279,153,279,279" oya="3" hai0="2,4,25,49,105,121,68,64,12,20,61,50,44" hai1="47,11,84,101,77,23,45,95,86,8,55,58,108" hai2="100,60,65,0,67,129,59,134,122,75,130,90,26" hai3="126,56,27,110,1,125,92,6,132,83,94,116,74"/><W31/><G116/><T93/><D121/><U16/><E108/><V40/><F122/><W53/><G1/><T88/><D2/><U51/><E101/><V82/><F0/><W22/><G6/><T29/><D105/><U120/><E120/><V109/><F109/><W36/><G36/><T118/><D118/><U15/><E84/><V72/><F40/><W71/><G71/><T78/><D78/><U104/><E104/><V80/><F134/><W7/><G7/><T114/><D114/><U96/><E96/><V117/><F100/><W97/><G132/><T127/><D127/><N who="3" m="48649" /><G97/><T42/><D4/><U124/><E124/><V32/><F117/><W52/><G110/><T89/><D89/><U39/><E39/><V70/><F70/><W76/><G53/><T63/><D63/><AGARI ba="2,1" hai="22,27,31,52,56,63,74,76,83,92,94" m="48649" machi="63" ten="30,2900,0" yaku="18,1,54,1" doraHai="102" who="3" fromWho="0" sc="279,-35,153,0,279,0,279,45" /><INIT seed="3,3,0,0,0,51" ten="244,153,279,324" oya="3" hai0="94,61,121,3,122,1,82,110,79,13,64,72,52" hai1="40,93,48,17,109,97,8,88,134,15,68,5,74" hai2="128,114,63,38,46,81,126,60,30,75,70,130,55" hai3="92,101,96,42,41,69,111,16,39,87,59,95,32"/><W78/><G69/><T34/><D34/><U124/><E74/><V37/><F30/><W99/><G39/><N who="2" m="14857" /><F75/><W102/><G32/><T36/><D110/><U67/><E109/><V10/><F81/><W45/><G111/><T26/><D36/><U27/><E124/><V83/><F83/><W11/><G45/><T19/><D26/><U47/><E134/><V108/><F10/><W9/><G59/><T106/><D106/><U133/><E133/><V2/><F2/><W66/><G66/><T54/><D94/><U43/><E68/><V76/><F76/><W62/><G62/><T91/><D91/><U103/><E67/><N who="2" m="41319" /><F108/><W4/><G78/><T77/><D82/><U35/><E35/><V20/><F20/><W125/><G125/><T107/><D72/><U89/><E40/><V12/><F12/><N who="3" m="5223" /><G87/><T117/><D107/><U6/><REACH who="1" step="1"/><E6/><REACH who="1" ten="244,143,279,324" step="2"/><V73/><F73/><W90/><G102/><T118/><D64/><U86/><E86/><V57/><F126/><W112/><G112/><T23/><D122/><U127/><E127/><V29/><F114/><W24/><G9/><T115/><D121/><U135/><E135/><V0/><F0/><W80/><G80/><T85/><D115/><U98/><E98/><V22/><F22/><AGARI ba="3,1" hai="16,22,24,41,42,90,92,95,96,99,101" m="5223" machi="22" ten="30,2900,0" yaku="8,1,54,1" doraHai="51" who="3" fromWho="2" sc="244,0,143,0,279,-38,324,48" /><AGARI ba="3,0" hai="5,8,15,17,22,27,43,47,48,88,89,93,97,103" machi="22" ten="40,5200,0" yaku="1,1,8,1,54,1,53,0" doraHai="51" doraHaiUra="104" who="1" fromWho="2" sc="244,0,143,52,241,-52,372,0" /><INIT seed="3,4,0,0,4,112" ten="244,195,189,372" oya="3" hai0="21,13,60,62,9,130,126,55,43,133,128,37,97" hai1="49,88,95,65,134,33,32,45,107,78,129,125,135" hai2="12,1,76,34,16,105,93,104,113,66,98,2,51" hai3="7,22,108,84,19,0,42,109,46,52,121,36,103"/><W123/><G103/><T26/><D126/><U28/><E107/><V102/><F113/><W89/><G7/><T110/><D133/><U118/><E78/><V53/><F34/><W69/><G0/><T58/><D110/><N who="3" m="42601" /><G69/><T31/><D97/><U11/><E11/><V127/><F127/><W116/><G116/><T17/><D43/><U5/><E5/><V20/><F76/><W61/><G61/><T64/><REACH who="0" step="1"/><D37/><REACH who="0" ten="234,195,189,372" step="2"/><U41/><E125/><V77/><F105/><W47/><G42/><T83/><D83/><U27/><E129/><V73/><F104/><W101/><G36/><T38/><D38/><U10/><E135/><V4/><F1/><W15/><G101/><T14/><D14/><U124/><E134/><V119/><F2/><W48/><G47/><T86/><D86/><U106/><E124/><V75/><F73/><W82/><AGARI ba="4,1" hai="15,19,22,46,48,52,82,84,89,121,123" m="42601" machi="82" ten="30,6000,0" yaku="14,1,10,1,54,1" doraHai="112" who="3" fromWho="3" sc="234,-24,195,-24,189,-24,372,82" /><INIT seed="3,5,0,3,0,0" ten="210,171,165,454" oya="3" hai0="21,31,24,68,134,11,3,93,27,83,50,71,92" hai1="39,114,23,97,7,79,69,85,49,119,109,128,14" hai2="126,94,86,4,74,102,29,120,111,122,2,63,41" hai3="28,19,135,9,17,113,88,84,65,26,51,60,20"/><W96/><G113/><T125/><D134/><U73/><E69/><V46/><F74/><W62/><G135/><T56/><D125/><U132/><E39/><V75/><F75/><W34/><G34/><T42/><D83/><U38/><E132/><V1/><F126/><W52/><G96/><T13/><D3/><U72/><E114/><V45/><F1/><W117/><G117/><T115/><D115/><U22/><E109/><V116/><F116/><W108/><G108/><T106/><D106/><U87/><E119/><V130/><F111/><W81/><G9/><T121/><D121/><N who="2" m="46698" /><F29/><W55/><G55/><T35/><D71/><U101/><E38/><N who="2" m="21687" /><F46/><N who="3" m="27767" /><G65/><T61/><D68/><U104/><E73/><V103/><F63/><AGARI ba="5,0" hai="17,19,20,26,28,60,62,63,81,84,88" m="27767" machi="63" ten="30,5800,0" yaku="8,1,54,2" doraHai="0" who="3" fromWho="2" sc="210,0,171,0,165,-73,454,73" /><INIT seed="3,6,0,1,5,88" ten="210,171,92,527" oya="3" hai0="129,26,134,45,33,8,80,28,87,12,66,3,91" hai1="68,125,23,130,94,122,25,31,93,79,100,46,72" hai2="16,60,83,99,128,56,62,106,38,29,47,30,111" hai3="103,55,35,50,36,124,119,27,95,127,108,76,57"/><W65/><G119/><T102/><D134/><U131/><E68/><V97/><F111/><W75/><G36/><T116/><D129/><N who="1" m="49163" /><E122/><V112/><F128/><W64/><G76/><T52/><D3/><U110/><E110/><V90/><F112/><W132/><G75/><T10/><D116/><U6/><E100/><V34/><F38/><W133/><G27/><T70/><D102/><U71/><E71/><V53/><F106/><W40/><G35/><T126/><D126/><N who="3" m="48169" /><G40/><T48/><D8/><U42/><E125/><V51/><F34/><W32/><G32/><T58/><D70/><U13/><E79/><V44/><F30/><W115/><G115/><T7/><D66/><N who="3" m="25705" /><G108/><T18/><REACH who="0" step="1"/><D7/><REACH who="0" ten="200,171,92,527" step="2"/><U123/><E123/><V39/><F39/><W59/><G59/><AGARI ba="6,1" hai="10,12,18,26,28,33,45,48,52,58,59,80,87,91" machi="59" ten="40,8000,1" yaku="1,1,2,1,25,2,54,1,53,0" doraHai="88" doraHaiUra="105" who="0" fromWho="3" sc="200,108,171,0,92,0,527,-98" /><INIT seed="4,0,0,4,4,127" ten="308,171,92,429" oya="0" hai0="24,48,100,54,43,50,38,71,55,31,8,60,5" hai1="30,130,84,39,12,9,124,119,57,37,101,78,13" hai2="74,6,132,75,65,114,15,111,90,56,91,98,99" hai3="11,102,133,76,120,23,122,117,69,42,112,113,82"/><T1/><D100/><U20/><E119/><V106/><F56/><W41/><G133/><T14/><D38/><U17/><E124/><V68/><F68/><W63/><G23/><T7/><D43/><N who="3" m="16393" /><G11/><T58/><D71/><U83/><E30/><V123/><F65/><N who="3" m="41151" /><G102/><T96/><D96/><N who="2" m="36906" /><F15/><W25/><G25/><T80/><D80/><U62/><E101/><V109/><F6/><W118/><G76/><T32/><D7/><U77/><E130/><V89/><F114/><N who="3" m="44139" /><G82/><T26/><D26/><U33/><E33/><V34/><F34/><W52/><G52/><T40/><D40/><U129/><E129/><V94/><F123/><AGARI ba="0,0" hai="117,118,120,122,123" m="44139,41151,16393" machi="123" ten="30,7700,0" yaku="13,1,15,1,34,2" doraHai="127" who="3" fromWho="2" sc="308,0,171,0,92,-77,429,77" /><INIT seed="5,0,0,0,1,70" ten="308,171,15,506" oya="1" hai0="45,2,30,99,9,104,15,74,29,134,57,8,11" hai1="89,55,105,34,49,16,87,21,96,63,59,102,113" hai2="50,71,51,82,27,127,58,123,129,111,42,43,61" hai3="1,38,6,19,135,76,13,48,67,36,97,131,25"/><U128/><E34/><V33/><F33/><W66/><G76/><T28/><D74/><U118/><E128/><V90/><F90/><W77/><G1/><T40/><D134/><U107/><E113/><V56/><F82/><W4/><G48/><N who="2" m="18473" /><F27/><W91/><G77/><T81/><D81/><U112/><E112/><V10/><F10/><W62/><G135/><T52/><D2/><U93/><E118/><V72/><F72/><W69/><G67/><T101/><D40/><N who="2" m="15402" /><F111/><W116/><G116/><T75/><D45/><U117/><E117/><V86/><F86/><W18/><G131/><T31/><N who="0" m="7168" /><DORA hai="106" /><T115/><D115/><U83/><REACH who="1" step="1"/><E63/><REACH who="1" ten="308,161,15,506" step="2"/><V80/><F129/><W44/><G62/><T3/><D3/><U68/><E68/><V32/><F80/><W12/><G69/><T98/><D75/><U0/><E0/><V73/><F73/><W126/><G6/><T88/><D15/><AGARI ba="0,1" hai="15,16,21,49,55,59,83,87,89,93,96,102,105,107" machi="15" ten="30,12000,1" yaku="1,1,7,1,54,1,53,2" doraHai="70,106" doraHaiUra="85,94" who="1" fromWho="0" sc="308,-120,161,130,15,0,506,0" /><INIT seed="5,1,0,5,3,8" ten="188,291,15,506" oya="1" hai0="5,29,114,56,66,110,63,6,39,52,68,2,58" hai1="3,133,96,64,78,77,81,112,89,132,108,33,102" hai2="22,62,117,36,75,23,10,135,106,32,57,61,42" hai3="119,127,45,38,7,83,88,93,74,41,1,99,67"/><U124/><E33/><V26/><F75/><W28/><G127/><T97/><D110/><U107/><E3/><V105/><F117/><W72/><G119/><T76/><D39/><U16/><E64/><V85/><F135/><N who="1" m="51785" /><E16/><V118/><F118/><W37/><G38/><T98/><D114/><U86/><E124/><V122/><F122/><W12/><G1/><T92/><D29/><U25/><E25/><V43/><F32/><W35/><G67/><T53/><D76/><N who="1" m="29291" /><E112/><V19/><F85/><W91/><G28/><T94/><D2/><U128/><E128/><V24/><F36/><W71/><G71/><T87/><D68/><U131/><E131/><V129/><F19/><W80/><G35/><T84/><D66/><U34/><E34/><V48/><F10/><W15/><G7/><T44/><D44/><U54/><E54/><V79/><F79/><W104/><G74/><T101/><D63/><U9/><E9/><V47/><F57/><W55/><G55/><T70/><D70/><U90/><E108/><V17/><F129/><W95/><G72/><T31/><D31/><U13/><E13/><V111/><F111/><W125/><G125/><T40/><D40/><U21/><E21/><V20/><F20/><W69/><G69/><T49/><D49/><U120/><E120/><V109/><F109/><W0/><G0/><T46/><D46/><U60/><E60/><N who="2" m="23147" /><F43/><W18/><G15/><T11/><D11/><U73/><E73/><V115/><F115/><W30/><G30/><T116/><D116/><U134/><N who="1" m="51793" /><U82/><DORA hai="59" /><E90/><V27/><F22/><RYUUKYOKU ba="1,0" sc="188,10,291,10,15,10,506,-30" hai0="5,6,52,53,56,58,84,87,92,94,97,98,101" hai1="81,82,86,89,96,102,107" hai2="17,23,24,26,27,42,47,48,105,106" /><INIT seed="5,2,0,4,5,105" ten="198,301,25,476" oya="1" hai0="125,102,3,77,36,95,18,107,55,60,38,127,72" hai1="70,88,126,100,104,30,54,112,33,43,101,86,62" hai2="61,87,46,56,132,20,64,89,57,32,5,69,106" hai3="63,131,94,110,118,98,44,74,85,7,14,114,66"/><U123/><E123/><V8/><F106/><W42/><G110/><T120/><D3/><U47/><E126/><N who="0" m="48137" /><D107/><U58/><E70/><V37/><F32/><W124/><G114/><T103/><D95/><U92/><E104/><V10/><F132/><W11/><G131/><T0/><D0/><U81/><E112/><V80/><F20/><W96/><G74/><T121/><D18/><U27/><REACH who="1" step="1"/><E81/><REACH who="1" ten="198,291,25,476" step="2"/><V19/><F19/><W76/><G124/><T59/><D121/><U53/><E53/><V49/><F37/><AGARI ba="2,1" hai="27,30,33,37,43,47,54,58,62,86,88,92,100,101" machi="37" ten="30,5800,0" yaku="1,1,7,1,54,1,53,0" doraHai="105" doraHaiUra="128" who="1" fromWho="2" sc="198,0,291,74,25,-64,476,0" owari="198,-20.2,365,16.5,-39,-53.9,476,57.6" /></mjloggm>