<mjloggm ver="2.3"><GO type="137" lobby="0"/><UN n0="%E2%93%9D%4C%75%63%6B%79%4A" n1="%E3%82%8A%E3%81%8A%E3%81%8F%E3%82%93" n2="%E3%83%AD%E3%83%83%E3%83%97%E3%81%A1%E3%82%83%E3%82%93" n3="%E3%82%B8%E3%83%A3%E3%83%A0%32%30%30%36" dan="12,11,12,12" rate="1889.79,1488.26,1782.32,1636.92" sx="M,M,M,M"/><TAIKYOKU oya="0"/><INIT seed="0,0,0,0,4,60" ten="250,250,250,250" oya="0" hai0="15,73,4,59,77,75,6,110,7,65,95,10,102" hai1="129,35,80,104,117,130,49,89,28,9,119,52,101" hai2="3,131,27,18,64,24,61,118,50,53,134,98,100" hai3="84,55,36,69,78,135,57,40,97,108,120,45,32"/><T39/><D39/><U111/><E9/><V1/><F134/><W21/><G32/><T38/><D38/><U44/><E35/><V91/><F131/><N who="1" m="50185" /><E28/><V96/><F118/><N who="1" m="45065" /><E111/><V66/><F91/><W67/><G135/><T54/><D110/><U33/><E33/><V48/><F18/><W113/><G108/><T2/><D2/><U37/><E37/><V13/><F61/><W132/><G132/><T43/><D43/><U63/><E63/><V0/><F53/><W34/><G34/><T23/><D75/><U133/><E133/><V74/><F13/><W70/><G97/><N who="2" m="37481" /><F74/><W122/><G84/><T17/><D73/><U11/><E11/><V128/><F100/><W51/><G78/><T126/><D77/><U85/><E101/><V8/><F8/><W121/><G21/><T112/><D23/><U123/><E123/><V127/><F128/><W72/><G72/><T56/><D102/><U16/><E16/><V115/><F115/><W105/><G105/><AGARI ba="0,0" hai="44,49,52,80,85,89,104,105" m="45065,50185" machi="105" ten="30,2000,0" yaku="19,1,54,1" doraHai="60" who="1" fromWho="3" sc="250,0,250,20,250,0,250,-20" /><INIT seed="1,0,0,5,4,17" ten="250,270,250,230" oya="1" hai0="123,22,98,124,23,43,133,16,21,134,69,110,84" hai1="47,19,44,135,81,31,104,14,99,111,7,55,95" hai2="125,64,58,48,61,115,8,88,63,120,36,2,37" hai3="6,97,52,54,5,1,131,51,126,4,113,30,107"/><U46/><E104/><V121/><F125/><W32/><G113/><T86/><D124/><U66/><E111/><V109/><F109/><W119/><G126/><T128/><D110/><U114/><E114/><V116/><F116/><W94/><G107/><T53/><D69/><U108/><E108/><V28/><F115/><W24/><G1/><T101/><D43/><U117/><E117/><V12/><F2/><W102/><G119/><T75/><D75/><U60/><E31/><V18/><F28/><W85/><G131/><T57/><D123/><U118/><E118/><V59/><F48/><W130/><G130/><T127/><D127/><U91/><E135/><N who="0" m="51721" /><D128/><U35/><E35/><V68/><F68/><W10/><G54/><T93/><D16/><U65/><E7/><V39/><REACH who="2" step="1"/><F88/><REACH who="2" ten="250,270,240,230" step="2"/><W25/><G30/><T112/><D112/><U9/><REACH who="1" step="1"/><E81/><REACH who="1" ten="250,260,240,230" step="2"/><V92/><F92/><N who="3" m="58663" /><G32/><T49/><AGARI ba="0,2" hai="21,22,23,49,53,57,84,86,93,98,101" m="51721" machi="49" ten="30,7900,0" yaku="20,1,52,3" doraHai="17" who="0" fromWho="0" sc="250,99,260,-39,240,-20,230,-20" /><INIT seed="2,0,0,0,3,6" ten="349,221,220,210" oya="2" hai0="94,123,60,50,114,33,40,118,104,63,97,93,119" hai1="70,84,103,110,30,117,24,0,15,107,130,82,59" hai2="7,71,132,61,25,56,8,99,41,129,89,27,81" hai3="23,57,36,5,105,62,46,126,122,128,124,116,80"/><V45/><F129/><W87/><G105/><T115/><D33/><U52/><E117/><N who="0" m="44553" /><D123/><U69/><E130/><V35/><F132/><W79/><G116/><T125/><D104/><U95/><E0/><V64/><F35/><W112/><G122/><T18/><D18/><U134/><E107/><V16/><F71/><W49/><G128/><T55/><D94/><U66/><E134/><V113/><F113/><N who="0" m="43018" /><D40/><U108/><E66/><V85/><F99/><W58/><G36/><T67/><D67/><U90/><E103/><V1/><REACH who="2" step="1"/><F16/><REACH who="2" ten="349,221,210,210" step="2"/><W121/><G121/><T11/><D97/><U19/><E19/><V76/><F76/><W2/><G112/><T86/><D125/><U54/><E15/><V4/><F4/><W13/><G2/><T51/><D63/><U72/><E72/><V96/><F96/><W9/><G62/><T131/><D60/><U91/><E70/><V20/><F20/><W75/><G23/><T26/><D131/><U53/><E69/><V73/><F73/><W22/><G22/><T3/><D86/><N who="1" m="52727" /><E30/><V127/><F127/><N who="3" m="48683" /><G75/><T28/><D28/><U74/><E74/><V43/><F43/><AGARI ba="0,1" hai="5,9,13,43,46,49,57,58,79,80,87" m="48683" machi="43" ten="30,3900,0" yaku="25,1,18,1,52,1" doraHai="6" who="3" fromWho="2" sc="349,0,221,0,210,-39,210,49" /><INIT seed="3,0,0,1,3,47" ten="349,221,171,259" oya="3" hai0="100,80,125,38,133,65,115,98,10,74,123,78,93" hai1="14,34,122,18,13,97,92,31,28,20,129,15,46" hai2="11,42,57,54,82,64,105,53,51,63,56,0,49" hai3="77,72,85,70,37,108,106,118,17,135,41,109,60"/><W112/><G112/><T33/><D33/><U6/><E46/><N who="2" m="25815" /><F105/><W124/><G106/><T117/><D38/><U88/><E34/><V71/><F82/><N who="3" m="45351" /><G37/><T36/><D123/><U3/><E122/><V30/><F30/><N who="1" m="11305" /><E3/><V61/><F11/><W50/><G41/><T83/><D10/><N who="1" m="4311" /><E129/><V43/><F0/><W4/><G4/><T95/><D115/><U7/><E7/><V110/><F110/><N who="3" m="42603" /><G118/><T67/><D117/><U27/><AGARI ba="0,0" hai="14,15,18,20,27,88,92,97" m="4311,11305" machi="27" ten="30,2000,0" yaku="8,1,54,1" doraHai="47" who="1" fromWho="1" sc="349,-5,221,20,171,-5,259,-10" /><INIT seed="4,0,0,5,4,32" ten="344,241,166,249" oya="0" hai0="48,27,12,35,50,21,130,73,1,134,45,86,72" hai1="61,107,100,104,33,91,20,129,105,77,93,88,68" hai2="126,24,124,51,5,97,4,83,60,114,63,111,117" hai3="15,36,18,64,42,19,56,3,81,57,108,8,44"/><T118/><D118/><U123/><E20/><V115/><F83/><W132/><G108/><T28/><D134/><U69/><E33/><V40/><F97/><W131/><G132/><T92/><D130/><U22/><E22/><V38/><F24/><W76/><G131/><T80/><D50/><U65/><E129/><V106/><F106/><W43/><G43/><T122/><D122/><U109/><E123/><V54/><F111/><W0/><G19/><T62/><D62/><N who="2" m="23594" /><F4/><W75/><REACH who="3" step="1"/><G64/><REACH who="3" ten="344,241,166,239" step="2"/><T113/><D113/><N who="2" m="43018" /><F5/><W119/><G119/><T14/><D73/><U82/><E109/><V29/><F117/><W26/><G26/><T25/><D27/><U34/><E34/><V10/><F29/><W58/><AGARI ba="0,1" hai="0,3,8,15,18,36,42,44,56,57,58,75,76,81" machi="58" ten="30,8000,1" yaku="1,1,0,1,52,2,53,1" doraHai="32" doraHaiUra="70" who="3" fromWho="3" sc="344,-40,241,-20,166,-20,239,90" /><INIT seed="5,0,0,0,0,6" ten="304,221,146,329" oya="1" hai0="5,13,64,86,34,96,77,125,127,70,4,10,75" hai1="74,37,129,104,95,133,101,134,126,65,60,28,132" hai2="89,19,87,45,79,32,29,73,121,57,42,130,16" hai3="11,44,110,72,47,54,2,43,21,105,55,62,123"/><U100/><E28/><V68/><F121/><W36/><G105/><T103/><D75/><U31/><E31/><V84/><F68/><W117/><G123/><T40/><D40/><U99/><E74/><V39/><F130/><W76/><G110/><T22/><D34/><U81/><E37/><V56/><F73/><W108/><G108/><T27/><D5/><U52/><E129/><V46/><F29/><W38/><G21/><T90/><D77/><U120/><E120/><V58/><F32/><W80/><G62/><T115/><D115/><U88/><E126/><N who="0" m="48137" /><D64/><U61/><E104/><V1/><F1/><W24/><G24/><T106/><D70/><N who="1" m="42279" /><E81/><V14/><F19/><W102/><G102/><N who="1" m="39530" /><E61/><V0/><F0/><W116/><G44/><T107/><D107/><U93/><E93/><V113/><F113/><W128/><G36/><T119/><D27/><U118/><E118/><N who="3" m="45674" /><G128/><T85/><D119/><U50/><E50/><V48/><F79/><W67/><G67/><T7/><D106/><U26/><E26/><V97/><F45/><W51/><G51/><T23/><D103/><U111/><E111/><V98/><F39/><W63/><G63/><T122/><D122/><U135/><N who="1" m="33792" /><DORA hai="20" /><U131/><E131/><V124/><F124/><W12/><G2/><T15/><D23/><U112/><E112/><V92/><REACH who="2" step="1"/><F87/><REACH who="2" ten="304,221,136,329" step="2"/><W33/><G33/><T69/><D86/><U41/><E41/><V71/><F71/><W53/><G38/><T8/><D69/><U3/><E3/><V83/><F83/><W9/><G43/><T30/><D30/><U114/><E114/><RYUUKYOKU ba="0,1" sc="304,-15,221,15,136,15,329,-15" hai1="52,88,95,99" hai2="14,16,42,46,48,56,57,58,84,89,92,97,98" /><INIT seed="5,1,1,5,2,43" ten="289,236,151,314" oya="1" hai0="100,41,86,36,39,56,71,54,110,75,101,35,58" hai1="42,92,10,7,108,83,130,63,82,29,38,103,57" hai2="69,31,132,24,95,21,0,112,48,37,102,87,77" hai3="72,85,121,98,81,17,49,22,90,8,28,99,32"/><U109/><E29/><V127/><F132/><W113/><G113/><T45/><D75/><U34/><E34/><V55/><F127/><W23/><G121/><T13/><D35/><U91/><E103/><V122/><F122/><W73/><G73/><T118/><D118/><U2/><E130/><V117/><F117/><W134/><G134/><T106/><D71/><U80/><E92/><V4/><F112/><W27/><G72/><T52/><D13/><U114/><E114/><V93/><F69/><W33/><G8/><T50/><D110/><N who="1" m="42603" /><E38/><V15/><F37/><W76/><G76/><T135/><D39/><U88/><E42/><V26/><F0/><W44/><G33/><T46/><D135/><U124/><E124/><V59/><F24/><N who="3" m="14415" /><G32/><T14/><D14/><U107/><E107/><V25/><F25/><W74/><G74/><T116/><D116/><U97/><E97/><V89/><F102/><W30/><G30/><T78/><D106/><U125/><E125/><V133/><F133/><W1/><G1/><T66/><D101/><U19/><E19/><V84/><F77/><W40/><AGARI ba="1,1" hai="23,27,28,40,44,49,81,85,90,98,99" m="14415" machi="40" ten="30,2000,0" yaku="8,1,52,1" doraHai="43" who="3" fromWho="3" sc="289,-6,236,-11,151,-6,314,33" /><INIT seed="6,0,0,3,1,126" ten="283,225,145,347" oya="2" hai0="94,21,122,118,102,76,111,55,31,40,77,67,89" hai1="66,105,7,110,33,92,26,65,4,0,78,82,14" hai2="117,71,133,46,9,107,87,131,90,13,34,10,41" hai3="17,57,60,123,114,85,128,43,134,86,130,100,101"/><V93/><F117/><W113/><G43/><T80/><D67/><U24/><E105/><V8/><F107/><W6/><G17/><T135/><D111/><U52/><E110/><V120/><F120/><W129/><G6/><N who="1" m="2090" /><E0/><V29/><F133/><W42/><G42/><T63/><D40/><U16/><E33/><V88/><F71/><W73/><G73/><T125/><D125/><U37/><E37/><V98/><F34/><W27/><G27/><N who="1" m="10282" /><E92/><V48/><F131/><N who="3" m="50251" /><G134/><T51/><D94/><U28/><E28/><V119/><F119/><W70/><G70/><T72/><D31/><U127/><E127/><V32/><F32/><W2/><G2/><T69/><D69/><U36/><E36/><V108/><F108/><W81/><G123/><T74/><D122/><U18/><E78/><V5/><REACH who="2" step="1"/><F29/><REACH who="2" ten="283,225,135,347" step="2"/><W23/><G130/><T3/><D135/><U79/><E18/><V121/><F121/><W106/><G106/><T62/><D118/><U124/><E124/><V47/><F47/><W99/><G23/><T35/><D21/><N who="1" m="11415" /><E52/><V58/><F58/><W19/><G19/><T59/><D35/><U53/><E53/><V64/><F64/><N who="1" m="24681" /><E79/><V112/><F112/><W30/><G30/><T11/><D74/><U115/><E115/><V75/><F75/><W56/><G114/><T104/><D72/><U45/><E45/><V95/><AGARI ba="0,1" hai="5,8,9,10,13,41,46,48,87,88,90,93,95,98" machi="95" ten="20,18000,2" yaku="1,1,0,1,7,1,8,1,54,1,53,1" doraHai="126" doraHaiUra="1" who="2" fromWho="2" sc="283,-60,225,-60,135,190,347,-60" /><INIT seed="6,1,0,5,2,24" ten="223,165,325,287" oya="2" hai0="105,127,118,63,110,65,94,44,54,68,98,111,35" hai1="7,116,47,121,70,72,59,12,93,55,135,8,131" hai2="57,130,11,80,125,27,120,14,0,39,99,60,36" hai3="74,51,124,103,15,33,10,108,97,129,37,79,71"/><V112/><F120/><W95/><G71/><T61/><D105/><U82/><E121/><V85/><F0/><W96/><G37/><T115/><D35/><U34/><E70/><V126/><F112/><W84/><G74/><T1/><D1/><U58/><E34/><V32/><F99/><W90/><G108/><T102/><D115/><U5/><E116/><V17/><F130/><W30/><G124/><N who="2" m="47721" /><F27/><W23/><G33/><T128/><D127/><U25/><E131/><V113/><F32/><W50/><G79/><T18/><D118/><U81/><E72/><V53/><F113/><W106/><G97/><T114/><D128/><U43/><E25/><V62/><F60/><W48/><G129/><T89/><D63/><U77/><E77/><AGARI ba="1,0" hai="11,14,17,36,39,53,57,62,77,80,85" m="47721" machi="77" ten="30,1500,0" yaku="18,1" doraHai="24" who="2" fromWho="1" sc="223,0,165,-18,325,18,287,0" /><INIT seed="6,2,0,4,5,134" ten="223,147,343,287" oya="2" hai0="38,127,118,132,130,59,81,53,14,75,99,41,92" hai1="24,117,62,10,39,30,2,77,23,52,43,37,79" hai2="103,11,78,86,85,71,50,110,60,55,109,6,87" hai3="101,44,20,3,18,49,123,104,88,47,111,63,135"/><V40/><F40/><W28/><G135/><T57/><D130/><U72/><E117/><V74/><F103/><W4/><G111/><N who="2" m="42505" /><F60/><W15/><G123/><T91/><D132/><U89/><E2/><N who="2" m="471" /><F71/><W98/><G28/><T68/><D68/><U76/><E43/><V51/><F55/><W12/><G3/><T84/><D75/><U131/><E131/><V90/><F90/><W5/><G47/><T13/><D118/><U25/><E10/><V126/><F126/><W32/><G32/><T124/><D59/><N who="1" m="35175" /><E72/><V31/><F31/><W0/><G0/><T65/><D65/><U95/><E39/><V45/><F45/><W82/><G12/><T67/><D67/><U46/><E37/><V48/><F74/><W34/><G34/><T7/><D41/><U29/><E46/><V83/><AGARI ba="2,0" hai="48,50,51,78,83,85,86,87" m="471,42505" machi="83" ten="40,2100,0" yaku="10,1" doraHai="134" who="2" fromWho="2" sc="223,-9,147,-9,343,27,287,-9" /><INIT seed="6,3,0,5,0,109" ten="214,138,370,278" oya="2" hai0="42,117,18,59,11,79,101,127,52,23,110,96,7" hai1="108,114,53,113,3,57,63,6,9,43,89,20,22" hai2="98,93,119,90,84,135,102,45,49,29,132,99,34" hai3="37,100,35,5,28,83,69,24,16,129,39,72,133"/><V31/><F119/><W126/><G129/><T36/><D110/><U12/><E108/><V67/><F67/><W76/><G133/><N who="2" m="51273" /><F99/><W128/><G128/><T41/><D79/><U111/><E111/><V70/><F34/><W0/><G126/><T91/><D36/><U85/><E43/><N who="2" m="24767" /><F70/><W33/><G33/><T40/><D127/><U131/><E131/><V94/><AGARI ba="3,0" hai="29,31,84,90,93,94,98,102" m="24767,51273" machi="94" ten="30,1500,0" yaku="20,1" doraHai="109" who="2" fromWho="2" sc="214,-8,138,-8,370,24,278,-8" /><INIT seed="6,4,0,3,0,124" ten="206,130,394,270" oya="2" hai0="84,55,85,65,75,58,22,82,36,25,13,46,59" hai1="120,83,106,114,11,41,9,26,53,38,101,54,87" hai2="111,125,17,47,49,131,63,1,94,93,112,5,12" hai3="74,68,76,134,24,89,72,96,23,88,78,64,110"/><V51/><F112/><W20/><G110/><T108/><D75/><U115/><E26/><V62/><F111/><W67/><G24/><T99/><D36/><U130/><E38/><V66/><F125/><W107/><G96/><T71/><D71/><U60/><E106/><V128/><F5/><W0/><G134/><T34/><D85/><U113/><E41/><V98/><F1/><W90/><G107/><T31/><D65/><N who="3" m="25161" /><G68/><T77/><D108/><U18/><E101/><V133/><F133/><W16/><G16/><T100/><D34/><U44/><E18/><V97/><F17/><W8/><G8/><N who="1" m="3146" /><E87/><V15/><F66/><W81/><G81/><T57/><D13/><U3/><E3/><V6/><F6/><W92/><G92/><N who="0" m="58471" /><D46/><AGARI ba="4,0" hai="12,15,46,47,49,51,62,63,93,94,97,98,128,131" machi="46" ten="25,9600,0" yaku="22,2,52,2" doraHai="124" who="2" fromWho="0" sc="206,-108,130,0,394,108,270,0" /><INIT seed="6,5,0,4,0,107" ten="98,130,502,270" oya="2" hai0="47,42,63,44,15,18,131,105,40,57,50,86,5" hai1="127,60,65,98,80,13,51,11,83,32,110,125,21" hai2="118,132,111,30,35,36,3,93,10,89,97,82,58" hai3="14,23,29,9,61,28,135,77,64,102,84,133,134"/><V85/><F118/><W95/><G102/><T4/><D105/><U31/><E32/><V115/><F36/><W24/><G95/><T119/><D131/><U104/><E104/><V88/><F132/><W90/><G77/><T91/><D119/><U49/><E98/><V129/><F129/><W128/><G128/><T112/><D112/><U96/><E96/><V130/><F130/><W53/><G53/><T78/><D78/><U108/><E31/><V19/><F115/><W27/><G84/><T38/><D57/><N who="1" m="37007" /><E21/><V48/><F30/><N who="3" m="17695" /><G90/><T75/><D63/><U62/><E62/><V122/><F35/><W106/><G106/><T0/><D0/><U94/><E94/><V37/><F37/><W116/><G27/><T92/><REACH who="0" step="1"/><D75/><REACH who="0" ten="88,130,502,270" step="2"/><U71/><E71/><V22/><F58/><N who="3" m="36919" /><G116/><T43/><D43/><U6/><E110/><V73/><F3/><W81/><G81/><N who="1" m="31306" /><E108/><V124/><F73/><W55/><G55/><T101/><D101/><U7/><E7/><AGARI ba="5,1" hai="7,9,14,28,29,133,134,135" m="36919,17695" machi="7" ten="30,1000,0" yaku="20,1" doraHai="107" who="3" fromWho="1" sc="88,0,130,-25,502,0,270,35" /><INIT seed="7,0,0,1,2,21" ten="88,105,502,305" oya="3" hai0="124,51,109,102,52,78,30,40,130,38,2,86,10" hai1="37,8,54,112,90,96,7,31,12,35,128,127,103" hai2="4,49,77,28,9,70,95,50,41,135,108,66,32" hai3="55,123,76,72,118,17,115,29,131,22,92,47,83"/><W89/><G118/><T14/><D109/><U60/><E37/><V27/><F108/><W125/><G131/><T19/><D2/><U61/><E112/><V122/><F135/><W84/><G115/><T133/><D133/><U73/><E73/><V129/><F129/><W58/><G125/><T121/><D130/><U67/><E128/><V63/><F122/><W132/><G47/><T101/><D38/><U64/><E127/><V59/><F77/><W5/><G5/><T16/><D30/><U85/><E54/><V91/><F41/><W120/><G29/><T11/><D40/><U94/><E35/><V82/><F82/><W25/><REACH who="3" step="1"/><G132/><REACH who="3" ten="88,105,502,295" step="2"/><T87/><D124/><U99/><E31/><V42/><F4/><W39/><G39/><T45/><D121/><U104/><REACH who="1" step="1"/><E99/><REACH who="1" ten="88,95,502,295" step="2"/><V34/><F28/><W26/><G26/><T56/><D45/><U15/><E15/><V88/><F27/><W97/><G97/><T110/><D110/><U23/><E23/><V24/><F24/><W6/><G6/><T69/><D14/><U105/><E105/><V43/><F34/><W81/><G81/><T3/><D3/><U116/><E116/><V46/><F32/><W107/><G107/><T119/><D119/><U93/><E93/><V113/><F95/><W36/><G36/><T48/><D11/><U62/><AGARI ba="0,2" hai="7,8,12,60,61,62,64,67,85,90,94,96,103,104" machi="62" ten="30,2000,0" yaku="1,1,0,1,53,0" doraHai="21" doraHaiUra="114" who="1" fromWho="1" sc="88,-5,95,40,502,-5,295,-10" owari="83,-41.7,135,-26.5,497,59.7,285,8.5" /></mjloggm>