<mjloggm ver="2.3"><GO type="137" lobby="0"/><UN n0="%E3%83%A9%E3%83%88%E3%83%AA" n1="%E4%BD%9C%E7%89%A9%E5%A4%A7%E5%A5%BD%E3%81%8D" n2="%E2%93%9D%4C%75%63%6B%79%4A" n3="%E9%99%BD%E8%8A%B9" dan="12,10,11,12" rate="1809.71,1721.91,1796.54,1663.19" sx="M,M,M,M"/><TAIKYOKU oya="0"/><INIT seed="0,0,0,3,2,96" ten="250,250,250,250" oya="0" hai0="41,23,11,51,84,85,67,20,13,36,66,127,120" hai1="114,106,117,122,5,131,112,39,93,58,102,135,72" hai2="48,64,63,92,87,53,3,118,76,14,42,124,1" hai3="91,59,2,108,9,0,4,100,111,33,82,44,83"/><T12/><D120/><U15/><E117/><V32/><F32/><W54/><G100/><T81/><D36/><U56/><E122/><V43/><F3/><W29/><G44/><T16/><D127/><U50/><E39/><V94/><F1/><W121/><G0/><T8/><D41/><U90/><E131/><V95/><F118/><W26/><G121/><T28/><D51/><U19/><E5/><V129/><F129/><W79/><G91/><T73/><D73/><U113/><E135/><V34/><F34/><W119/><G119/><T27/><D8/><U123/><E72/><V61/><F14/><W109/><REACH who="3" step="1"/><G79/><REACH who="3" ten="250,250,250,240" step="2"/><N who="0" m="46143" /><D85/><U35/><E123/><V25/><F87/><W45/><G45/><T65/><D65/><U24/><E114/><V46/><F64/><W38/><G38/><T89/><D89/><U75/><E90/><V7/><F46/><W40/><G40/><T22/><D22/><U105/><E112/><V78/><F43/><W62/><AGARI ba="0,1" hai="2,4,9,26,29,33,54,59,62,82,83,108,109,111" machi="62" ten="30,4000,0" yaku="1,1,0,1,14,1,53,0" doraHai="96" doraHaiUra="18" who="3" fromWho="3" sc="250,-20,250,-10,250,-10,240,50" /><INIT seed="1,0,0,4,2,118" ten="230,240,240,290" oya="1" hai0="22,113,27,8,15,111,127,88,18,122,81,29,109" hai1="31,61,107,24,115,95,52,3,42,114,4,123,43" hai2="57,83,90,23,28,93,60,46,78,6,49,72,133" hai3="53,101,121,50,86,62,71,2,0,21,12,10,100"/><U131/><E107/><V69/><F133/><W59/><G86/><N who="0" m="50255" /><D113/><U91/><E123/><V112/><F69/><W54/><G71/><T30/><D127/><U11/><E131/><V105/><F6/><W130/><G130/><T44/><D44/><U119/><E119/><V73/><F105/><W47/><G121/><T64/><D64/><U1/><E1/><V65/><F112/><W66/><G54/><T77/><D77/><U84/><E43/><V125/><F125/><W56/><G56/><T19/><D122/><U39/><E39/><V135/><F135/><W26/><G2/><T35/><D35/><U51/><E42/><V103/><F73/><W34/><G34/><T14/><D14/><U120/><E61/><V25/><F46/><W33/><G33/><T96/><D96/><U41/><E41/><V17/><F49/><W94/><G94/><T67/><D67/><U48/><E48/><V63/><F63/><W104/><G104/><T99/><D99/><U38/><E38/><V68/><F68/><W5/><REACH who="3" step="1"/><G0/><REACH who="3" ten="230,240,240,280" step="2"/><T58/><D58/><U36/><E120/><V116/><F57/><W128/><G128/><T13/><D111/><U110/><E110/><V129/><F129/><W102/><G102/><T80/><D109/><U126/><E126/><V40/><F103/><W87/><G87/><T9/><D80/><U74/><E74/><V89/><F83/><W37/><G37/><T20/><D20/><N who="1" m="15751" /><E36/><V79/><F72/><W124/><G124/><T76/><D76/><N who="2" m="29226" /><F40/><W98/><G98/><T108/><D108/><U16/><E114/><V75/><F75/><RYUUKYOKU ba="0,1" sc="230,15,240,-15,240,-15,280,15" hai0="8,9,13,15,18,19,22,27,29,30" hai3="5,10,12,21,26,47,50,53,59,62,66,100,101" /><INIT seed="2,1,1,4,2,21" ten="245,225,225,295" oya="2" hai0="92,61,62,91,106,95,15,103,28,66,33,117,35" hai1="4,97,27,2,16,38,20,49,85,74,5,58,89" hai2="82,86,122,108,134,98,50,110,44,19,18,55,79" hai3="124,77,72,53,39,7,45,94,105,30,102,84,42"/><V25/><F122/><W131/><G7/><T96/><D117/><U52/><E74/><V128/><F128/><W68/><G68/><T14/><D61/><U115/><E115/><V1/><F1/><W127/><G53/><T104/><D104/><U116/><E116/><V120/><F120/><W48/><G48/><T90/><D106/><U60/><E38/><V81/><F134/><W132/><G30/><T37/><D37/><U121/><E121/><V17/><F98/><W57/><G57/><T135/><D135/><U22/><E97/><V107/><F107/><W10/><G10/><T126/><D126/><U71/><E2/><V87/><REACH who="2" step="1"/><F25/><REACH who="2" ten="245,225,215,295" step="2"/><W13/><G105/><T51/><D96/><U133/><E133/><V24/><F24/><W119/><G132/><T9/><D14/><U112/><E112/><V46/><F46/><W47/><G13/><T78/><D15/><U109/><E27/><V36/><F36/><W26/><G26/><T99/><D99/><U129/><E129/><V80/><F80/><W73/><G131/><T130/><D130/><U75/><E22/><V69/><F69/><W12/><G12/><T100/><D92/><U118/><E20/><V3/><F3/><W70/><G94/><T11/><D95/><U125/><E125/><V31/><F31/><W34/><G70/><T64/><D28/><U56/><E71/><V113/><F113/><W101/><G119/><T111/><D11/><U41/><E118/><V63/><F63/><W54/><G39/><T88/><D9/><U29/><E60/><V114/><F114/><W6/><G127/><RYUUKYOKU ba="1,2" sc="245,-10,225,-10,215,30,295,-10" hai2="17,18,19,44,50,55,79,81,82,86,87,108,110" /><INIT seed="2,2,2,1,4,36" ten="235,215,245,285" oya="2" hai0="0,78,126,69,82,43,131,34,98,5,122,106,54" hai1="58,77,132,130,46,103,53,63,107,6,37,51,30" hai2="64,134,111,59,93,76,52,21,17,25,105,128,56" hai3="84,12,80,15,11,83,28,8,133,86,81,91,104"/><V22/><F105/><W118/><G104/><T66/><D122/><U79/><E130/><V50/><F128/><W90/><G28/><T3/><D34/><U113/><E113/><V42/><F134/><W89/><G133/><T135/><D135/><U88/><E132/><V129/><F129/><W68/><G68/><T74/><D131/><U57/><E6/><V116/><F116/><W27/><G27/><T1/><D126/><U71/><E30/><V121/><F121/><W99/><G99/><T23/><D66/><U29/><E29/><V7/><F76/><W38/><G38/><T96/><D69/><U16/><E57/><V10/><F111/><W75/><G75/><T70/><D70/><U2/><E2/><V40/><F22/><W19/><G118/><T120/><D120/><U97/><E37/><V33/><F33/><W45/><G45/><T109/><D109/><U49/><E49/><V108/><F93/><W115/><G115/><T100/><D96/><U14/><E88/><V101/><F101/><W18/><AGARI ba="2,2" hai="8,11,12,15,18,19,80,81,83,84,86,89,90,91" machi="18" ten="30,4000,0" yaku="0,1,9,1,8,1" doraHai="36" who="3" fromWho="3" sc="235,-12,215,-12,245,-22,285,66" /><INIT seed="3,0,0,1,1,24" ten="223,203,223,351" oya="3" hai0="49,17,116,84,35,64,21,55,41,130,30,6,124" hai1="91,69,98,7,29,22,10,23,117,51,0,89,38" hai2="12,97,105,1,111,88,131,127,79,108,59,126,74" hai3="96,18,20,121,44,102,119,78,31,76,61,11,60"/><W82/><G121/><T15/><D116/><U2/><E117/><V75/><F1/><W86/><G78/><T113/><D130/><U62/><E38/><V129/><F12/><W52/><G11/><T70/><D124/><N who="2" m="47658" /><F59/><W95/><G119/><T115/><D41/><U90/><E0/><V16/><F16/><W80/><G82/><T13/><D84/><U120/><E120/><V39/><F39/><W50/><REACH who="3" step="1"/><G31/><REACH who="3" ten="223,203,223,341" step="2"/><T93/><D30/><U26/><E29/><V34/><F79/><W53/><G53/><T67/><D55/><U40/><E40/><V25/><F131/><W68/><G68/><T47/><D70/><U101/><E69/><V48/><F129/><W8/><G8/><T132/><D115/><U106/><E10/><V112/><F112/><W65/><G65/><T71/><D67/><U81/><E2/><V92/><F111/><W94/><G94/><T73/><D93/><U32/><E106/><V103/><F108/><W77/><G77/><T27/><D64/><U135/><E135/><V58/><F105/><W9/><G9/><T28/><D71/><U99/><E7/><V122/><F122/><W123/><G123/><T19/><D113/><U57/><E81/><V5/><F5/><W43/><G43/><N who="0" m="24831" /><D6/><U104/><E104/><V107/><F107/><W33/><G33/><T109/><D132/><U45/><E32/><V37/><F34/><W110/><G110/><T63/><D109/><U56/><E22/><V118/><F118/><W4/><G4/><T114/><D114/><U133/><E23/><V36/><F92/><W66/><G66/><RYUUKYOKU ba="0,1" sc="223,-10,203,-10,223,-10,341,30" hai3="18,20,44,50,52,60,61,76,80,86,95,96,102" /><INIT seed="3,1,1,3,1,67" ten="213,193,213,371" oya="3" hai0="116,6,27,30,135,10,85,14,126,73,42,132,76" hai1="48,84,58,33,3,53,81,13,78,98,133,92,28" hai2="51,8,4,115,108,95,123,66,5,65,2,103,119" hai3="107,129,83,20,39,0,21,47,90,46,31,113,99"/><W26/><G0/><T54/><D116/><U102/><E133/><N who="0" m="51273" /><D73/><U56/><E3/><V29/><F115/><W35/><G39/><T112/><D112/><U75/><E13/><V124/><F29/><W18/><G129/><T11/><D126/><U36/><E36/><V64/><F119/><W96/><G21/><N who="0" m="15727" /><D42/><U61/><E28/><V94/><F108/><W41/><G107/><T12/><D54/><U32/><REACH who="1" step="1"/><E75/><REACH who="1" ten="213,183,213,371" step="2"/><V9/><F2/><W89/><G113/><T60/><D14/><U131/><E131/><V87/><F124/><W114/><G114/><T63/><D10/><U97/><E97/><V17/><F9/><W23/><G31/><T104/><D104/><U134/><E134/><V52/><F8/><W122/><G35/><T68/><D12/><U79/><E79/><V77/><F77/><W125/><G125/><T93/><D11/><U110/><E110/><V130/><F130/><W50/><G20/><T120/><D76/><U59/><E59/><V25/><F25/><W121/><G47/><T69/><D120/><U19/><E19/><V43/><F17/><W70/><G121/><T106/><D106/><U86/><E86/><V74/><F87/><W117/><G122/><T22/><D22/><U111/><E111/><V57/><F74/><W49/><G117/><T72/><D72/><U45/><E45/><N who="2" m="26047" /><F123/><W88/><G70/><N who="0" m="27243" /><D6/><U40/><E40/><V128/><F128/><W118/><G118/><T127/><D127/><U105/><E105/><V1/><F1/><W71/><G46/><T91/><AGARI ba="1,2" hai="60,63,85,91,93" m="27243,15727,51273" machi="91" ten="40,8000,1" yaku="20,1,52,3" doraHai="67" who="0" fromWho="0" sc="213,103,183,-21,213,-21,371,-41" /><INIT seed="4,0,0,1,0,58" ten="316,162,192,330" oya="0" hai0="35,39,26,28,63,9,125,41,43,119,84,99,92" hai1="18,24,121,56,68,82,6,22,42,3,51,67,83" hai2="4,107,100,129,98,0,49,118,55,71,132,8,61" hai3="64,124,81,104,66,20,85,115,122,27,102,130,11"/><T31/><D119/><U89/><E121/><V101/><F118/><W16/><G122/><T88/><D125/><U14/><E3/><V70/><F132/><W53/><G124/><T133/><D133/><U117/><E117/><V128/><F101/><W5/><G130/><N who="2" m="50281" /><F49/><W32/><G32/><T19/><D31/><U97/><E68/><V103/><F103/><W37/><G37/><T111/><D111/><U50/><E97/><V75/><F75/><W77/><G115/><T73/><D73/><U112/><E112/><V69/><F55/><W45/><G45/><T44/><D41/><U135/><E135/><V10/><F10/><W123/><G123/><T21/><D9/><N who="1" m="4407" /><E42/><V116/><F116/><W54/><G102/><T17/><D35/><U76/><E89/><V52/><F52/><W91/><G54/><T29/><D29/><U131/><E131/><V108/><F108/><W1/><G104/><T33/><D33/><U110/><E110/><V40/><F40/><W74/><REACH who="3" step="1"/><G53/><REACH who="3" ten="316,162,192,320" step="2"/><T87/><D44/><U126/><E126/><V12/><F0/><W2/><G2/><T114/><D39/><U65/><E65/><AGARI ba="0,1" hai="4,8,12,61,65,69,70,71,98,100,107" m="50281" machi="65" ten="30,2000,0" yaku="19,1,52,1" doraHai="58" who="2" fromWho="1" sc="316,0,162,-20,192,30,320,0" /><INIT seed="5,0,0,1,3,59" ten="316,142,222,320" oya="1" hai0="21,43,100,103,81,56,16,121,20,58,74,89,42" hai1="29,127,98,83,96,50,135,79,8,38,0,92,82" hai2="130,107,48,75,1,9,108,125,128,87,123,39,18" hai3="64,114,122,62,23,11,36,3,91,94,112,119,4"/><U131/><E38/><V73/><F123/><W72/><G122/><T71/><D71/><U109/><E127/><V132/><F39/><W40/><G72/><N who="2" m="27721" /><F18/><W102/><G23/><T28/><D121/><U13/><E0/><V22/><F22/><W53/><G53/><T14/><D74/><U47/><E131/><V19/><F19/><W32/><G102/><N who="0" m="38955" /><D43/><U88/><E135/><V55/><F87/><W78/><G78/><T118/><D42/><N who="1" m="24951" /><E29/><V129/><F108/><W134/><G91/><T126/><D126/><U133/><E133/><V27/><F132/><W101/><G94/><T68/><D68/><U25/><E25/><V85/><F27/><W54/><G101/><T120/><D120/><U99/><E83/><V124/><F107/><W117/><G54/><T95/><D81/><U12/><E109/><V24/><F24/><W52/><G52/><T66/><D118/><N who="3" m="45065" /><G134/><T7/><D7/><N who="1" m="3103" /><E13/><V35/><F125/><W84/><G84/><AGARI ba="0,0" hai="79,82,84,88,92,96,98,99" m="3103,24951" machi="84" ten="30,5800,0" yaku="25,1,8,1,54,1" doraHai="59" who="1" fromWho="3" sc="316,0,142,58,222,0,320,-58" /><INIT seed="5,1,0,4,1,6" ten="316,200,222,262" oya="1" hai0="132,115,92,101,103,82,40,54,57,89,71,90,16" hai1="42,106,113,84,30,26,25,124,107,118,87,44,114" hai2="22,51,4,20,52,28,111,18,98,39,128,36,59" hai3="58,2,72,110,10,46,68,88,104,34,129,125,81"/><U73/><E73/><V5/><F111/><W116/><RYUUKYOKU type="yao9" ba="1,0" sc="316,0,200,0,222,0,262,0" hai3="2,10,34,46,58,68,72,81,88,104,110,116,125,129" /><INIT seed="5,2,0,0,0,29" ten="316,200,222,262" oya="1" hai0="36,55,0,46,68,40,34,60,21,108,81,15,54" hai1="114,95,65,91,27,109,73,10,90,63,127,99,2" hai2="130,13,48,118,16,124,11,61,97,67,92,5,23" hai3="4,7,51,42,64,103,96,84,26,102,66,72,119"/><U79/><E127/><V104/><F124/><W113/><G72/><T62/><D108/><U121/><E121/><V126/><F126/><W25/><G84/><T89/><D0/><U20/><E114/><V87/><F130/><W86/><G86/><T31/><D60/><U128/><E128/><V129/><F129/><W9/><G51/><T14/><D21/><U133/><E133/><V69/><F104/><W12/><G42/><T88/><D54/><U131/><E131/><V132/><F132/><W122/><G96/><T58/><D68/><U41/><E41/><V98/><F118/><W39/><G39/><T70/><D70/><U100/><E109/><V22/><F23/><W45/><G45/><T37/><D37/><U115/><E115/><V135/><F48/><W116/><G9/><T107/><D107/><U77/><E2/><V76/><F135/><W59/><G113/><T8/><D81/><U17/><E10/><V56/><F69/><W33/><G12/><T94/><D94/><U35/><E35/><V82/><REACH who="2" step="1"/><F92/><REACH who="2" ten="316,200,212,262" step="2"/><W123/><G59/><T28/><D28/><U71/><REACH who="1" step="1"/><E77/><REACH who="1" ten="316,190,212,262" step="2"/><V93/><F93/><W3/><REACH who="3" step="1"/><G3/><AGARI ba="2,2" hai="3,5,11,13,16,22,56,61,67,76,82,87,97,98" machi="3" ten="30,3900,0" yaku="1,1,7,1,54,1,53,0" doraHai="29" doraHaiUra="49" who="2" fromWho="3" sc="316,0,190,0,212,65,262,-45" /><INIT seed="6,0,0,2,3,60" ten="316,190,277,217" oya="2" hai0="30,40,114,74,97,29,42,54,98,46,45,85,67" hai1="71,125,36,87,117,118,56,44,128,41,119,52,7" hai2="24,109,2,115,116,28,131,43,62,49,126,17,90" hai3="57,38,77,121,83,69,32,66,93,13,18,34,135"/><V35/><F116/><W73/><G121/><T27/><D74/><U64/><E7/><V82/><F126/><W31/><G38/><T21/><D114/><U105/><E105/><V133/><F2/><W8/><G69/><T84/><D54/><U26/><E26/><V81/><F131/><W112/><G135/><T107/><D107/><U70/><E87/><V6/><F6/><W59/><G112/><T130/><D130/><U76/><E76/><V124/><F124/><W0/><G57/><T12/><D12/><U16/><E125/><V120/><F120/><W22/><G93/><T129/><D129/><U3/><E3/><V127/><F133/><W101/><G101/><T72/><D72/><U10/><E128/><V58/><F90/><W123/><G123/><T104/><D104/><U103/><E103/><V94/><F94/><W37/><G37/><T9/><D9/><U4/><E64/><V55/><F109/><W108/><G108/><T75/><D75/><U111/><E4/><V88/><F115/><W80/><G83/><T113/><D113/><U95/><E95/><V78/><F78/><W63/><G0/><T122/><D122/><U51/><REACH who="1" step="1"/><E111/><REACH who="1" ten="316,180,277,217" step="2"/><V1/><F1/><W65/><G34/><T20/><D27/><U134/><E134/><V53/><F127/><W79/><G77/><T86/><D86/><U132/><E132/><V15/><F82/><W100/><G32/><T61/><D67/><U92/><E92/><V68/><F81/><W19/><G31/><T102/><D102/><U48/><E48/><V89/><F28/><W14/><G100/><RYUUKYOKU ba="0,1" sc="316,10,180,10,277,-30,217,10" hai0="20,21,29,30,40,42,45,46,61,84,85,97,98" hai1="10,16,36,41,44,51,52,56,70,71,117,118,119" hai3="8,13,14,18,19,22,59,63,65,66,73,79,80" /><INIT seed="7,1,1,3,2,11" ten="326,190,247,227" oya="3" hai0="47,108,51,41,58,20,99,37,112,131,36,7,1" hai1="83,115,134,38,72,3,70,122,34,48,117,16,27" hai2="26,59,121,29,30,82,105,128,90,60,62,63,5" hai3="19,22,124,69,133,4,24,67,40,135,119,68,32"/><W77/><G119/><T101/><D108/><U6/><RYUUKYOKU type="yao9" ba="1,1" sc="326,0,190,0,247,0,227,0" hai1="3,6,16,27,34,38,48,70,72,83,115,117,122,134" /><INIT seed="7,2,1,4,0,2" ten="326,190,247,227" oya="3" hai0="23,101,110,113,24,32,31,99,135,20,53,17,58" hai1="16,44,13,122,27,61,130,126,124,57,50,85,63" hai2="34,103,89,76,88,107,118,123,9,119,35,12,37" hai3="86,43,129,55,40,30,111,116,84,95,45,14,46"/><W125/><G116/><T87/><D110/><U69/><E122/><V67/><F76/><W79/><G125/><T0/><D0/><U29/><E85/><V68/><F37/><W28/><G129/><T65/><D65/><U15/><E130/><V47/><F47/><W128/><G128/><T26/><D135/><U92/><E92/><V112/><F103/><W48/><G84/><T39/><D39/><U109/><E109/><V105/><F67/><W25/><G14/><T6/><D113/><U80/><E80/><V90/><F68/><W1/><G1/><T83/><D32/><N who="2" m="12330" /><F12/><W82/><G111/><T104/><D6/><U4/><E4/><V11/><F112/><W91/><G25/><T97/><D101/><U133/><E69/><V33/><F33/><W108/><G108/><T56/><D104/><N who="2" m="40010" /><F123/><W127/><G127/><N who="1" m="48682" /><E15/><V102/><F102/><W3/><G3/><T21/><D21/><N who="1" m="15599" /><E57/><N who="0" m="22121" /><D53/><N who="1" m="29895" /><E133/><V64/><F64/><W74/><REACH who="3" step="1"/><G55/><REACH who="3" ten="326,190,247,217" step="2"/><T134/><D134/><U66/><E66/><V77/><F119/><W96/><G96/><T81/><D81/><U121/><E121/><V115/><F118/><W38/><AGARI ba="2,2" hai="28,30,38,40,43,45,46,48,74,79,82,86,91,95" machi="38" ten="20,7800,0" yaku="1,1,0,1,7,1,53,1" doraHai="2" doraHaiUra="71" who="3" fromWho="3" sc="326,-28,190,-28,247,-28,217,104" owari="298,9.8,162,-33.8,219,-18.1,321,42.1" /></mjloggm>