<mjloggm ver="2.3"><GO type="41" lobby="0"/><UN n0="%74%6F%6D%75%74%6F%6D%69" n1="%57%37%35" n2="%E2%93%9D%4C%75%63%6B%79%4A" n3="%E3%81%8D%E3%82%8A%E3%81%B3%E3%82%93" dan="15,14,16,14" rate="2063.17,1907.43,2165.21,2018.58" sx="M,M,M,M"/><TAIKYOKU oya="0"/><INIT seed="0,0,0,0,0,73" ten="250,250,250,250" oya="0" hai0="96,91,100,84,9,85,30,20,105,109,59,7,32" hai1="130,75,113,135,79,44,89,11,25,47,1,24,134" hai2="107,17,15,86,94,19,106,111,124,14,41,55,42" hai3="99,28,117,98,31,115,57,13,102,34,88,51,110"/><T127/><D127/><U38/><E130/><V58/><F124/><W128/><G115/><T8/><D32/><U33/><E113/><V126/><F126/><W27/><G117/><T50/><D84/><U114/><E89/><V76/><F111/><W83/><G31/><T90/><D109/><U125/><E114/><V29/><F29/><W35/><G128/><T97/><D97/><U21/><E125/><V121/><F121/><W80/><G13/><T26/><D7/><N who="1" m="1519" /><E21/><V48/><F107/><W63/><G51/><T104/><D104/><U54/><E33/><V18/><F106/><W119/><G119/><T71/><D71/><U22/><E54/><V77/><F15/><W68/><G35/><T95/><D91/><U118/><E22/><V131/><F14/><W132/><G68/><T37/><D37/><U3/><E3/><V60/><F131/><W70/><G70/><T116/><D116/><U61/><E61/><V108/><F108/><W10/><G10/><T69/><D69/><U78/><E118/><V112/><F112/><W103/><G99/><T133/><D133/><N who="1" m="50699" /><E75/><V82/><F60/><W2/><G2/><T36/><D36/><U16/><E16/><V81/><REACH who="2" step="1"/><F94/><REACH who="2" ten="250,250,240,250" step="2"/><N who="3" m="56647" /><G132/><T6/><D6/><U4/><E4/><V93/><F93/><W53/><G110/><T62/><REACH who="0" step="1"/><D50/><REACH who="0" ten="240,250,240,250" step="2"/><U49/><E38/><V23/><F23/><W45/><G34/><T101/><D101/><U87/><E49/><V52/><F52/><AGARI ba="0,2" hai="8,9,20,26,30,52,59,62,85,90,95,96,100,105" machi="52" ten="30,5800,0" yaku="1,1,7,1,54,1,53,0" doraHai="73" doraHaiUra="74" who="0" fromWho="2" sc="240,78,250,0,240,-58,250,0" /><INIT seed="0,1,0,2,3,99" ten="318,250,182,250" oya="0" hai0="13,87,56,69,130,72,46,113,44,82,48,47,24" hai1="32,0,30,124,26,127,12,116,95,29,94,54,28" hai2="105,121,75,66,107,62,2,15,89,53,118,51,123" hai3="97,20,37,115,132,10,85,91,88,125,128,50,8"/><T83/><D113/><U135/><E116/><V39/><F2/><W5/><G37/><T18/><D69/><U77/><E77/><V101/><F75/><W61/><G115/><T42/><D72/><U81/><E0/><V57/><F118/><W1/><G132/><T60/><D24/><U111/><E135/><V134/><F134/><W103/><G128/><T76/><D82/><U49/><E111/><V90/><F39/><W133/><G125/><N who="1" m="48202" /><E81/><V110/><F110/><W40/><G61/><T120/><D120/><U98/><E12/><V14/><F107/><W34/><G34/><T102/><D102/><N who="1" m="60759" /><E95/><V70/><F15/><W41/><G10/><N who="0" m="6455" /><D130/><U84/><E84/><V100/><F105/><W104/><G133/><T19/><D19/><U58/><AGARI ba="1,0" hai="26,28,29,30,32,49,54,58" m="60759,48202" machi="58" ten="30,2000,0" yaku="18,1,52,1" doraHai="99" who="1" fromWho="1" sc="318,-11,250,23,182,-6,250,-6" /><INIT seed="1,0,0,3,3,18" ten="307,273,176,244" oya="1" hai0="78,44,7,76,74,116,35,71,135,68,26,80,48" hai1="95,111,112,88,97,104,39,24,55,120,77,11,45" hai2="132,52,122,12,108,98,93,40,119,57,14,91,59" hai3="72,17,2,27,105,41,63,37,129,109,6,1,130"/><U134/><E112/><V127/><F122/><W113/><G105/><T124/><D116/><U28/><E120/><V62/><F119/><W46/><G113/><T90/><D124/><U51/><E134/><V123/><F123/><W85/><G72/><T53/><D135/><U50/><E39/><V65/><F132/><W73/><G73/><T5/><D78/><U89/><E104/><V96/><F108/><W34/><G85/><T42/><D71/><U103/><E77/><V15/><F40/><W10/><G2/><T66/><D90/><U84/><E11/><V115/><F127/><W0/><G0/><T60/><D35/><U8/><E8/><V22/><F115/><W125/><G125/><T121/><D121/><U87/><E111/><V23/><REACH who="2" step="1"/><F98/><REACH who="2" ten="307,273,166,244" step="2"/><W58/><G109/><T82/><D42/><N who="1" m="24887" /><E84/><V38/><F38/><W118/><G118/><T133/><D133/><U69/><E87/><V101/><F101/><W9/><G1/><T131/><D82/><U47/><E69/><V79/><F79/><W43/><G43/><T19/><D80/><U3/><E3/><V21/><F21/><AGARI ba="0,1" hai="21,24,28,47,51,55,88,89,95,97,103" m="24887" machi="21" ten="30,5800,0" yaku="8,1,52,1,54,1" doraHai="18" who="1" fromWho="2" sc="307,0,273,68,166,-58,244,0" /><INIT seed="1,1,0,3,2,4" ten="307,341,108,244" oya="1" hai0="124,119,27,53,56,61,21,0,108,34,31,91,51" hai1="128,109,97,42,85,101,59,24,82,49,68,67,9" hai2="133,14,71,32,83,72,73,44,78,58,55,95,38" hai3="98,16,84,3,106,70,94,125,110,28,126,87,39"/><U47/><E128/><V2/><F71/><W5/><G70/><T89/><D108/><U75/><E68/><V117/><F32/><W116/><G28/><T111/><D111/><U100/><E109/><V11/><F117/><W20/><G106/><T13/><D124/><N who="3" m="47721" /><G39/><T74/><D119/><U104/><E100/><V23/><F133/><W41/><G41/><T131/><D131/><U10/><E75/><V26/><F2/><W69/><G69/><T92/><D0/><U77/><REACH who="1" step="1"/><E24/><REACH who="1" ten="307,331,108,244" step="2"/><V90/><F26/><N who="3" m="14599" /><G110/><T107/><D74/><U57/><E57/><V118/><F73/><W8/><G116/><T30/><D56/><U93/><E93/><V76/><F95/><W6/><G6/><T15/><D107/><U80/><E80/><V25/><F83/><W36/><G36/><T54/><D92/><U81/><E81/><V12/><F72/><W132/><G132/><T105/><D105/><U114/><E114/><V22/><F118/><W64/><G64/><T112/><D112/><U46/><E46/><V7/><F44/><W17/><G17/><T1/><D31/><U122/><E122/><V127/><F127/><W113/><G113/><T19/><D30/><U129/><E129/><V99/><F25/><W115/><G115/><T29/><D29/><U33/><E33/><V102/><F58/><W62/><G62/><AGARI ba="1,1" hai="9,10,42,47,49,59,62,67,77,82,85,97,101,104" machi="62" ten="40,12000,1" yaku="1,1,52,2,53,1" doraHai="4" doraHaiUra="45" who="1" fromWho="3" sc="307,0,331,133,108,0,244,-123" /><INIT seed="1,2,0,2,0,61" ten="307,464,108,121" oya="1" hai0="77,58,94,83,52,130,93,34,102,95,19,115,47" hai1="28,110,123,62,66,48,53,0,51,31,30,107,100" hai2="67,99,60,89,108,104,13,127,72,133,111,6,69" hai3="2,80,15,124,129,21,81,122,55,113,119,44,91"/><U64/><E123/><V73/><F127/><W29/><G2/><T132/><D115/><U131/><E0/><V9/><F133/><W11/><G122/><T10/><D34/><U97/><E131/><V75/><REACH who="2" step="1"/><F89/><REACH who="2" ten="307,464,98,121" step="2"/><W32/><G124/><T54/><D132/><U36/><E110/><V101/><AGARI ba="2,1" hai="6,9,13,60,67,69,72,73,75,99,101,104,108,111" machi="101" ten="40,8000,1" yaku="1,1,2,1,0,1,52,1,53,0" doraHai="61" doraHaiUra="40" who="2" fromWho="2" sc="307,-22,464,-42,98,96,121,-22" /><INIT seed="2,0,0,4,0,58" ten="285,422,194,99" oya="2" hai0="127,12,18,46,22,118,53,115,61,9,21,64,6" hai1="95,129,94,48,96,106,5,47,40,20,91,70,62" hai2="36,23,52,81,104,121,17,89,51,42,102,112,43" hai3="80,34,99,26,107,67,73,88,93,86,56,109,59"/><V103/><F112/><W4/><G109/><T133/><D115/><U134/><E129/><V13/><F36/><W1/><G4/><T2/><D127/><U31/><E134/><V69/><F69/><W85/><G1/><T71/><D133/><U92/><E106/><V74/><F121/><W11/><G11/><T28/><D118/><U54/><E5/><V117/><F117/><W25/><G59/><T60/><D46/><U19/><E31/><V35/><F35/><W83/><G34/><T39/><D39/><U76/><E76/><V16/><F74/><W77/><G107/><T45/><D45/><U116/><E116/><V84/><F17/><W79/><REACH who="3" step="1"/><G73/><REACH who="3" ten="285,422,194,89" step="2"/><T7/><D6/><U30/><E70/><V75/><F75/><W97/><G97/><T131/><D131/><U101/><E101/><N who="2" m="38411" /><F104/><W114/><G114/><T125/><D125/><U57/><REACH who="1" step="1"/><E30/><REACH who="1" ten="285,412,194,89" step="2"/><V124/><F124/><W44/><G44/><AGARI ba="0,2" hai="13,16,23,42,43,44,51,52,81,84,89" m="38411" machi="44" ten="30,5800,0" yaku="8,1,54,2" doraHai="58" who="2" fromWho="3" sc="285,0,412,0,194,78,89,-58" /><INIT seed="2,1,0,5,3,105" ten="285,412,272,31" oya="2" hai0="79,58,128,46,63,104,122,7,43,116,108,78,61" hai1="4,107,59,42,8,9,74,48,11,28,123,27,73" hai2="76,101,93,115,109,3,24,60,127,66,75,52,19" hai3="26,30,50,129,126,54,124,77,35,18,25,81,6"/><V51/><F115/><W38/><G38/><T96/><D122/><U130/><E107/><V91/><F3/><W87/><G6/><T13/><D108/><U90/><E4/><V134/><F134/><W83/><G129/><T15/><D128/><U20/><E130/><V32/><F101/><W44/><G25/><T131/><D131/><U98/><E123/><V106/><F106/><W12/><REACH who="3" step="1"/><G83/><REACH who="3" ten="285,412,272,21" step="2"/><T29/><D7/><U85/><E98/><V102/><F24/><W62/><G62/><T95/><D63/><U23/><E27/><V64/><F60/><W67/><G67/><T121/><D121/><U55/><E28/><V21/><F66/><W49/><G49/><T80/><D29/><U118/><E118/><V41/><F51/><W65/><G65/><T117/><D117/><U17/><E17/><V113/><F19/><W1/><G1/><T0/><D0/><U114/><E114/><V71/><F64/><W135/><G135/><T133/><D133/><U100/><E100/><V68/><F102/><W39/><G39/><T69/><D96/><U110/><E110/><V16/><F109/><W36/><G36/><T2/><D2/><U84/><E42/><V57/><F41/><W112/><G112/><T47/><D43/><U72/><REACH who="1" step="1"/><E84/><REACH who="1" ten="285,402,272,21" step="2"/><V97/><F113/><W103/><G103/><T31/><D116/><U37/><E37/><V14/><F97/><W56/><G56/><T92/><D58/><U34/><E34/><V99/><F32/><W33/><G33/><T86/><D86/><U88/><E88/><V82/><F91/><W53/><G53/><RYUUKYOKU ba="1,2" sc="285,-15,402,15,272,-15,21,15" hai1="8,9,11,20,23,48,55,59,72,73,74,85,90" hai3="12,18,26,30,35,44,50,54,77,81,87,124,126" /><INIT seed="3,2,2,4,2,24" ten="270,417,257,36" oya="3" hai0="98,128,104,34,3,93,59,36,89,57,56,31,27" hai1="131,88,134,94,32,20,35,101,69,133,68,124,44" hai2="97,38,46,55,11,79,50,75,12,114,10,66,122" hai3="18,119,49,0,105,42,1,127,135,129,99,29,30"/><W74/><G74/><T22/><D36/><U63/><E101/><V111/><F114/><W117/><G49/><T65/><D3/><N who="3" m="1097" /><G99/><T90/><D104/><U33/><E124/><V21/><F111/><W43/><G105/><T85/><D128/><U16/><E131/><V45/><F122/><W112/><G129/><T14/><D34/><U73/><E73/><V126/><F126/><W13/><G127/><T54/><D14/><N who="1" m="9239" /><E44/><V17/><F66/><W106/><G106/><T108/><D108/><U7/><E7/><V81/><REACH who="2" step="1"/><F97/><REACH who="2" ten="270,417,247,36" step="2"/><W28/><G112/><T103/><D65/><U26/><E63/><V116/><F116/><N who="3" m="44619" /><G43/><AGARI ba="2,3" hai="10,11,12,17,21,38,43,45,46,50,55,75,79,81" machi="43" ten="40,2600,0" yaku="1,1,53,1" doraHai="24" doraHaiUra="19" who="2" fromWho="3" sc="270,0,417,0,247,62,36,-32" /><INIT seed="4,0,0,5,1,41" ten="270,417,309,4" oya="0" hai0="68,129,106,77,112,53,89,35,135,36,95,98,97" hai1="20,30,13,88,14,117,103,81,84,0,107,52,66" hai2="49,56,134,8,19,102,58,119,63,21,62,79,64" hai3="31,69,55,78,23,124,24,32,42,25,57,45,2"/><T122/><D122/><U16/><E117/><V5/><F119/><W75/><G124/><T50/><D35/><U22/><E0/><V108/><F108/><W67/><G2/><T104/><D68/><U37/><E37/><V83/><F102/><W121/><G121/><T131/><D36/><U85/><E66/><V6/><F8/><W101/><G101/><T11/><D77/><U4/><E30/><V125/><F49/><W120/><G120/><T128/><D112/><U47/><E107/><V33/><F134/><W61/><G78/><T43/><D43/><U73/><E73/><V90/><F90/><W40/><G75/><T133/><D11/><N who="1" m="4327" /><E85/><N who="2" m="48383" /><F33/><W127/><G127/><T123/><D123/><U28/><E28/><V44/><F125/><W27/><G40/><T93/><D53/><U15/><E103/><V3/><F3/><W87/><G87/><T9/><D9/><N who="1" m="6223" /><E15/><N who="2" m="9471" /><F6/><W71/><G71/><T65/><D65/><U38/><E38/><V96/><F5/><W100/><G100/><N who="0" m="60463" /><D50/><AGARI ba="0,0" hai="20,22,47,50,52,81,84,88" m="6223,4327" machi="50" ten="30,12000,2" yaku="25,1,8,1,52,1,54,3" doraHai="41" who="1" fromWho="0" sc="270,-120,417,120,309,0,4,0" /><INIT seed="5,0,0,0,3,102" ten="150,537,309,4" oya="1" hai0="131,110,89,127,39,54,84,90,28,26,76,94,48" hai1="21,51,73,70,77,96,64,79,99,80,25,125,135" hai2="129,111,108,98,30,22,4,71,42,8,88,87,93" hai3="65,85,72,61,55,32,1,52,14,104,105,40,10"/><U46/><E125/><V107/><F71/><W7/><G72/><T2/><D110/><U97/><E135/><V3/><F42/><W103/><G32/><T24/><D39/><U100/><E79/><V75/><F75/><W45/><G1/><T62/><D2/><U128/><E128/><V63/><F63/><W86/><G103/><T17/><D127/><U67/><E70/><V38/><F38/><W11/><G11/><T15/><D131/><U109/><E109/><V34/><F34/><W6/><G86/><T116/><D62/><U134/><E134/><V31/><F129/><W35/><G85/><T106/><D106/><U37/><E37/><V18/><F111/><W20/><G20/><T118/><D89/><U41/><E100/><V58/><F58/><W132/><G7/><T59/><D76/><U29/><AGARI ba="0,0" hai="21,25,29,41,46,51,64,67,73,77,80,96,97,99" machi="29" ten="30,1500,0" yaku="0,1" doraHai="102" who="1" fromWho="1" sc="150,-5,537,15,309,-5,4,-5" owari="145,-25.5,552,65.2,304,10.4,-1,-50.1" /></mjloggm>