<mjloggm ver="2.3"><GO type="41" lobby="0"/><UN n0="%E7%8C%AB%E6%B0%8F" n1="%73%79%75%6E%79%6F%6E%65" n2="%44%65%63%65%6D%62%65%72" n3="%E2%93%9D%4C%75%63%6B%79%4A" dan="15,14,15,17" rate="2051.20,1867.80,2058.98,2133.54" sx="M,M,M,M"/><TAIKYOKU oya="0"/><INIT seed="0,0,0,5,4,135" ten="250,250,250,250" oya="0" hai0="89,43,0,111,90,133,95,61,123,132,67,20,10" hai1="41,88,131,9,6,126,64,62,69,104,72,119,44" hai2="40,79,53,97,32,35,4,93,107,94,11,38,74" hai3="91,45,2,29,54,77,80,96,101,106,83,57,121"/><T108/><D123/><U65/><E104/><V100/><F53/><W98/><G2/><T46/><D20/><U50/><E72/><V24/><F24/><W115/><G115/><T33/><D33/><U134/><E119/><V25/><F25/><W68/><G68/><T127/><D0/><U76/><E76/><V22/><F22/><W1/><G1/><T125/><D89/><U51/><E134/><N who="0" m="51817" /><D10/><U70/><E131/><V60/><F60/><W21/><G121/><T73/><D73/><U12/><E88/><V99/><F11/><W81/><G45/><T71/><D90/><U109/><E109/><N who="0" m="42057" /><D95/><U75/><E75/><V23/><F93/><W86/><G29/><T19/><D19/><U87/><E87/><V102/><F94/><W27/><G98/><T118/><D118/><U122/><E122/><V26/><F99/><W105/><G106/><T52/><D52/><U78/><E78/><V113/><F97/><W47/><G77/><T59/><D59/><U49/><E65/><V16/><F107/><W39/><G57/><T129/><D129/><U58/><E58/><V34/><F79/><W56/><G56/><T120/><D120/><U13/><E70/><V8/><F74/><W84/><G54/><T55/><D55/><U31/><E9/><V103/><F8/><W124/><G91/><T112/><D112/><U30/><E64/><V82/><F4/><W48/><G86/><T66/><D66/><U114/><E69/><V128/><F113/><W36/><G84/><T110/><N who="0" m="42065" /><T28/><DORA hai="18" /><D28/><U117/><E114/><V15/><F128/><RYUUKYOKU ba="0,0" sc="250,30,250,-10,250,-10,250,-10" hai0="43,46,61,67,71,125,127" /><INIT seed="0,1,0,1,1,107" ten="280,240,240,240" oya="0" hai0="27,64,130,8,80,94,82,13,96,100,19,42,70" hai1="15,39,60,58,90,54,50,106,29,44,57,67,16" hai2="25,84,30,99,76,52,51,86,34,9,111,59,23" hai3="123,83,11,2,73,6,105,66,103,45,7,41,112"/><T97/><D130/><U3/><E3/><V4/><F111/><W33/><G7/><T79/><D70/><U68/><E106/><V98/><F34/><W22/><G22/><N who="0" m="13791" /><D64/><U116/><E29/><V132/><F132/><W17/><G17/><N who="0" m="8359" /><D42/><N who="1" m="22623" /><E116/><V104/><F104/><W128/><G112/><T87/><D82/><U121/><E121/><V126/><F126/><W37/><G66/><T129/><D129/><U109/><E109/><V71/><F71/><W110/><G110/><T115/><D115/><U72/><E58/><V118/><F118/><W102/><G123/><T133/><D133/><U89/><E72/><V35/><F35/><W63/><G33/><T43/><D43/><U135/><E135/><V117/><F117/><W113/><G113/><T5/><D5/><U77/><E77/><V122/><F122/><W38/><G38/><T125/><D125/><U61/><E61/><V120/><F120/><W56/><G128/><T127/><D127/><U88/><E89/><V134/><F134/><W74/><G105/><T40/><D40/><U14/><E14/><N who="2" m="5415" /><F76/><W108/><G108/><T12/><D12/><U119/><E119/><V18/><F30/><W81/><G74/><T55/><D96/><AGARI ba="1,0" hai="18,23,25,51,52,59,84,86,96,98,99" m="5415" machi="96" ten="30,2000,0" yaku="8,1,54,1" doraHai="107" who="2" fromWho="0" sc="280,-23,240,0,240,23,240,0" /><INIT seed="1,0,0,5,4,28" ten="257,240,263,240" oya="1" hai0="42,21,32,23,27,113,124,20,47,76,93,53,126" hai1="61,45,56,14,57,94,68,132,133,11,134,69,120" hai2="51,74,64,5,114,9,1,121,67,43,19,96,44" hai3="72,123,125,81,58,80,98,117,110,129,130,84,31"/><U87/><E120/><V2/><F121/><W10/><G123/><T85/><D113/><U66/><E87/><V115/><F2/><W112/><G58/><T91/><D53/><U26/><E94/><V18/><F74/><W103/><G31/><T127/><D76/><U102/><E102/><V30/><F30/><W111/><G10/><T48/><D27/><U73/><E73/><V6/><F6/><W109/><G125/><T119/><D119/><U95/><E95/><V97/><F64/><W7/><G7/><T33/><AGARI ba="0,0" hai="20,21,23,32,33,42,47,48,85,91,93,124,126,127" machi="33" ten="40,8000,1" yaku="0,1,18,1,52,2" doraHai="28" who="0" fromWho="0" sc="257,80,240,-40,263,-20,240,-20" /><INIT seed="2,0,0,2,0,64" ten="337,200,243,220" oya="2" hai0="7,133,93,40,13,104,66,42,87,73,34,24,102" hai1="48,53,79,76,111,47,44,45,124,51,131,80,100" hai2="4,106,61,103,68,46,116,83,27,22,135,41,25" hai3="129,70,130,98,99,109,17,101,18,60,6,1,0"/><V81/><F116/><W134/><G6/><T20/><D73/><U118/><E118/><V65/><F135/><W43/><G43/><T127/><D104/><U50/><E100/><V57/><F4/><W59/><G59/><T29/><D127/><U28/><E28/><V11/><F57/><W55/><G55/><T8/><D133/><U113/><E113/><V52/><F52/><W10/><G109/><T23/><D23/><U32/><E32/><V12/><F27/><W115/><G115/><T21/><D21/><U90/><E111/><V110/><F110/><W74/><G74/><T78/><D66/><U54/><E124/><V88/><F88/><W49/><G49/><T107/><D107/><U117/><E131/><N who="3" m="50186" /><G99/><N who="0" m="59759" /><D34/><U121/><E121/><V35/><F35/><W69/><G60/><T108/><D108/><U62/><E117/><V3/><F3/><N who="3" m="1099" /><G134/><T94/><D94/><U2/><E2/><V31/><F103/><W75/><G75/><T123/><D123/><U122/><E122/><V5/><REACH who="2" step="1"/><F106/><REACH who="2" ten="337,200,233,220" step="2"/><N who="3" m="63799" /><G18/><T96/><D96/><U112/><E112/><V30/><F30/><W37/><G17/><T86/><D86/><N who="1" m="50503" /><E54/><V105/><F105/><W125/><G125/><T39/><D87/><U84/><E84/><V82/><F82/><W33/><G33/><T38/><D29/><U92/><E92/><V89/><F89/><W63/><G70/><T95/><D95/><U97/><E97/><V56/><F56/><AGARI ba="0,1" hai="44,45,47,48,50,51,53,56,62,76,79" m="50503" machi="56" ten="30,1000,0" yaku="8,1" doraHai="64" who="1" fromWho="2" sc="337,0,200,20,233,-10,220,0" /><INIT seed="3,0,0,5,5,115" ten="337,220,223,220" oya="3" hai0="33,34,18,68,90,112,55,103,120,95,79,81,30" hai1="101,32,9,3,6,98,125,39,71,118,80,111,86" hai2="4,122,28,130,96,59,78,128,114,49,60,76,99" hai3="44,127,56,57,82,74,36,100,43,77,0,63,16"/><W54/><G127/><T97/><D68/><U117/><E71/><V72/><F114/><W52/><G100/><T40/><D40/><U83/><E32/><V46/><F28/><W107/><G107/><T26/><D112/><U93/><E39/><V10/><F72/><W51/><G0/><T24/><D120/><U62/><E111/><V113/><F122/><W41/><G43/><T105/><D55/><U106/><E125/><V65/><F113/><W104/><G104/><T37/><D37/><U27/><E27/><V126/><F126/><W109/><REACH who="3" step="1"/><G16/><REACH who="3" ten="337,220,223,210" step="2"/><T48/><D18/><U42/><E42/><V89/><F130/><W84/><G84/><T61/><D105/><U22/><E106/><V119/><F128/><W129/><G129/><T47/><D103/><U94/><E86/><V92/><F99/><W116/><G116/><N who="1" m="44650" /><E22/><V75/><F75/><W121/><G121/><T110/><D97/><N who="1" m="59567" /><E62/><V7/><F7/><W14/><G14/><T17/><D61/><U31/><E31/><V108/><F119/><W21/><G21/><T132/><D30/><U85/><E85/><V53/><F108/><AGARI ba="0,1" hai="36,41,44,51,52,54,56,57,63,74,77,82,108,109" machi="108" ten="40,3900,0" yaku="1,1,54,1,53,0" doraHai="115" doraHaiUra="5" who="3" fromWho="2" sc="337,0,220,0,223,-39,210,49" /><INIT seed="3,1,0,5,4,51" ten="337,220,184,259" oya="3" hai0="13,52,101,70,102,75,8,46,86,89,23,65,18" hai1="124,53,104,41,64,59,117,72,96,42,114,97,118" hai2="58,69,22,27,47,68,116,67,105,43,83,26,79" hai3="133,35,29,110,94,100,131,37,129,1,38,21,44"/><W40/><G1/><T95/><D75/><U71/><E72/><V61/><F116/><W87/><G35/><T7/><D65/><U45/><E104/><V113/><F105/><W4/><G4/><T56/><D46/><U123/><E97/><V31/><F113/><W77/><G133/><T81/><D81/><U6/><E6/><V11/><F11/><W12/><G110/><T15/><REACH who="0" step="1"/><D70/><REACH who="0" ten="327,220,184,259" step="2"/><U84/><E64/><V91/><F47/><W55/><G44/><T109/><D109/><U127/><E71/><V115/><F43/><W3/><G40/><T24/><D24/><U49/><E41/><V36/><F36/><W14/><G38/><T39/><D39/><U19/><E123/><V63/><F27/><W108/><G37/><T126/><D126/><U74/><E74/><V66/><F115/><W106/><G108/><T28/><D28/><U76/><E114/><V25/><F25/><W20/><G29/><T10/><D10/><U132/><E124/><V99/><F69/><W78/><G131/><T48/><AGARI ba="1,1" hai="7,8,13,15,18,23,48,52,56,86,89,95,101,102" machi="48" ten="20,16000,3" yaku="1,1,0,1,7,1,25,2,8,1,52,1,54,1,53,2" doraHai="51" doraHaiUra="98" who="0" fromWho="0" sc="327,173,220,-41,184,-41,259,-81" /><INIT seed="4,0,0,0,3,79" ten="500,179,143,178" oya="0" hai0="54,113,92,69,67,90,117,46,17,73,38,80,60" hai1="2,100,98,82,12,7,31,87,23,95,72,44,21" hai2="27,55,118,109,11,105,106,65,40,128,135,83,133" hai3="134,126,130,20,13,84,30,107,76,64,3,61,4"/><T29/><D29/><U68/><E68/><V43/><F109/><W49/><G107/><T120/><D117/><U45/><E72/><V41/><F118/><W10/><G126/><T5/><D113/><U35/><E2/><V50/><F65/><W1/><G130/><T89/><D5/><U75/><E75/><V122/><F122/><W125/><G134/><N who="2" m="51209" /><F128/><W111/><G125/><T102/><D17/><N who="1" m="10407" /><E35/><V129/><F129/><W51/><G3/><T131/><D120/><U97/><E7/><V112/><F112/><W33/><G111/><T25/><D25/><N who="1" m="16831" /><E98/><V108/><F108/><W28/><G33/><T59/><D102/><U56/><E56/><N who="2" m="32887" /><F27/><W78/><G1/><T119/><D92/><U14/><E14/><V8/><F83/><W57/><G30/><T77/><D119/><U104/><E104/><AGARI ba="0,0" hai="8,11,40,41,43,104,105,106" m="32887,51209" machi="104" ten="40,1300,0" yaku="20,1" doraHai="79" who="2" fromWho="1" sc="500,0,179,-13,143,13,178,0" /><INIT seed="5,0,0,3,0,8" ten="500,166,156,178" oya="1" hai0="102,88,70,12,108,100,72,40,67,126,124,46,44" hai1="10,16,94,49,69,48,77,38,71,80,79,13,81" hai2="128,123,20,27,106,61,73,29,101,51,36,23,86" hai3="37,109,78,85,42,92,125,55,15,18,120,134,22"/><U54/><E38/><V1/><F123/><W60/><G120/><T47/><D72/><U68/><E94/><V116/><F116/><W130/><G109/><T104/><D67/><U107/><E107/><V43/><F73/><W90/><G130/><T26/><D26/><U93/><E93/><V76/><F36/><W121/><G134/><T32/><D32/><U129/><E129/><V11/><F128/><W89/><G125/><T57/><D57/><U56/><REACH who="1" step="1"/><E49/><REACH who="1" ten="500,156,156,178" step="2"/><V65/><F51/><W99/><G37/><T19/><D104/><U58/><E58/><V31/><F106/><W5/><G121/><T74/><D70/><U4/><E4/><V3/><F101/><W75/><G5/><T96/><D100/><U35/><E35/><V119/><F119/><W45/><G92/><T103/><D103/><U84/><E84/><V41/><F86/><W24/><G85/><T7/><D7/><U95/><E95/><V6/><F76/><AGARI ba="0,1" hai="10,13,16,48,54,56,68,69,71,76,77,79,80,81" machi="76" ten="40,12000,1" yaku="1,1,52,1,54,1,53,1" doraHai="8" doraHaiUra="14" who="1" fromWho="2" sc="500,0,156,130,156,-120,178,0" /><INIT seed="5,1,0,0,0,17" ten="500,286,36,178" oya="1" hai0="71,8,47,117,31,83,99,16,97,1,132,40,123" hai1="63,114,81,85,82,21,110,52,35,48,11,100,62" hai2="9,75,88,33,6,65,95,41,120,42,4,92,107" hai3="28,68,119,135,109,59,126,20,57,131,77,73,34"/><U38/><E35/><V56/><F120/><W101/><G68/><T79/><D31/><U111/><E38/><V104/><F75/><W43/><G109/><N who="1" m="41482" /><E11/><V69/><F33/><W94/><G126/><T46/><D71/><U64/><E100/><V129/><F69/><W15/><G43/><T84/><D132/><U103/><E103/><V108/><F108/><W58/><G131/><T27/><D47/><N who="1" m="27679" /><E114/><V60/><F95/><W74/><G135/><T70/><D70/><N who="1" m="42263" /><E85/><V12/><F129/><W67/><G34/><T102/><D123/><U66/><E21/><V53/><F6/><W61/><G74/><T51/><D102/><U76/><E76/><V89/><F89/><W130/><G77/><T86/><D86/><U49/><E49/><V39/><F39/><W3/><G73/><T13/><D1/><U44/><E44/><V124/><F124/><W93/><G101/><T24/><D117/><U91/><E91/><V115/><F115/><W5/><G3/><T116/><D116/><U0/><E0/><V26/><F26/><AGARI ba="1,0" hai="8,13,16,24,26,27,40,46,51,79,83,84,97,99" machi="26" ten="40,2600,0" yaku="8,1,54,1" doraHai="17" who="0" fromWho="2" sc="500,29,286,0,36,-29,178,0" /><INIT seed="6,0,0,1,0,3" ten="529,286,7,178" oya="2" hai0="18,2,115,85,73,12,58,71,24,119,8,67,78" hai1="105,36,6,43,63,123,96,4,65,110,103,111,42" hai2="50,20,45,106,64,56,33,40,93,17,13,79,15" hai3="37,120,131,60,41,14,127,87,54,48,128,121,32"/><V112/><F106/><W0/><G0/><T5/><D71/><U68/><E123/><N who="3" m="47178" /><G87/><T75/><D119/><U109/><REACH who="1" step="1"/><E43/><REACH who="1" ten="529,276,7,178" step="2"/><V74/><F112/><W21/><G41/><T69/><D115/><U135/><E135/><V89/><F33/><W84/><G32/><T10/><D24/><U133/><E133/><V107/><F74/><W46/><G131/><T83/><D69/><U38/><E38/><V132/><F107/><W62/><G37/><T72/><D67/><U23/><E23/><V130/><F132/><W16/><G128/><T55/><D75/><U124/><E124/><V125/><F125/><W30/><G127/><T129/><D129/><U7/><E7/><V22/><F130/><W98/><G21/><N who="2" m="8297" /><F17/><W116/><G16/><T76/><D76/><U53/><E53/><V66/><F79/><W44/><G54/><T9/><D9/><U91/><E91/><V25/><F25/><W94/><G116/><T86/><D73/><U27/><E27/><V70/><F70/><W97/><G30/><T90/><D90/><U88/><E88/><V100/><F100/><W28/><G28/><T81/><D81/><U34/><E34/><V61/><F66/><W114/><G114/><T99/><D72/><U134/><E134/><V11/><F11/><W51/><G84/><AGARI ba="0,1" hai="13,15,40,45,50,56,61,64,84,89,93" m="8297" machi="84" ten="30,1500,0" yaku="8,1" doraHai="3" who="2" fromWho="3" sc="529,0,276,0,7,25,178,-15" /><INIT seed="6,1,0,4,0,103" ten="529,276,32,163" oya="2" hai0="5,55,109,22,38,130,131,1,79,129,90,14,42" hai1="127,117,100,133,59,93,124,18,106,65,84,20,9" hai2="2,104,48,0,33,101,120,49,85,15,82,72,81" hai3="132,66,43,122,110,68,135,63,87,29,50,112,40"/><V57/><F120/><W91/><G122/><T35/><D35/><U41/><E117/><V71/><F71/><W34/><G110/><T126/><D79/><U47/><E133/><N who="3" m="51274" /><G50/><T121/><D1/><U88/><E9/><V75/><F33/><W77/><G77/><T111/><D55/><U36/><E65/><V27/><F27/><N who="3" m="18751" /><G112/><T13/><D90/><U62/><E62/><V70/><F70/><W39/><G39/><T83/><D83/><AGARI ba="1,0" hai="40,43,63,66,68,83,87,91" m="18751,51274" machi="83" ten="30,1000,0" yaku="20,1" doraHai="103" who="3" fromWho="0" sc="529,-13,276,0,32,0,163,13" /><INIT seed="7,0,0,1,2,35" ten="516,276,32,176" oya="3" hai0="95,33,54,26,80,36,56,14,1,50,43,38,28" hai1="70,130,127,67,81,106,49,125,10,121,79,68,63" hai2="117,92,126,129,22,40,31,131,94,48,109,27,122" hai3="4,30,134,108,102,90,123,89,124,64,19,88,23"/><W3/><G123/><T20/><D1/><U39/><E106/><V99/><F122/><W114/><G108/><T98/><D80/><U6/><E121/><V107/><F109/><W0/><G30/><T77/><D77/><U87/><E70/><V112/><F117/><W118/><G118/><T132/><D132/><U37/><E49/><V96/><F48/><W9/><G134/><T72/><D72/><U42/><E130/><N who="2" m="49675" /><F40/><W85/><G114/><T71/><D71/><U60/><E60/><V104/><F31/><W111/><G111/><T55/><D55/><U32/><E32/><V84/><F22/><W15/><G124/><N who="1" m="47690" /><E42/><V91/><F27/><W105/><G64/><T116/><D43/><U133/><E133/><V29/><F29/><W57/><G57/><T25/><D14/><AGARI ba="0,0" hai="6,10,14,37,39,63,67,68,79,81,87" m="47690" machi="14" ten="30,1000,0" yaku="18,1" doraHai="35" who="1" fromWho="0" sc="516,-10,276,10,32,0,176,0" owari="506,60.6,286,8.6,32,-46.8,176,-22.4" /></mjloggm>