<mjloggm ver="2.3"><GO type="41" lobby="0"/><UN n0="%E3%81%AB%E3%82%83%E3%81%AF%E3%82%80" n1="%E2%93%9D%4C%75%63%6B%79%4A" n2="%E3%81%99%E3%83%BC%E3%82%84%E3%82%93%31%32%31%32" n3="%64%61%62%75%72%79%75%2D" dan="15,17,13,15" rate="1925.79,2128.07,1890.74,1993.13" sx="F,M,M,M"/><TAIKYOKU oya="0"/><INIT seed="0,0,0,5,3,88" ten="250,250,250,250" oya="0" hai0="133,6,85,107,120,60,101,4,62,29,40,55,56" hai1="64,54,36,90,74,3,11,50,43,125,95,97,33" hai2="7,61,65,14,81,118,94,31,82,5,121,112,108" hai3="51,73,24,19,103,49,46,89,77,116,57,20,79"/><T117/><D120/><U10/><E33/><V83/><F121/><W22/><G116/><T71/><D133/><U127/><E74/><V78/><F112/><W26/><G73/><T84/><D117/><U98/><E64/><V58/><F118/><W39/><G39/><T115/><D115/><U124/><E3/><V12/><F108/><W113/><G113/><T129/><D40/><U100/><E43/><V1/><F1/><W105/><G105/><T53/><D129/><U45/><REACH who="1" step="1"/><E36/><REACH who="1" ten="250,240,250,250" step="2"/><V87/><F78/><W21/><G79/><T126/><D126/><U109/><E109/><V134/><F134/><W104/><G77/><T13/><D29/><U114/><E114/><V76/><F76/><W18/><G51/><T44/><D62/><U132/><E132/><V38/><F31/><W86/><G49/><T123/><D123/><U15/><E15/><N who="2" m="5675" /><F38/><W52/><G52/><T41/><D13/><U99/><E99/><V96/><F87/><W119/><G86/><T128/><D85/><U69/><E69/><V48/><F48/><W32/><G32/><T8/><D84/><U63/><E63/><V131/><F131/><W102/><G119/><T91/><D71/><U110/><E110/><V28/><F28/><W130/><G130/><T17/><D128/><U27/><E27/><V72/><F72/><W37/><G26/><T59/><D60/><U122/><E122/><V35/><F35/><W30/><G24/><T2/><D2/><U68/><E68/><V25/><F25/><W66/><G30/><T47/><D41/><U9/><E9/><V92/><F96/><RYUUKYOKU ba="0,1" sc="250,-15,240,15,250,15,250,-15" hai1="10,11,45,50,54,90,95,97,98,100,124,125,127" hai2="5,7,58,61,65,81,82,83,92,94" /><INIT seed="1,1,1,4,4,21" ten="235,255,265,235" oya="1" hai0="9,117,118,13,74,105,67,56,23,79,37,110,43" hai1="44,132,78,111,130,22,31,2,29,36,107,32,83" hai2="69,28,88,75,12,14,86,122,38,35,60,71,114" hai3="72,120,66,92,106,63,48,124,41,59,87,70,26"/><U33/><E107/><V101/><F75/><W17/><G72/><T62/><D105/><U19/><E36/><V100/><F38/><W58/><G120/><T81/><D110/><U15/><E44/><V128/><F122/><W125/><G106/><T73/><D73/><U18/><E83/><V102/><F114/><W54/><G41/><T46/><D23/><N who="1" m="11775" /><E78/><V90/><F128/><W4/><G4/><AGARI ba="1,1" hai="4,9,13,37,43,46,56,62,67,74,79,81,117,118" machi="4" ten="30,1000,0" yaku="7,1" doraHai="21" who="0" fromWho="3" sc="235,23,255,0,265,0,235,-13" /><INIT seed="2,0,0,3,1,60" ten="258,255,265,222" oya="2" hai0="115,111,95,29,124,57,97,88,43,96,33,65,42" hai1="14,40,36,46,71,114,109,39,76,103,31,23,104" hai2="32,129,55,90,66,22,128,47,82,80,20,27,123" hai3="13,48,2,62,16,24,3,64,89,75,85,10,100"/><V58/><F123/><W38/><G38/><T106/><D124/><U131/><E114/><V0/><F0/><W86/><G75/><T17/><D115/><U44/><E71/><V77/><F32/><W30/><G100/><T61/><D111/><U84/><E109/><V9/><F9/><W107/><G48/><T41/><D17/><U120/><E131/><N who="2" m="50251" /><F47/><W70/><G107/><T19/><D19/><U69/><E69/><V15/><F15/><W121/><G86/><T1/><D1/><U87/><E14/><V53/><F90/><W63/><G63/><T50/><D106/><U113/><E120/><V83/><F77/><W122/><G2/><T79/><D79/><U117/><E76/><V12/><F12/><W119/><G119/><T74/><D74/><U59/><E117/><V135/><F135/><W45/><G45/><T52/><D29/><U116/><E31/><N who="2" m="17895" /><F22/><W73/><G3/><T126/><D126/><U102/><E23/><V25/><F25/><W105/><G121/><T125/><D33/><U67/><E113/><V110/><F110/><W18/><G18/><T98/><D125/><U7/><E116/><V78/><F78/><W91/><G122/><T5/><D5/><U92/><E7/><V4/><F4/><W108/><G73/><T99/><D99/><N who="1" m="59879" /><E39/><V112/><F112/><W68/><G108/><T35/><D35/><U118/><E118/><V49/><F49/><W6/><G6/><T8/><D8/><U94/><E36/><V72/><F72/><W34/><G85/><T56/><AGARI ba="0,0" hai="41,42,43,50,52,56,57,61,65,88,95,96,97,98" machi="56" ten="30,8000,1" yaku="0,1,8,1,52,1,54,2" doraHai="60" who="0" fromWho="0" sc="258,80,255,-20,265,-40,222,-20" /><INIT seed="3,0,0,2,2,97" ten="338,235,225,202" oya="3" hai0="116,2,72,51,115,1,86,63,76,60,6,75,107" hai1="85,135,11,40,106,93,127,101,31,32,58,84,62" hai2="77,12,20,46,37,22,64,23,8,121,14,66,124" hai3="19,96,117,59,70,43,82,55,104,67,100,57,120"/><W7/><G117/><T49/><D116/><U61/><E106/><V33/><F33/><W30/><G120/><T69/><D115/><U83/><E127/><V35/><F35/><W91/><G7/><T95/><D107/><U39/><E135/><V134/><F124/><W90/><G30/><T131/><D131/><U128/><E39/><V111/><F134/><W119/><G119/><T36/><D36/><U16/><E40/><V17/><F121/><W87/><G43/><T25/><D69/><U26/><E62/><V21/><F77/><W118/><G118/><T108/><D108/><U114/><E114/><V47/><F37/><W65/><G70/><T74/><D1/><U15/><E128/><V34/><F34/><W133/><G133/><T78/><D2/><U109/><E109/><V102/><F102/><W29/><G29/><T4/><D75/><U105/><E83/><V92/><F92/><W113/><G113/><T71/><D71/><U50/><E50/><V53/><F111/><W44/><G19/><T28/><D28/><U103/><E105/><V79/><F79/><W130/><G91/><T5/><D4/><U27/><E27/><V0/><F0/><W10/><G10/><T112/><D25/><U126/><E126/><V81/><F81/><W99/><G99/><T18/><D112/><U38/><E38/><V48/><F47/><W94/><G130/><T9/><D9/><U98/><E103/><V45/><F45/><W123/><G123/><T125/><D125/><U80/><E80/><V88/><F88/><W68/><G104/><T3/><D74/><RYUUKYOKU ba="0,0" sc="338,-15,235,15,225,15,202,-15" hai1="11,15,16,26,31,32,58,61,84,85,93,98,101" hai2="8,12,14,17,20,21,22,23,46,48,53,64,66" /><INIT seed="4,1,0,2,2,121" ten="323,250,240,187" oya="0" hai0="115,128,132,86,119,47,24,84,13,65,23,106,1" hai1="35,112,28,50,120,135,12,17,79,126,0,55,76" hai2="21,109,43,101,133,10,114,60,85,116,31,87,64" hai3="110,104,5,57,22,93,98,48,7,26,117,90,82"/><T8/><D106/><U25/><E120/><V73/><F73/><W113/><G117/><T91/><D119/><U100/><E0/><V15/><F109/><W18/><G113/><T102/><D128/><U83/><E126/><V39/><F116/><W129/><G129/><T74/><D74/><U36/><E36/><V127/><F127/><W14/><G104/><T70/><D1/><U78/><E100/><V4/><F114/><W9/><G110/><T75/><D75/><U49/><E112/><V92/><F43/><W58/><G7/><T62/><D132/><U130/><E50/><V69/><F39/><W88/><REACH who="3" step="1"/><G48/><REACH who="3" ten="323,250,240,177" step="2"/><T59/><D115/><U81/><E130/><V96/><F133/><W46/><G46/><T95/><D47/><U66/><E135/><V54/><F54/><W80/><G80/><T29/><D102/><U30/><E83/><V32/><F32/><W122/><G122/><T44/><D44/><U11/><E81/><V27/><AGARI ba="1,1" hai="4,10,15,21,27,31,60,64,69,85,87,92,96,101" machi="27" ten="30,1100,0" yaku="0,1" doraHai="121" who="2" fromWho="2" sc="323,-6,250,-4,240,24,177,-4" /><INIT seed="5,0,0,1,2,101" ten="317,246,264,173" oya="1" hai0="66,109,20,104,76,60,8,44,71,79,17,36,133" hai1="74,103,69,62,81,15,19,9,135,125,26,4,122" hai2="11,14,37,134,80,85,30,59,119,83,0,21,87" hai3="39,94,90,2,47,115,12,107,65,27,13,32,132"/><U29/><E122/><V93/><F0/><W126/><G2/><T131/><D131/><U61/><E135/><V86/><F37/><W121/><G121/><T75/><D133/><U111/><E111/><V67/><F119/><W106/><G132/><T110/><D104/><U25/><E69/><V7/><F134/><W70/><G70/><T89/><D89/><U117/><E117/><V53/><F67/><W78/><G78/><T92/><D92/><U123/><E125/><V96/><F21/><W58/><G39/><T102/><D102/><U48/><E123/><V129/><F30/><W24/><G47/><T50/><D36/><U98/><E48/><N who="2" m="31143" /><F129/><W33/><G90/><AGARI ba="0,0" hai="7,11,14,80,83,85,86,87,90,93,96" m="31143" machi="90" ten="30,1000,0" yaku="8,1" doraHai="101" who="2" fromWho="3" sc="317,0,246,0,264,10,173,-10" /><INIT seed="6,0,0,5,5,41" ten="317,246,274,163" oya="2" hai0="59,57,36,85,110,112,80,130,64,66,63,93,29" hai1="44,127,111,34,55,108,28,83,71,58,5,67,125" hai2="79,134,100,104,48,22,3,96,24,54,123,38,107" hai3="13,16,114,121,73,17,72,15,21,129,1,20,62"/><V113/><F3/><W45/><G121/><T92/><D36/><U60/><E28/><V30/><F38/><W47/><G1/><T133/><D29/><U86/><E86/><V2/><F2/><W74/><G129/><T26/><D130/><U9/><E83/><V91/><F123/><W105/><G114/><T65/><D26/><U42/><E9/><V11/><F113/><W33/><G105/><T40/><D110/><N who="1" m="42027" /><E5/><V32/><F134/><W109/><G109/><T106/><D106/><U49/><E34/><V117/><F117/><W19/><G33/><T119/><D119/><U122/><E122/><V82/><F32/><W25/><REACH who="3" step="1"/><G62/><AGARI ba="0,0" hai="42,44,49,55,58,60,62,67,71,125,127" m="42027" machi="62" ten="30,3900,0" yaku="34,2,52,1" doraHai="41" who="1" fromWho="3" sc="317,0,246,39,274,0,163,-39" /><INIT seed="7,0,0,1,5,95" ten="317,285,274,124" oya="3" hai0="122,129,103,12,19,28,88,89,62,66,126,7,78" hai1="11,75,26,94,76,96,46,134,125,81,93,56,120" hai2="33,99,5,29,24,124,65,18,14,102,69,133,107" hai3="27,110,13,20,90,72,55,128,47,131,82,113,92"/><W135/><G113/><T74/><D122/><U52/><E120/><V80/><F133/><W54/><G135/><T3/><D28/><U79/><E134/><V43/><F124/><W35/><G35/><T25/><D129/><N who="3" m="49737" /><G13/><T9/><D126/><U105/><E79/><V117/><F117/><W0/><G0/><T98/><D25/><U111/><E111/><V118/><F118/><W16/><G110/><T64/><D78/><U41/><E11/><V67/><F43/><W119/><G119/><T50/><D50/><U127/><E26/><V38/><F38/><W4/><G4/><T59/><D64/><U2/><E2/><V57/><F5/><W101/><G101/><T34/><D74/><U45/><E127/><V87/><F57/><W86/><G47/><T112/><D34/><U121/><E46/><V8/><F69/><W32/><G32/><T1/><D112/><U97/><E121/><V51/><F51/><W61/><G61/><T30/><D30/><U10/><E10/><V23/><F33/><W40/><G40/><T71/><D71/><U37/><E125/><V91/><AGARI ba="0,0" hai="8,14,18,23,24,29,65,67,80,87,91,99,102,107" machi="91" ten="20,2700,0" yaku="0,1,7,1,52,1" doraHai="95" who="2" fromWho="2" sc="317,-7,285,-7,274,27,124,-13" owari="310,41.0,278,-12.2,301,10.1,111,-38.9" /></mjloggm>