<mjloggm ver="2.3"><GO type="41" lobby="0"/><UN n0="%E3%83%AD%E3%83%B3%E3%81%94%E3%81%A8%E3%81%8D" n1="%E2%93%9D%4C%75%63%6B%79%4A" n2="%4E%59%54" n3="%E3%83%95%E3%83%8A%E3%82%B3%E3%82%B7" dan="15,18,14,13" rate="2031.82,2143.19,2011.79,1865.36" sx="M,M,M,M"/><TAIKYOKU oya="0"/><INIT seed="0,0,0,5,0,63" ten="250,250,250,250" oya="0" hai0="38,85,78,14,9,23,43,81,96,2,120,54,49" hai1="125,66,111,126,134,65,5,103,106,84,82,135,127" hai2="26,39,19,67,87,56,28,20,48,41,77,24,11" hai3="53,60,32,75,50,29,91,117,70,57,130,6,55"/><T93/><D120/><U110/><E5/><V107/><F107/><W31/><G75/><T13/><D2/><U95/><E95/><V10/><F39/><W79/><G117/><T34/><D34/><U122/><E122/><V21/><F41/><W46/><G70/><T99/><D43/><U61/><E103/><V118/><F118/><W30/><G79/><T71/><D71/><U27/><E106/><V69/><F69/><W124/><G124/><T105/><D38/><U51/><E27/><V37/><F37/><W97/><G6/><T100/><D23/><U1/><E51/><V59/><F48/><W116/><G130/><T88/><REACH who="0" step="1"/><D9/><REACH who="0" ten="240,250,250,250" step="2"/><U89/><E1/><V132/><F10/><W102/><G116/><T45/><AGARI ba="0,1" hai="13,14,45,49,54,78,81,85,88,93,96,99,100,105" machi="45" ten="20,12000,1" yaku="1,1,2,1,0,1,7,1,54,1,53,0" doraHai="63" doraHaiUra="64" who="0" fromWho="0" sc="240,130,250,-40,250,-40,250,-40" /><INIT seed="0,1,0,0,4,130" ten="370,210,210,210" oya="0" hai0="25,131,81,65,126,9,48,69,72,11,67,24,94" hai1="79,71,47,33,104,112,2,86,13,121,117,129,22" hai2="92,10,133,96,85,118,60,113,34,52,61,0,45" hai3="83,127,89,29,134,128,124,97,8,39,53,119,93"/><T1/><D131/><U28/><E71/><V16/><F113/><W123/><G39/><T14/><D126/><N who="3" m="48169" /><G128/><T116/><D116/><U26/><E104/><V76/><F34/><W44/><G8/><T105/><D105/><U50/><E121/><V68/><F68/><W106/><G119/><T17/><D48/><U120/><E120/><V19/><F0/><W102/><G123/><T57/><D69/><U62/><E2/><V42/><F10/><W100/><G29/><T15/><D1/><U75/><E112/><V12/><F12/><W30/><G30/><T101/><D81/><U108/><E13/><V38/><F85/><N who="3" m="50367" /><G53/><T58/><D72/><U115/><E75/><V135/><F76/><W5/><G44/><T90/><D101/><U132/><E47/><V82/><F82/><W37/><G5/><T35/><D35/><U54/><E33/><V109/><F118/><W111/><G37/><T91/><D94/><U110/><E115/><V98/><F109/><W99/><G111/><T55/><D55/><U87/><E54/><V23/><F52/><W125/><N who="3" m="48177" /><W84/><DORA hai="43" /><G84/><T63/><D17/><N who="2" m="6730" /><F23/><W78/><G78/><T40/><D40/><U59/><E117/><V31/><F31/><W7/><G7/><T70/><D70/><U74/><E110/><V77/><F77/><W107/><G93/><T103/><D103/><U49/><E108/><V3/><F92/><W41/><G41/><T36/><D36/><U51/><E79/><V21/><F21/><W46/><G46/><T20/><D20/><U27/><E22/><V80/><F45/><RYUUKYOKU ba="1,0" sc="370,15,210,-15,210,-15,210,15" hai0="9,11,14,15,24,25,57,58,63,65,67,90,91" hai3="97,99,100,102,106,107,134" /><INIT seed="0,2,0,2,3,44" ten="385,195,195,225" oya="0" hai0="111,75,4,131,15,120,83,50,93,85,86,80,91" hai1="14,114,1,88,73,52,70,6,133,128,132,10,129" hai2="72,22,60,54,121,20,16,127,118,105,38,51,134" hai3="27,3,8,41,34,123,106,122,117,78,5,63,94"/><T11/><D120/><N who="3" m="46121" /><G94/><T7/><D131/><N who="1" m="50251" /><E70/><V36/><F121/><W61/><G61/><T124/><D124/><U32/><E73/><V102/><F72/><W39/><G63/><T68/><D68/><U47/><E32/><V62/><F22/><W48/><G78/><T55/><D111/><U92/><E1/><V110/><F127/><W119/><G48/><T35/><D35/><U66/><E66/><V82/><F82/><W29/><G106/><T30/><D30/><U17/><E6/><V101/><F62/><W42/><G42/><T21/><D75/><U45/><E114/><V74/><F60/><W69/><G69/><T103/><D21/><U77/><E77/><V113/><F113/><W90/><G90/><T99/><D4/><U49/><E47/><AGARI ba="2,0" hai="3,5,8,27,29,34,39,41,47,117,119" m="46121" machi="47" ten="30,2000,0" yaku="13,1,23,1" doraHai="44" who="3" fromWho="1" sc="385,0,195,-26,195,0,225,26" /><INIT seed="1,0,0,4,5,92" ten="385,169,195,251" oya="1" hai0="61,125,130,1,117,77,98,50,48,34,27,83,22" hai1="85,7,90,99,60,33,134,53,51,96,87,78,71" hai2="122,68,97,93,121,36,102,100,45,65,42,56,129" hai3="47,118,32,75,43,55,120,20,18,24,80,44,63"/><U9/><E33/><V115/><F129/><W0/><G0/><T111/><D117/><U133/><E78/><V12/><F115/><W126/><G120/><T89/><D1/><U41/><E41/><V66/><F66/><W110/><G110/><T72/><D34/><U38/><E38/><V103/><F68/><W123/><G123/><T16/><D111/><U40/><E40/><V62/><F122/><W58/><G32/><T132/><D132/><N who="1" m="50795" /><E60/><V67/><F67/><W14/><G126/><T82/><D125/><U64/><E64/><V69/><F121/><W74/><G80/><T114/><D114/><U37/><E37/><V108/><F108/><W109/><G47/><T54/><D130/><U49/><E51/><V59/><REACH who="2" step="1"/><F12/><REACH who="2" ten="385,169,185,251" step="2"/><W127/><G127/><T52/><D61/><U107/><E71/><V95/><F95/><W105/><G118/><T8/><D83/><N who="1" m="49535" /><E107/><V57/><AGARI ba="0,1" hai="36,42,45,56,57,59,62,65,69,93,97,100,102,103" machi="57" ten="30,4000,0" yaku="1,1,0,1,52,1,53,0" doraHai="92" doraHaiUra="17" who="2" fromWho="2" sc="385,-10,169,-20,185,50,251,-10" /><INIT seed="2,0,0,0,3,100" ten="375,149,235,241" oya="2" hai0="30,119,58,101,1,67,120,98,70,42,44,8,84" hai1="85,74,86,47,99,3,93,112,72,4,123,75,106" hai2="18,113,51,9,121,17,31,132,48,130,128,66,96" hai3="68,36,83,21,50,20,0,32,41,77,57,19,54"/><V126/><F113/><W127/><G32/><T27/><D120/><U90/><E4/><V118/><F118/><W45/><G0/><T81/><D119/><U109/><E3/><V110/><F121/><W135/><G135/><T89/><D8/><U34/><E34/><V71/><F31/><W35/><G35/><T115/><D1/><U87/><E47/><V122/><F122/><W103/><G103/><T38/><D70/><U52/><E52/><V73/><F73/><W49/><G68/><T10/><D10/><U91/><E123/><V16/><F132/><W23/><G36/><T2/><D2/><U105/><E109/><V69/><F110/><W43/><G43/><T26/><D30/><U131/><E131/><N who="2" m="50219" /><F126/><W62/><G62/><T76/><D76/><U124/><E112/><V24/><F24/><W14/><REACH who="3" step="1"/><G127/><REACH who="3" ten="375,149,235,231" step="2"/><T88/><D115/><U55/><E124/><V13/><F71/><W56/><G56/><T80/><D101/><N who="1" m="60655" /><E55/><V28/><F69/><W15/><G15/><T39/><D39/><U78/><E78/><V65/><F13/><W64/><G64/><T40/><D38/><U107/><AGARI ba="0,1" hai="72,74,75,85,86,87,90,91,105,106,107" m="60655" machi="107" ten="50,16000,3" yaku="29,2,35,5,52,3" doraHai="100" who="1" fromWho="1" sc="375,-40,149,170,235,-80,231,-40" /><INIT seed="3,0,0,0,2,76" ten="335,319,155,191" oya="3" hai0="111,134,99,73,101,1,75,4,44,40,122,93,92" hai1="71,31,107,14,46,19,17,52,65,48,15,102,100" hai2="95,94,125,51,127,35,120,114,56,131,27,121,108" hai3="28,37,87,70,29,32,124,77,7,72,43,130,30"/><W83/><G130/><T36/><D122/><N who="2" m="47210" /><F114/><W98/><G70/><T11/><D111/><U49/><E31/><N who="2" m="19967" /><F108/><W45/><G124/><N who="2" m="47689" /><F131/><W13/><G72/><T88/><REACH who="0" step="1"/><D134/><REACH who="0" ten="325,319,155,191" step="2"/><U81/><E107/><V21/><F21/><W55/><G98/><AGARI ba="0,1" hai="1,4,11,36,40,44,73,75,88,92,93,98,99,101" machi="98" ten="30,12000,2" yaku="1,1,2,1,7,1,54,1,53,2" doraHai="76" doraHaiUra="90" who="0" fromWho="3" sc="325,130,319,0,155,0,191,-120" /><INIT seed="4,0,0,0,5,107" ten="455,319,155,71" oya="0" hai0="21,135,56,68,109,70,22,57,7,93,119,59,27" hai1="71,69,128,24,14,79,92,9,95,58,91,83,73" hai2="30,97,12,45,82,61,88,99,0,40,43,125,16" hai3="63,87,36,29,66,18,89,75,127,131,96,5,50"/><T113/><D119/><U8/><E128/><V62/><F0/><W49/><G36/><T132/><D7/><U65/><E95/><V122/><F122/><W124/><G96/><T15/><D113/><U28/><E58/><V53/><F125/><N who="3" m="48203" /><G131/><T104/><D104/><U39/><E39/><V41/><F30/><W76/><G29/><T94/><D109/><U114/><E114/><V20/><F99/><W23/><G5/><T72/><D72/><U123/><E65/><V105/><F105/><W13/><G76/><T51/><D51/><U133/><E133/><N who="0" m="51273" /><D15/><U100/><E123/><V108/><F108/><W17/><G17/><T46/><D46/><U120/><E120/><V37/><F37/><W67/><G75/><T48/><D48/><N who="3" m="18537" /><G63/><T103/><D103/><U4/><E100/><V84/><F97/><W77/><G77/><T90/><D90/><U34/><REACH who="1" step="1"/><E9/><REACH who="1" ten="455,309,155,71" step="2"/><V38/><F38/><W31/><G31/><N who="0" m="17903" /><D94/><AGARI ba="0,1" hai="13,18,23,66,67,87,89,94" m="18537,48203" machi="94" ten="30,1000,0" yaku="18,1" doraHai="107" who="3" fromWho="0" sc="455,-10,309,0,155,0,71,20" /><INIT seed="5,0,0,5,0,68" ten="445,309,155,91" oya="1" hai0="6,126,41,102,77,2,94,61,87,3,45,65,64" hai1="111,47,80,85,89,110,93,66,59,36,91,103,20" hai2="39,97,31,27,124,42,131,8,82,130,29,79,101" hai3="100,34,9,25,53,134,24,28,133,104,67,13,127"/><U4/><E4/><V106/><F124/><W109/><G67/><T105/><D126/><U23/><E103/><V81/><F81/><W60/><G127/><T57/><D105/><U96/><E66/><V132/><F8/><W18/><G53/><T17/><D6/><U86/><E59/><V123/><F123/><W74/><G74/><T0/><D17/><U117/><E117/><V10/><F10/><W54/><G54/><T108/><D108/><N who="1" m="41515" /><E96/><V73/><F31/><N who="3" m="19815" /><G60/><T76/><D65/><U33/><E33/><V83/><F83/><W37/><G100/><T78/><D102/><U99/><E99/><V63/><F63/><W32/><G104/><T43/><D43/><AGARI ba="0,0" hai="20,23,36,43,47,80,85,86,89,91,93" m="41515" machi="43" ten="30,2900,0" yaku="10,1,52,1" doraHai="68" who="1" fromWho="0" sc="445,-29,309,29,155,0,91,0" /><INIT seed="5,1,0,5,3,39" ten="416,338,155,91" oya="1" hai0="13,102,51,50,42,32,125,106,47,77,111,126,130" hai1="35,74,26,45,9,24,16,117,14,56,34,52,78" hai2="63,15,105,118,128,2,58,72,86,17,53,115,67" hai3="21,92,109,135,133,10,59,75,131,91,0,116,43"/><U49/><E117/><V90/><F72/><W64/><G21/><T36/><D111/><U103/><E103/><V31/><F105/><W46/><G109/><T70/><D70/><U94/><E35/><V66/><F2/><W71/><G75/><T84/><D32/><U134/><E134/><V127/><F128/><W7/><G71/><T22/><D130/><U113/><E113/><V57/><F127/><N who="0" m="48650" /><D102/><U101/><E34/><V97/><F97/><W95/><G116/><T30/><D106/><U37/><E37/><V20/><F115/><W79/><G79/><T23/><D30/><U100/><E101/><V122/><F122/><W81/><G81/><N who="0" m="47151" /><D13/><U88/><E100/><V19/><F31/><W40/><G40/><T27/><D27/><U4/><E78/><V93/><F118/><W120/><G120/><T62/><D62/><N who="1" m="36103" /><E4/><V129/><F129/><W112/><G112/><T124/><D124/><U48/><E74/><V29/><F29/><W69/><G69/><T87/><D87/><N who="1" m="52511" /><E49/><AGARI ba="1,0" hai="22,23,36,42,47,49,50,51" m="47151,48650" machi="49" ten="30,2000,0" yaku="18,1,52,1" doraHai="39" who="0" fromWho="1" sc="416,23,338,-23,155,0,91,0" /><INIT seed="6,0,0,4,1,54" ten="439,315,155,91" oya="2" hai0="10,111,8,94,81,62,106,66,28,37,79,107,115" hai1="0,29,32,12,63,114,13,87,105,103,121,22,16" hai2="43,67,58,112,64,65,27,23,47,11,104,132,123" hai3="96,45,130,97,126,124,51,50,53,21,73,46,78"/><V3/><F123/><W75/><G21/><T99/><D37/><U9/><E105/><V93/><F104/><W134/><G134/><T41/><D41/><U38/><E103/><V2/><F132/><W52/><REACH who="3" step="1"/><G78/><REACH who="3" ten="439,315,155,81" step="2"/><T34/><D34/><U133/><E32/><V110/><F110/><W15/><G15/><T135/><D111/><U39/><E13/><V128/><F2/><W48/><G48/><T91/><D79/><U40/><E12/><V6/><F23/><W4/><G4/><T1/><D1/><U108/><E0/><V100/><F27/><W125/><G125/><T95/><D135/><U49/><E49/><V102/><F3/><W70/><G70/><T77/><D77/><U68/><E68/><V92/><F6/><W30/><G30/><T60/><D28/><U131/><E29/><V26/><F26/><W7/><G7/><T74/><D8/><U86/><E9/><V83/><F11/><W33/><G33/><T129/><D10/><U76/><E22/><V18/><F18/><W127/><G127/><T19/><D19/><U69/><E16/><V71/><F71/><W113/><G113/><T17/><D115/><U90/><E114/><V56/><F112/><W84/><G84/><T88/><D17/><U117/><E87/><V119/><F119/><W59/><G59/><T36/><D36/><U35/><E39/><V118/><F118/><W122/><G122/><T98/><D74/><U24/><E121/><V85/><F58/><W55/><G55/><T120/><D120/><U72/><E133/><V25/><F25/><W80/><G80/><RYUUKYOKU ba="0,1" sc="439,-10,315,-10,155,-10,81,30" hai3="45,46,50,51,52,53,73,75,96,97,124,126,130" /><INIT seed="7,1,1,1,4,16" ten="429,305,145,111" oya="3" hai0="34,1,128,72,56,114,123,101,48,95,91,36,41" hai1="135,124,57,84,94,115,64,25,40,17,106,58,35" hai2="129,9,122,28,121,18,74,93,26,117,59,7,71" hai3="53,116,32,112,130,33,125,92,23,10,20,43,54"/><W12/><G116/><T24/><D1/><U4/><E106/><V111/><F111/><W102/><G130/><T104/><D91/><U39/><E4/><V90/><F74/><W133/><G43/><T83/><D95/><U67/><E35/><N who="2" m="20887" /><F71/><W11/><G133/><T73/><D24/><U68/><E115/><V21/><F117/><W113/><G92/><T14/><D83/><U30/><E17/><V79/><F79/><W70/><G70/><T55/><D48/><U3/><E124/><V108/><F59/><N who="1" m="22537" /><E3/><N who="2" m="255" /><F108/><W85/><G12/><T63/><D34/><U131/><E39/><V132/><F129/><W126/><REACH who="3" step="1"/><G85/><REACH who="3" ten="429,305,145,101" step="2"/><T46/><D41/><U86/><E40/><V103/><F132/><W37/><G37/><T65/><D36/><U134/><E131/><V66/><F122/><W118/><G118/><T110/><D14/><U105/><E86/><V76/><F121/><W98/><G98/><T82/><D128/><U49/><E84/><V80/><F93/><W97/><G97/><T22/><D110/><U19/><E94/><V5/><F80/><W45/><G45/><T87/><D82/><U38/><E68/><V127/><F127/><W107/><G107/><T120/><D87/><U50/><E105/><V99/><F99/><W0/><G0/><T78/><D104/><U119/><E119/><V81/><F81/><W42/><G42/><T100/><D123/><U31/><E38/><V77/><F77/><W27/><G27/><T8/><D78/><U52/><E135/><V88/><F76/><W69/><G69/><T51/><D120/><U61/><E134/><RYUUKYOKU ba="1,2" sc="429,-10,305,-10,145,-10,101,30" hai3="10,11,20,23,32,33,53,54,102,112,113,125,126" /><INIT seed="7,2,2,3,1,111" ten="419,295,135,131" oya="3" hai0="71,75,5,3,133,102,6,114,79,52,16,107,4" hai1="132,61,67,11,30,19,10,28,64,51,92,134,42" hai2="119,91,128,15,13,88,27,90,135,65,17,36,77" hai3="74,95,104,100,97,7,49,45,120,34,25,29,68"/><W112/><G120/><T9/><D71/><U108/><E108/><V46/><F119/><W62/><G74/><T115/><D133/><N who="1" m="51307" /><E92/><V58/><F77/><W127/><G127/><T23/><D102/><U37/><E37/><V39/><F128/><W40/><G95/><T106/><D79/><U118/><E67/><V33/><F65/><W87/><G87/><T126/><D75/><U24/><E19/><V21/><F33/><W99/><G99/><T35/><D52/><U57/><E30/><V31/><F31/><W69/><G7/><N who="0" m="2635" /><D107/><U123/><E123/><V109/><F39/><W18/><G112/><N who="0" m="43051" /><D106/><U0/><E0/><V38/><F109/><W98/><G98/><T110/><D35/><N who="1" m="20871" /><E118/><V54/><F135/><W63/><REACH who="3" step="1"/><G18/><REACH who="3" ten="419,295,135,121" step="2"/><T26/><D110/><U130/><E130/><V83/><F17/><W105/><G105/><T72/><D72/><U117/><E117/><V85/><F85/><W84/><G84/><T116/><D116/><U129/><E129/><V32/><F83/><W94/><G94/><T56/><D126/><U2/><E2/><V60/><F91/><W89/><G89/><T47/><D3/><U53/><E42/><V76/><F90/><W81/><G81/><T101/><D6/><U103/><E103/><V80/><F88/><W78/><G78/><T12/><D101/><U43/><E43/><V8/><F80/><W113/><G113/><T50/><D16/><U86/><E86/><V122/><F76/><W131/><G131/><T55/><D9/><U41/><E41/><V93/><F122/><W44/><G44/><AGARI ba="2,3" hai="10,11,44,51,53,57,61,64" m="20871,51307" machi="44" ten="30,1000,0" yaku="20,1" doraHai="111" who="1" fromWho="3" sc="419,0,295,46,135,0,121,-16" owari="419,51.9,341,14.1,135,-26.5,105,-39.5" /></mjloggm>