<mjloggm ver="2.3"><GO type="41" lobby="0"/><UN n0="%72%65%79%6E%6F%6C%64%73" n1="%E2%93%9D%4C%75%63%6B%79%4A" n2="%E3%83%9E%E3%82%B5%E3%83%A0%E3%83%8D" n3="%E3%83%AA%E3%83%BC%E3%83%85%E3%83%A2%E3%82%A4%E3%83%83%E3%83%91%E3%83%84" dan="14,17,14,13" rate="1946.60,2150.47,1995.41,1872.65" sx="M,M,M,M"/><TAIKYOKU oya="0"/><INIT seed="0,0,0,1,5,118" ten="250,250,250,250" oya="0" hai0="66,82,116,43,70,17,13,101,3,132,56,96,63" hai1="20,45,68,72,74,60,16,48,129,55,58,113,12" hai2="28,34,47,88,8,23,78,5,15,130,53,64,26" hai3="44,50,102,11,0,92,46,25,79,67,27,24,128"/><T122/><D3/><U135/><E113/><V76/><F130/><W111/><G128/><T61/><D116/><U127/><E129/><V107/><F107/><W83/><G111/><T77/><D132/><U115/><E115/><V94/><F64/><W134/><G67/><T22/><D43/><U119/><E119/><V90/><F34/><W123/><G123/><T52/><D122/><U125/><E68/><V91/><F94/><W133/><G46/><T19/><D19/><U81/><E135/><V105/><F105/><W10/><G10/><T1/><D1/><U21/><E21/><V7/><F7/><W126/><G126/><N who="1" m="48138" /><E81/><V103/><F103/><W95/><G95/><T14/><D96/><U40/><AGARI ba="0,0" hai="12,16,20,40,45,48,55,58,60,72,74" m="48138" machi="40" ten="30,2000,0" yaku="18,1,54,1" doraHai="118" who="1" fromWho="1" sc="250,-10,250,20,250,-5,250,-5" /><INIT seed="1,0,0,1,3,4" ten="240,270,245,245" oya="1" hai0="14,24,68,63,55,31,120,117,87,28,83,18,50" hai1="0,43,46,53,13,30,123,41,108,60,49,11,88" hai2="129,7,75,19,118,100,20,95,125,21,15,64,130" hai3="40,39,89,34,45,37,96,84,70,69,116,94,81"/><U9/><E123/><V104/><F118/><W92/><G116/><T57/><D120/><U126/><E126/><V3/><F125/><W103/><G34/><T97/><D117/><U2/><E2/><V131/><F75/><W52/><G37/><T122/><D122/><U86/><E0/><V44/><F104/><W16/><G81/><T105/><D105/><U5/><E108/><V79/><F79/><W8/><REACH who="3" step="1"/><G52/><REACH who="3" ten="240,270,245,235" step="2"/><T66/><D55/><U6/><E30/><V91/><F64/><W73/><G73/><T93/><D31/><U67/><E6/><V85/><F100/><W127/><G127/><T109/><D28/><U80/><REACH who="1" step="1"/><E11/><REACH who="1" ten="240,260,245,235" step="2"/><N who="2" m="2559" /><F44/><W1/><G1/><T38/><D109/><U99/><E99/><V132/><F132/><W22/><G22/><AGARI ba="0,2" hai="15,19,20,21,22,85,91,95,129,130,131" m="2559" machi="22" ten="30,2000,0" yaku="19,1,52,1" doraHai="4" who="2" fromWho="3" sc="240,0,260,0,245,40,235,-20" /><INIT seed="2,0,0,0,1,11" ten="240,260,285,215" oya="2" hai0="61,124,64,35,114,14,101,67,49,74,78,12,100" hai1="116,13,98,118,55,133,2,105,132,16,28,57,71" hai2="30,106,122,34,17,33,135,32,120,121,108,119,65" hai3="89,10,19,113,112,41,102,70,1,5,3,82,0"/><V31/><F106/><W134/><G70/><T83/><D35/><U38/><E38/><V115/><F65/><W131/><G102/><T76/><D114/><N who="3" m="44137" /><G89/><T75/><D49/><U77/><E2/><N who="3" m="1130" /><G82/><T80/><D124/><U53/><E28/><V68/><F68/><W93/><G93/><T81/><D81/><U72/><E71/><V39/><F39/><W54/><G54/><T47/><D47/><U91/><E72/><V79/><F79/><W40/><G40/><T94/><D94/><N who="1" m="56671" /><E105/><V62/><F62/><AGARI ba="0,0" hai="12,14,61,62,64,67,74,75,76,78,80,83,100,101" machi="62" ten="25,6400,0" yaku="22,2,52,2" doraHai="11" who="0" fromWho="2" sc="240,64,260,0,285,-64,215,0" /><INIT seed="3,0,0,2,0,126" ten="304,260,221,215" oya="3" hai0="56,86,20,89,27,78,15,28,112,109,50,83,52" hai1="34,110,103,2,101,135,107,99,61,94,97,36,29" hai2="38,129,120,46,40,12,118,88,8,82,130,48,128" hai3="4,131,125,17,92,53,115,67,62,57,60,19,51"/><W96/><G115/><T42/><D109/><U63/><E110/><V64/><F118/><W1/><G125/><T39/><D112/><U71/><E36/><V26/><F120/><W33/><G62/><T108/><D108/><U116/><E2/><V127/><F127/><W16/><G33/><T123/><D123/><U113/><E113/><V102/><F102/><W77/><G77/><T134/><D134/><U93/><E135/><V25/><F64/><W84/><G84/><T9/><D39/><U47/><E47/><V90/><F38/><W32/><G32/><T122/><D122/><U80/><E116/><V79/><F25/><W74/><G74/><T81/><D42/><U11/><E11/><V13/><F26/><W44/><G4/><T59/><D59/><U85/><E107/><V5/><REACH who="2" step="1"/><F13/><REACH who="2" ten="304,260,211,215" step="2"/><W35/><G1/><T95/><D78/><U91/><E71/><V117/><F117/><W58/><G35/><T23/><D27/><AGARI ba="0,1" hai="27,29,34,61,63,80,85,91,93,94,97,99,101,103" machi="27" ten="40,1300,0" yaku="9,1" doraHai="126" who="1" fromWho="0" sc="304,-13,260,23,211,0,215,0" /><INIT seed="4,0,0,0,4,15" ten="291,283,211,215" oya="0" hai0="2,21,79,133,61,28,55,104,29,56,77,14,8" hai1="82,118,95,115,84,102,83,134,23,97,128,42,131" hai2="129,69,32,54,46,130,59,49,93,90,53,3,36" hai3="119,25,37,52,89,126,98,1,85,47,31,113,103"/><T27/><D104/><U94/><E42/><V19/><F69/><W57/><G1/><T0/><D133/><U34/><E34/><V132/><F132/><W123/><G126/><T86/><D28/><U99/><E134/><V81/><F3/><W101/><G113/><T39/><D39/><U91/><E23/><V96/><F32/><W120/><G119/><T13/><D13/><U5/><E5/><V66/><F66/><W7/><G7/><T10/><D10/><U11/><E11/><V92/><F81/><W109/><G109/><T135/><D135/><U18/><E18/><V35/><F35/><W117/><G117/><T121/><D121/><U51/><E51/><V9/><F92/><W71/><G71/><T74/><D74/><U76/><E118/><V124/><F124/><W72/><G72/><T87/><D0/><U75/><REACH who="1" step="1"/><E115/><REACH who="1" ten="291,273,211,215" step="2"/><V30/><F30/><W40/><G31/><T70/><D2/><U58/><E58/><V16/><F36/><W100/><G25/><T106/><D70/><U41/><E41/><V112/><F112/><W12/><G12/><T22/><D21/><U60/><E60/><N who="2" m="35951" /><F9/><W125/><G125/><T17/><D106/><U116/><E116/><V80/><F80/><W111/><G123/><T107/><D107/><U50/><E50/><V43/><F43/><W62/><G120/><T65/><D65/><U20/><E20/><V6/><F6/><W48/><G62/><T108/><D108/><U73/><E73/><V68/><F68/><W63/><G63/><T105/><D105/><U122/><E122/><V44/><F44/><RYUUKYOKU ba="0,1" sc="291,10,273,10,211,10,215,-30" hai0="8,14,17,22,27,29,55,56,61,77,79,86,87" hai1="75,76,82,83,84,91,94,95,97,99,102,128,131" hai2="16,19,46,49,54,90,93,96,129,130" /><INIT seed="4,1,1,1,3,17" ten="301,283,221,185" oya="0" hai0="33,68,2,80,106,116,111,39,125,51,19,83,101" hai1="49,128,120,134,104,65,99,48,94,126,5,57,20" hai2="124,32,89,123,82,92,10,31,90,21,121,105,107" hai3="35,91,74,73,54,85,22,50,59,34,117,60,0"/><T93/><D39/><U44/><E104/><V118/><F32/><W37/><G0/><T43/><D106/><U18/><E120/><V81/><F124/><W25/><G37/><T61/><D116/><U79/><E134/><V28/><F10/><W96/><G117/><T122/><D33/><U109/><E109/><V67/><F67/><W112/><G112/><T8/><D122/><U98/><E79/><V115/><F118/><W13/><G35/><T47/><D125/><U38/><E128/><V66/><F66/><W45/><G96/><T129/><D129/><U100/><E5/><V14/><F14/><W55/><G13/><T75/><D75/><U88/><E38/><V53/><F92/><W23/><G34/><T62/><D68/><U40/><E126/><V78/><F53/><W95/><REACH who="3" step="1"/><G25/><REACH who="3" ten="301,283,221,175" step="2"/><T27/><D2/><U36/><E99/><V63/><F115/><W52/><G52/><T4/><D27/><U46/><E36/><V64/><F64/><W84/><G84/><T1/><D111/><U24/><E65/><V86/><F86/><W103/><G103/><T69/><D101/><U16/><E100/><V9/><F121/><W29/><G29/><T76/><D1/><U12/><E12/><V15/><F15/><W6/><G6/><T113/><D4/><U127/><E127/><V11/><F123/><W131/><G131/><T119/><D113/><U72/><E72/><AGARI ba="1,2" hai="22,23,45,50,54,55,59,60,72,73,74,85,91,95" machi="72" ten="40,5200,0" yaku="1,1,52,2,53,0" doraHai="17" doraHaiUra="3" who="3" fromWho="1" sc="301,0,283,-55,221,0,175,75" /><INIT seed="5,0,0,5,0,94" ten="301,228,221,250" oya="1" hai0="113,43,88,105,110,120,65,33,37,134,62,118,130" hai1="4,116,82,67,80,92,16,58,78,93,68,41,69" hai2="0,11,106,8,52,21,71,96,49,91,45,87,36" hai3="75,34,23,117,3,73,55,79,56,13,104,46,131"/><U5/><E116/><V12/><F71/><W111/><G104/><T135/><D88/><U38/><E38/><V123/><F123/><W9/><G34/><T14/><D14/><U50/><E41/><V129/><F129/><W57/><G3/><T20/><D20/><U121/><E121/><V77/><F36/><W51/><G131/><T15/><D15/><U22/><E69/><V32/><F32/><W66/><G117/><T76/><D76/><U64/><E68/><V2/><F2/><W39/><G111/><T112/><D105/><U47/><E47/><V30/><F0/><W114/><G114/><T133/><D33/><U89/><E93/><N who="2" m="56383" /><F106/><W27/><G39/><T24/><D24/><N who="1" m="14407" /><E78/><V63/><F63/><W84/><G75/><T59/><D130/><U7/><E50/><V98/><F98/><W115/><G73/><T60/><D60/><N who="1" m="38295" /><E64/><V86/><F77/><W90/><G79/><T74/><D74/><U28/><E28/><V107/><F107/><W99/><G99/><AGARI ba="0,0" hai="4,5,7,80,82,89,92,99" m="38295,14407" machi="99" ten="30,5800,0" yaku="8,1,52,1,54,1" doraHai="94" who="1" fromWho="3" sc="301,0,228,58,221,0,250,-58" /><INIT seed="5,1,0,0,3,15" ten="301,286,221,192" oya="1" hai0="29,110,67,71,103,40,37,47,97,54,39,104,74" hai1="68,62,77,17,3,109,132,127,10,24,25,116,12" hai2="53,4,51,11,14,72,55,45,26,56,84,124,82" hai3="6,81,76,70,120,66,5,58,79,78,63,30,60"/><U35/><E116/><V128/><F124/><W105/><G120/><T52/><D110/><U16/><E77/><V65/><F128/><W75/><G105/><T80/><D39/><U38/><E38/><V43/><F72/><W102/><G102/><T1/><D1/><U92/><E109/><V91/><F26/><W27/><G78/><T117/><D117/><U125/><E92/><V129/><F129/><W89/><G79/><T57/><D57/><U99/><E99/><V49/><F65/><W33/><REACH who="3" step="1"/><G89/><REACH who="3" ten="301,286,221,182" step="2"/><T20/><D20/><N who="1" m="13455" /><E127/><V8/><F8/><W36/><G36/><T83/><D104/><U135/><E125/><V22/><F22/><W31/><G31/><T34/><D103/><U50/><E50/><V98/><F98/><W115/><G115/><T126/><D126/><U18/><E3/><V23/><F23/><W85/><G85/><T94/><D74/><U0/><E0/><V131/><F131/><W13/><G13/><T121/><D121/><U86/><E86/><V87/><F84/><W93/><G93/><T106/><D94/><U19/><E62/><V44/><F51/><W61/><G61/><N who="0" m="40431" /><D80/><U46/><E68/><V118/><F118/><W107/><G107/><T90/><D83/><U108/><E108/><V69/><F69/><W48/><G48/><T133/><D90/><U119/><E119/><V96/><F96/><W113/><G113/><T2/><D2/><U64/><E12/><V130/><F130/><W41/><G41/><T95/><D95/><U134/><E135/><V28/><F43/><W7/><G7/><T73/><D133/><RYUUKYOKU ba="1,1" sc="301,-10,286,-10,221,-10,182,30" hai3="5,6,27,30,33,58,60,63,66,70,75,76,81" /><INIT seed="6,2,1,3,1,107" ten="291,276,211,212" oya="2" hai0="22,134,10,1,25,131,21,44,81,104,57,18,27" hai1="102,116,135,103,41,93,42,23,108,59,50,37,91" hai2="29,40,51,63,113,33,128,74,100,120,129,70,28" hai3="86,65,83,46,82,49,43,4,80,71,105,125,88"/><V61/><F120/><W48/><G105/><T112/><D104/><U47/><E108/><V58/><F100/><W130/><G130/><N who="2" m="50281" /><F113/><W56/><G125/><T7/><D131/><U96/><E116/><V77/><F70/><W118/><G118/><T89/><D134/><U101/><E135/><V11/><F11/><W32/><G32/><T109/><D109/><U124/><E124/><V126/><F126/><W34/><G34/><T99/><D57/><U79/><E79/><V8/><F8/><W122/><G122/><T123/><D123/><U30/><E37/><V75/><F77/><W12/><G71/><T39/><D112/><U62/><E42/><V66/><F63/><N who="3" m="38119" /><G49/><T15/><D22/><U2/><E2/><V26/><F29/><W13/><G4/><T73/><D89/><U76/><E76/><V98/><F98/><W85/><G85/><T97/><D97/><U68/><E68/><V52/><F40/><W110/><G110/><T19/><D99/><U35/><E35/><V20/><F33/><W54/><G43/><N who="0" m="22655" /><D19/><U94/><E103/><V67/><F67/><W45/><G45/><T55/><D55/><N who="1" m="34175" /><E102/><V115/><F115/><W16/><G16/><T117/><D117/><U95/><E101/><V53/><F66/><W60/><G60/><T64/><D64/><U127/><E127/><V90/><F90/><W133/><G133/><T36/><D36/><U121/><E121/><V87/><F87/><W0/><G0/><T38/><D38/><U114/><E114/><V31/><F31/><W3/><G3/><T24/><D1/><U5/><E5/><RYUUKYOKU ba="2,1" sc="291,0,276,0,211,0,212,0" hai0="7,10,15,18,21,24,25,27,73,81" hai1="23,30,41,47,50,91,93,94,95,96" hai2="20,26,28,51,52,53,58,61,74,75" hai3="12,13,46,48,54,80,82,83,86,88" /><INIT seed="6,3,1,4,5,93" ten="291,276,211,212" oya="2" hai0="111,7,94,95,119,12,42,98,30,116,117,82,44" hai1="32,24,120,8,102,86,38,13,126,60,107,48,58" hai2="68,53,45,125,99,17,72,22,103,96,10,25,71" hai3="49,97,59,57,88,81,91,113,100,80,133,84,63"/><V31/><F72/><W39/><G39/><T130/><D111/><U105/><E38/><V131/><F125/><W73/><G133/><T5/><D30/><U50/><E126/><V108/><F131/><W127/><G127/><T56/><D56/><U41/><E120/><V52/><F108/><W112/><G49/><N who="0" m="26775" /><D82/><U118/><E118/><V134/><F134/><W104/><G57/><T19/><D94/><U79/><E32/><V74/><F74/><W23/><G23/><N who="0" m="11751" /><D130/><U122/><E107/><V20/><F10/><W69/><G69/><T75/><D75/><U21/><E105/><V18/><F31/><W33/><G33/><T110/><D110/><U66/><E122/><V14/><F68/><W76/><REACH who="3" step="1"/><G91/><AGARI ba="3,1" hai="5,7,91,95,98,116,117,119" m="11751,26775" machi="91" ten="30,2000,0" yaku="12,1,52,1" doraHai="93" who="0" fromWho="3" sc="291,39,276,0,211,0,212,-29" /><INIT seed="7,0,0,3,0,118" ten="330,276,211,183" oya="3" hai0="3,68,116,24,102,23,39,128,76,34,54,127,64" hai1="97,60,6,131,75,103,106,132,110,126,63,2,119" hai2="49,91,67,71,42,133,123,88,41,89,98,105,4" hai3="117,27,120,32,65,30,7,86,95,28,51,9,84"/><W29/><G117/><T18/><D116/><U26/><E119/><V81/><F133/><W135/><G135/><T109/><D109/><U12/><E132/><V100/><F4/><W50/><G27/><T93/><D39/><U44/><E75/><V59/><F71/><W70/><G120/><T33/><D3/><U72/><E72/><V0/><F0/><W125/><G125/><T14/><D76/><U56/><E63/><V35/><F35/><W115/><G115/><T55/><D127/><U40/><E131/><V96/><F123/><W17/><G32/><T53/><D68/><U113/><E12/><V104/><F81/><W66/><G17/><T134/><D64/><U38/><E113/><V57/><F67/><W77/><G66/><T94/><D128/><U8/><E26/><V74/><F74/><W111/><G111/><T58/><D34/><U22/><E22/><V69/><F69/><W1/><G86/><T114/><D114/><U112/><E112/><V36/><F36/><W83/><REACH who="3" step="1"/><G95/><REACH who="3" ten="330,276,211,173" step="2"/><T108/><D108/><U52/><E110/><V25/><F25/><W10/><G10/><N who="0" m="6487" /><D33/><U31/><E126/><V80/><F80/><W78/><G78/><T121/><D121/><U43/><E31/><V21/><F105/><W19/><G19/><N who="0" m="12415" /><D134/><U79/><E79/><V85/><F104/><W61/><AGARI ba="0,1" hai="1,7,9,28,29,30,50,51,61,65,70,77,83,84" machi="61" ten="30,6000,0" yaku="1,1,0,1,53,1" doraHai="118" doraHaiUra="5" who="3" fromWho="3" sc="330,-20,276,-20,211,-20,173,70" /><INIT seed="7,1,0,1,3,56" ten="310,256,191,243" oya="3" hai0="105,5,89,32,60,22,104,34,6,97,84,110,52" hai1="128,72,48,7,93,61,123,133,44,99,87,37,67" hai2="79,59,125,8,119,83,57,103,31,25,88,11,80" hai3="23,45,4,20,108,117,121,62,66,2,39,15,29"/><W118/><G121/><T73/><D73/><U114/><E72/><V42/><F119/><W101/><G108/><T100/><D104/><U96/><E37/><V9/><F125/><W122/><G122/><T3/><D110/><U50/><E50/><V36/><F103/><W43/><G2/><T65/><D52/><U58/><E7/><V134/><F134/><W19/><G4/><T30/><D22/><U111/><E114/><V71/><F71/><W86/><G101/><T82/><D32/><U120/><E128/><V115/><F115/><W91/><G23/><T26/><D3/><U35/><E35/><V106/><F106/><W17/><G17/><T21/><D21/><U49/><E49/><V109/><F109/><W132/><G29/><T127/><D127/><U74/><E74/><V33/><F42/><W13/><G13/><T46/><D46/><U38/><E123/><V75/><REACH who="2" step="1"/><F36/><REACH who="2" ten="310,256,181,243" step="2"/><W113/><G113/><T126/><D126/><U76/><E38/><V51/><F51/><W28/><G132/><T47/><D47/><U14/><E44/><V55/><F55/><W27/><G27/><T107/><D105/><U81/><E120/><V102/><F102/><W68/><REACH who="3" step="1"/><G28/><REACH who="3" ten="310,256,181,233" step="2"/><T85/><D100/><U95/><E111/><V1/><F1/><W54/><G54/><T77/><D107/><U112/><E112/><V18/><F18/><W124/><G124/><T78/><D5/><U53/><E133/><V12/><F12/><W69/><G69/><T135/><D6/><U90/><E14/><V10/><N who="2" m="2048" /><DORA hai="40" /><V70/><F70/><W16/><G16/><RYUUKYOKU ba="1,2" sc="310,-15,256,-15,181,15,233,15" hai2="25,31,33,57,59,75,79,80,83,88" hai3="15,19,20,39,43,45,62,66,68,86,91,117,118" /><INIT seed="7,2,2,2,2,37" ten="295,241,196,248" oya="3" hai0="92,89,91,71,111,40,23,4,58,75,101,121,72" hai1="36,11,107,117,87,17,19,112,64,26,88,66,122" hai2="114,77,62,33,53,80,60,125,134,99,96,57,61" hai3="59,18,1,15,28,68,14,69,3,118,12,20,63"/><W8/><G118/><T7/><D71/><U0/><E36/><V50/><F114/><W119/><G119/><T108/><D121/><U38/><E38/><V104/><F134/><W51/><G51/><T82/><D23/><N who="1" m="13695" /><E107/><V131/><F125/><W129/><G129/><T94/><D82/><N who="1" m="49271" /><E0/><V47/><F131/><W22/><G69/><T46/><D58/><U74/><E74/><V39/><F33/><W48/><G48/><T97/><D101/><U32/><E32/><V116/><F104/><W49/><G49/><T16/><D16/><U13/><E122/><V113/><F113/><W103/><G68/><T2/><D97/><U31/><E112/><V56/><F116/><W21/><G103/><T65/><D65/><N who="1" m="25195" /><E117/><V106/><F106/><W109/><G109/><T6/><D2/><N who="3" m="521" /><G59/><T30/><D4/><U34/><E34/><V52/><F39/><W132/><G63/><T115/><D115/><U5/><E31/><V120/><F120/><W90/><G90/><T127/><D127/><U133/><E133/><V81/><F62/><W24/><G132/><T27/><D30/><U9/><E5/><V79/><F50/><W43/><G43/><T84/><D84/><U95/><E95/><V86/><F86/><W105/><G105/><T85/><D85/><U41/><E41/><V128/><F128/><W78/><G78/><T76/><D40/><U67/><E67/><V44/><AGARI ba="2,2" hai="44,47,52,53,56,57,60,61,77,79,80,81,96,99" machi="44" ten="25,8000,1" yaku="0,1,22,2,8,1,54,1" doraHai="37" who="2" fromWho="2" sc="295,-22,241,-22,196,106,248,-42" owari="273,7.3,219,-18.1,302,40.2,206,-29.4" /></mjloggm>