<mjloggm ver="2.3"><GO type="41" lobby="0"/><UN n0="%E9%BB%9B%E5%86%AC%E5%84%AA%E5%AD%90" n1="%E3%81%82%E3%81%8A%E3%81%90%E3%82%82%E3%82%B5%E3%83%9F%E3%83%B3%E3%82%B0" n2="%E2%93%9D%4C%75%63%6B%79%4A" n3="%E7%89%A7%E7%AC%9B" dan="14,14,18,14" rate="1968.21,1964.63,2209.04,2028.04" sx="F,F,M,M"/><TAIKYOKU oya="0"/><INIT seed="0,0,0,3,2,28" ten="250,250,250,250" oya="0" hai0="123,75,127,99,129,47,96,125,67,3,119,132,121" hai1="100,17,64,82,45,109,4,102,15,98,24,114,76" hai2="57,107,90,44,94,117,26,103,120,115,69,53,77" hai3="124,68,42,21,81,74,116,35,50,1,6,29,54"/><T30/><D119/><U63/><E109/><V112/><F69/><W40/><G116/><T31/><D3/><U10/><E114/><V18/><F117/><W46/><G68/><T133/><D75/><U39/><E39/><V27/><F107/><W34/><G124/><N who="0" m="47691" /><D47/><U56/><E45/><V128/><F103/><W32/><G1/><T58/><D58/><U55/><E98/><N who="0" m="37417" /><D67/><U113/><E113/><V2/><F2/><W89/><G6/><T61/><D61/><U111/><E111/><V86/><F44/><W16/><G29/><N who="0" m="10763" /><D129/><U70/><E24/><V110/><F27/><W11/><G74/><T59/><D59/><U0/><E0/><V134/><F57/><W84/><REACH who="3" step="1"/><G11/><REACH who="3" ten="250,250,250,240" step="2"/><T104/><D104/><U130/><E4/><V88/><F115/><W51/><G51/><T33/><D33/><U41/><E130/><V87/><F128/><W9/><G9/><T19/><D19/><U20/><E10/><V36/><F18/><W48/><G48/><T49/><D49/><U118/><E118/><V101/><F112/><W72/><G72/><T52/><D52/><U43/><E43/><V80/><F53/><W78/><G78/><T7/><D7/><U23/><E41/><V13/><F77/><W25/><AGARI ba="0,1" hai="16,21,25,32,34,35,40,42,46,50,54,81,84,89" machi="25" ten="30,12000,2" yaku="1,1,0,1,52,3,54,1,53,0" doraHai="28" doraHaiUra="73" who="3" fromWho="3" sc="250,-60,250,-30,250,-30,240,130" /><INIT seed="1,0,0,1,3,77" ten="190,220,220,370" oya="1" hai0="96,9,63,50,12,40,69,57,67,1,130,123,125" hai1="117,6,11,101,27,108,105,94,71,135,120,4,113" hai2="33,109,87,45,76,56,80,42,8,20,110,124,118" hai3="99,72,107,23,16,98,134,64,89,112,26,3,13"/><U86/><E113/><V131/><F33/><W115/><G3/><T122/><D1/><U127/><E117/><V97/><F118/><W15/><G72/><T81/><D130/><U24/><E120/><N who="0" m="46121" /><D125/><U121/><E121/><V73/><F56/><W28/><G134/><T49/><D96/><U17/><E135/><V129/><F20/><W22/><G64/><T65/><D65/><U88/><E127/><V25/><F25/><W116/><G116/><T43/><D81/><U104/><E71/><V41/><F97/><W14/><G99/><T52/><D50/><U58/><E101/><V92/><F124/><W39/><G39/><T48/><D48/><U35/><E108/><N who="2" m="41579" /><F8/><W68/><G68/><T0/><D0/><U82/><E58/><V93/><F42/><W61/><G61/><T44/><D57/><U36/><E36/><N who="2" m="21671" /><F73/><W84/><G112/><T132/><D132/><U103/><E103/><V54/><F54/><W78/><G115/><T102/><D102/><U18/><E35/><V128/><AGARI ba="0,0" hai="76,80,87,92,93,128,129,131" m="21671,41579" machi="128" ten="40,5200,0" yaku="19,1,14,1,52,1" doraHai="77" who="2" fromWho="2" sc="190,-13,220,-26,220,52,370,-13" /><INIT seed="2,0,0,1,2,94" ten="177,194,272,357" oya="2" hai0="82,106,46,50,11,53,98,6,93,9,55,8,59" hai1="119,81,16,58,48,74,133,0,43,76,121,132,26" hai2="125,62,38,96,113,116,14,91,7,65,20,123,103" hai3="3,52,12,51,84,2,120,33,27,30,75,60,29"/><V115/><F123/><W5/><G75/><T124/><D124/><U24/><E0/><V47/><F116/><W85/><G120/><T79/><D106/><U36/><E119/><V97/><F125/><W57/><G30/><T15/><D82/><U34/><E121/><V90/><F38/><W21/><G3/><T108/><D108/><U131/><E131/><V63/><F47/><W110/><G110/><T117/><D79/><U127/><E127/><V122/><F122/><W68/><G2/><T69/><D69/><U111/><E111/><V107/><F20/><W13/><G33/><T72/><D72/><U35/><E36/><V101/><F14/><W89/><G84/><T17/><D6/><U71/><E71/><V23/><F23/><W25/><G25/><N who="1" m="9834" /><E16/><V39/><F39/><W1/><G1/><T86/><D86/><U28/><E28/><V45/><F45/><W54/><G5/><T40/><D117/><U126/><E126/><V92/><F7/><W78/><G78/><T102/><REACH who="0" step="1"/><D53/><REACH who="0" ten="167,194,272,357" step="2"/><N who="1" m="32039" /><E43/><V67/><F92/><N who="3" m="54319" /><G68/><T99/><D99/><U73/><E73/><V104/><AGARI ba="0,1" hai="62,63,65,67,90,91,96,97,101,103,104,107,113,115" machi="104" ten="25,12000,1" yaku="0,1,22,2,52,2" doraHai="94" who="2" fromWho="2" sc="167,-40,194,-40,272,130,357,-40" /><INIT seed="2,1,0,3,4,9" ten="127,154,402,317" oya="2" hai0="40,22,6,93,83,16,120,106,108,50,91,13,65" hai1="66,119,14,107,52,118,25,131,39,10,32,42,28" hai2="104,53,19,35,17,126,76,43,62,54,11,125,38" hai3="20,73,15,4,129,112,24,85,45,114,122,82,41"/><V67/><F104/><W81/><G122/><T56/><D120/><U64/><E107/><V55/><F35/><W5/><G129/><T84/><D108/><U7/><E131/><V132/><F76/><W18/><G73/><T44/><D106/><U99/><E39/><V128/><F128/><W115/><G24/><T46/><D46/><U98/><E42/><V100/><F100/><W2/><G2/><T86/><D6/><U30/><E30/><V105/><F105/><W36/><REACH who="3" step="1"/><G82/><REACH who="3" ten="127,154,402,307" step="2"/><T135/><D135/><U124/><E118/><V57/><F132/><W79/><AGARI ba="1,1" hai="4,5,15,18,20,36,41,45,79,81,85,112,114,115" machi="79" ten="30,8000,1" yaku="1,1,2,1,0,1,11,1,52,1,53,0" doraHai="9" doraHaiUra="117" who="3" fromWho="3" sc="127,-21,154,-21,402,-41,307,93" /><INIT seed="3,0,0,0,0,99" ten="106,133,361,400" oya="3" hai0="115,132,128,71,70,15,122,114,90,130,27,95,30" hai1="92,108,43,91,93,64,59,126,86,25,87,6,83" hai2="89,117,19,69,38,10,124,80,82,50,55,61,11" hai3="107,44,51,48,31,79,67,123,134,119,97,37,3"/><W133/><G3/><T35/><D122/><U112/><E43/><V39/><F117/><W49/><G79/><T110/><D110/><U96/><E6/><V0/><F124/><W56/><G31/><T68/><D15/><U98/><E25/><V46/><F69/><W1/><G1/><T94/><D132/><N who="3" m="50793" /><G97/><T32/><D32/><U116/><E64/><V72/><F61/><N who="3" m="38311" /><G107/><T8/><D8/><U120/><E59/><V41/><F11/><W34/><G34/><T14/><D14/><U100/><E120/><V103/><F72/><W85/><G85/><N who="0" m="52559" /><D95/><N who="1" m="58399" /><E112/><AGARI ba="0,0" hai="27,30,35,68,70,71,112,114,115,128,130" m="52559" machi="112" ten="40,1300,0" yaku="11,1" doraHai="99" who="0" fromWho="1" sc="106,13,133,-13,361,0,400,0" /><INIT seed="4,0,0,4,0,48" ten="119,120,361,400" oya="0" hai0="54,90,130,71,19,83,4,75,25,96,113,53,8" hai1="58,65,36,24,89,87,79,3,86,107,128,100,126" hai2="38,27,26,5,40,14,64,73,106,134,45,33,18" hai3="31,116,105,125,29,10,61,84,59,2,11,0,49"/><T114/><D71/><U77/><E36/><V12/><F106/><W120/><G105/><T78/><D130/><U112/><E3/><V16/><F73/><W103/><G116/><T28/><D96/><U67/><E128/><V72/><F72/><W91/><G125/><T69/><D69/><U123/><E123/><V6/><F64/><W76/><G76/><T115/><D90/><U122/><E122/><V88/><F134/><W20/><G103/><T66/><D19/><U17/><E126/><V93/><F33/><W46/><G2/><N who="0" m="23" /><D66/><U57/><E107/><V60/><F60/><W50/><G0/><T110/><D110/><U119/><E119/><V9/><F6/><W42/><G49/><T52/><D54/><U92/><E100/><V80/><F5/><W94/><G120/><T121/><D121/><U117/><E117/><V127/><F127/><W74/><G74/><T109/><D109/><U104/><E104/><V81/><F27/><N who="3" m="16871" /><G29/><T51/><D51/><U43/><E43/><V133/><F26/><W30/><G30/><T131/><D131/><U101/><E101/><V13/><F14/><W108/><G108/><T7/><D7/><U23/><E112/><N who="0" m="28673" /><T98/><DORA hai="44" /><D98/><U124/><E124/><V95/><F13/><W62/><G62/><T41/><D41/><U68/><E68/><V35/><F40/><W97/><G97/><T111/><D111/><U118/><E118/><V47/><F12/><W99/><G99/><T34/><AGARI ba="0,0" hai="25,28,34,52,53,75,78,83" m="28673,23" machi="34" ten="40,12000,1" yaku="15,1,52,2,54,1" doraHai="48,44" who="0" fromWho="0" sc="119,120,120,-40,361,-40,400,-40" /><INIT seed="4,1,0,3,4,134" ten="239,80,321,360" oya="0" hai0="91,74,39,59,68,58,22,119,27,66,99,72,110" hai1="108,115,12,96,89,60,7,122,125,26,4,86,40" hai2="37,73,52,85,123,21,101,67,77,69,48,5,18" hai3="41,135,9,113,25,30,34,50,116,128,130,35,104"/><T13/><D119/><U64/><E108/><V28/><F37/><W17/><G104/><T57/><D39/><U65/><E122/><V95/><F73/><W103/><G103/><T36/><D36/><U98/><E115/><V121/><F5/><W76/><G76/><T75/><D110/><U43/><E26/><V53/><F67/><W117/><G50/><T90/><D13/><U88/><E12/><V87/><F69/><W46/><G46/><T80/><D80/><U129/><E86/><V111/><F28/><W11/><G41/><T82/><D82/><U29/><E60/><V54/><F123/><W70/><G70/><T55/><D99/><U10/><E10/><N who="3" m="3594" /><G135/><T47/><D68/><U51/><E51/><V6/><F6/><W83/><G83/><T109/><D66/><U23/><E23/><V45/><F77/><W1/><G1/><T20/><D109/><U100/><E29/><V102/><F121/><W15/><G34/><T38/><D38/><U31/><E31/><V79/><F79/><W16/><G113/><T94/><D47/><U32/><E100/><N who="2" m="38507" /><F111/><W56/><G56/><T14/><D75/><U71/><E71/><V92/><F87/><W84/><G84/><T49/><D74/><U114/><E114/><V127/><F85/><W3/><G3/><T118/><D72/><U8/><E8/><V106/><F106/><W105/><G105/><T132/><D132/><U63/><E63/><V107/><F107/><W124/><G116/><T62/><D118/><U97/><E32/><V81/><F81/><W93/><G117/><T131/><D62/><RYUUKYOKU ba="1,0" sc="239,0,80,0,321,0,360,0" /><INIT seed="5,2,0,3,3,111" ten="239,80,321,360" oya="1" hai0="101,99,35,4,107,84,55,8,75,88,19,96,60" hai1="106,125,90,47,29,126,98,11,1,71,5,6,59" hai2="123,0,127,134,94,103,70,25,43,42,72,102,58" hai3="31,115,2,132,105,23,20,38,133,48,49,82,13"/><U66/><E71/><V129/><F0/><W83/><G2/><T40/><D75/><U39/><E29/><V108/><F108/><W74/><G38/><T128/><D35/><U117/><E117/><V122/><F72/><W92/><G105/><T93/><D40/><U67/><E6/><V24/><F94/><W28/><G92/><T22/><D128/><U52/><E39/><V131/><F58/><W18/><G74/><T116/><D116/><U120/><E120/><V78/><F78/><W21/><G13/><T45/><D4/><U112/><E47/><V135/><REACH who="2" step="1"/><F127/><REACH who="2" ten="239,80,311,360" step="2"/><N who="1" m="48649" /><E112/><V69/><AGARI ba="2,1" hai="24,25,42,43,69,70,102,103,122,123,129,131,134,135" machi="69" ten="25,6400,0" yaku="1,1,0,1,22,2,53,0" doraHai="111" doraHaiUra="54" who="2" fromWho="2" sc="239,-18,80,-34,311,80,360,-18" /><INIT seed="6,0,0,2,4,58" ten="221,46,391,342" oya="2" hai0="38,124,6,43,87,75,12,31,35,73,95,96,61" hai1="110,92,66,9,133,37,55,102,68,14,51,25,36" hai2="93,127,69,67,77,116,128,2,59,18,111,1,53" hai3="122,57,16,54,19,121,101,23,108,132,113,97,81"/><V99/><F116/><W56/><G108/><T83/><D35/><U5/><E110/><V33/><F111/><W63/><G132/><T76/><D31/><U125/><E125/><V80/><F33/><W26/><G113/><T72/><D124/><U109/><E109/><V15/><F69/><W27/><G81/><T46/><D61/><U64/><E133/><V39/><F39/><W62/><G19/><T120/><D120/><U118/><E118/><V78/><F128/><W49/><G26/><T123/><D123/><U21/><E36/><V91/><F67/><W34/><G34/><T82/><D6/><U10/><E37/><V105/><F105/><W13/><G27/><T8/><D83/><U107/><E107/><V7/><F7/><W32/><G32/><T135/><D135/><U60/><E66/><V104/><F104/><W94/><G49/><T88/><D8/><U90/><E102/><V47/><F47/><W114/><G114/><T115/><D12/><U42/><E42/><V106/><F106/><W4/><G4/><T103/><REACH who="0" step="1"/><D115/><REACH who="0" ten="211,46,391,342" step="2"/><U98/><E14/><V65/><F15/><W129/><G129/><T112/><D112/><U0/><E5/><V44/><F80/><W117/><G117/><T48/><D48/><U84/><E0/><V86/><F2/><W40/><G40/><T45/><D45/><U119/><E119/><V22/><F44/><W71/><G71/><T79/><AGARI ba="0,1" hai="38,43,46,72,73,75,76,79,82,87,88,95,96,103" machi="79" ten="40,5200,0" yaku="1,1,0,1,54,1,53,0" doraHai="58" doraHaiUra="130" who="0" fromWho="0" sc="211,62,46,-13,391,-26,342,-13" /><INIT seed="7,0,0,2,1,40" ten="273,33,365,329" oya="3" hai0="57,44,135,77,122,116,50,3,124,127,114,93,12" hai1="45,75,105,118,130,82,61,132,131,68,38,11,83" hai2="52,64,63,6,34,55,78,90,91,7,26,86,29" hai3="102,24,20,74,120,134,42,85,30,70,22,128,101"/><W43/><G120/><T41/><D3/><U58/><E11/><V37/><F37/><W46/><G74/><T19/><D116/><U67/><E83/><V49/><F78/><W87/><G70/><T113/><D122/><U69/><E82/><V60/><F55/><W84/><G128/><T117/><D117/><U81/><E81/><V133/><F133/><W56/><G134/><T80/><D135/><U110/><E45/><V39/><F39/><W109/><G109/><T72/><BYE who="3" /><D57/><UN n3="%E7%89%A7%E7%AC%9B" /><U53/><E53/><V107/><F107/><W97/><G56/><T32/><D93/><U95/><E95/><V92/><F91/><W111/><G111/><T9/><REACH who="0" step="1"/><D32/><REACH who="0" ten="263,33,365,329" step="2"/><U16/><E16/><V73/><F73/><W121/><G121/><T62/><D62/><U33/><E58/><V98/><F63/><W27/><G101/><T10/><D10/><U5/><E61/><V115/><F60/><W36/><G43/><T125/><AGARI ba="0,1" hai="9,12,19,41,44,50,72,77,80,113,114,124,125,127" machi="125" ten="40,8000,1" yaku="1,1,0,1,18,1,52,1,53,0" doraHai="40" doraHaiUra="59" who="0" fromWho="0" sc="263,90,33,-20,365,-20,329,-40" owari="353,45.3,13,-48.7,345,14.5,289,-11.1" /></mjloggm>