<mjloggm ver="2.3"><GO type="41" lobby="0"/><UN n0="%E2%93%9D%4C%75%63%6B%79%4A" n1="%E5%A4%A9%E5%92%8C%E3%81%BE%E3%81%A0%E3%83%BC%EF%BC%9F" n2="%EF%BC%A5%EF%BC%AC%EF%BC%AC%EF%BC%A5%EF%BC%97" n3="%52%61%74%72%69" dan="18,15,14,13" rate="2208.30,2015.28,1968.07,1914.75" sx="M,F,M,M"/><TAIKYOKU oya="0"/><INIT seed="0,0,0,2,4,54" ten="250,250,250,250" oya="0" hai0="62,112,0,91,51,52,59,34,98,114,116,49,117" hai1="13,104,38,30,43,35,73,122,36,9,65,134,124" hai2="130,92,74,106,82,103,29,75,83,133,31,118,37" hai3="87,50,8,27,12,105,33,15,102,95,126,57,120"/><T100/><D0/><U77/><E134/><V56/><F133/><W119/><G119/><N who="0" m="45643" /><D98/><U110/><E124/><V99/><F118/><W18/><G105/><T88/><D34/><U41/><E122/><V46/><F130/><W96/><G126/><T19/><D19/><U6/><E65/><V135/><F135/><W81/><G120/><T78/><D78/><U115/><E115/><N who="0" m="44073" /><D91/><U40/><E110/><V66/><F106/><W69/><G69/><T25/><D25/><U23/><E104/><V89/><F74/><W20/><G33/><T42/><D88/><U26/><REACH who="1" step="1"/><E35/><REACH who="1" ten="250,240,250,250" step="2"/><V85/><F66/><W72/><G72/><T63/><D100/><U24/><E24/><V113/><F75/><W3/><G3/><T16/><D16/><U32/><E32/><V94/><F113/><W44/><G27/><T58/><D42/><U21/><E21/><V4/><F31/><W125/><G125/><T11/><D11/><U53/><E53/><AGARI ba="0,1" hai="49,51,52,53,58,59,62,63" m="44073,45643" machi="53" ten="30,12000,1" yaku="34,2,52,2,54,1" doraHai="54" who="0" fromWho="1" sc="250,130,240,-120,250,0,250,0" /><INIT seed="0,1,0,2,5,60" ten="380,120,250,250" oya="0" hai0="93,94,63,121,22,31,69,110,108,111,12,19,42" hai1="87,102,77,107,61,99,38,97,70,33,80,32,55" hai2="23,101,89,128,56,86,52,2,11,72,85,74,54" hai3="73,130,81,113,115,104,116,40,131,122,71,17,44"/><T24/><D121/><U106/><E38/><V26/><F128/><N who="3" m="49195" /><G104/><T76/><D76/><U59/><REACH who="1" step="1"/><E70/><REACH who="1" ten="380,110,250,250" step="2"/><V10/><F2/><W34/><G71/><T7/><D42/><U6/><E6/><V8/><F101/><AGARI ba="1,1" hai="32,33,55,59,61,77,80,87,97,99,101,102,106,107" machi="101" ten="40,5200,0" yaku="1,1,9,1,53,1" doraHai="60" doraHaiUra="58" who="1" fromWho="2" sc="380,0,110,65,250,-55,250,0" /><INIT seed="1,0,0,5,5,22" ten="380,175,195,250" oya="1" hai0="106,31,100,121,21,10,24,70,119,102,80,90,12" hai1="87,104,40,20,65,135,47,33,78,94,115,53,110" hai2="95,46,5,114,61,74,126,27,71,13,122,89,91" hai3="7,79,111,15,39,98,60,1,120,19,18,49,130"/><U116/><E115/><V113/><F122/><W88/><G120/><T14/><D121/><U84/><E116/><V23/><F74/><W105/><G39/><T76/><D119/><U67/><E33/><V30/><F126/><W117/><G117/><T57/><D70/><U131/><E104/><V86/><F46/><W134/><G111/><T11/><D90/><U128/><E135/><V25/><F71/><W82/><G134/><T108/><D108/><U54/><E110/><V51/><F51/><W129/><G1/><T59/><D106/><U52/><E20/><V2/><F2/><W133/><G133/><T101/><D14/><U34/><E34/><V48/><F48/><W109/><G109/><T96/><D96/><U123/><E123/><V43/><F61/><W81/><G49/><T69/><D69/><U28/><E28/><V63/><F63/><W6/><G60/><T56/><REACH who="0" step="1"/><D12/><REACH who="0" ten="370,175,195,250" step="2"/><U118/><E118/><V127/><F13/><W35/><G105/><T97/><D97/><U124/><E124/><V32/><F127/><W83/><G98/><T29/><D29/><U66/><E94/><V8/><F91/><W72/><G88/><T45/><D45/><U16/><E78/><V17/><F113/><W50/><G15/><T112/><D112/><U85/><E16/><V3/><F114/><W68/><G68/><T77/><D77/><U44/><E40/><V103/><F43/><W38/><G79/><T75/><AGARI ba="0,1" hai="10,11,21,24,31,56,57,59,75,76,80,100,101,102" machi="75" ten="30,7900,0" yaku="1,1,0,1,52,1,53,1" doraHai="22" doraHaiUra="73" who="0" fromWho="0" sc="370,89,175,-39,195,-20,250,-20" /><INIT seed="2,0,0,1,2,52" ten="459,136,175,230" oya="2" hai0="2,14,12,15,121,115,17,132,56,122,81,86,8" hai1="127,72,13,104,48,98,4,43,100,79,109,29,114" hai2="107,63,105,91,40,70,25,1,3,88,131,94,119" hai3="130,113,5,37,35,62,118,7,45,117,89,24,54"/><V33/><F119/><W99/><G130/><T60/><D115/><U80/><E109/><V44/><F131/><W83/><G113/><T125/><D125/><U93/><E127/><V42/><F91/><W73/><G73/><T134/><D2/><U36/><E29/><V133/><F133/><N who="0" m="51306" /><D86/><U61/><E114/><V26/><F40/><W55/><G37/><T51/><D51/><U111/><E111/><V41/><F41/><W39/><G39/><T124/><D81/><U50/><E61/><V16/><F107/><W31/><G54/><N who="0" m="33815" /><D124/><U19/><E4/><V84/><F105/><W97/><G97/><T59/><D59/><U102/><E102/><V129/><F129/><W95/><G83/><T34/><D34/><U58/><E58/><V69/><F3/><W10/><G62/><T108/><D108/><U9/><REACH who="1" step="1"/><E104/><REACH who="1" ten="459,126,175,230" step="2"/><V28/><F70/><W76/><G117/><T135/><N who="0" m="51314" /><T103/><DORA hai="64" /><D103/><U126/><E126/><V101/><F101/><W23/><G118/><T30/><D30/><U0/><E0/><V49/><F1/><W20/><G31/><T21/><D8/><U96/><E96/><V92/><F63/><W66/><G99/><T112/><D112/><U32/><E32/><V11/><F69/><W75/><G10/><T22/><D22/><U57/><E57/><V71/><F71/><W120/><G20/><T106/><D106/><U18/><E18/><V90/><F33/><W78/><G23/><T53/><D53/><U74/><E74/><V38/><F28/><W47/><G75/><T123/><AGARI ba="0,1" hai="12,14,15,17,21,121,122,123" m="33815,51314" machi="123" ten="50,3200,0" yaku="20,1,52,1" doraHai="52,64" who="0" fromWho="0" sc="459,42,126,-8,175,-16,230,-8" /><INIT seed="3,0,0,2,3,25" ten="501,118,159,222" oya="3" hai0="60,18,57,125,47,90,59,101,43,58,76,112,94" hai1="39,45,107,7,132,66,22,51,128,121,79,126,131" hai2="6,80,69,84,23,127,70,20,75,63,97,11,42" hai3="24,17,2,10,35,28,26,49,130,92,53,52,27"/><W106/><G106/><T65/><D112/><U81/><E107/><V13/><F127/><W31/><G130/><T98/><D125/><U110/><E121/><V72/><F70/><W62/><G62/><T41/><D76/><U44/><E126/><V40/><F75/><W73/><G73/><T135/><D135/><U82/><E7/><V54/><F72/><W36/><G36/><T4/><D4/><U102/><E102/><V105/><F105/><W48/><G2/><T9/><D101/><U114/><E114/><V32/><F32/><W118/><G118/><T115/><D115/><U109/><E66/><V95/><F69/><W111/><G111/><N who="1" m="42506" /><E132/><V56/><F23/><W55/><G92/><T87/><D98/><U93/><E93/><V123/><F20/><W37/><G37/><T124/><D124/><U88/><E22/><V91/><REACH who="2" step="1"/><F123/><REACH who="2" ten="501,118,149,222" step="2"/><W103/><G35/><T30/><D65/><U117/><E117/><V21/><F21/><W100/><G10/><T77/><D9/><U14/><E39/><V34/><F34/><W64/><G64/><T50/><D94/><U1/><E1/><V3/><F3/><W86/><G17/><T68/><D18/><U0/><E0/><V16/><F16/><W133/><G133/><T120/><D120/><U78/><E14/><V108/><F108/><W89/><G48/><T104/><D50/><U85/><E51/><V15/><F15/><W113/><G49/><T19/><D104/><U119/><E119/><V38/><F38/><W46/><G113/><T74/><D19/><U83/><E45/><V129/><F129/><RYUUKYOKU ba="0,1" sc="501,-10,118,-10,149,30,222,-10" hai2="6,11,13,40,42,54,56,63,80,84,91,95,97" /><INIT seed="4,1,1,0,2,93" ten="491,108,179,212" oya="0" hai0="103,24,118,89,41,92,51,76,23,55,60,5,127" hai1="7,35,21,117,91,66,58,96,22,14,57,129,104" hai2="74,49,9,15,109,72,107,106,98,71,100,73,128" hai3="120,25,85,8,77,19,112,39,17,95,45,108,48"/><T56/><D118/><U82/><E117/><V52/><F109/><W68/><G108/><T3/><D127/><U67/><E129/><V27/><F128/><W32/><G68/><T42/><D103/><U6/><E35/><V105/><F27/><W124/><G39/><T134/><D134/><U53/><E104/><V65/><F65/><N who="1" m="24585" /><E82/><V97/><F71/><W40/><G112/><T64/><D76/><U119/><E119/><V78/><F78/><W63/><G124/><T26/><D5/><N who="1" m="1547" /><E14/><V80/><F80/><N who="3" m="47247" /><G32/><T102/><D102/><U37/><E37/><V101/><F107/><W28/><G63/><T30/><D3/><U36/><E36/><V126/><F126/><W110/><G110/><T135/><D26/><U133/><E133/><V75/><F75/><W88/><G120/><T114/><D114/><U70/><E70/><V94/><F94/><W83/><G83/><T44/><REACH who="0" step="1"/><D135/><REACH who="0" ten="481,108,179,212" step="2"/><U121/><E121/><V86/><F86/><AGARI ba="1,2" hai="23,24,30,41,42,44,51,55,56,60,64,86,89,92" machi="86" ten="30,12000,1" yaku="1,1,2,1,7,1,8,1,53,1" doraHai="93" doraHaiUra="84" who="0" fromWho="2" sc="481,143,108,0,179,-123,212,0" /><INIT seed="4,2,0,2,2,34" ten="624,108,56,212" oya="0" hai0="100,87,110,115,134,27,105,83,60,76,90,70,77" hai1="63,26,89,103,18,131,2,44,57,45,10,0,129" hai2="59,67,8,113,68,106,71,86,121,127,96,123,119" hai3="99,25,82,135,58,37,94,13,51,92,32,66,85"/><T33/><D110/><U20/><E10/><V11/><F113/><W55/><G37/><T80/><D115/><U72/><E103/><V47/><F119/><W69/><G135/><T95/><D70/><U65/><E89/><V30/><F127/><W111/><G111/><T43/><D60/><U97/><E97/><V49/><F71/><W114/><G114/><T29/><D43/><U118/><E72/><V19/><F68/><W78/><G69/><T4/><D4/><U35/><E35/><V109/><F109/><W50/><G66/><T6/><D6/><U28/><E28/><V48/><F123/><W31/><G13/><T107/><D134/><U12/><E12/><V116/><F121/><W36/><G36/><T79/><REACH who="0" step="1"/><D100/><REACH who="0" ten="614,108,56,212" step="2"/><U15/><E118/><V17/><F116/><W101/><G101/><T112/><D112/><U16/><E129/><V125/><F125/><W104/><G104/><AGARI ba="2,1" hai="27,29,33,76,77,79,80,83,87,90,95,104,105,107" machi="104" ten="40,3900,0" yaku="1,1,53,1" doraHai="34" doraHaiUra="84" who="0" fromWho="3" sc="614,55,108,0,56,0,212,-45" /><INIT seed="4,3,0,0,1,124" ten="669,108,56,167" oya="0" hai0="15,74,32,118,8,37,10,101,104,88,128,78,84" hai1="115,50,59,77,108,75,12,11,20,112,22,81,66" hai2="70,25,56,130,31,97,111,30,121,107,60,132,33" hai3="89,21,4,23,91,39,1,71,129,7,126,131,51"/><T94/><D118/><U36/><E36/><V2/><F121/><W19/><G39/><T14/><D32/><U87/><E108/><V18/><F111/><W43/><G71/><T13/><D37/><U27/><E75/><V103/><F31/><W52/><G43/><T63/><D63/><U85/><E87/><V68/><F56/><N who="3" m="32799" /><G126/><T133/><D133/><U119/><E119/><V45/><F45/><W116/><G116/><T109/><D109/><U73/><E73/><V35/><F70/><W49/><G49/><T93/><D94/><U17/><E50/><V41/><F41/><W80/><G23/><T105/><D105/><U83/><E81/><V82/><F18/><W53/><G53/><T48/><D48/><U110/><E110/><V72/><F132/><W61/><G61/><T135/><D135/><U106/><E106/><V40/><F40/><W16/><G19/><T47/><D47/><U127/><E127/><V0/><F35/><W96/><G96/><N who="0" m="61479" /><D10/><U44/><E44/><V9/><F9/><N who="3" m="2191" /><G80/><N who="0" m="45143" /><D8/><U58/><E22/><V92/><F92/><W117/><G7/><T62/><D62/><U55/><E55/><V79/><REACH who="2" step="1"/><F130/><AGARI ba="3,0" hai="13,14,15,84,88,93,128,130" m="45143,61479" machi="130" ten="30,11600,0" yaku="24,1,52,2,54,1" doraHai="124" who="0" fromWho="2" sc="669,125,108,0,56,-125,167,0" owari="794,89.4,108,-29.2,-69,-56.9,167,-3.3" /></mjloggm>