<mjloggm ver="2.3"><GO type="41" lobby="0"/><UN n0="%53%65%76%69%6C%6C%61" n1="%E2%93%9D%4C%75%63%6B%79%4A" n2="%E9%A2%A8%E5%85%89%E6%98%8E%E5%AA%9A" n3="%E7%B4%94%E7%B1%B3%E9%85%92" dan="15,17,15,13" rate="1989.07,2165.00,1986.27,1877.64" sx="M,M,M,M"/><TAIKYOKU oya="0"/><INIT seed="0,0,0,1,5,107" ten="250,250,250,250" oya="0" hai0="82,28,22,15,88,98,103,51,12,36,72,43,108" hai1="59,96,89,53,129,73,7,61,125,93,45,135,21" hai2="26,115,11,94,69,6,79,2,109,14,63,60,42" hai3="80,19,102,4,126,46,110,76,56,27,101,66,114"/><T132/><D36/><U90/><E129/><V20/><F109/><W81/><G126/><T97/><D132/><U54/><E135/><V32/><F69/><W29/><G4/><T25/><D108/><U3/><E125/><V47/><F115/><W67/><G46/><T133/><D133/><U48/><E3/><V83/><F94/><W113/><G19/><T121/><D121/><U38/><E38/><V0/><F32/><W127/><G127/><T131/><D131/><U10/><E73/><V92/><F92/><W84/><G110/><T39/><D39/><U74/><E74/><V111/><F0/><W17/><G17/><T5/><D5/><U24/><E10/><V55/><F55/><W37/><G37/><T118/><D118/><U62/><E7/><V18/><F2/><W75/><G67/><T8/><D8/><U64/><E90/><V95/><F95/><W9/><G9/><T52/><D43/><U68/><E68/><V34/><F34/><W100/><G56/><N who="0" m="32799" /><D72/><U99/><E99/><N who="0" m="37897" /><D103/><U57/><E59/><V77/><F111/><W105/><G66/><T16/><D28/><N who="1" m="17423" /><E64/><V134/><F134/><W13/><G13/><T120/><D120/><U119/><E119/><V50/><F77/><W31/><G105/><T78/><D78/><U112/><E112/><V122/><F122/><W44/><G31/><T65/><D65/><U117/><E117/><V33/><F33/><W87/><G44/><T123/><D123/><U30/><E30/><V58/><F58/><W23/><G75/><AGARI ba="0,0" hai="6,11,14,18,20,26,42,47,50,60,63,75,79,83" machi="75" ten="30,2000,0" yaku="7,1,52,1" doraHai="107" who="2" fromWho="3" sc="250,0,250,0,250,20,250,-20" /><INIT seed="1,0,0,0,2,61" ten="250,250,270,230" oya="1" hai0="3,35,32,75,54,70,105,107,47,14,133,42,88" hai1="15,102,17,56,80,25,2,79,67,92,29,135,19" hai2="5,58,99,31,10,9,22,46,50,27,8,49,33" hai3="45,62,66,77,4,68,116,12,13,131,48,71,37"/><U52/><E2/><V130/><F130/><W16/><G131/><T109/><D3/><U97/><E135/><V118/><F118/><W72/><G116/><T65/><D75/><U129/><E129/><V93/><F33/><W110/><G37/><T1/><D1/><U104/><E104/><V83/><F83/><W112/><G110/><T111/><D54/><U55/><E19/><V40/><F5/><W18/><G71/><T64/><D14/><U73/><E67/><N who="0" m="25673" /><D70/><U103/><E103/><V100/><F8/><W127/><G112/><T81/><D133/><U86/><E73/><V39/><F39/><W96/><G72/><T21/><D21/><N who="1" m="15535" /><E56/><V117/><F117/><W51/><G77/><T60/><D60/><U87/><E87/><V82/><F82/><W26/><G4/><T120/><D120/><U20/><AGARI ba="0,0" hai="15,17,20,52,55,79,80,86,92,97,102" m="15535" machi="20" ten="30,3000,0" yaku="8,1,54,1" doraHai="61" who="1" fromWho="1" sc="250,-10,250,30,270,-10,230,-10" /><INIT seed="1,1,0,4,3,85" ten="240,280,260,220" oya="1" hai0="24,50,60,2,89,75,58,13,132,81,128,105,133" hai1="71,42,7,87,120,35,79,1,116,127,119,92,68" hai2="6,124,41,15,69,5,72,83,64,46,33,115,39" hai3="118,101,17,123,95,73,90,74,36,67,52,8,104"/><U37/><E35/><V55/><F124/><W43/><G123/><T47/><D2/><U30/><E30/><V26/><F115/><W0/><G67/><T66/><D105/><U19/><E19/><V63/><F15/><W122/><G122/><T131/><D24/><U80/><E120/><V114/><F114/><W11/><G43/><T86/><D75/><U135/><E135/><N who="0" m="51785" /><D13/><U134/><E134/><V77/><F33/><W25/><G101/><T9/><D9/><U70/><E127/><V54/><F26/><W32/><G104/><T96/><D96/><U107/><E107/><V51/><F55/><AGARI ba="1,0" hai="47,50,55,58,60,66,81,86,89,128,131" m="51785" machi="55" ten="30,2000,0" yaku="20,1,52,1" doraHai="85" who="0" fromWho="2" sc="240,23,280,0,260,-23,220,0" /><INIT seed="2,0,0,4,0,110" ten="263,280,237,220" oya="2" hai0="98,65,21,2,38,70,105,87,76,92,114,129,104" hai1="27,115,16,31,68,20,103,126,11,134,120,19,127" hai2="45,72,41,12,49,100,43,22,113,9,71,66,57" hai3="4,34,25,122,47,17,0,95,112,64,14,23,33"/><V84/><F72/><W7/><G47/><T94/><D38/><U125/><E68/><V42/><F113/><W81/><G81/><T102/><D2/><U5/><E103/><V116/><F116/><W117/><G64/><T96/><D21/><U82/><E115/><V39/><F22/><W37/><G95/><N who="0" m="58655" /><D65/><U130/><E82/><V90/><F100/><W119/><G37/><T77/><D70/><U91/><E91/><V18/><F71/><W132/><G122/><T61/><D61/><U80/><E80/><V56/><F56/><W53/><G53/><T51/><D51/><U10/><E134/><V6/><F6/><N who="3" m="2091" /><G112/><T62/><D62/><U89/><E89/><V88/><F39/><W93/><G93/><N who="0" m="35947" /><D114/><U75/><E75/><V133/><F84/><W73/><G73/><T124/><D98/><U97/><E97/><V13/><F133/><W83/><G0/><T69/><D69/><U40/><E40/><N who="2" m="24743" /><F13/><W3/><G132/><T30/><D87/><U111/><E127/><V123/><F123/><W52/><G3/><T74/><D124/><U54/><E126/><V55/><F66/><W15/><G52/><T85/><D85/><U128/><E54/><V109/><F109/><W50/><G50/><AGARI ba="0,0" hai="9,12,18,41,42,43,50,55,57,88,90" m="24743" machi="50" ten="30,2900,0" yaku="8,1,54,1" doraHai="110" who="2" fromWho="3" sc="263,0,280,0,237,29,220,-29" /><INIT seed="2,1,0,3,4,14" ten="263,280,266,191" oya="2" hai0="35,50,64,17,65,118,134,69,106,39,99,108,26" hai1="9,24,95,72,98,58,68,51,15,131,18,132,56" hai2="5,71,80,89,130,115,97,124,107,31,83,44,36" hai3="46,133,52,53,77,127,20,25,33,27,29,86,117"/><V125/><F71/><W11/><G117/><T61/><D39/><U114/><E114/><V1/><F115/><W66/><G133/><T81/><D108/><U34/><E72/><V54/><F130/><W119/><G119/><T22/><D134/><U19/><E68/><V7/><F31/><W90/><G127/><N who="2" m="48713" /><F1/><W0/><G77/><T88/><D65/><U12/><E131/><V43/><F54/><W32/><G66/><T121/><D121/><U110/><E110/><V123/><F123/><W102/><G102/><T45/><D35/><U73/><E73/><V62/><F62/><W129/><G129/><T93/><D118/><U92/><E132/><V135/><F135/><W84/><G86/><T47/><D106/><U87/><E34/><V13/><F5/><W40/><G33/><T55/><REACH who="0" step="1"/><D81/><REACH who="0" ten="253,280,266,191" step="2"/><U104/><E104/><V4/><F107/><W76/><G32/><T111/><D111/><U67/><E67/><V38/><F38/><W91/><G76/><T3/><D3/><U100/><E51/><V94/><F80/><W126/><G0/><T8/><D8/><N who="1" m="6631" /><E24/><V41/><F83/><W113/><G27/><T42/><D42/><U122/><E122/><V10/><F43/><W28/><G113/><T70/><D70/><U105/><E105/><V37/><F37/><W120/><G126/><T75/><D75/><U21/><E9/><V96/><F4/><W101/><G11/><T116/><D116/><U48/><E48/><V2/><F2/><W49/><G120/><T79/><D79/><U23/><E23/><V112/><F112/><W103/><G20/><RYUUKYOKU ba="1,1" sc="253,10,280,10,266,10,191,-30" hai0="17,22,26,45,47,50,55,61,64,69,88,93,99" hai1="12,18,21,56,58,87,92,95,98,100" hai2="7,10,13,36,41,44,89,94,96,97" /><INIT seed="2,2,1,3,0,116" ten="263,290,276,161" oya="2" hai0="76,84,31,90,96,48,68,35,122,10,134,100,23" hai1="112,66,89,121,111,92,14,130,99,46,11,126,6" hai2="129,38,120,107,41,86,75,13,110,28,103,50,12" hai3="60,65,119,2,62,118,40,64,81,39,4,57,73"/><V61/><F75/><W77/><G4/><T79/><D35/><U63/><E112/><V27/><F38/><W49/><G2/><T117/><D134/><U72/><E111/><V93/><F120/><W127/><G127/><T36/><D36/><U16/><E126/><V69/><F129/><W51/><G119/><T105/><D68/><U74/><E130/><V1/><F1/><W53/><G118/><T109/><D109/><U18/><E121/><V30/><F30/><W135/><G135/><T85/><D85/><U78/><E46/><V22/><F107/><W44/><G53/><T17/><D117/><U42/><E42/><V26/><F26/><W101/><G101/><T59/><D10/><U91/><E91/><V8/><F8/><W37/><REACH who="3" step="1"/><G39/><REACH who="3" ten="263,290,276,151" step="2"/><T104/><D100/><U24/><E6/><V7/><F7/><W19/><G19/><T83/><D17/><U58/><E78/><V132/><F132/><W80/><G80/><T33/><D83/><U56/><E18/><V133/><F133/><W82/><G82/><T108/><D79/><U102/><E102/><V0/><F0/><W124/><G124/><T20/><D76/><U21/><E11/><V113/><F103/><W54/><G54/><T3/><D3/><U97/><E14/><V5/><F5/><W32/><G32/><T52/><D33/><U34/><E34/><V123/><F12/><W47/><G47/><T95/><D108/><U15/><E15/><V25/><F13/><W87/><G87/><T115/><D84/><U106/><E58/><AGARI ba="2,2" hai="37,40,44,49,51,57,58,60,62,64,65,73,77,81" machi="58" ten="30,3900,0" yaku="1,1,7,1,9,1,53,0" doraHai="116" doraHaiUra="29" who="3" fromWho="1" sc="263,0,290,-45,276,0,151,65" /><INIT seed="3,0,0,4,4,29" ten="263,245,276,216" oya="3" hai0="47,36,118,38,55,42,30,70,37,112,22,3,109" hai1="97,113,104,120,92,82,105,44,13,23,115,98,131" hai2="17,66,16,76,127,60,122,6,62,8,4,83,7" hai3="59,25,129,93,41,72,5,121,106,75,35,134,43"/><W116/><G121/><T71/><D3/><U111/><E44/><V107/><F107/><N who="1" m="41033" /><E23/><V130/><F130/><W108/><G116/><T99/><D99/><N who="1" m="37899" /><E13/><V132/><F132/><W102/><G106/><T123/><D30/><U46/><E46/><V21/><F127/><W89/><G102/><T100/><D100/><U57/><E57/><V1/><F60/><W48/><G134/><T119/><D22/><U20/><E20/><V9/><F9/><W90/><G129/><T110/><D123/><U32/><E32/><V45/><F45/><W73/><G5/><T27/><D27/><U94/><E111/><N who="0" m="42505" /><D55/><U54/><E54/><V64/><F64/><W12/><G12/><T86/><D86/><U65/><E65/><V95/><F95/><N who="1" m="36393" /><E120/><V87/><F17/><W128/><G108/><T133/><D133/><U117/><E131/><V15/><REACH who="2" step="1"/><F122/><REACH who="2" ten="263,245,266,216" step="2"/><W77/><G128/><T103/><D47/><U85/><E117/><V18/><F18/><W84/><G93/><T91/><D37/><U124/><E124/><V61/><F61/><W39/><G39/><T96/><D38/><U11/><E11/><V63/><F63/><W68/><G43/><T81/><D42/><U34/><E34/><V67/><F67/><W40/><G40/><T28/><D36/><U80/><E82/><V19/><F19/><W88/><G41/><T2/><D81/><U51/><E51/><V135/><F135/><W114/><G48/><T14/><D119/><U10/><E10/><V33/><F33/><W74/><G35/><T126/><D118/><U125/><E125/><V69/><AGARI ba="0,1" hai="1,4,6,7,8,15,16,21,62,66,69,76,83,87" machi="69" ten="20,12000,2" yaku="1,1,5,1,0,1,7,1,54,1,53,1" doraHai="29" doraHaiUra="78" who="2" fromWho="2" sc="263,-30,245,-30,266,130,216,-60" /><INIT seed="4,0,0,0,2,26" ten="233,215,396,156" oya="0" hai0="110,50,30,104,38,108,87,29,37,12,18,68,19" hai1="39,32,21,121,103,83,4,55,91,73,92,86,56" hai2="126,112,111,98,97,9,105,31,7,102,134,57,11" hai3="65,28,0,95,80,69,22,52,25,60,113,64,74"/><T3/><D3/><U5/><E32/><V61/><F111/><N who="0" m="42538" /><D68/><U36/><E121/><V88/><F112/><W51/><G0/><T114/><D104/><U135/><E135/><V62/><F134/><W58/><G113/><T131/><D114/><U14/><E39/><N who="0" m="14857" /><D131/><U81/><E36/><V15/><F126/><W2/><G2/><T27/><D87/><U33/><E33/><V129/><F11/><W49/><G65/><T63/><D63/><U72/><E73/><V93/><F129/><W132/><G132/><T99/><D99/><U90/><E103/><V66/><F62/><W124/><G124/><T96/><D96/><U82/><E91/><V59/><F31/><N who="0" m="11786" /><D50/><N who="1" m="30839" /><E72/><V109/><F109/><W53/><G95/><T123/><D123/><U35/><E35/><V107/><F107/><W128/><G128/><T77/><D77/><U6/><E83/><V122/><F122/><W47/><G74/><T89/><D89/><U133/><E133/><V67/><F67/><W78/><G80/><T23/><D27/><U100/><E100/><V1/><F1/><W71/><G78/><T41/><D41/><U16/><AGARI ba="0,0" hai="4,5,6,14,16,21,81,82,86,90,92" m="30839" machi="16" ten="30,4000,0" yaku="25,1,8,1,54,1" doraHai="26" who="1" fromWho="1" sc="233,-20,215,40,396,-10,156,-10" /><INIT seed="5,0,0,3,5,68" ten="213,255,386,146" oya="1" hai0="58,23,121,59,69,3,57,89,115,2,82,102,134" hai1="106,41,35,97,60,132,88,5,49,36,8,62,114" hai2="73,120,92,112,20,47,1,33,122,16,14,38,34" hai3="125,75,65,98,72,94,31,118,105,46,107,76,22"/><U93/><E35/><V6/><F92/><W44/><G65/><T129/><D69/><U95/><E106/><V79/><F112/><W11/><G11/><T24/><D129/><U26/><E132/><V12/><F12/><W43/><G125/><T30/><D121/><U37/><E114/><V99/><F99/><W119/><G46/><T15/><D134/><U74/><E74/><V70/><F70/><W80/><G75/><T64/><D102/><U135/><E135/><V0/><F0/><W61/><G61/><T51/><D64/><U50/><E26/><V104/><F104/><W116/><G22/><T28/><D28/><U113/><E113/><V101/><F101/><W130/><G31/><T17/><D51/><U126/><E126/><V53/><F53/><W9/><G9/><T123/><D123/><U78/><E78/><V56/><F56/><W77/><G76/><T42/><D42/><U66/><E95/><V124/><F124/><W86/><G72/><T110/><D110/><U108/><E108/><V96/><F96/><W32/><G32/><T13/><D13/><U91/><E91/><V7/><F7/><W71/><G71/><T18/><D18/><U4/><E5/><V81/><F120/><W54/><G54/><T117/><D115/><U109/><E109/><V39/><F39/><N who="1" m="14921" /><E41/><N who="2" m="22967" /><F122/><W25/><G130/><T45/><D45/><U131/><E131/><V83/><F83/><W127/><G127/><T67/><D67/><U128/><E128/><V27/><F27/><W133/><G133/><T100/><D24/><U40/><E66/><V87/><F73/><RYUUKYOKU ba="0,0" sc="213,-10,255,-10,386,30,146,-10" hai2="1,6,14,16,20,33,34,79,81,87" /><INIT seed="6,1,0,1,3,70" ten="203,245,416,136" oya="2" hai0="130,122,91,37,89,124,119,134,15,48,106,71,72" hai1="47,17,74,40,2,113,39,32,103,131,132,128,75" hai2="80,95,90,50,62,4,126,111,26,45,60,5,67" hai3="88,65,127,68,123,13,34,16,105,11,116,33,135"/><V120/><F120/><W56/><G123/><T18/><RYUUKYOKU type="yao9" ba="1,0" sc="203,0,245,0,416,0,136,0" hai0="15,18,37,48,71,72,89,91,106,119,122,124,130,134" /><INIT seed="6,2,0,2,5,46" ten="203,245,416,136" oya="2" hai0="51,84,39,9,85,63,89,110,11,75,50,123,122" hai1="95,27,5,106,66,36,64,127,76,35,93,43,79" hai2="91,13,61,133,52,58,28,22,26,59,34,128,25" hai3="112,68,69,2,113,111,48,134,56,29,132,74,6"/><V104/><F133/><N who="3" m="51307" /><G29/><T44/><D75/><U16/><E106/><V45/><F128/><W40/><G74/><T3/><D110/><U135/><E5/><V71/><F104/><W81/><G81/><T67/><D39/><U118/><E36/><V78/><F71/><N who="3" m="27211" /><G111/><T7/><D11/><U20/><E118/><V17/><F78/><N who="1" m="29737" /><E35/><V42/><F59/><W19/><G19/><T87/><D89/><U83/><E127/><V15/><REACH who="2" step="1"/><F91/><REACH who="2" ten="203,245,406,136" step="2"/><W120/><G120/><T37/><D122/><U105/><E105/><V108/><F108/><W33/><G33/><T121/><D123/><U10/><E135/><V116/><F116/><W60/><G2/><T57/><D121/><U88/><E88/><V70/><F70/><W14/><G6/><T100/><D100/><U124/><E124/><V32/><F32/><W49/><G14/><T18/><D3/><U129/><E129/><V98/><F98/><W62/><G40/><T94/><D7/><U130/><E43/><V80/><F80/><W65/><G62/><T54/><D94/><U24/><E95/><V12/><F12/><W55/><G49/><AGARI ba="2,1" hai="13,15,17,22,25,26,28,34,42,45,49,52,58,61" machi="49" ten="30,12000,1" yaku="1,1,7,1,52,1,54,1,53,1" doraHai="46" doraHaiUra="47" who="2" fromWho="3" sc="203,0,245,0,406,136,136,-126" /><INIT seed="6,3,0,3,2,20" ten="203,245,542,10" oya="2" hai0="64,106,45,131,65,80,77,89,132,110,30,56,5" hai1="51,67,58,48,44,32,14,47,87,117,118,55,34" hai2="119,54,63,2,33,40,70,84,122,82,18,104,130" hai3="68,128,61,116,79,124,0,107,16,31,6,115,10"/><V62/><F104/><W129/><G107/><T36/><D110/><U105/><E105/><V19/><F2/><W94/><G79/><T13/><D131/><N who="3" m="50249" /><G94/><T97/><D30/><U1/><E1/><V86/><F119/><W73/><G73/><T41/><D132/><U38/><E14/><V75/><F122/><W92/><G92/><T71/><D56/><U66/><E87/><V50/><F75/><W43/><G43/><T53/><D53/><N who="1" m="29951" /><E34/><V76/><F33/><W99/><G99/><T4/><D89/><U95/><E32/><V109/><F40/><W103/><G116/><N who="1" m="44650" /><E95/><V133/><F133/><W96/><G115/><T29/><D29/><U28/><E28/><V21/><F70/><W35/><G61/><T85/><D13/><U112/><E112/><V135/><F109/><W125/><G68/><T22/><D22/><U91/><E91/><V42/><F42/><AGARI ba="3,0" hai="38,42,44,48,55,58,66,67" m="44650,29951" machi="42" ten="30,2000,0" yaku="34,2" doraHai="20" who="1" fromWho="2" sc="203,0,245,29,542,-29,10,0" /><INIT seed="7,0,0,1,1,88" ten="203,274,513,10" oya="3" hai0="82,93,37,17,20,107,47,48,115,130,70,116,53" hai1="84,96,1,83,132,111,109,120,38,19,29,124,112" hai2="123,7,18,101,43,40,57,34,26,110,55,68,79" hai3="89,65,74,86,90,9,76,45,118,42,21,15,44"/><W73/><G118/><T108/><D108/><U135/><E29/><V94/><F68/><W121/><G121/><T6/><D107/><U72/><E19/><V0/><F110/><N who="1" m="41993" /><E38/><V4/><F79/><W75/><G65/><T122/><D116/><U33/><E1/><V104/><F104/><W14/><G21/><T62/><D122/><U23/><E33/><V25/><F25/><W46/><G42/><T119/><D119/><U128/><E124/><V77/><F77/><W113/><G113/><T52/><D6/><N who="2" m="2090" /><F0/><W125/><G125/><T2/><D2/><U91/><E23/><N who="2" m="13687" /><F34/><W58/><G58/><T66/><D130/><U106/><E112/><V80/><F80/><W117/><G117/><T134/><D82/><U102/><E120/><V39/><F39/><W11/><G86/><T3/><D3/><U49/><E49/><N who="2" m="30959" /><F123/><W133/><G76/><T16/><D17/><U35/><E35/><V129/><F129/><W81/><G81/><T95/><D37/><U126/><E126/><V99/><AGARI ba="0,0" hai="40,43,94,99,101" m="30959,13687,2090" machi="99" ten="30,2000,0" yaku="8,1,52,1" doraHai="88" who="2" fromWho="2" sc="203,-5,274,-5,513,20,10,-10" owari="198,-20.2,269,6.9,533,63.3,0,-50.0" /></mjloggm>