<mjloggm ver="2.3"><GO type="41" lobby="0"/><UN n0="%E3%81%AD%E3%81%93%E3%81%AD%E3%81%93%E3%81%AD" n1="%E2%93%9D%4C%75%63%6B%79%4A" n2="%E3%81%A8%E3%83%BC%E3%82%8B%E3%81%A1%E3%82%83%E3%82%93" n3="%E5%97%85%E8%A6%9A%E9%9B%80%E5%A3%AB" dan="13,18,14,15" rate="1885.04,2206.51,1990.53,2008.08" sx="F,M,M,M"/><TAIKYOKU oya="0"/><INIT seed="0,0,0,0,3,39" ten="250,250,250,250" oya="0" hai0="41,122,1,50,103,15,105,17,30,7,127,64,66" hai1="53,124,100,117,47,131,126,83,75,96,4,108,115" hai2="134,6,78,87,76,128,18,63,89,2,40,93,13" hai3="55,9,61,118,31,82,10,35,3,135,111,72,81"/><T77/><D122/><U132/><E4/><V58/><F128/><W112/><G112/><T20/><D77/><N who="1" m="44479" /><E53/><V45/><F134/><W71/><G135/><T49/><D30/><U38/><E132/><V85/><F6/><W74/><G118/><T79/><D79/><U130/><E47/><V28/><F28/><W62/><G55/><T97/><D127/><N who="1" m="48683" /><E38/><V59/><F2/><W68/><G31/><T106/><D105/><N who="1" m="63623" /><E117/><V22/><F58/><W26/><G26/><T44/><REACH who="0" step="1"/><D50/><REACH who="0" ten="240,250,250,250" step="2"/><U34/><E115/><V67/><REACH who="2" step="1"/><F87/><REACH who="2" ten="240,250,240,250" step="2"/><W54/><G74/><T114/><D114/><U113/><E113/><V80/><F80/><W120/><G72/><T37/><D37/><AGARI ba="0,2" hai="13,18,22,37,40,45,59,63,67,76,78,85,89,93" machi="37" ten="30,3900,0" yaku="1,1,7,1,52,1,53,0" doraHai="39" doraHaiUra="109" who="2" fromWho="0" sc="240,-39,250,0,240,59,250,0" /><INIT seed="1,0,0,2,1,73" ten="201,250,299,250" oya="1" hai0="52,11,130,18,118,7,45,91,35,83,48,16,133" hai1="78,10,53,58,81,26,117,29,106,25,44,67,77" hai2="38,63,66,46,57,85,47,13,109,62,22,113,49" hai3="108,21,120,30,128,55,132,39,8,110,98,104,71"/><U100/><E117/><V74/><F74/><W87/><G120/><T99/><D133/><U4/><E67/><V86/><F113/><W59/><G71/><T125/><D125/><U95/><E106/><V20/><F38/><W12/><G39/><T105/><D130/><U119/><E119/><V129/><F129/><W92/><G128/><T27/><D118/><U115/><E115/><V37/><F37/><W135/><G104/><T116/><D116/><U60/><E81/><V64/><F109/><N who="3" m="42091" /><G21/><T107/><D107/><U97/><E44/><V112/><F112/><W68/><G87/><T123/><D123/><U102/><E102/><V34/><F34/><W1/><G30/><T65/><D65/><U75/><E75/><V42/><F47/><W101/><G1/><T43/><D43/><U134/><E134/><V121/><F121/><W36/><G36/><T17/><D35/><U50/><E60/><V5/><F20/><W103/><G103/><T84/><D27/><U23/><REACH who="1" step="1"/><E26/><REACH who="1" ten="201,240,299,250" step="2"/><V126/><F126/><W32/><G135/><T19/><N who="0" m="4096" /><DORA hai="94" /><T0/><REACH who="0" step="1"/><D105/><REACH who="0" ten="191,240,299,250" step="2"/><U14/><AGARI ba="0,2" hai="4,10,14,23,25,29,50,53,58,77,78,95,97,100" machi="14" ten="20,24000,3" yaku="1,1,0,1,7,1,8,1,52,3,53,1" doraHai="73,94" doraHaiUra="131,24" who="1" fromWho="1" sc="191,-80,240,260,299,-80,250,-80" /><INIT seed="1,1,0,1,1,27" ten="111,500,219,170" oya="1" hai0="101,1,2,5,42,21,69,61,67,39,135,90,94" hai1="51,45,129,24,82,19,37,114,70,91,104,103,105" hai2="25,77,112,75,16,134,128,65,93,85,119,58,56" hai3="35,87,80,57,95,47,12,92,84,14,81,68,26"/><U97/><E114/><V6/><F119/><W59/><G68/><T108/><D108/><U123/><E123/><V122/><F122/><W131/><G47/><T28/><D135/><U116/><E116/><V41/><F75/><W106/><G106/><T53/><D5/><U117/><E70/><V113/><F6/><W32/><REACH who="3" step="1"/><G26/><REACH who="3" ten="111,500,219,160" step="2"/><T33/><D69/><U10/><E24/><V88/><F113/><W102/><G102/><T125/><D101/><U132/><E103/><V50/><F112/><W130/><AGARI ba="1,1" hai="12,14,32,35,57,59,80,81,84,87,92,95,130,131" machi="130" ten="25,12000,2" yaku="1,1,0,1,22,2,53,2" doraHai="27" doraHaiUra="11" who="3" fromWho="3" sc="111,-31,500,-61,219,-31,160,133" /><INIT seed="2,0,0,4,2,8" ten="80,439,188,293" oya="2" hai0="122,80,49,82,10,77,57,105,0,51,72,36,11" hai1="112,30,74,23,107,44,128,58,55,103,79,73,110" hai2="47,54,25,15,46,63,6,70,99,16,71,132,123" hai3="104,60,113,34,38,37,102,92,40,17,7,13,98"/><V116/><F116/><W35/><G113/><T52/><D36/><U118/><E112/><V106/><F123/><W53/><G7/><T59/><D105/><U18/><E30/><V87/><F132/><W4/><G4/><T56/><D122/><U83/><E110/><V14/><F87/><W28/><G104/><T31/><D31/><U21/><E128/><V85/><F85/><W9/><G28/><T93/><D93/><U86/><E44/><V33/><F6/><W120/><G120/><T39/><D39/><U111/><E23/><V101/><F33/><W126/><G126/><T20/><D20/><U12/><E111/><V117/><F117/><W119/><G119/><T130/><D130/><U84/><E118/><V50/><F46/><W75/><G75/><T27/><D27/><U5/><E74/><V65/><REACH who="2" step="1"/><F70/><REACH who="2" ten="80,439,178,293" step="2"/><W64/><G35/><T1/><D72/><U81/><E5/><V29/><F29/><W100/><G34/><T127/><D127/><U91/><E73/><V45/><F45/><W32/><G32/><T48/><D77/><U19/><E79/><V22/><AGARI ba="0,1" hai="14,15,16,22,25,47,50,54,63,65,71,99,101,106" machi="22" ten="30,12000,1" yaku="1,1,0,1,52,2,54,1,53,0" doraHai="8" doraHaiUra="133" who="2" fromWho="2" sc="80,-40,439,-40,178,130,293,-40" /><INIT seed="2,1,0,0,4,21" ten="40,399,308,253" oya="2" hai0="86,23,18,94,30,129,31,54,42,132,102,126,3" hai1="110,105,41,116,32,133,109,77,115,112,90,119,104" hai2="55,26,60,127,27,6,83,12,39,47,49,111,74" hai3="0,52,59,8,13,101,85,20,98,96,51,17,35"/><V69/><F127/><W88/><G35/><T121/><D121/><U40/><E32/><V72/><F39/><W64/><G64/><T125/><D3/><U122/><E77/><V11/><F111/><N who="1" m="42505" /><E90/><V100/><F100/><W5/><REACH who="3" step="1"/><G101/><REACH who="3" ten="40,399,308,243" step="2"/><T75/><D126/><U37/><E122/><V108/><F108/><W45/><G45/><T10/><D125/><U34/><E34/><V95/><F95/><AGARI ba="1,1" hai="0,5,8,13,17,20,51,52,59,85,88,95,96,98" machi="95" ten="30,12000,2" yaku="1,1,7,1,25,2,54,2,53,1" doraHai="21" doraHaiUra="14" who="3" fromWho="2" sc="40,0,399,0,308,-123,243,133" /><INIT seed="3,0,0,3,2,50" ten="40,399,185,376" oya="3" hai0="131,60,126,25,68,36,81,3,26,75,5,112,31" hai1="107,95,71,51,102,4,121,117,9,2,115,39,77" hai2="56,44,12,6,119,41,72,128,133,100,61,94,74" hai3="122,0,57,19,120,110,125,29,98,59,37,90,87"/><W111/><G125/><T123/><D123/><U134/><E39/><V118/><F133/><W103/><G37/><T130/><D126/><U63/><E115/><V109/><F128/><W79/><G79/><T20/><D26/><U10/><E10/><V53/><F109/><N who="3" m="41483" /><G0/><T69/><D112/><U135/><E77/><V73/><F100/><W65/><G19/><T91/><D91/><U7/><E7/><V105/><F105/><N who="3" m="63735" /><G29/><T1/><D36/><U43/><E4/><V97/><F12/><W49/><G65/><T32/><D20/><U108/><E2/><N who="0" m="521" /><D5/><U30/><E30/><V46/><F6/><W64/><G59/><T96/><D96/><U93/><E108/><V33/><F33/><W23/><G23/><T129/><D60/><U45/><E63/><V34/><F34/><W55/><G64/><T70/><D81/><AGARI ba="0,0" hai="49,55,57,81,87,90,120,122" m="63735,41483" machi="81" ten="30,5800,0" yaku="14,1,10,1,52,1" doraHai="50" who="3" fromWho="0" sc="40,-58,399,0,185,0,376,58" owari="-18,-51.8,399,19.9,185,-21.5,434,53.4" /></mjloggm>