<mjloggm ver="2.3"><GO type="41" lobby="0"/><UN n0="%E6%A5%93%E7%9C%9F" n1="%E3%81%95%E3%81%8F%E3%82%89%E3%82%82%E3%82%82%E3%81%95%E3%81%8F" n2="%7A%76%77%35%31" n3="%E2%93%9D%4C%75%63%6B%79%4A" dan="16,14,14,18" rate="2020.16,1927.00,1949.98,2197.06" sx="F,M,M,M"/><TAIKYOKU oya="0"/><INIT seed="0,0,0,1,5,88" ten="250,250,250,250" oya="0" hai0="99,129,98,11,79,41,80,83,47,21,109,56,29" hai1="55,3,108,81,121,50,124,62,113,57,65,32,44" hai2="111,52,76,103,127,94,59,69,63,116,74,86,119" hai3="18,96,68,53,40,104,122,43,45,89,13,128,106"/><T84/><D129/><U7/><E32/><V1/><F1/><W42/><G68/><T135/><D135/><U8/><E121/><V19/><F69/><W54/><G128/><T64/><D109/><U71/><E108/><V75/><F111/><W115/><G115/><T33/><D33/><U14/><E124/><V95/><F127/><W91/><G122/><T34/><D34/><U90/><E113/><V30/><F30/><W60/><G60/><N who="0" m="37895" /><D11/><U27/><E27/><V107/><F107/><W70/><G70/><T72/><D72/><N who="2" m="27690" /><F103/><W77/><G77/><T5/><D5/><U92/><E81/><N who="2" m="47399" /><F19/><W0/><G0/><T82/><D82/><U35/><E35/><V51/><F63/><W67/><G67/><T123/><D123/><U97/><REACH who="1" step="1"/><E71/><REACH who="1" ten="250,240,250,250" step="2"/><V10/><F10/><W22/><G22/><T66/><D80/><U73/><E73/><V58/><F58/><W110/><G110/><T9/><D9/><U31/><E31/><V120/><F120/><W2/><G18/><T117/><D29/><U16/><E16/><V105/><F105/><W37/><G106/><T93/><D21/><U4/><E4/><V25/><F25/><W114/><G114/><T87/><D83/><U134/><E134/><V6/><F6/><W48/><G104/><T15/><D79/><U133/><E133/><V118/><AGARI ba="0,1" hai="51,52,59,94,95,116,118,119" m="47399,27690" machi="118" ten="40,8000,1" yaku="12,1,52,2,54,1" doraHai="88" who="2" fromWho="2" sc="250,-40,240,-20,250,90,250,-20" /><INIT seed="1,0,0,2,0,41" ten="210,220,340,230" oya="1" hai0="135,44,65,23,81,24,106,82,111,124,127,66,73" hai1="2,30,95,40,42,14,9,75,28,56,89,87,17" hai2="104,74,22,68,29,43,33,70,10,5,105,100,20" hai3="98,99,101,120,51,55,129,26,54,123,94,13,92"/><U50/><E75/><V112/><F74/><W38/><G38/><T93/><D106/><U34/><E2/><V117/><F117/><W108/><G108/><T36/><D111/><U7/><E34/><V6/><F112/><W0/><G0/><T31/><D135/><U8/><E40/><V25/><F33/><W64/><G64/><T134/><D134/><U27/><E8/><V119/><F119/><W116/><G116/><T76/><D82/><U133/><E133/><V69/><F5/><W39/><G39/><T49/><D36/><U118/><E118/><V18/><F100/><W80/><G26/><T91/><D127/><U110/><E110/><V52/><F43/><W1/><G1/><T109/><D109/><U3/><E3/><V4/><F6/><W90/><G129/><T114/><D124/><U45/><REACH who="1" step="1"/><E56/><REACH who="1" ten="210,210,340,230" step="2"/><V19/><F10/><W78/><G123/><T79/><D114/><U97/><E97/><V115/><F115/><W122/><G122/><T47/><D73/><U61/><E61/><V60/><F60/><W11/><G120/><T37/><D37/><U72/><E72/><V84/><F70/><W48/><G51/><T53/><D49/><U132/><E132/><V107/><F69/><W67/><G48/><T121/><D121/><U57/><E57/><V125/><F68/><W59/><G59/><T130/><D130/><U15/><E15/><V32/><F125/><W63/><G13/><T46/><D24/><U113/><E113/><V12/><F25/><W77/><G63/><T103/><D23/><AGARI ba="0,1" hai="7,9,14,17,23,27,28,30,42,45,50,87,89,95" machi="23" ten="40,7700,0" yaku="1,1,8,1,52,1,53,0" doraHai="41" doraHaiUra="128" who="1" fromWho="0" sc="210,-77,210,87,340,0,230,0" /><INIT seed="1,1,0,5,0,11" ten="133,297,340,230" oya="1" hai0="94,87,134,56,92,63,1,117,132,2,20,22,17" hai1="77,95,135,31,85,121,59,109,4,45,47,104,30" hai2="112,129,102,18,38,97,91,86,36,68,131,106,120" hai3="115,39,51,33,122,35,0,114,69,32,43,118,108"/><U13/><E121/><V127/><F120/><W5/><G122/><T72/><D72/><U133/><E104/><V100/><F68/><W42/><G51/><T25/><D117/><U55/><E109/><V124/><F102/><W60/><G108/><T48/><D48/><U64/><E64/><V123/><F123/><W66/><G43/><T111/><D111/><U27/><E31/><V83/><F18/><W15/><G15/><T58/><D87/><U98/><E85/><V46/><F46/><N who="3" m="23903" /><G118/><T103/><D103/><U84/><E84/><V82/><F38/><W28/><G28/><T52/><D56/><U78/><E47/><V65/><F65/><W23/><G23/><T70/><D70/><U88/><E45/><V119/><F36/><W7/><G7/><T81/><D81/><U105/><E105/><V50/><F50/><W110/><G110/><T90/><D20/><N who="1" m="15719" /><E133/><N who="0" m="51305" /><D90/><U96/><E96/><V12/><F12/><W99/><G99/><T57/><D57/><U107/><E107/><V75/><F119/><W9/><AGARI ba="1,0" hai="0,5,9,32,33,35,60,66,69,114,115" m="23903" machi="9" ten="40,1500,0" yaku="23,1" doraHai="11" who="3" fromWho="3" sc="133,-5,297,-8,340,-5,230,18" /><INIT seed="2,0,0,4,5,128" ten="128,289,335,248" oya="2" hai0="3,10,86,23,12,4,32,19,65,46,9,62,58" hai1="133,16,41,76,114,53,22,117,57,31,116,106,39" hai2="17,87,119,15,18,90,118,25,121,52,92,105,59" hai3="101,98,60,95,134,8,82,79,48,81,100,28,11"/><V37/><F105/><W74/><G28/><T70/><D32/><U78/><E114/><V124/><F37/><W20/><G20/><T30/><D46/><U110/><E106/><V72/><F72/><W68/><G48/><T122/><D122/><U54/><E110/><V69/><F69/><W94/><G68/><T51/><D86/><U103/><E31/><V5/><F121/><W127/><G60/><T47/><D70/><U13/><E103/><V135/><F124/><W88/><G11/><T96/><D96/><U77/><E133/><V107/><F135/><W112/><G8/><T35/><D9/><U49/><E39/><V111/><F107/><W6/><G6/><T84/><D84/><U42/><REACH who="1" step="1"/><E53/><REACH who="1" ten="128,279,335,248" step="2"/><V131/><F111/><W21/><G112/><T129/><D129/><U63/><E63/><V80/><F131/><W91/><G134/><T27/><D47/><U43/><AGARI ba="0,1" hai="13,16,22,41,42,43,49,54,57,76,77,78,116,117" machi="43" ten="30,4000,0" yaku="1,1,0,1,54,1,53,0" doraHai="128" doraHaiUra="109" who="1" fromWho="1" sc="128,-10,279,50,335,-20,248,-10" /><INIT seed="3,0,0,0,4,74" ten="118,329,315,238" oya="3" hai0="45,44,130,21,85,129,108,52,56,89,11,84,77" hai1="104,116,2,34,95,91,50,115,120,60,6,28,93" hai2="63,54,12,15,127,68,119,101,10,1,98,71,133" hai3="75,9,42,19,94,41,72,96,134,48,99,58,7"/><W0/><G134/><T39/><D108/><U79/><E115/><V80/><F133/><W53/><G99/><T37/><D11/><U110/><E120/><V135/><F135/><W105/><G105/><T23/><D89/><U66/><E110/><V107/><F119/><W3/><G3/><T131/><D56/><U16/><E104/><V113/><F113/><W55/><G55/><T86/><D77/><U64/><E116/><V125/><F1/><W88/><REACH who="3" step="1"/><G19/><REACH who="3" ten="118,329,315,228" step="2"/><T36/><REACH who="0" step="1"/><D52/><REACH who="0" ten="108,329,315,228" step="2"/><U47/><E66/><V8/><F54/><W117/><G117/><T123/><D123/><U111/><E111/><V118/><F118/><W109/><G109/><T20/><AGARI ba="0,2" hai="20,21,23,36,37,39,44,45,84,85,86,129,130,131" machi="20" ten="50,32000,5" yakuman="40" doraHai="74" doraHaiUra="62" who="0" fromWho="0" sc="108,340,329,-80,315,-80,228,-160" /><INIT seed="4,0,0,4,3,50" ten="448,249,235,68" oya="0" hai0="28,112,89,13,70,7,66,53,27,63,127,129,4" hai1="133,24,108,65,126,56,20,21,83,52,42,6,84" hai2="58,87,124,9,45,72,80,78,121,36,16,123,76" hai3="86,30,17,40,88,25,93,35,32,10,64,34,132"/><T117/><D117/><U43/><E108/><V48/><F124/><W68/><G132/><T23/><D127/><U90/><E126/><V51/><F36/><W59/><G68/><T47/><D112/><U12/><E133/><V128/><F128/><W14/><G64/><T97/><D129/><U5/><E65/><V26/><F123/><W54/><REACH who="3" step="1"/><G40/><REACH who="3" ten="448,249,235,58" step="2"/><T74/><D70/><U19/><E43/><V41/><F121/><W61/><AGARI ba="0,1" hai="10,14,17,25,30,32,34,35,54,59,61,86,88,93" machi="61" ten="20,12000,2" yaku="1,1,2,1,0,1,7,1,52,1,54,1,53,0" doraHai="50" doraHaiUra="114" who="3" fromWho="3" sc="448,-60,249,-30,235,-30,58,130" /><INIT seed="5,0,0,5,4,23" ten="388,219,205,188" oya="1" hai0="4,13,77,33,37,58,30,78,11,43,124,83,75" hai1="112,103,98,84,7,71,2,16,130,42,135,123,128" hai2="53,20,54,0,45,94,99,105,125,17,129,119,89" hai3="118,34,117,106,76,116,29,72,101,131,104,35,21"/><U57/><E123/><V12/><F0/><W39/><G101/><T66/><D124/><U73/><E71/><V85/><F125/><W126/><G126/><T90/><D77/><U122/><E122/><V74/><F74/><W48/><G48/><T24/><D90/><U87/><E73/><V96/><F119/><W60/><G60/><T47/><D58/><U133/><E112/><V108/><F108/><W51/><G51/><T91/><D91/><U93/><E42/><V102/><F129/><N who="1" m="49769" /><E57/><V40/><REACH who="2" step="1"/><F99/><REACH who="2" ten="388,219,195,188" step="2"/><W82/><G131/><T81/><D81/><U6/><E2/><V95/><F95/><W65/><G118/><T63/><D83/><U15/><E87/><V25/><F25/><W14/><G117/><T67/><D75/><U134/><E84/><V61/><F61/><W56/><G72/><T68/><D63/><U111/><E111/><V88/><F88/><W100/><G116/><T18/><D78/><U69/><E69/><V9/><F9/><AGARI ba="0,1" hai="6,7,9,15,16,93,98,103,133,134,135" m="49769" machi="9" ten="40,7700,0" yaku="20,1,19,1,54,1" doraHai="23" who="1" fromWho="2" sc="388,0,219,87,195,-77,188,0" /><INIT seed="5,1,0,2,0,124" ten="388,306,118,188" oya="1" hai0="13,114,43,69,28,61,116,38,117,4,60,6,29" hai1="37,45,129,113,51,55,53,41,34,128,106,32,94" hai2="91,120,1,18,66,15,54,33,42,132,115,103,79" hai3="11,30,72,52,56,126,46,98,25,80,48,19,104"/><U26/><E106/><V74/><F1/><W81/><G126/><T70/><D43/><U64/><E113/><V97/><F33/><W39/><G72/><T131/><D13/><U96/><E64/><V86/><F120/><W59/><G39/><T16/><D16/><U85/><E85/><V44/><F115/><W107/><G107/><T73/><D73/><U84/><E84/><V111/><F111/><W93/><G104/><T108/><D38/><U112/><E112/><V10/><F132/><W9/><G81/><T21/><D21/><U71/><E71/><N who="0" m="27145" /><D114/><U27/><E55/><V23/><F66/><W35/><G80/><T36/><D36/><U78/><E78/><V49/><F79/><W7/><G19/><T110/><D110/><U121/><E121/><V8/><F74/><W83/><G83/><T77/><D77/><U76/><E76/><V135/><F135/><W100/><REACH who="3" step="1"/><G11/><REACH who="3" ten="388,306,118,178" step="2"/><T127/><D127/><U0/><E34/><V17/><F10/><W101/><G101/><T65/><D108/><U5/><E32/><V88/><F86/><W57/><G57/><T130/><D29/><U31/><E31/><V92/><REACH who="2" step="1"/><F42/><REACH who="2" ten="388,306,108,178" step="2"/><W122/><G122/><T133/><D133/><U63/><E0/><AGARI ba="1,2" hai="0,7,9,25,30,35,46,48,52,56,59,93,98,100" machi="0" ten="30,3900,0" yaku="1,1,7,1,54,1,53,0" doraHai="124" doraHaiUra="62" who="3" fromWho="1" sc="388,0,306,-42,108,0,178,62" /><INIT seed="6,0,0,3,2,132" ten="388,264,108,240" oya="2" hai0="88,100,49,36,70,32,86,5,10,47,75,107,3" hai1="90,115,4,73,23,127,28,61,67,117,8,116,38" hai2="41,13,130,105,135,53,46,9,37,82,43,118,122" hai3="45,55,96,112,104,20,62,2,97,134,7,81,85"/><V57/><F105/><W120/><G120/><T102/><D75/><U110/><E110/><V79/><F122/><W25/><G134/><T14/><D36/><U119/><E73/><V56/><F135/><W87/><G2/><T52/><D32/><U44/><E115/><V31/><F118/><W64/><G7/><T26/><D70/><U42/><E90/><V124/><F130/><W19/><G87/><T60/><D107/><U58/><E23/><V11/><F43/><W125/><G125/><T93/><D26/><U77/><E77/><V27/><F124/><W91/><G104/><T35/><D35/><U128/><E28/><V0/><F0/><W71/><G112/><T16/><D60/><U33/><E33/><V24/><F11/><AGARI ba="0,0" hai="3,5,10,11,14,16,47,49,52,86,88,93,100,102" machi="11" ten="30,7700,0" yaku="7,1,54,3" doraHai="132" who="0" fromWho="2" sc="388,77,264,0,108,-77,240,0" /><INIT seed="7,0,0,2,1,46" ten="465,264,31,240" oya="3" hai0="85,80,63,37,127,40,82,23,61,128,60,44,35" hai1="77,73,22,71,0,72,13,134,55,111,29,78,59" hai2="104,97,130,135,10,26,94,95,88,83,28,101,108" hai3="91,115,79,66,89,20,118,126,92,116,30,41,99"/><W65/><BYE who="2" /><G126/><T49/><D35/><U124/><E111/><V33/><F33/><W87/><G115/><T112/><D127/><U14/><E124/><V9/><F9/><W123/><G123/><T34/><D34/><U74/><E71/><V129/><F129/><W47/><G79/><T133/><D128/><U50/><E0/><V45/><F45/><W120/><G120/><T19/><D112/><U131/><E131/><V56/><F56/><W70/><G70/><T39/><D133/><U62/><E134/><V110/><F110/><W53/><G53/><T31/><D31/><U36/><E36/><V16/><F16/><W86/><G118/><T32/><D32/><U68/><E13/><V98/><F98/><W81/><G116/><T54/><D80/><U109/><E109/><V27/><F27/><W7/><G7/><T96/><D96/><U52/><E68/><V125/><F125/><W76/><G30/><T107/><D107/><U43/><E43/><V114/><F114/><W42/><G20/><T25/><D40/><N who="3" m="15465" /><G47/><T64/><D64/><N who="3" m="24681" /><G87/><T113/><D113/><U69/><E69/><V106/><F106/><W15/><G15/><T105/><D105/><U102/><E102/><V24/><F24/><W117/><G117/><T6/><REACH who="0" step="1"/><D6/><REACH who="0" ten="455,264,31,240" step="2"/><U3/><E29/><V100/><F100/><W58/><G58/><T48/><D48/><U122/><E122/><V4/><F4/><W38/><G38/><T119/><D119/><U8/><E3/><V51/><F51/><W57/><G57/><T17/><D17/><N who="1" m="10551" /><E8/><V11/><F11/><W67/><G67/><RYUUKYOKU ba="0,1" sc="455,10,264,10,31,-30,240,10" hai0="19,23,25,37,39,44,49,54,60,61,63,82,85" hai1="50,52,55,59,62,72,73,74,77,78" hai3="76,81,86,89,91,92,99" /><INIT seed="7,1,1,3,5,4" ten="465,274,1,250" oya="3" hai0="110,109,65,113,102,35,105,94,38,99,39,60,47" hai1="25,69,91,73,80,85,86,117,49,97,116,112,119" hai2="11,3,26,59,22,124,121,43,51,76,88,101,9" hai3="63,41,79,6,115,81,2,75,56,123,71,7,108"/><W18/><G123/><T122/><D122/><U84/><E69/><V131/><F131/><W82/><G71/><T66/><D66/><U120/><E49/><V74/><F74/><W12/><G2/><T90/><D35/><U1/><E1/><V50/><F50/><W126/><G126/><T96/><D113/><U57/><E57/><V23/><F23/><W89/><G115/><T48/><D109/><U46/><E46/><V64/><F64/><W62/><G108/><T132/><D132/><U13/><E25/><V134/><F134/><W135/><G41/><T130/><D130/><U16/><E120/><V37/><F37/><W0/><G0/><T61/><D61/><U98/><E112/><V129/><F129/><W72/><G135/><T55/><D110/><U24/><E24/><V54/><F54/><W20/><G63/><T53/><D53/><U15/><E15/><V103/><F103/><W29/><G29/><T31/><D31/><U45/><E45/><V111/><F111/><W67/><G89/><T68/><AGARI ba="1,1" hai="38,39,47,48,55,60,65,68,90,94,96,99,102,105" machi="68" ten="20,1500,0" yaku="0,1,7,1" doraHai="4" who="0" fromWho="0" sc="465,28,274,-5,1,-5,250,-8" owari="493,59.3,269,6.9,-4,-50.4,242,-15.8" /></mjloggm>