<mjloggm ver="2.3"><GO type="41" lobby="0"/><UN n0="%E3%81%B1%E3%81%A1%E3%81%B1%E3%81%A1%E3%81%B0%E3%82%84%E3%81%A1" n1="%E3%81%82%E3%81%AF%E3%82%82" n2="%E7%8C%9B%E5%8F%8D%E7%99%BA%E3%81%BE%E3%81%8F%E3%82%89" n3="%E2%93%9D%4C%75%63%6B%79%4A" dan="15,15,15,17" rate="2037.98,1979.69,1984.42,2149.82" sx="M,M,M,M"/><TAIKYOKU oya="0"/><INIT seed="0,0,0,3,5,4" ten="250,250,250,250" oya="0" hai0="26,29,90,44,43,1,34,2,131,16,62,96,116" hai1="49,61,35,11,69,72,12,7,105,19,51,56,21" hai2="112,78,57,0,93,46,109,65,82,75,33,135,67" hai3="25,58,120,113,103,121,36,111,126,31,6,92,101"/><T20/><D131/><U66/><E72/><V9/><F112/><W47/><G113/><T125/><D125/><U98/><E35/><V3/><F109/><W37/><G58/><T108/><D116/><U70/><E70/><V110/><F110/><W123/><G111/><T68/><D108/><U133/><E133/><V76/><F135/><W83/><G83/><T39/><D68/><U104/><E69/><V80/><F33/><W117/><G117/><T59/><D90/><U84/><E84/><V42/><F93/><W100/><G6/><T10/><D96/><U99/><E99/><V106/><F106/><W13/><G13/><T128/><D10/><U73/><E73/><V77/><F77/><W132/><G126/><T119/><D128/><U17/><E17/><V30/><F30/><W97/><G47/><T91/><D91/><U134/><E134/><V41/><F57/><W95/><G132/><T45/><D45/><U115/><E115/><V38/><F46/><W86/><G86/><T40/><D40/><U28/><E28/><V79/><F79/><W14/><G14/><T71/><D71/><U81/><E81/><V130/><F130/><W63/><G63/><T5/><D5/><U124/><E124/><V15/><F75/><W85/><G85/><T114/><D114/><U22/><E22/><V107/><F107/><N who="1" m="41033" /><E98/><V64/><F38/><N who="3" m="14955" /><G97/><T8/><D119/><U74/><E74/><V129/><F129/><W18/><G18/><T24/><REACH who="0" step="1"/><D8/><REACH who="0" ten="240,250,250,250" step="2"/><U54/><E7/><V89/><F9/><W48/><G48/><N who="1" m="18506" /><E11/><V88/><F89/><W55/><G103/><RYUUKYOKU ba="0,1" sc="240,15,250,15,250,-15,250,-15" hai0="1,2,16,20,24,26,29,34,39,43,44,59,62" hai1="12,19,21,54,56,61,66" /><INIT seed="0,1,1,1,5,9" ten="255,265,235,235" oya="0" hai0="50,101,14,127,67,38,128,53,135,100,89,2,7" hai1="133,62,124,32,20,66,15,51,26,52,99,63,25" hai2="28,117,109,94,116,30,3,74,134,61,45,81,82" hai3="27,106,105,129,92,65,49,132,114,56,21,29,107"/><T42/><D2/><U112/><E124/><V0/><F109/><W122/><G114/><T55/><D127/><U104/><E133/><V71/><F94/><W5/><G132/><T24/><D135/><U57/><E112/><V48/><F134/><W75/><G75/><T31/><D38/><U119/><E119/><N who="2" m="45643" /><F61/><W17/><G5/><T98/><D128/><U130/><E130/><V35/><F71/><W90/><G129/><T87/><D67/><U34/><E63/><V110/><F110/><W70/><G122/><T77/><D77/><U131/><E131/><V96/><F96/><W113/><G70/><T37/><D42/><U73/><E73/><V102/><F102/><W91/><G113/><T16/><D7/><U33/><E104/><V85/><F74/><W79/><G79/><T6/><D6/><U118/><E99/><V60/><F60/><W93/><G65/><T88/><D37/><U97/><E97/><V23/><F23/><W95/><REACH who="3" step="1"/><G29/><REACH who="3" ten="255,265,235,225" step="2"/><T4/><D4/><U126/><E118/><V46/><F30/><W22/><G22/><N who="0" m="15767" /><D89/><U59/><REACH who="1" step="1"/><E126/><REACH who="1" ten="255,255,235,225" step="2"/><V108/><F108/><W47/><G47/><T36/><D100/><U83/><E83/><V68/><F82/><W121/><G121/><T44/><D101/><U125/><E125/><V10/><F46/><W84/><G84/><T12/><D87/><U80/><E80/><V41/><F85/><W11/><G11/><T58/><D44/><U1/><E1/><V78/><F10/><W39/><G39/><T120/><D36/><U8/><E8/><V19/><F81/><W64/><G64/><RYUUKYOKU ba="1,3" sc="255,-15,255,15,235,-15,225,15" hai1="15,20,25,26,32,33,34,51,52,57,59,62,66" hai3="17,21,27,49,56,90,91,92,93,95,105,106,107" /><INIT seed="1,2,3,0,3,35" ten="240,270,220,240" oya="1" hai0="125,94,84,130,55,104,31,79,126,24,29,110,119" hai1="33,26,105,72,50,48,113,64,61,82,91,71,96" hai2="23,58,128,131,68,116,107,88,1,93,52,90,134" hai3="108,13,114,86,43,36,106,27,19,21,54,4,14"/><U22/><E113/><V115/><F116/><W60/><G114/><T65/><D119/><U49/><E22/><V56/><F115/><W101/><G36/><T8/><D104/><U34/><E26/><V45/><F107/><W25/><G43/><T122/><D110/><U3/><E3/><V53/><F68/><W75/><G75/><T57/><D65/><U17/><E17/><V63/><F134/><W78/><G101/><T109/><D109/><U103/><REACH who="1" step="1"/><E91/><REACH who="1" ten="240,260,220,240" step="2"/><V135/><F1/><W6/><G27/><T44/><D24/><U89/><E89/><V76/><F135/><W12/><G108/><T124/><D31/><U37/><E37/><V73/><F90/><W132/><G132/><T120/><D29/><U42/><E42/><V87/><F23/><W117/><G117/><T80/><D8/><U11/><E11/><V41/><F41/><W66/><G19/><T0/><D0/><U5/><E5/><V28/><F28/><W20/><G21/><T102/><D130/><U97/><E97/><V95/><F131/><W133/><G20/><T59/><D120/><U62/><E62/><V81/><F128/><W16/><G25/><T32/><D32/><U10/><E10/><V99/><F99/><W30/><G30/><T2/><D2/><U7/><E7/><V15/><F15/><W111/><G111/><T51/><D122/><U40/><E40/><V39/><F39/><W121/><G121/><T38/><D38/><U100/><E100/><V74/><F63/><W46/><G133/><T129/><D129/><U47/><E47/><V85/><F45/><RYUUKYOKU ba="2,4" sc="240,15,260,15,220,-15,240,-15" hai0="44,51,55,57,59,79,80,84,94,102,124,125,126" hai1="33,34,48,49,50,61,64,71,72,82,96,103,105" /><INIT seed="1,3,4,1,4,47" ten="255,275,205,225" oya="1" hai0="63,90,132,4,130,27,33,87,125,75,5,29,102" hai1="45,52,31,91,123,103,30,8,85,109,84,77,76" hai2="115,34,32,6,78,92,119,72,105,13,17,16,7" hai3="35,121,135,55,60,21,42,51,104,74,14,65,129"/><U81/><E123/><V36/><F105/><W101/><G121/><T43/><D130/><U66/><E66/><V59/><F36/><W62/><G35/><T23/><D75/><U20/><E103/><V133/><F119/><W117/><G74/><T18/><D132/><U39/><E109/><V70/><F70/><W97/><G42/><T82/><D125/><U40/><E8/><V2/><F133/><W50/><G135/><T124/><D124/><U93/><E76/><V128/><F128/><W69/><G129/><T122/><D122/><U79/><E77/><V1/><F115/><W89/><G89/><T11/><D43/><U61/><REACH who="1" step="1"/><E20/><REACH who="1" ten="255,265,205,225" step="2"/><V3/><F78/><W41/><G41/><T49/><D102/><U25/><E25/><V131/><F131/><W46/><G117/><T67/><D11/><U116/><E116/><V12/><F72/><W114/><G114/><T111/><D111/><U24/><E24/><V113/><F113/><W53/><G65/><T88/><D90/><U110/><E110/><V100/><F34/><W112/><G112/><T118/><D118/><U48/><E48/><V86/><F32/><W80/><G21/><T22/><D49/><U95/><E95/><V120/><F120/><W19/><G80/><T38/><D38/><U71/><E71/><V98/><F100/><W44/><G69/><T26/><D33/><U107/><E107/><V9/><F92/><W15/><G15/><T94/><D94/><U126/><E126/><V108/><F13/><W57/><G57/><AGARI ba="3,5" hai="4,5,18,22,23,26,27,29,57,63,67,82,87,88" machi="57" ten="30,3900,0" yaku="7,1,8,1,54,1" doraHai="47" who="0" fromWho="3" sc="255,98,265,0,205,0,225,-48" /><AGARI ba="3,0" hai="30,31,39,40,45,52,57,61,79,81,84,85,91,93" machi="57" ten="40,7700,0" yaku="1,1,54,1,53,1" doraHai="47" doraHaiUra="37" who="1" fromWho="3" sc="353,0,265,77,205,0,177,-77" /><INIT seed="1,4,0,1,4,76" ten="353,342,205,100" oya="1" hai0="25,63,18,118,29,7,119,40,57,10,22,129,111" hai1="17,46,8,60,42,14,6,28,71,62,126,132,94" hai2="44,21,85,65,19,82,23,125,72,55,103,32,0" hai3="49,112,53,36,130,114,33,95,92,105,75,107,38"/><U67/><E126/><V96/><F125/><W134/><G33/><T27/><D111/><U61/><E132/><V83/><F32/><W59/><G134/><T20/><D40/><U54/><E28/><V16/><F0/><W110/><G75/><T64/><REACH who="0" step="1"/><D129/><REACH who="0" ten="343,342,205,100" step="2"/><U47/><E6/><V24/><F72/><W74/><G74/><T9/><D9/><U2/><E2/><AGARI ba="4,1" hai="2,7,10,18,20,22,25,27,29,57,63,64,118,119" machi="2" ten="30,2000,0" yaku="1,1,7,1,53,0" doraHai="76" doraHaiUra="45" who="0" fromWho="1" sc="343,42,342,-32,205,0,100,0" /><INIT seed="2,0,0,0,1,46" ten="385,310,205,100" oya="2" hai0="76,91,98,56,120,41,0,99,69,126,129,28,71" hai1="12,79,116,43,103,80,62,61,121,110,96,48,23" hai2="29,18,130,81,118,10,53,5,112,63,74,133,125" hai3="78,114,65,119,49,14,6,135,111,40,93,108,104"/><V19/><F112/><W52/><G104/><T55/><D120/><U54/><E121/><V84/><F118/><W86/><G119/><T105/><D0/><U64/><E116/><V60/><F125/><W113/><G40/><T73/><D126/><U37/><E110/><N who="3" m="42026" /><G65/><T106/><D129/><U16/><E64/><V1/><F130/><W47/><G135/><T36/><D28/><U90/><E90/><V27/><F74/><W89/><G78/><T100/><D41/><U58/><E37/><V102/><F102/><W109/><N who="3" m="42034" /><W30/><DORA hai="15" /><G30/><T45/><D45/><U66/><E43/><V88/><F133/><W131/><G131/><T57/><D36/><U21/><E21/><V59/><REACH who="2" step="1"/><F63/><REACH who="2" ten="385,310,195,100" step="2"/><W4/><G14/><T34/><D73/><U25/><E12/><V13/><F13/><W70/><G70/><T77/><D71/><U2/><E2/><V127/><F127/><W32/><G32/><AGARI ba="0,1" hai="1,5,10,18,19,27,29,32,53,59,60,81,84,88" machi="32" ten="30,18000,2" yaku="1,1,7,1,52,2,54,1,53,1" doraHai="46,15" doraHaiUra="95,85" who="2" fromWho="3" sc="385,0,310,0,195,190,100,-180" owari="385,48.5,310,-9.0,385,18.5,-80,-58.0" /></mjloggm>