<mjloggm ver="2.3"><GO type="137" lobby="0"/><UN n0="%E3%82%B8%E3%83%A7%E3%82%BB%E3%83%95%E3%82%A3%E3%83%BC%E3%83%8C" n1="%4E%61%6E%63%68%61%74%65" n2="%E2%93%9D%4C%75%63%6B%79%4A" n3="%50%72%6F%4D%54" dan="12,13,12,12" rate="1737.12,1756.86,1831.59,1695.36" sx="M,M,M,M"/><TAIKYOKU oya="0"/><INIT seed="0,0,0,5,0,23" ten="250,250,250,250" oya="0" hai0="128,94,108,4,88,46,0,87,1,123,60,51,131" hai1="7,83,44,39,5,15,130,97,112,117,99,13,63" hai2="92,18,95,79,55,59,72,56,42,64,45,109,110" hai3="38,127,71,113,20,85,30,66,74,48,17,70,125"/><T102/><D123/><U54/><E117/><V33/><F33/><W135/><G113/><T114/><D114/><U111/><E112/><V58/><F79/><W89/><G74/><T81/><D108/><N who="2" m="41578" /><F72/><W133/><G38/><T25/><D60/><U28/><E130/><N who="0" m="49705" /><D4/><U101/><E39/><N who="2" m="21727" /><F18/><W91/><G30/><T104/><D104/><U115/><E83/><V24/><F64/><W3/><G66/><T67/><D67/><U103/><E63/><V12/><F12/><W126/><G48/><T76/><D102/><U134/><E134/><N who="3" m="51210" /><G3/><T105/><D105/><U9/><E28/><V69/><F69/><N who="3" m="26123" /><G85/><N who="0" m="52495" /><D25/><AGARI ba="0,0" hai="17,20,25,89,91,125,126,127" m="26123,51210" machi="25" ten="40,5200,0" yaku="18,1,20,1,52,1" doraHai="23" who="3" fromWho="0" sc="250,-52,250,0,250,0,250,52" /><INIT seed="1,0,0,4,1,86" ten="198,250,250,302" oya="1" hai0="24,84,95,125,74,62,16,23,11,67,28,20,104" hai1="126,32,87,81,119,70,22,33,110,117,103,90,121" hai2="134,14,58,123,115,4,48,26,91,7,54,9,13" hai3="66,112,36,127,50,124,60,59,30,83,39,109,99"/><U132/><E121/><V98/><F123/><W114/><G30/><T78/><D125/><N who="3" m="48201" /><G109/><T34/><D104/><U120/><E132/><V133/><F115/><N who="3" m="44075" /><G83/><T8/><D74/><U3/><E120/><V5/><F26/><W89/><G50/><T49/><D49/><U43/><E3/><V113/><F113/><W97/><G97/><T107/><D107/><U29/><E70/><V96/><F98/><W44/><G44/><T18/><D34/><U57/><E43/><V61/><F48/><W76/><G76/><T71/><D28/><U102/><E126/><V79/><F79/><W135/><G135/><N who="2" m="51721" /><F9/><W42/><G42/><T55/><D55/><U65/><E33/><V38/><F38/><W1/><G1/><T77/><D77/><U131/><E131/><V100/><F100/><W51/><G51/><T2/><D2/><U6/><E6/><N who="2" m="1539" /><V53/><DORA hai="130" /><F54/><W40/><G40/><T46/><D46/><U105/><E32/><V37/><F37/><W17/><G17/><T64/><D64/><U116/><E103/><V75/><F75/><W47/><G47/><T56/><D71/><U122/><E102/><V128/><F128/><W80/><G99/><T25/><REACH who="0" step="1"/><D78/><REACH who="0" ten="188,250,250,302" step="2"/><U108/><E108/><V118/><F118/><W92/><G36/><T69/><D69/><U63/><E110/><V82/><F96/><N who="3" m="57359" /><G39/><T68/><D68/><U93/><E122/><V35/><F35/><W10/><G66/><T52/><D52/><U15/><E119/><V27/><F53/><W106/><G106/><T0/><D0/><U21/><E117/><V101/><F101/><RYUUKYOKU ba="0,1" sc="188,30,250,-10,250,-10,302,-10" hai0="8,11,16,18,20,23,24,25,56,62,67,84,95" /><INIT seed="2,1,1,2,2,2" ten="218,240,240,292" oya="2" hai0="46,5,105,121,36,86,24,6,29,15,22,65,69" hai1="45,25,108,122,104,41,81,84,67,101,10,9,89" hai2="91,124,77,62,59,94,82,80,31,3,20,85,125" hai3="55,93,129,95,107,28,7,42,49,127,71,34,111"/><V50/><F3/><W132/><G107/><T38/><D121/><U102/><E108/><V117/><F50/><W79/><G71/><T97/><D69/><U12/><E122/><V133/><F117/><W88/><G111/><T63/><D105/><U112/><E112/><V66/><F133/><W109/><G109/><T76/><D38/><U72/><E72/><V128/><F128/><W64/><G129/><T61/><D36/><U70/><E104/><V32/><F32/><W47/><G132/><T135/><D135/><U119/><E119/><V40/><F40/><W134/><G134/><T53/><D65/><U8/><E25/><V51/><F51/><W37/><G64/><T54/><D15/><U113/><E113/><V58/><F59/><W90/><G79/><T92/><D86/><U73/><E73/><V23/><F31/><W116/><G116/><T17/><D29/><U60/><REACH who="1" step="1"/><E12/><REACH who="1" ten="218,230,240,292" step="2"/><V27/><F27/><W21/><G127/><N who="2" m="48713" /><F82/><W103/><G34/><T1/><D1/><U35/><E35/><V30/><F30/><W120/><G28/><T52/><D76/><U100/><E100/><V115/><F115/><W99/><G120/><T26/><D26/><U96/><E96/><AGARI ba="1,2" hai="20,23,58,62,66,77,80,85,91,94,96" m="48713" machi="96" ten="30,1500,0" yaku="18,1" doraHai="2" who="2" fromWho="1" sc="218,0,230,-18,240,38,292,0" /><INIT seed="2,2,0,5,0,33" ten="218,212,278,292" oya="2" hai0="26,12,1,60,57,96,25,77,114,41,0,34,122" hai1="14,4,74,3,100,106,116,13,109,64,7,21,90" hai2="20,61,123,89,79,19,35,46,83,9,88,72,126" hai3="75,53,65,42,101,105,24,27,44,129,51,38,85"/><V117/><F123/><W70/><G75/><T81/><D122/><U50/><E116/><V69/><F117/><W22/><G129/><T118/><D114/><U39/><E74/><V103/><F35/><W86/><G27/><T45/><D118/><U59/><E39/><V47/><F103/><W15/><G15/><T130/><D130/><U54/><E109/><V55/><F9/><W82/><G82/><T5/><D96/><U102/><E106/><V98/><F126/><W108/><G108/><T36/><D34/><U30/><E3/><V80/><F83/><W87/><G101/><T11/><D26/><U29/><E64/><V10/><F10/><W2/><G105/><T134/><D25/><U17/><E90/><V78/><F69/><W43/><G2/><T76/><D134/><U97/><E4/><V93/><F89/><W16/><REACH who="3" step="1"/><G38/><REACH who="3" ten="218,212,278,282" step="2"/><T107/><D107/><U121/><E102/><V94/><F94/><W127/><G127/><T67/><D77/><U49/><E121/><V95/><F79/><W112/><G112/><T63/><D63/><AGARI ba="2,1" hai="16,22,24,42,43,44,51,53,63,65,70,85,86,87" machi="63" ten="40,5200,0" yaku="1,1,54,1,53,1" doraHai="33" doraHaiUra="56" who="3" fromWho="0" sc="218,-58,212,0,278,0,282,68" /><INIT seed="3,0,0,2,1,114" ten="160,212,278,350" oya="3" hai0="127,97,68,80,7,106,131,60,16,3,128,18,2" hai1="32,43,82,22,111,36,116,134,121,70,48,57,93" hai2="61,53,29,45,44,67,96,27,124,63,31,8,62" hai3="66,69,102,78,15,24,19,125,1,21,130,25,132"/><W110/><G102/><T23/><D127/><U104/><E32/><V95/><F124/><W28/><G78/><T88/><D18/><U123/><E104/><V49/><F45/><W41/><G41/><T83/><D106/><U115/><E115/><V103/><F8/><W20/><G66/><N who="0" m="41031" /><D7/><U85/><E111/><V58/><REACH who="2" step="1"/><F31/><REACH who="2" ten="160,212,268,350" step="2"/><W30/><G125/><T87/><D83/><U133/><E82/><V75/><F75/><W9/><G110/><T11/><D11/><U46/><E46/><V64/><F64/><W6/><G130/><N who="0" m="49707" /><D97/><U84/><E123/><V100/><F100/><W34/><G69/><T129/><N who="0" m="49715" /><T65/><DORA hai="91" /><D65/><U17/><E121/><V118/><F118/><W98/><G98/><T99/><D99/><U56/><E116/><V37/><F37/><W101/><G101/><T0/><D0/><U107/><E36/><V33/><AGARI ba="0,1" hai="27,29,33,44,49,53,58,61,62,63,67,95,96,103" machi="33" ten="20,8000,1" yaku="1,1,0,1,7,1,52,1,53,1" doraHai="114,91" doraHaiUra="40,126" who="2" fromWho="2" sc="160,-20,212,-20,268,90,350,-40" /><INIT seed="4,0,0,1,4,130" ten="140,192,358,310" oya="0" hai0="134,10,77,121,125,5,98,69,15,101,44,18,82" hai1="95,120,23,126,122,113,110,109,60,24,50,2,123" hai2="100,75,76,111,25,16,1,67,65,22,19,9,53" hai3="48,31,81,89,91,96,105,97,108,7,58,8,29"/><T103/><D134/><U32/><E95/><V70/><F111/><W34/><G108/><T131/><D131/><U117/><E50/><V62/><F67/><W78/><G34/><T52/><D125/><U92/><E60/><V55/><F100/><W106/><G96/><T115/><D115/><U20/><E92/><V74/><F76/><W85/><G105/><T51/><D121/><U59/><E59/><V0/><F1/><W94/><G106/><T33/><D33/><U73/><E73/><V4/><REACH who="2" step="1"/><F19/><REACH who="2" ten="140,192,348,310" step="2"/><W17/><G17/><T26/><D69/><U41/><E2/><V43/><F43/><W135/><G135/><T132/><D132/><U46/><E109/><V124/><F124/><W63/><G78/><T112/><D112/><U30/><E126/><V102/><F102/><W116/><G116/><T14/><D26/><U90/><E113/><V88/><F88/><W21/><G89/><T127/><D127/><U39/><E117/><V56/><F56/><W84/><G91/><T80/><D98/><U54/><E90/><V12/><F12/><W93/><G97/><T28/><D28/><U11/><E110/><V129/><F129/><W45/><G29/><T114/><D114/><U87/><E123/><V3/><F3/><W133/><G31/><T104/><D104/><U68/><E122/><V71/><F71/><W83/><G133/><T13/><D13/><U118/><E68/><V107/><F107/><W119/><G119/><T79/><D79/><U38/><E118/><V66/><F66/><W57/><G57/><T40/><D40/><U64/><E120/><RYUUKYOKU ba="0,1" sc="140,-10,192,-10,348,30,310,-10" hai2="0,4,9,16,22,25,53,55,62,65,70,74,75" /><INIT seed="5,1,1,4,2,57" ten="130,182,378,300" oya="1" hai0="135,47,55,29,13,18,30,37,132,91,76,104,32" hai1="96,107,85,59,33,52,69,19,8,83,73,66,0" hai2="92,44,43,119,121,54,35,60,125,9,128,108,75" hai3="2,133,131,134,113,123,27,11,15,95,127,72,38"/><U14/><E33/><V70/><F75/><W122/><G38/><T42/><D104/><U46/><E73/><V4/><F121/><W88/><G72/><T64/><D76/><U126/><E0/><V67/><F119/><W98/><G2/><T124/><D124/><U24/><E126/><V106/><F106/><W53/><G127/><T7/><D7/><U40/><E24/><V90/><F128/><W82/><G131/><T118/><D118/><U78/><E69/><V17/><F54/><W22/><G113/><T77/><D77/><U129/><E66/><V56/><F108/><W49/><G82/><T26/><D30/><U45/><E129/><V86/><F35/><W34/><G34/><T105/><D105/><U109/><E109/><V93/><F17/><W80/><G80/><T130/><D130/><U115/><E115/><V101/><F70/><W103/><G103/><T102/><D102/><U21/><E107/><V114/><F114/><W12/><G12/><T74/><D74/><U97/><E21/><V117/><F117/><W62/><G62/><T79/><D79/><U20/><E20/><V120/><F120/><W111/><G111/><T50/><D64/><U65/><E65/><V89/><F101/><W36/><G36/><T61/><D61/><N who="1" m="36071" /><E40/><V6/><F9/><W116/><G116/><T10/><REACH who="0" step="1"/><D91/><REACH who="0" ten="120,182,378,300" step="2"/><U94/><E97/><N who="2" m="57527" /><F125/><W5/><G122/><T81/><D81/><U16/><E19/><V63/><F63/><W1/><G123/><T31/><D31/><U100/><AGARI ba="1,2" hai="8,14,16,45,46,78,83,85,94,96,100" m="36071" machi="100" ten="30,11700,0" yaku="8,1,52,1,54,2" doraHai="57" who="1" fromWho="1" sc="120,-40,182,140,378,-40,300,-40" /><INIT seed="5,2,0,1,5,100" ten="80,322,338,260" oya="1" hai0="24,62,0,55,56,104,33,105,96,49,68,110,17" hai1="65,114,101,126,82,123,131,2,88,53,11,25,116" hai2="97,3,45,81,40,39,87,44,46,14,89,95,48" hai3="60,73,133,38,122,128,129,109,19,71,27,34,120"/><U10/><E123/><N who="3" m="47146" /><G19/><T35/><D110/><U5/><E116/><V7/><F3/><W61/><G109/><T135/><D135/><U86/><E126/><V31/><F39/><W125/><G73/><T21/><D0/><U134/><E114/><V47/><F31/><N who="3" m="19839" /><G61/><T72/><D72/><U70/><E131/><N who="3" m="50250" /><G133/><T26/><D96/><U74/><E134/><V54/><F7/><W121/><N who="3" m="47154" /><W18/><DORA hai="42" /><G18/><T108/><D108/><U93/><E74/><V52/><REACH who="2" step="1"/><F14/><REACH who="2" ten="80,322,328,260" step="2"/><W1/><G1/><T16/><D35/><U63/><E5/><V13/><F13/><W12/><G12/><T111/><D111/><U20/><E2/><V64/><F64/><N who="3" m="41351" /><G38/><T22/><REACH who="0" step="1"/><D33/><REACH who="0" ten="70,322,328,260" step="2"/><U127/><E127/><AGARI ba="2,2" hai="125,127" m="41351,50250,19839,47154" machi="127" ten="50,3200,0" yaku="19,1,23,1" doraHai="100,42" who="3" fromWho="1" sc="70,0,322,-38,328,0,260,58" /><INIT seed="6,0,0,4,3,95" ten="70,284,328,318" oya="2" hai0="111,8,36,33,124,74,134,30,39,57,96,21,3" hai1="14,28,67,9,90,110,89,86,122,5,42,119,12" hai2="45,34,73,131,48,32,98,25,17,19,107,62,125" hai3="81,106,63,118,123,130,129,91,0,84,35,31,38"/><V126/><F73/><W54/><G123/><T18/><D39/><U88/><E110/><V66/><F131/><N who="3" m="50187" /><G118/><T104/><D124/><N who="2" m="47722" /><F48/><W78/><G38/><T22/><D134/><U71/><E119/><V76/><F76/><W64/><G54/><T58/><D36/><U113/><E113/><V11/><F45/><W112/><G112/><T114/><D74/><U44/><E28/><N who="2" m="19727" /><F11/><W59/><G106/><T99/><D114/><U16/><E122/><V77/><F77/><W103/><G0/><T10/><D104/><U51/><E71/><N who="2" m="42455" /><F32/><W46/><G46/><T101/><D111/><U47/><E47/><V115/><F115/><W55/><G103/><AGARI ba="0,0" hai="17,19,98,103,107" m="42455,19727,47722" machi="103" ten="30,5800,0" yaku="25,1,18,1,52,1" doraHai="95" who="2" fromWho="3" sc="70,0,284,0,328,58,318,-58" /><INIT seed="6,1,0,0,2,62" ten="70,284,386,260" oya="2" hai0="100,37,55,106,60,73,118,80,97,31,99,124,81" hai1="23,130,102,65,36,52,114,6,67,1,21,105,83" hai2="50,35,0,24,18,109,8,90,133,20,7,45,126" hai3="127,134,28,43,95,3,58,42,119,93,34,48,101"/><V9/><F109/><W10/><G119/><T74/><D124/><U51/><E36/><V54/><F126/><W64/><G127/><T132/><D132/><U61/><E114/><V77/><F133/><W87/><G134/><T71/><D55/><U86/><E130/><V69/><F69/><W29/><G34/><T84/><D60/><U110/><E110/><V11/><F77/><W27/><G3/><T104/><D37/><U131/><E131/><V30/><REACH who="2" step="1"/><F90/><REACH who="2" ten="70,284,376,260" step="2"/><W111/><G111/><T59/><D31/><U98/><E1/><V92/><F92/><W75/><G28/><T103/><D59/><U85/><E83/><V122/><F122/><W72/><G29/><T13/><D71/><U63/><E105/><V129/><F129/><W112/><G112/><T39/><D39/><U96/><E102/><V5/><F5/><W76/><G101/><T47/><D47/><U125/><E6/><V68/><F68/><W40/><G93/><T79/><D13/><U135/><E125/><V66/><F66/><W44/><G64/><T107/><D118/><U57/><E135/><V115/><F115/><W14/><G58/><T32/><D32/><U15/><E15/><V128/><F128/><W53/><G95/><N who="0" m="58431" /><D81/><U56/><E51/><V120/><F120/><W89/><G76/><T88/><D79/><U25/><E25/><V82/><F82/><N who="3" m="49399" /><G27/><T38/><D38/><U33/><E33/><V70/><F70/><W2/><G2/><T22/><D22/><U49/><E49/><V41/><F41/><W4/><G4/><T46/><D46/><U17/><E23/><RYUUKYOKU ba="1,1" sc="70,10,284,-30,376,10,260,10" hai0="73,74,80,84,88,99,103,104,106,107" hai2="0,7,8,9,11,18,20,24,30,35,45,50,54" hai3="10,14,40,42,43,44,48,53,72,75" /><INIT seed="6,2,1,1,5,27" ten="80,254,386,270" oya="2" hai0="35,12,101,24,43,36,46,114,53,135,107,95,6" hai1="123,113,8,76,118,120,1,71,11,93,37,51,116" hai2="84,127,79,122,55,131,92,21,28,77,74,88,66" hai3="13,68,20,60,126,25,94,70,44,47,16,57,115"/><V129/><F122/><N who="1" m="46633" /><E76/><V82/><F66/><W133/><G133/><T29/><D135/><U31/><E93/><V99/><F55/><W105/><G105/><T62/><D114/><U119/><E71/><V18/><F28/><W124/><G115/><T23/><D107/><U10/><E51/><V125/><F21/><W56/><G94/><T50/><D62/><U128/><E37/><V30/><F30/><W132/><G132/><T54/><D36/><U106/><E106/><V22/><F22/><W3/><G3/><T97/><REACH who="0" step="1"/><D35/><REACH who="0" ten="70,254,386,270" step="2"/><U130/><E113/><V69/><F69/><W65/><G68/><T41/><D41/><U32/><E1/><V45/><F45/><W81/><G47/><T78/><D78/><U96/><E116/><V112/><F112/><W63/><G44/><T75/><D75/><U19/><E118/><V39/><F39/><W80/><G63/><T108/><D108/><U38/><E38/><V58/><F58/><W2/><G2/><T52/><D52/><U73/><E73/><V100/><F79/><W91/><G57/><T15/><D15/><U117/><E117/><V48/><F48/><W33/><G56/><T86/><D86/><U102/><E32/><V7/><F74/><W110/><G110/><T42/><D42/><U14/><E119/><V90/><F77/><W85/><G33/><T5/><D5/><U121/><E121/><V67/><F7/><W111/><G13/><T4/><D4/><U72/><E72/><V61/><F61/><W87/><G111/><T134/><D134/><U83/><E14/><V103/><F84/><RYUUKYOKU ba="2,2" sc="70,15,254,-15,386,-15,270,15" hai0="6,12,23,24,29,43,46,50,53,54,95,97,101" hai3="16,20,25,60,65,70,80,81,85,87,91,124,126" /><INIT seed="7,3,2,2,3,13" ten="85,239,371,285" oya="3" hai0="118,17,41,99,49,4,63,98,32,20,10,18,129" hai1="29,74,95,92,35,85,70,48,122,133,11,113,123" hai2="126,124,107,64,65,33,59,80,23,67,106,91,90" hai3="31,131,24,6,55,50,73,21,26,88,3,61,111"/><W109/><G73/><T94/><D129/><U77/><E74/><V52/><F33/><W83/><G131/><T14/><D118/><U16/><E70/><V125/><F23/><W86/><G61/><T101/><D32/><U5/><E113/><V44/><F44/><W135/><G135/><T103/><D63/><U19/><E133/><V134/><F134/><W53/><G6/><T62/><D62/><U76/><E35/><V28/><F28/><W121/><G3/><T132/><D132/><U68/><E68/><V58/><F59/><W75/><G75/><T114/><D114/><U47/><E29/><V9/><F9/><W108/><G121/><T40/><D49/><U130/><E130/><V42/><F42/><W66/><G66/><T79/><D79/><N who="1" m="30283" /><E122/><V71/><F71/><W57/><G53/><T110/><D110/><U97/><E123/><V112/><F112/><W84/><G84/><T27/><REACH who="0" step="1"/><D4/><REACH who="0" ten="75,239,371,285" step="2"/><U37/><E5/><V120/><F120/><W25/><AGARI ba="3,3" hai="21,24,25,26,31,50,55,57,83,86,88,108,109,111" machi="25" ten="40,7800,0" yaku="0,1,10,1,54,1" doraHai="13" who="3" fromWho="3" sc="75,-29,239,-29,371,-29,285,117" owari="46,-45.4,210,-19.0,342,14.2,402,50.2" /></mjloggm>