<mjloggm ver="2.3"><GO type="41" lobby="0"/><UN n0="%68%65%61%74%79%E2%98%86" n1="%41%6E%73%6F%6E%4C%61%6D" n2="%E3%81%8D%E3%82%8A%E3%82%93%E3%81%95%E3%82%93" n3="%E2%93%9D%4C%75%63%6B%79%4A" dan="13,14,14,18" rate="1875.54,1930.78,1949.22,2219.47" sx="M,M,M,M"/><TAIKYOKU oya="0"/><INIT seed="0,0,0,2,3,119" ten="250,250,250,250" oya="0" hai0="74,59,92,108,46,115,32,134,80,45,97,107,48" hai1="110,43,103,54,124,91,90,7,76,18,89,51,53" hai2="121,81,50,31,101,105,6,120,1,27,30,71,28" hai3="64,47,132,66,133,21,67,69,87,99,40,14,126"/><T96/><D115/><U75/><E110/><V98/><F71/><W35/><G35/><T79/><D108/><U5/><E124/><V93/><F27/><W25/><G87/><T65/><D134/><N who="3" m="51817" /><G14/><T20/><D32/><U129/><E129/><V58/><F81/><W100/><G126/><T83/><D83/><U122/><E122/><V34/><F34/><W63/><G99/><T125/><D125/><U117/><E117/><V86/><F6/><W56/><G100/><T73/><D73/><U116/><E116/><V22/><F1/><W37/><G21/><T16/><D107/><U82/><E103/><V111/><F111/><W106/><G25/><T33/><D33/><U4/><E43/><V8/><F8/><W55/><G106/><T13/><D97/><U131/><E131/><V61/><F22/><W49/><AGARI ba="0,0" hai="37,40,47,49,55,56,63,64,66,67,69" m="51817" machi="49" ten="30,7900,0" yaku="24,1,20,1,34,2" doraHai="119" who="3" fromWho="3" sc="250,-39,250,-20,250,-20,250,79" /><INIT seed="1,0,0,5,1,0" ten="211,230,230,329" oya="1" hai0="50,30,72,34,82,4,135,20,61,13,111,53,80" hai1="38,45,86,37,120,83,87,62,43,115,70,110,100" hai2="106,92,17,130,121,9,23,29,14,60,5,65,127" hai3="59,114,39,63,21,131,6,57,54,41,102,77,32"/><U93/><E120/><V66/><F106/><W128/><G32/><T124/><D34/><U116/><E115/><V47/><F121/><W125/><G77/><T36/><D36/><U44/><E116/><V24/><F130/><N who="3" m="49707" /><G102/><T27/><D111/><U18/><E110/><V126/><F47/><N who="3" m="23999" /><G21/><T101/><D124/><N who="2" m="47658" /><F92/><W68/><G125/><T40/><D135/><U56/><E70/><N who="2" m="42279" /><F66/><N who="3" m="41055" /><G6/><AGARI ba="0,0" hai="5,6,9,14,17,23,24,29" m="42279,47658" machi="6" ten="30,3900,0" yaku="18,1,52,2" doraHai="0" who="2" fromWho="3" sc="211,0,230,0,230,39,329,-39" /><INIT seed="2,0,0,1,3,122" ten="211,230,269,290" oya="2" hai0="110,118,10,48,35,4,115,90,123,113,28,112,93" hai1="114,87,30,9,3,75,98,101,45,53,65,11,76" hai2="103,12,89,99,106,132,102,79,17,63,36,95,58" hai3="8,50,57,92,7,127,62,25,26,66,43,74,84"/><V38/><F132/><W23/><G74/><T121/><D48/><U14/><E114/><V125/><F125/><W128/><G128/><T32/><D93/><U15/><E75/><V2/><F2/><W117/><G117/><T70/><D70/><U130/><E130/><V44/><F79/><W107/><G107/><T59/><D59/><U133/><E133/><V124/><F124/><W54/><G43/><T1/><D90/><U60/><E3/><V33/><F33/><N who="0" m="12874" /><D28/><U77/><E30/><V16/><F17/><W88/><G23/><T129/><D129/><U91/><E11/><V41/><F38/><W21/><G21/><T86/><D86/><U31/><E31/><V134/><F134/><W68/><REACH who="3" step="1"/><G127/><REACH who="3" ten="211,230,269,280" step="2"/><T83/><D118/><U105/><E105/><V42/><F42/><W94/><G94/><T64/><D64/><U40/><E40/><V27/><F106/><W80/><G80/><T24/><D83/><U100/><E65/><V61/><F41/><W81/><G81/><T72/><D72/><U49/><E9/><V29/><F36/><W56/><G56/><T69/><D69/><U111/><E77/><V55/><F44/><W46/><G46/><T73/><D73/><U85/><E76/><V119/><F119/><W104/><G104/><T39/><D39/><U34/><E34/><N who="2" m="20799" /><F63/><W6/><G6/><T52/><D123/><U97/><E60/><V0/><F0/><AGARI ba="0,1" hai="0,7,8,25,26,50,54,57,62,66,68,84,88,92" machi="0" ten="30,3900,0" yaku="1,1,7,1,54,1,53,0" doraHai="122" doraHaiUra="126" who="3" fromWho="2" sc="211,0,230,0,269,-39,280,49" /><INIT seed="3,0,0,1,2,89" ten="211,230,230,329" oya="3" hai0="21,132,131,79,62,71,7,0,69,109,107,42,117" hai1="72,38,91,111,20,93,133,81,39,73,55,90,65" hai2="113,103,44,27,43,80,15,70,48,9,115,4,35" hai3="5,127,108,57,51,29,135,28,40,31,84,76,87"/><W58/><G135/><T59/><D132/><U98/><E133/><V3/><F70/><W102/><G127/><T96/><D117/><U17/><E111/><V46/><F103/><W56/><G108/><T128/><D109/><U10/><E65/><V92/><F80/><W63/><G5/><T32/><D32/><U77/><E73/><V8/><F27/><W68/><G68/><T11/><D42/><U47/><E10/><V22/><F35/><W112/><G112/><T25/><D96/><U14/><REACH who="1" step="1"/><E91/><REACH who="1" ten="211,220,230,329" step="2"/><V116/><F9/><W52/><G102/><T114/><D114/><U41/><E41/><V94/><F113/><W23/><G40/><T106/><D79/><U78/><E78/><V121/><F115/><W16/><G76/><T120/><D120/><U119/><E119/><V125/><F121/><W123/><G123/><T82/><D71/><U83/><E83/><V75/><F75/><W26/><REACH who="3" step="1"/><G63/><REACH who="3" ten="211,220,230,319" step="2"/><T30/><D69/><U19/><E19/><N who="2" m="10623" /><F125/><W126/><G126/><T88/><D88/><U66/><E66/><V118/><F118/><W122/><G122/><T12/><D62/><U49/><AGARI ba="0,2" hai="14,17,20,38,39,47,49,55,72,77,81,90,93,98" machi="49" ten="30,4000,0" yaku="1,1,0,1,52,1,53,0" doraHai="89" doraHaiUra="110" who="1" fromWho="1" sc="211,-10,220,60,230,-10,319,-20" /><INIT seed="4,0,0,4,2,24" ten="201,280,220,299" oya="0" hai0="106,113,109,120,68,116,104,133,52,59,35,78,93" hai1="118,92,1,96,134,4,73,69,38,87,108,2,70" hai2="53,25,128,110,90,41,89,74,42,124,31,60,95" hai3="112,56,63,88,125,18,132,122,83,131,72,32,10"/><T62/><D116/><U0/><E118/><V29/><F110/><W20/><G32/><T127/><D120/><U66/><E108/><V15/><F128/><W76/><G122/><T81/><D109/><U82/><E134/><V40/><F124/><W119/><G119/><T85/><D127/><U16/><E38/><V121/><F121/><W105/><G105/><T46/><D133/><U79/><E73/><V30/><F74/><W126/><G10/><T45/><D113/><U51/><E4/><V97/><F15/><W99/><G131/><T37/><D35/><U43/><E66/><V14/><F14/><W130/><G112/><T129/><D129/><U71/><E43/><V7/><F7/><W12/><G132/><T94/><D68/><U5/><E51/><V8/><F8/><W49/><G49/><T9/><D9/><U50/><E50/><V111/><F111/><W115/><G115/><T101/><D101/><U11/><REACH who="1" step="1"/><E16/><REACH who="1" ten="201,270,220,299" step="2"/><V77/><F25/><W28/><G130/><T135/><D135/><U61/><E61/><V65/><F53/><W21/><G63/><T84/><D37/><U27/><E27/><V54/><F54/><W39/><G39/><T75/><D46/><U98/><E98/><N who="2" m="57711" /><F60/><W80/><G126/><T91/><REACH who="0" step="1"/><D45/><REACH who="0" ten="191,270,220,299" step="2"/><U58/><E58/><V34/><F34/><W107/><G56/><T47/><D47/><U33/><E33/><V3/><F65/><W64/><G64/><T48/><D48/><U17/><E17/><V6/><F42/><W102/><G125/><T100/><D100/><AGARI ba="0,2" hai="0,1,2,5,11,69,70,71,79,82,87,92,96,100" machi="100" ten="40,1300,0" yaku="1,1,53,0" doraHai="24" doraHaiUra="26" who="1" fromWho="0" sc="191,-13,270,33,220,0,299,0" /><INIT seed="5,0,0,4,5,108" ten="178,303,220,299" oya="1" hai0="52,56,113,134,110,1,4,94,86,22,60,99,85" hai1="58,63,36,101,90,73,15,19,54,26,65,16,98" hai2="133,81,37,40,89,112,124,109,121,118,71,74,7" hai3="97,64,91,51,5,93,79,128,50,6,24,82,55"/><U69/><E73/><V38/><RYUUKYOKU type="yao9" ba="0,0" sc="178,0,303,0,220,0,299,0" hai2="7,37,38,40,71,74,81,89,109,112,118,121,124,133" /><INIT seed="5,1,0,1,5,2" ten="178,303,220,299" oya="1" hai0="26,28,58,131,22,88,89,96,126,48,54,47,112" hai1="128,6,135,99,105,17,43,127,79,86,13,111,56" hai2="100,18,124,107,60,72,130,12,133,115,36,82,1" hai3="53,117,24,42,73,65,69,77,94,64,109,29,50"/><U49/><E127/><V70/><RYUUKYOKU type="yao9" ba="1,0" sc="178,0,303,0,220,0,299,0" hai2="1,12,18,36,60,70,72,82,100,107,115,124,130,133" /><INIT seed="5,2,0,4,1,91" ten="178,303,220,299" oya="1" hai0="45,57,54,120,37,126,119,46,97,104,75,111,100" hai1="61,5,80,132,38,7,67,102,0,22,50,20,127" hai2="134,40,131,116,93,53,133,19,35,103,18,8,16" hai3="70,73,79,9,113,105,106,68,108,86,56,42,115"/><U12/><E132/><N who="2" m="50795" /><F116/><W4/><G86/><T69/><D111/><U23/><E127/><V77/><F35/><W17/><G17/><N who="2" m="6761" /><F131/><W58/><G42/><T95/><D126/><U27/><E38/><V117/><F117/><W83/><G58/><T87/><D119/><U125/><E125/><V48/><F77/><W41/><G56/><T110/><D110/><U72/><E102/><V1/><F40/><W112/><G41/><T128/><D128/><U101/><E101/><V98/><N who="2" m="6769" /><V39/><DORA hai="36" /><F39/><W25/><G25/><T99/><D75/><U90/><E0/><V32/><F32/><W3/><REACH who="3" step="1"/><G108/><REACH who="3" ten="178,303,220,289" step="2"/><T63/><D120/><U31/><E27/><V21/><F8/><W55/><G55/><T82/><D37/><U60/><E61/><V122/><F122/><W11/><G11/><T62/><D62/><U135/><E60/><V10/><F10/><W64/><G64/><T78/><REACH who="0" step="1"/><D69/><AGARI ba="2,1" hai="3,4,9,68,69,70,73,79,83,105,106,112,113,115" machi="69" ten="50,8000,1" yaku="1,1,15,1,23,2,53,0" doraHai="91,36" doraHaiUra="43,15" who="3" fromWho="0" sc="178,-86,303,0,220,0,289,96" /><INIT seed="6,0,0,5,3,109" ten="92,303,220,385" oya="2" hai0="8,69,51,37,73,47,10,89,20,96,86,25,114" hai1="72,58,81,101,60,107,36,110,102,83,104,24,127" hai2="98,117,108,95,84,91,34,76,5,2,82,64,113" hai3="39,62,78,133,16,53,118,93,87,99,131,26,41"/><V63/><F117/><W70/><G118/><T19/><D73/><U18/><E110/><V17/><F108/><W116/><G116/><T135/><D69/><U48/><E127/><V9/><F34/><W75/><G75/><T132/><D37/><U112/><E112/><V88/><F113/><W15/><G41/><T57/><D114/><U85/><E36/><V119/><F119/><W92/><G26/><T125/><D125/><U124/><E124/><V33/><F33/><W115/><G39/><T49/><D96/><N who="1" m="61479" /><E48/><V6/><F6/><W59/><G131/><T7/><D57/><U0/><E0/><V3/><F17/><W55/><G133/><T27/><D27/><U80/><E58/><V45/><F45/><W30/><G30/><T43/><D51/><U126/><E60/><V56/><REACH who="2" step="1"/><F76/><REACH who="2" ten="92,303,210,385" step="2"/><W106/><G78/><T40/><D40/><U52/><E18/><V4/><F4/><W128/><G16/><T22/><D22/><U12/><E126/><V32/><F32/><W54/><G115/><T111/><D111/><U120/><E120/><V130/><F130/><W50/><G128/><T42/><D42/><U77/><E77/><V35/><F35/><W71/><G50/><T29/><D29/><U103/><E72/><V68/><F68/><W123/><G71/><T38/><D38/><U1/><E1/><AGARI ba="0,1" hai="1,2,3,5,9,56,63,64,82,84,88,91,95,98" machi="1" ten="30,11600,0" yaku="1,1,7,1,54,1,53,1" doraHai="109" doraHaiUra="79" who="2" fromWho="1" sc="92,0,303,-116,210,126,385,0" /><INIT seed="6,1,0,3,4,133" ten="92,187,336,385" oya="2" hai0="9,44,16,2,10,127,116,24,103,80,56,117,104" hai1="129,98,65,30,0,35,68,84,25,119,39,94,12" hai2="18,88,91,53,3,105,67,109,59,21,126,107,115" hai3="135,76,47,93,19,121,131,97,48,20,114,40,102"/><V101/><F115/><W72/><G114/><T71/><D71/><U82/><E119/><N who="0" m="45641" /><D2/><U106/><E0/><V125/><F3/><W52/><G135/><T34/><D34/><U64/><E129/><V77/><F77/><W32/><G121/><T122/><D122/><U42/><E106/><N who="2" m="40459" /><F101/><W63/><G32/><T51/><D56/><U96/><E68/><V95/><F67/><W15/><G131/><T36/><D36/><U66/><E12/><N who="2" m="9415" /><F109/><W50/><G76/><T62/><D62/><U130/><E130/><V33/><F33/><W112/><G112/><T23/><D80/><U111/><E111/><V110/><F110/><W92/><G63/><T60/><D60/><U8/><E8/><N who="0" m="3177" /><D103/><U124/><E66/><V11/><F11/><W89/><G72/><T118/><N who="0" m="45649" /><T79/><DORA hai="83" /><D79/><U81/><E81/><V14/><F14/><W17/><G20/><T108/><D108/><U132/><E132/><V75/><F75/><W70/><G15/><T74/><D74/><U38/><E38/><V4/><F4/><W123/><G123/><T31/><D31/><U73/><E73/><V128/><F128/><W13/><G13/><T26/><D26/><U1/><E25/><V49/><F91/><W86/><G70/><T134/><D134/><U41/><E30/><V22/><F22/><W6/><G6/><T87/><D87/><AGARI ba="1,0" hai="49,53,59,87,88,95,125,126" m="9415,40459" machi="87" ten="30,12000,1" yaku="25,1,52,3,54,1" doraHai="133,83" who="2" fromWho="0" sc="92,-123,187,0,336,123,385,0" owari="-31,-53.1,187,-21.3,459,55.9,385,18.5" /></mjloggm>