<mjloggm ver="2.3"><GO type="137" lobby="0"/><UN n0="%E2%93%9D%4C%75%63%6B%79%4A" n1="%E3%81%97%E3%82%85%E3%81%A1" n2="%E6%9A%B4%E8%B5%B0%E9%87%8D%E6%88%A6%E8%BB%8A%47%54" n3="%E4%BA%8C%E8%94%A6" dan="11,11,11,12" rate="1797.28,1625.22,1629.45,1674.59" sx="M,M,M,M"/><TAIKYOKU oya="0"/><INIT seed="0,0,0,4,0,81" ten="250,250,250,250" oya="0" hai0="117,78,124,10,13,35,129,51,108,6,91,133,128" hai1="1,58,88,103,55,113,61,121,131,49,132,80,38" hai2="99,75,74,92,70,28,64,46,102,47,41,32,45" hai3="50,105,4,7,11,3,65,106,73,19,63,53,118"/><T21/><D78/><U111/><E121/><V0/><F46/><W84/><G73/><T101/><D101/><U110/><E1/><V42/><F92/><W62/><G118/><T116/><D51/><U25/><E38/><V40/><F40/><W56/><G62/><T100/><D100/><U16/><E103/><V48/><F0/><W127/><G7/><T22/><D91/><U15/><E113/><V83/><F83/><W123/><G19/><T104/><D104/><U31/><E131/><N who="0" m="50249" /><D124/><U93/><E132/><V95/><F70/><W39/><G127/><T30/><D108/><N who="1" m="41515" /><E80/><V126/><F64/><W98/><G123/><T52/><D52/><U33/><E61/><V2/><F2/><W87/><G39/><T9/><D133/><U44/><E44/><V69/><F69/><W36/><G36/><T119/><D10/><N who="1" m="6263" /><E93/><V5/><F5/><W71/><G106/><T77/><D77/><U82/><E82/><V122/><F122/><W60/><G60/><T135/><D135/><U8/><E8/><V67/><F67/><W89/><G105/><T114/><D114/><U76/><E76/><V59/><F59/><W57/><G71/><T134/><D134/><U26/><E26/><AGARI ba="0,0" hai="6,9,13,21,22,26,30,35,116,117,119" m="50249" machi="26" ten="40,7700,0" yaku="19,1,34,2" doraHai="81" who="0" fromWho="1" sc="250,77,250,-77,250,0,250,0" /><INIT seed="0,1,0,3,5,62" ten="327,173,250,250" oya="0" hai0="32,38,14,107,23,19,112,106,81,47,100,119,88" hai1="133,96,82,64,52,84,40,60,36,122,29,121,53" hai2="57,131,79,5,12,15,117,6,27,49,132,21,59" hai3="24,74,113,75,80,48,93,103,116,124,114,123,129"/><T22/><D112/><N who="3" m="43113" /><G24/><T98/><D119/><U25/><E133/><V44/><F131/><W3/><G3/><T128/><D128/><U37/><E121/><V101/><F132/><W77/><G129/><T68/><D68/><U109/><E122/><V135/><F135/><W61/><G123/><T126/><D126/><U1/><E1/><V50/><F117/><W95/><G61/><T125/><D32/><U2/><E2/><V91/><F101/><W45/><G48/><T20/><D125/><U58/><E109/><V46/><F91/><W127/><G45/><T70/><D70/><U8/><E37/><V97/><F97/><N who="3" m="59823" /><G116/><T73/><D107/><U31/><E36/><V104/><F104/><W83/><G95/><T120/><D120/><U134/><E134/><V69/><F69/><W43/><G43/><T94/><D47/><U63/><E40/><V105/><F105/><W67/><G67/><T86/><D38/><U76/><E96/><V42/><F27/><W90/><G90/><T4/><D4/><U26/><E8/><V51/><F51/><W56/><G56/><T0/><D0/><U72/><E72/><V102/><F102/><W17/><G17/><T85/><D86/><U110/><E110/><V30/><F30/><N who="1" m="11273" /><E63/><V115/><F115/><W87/><G87/><T16/><D19/><U18/><E18/><V28/><F28/><W71/><G71/><T9/><D9/><U11/><E11/><V10/><F10/><W111/><G111/><T33/><D33/><U13/><E13/><V54/><F21/><W78/><AGARI ba="1,0" hai="74,75,77,78,80,83,124,127" m="59823,43113" machi="78" ten="30,2000,0" yaku="34,2" doraHai="62" who="3" fromWho="3" sc="327,-11,173,-6,250,-6,250,23" /><INIT seed="1,0,0,5,2,30" ten="316,167,244,273" oya="1" hai0="69,127,116,88,120,42,94,80,61,44,40,9,97" hai1="82,119,52,131,57,103,45,118,72,63,110,77,64" hai2="85,18,23,1,56,25,26,36,60,126,20,2,102" hai3="89,11,4,117,112,22,67,6,55,106,129,135,0"/><U8/><E131/><V79/><F36/><W99/><G112/><T53/><D116/><U47/><E118/><V27/><F126/><W95/><G117/><T5/><D127/><U39/><E119/><V32/><F102/><W49/><G129/><T10/><D120/><U128/><E128/><V122/><F122/><W130/><G130/><T58/><D69/><U62/><E103/><V46/><F46/><W38/><G38/><T133/><D133/><U14/><E110/><V121/><F121/><W101/><G135/><T105/><D105/><U81/><E39/><V84/><F84/><W59/><G22/><T41/><D80/><U109/><E109/><V73/><F73/><W76/><G76/><T33/><D33/><U70/><REACH who="1" step="1"/><E82/><REACH who="1" ten="316,157,244,273" step="2"/><V83/><F1/><W24/><G106/><T35/><D35/><U21/><E21/><V37/><F37/><W75/><G75/><T29/><D29/><U28/><E28/><V125/><F2/><W78/><G78/><T13/><REACH who="0" step="1"/><D10/><REACH who="0" ten="306,157,244,273" step="2"/><U86/><E86/><V71/><F125/><W96/><G96/><T104/><D104/><U17/><AGARI ba="0,2" hai="8,14,17,45,47,52,57,62,63,64,70,72,77,81" machi="17" ten="20,12000,1" yaku="1,1,0,1,7,1,54,1,53,1" doraHai="30" doraHaiUra="107" who="1" fromWho="1" sc="306,-40,157,140,244,-40,273,-40" /><INIT seed="1,1,0,3,2,46" ten="266,297,204,233" oya="1" hai0="76,99,48,61,37,134,70,107,2,3,123,74,14" hai1="109,104,87,80,7,118,27,8,82,78,20,116,125" hai2="93,95,63,65,21,112,18,81,30,77,56,29,114" hai3="133,122,121,75,117,83,88,42,128,101,119,51,94"/><U17/><E104/><V90/><F93/><W16/><G133/><T91/><D37/><U126/><E109/><V47/><F114/><W135/><G135/><T57/><D70/><U52/><E82/><V64/><F64/><W89/><G128/><T60/><D14/><U66/><E66/><V40/><F112/><W131/><G131/><T86/><D74/><U98/><E98/><V19/><F19/><W35/><G35/><T49/><D76/><U132/><E132/><V129/><F129/><W96/><G75/><T10/><D123/><U13/><REACH who="1" step="1"/><E52/><REACH who="1" ten="266,287,204,233" step="2"/><V102/><F81/><W69/><G83/><T38/><D99/><U11/><E11/><V43/><F77/><W12/><G69/><T22/><D10/><U15/><E15/><V36/><F43/><W130/><G121/><T59/><D107/><U111/><E111/><V106/><F106/><W5/><G5/><T124/><D134/><U100/><E100/><V108/><F108/><W31/><G130/><T71/><D71/><U23/><E23/><V62/><F102/><W9/><G122/><T32/><D22/><U73/><E73/><V39/><F63/><W4/><G31/><T0/><D61/><U45/><E45/><V79/><F79/><W92/><G4/><T84/><D60/><U33/><E33/><V26/><REACH who="2" step="1"/><F39/><REACH who="2" ten="266,287,194,233" step="2"/><W6/><G6/><T97/><D38/><U67/><E67/><V103/><F103/><W115/><G115/><T110/><D110/><U1/><E1/><V50/><F50/><W53/><G101/><T58/><D49/><U120/><E120/><V25/><F25/><RYUUKYOKU ba="1,2" sc="266,-15,287,15,194,15,233,-15" hai1="7,8,13,17,20,27,78,80,87,116,118,125,126" hai2="18,21,26,29,30,36,40,47,56,62,65,90,95" /><INIT seed="1,2,2,4,3,11" ten="251,302,209,218" oya="1" hai0="76,17,41,70,23,109,61,81,2,8,97,102,94" hai1="128,86,88,13,103,72,69,129,101,106,126,59,83" hai2="95,79,82,123,130,10,118,63,122,104,28,54,18" hai3="85,20,37,67,90,1,77,55,68,34,75,19,65"/><U56/><E69/><V93/><F104/><W116/><G1/><T53/><D109/><U33/><E33/><V135/><F118/><W98/><G34/><T16/><D41/><U66/><E106/><V15/><F135/><W89/><G37/><T39/><D39/><U110/><E72/><V57/><F130/><N who="1" m="50281" /><E126/><V125/><F125/><W74/><G116/><T107/><D107/><U91/><E91/><V92/><REACH who="2" step="1"/><F28/><REACH who="2" ten="251,302,199,218" step="2"/><W114/><G114/><T44/><D102/><U12/><E103/><V3/><F3/><W26/><G68/><T131/><D70/><U31/><E101/><V43/><F43/><W35/><G35/><T47/><D2/><U99/><E31/><V52/><F52/><W50/><G74/><AGARI ba="2,3" hai="10,15,18,54,57,63,74,79,82,92,93,95,122,123" machi="74" ten="40,2600,0" yaku="1,1,52,1,53,0" doraHai="11" doraHaiUra="64" who="2" fromWho="3" sc="251,0,302,0,199,62,218,-32" /><INIT seed="2,0,0,3,5,121" ten="251,302,261,186" oya="2" hai0="108,82,112,130,133,65,34,56,16,118,59,36,74" hai1="126,114,14,26,76,93,71,83,52,13,103,131,47" hai2="107,35,120,1,15,106,22,66,33,99,85,62,7" hai3="48,17,46,123,72,92,124,63,122,31,2,78,42"/><V4/><F85/><W11/><G124/><T8/><D34/><U90/><E114/><V111/><F120/><W38/><G31/><T134/><D36/><U37/><E126/><V9/><F7/><W32/><G32/><T12/><D112/><U70/><E103/><V109/><F35/><W98/><G63/><T67/><D130/><U69/><E131/><V43/><F43/><W104/><G48/><T20/><D118/><U119/><E119/><V10/><F22/><W116/><G92/><T105/><D105/><U89/><E26/><V0/><F10/><W115/><G17/><T117/><D117/><U39/><E39/><V88/><F15/><W29/><G29/><T51/><D74/><U86/><E89/><V77/><F77/><W5/><G115/><T129/><D82/><U60/><E37/><V96/><F0/><W68/><G68/><T79/><D79/><U132/><E132/><N who="0" m="50793" /><D59/><U24/><E24/><V53/><F53/><W84/><G84/><T19/><D129/><U49/><REACH who="1" step="1"/><E60/><REACH who="1" ten="251,292,261,186" step="2"/><V27/><F27/><W44/><G116/><T28/><D28/><U45/><E45/><V110/><F33/><W100/><G46/><T61/><D61/><U75/><AGARI ba="0,1" hai="13,14,47,49,52,69,70,71,75,76,83,86,90,93" machi="75" ten="30,4000,0" yaku="1,1,0,1,54,1,53,0" doraHai="121" doraHaiUra="94" who="1" fromWho="1" sc="251,-10,292,50,261,-20,186,-10" /><INIT seed="3,0,0,4,0,103" ten="241,342,241,176" oya="3" hai0="100,53,124,35,28,63,17,33,41,125,32,133,19" hai1="5,30,13,37,44,121,39,20,6,34,40,68,126" hai2="84,26,64,11,0,16,109,122,10,23,105,110,24" hai3="71,18,83,43,129,104,52,80,51,106,67,50,21"/><W96/><G129/><T42/><D100/><U127/><E121/><V79/><F64/><W86/><G96/><T22/><D53/><U78/><E34/><V116/><F79/><W29/><G29/><T3/><D63/><U46/><E68/><V119/><F84/><W87/><G67/><T77/><D77/><U12/><E78/><V112/><F112/><W59/><G71/><T102/><D102/><U95/><E95/><V75/><F75/><W114/><G114/><T131/><D133/><U36/><E30/><V2/><F122/><W128/><G128/><T57/><D57/><U31/><E31/><V15/><F105/><W91/><G50/><T8/><D42/><U27/><E27/><V98/><F98/><W93/><G43/><T55/><D55/><U107/><E20/><V58/><F58/><W88/><G93/><T118/><D41/><U108/><E39/><V9/><F15/><AGARI ba="0,0" hai="15,18,21,51,52,59,80,83,86,87,88,91,104,106" machi="15" ten="30,18000,2" yaku="7,1,9,1,52,2,54,2" doraHai="103" who="3" fromWho="2" sc="241,0,342,0,241,-180,176,180" /><INIT seed="3,1,0,3,3,59" ten="241,342,61,356" oya="3" hai0="42,118,117,96,92,38,31,103,32,113,87,95,73" hai1="88,4,72,13,115,83,94,75,0,98,77,52,128" hai2="43,30,107,71,68,29,132,129,66,55,54,121,123" hai3="10,84,82,33,125,67,78,102,21,110,18,51,111"/><W122/><BYE who="2" /><G122/><T56/><D32/><U48/><E115/><V135/><F135/><W112/><G33/><UN n2="%E6%9A%B4%E8%B5%B0%E9%87%8D%E6%88%A6%E8%BB%8A%47%54" /><T81/><D31/><U8/><BYE who="2" /><E0/><V6/><F6/><W63/><G112/><T99/><D42/><U124/><E75/><V12/><F12/><W79/><G125/><T50/><D38/><U2/><E124/><V90/><F90/><W27/><G102/><T9/><D50/><U47/><E128/><V39/><F39/><W114/><G114/><T60/><D9/><U1/><AGARI ba="1,0" hai="1,2,4,8,13,47,48,52,72,77,83,88,94,98" machi="1" ten="30,4000,0" yaku="0,1,54,2" doraHai="59" who="1" fromWho="1" sc="241,-11,342,43,61,-11,356,-21" /><INIT seed="4,0,0,4,4,92" ten="230,385,50,335" oya="0" hai0="9,130,113,90,123,67,65,103,114,88,29,125,76" hai1="31,6,53,55,117,17,134,124,80,107,118,58,79" hai2="42,54,102,21,98,5,51,43,89,116,131,61,25" hai3="19,100,94,75,39,34,47,111,63,38,18,127,115"/><T32/><D123/><U66/><E107/><V60/><F60/><W69/><G34/><T11/><D76/><U12/><E117/><V72/><F72/><W37/><G75/><T15/><D125/><U108/><E118/><V112/><F112/><N who="0" m="43114" /><D130/><U85/><E108/><V133/><F133/><W81/><G111/><T13/><D29/><U26/><E124/><V74/><F74/><W56/><G127/><T7/><D32/><U23/><E134/><V122/><F122/><W83/><G69/><T3/><D103/><U101/><E101/><V96/><F96/><W68/><G68/><T0/><D67/><U10/><REACH who="1" step="1"/><E6/><REACH who="1" ten="230,375,50,335" step="2"/><V132/><F132/><W84/><G115/><T27/><D65/><U78/><E78/><V49/><F49/><W40/><G37/><T128/><D128/><U45/><E45/><V41/><F41/><W46/><G38/><T71/><D71/><U20/><E20/><V106/><F106/><W62/><G47/><T2/><D27/><U22/><E22/><V109/><F109/><W52/><G46/><T119/><D119/><U135/><E135/><V16/><F16/><AGARI ba="0,1" hai="0,2,3,7,9,11,13,15,16,88,90" m="43114" machi="16" ten="40,7700,0" yaku="15,1,54,2" doraHai="92" who="0" fromWho="2" sc="230,87,375,0,50,-77,335,0" owari="317,-8.3,375,47.5,-27,-52.7,335,13.5" /></mjloggm>