<mjloggm ver="2.3"><GO type="41" lobby="0"/><UN n0="%E3%82%88%E3%82%8F%E3%81%84%E3%82%84%E3%81%A4" n1="%E7%8C%AB%E6%B0%8F" n2="%E5%BF%83%E8%98%AD%E7%9B%B8%E9%9A%8F" n3="%E2%93%9D%4C%75%63%6B%79%4A" dan="14,15,13,18" rate="1919.83,2103.02,1846.78,2206.29" sx="M,M,M,M"/><TAIKYOKU oya="0"/><INIT seed="0,0,0,1,4,31" ten="250,250,250,250" oya="0" hai0="39,123,113,52,96,18,71,99,29,42,75,54,22" hai1="14,121,126,8,0,26,90,92,67,32,40,46,128" hai2="130,131,9,4,53,33,116,127,24,66,64,103,101" hai3="50,25,3,119,110,93,34,129,122,30,135,104,59"/><T106/><D113/><U2/><E121/><V41/><F41/><W108/><G104/><T111/><D123/><U35/><E67/><V69/><F53/><W81/><G122/><T10/><D75/><U124/><E26/><V88/><F127/><N who="1" m="48681" /><E128/><N who="2" m="49195" /><F116/><W95/><G3/><N who="1" m="1066" /><E90/><V55/><F55/><N who="3" m="32247" /><G119/><T23/><D71/><U85/><E85/><V28/><F88/><W114/><G114/><T56/><D111/><N who="3" m="42537" /><G129/><T80/><D80/><U105/><E92/><N who="3" m="35402" /><G81/><T37/><D106/><U1/><N who="1" m="1074" /><U15/><DORA hai="132" /><E105/><V65/><F69/><W68/><G68/><T72/><D72/><U73/><E73/><V36/><F36/><W5/><G5/><T94/><D39/><N who="1" m="21791" /><E15/><AGARI ba="0,0" hai="4,9,15,24,28,33,64,65,66,101,103" m="49195" machi="15" ten="30,2000,0" yaku="19,1,52,1" doraHai="31,132" who="2" fromWho="1" sc="250,0,250,-20,250,20,250,0" /><INIT seed="1,0,0,4,5,19" ten="250,230,270,250" oya="1" hai0="98,44,0,96,31,47,105,130,118,38,116,133,100" hai1="28,14,27,40,49,17,35,68,93,109,50,69,102" hai2="21,99,84,108,45,30,123,97,12,20,112,75,58" hai3="117,7,59,39,51,83,74,86,64,33,135,61,62"/><U53/><E109/><V65/><F75/><W122/><G33/><T107/><D130/><U132/><E132/><V2/><F2/><W76/><G39/><T81/><D133/><U134/><E134/><V18/><F123/><W95/><G135/><T115/><D115/><U56/><E102/><V89/><F108/><W57/><G122/><T129/><D129/><U32/><E32/><V101/><F112/><W120/><G7/><T125/><D125/><U52/><E40/><V88/><F45/><W60/><G117/><T10/><D31/><U36/><E93/><N who="2" m="58543" /><F99/><W25/><G120/><T128/><D128/><U71/><E36/><V43/><F43/><W110/><G74/><T6/><D47/><U23/><E68/><V103/><F103/><W82/><G95/><T66/><D107/><U48/><E49/><V131/><F131/><W8/><G51/><T42/><D98/><U55/><E53/><V79/><F79/><W119/><G76/><T90/><D90/><U24/><E27/><N who="2" m="16743" /><F84/><W111/><G86/><T11/><D118/><U22/><E35/><V70/><F70/><W104/><G119/><T16/><D116/><U29/><E29/><V9/><F9/><W127/><G8/><T1/><D1/><U114/><E114/><V37/><F37/><W106/><G111/><T124/><D81/><N who="3" m="30729" /><G110/><T13/><D124/><U67/><E67/><V4/><F4/><W73/><G64/><T46/><D66/><U3/><E3/><V85/><F85/><W5/><G127/><T94/><D105/><N who="3" m="40553" /><G73/><T80/><D80/><U54/><E48/><V26/><F12/><RYUUKYOKU ba="0,0" sc="250,10,230,10,270,10,250,-30" hai0="0,6,10,11,13,16,38,42,44,46,94,96,100" hai1="14,17,22,23,24,28,50,52,54,55,56,69,71" hai2="18,21,26,58,65,88,89" /><INIT seed="1,1,0,0,5,90" ten="260,240,280,220" oya="1" hai0="50,45,26,8,95,37,72,75,0,96,18,54,128" hai1="32,39,43,121,60,63,49,107,31,101,28,85,91" hai2="120,123,81,134,27,70,109,33,58,111,77,124,67" hai3="23,17,46,133,61,89,132,106,127,117,11,83,24"/><U79/><E39/><V35/><F58/><W87/><G106/><T98/><D128/><U12/><E121/><N who="2" m="46667" /><F67/><W62/><G127/><T74/><D37/><U97/><E79/><V10/><F70/><W13/><G117/><T88/><D0/><U114/><E114/><V5/><F81/><W103/><G103/><T102/><D26/><U19/><E32/><N who="2" m="12363" /><F77/><W36/><G36/><T105/><REACH who="0" step="1"/><D74/><REACH who="0" ten="250,240,280,220" step="2"/><U122/><E122/><V38/><F38/><W57/><G133/><T47/><D47/><U52/><E43/><V84/><F134/><W1/><G132/><T93/><D93/><N who="1" m="58543" /><E28/><V25/><F124/><W51/><G1/><T99/><D99/><U34/><E34/><V82/><F84/><W92/><G83/><T108/><D108/><N who="2" m="41546" /><F82/><W104/><G104/><T110/><D110/><U20/><E31/><V16/><F16/><N who="3" m="8255" /><G57/><T126/><D126/><U129/><E129/><V2/><AGARI ba="1,1" hai="2,5,10,25,27" m="41546,12363,46667" machi="2" ten="40,5200,0" yaku="14,1,34,2" doraHai="90" who="2" fromWho="2" sc="250,-14,240,-27,280,65,220,-14" /><INIT seed="2,0,0,1,4,80" ten="236,213,345,206" oya="2" hai0="134,107,74,37,10,51,95,13,0,112,131,1,88" hai1="72,78,57,67,122,44,17,34,26,68,133,22,63" hai2="85,16,132,103,119,60,20,42,120,29,117,11,69" hai3="8,62,30,14,58,123,104,115,55,2,12,73,7"/><V35/><F120/><W64/><G123/><T50/><D37/><U128/><E122/><V82/><F103/><W110/><G73/><T129/><D112/><U49/><E133/><V108/><F132/><W84/><G115/><T36/><D107/><U19/><E34/><V48/><F11/><W32/><G110/><T90/><D36/><U102/><E102/><V77/><F108/><W18/><G104/><T81/><D74/><U43/><E128/><N who="0" m="49225" /><D81/><U86/><E72/><V52/><F42/><W91/><G30/><T127/><D90/><U5/><E5/><V97/><F97/><W66/><G32/><T124/><D134/><U56/><E17/><V130/><F130/><W106/><G106/><T94/><D94/><U4/><E4/><V9/><F9/><N who="3" m="4415" /><G2/><N who="0" m="1131" /><D50/><U25/><E25/><V45/><F29/><W114/><G114/><T41/><D51/><U101/><E101/><V54/><F35/><W113/><G113/><T121/><D41/><U39/><E78/><V38/><F38/><W96/><G96/><N who="0" m="57447" /><D121/><U61/><E39/><V99/><F99/><W76/><G76/><T75/><D75/><U105/><E105/><V87/><F87/><W46/><G46/><T53/><D53/><U71/><E86/><V100/><F100/><W23/><G8/><T28/><D28/><U27/><E26/><N who="2" m="14599" /><F54/><AGARI ba="0,0" hai="19,22,27,43,44,49,54,56,57,61,63,67,68,71" machi="54" ten="30,1000,0" yaku="7,1" doraHai="80" who="1" fromWho="2" sc="236,0,213,10,345,-10,206,0" /><INIT seed="3,0,0,2,4,4" ten="236,223,335,206" oya="3" hai0="47,29,131,87,40,70,99,23,71,121,33,16,52" hai1="19,105,56,53,106,110,125,15,97,85,100,46,78" hai2="2,96,123,73,63,124,9,32,88,79,69,30,42" hai3="68,116,51,133,50,76,80,115,14,10,126,111,109"/><W93/><G116/><T117/><D117/><U60/><E110/><N who="3" m="41994" /><G115/><T31/><D121/><U77/><E125/><V37/><F124/><W61/><G126/><T113/><D113/><U21/><E106/><V25/><F123/><W18/><G93/><T6/><D33/><U43/><E85/><V72/><F69/><W22/><G133/><T57/><D131/><U91/><E91/><V26/><F63/><W44/><G44/><T36/><D6/><U24/><E24/><V134/><F134/><W90/><G90/><T114/><D114/><U12/><E12/><V49/><F49/><AGARI ba="0,0" hai="15,19,21,43,46,49,53,56,60,77,78,97,100,105" machi="49" ten="30,1000,0" yaku="7,1" doraHai="4" who="1" fromWho="2" sc="236,0,223,10,335,-10,206,0" /><INIT seed="4,0,0,1,4,106" ten="236,233,325,206" oya="0" hai0="15,61,34,2,47,65,40,29,89,103,94,18,23" hai1="96,131,56,132,10,73,17,126,13,3,107,9,8" hai2="90,46,125,45,104,135,5,110,98,124,78,19,120" hai3="67,83,38,25,58,86,37,133,79,64,97,48,113"/><T28/><D2/><U49/><E132/><V16/><F110/><W39/><G133/><T21/><D103/><U54/><E131/><V118/><F135/><W88/><G113/><T0/><D0/><U84/><E126/><N who="2" m="48747" /><F120/><W111/><G111/><T68/><D23/><U59/><E84/><V1/><F118/><W11/><G25/><T95/><D95/><U129/><E129/><V60/><F78/><W20/><G20/><T80/><D80/><U130/><E130/><V117/><F60/><W44/><G58/><T76/><D76/><U108/><E108/><V91/><F117/><W122/><G122/><T82/><D82/><U35/><E35/><V100/><F5/><W26/><G26/><T63/><D63/><U101/><E59/><V128/><F1/><W31/><G31/><T30/><D34/><U102/><E101/><V74/><F74/><W62/><G62/><T116/><D116/><U85/><E85/><V114/><F114/><W41/><REACH who="3" step="1"/><G11/><REACH who="3" ten="236,233,325,196" step="2"/><T7/><D29/><U69/><E3/><V66/><F128/><W70/><G70/><T121/><D121/><U93/><E69/><V24/><F24/><W115/><G115/><T52/><D28/><U119/><E119/><V77/><F66/><W4/><G4/><T134/><D30/><U33/><E33/><V99/><F19/><W109/><G109/><T87/><D7/><U57/><E57/><V71/><F16/><W75/><G75/><T112/><D112/><U105/><E73/><V92/><F71/><W72/><G72/><T14/><D134/><U53/><E53/><V27/><F27/><RYUUKYOKU ba="0,1" sc="236,-15,233,15,325,-15,196,15" hai1="8,9,10,13,17,49,54,56,93,96,102,105,107" hai3="37,38,39,41,44,48,64,67,79,83,86,88,97" /><INIT seed="5,1,1,2,4,72" ten="221,248,310,211" oya="1" hai0="66,47,39,79,97,1,4,38,46,80,22,59,121" hai1="62,130,43,35,13,37,116,92,30,120,131,50,58" hai2="75,112,132,106,101,73,125,51,109,118,26,57,68" hai3="99,55,123,96,48,69,16,84,21,64,40,32,124"/><U114/><E116/><V7/><F7/><W20/><G32/><T33/><D33/><U0/><E0/><V52/><F109/><W81/><G123/><T6/><D121/><U28/><E120/><V105/><F118/><W133/><G133/><T60/><D22/><U3/><E3/><V63/><F132/><W129/><G129/><N who="1" m="49162" /><E37/><V103/><F125/><W23/><G40/><T10/><D6/><U108/><E35/><V29/><F103/><W95/><G64/><T53/><D97/><N who="3" m="37449" /><G69/><T15/><D1/><U9/><E92/><V56/><F68/><W111/><G95/><T122/><D122/><U100/><E100/><V41/><F101/><W74/><G74/><T113/><D113/><U87/><E87/><V91/><F73/><W45/><G111/><T86/><REACH who="0" step="1"/><D66/><REACH who="0" ten="211,248,310,211" step="2"/><N who="1" m="39255" /><E114/><V31/><F112/><W94/><G124/><T11/><D11/><U67/><E67/><V27/><F105/><W117/><G117/><T128/><D128/><U126/><E126/><V19/><F106/><W90/><G94/><T77/><D77/><U71/><E108/><V14/><F91/><W119/><G119/><T110/><D110/><U61/><E71/><V24/><F75/><W25/><AGARI ba="1,2" hai="16,20,21,23,25,45,48,55,81,84,90" m="37449" machi="25" ten="30,2000,0" yaku="8,1,54,1" doraHai="72" who="3" fromWho="3" sc="211,-6,248,-11,310,-6,211,43" /><INIT seed="6,0,0,1,1,7" ten="205,237,304,254" oya="2" hai0="4,52,8,19,39,109,127,122,56,93,88,110,78" hai1="133,62,13,55,75,47,27,77,99,64,63,84,95" hai2="36,25,68,123,135,97,38,21,83,100,5,70,120" hai3="124,24,16,1,74,132,44,117,79,50,37,102,45"/><V101/><F135/><W96/><G117/><T59/><D122/><U103/><E133/><V125/><F125/><W30/><G1/><T106/><D106/><U69/><E75/><V114/><F114/><W111/><G111/><T12/><D39/><U31/><E77/><V41/><F83/><W94/><G37/><T87/><D127/><U113/><E113/><V108/><F5/><W0/><G0/><T17/><D78/><U33/><E13/><V91/><F91/><W134/><G45/><T6/><D6/><U66/><E84/><V60/><F108/><W32/><G124/><T23/><D110/><U65/><E47/><V49/><F49/><W98/><G98/><T29/><D59/><U116/><E116/><V48/><F48/><W46/><G46/><T129/><D129/><U86/><E86/><V54/><F41/><W22/><G79/><T72/><D72/><U104/><E95/><V92/><F38/><W18/><G74/><T40/><D40/><U42/><E42/><V90/><F36/><W105/><G105/><T130/><D130/><U119/><E119/><V3/><F3/><W81/><G81/><T58/><D58/><AGARI ba="0,0" hai="27,31,33,55,58,62,63,64,65,66,69,99,103,104" machi="58" ten="40,2600,0" yaku="25,2" doraHai="7" who="1" fromWho="0" sc="205,-26,237,26,304,0,254,0" /><INIT seed="7,0,0,3,3,23" ten="179,263,304,254" oya="3" hai0="16,20,15,48,53,98,6,131,5,111,27,75,130" hai1="124,133,56,35,71,69,106,107,39,94,55,77,54" hai2="72,57,64,85,121,73,118,7,113,25,63,132,58" hai3="79,89,65,87,10,0,49,97,66,93,105,96,1"/><W81/><G1/><T83/><D111/><U38/><E77/><V24/><F118/><W120/><G120/><T76/><D98/><U41/><E94/><V17/><F113/><W122/><G122/><T46/><REACH who="0" step="1"/><D15/><REACH who="0" ten="169,263,304,254" step="2"/><U32/><E124/><V51/><F121/><W101/><G0/><T26/><D26/><U8/><E8/><V50/><F24/><W129/><G10/><T43/><D43/><U9/><E9/><V82/><F132/><W18/><G129/><AGARI ba="0,1" hai="5,6,16,20,27,46,48,53,75,76,83,129,130,131" machi="129" ten="40,8000,1" yaku="1,1,19,1,52,1,54,1,53,0" doraHai="23" doraHaiUra="37" who="0" fromWho="3" sc="169,90,263,0,304,0,254,-80" owari="259,-14.1,263,6.3,304,40.4,174,-32.6" /></mjloggm>