<mjloggm ver="2.3"><GO type="41" lobby="0"/><UN n0="%E3%82%82%E3%81%90%E3%82%89%32%39" n1="%E2%93%9D%4C%75%63%6B%79%4A" n2="%4F%7A%32" n3="%E5%88%9D%E5%BF%83%E5%BF%98%E3%82%8C%E3%81%9A" dan="14,18,13,14" rate="1926.39,2141.81,1822.88,1905.77" sx="M,M,M,M"/><TAIKYOKU oya="0"/><INIT seed="0,0,0,2,1,122" ten="250,250,250,250" oya="0" hai0="26,132,21,74,61,31,42,49,125,124,52,25,75" hai1="10,93,128,18,57,130,32,22,89,97,72,111,87" hai2="4,77,56,19,73,67,106,16,46,121,1,114,30" hai3="117,2,8,70,6,43,36,35,37,131,54,12,82"/><T41/><D132/><U28/><E32/><V86/><F106/><W24/><G117/><T62/><D62/><U83/><E28/><V59/><F114/><W65/><G65/><T9/><D9/><U113/><E113/><V69/><F73/><W100/><G70/><T105/><D105/><U76/><E10/><V79/><F1/><W3/><G100/><T135/><D135/><U84/><E57/><V110/><F110/><W102/><G102/><T60/><D61/><U81/><E22/><V11/><F69/><W0/><G131/><N who="1" m="50218" /><E18/><V68/><F68/><W123/><G123/><T133/><D133/><U126/><E126/><N who="0" m="48745" /><D60/><U45/><E45/><V112/><F67/><W58/><G43/><N who="0" m="16395" /><D26/><U99/><E111/><V39/><F121/><W119/><G24/><T50/><D50/><U38/><E38/><V17/><F39/><W23/><G35/><T29/><D31/><U108/><E108/><V115/><F30/><W53/><G37/><T47/><AGARI ba="0,0" hai="21,25,29,47,49,52,74,75" m="16395,48745" machi="47" ten="30,3000,0" yaku="18,1,54,1" doraHai="122" who="0" fromWho="0" sc="250,30,250,-10,250,-10,250,-10" /><INIT seed="0,1,0,1,1,50" ten="280,240,240,240" oya="0" hai0="54,82,100,30,16,129,66,111,27,9,71,10,3" hai1="96,95,98,8,91,120,105,49,99,4,132,97,26" hai2="29,101,94,40,88,21,12,135,77,118,109,59,23" hai3="122,22,46,69,116,128,17,134,74,47,86,126,117"/><T7/><D111/><U33/><E120/><V37/><F109/><W121/><G74/><T11/><D129/><U72/><E132/><V51/><F135/><W56/><G69/><T20/><D100/><U60/><E72/><V62/><F77/><W1/><G1/><T67/><D82/><U78/><E60/><V93/><F37/><W28/><G28/><T55/><D11/><U14/><E78/><V13/><F101/><W42/><G86/><T113/><D113/><U35/><E105/><V70/><F70/><W106/><G106/><T104/><D104/><U41/><E41/><V65/><F93/><W108/><G108/><T25/><D10/><U110/><E110/><V39/><F39/><W15/><G134/><T102/><D102/><U52/><REACH who="1" step="1"/><E26/><REACH who="1" ten="280,230,240,240" step="2"/><N who="2" m="16591" /><F118/><W92/><G121/><T90/><D90/><U32/><E32/><V18/><F40/><W83/><G42/><T53/><REACH who="0" step="1"/><D71/><REACH who="0" ten="270,230,240,240" step="2"/><U130/><E130/><V48/><F13/><W64/><G15/><T124/><D124/><U85/><E85/><AGARI ba="1,2" hai="12,18,23,48,51,59,62,65,85,88,94" m="16591" machi="85" ten="30,2000,0" yaku="8,1,54,1" doraHai="50" who="2" fromWho="1" sc="270,0,230,-23,240,43,240,0" /><INIT seed="1,0,0,2,1,68" ten="270,207,283,240" oya="1" hai0="4,36,9,41,48,129,59,35,95,67,120,88,101" hai1="91,94,73,96,104,24,84,19,31,98,114,56,79" hai2="70,81,37,38,117,50,89,10,93,92,20,51,112" hai3="83,99,77,12,131,23,124,14,105,125,69,64,3"/><U45/><E114/><V71/><F117/><W32/><G3/><T132/><D132/><U44/><E19/><V102/><F112/><W0/><G0/><T122/><D35/><U130/><E130/><V63/><F81/><W110/><G32/><T49/><D101/><U40/><E45/><V103/><F20/><W62/><G110/><T82/><D82/><U87/><E56/><V7/><F63/><W18/><G131/><T1/><D129/><U21/><E73/><V85/><F85/><W60/><G60/><T52/><D67/><U116/><E116/><V133/><F7/><W34/><G34/><T46/><REACH who="0" step="1"/><D49/><REACH who="0" ten="260,207,283,240" step="2"/><N who="1" m="26759" /><E104/><V29/><F133/><W66/><G66/><T58/><D58/><U127/><E127/><V72/><F51/><W61/><G64/><T28/><D28/><U33/><E33/><V106/><F50/><W55/><G83/><AGARI ba="0,1" hai="21,24,31,79,83,84,87,91,94,96,98" m="26759" machi="83" ten="30,1500,0" yaku="8,1" doraHai="68" who="1" fromWho="3" sc="260,0,207,25,283,0,240,-15" /><INIT seed="1,1,0,5,4,116" ten="260,232,283,225" oya="1" hai0="79,99,55,68,23,48,19,58,63,13,120,35,107" hai1="132,43,97,3,134,129,112,110,20,15,50,5,28" hai2="39,74,84,6,18,64,17,30,16,46,131,111,44" hai3="71,88,76,113,66,123,26,52,121,7,101,127,122"/><U75/><E75/><V128/><F74/><W115/><G127/><T67/><D79/><U119/><E43/><V130/><F111/><W36/><G76/><T126/><D126/><U90/><E50/><V104/><F104/><W87/><G36/><T109/><D109/><U0/><E97/><V8/><F39/><W65/><G101/><T60/><D35/><U24/><E90/><V106/><F106/><W85/><G7/><T82/><D82/><U125/><E119/><V27/><F64/><W25/><G52/><T38/><D38/><U96/><E96/><V100/><F84/><W133/><G133/><N who="1" m="51306" /><E112/><V51/><F100/><W95/><G121/><T92/><D107/><U102/><E102/><V32/><REACH who="2" step="1"/><F51/><REACH who="2" ten="260,232,273,225" step="2"/><W56/><G71/><T73/><D73/><U33/><E110/><V70/><F70/><W86/><G65/><T59/><D120/><U108/><E108/><V11/><F11/><W37/><G85/><T89/><REACH who="0" step="1"/><D60/><REACH who="0" ten="250,232,273,225" step="2"/><U81/><E125/><V94/><F94/><W69/><G37/><T29/><D29/><U9/><E81/><V98/><F98/><W62/><G122/><T117/><D117/><U2/><E129/><V135/><F135/><W42/><G123/><T118/><D118/><U49/><E49/><V12/><AGARI ba="1,2" hai="6,8,12,16,17,18,27,30,32,44,46,128,130,131" machi="12" ten="40,8000,1" yaku="1,1,0,1,19,1,54,1,53,0" doraHai="116" doraHaiUra="72" who="2" fromWho="2" sc="250,-21,232,-41,273,103,225,-21" /><INIT seed="2,0,0,5,0,133" ten="229,191,376,204" oya="2" hai0="71,49,80,65,12,85,36,18,6,11,13,118,129" hai1="23,123,117,121,101,84,98,5,110,9,17,20,25" hai2="44,37,56,90,34,107,128,134,43,59,126,22,15" hai3="95,40,45,119,10,77,76,120,66,41,48,52,81"/><V82/><F128/><W3/><G120/><N who="1" m="46154" /><E84/><V127/><F107/><W100/><G119/><T8/><D129/><U60/><E60/><V42/><F34/><W73/><G66/><T116/><D36/><U57/><E57/><V88/><F134/><W62/><G76/><T58/><D71/><U102/><E98/><V109/><F109/><W97/><REACH who="3" step="1"/><G62/><REACH who="3" ten="229,191,376,194" step="2"/><T53/><REACH who="0" step="1"/><D65/><REACH who="0" ten="219,191,376,194" step="2"/><U30/><E117/><V47/><F59/><W31/><G31/><T39/><D39/><U70/><E110/><V131/><F56/><W104/><G104/><T35/><D35/><U68/><E70/><V51/><F131/><W24/><G24/><T106/><D106/><U2/><E68/><V7/><F82/><W83/><G83/><T75/><D75/><U103/><E30/><V105/><F105/><W50/><G50/><T21/><D21/><AGARI ba="0,2" hai="2,5,9,17,20,21,23,25,101,102,103" m="46154" machi="21" ten="30,1000,0" yaku="13,1" doraHai="133" who="1" fromWho="0" sc="219,-10,191,30,376,0,194,0" /><INIT seed="3,0,0,0,0,112" ten="209,221,376,194" oya="3" hai0="80,100,110,78,64,108,107,91,130,120,95,82,109" hai1="39,65,118,73,17,37,68,123,61,127,102,101,57" hai2="29,114,38,22,116,60,4,56,20,31,47,89,76" hai3="117,115,10,41,90,23,98,16,105,13,97,11,85"/><W66/><G115/><T51/><D64/><U34/><E73/><V121/><F114/><W84/><G41/><T54/><D120/><U99/><E102/><V124/><F121/><W7/><G11/><T14/><D130/><U33/><E57/><V45/><F76/><W74/><G74/><T52/><D54/><U69/><E17/><V63/><F38/><N who="1" m="14345" /><E127/><V131/><F131/><W19/><G19/><T87/><D14/><U106/><E69/><V70/><F124/><W92/><G66/><T49/><D49/><U83/><E83/><V40/><F70/><W44/><G44/><N who="2" m="16969" /><F40/><W15/><G105/><T8/><D8/><U79/><E79/><V42/><F42/><W94/><REACH who="3" step="1"/><G117/><REACH who="3" ten="209,221,376,184" step="2"/><T125/><D125/><U58/><E123/><V126/><F116/><W128/><G128/><T111/><D111/><U30/><E118/><V43/><F126/><W36/><G36/><T26/><D26/><N who="1" m="18775" /><E58/><V72/><F43/><W6/><G6/><T122/><D122/><U133/><E33/><V62/><F72/><W75/><G75/><T132/><D109/><U35/><E35/><V24/><F4/><W113/><G113/><T59/><D110/><U67/><E67/><V96/><F56/><W18/><G18/><T50/><D108/><U46/><E46/><V88/><F29/><W9/><G9/><T53/><D107/><U81/><E81/><V129/><F129/><W5/><G5/><T86/><D80/><U12/><E12/><V55/><F31/><W32/><G32/><T71/><D71/><U25/><E25/><V27/><F27/><W21/><G21/><RYUUKYOKU ba="0,1" sc="209,-15,221,15,376,-15,184,15" hai1="61,65,68,99,101,106,133" hai3="7,10,13,15,16,23,84,85,90,92,94,97,98" /><INIT seed="3,1,1,1,0,44" ten="194,236,361,199" oya="3" hai0="0,109,115,10,46,20,108,63,129,35,28,55,78" hai1="123,58,132,53,3,42,133,118,60,34,106,131,81" hai2="25,102,84,80,9,16,112,105,62,72,45,29,37" hai3="71,4,19,97,119,99,15,48,86,5,38,32,74"/><W64/><G38/><T82/><D129/><U101/><E34/><V65/><F72/><W69/><G74/><T30/><D35/><U8/><E123/><V27/><F112/><W61/><G119/><T59/><D115/><U1/><E42/><V17/><F105/><W88/><G32/><T54/><D20/><U57/><E131/><V12/><F102/><W134/><G134/><N who="1" m="51818" /><E81/><V89/><F17/><W103/><G71/><T113/><D113/><U124/><E124/><V85/><F85/><W67/><G64/><T40/><D54/><N who="1" m="33879" /><E8/><V21/><F37/><W13/><G99/><T50/><D0/><U90/><E90/><V24/><REACH who="2" step="1"/><F45/><REACH who="2" ten="194,236,351,199" step="2"/><W43/><G19/><T83/><D83/><U2/><E101/><V94/><F94/><W128/><G128/><T79/><D79/><U31/><E106/><V104/><F104/><W47/><G5/><T135/><D135/><U52/><E118/><V75/><F75/><W23/><G4/><T14/><D30/><U126/><E31/><V93/><F93/><W70/><G103/><T41/><D28/><U121/><E121/><V6/><F6/><W95/><G97/><T22/><D22/><U11/><E11/><V26/><F26/><W36/><G23/><T18/><REACH who="0" step="1"/><D41/><REACH who="0" ten="184,236,351,199" step="2"/><U66/><E126/><V7/><F7/><W107/><G43/><T39/><D39/><U111/><E3/><V122/><F122/><W100/><G36/><T116/><D116/><U92/><E2/><V98/><F98/><W87/><G107/><T77/><D77/><U120/><E120/><V117/><F117/><W110/><G100/><RYUUKYOKU ba="1,3" sc="184,15,236,-15,351,15,199,-15" hai0="10,14,18,40,46,50,55,59,63,78,82,108,109" hai2="9,12,16,21,24,25,27,29,62,65,80,84,89" /><INIT seed="4,2,3,1,3,13" ten="199,221,366,184" oya="0" hai0="9,121,53,41,117,22,122,72,96,16,48,69,47" hai1="21,77,51,116,110,134,101,18,19,55,132,114,30" hai2="108,57,99,124,28,12,64,74,125,128,14,129,43" hai3="98,56,0,126,29,93,49,34,44,42,113,111,11"/><T70/><D117/><U17/><E110/><V73/><F28/><W59/><G111/><T61/><D72/><N who="2" m="27754" /><F43/><W25/><G113/><T103/><D9/><U105/><E116/><V86/><F99/><W95/><G126/><N who="2" m="48745" /><F86/><W36/><G0/><T135/><D135/><N who="1" m="51755" /><E77/><V76/><F76/><W37/><G11/><T82/><D82/><U52/><E114/><V8/><F108/><W133/><G133/><T81/><D81/><U63/><E63/><N who="2" m="37999" /><F14/><W78/><G78/><T23/><D23/><U104/><E101/><V50/><F50/><W79/><G79/><T31/><D31/><U68/><E68/><V58/><F58/><W62/><G59/><T33/><D33/><U112/><E112/><V24/><F24/><W123/><G123/><T46/><D70/><U39/><E39/><V120/><F120/><W71/><G95/><T7/><D7/><AGARI ba="2,3" hai="7,8,12,128,129" m="37999,48745,27754" machi="7" ten="30,1000,0" yaku="18,1" doraHai="13" who="2" fromWho="0" sc="199,-16,221,0,366,46,184,0" /><INIT seed="5,0,0,4,3,26" ten="183,221,412,184" oya="1" hai0="124,110,59,109,98,22,90,49,56,25,23,113,86" hai1="41,39,107,130,1,128,38,11,7,101,27,71,95" hai2="123,8,96,48,12,16,69,17,94,20,52,54,117" hai3="29,63,74,97,68,125,31,77,89,72,53,44,60"/><U18/><E95/><V104/><F69/><W57/><G125/><T127/><D98/><N who="1" m="61879" /><E41/><V9/><F123/><W58/><G68/><T6/><D6/><U0/><E18/><V120/><F120/><W70/><G70/><T15/><D15/><U133/><E133/><V81/><F104/><W46/><G77/><T33/><D33/><U105/><E71/><V36/><F36/><N who="1" m="13865" /><E27/><V47/><F117/><W51/><G74/><T85/><D25/><U121/><E121/><V4/><F9/><W37/><G72/><T112/><D90/><U65/><E65/><V62/><F62/><W79/><G79/><T3/><REACH who="0" step="1"/><D49/><REACH who="0" ten="173,221,412,184" step="2"/><U100/><E1/><AGARI ba="0,1" hai="1,3,22,23,56,59,85,86,109,110,112,113,124,127" machi="1" ten="25,12000,2" yaku="1,1,2,1,22,2,53,2" doraHai="26" doraHaiUra="135" who="0" fromWho="1" sc="173,130,221,-120,412,0,184,0" /><INIT seed="6,0,0,1,5,112" ten="303,101,412,184" oya="2" hai0="135,67,129,36,46,118,83,113,75,128,22,132,110" hai1="35,65,66,76,2,95,71,62,114,130,107,77,0" hai2="53,89,124,63,120,80,100,81,56,1,39,131,28" hai3="85,99,26,97,79,21,119,31,103,116,33,49,70"/><V86/><F1/><W58/><G70/><T42/><D22/><U12/><E114/><V17/><F131/><N who="0" m="50250" /><D110/><U7/><E130/><V52/><F124/><W50/><G99/><T24/><D113/><U96/><E107/><V37/><F120/><W88/><G79/><N who="0" m="44543" /><D24/><U133/><E133/><N who="0" m="51273" /><D67/><U29/><E66/><V68/><F68/><W87/><G85/><T115/><D115/><U111/><E111/><V25/><F100/><W30/><G31/><T13/><D13/><U16/><E2/><V104/><F104/><W34/><G21/><T105/><D105/><U20/><E7/><V134/><F134/><W4/><G4/><T14/><D14/><U10/><E35/><V98/><F53/><W84/><G34/><T91/><D91/><U59/><E71/><V125/><F37/><W27/><G84/><T82/><D82/><U73/><E73/><V9/><F81/><W64/><G27/><T51/><D51/><U5/><REACH who="1" step="1"/><E29/><REACH who="1" ten="303,91,412,184" step="2"/><V23/><F39/><W94/><G64/><T11/><D11/><U117/><E117/><AGARI ba="0,1" hai="36,42,46,117,118" m="51273,44543,50250" machi="117" ten="40,8000,1" yaku="19,1,20,1,23,1,52,2" doraHai="112" who="0" fromWho="1" sc="303,90,91,-80,412,0,184,0" /><INIT seed="7,0,0,4,1,29" ten="393,11,412,184" oya="3" hai0="114,92,71,43,65,102,42,70,57,61,103,99,119" hai1="23,122,89,22,126,127,58,25,81,56,77,104,117" hai2="98,101,30,130,93,13,14,87,50,16,41,52,44" hai3="15,113,84,85,8,59,86,5,123,133,11,74,6"/><W26/><G123/><T31/><D119/><U109/><E122/><V100/><F130/><W95/><G74/><T40/><D114/><U33/><E104/><V10/><F30/><W60/><G133/><T48/><D103/><U135/><E89/><V128/><F128/><W124/><G124/><T3/><D3/><U0/><E0/><V134/><F134/><W120/><G113/><T80/><D80/><U67/><E135/><V63/><F87/><W79/><G120/><T53/><REACH who="0" step="1"/><D31/><REACH who="0" ten="383,11,412,184" step="2"/><U106/><E117/><V72/><F101/><W55/><G79/><T96/><D96/><U111/><E77/><V108/><F108/><W118/><G118/><T47/><AGARI ba="0,1" hai="40,42,43,47,48,53,57,61,65,70,71,92,99,102" machi="47" ten="30,4000,0" yaku="1,1,0,1,53,1" doraHai="29" doraHaiUra="54" who="0" fromWho="0" sc="383,50,11,-10,412,-10,184,-20" owari="433,53.3,1,-49.9,402,20.2,164,-23.6" /></mjloggm>