<mjloggm ver="2.3"><GO type="41" lobby="0"/><UN n0="%E2%93%9D%4C%75%63%6B%79%4A" n1="%E9%9B%AA%E9%9C%A7%E9%9B%AA" n2="%E3%81%95%E3%81%A8%E3%83%86%E3%83%AB" n3="%E3%82%89%E3%81%BF%E3%81%BF" dan="18,14,14,13" rate="2139.73,1985.32,1931.38,1869.06" sx="M,M,M,F"/><TAIKYOKU oya="0"/><INIT seed="0,0,0,4,1,130" ten="250,250,250,250" oya="0" hai0="24,73,43,108,6,121,41,0,126,21,103,135,98" hai1="97,104,134,22,44,38,92,83,31,17,105,25,58" hai2="129,2,72,48,110,16,75,18,55,52,61,42,128" hai3="36,10,74,59,117,71,132,91,51,77,63,79,84"/><T94/><D121/><U53/><E83/><V19/><F2/><W69/><G117/><T118/><D118/><U120/><E120/><V64/><F42/><W122/><G36/><T40/><D126/><U131/><E131/><N who="2" m="50251" /><F110/><W60/><G122/><T27/><D73/><N who="2" m="28234" /><F48/><W106/><G106/><T65/><D108/><U35/><E44/><V33/><F33/><W80/><G79/><T114/><D114/><U112/><E38/><V4/><F4/><W23/><G10/><T90/><D65/><U99/><E99/><V20/><F20/><W123/><G123/><T125/><D125/><U70/><E70/><AGARI ba="0,0" hai="16,18,19,52,55,61,64,70" m="28234,50251" machi="70" ten="40,5200,0" yaku="19,1,54,2" doraHai="130" who="2" fromWho="1" sc="250,0,250,-52,250,52,250,0" /><INIT seed="1,0,0,1,5,48" ten="250,198,302,250" oya="1" hai0="102,128,84,40,93,89,81,66,16,21,76,101,7" hai1="98,75,10,54,24,97,86,124,70,131,41,46,91" hai2="15,64,26,80,100,56,53,27,133,87,44,73,99" hai3="32,9,118,77,38,57,5,61,85,125,50,37,104"/><U134/><E131/><V105/><F73/><W14/><G104/><T2/><D128/><U58/><E124/><V33/><F133/><W130/><G130/><T43/><D66/><U60/><E134/><V96/><F64/><W123/><G32/><T112/><D112/><U63/><E75/><V132/><F33/><W52/><G123/><T12/><D2/><U107/><E10/><V65/><F99/><W121/><G121/><T72/><REACH who="0" step="1"/><D7/><REACH who="0" ten="240,198,302,250" step="2"/><U120/><E120/><V59/><F65/><W126/><G118/><T35/><D35/><U42/><E70/><V74/><F132/><W109/><G109/><T103/><AGARI ba="0,1" hai="12,16,21,40,43,72,76,81,84,89,93,101,102,103" machi="103" ten="30,4000,0" yaku="1,1,0,1,54,1,53,0" doraHai="48" doraHaiUra="28" who="0" fromWho="0" sc="240,50,198,-20,302,-10,250,-10" /><INIT seed="2,0,0,2,1,23" ten="290,178,292,240" oya="2" hai0="84,102,65,98,38,77,57,62,134,100,9,58,118" hai1="63,95,34,88,121,74,56,37,111,119,7,112,70" hai2="32,85,31,1,101,76,33,73,15,124,19,81,123" hai3="2,122,50,103,115,10,27,92,5,131,104,4,117"/><V94/><F123/><W91/><G122/><T43/><D118/><U35/><E121/><V68/><F68/><W29/><G117/><T45/><D134/><U120/><E120/><V114/><F1/><W3/><G131/><T108/><D108/><U125/><E119/><V47/><F114/><W86/><G115/><T72/><D84/><U30/><E112/><V130/><F124/><W90/><G50/><T89/><D89/><U44/><E74/><V52/><F31/><W20/><G91/><T36/><D102/><U66/><E111/><V18/><F18/><W96/><REACH who="3" step="1"/><G5/><REACH who="3" ten="290,178,292,230" step="2"/><T110/><D110/><U55/><E7/><V99/><F130/><W25/><G25/><T21/><D38/><U128/><E128/><V71/><F71/><W79/><G79/><T106/><D77/><U75/><E125/><V82/><F73/><W14/><AGARI ba="0,1" hai="2,3,4,10,14,20,27,29,86,90,92,96,103,104" machi="14" ten="20,5200,0" yaku="1,1,0,1,7,1,52,1,53,0" doraHai="23" doraHaiUra="40" who="3" fromWho="3" sc="290,-13,178,-13,292,-26,230,62" /><INIT seed="3,0,0,0,5,43" ten="277,165,266,292" oya="3" hai0="91,51,1,33,42,47,58,28,37,32,131,113,8" hai1="108,127,93,54,13,132,86,96,71,90,52,78,112" hai2="75,107,110,67,76,77,68,87,27,89,60,45,20" hai3="84,95,57,65,15,23,129,26,48,49,10,7,59"/><W3/><G129/><T22/><D131/><U109/><E112/><V39/><F107/><W56/><G3/><T99/><D113/><U40/><E71/><V74/><F110/><N who="1" m="42601" /><E127/><V25/><F25/><W16/><G65/><T81/><D22/><U102/><E132/><V126/><F126/><W0/><G0/><T80/><D28/><U120/><E120/><V117/><F75/><W38/><G38/><T66/><D33/><U63/><E78/><V29/><F117/><W134/><G134/><T101/><D91/><AGARI ba="0,0" hai="7,10,15,16,23,26,48,49,56,57,59,84,91,95" machi="91" ten="40,3900,0" yaku="8,1,54,1" doraHai="43" who="3" fromWho="0" sc="277,-39,165,0,266,0,292,39" /><INIT seed="3,1,0,5,2,51" ten="238,165,266,331" oya="3" hai0="110,103,101,71,95,54,112,55,15,66,79,72,25" hai1="91,87,132,86,126,14,125,9,30,8,47,32,0" hai2="134,16,104,23,46,41,6,128,5,107,84,109,52" hai3="34,121,118,61,105,40,100,17,88,102,27,44,115"/><W98/><G118/><T31/><D112/><U65/><E132/><V82/><F109/><W93/><G115/><T119/><D119/><U74/><E74/><V4/><F134/><W26/><G121/><T24/><D110/><U97/><E65/><V78/><F128/><W113/><G113/><T122/><D122/><U111/><E111/><V58/><F46/><W94/><G105/><T124/><D15/><U99/><E0/><V28/><F28/><W114/><G114/><T117/><D117/><U39/><E30/><V22/><F22/><W120/><G120/><T35/><D124/><N who="1" m="47723" /><E32/><V62/><REACH who="2" step="1"/><F41/><REACH who="2" ten="238,165,256,331" step="2"/><W116/><G116/><T33/><D31/><U56/><E47/><V3/><F3/><W38/><G34/><T68/><D35/><U10/><E14/><AGARI ba="1,1" hai="4,5,6,14,16,23,52,58,62,78,82,84,104,107" machi="14" ten="40,8000,1" yaku="1,1,52,1,54,2,53,0" doraHai="51" doraHaiUra="42" who="2" fromWho="1" sc="238,0,165,-83,256,93,331,0" /><INIT seed="4,0,0,3,2,115" ten="238,82,349,331" oya="0" hai0="117,40,109,37,38,5,2,105,65,27,21,83,89" hai1="133,130,35,1,6,82,60,48,95,26,123,132,90" hai2="55,44,42,134,13,34,122,31,49,112,84,77,19" hai3="99,111,4,103,28,11,75,101,54,36,62,87,58"/><T70/><D105/><U118/><E123/><V9/><F122/><W12/><G75/><T7/><D109/><U63/><E82/><V68/><F68/><W76/><G36/><T124/><D124/><U32/><E48/><V73/><F73/><W69/><G69/><T81/><D2/><U3/><E26/><V71/><F71/><W135/><G135/><N who="1" m="51786" /><E130/><V80/><F112/><W96/><G28/><T0/><D0/><N who="1" m="75" /><E6/><V23/><F34/><N who="1" m="12841" /><E118/><V8/><F134/><W121/><G121/><T102/><D7/><U128/><E128/><V131/><F131/><W93/><G111/><T88/><D5/><U98/><AGARI ba="0,0" hai="60,63,90,95,98" m="12841,75,51786" machi="98" ten="40,1500,0" yaku="20,1" doraHai="115" who="1" fromWho="1" sc="238,-7,82,15,349,-4,331,-4" /><INIT seed="5,0,0,3,0,123" ten="231,97,345,327" oya="1" hai0="103,5,111,85,55,28,125,79,95,20,122,13,50" hai1="130,131,102,100,92,115,60,81,52,120,97,78,3" hai2="57,84,36,18,53,4,24,104,135,9,45,109,11" hai3="101,41,107,121,105,133,25,31,74,48,82,43,8"/><U21/><E3/><V69/><F69/><W76/><G121/><T27/><D125/><U33/><E33/><V66/><F104/><W77/><G133/><T37/><D37/><U67/><E120/><V70/><F135/><W96/><G107/><T117/><D122/><U72/><E115/><V32/><F70/><W94/><G77/><T63/><D117/><U116/><E116/><V23/><F66/><W80/><G80/><T98/><D111/><U35/><E35/><V30/><F109/><W75/><G75/><T22/><D63/><U87/><E21/><V113/><F113/><W91/><G48/><T93/><D79/><U108/><E52/><V15/><F84/><N who="3" m="52583" /><G8/><T2/><D2/><U0/><E0/><N who="2" m="135" /><F45/><W56/><G56/><T64/><D64/><U71/><E108/><V129/><F36/><W99/><G99/><T73/><D73/><U58/><E71/><V42/><F42/><W106/><G106/><T114/><D114/><U124/><E124/><V14/><F57/><W12/><G12/><T17/><D5/><U61/><E61/><V112/><F53/><W126/><G126/><T7/><D7/><U88/><REACH who="1" step="1"/><E102/><REACH who="1" ten="231,87,345,327" step="2"/><V132/><F112/><W29/><G29/><T119/><D28/><U16/><E16/><N who="2" m="8287" /><F132/><W40/><G40/><T46/><D119/><U49/><E49/><V38/><F38/><W68/><G68/><T6/><D6/><U47/><E47/><V62/><F62/><W26/><G31/><N who="0" m="17911" /><D46/><U19/><E19/><V89/><F89/><W39/><G39/><T10/><D50/><U65/><E65/><V128/><AGARI ba="0,1" hai="15,18,23,24,30,32,128,129" m="8287,135" machi="128" ten="30,8000,1" yaku="5,1,24,1,34,2,54,1" doraHai="123" who="2" fromWho="2" sc="231,-20,87,-40,345,90,327,-20" /><INIT seed="6,0,0,3,5,73" ten="211,47,435,307" oya="2" hai0="26,45,46,49,2,44,55,100,68,83,92,20,65" hai1="131,98,119,88,56,96,123,77,52,28,42,37,84" hai2="29,102,69,90,39,31,30,0,74,93,22,23,18" hai3="15,40,57,81,129,101,58,9,34,64,5,99,124"/><V79/><F69/><W103/><G34/><T95/><D2/><U106/><E119/><V7/><F39/><W110/><G129/><T17/><D68/><U48/><E131/><V85/><F102/><W13/><G110/><T14/><D65/><U122/><E28/><V87/><F74/><W6/><G124/><T11/><D83/><N who="1" m="47215" /><E106/><V114/><F7/><W113/><G40/><T3/><D3/><U61/><E37/><V41/><F41/><W118/><G118/><T111/><D111/><U80/><E123/><V19/><F114/><W117/><G117/><T135/><D135/><U97/><E122/><V72/><F72/><W82/><G64/><T125/><D125/><U75/><E75/><V89/><F0/><W127/><G127/><T62/><D62/><U43/><E61/><V27/><F79/><W70/><G70/><T47/><REACH who="0" step="1"/><D100/><REACH who="0" ten="201,47,435,307" step="2"/><U121/><E121/><V120/><F120/><W33/><G103/><T132/><D132/><U108/><E108/><V8/><F8/><W112/><G101/><T134/><D134/><U12/><E12/><V133/><F133/><W50/><G9/><T53/><D53/><U109/><E109/><V10/><F10/><W115/><G115/><T25/><D25/><U38/><E38/><V16/><F27/><W4/><G113/><T32/><D32/><U91/><E80/><AGARI ba="0,1" hai="16,18,19,22,23,29,30,31,80,85,87,89,90,93" machi="80" ten="40,3900,0" yaku="8,1,54,1" doraHai="73" who="2" fromWho="1" sc="201,0,47,-39,435,49,307,0" /><INIT seed="6,1,0,0,5,120" ten="201,8,484,307" oya="2" hai0="1,24,53,90,126,108,115,94,76,31,109,124,34" hai1="61,4,33,10,2,41,62,47,111,80,103,119,5" hai2="132,107,112,27,113,96,14,8,64,9,105,54,71" hai3="60,86,101,18,51,123,75,135,59,82,66,98,52"/><V121/><F71/><W44/><G123/><T11/><D76/><U110/><E119/><V85/><F64/><W93/><G75/><T89/><D53/><U125/><E125/><N who="0" m="48233" /><D115/><U35/><E103/><V38/><F38/><W28/><G135/><T16/><D90/><U69/><E80/><V49/><F132/><W58/><G28/><T7/><D16/><U21/><E21/><V48/><F121/><W77/><REACH who="3" step="1"/><G18/><REACH who="3" ten="201,8,484,297" step="2"/><T68/><D68/><AGARI ba="1,1" hai="44,51,52,58,59,60,66,68,77,82,86,93,98,101" machi="68" ten="30,7700,0" yaku="1,1,2,1,7,1,54,1,53,0" doraHai="120" doraHaiUra="19" who="3" fromWho="0" sc="201,-80,8,0,484,0,297,90" /><INIT seed="7,0,0,0,3,34" ten="121,8,484,387" oya="3" hai0="49,13,14,130,40,94,65,72,133,102,28,104,32" hai1="42,26,52,78,76,75,63,7,129,61,134,120,109" hai2="80,68,66,31,27,116,113,101,60,124,73,90,22" hai3="91,111,128,82,10,37,62,105,53,25,93,119,67"/><W54/><G105/><T30/><D72/><U45/><E109/><V123/><F116/><W126/><G119/><T87/><D104/><U86/><E75/><V43/><F113/><W16/><G37/><T135/><D65/><U44/><E120/><V96/><F124/><W89/><G126/><T110/><D110/><U70/><E129/><V11/><F43/><W56/><G111/><T1/><D32/><U71/><E134/><N who="0" m="51209" /><D1/><U46/><E26/><V83/><F90/><W2/><G2/><T117/><D130/><U35/><E35/><V106/><F73/><W21/><G128/><T112/><D112/><U59/><E7/><V98/><F96/><N who="3" m="57391" /><G10/><T88/><D102/><U58/><E86/><AGARI ba="0,0" hai="16,21,25,53,54,56,62,67,82,86,91" m="57391" machi="86" ten="30,2900,0" yaku="8,1,54,1" doraHai="34" who="3" fromWho="1" sc="121,0,8,-29,484,0,387,29" owari="121,-27.9,-21,-52.1,484,58.4,416,21.6" /></mjloggm>