<mjloggm ver="2.3"><GO type="137" lobby="0"/><UN n0="%79%61%6D%61%67%61%6E" n1="%48%61%79%61%62%75%73%61" n2="%73%69%6E%6E" n3="%E2%93%9D%4C%75%63%6B%79%4A" dan="13,12,12,12" rate="1736.47,1657.49,1698.53,1846.27" sx="M,M,M,M"/><TAIKYOKU oya="0"/><INIT seed="0,0,0,1,2,8" ten="250,250,250,250" oya="0" hai0="56,133,4,122,109,125,100,134,65,71,42,105,113" hai1="0,106,99,3,39,78,76,2,110,53,36,12,11" hai2="44,68,23,72,19,90,58,119,54,120,21,49,22" hai3="9,25,26,86,62,30,98,32,74,50,112,20,81"/><T95/><D122/><U107/><E110/><V124/><F72/><W67/><G74/><T94/><D113/><U104/><E53/><V132/><F119/><W47/><G112/><T45/><D125/><U28/><E99/><V27/><F124/><W73/><G73/><T5/><D71/><U89/><E89/><V52/><F132/><N who="0" m="50794" /><D105/><U55/><E55/><V7/><F120/><W51/><G9/><T114/><D114/><U34/><E28/><V38/><F38/><W102/><G26/><T80/><D109/><U82/><E34/><V83/><F68/><W117/><G47/><T63/><D80/><U101/><E101/><V103/><F103/><W88/><G32/><T126/><D126/><U135/><E135/><V6/><F6/><N who="0" m="2666" /><D100/><U87/><REACH who="1" step="1"/><E76/><REACH who="1" ten="250,240,250,250" step="2"/><V128/><F128/><W96/><G98/><T111/><D111/><U15/><E15/><N who="2" m="9471" /><F7/><AGARI ba="0,1" hai="0,2,3,7,11,12,36,39,78,82,87,104,106,107" machi="7" ten="50,3200,0" yaku="1,1,52,1,53,0" doraHai="8" doraHaiUra="31" who="1" fromWho="2" sc="250,0,240,42,250,-32,250,0" /><INIT seed="1,0,0,1,1,93" ten="250,282,218,250" oya="1" hai0="88,28,135,80,132,67,127,72,69,113,31,10,95" hai1="91,27,118,3,32,0,81,18,114,66,57,11,56" hai2="13,20,102,133,84,24,89,58,2,14,21,54,110" hai3="8,82,134,60,55,105,41,7,53,74,70,47,77"/><U115/><E118/><V38/><F38/><W94/><G105/><T16/><D113/><U50/><E115/><V22/><F2/><W98/><G134/><N who="0" m="51243" /><D127/><U121/><E114/><V123/><F123/><W117/><G117/><T104/><D104/><U36/><E121/><V42/><F133/><W122/><G122/><T126/><D126/><U15/><E36/><V85/><F110/><W19/><G19/><T61/><D80/><U83/><E3/><V107/><F42/><W25/><G25/><T92/><D72/><U62/><E0/><V130/><F130/><W30/><G30/><T12/><D95/><U39/><E39/><V78/><F107/><W125/><G70/><T34/><D34/><U75/><E75/><V71/><F71/><W65/><G65/><T59/><D69/><U112/><E112/><V108/><F108/><W1/><G60/><T46/><D46/><U106/><E106/><V96/><F102/><W51/><REACH who="3" step="1"/><G125/><REACH who="3" ten="250,282,218,240" step="2"/><T87/><AGARI ba="0,1" hai="10,12,16,28,31,59,61,67,87,88,92" m="51243" machi="87" ten="30,4000,0" yaku="20,1,54,2" doraHai="93" who="0" fromWho="0" sc="250,50,282,-20,218,-10,240,-10" /><INIT seed="2,0,0,4,3,33" ten="300,262,208,230" oya="2" hai0="77,29,19,13,9,53,122,115,84,83,73,43,24" hai1="100,34,64,128,22,44,48,120,37,105,41,129,134" hai2="57,74,86,109,69,111,88,35,32,104,82,97,52" hai3="93,16,107,130,10,71,118,47,80,65,123,119,102"/><V75/><F69/><W85/><G123/><T78/><D122/><U89/><E34/><V50/><F32/><W4/><G107/><T56/><D115/><U21/><E120/><V127/><F35/><W1/><G130/><N who="1" m="50282" /><E89/><V98/><F127/><W66/><G47/><T92/><D43/><U68/><E134/><V110/><F104/><W59/><G71/><T112/><D112/><U31/><E31/><V20/><F20/><N who="1" m="7785" /><E100/><V90/><F90/><W38/><G38/><T114/><D114/><U25/><E25/><V72/><AGARI ba="0,0" hai="50,52,57,72,74,75,82,86,88,97,98,109,110,111" machi="72" ten="40,12000,1" yaku="0,1,14,1,10,1,54,2" doraHai="33" who="2" fromWho="2" sc="300,-40,262,-40,208,120,230,-40" /><INIT seed="2,1,0,0,5,10" ten="260,222,328,190" oya="2" hai0="85,119,62,121,73,55,112,75,17,106,41,20,97" hai1="100,101,93,36,98,107,32,13,1,38,131,105,115" hai2="116,5,35,23,77,86,14,3,91,28,81,133,95" hai3="46,71,19,90,53,37,7,125,45,130,24,96,64"/><V102/><F116/><W103/><G7/><T50/><D121/><U89/><E32/><V16/><F133/><W27/><G125/><T0/><D119/><U34/><E1/><V118/><F118/><W76/><G76/><T63/><D112/><U30/><E34/><V57/><F102/><N who="1" m="39529" /><E36/><V72/><F57/><W40/><G90/><T83/><D0/><U120/><E13/><V4/><F3/><W47/><G130/><T12/><D106/><N who="1" m="40459" /><E30/><V87/><F72/><W110/><G27/><T65/><D97/><U111/><E38/><V104/><F104/><W113/><G24/><T88/><D41/><U80/><E115/><V99/><F99/><W78/><G96/><T127/><D127/><U108/><E131/><V124/><F124/><W82/><G103/><T128/><D128/><U129/><E129/><V79/><F79/><W61/><G19/><T26/><D26/><U54/><E54/><V31/><F35/><W132/><G53/><T94/><D83/><U123/><E80/><V56/><REACH who="2" step="1"/><F56/><REACH who="2" ten="260,222,318,190" step="2"/><W43/><G113/><T51/><D88/><U6/><E6/><AGARI ba="1,1" hai="4,5,6,14,16,23,28,31,77,81,86,87,91,95" machi="6" ten="40,18000,2" yaku="1,1,2,1,8,1,52,1,54,1,53,1" doraHai="10" doraHaiUra="84" who="2" fromWho="1" sc="260,0,222,-183,318,193,190,0" /><INIT seed="2,2,0,5,4,22" ten="260,39,511,190" oya="2" hai0="87,122,128,75,54,76,25,53,96,135,86,103,114" hai1="81,6,2,126,32,48,116,69,14,72,29,64,125" hai2="119,74,43,8,16,73,37,127,36,33,10,99,85" hai3="91,5,93,84,47,9,88,50,107,24,77,130,26"/><V134/><F119/><W40/><G107/><T117/><D122/><U113/><E2/><V129/><F33/><W0/><G130/><T105/><D117/><U11/><E116/><V120/><F120/><W57/><G77/><T108/><D114/><U97/><E113/><V46/><F129/><W4/><G5/><T58/><D128/><U23/><E32/><V133/><F37/><W132/><G132/><N who="2" m="50793" /><F85/><W90/><G57/><T121/><D108/><U100/><E48/><V55/><F99/><W30/><REACH who="3" step="1"/><G26/><REACH who="3" ten="260,39,511,180" step="2"/><T45/><D135/><U79/><E69/><V110/><F110/><W34/><AGARI ba="2,1" hai="0,4,9,24,30,34,40,47,50,84,88,90,91,93" machi="34" ten="20,12000,2" yaku="1,1,2,1,0,1,7,1,52,1,54,1,53,0" doraHai="22" doraHaiUra="51" who="3" fromWho="3" sc="260,-32,39,-32,511,-62,180,136" /><INIT seed="3,0,0,0,5,124" ten="228,7,449,316" oya="3" hai0="113,40,108,129,27,15,32,61,1,72,106,64,83" hai1="55,8,58,87,34,26,80,71,10,89,12,24,84" hai2="16,109,62,48,78,28,59,126,37,121,115,93,47" hai3="134,127,98,21,68,95,97,105,111,46,130,30,75"/><W57/><G68/><T31/><D108/><U103/><E71/><V18/><F109/><W43/><G111/><T17/><D129/><U36/><E36/><V0/><F0/><W132/><G75/><T82/><D113/><U117/><E34/><V88/><F115/><W60/><G105/><T29/><D106/><U99/><E117/><V19/><F121/><W51/><G98/><T49/><D72/><U44/><E44/><V70/><F78/><W4/><G4/><T81/><D1/><U20/><E8/><V104/><F104/><W110/><G127/><T2/><D31/><U66/><E84/><N who="2" m="52359" /><F126/><W101/><G110/><T131/><D131/><U50/><E66/><N who="2" m="39263" /><F37/><W54/><G130/><T128/><D128/><U73/><E73/><V102/><F70/><W77/><G77/><T74/><D74/><U9/><E9/><V35/><F35/><W38/><G38/><T112/><D112/><U56/><E56/><V135/><F135/><W22/><REACH who="3" step="1"/><G30/><REACH who="3" ten="228,7,449,306" step="2"/><T52/><D2/><U39/><E39/><V122/><F122/><W133/><AGARI ba="0,1" hai="21,22,43,46,51,54,57,60,95,97,101,132,133,134" machi="133" ten="30,11700,0" yaku="1,1,2,1,0,1,20,1,53,0" doraHai="124" doraHaiUra="3" who="3" fromWho="3" sc="228,-39,7,-39,449,-39,306,127" owari="189,-21.1,-32,-53.2,410,21.0,433,53.3" /></mjloggm>