<mjloggm ver="2.3"><GO type="41" lobby="0"/><UN n0="%E3%81%9F%E3%81%91%E3%81%BD%E3%82%93%40%74%6B%70" n1="%E5%87%BA%E9%9B%B2%E9%BA%97%E9%9F%B3" n2="%E2%93%9D%4C%75%63%6B%79%4A" n3="%E6%88%91%E8%8A%B1%33%36%45" dan="13,15,18,13" rate="1882.82,2045.54,2204.15,1864.96" sx="M,F,M,M"/><TAIKYOKU oya="0"/><INIT seed="0,0,0,0,4,130" ten="250,250,250,250" oya="0" hai0="13,21,62,37,28,75,117,20,32,112,124,57,84" hai1="74,116,104,59,52,63,27,5,40,97,50,119,29" hai2="113,89,98,3,31,127,10,100,135,66,6,70,109" hai3="92,99,96,110,76,33,39,38,14,81,34,43,94"/><T56/><D75/><U79/><E5/><V30/><F113/><W86/><G43/><T45/><D112/><U36/><E36/><V131/><F131/><W1/><G1/><T55/><D124/><U0/><E0/><V93/><F127/><W51/><G51/><N who="0" m="29167" /><D32/><U54/><E40/><V121/><F121/><W90/><G34/><T107/><D107/><U108/><E108/><V17/><F109/><W60/><G33/><T11/><D117/><U122/><E122/><V134/><F17/><W67/><G14/><T9/><D37/><U125/><E125/><V35/><F100/><W26/><G26/><N who="0" m="16455" /><D21/><U77/><E74/><V71/><F66/><W101/><G110/><T25/><D25/><U126/><E126/><V132/><REACH who="2" step="1"/><F35/><REACH who="2" ten="250,250,240,250" step="2"/><W123/><G123/><T47/><D9/><U80/><E116/><V105/><F105/><W53/><G53/><N who="0" m="34063" /><D11/><U65/><E119/><V18/><F18/><W118/><G118/><T12/><D12/><U103/><E27/><V58/><F58/><AGARI ba="0,1" hai="38,39,58,60,67,76,81,86,90,92,94,96,99,101" machi="58" ten="30,1000,0" yaku="7,1" doraHai="130" who="3" fromWho="2" sc="250,0,250,0,240,-10,250,20" /><INIT seed="1,0,0,5,5,64" ten="250,250,230,270" oya="1" hai0="121,92,4,90,113,76,133,37,47,26,111,109,5" hai1="80,58,13,87,128,75,71,39,34,61,130,98,7" hai2="88,65,43,28,82,10,54,100,42,27,99,94,123" hai3="126,77,89,103,30,84,108,55,96,2,59,8,135"/><U3/><E34/><V49/><F123/><W86/><G108/><N who="0" m="41547" /><D113/><U20/><E39/><V25/><F65/><W24/><G135/><T119/><D119/><U95/><E75/><V110/><F110/><W15/><G2/><T81/><D133/><U78/><E3/><V51/><F51/><W67/><G67/><T66/><D121/><U85/><E85/><N who="2" m="50231" /><F10/><W50/><G77/><T127/><D127/><U105/><E105/><V44/><F28/><W56/><G56/><T45/><D26/><AGARI ba="0,0" hai="25,26,27,42,43,44,49,54,94,99,100" m="50231" machi="26" ten="30,2000,0" yaku="8,1,54,1" doraHai="64" who="2" fromWho="0" sc="250,-20,250,0,230,20,270,0" /><INIT seed="2,0,0,2,4,21" ten="230,250,250,270" oya="2" hai0="72,70,45,47,134,133,33,36,126,49,86,101,80" hai1="74,85,98,32,122,52,48,79,124,27,61,42,132" hai2="109,127,92,91,102,84,56,60,50,65,34,17,129" hai3="11,31,110,89,107,119,53,95,111,66,82,131,39"/><V30/><F129/><W40/><G119/><T68/><D72/><U117/><E117/><V114/><F114/><W87/><G107/><T106/><D126/><U18/><E124/><V26/><F127/><W29/><G66/><T16/><D33/><U4/><E132/><N who="0" m="50793" /><D36/><U7/><E74/><V51/><F109/><W97/><G131/><T20/><D101/><U8/><E122/><V23/><REACH who="2" step="1"/><F102/><REACH who="2" ten="230,250,240,270" step="2"/><W25/><G111/><T13/><D106/><U46/><E4/><V58/><F58/><W19/><G110/><T104/><D104/><U90/><E7/><V3/><F3/><W41/><G39/><T0/><D0/><U81/><E46/><N who="0" m="17417" /><D49/><U57/><E48/><V71/><F71/><W108/><G108/><T15/><D15/><AGARI ba="0,1" hai="15,17,23,26,30,34,50,51,56,60,65,84,91,92" machi="15" ten="30,5800,0" yaku="1,1,7,1,52,1,53,0" doraHai="21" doraHaiUra="93" who="2" fromWho="0" sc="230,-58,250,0,240,68,270,0" /><INIT seed="2,1,0,0,3,62" ten="172,250,308,270" oya="2" hai0="121,45,49,115,31,92,47,104,79,73,0,25,64" hai1="46,7,130,108,21,81,43,105,97,5,54,67,29" hai2="33,123,34,71,134,124,13,95,82,27,42,112,117" hai3="10,78,96,90,100,86,133,12,53,44,76,18,56"/><V2/><F71/><W98/><G133/><T103/><D121/><U83/><E108/><V120/><F42/><W52/><G44/><T93/><D115/><U63/><E130/><V91/><F82/><N who="1" m="31241" /><E105/><V69/><F69/><W3/><G3/><T99/><D79/><U50/><E97/><V70/><F70/><W11/><G11/><T131/><D73/><U24/><E54/><V40/><F124/><W66/><G98/><T102/><D131/><U35/><E35/><V58/><F117/><W128/><G128/><T20/><D0/><U39/><E39/><V109/><F112/><W1/><G1/><T119/><D119/><U15/><E15/><V127/><F13/><W36/><G36/><T51/><D104/><U72/><E72/><V17/><F109/><W60/><G76/><T68/><D93/><U113/><E113/><V28/><F34/><W74/><G74/><T37/><D103/><U84/><E84/><V61/><F2/><W129/><G78/><T9/><D9/><U30/><E30/><V114/><F114/><W38/><G38/><T116/><D116/><U6/><E63/><V88/><F61/><W107/><G129/><T132/><D132/><U106/><E106/><V110/><F110/><W48/><G48/><N who="0" m="18507" /><D37/><U19/><E29/><V16/><F28/><W126/><G126/><T41/><D41/><U23/><E23/><N who="2" m="13807" /><F40/><W122/><G122/><N who="2" m="46633" /><F134/><W8/><G8/><T59/><D68/><U89/><E89/><N who="2" m="34379" /><F127/><W22/><G10/><T135/><D135/><U118/><E118/><V77/><F77/><W87/><G87/><T80/><D80/><AGARI ba="1,0" hai="12,18,22,52,53,56,60,66,80,86,90,96,100,107" machi="80" ten="30,7700,0" yaku="6,1,7,1,52,1,54,1" doraHai="62" who="3" fromWho="0" sc="172,-80,250,0,308,0,270,80" /><INIT seed="3,0,0,3,4,10" ten="92,250,308,350" oya="3" hai0="15,66,24,90,105,14,30,125,116,92,19,107,8" hai1="48,98,17,13,3,108,106,7,84,78,93,39,0" hai2="77,20,114,47,46,40,127,11,133,29,56,68,55" hai3="37,72,64,120,45,38,71,1,88,18,131,25,112"/><W135/><G120/><T12/><D116/><U57/><E39/><V111/><F114/><W28/><G112/><T115/><D115/><U44/><E108/><V74/><F68/><W87/><G1/><T128/><D8/><U122/><E122/><V61/><F127/><W16/><G72/><T94/><D19/><U32/><E32/><V110/><F77/><W89/><G135/><T102/><D125/><U41/><E106/><V80/><F80/><W67/><G131/><T123/><D123/><U81/><E57/><V23/><F74/><W126/><G126/><T5/><D5/><U33/><E33/><V49/><F29/><W34/><G37/><T65/><D128/><U86/><E86/><V43/><F11/><W91/><G87/><N who="0" m="52319" /><D107/><U36/><E36/><N who="2" m="21991" /><F23/><W100/><G100/><T6/><D105/><U2/><E7/><V50/><F20/><W9/><G71/><T42/><D6/><U60/><E60/><V79/><F79/><W99/><G99/><N who="0" m="59767" /><D42/><U119/><E119/><V76/><F76/><W97/><G97/><T35/><D35/><U104/><E104/><V22/><F22/><W69/><G69/><T124/><D124/><U82/><E82/><V59/><F133/><W109/><G109/><T75/><D75/><U113/><E113/><V26/><F26/><W134/><G134/><T54/><D54/><AGARI ba="0,0" hai="40,46,49,50,54,55,56,59,61,110,111" m="21991" machi="54" ten="30,2000,0" yaku="34,2" doraHai="10" who="2" fromWho="0" sc="92,-20,250,0,308,20,350,0" /><INIT seed="4,0,0,4,1,49" ten="72,250,328,350" oya="0" hai0="23,105,114,101,33,18,36,112,80,102,104,1,91" hai1="58,19,63,118,74,82,71,94,11,2,65,135,12" hai2="15,7,51,29,61,38,89,20,56,44,39,64,108" hai3="25,86,8,126,132,10,40,22,110,27,13,43,45"/><T5/><D36/><U120/><E120/><V24/><F108/><W55/><G110/><T35/><D5/><U87/><E118/><V0/><F0/><W54/><G132/><T59/><D1/><U66/><E135/><V122/><F122/><W128/><G128/><T131/><D131/><U28/><E2/><V60/><F89/><W68/><G68/><T97/><D33/><U75/><E28/><V70/><F15/><W50/><G126/><T113/><D35/><U96/><E71/><V4/><F39/><W93/><G40/><T48/><D80/><U26/><E26/><V73/><F73/><W46/><G86/><T21/><D91/><U99/><E74/><V109/><F38/><W16/><G93/><T32/><D32/><U14/><E75/><V107/><F107/><W83/><G83/><T115/><N who="0" m="28672" /><DORA hai="17" /><T31/><D31/><U6/><E94/><V30/><F30/><W76/><G76/><T88/><D88/><N who="1" m="51319" /><E65/><V121/><F121/><W41/><G27/><T117/><D117/><U123/><E123/><V116/><F116/><W98/><G98/><N who="0" m="61495" /><D18/><U125/><E125/><V34/><F34/><W62/><G62/><T100/><D100/><U47/><E47/><V57/><F109/><W130/><G130/><T37/><D37/><U95/><E95/><V78/><F29/><N who="3" m="17591" /><G8/><AGARI ba="0,0" hai="6,8,11,12,14,19,58,63,66,96,99" m="51319" machi="8" ten="30,2000,0" yaku="8,1,54,1" doraHai="49,17" who="1" fromWho="3" sc="72,0,250,20,328,0,350,-20" /><INIT seed="5,0,0,3,1,49" ten="72,270,328,330" oya="1" hai0="9,47,129,45,11,84,117,110,10,14,92,114,23" hai1="109,107,19,128,31,77,90,52,17,2,111,103,43" hai2="66,99,53,112,119,58,86,48,91,83,115,113,94" hai3="80,127,60,25,40,87,135,123,106,38,56,12,85"/><U79/><E2/><V27/><F66/><W42/><G123/><T100/><D110/><N who="1" m="41995" /><E43/><V46/><F27/><W21/><G106/><T125/><D117/><U108/><E128/><V62/><F119/><W121/><G121/><T75/><D75/><U116/><E116/><V70/><F70/><W131/><G131/><T20/><D129/><U124/><E124/><V3/><F3/><W22/><G135/><T54/><D125/><U96/><E31/><V36/><F36/><W37/><G127/><T35/><D35/><U41/><E41/><V122/><F122/><W61/><G12/><T59/><D14/><U57/><N who="1" m="42003" /><U93/><DORA hai="6" /><E77/><V65/><REACH who="2" step="1"/><F115/><REACH who="2" ten="72,270,318,330" step="2"/><W132/><G25/><T95/><D114/><U26/><E26/><V16/><F16/><N who="1" m="6217" /><E79/><AGARI ba="0,1" hai="46,48,53,58,62,65,79,83,86,91,94,99,112,113" machi="79" ten="40,2600,0" yaku="1,1,52,1,53,0" doraHai="49,6" doraHaiUra="1,98" who="2" fromWho="1" sc="72,0,270,-26,318,36,330,0" /><INIT seed="6,0,0,1,3,16" ten="72,244,354,330" oya="2" hai0="40,30,134,21,72,14,25,29,78,83,84,53,124" hai1="48,121,116,103,37,77,90,119,82,12,104,123,71" hai2="26,128,127,6,60,36,56,10,66,93,118,55,79" hai3="61,39,24,73,23,81,3,65,9,18,5,42,112"/><V132/><F118/><W131/><G131/><T50/><D134/><U111/><E111/><V28/><F132/><W62/><G112/><T0/><D124/><U33/><E37/><V49/><F128/><W68/><G73/><T89/><D0/><U115/><E115/><V97/><F36/><W52/><G42/><T107/><D107/><U45/><E71/><V32/><F79/><W88/><G39/><T100/><D100/><U2/><E2/><V63/><F127/><W31/><G62/><T80/><D40/><U4/><E33/><V11/><F6/><W114/><G114/><T108/><D108/><U85/><E4/><V34/><F34/><W106/><G106/><T110/><D110/><U87/><E12/><V43/><F63/><W117/><G117/><N who="1" m="45130" /><E45/><V59/><REACH who="2" step="1"/><F43/><REACH who="2" ten="72,244,344,330" step="2"/><W8/><G5/><T101/><D101/><AGARI ba="0,1" hai="10,11,26,28,32,49,55,56,59,60,66,93,97,101" machi="101" ten="30,5800,0" yaku="1,1,2,1,7,1,53,0" doraHai="16" doraHaiUra="19" who="2" fromWho="0" sc="72,-58,244,0,344,68,330,0" /><BYE who="0" /><INIT seed="6,1,0,5,3,30" ten="14,244,412,330" oya="2" hai0="79,41,99,83,33,17,43,50,36,104,56,25,74" hai1="80,97,81,115,86,92,38,40,53,32,123,122,48" hai2="15,133,118,67,64,103,60,127,13,21,12,59,11" hai3="120,7,18,116,47,61,49,125,119,93,63,111,76"/><V134/><F118/><W57/><G120/><N who="1" m="46122" /><E115/><V37/><F37/><W10/><G111/><T27/><D27/><U85/><E38/><V70/><F103/><W44/><G125/><T14/><D14/><U72/><E40/><V26/><F127/><W62/><G76/><T124/><D124/><U95/><E72/><V68/><F11/><W101/><G57/><T9/><D9/><U6/><E6/><V0/><F0/><W42/><G119/><T114/><D114/><U105/><E105/><V106/><F106/><W126/><G126/><T8/><D8/><U29/><E29/><V2/><F2/><W78/><G78/><T23/><D23/><U20/><E20/><V75/><F75/><W100/><G116/><T102/><D102/><N who="1" m="60711" /><E32/><V90/><F90/><W96/><G101/><T108/><D108/><U3/><E3/><V135/><REACH who="2" step="1"/><F67/><REACH who="2" ten="14,244,402,330" step="2"/><W77/><G77/><T88/><D88/><N who="1" m="53647" /><E86/><V65/><F65/><W54/><G18/><AGARI ba="1,1" hai="12,13,15,18,21,26,59,60,64,68,70,133,134,135" machi="18" ten="50,4800,0" yaku="1,1,20,1,53,0" doraHai="30" doraHaiUra="4" who="2" fromWho="3" sc="14,0,244,0,402,61,330,-51" /><INIT seed="6,2,0,5,1,52" ten="14,244,463,279" oya="2" hai0="93,36,94,133,64,31,109,106,127,57,40,51,39" hai1="65,35,81,112,41,70,43,107,45,84,122,72,32" hai2="115,1,95,27,121,37,46,16,58,117,9,87,99" hai3="28,123,79,131,56,98,130,0,11,88,18,96,110"/><V42/><F121/><W85/><G123/><T120/><D120/><U5/><E122/><RYUUKYOKU type="kaze4" ba="2,0" sc="14,0,244,0,463,0,279,0" /><INIT seed="6,3,0,2,1,78" ten="14,244,463,279" oya="2" hai0="124,121,12,81,129,83,32,88,61,120,45,5,90" hai1="116,25,104,117,47,101,87,14,133,39,33,134,130" hai2="82,111,54,109,64,31,62,128,102,43,6,30,16" hai3="91,46,132,131,126,56,58,35,84,127,74,19,105"/><V59/><F6/><W65/><G35/><T29/><D29/><N who="1" m="19631" /><E14/><V13/><F43/><W119/><G105/><T103/><D103/><U98/><E87/><V28/><F128/><W99/><G74/><T26/><D26/><U4/><E4/><V24/><F102/><W71/><G119/><N who="1" m="45642" /><E130/><V67/><F24/><W96/><G132/><N who="1" m="50794" /><E47/><V76/><F111/><W57/><G131/><T10/><D10/><U44/><E44/><V38/><F109/><W135/><G135/><T85/><D85/><U112/><E39/><V113/><F113/><AGARI ba="3,0" hai="98,101,104,112,113" m="50794,45642,19631" machi="113" ten="40,2600,0" yaku="20,1,23,1" doraHai="78" who="1" fromWho="2" sc="14,0,244,35,463,-35,279,0" /><INIT seed="7,0,0,5,5,14" ten="14,279,428,279" oya="3" hai0="114,110,54,36,61,128,108,71,129,59,49,125,24" hai1="101,90,41,106,47,82,72,88,91,135,17,31,35" hai2="66,39,0,11,133,75,5,76,124,113,111,46,19" hai3="78,13,18,103,32,57,89,40,53,3,69,79,21"/><W9/><G69/><T126/><D126/><U30/><E135/><V98/><F19/><W1/><G32/><T109/><D109/><U29/><E35/><V96/><F111/><W60/><G103/><T68/><D68/><U64/><E64/><V119/><F119/><W65/><G40/><T87/><D87/><U6/><E6/><V22/><F113/><W132/><G132/><T12/><D12/><U56/><E106/><V100/><F66/><W99/><G1/><T131/><D131/><U112/><E112/><V97/><F22/><W34/><G34/><T4/><D4/><U80/><E101/><V123/><F123/><W118/><G118/><T116/><D116/><U7/><E7/><V15/><F124/><W94/><G3/><T27/><D27/><U130/><E72/><V81/><F15/><W102/><G65/><T2/><D2/><U84/><E56/><V92/><F133/><W38/><G38/><T16/><D16/><U37/><E17/><V73/><F75/><W104/><REACH who="3" step="1"/><G9/><REACH who="3" ten="14,279,428,269" step="2"/><T117/><D117/><U107/><E107/><V25/><F25/><W134/><G134/><T42/><D42/><AGARI ba="0,1" hai="0,5,11,39,42,46,73,76,81,92,96,97,98,100" machi="42" ten="40,2600,0" yaku="25,2" doraHai="14" who="2" fromWho="0" sc="14,-26,279,0,428,36,269,0" owari="-12,-51.2,279,7.9,464,56.4,269,-13.1" /></mjloggm>