<mjloggm ver="2.3"><GO type="41" lobby="0"/><UN n0="%E2%93%9D%4C%75%63%6B%79%4A" n1="%79%6F%6F%6F%69%63%68%69" n2="%70%6F%74%61%74%6F%31%33" n3="%54%46%68%69%6B%61%72%69" dan="18,14,15,14" rate="2196.28,1848.18,2035.13,1903.76" sx="M,M,M,M"/><TAIKYOKU oya="0"/><INIT seed="0,0,0,2,1,37" ten="250,250,250,250" oya="0" hai0="15,108,58,125,130,70,75,82,68,57,39,61,36" hai1="114,3,12,133,0,129,17,109,47,132,28,100,21" hai2="92,14,116,34,111,54,121,27,11,91,59,106,45" hai3="88,51,33,77,5,67,110,1,113,35,55,112,10"/><T105/><D105/><U42/><E100/><V98/><F106/><W84/><G77/><T81/><D15/><U2/><E109/><V43/><F121/><W6/><G67/><T46/><D75/><U7/><E129/><V89/><F116/><W78/><G110/><T29/><D29/><U38/><E114/><V40/><F111/><W80/><G6/><T53/><D108/><U123/><E123/><V95/><F34/><W60/><G60/><N who="0" m="35919" /><D82/><U63/><E63/><N who="2" m="36343" /><F45/><W128/><G128/><T25/><D81/><U134/><REACH who="1" step="1"/><E28/><REACH who="1" ten="250,240,250,250" step="2"/><V101/><F27/><W13/><G113/><T52/><D25/><U74/><E74/><V126/><F126/><W8/><G112/><T22/><D125/><U97/><E97/><N who="2" m="57503" /><F101/><W96/><G1/><T124/><D124/><U122/><E122/><V103/><F103/><W62/><G96/><T32/><D130/><U85/><E85/><V102/><F102/><W20/><G62/><T66/><D32/><U118/><E118/><V73/><F73/><W64/><G33/><T86/><D86/><U90/><E90/><V83/><F83/><W9/><G35/><T23/><D70/><U65/><E65/><V31/><F31/><W115/><G64/><T26/><D68/><U24/><E24/><V94/><F94/><W41/><G115/><T50/><D26/><U93/><E93/><V30/><F30/><W16/><G78/><T44/><D39/><U56/><E56/><V49/><F49/><W4/><G55/><N who="0" m="30167" /><D36/><U117/><E117/><V131/><F131/><W79/><G79/><T19/><D19/><AGARI ba="0,1" hai="11,14,19,40,43,89,95,98" m="57503,36343" machi="19" ten="30,3900,0" yaku="8,1,52,2" doraHai="37" who="2" fromWho="0" sc="250,-39,240,0,250,49,250,0" /><INIT seed="1,0,0,2,1,73" ten="211,240,299,250" oya="1" hai0="16,21,23,76,5,45,55,129,127,42,33,43,104" hai1="15,74,32,110,102,103,109,29,52,95,126,35,83" hai2="12,124,61,49,120,0,97,114,123,46,84,70,56" hai3="90,34,47,100,75,68,98,7,57,107,36,59,66"/><U122/><E122/><V63/><F0/><W86/><G75/><T19/><D33/><U71/><E71/><V60/><F114/><W31/><G7/><T80/><D104/><U39/><E39/><V101/><F124/><W128/><G128/><T25/><D127/><U4/><E126/><V41/><F12/><W85/><G85/><N who="0" m="48263" /><D5/><U106/><E106/><V51/><F84/><W135/><G135/><T93/><D129/><U69/><E69/><V22/><F22/><W117/><G117/><T58/><D45/><U11/><E29/><V14/><F14/><W65/><G65/><T112/><D93/><U26/><E26/><V132/><F132/><W96/><G96/><T20/><D112/><U91/><E32/><V92/><REACH who="2" step="1"/><F70/><REACH who="2" ten="211,240,289,250" step="2"/><W13/><G13/><N who="0" m="9711" /><D21/><U111/><E35/><V30/><F30/><W37/><G68/><T81/><D81/><U99/><E52/><AGARI ba="0,1" hai="41,46,49,51,52,56,60,61,63,92,97,101,120,123" machi="52" ten="40,5200,0" yaku="1,1,54,1,53,1" doraHai="73" doraHaiUra="38" who="2" fromWho="1" sc="211,0,240,-52,289,62,250,0" /><INIT seed="2,0,0,3,5,62" ten="211,188,351,250" oya="2" hai0="6,60,128,92,102,109,121,131,2,36,135,118,110" hai1="3,74,79,30,45,25,11,48,22,122,26,82,83" hai2="130,20,87,23,27,37,39,81,77,133,115,80,43" hai3="17,132,129,18,58,113,88,42,65,100,44,46,106"/><V119/><F119/><W91/><G129/><N who="0" m="49739" /><D36/><U41/><E122/><V114/><F130/><W28/><G132/><T8/><D102/><U31/><E83/><V0/><F0/><W16/><G28/><T123/><D92/><U12/><E3/><V120/><F120/><N who="0" m="46154" /><D60/><U21/><E12/><V89/><F133/><W127/><G127/><T70/><D70/><U104/><E11/><V73/><F23/><W7/><G7/><T34/><D135/><U59/><E59/><V53/><F53/><W19/><G113/><T5/><D6/><U126/><REACH who="1" step="1"/><E104/><REACH who="1" ten="211,178,351,250" step="2"/><V117/><F117/><W61/><N who="3" m="4096" /><DORA hai="56" /><W134/><G134/><T49/><D118/><U95/><E95/><V93/><F93/><W103/><G106/><T4/><D5/><U99/><E99/><V124/><F124/><AGARI ba="0,1" hai="21,22,25,26,30,31,41,45,48,74,79,82,124,126" machi="124" ten="40,5200,0" yaku="1,1,9,1,53,1" doraHai="62,56" doraHaiUra="15,78" who="1" fromWho="2" sc="211,0,178,62,351,-52,250,0" /><INIT seed="3,0,0,4,4,78" ten="211,240,299,250" oya="3" hai0="100,33,67,57,80,9,2,122,82,92,121,73,49" hai1="96,97,127,14,124,133,90,3,87,42,81,110,71" hai2="89,19,111,55,46,72,83,4,102,114,63,34,23" hai3="62,65,52,94,43,40,48,134,32,30,98,129,11"/><W60/><G129/><T12/><D2/><U108/><E3/><V8/><F34/><W15/><G134/><T86/><D33/><U70/><E42/><V54/><F114/><W56/><G62/><N who="0" m="38351" /><D73/><U112/><E14/><V31/><F31/><W29/><G32/><T50/><D122/><U41/><E41/><V13/><F111/><N who="1" m="42537" /><E70/><V104/><F104/><W107/><G107/><T126/><D126/><N who="1" m="48171" /><E71/><V95/><F102/><N who="3" m="60759" /><G43/><T76/><D121/><U128/><E112/><V17/><F46/><N who="3" m="27671" /><G40/><T93/><D50/><U77/><E128/><V99/><F63/><W20/><G20/><T88/><D49/><U91/><E133/><V117/><F117/><W130/><G130/><T131/><D131/><U123/><E123/><V35/><F35/><W39/><G39/><T135/><D135/><U25/><E25/><V27/><REACH who="2" step="1"/><F4/><AGARI ba="0,0" hai="4,11,15,29,30,56,60,65" m="27671,60759" machi="4" ten="30,2900,0" yaku="8,1,54,1" doraHai="78" who="3" fromWho="2" sc="211,0,240,0,299,-29,250,29" /><INIT seed="3,1,0,5,5,105" ten="211,240,270,279" oya="3" hai0="112,40,5,79,107,59,99,17,123,0,7,38,106" hai1="32,89,111,8,88,27,15,75,37,78,16,50,34" hai2="82,56,47,61,44,12,100,68,109,54,42,93,30" hai3="6,36,22,62,3,133,114,9,60,110,55,84,87"/><W81/><G114/><T69/><D112/><U39/><E111/><V53/><F109/><W130/><G36/><T76/><D69/><U135/><E135/><V108/><F108/><W113/><G113/><T117/><D17/><U83/><E39/><V128/><F128/><W80/><G110/><T26/><D26/><U86/><E37/><V49/><F30/><W35/><G35/><T90/><D59/><U94/><E89/><V92/><F68/><W1/><G1/><T118/><D38/><U4/><E50/><V85/><F47/><W28/><G133/><T11/><D40/><U121/><E121/><V120/><F120/><W2/><G2/><T124/><D124/><U96/><E96/><V131/><F131/><W20/><G130/><T73/><D79/><U98/><E98/><V102/><F12/><W127/><G127/><T46/><D46/><U72/><E72/><V74/><F74/><W125/><G125/><T115/><D7/><U48/><E48/><V14/><F14/><W101/><G101/><N who="2" m="39017" /><F42/><W31/><G3/><T52/><D115/><U65/><E65/><V63/><F63/><W122/><G122/><T10/><D123/><U91/><E91/><AGARI ba="1,0" hai="44,49,53,54,56,61,82,85,91,92,93" m="39017" machi="91" ten="30,1000,0" yaku="8,1" doraHai="105" who="2" fromWho="1" sc="211,0,240,-13,270,13,279,0" /><INIT seed="4,0,0,0,3,35" ten="211,227,283,279" oya="0" hai0="50,82,16,93,84,125,97,90,101,2,58,83,103" hai1="0,70,21,113,52,19,129,28,7,9,29,5,107" hai2="135,46,127,131,47,49,42,76,18,123,118,105,24" hai3="20,99,27,119,111,133,56,62,132,89,130,67,10"/><T12/><D125/><U86/><E70/><V88/><F105/><W100/><G119/><T61/><D2/><U102/><E107/><V126/><F118/><W116/><G116/><T87/><D50/><U94/><E129/><V64/><F64/><W37/><G37/><T13/><D103/><U6/><E113/><V75/><F123/><W80/><G111/><T69/><D69/><U85/><E102/><V33/><F131/><W77/><G89/><T40/><D40/><U38/><E38/><V43/><F75/><W44/><G44/><T98/><D98/><U36/><E36/><V121/><F121/><W22/><G10/><T59/><D13/><U104/><E104/><V81/><F76/><W17/><G130/><T23/><REACH who="0" step="1"/><D61/><REACH who="0" ten="201,227,283,279" step="2"/><U74/><E74/><V57/><F49/><W122/><G122/><T71/><D71/><U115/><E115/><V92/><F43/><W15/><G100/><T73/><D73/><U63/><E86/><V54/><F42/><W134/><G99/><T32/><D32/><U106/><E106/><V108/><F33/><W68/><G68/><T112/><D112/><U72/><E72/><V66/><F127/><W34/><G34/><T60/><D60/><U14/><E85/><V117/><F126/><W65/><G65/><T4/><D4/><N who="1" m="1643" /><E63/><V79/><F66/><W8/><G27/><T55/><D55/><U78/><E52/><V124/><F54/><W91/><G77/><AGARI ba="0,1" hai="12,16,23,58,59,77,82,83,84,87,90,93,97,101" machi="77" ten="30,11600,0" yaku="1,1,7,1,8,1,54,1,53,0" doraHai="35" doraHaiUra="30" who="0" fromWho="3" sc="201,126,227,0,283,0,279,-116" /><INIT seed="4,1,0,2,0,23" ten="327,227,283,163" oya="0" hai0="123,129,10,36,89,49,83,40,100,44,107,32,110" hai1="3,34,61,74,41,58,20,8,57,133,48,5,35" hai2="106,65,11,52,45,37,28,80,104,97,98,14,88" hai3="55,132,7,126,125,15,111,96,108,127,69,130,9"/><T124/><D123/><U90/><E74/><V47/><F65/><W2/><G69/><T53/><D32/><U95/><E133/><V82/><F28/><W134/><G55/><T77/><D129/><U43/><E58/><V99/><F37/><W4/><G96/><T16/><D124/><U81/><E81/><V1/><F1/><W59/><G59/><T63/><D110/><N who="3" m="42025" /><G2/><T50/><D107/><U94/><E94/><V56/><F106/><W62/><G62/><T26/><D100/><U118/><E118/><V19/><F104/><W25/><G7/><T105/><D105/><U114/><E114/><V103/><F103/><W6/><G6/><T86/><D63/><U117/><E117/><V84/><REACH who="2" step="1"/><F82/><REACH who="2" ten="327,227,273,163" step="2"/><W22/><G130/><T39/><D39/><U76/><E35/><V66/><F66/><W17/><AGARI ba="1,1" hai="4,9,15,17,22,25,125,126,127,132,134" m="42025" machi="17" ten="40,8000,1" yaku="18,1,34,2,52,1" doraHai="23" who="3" fromWho="3" sc="327,-41,227,-21,273,-21,163,93" /><INIT seed="5,0,0,5,1,0" ten="286,206,252,256" oya="1" hai0="93,36,2,1,134,106,31,48,22,12,4,17,92" hai1="95,125,35,88,9,96,8,56,24,73,69,127,67" hai2="61,14,16,70,76,77,51,40,6,3,78,49,103" hai3="19,94,126,41,54,45,52,133,18,107,121,38,46"/><U82/><E69/><V110/><F110/><W57/><G107/><T102/><D36/><U114/><E114/><V59/><F70/><W117/><G117/><T130/><D106/><U65/><E35/><V55/><F103/><W10/><G121/><T20/><D48/><U42/><E24/><V132/><F132/><W79/><G79/><T5/><D102/><U47/><E73/><V118/><F118/><W85/><G126/><N who="1" m="48138" /><E82/><V128/><F128/><W129/><G129/><T64/><D64/><N who="1" m="24651" /><E56/><V21/><REACH who="2" step="1"/><F40/><REACH who="2" ten="286,206,242,256" step="2"/><W135/><G135/><T86/><D134/><U123/><E123/><V39/><F39/><AGARI ba="0,1" hai="8,9,39,42,47,88,95,96" m="24651,48138" machi="39" ten="30,2900,0" yaku="18,1,54,1" doraHai="0" who="1" fromWho="2" sc="286,0,206,39,242,-29,256,0" /><INIT seed="5,1,0,1,5,28" ten="286,245,213,256" oya="1" hai0="47,4,91,29,9,10,42,112,2,64,115,46,99" hai1="17,8,89,88,97,129,40,36,34,94,103,26,121" hai2="125,16,39,108,86,21,7,93,90,51,60,80,83" hai3="15,58,87,117,104,116,114,50,33,14,118,52,71"/><U92/><E121/><V12/><F39/><W132/><G104/><T84/><D64/><U98/><E129/><V85/><F108/><W113/><G132/><T49/><D10/><U119/><E119/><V134/><F134/><W25/><G71/><T74/><D74/><U95/><E40/><V61/><F125/><W68/><G68/><T76/><D76/><U127/><E36/><V122/><F122/><W35/><G87/><T0/><D99/><U32/><E127/><V63/><F7/><W109/><G109/><T78/><D78/><U6/><E17/><V37/><F37/><W41/><G41/><T82/><D29/><U30/><E103/><V62/><N who="2" m="15360" /><DORA hai="131" /><V101/><F101/><W73/><G73/><T135/><D47/><U106/><E106/><V57/><REACH who="2" step="1"/><F86/><REACH who="2" ten="286,245,203,256" step="2"/><W43/><G43/><T67/><D135/><U55/><E94/><V48/><F48/><W54/><G50/><T123/><D123/><U5/><E55/><AGARI ba="1,1" hai="12,16,21,51,55,57,80,83,85,90,93" m="15360" machi="55" ten="50,12000,2" yaku="1,1,25,2,8,1,54,1,53,2" doraHai="28,131" doraHaiUra="77,24" who="2" fromWho="1" sc="286,0,245,-123,203,133,256,0" /><INIT seed="6,0,0,2,5,0" ten="286,122,336,256" oya="2" hai0="115,11,8,117,92,28,101,15,128,130,77,62,26" hai1="17,76,131,116,106,56,43,37,2,12,118,94,60" hai2="74,36,125,132,16,88,13,57,99,67,68,127,129" hai3="48,71,89,20,4,50,108,124,5,109,3,21,98"/><V38/><F68/><W112/><G71/><T81/><D115/><U59/><E106/><V30/><F74/><W126/><G98/><N who="0" m="59591" /><D62/><U19/><E2/><V27/><F132/><W114/><G89/><T32/><D15/><U18/><E131/><N who="0" m="50217" /><D117/><U123/><E123/><V73/><F73/><AGARI ba="0,0" hai="8,11,26,28,32,73,77,81" m="50217,59591" machi="73" ten="30,1000,0" yaku="19,1" doraHai="0" who="0" fromWho="2" sc="286,10,122,0,336,-10,256,0" /><INIT seed="7,0,0,1,2,12" ten="296,122,326,256" oya="3" hai0="90,77,113,31,71,79,32,99,83,102,120,46,53" hai1="11,131,65,111,59,37,89,123,95,117,50,130,135" hai2="88,109,86,16,60,128,52,40,23,29,42,76,14" hai3="64,21,8,82,92,49,22,122,105,18,125,24,34"/><W28/><G122/><T97/><D71/><U2/><E2/><V20/><F109/><W15/><G105/><T134/><D32/><U68/><E11/><V3/><F3/><W10/><G125/><T118/><D31/><U112/><E89/><V78/><F128/><W61/><G82/><T73/><D53/><U104/><E95/><N who="2" m="54679" /><F29/><W70/><G34/><T58/><D58/><U39/><E50/><V108/><F108/><W80/><G80/><T27/><D46/><U19/><E59/><N who="2" m="34919" /><F23/><W115/><G115/><T67/><D118/><U1/><E65/><V116/><F116/><W56/><G70/><T74/><D67/><U9/><E9/><N who="3" m="3690" /><G49/><T121/><D113/><U129/><E19/><V45/><F45/><W127/><G127/><T38/><D121/><U54/><E54/><V51/><F51/><W126/><G126/><T132/><D120/><U66/><E66/><V69/><F69/><W110/><G110/><T119/><D119/><U36/><E36/><V30/><F30/><W62/><G92/><N who="0" m="56727" /><D38/><U84/><E84/><V81/><F81/><W96/><G96/><T55/><D97/><U41/><E41/><AGARI ba="0,0" hai="14,16,20,40,41,42,76,78" m="34919,54679" machi="41" ten="30,8000,1" yaku="8,1,52,1,54,3" doraHai="12" who="2" fromWho="1" sc="296,0,122,-80,326,80,256,0" owari="296,9.6,42,-45.8,406,50.6,256,-14.4" /></mjloggm>