<mjloggm ver="2.3"><GO type="41" lobby="0"/><UN n0="%68%72%77%31%32%38" n1="%E3%81%95%E3%81%A8%E3%81%86%E3%81%B5%E3%81%BF%E3%82%84" n2="%E2%93%9D%4C%75%63%6B%79%4A" n3="%41%74%73%75%32%2E" dan="15,14,17,14" rate="1971.35,1854.49,2141.68,1917.81" sx="M,M,M,M"/><TAIKYOKU oya="0"/><INIT seed="0,0,0,3,4,109" ten="250,250,250,250" oya="0" hai0="62,128,26,70,105,33,94,14,130,89,78,129,102" hai1="35,29,71,40,9,2,31,59,54,32,49,131,132" hai2="44,63,127,48,118,104,88,107,77,83,99,73,38" hai3="68,52,67,3,82,23,112,124,60,45,96,0,120"/><T30/><D78/><U39/><E131/><V22/><F38/><W11/><G124/><T43/><D43/><U5/><E132/><V119/><F22/><W92/><G120/><T75/><D75/><U81/><E71/><V135/><F63/><W98/><G82/><T19/><D102/><U114/><E114/><V58/><F58/><W125/><G125/><T108/><D105/><N who="2" m="40522" /><F48/><W56/><G112/><T10/><D108/><U12/><E12/><V57/><F57/><W20/><G45/><T126/><D126/><U113/><E113/><V91/><F44/><W123/><G123/><T66/><D94/><U116/><E116/><N who="2" m="44587" /><F127/><W90/><G3/><T76/><D76/><U103/><E35/><V97/><F135/><W74/><G74/><T79/><D79/><U69/><E69/><V122/><F122/><W65/><G65/><T61/><D61/><U17/><E32/><V7/><F7/><W72/><G72/><T133/><REACH who="0" step="1"/><D89/><AGARI ba="0,0" hai="73,77,83,88,89,91,97,99" m="44587,40522" machi="89" ten="30,7700,0" yaku="12,1,34,2,54,1" doraHai="109" who="2" fromWho="0" sc="250,-77,250,0,250,77,250,0" /><INIT seed="1,0,0,3,0,54" ten="173,250,327,250" oya="1" hai0="11,16,68,84,71,28,49,21,113,101,27,104,102" hai1="24,60,88,6,134,48,74,96,13,10,4,121,116" hai2="109,133,50,85,64,43,67,70,66,18,128,0,127" hai3="126,108,81,90,31,118,33,25,38,98,129,69,59"/><U15/><E74/><V97/><F0/><W114/><G108/><T3/><D113/><U36/><E36/><V37/><F97/><W1/><G1/><T95/><D68/><U107/><E121/><V111/><F18/><W79/><G129/><T46/><D71/><U91/><E116/><V112/><F85/><W63/><G126/><T132/><D132/><U62/><E134/><V12/><F12/><W93/><G38/><T130/><D130/><U131/><E131/><V110/><F128/><W44/><G118/><T30/><D104/><U23/><E48/><V124/><F133/><W56/><G44/><T73/><D73/><U45/><E45/><N who="2" m="23791" /><F112/><W58/><G69/><T57/><D3/><U65/><E107/><V125/><F70/><W41/><G41/><T135/><D135/><U99/><E24/><V35/><F35/><W51/><G51/><AGARI ba="0,0" hai="50,51,64,66,67,109,110,111,124,125,127" m="23791" machi="51" ten="50,12000,2" yaku="29,2,14,1,18,1,34,2" doraHai="54" who="2" fromWho="3" sc="173,0,250,0,327,120,250,-120" /><INIT seed="2,0,0,1,1,93" ten="173,250,447,130" oya="2" hai0="112,6,32,115,100,106,124,105,90,133,58,14,135" hai1="57,99,130,55,107,84,89,127,79,53,64,111,83" hai2="24,121,73,46,8,78,128,3,52,26,119,13,51" hai3="94,69,92,5,97,33,109,80,91,31,126,65,10"/><V56/><F121/><W49/><G109/><T120/><D58/><U81/><E111/><V42/><F119/><W131/><G126/><T66/><D14/><U59/><E127/><V71/><F128/><W114/><G131/><T9/><D9/><U15/><E64/><V125/><F125/><W0/><G65/><T68/><D66/><U63/><E15/><V37/><F71/><W7/><G69/><T47/><D47/><U108/><E108/><V16/><REACH who="2" step="1"/><F3/><REACH who="2" ten="173,250,437,130" step="2"/><W116/><G116/><T23/><D68/><U77/><E130/><V75/><F75/><W60/><G0/><T67/><D120/><U76/><E107/><V25/><F25/><W132/><G114/><T123/><D105/><U134/><E134/><V117/><F117/><W103/><G132/><T96/><D106/><U45/><E45/><V74/><F74/><W12/><G12/><T44/><D112/><U62/><REACH who="1" step="1"/><E99/><REACH who="1" ten="173,240,437,130" step="2"/><V72/><F72/><AGARI ba="0,2" hai="53,55,57,59,62,63,72,76,77,79,81,83,84,89" machi="72" ten="30,7700,0" yaku="1,1,2,1,7,1,9,1,53,0" doraHai="93" doraHaiUra="36" who="1" fromWho="2" sc="173,0,240,97,437,-77,130,0" /><INIT seed="3,0,0,0,4,72" ten="173,337,360,130" oya="3" hai0="110,82,78,87,35,134,40,121,62,119,7,12,24" hai1="64,73,23,92,126,128,124,85,52,27,44,33,20" hai2="45,88,103,42,129,16,107,108,135,117,131,79,26" hai3="39,125,29,95,13,9,21,69,1,113,25,48,123"/><W65/><G113/><T112/><D119/><U22/><E73/><V61/><F117/><W90/><G123/><T32/><D121/><U105/><E105/><V60/><F103/><W36/><G125/><N who="1" m="48234" /><E64/><V76/><F108/><W75/><G75/><T93/><D110/><U63/><E33/><V4/><F4/><W41/><G1/><T19/><D134/><U77/><E128/><N who="2" m="49227" /><F107/><W94/><G69/><T17/><D40/><U99/><E27/><V6/><F6/><W111/><G65/><T133/><D133/><U49/><E63/><N who="2" m="24139" /><F88/><W57/><G111/><T122/><D62/><U71/><E71/><V70/><F70/><W130/><G95/><T84/><D7/><U47/><E47/><V89/><F89/><W83/><G83/><T100/><D112/><U50/><E50/><N who="2" m="26935" /><F135/><W0/><G0/><T15/><D122/><U80/><E20/><AGARI ba="0,0" hai="16,20,26,76,79" m="26935,24139,49227" machi="20" ten="30,7700,0" yaku="19,1,52,2,54,1" doraHai="72" who="2" fromWho="1" sc="173,0,337,-77,360,77,130,0" /><INIT seed="4,0,0,3,4,35" ten="173,260,437,130" oya="0" hai0="97,127,44,79,122,73,113,110,120,36,34,1,118" hai1="104,19,52,56,3,32,93,8,26,6,7,102,94" hai2="31,69,90,17,70,29,89,83,10,66,20,25,116" hai3="49,65,47,14,18,67,115,4,129,63,5,95,40"/><T58/><RYUUKYOKU type="yao9" ba="0,0" sc="173,0,260,0,437,0,130,0" hai0="1,34,36,44,58,73,79,97,110,113,118,120,122,127" /><INIT seed="4,1,0,1,4,91" ten="173,260,437,130" oya="0" hai0="31,76,128,27,18,30,57,21,66,132,28,55,53" hai1="19,11,95,79,71,70,96,130,50,93,120,108,47" hai2="65,0,117,36,16,6,22,54,73,52,94,90,14" hai3="13,103,8,116,100,68,2,29,122,81,98,127,5"/><T89/><D128/><U80/><E108/><V51/><F36/><W60/><G127/><T56/><D132/><U77/><E130/><V42/><F73/><W35/><G122/><T32/><D76/><U72/><E120/><V113/><F113/><W135/><G135/><T97/><D32/><U4/><E19/><V64/><F0/><W105/><G103/><T84/><D97/><U109/><E109/><V61/><F6/><W1/><G116/><T82/><REACH who="0" step="1"/><D56/><REACH who="0" ten="163,260,437,130" step="2"/><U33/><E79/><V23/><F117/><W134/><G134/><T25/><D25/><U129/><E129/><V111/><F111/><W10/><G81/><T107/><D107/><U115/><E33/><V20/><F65/><N who="3" m="40999" /><G8/><T125/><D125/><U104/><E104/><V62/><F64/><W38/><G38/><T37/><D37/><U101/><E115/><V24/><F24/><AGARI ba="1,1" hai="1,2,5,10,13,24,29,35,98,100,105" m="40999" machi="24" ten="30,1000,0" yaku="25,1" doraHai="91" who="3" fromWho="2" sc="163,0,260,0,437,-13,130,23" /><INIT seed="5,0,0,4,1,73" ten="163,260,424,153" oya="1" hai0="95,123,99,102,104,71,23,109,117,100,1,72,84" hai1="83,78,82,15,55,114,101,5,80,97,54,128,39" hai2="108,13,58,11,92,7,26,41,30,107,131,46,52" hai3="75,3,49,6,86,37,125,94,77,88,14,112,63"/><U0/><E0/><V45/><F107/><W76/><G37/><T17/><D117/><U31/><E39/><V70/><F70/><W129/><G75/><T132/><D109/><U28/><E128/><V133/><F108/><W135/><G3/><T81/><D1/><U98/><E114/><V62/><F131/><W103/><G129/><T116/><D71/><U79/><E101/><V113/><F133/><W35/><G35/><T16/><D116/><U8/><E97/><V24/><F113/><W111/><G111/><T93/><D132/><U47/><E98/><V19/><F92/><W91/><G112/><T2/><D2/><U74/><E74/><V42/><F7/><W12/><G135/><T106/><D72/><U67/><E67/><V29/><F46/><W36/><G36/><T21/><D99/><U40/><E40/><N who="2" m="15467" /><F45/><W22/><G125/><T105/><D105/><U96/><E96/><V121/><F121/><W32/><G32/><T27/><D84/><U89/><E89/><V124/><F124/><W126/><G103/><T38/><D38/><U68/><E68/><V66/><F66/><W130/><G49/><T127/><D81/><U51/><E55/><V59/><F59/><W44/><G44/><T118/><D118/><U50/><E50/><V64/><F64/><W43/><G63/><T134/><D134/><U69/><E69/><V110/><F110/><W120/><G126/><T115/><D127/><U90/><E90/><V48/><F48/><W122/><G130/><T85/><D115/><U18/><E5/><V119/><F119/><W4/><G120/><RYUUKYOKU ba="0,0" sc="163,-15,260,15,424,15,153,-15" hai1="8,15,18,28,31,47,51,54,78,79,80,82,83" hai2="11,13,19,24,26,29,30,52,58,62" /><INIT seed="5,1,0,2,3,111" ten="148,275,439,138" oya="1" hai0="100,5,85,9,4,22,98,89,30,44,124,77,0" hai1="130,34,99,80,82,81,91,104,71,39,110,15,103" hai2="73,123,2,75,97,114,20,83,118,21,19,92,47" hai3="33,23,129,37,29,10,109,122,134,115,64,76,86"/><U119/><E34/><V135/><F123/><W108/><G37/><T126/><D5/><U120/><E71/><V7/><F118/><W106/><G64/><T58/><D77/><U8/><E39/><V27/><F135/><W90/><G106/><T125/><D58/><U40/><E40/><V65/><F83/><W117/><G76/><T69/><D69/><U96/><E120/><V128/><F128/><W70/><G70/><T105/><D44/><U94/><E119/><V51/><F65/><W133/><G86/><T46/><D46/><U48/><E48/><V54/><F114/><W66/><G90/><T88/><REACH who="0" step="1"/><D85/><REACH who="0" ten="138,275,439,138" step="2"/><U31/><E110/><V74/><F7/><W57/><G108/><T45/><D45/><U101/><E130/><V16/><F2/><W36/><G109/><T35/><D35/><U13/><E31/><V11/><F75/><W17/><G29/><T59/><D59/><U84/><REACH who="1" step="1"/><E8/><REACH who="1" ten="138,265,439,138" step="2"/><V18/><F11/><W121/><G10/><T28/><D28/><U79/><E79/><V132/><F47/><W63/><G33/><T72/><D72/><U55/><E55/><V26/><F54/><W61/><G121/><T78/><D78/><U38/><E38/><V62/><F74/><W42/><G122/><T60/><D60/><U25/><E25/><AGARI ba="1,2" hai="0,4,9,22,25,30,88,89,98,100,105,124,125,126" machi="25" ten="40,5200,0" yaku="1,1,18,1,54,1,53,0" doraHai="111" doraHaiUra="41" who="0" fromWho="1" sc="138,75,265,-55,439,0,138,0" /><INIT seed="6,0,0,2,1,35" ten="213,210,439,138" oya="2" hai0="29,128,51,77,121,67,93,105,27,111,31,41,130" hai1="119,48,89,52,55,4,36,117,20,15,22,44,17" hai2="100,103,46,0,112,34,13,125,82,102,39,37,57" hai3="115,62,25,84,16,43,92,80,53,79,104,5,32"/><V54/><F34/><W71/><G104/><T70/><D121/><U73/><E73/><V133/><F133/><W131/><G131/><T135/><D111/><U58/><E4/><V66/><F66/><W21/><G5/><T88/><D105/><U64/><E64/><V69/><F69/><W127/><G127/><T45/><D77/><U18/><E89/><V76/><F112/><W78/><G43/><T101/><D101/><U123/><E123/><V75/><F125/><W113/><G32/><T110/><D110/><U59/><E36/><V49/><F13/><W91/><G92/><T108/><D108/><U40/><E40/><V107/><F107/><W68/><G68/><T120/><D120/><U47/><E15/><V50/><REACH who="2" step="1"/><F0/><REACH who="2" ten="213,210,429,138" step="2"/><W114/><REACH who="3" step="1"/><G71/><REACH who="3" ten="213,210,429,128" step="2"/><T2/><D70/><U1/><E1/><V109/><F109/><W30/><G30/><T83/><D2/><U11/><E119/><V72/><F72/><W8/><G8/><T28/><D29/><U63/><E11/><V97/><F97/><W116/><G116/><T124/><D28/><U12/><E117/><V33/><F33/><W85/><G85/><T122/><D124/><U74/><E74/><V26/><F26/><W81/><G81/><T7/><D83/><U42/><E42/><AGARI ba="0,2" hai="37,39,42,46,49,50,54,57,75,76,82,100,102,103" machi="42" ten="40,12000,1" yaku="1,1,53,3" doraHai="35" doraHaiUra="99" who="2" fromWho="1" sc="213,0,210,-120,429,140,128,0" /><INIT seed="6,1,0,4,2,23" ten="213,90,569,128" oya="2" hai0="48,64,111,108,8,26,135,42,121,130,14,88,79" hai1="54,30,59,63,61,45,35,2,122,69,62,134,5" hai2="0,112,6,101,118,113,3,92,81,107,68,47,51" hai3="77,33,89,86,129,43,15,104,115,13,123,73,18"/><V97/><F118/><W19/><G123/><T114/><D79/><U105/><E105/><V52/><F68/><W103/><G33/><T90/><D121/><U41/><E122/><V87/><F107/><W20/><G43/><T126/><D64/><U82/><E134/><V74/><F74/><W11/><G104/><T17/><D114/><N who="2" m="44138" /><F6/><W53/><G103/><T127/><D130/><U94/><E69/><V98/><F98/><W40/><G129/><T70/><D70/><U38/><E2/><V95/><F95/><W117/><G40/><T102/><D102/><U21/><E5/><V27/><F27/><W75/><G77/><AGARI ba="1,0" hai="0,3,47,51,52,77,81,87,92,97,101" m="44138" machi="77" ten="30,2900,0" yaku="15,1,54,1" doraHai="23" who="2" fromWho="3" sc="213,0,90,0,569,32,128,-32" /><INIT seed="6,2,0,2,5,30" ten="213,90,601,96" oya="2" hai0="69,97,47,109,122,41,117,65,121,111,25,37,60" hai1="19,68,26,10,126,100,23,92,40,49,106,58,64" hai2="70,105,131,87,38,29,103,43,6,57,63,118,123" hai3="88,55,20,32,2,96,11,31,89,132,61,42,80"/><V34/><F123/><N who="0" m="47114" /><D97/><U81/><E106/><V66/><F6/><W62/><G132/><T18/><D18/><U28/><E126/><V114/><F114/><W127/><G127/><T12/><D12/><U134/><E68/><V16/><F118/><W4/><G42/><T124/><D25/><U9/><E134/><V45/><F131/><W108/><G108/><N who="0" m="41547" /><D124/><U120/><E120/><V50/><F87/><W116/><G116/><AGARI ba="2,0" hai="37,41,47,60,65,69,116,117" m="41547,47114" machi="116" ten="40,5200,0" yaku="23,1,34,2" doraHai="30" who="0" fromWho="3" sc="213,58,90,0,601,0,96,-58" /><INIT seed="7,0,0,0,3,42" ten="271,90,601,38" oya="3" hai0="96,107,93,6,91,30,127,106,74,114,98,4,92" hai1="39,38,13,70,11,113,121,86,58,99,37,131,94" hai2="132,109,41,55,43,5,120,34,10,52,89,68,117" hai3="82,81,129,15,66,59,133,105,123,134,9,83,0"/><W116/><G0/><T26/><D74/><U19/><E70/><V90/><F68/><W31/><G116/><T115/><D127/><U122/><E113/><N who="0" m="43017" /><D6/><U56/><E131/><V126/><F120/><W12/><G129/><T80/><D4/><U53/><E86/><V101/><F101/><W28/><G123/><T112/><D80/><U18/><E58/><V72/><F132/><N who="3" m="50795" /><G105/><T60/><D60/><U32/><E32/><V65/><F65/><W24/><G66/><T78/><D78/><U135/><E19/><V20/><F34/><N who="3" m="20743" /><G31/><T130/><D130/><U111/><E111/><V36/><F126/><W128/><G128/><T69/><D69/><U47/><E47/><V87/><F117/><W16/><G59/><T71/><D71/><U85/><E85/><V33/><F33/><W119/><G119/><T97/><D112/><U61/><REACH who="1" step="1"/><E135/><REACH who="1" ten="271,80,601,38" step="2"/><V57/><F57/><W100/><G100/><AGARI ba="0,1" hai="11,13,18,37,38,39,53,56,61,94,99,100,121,122" machi="100" ten="40,5200,0" yaku="1,1,2,1,53,1" doraHai="42" doraHaiUra="7" who="1" fromWho="3" sc="271,0,80,62,601,0,38,-52" owari="271,7.1,142,-25.8,601,70.1,-14,-51.4" /></mjloggm>