<mjloggm ver="2.3"><GO type="41" lobby="0"/><UN n0="%E2%93%9D%4C%75%63%6B%79%4A" n1="%E9%9B%AA%E9%9C%9E%E7%8B%BC" n2="%64%65%6E%6F%73%75%6B%65" n3="%E4%B8%BB%E5%A9%A6%E3%81%A8%E3%81%97%E5%AD%90" dan="17,13,14,15" rate="2179.85,1892.05,1963.00,2111.99" sx="M,F,M,M"/><TAIKYOKU oya="0"/><INIT seed="0,0,0,0,2,127" ten="250,250,250,250" oya="0" hai0="78,113,99,55,129,88,63,57,16,7,51,4,121" hai1="81,26,98,38,82,27,2,73,15,120,28,48,95" hai2="70,69,8,131,18,87,93,11,40,1,135,14,25" hai3="128,20,83,41,47,110,36,24,103,126,101,92,85"/><T96/><D121/><U117/><E117/><V102/><F135/><W62/><G126/><T74/><D113/><U39/><E2/><V65/><F40/><W21/><G110/><T56/><D74/><U30/><E120/><V72/><F72/><W112/><G112/><T61/><D78/><U3/><E3/><V123/><F123/><W23/><G128/><T132/><D132/><U17/><E48/><V133/><F65/><W71/><G71/><T106/><D106/><U33/><E73/><V109/><F109/><W91/><G91/><T107/><BYE who="3" /><D107/><U77/><E77/><V64/><F64/><UN n3="%E4%B8%BB%E5%A9%A6%E3%81%A8%E3%81%97%E5%AD%90" /><W94/><G62/><T31/><D31/><U6/><E6/><N who="0" m="2089" /><D129/><U46/><E46/><V35/><F133/><W54/><G54/><N who="0" m="34231" /><D61/><U0/><E0/><V89/><F131/><W42/><G42/><T29/><D29/><U116/><E116/><V104/><F1/><W90/><REACH who="3" step="1"/><G24/><REACH who="3" ten="250,250,250,240" step="2"/><T97/><D88/><U52/><E26/><V12/><F25/><W100/><AGARI ba="0,1" hai="20,21,23,36,41,47,83,85,90,92,94,100,101,103" machi="100" ten="30,4000,0" yaku="1,1,2,1,0,1,53,0" doraHai="127" doraHaiUra="58" who="3" fromWho="3" sc="250,-20,250,-10,250,-10,240,50" /><INIT seed="1,0,0,5,1,74" ten="230,240,240,290" oya="1" hai0="133,94,86,38,20,123,87,118,33,110,53,36,10" hai1="9,119,121,67,7,128,96,106,57,51,100,19,26" hai2="92,116,42,58,71,6,95,107,99,1,16,24,120" hai3="126,113,66,77,98,117,131,124,11,104,82,135,109"/><U73/><E119/><V130/><F116/><W78/><G117/><T62/><D118/><RYUUKYOKU type="kaze4" ba="0,0" sc="230,0,240,0,240,0,290,0" /><INIT seed="1,1,0,5,5,100" ten="230,240,240,290" oya="1" hai0="10,114,84,70,88,52,44,89,79,119,55,19,83" hai1="30,112,124,98,132,49,133,90,121,35,18,67,103" hai2="115,85,116,107,91,42,15,117,2,43,127,81,86" hai3="4,129,87,48,37,33,20,82,31,22,96,69,93"/><U3/><E112/><V74/><F2/><W11/><G37/><T32/><D32/><U97/><E121/><V38/><F115/><W61/><G129/><T68/><D114/><U135/><E124/><V58/><F38/><W120/><G120/><T94/><D119/><U113/><E113/><V128/><F58/><W53/><G33/><T134/><D134/><U75/><E75/><V34/><F34/><W40/><G40/><T17/><D70/><U21/><E3/><V63/><F63/><W27/><G20/><T56/><D68/><U101/><E67/><V71/><F71/><W59/><G69/><T50/><D10/><U26/><E49/><V104/><F15/><W111/><G111/><T36/><D89/><U72/><E72/><V0/><F0/><W125/><G125/><T130/><D130/><U25/><REACH who="1" step="1"/><E90/><REACH who="1" ten="230,230,240,290" step="2"/><V66/><F66/><W23/><G48/><N who="0" m="29063" /><D36/><U108/><E108/><V99/><F74/><W47/><G61/><T65/><D65/><U9/><E9/><V1/><F1/><W13/><G11/><T80/><D83/><U51/><E51/><V77/><F127/><W118/><G82/><T60/><D60/><U105/><E105/><N who="2" m="40523" /><F128/><W41/><G118/><N who="2" m="45673" /><F42/><W5/><G41/><T28/><D80/><U57/><E57/><V12/><F43/><W8/><G59/><T45/><D56/><U131/><E131/><V62/><F62/><W64/><G64/><T123/><D123/><U24/><E24/><V73/><F12/><W29/><G13/><T110/><D110/><U54/><E54/><V126/><F126/><W39/><G39/><RYUUKYOKU ba="1,1" sc="230,-15,230,15,240,15,290,-15" hai1="18,21,25,26,30,35,97,98,101,103,132,133,135" hai2="73,77,81,85,86,91,99" /><INIT seed="1,2,1,5,1,107" ten="215,245,255,275" oya="1" hai0="127,61,78,24,52,14,66,125,55,44,50,51,102" hai1="116,17,34,108,134,6,12,10,120,31,118,64,48" hai2="68,11,126,82,4,130,98,16,25,133,29,109,131" hai3="74,76,54,105,90,8,38,70,2,45,100,49,37"/><U79/><E120/><V0/><F109/><W89/><G70/><N who="0" m="42319" /><D102/><U101/><E101/><V128/><F68/><W13/><G2/><T56/><D24/><U132/><E64/><V121/><F121/><W26/><G26/><T46/><D78/><U32/><E79/><V80/><F133/><N who="1" m="51305" /><E48/><V41/><F126/><N who="0" m="48138" /><D14/><N who="1" m="5463" /><E108/><V35/><F41/><W5/><G105/><T73/><D73/><U30/><E30/><V119/><F119/><N who="1" m="45609" /><E31/><V9/><F98/><W43/><G100/><T62/><D62/><U28/><E28/><V113/><F113/><W21/><G90/><T15/><D15/><AGARI ba="2,1" hai="0,4,9,11,15,16,25,29,35,80,82,128,130,131" machi="15" ten="40,2600,0" yaku="19,1,54,1" doraHai="107" who="2" fromWho="0" sc="215,-32,245,0,255,42,275,0" /><INIT seed="2,0,0,5,3,121" ten="183,245,297,275" oya="2" hai0="128,111,65,50,30,74,116,53,57,86,88,33,85" hai1="113,25,5,38,61,131,129,134,101,47,13,18,124" hai2="56,64,52,40,27,1,82,46,63,19,20,48,135" hai3="109,105,9,107,80,92,79,110,75,26,3,66,35"/><V6/><F135/><W72/><G72/><T62/><D74/><U34/><E101/><V114/><F114/><W37/><G92/><T103/><D128/><N who="1" m="49227" /><E61/><V108/><F82/><W16/><G66/><T126/><D126/><U122/><E47/><V99/><F1/><W31/><G37/><T84/><D116/><U67/><E67/><V51/><F6/><N who="3" m="1247" /><G16/><T120/><D120/><U94/><E94/><V83/><F83/><W98/><G98/><T89/><D111/><AGARI ba="0,0" hai="26,31,35,75,79,80,105,107,109,110,111" m="1247" machi="111" ten="30,8000,1" yaku="14,1,23,1,52,3" doraHai="121" who="3" fromWho="0" sc="183,-80,245,0,297,0,275,80" /><INIT seed="3,0,0,2,2,115" ten="103,245,297,355" oya="3" hai0="18,111,71,24,106,120,119,116,35,7,131,130,98" hai1="10,29,15,107,121,52,25,70,26,16,34,28,134" hai2="61,64,38,14,36,102,135,93,118,23,133,22,62" hai3="66,75,68,45,51,86,101,76,110,56,5,47,103"/><W126/><G126/><T114/><D114/><U128/><E121/><V96/><F118/><N who="0" m="45098" /><D120/><U21/><E70/><V109/><F109/><W37/><G75/><T42/><D42/><U6/><E107/><V127/><F127/><W8/><G68/><T95/><D7/><U89/><E128/><N who="0" m="49193" /><D71/><U79/><E79/><V65/><F14/><N who="3" m="5391" /><G37/><T40/><D40/><U39/><E39/><V49/><F49/><W81/><G110/><T124/><D111/><U54/><E134/><N who="2" m="51211" /><F38/><W2/><G2/><T72/><D72/><U31/><E89/><V108/><F108/><W46/><G51/><T92/><D124/><U132/><E132/><V84/><F36/><W112/><G112/><T59/><D59/><U113/><E113/><V19/><F84/><W94/><G94/><T122/><D122/><U97/><E97/><V74/><F74/><W77/><G77/><T67/><D106/><U12/><REACH who="1" step="1"/><E31/><REACH who="1" ten="103,235,297,355" step="2"/><V41/><F96/><W58/><G76/><T125/><D125/><U57/><E57/><V33/><F102/><N who="3" m="38923" /><G56/><T43/><D98/><U100/><E100/><V20/><F93/><W50/><G58/><T0/><D95/><U17/><E17/><V82/><F82/><W88/><G50/><T80/><D80/><U129/><E129/><V123/><F19/><W48/><G48/><T117/><D92/><U73/><E73/><V53/><F123/><W105/><G105/><T30/><N who="0" m="45106" /><T11/><DORA hai="90" /><D43/><U27/><E27/><V9/><F65/><AGARI ba="0,1" hai="45,46,47,65,66,81,86,88" m="38923,5391" machi="65" ten="30,2900,0" yaku="8,1,54,1" doraHai="115,90" who="3" fromWho="2" sc="103,0,235,0,297,-29,355,39" /><INIT seed="3,1,0,0,0,14" ten="103,235,268,394" oya="3" hai0="68,101,88,92,98,110,119,63,130,49,73,80,37" hai1="99,78,43,67,128,134,38,8,95,52,5,9,40" hai2="115,59,20,111,7,27,116,72,83,31,61,112,71" hai3="30,84,104,70,114,26,100,60,11,131,109,86,34"/><W121/><G114/><T90/><D37/><U105/><E105/><V122/><F111/><W29/><G121/><T89/><D68/><U56/><E67/><V35/><F116/><W45/><G131/><T19/><D119/><U106/><E106/><V42/><F122/><W15/><G30/><T135/><D110/><U93/><E128/><V102/><F7/><W107/><G107/><T118/><D118/><U127/><E134/><V103/><F42/><W87/><G45/><T53/><D130/><U13/><E127/><V1/><F1/><W120/><G120/><T18/><D63/><U24/><E78/><V85/><F72/><W54/><G109/><T2/><D2/><U62/><E38/><V66/><F71/><W129/><G129/><T64/><D64/><U123/><E123/><V25/><F115/><W41/><G41/><N who="1" m="15946" /><E24/><V17/><REACH who="2" step="1"/><F112/><REACH who="2" ten="103,235,258,394" step="2"/><W91/><G70/><T132/><D73/><U113/><E113/><V44/><F44/><W23/><G34/><T4/><D4/><U47/><E47/><V48/><F48/><W46/><G46/><N who="0" m="27831" /><D80/><U21/><E5/><V133/><F133/><AGARI ba="1,1" hai="18,19,88,89,90,92,98,101,132,133,135" m="27831" machi="133" ten="30,7700,0" yaku="20,1,52,2,54,1" doraHai="14" who="0" fromWho="2" sc="103,90,235,0,258,-80,394,0" /><INIT seed="4,0,0,3,0,18" ten="193,235,178,394" oya="0" hai0="98,116,91,94,1,34,10,3,125,47,74,131,54" hai1="16,86,14,72,84,109,130,78,89,100,0,33,32" hai2="106,82,11,23,13,22,118,119,90,126,26,40,122" hai3="93,2,135,124,31,4,61,66,12,64,71,7,28"/><T96/><D116/><N who="2" m="44586" /><F122/><W121/><G121/><T104/><D34/><U87/><E109/><V46/><F106/><W60/><G124/><T42/><D74/><U127/><E0/><V41/><F26/><W24/><G2/><T65/><D65/><U113/><E127/><V76/><F90/><W19/><G93/><T50/><D131/><U39/><E39/><N who="2" m="21791" /><F41/><W17/><G135/><T95/><D104/><U68/><E68/><V133/><F133/><W83/><G83/><T27/><D125/><U123/><E123/><V36/><F36/><W6/><G24/><T49/><D27/><U134/><E134/><V37/><F37/><W114/><G114/><T92/><D95/><U5/><E113/><V115/><F115/><W80/><G80/><T70/><D70/><U97/><E130/><V132/><F132/><W99/><G99/><T38/><D38/><U48/><E5/><N who="2" m="3311" /><F126/><W129/><G129/><T55/><D42/><U112/><E112/><V128/><F128/><W59/><REACH who="3" step="1"/><G17/><REACH who="3" ten="193,235,178,384" step="2"/><T67/><D98/><U30/><E16/><V102/><F102/><W105/><G105/><T79/><D96/><U43/><E97/><V108/><F108/><W81/><G81/><T15/><D94/><U77/><E100/><V88/><F88/><W51/><G51/><T45/><D91/><U58/><E89/><V9/><F9/><AGARI ba="0,1" hai="4,6,7,9,12,19,28,31,59,60,61,64,66,71" machi="9" ten="40,1300,0" yaku="1,1,53,0" doraHai="18" doraHaiUra="35" who="3" fromWho="2" sc="193,0,235,0,178,-13,384,23" /><INIT seed="5,0,0,1,4,21" ten="193,235,165,407" oya="1" hai0="30,62,44,126,22,96,77,43,118,121,87,78,60" hai1="85,88,128,29,65,99,36,91,41,11,49,2,35" hai2="6,4,50,79,105,116,16,97,132,89,125,94,129" hai3="92,28,82,120,69,38,45,130,83,134,100,37,18"/><U73/><E73/><V54/><F116/><W74/><G18/><T23/><D126/><U5/><E36/><V76/><F132/><W7/><G92/><T102/><D121/><U93/><E128/><V111/><F111/><W131/><G100/><T81/><D118/><U26/><E65/><V33/><F33/><W8/><G8/><T84/><D30/><U127/><E127/><V59/><F129/><W63/><G63/><T98/><D44/><U24/><E26/><V14/><F105/><W53/><G53/><T19/><D43/><U67/><E67/><V106/><F106/><W27/><G7/><T58/><D102/><U20/><E49/><V17/><F125/><W15/><G15/><T80/><REACH who="0" step="1"/><D19/><REACH who="0" ten="183,235,165,407" step="2"/><U3/><E41/><V64/><F17/><W56/><G45/><T10/><D10/><U0/><REACH who="1" step="1"/><E35/><REACH who="1" ten="183,225,165,407" step="2"/><V61/><F4/><W133/><G130/><T75/><D75/><U1/><E1/><V72/><F72/><W103/><G74/><T25/><D25/><U135/><E135/><V46/><REACH who="2" step="1"/><F6/><REACH who="2" ten="183,225,155,407" step="2"/><W51/><G131/><T9/><D9/><AGARI ba="0,3" hai="9,14,16,46,50,54,59,61,64,76,79,89,94,97" machi="9" ten="30,8000,1" yaku="1,1,2,1,7,1,8,1,54,1,53,0" doraHai="21" doraHaiUra="32" who="2" fromWho="0" sc="183,-80,225,0,155,110,407,0" /><INIT seed="6,0,0,3,5,88" ten="103,225,265,407" oya="2" hai0="16,51,63,126,104,38,22,43,129,77,14,101,71" hai1="72,11,61,27,17,116,100,112,0,59,33,7,34" hai2="24,49,103,20,120,69,55,57,58,39,35,133,53" hai3="21,123,13,118,26,109,37,54,94,113,32,108,130"/><V31/><F120/><W5/><G118/><T106/><D38/><U85/><E116/><V91/><F133/><W23/><G37/><T10/><D126/><U135/><E72/><V134/><F134/><W45/><G45/><T117/><D117/><U9/><E135/><V132/><F132/><W68/><G68/><T92/><D129/><U125/><E125/><V25/><F103/><W75/><G54/><T6/><D77/><U56/><E112/><V99/><F69/><W70/><G94/><T86/><D43/><U62/><E100/><V124/><F39/><W67/><G67/><T115/><D115/><U2/><E85/><V95/><F124/><W40/><G40/><T107/><D51/><U89/><E89/><V28/><F55/><W3/><G75/><T79/><D71/><U110/><E17/><V111/><REACH who="2" step="1"/><F111/><REACH who="2" ten="103,225,255,407" step="2"/><W127/><G70/><T30/><D101/><U46/><E110/><V66/><F66/><W96/><G127/><T105/><D107/><U8/><E7/><V73/><F73/><W114/><G5/><T4/><D6/><U12/><E0/><V83/><F83/><W15/><G3/><T121/><D121/><U50/><E2/><V19/><F19/><W102/><G102/><T74/><D74/><U42/><E33/><V76/><F76/><W119/><G123/><T41/><D79/><U65/><E34/><V82/><F82/><W36/><G36/><T78/><D78/><U131/><E65/><V29/><F29/><W97/><G32/><T47/><D106/><U60/><E131/><V64/><F64/><W48/><G130/><RYUUKYOKU ba="0,1" sc="103,-10,225,-10,255,30,407,-10" hai2="20,24,25,28,31,35,49,53,57,58,91,95,99" /><INIT seed="6,1,1,2,3,102" ten="93,215,285,397" oya="2" hai0="97,104,59,16,19,106,73,115,81,0,121,47,1" hai1="112,7,62,84,103,127,124,98,30,93,123,45,95" hai2="24,11,29,51,35,89,79,2,53,44,116,48,38" hai3="28,23,50,131,126,134,118,49,96,32,117,26,111"/><V130/><F116/><W80/><G111/><T82/><D97/><U5/><E30/><V57/><F130/><W17/><G131/><T78/><D59/><U76/><E45/><V91/><F38/><W60/><G126/><N who="1" m="48170" /><E62/><V46/><F79/><W128/><G128/><T125/><D125/><U72/><E5/><V100/><F100/><W15/><G134/><T66/><D66/><U86/><E7/><V68/><F68/><W108/><G108/><T56/><D56/><U55/><E55/><V33/><F2/><W36/><G36/><T101/><D101/><U58/><E58/><V119/><F119/><W74/><G60/><T64/><D64/><U34/><E34/><V120/><F120/><W83/><G96/><T133/><D47/><U105/><E112/><V114/><F114/><W6/><G74/><T67/><D67/><U39/><E39/><V107/><F57/><W77/><G6/><T63/><D63/><U25/><E25/><V71/><F71/><W109/><G109/><T10/><D115/><U113/><E123/><V94/><F11/><W69/><G69/><T18/><D121/><U110/><E110/><V85/><F33/><W4/><G32/><T65/><D65/><U21/><E21/><V87/><F51/><W43/><G23/><T13/><D133/><U40/><E40/><V41/><F46/><W90/><G50/><T3/><REACH who="0" step="1"/><D82/><REACH who="0" ten="83,215,285,397" step="2"/><N who="1" m="45319" /><E113/><V88/><F41/><W31/><G43/><T37/><D37/><U8/><E8/><V135/><F135/><W129/><G118/><T122/><D122/><U9/><E9/><V42/><F42/><RYUUKYOKU ba="1,2" sc="83,15,215,15,285,-15,397,-15" hai0="0,1,3,10,13,16,18,19,73,78,81,104,106" hai1="84,86,93,95,98,103,105" /><INIT seed="7,2,2,3,3,85" ten="98,230,270,382" oya="3" hai0="9,81,114,15,36,55,16,100,51,129,7,96,70" hai1="112,32,49,80,127,91,86,107,63,25,132,41,126" hai2="73,8,111,71,118,82,61,64,99,5,72,21,43" hai3="74,67,125,97,120,106,45,66,1,14,3,17,87"/><W12/><G74/><T105/><D129/><U65/><E112/><V76/><F111/><W31/><G120/><T23/><D114/><U134/><E107/><V29/><F118/><W92/><G31/><T83/><D36/><U131/><E32/><V11/><F11/><W42/><G106/><T40/><D70/><U10/><E10/><V30/><F21/><W6/><G12/><T78/><D40/><U37/><E25/><V122/><F122/><W60/><G87/><T4/><D78/><U68/><E37/><V0/><F99/><W77/><G77/><T19/><D7/><U24/><E24/><V109/><F109/><W38/><G67/><T69/><D69/><U103/><E103/><V130/><F130/><W52/><G52/><T48/><D51/><U108/><E108/><V54/><F54/><W2/><G125/><N who="1" m="47626" /><E131/><V33/><F30/><W35/><G35/><T95/><D105/><U104/><E104/><V34/><F29/><W79/><G79/><T113/><D113/><U88/><E91/><V53/><F53/><W75/><G6/><T123/><D123/><U26/><E26/><V58/><F58/><N who="3" m="37143" /><G1/><T47/><REACH who="0" step="1"/><D19/><REACH who="0" ten="88,230,270,382" step="2"/><U90/><E49/><V94/><F73/><W98/><G17/><T128/><D128/><U62/><E41/><V89/><F43/><W57/><G42/><T102/><D102/><U18/><E18/><V20/><F72/><W121/><G75/><T101/><D101/><U84/><E63/><V115/><F61/><W124/><G121/><T93/><D93/><AGARI ba="2,3" hai="62,65,68,80,84,86,88,90,93,132,134" m="47626" machi="93" ten="30,7700,0" yaku="18,1,52,2,54,1" doraHai="85" who="1" fromWho="0" sc="88,-83,230,113,270,0,382,0" owari="5,-49.5,343,14.3,270,-13.0,382,48.2" /></mjloggm>