<mjloggm ver="2.3"><GO type="41" lobby="0"/><UN n0="%72%75%69%6E%65%76%65%72" n1="%E2%93%9D%4C%75%63%6B%79%4A" n2="%E3%82%A6%E3%83%A9%E3%83%83%E3%82%AD%E3%83%BC%EF%BC%81" n3="%E6%97%8B%E9%A2%A8%E3%81%AE%E9%A2%A8%E6%9D%A5%E5%9D%8A" dan="15,17,14,15" rate="1952.76,2160.97,1963.11,1980.98" sx="M,M,M,M"/><TAIKYOKU oya="0"/><INIT seed="0,0,0,0,2,80" ten="250,250,250,250" oya="0" hai0="106,96,128,100,1,10,135,97,6,23,70,51,78" hai1="38,84,82,117,26,56,132,125,64,107,53,40,29" hai2="105,110,90,114,54,103,13,68,63,28,31,15,47" hai3="32,7,121,71,120,55,111,124,83,81,17,39,108"/><T79/><D135/><U102/><E132/><V58/><F114/><W61/><G17/><T36/><D128/><U93/><E117/><V73/><F73/><W133/><G7/><T129/><D129/><U91/><E125/><V8/><F15/><W72/><G55/><T9/><D36/><U0/><E0/><V101/><F110/><N who="3" m="42027" /><G133/><T25/><D70/><U112/><E107/><V16/><F68/><W123/><G72/><T18/><D10/><U24/><E64/><V14/><F105/><W57/><G71/><T67/><D67/><U87/><E112/><V116/><F116/><W126/><G32/><T77/><D97/><U45/><E102/><V46/><F46/><W95/><G95/><T119/><D119/><U20/><E26/><V19/><F47/><W48/><G48/><T5/><D5/><U99/><REACH who="1" step="1"/><E82/><REACH who="1" ten="250,240,250,250" step="2"/><N who="3" m="31242" /><G39/><T65/><D65/><U4/><E4/><V21/><F103/><W12/><G12/><T85/><REACH who="0" step="1"/><D51/><AGARI ba="0,1" hai="20,24,29,38,40,45,51,53,56,84,87,91,93,99" machi="51" ten="30,7700,0" yaku="1,1,7,1,52,2,53,0" doraHai="80" doraHaiUra="3" who="1" fromWho="0" sc="250,-77,240,87,250,0,250,0" /><INIT seed="1,0,0,1,3,23" ten="173,327,250,250" oya="1" hai0="74,98,114,31,68,49,29,121,76,102,34,122,97" hai1="99,22,126,10,55,75,35,111,115,109,86,33,73" hai2="19,72,101,28,105,51,96,71,64,117,108,2,24" hai3="44,78,3,119,116,82,77,53,66,11,13,41,15"/><U133/><E115/><V38/><F117/><N who="3" m="45131" /><G53/><T56/><D114/><U14/><E86/><V87/><F51/><N who="3" m="27023" /><G66/><T81/><D68/><U85/><E85/><V131/><F19/><W7/><G78/><T25/><D31/><U132/><E99/><V93/><F87/><AGARI ba="0,0" hai="3,7,11,13,15,77,82,87" m="27023,45131" machi="87" ten="30,1000,0" yaku="12,1" doraHai="23" who="3" fromWho="2" sc="173,0,327,0,250,-10,250,10" /><INIT seed="2,0,0,5,3,1" ten="173,327,240,260" oya="2" hai0="91,113,89,50,12,52,111,79,67,56,94,119,39" hai1="98,45,2,108,38,114,124,80,75,118,93,19,116" hai2="16,63,69,115,59,125,37,120,99,27,42,129,46" hai3="13,40,128,64,88,117,83,78,101,3,44,30,61"/><V107/><F120/><W4/><G117/><T5/><D113/><U103/><E2/><V57/><F115/><W76/><G101/><T29/><D119/><U32/><E32/><V71/><F59/><N who="3" m="36927" /><G3/><T92/><D111/><U84/><E124/><V77/><F77/><W18/><G30/><T25/><D39/><U31/><E31/><V35/><F125/><W8/><G18/><T7/><D79/><U95/><E19/><V9/><F129/><W62/><G62/><T65/><D12/><U68/><E68/><V36/><F36/><W135/><G135/><T102/><D102/><U58/><E38/><V96/><F107/><W43/><G128/><T121/><D121/><U100/><E114/><V133/><F133/><W23/><G23/><N who="0" m="15551" /><D92/><U70/><E95/><V86/><F71/><W34/><G34/><T72/><D72/><U130/><E75/><V90/><F35/><W97/><G97/><N who="0" m="57551" /><D91/><N who="1" m="51591" /><E118/><V105/><F69/><W104/><G104/><T33/><D33/><U6/><E70/><V41/><F105/><W131/><G131/><T26/><D26/><U81/><E103/><V112/><F112/><W82/><G82/><T54/><D54/><U11/><E81/><V132/><F42/><N who="3" m="15915" /><G44/><T66/><AGARI ba="0,0" hai="5,7,50,52,56,65,66,67" m="57551,15551" machi="66" ten="30,7900,0" yaku="8,1,52,2,54,1" doraHai="1" who="0" fromWho="0" sc="173,79,327,-20,240,-39,260,-20" /><INIT seed="3,0,0,2,3,93" ten="252,307,201,240" oya="3" hai0="32,17,87,16,71,6,126,117,81,83,90,82,92" hai1="109,46,54,91,100,5,26,104,9,102,116,89,99" hai2="24,12,94,74,96,0,110,31,66,118,27,63,73" hai3="25,105,13,76,72,28,97,57,101,10,133,56,130"/><W78/><G133/><T61/><D117/><U11/><E116/><V88/><F0/><W15/><G130/><T7/><D32/><U3/><E102/><V107/><F118/><W35/><G15/><T131/><D131/><U50/><E109/><V8/><F27/><W75/><G76/><T84/><D126/><U21/><REACH who="1" step="1"/><E11/><REACH who="1" ten="252,297,201,240" step="2"/><V79/><F110/><W119/><G119/><T68/><D61/><U121/><E121/><V45/><F8/><W58/><REACH who="3" step="1"/><G78/><REACH who="3" ten="252,297,201,230" step="2"/><T103/><D103/><U47/><E47/><V29/><F45/><W123/><G123/><T23/><D90/><U43/><E43/><V59/><F79/><W14/><G14/><T85/><D92/><U42/><E42/><V65/><F107/><W36/><G36/><T51/><D51/><U60/><E60/><V70/><F12/><W127/><G127/><T114/><D114/><U80/><E80/><V53/><F24/><W113/><G113/><T62/><D62/><U33/><E33/><V108/><F108/><W112/><G112/><T122/><D122/><U40/><E40/><V77/><F77/><W44/><G44/><T124/><D124/><U52/><E52/><V132/><F53/><W18/><AGARI ba="0,2" hai="10,13,18,25,28,35,56,57,58,72,75,97,101,105" machi="18" ten="30,11700,0" yaku="1,1,0,1,52,1,53,1" doraHai="93" doraHaiUra="98" who="3" fromWho="3" sc="252,-39,297,-39,201,-39,230,137" /><INIT seed="3,1,0,3,2,113" ten="213,258,162,367" oya="3" hai0="38,18,83,101,37,103,56,99,46,47,44,135,12" hai1="8,15,60,11,105,84,98,132,131,20,119,90,110" hai2="94,87,82,7,102,49,9,39,106,30,125,17,16" hai3="134,76,1,124,42,127,45,96,58,52,91,77,24"/><W68/><G68/><T114/><D135/><U86/><E132/><V50/><F39/><W55/><G134/><T80/><D114/><U79/><E110/><V122/><F106/><W107/><G1/><T31/><D31/><U88/><E79/><V108/><F122/><W43/><G24/><T40/><D56/><U54/><E131/><V33/><F108/><W23/><G23/><T100/><D99/><U51/><E60/><V116/><F125/><N who="3" m="48203" /><G58/><T123/><D123/><U111/><E98/><V63/><F33/><W2/><G2/><T59/><D59/><U3/><E105/><V115/><F30/><W10/><G10/><T34/><D34/><U117/><E20/><V61/><F115/><W67/><G67/><T41/><REACH who="0" step="1"/><D47/><REACH who="0" ten="203,258,162,367" step="2"/><U64/><E64/><V85/><F63/><W57/><G57/><T121/><D121/><U92/><E111/><V128/><F61/><W36/><G43/><T27/><D27/><U95/><E3/><V5/><F128/><W71/><G71/><T78/><D78/><N who="3" m="30313" /><G91/><T25/><D25/><U66/><E66/><V73/><F102/><AGARI ba="1,1" hai="36,42,45,52,55,96,102,107" m="30313,48203" machi="102" ten="30,2900,0" yaku="18,1,54,1" doraHai="113" who="3" fromWho="2" sc="203,0,258,0,162,-32,367,42" /><INIT seed="3,2,0,1,4,6" ten="203,258,130,409" oya="3" hai0="110,104,131,120,118,28,101,14,53,127,9,71,135" hai1="125,40,115,70,107,52,113,133,36,8,93,75,79" hai2="21,7,15,1,13,49,26,94,129,99,22,17,91" hai3="62,60,34,66,32,98,57,119,82,41,81,111,43"/><W20/><G119/><T48/><D101/><U80/><E70/><V85/><F1/><W30/><G111/><T24/><D104/><U126/><E40/><V12/><F129/><W88/><G32/><T2/><D71/><U39/><E93/><V74/><F74/><W46/><G62/><T106/><D106/><U59/><E107/><V51/><F7/><W128/><G34/><T108/><D118/><U100/><E100/><V25/><REACH who="2" step="1"/><F99/><REACH who="2" ten="203,258,120,409" step="2"/><W29/><G128/><T69/><D131/><U109/><E115/><V96/><F96/><W61/><G61/><T65/><D2/><U95/><E75/><V117/><F117/><W68/><G68/><T56/><D110/><U18/><E109/><V58/><F58/><W92/><G43/><T11/><D108/><U44/><E59/><V130/><F130/><W102/><G102/><T132/><D69/><U83/><E113/><V31/><AGARI ba="2,1" hai="12,13,15,17,21,22,25,26,31,49,51,85,91,94" machi="31" ten="30,7900,0" yaku="1,1,0,1,8,1,53,1" doraHai="6" doraHaiUra="89" who="2" fromWho="2" sc="203,-22,258,-22,120,95,409,-41" /><INIT seed="4,0,0,1,4,18" ten="181,236,215,368" oya="0" hai0="106,122,88,76,72,46,38,79,48,54,120,43,3" hai1="131,14,99,50,119,49,53,21,87,121,27,123,63" hai2="77,113,111,89,8,42,68,129,66,75,17,23,73" hai3="71,35,65,103,30,47,24,45,1,133,118,114,84"/><T74/><D106/><U58/><E119/><V93/><F111/><W92/><G118/><T32/><D32/><U126/><E126/><V100/><F77/><W22/><G1/><T41/><D3/><U112/><E131/><V109/><F109/><W5/><G5/><T57/><D43/><U0/><E0/><V61/><F129/><W59/><G133/><T81/><REACH who="0" step="1"/><D88/><REACH who="0" ten="171,236,215,368" step="2"/><U108/><E123/><V67/><F100/><W44/><G103/><T6/><D6/><U128/><E121/><V130/><F130/><W107/><G107/><T52/><D52/><U16/><E128/><V9/><F113/><W124/><G114/><T86/><D86/><U70/><E112/><V11/><F67/><W2/><G84/><T25/><D25/><U55/><E108/><V39/><F42/><W28/><G2/><T102/><D102/><U80/><E99/><V10/><N who="2" m="2048" /><DORA hai="115" /><V85/><REACH who="2" step="1"/><F39/><REACH who="2" ten="171,236,205,368" step="2"/><W135/><G65/><T117/><D117/><U98/><E98/><V69/><F69/><W4/><G71/><T37/><D37/><U78/><E70/><V34/><F34/><W125/><G35/><T33/><D33/><U60/><E27/><AGARI ba="0,2" hai="17,23,27,61,66,68,73,75,85,89,93" m="2048" machi="27" ten="50,3200,0" yaku="1,1,52,1,53,0" doraHai="18,115" doraHaiUra="31,96" who="2" fromWho="1" sc="171,0,236,-32,205,52,368,0" /><INIT seed="5,0,0,0,5,85" ten="171,204,257,368" oya="1" hai0="14,84,20,28,42,101,94,89,52,83,70,59,131" hai1="6,100,77,57,106,129,4,121,47,66,102,61,82" hai2="104,15,1,41,63,62,27,31,53,44,39,25,123" hai3="124,97,132,38,13,122,48,71,29,26,54,75,43"/><U109/><E121/><V81/><F1/><W90/><G75/><T105/><D70/><U18/><E109/><V74/><F104/><W110/><G122/><T55/><D131/><U88/><E129/><V112/><F123/><W10/><G71/><T73/><D42/><U60/><E106/><V12/><F27/><W37/><G43/><T23/><D28/><U46/><E77/><V72/><F72/><W99/><G99/><N who="0" m="61631" /><D14/><U130/><E130/><V86/><F74/><W68/><G68/><T64/><D64/><U67/><E18/><V58/><F63/><W34/><G132/><T117/><D117/><U65/><E67/><V80/><F80/><W126/><G126/><T69/><D69/><U118/><E82/><V50/><F39/><W49/><G49/><N who="0" m="31119" /><D55/><U127/><E127/><V16/><F112/><W7/><G124/><T107/><D107/><U36/><E36/><V19/><F12/><W113/><G113/><T114/><D114/><U98/><E118/><V56/><F15/><W96/><G96/><T116/><D116/><U79/><E79/><AGARI ba="0,0" hai="20,23,73,79,83,84,89,94" m="31119,61631" machi="79" ten="30,3900,0" yaku="24,1,52,1,54,1" doraHai="85" who="0" fromWho="1" sc="171,39,204,-39,257,0,368,0" /><INIT seed="6,0,0,3,2,122" ten="210,165,257,368" oya="2" hai0="123,35,80,45,9,51,52,3,12,2,68,1,55" hai1="108,29,84,13,10,54,135,109,83,86,134,133,88" hai2="65,11,48,97,69,56,38,111,75,85,39,100,53" hai3="72,121,18,24,92,19,105,21,25,33,82,126,34"/><V46/><F75/><W42/><G105/><T62/><D123/><U95/><E29/><V125/><F85/><W40/><G121/><T15/><D35/><U26/><E26/><V16/><F125/><W90/><G126/><T132/><D132/><U36/><E36/><V94/><F69/><W50/><G72/><T131/><D131/><U96/><E54/><V114/><F114/><W118/><G82/><T104/><D104/><U20/><E20/><V107/><F107/><W93/><G50/><T37/><D37/><U4/><REACH who="1" step="1"/><E86/><REACH who="1" ten="210,155,257,368" step="2"/><V60/><F39/><W113/><G21/><T5/><D55/><U77/><AGARI ba="0,1" hai="4,10,13,77,83,84,88,95,96,108,109,133,134,135" machi="77" ten="30,12000,2" yaku="1,1,2,1,0,1,20,1,52,2,54,1,53,0" doraHai="122" doraHaiUra="49" who="1" fromWho="1" sc="210,-30,155,130,257,-60,368,-30" /><INIT seed="7,0,0,1,2,12" ten="180,285,197,338" oya="3" hai0="86,79,18,76,55,101,110,65,128,60,108,49,20" hai1="132,45,134,80,70,33,105,19,127,113,96,97,41" hai2="28,46,10,3,48,99,112,0,95,51,106,32,36" hai3="120,57,39,91,30,133,38,115,56,64,125,52,50"/><W104/><G104/><T22/><D101/><U2/><E33/><V44/><F106/><W98/><G120/><T119/><D119/><U47/><E2/><V117/><F36/><W63/><G133/><T114/><D22/><U93/><E70/><V102/><F117/><W11/><G125/><T27/><D128/><U34/><E34/><V84/><F112/><W118/><G115/><T29/><D114/><U73/><E113/><V26/><F84/><W7/><G30/><T31/><D110/><U8/><E41/><V69/><F69/><W126/><G118/><T68/><D108/><U4/><E4/><V89/><F102/><W78/><G78/><T43/><D43/><U66/><E66/><V37/><F37/><W83/><G126/><T5/><D5/><U100/><E127/><V85/><F10/><W74/><G74/><T62/><D62/><U6/><E6/><V103/><F103/><W24/><G24/><T81/><D79/><U71/><E71/><V111/><F111/><W109/><G109/><T23/><D23/><U123/><E123/><V1/><F99/><W75/><G98/><T131/><D131/><U35/><E97/><V15/><F15/><W14/><G75/><T42/><D42/><U90/><E105/><V67/><F67/><W13/><G13/><T77/><D77/><N who="1" m="44079" /><E35/><V94/><F95/><W87/><AGARI ba="0,0" hai="7,11,14,38,39,50,52,56,57,63,64,83,87,91" machi="87" ten="30,3000,0" yaku="0,1,54,1" doraHai="12" who="3" fromWho="3" sc="180,-10,285,-10,197,-10,338,30" owari="170,-33.0,275,7.5,187,-21.3,368,46.8" /></mjloggm>