<mjloggm ver="2.3"><GO type="41" lobby="0"/><UN n0="%6E%72" n1="%E3%81%97%E3%81%8B%E8%8C%B6" n2="%E2%93%9D%4C%75%63%6B%79%4A" n3="%E3%81%AE%E3%81%AF%E3%81%A3%E3%81%A1" dan="15,15,17,14" rate="2014.60,2031.47,2176.18,2012.25" sx="M,F,M,M"/><TAIKYOKU oya="0"/><INIT seed="0,0,0,4,5,0" ten="250,250,250,250" oya="0" hai0="12,11,24,48,39,44,58,68,23,85,105,117,69" hai1="56,116,14,124,45,80,40,122,32,62,92,114,27" hai2="91,30,60,88,130,5,98,36,134,34,84,123,121" hai3="74,135,25,49,9,15,97,52,8,108,96,18,47"/><T73/><D117/><U59/><E122/><V3/><F36/><W118/><G118/><T112/><D112/><U31/><E116/><V79/><F34/><W102/><G108/><T76/><D105/><U57/><E114/><V75/><F30/><W26/><G135/><T95/><D73/><U110/><E110/><V126/><F60/><W16/><G74/><T86/><D58/><U21/><E124/><V71/><F71/><W132/><G132/><T55/><D39/><U100/><E80/><N who="2" m="45183" /><F5/><W53/><G53/><T113/><D113/><U89/><E14/><V1/><F3/><W77/><G77/><T6/><D86/><U20/><E100/><V65/><F65/><W93/><G97/><T119/><D119/><U127/><E62/><V19/><F19/><W70/><G70/><T64/><D64/><U67/><E67/><V99/><F1/><W129/><G129/><T125/><D125/><U7/><E7/><V51/><F51/><W109/><G109/><T43/><D55/><U90/><E127/><V128/><F134/><W104/><G104/><T50/><D50/><U115/><E115/><V35/><F35/><W101/><G101/><T41/><D41/><U78/><E78/><V111/><F111/><W106/><G106/><T38/><D38/><U87/><REACH who="1" step="1"/><E89/><REACH who="1" ten="250,240,250,250" step="2"/><V4/><F91/><W131/><G131/><N who="2" m="50217" /><F126/><W33/><G33/><T42/><D12/><AGARI ba="0,1" hai="8,9,12,15,16,18,25,26,47,49,52,93,96,102" machi="12" ten="40,8000,1" yaku="9,1,8,1,54,2" doraHai="0" who="3" fromWho="0" sc="250,-80,240,0,250,0,250,90" /><INIT seed="1,0,0,3,1,99" ten="170,240,250,340" oya="1" hai0="11,38,6,111,25,10,76,133,107,123,122,101,75" hai1="45,57,80,96,9,84,53,52,48,14,125,37,82" hai2="47,19,27,93,50,119,4,71,46,16,87,43,116" hai3="61,41,21,20,44,30,67,92,58,104,40,59,94"/><U126/><E96/><V69/><F4/><W28/><G104/><T49/><D38/><U54/><E37/><V86/><F27/><W31/><G44/><T18/><D111/><U121/><E121/><N who="0" m="46089" /><D133/><U109/><E109/><V91/><F91/><W124/><G124/><N who="1" m="47722" /><E57/><N who="3" m="21514" /><G61/><T134/><D134/><U1/><E1/><V73/><F73/><W90/><G67/><T51/><D76/><N who="1" m="46087" /><E82/><V105/><F105/><W115/><G115/><T74/><D107/><U102/><E102/><V34/><F93/><N who="3" m="35947" /><G90/><T120/><N who="0" m="46097" /><T64/><DORA hai="2" /><D64/><U127/><N who="1" m="47730" /><U78/><DORA hai="23" /><E78/><V35/><REACH who="2" step="1"/><F50/><REACH who="2" ten="170,240,240,340" step="2"/><N who="0" m="18954" /><D101/><U56/><E56/><V117/><F117/><W26/><G26/><T17/><D25/><U55/><E55/><V83/><F83/><W131/><G131/><T88/><D88/><U89/><E89/><V77/><F77/><W32/><G32/><T79/><D79/><U106/><E106/><V3/><F3/><W103/><G103/><T129/><D75/><U132/><E132/><V130/><F130/><W128/><G128/><T63/><D129/><U5/><AGARI ba="0,1" hai="5,9,14,45,48,52,53,54" m="46087,47730" machi="5" ten="40,7800,0" yaku="18,1,52,1,54,1" doraHai="99,2,23" who="1" fromWho="1" sc="170,-26,240,88,240,-26,340,-26" /><INIT seed="1,1,0,2,2,35" ten="144,328,214,314" oya="1" hai0="57,16,58,109,19,124,9,70,111,38,97,110,34" hai1="74,56,84,83,77,113,8,117,61,37,63,87,93" hai2="21,4,79,26,11,67,59,99,90,95,98,107,40" hai3="17,36,65,106,0,68,18,43,14,7,31,108,45"/><U76/><E37/><V15/><F107/><W86/><G108/><T85/><D124/><U81/><E117/><V71/><F71/><W49/><G106/><T62/><D34/><U47/><E113/><V28/><F79/><W44/><G31/><T3/><D38/><U32/><E32/><V120/><F120/><W121/><G121/><T20/><D97/><U102/><E47/><V72/><F72/><W66/><G86/><T96/><D96/><U133/><E133/><V104/><F104/><W75/><G75/><T91/><D70/><U94/><E74/><V101/><F40/><W48/><G36/><T64/><D57/><U88/><E8/><V25/><F26/><W130/><G130/><T55/><D64/><N who="3" m="24681" /><G0/><T6/><D20/><U27/><E27/><V78/><F78/><W103/><G103/><T105/><D105/><U123/><E102/><V29/><F99/><W125/><G125/><T73/><D73/><U46/><E46/><V132/><F132/><W119/><G119/><T12/><D12/><U82/><E123/><V42/><F42/><N who="3" m="24599" /><G68/><T51/><D51/><U2/><E2/><V118/><F118/><W39/><G39/><T24/><D24/><U54/><E61/><N who="2" m="38335" /><F29/><W135/><G135/><T114/><D114/><U60/><E60/><V5/><F101/><W92/><G92/><AGARI ba="1,0" hai="3,6,9,16,19,55,58,62,85,91,92,109,110,111" machi="92" ten="40,5200,0" yaku="14,1,52,1,54,1" doraHai="35" who="0" fromWho="3" sc="144,55,328,0,214,0,314,-55" /><INIT seed="2,0,0,1,3,74" ten="199,328,214,259" oya="2" hai0="50,91,64,110,133,87,104,43,72,0,80,19,31" hai1="73,112,122,95,48,86,67,10,130,59,77,135,26" hai2="62,126,41,52,98,109,132,66,120,105,25,108,36" hai3="13,39,15,33,60,93,17,124,58,22,99,53,40"/><V35/><F120/><W30/><G124/><T111/><D104/><U121/><E73/><V37/><F126/><W85/><G33/><T84/><D0/><U61/><E112/><V119/><F119/><W5/><G30/><T8/><D133/><U75/><E75/><V16/><F41/><W34/><G34/><T12/><D31/><U23/><E135/><V68/><F132/><W125/><G125/><T20/><D64/><U42/><E130/><V103/><F52/><W79/><G39/><T14/><D72/><U96/><E10/><V102/><F103/><W55/><G40/><T89/><D50/><U3/><E48/><V114/><F114/><W6/><G53/><T90/><D43/><U2/><E42/><V11/><F11/><W21/><G21/><T113/><D113/><U100/><E121/><V127/><F127/><W128/><G15/><T131/><D131/><U129/><E129/><V44/><F44/><W83/><REACH who="3" step="1"/><G128/><REACH who="3" ten="199,328,214,249" step="2"/><T65/><D65/><U92/><E122/><V82/><F35/><W76/><G76/><N who="0" m="46087" /><D111/><N who="2" m="42570" /><F82/><W32/><G32/><T27/><D110/><U94/><E3/><V9/><F25/><W18/><G18/><N who="0" m="8455" /><D27/><U97/><E2/><V123/><F123/><W56/><G56/><T1/><D1/><U115/><E115/><V101/><F102/><AGARI ba="0,1" hai="5,6,13,17,22,55,58,60,79,83,85,93,99,102" machi="102" ten="30,7700,0" yaku="1,1,7,1,8,1,52,1,53,0" doraHai="74" doraHaiUra="46" who="3" fromWho="2" sc="199,0,328,0,214,-77,249,87" /><INIT seed="3,0,0,1,4,54" ten="199,328,137,336" oya="3" hai0="117,44,75,60,35,24,85,99,52,15,57,28,129" hai1="43,76,109,29,112,50,19,49,89,18,127,91,38" hai2="108,130,16,131,119,45,124,106,33,4,82,104,102" hai3="67,48,3,39,58,2,84,11,62,96,118,26,47"/><W51/><G118/><T100/><D129/><N who="2" m="49162" /><F4/><W34/><G84/><T120/><D117/><U73/><E109/><V64/><F33/><W98/><G39/><T113/><D120/><U25/><E112/><V133/><F64/><W12/><G3/><T65/><D113/><U132/><E127/><V14/><F102/><W10/><G2/><T7/><D75/><U23/><E132/><V5/><F5/><W31/><G51/><T0/><D0/><U123/><E123/><V135/><F119/><W77/><G77/><T90/><D7/><U87/><E73/><V6/><F6/><W115/><G115/><T37/><D15/><U8/><E38/><V70/><F70/><W128/><G128/><T20/><D35/><U107/><E107/><N who="2" m="41003" /><F45/><W125/><G125/><T95/><D37/><U93/><E76/><V36/><F36/><W78/><G78/><T13/><D13/><N who="1" m="7463" /><E43/><V9/><F108/><W63/><G34/><T126/><D126/><U21/><E89/><V81/><F124/><W79/><G79/><T59/><D44/><U22/><E22/><V56/><F56/><W122/><G58/><N who="0" m="34887" /><D65/><U42/><E42/><V66/><F66/><W110/><G47/><T55/><D55/><U80/><E80/><AGARI ba="0,0" hai="9,14,16,80,81,82,133,135" m="41003,49162" machi="80" ten="40,2600,0" yaku="19,1,54,1" doraHai="54" who="2" fromWho="1" sc="199,0,328,-26,137,26,336,0" /><AGARI ba="0,0" hai="20,24,28,57,59,80,85,90,95,99,100" m="34887" machi="80" ten="30,8000,1" yaku="8,1,52,3,54,1" doraHai="54" who="0" fromWho="1" sc="199,80,302,-80,163,0,336,0" /><INIT seed="4,0,0,4,2,6" ten="279,222,163,336" oya="0" hai0="36,7,90,39,41,35,12,27,58,117,92,126,62" hai1="66,26,60,25,114,69,38,122,3,101,57,33,67" hai2="87,45,73,68,107,111,29,20,78,130,132,76,16" hai3="103,17,34,54,129,79,8,135,85,52,46,121,28"/><T37/><D117/><U119/><E119/><V100/><F111/><W105/><G129/><T106/><D106/><U127/><E122/><V83/><F68/><W120/><G135/><T99/><D126/><U11/><E38/><V75/><F29/><W22/><G34/><T96/><D41/><U55/><E33/><V32/><F32/><W56/><G28/><T50/><D50/><U18/><E127/><V59/><F130/><W15/><G105/><T72/><D72/><U21/><E69/><V88/><F132/><W95/><G46/><T49/><D49/><U14/><E114/><V64/><F45/><W23/><G54/><T93/><D35/><U125/><E125/><V10/><F100/><W102/><G102/><T44/><D27/><U108/><E108/><V91/><F107/><W9/><G23/><T104/><D104/><U31/><E101/><V109/><F109/><W71/><G71/><T48/><D48/><U63/><E63/><N who="2" m="38015" /><F75/><W40/><G40/><T19/><D44/><U42/><E42/><V61/><F61/><N who="3" m="35975" /><G121/><T30/><D39/><U123/><E123/><V81/><F20/><W110/><G110/><T84/><D37/><U98/><E98/><V113/><F113/><W131/><G131/><T89/><D99/><U116/><E116/><V47/><F47/><W77/><G120/><T53/><D36/><U82/><E3/><V124/><F124/><W65/><G65/><N who="1" m="24586" /><E25/><V86/><F73/><W0/><G0/><T4/><D96/><U1/><E1/><V51/><F51/><W13/><G103/><T74/><D74/><U97/><E97/><RYUUKYOKU ba="0,0" sc="279,-15,222,15,163,15,336,-15" hai1="11,14,18,21,26,31,55,57,60,82" hai2="10,16,76,78,81,83,86,87,88,91" /><INIT seed="5,1,0,2,5,112" ten="264,237,178,321" oya="1" hai0="27,85,132,60,46,41,124,91,97,15,37,3,101" hai1="29,26,82,21,5,69,19,11,20,130,7,94,107" hai2="25,31,113,111,84,14,87,57,68,4,28,108,54" hai3="22,35,40,106,105,23,117,83,58,64,38,129,8"/><U99/><E69/><V12/><F68/><W98/><G35/><T33/><D3/><U32/><E107/><V104/><F104/><W121/><G121/><T65/><D124/><U96/><E82/><V122/><F113/><W74/><G8/><T100/><D15/><N who="1" m="7679" /><E130/><V120/><F54/><W134/><G58/><T75/><D75/><U78/><E78/><V55/><F55/><W2/><G64/><T36/><D36/><U118/><E96/><V109/><F57/><W110/><G2/><T127/><D85/><U1/><E99/><V48/><F48/><W61/><G61/><T88/><D91/><U30/><E94/><V52/><F52/><W131/><G98/><T67/><D100/><U92/><E92/><V95/><F95/><W77/><G40/><T119/><D101/><U45/><E45/><V66/><F66/><W16/><G38/><T34/><D37/><U133/><E133/><V76/><F76/><W115/><G115/><T0/><D97/><U114/><E114/><V116/><F111/><W59/><G134/><T47/><D47/><U72/><E72/><V126/><F126/><W50/><G110/><T17/><D127/><U102/><E102/><V43/><F43/><W6/><G106/><T18/><D46/><U56/><E56/><V103/><F103/><W9/><G105/><T125/><D132/><U39/><E39/><V24/><F4/><N who="1" m="1609" /><E1/><V10/><F10/><W73/><G59/><T42/><D0/><U51/><E51/><V53/><F53/><W89/><G50/><T93/><D125/><U79/><E79/><V123/><F123/><RYUUKYOKU ba="1,0" sc="264,-10,237,-10,178,30,321,-10" hai2="12,14,24,25,28,31,84,87,108,109,116,120,122" /><INIT seed="6,2,0,1,1,107" ten="254,227,208,311" oya="2" hai0="93,130,34,58,27,104,52,84,68,65,103,25,0" hai1="73,22,61,7,71,83,59,112,91,119,28,129,62" hai2="80,66,87,57,116,29,124,35,120,55,39,21,46" hai3="128,33,95,20,63,1,50,99,89,42,36,12,6"/><V31/><F120/><W72/><G128/><T51/><D0/><U79/><E119/><V135/><F35/><W16/><G36/><T32/><D130/><U9/><E129/><V133/><F66/><W45/><G33/><T92/><D104/><U121/><E121/><V69/><F69/><W53/><G72/><T19/><D34/><U78/><E112/><V54/><F116/><W14/><G1/><T64/><D32/><U75/><E71/><V44/><F21/><W94/><G94/><T10/><D68/><U38/><E38/><V96/><F96/><W40/><G63/><T123/><D123/><U23/><E28/><N who="2" m="10827" /><F124/><W24/><G14/><N who="0" m="7639" /><D93/><U100/><E100/><V117/><F39/><W113/><G113/><T4/><D4/><U132/><E132/><N who="2" m="50763" /><F117/><W60/><G60/><T125/><D125/><U81/><E91/><N who="2" m="51687" /><F55/><W108/><G108/><T3/><D3/><U127/><E127/><V26/><F26/><N who="0" m="9738" /><D84/><U37/><E37/><V67/><F67/><W70/><G70/><T56/><D65/><U98/><E98/><V43/><F43/><W134/><G134/><T101/><D92/><U85/><E85/><V18/><F18/><W118/><G118/><T102/><D102/><U86/><E86/><V47/><F54/><W5/><G5/><T11/><D11/><AGARI ba="2,0" hai="6,11,12,16,20,24,40,42,45,50,53,89,95,99" machi="11" ten="40,2600,0" yaku="8,1,54,1" doraHai="107" who="3" fromWho="0" sc="254,-32,227,0,208,0,311,32" /><INIT seed="7,0,0,1,4,35" ten="222,227,208,343" oya="3" hai0="79,61,116,106,13,128,75,83,22,105,114,131,14" hai1="77,134,51,0,68,10,67,72,44,37,81,130,33" hai2="38,34,98,17,121,85,12,129,78,122,73,41,109" hai3="8,112,23,97,28,3,92,43,21,126,69,70,1"/><W40/><G8/><T54/><D116/><U55/><E33/><V90/><F34/><W104/><G104/><N who="0" m="40043" /><D22/><U36/><E134/><V95/><F109/><W58/><G58/><N who="0" m="35031" /><D114/><U127/><E130/><AGARI ba="0,0" hai="13,14,75,79,83,128,130,131" m="35031,40043" machi="130" ten="30,1000,0" yaku="19,1" doraHai="35" who="0" fromWho="1" sc="222,10,227,-10,208,0,343,0" owari="232,3.2,217,-18.3,208,-29.2,343,44.3" /></mjloggm>