<mjloggm ver="2.3"><GO type="137" lobby="0"/><UN n0="%E3%81%A4%E3%81%B6%E3%81%95%E3%81%97%E3%81%BF" n1="%E2%93%9D%4C%75%63%6B%79%4A" n2="%E7%BF%A0%E8%88%9F" n3="%E3%81%BF%E3%81%AE%E3%82%8A%E9%80%A3" dan="10,12,14,11" rate="1421.57,1889.11,1800.13,1615.89" sx="M,M,M,M"/><TAIKYOKU oya="0"/><INIT seed="0,0,0,2,0,45" ten="250,250,250,250" oya="0" hai0="52,64,86,13,62,93,9,55,89,100,49,5,3" hai1="29,133,103,122,132,44,63,48,108,124,113,121,135" hai2="28,31,130,32,11,58,8,104,118,26,131,109,83" hai3="77,7,102,127,18,98,59,24,50,12,134,68,106"/><T14/><D100/><U46/><E29/><V78/><F104/><W97/><G68/><T88/><D89/><U125/><E108/><V15/><F109/><W90/><G127/><N who="1" m="48714" /><E103/><V110/><F110/><W53/><G134/><T96/><D55/><N who="1" m="30103" /><E113/><V42/><F42/><W65/><G77/><T57/><REACH who="0" step="1"/><D96/><REACH who="0" ten="240,250,250,250" step="2"/><U69/><E44/><AGARI ba="0,1" hai="3,5,9,13,14,44,49,52,57,62,64,86,88,93" machi="44" ten="30,18000,2" yaku="1,1,2,1,7,1,52,1,54,2,53,1" doraHai="45" doraHaiUra="80" who="0" fromWho="1" sc="240,190,250,-180,250,0,250,0" /><INIT seed="0,1,0,2,3,84" ten="430,70,250,250" oya="0" hai0="4,110,81,51,7,111,113,42,63,55,22,91,60" hai1="116,82,85,99,129,122,41,109,31,80,36,10,93" hai2="124,106,96,66,8,12,38,128,27,24,1,26,35" hai3="86,127,33,108,53,64,89,98,72,48,100,105,69"/><T59/><D113/><U19/><E122/><V17/><F1/><W101/><G127/><T121/><D121/><U65/><E116/><V25/><F38/><W76/><G108/><N who="0" m="41515" /><D22/><U87/><E65/><V74/><F74/><W95/><G33/><T6/><D42/><U20/><E129/><V130/><F66/><W118/><G118/><T40/><D40/><U47/><E31/><V134/><F106/><W61/><G101/><T117/><D117/><U94/><E10/><V18/><F96/><W0/><G0/><T3/><D3/><U135/><E135/><V29/><F124/><W103/><G103/><T54/><D54/><U70/><E70/><V39/><F39/><W75/><G76/><T73/><D73/><U5/><E109/><V79/><F79/><W68/><REACH who="3" step="1"/><G68/><REACH who="3" ten="430,70,250,240" step="2"/><T126/><D126/><U97/><E36/><V107/><F134/><W104/><G104/><T49/><D49/><U88/><E41/><V78/><F78/><W45/><AGARI ba="1,1" hai="45,48,53,61,64,69,72,75,86,89,95,98,100,105" machi="45" ten="20,5200,0" yaku="1,1,0,1,7,1,52,1,53,0" doraHai="84" doraHaiUra="119" who="3" fromWho="3" sc="430,-27,70,-14,250,-14,240,65" /><INIT seed="1,0,0,0,3,71" ten="403,56,236,305" oya="1" hai0="44,107,130,35,8,103,115,100,70,114,14,79,129" hai1="48,42,58,67,33,111,104,9,23,88,65,131,102" hai2="132,123,13,109,28,133,36,22,124,106,134,121,21" hai3="27,3,39,120,81,32,41,55,7,127,26,38,29"/><U125/><E33/><V90/><F106/><W105/><G120/><N who="2" m="46153" /><F90/><W118/><G105/><T76/><D70/><U19/><E125/><V4/><F124/><W108/><G127/><T95/><D35/><U62/><E131/><N who="0" m="50185" /><D8/><U75/><E75/><V99/><F99/><W91/><G118/><T128/><N who="0" m="50193" /><T116/><DORA hai="57" /><D14/><U89/><E111/><V97/><F97/><W60/><G108/><T47/><D116/><U86/><E67/><V43/><F109/><W10/><G27/><T59/><D107/><U126/><E126/><V110/><F110/><W74/><G74/><T12/><D12/><U50/><E9/><N who="2" m="4263" /><F28/><W117/><G117/><T84/><D114/><U93/><E104/><V119/><F119/><W87/><G41/><T34/><D34/><U2/><E42/><V15/><F15/><W96/><REACH who="3" step="1"/><G96/><REACH who="3" ten="403,56,236,295" step="2"/><N who="0" m="59423" /><D115/><U16/><E2/><V1/><F1/><W64/><G64/><T40/><D103/><U20/><E102/><V94/><F43/><W45/><G45/><T49/><D47/><U122/><E122/><V31/><F134/><W5/><G5/><T17/><D84/><N who="1" m="52391" /><E23/><V6/><F21/><W92/><G92/><T80/><D80/><N who="1" m="49223" /><E20/><V51/><F22/><W112/><G112/><T82/><D82/><U68/><E68/><V113/><F133/><W135/><G135/><T73/><D73/><U61/><E65/><V77/><F132/><W18/><G18/><N who="1" m="6698" /><E58/><AGARI ba="0,1" hai="3,7,10,26,29,32,38,39,55,58,60,81,87,91" machi="58" ten="40,12000,2" yaku="1,1,52,3,53,2" doraHai="71,57" doraHaiUra="85,24" who="3" fromWho="1" sc="403,0,56,-120,236,0,295,130" owari="403,20.3,-64,-56.4,236,-16.4,425,52.5" /></mjloggm>