<mjloggm ver="2.3"><GO type="41" lobby="0"/><UN n0="%E2%93%9D%4C%75%63%6B%79%4A" n1="%28%C2%B4%2D%CF%89%2D%60%2A%29" n2="%39%32%39%32" n3="%4B%48%34%30%30" dan="18,13,14,14" rate="2200.59,1841.37,1883.16,1847.18" sx="M,M,M,M"/><TAIKYOKU oya="0"/><INIT seed="0,0,0,5,3,7" ten="250,250,250,250" oya="0" hai0="51,81,126,66,110,47,52,123,25,29,54,134,102" hai1="111,8,131,32,118,28,80,58,27,62,84,96,49" hai2="16,70,78,21,114,31,55,43,44,115,37,99,6" hai3="77,41,93,71,68,76,17,72,109,0,92,5,82"/><T30/><D123/><U125/><E118/><V117/><F70/><W46/><G109/><T124/><D102/><U64/><E111/><V45/><F117/><W9/><G77/><T105/><D110/><U63/><E131/><V11/><F78/><W79/><G79/><T33/><D105/><U67/><E125/><N who="0" m="48233" /><D30/><U135/><E135/><V128/><F128/><W13/><G71/><T18/><D66/><U94/><E8/><V132/><F31/><W121/><G121/><T107/><D107/><U40/><E40/><V2/><F132/><W57/><G57/><T97/><D97/><U3/><E3/><V112/><F99/><W119/><G68/><T120/><D120/><U19/><E19/><V42/><F55/><W65/><G65/><T87/><D18/><U101/><E49/><V90/><F90/><W48/><G119/><T98/><D98/><U129/><E129/><V133/><F133/><W100/><G100/><T113/><D113/><U95/><E63/><V89/><F89/><W127/><REACH who="3" step="1"/><G127/><REACH who="3" ten="250,250,250,240" step="2"/><T10/><D134/><U106/><E67/><V12/><REACH who="2" step="1"/><F114/><REACH who="2" ten="250,250,240,240" step="2"/><W88/><G88/><AGARI ba="0,2" hai="27,28,32,58,62,64,80,84,88,94,95,96,101,106" machi="88" ten="30,2000,0" yaku="7,1,54,1" doraHai="7" who="1" fromWho="3" sc="250,0,250,40,240,0,240,-20" /><INIT seed="1,0,0,1,0,54" ten="250,290,240,220" oya="1" hai0="108,31,42,66,74,6,21,84,9,121,83,81,133" hai1="48,128,41,106,18,120,20,36,86,45,94,28,109" hai2="46,37,115,51,15,93,23,53,129,118,24,114,122" hai3="14,62,1,79,92,69,40,117,78,135,71,29,2"/><U113/><E113/><N who="2" m="43019" /><F118/><W116/><G135/><T107/><D107/><U33/><E120/><V4/><F122/><W3/><G40/><T77/><D108/><U39/><E106/><V65/><F129/><W76/><G29/><T130/><D133/><U22/><E33/><V16/><F65/><W12/><G92/><T56/><D42/><U72/><E72/><V101/><F37/><W102/><G62/><T127/><D127/><U70/><E70/><N who="3" m="26634" /><G102/><T50/><D130/><U97/><E86/><V60/><F60/><W63/><G63/><T10/><D6/><U57/><E128/><V7/><F24/><W82/><G82/><T11/><D121/><U8/><E109/><V85/><F85/><W104/><G104/><T5/><D5/><U91/><E28/><V17/><F17/><W125/><G125/><T111/><D111/><U95/><E95/><V98/><AGARI ba="0,0" hai="4,7,15,16,23,46,51,53,93,98,101" m="43019" machi="98" ten="30,2000,0" yaku="11,1,54,1" doraHai="54" who="2" fromWho="2" sc="250,-5,290,-10,240,20,220,-5" /><INIT seed="2,0,0,0,0,93" ten="245,280,260,215" oya="2" hai0="79,132,106,25,4,76,62,7,37,113,82,90,117" hai1="102,5,18,50,119,28,65,11,81,134,86,100,111" hai2="109,12,70,88,14,19,114,46,77,108,43,57,63" hai3="129,58,32,17,33,103,34,133,2,10,31,48,8"/><V24/><F114/><W98/><G129/><T71/><D113/><U125/><E119/><V3/><F3/><W95/><G133/><T89/><D37/><U35/><E35/><V42/><F70/><W116/><G116/><T22/><D106/><U99/><E28/><V26/><F77/><W126/><G126/><T44/><D44/><U47/><E65/><V110/><F26/><W74/><G74/><T94/><D132/><U29/><E29/><V115/><F115/><W49/><G31/><T59/><D90/><U6/><E125/><V13/><F24/><W69/><G69/><T52/><D71/><U64/><E64/><V53/><F88/><W92/><G92/><T107/><D107/><U120/><E134/><V83/><F83/><W68/><G68/><T27/><D27/><U16/><E120/><V135/><F135/><W84/><G84/><N who="0" m="48223" /><D76/><U124/><E124/><V104/><F104/><W1/><G58/><T55/><D55/><U38/><E38/><N who="2" m="21847" /><F43/><W127/><G127/><T112/><D117/><U21/><E86/><V97/><F97/><W39/><G39/><T121/><D121/><U130/><E81/><V60/><F60/><W78/><G78/><T96/><D112/><U128/><E128/><V66/><F66/><W45/><G45/><T30/><AGARI ba="0,0" hai="4,7,22,25,30,52,59,62,89,94,96" m="48223" machi="30" ten="30,4000,0" yaku="8,1,52,1,54,1" doraHai="93" who="0" fromWho="0" sc="245,40,280,-10,260,-20,215,-10" /><INIT seed="3,0,0,5,5,56" ten="285,270,240,205" oya="3" hai0="131,109,65,91,59,52,26,23,87,88,129,76,74" hai1="60,44,124,92,9,119,27,101,30,78,37,73,71" hai2="55,106,82,15,13,80,113,89,66,40,115,114,24" hai3="134,22,64,61,132,63,7,48,17,0,50,8,133"/><W126/><G126/><T93/><D65/><U29/><E124/><V36/><F106/><W69/><REACH who="3" step="1"/><G63/><REACH who="3" ten="285,270,240,195" step="2"/><T2/><D131/><U14/><E119/><V118/><F118/><W58/><G58/><T41/><D59/><U97/><E60/><V33/><F115/><W110/><G110/><T67/><D109/><U54/><E71/><V34/><F114/><W18/><G18/><T47/><D129/><U122/><E122/><V62/><F62/><W4/><G4/><T130/><D130/><U39/><E30/><V42/><F113/><W38/><G38/><T116/><D116/><U5/><E37/><V104/><F36/><W11/><G11/><T72/><D67/><U35/><E39/><V20/><F66/><W125/><G125/><T111/><D111/><U79/><E73/><V100/><F34/><W49/><G49/><T99/><D74/><U96/><E44/><V31/><F33/><W75/><G75/><T128/><D72/><U81/><E5/><V94/><F31/><W127/><G127/><T3/><D47/><U102/><E9/><V123/><F123/><W21/><G21/><T85/><D23/><U108/><E108/><V6/><F20/><W95/><G95/><T28/><D93/><U16/><E35/><V90/><F94/><W12/><AGARI ba="0,1" hai="0,7,8,12,17,22,48,50,61,64,69,132,133,134" machi="12" ten="30,11700,0" yaku="1,1,0,1,20,1,52,1,53,0" doraHai="56" doraHaiUra="112" who="3" fromWho="3" sc="285,-39,270,-39,240,-39,195,127" /><INIT seed="3,1,0,2,1,97" ten="246,231,201,322" oya="3" hai0="116,0,43,71,99,94,8,17,117,39,92,61,59" hai1="11,108,81,41,20,88,40,101,130,115,75,24,102" hai2="60,87,34,129,49,38,127,76,82,93,33,69,68" hai3="124,54,6,113,37,89,85,118,77,72,44,126,31"/><W58/><G113/><T45/><D71/><U22/><E115/><V100/><F38/><W96/><G118/><T32/><D32/><U19/><E11/><V16/><F127/><N who="3" m="48683" /><G31/><T119/><D99/><U84/><E75/><V13/><F129/><W134/><G6/><T9/><D9/><U104/><E104/><V2/><F2/><W122/><G122/><T91/><D91/><U80/><E80/><V12/><F12/><W35/><G35/><T3/><D3/><U95/><E130/><V42/><F34/><W1/><G72/><T14/><REACH who="0" step="1"/><D0/><REACH who="0" ten="236,231,201,322" step="2"/><U52/><E108/><V73/><F69/><W135/><G1/><T10/><D10/><U65/><E22/><V90/><F68/><W57/><G96/><T109/><D109/><U125/><E125/><V18/><F33/><W64/><G89/><T56/><D56/><U103/><E65/><AGARI ba="1,1" hai="8,14,17,39,43,45,59,61,65,92,94,116,117,119" machi="65" ten="40,1300,0" yaku="1,1,53,0" doraHai="97" doraHaiUra="105" who="0" fromWho="1" sc="236,26,231,-16,201,0,322,0" /><INIT seed="4,0,0,5,4,120" ten="262,215,201,322" oya="0" hai0="30,25,100,125,10,79,23,36,92,87,9,71,135" hai1="104,14,18,40,50,115,61,41,54,93,39,67,35" hai2="111,6,53,0,68,70,106,88,133,66,130,15,11" hai3="51,129,98,73,118,56,5,108,47,69,57,123,131"/><T16/><D36/><U24/><E104/><V86/><F106/><W33/><G108/><T12/><D71/><U7/><E7/><V132/><F53/><W34/><G73/><T109/><D135/><N who="2" m="51786" /><F15/><W90/><G118/><T55/><D125/><U121/><E121/><V80/><F130/><N who="3" m="49675" /><G123/><T96/><D109/><U22/><E39/><V8/><F8/><W19/><G5/><T127/><D127/><U128/><E128/><V49/><F49/><W21/><G69/><N who="2" m="26729" /><F66/><W29/><G29/><T126/><D126/><U58/><E115/><V37/><F37/><W27/><G90/><T78/><D10/><U3/><E3/><V114/><F114/><W101/><G56/><T122/><D122/><U84/><E67/><V62/><F62/><W32/><G57/><T94/><D55/><U38/><E61/><V31/><F31/><W59/><G59/><T42/><D42/><U43/><E38/><V119/><F119/><W85/><G85/><T77/><REACH who="0" step="1"/><D94/><REACH who="0" ten="252,215,201,322" step="2"/><U82/><E93/><V2/><F0/><W97/><G101/><T17/><D17/><U52/><E54/><AGARI ba="0,1" hai="19,21,27,32,33,34,47,51,54,97,98" m="49675" machi="54" ten="40,1300,0" yaku="19,1" doraHai="120" who="3" fromWho="1" sc="252,0,215,-13,201,0,322,23" /><INIT seed="5,0,0,1,5,48" ten="252,202,201,345" oya="1" hai0="126,36,109,40,70,65,79,7,101,71,129,38,21" hai1="17,11,28,86,87,34,26,60,32,82,105,92,10" hai2="19,97,9,29,49,115,80,64,89,111,114,8,130" hai3="116,46,63,62,2,76,120,118,69,117,107,12,5"/><U74/><E105/><V6/><F111/><W83/><G120/><T23/><D7/><U59/><E34/><V45/><F29/><W50/><G2/><T134/><D79/><U55/><E74/><V3/><F64/><W44/><G107/><T47/><D101/><U122/><E122/><V4/><F19/><W81/><G44/><T85/><D85/><U132/><E132/><V125/><F125/><W104/><G83/><T102/><D129/><U91/><REACH who="1" step="1"/><E17/><REACH who="1" ten="252,192,201,345" step="2"/><V13/><F130/><W58/><G104/><T61/><D134/><U113/><E113/><N who="2" m="43019" /><F80/><W39/><G81/><T88/><D126/><U25/><E25/><V54/><F97/><W31/><G118/><T110/><D110/><U127/><E127/><V51/><F51/><W100/><G50/><T131/><D109/><U41/><E41/><V108/><F108/><W37/><G117/><T72/><D40/><U33/><E33/><V90/><AGARI ba="0,1" hai="3,4,6,8,9,13,45,49,54,89,90" m="43019" machi="90" ten="30,4000,0" yaku="15,1,11,1,52,1" doraHai="48" who="2" fromWho="2" sc="252,-10,192,-20,201,50,345,-10" /><INIT seed="6,0,0,2,1,65" ten="242,172,251,335" oya="2" hai0="49,32,123,5,63,22,73,70,26,34,83,12,9" hai1="23,38,67,68,77,24,125,87,96,36,82,64,6" hai2="74,102,62,130,55,10,98,21,7,110,107,124,75" hai3="109,40,94,126,4,16,127,43,114,17,79,11,61"/><V100/><F124/><N who="3" m="47659" /><G109/><T20/><D49/><U51/><E125/><V58/><F130/><W15/><G114/><T131/><D73/><U54/><E6/><V37/><F37/><W25/><G79/><T60/><D63/><U1/><E1/><V35/><F35/><N who="0" m="13354" /><D60/><U134/><E134/><V93/><F110/><W113/><G113/><T27/><D83/><U86/><E38/><V92/><F21/><N who="0" m="8298" /><D70/><U59/><E36/><V2/><F107/><W115/><G115/><T8/><D123/><U50/><E50/><V81/><F81/><W118/><G61/><T78/><D78/><U44/><E44/><V112/><F112/><W91/><G118/><T47/><D47/><U0/><E0/><V104/><F104/><W14/><G25/><N who="0" m="9227" /><D9/><U128/><E128/><AGARI ba="0,0" hai="5,8,12,128,131" m="9227,8298,13354" machi="128" ten="40,2600,0" yaku="34,2" doraHai="65" who="0" fromWho="1" sc="242,26,172,-26,251,0,335,0" /><INIT seed="7,0,0,3,1,61" ten="268,146,251,335" oya="3" hai0="21,27,42,96,59,15,89,34,82,8,91,12,53" hai1="32,40,22,118,35,101,6,92,66,19,121,65,1" hai2="0,17,38,128,83,108,13,31,36,5,123,114,64" hai3="104,30,117,33,52,116,2,56,55,43,57,74,70"/><W106/><G74/><T105/><D34/><U49/><E121/><V3/><F108/><W131/><G2/><T110/><D42/><U18/><E49/><V72/><F31/><W102/><G70/><T133/><D133/><U130/><E40/><V85/><F72/><W54/><G43/><T71/><D71/><U76/><E76/><V39/><F5/><W50/><G131/><T103/><D15/><U98/><E130/><V94/><F128/><W63/><G102/><T111/><D82/><U135/><E135/><V84/><F94/><W44/><G30/><T126/><D126/><U80/><E80/><V41/><F41/><N who="3" m="24847" /><G33/><T115/><D115/><U51/><E51/><V77/><F123/><W7/><G7/><T29/><D111/><U73/><E73/><V68/><F85/><W120/><G106/><T11/><D11/><U20/><E118/><N who="3" m="45674" /><G104/><T132/><D132/><U69/><E69/><V37/><F114/><W78/><G78/><T58/><D110/><U112/><E112/><V60/><N who="2" m="9216" /><DORA hai="87" /><V129/><REACH who="2" step="1"/><F129/><REACH who="2" ten="268,146,241,335" step="2"/><W125/><G120/><T48/><D59/><U67/><E6/><AGARI ba="0,1" hai="6,8,12,21,27,29,48,53,58,89,91,96,103,105" machi="6" ten="30,3900,0" yaku="7,1,52,2" doraHai="61,87" who="0" fromWho="1" sc="268,49,146,-39,241,0,335,0" owari="317,11.7,107,-39.3,241,-15.9,335,43.5" /></mjloggm>