<mjloggm ver="2.3"><GO type="41" lobby="0"/><UN n0="%E6%BA%90%E5%A4%AA" n1="%E3%83%AC%E3%82%A4%E3%81%A1%E3%82%83%E3%82%93" n2="%E2%93%9D%4C%75%63%6B%79%4A" n3="%E3%83%AA%E3%83%83%E3%83%81%E8%BF%91%E8%97%A4" dan="13,15,18,15" rate="1900.42,2040.70,2159.30,1999.12" sx="M,M,M,M"/><TAIKYOKU oya="0"/><INIT seed="0,0,0,2,1,104" ten="250,250,250,250" oya="0" hai0="23,132,118,115,46,112,99,6,127,43,16,36,26" hai1="77,95,67,124,51,52,103,107,100,42,56,135,60" hai2="63,62,130,81,125,65,88,5,126,71,54,84,37" hai3="78,122,28,21,123,2,34,93,32,59,110,27,58"/><T101/><D118/><U14/><E107/><V98/><F37/><W24/><G78/><T102/><D127/><N who="2" m="48650" /><F5/><W91/><G110/><T33/><D132/><U41/><E135/><V70/><F98/><W64/><G2/><T119/><D119/><U18/><BYE who="0" /><E77/><UN n0="%E6%BA%90%E5%A4%AA" /><V0/><F0/><W48/><G64/><T113/><D6/><U66/><E66/><N who="2" m="41439" /><F54/><W31/><G21/><T22/><D33/><U47/><E124/><V133/><F133/><W120/><REACH who="3" step="1"/><G48/><REACH who="3" ten="250,250,250,240" step="2"/><T94/><REACH who="0" step="1"/><D23/><REACH who="0" ten="240,250,250,240" step="2"/><U20/><E103/><AGARI ba="0,2" hai="16,22,26,36,43,46,94,99,101,102,103,112,113,115" machi="103" ten="40,7700,0" yaku="1,1,2,1,54,1,53,0" doraHai="104" doraHaiUra="8" who="0" fromWho="1" sc="240,97,250,-77,250,0,240,0" /><INIT seed="0,1,0,0,2,85" ten="337,173,250,240" oya="0" hai0="64,17,101,0,51,116,112,10,11,40,14,122,61" hai1="63,119,125,39,9,58,129,70,53,108,73,72,5" hai2="86,93,65,19,133,25,62,81,100,1,50,34,30" hai3="49,21,117,3,90,38,69,23,96,103,99,16,67"/><T52/><D116/><U20/><E108/><V68/><F133/><W77/><G117/><T92/><D112/><U75/><E129/><V57/><F1/><W2/><G38/><T131/><D40/><U37/><E125/><V27/><F27/><W59/><G69/><T33/><D33/><U126/><E126/><V4/><F4/><W45/><G77/><T87/><D131/><U127/><E119/><V106/><F19/><W79/><G79/><T88/><D101/><U12/><E127/><V97/><F50/><W22/><G3/><T113/><D113/><U110/><E110/><V80/><F57/><W132/><G2/><T98/><D122/><U24/><REACH who="1" step="1"/><E70/><REACH who="1" ten="337,163,250,240" step="2"/><V31/><F31/><AGARI ba="1,1" hai="5,9,12,20,24,31,37,39,53,58,63,72,73,75" machi="31" ten="40,5200,0" yaku="1,1,2,1,53,1" doraHai="85" doraHaiUra="54" who="1" fromWho="2" sc="337,0,163,65,250,-55,240,0" /><INIT seed="1,0,0,5,0,98" ten="337,228,195,240" oya="1" hai0="97,102,93,80,3,121,103,17,8,62,127,16,68" hai1="14,77,25,94,82,1,22,83,114,6,126,87,111" hai2="57,11,10,122,29,35,40,70,128,54,90,115,44" hai3="107,95,131,5,133,12,47,84,63,104,59,76,69"/><U26/><E114/><V74/><F115/><W67/><G131/><T106/><D127/><U9/><E126/><V99/><F70/><W110/><G110/><T37/><D37/><U42/><E111/><V43/><F74/><W38/><G133/><T61/><D121/><U41/><E1/><V66/><F66/><W72/><G72/><T129/><D80/><U33/><E33/><V79/><F79/><W49/><G5/><T20/><D129/><U52/><E26/><V0/><F29/><W24/><G24/><T88/><D68/><U117/><E94/><V112/><F43/><W15/><G15/><N who="0" m="7271" /><D106/><U132/><E117/><V81/><F122/><W4/><G12/><N who="0" m="9255" /><D3/><U53/><E132/><V130/><F0/><W78/><G4/><T125/><D125/><U39/><E83/><V116/><F81/><W123/><G123/><T96/><D97/><U113/><E113/><V71/><F99/><W120/><G120/><T109/><D109/><U46/><E42/><V13/><F40/><N who="3" m="22935" /><G107/><T50/><D50/><U119/><REACH who="1" step="1"/><E119/><REACH who="1" ten="337,218,195,240" step="2"/><V28/><F112/><W92/><G104/><T86/><D96/><U60/><E60/><AGARI ba="0,1" hai="60,61,62,86,88,93,102,103" m="9255,7271" machi="60" ten="30,8000,1" yaku="8,1,52,2,54,2" doraHai="98" who="0" fromWho="1" sc="337,90,218,-80,195,0,240,0" /><INIT seed="2,0,0,4,4,38" ten="427,138,195,240" oya="2" hai0="4,130,3,73,67,103,29,78,91,111,63,85,83" hai1="42,77,94,0,108,106,54,33,25,107,101,98,105" hai2="14,124,60,104,114,123,79,51,135,16,116,64,9" hai3="6,12,84,115,93,49,34,88,113,96,47,44,17"/><V118/><F114/><N who="3" m="43531" /><G34/><T86/><D130/><U87/><E0/><V131/><F123/><W132/><G132/><T27/><D111/><U102/><E108/><V30/><F104/><W109/><G109/><T22/><D103/><U61/><E33/><V99/><F131/><W50/><G6/><T117/><D117/><U119/><E119/><V52/><F135/><W80/><G47/><T37/><D37/><U56/><E25/><V23/><F79/><N who="3" m="46111" /><G44/><T18/><D91/><U5/><E5/><V76/><F76/><W134/><G134/><T28/><D3/><U53/><E53/><V75/><F75/><W7/><G7/><T41/><D4/><U20/><E77/><V65/><F124/><W129/><G129/><T126/><D126/><U95/><E87/><V55/><F118/><W26/><G26/><T82/><D73/><U10/><E10/><AGARI ba="0,0" hai="10,12,17,49,50,88,93,96" m="46111,43531" machi="10" ten="30,2000,0" yaku="11,1,54,1" doraHai="38" who="3" fromWho="1" sc="427,0,138,-20,195,0,240,20" /><INIT seed="3,0,0,2,0,79" ten="427,118,195,260" oya="3" hai0="16,133,73,36,99,33,95,30,29,6,105,108,125" hai1="91,43,10,123,44,5,3,64,51,7,75,0,117" hai2="42,14,4,113,84,15,80,103,21,9,74,129,41" hai3="8,97,102,81,90,47,124,134,114,28,59,12,56"/><W38/><G114/><T128/><D36/><U130/><E123/><V78/><F113/><W23/><G124/><T85/><D108/><U104/><E104/><V50/><F129/><W24/><G134/><T94/><D73/><U111/><E111/><V110/><F110/><W119/><G119/><T61/><D6/><U55/><E130/><V13/><F103/><W118/><G118/><T96/><D105/><U17/><E75/><V86/><F21/><W132/><G132/><T115/><D33/><U2/><E64/><V67/><F67/><W72/><G38/><T32/><D61/><U121/><E121/><V88/><F74/><W26/><G26/><T58/><D32/><U92/><E43/><N who="2" m="16395" /><F50/><W62/><G47/><T52/><D133/><U127/><E127/><V60/><F60/><W76/><G90/><T107/><D107/><U69/><E69/><V135/><F135/><W106/><REACH who="3" step="1"/><G62/><REACH who="3" ten="427,118,195,250" step="2"/><T120/><D115/><U57/><E117/><V112/><F112/><W22/><G22/><T19/><D120/><U71/><E44/><V11/><F4/><AGARI ba="0,1" hai="4,8,12,23,24,28,56,59,72,76,81,97,102,106" machi="4" ten="30,5800,0" yaku="1,1,7,1,52,1,53,0" doraHai="79" doraHaiUra="34" who="3" fromWho="2" sc="427,0,118,0,195,-58,250,68" /><INIT seed="3,1,0,4,5,44" ten="427,118,137,318" oya="3" hai0="48,87,7,98,68,65,51,29,62,84,43,33,109" hai1="75,38,24,55,40,103,97,56,11,134,89,106,67" hai2="115,126,8,107,86,92,129,50,91,119,25,88,127" hai3="135,54,123,130,23,79,133,45,120,47,58,78,111"/><W124/><G23/><T82/><D84/><U21/><E134/><N who="3" m="51210" /><G79/><T39/><D7/><U93/><E75/><V90/><F115/><W59/><G130/><T105/><D109/><U26/><E67/><V46/><F107/><W70/><G78/><T104/><D39/><U3/><E40/><V10/><F119/><W118/><G70/><T0/><D43/><U128/><E38/><V80/><F25/><W76/><G76/><T20/><D20/><U85/><E128/><V74/><F74/><W27/><G27/><N who="0" m="18623" /><D0/><U28/><E26/><V53/><F129/><W83/><G83/><T16/><D16/><U60/><E11/><V6/><F10/><W1/><G1/><T99/><D99/><U34/><E3/><V108/><F108/><W37/><G118/><T73/><D105/><U57/><E34/><V4/><F6/><W102/><G102/><N who="0" m="62551" /><D73/><U9/><E9/><V131/><F131/><W117/><G117/><T122/><D122/><N who="3" m="46633" /><G111/><T125/><D125/><N who="2" m="47626" /><F80/><W36/><G124/><T5/><D5/><U17/><E28/><V95/><F86/><W110/><G110/><T64/><D64/><N who="1" m="38919" /><E106/><V15/><AGARI ba="1,0" hai="4,8,15,46,50,53,88,90,91,92,95" m="47626" machi="15" ten="30,4000,0" yaku="18,1,52,1,54,1" doraHai="44" who="2" fromWho="2" sc="427,-11,118,-11,137,43,318,-21" /><INIT seed="4,0,0,4,0,113" ten="416,107,180,297" oya="0" hai0="110,5,78,70,16,108,22,132,119,3,127,100,83" hai1="36,21,135,121,115,103,54,12,96,40,33,84,130" hai2="107,64,67,131,27,106,31,61,59,7,111,63,48" hai3="55,114,10,50,71,52,6,53,56,82,60,98,1"/><T66/><D70/><U88/><E33/><V2/><F111/><N who="0" m="42538" /><D100/><U43/><E121/><V30/><F131/><W74/><G114/><T80/><D66/><U45/><E130/><V13/><F2/><W18/><G18/><T62/><D62/><U128/><E115/><V134/><F134/><W112/><G112/><T4/><D83/><U89/><E135/><V81/><F48/><W41/><G98/><T95/><D95/><U37/><E37/><V92/><F31/><W49/><G74/><T116/><D132/><U94/><E89/><V29/><F30/><W51/><G82/><T125/><D78/><U86/><E86/><V19/><F7/><N who="0" m="2634" /><D80/><U101/><E101/><V117/><F92/><W39/><REACH who="3" step="1"/><G71/><REACH who="3" ten="416,107,180,287" step="2"/><T91/><D3/><U122/><E128/><V8/><F81/><W25/><G25/><N who="0" m="14535" /><D91/><U11/><E96/><V23/><F107/><W32/><G32/><T120/><D120/><U72/><E72/><V65/><F106/><W93/><G93/><T38/><D38/><U102/><E122/><V46/><F67/><W97/><G97/><T44/><D44/><AGARI ba="0,1" hai="1,6,10,39,41,44,49,50,51,52,53,55,56,60" machi="44" ten="40,2600,0" yaku="1,1,54,1,53,0" doraHai="113" doraHaiUra="133" who="3" fromWho="0" sc="416,-26,107,0,180,0,287,36" /><INIT seed="5,0,0,4,0,117" ten="390,107,180,323" oya="1" hai0="133,90,129,64,11,115,125,93,135,29,7,67,114" hai1="30,53,52,57,33,113,44,69,6,73,47,55,134" hai2="4,37,61,2,39,40,45,99,102,75,97,68,19" hai3="74,58,109,22,32,124,3,118,106,105,10,87,107"/><U18/><E73/><V62/><F19/><W8/><G109/><T82/><D82/><U96/><E6/><V100/><F68/><W59/><G74/><T38/><D38/><U120/><E30/><V119/><F119/><W51/><G124/><T81/><D81/><U34/><E18/><V71/><F71/><W36/><G36/><T21/><D21/><U17/><E17/><V110/><F110/><W85/><G32/><N who="1" m="12394" /><E69/><V13/><F75/><W111/><G111/><T56/><D29/><U86/><E96/><V63/><F2/><W116/><G22/><T128/><D125/><U98/><E98/><V1/><F1/><W127/><G107/><T35/><D35/><U108/><E108/><V121/><F39/><W49/><G127/><T130/><D56/><U5/><E5/><V80/><F80/><W42/><G3/><N who="0" m="511" /><D67/><U60/><E86/><V43/><F99/><W9/><G8/><T104/><D64/><N who="1" m="38927" /><E134/><N who="0" m="51209" /><D104/><U14/><E14/><V88/><F13/><W31/><G31/><T126/><D126/><U16/><E16/><V95/><F4/><W122/><REACH who="3" step="1"/><G42/><REACH who="3" ten="390,107,180,313" step="2"/><T89/><D93/><U46/><E113/><AGARI ba="0,1" hai="89,90,113,114,115,128,129,130" m="51209,511" machi="113" ten="40,5200,0" yaku="15,1,19,1,20,1" doraHai="117" who="0" fromWho="1" sc="390,62,107,-52,180,0,313,0" /><INIT seed="6,0,0,1,2,28" ten="452,55,180,313" oya="2" hai0="79,64,95,51,20,19,124,102,126,87,119,26,37" hai1="35,6,10,85,97,23,76,48,18,52,73,11,130" hai2="63,117,70,62,113,91,89,9,66,56,135,80,98" hai3="125,116,123,109,90,99,33,96,133,58,72,44,100"/><V83/><F117/><W13/><G44/><T30/><D37/><U1/><E130/><V103/><F135/><W129/><G13/><T78/><D64/><U68/><E68/><V84/><F113/><W134/><G58/><T24/><D119/><U118/><E73/><V45/><F9/><W110/><G116/><T21/><D51/><U25/><E118/><V27/><F45/><W82/><G123/><T127/><D102/><U8/><E97/><V122/><F122/><W36/><G36/><T111/><D111/><U55/><E55/><V32/><F83/><W46/><G46/><T54/><D54/><U71/><E71/><V93/><F32/><W65/><G65/><T59/><D59/><U67/><E67/><V22/><F63/><W49/><G49/><T77/><D95/><U47/><REACH who="1" step="1"/><E35/><REACH who="1" ten="452,45,180,313" step="2"/><V40/><F70/><W112/><G33/><T16/><D30/><U120/><E120/><V115/><F115/><W106/><G112/><T34/><D34/><U29/><E29/><N who="2" m="17655" /><F40/><W41/><G129/><T104/><D104/><U94/><E94/><V0/><F0/><W75/><G41/><T88/><D87/><U108/><E108/><N who="3" m="41578" /><G125/><T17/><D88/><AGARI ba="0,1" hai="56,62,66,80,84,88,89,91,93,98,103" m="17655" machi="88" ten="30,5800,0" yaku="25,1,8,1,54,1" doraHai="28" who="2" fromWho="0" sc="452,-58,45,0,180,68,313,0" /><INIT seed="6,1,0,0,1,107" ten="394,45,248,313" oya="2" hai0="72,9,82,74,70,130,88,103,39,132,99,45,97" hai1="58,108,80,85,30,51,90,27,77,96,121,35,59" hai2="6,32,98,101,2,52,50,33,79,94,4,53,95" hai3="128,125,104,123,114,15,64,19,10,75,92,40,106"/><V78/><F2/><W115/><G123/><T133/><D70/><U43/><E121/><V24/><F24/><W42/><G125/><T65/><D65/><U71/><E108/><V73/><F98/><W113/><G128/><T47/><D9/><U81/><E71/><V117/><F50/><W86/><G64/><T11/><D11/><U41/><E96/><V83/><F83/><W124/><G124/><T8/><D8/><U69/><E69/><V18/><F18/><W57/><G57/><T91/><D39/><U112/><E112/><V55/><F101/><W111/><G111/><T23/><D82/><U110/><E110/><V38/><F38/><W60/><G60/><T37/><D23/><U87/><E59/><V102/><F102/><W122/><G122/><T68/><D68/><U26/><E26/><V29/><F29/><W120/><G120/><T67/><D67/><U31/><E31/><V129/><F55/><W28/><G28/><T13/><D37/><U127/><E127/><V109/><F109/><W131/><G131/><T34/><D103/><U126/><E126/><V16/><F16/><W56/><G56/><T12/><D130/><U119/><E119/><V89/><F129/><W76/><G76/><T0/><REACH who="0" step="1"/><D0/><REACH who="0" ten="384,45,248,313" step="2"/><U49/><E49/><V22/><F22/><W25/><G25/><T61/><D61/><U63/><E51/><V93/><F79/><W17/><G17/><T100/><D100/><U14/><E14/><V48/><F48/><W5/><G19/><T20/><D20/><U84/><E77/><V135/><F78/><W62/><G10/><RYUUKYOKU ba="1,1" sc="384,30,45,-10,248,-10,313,-10" hai0="12,13,34,45,47,72,74,88,91,97,99,132,133" /><INIT seed="7,2,1,5,5,6" ten="414,35,238,303" oya="3" hai0="111,60,85,45,59,98,115,15,64,43,55,20,128" hai1="10,42,114,33,3,110,99,12,39,52,23,117,125" hai2="22,131,47,67,36,134,73,132,126,107,65,26,94" hai3="103,97,51,1,29,19,0,105,129,90,76,74,86"/><W66/><G129/><T112/><D111/><U96/><E110/><V41/><F107/><W78/><G29/><T53/><D128/><U38/><E33/><V8/><F73/><W25/><G66/><T46/><D98/><U61/><E3/><V75/><F75/><W4/><G51/><T120/><D120/><U133/><E23/><V71/><F126/><W27/><G1/><T16/><D85/><U89/><E61/><V91/><F8/><W70/><G70/><T119/><D119/><U18/><E42/><V84/><F131/><W50/><G50/><T28/><D28/><U21/><E21/><V127/><F127/><W121/><G121/><T79/><D79/><U122/><E125/><V30/><REACH who="2" step="1"/><F71/><REACH who="2" ten="414,35,228,303" step="2"/><W68/><G68/><T69/><D69/><U58/><E122/><V17/><F17/><W101/><G101/><T100/><D16/><U130/><E130/><V2/><F2/><W77/><G74/><T88/><D43/><U113/><E18/><V24/><F24/><W135/><G135/><AGARI ba="2,2" hai="22,26,30,36,41,47,65,67,84,91,94,132,134,135" machi="135" ten="40,2600,0" yaku="1,1,20,1,53,0" doraHai="6" doraHaiUra="9" who="2" fromWho="3" sc="414,0,35,0,228,52,303,-32" owari="414,51.4,35,-46.5,280,8.0,271,-12.9" /></mjloggm>