<mjloggm ver="2.3"><GO type="41" lobby="0"/><UN n0="%E2%93%9D%4C%75%63%6B%79%4A" n1="%E5%B0%8F%41" n2="%54%6F%6D%6D%79%34%35" n3="%4C%E3%82%AA%E3%83%97%E3%83%86%E3%82%A3%E3%82%B8%E3%83%B3%E3%82%AF" dan="18,14,13,15" rate="2135.71,1893.24,1864.24,1956.66" sx="M,F,F,M"/><TAIKYOKU oya="0"/><INIT seed="0,0,0,5,2,46" ten="250,250,250,250" oya="0" hai0="28,108,51,22,94,36,78,56,54,4,92,31,106" hai1="23,114,117,79,48,21,64,71,99,60,104,74,112" hai2="82,26,20,110,8,45,109,35,122,13,2,68,123" hai3="77,63,25,98,66,88,32,85,69,24,73,44,126"/><T59/><D106/><U70/><E117/><V47/><F68/><W1/><G126/><T9/><D36/><U7/><E71/><V125/><F35/><W128/><G128/><T130/><D130/><U29/><E7/><V115/><F2/><W16/><G1/><T38/><D38/><U91/><E29/><V93/><F125/><W14/><G32/><T118/><D118/><U58/><E79/><V19/><F115/><N who="1" m="44073" /><E74/><V100/><F82/><W57/><G73/><T129/><D108/><N who="2" m="41578" /><F93/><N who="3" m="56615" /><G69/><T111/><D111/><U37/><E37/><V84/><F84/><W52/><G85/><T55/><D78/><U42/><E42/><V127/><F100/><W61/><G61/><T76/><D76/><U53/><E104/><V43/><F127/><W18/><G18/><T89/><D129/><U65/><E65/><V5/><F47/><W72/><G72/><T96/><D94/><AGARI ba="0,0" hai="21,23,48,53,58,60,64,70,91,94,99" m="44073" machi="94" ten="30,2000,0" yaku="11,1,52,1" doraHai="46" who="1" fromWho="0" sc="250,-20,250,20,250,0,250,0" /><INIT seed="1,0,0,4,1,106" ten="230,270,250,250" oya="1" hai0="120,87,90,50,70,36,34,93,81,5,74,72,42" hai1="26,39,85,41,127,77,21,92,43,7,103,64,61" hai2="27,78,6,80,2,134,83,16,37,11,32,13,115" hai3="118,121,66,55,31,71,30,132,133,97,79,57,76"/><U49/><E127/><V58/><F115/><W126/><G121/><T23/><D34/><U109/><E7/><V125/><F125/><W82/><G126/><T10/><D70/><U60/><E39/><V96/><F37/><W69/><G118/><T95/><D36/><U110/><E49/><V131/><F131/><W65/><G97/><T20/><D23/><U128/><E128/><V15/><F134/><N who="3" m="51819" /><G55/><T89/><D20/><U45/><E45/><V111/><F111/><N who="1" m="42505" /><E77/><N who="3" m="29770" /><G82/><T105/><D81/><U8/><E8/><V51/><F83/><W101/><G101/><T94/><D120/><U63/><E64/><N who="3" m="24682" /><G57/><T19/><D90/><N who="1" m="53327" /><E103/><V100/><F100/><W52/><G52/><T107/><D89/><U53/><E53/><V28/><F96/><W91/><G91/><T124/><D124/><U56/><E56/><V117/><F117/><W67/><N who="3" m="24690" /><W17/><DORA hai="88" /><G17/><AGARI ba="0,0" hai="17,21,26,41,43,60,61,63" m="53327,42505" machi="17" ten="30,5800,0" yaku="14,1,10,1,52,1" doraHai="106,88" who="1" fromWho="3" sc="230,0,270,58,250,0,250,-58" /><INIT seed="1,1,0,1,2,125" ten="230,328,250,192" oya="1" hai0="69,71,18,60,52,7,107,55,10,64,132,23,39" hai1="31,88,0,68,61,47,19,104,112,115,15,121,122" hai2="103,74,38,114,37,33,20,46,6,98,90,127,110" hai3="111,101,25,89,70,27,9,50,97,120,62,94,8"/><U44/><E104/><V102/><F110/><W29/><G111/><T41/><D107/><U63/><E31/><V113/><F127/><W81/><G120/><T133/><D7/><U49/><E0/><V131/><F74/><W1/><G1/><T3/><D10/><U99/><E68/><N who="0" m="26185" /><D18/><U134/><E134/><N who="0" m="51817" /><D23/><U21/><E121/><V83/><F46/><W28/><G50/><T42/><D3/><U95/><E122/><V48/><F48/><W11/><G62/><T85/><D85/><U57/><E47/><V106/><F6/><W26/><G70/><N who="0" m="42247" /><D39/><U58/><E112/><N who="2" m="43115" /><F33/><W123/><G123/><T129/><D129/><U35/><E35/><V4/><F4/><W16/><G16/><T12/><D12/><U24/><E115/><V30/><F103/><W66/><G66/><T53/><AGARI ba="1,0" hai="41,42,52,53,55" m="42247,51817,26185" machi="53" ten="40,8000,1" yaku="20,1,34,2,54,1" doraHai="125" who="0" fromWho="0" sc="230,83,328,-41,250,-21,192,-21" /><INIT seed="2,0,0,4,2,116" ten="313,287,229,171" oya="2" hai0="9,38,97,91,37,15,89,82,11,59,72,19,107" hai1="121,10,0,43,105,128,40,31,132,3,53,96,112" hai2="57,100,21,14,81,67,39,62,118,64,93,30,56" hai3="88,65,66,74,27,46,117,134,18,94,95,73,29"/><V125/><F118/><W129/><G117/><T84/><D72/><U48/><E112/><V42/><F125/><W36/><G129/><T41/><D41/><U52/><E128/><V113/><F113/><W2/><G134/><T61/><D11/><U34/><E132/><V35/><F35/><W131/><G131/><T87/><D97/><U45/><E121/><V85/><F39/><W102/><G2/><T109/><D107/><U20/><E34/><V78/><F42/><W79/><G36/><T25/><D25/><U1/><E10/><V49/><F14/><W111/><G29/><T71/><D71/><U101/><REACH who="1" step="1"/><E43/><REACH who="1" ten="313,277,229,171" step="2"/><V47/><F47/><W7/><G46/><T130/><D130/><U126/><E126/><V5/><F5/><W77/><G7/><T23/><D9/><U63/><E63/><N who="2" m="37991" /><F49/><W33/><G33/><T70/><D38/><U122/><E122/><V17/><F30/><W6/><G6/><T106/><D37/><U119/><E119/><V58/><F58/><W83/><G18/><T98/><D59/><U90/><E90/><V92/><F100/><W16/><G102/><T69/><D70/><U75/><E75/><V68/><F68/><W55/><G74/><T99/><D69/><U22/><E22/><V54/><F67/><W114/><G73/><T44/><D23/><U28/><E28/><V50/><F50/><W133/><G66/><T124/><D124/><U26/><AGARI ba="0,1" hai="0,1,3,20,26,31,40,45,48,52,53,96,101,105" machi="26" ten="40,5200,0" yaku="1,1,0,1,54,1,53,0" doraHai="116" doraHaiUra="12" who="1" fromWho="1" sc="313,-13,277,62,229,-26,171,-13" /><INIT seed="3,0,0,1,4,71" ten="300,339,203,158" oya="3" hai0="27,68,130,97,77,47,56,85,38,87,8,132,111" hai1="107,6,95,28,120,89,14,66,121,36,23,63,123" hai2="125,116,90,34,102,64,84,61,94,118,12,82,88" hai3="2,117,50,127,59,126,62,91,48,51,110,40,49"/><W113/><G2/><T122/><D68/><U124/><E107/><V86/><F125/><N who="3" m="47627" /><G91/><T43/><D122/><U0/><E0/><V128/><F102/><W5/><G5/><T22/><D132/><U37/><E124/><V76/><F34/><W21/><G21/><T74/><D130/><U44/><E44/><V9/><F128/><W103/><G103/><T15/><D111/><U30/><E30/><V81/><F94/><W129/><G129/><T3/><D56/><U58/><E28/><V104/><F76/><W57/><G113/><T92/><D3/><U29/><E29/><V41/><F41/><W93/><G93/><T83/><D27/><U108/><E108/><V96/><F96/><W65/><G110/><T79/><D22/><U114/><E114/><V26/><F26/><W75/><G75/><T46/><D47/><U60/><E60/><V73/><F73/><W131/><G131/><T101/><REACH who="0" step="1"/><D79/><REACH who="0" ten="290,339,203,158" step="2"/><U7/><E23/><V100/><F100/><W78/><G78/><T1/><D1/><U24/><E24/><V119/><F104/><W55/><G117/><T67/><D67/><U17/><E17/><AGARI ba="0,1" hai="8,15,17,38,43,46,74,77,83,85,87,92,97,101" machi="17" ten="30,3900,0" yaku="1,1,7,1,52,1,53,0" doraHai="71" doraHaiUra="52" who="0" fromWho="1" sc="290,49,339,-39,203,0,158,0" /><INIT seed="4,0,0,2,0,25" ten="339,300,203,158" oya="0" hai0="52,17,58,123,85,124,15,133,65,83,69,88,41" hai1="44,116,80,90,111,2,81,132,51,72,135,102,30" hai2="70,7,73,22,119,46,38,75,12,21,108,40,16" hai3="126,67,10,56,92,24,115,113,20,53,129,93,99"/><T130/><D123/><U33/><E111/><V110/><F119/><W106/><G126/><T14/><D124/><U109/><E109/><V112/><F112/><W36/><G129/><T13/><D130/><U3/><E116/><V103/><F70/><W63/><G36/><T98/><D133/><N who="1" m="51275" /><E102/><V128/><F128/><W127/><G127/><T57/><D69/><U43/><E81/><V11/><F103/><W60/><G106/><T104/><D41/><U105/><E105/><V4/><F4/><W79/><G10/><T29/><D29/><U117/><E117/><V121/><F121/><W9/><G9/><T68/><D68/><U125/><E125/><V61/><F22/><W34/><G34/><T100/><D65/><U37/><E51/><V47/><F61/><W131/><G79/><T50/><REACH who="0" step="1"/><D58/><REACH who="0" ten="329,300,203,158" step="2"/><U59/><E59/><V91/><F47/><W39/><G131/><T71/><D71/><U66/><E66/><V32/><F32/><W94/><G39/><T82/><D82/><U48/><E37/><V18/><F110/><W78/><G115/><T62/><D62/><U54/><E43/><V64/><F108/><W5/><G113/><T77/><D77/><N who="1" m="44071" /><E33/><V76/><F76/><W0/><G78/><T134/><D134/><U118/><E118/><V95/><F64/><W8/><G63/><T23/><AGARI ba="0,1" hai="13,14,15,17,23,50,52,57,83,85,88,98,100,104" machi="23" ten="20,18000,2" yaku="1,1,0,1,7,1,54,2,53,1" doraHai="25" doraHaiUra="45" who="0" fromWho="0" sc="329,190,300,-60,203,-60,158,-60" /><INIT seed="4,1,0,3,5,52" ten="519,240,143,98" oya="0" hai0="21,103,123,101,0,81,125,98,133,12,25,95,88" hai1="72,49,3,74,84,77,53,33,135,45,69,82,126" hai2="58,85,22,7,1,42,121,51,99,120,44,2,65" hai3="112,55,61,54,4,27,111,71,109,113,97,23,90"/><T96/><D123/><U94/><E69/><V19/><F99/><W56/><G4/><T57/><D133/><U134/><E33/><V11/><F1/><W48/><G90/><T46/><D125/><U114/><E3/><V102/><F102/><W78/><G97/><T16/><D0/><U75/><E126/><V66/><F85/><W87/><G87/><N who="0" m="50287" /><D46/><U68/><E68/><V76/><F76/><W40/><G78/><T47/><D47/><U104/><E104/><V37/><F66/><N who="3" m="41423" /><G23/><T6/><D57/><U62/><E94/><V64/><F64/><W35/><G35/><T13/><D6/><U26/><E26/><V119/><F119/><W110/><G27/><T116/><D116/><U79/><E79/><V131/><F131/><W17/><G17/><T8/><D8/><U130/><E130/><V63/><REACH who="2" step="1"/><F37/><REACH who="2" ten="519,240,133,98" step="2"/><W34/><G34/><T132/><D132/><N who="1" m="50731" /><E114/><N who="3" m="44138" /><G55/><T14/><D98/><U32/><E62/><V67/><F67/><W60/><G60/><T10/><D10/><U29/><E32/><V92/><F92/><W36/><G36/><T106/><D106/><U100/><E100/><AGARI ba="1,1" hai="12,13,14,16,21,25,95,96,100,101,103" m="50287" machi="100" ten="30,5800,0" yaku="8,1,54,2" doraHai="52" who="0" fromWho="1" sc="519,71,240,-61,133,0,98,0" /><INIT seed="4,2,0,0,4,3" ten="590,179,133,98" oya="0" hai0="39,78,48,20,68,38,32,113,2,27,114,127,100" hai1="105,26,125,37,132,89,33,50,116,88,66,123,102" hai2="54,133,14,9,101,55,16,19,12,134,126,72,41" hai3="118,18,31,0,112,10,90,11,57,69,67,103,82"/><T51/><D32/><U40/><E116/><V96/><F72/><W129/><G118/><T73/><D68/><U104/><E123/><V135/><F126/><W28/><G69/><T75/><D100/><U71/><E37/><N who="0" m="13833" /><D2/><U53/><E40/><V43/><F41/><W45/><G129/><T1/><D1/><U17/><E125/><V121/><F43/><W92/><G112/><N who="0" m="43115" /><D127/><U6/><E132/><V98/><F121/><W60/><G103/><T115/><N who="0" m="43123" /><T46/><DORA hai="52" /><D78/><U65/><E105/><N who="2" m="63655" /><F98/><W23/><G82/><T117/><D117/><U47/><E66/><V124/><F124/><W94/><G45/><T21/><D21/><AGARI ba="2,0" hai="9,12,14,16,19,21,54,55,133,134,135" m="63655" machi="21" ten="30,2000,0" yaku="20,1,54,1" doraHai="3,52" who="2" fromWho="0" sc="590,-26,179,0,133,26,98,0" /><INIT seed="5,0,0,4,1,49" ten="564,179,159,98" oya="1" hai0="15,18,64,116,42,97,1,124,68,47,29,19,23" hai1="53,90,0,122,67,43,40,24,101,66,99,56,113" hai2="16,92,12,27,39,93,50,74,132,51,22,37,8" hai3="115,65,88,61,130,75,108,9,129,120,57,70,126"/><U4/><E122/><V133/><F74/><W77/><G108/><T38/><D116/><U83/><E113/><V79/><F79/><W119/><G120/><T44/><D1/><U25/><E4/><V86/><F39/><W28/><G119/><T91/><D29/><U102/><E0/><V103/><F37/><W7/><G115/><T20/><D124/><U81/><E90/><V62/><F62/><W69/><G126/><T55/><D64/><U52/><E56/><V35/><F35/><W84/><G28/><T58/><D68/><U117/><E117/><V76/><F76/><W123/><G77/><T78/><D78/><U71/><E71/><V87/><F87/><W13/><G75/><T98/><D47/><U30/><E30/><V127/><F127/><W111/><G111/><T95/><D98/><AGARI ba="0,0" hai="24,25,40,43,52,53,66,67,81,83,98,99,101,102" machi="98" ten="25,18000,2" yaku="22,2,8,1,52,2,54,1" doraHai="49" who="1" fromWho="0" sc="564,-180,179,180,159,0,98,0" /><INIT seed="5,1,0,2,3,112" ten="384,359,159,98" oya="1" hai0="101,63,44,87,115,82,41,111,24,10,58,26,49" hai1="55,129,126,5,51,53,94,118,122,67,42,15,131" hai2="65,62,113,35,29,79,103,47,133,64,124,86,97" hai3="56,88,59,128,0,6,106,20,1,54,77,43,22"/><U134/><E122/><V75/><F75/><W123/><G123/><T48/><D115/><U19/><E5/><V83/><F113/><W34/><G34/><T117/><D111/><U104/><E104/><V4/><F124/><W93/><G106/><T9/><D49/><U72/><E72/><V73/><F133/><W38/><G128/><N who="1" m="49226" /><E126/><V121/><F121/><W25/><G77/><T76/><D117/><U52/><E134/><V127/><F127/><W132/><G132/><T89/><D101/><U80/><E80/><V27/><F4/><W109/><G109/><T70/><D70/><U3/><E3/><V99/><F47/><W68/><G68/><T21/><D26/><U90/><E67/><V33/><F65/><W100/><G100/><T96/><D96/><N who="1" m="57431" /><E118/><V36/><F36/><W60/><G6/><T18/><REACH who="0" step="1"/><D76/><REACH who="0" ten="374,359,159,98" step="2"/><U108/><E108/><V120/><F120/><W40/><G38/><T125/><D125/><U8/><E42/><V16/><F103/><W45/><G40/><T50/><D50/><AGARI ba="1,1" hai="8,15,19,50,51,52,53,55" m="57431,49226" machi="50" ten="30,2900,0" yaku="19,1,54,1" doraHai="112" who="1" fromWho="0" sc="374,-32,359,42,159,0,98,0" /><INIT seed="5,2,0,4,0,97" ten="342,401,159,98" oya="1" hai0="117,126,89,1,100,40,94,52,32,20,107,130,29" hai1="65,57,128,116,73,46,62,112,87,75,72,90,35" hai2="106,16,76,44,70,48,111,113,105,127,79,86,17" hai3="85,25,26,56,102,24,120,34,42,131,36,21,8"/><U123/><E116/><V67/><F111/><W13/><G120/><T18/><D1/><U83/><E123/><V38/><F38/><W15/><G131/><T121/><D32/><U135/><E35/><V91/><F113/><W114/><G114/><T41/><D107/><U134/><E128/><V133/><F133/><W14/><G36/><T74/><D74/><U19/><E112/><V103/><F127/><W115/><G115/><T11/><D11/><U68/><E46/><V53/><F106/><W66/><G42/><T54/><D29/><U71/><REACH who="1" step="1"/><E19/><REACH who="1" ten="342,391,159,98" step="2"/><V82/><F16/><W63/><G34/><T5/><D18/><U10/><E10/><V22/><F17/><W23/><G8/><T12/><D117/><U31/><E31/><V118/><F22/><W43/><G43/><T98/><D41/><U64/><E64/><V9/><F67/><W7/><G7/><T28/><D40/><U55/><E55/><V99/><F118/><W51/><G23/><T59/><D121/><U45/><E45/><V3/><F70/><AGARI ba="2,1" hai="57,62,65,68,70,71,72,73,75,83,87,90,134,135" machi="70" ten="50,4800,0" yaku="1,1,53,1" doraHai="97" doraHaiUra="58" who="1" fromWho="2" sc="342,0,391,64,159,-54,98,0" /><INIT seed="5,3,0,3,3,8" ten="342,455,105,98" oya="1" hai0="74,96,127,71,126,77,99,83,34,53,124,32,115" hai1="118,76,73,22,29,10,20,0,33,95,85,81,24" hai2="119,106,15,45,64,122,13,23,132,117,78,89,3" hai3="37,35,7,91,116,94,113,134,80,55,67,79,42"/><U100/><E118/><V11/><F122/><W5/><G116/><T62/><D115/><U4/><REACH who="1" step="1"/><E85/><REACH who="1" ten="342,445,105,98" step="2"/><V129/><F129/><W131/><G131/><T59/><D71/><U1/><E1/><V18/><F132/><W41/><G134/><T9/><D9/><U38/><E38/><V51/><F3/><W19/><G37/><T31/><D31/><U61/><E61/><V54/><F106/><W102/><G113/><T69/><D69/><U103/><E103/><V110/><F110/><W108/><G102/><T86/><D86/><U27/><E27/><V25/><F25/><W36/><G108/><T52/><D53/><U128/><E128/><V93/><F78/><W44/><G55/><T2/><D2/><U6/><E6/><V121/><F121/><W130/><G36/><T114/><D114/><U56/><E56/><V75/><F75/><W57/><G57/><T104/><D99/><AGARI ba="3,1" hai="0,4,10,20,22,24,29,33,73,76,81,95,99,100" machi="99" ten="40,2000,0" yaku="1,1,53,0" doraHai="8" doraHaiUra="49" who="1" fromWho="0" sc="342,-29,445,39,105,0,98,0" /><INIT seed="5,4,0,5,3,97" ten="313,484,105,98" oya="1" hai0="125,133,86,61,90,130,8,13,82,120,18,80,46" hai1="92,12,3,48,100,5,9,104,20,70,72,88,42" hai2="91,34,25,38,57,98,67,85,119,95,2,11,118" hai3="41,0,96,1,126,135,129,128,75,64,59,28,27"/><U47/><E70/><V77/><F38/><W53/><G75/><T108/><D108/><U114/><E72/><V62/><F2/><W19/><G126/><T35/><D35/><U111/><E111/><V58/><F11/><W109/><G109/><T17/><D133/><U52/><E114/><V63/><F34/><W23/><G135/><T66/><D130/><N who="3" m="50281" /><G64/><T99/><D120/><U29/><E42/><V105/><F25/><N who="3" m="14591" /><G96/><T93/><D125/><U115/><E115/><V110/><F110/><W113/><G41/><T131/><D131/><U40/><E40/><V51/><F51/><N who="3" m="31167" /><G113/><T26/><D46/><U10/><E29/><V71/><F71/><W122/><G122/><T73/><D73/><U49/><E49/><V15/><F15/><W102/><G102/><T65/><D66/><U21/><E100/><V78/><F78/><W79/><G79/><T101/><D65/><U6/><E6/><V94/><F77/><W134/><G134/><T36/><D36/><U74/><E104/><V43/><F105/><W112/><G112/><T37/><D37/><U106/><E106/><V30/><F30/><W103/><G103/><T22/><D61/><U69/><E74/><V127/><F127/><W107/><G107/><AGARI ba="4,0" hai="8,13,17,18,22,26,80,82,86,90,93,99,101,107" machi="107" ten="30,2000,0" yaku="7,1,52,1" doraHai="97" who="0" fromWho="3" sc="313,32,484,0,105,0,98,-32" /><INIT seed="6,0,0,0,0,9" ten="345,484,105,66" oya="2" hai0="107,19,127,31,61,12,98,1,85,46,15,52,115" hai1="121,128,38,120,96,14,86,47,76,90,8,34,73" hai2="41,63,37,106,59,33,104,100,10,74,133,21,95" hai3="82,2,116,77,4,23,101,103,30,22,70,17,25"/><V81/><F33/><W13/><G116/><T60/><D1/><U79/><E34/><V131/><F131/><W29/><G70/><T0/><D0/><U49/><E38/><V111/><F111/><W6/><G30/><T134/><D107/><U97/><E128/><V72/><F133/><W108/><G108/><T75/><D75/><U84/><E73/><V54/><F37/><W53/><G53/><T92/><D115/><U27/><E27/><V3/><F41/><W50/><G50/><N who="0" m="28759" /><D127/><U16/><E86/><V126/><F126/><W124/><G124/><T129/><D31/><U89/><E89/><V93/><F21/><W58/><G58/><T135/><D85/><U55/><E120/><V51/><F63/><N who="0" m="24138" /><D19/><U88/><E90/><V42/><F42/><W125/><G125/><T56/><D56/><U110/><E110/><V7/><F74/><W69/><G69/><T26/><D26/><U83/><E121/><V18/><F18/><W119/><G119/><T113/><D113/><U36/><E36/><V68/><F68/><W118/><G118/><T71/><D71/><U65/><E65/><V5/><F5/><N who="3" m="2155" /><G2/><T45/><D45/><U105/><E105/><V87/><F72/><W130/><G130/><T99/><D129/><U122/><E122/><V20/><F20/><W102/><G77/><AGARI ba="0,0" hai="8,14,16,47,49,55,76,77,79,83,84,88,96,97" machi="77" ten="40,12000,2" yaku="25,2,8,1,52,1,54,2" doraHai="9" who="1" fromWho="3" sc="345,0,484,120,105,0,66,-120" owari="345,14.5,604,70.4,105,-29.5,-54,-55.4" /></mjloggm>