<mjloggm ver="2.3"><GO type="137" lobby="0"/><UN n0="%E3%81%86%E3%82%8B%E3%82%8B%E3%81%95%E3%82%89%E3%82%89" n1="%E8%A6%8B%E8%B2%9D" n2="%E2%93%9D%4C%75%63%6B%79%4A" n3="%E3%82%8D%E3%82%80%E3%82%8D%E3%82%80" dan="11,11,12,12" rate="1607.83,1647.62,1843.48,1842.13" sx="M,M,M,M"/><TAIKYOKU oya="0"/><INIT seed="0,0,0,3,5,67" ten="250,250,250,250" oya="0" hai0="133,45,32,128,116,106,75,62,93,41,16,18,37" hai1="69,2,10,104,1,92,53,51,73,20,55,47,98" hai2="71,27,63,123,29,23,61,19,114,105,109,3,117" hai3="0,80,78,95,85,60,126,15,12,24,21,39,72"/><T122/><D16/><U49/><E73/><V96/><F114/><W111/><G111/><T127/><D18/><U34/><E34/><V79/><F123/><W44/><G0/><T8/><D8/><U132/><E132/><V134/><F109/><W101/><G126/><T13/><D13/><U65/><E104/><V38/><F38/><W70/><G39/><T46/><D93/><U97/><E20/><V22/><F117/><W87/><G72/><T107/><D62/><U77/><E77/><V43/><F43/><W25/><G25/><T89/><D89/><U130/><E130/><V88/><F3/><W35/><G35/><T84/><D84/><U135/><E135/><V115/><F115/><W83/><G44/><T9/><D9/><U52/><E53/><V118/><F118/><W36/><G36/><T28/><D28/><U68/><E65/><V100/><F79/><W131/><G131/><T64/><D64/><U129/><E129/><V57/><F134/><W99/><G70/><T40/><D40/><U103/><E10/><V76/><F76/><W58/><G83/><T86/><D86/><U59/><E97/><V110/><F110/><W4/><G85/><T120/><D41/><U26/><E26/><N who="2" m="16607" /><F57/><W119/><G4/><T82/><D37/><U94/><REACH who="1" step="1"/><E92/><REACH who="1" ten="250,240,250,250" step="2"/><V33/><F33/><W112/><G112/><T66/><D32/><U6/><E6/><V17/><F27/><W30/><G119/><T124/><D128/><U74/><E74/><V14/><F22/><W56/><G56/><T5/><D116/><U121/><E121/><V54/><F96/><RYUUKYOKU ba="0,1" sc="250,-15,240,15,250,-15,250,15" hai1="1,2,47,49,51,52,55,59,68,69,94,98,103" hai3="12,15,21,24,30,58,60,78,80,87,95,99,101" /><INIT seed="1,1,1,5,0,99" ten="235,255,235,265" oya="1" hai0="18,60,10,27,63,118,83,74,26,126,108,69,21" hai1="58,4,88,14,122,67,62,95,25,39,127,12,53" hai2="131,125,20,65,16,52,22,107,68,35,110,46,70" hai3="32,23,24,111,19,49,84,87,9,1,56,92,15"/><U112/><E112/><V45/><F35/><W31/><G111/><T50/><D18/><U130/><E122/><V121/><F121/><W120/><G120/><T41/><D21/><U48/><E39/><V40/><F107/><W81/><G92/><T105/><D27/><U96/><E127/><V80/><F65/><W30/><G30/><T57/><D26/><U104/><E130/><V61/><F110/><W94/><G94/><T29/><D29/><U132/><E132/><V135/><F125/><W54/><REACH who="3" step="1"/><G81/><REACH who="3" ten="235,255,235,255" step="2"/><T76/><D83/><U102/><E4/><AGARI ba="1,2" hai="1,4,9,15,19,23,24,31,32,49,54,56,84,87" machi="4" ten="40,8000,1" yaku="1,1,2,1,24,2,53,0" doraHai="99" doraHaiUra="73" who="3" fromWho="1" sc="235,0,255,-83,235,0,255,103" /><INIT seed="2,0,0,2,3,67" ten="235,172,235,358" oya="2" hai0="15,46,57,20,83,26,71,52,4,23,133,17,80" hai1="85,47,3,16,56,110,39,0,64,77,130,107,128" hai2="122,25,92,22,118,125,44,32,90,62,132,69,60" hai3="117,49,59,29,120,37,99,78,104,19,31,101,55"/><V53/><F122/><W123/><G117/><T100/><D133/><U94/><E107/><V8/><F118/><W1/><G37/><T45/><D100/><U13/><E39/><V106/><F32/><W12/><G1/><T116/><D116/><U124/><E47/><V129/><F129/><W51/><G78/><T9/><D23/><U82/><E110/><V89/><F125/><W115/><G115/><T14/><D20/><U42/><E42/><V95/><F106/><W50/><G120/><T87/><D26/><U93/><E124/><V61/><F132/><W127/><G123/><T91/><D71/><U54/><E0/><V121/><F8/><W73/><G73/><T111/><D111/><U5/><E64/><V84/><F121/><W33/><G127/><T98/><D98/><U88/><E3/><V96/><F44/><W30/><G33/><T86/><D15/><U36/><E36/><V108/><F108/><W79/><G79/><N who="0" m="46367" /><D4/><U27/><E27/><V68/><REACH who="2" step="1"/><F53/><REACH who="2" ten="235,172,225,358" step="2"/><W7/><G7/><T105/><D105/><U41/><E5/><V38/><F38/><W66/><G66/><T35/><D35/><U6/><E6/><V24/><F24/><W114/><G114/><T97/><D46/><U2/><E2/><V34/><F34/><W40/><G40/><T81/><D45/><U70/><E41/><V48/><F48/><W113/><G113/><T76/><D52/><U112/><E112/><V58/><F58/><W11/><AGARI ba="0,1" hai="11,12,19,29,30,31,49,50,51,55,59,99,101,104" machi="11" ten="30,1100,0" yaku="0,1" doraHai="67" who="3" fromWho="3" sc="235,-3,172,-3,225,-5,358,21" /><INIT seed="3,0,0,3,4,7" ten="232,169,220,379" oya="3" hai0="117,110,119,49,17,67,115,28,78,31,64,54,90" hai1="103,14,25,94,37,20,113,121,53,71,0,19,39" hai2="131,111,102,85,21,122,116,105,30,5,99,70,18" hai3="95,66,47,65,60,32,9,16,41,58,118,109,127"/><W134/><G118/><T126/><D90/><U13/><E113/><V2/><F70/><W100/><G32/><T8/><D17/><U82/><E121/><V57/><F111/><W3/><G134/><T97/><D97/><U59/><E71/><V104/><F131/><W130/><G130/><T92/><D92/><U61/><E0/><V42/><F42/><W6/><G127/><T88/><D88/><U79/><E39/><V24/><F116/><W101/><G109/><T108/><D54/><U36/><E36/><V114/><F114/><W11/><G66/><T12/><D12/><U84/><E37/><V81/><F122/><W15/><G95/><T93/><D93/><U135/><REACH who="1" step="1"/><E135/><REACH who="1" ten="232,159,220,379" step="2"/><V132/><F2/><W124/><G124/><T62/><D115/><U4/><E4/><V26/><F5/><W96/><G96/><AGARI ba="0,1" hai="13,14,19,20,25,53,59,61,79,82,84,94,96,103" machi="96" ten="40,2600,0" yaku="1,1,8,1,53,0" doraHai="7" doraHaiUra="107" who="1" fromWho="3" sc="232,0,159,36,220,0,379,-26" /><INIT seed="4,0,0,2,2,45" ten="232,195,220,353" oya="0" hai0="127,67,15,100,9,104,62,0,5,108,78,7,40" hai1="88,14,106,54,86,122,59,113,76,51,114,35,72" hai2="24,47,43,34,4,20,73,116,119,32,109,44,11" hai3="6,79,85,33,70,90,66,105,12,65,97,25,52"/><T134/><D134/><U10/><E122/><V30/><F73/><W21/><G70/><T133/><D133/><U3/><E106/><V117/><F47/><W129/><G129/><T132/><D132/><U19/><E35/><V107/><F107/><W46/><G33/><N who="2" m="12905" /><F44/><W8/><G79/><T42/><D7/><U131/><E131/><V135/><F43/><W2/><G2/><T115/><D9/><U41/><E41/><V84/><F84/><W126/><G126/><T93/><D15/><U13/><E3/><N who="2" m="415" /><F135/><W39/><G39/><T121/><D62/><U81/><REACH who="1" step="1"/><E14/><REACH who="1" ten="232,185,220,353" step="2"/><V99/><F99/><W60/><G97/><T118/><D42/><U74/><E74/><V101/><F101/><W56/><G105/><T1/><D40/><U87/><E87/><V26/><F26/><W29/><G46/><T53/><D100/><U31/><E31/><V71/><F71/><W111/><G111/><AGARI ba="0,1" hai="20,24,30,109,111,116,117,119" m="415,12905" machi="111" ten="40,5200,0" yaku="12,1,34,2" doraHai="45" who="2" fromWho="3" sc="232,0,185,0,220,62,353,-52" /><INIT seed="5,0,0,4,5,52" ten="232,185,282,301" oya="1" hai0="110,8,82,28,108,29,42,13,121,105,76,80,9" hai1="15,18,38,66,49,50,73,17,65,71,117,54,16" hai2="119,86,129,98,103,113,132,97,5,3,88,23,84" hai3="131,114,51,67,57,99,22,130,40,104,92,74,37"/><U1/><E73/><V31/><F3/><W135/><G104/><T59/><D105/><U10/><E117/><V87/><F5/><W24/><G74/><T7/><D42/><U83/><E38/><V48/><F119/><W45/><G114/><T68/><D7/><U123/><E123/><V89/><F129/><N who="3" m="49163" /><G135/><T39/><D39/><U63/><E1/><V19/><F31/><W81/><G81/><T111/><D13/><U41/><E71/><V53/><F132/><W70/><G70/><T35/><D68/><U62/><E83/><V79/><F79/><W33/><G33/><T102/><D110/><U77/><E77/><V106/><F98/><W124/><G124/><T4/><D76/><U32/><E32/><V78/><F78/><W34/><G34/><T30/><D30/><U100/><E100/><V101/><F103/><W122/><G122/><T75/><D102/><U134/><E41/><V25/><REACH who="2" step="1"/><F113/><REACH who="2" ten="232,185,272,301" step="2"/><W58/><G99/><T109/><D121/><U69/><E134/><V133/><F133/><W118/><G118/><T44/><D111/><U36/><E36/><V0/><F0/><W55/><G37/><T60/><D4/><U47/><E69/><V107/><F107/><W21/><G67/><N who="1" m="25610" /><E15/><V96/><F96/><W120/><G120/><T90/><D109/><U43/><E10/><V11/><F11/><W20/><G24/><T126/><D8/><U46/><AGARI ba="0,1" hai="16,17,18,43,46,47,49,50,54,62,63" m="25610" machi="46" ten="30,3000,0" yaku="8,1,54,1" doraHai="52" who="1" fromWho="1" sc="232,-10,185,40,272,-10,301,-10" /><INIT seed="5,1,0,5,0,123" ten="222,225,262,291" oya="1" hai0="74,84,83,6,86,124,116,113,4,17,111,95,78" hai1="88,13,59,99,85,63,37,25,51,5,112,79,35" hai2="38,43,41,69,128,104,68,109,45,114,7,72,115" hai3="132,65,135,71,30,93,121,40,36,32,33,61,120"/><U118/><E112/><N who="2" m="43051" /><F7/><W1/><G93/><T24/><D24/><U122/><E122/><N who="3" m="47210" /><G1/><T53/><D17/><U117/><E37/><V101/><F43/><W129/><G129/><T16/><D16/><U81/><E35/><V70/><F72/><W126/><G126/><T15/><D15/><U55/><E117/><V90/><F90/><W12/><G12/><T96/><D53/><N who="1" m="34287" /><E118/><V119/><F119/><W91/><G91/><T20/><D20/><U64/><E64/><V127/><F127/><W34/><G30/><T14/><D14/><U108/><E108/><V28/><F28/><W94/><G94/><T103/><D4/><U2/><E2/><V18/><F18/><W67/><G67/><T105/><D6/><U10/><E99/><N who="2" m="61503" /><F128/><W46/><AGARI ba="1,0" hai="32,33,34,36,40,46,61,65,71,132,135" m="47210" machi="46" ten="40,1500,0" yaku="23,1" doraHai="123" who="3" fromWho="3" sc="222,-5,225,-8,262,-5,291,18" /><INIT seed="6,0,0,0,4,123" ten="217,217,257,309" oya="2" hai0="67,99,82,64,83,88,12,50,10,36,68,101,31" hai1="134,4,47,84,89,27,14,63,122,24,28,135,85" hai2="81,75,126,118,56,80,127,74,112,104,5,40,91" hai3="32,60,73,133,25,97,59,115,76,11,65,128,100"/><V130/><F5/><W41/><G133/><T69/><D36/><U110/><E122/><V35/><F35/><W98/><G128/><T66/><D31/><U114/><E63/><V18/><F40/><W109/><G98/><T1/><D1/><U105/><E105/><V87/><F18/><W42/><G109/><T129/><D129/><U92/><E114/><V45/><F45/><W55/><G11/><T90/><D50/><U39/><E110/><V94/><F56/><W93/><G115/><T46/><D46/><U120/><E120/><V29/><F29/><W33/><G33/><T13/><D99/><U16/><E39/><V71/><F71/><N who="0" m="27210" /><D101/><U48/><E84/><V8/><F8/><W103/><G103/><T2/><D2/><U131/><E131/><V49/><F49/><W3/><G3/><T15/><D10/><U102/><E102/><V7/><F7/><W9/><G9/><T113/><D113/><U54/><E4/><V86/><F112/><W38/><G38/><T43/><D43/><U61/><E61/><V22/><F22/><W26/><G65/><T70/><N who="0" m="27218" /><T0/><DORA hai="34" /><D0/><U23/><REACH who="1" step="1"/><E28/><REACH who="1" ten="217,207,257,309" step="2"/><V111/><F130/><W44/><G73/><N who="2" m="27657" /><F111/><W106/><G60/><T6/><D6/><U62/><E62/><V30/><F30/><W121/><G32/><T17/><D17/><U125/><E125/><N who="2" m="47627" /><F104/><W77/><G106/><T95/><D95/><U37/><E37/><V119/><F94/><W124/><G93/><T107/><D107/><U19/><E19/><V117/><F119/><W108/><G124/><T21/><D21/><RYUUKYOKU ba="0,1" sc="217,10,207,10,257,10,309,-30" hai0="12,13,15,64,66,67,82,83,88,90" hai1="14,16,23,24,27,47,48,54,85,89,92,134,135" hai2="80,81,86,87,91,117,118" /><INIT seed="6,1,1,5,2,128" ten="227,217,267,279" oya="2" hai0="84,66,45,52,46,113,121,86,125,44,127,6,36" hai1="87,124,110,106,100,126,111,47,48,39,20,53,15" hai2="17,38,104,63,35,98,116,108,101,83,62,132,26" hai3="73,8,81,16,134,92,33,3,117,123,107,122,82"/><V61/><F116/><W23/><G33/><T22/><D121/><U130/><E130/><V99/><F38/><W65/><G107/><T135/><D36/><U0/><E0/><V11/><F99/><W74/><G65/><T1/><D66/><U118/><E118/><V97/><F98/><W31/><G31/><T64/><D64/><U18/><E39/><V68/><F108/><W105/><G105/><T129/><D129/><U76/><E100/><V13/><F83/><W109/><G117/><T27/><D113/><U71/><E71/><V4/><F68/><W19/><G23/><T88/><D86/><U69/><E106/><V96/><F97/><W58/><G58/><T59/><D6/><U90/><E76/><V77/><F77/><W79/><G79/><T51/><D1/><U131/><E131/><V9/><F35/><W119/><G119/><T10/><D10/><U40/><E40/><V91/><F91/><W115/><G3/><T7/><D7/><U43/><E43/><V37/><F37/><W78/><G78/><T133/><D22/><U94/><REACH who="1" step="1"/><E69/><REACH who="1" ten="227,207,267,279" step="2"/><V80/><F11/><W41/><G41/><T50/><D50/><U30/><E30/><V21/><F104/><W120/><G8/><T89/><D89/><U12/><E12/><V93/><F4/><W70/><G70/><T32/><D32/><U112/><E112/><V60/><N who="2" m="15360" /><DORA hai="29" /><V34/><F34/><W2/><G2/><T95/><D27/><U28/><E28/><V102/><F26/><W25/><G115/><T42/><D42/><U14/><E14/><V75/><F13/><RYUUKYOKU ba="1,2" sc="227,15,207,15,267,-15,279,-15" hai0="44,45,46,51,52,59,84,88,95,125,127,133,135" hai1="15,18,20,47,48,53,87,90,94,110,111,124,126" /><INIT seed="7,2,2,1,4,21" ten="242,222,252,264" oya="3" hai0="94,22,9,67,6,56,59,90,50,34,1,125,63" hai1="14,96,117,114,88,129,121,40,119,43,16,128,132" hai2="0,120,71,92,69,60,126,51,30,107,118,29,17" hai3="37,32,35,109,39,99,5,135,68,24,98,78,62"/><W73/><G73/><T74/><D74/><U7/><E114/><V82/><F92/><W89/><G78/><T124/><D34/><U75/><E132/><V8/><F51/><W91/><G135/><T65/><D22/><U81/><E75/><V53/><F107/><W18/><G5/><T49/><D67/><U108/><E108/><V103/><F103/><W111/><G18/><T66/><D66/><U23/><E7/><V100/><F100/><W10/><G10/><T41/><D41/><U25/><E14/><V52/><F126/><N who="0" m="48746" /><D56/><U101/><E121/><V64/><F71/><W33/><G33/><T3/><D3/><U4/><E4/><V31/><F0/><W112/><G62/><T36/><D36/><U106/><E88/><V44/><F69/><W83/><G83/><T77/><D77/><U104/><E81/><V13/><F82/><W86/><G86/><AGARI ba="2,2" hai="1,6,9,49,50,59,63,65,86,90,94" m="48746" machi="86" ten="30,1000,0" yaku="18,1" doraHai="21" who="0" fromWho="3" sc="242,36,222,0,252,0,264,-16" /><INIT seed="8,0,0,2,0,84" ten="278,222,252,248" oya="0" hai0="91,115,1,126,17,14,63,99,116,67,34,4,35" hai1="45,86,56,16,72,6,89,30,129,0,57,24,123" hai2="19,2,20,93,70,8,54,97,120,95,27,94,58" hai3="21,3,68,69,80,5,135,82,52,26,117,131,100"/><T88/><D116/><U112/><E123/><V119/><F70/><W22/><G117/><T48/><D115/><U50/><E72/><V51/><F119/><W75/><G3/><T108/><D1/><U11/><E129/><V77/><F120/><W110/><G110/><T109/><D4/><U133/><E133/><V122/><F122/><W49/><G5/><T31/><D126/><U74/><E74/><V65/><F65/><W44/><G131/><T111/><D48/><U83/><E112/><V62/><F77/><W101/><G135/><T114/><D114/><U32/><REACH who="1" step="1"/><E16/><REACH who="1" ten="278,212,252,248" step="2"/><V53/><F2/><W7/><G7/><T102/><D31/><U85/><E85/><V104/><F19/><N who="3" m="12607" /><G75/><T127/><D127/><U60/><E60/><V96/><F62/><W71/><G71/><N who="0" m="42495" /><D34/><U12/><E12/><V13/><F13/><W132/><G69/><T98/><D35/><U37/><E37/><V25/><F51/><W73/><G73/><T78/><D78/><U87/><E87/><V41/><F27/><W79/><G68/><T33/><D33/><U61/><E61/><V113/><F113/><W107/><G79/><T47/><D99/><U40/><AGARI ba="0,1" hai="0,6,11,24,30,32,40,45,50,56,57,83,86,89" machi="40" ten="20,8000,1" yaku="1,1,0,1,7,1,52,1,53,1" doraHai="84" doraHaiUra="81" who="1" fromWho="1" sc="278,-40,212,90,252,-20,248,-20" owari="238,3.8,302,40.2,232,-16.8,228,-27.2" /></mjloggm>