<mjloggm ver="2.3"><GO type="41" lobby="0"/><UN n0="%E8%96%AF%E7%89%87%E7%8C%AB" n1="%E4%BA%9E%E3%83%B1%E5%B1%A1%E4%BC%BD%E6%8B%8F" n2="%E2%93%9D%4C%75%63%6B%79%4A" n3="%E2%98%85%E7%AB%9C%E8%99%8E%E2%98%85" dan="15,14,18,14" rate="2001.89,1959.34,2200.73,1934.61" sx="M,M,M,M"/><TAIKYOKU oya="0"/><INIT seed="0,0,0,3,0,115" ten="250,250,250,250" oya="0" hai0="135,129,90,66,18,121,132,96,123,130,69,131,124" hai1="22,60,113,105,34,59,134,43,54,37,63,3,94" hai2="46,119,15,41,114,122,111,36,106,16,33,8,7" hai3="19,79,47,58,99,91,62,112,133,55,27,68,108"/><T87/><D69/><U42/><E105/><V89/><F114/><W126/><G112/><T104/><D66/><U102/><E34/><V48/><F122/><N who="0" m="46602" /><D18/><U128/><E3/><V44/><F106/><W127/><G68/><T74/><D74/><U2/><E2/><V4/><F111/><W67/><G108/><T84/><D124/><U9/><E134/><N who="0" m="51241" /><D90/><U101/><E128/><V11/><F33/><W100/><G133/><T20/><D20/><U52/><E113/><V118/><F89/><W82/><G91/><T13/><D13/><U25/><E9/><V77/><F77/><W61/><G127/><T21/><D21/><U6/><E6/><V125/><F125/><W12/><G27/><T92/><D92/><U17/><E37/><V117/><F11/><W110/><G110/><T95/><D95/><U23/><E94/><V83/><F83/><W53/><G19/><T24/><D24/><U109/><E109/><V78/><F78/><W86/><G12/><T14/><D14/><U88/><E25/><V49/><F36/><W5/><G5/><T97/><D97/><U56/><E17/><V32/><F32/><W28/><G79/><T75/><D75/><U1/><E1/><V98/><F98/><W38/><G82/><T70/><D70/><U40/><E40/><AGARI ba="0,0" hai="4,7,8,15,16,40,41,44,46,48,49,117,118,119" machi="40" ten="40,12000,2" yaku="9,1,12,1,52,3,54,1" doraHai="115" who="2" fromWho="1" sc="250,0,250,-120,250,120,250,0" /><INIT seed="1,0,0,1,4,120" ten="250,130,370,250" oya="1" hai0="117,81,9,30,129,61,125,3,98,5,17,48,87" hai1="4,68,15,108,6,7,69,93,110,34,109,77,29" hai2="72,124,22,128,32,0,56,89,134,21,19,33,51" hai3="94,47,43,1,8,111,71,131,126,13,36,79,12"/><U58/><E77/><V91/><F0/><W55/><G71/><N who="1" m="27210" /><E58/><V39/><F39/><W78/><G1/><T130/><D117/><U114/><E114/><V82/><F128/><W20/><G131/><N who="0" m="50187" /><D30/><U88/><E34/><V40/><F124/><W86/><G20/><T42/><D125/><U103/><E29/><V37/><F37/><W83/><G13/><T121/><D121/><U133/><E103/><V63/><F72/><W44/><G79/><T67/><D98/><N who="1" m="57639" /><E133/><V105/><F134/><W73/><G126/><T70/><D17/><U52/><E52/><V116/><F19/><W45/><G55/><T59/><D59/><U122/><E122/><V127/><F56/><W25/><G36/><T54/><D54/><U107/><E107/><V115/><F105/><W95/><G43/><T85/><D81/><U102/><E102/><V53/><F53/><W66/><G73/><T84/><D84/><U112/><E112/><V11/><F115/><W24/><G94/><T135/><D135/><U76/><E76/><V2/><F127/><W101/><G95/><T14/><D3/><U99/><E99/><V132/><F2/><W74/><G101/><T38/><D38/><U10/><AGARI ba="0,0" hai="4,6,7,10,15,108,109,110" m="57639,27210" machi="10" ten="40,18000,2" yaku="14,1,10,1,52,3,54,1" doraHai="120" who="1" fromWho="1" sc="250,-60,130,180,370,-60,250,-60" /><INIT seed="1,1,0,4,4,30" ten="190,310,310,190" oya="1" hai0="120,113,70,65,34,96,58,23,82,93,121,72,100" hai1="94,57,12,101,123,64,117,91,106,97,135,92,53" hai2="14,95,21,18,119,42,40,4,78,103,105,54,79" hai3="85,52,20,35,108,68,81,45,29,0,2,22,77"/><U26/><E117/><V48/><F119/><W38/><G108/><T50/><D113/><U55/><E123/><V124/><F105/><W75/><G68/><T36/><D36/><U131/><E131/><V110/><F4/><W59/><G75/><T39/><D39/><U69/><E135/><V10/><F124/><W5/><G5/><T114/><D114/><U31/><E69/><V66/><F66/><W43/><G22/><T24/><D70/><U98/><E106/><V122/><F122/><W49/><REACH who="3" step="1"/><G20/><REACH who="3" ten="190,310,310,180" step="2"/><T51/><D23/><N who="1" m="15839" /><E12/><V107/><F14/><W129/><G129/><T90/><D72/><U112/><E112/><V9/><F21/><W15/><G15/><T132/><D120/><U8/><E8/><V134/><F10/><W41/><G41/><T80/><D121/><U33/><E33/><V37/><F42/><W46/><G46/><T116/><D116/><U84/><E97/><V19/><F9/><W89/><G89/><T76/><D90/><U109/><E109/><V102/><F110/><W128/><G128/><T118/><D118/><U111/><E111/><V32/><F32/><W63/><G63/><AGARI ba="1,1" hai="53,55,57,63,64,84,91,92,94,98,101" m="15839" machi="63" ten="30,2900,0" yaku="25,1,8,1" doraHai="30" who="1" fromWho="3" sc="190,0,310,42,310,0,180,-32" /><INIT seed="1,2,0,3,2,44" ten="190,352,310,148" oya="1" hai0="87,67,122,129,60,1,114,46,82,55,123,13,4" hai1="83,93,121,133,8,95,81,119,22,9,78,52,62" hai2="127,79,88,50,65,106,38,23,102,29,39,69,63" hai3="111,30,26,110,14,105,71,77,36,25,40,109,80"/><U12/><E119/><V15/><F79/><W31/><G71/><T91/><D114/><U118/><E118/><V24/><F127/><W90/><G105/><T57/><D129/><U32/><E32/><V47/><F15/><W27/><G90/><T124/><D124/><U108/><E133/><V120/><F120/><N who="0" m="46122" /><D1/><U33/><E33/><V115/><F115/><W76/><G14/><T130/><D130/><U101/><E121/><V104/><F102/><W58/><G58/><T19/><D4/><U64/><E108/><V72/><F72/><W66/><G66/><T18/><D13/><U86/><E101/><V59/><F69/><W100/><G100/><T112/><D112/><U6/><E9/><V35/><F35/><W10/><G10/><T54/><D54/><U116/><E116/><V53/><REACH who="2" step="1"/><F88/><REACH who="2" ten="190,352,300,148" step="2"/><W134/><G134/><T85/><D85/><U73/><E73/><V68/><F68/><W132/><G132/><T20/><D20/><U43/><E81/><V103/><F103/><W7/><G80/><T107/><D107/><AGARI ba="2,1" hai="23,24,29,38,39,47,50,53,59,63,65,104,106,107" machi="107" ten="40,2600,0" yaku="1,1,52,1,53,0" doraHai="44" doraHaiUra="96" who="2" fromWho="0" sc="190,-32,352,0,300,42,148,0" /><INIT seed="2,0,0,0,4,95" ten="158,352,342,148" oya="2" hai0="82,120,22,89,128,44,83,45,94,119,113,39,1" hai1="101,130,84,0,88,55,132,114,116,76,56,133,75" hai2="37,70,71,97,13,17,66,123,58,103,36,57,106" hai3="64,78,24,21,79,48,26,11,53,65,40,34,121"/><V54/><F123/><W32/><G121/><T90/><D120/><U47/><E0/><V61/><F71/><W4/><G40/><T46/><D113/><U9/><E116/><V100/><F103/><W87/><G34/><T127/><D39/><U124/><E114/><V74/><F74/><W14/><G32/><T3/><D119/><U91/><E9/><V52/><F70/><W12/><G12/><T104/><D104/><U109/><E47/><V112/><F112/><W77/><G87/><T73/><D127/><U92/><E124/><V111/><F111/><W5/><G24/><T63/><D128/><U38/><E38/><V10/><REACH who="2" step="1"/><F66/><REACH who="2" ten="158,352,332,148" step="2"/><W107/><G65/><T27/><D73/><U16/><E109/><V30/><F30/><W28/><G64/><T15/><D63/><AGARI ba="0,1" hai="10,13,17,36,37,52,54,57,58,61,63,97,100,106" machi="63" ten="30,12000,1" yaku="1,1,7,1,9,1,52,1,54,1,53,0" doraHai="95" doraHaiUra="33" who="2" fromWho="0" sc="158,-120,352,0,332,130,148,0" /><INIT seed="2,1,0,3,2,94" ten="38,352,462,148" oya="2" hai0="0,104,6,107,30,43,87,71,62,109,44,33,111" hai1="89,61,19,59,41,101,14,112,118,84,74,60,93" hai2="67,22,85,68,35,72,108,58,7,23,32,17,77" hai3="31,57,96,90,52,73,99,124,53,113,63,3,51"/><V66/><F68/><W65/><G3/><T95/><D30/><U64/><E74/><V54/><F72/><W80/><G124/><T123/><D33/><U5/><E112/><V28/><F7/><W34/><G113/><T12/><D0/><U20/><E118/><V78/><F108/><W45/><G34/><T15/><D123/><U115/><E115/><V37/><F37/><W56/><G31/><T120/><D120/><U8/><E41/><V97/><F85/><N who="3" m="50471" /><G73/><T127/><D127/><U38/><E38/><V16/><F28/><W69/><G69/><T48/><D104/><U4/><E101/><V134/><F54/><W117/><G117/><T11/><D107/><U27/><REACH who="1" step="1"/><E60/><AGARI ba="1,0" hai="45,51,52,53,56,57,60,63,65,96,99" m="50471" machi="60" ten="30,7700,0" yaku="8,1,52,2,54,1" doraHai="94" who="3" fromWho="1" sc="38,0,352,-80,462,0,148,80" /><INIT seed="3,0,0,3,4,129" ten="38,272,462,228" oya="3" hai0="25,61,83,34,128,80,130,107,123,46,44,76,68" hai1="89,94,3,16,121,125,72,127,91,10,53,19,14" hai2="93,20,87,8,126,31,30,49,101,115,116,39,15" hai3="24,120,67,40,135,95,23,13,84,132,100,122,82"/><W118/><G118/><T5/><D123/><U134/><E121/><V77/><F39/><W35/><G35/><T45/><D107/><U131/><E72/><V54/><F115/><W42/><G120/><T62/><D5/><U47/><E131/><N who="0" m="50217" /><D68/><U56/><E3/><V38/><F38/><W55/><G67/><T58/><D58/><U1/><E1/><V59/><F126/><N who="1" m="48137" /><E47/><N who="0" m="12033" /><T27/><DORA hai="57" /><D34/><U29/><E29/><V98/><F116/><W22/><G55/><T97/><D97/><N who="1" m="57551" /><E91/><V41/><F41/><W60/><G122/><T43/><D43/><U36/><E36/><V63/><F49/><W133/><G60/><N who="0" m="23147" /><D83/><U65/><E65/><V90/><F90/><W86/><G42/><T9/><D9/><U88/><E88/><V17/><REACH who="2" step="1"/><F8/><REACH who="2" ten="38,272,452,228" step="2"/><W79/><G40/><T48/><D48/><N who="1" m="30759" /><E10/><V112/><F112/><W28/><G79/><T69/><D69/><U71/><E71/><V103/><F103/><W105/><G82/><AGARI ba="0,1" hai="15,17,20,30,31,54,59,63,77,82,87,93,98,101" machi="82" ten="40,8000,1" yaku="1,1,8,1,52,1,53,1" doraHai="129,57" doraHaiUra="7,51" who="2" fromWho="3" sc="38,0,272,0,452,90,228,-80" /><INIT seed="4,0,0,4,3,99" ten="38,272,542,148" oya="0" hai0="107,123,27,97,76,28,41,106,29,105,50,6,82" hai1="13,24,78,2,35,110,64,70,11,127,19,120,93" hai2="40,33,62,34,134,92,71,100,48,77,90,126,86" hai3="101,44,116,67,72,122,117,60,15,87,84,54,0"/><T83/><D123/><U113/><E110/><V42/><F77/><W30/><G72/><T8/><D41/><U119/><E78/><V133/><F126/><W16/><G0/><T38/><D38/><U75/><E75/><V102/><F62/><W32/><G122/><T12/><D50/><U55/><E64/><V88/><F71/><W26/><G44/><T14/><D14/><U1/><E70/><V7/><F7/><W115/><G54/><T68/><D68/><U37/><E37/><V109/><F109/><W18/><G18/><T46/><D46/><U31/><E93/><V53/><F53/><W56/><G115/><T66/><D66/><U3/><E55/><V131/><F131/><W61/><G60/><T63/><D63/><U10/><E119/><V65/><F65/><W94/><G87/><T114/><D114/><U112/><E120/><V103/><F90/><W45/><G45/><T20/><D29/><U36/><E36/><V43/><REACH who="2" step="1"/><F48/><REACH who="2" ten="38,272,532,148" step="2"/><W89/><REACH who="3" step="1"/><G101/><REACH who="3" ten="38,272,532,138" step="2"/><T104/><REACH who="0" step="1"/><D76/><REACH who="0" ten="28,272,532,138" step="2"/><U59/><E127/><V51/><F51/><W85/><G85/><T130/><D130/><U128/><E128/><V5/><F5/><W135/><G135/><AGARI ba="0,3" hai="33,34,40,42,43,86,88,92,100,102,103,133,134,135" machi="135" ten="50,12000,2" yaku="1,1,20,1,52,3,54,1,53,1" doraHai="99" doraHaiUra="81" who="2" fromWho="3" sc="28,0,272,0,532,150,138,-120" /><INIT seed="5,0,0,1,1,0" ten="28,272,682,18" oya="1" hai0="53,93,61,73,67,40,29,74,83,30,94,125,115" hai1="100,21,47,6,69,50,98,25,82,51,64,132,76" hai2="38,114,97,110,75,1,34,111,92,104,57,44,99" hai3="72,117,128,71,89,33,45,58,15,108,3,81,116"/><U17/><E132/><V13/><F1/><W11/><G3/><T91/><D115/><U12/><E69/><V70/><F34/><W54/><G33/><T65/><D125/><U49/><E64/><V121/><F57/><W105/><G71/><T32/><D40/><U66/><E66/><V80/><F13/><W134/><G105/><T31/><D32/><U87/><E25/><V39/><F44/><W113/><G72/><T48/><D74/><U5/><REACH who="1" step="1"/><E47/><REACH who="1" ten="28,262,682,18" step="2"/><V27/><F27/><W96/><G134/><T24/><D24/><U4/><E4/><V52/><F70/><W19/><G45/><T86/><D65/><U22/><E22/><V90/><F75/><W8/><G117/><T7/><D7/><U9/><E9/><V131/><F111/><W60/><G8/><T62/><D67/><U84/><E84/><V123/><F110/><W109/><G116/><T118/><D73/><U88/><E88/><V2/><F90/><W43/><G109/><T120/><D118/><U18/><E18/><V127/><F123/><W79/><G108/><T23/><D23/><U63/><E63/><N who="0" m="24073" /><D120/><U41/><E41/><V133/><F121/><W28/><G60/><T124/><D124/><U26/><E26/><V112/><F127/><W55/><G43/><T95/><D31/><U35/><E35/><V14/><F133/><W122/><G28/><T68/><D68/><U102/><E102/><V36/><F114/><W103/><G122/><T56/><AGARI ba="0,1" hai="29,30,48,53,56,83,86,91,93,94,95" m="24073" machi="56" ten="30,1100,0" yaku="8,1" doraHai="0" who="0" fromWho="0" sc="28,21,262,-5,682,-3,18,-3" /><INIT seed="6,0,0,2,0,30" ten="49,257,679,15" oya="2" hai0="73,29,78,50,70,104,131,2,127,111,12,120,67" hai1="96,34,86,74,93,38,134,91,133,123,119,88,135" hai2="51,132,81,128,82,117,25,75,89,21,122,52,84" hai3="7,32,94,130,102,6,65,71,61,114,0,17,107"/><V129/><F122/><W87/><G107/><T116/><RYUUKYOKU type="yao9" ba="0,0" sc="49,0,257,0,679,0,15,0" hai0="2,12,29,50,67,70,73,78,104,111,116,120,127,131" /><INIT seed="6,1,0,4,4,73" ten="49,257,679,15" oya="2" hai0="111,82,11,86,117,121,32,13,72,122,9,34,16" hai1="129,104,124,135,113,50,85,93,114,0,15,108,64" hai2="21,123,45,118,43,132,116,81,41,28,130,126,48" hai3="67,33,49,87,128,10,60,79,36,119,102,51,96"/><V17/><F123/><W53/><G119/><T27/><D111/><U55/><E15/><V75/><F28/><W105/><G36/><T99/><D72/><U63/><E85/><V20/><F130/><W59/><G33/><T110/><D110/><U62/><E93/><V92/><F132/><W70/><G128/><T23/><D117/><U6/><E104/><V106/><F126/><W133/><G133/><T71/><D71/><N who="1" m="42391" /><E6/><V58/><F43/><W44/><G10/><T68/><D68/><U74/><E0/><V31/><F106/><W22/><G22/><T37/><D37/><U97/><E97/><V4/><F4/><W69/><REACH who="3" step="1"/><G49/><REACH who="3" ten="49,257,679,5" step="2"/><T131/><D131/><U95/><E129/><V46/><F21/><W26/><G26/><T25/><D121/><U7/><E50/><V12/><F48/><W101/><G101/><T134/><D122/><U18/><E135/><V91/><F118/><W80/><AGARI ba="1,1" hai="44,51,53,59,60,67,69,70,79,80,87,96,102,105" machi="80" ten="30,4000,0" yaku="1,1,0,1,52,1,53,0" doraHai="73" doraHaiUra="8" who="3" fromWho="3" sc="49,-11,257,-11,679,-21,5,53" /><INIT seed="7,0,0,0,2,81" ten="38,246,658,58" oya="3" hai0="94,90,16,112,66,72,55,87,115,20,3,2,22" hai1="34,9,95,108,118,121,31,130,122,1,86,92,80" hai2="21,126,98,61,135,58,33,89,76,129,79,97,49" hai3="132,96,82,102,17,56,74,77,57,41,100,101,119"/><W110/><G119/><T39/><D72/><U18/><E118/><V64/><F33/><W114/><G114/><N who="0" m="43563" /><D39/><U51/><E108/><V13/><F129/><W120/><G120/><T54/><D66/><U109/><E109/><V43/><F126/><W69/><G110/><T111/><D111/><U7/><E130/><V73/><F89/><W24/><G69/><T67/><D67/><U37/><E37/><V68/><F135/><W38/><G132/><T29/><D29/><U65/><E65/><V5/><F5/><W42/><G96/><T30/><D30/><U27/><E51/><V15/><F73/><W107/><G107/><T48/><D22/><U105/><E105/><V47/><F68/><W78/><G78/><N who="2" m="29737" /><F21/><W32/><G38/><T12/><D54/><U19/><E95/><V45/><F47/><AGARI ba="0,0" hai="2,3,12,16,20,47,48,55,87,90,94" m="43563" machi="47" ten="30,7700,0" yaku="15,1,11,1,52,1,54,1" doraHai="81" who="0" fromWho="2" sc="38,77,246,0,658,-77,58,0" owari="115,-28.5,246,4.6,581,68.1,58,-44.2" /></mjloggm>