<mjloggm ver="2.3"><GO type="41" lobby="0"/><UN n0="%E2%93%9D%4C%75%63%6B%79%4A" n1="%E3%81%AB%E3%82%83%E3%81%AB%E3%82%83%E3%81%AB%E3%82%83%EF%BC%81" n2="%E6%A3%97%E8%8B%97" n3="%E3%81%8D%E3%81%AE%6B" dan="17,14,13,13" rate="2140.46,1874.98,1951.50,1938.86" sx="M,M,M,M"/><TAIKYOKU oya="0"/><INIT seed="0,0,0,1,1,29" ten="250,250,250,250" oya="0" hai0="69,121,120,23,82,129,63,117,66,108,71,19,94" hai1="39,10,111,96,61,97,92,4,126,119,98,112,123" hai2="52,68,45,42,110,99,80,11,38,20,73,49,116" hai3="53,102,67,105,132,40,122,21,27,13,8,90,1"/><T124/><D117/><U106/><E123/><V47/><F68/><W0/><G122/><T75/><D71/><U2/><E106/><V100/><F110/><W109/><G109/><T9/><D108/><U64/><E39/><V16/><F116/><W95/><G132/><T85/><D75/><U33/><E111/><V128/><F128/><W89/><G40/><T72/><D72/><U6/><E6/><V24/><F11/><W91/><G105/><T5/><D94/><U79/><E79/><V18/><F73/><W48/><G67/><T78/><D124/><U25/><E126/><V12/><F80/><W133/><G133/><T43/><D43/><U127/><E127/><V17/><REACH who="2" step="1"/><F12/><REACH who="2" ten="250,250,240,250" step="2"/><W83/><G8/><T87/><D129/><U51/><E51/><V77/><F77/><W3/><G13/><T57/><D69/><U22/><E119/><V34/><F34/><W84/><G83/><T36/><D121/><U86/><E33/><V113/><F113/><W107/><G0/><T103/><D120/><U115/><E112/><V7/><F7/><W101/><G1/><T62/><D5/><U41/><E115/><V35/><F35/><W118/><G3/><T30/><D82/><U130/><E130/><V15/><F15/><W58/><G118/><T135/><D78/><U60/><E2/><V59/><F59/><W70/><G70/><T50/><D57/><U93/><E4/><V104/><AGARI ba="0,1" hai="16,17,18,20,24,38,42,45,47,49,52,99,100,104" machi="104" ten="20,8000,1" yaku="1,1,0,1,7,1,54,2,53,0" doraHai="29" doraHaiUra="32" who="2" fromWho="2" sc="250,-40,250,-20,240,90,250,-20" /><INIT seed="1,0,0,0,1,17" ten="210,230,330,230" oya="1" hai0="52,93,102,55,103,34,109,81,25,14,135,11,29" hai1="22,121,12,82,85,8,16,92,30,59,57,31,15" hai2="110,107,106,97,123,0,76,131,53,86,4,91,75" hai3="101,125,117,26,100,74,32,68,70,65,18,37,87"/><U129/><E129/><V48/><F123/><W62/><G74/><T133/><D81/><U63/><E121/><V33/><F33/><W94/><G37/><T77/><D77/><U2/><E2/><V36/><F36/><W44/><G70/><T98/><D103/><U99/><E85/><V96/><F131/><W108/><G108/><T10/><D11/><U19/><E82/><V72/><F4/><W64/><G64/><T60/><D109/><U49/><E49/><V114/><F0/><W13/><G125/><T124/><D124/><U78/><E78/><V9/><F110/><W47/><G117/><T45/><D45/><U132/><E132/><N who="0" m="50761" /><D60/><U41/><E41/><V88/><F9/><W90/><G44/><T84/><D84/><U50/><E50/><V69/><F48/><W126/><G47/><T95/><D95/><U73/><E73/><V40/><F40/><W27/><G126/><T83/><D83/><U46/><E46/><V134/><F76/><W54/><G54/><T5/><AGARI ba="0,0" hai="5,10,14,25,29,34,52,55,93,98,102" m="50761" machi="5" ten="30,2000,0" yaku="20,1,54,1" doraHai="17" who="0" fromWho="0" sc="210,20,230,-10,330,-5,230,-5" /><INIT seed="2,0,0,0,3,95" ten="230,220,325,225" oya="2" hai0="18,124,91,15,86,9,88,80,14,125,110,119,39" hai1="44,69,84,7,55,59,103,85,112,89,60,134,57" hai2="94,130,19,0,71,116,67,65,20,48,128,83,129" hai3="38,47,61,121,120,34,99,22,127,4,101,122,42"/><V102/><F116/><W79/><G34/><T115/><D115/><U106/><E134/><V33/><F0/><W17/><G127/><T132/><D39/><U64/><E112/><V76/><F33/><W98/><G4/><T16/><D119/><U5/><E69/><V27/><F48/><W114/><G114/><T62/><D110/><U25/><E44/><V41/><F41/><W107/><G79/><T117/><D117/><U75/><E75/><V10/><F10/><W2/><G2/><T12/><D132/><U70/><E70/><V35/><F35/><W1/><G1/><T96/><D62/><U43/><E43/><V6/><F6/><W108/><G108/><T92/><REACH who="0" step="1"/><D15/><REACH who="0" ten="220,220,325,225" step="2"/><U51/><E60/><V52/><F71/><W3/><G3/><T45/><D45/><U78/><E59/><V36/><F36/><W37/><G37/><T93/><D93/><U68/><E57/><V24/><F94/><W126/><G61/><T31/><D31/><U40/><E68/><V54/><F128/><W109/><G109/><T49/><D49/><U105/><E51/><V23/><F129/><W81/><G122/><T53/><D53/><N who="2" m="20586" /><F130/><W32/><G121/><T123/><D123/><U29/><E55/><V11/><F67/><W50/><G38/><T28/><D28/><U30/><E64/><V87/><F65/><W74/><G47/><T26/><D26/><U73/><E40/><V63/><F63/><W135/><G50/><T118/><D118/><U90/><E25/><V104/><F24/><W58/><G42/><T131/><D131/><U97/><E106/><RYUUKYOKU ba="0,1" sc="220,30,220,-10,325,-10,225,-10" hai0="9,12,14,16,18,80,86,88,91,92,96,124,125" /><INIT seed="3,1,1,3,1,95" ten="250,210,315,215" oya="3" hai0="128,50,76,133,28,104,27,25,86,79,40,112,59" hai1="20,80,51,114,75,74,91,72,39,97,67,132,53" hai2="118,18,11,98,12,34,101,47,106,68,45,56,4" hai3="55,35,78,9,23,83,19,135,33,88,41,126,0"/><W54/><G126/><T29/><D104/><U92/><E39/><V17/><F68/><W71/><G71/><T3/><D3/><U94/><E114/><V16/><F34/><W85/><G135/><T6/><D6/><U117/><E132/><V81/><F118/><W116/><G41/><T43/><D133/><U7/><E117/><V73/><REACH who="2" step="1"/><F56/><REACH who="2" ten="250,210,305,215" step="2"/><W113/><G116/><T127/><D59/><U13/><E74/><V64/><F64/><W87/><G113/><T5/><D112/><U31/><E67/><V96/><F96/><W58/><G33/><T134/><D134/><U1/><E53/><V48/><F48/><W120/><G35/><T22/><D50/><U123/><E51/><V46/><F46/><W70/><G70/><T124/><D127/><U66/><E72/><V89/><F89/><W30/><G58/><T49/><D49/><U108/><E66/><V63/><F63/><W122/><G122/><T125/><D125/><U38/><E75/><V36/><F36/><W2/><G120/><T110/><D124/><U111/><E38/><V8/><F8/><W42/><G42/><T69/><D43/><U109/><E123/><V77/><AGARI ba="1,2" hai="4,11,12,16,17,18,45,47,73,77,81,98,101,106" machi="77" ten="30,7900,0" yaku="1,1,0,1,52,1,54,1,53,0" doraHai="95" doraHaiUra="131" who="2" fromWho="2" sc="250,-21,210,-21,305,102,215,-40" /><INIT seed="4,0,0,4,5,106" ten="229,189,407,175" oya="0" hai0="11,34,125,131,69,133,38,1,17,48,100,55,114" hai1="135,107,7,120,118,35,61,29,15,49,50,46,28" hai2="110,54,52,96,41,23,47,81,109,39,4,22,119" hai3="33,12,87,75,31,130,40,43,88,93,63,21,25"/><T42/><D34/><U97/><E118/><V32/><F32/><W124/><G124/><T20/><D69/><U53/><E120/><V113/><F113/><W132/><G132/><T2/><D38/><U115/><E135/><V18/><F4/><W77/><G130/><T44/><D133/><U24/><E107/><V123/><F123/><W95/><G95/><T14/><D125/><U9/><E115/><V84/><F96/><W71/><G33/><T13/><D114/><U76/><E29/><V16/><F119/><W51/><G51/><T65/><D65/><U134/><E76/><V121/><F121/><W117/><G117/><T128/><D100/><U0/><E97/><V57/><F22/><W26/><G26/><T62/><D62/><U116/><E61/><V56/><F23/><W45/><G45/><T6/><REACH who="0" step="1"/><D42/><REACH who="0" ten="219,189,407,175" step="2"/><U112/><E112/><V85/><F39/><W67/><G43/><T3/><AGARI ba="0,1" hai="1,2,3,6,11,13,14,17,20,44,48,55,128,131" machi="3" ten="40,7800,0" yaku="1,1,2,1,0,1,53,0" doraHai="106" doraHaiUra="103" who="0" fromWho="0" sc="219,88,189,-26,407,-26,175,-26" /><INIT seed="4,1,0,2,0,39" ten="307,163,381,149" oya="0" hai0="111,106,71,65,48,61,43,40,105,52,131,66,73" hai1="94,8,114,132,91,110,11,134,130,51,72,13,108" hai2="90,104,26,28,14,44,117,30,98,118,25,1,47" hai3="2,74,125,24,87,76,59,133,34,102,62,78,10"/><T41/><D73/><U97/><E72/><V135/><F1/><W82/><G125/><T103/><D111/><U56/><E130/><V84/><F14/><W60/><G133/><N who="1" m="51306" /><E114/><V96/><F135/><W20/><G34/><T109/><D109/><N who="1" m="42091" /><E13/><V79/><F79/><W33/><G33/><T121/><D121/><U122/><E122/><V31/><F104/><W21/><G21/><T50/><D131/><U46/><E56/><V35/><F35/><W58/><G58/><N who="0" m="35015" /><D103/><U107/><E107/><V0/><F0/><W5/><G102/><T67/><D106/><U116/><E116/><N who="2" m="44651" /><F84/><W119/><G119/><T17/><D105/><U95/><E95/><N who="2" m="56439" /><F98/><W49/><G76/><T12/><D71/><U54/><AGARI ba="1,0" hai="8,11,46,51,54,91,94,97" m="42091,51306" machi="54" ten="30,1100,0" yaku="20,1" doraHai="39" who="1" fromWho="1" sc="307,-6,163,14,381,-4,149,-4" /><INIT seed="5,0,0,0,1,116" ten="301,177,377,145" oya="1" hai0="51,74,77,23,118,133,95,108,82,85,100,102,38" hai1="101,107,127,13,78,129,3,132,60,105,98,128,120" hai2="73,58,121,44,83,90,119,59,96,34,31,67,27" hai3="49,89,9,65,135,7,93,17,109,5,54,48,50"/><U125/><E3/><V32/><F119/><W130/><G109/><T10/><D38/><U37/><E37/><V110/><F110/><W33/><G33/><T55/><D118/><U14/><E132/><V71/><F34/><W123/><G123/><T86/><D108/><U11/><E78/><V52/><F73/><W21/><G130/><N who="1" m="50282" /><E120/><V43/><F71/><W18/><G65/><T45/><D133/><U39/><E39/><V26/><F26/><W53/><G135/><T0/><D23/><U8/><E107/><V63/><F121/><W134/><G134/><T75/><D75/><U69/><E69/><V114/><F114/><W22/><G9/><N who="1" m="3658" /><E60/><V29/><F29/><W2/><G2/><T16/><D74/><U111/><E111/><V36/><F83/><W40/><G40/><T72/><D72/><U91/><E91/><V112/><F112/><W68/><G68/><T79/><D0/><U113/><E113/><V46/><F90/><W24/><G89/><N who="0" m="53687" /><D79/><U66/><E66/><V104/><F104/><W47/><G93/><T103/><D103/><U25/><E25/><V20/><F36/><W15/><REACH who="3" step="1"/><G47/><REACH who="3" ten="301,177,377,135" step="2"/><T124/><D102/><U42/><E42/><V84/><F43/><W62/><G62/><T6/><D100/><U81/><E81/><V12/><F46/><W28/><G28/><T1/><D1/><U131/><E131/><V64/><F44/><W126/><G126/><AGARI ba="0,1" hai="13,14,98,101,105,125,126,127" m="3658,50282" machi="126" ten="30,2900,0" yaku="18,1,19,1" doraHai="116" who="1" fromWho="3" sc="301,0,177,39,377,0,135,-29" /><INIT seed="5,1,0,0,2,73" ten="301,216,377,106" oya="1" hai0="74,109,22,48,79,112,119,123,34,7,94,116,91" hai1="124,130,111,13,43,68,0,131,55,95,93,54,41" hai2="69,11,51,64,33,84,83,126,108,3,106,85,129" hai3="132,125,27,29,24,100,86,32,4,60,96,105,61"/><U25/><E0/><V102/><F108/><W16/><G125/><T58/><D34/><U6/><E68/><V62/><F33/><W133/><G4/><T82/><D109/><U39/><E111/><V90/><F126/><W71/><G86/><T57/><D112/><U5/><E124/><V53/><F129/><W38/><G38/><T44/><D123/><U14/><E39/><V46/><F102/><W78/><G78/><T42/><D7/><U30/><REACH who="1" step="1"/><E25/><REACH who="1" ten="301,206,377,106" step="2"/><V26/><F26/><W92/><G24/><T65/><D119/><U9/><E9/><V103/><F3/><W134/><G71/><T113/><D116/><U18/><E18/><V72/><F11/><W59/><G16/><T114/><D114/><U89/><E89/><V75/><F90/><W37/><G37/><T99/><D113/><U19/><E19/><V76/><F69/><W17/><G17/><T8/><D8/><U120/><E120/><V15/><F15/><W28/><G28/><AGARI ba="1,1" hai="5,6,13,14,28,30,41,43,54,55,93,95,130,131" machi="28" ten="25,4800,0" yaku="1,1,22,2,53,0" doraHai="73" doraHaiUra="104" who="1" fromWho="3" sc="301,0,206,61,377,0,106,-51" /><INIT seed="5,2,0,4,5,125" ten="301,267,377,55" oya="1" hai0="31,122,75,43,6,9,77,22,81,82,56,132,41" hai1="124,44,107,68,128,87,15,71,38,45,48,60,115" hai2="79,63,80,8,1,97,69,35,19,11,90,117,99" hai3="105,95,2,29,26,64,39,17,86,103,57,93,111"/><U42/><E107/><V30/><F117/><W34/><G39/><T55/><D132/><U4/><E124/><V67/><F1/><W3/><G105/><T121/><D82/><U36/><E115/><V33/><F30/><W65/><G86/><T96/><D96/><U76/><E4/><V134/><F134/><W126/><G126/><T127/><D22/><U21/><E15/><V28/><F28/><W109/><G17/><T133/><D31/><U131/><E21/><V12/><F11/><W37/><G37/><N who="1" m="14442" /><E45/><V73/><F97/><W106/><G106/><T118/><D118/><U7/><E7/><V72/><F72/><W0/><G57/><T47/><D47/><U100/><E100/><V120/><F120/><N who="0" m="46186" /><D133/><U74/><E74/><V92/><AGARI ba="2,0" hai="8,12,19,33,35,63,67,69,73,79,80,90,92,99" machi="92" ten="30,1100,0" yaku="0,1" doraHai="125" who="2" fromWho="2" sc="301,-5,267,-7,377,17,55,-5" /><INIT seed="6,0,0,2,3,115" ten="296,260,394,50" oya="2" hai0="102,128,23,14,113,60,134,34,43,103,132,6,111" hai1="95,24,118,67,82,58,107,44,56,18,57,81,108" hai2="109,116,84,2,127,35,122,105,51,70,131,101,130" hai3="47,19,55,110,49,61,1,133,27,21,38,87,93"/><V99/><RYUUKYOKU type="yao9" ba="0,0" sc="296,0,260,0,394,0,50,0" hai2="2,35,51,70,84,99,101,105,109,116,122,127,130,131" /><INIT seed="6,1,0,1,2,4" ten="296,260,394,50" oya="2" hai0="67,63,58,62,124,99,129,71,122,134,56,113,132" hai1="32,54,128,46,112,14,38,117,105,125,131,100,123" hai2="35,135,43,1,73,133,50,126,78,87,109,3,94" hai3="16,48,75,91,31,77,127,20,64,82,89,116,11"/><V65/><F126/><W5/><G116/><T102/><D122/><U119/><E32/><V33/><F65/><W59/><G127/><T79/><D124/><U36/><E125/><V0/><F73/><W37/><G37/><T107/><D113/><U81/><E112/><V47/><F109/><W80/><G31/><T66/><D79/><U61/><E123/><V93/><F78/><W51/><G82/><T25/><D129/><U21/><E105/><V39/><F39/><BYE who="2" /><W42/><G42/><T45/><D45/><U72/><E100/><V101/><F101/><W103/><G103/><UN n2="%E6%A3%97%E8%8B%97" /><T110/><D110/><U76/><E36/><V118/><F118/><W41/><G41/><T60/><D63/><U70/><E21/><V69/><F69/><W26/><G51/><T57/><REACH who="0" step="1"/><D25/><REACH who="0" ten="286,260,394,50" step="2"/><U74/><E61/><V88/><REACH who="2" step="1"/><F93/><REACH who="2" ten="286,260,384,50" step="2"/><W85/><G75/><T108/><D108/><U130/><E74/><V7/><F7/><W13/><REACH who="3" step="1"/><G48/><REACH who="3" ten="286,260,384,40" step="2"/><T22/><D22/><U95/><E119/><V9/><F9/><W34/><G34/><AGARI ba="1,3" hai="0,1,3,33,34,35,43,47,50,87,88,94,133,135" machi="34" ten="50,4800,0" yaku="1,1,54,1,53,0" doraHai="4" doraHaiUra="55" who="2" fromWho="3" sc="286,0,260,0,384,81,40,-51" owari="286,8.6,260,-14.0,465,56.5,-11,-51.1" /></mjloggm>