<mjloggm ver="2.3"><GO type="41" lobby="0"/><UN n0="%E2%93%9D%4C%75%63%6B%79%4A" n1="%6F%6B%65%72%61%31%30" n2="%43%65%65%65%64%61" n3="%E3%83%99%E3%83%AA%E3%83%B3%E3%83%80" dan="18,13,13,14" rate="2165.22,1856.00,1905.85,1932.43" sx="M,M,M,M"/><TAIKYOKU oya="0"/><INIT seed="0,0,0,1,3,117" ten="250,250,250,250" oya="0" hai0="55,104,45,18,124,76,122,106,84,65,127,50,98" hai1="39,61,121,31,51,0,71,6,2,14,89,41,93" hai2="85,97,26,25,116,125,17,27,77,19,99,92,68" hai3="13,54,22,30,3,33,113,82,90,75,135,130,67"/><T57/><D76/><U101/><E101/><V36/><F125/><N who="0" m="48202" /><D84/><U119/><E119/><V107/><F68/><W24/><G113/><T52/><D18/><U133/><E39/><V129/><F129/><W4/><G67/><T15/><D15/><U58/><E133/><V109/><F109/><W79/><G135/><T81/><D81/><U70/><E31/><V21/><F36/><W9/><G130/><T8/><D8/><U87/><E2/><V43/><F43/><W53/><REACH who="3" step="1"/><G90/><REACH who="3" ten="250,250,250,240" step="2"/><T114/><D114/><U111/><E89/><V60/><F116/><W115/><G115/><T62/><D98/><U34/><E71/><V74/><F99/><W123/><G123/><T69/><D122/><U46/><E70/><V96/><F97/><W16/><AGARI ba="0,1" hai="3,4,9,13,16,22,24,30,33,53,54,75,79,82" machi="16" ten="30,12000,2" yaku="1,1,0,1,24,2,54,1,53,1" doraHai="117" doraHaiUra="32" who="3" fromWho="3" sc="250,-60,250,-30,250,-30,240,130" /><INIT seed="1,0,0,0,5,93" ten="190,220,220,370" oya="1" hai0="7,66,122,98,63,59,89,47,70,52,88,110,30" hai1="3,19,5,20,44,131,91,123,109,69,10,1,105" hai2="117,35,96,78,27,112,61,129,25,111,37,4,118" hai3="104,22,12,29,119,53,94,54,81,120,108,100,31"/><U79/><E123/><V16/><F111/><W115/><G120/><T83/><D122/><U33/><E69/><V107/><F37/><W48/><G115/><T13/><D110/><U43/><E105/><V85/><F112/><W11/><G108/><T90/><D30/><U21/><E33/><V55/><F4/><W8/><G104/><T9/><D47/><U114/><E114/><V32/><F129/><W39/><G39/><T102/><D83/><U103/><E103/><V72/><F72/><W82/><G11/><T40/><D40/><U101/><E101/><V75/><F75/><W135/><G135/><T134/><D134/><U97/><E79/><V125/><F107/><W95/><G95/><N who="0" m="58719" /><D70/><U65/><E65/><AGARI ba="0,0" hai="7,9,13,52,59,63,65,66,88,89,90" m="58719" machi="65" ten="30,7700,0" yaku="8,1,52,1,54,2" doraHai="93" who="0" fromWho="1" sc="190,77,220,-77,220,0,370,0" /><INIT seed="2,0,0,5,0,90" ten="267,143,220,370" oya="2" hai0="128,42,81,101,121,53,107,119,25,36,19,51,3" hai1="69,79,44,95,123,47,15,82,122,7,125,74,18" hai2="32,85,130,92,30,49,110,28,39,48,43,117,70" hai3="131,133,58,14,83,87,5,109,50,129,56,57,60"/><V93/><F117/><W78/><G109/><T34/><D3/><U111/><E69/><V100/><F70/><W13/><G133/><T77/><D36/><U54/><E111/><V113/><F110/><W105/><G105/><T21/><D34/><U99/><E7/><V16/><F113/><W1/><G50/><N who="2" m="19561" /><F39/><W126/><G126/><T96/><D128/><N who="3" m="49225" /><G60/><T68/><D68/><U59/><E125/><V17/><F32/><W22/><G22/><T97/><D121/><N who="1" m="46091" /><E54/><V41/><F130/><W2/><G2/><T132/><D119/><U114/><E59/><V120/><F120/><W38/><G38/><T115/><D115/><U40/><E40/><N who="2" m="15435" /><F85/><W67/><G67/><T62/><D42/><U65/><E65/><V80/><F80/><W4/><G1/><T61/><D132/><U86/><E74/><V37/><F37/><W73/><G73/><T52/><D53/><U127/><E127/><V26/><F100/><W94/><G4/><T72/><REACH who="0" step="1"/><D97/><REACH who="0" ten="257,143,220,370" step="2"/><U88/><E114/><V98/><F98/><W112/><G112/><T8/><D8/><AGARI ba="0,1" hai="8,15,18,44,47,79,82,86,88,95,99" m="46091" machi="8" ten="30,3900,0" yaku="13,1,52,1,54,1" doraHai="90" who="1" fromWho="0" sc="257,-39,143,49,220,0,370,0" /><INIT seed="3,0,0,3,2,8" ten="218,192,220,370" oya="3" hai0="91,107,123,124,125,63,7,30,28,35,18,45,34" hai1="102,20,57,67,79,133,47,92,73,110,115,37,12" hai2="11,9,58,114,75,99,44,26,69,118,117,23,51" hai3="100,87,70,96,109,113,98,74,50,27,106,3,31"/><W77/><G70/><T135/><D107/><U4/><E115/><V97/><F69/><W116/><G3/><T46/><D91/><U42/><E110/><V72/><F114/><W53/><G113/><T61/><D18/><U62/><E133/><V108/><F58/><W66/><G66/><T129/><D7/><U52/><E79/><V10/><F108/><W90/><G109/><T83/><D83/><U131/><E73/><V2/><F2/><W17/><G116/><T126/><D129/><U112/><E131/><V32/><F32/><N who="0" m="12330" /><D123/><U0/><E0/><V119/><F75/><W71/><G71/><T65/><D65/><U103/><E112/><V89/><F89/><W1/><G1/><T130/><D130/><U132/><E132/><V120/><F72/><W43/><G17/><T121/><D121/><U56/><E92/><V55/><REACH who="2" step="1"/><F120/><REACH who="2" ten="218,192,210,370" step="2"/><W33/><G74/><T60/><D135/><U5/><E56/><V49/><F49/><W54/><G77/><T64/><D64/><U38/><E67/><V81/><F81/><W94/><REACH who="3" step="1"/><G98/><REACH who="3" ten="218,192,210,360" step="2"/><T16/><D126/><U86/><E86/><V21/><F21/><W15/><G15/><T127/><D127/><U78/><E20/><V59/><F59/><W48/><G48/><T6/><D125/><U68/><E12/><V95/><F95/><W82/><G82/><T93/><D124/><U85/><E78/><V29/><AGARI ba="0,2" hai="9,10,11,23,26,29,44,51,55,97,99,117,118,119" machi="29" ten="40,2700,0" yaku="1,1,0,1,53,0" doraHai="8" doraHaiUra="36" who="2" fromWho="2" sc="218,-7,192,-7,210,47,360,-13" /><INIT seed="4,0,0,1,0,5" ten="211,185,257,347" oya="0" hai0="123,130,67,50,35,53,73,120,134,41,121,43,86" hai1="119,80,1,110,94,133,75,122,126,62,83,90,29" hai2="58,9,36,31,118,25,107,0,82,109,76,69,59" hai3="88,60,85,16,132,102,63,84,34,45,13,61,15"/><T46/><D73/><U26/><E110/><V28/><F109/><W92/><G34/><T135/><D35/><U27/><E122/><V103/><F36/><W39/><G132/><N who="0" m="50731" /><D86/><U48/><E119/><V112/><F112/><W37/><G102/><T30/><D30/><U24/><E1/><V81/><F69/><W18/><G85/><T4/><D4/><U68/><E126/><V106/><F25/><W19/><REACH who="3" step="1"/><G37/><REACH who="3" ten="211,185,257,337" step="2"/><T51/><D130/><U74/><E133/><V14/><F103/><W32/><G32/><T97/><D97/><U22/><E75/><V105/><F118/><W116/><G116/><T72/><D72/><U23/><E74/><V64/><F107/><W117/><G117/><T127/><D127/><U96/><E29/><V87/><F87/><W2/><G2/><T124/><D124/><U42/><E83/><V125/><F0/><W38/><G38/><T11/><D11/><U115/><E80/><V100/><F100/><W54/><G54/><N who="0" m="30071" /><D67/><U99/><E115/><V52/><F64/><W98/><G98/><T104/><D104/><U77/><E99/><V101/><F9/><W47/><G47/><AGARI ba="0,1" hai="41,43,47,50,53,120,121,123" m="30071,50731" machi="47" ten="40,7700,0" yaku="20,1,34,2" doraHai="5" who="0" fromWho="3" sc="211,87,185,0,257,0,337,-77" /><INIT seed="4,1,0,1,0,110" ten="298,185,257,260" oya="0" hai0="97,40,113,36,43,92,80,18,95,7,122,71,117" hai1="67,27,131,32,124,119,94,72,78,102,45,42,85" hai2="108,89,46,5,96,61,88,111,37,127,15,98,121" hai3="16,8,116,26,115,47,64,73,84,49,82,20,66"/><T100/><D122/><U50/><E119/><V125/><F121/><W2/><G116/><T63/><D117/><U13/><E124/><N who="2" m="47691" /><F61/><W4/><G73/><T9/><D18/><U53/><E131/><V10/><F37/><W21/><G21/><T134/><D134/><U58/><E72/><V41/><F98/><W109/><G109/><N who="2" m="42057" /><F96/><W126/><G115/><T107/><D113/><U12/><E67/><V123/><F123/><W74/><G74/><T23/><D23/><U132/><E132/><V81/><F81/><W83/><G83/><T75/><D71/><U19/><E78/><V70/><F70/><W59/><G59/><T24/><D63/><U103/><E85/><V25/><F46/><W62/><G62/><T133/><D133/><U104/><E104/><V65/><F65/><W87/><G87/><T1/><D24/><U44/><E45/><V30/><F41/><W29/><G29/><T3/><D3/><U129/><E129/><V0/><F0/><W55/><REACH who="3" step="1"/><G126/><REACH who="3" ten="298,185,257,250" step="2"/><T51/><D75/><U28/><E58/><V93/><F93/><W52/><G52/><T112/><D80/><U38/><E94/><V56/><F56/><W76/><AGARI ba="1,1" hai="2,4,8,16,20,26,47,49,55,64,66,76,82,84" machi="76" ten="20,5200,0" yaku="1,1,0,1,7,1,54,1,53,0" doraHai="110" doraHaiUra="91" who="3" fromWho="3" sc="298,-27,185,-14,257,-14,250,65" /><INIT seed="5,0,0,2,2,61" ten="271,171,243,315" oya="1" hai0="85,97,118,125,26,63,48,81,33,131,104,87,60" hai1="78,127,106,7,64,52,95,84,23,25,75,82,21" hai2="112,130,13,109,73,132,17,91,135,35,57,124,59" hai3="115,15,93,58,99,32,62,54,88,3,55,22,39"/><U2/><E106/><V107/><F73/><W133/><G32/><T119/><D48/><U11/><E127/><V121/><F107/><W128/><G3/><T46/><D46/><U53/><E75/><V83/><F109/><W69/><G39/><T94/><D63/><U67/><E21/><V92/><F121/><W66/><G115/><T72/><D60/><U14/><E95/><V76/><F124/><W103/><G128/><T27/><D27/><U1/><E1/><V90/><F35/><W51/><G133/><N who="2" m="51273" /><F130/><W80/><G69/><T122/><D26/><U9/><E9/><N who="2" m="6319" /><F112/><W38/><G38/><T18/><D18/><N who="1" m="12535" /><E2/><V43/><F43/><W120/><G120/><T111/><D122/><U5/><E5/><V116/><F116/><W68/><G22/><T56/><D33/><U114/><E114/><V4/><F4/><W105/><G105/><T98/><D125/><U49/><E53/><V96/><F76/><W86/><G55/><T20/><D104/><U6/><E6/><V65/><F83/><W47/><G68/><T42/><D81/><U89/><E78/><V101/><F65/><W44/><G66/><T34/><D34/><U100/><E100/><V50/><F101/><W30/><G103/><T24/><D131/><U0/><E0/><V79/><F79/><W12/><G80/><T108/><D72/><U29/><E29/><V123/><F123/><W117/><G30/><T113/><D113/><U40/><E40/><V71/><F71/><W126/><G126/><T70/><D70/><U110/><E110/><V36/><F91/><W129/><G88/><RYUUKYOKU ba="0,0" sc="271,-10,171,30,243,-10,315,-10" hai1="7,11,14,49,52,64,67,82,84,89" /><INIT seed="5,1,0,3,4,29" ten="261,201,233,305" oya="1" hai0="89,15,135,13,41,80,101,103,16,24,65,85,98" hai1="95,37,128,53,18,71,75,1,2,23,59,66,122" hai2="21,20,86,110,108,127,60,125,56,99,117,94,62" hai3="57,45,48,104,105,67,7,40,70,102,92,113,19"/><U27/><E122/><V25/><F117/><W133/><G113/><T93/><D135/><U43/><E75/><V64/><F86/><W17/><G133/><T96/><D41/><U106/><E106/><V0/><F0/><W121/><G121/><T134/><D65/><U44/><E128/><V129/><F129/><W68/><G7/><T130/><D130/><U32/><E32/><V22/><F62/><W91/><G102/><T112/><D112/><U81/><E81/><V52/><F64/><W78/><G78/><T76/><D134/><U90/><E66/><V100/><REACH who="2" step="1"/><F25/><REACH who="2" ten="261,201,223,305" step="2"/><W55/><G67/><T4/><D24/><U5/><E71/><V132/><F132/><W63/><G68/><T107/><D4/><U31/><E5/><V115/><F115/><W77/><G70/><T12/><REACH who="0" step="1"/><D76/><REACH who="0" ten="251,201,223,305" step="2"/><U9/><E2/><V87/><F87/><W82/><G77/><T39/><D39/><U11/><E1/><V58/><F58/><W118/><G57/><T88/><D88/><U119/><E119/><V10/><F10/><AGARI ba="1,2" hai="10,12,13,15,16,80,85,89,93,96,98,101,103,107" machi="10" ten="30,7700,0" yaku="1,1,7,1,54,1,53,1" doraHai="29" doraHaiUra="84" who="0" fromWho="2" sc="251,100,201,0,223,-80,305,0" /><INIT seed="6,0,0,3,0,118" ten="351,201,143,305" oya="2" hai0="124,122,121,104,19,91,13,33,83,119,126,135,38" hai1="109,102,133,99,54,106,81,84,132,31,85,93,24" hai2="26,67,49,115,73,1,128,4,88,18,117,35,34" hai3="64,56,77,80,23,65,71,11,39,25,131,110,66"/><V76/><F117/><W90/><G39/><T40/><D119/><U125/><E54/><V87/><F115/><W20/><G110/><T45/><D33/><U22/><E109/><V113/><F113/><W78/><G71/><T107/><D91/><U47/><E125/><N who="0" m="48233" /><D83/><U96/><E47/><V94/><F67/><W123/><G131/><T114/><D114/><U120/><E22/><V55/><F128/><W32/><G32/><T37/><D38/><U12/><E12/><V21/><F73/><W86/><G11/><N who="0" m="6591" /><D135/><N who="1" m="51787" /><E24/><V70/><F70/><W98/><G23/><T28/><D28/><U16/><E16/><V95/><F76/><W105/><G78/><T69/><D69/><U59/><E59/><V42/><F42/><W130/><G130/><T89/><D89/><N who="1" m="53415" /><E31/><V9/><REACH who="2" step="1"/><F94/><REACH who="2" ten="351,201,133,305" step="2"/><W111/><G111/><T63/><D63/><U8/><E99/><V103/><F103/><W0/><G98/><T46/><D46/><AGARI ba="0,1" hai="1,4,9,18,21,26,34,35,46,49,55,87,88,95" machi="46" ten="30,11600,0" yaku="1,1,7,1,54,1,53,1" doraHai="118" doraHaiUra="43" who="2" fromWho="0" sc="351,-116,201,0,133,126,305,0" /><INIT seed="6,1,0,3,3,20" ten="235,201,259,305" oya="2" hai0="2,15,122,117,96,68,128,52,44,3,4,110,86" hai1="93,62,65,35,88,43,99,127,83,64,50,124,125" hai2="92,38,103,6,102,59,60,70,7,9,63,84,32" hai3="17,55,101,100,119,90,56,13,112,106,108,24,31"/><V33/><F38/><W48/><G108/><T57/><D68/><U28/><E28/><V131/><F131/><W118/><G112/><T94/><D122/><U41/><E35/><V1/><F7/><W134/><G134/><T113/><D110/><U34/><E34/><V0/><F70/><W107/><G107/><T26/><D86/><U47/><E83/><V123/><F123/><W126/><G126/><T78/><D78/><U114/><E114/><V95/><F84/><W111/><G111/><T109/><D44/><U51/><E62/><V45/><F45/><AGARI ba="1,0" hai="41,43,45,47,50,51,64,65,88,93,99,124,125,127" machi="45" ten="40,5200,0" yaku="9,1,18,1,54,1" doraHai="20" who="1" fromWho="2" sc="235,0,201,55,259,-55,305,0" /><INIT seed="7,0,0,2,3,7" ten="235,256,204,305" oya="3" hai0="25,133,106,27,85,31,62,61,69,43,124,45,72" hai1="63,115,113,18,32,64,0,73,87,36,118,66,33" hai2="54,14,22,5,91,2,41,40,35,127,82,117,48" hai3="89,1,101,3,78,44,86,30,109,79,132,29,131"/><W107/><G131/><T15/><D72/><U80/><E73/><V135/><F117/><W125/><G125/><T21/><D106/><U108/><E108/><V94/><F127/><W23/><G109/><T96/><D96/><U24/><E36/><V4/><F35/><W75/><G79/><T103/><D103/><U76/><E0/><V47/><F2/><N who="3" m="523" /><G44/><T13/><D133/><U95/><E118/><V42/><F82/><N who="3" m="45407" /><G23/><T46/><D69/><U74/><E64/><V51/><F135/><W70/><G70/><T34/><D46/><U112/><E18/><N who="2" m="10583" /><F51/><W120/><G120/><T56/><D124/><U65/><E24/><V110/><F110/><W60/><G60/><T12/><D62/><U9/><E66/><V134/><F134/><W26/><G26/><T121/><D27/><U114/><E95/><V122/><F122/><W123/><G123/><T99/><D121/><U67/><E74/><V92/><F92/><N who="3" m="54327" /><G132/><T49/><D34/><N who="1" m="13419" /><E63/><V55/><F55/><W77/><G77/><T98/><REACH who="0" step="1"/><D85/><REACH who="0" ten="225,256,204,305" step="2"/><U90/><E115/><V126/><F126/><W57/><G57/><T8/><D8/><U111/><E9/><V50/><F50/><W68/><G68/><T11/><D11/><U58/><E111/><V116/><F116/><W105/><G105/><T19/><D19/><U102/><E102/><V104/><F104/><W71/><G71/><T84/><D84/><U100/><E100/><V37/><F37/><W10/><G10/><T16/><D16/><U6/><E114/><V129/><F129/><W93/><G107/><T130/><D130/><U97/><E113/><RYUUKYOKU ba="0,1" sc="225,10,256,-30,204,10,305,10" hai0="12,13,15,21,25,31,43,45,49,56,61,98,99" hai2="4,5,40,41,42,47,48,54,91,94" hai3="29,30,93,101" owari="235,3.5,226,-17.4,214,-28.6,325,42.5" /></mjloggm>