<mjloggm ver="2.3"><GO type="9" lobby="0"/><UN n0="%6A%75%6E%36%36%39%36" n1="%78%78%78%62" n2="%E9%A4%85%E3%81%A1%E3%82%83%E3%82%93" n3="%E2%93%9D%4C%75%63%6B%79%4A" dan="12,6,9,7" rate="1802.54,1571.61,1571.20,1673.75" sx="M,M,M,M"/><TAIKYOKU oya="0"/><INIT seed="0,0,0,4,5,59" ten="250,250,250,250" oya="0" hai0="12,70,124,53,128,58,34,76,81,63,10,25,96" hai1="114,32,91,13,116,75,125,104,26,30,67,108,49" hai2="55,84,135,16,46,52,11,94,35,71,31,5,103" hai3="132,47,19,15,127,92,112,86,42,38,73,40,85"/><T126/><D128/><U118/><E125/><N who="0" m="48233" /><D70/><U62/><E108/><V1/><F135/><W74/><G127/><T107/><D34/><U60/><E75/><V77/><F71/><W7/><G7/><T115/><D115/><U50/><E114/><V44/><F31/><W105/><G105/><T21/><D107/><U65/><E13/><V61/><F35/><W3/><G3/><T51/><D96/><U78/><E78/><V45/><F55/><W66/><G42/><T117/><D117/><U113/><E113/><V80/><F103/><W98/><G132/><T57/><D57/><U99/><E91/><V56/><F94/><W54/><G66/><T89/><D89/><U79/><E79/><V88/><F77/><W0/><G74/><N who="0" m="43159" /><D21/><U41/><E41/><V14/><F45/><W23/><G73/><T20/><D20/><AGARI ba="0,0" hai="1,5,11,14,16,20,44,46,52,56,61,80,84,88" machi="20" ten="30,8000,1" yaku="7,1,52,1,54,3" doraHai="59" who="2" fromWho="0" sc="250,-80,250,0,250,80,250,0" /><INIT seed="1,0,0,4,4,131" ten="170,250,330,250" oya="1" hai0="130,19,73,47,25,38,72,96,51,112,123,52,1" hai1="21,104,66,45,100,121,44,91,48,62,64,56,78" hai2="124,85,119,83,105,31,86,46,133,53,122,27,43" hai3="87,118,80,89,107,12,95,2,29,92,120,84,32"/><U16/><E121/><V81/><F119/><W77/><G2/><T61/><D123/><U70/><E78/><V106/><F124/><W101/><G32/><T23/><D130/><U108/><E108/><V28/><F53/><W129/><G29/><T3/><D112/><U11/><E11/><V74/><F74/><W94/><G12/><T41/><D73/><U26/><E100/><V125/><F125/><W35/><G35/><T59/><D72/><U109/><E109/><V10/><F46/><W102/><G129/><T34/><D34/><U128/><E128/><V14/><F43/><W103/><G118/><T76/><D76/><U135/><E104/><V97/><F97/><N who="3" m="61935" /><G120/><T68/><D96/><U9/><E9/><V20/><F28/><W67/><G67/><AGARI ba="0,0" hai="1,3,19,23,25,38,41,47,51,52,59,61,67,68" machi="67" ten="40,5200,0" yaku="24,2,54,1" doraHai="131" who="0" fromWho="3" sc="170,52,250,0,330,0,250,-52" /><INIT seed="2,0,0,0,0,127" ten="222,250,330,198" oya="2" hai0="106,95,117,123,65,100,131,54,13,30,58,92,101" hai1="50,6,99,96,81,14,103,16,47,68,102,12,121" hai2="29,105,40,75,66,22,79,111,76,26,0,4,80" hai3="69,98,17,118,8,84,74,57,63,126,34,28,43"/><V59/><F105/><W31/><G69/><T109/><D123/><U73/><E68/><V56/><F111/><W87/><G74/><T108/><D106/><U51/><E121/><V71/><F71/><W52/><G118/><T18/><D65/><U119/><E119/><V82/><F40/><W7/><G126/><T41/><D117/><U134/><E134/><V67/><F67/><W38/><G17/><T23/><D41/><U42/><E42/><V90/><BYE who="1" /><F90/><W33/><G34/><T55/><D30/><UN n1="%78%78%78%62" /><U49/><E6/><V110/><F110/><N who="0" m="42602" /><D131/><U2/><E2/><V39/><F39/><W104/><G31/><T89/><D95/><N who="1" m="58655" /><E73/><V97/><F97/><W11/><G98/><N who="0" m="57615" /><D55/><N who="1" m="30143" /><E81/><V83/><F66/><W25/><G104/><T24/><D13/><U36/><E36/><V115/><F83/><W135/><G135/><T64/><D64/><U116/><E116/><V114/><F0/><W91/><G38/><T20/><D20/><N who="1" m="11271" /><E14/><V129/><F82/><W120/><G120/><T85/><D85/><U32/><E32/><V21/><F115/><W128/><G87/><T132/><D132/><U48/><E99/><V113/><F113/><W133/><G133/><T27/><D27/><U62/><E62/><AGARI ba="0,0" hai="18,23,24,54,58,62,100,101" m="57615,42602" machi="62" ten="30,2000,0" yaku="25,1,14,1" doraHai="127" who="0" fromWho="1" sc="222,20,250,-20,330,0,198,0" /><INIT seed="3,0,0,4,5,23" ten="242,230,330,198" oya="3" hai0="16,11,7,122,77,86,67,115,100,124,6,132,108" hai1="125,28,96,83,93,20,12,131,130,4,17,42,61" hai2="19,118,106,62,94,81,90,104,75,44,87,123,134" hai3="129,52,95,9,31,59,5,33,74,13,82,70,27"/><W113/><G70/><T99/><D122/><U15/><E125/><V41/><F123/><W36/><G36/><T3/><D124/><U49/><E42/><V84/><F118/><W92/><G113/><T37/><D37/><U21/><E83/><V63/><F75/><W76/><REACH who="3" step="1"/><G129/><REACH who="3" ten="242,230,330,188" step="2"/><T57/><D115/><U35/><E130/><V135/><F135/><W85/><G85/><T56/><D132/><U60/><E131/><V58/><F134/><W48/><AGARI ba="0,1" hai="5,9,13,27,31,33,48,52,59,74,76,82,92,95" machi="48" ten="20,18000,2" yaku="1,1,0,1,7,1,52,1,54,1,53,2" doraHai="23" doraHaiUra="88" who="3" fromWho="3" sc="242,-60,230,-60,330,-60,188,190" /><INIT seed="3,1,0,4,2,96" ten="182,170,270,378" oya="3" hai0="107,108,72,80,75,71,91,45,135,126,33,41,124" hai1="56,123,28,120,117,74,22,59,132,21,113,105,101" hai2="97,55,84,3,19,14,4,103,8,26,102,61,98" hai3="110,112,51,35,18,88,76,38,82,92,89,85,93"/><W6/><G38/><T54/><D108/><U36/><E132/><V133/><F133/><W5/><G35/><T58/><D135/><U129/><E36/><V94/><F84/><W119/><G119/><T17/><D33/><U90/><E90/><V95/><F26/><W78/><G112/><T39/><D71/><U57/><E117/><V48/><F61/><W77/><G110/><T68/><D68/><U49/><E113/><V37/><F37/><W27/><G51/><T12/><D107/><U11/><E129/><V34/><F34/><W128/><G128/><T65/><D65/><U67/><E49/><V42/><F42/><W64/><G64/><T70/><D70/><U2/><E67/><V63/><F63/><W29/><G29/><T115/><D115/><U40/><E105/><V121/><F121/><W122/><G122/><T131/><D131/><U53/><E101/><V1/><F4/><N who="3" m="1643" /><G89/><T130/><D130/><U106/><E56/><AGARI ba="1,0" hai="1,3,8,14,19,48,55,56,94,95,97,98,102,103" machi="56" ten="30,7700,0" yaku="7,1,9,1,52,2" doraHai="96" who="2" fromWho="1" sc="182,0,170,-80,270,80,378,0" /><INIT seed="4,0,0,4,4,6" ten="182,90,350,378" oya="0" hai0="56,49,112,78,76,47,72,110,130,93,59,63,64" hai1="33,32,11,24,103,96,25,79,105,100,129,128,114" hai2="89,119,23,124,133,8,123,35,108,125,82,22,62" hai3="16,109,0,1,121,44,134,50,55,95,135,117,106"/><T42/><D112/><U111/><E114/><V92/><F123/><W28/><G106/><T99/><D130/><N who="1" m="50283" /><E111/><V4/><F35/><N who="1" m="13385" /><E103/><V84/><F108/><W29/><G117/><T61/><D110/><U68/><E79/><V131/><F131/><W51/><G109/><T12/><D72/><U37/><E68/><V30/><F30/><W40/><G95/><T66/><REACH who="0" step="1"/><D12/><REACH who="0" ten="172,90,350,378" step="2"/><U5/><E37/><V102/><F102/><AGARI ba="0,1" hai="42,47,49,56,59,61,63,64,66,76,78,93,99,102" machi="102" ten="30,12000,1" yaku="1,1,2,1,7,1,9,1,8,1,53,0" doraHai="6" doraHaiUra="15" who="0" fromWho="2" sc="172,130,90,0,350,-120,378,0" /><INIT seed="4,1,0,2,1,19" ten="302,90,230,378" oya="0" hai0="12,15,64,105,48,114,10,102,66,73,6,65,124" hai1="85,84,61,77,121,27,67,41,57,47,18,117,119" hai2="55,45,135,49,44,0,50,3,94,14,108,31,7" hai3="101,21,32,8,99,111,20,79,95,69,9,82,93"/><T109/><D114/><U17/><E121/><V22/><F135/><W103/><G32/><T80/><D124/><U26/><E77/><V129/><F108/><W59/><G69/><T120/><D120/><U40/><E47/><V123/><F123/><W24/><G111/><T131/><D131/><U60/><REACH who="1" step="1"/><E67/><REACH who="1" ten="302,80,230,378" step="2"/><V13/><F45/><W33/><G79/><T88/><D109/><U87/><E87/><V2/><F44/><W72/><G72/><T58/><D73/><U43/><E43/><V28/><F129/><W83/><G33/><T39/><D39/><U128/><E128/><V38/><F55/><W98/><G24/><T132/><D132/><U30/><E30/><V5/><F38/><W54/><G54/><N who="0" m="32071" /><D105/><U122/><E122/><V46/><F46/><W89/><G59/><AGARI ba="1,1" hai="17,18,26,27,40,41,57,59,60,61,84,85,117,119" machi="59" ten="25,8000,1" yaku="1,1,22,2,53,2" doraHai="19" doraHaiUra="23" who="1" fromWho="3" sc="302,0,80,93,230,0,378,-83" /><INIT seed="5,0,0,1,3,12" ten="302,173,230,295" oya="1" hai0="69,0,123,70,25,52,22,41,104,21,2,46,99" hai1="130,73,74,95,26,17,78,134,110,124,71,7,97" hai2="44,47,35,61,65,19,8,58,53,60,129,100,108" hai3="118,89,59,106,107,63,15,39,94,83,125,16,87"/><U76/><E7/><V48/><F35/><W85/><G39/><T3/><D123/><U56/><E56/><V1/><F108/><W82/><G125/><T91/><D22/><U14/><E71/><V131/><F100/><W57/><G118/><T119/><D119/><U10/><E26/><V33/><F33/><W9/><G59/><T38/><D104/><U109/><E124/><V34/><F34/><W40/><G40/><T132/><D132/><U6/><E134/><V79/><F79/><N who="1" m="30249" /><E6/><V115/><F115/><W86/><G107/><T81/><D52/><U72/><E130/><N who="2" m="49675" /><F60/><W96/><REACH who="3" step="1"/><G106/><REACH who="3" ten="302,173,230,285" step="2"/><T45/><D45/><U77/><N who="1" m="30257" /><U93/><DORA hai="122" /><E97/><V49/><F47/><W116/><G116/><T75/><D75/><N who="1" m="19203" /><U112/><DORA hai="42" /><E112/><V84/><F44/><W90/><G90/><T13/><D99/><U43/><E43/><V103/><F58/><W120/><G120/><T36/><D36/><U135/><E135/><V32/><F103/><W126/><G126/><T114/><D114/><U24/><E24/><V37/><F37/><W64/><AGARI ba="0,1" hai="9,15,16,57,63,64,82,83,85,86,87,89,94,96" machi="64" ten="30,12000,2" yaku="1,1,0,1,8,1,52,1,54,1,53,2" doraHai="12,122,42" doraHaiUra="55,4,127" who="3" fromWho="3" sc="302,-30,173,-60,230,-30,285,130" /><INIT seed="6,0,0,3,4,37" ten="272,113,200,415" oya="2" hai0="73,47,96,85,133,25,2,18,87,91,21,30,115" hai1="58,65,116,129,3,89,36,81,99,66,60,32,107" hai2="82,80,113,92,54,118,98,55,123,49,125,9,1" hai3="126,17,44,101,134,103,77,6,124,11,29,38,34"/><V16/><F118/><W76/><G17/><T106/><D115/><U102/><E3/><V63/><F123/><W109/><G29/><T24/><D133/><U14/><E32/><V100/><F113/><W15/><G34/><T120/><D120/><U59/><E116/><V61/><F125/><N who="3" m="48235" /><G109/><T119/><D119/><U28/><E129/><V27/><F1/><W62/><G62/><T84/><D2/><U135/><E36/><V94/><F94/><W97/><G134/><T72/><D106/><U22/><E135/><V53/><F49/><W131/><G103/><T75/><D96/><U68/><E66/><V105/><F105/><N who="3" m="63663" /><G131/><T121/><D121/><U93/><E81/><N who="2" m="31339" /><F27/><W4/><G6/><T52/><D25/><U78/><E78/><V57/><F63/><W79/><G79/><T111/><D111/><U88/><E89/><V5/><F5/><W104/><G104/><T26/><D91/><U110/><E110/><V130/><F130/><W19/><G4/><T13/><REACH who="0" step="1"/><D30/><REACH who="0" ten="262,113,200,415" step="2"/><U50/><E28/><V31/><F31/><W128/><G128/><T56/><D56/><U114/><E114/><V43/><F43/><AGARI ba="0,1" hai="11,15,19,38,43,44,76,77" m="63663,48235" machi="43" ten="30,2000,0" yaku="18,1,52,1" doraHai="37" who="3" fromWho="2" sc="262,0,113,0,200,-20,415,30" /><INIT seed="7,0,0,3,4,127" ten="262,113,180,445" oya="3" hai0="90,31,6,45,59,50,80,84,32,88,37,13,110" hai1="115,14,0,44,66,128,34,116,22,120,4,101,3" hai2="119,17,43,135,121,21,72,83,60,51,91,48,54" hai3="85,52,78,46,102,55,58,77,130,94,38,104,98"/><W92/><G46/><T89/><D110/><U39/><E14/><V132/><F119/><W67/><G104/><T61/><D37/><U30/><E22/><V123/><F43/><W47/><G47/><T62/><D32/><U33/><E30/><V73/><F60/><N who="3" m="38295" /><G130/><T99/><D31/><U93/><E4/><V26/><F51/><W107/><G107/><T71/><D71/><U86/><E93/><V129/><F73/><W23/><G38/><T95/><D6/><U41/><E86/><N who="2" m="50655" /><F72/><W25/><G94/><T19/><D90/><U76/><E101/><V1/><F1/><W96/><G98/><T10/><REACH who="0" step="1"/><D59/><REACH who="0" ten="252,113,180,445" step="2"/><U64/><E76/><N who="3" m="29290" /><G85/><T29/><D29/><AGARI ba="0,1" hai="23,25,29,52,55,92,96,102" m="29290,38295" machi="29" ten="30,5800,0" yaku="25,1,8,1,54,1" doraHai="127" who="3" fromWho="0" sc="252,-58,113,0,180,0,445,68" owari="194,-0.6,113,-38.7,180,-22.0,513,61.3" /></mjloggm>