<mjloggm ver="2.3"><GO type="41" lobby="0"/><UN n0="%E2%93%9D%4C%75%63%6B%79%4A" n1="%75%79%61%6D%61" n2="%62%61%62%79" n3="%E8%B5%A4%E7%8C%AB%E9%81%93" dan="13,15,14,15" rate="1810.38,1984.95,1921.76,2051.75" sx="M,M,M,M"/><TAIKYOKU oya="0"/><INIT seed="0,0,0,2,0,112" ten="250,250,250,250" oya="0" hai0="43,38,50,47,93,18,124,9,37,52,27,11,90" hai1="121,21,29,49,16,3,71,89,53,12,85,109,26" hai2="126,64,117,131,68,101,125,13,31,75,135,8,51" hai3="35,59,132,94,73,30,74,106,69,22,114,88,41"/><T129/><D129/><U100/><E109/><V81/><F75/><W111/><G114/><T61/><D124/><U32/><E121/><V25/><F81/><W102/><G41/><T128/><D128/><U92/><E71/><V10/><F101/><W97/><G111/><T70/><D38/><U86/><E100/><V134/><F64/><W108/><G108/><T99/><D70/><U113/><E113/><V34/><F51/><W7/><G7/><T39/><D39/><U65/><E65/><V130/><F68/><W15/><G132/><N who="2" m="50729" /><F117/><W66/><G69/><T79/><D79/><U28/><E28/><V5/><F8/><W118/><G35/><T44/><REACH who="0" step="1"/><D61/><REACH who="0" ten="240,250,250,250" step="2"/><U87/><REACH who="1" step="1"/><E3/><REACH who="1" ten="240,240,250,250" step="2"/><V76/><F76/><W19/><G30/><T45/><D45/><AGARI ba="0,2" hai="12,16,21,26,29,32,45,49,53,85,86,87,89,92" machi="45" ten="30,7700,0" yaku="1,1,2,1,7,1,54,1,53,0" doraHai="112" doraHaiUra="63" who="1" fromWho="0" sc="240,-77,240,97,250,0,250,0" /><INIT seed="1,0,0,5,0,124" ten="163,337,250,250" oya="1" hai0="12,56,23,82,18,45,133,96,24,119,13,71,3" hai1="107,111,83,99,31,47,35,17,29,114,62,9,117" hai2="68,41,75,115,37,128,90,121,25,39,134,4,123" hai3="63,80,126,34,22,48,0,101,49,95,84,76,72"/><U19/><E114/><V64/><F75/><W127/><G34/><T59/><D71/><U88/><E117/><V85/><F4/><W110/><G0/><T1/><D119/><U93/><E111/><V32/><F134/><W77/><G63/><T78/><D133/><U97/><E35/><V14/><F115/><W73/><G22/><T43/><D3/><U40/><E62/><V81/><F68/><W94/><G48/><T74/><D96/><U11/><E11/><V42/><F64/><W70/><G49/><T67/><D1/><U66/><E66/><V28/><F14/><W44/><G44/><T98/><D98/><U69/><E69/><V79/><F90/><N who="3" m="51463" /><G70/><T112/><D112/><U2/><E83/><V16/><F16/><W38/><G38/><T116/><D116/><U108/><E108/><V50/><F50/><W92/><G110/><T109/><D109/><U103/><E17/><V36/><REACH who="2" step="1"/><F128/><REACH who="2" ten="163,337,240,250" step="2"/><W20/><G101/><T30/><D67/><U60/><E60/><V135/><F135/><W5/><G5/><T118/><D118/><U46/><E2/><V91/><F91/><W102/><G102/><T65/><D65/><U54/><E88/><V125/><F125/><N who="3" m="47627" /><G20/><T10/><REACH who="0" step="1"/><D13/><REACH who="0" ten="153,337,240,250" step="2"/><U130/><E103/><V21/><F21/><W55/><G72/><T51/><AGARI ba="0,2" hai="10,12,18,23,24,30,43,45,51,56,59,74,78,82" machi="51" ten="20,5200,0" yaku="1,1,2,1,0,1,7,1,53,0" doraHai="124" doraHaiUra="132" who="0" fromWho="0" sc="153,72,337,-26,240,-13,250,-13" /><INIT seed="2,0,0,4,0,8" ten="225,311,227,237" oya="2" hai0="58,82,75,37,127,93,23,66,90,1,79,102,53" hai1="4,14,130,52,31,76,101,7,111,73,129,105,63" hai2="26,70,94,125,38,97,34,46,126,3,124,84,98" hai3="43,16,132,48,95,128,55,117,78,5,80,36,18"/><V112/><F3/><W39/><G132/><T77/><D37/><U109/><E31/><V42/><F112/><W47/><G128/><N who="1" m="49258" /><E73/><V22/><F70/><W50/><G117/><T134/><D66/><U56/><E76/><V114/><F114/><W65/><G65/><T54/><D79/><U57/><E57/><V87/><F34/><W19/><G95/><T68/><D127/><U110/><E14/><V35/><F35/><W49/><G5/><T28/><D68/><U59/><E59/><V13/><F13/><W15/><G15/><T88/><D134/><U118/><E118/><V100/><REACH who="2" step="1"/><F97/><AGARI ba="0,0" hai="4,7,52,56,63,97,101,105,109,110,111" m="49258" machi="97" ten="40,5200,0" yaku="14,1,19,1,54,1" doraHai="8" who="1" fromWho="2" sc="225,0,311,52,227,-52,237,0" /><INIT seed="3,0,0,0,5,48" ten="225,363,175,237" oya="3" hai0="67,73,117,57,8,52,98,33,94,97,27,133,47" hai1="122,24,134,25,86,37,3,120,77,54,104,50,93" hai2="45,28,35,36,42,79,123,11,81,41,31,127,38" hai3="14,76,7,112,34,39,5,63,85,20,19,95,72"/><W44/><G72/><T62/><D117/><U6/><E37/><V91/><F123/><W89/><G112/><T115/><D115/><U15/><E104/><V100/><F100/><W116/><G34/><T114/><D114/><U61/><E3/><V66/><F66/><W107/><G107/><T129/><D73/><U90/><E134/><V103/><F103/><W111/><G116/><T58/><D129/><U51/><E77/><V43/><F91/><W119/><G119/><T30/><D133/><U121/><E61/><V82/><F127/><W18/><G111/><T56/><D8/><U9/><REACH who="1" step="1"/><E50/><REACH who="1" ten="225,353,175,237" step="2"/><V0/><F38/><W53/><G39/><T21/><D33/><U40/><E40/><V99/><F42/><W113/><G113/><T88/><D98/><U29/><E29/><V102/><F43/><W4/><G76/><T84/><D97/><U125/><E125/><V135/><F99/><W13/><G44/><AGARI ba="0,1" hai="6,9,15,24,25,44,51,54,86,90,93,120,121,122" machi="44" ten="40,2600,0" yaku="1,1,52,1,53,0" doraHai="48" doraHaiUra="55" who="1" fromWho="3" sc="225,0,353,36,175,0,237,-26" /><INIT seed="4,0,0,5,5,2" ten="225,389,175,211" oya="0" hai0="88,32,87,16,56,15,118,89,42,21,108,82,104" hai1="100,116,19,92,3,0,24,71,69,66,58,52,111" hai2="37,96,22,117,84,129,135,75,107,72,103,31,98" hai3="105,11,17,43,54,93,57,61,39,8,95,48,10"/><T20/><D118/><U35/><E111/><V46/><F117/><W115/><G105/><T62/><D32/><U49/><E116/><V119/><F119/><W127/><G127/><T102/><D108/><U131/><E131/><V91/><F129/><W4/><G115/><T29/><D42/><U63/><E71/><V109/><F109/><W28/><G28/><T70/><D70/><U13/><E24/><V74/><F37/><W101/><G39/><T47/><D47/><U83/><E35/><V1/><F1/><W76/><G76/><T50/><D50/><U122/><E83/><V121/><F121/><W45/><G17/><T36/><D36/><U60/><E122/><V80/><F46/><W7/><G101/><T30/><D89/><U114/><E114/><V132/><F22/><W9/><REACH who="3" step="1"/><G4/><REACH who="3" ten="225,389,175,201" step="2"/><T125/><D125/><U51/><E100/><V73/><F31/><N who="0" m="11786" /><D104/><U41/><E19/><V67/><F67/><W68/><G68/><T81/><D102/><U25/><E69/><V106/><N who="2" m="18432" /><DORA hai="12" /><V99/><REACH who="2" step="1"/><F103/><REACH who="2" ten="225,389,165,201" step="2"/><W6/><G6/><T59/><D21/><U134/><E66/><V18/><F18/><W110/><G110/><T38/><D38/><U5/><E5/><V64/><F64/><W123/><G123/><T124/><D124/><U33/><E33/><V44/><F44/><W79/><G79/><T85/><D59/><U133/><E58/><V90/><F90/><W27/><G27/><T97/><D88/><U126/><E126/><V77/><F77/><W130/><G130/><T78/><D78/><U14/><E25/><V40/><F40/><RYUUKYOKU ba="0,2" sc="225,-15,389,-15,165,15,201,15" hai2="80,84,91,96,98,99,106,107,132,135" hai3="7,8,9,10,11,43,45,48,54,57,61,93,95" /><INIT seed="5,1,2,2,4,16" ten="210,374,180,216" oya="1" hai0="0,27,12,25,79,9,134,99,48,4,103,23,47" hai1="105,41,55,104,81,51,49,18,101,54,102,1,107" hai2="50,6,87,83,75,53,67,44,21,24,114,15,31" hai3="70,118,88,124,77,129,32,63,132,112,93,135,111"/><U127/><E127/><V109/><F109/><W96/><G111/><T29/><D134/><N who="3" m="51241" /><G124/><T119/><D119/><U5/><E41/><V58/><F75/><W130/><G118/><T98/><D79/><U64/><E64/><V22/><F114/><W128/><G112/><T7/><D27/><U36/><E36/><V60/><F6/><W120/><G120/><T80/><D80/><U86/><E18/><V68/><F68/><W82/><G32/><T17/><D103/><U57/><E5/><N who="0" m="2121" /><D0/><U26/><E26/><V92/><F92/><W94/><G63/><T52/><AGARI ba="1,2" hai="9,12,17,23,25,29,47,48,52,98,99" m="2121" machi="52" ten="30,4000,0" yaku="8,1,52,1,54,1" doraHai="16" who="0" fromWho="0" sc="210,63,374,-21,180,-11,216,-11" /><INIT seed="6,0,0,1,5,1" ten="273,353,169,205" oya="2" hai0="106,102,79,107,30,76,88,6,45,108,50,99,0" hai1="4,67,126,29,122,54,40,114,98,66,75,52,53" hai2="14,87,80,31,20,60,92,48,36,127,46,12,93" hai3="32,118,25,3,90,7,43,73,117,111,71,74,124"/><V15/><F36/><W38/><G90/><T37/><D108/><U19/><E75/><V97/><F127/><W57/><G57/><T70/><D70/><U112/><E126/><V5/><F60/><W28/><G111/><T63/><D30/><U94/><E29/><V83/><F31/><W133/><G124/><T123/><D123/><U62/><E122/><V130/><F130/><W64/><G133/><T22/><D107/><U103/><E40/><V69/><F69/><W49/><G49/><T21/><D37/><U121/><E121/><V96/><F20/><W128/><G128/><T13/><D0/><U105/><E4/><V129/><F129/><W131/><G131/><T41/><D63/><U2/><E2/><V47/><F48/><W11/><G64/><T42/><D42/><U16/><E105/><V91/><F5/><W82/><G71/><T55/><D41/><U89/><E103/><V33/><F33/><W61/><G61/><T119/><D119/><N who="3" m="45577" /><G82/><T17/><D22/><U78/><E78/><V8/><F8/><W120/><G120/><T34/><D34/><U23/><E66/><V132/><F132/><W101/><G101/><T113/><D102/><U65/><E67/><V104/><F104/><W39/><G39/><T77/><D106/><U35/><E35/><V9/><F9/><W125/><G125/><T56/><D56/><N who="1" m="37063" /><E23/><V95/><REACH who="2" step="1"/><F83/><REACH who="2" ten="273,353,159,205" step="2"/><W116/><G116/><T51/><D51/><U58/><E19/><V26/><F26/><W110/><G110/><T24/><D24/><U134/><E16/><V81/><F81/><W109/><G109/><RYUUKYOKU ba="0,1" sc="273,-15,353,-15,159,15,205,15" hai2="12,14,15,46,47,80,87,91,92,93,95,96,97" hai3="3,7,11,25,28,32,38,43,73,74" /><INIT seed="6,1,1,1,5,78" ten="258,338,174,220" oya="2" hai0="11,37,88,66,25,107,41,99,60,121,91,46,19" hai1="77,92,42,52,28,117,15,24,47,31,48,36,14" hai2="13,64,53,96,74,68,126,59,98,55,103,102,50" hai3="73,5,9,62,125,2,57,69,100,4,45,122,113"/><V17/><F74/><W118/><G118/><T95/><D121/><U67/><E117/><V85/><F126/><W132/><G122/><T109/><D109/><U18/><E67/><V6/><F6/><W76/><G125/><T21/><D107/><U29/><E77/><V131/><F131/><W43/><G69/><T105/><D105/><U133/><E133/><V0/><F0/><W119/><G119/><T81/><D11/><U12/><E92/><V16/><F68/><W23/><G23/><T79/><D60/><U22/><E31/><V71/><F71/><W51/><G100/><N who="2" m="38441" /><F64/><W84/><G132/><T135/><D66/><U104/><REACH who="1" step="1"/><E104/><REACH who="1" ten="258,328,174,220" step="2"/><V130/><F130/><W63/><G76/><T123/><D123/><U56/><AGARI ba="1,2" hai="12,14,15,18,22,24,28,29,36,42,47,48,52,56" machi="56" ten="30,8000,1" yaku="1,1,2,1,0,1,54,1,53,1" doraHai="78" doraHaiUra="54" who="1" fromWho="1" sc="258,-21,328,103,174,-41,220,-21" /><INIT seed="7,0,0,4,4,132" ten="237,431,133,199" oya="3" hai0="19,70,69,133,59,2,86,97,31,126,43,68,90" hai1="33,23,26,56,35,24,72,98,28,40,87,57,48" hai2="127,112,9,47,85,118,18,7,73,10,52,61,32" hai3="71,65,25,53,107,122,63,34,100,41,108,8,96"/><W125/><G122/><T129/><D31/><U99/><E87/><V101/><F118/><W22/><G108/><T119/><D19/><U93/><E72/><V120/><F120/><W5/><G41/><T91/><D59/><U76/><E76/><V12/><F73/><W83/><G83/><T102/><D91/><U0/><E0/><V50/><F112/><W78/><G78/><T95/><D2/><U121/><E121/><V94/><F32/><W45/><G45/><T66/><D66/><U30/><E23/><V46/><F46/><W77/><G77/><T128/><D133/><U88/><E99/><V131/><F131/><N who="0" m="50250" /><D43/><U6/><E6/><V54/><F127/><W123/><G125/><T116/><D126/><U11/><E11/><V135/><F135/><W89/><G89/><T38/><D38/><U13/><E13/><V104/><F104/><AGARI ba="0,0" hai="68,69,70,86,90,95,97,102,104,116,119" m="50250" machi="104" ten="40,1300,0" yaku="19,1" doraHai="132" who="0" fromWho="2" sc="237,13,431,0,133,-13,199,0" owari="250,5.0,431,53.1,120,-38.0,199,-20.1" /></mjloggm>