<mjloggm ver="2.3"><GO type="41" lobby="0"/><UN n0="%73%68%6F%67%6F%33%39" n1="%E2%93%9D%4C%75%63%6B%79%4A" n2="%4B%6F%67" n3="%54%48%55%4D%55%47%55" dan="14,17,15,13" rate="1983.49,2164.60,1976.14,1881.67" sx="M,M,M,M"/><TAIKYOKU oya="0"/><INIT seed="0,0,0,0,0,129" ten="250,250,250,250" oya="0" hai0="100,99,36,49,59,73,3,87,2,121,27,72,11" hai1="74,131,28,45,71,23,118,63,132,88,53,65,10" hai2="125,130,5,1,93,21,116,18,4,85,56,68,103" hai3="31,26,106,7,6,135,12,122,20,117,17,133,22"/><T30/><D36/><U25/><E118/><V123/><F68/><W64/><G106/><T82/><D121/><U33/><E74/><V105/><F123/><W108/><G64/><T76/><D72/><U46/><E131/><V50/><F130/><W94/><G122/><T126/><D126/><U29/><E29/><V51/><F125/><W47/><G117/><T91/><D11/><U84/><E33/><V114/><F114/><W15/><G108/><T92/><D59/><U102/><E102/><V60/><F105/><W120/><G120/><T81/><REACH who="0" step="1"/><D49/><REACH who="0" ten="240,250,250,250" step="2"/><U75/><E75/><V119/><F51/><W79/><G47/><T86/><D86/><U14/><E46/><V104/><F50/><W110/><G110/><T48/><D48/><U66/><E45/><V134/><F85/><W52/><G79/><T89/><D89/><U70/><E71/><V38/><F56/><W111/><G111/><T42/><D42/><U16/><E70/><V98/><F38/><W39/><G39/><T55/><D55/><U32/><E53/><V41/><F41/><W112/><G52/><T124/><D124/><U96/><E84/><V8/><F8/><W43/><G112/><T0/><D0/><U115/><E115/><V37/><F1/><W90/><G43/><T57/><D57/><N who="1" m="37231" /><E65/><V77/><F37/><W83/><G90/><T101/><D101/><U44/><E44/><V107/><F103/><W54/><G54/><T62/><D62/><U35/><E132/><V109/><F119/><W13/><G135/><T95/><D95/><U19/><E28/><V113/><F116/><RYUUKYOKU ba="0,1" sc="240,15,250,15,250,-15,250,-15" hai0="2,3,27,30,73,76,81,82,87,91,92,99,100" hai1="10,14,16,19,23,25,32,35,88,96" /><INIT seed="0,1,1,4,5,77" ten="255,265,235,235" oya="0" hai0="113,55,130,23,20,27,14,82,109,39,78,96,120" hai1="59,35,90,52,8,122,29,38,6,24,123,51,43" hai2="91,67,22,41,118,3,128,19,30,57,72,104,134" hai3="79,15,33,18,70,68,127,64,25,94,117,62,83"/><T26/><D113/><U102/><E102/><V40/><F3/><W17/><G117/><T103/><D120/><U13/><REACH who="1" step="1"/><E90/><REACH who="1" ten="255,255,235,235" step="2"/><V37/><F91/><W88/><G88/><T34/><D130/><U73/><E73/><V28/><F72/><W4/><G127/><T99/><D103/><U116/><E116/><V49/><F128/><W66/><G79/><T98/><D109/><U2/><E2/><V1/><F1/><W97/><G97/><T9/><D34/><U65/><E65/><V121/><F67/><W108/><G66/><T81/><D78/><U58/><E58/><V115/><F57/><W107/><G64/><T12/><D39/><U75/><E75/><V44/><F37/><W71/><G33/><T129/><D129/><U100/><E100/><V31/><F118/><W42/><G107/><T0/><D0/><U32/><E32/><V36/><F36/><W69/><G69/><T84/><D84/><U119/><E119/><V89/><F89/><W125/><G71/><T61/><D96/><U85/><E85/><V105/><F104/><W101/><G70/><T106/><D106/><U131/><E131/><V126/><F105/><W124/><G68/><T135/><D98/><U47/><AGARI ba="1,2" hai="6,8,13,24,29,35,38,43,47,51,52,59,122,123" machi="47" ten="30,7900,0" yaku="1,1,0,1,54,1,53,1" doraHai="77" doraHaiUra="10" who="1" fromWho="1" sc="255,-40,255,102,235,-21,235,-21" /><INIT seed="1,0,0,4,2,130" ten="215,357,214,214" oya="1" hai0="59,10,11,17,134,56,6,90,40,15,20,110,53" hai1="120,54,113,13,119,106,99,97,0,63,91,96,128" hai2="36,31,124,38,49,93,72,125,77,34,23,41,43" hai3="83,115,104,105,14,133,107,61,101,116,44,62,12"/><U71/><E120/><V37/><F34/><W24/><G116/><T58/><D110/><U29/><E119/><V73/><F93/><W132/><G115/><T65/><D40/><N who="2" m="15434" /><F77/><W131/><G44/><T80/><D65/><U39/><E0/><V35/><F35/><W51/><G131/><T94/><D80/><U86/><E39/><V27/><F49/><W45/><G24/><T69/><D69/><U18/><E128/><V68/><F68/><W117/><G117/><T7/><D134/><N who="3" m="51817" /><G83/><T100/><D100/><U66/><E113/><V121/><F121/><W95/><G95/><T129/><D129/><U46/><E106/><V122/><F122/><W108/><G108/><T4/><REACH who="0" step="1"/><D53/><REACH who="0" ten="205,357,214,214" step="2"/><U30/><E54/><V76/><F76/><W126/><G101/><T70/><D70/><U55/><E55/><V22/><F73/><W25/><G126/><T103/><D103/><U33/><E71/><V98/><F72/><W81/><G81/><T50/><D50/><U135/><E135/><V112/><F37/><W64/><G64/><T32/><D32/><U19/><E33/><N who="2" m="20735" /><F38/><W88/><G51/><T9/><D9/><U5/><E66/><V52/><F36/><W79/><G79/><T42/><D42/><U84/><E63/><V123/><F123/><W74/><G62/><T118/><D118/><U85/><E91/><V1/><F125/><W16/><G61/><T3/><D3/><U89/><E89/><V48/><F48/><W8/><G88/><T92/><D92/><U60/><E60/><V111/><F124/><W2/><G107/><T78/><D78/><RYUUKYOKU ba="0,1" sc="205,30,357,-10,214,-10,214,-10" hai0="4,6,7,10,11,15,17,20,56,58,59,90,94" /><INIT seed="2,1,1,2,2,23" ten="235,347,204,204" oya="2" hai0="3,117,64,51,101,38,15,88,59,67,82,22,10" hai1="83,11,66,8,36,62,50,52,112,60,14,133,63" hai2="126,109,46,76,25,98,49,41,40,132,42,9,4" hai3="81,100,55,111,1,90,16,79,130,95,32,17,27"/><V69/><F69/><W68/><G1/><T134/><D38/><U71/><E112/><V119/><F119/><W6/><G68/><T77/><D134/><U94/><E133/><V74/><F132/><W103/><G130/><T47/><D3/><U87/><E36/><N who="2" m="21767" /><F126/><W120/><G120/><T24/><D101/><U124/><E94/><V70/><F70/><W12/><G111/><T33/><D33/><U114/><E114/><V102/><F49/><W18/><G55/><T97/><D59/><U116/><E116/><V106/><F109/><W108/><G108/><T85/><D117/><U35/><E35/><V61/><F61/><W127/><G127/><T93/><D15/><U72/><E72/><V110/><F110/><W45/><G45/><T115/><D10/><U73/><E73/><V96/><F96/><W65/><G65/><T34/><D34/><U5/><E11/><V125/><F125/><W118/><G118/><T2/><D2/><U53/><E124/><V31/><F31/><W123/><G123/><T13/><D13/><U26/><E53/><V107/><F25/><W7/><G32/><T89/><D77/><U78/><REACH who="1" step="1"/><E26/><REACH who="1" ten="235,337,204,204" step="2"/><V128/><F107/><W57/><G27/><T113/><D115/><U54/><E54/><V43/><F106/><W135/><G95/><T129/><D113/><U121/><E121/><V30/><F9/><W92/><G135/><T19/><D129/><U86/><E86/><V104/><F128/><W28/><G92/><T99/><D99/><U44/><AGARI ba="1,2" hai="5,8,14,44,50,52,60,62,63,66,71,78,83,87" machi="44" ten="20,5200,0" yaku="1,1,0,1,7,1,54,1,53,0" doraHai="23" doraHaiUra="39" who="1" fromWho="1" sc="235,-14,337,75,204,-27,204,-14" /><INIT seed="3,0,0,4,3,78" ten="221,412,177,190" oya="3" hai0="55,95,75,1,38,26,127,121,103,72,17,82,7" hai1="112,41,118,119,111,45,20,67,0,27,52,46,132" hai2="54,66,131,60,86,2,99,106,10,21,13,122,3" hai3="59,34,76,130,25,49,93,42,51,35,15,71,31"/><W73/><G130/><T64/><D38/><U74/><E0/><V125/><F131/><W87/><G71/><T9/><D64/><U50/><E74/><V117/><F117/><N who="1" m="44553" /><E27/><V83/><F125/><W23/><G73/><T29/><D127/><U133/><E20/><V102/><F21/><W40/><G15/><T92/><D121/><U105/><E105/><V16/><F54/><W5/><G5/><T85/><D17/><U22/><E22/><V44/><F44/><W114/><G114/><T4/><D4/><U84/><E84/><V12/><F12/><W109/><G109/><T36/><D36/><N who="1" m="21799" /><E112/><V96/><F96/><W39/><G35/><T80/><D55/><U8/><E8/><V65/><F65/><W98/><G34/><T128/><D128/><U100/><E100/><V61/><F122/><W88/><G39/><T70/><D70/><U79/><E79/><V115/><F115/><W11/><G11/><T6/><D85/><U135/><E67/><V19/><F19/><W134/><G76/><T43/><D103/><U18/><E18/><V24/><F24/><W124/><G87/><T107/><D107/><U126/><E126/><V97/><F97/><W14/><G124/><T37/><D26/><U129/><E129/><V123/><F123/><W62/><G25/><T90/><D9/><U108/><AGARI ba="0,0" hai="45,50,52,108,111,132,133,135" m="21799,44553" machi="108" ten="40,8000,1" yaku="20,1,12,1,34,2,54,1" doraHai="78" who="1" fromWho="1" sc="221,-20,412,80,177,-20,190,-40" /><INIT seed="4,0,0,0,5,80" ten="201,492,157,150" oya="0" hai0="39,7,11,96,1,99,108,17,105,116,82,68,9" hai1="22,125,59,124,34,25,37,61,29,13,69,79,131" hai2="103,32,86,65,76,15,93,81,28,49,38,112,60" hai3="6,114,18,122,123,35,95,83,20,132,36,12,44"/><T50/><D116/><U94/><E69/><V106/><F38/><W8/><G95/><T10/><D39/><U90/><E79/><V64/><F106/><W26/><G44/><T24/><D68/><U117/><E117/><V135/><F112/><W72/><G36/><T78/><D108/><U2/><E2/><V70/><F135/><W118/><G83/><T56/><D105/><U111/><E131/><V130/><F130/><W51/><G51/><T42/><D7/><U48/><E111/><V115/><F115/><W102/><G102/><T0/><D1/><U127/><E48/><V101/><F65/><W134/><G72/><T27/><D0/><U74/><E74/><V33/><F49/><W66/><G66/><T55/><D42/><U43/><E13/><V121/><F121/><N who="3" m="46091" /><G118/><T63/><D50/><U119/><E119/><V19/><F93/><W73/><G73/><T98/><REACH who="0" step="1"/><D17/><REACH who="0" ten="191,492,157,150" step="2"/><U53/><E37/><V16/><F19/><W129/><G129/><T113/><D113/><U4/><E4/><V128/><F128/><W62/><G114/><T54/><D54/><U91/><E43/><V5/><F70/><W87/><G18/><T41/><D41/><U52/><E53/><V14/><F16/><W57/><G134/><T31/><D31/><N who="1" m="19823" /><E94/><V89/><F28/><N who="3" m="19863" /><G132/><T84/><AGARI ba="0,1" hai="9,10,11,24,27,55,56,63,78,82,84,96,98,99" machi="84" ten="30,11700,0" yaku="1,1,0,1,8,1,52,1,53,0" doraHai="80" doraHaiUra="88" who="0" fromWho="0" sc="191,127,492,-39,157,-39,150,-39" /><INIT seed="4,1,0,4,4,2" ten="318,453,118,111" oya="0" hai0="132,17,80,130,82,55,85,52,54,83,45,93,35" hai1="62,126,127,89,113,26,71,104,4,57,1,95,105" hai2="22,50,59,60,18,134,23,10,102,9,3,43,87" hai3="51,28,56,21,92,88,67,16,8,98,14,118,47"/><T97/><D132/><U6/><E71/><V7/><F134/><W20/><G118/><T38/><D35/><U68/><E68/><V5/><F102/><W103/><G103/><T25/><D130/><U13/><E13/><V120/><F120/><W33/><G33/><T65/><D65/><N who="1" m="39119" /><E26/><V128/><F128/><W24/><G20/><N who="0" m="13455" /><D38/><U99/><E1/><V44/><F87/><W110/><G110/><T90/><D45/><U79/><E79/><AGARI ba="1,0" hai="52,54,55,79,80,82,83,85,90,93,97" m="13455" machi="79" ten="30,2900,0" yaku="8,1,54,1" doraHai="2" who="0" fromWho="1" sc="318,32,453,-32,118,0,111,0" /><INIT seed="4,2,0,1,1,88" ten="350,421,118,111" oya="0" hai0="64,78,55,32,37,30,26,67,41,109,93,51,70" hai1="74,117,123,121,31,113,65,128,34,79,132,44,60" hai2="5,35,22,85,98,100,71,92,17,106,54,47,101" hai3="18,72,9,116,63,21,28,122,80,133,56,8,105"/><T42/><D109/><U134/><E79/><V84/><F35/><W107/><G133/><N who="1" m="51306" /><E74/><V49/><F71/><W114/><G122/><N who="1" m="46602" /><E31/><V38/><F38/><W95/><G114/><T1/><D1/><U48/><E34/><V61/><F5/><W89/><G116/><T75/><D37/><U62/><E117/><V118/><F118/><W59/><G72/><T94/><D78/><U90/><E90/><N who="2" m="55575" /><F106/><W0/><G80/><T45/><D75/><U52/><E113/><V97/><F61/><N who="1" m="23657" /><E65/><V81/><F97/><W7/><G107/><T15/><D70/><U73/><E73/><V86/><F81/><W11/><G105/><T57/><D64/><U96/><E96/><V110/><F110/><W4/><G28/><T120/><D67/><U127/><E127/><V99/><F99/><N who="3" m="57839" /><G0/><T108/><D120/><U3/><E3/><V2/><F2/><W13/><G59/><T25/><D108/><U125/><E125/><V23/><F23/><W58/><G58/><T135/><D135/><U20/><E20/><V53/><F101/><W6/><G6/><T50/><D30/><U82/><E82/><V43/><F100/><W36/><G36/><T103/><D32/><U46/><E128/><V16/><F17/><W83/><G83/><T111/><D103/><U130/><E130/><V112/><F112/><W10/><N who="3" m="2048" /><DORA hai="104" /><W14/><G13/><AGARI ba="2,0" hai="13,16,22,43,47,49,53,54,84,85,86" m="55575" machi="13" ten="30,3900,0" yaku="8,1,52,1,54,1" doraHai="88,104" who="2" fromWho="3" sc="350,0,421,0,118,45,111,-45" /><INIT seed="5,0,0,4,2,13" ten="350,421,163,66" oya="1" hai0="106,96,19,45,44,51,128,60,71,7,61,64,135" hai1="124,85,18,0,16,129,78,40,126,119,35,76,38" hai2="131,87,47,20,116,81,121,86,15,36,73,22,50" hai3="43,68,57,41,109,56,58,98,89,101,39,66,3"/><U12/><E119/><V122/><F116/><W27/><G3/><T97/><D128/><U103/><E0/><V92/><F36/><W134/><G109/><T123/><D7/><U17/><E35/><V90/><F73/><W32/><G134/><T26/><D135/><U113/><E129/><V125/><F125/><N who="1" m="48233" /><E113/><V30/><F131/><W10/><G10/><T99/><D60/><U93/><E12/><V25/><F15/><W31/><G89/><T62/><D61/><U49/><E38/><V77/><F20/><W94/><REACH who="3" step="1"/><G39/><REACH who="3" ten="350,421,163,56" step="2"/><T107/><D123/><U127/><E127/><V115/><F115/><W69/><G69/><T55/><D71/><U114/><E114/><V79/><F79/><W6/><G6/><T46/><D106/><U132/><E132/><V91/><F91/><W100/><G100/><T84/><D107/><U88/><E103/><V24/><F122/><W1/><G1/><T102/><D102/><U105/><E105/><V108/><F121/><W80/><G80/><T112/><D112/><U42/><E49/><V28/><F108/><W65/><G65/><T83/><D64/><U5/><E5/><V34/><F50/><W70/><G70/><T4/><D4/><U2/><E2/><V120/><F120/><W130/><G130/><T9/><D62/><AGARI ba="0,1" hai="27,31,32,41,43,56,57,58,62,66,68,94,98,101" machi="62" ten="40,2600,0" yaku="1,1,53,1" doraHai="13" doraHaiUra="67" who="3" fromWho="0" sc="350,-26,421,0,163,0,56,36" /><INIT seed="6,0,0,4,0,51" ten="324,421,163,92" oya="2" hai0="66,60,94,35,24,47,115,104,6,80,109,100,79" hai1="124,96,55,29,0,84,92,64,4,88,28,117,129" hai2="89,116,70,123,49,57,27,58,75,91,33,86,20" hai3="119,114,82,5,23,103,2,32,83,34,7,8,111"/><V14/><F116/><W113/><G119/><T40/><D115/><N who="3" m="44041" /><G111/><T46/><D109/><U121/><E117/><V118/><F118/><W95/><G7/><T130/><D130/><U53/><E129/><V15/><F70/><W31/><G103/><T128/><D128/><U72/><E72/><V85/><F75/><W61/><G61/><T65/><D6/><U120/><E64/><V21/><F33/><N who="3" m="12907" /><G95/><T19/><D94/><U54/><E124/><V106/><F106/><W105/><G105/><T62/><D60/><U25/><E25/><AGARI ba="0,0" hai="2,5,8,23,25,31,82,83" m="12907,44041" machi="25" ten="30,2000,0" yaku="15,1,11,1" doraHai="51" who="3" fromWho="1" sc="324,0,421,-20,163,0,92,20" /><INIT seed="7,0,0,5,2,27" ten="324,401,163,112" oya="3" hai0="38,44,75,134,58,10,61,87,42,19,6,90,15" hai1="91,33,114,36,51,88,92,103,18,110,28,16,95" hai2="132,122,52,93,62,72,74,13,111,94,23,64,118" hai3="63,25,60,32,76,86,121,24,50,112,21,22,124"/><W80/><G121/><T105/><D134/><U96/><E36/><V30/><F111/><W71/><G112/><T119/><D119/><U85/><E114/><V5/><F118/><W131/><G131/><T115/><D105/><U4/><E110/><V9/><F132/><W77/><G124/><T55/><D75/><U99/><E4/><V3/><F122/><W43/><G76/><T57/><D115/><U53/><E28/><V37/><F37/><W56/><G71/><T2/><D57/><N who="1" m="32959" /><E33/><V11/><F74/><W67/><G63/><T34/><D34/><U107/><E107/><V47/><F72/><W89/><G77/><T7/><D2/><U117/><E117/><V97/><F97/><W12/><G32/><T41/><D41/><U17/><E103/><V102/><F102/><W82/><G80/><T129/><D129/><U59/><E59/><N who="2" m="36959" /><F9/><W8/><G25/><T81/><AGARI ba="0,0" hai="6,7,10,15,19,38,42,44,55,58,61,81,87,90" machi="81" ten="20,1500,0" yaku="0,1,7,1" doraHai="27" who="0" fromWho="0" sc="324,15,401,-4,163,-4,112,-7" owari="339,13.9,397,49.7,159,-24.1,105,-39.5" /></mjloggm>