<mjloggm ver="2.3"><GO type="41" lobby="0"/><UN n0="%E3%83%88%E3%83%9E%E3%83%88%E3%83%94%E3%82%B6" n1="%6F%27%6F%27%6F" n2="%E2%93%9D%4C%75%63%6B%79%4A" n3="%46%49%4E%48%E7%B4%A0%E9%9D%A2" dan="14,14,17,15" rate="1845.18,2102.76,2161.71,2046.18" sx="M,M,M,M"/><TAIKYOKU oya="0"/><INIT seed="0,0,0,1,4,128" ten="250,250,250,250" oya="0" hai0="34,93,71,42,37,130,46,57,111,69,28,60,97" hai1="98,78,50,131,75,90,39,13,9,127,5,16,20" hai2="31,108,113,74,15,99,110,54,72,123,89,67,101" hai3="68,65,18,70,14,27,88,7,63,129,26,82,10"/><T133/><D130/><U55/><E131/><V62/><F54/><W64/><G129/><T30/><D111/><N who="2" m="42538" /><F15/><W3/><G65/><T119/><D119/><U17/><E39/><V86/><F31/><W124/><G124/><T52/><D133/><U106/><E127/><V115/><F62/><W53/><G70/><T102/><REACH who="0" step="1"/><D28/><REACH who="0" ten="240,250,250,250" step="2"/><U100/><E75/><N who="2" m="28715" /><F123/><W91/><G82/><T33/><D33/><U134/><E134/><V80/><F67/><W109/><G109/><T85/><D85/><U126/><E126/><V4/><F4/><W24/><REACH who="3" step="1"/><G53/><REACH who="3" ten="240,250,250,240" step="2"/><T87/><D87/><U56/><E55/><V135/><F135/><W114/><G114/><T38/><D38/><U81/><E81/><V76/><F76/><W58/><G58/><T43/><D43/><U6/><E78/><V21/><F115/><W79/><G79/><T125/><D125/><U23/><E56/><V61/><F113/><W0/><G0/><T2/><D2/><U77/><E77/><V8/><F80/><W48/><G48/><T45/><D45/><U11/><E50/><V36/><F36/><W40/><G40/><T112/><D112/><U66/><E66/><V96/><F61/><W116/><G116/><T104/><D104/><U103/><E106/><V120/><F120/><W51/><G51/><T44/><D44/><U19/><E98/><V29/><F99/><W41/><G41/><T105/><D105/><U132/><E132/><V92/><F86/><W84/><G84/><T95/><D95/><U25/><E25/><AGARI ba="0,2" hai="25,30,34,37,42,46,52,57,60,69,71,93,97,102" machi="25" ten="40,7700,0" yaku="1,1,54,1,53,1" doraHai="128" doraHaiUra="22" who="0" fromWho="1" sc="240,97,250,-77,250,0,240,0" /><INIT seed="0,1,0,0,1,54" ten="337,173,250,240" oya="0" hai0="87,75,66,97,67,55,74,12,45,23,125,24,50" hai1="85,124,7,17,30,102,9,31,99,15,114,86,105" hai2="76,29,109,51,101,113,104,91,5,92,21,43,128" hai3="37,42,49,18,135,106,4,22,133,88,107,121,123"/><T62/><D125/><U0/><E124/><V20/><F113/><W1/><G37/><T47/><D67/><U14/><E114/><V127/><F104/><W72/><G72/><T98/><D47/><U35/><E0/><V3/><F101/><W25/><G4/><T117/><D117/><U48/><E48/><V44/><F76/><W53/><G42/><T32/><D87/><U34/><E31/><V65/><F128/><W69/><G69/><T89/><D32/><U100/><E100/><V40/><F109/><W27/><G1/><T19/><D12/><U33/><REACH who="1" step="1"/><E30/><REACH who="1" ten="337,163,250,240" step="2"/><V90/><F29/><W79/><G123/><T110/><D110/><U103/><E103/><V59/><F3/><W58/><G121/><T64/><D75/><U134/><E134/><V39/><F127/><W8/><G133/><T83/><D74/><U70/><E70/><V28/><F28/><W63/><G135/><T96/><D62/><U82/><E82/><V80/><F80/><W73/><G63/><T122/><D122/><U120/><E120/><V77/><F51/><W38/><G38/><T132/><D132/><U41/><E41/><V126/><F43/><W131/><G73/><T61/><D61/><U26/><E26/><V108/><F126/><W116/><G27/><T118/><D118/><U94/><E94/><V115/><F92/><W36/><G116/><T130/><D130/><U95/><E95/><V6/><F115/><W129/><G129/><T52/><D55/><U112/><E112/><V84/><F40/><W2/><G131/><T111/><D111/><U93/><E93/><RYUUKYOKU ba="1,1" sc="337,15,163,15,250,-15,240,-15" hai0="19,23,24,45,50,52,64,66,83,89,96,97,98" hai1="7,9,14,15,17,33,34,35,85,86,99,102,105" /><INIT seed="0,2,1,5,3,73" ten="352,178,235,225" oya="0" hai0="67,0,43,23,77,95,2,122,56,97,7,9,134" hai1="10,35,13,49,99,109,108,17,34,42,102,29,120" hai2="52,58,47,124,90,71,98,93,105,1,111,59,133" hai3="72,110,57,132,24,118,12,135,51,113,60,50,15"/><T21/><D122/><U83/><E120/><V115/><F71/><W101/><G113/><T53/><D67/><U79/><E49/><V37/><F1/><W20/><G118/><T31/><D134/><U107/><E42/><V16/><F105/><W82/><G101/><T40/><D0/><U38/><E38/><V25/><F111/><N who="1" m="42569" /><E29/><V5/><F124/><W78/><G15/><T44/><D31/><U112/><E112/><V68/><F68/><W84/><G12/><T103/><D77/><U4/><E4/><V75/><F75/><AGARI ba="2,1" hai="10,13,17,34,35,75,79,83,99,102,107" m="42569" machi="75" ten="30,2000,0" yaku="14,1,52,1" doraHai="73" who="1" fromWho="2" sc="352,0,178,36,235,-26,225,0" /><INIT seed="1,0,0,2,5,56" ten="352,214,209,225" oya="1" hai0="11,92,123,76,105,74,24,130,70,132,57,61,113" hai1="28,98,119,23,36,44,108,100,41,129,67,94,71" hai2="17,109,9,6,7,86,128,114,77,116,8,49,42" hai3="35,10,19,88,72,79,87,81,25,39,22,84,121"/><U107/><E119/><V45/><F116/><W14/><G39/><T112/><D105/><U2/><E2/><V21/><F109/><W32/><G121/><T34/><D70/><U68/><E108/><V59/><F128/><W99/><G99/><T13/><D132/><U97/><E129/><V75/><F75/><W66/><G72/><T54/><D123/><U33/><E23/><V85/><F114/><W95/><REACH who="3" step="1"/><G66/><REACH who="3" ten="352,214,209,215" step="2"/><T5/><D130/><U134/><E67/><V65/><F65/><W64/><G64/><T18/><D113/><U73/><E73/><V48/><F86/><W15/><G15/><T58/><D112/><U12/><E12/><V115/><F85/><W60/><G60/><T30/><D74/><U118/><E118/><V46/><F115/><W135/><G135/><T91/><D5/><AGARI ba="0,1" hai="5,10,14,19,22,25,32,35,79,81,84,87,88,95" machi="5" ten="30,3900,0" yaku="1,1,7,1,54,1,53,0" doraHai="56" doraHaiUra="52" who="3" fromWho="0" sc="352,-39,214,0,209,0,215,49" /><INIT seed="2,0,0,1,1,115" ten="313,214,209,264" oya="2" hai0="105,74,13,98,121,96,18,2,114,22,50,124,47" hai1="11,44,52,116,7,45,38,55,27,100,120,34,122" hai2="60,80,86,85,123,107,8,104,9,117,112,14,61" hai3="33,5,63,1,83,102,78,39,17,82,97,108,92"/><V31/><F112/><W49/><G39/><T132/><D114/><U25/><E100/><V111/><F123/><N who="1" m="47145" /><E116/><V29/><F14/><W77/><G33/><T133/><D74/><U94/><E94/><V103/><F103/><W62/><G108/><T32/><D32/><U129/><E129/><V26/><F26/><N who="1" m="9737" /><E34/><V75/><F75/><W101/><G5/><T87/><D2/><N who="1" m="503" /><E44/><V131/><F131/><W42/><G1/><T53/><D121/><U95/><E95/><V15/><F15/><W4/><G4/><T72/><D72/><U89/><E89/><V113/><F113/><W56/><G17/><T106/><D87/><U40/><AGARI ba="0,0" hai="38,40,45,52,55" m="503,9737,47145" machi="40" ten="30,2000,0" yaku="13,1,54,1" doraHai="115" who="1" fromWho="1" sc="313,-5,214,20,209,-10,264,-5" /><INIT seed="3,0,0,3,0,21" ten="308,234,199,259" oya="3" hai0="102,54,110,44,118,131,82,25,50,76,92,120,35" hai1="109,47,101,107,86,13,81,52,111,51,48,64,66" hai2="62,57,115,103,36,17,121,59,128,91,5,132,79" hai3="70,38,0,122,26,42,113,135,7,11,72,1,116"/><W90/><G113/><T100/><D118/><U77/><E13/><V83/><F36/><W10/><G116/><T12/><D120/><U93/><E107/><V130/><F115/><W123/><G70/><T34/><D131/><U9/><E9/><V69/><F103/><W96/><G90/><T98/><D102/><U104/><E104/><V75/><F5/><N who="3" m="1319" /><G96/><T58/><D110/><N who="1" m="41995" /><E51/><V94/><F121/><W15/><G135/><T63/><D12/><U39/><E39/><V14/><F132/><W74/><G15/><T84/><REACH who="0" step="1"/><D25/><REACH who="0" ten="298,234,199,259" step="2"/><U68/><E101/><V33/><F14/><W3/><G3/><T114/><D114/><U71/><E71/><V60/><F69/><W22/><G123/><T4/><D4/><U73/><E68/><V29/><F130/><W16/><G122/><T31/><D31/><U129/><E129/><V8/><F29/><W117/><G117/><T30/><D30/><U127/><E127/><V28/><F28/><W24/><G72/><T99/><D99/><U37/><E37/><V45/><F128/><W49/><G38/><T78/><D78/><U88/><AGARI ba="0,1" hai="47,48,52,64,66,73,77,81,86,88,93" m="41995" machi="88" ten="30,4000,0" yaku="14,1,54,2" doraHai="21" who="1" fromWho="1" sc="298,-10,234,50,199,-10,259,-20" /><INIT seed="4,0,0,5,1,127" ten="288,284,189,239" oya="0" hai0="87,40,98,13,64,107,83,69,3,54,12,23,133" hai1="30,24,0,4,26,106,46,78,62,86,74,18,70" hai2="92,114,80,43,118,82,45,58,33,49,11,84,128" hai3="44,77,102,63,32,134,135,97,91,111,42,29,38"/><T95/><D107/><U79/><E74/><V21/><F33/><W73/><G111/><T48/><D40/><U25/><E106/><V19/><F114/><W47/><G47/><T52/><D3/><U117/><E4/><V113/><F118/><W9/><G91/><T124/><D133/><U122/><E0/><V130/><F11/><W6/><G63/><T14/><D124/><U37/><E122/><V112/><F92/><W39/><G39/><T17/><D64/><U7/><E7/><V71/><F71/><W93/><G29/><T8/><D69/><U50/><E37/><V66/><F58/><W120/><G32/><T56/><D54/><U5/><E5/><V125/><F66/><W31/><G31/><T60/><D48/><U34/><E62/><V68/><F68/><W123/><G135/><T41/><D41/><U115/><E117/><V132/><F125/><W2/><REACH who="3" step="1"/><G134/><REACH who="3" ten="288,284,189,229" step="2"/><T126/><D126/><U81/><E30/><V15/><F132/><W72/><G72/><T35/><D35/><U28/><E28/><V75/><F75/><W104/><G104/><T65/><D65/><U61/><E34/><V116/><F116/><W51/><G51/><T110/><D110/><U103/><E50/><V20/><F113/><W96/><G96/><T57/><D57/><U67/><E115/><V22/><F112/><W55/><G55/><T121/><D8/><U105/><E105/><V59/><F59/><W108/><G108/><T85/><D87/><U129/><E67/><V10/><F84/><W53/><G53/><T27/><D52/><U76/><E70/><RYUUKYOKU ba="0,1" sc="288,-15,284,-15,189,15,229,15" hai2="10,15,19,20,21,22,43,45,49,80,82,128,130" hai3="2,6,9,38,42,44,73,77,93,97,102,120,123" /><INIT seed="5,1,1,2,5,75" ten="273,269,204,244" oya="1" hai0="133,108,86,101,27,79,28,25,66,78,122,17,81" hai1="24,8,61,59,113,6,54,117,91,67,93,42,104" hai2="105,100,16,82,53,21,119,50,112,63,10,52,0" hai3="90,110,73,123,36,41,11,62,99,103,80,18,48"/><U15/><E113/><V88/><F119/><W45/><G123/><T65/><D108/><U77/><E117/><V51/><F105/><W130/><G110/><T71/><D133/><U131/><E131/><V49/><F100/><W134/><G134/><T22/><D122/><U39/><E104/><V109/><F109/><W92/><G130/><T72/><D101/><U43/><E39/><V23/><F0/><W129/><G129/><T1/><D1/><U38/><E38/><V96/><F112/><W102/><G62/><T76/><D72/><U69/><E77/><V64/><F10/><W5/><G18/><T121/><D121/><U84/><REACH who="1" step="1"/><E24/><REACH who="1" ten="273,259,204,244" step="2"/><V124/><F124/><W127/><G127/><T116/><D116/><U4/><E4/><V97/><F23/><W14/><REACH who="3" step="1"/><G36/><REACH who="3" ten="273,259,204,234" step="2"/><T7/><D7/><U34/><E34/><V31/><F21/><W87/><G87/><T132/><D132/><U29/><E29/><V114/><F31/><W94/><G94/><T135/><D135/><U20/><E20/><V125/><F125/><W98/><G98/><T30/><D30/><U95/><E95/><V55/><F114/><W56/><G56/><T89/><D28/><U9/><E9/><V46/><F97/><W35/><G35/><T3/><D27/><U128/><E128/><V2/><F96/><W32/><G32/><T118/><D118/><U47/><E47/><V19/><F46/><W33/><G33/><T111/><D111/><U107/><E107/><V58/><F2/><W26/><G26/><T60/><D3/><U85/><E85/><AGARI ba="1,3" hai="16,19,49,50,51,52,53,55,58,63,64,82,85,88" machi="85" ten="40,8000,1" yaku="8,1,54,3" doraHai="75" who="2" fromWho="1" sc="273,0,259,-83,204,113,234,0" /><INIT seed="6,0,0,2,0,20" ten="273,176,317,234" oya="2" hai0="119,117,7,99,113,51,109,42,17,78,122,71,112" hai1="30,2,3,97,83,29,85,84,116,9,60,132,68" hai2="27,12,19,66,76,22,73,108,54,10,13,25,94" hai3="38,32,14,47,110,16,86,34,128,81,75,89,123"/><V46/><F108/><W52/><G123/><T101/><D71/><U11/><E116/><N who="0" m="44617" /><D78/><U69/><E97/><V44/><F66/><W26/><G110/><T72/><D72/><U124/><E60/><V57/><F73/><W61/><G128/><T106/><D7/><U15/><E15/><V77/><F94/><W39/><G75/><T56/><D109/><U64/><E64/><V58/><F54/><W65/><G34/><T24/><D122/><U6/><E6/><V105/><F105/><W63/><G39/><T92/><D92/><U74/><E74/><V31/><F31/><N who="3" m="19575" /><G38/><T126/><D126/><U125/><REACH who="1" step="1"/><E83/><REACH who="1" ten="273,166,317,234" step="2"/><V50/><F50/><N who="3" m="28767" /><G65/><T28/><D51/><U100/><E100/><V82/><F82/><W45/><G45/><T134/><D56/><U121/><E121/><V41/><F58/><W43/><G43/><T91/><D42/><U95/><E95/><V131/><F41/><W67/><G67/><T79/><D106/><U59/><E59/><V133/><F57/><W23/><G63/><T114/><D101/><U103/><E103/><V5/><F46/><W62/><G62/><T115/><D112/><U53/><E53/><V49/><F44/><W8/><G61/><T37/><D113/><U1/><E1/><V36/><F5/><W70/><G70/><T102/><D114/><U96/><E96/><V0/><F0/><W107/><G107/><T18/><D99/><U55/><E55/><V4/><F4/><W120/><G120/><T98/><D98/><U118/><E118/><V135/><F13/><W33/><G8/><T88/><D115/><RYUUKYOKU ba="0,1" sc="273,-15,166,15,317,-15,234,15" hai1="2,3,9,11,29,30,68,69,84,85,124,125,132" hai3="14,16,23,33,81,86,89" /><INIT seed="7,1,1,2,1,6" ten="258,181,302,249" oya="3" hai0="75,44,22,74,132,129,43,80,126,95,39,8,111" hai1="133,31,94,96,102,78,72,90,68,106,1,23,24" hai2="26,92,67,32,100,40,62,110,116,134,46,16,12" hai3="120,99,2,48,47,0,60,49,88,103,70,119,9"/><W50/><G119/><T105/><D111/><U101/><E68/><V130/><F110/><W135/><G120/><T108/><D105/><U17/><E133/><V13/><F116/><W77/><G77/><T54/><D126/><U10/><E106/><V115/><F115/><W63/><G135/><T61/><D129/><U27/><E78/><V112/><F32/><W34/><G34/><T30/><D132/><U7/><REACH who="1" step="1"/><E72/><REACH who="1" ten="258,171,302,249" step="2"/><V4/><F134/><W19/><G70/><T117/><D108/><U114/><E114/><V82/><F112/><W89/><G47/><T79/><D74/><U5/><E5/><V83/><F4/><W71/><G71/><T81/><D117/><U109/><E109/><V3/><F46/><W86/><G0/><T104/><D104/><U36/><E36/><V91/><F3/><W118/><G2/><T21/><D75/><U131/><E131/><V52/><F130/><W113/><G113/><T64/><D39/><U98/><E98/><V15/><F15/><N who="3" m="7663" /><G118/><T29/><D79/><U35/><AGARI ba="1,2" hai="1,7,10,17,23,24,27,31,35,90,94,96,101,102" machi="35" ten="20,8000,1" yaku="1,1,0,1,7,1,52,1,53,1" doraHai="6" doraHaiUra="93" who="1" fromWho="1" sc="258,-21,171,103,302,-21,249,-41" /><INIT seed="8,0,0,1,0,26" ten="237,274,281,208" oya="0" hai0="22,71,86,70,124,100,87,74,14,119,61,48,77" hai1="121,105,120,52,34,113,16,27,33,64,133,43,69" hai2="56,67,109,111,79,37,85,117,112,6,96,84,11" hai3="75,18,50,94,17,115,129,3,59,1,122,51,28"/><T104/><D74/><U41/><E105/><V15/><F37/><W45/><G75/><T63/><D124/><U125/><E125/><V83/><F112/><W82/><G115/><T12/><D100/><U81/><E113/><V110/><F117/><W54/><G129/><T20/><D48/><U38/><E69/><V66/><F96/><W57/><G82/><T118/><REACH who="0" step="1"/><D77/><REACH who="0" ten="227,274,281,208" step="2"/><U99/><E120/><V91/><REACH who="2" step="1"/><F56/><REACH who="2" ten="227,274,271,208" step="2"/><W135/><G59/><T78/><D78/><U40/><E121/><V93/><AGARI ba="0,2" hai="6,11,15,66,67,79,83,84,85,91,93,109,110,111" machi="93" ten="30,4000,0" yaku="1,1,2,1,0,1,53,0" doraHai="26" doraHaiUra="102" who="2" fromWho="2" sc="227,-20,274,-10,271,60,208,-10" owari="207,-19.3,264,6.4,331,43.1,198,-30.2" /></mjloggm>