<mjloggm ver="2.3"><GO type="41" lobby="0"/><UN n0="%79%69%72%61%6E" n1="%E3%81%84%E3%81%B6%E3%82%93%E3%83%99%E3%81%84" n2="%27%33%27" n3="%E2%93%9D%4C%75%63%6B%79%4A" dan="15,13,15,18" rate="1999.78,1840.34,2057.35,2216.41" sx="F,M,M,M"/><TAIKYOKU oya="0"/><INIT seed="0,0,0,3,5,9" ten="250,250,250,250" oya="0" hai0="109,32,59,107,128,106,13,15,105,56,2,60,20" hai1="110,115,30,84,87,67,16,1,132,88,17,93,95" hai2="65,98,113,49,38,99,78,90,6,52,27,3,94" hai3="85,62,127,120,42,68,116,114,28,25,11,131,4"/><T81/><D32/><U18/><E1/><V100/><F113/><W0/><G114/><T39/><D2/><U46/><E115/><V41/><F78/><W19/><G42/><T61/><D39/><U43/><E67/><V64/><F27/><W91/><G127/><T108/><D81/><U126/><E126/><V45/><F6/><W119/><G131/><T104/><D20/><U51/><E132/><V92/><REACH who="2" step="1"/><F3/><REACH who="2" ten="250,250,240,250" step="2"/><W101/><G25/><T66/><D128/><U121/><E121/><V134/><F134/><W48/><G4/><T54/><REACH who="0" step="1"/><D105/><REACH who="0" ten="240,250,240,250" step="2"/><U55/><E110/><AGARI ba="0,2" hai="13,15,54,56,59,60,61,66,104,106,107,108,109,110" machi="110" ten="50,18000,2" yaku="1,1,2,1,14,1,10,1,52,2,53,0" doraHai="9" doraHaiUra="82" who="0" fromWho="1" sc="240,200,250,-180,240,0,250,0" /><INIT seed="0,1,0,5,3,113" ten="440,70,240,250" oya="0" hai0="48,109,66,9,69,133,124,13,1,44,25,100,76" hai1="23,95,132,130,82,45,16,84,7,21,64,71,55" hai2="85,75,114,22,128,5,134,2,122,51,40,19,70" hai3="42,72,125,46,106,81,87,63,20,52,104,24,32"/><T117/><D117/><U15/><E130/><V50/><F122/><W112/><G112/><T26/><D1/><U62/><E132/><V3/><F114/><W38/><G72/><T56/><D69/><U65/><E65/><V92/><F75/><W53/><G32/><T129/><D133/><U119/><E95/><V34/><F34/><W120/><G125/><T59/><D129/><U94/><E94/><V17/><F134/><W108/><G108/><T115/><D115/><U67/><E67/><V39/><F70/><W89/><G120/><T78/><D100/><U18/><E7/><V0/><F5/><W33/><G33/><T118/><D118/><U28/><E28/><V86/><F128/><W6/><G6/><N who="0" m="3255" /><D109/><U123/><E123/><V98/><F39/><W93/><G63/><N who="0" m="38247" /><D59/><U101/><E101/><V99/><F22/><W68/><G68/><T110/><D124/><U127/><E127/><V54/><F40/><W57/><G57/><T102/><D102/><U43/><E55/><V10/><F10/><W96/><G106/><T49/><D49/><U37/><E119/><V8/><F8/><W30/><REACH who="3" step="1"/><G104/><REACH who="3" ten="440,70,240,240" step="2"/><T83/><D110/><U97/><E97/><V35/><F99/><W79/><AGARI ba="1,1" hai="20,24,30,38,42,46,52,53,79,81,87,89,93,96" machi="79" ten="20,8000,1" yaku="1,1,2,1,0,1,7,1,54,1,53,0" doraHai="113" doraHaiUra="14" who="3" fromWho="3" sc="440,-41,70,-21,240,-21,240,93" /><INIT seed="1,0,0,0,2,83" ten="399,49,219,333" oya="1" hai0="89,126,66,81,19,21,44,14,132,17,38,71,30" hai1="0,92,77,87,74,133,16,31,3,72,28,95,18" hai2="39,94,22,110,127,123,96,111,4,75,51,8,120" hai3="29,105,53,90,35,130,13,40,97,78,128,11,114"/><U104/><E104/><V5/><F39/><W34/><G40/><T33/><D126/><U112/><E77/><V113/><F75/><W50/><G29/><T85/><D132/><U6/><E6/><V25/><F127/><W56/><G114/><T125/><D125/><U68/><E68/><V49/><F113/><W99/><G78/><T135/><D135/><U98/><E98/><V62/><F62/><W48/><G50/><T118/><D118/><U102/><E102/><V91/><F49/><W59/><G59/><T54/><D54/><U129/><E133/><V88/><F51/><W73/><G73/><T124/><D124/><U117/><E112/><V45/><F45/><W60/><G48/><T131/><D131/><N who="3" m="50217" /><G90/><T76/><D76/><U86/><REACH who="1" step="1"/><E129/><REACH who="1" ten="399,39,219,333" step="2"/><V122/><F4/><N who="3" m="3303" /><G99/><T63/><D71/><U64/><E64/><V12/><REACH who="2" step="1"/><F91/><REACH who="2" ten="399,39,209,333" step="2"/><W37/><G37/><T106/><D89/><U65/><E65/><V42/><F42/><W43/><G43/><T46/><D66/><U26/><E26/><V108/><F108/><W2/><G97/><T82/><D38/><U32/><E32/><V70/><F70/><W69/><G69/><T93/><D46/><U20/><E20/><V116/><F116/><AGARI ba="0,2" hai="0,3,16,18,28,31,72,74,86,87,92,95,116,117" machi="116" ten="25,24000,3" yaku="1,1,22,2,52,2,54,1,53,2" doraHai="83" doraHaiUra="24" who="1" fromWho="2" sc="399,0,39,260,209,-240,333,0" owari="399,49.9,299,-10.1,-31,-53.1,333,13.3" /></mjloggm>