<mjloggm ver="2.3"><GO type="41" lobby="0"/><UN n0="%E2%93%9D%4C%75%63%6B%79%4A" n1="%E3%81%9F%E3%81%90%E3%81%BE%E3%81%B2" n2="%E3%81%97%E3%81%BE%E3%81%8A%E3%83%BC%E3%83%BC" n3="%46%6C%79" dan="17,14,15,13" rate="2161.83,1887.33,1994.61,1856.82" sx="M,M,M,M"/><TAIKYOKU oya="0"/><INIT seed="0,0,0,2,5,6" ten="250,250,250,250" oya="0" hai0="116,0,9,35,12,114,94,30,74,38,51,21,70" hai1="64,59,34,108,132,53,36,46,120,90,58,27,47" hai2="52,66,95,41,25,61,42,83,121,85,11,93,43" hai3="135,56,31,123,124,131,86,50,23,84,77,54,109"/><T4/><D38/><U119/><E120/><V13/><F121/><W17/><G109/><T2/><D70/><U129/><E119/><V73/><F25/><W69/><G124/><T76/><D74/><U39/><E129/><V78/><F73/><W28/><G131/><T80/><D94/><U91/><E132/><V97/><F97/><W72/><G135/><T7/><D51/><U104/><E104/><V26/><F26/><W57/><G69/><T102/><D102/><U106/><E106/><V128/><F128/><W5/><G123/><T32/><D80/><U125/><E108/><V82/><F82/><W65/><G72/><T44/><D44/><U33/><E125/><V19/><F66/><W75/><G5/><T88/><D76/><U110/><E33/><N who="0" m="12873" /><D88/><U14/><E110/><V62/><F62/><N who="3" m="38087" /><G75/><T49/><D49/><U130/><E39/><V115/><F115/><W10/><G10/><N who="0" m="2423" /><D116/><U99/><E36/><V60/><F60/><W89/><G77/><T3/><D114/><U101/><E130/><V24/><F24/><AGARI ba="0,0" hai="0,3,4,9,12,21,24,30" m="2423,12873" machi="24" ten="30,18000,2" yaku="35,5,52,2" doraHai="6" who="0" fromWho="2" sc="250,180,250,0,250,-180,250,0" /><INIT seed="0,1,0,5,1,65" ten="430,250,70,250" oya="0" hai0="64,0,1,13,63,124,101,127,57,60,73,116,106" hai1="108,14,62,110,43,111,39,94,23,78,2,25,29" hai2="122,105,130,45,74,15,36,58,115,16,119,56,38" hai3="107,87,18,61,92,31,55,22,52,8,93,3,79"/><T26/><D116/><U10/><E2/><V17/><F74/><W90/><G107/><T49/><D73/><U114/><E114/><V117/><F105/><W59/><G31/><T133/><D49/><U102/><E78/><V113/><F122/><W96/><G3/><T51/><D51/><U109/><N who="1" m="27648" /><DORA hai="86" /><U80/><E80/><V84/><F84/><W118/><G8/><T91/><D13/><U104/><E104/><V123/><F123/><W6/><G6/><T12/><D12/><U97/><E62/><V125/><F130/><W47/><G118/><N who="2" m="45065" /><F125/><N who="0" m="48202" /><D133/><U131/><E131/><V69/><F69/><W33/><G33/><T21/><D101/><U103/><E43/><N who="2" m="22759" /><F38/><W5/><G5/><T4/><D4/><N who="1" m="3399" /><E39/><V99/><F99/><W81/><G92/><T70/><D106/><U35/><E103/><V37/><F37/><W20/><G18/><N who="2" m="7273" /><F15/><W66/><REACH who="3" step="1"/><G47/><REACH who="3" ten="430,250,70,240" step="2"/><T83/><D1/><U76/><E35/><V77/><F77/><W54/><AGARI ba="1,1" hai="20,22,52,54,55,59,61,66,79,81,87,90,93,96" machi="54" ten="30,12000,2" yaku="1,1,2,1,0,1,8,1,52,1,54,1,53,0" doraHai="65,86" doraHaiUra="135,121" who="3" fromWho="3" sc="430,-61,250,-31,70,-31,240,133" /><INIT seed="1,0,0,5,1,26" ten="369,219,39,373" oya="1" hai0="42,57,30,83,116,127,20,49,128,51,114,62,94" hai1="79,131,6,113,15,123,102,25,31,5,17,67,14" hai2="92,9,66,77,124,1,115,8,73,125,54,71,82" hai3="52,95,130,13,16,74,75,87,60,48,107,39,50"/><U109/><E123/><V117/><F115/><W106/><G39/><T132/><D116/><U34/><E113/><V122/><F117/><W58/><G130/><T36/><D83/><U93/><E131/><V21/><F122/><W37/><G37/><T2/><D2/><U78/><E109/><V32/><F32/><W112/><G112/><T129/><D36/><U41/><E41/><V69/><F69/><W18/><G75/><T29/><D127/><U19/><E67/><V3/><F66/><W56/><G74/><T12/><D132/><U86/><E102/><V47/><F71/><W63/><G87/><T0/><D0/><U11/><E93/><V76/><F76/><W45/><G95/><T35/><D35/><U53/><E53/><V46/><F92/><W81/><G81/><T118/><D118/><U96/><E96/><V88/><F54/><W134/><G134/><T100/><D42/><U85/><E86/><V40/><F77/><W65/><G18/><N who="0" m="10311" /><D129/><U4/><REACH who="1" step="1"/><E85/><REACH who="1" ten="369,209,39,373" step="2"/><N who="2" m="50231" /><F73/><W111/><G111/><T103/><D128/><U105/><E105/><V64/><F40/><W22/><G48/><N who="0" m="18507" /><D114/><U80/><E80/><V121/><F121/><W7/><REACH who="3" step="1"/><G7/><REACH who="3" ten="369,209,39,363" step="2"/><T99/><D103/><U59/><E59/><V135/><F135/><W90/><G90/><T108/><D108/><U120/><E120/><V126/><F126/><W119/><G119/><T24/><D94/><U89/><E89/><V10/><F125/><W23/><G23/><AGARI ba="0,2" hai="4,5,6,11,14,15,17,19,23,25,31,34,78,79" machi="23" ten="40,3900,0" yaku="1,1,52,1,53,0" doraHai="26" doraHaiUra="101" who="1" fromWho="3" sc="369,0,209,59,39,0,363,-39" /><INIT seed="1,1,0,1,4,52" ten="369,268,39,324" oya="1" hai0="103,8,64,108,33,84,14,100,59,26,88,135,69" hai1="70,115,32,4,62,12,16,40,51,22,25,104,87" hai2="71,45,9,90,46,53,101,31,123,41,102,73,97" hai3="83,7,28,30,67,34,80,1,66,2,39,131,3"/><U86/><E104/><V96/><F123/><W77/><G39/><T105/><D69/><U124/><E115/><V127/><F73/><W55/><G131/><T27/><D108/><U79/><E124/><V54/><F71/><W15/><G34/><T11/><D11/><U60/><E70/><V110/><F110/><W49/><G80/><N who="0" m="49159" /><D33/><U119/><E119/><V19/><F31/><W23/><G67/><T76/><D76/><U29/><E4/><V47/><F127/><W82/><G66/><T126/><D135/><U89/><E79/><V93/><F41/><W10/><G83/><T111/><D105/><U125/><E125/><V113/><F113/><W132/><G23/><T58/><D64/><U75/><E75/><V65/><F65/><W129/><G129/><T56/><D111/><U48/><E86/><V68/><F68/><W130/><G132/><T74/><D74/><U13/><E12/><N who="2" m="7567" /><F97/><W42/><G42/><T116/><D116/><U6/><E6/><V94/><F94/><W18/><G7/><N who="0" m="3359" /><D126/><U95/><REACH who="1" step="1"/><E40/><REACH who="1" ten="369,258,39,324" step="2"/><V38/><F38/><W85/><REACH who="3" step="1"/><G130/><REACH who="3" ten="369,258,39,314" step="2"/><T118/><D118/><U112/><E112/><V43/><F43/><W36/><G36/><T109/><D109/><U92/><E92/><V114/><F114/><W24/><G24/><AGARI ba="1,2" hai="24,26,27,56,58,59,100,103" m="3359,49159" machi="24" ten="30,8000,1" yaku="8,1,52,3,54,1" doraHai="52" who="0" fromWho="3" sc="369,103,258,0,39,0,314,-83" /><INIT seed="2,0,0,3,4,90" ten="472,258,39,231" oya="2" hai0="30,92,86,99,60,105,87,54,123,82,67,78,27" hai1="73,74,37,126,5,64,0,103,49,58,3,97,66" hai2="106,42,127,93,108,61,46,22,9,45,135,41,110" hai3="31,121,116,76,13,100,57,44,34,75,47,117,119"/><V124/><F106/><W65/><G121/><T48/><D123/><U131/><E37/><V134/><F22/><W16/><G34/><T129/><D129/><U83/><E131/><V19/><F61/><W72/><G31/><T94/><D87/><U10/><E126/><N who="2" m="48171" /><F93/><W70/><G70/><T50/><D105/><U107/><E0/><V120/><F19/><W38/><G38/><T115/><D115/><U84/><E66/><V102/><F102/><W122/><G122/><T7/><D7/><U130/><E130/><V6/><F9/><W17/><G100/><T33/><D99/><U29/><E29/><V95/><F95/><W20/><G17/><T118/><D118/><U18/><E18/><V25/><F25/><W12/><G12/><T68/><REACH who="0" step="1"/><D50/><REACH who="0" ten="462,258,39,231" step="2"/><U89/><E49/><N who="2" m="26799" /><F6/><W32/><G117/><T40/><D40/><U133/><E5/><V77/><F120/><W63/><G116/><T15/><D15/><U14/><E14/><V36/><F77/><W71/><G119/><T26/><D26/><U69/><E107/><V101/><F101/><W21/><G76/><T56/><AGARI ba="0,1" hai="27,30,33,48,54,56,60,67,68,78,82,86,92,94" machi="56" ten="20,8000,1" yaku="1,1,0,1,7,1,52,2,53,0" doraHai="90" doraHaiUra="104" who="0" fromWho="0" sc="462,90,258,-20,39,-40,231,-20" owari="552,65.2,238,3.8,-1,-50.1,211,-18.9" /></mjloggm>