<mjloggm ver="2.3"><GO type="137" lobby="0"/><UN n0="%E3%83%9E%E3%83%AB%E3%82%AF%E3%82%B9%E3%81%A8%E3%81%85%E3%83%BC%E3%82%8A" n1="%E4%BD%9C%E7%89%A9%E5%A4%A7%E5%A5%BD%E3%81%8D" n2="%E5%A4%A9%E6%AC%8A" n3="%E2%93%9D%4C%75%63%6B%79%4A" dan="12,10,12,12" rate="1792.76,1706.50,1701.01,1828.73" sx="M,M,F,M"/><TAIKYOKU oya="0"/><INIT seed="0,0,0,4,1,15" ten="250,250,250,250" oya="0" hai0="94,51,128,63,111,116,60,117,132,33,121,70,98" hai1="43,118,62,12,73,120,83,110,86,76,109,25,67" hai2="91,101,36,65,46,9,57,44,0,29,75,102,5" hai3="82,92,103,35,105,17,113,129,78,95,122,74,18"/><T127/><D121/><U16/><E118/><V26/><F75/><W90/><G113/><T100/><D33/><U52/><E120/><V135/><F135/><W32/><G122/><T80/><D132/><U47/><E25/><V4/><F36/><W69/><G95/><T106/><D127/><U130/><E130/><V124/><F124/><W58/><G69/><T85/><D128/><U22/><E73/><V119/><F119/><W27/><G58/><T84/><D111/><U77/><E77/><V30/><F0/><W99/><G129/><T126/><D126/><U19/><E19/><N who="3" m="7178" /><G27/><T61/><D70/><U34/><E34/><V40/><F91/><W53/><G53/><T79/><D106/><U104/><E104/><V97/><F26/><W13/><G13/><T81/><REACH who="0" step="1"/><D51/><REACH who="0" ten="240,250,250,250" step="2"/><N who="1" m="27135" /><E109/><V107/><F107/><W89/><G90/><AGARI ba="0,1" hai="60,61,63,79,80,81,84,85,90,94,98,100,116,117" machi="90" ten="40,2000,0" yaku="1,1,53,0" doraHai="15" doraHaiUra="48" who="0" fromWho="3" sc="240,30,250,0,250,0,250,-20" /><INIT seed="0,1,0,0,4,27" ten="270,250,250,230" oya="0" hai0="117,88,134,57,95,127,119,96,123,9,42,115,104" hai1="53,61,54,72,84,90,133,50,14,130,122,109,11" hai2="124,40,107,48,78,108,101,94,103,85,10,98,18" hai3="37,41,135,126,43,105,17,15,5,1,60,19,63"/><T3/><D123/><U97/><E122/><V12/><F108/><W69/><G105/><T121/><D121/><U132/><E72/><V52/><F124/><W31/><G1/><T64/><D64/><U33/><E33/><V30/><F30/><W113/><G37/><T46/><D46/><BYE who="0" /><U80/><E109/><V20/><F40/><W67/><G113/><T120/><D120/><U102/><E130/><V26/><F107/><UN n0="%E3%83%9E%E3%83%AB%E3%82%AF%E3%82%B9%E3%81%A8%E3%81%85%E3%83%BC%E3%82%8A" /><W65/><G5/><T86/><D134/><N who="1" m="51819" /><E61/><V23/><F101/><W75/><G75/><T45/><D57/><U73/><E50/><V68/><F68/><W81/><G81/><T38/><D115/><U22/><E73/><V44/><REACH who="2" step="1"/><F26/><REACH who="2" ten="270,250,240,230" step="2"/><W21/><G126/><T93/><D127/><U35/><E102/><V70/><F70/><W55/><G43/><T25/><D25/><U131/><E131/><V62/><F62/><W29/><G41/><T111/><D111/><U36/><E36/><V49/><F49/><W116/><G135/><T106/><D104/><U125/><E125/><V74/><F74/><W66/><G69/><T24/><D24/><U8/><E35/><V39/><F39/><W118/><G63/><T34/><D34/><U100/><E54/><V128/><F128/><W4/><G55/><T13/><D106/><N who="1" m="63759" /><E53/><V32/><F32/><W59/><G67/><T28/><D38/><U110/><E110/><V76/><F76/><W2/><G66/><T83/><D42/><U99/><E90/><V56/><F56/><W114/><G114/><T7/><D88/><U112/><E112/><V129/><F129/><W82/><G65/><RYUUKYOKU ba="1,1" sc="270,-10,250,-10,240,30,230,-10" hai2="10,12,18,20,23,44,48,52,78,85,94,98,103" /><INIT seed="1,2,1,3,0,24" ten="260,240,270,220" oya="1" hai0="121,61,12,70,82,78,90,94,56,109,64,14,122" hai1="65,131,40,18,13,114,37,127,104,133,6,110,118" hai2="55,44,47,132,135,68,3,7,5,85,62,16,128" hai3="95,57,92,23,81,107,53,1,71,129,8,42,77"/><U28/><E65/><N who="2" m="41015" /><F128/><W35/><G35/><T59/><D109/><U27/><E131/><V111/><F111/><W113/><G107/><T101/><D101/><U0/><E110/><V93/><F3/><W75/><G113/><T134/><D70/><U123/><E123/><N who="0" m="47113" /><D59/><U25/><E114/><V120/><F120/><W41/><G23/><T52/><D64/><U49/><E118/><V10/><F93/><W4/><G71/><T54/><D54/><U51/><E104/><V26/><F85/><W36/><G129/><T80/><D134/><N who="2" m="51242" /><F55/><W84/><G84/><N who="0" m="48151" /><D82/><U11/><E133/><V79/><F79/><W63/><REACH who="3" step="1"/><G42/><REACH who="3" ten="260,240,270,210" step="2"/><T50/><D61/><U126/><E40/><V66/><F66/><W30/><G30/><T91/><D94/><U22/><E28/><V48/><F48/><W106/><G106/><T76/><D76/><U97/><E51/><V112/><F112/><W96/><G96/><T72/><D72/><U130/><E97/><V99/><F99/><W31/><G31/><T100/><D100/><U108/><E108/><V124/><F10/><W119/><G119/><T103/><D103/><U74/><E49/><V9/><F9/><W29/><G29/><T34/><D34/><U19/><E74/><V58/><F44/><AGARI ba="2,2" hai="1,4,8,36,41,44,53,57,63,75,77,81,92,95" machi="44" ten="40,5200,0" yaku="1,1,25,2,53,0" doraHai="24" doraHaiUra="15" who="3" fromWho="2" sc="260,0,240,0,270,-58,210,78" /><INIT seed="2,0,0,4,2,90" ten="260,240,212,288" oya="2" hai0="24,4,97,74,46,30,94,33,93,102,109,100,72" hai1="125,83,48,107,118,85,58,64,113,47,19,0,57" hai2="78,114,23,75,2,43,68,55,49,108,41,14,80" hai3="73,82,7,37,117,35,1,45,18,44,110,11,25"/><V29/><F114/><W81/><G117/><T26/><D4/><U132/><E118/><V21/><F108/><W123/><G110/><T40/><D109/><U95/><E113/><V39/><F68/><W31/><G123/><T105/><D105/><U99/><E107/><V130/><F130/><W56/><G56/><T5/><D5/><U76/><E125/><V111/><F111/><W36/><G18/><T13/><D13/><U8/><E132/><V121/><F121/><W66/><G66/><T20/><D20/><U17/><E0/><V133/><F133/><W15/><G15/><T61/><D61/><U62/><E8/><V122/><F122/><W59/><G59/><T42/><D26/><U9/><E9/><V87/><F2/><W60/><G60/><T10/><D10/><U120/><E58/><V91/><F39/><W54/><G54/><T92/><D42/><U127/><E127/><V32/><F32/><W27/><G27/><T71/><D71/><U96/><E96/><V63/><F63/><W51/><G73/><T86/><D86/><U34/><E34/><V119/><F119/><W128/><G128/><T131/><D131/><U134/><E134/><V79/><F29/><W135/><G135/><T89/><D89/><N who="1" m="55791" /><E120/><V52/><F75/><W106/><G106/><T69/><D69/><U53/><AGARI ba="0,0" hai="17,19,47,48,53,57,62,64,76,83,85" m="55791" machi="53" ten="30,2000,0" yaku="8,1,52,1" doraHai="90" who="1" fromWho="1" sc="260,-5,240,20,212,-10,288,-5" /><INIT seed="3,0,0,5,5,20" ten="255,260,202,283" oya="3" hai0="0,50,129,124,3,103,55,111,23,8,133,27,101" hai1="76,42,78,106,122,89,87,46,73,115,9,57,80" hai2="43,65,51,19,47,97,93,79,2,116,7,134,135" hai3="4,95,126,81,38,6,92,58,44,33,98,90,107"/><W71/><G71/><T75/><D111/><U17/><E115/><V25/><F116/><W82/><G33/><T120/><D120/><U45/><E122/><V28/><F79/><W49/><G38/><T94/><D133/><N who="2" m="50698" /><F65/><W123/><G107/><T91/><D129/><U52/><E106/><V21/><F7/><W104/><G104/><T109/><D109/><U118/><E118/><V12/><F2/><W29/><G29/><T24/><D75/><U26/><E73/><V18/><F12/><W11/><G126/><T117/><D117/><U84/><E46/><V1/><F1/><W74/><G58/><T54/><D124/><U125/><E84/><V16/><F28/><W119/><G123/><T105/><D105/><U56/><E56/><V110/><F110/><W85/><G74/><T121/><D23/><N who="1" m="13679" /><E9/><V114/><F114/><W128/><G128/><T130/><D130/><U70/><E70/><V30/><F30/><W127/><G127/><T68/><D68/><U60/><E125/><V13/><F13/><W34/><G34/><T37/><D37/><U131/><E131/><V59/><F59/><W40/><G119/><T86/><D121/><U53/><E42/><V112/><F112/><W99/><G6/><N who="0" m="1095" /><D3/><U62/><E62/><V66/><F66/><W35/><G35/><T48/><D55/><U63/><E63/><V100/><AGARI ba="0,0" hai="16,18,19,21,25,43,47,51,93,97,100" m="50698" machi="100" ten="30,4000,0" yaku="20,1,52,1,54,1" doraHai="20" who="2" fromWho="2" sc="255,-10,260,-10,202,40,283,-20" /><INIT seed="4,0,0,3,1,128" ten="245,250,242,263" oya="0" hai0="46,81,9,123,120,29,71,132,47,20,72,80,86" hai1="2,52,26,38,28,10,25,90,31,66,18,19,103" hai2="96,85,59,48,73,50,6,78,7,129,11,82,64" hai3="118,65,62,94,27,89,114,30,69,122,39,55,67"/><T58/><D71/><U102/><E66/><V74/><F129/><W44/><G114/><T76/><D132/><U43/><E43/><V42/><F96/><W3/><G3/><T61/><D9/><U127/><E38/><V53/><F7/><W79/><G79/><T8/><D8/><U108/><E108/><V13/><F64/><W98/><G122/><T109/><D109/><U51/><E127/><V36/><REACH who="2" step="1"/><F36/><REACH who="2" ten="245,250,232,263" step="2"/><W24/><G67/><T34/><D123/><U113/><E113/><V121/><F121/><W91/><G39/><T60/><D120/><U105/><E105/><V4/><F4/><W23/><G65/><T16/><D34/><U104/><E104/><V87/><F87/><W88/><G69/><T41/><D86/><U12/><E2/><V135/><F135/><W125/><G125/><T112/><D112/><U1/><E1/><V83/><F83/><W40/><G98/><T126/><D81/><U99/><E99/><V131/><F131/><W75/><G94/><T0/><D126/><U84/><E84/><V63/><F63/><W111/><G62/><T49/><D0/><U134/><E134/><V130/><F130/><W97/><G97/><T21/><D61/><U22/><E90/><V54/><F54/><W5/><G55/><N who="0" m="32111" /><D60/><U92/><E92/><V106/><F106/><W93/><G93/><T115/><D115/><U101/><E52/><V56/><F56/><W17/><G111/><T33/><D33/><N who="1" m="20623" /><E51/><V37/><F37/><N who="3" m="21519" /><G91/><T124/><D124/><U119/><E119/><V68/><F68/><W35/><G118/><T110/><D80/><RYUUKYOKU ba="0,1" sc="245,-15,250,15,232,15,263,-15" hai1="10,12,18,19,22,26,31,101,102,103" hai2="6,11,13,42,48,50,53,59,73,74,78,82,85" /><INIT seed="5,1,1,4,4,46" ten="230,265,247,248" oya="1" hai0="68,17,75,73,43,85,78,22,1,33,99,90,80" hai1="101,65,19,28,37,107,63,130,131,135,8,12,102" hai2="87,124,106,121,117,88,64,119,103,59,56,86,61" hai3="126,36,15,69,35,52,20,93,57,42,55,41,6"/><U7/><E135/><V48/><F121/><W9/><G35/><T114/><D68/><U71/><E37/><V113/><F124/><W2/><G69/><T120/><D33/><U53/><E28/><V72/><F72/><W27/><G2/><T5/><D114/><U30/><E30/><V132/><F132/><W11/><G11/><T44/><D120/><U34/><E34/><V54/><F113/><W79/><G79/><T76/><D99/><U39/><E39/><V67/><F67/><W91/><G55/><T129/><D129/><N who="1" m="49163" /><E107/><V14/><F14/><W109/><G109/><T31/><D31/><U115/><E115/><V100/><F87/><N who="3" m="52479" /><G36/><T111/><D111/><U89/><E89/><V70/><F70/><W10/><G10/><T21/><D21/><N who="1" m="11495" /><E53/><V127/><F127/><W45/><G45/><T83/><D5/><U92/><E92/><V134/><F134/><W16/><G126/><T32/><D1/><AGARI ba="1,1" hai="1,7,8,63,65,71,101,102" m="11495,49163" machi="1" ten="30,1500,0" yaku="19,1" doraHai="46" who="1" fromWho="0" sc="230,-18,265,28,247,0,248,0" /><INIT seed="5,2,0,5,0,130" ten="212,293,247,248" oya="1" hai0="26,75,83,62,127,32,135,16,118,64,49,124,105" hai1="51,121,4,31,123,72,18,63,81,101,89,100,90" hai2="129,126,50,115,30,7,43,122,98,1,22,56,102" hai3="15,92,117,12,55,112,85,60,71,97,17,40,58"/><U79/><E4/><V45/><F122/><W99/><G71/><T23/><D105/><U39/><E39/><V96/><F129/><W37/><G112/><T33/><D118/><U114/><E31/><V87/><F126/><N who="0" m="48170" /><D49/><U38/><E38/><V93/><F115/><W120/><G120/><T68/><D75/><U9/><E114/><V84/><F56/><W59/><G15/><T11/><D83/><U110/><E63/><V111/><F111/><W74/><G74/><T36/><D36/><U44/><E110/><V13/><F1/><W116/><G59/><T128/><D128/><U25/><E101/><V65/><F65/><W125/><G125/><T41/><D41/><U113/><E100/><V14/><F7/><W134/><G40/><T46/><D46/><U53/><E113/><V2/><F2/><W107/><G107/><T24/><D11/><U8/><E8/><V10/><F98/><W78/><G99/><T47/><D47/><U57/><E44/><V103/><F103/><N who="3" m="60839" /><G37/><T35/><D26/><U104/><E104/><V106/><F106/><W5/><G117/><T0/><D0/><U54/><E121/><V70/><F70/><W48/><G116/><T21/><D21/><N who="1" m="13495" /><E123/><V80/><F10/><N who="3" m="6295" /><G5/><T88/><D88/><N who="1" m="33899" /><E9/><V61/><F61/><W109/><G60/><T27/><D27/><U131/><E131/><V66/><F66/><W3/><G3/><T133/><AGARI ba="2,0" hai="16,23,24,32,33,35,62,64,68,133,135" m="48170" machi="133" ten="40,8000,1" yaku="18,1,52,2,54,1" doraHai="130" who="0" fromWho="0" sc="212,86,293,-42,247,-22,248,-22" /><INIT seed="6,0,0,3,1,72" ten="298,251,225,226" oya="2" hai0="87,131,41,27,133,62,61,33,95,89,18,17,115" hai1="113,135,7,53,23,39,29,107,101,37,57,70,8" hai2="116,86,28,26,14,63,76,3,124,85,105,46,79" hai3="97,122,15,71,54,34,130,73,68,80,47,52,59"/><V66/><F116/><W126/><G34/><T104/><D131/><U36/><E70/><V88/><F3/><W111/><G111/><T121/><D115/><U4/><E113/><V10/><F124/><W81/><G122/><T38/><D133/><U9/><E135/><V56/><F105/><W45/><G97/><T1/><D1/><U129/><E129/><V119/><F119/><W78/><G130/><T125/><D125/><U50/><E29/><V30/><F46/><W11/><G126/><T40/><D104/><U51/><E23/><N who="2" m="15455" /><F30/><W102/><G102/><T109/><D109/><U0/><E101/><V31/><F31/><W93/><G93/><T106/><D33/><U44/><E107/><V120/><F120/><W110/><G110/><T12/><D38/><U32/><E32/><V92/><F86/><W48/><G81/><T21/><D106/><U35/><E35/><V5/><AGARI ba="0,0" hai="5,10,14,56,63,66,76,79,85,88,92" m="15455" machi="5" ten="30,11700,0" yaku="8,1,52,2,54,1" doraHai="72" who="2" fromWho="2" sc="298,-39,251,-39,225,117,226,-39" /><INIT seed="6,1,0,0,5,129" ten="259,212,342,187" oya="2" hai0="130,109,9,21,33,10,63,52,96,20,39,119,88" hai1="72,34,104,12,86,118,98,77,54,81,48,100,47" hai2="116,123,6,87,19,24,99,64,111,0,97,131,56" hai3="101,45,71,126,82,114,18,2,43,3,76,1,29"/><V69/><F116/><W70/><G126/><T74/><D33/><U67/><E118/><V89/><F69/><W94/><G29/><T79/><D109/><U103/><E34/><V102/><F123/><W25/><G94/><N who="0" m="56391" /><D39/><U22/><E67/><V15/><F0/><W44/><G101/><T53/><D74/><U66/><E66/><V105/><F131/><W122/><G122/><T110/><D110/><U5/><E100/><V92/><F24/><W128/><G45/><T93/><D79/><U106/><E106/><V90/><F111/><W31/><G18/><T40/><D130/><U78/><E78/><V83/><F6/><W80/><G114/><T37/><D37/><U23/><REACH who="1" step="1"/><E72/><REACH who="1" ten="259,202,342,187" step="2"/><V42/><F64/><W124/><G76/><T8/><D119/><U113/><E113/><V134/><F134/><W28/><G128/><T108/><D108/><U115/><E115/><V46/><F56/><W50/><G71/><T127/><D127/><U41/><E41/><V85/><F99/><W120/><G124/><T125/><D40/><U36/><E36/><V91/><F105/><W32/><G120/><T4/><D125/><U30/><E30/><V75/><F75/><W26/><REACH who="3" step="1"/><G70/><REACH who="3" ten="259,202,342,177" step="2"/><T35/><D35/><AGARI ba="1,2" hai="1,2,3,25,26,28,31,32,35,43,44,50,80,82" machi="35" ten="40,5200,0" yaku="1,1,2,1,9,1,53,0" doraHai="129" doraHaiUra="17" who="3" fromWho="0" sc="259,-55,202,0,342,0,177,75" /><INIT seed="7,0,0,2,4,73" ten="204,202,342,252" oya="3" hai0="78,37,14,112,39,7,58,123,63,19,17,126,91" hai1="101,54,85,10,121,115,95,131,16,103,133,48,32" hai2="31,30,124,97,18,88,77,55,26,27,114,33,100" hai3="50,44,45,64,28,42,81,21,69,87,127,120,83"/><W34/><G120/><T12/><D123/><U41/><E121/><V104/><F114/><W29/><G34/><T68/><D68/><U108/><E108/><V118/><F118/><W102/><G102/><T122/><D122/><U40/><E115/><V3/><F3/><W70/><G127/><T65/><D112/><U105/><E32/><V84/><F77/><W113/><G113/><T98/><D78/><U99/><E131/><V36/><F36/><W75/><G64/><T47/><D126/><U2/><E133/><V38/><F38/><W119/><G119/><T43/><D39/><U86/><E101/><V134/><F134/><W106/><G106/><T61/><D61/><U35/><E35/><V62/><F18/><W128/><G128/><T23/><D7/><U46/><E2/><V135/><F135/><W117/><G75/><T116/><D116/><U92/><E105/><V93/><F124/><W90/><G83/><T129/><D129/><U6/><E6/><V20/><F62/><W82/><G82/><T94/><D19/><U49/><E92/><V60/><F60/><W13/><G117/><T51/><D37/><U67/><E40/><V130/><F55/><W111/><G111/><T24/><AGARI ba="0,0" hai="12,14,17,23,24,43,47,51,58,63,65,91,94,98" machi="24" ten="20,2700,0" yaku="0,1,7,1,8,1" doraHai="73" who="0" fromWho="0" sc="204,27,202,-7,342,-7,252,-13" owari="231,-16.9,195,-30.5,335,43.5,239,3.9" /></mjloggm>