<mjloggm ver="2.3"><GO type="41" lobby="0"/><UN n0="%E5%86%B0%E5%B0%81%E7%8E%8B%E5%BA%A7" n1="%E2%93%9D%4C%75%63%6B%79%4A" n2="%E7%88%86%E8%A3%82%E9%83%BD%E5%B8%82%EF%BD%9E" n3="%E3%82%AB%E3%83%8B%E3%81%AE%E6%8A%B1%E6%93%81" dan="14,18,14,13" rate="1915.34,2182.08,1941.36,1873.58" sx="M,M,M,M"/><TAIKYOKU oya="0"/><INIT seed="0,0,0,5,1,129" ten="250,250,250,250" oya="0" hai0="99,111,32,15,42,38,64,90,108,49,119,13,65" hai1="76,14,88,109,115,69,123,52,5,39,92,87,107" hai2="122,91,85,72,44,86,54,45,1,41,28,0,19" hai3="132,61,78,9,130,101,98,124,30,126,4,133,83"/><T16/><D32/><U103/><E39/><V120/><F72/><W70/><G30/><T128/><D128/><U47/><E69/><V67/><F67/><W110/><G110/><N who="0" m="42027" /><D119/><U22/><E109/><V93/><F28/><W81/><G130/><T94/><D38/><U24/><E107/><V46/><F41/><W71/><G61/><T96/><D96/><U34/><E123/><V114/><F114/><W104/><G70/><T23/><D13/><U11/><E34/><V82/><F54/><W97/><G71/><T58/><D58/><U63/><E115/><V25/><F25/><W56/><G56/><T59/><D42/><U12/><E103/><V18/><F122/><W55/><G55/><AGARI ba="0,0" hai="15,16,23,49,55,59,64,65,90,94,99" m="42027" machi="55" ten="30,5800,0" yaku="14,1,10,1,54,1" doraHai="129" who="0" fromWho="3" sc="250,58,250,0,250,0,250,-58" /><INIT seed="0,1,0,3,1,68" ten="308,250,250,192" oya="0" hai0="116,91,36,47,113,59,92,100,8,12,102,2,6" hai1="131,126,114,32,29,87,110,63,75,38,130,129,37" hai2="30,33,111,20,105,115,28,7,88,24,86,4,9" hai3="107,52,39,35,11,23,22,21,54,117,119,42,85"/><T61/><D116/><U72/><E114/><V25/><F105/><W15/><G35/><T5/><D113/><U118/><E118/><V128/><F115/><W14/><G107/><T10/><D47/><U58/><E87/><V60/><F111/><W120/><G120/><T51/><D51/><U16/><E110/><V82/><F128/><W34/><G34/><T108/><D108/><U73/><E126/><V95/><F60/><W46/><G85/><T127/><D127/><U104/><E104/><V45/><F9/><W17/><G117/><T80/><D80/><U31/><E16/><V121/><F121/><W78/><G78/><T79/><D79/><U109/><E109/><V48/><REACH who="2" step="1"/><F82/><REACH who="2" ten="308,250,240,192" step="2"/><W103/><G119/><T84/><REACH who="0" step="1"/><D36/><REACH who="0" ten="298,250,240,192" step="2"/><N who="1" m="13931" /><E32/><V122/><F122/><W135/><G135/><T101/><D101/><U66/><AGARI ba="1,2" hai="29,31,58,63,66,72,73,75,129,130,131" m="13931" machi="66" ten="50,8000,1" yaku="19,1,52,3" doraHai="68" who="1" fromWho="1" sc="298,-41,250,103,240,-21,192,-21" /><INIT seed="1,0,0,5,1,89" ten="257,353,219,171" oya="1" hai0="122,17,90,133,95,62,98,76,108,13,27,58,1" hai1="68,78,124,82,87,120,38,99,4,88,42,46,16" hai2="44,101,110,45,11,59,0,74,83,113,22,60,116" hai3="30,26,69,100,8,20,126,109,94,128,91,54,15"/><U48/><E120/><V50/><F110/><W96/><G109/><T9/><D108/><U41/><E68/><V73/><F116/><W86/><G128/><T129/><D129/><U49/><E124/><V111/><F111/><W33/><G126/><T118/><D118/><U36/><E4/><V57/><F113/><W5/><G69/><T119/><D119/><U134/><E134/><V114/><F114/><W25/><G54/><T29/><D1/><U51/><E38/><V81/><F22/><W61/><G61/><T105/><D105/><U92/><REACH who="1" step="1"/><E16/><REACH who="1" ten="257,343,219,171" step="2"/><V24/><F0/><W43/><G43/><AGARI ba="0,1" hai="36,41,42,43,46,48,49,51,78,82,87,88,92,99" machi="43" ten="40,12000,1" yaku="1,1,2,1,52,1,54,1,53,1" doraHai="89" doraHaiUra="75" who="1" fromWho="3" sc="257,0,343,130,219,0,171,-120" /><INIT seed="1,1,0,4,4,87" ten="257,473,219,51" oya="1" hai0="75,74,52,46,70,98,64,63,4,61,113,128,48" hai1="45,42,92,91,39,24,67,71,58,40,23,57,129" hai2="114,81,132,55,133,34,11,135,47,60,3,38,73" hai3="95,94,120,93,9,99,90,32,22,100,65,78,106"/><U117/><E117/><V103/><F34/><W43/><G32/><T59/><D113/><U82/><E129/><V27/><F27/><W15/><G120/><T21/><D128/><U77/><E42/><N who="2" m="22999" /><F103/><W89/><G65/><T18/><D4/><U16/><E71/><V31/><F31/><W130/><G130/><T107/><D98/><U53/><E67/><V2/><F55/><W54/><G43/><T122/><D107/><U13/><E24/><V25/><F25/><W30/><G78/><T85/><D85/><U20/><E23/><V101/><F60/><W115/><G115/><T121/><D121/><U51/><E58/><V83/><F101/><W134/><G134/><T6/><D6/><U35/><E35/><V72/><F114/><W126/><G126/><T88/><D122/><U33/><E33/><V86/><F81/><W29/><G54/><T5/><D5/><U17/><E17/><V50/><F50/><W112/><G112/><T97/><D61/><U96/><E82/><V1/><F11/><W44/><G44/><T12/><REACH who="0" step="1"/><D70/><REACH who="0" ten="247,473,219,51" step="2"/><U28/><REACH who="1" step="1"/><E77/><AGARI ba="1,1" hai="1,2,3,72,73,77,83,86,132,133,135" m="22999" machi="77" ten="40,1300,0" yaku="20,1" doraHai="87" who="2" fromWho="1" sc="247,0,473,-16,219,26,51,0" /><INIT seed="2,0,0,2,5,41" ten="247,457,245,51" oya="2" hai0="126,22,120,105,19,40,131,26,77,116,61,21,4" hai1="5,6,102,97,70,94,96,37,7,101,66,129,122" hai2="82,17,75,28,12,85,69,134,110,11,107,39,68" hai3="13,123,117,135,81,60,104,34,50,89,115,74,118"/><V18/><F134/><W109/><G13/><T31/><D120/><U38/><E122/><V133/><F107/><W3/><G60/><T90/><D105/><U10/><E129/><V121/><F121/><W99/><G50/><T84/><D77/><U98/><E94/><V76/><F133/><W119/><G89/><T2/><D131/><U111/><E10/><V47/><F28/><W80/><G118/><T15/><D126/><U16/><E111/><V78/><F110/><W132/><G99/><T44/><D61/><U29/><E29/><V59/><F59/><W106/><G80/><T125/><D125/><U46/><E70/><V63/><F76/><W93/><G93/><T58/><D58/><U49/><E66/><V114/><F75/><W91/><G91/><T55/><D55/><U51/><E16/><V27/><F114/><W32/><G81/><T112/><D112/><U8/><E8/><V35/><F35/><W20/><G20/><T92/><D116/><U128/><E128/><V0/><F0/><W43/><G3/><T73/><D73/><U36/><E51/><V64/><F69/><W33/><G33/><T23/><D2/><U127/><E127/><V113/><F113/><W1/><G1/><T57/><D4/><U45/><E49/><V24/><REACH who="2" step="1"/><F18/><REACH who="2" ten="247,457,235,51" step="2"/><W100/><G115/><T124/><D57/><U72/><E72/><V79/><F79/><W52/><G109/><T103/><D124/><U88/><E88/><V14/><F14/><W87/><G123/><T67/><D15/><U130/><E130/><V9/><F9/><W56/><G119/><RYUUKYOKU ba="0,1" sc="247,-15,457,15,235,15,51,-15" hai1="5,6,7,36,37,38,45,46,96,97,98,101,102" hai2="11,12,17,24,27,39,47,63,64,68,78,82,85" /><INIT seed="2,1,1,4,4,66" ten="232,472,250,36" oya="2" hai0="42,6,106,117,82,132,120,22,75,104,54,112,86" hai1="25,107,110,16,48,52,40,91,71,21,18,74,133" hai2="57,38,24,17,77,26,80,130,111,20,84,65,33" hai3="97,61,122,81,90,128,8,131,4,126,45,79,14"/><V2/><F2/><W9/><G122/><T19/><D112/><U95/><E107/><V78/><F38/><W0/><G126/><T36/><D120/><U105/><E105/><V7/><F130/><W30/><G30/><T13/><D132/><U93/><E74/><V58/><F7/><W49/><G61/><T34/><D34/><U115/><E71/><V67/><F111/><W32/><G32/><T27/><D75/><U134/><E40/><V28/><REACH who="2" step="1"/><F78/><REACH who="2" ten="232,472,240,36" step="2"/><W76/><G128/><T109/><D109/><U116/><E110/><V12/><F12/><W83/><G131/><T63/><D13/><U35/><E134/><V3/><F3/><W59/><G76/><T102/><D6/><U92/><E133/><V68/><F68/><W44/><G79/><T113/><D113/><U10/><E115/><V64/><AGARI ba="1,2" hai="17,20,24,26,28,33,57,58,64,65,67,77,80,84" machi="64" ten="30,6000,0" yaku="1,1,0,1,53,1" doraHai="66" doraHaiUra="15" who="2" fromWho="2" sc="232,-21,472,-21,240,83,36,-21" /><INIT seed="2,2,0,0,5,50" ten="211,451,323,15" oya="2" hai0="129,125,57,9,30,69,40,74,56,33,112,65,127" hai1="66,123,99,98,121,25,5,4,72,105,52,97,88" hai2="47,75,36,133,41,118,2,122,104,7,135,86,89" hai3="55,83,95,79,92,85,82,60,35,24,48,107,51"/><V80/><F122/><N who="1" m="46601" /><E66/><V76/><F118/><W91/><G107/><T22/><D74/><U14/><E72/><V114/><F114/><W44/><G60/><T64/><D33/><U100/><E25/><V84/><F104/><W108/><G108/><T115/><D9/><N who="1" m="4399" /><E4/><V21/><F21/><W59/><G35/><T110/><D22/><U1/><E1/><V12/><F12/><W94/><G24/><T16/><D16/><U120/><N who="1" m="46609" /><U42/><DORA hai="132" /><E42/><V6/><F6/><W20/><G20/><T8/><D8/><U117/><E117/><V109/><F109/><W106/><G106/><T116/><D30/><U49/><E88/><V18/><F18/><W13/><G13/><T3/><D3/><U23/><E23/><V19/><F19/><W39/><G39/><T93/><D116/><U130/><E130/><V131/><F131/><W68/><G68/><T96/><D129/><U26/><E26/><V46/><F46/><AGARI ba="2,0" hai="46,49,52,97,98,99,100,105" m="4399,46609" machi="46" ten="40,5200,0" yaku="13,1,52,1,54,1" doraHai="50,132" who="1" fromWho="2" sc="211,0,451,58,323,-58,15,0" /><INIT seed="3,0,0,4,1,115" ten="211,509,265,15" oya="3" hai0="98,88,69,70,60,82,135,51,65,131,125,38,68" hai1="27,78,11,117,16,39,53,55,9,37,24,18,52" hai2="112,33,44,128,12,120,101,61,97,29,96,13,93" hai3="75,107,92,80,5,72,49,48,71,35,108,45,50"/><W81/><G107/><T126/><D38/><U56/><E56/><V8/><F112/><W74/><G35/><T28/><D28/><U30/><E78/><V20/><F128/><W116/><G71/><T119/><D131/><U63/><E30/><V118/><F118/><W66/><G66/><T105/><D105/><U42/><E42/><V31/><F33/><W134/><G134/><T109/><D135/><U6/><E6/><V21/><F61/><W85/><G5/><T46/><D119/><U83/><E83/><V58/><F58/><W47/><G116/><T32/><D32/><U67/><E117/><V41/><F120/><W64/><G64/><T124/><D109/><U1/><E67/><V95/><F31/><W99/><G108/><T2/><D2/><U102/><E102/><V84/><F84/><W130/><G130/><T79/><D79/><U17/><E63/><V114/><F13/><W26/><G26/><N who="1" m="9770" /><E1/><V90/><F29/><W57/><G57/><T86/><REACH who="0" step="1"/><D98/><REACH who="0" ten="201,509,265,15" step="2"/><U43/><E43/><AGARI ba="0,1" hai="43,46,51,60,65,68,69,70,82,86,88,124,125,126" machi="43" ten="40,8000,1" yaku="1,1,2,1,18,1,54,1,53,0" doraHai="115" doraHaiUra="4" who="0" fromWho="1" sc="201,90,509,-80,265,0,15,0" /><INIT seed="4,0,0,2,1,129" ten="291,429,265,15" oya="0" hai0="9,24,119,17,12,58,115,10,30,122,11,5,66" hai1="120,79,135,116,134,22,38,65,91,26,23,61,57" hai2="132,118,97,85,107,105,51,94,25,93,43,86,34" hai3="103,110,124,37,113,39,104,117,3,35,41,74,70"/><T59/><D122/><U47/><E120/><V72/><F25/><W62/><G103/><T13/><D119/><U102/><E116/><V89/><F118/><W6/><G62/><T106/><D106/><N who="2" m="40458" /><F51/><W67/><G67/><T112/><D66/><U36/><E79/><V80/><F43/><W111/><G41/><T15/><D59/><U121/><E102/><N who="2" m="60719" /><F34/><W76/><G76/><T55/><D58/><U48/><E91/><N who="2" m="53615" /><F132/><N who="1" m="50729" /><E121/><V125/><F125/><W130/><G6/><N who="0" m="3159" /><D55/><N who="1" m="30111" /><E23/><AGARI ba="0,0" hai="5,9,11,13,15,17,23,24,30,112,115" m="3159" machi="23" ten="30,2900,0" yaku="34,2" doraHai="129" who="0" fromWho="1" sc="291,29,429,-29,265,0,15,0" /><INIT seed="4,1,0,4,0,58" ten="320,400,265,15" oya="0" hai0="116,33,115,32,11,88,21,123,35,70,117,65,63" hai1="20,106,18,6,72,66,41,46,1,122,129,103,44" hai2="131,28,27,64,4,50,19,68,134,101,73,49,89" hai3="78,113,43,119,75,125,107,16,99,23,30,62,10"/><T102/><D123/><U37/><E122/><V51/><F73/><W92/><G119/><T8/><D102/><U118/><E46/><V104/><F131/><W96/><G113/><T34/><D115/><U132/><E66/><V95/><F19/><W71/><G125/><T81/><N who="0" m="8192" /><DORA hai="91" /><T108/><D21/><U83/><E132/><V121/><F121/><W85/><G43/><T135/><D135/><U76/><E129/><V127/><F127/><W47/><G47/><T79/><D108/><U69/><E69/><V15/><F134/><W9/><G75/><T128/><D128/><U24/><E103/><V110/><F110/><W124/><G124/><T114/><D114/><U82/><E83/><V105/><F101/><W39/><G39/><T7/><D88/><U29/><E106/><V126/><F126/><W12/><G107/><T55/><D55/><U17/><E118/><V86/><F28/><W87/><G71/><T60/><D60/><U84/><E84/><N who="3" m="32330" /><G62/><T67/><D67/><U48/><E48/><V25/><F105/><W133/><G133/><T31/><D117/><U80/><E82/><V14/><F104/><W109/><G109/><T90/><D116/><U40/><E41/><V0/><F0/><W93/><G78/><T120/><D79/><U98/><E98/><N who="3" m="37418" /><G9/><AGARI ba="1,0" hai="1,6,9,17,18,20,24,29,37,40,44,72,76,80" machi="9" ten="40,2600,0" yaku="25,2" doraHai="58,91" who="1" fromWho="3" sc="320,0,400,29,265,0,15,-29" owari="320,12.0,429,52.9,265,-13.5,-14,-51.4" /></mjloggm>