<mjloggm ver="2.3"><GO type="41" lobby="0"/><UN n0="%E6%98%BC%E8%8A%B1%E7%81%AB" n1="%E2%93%9D%4C%75%63%6B%79%4A" n2="%53%40%73%40%73%40%74%6F" n3="%6D%31" dan="13,17,14,14" rate="1837.85,2142.67,1983.56,1917.04" sx="M,M,M,M"/><TAIKYOKU oya="0"/><INIT seed="0,0,0,4,5,129" ten="250,250,250,250" oya="0" hai0="16,42,68,88,61,50,8,46,5,120,126,25,82" hai1="132,14,110,38,36,58,133,114,121,115,49,75,91" hai2="103,29,89,113,102,27,12,131,117,101,118,56,130" hai3="48,62,45,39,73,79,111,17,26,99,67,128,86"/><T122/><D126/><U93/><E75/><V116/><F113/><N who="1" m="43017" /><E121/><V107/><F56/><W24/><G128/><N who="2" m="49193" /><F12/><W84/><G111/><T53/><D68/><U35/><E35/><N who="2" m="20927" /><F89/><W23/><G39/><N who="1" m="14890" /><E110/><V92/><F92/><W22/><G99/><AGARI ba="0,0" hai="99,101,102,103,107,116,117,118" m="20927,49193" machi="99" ten="40,2600,0" yaku="12,1,19,1" doraHai="129" who="2" fromWho="3" sc="250,0,250,0,250,26,250,-26" /><INIT seed="1,0,0,5,4,32" ten="250,250,276,224" oya="1" hai0="18,67,61,59,90,22,79,24,28,92,103,14,4" hai1="91,131,13,101,20,38,8,114,37,12,83,39,58" hai2="81,45,16,122,27,123,134,10,126,11,127,124,66" hai3="133,17,95,106,111,113,107,64,31,98,89,74,50"/><U5/><E114/><V9/><F66/><W48/><G113/><T88/><D79/><U51/><E101/><V129/><F45/><W25/><G74/><T125/><D125/><U115/><E115/><V3/><F81/><W52/><G133/><T72/><D72/><U23/><E131/><V55/><F55/><W0/><G111/><T62/><D62/><U54/><REACH who="1" step="1"/><E13/><REACH who="1" ten="250,240,276,224" step="2"/><V41/><F129/><W75/><G107/><T44/><D103/><U110/><E110/><V116/><F124/><W47/><G106/><T1/><D1/><U118/><E118/><V97/><F116/><W135/><G135/><T21/><D14/><U119/><E119/><V112/><F134/><W99/><G75/><T78/><D4/><U71/><E71/><V96/><F112/><W34/><G99/><T15/><D78/><U120/><E120/><V104/><F122/><W60/><G50/><T53/><D92/><U2/><E2/><V46/><F3/><W56/><G0/><T30/><D30/><U57/><E57/><V109/><F109/><W80/><G80/><T130/><D130/><U6/><E6/><V65/><F123/><W100/><G100/><T68/><REACH who="0" step="1"/><D44/><REACH who="0" ten="240,240,276,224" step="2"/><U26/><E26/><V82/><F27/><W102/><G102/><T29/><D29/><U132/><E132/><V77/><F126/><W73/><G73/><T40/><D40/><U121/><E121/><V33/><F41/><W43/><G43/><T84/><D84/><AGARI ba="0,2" hai="5,8,12,20,23,37,38,39,51,54,58,83,84,91" machi="84" ten="40,2000,0" yaku="1,1,53,0" doraHai="32" doraHaiUra="42" who="1" fromWho="0" sc="240,-20,240,40,276,0,224,0" /><INIT seed="1,1,0,0,5,84" ten="220,280,276,224" oya="1" hai0="65,93,90,105,18,127,112,98,116,126,83,63,0" hai1="22,4,72,11,132,125,129,61,66,56,28,113,24" hai2="67,96,89,14,121,119,81,118,135,123,38,78,80" hai3="122,99,33,15,42,41,73,44,130,2,107,19,103"/><U52/><E113/><V75/><F38/><W60/><G122/><T82/><D0/><U110/><E129/><V17/><F135/><W64/><G33/><T21/><D112/><U53/><E132/><V97/><F67/><W29/><G130/><T109/><D116/><U131/><E131/><V87/><F17/><W133/><G73/><T20/><D109/><U47/><E72/><V13/><F14/><W85/><G133/><T62/><D105/><U124/><E110/><V111/><F13/><W8/><G2/><T5/><D5/><U69/><E47/><V3/><F3/><W70/><G29/><T59/><D63/><U49/><REACH who="1" step="1"/><E53/><REACH who="1" ten="220,270,276,224" step="2"/><V10/><F111/><W27/><G44/><T115/><D115/><U106/><E106/><V54/><F54/><W32/><REACH who="3" step="1"/><G85/><REACH who="3" ten="220,270,276,214" step="2"/><T58/><D58/><U134/><E134/><V30/><F121/><W86/><G86/><T1/><D1/><AGARI ba="1,2" hai="1,4,11,22,24,28,49,52,56,61,66,69,124,125" machi="1" ten="40,3900,0" yaku="1,1,54,1,53,0" doraHai="84" doraHaiUra="114" who="1" fromWho="0" sc="220,-42,270,62,276,0,214,0" /><INIT seed="1,2,0,1,3,102" ten="178,332,276,214" oya="1" hai0="75,98,42,0,107,91,101,130,119,48,25,21,81" hai1="82,93,135,72,43,109,68,36,29,76,124,22,51" hai2="64,99,5,46,86,97,78,59,89,23,54,108,56" hai3="117,50,14,88,57,128,60,19,100,18,52,37,79"/><U90/><E68/><V118/><F118/><W20/><G117/><T39/><D119/><U41/><E36/><V58/><F108/><W112/><G112/><T34/><D39/><U3/><E3/><V17/><F5/><W66/><G128/><T30/><D0/><U134/><E124/><V123/><F64/><W47/><G100/><T27/><D130/><U65/><E65/><V111/><F111/><W80/><G37/><T94/><D42/><U104/><E109/><V62/><F123/><W9/><G79/><T96/><D48/><U73/><E73/><V35/><F35/><W127/><G127/><T1/><D1/><U32/><E32/><V122/><F122/><W12/><REACH who="3" step="1"/><G80/><REACH who="3" ten="178,332,276,204" step="2"/><T69/><D75/><U114/><E82/><N who="2" m="49367" /><F78/><W133/><G133/><T67/><D81/><U8/><E76/><V113/><F113/><W33/><G33/><T131/><D131/><U26/><E114/><V16/><F46/><W110/><G110/><T10/><D27/><U83/><E26/><N who="2" m="14695" /><F17/><W125/><G125/><T28/><D28/><U105/><E29/><V126/><F126/><W129/><G129/><T55/><D21/><U6/><E22/><V2/><F2/><W63/><G63/><N who="0" m="40191" /><D10/><U49/><E8/><V115/><F115/><W74/><G74/><T92/><D92/><U24/><E93/><V53/><F62/><W38/><G38/><T31/><D31/><U85/><E72/><V84/><F84/><W87/><G87/><T132/><D132/><U44/><E135/><V40/><F40/><N who="1" m="15433" /><E134/><V13/><F13/><W7/><G7/><T103/><D103/><RYUUKYOKU ba="2,1" sc="178,10,332,-30,276,10,204,10" hai0="25,30,34,55,91,94,96,98,101,107" hai2="53,54,56,58,59,97,99" hai3="9,12,14,18,19,20,47,50,52,57,60,66,88" /><INIT seed="2,3,1,4,0,87" ten="188,302,286,214" oya="2" hai0="125,115,0,19,3,63,135,126,36,27,64,96,133" hai1="45,131,8,85,34,70,49,117,107,102,5,26,13" hai2="62,51,73,65,22,132,101,127,38,46,109,47,100" hai3="80,33,67,53,129,18,48,56,99,41,72,93,97"/><V7/><F127/><N who="0" m="48650" /><D36/><U103/><E117/><V118/><F118/><W14/><G129/><T30/><D96/><U119/><E70/><V114/><F114/><W106/><G33/><N who="0" m="20703" /><D19/><U54/><E131/><V95/><F132/><N who="0" m="50762" /><D115/><U83/><E107/><V9/><F73/><W89/><G41/><T10/><D10/><U50/><E119/><V69/><F38/><W113/><G113/><T104/><D104/><U39/><E39/><V2/><F22/><W16/><G67/><T58/><AGARI ba="3,1" hai="0,3,58,63,64" m="50762,20703,48650" machi="58" ten="30,2000,0" yaku="18,1,20,1" doraHai="87" who="0" fromWho="0" sc="188,39,302,-8,286,-13,214,-8" /><INIT seed="3,0,0,1,4,75" ten="227,294,273,206" oya="3" hai0="22,46,40,3,77,66,57,55,103,33,2,72,52" hai1="98,14,60,79,61,17,21,74,119,49,125,64,35" hai2="99,76,28,27,85,62,115,80,6,106,53,45,56" hai3="123,114,86,9,116,58,117,92,81,111,12,124,41"/><W44/><G123/><T89/><D33/><U110/><E35/><V34/><F115/><W50/><G111/><T71/><D103/><U88/><E110/><V43/><F6/><W102/><G114/><T127/><D127/><U7/><E125/><V128/><F128/><W63/><G124/><T13/><D89/><U30/><E30/><V104/><REACH who="2" step="1"/><F99/><REACH who="2" ten="227,294,263,206" step="2"/><W82/><G117/><T113/><D2/><U135/><E7/><V78/><F78/><W8/><G116/><T132/><D77/><U131/><E79/><V0/><F0/><W126/><G126/><T48/><D3/><U109/><E131/><V65/><F65/><W97/><G86/><T59/><D72/><U69/><E74/><V36/><AGARI ba="0,1" hai="27,28,34,36,43,45,53,56,62,76,80,85,104,106" machi="36" ten="20,5200,0" yaku="1,1,0,1,7,1,52,1,53,0" doraHai="75" doraHaiUra="91" who="2" fromWho="2" sc="227,-13,294,-13,263,62,206,-26" /><INIT seed="4,0,0,0,1,66" ten="214,281,325,180" oya="0" hai0="87,9,130,92,128,62,104,58,118,81,105,19,129" hai1="71,120,61,102,133,14,1,73,68,99,101,89,53" hai2="60,75,126,94,5,111,26,27,63,98,108,96,41" hai3="45,112,125,21,37,109,117,46,51,131,123,76,22"/><T115/><D118/><U83/><E1/><V4/><F94/><W55/><G117/><T90/><D9/><U28/><E120/><V33/><F41/><W48/><G123/><T74/><D19/><U106/><E102/><V23/><F23/><W47/><G76/><N who="0" m="44183" /><D62/><U84/><E133/><V6/><F75/><W49/><G21/><T127/><D58/><U43/><E73/><V40/><F40/><N who="3" m="22671" /><G22/><T15/><D15/><U107/><E107/><N who="0" m="41033" /><D115/><U93/><E43/><V18/><F18/><W100/><G100/><T3/><D3/><U65/><E14/><V7/><F33/><W78/><G78/><T132/><D132/><U97/><E53/><V121/><F126/><AGARI ba="0,0" hai="87,90,92,126,127,128,129,130" m="41033,44183" machi="126" ten="40,7700,0" yaku="19,1,34,2" doraHai="66" who="0" fromWho="2" sc="214,77,281,0,325,-77,180,0" /><INIT seed="4,1,0,1,0,131" ten="291,281,248,180" oya="0" hai0="47,32,16,34,54,86,102,14,132,100,25,109,30" hai1="87,75,101,56,113,110,66,59,90,49,37,0,79" hai2="10,76,82,130,7,15,98,135,124,21,134,38,123" hai3="60,68,64,94,107,127,28,40,13,45,27,29,74"/><T84/><D34/><U35/><E37/><V33/><F123/><W65/><G127/><T85/><D109/><U125/><E110/><V52/><F33/><W129/><G129/><T69/><D69/><U61/><E0/><V97/><F130/><W92/><G74/><T78/><D78/><U3/><E3/><V43/><F124/><W80/><G80/><T104/><D104/><U103/><E35/><V121/><F121/><W2/><G2/><T72/><D72/><U62/><E49/><V112/><F112/><W88/><G107/><T117/><D117/><U126/><E75/><V118/><F118/><W18/><G64/><T115/><D115/><U71/><E71/><V122/><F122/><W128/><G128/><T12/><D132/><N who="2" m="50730" /><F21/><W119/><G119/><T99/><D12/><U106/><E113/><V41/><F52/><W5/><G5/><T116/><D116/><U1/><E1/><V63/><F63/><W50/><G27/><T96/><D54/><U120/><E120/><V8/><F10/><W114/><G114/><T105/><D47/><U48/><E126/><V58/><F58/><W31/><REACH who="3" step="1"/><G88/><REACH who="3" ten="291,281,248,170" step="2"/><T26/><D105/><U4/><E106/><V81/><F82/><W55/><G55/><T111/><D25/><U70/><E125/><V89/><F89/><W22/><AGARI ba="1,1" hai="13,18,22,28,29,31,40,45,50,60,65,68,92,94" machi="22" ten="30,4000,0" yaku="1,1,0,1,53,1" doraHai="131" doraHaiUra="46" who="3" fromWho="3" sc="291,-21,281,-11,248,-11,170,53" /><INIT seed="5,0,0,2,2,12" ten="270,270,237,223" oya="1" hai0="28,41,108,82,90,70,101,115,37,11,112,58,25" hai1="81,16,126,6,60,125,49,31,103,2,113,128,94" hai2="104,23,96,24,20,27,84,131,73,54,91,65,22" hai3="107,80,111,88,72,13,117,85,32,100,74,18,9"/><U15/><E31/><V47/><F73/><W95/><G111/><T89/><D108/><U68/><E2/><V62/><F131/><W71/><G71/><T4/><D70/><U121/><E121/><V26/><F96/><W114/><G114/><N who="0" m="43563" /><D101/><U55/><E6/><V122/><F104/><W3/><G117/><T120/><D120/><U36/><E36/><V52/><F122/><W33/><G3/><N who="0" m="415" /><D82/><U34/><E34/><V79/><F79/><N who="3" m="44135" /><G74/><T1/><D1/><U19/><E81/><V45/><F62/><W123/><G123/><T10/><D10/><U134/><E128/><V105/><F65/><W119/><G119/><T130/><D130/><U57/><E113/><V42/><F105/><W87/><G87/><T43/><D58/><U7/><E7/><V110/><F110/><W124/><G124/><N who="1" m="47722" /><E15/><V97/><F97/><AGARI ba="0,0" hai="9,13,18,32,33,85,88,95,97,100,107" m="44135" machi="97" ten="30,3900,0" yaku="24,1,52,1,54,1" doraHai="12" who="3" fromWho="2" sc="270,0,270,0,237,-39,223,39" /><INIT seed="6,0,0,5,5,129" ten="270,270,198,262" oya="2" hai0="121,62,130,60,102,39,92,99,35,87,124,19,98" hai1="27,49,14,51,45,59,54,118,111,7,50,20,48" hai2="25,82,120,123,1,119,100,44,66,57,128,133,67" hai3="91,70,126,107,47,46,41,32,69,16,30,80,73"/><V96/><F119/><W83/><G107/><T3/><D3/><U115/><E118/><V8/><F128/><W23/><G126/><T43/><D35/><U134/><E111/><V52/><F25/><W13/><G73/><T85/><D19/><U93/><E115/><V2/><F82/><W77/><G91/><T53/><D99/><U71/><E71/><V17/><F44/><W42/><G32/><T89/><D60/><U38/><E38/><V117/><F117/><W95/><G30/><T113/><D53/><U37/><E37/><V135/><F17/><W24/><G24/><T61/><D62/><U97/><E134/><N who="2" m="51211" /><F66/><W94/><G16/><T76/><D92/><U104/><E104/><N who="2" m="63495" /><F67/><W127/><G127/><T101/><D61/><U72/><E27/><V12/><F1/><W58/><G80/><T11/><D43/><U106/><E106/><V65/><F65/><W108/><G83/><T79/><D79/><U34/><E45/><V109/><F2/><W103/><G46/><T131/><D76/><U74/><E34/><V6/><F109/><W84/><G47/><T18/><D39/><U0/><E0/><V122/><F122/><W86/><G108/><T75/><D121/><U63/><N who="1" m="12288" /><DORA hai="5" /><U56/><E54/><V110/><F110/><W28/><G69/><T22/><D124/><U4/><E7/><V15/><F15/><W81/><G70/><T40/><D40/><U125/><E125/><V36/><F36/><W88/><G13/><T132/><D130/><U29/><E14/><V55/><F55/><W64/><G64/><T116/><D131/><RYUUKYOKU ba="0,0" sc="270,-10,270,-10,198,30,262,-10" hai2="6,8,12,52,57,120,123" /><INIT seed="6,1,0,5,2,10" ten="260,260,228,252" oya="2" hai0="2,30,93,33,51,97,79,118,57,4,106,13,24" hai1="47,131,69,110,15,120,67,49,123,135,116,54,9" hai2="71,105,94,52,86,38,0,127,29,14,37,1,53" hai3="103,109,16,42,3,112,91,73,6,45,25,39,87"/><V56/><F127/><W72/><G109/><T74/><D118/><U90/><E110/><V76/><F105/><W134/><G134/><T50/><D106/><U115/><E116/><V130/><F71/><W55/><G103/><T99/><D2/><U19/><E135/><V75/><F130/><W11/><G112/><T88/><D97/><U18/><E115/><V26/><F75/><W125/><G125/><T46/><D74/><U96/><E131/><V70/><F70/><W100/><G100/><T133/><D79/><U78/><E78/><V126/><F126/><W44/><G44/><T81/><D133/><U129/><E129/><V132/><F132/><W114/><G114/><T7/><D81/><U77/><E77/><V65/><F65/><W85/><G55/><T124/><D124/><U58/><E19/><V35/><F14/><W122/><G122/><N who="1" m="46634" /><E69/><V63/><F53/><W12/><G25/><T17/><D57/><U128/><E67/><V95/><F94/><W64/><G64/><T98/><D98/><U22/><E128/><V31/><F31/><W62/><G62/><T84/><D99/><U80/><E96/><V66/><F66/><W59/><G59/><T32/><D32/><U113/><E58/><V43/><F43/><W104/><G104/><T60/><D60/><U28/><E113/><V41/><F41/><W102/><G102/><T8/><D50/><U61/><E61/><V48/><F63/><W89/><G72/><T117/><D117/><U92/><E92/><V40/><F40/><AGARI ba="1,0" hai="4,7,8,13,17,24,30,33,40,46,51,84,88,93" machi="40" ten="30,3900,0" yaku="7,1,52,1,54,1" doraHai="10" who="0" fromWho="2" sc="260,42,260,0,228,-42,252,0" /><INIT seed="7,0,0,2,0,125" ten="302,260,186,252" oya="3" hai0="1,118,27,46,19,20,74,4,116,23,114,34,127" hai1="81,104,21,122,52,115,97,9,113,48,7,57,59" hai2="90,51,6,99,86,10,68,82,24,8,96,98,33" hai3="87,130,92,106,0,134,49,124,107,25,60,132,65"/><W95/><G0/><T22/><D74/><U94/><E104/><N who="3" m="39978" /><G124/><T93/><D93/><N who="3" m="35913" /><G49/><T39/><D22/><U50/><E122/><V135/><F68/><W35/><G87/><T78/><D20/><U83/><E21/><V45/><F135/><N who="3" m="51755" /><G25/><T112/><D23/><U15/><E115/><V67/><F67/><W117/><G117/><T85/><D27/><U131/><E113/><V28/><REACH who="2" step="1"/><F6/><REACH who="2" ten="302,260,176,252" step="2"/><W133/><N who="3" m="51763" /><W47/><DORA hai="102" /><G35/><T84/><D112/><U103/><E7/><V129/><F129/><W71/><G47/><T53/><D114/><U123/><E123/><V111/><F111/><W72/><G72/><T120/><D46/><U14/><E131/><AGARI ba="0,1" hai="60,65,71,130,131" m="51763,35913,39978" machi="131" ten="50,18000,2" yaku="20,1,52,5" doraHai="125,102" who="3" fromWho="1" sc="302,0,260,-180,176,0,252,190" owari="302,10.2,80,-42.0,176,-22.4,442,54.2" /></mjloggm>