<mjloggm ver="2.3"><GO type="41" lobby="0"/><UN n0="%E5%B0%8F%E6%AC%A1%E9%83%8E" n1="%E9%A2%A8%E9%82%AA%E3%81%95%E3%82%93" n2="%E2%93%9D%4C%75%63%6B%79%4A" n3="%6D%6B%77%69%7A%61%72%64" dan="13,15,18,14" rate="1863.67,1941.21,2194.20,1914.44" sx="M,M,M,M"/><TAIKYOKU oya="0"/><INIT seed="0,0,0,1,4,18" ten="250,250,250,250" oya="0" hai0="126,116,119,83,40,66,10,39,89,14,100,77,131" hai1="32,28,62,76,54,68,117,3,80,109,29,91,129" hai2="94,132,35,104,113,64,27,0,135,16,60,22,108" hai3="53,11,121,88,46,125,36,56,4,87,92,57,37"/><T130/><D126/><U43/><E117/><V50/><F104/><W20/><G125/><T105/><D66/><U86/><E3/><V107/><F107/><W99/><G121/><T30/><D30/><U24/><E109/><V114/><F50/><W15/><G56/><T2/><D2/><U58/><E129/><N who="0" m="49161" /><D89/><U9/><E9/><V63/><F108/><W84/><G84/><N who="0" m="48239" /><D105/><U23/><E68/><V55/><F35/><W48/><G57/><T42/><D100/><U110/><E110/><V38/><F38/><W44/><G99/><T51/><D51/><U25/><E43/><N who="0" m="16425" /><D39/><U96/><E96/><V12/><F0/><W73/><G73/><T102/><D102/><U70/><E70/><V124/><F124/><W74/><G74/><T75/><D75/><U133/><E133/><N who="2" m="51275" /><F94/><W93/><G93/><T13/><D13/><U81/><E76/><V45/><F12/><W26/><REACH who="3" step="1"/><G44/><REACH who="3" ten="250,250,250,240" step="2"/><T33/><D33/><U123/><E123/><V127/><F127/><W95/><G95/><AGARI ba="0,1" hai="23,24,25,28,29,32,54,58,62,80,81,86,91,95" machi="95" ten="30,2000,0" yaku="7,1,52,1" doraHai="18" who="1" fromWho="3" sc="250,0,250,30,250,0,240,-20" /><INIT seed="1,0,0,0,0,121" ten="250,280,250,220" oya="1" hai0="49,44,116,13,79,71,108,62,40,101,125,94,53" hai1="77,32,12,4,74,114,107,60,126,104,7,98,10" hai2="127,36,27,19,70,24,45,50,56,69,82,47,124" hai3="28,51,110,99,132,75,0,122,118,131,135,46,111"/><U123/><E123/><V1/><F1/><W55/><G75/><T66/><D108/><N who="3" m="41513" /><G122/><T23/><D116/><U16/><E114/><V130/><F19/><W134/><G118/><T29/><D125/><N who="2" m="48202" /><F82/><W3/><G131/><T11/><D79/><U92/><E32/><V63/><F27/><W84/><G84/><T91/><D101/><U128/><E128/><V5/><F24/><W21/><G99/><T43/><D23/><U58/><E126/><V109/><F5/><W35/><G21/><T15/><D29/><U80/><E107/><V93/><F93/><W86/><G86/><T65/><D65/><U133/><E133/><V119/><F109/><W20/><G20/><T100/><D100/><U89/><REACH who="1" step="1"/><E104/><REACH who="1" ten="250,270,250,220" step="2"/><V8/><F130/><W120/><G120/><T41/><D71/><U85/><E85/><V73/><F119/><W57/><G35/><T83/><D66/><AGARI ba="0,1" hai="4,7,10,12,16,58,60,66,74,77,80,89,92,98" machi="66" ten="30,11600,0" yaku="1,1,7,1,54,1,53,1" doraHai="121" doraHaiUra="61" who="1" fromWho="0" sc="250,-116,270,126,250,0,220,0" /><INIT seed="1,1,0,1,2,52" ten="134,396,250,220" oya="1" hai0="26,16,67,125,17,76,6,9,88,110,83,45,4" hai1="79,77,0,66,2,35,106,80,23,62,61,22,89" hai2="48,92,39,31,113,78,3,42,69,36,8,75,27" hai3="38,11,60,119,40,47,43,121,65,114,93,101,51"/><U56/><E35/><V127/><F69/><W50/><G101/><T86/><D110/><U107/><E80/><V122/><F122/><W32/><G11/><T112/><D112/><U87/><E66/><V132/><F127/><W96/><G96/><T25/><D125/><U18/><E87/><V54/><F42/><W133/><G93/><T116/><D116/><U14/><E14/><V24/><F132/><W128/><G32/><T44/><D67/><U108/><E89/><V28/><F75/><W55/><G114/><T98/><D9/><U59/><E18/><N who="0" m="7273" /><D76/><U29/><E108/><V15/><F78/><W120/><G133/><T90/><D90/><U104/><E104/><V85/><F3/><W109/><G119/><T37/><D98/><U57/><E59/><V97/><F97/><W103/><G103/><T1/><D37/><U130/><E130/><V53/><F39/><W5/><G5/><N who="0" m="2155" /><D1/><U10/><E10/><V95/><F8/><W70/><G128/><T71/><D71/><U73/><E29/><V117/><F31/><W58/><G109/><T74/><D74/><AGARI ba="1,0" hai="0,2,22,23,56,57,61,62,73,74,77,79,106,107" machi="74" ten="25,9600,0" yaku="22,2,52,2" doraHai="52" who="1" fromWho="0" sc="134,-99,396,99,250,0,220,0" /><INIT seed="1,2,0,3,2,15" ten="35,495,250,220" oya="1" hai0="134,75,87,65,23,102,54,49,112,12,122,57,69" hai1="35,119,11,4,33,89,36,77,6,126,63,29,56" hai2="64,80,84,104,67,73,107,66,39,10,83,93,3" hai3="9,123,74,27,43,7,106,111,18,70,98,120,0"/><U72/><E119/><V13/><F3/><W42/><G74/><T135/><D112/><U50/><E36/><V109/><F39/><W114/><G114/><T25/><D75/><U62/><E72/><V101/><F109/><W61/><G111/><T71/><D122/><U113/><E113/><V51/><F73/><W53/><G42/><T92/><D12/><U86/><E35/><V52/><F107/><W16/><G43/><T95/><D65/><U76/><E126/><V46/><F104/><W1/><G1/><T81/><D102/><U22/><E33/><V60/><F60/><N who="1" m="23081" /><E29/><V34/><F34/><W132/><G27/><T99/><D99/><U20/><E11/><V45/><F46/><W110/><G110/><T90/><D92/><N who="1" m="54327" /><E50/><V127/><F127/><W28/><G28/><T59/><D59/><U2/><E56/><V88/><REACH who="2" step="1"/><F101/><REACH who="2" ten="35,495,240,220" step="2"/><W21/><G120/><T78/><D135/><U82/><E2/><V5/><AGARI ba="2,1" hai="5,10,13,45,51,52,64,66,67,80,83,84,88,93" machi="5" ten="30,12000,2" yaku="1,1,2,1,0,1,8,1,54,2,53,0" doraHai="15" doraHaiUra="68" who="2" fromWho="2" sc="35,-32,495,-62,240,136,220,-32" /><INIT seed="2,0,0,0,3,95" ten="3,433,376,188" oya="2" hai0="75,117,58,24,110,111,15,120,10,22,83,128,116" hai1="30,91,52,3,59,6,42,77,90,114,103,134,53" hai2="100,39,55,86,89,37,38,35,119,20,67,7,27" hai3="41,101,79,106,125,57,34,129,63,72,133,16,121"/><V23/><F119/><N who="0" m="45642" /><D120/><U109/><E114/><V26/><F67/><W48/><G34/><T29/><D58/><U74/><E109/><N who="0" m="41481" /><D83/><U46/><E30/><V60/><F7/><W5/><G5/><N who="0" m="3535" /><D75/><U17/><E17/><V81/><F35/><W122/><G16/><T47/><D47/><U31/><E134/><V2/><F2/><W112/><G133/><T56/><D56/><U4/><E31/><V25/><F60/><W94/><G57/><T14/><D14/><U54/><E59/><V82/><F55/><W68/><G121/><T0/><D0/><U66/><E66/><V124/><F82/><W65/><G72/><T107/><D107/><U13/><E77/><V104/><REACH who="2" step="1"/><F124/><REACH who="2" ten="3,433,366,188" step="2"/><W18/><G125/><T1/><D1/><U12/><E3/><V132/><F132/><W45/><G63/><T131/><AGARI ba="0,1" hai="22,24,29,128,131" m="3535,41481,45642" machi="131" ten="40,8000,1" yaku="12,1,14,1,34,2" doraHai="95" who="0" fromWho="0" sc="3,90,433,-20,366,-40,188,-20" /><INIT seed="3,0,0,5,3,37" ten="93,413,326,168" oya="3" hai0="58,97,116,92,101,24,133,86,110,72,59,8,71" hai1="3,40,117,5,26,95,38,14,111,25,70,121,17" hai2="36,57,108,100,19,52,10,87,6,106,131,56,53" hai3="61,22,107,27,127,73,44,102,63,119,43,67,118"/><W66/><G73/><T98/><D116/><U104/><E121/><V45/><F108/><W79/><G79/><T9/><D72/><U115/><E104/><V47/><F131/><W0/><G0/><T124/><D71/><U33/><E70/><V31/><F31/><W41/><G102/><T125/><D110/><U77/><E111/><V18/><F106/><W130/><G107/><T129/><D129/><U105/><E95/><V29/><F29/><W51/><G130/><T120/><D120/><U113/><E105/><V93/><F6/><W109/><G109/><T83/><D133/><U69/><E69/><V49/><F10/><N who="0" m="4202" /><D24/><U54/><E33/><V2/><F2/><W12/><G127/><N who="0" m="48715" /><D98/><U89/><E26/><V13/><F36/><W30/><G12/><T132/><D132/><U78/><E25/><V128/><F128/><W135/><G135/><T28/><D28/><U75/><E14/><V39/><F39/><W60/><G119/><T42/><D42/><N who="3" m="15881" /><G118/><T82/><D82/><U99/><E75/><V4/><F13/><W76/><G76/><AGARI ba="0,0" hai="58,59,76,83,86,92,97,101" m="48715,4202" machi="76" ten="30,1000,0" yaku="18,1" doraHai="37" who="0" fromWho="3" sc="93,10,413,0,326,0,168,-10" /><INIT seed="4,0,0,4,1,113" ten="103,413,326,158" oya="0" hai0="101,12,92,60,70,106,88,129,47,131,72,68,16" hai1="30,67,91,0,39,22,63,71,123,112,59,48,26" hai2="74,62,135,104,61,89,126,77,84,118,94,87,57" hai3="115,49,114,83,82,24,9,27,69,40,105,97,42"/><T132/><D72/><U33/><E39/><V28/><F126/><W81/><G9/><T55/><D132/><U122/><E0/><V134/><F28/><W107/><G49/><N who="0" m="29119" /><D101/><U51/><E112/><N who="3" m="43050" /><G97/><N who="0" m="57479" /><D106/><N who="3" m="40457" /><G69/><T108/><D60/><U128/><E128/><N who="0" m="49225" /><D108/><U125/><E125/><V99/><F62/><W7/><G7/><T116/><D116/><U11/><E71/><V93/><F118/><W86/><G86/><T36/><D36/><U95/><E123/><V44/><F104/><W31/><G31/><T127/><D127/><U80/><E30/><V46/><F135/><W64/><G64/><T10/><AGARI ba="0,0" hai="10,12,16,68,70" m="49225,57479,29119" machi="10" ten="30,6000,0" yaku="19,1,54,2" doraHai="113" who="0" fromWho="0" sc="103,60,413,-20,326,-20,158,-20" /><INIT seed="4,1,0,2,1,31" ten="163,393,306,138" oya="0" hai0="41,83,92,63,72,24,18,45,90,130,77,78,40" hai1="54,17,58,93,32,60,97,22,1,100,71,124,132" hai2="36,46,109,13,87,15,43,76,64,29,85,30,9" hai3="26,107,118,119,101,84,127,10,88,96,0,4,27"/><T21/><D130/><U74/><E1/><V104/><F109/><W113/><G113/><T38/><D78/><U44/><E124/><V19/><F104/><W28/><G127/><T91/><D41/><U111/><E111/><V116/><F64/><W7/><G7/><T34/><D34/><U50/><E132/><V66/><F66/><W55/><G55/><T102/><REACH who="0" step="1"/><D63/><REACH who="0" ten="153,393,306,138" step="2"/><U121/><E74/><V120/><F76/><W126/><G126/><T56/><D56/><U122/><E71/><V61/><F61/><W80/><G27/><T70/><D70/><U20/><E32/><AGARI ba="1,1" hai="0,4,10,26,28,32,80,84,88,96,101,107,118,119" machi="32" ten="30,3900,0" yaku="7,1,52,1,54,1" doraHai="31" who="3" fromWho="1" sc="153,0,393,-42,306,0,138,52" /><INIT seed="5,0,0,1,5,125" ten="153,351,306,190" oya="1" hai0="73,22,41,37,24,52,5,122,67,88,2,82,19" hai1="29,111,39,68,108,78,63,50,18,115,64,134,97" hai2="0,89,114,44,23,8,92,10,45,94,65,11,104" hai3="27,20,102,110,38,40,128,103,13,66,118,74,31"/><U117/><E39/><V35/><F104/><W71/><G110/><N who="1" m="42026" /><E117/><V54/><F35/><W132/><G74/><T42/><D122/><U3/><E115/><V90/><F0/><W81/><G132/><T120/><D120/><U77/><E134/><V9/><N who="2" m="2048" /><DORA hai="6" /><V105/><F105/><W106/><G13/><T56/><D2/><U30/><E3/><V124/><F65/><W70/><G27/><T57/><D73/><U113/><E113/><V28/><F124/><W112/><G31/><N who="1" m="11786" /><E97/><N who="2" m="57559" /><F54/><W61/><G106/><T83/><D37/><U72/><E72/><V43/><F43/><N who="0" m="16394" /><D5/><U21/><E50/><V87/><F114/><W48/><G40/><T49/><D88/><U60/><E63/><AGARI ba="0,0" hai="19,22,24,49,52,56,57,63,67,82,83" m="16394" machi="63" ten="30,2000,0" yaku="8,1,54,1" doraHai="125,6" who="0" fromWho="1" sc="153,20,351,-20,306,0,190,0" /><INIT seed="6,0,0,2,3,19" ten="173,331,306,190" oya="2" hai0="49,117,16,29,95,57,127,88,28,102,20,60,116" hai1="115,87,92,135,2,34,56,52,77,122,53,27,61" hai2="83,113,85,41,79,96,110,133,40,89,108,18,124" hai3="93,132,64,84,37,33,36,58,48,119,11,51,98"/><V82/><F41/><W81/><G119/><N who="0" m="45643" /><D102/><U101/><E2/><V103/><F40/><W125/><G125/><T69/><D69/><U9/><E115/><V62/><F62/><W72/><G72/><T74/><D49/><U12/><E34/><V128/><F18/><W134/><G51/><T73/><D127/><U123/><E27/><V118/><F118/><W78/><G33/><T121/><D121/><N who="1" m="46091" /><E135/><V42/><F42/><W86/><G36/><T70/><D70/><U80/><E92/><V107/><F124/><W15/><G37/><T38/><D38/><U46/><E101/><V14/><F14/><W26/><G93/><T5/><D5/><N who="1" m="3119" /><E46/><V59/><F59/><W130/><G58/><T13/><D74/><U104/><E104/><V68/><F68/><W32/><G32/><T100/><D100/><U31/><E31/><V90/><F113/><W0/><G0/><T10/><D10/><U76/><E77/><V22/><F79/><W4/><G11/><T112/><D73/><U129/><E129/><V6/><F128/><W67/><G78/><T131/><D112/><U106/><E106/><V126/><F126/><W17/><G130/><T47/><D47/><U120/><N who="1" m="46099" /><U111/><DORA hai="109" /><E111/><V35/><F110/><W105/><G105/><T45/><D45/><U50/><E50/><V1/><F108/><W8/><G48/><T75/><D75/><U71/><E71/><V25/><F107/><W91/><G134/><T65/><D131/><U99/><E99/><AGARI ba="0,0" hai="13,16,20,28,29,57,60,65,88,95,99" m="45643" machi="99" ten="30,7700,0" yaku="12,1,52,1,54,2" doraHai="19,109" who="0" fromWho="1" sc="173,77,331,-77,306,0,190,0" /><INIT seed="7,0,0,4,4,24" ten="250,254,306,190" oya="3" hai0="21,13,84,109,30,67,59,61,105,118,35,60,73" hai1="68,32,116,111,85,25,15,36,65,133,52,98,20" hai2="97,57,129,77,34,110,115,62,95,37,33,22,50" hai3="43,96,11,46,55,26,0,29,132,93,12,99,27"/><W69/><G0/><T2/><D109/><U58/><E111/><V48/><F37/><W92/><G69/><T38/><D118/><U90/><E36/><V41/><F77/><W10/><G132/><T71/><D105/><U40/><E40/><V45/><F50/><W76/><G76/><T64/><D73/><U121/><E121/><V16/><F115/><W130/><G130/><T125/><D38/><U122/><E122/><V112/><F112/><W79/><G79/><T119/><D2/><U70/><E65/><V104/><F104/><W6/><G26/><T88/><D125/><U56/><E56/><V101/><F129/><W1/><G55/><T9/><D119/><U23/><E98/><V8/><F8/><W18/><G99/><T113/><D113/><U7/><E133/><V127/><F127/><W54/><G54/><T103/><D103/><U117/><E70/><V100/><F101/><W107/><G107/><T106/><D106/><U128/><E68/><V120/><F120/><W78/><G78/><T124/><D124/><U89/><E89/><V51/><F51/><W14/><G1/><T81/><D35/><U28/><E128/><V102/><F102/><W134/><G134/><T63/><D63/><N who="1" m="36295" /><E117/><V82/><F110/><W126/><G126/><T74/><D74/><U4/><E116/><V80/><F34/><N who="3" m="20799" /><G96/><T42/><D42/><U19/><E32/><V66/><F33/><W131/><G131/><T53/><D53/><U114/><E114/><V44/><F45/><W39/><G39/><T3/><D3/><U47/><E47/><V91/><F100/><RYUUKYOKU ba="0,0" sc="250,-30,254,10,306,10,190,10" hai1="4,7,15,19,20,23,25,28,85,90" hai2="16,22,41,44,48,57,62,66,80,82,91,95,97" hai3="6,10,11,12,14,18,43,46,92,93" /><INIT seed="7,1,0,3,5,16" ten="220,264,316,200" oya="3" hai0="65,123,113,63,56,21,42,91,8,107,52,66,114" hai1="20,17,104,110,93,23,37,10,124,45,120,95,101" hai2="86,34,100,1,48,125,15,117,9,74,78,39,59" hai3="133,96,102,40,41,115,85,2,32,60,109,69,14"/><W106/><G2/><T77/><D123/><U5/><E120/><V131/><F39/><W127/><G32/><T83/><D107/><U44/><E110/><V19/><F74/><W31/><G109/><T61/><D42/><U26/><E104/><V12/><F100/><W3/><G3/><T49/><D8/><U73/><E73/><V135/><F131/><W112/><G14/><T30/><D91/><U67/><E67/><N who="0" m="25609" /><D83/><U53/><E124/><V103/><F15/><W24/><G127/><T76/><D63/><U84/><E37/><V118/><F12/><W121/><G121/><T55/><D55/><U43/><E43/><V111/><F1/><W7/><G7/><T68/><D61/><U92/><E10/><V90/><F9/><W82/><G69/><T54/><D54/><U75/><E75/><V98/><F125/><W80/><G60/><T29/><D68/><U64/><E64/><V13/><F111/><W119/><G82/><T57/><D57/><U62/><E5/><V28/><F59/><W130/><G119/><T126/><D126/><U27/><E101/><V72/><F103/><W132/><G41/><T18/><D114/><N who="3" m="43561" /><G40/><T51/><D113/><U71/><E71/><V50/><F118/><W99/><G99/><T58/><D58/><N who="1" m="35151" /><E84/><V105/><F86/><W33/><G130/><T22/><D51/><U35/><E35/><V89/><F50/><W87/><G87/><T4/><D4/><U0/><E0/><V81/><F48/><W25/><G25/><N who="0" m="14519" /><D29/><AGARI ba="1,0" hai="17,20,23,26,27,29,44,45,92,93,95" m="35151" machi="29" ten="30,3900,0" yaku="8,1,52,2" doraHai="16" who="1" fromWho="0" sc="220,-42,264,42,316,0,200,0" owari="178,-32.2,306,10.6,316,41.6,200,-20.0" /></mjloggm>