<mjloggm ver="2.3"><GO type="137" lobby="0"/><UN n0="%72%61%6F%67%61%72%6E%65" n1="%52%69%6B%69" n2="%E2%93%9D%4C%75%63%6B%79%4A" n3="%E3%81%B6%E3%81%85%E3%82%8A%E3%82%93" dan="12,13,12,12" rate="1690.18,1694.32,1858.13,1663.59" sx="M,M,M,M"/><TAIKYOKU oya="0"/><INIT seed="0,0,0,5,1,40" ten="250,250,250,250" oya="0" hai0="123,16,90,111,57,80,31,20,76,98,81,127,134" hai1="97,22,34,99,32,29,5,39,126,35,114,15,21" hai2="78,131,74,121,125,4,43,38,60,63,65,45,33" hai3="47,42,27,113,68,44,6,95,66,120,62,41,23"/><T122/><D134/><U3/><E39/><V124/><F33/><W51/><G6/><T89/><D127/><N who="2" m="48714" /><F78/><W46/><G95/><T116/><D116/><U71/><E71/><N who="2" m="42431" /><F74/><W12/><G113/><T104/><D31/><U0/><E126/><V14/><F14/><W107/><G107/><T128/><D90/><U53/><E53/><V130/><F4/><W129/><G129/><N who="2" m="49161" /><F60/><W52/><G12/><T82/><D76/><U88/><E88/><V72/><F72/><W49/><G120/><AGARI ba="0,0" hai="38,43,45,120,121" m="49161,42431,48714" machi="120" ten="30,12000,2" yaku="18,1,19,1,23,1,34,2,52,1" doraHai="40" who="2" fromWho="3" sc="250,0,250,0,250,120,250,-120" /><INIT seed="1,0,0,1,4,117" ten="250,250,370,130" oya="1" hai0="54,64,35,53,61,10,74,111,67,14,4,0,48" hai1="8,124,123,99,26,87,55,60,97,82,31,85,32" hai2="22,21,71,50,41,43,112,19,68,65,73,103,59" hai3="20,33,91,30,89,92,104,78,11,114,69,45,127"/><U29/><E124/><V113/><F103/><W122/><G114/><N who="2" m="44137" /><F73/><W83/><G69/><N who="2" m="26697" /><F19/><W6/><G127/><T36/><D74/><U102/><E31/><V72/><F72/><W38/><G104/><T95/><D35/><U17/><E123/><V100/><F100/><W34/><G38/><T134/><D36/><U27/><E99/><V131/><F22/><W63/><G45/><T42/><D0/><U125/><E125/><V129/><F21/><W39/><G39/><T66/><D42/><N who="2" m="15882" /><F50/><W96/><G63/><AGARI ba="0,0" hai="59,63,65,129,131" m="15882,26697,44137" machi="63" ten="40,5200,0" yaku="11,1,34,2" doraHai="117" who="2" fromWho="3" sc="250,0,250,0,370,52,130,-52" /><INIT seed="2,0,0,0,1,133" ten="250,250,422,78" oya="2" hai0="77,118,127,122,69,68,113,81,29,27,44,62,9" hai1="89,21,13,71,91,37,90,52,120,108,76,75,56" hai2="42,5,48,12,130,106,119,33,46,117,47,104,121" hai3="7,1,36,73,134,26,132,115,23,28,30,93,60"/><V99/><F121/><W135/><G73/><T116/><D122/><U102/><E120/><V34/><F130/><W87/><G36/><T54/><D113/><U15/><E71/><V4/><F48/><W50/><G115/><T72/><D9/><U96/><E37/><V49/><F49/><W20/><G60/><T55/><D55/><U126/><E108/><V111/><F99/><W85/><G50/><T25/><D25/><U10/><E21/><N who="3" m="8266" /><G93/><T41/><D54/><U6/><E76/><V92/><F92/><W70/><G70/><T97/><D97/><U31/><E31/><N who="3" m="11818" /><G87/><T64/><D69/><U53/><E126/><V125/><F12/><W129/><G85/><T65/><D127/><U61/><E75/><V88/><F125/><W79/><G79/><T74/><D72/><U95/><REACH who="1" step="1"/><E15/><REACH who="1" ten="250,240,422,78" step="2"/><V112/><F112/><W14/><G129/><T19/><D74/><U3/><E3/><V11/><F111/><W105/><G105/><T114/><D77/><U18/><E18/><V98/><F106/><W84/><G84/><T78/><D78/><U123/><E123/><V128/><F128/><W0/><G26/><T86/><D27/><U8/><E8/><AGARI ba="0,1" hai="0,1,7,8,14,132,134,135" m="11818,8266" machi="8" ten="40,5200,0" yaku="20,1,34,2" doraHai="133" who="3" fromWho="1" sc="250,0,240,-52,422,0,78,62" /><INIT seed="3,0,0,3,1,106" ten="250,188,422,140" oya="3" hai0="100,51,35,62,113,98,18,93,120,29,24,11,16" hai1="13,80,88,85,68,8,38,109,59,105,92,108,104" hai2="128,57,82,9,72,64,81,66,130,41,25,5,54" hai3="126,134,83,89,17,133,73,33,103,101,34,6,42"/><W115/><G115/><T20/><D120/><U2/><E2/><V69/><F41/><W99/><G42/><T15/><D113/><U67/><E68/><V102/><F102/><N who="3" m="38923" /><G6/><T91/><D35/><U44/><E38/><V87/><F25/><W49/><G49/><T121/><D121/><U111/><E44/><V74/><F69/><W39/><G39/><T107/><D51/><U55/><E67/><V30/><F30/><W97/><G17/><T52/><D100/><U135/><E135/><N who="3" m="51722" /><G34/><T10/><D107/><U132/><E80/><V79/><F66/><W27/><G27/><T84/><D84/><U7/><REACH who="1" step="1"/><E132/><REACH who="1" ten="250,178,422,140" step="2"/><V22/><F64/><W124/><G33/><T56/><D29/><U50/><AGARI ba="0,1" hai="7,8,13,50,55,59,85,88,92,104,105,108,109,111" machi="50" ten="30,12000,2" yaku="1,1,2,1,0,1,14,1,54,1,53,1" doraHai="106" doraHaiUra="45" who="1" fromWho="1" sc="250,-30,178,130,422,-30,140,-60" /><INIT seed="4,0,0,3,4,2" ten="220,308,392,80" oya="0" hai0="86,34,42,130,76,72,0,73,124,135,70,5,121" hai1="129,108,43,116,32,127,113,26,53,36,35,84,13" hai2="131,24,128,4,120,75,20,49,41,22,126,65,97" hai3="60,87,64,67,71,10,80,1,118,27,77,56,119"/><T111/><RYUUKYOKU type="yao9" ba="0,0" sc="220,0,308,0,392,0,80,0" hai0="0,5,34,42,70,72,73,76,86,111,121,124,130,135" /><INIT seed="4,1,0,3,2,36" ten="220,308,392,80" oya="0" hai0="31,4,14,89,0,63,87,45,115,94,57,33,66" hai1="68,103,43,19,116,108,30,6,51,17,56,128,69" hai2="18,124,70,44,74,129,122,78,86,54,107,3,7" hai3="38,125,104,75,24,12,106,117,112,109,85,123,2"/><T93/><D0/><U13/><E108/><V16/><F70/><W37/><RYUUKYOKU type="yao9" ba="1,0" sc="220,0,308,0,392,0,80,0" hai3="2,12,24,37,38,75,85,104,106,109,112,117,123,125" /><INIT seed="4,2,0,2,1,122" ten="220,308,392,80" oya="0" hai0="82,90,3,103,36,106,88,13,23,39,89,10,44" hai1="12,128,108,53,135,55,64,66,96,129,28,43,98" hai2="123,24,79,7,80,45,11,31,92,78,73,2,34" hai3="20,65,47,120,52,14,60,33,67,104,81,116,77"/><T97/><D3/><U41/><E28/><V22/><F79/><W42/><G116/><T101/><D103/><U51/><E12/><V48/><F123/><W117/><G117/><T132/><D132/><U15/><E15/><V114/><F114/><W74/><G120/><T59/><D23/><U86/><E86/><V4/><F7/><W71/><G104/><T16/><D82/><U61/><E135/><V91/><F48/><W95/><G33/><T0/><D0/><U84/><E84/><V133/><F45/><W25/><G95/><T6/><D6/><U19/><E19/><V26/><F133/><W119/><G119/><T112/><D112/><U94/><E61/><V38/><F38/><W109/><G109/><T37/><D59/><U17/><E17/><V46/><F46/><W5/><G67/><T49/><REACH who="0" step="1"/><D36/><REACH who="0" ten="210,308,392,80" step="2"/><U70/><E129/><V1/><F2/><W118/><G118/><T68/><BYE who="3" /><D68/><U40/><E70/><V30/><F1/><W57/><G57/><T29/><D29/><U127/><E128/><V121/><F121/><W9/><G9/><T111/><D111/><U27/><E108/><V21/><F11/><W32/><G32/><T76/><D76/><U63/><E63/><V75/><F34/><W72/><G72/><T107/><D107/><U100/><E51/><V50/><F50/><W83/><G83/><T85/><D85/><U125/><E125/><V58/><F58/><W134/><G134/><T69/><D69/><U56/><E127/><V126/><F126/><UN n3="%E3%81%B6%E3%81%85%E3%82%8A%E3%82%93" /><W35/><G35/><T124/><D124/><U113/><E56/><RYUUKYOKU ba="2,1" sc="210,30,308,-10,392,-10,80,-10" hai0="10,13,16,37,39,44,49,88,89,90,97,101,106" /><INIT seed="4,3,1,2,2,120" ten="240,298,382,70" oya="0" hai0="129,40,62,35,74,101,17,25,123,84,46,11,1" hai1="103,3,96,92,81,18,68,89,116,39,20,34,83" hai2="86,12,42,114,29,8,7,64,56,109,94,78,10" hai3="4,91,130,73,126,76,33,72,98,48,115,131,41"/><T26/><D129/><N who="3" m="49161" /><G33/><T45/><D123/><U71/><E116/><V90/><F114/><W23/><G4/><T122/><D122/><U135/><E135/><V69/><F69/><W80/><G41/><T14/><D74/><N who="3" m="28777" /><G23/><T54/><D101/><U121/><E34/><V85/><F109/><W0/><G0/><T43/><D35/><U52/><E39/><V77/><F42/><W44/><G44/><T134/><D134/><U118/><E118/><V128/><F29/><W21/><G21/><T49/><D1/><U133/><E3/><V47/><F47/><W2/><G48/><N who="0" m="26663" /><D84/><U93/><E133/><V9/><F86/><N who="3" m="48391" /><G2/><T99/><D62/><U127/><E68/><V97/><F128/><W36/><G36/><T125/><D43/><U16/><E18/><V63/><F78/><W32/><G32/><T28/><D28/><U27/><E71/><V117/><F117/><W60/><G60/><T107/><D49/><U113/><E113/><V119/><F119/><W65/><G65/><T37/><D54/><U70/><E70/><V67/><F67/><W6/><G6/><BYE who="3" /><T22/><D46/><U5/><E127/><V105/><F77/><W15/><G15/><T104/><D125/><U38/><E38/><V13/><F13/><UN n3="%E3%81%B6%E3%81%85%E3%82%8A%E3%82%93" /><W19/><G19/><N who="0" m="8671" /><D37/><U82/><E5/><V87/><F7/><W31/><G31/><T75/><D75/><U124/><E124/><V50/><F50/><W30/><G30/><T55/><D26/><U112/><E112/><V102/><F12/><W53/><G126/><T108/><D55/><U111/><E121/><V79/><F79/><RYUUKYOKU ba="3,1" sc="240,-10,298,-10,382,30,70,-10" hai2="8,9,10,56,63,64,85,87,90,94,97,102,105" /><INIT seed="5,4,1,3,1,76" ten="230,288,412,60" oya="1" hai0="28,123,66,112,94,100,69,6,122,105,7,117,107" hai1="71,114,82,121,20,87,120,2,73,106,19,115,26" hai2="127,12,68,128,24,74,118,25,21,119,85,135,98" hai3="62,1,40,64,44,88,99,72,93,36,110,103,50"/><U65/><E2/><V90/><F74/><W43/><G110/><T55/><D117/><U46/><E106/><V53/><F68/><W11/><G72/><T10/><D112/><N who="1" m="43051" /><E73/><V81/><F128/><W49/><G43/><T77/><D107/><U51/><E65/><V111/><F111/><W47/><G47/><T16/><D105/><U27/><E71/><V32/><F32/><W63/><G1/><T102/><D66/><U48/><E27/><V15/><F25/><W80/><G11/><T59/><D28/><U79/><E48/><V17/><F135/><W84/><REACH who="3" step="1"/><G63/><REACH who="3" ten="230,288,412,50" step="2"/><T129/><D10/><U23/><E20/><V124/><F21/><W130/><G130/><T67/><D129/><U61/><E61/><V101/><F119/><W41/><G41/><AGARI ba="4,2" hai="19,23,26,41,46,51,79,82,87,120,121" m="43051" machi="41" ten="30,2900,0" yaku="15,1,52,1" doraHai="76" who="1" fromWho="3" sc="230,0,288,61,412,0,50,-41" /><INIT seed="5,5,0,1,4,117" ten="230,349,412,9" oya="1" hai0="21,58,13,5,0,28,31,135,88,78,111,82,90" hai1="100,19,56,12,76,22,131,85,9,47,62,87,129" hai2="133,119,101,120,81,34,51,10,114,11,69,84,96" hai3="16,107,27,74,115,18,54,70,118,26,30,95,92"/><U32/><E32/><V49/><F119/><W45/><G115/><T60/><D111/><U2/><E47/><V125/><F69/><W65/><G118/><T66/><D0/><U1/><E100/><V57/><F120/><W98/><G74/><T71/><D135/><U14/><E1/><V39/><F39/><W102/><G70/><T77/><D77/><U43/><E43/><V94/><F125/><W93/><G65/><T35/><D35/><U46/><E46/><V40/><F34/><W99/><G107/><T86/><D31/><U128/><E2/><V59/><F114/><W68/><G68/><T36/><D36/><U132/><E76/><N who="2" m="46119" /><F133/><W72/><G72/><T83/><D5/><U6/><REACH who="1" step="1"/><E132/><REACH who="1" ten="230,339,412,9" step="2"/><V55/><F40/><W134/><G134/><T52/><D71/><U89/><E89/><V109/><F109/><W23/><G102/><T48/><D90/><U121/><E121/><V24/><F101/><W112/><G112/><T20/><D78/><U113/><E113/><V91/><F91/><W130/><G130/><T41/><D41/><U127/><E127/><V37/><F37/><W103/><G103/><T44/><D83/><U110/><E110/><V126/><F126/><W15/><G27/><T75/><D75/><U79/><E79/><V122/><F24/><W17/><G45/><T42/><D42/><U61/><E61/><V80/><F122/><W106/><G106/><T104/><D104/><U124/><E124/><V4/><F80/><W29/><G54/><T53/><D53/><U8/><E8/><V108/><F108/><W33/><G30/><RYUUKYOKU ba="5,1" sc="230,-15,339,15,412,-15,9,15" hai1="6,9,12,14,19,22,56,62,85,87,128,129,131" hai3="15,16,17,18,23,26,29,33,92,93,95,98,99" /><INIT seed="5,6,1,4,2,115" ten="215,354,397,24" oya="1" hai0="62,33,73,93,20,40,65,105,39,30,34,8,122" hai1="14,3,132,11,68,75,47,4,114,63,99,13,28" hai2="74,54,102,48,31,15,32,133,42,37,16,64,10" hai3="89,83,24,128,103,78,134,131,100,92,23,1,126"/><U36/><E114/><V50/><F74/><N who="3" m="43479" /><G1/><T104/><D122/><U35/><E132/><V51/><F133/><W82/><G23/><T85/><D73/><U76/><E99/><V91/><F64/><W2/><G2/><T45/><D34/><U81/><E63/><V95/><F37/><W90/><G24/><T112/><D112/><U121/><E68/><V106/><F106/><W69/><G69/><T9/><D33/><U66/><E66/><V88/><F42/><W86/><G134/><T127/><D9/><U97/><E97/><N who="2" m="59711" /><F31/><W94/><G126/><T52/><D127/><U17/><E121/><V7/><F32/><W101/><G90/><N who="2" m="34345" /><F7/><W19/><G19/><T113/><D113/><U25/><REACH who="1" step="1"/><E17/><REACH who="1" ten="215,344,397,24" step="2"/><V109/><F109/><W22/><G22/><T117/><D20/><U111/><E111/><V18/><F18/><W44/><G44/><AGARI ba="6,2" hai="10,15,16,44,48,50,51,54" m="34345,59711" machi="44" ten="30,3900,0" yaku="8,1,54,2" doraHai="115" who="2" fromWho="3" sc="215,0,344,0,397,77,24,-57" owari="215,-18.5,344,14.4,474,57.4,-33,-53.3" /></mjloggm>