<mjloggm ver="2.3"><GO type="41" lobby="0"/><UN n0="%E2%93%9D%4C%75%63%6B%79%4A" n1="%39%36%E7%86%8A" n2="%E3%81%93%E3%81%84%E3%81%BB%E3%83%BC" n3="%4C%41%55%52%49%45" dan="14,13,16,14" rate="2081.97,1867.55,2048.53,1915.82" sx="M,M,M,M"/><TAIKYOKU oya="0"/><INIT seed="0,0,0,0,2,125" ten="250,250,250,250" oya="0" hai0="92,45,85,51,132,117,39,12,22,61,69,73,43" hai1="58,122,11,24,9,82,67,56,105,32,77,78,63" hai2="81,75,94,108,8,31,97,118,42,87,114,86,3" hai3="112,4,55,28,103,104,60,13,88,33,107,70,44"/><T83/><D117/><U62/><E105/><V20/><F42/><W91/><G33/><T25/><D132/><U119/><E119/><V1/><F118/><W79/><G79/><T47/><D73/><U0/><E122/><V52/><F114/><W48/><G28/><T133/><D133/><U59/><E32/><V121/><F121/><W35/><G35/><T135/><D135/><U80/><E24/><V115/><F75/><W74/><G74/><T30/><D69/><U76/><E0/><V15/><F87/><W111/><G111/><T109/><D61/><N who="1" m="23051" /><E67/><V17/><F108/><W93/><G91/><T5/><D109/><U50/><E50/><V134/><F115/><W46/><G46/><T124/><D124/><U36/><E36/><V65/><F65/><W131/><G103/><T100/><D47/><U130/><E130/><V16/><F31/><W37/><G131/><T89/><D39/><U113/><E113/><V19/><F3/><W64/><G37/><T99/><D12/><U66/><E66/><V40/><F40/><W53/><G53/><T101/><REACH who="0" step="1"/><D5/><REACH who="0" ten="240,250,250,250" step="2"/><U6/><E6/><V95/><F1/><W7/><G7/><T21/><D21/><U41/><E41/><V126/><F126/><W90/><G13/><T10/><D10/><AGARI ba="0,1" hai="9,10,11,56,58,59,76,77,78,80,82" m="23051" machi="10" ten="40,5200,0" yaku="28,2,8,1" doraHai="125" who="1" fromWho="0" sc="240,-52,250,62,250,0,250,0" /><INIT seed="1,0,0,3,5,70" ten="188,312,250,250" oya="1" hai0="23,51,81,132,111,30,15,2,44,39,10,116,31" hai1="80,85,43,89,123,86,21,126,54,91,59,124,117" hai2="87,69,55,72,37,62,112,40,33,82,17,47,104" hai3="19,5,16,46,42,68,56,131,75,78,4,64,105"/><U83/><E117/><V22/><F112/><W94/><G105/><T101/><D116/><U88/><E123/><V122/><F122/><W50/><G131/><T106/><D2/><U52/><E43/><V27/><F104/><W26/><G78/><T114/><D111/><U8/><E21/><V28/><F72/><W130/><G130/><T135/><D81/><N who="1" m="31307" /><E8/><V35/><F28/><W20/><G75/><T92/><D106/><U107/><E59/><V74/><F74/><W38/><G94/><T13/><D114/><U128/><E107/><V96/><F96/><W7/><G19/><T29/><D23/><U58/><E58/><V9/><F9/><W45/><G68/><T134/><D10/><U11/><E11/><V129/><F129/><W14/><G56/><T102/><D39/><U115/><E115/><V121/><F121/><W66/><REACH who="3" step="1"/><G26/><REACH who="3" ten="188,312,250,240" step="2"/><T97/><REACH who="0" step="1"/><D102/><REACH who="0" ten="178,312,250,240" step="2"/><U119/><E128/><V108/><F108/><W34/><G34/><T48/><D48/><U49/><E49/><V18/><F35/><W65/><G65/><T6/><D6/><U95/><E119/><V32/><F32/><W24/><G24/><T118/><D118/><U60/><E60/><V127/><F33/><W53/><AGARI ba="0,2" hai="4,5,7,14,16,20,38,42,45,46,50,53,64,66" machi="53" ten="30,8000,1" yaku="1,1,0,1,52,1,54,1,53,1" doraHai="70" doraHaiUra="12" who="3" fromWho="3" sc="178,-20,312,-40,250,-20,240,100" /><INIT seed="2,0,0,5,5,13" ten="158,272,230,340" oya="2" hai0="29,43,8,47,39,49,106,107,134,98,85,35,93" hai1="58,76,102,109,9,124,89,51,11,130,42,32,27" hai2="15,65,68,101,37,21,59,116,95,30,23,92,18" hai3="46,22,129,99,84,20,126,123,111,77,64,113,91"/><V10/><F116/><W1/><G111/><T17/><D134/><U74/><E109/><V131/><F68/><W60/><G129/><T25/><D85/><U24/><E130/><V120/><F131/><W12/><G126/><T19/><D39/><U7/><E32/><V119/><F119/><W16/><G1/><T79/><D79/><U110/><E124/><V105/><F120/><W90/><G113/><T44/><D47/><U0/><E102/><V36/><F105/><W61/><G61/><T62/><D8/><U73/><E89/><V67/><F37/><W118/><G46/><T63/><D107/><U57/><E76/><V83/><F36/><W81/><G123/><T128/><D106/><U78/><E78/><V69/><F69/><W56/><G118/><T3/><D3/><U132/><E0/><V96/><F83/><W135/><G135/><T94/><D94/><U133/><E110/><V86/><F59/><W104/><REACH who="3" step="1"/><G22/><REACH who="3" ten="158,272,230,330" step="2"/><N who="2" m="8201" /><F30/><W80/><G80/><T55/><D128/><U5/><E51/><V26/><F26/><W82/><G82/><T28/><D63/><U127/><E127/><V33/><F33/><W121/><G121/><T70/><D70/><U122/><E122/><V103/><F86/><W114/><G114/><T2/><D2/><U45/><E45/><V4/><F4/><W34/><G34/><T38/><D38/><U72/><E72/><V75/><F75/><W31/><G31/><T52/><D29/><U112/><E112/><V125/><F125/><W48/><G48/><T50/><D50/><U117/><E117/><V40/><F40/><AGARI ba="0,1" hai="5,7,9,11,24,27,40,42,57,58,73,74,132,133" machi="40" ten="25,3200,0" yaku="6,1,22,2" doraHai="13" who="1" fromWho="2" sc="158,0,272,42,230,-32,330,0" /><INIT seed="3,0,0,5,0,28" ten="158,314,198,330" oya="3" hai0="126,87,74,118,80,128,6,13,24,60,83,20,103" hai1="92,11,34,18,73,123,110,99,86,15,23,107,51" hai2="64,55,94,61,7,53,124,68,98,31,108,33,76" hai3="59,91,10,4,49,129,14,0,131,114,37,106,132"/><W119/><G119/><T113/><D118/><U19/><E73/><V109/><F7/><W133/><G37/><T43/><D126/><U67/><E123/><V78/><F124/><W40/><G106/><T8/><D128/><N who="3" m="49225" /><G114/><T85/><D74/><U104/><E34/><V82/><F31/><W21/><G91/><T3/><D3/><U62/><E86/><V50/><F33/><W120/><G120/><T2/><D2/><U36/><E51/><V111/><F50/><W58/><G40/><T112/><D103/><U9/><E36/><V70/><F68/><W30/><G49/><T26/><D43/><U116/><E110/><V56/><F70/><W117/><G117/><T32/><D60/><U17/><E116/><V1/><F1/><W77/><G77/><N who="2" m="29801" /><F82/><W22/><G22/><T69/><D20/><U65/><E107/><V79/><N who="2" m="29809" /><V134/><DORA hai="122" /><F134/><N who="3" m="51819" /><G30/><T121/><D121/><U44/><E104/><V84/><F84/><W81/><G81/><T125/><D83/><U95/><E23/><V71/><F71/><W89/><G89/><AGARI ba="0,0" hai="53,55,56,61,64,89,94,98,108,109,111" m="29809" machi="89" ten="40,8000,1" yaku="14,1,52,3" doraHai="28,122" who="2" fromWho="3" sc="158,0,314,0,198,80,330,-80" /><INIT seed="4,0,0,3,5,90" ten="158,314,278,250" oya="0" hai0="11,113,35,92,86,42,17,71,134,47,59,49,31" hai1="27,9,48,64,70,46,99,73,133,19,107,63,98" hai2="91,101,0,115,128,97,122,95,89,130,6,21,14" hai3="78,12,74,55,116,109,60,65,106,23,111,103,121"/><T52/><D71/><U3/><E73/><V30/><F0/><W5/><G116/><T56/><D134/><U126/><E133/><V84/><F6/><W129/><G129/><N who="2" m="49769" /><F122/><W28/><G78/><T72/><D72/><U57/><E3/><V123/><F123/><W4/><G74/><T131/><D131/><U16/><E107/><V104/><F14/><W120/><G12/><N who="0" m="7327" /><D35/><U82/><E126/><V62/><F62/><W10/><G55/><T69/><D69/><U67/><E67/><V117/><F117/><W87/><G87/><T124/><D113/><U118/><E70/><V102/><F115/><W96/><G4/><T2/><D31/><U43/><E118/><V125/><F125/><W93/><G106/><T29/><D29/><U114/><E114/><V25/><F104/><W39/><G39/><T22/><D2/><U1/><E1/><V105/><F105/><W54/><G54/><T53/><D22/><U26/><E9/><V110/><F110/><W88/><G103/><T66/><D124/><U20/><E82/><AGARI ba="0,0" hai="21,25,30,82,84,89,91,95,97,101,102" m="49769" machi="82" ten="30,2000,0" yaku="19,1,52,1" doraHai="90" who="2" fromWho="1" sc="158,0,314,-20,278,20,250,0" /><INIT seed="5,0,0,4,1,4" ten="158,294,298,250" oya="1" hai0="25,69,60,16,135,118,88,97,77,104,130,65,112" hai1="92,53,22,54,108,120,38,34,63,31,113,14,49" hai2="80,5,12,119,23,109,56,67,134,124,47,6,74" hai3="32,2,83,57,127,107,98,122,7,39,11,64,41"/><U28/><E38/><V99/><F109/><W129/><G129/><T131/><D118/><U3/><E3/><V45/><F119/><W133/><G127/><T82/><D112/><U9/><E120/><V73/><F124/><W21/><G133/><T0/><D0/><U102/><E34/><V58/><F99/><W115/><G115/><T50/><D50/><U95/><E108/><V62/><F80/><W96/><G41/><T125/><D125/><U78/><E78/><V132/><F23/><W55/><G64/><T61/><D61/><U71/><E71/><V128/><F12/><W103/><G83/><T27/><D135/><U100/><E63/><V48/><F62/><W44/><G44/><T70/><D70/><U87/><E22/><V10/><F48/><W110/><G110/><T24/><D104/><U42/><E42/><V86/><F86/><W33/><G21/><T35/><D35/><U84/><E113/><V121/><F67/><W79/><G79/><T75/><REACH who="0" step="1"/><D16/><REACH who="0" ten="148,294,298,250" step="2"/><U111/><E111/><V43/><F134/><W51/><G122/><T105/><D105/><U94/><E49/><V76/><F132/><W13/><G2/><T20/><D20/><U19/><E31/><V52/><F121/><W114/><G114/><T66/><D66/><U46/><E28/><V81/><F5/><W40/><G39/><T37/><D37/><U123/><E123/><V8/><F6/><W1/><G1/><T15/><D15/><U59/><E19/><V68/><F68/><W106/><G40/><T18/><D18/><U30/><E30/><V117/><F43/><RYUUKYOKU ba="0,1" sc="148,15,294,-15,298,-15,250,15" hai0="24,25,27,60,65,69,75,77,82,88,97,130,131" hai3="7,11,13,32,33,51,55,57,96,98,103,106,107" /><INIT seed="6,1,1,0,5,27" ten="163,279,283,265" oya="2" hai0="118,11,30,73,71,104,24,110,39,48,82,70,29" hai1="55,98,78,79,66,132,92,106,65,105,18,4,23" hai2="67,88,28,109,51,91,9,13,7,74,93,75,59" hai3="80,1,44,68,135,52,129,47,99,45,31,100,14"/><V120/><F120/><W62/><G135/><T84/><D39/><U131/><E132/><V25/><F109/><W116/><G129/><T36/><D36/><U81/><E4/><V102/><F102/><W83/><G1/><T12/><D73/><U97/><E55/><V8/><F8/><W40/><G68/><T42/><D104/><U17/><E92/><V101/><F101/><W95/><G14/><T43/><D71/><U113/><E81/><V58/><F91/><W128/><G128/><T107/><D70/><U72/><E23/><V16/><F7/><W90/><G40/><N who="0" m="15403" /><D107/><U61/><E61/><V69/><F69/><W0/><G0/><T121/><D118/><U49/><E131/><V124/><F124/><W111/><G111/><T94/><D24/><U117/><E117/><V6/><F6/><W2/><G2/><T41/><D94/><U108/><E108/><V89/><F75/><W50/><G62/><T54/><N who="0" m="15411" /><T85/><DORA hai="22" /><D121/><U63/><E63/><N who="2" m="38391" /><F93/><W122/><G100/><T38/><D38/><U20/><E72/><V126/><F74/><W15/><G15/><T103/><D103/><U127/><E127/><V112/><F126/><W3/><G3/><T19/><D110/><U76/><E106/><V119/><F119/><W87/><G122/><T115/><D115/><U37/><E105/><V35/><F112/><W96/><G96/><N who="1" m="36970" /><E113/><V34/><F34/><W125/><G125/><T60/><D60/><U64/><E37/><V21/><F35/><W46/><G116/><T114/><D114/><U133/><E133/><V53/><AGARI ba="1,1" hai="9,13,16,21,25,28,51,53,59,88,89" m="38391" machi="53" ten="30,18000,2" yaku="5,1,8,1,52,2,54,2" doraHai="27,22" who="2" fromWho="2" sc="163,-61,279,-61,283,193,265,-61" /><INIT seed="6,2,0,2,0,2" ten="102,218,476,204" oya="2" hai0="105,11,91,86,97,85,53,124,90,81,27,83,128" hai1="130,102,115,78,68,127,123,34,47,129,30,6,132" hai2="121,52,5,49,95,64,108,48,99,77,1,16,119" hai3="88,12,74,76,134,23,73,116,26,114,43,135,56"/><V93/><F121/><W20/><G43/><T62/><D124/><U21/><E102/><V63/><F119/><W29/><G76/><T22/><D128/><U70/><E78/><V80/><F108/><W104/><G56/><T8/><D105/><U94/><E123/><V42/><F42/><W4/><G88/><T100/><D62/><U19/><E94/><V120/><F120/><W106/><G114/><T15/><D53/><U38/><E115/><V126/><F126/><W92/><G92/><T96/><D100/><U69/><E30/><V72/><F49/><W58/><G58/><T36/><D36/><U31/><E132/><N who="3" m="50730" /><G104/><T24/><D22/><U122/><E122/><V57/><F99/><W18/><G106/><T50/><REACH who="0" step="1"/><D15/><REACH who="0" ten="92,218,476,204" step="2"/><N who="1" m="9471" /><BYE who="2" /><E38/><V101/><F101/><W75/><G116/><UN n2="%E3%81%93%E3%81%84%E3%81%BB%E3%83%BC" /><T82/><D82/><U103/><E103/><V17/><F95/><W41/><G41/><T59/><D59/><U28/><E47/><V61/><F93/><W79/><G79/><T67/><D67/><U39/><E39/><V60/><REACH who="2" step="1"/><F64/><REACH who="2" ten="92,218,466,204" step="2"/><W51/><G51/><AGARI ba="2,2" hai="8,11,24,27,50,51,81,83,85,86,90,91,96,97" machi="51" ten="25,6400,0" yaku="1,1,22,2,8,1,53,0" doraHai="2" doraHaiUra="117" who="0" fromWho="3" sc="92,90,218,0,466,0,204,-70" /><INIT seed="7,0,0,0,4,48" ten="182,218,466,134" oya="3" hai0="120,22,58,113,130,37,10,111,71,12,49,124,68" hai1="31,110,29,106,122,95,35,47,100,46,14,56,60" hai2="131,6,77,128,16,23,88,62,34,134,89,70,81" hai3="87,123,107,73,79,2,72,99,13,93,21,1,98"/><W126/><G123/><T65/><D120/><U39/><E106/><V80/><F34/><W44/><G126/><T50/><D124/><U51/><E39/><V90/><F6/><W121/><G44/><T69/><D22/><U36/><E46/><V67/><F134/><W96/><G21/><T17/><D111/><U66/><E35/><V117/><F117/><W129/><G13/><T63/><D37/><U38/><E38/><V43/><F43/><W57/><G57/><T133/><D130/><N who="2" m="49706" /><F77/><W3/><G129/><T30/><D30/><U127/><E36/><V86/><F81/><N who="3" m="45287" /><G1/><T18/><D133/><U9/><E110/><V118/><F118/><W20/><G20/><T132/><D132/><U108/><E108/><V55/><F55/><W104/><G2/><T54/><D50/><U5/><E127/><V115/><F115/><W11/><G11/><T125/><D125/><U109/><E122/><V19/><F19/><W42/><G42/><T82/><D113/><U119/><E119/><V94/><F80/><W8/><G8/><T83/><REACH who="0" step="1"/><D18/><REACH who="0" ten="172,218,466,134" step="2"/><U92/><E109/><V53/><F53/><W84/><G121/><T41/><D41/><U28/><E100/><V33/><F33/><W75/><G3/><T105/><D105/><U135/><E135/><V7/><F7/><W24/><G24/><AGARI ba="0,1" hai="16,23,24,62,67,70,86,88,89,90,94" m="49706" machi="24" ten="30,3900,0" yaku="19,1,54,2" doraHai="48" who="2" fromWho="3" sc="172,0,218,0,466,49,134,-39" owari="172,-22.8,218,1.8,515,61.5,95,-40.5" /></mjloggm>