<mjloggm ver="2.3"><GO type="41" lobby="0"/><UN n0="%42%6F%6E%64%72%69%76%65" n1="%6B%75%72%6F%6D%61%74%65" n2="%53%54%46" n3="%E2%93%9D%4C%75%63%6B%79%4A" dan="16,13,15,18" rate="2028.10,1847.96,2041.91,2175.85" sx="M,M,M,M"/><TAIKYOKU oya="0"/><INIT seed="0,0,0,2,3,59" ten="250,250,250,250" oya="0" hai0="61,22,46,66,98,79,130,44,35,23,57,123,51" hai1="114,109,128,116,122,97,73,31,49,18,55,45,3" hai2="43,127,25,91,27,135,10,133,32,52,104,63,120" hai3="48,108,101,113,11,47,53,6,24,58,2,34,19"/><T4/><D123/><U28/><E122/><V39/><F104/><W8/><G113/><T7/><D35/><U118/><E73/><V117/><F120/><W80/><G108/><T90/><D130/><U50/><E3/><V121/><F121/><W14/><G101/><T115/><D79/><U71/><E71/><V88/><F43/><W36/><G36/><T75/><D75/><U74/><E74/><V42/><F42/><W93/><G93/><N who="0" m="56631" /><D115/><U30/><E114/><V92/><F39/><W96/><G96/><T67/><D67/><U111/><E128/><V54/><F10/><W77/><G34/><T76/><D76/><U21/><E97/><V131/><F131/><W87/><REACH who="3" step="1"/><G24/><REACH who="3" ten="250,250,250,240" step="2"/><T70/><D70/><U65/><E118/><V103/><F32/><W64/><G64/><T124/><D124/><U132/><E65/><V94/><F103/><W1/><G1/><T105/><D105/><U37/><E37/><V99/><F99/><W126/><G126/><T134/><D134/><U69/><E132/><V33/><F33/><W56/><AGARI ba="0,1" hai="2,6,8,11,14,19,47,48,53,56,58,77,80,87" machi="56" ten="30,2000,0" yaku="1,1,0,1,53,0" doraHai="59" doraHaiUra="68" who="3" fromWho="3" sc="250,-10,250,-5,250,-5,240,30" /><INIT seed="1,0,0,3,0,105" ten="240,245,245,270" oya="1" hai0="26,33,126,106,59,80,7,130,52,119,54,4,111" hai1="69,18,64,100,112,120,76,5,63,0,95,56,110" hai2="118,49,17,47,97,39,66,37,96,58,42,129,90" hai3="65,77,87,3,71,1,115,122,43,114,31,70,29"/><U84/><E120/><V101/><F118/><W32/><G65/><T11/><D119/><U13/><E112/><V123/><F123/><W46/><G122/><T16/><D106/><U8/><E110/><V135/><F90/><W25/><G87/><T34/><D111/><U113/><E113/><N who="3" m="43018" /><G77/><T104/><D104/><U73/><E69/><N who="3" m="26122" /><G31/><T92/><D130/><U67/><E67/><V72/><F97/><W132/><G132/><T98/><D126/><U125/><E125/><V51/><F17/><W109/><G109/><T93/><D80/><U60/><E60/><V15/><F15/><W117/><G117/><T6/><D93/><U23/><E100/><V124/><F135/><W82/><G82/><T131/><D131/><U35/><E35/><V50/><F124/><W22/><G22/><T116/><D116/><U10/><E23/><V94/><F129/><W2/><G3/><T38/><D38/><AGARI ba="0,0" hai="1,2,25,29,32,38,43,46" m="26122,43018" machi="38" ten="30,1000,0" yaku="23,1" doraHai="105" who="3" fromWho="0" sc="240,-10,245,0,245,0,270,10" /><INIT seed="2,0,0,1,4,19" ten="230,245,245,280" oya="2" hai0="53,16,66,33,124,111,99,39,70,92,88,87,91" hai1="35,106,37,31,129,51,81,17,112,36,90,14,85" hai2="82,77,52,131,46,48,43,128,76,73,3,108,55" hai3="80,49,130,12,114,59,75,15,127,23,5,117,118"/><V58/><F77/><W54/><G114/><T50/><D39/><U29/><E112/><V134/><F3/><W44/><G130/><T40/><D33/><U65/><E106/><V1/><F1/><W97/><G127/><T125/><D111/><U69/><E129/><N who="2" m="49739" /><F134/><W20/><G75/><T8/><D40/><U10/><E51/><N who="2" m="31007" /><F108/><W78/><G118/><T100/><D70/><U101/><E101/><V22/><F55/><W133/><G117/><T26/><D66/><U68/><E68/><V98/><F98/><W135/><G97/><T62/><D62/><U18/><E18/><V123/><F123/><W13/><G5/><T120/><D120/><U7/><E7/><V34/><F34/><W11/><G11/><T30/><D91/><U105/><E105/><V121/><F121/><W84/><REACH who="3" step="1"/><G59/><REACH who="3" ten="230,245,245,270" step="2"/><T132/><D125/><U4/><E4/><V41/><F41/><W116/><G116/><T93/><D124/><U0/><E0/><V27/><F27/><W83/><G83/><T9/><D26/><U38/><REACH who="1" step="1"/><E35/><REACH who="1" ten="230,235,245,270" step="2"/><V103/><F103/><W74/><G74/><T113/><D100/><U126/><E126/><V24/><F24/><W21/><AGARI ba="0,2" hai="12,13,15,20,21,23,44,49,54,78,80,84,133,135" machi="21" ten="40,12000,2" yaku="1,1,0,1,52,3,53,1" doraHai="19" doraHaiUra="79" who="3" fromWho="3" sc="230,-30,235,-30,245,-60,270,140" /><INIT seed="3,0,0,4,2,58" ten="200,205,185,410" oya="3" hai0="129,111,106,102,132,65,34,86,31,134,12,47,75" hai1="10,119,13,39,122,68,107,126,82,80,99,85,98" hai2="53,27,70,25,100,78,76,5,36,120,15,40,44" hai3="63,6,105,23,92,22,133,103,60,43,108,37,135"/><W79/><G105/><T101/><D75/><U96/><E68/><V66/><F100/><W116/><G116/><T121/><D121/><U11/><E39/><V45/><F120/><W51/><G6/><T84/><D111/><U74/><E122/><V48/><F15/><W42/><G37/><T46/><D12/><U113/><E113/><V64/><F5/><W88/><G103/><T72/><D72/><U38/><E38/><V97/><F97/><W2/><G79/><T17/><D17/><U125/><E119/><V29/><F25/><W94/><G51/><T83/><D65/><U54/><E107/><V62/><REACH who="2" step="1"/><F66/><REACH who="2" ten="200,205,175,410" step="2"/><W123/><G123/><T24/><D102/><U55/><E13/><V114/><F114/><W52/><G108/><T110/><D101/><U93/><E99/><V130/><F130/><W73/><G73/><T14/><D14/><U7/><E74/><V90/><F90/><W16/><G88/><T1/><D129/><U95/><REACH who="1" step="1"/><E7/><REACH who="1" ten="200,195,175,410" step="2"/><V61/><F61/><W19/><G2/><T4/><D4/><U112/><E112/><V89/><F89/><W87/><G87/><AGARI ba="0,2" hai="10,11,54,55,80,82,85,87,93,95,96,98,125,126" machi="87" ten="25,3200,0" yaku="1,1,22,2,53,0" doraHai="58" doraHaiUra="20" who="1" fromWho="3" sc="200,0,195,52,175,0,410,-32" /><INIT seed="4,0,0,4,1,128" ten="200,247,175,378" oya="0" hai0="65,32,29,131,36,119,103,64,14,33,31,57,16" hai1="100,62,84,92,1,96,39,133,38,56,42,135,90" hai2="110,48,55,15,59,41,69,85,130,108,2,105,118" hai3="21,30,81,113,63,125,5,126,72,10,117,0,111"/><T67/><D119/><U102/><E1/><V116/><F2/><W87/><G72/><T50/><D36/><U112/><E112/><V9/><F105/><W120/><G117/><N who="2" m="45161" /><F85/><W71/><G111/><N who="2" m="42537" /><F15/><W129/><G129/><T25/><D131/><U43/><E102/><V49/><F9/><W94/><G113/><T45/><D57/><U132/><E39/><V123/><F130/><W121/><G94/><T53/><D103/><U82/><E38/><V4/><F4/><W66/><G30/><T77/><D77/><U17/><E17/><V101/><F101/><W37/><G21/><T44/><D44/><U89/><E100/><V127/><F69/><W104/><G104/><T115/><D115/><U7/><E7/><V40/><F123/><N who="3" m="47179" /><G37/><T107/><D107/><U11/><E11/><V83/><F83/><W12/><G0/><T35/><REACH who="0" step="1"/><D25/><REACH who="0" ten="190,247,175,378" step="2"/><U60/><E60/><N who="2" m="35967" /><F127/><W75/><G75/><T114/><D114/><U6/><E6/><V97/><F97/><W22/><G126/><T47/><D47/><U86/><E96/><V99/><F99/><W52/><G125/><T95/><D95/><U109/><E109/><V93/><F93/><W20/><G81/><T26/><D26/><U80/><E92/><V28/><F28/><W51/><G87/><T19/><D19/><U124/><E124/><V24/><F24/><W79/><G79/><T74/><D74/><U54/><AGARI ba="0,1" hai="42,43,54,56,62,80,82,84,86,89,90,132,133,135" machi="54" ten="30,12000,2" yaku="0,1,9,1,20,1,52,3" doraHai="128" who="1" fromWho="1" sc="190,-60,247,130,175,-30,378,-30" /><INIT seed="5,0,0,4,0,21" ten="130,377,145,348" oya="1" hai0="126,127,53,19,84,67,99,23,80,101,95,122,130" hai1="29,74,31,79,123,6,3,10,42,100,7,55,119" hai2="58,9,2,106,34,64,33,62,109,113,134,131,133" hai3="125,27,117,120,63,76,36,1,48,24,45,85,4"/><U51/><E123/><V66/><F66/><W12/><G36/><T18/><D122/><U40/><E119/><V105/><F58/><W22/><G1/><T43/><D130/><U44/><E7/><N who="2" m="1271" /><F109/><W73/><G73/><T96/><D67/><U98/><E42/><V26/><F34/><W94/><G125/><T87/><D43/><U93/><E55/><V46/><F46/><W83/><G117/><T118/><D118/><U37/><E51/><V110/><F110/><W115/><G115/><T71/><D71/><U50/><E50/><V124/><F131/><W8/><G120/><T68/><D68/><U60/><E60/><V103/><F103/><W20/><G94/><T121/><D121/><U82/><AGARI ba="0,0" hai="3,6,10,29,31,37,40,44,74,79,82,93,98,100" machi="82" ten="30,6000,0" yaku="0,1,25,2" doraHai="21" who="1" fromWho="1" sc="130,-20,377,60,145,-20,348,-20" /><INIT seed="5,1,0,5,3,83" ten="110,437,125,328" oya="1" hai0="24,113,128,51,42,90,15,31,126,120,5,16,101" hai1="82,33,69,50,135,87,117,58,89,32,8,133,76" hai2="66,14,7,123,17,13,57,59,75,88,92,104,26" hai3="132,41,80,49,119,52,96,72,109,122,103,39,108"/><U53/><E117/><V98/><F75/><W95/><G122/><T55/><D120/><U61/><E8/><V121/><F104/><W134/><G41/><T21/><D113/><U70/><E76/><V23/><F123/><W34/><G39/><T38/><D128/><U78/><E78/><V110/><F110/><W46/><G34/><T131/><D131/><U37/><E37/><V47/><F121/><W20/><G20/><T65/><D126/><U43/><E70/><V68/><F68/><W4/><G4/><T85/><D101/><U60/><E60/><V118/><F47/><W3/><G3/><T84/><D65/><U25/><E25/><V77/><F77/><N who="3" m="44071" /><G119/><T106/><D106/><U19/><E19/><V81/><F81/><W28/><G28/><T64/><D64/><N who="1" m="41103" /><E43/><V12/><F118/><W0/><G0/><T29/><D5/><U44/><E44/><V30/><F7/><W129/><G129/><T10/><D31/><U114/><E114/><V73/><F73/><W97/><G97/><T45/><D90/><U6/><E6/><V115/><F115/><W63/><G63/><T11/><D11/><U54/><E54/><V102/><F66/><W36/><G36/><T130/><D130/><U62/><E62/><V48/><F17/><W116/><G116/><T94/><D94/><U67/><E67/><V9/><F9/><W71/><G71/><T112/><D112/><U107/><E107/><N who="2" m="63959" /><F48/><W100/><G103/><T125/><D125/><U124/><E124/><V1/><F1/><W74/><G74/><T22/><D10/><U79/><E79/><RYUUKYOKU ba="1,0" sc="110,0,437,0,125,0,328,0" hai0="15,16,21,22,24,29,38,42,45,51,55,84,85" hai1="32,33,50,53,58,82,87,89,133,135" hai2="12,13,14,23,26,30,57,59,88,92" hai3="46,49,52,95,96,100,108,109,132,134" /><INIT seed="5,2,0,3,5,83" ten="110,437,125,328" oya="1" hai0="32,53,123,23,134,121,35,91,70,89,34,109,135" hai1="14,99,131,69,51,18,37,128,119,112,103,11,92" hai2="107,90,25,49,75,27,59,38,62,113,61,47,115" hai3="67,50,85,36,86,84,45,20,2,31,10,44,48"/><U104/><E119/><V8/><F107/><W133/><G36/><T98/><D23/><U78/><E37/><V17/><F75/><W93/><G133/><N who="0" m="50699" /><D53/><U4/><E69/><V15/><F38/><W43/><G2/><T88/><D70/><U105/><E112/><N who="2" m="43083" /><F62/><W116/><G10/><T9/><D109/><U68/><E68/><V55/><F90/><N who="0" m="34922" /><D9/><U12/><E78/><V114/><N who="2" m="43091" /><V30/><DORA hai="19" /><F30/><W122/><G122/><N who="0" m="46603" /><D91/><U124/><E51/><V64/><AGARI ba="2,0" hai="8,15,17,25,27,47,49,55,59,61,64" m="43091" machi="64" ten="40,2700,0" yaku="15,1,11,1" doraHai="83,19" who="2" fromWho="2" sc="110,-9,437,-15,125,33,328,-9" /><INIT seed="6,0,0,1,2,46" ten="101,422,158,319" oya="2" hai0="123,88,52,112,110,3,62,40,91,21,90,15,97" hai1="116,68,29,80,11,134,8,22,113,32,89,36,105" hai2="0,48,63,5,101,79,41,65,114,69,73,37,57" hai3="67,17,18,106,42,61,38,100,13,129,14,127,120"/><V31/><F31/><W122/><G38/><T119/><D110/><U34/><E116/><V111/><F101/><W59/><G42/><T66/><D123/><U126/><E105/><V95/><F95/><W108/><G127/><T125/><D3/><U104/><E104/><V54/><F111/><W118/><G129/><T115/><D125/><U99/><E68/><V55/><F79/><W56/><G118/><T94/><D40/><U53/><E36/><V71/><F73/><W124/><G124/><T60/><D119/><U107/><E126/><V6/><F0/><W35/><G35/><T47/><D21/><U74/><E107/><V83/><F83/><W78/><G78/><T103/><D15/><U75/><E75/><V92/><F92/><W93/><G106/><T82/><D82/><U12/><E74/><V26/><F26/><W109/><G93/><T33/><D33/><U43/><E32/><V85/><F85/><W20/><G100/><T87/><D87/><U7/><E34/><V77/><F77/><W98/><G98/><T102/><D102/><U76/><E76/><V81/><F81/><W128/><G128/><T44/><D62/><U131/><E131/><V133/><F6/><W28/><G109/><T4/><D4/><U10/><E80/><V45/><F5/><W16/><G108/><T2/><D2/><U84/><E84/><V58/><F133/><W23/><G18/><T96/><D96/><U39/><E134/><V9/><F9/><W72/><G72/><T49/><D44/><U24/><E99/><V51/><F114/><W1/><G1/><RYUUKYOKU ba="0,0" sc="101,15,422,-15,158,15,319,-15" hai0="47,49,52,60,66,88,90,91,94,97,103,112,115" hai2="37,41,45,48,51,54,55,57,58,63,65,69,71" /><INIT seed="6,1,0,0,0,15" ten="116,407,173,304" oya="2" hai0="41,35,91,8,128,93,45,120,105,12,48,99,110" hai1="96,107,85,111,63,51,102,43,50,22,61,44,5" hai2="21,55,78,54,73,95,49,124,18,3,71,125,19" hai3="123,2,62,64,29,59,113,34,17,116,92,7,84"/><V127/><F71/><W25/><G123/><T89/><D110/><U65/><E111/><V0/><F78/><W80/><G116/><T11/><D128/><U103/><E103/><V52/><F73/><W76/><G113/><T79/><D35/><U46/><E5/><V67/><F67/><W118/><G118/><T121/><D105/><U106/><E106/><V56/><F21/><W40/><G40/><T60/><D79/><U87/><E22/><V134/><F95/><W108/><G108/><T130/><D130/><U81/><E81/><V57/><F49/><W23/><G2/><N who="2" m="553" /><F134/><W112/><G112/><T74/><D74/><U119/><E119/><V37/><F37/><W68/><G7/><T13/><D91/><U58/><E63/><V14/><F14/><W133/><G133/><T6/><REACH who="0" step="1"/><D60/><REACH who="0" ten="106,407,173,304" step="2"/><U66/><E61/><V38/><F38/><W69/><G92/><T104/><D104/><U16/><E107/><V47/><F47/><W126/><G69/><T129/><D129/><U77/><E77/><V26/><F26/><W86/><G68/><T94/><D94/><U97/><E46/><V4/><F4/><AGARI ba="1,1" hai="4,6,8,11,12,13,41,45,48,89,93,99,120,121" machi="4" ten="30,8000,1" yaku="1,1,7,1,9,1,53,2" doraHai="15" doraHaiUra="117" who="0" fromWho="2" sc="106,93,407,0,173,-83,304,0" /><INIT seed="7,0,0,3,0,111" ten="199,407,90,304" oya="3" hai0="108,118,49,18,90,60,101,53,106,114,22,56,63" hai1="107,130,92,122,104,6,23,129,9,103,91,2,4" hai2="61,59,72,128,12,41,30,85,117,75,27,102,32" hai3="120,13,135,112,40,21,58,96,39,94,123,77,99"/><W73/><G39/><T26/><D108/><U86/><E122/><N who="3" m="46634" /><G40/><T35/><D118/><U62/><E6/><V125/><F117/><W15/><G58/><T38/><D114/><U83/><E62/><V100/><F41/><W84/><G21/><T80/><D101/><U87/><E23/><V67/><F102/><W47/><G47/><T124/><D106/><U127/><E127/><V36/><F36/><W34/><G15/><T48/><D124/><U119/><E119/><V7/><F125/><W24/><G13/><T66/><D35/><U74/><E74/><V8/><F128/><N who="1" m="49257" /><E103/><V19/><F85/><W82/><G24/><T121/><D38/><U45/><E45/><V33/><F33/><W95/><G34/><T31/><D18/><U43/><E43/><V0/><REACH who="2" step="1"/><F100/><REACH who="2" ten="199,407,80,304" step="2"/><N who="3" m="60543" /><G84/><N who="0" m="50439" /><D121/><U29/><E87/><V25/><F25/><W76/><G77/><T10/><D26/><U97/><E29/><V20/><AGARI ba="0,1" hai="0,7,8,12,19,20,27,30,32,59,61,67,72,75" machi="20" ten="20,8000,1" yaku="1,1,0,1,7,1,24,2,53,0" doraHai="111" doraHaiUra="109" who="2" fromWho="2" sc="199,-20,407,-20,80,90,304,-40" owari="179,-22.1,387,48.7,170,-33.0,264,6.4" /></mjloggm>