<mjloggm ver="2.3"><GO type="41" lobby="0"/><UN n0="%E3%82%89%E3%81%99%E3%81%8B%E3%82%8B%E2%98%86" n1="%E3%82%AA%E3%83%83%E3%83%91%E3%83%83%E3%83%94%E3%82%A4%E3%83%BC" n2="%E2%93%9D%4C%75%63%6B%79%4A" n3="%E7%89%9B%E4%B8%80%E9%A0%AD%E8%B2%B7%E3%81%84" dan="15,13,18,13" rate="1969.99,1934.51,2159.36,1837.35" sx="M,M,M,M"/><TAIKYOKU oya="0"/><INIT seed="0,0,0,3,3,62" ten="250,250,250,250" oya="0" hai0="43,104,124,76,50,3,61,78,72,49,60,65,32" hai1="110,58,98,19,36,20,22,97,85,83,81,92,106" hai2="16,121,33,113,91,29,10,48,27,105,135,66,79" hai3="115,128,37,86,117,101,45,96,134,54,64,100,18"/><T14/><D3/><U24/><E36/><V77/><F113/><W56/><G117/><T12/><D32/><U123/><E110/><V53/><F121/><W99/><G128/><T75/><D43/><U46/><E123/><V127/><F105/><W130/><G130/><T63/><D104/><U94/><E106/><V15/><F135/><W95/><G115/><T26/><D26/><U35/><E35/><V44/><F127/><W119/><G119/><T30/><D61/><U28/><E46/><V0/><F66/><W55/><G134/><T71/><D30/><U89/><E58/><V17/><F17/><W4/><G4/><T112/><D71/><U23/><E23/><V51/><F91/><N who="3" m="53751" /><G37/><T25/><D25/><U7/><E7/><V74/><F74/><W40/><G40/><T38/><D38/><U107/><E107/><V47/><REACH who="2" step="1"/><F0/><REACH who="2" ten="250,250,240,250" step="2"/><W8/><G18/><T84/><D112/><U129/><E129/><V109/><F109/><W67/><G101/><T2/><D2/><U57/><E19/><V88/><F88/><W5/><G100/><T6/><D124/><U120/><E120/><V90/><F90/><W59/><G5/><T122/><D6/><U34/><E89/><V118/><F118/><W11/><G96/><T80/><D84/><U39/><E85/><V52/><AGARI ba="0,1" hai="10,15,16,27,29,33,44,47,48,51,52,53,77,79" machi="52" ten="20,12000,2" yaku="1,1,0,1,7,1,9,1,54,2,53,0" doraHai="62" doraHaiUra="114" who="2" fromWho="2" sc="250,-60,250,-30,240,130,250,-30" /><INIT seed="1,0,0,3,1,77" ten="190,220,370,220" oya="1" hai0="125,31,27,24,111,97,85,51,99,38,36,12,33" hai1="30,46,126,90,95,34,102,100,122,28,29,8,11" hai2="17,6,14,23,42,120,116,83,52,106,32,21,69" hai3="114,65,64,110,79,5,117,121,66,119,55,101,60"/><U40/><E122/><V63/><F120/><W112/><G5/><T47/><D111/><U105/><E34/><V15/><F116/><N who="3" m="44619" /><G101/><T2/><D2/><U80/><E126/><V123/><F42/><W59/><G79/><T107/><D125/><U132/><E132/><V56/><F69/><W104/><G104/><T37/><D107/><U7/><E105/><V61/><F32/><W26/><G26/><T25/><D12/><U86/><E95/><V71/><F71/><W84/><G84/><T98/><REACH who="0" step="1"/><D85/><REACH who="0" ten="180,220,370,220" step="2"/><U48/><REACH who="1" step="1"/><E8/><REACH who="1" ten="180,210,370,220" step="2"/><V53/><F106/><W9/><G121/><T18/><D18/><U58/><E58/><N who="2" m="35279" /><F123/><W87/><G9/><T93/><D93/><U74/><E74/><V75/><F75/><W45/><G110/><T67/><D67/><N who="3" m="25673" /><G87/><T108/><D108/><U127/><E127/><V49/><F6/><W57/><G45/><T134/><D134/><U10/><E10/><V78/><F56/><W44/><G44/><T103/><D103/><U76/><E76/><V73/><F78/><W16/><G16/><T129/><D129/><U72/><E72/><V54/><F73/><W41/><G59/><T13/><D13/><AGARI ba="0,2" hai="7,11,13,28,29,30,40,46,48,80,86,90,100,102" machi="13" ten="40,7700,0" yaku="1,1,8,1,52,1,53,0" doraHai="77" doraHaiUra="92" who="1" fromWho="0" sc="180,-77,210,97,370,0,220,0" /><INIT seed="1,1,0,0,4,79" ten="103,307,370,220" oya="1" hai0="107,45,26,102,82,23,128,10,75,92,4,54,16" hai1="29,84,101,71,35,60,115,125,3,51,41,97,109" hai2="135,30,24,48,122,78,111,74,100,106,134,42,89" hai3="72,95,131,67,52,70,36,11,85,14,108,31,21"/><U120/><E115/><V112/><F112/><W65/><G108/><T43/><D128/><U73/><E120/><V132/><F122/><W80/><G72/><T126/><D126/><U113/><E73/><V15/><F89/><W121/><G36/><T130/><D130/><U119/><E113/><V90/><F90/><W32/><G131/><T68/><D68/><U34/><E119/><V5/><F100/><W63/><G32/><T18/><D107/><U124/><E3/><V105/><F15/><W27/><G95/><T25/><D54/><U17/><E109/><V94/><F94/><W46/><G70/><T99/><D4/><U118/><E118/><V38/><F48/><N who="3" m="28695" /><G63/><T77/><D10/><U117/><E117/><V19/><F111/><W123/><G123/><T40/><REACH who="0" step="1"/><D45/><REACH who="0" ten="93,307,370,220" step="2"/><U55/><E71/><V62/><F106/><W50/><G121/><T133/><D133/><U28/><E124/><V61/><F105/><W2/><G2/><T0/><D0/><U87/><E125/><V103/><F135/><W6/><G50/><T8/><D8/><U127/><E127/><V76/><F134/><W66/><G66/><T116/><D116/><U1/><E1/><V57/><F132/><W110/><G110/><T49/><D49/><U114/><E114/><V98/><F38/><W39/><G39/><T59/><D59/><U58/><E34/><V88/><F57/><W53/><G53/><T96/><D96/><U13/><E35/><V129/><F129/><W83/><G67/><T12/><D12/><U33/><E33/><V104/><F104/><W44/><G65/><RYUUKYOKU type="nm" ba="1,1" sc="93,-40,307,120,370,-40,220,-40" hai0="16,18,23,25,26,40,43,75,77,82,92,99,102" /><INIT seed="2,2,1,0,3,59" ten="53,427,330,180" oya="2" hai0="51,130,108,14,104,102,31,89,55,77,112,23,132" hai1="82,57,65,45,74,1,95,81,97,99,71,69,135" hai2="79,115,9,22,114,27,28,92,34,93,120,37,91" hai3="11,109,86,113,52,3,111,25,26,16,105,7,47"/><V87/><F120/><W78/><G105/><T56/><D112/><U62/><E1/><V46/><F79/><W18/><G113/><T124/><D132/><U121/><E135/><V88/><F34/><W33/><G33/><T5/><D108/><N who="3" m="41545" /><G86/><T48/><D124/><U85/><E121/><V41/><REACH who="2" step="1"/><F9/><REACH who="2" ten="53,427,320,180" step="2"/><W32/><G78/><T64/><D130/><U131/><E131/><V110/><F110/><W19/><G32/><T84/><D77/><U73/><E45/><V4/><F4/><W38/><G38/><T17/><D5/><U101/><E69/><V96/><AGARI ba="2,2" hai="22,27,28,37,41,46,87,88,91,92,93,96,114,115" machi="96" ten="20,12000,1" yaku="1,1,0,1,7,1,54,1,53,1" doraHai="59" doraHaiUra="70" who="2" fromWho="2" sc="53,-42,427,-42,320,146,180,-42" /><INIT seed="2,3,0,5,0,67" ten="11,385,466,138" oya="2" hai0="83,107,4,113,55,76,91,33,56,103,77,57,50" hai1="108,9,110,114,51,20,17,43,61,3,58,94,40" hai2="88,112,10,82,44,34,24,6,63,80,95,13,116" hai3="120,89,59,18,28,129,128,26,127,49,117,105,27"/><V104/><F112/><W109/><G120/><T47/><D33/><U12/><E114/><V66/><F104/><W7/><G117/><T115/><D107/><U93/><E3/><V19/><F116/><W119/><G119/><T70/><D70/><U102/><E102/><V98/><F44/><W21/><G105/><T84/><D103/><U22/><E108/><V96/><F98/><W30/><G7/><T68/><D68/><U111/><E110/><V64/><F66/><W45/><G109/><T65/><D4/><U73/><E111/><V0/><F24/><W1/><G1/><T123/><D123/><U5/><E73/><V35/><F35/><W100/><G100/><T79/><REACH who="0" step="1"/><D65/><REACH who="0" ten="1,385,466,138" step="2"/><U52/><E5/><V126/><F34/><W121/><G121/><T118/><D118/><U133/><E133/><V87/><F126/><W75/><G127/><T90/><D90/><U60/><E60/><V25/><F0/><W8/><G89/><T124/><D124/><U132/><E132/><V130/><F6/><W54/><G128/><T62/><D62/><U69/><E69/><V23/><F130/><W29/><G129/><T38/><D38/><U97/><E61/><V101/><F64/><W32/><G32/><T2/><D2/><U72/><E51/><V14/><F63/><W85/><G49/><T122/><D122/><U31/><E97/><V42/><F96/><W36/><G36/><T48/><D48/><U53/><E40/><V78/><F42/><W15/><G8/><T41/><D41/><U86/><E43/><V131/><F131/><W37/><G37/><RYUUKYOKU ba="3,1" sc="1,30,385,-10,466,-10,138,-10" hai0="47,50,55,56,57,76,77,79,83,84,91,113,115" /><INIT seed="3,4,1,5,4,3" ten="31,375,456,128" oya="3" hai0="6,131,119,75,37,44,82,129,125,46,67,89,83" hai1="19,81,88,112,106,77,15,33,22,4,0,56,76" hai2="17,27,28,111,130,85,86,116,127,128,96,55,13" hai3="10,135,73,122,105,101,123,8,2,1,63,40,117"/><W84/><G117/><T65/><D89/><U104/><E33/><V21/><F116/><W95/><G73/><T29/><D119/><U93/><E112/><V87/><F111/><W124/><G124/><T118/><D118/><U50/><E104/><V66/><F66/><W52/><G105/><T57/><D29/><U99/><E106/><V43/><F43/><W120/><G135/><T108/><D57/><U121/><E121/><V59/><F96/><W94/><G40/><T5/><D75/><U64/><E81/><V49/><REACH who="2" step="1"/><F127/><REACH who="2" ten="31,375,446,128" step="2"/><W68/><G120/><T78/><D125/><U70/><E64/><V110/><F110/><W45/><G123/><T23/><D108/><U38/><E70/><V34/><AGARI ba="4,2" hai="13,17,21,27,28,34,49,55,59,85,86,87,128,130" machi="34" ten="30,2000,0" yaku="1,1,0,1,53,0" doraHai="3" doraHaiUra="69" who="2" fromWho="2" sc="31,-9,375,-9,446,52,128,-14" /><INIT seed="4,0,0,4,4,23" ten="22,366,498,114" oya="0" hai0="12,14,102,37,83,114,116,50,120,99,42,33,123" hai1="95,110,112,16,25,126,49,71,31,13,28,47,18" hai2="27,55,89,106,77,34,44,24,96,30,22,2,101" hai3="65,41,56,94,92,97,64,51,130,46,108,60,4"/><T15/><D116/><U54/><E110/><V68/><F2/><W88/><G108/><T73/><D37/><U62/><E126/><V98/><F77/><W38/><G130/><T131/><D114/><U5/><E112/><V100/><F89/><W36/><G4/><T117/><D117/><U40/><E5/><V115/><F115/><W107/><G107/><T109/><D109/><U79/><E79/><V82/><F82/><W122/><G122/><T52/><D131/><U72/><E72/><V91/><F91/><W74/><G74/><T78/><D33/><U8/><E28/><V133/><F68/><W59/><G92/><T20/><D42/><U9/><E9/><V80/><F80/><W3/><G3/><T1/><D1/><U10/><E10/><V132/><F55/><W69/><G69/><T124/><D124/><U86/><E18/><V134/><F44/><W135/><G135/><T11/><D20/><N who="1" m="15783" /><E71/><V93/><F27/><W35/><G35/><AGARI ba="0,0" hai="22,24,30,34,35,93,96,98,100,101,106,132,133,134" machi="35" ten="40,2600,0" yaku="20,1,52,1" doraHai="23" who="2" fromWho="3" sc="22,0,366,0,498,26,114,-26" /><INIT seed="5,0,0,1,0,1" ten="22,366,524,88" oya="1" hai0="12,63,84,133,41,24,91,59,117,127,78,70,75" hai1="104,48,9,113,44,27,21,7,5,20,89,6,14" hai2="126,26,128,124,64,61,110,114,83,65,37,67,68" hai3="135,96,0,99,120,25,101,58,8,66,22,80,102"/><U109/><E104/><V45/><F83/><W76/><G135/><T88/><D117/><U16/><E109/><V85/><F85/><W53/><G120/><T134/><D70/><U54/><E113/><V30/><F30/><W46/><G46/><T42/><D75/><U74/><E74/><V111/><F26/><W4/><G66/><N who="2" m="25705" /><F128/><W95/><G80/><T121/><D121/><U122/><E122/><V94/><F94/><W49/><G76/><T105/><D105/><U125/><E125/><N who="2" m="48235" /><F114/><W13/><G0/><T57/><D78/><U100/><E100/><N who="3" m="38506" /><G95/><T119/><D24/><U92/><REACH who="1" step="1"/><E21/><REACH who="1" ten="22,356,524,88" step="2"/><V62/><F111/><W112/><G112/><T60/><D127/><U28/><E28/><AGARI ba="0,1" hai="4,8,13,22,25,28,49,53,58,96,99" m="38506" machi="28" ten="30,2000,0" yaku="8,1,52,1" doraHai="1" who="3" fromWho="1" sc="22,0,356,-20,524,0,88,30" /><INIT seed="6,0,0,5,4,92" ten="22,336,524,118" oya="2" hai0="47,97,60,10,48,70,24,120,35,51,63,5,46" hai1="40,84,44,39,86,7,53,121,73,16,67,125,117" hai2="95,96,124,128,18,83,131,108,114,25,3,72,14" hai3="12,58,37,76,118,127,94,93,49,19,43,109,113"/><V111/><F3/><W45/><G118/><T57/><D120/><U68/><E117/><V32/><F114/><W33/><G33/><T31/><D70/><U59/><E73/><V4/><F4/><W62/><G109/><N who="2" m="42057" /><F124/><W132/><G132/><T61/><D57/><U65/><E121/><V80/><F25/><W91/><G127/><T88/><D47/><U78/><E7/><V112/><F32/><W82/><G37/><T6/><D46/><U36/><E125/><V123/><F112/><W21/><G91/><T126/><D126/><U129/><E129/><N who="2" m="49739" /><F72/><W89/><G89/><T90/><D6/><U98/><E68/><V8/><F123/><W104/><G104/><T69/><D69/><U30/><E30/><V135/><F135/><W9/><G21/><T79/><D79/><U85/><E78/><V110/><N who="2" m="42065" /><V75/><DORA hai="102" /><F75/><W134/><G134/><T99/><D5/><U15/><E36/><V50/><F50/><W107/><G107/><T100/><D10/><U106/><E15/><V56/><F56/><W38/><G38/><T116/><D116/><U28/><E28/><V0/><F0/><W13/><G13/><T103/><D103/><AGARI ba="0,0" hai="8,14,18,80,83,95,96,103" m="49739,42065" machi="103" ten="40,7700,0" yaku="10,1,19,1,52,1" doraHai="92,102" who="2" fromWho="0" sc="22,-77,336,0,524,77,118,0" owari="-55,-55.5,336,13.6,601,70.1,118,-28.2" /></mjloggm>