<mjloggm ver="2.3"><GO type="41" lobby="0"/><UN n0="%E2%93%9D%4C%75%63%6B%79%4A" n1="%E6%9D%BE%E4%BA%95%E4%B8%80%E6%99%9F" n2="%66%75%6D%69%68%69" n3="%E3%81%A8%E3%81%9D" dan="18,14,15,14" rate="2176.88,1927.45,2005.84,2007.09" sx="M,M,M,F"/><TAIKYOKU oya="0"/><INIT seed="0,0,0,5,2,90" ten="250,250,250,250" oya="0" hai0="128,62,127,0,14,39,87,1,118,18,41,78,83" hai1="117,44,3,119,96,86,7,80,131,91,123,98,47" hai2="35,9,22,122,116,43,120,56,121,10,70,112,12" hai3="92,99,19,51,57,21,32,49,103,8,63,77,20"/><T38/><D118/><U100/><E123/><V84/><F70/><W105/><G32/><T110/><D127/><U69/><E69/><V4/><F43/><W81/><G8/><T106/><D106/><U130/><E3/><V6/><F56/><W82/><G105/><T125/><D125/><U64/><E64/><V13/><F84/><N who="3" m="48175" /><G82/><T26/><D128/><N who="1" m="49195" /><E7/><V33/><F112/><W79/><G79/><T65/><D110/><U94/><E47/><V95/><F95/><W104/><G104/><T23/><D1/><U46/><E46/><V101/><F101/><W58/><G20/><T28/><D0/><U134/><E44/><V66/><F66/><N who="3" m="39279" /><G58/><T115/><D115/><U102/><E134/><V2/><F116/><N who="1" m="44617" /><E98/><V48/><F48/><W60/><G60/><T133/><D133/><U50/><E50/><V52/><F52/><W111/><G111/><T71/><REACH who="0" step="1"/><D41/><REACH who="0" ten="240,250,250,250" step="2"/><U59/><E59/><V114/><F114/><W37/><G37/><T109/><D109/><U129/><E129/><V5/><F5/><W75/><G75/><T45/><D45/><U88/><AGARI ba="0,1" hai="80,86,88,91,94,96,100,102" m="44617,49195" machi="88" ten="30,8000,1" yaku="19,1,34,2,52,1,54,1" doraHai="90" who="1" fromWho="1" sc="240,-40,250,90,250,-20,250,-20" /><INIT seed="1,0,0,5,3,2" ten="200,340,230,230" oya="1" hai0="6,104,7,29,115,3,26,24,64,17,107,125,37" hai1="65,58,59,135,13,119,79,74,118,22,116,84,102" hai2="83,89,49,46,44,50,57,112,87,97,124,32,55" hai3="0,134,92,82,41,9,93,70,28,129,62,130,131"/><U106/><E74/><V100/><F124/><W71/><G134/><T1/><D64/><U85/><E135/><V35/><F112/><W19/><G28/><T95/><D95/><U103/><E79/><V40/><REACH who="2" step="1"/><F57/><REACH who="2" ten="200,340,220,230" step="2"/><W51/><G129/><T53/><D125/><U80/><E59/><V105/><AGARI ba="0,1" hai="32,35,40,44,46,49,50,55,83,87,89,97,100,105" machi="105" ten="20,5200,0" yaku="1,1,2,1,0,1,7,1,53,0" doraHai="2" doraHaiUra="10" who="2" fromWho="2" sc="200,-13,340,-26,220,62,230,-13" /><INIT seed="2,0,0,2,0,76" ten="187,314,282,217" oya="2" hai0="78,113,44,52,51,102,49,27,5,101,73,28,57" hai1="80,90,99,124,42,126,107,7,11,17,53,37,15" hai2="131,75,4,79,93,33,67,43,104,19,25,105,2" hai3="82,40,132,63,29,18,98,118,0,32,134,77,114"/><V59/><F43/><W39/><G118/><T129/><D113/><U74/><E107/><V115/><F115/><W71/><G18/><T9/><D129/><U64/><E64/><V47/><F47/><N who="3" m="23967" /><G98/><T123/><D123/><U125/><E53/><V92/><F131/><W111/><G114/><T69/><D69/><U121/><E121/><V100/><F4/><W54/><G0/><T1/><D73/><U96/><E17/><V91/><F2/><W109/><G29/><T36/><D78/><N who="1" m="44119" /><E90/><V23/><F33/><W16/><G32/><T127/><D127/><U120/><E120/><V106/><F100/><W86/><G16/><T72/><D72/><U34/><E34/><V128/><F128/><W56/><G71/><T48/><D36/><U94/><E94/><V87/><F93/><W88/><G77/><T97/><D44/><AGARI ba="0,0" hai="7,11,15,37,42,44,96,99,124,125,126" m="44119" machi="44" ten="30,2000,0" yaku="18,1,52,1" doraHai="76" who="1" fromWho="0" sc="187,-20,314,20,282,0,217,0" /><INIT seed="3,0,0,4,5,48" ten="167,334,282,217" oya="3" hai0="91,111,37,130,87,8,129,101,128,134,121,39,52" hai1="106,11,53,18,105,95,57,100,6,3,126,96,112" hai2="16,132,40,65,54,64,50,114,97,88,25,75,74" hai3="84,108,98,92,63,72,117,78,42,118,46,45,5"/><W71/><G108/><T49/><D111/><U1/><E112/><V41/><F132/><W35/><G35/><T104/><D121/><U43/><E126/><V102/><F114/><W55/><G72/><T30/><D30/><U103/><E43/><N who="2" m="16459" /><F102/><W31/><G31/><T33/><D33/><U73/><E73/><V60/><F60/><W51/><G5/><T38/><D8/><U122/><E122/><V70/><F70/><W34/><G34/><T62/><D62/><U79/><E79/><V116/><F74/><W83/><G71/><T115/><D115/><U127/><E127/><V29/><F75/><W110/><G110/><T22/><D22/><U28/><E28/><V109/><F116/><W58/><REACH who="3" step="1"/><G45/><REACH who="3" ten="167,334,282,207" step="2"/><T12/><D134/><U131/><E18/><V47/><F109/><W107/><G107/><T66/><D104/><U21/><E106/><V56/><F29/><W10/><G10/><T82/><D101/><AGARI ba="0,1" hai="42,46,51,55,58,63,78,83,84,92,98,101,117,118" machi="101" ten="30,11600,0" yaku="1,1,7,1,52,1,53,1" doraHai="48" doraHaiUra="93" who="3" fromWho="0" sc="167,-116,334,0,282,0,207,126" /><INIT seed="3,1,0,5,4,119" ten="51,334,282,333" oya="3" hai0="69,0,113,11,4,129,86,26,80,92,40,48,3" hai1="68,45,93,17,102,35,89,135,103,2,7,125,33" hai2="82,6,77,42,34,128,32,78,94,62,13,98,15" hai3="111,1,24,132,88,70,104,23,133,99,52,83,14"/><W8/><G70/><T110/><D113/><U131/><E68/><V25/><F128/><W109/><G1/><T115/><D115/><U81/><E131/><V100/><F42/><W123/><G123/><T58/><D110/><N who="3" m="41993" /><G104/><T51/><D69/><U56/><E45/><V60/><F34/><W22/><G52/><T47/><D129/><U121/><E121/><V21/><F32/><W53/><G53/><T87/><D3/><U54/><E2/><V49/><F49/><W108/><G108/><T91/><D26/><U9/><E54/><V50/><F50/><W95/><G83/><T134/><D134/><N who="3" m="51817" /><G24/><T65/><D65/><U19/><E135/><V59/><F15/><W64/><G64/><T74/><D58/><U117/><E81/><V118/><F118/><W18/><AGARI ba="1,0" hai="8,14,18,22,23,88,95,99" m="51817,41993" machi="18" ten="30,11700,0" yaku="14,1,10,1,20,1,54,1" doraHai="119" who="3" fromWho="3" sc="51,-40,334,-40,282,-40,333,120" /><INIT seed="3,2,0,1,3,92" ten="11,294,242,453" oya="3" hai0="78,22,33,130,24,77,6,35,121,54,76,93,108" hai1="61,12,25,60,46,72,98,124,42,65,40,103,1" hai2="31,75,45,126,9,19,57,23,129,107,86,36,112" hai3="32,29,50,41,84,5,17,14,105,59,104,95,39"/><W80/><G39/><T34/><D121/><U16/><E124/><V37/><F75/><W94/><G5/><T63/><D108/><U125/><E125/><V82/><F107/><W27/><G94/><T106/><D106/><U117/><E117/><V74/><F74/><W100/><G41/><T116/><D116/><U115/><E115/><V53/><F112/><W131/><G131/><T99/><D6/><U44/><E72/><V10/><F129/><W56/><G95/><T51/><D63/><U21/><E1/><V71/><F71/><W113/><G113/><T133/><D133/><U43/><E61/><V132/><F132/><W68/><G68/><T89/><D130/><U109/><E109/><V85/><F31/><W64/><G64/><T0/><D0/><U20/><E60/><V118/><F37/><W81/><G81/><T28/><REACH who="0" step="1"/><D35/><REACH who="0" ten="1,294,242,453" step="2"/><U62/><E65/><V97/><F118/><W102/><G104/><T123/><D123/><U58/><E62/><V73/><F126/><W111/><G105/><T122/><D122/><U67/><E67/><V70/><F70/><W48/><G111/><T7/><D7/><U134/><E134/><V15/><F36/><W4/><G4/><T135/><D135/><U55/><E103/><V49/><F49/><W87/><G48/><T26/><D26/><U3/><E3/><V114/><F15/><W8/><G14/><T110/><D110/><U47/><E25/><V101/><F101/><W13/><G100/><T96/><D96/><U11/><E98/><V91/><F97/><W38/><G102/><T2/><D2/><RYUUKYOKU ba="2,1" sc="1,15,294,15,242,-15,453,-15" hai0="22,24,28,33,34,51,54,76,77,78,89,93,99" hai1="11,12,16,20,21,40,42,43,44,46,47,55,58" /><INIT seed="4,3,1,5,1,63" ten="16,309,227,438" oya="0" hai0="24,83,67,71,75,68,21,34,36,117,29,79,113" hai1="87,9,46,22,94,133,78,42,118,31,95,28,72" hai2="88,90,129,60,89,120,19,20,108,105,93,127,76" hai3="70,25,101,18,123,44,53,6,61,65,125,40,80"/><T30/><D117/><U104/><E104/><V64/><F120/><W4/><G123/><T98/><D113/><U102/><E118/><V48/><F105/><W35/><G125/><T91/><D36/><U96/><E133/><V57/><F129/><W128/><G128/><T32/><D30/><U99/><E72/><V131/><F131/><W41/><G101/><T5/><D5/><U100/><E9/><V66/><F127/><W11/><G80/><T50/><D50/><U134/><E134/><V1/><F1/><W0/><G4/><T55/><D55/><U107/><E107/><V116/><F108/><W92/><G92/><T59/><D91/><U124/><E124/><V132/><F132/><W110/><G110/><T47/><D47/><U69/><E69/><V38/><F38/><W119/><G53/><T106/><D59/><U74/><E74/><V23/><F76/><W115/><G115/><T126/><D126/><U37/><E22/><V26/><F116/><W45/><G119/><T2/><D2/><U135/><E135/><V97/><F48/><W13/><G44/><T51/><D51/><U86/><E78/><V62/><F23/><N who="3" m="11727" /><G45/><T43/><D43/><U81/><E81/><V58/><AGARI ba="3,1" hai="19,20,26,57,58,60,62,64,66,88,89,90,93,97" machi="58" ten="20,12000,2" yaku="0,1,7,1,9,1,8,1,52,2,54,1" doraHai="63" who="2" fromWho="2" sc="16,-63,309,-33,227,139,438,-33" owari="-47,-54.7,276,-12.4,366,16.6,405,50.5" /></mjloggm>