<mjloggm ver="2.3"><GO type="41" lobby="0"/><UN n0="%E3%81%A8%E3%81%8D%E3%81%8B" n1="%E2%93%9D%4C%75%63%6B%79%4A" n2="%E3%82%AA%E3%83%AC%E3%82%B4%E3%83%B3" n3="%E5%8D%97%E9%AC%BC%E7%84%A1%E8%A9%A9%E2%98%85%E8%8B%BA" dan="14,17,14,16" rate="1864.14,2141.36,1977.64,1988.44" sx="M,M,M,M"/><TAIKYOKU oya="0"/><INIT seed="0,0,0,1,1,21" ten="250,250,250,250" oya="0" hai0="33,13,129,26,91,132,25,9,10,71,2,39,55" hai1="6,27,7,8,80,92,111,1,11,20,56,83,97" hai2="81,119,103,70,61,126,41,50,110,4,78,53,35" hai3="66,96,127,58,32,19,5,94,79,12,124,77,45"/><T29/><D39/><U49/><E111/><V73/><F110/><W60/><G5/><T74/><D74/><U113/><E113/><V89/><F126/><N who="3" m="48171" /><G45/><T68/><D132/><U86/><E86/><V120/><F35/><W48/><G48/><T98/><D129/><U123/><E123/><V63/><F119/><W22/><G32/><T130/><D130/><U95/><E95/><V135/><F120/><W46/><G46/><T57/><D2/><U131/><E131/><V40/><F135/><W88/><AGARI ba="0,0" hai="12,19,22,58,60,66,77,79,88,94,96" m="48171" machi="88" ten="30,2000,0" yaku="18,1,54,1" doraHai="21" who="3" fromWho="3" sc="250,-10,250,-5,250,-5,250,20" /><INIT seed="1,0,0,3,2,68" ten="240,245,245,270" oya="1" hai0="114,21,134,105,56,30,76,4,67,47,104,128,93" hai1="65,26,81,29,100,46,84,124,62,129,117,20,112" hai2="121,113,61,80,43,99,12,88,92,53,125,107,58" hai3="94,9,97,35,108,63,135,31,122,57,75,90,77"/><U118/><E112/><V109/><F121/><W64/><G122/><T15/><D128/><U102/><E129/><V52/><F125/><W45/><G108/><T5/><D134/><U73/><E73/><V70/><F109/><W2/><G135/><T38/><D114/><U3/><E3/><V60/><F113/><W86/><G31/><T6/><D76/><U7/><E7/><V78/><F107/><W19/><G35/><T28/><D93/><U1/><E1/><V130/><F130/><W11/><G2/><T34/><D34/><U42/><E124/><V24/><F43/><W91/><G19/><T101/><D28/><U16/><E118/><V13/><F70/><W37/><G77/><T132/><D101/><U41/><E42/><V49/><F24/><W0/><G75/><T106/><D67/><U40/><E41/><V33/><F33/><W50/><G37/><T74/><D74/><U59/><E29/><V126/><F126/><W10/><G0/><T25/><D56/><U85/><E117/><V98/><F99/><W44/><REACH who="3" step="1"/><G50/><REACH who="3" ten="240,245,245,260" step="2"/><T103/><D38/><U8/><E8/><V39/><F39/><W79/><G79/><T82/><D30/><U72/><E72/><V66/><F49/><W116/><G116/><T123/><D123/><U131/><E131/><V87/><F66/><W54/><G54/><T32/><D4/><U55/><E55/><V95/><REACH who="2" step="1"/><F92/><AGARI ba="0,1" hai="9,10,11,44,45,57,63,64,86,90,91,92,94,97" machi="92" ten="40,2600,0" yaku="1,1,8,1,53,0" doraHai="68" doraHaiUra="133" who="3" fromWho="2" sc="240,0,245,0,245,-26,260,36" /><INIT seed="2,0,0,5,3,119" ten="240,245,219,296" oya="2" hai0="90,93,23,83,102,28,77,84,22,130,5,63,111" hai1="133,75,50,78,82,95,99,85,109,40,135,70,29" hai2="26,14,51,0,114,67,123,19,38,69,13,98,54" hai3="57,113,55,52,62,4,60,105,87,97,106,24,18"/><V80/><F123/><W56/><G113/><T126/><D111/><U65/><E29/><V21/><F114/><W34/><G4/><T116/><D130/><U31/><E31/><V121/><F38/><W17/><G87/><T76/><D126/><U125/><E65/><V35/><F0/><W7/><G7/><T53/><D116/><U45/><E70/><V74/><F121/><W122/><G122/><T64/><D5/><U41/><E109/><V124/><F124/><W36/><G36/><T58/><D102/><U42/><E75/><V129/><F129/><W43/><G43/><T72/><D77/><U101/><REACH who="1" step="1"/><E125/><REACH who="1" ten="240,235,219,296" step="2"/><V108/><F67/><W81/><G34/><T134/><D28/><U96/><E96/><V110/><F69/><W12/><G97/><T32/><D32/><U10/><E10/><V25/><F98/><W100/><G100/><T128/><D134/><AGARI ba="0,1" hai="40,41,42,45,50,78,82,85,95,99,101,133,134,135" machi="134" ten="40,5200,0" yaku="1,1,20,1,53,1" doraHai="119" doraHaiUra="92" who="1" fromWho="0" sc="240,-52,235,62,219,0,296,0" /><INIT seed="3,0,0,1,5,65" ten="188,297,219,296" oya="3" hai0="119,124,121,35,6,118,116,8,37,90,29,129,104" hai1="112,106,131,1,15,109,102,10,7,107,14,34,98" hai2="67,103,120,84,105,22,93,51,42,44,96,110,127" hai3="12,47,78,45,18,126,41,58,46,50,130,71,60"/><W64/><G78/><T80/><D121/><U86/><E112/><V52/><F110/><W97/><G126/><T81/><D104/><U21/><E34/><V24/><F127/><W5/><G130/><T101/><D101/><U94/><E109/><V0/><F0/><W57/><G5/><T3/><D124/><U61/><E131/><V36/><F120/><W79/><G79/><T63/><D129/><U66/><E86/><V70/><F84/><W92/><G58/><T38/><D90/><U100/><E21/><V17/><F105/><W27/><G27/><T117/><D81/><U74/><E74/><V32/><F32/><W128/><G71/><T16/><D80/><U125/><E125/><V19/><F70/><W76/><G76/><T85/><D85/><U69/><REACH who="1" step="1"/><E94/><REACH who="1" ten="188,287,219,296" step="2"/><V48/><F22/><N who="3" m="11591" /><G128/><T30/><D119/><U20/><E20/><V134/><F134/><W123/><G123/><T75/><D75/><U11/><E11/><V83/><F24/><W99/><G99/><AGARI ba="0,1" hai="1,7,10,14,15,61,66,69,98,99,100,102,106,107" machi="99" ten="40,5200,0" yaku="1,1,9,1,52,1,53,0" doraHai="65" doraHaiUra="23" who="1" fromWho="3" sc="188,0,287,62,219,0,296,-52" /><INIT seed="4,0,0,3,1,33" ten="188,349,219,244" oya="0" hai0="81,18,68,7,121,79,27,8,56,115,100,92,101" hai1="106,29,31,21,87,111,82,41,105,17,25,72,89" hai2="134,88,123,34,15,53,118,119,125,67,103,14,135" hai3="63,69,19,43,110,40,52,16,83,5,23,42,13"/><T109/><D121/><U46/><E111/><V11/><F123/><W85/><G110/><T66/><D109/><U132/><E72/><V108/><F103/><W113/><G113/><T1/><D68/><U126/><E126/><V102/><F102/><W48/><G5/><T61/><D92/><U133/><E106/><V62/><F34/><W124/><G124/><T10/><D115/><U128/><E128/><V47/><F125/><W26/><G63/><T49/><D49/><U35/><E105/><V122/><F108/><W131/><G69/><T64/><D66/><U90/><E90/><V76/><F76/><N who="3" m="46311" /><G131/><T54/><D64/><U71/><E71/><V20/><F122/><W65/><G65/><T73/><REACH who="0" step="1"/><D27/><REACH who="0" ten="178,349,219,244" step="2"/><U75/><E25/><V50/><F119/><W80/><G80/><T93/><D93/><U51/><E82/><V3/><F118/><W107/><G107/><T9/><D9/><U37/><E51/><V84/><F135/><W96/><G96/><T117/><D117/><U98/><E98/><V129/><F134/><W60/><G60/><T45/><D45/><U70/><E46/><V32/><F62/><W4/><G40/><T120/><D120/><U30/><E41/><V97/><F67/><W91/><G42/><T86/><D86/><U36/><E70/><V77/><F97/><W57/><G43/><T94/><D94/><N who="1" m="54591" /><E133/><V104/><F129/><W74/><G48/><T127/><D127/><U24/><E132/><V44/><F104/><W2/><G74/><T114/><D114/><U28/><E75/><V0/><F84/><W130/><G130/><RYUUKYOKU ba="0,1" sc="178,15,349,15,219,-15,244,-15" hai0="1,7,8,10,18,54,56,61,73,79,81,100,101" hai1="17,21,24,28,29,30,31,35,36,37" /><INIT seed="4,1,1,0,0,109" ten="193,364,204,229" oya="0" hai0="3,126,35,68,64,107,84,93,97,49,22,20,33" hai1="85,23,79,131,86,40,29,123,11,112,100,12,28" hai2="116,30,77,58,128,15,81,39,120,0,96,71,134" hai3="7,130,103,101,60,99,104,47,122,89,9,119,25"/><T51/><D3/><U95/><E123/><V4/><F30/><W19/><G119/><T118/><D118/><U24/><E131/><V13/><F4/><W124/><G103/><T70/><D107/><U117/><E117/><V21/><F21/><W57/><G124/><T2/><D2/><U121/><E121/><V48/><F58/><W63/><G122/><T132/><D84/><U105/><E40/><V26/><F48/><W133/><G133/><T17/><D93/><U41/><E41/><V92/><F26/><W113/><G130/><T18/><D97/><N who="1" m="59455" /><E105/><V69/><F39/><W62/><G47/><T55/><D132/><U1/><E1/><V80/><F0/><W54/><G89/><T45/><D126/><U88/><E112/><V14/><F134/><W31/><G19/><T66/><REACH who="0" step="1"/><D45/><REACH who="0" ten="183,364,204,229" step="2"/><U42/><E86/><N who="2" m="48399" /><F116/><W127/><G127/><T83/><D83/><U73/><E85/><V44/><F81/><W10/><G104/><T76/><D76/><U87/><E79/><V78/><F120/><W135/><G135/><T34/><D34/><U129/><E87/><V52/><F78/><W91/><G99/><T125/><D125/><U36/><E129/><V43/><F128/><W37/><G101/><T38/><D38/><U59/><E36/><N who="2" m="21607" /><F96/><W46/><G37/><T102/><D102/><U53/><E88/><V115/><F92/><W65/><G91/><T56/><D56/><U8/><E59/><V94/><F94/><W67/><G57/><T27/><D27/><U82/><E24/><V61/><F115/><W6/><G113/><T110/><D110/><RYUUKYOKU ba="1,2" sc="183,15,364,-15,204,15,229,-15" hai0="17,18,20,22,33,35,49,51,55,64,66,68,70" hai2="13,14,15,52,61,69,71" /><INIT seed="4,2,2,4,4,40" ten="198,349,219,214" oya="0" hai0="102,76,43,13,35,69,48,37,12,8,53,123,45" hai1="71,56,119,99,111,65,21,42,103,93,9,57,105" hai2="5,50,41,36,66,89,23,106,108,30,87,77,72" hai3="107,44,120,110,18,20,127,24,58,133,7,39,118"/><T60/><D123/><U115/><E119/><V14/><F108/><W52/><G110/><T62/><D35/><U134/><E111/><V25/><F106/><W16/><G118/><T29/><D29/><U79/><E71/><V96/><F66/><W70/><G70/><T78/><D102/><U122/><E79/><V22/><F36/><W101/><G7/><T128/><D128/><U59/><E122/><V0/><F72/><W3/><G3/><T47/><D13/><U116/><E134/><V31/><F0/><W54/><G120/><T33/><D33/><U2/><E115/><V68/><F96/><W55/><G127/><T131/><D131/><U114/><E42/><V46/><F68/><W109/><G109/><T19/><D69/><U126/><E114/><V67/><F67/><W38/><G133/><T73/><D73/><U17/><E116/><V113/><F77/><W130/><G130/><T49/><D37/><U94/><E65/><V90/><F113/><W88/><G58/><T135/><D135/><U10/><E126/><V129/><F129/><W6/><G6/><T27/><D27/><U15/><REACH who="1" step="1"/><E2/><REACH who="1" ten="198,339,219,214" step="2"/><V97/><F41/><W92/><G39/><T82/><D78/><U112/><E112/><V11/><F90/><W98/><G38/><T104/><D104/><U100/><E100/><V64/><F89/><W80/><G107/><T84/><AGARI ba="2,3" hai="8,12,19,43,45,47,48,49,53,60,62,76,82,84" machi="84" ten="20,12000,1" yaku="0,1,7,1,8,1,52,2" doraHai="40" who="0" fromWho="0" sc="198,156,339,-42,219,-42,214,-42" /><INIT seed="4,3,0,1,0,40" ten="354,297,177,172" oya="0" hai0="69,19,114,81,103,73,44,21,79,92,100,62,61" hai1="65,124,66,130,52,20,6,10,87,5,56,3,53" hai2="1,45,39,15,9,25,58,13,60,85,112,51,36" hai3="0,96,50,88,128,127,16,86,34,32,67,91,76"/><T31/><D114/><U133/><E130/><V49/><F112/><W125/><G0/><T93/><D31/><U123/><E123/><V120/><F120/><W29/><G67/><T24/><D103/><U17/><E124/><N who="3" m="47690" /><G128/><T131/><D131/><U116/><E116/><V38/><F1/><W18/><G76/><T122/><D122/><U104/><E104/><V113/><F113/><W12/><G96/><T102/><D102/><U27/><E133/><V26/><F51/><W46/><G18/><T42/><D69/><U99/><E6/><V4/><F13/><W118/><G118/><T111/><D111/><U106/><E53/><V115/><F85/><W119/><G119/><T135/><D135/><U64/><E87/><V98/><F98/><W33/><G86/><T55/><D100/><U80/><E80/><V90/><F90/><N who="3" m="34347" /><G29/><T105/><D105/><U94/><E106/><V107/><F107/><W59/><G59/><T23/><D23/><U126/><E126/><V74/><F74/><W28/><G28/><T7/><D7/><U11/><E5/><V84/><F84/><W14/><G16/><T30/><D30/><U68/><E68/><V108/><F115/><W89/><N who="3" m="34355" /><W54/><AGARI ba="3,0" hai="12,14,32,33,34,46,50,54" m="34355,47690" machi="54" ten="50,8000,1" yaku="4,1,18,1,52,1,54,1" doraHai="40" who="3" fromWho="3" sc="354,-43,297,-23,177,-23,172,89" /><INIT seed="5,0,0,0,5,91" ten="311,274,154,261" oya="1" hai0="22,103,27,131,32,82,57,77,10,26,107,76,16" hai1="112,116,74,56,33,127,132,48,122,53,120,121,75" hai2="117,15,130,19,67,115,135,128,80,37,25,95,43" hai3="36,4,59,24,84,7,71,66,119,70,23,50,104"/><U44/><E33/><V124/><F117/><W55/><G104/><T3/><D131/><N who="2" m="50218" /><F37/><W98/><G36/><T94/><D107/><U85/><E116/><V6/><F43/><W114/><G119/><T9/><D77/><U31/><E31/><V97/><F67/><W54/><G98/><T87/><D3/><U106/><E106/><V49/><F49/><W99/><G114/><T68/><D68/><U105/><E105/><V69/><F69/><W52/><G99/><T38/><D38/><U0/><E0/><V42/><F42/><W93/><G71/><T134/><D27/><U133/><E127/><V28/><F80/><W72/><G72/><T111/><D111/><U118/><E118/><V41/><F41/><W18/><G70/><T47/><D47/><U17/><E17/><V100/><F124/><W46/><G66/><T83/><D83/><U51/><E85/><V8/><F135/><N who="1" m="51785" /><E112/><V88/><F115/><W20/><G20/><T1/><D1/><U40/><AGARI ba="0,0" hai="40,44,48,51,53,56,74,75,120,121,122" m="51785" machi="40" ten="40,2100,0" yaku="20,1" doraHai="91" who="1" fromWho="1" sc="311,-7,274,21,154,-7,261,-7" /><INIT seed="5,1,0,0,3,28" ten="304,295,147,254" oya="1" hai0="117,130,87,69,11,53,85,6,61,118,18,2,30" hai1="90,44,32,124,67,74,42,48,57,14,99,106,26" hai2="12,82,58,19,91,68,73,0,112,33,34,7,92" hai3="97,98,79,15,62,131,77,50,121,27,31,100,72"/><U66/><E74/><V49/><F73/><W9/><G121/><T126/><D130/><U71/><E124/><V56/><F68/><W45/><G131/><T13/><D126/><U103/><E90/><V80/><F0/><W22/><G62/><T115/><D115/><U23/><E71/><V52/><F7/><W78/><G100/><T64/><D53/><U3/><E3/><V133/><F133/><W120/><G72/><T86/><REACH who="0" step="1"/><D30/><REACH who="0" ten="294,295,147,254" step="2"/><U129/><E129/><V65/><F112/><W54/><REACH who="3" step="1"/><G120/><REACH who="3" ten="294,295,147,244" step="2"/><T8/><AGARI ba="1,2" hai="2,6,8,11,13,18,61,64,69,85,86,87,117,118" machi="8" ten="30,4000,0" yaku="1,1,2,1,0,1,53,0" doraHai="28" doraHaiUra="29" who="0" fromWho="0" sc="294,63,295,-21,147,-11,244,-11" /><INIT seed="6,0,0,0,1,43" ten="357,274,136,233" oya="2" hai0="126,44,46,113,26,122,87,9,38,116,60,77,124" hai1="21,68,61,18,130,72,19,102,2,81,89,28,120" hai2="12,0,133,10,114,53,6,86,132,57,48,78,8" hai3="80,27,103,52,1,54,22,47,106,95,35,128,34"/><V17/><REACH who="2" step="1"/><F114/><REACH who="2" ten="357,274,126,233" step="2"/><W50/><G128/><T109/><D113/><U29/><E130/><V56/><F56/><W111/><G111/><T75/><D109/><U36/><E68/><V79/><F79/><W20/><G1/><T129/><D77/><U14/><E2/><V74/><F74/><W101/><G35/><T91/><D75/><U42/><E72/><V82/><AGARI ba="0,1" hai="0,6,8,10,12,17,48,53,57,78,82,86,132,133" machi="82" ten="30,6000,0" yaku="21,2,0,1,53,0" doraHai="43" doraHaiUra="117" who="2" fromWho="2" sc="357,-20,274,-20,126,70,233,-20" /><INIT seed="6,1,0,3,2,53" ten="337,254,196,213" oya="2" hai0="79,71,128,67,129,4,28,103,116,38,83,37,101" hai1="104,55,119,135,132,97,85,48,72,42,9,124,134" hai2="102,130,70,66,45,0,94,34,91,74,6,13,16" hai3="17,96,100,24,131,52,47,14,112,29,115,80,22"/><V105/><F74/><W39/><G131/><T117/><D28/><U46/><E72/><V82/><F130/><N who="0" m="50282" /><D4/><U84/><E119/><V121/><F121/><W99/><G80/><T64/><D79/><U41/><E124/><V95/><F34/><W108/><G108/><T50/><D50/><U5/><E97/><V8/><F70/><W106/><G99/><T2/><D83/><U49/><E104/><V60/><F105/><W122/><G122/><T120/><D2/><U93/><E93/><V62/><F66/><N who="0" m="25130" /><D120/><U90/><E90/><V18/><F45/><W33/><REACH who="3" step="1"/><G52/><REACH who="3" ten="337,254,196,203" step="2"/><T69/><D69/><U27/><E55/><V65/><F65/><W15/><G15/><T25/><D71/><U3/><E27/><V77/><F0/><W127/><G127/><T12/><D12/><U133/><E135/><V32/><F82/><W113/><G113/><T1/><D25/><U59/><E134/><V20/><F77/><W61/><G61/><T87/><D1/><U43/><E133/><V10/><F62/><W114/><G114/><T30/><D117/><U126/><E132/><V107/><F60/><W88/><G88/><T56/><D116/><U40/><E126/><V44/><F91/><W81/><G81/><T7/><D103/><U125/><E125/><V19/><F44/><W26/><G26/><T57/><D101/><U123/><E123/><V11/><F102/><W89/><G89/><T73/><D73/><U111/><E111/><V35/><F13/><W92/><G92/><N who="2" m="35369" /><F107/><W21/><G21/><T51/><D87/><U58/><E49/><V54/><F20/><RYUUKYOKU ba="1,1" sc="337,-15,254,15,196,-15,203,15" hai1="3,5,9,40,41,42,43,46,48,58,59,84,85" hai3="14,17,22,24,29,33,39,47,96,100,106,112,115" /><INIT seed="7,2,1,5,5,19" ten="322,269,181,218" oya="3" hai0="103,6,53,135,33,123,106,0,92,108,10,64,134" hai1="5,44,14,80,91,58,62,110,4,60,42,112,76" hai2="82,89,15,37,52,86,21,27,114,48,49,115,107" hai3="95,118,102,128,54,68,79,72,35,126,75,117,51"/><W12/><G68/><T38/><D108/><U8/><E110/><V121/><F37/><W17/><G35/><T67/><D123/><U61/><E91/><V90/><F107/><W122/><G122/><T74/><D106/><U24/><E24/><V96/><F48/><W66/><G66/><T36/><D74/><U109/><E5/><V57/><F121/><W119/><G126/><T100/><D53/><U55/><E112/><N who="2" m="43051" /><F15/><W47/><G128/><T34/><D36/><U69/><E69/><V50/><F50/><W22/><REACH who="3" step="1"/><G79/><REACH who="3" ten="322,269,181,208" step="2"/><T16/><D64/><U124/><E124/><V59/><F96/><AGARI ba="2,2" hai="12,17,22,47,51,54,72,75,95,96,102,117,118,119" machi="96" ten="40,7700,0" yaku="1,1,2,1,52,1,53,0" doraHai="19" doraHaiUra="133" who="3" fromWho="2" sc="322,0,269,0,181,-83,208,103" /><INIT seed="7,3,0,4,2,67" ten="322,269,98,311" oya="3" hai0="130,122,34,81,102,21,12,17,114,71,54,38,98" hai1="9,61,42,14,118,3,76,85,2,11,133,24,26" hai2="103,74,96,59,56,25,107,66,57,109,53,60,89" hai3="129,112,16,132,1,91,31,44,13,58,37,40,104"/><W49/><G112/><T41/><D122/><U119/><E42/><V86/><F109/><W69/><G1/><N who="1" m="10" /><E61/><V35/><F74/><W29/><G104/><T134/><D81/><U111/><E85/><V4/><F4/><W28/><G69/><T65/><D34/><U121/><E76/><V113/><F113/><W87/><G132/><T80/><D114/><U70/><E70/><V115/><F115/><W62/><G37/><T78/><D130/><U131/><E121/><V48/><F35/><W23/><G129/><T126/><D126/><U117/><E131/><V123/><F25/><N who="1" m="9833" /><E111/><V36/><F36/><W6/><G6/><T64/><D134/><U77/><E77/><V95/><REACH who="2" step="1"/><F123/><REACH who="2" ten="322,269,88,311" step="2"/><W75/><G75/><T10/><D38/><U45/><E133/><V22/><F22/><W90/><G87/><T93/><D21/><U106/><E106/><V97/><F97/><W83/><G83/><T50/><D71/><U32/><E32/><V18/><F18/><W7/><G7/><T92/><D17/><N who="1" m="8415" /><E45/><V63/><F63/><W0/><G0/><T135/><D98/><U100/><E100/><V128/><F128/><W84/><G84/><T47/><D102/><U124/><E9/><V5/><F5/><W72/><G72/><T108/><D108/><U79/><E79/><V127/><F127/><AGARI ba="3,1" hai="117,118,119,124,127" m="8415,9833,10" machi="127" ten="40,5200,0" yaku="12,1,34,2" doraHai="67" who="1" fromWho="2" sc="322,0,269,71,88,-61,311,0" owari="322,12.2,340,44.0,27,-47.3,311,-8.9" /></mjloggm>