<mjloggm ver="2.3"><GO type="41" lobby="0"/><UN n0="%42%61%72%72%79%32" n1="%E3%82%BF%E3%82%A4%E4%BA%BA%EF%BC%A0%E3%83%90%E3%83%B3%E3%82%B3%E3%82%AF" n2="%E2%93%9D%4C%75%63%6B%79%4A" n3="%E3%83%8B%E3%83%99%E3%82%A2%E3%81%A4%E3%81%91%E3%82%8B" dan="15,15,17,14" rate="1968.78,2088.12,2161.69,1860.13" sx="M,M,M,M"/><TAIKYOKU oya="0"/><INIT seed="0,0,0,0,3,126" ten="250,250,250,250" oya="0" hai0="135,10,19,17,119,15,64,47,52,31,115,134,97" hai1="96,49,44,5,72,127,42,24,28,84,79,110,12" hai2="68,34,20,122,6,8,103,56,76,41,7,120,133" hai3="48,77,21,109,102,22,112,63,131,30,99,128,82"/><T114/><D119/><U87/><E110/><V61/><F34/><W108/><G112/><T35/><D64/><U45/><E127/><V27/><F68/><W70/><G48/><T94/><D35/><U3/><E96/><V95/><F76/><W92/><G70/><T111/><D31/><U23/><E3/><V0/><F7/><W101/><G63/><T46/><D111/><N who="3" m="42569" /><G102/><N who="0" m="60727" /><D47/><U78/><E72/><V130/><F133/><N who="0" m="50698" /><D17/><U13/><E45/><V39/><F122/><W83/><G83/><T54/><D46/><U1/><E1/><V50/><F0/><W106/><G106/><T66/><D66/><U98/><E98/><V105/><F105/><W85/><G30/><T11/><D10/><N who="1" m="4175" /><E13/><V14/><F14/><W58/><G58/><T104/><D104/><U93/><E93/><V75/><F95/><W25/><G25/><T88/><D88/><U18/><E28/><V37/><F27/><W26/><G26/><T2/><D2/><U53/><E42/><V116/><F41/><W16/><G16/><T59/><D54/><U74/><E53/><V38/><F6/><W4/><G4/><T90/><D90/><U51/><E44/><V29/><F29/><W65/><G65/><T100/><D100/><U124/><E18/><V132/><F103/><W86/><G86/><T118/><D118/><U89/><E87/><V62/><F116/><W9/><G9/><T117/><D117/><U129/><E84/><V69/><F132/><W55/><G55/><T57/><D57/><U60/><E124/><V36/><N who="2" m="9216" /><DORA hai="123" /><V67/><F56/><W33/><G33/><RYUUKYOKU ba="0,0" sc="250,15,250,-15,250,-15,250,15" hai0="11,15,19,52,59,114,115" hai3="21,22,77,82,85,92,99,101,128,131" /><INIT seed="0,1,0,0,2,110" ten="265,235,235,265" oya="0" hai0="75,135,17,43,56,101,6,29,4,107,54,2,66" hai1="108,116,16,92,94,91,120,90,103,59,27,50,88" hai2="46,76,89,102,37,18,42,30,62,77,63,87,64" hai3="70,131,22,81,105,100,86,69,31,113,83,39,12"/><T9/><D75/><U60/><E116/><V98/><F30/><W106/><G39/><T65/><D43/><U73/><E73/><V49/><F18/><W85/><G131/><T21/><D135/><U117/><E108/><V125/><F125/><W134/><G134/><T7/><D29/><U118/><E120/><V112/><F112/><W121/><G121/><T119/><D119/><U68/><E68/><V34/><F34/><W20/><G31/><T11/><D107/><U5/><E5/><BYE who="1" /><V1/><F1/><W10/><G100/><T122/><D101/><U67/><E67/><N who="0" m="25609" /><D122/><U133/><E133/><V19/><F19/><W26/><G12/><N who="0" m="9383" /><D2/><U124/><E124/><V123/><F37/><UN n1="%E3%82%BF%E3%82%A4%E4%BA%BA%EF%BC%A0%E3%83%90%E3%83%B3%E3%82%B3%E3%82%AF" /><W23/><G23/><T44/><D44/><U126/><E126/><V57/><F63/><AGARI ba="1,0" hai="4,6,7,9,11,54,56,63" m="9383,25609" machi="63" ten="30,1500,0" yaku="8,1" doraHai="110" who="0" fromWho="2" sc="265,18,235,0,235,-18,265,0" /><INIT seed="0,2,0,0,2,50" ten="283,235,217,265" oya="0" hai0="35,29,3,21,54,16,113,131,80,34,13,118,60" hai1="106,94,19,65,5,31,78,43,69,11,2,36,7" hai2="8,70,124,133,41,107,123,56,39,95,115,112,98" hai3="120,108,100,17,88,59,114,52,61,63,87,121,74"/><T116/><D113/><U103/><E106/><V75/><F70/><W24/><G114/><T83/><D131/><U23/><E7/><V73/><F41/><W128/><G108/><T119/><D3/><U48/><E36/><V82/><F39/><W67/><G74/><N who="2" m="28169" /><F56/><N who="3" m="34951" /><G100/><T102/><D102/><U129/><E78/><V109/><F8/><W68/><G128/><T77/><D29/><U47/><E31/><V25/><F123/><N who="3" m="47179" /><G17/><T32/><REACH who="0" step="1"/><D77/><REACH who="0" ten="273,235,217,265" step="2"/><U51/><E129/><V99/><F115/><W72/><G72/><T126/><D126/><U93/><E103/><V91/><F124/><W38/><G38/><T130/><D130/><U37/><E37/><V135/><F112/><W62/><G24/><T22/><D22/><U92/><E23/><V58/><F25/><W0/><G0/><T28/><D28/><U53/><E2/><V81/><F109/><W10/><G10/><T55/><D55/><U42/><E53/><V90/><F107/><W40/><G40/><T101/><D101/><U1/><E43/><V44/><F135/><W46/><G46/><T49/><D49/><U26/><E48/><V18/><F44/><W110/><G110/><T89/><D89/><U6/><E1/><V27/><F91/><W57/><G63/><T85/><D85/><U15/><E26/><V20/><F27/><W127/><G127/><T125/><D125/><U66/><E66/><V12/><F20/><W117/><G117/><T4/><D4/><N who="1" m="1643" /><E65/><V111/><F111/><W104/><G104/><T105/><D105/><U9/><E9/><V79/><F79/><W96/><G87/><RYUUKYOKU ba="2,1" sc="273,10,235,10,217,-30,265,10" hai0="13,16,21,32,34,35,54,60,80,83,116,118,119" hai1="11,15,19,42,47,51,69,92,93,94" hai3="57,59,62,67,68,88,96" /><INIT seed="0,3,1,5,0,47" ten="283,245,187,275" oya="0" hai0="12,86,78,55,39,65,93,38,127,119,91,49,62" hai1="83,20,77,85,23,98,87,101,103,35,14,59,67" hai2="81,60,79,25,58,46,132,126,6,27,90,43,110" hai3="40,61,115,125,32,100,66,15,5,26,29,52,51"/><T34/><D119/><U57/><E35/><V4/><F126/><W68/><G125/><T56/><D34/><U105/><E101/><V130/><F130/><W95/><G115/><T116/><D116/><U72/><E59/><V53/><F110/><W7/><G40/><T54/><D127/><U41/><E41/><V3/><F132/><W30/><G30/><T121/><D121/><U76/><E14/><V0/><F90/><W50/><G15/><T94/><D78/><U97/><E97/><V11/><F6/><W17/><G17/><T112/><D112/><U89/><E85/><V16/><F3/><W10/><G10/><T2/><D2/><U31/><E31/><V33/><F33/><W8/><G8/><T109/><D109/><U111/><E77/><V129/><F129/><W117/><G51/><T114/><D114/><U131/><E131/><V104/><F104/><W135/><G135/><T36/><D12/><U108/><E108/><V128/><F16/><W22/><G22/><T113/><D113/><U123/><E123/><V63/><F63/><W102/><G117/><T124/><D124/><U70/><E70/><V84/><REACH who="2" step="1"/><F128/><REACH who="2" ten="283,245,177,275" step="2"/><W99/><REACH who="3" step="1"/><G102/><REACH who="3" ten="283,245,177,265" step="2"/><T133/><D133/><U42/><E111/><V64/><F64/><W44/><AGARI ba="3,3" hai="5,7,26,29,32,44,50,52,61,66,68,95,99,100" machi="44" ten="20,12000,2" yaku="1,1,2,1,0,1,7,1,52,1,54,1,53,0" doraHai="47" doraHaiUra="18" who="3" fromWho="3" sc="283,-63,245,-33,177,-33,265,159" /><INIT seed="1,0,0,0,0,37" ten="220,212,144,424" oya="1" hai0="4,17,64,73,60,85,41,89,49,92,15,102,43" hai1="25,9,33,135,131,129,59,69,38,51,134,105,79" hai2="20,46,10,78,115,31,48,76,0,45,62,75,18" hai3="71,28,40,114,80,12,61,65,123,96,39,47,52"/><U53/><E105/><V99/><F115/><W36/><G114/><T19/><D73/><U95/><E79/><V8/><F31/><W98/><G28/><T66/><D49/><U44/><E95/><V106/><F0/><W104/><G123/><T55/><D102/><U130/><E9/><V121/><F121/><W109/><G80/><T108/><D108/><U127/><E25/><V107/><F62/><W125/><G125/><T72/><D72/><U113/><E33/><V86/><F75/><W57/><G109/><T58/><D4/><U84/><E84/><V111/><F111/><W56/><G12/><T119/><D119/><U74/><E74/><V110/><F110/><W22/><G22/><N who="0" m="11583" /><D19/><U54/><E69/><V30/><F18/><W16/><G16/><T90/><D90/><U7/><E7/><V124/><F30/><W42/><G104/><T77/><D77/><U97/><E97/><V34/><F99/><W117/><G117/><T24/><D24/><U35/><E35/><V14/><F34/><W11/><G11/><T133/><D133/><N who="1" m="50699" /><E113/><V91/><F20/><W50/><G57/><T120/><D120/><U26/><E26/><V63/><F10/><W100/><G100/><T23/><D23/><U88/><E88/><V29/><F91/><W128/><G128/><T116/><D116/><U21/><E21/><V126/><F29/><W5/><G5/><T94/><D92/><U81/><E81/><V70/><F107/><W93/><G93/><T2/><D2/><U1/><E1/><V101/><F106/><W132/><G132/><T32/><D32/><RYUUKYOKU ba="0,0" sc="220,15,212,-15,144,-15,424,15" hai0="41,43,55,58,60,64,66,85,89,94" hai3="36,39,40,42,47,50,52,56,61,65,71,96,98" /><INIT seed="2,1,0,4,0,78" ten="235,197,129,439" oya="2" hai0="132,103,65,97,23,79,35,54,63,41,124,7,107" hai1="22,20,112,4,105,121,30,67,83,2,94,26,91" hai2="44,87,14,19,68,114,123,15,50,74,55,113,37" hai3="122,64,29,81,129,43,70,75,10,8,90,133,86"/><V85/><F123/><W27/><G122/><T3/><D132/><U98/><E112/><V0/><F0/><W126/><G126/><T111/><D35/><U9/><E121/><V17/><F74/><W135/><G129/><T115/><D115/><U40/><E40/><V5/><F68/><W51/><G75/><T59/><D111/><U62/><E105/><V93/><F5/><W32/><G51/><T52/><D41/><U84/><E26/><V130/><F130/><W12/><G43/><T95/><D107/><U128/><E30/><V21/><F37/><W18/><REACH who="3" step="1"/><G8/><REACH who="3" ten="235,197,129,429" step="2"/><T125/><D125/><U134/><E128/><V24/><F114/><W102/><G102/><T42/><D42/><U92/><E134/><V56/><F113/><W127/><G127/><T110/><D124/><U99/><E99/><V118/><F118/><W36/><G36/><T61/><D110/><U33/><E33/><V71/><F44/><W28/><G28/><T69/><D103/><U48/><E48/><V49/><F50/><W11/><G11/><T101/><D101/><U47/><E47/><V77/><F71/><W45/><G45/><T88/><D69/><U38/><E38/><V25/><F87/><W80/><G80/><T119/><D119/><U108/><E108/><V73/><F73/><W109/><G109/><T6/><D63/><AGARI ba="1,1" hai="10,12,18,27,29,32,63,64,70,81,86,90,133,135" machi="63" ten="40,2600,0" yaku="1,1,52,1,53,0" doraHai="78" doraHaiUra="96" who="3" fromWho="0" sc="235,-29,197,0,129,0,429,39" /><INIT seed="3,0,0,1,5,11" ten="206,197,129,468" oya="3" hai0="29,109,117,131,110,106,107,19,79,53,125,13,3" hai1="127,48,104,36,91,59,41,23,88,123,78,58,80" hai2="21,27,68,129,6,113,33,71,28,133,77,124,130" hai3="87,24,61,60,57,2,20,135,73,55,121,64,56"/><W0/><G135/><T112/><D117/><U66/><E104/><V108/><F77/><W38/><G121/><T81/><D125/><U101/><E101/><V30/><F71/><W89/><G73/><T84/><D3/><U9/><E127/><V103/><F68/><W85/><G38/><T37/><D112/><U50/><E36/><V94/><F103/><W74/><G74/><T86/><D131/><N who="2" m="50186" /><F94/><W105/><G105/><T54/><D37/><U51/><E41/><V45/><F45/><W72/><G72/><T46/><D29/><U14/><E23/><V26/><F124/><W52/><G64/><T98/><D86/><N who="1" m="48407" /><E123/><V122/><F122/><W134/><G134/><T100/><D106/><U116/><E116/><V43/><F43/><W132/><G132/><T114/><D114/><U75/><E75/><V1/><F133/><W63/><G63/><T93/><D46/><U5/><E59/><V25/><F113/><W95/><G87/><T126/><D126/><U115/><E115/><V69/><F69/><W128/><G128/><T10/><D107/><U92/><E92/><V70/><F70/><W40/><G40/><T34/><D34/><U120/><E120/><V16/><F108/><AGARI ba="0,0" hai="10,13,19,53,54,79,81,84,93,98,100,108,109,110" machi="108" ten="40,2600,0" yaku="14,1,52,1" doraHai="11" who="0" fromWho="2" sc="206,26,197,0,129,-26,468,0" /><INIT seed="4,0,0,3,3,16" ten="232,197,103,468" oya="0" hai0="40,88,84,108,9,97,35,25,115,45,12,24,26" hai1="76,46,58,79,15,54,86,83,80,135,65,11,104" hai2="134,117,17,103,87,31,109,96,131,82,94,7,111" hai3="102,3,132,120,75,19,99,47,30,8,113,85,98"/><T27/><D115/><U56/><E104/><V5/><F31/><W0/><G75/><T105/><D108/><U29/><E135/><V95/><F7/><W53/><G132/><T67/><D67/><U129/><E129/><V22/><F134/><W124/><G124/><T106/><D97/><U100/><E100/><V73/><F5/><W2/><G30/><T101/><D101/><U34/><E34/><V69/><F69/><W122/><G85/><T59/><D59/><U51/><E29/><V66/><F66/><W4/><G19/><T32/><D32/><U71/><E71/><V74/><F131/><W72/><G72/><T116/><D116/><U112/><E65/><V44/><F74/><W126/><G126/><T37/><N who="0" m="6144" /><DORA hai="118" /><T23/><D23/><U107/><E107/><V121/><F73/><W13/><G113/><T114/><D114/><U130/><E130/><V60/><F60/><W68/><G68/><T50/><D37/><U52/><E54/><V63/><F63/><W43/><G53/><T39/><D39/><U41/><E41/><V42/><F117/><W10/><G10/><T64/><D64/><U123/><E123/><N who="3" m="47146" /><G102/><T36/><D35/><U6/><E112/><V55/><F121/><W21/><G21/><T128/><D128/><U57/><REACH who="1" step="1"/><E80/><REACH who="1" ten="232,187,103,468" step="2"/><V127/><F82/><W14/><G43/><T70/><D70/><U125/><E125/><V18/><F127/><W38/><G38/><T77/><D36/><U89/><AGARI ba="0,1" hai="6,11,15,46,51,52,56,57,58,76,79,83,86,89" machi="89" ten="30,7900,0" yaku="1,1,0,1,8,1,54,1,53,0" doraHai="16,118" doraHaiUra="119,33" who="1" fromWho="1" sc="232,-39,187,89,103,-20,468,-20" /><INIT seed="5,0,0,5,4,63" ten="193,276,83,448" oya="1" hai0="86,16,6,85,43,47,26,99,72,15,59,117,37" hai1="3,84,106,133,90,120,78,18,29,70,33,76,121" hai2="48,19,125,51,4,96,10,128,107,135,114,20,103" hai3="91,17,34,54,112,89,13,100,74,42,38,57,7"/><U39/><E3/><V122/><F122/><W87/><G74/><T111/><D72/><U25/><E39/><V127/><F135/><W8/><G34/><T69/><D69/><U50/><E133/><V68/><F68/><W40/><G112/><T49/><D111/><U1/><E1/><V79/><F79/><W45/><G100/><T110/><D117/><U61/><E106/><V46/><F128/><W115/><G42/><T118/><D118/><U64/><E50/><V104/><F107/><W41/><G41/><T27/><D6/><U52/><E52/><V62/><F62/><W98/><G98/><T93/><D59/><U123/><REACH who="1" step="1"/><E18/><REACH who="1" ten="193,266,83,448" step="2"/><V28/><F51/><N who="3" m="27047" /><G17/><T56/><D37/><U58/><E58/><V116/><F19/><W105/><G105/><T101/><D56/><U66/><E66/><V88/><F48/><N who="3" m="30919" /><G38/><T77/><D110/><U102/><E102/><V65/><F65/><W132/><G132/><T113/><D113/><U0/><E0/><N who="2" m="263" /><F114/><W73/><G115/><T35/><D101/><U126/><E126/><N who="2" m="48139" /><F116/><W9/><G7/><T82/><D49/><U108/><E108/><V81/><F46/><W30/><G30/><T53/><D47/><U36/><E36/><V21/><F28/><W11/><G73/><T75/><D53/><U131/><E131/><V5/><F5/><N who="3" m="3215" /><G91/><N who="0" m="55743" /><D43/><U67/><E67/><V80/><F88/><W94/><AGARI ba="0,1" hai="9,11,87,89,94" m="3215,30919,27047" machi="94" ten="30,1100,0" yaku="8,1" doraHai="63" who="3" fromWho="3" sc="193,-3,266,-5,83,-3,448,21" /><INIT seed="6,0,0,3,0,111" ten="190,261,80,469" oya="2" hai0="35,25,123,17,27,14,92,115,62,53,85,37,103" hai1="36,133,71,22,4,93,28,104,119,97,57,20,59" hai2="52,84,39,109,74,135,29,96,1,50,43,26,66" hai3="131,15,126,44,16,118,79,91,46,80,108,21,110"/><V73/><F109/><W8/><G118/><T63/><D37/><U88/><E71/><V128/><F1/><W49/><G131/><T120/><D35/><U30/><E36/><V130/><F66/><W99/><G126/><T129/><D129/><N who="2" m="49770" /><F84/><W13/><G99/><T68/><D115/><U94/><E133/><V19/><F19/><W134/><G134/><T107/><D107/><U106/><E4/><V0/><F0/><W60/><G60/><T113/><D113/><U69/><E69/><V132/><F43/><W54/><G46/><T47/><D68/><U48/><E48/><V10/><F10/><W18/><G91/><T70/><D70/><U56/><E119/><V114/><F39/><W38/><G38/><T42/><D42/><U24/><E93/><V32/><F114/><W11/><G21/><N who="0" m="11447" /><D85/><AGARI ba="0,0" hai="8,11,13,15,16,18,44,49,54,79,80,85,108,110" machi="85" ten="30,3900,0" yaku="7,1,9,1,54,1" doraHai="111" who="3" fromWho="0" sc="190,-39,261,0,80,0,469,39" /><INIT seed="7,0,0,4,3,135" ten="151,261,80,508" oya="3" hai0="122,16,20,92,68,2,47,104,28,118,126,90,18" hai1="17,44,67,52,14,55,40,46,54,113,57,101,50" hai2="81,65,36,61,6,58,49,26,19,11,114,71,43" hai3="103,102,125,121,86,22,21,95,132,32,10,83,4"/><W56/><G95/><T39/><D104/><U88/><E101/><V30/><F114/><W63/><G56/><T15/><D68/><U25/><E25/><V59/><F36/><W128/><G22/><T37/><D2/><U127/><E127/><V79/><F19/><W3/><G125/><T76/><D122/><U80/><E113/><V13/><F43/><W41/><G86/><T115/><D118/><U29/><E29/><V93/><F93/><W75/><G10/><T27/><D126/><U45/><E88/><V124/><F124/><W133/><G63/><T8/><D76/><U99/><E99/><V7/><F7/><W96/><G21/><T42/><D115/><U77/><E80/><V105/><F105/><W100/><G128/><T119/><D119/><U130/><E77/><V23/><REACH who="2" step="1"/><F49/><REACH who="2" ten="151,261,70,508" step="2"/><W69/><G4/><T82/><D39/><U108/><E17/><V60/><F60/><W111/><G41/><T107/><D107/><U1/><E40/><V78/><F78/><W73/><G121/><T33/><D82/><U9/><E50/><V35/><F35/><W109/><G83/><T134/><D33/><U64/><E57/><V112/><F112/><W53/><G32/><T87/><D18/><U48/><E48/><V74/><AGARI ba="0,1" hai="6,11,13,23,26,30,58,59,61,65,71,74,79,81" machi="74" ten="20,2700,0" yaku="1,1,0,1,7,1,53,0" doraHai="135" doraHaiUra="98" who="2" fromWho="2" sc="151,-7,261,-7,70,37,508,-13" owari="144,-25.6,254,5.4,107,-39.3,495,59.5" /></mjloggm>