<mjloggm ver="2.3"><GO type="137" lobby="0"/><UN n0="%E2%93%9D%4C%75%63%6B%79%4A" n1="%E5%B0%8F%E6%9E%97%E5%89%9B%E3%81%95%E3%82%93" n2="%38%38%63" n3="%69%73%6F%72%6F%63" dan="11,11,12,12" rate="1790.80,1532.64,1668.97,1668.91" sx="M,M,M,M"/><TAIKYOKU oya="0"/><INIT seed="0,0,0,1,0,39" ten="250,250,250,250" oya="0" hai0="47,104,68,88,57,35,23,76,70,18,66,49,61" hai1="93,53,84,128,78,30,0,122,115,55,28,45,77" hai2="91,112,72,46,32,22,24,15,111,1,5,81,125" hai3="74,58,38,7,33,129,65,31,135,116,8,16,120"/><T131/><D35/><U9/><E122/><V11/><F112/><W130/><G116/><T21/><D104/><U113/><E128/><N who="3" m="49258" /><G120/><T132/><D131/><U50/><E53/><V29/><F111/><W114/><G114/><N who="1" m="43530" /><E0/><V51/><F125/><W92/><G74/><T123/><D76/><N who="1" m="29291" /><E9/><V89/><F72/><W126/><G126/><T2/><D132/><U26/><E26/><V103/><F81/><W64/><G135/><T117/><D2/><U73/><E73/><V102/><F103/><W118/><G118/><T90/><D123/><U82/><E93/><V95/><F102/><W75/><G75/><T37/><D117/><U106/><E106/><V4/><F4/><W3/><G38/><T52/><D23/><U48/><E50/><V20/><F95/><W87/><G58/><T44/><D70/><U99/><E99/><V69/><F69/><W107/><G107/><T110/><D110/><U36/><E36/><V43/><F22/><W85/><G92/><T42/><D47/><U40/><E55/><V67/><F67/><N who="3" m="25675" /><G16/><AGARI ba="0,0" hai="1,5,11,15,16,20,24,29,32,43,46,51,89,91" machi="16" ten="40,8000,1" yaku="24,2,52,1,54,1" doraHai="39" who="2" fromWho="3" sc="250,0,250,0,250,80,250,-80" /><INIT seed="1,0,0,3,2,30" ten="250,250,330,170" oya="1" hai0="53,68,127,111,46,55,103,82,72,49,74,80,29" hai1="71,32,10,118,21,52,27,6,125,110,16,12,60" hai2="43,7,22,121,96,107,115,66,4,3,23,117,48" hai3="54,57,67,26,87,18,28,70,126,113,131,73,19"/><U97/><E118/><V95/><F115/><W34/><G113/><T24/><D68/><U56/><E125/><V62/><F117/><W102/><G73/><T58/><D127/><U128/><E128/><V86/><F107/><W41/><G126/><T15/><D111/><U65/><E97/><V79/><F3/><W59/><G131/><T0/><D0/><U47/><E47/><V40/><F121/><W106/><G41/><N who="2" m="15945" /><F48/><W88/><G70/><T5/><D103/><U35/><E110/><V61/><F66/><W25/><G67/><T39/><D39/><U9/><E9/><V11/><F79/><W17/><G106/><T44/><D74/><U13/><E13/><N who="2" m="5351" /><F86/><W98/><G102/><T89/><D72/><U38/><E38/><V109/><F7/><W64/><G98/><T108/><D108/><U78/><E78/><V81/><F81/><W112/><G112/><T51/><D89/><U120/><E120/><V33/><F33/><W129/><G129/><T92/><D92/><U93/><E93/><V1/><F1/><W2/><G2/><T36/><D36/><U45/><E45/><V77/><F77/><W123/><G123/><T94/><D94/><U132/><E132/><V83/><F83/><W37/><G37/><T134/><D134/><U114/><E114/><V69/><F69/><W105/><G105/><T50/><D46/><U42/><E42/><V8/><F8/><W119/><G119/><T101/><D101/><U100/><REACH who="1" step="1"/><E100/><REACH who="1" ten="250,240,330,170" step="2"/><N who="2" m="60447" /><F109/><W84/><G64/><T91/><D44/><U124/><E124/><V76/><F76/><W14/><G54/><RYUUKYOKU ba="0,1" sc="250,-15,240,15,330,15,170,-15" hai1="6,10,12,16,21,27,32,35,52,56,60,65,71" hai2="22,23,61,62" /><INIT seed="1,1,1,5,5,57" ten="235,255,345,155" oya="1" hai0="127,44,43,67,120,36,114,101,37,68,15,33,12" hai1="77,71,128,119,7,112,94,107,129,72,13,56,108" hai2="25,109,73,82,24,89,105,70,32,30,117,81,48" hai3="104,80,64,53,102,34,42,51,21,16,9,88,86"/><U8/><E71/><V38/><F117/><W83/><G34/><T132/><D33/><U52/><E119/><V135/><F109/><W116/><G116/><T5/><D101/><U84/><E107/><V87/><F38/><W99/><G42/><T133/><D5/><U23/><E112/><V39/><F39/><W31/><G31/><T29/><D29/><U69/><E69/><V41/><F70/><W63/><G9/><T26/><D26/><U6/><E108/><V66/><F66/><W47/><G64/><T126/><D15/><U11/><E72/><V90/><F105/><W124/><G124/><N who="0" m="47659" /><D12/><U17/><E13/><V59/><F135/><N who="0" m="51786" /><D37/><U22/><E77/><V79/><F25/><W97/><G97/><T118/><D118/><U96/><E17/><V35/><F35/><W40/><G63/><N who="0" m="40063" /><D120/><U65/><E6/><V28/><F28/><W92/><REACH who="3" step="1"/><G40/><REACH who="3" ten="235,255,345,145" step="2"/><T100/><D100/><U0/><E8/><V20/><F41/><W3/><G3/><T60/><D60/><U75/><E0/><V18/><F32/><W106/><G106/><T2/><D114/><U85/><E96/><V50/><F30/><W130/><G130/><T54/><D54/><U46/><E129/><V76/><F59/><W27/><AGARI ba="1,2" hai="16,21,27,47,51,53,80,83,86,88,92,99,102,104" machi="27" ten="20,8000,1" yaku="1,1,0,1,7,1,54,2,53,0" doraHai="57" doraHaiUra="61" who="3" fromWho="3" sc="235,-21,255,-41,345,-21,145,103" /><INIT seed="2,0,0,0,4,40" ten="214,214,324,248" oya="2" hai0="42,63,135,112,95,76,7,55,78,11,110,123,77" hai1="59,133,33,93,99,38,73,94,26,50,127,24,60" hai2="88,52,130,98,70,37,16,108,90,116,89,6,103" hai3="0,34,54,44,120,85,56,53,2,35,100,15,62"/><V114/><F116/><W122/><G100/><T126/><D112/><U3/><E3/><V9/><F114/><W45/><G85/><T118/><D123/><N who="3" m="47145" /><G15/><T97/><D110/><U4/><E4/><V14/><F108/><W96/><G96/><T30/><D126/><U17/><E38/><V125/><F37/><W102/><G102/><T71/><D42/><U28/><E73/><V109/><F109/><W48/><G2/><T107/><D135/><U111/><E127/><V117/><F117/><W21/><G21/><T92/><D107/><U121/><E121/><V129/><F70/><W41/><G0/><T19/><D30/><U20/><E133/><V66/><F66/><N who="3" m="39239" /><G34/><T64/><D19/><U46/><E99/><V39/><F39/><N who="3" m="21567" /><G35/><T101/><D95/><U105/><E105/><N who="2" m="63735" /><F125/><W8/><G8/><T91/><D101/><U81/><E81/><V82/><F82/><W57/><G54/><T113/><D55/><U5/><E5/><V49/><F6/><W84/><G84/><T115/><REACH who="0" step="1"/><D118/><REACH who="0" ten="204,214,324,248" step="2"/><U1/><E111/><V75/><F75/><W51/><G51/><T104/><D104/><U87/><E87/><V131/><F90/><W22/><G22/><T72/><D72/><U134/><E134/><V27/><F27/><W32/><G32/><T106/><D106/><U58/><E24/><V25/><F25/><W86/><G86/><T68/><D68/><U65/><E26/><V69/><F69/><W132/><G132/><T83/><D83/><U43/><E28/><V23/><F23/><W36/><G36/><T31/><D31/><U67/><E20/><RYUUKYOKU ba="0,1" sc="204,10,214,-30,324,10,248,10" hai0="7,11,63,64,71,76,77,78,91,92,97,113,115" hai2="9,14,16,49,52,88,89,129,130,131" hai3="45,48,53,57" /><INIT seed="2,1,1,5,0,45" ten="214,184,334,258" oya="2" hai0="56,41,92,29,83,12,124,125,51,121,106,62,129" hai1="5,132,63,31,89,94,72,67,37,24,65,114,107" hai2="93,85,99,86,112,113,40,133,75,35,54,48,77" hai3="135,20,116,43,82,95,88,70,50,14,98,28,23"/><V17/><F35/><W18/><G116/><T87/><D106/><U13/><E132/><V16/><F133/><W9/><G70/><T134/><D134/><U22/><E107/><V66/><F66/><W119/><G119/><T26/><D12/><U33/><E37/><V57/><F40/><W30/><G135/><T120/><D92/><U118/><E118/><V61/><F75/><W6/><G82/><T105/><D105/><U36/><E36/><V44/><F113/><W90/><G90/><T49/><D129/><U76/><E114/><V91/><F77/><W10/><G10/><T103/><D103/><U1/><E76/><V74/><F74/><W64/><G64/><N who="0" m="38983" /><D41/><U25/><E63/><V104/><F104/><W42/><G42/><T15/><D15/><U108/><E72/><V0/><F0/><W80/><G80/><T126/><D121/><U122/><E122/><V131/><F131/><W130/><G130/><T123/><D123/><U21/><E108/><V127/><F127/><N who="0" m="32514" /><T2/><DORA hai="38" /><D2/><U102/><E102/><V84/><REACH who="2" step="1"/><F112/><REACH who="2" ten="214,184,324,258" step="2"/><W8/><G8/><T81/><D120/><U73/><E73/><V46/><F46/><N who="3" m="25951" /><G20/><N who="0" m="15559" /><D83/><U110/><E1/><V55/><AGARI ba="1,2" hai="16,17,44,48,54,55,57,61,84,85,86,91,93,99" machi="55" ten="30,18000,2" yaku="1,1,0,1,8,1,52,1,54,1,53,1" doraHai="45,38" doraHaiUra="7,52" who="2" fromWho="2" sc="214,-61,184,-61,324,203,258,-61" /><INIT seed="2,2,0,1,0,77" ten="153,123,527,197" oya="2" hai0="92,81,51,41,115,40,7,126,54,119,113,2,62" hai1="14,103,64,75,58,70,45,39,110,37,135,124,129" hai2="122,30,28,33,78,114,133,15,55,95,10,46,121" hai3="3,82,38,36,48,32,93,106,21,118,24,66,44"/><V42/><F114/><W71/><G118/><T53/><D2/><U88/><E14/><V132/><F33/><W109/><G106/><T80/><D119/><U125/><E75/><V63/><F95/><W128/><G32/><T47/><D126/><N who="1" m="48747" /><E88/><V83/><F63/><W107/><G107/><T94/><D62/><N who="1" m="40215" /><E103/><V112/><F112/><W8/><G128/><T65/><D65/><U127/><N who="1" m="48755" /><U111/><DORA hai="131" /><E129/><V120/><F55/><W87/><G109/><N who="1" m="41482" /><E135/><N who="2" m="51787" /><F46/><W116/><G116/><T97/><D47/><U5/><E5/><N who="2" m="3535" /><F42/><W11/><G93/><T102/><D102/><U17/><E17/><V108/><F108/><W19/><G71/><T134/><D134/><U23/><E23/><V101/><F101/><W84/><G66/><T74/><D115/><U18/><E18/><V57/><F57/><W76/><G3/><T13/><D113/><U91/><E91/><V85/><AGARI ba="2,0" hai="28,30,78,83,85,120,121,122" m="3535,51787" machi="85" ten="40,12000,1" yaku="20,1,52,4" doraHai="77,131" who="2" fromWho="2" sc="153,-42,123,-42,527,126,197,-42" /><INIT seed="2,3,0,0,1,6" ten="111,81,653,155" oya="2" hai0="122,23,108,66,76,68,90,56,95,119,20,62,14" hai1="59,93,55,41,17,38,40,33,19,127,45,13,89" hai2="128,123,92,70,22,80,121,25,7,64,49,47,104" hai3="4,39,125,5,57,106,79,51,77,53,27,99,135"/><V114/><F104/><W86/><G39/><T82/><D122/><U9/><E127/><V1/><F114/><W32/><G125/><T117/><D68/><U115/><E115/><V11/><F128/><W50/><G135/><T100/><D100/><U74/><E74/><V96/><F70/><W21/><G32/><T37/><D37/><U83/><E83/><V116/><F64/><W58/><G106/><T129/><D108/><U18/><E33/><V44/><F80/><W61/><G99/><N who="0" m="57847" /><D14/><U63/><REACH who="1" step="1"/><E40/><REACH who="1" ten="111,71,653,155" step="2"/><V28/><F116/><N who="0" m="44618" /><D129/><U107/><E107/><V101/><F47/><W134/><G134/><T84/><AGARI ba="3,1" hai="20,23,56,62,66,76,82,84" m="44618,57847" machi="84" ten="30,1100,0" yaku="12,1" doraHai="6" who="0" fromWho="0" sc="111,30,71,-6,653,-8,155,-6" /><INIT seed="3,0,0,5,4,89" ten="141,65,645,149" oya="3" hai0="39,118,80,61,27,55,134,41,66,33,109,19,78" hai1="112,52,79,110,121,21,62,57,4,40,96,14,82" hai2="120,83,75,56,114,88,53,115,2,123,86,72,22" hai3="26,46,127,132,97,92,126,23,135,129,91,71,8"/><W44/><G71/><T42/><D118/><U67/><E112/><N who="2" m="43051" /><F2/><W47/><G8/><T128/><D128/><U25/><E121/><N who="2" m="46667" /><F22/><W106/><G106/><T45/><D109/><U9/><E110/><V60/><AGARI ba="0,0" hai="53,56,60,72,75,83,86,88" m="46667,43051" machi="60" ten="30,2000,0" yaku="13,1,54,1" doraHai="89" who="2" fromWho="2" sc="141,-5,65,-5,645,20,149,-10" /><INIT seed="4,0,0,3,3,42" ten="136,60,665,139" oya="0" hai0="6,93,14,86,11,31,131,133,55,111,89,69,8" hai1="9,47,124,74,56,4,130,20,97,98,61,13,72" hai2="123,100,37,12,120,52,50,26,46,113,71,116,87" hai3="128,104,70,57,18,134,21,109,35,106,117,22,32"/><T119/><D119/><U67/><E130/><V25/><F37/><W2/><G117/><T51/><D131/><U60/><E124/><V80/><F71/><W121/><G128/><T44/><D111/><U7/><E72/><V108/><F108/><W103/><G70/><T24/><D69/><U29/><E74/><V129/><F116/><W132/><G109/><T94/><D133/><N who="3" m="51305" /><G121/><T39/><D39/><U78/><E78/><V81/><F113/><W63/><G2/><T85/><D11/><U5/><E60/><V30/><F100/><W101/><G57/><T90/><D24/><U125/><E125/><V79/><F81/><W27/><G63/><T15/><REACH who="0" step="1"/><D31/><REACH who="0" ten="126,60,665,139" step="2"/><U73/><E73/><V92/><F129/><W59/><G59/><T102/><D102/><N who="3" m="38921" /><G22/><T23/><D23/><U16/><E29/><V76/><F30/><W36/><G36/><T58/><D58/><U91/><E20/><V48/><F123/><W110/><G110/><T122/><D122/><U68/><E68/><V75/><F120/><W28/><G28/><T112/><D112/><U62/><E62/><V107/><F26/><W45/><G45/><T38/><D38/><U49/><REACH who="1" step="1"/><E91/><REACH who="1" ten="126,50,665,139" step="2"/><V34/><F34/><AGARI ba="0,2" hai="18,21,27,32,34,35,104,106" m="38921,51305" machi="34" ten="30,1000,0" yaku="20,1" doraHai="42" who="3" fromWho="2" sc="126,0,50,0,665,-10,139,30" /><INIT seed="5,0,0,4,1,3" ten="126,50,655,169" oya="1" hai0="39,16,66,23,115,6,93,42,2,105,35,71,73" hai1="20,63,36,46,61,8,32,92,28,15,114,21,118" hai2="11,27,107,18,128,47,13,96,52,38,133,100,58" hai3="110,79,31,10,78,99,95,17,111,69,70,59,55"/><U14/><E118/><V76/><F133/><W9/><G31/><T65/><D105/><U80/><E114/><V24/><F128/><W50/><G110/><T132/><D35/><U87/><E92/><V129/><F129/><W29/><G111/><T119/><D73/><U56/><E61/><V120/><F120/><W74/><G29/><T86/><D71/><U103/><E103/><V48/><F76/><W5/><G17/><T126/><D126/><U89/><E46/><V53/><F38/><W33/><G33/><T84/><D119/><U72/><E36/><V90/><F90/><W77/><G74/><T108/><D115/><U45/><E45/><V134/><F134/><W97/><G10/><T30/><D30/><U85/><E72/><V37/><F37/><W94/><G69/><T131/><D131/><U81/><E32/><V60/><AGARI ba="0,0" hai="11,13,18,24,27,47,48,52,53,58,60,96,100,107" machi="60" ten="20,2700,0" yaku="0,1,7,1,54,1" doraHai="3" who="2" fromWho="2" sc="126,-7,50,-13,655,27,169,-7" /><INIT seed="6,0,0,3,5,134" ten="119,37,682,162" oya="2" hai0="50,45,4,32,29,38,53,31,100,52,108,19,27" hai1="62,117,42,40,103,20,89,81,26,1,48,87,25" hai2="15,78,101,36,60,47,98,35,3,96,104,116,123" hai3="34,33,102,30,18,84,72,129,73,17,54,43,59"/><V74/><F35/><W99/><G43/><T71/><D108/><U110/><E117/><V76/><F123/><W77/><G129/><T95/><D71/><U88/><E88/><V67/><BYE who="1" /><F116/><W113/><G113/><T14/><D38/><U130/><E130/><V6/><F96/><W58/><G73/><T55/><D4/><U41/><E41/><N who="2" m="22951" /><F15/><W2/><G72/><T105/><D31/><U120/><E120/><V85/><F85/><W28/><G2/><T49/><D105/><U75/><E75/><V93/><F93/><N who="3" m="58735" /><G33/><T133/><D133/><U106/><E106/><V12/><F12/><W107/><G34/><T122/><D122/><U115/><E115/><V10/><F78/><W109/><G109/><T7/><D7/><U126/><E126/><V79/><F79/><W124/><G124/><T64/><D64/><U94/><E94/><V92/><F67/><W118/><G118/><T16/><D14/><U128/><E128/><V22/><F22/><W11/><G107/><T97/><REACH who="0" step="1"/><D55/><REACH who="0" ten="109,37,682,162" step="2"/><U119/><E119/><V132/><F132/><W51/><G11/><T24/><D24/><U13/><E13/><V21/><F10/><W135/><G135/><T66/><D66/><U44/><E44/><AGARI ba="0,1" hai="16,19,27,29,32,44,45,49,50,52,53,95,97,100" machi="44" ten="30,8000,1" yaku="1,1,7,1,9,1,54,2,53,0" doraHai="134" doraHaiUra="5" who="0" fromWho="1" sc="109,90,37,-80,682,0,162,0" owari="199,-0.1,-43,-54.3,682,78.2,162,-23.8" /></mjloggm>