<mjloggm ver="2.3"><GO type="41" lobby="0"/><UN n0="%6C%7A%37%37" n1="%E9%BA%BB%E9%85%94%E7%A7%91%E5%8C%BB" n2="%40%E5%AE%AE%E6%B0%B8%E5%92%B2" n3="%E2%93%9D%4C%75%63%6B%79%4A" dan="15,14,15,18" rate="2034.22,1965.50,1984.47,2228.51" sx="M,M,M,M"/><TAIKYOKU oya="0"/><INIT seed="0,0,0,2,5,43" ten="250,250,250,250" oya="0" hai0="41,22,72,115,118,73,93,135,116,3,131,106,68" hai1="110,16,69,4,31,113,37,117,65,114,45,40,44" hai2="5,30,107,55,132,7,105,28,89,20,103,98,23" hai3="100,8,54,70,101,99,1,11,128,49,9,39,121"/><T2/><D22/><U134/><E117/><N who="0" m="45161" /><D93/><U87/><E110/><V125/><F132/><W29/><G39/><T104/><D41/><N who="1" m="22575" /><E31/><V112/><F125/><W129/><G70/><T17/><D17/><U38/><E4/><V10/><F112/><N who="1" m="43113" /><E87/><V12/><F105/><N who="0" m="40554" /><D115/><U82/><E82/><V94/><F5/><W58/><G121/><T18/><D18/><U15/><E134/><V14/><F23/><W74/><G29/><T21/><D21/><N who="1" m="11423" /><E65/><V119/><F119/><W50/><G99/><T124/><D135/><U111/><E111/><V56/><F20/><W122/><G122/><T79/><D124/><U81/><E81/><V80/><F14/><W62/><G1/><N who="0" m="11" /><D79/><U85/><E85/><V25/><F80/><W96/><G96/><T35/><D131/><U76/><E76/><V90/><F94/><W19/><G19/><T86/><D86/><U61/><E61/><V95/><F95/><W75/><G129/><T123/><D123/><U48/><E69/><V83/><F83/><W34/><G128/><T130/><D130/><U71/><E71/><V126/><F126/><W108/><G108/><T109/><D109/><U120/><E120/><V133/><F133/><W6/><G6/><T78/><D78/><U33/><E33/><N who="2" m="20623" /><F30/><W53/><G34/><T102/><D35/><U57/><E57/><V59/><F59/><N who="3" m="33239" /><G62/><T91/><D68/><U77/><E77/><V67/><F67/><W26/><G26/><T0/><D0/><U32/><E32/><V47/><F56/><W127/><G127/><T84/><D102/><U13/><E13/><V51/><AGARI ba="0,0" hai="7,10,12,47,51,55,89,90,98,103,107" m="20623" machi="51" ten="30,2000,0" yaku="5,1,52,1" doraHai="43" who="2" fromWho="2" sc="250,-10,250,-5,250,20,250,-5" /><INIT seed="1,0,0,2,1,8" ten="240,245,270,245" oya="1" hai0="55,40,29,116,19,30,53,56,93,86,1,6,20" hai1="37,81,78,46,47,67,111,120,77,21,52,25,115" hai2="90,89,44,114,28,130,85,61,107,38,129,7,22" hai3="72,95,127,104,18,60,123,106,48,76,62,119,64"/><U75/><E115/><V45/><F107/><W96/><G123/><T117/><D1/><U88/><E120/><V73/><F73/><W36/><G36/><T3/><D3/><U99/><E111/><V71/><F114/><W23/><G62/><T91/><D6/><U74/><E67/><N who="2" m="41455" /><F7/><W112/><G127/><T2/><D2/><U113/><E113/><V131/><F38/><W82/><G48/><T101/><D40/><U70/><E70/><V34/><F34/><W108/><G119/><T110/><D110/><U32/><E32/><V14/><F28/><W16/><G18/><T121/><D121/><U105/><E105/><V66/><F66/><W97/><G97/><T124/><D124/><U100/><E100/><V59/><F59/><W80/><G82/><T41/><D41/><U109/><E109/><V102/><F102/><W128/><G128/><T135/><D55/><U5/><E5/><V118/><F118/><W98/><G98/><T42/><D42/><U134/><E134/><V13/><F22/><W133/><G133/><T27/><D135/><U92/><E37/><V54/><F90/><W26/><G112/><T39/><D39/><U57/><E78/><V43/><F43/><W9/><G9/><T122/><D122/><U126/><E75/><V50/><F45/><W68/><REACH who="3" step="1"/><G108/><REACH who="3" ten="240,245,270,235" step="2"/><T4/><D4/><U63/><E126/><V31/><F31/><AGARI ba="0,1" hai="21,25,31,46,47,52,57,63,74,77,81,88,92,99" machi="31" ten="30,5800,0" yaku="7,1,54,2" doraHai="8" who="1" fromWho="2" sc="240,0,245,68,270,-58,235,0" /><INIT seed="1,1,0,0,1,88" ten="240,313,212,235" oya="1" hai0="101,87,115,122,7,27,20,76,52,37,8,124,57" hai1="21,81,38,82,131,3,40,34,104,18,42,39,132" hai2="2,98,113,120,110,100,19,63,112,111,117,14,26" hai3="84,6,51,83,50,79,29,31,33,54,77,94,72"/><U69/><E34/><V103/><F2/><W93/><G72/><T80/><D115/><N who="2" m="44106" /><F26/><W92/><G33/><T125/><D37/><U71/><E104/><V44/><F44/><N who="3" m="28007" /><G6/><T67/><D67/><U127/><E3/><V102/><F63/><W130/><G130/><T128/><D128/><U96/><E96/><V75/><F75/><W85/><G50/><T68/><D68/><U134/><E21/><N who="2" m="11511" /><F120/><W126/><G126/><T66/><D66/><U47/><E18/><V16/><F117/><W74/><G74/><T5/><D101/><N who="2" m="39018" /><F16/><W109/><G109/><T45/><D122/><U118/><E131/><V61/><F61/><W59/><G59/><T119/><D45/><U56/><E56/><V58/><F58/><W97/><G97/><T55/><D119/><U73/><E47/><V15/><F15/><W13/><G13/><N who="0" m="5263" /><D7/><U105/><E73/><V53/><F53/><W121/><G121/><T90/><D124/><U25/><E118/><V95/><AGARI ba="1,0" hai="95,98,103,110,111" m="39018,11511,44106" machi="95" ten="30,2000,0" yaku="11,1,52,1" doraHai="88" who="2" fromWho="2" sc="240,-6,313,-11,212,23,235,-6" /><INIT seed="2,0,0,4,0,78" ten="234,302,235,229" oya="2" hai0="127,44,91,106,26,76,90,68,34,104,98,112,66" hai1="71,39,2,133,27,24,16,50,63,113,42,37,7" hai2="120,67,130,79,73,29,70,51,107,93,43,129,74" hai3="41,57,1,101,86,38,135,36,121,14,82,108,85"/><V25/><F107/><W99/><G1/><T10/><D112/><U65/><E113/><V33/><F120/><W105/><G121/><T80/><D127/><U87/><E133/><V8/><F93/><W102/><G135/><T84/><D44/><U126/><E27/><V11/><F51/><W64/><G108/><T88/><D10/><U9/><E126/><V15/><F43/><W19/><G86/><T32/><D26/><U116/><E116/><V109/><F109/><W128/><G128/><N who="2" m="49257" /><F79/><W111/><G102/><T23/><D23/><U47/><REACH who="1" step="1"/><E87/><REACH who="1" ten="234,292,235,229" step="2"/><V124/><F124/><W117/><G85/><T55/><D32/><U100/><E100/><V95/><F74/><W58/><G101/><T83/><D34/><U56/><E56/><V48/><F73/><W131/><G58/><T115/><D68/><U31/><E31/><V72/><F72/><W123/><G57/><T52/><D115/><U30/><E30/><V77/><F29/><W3/><G131/><T61/><D106/><U5/><E5/><V35/><F25/><W12/><G105/><T59/><D104/><U20/><AGARI ba="0,1" hai="2,7,9,16,20,24,37,39,42,47,50,63,65,71" machi="20" ten="30,4000,0" yaku="1,1,0,1,54,1,53,0" doraHai="78" doraHaiUra="53" who="1" fromWho="1" sc="234,-10,292,50,235,-20,229,-10" /><INIT seed="3,0,0,4,2,3" ten="224,342,215,219" oya="3" hai0="15,14,24,47,131,20,23,19,4,118,98,0,112" hai1="96,40,33,106,45,127,124,18,85,76,60,129,109" hai2="11,130,62,8,87,37,22,74,50,90,128,44,34" hai3="56,49,46,41,42,121,113,21,100,86,9,116,80"/><W94/><G121/><T79/><D79/><U75/><E109/><V1/><F34/><W123/><G113/><T6/><D118/><U133/><E33/><V117/><F74/><W69/><G69/><T93/><D112/><U5/><E129/><N who="2" m="49771" /><F37/><W61/><G123/><T81/><D131/><U110/><E18/><V55/><F1/><W32/><G32/><T103/><D81/><U29/><E85/><V108/><F108/><W77/><G116/><T10/><D47/><U101/><E60/><V104/><F104/><W95/><G42/><T134/><D134/><U107/><E29/><V102/><F102/><W99/><G9/><N who="0" m="4391" /><D0/><U31/><E31/><V78/><F78/><W39/><G21/><AGARI ba="0,0" hai="6,10,15,19,20,21,23,24,93,98,103" m="4391" machi="21" ten="30,3900,0" yaku="8,1,52,2" doraHai="3" who="0" fromWho="3" sc="224,39,342,0,215,0,219,-39" /><INIT seed="4,0,0,2,4,101" ten="263,342,215,180" oya="0" hai0="15,17,21,74,111,25,32,102,23,124,131,121,13" hai1="64,69,31,53,14,129,43,42,1,117,29,114,91" hai2="134,57,80,112,60,123,59,39,103,45,5,46,90" hai3="105,97,19,83,75,0,86,95,125,106,77,7,99"/><T81/><D121/><U120/><E120/><V65/><F134/><W6/><G7/><T51/><D124/><U133/><E129/><V73/><F123/><W128/><G19/><T82/><D131/><U44/><E117/><V76/><F112/><W30/><G30/><T107/><D111/><U122/><E91/><V61/><F39/><W48/><G48/><T37/><D37/><U108/><E14/><V72/><F72/><W16/><G16/><T54/><D32/><U84/><E133/><V34/><F34/><W85/><G6/><T24/><D74/><U87/><E53/><V27/><F27/><W126/><G0/><T88/><D107/><N who="3" m="40969" /><G99/><T79/><D102/><U110/><E44/><V58/><F5/><W109/><G109/><T50/><D88/><U3/><E64/><V56/><F103/><N who="3" m="60863" /><G128/><T18/><D54/><U78/><E122/><V26/><F26/><W70/><G70/><T135/><REACH who="0" step="1"/><D135/><REACH who="0" ten="253,342,215,180" step="2"/><U68/><E110/><V10/><F61/><W115/><G115/><T52/><D52/><U28/><E108/><V12/><F60/><W71/><G71/><T127/><D127/><AGARI ba="0,1" hai="75,77,83,85,86,125,126,127" m="60863,40969" machi="127" ten="30,12000,2" yaku="18,1,34,2,52,3" doraHai="101" who="3" fromWho="0" sc="253,-120,342,0,215,0,180,130" /><INIT seed="5,0,0,3,4,130" ten="133,342,215,310" oya="1" hai0="38,36,50,33,23,4,77,30,60,64,72,93,54" hai1="83,19,100,52,135,112,98,132,134,8,45,9,20" hai2="129,109,92,63,108,95,18,75,89,3,46,97,69" hai3="43,104,82,59,79,84,114,53,35,25,85,49,51"/><U47/><E112/><V16/><F129/><W111/><G114/><T99/><D33/><U34/><E34/><V70/><F75/><W101/><G111/><T110/><D110/><U87/><E9/><V118/><F3/><W105/><G101/><T124/><D124/><U0/><E52/><V76/><F76/><W107/><G43/><T17/><D4/><N who="1" m="1031" /><E20/><V127/><F127/><W28/><REACH who="3" step="1"/><G51/><REACH who="3" ten="133,342,215,300" step="2"/><T78/><D30/><U39/><E39/><V120/><F109/><W123/><G123/><T68/><D38/><U74/><E74/><AGARI ba="0,1" hai="25,28,35,49,53,59,74,79,82,84,85,104,105,107" machi="74" ten="40,1300,0" yaku="1,1,53,0" doraHai="130" doraHaiUra="88" who="3" fromWho="1" sc="133,0,342,-13,215,0,300,23" /><INIT seed="6,0,0,2,4,133" ten="133,329,215,323" oya="2" hai0="116,11,15,81,54,85,129,35,59,44,55,94,28" hai1="43,32,83,3,2,24,63,67,110,71,46,76,96" hai2="75,122,121,1,26,65,12,38,127,48,14,34,16" hai3="42,117,98,72,123,135,0,99,39,21,6,100,104"/><V49/><F38/><W70/><G123/><T56/><D129/><U118/><E110/><V69/><F75/><W60/><G21/><T36/><D116/><U88/><E118/><V25/><F1/><W57/><G99/><T50/><D35/><U93/><E24/><V80/><F34/><W52/><G117/><T95/><D28/><U62/><E63/><V115/><F80/><W37/><G135/><T45/><D36/><U114/><E32/><V91/><F91/><W105/><G72/><T53/><D95/><U109/><E114/><V78/><F78/><W106/><G70/><T130/><D94/><U31/><E31/><V126/><F65/><W103/><G42/><T119/><D119/><U97/><E97/><V77/><F77/><W128/><G128/><T51/><D130/><U47/><E109/><V18/><F69/><W30/><G30/><T73/><D55/><U19/><E19/><V22/><REACH who="2" step="1"/><F22/><REACH who="2" ten="133,329,205,323" step="2"/><W82/><G39/><T87/><D73/><U132/><E132/><V86/><F86/><W102/><G37/><T101/><D101/><U92/><E83/><V108/><F108/><W23/><G82/><T41/><D41/><U7/><E76/><V58/><F58/><W66/><G23/><T131/><D131/><U27/><E71/><V4/><F4/><W79/><G79/><N who="0" m="46271" /><D87/><U68/><E68/><V134/><F134/><W124/><G98/><T40/><D40/><U20/><E43/><V33/><F33/><W84/><G84/><T17/><AGARI ba="0,1" hai="11,15,17,44,45,50,51,53,54,56,59" m="46271" machi="17" ten="30,1100,0" yaku="8,1" doraHai="133" who="0" fromWho="0" sc="133,21,329,-3,205,-5,323,-3" /><INIT seed="7,0,0,5,4,85" ten="154,326,200,320" oya="3" hai0="69,53,125,25,28,56,135,74,81,97,106,73,6" hai1="12,105,14,124,30,42,37,57,49,122,5,121,65" hai2="130,114,38,43,102,79,127,116,61,91,109,107,31" hai3="59,27,4,48,26,129,72,134,9,117,78,17,111"/><W41/><G117/><T22/><D69/><U131/><E105/><V96/><F109/><W18/><G72/><T3/><D125/><U66/><E124/><V11/><F116/><W39/><G39/><T24/><D135/><U47/><E131/><V29/><F130/><W95/><G78/><T101/><D3/><U113/><E113/><V103/><F79/><W110/><G129/><T21/><D6/><U88/><E30/><V86/><F61/><W84/><G41/><T44/><D44/><U7/><E88/><V71/><F91/><N who="3" m="53735" /><G134/><T16/><REACH who="0" step="1"/><D81/><REACH who="0" ten="144,326,200,320" step="2"/><U90/><E7/><V128/><F127/><W75/><G111/><T76/><D76/><U99/><E5/><V70/><F70/><W126/><G110/><T55/><D55/><U54/><E122/><V58/><F71/><W23/><G126/><T80/><D80/><U46/><E46/><V100/><F128/><W104/><G4/><T33/><D33/><U83/><E83/><V32/><F32/><W51/><G75/><T62/><AGARI ba="0,1" hai="16,21,22,24,25,28,53,56,62,73,74,97,101,106" machi="62" ten="20,5200,0" yaku="1,1,0,1,7,1,54,1,53,0" doraHai="85" doraHaiUra="119" who="0" fromWho="0" sc="144,62,326,-13,200,-13,320,-26" owari="206,-19.4,313,41.3,187,-31.3,294,9.4" /></mjloggm>