<mjloggm ver="2.3"><GO type="41" lobby="0"/><UN n0="%E4%B8%80%E4%B8%AA%E4%BA%8C%E6%AF%AB%E5%8D%8A" n1="%E9%99%B8%E5%A5%A5%E4%B9%9D%E5%8D%81%E4%B9%9D" n2="%E2%93%9D%4C%75%63%6B%79%4A" n3="%E9%AD%94%E7%A5%9E%E2%80%A0%E6%B8%8B%E5%B7%9D%E6%9D%B1%E5%A0%B4%E2%80%A0" dan="15,14,18,14" rate="1995.87,1900.68,2196.71,1955.96" sx="M,M,M,M"/><TAIKYOKU oya="0"/><INIT seed="0,0,0,4,2,97" ten="250,250,250,250" oya="0" hai0="33,58,119,98,113,112,76,77,128,107,16,39,121" hai1="75,90,73,22,89,40,51,129,21,103,127,38,86" hai2="120,118,88,109,85,35,94,106,50,3,95,23,72" hai3="65,64,36,24,41,7,110,26,52,6,31,87,96"/><T53/><D119/><U29/><E38/><V11/><F35/><W61/><G110/><T28/><D121/><U131/><E51/><V57/><F106/><W134/><G134/><T10/><D39/><U49/><E49/><V55/><F72/><W124/><G124/><T9/><D128/><U2/><E127/><V25/><F120/><W132/><G132/><T14/><D9/><U56/><E56/><V79/><F109/><W48/><G41/><T92/><D107/><U30/><E2/><V111/><F79/><W81/><G36/><T74/><D74/><U104/><E104/><V37/><F118/><W20/><G26/><T100/><D112/><U42/><E86/><V105/><F105/><W13/><G96/><T0/><D0/><U67/><E67/><V62/><F37/><W12/><G7/><T122/><D113/><U125/><E125/><V130/><F130/><W133/><G6/><T59/><D59/><U70/><REACH who="1" step="1"/><E103/><REACH who="1" ten="250,240,250,250" step="2"/><V91/><F50/><W47/><G133/><T69/><D122/><U19/><E19/><N who="2" m="12543" /><F3/><W18/><G18/><T60/><REACH who="0" step="1"/><D69/><AGARI ba="0,1" hai="21,22,29,30,40,42,69,70,73,75,89,90,129,131" machi="69" ten="25,3200,0" yaku="1,1,22,2,53,0" doraHai="97" doraHaiUra="80" who="1" fromWho="0" sc="250,-32,240,42,250,0,250,0" /><INIT seed="1,0,0,3,0,60" ten="218,282,250,250" oya="1" hai0="123,43,126,88,94,86,64,116,111,58,112,107,66" hai1="73,121,113,122,61,19,115,17,67,135,51,101,134" hai2="80,16,65,3,74,83,23,133,118,14,48,95,11" hai3="36,42,57,25,5,119,110,85,105,117,99,55,84"/><U12/><E73/><V87/><F118/><N who="3" m="45067" /><G110/><T114/><D116/><U8/><E101/><V77/><F133/><N who="1" m="50697" /><E51/><V54/><F3/><W35/><G5/><T93/><D111/><U89/><E89/><V63/><F95/><W40/><G35/><T18/><D107/><U53/><E53/><V102/><F102/><N who="3" m="62687" /><G25/><T30/><D43/><N who="3" m="16425" /><G36/><T91/><D126/><U120/><E19/><V46/><F83/><W4/><G4/><T22/><D30/><U104/><E104/><V28/><F28/><W129/><G129/><T13/><D123/><U24/><E24/><V71/><REACH who="2" step="1"/><F74/><REACH who="2" ten="218,282,240,250" step="2"/><W127/><G127/><T92/><D93/><U26/><E26/><V45/><F45/><W98/><G98/><N who="0" m="57607" /><D112/><U2/><E2/><V100/><F100/><W27/><G27/><T32/><D114/><U109/><E109/><V41/><F41/><W62/><AGARI ba="0,1" hai="55,57,62,84,85" m="16425,62687,45067" machi="62" ten="30,1100,0" yaku="12,1" doraHai="60" who="3" fromWho="3" sc="218,-3,282,-5,240,-3,250,21" /><INIT seed="2,0,0,0,2,121" ten="215,277,237,271" oya="2" hai0="82,135,0,85,64,48,3,133,86,92,110,72,46" hai1="74,33,66,69,134,116,88,62,100,103,97,18,84" hai2="4,131,53,54,44,132,29,50,16,102,87,45,113" hai3="73,123,15,25,130,55,23,91,7,63,37,27,79"/><V115/><F4/><W9/><G123/><T5/><D64/><U10/><E116/><V81/><F131/><W2/><G130/><T114/><D114/><U58/><E74/><V12/><F132/><W71/><G37/><T19/><D19/><U61/><E33/><V77/><F102/><W94/><G79/><T59/><D59/><U60/><E134/><V31/><F115/><W101/><G101/><T47/><D72/><U98/><E103/><V40/><F113/><W118/><G73/><T8/><D92/><N who="1" m="58407" /><E98/><V11/><REACH who="2" step="1"/><F54/><REACH who="2" ten="215,277,227,271" step="2"/><W13/><G55/><T127/><D133/><U6/><E6/><V24/><F24/><W68/><G27/><T26/><D26/><U89/><E69/><V83/><F83/><W120/><G68/><T117/><D82/><N who="1" m="49175" /><E89/><V93/><F93/><W34/><G91/><T111/><D135/><U42/><E42/><V99/><F99/><W96/><G94/><T28/><D5/><U75/><E75/><V36/><AGARI ba="0,1" hai="11,12,16,29,31,36,40,44,45,50,53,77,81,87" machi="36" ten="20,7800,0" yaku="1,1,0,1,7,1,54,1,53,0" doraHai="121" doraHaiUra="90" who="2" fromWho="2" sc="215,-26,277,-26,227,88,271,-26" /><INIT seed="2,1,0,5,3,102" ten="189,251,315,245" oya="2" hai0="90,84,132,66,59,88,7,118,25,72,3,29,15" hai1="47,125,124,74,83,101,8,36,9,30,128,55,26" hai2="44,56,126,6,133,113,19,111,33,35,45,77,121" hai3="108,37,63,4,99,43,105,93,32,81,38,117,54"/><V48/><F113/><W86/><G117/><T17/><D72/><U134/><E101/><V28/><F121/><W79/><G108/><T115/><D115/><U91/><E128/><V64/><F6/><W87/><G32/><T71/><D71/><U135/><E36/><V14/><F133/><N who="1" m="50697" /><E47/><V41/><F126/><N who="1" m="48745" /><E55/><V10/><F111/><W120/><G54/><T107/><D118/><U85/><E74/><V52/><F28/><W40/><G38/><T112/><D90/><U119/><E119/><V76/><F35/><AGARI ba="1,0" hai="8,9,26,30,35,83,85,91" m="48745,50697" machi="35" ten="30,2000,0" yaku="20,1,18,1" doraHai="102" who="1" fromWho="2" sc="189,0,251,23,315,-23,245,0" /><INIT seed="3,0,0,1,5,64" ten="189,274,292,245" oya="3" hai0="97,27,61,83,14,37,108,72,8,119,131,44,16" hai1="54,6,135,111,132,93,74,53,52,46,127,113,55" hai2="17,104,110,40,29,65,71,121,95,70,57,125,26" hai3="81,63,42,94,85,18,22,79,50,9,88,96,30"/><W90/><G63/><T13/><D119/><U56/><E74/><V80/><F104/><W116/><G116/><T114/><D131/><U4/><E113/><V98/><F40/><W59/><G30/><T112/><D108/><U130/><E111/><V20/><F110/><W28/><G28/><T36/><D27/><U67/><E130/><V2/><F2/><W35/><G9/><T10/><D97/><U102/><E127/><V58/><F121/><W69/><G69/><T75/><D61/><N who="1" m="38311" /><E93/><V126/><F80/><W15/><G35/><T7/><D44/><U103/><E46/><V105/><F105/><W117/><G117/><T134/><D134/><N who="1" m="51243" /><E55/><V48/><F65/><W24/><G24/><T86/><D86/><U11/><E4/><V51/><F58/><W12/><G12/><AGARI ba="0,0" hai="6,11,12,52,53,54,102,103" m="51243,38311" machi="12" ten="30,2000,0" yaku="20,1,54,1" doraHai="64" who="1" fromWho="3" sc="189,0,274,20,292,0,245,-20" /><INIT seed="4,0,0,1,1,28" ten="189,294,292,225" oya="0" hai0="52,81,32,11,112,96,80,16,99,51,46,67,62" hai1="78,60,48,74,129,55,119,39,118,70,26,19,122" hai2="20,23,73,121,92,58,123,115,14,0,50,120,109" hai3="107,53,9,15,17,61,10,1,37,2,95,43,114"/><T41/><D112/><U44/><E122/><V117/><F73/><W101/><G107/><T33/><D81/><U116/><E129/><V29/><F109/><W100/><G114/><T131/><D131/><U88/><E39/><V72/><F72/><W135/><G135/><T113/><D113/><U89/><E78/><V65/><F0/><W106/><G106/><T75/><D41/><U130/><E74/><V6/><F65/><W49/><G61/><T125/><D125/><U97/><E97/><V84/><F29/><W127/><G127/><T103/><D96/><U90/><E130/><V93/><F6/><W132/><G43/><T54/><D54/><U77/><E77/><V76/><F117/><W47/><G37/><T13/><D80/><U64/><E19/><V22/><F14/><W94/><G132/><T18/><D18/><U5/><E26/><V30/><F30/><W82/><G82/><T36/><D36/><U38/><E38/><V102/><F102/><N who="3" m="39531" /><G2/><T91/><D91/><U34/><REACH who="1" step="1"/><E5/><REACH who="1" ten="189,284,292,225" step="2"/><V7/><F7/><W66/><G17/><T85/><D75/><U27/><E27/><V110/><F115/><W134/><G134/><T83/><D85/><U86/><E86/><V71/><F84/><W68/><G10/><T128/><D128/><U98/><E98/><V126/><F123/><W69/><G9/><T12/><D83/><U24/><E24/><V35/><F121/><W79/><G79/><T105/><REACH who="0" step="1"/><D12/><REACH who="0" ten="179,284,292,225" step="2"/><U45/><E45/><V87/><F120/><W31/><G15/><T59/><AGARI ba="0,2" hai="11,13,16,32,33,46,51,52,59,62,67,99,103,105" machi="59" ten="20,24000,3" yaku="1,1,2,1,0,1,7,1,52,2,54,2,53,1" doraHai="28" doraHaiUra="4" who="0" fromWho="0" sc="179,260,284,-80,292,-80,225,-80" /><INIT seed="4,1,0,3,2,52" ten="439,204,212,145" oya="0" hai0="117,116,1,106,135,14,96,66,11,79,114,93,13" hai1="28,18,6,2,112,121,90,107,71,120,115,69,40" hai2="65,32,92,118,78,7,57,113,94,100,82,43,119" hai3="41,130,10,27,91,70,29,51,104,101,8,103,59"/><T133/><D106/><U44/><E107/><V56/><F32/><W60/><G70/><T22/><D79/><U102/><E102/><V35/><F35/><W36/><G36/><T31/><D114/><N who="1" m="43563" /><E28/><V5/><F113/><W19/><G130/><T63/><D1/><U30/><E30/><V97/><F43/><W74/><G74/><T128/><D128/><U108/><E108/><V49/><F49/><W125/><G125/><T58/><D117/><N who="2" m="44554" /><F94/><W48/><G104/><T24/><D116/><U124/><E18/><V88/><F65/><W64/><G91/><T45/><D45/><U46/><E90/><V25/><F25/><W72/><G72/><T20/><D20/><U38/><E124/><V86/><F100/><W80/><G80/><T77/><D77/><U50/><E6/><AGARI ba="1,0" hai="5,6,7,56,57,78,82,86,88,92,97" m="44554" machi="6" ten="30,7700,0" yaku="12,1,52,2,54,1" doraHai="52" who="2" fromWho="1" sc="439,0,204,-80,212,80,145,0" /><INIT seed="5,0,0,1,4,82" ten="439,124,292,145" oya="1" hai0="31,68,104,126,22,117,50,86,28,8,7,61,36" hai1="84,58,18,3,71,105,43,118,66,129,106,108,24" hai2="95,120,42,4,125,122,114,99,51,35,103,62,33" hai3="80,49,116,63,115,76,93,10,113,75,91,5,111"/><U109/><E118/><V130/><F4/><W97/><G116/><T110/><D36/><U23/><E3/><V85/><F62/><W53/><G111/><N who="1" m="42570" /><E71/><V100/><F42/><W90/><G63/><T127/><D110/><U9/><E129/><V89/><F51/><W88/><G113/><T134/><D104/><N who="1" m="40043" /><E9/><V107/><F35/><W41/><G41/><T0/><D134/><U79/><E43/><V16/><F33/><W72/><G72/><T47/><D68/><U27/><E58/><V59/><F59/><W64/><G64/><T34/><D34/><U69/><E69/><V87/><F114/><W20/><G20/><T19/><D61/><U2/><E2/><V60/><F60/><W30/><G30/><T101/><D47/><U15/><E66/><V128/><F16/><W135/><G135/><T57/><D31/><U112/><E112/><V12/><F12/><W121/><G121/><N who="2" m="46697" /><F125/><W52/><G115/><T83/><D28/><U119/><E119/><V132/><F132/><W48/><G48/><T39/><D50/><U45/><E45/><V25/><F25/><W56/><G53/><T77/><D57/><U6/><E6/><V40/><F40/><W65/><G65/><T98/><D39/><U14/><E14/><AGARI ba="0,0" hai="5,10,14,49,52,56,75,76,80,88,90,91,93,97" machi="14" ten="30,3900,0" yaku="7,1,54,2" doraHai="82" who="3" fromWho="1" sc="439,0,124,-39,292,0,145,39" /><INIT seed="6,0,0,4,3,52" ten="439,85,292,184" oya="2" hai0="31,118,70,43,96,29,110,111,54,85,117,12,81" hai1="3,73,132,128,51,56,0,44,134,13,6,116,5" hai2="105,28,131,10,86,42,119,93,126,77,91,80,48" hai3="45,92,90,130,33,67,120,60,23,35,36,84,59"/><V95/><F119/><N who="0" m="45578" /><D70/><U127/><E116/><V83/><F28/><N who="0" m="10826" /><D43/><U129/><E73/><V37/><F126/><W114/><G120/><T62/><D96/><U40/><E13/><V106/><F10/><W30/><G130/><N who="1" m="50282" /><E56/><V38/><F38/><W71/><G114/><T88/><D12/><U22/><E22/><V17/><F37/><W115/><G115/><T89/><D89/><U112/><E112/><V27/><F42/><W8/><G36/><T107/><D107/><U79/><E79/><V16/><F131/><W78/><G45/><T103/><D103/><U19/><E19/><V99/><F17/><W101/><G101/><T100/><D100/><U15/><E15/><V9/><F106/><W25/><G78/><T97/><D97/><U74/><E74/><V108/><F99/><W66/><G71/><T24/><D24/><U7/><E3/><V18/><F27/><W133/><G25/><T2/><D2/><U75/><E75/><V76/><F105/><W125/><G84/><T123/><D123/><U21/><E21/><V87/><F91/><W55/><G90/><T104/><D104/><U69/><E69/><V121/><F121/><W135/><G23/><T124/><D124/><U94/><E0/><V102/><F102/><W109/><G125/><T65/><D65/><U64/><E64/><V58/><F9/><W26/><G8/><T63/><D54/><U39/><E127/><V82/><F77/><W32/><G67/><T46/><D46/><N who="1" m="23839" /><E94/><V34/><F95/><W68/><G92/><T1/><D1/><U53/><E44/><V20/><F93/><RYUUKYOKU ba="0,0" sc="439,15,85,15,292,-15,184,-15" hai0="62,63,81,85,88,110,111" hai1="5,6,7,51,53,132,134" /><INIT seed="7,1,0,5,3,106" ten="454,100,277,169" oya="3" hai0="107,76,135,26,82,121,19,56,14,131,67,9,4" hai1="89,120,61,98,52,124,32,51,1,20,59,36,88" hai2="97,31,45,17,7,78,73,30,62,115,23,12,117" hai3="119,69,130,29,40,85,95,47,39,116,33,99,84"/><W0/><G130/><T108/><D107/><U90/><E32/><V16/><F117/><W79/><G69/><T122/><D108/><U77/><E120/><V3/><F97/><W15/><G0/><T38/><D38/><U57/><E124/><V72/><F78/><W64/><G64/><T118/><D135/><U81/><E36/><V111/><F45/><W86/><G79/><T105/><D105/><U110/><E110/><V83/><F83/><W92/><G92/><T68/><D68/><U127/><E127/><V114/><F17/><W123/><G123/><T42/><D42/><U80/><E1/><V63/><F7/><W133/><G133/><T41/><D41/><U22/><E98/><V65/><F63/><W71/><G71/><T70/><D70/><U132/><E132/><V46/><F46/><W103/><G15/><T43/><D43/><U100/><E100/><V126/><F3/><W60/><G60/><T75/><D118/><U54/><REACH who="1" step="1"/><E81/><REACH who="1" ten="454,90,277,169" step="2"/><V34/><F126/><W44/><G116/><T109/><D109/><U8/><E8/><V6/><F34/><W37/><G119/><T87/><D75/><AGARI ba="1,1" hai="20,22,51,52,54,57,59,61,75,77,80,88,89,90" machi="75" ten="40,8000,1" yaku="1,1,52,1,54,2,53,1" doraHai="106" doraHaiUra="104" who="1" fromWho="0" sc="454,-83,90,93,277,0,169,0" owari="371,47.1,183,-21.7,277,7.7,169,-33.1" /></mjloggm>