<mjloggm ver="2.3"><GO type="41" lobby="0"/><UN n0="%7A%76%77%35%31" n1="%61%6E%70%61%6E" n2="%70%67%34%36%70" n3="%E2%93%9D%4C%75%63%6B%79%4A" dan="14,14,16,17" rate="1953.09,1975.35,1992.21,2170.49" sx="M,M,M,M"/><TAIKYOKU oya="0"/><INIT seed="0,0,0,5,1,127" ten="250,250,250,250" oya="0" hai0="69,18,13,30,92,4,45,96,85,109,120,11,130" hai1="48,28,41,82,34,29,75,76,86,19,128,59,31" hai2="107,131,108,56,14,73,123,3,106,91,38,84,36" hai3="16,132,71,12,61,83,88,21,42,101,66,25,80"/><T32/><D120/><U60/><E19/><V115/><F3/><W118/><G118/><T50/><D69/><U79/><E79/><V51/><F73/><W104/><G132/><T40/><D109/><U99/><E99/><V97/><F115/><W10/><G42/><T1/><D85/><U57/><E128/><V124/><F123/><W116/><G116/><T93/><D130/><U63/><E34/><V95/><F124/><W2/><G2/><T90/><D93/><U17/><E17/><V67/><F108/><W135/><G135/><T43/><D32/><U129/><E75/><V58/><F67/><W78/><G78/><T103/><D30/><U24/><E24/><V7/><F58/><N who="1" m="22025" /><E129/><V70/><F14/><W5/><G101/><T0/><D1/><U125/><E125/><V22/><F7/><W62/><G62/><T54/><REACH who="0" step="1"/><D103/><REACH who="0" ten="240,250,250,250" step="2"/><U47/><AGARI ba="0,1" hai="28,29,31,41,47,48,60,63,76,82,86" m="22025" machi="47" ten="30,1100,0" yaku="8,1" doraHai="127" who="1" fromWho="1" sc="240,-5,250,21,250,-3,250,-3" /><INIT seed="1,0,0,2,1,67" ten="235,271,247,247" oya="1" hai0="39,120,56,129,84,50,80,37,93,91,105,134,83" hai1="36,122,126,33,131,104,123,124,130,86,87,8,64" hai2="29,19,97,70,14,119,100,44,75,0,28,89,95" hai3="17,52,109,38,49,88,42,9,30,71,34,82,102"/><U54/><E33/><V117/><F0/><W125/><G38/><T76/><D105/><U78/><E8/><V118/><F75/><W6/><G42/><T22/><D120/><N who="1" m="46123" /><E36/><V114/><F114/><W13/><G109/><T16/><D129/><N who="1" m="49163" /><E54/><V127/><F127/><N who="1" m="48681" /><E64/><V43/><F119/><W77/><G125/><T66/><D39/><U31/><E31/><V92/><F29/><W57/><G102/><T113/><D37/><U68/><E68/><V106/><F28/><W128/><G128/><T45/><D113/><U62/><E62/><V48/><F70/><W53/><G71/><T115/><D115/><U32/><E32/><V46/><F117/><W85/><G34/><T96/><D56/><U81/><E104/><V1/><F106/><W12/><G30/><T40/><D66/><U51/><E51/><V58/><F48/><W94/><G53/><T116/><D116/><U2/><E2/><V98/><F1/><W24/><G24/><T11/><D11/><U111/><E111/><V21/><F118/><W10/><G10/><T23/><D23/><U4/><E4/><V132/><F21/><W3/><REACH who="3" step="1"/><G17/><REACH who="3" ten="235,271,247,237" step="2"/><T135/><REACH who="0" step="1"/><D83/><REACH who="0" ten="225,271,247,237" step="2"/><U74/><AGARI ba="0,2" hai="74,78,81,86,87" m="48681,49163,46123" machi="74" ten="40,12000,1" yaku="19,1,18,1,34,2" doraHai="67" who="1" fromWho="1" sc="225,-40,271,140,247,-40,237,-40" /><INIT seed="1,1,0,3,1,105" ten="185,411,207,197" oya="1" hai0="109,127,112,83,3,121,32,71,13,115,106,89,34" hai1="49,102,12,75,52,70,48,99,118,42,50,86,111" hai2="30,104,39,0,90,87,31,4,100,18,61,59,19" hai3="54,11,16,1,45,62,65,66,84,130,51,37,14"/><U78/><E118/><V103/><F39/><W27/><G130/><T10/><D106/><U120/><E120/><V95/><F4/><W96/><G37/><T116/><D71/><U76/><E70/><V108/><F0/><W2/><G66/><T119/><D83/><U107/><E111/><V98/><F103/><W129/><G129/><T131/><D89/><U35/><E35/><N who="0" m="13353" /><D131/><U69/><E69/><V63/><F63/><W85/><G27/><T81/><D81/><U123/><E123/><V5/><F5/><W6/><G96/><T122/><D127/><U64/><E42/><V113/><F113/><N who="0" m="43594" /><D3/><U24/><E64/><V133/><F90/><W21/><REACH who="3" step="1"/><G2/><REACH who="3" ten="185,411,207,187" step="2"/><T8/><D109/><U132/><E99/><V57/><F98/><W101/><G101/><T67/><D67/><U74/><E102/><V92/><F100/><W36/><G36/><T28/><D122/><U125/><E107/><V117/><F104/><W43/><G43/><T47/><D121/><U72/><E125/><V23/><F108/><W41/><G41/><T22/><D119/><U46/><E52/><V110/><F117/><W88/><G88/><T29/><D116/><U94/><E78/><V93/><F110/><W114/><G114/><T25/><D25/><U15/><E24/><V82/><F133/><W33/><G33/><T26/><D26/><U97/><E132/><V79/><F31/><W135/><G135/><T128/><D128/><U73/><E97/><V17/><F79/><W68/><AGARI ba="1,1" hai="1,6,11,14,16,21,45,51,54,62,65,68,84,85" machi="68" ten="20,8000,1" yaku="1,1,0,1,7,1,54,1,53,1" doraHai="105" doraHaiUra="44" who="3" fromWho="3" sc="185,-21,411,-41,207,-21,187,93" /><INIT seed="2,0,0,5,2,78" ten="164,370,186,280" oya="2" hai0="99,110,86,2,24,41,83,32,42,11,50,88,56" hai1="31,0,13,102,14,36,28,39,33,1,116,97,124" hai2="105,113,100,79,53,10,23,131,57,112,40,128,63" hai3="30,126,130,115,123,118,84,67,60,87,70,96,25"/><V5/><F40/><W121/><G118/><T74/><D110/><U3/><E116/><V58/><F79/><W54/><G126/><T81/><D74/><U95/><E124/><V43/><F43/><N who="0" m="16394" /><D32/><U17/><E14/><V80/><F80/><N who="0" m="30794" /><D2/><U92/><E92/><V8/><F23/><W108/><G115/><T125/><D125/><U61/><E61/><V117/><F117/><W46/><G123/><T55/><D99/><U82/><E82/><V27/><F131/><W15/><G96/><T104/><D104/><U18/><E33/><V29/><F105/><W127/><G121/><T48/><D11/><U52/><E3/><V59/><F10/><W51/><G130/><T6/><D6/><U20/><E1/><V47/><F8/><W22/><G108/><T16/><D86/><U129/><E0/><V114/><F5/><W77/><G77/><T98/><D50/><U120/><E120/><V109/><F109/><W107/><G107/><T4/><D4/><U72/><E72/><V64/><F128/><W75/><G75/><T85/><D85/><U69/><E97/><V106/><F114/><W68/><G127/><T66/><D66/><U91/><E129/><V132/><F112/><W26/><G87/><T101/><D101/><U21/><E102/><V135/><F100/><W71/><G84/><T38/><D38/><U34/><E39/><V44/><F64/><W19/><G30/><T9/><D9/><U111/><E28/><V94/><F113/><W65/><G67/><T93/><D24/><N who="3" m="9321" /><G65/><T103/><D103/><U37/><E111/><V73/><F106/><RYUUKYOKU ba="0,0" sc="164,15,370,-15,186,-15,280,15" hai0="16,48,55,56,88,93,98" hai3="15,19,22,46,51,54,60,68,70,71" /><INIT seed="3,1,0,1,0,31" ten="179,355,171,295" oya="3" hai0="122,36,1,129,32,127,108,123,114,87,132,66,48" hai1="46,25,20,118,86,34,100,30,98,63,51,106,28" hai2="52,92,120,101,134,79,61,44,8,47,18,103,96" hai3="37,68,125,2,73,105,22,19,69,119,76,40,133"/><W12/><G119/><T107/><D66/><U115/><E118/><V85/><F134/><W29/><G105/><T81/><D87/><U71/><E115/><V21/><F8/><W104/><G104/><T94/><D81/><U113/><E113/><V128/><F103/><W117/><G125/><T126/><D94/><U93/><E30/><V82/><F128/><W65/><G2/><T43/><D48/><U7/><E7/><V90/><F101/><W33/><G133/><T67/><D43/><U4/><E4/><V16/><F18/><W59/><G73/><T54/><D54/><U78/><E78/><V57/><F120/><W13/><G13/><AGARI ba="1,0" hai="13,16,21,44,47,52,57,61,79,82,85,90,92,96" machi="13" ten="30,7700,0" yaku="7,1,8,1,54,2" doraHai="31" who="2" fromWho="3" sc="179,0,355,0,171,80,295,-80" /><INIT seed="4,0,0,3,5,10" ten="179,355,251,215" oya="0" hai0="108,112,11,113,120,74,45,109,43,28,65,39,88" hai1="67,2,58,66,56,77,61,59,101,93,54,12,128" hai2="78,90,21,23,4,30,7,96,103,135,102,123,94" hai3="92,89,62,114,98,132,51,107,26,38,84,95,105"/><T60/><D74/><U64/><E2/><V75/><F123/><W17/><G38/><T119/><D28/><U18/><E77/><V97/><F90/><W72/><G51/><T55/><D88/><U44/><E44/><V99/><F135/><W134/><G62/><T37/><D11/><U41/><E41/><V130/><F130/><W125/><G114/><N who="0" m="44139" /><D37/><U3/><E3/><V24/><F99/><W1/><G1/><T19/><D19/><U71/><E71/><V63/><F63/><W118/><G17/><T32/><D32/><U9/><E128/><V129/><F129/><W14/><G72/><T121/><D55/><U122/><E122/><N who="0" m="47209" /><D119/><U57/><E54/><V76/><F30/><W40/><G118/><T83/><D83/><U29/><E29/><V115/><F75/><W6/><G89/><T8/><D8/><U49/><E101/><V22/><F22/><W25/><G98/><T116/><D116/><U104/><E9/><V5/><F23/><W111/><G84/><T20/><D20/><U86/><E86/><V117/><F117/><W36/><G36/><T68/><AGARI ba="0,0" hai="39,43,45,60,65,68,108,109" m="47209,44139" machi="68" ten="40,12000,1" yaku="15,1,23,1,34,2" doraHai="10" who="0" fromWho="0" sc="179,120,355,-40,251,-40,215,-40" /><INIT seed="4,1,0,5,0,66" ten="299,315,211,175" oya="0" hai0="47,37,34,25,116,75,35,124,48,60,132,0,91" hai1="64,42,115,31,24,102,9,125,38,97,18,23,79" hai2="15,118,58,98,78,2,17,46,129,71,63,40,56" hai3="22,54,11,120,131,74,49,61,126,135,103,123,104"/><T14/><D75/><U117/><E117/><V8/><F118/><W68/><G74/><T26/><D0/><U19/><E125/><V69/><F129/><W76/><G76/><T6/><D124/><U57/><E115/><V130/><F130/><W10/><G126/><T72/><D37/><U45/><E79/><V39/><F98/><N who="3" m="61559" /><G22/><T33/><D72/><U99/><E99/><V81/><F2/><W70/><G61/><T110/><D116/><U43/><E43/><V105/><F105/><W83/><G83/><T113/><D113/><U133/><E133/><V106/><F106/><W27/><G27/><T92/><D132/><U41/><E41/><V21/><F21/><W89/><G89/><T122/><D110/><U62/><REACH who="1" step="1"/><E9/><REACH who="1" ten="299,305,211,175" step="2"/><N who="3" m="3082" /><G131/><T4/><D35/><U109/><E109/><V7/><F78/><W84/><G84/><T112/><D34/><U73/><E73/><V94/><F40/><W30/><G135/><T53/><D33/><U88/><E88/><V77/><F77/><W119/><G119/><T134/><D122/><N who="3" m="46633" /><G30/><T16/><D134/><U67/><E67/><V127/><F127/><W93/><G93/><AGARI ba="1,1" hai="18,19,23,24,31,38,42,45,57,62,64,93,97,102" machi="93" ten="30,7700,0" yaku="1,1,7,1,25,2,53,0" doraHai="66" doraHaiUra="128" who="1" fromWho="3" sc="299,0,305,90,211,0,175,-80" /><INIT seed="5,0,0,3,4,66" ten="299,395,211,95" oya="1" hai0="37,14,131,75,121,61,26,18,44,67,68,73,32" hai1="69,115,25,58,83,59,113,40,106,30,125,112,20" hai2="3,62,63,101,28,53,87,72,80,27,48,98,116" hai3="51,77,8,22,6,81,60,34,76,33,54,64,95"/><U19/><E125/><V105/><F3/><W127/><G127/><T17/><D131/><U130/><E130/><V55/><F72/><W45/><G22/><T114/><D121/><U39/><E106/><V5/><F5/><W65/><G65/><T120/><D114/><U109/><E109/><V92/><F105/><W126/><G126/><T9/><D120/><U50/><E39/><V21/><F116/><W7/><G7/><T128/><D128/><U91/><E30/><V124/><F124/><W29/><G95/><T38/><D38/><U31/><E31/><V49/><F49/><W111/><G111/><T134/><D134/><U94/><E69/><V99/><F99/><W46/><G46/><T133/><D133/><U123/><E83/><V35/><F35/><W88/><G29/><T52/><D32/><U42/><E123/><V0/><F0/><W90/><G34/><T13/><D26/><U16/><E19/><V15/><F15/><W71/><G33/><T2/><D2/><U97/><E50/><V100/><F100/><W43/><G54/><N who="2" m="20489" /><F48/><W118/><G118/><T132/><D132/><U82/><E82/><V36/><F36/><W79/><REACH who="3" step="1"/><G81/><REACH who="3" ten="299,395,211,85" step="2"/><T1/><D52/><U78/><E42/><V119/><F119/><W86/><G86/><T85/><D85/><U104/><E40/><V129/><F129/><W24/><G24/><T41/><D1/><AGARI ba="0,1" hai="1,6,8,43,45,51,60,64,71,76,77,79,88,90" machi="1" ten="40,5200,0" yaku="1,1,52,1,54,1,53,0" doraHai="66" doraHaiUra="93" who="3" fromWho="0" sc="299,-52,395,0,211,0,85,62" /><INIT seed="6,0,0,4,3,40" ten="247,395,211,147" oya="2" hai0="103,135,54,70,39,31,47,85,87,13,129,95,0" hai1="113,97,115,9,25,76,111,26,112,51,5,60,36" hai2="133,92,16,132,108,127,28,119,100,48,78,66,46" hai3="114,53,8,43,110,12,33,52,77,105,71,44,83"/><V91/><F119/><W80/><G110/><T41/><D0/><U19/><E36/><V38/><F108/><W45/><G33/><T104/><D70/><U88/><E76/><V134/><F127/><W89/><G105/><T123/><D104/><U29/><E111/><V90/><F28/><W57/><G71/><T99/><D123/><U56/><E51/><V107/><F78/><W37/><G114/><T86/><D135/><U30/><E19/><V58/><F16/><W10/><G89/><T15/><D31/><N who="1" m="11787" /><E88/><V117/><F107/><W68/><G68/><T32/><D32/><U20/><E97/><N who="2" m="59431" /><F38/><W84/><G83/><T23/><D23/><U4/><E20/><V35/><F117/><W14/><G57/><T102/><D102/><U125/><E125/><V124/><F124/><W73/><G73/><T116/><D116/><U106/><E106/><V2/><F2/><W93/><G93/><T67/><D67/><N who="1" m="39303" /><E4/><V128/><F128/><W121/><G121/><T59/><REACH who="0" step="1"/><D129/><REACH who="0" ten="237,395,211,147" step="2"/><U27/><E27/><V61/><F35/><W131/><G131/><T79/><D79/><U7/><E9/><V6/><F134/><W21/><G10/><T118/><D118/><U130/><E130/><V101/><F101/><W82/><G8/><T49/><AGARI ba="0,1" hai="13,15,39,41,47,49,54,59,85,86,87,95,99,103" machi="49" ten="30,4000,0" yaku="1,1,0,1,52,1,53,0" doraHai="40" doraHaiUra="62" who="0" fromWho="0" sc="237,50,395,-10,211,-20,147,-10" /><INIT seed="7,0,0,2,2,100" ten="287,385,191,137" oya="3" hai0="95,91,1,13,28,88,42,24,126,127,6,52,86" hai1="130,18,25,62,69,34,68,22,63,14,56,117,114" hai2="90,20,87,51,46,76,80,27,71,19,101,72,118" hai3="43,98,37,75,8,79,26,93,135,122,105,112,32"/><W16/><G122/><T94/><D1/><U40/><E40/><V47/><F118/><W81/><G135/><T41/><D127/><U59/><E117/><V77/><F71/><W48/><G112/><T109/><D109/><U104/><E104/><V4/><F4/><W5/><G48/><T53/><D126/><U54/><E114/><V92/><F72/><W123/><G123/><T111/><D111/><U21/><E34/><V70/><F70/><W49/><G49/><T110/><D110/><U2/><E2/><V74/><F74/><W60/><G60/><T58/><D53/><U65/><E130/><V124/><F124/><W134/><G134/><T121/><D121/><U131/><E131/><V85/><F101/><W11/><G105/><T102/><D102/><U57/><E57/><V33/><F33/><W113/><G113/><T99/><D13/><U15/><E15/><V31/><F31/><AGARI ba="0,0" hai="14,18,21,22,25,31,54,56,59,62,63,65,68,69" machi="31" ten="30,1000,0" yaku="7,1" doraHai="100" who="1" fromWho="2" sc="287,0,385,10,191,-10,137,0" owari="287,8.7,395,49.5,181,-21.9,137,-36.3" /></mjloggm>