<mjloggm ver="2.3"><GO type="41" lobby="0"/><UN n0="%66%6F%67%31%65%73%73" n1="%E8%9B%8D%E7%83%8F%E8%B3%8A" n2="%E2%93%9D%4C%75%63%6B%79%4A" n3="%6B%65%6E%32" dan="14,13,18,15" rate="1938.91,1892.29,2225.41,1923.91" sx="M,M,M,M"/><TAIKYOKU oya="0"/><INIT seed="0,0,0,0,4,21" ten="250,250,250,250" oya="0" hai0="64,115,55,52,32,72,56,107,133,61,127,37,57" hai1="112,69,86,28,110,90,105,51,134,44,4,1,124" hai2="119,59,11,6,15,0,49,76,102,34,79,89,60" hai3="45,5,81,103,87,83,13,117,88,40,101,113,48"/><T106/><D72/><U41/><E69/><V26/><F119/><W80/><G113/><T74/><D74/><U135/><E105/><V17/><F102/><W39/><G39/><T9/><D37/><U82/><E112/><V7/><F49/><W19/><G117/><T8/><D32/><U54/><E28/><V108/><F108/><W66/><G66/><T131/><D115/><U36/><E110/><V20/><F89/><W85/><G5/><T97/><D64/><U78/><E4/><V50/><F50/><W121/><G81/><T65/><D65/><U94/><E1/><V68/><F68/><W33/><G33/><T18/><D127/><U130/><E130/><V118/><F7/><W92/><G92/><T30/><D30/><U104/><E104/><V22/><F22/><W129/><G129/><T126/><D126/><U122/><E122/><V10/><F11/><W16/><G19/><T27/><D133/><U125/><E125/><V47/><F47/><W58/><G58/><T29/><D131/><U63/><E63/><V84/><F84/><W123/><G123/><T71/><D71/><U91/><E124/><V116/><F118/><W109/><G109/><T75/><D75/><U53/><E53/><N who="2" m="33903" /><F116/><W31/><G31/><AGARI ba="0,0" hai="0,6,10,15,17,20,26,31,34,76,79" m="33903" machi="31" ten="30,2000,0" yaku="24,1,52,1" doraHai="21" who="2" fromWho="3" sc="250,0,250,0,250,20,250,-20" /><INIT seed="1,0,0,3,1,80" ten="250,250,270,230" oya="1" hai0="78,96,92,51,20,117,25,75,125,98,28,48,24" hai1="100,76,115,69,132,12,89,124,131,32,123,27,90" hai2="99,26,53,16,38,107,0,77,128,88,133,10,43" hai3="103,39,14,58,122,86,49,29,30,37,8,54,1"/><U19/><E115/><V55/><F77/><W95/><G122/><T3/><D3/><U60/><E123/><V65/><F65/><W6/><G37/><T114/><D125/><U64/><E100/><V2/><F133/><W42/><G1/><T50/><D117/><U41/><E41/><V59/><F55/><W40/><G39/><T5/><D5/><U79/><E132/><V63/><F128/><W126/><G126/><T81/><D114/><U45/><E45/><V46/><F107/><W13/><G13/><T7/><D7/><U52/><E131/><V33/><F33/><W11/><G11/><T23/><REACH who="0" step="1"/><D92/><REACH who="0" ten="240,250,270,230" step="2"/><U17/><E124/><V70/><F2/><W73/><G73/><T94/><D94/><U118/><E118/><V106/><F0/><W127/><G127/><T22/><D22/><U35/><E32/><V56/><F10/><W111/><G111/><T120/><D120/><U47/><E35/><V82/><F106/><W119/><G119/><T74/><D74/><U36/><E27/><V84/><F26/><W113/><G113/><T109/><D109/><U61/><E12/><V93/><F16/><AGARI ba="0,1" hai="16,20,23,24,25,28,48,50,51,75,78,81,96,98" machi="16" ten="40,2600,0" yaku="1,1,54,1,53,0" doraHai="80" doraHaiUra="135" who="0" fromWho="2" sc="240,36,250,0,270,-26,230,0" /><INIT seed="2,0,0,0,3,38" ten="276,250,244,230" oya="2" hai0="57,101,17,75,106,132,3,85,18,119,117,92,135" hai1="2,124,35,67,125,91,111,34,44,55,83,122,14" hai2="120,73,13,116,24,0,50,8,74,70,54,6,105" hai3="45,60,47,61,48,97,110,115,31,65,9,130,90"/><V37/><F120/><W82/><G110/><T28/><D3/><U43/><E111/><V72/><F116/><N who="0" m="44618" /><D28/><U113/><E113/><V36/><F105/><W78/><G115/><T23/><D75/><U5/><E2/><V62/><F24/><W12/><G130/><T1/><D1/><U87/><E122/><V104/><F104/><W114/><G31/><T76/><D106/><U128/><E67/><V96/><F96/><W46/><G114/><T32/><D32/><U121/><E121/><V59/><REACH who="2" step="1"/><F0/><REACH who="2" ten="276,250,234,230" step="2"/><W33/><G97/><N who="0" m="59559" /><D135/><U21/><E128/><V22/><F22/><W27/><G27/><T63/><D132/><U64/><E21/><V100/><F100/><W88/><G33/><T84/><D23/><U112/><E35/><V134/><F134/><W52/><G12/><T11/><D11/><N who="1" m="4463" /><E34/><V58/><F58/><W131/><G9/><T10/><D10/><U16/><E112/><V133/><F133/><W86/><G131/><T103/><D103/><U80/><E16/><N who="0" m="6249" /><D76/><U118/><E118/><V51/><F51/><W99/><G99/><T77/><D77/><U126/><E64/><AGARI ba="0,1" hai="6,8,13,36,37,50,54,59,62,64,70,72,73,74" machi="64" ten="40,2000,0" yaku="1,1,53,0" doraHai="38" doraHaiUra="42" who="2" fromWho="1" sc="276,0,250,-20,234,30,230,0" /><AGARI ba="0,0" hai="57,63,64,84,85" m="6249,59559,44618" machi="64" ten="30,2000,0" yaku="12,1,54,1" doraHai="38" who="0" fromWho="1" sc="276,20,230,-20,264,0,230,0" /><INIT seed="2,1,0,2,4,36" ten="296,210,264,230" oya="2" hai0="107,88,29,30,126,0,58,39,44,131,80,76,99" hai1="28,38,113,112,62,60,100,6,96,49,129,3,72" hai2="132,134,53,42,118,105,9,32,13,5,31,115,70" hai3="24,106,35,54,84,8,103,109,111,83,133,135,63"/><V50/><F105/><W65/><G8/><T25/><D131/><U27/><E38/><V86/><F70/><N who="3" m="42303" /><G54/><T37/><D37/><U43/><E72/><V90/><F115/><W68/><G84/><T67/><D0/><U91/><E129/><V64/><F118/><W120/><G83/><T89/><D126/><U74/><E74/><V114/><F64/><W21/><G21/><T40/><D67/><U101/><E113/><V102/><F102/><N who="1" m="39529" /><E112/><V4/><F5/><W71/><G120/><T41/><D41/><U69/><E3/><V51/><F114/><W16/><G16/><T104/><D58/><U17/><E6/><V34/><F31/><N who="3" m="19943" /><G68/><T57/><D57/><U1/><E1/><V61/><F61/><N who="1" m="23657" /><E69/><V26/><F26/><W127/><G71/><T116/><D116/><U75/><E75/><V85/><F86/><W128/><G128/><T97/><D29/><U52/><E28/><V121/><F121/><W81/><G127/><T93/><D97/><U98/><E43/><V10/><F42/><W18/><G18/><T66/><D66/><U22/><E91/><V122/><F122/><W125/><G125/><T45/><D89/><U48/><E48/><V82/><F51/><W117/><G117/><T130/><D130/><U108/><E108/><N who="3" m="41546" /><G81/><T87/><REACH who="0" step="1"/><D45/><AGARI ba="1,0" hai="17,22,27,45,49,52,96,98" m="23657,39529" machi="45" ten="30,2000,0" yaku="8,1,54,1" doraHai="36" who="1" fromWho="0" sc="296,-23,210,23,264,0,230,0" /><INIT seed="3,0,0,4,3,12" ten="273,233,264,230" oya="3" hai0="107,46,51,52,71,58,113,127,105,20,78,54,29" hai1="42,130,82,75,102,101,96,6,27,63,92,34,66" hai2="126,124,80,86,122,38,22,10,49,103,79,60,110" hai3="91,76,62,83,59,135,33,64,26,81,9,48,123"/><W8/><G135/><T36/><D71/><U129/><E42/><V37/><F103/><W100/><G123/><T114/><D78/><N who="1" m="44383" /><E6/><V35/><F35/><W40/><G100/><T72/><D72/><U90/><E34/><V98/><F98/><W1/><G33/><T69/><D127/><N who="2" m="48682" /><F110/><W106/><G106/><T30/><D69/><U108/><E27/><V7/><F60/><W61/><G1/><T109/><D109/><U121/><E108/><V94/><F94/><W13/><G26/><T21/><D36/><N who="2" m="13930" /><F49/><W128/><G128/><N who="1" m="49258" /><E121/><V111/><F111/><W119/><G119/><T99/><D113/><U133/><E133/><V50/><F50/><W0/><G0/><T45/><D114/><U43/><E43/><V87/><F22/><W73/><G61/><T67/><D51/><U112/><E112/><V70/><F70/><AGARI ba="0,0" hai="63,66,70,90,92,96,101,102" m="49258,44383" machi="70" ten="30,1000,0" yaku="19,1" doraHai="12" who="1" fromWho="2" sc="273,0,233,10,264,-10,230,0" /><INIT seed="4,0,0,3,1,1" ten="273,243,254,230" oya="0" hai0="69,37,8,43,74,104,115,58,60,90,109,97,77" hai1="4,116,0,128,111,54,87,2,26,38,84,17,102" hai2="9,107,79,72,51,86,103,33,7,92,67,11,5" hai3="39,71,98,73,100,56,46,134,110,12,135,117,132"/><T88/><D69/><U91/><E38/><V61/><F33/><W42/><G56/><T34/><D34/><U63/><E116/><V80/><F107/><W22/><G110/><T32/><D32/><U133/><E102/><V55/><F72/><W99/><G117/><T3/><D109/><U29/><E111/><V122/><F122/><W101/><G71/><T44/><D115/><U28/><E128/><V53/><F67/><W48/><G48/><T126/><D126/><U106/><E106/><V70/><F70/><W66/><G66/><T27/><D27/><U89/><E17/><V81/><F81/><W15/><G73/><T24/><D24/><U108/><E108/><V125/><F61/><W49/><G39/><T123/><D123/><U96/><E26/><V52/><F125/><W35/><G35/><T50/><D97/><U31/><E96/><N who="3" m="36906" /><G15/><T40/><D40/><U16/><E16/><AGARI ba="0,0" hai="12,16,22,42,46,49,100,101,132,134,135" m="36906" machi="16" ten="40,2600,0" yaku="20,1,54,1" doraHai="1" who="3" fromWho="1" sc="273,0,243,-26,254,0,230,26" /><INIT seed="5,0,0,5,4,124" ten="273,217,254,256" oya="1" hai0="31,57,0,46,9,16,29,122,98,89,2,103,27" hai1="110,56,125,62,87,52,121,100,90,6,74,14,40" hai2="120,127,44,84,128,75,134,72,47,115,108,19,67" hai3="126,101,60,92,17,79,85,94,49,5,53,41,12"/><U132/><E121/><V34/><F120/><W95/><G126/><T70/><D122/><U28/><E74/><V15/><F34/><W104/><G104/><T48/><D70/><U39/><E110/><V33/><F33/><W8/><G60/><T73/><D73/><U21/><E125/><V3/><F3/><W69/><G69/><T114/><D114/><U93/><E132/><V83/><F127/><W99/><G17/><T36/><D89/><U82/><E39/><V123/><F67/><W18/><G18/><T45/><D57/><U32/><E32/><V76/><F108/><W35/><G35/><T38/><D48/><U81/><E40/><V54/><F134/><W68/><G68/><T96/><D16/><N who="1" m="10391" /><E6/><V64/><F75/><W42/><G42/><T106/><D27/><U129/><E28/><V109/><F72/><W116/><G116/><T97/><D106/><U112/><E112/><V130/><F64/><W50/><G50/><T11/><REACH who="0" step="1"/><D97/><REACH who="0" ten="263,217,254,256" step="2"/><N who="1" m="59439" /><E129/><N who="2" m="49771" /><F123/><W10/><G41/><T58/><D58/><U71/><E71/><V118/><F115/><W59/><G10/><T51/><D51/><U55/><E82/><AGARI ba="0,1" hai="5,8,12,49,53,59,79,82,85,92,94,95,99,101" machi="82" ten="40,1300,0" yaku="8,1" doraHai="124" who="3" fromWho="1" sc="263,0,217,-13,254,0,256,23" /><INIT seed="6,0,0,4,4,19" ten="263,204,254,279" oya="2" hai0="126,127,24,133,29,128,32,55,11,73,57,53,8" hai1="87,68,100,99,10,20,49,90,77,106,123,75,44" hai2="58,101,27,95,59,91,117,23,82,47,31,15,115" hai3="79,33,18,116,16,86,67,39,2,114,108,5,76"/><V48/><F117/><W134/><G116/><T121/><D121/><U71/><E123/><V131/><F131/><W118/><G118/><T51/><D128/><U85/><E10/><V66/><F115/><W12/><G39/><T64/><D73/><U88/><E75/><V103/><F82/><W80/><G108/><T92/><D133/><U63/><E77/><V6/><F6/><W7/><G134/><T36/><D36/><U120/><E63/><N who="2" m="38271" /><F58/><W113/><G33/><T35/><D64/><U81/><E120/><V13/><F103/><W111/><G111/><T62/><D92/><U130/><E130/><V125/><F125/><N who="0" m="47626" /><D32/><U42/><REACH who="1" step="1"/><E20/><REACH who="1" ten="263,194,254,279" step="2"/><V89/><F91/><W132/><G132/><T28/><D11/><U96/><E96/><N who="2" m="59551" /><F89/><W78/><G78/><T9/><D8/><U45/><E45/><V17/><F17/><W84/><G18/><T1/><D9/><U60/><E60/><V46/><F47/><W135/><G135/><T65/><D1/><U50/><E50/><V104/><F104/><W34/><G2/><T22/><D51/><U30/><E30/><V93/><F93/><AGARI ba="0,1" hai="42,44,49,68,71,81,85,87,88,90,93,99,100,106" machi="93" ten="30,3900,0" yaku="1,1,7,1,54,1,53,0" doraHai="19" doraHaiUra="14" who="1" fromWho="2" sc="263,0,194,49,254,-39,279,0" /><INIT seed="7,0,0,3,0,7" ten="263,243,215,279" oya="3" hai0="75,50,58,123,117,64,24,34,88,118,102,20,25" hai1="0,128,72,35,121,40,81,103,10,28,124,115,105" hai2="77,82,13,18,104,69,11,32,95,114,125,98,26" hai3="42,53,107,6,38,52,29,96,4,63,21,59,44"/><W49/><G107/><T2/><D123/><U106/><E121/><V62/><F104/><W101/><G29/><T109/><D109/><U100/><E40/><V23/><F125/><W126/><G126/><T79/><D102/><U129/><E124/><V73/><F114/><W65/><G21/><T31/><D2/><U60/><E60/><V113/><F113/><W130/><G130/><N who="1" m="50282" /><E115/><V61/><F32/><W76/><G76/><T14/><D79/><N who="1" m="44263" /><E106/><V86/><F69/><W43/><G43/><T51/><D75/><U57/><E105/><V33/><F33/><W19/><G19/><T74/><D74/><U133/><E57/><V12/><F13/><W110/><G110/><T15/><D15/><U99/><E99/><V37/><F37/><W27/><G27/><T30/><D14/><U116/><E133/><V92/><F73/><W39/><G39/><T16/><D31/><U111/><E116/><V89/><REACH who="2" step="1"/><F95/><REACH who="2" ten="263,243,205,279" step="2"/><N who="3" m="58527" /><G38/><T46/><D34/><U108/><E111/><V36/><F36/><W78/><G78/><T84/><D117/><U122/><E108/><V47/><F47/><W22/><G22/><N who="0" m="13383" /><D46/><U66/><E122/><V120/><F120/><W90/><G90/><T70/><D70/><U91/><E35/><V54/><F54/><AGARI ba="0,1" hai="4,6,42,44,49,52,53,54,59,63,65" m="58527" machi="54" ten="30,2900,0" yaku="8,1,54,1" doraHai="7" who="3" fromWho="2" sc="263,0,243,0,205,-29,279,39" owari="263,6.3,243,-15.7,176,-32.4,318,41.8" /></mjloggm>