<mjloggm ver="2.3"><GO type="41" lobby="0"/><UN n0="%E7%81%AB%E5%8F%A3%E4%BB%98%E8%BF%91" n1="%79%75%6B%69%32%32" n2="%E6%96%89%E6%99%B6" n3="%E2%93%9D%4C%75%63%6B%79%4A" dan="14,15,14,17" rate="1899.71,2038.91,1915.18,2153.80" sx="M,M,M,M"/><TAIKYOKU oya="0"/><INIT seed="0,0,0,5,0,101" ten="250,250,250,250" oya="0" hai0="67,129,127,18,124,132,79,56,131,55,69,57,133" hai1="71,102,19,32,105,85,38,107,6,77,94,62,96" hai2="97,37,36,68,72,23,110,89,45,128,73,12,98" hai3="30,91,104,1,25,112,65,27,31,50,8,46,5"/><T60/><D79/><U39/><E32/><V10/><F68/><W42/><G112/><T28/><D55/><U95/><E6/><V75/><F128/><N who="0" m="49226" /><D18/><U106/><E19/><V9/><F23/><W70/><G91/><T13/><D28/><U44/><E44/><V64/><F45/><W135/><G135/><N who="0" m="51787" /><D13/><U109/><E109/><V48/><F110/><W126/><G31/><T58/><AGARI ba="0,0" hai="56,57,58,60,67,69,124,127" m="51787,49226" machi="58" ten="40,18000,2" yaku="30,2,19,1,20,1,34,2" doraHai="101" who="0" fromWho="0" sc="250,180,250,-60,250,-60,250,-60" /><INIT seed="0,1,0,0,0,48" ten="430,190,190,190" oya="0" hai0="99,69,47,22,93,15,100,14,123,61,90,45,110" hai1="96,128,1,132,8,29,2,36,87,6,52,122,85" hai2="51,125,94,53,65,101,129,63,72,62,46,56,73" hai3="55,28,59,64,95,41,38,117,10,43,19,42,115"/><T58/><D69/><U50/><E122/><V39/><F125/><W104/><G104/><T88/><D110/><U57/><E128/><V68/><F129/><W32/><G32/><T18/><D123/><U31/><E132/><V71/><F71/><W98/><G28/><T26/><D15/><U75/><E36/><V89/><F101/><W108/><G115/><T49/><D26/><U37/><E37/><V20/><F20/><W82/><G82/><T116/><D116/><U105/><E75/><V134/><F134/><W16/><G38/><T60/><D60/><U74/><E74/><V121/><F121/><W109/><G64/><T77/><D77/><U135/><E135/><V103/><F103/><N who="3" m="60895" /><G10/><T111/><D111/><N who="3" m="42569" /><G117/><T23/><D23/><U0/><E31/><V54/><REACH who="2" step="1"/><F39/><REACH who="2" ten="430,190,180,190" step="2"/><W133/><G133/><T79/><D47/><U92/><E105/><V86/><AGARI ba="1,1" hai="46,51,53,54,56,62,63,65,68,72,73,86,89,94" machi="86" ten="20,12000,2" yaku="1,1,2,1,0,1,7,1,52,2,53,0" doraHai="48" doraHaiUra="27" who="2" fromWho="2" sc="430,-61,190,-31,180,133,190,-31" /><INIT seed="1,0,0,4,2,32" ten="369,159,313,159" oya="1" hai0="26,61,90,56,93,104,127,48,58,70,132,73,65" hai1="0,2,81,20,126,97,33,57,51,13,122,12,116" hai2="50,6,123,14,1,44,125,27,95,52,49,85,18" hai3="40,10,101,106,15,29,78,80,92,25,24,107,119"/><U94/><E116/><V60/><F123/><W71/><G71/><T109/><D73/><U21/><E122/><V68/><F125/><W35/><G119/><T128/><D104/><U31/><E126/><V117/><F117/><W108/><G25/><T38/><D127/><U5/><E33/><V130/><F130/><W64/><G64/><T8/><D128/><U37/><E37/><V36/><F27/><W89/><G101/><T4/><D38/><U79/><E13/><V103/><F36/><W74/><G40/><T99/><D109/><U133/><E133/><V62/><F50/><W34/><G35/><T96/><D132/><U124/><E124/><V114/><F114/><W91/><G91/><T113/><D113/><U87/><E21/><V134/><F68/><W86/><REACH who="3" step="1"/><G108/><REACH who="3" ten="369,159,313,149" step="2"/><T110/><D110/><U77/><E77/><V76/><F103/><W84/><G84/><T121/><D70/><U43/><E31/><V100/><F76/><W54/><G54/><N who="0" m="31815" /><D26/><U69/><E69/><V30/><F134/><W41/><G41/><T131/><D121/><U135/><E135/><V23/><F30/><W16/><AGARI ba="0,1" hai="10,15,16,24,29,34,74,78,80,86,89,92,106,107" machi="16" ten="20,5200,0" yaku="1,1,0,1,7,1,54,1,53,0" doraHai="32" doraHaiUra="112" who="3" fromWho="3" sc="369,-13,159,-26,313,-13,149,62" /><INIT seed="2,0,0,4,3,22" ten="356,133,300,211" oya="2" hai0="54,130,16,109,106,56,65,117,86,63,27,105,6" hai1="66,110,100,46,0,36,5,37,134,20,58,4,135" hai2="87,98,60,131,43,112,28,64,78,62,102,121,120" hai3="7,51,122,42,17,77,88,19,39,95,84,50,104"/><V61/><F112/><W133/><G122/><T1/><D109/><U8/><E110/><V53/><F43/><W125/><G104/><T123/><D123/><U11/><E100/><V9/><F131/><W79/><G7/><T116/><D130/><U67/><E20/><V38/><F38/><W45/><G133/><T74/><D74/><U15/><E58/><V115/><F53/><W48/><REACH who="3" step="1"/><G125/><REACH who="3" ten="356,133,300,201" step="2"/><T90/><D106/><U126/><E126/><V13/><F120/><W55/><G55/><T21/><D105/><U118/><E118/><V72/><F121/><W69/><G69/><T94/><D6/><U49/><E134/><V75/><F115/><W129/><G129/><T119/><D1/><U44/><E135/><V47/><F64/><AGARI ba="0,1" hai="16,21,27,54,56,63,64,65,86,90,94,116,117,119" machi="64" ten="40,5200,0" yaku="12,1,52,1,54,1" doraHai="22" who="0" fromWho="2" sc="356,62,133,0,300,-52,201,0" /><INIT seed="3,0,0,3,3,33" ten="418,133,248,201" oya="3" hai0="45,53,87,64,70,2,100,97,93,12,130,17,91" hai1="40,22,4,88,133,82,96,19,49,112,36,44,69" hai2="51,74,47,75,121,58,61,60,106,125,32,102,23" hai3="107,76,113,39,134,89,1,132,31,5,56,109,90"/><W101/><G113/><T127/><D127/><U21/><E112/><V57/><F32/><W30/><G39/><T50/><D130/><U52/><E133/><N who="3" m="51306" /><G76/><T42/><D70/><U92/><E69/><V110/><F125/><W84/><G90/><T117/><D117/><U99/><E4/><V6/><F110/><W26/><G56/><T126/><D126/><U123/><E123/><V115/><F115/><W119/><G119/><T77/><D77/><U73/><E99/><V66/><F102/><W128/><G128/><T131/><D131/><U27/><E22/><V43/><F23/><W65/><G65/><T25/><D25/><U71/><E71/><V135/><F66/><W111/><G101/><T62/><D64/><U78/><REACH who="1" step="1"/><E36/><REACH who="1" ten="418,123,248,201" step="2"/><V7/><F135/><W83/><G107/><T0/><D97/><U72/><E72/><V9/><F75/><W80/><G83/><T86/><D87/><U94/><E94/><V108/><F74/><W54/><G111/><T37/><D100/><U116/><E116/><V16/><F106/><W8/><G109/><T41/><D37/><U68/><E68/><V11/><F108/><W55/><G31/><T35/><D35/><AGARI ba="0,1" hai="1,5,8,26,30,35,54,55,80,84,89" m="51306" machi="35" ten="30,2900,0" yaku="20,1,52,1" doraHai="33" who="3" fromWho="0" sc="418,-29,123,0,248,0,201,39" /><INIT seed="3,1,0,2,0,47" ten="389,123,248,240" oya="3" hai0="82,43,30,125,52,66,69,131,123,127,101,76,122" hai1="95,75,98,132,64,10,61,118,104,108,15,44,113" hai2="35,87,14,34,56,88,70,93,51,11,77,28,90" hai3="65,40,49,21,80,3,99,135,112,128,20,9,109"/><W53/><G112/><T24/><D101/><U36/><E113/><V39/><F39/><W18/><G128/><T57/><D43/><U46/><E108/><V55/><F70/><W13/><G3/><T7/><D7/><U106/><E132/><V120/><F120/><W133/><G65/><T2/><D2/><U78/><E118/><V115/><F115/><W4/><G40/><T38/><D38/><U86/><E75/><V50/><F77/><W105/><G80/><T48/><D66/><U29/><E104/><V97/><F28/><W102/><G109/><T62/><D131/><U0/><E0/><V17/><REACH who="2" step="1"/><F50/><REACH who="2" ten="389,123,238,240" step="2"/><W84/><G135/><T107/><D69/><U31/><E36/><V23/><F23/><W129/><G133/><T119/><D119/><U83/><E31/><V6/><F6/><W71/><G71/><T111/><D111/><U96/><E29/><V73/><F73/><W81/><G4/><T94/><D123/><U114/><E114/><V32/><F32/><W89/><REACH who="3" step="1"/><G129/><REACH who="3" ten="389,123,238,230" step="2"/><T26/><D122/><U92/><E106/><V58/><F58/><AGARI ba="1,2" hai="9,13,18,20,21,49,53,58,81,84,89,99,102,105" machi="58" ten="30,11600,0" yaku="1,1,2,1,7,1,52,1,53,0" doraHai="47" doraHaiUra="117" who="3" fromWho="2" sc="389,0,123,0,238,-119,230,139" /><INIT seed="3,2,0,5,3,119" ten="389,123,119,369" oya="3" hai0="5,103,21,102,40,134,56,88,39,105,38,35,135" hai1="20,118,132,94,53,110,25,78,131,66,19,120,98" hai2="63,81,3,67,97,68,46,57,16,24,113,121,27" hai3="31,128,124,108,83,0,32,85,101,2,100,91,60"/><W45/><G128/><T37/><D35/><U18/><E110/><V59/><F3/><W43/><G108/><T122/><D5/><U12/><E118/><V15/><F113/><W9/><G124/><T127/><D127/><U73/><E131/><V115/><F115/><W65/><G32/><T96/><D102/><U61/><E132/><N who="0" m="50729" /><D56/><U55/><E78/><V80/><F46/><W51/><G31/><T41/><D122/><U90/><E73/><V84/><F97/><W93/><G2/><T1/><D1/><U4/><E4/><V58/><F80/><W116/><G116/><T44/><D44/><U129/><E129/><V42/><F42/><W79/><G9/><T54/><D54/><U82/><E82/><V112/><F121/><W77/><G0/><T133/><N who="0" m="50737" /><T33/><DORA hai="123" /><D33/><U111/><E111/><V99/><F99/><W47/><G47/><T69/><D69/><U104/><E104/><V95/><F95/><W74/><REACH who="3" step="1"/><G79/><REACH who="3" ten="389,123,119,359" step="2"/><T23/><D88/><U89/><E90/><V107/><F112/><W106/><G106/><T10/><D10/><U28/><E120/><V130/><F107/><W62/><G62/><T125/><D125/><U29/><E29/><V22/><F130/><W8/><G8/><T13/><D23/><N who="1" m="11719" /><E28/><V76/><AGARI ba="2,1" hai="15,16,22,24,27,57,58,59,63,67,68,76,81,84" machi="76" ten="30,2000,0" yaku="0,1,54,1" doraHai="119,123" who="2" fromWho="2" sc="389,-7,123,-7,119,36,359,-12" /><INIT seed="4,0,0,3,0,132" ten="382,116,155,347" oya="0" hai0="97,111,27,30,4,47,45,49,129,123,26,40,113" hai1="10,61,121,7,78,62,75,90,56,101,51,76,2" hai2="106,87,67,38,18,3,53,127,122,34,41,9,116" hai3="57,91,43,5,131,109,120,52,126,98,133,85,13"/><T25/><D111/><U68/><E121/><V32/><F106/><W89/><G109/><T70/><D113/><U100/><E68/><V33/><F122/><W72/><G72/><T35/><D70/><U71/><E71/><V83/><F67/><W130/><G43/><T128/><D123/><U6/><E90/><V39/><F116/><W102/><G120/><T92/><D4/><U74/><E51/><V50/><F41/><W93/><G133/><T80/><D80/><U16/><E56/><V36/><F3/><W29/><G29/><T37/><D128/><N who="3" m="49193" /><G13/><T19/><D19/><U117/><E10/><V1/><F1/><W23/><G23/><T86/><D86/><U54/><E2/><V65/><F9/><W17/><G17/><T119/><D119/><U55/><REACH who="1" step="1"/><E16/><REACH who="1" ten="382,106,155,347" step="2"/><V28/><F18/><W14/><G91/><T125/><D129/><U107/><E107/><V66/><F28/><W96/><G14/><T44/><D30/><U81/><E81/><V99/><F83/><W88/><G89/><T48/><D49/><U46/><E46/><V105/><F50/><N who="3" m="30871" /><G5/><T73/><D48/><U24/><E24/><V60/><F38/><W42/><G42/><T108/><D27/><U110/><E110/><V63/><F39/><W118/><G118/><AGARI ba="0,1" hai="6,7,54,55,61,62,74,75,76,78,100,101,117,118" machi="118" ten="25,3200,0" yaku="1,1,22,2,53,0" doraHai="132" doraHaiUra="31" who="1" fromWho="3" sc="382,0,106,42,155,0,347,-32" /><INIT seed="5,0,0,0,1,27" ten="382,148,155,315" oya="1" hai0="25,77,44,127,73,62,114,13,11,22,58,40,26" hai1="2,95,6,80,29,46,52,66,102,70,48,39,34" hai2="1,117,14,123,85,37,96,91,5,33,17,18,67" hai3="125,112,98,75,78,121,35,55,61,99,50,108,63"/><U15/><E39/><V128/><F37/><W111/><G35/><T19/><D127/><U82/><E2/><V45/><F117/><W30/><G78/><T106/><D106/><U36/><E36/><V8/><F67/><W135/><G75/><T0/><D114/><U84/><E70/><V105/><F18/><W16/><G121/><T110/><D110/><U83/><E66/><V23/><F123/><W116/><G135/><T12/><D40/><U74/><E74/><V97/><F105/><W119/><G112/><T54/><D44/><U28/><E34/><V57/><F45/><W41/><G41/><T4/><REACH who="0" step="1"/><D0/><REACH who="0" ten="372,148,155,315" step="2"/><U130/><E130/><V56/><F128/><W92/><G125/><T126/><D126/><U120/><E120/><V109/><F109/><W115/><G115/><T100/><D100/><U59/><E46/><V107/><F107/><W93/><G111/><T42/><D42/><U133/><E133/><V69/><F1/><W81/><G108/><T124/><D124/><U20/><E102/><V103/><F103/><W43/><G43/><T24/><D24/><U68/><E68/><V71/><F71/><W3/><G3/><T9/><D9/><N who="1" m="4535" /><E20/><V101/><F23/><W53/><G119/><T79/><D79/><U21/><E21/><V86/><F69/><W104/><G116/><T7/><D7/><U32/><E32/><V31/><F5/><W132/><G104/><T90/><D90/><AGARI ba="0,1" hai="28,29,48,52,59,80,82,83,84,90,95" m="4535" machi="90" ten="30,11600,0" yaku="8,1,52,2,54,1" doraHai="27" who="1" fromWho="0" sc="372,-116,148,126,155,0,315,0" /><INIT seed="5,1,0,3,3,42" ten="256,274,155,315" oya="1" hai0="134,38,87,95,78,74,88,114,101,56,57,49,26" hai1="18,8,131,127,2,23,86,52,4,7,129,6,68" hai2="132,103,89,79,124,53,72,125,119,67,133,90,29" hai3="94,98,105,109,17,106,12,11,91,93,35,110,50"/><U135/><E68/><V58/><F67/><W55/><G35/><T108/><D108/><U31/><E86/><V30/><F119/><W19/><G110/><T44/><D38/><U116/><E116/><V85/><F103/><W54/><G109/><T75/><D114/><U34/><E135/><V96/><F96/><W33/><G33/><T104/><D134/><U100/><E100/><V28/><F79/><W126/><G126/><T32/><D75/><U63/><E127/><V92/><F30/><W70/><G70/><T97/><D26/><N who="1" m="18807" /><E52/><V84/><F53/><W62/><G94/><T117/><D117/><U76/><E63/><V83/><F72/><W0/><G0/><T102/><D101/><U13/><E76/><V82/><F92/><W40/><G55/><T77/><D78/><U36/><E36/><V16/><F58/><W120/><G120/><T20/><D32/><U22/><E22/><V121/><F121/><W69/><G69/><T60/><D20/><U48/><E48/><V123/><F123/><W115/><G62/><T71/><D71/><U21/><E21/><V1/><F124/><W64/><G64/><T81/><D60/><U43/><E43/><AGARI ba="1,0" hai="43,44,49,56,57,74,77,81,87,88,95,97,102,104" machi="43" ten="30,8000,1" yaku="7,1,24,2,52,1,54,1" doraHai="42" who="0" fromWho="1" sc="256,83,274,-83,155,0,315,0" /><INIT seed="6,0,0,0,4,57" ten="339,191,155,315" oya="2" hai0="72,17,10,126,71,99,76,18,51,20,13,66,6" hai1="45,102,81,25,27,106,44,0,60,82,29,1,103" hai2="90,62,104,127,59,110,43,132,77,4,101,49,32" hai3="9,133,125,24,91,114,42,123,64,98,16,15,124"/><V112/><F32/><W107/><G42/><T40/><D126/><N who="3" m="48745" /><G123/><T38/><D38/><U85/><E85/><V3/><F127/><W69/><G133/><T47/><D72/><U118/><E29/><V134/><F77/><W5/><G64/><T121/><D121/><U92/><E92/><V73/><F73/><W119/><G69/><T115/><D115/><U36/><E36/><V63/><F112/><W53/><G53/><T23/><D76/><U74/><E74/><V37/><F90/><W7/><G119/><T52/><D40/><U67/><E67/><V135/><F110/><W117/><G117/><T130/><D130/><U86/><E86/><V105/><F37/><W8/><G91/><T35/><D35/><U84/><E84/><V70/><F70/><W41/><G41/><T108/><D108/><U120/><E120/><V39/><F39/><W2/><G98/><T75/><D75/><U50/><E50/><V94/><F43/><W78/><G107/><N who="2" m="41033" /><F49/><W46/><G46/><T89/><D66/><U56/><E106/><V14/><F59/><W21/><G78/><T54/><D54/><U11/><E56/><V116/><F116/><W129/><G114/><T131/><D131/><AGARI ba="0,0" hai="2,5,7,8,9,15,16,21,24,129,131" m="48745" machi="131" ten="30,7700,0" yaku="18,1,34,2,54,1" doraHai="57" who="3" fromWho="0" sc="339,-77,191,0,155,0,315,77" /><INIT seed="7,0,0,3,2,44" ten="262,191,155,392" oya="3" hai0="40,35,68,34,3,61,126,6,101,119,84,15,63" hai1="82,100,64,133,117,124,22,87,20,97,39,83,131" hai2="23,134,99,46,91,120,58,26,95,93,52,54,56" hai3="31,30,132,116,2,10,36,106,9,21,1,123,59"/><W108/><G59/><T78/><D119/><U121/><E121/><V51/><F134/><W65/><G65/><T74/><D74/><U48/><E117/><V70/><F70/><W111/><G106/><T8/><D126/><U73/><E39/><V98/><F54/><W112/><G36/><T50/><D3/><U89/><E131/><V122/><F120/><W77/><G77/><T47/><D101/><U57/><E133/><V127/><F127/><W32/><G112/><T55/><D63/><U11/><E124/><V14/><F14/><W90/><G90/><T27/><D27/><U43/><E11/><V72/><F72/><W76/><G76/><T37/><D37/><U94/><E73/><V96/><F122/><W7/><G123/><T92/><D92/><N who="2" m="35402" /><F91/><W129/><G132/><T85/><D85/><N who="1" m="50359" /><E64/><V0/><F0/><W38/><G38/><T5/><D5/><U125/><E125/><V113/><F113/><W45/><G2/><T130/><D130/><U24/><E24/><V128/><F128/><W4/><G1/><T71/><D71/><U81/><E81/><V66/><F66/><W49/><G129/><T103/><D103/><U114/><E114/><V18/><AGARI ba="0,0" hai="18,23,26,46,51,52,56,58,96,98,99" m="35402" machi="18" ten="30,4000,0" yaku="8,1,52,1,54,1" doraHai="44" who="2" fromWho="2" sc="262,-10,191,-10,155,40,392,-20" owari="252,5.2,181,-31.9,195,-20.5,372,47.2" /></mjloggm>