<mjloggm ver="2.3"><GO type="41" lobby="0"/><UN n0="%33%6E%73%73%45%72%64%41" n1="%E3%81%A1%E3%82%83%E3%83%BC%E3%81%B3%E3%82%93%E9%9A%8A%E9%95%B7" n2="%E2%93%9D%4C%75%63%6B%79%4A" n3="%31%33%2D%32%36" dan="15,14,14,14" rate="2023.37,1945.35,2088.29,1940.55" sx="M,M,M,M"/><TAIKYOKU oya="0"/><INIT seed="0,0,0,1,0,58" ten="250,250,250,250" oya="0" hai0="73,114,105,27,124,54,78,95,61,37,3,112,86" hai1="51,81,119,13,23,26,79,70,68,76,46,53,118" hai2="75,16,15,84,92,85,28,59,41,96,1,90,35" hai3="125,43,126,106,91,109,49,8,94,117,22,34,69"/><T60/><D37/><U10/><E119/><V99/><F1/><W42/><G109/><T20/><D3/><U6/><E118/><V129/><F75/><W97/><G117/><T100/><D124/><N who="3" m="47721" /><G34/><T132/><D132/><U21/><E21/><V12/><F129/><W36/><G36/><T87/><D105/><U55/><E55/><V72/><F72/><W133/><G133/><T122/><D122/><U57/><E46/><V9/><F41/><W127/><N who="3" m="47729" /><W64/><DORA hai="39" /><G106/><T130/><D130/><U77/><REACH who="1" step="1"/><E81/><REACH who="1" ten="250,240,250,250" step="2"/><V2/><F35/><W31/><G8/><T65/><D65/><U19/><AGARI ba="0,1" hai="6,10,13,19,23,26,51,53,57,68,70,76,77,79" machi="19" ten="30,4000,0" yaku="1,1,2,1,0,1,53,0" doraHai="58,39" doraHaiUra="56,113" who="1" fromWho="1" sc="250,-20,240,50,250,-10,250,-10" /><INIT seed="1,0,0,3,0,103" ten="230,290,240,240" oya="1" hai0="26,42,105,72,60,35,21,85,5,9,111,91,25" hai1="108,16,29,20,56,123,68,118,0,116,69,76,82" hai2="81,132,49,43,114,125,84,104,31,112,129,18,87" hai3="92,27,32,44,77,11,101,95,94,19,54,65,71"/><U34/><E123/><V70/><F70/><W97/><G77/><T6/><D111/><U14/><E0/><V28/><F125/><W98/><G11/><T7/><D72/><U135/><E135/><V58/><F129/><W8/><G8/><T38/><D9/><U107/><E107/><V89/><F18/><W64/><G44/><T73/><D73/><U33/><E108/><V52/><F43/><W57/><G71/><T2/><D2/><U106/><E106/><V4/><F4/><W74/><G74/><T102/><D35/><U55/><E69/><V133/><F87/><W80/><G80/><T41/><D60/><U75/><E68/><V88/><F89/><W39/><G39/><T30/><D26/><U61/><REACH who="1" step="1"/><E29/><REACH who="1" ten="230,280,240,240" step="2"/><N who="2" m="11339" /><F104/><W24/><G101/><T79/><D102/><U63/><E63/><V86/><F86/><W131/><G131/><T130/><D105/><U120/><E120/><V46/><F58/><W3/><G3/><T96/><D130/><U12/><E12/><V48/><F49/><W99/><G32/><AGARI ba="0,1" hai="14,16,20,32,33,34,55,56,61,75,76,82,116,118" machi="32" ten="40,3900,0" yaku="1,1,54,1,53,0" doraHai="103" doraHaiUra="93" who="1" fromWho="3" sc="230,0,280,49,240,0,240,-39" /><INIT seed="1,1,0,0,1,50" ten="230,329,240,201" oya="1" hai0="69,134,114,33,62,45,87,37,95,78,66,32,9" hai1="123,88,133,49,106,35,17,56,43,99,58,119,72" hai2="24,104,118,126,81,132,1,13,5,42,85,48,76" hai3="21,89,38,75,128,131,67,97,84,86,96,120,7"/><U59/><E72/><V117/><F1/><W113/><G120/><T19/><D134/><U14/><E123/><V110/><F104/><W101/><G113/><T80/><D114/><U23/><E119/><V54/><F132/><W73/><G38/><T115/><D115/><U39/><E35/><V11/><F110/><W40/><G40/><T25/><D37/><U71/><E71/><V83/><F126/><W94/><G21/><T125/><D125/><U105/><E133/><V93/><F93/><N who="3" m="58511" /><G67/><T20/><D9/><U127/><E127/><V91/><F24/><W12/><G12/><T34/><D95/><U130/><E130/><N who="3" m="49706" /><G7/><T55/><REACH who="0" step="1"/><D45/><REACH who="0" ten="220,329,240,201" step="2"/><N who="1" m="25791" /><E39/><V3/><F118/><W52/><G52/><AGARI ba="1,1" hai="19,20,25,32,33,34,52,55,62,66,69,78,80,87" machi="52" ten="40,8000,1" yaku="1,1,52,2,54,1,53,1" doraHai="50" doraHaiUra="82" who="0" fromWho="3" sc="220,93,329,0,240,0,201,-83" /><INIT seed="2,0,0,2,2,78" ten="313,329,240,118" oya="2" hai0="114,17,59,131,134,27,123,57,132,130,44,4,33" hai1="22,113,73,71,13,28,5,2,112,42,58,72,16" hai2="52,54,30,23,67,92,47,109,88,86,87,110,19" hai3="81,120,26,49,80,37,76,21,99,104,65,96,60"/><V84/><F30/><W117/><G120/><T38/><D123/><U125/><E71/><V100/><F100/><W121/><G117/><T11/><D38/><U50/><E125/><V55/><F67/><W61/><G121/><T119/><D44/><U124/><E124/><V24/><REACH who="2" step="1"/><F47/><REACH who="2" ten="313,329,230,118" step="2"/><W15/><G65/><T18/><D119/><U79/><E28/><V83/><F83/><W115/><G81/><T133/><D114/><U106/><E113/><V98/><AGARI ba="0,1" hai="19,23,24,52,54,55,84,86,87,88,92,98,109,110" machi="98" ten="40,12000,1" yaku="1,1,0,1,54,2,53,1" doraHai="78" doraHaiUra="20" who="2" fromWho="2" sc="313,-40,329,-40,230,130,118,-40" /><INIT seed="2,1,0,2,2,20" ten="273,289,360,78" oya="2" hai0="90,10,27,89,9,51,54,105,67,124,7,34,14" hai1="23,63,16,114,131,12,83,53,80,49,129,108,0" hai2="92,100,47,19,135,118,39,91,104,41,1,81,15" hai3="115,59,87,130,113,35,30,17,102,60,13,75,62"/><V28/><F118/><W86/><G75/><T43/><D124/><U48/><E114/><N who="3" m="43530" /><G130/><N who="1" m="49674" /><E0/><V111/><F1/><W122/><G122/><T125/><D125/><U22/><E108/><V46/><F47/><W78/><G102/><T82/><D105/><U88/><E63/><N who="3" m="24106" /><G59/><T77/><D43/><U50/><E23/><V69/><F100/><W26/><G78/><T119/><D67/><U66/><E66/><V31/><F111/><W42/><G42/><T56/><D10/><AGARI ba="1,0" hai="10,13,17,26,30,35,86,87" m="24106,43530" machi="10" ten="30,2000,0" yaku="11,1,52,1" doraHai="20" who="3" fromWho="0" sc="273,-23,289,0,360,0,78,23" /><INIT seed="3,0,0,3,4,114" ten="250,289,360,101" oya="3" hai0="46,87,2,48,56,119,120,0,129,42,25,55,66" hai1="13,45,122,63,116,113,134,84,23,103,33,28,41" hai2="38,10,21,97,15,30,18,110,50,127,76,79,7" hai3="67,19,86,112,90,80,54,69,126,57,32,37,99"/><W111/><G112/><T102/><D120/><U78/><E113/><V72/><F38/><W94/><G126/><T96/><D129/><U53/><E122/><V14/><F127/><W31/><G37/><T123/><D123/><U40/><E134/><V65/><F72/><W105/><G105/><T9/><D66/><U51/><E103/><V104/><F110/><W74/><G74/><T89/><D9/><U106/><E106/><V118/><F118/><W135/><G135/><T62/><D25/><U132/><E132/><V34/><F65/><W88/><G111/><T77/><D77/><U82/><E33/><V36/><F36/><W44/><G19/><T58/><D58/><U130/><E130/><V4/><F7/><W16/><G16/><T133/><D119/><U43/><E116/><V108/><F34/><W1/><G1/><T24/><D24/><N who="1" m="16415" /><E13/><V83/><F30/><W125/><G125/><T70/><D70/><U12/><E12/><V117/><F117/><W49/><G31/><T128/><D128/><U92/><E92/><V93/><F104/><W6/><G32/><T75/><D75/><U27/><E27/><V52/><F83/><W11/><G69/><T107/><D133/><U39/><E39/><V68/><F68/><W91/><G11/><T59/><D59/><AGARI ba="0,0" hai="40,41,43,45,51,53,59,63,78,82,84" m="16415" machi="59" ten="30,1000,0" yaku="8,1" doraHai="114" who="1" fromWho="0" sc="250,-10,289,10,360,0,101,0" /><INIT seed="4,0,0,1,5,65" ten="240,299,360,101" oya="0" hai0="92,46,1,79,127,11,82,53,121,9,59,61,107" hai1="116,47,87,86,94,129,67,132,95,42,32,93,50" hai2="7,52,5,36,21,13,71,124,27,60,98,54,4" hai3="109,58,16,19,112,106,15,101,90,130,30,131,74"/><T128/><D121/><U117/><E32/><V24/><F36/><W105/><G109/><T44/><D107/><U99/><E67/><V22/><F124/><W56/><G112/><T75/><D127/><U18/><E18/><V118/><F118/><W28/><G74/><T114/><D114/><U41/><E50/><V45/><F98/><W104/><G101/><T6/><D128/><N who="3" m="49193" /><G90/><T31/><D31/><N who="3" m="11817" /><G15/><T111/><D111/><U120/><E129/><V119/><F13/><W3/><G3/><T69/><D11/><U63/><E120/><V34/><F34/><W10/><G10/><T85/><D75/><U135/><E63/><V37/><F119/><N who="1" m="45641" /><E47/><V20/><F45/><W113/><G113/><T80/><D80/><U70/><E70/><V108/><F108/><W103/><G103/><T110/><D110/><U133/><E99/><V102/><F102/><W84/><G84/><AGARI ba="0,0" hai="41,42,84,86,87,93,94,95,132,133,135" m="45641" machi="84" ten="40,5200,0" yaku="28,2,20,1" doraHai="65" who="1" fromWho="3" sc="240,0,299,52,360,0,101,-52" /><INIT seed="5,0,0,3,2,89" ten="240,351,360,49" oya="1" hai0="96,22,84,66,65,68,97,105,103,40,64,86,100" hai1="129,47,23,118,30,38,20,108,18,44,35,29,57" hai2="82,131,56,59,12,73,114,78,43,70,32,69,117" hai3="67,53,104,95,60,77,46,1,62,42,116,112,54"/><U126/><E118/><V37/><F117/><W71/><G104/><T33/><D33/><U133/><E35/><V90/><F32/><W61/><G1/><T109/><D109/><U113/><E108/><V19/><F131/><W111/><G111/><T121/><D121/><U16/><E129/><V8/><F114/><W93/><G116/><T81/><D68/><U85/><E113/><V119/><F119/><W39/><G77/><T55/><D40/><U9/><E9/><V14/><F70/><W83/><G83/><T79/><D55/><U122/><E122/><V3/><F14/><W17/><G17/><T107/><REACH who="0" step="1"/><D22/><REACH who="0" ten="230,351,360,49" step="2"/><U135/><E126/><V92/><F69/><W102/><G112/><T98/><D98/><U25/><E135/><V101/><F43/><W134/><G134/><T75/><AGARI ba="0,1" hai="64,65,66,75,79,81,84,86,96,97,100,103,105,107" machi="75" ten="30,4000,0" yaku="1,1,0,1,9,1,53,0" doraHai="89" doraHaiUra="34" who="0" fromWho="0" sc="230,50,351,-20,360,-10,49,-10" /><INIT seed="6,0,0,2,2,48" ten="280,331,350,39" oya="2" hai0="11,115,108,43,92,112,9,130,104,89,19,12,10" hai1="77,32,31,85,66,16,110,0,40,73,124,39,23" hai2="116,82,134,7,86,74,60,54,13,135,51,105,56" hai3="14,95,27,123,70,30,96,120,99,57,42,97,22"/><V37/><F74/><W28/><G70/><T68/><D104/><U18/><E110/><V58/><F105/><W25/><G42/><T71/><D108/><U81/><E124/><V41/><F7/><W49/><G14/><T69/><D43/><U46/><E66/><V17/><F116/><W55/><REACH who="3" step="1"/><G95/><REACH who="3" ten="280,331,350,29" step="2"/><T80/><D71/><U122/><E0/><V111/><F111/><W38/><G38/><T5/><D69/><U132/><E122/><V67/><F41/><W83/><G83/><T76/><D68/><U117/><E117/><V127/><F37/><W125/><G125/><T61/><D80/><U91/><E132/><V64/><F127/><W119/><G119/><T65/><D92/><U79/><E39/><V118/><F118/><W102/><G102/><T44/><D12/><U107/><E40/><V50/><F67/><W72/><G72/><T1/><D65/><U45/><E73/><V29/><F135/><W128/><G128/><T62/><D130/><U47/><E107/><V103/><F103/><W75/><G75/><T109/><D109/><U113/><E81/><V24/><F134/><W131/><G131/><T6/><D1/><U15/><E15/><V114/><F13/><W98/><N who="3" m="24576" /><DORA hai="8" /><W59/><G59/><T33/><D5/><U63/><E47/><V94/><F94/><W84/><G84/><T21/><D44/><U36/><E46/><V90/><F86/><W129/><G129/><T78/><D6/><U2/><E36/><V52/><F82/><W4/><G4/><T88/><D76/><U26/><E2/><V93/><F93/><RYUUKYOKU ba="0,1" sc="280,-10,331,-10,350,-10,29,30" hai3="22,25,27,28,30,49,55,57,120,123" /><INIT seed="7,1,1,0,4,11" ten="270,321,340,59" oya="3" hai0="99,49,25,17,22,102,127,39,96,106,5,129,3" hai1="78,60,77,115,62,119,85,47,71,107,40,43,0" hai2="64,20,29,50,74,56,8,90,128,133,55,113,14" hai3="53,1,42,41,82,45,92,6,101,37,124,104,105"/><W76/><G124/><T135/><D127/><U111/><E111/><V86/><F74/><N who="3" m="43287" /><G53/><T12/><D39/><U116/><E0/><V35/><F133/><W73/><G92/><T19/><D135/><U103/><E115/><V15/><F35/><W120/><G120/><T16/><D129/><U67/><E62/><N who="2" m="37959" /><F128/><W32/><G42/><T91/><D49/><N who="1" m="26855" /><E43/><V109/><F113/><W98/><G73/><T58/><D58/><U117/><E85/><V36/><F109/><W81/><G81/><T95/><REACH who="0" step="1"/><D3/><REACH who="0" ten="260,321,340,59" step="2"/><U28/><E28/><V131/><F131/><W88/><G88/><T57/><D57/><U48/><E48/><V26/><F36/><W122/><G122/><T89/><D89/><U33/><E33/><V21/><F21/><W83/><G83/><T23/><D23/><U44/><E44/><N who="2" m="28103" /><F8/><AGARI ba="1,2" hai="5,8,12,16,17,19,22,25,91,95,96,99,102,106" machi="8" ten="40,5200,0" yaku="1,1,52,1,54,1,53,0" doraHai="11" doraHaiUra="61" who="0" fromWho="2" sc="260,75,321,0,340,-55,59,0" owari="335,43.5,321,12.1,285,-11.5,59,-44.1" /></mjloggm>