<mjloggm ver="2.3"><GO type="41" lobby="0"/><UN n0="%E3%81%95%E3%81%8F%E3%82%89%E3%82%82%E3%82%82%E3%81%95%E3%81%8F" n1="%E5%A4%A7%E7%AB%B9%E3%81%BE%E3%81%93%E3%81%A8" n2="%E5%B7%A8%E4%BA%BA%E3%81%AE%E6%98%9F" n3="%E2%93%9D%4C%75%63%6B%79%4A" dan="15,13,13,13" rate="2023.81,1903.92,1807.34,1934.38" sx="M,M,M,M"/><TAIKYOKU oya="0"/><INIT seed="0,0,0,4,2,124" ten="250,250,250,250" oya="0" hai0="85,132,31,66,126,58,48,20,65,55,75,74,88" hai1="115,77,30,106,107,93,44,104,98,46,134,76,5" hai2="103,82,36,12,2,80,8,6,61,27,50,83,26" hai3="125,101,127,99,105,112,131,57,25,49,91,84,79"/><T73/><D126/><N who="3" m="48137" /><G25/><T56/><D132/><U69/><E69/><V62/><F36/><W28/><G28/><T19/><D31/><U54/><E134/><V90/><F2/><W29/><G29/><T78/><D58/><U89/><E30/><V0/><F0/><W94/><G49/><T63/><D78/><U42/><E115/><V34/><F34/><W114/><G57/><T117/><D117/><U4/><E54/><V120/><F120/><W13/><G13/><T128/><D128/><U37/><REACH who="1" step="1"/><E46/><REACH who="1" ten="250,240,250,250" step="2"/><V33/><F33/><W109/><G131/><T32/><D32/><U133/><E133/><V39/><F39/><W130/><G130/><T111/><D111/><U123/><E123/><V10/><F103/><W108/><G79/><AGARI ba="0,1" hai="4,5,37,42,44,76,77,79,89,93,98,104,106,107" machi="79" ten="40,1300,0" yaku="1,1,53,0" doraHai="124" doraHaiUra="9" who="1" fromWho="3" sc="250,0,240,23,250,0,250,-13" /><INIT seed="1,0,0,0,2,5" ten="250,263,250,237" oya="1" hai0="32,47,74,81,93,58,72,0,41,101,121,34,115" hai1="33,129,45,4,63,90,119,135,80,38,17,6,75" hai2="87,104,84,124,97,120,27,125,106,99,13,77,83" hai3="52,40,60,7,69,126,16,10,103,117,46,43,100"/><U91/><E119/><V15/><F27/><W19/><G117/><T108/><D58/><U51/><E33/><N who="0" m="12905" /><D93/><U62/><E38/><V105/><F120/><W133/><G133/><T64/><D115/><U107/><E135/><V53/><F53/><W18/><G126/><N who="2" m="48745" /><F15/><N who="3" m="5599" /><G69/><T76/><D108/><U132/><E132/><V24/><F24/><W82/><G82/><T94/><D94/><U21/><E107/><V9/><F87/><W116/><G116/><T70/><D101/><N who="3" m="38985" /><G46/><T127/><D127/><U92/><E129/><V3/><F3/><W128/><G128/><T23/><D23/><U114/><E114/><V95/><F95/><W57/><AGARI ba="0,0" hai="16,18,19,40,43,52,57,60" m="38985,5599" machi="57" ten="30,7900,0" yaku="8,1,52,1,54,2" doraHai="5" who="3" fromWho="3" sc="250,-20,263,-39,250,-20,237,79" /><INIT seed="2,0,0,1,2,73" ten="230,224,230,316" oya="2" hai0="68,56,87,74,1,95,49,17,113,115,33,134,44" hai1="94,43,46,12,15,89,108,24,133,51,66,30,122" hai2="10,131,83,78,8,129,14,121,70,118,112,53,124" hai3="103,99,119,11,37,32,31,64,60,34,26,41,54"/><V130/><F121/><W114/><G119/><T71/><D74/><U97/><E122/><V104/><F118/><W21/><G54/><T127/><D33/><U86/><E108/><V47/><F112/><W25/><G114/><N who="0" m="43531" /><D17/><U111/><E111/><V2/><F70/><W7/><G41/><T6/><D95/><U81/><E133/><V42/><F53/><W13/><G37/><T100/><D87/><U85/><E66/><V55/><F55/><W45/><G45/><T84/><D84/><U102/><REACH who="1" step="1"/><E85/><REACH who="1" ten="230,214,230,316" step="2"/><N who="2" m="48375" /><F124/><W120/><G120/><T116/><D134/><U52/><E52/><V28/><F28/><W61/><G64/><T18/><D127/><U19/><E19/><N who="2" m="8647" /><F104/><W123/><G123/><T65/><D116/><U132/><E132/><V4/><F47/><W35/><REACH who="3" step="1"/><G26/><REACH who="3" ten="230,214,230,306" step="2"/><T62/><D44/><U77/><E77/><V135/><F135/><W67/><G67/><T20/><D71/><U91/><E91/><V75/><F75/><W92/><AGARI ba="0,2" hai="7,11,13,21,25,31,32,34,35,60,61,92,99,103" machi="92" ten="30,2000,0" yaku="1,1,0,1,53,0" doraHai="73" doraHaiUra="39" who="3" fromWho="3" sc="230,-5,214,-5,230,-10,306,40" /><INIT seed="3,0,0,5,1,135" ten="225,209,220,346" oya="3" hai0="123,73,69,25,83,51,109,82,94,16,27,96,114" hai1="112,39,106,120,5,77,132,92,65,33,63,86,118" hai2="101,10,32,95,19,64,34,18,57,47,71,61,93" hai3="45,75,76,72,8,15,129,56,80,23,116,30,20"/><W17/><G116/><T7/><D123/><U41/><E120/><V26/><F71/><W21/><G129/><T105/><D105/><U50/><E132/><V67/><F10/><W58/><G75/><T130/><D69/><U91/><E118/><V102/><F57/><W38/><REACH who="3" step="1"/><G30/><REACH who="3" ten="225,209,220,336" step="2"/><T107/><D130/><U36/><E106/><V11/><F11/><W87/><G87/><T70/><D107/><U88/><E112/><V12/><F12/><W1/><G1/><T62/><D114/><U55/><E33/><V22/><F26/><W122/><G122/><T60/><D73/><U134/><E134/><V110/><F110/><W66/><G66/><T104/><D104/><U78/><E36/><V79/><F22/><W103/><G103/><N who="0" m="60823" /><D109/><U121/><E39/><V97/><F34/><W85/><G85/><T111/><D111/><U35/><E35/><V54/><F32/><W40/><AGARI ba="0,1" hai="8,15,17,20,21,23,38,40,45,56,58,72,76,80" machi="40" ten="30,3000,0" yaku="1,1,0,1,53,0" doraHai="135" doraHaiUra="98" who="3" fromWho="3" sc="225,-10,209,-10,220,-10,336,40" /><INIT seed="3,1,0,4,5,48" ten="215,199,210,376" oya="3" hai0="44,82,80,129,96,63,45,105,91,16,71,69,128" hai1="21,43,89,52,104,116,86,36,26,115,46,5,78" hai2="19,87,4,54,11,108,85,92,112,37,114,124,132" hai3="95,27,130,18,67,12,7,33,53,65,62,134,106"/><W55/><G106/><T127/><D127/><U68/><E104/><V72/><F37/><W118/><G118/><T70/><D63/><U98/><E116/><V100/><F72/><W3/><G130/><N who="0" m="50283" /><D105/><U47/><E115/><V14/><F124/><W2/><G134/><T6/><D6/><U131/><E68/><V28/><F132/><W84/><G3/><T88/><D96/><U111/><E131/><V57/><F28/><W73/><G73/><T133/><D133/><U64/><E111/><V122/><F108/><W120/><G120/><T8/><D45/><U119/><E64/><N who="3" m="24650" /><G2/><T1/><D44/><U9/><E119/><V0/><F122/><W25/><G7/><T97/><D1/><U17/><E78/><V34/><F34/><W113/><G33/><T31/><D31/><U13/><E98/><N who="2" m="59463" /><F114/><W94/><G95/><N who="0" m="56551" /><D91/><U59/><E43/><V61/><F112/><W15/><G113/><T121/><D121/><U126/><E126/><V90/><F0/><W60/><G94/><T123/><D123/><U109/><E109/><V50/><F4/><W83/><G62/><T51/><D51/><N who="1" m="31135" /><E36/><V40/><F90/><N who="3" m="51487" /><G60/><T41/><D41/><U101/><E101/><V110/><F110/><W29/><G29/><T66/><D66/><U22/><E21/><V77/><F77/><W81/><G81/><AGARI ba="1,0" hai="5,9,13,17,22,26,46,47,81,86,89" m="31135" machi="81" ten="30,3900,0" yaku="8,1,52,1,54,1" doraHai="48" who="1" fromWho="3" sc="215,0,199,42,210,0,376,-42" /><INIT seed="4,0,0,2,4,55" ten="215,241,210,334" oya="0" hai0="128,36,122,14,92,44,6,79,3,81,112,110,23" hai1="10,73,120,75,46,101,63,21,76,131,117,43,62" hai2="133,30,57,25,31,60,17,64,86,56,109,39,78" hai3="35,59,121,49,20,28,42,38,58,19,68,113,67"/><T107/><D122/><U50/><E120/><V72/><F109/><W99/><G121/><T65/><D107/><U124/><E117/><V26/><F72/><W22/><G35/><T33/><D33/><U90/><E124/><V74/><F39/><W130/><G38/><T70/><D112/><U111/><E111/><V87/><F74/><W118/><G68/><T104/><D110/><U96/><E131/><V82/><F133/><W69/><G69/><T89/><D104/><U18/><E75/><V9/><F9/><W27/><G118/><T125/><D125/><U7/><E73/><V61/><F17/><W53/><G42/><N who="0" m="22599" /><D128/><U5/><E76/><V13/><F13/><W129/><G113/><T11/><D70/><U126/><E126/><V54/><F87/><W41/><G41/><T34/><D34/><U51/><E90/><V103/><REACH who="2" step="1"/><F103/><REACH who="2" ten="215,241,200,334" step="2"/><W134/><G130/><T66/><D14/><U8/><E10/><V40/><F40/><W94/><G129/><T91/><D23/><U85/><E85/><V116/><F116/><W84/><G84/><N who="0" m="48191" /><D89/><U32/><E32/><V16/><F16/><W77/><G19/><T114/><D114/><U123/><E123/><V37/><F37/><W132/><G22/><T88/><D91/><U45/><E8/><V4/><F4/><W15/><G15/><T100/><D100/><U95/><E7/><V97/><F97/><W24/><G77/><T12/><D12/><N who="1" m="9415" /><E5/><V52/><F52/><AGARI ba="0,1" hai="43,45,46,50,51,52,62,63,95,96,101" m="9415" machi="52" ten="30,2000,0" yaku="8,1,54,1" doraHai="55" who="1" fromWho="2" sc="215,0,241,30,200,-20,334,0" /><INIT seed="5,0,0,1,3,84" ten="215,271,180,334" oya="1" hai0="103,134,4,22,60,92,1,91,36,106,130,99,94" hai1="26,74,45,131,52,62,35,88,27,79,120,16,87" hai2="58,102,86,10,71,2,48,123,8,125,90,89,135" hai3="13,50,96,47,51,5,69,113,95,107,11,37,56"/><U61/><E120/><V83/><F123/><W40/><G69/><T39/><D130/><U133/><E133/><V65/><F71/><W132/><G132/><T67/><D134/><U98/><E131/><V104/><F2/><W121/><G121/><T59/><D106/><U30/><E74/><V49/><F125/><W7/><G107/><T77/><D77/><U64/><E79/><N who="2" m="46463" /><F102/><W34/><G34/><T128/><D128/><U108/><E108/><V43/><F104/><W105/><G113/><T46/><D46/><U55/><E98/><V112/><F112/><W75/><G105/><T32/><D32/><U126/><E126/><V122/><F122/><W6/><G75/><T0/><D0/><U31/><E62/><N who="2" m="38103" /><F135/><W127/><G127/><T66/><D66/><U117/><E117/><V38/><F38/><W124/><G124/><T29/><D1/><U100/><E100/><V93/><F93/><W57/><G37/><T9/><D39/><U3/><E3/><V76/><F76/><W44/><G57/><T23/><D36/><U111/><E111/><V118/><F118/><W70/><G56/><T14/><REACH who="0" step="1"/><D29/><REACH who="0" ten="205,271,180,334" step="2"/><U54/><E45/><N who="2" m="25663" /><F49/><W24/><G51/><T17/><D17/><U115/><E115/><V20/><F20/><W19/><G47/><T42/><D42/><U72/><E72/><V101/><F101/><N who="3" m="60575" /><G70/><T21/><D21/><AGARI ba="0,1" hai="5,6,7,11,13,19,21,24,40,44,50" m="60575" machi="21" ten="30,1000,0" yaku="8,1" doraHai="84" who="3" fromWho="0" sc="205,-10,271,0,180,0,334,20" /><INIT seed="6,0,0,3,2,116" ten="195,271,180,354" oya="2" hai0="46,30,44,118,27,15,108,131,20,105,6,62,120" hai1="115,63,84,51,104,34,43,19,103,33,113,45,7" hai2="80,121,135,70,123,91,79,75,36,49,25,24,107" hai3="37,110,98,74,125,40,28,5,2,23,112,0,67"/><V31/><F36/><W1/><G67/><T132/><D108/><U78/><E7/><V68/><F24/><W92/><G74/><T87/><D105/><U18/><E103/><V22/><F107/><W41/><G110/><T133/><D118/><U4/><E104/><V97/><F49/><W71/><G71/><T102/><D102/><U111/><E111/><V8/><F135/><N who="0" m="51786" /><D131/><U93/><E63/><V38/><F38/><W83/><G83/><T21/><D87/><U61/><E61/><V42/><F42/><W95/><G41/><T117/><D117/><U128/><E128/><V101/><F8/><W73/><G40/><T119/><D119/><U26/><E4/><V96/><F96/><W29/><G5/><T94/><D94/><U52/><E43/><V13/><F13/><W55/><G95/><T35/><D62/><U39/><E39/><V3/><F3/><W130/><G2/><T50/><D46/><U9/><E93/><V89/><F101/><W60/><G1/><T90/><D90/><N who="2" m="34314" /><F97/><W82/><G98/><T64/><D64/><U114/><E84/><V69/><F75/><W76/><G73/><T99/><D99/><U81/><E81/><V86/><F79/><W85/><G76/><T56/><D56/><U106/><E106/><V59/><F59/><W53/><G37/><T122/><D35/><U129/><E78/><V54/><F54/><W16/><G55/><N who="0" m="30151" /><D6/><U48/><E34/><V47/><F47/><W65/><G0/><T57/><D57/><U127/><E33/><V126/><F126/><W109/><G109/><T100/><D100/><RYUUKYOKU ba="0,0" sc="195,15,271,-15,180,15,354,-15" hai0="15,20,21,27,30,120,122" hai2="22,25,31,68,69,70,80,86,121,123" /><INIT seed="6,1,0,3,3,61" ten="210,256,195,339" oya="2" hai0="90,128,106,3,133,97,73,57,30,1,122,11,135" hai1="24,102,4,113,103,49,98,108,10,64,75,48,107" hai2="37,16,32,42,23,77,6,44,126,41,82,99,76" hai3="2,47,35,119,80,65,110,15,78,104,7,40,50"/><V100/><F32/><W53/><G119/><T43/><D122/><U71/><E108/><V38/><F126/><W51/><G104/><T127/><D73/><U21/><E113/><V123/><F123/><W5/><G2/><T70/><D70/><U28/><E75/><V27/><F6/><W81/><G35/><T89/><D30/><U92/><E103/><V129/><F129/><W54/><G110/><T118/><D43/><U25/><E24/><V115/><F115/><W105/><G105/><T17/><D127/><U84/><E84/><V34/><F34/><W134/><G134/><N who="0" m="51211" /><D128/><U58/><E107/><V46/><F82/><W112/><G40/><T91/><D118/><U111/><E71/><V8/><F8/><W131/><G112/><T20/><D57/><U69/><E69/><V60/><F60/><W83/><G78/><T121/><D11/><U125/><E125/><V88/><F100/><W101/><G101/><N who="0" m="62767" /><D121/><U12/><E111/><V120/><F120/><W0/><G131/><T95/><D95/><AGARI ba="1,0" hai="16,23,27,37,38,41,42,44,46,76,77,88,95,99" machi="95" ten="40,7700,0" yaku="9,1,54,2" doraHai="61" who="2" fromWho="0" sc="210,-80,256,0,195,80,339,0" /><INIT seed="6,2,0,2,4,23" ten="130,256,275,339" oya="2" hai0="27,11,19,42,119,130,9,99,91,74,93,22,46" hai1="79,131,38,116,127,61,51,30,95,75,106,17,125" hai2="35,39,60,126,122,18,25,32,8,43,112,28,87" hai3="68,97,3,118,58,40,117,92,53,123,57,7,10"/><V94/><F122/><W56/><G123/><T113/><D74/><U29/><E106/><V36/><F112/><W52/><G68/><T44/><D113/><U59/><E116/><V128/><F128/><W82/><G40/><T50/><D130/><U109/><E38/><V37/><F126/><N who="1" m="48137" /><E109/><V2/><F60/><W12/><G3/><T34/><D34/><U124/><N who="1" m="48145" /><U85/><DORA hai="62" /><E131/><V132/><F132/><W98/><G98/><T129/><D129/><U6/><E75/><V33/><F43/><W102/><REACH who="3" step="1"/><G82/><REACH who="3" ten="130,256,275,329" step="2"/><T105/><D119/><AGARI ba="2,1" hai="7,10,12,52,53,56,57,58,92,97,102,117,118,119" machi="119" ten="40,5200,0" yaku="1,1,2,1,54,1,53,0" doraHai="23,62" doraHaiUra="110,80" who="3" fromWho="0" sc="130,-58,256,0,275,0,329,68" /><INIT seed="7,0,0,1,5,16" ten="72,256,275,397" oya="3" hai0="84,97,121,58,111,133,22,119,55,42,23,93,124" hai1="65,17,25,69,14,117,43,71,51,15,92,19,52" hai2="63,104,62,56,61,67,105,40,125,33,106,50,77" hai3="126,107,86,10,100,13,78,130,3,5,28,57,120"/><W8/><G28/><T27/><D111/><U12/><E117/><V75/><F33/><W102/><G107/><T41/><D119/><U94/><E43/><V87/><F75/><W91/><G78/><T70/><D70/><U37/><E37/><V82/><REACH who="2" step="1"/><F125/><REACH who="2" ten="72,256,265,397" step="2"/><W101/><G126/><T123/><D124/><U60/><E71/><V113/><F113/><W134/><G120/><T89/><D27/><U20/><REACH who="1" step="1"/><E17/><REACH who="1" ten="72,246,265,397" step="2"/><V4/><F4/><W96/><G5/><T66/><D123/><U127/><E127/><V39/><F39/><W46/><G134/><T31/><D121/><U74/><E74/><V129/><F129/><W122/><G122/><T21/><D133/><U2/><E2/><V6/><F6/><W108/><G130/><T98/><D31/><U132/><E132/><V59/><F59/><AGARI ba="0,2" hai="12,14,15,19,20,25,51,52,59,60,65,69,92,94" machi="59" ten="40,12000,2" yaku="1,1,52,1,54,1,53,3" doraHai="16" doraHaiUra="9" who="1" fromWho="2" sc="72,0,246,140,265,-120,397,0" owari="72,-42.8,386,18.6,145,-25.5,397,49.7" /></mjloggm>