<mjloggm ver="2.3"><GO type="41" lobby="0"/><UN n0="%70%69%6B%61%6E%79%61%6E" n1="%E5%B3%BB%E3%81%95%E3%82%93" n2="%37%66%75%6B%75%6A%69%6E" n3="%E2%93%9D%4C%75%63%6B%79%4A" dan="13,14,14,17" rate="1912.80,1990.19,1938.74,2173.58" sx="F,M,M,M"/><TAIKYOKU oya="0"/><INIT seed="0,0,0,2,1,130" ten="250,250,250,250" oya="0" hai0="50,28,132,0,67,85,100,109,75,45,55,1,46" hai1="118,4,39,47,107,135,103,21,128,89,115,22,9" hai2="98,18,8,105,37,119,64,40,112,114,72,97,44" hai3="88,87,110,91,12,104,82,62,17,77,108,92,94"/><T95/><D75/><U42/><E118/><V41/><F119/><W60/><G62/><T30/><D132/><U70/><E128/><V73/><F64/><W83/><G60/><T93/><D67/><U133/><E115/><V81/><F18/><W29/><G29/><T101/><D85/><U52/><E70/><V13/><F40/><W106/><G12/><T15/><D15/><U102/><E89/><V14/><F14/><W53/><G53/><T49/><REACH who="0" step="1"/><D55/><REACH who="0" ten="240,250,250,250" step="2"/><U3/><E52/><V86/><F73/><W61/><G61/><T123/><D123/><U27/><E27/><V56/><F72/><W25/><G25/><T54/><D54/><U96/><REACH who="1" step="1"/><E103/><REACH who="1" ten="240,240,250,250" step="2"/><V34/><F114/><W116/><G116/><T35/><D35/><U33/><E33/><V16/><F112/><W80/><G77/><T32/><D32/><U10/><E10/><V127/><F34/><W63/><G63/><T126/><D126/><U38/><E38/><V84/><F127/><W5/><G87/><T68/><D68/><U121/><E121/><V36/><F86/><W58/><G91/><T79/><D79/><U74/><E74/><V24/><F24/><W59/><G88/><T111/><AGARI ba="0,2" hai="0,1,28,30,45,46,49,50,93,95,100,101,109,111" machi="111" ten="25,9600,0" yaku="1,1,0,1,22,2,53,0" doraHai="130" doraHaiUra="65" who="0" fromWho="0" sc="240,116,240,-32,250,-32,250,-32" /><INIT seed="0,1,0,2,5,56" ten="356,208,218,218" oya="0" hai0="131,88,68,104,3,64,34,0,71,51,109,72,15" hai1="10,90,118,85,22,101,16,38,124,18,14,32,48" hai2="94,80,84,49,99,41,98,91,50,62,127,35,12" hai3="83,116,75,7,24,132,19,67,106,86,108,37,110"/><T89/><D104/><U60/><E38/><V27/><F127/><W9/><G75/><T36/><D36/><U46/><E32/><V52/><F99/><W17/><G116/><T107/><D107/><U53/><E101/><V73/><F73/><W47/><G67/><T63/><D72/><U70/><E70/><V23/><F35/><W122/><G132/><T44/><D34/><U76/><E76/><V102/><F12/><W31/><G47/><T25/><D25/><N who="1" m="14551" /><E124/><V97/><F97/><W30/><G122/><T26/><D26/><U4/><E118/><V66/><F41/><W119/><G37/><T1/><D71/><U21/><E21/><V77/><F66/><W61/><G106/><T100/><D100/><U79/><E79/><V58/><F102/><W65/><G31/><AGARI ba="1,0" hai="23,27,31,49,50,52,58,62,77,80,84,91,94,98" machi="31" ten="30,7700,0" yaku="7,1,8,1,52,1,54,1" doraHai="56" who="2" fromWho="3" sc="356,0,208,0,218,80,218,-80" /><INIT seed="1,0,0,0,2,129" ten="356,208,298,138" oya="1" hai0="109,94,0,117,31,35,63,21,124,26,67,131,108" hai1="3,127,53,112,102,51,20,123,38,36,113,130,125" hai2="98,79,110,73,104,111,86,78,91,23,17,99,5" hai3="2,106,32,8,27,77,75,37,30,11,70,16,44"/><U28/><E3/><V14/><F5/><W128/><G70/><T126/><D131/><U105/><E102/><V71/><F71/><W43/><G128/><T64/><D117/><U84/><E84/><V41/><F41/><W46/><G46/><T12/><D0/><U54/><E20/><V81/><F79/><W24/><G106/><T56/><D67/><U22/><E105/><V10/><F10/><W7/><G27/><T68/><D68/><U83/><E83/><V103/><REACH who="2" step="1"/><F98/><REACH who="2" ten="356,208,288,138" step="2"/><W100/><G11/><T72/><D72/><U92/><E130/><V52/><F52/><W15/><G100/><T50/><D109/><U40/><E40/><V34/><F34/><W69/><G69/><T118/><D108/><U33/><E53/><V45/><F45/><W107/><G107/><T122/><D35/><U87/><E33/><V39/><F39/><W101/><G101/><T66/><D118/><U6/><E6/><V1/><F1/><W114/><G2/><T65/><D65/><U76/><E76/><V119/><F119/><W13/><G77/><T116/><D66/><U135/><E36/><V49/><F49/><W121/><G7/><T62/><D50/><U132/><E38/><V60/><F60/><W58/><G37/><T61/><D116/><U55/><E51/><V88/><F88/><W133/><G43/><T89/><D63/><U74/><E74/><V93/><AGARI ba="0,1" hai="14,17,23,73,78,81,86,91,93,99,103,104,110,111" machi="93" ten="30,8000,1" yaku="1,1,0,1,24,2,53,1" doraHai="129" doraHaiUra="80" who="2" fromWho="2" sc="356,-20,208,-40,288,90,138,-20" /><INIT seed="2,0,0,3,1,76" ten="336,168,378,118" oya="2" hai0="55,111,65,19,106,135,13,45,77,22,3,26,2" hai1="57,39,33,47,23,43,83,92,37,134,5,104,40" hai2="46,44,27,34,89,110,93,63,71,127,94,69,20" hai3="17,73,66,117,86,25,51,123,122,21,50,7,130"/><V90/><F127/><W31/><G73/><T53/><D106/><U38/><E104/><V64/><F34/><W49/><G117/><T85/><D111/><U54/><E33/><V118/><F71/><W115/><G115/><T131/><D131/><U0/><E0/><V126/><F126/><W29/><G130/><T100/><D100/><U41/><E5/><V61/><F61/><W129/><G129/><T97/><D97/><U35/><E35/><V60/><F60/><W98/><G66/><T107/><D107/><U68/><E23/><V112/><F110/><W42/><G42/><N who="1" m="16490" /><E83/><V58/><F69/><W52/><G7/><T12/><D3/><U95/><E92/><N who="2" m="35435" /><F118/><W15/><G123/><T102/><D2/><U16/><E16/><N who="2" m="12679" /><F112/><W8/><G122/><T108/><D102/><U70/><E95/><V116/><F116/><W119/><G119/><T101/><D101/><U103/><E103/><V96/><F96/><W14/><G98/><T74/><D74/><U125/><E134/><V1/><F1/><W59/><G86/><T48/><D135/><U10/><E10/><V56/><F56/><W99/><G99/><T124/><D124/><U78/><E78/><V121/><F121/><W62/><REACH who="3" step="1"/><G8/><REACH who="3" ten="336,168,378,108" step="2"/><T79/><D108/><U30/><E125/><V6/><F6/><W84/><G84/><T105/><D85/><U67/><E67/><V36/><F64/><W128/><G128/><T109/><D109/><U80/><E70/><V91/><F91/><W9/><G9/><T82/><D65/><U72/><E68/><V24/><F90/><W4/><G4/><RYUUKYOKU ba="0,1" sc="336,-10,168,-10,378,-10,108,30" hai3="14,15,17,21,25,29,31,49,50,51,52,59,62" /><INIT seed="3,1,1,3,0,62" ten="326,158,368,138" oya="3" hai0="38,134,51,13,77,132,71,55,94,49,22,16,125" hai1="5,1,65,30,91,11,100,129,104,133,92,123,20" hai2="18,78,7,74,9,53,42,101,68,48,21,58,41" hai3="50,81,97,69,83,35,128,113,90,79,121,116,32"/><W84/><G113/><T126/><D38/><U17/><E123/><V64/><F101/><W124/><G121/><T28/><D77/><U37/><E37/><V3/><F78/><W96/><G69/><T86/><D28/><U130/><E133/><N who="0" m="51305" /><D71/><U102/><E104/><V45/><F74/><W114/><G114/><T23/><D23/><U56/><E30/><V46/><F68/><W0/><G0/><T89/><D51/><U54/><E130/><V110/><F110/><W82/><G116/><T43/><D43/><U10/><E11/><V70/><F70/><W59/><G124/><T26/><D26/><U44/><E44/><AGARI ba="1,1" hai="13,16,22,44,49,55,86,89,94,125,126" m="51305" machi="44" ten="30,2000,0" yaku="20,1,54,1" doraHai="62" who="0" fromWho="1" sc="326,33,158,-23,368,0,138,0" /><INIT seed="4,0,0,2,5,34" ten="359,135,368,138" oya="0" hai0="16,124,6,22,19,30,117,17,46,112,32,123,49" hai1="21,41,125,129,111,69,73,128,113,45,51,83,114" hai2="0,130,95,40,135,66,133,39,85,105,54,15,106" hai3="74,2,57,126,56,38,11,28,81,42,120,100,64"/><T36/><D36/><U18/><E69/><V23/><F130/><N who="1" m="50281" /><E111/><V58/><F66/><W97/><G28/><T116/><D123/><U93/><E93/><V80/><F95/><W131/><G126/><T8/><D32/><U109/><E109/><V99/><F99/><W115/><G115/><N who="1" m="44042" /><E125/><V82/><F82/><W96/><G120/><T7/><D7/><U68/><E68/><V52/><F105/><W70/><G97/><T55/><D124/><U53/><E83/><V91/><F106/><W12/><G70/><T104/><D104/><U98/><E98/><V101/><F101/><W119/><G96/><T60/><D60/><U118/><E118/><V37/><F54/><W25/><G119/><T77/><D77/><U88/><E73/><V27/><F40/><W3/><G42/><T90/><D112/><U48/><E48/><V47/><F39/><W9/><G38/><T1/><REACH who="0" step="1"/><D90/><REACH who="0" ten="349,135,368,138" step="2"/><U62/><E88/><V29/><F91/><W132/><G131/><T134/><D134/><U63/><E41/><V75/><F37/><W61/><G132/><T94/><D94/><U67/><E67/><V110/><F135/><W71/><G64/><T14/><D14/><AGARI ba="0,1" hai="14,18,21,45,51,53,62,63" m="44042,50281" machi="14" ten="30,3900,0" yaku="19,1,15,1,11,1" doraHai="34" who="1" fromWho="0" sc="349,-39,135,49,368,0,138,0" /><INIT seed="5,0,0,1,0,95" ten="310,184,368,138" oya="1" hai0="38,67,117,24,89,72,14,106,69,91,42,65,66" hai1="22,78,54,10,33,13,71,68,49,20,27,121,112" hai2="108,29,73,37,87,130,132,88,127,52,63,12,2" hai3="80,8,39,84,120,41,11,9,128,113,82,34,43"/><U77/><E121/><V109/><F37/><W60/><G120/><T76/><D117/><U101/><E101/><V103/><F2/><W81/><G34/><T83/><D69/><U93/><E112/><V125/><F73/><W96/><G113/><T61/><D61/><U36/><E36/><V25/><F130/><W3/><G3/><T102/><D14/><U30/><E93/><V0/><F0/><W7/><G7/><T31/><D42/><N who="3" m="15881" /><G39/><T5/><D5/><U35/><E71/><V123/><F132/><W56/><G128/><T48/><D48/><U59/><E68/><V64/><F12/><W16/><G96/><T40/><D40/><U75/><E35/><V116/><F116/><W124/><G124/><T100/><D100/><U19/><REACH who="1" step="1"/><E75/><REACH who="1" ten="310,174,368,138" step="2"/><V53/><F123/><W6/><G6/><T55/><D38/><U44/><E44/><V105/><F103/><W21/><G56/><T92/><D92/><U51/><E51/><V58/><F127/><W1/><G1/><T131/><D131/><U62/><E62/><V129/><F125/><W134/><G60/><T114/><D114/><U74/><E74/><V110/><F129/><W111/><G134/><T118/><D118/><U135/><E135/><V126/><F126/><W70/><G70/><T104/><D102/><U97/><E97/><V115/><F115/><W46/><G46/><T133/><D133/><U47/><E47/><V28/><F63/><W122/><G122/><T17/><D72/><U86/><E86/><V57/><F87/><W23/><G84/><T79/><D104/><U94/><E94/><RYUUKYOKU ba="0,1" sc="310,-10,174,30,368,-10,138,-10" hai1="10,13,19,20,22,27,30,33,49,54,59,77,78" /><INIT seed="5,1,1,0,5,93" ten="300,204,358,128" oya="1" hai0="115,124,29,73,44,10,28,94,97,8,34,118,89" hai1="67,95,53,116,23,92,119,87,50,41,81,14,78" hai2="46,75,109,5,58,132,31,65,76,64,133,69,6" hai3="33,127,77,36,84,60,107,39,108,54,61,56,91"/><U20/><E67/><V82/><F109/><W12/><G33/><T37/><D118/><U131/><E131/><V104/><F104/><W25/><G108/><T74/><D115/><U83/><E41/><V18/><F69/><W48/><G77/><T16/><D124/><U4/><E4/><V90/><F31/><W3/><G3/><T45/><D8/><U22/><E14/><V13/><F46/><W63/><G107/><T62/><D62/><U2/><E2/><V125/><F90/><W120/><G120/><T105/><D105/><U42/><E42/><V1/><F125/><W57/><G25/><T106/><D106/><U55/><E53/><V111/><F111/><W123/><G123/><T19/><D34/><U35/><E35/><V21/><F1/><W7/><G127/><T26/><D37/><U129/><E129/><V43/><F43/><W100/><G100/><T40/><D40/><U66/><E66/><N who="2" m="25707" /><F58/><W99/><G57/><T112/><D112/><U114/><E114/><V98/><F98/><W9/><REACH who="3" step="1"/><G99/><REACH who="3" ten="300,204,358,118" step="2"/><T101/><D101/><U70/><E70/><V88/><F76/><W71/><G71/><T110/><D110/><U79/><E119/><V121/><F121/><W126/><G126/><T59/><D59/><N who="1" m="33271" /><E116/><V128/><F128/><W51/><G51/><T86/><D45/><U24/><E24/><V32/><F32/><W72/><G72/><T49/><D26/><U68/><E68/><V80/><F75/><W130/><G130/><T11/><D44/><U134/><E79/><V85/><F85/><W17/><G17/><T52/><D74/><RYUUKYOKU ba="1,2" sc="300,-10,204,-10,358,-10,118,30" hai3="7,9,12,36,39,48,54,56,60,61,63,84,91" /><INIT seed="6,2,2,1,2,80" ten="290,194,348,148" oya="2" hai0="126,2,128,18,17,57,1,39,93,131,9,23,133" hai1="114,62,61,28,30,54,108,6,22,12,41,94,27" hai2="68,43,36,64,111,74,106,52,14,89,79,119,66" hai3="26,19,63,72,125,20,11,134,49,0,121,83,13"/><V81/><F119/><W42/><G121/><T105/><D105/><U45/><E108/><V73/><F111/><W46/><G125/><T69/><D69/><U109/><E109/><V115/><F115/><W102/><G134/><T51/><D39/><U110/><E110/><V86/><F106/><W98/><G0/><T35/><D35/><U129/><E129/><N who="0" m="49737" /><D126/><U132/><E132/><V60/><F66/><W38/><G63/><T85/><D133/><U10/><E54/><V15/><F73/><W21/><G38/><T48/><D17/><U78/><E78/><V122/><F122/><W56/><G56/><T107/><D107/><U123/><E123/><V124/><F124/><W58/><G58/><T92/><D92/><U55/><E55/><V5/><F5/><W7/><G21/><T120/><D120/><U116/><E116/><V40/><F52/><W47/><G47/><T118/><D57/><U59/><E59/><V16/><F15/><W37/><G37/><T96/><D118/><U82/><E82/><V91/><F36/><W29/><G83/><T117/><D117/><U135/><E135/><V25/><F25/><W4/><REACH who="3" step="1"/><G72/><REACH who="3" ten="290,194,348,138" step="2"/><T84/><D2/><U104/><E45/><V67/><F74/><W127/><G127/><T97/><D1/><U90/><E22/><V65/><F60/><W34/><G34/><T50/><D9/><U44/><E61/><V99/><F68/><W31/><G31/><T100/><D97/><N who="1" m="57559" /><E62/><V3/><F99/><W101/><G101/><T77/><D77/><U70/><E70/><V95/><F3/><W71/><G71/><RYUUKYOKU ba="2,3" sc="290,15,194,-15,348,-15,138,15" hai0="18,23,48,50,51,84,85,93,96,100" hai3="4,7,11,13,19,20,26,29,42,46,49,98,102" /><INIT seed="7,3,3,2,0,56" ten="305,179,333,153" oya="3" hai0="50,65,105,30,73,91,107,101,126,2,13,71,31" hai1="69,46,96,27,117,12,47,39,68,120,37,38,5" hai2="29,41,20,9,78,116,121,131,74,100,25,22,122" hai3="21,6,89,77,119,118,113,8,123,35,128,34,112"/><W103/><G103/><T135/><D2/><U11/><E120/><N who="2" m="46187" /><F116/><N who="3" m="44587" /><G123/><T1/><D1/><U58/><E117/><V0/><F131/><W70/><G77/><T62/><D126/><U26/><E96/><V75/><F100/><W4/><G70/><T33/><D135/><U108/><E108/><V83/><F41/><W23/><G89/><T42/><D73/><U18/><E58/><V109/><F109/><W90/><G90/><T66/><D66/><U43/><E69/><V76/><F22/><N who="3" m="8203" /><G128/><T3/><D3/><U85/><E68/><V125/><F125/><W102/><G102/><T61/><D61/><U95/><E95/><V17/><F78/><W81/><G81/><T88/><D13/><U7/><E85/><V28/><F74/><W57/><G57/><T14/><D14/><U92/><E92/><V63/><F63/><W130/><G130/><T98/><D107/><U48/><REACH who="1" step="1"/><E46/><REACH who="1" ten="305,169,333,153" step="2"/><V54/><F75/><W80/><G80/><T64/><D64/><U55/><E55/><V132/><F54/><W36/><G36/><T82/><D82/><U84/><E84/><V19/><F83/><W52/><G52/><T104/><D104/><U110/><E110/><V32/><F76/><W86/><G86/><T97/><D97/><U44/><E44/><V115/><F132/><W45/><G45/><N who="0" m="25911" /><D31/><U16/><E16/><V53/><F53/><W24/><G6/><AGARI ba="3,4" hai="5,6,7,11,12,18,26,27,37,38,39,43,47,48" machi="6" ten="40,1300,0" yaku="1,1,53,0" doraHai="56" doraHaiUra="133" who="1" fromWho="3" sc="305,0,169,62,333,0,153,-22" owari="305,10.5,231,-16.9,333,43.3,131,-36.9" /></mjloggm>