<mjloggm ver="2.3"><GO type="41" lobby="0"/><UN n0="%E5%88%A5%E5%86%8D%E5%92%AC%E9%9B%BB%E7%B7%9A%E4%BA%86" n1="%E3%83%8F%E3%83%BC%E3%83%84%38%31%39%35" n2="%E2%93%9D%4C%75%63%6B%79%4A" n3="%E3%81%BF%E3%81%95%E3%81%8D%E5%8D%83%E5%A4%8F%E3%81%AE%E5%BC%9F%E5%AD%90" dan="13,13,18,14" rate="1882.55,1853.51,2160.98,1932.85" sx="M,M,M,F"/><TAIKYOKU oya="0"/><INIT seed="0,0,0,4,1,107" ten="250,250,250,250" oya="0" hai0="62,125,106,6,4,43,58,16,27,17,13,31,68" hai1="26,118,61,130,40,110,116,79,121,81,88,124,115" hai2="133,36,89,86,2,50,10,70,109,19,131,59,55" hai3="23,99,103,98,123,24,82,134,18,117,87,21,111"/><T127/><D106/><U73/><E61/><V94/><F131/><W93/><G111/><T53/><D68/><U37/><E26/><V120/><F120/><W28/><G134/><T12/><D43/><U63/><E63/><V29/><F109/><W0/><G0/><T41/><D41/><U75/><E40/><V122/><F122/><W7/><G117/><T22/><D6/><U135/><E37/><V38/><F70/><W108/><G108/><T71/><D4/><U112/><E121/><V67/><F29/><W35/><G7/><T52/><D71/><U46/><E46/><V44/><F133/><W54/><G123/><T69/><D69/><U90/><E135/><V101/><F101/><W102/><G54/><T30/><D53/><U76/><E110/><V113/><F113/><N who="1" m="43593" /><E130/><V85/><F38/><W95/><REACH who="3" step="1"/><G18/><REACH who="3" ten="250,250,250,240" step="2"/><T74/><D17/><U56/><E124/><V42/><F2/><W11/><G11/><T64/><D127/><U34/><E34/><V33/><F33/><W66/><G66/><T51/><D125/><U32/><E32/><V132/><F132/><W96/><G96/><T60/><D64/><U47/><E47/><V91/><F67/><W48/><G48/><T104/><D51/><U15/><E56/><V84/><F10/><W1/><G1/><T78/><D58/><U105/><E118/><V129/><F129/><W8/><G8/><T128/><D128/><U39/><E116/><V83/><F19/><W45/><G45/><T49/><D49/><U9/><E39/><V100/><F100/><W14/><G14/><T65/><D13/><RYUUKYOKU ba="0,1" sc="250,-15,250,-15,250,15,240,15" hai2="36,42,44,50,55,59,83,84,85,86,89,91,94" hai3="21,23,24,28,35,82,87,93,95,98,99,102,103" /><INIT seed="1,1,1,1,1,27" ten="235,235,265,255" oya="1" hai0="15,111,8,135,91,61,81,83,11,96,93,30,103" hai1="118,23,106,64,32,1,110,62,90,24,51,35,77" hai2="16,134,71,70,68,53,37,127,40,130,20,66,109" hai3="6,41,80,38,60,59,72,92,42,75,116,39,10"/><U85/><E1/><V50/><F109/><W113/><G113/><T88/><D111/><U76/><E106/><V112/><F112/><W44/><G116/><T73/><D135/><U67/><E110/><V107/><F107/><W131/><G131/><T133/><D133/><U115/><E115/><V121/><F134/><W34/><G34/><T123/><D123/><U94/><E118/><V105/><F105/><W2/><G92/><T86/><D73/><U48/><E35/><V87/><F87/><W132/><G132/><T108/><D108/><U5/><E5/><V122/><F66/><W124/><G124/><T125/><D125/><U29/><E32/><V114/><F114/><W126/><G126/><T17/><D61/><U57/><REACH who="1" step="1"/><E64/><REACH who="1" ten="235,225,265,255" step="2"/><V4/><F4/><W82/><G2/><T119/><D119/><U69/><E69/><V56/><F127/><W7/><G7/><T89/><D8/><U52/><E52/><V65/><F65/><W78/><G6/><T128/><D128/><U45/><E45/><V120/><F130/><W102/><G10/><T74/><D11/><U99/><E99/><V25/><REACH who="2" step="1"/><F71/><REACH who="2" ten="235,225,255,255" step="2"/><W14/><G41/><T9/><D96/><U31/><E31/><V19/><F19/><W21/><G42/><T63/><D30/><U101/><E101/><V3/><F3/><W33/><G102/><T18/><D103/><U98/><E98/><V0/><F0/><W55/><G55/><T26/><D18/><U36/><E36/><V22/><F22/><W13/><G38/><T97/><D97/><U49/><AGARI ba="1,3" hai="23,24,29,48,49,51,57,62,67,76,77,85,90,94" machi="49" ten="30,11700,0" yaku="1,1,0,1,8,1,52,1,53,0" doraHai="27" doraHaiUra="43" who="1" fromWho="1" sc="235,-40,225,150,255,-40,255,-40" /><INIT seed="1,2,0,2,3,69" ten="195,375,215,215" oya="1" hai0="24,22,18,135,74,4,87,76,117,34,82,134,120" hai1="104,66,63,20,81,44,109,25,57,30,55,43,2" hai2="73,88,58,16,13,41,100,7,115,101,83,31,21" hai3="133,28,36,56,94,106,39,85,129,8,19,131,90"/><U116/><E104/><V112/><F7/><W54/><G106/><T124/><D117/><U72/><E2/><V50/><F31/><W60/><G133/><N who="0" m="50699" /><D124/><U67/><E116/><V128/><F128/><N who="3" m="49227" /><G28/><N who="0" m="19719" /><D4/><U35/><E109/><V64/><F73/><W10/><G19/><T75/><D120/><U38/><REACH who="1" step="1"/><E35/><REACH who="1" ten="195,365,215,215" step="2"/><V97/><F115/><W119/><G119/><T105/><D105/><U0/><E0/><V99/><F112/><W80/><G94/><T89/><D76/><AGARI ba="2,1" hai="20,25,30,38,43,44,55,57,63,66,67,72,76,81" machi="76" ten="40,3900,0" yaku="1,1,52,1,53,0" doraHai="69" doraHaiUra="29" who="1" fromWho="0" sc="195,-45,365,55,215,0,215,0" /><INIT seed="1,3,0,1,0,64" ten="150,420,215,215" oya="1" hai0="75,100,72,135,35,70,113,17,48,1,45,81,123" hai1="132,11,76,13,16,41,107,134,15,18,47,57,82" hai2="97,20,54,66,121,93,98,56,79,14,31,115,58" hai3="69,55,42,44,83,120,109,96,128,59,133,19,3"/><U90/><E107/><V99/><F121/><W26/><G120/><T78/><D113/><U108/><E57/><V91/><F115/><W40/><G3/><T43/><D123/><U126/><E90/><V127/><F127/><W46/><G96/><T9/><D35/><U95/><E95/><V65/><F79/><W39/><G83/><T87/><D135/><N who="1" m="51755" /><E126/><V131/><F131/><W22/><G133/><T105/><D105/><U80/><E108/><V106/><F58/><W89/><G89/><T49/><D100/><U67/><E67/><V4/><F106/><W34/><G34/><T51/><D70/><U114/><E114/><V71/><F71/><W101/><G101/><T60/><D60/><U8/><E76/><V12/><F66/><W119/><G128/><T94/><D72/><U74/><E74/><V30/><F65/><W7/><G109/><T122/><D122/><U84/><E84/><V124/><F124/><W68/><G7/><T77/><D77/><U5/><E5/><V6/><F6/><W111/><G111/><T116/><D75/><U0/><E0/><V10/><F99/><W37/><G119/><T38/><D116/><U36/><AGARI ba="3,0" hai="8,11,13,15,16,18,36,41,47,80,82" m="51755" machi="36" ten="30,3000,0" yaku="20,1,54,1" doraHai="64" who="1" fromWho="1" sc="150,-13,420,39,215,-13,215,-13" /><INIT seed="1,4,0,5,3,9" ten="137,459,202,202" oya="1" hai0="56,4,65,84,98,135,72,57,115,49,67,12,68" hai1="69,61,34,118,17,104,51,39,58,5,96,85,111" hai2="80,119,55,18,6,40,78,41,27,126,29,95,7" hai3="122,22,23,32,46,121,28,91,106,77,92,117,13"/><U24/><E118/><V3/><F119/><W16/><G106/><T52/><D115/><U48/><E39/><V131/><F3/><W132/><G117/><T30/><D72/><U26/><E5/><V15/><F126/><W76/><G32/><T70/><D135/><U8/><E69/><V21/><F131/><W101/><G132/><T133/><D133/><U33/><E33/><V90/><F55/><W125/><G125/><T62/><D30/><U74/><E74/><V64/><F64/><W53/><G101/><T14/><D98/><U124/><E34/><V0/><F0/><W50/><G121/><T11/><D67/><U75/><E75/><V79/><F7/><W134/><G122/><T120/><D120/><U63/><E104/><V123/><F6/><W38/><G38/><T127/><D127/><U36/><E36/><V54/><F54/><W102/><G102/><T71/><REACH who="0" step="1"/><D84/><REACH who="0" ten="127,459,202,202" step="2"/><U89/><E124/><V42/><F123/><W112/><G112/><T94/><D94/><U47/><E96/><N who="2" m="57463" /><F80/><W81/><G81/><T2/><AGARI ba="4,1" hai="2,4,11,12,14,49,52,56,57,62,65,68,70,71" machi="2" ten="30,8000,1" yaku="1,1,0,1,52,2,54,1,53,0" doraHai="9" doraHaiUra="93" who="0" fromWho="0" sc="127,102,459,-44,202,-24,202,-24" /><INIT seed="2,0,0,5,1,38" ten="229,415,178,178" oya="2" hai0="33,46,1,134,113,88,112,67,49,31,45,114,36" hai1="95,19,54,118,107,48,79,21,106,76,89,124,17" hai2="26,3,39,109,97,10,119,68,22,125,93,25,29" hai3="55,70,81,84,69,5,7,37,57,64,82,63,50"/><V110/><F68/><W72/><G37/><T132/><D1/><U90/><E124/><V100/><F119/><W87/><G72/><T30/><D67/><U99/><E118/><V16/><F39/><W14/><G70/><T86/><D36/><U74/><E106/><V98/><F125/><W47/><G69/><T51/><D33/><U62/><E107/><V6/><REACH who="2" step="1"/><F98/><REACH who="2" ten="229,415,168,178" step="2"/><W80/><G5/><T2/><D2/><U73/><E99/><V78/><F78/><W75/><G75/><T105/><D105/><U83/><E76/><V35/><AGARI ba="0,1" hai="3,6,10,16,22,25,26,29,35,93,97,100,109,110" machi="35" ten="30,11700,0" yaku="1,1,0,1,54,1,53,1" doraHai="38" doraHaiUra="32" who="2" fromWho="2" sc="229,-39,415,-39,168,127,178,-39" /><INIT seed="2,1,0,0,4,26" ten="190,376,295,139" oya="2" hai0="93,39,129,40,117,84,69,0,56,48,19,108,63" hai1="45,11,116,33,88,15,16,57,4,41,96,112,53" hai2="32,71,9,20,10,92,130,128,110,70,7,28,81" hai3="123,3,62,25,91,60,126,51,38,107,83,30,121"/><V77/><F20/><W23/><G38/><T89/><D108/><U78/><E33/><V43/><F92/><W35/><G3/><T95/><D0/><U75/><E112/><V111/><F43/><W119/><G119/><T36/><D117/><U90/><E96/><V27/><F10/><W104/><G126/><T98/><D129/><N who="2" m="49770" /><F81/><W17/><G51/><T13/><D69/><N who="2" m="26122" /><F77/><W2/><G2/><AGARI ba="1,0" hai="2,7,9,27,28,32,110,111" m="26122,49770" machi="2" ten="40,7700,0" yaku="19,1,23,1,52,1" doraHai="26" who="2" fromWho="3" sc="190,0,376,0,295,80,139,-80" /><INIT seed="2,2,0,2,0,75" ten="190,376,375,59" oya="2" hai0="124,56,4,81,29,25,1,58,85,77,34,9,74" hai1="35,49,3,53,46,21,88,13,72,42,120,71,59" hai2="130,32,79,47,89,55,66,0,78,111,70,50,93" hai3="41,62,11,105,69,125,2,44,108,100,104,45,51"/><V84/><F32/><W26/><G108/><T94/><REACH who="0" step="1"/><D124/><REACH who="0" ten="180,376,375,59" step="2"/><U14/><E120/><V82/><F111/><W92/><G125/><T90/><AGARI ba="2,1" hai="1,4,9,25,29,34,56,58,74,77,81,85,90,94" machi="90" ten="30,8000,1" yaku="21,2,2,1,0,1,52,1,53,0" doraHai="75" doraHaiUra="36" who="0" fromWho="0" sc="180,96,376,-22,375,-42,59,-22" /><INIT seed="3,0,0,5,3,31" ten="276,354,333,37" oya="3" hai0="15,72,27,2,100,62,120,86,102,112,63,6,60" hai1="69,20,34,28,78,10,116,98,19,13,51,24,119" hai2="121,122,97,29,114,126,101,59,84,95,54,57,23" hai3="76,18,107,16,47,32,96,49,89,77,91,39,88"/><W99/><G39/><T130/><D120/><N who="2" m="46186" /><F114/><W129/><G129/><T81/><D72/><U117/><E69/><V106/><F126/><W92/><G32/><T115/><D130/><U111/><E78/><N who="3" m="30314" /><G107/><T103/><D2/><U93/><E51/><V41/><F41/><N who="3" m="24815" /><G99/><T68/><D27/><U75/><E75/><V94/><F54/><W21/><G21/><T58/><D68/><U25/><E93/><N who="2" m="35339" /><F84/><W55/><G55/><T87/><D58/><U9/><E98/><V80/><F80/><W3/><G3/><T33/><D33/><U22/><E111/><V125/><F125/><W64/><G64/><T11/><REACH who="0" step="1"/><D86/><REACH who="0" ten="266,354,333,37" step="2"/><U38/><E38/><V45/><F45/><W123/><G123/><T56/><D56/><U1/><E1/><V66/><F66/><W135/><G135/><T30/><D30/><AGARI ba="0,1" hai="9,10,13,19,20,22,24,25,28,30,34,116,117,119" machi="30" ten="40,8000,1" yaku="12,1,34,3,52,1" doraHai="31" who="1" fromWho="0" sc="266,-80,354,90,333,0,37,0" /><INIT seed="4,0,0,5,1,45" ten="186,444,333,37" oya="0" hai0="73,114,43,21,108,60,122,127,38,124,99,107,80" hai1="55,13,101,58,119,67,26,72,113,96,52,128,4" hai2="28,84,36,24,23,37,112,76,53,90,3,126,17" hai3="14,15,98,135,51,61,50,54,81,63,131,103,6"/><T69/><D122/><U116/><E72/><V74/><F3/><W59/><G131/><T94/><D114/><U0/><E0/><V22/><F112/><W35/><G35/><T33/><D21/><U109/><E109/><V65/><F65/><W102/><G135/><T2/><D108/><U32/><E128/><V29/><F74/><W125/><G125/><N who="0" m="48203" /><D33/><U134/><E134/><V115/><F76/><W40/><G81/><T46/><D2/><U87/><E87/><V19/><F126/><W130/><G130/><T110/><D110/><U132/><E132/><V48/><F37/><W129/><G129/><T70/><D60/><N who="3" m="23113" /><G98/><T123/><D123/><U12/><E113/><V66/><F36/><W31/><G31/><T111/><D111/><U16/><E32/><V68/><F66/><W106/><G106/><T79/><D107/><U11/><E26/><V10/><F115/><W86/><G86/><T88/><AGARI ba="0,0" hai="38,43,46,69,70,73,79,80,88,94,99" m="48203" machi="88" ten="30,3000,0" yaku="18,1,54,1" doraHai="45" who="0" fromWho="0" sc="186,30,444,-10,333,-10,37,-10" /><INIT seed="4,1,0,5,0,72" ten="216,434,323,27" oya="0" hai0="6,5,78,59,7,86,60,102,81,37,87,108,32" hai1="55,96,109,2,31,131,62,64,69,88,39,76,52" hai2="112,66,68,121,101,107,120,115,79,30,58,24,75" hai3="49,41,33,85,65,46,22,3,134,1,10,126,100"/><T89/><D37/><U125/><E2/><V91/><F58/><W123/><G33/><T34/><D108/><U114/><E39/><V104/><F91/><W15/><G126/><T61/><D102/><U94/><E109/><V50/><F50/><W130/><G130/><T113/><D113/><N who="2" m="43594" /><F66/><W26/><G134/><T77/><D61/><U129/><E125/><V122/><F68/><W20/><G123/><T84/><D34/><U127/><E127/><V44/><F44/><W70/><G100/><T38/><D32/><U42/><E42/><V18/><F18/><W14/><G65/><N who="0" m="39071" /><D38/><U80/><E114/><V99/><F30/><W103/><G70/><T8/><D8/><U13/><E31/><V132/><F132/><W110/><G103/><T40/><D40/><U21/><E129/><V27/><F107/><W93/><G110/><T67/><D67/><U45/><E45/><V117/><F117/><W35/><G35/><T11/><D11/><U71/><E71/><V63/><F63/><W105/><G105/><T47/><D47/><U98/><E131/><V97/><F99/><W135/><G135/><T16/><D16/><U28/><E98/><V73/><F75/><W95/><G10/><T119/><D119/><U9/><E28/><V128/><F128/><W82/><G46/><T83/><D89/><U106/><E106/><V116/><F116/><W92/><G41/><T51/><D51/><U133/><E133/><V25/><F122/><W90/><G49/><T23/><D23/><U12/><E21/><N who="3" m="8298" /><G26/><T53/><D53/><N who="1" m="20555" /><E9/><V4/><F4/><W57/><G57/><RYUUKYOKU ba="1,0" sc="216,0,434,0,323,0,27,0" hai0="5,6,7,77,78,81,83,84,86,87" hai1="12,13,62,64,69,76,80,88,94,96" hai2="24,25,27,73,79,97,101,104,120,121" hai3="1,3,14,15,82,85,90,92,93,95" /><INIT seed="4,2,0,0,1,103" ten="216,434,323,27" oya="0" hai0="12,96,89,36,19,42,47,78,11,0,107,7,44" hai1="116,85,65,51,111,117,99,130,74,39,72,84,34" hai2="135,9,56,128,106,132,53,30,129,73,64,123,121" hai3="69,122,109,60,15,80,101,134,68,70,18,97,79"/><T62/><D78/><U104/><E39/><V108/><F30/><W55/><G109/><T127/><D127/><U105/><E65/><V98/><F9/><W4/><G134/><N who="2" m="51241" /><F73/><N who="1" m="28265" /><E51/><N who="2" m="30783" /><F108/><W28/><G122/><N who="2" m="46601" /><F64/><W25/><G4/><T75/><D75/><U63/><E34/><V48/><F48/><W118/><G118/><N who="1" m="45674" /><E63/><V92/><F92/><W124/><G124/><T54/><D62/><U115/><E111/><V82/><F82/><W23/><G55/><T2/><D2/><U1/><E1/><V52/><F52/><W6/><G6/><T3/><D3/><U45/><E45/><V125/><F125/><W20/><G60/><T8/><D54/><U76/><E99/><V26/><F26/><W120/><G120/><T95/><REACH who="0" step="1"/><D44/><REACH who="0" ten="206,434,323,27" step="2"/><U50/><E76/><V35/><F35/><W126/><G126/><T112/><D112/><U32/><E115/><V40/><F40/><W133/><G133/><T131/><D131/><U102/><E130/><V16/><F129/><W58/><G58/><T17/><D17/><U38/><E32/><V27/><F128/><W90/><G79/><T94/><D94/><U66/><E66/><V110/><F110/><W113/><G113/><T49/><D49/><U59/><E50/><V86/><F16/><W100/><G80/><T67/><D67/><U14/><E38/><V21/><F27/><W57/><G57/><T29/><D29/><U119/><E59/><V41/><F41/><W37/><G37/><T33/><D33/><U24/><E119/><V87/><F21/><W77/><G77/><T46/><D46/><U43/><E24/><RYUUKYOKU ba="2,1" sc="206,10,434,-30,323,10,27,10" hai0="0,7,8,11,12,19,36,42,47,89,95,96,107" hai2="86,87,98,106" hai3="15,18,20,23,25,28,68,69,70,90,97,100,101" /><INIT seed="4,3,1,4,0,103" ten="216,404,333,37" oya="0" hai0="112,98,59,19,41,119,105,82,1,92,75,124,88" hai1="76,70,9,69,45,107,44,48,95,25,34,26,47" hai2="61,32,116,104,125,120,84,36,16,52,0,56,101" hai3="96,93,97,63,130,55,80,38,12,35,28,91,89"/><T43/><D119/><U15/><E76/><V126/><F32/><W11/><G130/><T113/><D1/><U18/><E107/><V110/><F120/><W60/><G38/><T74/><D124/><N who="2" m="47722" /><F0/><W42/><G42/><T102/><D59/><U106/><E106/><V7/><F7/><W117/><G117/><T54/><D54/><U100/><E48/><V108/><F36/><W57/><G35/><T21/><D43/><U122/><E122/><V115/><F115/><N who="0" m="44106" /><D41/><U87/><E34/><V68/><F84/><W78/><G28/><T37/><D37/><U53/><E53/><V128/><F128/><W17/><G63/><T29/><D29/><U83/><E70/><V50/><F116/><W79/><REACH who="3" step="1"/><G80/><REACH who="3" ten="216,404,333,27" step="2"/><T121/><D121/><U109/><E83/><V65/><F16/><W5/><G5/><T131/><D131/><U90/><E90/><V86/><F110/><W23/><G23/><T132/><D82/><U72/><E100/><V77/><F101/><W3/><G3/><T111/><D111/><U114/><E109/><V4/><F108/><W8/><G8/><T24/><D132/><U127/><E114/><V94/><F4/><W49/><G49/><T14/><D24/><U81/><E127/><V2/><F2/><W31/><G31/><T10/><D10/><U133/><E25/><V20/><F50/><W62/><G62/><T118/><D118/><U27/><E26/><V134/><F61/><W22/><G22/><T135/><D135/><U58/><E27/><V40/><F134/><W64/><G64/><T33/><D33/><U123/><E133/><RYUUKYOKU ba="3,2" sc="216,15,404,-15,333,-15,27,15" hai0="14,19,21,74,75,88,92,98,102,105" hai3="11,12,17,55,57,60,78,79,89,91,93,96,97" /><INIT seed="4,4,2,3,0,58" ten="231,389,318,42" oya="0" hai0="114,70,130,26,60,111,0,64,57,121,92,8,105" hai1="47,78,62,38,97,63,79,85,108,45,67,82,7" hai2="31,59,19,112,39,29,2,49,103,113,126,84,129" hai3="115,100,132,28,52,116,40,18,94,117,81,104,110"/><T17/><D121/><U27/><E108/><V128/><F39/><W44/><G110/><T13/><D111/><U23/><E38/><V91/><F103/><W66/><G104/><T25/><D105/><U122/><E122/><V33/><F2/><W24/><G115/><N who="2" m="44105" /><F19/><W12/><G132/><T11/><D114/><U35/><E35/><V89/><F126/><W74/><G66/><T98/><D130/><N who="2" m="50282" /><F33/><W133/><G133/><T93/><D70/><U76/><E67/><V96/><F96/><W99/><G81/><T55/><D64/><U107/><E107/><V56/><F91/><W124/><G74/><T48/><D48/><U95/><E7/><V43/><F43/><W4/><G4/><T53/><D53/><U10/><E10/><V14/><F14/><W125/><G52/><T69/><D69/><U106/><E106/><V131/><F49/><N who="3" m="26759" /><G24/><N who="0" m="9323" /><D0/><U3/><E3/><V46/><F131/><W102/><G28/><N who="2" m="10825" /><F46/><N who="1" m="17417" /><E97/><V21/><F21/><N who="3" m="11463" /><G102/><N who="0" m="60743" /><D93/><AGARI ba="4,2" hai="56,59,84,89,93" m="10825,50282,44105" machi="93" ten="30,2000,0" yaku="15,1,19,1" doraHai="58" who="2" fromWho="0" sc="231,-32,389,0,318,52,42,0" /><INIT seed="5,0,0,2,0,94" ten="199,389,370,42" oya="1" hai0="25,114,85,62,34,22,81,31,13,16,105,40,53" hai1="112,51,87,117,11,83,73,1,30,69,41,86,120" hai2="18,39,91,134,44,60,129,123,124,127,70,108,100" hai3="82,17,6,21,98,107,89,10,32,97,9,56,66"/><U28/><E69/><V61/><F100/><W131/><G32/><T118/><D105/><U27/><E117/><V35/><F18/><W12/><G107/><T93/><D118/><U109/><E120/><V90/><F35/><W71/><G71/><T130/><D114/><U50/><E30/><V64/><F91/><W132/><G131/><T47/><D130/><U75/><E87/><V67/><F90/><W8/><G132/><T95/><D62/><U2/><E112/><V24/><F24/><W42/><G42/><T4/><D4/><U33/><E2/><V106/><F106/><W26/><G56/><T80/><D53/><U45/><E50/><V104/><F104/><W43/><G43/><T77/><REACH who="0" step="1"/><D80/><REACH who="0" ten="189,389,370,42" step="2"/><U68/><E109/><V101/><F108/><W133/><G133/><T125/><D125/><U126/><E126/><V92/><F129/><W128/><G128/><T103/><D103/><U122/><E122/><V99/><F123/><W78/><G66/><T115/><D115/><U88/><E68/><V59/><F134/><W15/><G6/><T38/><AGARI ba="0,1" hai="13,16,22,25,31,34,38,40,47,77,81,85,93,95" machi="38" ten="20,5200,0" yaku="1,1,0,1,7,1,54,1,53,0" doraHai="94" doraHaiUra="63" who="0" fromWho="0" sc="189,62,389,-26,370,-13,42,-13" /><INIT seed="6,0,0,2,2,11" ten="251,363,357,29" oya="2" hai0="107,81,75,97,126,2,104,79,117,112,25,47,109" hai1="96,80,88,72,43,13,89,62,70,68,42,34,94" hai2="50,84,22,29,92,12,55,130,132,30,41,32,51" hai3="16,66,110,135,98,78,14,26,33,134,9,125,128"/><V48/><F32/><W91/><G110/><T118/><D2/><U24/><E68/><V17/><F132/><N who="3" m="50731" /><G128/><T7/><D47/><U15/><E70/><V23/><F130/><W64/><G78/><T39/><D39/><U123/><E123/><V49/><F41/><W4/><G125/><T27/><D7/><U82/><E62/><V19/><F92/><N who="3" m="56607" /><G33/><T20/><D109/><U119/><E119/><N who="0" m="45577" /><D126/><U71/><E71/><V40/><F40/><N who="1" m="15401" /><E72/><V54/><F84/><W77/><G77/><T56/><D56/><U5/><E5/><V121/><F121/><W65/><G26/><N who="0" m="9739" /><D20/><U73/><E24/><N who="2" m="14463" /><F55/><W31/><G4/><T44/><D44/><AGARI ba="0,0" hai="12,17,22,29,30,44,48,49,50,51,54" m="14463" machi="44" ten="30,2900,0" yaku="8,1,52,1" doraHai="11" who="2" fromWho="0" sc="251,-29,363,0,357,29,29,0" /><INIT seed="6,1,0,3,4,20" ten="222,363,386,29" oya="2" hai0="72,119,93,4,12,60,55,35,89,39,116,65,51" hai1="82,110,14,97,47,43,74,3,59,22,126,128,2" hai2="66,103,117,62,73,78,69,15,24,16,76,118,86" hai3="45,0,129,56,75,121,10,90,54,25,41,19,101"/><V115/><F73/><W42/><G121/><T108/><D108/><U100/><E110/><V40/><F40/><W77/><G129/><T11/><D39/><U98/><E128/><V79/><F103/><W48/><G101/><T70/><D35/><U84/><E126/><V85/><F115/><W92/><G75/><T8/><D72/><U50/><E74/><V87/><REACH who="2" step="1"/><F24/><REACH who="2" ten="222,363,376,29" step="2"/><W134/><G134/><T29/><D119/><U38/><E100/><V83/><F83/><W33/><G77/><T26/><D116/><U111/><E111/><V36/><F36/><W58/><G0/><T125/><D125/><U71/><E3/><V9/><AGARI ba="1,1" hai="9,15,16,62,66,69,76,78,79,85,86,87,117,118" machi="9" ten="30,6000,0" yaku="1,1,0,1,54,1,53,0" doraHai="20" doraHaiUra="23" who="2" fromWho="2" sc="222,-21,363,-21,376,73,29,-21" /><INIT seed="6,2,0,3,5,64" ten="201,342,449,8" oya="2" hai0="10,7,26,6,45,84,37,75,71,70,29,3,118" hai1="125,73,61,23,104,58,32,51,91,100,47,21,96" hai2="15,97,115,94,59,103,131,57,67,128,98,111,72" hai3="39,24,68,38,30,79,13,65,101,36,34,124,35"/><V93/><F72/><W78/><G13/><T95/><D118/><U18/><E73/><V22/><F115/><W0/><G124/><T31/><D7/><U1/><E125/><V123/><F123/><W116/><G116/><T5/><D5/><U20/><E32/><V133/><F133/><W16/><G16/><T2/><D2/><U83/><E1/><V52/><F67/><W33/><G0/><T41/><D84/><U4/><E4/><V50/><F59/><W54/><G54/><T88/><D88/><U121/><E121/><V87/><F111/><W12/><G12/><T129/><D95/><U119/><E119/><V105/><F87/><W85/><G85/><T46/><D129/><N who="2" m="49738" /><F98/><W9/><G9/><T14/><D14/><U63/><E18/><AGARI ba="2,0" hai="15,18,22,50,52,57,93,94,97,103,105" m="49738" machi="18" ten="30,2900,0" yaku="19,1,54,1" doraHai="64" who="2" fromWho="1" sc="201,0,342,-35,449,35,8,0" /><INIT seed="6,3,0,3,0,37" ten="201,307,484,8" oya="2" hai0="96,134,95,14,106,83,24,41,104,20,26,85,6" hai1="48,101,128,67,18,125,93,7,109,82,74,38,81" hai2="66,69,13,76,90,28,127,121,39,15,105,23,9" hai3="63,110,68,30,60,3,29,58,25,118,129,17,119"/><V89/><F121/><W32/><G110/><T71/><D134/><U47/><E109/><V70/><F105/><W49/><G129/><T44/><D71/><U16/><E38/><V130/><F76/><W133/><G3/><T65/><D65/><U21/><E125/><V51/><F39/><W114/><G133/><T10/><D106/><U54/><E74/><V46/><F130/><W79/><G29/><T57/><D57/><U2/><E2/><V42/><F127/><W115/><G79/><T64/><D64/><U124/><E124/><V45/><F46/><W50/><G68/><T102/><D20/><U120/><E120/><V126/><F126/><W132/><G132/><T53/><D53/><U27/><E7/><V111/><F111/><W59/><G17/><T135/><D104/><U61/><E18/><N who="2" m="10719" /><F70/><W86/><G86/><T84/><D135/><U122/><E122/><V34/><F34/><W1/><G1/><T107/><D107/><U131/><E131/><V12/><F13/><W88/><G88/><N who="2" m="33897" /><F66/><W62/><G58/><T52/><D84/><U11/><E128/><V5/><F69/><W92/><G92/><T98/><D98/><N who="1" m="59599" /><E11/><N who="2" m="4207" /><F28/><W99/><G99/><T100/><D100/><U73/><E73/><V97/><F97/><W55/><G49/><N who="0" m="26767" /><D52/><U94/><E94/><V87/><F87/><W35/><G35/><T31/><D31/><U77/><E77/><AGARI ba="3,0" hai="6,10,14,24,26,77,83,85,95,96,102" m="26767" machi="77" ten="30,3900,0" yaku="25,1,8,1,52,1" doraHai="37" who="0" fromWho="1" sc="201,48,307,-48,484,0,8,0" /><INIT seed="7,0,0,5,3,7" ten="249,259,484,8" oya="3" hai0="32,30,80,89,52,81,47,109,92,97,130,116,125" hai1="76,40,70,107,96,56,22,26,68,38,12,91,29" hai2="36,122,120,23,64,21,2,15,71,133,82,126,50" hai3="49,90,129,1,13,66,61,114,124,83,102,6,9"/><W37/><G37/><T28/><D109/><U58/><E70/><V51/><F126/><W128/><G114/><T48/><D116/><U27/><E68/><V75/><F2/><W100/><G124/><T18/><D125/><U11/><E38/><V53/><F51/><W39/><G39/><T112/><D112/><U111/><E40/><V3/><F15/><W62/><G49/><T46/><D130/><N who="3" m="50281" /><G1/><T42/><D32/><U4/><E107/><V20/><F3/><W5/><G5/><T77/><D18/><U119/><E119/><V74/><F36/><W134/><G134/><T72/><D80/><U67/><E76/><V86/><F133/><W10/><G10/><T69/><D69/><U25/><E111/><V108/><F108/><W19/><G19/><T135/><D135/><U103/><E103/><N who="3" m="39466" /><G66/><T85/><D72/><U98/><E67/><V60/><F75/><W63/><G83/><T14/><D14/><U131/><E131/><V88/><F74/><W127/><G127/><T16/><D16/><U34/><E34/><V41/><F41/><W117/><G90/><T65/><D65/><U110/><E110/><V95/><F82/><W118/><AGARI ba="0,0" hai="6,9,13,61,62,63,117,118" m="39466,50281" machi="118" ten="40,3900,0" yaku="19,1,52,1" doraHai="7" who="3" fromWho="3" sc="249,-13,259,-13,484,-13,8,39" /><INIT seed="7,1,0,4,3,113" ten="236,246,471,47" oya="3" hai0="65,9,104,88,55,72,95,100,116,120,106,130,114" hai1="23,92,24,133,103,0,80,102,108,39,63,57,19" hai2="42,11,50,20,3,132,54,97,81,131,121,8,32" hai3="126,84,43,58,78,101,96,124,74,122,66,27,115"/><W60/><G122/><T76/><D120/><U13/><E39/><V28/><F32/><W12/><G115/><T59/><D114/><U18/><E0/><V98/><F42/><W14/><G74/><T36/><D116/><U87/><E133/><V37/><F37/><W31/><G43/><T40/><D65/><N who="1" m="39151" /><E92/><V123/><F131/><W38/><G38/><T125/><D130/><U46/><E46/><V68/><F81/><W69/><G69/><T64/><D64/><U22/><E108/><V105/><F11/><W49/><G49/><T34/><D34/><U67/><E67/><V90/><F90/><AGARI ba="1,0" hai="13,18,19,22,23,24,80,87,90,102,103" m="39151" machi="90" ten="30,1000,0" yaku="8,1" doraHai="113" who="1" fromWho="2" sc="236,0,246,13,471,-13,47,0" owari="236,-16.4,259,5.9,458,55.8,47,-45.3" /></mjloggm>