<mjloggm ver="2.3"><GO type="41" lobby="0"/><UN n0="%76%75%64%64%68%61" n1="%74%6F%6D%6F%6B%61%6F" n2="%69%79%6F%37%37%35" n3="%E2%93%9D%4C%75%63%6B%79%4A" dan="15,14,15,16" rate="1940.46,1986.52,1953.40,2159.93" sx="M,F,M,M"/><TAIKYOKU oya="0"/><INIT seed="0,0,0,3,0,50" ten="250,250,250,250" oya="0" hai0="113,118,23,45,117,83,31,18,85,36,40,74,53" hai1="47,59,3,125,90,130,93,46,101,17,128,2,122" hai2="104,58,60,72,7,91,119,97,70,25,34,6,48" hai3="29,0,123,107,126,64,12,55,28,96,79,30,115"/><T66/><D113/><U129/><E122/><V32/><F72/><W82/><G115/><T80/><D66/><U106/><E125/><V95/><F119/><W27/><G0/><T68/><D68/><U39/><E17/><V10/><F70/><W124/><G64/><T19/><D74/><U33/><E33/><V92/><F104/><W1/><G1/><T99/><D99/><N who="1" m="61759" /><E59/><V98/><F48/><W131/><G131/><T120/><D80/><U134/><E134/><V15/><F6/><W9/><G123/><T22/><D31/><U26/><E26/><V102/><REACH who="2" step="1"/><F25/><REACH who="2" ten="250,250,240,250" step="2"/><W77/><G27/><T8/><D120/><U132/><E132/><V110/><F110/><W105/><G107/><T62/><D117/><U121/><E121/><V81/><F81/><W69/><G82/><T24/><D118/><U94/><E39/><V109/><F109/><W108/><G108/><T76/><D24/><U14/><E94/><V86/><F86/><W16/><G69/><T49/><D62/><U4/><E4/><V52/><AGARI ba="0,1" hai="7,10,15,32,34,52,58,60,91,92,95,97,98,102" machi="52" ten="20,8000,1" yaku="1,1,0,1,7,1,52,1,54,1,53,0" doraHai="50" doraHaiUra="78" who="2" fromWho="2" sc="250,-40,250,-20,240,90,250,-20" /><INIT seed="1,0,0,1,2,70" ten="210,230,330,230" oya="1" hai0="135,128,69,103,7,94,129,116,17,58,118,90,52" hai1="104,29,96,32,33,76,122,88,75,121,2,10,19" hai2="78,91,67,110,108,25,127,37,106,113,66,120,16" hai3="134,124,61,132,115,47,107,63,80,50,53,71,49"/><U111/><E111/><N who="2" m="42539" /><F120/><W105/><G80/><T28/><D69/><U15/><E2/><V27/><F106/><W68/><G115/><T89/><D135/><N who="3" m="51753" /><G107/><T74/><D74/><U117/><E117/><V97/><F113/><W4/><G4/><T83/><D7/><U93/><E104/><V41/><F78/><W131/><G105/><T1/><D1/><U36/><E36/><V38/><F127/><W123/><G123/><T81/><D28/><U12/><E33/><V8/><F41/><N who="3" m="24943" /><G131/><N who="0" m="50251" /><D17/><U133/><E133/><V40/><F40/><W130/><G130/><T98/><D81/><U101/><E101/><V45/><F45/><N who="3" m="27823" /><G124/><T14/><D14/><U39/><E76/><V0/><F0/><W11/><G11/><T35/><D35/><U6/><E75/><V5/><F5/><W102/><G102/><T62/><D83/><U57/><E29/><V60/><F8/><W48/><G48/><T30/><D30/><U85/><E32/><V42/><F42/><W95/><G95/><T18/><D18/><U112/><E112/><V9/><F9/><W79/><G79/><T55/><D116/><U125/><E125/><V99/><F16/><W46/><G46/><T114/><D118/><U22/><E96/><N who="2" m="36939" /><F91/><N who="0" m="34826" /><D114/><U3/><E3/><V54/><F25/><W119/><G119/><T56/><D98/><U87/><E87/><V72/><F27/><W86/><G86/><T31/><D31/><U21/><E121/><V100/><F72/><W126/><G126/><T43/><D103/><U13/><E122/><V26/><F26/><W51/><G51/><N who="0" m="30847" /><D43/><U64/><E19/><RYUUKYOKU ba="0,0" sc="210,15,230,-15,330,-15,230,15" hai0="52,58,62,94" hai3="61,63,68,71" /><INIT seed="2,1,0,1,5,47" ten="225,215,315,245" oya="2" hai0="38,68,39,42,73,7,64,101,86,48,131,25,59" hai1="54,60,91,98,4,88,113,80,26,37,50,45,110" hai2="63,121,55,43,87,99,51,75,23,122,6,128,61" hai3="29,132,100,83,27,24,103,114,21,72,49,3,79"/><V116/><F75/><W104/><G3/><T102/><D73/><U44/><E113/><V95/><F116/><W46/><G114/><T62/><D131/><U65/><E110/><V127/><F128/><W71/><G71/><T70/><D7/><U0/><E0/><V58/><F6/><W126/><G126/><T106/><D86/><N who="1" m="50247" /><E37/><V84/><F127/><W66/><G66/><T74/><D74/><U19/><E4/><V96/><F122/><W124/><G132/><T1/><D1/><U81/><E65/><V115/><F115/><W90/><G104/><T20/><D106/><U85/><E60/><N who="2" m="23115" /><F99/><W34/><G90/><T67/><D67/><U134/><E134/><V133/><F121/><W135/><G135/><T53/><D70/><U93/><E44/><N who="2" m="26015" /><F23/><W30/><REACH who="3" step="1"/><G124/><REACH who="3" ten="225,215,315,235" step="2"/><T28/><D38/><U89/><E26/><V94/><F133/><W57/><G57/><T13/><D13/><U11/><E19/><V41/><F41/><AGARI ba="1,1" hai="21,24,27,29,30,34,41,46,49,72,79,83,100,103" machi="41" ten="30,3900,0" yaku="1,1,7,1,52,1,53,0" doraHai="47" doraHaiUra="33" who="3" fromWho="2" sc="225,0,215,0,315,-42,235,52" /><INIT seed="3,0,0,0,5,122" ten="225,215,273,287" oya="3" hai0="25,12,65,90,46,51,2,11,76,13,37,112,103" hai1="21,70,128,104,121,36,78,74,40,43,67,4,59" hai2="1,92,39,97,102,0,119,22,44,106,132,79,24" hai3="54,41,34,127,17,63,81,89,64,107,71,105,30"/><W135/><G41/><T113/><D37/><U18/><E121/><V32/><F119/><W87/><G135/><T108/><D65/><U28/><E104/><V95/><F132/><W52/><G127/><T60/><D60/><U56/><E70/><V10/><F79/><W93/><G17/><T130/><D76/><U6/><E28/><V111/><F32/><W53/><REACH who="3" step="1"/><G81/><REACH who="3" ten="225,215,273,277" step="2"/><T61/><D113/><U7/><E43/><V126/><F126/><W96/><G96/><T80/><D80/><U94/><E40/><V86/><F39/><W31/><G31/><T91/><D112/><U99/><E36/><V9/><F97/><W82/><G82/><T50/><D130/><U47/><E128/><V69/><F106/><W98/><G98/><T57/><D103/><U129/><E129/><V27/><F102/><W66/><G66/><T125/><D125/><U134/><E67/><V15/><F86/><W16/><G16/><T114/><D114/><U109/><E134/><V88/><F69/><W23/><G23/><T68/><D68/><U58/><E18/><V75/><F22/><W62/><G62/><T33/><D61/><U83/><E21/><V100/><F100/><W117/><G117/><T110/><D33/><U20/><E20/><V73/><F10/><W115/><G115/><T131/><D131/><U120/><E120/><V84/><F9/><W55/><N who="3" m="13312" /><DORA hai="118" /><W49/><G49/><T42/><D50/><U123/><E123/><V124/><F124/><W77/><G77/><T116/><D116/><U101/><E47/><V29/><F29/><W85/><G85/><RYUUKYOKU ba="0,1" sc="225,-15,215,15,273,-15,277,15" hai1="4,6,7,56,58,59,74,78,83,94,99,101,109" hai3="30,34,63,64,71,87,89,93,105,107" /><INIT seed="3,1,1,0,5,72" ten="210,230,258,292" oya="3" hai0="42,85,132,71,55,33,37,128,15,30,20,91,82" hai1="39,106,65,24,40,125,28,41,18,95,88,9,105" hai2="11,121,6,127,50,1,87,10,14,96,52,75,67" hai3="122,129,118,34,81,8,100,110,54,103,36,133,109"/><W117/><G34/><T77/><D128/><U29/><E125/><V99/><F127/><W12/><G36/><T107/><D132/><U98/><E65/><V51/><F75/><W76/><G54/><T21/><D107/><U16/><E29/><V35/><F35/><W5/><G122/><T26/><D71/><U84/><E39/><V97/><F67/><W13/><G13/><T92/><D55/><U89/><E40/><V135/><F135/><W45/><G45/><T25/><D15/><U78/><E41/><V79/><F121/><W115/><G115/><T19/><D42/><U44/><E44/><V134/><F134/><W64/><G64/><T49/><D37/><U112/><E112/><V47/><F50/><W69/><G69/><T32/><REACH who="0" step="1"/><D49/><REACH who="0" ten="200,230,258,292" step="2"/><U108/><E105/><V94/><F1/><W90/><G129/><T2/><D2/><U113/><E113/><V3/><F3/><W46/><G46/><T101/><D101/><U43/><E43/><V73/><F11/><W58/><G133/><T17/><D17/><U53/><E9/><V114/><F114/><W7/><G103/><T27/><D27/><U60/><E18/><V86/><REACH who="2" step="1"/><F94/><REACH who="2" ten="200,230,248,292" step="2"/><W68/><G12/><T38/><D38/><U31/><E95/><V83/><AGARI ba="1,3" hai="6,10,14,47,51,52,73,79,83,86,87,96,97,99" machi="83" ten="30,8000,1" yaku="1,1,2,1,0,1,52,1,54,1,53,0" doraHai="72" doraHaiUra="131" who="2" fromWho="2" sc="200,-21,230,-21,248,113,292,-41" /><INIT seed="4,0,0,3,4,52" ten="179,209,361,251" oya="0" hai0="96,7,24,57,101,4,73,72,47,17,61,64,120" hai1="25,70,53,123,86,69,118,105,135,16,98,79,27" hai2="14,30,45,80,37,91,33,130,124,42,10,94,54" hai3="63,126,110,58,111,112,100,77,133,11,99,9,106"/><T85/><D120/><U75/><E118/><V20/><F124/><W89/><G126/><T84/><D47/><U21/><E123/><V32/><F130/><W82/><G133/><T95/><D72/><U35/><E135/><V122/><F122/><W90/><G112/><T132/><D73/><U19/><E75/><V87/><F33/><W102/><G102/><T117/><D117/><U62/><E79/><V46/><F32/><W38/><G38/><T13/><D132/><U129/><E129/><V60/><F30/><W15/><G11/><T109/><D109/><U8/><E86/><V31/><F31/><W88/><G82/><T3/><D3/><U56/><E8/><V51/><F20/><W66/><REACH who="3" step="1"/><G77/><REACH who="3" ten="179,209,361,241" step="2"/><T2/><D2/><U128/><E128/><V114/><F114/><W116/><G116/><T119/><D119/><U113/><E113/><V5/><F80/><W121/><G121/><T103/><D103/><U127/><E127/><V81/><F81/><W131/><G131/><T41/><D41/><U49/><E105/><V134/><F134/><W28/><G28/><T44/><D44/><U55/><E35/><V97/><F46/><W0/><G0/><T108/><D108/><U43/><E43/><V67/><F37/><W78/><G78/><T83/><D83/><U23/><E98/><V59/><F42/><W50/><G50/><T115/><D115/><U104/><E104/><V26/><F97/><W93/><G93/><T34/><D84/><U1/><E1/><V40/><F40/><W125/><G125/><T12/><D85/><U29/><E29/><RYUUKYOKU ba="0,1" sc="179,-30,209,10,361,10,241,10" hai1="16,19,21,23,25,27,49,53,55,56,62,69,70" hai2="5,10,14,26,45,51,54,59,60,67,87,91,94" hai3="9,15,58,63,66,88,89,90,99,100,106,110,111" /><INIT seed="5,1,1,4,2,52" ten="149,219,371,251" oya="1" hai0="71,47,58,43,29,73,133,119,5,15,9,85,108" hai1="111,82,30,75,50,54,83,128,79,99,32,76,68" hai2="67,109,27,49,34,116,94,21,70,22,38,69,126" hai3="91,90,46,132,20,113,84,129,16,33,41,0,59"/><U88/><E68/><V8/><F109/><W80/><G33/><T114/><D73/><U26/><E111/><V25/><F38/><W48/><G0/><T117/><D71/><U105/><E128/><V121/><F121/><W123/><G129/><T60/><D108/><U77/><E75/><V24/><F116/><W100/><G132/><T124/><D133/><U106/><E82/><V45/><F34/><W72/><G113/><T130/><D114/><U57/><REACH who="1" step="1"/><E99/><REACH who="1" ten="149,209,371,251" step="2"/><V62/><F70/><W115/><G72/><T31/><D130/><U55/><E55/><V53/><F126/><W64/><G115/><T37/><D124/><U17/><E17/><V103/><F8/><W6/><G80/><T125/><D125/><U104/><E104/><V98/><AGARI ba="1,2" hai="21,22,24,25,27,45,49,53,62,67,69,94,98,103" machi="98" ten="30,1100,0" yaku="0,1" doraHai="52" who="2" fromWho="2" sc="149,-4,209,-6,371,34,251,-4" /><INIT seed="6,0,0,3,0,18" ten="145,203,405,247" oya="2" hai0="77,17,14,124,134,71,24,15,83,72,40,97,70" hai1="48,10,33,27,100,28,65,98,122,58,3,51,117" hai2="19,104,34,73,49,0,87,114,41,12,44,84,99" hai3="32,30,39,128,20,57,63,131,74,82,92,43,89"/><V45/><F34/><W85/><G32/><T16/><D124/><U123/><E117/><V78/><F0/><W55/><G43/><T7/><D134/><U96/><E65/><V46/><F73/><W107/><G107/><T127/><D127/><U38/><E38/><V60/><F114/><W21/><G39/><T91/><D24/><U90/><E90/><V115/><F115/><W11/><G11/><T126/><D7/><N who="1" m="1407" /><E58/><V116/><F116/><W54/><G30/><T56/><D126/><U111/><E111/><V105/><F60/><W94/><G55/><T23/><D56/><U119/><E119/><V25/><F25/><W93/><REACH who="3" step="1"/><G74/><REACH who="3" ten="145,203,405,237" step="2"/><T29/><D29/><U108/><E108/><V120/><F105/><W42/><G42/><T68/><D40/><U26/><E28/><V88/><F104/><W130/><AGARI ba="0,1" hai="20,21,54,57,63,82,85,89,92,93,94,128,130,131" machi="130" ten="40,8000,1" yaku="1,1,0,1,19,1,52,2,53,0" doraHai="18" doraHaiUra="61" who="3" fromWho="3" sc="145,-20,203,-20,405,-40,237,90" /><INIT seed="7,0,0,1,5,117" ten="125,183,365,327" oya="3" hai0="93,114,110,66,10,128,120,26,33,65,0,60,42" hai1="69,100,20,31,2,56,52,121,48,101,98,129,135" hai2="102,37,51,99,17,122,124,24,25,29,76,83,103" hai3="53,123,11,94,30,55,86,106,47,85,12,108,34"/><W46/><G106/><T126/><D110/><U36/><E69/><V105/><F37/><W21/><G34/><T131/><D42/><U88/><E36/><V23/><F103/><W64/><G123/><T72/><D72/><U68/><E68/><V9/><F122/><W61/><G108/><T19/><D126/><U82/><E2/><V107/><F124/><W35/><G35/><T84/><D114/><U57/><E121/><V43/><F9/><W1/><G1/><T49/><D120/><U8/><E8/><V32/><F43/><W134/><G134/><T63/><D0/><U97/><E129/><V96/><F51/><W39/><G39/><T58/><D49/><U90/><E57/><V45/><F45/><N who="3" m="16907" /><G64/><T41/><D41/><U5/><E5/><V22/><F32/><W70/><G70/><T127/><D127/><U28/><E135/><V73/><F99/><N who="1" m="37897" /><E20/><V15/><F15/><W38/><G38/><T59/><D33/><U80/><E80/><V54/><F54/><N who="3" m="20491" /><G61/><T3/><D3/><U4/><E4/><V7/><F7/><N who="3" m="3199" /><G94/><AGARI ba="0,0" hai="17,22,23,24,25,29,73,76,83,94,96,102,105,107" machi="94" ten="30,1000,0" yaku="7,1" doraHai="117" who="2" fromWho="3" sc="125,0,183,0,365,10,327,-10" owari="125,-37.5,183,-21.7,375,47.5,317,11.7" /></mjloggm>