<mjloggm ver="2.3"><GO type="41" lobby="0"/><UN n0="%E6%BC%86%E9%BB%92%E3%81%AE%E9%AD%9A%E5%B1%8B" n1="%E6%96%9F%E9%85%8C" n2="%E2%93%9D%4C%75%63%6B%79%4A" n3="%E3%83%8A%E3%82%B9%E3%82%BF%E3%83%BC%E3%82%B7%E3%83%A3" dan="14,13,18,14" rate="1876.11,1926.17,2157.67,1941.93" sx="M,M,M,F"/><TAIKYOKU oya="0"/><INIT seed="0,0,0,2,3,11" ten="250,250,250,250" oya="0" hai0="50,125,21,78,57,20,77,67,37,119,30,120,38" hai1="9,80,82,58,73,112,31,22,96,28,76,48,108" hai2="94,90,5,25,88,53,54,130,39,16,45,33,93" hai3="64,109,12,95,56,121,69,134,52,19,107,0,61"/><T36/><D119/><U135/><E108/><V17/><F5/><W60/><G109/><T131/><D120/><U83/><E135/><V66/><F66/><W23/><G134/><T124/><D131/><U4/><E112/><V27/><F45/><W110/><G107/><T34/><D34/><U47/><E58/><V99/><F33/><W35/><G35/><T79/><D30/><U102/><E22/><N who="0" m="8809" /><D67/><U59/><E59/><V55/><F39/><W105/><G105/><T115/><D57/><U89/><E89/><V6/><F6/><W100/><G110/><T104/><D104/><U42/><E31/><V133/><F133/><W70/><G0/><T101/><D50/><U85/><E28/><V132/><F132/><W84/><G70/><T68/><D115/><U75/><E75/><V91/><F130/><W122/><G100/><T1/><D101/><U8/><E8/><V113/><F113/><W32/><G32/><T106/><D106/><N who="1" m="63815" /><E73/><V49/><F49/><W72/><G72/><T43/><D68/><U118/><E118/><V126/><F126/><N who="0" m="48746" /><D1/><U92/><E92/><N who="2" m="35435" /><F99/><W51/><G61/><T63/><D63/><U128/><E128/><V117/><F117/><W111/><G111/><T40/><AGARI ba="0,0" hai="36,37,38,40,43,77,78,79" m="48746,8809" machi="40" ten="50,9600,0" yaku="28,2,18,1" doraHai="11" who="0" fromWho="0" sc="250,96,250,-32,250,-32,250,-32" /><INIT seed="0,1,0,2,2,17" ten="346,218,218,218" oya="0" hai0="0,39,32,44,116,12,4,41,19,87,23,79,117" hai1="52,69,77,123,5,86,100,121,120,48,92,10,49" hai2="72,33,104,74,90,91,73,60,22,127,96,134,119" hai3="58,68,129,106,112,55,103,54,132,89,24,7,62"/><T56/><D32/><U8/><E69/><V45/><F33/><W67/><G112/><T114/><D114/><U36/><E36/><V75/><N who="2" m="18432" /><DORA hai="11" /><V15/><F127/><W43/><G132/><T135/><D135/><U16/><E49/><V57/><F134/><W102/><G55/><T97/><D56/><U71/><E71/><V53/><F119/><W76/><G76/><T81/><REACH who="0" step="1"/><D97/><REACH who="0" ten="336,218,218,218" step="2"/><U59/><E123/><V122/><F122/><W1/><G68/><T88/><D88/><N who="1" m="53271" /><E121/><V38/><F91/><W29/><G89/><T131/><D131/><U14/><E120/><V31/><F90/><W50/><G129/><T126/><D126/><U21/><E100/><V35/><F35/><W6/><G102/><T20/><D20/><N who="1" m="11287" /><E5/><V82/><F57/><W13/><G103/><T98/><D98/><U3/><E3/><V26/><F96/><W80/><G7/><T124/><D124/><U125/><E125/><V63/><F22/><W40/><G6/><T64/><D64/><U95/><E77/><V130/><F130/><W28/><G1/><T65/><D65/><U107/><E107/><V105/><F105/><W128/><G67/><T51/><D51/><U61/><E48/><V25/><F104/><W110/><G106/><T46/><D46/><U83/><E83/><V42/><F82/><W70/><G80/><T78/><D78/><U101/><E95/><V66/><F66/><W133/><G70/><T93/><D93/><U118/><E118/><V2/><F45/><W108/><G133/><T27/><D27/><U47/><E47/><V99/><F99/><RYUUKYOKU ba="1,1" sc="336,30,218,-10,218,-10,218,-10" hai0="0,4,12,19,23,39,41,44,79,81,87,116,117" /><INIT seed="0,2,1,0,0,112" ten="366,208,208,208" oya="0" hai0="50,84,97,92,126,26,91,98,129,132,87,99,85" hai1="11,108,45,25,55,73,107,7,131,40,80,88,119" hai2="20,58,56,116,32,57,104,65,110,10,4,3,8" hai3="81,64,9,72,5,74,113,83,124,59,128,6,14"/><T120/><D120/><U16/><E107/><V118/><F32/><W42/><G113/><T130/><D26/><U44/><E108/><V63/><F104/><W115/><G115/><T27/><D27/><U49/><E131/><N who="0" m="50185" /><D132/><U18/><E73/><V70/><F110/><W86/><G128/><T41/><D126/><U17/><E119/><N who="2" m="45611" /><F10/><W127/><G42/><T90/><D50/><N who="1" m="29127" /><E25/><V109/><F109/><W78/><G83/><N who="0" m="49439" /><D41/><U62/><E62/><N who="2" m="40247" /><F20/><W93/><G127/><T37/><D37/><U47/><E7/><V21/><F21/><W53/><G5/><T82/><D87/><N who="1" m="50279" /><E47/><V31/><F31/><W134/><G72/><T43/><D43/><U94/><E94/><AGARI ba="2,1" hai="82,85,91,92,94,97,98,99" m="49439,50185" machi="94" ten="30,5800,0" yaku="19,1,34,2" doraHai="112" who="0" fromWho="1" sc="366,74,208,-64,208,0,208,0" /><INIT seed="0,3,0,2,2,57" ten="440,144,208,208" oya="0" hai0="71,49,74,68,113,44,89,19,10,95,124,38,100" hai1="125,25,34,75,87,76,130,105,116,135,108,84,83" hai2="63,134,29,37,54,16,127,72,106,80,56,93,70" hai3="77,53,120,123,28,55,21,129,14,91,22,66,90"/><T131/><D113/><U85/><E25/><V126/><F106/><W48/><G129/><T122/><D122/><U69/><E69/><V82/><F37/><W15/><G77/><T78/><D38/><U119/><E34/><V121/><F121/><W102/><G66/><T51/><D131/><U128/><E105/><V35/><F70/><W24/><G102/><T98/><D124/><N who="2" m="47658" /><F134/><W62/><G62/><T4/><D19/><U7/><E7/><V36/><F36/><W11/><G48/><T96/><D71/><U6/><E6/><V47/><F72/><W9/><G24/><T88/><D68/><U31/><E31/><AGARI ba="3,0" hai="9,11,14,15,21,22,28,31,53,55,90,91,120,123" machi="31" ten="25,1600,0" yaku="22,2" doraHai="57" who="3" fromWho="1" sc="440,0,144,-25,208,0,208,25" /><INIT seed="1,0,0,3,5,88" ten="440,119,208,233" oya="1" hai0="5,8,19,101,2,111,93,55,132,117,49,64,31" hai1="21,120,3,76,110,16,121,41,17,59,14,82,28" hai2="36,85,45,128,80,46,90,29,116,107,83,61,13" hai3="22,119,103,34,86,4,113,118,114,99,97,133,56"/><U63/><E3/><V95/><F116/><N who="3" m="44587" /><G34/><T42/><D111/><U75/><E110/><V94/><F107/><N who="3" m="63983" /><G22/><T12/><D117/><U96/><E41/><V130/><F61/><W69/><G56/><T33/><D132/><U9/><E28/><V81/><F29/><W62/><G4/><T115/><D115/><U54/><REACH who="1" step="1"/><E96/><REACH who="1" ten="440,109,208,233" step="2"/><V87/><F36/><W70/><G133/><T126/><D42/><U72/><E72/><V40/><F40/><W43/><G43/><T35/><D31/><U109/><E109/><V98/><F87/><W7/><G99/><T23/><D2/><U52/><E52/><V26/><F26/><AGARI ba="0,1" hai="9,14,16,17,21,26,54,59,63,75,76,82,120,121" machi="26" ten="30,5800,0" yaku="1,1,7,1,54,1,53,0" doraHai="88" doraHaiUra="38" who="1" fromWho="2" sc="440,0,109,68,208,-58,233,0" /><INIT seed="1,1,0,3,4,125" ten="440,177,150,233" oya="1" hai0="8,40,134,83,81,76,32,17,18,57,70,60,29" hai1="111,106,80,26,105,103,99,4,62,96,93,77,15" hai2="55,126,19,48,120,63,90,25,21,39,127,68,45" hai3="92,89,51,67,131,71,58,112,37,20,56,130,84"/><U100/><E26/><V110/><F120/><W23/><G37/><T66/><D134/><U22/><E22/><V72/><F72/><W102/><G71/><T54/><D40/><U133/><E15/><V28/><F110/><W41/><G67/><T73/><D8/><U114/><E4/><V101/><F101/><W16/><G102/><T82/><D18/><U64/><E114/><V33/><F90/><W27/><G41/><T121/><D121/><U47/><E47/><V113/><F113/><W124/><G51/><T46/><D46/><U104/><E133/><V108/><F108/><W0/><G0/><T52/><D54/><U91/><E111/><V24/><REACH who="2" step="1"/><F39/><REACH who="2" ten="440,177,140,233" step="2"/><W95/><G124/><T65/><D73/><N who="1" m="43055" /><E64/><AGARI ba="1,1" hai="19,21,24,25,28,33,45,48,55,63,64,68,126,127" machi="64" ten="40,2600,0" yaku="1,1,53,1" doraHai="125" doraHaiUra="14" who="2" fromWho="1" sc="440,0,177,-29,140,39,233,0" /><INIT seed="2,0,0,0,1,16" ten="440,148,179,233" oya="2" hai0="9,130,131,46,100,117,132,111,43,63,81,26,127" hai1="5,74,44,18,122,89,17,13,37,35,56,58,68" hai2="76,24,97,106,107,21,61,19,125,27,133,86,39" hai3="75,129,3,54,120,103,10,96,42,124,29,36,71"/><V51/><F39/><W70/><G29/><T1/><D111/><U49/><E35/><V45/><F125/><W14/><G54/><T69/><D127/><U52/><E74/><V50/><F133/><W53/><G124/><T128/><D132/><U60/><E122/><V126/><F126/><W23/><G120/><T112/><D112/><U82/><E37/><V88/><F76/><W101/><G75/><T40/><D100/><U62/><E68/><V105/><F61/><N who="1" m="23657" /><E5/><V102/><F27/><W12/><G53/><T84/><D26/><U79/><E79/><V78/><F78/><W2/><G36/><N who="0" m="21767" /><D43/><U30/><E30/><V8/><F8/><W99/><G42/><T28/><D28/><U4/><E4/><V85/><F86/><W83/><G10/><T110/><D110/><U32/><E32/><V64/><F64/><W38/><G38/><T109/><D109/><U116/><E116/><V34/><F34/><W48/><G48/><T7/><D117/><U98/><E18/><V25/><F25/><W90/><G90/><N who="0" m="51471" /><D63/><U91/><E91/><V20/><F51/><W72/><G72/><T67/><D67/><U0/><E0/><V31/><F31/><W93/><G83/><T57/><D69/><U11/><E98/><V33/><F33/><W66/><G66/><T65/><D65/><U113/><E113/><V104/><F24/><W118/><G118/><T41/><D1/><U55/><E55/><N who="2" m="30159" /><F19/><W15/><G71/><T95/><D9/><U115/><E115/><V135/><F135/><W77/><G70/><T119/><D119/><U94/><E82/><AGARI ba="0,0" hai="20,21,82,85,88,97,102,104,105,106,107" m="30159" machi="82" ten="30,11600,0" yaku="6,1,52,2,54,1" doraHai="16" who="2" fromWho="1" sc="440,0,148,-116,179,116,233,0" /><INIT seed="2,1,0,3,3,80" ten="440,32,295,233" oya="2" hai0="121,55,11,133,111,122,10,41,57,26,13,59,9" hai1="95,56,84,73,1,119,4,129,83,85,49,6,132" hai2="48,18,130,131,62,127,75,76,115,114,23,117,124" hai3="118,33,120,98,39,86,134,20,102,27,65,112,60"/><V14/><F75/><W135/><G120/><T92/><D111/><U88/><E119/><V35/><F76/><W17/><G118/><T87/><D133/><U36/><E36/><V16/><F117/><W25/><G39/><T22/><D41/><U31/><E132/><V71/><F35/><W29/><G112/><N who="2" m="43049" /><F48/><W28/><G17/><N who="0" m="12623" /><D122/><U12/><E73/><V50/><F50/><W32/><G20/><T94/><D121/><U97/><E129/><N who="2" m="49163" /><F62/><W78/><G78/><T45/><D13/><U79/><E1/><V93/><F93/><W30/><G30/><T52/><D45/><U64/><E31/><V44/><F44/><W104/><REACH who="3" step="1"/><G86/><REACH who="3" ten="440,32,295,223" step="2"/><T125/><D125/><N who="2" m="48202" /><F18/><W72/><G72/><T103/><D92/><N who="1" m="54279" /><E12/><V46/><F46/><W82/><G82/><T8/><D94/><U58/><E64/><V126/><F126/><W7/><G7/><N who="1" m="2602" /><E49/><V66/><F66/><W113/><G113/><T19/><D19/><U69/><E69/><AGARI ba="1,1" hai="14,16,23,69,71" m="48202,49163,43049" machi="69" ten="40,7700,0" yaku="19,1,18,1,54,1" doraHai="80" who="2" fromWho="1" sc="440,0,32,-80,295,90,223,0" /><AGARI ba="1,0" hai="25,27,28,29,32,33,60,65,69,98,102,104,134,135" machi="69" ten="40,12000,2" yaku="1,1,9,1,25,2,23,2,53,0" doraHai="80" doraHaiUra="89" who="3" fromWho="1" sc="440,0,-48,-120,385,0,223,120" owari="440,54.0,-168,-66.8,385,18.5,343,-5.7" /></mjloggm>