<mjloggm ver="2.3"><GO type="41" lobby="0"/><UN n0="%E2%93%9D%4C%75%63%6B%79%4A" n1="%E3%82%B5%E3%83%B3%E3%83%9E%E3%81%8A%E3%81%98%E3%81%95%E3%82%93" n2="%74%6F%70%74%74%33" n3="%E5%B7%A8%E4%BA%BA%E3%81%AE%E6%98%9F" dan="17,13,14,14" rate="2128.77,1850.94,1814.19,1852.42" sx="M,M,M,M"/><TAIKYOKU oya="0"/><INIT seed="0,0,0,1,5,3" ten="250,250,250,250" oya="0" hai0="18,102,97,75,120,134,41,60,122,77,76,35,85" hai1="57,4,69,98,78,2,94,23,108,7,25,96,48" hai2="54,11,86,121,31,56,0,83,5,59,87,113,123" hai3="129,106,135,30,95,38,132,90,53,105,12,125,71"/><T14/><D35/><U70/><E2/><V6/><F113/><W15/><G71/><T112/><D112/><U72/><E69/><V68/><F68/><W74/><G38/><T80/><D41/><U63/><E70/><V111/><F31/><W92/><G30/><T107/><D134/><N who="3" m="51241" /><G53/><T82/><REACH who="0" step="1"/><D60/><REACH who="0" ten="240,250,250,250" step="2"/><U47/><E63/><V55/><F123/><W49/><G49/><T117/><D117/><U10/><E48/><V16/><F121/><W51/><G51/><T114/><D114/><U58/><E47/><V29/><F59/><W66/><G66/><T79/><D79/><U39/><E57/><V46/><F46/><W33/><G33/><T20/><AGARI ba="0,1" hai="14,18,20,75,76,77,80,82,85,97,102,107,120,122" machi="20" ten="20,3900,0" yaku="1,1,0,1,7,1,53,0" doraHai="3" doraHaiUra="52" who="0" fromWho="0" sc="240,49,250,-13,250,-13,250,-13" /><INIT seed="0,1,0,0,5,92" ten="289,237,237,237" oya="0" hai0="79,34,10,47,15,97,18,116,109,9,133,28,43" hai1="118,54,35,68,114,55,132,82,33,86,123,83,21" hai2="46,130,93,119,108,80,36,103,49,101,112,78,71" hai3="131,61,3,0,4,85,11,95,41,107,26,117,24"/><T42/><D116/><U87/><E123/><V102/><F71/><W96/><G117/><T122/><D122/><U52/><E118/><V22/><F36/><W12/><G107/><T124/><D124/><U29/><E132/><V65/><F65/><W25/><G131/><T39/><D133/><U13/><E68/><V17/><F119/><W66/><G85/><T59/><D43/><U105/><E105/><V67/><F67/><W70/><REACH who="3" step="1"/><G41/><REACH who="3" ten="289,237,237,227" step="2"/><T106/><D106/><U23/><E114/><V58/><F112/><W125/><G125/><T113/><D42/><U128/><E128/><V64/><F130/><W76/><G76/><T20/><D79/><U81/><E29/><V100/><F108/><W69/><G69/><T30/><D30/><U98/><E98/><V94/><F64/><W7/><G7/><T37/><D113/><U38/><E38/><V44/><F78/><W6/><G6/><T60/><D39/><U72/><E72/><V48/><F48/><W126/><G126/><T134/><D37/><U51/><E51/><V56/><F49/><W90/><AGARI ba="1,1" hai="0,3,4,11,12,24,25,26,61,66,70,90,95,96" machi="90" ten="30,4000,0" yaku="1,1,0,1,52,1,53,0" doraHai="92" doraHaiUra="74" who="3" fromWho="3" sc="289,-21,237,-11,237,-11,227,53" /><INIT seed="1,0,0,0,0,26" ten="268,226,226,280" oya="1" hai0="112,126,31,66,127,30,98,34,53,43,121,32,134" hai1="79,109,113,123,105,20,115,135,76,12,133,116,67" hai2="72,93,51,56,55,99,36,2,91,117,132,130,96" hai3="120,14,47,86,54,84,61,107,69,122,11,24,27"/><U38/><E105/><V85/><F36/><W83/><G107/><T41/><D112/><U129/><E38/><V4/><F72/><W131/><G131/><T101/><D66/><U64/><E116/><V97/><F132/><N who="1" m="50761" /><E123/><V3/><F130/><W21/><G69/><T48/><D134/><U78/><E129/><V33/><F117/><W106/><G106/><N who="0" m="63799" /><D34/><U95/><E95/><V119/><F119/><W124/><G86/><T90/><D90/><U75/><E75/><V50/><F4/><W108/><G27/><T39/><D32/><U22/><E12/><V128/><F128/><W77/><G108/><T18/><D18/><U92/><E92/><V94/><F33/><W7/><G124/><N who="0" m="47659" /><D121/><U71/><E109/><V100/><F3/><W13/><G13/><T46/><D43/><U28/><E71/><V68/><F2/><W88/><G77/><T80/><D80/><U87/><E87/><V82/><F68/><W52/><G54/><T6/><D6/><U111/><E111/><V74/><F74/><W104/><G104/><T62/><D62/><U73/><E73/><V110/><F110/><W70/><G70/><T19/><D19/><U60/><E60/><V65/><F65/><N who="1" m="25161" /><E115/><V25/><F82/><W89/><G89/><T118/><D118/><U103/><E103/><V40/><F40/><W29/><G61/><T81/><D81/><U5/><E5/><V49/><F49/><W17/><G7/><T10/><D10/><U114/><E20/><V102/><F50/><AGARI ba="0,0" hai="11,14,17,21,24,29,47,50,52,83,84,88,120,122" machi="50" ten="40,8000,1" yaku="25,2,52,1,54,2" doraHai="26" who="3" fromWho="2" sc="268,0,226,0,226,-80,280,80" /><INIT seed="2,0,0,5,1,98" ten="268,226,146,360" oya="2" hai0="1,53,37,135,76,116,115,84,35,21,43,78,28" hai1="126,52,88,42,65,83,77,57,68,12,92,97,20" hai2="3,85,70,5,81,0,101,26,109,111,4,31,102" hai3="54,67,51,27,133,93,58,48,38,108,2,95,32"/><V63/><F3/><W124/><G2/><T69/><D69/><U61/><E42/><V82/><F82/><W24/><G38/><T99/><D35/><U94/><E94/><N who="3" m="35850" /><G32/><T66/><D115/><U40/><E40/><V11/><F5/><W39/><G39/><T29/><D135/><U106/><E106/><V134/><F134/><W60/><G133/><T25/><D66/><U89/><E89/><N who="2" m="51375" /><F63/><W121/><G121/><T14/><D78/><U64/><E126/><V129/><F129/><W10/><G108/><N who="2" m="41545" /><F70/><W62/><G10/><T8/><D8/><U34/><E34/><AGARI ba="0,0" hai="0,4,11,26,31,34,101,102" m="41545,51375" machi="34" ten="30,11600,0" yaku="14,1,10,1,52,2" doraHai="98" who="2" fromWho="1" sc="268,0,226,-116,146,116,360,0" /><INIT seed="2,1,0,5,5,23" ten="268,110,262,360" oya="2" hai0="28,78,81,72,5,13,70,37,68,20,1,83,66" hai1="74,80,100,84,58,79,50,102,113,82,116,111,14" hai2="4,18,135,36,51,26,120,69,54,43,9,118,47" hai3="107,92,31,106,12,103,94,112,125,87,62,39,110"/><V55/><F120/><W95/><G39/><T8/><D66/><U49/><E113/><V45/><F118/><W29/><G112/><T32/><D83/><U77/><E116/><V127/><F69/><W105/><G62/><T60/><D60/><U76/><E111/><V21/><F127/><W30/><G110/><T91/><D91/><U34/><E34/><V88/><F135/><W25/><G125/><T109/><D109/><U97/><E14/><V128/><F128/><W108/><G108/><T44/><D20/><U85/><E58/><V59/><F88/><W126/><G126/><T99/><D99/><U61/><E61/><V48/><F9/><W123/><G123/><T3/><D13/><U38/><E38/><V67/><F4/><W119/><G12/><T96/><D96/><U132/><E132/><V73/><F73/><W17/><G119/><T89/><D89/><U124/><E124/><V10/><F10/><W42/><G42/><N who="0" m="22607" /><D3/><U65/><E65/><V16/><F67/><W15/><G87/><N who="1" m="33354" /><E97/><V131/><REACH who="2" step="1"/><F131/><REACH who="2" ten="268,110,252,360" step="2"/><W52/><G103/><N who="1" m="39466" /><E74/><V40/><F40/><W7/><G7/><T2/><D2/><U104/><E104/><V46/><F46/><W98/><G98/><T75/><D75/><U115/><E115/><V22/><F22/><W129/><G129/><T53/><D70/><U63/><E63/><V27/><F27/><W134/><G134/><T57/><D68/><U122/><E122/><V93/><F93/><W117/><G117/><T0/><D72/><U33/><E33/><V24/><F24/><W35/><G107/><T6/><D32/><RYUUKYOKU ba="1,1" sc="268,-15,110,15,252,15,360,-15" hai1="49,50,76,77,79,80,82" hai2="16,18,21,26,36,43,45,47,48,51,54,55,59" /><INIT seed="2,2,1,1,3,39" ten="253,125,267,345" oya="2" hai0="114,129,60,84,88,25,24,99,93,22,102,4,125" hai1="49,94,66,38,72,116,15,31,71,119,46,32,95" hai2="135,57,109,37,130,17,7,63,5,70,78,20,8" hai3="81,40,96,62,34,104,122,100,54,33,83,80,115"/><V64/><F37/><W14/><G122/><T55/><D114/><U73/><E38/><V76/><F135/><W134/><G115/><T11/><D125/><U108/><E66/><V123/><F123/><W59/><G134/><T41/><D129/><U103/><E71/><V111/><F130/><W50/><REACH who="3" step="1"/><G14/><REACH who="3" ten="253,125,267,335" step="2"/><T26/><D41/><U52/><E15/><N who="2" m="5535" /><F70/><W89/><G89/><T21/><D4/><U106/><E116/><V128/><F5/><W16/><G16/><T28/><D11/><U1/><E119/><V9/><F128/><W120/><G120/><T45/><D22/><U35/><E1/><V61/><F9/><W29/><G29/><T53/><D28/><U74/><E31/><V3/><F3/><W105/><G105/><T87/><D21/><U126/><E106/><V77/><F17/><W69/><G69/><T101/><D102/><U82/><E103/><V68/><F20/><W75/><G75/><T132/><D132/><U6/><E73/><V121/><F121/><W127/><G127/><T56/><D101/><U124/><E74/><V19/><F19/><W92/><G92/><T117/><D117/><U23/><E124/><V10/><F10/><W43/><G43/><T118/><D118/><U112/><E72/><V133/><F133/><W107/><G107/><T51/><AGARI ba="2,2" hai="24,25,26,45,51,53,55,56,60,84,87,88,93,99" machi="51" ten="30,4000,0" yaku="0,1,8,1,54,1" doraHai="39" who="0" fromWho="0" sc="253,66,125,-12,267,-22,335,-12" /><INIT seed="3,0,0,3,2,94" ten="319,113,245,323" oya="3" hai0="36,61,9,81,50,115,38,27,105,49,54,122,29" hai1="126,106,111,66,33,22,18,132,89,7,39,45,1" hai2="14,10,40,21,112,134,16,11,65,97,28,5,17" hai3="86,37,93,13,35,74,78,117,32,125,71,69,130"/><W43/><G117/><T58/><D105/><U108/><E33/><V119/><F112/><W76/><G74/><T2/><D122/><U8/><E126/><V20/><F119/><W120/><G120/><T31/><D115/><U83/><E106/><V104/><F40/><W121/><G121/><T113/><D113/><U41/><E132/><V34/><F34/><W91/><G125/><T15/><D2/><U19/><E66/><V107/><F107/><W3/><G3/><T73/><D38/><U0/><E0/><V114/><F114/><W48/><G37/><T95/><D36/><U90/><E19/><V85/><F134/><W24/><G130/><T79/><D95/><U128/><E128/><V131/><F65/><W80/><G76/><T129/><D31/><U4/><E4/><V77/><F5/><W70/><G13/><T98/><D98/><U6/><E6/><V62/><F62/><W12/><G12/><T52/><D54/><U102/><E102/><V60/><F60/><W26/><G35/><T110/><D110/><N who="1" m="42027" /><E83/><V64/><F64/><W46/><REACH who="3" step="1"/><G32/><REACH who="3" ten="319,113,245,313" step="2"/><T30/><D129/><U55/><E39/><V75/><F131/><W87/><AGARI ba="0,1" hai="24,26,43,46,48,69,70,71,78,80,86,87,91,93" machi="87" ten="30,6000,0" yaku="1,1,2,1,0,1,53,0" doraHai="94" doraHaiUra="68" who="3" fromWho="3" sc="319,-20,113,-20,245,-20,313,70" /><INIT seed="3,1,0,0,4,4" ten="299,93,225,383" oya="3" hai0="82,11,36,53,125,84,21,91,63,111,76,102,33" hai1="48,130,6,62,43,27,28,97,15,32,7,120,68" hai2="0,61,112,23,54,44,95,78,92,70,41,1,46" hai3="131,133,83,105,29,52,106,75,113,126,20,55,116"/><W96/><G116/><T12/><D33/><U25/><E120/><V49/><F112/><W107/><G113/><T13/><D36/><U135/><E135/><V74/><F78/><W5/><G133/><T31/><D111/><U122/><E122/><V51/><F1/><W132/><G132/><T81/><D102/><U39/><E39/><V85/><F0/><W37/><G37/><T108/><D125/><U59/><E68/><V72/><F95/><W38/><G38/><T66/><D53/><U109/><E109/><V16/><F85/><W58/><G126/><T45/><D45/><U73/><E73/><V57/><F92/><W56/><G96/><T89/><D82/><U40/><E130/><V123/><F70/><W90/><G5/><T10/><D31/><U101/><E27/><V104/><F104/><W87/><G75/><T79/><D21/><U77/><E77/><N who="0" m="29769" /><D91/><U94/><E48/><V128/><F128/><W93/><G131/><T14/><D108/><U80/><E80/><V88/><F88/><W8/><G83/><T129/><D129/><U64/><E40/><V71/><F71/><W35/><G35/><T30/><D30/><U99/><E43/><V67/><F123/><W69/><G69/><T42/><D42/><U119/><E119/><V24/><AGARI ba="1,0" hai="16,23,24,41,44,46,49,51,54,57,61,67,72,74" machi="24" ten="20,2700,0" yaku="0,1,7,1,54,1" doraHai="4" who="2" fromWho="2" sc="299,-8,93,-8,225,30,383,-14" /><INIT seed="4,0,0,1,3,59" ten="291,85,255,369" oya="0" hai0="42,15,20,122,98,40,77,34,87,48,121,9,92" hai1="52,10,111,17,109,67,57,55,132,131,71,96,70" hai2="32,60,126,33,1,80,8,108,89,106,102,51,103" hai3="31,125,85,99,25,44,18,64,135,3,21,16,4"/><T93/><D34/><U127/><E127/><V58/><F108/><W62/><G125/><T66/><D66/><U6/><E17/><V68/><F68/><W61/><G135/><T28/><D122/><U7/><E132/><V110/><F110/><W134/><G134/><T84/><D121/><U50/><E131/><V119/><F126/><W133/><G133/><T37/><D37/><U0/><E6/><V112/><F33/><W41/><G64/><T65/><D65/><U53/><E53/><V45/><F32/><W54/><G3/><T107/><D107/><U22/><E22/><V43/><F106/><W12/><G41/><T82/><D87/><U26/><E26/><V47/><F47/><W101/><G85/><T130/><D93/><U38/><E38/><V11/><F119/><W13/><G4/><N who="0" m="3495" /><D48/><U19/><E19/><N who="3" m="7210" /><G99/><T81/><D82/><U86/><E86/><N who="2" m="50375" /><F1/><W29/><G101/><N who="2" m="38409" /><F112/><W120/><G31/><T30/><D30/><U118/><E96/><V88/><F88/><W91/><G91/><N who="0" m="55583" /><D130/><U39/><E39/><V79/><F79/><W78/><G78/><T104/><D104/><U46/><E118/><V14/><F14/><N who="3" m="5739" /><G120/><T75/><D75/><U24/><E111/><V114/><F43/><W74/><G74/><T69/><D69/><U123/><E123/><V2/><F2/><W115/><G115/><T116/><D116/><U36/><E36/><V117/><F114/><W76/><G76/><T95/><D95/><U124/><E124/><V128/><F128/><W94/><G94/><T97/><D97/><U105/><E71/><V129/><F129/><RYUUKYOKU ba="0,0" sc="291,15,85,-15,255,-15,369,15" hai0="20,28,40,42,77,81,84" hai3="21,25,29,44,54,61,62" /><INIT seed="4,1,0,0,4,36" ten="306,70,240,384" oya="0" hai0="103,123,101,62,28,102,119,76,65,52,13,53,29" hai1="34,113,105,33,20,21,128,74,111,124,5,19,15" hai2="109,7,39,10,78,68,135,120,11,25,83,61,97" hai3="0,118,30,110,104,96,98,59,73,129,49,27,40"/><T51/><D123/><U94/><E74/><V89/><F120/><W4/><G118/><T45/><D119/><U106/><E111/><V70/><F70/><W31/><G110/><T131/><D131/><U84/><E128/><V43/><F109/><W48/><G73/><T108/><D108/><U112/><E124/><V81/><F25/><W126/><G104/><T14/><D76/><U26/><E5/><V132/><F61/><W44/><G126/><T122/><D122/><U91/><E105/><V54/><F54/><N who="3" m="32199" /><G0/><T115/><D115/><N who="1" m="44107" /><E106/><V71/><F11/><W95/><G4/><T69/><REACH who="0" step="1"/><D53/><REACH who="0" ten="296,70,240,384" step="2"/><U121/><E121/><V130/><F130/><W12/><G129/><T63/><D63/><U17/><AGARI ba="1,1" hai="15,17,19,20,21,26,33,34,84,91,94" m="44107" machi="17" ten="30,2000,0" yaku="15,1,11,1" doraHai="36" who="1" fromWho="1" sc="296,-11,70,33,240,-6,384,-6" /><INIT seed="5,0,0,3,4,102" ten="285,103,234,378" oya="1" hai0="108,26,88,92,35,56,37,122,2,101,4,22,132" hai1="57,36,110,13,109,133,53,34,121,105,91,85,42" hai2="119,124,61,79,15,73,33,32,25,30,44,27,14" hai3="20,74,82,41,11,95,98,69,60,117,8,94,39"/><U65/><E34/><V64/><F119/><W72/><G117/><T9/><D108/><N who="1" m="41579" /><E121/><V66/><F124/><W45/><G20/><T16/><D122/><U107/><E133/><V116/><F116/><W81/><G69/><T59/><D37/><U80/><E65/><V29/><F44/><W19/><G60/><T21/><D101/><U46/><E13/><V10/><F79/><W62/><G62/><AGARI ba="0,0" hai="36,42,46,53,57,62,80,85,91,105,107" m="41579" machi="62" ten="30,5800,0" yaku="10,1,52,2" doraHai="102" who="1" fromWho="3" sc="285,0,103,58,234,0,378,-58" /><INIT seed="5,1,0,0,2,51" ten="285,161,234,320" oya="1" hai0="7,68,63,62,83,29,11,99,76,9,107,90,0" hai1="120,46,19,100,59,55,14,117,25,88,39,60,115" hai2="78,106,27,129,24,122,73,15,135,111,54,12,112" hai3="41,121,84,124,95,8,132,3,10,20,98,52,65"/><U114/><E120/><V75/><F106/><W67/><G121/><T48/><D29/><U113/><E117/><V71/><F71/><W91/><G3/><T108/><D108/><U53/><E100/><V5/><F122/><W89/><G41/><T118/><D11/><N who="3" m="4137" /><G124/><T104/><D118/><U47/><E25/><V96/><F96/><W80/><G20/><T26/><D26/><U128/><E128/><V97/><F97/><W101/><G132/><T64/><D63/><U44/><E39/><V133/><F5/><W85/><G101/><T94/><REACH who="0" step="1"/><D48/><REACH who="0" ten="275,161,234,320" step="2"/><N who="1" m="28807" /><E88/><V130/><F78/><W79/><G91/><T1/><D1/><U43/><E43/><V57/><F111/><W134/><G134/><T2/><D2/><U116/><E116/><V131/><F27/><W23/><G23/><AGARI ba="1,1" hai="14,19,23,46,47,55,59,60,113,114,115" m="28807" machi="23" ten="30,5800,0" yaku="15,1,52,2" doraHai="51" who="1" fromWho="3" sc="275,0,161,71,234,0,320,-61" /><INIT seed="5,2,0,5,5,133" ten="275,232,234,259" oya="1" hai0="55,119,27,44,13,91,134,16,43,0,85,39,76" hai1="110,109,1,100,40,47,61,117,92,32,81,116,36" hai2="135,15,24,131,104,10,50,31,121,132,48,75,94" hai3="77,102,38,14,103,99,20,34,68,96,19,79,89"/><U56/><E1/><V84/><F104/><W17/><G68/><T18/><D119/><U124/><E32/><V126/><F75/><W51/><G34/><T112/><D0/><U88/><E81/><V127/><F121/><W4/><G38/><T41/><D134/><N who="2" m="51242" /><F131/><W54/><G89/><T42/><D112/><U53/><E100/><N who="3" m="38442" /><G4/><T80/><D27/><U60/><E60/><V120/><F120/><W73/><G73/><T3/><D3/><U111/><REACH who="1" step="1"/><E124/><REACH who="1" ten="275,222,234,259" step="2"/><N who="2" m="47659" /><F84/><AGARI ba="2,1" hai="36,40,47,53,56,61,84,88,92,109,110,111,116,117" machi="84" ten="40,18000,2" yaku="1,1,10,1,54,1,53,3" doraHai="133" doraHaiUra="122" who="1" fromWho="2" sc="275,0,222,196,234,-186,259,0" /><INIT seed="5,3,0,5,2,102" ten="275,418,48,259" oya="1" hai0="117,79,15,55,51,114,82,67,99,123,10,14,40" hai1="129,101,4,83,23,131,111,29,25,126,135,2,112" hai2="61,48,113,93,5,58,125,6,35,89,90,31,115" hai3="91,100,127,132,17,33,88,44,64,37,20,34,0"/><U13/><E111/><V96/><F125/><W103/><G0/><T38/><D117/><U120/><E120/><V57/><F31/><W59/><G127/><T85/><D38/><U105/><E126/><V9/><F35/><W110/><G110/><T8/><D67/><U49/><E49/><V133/><F133/><W97/><G132/><T76/><D114/><U63/><E112/><N who="2" m="43083" /><F48/><W42/><G103/><T7/><D99/><N who="1" m="61631" /><E63/><V21/><F89/><W60/><G34/><T27/><D123/><U86/><E2/><N who="2" m="183" /><F6/><W3/><G3/><T1/><D1/><U73/><E73/><V94/><F94/><W53/><G64/><T107/><D51/><U50/><E50/><V45/><F45/><W121/><G33/><T81/><D7/><U124/><E124/><V134/><F134/><W66/><G66/><T46/><D46/><U119/><E119/><V54/><F21/><W47/><G47/><T106/><D55/><U68/><E135/><V19/><F19/><W116/><G116/><T43/><D85/><U95/><E95/><V69/><F58/><W24/><G121/><T56/><D56/><U16/><E4/><V108/><F108/><W74/><G74/><T26/><AGARI ba="3,0" hai="8,10,14,15,26,27,40,43,76,79,81,82,106,107" machi="26" ten="25,8000,1" yaku="0,1,22,2,52,2" doraHai="102" who="0" fromWho="0" sc="275,89,418,-43,48,-23,259,-23" /><INIT seed="6,0,0,5,0,90" ten="364,375,25,236" oya="2" hai0="34,102,27,91,123,86,114,45,89,115,32,13,63" hai1="76,109,58,44,125,15,36,9,113,88,62,7,35" hai2="21,103,78,3,1,108,26,20,133,105,18,56,31" hai3="112,37,48,118,55,104,87,92,101,106,59,49,25"/><V41/><F133/><W83/><G37/><T12/><D102/><U130/><E35/><N who="0" m="13353" /><D123/><U77/><E109/><V24/><F108/><W42/><G118/><T135/><D91/><U40/><E113/><N who="0" m="43017" /><D135/><U134/><E125/><V17/><F31/><W95/><G112/><T23/><D63/><U47/><E130/><V75/><F41/><W84/><G25/><T33/><N who="0" m="13361" /><T4/><DORA hai="57" /><D4/><U19/><E47/><V111/><F111/><W117/><G117/><T129/><D45/><U127/><E127/><V116/><F116/><W126/><G126/><T22/><D23/><U14/><E88/><V121/><F121/><W128/><G128/><T96/><D96/><U16/><E7/><V74/><F78/><W73/><G73/><T39/><D39/><U51/><E36/><V132/><F132/><W5/><G5/><T97/><D97/><U71/><E71/><V110/><F110/><W65/><G101/><T122/><D122/><U54/><E134/><V2/><F56/><W98/><G98/><AGARI ba="0,0" hai="1,2,3,17,18,20,21,24,26,74,75,98,103,105" machi="98" ten="40,2000,0" yaku="9,1" doraHai="90,57" who="2" fromWho="3" sc="364,0,375,0,25,20,236,-20" /><INIT seed="6,1,0,1,2,78" ten="364,375,45,216" oya="2" hai0="117,51,70,35,71,6,0,48,17,26,10,109,81" hai1="34,18,7,102,83,19,75,134,36,82,111,54,68" hai2="39,89,104,59,94,47,14,127,114,125,60,97,8" hai3="93,100,56,23,58,87,41,61,27,86,103,52,9"/><V96/><F114/><W112/><G112/><T69/><D109/><U3/><E34/><V88/><F104/><W32/><G32/><T12/><D117/><U65/><E36/><V76/><F76/><W115/><G41/><T16/><D17/><U98/><E75/><V33/><F33/><W43/><G43/><T2/><D81/><U53/><E7/><V25/><F25/><W42/><G42/><T1/><REACH who="0" step="1"/><D6/><REACH who="0" ten="354,375,45,216" step="2"/><U108/><E108/><V129/><F129/><W131/><G131/><T74/><D74/><U45/><E111/><V107/><F107/><W21/><G115/><T110/><D110/><U113/><E113/><V13/><F39/><W101/><G93/><T133/><D133/><U62/><E134/><V135/><F135/><W64/><G9/><T20/><D20/><N who="3" m="7753" /><G27/><T30/><AGARI ba="1,1" hai="0,1,2,10,12,16,26,30,35,48,51,69,70,71" machi="30" ten="40,8000,1" yaku="1,1,0,1,54,1,53,2" doraHai="78" doraHaiUra="44" who="0" fromWho="0" sc="354,93,375,-21,45,-41,216,-21" /><INIT seed="7,0,0,5,1,49" ten="447,354,4,195" oya="3" hai0="54,76,20,123,21,34,73,27,17,112,0,133,103" hai1="46,70,58,10,120,38,51,3,39,45,83,121,48" hai2="25,115,98,35,7,91,86,42,97,19,71,130,52" hai3="118,126,59,109,47,111,131,41,69,67,96,114,110"/><W22/><G22/><T1/><D103/><U65/><E3/><N who="0" m="1097" /><D54/><U18/><E10/><V84/><F7/><W129/><G96/><T40/><D40/><U14/><E14/><V100/><F42/><W33/><G33/><T11/><D76/><U9/><E9/><V31/><F71/><W44/><G69/><T16/><D73/><U74/><E18/><N who="0" m="7273" /><D123/><N who="1" m="47179" /><E83/><V93/><F130/><N who="3" m="49675" /><G118/><T57/><D57/><U2/><E2/><V15/><F115/><W85/><G114/><T61/><D61/><N who="1" m="40239" /><E74/><V23/><F84/><W37/><G85/><T24/><D133/><U107/><E107/><V80/><F98/><W134/><G47/><T117/><D117/><U105/><E105/><V64/><F64/><W6/><G6/><T4/><D112/><U108/><E108/><N who="3" m="27650" /><W77/><DORA hai="72" /><G77/><T66/><D66/><U28/><E45/><V135/><F135/><W81/><G81/><T106/><D106/><U119/><E119/><V55/><AGARI ba="0,0" hai="15,19,23,25,31,35,52,55,80,86,91,93,97,100" machi="55" ten="30,7900,0" yaku="0,1,52,2,54,1" doraHai="49,72" who="2" fromWho="2" sc="447,-20,354,-20,4,79,195,-39" owari="427,52.7,334,13.4,83,-41.7,156,-24.4" /></mjloggm>