<mjloggm ver="2.3"><GO type="41" lobby="0"/><UN n0="%E3%83%97%E3%83%AA%E3%83%B3%E3%83%97%E3%83%AA%E3%83%B3" n1="%45%69%6E%73%74%65%69%6E" n2="%E2%93%9D%4C%75%63%6B%79%4A" n3="%E3%81%BE%E3%83%BC%E3%81%AB%E3%82%83%E3%82%93%33" dan="13,15,17,14" rate="1902.39,2043.59,2149.51,1877.85" sx="M,M,M,M"/><TAIKYOKU oya="0"/><INIT seed="0,0,0,0,3,53" ten="250,250,250,250" oya="0" hai0="92,13,18,89,49,68,5,116,66,105,43,104,106" hai1="30,128,59,23,118,75,114,122,19,100,25,67,71" hai2="119,132,115,6,121,35,102,124,88,16,41,47,108" hai3="95,56,135,57,58,44,74,27,26,83,42,3,91"/><T70/><D5/><U94/><E118/><V52/><F115/><W39/><G3/><T117/><D43/><U107/><E122/><V45/><F35/><W69/><G69/><T80/><D80/><U97/><E128/><V61/><F102/><W63/><G135/><T113/><D113/><U29/><E114/><V46/><F108/><W101/><G101/><T2/><D2/><U31/><E75/><V48/><F121/><W76/><REACH who="3" step="1"/><G63/><REACH who="3" ten="250,250,250,240" step="2"/><T20/><D70/><U60/><REACH who="1" step="1"/><E71/><REACH who="1" ten="250,240,250,240" step="2"/><V10/><F132/><W82/><G82/><T40/><D68/><U133/><E133/><V98/><F119/><W1/><G1/><T24/><D116/><U93/><AGARI ba="0,2" hai="19,23,25,29,30,31,59,60,67,93,94,97,100,107" machi="93" ten="30,4000,0" yaku="1,1,0,1,52,1,53,0" doraHai="53" doraHaiUra="72" who="1" fromWho="1" sc="250,-20,240,60,250,-10,240,-10" /><INIT seed="1,0,0,3,2,76" ten="230,300,240,230" oya="1" hai0="73,49,15,78,97,121,22,0,85,66,109,3,17" hai1="93,80,47,51,105,64,37,100,57,23,32,34,9" hai2="132,31,72,24,45,131,102,114,53,86,67,77,58" hai3="25,50,19,112,79,40,28,89,118,62,16,60,11"/><U5/><E105/><V113/><F72/><W69/><G112/><N who="2" m="43113" /><F102/><W125/><G125/><T126/><D126/><U12/><E37/><V74/><F74/><W116/><G79/><T110/><D121/><U127/><E127/><V4/><F4/><W7/><G89/><T90/><D66/><U92/><E34/><V26/><F67/><W39/><G39/><T33/><D33/><U108/><E32/><V94/><F45/><W18/><G40/><T30/><D30/><U96/><E108/><N who="0" m="41577" /><D97/><U120/><E120/><V111/><F131/><W117/><G50/><T14/><D78/><U95/><E23/><V1/><F31/><W43/><G43/><T130/><D73/><U115/><E115/><V46/><F46/><W55/><G55/><T10/><D130/><U35/><E35/><V99/><F1/><W133/><G133/><T81/><D49/><U41/><REACH who="1" step="1"/><E80/><REACH who="1" ten="230,290,240,230" step="2"/><N who="2" m="47375" /><F111/><W48/><G116/><T103/><D22/><U27/><E27/><V68/><F26/><W106/><G106/><T54/><D81/><U29/><E29/><V61/><F24/><W107/><G25/><T101/><D10/><U122/><E122/><V83/><F83/><W124/><G107/><T84/><D14/><U44/><E44/><V36/><F36/><W123/><G28/><T65/><D15/><U119/><E119/><V13/><F13/><W56/><G123/><T88/><D0/><U52/><E52/><V87/><F53/><N who="3" m="31783" /><G124/><T71/><D3/><U8/><E8/><V104/><F104/><W91/><G118/><T128/><D54/><U70/><E70/><V82/><F68/><RYUUKYOKU ba="0,1" sc="230,-10,290,30,240,-10,230,-10" hai1="5,9,12,41,47,51,57,64,92,93,95,96,100" /><INIT seed="1,1,1,4,3,60" ten="220,320,230,220" oya="1" hai0="49,35,4,38,91,39,53,62,52,3,132,125,99" hai1="122,124,67,78,8,1,135,118,16,0,114,17,32" hai2="37,74,36,89,107,80,50,68,13,81,41,59,87" hai3="73,69,110,34,29,130,103,45,86,51,65,102,112"/><U101/><E78/><V88/><F68/><W134/><G112/><T111/><D35/><U55/><E101/><V104/><F13/><W61/><G110/><T119/><D111/><U121/><E55/><V11/><F11/><W58/><G130/><T26/><D119/><U105/><E105/><V123/><F123/><N who="1" m="47113" /><E67/><V19/><F19/><N who="1" m="7241" /><E114/><V95/><F50/><W92/><G134/><T120/><D132/><U24/><E135/><V56/><F41/><W40/><G73/><T14/><D120/><U43/><E43/><V18/><F18/><W23/><G34/><T85/><D39/><U15/><E118/><V6/><F6/><W5/><G5/><T21/><D38/><U84/><E84/><V71/><F71/><W63/><G86/><T117/><D117/><U76/><E76/><V82/><F37/><W93/><G93/><T12/><D53/><U10/><E124/><V131/><F36/><W116/><G116/><T22/><D85/><U47/><E47/><V98/><F59/><W20/><G92/><T97/><D125/><U83/><E83/><N who="2" m="31819" /><F56/><W96/><G103/><T9/><D97/><U126/><E126/><V127/><F127/><W79/><G79/><T72/><D99/><U115/><E115/><V109/><F109/><W106/><G29/><T70/><D72/><U75/><E75/><V30/><F30/><W25/><G25/><T94/><D26/><U7/><E10/><V42/><F42/><W31/><G31/><AGARI ba="1,1" hai="0,1,7,8,15,24,31,32" m="7241,47113" machi="31" ten="30,5800,0" yaku="34,2,54,1" doraHai="60" who="1" fromWho="3" sc="220,0,320,71,230,0,220,-61" /><INIT seed="1,2,0,4,0,128" ten="220,391,230,159" oya="1" hai0="63,25,91,122,16,117,108,14,59,34,133,27,73" hai1="107,120,75,3,86,48,42,113,54,6,82,125,105" hai2="60,13,26,69,38,71,53,96,114,129,28,15,41" hai3="44,76,58,94,130,112,97,23,40,80,12,33,84"/><U90/><E113/><V123/><F114/><W30/><G112/><T66/><D73/><U50/><E120/><V98/><F123/><W81/><G130/><T87/><D122/><U2/><E125/><V103/><F129/><W9/><G33/><T102/><D34/><U10/><E2/><V79/><F79/><W31/><G23/><T22/><D117/><U88/><E75/><V126/><F41/><W37/><G58/><T93/><D108/><U118/><E118/><V43/><F43/><W11/><G81/><T131/><D131/><U67/><E67/><V119/><F38/><W45/><G45/><T70/><D133/><U121/><E121/><V61/><F53/><W49/><G37/><T115/><D115/><U19/><E19/><V104/><F126/><W56/><G56/><T62/><REACH who="0" step="1"/><D102/><REACH who="0" ten="210,391,230,159" step="2"/><U17/><E107/><V89/><F104/><W29/><REACH who="3" step="1"/><G12/><REACH who="3" ten="210,391,230,149" step="2"/><T65/><AGARI ba="2,2" hai="14,16,22,25,27,59,62,63,65,66,70,87,91,93" machi="65" ten="20,8000,1" yaku="1,1,2,1,0,1,7,1,54,1,53,0" doraHai="128" doraHaiUra="78" who="0" fromWho="0" sc="210,106,391,-42,230,-22,149,-22" /><INIT seed="2,0,0,1,3,56" ten="316,349,208,127" oya="2" hai0="101,122,82,5,2,129,33,40,16,97,61,54,25" hai1="78,132,39,17,91,69,62,113,66,0,98,29,14" hai2="4,60,117,74,85,114,26,81,109,9,71,7,18" hai3="102,11,107,134,21,118,103,32,47,88,12,58,131"/><V31/><F114/><W34/><G118/><T43/><D122/><U110/><E0/><V64/><F117/><W50/><G131/><T92/><D129/><U127/><E39/><V38/><F74/><W125/><G125/><T1/><D1/><U87/><E113/><V126/><F38/><W51/><G134/><T100/><D100/><U3/><E3/><V8/><F126/><W46/><G21/><T41/><D82/><U42/><E42/><V6/><F18/><W72/><G72/><T35/><D5/><U67/><E29/><V79/><REACH who="2" step="1"/><F109/><REACH who="2" ten="316,349,198,127" step="2"/><W36/><G36/><T28/><D16/><U86/><E110/><V130/><F130/><W63/><G107/><T13/><D2/><U95/><E127/><V22/><AGARI ba="0,1" hai="4,6,7,8,9,22,26,31,60,64,71,79,81,85" machi="22" ten="30,11700,0" yaku="1,1,0,1,52,1,53,1" doraHai="56" doraHaiUra="19" who="2" fromWho="2" sc="316,-39,349,-39,198,127,127,-39" /><INIT seed="2,1,0,2,0,59" ten="277,310,325,88" oya="2" hai0="80,117,5,24,2,65,6,46,89,83,45,40,121" hai1="58,95,88,32,119,64,77,86,125,108,25,18,21" hai2="17,10,73,42,129,33,43,67,128,111,53,72,44" hai3="69,16,133,28,91,4,11,127,132,31,41,79,82"/><V62/><F33/><W57/><G69/><T135/><D121/><U87/><E119/><V85/><F85/><W112/><G127/><T63/><D117/><U3/><E108/><V0/><F53/><W54/><G41/><T34/><D34/><U126/><E3/><V118/><F118/><W99/><G112/><T78/><D135/><N who="3" m="51785" /><G91/><T96/><D2/><U15/><E77/><V68/><F43/><W36/><G99/><T29/><D96/><U26/><E86/><V107/><F107/><W90/><G90/><T12/><D89/><U106/><E106/><V14/><F0/><N who="3" m="391" /><G36/><T76/><D40/><U116/><E116/><V84/><F84/><N who="3" m="48223" /><G16/><T124/><D124/><N who="1" m="47723" /><E32/><V9/><F10/><W109/><G109/><T97/><D97/><U49/><E49/><AGARI ba="1,0" hai="28,31,49,54,57" m="48223,391,51785" machi="49" ten="30,1000,0" yaku="20,1" doraHai="59" who="3" fromWho="1" sc="277,0,310,-13,325,0,88,13" /><INIT seed="3,0,0,5,2,99" ten="277,297,325,101" oya="3" hai0="9,112,35,95,70,91,105,43,0,121,107,122,64" hai1="108,21,1,131,38,26,127,94,22,104,69,79,13" hai2="132,110,30,120,48,84,113,46,57,61,51,2,45" hai3="27,89,125,7,97,133,47,123,68,72,40,87,67"/><W80/><G123/><T60/><D35/><U5/><E104/><V63/><F2/><W78/><G125/><T37/><D112/><U25/><E69/><V65/><F30/><W15/><G133/><T119/><D119/><U83/><E38/><V135/><F84/><W58/><G68/><T90/><D90/><U50/><E108/><V81/><F81/><W118/><G118/><T59/><D9/><U11/><E131/><V86/><F86/><W130/><G130/><T54/><D0/><U75/><E127/><V14/><F14/><W109/><G109/><T126/><D126/><U10/><E50/><V17/><F17/><W88/><G27/><T114/><D114/><U20/><REACH who="1" step="1"/><E94/><REACH who="1" ten="277,287,325,101" step="2"/><V116/><F110/><W134/><G134/><N who="2" m="51241" /><F113/><W55/><G67/><T36/><D105/><U32/><E32/><V34/><F34/><W8/><G72/><T74/><D107/><U18/><AGARI ba="0,1" hai="1,5,10,11,13,18,20,21,22,25,26,75,79,83" machi="18" ten="30,2000,0" yaku="1,1,0,1,53,0" doraHai="99" doraHaiUra="29" who="1" fromWho="1" sc="277,-5,287,30,325,-5,101,-10" /><INIT seed="4,0,0,4,5,102" ten="272,317,320,91" oya="0" hai0="8,26,4,134,69,65,85,50,129,104,37,135,18" hai1="20,56,112,15,71,120,9,53,34,116,82,27,48" hai2="106,2,30,96,126,117,123,43,44,110,78,0,16" hai3="63,121,29,109,17,64,122,75,87,36,91,52,32"/><T100/><D37/><U45/><E116/><V39/><F123/><W73/><G109/><T19/><D26/><U118/><E71/><V130/><F110/><W42/><G32/><T68/><D129/><U59/><E118/><V94/><F78/><W11/><G29/><T81/><D50/><U23/><E120/><N who="3" m="46186" /><G36/><T125/><D125/><U22/><E112/><V127/><F30/><W46/><G42/><T25/><D25/><U89/><E27/><V51/><F130/><W66/><G66/><T60/><D69/><U77/><E34/><V47/><F117/><W113/><G113/><T90/><D4/><U21/><N who="1" m="5120" /><DORA hai="38" /><U31/><E31/><V10/><F106/><W97/><G97/><N who="0" m="61455" /><D8/><U111/><E111/><V58/><F58/><N who="3" m="35271" /><G46/><T57/><D57/><U24/><E24/><V93/><F96/><W28/><G28/><T119/><D119/><U70/><E70/><V103/><F39/><W101/><G101/><T98/><D98/><U131/><E131/><V49/><F103/><W107/><G64/><T1/><D1/><U7/><REACH who="1" step="1"/><E89/><REACH who="1" ten="272,307,320,91" step="2"/><V61/><F127/><W13/><G107/><T105/><D105/><U114/><E114/><V14/><F126/><W79/><G79/><T108/><D108/><U86/><AGARI ba="0,1" hai="7,9,15,45,48,53,56,59,77,82,86" m="5120" machi="86" ten="40,5200,0" yaku="1,1,0,1,8,1,53,0" doraHai="102,38" doraHaiUra="67,133" who="1" fromWho="1" sc="272,-26,307,62,320,-13,91,-13" /><INIT seed="5,0,0,5,5,105" ten="246,369,307,78" oya="1" hai0="84,58,135,111,28,20,100,133,89,24,42,9,25" hai1="27,126,79,109,34,112,87,62,59,4,23,103,50" hai2="72,69,0,95,3,99,63,43,88,73,5,67,127" hai3="60,6,12,80,15,78,77,55,37,92,120,110,119"/><U30/><E112/><V90/><F43/><W46/><G110/><T83/><D111/><U18/><E126/><V117/><F117/><W14/><G120/><T57/><D42/><U68/><E109/><V116/><F116/><W26/><G119/><T36/><D36/><U115/><E115/><V94/><F127/><W65/><G92/><T11/><D100/><U132/><E132/><V35/><F35/><W114/><G114/><T124/><D124/><U16/><E4/><V102/><F102/><W51/><G37/><T134/><REACH who="0" step="1"/><D25/><REACH who="0" ten="236,369,307,78" step="2"/><U107/><E103/><V47/><F47/><W118/><G26/><T29/><D29/><U33/><E27/><V128/><F128/><W19/><G118/><T8/><AGARI ba="0,1" hai="8,9,11,20,24,28,57,58,83,84,89,133,134,135" machi="8" ten="40,5200,0" yaku="1,1,0,1,20,1,53,0" doraHai="105" doraHaiUra="70" who="0" fromWho="0" sc="236,62,369,-26,307,-13,78,-13" /><INIT seed="6,0,0,3,0,73" ten="298,343,294,65" oya="2" hai0="41,78,113,117,49,52,22,91,11,103,70,50,120" hai1="6,53,38,114,133,81,80,59,18,5,3,77,46" hai2="39,26,90,130,24,94,67,66,87,69,79,88,134" hai3="75,34,100,132,33,98,28,122,101,127,74,45,1"/><V56/><F39/><W0/><G122/><T109/><D70/><U76/><E114/><V102/><F69/><W71/><G127/><T121/><D103/><U55/><E133/><V86/><F134/><W123/><G132/><T111/><D91/><U116/><E116/><V93/><F102/><W118/><G123/><T15/><D22/><U63/><E3/><V51/><F130/><W21/><G21/><T99/><D99/><U36/><E18/><V62/><F67/><W30/><G118/><T10/><D15/><U29/><E29/><V106/><F106/><W64/><G45/><T37/><D37/><U107/><E107/><V95/><F79/><N who="1" m="30281" /><E38/><V108/><F108/><W42/><G42/><T7/><D78/><U31/><E31/><V112/><F112/><W43/><G43/><T23/><D117/><U13/><E36/><V82/><REACH who="2" step="1"/><F51/><REACH who="2" ten="298,343,284,65" step="2"/><W96/><G71/><T40/><D113/><U19/><E81/><AGARI ba="0,1" hai="24,26,56,62,66,81,82,86,87,88,90,93,94,95" machi="81" ten="40,12000,1" yaku="1,1,2,1,9,1,8,1,54,1,53,0" doraHai="73" doraHaiUra="17" who="2" fromWho="1" sc="298,0,343,-120,284,130,65,0" /><INIT seed="6,1,0,0,4,65" ten="298,223,414,65" oya="2" hai0="102,61,30,39,55,92,1,47,21,25,124,4,125" hai1="5,16,84,120,37,123,32,121,78,48,119,40,117" hai2="97,12,36,45,89,94,24,109,98,73,87,57,59" hai3="63,103,127,34,101,77,86,19,38,67,23,20,70"/><V49/><F36/><W130/><G34/><T91/><D102/><U35/><E37/><V96/><F73/><W132/><G127/><T114/><D114/><U116/><E78/><V85/><F109/><W71/><G38/><T75/><D75/><U10/><E84/><V76/><F24/><W8/><G8/><T43/><D4/><U60/><E60/><V126/><F126/><W64/><G130/><T53/><D1/><N who="1" m="303" /><E48/><V29/><F29/><W68/><G132/><T3/><D3/><U99/><E99/><V17/><F87/><W104/><G23/><T52/><REACH who="0" step="1"/><D61/><REACH who="0" ten="288,223,414,65" step="2"/><U46/><E40/><N who="2" m="24743" /><F76/><W128/><G128/><T50/><D50/><U108/><E46/><V44/><F44/><W88/><G63/><T107/><D107/><U41/><E41/><V105/><F105/><W58/><G103/><T74/><D74/><U115/><E115/><V28/><F28/><W90/><G101/><T111/><D111/><U54/><E108/><V11/><AGARI ba="1,1" hai="11,12,17,57,59,85,89,94,96,97,98" m="24743" machi="11" ten="30,1500,0" yaku="8,1" doraHai="65" who="2" fromWho="2" sc="288,-6,223,-6,414,28,65,-6" /><INIT seed="6,2,0,0,3,4" ten="282,217,442,59" oya="2" hai0="73,41,91,59,16,115,94,48,114,121,36,29,65" hai1="83,88,98,105,27,61,100,134,40,22,26,131,43" hai2="66,35,124,79,96,30,34,54,64,122,45,68,25" hai3="67,107,44,120,127,99,90,132,93,19,89,33,38"/><V56/><F122/><W78/><G120/><T13/><D73/><U110/><E110/><V2/><F2/><W70/><G33/><T14/><D14/><U39/><E131/><V118/><F118/><W62/><G127/><T77/><D121/><U42/><E134/><V11/><F68/><W21/><G132/><T103/><D103/><U24/><E22/><V95/><F79/><W135/><G135/><T15/><D15/><U109/><E109/><V5/><F45/><W133/><G133/><T130/><D77/><U23/><E61/><V28/><F124/><W81/><G107/><T72/><D72/><U47/><REACH who="1" step="1"/><E23/><REACH who="1" ten="282,207,442,59" step="2"/><V60/><F35/><W111/><G111/><T9/><D130/><U92/><E92/><V74/><F34/><W3/><G3/><T126/><D126/><U101/><E101/><V116/><F95/><W123/><G123/><T69/><D114/><U18/><E18/><V106/><F60/><W76/><G19/><T10/><D115/><U128/><E128/><V119/><F119/><W117/><G21/><T104/><D104/><U86/><AGARI ba="2,1" hai="24,26,27,39,40,42,43,47,83,86,88,98,100,105" machi="86" ten="30,7900,0" yaku="1,1,0,1,54,1,53,1" doraHai="4" doraHaiUra="85" who="1" fromWho="1" sc="282,-22,207,95,442,-41,59,-22" /><INIT seed="7,0,0,4,2,115" ten="260,302,401,37" oya="3" hai0="40,46,92,117,104,61,90,112,94,109,35,2,8" hai1="7,101,80,134,22,30,4,15,78,132,91,6,37" hai2="53,51,122,1,119,38,86,135,64,89,121,100,62" hai3="0,11,32,106,118,10,36,65,27,70,71,105,108"/><W56/><G118/><T130/><D117/><U66/><E37/><V93/><F119/><W50/><G108/><T63/><D104/><U116/><E116/><V81/><F38/><W97/><G50/><T96/><D35/><U43/><E43/><V133/><F1/><W48/><G48/><T23/><D109/><U47/><E101/><V34/><F34/><W14/><G56/><T126/><D112/><U84/><E47/><N who="2" m="27903" /><F100/><N who="3" m="62607" /><G14/><T44/><D126/><U113/><E113/><V55/><F55/><W82/><G11/><T69/><D69/><U125/><E125/><V79/><F62/><N who="3" m="40247" /><G82/><T25/><D130/><U98/><E66/><V21/><F64/><W120/><G106/><T13/><D2/><U103/><E91/><V52/><F52/><W114/><G120/><N who="2" m="46185" /><F21/><W9/><G114/><T68/><D68/><U45/><E45/><V75/><AGARI ba="0,0" hai="75,79,81,86,89,93,133,135" m="46185,27903" machi="75" ten="30,1100,0" yaku="13,1" doraHai="115" who="2" fromWho="2" sc="260,-3,302,-3,401,11,37,-5" owari="257,-14.3,299,9.9,412,51.2,32,-46.8" /></mjloggm>