<mjloggm ver="2.3"><GO type="41" lobby="0"/><UN n0="%E3%81%A4%E3%81%89%E3%82%93%E3%81%8C" n1="%E2%93%9D%4C%75%63%6B%79%4A" n2="%E3%83%9F%E3%82%B2%E3%83%BC%E3%83%AB%E6%94%B9" n3="%E3%81%BF%E3%81%8B%E3%82%93%E3%81%82%E3%82%81" dan="15,18,15,15" rate="2011.60,2212.18,2028.45,1950.27" sx="M,M,M,F"/><TAIKYOKU oya="0"/><INIT seed="0,0,0,4,1,11" ten="250,250,250,250" oya="0" hai0="113,21,64,14,93,82,120,2,130,96,54,117,3" hai1="102,16,45,49,34,90,40,51,31,126,58,131,129" hai2="115,119,10,103,46,67,71,15,100,122,65,6,134" hai3="86,133,62,37,69,127,42,12,114,57,13,52,1"/><T92/><D120/><U72/><E72/><V39/><F122/><W109/><G114/><T91/><D113/><U128/><E102/><V17/><F115/><W123/><G123/><T28/><D117/><U98/><E31/><V32/><F119/><W76/><G1/><T85/><D130/><U125/><E34/><V22/><F32/><W7/><G109/><T56/><D64/><U47/><E90/><V29/><F134/><W79/><G69/><T9/><D2/><U77/><E77/><V27/><F71/><W87/><G87/><T73/><D3/><U101/><E16/><V26/><F67/><W23/><G133/><T59/><D73/><U61/><E98/><V4/><F65/><W97/><G97/><T66/><D66/><N who="1" m="39223" /><E101/><V18/><F46/><W33/><G33/><T68/><D68/><U105/><E105/><V44/><F44/><W81/><G127/><N who="1" m="48650" /><E47/><V75/><F39/><AGARI ba="0,0" hai="39,40,45,49,51,128,129,131" m="48650,39223" machi="39" ten="40,8000,1" yaku="19,1,18,1,34,2" doraHai="11" who="1" fromWho="2" sc="250,0,250,80,250,-80,250,0" /><INIT seed="1,0,0,4,1,104" ten="250,330,170,250" oya="1" hai0="81,90,79,99,82,18,134,72,100,57,113,103,68" hai1="132,50,102,83,112,117,34,44,0,62,121,46,66" hai2="98,130,39,122,80,77,6,84,36,64,13,91,120" hai3="15,105,58,24,33,61,55,29,43,32,125,88,16"/><U70/><E0/><V89/><F130/><W3/><G3/><T1/><D68/><U9/><E34/><V119/><F64/><W12/><G125/><T93/><D1/><U96/><E112/><V56/><F119/><W37/><G105/><T78/><D57/><U75/><E121/><V107/><F56/><W28/><G37/><T31/><D31/><U101/><E132/><V126/><F39/><W95/><G43/><T87/><D18/><U63/><E117/><V54/><F36/><W128/><G128/><T53/><D53/><U17/><E63/><V4/><F54/><W38/><G38/><T14/><D14/><U116/><E102/><N who="0" m="38953" /><D134/><U52/><E116/><V8/><F4/><W85/><REACH who="3" step="1"/><G16/><REACH who="3" ten="250,330,170,240" step="2"/><T48/><D48/><U118/><E17/><V25/><F126/><W110/><G110/><T30/><D30/><U49/><E118/><V5/><F25/><AGARI ba="0,1" hai="12,15,24,25,28,29,32,33,55,58,61,85,88,95" machi="25" ten="40,8000,1" yaku="1,1,9,1,54,1,53,2" doraHai="104" doraHaiUra="11" who="3" fromWho="2" sc="250,0,330,0,170,-80,240,90" /><INIT seed="2,0,0,5,3,8" ten="250,330,90,330" oya="2" hai0="86,73,134,51,15,108,126,72,128,23,131,91,61" hai1="27,5,97,24,122,79,37,110,124,34,29,31,49" hai2="3,63,96,0,112,1,44,42,109,84,17,45,98" hai3="50,135,99,102,69,32,80,93,67,100,125,81,89"/><V64/><F112/><W68/><G32/><T14/><D108/><U88/><E37/><V78/><F109/><W107/><G69/><T111/><D111/><U13/><E110/><V16/><F84/><W62/><G135/><T117/><D117/><U76/><E124/><V40/><F78/><W53/><G102/><T65/><D134/><U82/><E49/><V54/><F64/><W46/><REACH who="3" step="1"/><G125/><REACH who="3" ten="250,330,90,320" step="2"/><T115/><D126/><U28/><E34/><V7/><F63/><W132/><G132/><T90/><D115/><U30/><E31/><V35/><F35/><W75/><G75/><T120/><D73/><U94/><E122/><V127/><F127/><W92/><G92/><T121/><D72/><U130/><E130/><N who="0" m="49705" /><D121/><U43/><E82/><V105/><F105/><W106/><G106/><T66/><D120/><U104/><E104/><V58/><F7/><W36/><G36/><T114/><D51/><U25/><E43/><V74/><F74/><W10/><G10/><AGARI ba="0,1" hai="5,10,13,24,25,27,28,29,30,76,79,88,94,97" machi="10" ten="40,5200,0" yaku="8,1,52,1,54,1" doraHai="8" who="1" fromWho="3" sc="250,0,330,62,90,0,320,-52" /><INIT seed="3,0,0,1,4,68" ten="250,392,90,268" oya="3" hai0="116,47,37,77,119,24,36,40,110,132,107,18,0" hai1="59,27,113,108,7,106,101,5,1,121,69,20,11" hai2="23,66,33,13,62,123,73,21,133,75,35,65,120" hai3="111,57,91,78,126,74,94,8,71,76,112,32,104"/><W79/><G112/><T2/><D18/><U131/><E69/><V60/><REACH who="2" step="1"/><F13/><REACH who="2" ten="250,392,80,268" step="2"/><W38/><G111/><T12/><D110/><U93/><E108/><V49/><F49/><W58/><G126/><T55/><D12/><U43/><E113/><V87/><F87/><W14/><G104/><T52/><D107/><U31/><E106/><V109/><F109/><W80/><G71/><T16/><D119/><U118/><E118/><V44/><F44/><W134/><G134/><AGARI ba="0,1" hai="21,23,33,35,60,62,65,66,73,75,120,123,133,134" machi="134" ten="25,6400,0" yaku="21,2,22,2,53,0" doraHai="68" doraHaiUra="83" who="2" fromWho="3" sc="250,0,392,0,80,74,268,-64" /><INIT seed="4,0,0,4,3,87" ten="250,392,154,204" oya="0" hai0="54,108,123,7,132,9,42,57,13,74,11,49,129" hai1="78,1,64,35,71,68,28,69,88,16,115,52,10" hai2="83,81,25,27,110,116,37,67,104,56,133,36,90" hai3="101,82,134,124,119,77,65,5,111,76,19,41,22"/><T89/><D123/><U99/><E78/><V59/><F110/><W112/><G111/><T15/><D74/><U8/><E64/><V20/><F104/><W117/><G65/><T109/><D129/><U24/><E1/><V93/><F67/><W113/><G5/><T120/><D120/><U86/><E99/><V114/><F114/><N who="3" m="44139" /><G41/><T96/><D132/><U102/><E102/><V14/><F133/><W12/><G124/><T6/><D42/><U100/><E100/><V50/><F14/><W30/><G30/><T73/><REACH who="0" step="1"/><D73/><REACH who="0" ten="240,392,154,204" step="2"/><U63/><E115/><V55/><F116/><W26/><G134/><T51/><D51/><U53/><E71/><V44/><F37/><W38/><G38/><T98/><D98/><U130/><E130/><V127/><F36/><W84/><G119/><T106/><D106/><U103/><E69/><V33/><F127/><W23/><G117/><T70/><D70/><U47/><E68/><V85/><F33/><W126/><G126/><T97/><D97/><U80/><E35/><V94/><F27/><W46/><G26/><T43/><D43/><U122/><E122/><V125/><F125/><W107/><G107/><T2/><D2/><U4/><E24/><V17/><F94/><AGARI ba="0,1" hai="6,7,9,11,13,15,49,54,57,89,94,96,108,109" machi="94" ten="40,7700,0" yaku="1,1,9,1,52,1,53,0" doraHai="87" doraHaiUra="34" who="0" fromWho="2" sc="240,87,392,0,154,-77,204,0" /><INIT seed="4,1,0,3,4,35" ten="327,392,77,204" oya="0" hai0="42,56,58,78,84,14,107,61,28,103,94,10,32" hai1="111,0,113,105,69,97,122,29,13,33,47,121,36" hai2="132,101,17,52,116,1,5,21,90,24,76,108,100" hai3="129,106,120,20,114,27,46,44,126,92,99,8,57"/><T71/><D107/><U91/><E13/><V62/><F108/><W55/><G114/><T23/><D32/><U50/><E91/><V104/><F132/><W127/><G106/><T70/><D42/><U65/><E111/><V15/><F116/><W16/><G129/><T109/><D109/><U80/><E80/><V79/><F104/><W67/><G67/><T9/><D71/><U19/><E19/><V119/><F90/><W54/><G54/><T72/><D70/><U88/><E50/><V135/><F1/><W31/><G120/><T130/><D72/><U34/><E0/><V37/><F37/><W68/><G68/><T59/><D130/><U18/><E18/><V7/><F135/><W115/><G115/><T11/><D78/><N who="2" m="29738" /><F119/><W48/><G127/><T45/><D45/><U66/><E47/><V12/><F12/><N who="3" m="7175" /><G126/><T93/><D84/><U112/><E69/><V41/><F41/><W74/><G74/><T64/><D94/><U73/><E105/><V96/><F96/><W89/><AGARI ba="1,0" hai="20,27,31,44,46,48,55,57,89,92,99" m="7175" machi="89" ten="30,2000,0" yaku="8,1,54,1" doraHai="35" who="3" fromWho="3" sc="327,-11,392,-6,77,-6,204,23" /><INIT seed="5,0,0,2,0,10" ten="316,386,71,227" oya="1" hai0="92,41,124,44,34,62,52,76,1,80,115,119,78" hai1="71,86,51,94,97,100,131,49,29,72,70,95,30" hai2="132,74,73,130,102,99,11,37,60,36,39,6,101" hai3="46,103,43,2,23,32,88,135,91,133,123,125,129"/><U85/><E97/><V55/><F130/><W127/><G32/><T121/><D119/><U40/><E40/><V93/><F132/><N who="3" m="50763" /><G2/><T21/><D34/><U35/><E35/><V84/><F102/><W64/><G64/><T22/><D1/><U79/><E79/><V12/><F84/><W47/><G123/><T18/><D115/><U83/><E100/><V89/><F101/><W48/><G103/><T61/><D121/><U117/><E83/><V28/><F28/><W75/><G75/><T3/><D3/><U33/><E33/><V59/><AGARI ba="0,0" hai="6,11,12,36,37,39,55,59,60,73,74,89,93,99" machi="59" ten="40,2700,0" yaku="0,1,52,1" doraHai="10" who="2" fromWho="2" sc="316,-7,386,-13,71,27,227,-7" /><INIT seed="6,0,0,5,2,7" ten="309,373,98,220" oya="2" hai0="63,85,70,124,3,28,13,30,57,56,100,22,43" hai1="53,105,120,131,26,125,115,64,102,48,126,73,80" hai2="54,84,25,14,109,118,29,97,129,79,81,35,15" hai3="69,123,65,71,6,52,55,68,27,59,135,58,23"/><V0/><F118/><W9/><G123/><T17/><D124/><U91/><E64/><V75/><F129/><W108/><G108/><T96/><D3/><U31/><E102/><V103/><F0/><W74/><G74/><T77/><D43/><U38/><E38/><V1/><F1/><W101/><G101/><T110/><D110/><U41/><E41/><V36/><F36/><W12/><G135/><T86/><D70/><U132/><E115/><V61/><F109/><W82/><G82/><T45/><D45/><U24/><E26/><V121/><F121/><W11/><G11/><T95/><D57/><U89/><E105/><V42/><F42/><W37/><G37/><T119/><D119/><U128/><E132/><V46/><F75/><W127/><G127/><N who="1" m="48650" /><E80/><V134/><F134/><W113/><G113/><T32/><D77/><U87/><E87/><N who="0" m="33289" /><D32/><N who="1" m="20583" /><E73/><V10/><F10/><W44/><G44/><T20/><D20/><U99/><E120/><V39/><F39/><W34/><G34/><T98/><D98/><U21/><E99/><V117/><F117/><W72/><G72/><T78/><D78/><U40/><E21/><V18/><F18/><W107/><G107/><T51/><D51/><U114/><E114/><V94/><REACH who="2" step="1"/><F61/><REACH who="2" ten="309,373,88,220" step="2"/><W8/><G8/><T104/><D63/><U4/><E40/><V67/><F67/><W93/><G65/><T2/><D17/><U19/><E19/><V47/><F47/><W66/><G66/><T16/><D2/><U33/><E4/><V112/><F112/><W133/><G133/><T116/><D116/><U62/><E62/><RYUUKYOKU ba="0,1" sc="309,-10,373,-10,88,30,220,-10" hai2="14,15,25,29,35,46,54,79,81,84,94,97,103" /><INIT seed="6,1,1,0,4,86" ten="299,363,118,210" oya="2" hai0="17,26,64,78,130,11,71,85,106,118,23,88,69" hai1="111,5,76,20,83,14,101,27,60,84,128,47,29" hai2="54,62,42,6,70,66,37,102,44,39,122,40,100" hai3="67,32,129,115,13,134,87,109,114,35,51,91,12"/><V52/><F6/><W46/><G109/><T96/><D130/><U135/><E111/><V105/><F105/><W108/><G108/><T97/><D118/><U56/><E135/><V19/><F122/><W63/><G134/><T59/><D71/><U74/><E128/><V28/><F28/><W81/><G129/><T41/><D69/><U34/><E47/><N who="2" m="23951" /><F19/><W121/><G121/><T53/><D41/><U117/><E117/><V112/><F102/><W120/><G120/><T104/><D64/><U33/><E101/><V58/><F100/><W50/><G50/><N who="0" m="31159" /><D106/><U24/><E27/><V124/><F124/><W1/><G1/><T132/><D132/><U79/><E79/><V22/><F22/><W125/><G125/><T2/><D2/><U93/><E5/><V116/><F116/><W25/><G25/><T16/><D78/><U4/><E4/><V82/><F82/><W73/><G73/><T9/><D104/><U57/><E74/><V127/><F127/><W45/><G45/><T126/><D126/><U110/><E110/><V72/><F72/><W90/><G35/><T43/><D43/><U75/><E34/><V77/><F77/><N who="3" m="46511" /><G32/><T133/><D133/><U21/><E33/><V80/><F80/><W95/><G95/><N who="0" m="54671" /><D9/><U30/><E75/><V49/><F54/><N who="3" m="30071" /><G13/><AGARI ba="1,1" hai="11,13,16,17,23,26,96,97" m="54671,31159" machi="13" ten="30,7700,0" yaku="8,1,52,1,54,2" doraHai="86" who="0" fromWho="3" sc="299,90,363,0,118,0,210,-80" /><INIT seed="7,0,0,3,4,118" ten="389,363,118,130" oya="3" hai0="39,72,61,116,96,43,52,20,17,7,111,108,34" hai1="57,79,77,93,62,66,1,50,85,60,82,130,117" hai2="54,109,68,9,69,74,58,32,4,70,53,95,11" hai3="132,33,8,134,26,10,128,121,22,40,3,31,133"/><W46/><G128/><T78/><D34/><U37/><E37/><V45/><F74/><W21/><G46/><T30/><D30/><U64/><E1/><V102/><F109/><W91/><G91/><T113/><D116/><U73/><E117/><V13/><F32/><W71/><G40/><T110/><D7/><U55/><E130/><V63/><F11/><N who="3" m="4139" /><G71/><T86/><D72/><U92/><E79/><V5/><F5/><W80/><G80/><T98/><D39/><U23/><E23/><N who="3" m="8714" /><G3/><T18/><D43/><U129/><E129/><V42/><F54/><W100/><G100/><T105/><D52/><U104/><E104/><V120/><F120/><AGARI ba="0,0" hai="26,31,33,120,121,132,133,134" m="8714,4139" machi="120" ten="40,12000,1" yaku="20,1,34,2,52,2" doraHai="118" who="3" fromWho="2" sc="389,0,363,0,118,-120,130,120" owari="389,48.9,363,16.3,-2,-50.2,250,-15.0" /></mjloggm>