<mjloggm ver="2.3"><GO type="41" lobby="0"/><UN n0="%E3%81%BF%E3%81%AA%E3%81%A5%E3%81%8D%E3%81%BB%E3%81%9F%E3%82%8B" n1="%48%41%4C%55" n2="%E2%93%9D%4C%75%63%6B%79%4A" n3="%E3%83%8F%E3%83%A0%E3%82%B9%E3%82%BF%E3%83%BC%E3%81%AE%E7%8E%8B%E6%A7%98" dan="14,15,17,14" rate="1927.02,2003.28,2166.74,1999.49" sx="M,M,M,M"/><TAIKYOKU oya="0"/><INIT seed="0,0,0,1,1,101" ten="250,250,250,250" oya="0" hai0="53,102,20,21,85,24,22,43,17,39,89,63,52" hai1="28,25,18,106,30,86,71,12,134,62,15,59,110" hai2="23,64,73,129,35,133,77,123,117,124,112,72,37" hai3="50,41,32,16,87,103,131,68,75,96,84,31,114"/><T81/><D102/><U0/><E110/><V125/><RYUUKYOKU type="yao9" ba="0,0" sc="250,0,250,0,250,0,250,0" hai2="23,35,37,64,72,73,77,112,117,123,124,125,129,133" /><INIT seed="0,1,0,5,2,131" ten="250,250,250,250" oya="0" hai0="107,38,119,25,134,59,7,50,51,45,81,54,1" hai1="79,85,72,4,42,14,120,111,20,46,26,78,66" hai2="99,36,64,28,135,93,123,22,84,32,49,63,60" hai3="104,88,114,130,43,8,94,96,19,53,37,57,58"/><T23/><D119/><U76/><E120/><V82/><F36/><W15/><G114/><T105/><D38/><U97/><E111/><V44/><F32/><W133/><G130/><T128/><D128/><U124/><E72/><V121/><F63/><W73/><G73/><T17/><D134/><U83/><E124/><V125/><F125/><W2/><G133/><T108/><D108/><U132/><E132/><V61/><F61/><W110/><G110/><T71/><D71/><U68/><E68/><V52/><F135/><W102/><G2/><T62/><D51/><N who="1" m="27095" /><E66/><V3/><F3/><W27/><G27/><T112/><D112/><U0/><E97/><V41/><F41/><W101/><G101/><T122/><D122/><U56/><E56/><V90/><F28/><W29/><G53/><T127/><D127/><U109/><E0/><V18/><F60/><W80/><G29/><T69/><D69/><U92/><E92/><V129/><F64/><W113/><G80/><T65/><REACH who="0" step="1"/><D81/><REACH who="0" ten="240,250,250,250" step="2"/><U75/><E109/><V100/><REACH who="2" step="1"/><F129/><REACH who="2" ten="240,250,240,250" step="2"/><W87/><REACH who="3" step="1"/><G113/><REACH who="3" ten="240,250,240,240" step="2"/><T30/><D30/><U39/><E39/><V103/><F103/><W5/><G5/><T48/><D48/><U115/><E4/><V95/><F95/><W11/><G11/><AGARI ba="1,3" hai="1,7,11,17,23,25,45,50,54,59,62,65,105,107" machi="11" ten="40,2000,0" yaku="1,1,53,0" doraHai="131" doraHaiUra="126" who="0" fromWho="3" sc="240,53,250,0,240,0,240,-23" /><INIT seed="0,2,0,2,1,78" ten="293,250,240,217" oya="0" hai0="134,103,97,104,38,116,48,10,28,23,8,18,92" hai1="59,107,99,31,54,86,100,132,123,27,119,3,80" hai2="63,121,106,13,98,89,131,39,79,118,74,117,81" hai3="50,77,46,65,55,64,75,83,1,70,0,135,20"/><T29/><D116/><N who="2" m="44650" /><F39/><W124/><G135/><T58/><D38/><U71/><E123/><V113/><F13/><W61/><G124/><T25/><D134/><U102/><E132/><V5/><F5/><W129/><G129/><T52/><REACH who="0" step="1"/><D104/><REACH who="0" ten="283,250,240,217" step="2"/><U21/><E119/><V76/><F121/><W94/><G65/><T84/><D84/><U57/><E107/><V30/><F106/><W133/><G133/><T36/><D36/><U9/><E86/><V110/><F131/><W51/><G94/><T53/><D53/><U40/><E54/><V37/><F37/><W60/><G60/><T122/><D122/><U67/><E67/><V45/><F63/><W126/><G126/><T68/><D68/><U2/><E71/><V128/><F128/><W19/><REACH who="3" step="1"/><G51/><REACH who="3" ten="283,250,240,207" step="2"/><T109/><D109/><U72/><E72/><V16/><F74/><W95/><G95/><T120/><D120/><U69/><E69/><V130/><F130/><W35/><G35/><T93/><D93/><U43/><E43/><V41/><F41/><W22/><G22/><T87/><D87/><U115/><E21/><V66/><F110/><W125/><G125/><T4/><D4/><U49/><E40/><V62/><F66/><W108/><G108/><T7/><D7/><U34/><E34/><V11/><F62/><W14/><AGARI ba="2,2" hai="0,1,14,19,20,46,50,55,61,64,70,75,77,83" machi="14" ten="20,8000,1" yaku="1,1,0,1,7,1,52,1,53,1" doraHai="78" doraHaiUra="42" who="3" fromWho="3" sc="283,-42,250,-22,240,-22,207,106" /><INIT seed="1,0,0,5,5,14" ten="241,228,218,313" oya="1" hai0="62,54,97,23,31,132,102,5,130,22,46,125,41" hai1="85,58,77,104,86,67,9,63,47,90,0,88,38" hai2="44,93,12,39,79,17,43,107,40,20,71,42,78" hai3="3,111,16,82,80,119,135,60,108,50,61,124,52"/><U24/><E104/><V70/><F107/><W109/><G135/><T73/><D130/><U7/><E24/><V10/><F71/><W127/><G3/><T13/><D132/><U76/><E38/><V65/><F70/><W48/><G119/><T37/><D125/><N who="3" m="48201" /><G48/><T98/><D73/><U66/><E47/><V35/><F35/><W106/><G106/><T56/><D31/><U123/><E123/><V15/><F65/><W94/><G94/><T1/><D1/><U115/><E115/><V19/><F39/><W117/><G117/><T113/><D113/><U99/><E99/><V100/><F44/><N who="3" m="27719" /><G16/><N who="0" m="10511" /><D37/><U84/><REACH who="1" step="1"/><E66/><REACH who="1" ten="241,218,218,313" step="2"/><V36/><F36/><W8/><G8/><T101/><D46/><U92/><E92/><V83/><F83/><AGARI ba="0,1" hai="60,61,80,82,83,108,109,111" m="27719,48201" machi="83" ten="40,5200,0" yaku="14,1,18,1,54,1" doraHai="14" who="3" fromWho="2" sc="241,0,218,0,218,-52,313,62" /><INIT seed="2,0,0,5,0,88" ten="241,218,166,375" oya="2" hai0="115,59,6,81,132,123,105,131,73,4,82,65,118" hai1="70,31,126,49,38,97,90,69,29,41,83,94,3" hai2="134,80,93,58,18,68,122,62,48,36,99,11,116" hai3="111,78,14,128,53,40,98,23,55,57,50,87,129"/><V45/><F122/><W133/><G111/><T67/><D123/><U17/><E126/><V56/><F36/><W74/><G74/><T108/><D115/><U34/><E38/><V13/><F116/><W9/><G133/><T120/><D120/><U113/><E113/><V121/><F121/><W66/><G66/><T8/><D108/><U28/><E34/><V72/><F134/><W22/><G40/><T27/><D105/><U24/><E3/><V75/><F68/><W43/><G43/><T84/><D132/><U10/><E83/><V44/><F58/><W107/><G55/><T130/><D27/><U86/><E86/><V63/><F63/><W2/><G2/><T30/><D30/><U12/><REACH who="1" step="1"/><E24/><REACH who="1" ten="241,208,166,375" step="2"/><V0/><F0/><W32/><G87/><T95/><D81/><U85/><E85/><V112/><F112/><W124/><G32/><T60/><D82/><U61/><E61/><V19/><F75/><W100/><G124/><T1/><D73/><U7/><E7/><V16/><F72/><W135/><G135/><T117/><D6/><U52/><E52/><N who="2" m="31751" /><F62/><W96/><G53/><T47/><D67/><U37/><E37/><V71/><F80/><W109/><G50/><T119/><D117/><U103/><E103/><N who="2" m="60911" /><F71/><W104/><G109/><T76/><D118/><U33/><E33/><V91/><F91/><W15/><G100/><T42/><D119/><U39/><E39/><V110/><F110/><W77/><G57/><T26/><D26/><U54/><E54/><V25/><F25/><W127/><G127/><T92/><D76/><U125/><E125/><RYUUKYOKU ba="0,1" sc="241,-30,208,10,166,10,375,10" hai1="10,12,17,28,29,31,41,49,69,70,90,94,97" hai2="11,13,16,18,19,44,45" hai3="9,14,15,22,23,77,78,96,98,104,107,128,129" /><INIT seed="2,1,1,5,5,122" ten="211,218,176,385" oya="2" hai0="98,47,116,39,103,3,63,11,65,86,6,5,76" hai1="112,37,26,91,4,43,104,72,124,28,94,25,119" hai2="67,134,64,12,44,113,42,46,2,115,14,8,100" hai3="131,107,84,45,105,31,85,0,78,54,74,99,93"/><V29/><F2/><W128/><G0/><T102/><D116/><U114/><E119/><V22/><F100/><N who="3" m="60527" /><G31/><T9/><D76/><U96/><E72/><V60/><F134/><W129/><G54/><T89/><D47/><U126/><E104/><N who="3" m="40010" /><G45/><T75/><D75/><U132/><E132/><V101/><F101/><W57/><G57/><T58/><D98/><U51/><E37/><V97/><F97/><W118/><G118/><T77/><D77/><U61/><E4/><V133/><F133/><W80/><AGARI ba="1,1" hai="74,78,80,84,85,128,129,131" m="40010,60527" machi="80" ten="40,5200,0" yaku="19,1,34,2" doraHai="122" who="3" fromWho="3" sc="211,-14,218,-14,176,-27,385,65" /><INIT seed="3,0,0,5,4,123" ten="197,204,149,450" oya="3" hai0="1,53,93,13,105,63,4,91,25,95,5,0,30" hai1="12,10,74,81,133,9,104,111,113,108,33,128,49" hai2="54,72,118,56,116,69,73,112,17,43,100,122,62" hai3="21,41,124,14,37,86,80,120,23,59,3,52,99"/><W78/><G120/><T42/><D105/><U11/><E113/><V6/><F6/><W88/><G3/><T15/><D42/><U57/><E104/><V20/><F112/><W40/><G124/><T82/><D0/><U70/><E70/><V64/><F100/><W103/><G78/><T92/><D1/><U97/><E33/><V75/><F122/><W106/><G37/><T94/><D82/><U134/><E128/><V58/><F43/><W119/><G119/><T129/><D129/><U107/><E74/><V38/><F38/><W117/><G117/><T2/><D2/><U8/><E81/><V65/><F69/><W68/><G68/><T50/><D63/><U109/><E57/><V83/><F83/><W55/><G23/><T29/><D4/><N who="1" m="3079" /><E49/><V135/><F135/><N who="1" m="51721" /><E107/><V89/><F118/><W47/><G47/><T101/><D101/><U31/><E97/><V79/><F116/><W32/><G55/><T121/><D5/><U7/><E31/><V110/><F75/><W45/><G45/><T46/><D121/><U76/><E76/><V126/><F79/><W90/><G90/><T27/><D30/><U132/><N who="1" m="51729" /><U67/><DORA hai="44" /><E67/><V19/><F65/><W125/><G32/><T131/><D131/><U71/><E71/><V22/><F64/><W127/><G127/><T61/><D61/><U18/><E7/><V36/><F62/><N who="3" m="36199" /><G125/><T98/><REACH who="0" step="1"/><D29/><REACH who="0" ten="187,204,149,450" step="2"/><U102/><E102/><V115/><F126/><W60/><G60/><T39/><D39/><U85/><E18/><N who="2" m="6667" /><F36/><W77/><G77/><T96/><D96/><U24/><E85/><RYUUKYOKU ba="0,1" sc="187,10,204,10,149,-30,450,10" hai0="13,15,25,27,46,50,53,91,92,93,94,95,98" hai1="9,10,11,24,108,109,111" hai3="14,21,40,41,80,86,88,99,103,106" /><INIT seed="3,1,1,2,1,95" ten="197,214,119,460" oya="3" hai0="39,64,84,70,4,30,26,100,116,101,35,6,46" hai1="54,115,51,77,57,59,23,52,90,112,92,78,12" hai2="68,31,105,9,67,19,96,91,108,72,45,53,122" hai3="98,42,94,97,132,49,58,62,125,113,117,20,50"/><W14/><G113/><T107/><D116/><U76/><E115/><V1/><F72/><W34/><G117/><T124/><D124/><U7/><E112/><V27/><F108/><W119/><G119/><T129/><D84/><N who="1" m="52295" /><E7/><V66/><F68/><W21/><G34/><T28/><D28/><U38/><E38/><V123/><F53/><N who="3" m="34127" /><G125/><T104/><D100/><U25/><E12/><N who="2" m="7567" /><F45/><N who="3" m="25783" /><G132/><T134/><D129/><U65/><E65/><V79/><F1/><W41/><G94/><T48/><D39/><U87/><E87/><V29/><F67/><W47/><G20/><T3/><D3/><U63/><E78/><V8/><F79/><W44/><G44/><T126/><D107/><U110/><E110/><V16/><F105/><W111/><G111/><T127/><D134/><U2/><E2/><V13/><F66/><W99/><G21/><T80/><D80/><U120/><E120/><N who="2" m="46123" /><F27/><W56/><G56/><T15/><D126/><U37/><E37/><V33/><F33/><W11/><G14/><T81/><D15/><U17/><AGARI ba="1,1" hai="17,23,25,51,52,54,57,59,63,76,77" m="52295" machi="17" ten="30,2000,0" yaku="8,1,54,1" doraHai="95" who="1" fromWho="1" sc="197,-6,214,33,119,-6,460,-11" /><INIT seed="4,0,0,5,5,45" ten="191,247,113,449" oya="0" hai0="117,36,135,130,71,132,82,67,81,28,122,26,58" hai1="48,96,111,20,118,109,99,2,105,87,104,1,108" hai2="133,53,119,121,0,38,79,77,106,37,17,13,107" hai3="92,80,103,47,9,61,39,27,10,32,116,41,35"/><T62/><D117/><U6/><E118/><V49/><F119/><W89/><G103/><T76/><D122/><U44/><E87/><V101/><F0/><W43/><G116/><T24/><D36/><U3/><E6/><V33/><F33/><W72/><G61/><T114/><D114/><U25/><E20/><V69/><F69/><W100/><G100/><T113/><D113/><U73/><E25/><V7/><F7/><W16/><G41/><T126/><D126/><U42/><REACH who="1" step="1"/><E73/><REACH who="1" ten="191,237,113,449" step="2"/><V78/><F121/><W22/><G22/><T34/><D26/><U4/><E4/><V60/><F79/><W15/><G27/><T129/><D71/><U68/><E68/><V8/><F78/><W52/><G32/><T85/><REACH who="0" step="1"/><D81/><REACH who="0" ten="181,237,113,449" step="2"/><U14/><E14/><V50/><F13/><N who="3" m="7215" /><G80/><T12/><D12/><U57/><E57/><V54/><F77/><W63/><G15/><T30/><D30/><U115/><E115/><V55/><F17/><W75/><G72/><T21/><D21/><U112/><E112/><V131/><F8/><W74/><G75/><T124/><D124/><U66/><E66/><V23/><F23/><W125/><G74/><T93/><D93/><U91/><E91/><V83/><F83/><W98/><G125/><T31/><D31/><U40/><E40/><V90/><F101/><W86/><G35/><T5/><D5/><U56/><E56/><V70/><F70/><W102/><G10/><T94/><D94/><U51/><E51/><V29/><F50/><W84/><G102/><T11/><D11/><U65/><E65/><V120/><F29/><RYUUKYOKU ba="0,2" sc="181,10,237,10,113,-30,449,10" hai0="24,28,34,58,62,67,76,82,85,129,130,132,135" hai1="1,2,3,42,44,48,96,99,104,105,108,109,111" hai3="39,43,47,52,63,84,86,89,92,98" /><INIT seed="4,1,2,1,2,122" ten="191,247,83,459" oya="0" hai0="133,99,18,55,37,32,114,66,120,74,98,11,106" hai1="78,69,50,90,115,111,113,65,118,54,84,95,75" hai2="52,132,60,8,80,85,38,27,56,26,83,110,97" hai3="39,121,3,116,131,9,119,10,117,36,42,14,30"/><T125/><D120/><U31/><E118/><V112/><F38/><W28/><G121/><T61/><D37/><U134/><E31/><N who="3" m="11818" /><G14/><T76/><D32/><U0/><E0/><V59/><F132/><W102/><G102/><T53/><D114/><N who="1" m="43531" /><E65/><V87/><F112/><W128/><G3/><T35/><D35/><U123/><E69/><V100/><F110/><W70/><G70/><T47/><D125/><U6/><E123/><V41/><F41/><W48/><G48/><T49/><D133/><U135/><E6/><V63/><F8/><N who="3" m="3179" /><G42/><T96/><D106/><U17/><E17/><V45/><F45/><W129/><AGARI ba="1,2" hai="36,39,116,117,119,128,129,131" m="3179,11818" machi="129" ten="50,6400,0" yaku="28,2,19,1" doraHai="122" who="3" fromWho="3" sc="191,-33,247,-17,83,-17,459,87" /><INIT seed="5,0,0,5,1,31" ten="158,230,66,546" oya="1" hai0="49,8,113,47,122,27,42,92,119,111,48,135,120" hai1="69,134,108,45,4,44,127,39,85,131,129,106,52" hai2="23,57,83,89,11,125,104,14,66,34,121,29,115" hai3="88,54,71,50,78,100,30,64,58,98,1,123,37"/><U19/><E106/><V130/><F121/><N who="0" m="46698" /><D92/><U101/><E101/><V0/><F125/><W26/><G1/><T43/><D8/><U73/><E73/><V94/><F130/><N who="1" m="49673" /><E4/><V59/><F66/><W132/><G37/><T112/><D27/><U51/><E19/><V12/><F115/><N who="0" m="44106" /><D135/><U41/><E85/><V87/><F104/><W118/><G118/><T102/><D102/><U20/><E20/><V67/><F67/><W22/><G132/><T55/><D119/><U109/><E134/><V80/><F0/><W82/><G88/><T2/><D2/><U13/><E13/><V114/><F114/><W60/><G123/><T103/><D103/><U84/><E84/><V76/><F23/><W9/><G9/><T93/><D93/><U40/><E127/><V24/><F14/><W10/><G10/><T17/><D17/><U7/><E7/><V25/><F25/><W116/><G116/><T3/><D3/><U38/><E69/><V68/><F68/><W95/><G82/><T53/><D111/><N who="1" m="42571" /><E44/><AGARI ba="0,0" hai="42,43,44,47,48,49,53,55" m="44106,46698" machi="44" ten="30,7700,0" yaku="13,1,15,1,34,2" doraHai="31" who="0" fromWho="1" sc="158,77,230,-77,66,0,546,0" /><INIT seed="6,0,0,2,1,13" ten="235,153,66,546" oya="2" hai0="10,77,71,81,64,127,122,120,106,3,68,101,132" hai1="24,21,67,57,114,102,50,35,110,66,19,73,60" hai2="112,26,5,44,15,87,34,43,124,52,89,58,115" hai3="113,1,93,94,79,86,63,28,29,131,123,100,78"/><V70/><F70/><W36/><G123/><N who="0" m="47147" /><D64/><U74/><E110/><V48/><F124/><W80/><G36/><T7/><D132/><U103/><E114/><V107/><F107/><W111/><G111/><T46/><D46/><U84/><E35/><V117/><F117/><W82/><G113/><N who="2" m="43593" /><F5/><W22/><G131/><T92/><D92/><U45/><E66/><V95/><F15/><W129/><G1/><T25/><D25/><U6/><E6/><V72/><F72/><W128/><G22/><T88/><D88/><U62/><E62/><N who="2" m="36167" /><F26/><W69/><G63/><T32/><D127/><U54/><REACH who="1" step="1"/><E84/><REACH who="1" ten="235,143,66,546" step="2"/><V119/><F119/><W75/><G86/><T121/><D121/><U17/><E17/><V65/><F65/><W9/><G75/><AGARI ba="0,1" hai="19,21,24,45,50,54,57,60,67,73,74,75,102,103" machi="75" ten="40,2600,0" yaku="1,1,52,1,53,0" doraHai="13" doraHaiUra="130" who="1" fromWho="3" sc="235,0,143,36,66,0,546,-26" /><INIT seed="7,0,0,1,2,87" ten="235,179,66,520" oya="3" hai0="57,39,114,89,54,55,14,122,118,72,3,95,5" hai1="105,77,32,124,34,42,103,78,119,97,0,23,121" hai2="38,18,88,80,76,135,26,7,125,68,111,84,4" hai3="98,120,81,29,67,107,108,128,93,61,66,94,17"/><W132/><G17/><T35/><D118/><U21/><E121/><V13/><F111/><W43/><G81/><T28/><D122/><U11/><E119/><V106/><F106/><W131/><G61/><T1/><D72/><U69/><E69/><V9/><F135/><W10/><G98/><T2/><D39/><U112/><E112/><V74/><F125/><W65/><G10/><T96/><D35/><U109/><E109/><V92/><F68/><W15/><G15/><T56/><D28/><U91/><E42/><V33/><REACH who="2" step="1"/><F38/><REACH who="2" ten="235,179,56,520" step="2"/><W99/><G94/><T20/><D95/><U123/><E105/><V134/><F134/><W79/><G99/><T19/><D96/><U62/><E97/><V70/><F70/><W12/><G79/><T71/><D71/><U113/><E78/><V129/><F129/><W133/><G12/><T52/><D14/><U82/><E77/><V48/><F48/><W30/><G43/><T63/><D114/><U86/><E113/><V126/><F126/><W115/><G93/><T40/><D40/><U117/><E124/><V16/><F16/><W8/><G107/><T110/><D19/><U73/><E117/><V101/><F101/><W22/><G115/><T50/><D50/><U46/><E103/><V51/><F51/><W49/><G108/><T90/><D110/><U59/><E123/><V130/><F130/><W37/><G120/><T24/><D1/><U45/><E0/><V36/><F36/><W58/><G128/><T47/><D2/><U127/><E127/><V104/><F104/><W116/><G131/><T41/><D3/><RYUUKYOKU ba="0,1" sc="235,-10,179,-10,56,30,520,-10" hai2="4,7,9,13,18,26,33,74,76,80,84,88,92" owari="225,2.5,169,-23.1,86,-41.4,520,62.0" /></mjloggm>