<mjloggm ver="2.3"><GO type="41" lobby="0"/><UN n0="%73%6F%6C%65%69%6C%31%34" n1="%E2%93%9D%4C%75%63%6B%79%4A" n2="%43%61%64%6F%67%61%6E" n3="%E3%81%8A%E3%82%8A%E3%81%A9%E3%82%93" dan="15,17,15,15" rate="1958.98,2156.74,2016.62,2068.82" sx="M,M,F,M"/><TAIKYOKU oya="0"/><INIT seed="0,0,0,4,4,45" ten="250,250,250,250" oya="0" hai0="7,117,4,21,40,133,16,48,104,127,98,77,39" hai1="68,128,65,55,47,37,33,15,108,60,64,91,120" hai2="129,25,73,94,130,93,107,75,124,43,89,17,82" hai3="83,22,5,0,119,72,74,28,121,31,50,114,134"/><T34/><D34/><U23/><E33/><V58/><F43/><W102/><G119/><T3/><D117/><U87/><E120/><V1/><F1/><W81/><G114/><T46/><D133/><U99/><E108/><V90/><F107/><W126/><G134/><T66/><D127/><U62/><E99/><V101/><F58/><W92/><G126/><T53/><D77/><U10/><E128/><V41/><F41/><W112/><G112/><T63/><D3/><U9/><E23/><V35/><F35/><W132/><G132/><T54/><D54/><U51/><E37/><V80/><F80/><W8/><G121/><T78/><D78/><U18/><E10/><V20/><F20/><W52/><G74/><N who="2" m="28169" /><F17/><W109/><G109/><T44/><D98/><U49/><E51/><V38/><F25/><W29/><G22/><T59/><D104/><U26/><E26/><AGARI ba="0,0" hai="4,7,16,21,26,39,40,44,46,48,53,59,63,66" machi="26" ten="30,5800,0" yaku="7,1,52,1,54,1" doraHai="45" who="0" fromWho="1" sc="250,58,250,-58,250,0,250,0" /><INIT seed="0,1,0,4,5,23" ten="308,192,250,250" oya="0" hai0="95,124,94,11,6,51,50,97,63,16,73,34,21" hai1="81,134,17,27,68,7,32,13,48,5,47,92,52" hai2="55,35,56,66,80,30,24,104,103,108,46,96,65" hai3="28,89,130,118,126,93,132,121,82,101,87,18,88"/><T129/><D73/><U112/><E68/><V29/><F108/><W71/><G71/><T113/><D113/><U72/><E112/><V31/><F31/><W39/><G39/><T8/><D129/><U42/><E134/><V59/><F46/><W74/><G28/><T76/><D34/><U79/><E92/><V84/><F59/><W78/><G18/><T127/><D76/><U20/><E32/><V54/><F29/><W15/><G15/><N who="0" m="5527" /><D63/><U77/><E79/><V90/><REACH who="2" step="1"/><F55/><REACH who="2" ten="308,192,240,250" step="2"/><W100/><G132/><T60/><D127/><U131/><E131/><V57/><F57/><W110/><G126/><T64/><D124/><U53/><E53/><V22/><F22/><W119/><G130/><T49/><D11/><U99/><E52/><V70/><F70/><W14/><G110/><T19/><D97/><U133/><E99/><V69/><F69/><W44/><G44/><T116/><D116/><N who="3" m="44585" /><G121/><T26/><D19/><U40/><E133/><V38/><F38/><W0/><G0/><T9/><D9/><U122/><E122/><V86/><F86/><N who="3" m="52375" /><G14/><T36/><D36/><U25/><REACH who="1" step="1"/><E42/><REACH who="1" ten="308,182,240,250" step="2"/><V1/><F1/><W62/><G62/><AGARI ba="1,2" hai="24,30,35,54,56,62,65,66,80,84,90,96,103,104" machi="62" ten="30,3900,0" yaku="1,1,7,1,52,1,53,0" doraHai="23" doraHaiUra="3" who="2" fromWho="3" sc="308,0,182,0,240,62,250,-42" /><INIT seed="1,0,0,0,5,82" ten="308,182,302,208" oya="1" hai0="65,37,36,59,41,22,121,61,123,52,6,63,111" hai1="83,122,58,131,8,56,115,26,0,44,9,80,86" hai2="96,47,106,94,18,46,120,73,126,35,102,118,71" hai3="50,64,117,24,31,28,53,70,51,57,45,116,92"/><U17/><E122/><N who="0" m="46601" /><D6/><U79/><E115/><V33/><F71/><W55/><G31/><T66/><D22/><U75/><E131/><V107/><F118/><W124/><G92/><T93/><D93/><U15/><E44/><V2/><F2/><W12/><G12/><T99/><D99/><U135/><E135/><V32/><F120/><W133/><G24/><T125/><D111/><U74/><E75/><V43/><F47/><W25/><G25/><T7/><D7/><U27/><E0/><V69/><F69/><W34/><G28/><T23/><D23/><U119/><E119/><N who="3" m="45642" /><G34/><T109/><D109/><U130/><E130/><V3/><F3/><W128/><G128/><T89/><D89/><U42/><E42/><V29/><F73/><W20/><G20/><T11/><D11/><U84/><E74/><V97/><F18/><W101/><G101/><T77/><D77/><U81/><E83/><V91/><F107/><W108/><G108/><T103/><D103/><U39/><E39/><N who="0" m="14921" /><D41/><U88/><E9/><V113/><F29/><W90/><G90/><T95/><D95/><U10/><E10/><V54/><F43/><W1/><G1/><T49/><D125/><U60/><E58/><V114/><F126/><W13/><G13/><T87/><D87/><U5/><E5/><V110/><F110/><W68/><G124/><T67/><AGARI ba="0,0" hai="49,52,59,61,63,65,66,67" m="14921,46601" machi="67" ten="40,8000,1" yaku="13,1,34,2,54,1" doraHai="82" who="0" fromWho="0" sc="308,80,182,-40,302,-20,208,-20" /><INIT seed="2,0,0,0,3,43" ten="388,142,282,188" oya="2" hai0="54,35,69,26,102,110,62,1,82,59,86,127,108" hai1="13,57,78,55,121,72,88,129,10,104,47,32,117" hai2="15,12,84,119,9,114,24,70,91,30,73,120,17" hai3="44,7,63,126,14,106,33,90,66,50,92,0,39"/><V132/><F70/><W64/><G106/><T124/><D1/><U85/><E117/><V107/><F132/><W61/><G126/><N who="0" m="48171" /><D102/><U27/><E129/><V38/><F38/><W100/><G39/><T101/><D101/><U80/><E121/><V36/><F107/><W56/><G0/><T131/><D69/><U87/><E32/><V79/><F36/><W134/><G33/><T16/><D131/><U21/><E104/><V4/><F120/><W2/><G2/><T94/><D94/><U65/><E65/><V133/><F133/><W83/><G134/><T6/><D6/><U96/><E72/><V76/><F114/><W123/><G123/><T53/><D53/><U128/><E96/><V122/><F73/><W25/><G100/><T49/><D62/><U68/><E68/><V130/><F130/><W74/><G83/><T112/><D112/><U29/><E128/><V97/><F97/><W71/><G74/><T5/><D5/><U93/><E57/><V81/><F122/><W34/><G7/><T113/><D113/><U3/><E3/><V41/><F41/><W22/><G34/><T116/><D116/><U28/><E29/><V37/><F37/><W40/><G14/><T75/><D75/><U77/><E13/><V20/><REACH who="2" step="1"/><F119/><REACH who="2" ten="388,142,272,188" step="2"/><W42/><G40/><T58/><D86/><U46/><E87/><V18/><F18/><W52/><G42/><T19/><D16/><U67/><E85/><V115/><F115/><W48/><G71/><T51/><D19/><U11/><E28/><V125/><F125/><W135/><G135/><T118/><D118/><RYUUKYOKU ba="0,1" sc="388,-10,142,-10,272,30,188,-10" hai2="4,9,12,15,17,20,24,30,76,79,81,84,91" /><INIT seed="2,1,1,1,2,43" ten="378,132,302,178" oya="2" hai0="98,47,125,26,67,106,15,90,63,95,3,110,70" hai1="12,94,111,65,59,35,0,10,131,128,104,126,82" hai2="19,53,124,75,121,1,54,83,62,119,60,48,51" hai3="69,45,21,8,29,117,46,44,25,11,77,130,52"/><V40/><F119/><W28/><G69/><T102/><D3/><U42/><E104/><V33/><F1/><W76/><G117/><T114/><D110/><U135/><E35/><V7/><F7/><W4/><G130/><T127/><D114/><U91/><E0/><V103/><F33/><W38/><G38/><T86/><D15/><U2/><E82/><V80/><F103/><W73/><G73/><T107/><D107/><U129/><E2/><V32/><F32/><W123/><G123/><T22/><REACH who="0" step="1"/><D47/><REACH who="0" ten="368,132,302,178" step="2"/><N who="3" m="17993" /><G4/><T81/><D81/><U9/><E111/><V78/><F80/><W61/><G29/><AGARI ba="1,2" hai="22,26,29,63,67,70,86,90,95,98,102,106,125,127" machi="29" ten="40,2600,0" yaku="1,1,53,1" doraHai="43" doraHaiUra="99" who="0" fromWho="3" sc="368,49,132,0,302,0,178,-29" /><INIT seed="3,0,0,4,1,107" ten="417,132,302,149" oya="3" hai0="48,71,122,15,40,12,73,76,66,129,33,104,114" hai1="7,59,89,6,96,21,19,54,4,36,38,61,106" hai2="32,25,13,37,30,26,1,60,56,92,88,57,62" hai3="90,64,58,115,34,22,128,95,118,29,75,124,130"/><W39/><G118/><T43/><D33/><U51/><E106/><V120/><F1/><W100/><G115/><T102/><D122/><U18/><E19/><V133/><F37/><W126/><G39/><T119/><D129/><N who="3" m="49769" /><G34/><T10/><D15/><U121/><E121/><V20/><F133/><W134/><G100/><T109/><D66/><U108/><E108/><V83/><F83/><W47/><G47/><T68/><D68/><U117/><E117/><V131/><F131/><W67/><G29/><T135/><D71/><U86/><E96/><V17/><F120/><W3/><G3/><T8/><D109/><U2/><E2/><V45/><F45/><W78/><G22/><T98/><D135/><U77/><E77/><V80/><F80/><N who="3" m="45151" /><G134/><T127/><D114/><U52/><E38/><V123/><F123/><W31/><G31/><T97/><D102/><U116/><E36/><V74/><F74/><W72/><G72/><T84/><D73/><U46/><E116/><V42/><F42/><W125/><G58/><T24/><D43/><U81/><REACH who="1" step="1"/><E7/><REACH who="1" ten="417,122,302,149" step="2"/><V70/><F17/><W9/><G9/><T94/><D8/><U85/><E85/><AGARI ba="0,1" hai="64,67,85,90,95,124,125,126" m="45151,49769" machi="85" ten="40,7700,0" yaku="18,1,19,1,52,1" doraHai="107" who="3" fromWho="1" sc="417,0,122,-77,302,0,149,87" /><INIT seed="3,1,0,5,1,77" ten="417,45,302,236" oya="3" hai0="31,16,95,33,89,15,68,76,66,3,90,70,83" hai1="64,35,4,113,21,104,96,10,78,67,114,99,124" hai2="61,97,74,37,81,73,30,117,125,36,115,47,58" hai3="14,94,55,56,54,106,85,5,118,105,38,25,45"/><W11/><G118/><T131/><D3/><U43/><E35/><V128/><F117/><W108/><G108/><T13/><D131/><U110/><E110/><V88/><F115/><W121/><G121/><T2/><D2/><U72/><E43/><V7/><F125/><W48/><G38/><T92/><D31/><U71/><E21/><V116/><F7/><W103/><G25/><T65/><D33/><U20/><E20/><V102/><F74/><W120/><G120/><T50/><D50/><U126/><E71/><V122/><F128/><W24/><G24/><T82/><D76/><U91/><E91/><V93/><F30/><W46/><G45/><T84/><D84/><U41/><E41/><V19/><F116/><W27/><G27/><T69/><D69/><U135/><E78/><V100/><F19/><AGARI ba="1,0" hai="13,15,16,19,65,66,68,70,82,83,89,90,92,95" machi="19" ten="25,8000,1" yaku="22,2,52,2,54,1" doraHai="77" who="0" fromWho="2" sc="417,83,45,0,302,-83,236,0" /><INIT seed="4,0,0,5,1,44" ten="500,45,219,236" oya="0" hai0="30,96,110,76,120,27,9,68,22,108,57,104,21" hai1="59,71,132,65,1,45,19,5,107,93,117,72,100" hai2="23,20,62,39,106,28,102,61,95,12,60,34,64" hai3="122,83,115,111,123,98,25,135,32,69,134,129,24"/><T46/><D120/><N who="3" m="46121" /><G69/><T51/><D68/><U37/><E19/><V10/><F39/><W118/><G83/><T133/><D76/><U97/><E132/><N who="3" m="50730" /><G98/><T29/><D133/><U38/><E117/><V99/><F106/><W121/><N who="3" m="46129" /><W84/><DORA hai="101" /><G84/><T125/><D9/><N who="1" m="2223" /><E59/><V18/><REACH who="2" step="1"/><F64/><REACH who="2" ten="500,45,209,236" step="2"/><W3/><G118/><T33/><D104/><U85/><E38/><V4/><F4/><W79/><G111/><T66/><D110/><U35/><E65/><V113/><F113/><W11/><G115/><T31/><D66/><U127/><E37/><V94/><F94/><W74/><G129/><T116/><D108/><U87/><E93/><V128/><F128/><W56/><G32/><T8/><D33/><U86/><E35/><V130/><F130/><W90/><G74/><T73/><D73/><U6/><E72/><V40/><F40/><W63/><G79/><T17/><D116/><U119/><E119/><V89/><F89/><W43/><G90/><T48/><D125/><U36/><E127/><V26/><AGARI ba="0,1" hai="10,12,18,20,23,26,28,34,60,61,62,95,99,102" machi="26" ten="30,4000,0" yaku="1,1,0,1,53,1" doraHai="44,101" doraHaiUra="92,105" who="2" fromWho="2" sc="500,-20,45,-10,209,50,236,-10" /><INIT seed="5,0,0,0,1,26" ten="480,35,259,226" oya="1" hai0="97,15,69,4,99,58,40,20,100,103,124,64,109" hai1="35,121,3,68,1,125,104,81,45,53,112,84,119" hai2="92,135,94,38,87,32,7,63,52,9,90,101,128" hai3="131,106,73,111,47,93,37,70,77,80,39,89,56"/><U65/><E121/><V127/><F127/><W48/><G111/><T34/><D34/><U95/><E104/><V134/><F38/><W46/><G70/><T130/><D69/><U14/><E119/><V10/><F32/><W132/><G106/><T27/><D40/><U50/><E125/><V29/><F29/><W115/><G131/><T12/><D124/><U57/><E112/><V13/><F128/><W49/><G115/><T44/><D44/><U54/><E35/><V71/><F71/><W114/><G114/><T118/><D4/><U16/><E95/><V0/><F101/><W82/><G132/><T116/><D109/><U108/><E108/><V67/><F94/><W51/><G56/><T76/><D76/><U98/><E98/><V133/><F67/><W110/><G82/><T113/><D113/><U6/><E6/><V105/><F105/><W74/><G73/><T123/><D123/><U33/><E33/><V129/><F129/><W55/><G51/><T19/><D130/><U86/><E65/><V107/><F107/><W75/><G75/><T11/><D64/><U122/><E68/><V117/><F117/><W78/><G78/><T72/><D118/><U5/><E5/><V18/><F63/><W79/><G79/><T59/><D116/><U61/><E122/><V83/><F83/><W88/><G89/><T91/><D103/><U31/><E31/><V28/><F28/><W85/><G110/><T21/><D100/><U2/><REACH who="1" step="1"/><E81/><REACH who="1" ten="480,25,259,226" step="2"/><V36/><F36/><W25/><G37/><T96/><D96/><U41/><E41/><V23/><F52/><RYUUKYOKU ba="0,1" sc="480,-15,25,15,259,15,226,-15" hai1="1,2,3,14,16,45,50,53,54,57,61,84,86" hai2="0,7,9,10,13,18,23,87,90,92,133,134,135" /><INIT seed="5,1,1,0,3,45" ten="465,40,274,211" oya="1" hai0="31,23,7,122,127,129,1,106,114,15,110,125,103" hai1="81,96,52,50,117,11,56,73,132,101,69,55,123" hai2="44,39,115,78,16,0,76,130,2,51,112,64,60" hai3="126,111,43,119,8,133,71,79,74,67,21,85,82"/><U86/><E123/><V80/><F39/><W33/><G111/><T19/><D110/><U3/><E117/><V58/><F130/><W24/><G33/><T62/><D129/><U38/><E38/><V75/><F78/><W89/><G133/><T59/><D114/><N who="2" m="43562" /><F16/><W32/><G32/><T102/><D122/><U53/><E69/><V28/><F28/><W35/><G35/><T40/><D40/><AGARI ba="1,1" hai="0,2,40,44,51,58,60,64,75,76,80" m="43562" machi="40" ten="30,3900,0" yaku="15,1,11,1,52,1" doraHai="45" who="2" fromWho="0" sc="465,-42,40,0,274,52,211,0" /><INIT seed="6,0,0,0,1,25" ten="423,40,326,211" oya="2" hai0="53,69,23,60,20,79,71,6,22,112,10,102,63" hai1="89,109,85,13,48,8,38,103,81,32,80,131,51" hai2="120,55,98,77,47,66,74,108,106,37,28,52,46" hai3="83,124,107,18,40,118,15,21,5,31,90,132,115"/><V43/><F120/><W0/><G118/><T17/><D112/><U24/><E109/><V123/><F123/><W114/><G107/><T56/><D102/><U33/><E38/><V105/><F66/><W41/><G132/><T96/><D79/><U70/><E70/><V129/><F108/><W64/><G64/><T3/><D96/><U111/><E131/><V127/><F127/><W101/><G101/><T2/><D2/><U19/><E111/><V27/><F129/><W26/><G124/><T78/><D78/><U110/><E110/><V95/><F77/><W16/><G18/><T87/><D87/><U130/><E130/><V68/><F74/><W7/><G90/><T119/><D119/><U126/><E126/><V59/><F68/><W11/><G7/><T61/><D17/><U9/><E9/><V125/><F47/><W75/><G83/><T135/><D135/><U39/><E39/><V30/><F55/><W49/><G75/><T86/><D86/><U113/><E113/><N who="3" m="43018" /><G49/><T133/><D133/><U121/><E121/><V50/><F125/><W34/><AGARI ba="0,0" hai="0,5,11,15,16,21,26,31,34,40,41" m="43018" machi="34" ten="30,8000,1" yaku="24,1,15,1,11,1,52,1,54,1" doraHai="25" who="3" fromWho="3" sc="423,-20,40,-20,326,-40,211,80" /><INIT seed="7,0,0,0,0,65" ten="403,20,286,291" oya="3" hai0="45,34,97,117,31,112,19,121,15,0,116,82,32" hai1="111,68,87,13,124,30,17,57,51,2,90,40,72" hai2="61,58,86,49,101,4,7,25,20,27,1,56,23" hai3="3,134,125,74,80,50,5,126,22,119,33,84,44"/><W115/><G119/><T48/><D121/><U91/><E2/><V55/><F101/><W37/><G33/><T89/><D0/><U109/><E72/><V16/><F86/><W106/><G106/><T59/><D59/><U54/><E124/><N who="3" m="47722" /><G134/><T110/><D110/><U8/><E40/><V36/><F36/><W41/><G115/><T21/><D112/><U67/><E91/><V131/><F131/><W39/><G74/><T62/><D62/><U78/><E78/><V10/><F10/><N who="3" m="2367" /><G22/><T76/><D34/><U127/><E127/><V29/><REACH who="2" step="1"/><F1/><REACH who="2" ten="403,20,276,291" step="2"/><W99/><G99/><T73/><D73/><U79/><E79/><AGARI ba="0,1" hai="37,39,41,44,50,79,80,84" m="2367,47722" machi="79" ten="30,1500,0" yaku="18,1" doraHai="65" who="3" fromWho="1" sc="403,0,20,-15,276,0,291,25" /><INIT seed="7,1,0,0,4,86" ten="403,5,276,316" oya="3" hai0="87,20,23,40,120,108,7,14,37,106,63,49,67" hai1="105,103,95,31,11,135,24,30,21,97,100,96,121" hai2="80,70,5,59,68,58,22,57,17,125,10,79,16" hai3="72,88,119,113,74,54,35,43,15,83,6,51,84"/><W99/><G119/><T130/><D106/><U44/><E121/><V53/><F125/><W127/><G35/><T41/><D37/><U73/><E135/><V60/><F68/><W101/><G127/><T3/><D3/><U94/><E105/><V133/><F70/><W9/><G43/><T65/><D108/><U126/><E126/><V56/><F133/><W61/><G61/><T46/><D120/><U76/><E73/><V18/><F80/><W81/><G81/><T19/><D130/><U82/><E11/><V122/><F79/><W39/><G39/><T118/><D118/><U4/><E4/><V78/><F78/><W28/><G28/><T111/><D111/><U131/><E131/><V8/><F122/><W0/><G113/><T45/><D7/><U132/><E132/><V1/><REACH who="2" step="1"/><F10/><REACH who="2" ten="403,5,266,316" step="2"/><W98/><G0/><T134/><D134/><U36/><E36/><V34/><F34/><W64/><G64/><T109/><D67/><U42/><E76/><V89/><F89/><W77/><G72/><T112/><D65/><U32/><E82/><V124/><F124/><W47/><G101/><T90/><D90/><U50/><E32/><V62/><F62/><W102/><G102/><T85/><D63/><U38/><E38/><V116/><F116/><W114/><G114/><T129/><D112/><U26/><E26/><AGARI ba="1,1" hai="1,5,8,16,17,18,22,26,53,56,57,58,59,60" machi="26" ten="40,5200,0" yaku="1,1,54,1,53,1" doraHai="86" doraHaiUra="33" who="2" fromWho="1" sc="403,0,5,-55,266,65,316,0" owari="403,50.3,-50,-55.0,331,13.1,316,-8.4" /></mjloggm>