<mjloggm ver="2.3"><GO type="41" lobby="0"/><UN n0="%E5%BC%A5%E7%94%9F%63%68%61%6E" n1="%E2%93%9D%4C%75%63%6B%79%4A" n2="%57%61%72%64%6E%61" n3="%E6%9D%A3%E3%81%AE%E5%A4%A9%E7%8B%97" dan="15,14,14,13" rate="2083.05,2048.66,1957.32,1901.04" sx="M,M,M,M"/><TAIKYOKU oya="0"/><INIT seed="0,0,0,3,1,87" ten="250,250,250,250" oya="0" hai0="79,69,35,133,32,127,132,74,37,130,19,66,13" hai1="34,110,5,45,51,15,131,30,20,55,68,54,41" hai2="24,33,100,2,92,98,125,64,23,75,85,103,116" hai3="8,40,104,122,48,57,93,90,71,9,31,39,117"/><T80/><D37/><U94/><E68/><V50/><F75/><W61/><G117/><T77/><D127/><U52/><E34/><V22/><F2/><W84/><G104/><T113/><D113/><U56/><E110/><V81/><F125/><W14/><G122/><T1/><D1/><U102/><E131/><V38/><F38/><W29/><G71/><T10/><D79/><U111/><E111/><V43/><F103/><W88/><G39/><T0/><D0/><U25/><E5/><V63/><F116/><W119/><G119/><T47/><D130/><U72/><E72/><V97/><F98/><N who="3" m="57639" /><G48/><T67/><D47/><U49/><REACH who="1" step="1"/><E15/><REACH who="1" ten="250,240,250,250" step="2"/><V112/><F33/><W99/><G14/><T120/><D35/><U44/><E44/><V58/><F112/><W115/><G115/><T134/><D32/><U26/><E26/><V76/><REACH who="2" step="1"/><F24/><REACH who="2" ten="250,240,240,250" step="2"/><W107/><G99/><AGARI ba="0,2" hai="20,25,30,41,45,49,51,52,54,55,56,94,99,102" machi="99" ten="40,5200,0" yaku="1,1,8,1,54,1,53,0" doraHai="87" doraHaiUra="124" who="1" fromWho="3" sc="250,0,240,72,240,0,250,-52" /><INIT seed="1,0,0,4,1,8" ten="250,312,240,198" oya="1" hai0="10,72,26,23,6,105,67,92,80,86,109,90,17" hai1="70,95,121,39,54,131,27,76,98,11,51,135,38" hai2="123,83,87,5,46,48,122,41,124,19,62,36,110" hai3="126,30,74,44,107,40,42,1,115,56,128,52,117"/><U57/><E121/><V53/><F124/><W25/><G115/><T71/><D109/><U59/><E70/><V43/><F110/><W63/><G74/><T100/><D71/><U88/><E135/><V60/><F5/><W0/><G107/><T61/><D105/><U112/><E112/><V116/><F116/><W91/><G128/><T69/><D72/><U68/><E68/><V103/><F103/><W106/><G106/><T81/><REACH who="0" step="1"/><D100/><REACH who="0" ten="240,312,240,198" step="2"/><U79/><E131/><V96/><F123/><W102/><G117/><T21/><D21/><U78/><E27/><V9/><F122/><W125/><G102/><T75/><D75/><U15/><REACH who="1" step="1"/><E59/><REACH who="1" ten="240,302,240,198" step="2"/><V20/><F46/><W111/><G44/><T4/><D4/><AGARI ba="0,2" hai="4,11,15,38,39,51,54,57,76,78,79,88,95,98" machi="4" ten="40,12000,1" yaku="1,1,2,1,52,1,54,1,53,0" doraHai="8" doraHaiUra="34" who="1" fromWho="0" sc="240,-120,302,140,240,0,198,0" /><INIT seed="1,1,0,3,2,2" ten="120,442,240,198" oya="1" hai0="50,26,45,15,128,48,59,32,55,46,124,69,125" hai1="31,49,68,74,85,118,6,4,18,34,88,77,104" hai2="70,111,122,90,64,94,123,5,58,27,35,134,117" hai3="14,81,75,23,71,119,105,52,1,21,112,25,65"/><U3/><E118/><V101/><F117/><W103/><G112/><T114/><D32/><U131/><E68/><V102/><F134/><W29/><G1/><T129/><D26/><U13/><E104/><V121/><F70/><W30/><G119/><T113/><D15/><U92/><E3/><V57/><F111/><W60/><G75/><T16/><D16/><U109/><E131/><N who="0" m="50249" /><D69/><U99/><E74/><V43/><F43/><W80/><G105/><T110/><D110/><U108/><E34/><V8/><F27/><W91/><G103/><T100/><D100/><U127/><E127/><N who="0" m="48713" /><D59/><U28/><E109/><V12/><F35/><W36/><G30/><N who="1" m="11306" /><E108/><V66/><F58/><W53/><G36/><T47/><D55/><U38/><E38/><V106/><F57/><W67/><G67/><T17/><D17/><U20/><E49/><AGARI ba="1,0" hai="45,46,47,48,49,50,113,114" m="48713,50249" machi="49" ten="40,12000,2" yaku="28,2,19,1,18,1,34,2" doraHai="2" who="0" fromWho="1" sc="120,123,442,-123,240,0,198,0" /><INIT seed="2,0,0,0,2,4" ten="243,319,240,198" oya="2" hai0="80,55,31,94,51,100,18,124,97,15,9,123,35" hai1="133,69,68,2,65,117,46,129,13,119,128,107,32" hai2="63,125,82,42,75,33,118,43,102,53,28,7,79" hai3="30,40,86,85,93,134,106,76,84,130,91,127,60"/><V64/><F118/><N who="1" m="45065" /><E107/><V45/><F125/><W103/><G30/><T23/><D123/><U90/><E90/><V113/><F113/><W116/><G116/><T17/><D124/><U89/><E89/><V92/><F28/><W101/><G127/><T24/><D80/><U20/><E2/><V22/><F33/><W14/><G40/><T26/><D26/><U109/><E13/><V8/><F22/><W96/><G60/><T34/><REACH who="0" step="1"/><D31/><REACH who="0" ten="233,319,240,198" step="2"/><U50/><E129/><V66/><F82/><N who="3" m="47175" /><G130/><T19/><D19/><U115/><E128/><V37/><F75/><W112/><G112/><T67/><D67/><U114/><E65/><V81/><F66/><W108/><G134/><T62/><D62/><U21/><E115/><V120/><F64/><W61/><G61/><T74/><D74/><U73/><E73/><V104/><F63/><W71/><G71/><T70/><D70/><U59/><E69/><V12/><F120/><W5/><G5/><T27/><D27/><U16/><E68/><V126/><F126/><W111/><G14/><T38/><D38/><U78/><E114/><V10/><F37/><W72/><G72/><T48/><D48/><U41/><E50/><V105/><F12/><W25/><G25/><T83/><D83/><U99/><E133/><V29/><F81/><N who="3" m="49583" /><G111/><T6/><D6/><U39/><E109/><V77/><F7/><W47/><G108/><T135/><D135/><U121/><E121/><V88/><F29/><W1/><G1/><T57/><AGARI ba="0,1" hai="9,15,17,18,23,24,34,35,51,55,57,94,97,100" machi="57" ten="20,8000,1" yaku="1,1,0,1,7,1,52,1,53,1" doraHai="4" doraHaiUra="98" who="0" fromWho="0" sc="233,90,319,-20,240,-40,198,-20" /><INIT seed="3,0,0,2,3,131" ten="323,299,200,178" oya="3" hai0="63,45,4,9,81,133,84,80,118,96,54,111,92" hai1="129,93,108,10,30,103,3,7,83,104,120,79,61" hai2="78,55,51,124,42,116,135,95,99,19,24,13,46" hai3="113,40,117,121,14,29,64,126,65,100,18,88,33"/><W75/><G113/><T67/><D118/><U17/><E120/><V38/><F116/><W52/><G121/><T101/><D111/><U130/><E30/><V57/><F124/><W91/><G117/><T125/><D125/><U110/><E93/><V50/><F78/><W44/><G126/><T12/><D133/><U49/><E49/><V114/><F24/><W102/><G75/><T72/><D72/><N who="1" m="43495" /><E61/><V28/><F135/><W0/><G0/><T22/><D22/><U71/><E17/><V58/><F28/><W87/><G40/><T1/><D1/><U76/><E76/><V36/><F114/><W20/><G33/><T115/><D115/><U69/><E103/><N who="3" m="39466" /><G29/><T109/><D109/><N who="1" m="42091" /><E104/><V60/><F60/><W73/><G73/><T97/><D97/><U70/><AGARI ba="0,0" hai="3,7,10,69,70,71,129,130" m="42091,43495" machi="70" ten="40,2700,0" yaku="14,1,23,1" doraHai="131" who="1" fromWho="1" sc="323,-7,299,27,200,-7,178,-13" /><INIT seed="4,0,0,4,5,82" ten="316,326,193,165" oya="0" hai0="74,36,66,124,105,63,130,29,0,119,76,79,117" hai1="129,43,72,67,24,126,46,23,17,101,69,111,113" hai2="35,131,104,45,26,102,128,2,71,18,133,116,68" hai3="134,14,125,9,39,85,34,4,30,47,114,10,73"/><T28/><D105/><U12/><E111/><V123/><F123/><W55/><G114/><T122/><D122/><U33/><E72/><V120/><F120/><W50/><G125/><T31/><D36/><U59/><E69/><V65/><F2/><W3/><G73/><T87/><D0/><U16/><E33/><V132/><F116/><W15/><G134/><N who="2" m="51817" /><F45/><W13/><G39/><T7/><D7/><U75/><E75/><V54/><F54/><W90/><G30/><T108/><D74/><U32/><E32/><V25/><F18/><W94/><REACH who="3" step="1"/><G34/><REACH who="3" ten="316,326,193,155" step="2"/><T70/><D124/><U91/><E113/><V5/><F35/><W49/><G49/><T109/><D130/><U135/><E129/><V97/><F131/><W80/><G80/><N who="0" m="47495" /><D117/><U44/><E135/><V103/><F128/><W127/><G127/><T115/><D119/><U106/><E126/><V48/><F48/><W27/><G27/><T95/><D115/><U89/><E24/><V93/><F26/><W99/><G99/><T52/><D29/><U61/><E17/><AGARI ba="0,1" hai="3,4,9,10,13,14,15,17,47,50,55,85,90,94" machi="17" ten="30,3900,0" yaku="1,1,7,1,52,1,53,0" doraHai="82" doraHaiUra="121" who="3" fromWho="1" sc="316,0,326,-39,193,0,155,49" /><INIT seed="5,0,0,5,4,104" ten="316,287,193,204" oya="1" hai0="6,62,133,26,116,135,82,36,74,120,23,86,92" hai1="91,20,110,13,29,22,95,121,27,37,126,28,31" hai2="98,80,34,12,3,16,124,105,70,59,123,14,111" hai3="21,113,72,55,109,50,7,76,9,83,61,90,93"/><U71/><E37/><V119/><F111/><W42/><G109/><T32/><D116/><U53/><E110/><V64/><F119/><W63/><G113/><T99/><D36/><U112/><E71/><V97/><F123/><W4/><G21/><T85/><D6/><U127/><E53/><V49/><F3/><W73/><G42/><T52/><D32/><U24/><E95/><V128/><F34/><W75/><G61/><T44/><D120/><U11/><E91/><V84/><F14/><W102/><G63/><T10/><D10/><U17/><E121/><V117/><F117/><W35/><G102/><T1/><D1/><U54/><E54/><V25/><F25/><W57/><G35/><T38/><D38/><U88/><E88/><V65/><F70/><W18/><G18/><N who="0" m="12663" /><D74/><U5/><E112/><V129/><F124/><AGARI ba="0,0" hai="5,11,13,17,20,22,24,27,28,29,31,124,126,127" machi="124" ten="40,12000,1" yaku="18,1,34,3" doraHai="104" who="1" fromWho="2" sc="316,0,287,120,193,-120,204,0" /><INIT seed="5,1,0,1,2,52" ten="316,407,73,204" oya="1" hai0="60,55,105,13,12,98,18,129,97,15,25,0,11" hai1="50,71,45,42,130,72,6,8,41,14,106,126,96" hai2="76,101,34,17,77,7,95,123,48,122,44,109,19" hai3="21,29,111,74,3,54,113,85,90,65,62,66,16"/><U53/><E71/><V5/><F34/><W49/><G74/><T112/><D112/><U31/><E72/><V78/><F109/><W73/><G73/><T82/><D129/><U23/><E130/><V121/><F101/><W2/><G111/><T108/><D108/><U64/><E64/><V118/><F95/><W116/><G113/><T40/><D40/><U46/><E126/><V114/><F114/><W58/><G29/><T86/><D105/><U9/><E9/><V33/><F33/><W28/><G28/><T94/><D11/><U38/><E106/><V68/><F68/><W93/><G116/><T39/><D39/><U81/><E96/><V26/><F118/><W63/><G63/><T1/><D1/><U110/><E110/><V80/><F80/><W133/><G133/><T124/><D0/><U91/><E38/><V75/><F75/><W135/><G135/><T10/><D25/><N who="1" m="16831" /><E46/><V88/><F88/><W32/><G32/><T27/><D27/><U119/><E119/><V35/><F35/><W59/><G65/><T87/><D98/><U22/><E22/><V127/><F127/><W37/><G37/><T67/><D67/><U43/><E91/><V30/><F30/><W89/><G89/><N who="0" m="55503" /><D124/><U69/><E69/><V4/><REACH who="2" step="1"/><F26/><AGARI ba="1,0" hai="2,3,16,21,26,49,54,58,59,62,66,85,90,93" machi="26" ten="30,7700,0" yaku="7,1,52,2,54,1" doraHai="52" who="3" fromWho="2" sc="316,0,407,0,73,-80,204,80" owari="316,11.6,407,50.7,-7,-50.7,284,-11.6" /></mjloggm>