<mjloggm ver="2.3"><GO type="41" lobby="0"/><UN n0="%79%75%6B%69%6D%61%69" n1="%4D%69%61%6F%6A%69%65" n2="%E2%93%9D%4C%75%63%6B%79%4A" n3="%6B%75%6D%61%50%72%6F" dan="13,13,17,15" rate="1919.54,1850.76,2137.72,2056.80" sx="M,M,M,M"/><TAIKYOKU oya="0"/><INIT seed="0,0,0,1,2,78" ten="250,250,250,250" oya="0" hai0="134,42,28,92,16,77,12,29,39,80,8,60,22" hai1="52,24,19,93,73,70,128,116,32,83,99,53,15" hai2="76,0,129,97,11,6,37,20,123,74,110,85,109" hai3="133,4,9,33,58,14,49,47,62,118,54,122,17"/><T7/><D134/><U26/><E116/><V100/><F123/><W108/><G118/><T21/><D60/><U121/><E121/><V106/><F20/><W82/><G122/><T103/><D22/><U68/><E128/><V91/><F37/><W79/><G108/><T127/><D127/><U23/><E70/><V65/><F65/><W101/><G133/><T50/><D103/><U90/><E68/><V2/><F2/><W67/><G33/><T120/><D120/><U57/><E32/><V46/><F46/><W86/><REACH who="3" step="1"/><G101/><REACH who="3" ten="250,250,250,240" step="2"/><T63/><D92/><U115/><E115/><V112/><F112/><W25/><G25/><T34/><D34/><U3/><E26/><V124/><F124/><W72/><G72/><N who="0" m="43047" /><D63/><U126/><E126/><V104/><F110/><W56/><G56/><T96/><D96/><U1/><E24/><V105/><F97/><W35/><G35/><T114/><D114/><U44/><E57/><V81/><F109/><W84/><G84/><T113/><D113/><U64/><E73/><V71/><F71/><W55/><G55/><T135/><D135/><U27/><E27/><V43/><F100/><W36/><G36/><T94/><D94/><U131/><E53/><V13/><F106/><W10/><G10/><T18/><D50/><U51/><E64/><V48/><F48/><W30/><G30/><N who="0" m="11883" /><D21/><U107/><E107/><V75/><F105/><W45/><G45/><T69/><D69/><U89/><REACH who="1" step="1"/><E131/><REACH who="1" ten="250,240,250,240" step="2"/><V5/><F129/><W130/><G130/><T66/><D66/><U98/><E98/><V88/><F104/><W41/><G41/><RYUUKYOKU ba="0,2" sc="250,10,240,10,250,-30,240,10" hai0="7,8,12,16,18,39,42" hai1="1,3,15,19,23,44,51,52,83,89,90,93,99" hai3="4,9,14,17,47,49,54,58,62,67,79,82,86" /><INIT seed="0,1,2,2,1,79" ten="260,250,220,250" oya="0" hai0="81,85,88,108,29,107,111,103,59,11,115,72,63" hai1="51,58,87,43,100,68,52,37,116,125,47,61,60" hai2="101,112,66,26,10,19,30,9,131,99,3,57,38" hai3="39,5,96,21,84,4,65,123,75,77,113,121,120"/><T97/><D29/><U80/><E116/><V132/><F112/><W98/><G113/><T135/><D115/><U62/><E125/><V127/><F38/><W91/><G39/><T105/><D11/><U83/><E100/><V18/><F132/><W48/><G21/><T42/><D42/><U6/><E6/><N who="3" m="2666" /><G65/><T70/><D70/><U14/><E14/><V106/><F131/><W102/><G48/><T16/><D135/><U86/><REACH who="1" step="1"/><E68/><REACH who="1" ten="260,240,220,250" step="2"/><V104/><F127/><W122/><G122/><T117/><D117/><U128/><E128/><V119/><F119/><W76/><G75/><T46/><D107/><U15/><E15/><V74/><F106/><N who="3" m="63815" /><G98/><T78/><D46/><U114/><E114/><V71/><F71/><W109/><G109/><N who="0" m="42059" /><D59/><U54/><E54/><V36/><F104/><W25/><G25/><T22/><D63/><U130/><E130/><V50/><F26/><W45/><G45/><T55/><D55/><U40/><E40/><V93/><F57/><W64/><G64/><T53/><D53/><U35/><E35/><V32/><F32/><W49/><G49/><T28/><D28/><U20/><E20/><V82/><F66/><W118/><G118/><T33/><D33/><U134/><E134/><V56/><F10/><W95/><AGARI ba="1,3" hai="76,77,84,91,95,120,121,123" m="63815,2666" machi="95" ten="40,1500,0" yaku="13,1" doraHai="79" who="3" fromWho="3" sc="260,-8,240,-5,220,-5,250,48" /><INIT seed="1,0,0,5,0,75" ten="252,235,215,298" oya="1" hai0="71,95,56,130,84,82,40,17,103,58,12,123,90" hai1="89,66,35,0,133,3,53,73,11,34,19,62,70" hai2="51,129,114,63,128,86,61,16,112,27,46,32,79" hai3="121,83,23,80,7,127,93,102,57,97,94,64,6"/><U126/><E133/><V2/><F2/><W78/><G121/><T131/><D71/><U41/><E126/><V59/><F32/><W28/><G127/><T117/><D40/><U60/><E73/><V30/><F30/><W101/><G83/><T38/><D38/><U72/><E72/><V99/><F99/><W45/><G45/><T47/><D47/><U20/><E41/><V87/><F27/><N who="3" m="16511" /><G94/><T135/><D135/><U81/><E3/><V67/><F16/><W55/><G102/><T119/><D56/><U74/><E0/><V113/><F87/><N who="3" m="48535" /><G64/><T22/><D58/><U52/><E11/><V88/><F79/><W125/><G125/><T43/><D43/><U48/><E62/><AGARI ba="0,0" hai="6,7,55,57,62,93,97,101" m="48535,16511" machi="62" ten="30,2000,0" yaku="8,1,52,1" doraHai="75" who="3" fromWho="1" sc="252,0,235,-20,215,0,298,20" /><INIT seed="2,0,0,1,3,118" ten="252,215,215,318" oya="2" hai0="92,121,47,106,116,103,60,6,66,129,99,135,125" hai1="9,7,79,88,13,102,2,43,134,55,14,100,38" hai2="123,117,18,52,87,124,77,10,107,17,30,90,76" hai3="27,80,23,70,61,71,75,82,115,15,110,46,32"/><V44/><F117/><W16/><G110/><T105/><D116/><U95/><E134/><V112/><F107/><W42/><G115/><T86/><D135/><U33/><E33/><V20/><F112/><W8/><G32/><T96/><D129/><U122/><E79/><V48/><F123/><W131/><G131/><T51/><D125/><U85/><E122/><V78/><F124/><W40/><G40/><T49/><D49/><U64/><E64/><V128/><F128/><W25/><G25/><T54/><D121/><U73/><E73/><V69/><F69/><W84/><G75/><T19/><D6/><U45/><E55/><V36/><F36/><W111/><G111/><T65/><D65/><U34/><E34/><V5/><F30/><W12/><G12/><T97/><D19/><U63/><E63/><V57/><F44/><W68/><G84/><T93/><D86/><U114/><E114/><V119/><F20/><W4/><REACH who="3" step="1"/><G61/><REACH who="3" ten="252,215,215,308" step="2"/><T29/><D99/><U35/><E35/><V21/><F21/><W0/><G0/><T67/><D29/><U62/><E62/><V132/><F119/><W101/><G101/><T24/><D24/><U109/><E109/><V127/><F127/><W39/><AGARI ba="0,1" hai="4,8,15,16,23,27,39,42,46,68,70,71,80,82" machi="39" ten="30,4000,0" yaku="1,1,0,1,54,1,53,0" doraHai="118" doraHaiUra="50" who="3" fromWho="3" sc="252,-10,215,-10,215,-20,308,50" /><INIT seed="3,0,0,0,0,116" ten="242,205,195,358" oya="3" hai0="133,24,57,109,118,45,100,35,69,30,88,21,6" hai1="123,121,22,29,87,70,71,96,41,60,38,44,32" hai2="25,119,135,84,33,122,124,62,58,52,53,47,130" hai3="94,7,61,23,97,106,1,14,40,76,28,95,43"/><W4/><G1/><T56/><D69/><U86/><E32/><V27/><F119/><W37/><G106/><T114/><D118/><U26/><E96/><V18/><F124/><W36/><G76/><T82/><D109/><U0/><E0/><V3/><F135/><W16/><G61/><T63/><D133/><U75/><E75/><V107/><F130/><W129/><G129/><T93/><D114/><U113/><E113/><V65/><F3/><W132/><G132/><T131/><D6/><N who="3" m="2089" /><G37/><T59/><D131/><U67/><REACH who="1" step="1"/><E71/><REACH who="1" ten="242,195,195,358" step="2"/><V108/><F33/><W85/><G36/><T17/><D35/><U91/><E91/><V5/><F108/><W103/><G28/><T55/><D100/><U74/><E74/><V12/><F5/><W101/><G103/><T134/><D134/><U20/><E20/><V68/><F68/><W13/><G85/><AGARI ba="0,1" hai="22,26,29,38,41,44,60,67,70,85,86,87,121,123" machi="85" ten="40,5200,0" yaku="1,1,52,2,53,0" doraHai="116" doraHaiUra="102" who="1" fromWho="3" sc="242,0,195,62,195,0,358,-52" /><INIT seed="4,0,0,1,0,39" ten="242,257,195,306" oya="0" hai0="118,59,98,32,47,91,113,94,125,116,64,66,126" hai1="51,101,52,87,105,72,68,37,112,70,30,41,28" hai2="131,88,132,92,97,84,21,124,42,96,81,89,2" hai3="5,77,56,133,33,27,48,16,80,45,129,6,57"/><T46/><D32/><U130/><E72/><V85/><F2/><W114/><G114/><T90/><D113/><U134/><E112/><V10/><F10/><W12/><G129/><T119/><D59/><U1/><E1/><V75/><F131/><W34/><G34/><T109/><D98/><U62/><E130/><V19/><F132/><W31/><G133/><T99/><D99/><U36/><E101/><V71/><F71/><W76/><G76/><T83/><D94/><U9/><E105/><V24/><F124/><N who="0" m="47722" /><D109/><U38/><E9/><V22/><F75/><W23/><G56/><T74/><D74/><U18/><E18/><V102/><F42/><W63/><G57/><T14/><D14/><U60/><E87/><V108/><F108/><W69/><G63/><N who="1" m="24106" /><E30/><V53/><F53/><W79/><G69/><N who="1" m="26730" /><E28/><V15/><REACH who="2" step="1"/><F102/><REACH who="2" ten="242,257,185,306" step="2"/><W106/><G106/><T0/><D0/><U117/><E134/><V78/><F78/><W13/><G79/><T122/><D122/><U54/><E117/><V111/><F111/><W110/><G110/><T58/><D83/><U8/><E8/><V104/><F104/><W107/><G107/><T86/><D91/><U120/><E120/><V128/><F128/><W95/><G80/><N who="0" m="49479" /><D66/><U123/><E123/><V55/><F55/><W115/><G77/><T17/><D64/><U3/><E3/><V29/><AGARI ba="0,1" hai="15,19,21,22,24,29,81,84,85,88,89,92,96,97" machi="29" ten="20,8000,1" yaku="1,1,0,1,7,1,8,1,54,1,53,0" doraHai="39" doraHaiUra="100" who="2" fromWho="2" sc="242,-40,257,-20,185,90,306,-20" /><INIT seed="5,0,0,0,5,100" ten="202,237,275,286" oya="1" hai0="121,88,16,36,42,80,57,134,37,76,118,125,126" hai1="33,30,85,3,120,39,130,127,55,5,9,69,56" hai2="59,79,91,40,68,119,86,7,17,73,53,75,10" hai3="32,72,103,8,129,13,48,82,94,26,116,14,34"/><U12/><E120/><V84/><F68/><W110/><G110/><T102/><D118/><U20/><E69/><V132/><F119/><W38/><G116/><T29/><D121/><U115/><E115/><V11/><F40/><W61/><G38/><T78/><D29/><U52/><E130/><V117/><F79/><W107/><G107/><T101/><D57/><U67/><E39/><V123/><F86/><W21/><G129/><T124/><D42/><U18/><E127/><N who="0" m="48713" /><D37/><U77/><E77/><V54/><F54/><W47/><G82/><T108/><D36/><U113/><E113/><V31/><F31/><W99/><G72/><N who="0" m="43015" /><D108/><U0/><E85/><V25/><F84/><W111/><G111/><T6/><D6/><U58/><E0/><V133/><F7/><W93/><G61/><T28/><D28/><U87/><E87/><V62/><F123/><W128/><G128/><T96/><D16/><U90/><E90/><V106/><F91/><W70/><G70/><T104/><N who="0" m="48721" /><T89/><DORA hai="92" /><D78/><U71/><E71/><V60/><F117/><W46/><G32/><T109/><D109/><U131/><E131/><V95/><F75/><W4/><G34/><T97/><D134/><U74/><E74/><V65/><F73/><W114/><G114/><T41/><D41/><U2/><E2/><V63/><F133/><W27/><G48/><T64/><D64/><U122/><E122/><V1/><F65/><W81/><G4/><T49/><D49/><U83/><E67/><V112/><F112/><W43/><G43/><T135/><D135/><U15/><E33/><RYUUKYOKU ba="0,0" sc="202,30,237,-10,275,-10,286,-10" hai0="88,89,96,97,101,102,104" /><INIT seed="6,1,0,4,0,83" ten="232,227,265,276" oya="2" hai0="130,50,37,87,31,89,57,125,48,66,73,111,100" hai1="64,80,12,70,61,112,71,18,104,29,92,65,121" hai2="43,20,63,98,109,15,74,67,69,13,3,78,113" hai3="84,49,96,102,11,62,23,32,132,103,53,45,35"/><V134/><F3/><W129/><G132/><T58/><D111/><U85/><E104/><V131/><F109/><W94/><G129/><T77/><D37/><U117/><E117/><V21/><F134/><W106/><G11/><T101/><D130/><U86/><E112/><V115/><F43/><W135/><G135/><T10/><D125/><U118/><E118/><V28/><F131/><W41/><G23/><N who="2" m="8777" /><F28/><W127/><G127/><T2/><D31/><U46/><E29/><V9/><F98/><W56/><REACH who="3" step="1"/><G103/><REACH who="3" ten="232,227,265,266" step="2"/><N who="0" m="39499" /><D10/><U79/><E121/><V119/><F9/><W75/><G75/><T95/><D2/><U54/><E12/><V59/><F15/><W128/><G128/><T6/><D73/><U19/><E19/><V123/><F74/><W40/><G40/><T51/><D6/><U0/><E18/><V99/><F115/><W27/><G27/><T55/><D77/><U39/><E0/><V110/><F78/><W82/><G82/><T33/><D33/><U24/><E24/><V88/><F113/><W5/><G5/><T36/><D36/><U8/><E39/><V81/><F110/><W60/><G60/><AGARI ba="1,1" hai="48,50,51,55,57,58,60,66,87,89,95" m="39499" machi="60" ten="30,2000,0" yaku="8,1,52,1" doraHai="83" who="0" fromWho="3" sc="232,33,227,0,265,0,266,-23" /><INIT seed="7,0,0,0,1,2" ten="265,227,265,243" oya="3" hai0="15,101,42,54,78,16,124,95,80,58,114,117,60" hai1="112,31,121,94,115,22,120,50,130,38,132,49,66" hai2="32,29,84,39,8,62,65,33,99,47,43,88,59" hai3="111,24,134,3,23,103,7,74,73,90,104,106,5"/><W41/><G41/><T105/><D105/><U129/><E38/><V69/><F99/><W85/><G3/><T135/><D117/><U36/><E36/><V27/><F8/><W55/><G55/><T107/><D107/><U96/><E66/><V56/><REACH who="2" step="1"/><F33/><REACH who="2" ten="265,227,255,243" step="2"/><W98/><G106/><T128/><D128/><N who="1" m="49259" /><E22/><V125/><F125/><W67/><G134/><T10/><D124/><U118/><E118/><V71/><F71/><W61/><G111/><T35/><D135/><U53/><E132/><V37/><F37/><W19/><G74/><T52/><D35/><U113/><E31/><V40/><F40/><W18/><G73/><T21/><D42/><U12/><E12/><V30/><F30/><W13/><G13/><T48/><D114/><N who="1" m="29187" /><U68/><DORA hai="17" /><E68/><V100/><F100/><W0/><G0/><T81/><D101/><N who="1" m="60567" /><E53/><V108/><F108/><W102/><G102/><T89/><D21/><U93/><E93/><AGARI ba="0,1" hai="27,29,32,39,43,47,56,59,62,65,69,84,88,93" machi="93" ten="30,7700,0" yaku="1,1,7,1,54,1,53,1" doraHai="2,17" doraHaiUra="83,76" who="2" fromWho="1" sc="265,0,227,-77,255,87,243,0" owari="265,6.5,150,-35.0,342,44.2,243,-15.7" /></mjloggm>