<mjloggm ver="2.3"><GO type="41" lobby="0"/><UN n0="%67%61%72%75%63%69%61" n1="%E3%81%9A%E3%81%9A" n2="%E2%93%9D%4C%75%63%6B%79%4A" n3="%43%68%61%69%72%4A%75%6E" dan="13,14,17,14" rate="1897.11,1940.00,2133.28,1929.05" sx="M,M,M,M"/><TAIKYOKU oya="0"/><INIT seed="0,0,0,1,5,78" ten="250,250,250,250" oya="0" hai0="64,40,47,115,75,31,104,18,135,88,4,41,131" hai1="79,7,96,113,108,109,118,106,49,82,11,107,112" hai2="63,57,97,60,98,83,99,19,12,14,129,46,26" hai3="1,17,81,30,61,132,90,85,37,84,111,24,73"/><T35/><D115/><N who="1" m="44107" /><E49/><V22/><F129/><W122/><G37/><T62/><D75/><N who="1" m="43391" /><E118/><V58/><F46/><W66/><G73/><T69/><D4/><U124/><E124/><V16/><F83/><W33/><G122/><T0/><D0/><N who="1" m="487" /><E96/><V80/><F80/><W65/><G1/><T100/><D131/><U67/><E67/><V87/><F87/><W91/><G66/><T134/><D18/><U119/><E119/><V70/><F70/><W5/><G17/><T42/><D88/><U34/><E34/><V126/><F126/><W68/><G5/><T36/><D41/><U77/><E77/><V25/><F99/><W10/><G10/><T55/><D42/><U54/><E54/><V89/><F89/><W102/><G102/><T9/><D9/><U56/><E56/><V133/><REACH who="2" step="1"/><F22/><REACH who="2" ten="250,250,240,250" step="2"/><W105/><G85/><T74/><D74/><U2/><E2/><V76/><F76/><W103/><G91/><T38/><D38/><U3/><E3/><V130/><F130/><W94/><G81/><T86/><D86/><U110/><AGARI ba="0,1" hai="106,107,108,109,110" m="487,43391,44107" machi="110" ten="40,8000,1" yaku="14,1,11,1,23,1,52,1" doraHai="78" who="1" fromWho="1" sc="250,-40,250,90,240,-20,250,-20" /><INIT seed="1,0,0,3,4,104" ten="210,340,220,230" oya="1" hai0="39,66,65,103,26,79,106,120,17,76,43,54,25" hai1="28,2,131,128,89,68,99,18,78,21,117,14,4" hai2="114,37,33,88,97,72,118,82,73,46,31,125,59" hai3="80,96,129,9,24,122,45,90,61,11,75,119,87"/><U74/><E68/><V29/><F118/><W130/><G122/><T16/><D120/><U127/><E117/><V8/><F33/><W42/><G119/><T101/><D43/><U22/><E127/><V105/><F59/><W19/><G61/><T133/><D106/><U7/><E89/><V110/><F8/><W134/><G134/><T91/><D91/><U98/><E98/><V50/><F37/><W70/><G70/><T109/><D54/><U81/><E99/><V5/><F5/><W135/><G135/><T58/><D58/><U64/><E2/><V48/><F110/><W44/><G44/><T102/><D102/><U85/><E85/><V15/><F15/><W69/><G69/><T13/><D13/><U1/><E64/><V108/><F114/><W3/><G3/><T60/><D60/><U34/><E22/><V86/><F108/><W57/><G57/><T112/><D109/><U100/><E100/><V20/><F125/><W6/><G6/><T126/><D126/><U83/><E83/><V77/><F50/><W62/><G62/><T10/><D10/><N who="1" m="2319" /><E7/><V35/><F35/><W93/><G9/><T36/><REACH who="0" step="1"/><D112/><REACH who="0" ten="200,340,220,230" step="2"/><U113/><E113/><V12/><F12/><W53/><G11/><T40/><D40/><U27/><AGARI ba="0,1" hai="14,18,21,27,28,34,74,78,81,128,131" m="2319" machi="27" ten="30,3000,0" yaku="24,1,52,1" doraHai="104" who="1" fromWho="1" sc="200,-10,340,40,220,-10,230,-10" /><INIT seed="1,1,0,3,5,131" ten="190,380,210,220" oya="1" hai0="114,90,97,98,96,93,41,38,53,106,22,77,67" hai1="28,130,23,61,123,91,68,13,37,109,54,56,19" hai2="110,70,8,18,33,5,79,92,115,55,104,69,16" hai3="81,32,63,42,7,89,85,29,88,30,94,99,17"/><U78/><E123/><V107/><F33/><W52/><G32/><T83/><D114/><U128/><E28/><V10/><F79/><W80/><G7/><T20/><D67/><U100/><E37/><V2/><F92/><W120/><G120/><T46/><D53/><U40/><E40/><V112/><F5/><W111/><G42/><T59/><D59/><U127/><E127/><V86/><F86/><W35/><G35/><T57/><D57/><U66/><E100/><V71/><F55/><W116/><G116/><T119/><D119/><U12/><E78/><V132/><F110/><W43/><G43/><T27/><D106/><N who="2" m="40490" /><F2/><W82/><G17/><N who="2" m="6761" /><F132/><W75/><G75/><T15/><D15/><U122/><E122/><V34/><F34/><W0/><G0/><T133/><D133/><U108/><E91/><V60/><F60/><W76/><G76/><T129/><D129/><N who="1" m="49771" /><E13/><V95/><F95/><N who="3" m="54671" /><G111/><N who="1" m="42570" /><E54/><V126/><F126/><W72/><G72/><T103/><D103/><U25/><E12/><V1/><F1/><W64/><G64/><T51/><D38/><U44/><E44/><V101/><F101/><W87/><G87/><N who="0" m="48623" /><D27/><U121/><E121/><V65/><F65/><W124/><G124/><T6/><D6/><U47/><E47/><V102/><F102/><W11/><G11/><AGARI ba="1,0" hai="8,10,11,69,70,71,112,115" m="6761,40490" machi="11" ten="40,5200,0" yaku="28,2,54,1" doraHai="131" who="2" fromWho="3" sc="190,0,380,0,210,55,220,-55" /><INIT seed="2,0,0,3,5,3" ten="190,380,265,165" oya="2" hai0="22,36,130,101,38,15,65,2,103,86,131,125,73" hai1="127,120,16,49,19,44,84,90,78,115,133,122,135" hai2="48,61,60,102,10,75,28,121,106,5,109,40,114" hai3="98,27,1,45,59,82,99,83,21,81,39,66,111"/><V91/><F121/><N who="1" m="46697" /><E78/><V52/><F114/><W4/><G111/><T128/><D73/><U113/><E127/><V31/><F75/><W126/><G126/><T132/><D2/><U112/><E90/><V23/><F40/><W46/><G39/><N who="0" m="14891" /><D125/><U24/><E84/><V37/><F37/><W85/><G85/><T14/><D132/><N who="1" m="50763" /><E24/><V50/><F50/><W71/><G71/><T20/><D65/><U17/><E17/><V41/><F41/><AGARI ba="0,0" hai="16,19,41,44,49,112,113,115" m="50763,46697" machi="41" ten="40,5200,0" yaku="13,1,20,1,54,1" doraHai="3" who="1" fromWho="2" sc="190,0,380,52,265,-52,165,0" /><INIT seed="3,0,0,0,3,75" ten="190,432,213,165" oya="3" hai0="123,13,70,109,1,86,78,22,85,130,21,37,43" hai1="38,65,124,28,7,115,17,128,48,10,134,116,88" hai2="20,24,100,119,32,15,111,9,114,46,33,133,27" hai3="30,40,122,50,59,79,14,103,25,62,16,83,4"/><W19/><G122/><T132/><D1/><U44/><E115/><V3/><F100/><W53/><G103/><T77/><D123/><U71/><E28/><V42/><F42/><W84/><G4/><T56/><D70/><U34/><E34/><V58/><F46/><N who="3" m="25927" /><G14/><T2/><D2/><U67/><E17/><V74/><F119/><W120/><G120/><T45/><D130/><U126/><E128/><V106/><F106/><W36/><G36/><T121/><D121/><U29/><E29/><V112/><F74/><W127/><G127/><T12/><D109/><U51/><E10/><V81/><F111/><W89/><G89/><T97/><D132/><U101/><E88/><V35/><F133/><W73/><G73/><T94/><D56/><U26/><E7/><N who="2" m="1279" /><F58/><W63/><G63/><T52/><D52/><U60/><E101/><V125/><F125/><W5/><G5/><T102/><D12/><U11/><E11/><V82/><F114/><W69/><G69/><T91/><D85/><U55/><E55/><V107/><F112/><W76/><G76/><T93/><REACH who="0" step="1"/><D22/><AGARI ba="0,0" hai="16,19,22,25,30,53,59,62,79,83,84" m="25927" machi="22" ten="30,5800,0" yaku="8,1,52,1,54,1" doraHai="75" who="3" fromWho="0" sc="190,-58,432,0,213,0,165,58" /><INIT seed="3,1,0,1,0,46" ten="132,432,213,223" oya="3" hai0="103,109,95,45,0,51,82,11,4,16,107,120,70" hai1="130,44,30,114,42,34,124,66,58,117,26,118,101" hai2="21,24,25,90,84,59,38,33,23,36,131,129,47" hai3="123,98,83,72,106,28,15,50,20,7,92,65,85"/><W57/><G123/><T61/><D120/><U88/><E114/><V19/><F33/><W62/><G106/><T108/><D107/><U3/><E3/><V52/><F47/><W110/><G72/><T73/><D73/><U74/><E74/><V99/><F99/><W64/><G110/><N who="0" m="42603" /><D82/><U1/><E1/><V49/><F131/><W76/><G7/><T54/><D103/><U116/><E101/><V126/><F126/><W104/><G104/><T102/><D102/><U87/><E58/><V60/><F60/><W31/><G65/><N who="0" m="41263" /><D95/><N who="1" m="54687" /><E66/><V27/><F129/><W2/><G2/><T68/><D68/><U128/><E124/><V122/><F122/><W37/><G37/><AGARI ba="1,0" hai="26,30,34,37,42,44,116,117,118,128,130" m="54687" machi="37" ten="30,2000,0" yaku="12,1,54,1" doraHai="46" who="1" fromWho="3" sc="132,0,432,23,213,0,223,-23" /><INIT seed="4,0,0,0,2,74" ten="132,455,213,200" oya="0" hai0="12,8,93,60,53,21,125,129,128,5,50,109,111" hai1="88,33,92,31,18,104,135,121,23,44,86,127,68" hai2="19,87,24,108,10,133,115,122,51,64,131,101,71" hai3="13,55,118,81,38,95,25,102,112,15,2,41,35"/><T22/><D60/><U78/><E121/><V54/><F108/><N who="0" m="41546" /><D93/><U76/><E104/><V56/><F131/><N who="0" m="50250" /><D53/><U1/><E68/><V120/><F115/><W4/><G112/><T57/><D57/><U73/><E73/><V27/><F133/><W90/><G55/><T52/><D52/><U46/><E46/><V116/><F71/><W32/><G41/><T43/><D50/><U17/><E44/><V82/><F116/><W29/><G38/><T132/><D43/><U59/><E86/><V79/><F122/><W26/><G95/><T42/><D42/><U98/><E98/><V7/><F120/><W126/><G81/><T63/><D63/><U39/><E39/><V67/><F101/><W28/><G118/><T103/><D103/><U3/><E135/><V80/><F19/><W85/><G102/><T130/><N who="0" m="50258" /><T0/><DORA hai="123" /><D132/><U105/><E105/><V114/><F114/><W30/><G90/><T65/><D65/><U14/><E88/><V99/><F99/><W110/><G85/><T61/><D61/><U62/><E59/><V48/><F51/><W47/><G110/><T16/><D125/><U91/><E91/><V96/><F96/><W6/><G47/><T113/><D113/><U97/><E62/><V11/><F67/><W49/><G49/><T119/><D119/><U83/><E97/><V9/><F64/><W70/><G126/><T100/><D100/><U134/><E127/><V58/><F58/><W37/><G70/><T72/><D72/><U107/><E134/><V45/><F45/><W69/><G37/><T94/><D94/><RYUUKYOKU ba="0,0" sc="132,30,455,-10,213,-10,200,-10" hai0="0,5,8,12,16,21,22" /><INIT seed="4,1,0,0,0,33" ten="162,445,203,190" oya="0" hai0="76,4,32,115,68,109,99,122,67,113,90,7,97" hai1="114,134,123,28,41,23,47,93,13,85,30,79,133" hai2="62,77,18,81,112,89,118,70,60,78,130,92,45" hai3="36,102,128,21,6,53,98,104,86,121,129,125,0"/><T14/><D122/><U19/><E123/><V51/><F130/><N who="3" m="50283" /><G121/><T64/><D32/><U110/><E110/><V59/><F70/><W27/><G36/><T84/><D76/><U74/><E74/><V135/><F112/><N who="0" m="43082" /><D109/><U38/><E114/><V82/><F135/><N who="1" m="51721" /><E79/><V69/><F69/><W5/><G125/><T44/><D44/><U132/><E132/><V11/><F78/><W58/><G86/><T56/><D68/><U106/><E106/><V127/><F77/><W31/><G0/><T26/><D26/><U80/><E80/><V120/><F82/><W24/><G24/><T16/><D84/><U40/><E40/><V48/><F81/><W43/><G43/><T73/><D73/><U75/><E75/><V12/><F120/><W22/><G21/><N who="0" m="11415" /><D56/><U9/><E23/><V20/><F59/><W108/><G108/><T131/><D131/><U42/><E42/><V54/><F20/><W116/><G116/><T119/><D119/><U55/><E85/><V111/><F118/><W25/><G25/><T101/><D90/><U49/><E41/><V37/><F111/><W17/><G31/><N who="1" m="11818" /><E38/><V8/><F37/><W124/><G58/><T29/><D29/><U46/><E46/><V52/><F45/><W35/><G35/><T2/><D2/><U83/><E47/><V88/><F12/><W107/><G27/><T3/><D3/><U57/><E13/><V1/><F1/><W126/><G22/><T71/><D71/><U39/><E39/><V95/><REACH who="2" step="1"/><F18/><REACH who="2" ten="162,445,193,190" step="2"/><W66/><G17/><T65/><D101/><U34/><E19/><V105/><F105/><RYUUKYOKU ba="1,1" sc="162,15,445,-15,193,15,190,-15" hai0="4,7,64,65,67,97,99" hai2="8,11,48,51,52,54,60,62,88,89,92,95,127" /><INIT seed="4,2,1,1,1,81" ten="177,430,208,175" oya="0" hai0="56,63,84,34,35,88,130,69,13,132,7,108,41" hai1="75,100,115,39,118,28,53,80,54,77,9,125,86" hai2="64,95,109,67,72,47,128,38,43,20,58,48,52" hai3="123,112,102,122,5,49,4,55,30,114,106,82,2"/><T119/><D119/><U134/><E118/><V25/><F109/><W36/><G36/><T8/><D108/><U59/><E39/><V85/><F72/><W73/><G30/><T71/><D41/><U76/><E28/><V62/><F128/><W133/><G133/><T117/><D117/><U90/><E77/><V101/><F38/><W24/><G24/><T40/><D40/><U111/><E111/><V78/><F101/><W87/><G73/><T65/><D130/><U22/><E22/><V120/><F120/><N who="3" m="46123" /><G102/><T3/><D132/><U26/><E26/><V96/><F96/><W50/><G106/><T1/><D71/><U83/><E9/><V44/><F47/><N who="3" m="28095" /><G50/><T61/><D35/><U126/><E100/><V0/><F0/><W31/><G31/><T12/><D34/><U94/><E75/><V29/><REACH who="2" step="1"/><F78/><REACH who="2" ten="177,430,198,175" step="2"/><N who="3" m="46551" /><G2/><T19/><D1/><U46/><E134/><V121/><F121/><W129/><G129/><T57/><D3/><U74/><E76/><V15/><F15/><W124/><G124/><T21/><REACH who="0" step="1"/><D63/><REACH who="0" ten="167,430,198,175" step="2"/><U6/><E126/><V103/><F103/><W60/><G60/><T99/><D99/><U93/><E125/><V89/><AGARI ba="2,3" hai="20,25,29,43,44,48,52,58,62,64,67,85,89,95" machi="89" ten="30,12000,2" yaku="1,1,0,1,8,1,52,1,54,1,53,1" doraHai="81" doraHaiUra="18" who="2" fromWho="2" sc="167,-62,430,-32,198,156,175,-32" /><INIT seed="5,0,0,3,0,64" ten="105,398,354,143" oya="1" hai0="134,77,22,76,9,95,18,87,61,101,12,80,73" hai1="27,35,67,46,13,91,43,85,56,59,114,39,45" hai2="78,90,79,63,66,86,107,16,102,92,48,123,103" hai3="124,99,19,28,118,129,24,29,42,41,44,122,115"/><U116/><E116/><V10/><F123/><W7/><G118/><T38/><D38/><U26/><E114/><V109/><F109/><W94/><G122/><T4/><D134/><U70/><E46/><V23/><F10/><W32/><G115/><T71/><D73/><U50/><E13/><V25/><F48/><W20/><G124/><T58/><D71/><U72/><E72/><V52/><F107/><W2/><G129/><T82/><D101/><N who="2" m="38410" /><F66/><W8/><G99/><T83/><D95/><U104/><E104/><V130/><F130/><W98/><G98/><T132/><D132/><U1/><E1/><V93/><F93/><W128/><G94/><T96/><D96/><U113/><E113/><V125/><F125/><W30/><G44/><T88/><D76/><U34/><E34/><V0/><F0/><W62/><G62/><T110/><D110/><U6/><E6/><V121/><F121/><W54/><G54/><T49/><D49/><U111/><E111/><V131/><F131/><W97/><G97/><T21/><D21/><U108/><E108/><V84/><F86/><W81/><G81/><T3/><REACH who="0" step="1"/><D77/><REACH who="0" ten="95,398,354,143" step="2"/><U105/><E105/><V33/><F33/><W75/><G75/><T51/><D51/><U126/><E126/><V112/><F112/><W5/><G128/><T47/><D47/><U14/><E35/><V53/><F63/><W17/><G42/><T106/><D106/><U11/><E50/><V117/><F117/><W68/><G41/><T36/><D36/><U100/><E43/><V55/><AGARI ba="0,1" hai="16,23,25,52,53,55,78,79,84,90,92" m="38410" machi="55" ten="30,4000,0" yaku="8,1,54,2" doraHai="64" who="2" fromWho="2" sc="95,-10,398,-20,354,50,143,-10" /><INIT seed="6,0,0,1,5,118" ten="85,378,404,133" oya="2" hai0="74,134,94,128,93,42,102,72,68,19,55,20,113" hai1="135,27,114,82,57,96,34,26,70,12,77,116,35" hai2="120,122,71,117,111,109,86,56,125,52,124,2,44" hai3="13,101,79,45,17,119,15,88,129,80,53,28,32"/><V30/><F117/><W37/><G119/><T126/><D68/><U75/><E116/><V18/><F2/><W0/><G0/><T58/><D126/><N who="2" m="48746" /><F71/><W104/><G129/><T99/><D128/><U89/><E70/><V59/><F30/><W4/><G104/><T106/><D134/><U105/><E114/><V103/><F103/><W36/><G101/><T107/><D42/><U31/><E135/><V9/><F86/><W108/><G108/><N who="2" m="41545" /><F59/><W95/><G28/><T112/><D107/><U8/><E57/><V50/><F9/><W132/><G32/><T38/><D38/><U97/><E105/><V133/><F18/><W83/><G132/><T21/><D21/><U25/><E34/><V6/><F6/><W131/><G4/><T90/><D72/><U127/><E127/><V47/><F133/><W69/><G69/><T51/><D74/><U23/><E35/><V22/><F22/><W43/><G17/><T84/><REACH who="0" step="1"/><D106/><REACH who="0" ten="75,378,404,133" step="2"/><U123/><E23/><V110/><F110/><W48/><G36/><T66/><D66/><U100/><E75/><V98/><F98/><W92/><G131/><T1/><D1/><U78/><E97/><V14/><F14/><AGARI ba="0,1" hai="14,19,20,51,55,58,84,90,93,94,99,102,112,113" machi="14" ten="40,5200,0" yaku="1,1,25,2,53,0" doraHai="118" doraHaiUra="121" who="0" fromWho="2" sc="75,62,378,0,404,-52,133,0" /><INIT seed="7,0,0,3,1,34" ten="137,378,352,133" oya="3" hai0="62,9,77,56,41,37,44,127,128,87,21,35,24" hai1="105,25,85,36,123,86,12,52,4,109,42,22,108" hai2="135,99,20,13,106,126,129,84,107,91,93,89,113" hai3="32,33,11,96,23,17,122,57,119,48,60,7,1"/><W61/><G119/><T40/><D35/><U82/><E123/><V117/><F117/><W55/><G122/><T125/><D41/><U2/><E105/><V97/><F13/><W130/><G130/><T38/><D38/><U81/><E12/><V64/><F64/><W49/><G49/><T45/><D45/><U26/><E42/><V83/><F20/><W68/><G61/><T121/><D121/><U131/><E22/><V0/><F0/><W3/><G3/><T63/><D128/><U75/><E2/><V102/><F113/><W6/><G6/><T78/><D9/><U101/><E101/><V46/><F46/><W30/><G30/><N who="0" m="17679" /><D87/><U92/><E4/><V18/><F18/><W132/><G132/><T80/><D80/><U118/><E118/><V58/><F58/><W8/><G8/><T69/><D69/><U29/><E29/><V47/><F47/><W16/><G17/><T74/><D74/><U66/><E75/><V59/><F59/><W73/><G73/><T90/><D90/><U71/><E71/><V50/><F50/><W112/><G112/><T116/><D116/><U79/><E36/><V31/><F31/><W98/><G33/><T94/><D94/><U114/><E92/><N who="2" m="56735" /><F129/><W70/><G32/><T5/><D5/><U103/><E131/><V88/><F135/><W15/><REACH who="3" step="1"/><G68/><REACH who="3" ten="137,378,352,123" step="2"/><T54/><D63/><U110/><E114/><V14/><F107/><W76/><G76/><T72/><D72/><U65/><E79/><V39/><F39/><W120/><G120/><T124/><AGARI ba="0,1" hai="37,40,44,54,56,62,77,78,124,125,127" m="17679" machi="124" ten="30,1100,0" yaku="18,1" doraHai="34" who="0" fromWho="0" sc="137,21,378,-3,352,-3,123,-5" owari="158,-24.2,375,47.5,349,14.9,118,-38.2" /></mjloggm>