<mjloggm ver="2.3"><GO type="41" lobby="0"/><UN n0="%E2%93%9D%4C%75%63%6B%79%4A" n1="%E3%83%A0%E3%82%B5%E3%82%B5%E3%83%93" n2="%6C%69%6B%65%61%78%65" n3="%E3%82%AB%E3%83%AB%E3%82%B3%E3%83%B3%31%30%31" dan="17,14,13,13" rate="2174.35,1908.94,1844.92,1837.27" sx="M,M,M,M"/><TAIKYOKU oya="0"/><INIT seed="0,0,0,4,2,75" ten="250,250,250,250" oya="0" hai0="131,111,89,121,16,114,64,60,105,76,35,47,134" hai1="27,41,46,94,11,30,34,17,99,33,38,122,0" hai2="130,74,110,6,3,91,86,73,107,88,20,52,132" hai3="36,100,69,104,62,22,45,7,135,67,98,49,39"/><T8/><D121/><U54/><E122/><V133/><F107/><W72/><G72/><T123/><D114/><U96/><E99/><V32/><F32/><W10/><G135/><T126/><D35/><U97/><E97/><V87/><F6/><W42/><REACH who="3" step="1"/><G22/><REACH who="3" ten="250,250,250,240" step="2"/><T37/><D134/><N who="2" m="51818" /><F20/><W68/><G68/><T4/><D123/><U119/><E33/><V129/><F3/><AGARI ba="0,1" hai="3,7,10,36,39,42,45,49,62,67,69,98,100,104" machi="3" ten="30,2000,0" yaku="1,1,7,1,53,0" doraHai="75" doraHaiUra="26" who="3" fromWho="2" sc="250,0,250,0,250,-20,240,30" /><INIT seed="1,0,0,1,3,23" ten="250,250,230,270" oya="1" hai0="30,80,83,107,51,105,10,96,14,126,33,87,43" hai1="41,45,121,1,117,134,101,129,20,116,74,111,40" hai2="90,98,112,86,59,77,109,75,81,29,85,15,39" hai3="106,21,24,78,119,118,19,34,68,89,48,130,25"/><U4/><E121/><V49/><F39/><W64/><G106/><T38/><D38/><U72/><E101/><V12/><F109/><W13/><G78/><T110/><D126/><U66/><E66/><V67/><F112/><W84/><G130/><T92/><D83/><U63/><E63/><V11/><F75/><W54/><G34/><T125/><D125/><U103/><E103/><V88/><F29/><W131/><G131/><T8/><D10/><U70/><E70/><V50/><F15/><W28/><G28/><T113/><D113/><U65/><E65/><V56/><F98/><W94/><G64/><T60/><D60/><U95/><E4/><V82/><F67/><W71/><G71/><T52/><D43/><U100/><E1/><V122/><F122/><W62/><G62/><T2/><D2/><U26/><E72/><V3/><F3/><W0/><G68/><T124/><D110/><U9/><E74/><V69/><F77/><W57/><G0/><T18/><D30/><U32/><E32/><V114/><F114/><W93/><REACH who="3" step="1"/><G93/><REACH who="3" ten="250,250,230,260" step="2"/><T17/><D33/><U127/><E95/><V123/><F123/><W35/><G35/><T47/><D124/><U5/><E129/><V42/><F69/><W7/><G7/><T61/><D61/><U108/><E5/><N who="2" m="3183" /><F50/><W97/><G97/><T58/><D96/><U37/><E127/><V76/><F76/><W44/><G44/><AGARI ba="0,1" hai="42,44,49,56,59,81,82,85,86,88,90" m="3183" machi="44" ten="30,2000,0" yaku="8,1,54,1" doraHai="23" who="2" fromWho="3" sc="250,0,250,0,230,30,260,-20" /><INIT seed="2,0,0,1,5,39" ten="250,250,260,240" oya="2" hai0="78,8,113,99,11,114,108,89,115,45,93,53,86" hai1="82,68,72,95,67,49,41,54,47,96,133,23,48" hai2="5,38,87,104,80,50,62,69,25,24,101,70,60" hai3="35,2,20,26,9,97,92,126,65,134,112,15,31"/><V12/><F38/><W33/><G65/><T55/><D108/><U46/><E133/><V131/><F131/><W135/><G92/><T128/><D128/><U91/><E68/><V7/><F101/><W100/><G97/><T36/><D78/><U71/><E71/><N who="2" m="27147" /><F50/><W74/><G100/><T84/><D55/><U132/><E132/><N who="3" m="50730" /><G74/><T0/><D0/><U130/><E130/><V61/><F12/><W32/><G112/><T73/><D73/><U118/><E67/><V105/><F87/><W21/><G126/><T76/><D76/><U120/><E72/><V1/><F80/><W110/><G110/><T129/><D129/><U52/><E82/><V58/><F1/><W6/><G20/><T34/><D86/><U43/><E120/><V29/><F58/><W116/><G116/><T51/><D34/><U94/><E118/><V13/><F29/><W117/><G117/><T66/><D36/><U28/><E94/><V40/><F104/><W59/><G59/><T103/><REACH who="0" step="1"/><D66/><REACH who="0" ten="240,250,260,240" step="2"/><U18/><E28/><V10/><F105/><AGARI ba="0,1" hai="8,11,45,51,53,84,89,93,99,103,105,113,114,115" machi="105" ten="40,5200,0" yaku="1,1,2,1,53,1" doraHai="39" doraHaiUra="85" who="0" fromWho="2" sc="240,62,250,0,260,-52,240,0" /><INIT seed="3,0,0,4,4,39" ten="302,250,208,240" oya="3" hai0="68,71,59,43,77,31,118,28,23,119,82,10,42" hai1="96,33,72,121,106,53,69,101,125,109,111,89,8" hai2="0,122,24,22,63,95,80,11,16,60,9,107,85" hai3="124,41,34,54,21,84,113,117,65,112,91,87,92"/><W45/><G34/><T49/><D10/><U110/><E33/><V44/><F107/><W90/><G117/><T64/><D82/><U75/><E69/><N who="0" m="26697" /><D77/><U47/><E121/><V134/><F122/><W88/><G124/><T127/><D23/><U74/><E125/><V94/><F0/><W12/><G65/><T30/><D127/><U135/><E8/><N who="2" m="3147" /><F44/><W7/><G54/><T83/><D83/><U103/><E53/><V105/><F105/><W108/><G108/><T73/><D73/><U29/><E47/><V46/><F46/><W104/><G104/><T126/><D126/><U66/><E66/><V3/><F3/><W120/><G7/><T99/><D99/><N who="1" m="61759" /><E29/><V93/><F134/><W48/><G120/><T5/><D5/><U37/><E37/><V129/><F129/><W27/><G12/><T1/><D1/><U98/><E135/><V115/><F115/><W4/><G4/><T36/><D36/><U26/><E26/><V6/><F6/><W116/><G116/><N who="0" m="44587" /><D64/><U2/><E2/><V100/><F100/><W76/><G76/><AGARI ba="0,0" hai="16,22,24,60,63,76,80,85,93,94,95" m="3147" machi="76" ten="30,2000,0" yaku="8,1,54,1" doraHai="39" who="2" fromWho="3" sc="302,0,250,0,208,20,240,-20" /><INIT seed="4,0,0,2,4,6" ten="302,250,228,220" oya="0" hai0="87,11,60,56,106,70,48,130,65,100,124,135,122" hai1="103,84,16,132,58,31,7,92,114,82,2,89,42" hai2="25,9,126,61,98,93,39,40,77,83,78,131,69" hai3="17,68,44,112,47,120,81,96,72,108,45,64,66"/><T18/><D122/><U90/><E132/><V55/><F126/><W102/><G108/><T133/><D124/><U121/><E121/><V67/><F131/><W119/><G120/><T27/><D130/><U19/><E31/><V85/><F25/><W34/><G34/><T29/><D87/><U22/><E103/><V24/><F24/><W1/><G1/><T8/><D18/><U37/><E114/><V127/><F127/><W28/><G28/><T97/><D48/><U91/><E19/><V59/><F77/><W62/><G66/><T53/><D53/><U74/><E74/><V51/><F93/><W20/><G81/><T118/><D56/><U117/><E117/><V41/><F98/><W35/><G72/><T95/><D95/><U116/><E92/><V23/><F23/><W26/><G35/><N who="0" m="20927" /><D118/><U10/><E58/><V30/><F30/><W128/><G128/><T50/><D50/><U111/><E111/><V75/><F85/><W5/><G5/><T129/><D129/><U46/><REACH who="1" step="1"/><E116/><REACH who="1" ten="302,240,228,220" step="2"/><V88/><F75/><W21/><G112/><T125/><D125/><U94/><E94/><V109/><F109/><W86/><G119/><T104/><D106/><U101/><E101/><V115/><F115/><W105/><G17/><T63/><D63/><U107/><E107/><V14/><F59/><W4/><G105/><T57/><D57/><U54/><E54/><V76/><F55/><W43/><G102/><T113/><D113/><U38/><E38/><V15/><F39/><W71/><G62/><T12/><D11/><U0/><E0/><V36/><F61/><RYUUKYOKU ba="0,1" sc="302,15,240,15,228,-15,220,-15" hai0="8,12,60,65,70,97,100,104,133,135" hai1="2,7,10,16,22,37,42,46,82,84,89,90,91" /><INIT seed="4,1,1,1,1,13" ten="317,255,213,205" oya="0" hai0="1,87,72,36,135,15,11,81,62,77,78,59,6" hai1="128,130,64,126,20,120,57,38,96,97,24,5,125" hai2="45,9,66,17,51,7,49,25,79,122,82,46,53" hai3="14,33,76,75,19,118,54,41,106,124,4,123,40"/><T63/><D135/><U98/><E38/><V48/><F122/><W22/><G106/><T8/><D36/><U65/><E5/><V3/><F66/><W119/><G33/><T91/><D72/><U84/><E84/><V18/><F25/><W133/><G76/><T107/><D107/><U134/><E57/><V27/><F27/><W102/><G102/><T67/><REACH who="0" step="1"/><D63/><REACH who="0" ten="307,255,213,205" step="2"/><U43/><E120/><V86/><F49/><W85/><G75/><T111/><D111/><U23/><E134/><V42/><AGARI ba="1,2" hai="3,7,9,17,18,42,45,46,48,51,53,79,82,86" machi="42" ten="20,5200,0" yaku="0,1,7,1,52,2" doraHai="13" who="2" fromWho="2" sc="307,-27,255,-14,213,75,205,-14" /><INIT seed="5,0,0,2,4,111" ten="280,241,288,191" oya="1" hai0="31,98,44,68,11,86,109,38,33,125,23,101,39" hai1="7,46,22,102,2,9,76,82,14,30,128,0,90" hai2="12,29,51,40,54,34,48,5,69,117,110,94,124" hai3="8,19,104,93,106,123,27,81,132,113,65,116,78"/><U63/><E128/><V85/><F117/><W58/><G116/><T72/><D109/><U87/><E102/><V55/><F110/><W73/><G123/><T127/><D23/><U17/><E63/><V112/><F112/><W70/><G70/><T43/><D86/><U53/><E30/><V16/><F124/><N who="0" m="47690" /><D11/><U41/><E53/><V71/><F34/><W135/><G93/><T84/><D84/><U49/><REACH who="1" step="1"/><E90/><REACH who="1" ten="280,231,288,191" step="2"/><N who="2" m="53583" /><F29/><W108/><G108/><T120/><D31/><U119/><E119/><V1/><F69/><W35/><G35/><T24/><D68/><U45/><E45/><V67/><F71/><W42/><G42/><T26/><D43/><U100/><E100/><V83/><F40/><W115/><G65/><T95/><D44/><U32/><E32/><V133/><F67/><W88/><G88/><T130/><D33/><U60/><E60/><V89/><F89/><W92/><G106/><T66/><D66/><U122/><E122/><V131/><F131/><W59/><G104/><T18/><D120/><U134/><E134/><N who="3" m="51242" /><G92/><T4/><D95/><U77/><E77/><V126/><F133/><W79/><G79/><T15/><D130/><U10/><E10/><V3/><F126/><W37/><G8/><T6/><D101/><U75/><E75/><V91/><F91/><W99/><G99/><T64/><D98/><U25/><AGARI ba="0,1" hai="0,2,7,9,14,17,22,25,41,46,49,76,82,87" machi="25" ten="20,18000,2" yaku="1,1,0,1,7,1,25,2,53,1" doraHai="111" doraHaiUra="47" who="1" fromWho="1" sc="280,-60,231,190,288,-60,191,-60" /><INIT seed="5,1,0,1,4,47" ten="220,421,228,131" oya="1" hai0="69,30,92,0,36,68,112,86,37,24,12,106,45" hai1="7,118,65,67,10,114,117,99,1,3,129,51,95" hai2="46,79,125,120,84,109,71,111,126,135,33,107,61" hai3="70,98,17,127,131,83,80,132,18,14,35,29,31"/><U97/><E114/><V89/><F33/><W39/><G39/><T75/><D75/><U8/><E129/><V134/><F107/><W119/><G70/><T88/><D0/><U9/><E95/><V105/><F105/><W53/><G127/><N who="2" m="48649" /><F79/><W110/><G132/><N who="2" m="50729" /><F89/><W52/><G119/><T55/><D112/><U44/><E10/><V40/><F84/><W66/><G98/><T41/><D37/><U74/><E74/><V64/><F120/><W103/><G103/><T22/><D106/><U49/><E44/><V15/><F15/><W104/><G104/><T5/><REACH who="0" step="1"/><D55/><REACH who="0" ten="210,421,228,131" step="2"/><U16/><E7/><V108/><F108/><W38/><G110/><T113/><D113/><U59/><E117/><V81/><F81/><W85/><G80/><T62/><D62/><U11/><E118/><V133/><N who="2" m="50737" /><V21/><DORA hai="13" /><F21/><W43/><G83/><T48/><D48/><AGARI ba="1,1" hai="40,46,48,61,64,71,109,111" m="50737,48649" machi="48" ten="40,8000,1" yaku="18,1,20,1,34,2,52,1" doraHai="47,13" who="2" fromWho="0" sc="210,-83,421,0,228,93,131,0" /><INIT seed="6,0,0,5,5,35" ten="127,421,321,131" oya="2" hai0="68,118,93,23,105,58,119,6,12,112,52,48,114" hai1="37,11,42,106,47,81,38,117,5,30,26,66,33" hai2="125,32,59,55,98,41,43,124,88,103,121,134,44" hai3="10,95,9,4,126,82,61,18,24,60,16,92,73"/><V123/><F32/><W90/><G126/><N who="2" m="48745" /><F103/><W89/><G73/><T85/><D68/><U19/><E106/><V8/><F8/><W65/><G82/><T109/><D109/><U113/><E117/><N who="0" m="44553" /><D105/><U29/><E113/><N who="0" m="43625" /><D6/><U83/><E29/><V133/><F88/><N who="3" m="33899" /><G4/><T111/><D111/><U63/><E19/><N who="3" m="7210" /><G24/><T131/><D131/><U46/><E46/><V87/><F87/><W67/><G9/><T28/><D85/><U54/><E54/><V77/><F98/><W17/><G10/><T84/><D84/><U127/><E38/><N who="2" m="21559" /><F43/><W100/><G17/><N who="0" m="10663" /><D28/><U64/><E127/><V15/><F15/><W99/><G95/><AGARI ba="0,0" hai="48,52,58,93,95" m="10663,43625,44553" machi="95" ten="30,3900,0" yaku="12,1,15,1,54,1" doraHai="35" who="0" fromWho="3" sc="127,39,421,0,321,0,131,-39" /><INIT seed="7,0,0,5,4,44" ten="166,421,321,92" oya="3" hai0="74,111,105,48,38,103,33,34,88,131,75,121,42" hai1="122,110,108,80,116,8,118,55,71,102,4,51,41" hai2="57,125,17,16,46,61,120,82,22,72,106,56,95" hai3="134,113,63,69,65,86,133,27,2,15,32,127,31"/><W30/><G2/><T28/><D48/><U49/><E102/><V36/><F120/><W76/><G113/><T6/><D28/><U0/><E71/><V60/><F125/><W39/><G39/><T9/><D88/><U100/><E100/><V64/><F106/><W98/><G98/><N who="0" m="61687" /><D111/><U7/><E7/><V70/><F95/><W52/><G127/><T115/><D131/><U66/><E66/><V11/><F36/><W109/><G109/><T87/><D87/><U128/><E80/><V77/><F46/><W112/><G112/><T50/><D50/><N who="1" m="18955" /><E55/><V73/><F73/><N who="0" m="27658" /><D121/><U24/><E41/><V123/><F123/><W96/><G52/><T59/><D59/><U29/><E128/><V99/><F99/><W35/><G96/><T124/><D124/><U114/><E114/><V1/><F60/><W18/><G86/><T21/><D21/><N who="1" m="15503" /><E122/><V104/><F104/><W132/><G76/><T43/><D43/><U85/><E85/><V20/><F57/><W47/><G47/><N who="0" m="24023" /><D115/><U58/><E58/><V26/><F56/><W90/><G90/><T89/><D89/><U93/><E93/><V119/><F119/><AGARI ba="0,0" hai="0,4,8,108,110,116,118,119" m="15503,18955" machi="119" ten="30,7700,0" yaku="12,1,52,3" doraHai="44" who="1" fromWho="2" sc="166,0,421,77,321,-77,92,0" owari="166,-23.4,498,59.8,244,4.4,92,-40.8" /></mjloggm>