<mjloggm ver="2.3"><GO type="41" lobby="0"/><UN n0="%74%6F%72%69%67%61" n1="%E3%81%99%E3%81%8E%33%33" n2="%73%79%75%6B%61%72%69%6E" n3="%E2%93%9D%4C%75%63%6B%79%4A" dan="15,13,16,18" rate="1993.94,1844.50,1971.91,2156.67" sx="M,M,M,M"/><TAIKYOKU oya="0"/><INIT seed="0,0,0,5,3,92" ten="250,250,250,250" oya="0" hai0="114,67,124,60,93,81,23,107,103,134,8,19,98" hai1="28,24,99,84,133,31,65,115,0,16,42,116,58" hai2="10,53,73,129,122,85,97,21,59,9,43,61,57" hai3="26,120,4,50,62,18,5,32,126,79,86,69,105"/><T106/><D134/><U37/><E116/><V74/><F122/><W22/><G105/><T72/><D124/><U45/><E0/><V110/><F129/><W101/><G32/><T63/><D114/><U44/><E133/><V111/><F43/><W49/><G101/><T34/><D34/><U51/><E115/><V77/><F85/><W109/><G109/><N who="2" m="41481" /><F21/><W123/><G126/><T20/><D8/><N who="2" m="3178" /><F77/><W55/><G79/><T66/><D72/><U39/><E84/><V54/><F97/><W25/><G86/><T48/><D81/><U94/><E39/><V108/><N who="2" m="41489" /><V38/><DORA hai="15" /><F38/><W40/><G40/><T33/><D33/><U130/><E130/><V56/><F61/><W80/><G62/><T52/><D23/><N who="1" m="13415" /><E37/><V87/><F87/><W6/><G123/><T14/><D63/><N who="1" m="38135" /><E45/><V68/><F68/><W95/><G69/><T27/><D27/><U112/><E112/><V132/><F132/><W96/><G120/><T102/><D60/><U113/><E113/><V70/><F70/><W35/><G35/><T100/><D107/><U91/><AGARI ba="0,0" hai="28,31,42,44,51,91,94,99" m="38135,13415" machi="91" ten="30,7900,0" yaku="8,1,52,2,54,1" doraHai="92,15" who="1" fromWho="1" sc="250,-39,250,79,250,-20,250,-20" /><INIT seed="1,0,0,2,1,97" ten="211,329,230,230" oya="1" hai0="111,44,61,26,132,107,99,77,133,43,30,101,62" hai1="118,125,60,32,119,50,10,67,27,47,29,73,39" hai2="108,83,5,4,103,109,113,135,128,19,129,17,49" hai3="110,46,93,63,98,78,121,91,88,72,123,16,25"/><U70/><E125/><V124/><F49/><W41/><G110/><T42/><D111/><U33/><E33/><V120/><F83/><W68/><G72/><T127/><D77/><U52/><E73/><V96/><F96/><W85/><G68/><T64/><D127/><U76/><E76/><V54/><F54/><W66/><G78/><T28/><D62/><U0/><E0/><V6/><F6/><W116/><G116/><T57/><D43/><U59/><E10/><V74/><F74/><W18/><G123/><T38/><REACH who="0" step="1"/><D30/><REACH who="0" ten="201,329,230,230" step="2"/><U86/><E86/><V13/><F124/><W94/><G121/><T65/><D65/><U34/><E34/><AGARI ba="0,1" hai="26,28,34,38,42,44,57,61,64,99,101,107,132,133" machi="34" ten="40,2600,0" yaku="1,1,52,1,53,0" doraHai="97" doraHaiUra="114" who="0" fromWho="1" sc="201,36,329,-26,230,0,230,0" /><INIT seed="2,0,0,2,5,1" ten="237,303,230,230" oya="2" hai0="129,99,26,45,79,70,27,122,15,94,71,134,80" hai1="51,88,132,22,7,100,48,98,53,121,52,68,76" hai2="86,114,128,74,96,81,66,65,109,46,61,31,119" hai3="62,131,103,69,34,54,113,39,110,124,133,97,3"/><V123/><F114/><W111/><RYUUKYOKU type="yao9" ba="0,0" sc="237,0,303,0,230,0,230,0" hai3="3,34,39,54,62,69,97,103,110,111,113,124,131,133" /><INIT seed="2,1,0,1,1,135" ten="237,303,230,230" oya="2" hai0="20,43,9,47,48,121,25,120,21,96,102,117,55" hai1="56,1,72,35,3,0,109,119,101,74,22,45,39" hai2="129,89,70,78,37,4,50,61,44,59,114,92,38" hai3="83,86,95,113,104,88,118,17,5,28,7,63,41"/><V131/><F78/><W133/><G118/><T87/><D117/><U82/><E119/><V80/><F80/><W100/><G133/><T116/><D21/><U26/><E109/><V11/><F70/><W65/><G113/><T66/><D116/><U67/><E101/><V62/><F62/><W36/><G28/><T97/><D97/><U49/><E39/><V23/><F23/><W12/><G104/><T130/><D130/><U68/><E68/><V32/><F32/><W34/><G34/><T76/><D9/><U52/><E35/><V93/><F93/><W54/><G41/><T98/><D98/><U79/><E67/><V27/><F27/><W107/><G36/><T40/><D66/><U51/><E74/><V132/><F132/><W18/><G107/><T122/><D87/><U10/><E10/><V85/><F114/><W73/><G54/><T31/><REACH who="0" step="1"/><D76/><REACH who="0" ten="227,303,230,230" step="2"/><U6/><E6/><V19/><F131/><W16/><G7/><T42/><D42/><U8/><E8/><V134/><F134/><W15/><G5/><T127/><D127/><U115/><E115/><V84/><F84/><W110/><G110/><T99/><D99/><U14/><E14/><V94/><F129/><W53/><G65/><T108/><D108/><U103/><E103/><V13/><F4/><W57/><REACH who="3" step="1"/><G100/><REACH who="3" ten="227,303,230,220" step="2"/><T24/><D24/><U64/><E64/><V81/><F38/><W58/><G58/><T123/><D123/><U29/><E0/><V69/><F37/><W106/><G106/><AGARI ba="1,2" hai="20,25,31,40,43,47,48,55,96,102,106,120,121,122" machi="106" ten="40,1300,0" yaku="1,1,53,0" doraHai="135" doraHaiUra="128" who="0" fromWho="3" sc="227,36,303,0,230,0,220,-16" /><INIT seed="3,0,0,0,3,81" ten="263,303,230,204" oya="3" hai0="90,71,21,6,131,75,60,87,127,14,114,109,56" hai1="79,4,86,26,24,48,50,133,28,38,105,85,39" hai2="124,82,97,118,31,112,95,30,29,16,1,10,7" hai3="128,89,19,18,73,76,66,106,70,55,125,0,22"/><W101/><G0/><T134/><D75/><U120/><E79/><V59/><F112/><W108/><G125/><T25/><D71/><U46/><E4/><V98/><F124/><W104/><G128/><T94/><D134/><U62/><E62/><V91/><F118/><W41/><G41/><T68/><D68/><U122/><E46/><V113/><F113/><W115/><G101/><T93/><D131/><U33/><E28/><V27/><F82/><W103/><G103/><T69/><D69/><U84/><E84/><V42/><F42/><W129/><G108/><T17/><D109/><U53/><E53/><V11/><F59/><W126/><G55/><T116/><D116/><U74/><E74/><V15/><REACH who="2" step="1"/><F97/><REACH who="2" ten="263,303,220,204" step="2"/><W3/><G115/><T20/><D127/><U32/><E133/><V77/><F77/><W99/><G76/><T119/><D119/><U52/><E105/><V107/><F107/><W67/><G106/><T49/><D56/><U110/><E110/><V45/><F45/><W117/><G104/><T83/><D83/><U47/><E47/><V135/><F135/><W9/><G126/><T57/><D57/><U58/><E58/><V65/><F65/><W121/><G67/><T51/><D114/><U80/><E52/><V8/><F8/><W37/><G9/><T12/><D60/><U54/><E54/><V64/><F64/><W130/><G66/><T5/><D94/><U63/><E80/><V123/><F123/><W88/><G70/><T23/><D93/><U61/><AGARI ba="0,1" hai="24,26,32,33,38,39,48,50,61,63,85,86,120,122" machi="61" ten="25,8000,1" yaku="0,1,22,2,52,2" doraHai="81" who="1" fromWho="1" sc="263,-20,303,90,220,-20,204,-40" /><INIT seed="4,0,0,2,3,7" ten="243,393,200,164" oya="0" hai0="118,94,74,21,132,125,64,16,6,45,20,114,69" hai1="90,11,67,106,22,70,126,37,49,104,127,105,1" hai2="95,23,121,24,56,78,68,44,133,48,128,110,73" hai3="25,87,103,111,124,3,26,81,101,9,98,12,117"/><T89/><D114/><U10/><E37/><V8/><F68/><W60/><G3/><T65/><D132/><U47/><E1/><V41/><F110/><W27/><G111/><T80/><D125/><N who="1" m="47627" /><E70/><V92/><F121/><W39/><G124/><T77/><D118/><U120/><E120/><V42/><F133/><W107/><G39/><T63/><D65/><U100/><E67/><V18/><F128/><W66/><G103/><T55/><D6/><U134/><E134/><V99/><F73/><W28/><G117/><T88/><D21/><U83/><E22/><V85/><F56/><W33/><G87/><T59/><D45/><U51/><E100/><V0/><F42/><W79/><G79/><T96/><D89/><U2/><E2/><V115/><F115/><W36/><G81/><T61/><REACH who="0" step="1"/><D20/><REACH who="0" ten="233,393,200,164" step="2"/><U113/><E113/><V15/><F0/><W43/><G43/><T5/><D5/><U71/><E47/><V102/><F78/><W35/><G35/><T129/><D129/><U31/><E90/><N who="2" m="53327" /><F23/><W116/><G116/><T93/><D93/><U19/><E83/><V131/><F131/><W34/><G34/><T30/><D30/><U112/><E31/><V135/><F135/><W119/><G119/><T13/><D13/><U84/><E112/><V53/><F41/><W17/><REACH who="3" step="1"/><G36/><REACH who="3" ten="233,393,200,154" step="2"/><T122/><D122/><U46/><E106/><V58/><F24/><W50/><G50/><T86/><D86/><U76/><E105/><V75/><F75/><W108/><G108/><T62/><D62/><U4/><E104/><V82/><F82/><W97/><G97/><RYUUKYOKU ba="0,2" sc="233,10,393,-30,200,10,154,10" hai0="16,55,59,61,63,64,69,74,77,80,88,94,96" hai2="8,15,18,44,48,53,58,95,99,102" hai3="9,12,17,25,26,27,28,33,60,66,98,101,107" /><INIT seed="4,1,2,0,1,32" ten="243,363,210,164" oya="0" hai0="90,27,74,101,31,2,119,12,0,63,28,104,77" hai1="80,87,127,131,102,72,39,79,70,125,114,8,92" hai2="7,82,129,61,34,86,120,41,133,62,40,55,128" hai3="44,43,113,18,99,69,91,23,94,53,111,122,97"/><T35/><D119/><U5/><E70/><V117/><F120/><W13/><G122/><T22/><D90/><N who="1" m="53343" /><E39/><V50/><F117/><W1/><G111/><T14/><D63/><N who="2" m="24074" /><F34/><W76/><G113/><T60/><D60/><U106/><E114/><V126/><F7/><W132/><G132/><T88/><D77/><U26/><E26/><V9/><F9/><W118/><G69/><T45/><D74/><U4/><E131/><N who="2" m="50251" /><F133/><W47/><G118/><T19/><D88/><U123/><E123/><V103/><F103/><W6/><G76/><T115/><D115/><U130/><E130/><V116/><F116/><W52/><G99/><T64/><D101/><U33/><E33/><V134/><F134/><W83/><G83/><T42/><D104/><U98/><E5/><V107/><F107/><W93/><G94/><T121/><D121/><U37/><E37/><V29/><F29/><W56/><G56/><T57/><D57/><U65/><E65/><V38/><F38/><W54/><REACH who="3" step="1"/><G43/><REACH who="3" ten="243,363,210,154" step="2"/><T78/><D78/><U16/><E16/><V95/><F95/><W84/><G84/><T20/><D64/><U36/><E36/><V112/><F112/><W85/><G85/><T108/><D108/><U25/><E25/><V11/><F86/><W73/><G73/><T30/><D42/><U68/><E68/><V58/><F82/><W10/><AGARI ba="1,3" hai="1,6,10,13,18,23,44,47,52,53,54,91,93,97" machi="10" ten="30,7900,0" yaku="1,1,0,1,52,1,54,1,53,0" doraHai="32" doraHaiUra="67" who="3" fromWho="3" sc="243,-40,363,-21,210,-21,154,112" /><INIT seed="5,0,0,4,5,116" ten="203,342,189,266" oya="1" hai0="30,114,132,84,111,85,90,105,96,110,44,74,127" hai1="81,119,17,51,1,10,25,54,38,27,64,70,15" hai2="91,35,134,45,71,135,79,99,2,33,113,131,73" hai3="18,9,41,47,95,0,26,34,61,5,75,123,63"/><U62/><E119/><V14/><F2/><W102/><G75/><T31/><D74/><U67/><E67/><V108/><F108/><W129/><G129/><T133/><D114/><U56/><E1/><V59/><F71/><W106/><G106/><T60/><D127/><U121/><E121/><V43/><F131/><W88/><G102/><T20/><D85/><U65/><E65/><V29/><F113/><W101/><G101/><N who="0" m="62631" /><D60/><U130/><E130/><V82/><F59/><W100/><G100/><T19/><D44/><U57/><E57/><V89/><F14/><W22/><G34/><N who="2" m="12809" /><F29/><W109/><G123/><T80/><D31/><U48/><E48/><V39/><F99/><W104/><G104/><T4/><D4/><U126/><E126/><V117/><F117/><W50/><REACH who="3" step="1"/><G109/><REACH who="3" ten="203,342,189,256" step="2"/><T6/><D111/><U124/><E124/><V72/><F72/><W7/><G7/><T16/><D6/><U28/><E28/><V21/><F135/><N who="0" m="51786" /><D110/><U40/><E81/><V112/><F134/><W37/><G37/><T77/><D77/><U13/><E13/><V23/><F112/><W86/><AGARI ba="0,1" hai="0,5,9,18,22,26,41,47,50,61,63,86,88,95" machi="86" ten="20,8000,1" yaku="1,1,0,1,7,1,54,1,53,1" doraHai="116" doraHaiUra="42" who="3" fromWho="3" sc="203,-20,342,-40,189,-20,256,90" /><INIT seed="6,0,0,3,2,119" ten="183,302,169,346" oya="2" hai0="48,73,74,100,32,34,96,52,37,95,26,49,132" hai1="133,69,75,122,41,50,127,78,13,53,94,115,71" hai2="101,76,51,27,114,47,31,7,99,58,63,68,24" hai3="87,79,85,86,131,72,55,118,135,103,42,91,33"/><V44/><F114/><W11/><G33/><T92/><D37/><U111/><E75/><V38/><F76/><W120/><G42/><T36/><D36/><U125/><E78/><V109/><F109/><W9/><G118/><T20/><D132/><U116/><E94/><V40/><F7/><W60/><G131/><T110/><D110/><U64/><E13/><V0/><F0/><W46/><G103/><T81/><D49/><U16/><E16/><V112/><F112/><W54/><G120/><T67/><D67/><U59/><E115/><V57/><F24/><W12/><G135/><T121/><D121/><U10/><E10/><V14/><F14/><W56/><G72/><T66/><D66/><U102/><E102/><V97/><F97/><W130/><G130/><T89/><D81/><U107/><E107/><V21/><F68/><N who="1" m="26185" /><E116/><V113/><F113/><W134/><G11/><T93/><D93/><U84/><E84/><V28/><F28/><W128/><G79/><T123/><D123/><U83/><E83/><V29/><F29/><W35/><G35/><T70/><D70/><U106/><E106/><V108/><F108/><W80/><G128/><T88/><D100/><U90/><E90/><V82/><F82/><W18/><G134/><T6/><D6/><U45/><E122/><V105/><F63/><W15/><G15/><T8/><D74/><U124/><E133/><V39/><F39/><W4/><G4/><T117/><D73/><U65/><E111/><V30/><REACH who="2" step="1"/><F30/><REACH who="2" ten="183,302,159,346" step="2"/><W43/><G80/><T98/><D26/><U22/><E22/><V3/><F3/><RYUUKYOKU ba="0,1" sc="183,-15,302,15,159,15,346,-15" hai1="41,45,50,53,59,64,65,124,125,127" hai2="21,27,31,38,40,44,47,51,57,58,99,101,105" /><INIT seed="6,1,1,2,4,133" ten="168,317,174,331" oya="2" hai0="54,72,53,108,99,0,33,37,12,97,68,110,55" hai1="31,22,43,10,36,49,17,114,25,7,67,2,123" hai2="82,94,41,81,3,45,118,38,60,130,135,21,75" hai3="71,18,15,32,102,88,113,4,52,78,47,9,69"/><V61/><F118/><W79/><G32/><T76/><D0/><U64/><E114/><V35/><F35/><W86/><G102/><T100/><D33/><U119/><E36/><V116/><F116/><W127/><G71/><T42/><D68/><U126/><E119/><V125/><F135/><W111/><G69/><T120/><D120/><U106/><E106/><V128/><F3/><W13/><G111/><T28/><D28/><U77/><E123/><V83/><F75/><W134/><G127/><T131/><D12/><U96/><E77/><V40/><F40/><W58/><G47/><T65/><D65/><U109/><E109/><V87/><F21/><N who="3" m="11487" /><G134/><T27/><D27/><U101/><E126/><V8/><F8/><W92/><G113/><T34/><D34/><U46/><REACH who="1" step="1"/><E31/><REACH who="1" ten="168,307,174,331" step="2"/><V11/><F125/><W98/><G98/><T132/><D99/><U124/><E124/><V122/><F122/><W73/><G73/><T117/><D72/><U14/><E14/><V20/><F20/><W84/><G86/><T74/><D74/><U30/><E30/><V44/><F11/><W104/><G104/><T121/><D110/><U57/><E57/><V129/><F45/><W93/><G93/><T112/><D108/><U51/><E51/><AGARI ba="1,2" hai="4,9,13,51,52,58,78,79,84,88,92" m="11487" machi="51" ten="30,7700,0" yaku="25,1,8,1,54,2" doraHai="133" who="3" fromWho="1" sc="168,0,307,-80,174,0,331,100" /><INIT seed="7,0,0,5,2,41" ten="168,227,174,431" oya="3" hai0="11,68,118,85,99,2,84,36,59,60,126,44,129" hai1="80,45,10,106,51,33,22,112,20,117,77,70,111" hai2="71,132,66,39,98,38,123,128,57,7,107,69,35" hai3="40,101,130,55,32,134,83,67,31,122,58,102,63"/><W90/><G63/><T72/><D72/><U92/><E106/><V16/><F16/><W6/><G83/><T13/><D2/><U34/><E70/><V82/><F82/><W125/><G55/><N who="0" m="33919" /><D68/><U1/><E111/><V135/><F7/><W113/><G113/><T46/><D36/><N who="2" m="13866" /><F57/><W104/><G102/><T73/><D73/><U78/><E92/><V76/><F76/><W43/><G101/><T12/><D118/><U103/><E103/><N who="2" m="62967" /><F66/><W49/><G31/><T26/><D99/><U75/><E78/><V52/><F52/><W14/><G6/><N who="0" m="3191" /><D129/><U17/><E112/><V19/><F19/><W56/><G130/><T119/><D119/><U93/><E117/><V88/><F88/><W108/><G90/><T21/><D13/><U89/><E1/><V42/><F42/><N who="3" m="15915" /><G67/><T124/><D126/><U109/><E109/><V29/><F128/><W27/><G125/><T15/><D124/><U116/><E116/><V37/><F37/><W74/><G74/><T87/><D15/><U105/><E105/><V79/><F79/><W8/><G104/><T0/><D0/><U47/><E34/><V91/><F91/><W18/><G32/><T64/><D64/><U24/><E89/><V3/><F3/><W9/><G9/><T95/><D95/><U96/><E10/><V25/><F123/><W120/><G122/><T86/><N who="0" m="21504" /><DORA hai="127" /><T50/><D50/><U65/><E51/><V62/><F62/><W4/><G4/><T97/><D97/><U54/><E33/><V131/><F131/><W48/><G8/><T100/><D100/><U30/><E96/><RYUUKYOKU ba="0,0" sc="168,15,227,-15,174,15,431,-15" hai0="21,26,44,46" hai2="25,29,35,69,71,132,135" owari="183,-31.7,212,1.2,189,-21.1,416,51.6" /></mjloggm>