<mjloggm ver="2.3"><GO type="41" lobby="0"/><UN n0="%4B%69%6E%67%59%6F%39%32" n1="%EF%BC%B9%EF%BC%AF%EF%BC%B3%EF%BC%A9%EF%BC%A4%EF%BC%A1%EF%BC%95%EF%BC%90" n2="%E9%9B%80%E3%82%B3%E3%83%AC" n3="%E2%93%9D%4C%75%63%6B%79%4A" dan="14,14,15,16" rate="2002.47,1996.24,1975.97,2158.53" sx="M,M,M,M"/><TAIKYOKU oya="0"/><INIT seed="0,0,0,5,4,35" ten="250,250,250,250" oya="0" hai0="83,28,62,78,4,115,53,118,80,40,81,100,24" hai1="119,121,54,0,98,11,134,68,8,104,124,95,36" hai2="109,74,97,38,114,7,129,88,59,19,69,52,27" hai3="105,128,31,120,49,117,70,47,2,15,112,46,87"/><T37/><D115/><U110/><RYUUKYOKU type="yao9" ba="0,0" sc="250,0,250,0,250,0,250,0" hai1="0,8,11,36,54,68,95,98,104,110,119,121,124,134" /><INIT seed="0,1,0,2,3,56" ten="250,250,250,250" oya="0" hai0="21,54,4,38,79,35,24,68,5,33,115,94,121" hai1="34,0,10,3,119,78,19,93,135,120,45,98,112" hai2="72,6,31,90,127,117,133,111,97,52,15,85,18" hai3="88,22,49,28,70,73,84,101,108,2,128,81,129"/><T132/><D115/><U63/><E119/><V50/><F72/><W114/><G2/><T37/><D121/><U71/><E135/><V30/><F133/><W62/><G114/><T64/><D132/><U118/><E118/><V32/><F117/><W57/><G70/><T109/><D79/><U23/><E34/><V53/><F6/><W13/><G101/><T77/><D77/><U95/><E120/><V103/><F127/><W58/><G73/><T17/><D109/><U106/><E106/><V59/><F111/><W55/><G108/><T36/><D54/><U107/><E95/><N who="2" m="58815" /><F53/><W80/><G81/><T20/><D94/><U7/><E107/><V100/><F100/><W66/><REACH who="3" step="1"/><G13/><REACH who="3" ten="250,250,250,240" step="2"/><T51/><D51/><U82/><E0/><V9/><F32/><W14/><G14/><T92/><D35/><U29/><E112/><V75/><F75/><W27/><AGARI ba="1,1" hai="22,27,28,49,55,57,58,62,66,80,84,88,128,129" machi="27" ten="30,7900,0" yaku="1,1,0,1,52,1,54,1,53,0" doraHai="56" doraHaiUra="42" who="3" fromWho="3" sc="250,-40,250,-21,250,-21,240,92" /><INIT seed="1,0,0,5,2,97" ten="210,229,229,332" oya="1" hai0="115,51,87,22,1,66,40,129,81,95,104,130,47" hai1="84,86,41,55,2,120,109,38,105,56,118,133,61" hai2="39,4,75,111,132,57,46,27,34,13,78,74,37" hai3="50,29,121,134,103,0,98,76,70,72,64,8,62"/><U33/><E118/><V106/><F57/><W131/><G121/><T12/><D115/><U52/><E120/><V69/><F13/><W58/><G131/><N who="0" m="50187" /><D104/><U17/><E2/><V92/><F92/><W77/><G134/><T54/><D1/><U67/><E133/><V23/><F23/><W83/><G77/><N who="0" m="46511" /><D66/><U107/><E33/><V101/><F132/><W28/><G70/><T102/><D12/><U99/><E107/><V3/><F69/><W71/><G71/><T19/><D22/><U82/><E86/><V85/><F85/><W5/><REACH who="3" step="1"/><G50/><REACH who="3" ten="210,229,229,322" step="2"/><T7/><D7/><U128/><E128/><V119/><F4/><W15/><G15/><T14/><D14/><U126/><E38/><V123/><F39/><W53/><G53/><T63/><D40/><U135/><E41/><V49/><F37/><W59/><G59/><T31/><D31/><U32/><E55/><V73/><F49/><W48/><G48/><T79/><D19/><U45/><E52/><V26/><F123/><W10/><G10/><T60/><D79/><U89/><E135/><V93/><F3/><W122/><G122/><T20/><D20/><U94/><E45/><V125/><F46/><W35/><G35/><T9/><D9/><U90/><E32/><V44/><F34/><W127/><G127/><T110/><D110/><U11/><E126/><V114/><F44/><W108/><G108/><T124/><D124/><U16/><E109/><V91/><F111/><W88/><G88/><T80/><D80/><U24/><E11/><V116/><F125/><W21/><G21/><T100/><D95/><AGARI ba="0,1" hai="0,5,8,28,29,58,62,64,72,76,83,95,98,103" machi="95" ten="30,7700,0" yaku="1,1,6,1,7,1,52,1,53,0" doraHai="97" doraHaiUra="30" who="3" fromWho="0" sc="210,-77,229,0,229,0,322,87" /><INIT seed="2,0,0,1,4,118" ten="133,229,229,409" oya="2" hai0="131,116,47,76,86,26,60,102,98,33,101,133,103" hai1="120,52,7,1,39,111,87,126,37,28,134,15,93" hai2="123,94,49,122,88,105,71,84,75,46,5,41,62" hai3="57,6,31,77,85,48,24,117,54,104,114,90,56"/><V65/><F105/><W27/><G117/><T0/><D116/><U81/><E111/><V4/><REACH who="2" step="1"/><F75/><REACH who="2" ten="133,229,219,409" step="2"/><W63/><G104/><T78/><D133/><U10/><E134/><V11/><F11/><W125/><G114/><T99/><D131/><U29/><E126/><V69/><F69/><W34/><G125/><T20/><D33/><U30/><E10/><V51/><F51/><W67/><G48/><T22/><D60/><U121/><E39/><V12/><F12/><W44/><G63/><T21/><D0/><U108/><E37/><V53/><F53/><W9/><G54/><T100/><D86/><U8/><E108/><V40/><F40/><W112/><G9/><T32/><D32/><U109/><E109/><V36/><F36/><W96/><G34/><T110/><D110/><U23/><E52/><V119/><F119/><W18/><G112/><T16/><D47/><U89/><E1/><V106/><F106/><W127/><G44/><T19/><N who="0" m="25600" /><DORA hai="95" /><T72/><D72/><U107/><E107/><V113/><F113/><W25/><G127/><T97/><REACH who="0" step="1"/><D26/><REACH who="0" ten="123,229,219,409" step="2"/><U135/><E135/><V83/><F83/><W130/><G27/><T82/><D82/><U42/><E42/><V124/><F124/><W115/><G115/><T92/><D92/><U2/><REACH who="1" step="1"/><E81/><REACH who="1" ten="123,219,219,409" step="2"/><V43/><F43/><W74/><G74/><T61/><D61/><U50/><E50/><V129/><F129/><W128/><G130/><T3/><D3/><U35/><E35/><V64/><F64/><W45/><G128/><T55/><D55/><U132/><E132/><V13/><F13/><RYUUKYOKU ba="0,3" sc="123,10,219,10,219,10,409,-30" hai0="16,19,20,21,22,76,78,97,98,99" hai1="2,7,8,15,23,28,29,30,87,89,93,120,121" hai2="4,5,41,46,49,62,65,71,84,88,94,122,123" /><INIT seed="2,1,3,3,5,24" ten="133,229,229,379" oya="2" hai0="14,6,74,102,10,70,32,48,49,127,8,46,76" hai1="41,101,22,53,135,37,103,38,99,133,63,80,71" hai2="58,75,50,13,92,15,105,60,29,11,55,93,134" hai3="119,7,124,5,3,77,67,68,111,81,57,69,12"/><V113/><F105/><W89/><G119/><T21/><D70/><U132/><E80/><V117/><F113/><W95/><G3/><T118/><D32/><U36/><E41/><V83/><F117/><W47/><G111/><T0/><D118/><U129/><E129/><V27/><F134/><W51/><G69/><T61/><D127/><U108/><E108/><V96/><F93/><W25/><G68/><T35/><D35/><U84/><E84/><V64/><F11/><W98/><G25/><T128/><D128/><U28/><E99/><V56/><F83/><W42/><G12/><T85/><D74/><U123/><E123/><V73/><F73/><W43/><G43/><T122/><D122/><U79/><E79/><V66/><F66/><W88/><G124/><T94/><D61/><U34/><E34/><V1/><F1/><W126/><G126/><T125/><D125/><U9/><E9/><V78/><F78/><W44/><G47/><T87/><D21/><U65/><E53/><V40/><F40/><W121/><G121/><T131/><D131/><U106/><E106/><V39/><F39/><W100/><G77/><T97/><D76/><U62/><E62/><V2/><F2/><W26/><G81/><T31/><D31/><U23/><E28/><V116/><F75/><W52/><G67/><T112/><D112/><U33/><E33/><V130/><F116/><W45/><G45/><T114/><D114/><U104/><E104/><V120/><F120/><W4/><REACH who="3" step="1"/><G26/><REACH who="3" ten="133,229,229,369" step="2"/><T109/><D109/><U59/><E71/><V17/><F130/><W91/><G91/><RYUUKYOKU ba="1,4" sc="133,-15,229,15,229,-15,369,15" hai1="22,23,36,37,38,59,63,65,101,103,132,133,135" hai3="4,5,7,42,44,51,52,57,88,89,95,98,100" /><INIT seed="3,2,4,5,5,112" ten="118,244,214,384" oya="3" hai0="128,24,68,18,99,69,98,11,91,16,58,22,102" hai1="77,53,118,82,54,43,122,114,64,88,95,47,19" hai2="40,111,48,20,129,84,105,117,131,133,86,66,100" hai3="5,65,9,50,93,83,73,38,74,44,57,55,127"/><W30/><G30/><T46/><D128/><U134/><E122/><V63/><F133/><W135/><G135/><T125/><D125/><U37/><E134/><V0/><F0/><W13/><G127/><T72/><D72/><U31/><E114/><V116/><F111/><W121/><G121/><T126/><D126/><U17/><E64/><V3/><F3/><W25/><G25/><T34/><D34/><U103/><E103/><V101/><F20/><W32/><G32/><T60/><D46/><U124/><E31/><V26/><F26/><W6/><G6/><T87/><D69/><U35/><E35/><V21/><F21/><W15/><G93/><N who="0" m="54527" /><D68/><U94/><E118/><V81/><F100/><W110/><G110/><T85/><D85/><U113/><E95/><V104/><F86/><W41/><G83/><T10/><D102/><U106/><E106/><V8/><F8/><N who="0" m="3114" /><D18/><U23/><E17/><V78/><F105/><W67/><REACH who="3" step="1"/><G15/><REACH who="3" ten="118,244,214,374" step="2"/><T28/><D28/><U80/><E124/><V61/><F81/><W7/><G7/><T29/><D29/><U89/><E82/><V27/><F27/><W107/><G107/><T51/><D51/><U108/><E108/><V33/><F48/><W12/><G12/><T14/><D14/><N who="1" m="9719" /><E113/><V2/><F104/><W59/><G59/><T97/><D97/><N who="1" m="57543" /><E77/><V39/><F78/><W90/><G90/><T109/><D109/><U42/><E89/><V49/><F2/><W70/><G70/><T76/><D76/><U115/><E115/><V45/><F33/><W96/><G96/><T75/><D75/><AGARI ba="2,5" hai="5,9,13,38,41,44,50,55,57,65,67,73,74,75" machi="75" ten="40,3900,0" yaku="1,1,53,1" doraHai="112" doraHaiUra="71" who="3" fromWho="0" sc="118,-45,244,0,214,0,374,95" /><INIT seed="3,3,0,4,0,25" ten="73,244,214,469" oya="3" hai0="8,50,35,81,55,72,65,59,87,48,38,49,69" hai1="51,86,12,88,95,53,91,78,17,43,7,135,26" hai2="127,73,34,64,131,117,107,29,115,11,121,60,134" hai3="106,119,16,56,114,5,27,61,109,118,116,133,31"/><W100/><G114/><T9/><D35/><U74/><E135/><V52/><RYUUKYOKU type="yao9" ba="3,0" sc="73,0,244,0,214,0,469,0" hai2="11,29,34,52,60,64,73,107,115,117,121,127,131,134" /><INIT seed="3,4,0,3,0,126" ten="73,244,214,469" oya="3" hai0="109,107,45,80,100,14,117,98,10,21,13,28,17" hai1="12,113,30,97,42,133,9,43,99,47,110,72,130" hai2="18,59,2,85,55,16,125,112,34,19,61,71,38" hai3="69,76,8,103,66,132,93,67,104,5,11,118,1"/><W135/><G118/><T81/><D117/><U46/><E110/><V82/><F125/><W27/><G76/><T65/><D109/><U83/><E133/><N who="3" m="51274" /><G69/><T127/><D127/><U60/><E30/><V96/><F112/><W48/><G93/><T121/><D121/><U53/><E72/><V101/><F38/><W49/><G11/><T70/><D28/><U79/><E130/><V108/><F108/><W37/><G37/><T3/><D3/><U90/><E79/><V129/><F129/><W95/><G95/><T84/><D45/><U114/><E60/><V57/><F71/><W54/><G27/><T128/><D128/><U25/><E53/><V106/><F2/><W39/><G39/><T32/><D32/><U111/><E25/><V115/><F115/><W94/><G104/><T116/><D116/><U35/><E111/><V77/><REACH who="2" step="1"/><F59/><REACH who="2" ten="73,244,204,469" step="2"/><N who="3" m="33231" /><G48/><T50/><D50/><U52/><E113/><V23/><F23/><W75/><G75/><T31/><D70/><U88/><E35/><AGARI ba="4,1" hai="16,18,19,34,35,55,57,61,77,82,85,96,101,106" machi="35" ten="40,5200,0" yaku="1,1,54,1,53,1" doraHai="126" doraHaiUra="92" who="2" fromWho="1" sc="73,0,244,-64,204,74,469,0" /><INIT seed="4,0,0,4,2,39" ten="73,180,278,469" oya="0" hai0="14,52,44,81,33,74,10,34,13,118,93,63,1" hai1="125,37,26,35,100,95,67,92,42,21,109,83,28" hai2="3,57,130,54,2,11,68,70,4,77,29,75,17" hai3="112,65,25,73,97,106,76,110,5,115,117,88,58"/><T50/><D118/><U99/><E109/><V87/><F75/><W8/><G117/><T113/><D1/><U9/><E125/><V133/><F3/><W32/><G65/><T135/><D135/><U22/><E67/><V134/><F130/><W80/><G58/><T116/><D116/><U40/><E37/><V60/><F29/><W91/><G25/><T104/><D104/><U56/><E35/><V129/><F129/><W108/><G8/><T127/><D127/><U27/><E9/><V126/><F126/><W15/><G15/><T12/><D113/><N who="3" m="43593" /><G5/><T114/><D114/><U30/><E83/><N who="2" m="47599" /><F17/><W131/><G32/><T132/><D132/><AGARI ba="0,0" hai="2,4,11,54,57,60,68,70,132,133,134" m="47599" machi="132" ten="30,1000,0" yaku="20,1" doraHai="39" who="2" fromWho="0" sc="73,-10,180,0,278,10,469,0" /><INIT seed="5,0,0,5,4,31" ten="63,180,288,469" oya="1" hai0="110,82,38,10,130,92,118,115,126,74,133,40,42" hai1="93,77,63,5,105,54,84,11,50,72,8,29,26" hai2="0,106,62,37,119,33,120,132,90,87,75,91,78" hai3="65,30,57,112,39,58,114,99,68,13,73,89,80"/><U135/><E105/><V59/><F119/><W53/><G30/><T125/><D118/><U36/><E36/><V101/><F120/><W2/><G2/><T107/><D110/><U46/><E135/><V97/><F132/><W35/><G13/><T1/><D133/><U45/><E72/><V4/><F37/><W12/><G12/><T98/><D42/><U131/><E131/><V103/><F101/><W6/><G6/><N who="0" m="1359" /><D92/><U88/><E77/><V19/><F19/><W116/><G68/><T51/><D51/><U100/><E100/><V49/><F49/><W27/><G65/><T56/><D56/><U17/><E63/><V129/><F129/><W52/><G39/><T24/><D130/><U69/><E69/><V113/><F90/><W3/><G3/><T21/><D21/><U67/><E67/><V43/><F43/><W61/><G116/><T9/><D9/><U95/><E17/><V14/><F14/><W64/><G58/><T94/><D115/><N who="3" m="44073" /><G99/><T81/><D24/><U23/><E5/><V22/><F97/><W15/><G15/><T70/><D70/><U134/><E134/><V16/><F4/><W117/><G117/><T76/><D82/><N who="1" m="49175" /><E45/><V85/><F0/><W111/><G111/><T127/><D107/><U44/><E44/><V109/><F59/><W96/><G96/><T124/><N who="0" m="31744" /><DORA hai="71" /><T47/><D98/><U25/><E25/><V104/><F109/><W32/><G27/><T60/><D94/><AGARI ba="0,0" hai="8,11,23,26,29,46,50,54,93,94,95" m="49175" machi="94" ten="30,2900,0" yaku="8,1,54,1" doraHai="31,71" who="1" fromWho="0" sc="63,-29,180,29,288,0,469,0" /><INIT seed="5,1,0,1,1,54" ten="34,209,288,469" oya="1" hai0="4,11,110,28,78,83,10,124,2,105,114,119,16" hai1="3,70,57,91,99,121,58,36,96,106,5,82,6" hai2="14,128,75,133,76,26,56,103,1,67,84,97,130" hai3="102,123,23,94,45,72,132,111,79,69,60,89,93"/><U24/><E70/><V104/><F1/><W8/><G123/><T64/><D105/><U42/><E121/><V29/><F75/><W81/><G111/><T125/><D119/><U100/><E36/><V22/><F133/><W122/><G122/><T48/><D110/><U61/><E42/><V51/><F14/><W63/><G23/><T7/><D64/><U131/><E131/><V88/><F76/><W120/><G120/><T40/><D114/><U118/><E118/><V47/><F47/><W86/><G132/><T74/><D40/><U33/><E61/><V52/><REACH who="2" step="1"/><F67/><REACH who="2" ten="34,209,278,469" step="2"/><W30/><G45/><T73/><D73/><U62/><E3/><V98/><F98/><W80/><G79/><T107/><D107/><U46/><E46/><V31/><F31/><W116/><G30/><T68/><D28/><U92/><E99/><V95/><AGARI ba="1,1" hai="22,26,29,51,52,56,84,88,95,97,103,104,128,130" machi="95" ten="30,8000,1" yaku="1,1,0,1,52,1,54,2,53,0" doraHai="54" doraHaiUra="38" who="2" fromWho="2" sc="34,-21,209,-41,278,93,469,-21" /><INIT seed="6,0,0,4,5,13" ten="13,168,371,448" oya="2" hai0="60,49,128,55,117,93,8,106,1,111,31,88,74" hai1="16,131,45,22,79,32,118,62,17,64,41,91,97" hai2="50,26,90,23,35,134,130,69,77,11,125,29,42" hai3="98,87,33,113,36,99,103,68,119,132,109,102,57"/><V104/><F69/><W46/><G33/><T0/><D111/><U112/><E32/><V135/><F104/><W25/><G68/><T19/><D74/><U5/><E5/><V100/><F100/><W115/><G57/><T2/><D106/><U124/><E124/><V73/><F125/><W10/><G25/><T76/><D117/><U3/><E118/><V30/><F130/><W86/><G46/><T59/><D128/><U15/><E79/><V95/><F11/><W107/><G36/><T66/><D76/><U105/><E3/><V40/><F77/><W4/><G132/><T96/><D31/><U78/><E112/><N who="3" m="43082" /><G109/><T67/><REACH who="0" step="1"/><D60/><REACH who="0" ten="3,168,371,448" step="2"/><U80/><E131/><V75/><F75/><W122/><G119/><T110/><D110/><U81/><E78/><V44/><F73/><W133/><G133/><T61/><D61/><U37/><E105/><V47/><F30/><W58/><G122/><T108/><D108/><U54/><E62/><V83/><F35/><W114/><G114/><T21/><D21/><U63/><E63/><V27/><F27/><W14/><G58/><T72/><D72/><U39/><E22/><V101/><F134/><W121/><G121/><T38/><D38/><U116/><E39/><V123/><F123/><W126/><G126/><T53/><D53/><U71/><E37/><V48/><F135/><W34/><G34/><T65/><D65/><U92/><E54/><V94/><F101/><W28/><G28/><T24/><D24/><U7/><E116/><V84/><AGARI ba="0,1" hai="23,26,29,40,42,44,47,48,50,83,84,90,94,95" machi="84" ten="30,6000,0" yaku="0,1,9,1,8,1" doraHai="13" who="2" fromWho="2" sc="3,-20,168,-20,371,70,448,-20" owari="-17,-51.7,148,-25.2,441,54.1,428,22.8" /></mjloggm>