<mjloggm ver="2.3"><GO type="41" lobby="0"/><UN n0="%E2%93%9D%4C%75%63%6B%79%4A" n1="%6D%61%2D%6B%79%61%6F" n2="%6D%61%6E%67%61%6E%61" n3="%4B%61%7A%E2%85%A3" dan="17,16,15,13" rate="2139.90,2011.78,2053.67,1829.86" sx="M,M,M,M"/><TAIKYOKU oya="0"/><INIT seed="0,0,0,5,4,70" ten="250,250,250,250" oya="0" hai0="129,53,38,41,120,50,2,13,93,54,19,102,45" hai1="121,6,89,40,72,90,31,39,47,95,0,82,62" hai2="108,80,100,117,43,130,34,106,107,8,75,26,113" hai3="14,60,115,61,28,123,21,55,5,17,66,73,105"/><T67/><D120/><U51/><E121/><V124/><F26/><W46/><G115/><T119/><D119/><U103/><E31/><V74/><F34/><W81/><G105/><N who="2" m="39945" /><F8/><W68/><G123/><T56/><D129/><U24/><E24/><V4/><F4/><W125/><G125/><T131/><D131/><U36/><E62/><V79/><F43/><W52/><G28/><T109/><D109/><U1/><E103/><V12/><F12/><W3/><G46/><T71/><D2/><U92/><E6/><V122/><F130/><W15/><G3/><T126/><D126/><U111/><E111/><V49/><F49/><W127/><G127/><T133/><D133/><U135/><E135/><V27/><F27/><W88/><G61/><N who="0" m="40431" /><D93/><U22/><E22/><V96/><F108/><W35/><G35/><T25/><D102/><U57/><E57/><V134/><F124/><W98/><G73/><T63/><D25/><U16/><E51/><V91/><F100/><W77/><G5/><T69/><D19/><U99/><E16/><V20/><F75/><W42/><G14/><T94/><D94/><U58/><E1/><V101/><F101/><W85/><REACH who="3" step="1"/><G42/><REACH who="3" ten="250,250,250,240" step="2"/><T116/><D13/><U110/><E0/><V78/><F74/><W114/><G114/><T86/><D116/><U112/><E112/><V32/><F32/><W7/><G7/><T132/><D132/><U37/><E110/><V84/><F113/><W10/><G10/><T33/><D33/><U118/><E118/><V76/><F122/><W30/><G30/><T11/><D11/><U97/><E72/><RYUUKYOKU ba="0,1" sc="250,-10,250,-10,250,-10,240,30" hai3="15,17,21,52,55,60,66,68,77,81,85,88,98" /><INIT seed="1,1,1,5,0,128" ten="240,240,240,270" oya="1" hai0="9,79,103,63,72,118,129,120,50,98,37,8,59" hai1="4,86,81,26,44,21,121,119,65,122,23,95,22" hai2="3,35,11,109,1,58,53,42,56,111,69,61,41" hai3="93,88,106,74,0,47,108,85,87,54,13,18,20"/><U2/><E119/><V105/><F69/><W28/><G108/><N who="2" m="41545" /><F105/><W94/><G106/><T76/><D37/><U15/><E2/><N who="2" m="523" /><F35/><W127/><G127/><T83/><D129/><U45/><E65/><N who="2" m="39079" /><F11/><W30/><G74/><T77/><D120/><U36/><E36/><V70/><F70/><W73/><G73/><T110/><D118/><U40/><E122/><V67/><F67/><W101/><G0/><T132/><D9/><U92/><E121/><V57/><F57/><W114/><G114/><T78/><D8/><N who="1" m="4487" /><E26/><V34/><F34/><W75/><G75/><T82/><D110/><U52/><E40/><V31/><F31/><N who="3" m="11819" /><G101/><T29/><D103/><U33/><E33/><V24/><F24/><W60/><G60/><AGARI ba="1,1" hai="41,42,53,58,60" m="39079,523,41545" machi="60" ten="30,1000,0" yaku="14,1" doraHai="128" who="2" fromWho="3" sc="240,0,240,0,240,23,270,-13" /><INIT seed="2,0,0,3,0,87" ten="240,240,263,257" oya="2" hai0="70,53,128,104,28,76,134,110,65,56,23,68,7" hai1="97,133,4,82,69,6,109,16,72,37,31,103,12" hai2="71,61,84,115,99,108,131,127,106,73,3,55,25" hai3="38,39,75,91,86,77,9,62,64,63,79,120,125"/><V20/><F115/><W132/><G120/><T21/><D104/><U81/><E37/><V123/><F123/><W19/><G132/><T94/><D76/><U119/><E69/><V45/><F73/><W78/><G125/><T35/><D35/><U49/><E119/><V124/><F3/><W26/><G75/><T51/><D7/><U0/><E0/><V46/><F131/><W96/><G96/><T122/><D28/><U5/><E31/><V29/><F108/><W13/><G26/><T54/><D65/><U15/><E15/><V30/><F30/><W10/><G10/><T89/><D110/><U60/><E133/><V126/><F84/><W130/><G130/><T117/><D117/><U92/><E72/><V85/><F85/><W95/><REACH who="3" step="1"/><G63/><REACH who="3" ten="240,240,263,247" step="2"/><T80/><D122/><U43/><E60/><V17/><F99/><W121/><G121/><T66/><D134/><U18/><E109/><V111/><F111/><W114/><G114/><T88/><D128/><U93/><E97/><V14/><F106/><W83/><G83/><T113/><D80/><U11/><E82/><V42/><F124/><W112/><G112/><T32/><D113/><U116/><E81/><V101/><F61/><W135/><G135/><T57/><D94/><U48/><E116/><V102/><F25/><W74/><G74/><T8/><D8/><U24/><E93/><V118/><F126/><W107/><G107/><T34/><D66/><U67/><E67/><V36/><F127/><W98/><G98/><T44/><D51/><U1/><E92/><V27/><F118/><W105/><G105/><RYUUKYOKU ba="0,1" sc="240,15,240,-15,263,-15,247,15" hai0="21,23,32,34,44,53,54,56,57,68,70,88,89" hai3="9,13,19,38,39,62,64,77,78,79,86,91,95" /><INIT seed="3,1,1,4,5,97" ten="255,225,248,262" oya="3" hai0="82,134,1,81,94,21,118,79,119,7,37,68,107" hai1="56,130,59,51,13,115,132,38,131,19,34,27,12" hai2="121,114,108,76,48,109,89,22,71,42,135,93,24" hai3="55,128,40,64,33,127,126,103,28,39,23,30,101"/><W5/><G128/><T32/><D32/><U10/><E38/><V67/><F114/><W83/><G64/><T35/><D35/><U6/><E115/><V20/><F135/><W74/><G5/><T3/><D94/><U11/><E132/><V65/><F121/><W73/><G33/><T84/><D107/><U25/><E51/><V95/><F76/><W66/><G66/><N who="2" m="25097" /><F71/><W45/><G55/><T54/><D37/><U117/><E117/><V17/><F89/><W62/><G62/><T70/><D7/><U77/><E77/><V2/><F2/><W47/><G83/><T14/><D54/><U61/><E61/><V116/><F116/><W125/><G47/><T4/><D134/><U69/><E69/><V72/><F72/><N who="3" m="27755" /><G23/><T46/><D21/><U120/><E120/><V0/><F0/><W9/><G9/><T110/><D46/><U100/><E34/><V123/><F123/><W57/><G57/><T43/><D70/><U92/><E131/><V52/><F22/><W8/><G8/><N who="0" m="4359" /><D68/><U99/><REACH who="1" step="1"/><E130/><REACH who="1" ten="255,215,248,262" step="2"/><V105/><F48/><W111/><G111/><T85/><D110/><U80/><E80/><V124/><F109/><W36/><G36/><T41/><D119/><U112/><E112/><V129/><F108/><W50/><G39/><T86/><D118/><U63/><E63/><V31/><F129/><W102/><AGARI ba="1,2" hai="28,30,40,45,50,101,102,103,125,126,127" m="27755" machi="102" ten="40,12000,1" yaku="18,1,52,3" doraHai="97" who="3" fromWho="3" sc="255,-41,215,-41,248,-41,262,143" /><INIT seed="3,2,0,1,1,48" ten="214,174,207,405" oya="3" hai0="115,19,44,32,66,63,40,128,100,14,10,30,13" hai1="39,76,37,73,120,67,1,11,36,75,80,82,85" hai2="25,102,2,92,6,135,26,41,7,45,105,9,50" hai3="49,47,46,113,103,59,35,22,118,33,34,51,134"/><W123/><G113/><T117/><D115/><U3/><E120/><V129/><F129/><W74/><G118/><T17/><D117/><U65/><E11/><V122/><F135/><W109/><G123/><T132/><D132/><U62/><E67/><V57/><F122/><W0/><G134/><T108/><D108/><U121/><E121/><V21/><F105/><W107/><G74/><T31/><D100/><U87/><E85/><V98/><F7/><W28/><G0/><T12/><D32/><U79/><REACH who="1" step="1"/><E87/><REACH who="1" ten="214,164,207,405" step="2"/><V86/><F86/><W89/><G109/><T15/><D128/><U18/><E18/><V54/><REACH who="2" step="1"/><F21/><REACH who="2" ten="214,164,197,405" step="2"/><W83/><G22/><T131/><D131/><U70/><AGARI ba="2,2" hai="1,3,36,37,39,62,65,70,73,75,76,79,80,82" machi="70" ten="30,12000,2" yaku="1,1,0,1,9,1,33,3,53,0" doraHai="48" doraHaiUra="99" who="1" fromWho="1" sc="214,-32,164,146,197,-32,405,-62" /><INIT seed="4,0,0,5,0,14" ten="182,310,165,343" oya="0" hai0="79,44,9,99,82,8,50,12,26,92,49,29,55" hai1="132,18,54,110,95,91,118,1,73,87,70,98,52" hai2="115,83,37,125,124,15,96,105,111,126,21,103,128" hai3="106,65,93,86,13,127,35,85,27,113,7,47,5"/><T102/><D50/><U38/><E73/><V4/><F37/><W76/><G106/><T53/><D55/><U88/><E110/><V46/><F111/><W129/><G113/><T60/><D60/><U130/><E38/><V17/><F115/><W74/><G129/><T66/><D66/><U51/><E118/><V16/><F128/><W42/><G127/><T112/><D112/><U117/><E117/><V48/><F83/><W72/><G65/><T67/><D67/><U40/><E70/><V107/><F107/><W131/><G131/><T122/><D122/><U135/><E1/><V31/><F31/><W43/><G76/><T121/><D121/><U59/><E130/><V25/><F4/><W2/><G2/><T78/><D9/><U77/><E77/><V75/><F75/><W62/><G62/><T89/><D102/><U41/><E54/><V22/><REACH who="2" step="1"/><F124/><REACH who="2" ten="182,310,155,343" step="2"/><W58/><G5/><T56/><D82/><U24/><E135/><V23/><F23/><W19/><G7/><T108/><D108/><U101/><E132/><V134/><F134/><W90/><G72/><T97/><D29/><U6/><E6/><V32/><F32/><W30/><G74/><T123/><D123/><U10/><E10/><V94/><F94/><W11/><G93/><T39/><D39/><U20/><E91/><V69/><F69/><W33/><G90/><T119/><D89/><U36/><E36/><V114/><F114/><W81/><G11/><T61/><D8/><U84/><E84/><V120/><F120/><W71/><G86/><T34/><D79/><U116/><E116/><RYUUKYOKU ba="0,1" sc="182,-15,310,15,155,15,343,-15" hai1="18,20,24,40,41,51,52,59,87,88,95,98,101" hai2="15,16,17,21,22,25,46,48,96,103,105,125,126" /><INIT seed="5,1,1,5,2,134" ten="167,325,170,328" oya="1" hai0="54,111,96,89,37,63,33,67,45,103,74,16,71" hai1="1,41,20,107,49,57,87,59,64,19,109,47,77" hai2="133,122,90,25,127,128,34,4,91,112,70,73,9" hai3="129,43,94,55,26,66,56,30,97,115,6,12,21"/><U123/><E123/><V22/><F70/><W100/><G115/><T101/><D111/><U2/><E107/><V65/><F65/><W46/><G129/><T69/><D74/><U11/><E109/><V85/><F73/><W80/><G80/><T125/><D33/><U132/><E132/><V48/><F133/><W29/><G6/><T62/><D89/><U13/><E2/><V117/><F117/><W81/><G81/><T58/><D103/><U104/><E104/><V108/><F108/><W86/><G86/><T126/><D16/><U28/><E64/><V52/><F34/><W72/><G72/><T23/><D23/><U93/><E1/><V51/><F51/><W35/><G12/><T131/><D131/><U3/><E3/><N who="2" m="159" /><F122/><W95/><G35/><T24/><D24/><N who="1" m="16391" /><E77/><V79/><F85/><W83/><G83/><T60/><D63/><U110/><E110/><V31/><F79/><W44/><G30/><T113/><D113/><U61/><E61/><V124/><F128/><W39/><G66/><T130/><D130/><U92/><E87/><V14/><F14/><W78/><G78/><T76/><D76/><U32/><E32/><V15/><F15/><W27/><G27/><T116/><D116/><U99/><E93/><V84/><F112/><W98/><G95/><N who="0" m="58527" /><D71/><U42/><E42/><V18/><F31/><W120/><G120/><T118/><D118/><U119/><E119/><V53/><F90/><AGARI ba="1,1" hai="11,13,19,41,47,49,57,59,90,92,99" m="16391" machi="90" ten="30,1500,0" yaku="8,1" doraHai="134" who="1" fromWho="2" sc="167,0,325,28,170,-18,328,0" /><INIT seed="5,2,0,3,3,57" ten="167,353,152,328" oya="1" hai0="130,79,107,2,15,9,13,134,3,68,25,111,64" hai1="67,6,10,19,5,80,33,47,86,96,87,108,125" hai2="75,98,100,36,55,23,92,59,83,58,44,124,24" hai3="22,128,99,112,69,0,4,91,16,32,20,60,12"/><U114/><E114/><V121/><F121/><W70/><G112/><T85/><D107/><U42/><E33/><V115/><F124/><W129/><G32/><T48/><D111/><U73/><E125/><V50/><F115/><W120/><G120/><T27/><D48/><U45/><E73/><V117/><F117/><W94/><G22/><T93/><D79/><U65/><E96/><V110/><F110/><W26/><G26/><T31/><D64/><U123/><E123/><V97/><F36/><W54/><G4/><T7/><D68/><U46/><E42/><V53/><F97/><W101/><G0/><T17/><D85/><U126/><E126/><V61/><F75/><W90/><G101/><T39/><D93/><U102/><E102/><V82/><REACH who="2" step="1"/><F44/><REACH who="2" ten="167,353,142,328" step="2"/><W116/><G116/><T119/><D39/><U21/><E108/><V76/><F76/><W11/><G70/><T66/><D119/><U8/><E47/><V51/><F51/><W18/><G69/><T81/><D130/><U49/><E49/><V62/><F62/><W135/><G129/><T132/><D134/><U38/><E38/><V41/><F41/><W29/><G135/><T77/><D77/><U71/><E71/><V34/><F34/><W78/><G128/><T104/><D132/><U127/><E127/><V63/><F63/><W56/><G78/><T30/><D66/><U28/><E46/><V103/><F103/><N who="3" m="60919" /><G29/><AGARI ba="2,1" hai="23,24,29,50,53,55,58,59,61,82,83,92,98,100" machi="29" ten="30,7700,0" yaku="1,1,7,1,8,1,52,1,53,0" doraHai="57" doraHaiUra="122" who="2" fromWho="3" sc="167,0,353,0,142,93,328,-83" /><INIT seed="6,0,0,3,3,79" ten="167,353,235,245" oya="2" hai0="90,65,32,100,58,6,73,10,16,122,38,97,105" hai1="127,53,67,75,77,86,88,99,124,132,80,47,62" hai2="69,51,46,135,110,63,111,72,92,19,7,82,114" hai3="49,134,119,116,35,48,68,30,131,112,101,76,57"/><V96/><F114/><W107/><G68/><T104/><D122/><U129/><E129/><V36/><F135/><W0/><G0/><T17/><D32/><U56/><E132/><V25/><F36/><W21/><G35/><T15/><D38/><U84/><E99/><V3/><F3/><W40/><G134/><T78/><D105/><U109/><E109/><N who="2" m="41483" /><F7/><W98/><G131/><T11/><D90/><U74/><E47/><V91/><F19/><W5/><G5/><T24/><D24/><U14/><E14/><V59/><F25/><W102/><G112/><T85/><D73/><U106/><E106/><V41/><F69/><W1/><G1/><T2/><D17/><U42/><E42/><V120/><F120/><W4/><G4/><T20/><D2/><U95/><E67/><N who="2" m="39423" /><F72/><W44/><G119/><T37/><D37/><U8/><E8/><V128/><F128/><W52/><G116/><T117/><D117/><U61/><E61/><V33/><F33/><W27/><G102/><T55/><D6/><U93/><E75/><V125/><F125/><N who="1" m="48201" /><E74/><V9/><F9/><W70/><G70/><T108/><D108/><U123/><E123/><V121/><F121/><W26/><G26/><T71/><D71/><U64/><E64/><V18/><F18/><W87/><G87/><T50/><D65/><U103/><E103/><V29/><F29/><W130/><G130/><T81/><AGARI ba="0,0" hai="10,11,15,16,20,50,55,58,78,81,85,97,100,104" machi="81" ten="30,4000,0" yaku="0,1,52,1,54,1" doraHai="79" who="0" fromWho="0" sc="167,40,353,-10,235,-20,245,-10" /><INIT seed="7,0,0,2,1,135" ten="207,343,215,235" oya="3" hai0="127,73,30,101,32,94,125,83,126,81,110,117,41" hai1="18,19,74,52,9,111,46,131,13,58,35,56,8" hai2="29,63,90,66,31,48,59,49,16,91,78,61,116" hai3="54,20,25,17,51,68,113,99,43,62,53,44,134"/><W92/><G134/><T40/><D110/><U129/><E111/><V10/><F116/><W96/><G113/><T42/><D117/><U1/><E35/><V76/><F10/><W104/><G104/><T3/><D3/><U38/><E74/><V118/><F118/><W5/><G5/><T79/><D83/><U11/><E18/><V33/><F33/><W123/><G123/><T102/><D94/><U23/><E1/><V82/><F82/><W71/><G99/><T47/><D47/><U67/><E67/><V26/><F66/><W107/><G107/><T39/><D39/><U15/><E15/><V87/><F87/><W109/><G109/><T65/><D65/><U95/><E95/><V130/><F130/><N who="1" m="49673" /><E52/><V12/><F12/><W36/><G36/><T21/><D32/><U34/><E34/><V37/><F37/><W128/><G128/><T57/><D57/><U122/><E122/><V70/><F59/><W27/><G27/><AGARI ba="0,0" hai="21,27,30,40,41,42,73,79,81,101,102,125,126,127" machi="27" ten="50,8000,1" yaku="18,1,52,3" doraHai="135" who="0" fromWho="3" sc="207,80,343,0,215,0,235,-80" owari="287,8.7,343,44.3,215,-18.5,155,-34.5" /></mjloggm>