<mjloggm ver="2.3"><GO type="41" lobby="0"/><UN n0="%E3%82%80%E3%82%89%E3%81%BC%E3%83%BC" n1="%54%4B%4F%40%41%43" n2="%E2%93%9D%4C%75%63%6B%79%4A" n3="%E8%B7%A1%E3%82%92%E6%BF%81%E3%81%97%E3%81%A6%E8%BE%9E%E3%82%81%E3%82%8B" dan="14,13,18,14" rate="1920.75,1887.39,2216.95,2119.67" sx="M,M,M,M"/><TAIKYOKU oya="0"/><INIT seed="0,0,0,3,1,31" ten="250,250,250,250" oya="0" hai0="7,52,71,44,70,112,116,64,40,30,97,83,119" hai1="19,26,134,77,75,131,88,114,60,117,6,45,72" hai2="108,41,95,34,5,102,48,81,57,27,66,128,124" hai3="43,129,125,28,59,74,103,63,0,50,36,113,16"/><T106/><D112/><U133/><E117/><V79/><F108/><W67/><G113/><T39/><D7/><U123/><E114/><V91/><F102/><W94/><G0/><T13/><D83/><U100/><E123/><V101/><F101/><W109/><G36/><T105/><D13/><U10/><E100/><V61/><F124/><W84/><G74/><T96/><D97/><U3/><E131/><V98/><F128/><W4/><G4/><T85/><D85/><U38/><E60/><V33/><F27/><W29/><G129/><T55/><D96/><U104/><E104/><V76/><F79/><W110/><G125/><T49/><D30/><U17/><E88/><V1/><F41/><W99/><G84/><T126/><D126/><U115/><E115/><V78/><F48/><W53/><G43/><T132/><D105/><U25/><E26/><V11/><REACH who="2" step="1"/><F78/><REACH who="2" ten="250,250,240,250" step="2"/><W107/><G107/><T122/><D106/><U65/><E25/><V93/><F93/><W86/><G110/><T73/><D73/><AGARI ba="0,1" hai="1,5,11,33,34,57,61,66,73,76,81,91,95,98" machi="73" ten="30,8000,1" yaku="1,1,7,1,52,2,53,1" doraHai="31" doraHaiUra="90" who="2" fromWho="0" sc="250,-80,250,0,240,90,250,0" /><INIT seed="1,0,0,2,0,77" ten="170,250,330,250" oya="1" hai0="8,81,134,129,64,116,52,11,37,104,88,63,16" hai1="51,112,21,59,97,1,24,53,130,4,123,27,102" hai2="41,85,32,9,22,0,20,126,19,115,76,113,13" hai3="29,14,107,35,93,67,58,66,111,100,125,68,122"/><U119/><E123/><V118/><F41/><W31/><G122/><T127/><D116/><U57/><E119/><V128/><F118/><W84/><G68/><T39/><D104/><U114/><E130/><V34/><F76/><W71/><G71/><T46/><D127/><U80/><E27/><V135/><F85/><W70/><G70/><T117/><D117/><U43/><E43/><V15/><F135/><W69/><G69/><T25/><D129/><U109/><E109/><V33/><F128/><W55/><G55/><T6/><D134/><U94/><E59/><V105/><F105/><W99/><G99/><T92/><BYE who="3" /><D39/><U83/><E4/><V54/><F54/><W7/><G7/><T44/><D37/><U40/><E40/><V133/><F133/><W79/><G79/><T61/><D64/><U103/><E103/><V82/><F82/><W98/><G98/><T30/><D30/><U62/><E62/><N who="0" m="23561" /><D6/><U56/><E57/><V28/><F0/><W74/><G74/><T72/><D72/><U42/><E42/><V26/><F126/><W75/><G75/><T38/><D38/><U17/><REACH who="1" step="1"/><E1/><REACH who="1" ten="170,240,330,250" step="2"/><V78/><F78/><W5/><G5/><AGARI ba="0,1" hai="5,9,13,15,19,20,22,26,28,32,33,34,113,115" machi="5" ten="40,5200,0" yaku="34,3" doraHai="77" who="2" fromWho="3" sc="170,0,240,0,330,62,250,-52" /><INIT seed="2,0,0,2,5,76" ten="170,240,392,198" oya="2" hai0="46,30,34,20,100,13,77,118,84,56,36,10,125" hai1="14,81,11,27,50,37,7,90,104,55,68,60,122" hai2="69,74,16,111,41,126,18,95,110,1,106,22,49" hai3="115,47,124,92,52,86,0,44,28,94,70,72,63"/><V93/><F106/><W85/><G85/><T123/><D125/><U114/><E37/><V78/><F1/><W82/><G82/><T97/><D34/><U23/><E114/><V64/><F126/><W54/><G54/><T99/><D123/><U42/><E104/><V134/><F134/><W88/><G88/><T121/><D121/><U119/><E122/><V17/><F22/><W128/><G128/><T101/><D118/><U38/><E119/><V131/><F131/><W58/><G58/><T29/><D36/><U112/><E112/><V25/><F25/><W107/><G107/><T129/><D46/><U31/><E38/><V59/><F69/><W61/><G61/><T9/><D129/><U130/><E130/><V133/><F133/><W87/><G87/><T3/><D3/><U83/><E90/><UN n3="%E8%B7%A1%E3%82%92%E6%BF%81%E3%81%97%E3%81%A6%E8%BE%9E%E3%82%81%E3%82%8B" /><V135/><F135/><W98/><G72/><T26/><D56/><N who="1" m="34847" /><E68/><V75/><F64/><W80/><G115/><T15/><D84/><U103/><E103/><V51/><F59/><W48/><G0/><T12/><D77/><U109/><E109/><N who="2" m="41483" /><F41/><W35/><G124/><T96/><D30/><U43/><E42/><V21/><F21/><W2/><G2/><T108/><D108/><U24/><E24/><V4/><F4/><W79/><G70/><T57/><D57/><U45/><AGARI ba="0,0" hai="7,11,14,23,27,31,43,45,50,81,83" m="34847" machi="45" ten="30,4000,0" yaku="8,1,52,2" doraHai="76" who="1" fromWho="1" sc="170,-10,240,40,392,-20,198,-10" /><INIT seed="3,0,0,4,1,79" ten="160,280,372,188" oya="3" hai0="27,100,113,131,20,46,47,0,51,70,21,59,54" hai1="129,80,7,87,49,103,135,28,104,90,36,91,30" hai2="6,132,48,32,56,126,10,69,99,65,95,58,111" hai3="25,1,17,92,121,110,61,97,3,88,52,82,71"/><W81/><G121/><T96/><D0/><U118/><E36/><V8/><F32/><W107/><G107/><T78/><D131/><U114/><E129/><V67/><F69/><W120/><G120/><T9/><D113/><U60/><E114/><V134/><F111/><W45/><G110/><T133/><D133/><N who="2" m="51306" /><F10/><W4/><G71/><T63/><D78/><U2/><E7/><V38/><F38/><W42/><G42/><T75/><D75/><U93/><E2/><N who="3" m="522" /><G45/><T85/><D9/><U128/><E128/><V14/><F126/><W106/><G106/><T35/><D85/><U18/><E60/><V89/><F48/><W24/><G24/><T15/><D15/><U130/><E130/><V33/><F33/><W109/><G4/><T108/><D108/><U73/><E49/><V43/><F43/><W102/><G102/><T112/><D112/><U40/><E40/><V74/><F74/><W105/><G105/><T41/><D47/><U12/><E103/><V101/><F101/><W23/><G109/><T125/><D125/><U76/><E104/><V53/><F53/><W55/><G55/><T26/><D70/><U117/><E135/><V116/><F116/><N who="1" m="44649" /><E91/><V11/><F11/><AGARI ba="0,0" hai="11,12,18,28,30,73,76,80,87,90,93" m="44649" machi="11" ten="30,2000,0" yaku="12,1,52,1" doraHai="79" who="1" fromWho="2" sc="160,0,280,20,372,-20,188,0" /><INIT seed="4,0,0,3,4,99" ten="160,300,352,188" oya="0" hai0="71,16,95,63,115,7,62,88,113,52,82,54,5" hai1="50,22,29,100,116,12,40,108,133,106,25,122,134" hai2="129,36,34,48,2,92,55,47,17,105,118,19,46" hai3="32,33,26,61,3,109,77,31,69,73,6,114,41"/><T51/><D82/><U23/><E116/><V98/><F34/><N who="3" m="20855" /><G41/><T93/><D71/><U104/><E108/><V103/><F2/><W101/><G101/><T21/><D113/><U80/><E122/><V70/><F129/><W110/><G114/><T4/><D115/><U10/><E23/><V96/><F70/><W57/><G57/><N who="0" m="32927" /><D54/><U37/><E37/><V126/><F126/><W120/><G120/><T87/><D95/><U111/><E111/><N who="3" m="42506" /><G77/><T124/><D124/><U49/><E80/><V11/><F118/><W42/><G42/><T20/><D20/><U8/><E8/><V85/><F11/><N who="3" m="2527" /><G73/><T86/><D86/><U39/><E39/><V131/><F85/><W132/><G132/><N who="1" m="50794" /><E40/><V30/><F36/><W65/><AGARI ba="0,0" hai="32,33,61,65,69" m="2527,42506,20855" machi="65" ten="30,1100,0" yaku="23,1" doraHai="99" who="3" fromWho="3" sc="160,-5,300,-3,352,-3,188,11" /><INIT seed="5,0,0,3,4,77" ten="155,297,349,199" oya="1" hai0="66,83,85,122,29,114,48,6,7,20,120,135,32" hai1="21,24,60,52,67,8,107,55,113,99,109,86,5" hai2="42,129,92,131,89,96,37,36,46,47,103,13,11" hai3="119,125,106,16,17,68,0,79,127,30,27,31,40"/><U72/><E113/><V133/><F133/><W98/><G68/><T88/><D114/><U90/><E72/><V97/><F47/><W53/><G40/><T26/><D135/><U15/><E109/><V14/><F37/><W71/><G71/><T100/><D100/><U64/><E107/><V75/><F75/><W23/><G0/><T41/><D66/><U19/><E99/><V102/><F14/><W126/><G119/><T108/><D108/><U94/><REACH who="1" step="1"/><E64/><REACH who="1" ten="155,287,349,199" step="2"/><V3/><F97/><W73/><G98/><T54/><D41/><U49/><E49/><V111/><F111/><W22/><G106/><T105/><D105/><U87/><E87/><V82/><F103/><W118/><G118/><T81/><D120/><U101/><E101/><V80/><F102/><W121/><G121/><T134/><D122/><U59/><AGARI ba="0,1" hai="5,8,15,19,21,24,52,55,59,60,67,86,90,94" machi="59" ten="20,18000,2" yaku="1,1,0,1,7,1,8,1,54,1,53,2" doraHai="77" doraHaiUra="50" who="1" fromWho="1" sc="155,-60,287,190,349,-60,199,-60" /><INIT seed="5,1,0,5,0,133" ten="95,477,289,139" oya="1" hai0="38,116,71,66,76,23,39,35,20,63,16,95,131" hai1="56,53,1,80,10,106,118,27,7,102,51,90,18" hai2="15,69,24,108,33,29,5,11,45,72,48,107,70" hai3="79,98,40,124,97,75,19,84,42,60,92,50,3"/><U111/><E118/><V126/><F108/><W67/><G3/><T13/><D131/><U100/><E111/><V87/><F72/><W73/><G73/><T17/><D116/><U49/><E106/><V104/><F126/><W120/><G124/><T41/><D35/><U74/><E74/><V110/><F110/><W112/><G75/><T52/><D76/><U78/><E78/><V21/><F33/><W82/><G120/><T46/><D95/><U93/><E80/><V94/><F107/><W128/><G112/><T129/><D129/><U9/><E9/><V22/><F22/><W101/><G50/><T77/><D77/><U61/><E51/><V54/><F104/><W96/><G128/><T123/><D123/><U26/><E49/><V64/><F64/><W8/><G98/><T6/><D6/><U135/><E27/><V59/><F45/><W81/><G81/><T44/><D44/><U36/><E36/><V65/><F65/><W85/><G85/><T130/><D130/><U57/><E57/><V103/><REACH who="2" step="1"/><F87/><REACH who="2" ten="95,477,279,139" step="2"/><W114/><G67/><T68/><D39/><U109/><E109/><V115/><F115/><W122/><G114/><T99/><D99/><AGARI ba="1,1" hai="5,11,15,21,24,29,48,54,59,69,70,94,99,103" machi="99" ten="40,1300,0" yaku="1,1,53,0" doraHai="133" doraHaiUra="113" who="2" fromWho="0" sc="95,-16,477,0,279,26,139,0" /><INIT seed="6,0,0,5,4,118" ten="79,477,305,139" oya="2" hai0="120,75,25,95,81,67,90,84,115,97,71,108,37" hai1="68,131,87,48,119,56,22,100,114,94,33,98,18" hai2="127,50,121,91,110,54,96,21,53,113,83,85,128" hai3="70,35,99,51,63,12,47,7,0,124,59,61,8"/><V11/><F110/><W32/><G124/><T52/><D37/><U5/><E119/><V93/><F127/><W79/><G79/><T41/><D41/><U132/><E68/><V42/><F128/><W72/><G72/><T122/><D71/><U14/><E33/><V15/><F113/><W129/><G129/><T19/><D67/><U65/><E114/><V133/><F133/><W38/><G38/><T64/><D115/><U77/><E132/><V34/><F34/><W89/><G70/><T106/><D64/><U123/><E123/><V39/><F121/><W82/><G0/><T43/><D43/><U78/><E5/><V49/><F21/><W126/><G126/><T76/><D108/><U27/><E27/><V125/><F39/><W28/><G63/><T109/><D109/><U107/><E131/><V69/><F69/><W23/><G23/><T26/><D26/><U3/><E3/><V2/><F2/><W29/><G35/><T74/><D25/><U101/><E65/><V86/><F42/><N who="3" m="25079" /><G32/><T73/><D19/><U112/><E112/><V88/><F125/><W9/><G9/><T36/><D36/><U4/><E4/><V135/><F135/><W103/><G103/><N who="0" m="62831" /><D52/><N who="2" m="20074" /><F96/><AGARI ba="0,0" hai="73,74,75,76,81,84,90,95,96,120,122" m="62831" machi="96" ten="30,7700,0" yaku="34,2,52,2" doraHai="118" who="0" fromWho="2" sc="79,77,477,0,305,-77,139,0" /><INIT seed="7,0,0,4,5,58" ten="156,477,228,139" oya="3" hai0="5,103,48,94,7,31,59,78,14,113,110,123,23" hai1="127,44,15,3,68,108,87,19,93,99,135,80,109" hai2="0,1,81,101,61,115,8,88,41,133,55,47,73" hai3="20,111,104,119,21,130,122,18,53,4,17,107,76"/><W51/><G122/><T34/><D34/><U39/><E3/><V124/><F101/><W69/><G119/><T16/><D110/><U92/><E68/><V85/><F73/><W57/><G111/><T126/><D126/><U22/><E127/><V90/><F124/><W26/><G130/><T42/><D123/><U89/><E135/><V118/><F118/><W38/><G38/><T33/><D78/><U79/><E39/><V77/><F115/><W116/><G116/><T117/><D117/><U12/><E44/><V6/><F1/><W13/><G4/><T125/><D125/><U105/><E105/><V62/><F55/><W2/><G2/><T32/><D113/><U91/><E12/><V114/><F114/><W46/><G69/><T95/><D33/><U24/><E24/><V36/><F133/><W29/><G76/><T71/><D71/><U37/><E37/><V74/><F90/><W64/><REACH who="3" step="1"/><G29/><REACH who="3" ten="156,477,228,129" step="2"/><T84/><D31/><U98/><AGARI ba="0,1" hai="15,19,22,79,80,87,89,91,92,93,98,99,108,109" machi="98" ten="20,2700,0" yaku="0,1,7,1,9,1" doraHai="58" who="1" fromWho="1" sc="156,-7,477,37,228,-7,129,-13" owari="149,-25.1,514,61.4,221,2.1,116,-38.4" /></mjloggm>