<mjloggm ver="2.3"><GO type="41" lobby="0"/><UN n0="%E3%81%B7%E3%81%8F%E3%81%B7%E3%81%8F" n1="%E3%82%82%E3%81%A4%E3%81%8A%E3%80%82%E3%80%82" n2="%E5%A4%A9%E5%A4%A9%E5%BA%A7%E7%90%86%E4%B8%96" n3="%E2%93%9D%4C%75%63%6B%79%4A" dan="13,14,13,17" rate="1934.19,2015.94,1885.11,2146.79" sx="M,M,M,M"/><TAIKYOKU oya="0"/><INIT seed="0,0,0,4,1,66" ten="250,250,250,250" oya="0" hai0="8,135,71,85,35,108,22,120,27,53,17,78,50" hai1="84,28,87,124,45,15,58,100,113,3,5,122,91" hai2="133,55,77,119,54,89,62,4,117,43,69,7,94" hai3="73,125,65,99,6,130,101,76,111,42,38,18,126"/><T64/><D120/><U88/><E3/><V59/><F77/><W36/><G42/><T97/><D135/><U23/><E124/><N who="3" m="47722" /><G18/><T86/><D97/><U83/><E100/><V51/><F43/><W70/><G6/><N who="2" m="2089" /><F133/><W57/><G57/><T132/><D132/><U25/><E45/><N who="2" m="28015" /><F94/><W106/><G111/><T60/><D108/><U105/><E105/><V56/><F89/><W68/><G65/><T34/><D8/><N who="1" m="4495" /><E122/><V104/><F104/><W40/><G130/><T48/><D48/><U44/><E44/><V14/><F14/><W95/><G95/><T129/><D129/><U29/><E113/><V90/><F90/><W131/><G131/><T118/><D118/><N who="2" m="45066" /><F55/><W12/><G12/><T32/><REACH who="0" step="1"/><D78/><REACH who="0" ten="240,250,250,250" step="2"/><U1/><E1/><V92/><F62/><W98/><G99/><T81/><D81/><U11/><E11/><V103/><F92/><W93/><G93/><T123/><D123/><U20/><E83/><V134/><F134/><W30/><G98/><T112/><D112/><U52/><E91/><V67/><F103/><W31/><G101/><T121/><D121/><U24/><E88/><V102/><F102/><W37/><G106/><T26/><D26/><U16/><E29/><N who="3" m="10762" /><G40/><T128/><D128/><U9/><E9/><V0/><F0/><W61/><G61/><AGARI ba="0,1" hai="16,20,23,24,25,28,52,58,61,84,87" m="4495" machi="61" ten="30,3900,0" yaku="8,1,54,2" doraHai="66" who="1" fromWho="3" sc="240,0,250,49,250,0,250,-39" /><INIT seed="1,0,0,0,2,74" ten="240,299,250,211" oya="1" hai0="13,122,52,73,34,130,64,114,15,2,40,50,134" hai1="120,106,56,39,100,85,57,4,72,48,115,105,35" hai2="58,101,82,128,118,113,89,69,112,31,28,99,33" hai3="61,32,59,37,24,135,67,8,27,110,123,86,12"/><U132/><E115/><V83/><F118/><W95/><G123/><T129/><D34/><U131/><E35/><V133/><F69/><W66/><G37/><T77/><D2/><U20/><E39/><V38/><F133/><W43/><G110/><T6/><D40/><U0/><E72/><V79/><F38/><W55/><G43/><T45/><D114/><N who="2" m="44138" /><F33/><W11/><G11/><T98/><D98/><U91/><E131/><N who="0" m="50185" /><D122/><U42/><E120/><V125/><F58/><W44/><G44/><T108/><D108/><U96/><E106/><N who="2" m="63807" /><F125/><W41/><G41/><T76/><D73/><U75/><E75/><N who="2" m="43391" /><F128/><W111/><G135/><T103/><D103/><U54/><E132/><V88/><F89/><N who="3" m="53687" /><G32/><T109/><D109/><U126/><E126/><V29/><F29/><W17/><G111/><T47/><D134/><U65/><E57/><V36/><F36/><W63/><G63/><T78/><D64/><AGARI ba="0,0" hai="8,12,17,24,27,55,59,61,64,66,67" m="53687" machi="64" ten="30,1000,0" yaku="8,1" doraHai="74" who="3" fromWho="0" sc="240,-10,299,0,250,0,211,10" /><INIT seed="2,0,0,1,2,66" ten="230,299,250,221" oya="2" hai0="114,97,42,70,7,131,113,36,83,110,75,49,6" hai1="13,44,127,22,77,14,76,24,1,35,65,53,112" hai2="46,47,56,28,64,0,90,91,9,26,119,107,96" hai3="50,23,92,115,105,38,27,98,51,15,33,29,45"/><V95/><F119/><W88/><G115/><T63/><D110/><U126/><E1/><V8/><F0/><W69/><G105/><T34/><D34/><U93/><E35/><V125/><F125/><W59/><G38/><T54/><D75/><U57/><E44/><V116/><F116/><W81/><G69/><T117/><D83/><U21/><E65/><V2/><F9/><W124/><G124/><T55/><D97/><U72/><E72/><V84/><F107/><W40/><G33/><T20/><D20/><U62/><E112/><V87/><F8/><W32/><G32/><T130/><D7/><U52/><E93/><V100/><F2/><W108/><G108/><T134/><D6/><U129/><E57/><V67/><F56/><W89/><G15/><T123/><D117/><U10/><E10/><V73/><F28/><W133/><G133/><T101/><D101/><U43/><E62/><V120/><F26/><W19/><G29/><T132/><D63/><U103/><E24/><V16/><F73/><W17/><G19/><T79/><D79/><U3/><E3/><V71/><F16/><W39/><REACH who="3" step="1"/><G59/><REACH who="3" ten="230,299,250,211" step="2"/><T82/><D36/><U58/><E58/><V106/><F120/><W128/><G128/><T37/><D37/><U99/><E129/><V78/><F67/><W135/><G135/><T102/><D123/><U12/><E127/><V111/><F111/><W122/><G122/><T104/><D131/><U18/><E18/><V85/><F64/><W41/><G41/><T94/><D130/><U121/><E126/><V68/><F106/><W61/><G61/><RYUUKYOKU ba="0,1" sc="230,-10,299,-10,250,-10,211,30" hai3="17,23,27,39,40,45,50,51,81,88,89,92,98" /><INIT seed="3,1,1,5,1,85" ten="220,289,240,241" oya="3" hai0="10,7,74,45,47,78,22,58,84,39,104,41,102" hai1="42,76,8,51,21,3,118,52,27,16,72,62,93" hai2="48,126,133,121,66,111,44,11,33,134,105,119,46" hai3="131,109,19,113,23,17,56,71,100,114,34,13,92"/><W31/><G71/><T18/><D74/><U32/><E118/><V110/><F105/><W12/><G56/><T36/><D104/><U61/><E42/><V64/><F33/><W116/><G116/><T68/><D102/><U81/><E32/><V117/><F11/><W88/><G131/><T25/><D68/><U129/><E129/><V75/><F75/><W59/><G100/><T80/><D58/><U14/><E3/><V69/><F126/><W38/><G38/><T65/><D65/><N who="2" m="25194" /><F69/><W1/><G1/><T9/><D7/><U86/><E93/><V0/><F0/><W55/><G109/><N who="2" m="41481" /><F121/><W124/><G124/><T57/><D57/><N who="1" m="32927" /><E72/><V77/><F77/><W70/><G70/><T120/><D120/><U20/><E20/><V87/><F87/><W98/><G34/><T54/><D54/><U95/><E95/><V4/><F4/><AGARI ba="1,1" hai="4,8,14,16,21,27,61,62,76,81,86" m="32927" machi="4" ten="30,3900,0" yaku="8,1,54,2" doraHai="85" who="1" fromWho="2" sc="220,0,289,52,240,-42,241,0" /><INIT seed="4,0,0,0,4,36" ten="220,341,198,241" oya="0" hai0="22,47,108,118,3,31,46,76,69,116,79,78,9" hai1="5,84,32,86,29,16,17,87,106,35,88,15,12" hai2="48,23,63,44,43,66,53,18,93,25,30,24,74" hai3="127,115,72,21,89,1,55,123,119,100,39,20,60"/><T0/><D69/><U135/><E135/><V81/><F93/><W38/><G1/><T111/><D9/><U133/><E133/><V98/><F74/><W61/><G100/><T57/><D57/><U101/><E101/><V105/><F81/><W99/><G115/><T14/><D14/><U37/><E106/><V73/><F98/><W132/><G127/><T126/><D22/><U54/><E37/><V49/><F73/><W95/><G119/><N who="0" m="45611" /><D31/><U45/><E5/><V102/><F105/><W28/><G72/><T40/><D126/><U125/><E125/><V41/><F102/><W129/><G21/><T104/><D104/><U110/><E110/><N who="0" m="42025" /><D40/><U51/><E35/><V94/><F94/><W10/><G20/><T33/><D33/><U77/><E32/><V117/><F117/><W114/><G10/><T67/><D67/><U124/><E29/><V112/><F112/><W82/><G28/><T96/><D96/><U120/><E124/><V8/><F8/><W97/><G99/><T80/><D80/><U52/><E45/><AGARI ba="0,0" hai="0,3,45,46,47,76,78,79" m="42025,45611" machi="45" ten="40,7700,0" yaku="28,2,10,1" doraHai="36" who="0" fromWho="1" sc="220,77,341,-77,198,0,241,0" /><INIT seed="4,1,0,1,1,97" ten="297,264,198,241" oya="0" hai0="74,25,59,11,83,127,115,24,7,80,69,3,102" hai1="131,58,128,4,71,81,21,63,28,53,98,64,75" hai2="14,47,12,118,32,101,43,50,41,91,129,1,29" hai3="93,15,87,27,2,42,116,117,122,23,77,112,10"/><T49/><D115/><U96/><E4/><V34/><F129/><N who="1" m="49737" /><E81/><V107/><F91/><W76/><G42/><T125/><D69/><U62/><E75/><V90/><F34/><W70/><G70/><T134/><D134/><U61/><E61/><V8/><F43/><W99/><G2/><T13/><D74/><U88/><E88/><V68/><F90/><W17/><G122/><T55/><D102/><U133/><E133/><V82/><F68/><W9/><G10/><T37/><D37/><U95/><E95/><V18/><F82/><W111/><G111/><T65/><D65/><U52/><E53/><V79/><F79/><W105/><G105/><T126/><D83/><U6/><E6/><V132/><F132/><W60/><G112/><T31/><D31/><U46/><E46/><V0/><F14/><W22/><G77/><T89/><D3/><U33/><E33/><V121/><F118/><W35/><G35/><T130/><REACH who="0" step="1"/><D130/><REACH who="0" ten="287,264,198,241" step="2"/><U72/><E72/><V114/><F121/><W57/><G117/><T84/><AGARI ba="1,1" hai="7,11,13,24,25,49,55,59,80,84,89,125,126,127" machi="84" ten="40,12000,1" yaku="1,1,2,1,0,1,18,1,53,0" doraHai="97" doraHaiUra="39" who="0" fromWho="0" sc="287,133,264,-41,198,-41,241,-41" /><INIT seed="4,2,0,0,3,37" ten="420,223,157,200" oya="0" hai0="97,11,76,16,4,85,3,128,95,61,66,36,38" hai1="74,24,0,56,28,100,110,78,75,45,134,9,81" hai2="135,82,1,35,98,18,96,114,33,23,17,5,14" hai3="86,46,122,87,111,89,60,27,107,91,88,80,119"/><T25/><D128/><U34/><E110/><V120/><F82/><W44/><G111/><T72/><D72/><U49/><E56/><V15/><F98/><W30/><G119/><T104/><D104/><U99/><E134/><V130/><F96/><W53/><G122/><T131/><D131/><U94/><E75/><V64/><F64/><W42/><G107/><T71/><D85/><U92/><E9/><N who="2" m="2223" /><F120/><W31/><G27/><T63/><D63/><U84/><E0/><V43/><F43/><W68/><G68/><T13/><D25/><U125/><E125/><V112/><F130/><W54/><G60/><T73/><D76/><U127/><E127/><V103/><F103/><W69/><G69/><T40/><D40/><U115/><E115/><N who="2" m="44075" /><F135/><W50/><G54/><T113/><D113/><U132/><E132/><V12/><F12/><W2/><G2/><T52/><D52/><U10/><E74/><V47/><F47/><W57/><G46/><T116/><D116/><U79/><E79/><V124/><F124/><W32/><G91/><T133/><D73/><U39/><E39/><V62/><F62/><N who="3" m="36143" /><G89/><T121/><D133/><U59/><E59/><V41/><F41/><W126/><G126/><T118/><D121/><U105/><E10/><AGARI ba="2,0" hai="10,14,15,17,18,23,33,35" m="44075,2223" machi="10" ten="30,3900,0" yaku="15,1,34,2" doraHai="37" who="2" fromWho="1" sc="420,0,223,-45,157,45,200,0" /><INIT seed="5,0,0,2,1,113" ten="420,178,202,200" oya="1" hai0="37,95,74,71,31,39,26,44,22,34,85,23,5" hai1="9,112,134,19,59,63,80,76,11,129,67,28,88" hai2="115,60,21,93,51,10,122,27,114,98,110,42,118" hai3="108,89,104,86,25,35,97,68,84,45,12,77,61"/><U1/><E112/><N who="2" m="43051" /><F110/><W96/><G45/><T69/><D74/><U70/><E134/><V73/><F73/><W79/><G12/><T53/><D5/><U41/><E1/><V124/><F122/><W131/><G61/><T29/><D39/><U102/><E102/><N who="2" m="60751" /><F60/><W99/><G68/><T3/><D37/><U133/><E133/><V4/><F42/><W132/><G35/><T100/><D34/><U50/><E28/><N who="2" m="17519" /><F51/><W0/><G25/><T24/><D24/><U109/><E109/><V111/><F124/><W103/><G132/><T46/><D26/><U7/><E7/><V36/><F36/><W2/><G108/><T32/><D32/><U78/><E129/><V16/><F111/><W14/><G131/><T75/><D75/><U107/><E107/><V66/><F66/><W49/><G49/><T81/><D71/><U83/><E70/><V6/><F118/><W54/><G104/><T119/><D69/><U72/><E50/><V58/><F58/><W87/><G103/><T20/><D119/><U13/><E41/><V62/><F62/><W121/><G121/><T94/><D31/><U33/><E33/><V91/><F91/><W17/><G89/><T15/><D29/><U135/><E135/><V82/><F82/><W105/><G105/><T18/><D81/><U125/><E125/><V64/><F64/><W30/><G30/><T127/><D127/><U116/><E88/><V56/><F56/><W43/><G43/><T120/><D120/><U40/><E40/><V123/><F123/><W52/><G54/><T117/><D117/><U48/><E116/><RYUUKYOKU ba="0,0" sc="420,-10,178,-10,202,30,200,-10" hai2="4,6,10,16" /><INIT seed="6,1,0,5,4,85" ten="410,168,232,190" oya="2" hai0="117,21,29,121,20,91,61,103,25,108,59,114,89" hai1="65,132,95,28,33,125,118,3,2,92,130,49,62" hai2="126,96,123,81,102,76,7,47,131,99,23,109,113" hai3="8,26,111,106,60,124,58,67,94,69,12,38,75"/><V97/><F123/><W128/><G106/><T88/><D114/><U27/><E118/><V50/><F113/><W87/><G75/><T100/><D108/><U72/><E72/><V135/><F109/><W11/><G38/><T36/><D36/><U133/><E130/><V9/><F135/><W107/><G107/><T98/><D121/><U17/><E125/><V56/><F126/><W15/><G69/><T22/><D117/><U16/><E49/><V43/><F23/><N who="0" m="8778" /><D98/><U71/><E2/><V34/><F34/><W122/><G128/><T32/><D32/><U51/><E51/><V73/><F131/><W105/><G105/><T14/><D14/><N who="3" m="5161" /><G122/><T78/><D78/><U30/><E28/><V127/><F56/><W90/><G111/><T115/><D115/><U93/><E3/><V104/><REACH who="2" step="1"/><F127/><REACH who="2" ten="410,168,222,190" step="2"/><W41/><G124/><T55/><AGARI ba="1,1" hai="22,25,29,55,59,61,88,89,91,100,103" m="8778" machi="55" ten="30,8000,1" yaku="8,1,52,3,54,1" doraHai="85" who="0" fromWho="0" sc="410,93,168,-21,222,-41,190,-21" /><INIT seed="7,0,0,3,2,31" ten="503,147,181,169" oya="3" hai0="22,74,68,62,39,52,90,69,50,73,78,120,61" hai1="124,28,86,7,46,43,18,77,15,58,5,101,87" hai2="135,123,63,92,40,25,64,129,81,121,102,2,54" hai3="41,125,4,96,108,34,0,13,106,75,49,107,10"/><W42/><G75/><T37/><D78/><U26/><E124/><V83/><F2/><W79/><G125/><T82/><D22/><U12/><E101/><V116/><F116/><W3/><G79/><T100/><D100/><U32/><E15/><V27/><F54/><W130/><G130/><T47/><D90/><U115/><E58/><V110/><F110/><W33/><G108/><T114/><D82/><U70/><E70/><N who="0" m="27241" /><D74/><U9/><E115/><V59/><F40/><W89/><G89/><T60/><D73/><U35/><E35/><V72/><F83/><W67/><G67/><T14/><D14/><U104/><E104/><V44/><F72/><W16/><G42/><T91/><D91/><U19/><E77/><V53/><F81/><W38/><G49/><T6/><D6/><U45/><E45/><V99/><F129/><W24/><G3/><T98/><D98/><U93/><E7/><V30/><F27/><W55/><G55/><T8/><D8/><U56/><E56/><V48/><REACH who="2" step="1"/><F135/><REACH who="2" ten="503,147,171,169" step="2"/><W80/><G80/><T65/><D114/><U117/><E117/><V126/><F126/><W97/><G0/><T132/><D120/><U127/><E127/><V105/><F105/><W103/><G107/><T112/><D112/><U84/><REACH who="1" step="1"/><E93/><REACH who="1" ten="503,137,171,169" step="2"/><V51/><F51/><AGARI ba="0,2" hai="5,9,12,18,19,26,28,32,43,46,51,84,86,87" machi="51" ten="40,5200,0" yaku="1,1,2,1,52,1,53,0" doraHai="31" doraHaiUra="118" who="1" fromWho="2" sc="503,0,137,72,171,-52,169,0" owari="503,60.3,209,0.9,119,-38.1,169,-23.1" /></mjloggm>