<mjloggm ver="2.3"><GO type="41" lobby="0"/><UN n0="%E2%93%9D%4C%75%63%6B%79%4A" n1="%E9%B3%B3%E5%8D%97%E3%81%AE%E3%81%B6%E3%81%9F%E3%81%95%E3%82%93" n2="%E5%A4%A7%E5%B3%B6%E6%AD%A6%E4%BB%A3" n3="%6B%61%73%68%69%61" dan="13,17,15,15" rate="1811.32,2176.17,2005.69,1941.29" sx="M,M,M,M"/><TAIKYOKU oya="0"/><INIT seed="0,0,0,0,0,105" ten="250,250,250,250" oya="0" hai0="37,92,2,77,121,62,41,129,0,38,107,22,80" hai1="17,126,69,90,84,50,128,51,58,52,13,73,89" hai2="1,25,42,47,49,96,55,113,43,109,66,31,59" hai3="10,110,19,111,87,70,122,39,20,130,7,91,21"/><T135/><D121/><U33/><E69/><V54/><F113/><W100/><G39/><T48/><D107/><U4/><E33/><V57/><F1/><W76/><G70/><T61/><D129/><U44/><E126/><V104/><F109/><N who="3" m="41483" /><G130/><T27/><D135/><U24/><E128/><V85/><F66/><W28/><G100/><T79/><D48/><U53/><E73/><V60/><F85/><W124/><G124/><T98/><D41/><U40/><E4/><V97/><F104/><W8/><G28/><T64/><D38/><U45/><E24/><V81/><F81/><W86/><G86/><T12/><D37/><U18/><E13/><V102/><F102/><W133/><G76/><T123/><D79/><U14/><E14/><V88/><F88/><N who="1" m="33897" /><E84/><V118/><F118/><W15/><G133/><T56/><D123/><U16/><E58/><V23/><REACH who="2" step="1"/><F43/><AGARI ba="0,0" hai="16,17,18,40,43,44,45,50,51,52,53" m="33897" machi="43" ten="30,7700,0" yaku="8,1,54,3" doraHai="105" who="1" fromWho="2" sc="250,0,250,77,250,-77,250,0" /><INIT seed="1,0,0,5,2,36" ten="250,327,173,250" oya="1" hai0="6,7,113,10,44,29,112,106,86,47,97,118,43" hai1="58,108,23,85,117,16,120,21,129,128,67,79,72" hai2="87,92,39,13,37,9,100,4,31,64,89,96,94" hai3="2,25,104,40,125,17,8,15,135,107,48,32,75"/><U105/><E117/><V35/><REACH who="2" step="1"/><F64/><REACH who="2" ten="250,327,163,250" step="2"/><W38/><G107/><T82/><D106/><U73/><E105/><V50/><F50/><W131/><G48/><T57/><D113/><U62/><E67/><V45/><F45/><W46/><G104/><T65/><D47/><U116/><E62/><V34/><F34/><W70/><G70/><T83/><D44/><U12/><E58/><V56/><F56/><W126/><G32/><T63/><D65/><U55/><E129/><V26/><AGARI ba="0,1" hai="4,9,13,26,31,35,37,39,87,89,92,94,96,100" machi="26" ten="30,7900,0" yaku="21,2,0,1,53,1" doraHai="36" doraHaiUra="20" who="2" fromWho="2" sc="250,-20,327,-39,163,89,250,-20" /><INIT seed="2,0,0,4,5,103" ten="230,288,252,230" oya="2" hai0="63,51,12,120,9,17,61,60,25,113,77,76,108" hai1="110,23,79,84,105,46,0,52,80,94,53,72,24" hai2="130,67,112,75,1,133,5,107,26,73,18,126,29" hai3="97,102,34,4,37,22,119,64,86,88,27,39,30"/><V49/><F112/><W135/><G119/><T70/><D113/><U99/><E0/><V35/><F130/><W128/><G128/><T11/><D70/><U117/><E117/><V10/><F126/><W71/><G4/><T109/><D120/><U41/><E110/><N who="0" m="42601" /><D51/><U129/><E72/><V31/><F133/><W101/><G101/><T28/><D11/><U33/><E33/><AGARI ba="0,0" hai="9,12,17,25,28,33,60,61,63,76,77" m="42601" machi="33" ten="30,1000,0" yaku="14,1" doraHai="103" who="0" fromWho="1" sc="230,10,288,-10,252,0,230,0" /><INIT seed="3,0,0,0,3,54" ten="240,278,252,230" oya="3" hai0="127,69,9,42,15,0,121,53,37,64,109,11,20" hai1="39,19,3,27,24,110,87,81,88,23,43,115,96" hai2="120,52,26,55,14,77,95,4,36,49,112,91,113" hai3="17,47,58,103,57,12,48,114,102,50,124,108,97"/><W29/><G114/><T90/><D121/><U78/><E115/><V100/><F120/><W125/><G29/><T62/><D127/><N who="3" m="48713" /><G108/><T41/><D109/><U65/><E3/><V2/><F2/><W133/><G133/><T73/><D73/><U131/><E110/><V128/><F128/><W59/><G47/><T56/><D0/><U70/><E131/><V34/><F36/><W105/><G102/><T118/><D118/><U32/><E39/><V31/><F100/><W130/><G130/><T6/><D11/><AGARI ba="0,0" hai="11,12,17,48,50,57,58,59,97,103,105" m="48713" machi="11" ten="30,11600,0" yaku="18,1,52,3" doraHai="54" who="3" fromWho="0" sc="240,-116,278,0,252,0,230,116" /><INIT seed="3,1,0,5,4,75" ten="124,278,252,346" oya="3" hai0="82,110,124,116,122,80,113,134,84,74,126,100,11" hai1="79,115,104,135,96,88,22,15,93,98,34,61,67" hai2="46,0,4,89,10,83,6,60,2,117,131,8,86" hai3="77,35,39,70,65,19,81,49,109,29,118,31,92"/><W108/><G39/><T99/><D11/><U37/><E115/><V9/><F131/><W71/><G118/><T45/><D45/><U133/><E34/><V43/><F117/><W120/><G120/><T42/><D42/><U47/><E37/><V58/><F10/><W107/><G107/><T24/><D24/><U85/><E47/><V51/><F58/><W69/><G65/><T94/><D110/><N who="3" m="42601" /><G35/><T3/><D3/><U16/><E104/><V59/><F59/><W97/><G49/><T21/><D21/><U32/><E32/><V106/><F106/><W12/><G12/><T55/><D113/><U119/><E119/><V128/><F128/><W14/><G14/><T57/><D122/><U101/><E79/><V26/><F60/><W66/><G19/><T41/><D41/><U78/><E78/><V72/><F72/><N who="3" m="43175" /><G66/><T53/><D116/><U54/><E54/><V63/><F63/><W1/><G1/><T7/><D55/><U56/><REACH who="1" step="1"/><E101/><AGARI ba="1,0" hai="29,31,69,70,71,92,97,101" m="43175,42601" machi="101" ten="40,7700,0" yaku="14,1,10,1,52,1" doraHai="75" who="3" fromWho="1" sc="124,0,278,-80,252,0,346,80" /><INIT seed="3,2,0,0,3,134" ten="124,198,252,426" oya="3" hai0="111,116,71,82,108,67,68,88,23,13,128,84,117" hai1="42,66,96,90,77,25,118,132,46,11,39,113,98" hai2="75,83,31,80,127,17,62,119,70,12,5,15,51" hai3="49,99,105,40,97,38,130,28,95,52,121,16,101"/><W63/><G121/><T2/><D2/><U109/><E113/><V58/><F119/><N who="0" m="45642" /><D67/><U85/><E118/><V35/><F35/><W86/><G28/><T104/><D104/><U57/><E132/><V9/><F31/><W133/><G130/><T34/><D34/><U120/><E120/><V0/><F0/><W61/><G40/><T32/><D32/><U76/><E109/><N who="0" m="42057" /><D128/><U114/><E114/><V122/><F122/><W106/><G38/><T30/><D13/><U107/><E25/><AGARI ba="2,0" hai="23,25,30,68,71,82,84,88" m="42057,45642" machi="25" ten="30,2000,0" yaku="14,1,54,1" doraHai="134" who="0" fromWho="1" sc="124,26,198,-26,252,0,426,0" /><INIT seed="4,0,0,5,0,125" ten="150,172,252,426" oya="0" hai0="2,11,67,29,112,18,73,15,64,84,134,49,38" hai1="33,21,102,7,131,62,117,70,46,22,115,78,120" hai2="23,95,50,86,6,9,75,0,129,89,85,63,100" hai3="17,34,1,3,130,111,30,28,79,76,51,8,124"/><T48/><D73/><U72/><E117/><V110/><F110/><W118/><G111/><T52/><D38/><U35/><E120/><V103/><F75/><W41/><G41/><T4/><D134/><U71/><E7/><V106/><F129/><W128/><G118/><T19/><D112/><U93/><E46/><V127/><F127/><W57/><G124/><T42/><D29/><N who="3" m="11369" /><G34/><T25/><D2/><U60/><E72/><V83/><F106/><W96/><G96/><T65/><D25/><U37/><E93/><V68/><F23/><W32/><G32/><T10/><D11/><U31/><E31/><V101/><F50/><W82/><G17/><T105/><D105/><U91/><E91/><V97/><F83/><W116/><G8/><T109/><D109/><U43/><E43/><V14/><F0/><W104/><G104/><T108/><D108/><U69/><E69/><V87/><F68/><W58/><G57/><N who="0" m="32911" /><D84/><U45/><E37/><V99/><F99/><W133/><G79/><T39/><D39/><U26/><E78/><V98/><F98/><W56/><G116/><T77/><D77/><U80/><E33/><V126/><F126/><W13/><G133/><T36/><D36/><U121/><E35/><V40/><F40/><W12/><G3/><T55/><D42/><U44/><E70/><V123/><F123/><W88/><G1/><T66/><N who="0" m="16384" /><DORA hai="132" /><T24/><D24/><U27/><E71/><V74/><F74/><W5/><G76/><T59/><AGARI ba="0,0" hai="4,10,15,18,19,48,55,59" m="16384,32911" machi="59" ten="40,3900,0" yaku="8,1,54,1" doraHai="125,132" who="0" fromWho="0" sc="150,39,172,-13,252,-13,426,-13" /><INIT seed="4,1,0,5,5,38" ten="189,159,239,413" oya="0" hai0="79,74,14,0,40,112,125,82,19,94,78,15,5" hai1="120,96,8,71,45,132,64,93,3,91,75,41,69" hai2="70,110,6,32,80,23,51,34,52,115,129,108,30" hai3="33,55,10,114,24,27,73,113,107,12,86,97,25"/><T106/><D106/><U66/><E120/><V77/><F115/><N who="3" m="44043" /><G73/><T61/><D112/><U117/><E75/><V133/><F70/><W21/><G86/><T95/><D0/><U35/><E35/><V135/><F6/><N who="3" m="3159" /><G55/><T83/><D125/><U36/><E132/><N who="2" m="50763" /><F23/><W131/><G131/><T87/><D5/><U18/><E117/><V105/><F105/><W76/><G76/><T134/><D134/><U47/><E47/><N who="2" m="27775" /><F129/><W102/><G33/><N who="2" m="12905" /><F30/><AGARI ba="1,0" hai="21,24,25,27,30,97,102,107" m="3159,44043" machi="30" ten="30,1000,0" yaku="15,1" doraHai="38" who="3" fromWho="2" sc="189,0,159,0,239,-13,413,13" /><INIT seed="5,0,0,1,3,18" ten="189,159,226,426" oya="1" hai0="95,24,103,7,57,130,126,75,39,25,13,30,20" hai1="38,62,17,34,113,71,78,111,108,66,122,60,115" hai2="76,88,51,106,114,85,109,119,68,19,112,82,64" hai3="54,72,35,6,41,59,37,89,3,67,80,70,100"/><U8/><E34/><V105/><F109/><N who="1" m="42057" /><E78/><V26/><F119/><W124/><G100/><T0/><D39/><U9/><E122/><V33/><F68/><W120/><G35/><T32/><D75/><U43/><E17/><V58/><F33/><W87/><G72/><T52/><D126/><U77/><E77/><V49/><F105/><W42/><G124/><T99/><D130/><U5/><E5/><V28/><F106/><W65/><G70/><T135/><D135/><U81/><E81/><V102/><F102/><W90/><G120/><T29/><D0/><U12/><E12/><V47/><F19/><W104/><G6/><T55/><REACH who="0" step="1"/><D57/><REACH who="0" ten="179,159,226,426" step="2"/><N who="1" m="37135" /><E8/><AGARI ba="0,1" hai="7,8,13,20,24,25,29,30,32,52,55,95,99,103" machi="8" ten="40,8000,1" yaku="1,1,52,1,54,1,53,2" doraHai="18" doraHaiUra="50" who="0" fromWho="1" sc="179,90,159,-80,226,0,426,0" /><INIT seed="6,0,0,1,1,72" ten="269,79,226,426" oya="2" hai0="38,135,45,24,108,44,20,32,10,123,103,119,91" hai1="12,81,74,33,133,15,78,1,104,7,0,29,115" hai2="99,2,3,57,109,96,77,25,69,80,70,76,132" hai3="131,63,55,17,110,82,121,43,92,52,59,11,89"/><V5/><F132/><W95/><G121/><T85/><D32/><U114/><E133/><V42/><F42/><W90/><G110/><T28/><D108/><U39/><E12/><V101/><F109/><W41/><G131/><T23/><D103/><U126/><E15/><V102/><F80/><W48/><G82/><T27/><D38/><U68/><E104/><V58/><F25/><W75/><G75/><T61/><D119/><U112/><E39/><V13/><F13/><N who="3" m="7359" /><G90/><T125/><D125/><U37/><E37/><V84/><F84/><N who="3" m="52263" /><G95/><T8/><D123/><U9/><E68/><V118/><REACH who="2" step="1"/><F5/><REACH who="2" ten="269,79,216,426" step="2"/><W73/><G73/><T62/><D135/><U105/><E0/><V98/><F98/><W64/><G43/><T47/><D85/><U83/><E83/><V16/><F16/><W53/><G41/><T128/><D27/><N who="1" m="18623" /><E105/><V107/><F107/><W65/><G65/><T49/><D24/><U50/><E50/><AGARI ba="0,1" hai="48,50,52,53,55,59,63,64" m="52263,7359" machi="50" ten="30,2000,0" yaku="8,1,54,1" doraHai="72" who="3" fromWho="1" sc="269,0,79,-20,216,0,426,30" /><INIT seed="7,0,0,2,1,113" ten="269,59,216,456" oya="3" hai0="21,37,34,107,122,125,4,135,60,30,31,41,8" hai1="29,118,121,106,123,78,133,109,36,1,93,16,59" hai2="63,55,42,73,50,72,58,129,111,114,115,26,94" hai3="131,20,108,17,22,45,80,33,39,46,48,69,54"/><W24/><G33/><T70/><D41/><U52/><E106/><V96/><F111/><W76/><G69/><T116/><D60/><U120/><E1/><V62/><F129/><W5/><G5/><T112/><D37/><U65/><E29/><V83/><F26/><W14/><G131/><T32/><D70/><U88/><E109/><V64/><F42/><W97/><G97/><T13/><D112/><N who="2" m="43050" /><F83/><W53/><G108/><T25/><D122/><U124/><E36/><V6/><F6/><W71/><G71/><T104/><D107/><U117/><E78/><V89/><F63/><W132/><G132/><T10/><D104/><U79/><E79/><V95/><F94/><W105/><G105/><T11/><D125/><U12/><E65/><V38/><F38/><W85/><G39/><T119/><D135/><U7/><E7/><V77/><F77/><W127/><G127/><T81/><D81/><U101/><E101/><V2/><F2/><W87/><G87/><T66/><D66/><U92/><E133/><V27/><F27/><W15/><G22/><T74/><D74/><U86/><E92/><V9/><F9/><N who="0" m="3690" /><D31/><U44/><E124/><V43/><F43/><W110/><G110/><T134/><D134/><U51/><E44/><AGARI ba="0,0" hai="44,50,55,58,62,64,72,73,89,95,96" m="43050" machi="44" ten="30,1000,0" yaku="15,1" doraHai="113" who="2" fromWho="1" sc="269,0,59,-10,216,10,456,0" owari="269,6.9,49,-45.1,226,-17.4,456,55.6" /></mjloggm>